|j|☆raksbach
|j|☆HikariRock
|html|raksbachHikariRock    
|uhtml|bestof|Game 2 of a best-of-3
|t:|1783688599
|gametype|doubles
|player|p1|raksbach|169|1168
|player|p2|HikariRock|riley|1284
|gen|9
|tier|[Gen 9 Champions] VGC 2026 Reg M-B (Bo3)
|rated|
|rule|Species Clause: Limit one of each Pokémon
|rule|Item Clause: Limit 1 of each item
|clearpoke
|poke|p1|Incineroar, L50, F|
|poke|p1|Maushold, L50|
|poke|p1|Sinistcha, L50|
|poke|p1|Sneasler, L50, M|
|poke|p1|Blastoise, L50, F|
|poke|p1|Delphox, L50, M|
|poke|p2|Tyranitar, L50, M|
|poke|p2|Excadrill, L50, F|
|poke|p2|Staraptor, L50, M|
|poke|p2|Sylveon, L50, M|
|poke|p2|Sinistcha, L50|
|poke|p2|Rotom-Wash, L50|
|teampreview|4
|showteam|p1|Incineroar||SitrusBerry|Intimidate|FakeOut,FlareBlitz,DarkestLariat,PartingShot|Impish||F|||50|]Maushold||ChopleBerry|FriendGuard|SuperFang,FollowMe,Protect,Feint|Impish|||||50|]Sinistcha||OccaBerry|Hospitality|MatchaGotcha,LifeDew,RagePowder,Protect|Bold|||||50|]Sneasler||FocusSash|PoisonTouch|FakeOut,CloseCombat,DireClaw,QuickGuard|Jolly||M|||50|]Blastoise||Blastoisinite|Torrent|WaterSpout,DarkPulse,ShellSmash,Protect|Modest||F|||50|]Delphox||Delphoxite|Blaze|HeatWave,Psychic,NastyPlot,Protect|Timid||M|||50|
|showteam|p2|Tyranitar||Tyranitarite|SandStream|RockSlide,KnockOff,LowKick,Protect|Adamant||M|||50|]Excadrill||FocusSash|SandRush|Earthquake,IronHead,RockSlide,Protect|Adamant||F|||50|]Staraptor||Staraptite|Intimidate|BraveBird,CloseCombat,Tailwind,Protect|Jolly||M|||50|]Sylveon||LifeOrb|Pixilate|HyperBeam,HyperVoice,Yawn,Detect|Modest||M|||50|]Sinistcha||ColburBerry|Hospitality|MatchaGotcha,TrickRoom,Protect,RagePowder|Bold|||||50|]Rotom-Wash||SitrusBerry|Levitate|HydroPump,Thunderbolt,WillOWisp,Protect|Modest|||||50|
|inactive|Battle timer is ON: inactive players will automatically lose when time's up. (requested by raksbach)
|
|t:|1783688628
|teamsize|p1|4
|teamsize|p2|4
|start
|switch|p1a: Delphox|Delphox, L50, M|100/100
|switch|p1b: Maushold|Maushold, L50|100/100
|switch|p2a: Excadrill|Excadrill, L50, F|100/100
|switch|p2b: Tyranitar|Tyranitar, L50, M|100/100
|-weather|Sandstorm|[from] ability: Sand Stream|[of] p2b: Tyranitar
|turn|1
|
|t:|1783688646
|detailschange|p2b: Tyranitar|Tyranitar-Mega, L50, M
|-mega|p2b: Tyranitar|Tyranitar|Tyranitarite
|move|p1a: Delphox|Protect|p1a: Delphox
|-singleturn|p1a: Delphox|Protect
|move|p2a: Excadrill|Rock Slide|p1b: Maushold|[spread] p1b
|-activate|p1a: Delphox|move: Protect
|-damage|p1b: Maushold|77/100
|move|p1b: Maushold|Super Fang|p2a: Excadrill|[miss]
|-miss|p1b: Maushold|p2a: Excadrill
|move|p2b: Tyranitar|Rock Slide|p1b: Maushold|[spread] 
|-activate|p1a: Delphox|move: Protect
|-miss|p2b: Tyranitar|p1b: Maushold
|
|-weather|Sandstorm|[upkeep]
|-damage|p1a: Delphox|93/100|[from] Sandstorm
|-damage|p1b: Maushold|71/100|[from] Sandstorm
|upkeep
|turn|2
|
|t:|1783688667
|switch|p1a: Sinistcha|Sinistcha, L50|100/100
|-heal|p1b: Maushold|96/100|[from] ability: Hospitality|[of] p1a: Sinistcha
|move|p2a: Excadrill|Rock Slide|p1b: Maushold|[spread] 
|-miss|p2a: Excadrill|p1a: Sinistcha
|-miss|p2a: Excadrill|p1b: Maushold
|move|p1b: Maushold|Super Fang|p2a: Excadrill
|-damage|p2a: Excadrill|50/100g
|move|p2b: Tyranitar|Rock Slide|p1a: Sinistcha|[spread] p1a,p1b
|-damage|p1a: Sinistcha|75/100
|-damage|p1b: Maushold|61/100
|
|-weather|Sandstorm|[upkeep]
|-damage|p1b: Maushold|55/100|[from] Sandstorm
|-damage|p1a: Sinistcha|69/100|[from] Sandstorm
|upkeep
|turn|3
|
|t:|1783688690
|switch|p2a: Sinistcha|Sinistcha, L50|100/100
|move|p1b: Maushold|Protect|p1b: Maushold
|-singleturn|p1b: Maushold|Protect
|move|p2b: Tyranitar|Knock Off|p1a: Sinistcha
|-supereffective|p1a: Sinistcha|1
|-damage|p1a: Sinistcha|0 fnt
|-enditem|p1a: Sinistcha|Occa Berry|[from] move: Knock Off|[of] p2b: Tyranitar
|faint|p1a: Sinistcha
|
|-weather|Sandstorm|[upkeep]
|-damage|p1b: Maushold|49/100|[from] Sandstorm
|-damage|p2a: Sinistcha|93/100|[from] Sandstorm
|upkeep
|
|t:|1783688701
|switch|p1a: Sneasler|Sneasler, L50, M|100/100
|turn|4
|
|t:|1783688714
|switch|p2b: Rotom|Rotom-Wash, L50|100/100
|move|p1b: Maushold|Follow Me|p1b: Maushold
|-singleturn|p1b: Maushold|move: Follow Me
|move|p1a: Sneasler|Close Combat|p2b: Rotom
|-damage|p2b: Rotom|35/100
|-unboost|p1a: Sneasler|def|1
|-unboost|p1a: Sneasler|spd|1
|-enditem|p2b: Rotom|Sitrus Berry|[eat]
|-heal|p2b: Rotom|60/100|[from] item: Sitrus Berry
|move|p2a: Sinistcha|Trick Room|p2a: Sinistcha
|-fieldstart|move: Trick Room|[of] p2a: Sinistcha
|
|-weather|Sandstorm|[upkeep]
|-damage|p2a: Sinistcha|87/100|[from] Sandstorm
|-damage|p2b: Rotom|55/100|[from] Sandstorm
|-damage|p1b: Maushold|43/100|[from] Sandstorm
|-damage|p1a: Sneasler|94/100|[from] Sandstorm
|upkeep
|turn|5
|
|t:|1783688734
|switch|p1a: Delphox|Delphox, L50, M|93/100
|move|p1b: Maushold|Follow Me|p1b: Maushold
|-singleturn|p1b: Maushold|move: Follow Me
|move|p2a: Sinistcha|Matcha Gotcha|p1a: Delphox|[spread] p1b
|-miss|p2a: Sinistcha|p1a: Delphox
|-damage|p1b: Maushold|18/100
|-heal|p2a: Sinistcha|100/100|[from] drain|[of] p1b: Maushold
|move|p2b: Rotom|Hydro Pump|p1b: Maushold|[miss]
|-miss|p2b: Rotom|p1b: Maushold
|
|-weather|none
|upkeep
|turn|6
|
|t:|1783688755
|detailschange|p1a: Delphox|Delphox-Mega, L50, M
|-mega|p1a: Delphox|Delphox|Delphoxite
|move|p1b: Maushold|Follow Me|p1b: Maushold
|-singleturn|p1b: Maushold|move: Follow Me
|move|p2a: Sinistcha|Matcha Gotcha|p1b: Maushold|[spread] p1a,p1b
|-resisted|p1a: Delphox|1
|-damage|p1a: Delphox|86/100
|-damage|p1b: Maushold|0 fnt
|faint|p1b: Maushold
|move|p2b: Rotom|Hydro Pump|p1a: Delphox
|-supereffective|p1a: Delphox|1
|-damage|p1a: Delphox|0 fnt
|faint|p1a: Delphox
|
|upkeep
|-message|raksbach forfeited.
|
|win|HikariRock
|raw|raksbach's rating: 1168 → 1151(-17 for losing)
|raw|HikariRock's rating: 1284 → 1301(+17 for winning)
