|j|☆fralb14
|j|☆GryffindorAle
|html|fralb14GryffindorAle    
|uhtml|bestof|Game 1 of a best-of-3
|t:|1756296691
|gametype|doubles
|player|p1|fralb14|2|1180
|player|p2|GryffindorAle|steven|1213
|gen|9
|tier|[Gen 9] VGC 2025 Reg H (Bo3)
|rated|
|rule|Species Clause: Limit one of each Pokémon
|rule|Item Clause: Limit 1 of each item
|clearpoke
|poke|p1|Gholdengo, L50|
|poke|p1|Pelipper, L50, F|
|poke|p1|Archaludon, L50, M|
|poke|p1|Sinistcha, L50|
|poke|p1|Ursaluna, L50, F|
|poke|p1|Dragonite, L50, M|
|poke|p2|Archaludon, L50, F|
|poke|p2|Basculegion, L50, M|
|poke|p2|Sneasler, L50, M|
|poke|p2|Rillaboom, L50, M|
|poke|p2|Politoed, L50, M|
|poke|p2|Incineroar, L50, M|
|teampreview|4
|showteam|p1|Gholdengo||ChoiceScarf|GoodasGold|MakeItRain,ShadowBall,Trick,Protect||||||50|,,,,,Flying]Pelipper||FocusSash|Drizzle|WeatherBall,Hurricane,Tailwind,Protect|||F|||50|,,,,,Ghost]Archaludon||AssaultVest|Stamina|ElectroShot,FlashCannon,BodyPress,Snarl|||M|||50|,,,,,Fighting]Sinistcha||SitrusBerry|Hospitality|MatchaGotcha,LifeDew,RagePowder,TrickRoom||||||50|,,,,,Dark]Ursaluna||FlameOrb|Guts|HeadlongRush,Earthquake,Facade,Protect|||F|||50|,,,,,Ghost]Dragonite||LoadedDice|Multiscale|ScaleShot,Haze,Tailwind,Protect|||M|||50|,,,,,Fairy
|showteam|p2|Archaludon||AssaultVest|Stamina|ElectroShot,DragonPulse,Snarl,BodyPress|||F|||50|,,,,,Bug]Basculegion||ChoiceBand|SwiftSwim|WaveCrash,LastRespects,AquaJet,FlipTurn|||M|||50|,,,,,Grass]Sneasler||GrassySeed|Unburden|CloseCombat,DireClaw,ThroatChop,Protect|||M|||50|,,,,,Dark]Rillaboom||LoadedDice|GrassySurge|GrassyGlide,FakeOut,BulletSeed,Uturn|||M|||50|,,,,,Fire]Politoed||SitrusBerry|Drizzle|WeatherBall,IceBeam,Haze,Protect|||M|||50|,,,,,Dragon]Incineroar||SafetyGoggles|Intimidate|Taunt,FakeOut,PartingShot,KnockOff|||M|||50|,,,,,Ghost
|inactive|Battle timer is ON: inactive players will automatically lose when time's up. (requested by fralb14)
|inactive|fralb14 has 60 seconds left.
|inactive|GryffindorAle has 60 seconds left.
|inactive|fralb14 has 30 seconds left.
|inactive|GryffindorAle has 30 seconds left.
|inactive|fralb14 has 20 seconds left.
|inactive|fralb14 has 15 seconds left.
|inactive|fralb14 has 10 seconds left.
|
|t:|1756296774
|teamsize|p1|4
|teamsize|p2|4
|start
|switch|p1a: Ursaluna|Ursaluna, L50, F|100/100
|switch|p1b: Dragonite|Dragonite, L50, M|100/100
|switch|p2a: Basculegion|Basculegion, L50, M|100/100
|switch|p2b: Archaludon|Archaludon, L50, F|100/100
|turn|1
|inactive|GryffindorAle has 30 seconds left.
|inactive|GryffindorAle has 20 seconds left.
|inactive|GryffindorAle has 15 seconds left.
|inactive|GryffindorAle has 10 seconds left.
|
|t:|1756296824
|switch|p2b: Politoed|Politoed, L50, M|100/100
|-weather|RainDance|[from] ability: Drizzle|[of] p2b: Politoed
|switch|p1a: Archaludon|Archaludon, L50, M|100/100
|move|p2a: Basculegion|Wave Crash|p1a: Archaludon
|-resisted|p1a: Archaludon
|-damage|p1a: Archaludon|62/100
|-ability|p1a: Archaludon|Stamina|boost
|-boost|p1a: Archaludon|def|1
|-damage|p2a: Basculegion|88/100|[from] Recoil
|move|p1b: Dragonite|Tailwind|p1b: Dragonite
|-sidestart|p1: fralb14|move: Tailwind
|
|-weather|RainDance|[upkeep]
|upkeep
|turn|2
|l|☆fralb14
|inactive|fralb14 disconnected and has a minute to reconnect!
|player|p1|
|inactive|fralb14 has 30 seconds left.
|inactive|GryffindorAle has 30 seconds left.
|inactive|fralb14 has 20 seconds left.
|j|☆fralb14
|inactive|fralb14 reconnected and has 20 seconds left.
|player|p1|fralb14|2|
|inactive|fralb14 has 15 seconds left.
|inactive|fralb14 has 10 seconds left.
|inactive|fralb14 has 5 seconds left.
|
|t:|1756296875
|switch|p2a: Archaludon|Archaludon, L50, F|100/100
|move|p2b: Politoed|Protect|p2b: Politoed
|-singleturn|p2b: Politoed|Protect
|move|p1b: Dragonite|Scale Shot|p2a: Archaludon
|-damage|p2a: Archaludon|89/100
|-ability|p2a: Archaludon|Stamina|boost
|-boost|p2a: Archaludon|def|1
|-damage|p2a: Archaludon|82/100
|-ability|p2a: Archaludon|Stamina|boost
|-boost|p2a: Archaludon|def|1
|-damage|p2a: Archaludon|77/100
|-ability|p2a: Archaludon|Stamina|boost
|-boost|p2a: Archaludon|def|1
|-damage|p2a: Archaludon|71/100
|-ability|p2a: Archaludon|Stamina|boost
|-boost|p2a: Archaludon|def|1
|-damage|p2a: Archaludon|68/100
|-ability|p2a: Archaludon|Stamina|boost
|-boost|p2a: Archaludon|def|1
|-hitcount|p2a: Archaludon|5
|-unboost|p1b: Dragonite|def|1
|-boost|p1b: Dragonite|spe|1
|move|p1a: Archaludon|Electro Shot||[still]
|-prepare|p1a: Archaludon|Electro Shot
|-boost|p1a: Archaludon|spa|1
|-anim|p1a: Archaludon|Electro Shot|p2b: Politoed
|-activate|p2b: Politoed|move: Protect
|
|-weather|RainDance|[upkeep]
|upkeep
|turn|3
|inactive|fralb14 has 30 seconds left.
|inactive|GryffindorAle has 30 seconds left.
|inactive|fralb14 has 20 seconds left.
|inactive|fralb14 has 15 seconds left.
|inactive|fralb14 has 10 seconds left.
|inactive|fralb14 has 5 seconds left.
|
|t:|1756296925
|-terastallize|p2a: Archaludon|Bug
|move|p1b: Dragonite|Haze|p1b: Dragonite
|-clearallboost
|move|p1a: Archaludon|Body Press|p2a: Archaludon
|-resisted|p2a: Archaludon
|-damage|p2a: Archaludon|59/100
|-ability|p2a: Archaludon|Stamina|boost
|-boost|p2a: Archaludon|def|1
|move|p2b: Politoed|Ice Beam|p1b: Dragonite
|-supereffective|p1b: Dragonite
|-damage|p1b: Dragonite|61/100
|move|p2a: Archaludon|Body Press|p1a: Archaludon
|-supereffective|p1a: Archaludon
|-damage|p1a: Archaludon|16/100
|-ability|p1a: Archaludon|Stamina|boost
|-boost|p1a: Archaludon|def|1
|
|-weather|RainDance|[upkeep]
|upkeep
|turn|4
|inactive|fralb14 has 30 seconds left.
|
|t:|1756296952
|move|p2b: Politoed|Protect|p2b: Politoed
|-singleturn|p2b: Politoed|Protect
|move|p1b: Dragonite|Haze|p1b: Dragonite
|-clearallboost
|move|p1a: Archaludon|Electro Shot||[still]
|-prepare|p1a: Archaludon|Electro Shot
|-boost|p1a: Archaludon|spa|1
|-anim|p1a: Archaludon|Electro Shot|p2b: Politoed
|-activate|p2b: Politoed|move: Protect
|move|p2a: Archaludon|Body Press|p1a: Archaludon
|-supereffective|p1a: Archaludon
|-damage|p1a: Archaludon|0 fnt
|faint|p1a: Archaludon
|
|-weather|RainDance|[upkeep]
|-sideend|p1: fralb14|move: Tailwind
|upkeep
|
|t:|1756296973
|switch|p1a: Ursaluna|Ursaluna, L50, F|100/100
|turn|5
|
|t:|1756296984
|move|p1a: Ursaluna|Protect|p1a: Ursaluna
|-singleturn|p1a: Ursaluna|Protect
|move|p1b: Dragonite|Scale Shot|p2b: Politoed
|-damage|p2b: Politoed|86/100
|-damage|p2b: Politoed|72/100
|-damage|p2b: Politoed|58/100
|-damage|p2b: Politoed|44/100
|-enditem|p2b: Politoed|Sitrus Berry|[eat]
|-heal|p2b: Politoed|69/100|[from] item: Sitrus Berry
|-damage|p2b: Politoed|56/100
|-hitcount|p2b: Politoed|5
|-unboost|p1b: Dragonite|def|1
|-boost|p1b: Dragonite|spe|1
|move|p2b: Politoed|Weather Ball|p1a: Ursaluna
|-activate|p1a: Ursaluna|move: Protect
|move|p2a: Archaludon|Electro Shot||[still]
|-prepare|p2a: Archaludon|Electro Shot
|-boost|p2a: Archaludon|spa|1
|-anim|p2a: Archaludon|Electro Shot|p1b: Dragonite
|-damage|p1b: Dragonite|0 fnt
|faint|p1b: Dragonite
|
|-weather|none
|-status|p1a: Ursaluna|brn|[from] item: Flame Orb
|upkeep
|inactive|fralb14 has 30 seconds left.
|
|t:|1756297010
|switch|p1b: Sinistcha|Sinistcha, L50|100/100
|turn|6
|inactive|fralb14 has 30 seconds left.
|inactive|fralb14 has 20 seconds left.
|
|t:|1756297048
|-terastallize|p1a: Ursaluna|Ghost
|move|p2b: Politoed|Ice Beam|p1a: Ursaluna
|-damage|p1a: Ursaluna|80/100 brn
|move|p2a: Archaludon|Snarl|p1a: Ursaluna|[spread] p1a,p1b
|-supereffective|p1a: Ursaluna
|-supereffective|p1b: Sinistcha
|-damage|p1a: Ursaluna|36/100 brn
|-damage|p1b: Sinistcha|61/100
|-unboost|p1a: Ursaluna|spa|1
|-unboost|p1b: Sinistcha|spa|1
|move|p1a: Ursaluna|Facade|p2b: Politoed
|-crit|p2b: Politoed
|-damage|p2b: Politoed|0 fnt
|faint|p2b: Politoed
|move|p1b: Sinistcha|Trick Room|p1b: Sinistcha
|-fieldstart|move: Trick Room|[of] p1b: Sinistcha
|
|-damage|p1a: Ursaluna|30/100 brn|[from] brn
|upkeep
|
|t:|1756297066
|switch|p2b: Rillaboom|Rillaboom, L50, M|100/100
|-fieldstart|move: Grassy Terrain|[from] ability: Grassy Surge|[of] p2b: Rillaboom
|turn|7
|
|t:|1756297086
|move|p1a: Ursaluna|Protect|p1a: Ursaluna
|-singleturn|p1a: Ursaluna|Protect
|move|p2b: Rillaboom|Grassy Glide|p1a: Ursaluna
|-activate|p1a: Ursaluna|move: Protect
|move|p1b: Sinistcha|Life Dew|p1b: Sinistcha|[spread] p1a,p1b
|-heal|p1a: Ursaluna|56/100 brn
|-heal|p1b: Sinistcha|86/100
|move|p2a: Archaludon|Dragon Pulse|p1b: Sinistcha
|-damage|p1b: Sinistcha|27/100
|-enditem|p1b: Sinistcha|Sitrus Berry|[eat]
|-heal|p1b: Sinistcha|52/100|[from] item: Sitrus Berry
|
|-heal|p1b: Sinistcha|58/100|[from] Grassy Terrain
|-heal|p1a: Ursaluna|61/100 brn|[from] Grassy Terrain
|-heal|p2a: Archaludon|65/100|[from] Grassy Terrain
|-damage|p1a: Ursaluna|56/100 brn|[from] brn
|upkeep
|turn|8
|inactive|fralb14 has 30 seconds left.
|inactive|GryffindorAle has 30 seconds left.
|
|t:|1756297112
|move|p2b: Rillaboom|Grassy Glide|p1a: Ursaluna
|-damage|p1a: Ursaluna|22/100 brn
|move|p1b: Sinistcha|Life Dew|p1b: Sinistcha|[spread] p1a,p1b
|-heal|p1a: Ursaluna|47/100 brn
|-heal|p1b: Sinistcha|84/100
|move|p1a: Ursaluna|Facade|p2a: Archaludon
|-damage|p2a: Archaludon|0 fnt
|faint|p2a: Archaludon
|
|-heal|p1b: Sinistcha|90/100|[from] Grassy Terrain
|-heal|p1a: Ursaluna|53/100 brn|[from] Grassy Terrain
|-damage|p1a: Ursaluna|47/100 brn|[from] brn
|upkeep
|
|t:|1756297125
|switch|p2a: Basculegion|Basculegion, L50, M|88/100
|turn|9
|
|t:|1756297145
|move|p1a: Ursaluna|Protect|p1a: Ursaluna
|-singleturn|p1a: Ursaluna|Protect
|move|p1b: Sinistcha|Matcha Gotcha|p2a: Basculegion|[spread] p2b
|-miss|p1b: Sinistcha|p2a: Basculegion
|-resisted|p2b: Rillaboom
|-damage|p2b: Rillaboom|90/100
|-heal|p1b: Sinistcha|96/100|[from] drain|[of] p2b: Rillaboom
|move|p2b: Rillaboom|Bullet Seed|p1a: Ursaluna
|-activate|p1a: Ursaluna|move: Protect
|move|p2a: Basculegion|Last Respects|p1a: Ursaluna
|-activate|p1a: Ursaluna|move: Protect
|
|-heal|p1b: Sinistcha|100/100|[from] Grassy Terrain
|-heal|p1a: Ursaluna|53/100 brn|[from] Grassy Terrain
|-heal|p2b: Rillaboom|96/100|[from] Grassy Terrain
|-heal|p2a: Basculegion|94/100|[from] Grassy Terrain
|-damage|p1a: Ursaluna|47/100 brn|[from] brn
|upkeep
|turn|10
|inactive|fralb14 has 30 seconds left.
|inactive|fralb14 has 20 seconds left.
|inactive|fralb14 has 15 seconds left.
|
|t:|1756297185
|move|p1b: Sinistcha|Matcha Gotcha|p2b: Rillaboom|[spread] p2b
|-miss|p1b: Sinistcha|p2a: Basculegion
|-resisted|p2b: Rillaboom
|-damage|p2b: Rillaboom|84/100
|move|p1a: Ursaluna|Facade|p2b: Rillaboom
|-damage|p2b: Rillaboom|0 fnt
|faint|p2b: Rillaboom
|move|p2a: Basculegion|Last Respects|p1a: Ursaluna
|-supereffective|p1a: Ursaluna
|-damage|p1a: Ursaluna|0 fnt
|faint|p1a: Ursaluna
|
|-heal|p2a: Basculegion|99/100|[from] Grassy Terrain
|-fieldend|move: Trick Room
|upkeep
|turn|11
|
|t:|1756297203
|move|p2a: Basculegion|Last Respects|p1b: Sinistcha
|-supereffective|p1b: Sinistcha
|-crit|p1b: Sinistcha
|-damage|p1b: Sinistcha|0 fnt
|faint|p1b: Sinistcha
|
|win|GryffindorAle
||GryffindorAle is ready for game 2.
||fralb14 is ready for game 2.
|uhtml|next|Next: Game 2 of 3
|l|☆GryffindorAle
|player|p2|
