|j|☆Mircat222
|j|☆Aizenora
|html|Mircat222Aizenora    
|uhtml|bestof|Game 1 of a best-of-3
|t:|1757678832
|gametype|doubles
|player|p1|Mircat222|veteran|1200
|player|p2|Aizenora|265|1308
|gen|9
|tier|[Gen 9] VGC 2025 Reg H (Bo3)
|rated|
|rule|Species Clause: Limit one of each Pokémon
|rule|Item Clause: Limit 1 of each item
|clearpoke
|poke|p1|Talonflame, L50, F|
|poke|p1|Amoonguss, L50, M|
|poke|p1|Garchomp, L50, F|
|poke|p1|Milotic, L50, M|
|poke|p1|Gholdengo, L50|
|poke|p1|Tyranitar, L50, F|
|poke|p2|Gholdengo, L50|
|poke|p2|Porygon2, L50|
|poke|p2|Incineroar, L50, F|
|poke|p2|Amoonguss, L50, F|
|poke|p2|Ursaluna, L50, M|
|poke|p2|Flamigo, L50, F|
|teampreview|4
|showteam|p1|Talonflame||CovertCloak|GaleWings|BraveBird,WillOWisp,Tailwind,Taunt|||F|||50|,,,,,Grass]Amoonguss||SitrusBerry|Regenerator|Spore,RagePowder,Protect,PollenPuff|||M|||50|,,,,,Water]Garchomp||LifeOrb|RoughSkin|Earthquake,DragonClaw,StompingTantrum,Protect|||F|||50|,,,,,Fairy]Milotic||SafetyGoggles|Competitive|Scald,IcyWind,Protect,MuddyWater|||M|||50|,,,,,Dragon]Gholdengo||ChoiceSpecs|GoodasGold|Thunderbolt,MakeItRain,PowerGem,ShadowBall||||||50|,,,,,Steel]Tyranitar||AssaultVest|SandStream|RockSlide,TeraBlast,KnockOff,LowKick|||F|||50|,,,,,Flying
|showteam|p2|Gholdengo||LifeOrb|GoodasGold|MakeItRain,ShadowBall,NastyPlot,Protect||||||50|,,,,,Dragon]Porygon2||Eviolite|Download|TeraBlast,IceBeam,Recover,TrickRoom||||||50|,,,,,Fighting]Incineroar||SafetyGoggles|Intimidate|KnockOff,FlareBlitz,FakeOut,PartingShot|||F|||50|,,,,,Ghost]Amoonguss||MentalHerb|Regenerator|Spore,SludgeBomb,RagePowder,Protect|||F|||50|,,,,,Water]Ursaluna||FlameOrb|Guts|Facade,HeadlongRush,Earthquake,Protect|||M|||50|,,,,,Normal]Flamigo||FocusSash|Scrappy|CloseCombat,DualWingbeat,WideGuard,Detect|||F|||50|,,,,,Ghost
|
|t:|1757678880
|teamsize|p1|4
|teamsize|p2|4
|start
|switch|p1a: Garchomp|Garchomp, L50, F|100/100
|switch|p1b: Talonflame|Talonflame, L50, F|100/100
|switch|p2a: Amoonguss|Amoonguss, L50, F|100/100
|switch|p2b: Porygon2|Porygon2, L50|100/100
|-ability|p2b: Porygon2|Download|boost
|-boost|p2b: Porygon2|spa|1
|turn|1
|
|t:|1757678918
|-terastallize|p1b: Talonflame|Grass
|move|p1a: Garchomp|Protect|p1a: Garchomp
|-singleturn|p1a: Garchomp|Protect
|move|p1b: Talonflame|Taunt|p2b: Porygon2
|-start|p2b: Porygon2|move: Taunt
|move|p2b: Porygon2|Ice Beam|p1a: Garchomp
|-activate|p1a: Garchomp|move: Protect
|move|p2a: Amoonguss|Spore|p1b: Talonflame
|-immune|p1b: Talonflame
|
|upkeep
|turn|2
|
|t:|1757678950
|switch|p1a: Tyranitar|Tyranitar, L50, F|100/100
|-weather|Sandstorm|[from] ability: Sand Stream|[of] p1a: Tyranitar
|-terastallize|p2a: Amoonguss|Water
|move|p1b: Talonflame|Taunt|p2a: Amoonguss
|-start|p2a: Amoonguss|move: Taunt
|-enditem|p2a: Amoonguss|Mental Herb
|-end|p2a: Amoonguss|move: Taunt
|move|p2b: Porygon2|Ice Beam|p1b: Talonflame
|-supereffective|p1b: Talonflame
|-damage|p1b: Talonflame|0 fnt
|faint|p1b: Talonflame
|move|p2a: Amoonguss|Spore|p1a: Tyranitar
|-status|p1a: Tyranitar|slp|[from] move: Spore
|
|-weather|Sandstorm|[upkeep]
|-damage|p2b: Porygon2|94/100|[from] Sandstorm
|-damage|p2a: Amoonguss|95/100|[from] Sandstorm
|upkeep
|
|t:|1757678971
|switch|p1b: Gholdengo|Gholdengo, L50|100/100
|turn|3
|
|t:|1757678989
|switch|p2b: Ursaluna|Ursaluna, L50, M, shiny|100/100
|switch|p2a: Incineroar|Incineroar, L50, F|100/100
|-ability|p2a: Incineroar|Intimidate|boost
|-unboost|p1a: Tyranitar|atk|1
|-unboost|p1b: Gholdengo|atk|1
|move|p1b: Gholdengo|Thunderbolt|p2a: Incineroar
|-damage|p2a: Incineroar|49/100
|cant|p1a: Tyranitar|slp
|
|-weather|Sandstorm|[upkeep]
|-status|p2b: Ursaluna|brn|[from] item: Flame Orb
|upkeep
|turn|4
|
|t:|1757679017
|switch|p1b: Garchomp|Garchomp, L50, F|100/100
|move|p2a: Incineroar|Fake Out|p1a: Tyranitar
|-resisted|p1a: Tyranitar
|-damage|p1a: Tyranitar|95/100 slp
|cant|p1a: Tyranitar|slp
|move|p2b: Ursaluna|Earthquake|p1b: Garchomp|[spread] p2a,p1a,p1b
|-supereffective|p2a: Incineroar
|-supereffective|p1a: Tyranitar
|-damage|p2a: Incineroar|0 fnt
|-damage|p1a: Tyranitar|0 fnt
|-damage|p1b: Garchomp|31/100
|faint|p2a: Incineroar
|faint|p1a: Tyranitar
|
|-weather|Sandstorm|[upkeep]
|-damage|p2b: Ursaluna|95/100 brn|[from] brn
|upkeep
|
|t:|1757679033
|switch|p2a: Porygon2|Porygon2, L50|94/100
|switch|p1a: Gholdengo|Gholdengo, L50|100/100
|-ability|p2a: Porygon2|Download|boost
|-boost|p2a: Porygon2|spa|1
|turn|5
|
|t:|1757679054
|move|p2b: Ursaluna|Protect|p2b: Ursaluna
|-singleturn|p2b: Ursaluna|Protect
|move|p1b: Garchomp|Dragon Claw|p2a: Porygon2
|-damage|p2a: Porygon2|64/100
|-damage|p1b: Garchomp|21/100|[from] item: Life Orb
|move|p1a: Gholdengo|Make It Rain|p2b: Ursaluna|[spread] p2a
|-activate|p2b: Ursaluna|move: Protect
|-damage|p2a: Porygon2|11/100
|-unboost|p1a: Gholdengo|spa|1
|move|p2a: Porygon2|Trick Room|p2a: Porygon2
|-fieldstart|move: Trick Room|[of] p2a: Porygon2
|
|-weather|Sandstorm|[upkeep]
|-damage|p2a: Porygon2|5/100|[from] Sandstorm
|-damage|p2b: Ursaluna|89/100 brn|[from] brn
|upkeep
|turn|6
|
|t:|1757679074
|move|p2b: Ursaluna|Earthquake|p1b: Garchomp|[spread] p2a,p1a,p1b
|-supereffective|p1a: Gholdengo
|-damage|p2a: Porygon2|0 fnt
|-damage|p1a: Gholdengo|0 fnt
|-damage|p1b: Garchomp|0 fnt
|faint|p2a: Porygon2
|faint|p1a: Gholdengo
|faint|p1b: Garchomp
|
|win|Aizenora
||Aizenora is ready for game 2.
||Mircat222 is ready for game 2.
|uhtml|next|Next: Game 2 of 3
|l|☆Mircat222
|player|p1|
