|j|☆ssooner
|j|☆akasia
|html|ssoonerakasia    
|uhtml|bestof|Game 1 of a best-of-3
|t:|1786129347
|gametype|doubles
|player|p1|ssooner|wallace|1196
|player|p2|akasia|266|1123
|gen|9
|tier|[Gen 9 Champions] VGC 2026 Reg M-B (Bo3)
|rated|
|rule|Species Clause: Limit one of each Pokémon
|rule|Item Clause: Limit 1 of each item
|clearpoke
|poke|p1|Floette-Eternal, L50, F|
|poke|p1|Whimsicott, L50, F|
|poke|p1|Arcanine-Hisui, L50, M|
|poke|p1|Basculegion, L50, M|
|poke|p1|Kingambit, L50, F|
|poke|p1|Sneasler, L50, F|
|poke|p2|Mawile, L50, M|
|poke|p2|Farigiraf, L50, M|
|poke|p2|Whimsicott, L50, M|
|poke|p2|Garchomp, L50, M|
|poke|p2|Basculegion, L50, M|
|poke|p2|Charizard, L50, M|
|teampreview|4
|showteam|p1|Floette-Eternal||Floettite|FlowerVeil|Moonblast,DazzlingGleam,LightofRuin,Protect|Modest||F|||50|]Whimsicott||FocusSash|Prankster|Tailwind,Moonblast,Encore,Protect|Timid||F|||50|]Arcanine-Hisui||LifeOrb|RockHead|HeadSmash,FlareBlitz,ExtremeSpeed,Protect|Jolly||M|||50|]Basculegion||ChoiceScarf|Adaptability|WaveCrash,LastRespects,AquaJet,FlipTurn|Jolly||M|||50|]Kingambit||BlackGlasses|Defiant|KowtowCleave,SuckerPunch,IronHead,Protect|Adamant||F|||50|]Sneasler||WhiteHerb|Unburden|FakeOut,CloseCombat,DireClaw,Protect|Adamant||F|||50|
|showteam|p2|Mawile||Mawilite|Intimidate|PlayRough,IronHead,SuckerPunch,Protect|Adamant||M|||50|]Farigiraf||SitrusBerry|ArmorTail|Psychic,HelpingHand,Thunderbolt,TrickRoom|Modest||M|||50|]Whimsicott||FocusSash|Prankster|Moonblast,Tailwind,Encore,Protect|Timid||M|||50|]Garchomp||LifeOrb|RoughSkin|RockSlide,DragonClaw,Earthquake,Protect|Jolly||M|||50|]Basculegion||MysticWater|SwiftSwim|WaveCrash,LastRespects,AquaJet,Protect|Adamant||M|||50|]Charizard||CharizarditeY|SolarPower|HeatWave,SolarBeam,WeatherBall,Protect|Modest||M|||50|
|inactive|Battle timer is ON: inactive players will automatically lose when time's up. (requested by ssooner)
|
|t:|1786129378
|teamsize|p1|4
|teamsize|p2|4
|start
|switch|p1a: Whimsicott|Whimsicott, L50, F|100/100
|switch|p1b: goodest puppy|Arcanine-Hisui, L50, M|100/100
|switch|p2a: Garchomp|Garchomp, L50, M|100/100
|switch|p2b: Charizard|Charizard, L50, M|100/100
|turn|1
|inactive|akasia has 30 seconds left.
|
|t:|1786129405
|move|p1b: goodest puppy|Extreme Speed|p2a: Garchomp
|-crit|p2a: Garchomp
|-damage|p2a: Garchomp|46/100
|-damage|p1b: goodest puppy|87/100|[from] ability: Rough Skin|[of] p2a: Garchomp
|-damage|p1b: goodest puppy|77/100|[from] item: Life Orb
|move|p1a: Whimsicott|Moonblast|p2a: Garchomp
|-supereffective|p2a: Garchomp|1
|-damage|p2a: Garchomp|0 fnt
|faint|p2a: Garchomp
|move|p2b: Charizard|Heat Wave|p1b: goodest puppy|[spread] p1b
|-miss|p2b: Charizard|p1a: Whimsicott
|-resisted|p1b: goodest puppy|2
|-damage|p1b: goodest puppy|69/100
|
|upkeep
|
|t:|1786129422
|switch|p2a: Farigiraf|Farigiraf, L50, M|100/100
|turn|2
|
|t:|1786129434
|move|p2b: Charizard|Protect|p2b: Charizard
|-singleturn|p2b: Charizard|Protect
|move|p1a: Whimsicott|Moonblast|p2a: Farigiraf
|-damage|p2a: Farigiraf|68/100
|move|p1b: goodest puppy|Head Smash|p2a: Farigiraf|[miss]
|-miss|p1b: goodest puppy|p2a: Farigiraf
|move|p2a: Farigiraf|Psychic|p1b: goodest puppy
|-damage|p1b: goodest puppy|22/100
|
|upkeep
|turn|3
|
|t:|1786129448
|switch|p2a: Mawile|Mawile, L50, M|100/100
|-ability|p2a: Mawile|Intimidate|boost
|-unboost|p1a: Whimsicott|atk|1
|-unboost|p1b: goodest puppy|atk|1
|detailschange|p2b: Charizard|Charizard-Mega-Y, L50, M
|-mega|p2b: Charizard|Charizard|Charizardite Y
|-weather|SunnyDay|[from] ability: Drought|[of] p2b: Charizard
|move|p1a: Whimsicott|Moonblast|p2a: Mawile
|-resisted|p2a: Mawile|1
|-damage|p2a: Mawile|69/100
|move|p1b: goodest puppy|Head Smash|p2b: Charizard|[miss]
|-miss|p1b: goodest puppy|p2b: Charizard
|move|p2b: Charizard|Heat Wave|p1b: goodest puppy|[spread] p1a,p1b
|-supereffective|p1a: Whimsicott|1
|-resisted|p1b: goodest puppy|2
|-enditem|p1a: Whimsicott|Focus Sash
|-damage|p1a: Whimsicott|1/100
|-damage|p1b: goodest puppy|4/100
|
|-weather|SunnyDay|[upkeep]
|upkeep
|turn|4
|inactive|ssooner has 30 seconds left.
|
|t:|1786129473
|move|p1a: Whimsicott|Protect|p1a: Whimsicott
|-singleturn|p1a: Whimsicott|Protect
|move|p2a: Mawile|Protect|p2a: Mawile
|-singleturn|p2a: Mawile|Protect
|move|p1b: goodest puppy|Extreme Speed|p2b: Charizard
|-damage|p2b: Charizard|74/100
|-damage|p1b: goodest puppy|0 fnt|[from] item: Life Orb
|faint|p1b: goodest puppy
|move|p2b: Charizard|Heat Wave|p1a: Whimsicott
|-activate|p1a: Whimsicott|move: Protect
|
|-weather|SunnyDay|[upkeep]
|upkeep
|
|t:|1786129485
|switch|p1b: hatsune miku|Floette-Eternal, L50, F|100/100
|turn|5
|
|t:|1786129493
|switch|p2a: Farigiraf|Farigiraf, L50, M|68/100
|detailschange|p1b: hatsune miku|Floette-Mega, L50, F
|-mega|p1b: hatsune miku|Floette|Floettite
|-ability|p1b: hatsune miku|Fairy Aura
|move|p1a: Whimsicott|Encore||[still]
|cant|p2a: Farigiraf|ability: Armor Tail|Encore|[of] p1a: Whimsicott
|move|p2b: Charizard|Heat Wave|p1a: Whimsicott|[spread] p1a,p1b
|-supereffective|p1a: Whimsicott|1
|-damage|p1a: Whimsicott|0 fnt
|-damage|p1b: hatsune miku|53/100
|faint|p1a: Whimsicott
|move|p1b: hatsune miku|Moonblast|p2b: Charizard
|-resisted|p2b: Charizard|1
|-damage|p2b: Charizard|33/100
|
|-weather|SunnyDay|[upkeep]
|upkeep
|
|t:|1786129507
|switch|p1a: Kingambit|Kingambit, L50, F|100/100
|turn|6
|
|t:|1786129515
|move|p2a: Farigiraf|Helping Hand|p2b: Charizard
|-singleturn|p2b: Charizard|Helping Hand|[of] p2a: Farigiraf
|move|p1a: Kingambit|Protect|p1a: Kingambit
|-singleturn|p1a: Kingambit|Protect
|move|p2b: Charizard|Heat Wave|p1a: Kingambit|[spread] 
|-activate|p1a: Kingambit|move: Protect
|-miss|p2b: Charizard|p1b: hatsune miku
|move|p1b: hatsune miku|Moonblast|p2b: Charizard
|-resisted|p2b: Charizard|1
|-damage|p2b: Charizard|0 fnt
|faint|p2b: Charizard
|
|-weather|SunnyDay|[upkeep]
|upkeep
|
|t:|1786129522
|switch|p2b: Mawile|Mawile, L50, M|69/100
|-ability|p2b: Mawile|Intimidate|boost
|-unboost|p1a: Kingambit|atk|1
|-ability|p1a: Kingambit|Defiant|boost
|-boost|p1a: Kingambit|atk|2
|-unboost|p1b: hatsune miku|atk|1
|turn|7
|
|t:|1786129544
|move|p1b: hatsune miku|Protect|p1b: hatsune miku
|-singleturn|p1b: hatsune miku|Protect
|move|p2b: Mawile|Iron Head|p1b: hatsune miku
|-activate|p1b: hatsune miku|move: Protect
|move|p1a: Kingambit|Kowtow Cleave|p2a: Farigiraf
|-supereffective|p2a: Farigiraf|1
|-damage|p2a: Farigiraf|0 fnt
|faint|p2a: Farigiraf
|
|-weather|none
|upkeep
|turn|8
|
|t:|1786129562
|move|p1b: hatsune miku|Moonblast|p2b: Mawile
|-resisted|p2b: Mawile|1
|-damage|p2b: Mawile|2/100
|move|p2b: Mawile|Iron Head|p1b: hatsune miku
|-supereffective|p1b: hatsune miku|1
|-damage|p1b: hatsune miku|0 fnt
|faint|p1b: hatsune miku
|move|p1a: Kingambit|Iron Head|p2b: Mawile
|-damage|p2b: Mawile|0 fnt
|faint|p2b: Mawile
|
|win|ssooner
