|j|☆phuc_lamvgc
|j|☆Marvcolor
|html|phuc_lamvgcMarvcolor    
|uhtml|bestof|Game 1 of a best-of-3
|t:|1784182020
|gametype|doubles
|player|p1|phuc_lamvgc|miku-ghost|1236
|player|p2|Marvcolor|giovanni|1310
|gen|9
|tier|[Gen 9 Champions] VGC 2026 Reg M-B (Bo3)
|rated|
|rule|Species Clause: Limit one of each Pokémon
|rule|Item Clause: Limit 1 of each item
|clearpoke
|poke|p1|Blastoise, L50, M|
|poke|p1|Delphox, L50, M|
|poke|p1|Kingambit, L50, M|
|poke|p1|Sneasler, L50, M|
|poke|p1|Incineroar, L50, M|
|poke|p1|Sinistcha, L50|
|poke|p2|Gengar, L50, M, shiny|
|poke|p2|Politoed, L50, F, shiny|
|poke|p2|Archaludon, L50, F, shiny|
|poke|p2|Swampert, L50, F, shiny|
|poke|p2|Incineroar, L50, M, shiny|
|poke|p2|Vivillon, L50, F, shiny|
|teampreview|4
|showteam|p1|Blastoise||Blastoisinite|Torrent|WaterSpout,DarkPulse,ShellSmash,Protect|Modest||M|||50|]Delphox||Delphoxite|Blaze|HeatWave,Psyshock,NastyPlot,Protect|Timid||M|||50|]Kingambit||BlackGlasses|Defiant|KowtowCleave,SuckerPunch,SwordsDance,Protect|Adamant||M|||50|]Sneasler||FocusSash|Unburden|CloseCombat,DireClaw,FakeOut,QuickGuard|Jolly||M|||50|]Incineroar||SitrusBerry|Intimidate|FlareBlitz,ThroatChop,FakeOut,PartingShot|Impish||M|||50|]Sinistcha||KasibBerry|Hospitality|MatchaGotcha,RagePowder,LifeDew,Protect|Bold|||||50|
|showteam|p2|Gengar||Gengarite|CursedBody|ShadowBall,SludgeBomb,PerishSong,Protect|Modest||M|||50|]Politoed||SitrusBerry|Drizzle|WeatherBall,PerishSong,Encore,Protect|Calm||F|||50|]Archaludon||Leftovers|Stamina|ElectroShot,DragonPulse,FlashCannon,Protect|Bold||F|||50|]Swampert||Swampertite|Damp|WaveCrash,Earthquake,IcePunch,Protect|Adamant||F|||50|]Incineroar||PasshoBerry|Intimidate|ThroatChop,PartingShot,Protect,FakeOut|Sassy||M|||50|]Vivillon||FocusSash|CompoundEyes|Hurricane,SleepPowder,RagePowder,Protect|Timid||F|||50|
|inactive|Battle timer is ON: inactive players will automatically lose when time's up. (requested by Marvcolor)
|inactive|phuc_lamvgc has 60 seconds left.
|
|t:|1784182054
|teamsize|p1|4
|teamsize|p2|4
|start
|switch|p1a: Mafokushī|Delphox, L50, M|100/100
|switch|p1b: Ōnyūra|Sneasler, L50, M|100/100
|switch|p2a: Mishra|Gengar, L50, M, shiny|100/100
|switch|p2b: Mankira|Incineroar, L50, M, shiny|100/100
|-ability|p2b: Mankira|Intimidate|boost
|-unboost|p1a: Mafokushī|atk|1
|-unboost|p1b: Ōnyūra|atk|1
|turn|1
|inactive|Marvcolor has 30 seconds left.
|
|t:|1784182087
|switch|p1a: Gaogaen|Incineroar, L50, M|100/100
|-ability|p1a: Gaogaen|Intimidate|boost
|-unboost|p2a: Mishra|atk|1
|-unboost|p2b: Mankira|atk|1
|switch|p2b: Centralian|Archaludon, L50, F, shiny|100/100
|detailschange|p2a: Mishra|Gengar-Mega, L50, M, shiny
|-mega|p2a: Mishra|Gengar|Gengarite
|move|p2a: Mishra|Protect|p2a: Mishra
|-singleturn|p2a: Mishra|Protect
|move|p1b: Ōnyūra|Close Combat|p2b: Centralian
|-supereffective|p2b: Centralian|1
|-damage|p2b: Centralian|48/100
|-unboost|p1b: Ōnyūra|def|1
|-unboost|p1b: Ōnyūra|spd|1
|-ability|p2b: Centralian|Stamina|boost
|-boost|p2b: Centralian|def|1
|
|-heal|p2b: Centralian|55/100|[from] item: Leftovers
|upkeep
|turn|2
|inactive|phuc_lamvgc has 30 seconds left.
|inactive|Marvcolor has 30 seconds left.
|inactive|phuc_lamvgc has 20 seconds left.
|inactive|Marvcolor has 20 seconds left.
|inactive|phuc_lamvgc has 15 seconds left.
|inactive|phuc_lamvgc has 10 seconds left.
|
|t:|1784182133
|switch|p2a: Mankira|Incineroar, L50, M, shiny|100/100
|-ability|p2a: Mankira|Intimidate|boost
|-unboost|p1a: Gaogaen|atk|1
|-unboost|p1b: Ōnyūra|atk|1
|move|p1b: Ōnyūra|Close Combat|p2b: Centralian
|-supereffective|p2b: Centralian|1
|-damage|p2b: Centralian|26/100
|-unboost|p1b: Ōnyūra|def|1
|-unboost|p1b: Ōnyūra|spd|1
|-ability|p2b: Centralian|Stamina|boost
|-boost|p2b: Centralian|def|1
|move|p2b: Centralian|Dragon Pulse|p1b: Ōnyūra
|-damage|p1b: Ōnyūra|4/100
|move|p1a: Gaogaen|Throat Chop|p2a: Mankira
|-resisted|p2a: Mankira|1
|-damage|p2a: Mankira|92/100
|-start|p2a: Mankira|Throat Chop|[silent]
|
|-heal|p2b: Centralian|32/100|[from] item: Leftovers
|upkeep
|turn|3
|inactive|Marvcolor has 30 seconds left.
|inactive|Marvcolor has 20 seconds left.
|inactive|Marvcolor has 15 seconds left.
|inactive|Marvcolor has 10 seconds left.
|inactive|Marvcolor has 5 seconds left.
|
|t:|1784182186
|switch|p1b: Yabasocha|Sinistcha, L50|100/100
|switch|p2a: Connect|Politoed, L50, F, shiny|100/100
|-weather|RainDance|[from] ability: Drizzle|[of] p2a: Connect
|move|p2b: Centralian|Electro Shot||[still]
|-prepare|p2b: Centralian|Electro Shot
|-boost|p2b: Centralian|spa|1
|-anim|p2b: Centralian|Electro Shot|p1a: Gaogaen
|-damage|p1a: Gaogaen|48/100
|-enditem|p1a: Gaogaen|Sitrus Berry|[eat]
|-heal|p1a: Gaogaen|73/100|[from] item: Sitrus Berry
|move|p1a: Gaogaen|Parting Shot|p2b: Centralian
|-unboost|p2b: Centralian|atk|1
|-unboost|p2b: Centralian|spa|1
|
|t:|1784182200
|switch|p1a: Mafokushī|Delphox, L50, M|100/100|[from] Parting Shot
|
|-weather|RainDance|[upkeep]
|-heal|p2b: Centralian|38/100|[from] item: Leftovers
|upkeep
|turn|4
|
|t:|1784182213
|switch|p2b: Mishra|Gengar-Mega, L50, M, shiny|100/100
|detailschange|p1a: Mafokushī|Delphox-Mega, L50, M
|-mega|p1a: Mafokushī|Delphox|Delphoxite
|move|p1b: Yabasocha|Rage Powder|p1b: Yabasocha
|-singleturn|p1b: Yabasocha|move: Rage Powder
|move|p1a: Mafokushī|Nasty Plot|p1a: Mafokushī
|-boost|p1a: Mafokushī|spa|2
|move|p2a: Connect|Perish Song|p2a: Connect
|-start|p1a: Mafokushī|perish3|[silent]
|-start|p1b: Yabasocha|perish3|[silent]
|-start|p2a: Connect|perish3|[silent]
|-start|p2b: Mishra|perish3|[silent]
|-fieldactivate|move: Perish Song
|
|-weather|RainDance|[upkeep]
|-start|p1a: Mafokushī|perish3
|-start|p2b: Mishra|perish3
|-start|p2a: Connect|perish3
|-start|p1b: Yabasocha|perish3
|upkeep
|turn|5
|
|t:|1784182227
|switch|p2a: Mankira|Incineroar, L50, M, shiny|92/100
|-ability|p2a: Mankira|Intimidate|boost
|-unboost|p1a: Mafokushī|atk|1
|-unboost|p1b: Yabasocha|atk|1
|move|p2b: Mishra|Protect|p2b: Mishra
|-singleturn|p2b: Mishra|Protect
|move|p1a: Mafokushī|Psyshock|p2b: Mishra
|-activate|p2b: Mishra|move: Protect
|move|p1b: Yabasocha|Matcha Gotcha|p2b: Mishra|[spread] p2a
|-activate|p2b: Mishra|move: Protect
|-resisted|p2a: Mankira|1
|-damage|p2a: Mankira|83/100
|
|-weather|RainDance|[upkeep]
|-start|p1a: Mafokushī|perish2
|-start|p2b: Mishra|perish2
|-start|p1b: Yabasocha|perish2
|upkeep
|turn|6
|
|t:|1784182241
|switch|p1b: Gaogaen|Incineroar, L50, M|73/100
|-ability|p1b: Gaogaen|Intimidate|boost
|-unboost|p2a: Mankira|atk|1
|-unboost|p2b: Mishra|atk|1
|move|p1a: Mafokushī|Protect|p1a: Mafokushī
|-singleturn|p1a: Mafokushī|Protect
|move|p2a: Mankira|Fake Out|p1a: Mafokushī
|-activate|p1a: Mafokushī|move: Protect
|move|p2b: Mishra|Shadow Ball|p1b: Gaogaen
|-resisted|p1b: Gaogaen|1
|-damage|p1b: Gaogaen|50/100g
|
|-weather|RainDance|[upkeep]
|-start|p1a: Mafokushī|perish1
|-start|p2b: Mishra|perish1
|upkeep
|turn|7
|
|t:|1784182263
|switch|p2b: Centralian|Archaludon, L50, F, shiny|38/100
|move|p1a: Mafokushī|Heat Wave|p2a: Mankira|[spread] p2a,p2b
|-resisted|p2a: Mankira|1
|-damage|p2a: Mankira|67/100
|-damage|p2b: Centralian|1/100
|-ability|p2b: Centralian|Stamina|boost
|-boost|p2b: Centralian|def|1
|move|p1b: Gaogaen|Throat Chop|p2b: Centralian
|-damage|p2b: Centralian|0 fnt
|faint|p2b: Centralian
|move|p2a: Mankira|Parting Shot|p1b: Gaogaen
|-unboost|p1b: Gaogaen|atk|1
|-unboost|p1b: Gaogaen|spa|1
|
|t:|1784182281
|switch|p2a: Mishra|Gengar-Mega, L50, M, shiny|100/100|[from] Parting Shot
|
|-weather|none
|-start|p1a: Mafokushī|perish0
|upkeep
|faint|p1a: Mafokushī
|
|t:|1784182293
|switch|p1a: Ōnyūra|Sneasler, L50, M|4/100
|switch|p2b: Mankira|Incineroar, L50, M, shiny|67/100
|-ability|p2b: Mankira|Intimidate|boost
|-unboost|p1a: Ōnyūra|atk|1
|-unboost|p1b: Gaogaen|atk|1
|turn|8
|
|t:|1784182319
|switch|p2a: Connect|Politoed, L50, F, shiny|100/100
|-weather|RainDance|[from] ability: Drizzle|[of] p2a: Connect
|move|p1a: Ōnyūra|Fake Out|p2b: Mankira
|-damage|p2b: Mankira|59/100
|cant|p2b: Mankira|flinch
|move|p1b: Gaogaen|Throat Chop|p2a: Connect
|-damage|p2a: Connect|85/100
|-start|p2a: Connect|Throat Chop|[silent]
|
|-weather|RainDance|[upkeep]
|upkeep
|turn|9
|
|t:|1784182340
|switch|p1a: Yabasocha|Sinistcha, L50|100/100
|-heal|p1b: Gaogaen|75/100|[from] ability: Hospitality|[of] p1a: Yabasocha
|switch|p2b: Mishra|Gengar-Mega, L50, M, shiny|100/100
|move|p2a: Connect|Weather Ball|p1a: Yabasocha
|-resisted|p1a: Yabasocha|1
|-damage|p1a: Yabasocha|74/100
|move|p1b: Gaogaen|Parting Shot|p2b: Mishra
|-unboost|p2b: Mishra|atk|1
|-unboost|p2b: Mishra|spa|1
|
|t:|1784182351
|switch|p1b: Ōnyūra|Sneasler, L50, M|4/100|[from] Parting Shot
|
|-weather|RainDance|[upkeep]
|-end|p2a: Connect|Throat Chop|[silent]
|upkeep
|turn|10
|
|t:|1784182361
|move|p1b: Ōnyūra|Dire Claw|p2a: Connect
|-damage|p2a: Connect|45/100
|-enditem|p2a: Connect|Sitrus Berry|[eat]
|-heal|p2a: Connect|70/100|[from] item: Sitrus Berry
|move|p2b: Mishra|Shadow Ball|p1b: Ōnyūra
|-damage|p1b: Ōnyūra|0 fnt
|faint|p1b: Ōnyūra
|move|p2a: Connect|Weather Ball|p1a: Yabasocha
|-resisted|p1a: Yabasocha|1
|-damage|p1a: Yabasocha|48/100
|move|p1a: Yabasocha|Life Dew|p1a: Yabasocha
|-heal|p1a: Yabasocha|74/100
|
|-weather|RainDance|[upkeep]
|upkeep
|
|t:|1784182364
|switch|p1b: Gaogaen|Incineroar, L50, M|75/100
|-ability|p1b: Gaogaen|Intimidate|boost
|-unboost|p2a: Connect|atk|1
|-unboost|p2b: Mishra|atk|1
|turn|11
|
|t:|1784182380
|switch|p2a: Mankira|Incineroar, L50, M, shiny|59/100
|-ability|p2a: Mankira|Intimidate|boost
|-unboost|p1a: Yabasocha|atk|1
|-unboost|p1b: Gaogaen|atk|1
|move|p2b: Mishra|Perish Song|p2b: Mishra
|-start|p1a: Yabasocha|perish3|[silent]
|-start|p1b: Gaogaen|perish3|[silent]
|-start|p2a: Mankira|perish3|[silent]
|-start|p2b: Mishra|perish3|[silent]
|-fieldactivate|move: Perish Song
|move|p1a: Yabasocha|Matcha Gotcha|p2a: Mankira|[spread] p2a,p2b
|-resisted|p2a: Mankira|1
|-resisted|p2b: Mishra|1
|-damage|p2a: Mankira|48/100
|-heal|p1a: Yabasocha|80/100|[from] drain|[of] p2a: Mankira
|-damage|p2b: Mishra|88/100
|-heal|p1a: Yabasocha|85/100|[from] drain|[of] p2b: Mishra
|move|p1b: Gaogaen|Throat Chop|p2b: Mishra
|-supereffective|p2b: Mishra|1
|-damage|p2b: Mishra|40/100
|-start|p2b: Mishra|Throat Chop|[silent]
|
|-weather|RainDance|[upkeep]
|-start|p2b: Mishra|perish3
|-start|p1a: Yabasocha|perish3
|-start|p1b: Gaogaen|perish3
|-start|p2a: Mankira|perish3
|upkeep
|turn|12
|-message|phuc_lamvgc forfeited.
|
|win|Marvcolor
|l|☆phuc_lamvgc
|player|p1|
||phuc_lamvgc is ready for game 2.
||Marvcolor is ready for game 2.
|uhtml|next|Next: Game 2 of 3
