|j|☆mikelpoyarzabal
|j|☆Gayangos
|html|mikelpoyarzabalGayangos    
|uhtml|bestof|Game 2 of a best-of-3
|t:|1785250008
|gametype|doubles
|player|p1|mikelpoyarzabal|arven-s|1321
|player|p2|Gayangos|265|1467
|gen|9
|tier|[Gen 9 Champions] VGC 2026 Reg M-B (Bo3)
|rated|
|rule|Species Clause: Limit one of each Pokémon
|rule|Item Clause: Limit 1 of each item
|clearpoke
|poke|p1|Charizard, L50, M|
|poke|p1|Glimmora, L50, M|
|poke|p1|Whimsicott, L50, F|
|poke|p1|Ninetales-Alola, L50, F|
|poke|p1|Kingambit, L50, M|
|poke|p1|Kommo-o, L50, M|
|poke|p2|Tyranitar, L50, F|
|poke|p2|Excadrill, L50, M|
|poke|p2|Milotic, L50, M|
|poke|p2|Sinistcha, L50|
|poke|p2|Staraptor, L50, M|
|poke|p2|Gholdengo, L50|
|teampreview|4
|showteam|p1|Charizard||CharizarditeY|Blaze|HeatWave,WeatherBall,SolarBeam,Protect|Modest||M|||50|]Glimmora||Glimmoranite|ToxicDebris|SludgeBomb,PowerGem,EarthPower,SpikyShield|Modest||M|||50|]Whimsicott||FocusSash|Prankster|Moonblast,Tailwind,Encore,Protect|Timid||F|||50|]Ninetales-Alola||NeverMeltIce|SnowWarning|Blizzard,FreezeDry,Disable,Protect|Timid||F|||50|]Kingambit||BlackGlasses|Defiant|KowtowCleave,SuckerPunch,IronHead,Protect|Adamant||M|||50|]Kommo-o||LifeOrb|Overcoat|ClangingScales,AuraSphere,VacuumWave,Protect|Modest||M|||50|
|showteam|p2|Tyranitar||Tyranitarite|SandStream|KnockOff,RockSlide,LowKick,Protect|Jolly||F|||50|]Excadrill||FocusSash|SandRush|HighHorsepower,IronHead,RockSlide,Protect|Adamant||M|||50|]Milotic||SitrusBerry|Competitive|Scald,IceBeam,IcyWind,Protect|Calm||M|||50|]Sinistcha||ColburBerry|Hospitality|MatchaGotcha,ShadowBall,Protect,RagePowder|Bold|||||50|]Staraptor||Staraptite|Intimidate|CloseCombat,BraveBird,Tailwind,Protect|Jolly||M|||50|]Gholdengo||LifeOrb|GoodasGold|MakeItRain,ShadowBall,NastyPlot,Protect|Modest|||||50|
|inactive|Battle timer is ON: inactive players will automatically lose when time's up. (requested by mikelpoyarzabal)
|
|t:|1785250023
|teamsize|p1|4
|teamsize|p2|4
|start
|switch|p1a: Whimsicott|Whimsicott, L50, F|100/100
|switch|p1b: Kommo-o|Kommo-o, L50, M|100/100
|switch|p2a: Excadrill|Excadrill, L50, M|100/100
|switch|p2b: Tyranitar|Tyranitar, L50, F|100/100
|-weather|Sandstorm|[from] ability: Sand Stream|[of] p2b: Tyranitar
|turn|1
|
|t:|1785250039
|switch|p2b: Gholdengo|Gholdengo, L50|100/100
|move|p1a: Whimsicott|Protect|p1a: Whimsicott
|-singleturn|p1a: Whimsicott|Protect
|move|p2a: Excadrill|High Horsepower|p1b: Kommo-o
|-damage|p1b: Kommo-o|45/100
|move|p1b: Kommo-o|Aura Sphere|p2a: Excadrill
|-supereffective|p2a: Excadrill|1
|-enditem|p2a: Excadrill|Focus Sash
|-damage|p2a: Excadrill|1/100
|-damage|p1b: Kommo-o|35/100|[from] item: Life Orb
|
|-weather|Sandstorm|[upkeep]
|-damage|p1a: Whimsicott|94/100|[from] Sandstorm
|upkeep
|turn|2
|
|t:|1785250057
|switch|p1b: Charizard|Charizard, L50, M|100/100
|move|p1a: Whimsicott|Encore|p2a: Excadrill
|-start|p2a: Excadrill|Encore
|move|p2a: Excadrill|High Horsepower|p1b: Charizard
|-immune|p1b: Charizard
|move|p2b: Gholdengo|Make It Rain|p1b: Charizard|[spread] p1a,p1b
|-supereffective|p1a: Whimsicott|1
|-resisted|p1b: Charizard|1
|-damage|p1a: Whimsicott|0 fnt
|-damage|p1b: Charizard|68/100
|-unboost|p2b: Gholdengo|spa|2
|faint|p1a: Whimsicott
|-damage|p2b: Gholdengo|90/100|[from] item: Life Orb
|
|-weather|Sandstorm|[upkeep]
|-damage|p1b: Charizard|62/100|[from] Sandstorm
|upkeep
|
|t:|1785250067
|switch|p1a: Kommo-o|Kommo-o, L50, M|35/100
|turn|3
|
|t:|1785250078
|switch|p2a: Staraptor|Staraptor, L50, M|100/100
|-ability|p2a: Staraptor|Intimidate|boost
|-unboost|p1a: Kommo-o|atk|1
|-unboost|p1b: Charizard|atk|1
|move|p2b: Gholdengo|Protect|p2b: Gholdengo
|-singleturn|p2b: Gholdengo|Protect
|move|p1a: Kommo-o|Vacuum Wave|p2a: Staraptor
|-damage|p2a: Staraptor|66/100
|-damage|p1a: Kommo-o|25/100|[from] item: Life Orb
|move|p1b: Charizard|Heat Wave|p2a: Staraptor|[spread] p2a
|-activate|p2b: Gholdengo|move: Protect
|-damage|p2a: Staraptor|25/100
|
|-weather|Sandstorm|[upkeep]
|-damage|p2a: Staraptor|20/100y|[from] Sandstorm
|-damage|p1b: Charizard|56/100|[from] Sandstorm
|upkeep
|turn|4
|inactive|mikelpoyarzabal has 30 seconds left.
|inactive|Gayangos has 30 seconds left.
|
|t:|1785250107
|switch|p1a: Ninetales|Ninetales-Alola, L50, F|100/100
|-weather|Snowscape|[from] ability: Snow Warning|[of] p1a: Ninetales
|detailschange|p2a: Staraptor|Staraptor-Mega, L50, M
|-mega|p2a: Staraptor|Staraptor|Staraptite
|move|p1b: Charizard|Protect|p1b: Charizard
|-singleturn|p1b: Charizard|Protect
|move|p2a: Staraptor|Tailwind|p2a: Staraptor
|-sidestart|p2: Gayangos|move: Tailwind
|move|p2b: Gholdengo|Shadow Ball|p1a: Ninetales
|-damage|p1a: Ninetales|70/100
|-damage|p2b: Gholdengo|80/100|[from] item: Life Orb
|
|-weather|Snowscape|[upkeep]
|upkeep
|turn|5
|
|t:|1785250131
|switch|p2b: Excadrill|Excadrill, L50, M|1/100
|move|p2a: Staraptor|Brave Bird|p1b: Charizard
|-crit|p1b: Charizard
|-damage|p1b: Charizard|0 fnt
|faint|p1b: Charizard
|-damage|p2a: Staraptor|3/100|[from] Recoil
|move|p1a: Ninetales|Blizzard|p2a: Staraptor|[spread] p2a,p2b
|-supereffective|p2a: Staraptor|1
|-damage|p2a: Staraptor|0 fnt
|-damage|p2b: Excadrill|0 fnt
|faint|p2a: Staraptor
|faint|p2b: Excadrill
|
|-weather|Snowscape|[upkeep]
|upkeep
|-message|mikelpoyarzabal forfeited.
|
|win|Gayangos
|raw|mikelpoyarzabal's rating: 1321 → 1309(-12 for losing)
|raw|Gayangos's rating: 1467 → 1479(+12 for winning)
|l|☆mikelpoyarzabal
|player|p1|
