|j|☆Prepucio Santos
|j|☆baggedchikin
|html|Prepucio Santosbaggedchikin    
|uhtml|bestof|Game 1 of a best-of-3
|t:|1784647513
|gametype|doubles
|player|p1|Prepucio Santos|striker|1307
|player|p2|baggedchikin|1|1266
|gen|9
|tier|[Gen 9 Champions] VGC 2026 Reg M-B (Bo3)
|rated|
|rule|Species Clause: Limit one of each Pokémon
|rule|Item Clause: Limit 1 of each item
|clearpoke
|poke|p1|Incineroar, L50, F|
|poke|p1|Maushold, L50|
|poke|p1|Sinistcha, L50|
|poke|p1|Sneasler, L50, M|
|poke|p1|Blastoise, L50, F|
|poke|p1|Delphox, L50, F|
|poke|p2|Mawile, L50, M|
|poke|p2|Farigiraf, L50, F|
|poke|p2|Torkoal, L50, M|
|poke|p2|Vivillon-Monsoon, L50, M|
|poke|p2|Incineroar, L50, M|
|poke|p2|Gallade, L50, M|
|teampreview|4
|showteam|p1|Incineroar||SitrusBerry|Intimidate|FakeOut,FlareBlitz,ThroatChop,PartingShot|Impish||F|||50|]Maushold||ChopleBerry|FriendGuard|SuperFang,Feint,FollowMe,Protect|Impish|||||50|]Sinistcha||KasibBerry|Hospitality|MatchaGotcha,LifeDew,RagePowder,TrickRoom|Bold|||||50|]Sneasler||FocusSash|PoisonTouch|FakeOut,CloseCombat,DireClaw,QuickGuard|Jolly||M|||50|]Blastoise||Blastoisinite|RainDish|WaterSpout,DarkPulse,ShellSmash,Protect|Modest||F|||50|]Delphox||Delphoxite|Blaze|HeatWave,Psyshock,NastyPlot,Protect|Timid||F|||50|
|showteam|p2|Mawile||Mawilite|HyperCutter|PlayRough,SuckerPunch,RockSlide,Protect|Brave||M|||50|]Farigiraf||SitrusBerry|ArmorTail|Psychic,Thunderbolt,TrickRoom,Protect|Quiet||F|||50|]Torkoal||Charcoal|Drought|Eruption,WeatherBall,HelpingHand,Protect|Quiet||M|||50|]Vivillon-Monsoon||FocusSash|CompoundEyes|Hurricane,SleepPowder,RagePowder,Protect|Timid||M|||50|]Incineroar||LifeOrb|Intimidate|FlareBlitz,DarkestLariat,CloseCombat,FakeOut|Brave||M|||50|]Gallade||IronBall|Sharpness|SacredSword,PsychoCut,LeafBlade,TrickRoom|Brave||M|||50|
|inactive|Battle timer is ON: inactive players will automatically lose when time's up. (requested by Prepucio Santos)
|
|t:|1784647546
|teamsize|p1|4
|teamsize|p2|4
|start
|switch|p1a: Sneasler|Sneasler, L50, M|100/100
|switch|p1b: Delphox|Delphox, L50, F|100/100
|switch|p2a: Incineroar|Incineroar, L50, M|100/100
|switch|p2b: Farigiraf|Farigiraf, L50, F|100/100
|-ability|p2a: Incineroar|Intimidate|boost
|-unboost|p1a: Sneasler|atk|1
|-unboost|p1b: Delphox|atk|1
|turn|1
|inactive|Prepucio Santos has 30 seconds left.
|inactive|Prepucio Santos has 20 seconds left.
|inactive|Prepucio Santos has 15 seconds left.
|inactive|Prepucio Santos has 10 seconds left.
|inactive|Prepucio Santos has 5 seconds left.
|
|t:|1784647596
|detailschange|p1b: Delphox|Delphox-Mega, L50, F
|-mega|p1b: Delphox|Delphox|Delphoxite
|move|p1a: Sneasler|Quick Guard|p1a: Sneasler
|-singleturn|p1a: Sneasler|Quick Guard
|move|p2a: Incineroar|Fake Out|p1a: Sneasler
|-activate|p1a: Sneasler|move: Quick Guard
|move|p1b: Delphox|Heat Wave|p2b: Farigiraf|[spread] p2b
|-miss|p1b: Delphox|p2a: Incineroar
|-damage|p2b: Farigiraf|64/100
|move|p2b: Farigiraf|Trick Room|p2b: Farigiraf
|-fieldstart|move: Trick Room|[of] p2b: Farigiraf
|
|upkeep
|turn|2
|inactive|Prepucio Santos has 30 seconds left.
|inactive|Prepucio Santos has 20 seconds left.
|inactive|Prepucio Santos has 15 seconds left.
|inactive|Prepucio Santos has 10 seconds left.
|
|t:|1784647644
|switch|p1a: Incineroar|Incineroar, L50, F|100/100
|-ability|p1a: Incineroar|Intimidate|boost
|-unboost|p2a: Incineroar|atk|1
|-unboost|p2b: Farigiraf|atk|1
|move|p2b: Farigiraf|Psychic|p1a: Incineroar
|-immune|p1a: Incineroar
|move|p2a: Incineroar|Darkest Lariat|p1a: Incineroar
|-resisted|p1a: Incineroar|1
|-damage|p1a: Incineroar|86/100
|-damage|p2a: Incineroar|90/100|[from] item: Life Orb
|move|p1b: Delphox|Nasty Plot|p1b: Delphox
|-boost|p1b: Delphox|spa|2
|
|upkeep
|turn|3
|inactive|Prepucio Santos has 30 seconds left.
|inactive|baggedchikin has 30 seconds left.
|inactive|baggedchikin has 20 seconds left.
|inactive|baggedchikin has 15 seconds left.
|inactive|baggedchikin has 10 seconds left.
|inactive|baggedchikin has 5 seconds left.
|
|t:|1784647699
|move|p2b: Farigiraf|Psychic|p1a: Incineroar
|-immune|p1a: Incineroar
|move|p2a: Incineroar|Flare Blitz|p1b: Delphox
|-resisted|p1b: Delphox|1
|-damage|p1b: Delphox|60/100
|-damage|p2a: Incineroar|79/100|[from] Recoil
|-damage|p2a: Incineroar|69/100|[from] item: Life Orb
|move|p1a: Incineroar|Parting Shot|p2a: Incineroar
|-unboost|p2a: Incineroar|atk|1
|-unboost|p2a: Incineroar|spa|1
|
|t:|1784647711
|switch|p1a: Sinistcha|Sinistcha, L50|100/100|[from] Parting Shot
|-heal|p1b: Delphox|84/100|[from] ability: Hospitality|[of] p1a: Sinistcha
|move|p1b: Delphox|Heat Wave|p2a: Incineroar|[spread] p2a,p2b
|-resisted|p2a: Incineroar|1
|-damage|p2a: Incineroar|29/100
|-damage|p2b: Farigiraf|0 fnt
|faint|p2b: Farigiraf
|
|upkeep
|inactive|baggedchikin has 30 seconds left.
|inactive|baggedchikin has 20 seconds left.
|inactive|baggedchikin has 15 seconds left.
|
|t:|1784647755
|switch|p2b: Mawile|Mawile, L50, M|100/100
|turn|4
|
|t:|1784647760
|switch|p1a: Incineroar|Incineroar, L50, F|86/100
|-ability|p1a: Incineroar|Intimidate|boost
|-unboost|p2a: Incineroar|atk|1
|-fail|p2b: Mawile|unboost|Attack|[from] ability: Hyper Cutter|[of] p2b: Mawile
|detailschange|p2b: Mawile|Mawile-Mega, L50, M
|-mega|p2b: Mawile|Mawile|Mawilite
|move|p1b: Delphox|Protect|p1b: Delphox
|-singleturn|p1b: Delphox|Protect
|move|p2b: Mawile|Rock Slide|p1b: Delphox|[spread] 
|-activate|p1b: Delphox|move: Protect
|-miss|p2b: Mawile|p1a: Incineroar
|move|p2a: Incineroar|Flare Blitz|p1a: Incineroar
|-resisted|p1a: Incineroar|1
|-damage|p1a: Incineroar|74/100
|-damage|p2a: Incineroar|25/100|[from] Recoil
|-damage|p2a: Incineroar|15/100|[from] item: Life Orb
|
|upkeep
|turn|5
|
|t:|1784647783
|move|p1a: Incineroar|Fake Out|p2b: Mawile
|-resisted|p2b: Mawile|1
|-damage|p2b: Mawile|95/100
|cant|p2b: Mawile|flinch
|move|p2a: Incineroar|Darkest Lariat|p1b: Delphox
|-supereffective|p1b: Delphox|1
|-damage|p1b: Delphox|23/100
|-damage|p2a: Incineroar|5/100|[from] item: Life Orb
|move|p1b: Delphox|Heat Wave|p2a: Incineroar|[spread] p2a,p2b
|-resisted|p2a: Incineroar|1
|-supereffective|p2b: Mawile|1
|-damage|p2a: Incineroar|0 fnt
|-damage|p2b: Mawile|0 fnt
|faint|p2a: Incineroar
|faint|p2b: Mawile
|
|-fieldend|move: Trick Room
|upkeep
|
|t:|1784647786
|switch|p2b: Gallade|Gallade, L50, M|100/100
|turn|6
|
|t:|1784647795
|move|p1b: Delphox|Psyshock|p2b: Gallade
|-crit|p2b: Gallade
|-damage|p2b: Gallade|0 fnt
|faint|p2b: Gallade
|
|win|Prepucio Santos
|l|☆baggedchikin
|player|p2|
||Prepucio Santos is ready for game 2.
||baggedchikin is ready for game 2.
|uhtml|next|Next: Game 2 of 3
