|j|☆PepsiMaxmax
|j|☆heatvw
|html|PepsiMaxmaxheatvw    
|uhtml|bestof|Game 2 of a best-of-3
|t:|1756228953
|gametype|doubles
|player|p1|PepsiMaxmax|fisherman-gen4|1101
|player|p2|heatvw|gambler|1063
|gen|9
|tier|[Gen 9] VGC 2025 Reg H (Bo3)
|rated|
|rule|Species Clause: Limit one of each Pokémon
|rule|Item Clause: Limit 1 of each item
|clearpoke
|poke|p1|Mamoswine, L50, F|
|poke|p1|Annihilape, L50, F|
|poke|p1|Whimsicott, L50, M|
|poke|p1|Rillaboom, L50, M|
|poke|p1|Tyranitar, L50, F|
|poke|p1|Gholdengo, L50|
|poke|p2|Flamigo, L50, F|
|poke|p2|Ninetales-Alola, L50, F|
|poke|p2|Garchomp, L50, F|
|poke|p2|Incineroar, L50, F|
|poke|p2|Amoonguss, L50, F|
|poke|p2|Kingambit, L50, F|
|teampreview|4
|showteam|p1|Mamoswine||ClearAmulet|ThickFat|IcicleCrash,HighHorsepower,IceShard,Protect|||F|||50|,,,,,Grass]Annihilape||ChoiceScarf|VitalSpirit|Coaching,CloseCombat,FinalGambit,ShadowClaw|||F|||50|,,,,,Fire]Whimsicott||CovertCloak|Prankster|Moonblast,LightScreen,Tailwind,Encore|||M|||50|,,,,,Dragon]Rillaboom||AssaultVest|GrassySurge|GrassyGlide,FakeOut,DrumBeating,WoodHammer|||M|||50|,,,,,Water]Tyranitar||FocusSash|SandStream|RockSlide,KnockOff,Taunt,Protect|||F|||50|,,,,,Flying]Gholdengo||LifeOrb|GoodasGold|NastyPlot,MakeItRain,ShadowBall,Protect||||||50|,,,,,Steel
|showteam|p2|Flamigo||ChoiceBand|Scrappy|Uturn,CloseCombat,BraveBird,Facade|||F|||50|,,,,,Stellar]Ninetales-Alola||FocusSash|SnowWarning|Protect,Encore,IcyWind,Blizzard|||F|||50|,,,,,Ghost]Garchomp||LifeOrb|RoughSkin|DragonClaw,StompingTantrum,Earthquake,Protect|||F|||50|,,,,,Ground]Incineroar||SafetyGoggles|Intimidate|FakeOut,FlareBlitz,KnockOff,PartingShot|||F|||50|,,,,,Ghost]Amoonguss||SitrusBerry|Regenerator|Spore,RagePowder,PollenPuff,Protect|||F|||50|,,,,,Water]Kingambit||AssaultVest|Defiant|KowtowCleave,IronHead,LowKick,SuckerPunch|||F|||50|,,,,,Fire
|inactive|Battle timer is ON: inactive players will automatically lose when time's up. (requested by heatvw)
|
|t:|1756228979
|teamsize|p1|4
|teamsize|p2|4
|start
|switch|p1a: Whimsicott|Whimsicott, L50, M|100/100
|switch|p1b: Tyranitar|Tyranitar, L50, F|100/100
|switch|p2a: Flamigo|Flamigo, L50, F, shiny|100/100
|switch|p2b: Kingambit|Kingambit, L50, F|100/100
|-weather|Sandstorm|[from] ability: Sand Stream|[of] p1b: Tyranitar
|turn|1
|inactive|heatvw has 30 seconds left.
|inactive|heatvw has 20 seconds left.
|
|t:|1756229018
|move|p1a: Whimsicott|Tailwind|p1a: Whimsicott
|-sidestart|p1: PepsiMaxmax|move: Tailwind
|move|p1b: Tyranitar|Rock Slide|p2a: Flamigo|[spread] p2a,p2b
|-resisted|p2b: Kingambit
|-damage|p2a: Flamigo|57/100
|-damage|p2b: Kingambit|88/100
|move|p2a: Flamigo|U-turn|p1a: Whimsicott
|-damage|p1a: Whimsicott|55/100
|
|t:|1756229025
|switch|p2a: Garchomp|Garchomp, L50, F, shiny|100/100|[from] U-turn
|move|p2b: Kingambit|Low Kick|p1b: Tyranitar
|-supereffective|p1b: Tyranitar
|-enditem|p1b: Tyranitar|Focus Sash
|-damage|p1b: Tyranitar|1/100
|
|-weather|Sandstorm|[upkeep]
|-damage|p1a: Whimsicott|49/100|[from] Sandstorm
|upkeep
|turn|2
|inactive|PepsiMaxmax has 30 seconds left.
|inactive|heatvw has 30 seconds left.
|
|t:|1756229051
|move|p2b: Kingambit|Sucker Punch|p1b: Tyranitar
|-resisted|p1b: Tyranitar
|-damage|p1b: Tyranitar|0 fnt
|faint|p1b: Tyranitar
|move|p1a: Whimsicott|Moonblast|p2a: Garchomp
|-supereffective|p2a: Garchomp
|-damage|p2a: Garchomp|35/100
|move|p2a: Garchomp|Stomping Tantrum|p1a: Whimsicott
|-resisted|p1a: Whimsicott
|-damage|p1a: Whimsicott|20/100
|-damage|p2a: Garchomp|25/100|[from] item: Life Orb
|
|-weather|Sandstorm|[upkeep]
|-damage|p1a: Whimsicott|14/100|[from] Sandstorm
|upkeep
|
|t:|1756229066
|switch|p1b: Mamoswine|Mamoswine, L50, F|100/100
|turn|3
|
|t:|1756229082
|move|p1a: Whimsicott|Encore|p2b: Kingambit
|-hint|Since gen 7, Dark is immune to Prankster moves.
|-immune|p2b: Kingambit
|move|p1b: Mamoswine|Ice Shard|p2a: Garchomp
|-supereffective|p2a: Garchomp
|-damage|p2a: Garchomp|0 fnt
|faint|p2a: Garchomp
|move|p2b: Kingambit|Sucker Punch||[still]
|-fail|p2b: Kingambit
|
|-weather|Sandstorm|[upkeep]
|-damage|p1a: Whimsicott|8/100|[from] Sandstorm
|upkeep
|
|t:|1756229087
|switch|p2a: Ninetales|Ninetales-Alola, L50, F|100/100
|-weather|Snowscape|[from] ability: Snow Warning|[of] p2a: Ninetales
|turn|4
|
|t:|1756229102
|switch|p2b: Flamigo|Flamigo, L50, F, shiny|57/100
|move|p1a: Whimsicott|Light Screen|p1a: Whimsicott
|-sidestart|p1: PepsiMaxmax|move: Light Screen
|move|p1b: Mamoswine|High Horsepower|p2b: Flamigo
|-immune|p2b: Flamigo
|move|p2a: Ninetales|Blizzard|p1a: Whimsicott|[spread] p1a,p1b
|-supereffective|p1a: Whimsicott
|-damage|p1a: Whimsicott|0 fnt
|-damage|p1b: Mamoswine|87/100
|faint|p1a: Whimsicott
|
|-weather|Snowscape|[upkeep]
|-sideend|p1: PepsiMaxmax|move: Tailwind
|upkeep
|
|t:|1756229113
|switch|p1a: Rillaboom|Rillaboom, L50, M|100/100
|-fieldstart|move: Grassy Terrain|[from] ability: Grassy Surge|[of] p1a: Rillaboom
|turn|5
|
|t:|1756229134
|switch|p2b: Kingambit|Kingambit, L50, F|88/100
|-terastallize|p1a: Rillaboom|Water
|move|p1a: Rillaboom|Fake Out|p2b: Kingambit
|-resisted|p2b: Kingambit
|-damage|p2b: Kingambit|82/100
|move|p2a: Ninetales|Icy Wind|p1a: Rillaboom|[spread] p1b
|-miss|p2a: Ninetales|p1a: Rillaboom
|-damage|p1b: Mamoswine|81/100
|move|p1b: Mamoswine|Icicle Crash|p2b: Kingambit|[miss]
|-miss|p1b: Mamoswine|p2b: Kingambit
|
|-weather|Snowscape|[upkeep]
|-heal|p1b: Mamoswine|87/100|[from] Grassy Terrain
|-heal|p2b: Kingambit|88/100|[from] Grassy Terrain
|upkeep
|turn|6
|inactive|PepsiMaxmax has 30 seconds left.
|
|t:|1756229165
|-terastallize|p2b: Kingambit|Fire
|move|p2a: Ninetales|Encore|p1a: Rillaboom
|-start|p1a: Rillaboom|Encore
|move|p1a: Rillaboom|Fake Out||[still]
|-hint|Fake Out only works on your first turn out.
|-fail|p1a: Rillaboom
|move|p1b: Mamoswine|High Horsepower|p2b: Kingambit
|-supereffective|p2b: Kingambit
|-damage|p2b: Kingambit|2/100
|move|p2b: Kingambit|Low Kick|p1b: Mamoswine
|-supereffective|p1b: Mamoswine
|-damage|p1b: Mamoswine|26/100
|
|-weather|Snowscape|[upkeep]
|-heal|p1b: Mamoswine|32/100|[from] Grassy Terrain
|-heal|p2b: Kingambit|8/100|[from] Grassy Terrain
|upkeep
|turn|7
|-message|PepsiMaxmax forfeited.
|
|win|heatvw
|raw|PepsiMaxmax's rating: 1101 → 1073(-28 for losing)
|raw|heatvw's rating: 1063 → 1097(+34 for winning)
|l|☆PepsiMaxmax
|player|p1|
