|j|☆imlordkai
|j|☆EspeonEnthusiastUU
|html|imlordkaiEspeonEnthusiastUU    
|uhtml|bestof|Game 1 of a best-of-3
|t:|1757846898
|gametype|doubles
|player|p1|imlordkai|101|1158
|player|p2|EspeonEnthusiastUU|waiter-gen4dp|1057
|gen|9
|tier|[Gen 9] VGC 2025 Reg H (Bo3)
|rated|
|rule|Species Clause: Limit one of each Pokémon
|rule|Item Clause: Limit 1 of each item
|clearpoke
|poke|p1|Incineroar, L50, M|
|poke|p1|Porygon2, L50|
|poke|p1|Ursaluna, L50, M|
|poke|p1|Gholdengo, L50|
|poke|p1|Vivillon-Modern, L50, F|
|poke|p1|Rillaboom, L50, F|
|poke|p2|Annihilape, L50, M|
|poke|p2|Rillaboom, L50, F|
|poke|p2|Palafin, L50, F|
|poke|p2|Incineroar, L50, F|
|poke|p2|Perrserker, L50, M|
|poke|p2|Gliscor, L50, F|
|teampreview|4
|showteam|p1|Incineroar||AssaultVest|Intimidate|FakeOut,FlareBlitz,KnockOff,Uturn|||M|||50|,,,,,Grass]Porygon2||Eviolite|Download|TeraBlast,IceBeam,TrickRoom,Recover||||||50|,,,,,Fighting]Ursaluna||FlameOrb|Guts|Facade,HeadlongRush,Earthquake,Protect|||M|||50|,,,,,Ghost]Gholdengo||LifeOrb|GoodasGold|MakeItRain,ShadowBall,NastyPlot,Protect||||||50|,,,,,Dragon]Vivillon-Modern||FocusSash|CompoundEyes|Hurricane,Tailwind,SleepPowder,Protect|||F|||50|,,,,,Ghost]Rillaboom||MiracleSeed|GrassySurge|FakeOut,WoodHammer,GrassyGlide,HighHorsepower|||F|||50|,,,,,Fire
|showteam|p2|Annihilape||SafetyGoggles|Defiant|Coaching,RageFist,CloseCombat,Uturn|||M|||50|,,,,,Fire]Rillaboom||MiracleSeed|GrassySurge|WoodHammer,FakeOut,Uturn,GrassyGlide|||F|||50|,,,,,Grass]Palafin||ClearAmulet|ZerotoHero|Haze,WaveCrash,JetPunch,FlipTurn|||F|||50|,,,,,Water]Incineroar||MirrorHerb|Intimidate|KnockOff,FakeOut,PartingShot,FlareBlitz|||F|||50|,,,,,Grass]Perrserker||AssaultVest|ToughClaws|IronHead,CloseCombat,FakeOut,Uturn|||M|||50|,,,,,Bug]Gliscor||ChoiceBand|HyperCutter|Uturn,HighHorsepower,TeraBlast,DualWingbeat|||F|||50|,,,,,Ice
|inactive|Battle timer is ON: inactive players will automatically lose when time's up. (requested by imlordkai)
|inactive|imlordkai has 60 seconds left.
|inactive|EspeonEnthusiastUU has 60 seconds left.
|
|t:|1757846948
|teamsize|p1|4
|teamsize|p2|4
|start
|switch|p1a: Vivillon|Vivillon-Modern, L50, F|100/100
|switch|p1b: Ursaluna|Ursaluna, L50, M|100/100
|switch|p2a: Incineroar|Incineroar, L50, F|100/100
|switch|p2b: Rillaboom|Rillaboom, L50, F|100/100
|-fieldstart|move: Grassy Terrain|[from] ability: Grassy Surge|[of] p2b: Rillaboom
|-ability|p2a: Incineroar|Intimidate|boost
|-unboost|p1a: Vivillon|atk|1
|-unboost|p1b: Ursaluna|atk|1
|turn|1
|
|t:|1757846960
|move|p1a: Vivillon|Protect|p1a: Vivillon
|-singleturn|p1a: Vivillon|Protect
|move|p1b: Ursaluna|Protect|p1b: Ursaluna
|-singleturn|p1b: Ursaluna|Protect
|move|p2b: Rillaboom|Fake Out|p1b: Ursaluna
|-activate|p1b: Ursaluna|move: Protect
|move|p2a: Incineroar|Parting Shot|p1b: Ursaluna
|-activate|p1b: Ursaluna|move: Protect
|
|-status|p1b: Ursaluna|brn|[from] item: Flame Orb
|upkeep
|turn|2
|
|t:|1757846982
|switch|p2a: Gliscor|Gliscor, L50, F|100/100
|switch|p1b: Gholdengo|Gholdengo, L50|100/100
|move|p1a: Vivillon|Tailwind|p1a: Vivillon
|-sidestart|p1: imlordkai|move: Tailwind
|move|p2b: Rillaboom|Wood Hammer|p1b: Gholdengo
|-resisted|p1b: Gholdengo
|-damage|p1b: Gholdengo|46/100
|-damage|p2b: Rillaboom|86/100|[from] Recoil
|
|-heal|p1b: Gholdengo|52/100|[from] Grassy Terrain
|-heal|p2b: Rillaboom|92/100|[from] Grassy Terrain
|upkeep
|turn|3
|inactive|imlordkai has 30 seconds left.
|
|t:|1757847013
|switch|p2b: Perrserker|Perrserker, L50, M|100/100
|move|p1a: Vivillon|Sleep Powder|p2a: Gliscor
|-status|p2a: Gliscor|slp|[from] move: Sleep Powder
|move|p1b: Gholdengo|Nasty Plot|p1b: Gholdengo
|-boost|p1b: Gholdengo|spa|2
|cant|p2a: Gliscor|slp
|
|-heal|p1b: Gholdengo|58/100|[from] Grassy Terrain
|upkeep
|turn|4
|inactive|EspeonEnthusiastUU has 30 seconds left.
|
|t:|1757847039
|move|p1a: Vivillon|Sleep Powder|p2b: Perrserker
|-status|p2b: Perrserker|slp|[from] move: Sleep Powder
|move|p1b: Gholdengo|Nasty Plot|p1b: Gholdengo
|-boost|p1b: Gholdengo|spa|2
|cant|p2a: Gliscor|slp
|cant|p2b: Perrserker|slp
|
|-heal|p1b: Gholdengo|64/100|[from] Grassy Terrain
|upkeep
|turn|5
|
|t:|1757847057
|move|p1a: Vivillon|Hurricane|p2b: Perrserker
|-resisted|p2b: Perrserker
|-damage|p2b: Perrserker|79/100 slp
|move|p1b: Gholdengo|Make It Rain|p2a: Gliscor|[spread] p2a,p2b
|-resisted|p2b: Perrserker
|-damage|p2a: Gliscor|0 fnt
|-damage|p2b: Perrserker|0 fnt
|-unboost|p1b: Gholdengo|spa|1
|faint|p2a: Gliscor
|faint|p2b: Perrserker
|-damage|p1b: Gholdengo|54/100|[from] item: Life Orb
|
|-heal|p1b: Gholdengo|60/100|[from] Grassy Terrain
|-sideend|p1: imlordkai|move: Tailwind
|-fieldend|move: Grassy Terrain
|upkeep
|
|t:|1757847066
|switch|p2a: Incineroar|Incineroar, L50, F|100/100
|switch|p2b: Rillaboom|Rillaboom, L50, F|92/100
|-fieldstart|move: Grassy Terrain|[from] ability: Grassy Surge|[of] p2b: Rillaboom
|-ability|p2a: Incineroar|Intimidate|boost
|-unboost|p1a: Vivillon|atk|1
|-unboost|p1b: Gholdengo|atk|1
|turn|6
|
|t:|1757847086
|move|p1a: Vivillon|Protect|p1a: Vivillon
|-singleturn|p1a: Vivillon|Protect
|move|p1b: Gholdengo|Protect|p1b: Gholdengo
|-singleturn|p1b: Gholdengo|Protect
|move|p2b: Rillaboom|Fake Out|p1a: Vivillon
|-activate|p1a: Vivillon|move: Protect
|move|p2a: Incineroar|Flare Blitz|p1b: Gholdengo
|-activate|p1b: Gholdengo|move: Protect
|
|-heal|p1b: Gholdengo|67/100|[from] Grassy Terrain
|-heal|p2b: Rillaboom|98/100|[from] Grassy Terrain
|upkeep
|turn|7
|
|t:|1757847113
|-terastallize|p1b: Gholdengo|Dragon
|move|p2b: Rillaboom|Grassy Glide|p1a: Vivillon
|-resisted|p1a: Vivillon
|-damage|p1a: Vivillon|78/100
|move|p1a: Vivillon|Hurricane|p2b: Rillaboom
|-supereffective|p2b: Rillaboom
|-damage|p2b: Rillaboom|0 fnt
|faint|p2b: Rillaboom
|move|p1b: Gholdengo|Make It Rain|p2a: Incineroar
|-resisted|p2a: Incineroar
|-damage|p2a: Incineroar|8/100
|-unboost|p1b: Gholdengo|spa|1
|-damage|p1b: Gholdengo|57/100|[from] item: Life Orb
|move|p2a: Incineroar|Flare Blitz|p1b: Gholdengo
|-resisted|p1b: Gholdengo
|-damage|p1b: Gholdengo|27/100
|-damage|p2a: Incineroar|0 fnt|[from] Recoil
|faint|p2a: Incineroar
|
|win|imlordkai
|inactive|imlordkai has 30 seconds to confirm battle start!
|inactive|EspeonEnthusiastUU has 30 seconds to confirm battle start!
||imlordkai is ready for game 2.
||EspeonEnthusiastUU is ready for game 2.
|uhtml|next|Next: Game 2 of 3
