|j|☆ryoshino
|j|☆Grogguu
|html|ryoshinoGrogguu    
|uhtml|bestof|Game 1 of a best-of-3
|t:|1756605949
|gametype|doubles
|player|p1|ryoshino|2|1067
|player|p2|Grogguu|zinzolin|1114
|gen|9
|tier|[Gen 9] VGC 2025 Reg H (Bo3)
|rated|
|rule|Species Clause: Limit one of each Pokémon
|rule|Item Clause: Limit 1 of each item
|clearpoke
|poke|p1|Porygon2, L50|
|poke|p1|Dragonite, L50, F|
|poke|p1|Annihilape, L50, F|
|poke|p1|Incineroar, L50, F|
|poke|p1|Ursaluna, L50, F|
|poke|p1|Amoonguss, L50, F|
|poke|p2|Dragonite, L50, F|
|poke|p2|Sneasler, L50, M|
|poke|p2|Primarina, L50, F|
|poke|p2|Rillaboom, L50, M|
|poke|p2|Magmar, L50, F|
|poke|p2|Gholdengo, L50|
|teampreview|4
|showteam|p1|Porygon2||Eviolite|Download|TeraBlast,IceBeam,Recover,TrickRoom||||||50|,,,,,Fighting]Dragonite||LoadedDice|InnerFocus|ExtremeSpeed,ScaleShot,Tailwind,Protect|||F|||50|,,,,,Normal]Annihilape||ChoiceScarf|Defiant|RageFist,CloseCombat,FinalGambit,Coaching|||F|||50|,,,,,Fire]Incineroar||SafetyGoggles|Intimidate|FlareBlitz,KnockOff,PartingShot,FakeOut|||F|||50|,,,,,Ghost]Ursaluna||FlameOrb|Guts|Facade,HeadlongRush,Earthquake,Protect|||F|||50|,,,,,Ghost]Amoonguss||RockyHelmet|Regenerator|Spore,RagePowder,ClearSmog,PollenPuff|||F|||50|,,,,,Water
|showteam|p2|Dragonite||LoadedDice|Multiscale|ScaleShot,Tailwind,Haze,Protect|||F|||50|,,,,,Fairy]Sneasler||FocusSash|Unburden|CloseCombat,DireClaw,FakeOut,Protect|||M|||50|,,,,,Ghost]Primarina||SitrusBerry|LiquidVoice|HyperVoice,Moonblast,CalmMind,Protect|||F|||50|,,,,,Poison]Rillaboom||AssaultVest|GrassySurge|WoodHammer,KnockOff,GrassyGlide,FakeOut|||M|||50|,,,,,Psychic]Magmar||Eviolite|VitalSpirit|Overheat,FollowMe,Taunt,Protect|||F|||50|,,,,,Flying]Gholdengo||Leftovers|GoodasGold|MakeItRain,ShadowBall,Protect,NastyPlot||||||50|,,,,,Water
|inactive|Battle timer is ON: inactive players will automatically lose when time's up. (requested by ryoshino)
|inactive|Grogguu has 60 seconds left.
|
|t:|1756605999
|teamsize|p1|4
|teamsize|p2|4
|start
|switch|p1a: Incineroar|Incineroar, L50, F, shiny|100/100
|switch|p1b: Porygon2|Porygon2, L50, shiny|100/100
|switch|p2a: Sneasler|Sneasler, L50, M|100/100
|switch|p2b: Primarina|Primarina, L50, F|100/100
|-ability|p1a: Incineroar|Intimidate|boost
|-unboost|p2a: Sneasler|atk|1
|-unboost|p2b: Primarina|atk|1
|-ability|p1b: Porygon2|Download|boost
|-boost|p1b: Porygon2|atk|1
|turn|1
|inactive|Grogguu has 30 seconds left.
|
|t:|1756606030
|move|p2a: Sneasler|Protect|p2a: Sneasler
|-singleturn|p2a: Sneasler|Protect
|move|p1a: Incineroar|Fake Out|p2b: Primarina
|-damage|p2b: Primarina|87/100
|cant|p2b: Primarina|flinch
|move|p1b: Porygon2|Trick Room|p1b: Porygon2
|-fieldstart|move: Trick Room|[of] p1b: Porygon2
|
|upkeep
|turn|2
|
|t:|1756606043
|move|p1b: Porygon2|Tera Blast|p2b: Primarina
|-damage|p2b: Primarina|63/100
|move|p1a: Incineroar|Parting Shot|p2a: Sneasler
|-unboost|p2a: Sneasler|atk|1
|-unboost|p2a: Sneasler|spa|1
|
|t:|1756606046
|switch|p1a: Amoonguss|Amoonguss, L50, F, shiny|100/100|[from] Parting Shot
|move|p2b: Primarina|Calm Mind|p2b: Primarina
|-boost|p2b: Primarina|spa|1
|-boost|p2b: Primarina|spd|1
|move|p2a: Sneasler|Close Combat|p1b: Porygon2
|-supereffective|p1b: Porygon2
|-damage|p1b: Porygon2|66/100
|-unboost|p2a: Sneasler|def|1
|-unboost|p2a: Sneasler|spd|1
|
|upkeep
|turn|3
|
|t:|1756606063
|switch|p2a: Rillaboom|Rillaboom, L50, M|100/100
|-fieldstart|move: Grassy Terrain|[from] ability: Grassy Surge|[of] p2a: Rillaboom
|move|p2b: Primarina|Protect|p2b: Primarina
|-singleturn|p2b: Primarina|Protect
|move|p1a: Amoonguss|Clear Smog|p2b: Primarina
|-activate|p2b: Primarina|move: Protect
|move|p1b: Porygon2|Tera Blast|p2a: Rillaboom
|-damage|p2a: Rillaboom|79/100
|
|-heal|p1b: Porygon2|72/100|[from] Grassy Terrain
|-heal|p2b: Primarina|68/100|[from] Grassy Terrain
|-heal|p2a: Rillaboom|84/100|[from] Grassy Terrain
|upkeep
|turn|4
|
|t:|1756606083
|move|p2a: Rillaboom|Fake Out|p1a: Amoonguss
|-damage|p1a: Amoonguss|89/100
|-damage|p2a: Rillaboom|68/100|[from] item: Rocky Helmet|[of] p1a: Amoonguss
|cant|p1a: Amoonguss|flinch
|move|p1b: Porygon2|Recover|p1b: Porygon2
|-heal|p1b: Porygon2|100/100
|move|p2b: Primarina|Moonblast|p1b: Porygon2
|-damage|p1b: Porygon2|61/100
|
|-heal|p1a: Amoonguss|95/100|[from] Grassy Terrain
|-heal|p1b: Porygon2|67/100|[from] Grassy Terrain
|-heal|p2b: Primarina|74/100|[from] Grassy Terrain
|-heal|p2a: Rillaboom|74/100|[from] Grassy Terrain
|upkeep
|turn|5
|
|t:|1756606100
|switch|p1b: Incineroar|Incineroar, L50, F, shiny|100/100
|-ability|p1b: Incineroar|Intimidate|boost
|-unboost|p2a: Rillaboom|atk|1
|-unboost|p2b: Primarina|atk|1
|move|p1a: Amoonguss|Spore|p2b: Primarina
|-status|p2b: Primarina|slp|[from] move: Spore
|cant|p2b: Primarina|slp
|move|p2a: Rillaboom|Wood Hammer|p1b: Incineroar
|-resisted|p1b: Incineroar
|-damage|p1b: Incineroar|77/100
|-damage|p2a: Rillaboom|66/100|[from] Recoil
|
|-heal|p1a: Amoonguss|100/100|[from] Grassy Terrain
|-heal|p1b: Incineroar|83/100|[from] Grassy Terrain
|-heal|p2b: Primarina|80/100 slp|[from] Grassy Terrain
|-heal|p2a: Rillaboom|72/100|[from] Grassy Terrain
|-fieldend|move: Trick Room
|upkeep
|turn|6
|inactive|Grogguu has 30 seconds left.
|
|t:|1756606125
|switch|p2a: Sneasler|Sneasler, L50, M|100/100
|cant|p2b: Primarina|slp
|move|p1b: Incineroar|Parting Shot|p2a: Sneasler
|-unboost|p2a: Sneasler|atk|1
|-unboost|p2a: Sneasler|spa|1
|
|t:|1756606141
|switch|p1b: Ursaluna|Ursaluna, L50, F|100/100|[from] Parting Shot
|move|p1a: Amoonguss|Clear Smog|p2b: Primarina
|-supereffective|p2b: Primarina
|-crit|p2b: Primarina
|-damage|p2b: Primarina|38/100 slp
|-clearboost|p2b: Primarina
|-enditem|p2b: Primarina|Sitrus Berry|[eat]
|-heal|p2b: Primarina|63/100 slp|[from] item: Sitrus Berry
|
|-heal|p2b: Primarina|69/100 slp|[from] Grassy Terrain
|-status|p1b: Ursaluna|brn|[from] item: Flame Orb
|upkeep
|turn|7
|
|t:|1756606158
|switch|p1a: Incineroar|Incineroar, L50, F, shiny|83/100
|-ability|p1a: Incineroar|Intimidate|boost
|-unboost|p2a: Sneasler|atk|1
|-unboost|p2b: Primarina|atk|1
|-terastallize|p1b: Ursaluna|Ghost
|move|p2a: Sneasler|Close Combat|p1b: Ursaluna
|-immune|p1b: Ursaluna
|-curestatus|p2b: Primarina|slp|[msg]
|move|p2b: Primarina|Hyper Voice|p1a: Incineroar|[spread] p1a,p1b
|-supereffective|p1a: Incineroar
|-damage|p1a: Incineroar|27/100
|-damage|p1b: Ursaluna|67/100 brn
|move|p1b: Ursaluna|Facade|p2b: Primarina
|-damage|p2b: Primarina|0 fnt
|faint|p2b: Primarina
|
|-heal|p1a: Incineroar|33/100|[from] Grassy Terrain
|-heal|p1b: Ursaluna|73/100 brn|[from] Grassy Terrain
|-damage|p1b: Ursaluna|67/100 brn|[from] brn
|-fieldend|move: Grassy Terrain
|upkeep
|
|t:|1756606167
|switch|p2b: Rillaboom|Rillaboom, L50, M|72/100
|-fieldstart|move: Grassy Terrain|[from] ability: Grassy Surge|[of] p2b: Rillaboom
|turn|8
|
|t:|1756606180
|move|p2b: Rillaboom|Fake Out|p1a: Incineroar
|-damage|p1a: Incineroar|22/100
|cant|p1a: Incineroar|flinch
|move|p2a: Sneasler|Dire Claw|p1b: Ursaluna
|-resisted|p1b: Ursaluna
|-damage|p1b: Ursaluna|60/100 brn
|move|p1b: Ursaluna|Facade|p2b: Rillaboom
|-damage|p2b: Rillaboom|0 fnt
|faint|p2b: Rillaboom
|
|-heal|p1a: Incineroar|28/100|[from] Grassy Terrain
|-heal|p1b: Ursaluna|65/100 brn|[from] Grassy Terrain
|-damage|p1b: Ursaluna|60/100 brn|[from] brn
|upkeep
|
|t:|1756606194
|switch|p2b: Dragonite|Dragonite, L50, F|100/100
|turn|9
|
|t:|1756606209
|switch|p1a: Amoonguss|Amoonguss, L50, F, shiny|100/100
|move|p1b: Ursaluna|Protect|p1b: Ursaluna
|-singleturn|p1b: Ursaluna|Protect
|move|p2a: Sneasler|Close Combat|p1a: Amoonguss
|-resisted|p1a: Amoonguss
|-damage|p1a: Amoonguss|88/100
|-unboost|p2a: Sneasler|def|1
|-unboost|p2a: Sneasler|spd|1
|-damage|p2a: Sneasler|84/100|[from] item: Rocky Helmet|[of] p1a: Amoonguss
|move|p2b: Dragonite|Scale Shot|p1b: Ursaluna
|-activate|p1b: Ursaluna|move: Protect
|
|-heal|p2a: Sneasler|90/100|[from] Grassy Terrain
|-heal|p1b: Ursaluna|65/100 brn|[from] Grassy Terrain
|-heal|p1a: Amoonguss|94/100|[from] Grassy Terrain
|-damage|p1b: Ursaluna|60/100 brn|[from] brn
|upkeep
|turn|10
|
|t:|1756606224
|move|p1a: Amoonguss|Rage Powder|p1a: Amoonguss
|-singleturn|p1a: Amoonguss|move: Rage Powder
|move|p2a: Sneasler|Dire Claw|p1a: Amoonguss
|-damage|p1a: Amoonguss|77/100
|-damage|p2a: Sneasler|74/100|[from] item: Rocky Helmet|[of] p1a: Amoonguss
|move|p2b: Dragonite|Scale Shot|p1a: Amoonguss|[miss]
|-miss|p2b: Dragonite|p1a: Amoonguss
|move|p1b: Ursaluna|Facade|p2b: Dragonite
|-damage|p2b: Dragonite|35/100
|
|-heal|p2a: Sneasler|80/100|[from] Grassy Terrain
|-heal|p1b: Ursaluna|65/100 brn|[from] Grassy Terrain
|-heal|p1a: Amoonguss|83/100|[from] Grassy Terrain
|-damage|p1b: Ursaluna|60/100 brn|[from] brn
|upkeep
|turn|11
|
|t:|1756606238
|move|p1a: Amoonguss|Rage Powder|p1a: Amoonguss
|-singleturn|p1a: Amoonguss|move: Rage Powder
|move|p2a: Sneasler|Dire Claw|p1a: Amoonguss
|-damage|p1a: Amoonguss|65/100
|-status|p1a: Amoonguss|slp
|-damage|p2a: Sneasler|64/100|[from] item: Rocky Helmet|[of] p1a: Amoonguss
|move|p2b: Dragonite|Scale Shot|p1a: Amoonguss
|-crit|p1a: Amoonguss
|-damage|p1a: Amoonguss|46/100 slp
|-damage|p1a: Amoonguss|33/100 slp
|-damage|p1a: Amoonguss|22/100 slp
|-crit|p1a: Amoonguss
|-damage|p1a: Amoonguss|4/100 slp
|-hitcount|p1a: Amoonguss|4
|-unboost|p2b: Dragonite|def|1
|-boost|p2b: Dragonite|spe|1
|move|p1b: Ursaluna|Facade|p2b: Dragonite
|-damage|p2b: Dragonite|0 fnt
|faint|p2b: Dragonite
|
|-heal|p2a: Sneasler|70/100|[from] Grassy Terrain
|-heal|p1b: Ursaluna|65/100 brn|[from] Grassy Terrain
|-heal|p1a: Amoonguss|10/100 slp|[from] Grassy Terrain
|-damage|p1b: Ursaluna|60/100 brn|[from] brn
|upkeep
|turn|12
|
|t:|1756606249
|switch|p1a: Incineroar|Incineroar, L50, F, shiny|28/100
|-ability|p1a: Incineroar|Intimidate|boost
|-unboost|p2a: Sneasler|atk|1
|-terastallize|p2a: Sneasler|Ghost
|move|p2a: Sneasler|Dire Claw|p1b: Ursaluna
|-resisted|p1b: Ursaluna
|-damage|p1b: Ursaluna|54/100 brn
|move|p1b: Ursaluna|Headlong Rush|p2a: Sneasler
|-damage|p2a: Sneasler|0 fnt
|-unboost|p1b: Ursaluna|def|1
|-unboost|p1b: Ursaluna|spd|1
|faint|p2a: Sneasler
|
|win|ryoshino
||Grogguu is ready for game 2.
||ryoshino is ready for game 2.
|uhtml|next|Next: Game 2 of 3
|l|☆ryoshino
|player|p1|
