|j|☆forzalupi1912
|j|☆aqueousbloop
|html|forzalupi1912aqueousbloop    
|uhtml|bestof|Game 3 of a best-of-3
|t:|1756211729
|gametype|doubles
|player|p1|forzalupi1912|169|1046
|player|p2|aqueousbloop|101|1062
|gen|9
|tier|[Gen 9] VGC 2025 Reg H (Bo3)
|rated|
|rule|Species Clause: Limit one of each Pokémon
|rule|Item Clause: Limit 1 of each item
|clearpoke
|poke|p1|Charizard, L50, M|
|poke|p1|Torkoal, L50, F|
|poke|p1|Porygon2, L50|
|poke|p1|Incineroar, L50, M|
|poke|p1|Jumpluff, L50, F|
|poke|p1|Ursaluna, L50, M|
|poke|p2|Sneasler, L50, F|
|poke|p2|Basculegion, L50, M|
|poke|p2|Pelipper, L50, M|
|poke|p2|Indeedee-F, L50, F|
|poke|p2|Lurantis, L50, F|
|poke|p2|Hatterene, L50, F|
|teampreview|4
|showteam|p1|Charizard||ChoiceSpecs|SolarPower|HeatWave,Overheat,WeatherBall,AirSlash|||M|||50|,,,,,Ghost]Torkoal||EjectPack|Drought|Eruption,Overheat,HelpingHand,Protect|||F|||50|,,,,,Fire]Porygon2||Eviolite|Download|TeraBlast,IceBeam,Recover,TrickRoom||||||50|,,,,,Fighting]Incineroar||SitrusBerry|Intimidate|FlareBlitz,KnockOff,FakeOut,PartingShot|||M|||50|,,,,,Ghost]Jumpluff||CovertCloak|Chlorophyll|SleepPowder,SunnyDay,RagePowder,Tailwind|||F|||50|,,,,,Water]Ursaluna||FlameOrb|Guts|HeadlongRush,Facade,Earthquake,Protect|||M|||50|,,,,,Ghost
|showteam|p2|Sneasler||PsychicSeed|Unburden|ThroatChop,CloseCombat,DireClaw,FakeOut|||F|||50|,,,,,Dark]Basculegion||ChoiceBand|SwiftSwim|FlipTurn,WaveCrash,LastRespects,AquaJet|||M|||50|,,,,,Grass]Pelipper||FocusSash|Drizzle|Hurricane,WeatherBall,WideGuard,Protect|||M|||50|,,,,,Ghost]Indeedee-F||SafetyGoggles|PsychicSurge|TrickRoom,FollowMe,HelpingHand,Psychic|||F|||50|,,,,,Fairy]Lurantis||AssaultVest|Contrary|Superpower,LeafBlade,KnockOff,LeechLife|||F|||50|,,,,,Poison]Hatterene||LifeOrb|MagicBounce|TrickRoom,ExpandingForce,DazzlingGleam,Protect|||F|||50|,,,,,Psychic
|inactive|Battle timer is ON: inactive players will automatically lose when time's up. (requested by forzalupi1912)
|inactive|aqueousbloop has 60 seconds left.
|
|t:|1756211790
|teamsize|p1|4
|teamsize|p2|4
|start
|switch|p1a: Porygon2|Porygon2, L50|100/100
|switch|p1b: Jumpluff|Jumpluff, L50, F|100/100
|switch|p2a: Basculegion|Basculegion, L50, M|100/100
|switch|p2b: Sneasler|Sneasler, L50, F|100/100
|-ability|p1a: Porygon2|Download|boost
|-boost|p1a: Porygon2|atk|1
|turn|1
|inactive|forzalupi1912 has 30 seconds left.
|inactive|aqueousbloop has 30 seconds left.
|inactive|aqueousbloop has 20 seconds left.
|inactive|aqueousbloop has 15 seconds left.
|inactive|aqueousbloop has 10 seconds left.
|inactive|aqueousbloop has 5 seconds left.
|
|t:|1756211841
|-terastallize|p2a: Basculegion|Grass
|move|p2b: Sneasler|Fake Out|p1b: Jumpluff
|-damage|p1b: Jumpluff|80/100
|move|p1b: Jumpluff|Sunny Day|p1b: Jumpluff
|-weather|SunnyDay
|move|p2a: Basculegion|Wave Crash|p1a: Porygon2
|-damage|p1a: Porygon2|72/100
|-damage|p2a: Basculegion|91/100|[from] Recoil
|move|p1a: Porygon2|Tera Blast|p2b: Sneasler
|-damage|p2b: Sneasler|50/100
|
|-weather|SunnyDay|[upkeep]
|upkeep
|turn|2
|inactive|aqueousbloop has 30 seconds left.
|
|t:|1756211869
|move|p1b: Jumpluff|Tailwind|p1b: Jumpluff
|-sidestart|p1: forzalupi1912|move: Tailwind
|move|p2b: Sneasler|Dire Claw|p1b: Jumpluff
|-supereffective|p1b: Jumpluff
|-damage|p1b: Jumpluff|0 fnt
|faint|p1b: Jumpluff
|move|p1a: Porygon2|Ice Beam|p2a: Basculegion
|-supereffective|p2a: Basculegion
|-damage|p2a: Basculegion|19/100
|move|p2a: Basculegion|Wave Crash|p1a: Porygon2
|-damage|p1a: Porygon2|41/100
|-damage|p2a: Basculegion|9/100|[from] Recoil
|
|-weather|SunnyDay|[upkeep]
|upkeep
|
|t:|1756211885
|switch|p1b: Charizard|Charizard, L50, M|100/100
|turn|3
|inactive|aqueousbloop has 30 seconds left.
|
|t:|1756211911
|switch|p2b: Pelipper|Pelipper, L50, M|100/100
|-weather|RainDance|[from] ability: Drizzle|[of] p2b: Pelipper
|move|p1b: Charizard|Heat Wave|p2a: Basculegion|[spread] p2b
|-miss|p1b: Charizard|p2a: Basculegion
|-resisted|p2b: Pelipper
|-damage|p2b: Pelipper|83/100
|move|p2a: Basculegion|Wave Crash|p1b: Charizard
|-supereffective|p1b: Charizard
|-damage|p1b: Charizard|0 fnt
|faint|p1b: Charizard
|-damage|p2a: Basculegion|0 fnt|[from] Recoil
|faint|p2a: Basculegion
|move|p1a: Porygon2|Tera Blast|p2b: Pelipper
|-damage|p2b: Pelipper|29/100
|
|-weather|RainDance|[upkeep]
|upkeep
|
|t:|1756211931
|switch|p1b: Torkoal|Torkoal, L50, F|100/100
|switch|p2a: Lurantis|Lurantis, L50, F|100/100
|-weather|SunnyDay|[from] ability: Drought|[of] p1b: Torkoal
|turn|4
|inactive|aqueousbloop has 30 seconds left.
|inactive|forzalupi1912 has 30 seconds left.
|inactive|aqueousbloop has 20 seconds left.
|inactive|aqueousbloop has 15 seconds left.
|
|t:|1756211980
|move|p2b: Pelipper|Wide Guard|p2b: Pelipper
|-singleturn|p2b: Pelipper|Wide Guard
|move|p1a: Porygon2|Recover|p1a: Porygon2
|-heal|p1a: Porygon2|91/100
|move|p1b: Torkoal|Eruption|p2a: Lurantis|[spread] 
|-activate|p2a: Lurantis|move: Wide Guard
|-activate|p2b: Pelipper|move: Wide Guard
|move|p2a: Lurantis|Superpower|p1b: Torkoal
|-damage|p1b: Torkoal|73/100
|-boost|p2a: Lurantis|atk|1
|-boost|p2a: Lurantis|def|1
|
|-weather|SunnyDay|[upkeep]
|upkeep
|turn|5
|inactive|aqueousbloop has 30 seconds left.
|inactive|aqueousbloop has 20 seconds left.
|inactive|aqueousbloop has 15 seconds left.
|inactive|aqueousbloop has 10 seconds left.
|
|t:|1756212030
|move|p1b: Torkoal|Protect|p1b: Torkoal
|-singleturn|p1b: Torkoal|Protect
|move|p2b: Pelipper|Hurricane|p1b: Torkoal
|-activate|p1b: Torkoal|move: Protect
|move|p2a: Lurantis|Superpower|p1a: Porygon2
|-supereffective|p1a: Porygon2
|-damage|p1a: Porygon2|19/100
|-boost|p2a: Lurantis|atk|1
|-boost|p2a: Lurantis|def|1
|move|p1a: Porygon2|Trick Room|p1a: Porygon2
|-fieldstart|move: Trick Room|[of] p1a: Porygon2
|
|-weather|SunnyDay|[upkeep]
|-sideend|p1: forzalupi1912|move: Tailwind
|upkeep
|turn|6
|inactive|aqueousbloop has 30 seconds left.
|inactive|aqueousbloop has 20 seconds left.
|inactive|aqueousbloop has 15 seconds left.
|inactive|aqueousbloop has 10 seconds left.
|
|t:|1756212078
|move|p1b: Torkoal|Overheat|p2a: Lurantis
|-supereffective|p2a: Lurantis
|-damage|p2a: Lurantis|0 fnt
|-unboost|p1b: Torkoal|spa|2
|faint|p2a: Lurantis
|move|p1a: Porygon2|Recover|p1a: Porygon2
|-heal|p1a: Porygon2|69/100
|move|p2b: Pelipper|Hurricane|p1b: Torkoal
|-damage|p1b: Torkoal|0 fnt
|faint|p1b: Torkoal
|
|-weather|SunnyDay|[upkeep]
|upkeep
|
|t:|1756212090
|switch|p2a: Sneasler|Sneasler, L50, F|50/100
|turn|7
|inactive|forzalupi1912 has 30 seconds left.
|inactive|forzalupi1912 has 20 seconds left.
|inactive|forzalupi1912 has 15 seconds left.
|inactive|forzalupi1912 has 10 seconds left.
|
|t:|1756212136
|move|p2a: Sneasler|Fake Out|p1a: Porygon2
|-damage|p1a: Porygon2|58/100
|cant|p1a: Porygon2|flinch
|move|p2b: Pelipper|Weather Ball|p1a: Porygon2
|-damage|p1a: Porygon2|29/100
|
|-weather|SunnyDay|[upkeep]
|upkeep
|turn|8
|
|t:|1756212153
|move|p1a: Porygon2|Recover|p1a: Porygon2
|-heal|p1a: Porygon2|79/100
|move|p2b: Pelipper|Weather Ball|p1a: Porygon2
|-damage|p1a: Porygon2|46/100
|move|p2a: Sneasler|Dire Claw|p1a: Porygon2
|-damage|p1a: Porygon2|18/100
|
|-weather|none
|upkeep
|turn|9
|inactive|forzalupi1912 has 30 seconds left.
|inactive|aqueousbloop has 30 seconds left.
|-message|forzalupi1912 forfeited.
|
|win|aqueousbloop
|raw|forzalupi1912's rating: 1046 → 1030(-16 for losing)
|raw|aqueousbloop's rating: 1062 → 1091(+29 for winning)
|l|☆forzalupi1912
|player|p1|
