|j|☆ninjakhanhh
|j|☆Sylviana GL
|html|ninjakhanhhSylviana GL    
|uhtml|bestof|Game 2 of a best-of-3
|t:|1784190680
|gametype|doubles
|player|p1|ninjakhanhh|2|1121
|player|p2|Sylviana GL|caitlin|1165
|gen|9
|tier|[Gen 9 Champions] VGC 2026 Reg M-B (Bo3)
|rated|
|rule|Species Clause: Limit one of each Pokémon
|rule|Item Clause: Limit 1 of each item
|clearpoke
|poke|p1|Floette-Eternal, L50, F|
|poke|p1|Meowstic, L50, M|
|poke|p1|Sinistcha-Masterpiece, L50|
|poke|p1|Delphox, L50, F|
|poke|p1|Garchomp, L50, F|
|poke|p1|Orthworm, L50, F|
|poke|p2|Aerodactyl, L50, M, shiny|
|poke|p2|Charizard, L50, F|
|poke|p2|Sylveon, L50, M|
|poke|p2|Garchomp, L50, M|
|poke|p2|Kingambit, L50, M|
|poke|p2|Incineroar, L50, M|
|teampreview|4
|showteam|p1|Floette-Eternal||Floettite|FlowerVeil|CalmMind,DrainingKiss,LightofRuin,Protect|Modest||F|||50|]Meowstic||LightClay|Prankster|ThunderWave,FakeOut,LightScreen,Reflect|Bold||M|||50|]Sinistcha-Masterpiece||Leftovers|Hospitality|MatchaGotcha,ShadowBall,RagePowder,LifeDew|Calm|||||50|]Delphox||Delphoxite|Magician|NastyPlot,HeatWave,Psychic,Protect|Timid||F|||50|]Garchomp||LifeOrb|RoughSkin|Earthquake,DragonClaw,RockSlide,Protect|Jolly||F|||50|]Orthworm||SitrusBerry|EarthEater|BodyPress,IronDefense,ShedTail,IronHead|Impish||F|||50|
|showteam|p2|Aerodactyl||Aerodactylite|Unnerve|RockSlide,IceFang,Tailwind,WideGuard|Jolly||M|||50|]Charizard||CharizarditeY|Blaze|HeatWave,WeatherBall,SolarBeam,Protect|Modest||F|||50|]Sylveon||FairyFeather|Pixilate|HyperVoice,HyperBeam,QuickAttack,Detect|Modest||M|||50|]Garchomp||LifeOrb|RoughSkin|DragonClaw,Earthquake,StompingTantrum,Protect|Jolly||M|||50|]Kingambit||FocusSash|Defiant|SuckerPunch,KowtowCleave,IronHead,Protect|Adamant||M|||50|]Incineroar||SitrusBerry|Intimidate|FlareBlitz,ThroatChop,FakeOut,PartingShot|Impish||M|||50|
|inactive|Battle timer is ON: inactive players will automatically lose when time's up. (requested by ninjakhanhh)
|
|t:|1784190713
|teamsize|p1|4
|teamsize|p2|4
|start
|switch|p1a: Floette|Floette-Eternal, L50, F|100/100
|switch|p1b: Meowstic|Meowstic, L50, M|100/100
|switch|p2a: Aerodactyl|Aerodactyl, L50, M, shiny|100/100
|switch|p2b: Kingambit|Kingambit, L50, M|100/100
|-ability|p2a: Aerodactyl|Unnerve
|turn|1
|
|t:|1784190735
|detailschange|p1a: Floette|Floette-Mega, L50, F
|-mega|p1a: Floette|Floette|Floettite
|-ability|p1a: Floette|Fairy Aura
|move|p2b: Kingambit|Protect|p2b: Kingambit
|-singleturn|p2b: Kingambit|Protect
|move|p1b: Meowstic|Fake Out|p2b: Kingambit
|-activate|p2b: Kingambit|move: Protect
|move|p2a: Aerodactyl|Tailwind|p2a: Aerodactyl
|-sidestart|p2: Sylviana GL|move: Tailwind
|move|p1a: Floette|Draining Kiss|p2a: Aerodactyl
|-damage|p2a: Aerodactyl|50/100g
|
|upkeep
|turn|2
|inactive|ninjakhanhh has 30 seconds left.
|inactive|ninjakhanhh has 20 seconds left.
|
|t:|1784190775
|switch|p2a: Charizard|Charizard, L50, F|100/100
|switch|p1b: Garchomp|Garchomp, L50, F|100/100
|move|p1a: Floette|Protect|p1a: Floette
|-singleturn|p1a: Floette|Protect
|move|p2b: Kingambit|Iron Head|p1a: Floette
|-activate|p1a: Floette|move: Protect
|
|upkeep
|turn|3
|inactive|ninjakhanhh has 30 seconds left.
|inactive|ninjakhanhh has 20 seconds left.
|inactive|ninjakhanhh has 15 seconds left.
|
|t:|1784190819
|switch|p1a: Meowstic|Meowstic, L50, M|100/100
|detailschange|p2a: Charizard|Charizard-Mega-Y, L50, F
|-mega|p2a: Charizard|Charizard|Charizardite Y
|-weather|SunnyDay|[from] ability: Drought|[of] p2a: Charizard
|move|p2a: Charizard|Weather Ball|p1b: Garchomp
|-resisted|p1b: Garchomp|1
|-damage|p1b: Garchomp|51/100
|move|p2b: Kingambit|Kowtow Cleave|p1b: Garchomp
|-damage|p1b: Garchomp|4/100
|-damage|p2b: Kingambit|87/100|[from] ability: Rough Skin|[of] p1b: Garchomp
|move|p1b: Garchomp|Earthquake|p2b: Kingambit|[spread] p1a,p2b
|-immune|p2a: Charizard
|-supereffective|p2b: Kingambit|1
|-damage|p1a: Meowstic|54/100
|-damage|p2b: Kingambit|11/100
|-damage|p1b: Garchomp|0 fnt|[from] item: Life Orb
|faint|p1b: Garchomp
|
|-weather|SunnyDay|[upkeep]
|upkeep
|
|t:|1784190826
|switch|p1b: Floette|Floette-Mega, L50, F|100/100
|-ability|p1b: Floette|Fairy Aura
|turn|4
|
|t:|1784190844
|move|p1a: Meowstic|Fake Out|p2b: Kingambit
|-resisted|p2b: Kingambit|1
|-damage|p2b: Kingambit|9/100
|move|p2a: Charizard|Heat Wave|p1b: Floette|[spread] p1a,p1b
|-damage|p1a: Meowstic|0 fnt
|-damage|p1b: Floette|53/100
|-status|p1b: Floette|brn
|faint|p1a: Meowstic
|cant|p2b: Kingambit|flinch
|move|p1b: Floette|Calm Mind|p1b: Floette
|-boost|p1b: Floette|spa|1
|-boost|p1b: Floette|spd|1
|
|-weather|SunnyDay|[upkeep]
|-damage|p1b: Floette|46/100 brn|[from] brn
|-sideend|p2: Sylviana GL|move: Tailwind
|upkeep
|
|t:|1784190854
|switch|p1a: Sinistcha|Sinistcha-Masterpiece, L50|100/100
|-heal|p1b: Floette|71/100 brn|[from] ability: Hospitality|[of] p1a: Sinistcha
|turn|5
|
|t:|1784190873
|switch|p2b: Aerodactyl|Aerodactyl, L50, M, shiny|50/100g
|-ability|p2b: Aerodactyl|Unnerve
|move|p2a: Charizard|Heat Wave|p1a: Sinistcha|[spread] p1a,p1b
|-supereffective|p1a: Sinistcha|1
|-damage|p1a: Sinistcha|0 fnt
|-damage|p1b: Floette|39/100 brn
|faint|p1a: Sinistcha
|move|p1b: Floette|Draining Kiss|p2b: Aerodactyl
|-crit|p2b: Aerodactyl
|-damage|p2b: Aerodactyl|0 fnt
|-heal|p1b: Floette|78/100 brn|[from] drain|[of] p2b: Aerodactyl
|faint|p2b: Aerodactyl
|
|-weather|SunnyDay|[upkeep]
|-damage|p1b: Floette|72/100 brn|[from] brn
|upkeep
|
|t:|1784190883
|switch|p2b: Sylveon|Sylveon, L50, M|100/100
|turn|6
|
|t:|1784190889
|move|p2b: Sylveon|Detect|p2b: Sylveon
|-singleturn|p2b: Sylveon|Protect
|move|p2a: Charizard|Weather Ball|p1b: Floette
|-damage|p1b: Floette|30/100 brn
|move|p1b: Floette|Draining Kiss|p2b: Sylveon
|-activate|p2b: Sylveon|move: Protect
|
|-weather|SunnyDay|[upkeep]
|-damage|p1b: Floette|24/100 brn|[from] brn
|upkeep
|turn|7
|
|t:|1784190900
|switch|p2b: Kingambit|Kingambit, L50, M|9/100
|move|p2a: Charizard|Weather Ball|p1b: Floette
|-damage|p1b: Floette|0 fnt
|faint|p1b: Floette
|
|win|Sylviana GL
||Sylviana GL is ready for game 3.
|l|☆ninjakhanhh
|player|p1|
|inactive|ninjakhanhh has 30 seconds to confirm battle start!
|j|☆ninjakhanhh
|player|p1|ninjakhanhh|2|
|inactive|ninjakhanhh has 20 seconds to confirm battle start!
||ninjakhanhh is ready for game 3.
|uhtml|next|Next: Game 3 of 3
