|j|☆Refanner
|j|☆vamioli
|html|Refannervamioli    
|uhtml|bestof|Game 1 of a best-of-3
|t:|1782736526
|gametype|doubles
|player|p1|Refanner|102|1088
|player|p2|vamioli|265|1152
|gen|9
|tier|[Gen 9 Champions] VGC 2026 Reg M-B (Bo3)
|rated|
|rule|Species Clause: Limit one of each Pokémon
|rule|Item Clause: Limit 1 of each item
|clearpoke
|poke|p1|Staraptor, L50, M|
|poke|p1|Raichu, L50, F|
|poke|p1|Sinistcha-Masterpiece, L50|
|poke|p1|Incineroar, L50, M|
|poke|p1|Metagross, L50|
|poke|p1|Hydreigon, L50, M|
|poke|p2|Annihilape, L50, F|
|poke|p2|Corviknight, L50, F|
|poke|p2|Whimsicott, L50, F|
|poke|p2|Sinistcha, L50|
|poke|p2|Excadrill, L50, M|
|poke|p2|Tyranitar, L50, M|
|teampreview|4
|showteam|p1|Staraptor||Staraptite|Intimidate|CloseCombat,BraveBird,Roost,Protect|Adamant||M|||50|]Raichu||RaichuniteX|LightningRod|VoltTackle,VoltSwitch,PlayRough,FakeOut|Hasty||F|||50|]Sinistcha-Masterpiece||KasibBerry|Hospitality|MatchaGotcha,RagePowder,TrickRoom,Protect|Bold|||||50|]Incineroar||SitrusBerry|Intimidate|FlareBlitz,FakeOut,DarkestLariat,PartingShot|Adamant||M|||50|]Metagross||MetalCoat|ClearBody|IronHead,PsychicFangs,StompingTantrum,Protect|Adamant|||||50|]Hydreigon||ChoiceScarf|Levitate|DarkPulse,Snarl,DracoMeteor,EarthPower|Timid||M|||50|
|showteam|p2|Annihilape||Leftovers|Defiant|Protect,RageFist,DrainPunch,BulkUp|Adamant||F|||50|]Corviknight||SharpBeak|MirrorArmor|Roost,Tailwind,BodyPress,BraveBird|Impish||F|||50|]Whimsicott||CobaBerry|Prankster|Moonblast,Protect,Tailwind,Encore|Timid||F|||50|]Sinistcha||SitrusBerry|Hospitality|RagePowder,MatchaGotcha,Protect,TrickRoom|Bold|||||50|]Excadrill||FocusSash|SandRush|IronHead,HighHorsepower,Protect,RockSlide|Adamant||M|||50|]Tyranitar||Tyranitarite|SandStream|DragonDance,KnockOff,RockSlide,Protect|Adamant||M|||50|
|inactive|Battle timer is ON: inactive players will automatically lose when time's up. (requested by vamioli)
|inactive|Refanner has 60 seconds left.
|
|t:|1782736611
|teamsize|p1|4
|teamsize|p2|4
|start
|switch|p1a: Staraptor|Staraptor, L50, M|100/100
|switch|p1b: Raichu|Raichu, L50, F|100/100
|switch|p2a: Tyranitar|Tyranitar, L50, M|100/100
|switch|p2b: Whimsicott|Whimsicott, L50, F|100/100
|-ability|p1a: Staraptor|Intimidate|boost
|-unboost|p2a: Tyranitar|atk|1
|-unboost|p2b: Whimsicott|atk|1
|-weather|Sandstorm|[from] ability: Sand Stream|[of] p2a: Tyranitar
|turn|1
|inactive|vamioli has 30 seconds left.
|
|t:|1782736638
|detailschange|p1a: Staraptor|Staraptor-Mega, L50, M
|-mega|p1a: Staraptor|Staraptor|Staraptite
|move|p2b: Whimsicott|Protect|p2b: Whimsicott
|-singleturn|p2b: Whimsicott|Protect
|move|p2a: Tyranitar|Protect|p2a: Tyranitar
|-singleturn|p2a: Tyranitar|Protect
|move|p1b: Raichu|Fake Out|p2b: Whimsicott
|-activate|p2b: Whimsicott|move: Protect
|move|p1a: Staraptor|Close Combat|p2a: Tyranitar
|-activate|p2a: Tyranitar|move: Protect
|
|-weather|Sandstorm|[upkeep]
|-damage|p2b: Whimsicott|94/100|[from] Sandstorm
|-damage|p1b: Raichu|94/100|[from] Sandstorm
|-damage|p1a: Staraptor|94/100|[from] Sandstorm
|upkeep
|turn|2
|inactive|vamioli has 30 seconds left.
|inactive|vamioli has 20 seconds left.
|
|t:|1782736674
|switch|p1b: Sinistcha|Sinistcha-Masterpiece, L50|100/100
|-heal|p1a: Staraptor|100/100|[from] ability: Hospitality|[of] p1b: Sinistcha
|switch|p2a: Excadrill|Excadrill, L50, M|100/100
|move|p2b: Whimsicott|Moonblast|p1a: Staraptor
|-supereffective|p1a: Staraptor|1
|-damage|p1a: Staraptor|29/100
|move|p1a: Staraptor|Close Combat|p2a: Excadrill
|-supereffective|p2a: Excadrill|1
|-crit|p2a: Excadrill
|-enditem|p2a: Excadrill|Focus Sash
|-damage|p2a: Excadrill|1/100
|-boost|p1a: Staraptor|def|1
|-boost|p1a: Staraptor|spd|1
|
|-weather|Sandstorm|[upkeep]
|-damage|p2b: Whimsicott|88/100|[from] Sandstorm
|-damage|p1a: Staraptor|24/100|[from] Sandstorm
|-damage|p1b: Sinistcha|93/100|[from] Sandstorm
|upkeep
|turn|3
|inactive|vamioli has 30 seconds left.
|inactive|Refanner has 30 seconds left.
|inactive|Refanner has 20 seconds left.
|inactive|Refanner has 15 seconds left.
|inactive|Refanner has 10 seconds left.
|inactive|Refanner has 5 seconds left.
|
|t:|1782736733
|switch|p1a: Raichu|Raichu, L50, F|94/100
|move|p2a: Excadrill|Rock Slide|p1a: Raichu|[spread] p1a,p1b
|-damage|p1a: Raichu|45/100
|-damage|p1b: Sinistcha|74/100
|move|p2b: Whimsicott|Moonblast|p1b: Sinistcha
|-damage|p1b: Sinistcha|40/100
|move|p1b: Sinistcha|Trick Room|p1b: Sinistcha
|-fieldstart|move: Trick Room|[of] p1b: Sinistcha
|
|-weather|Sandstorm|[upkeep]
|-damage|p1b: Sinistcha|34/100|[from] Sandstorm
|-damage|p1a: Raichu|39/100|[from] Sandstorm
|-damage|p2b: Whimsicott|82/100|[from] Sandstorm
|upkeep
|turn|4
|inactive|Refanner has 30 seconds left.
|inactive|vamioli has 30 seconds left.
|inactive|vamioli has 20 seconds left.
|
|t:|1782736771
|move|p2a: Excadrill|Protect|p2a: Excadrill
|-singleturn|p2a: Excadrill|Protect
|move|p2b: Whimsicott|Encore|p1b: Sinistcha
|-start|p1b: Sinistcha|Encore
|move|p1a: Raichu|Volt Switch|p2b: Whimsicott
|-resisted|p2b: Whimsicott|1
|-crit|p2b: Whimsicott
|-damage|p2b: Whimsicott|51/100
|
|t:|1782736781
|switch|p1a: Staraptor|Staraptor-Mega, L50, M|24/100|[from] Volt Switch
|move|p1b: Sinistcha|Trick Room|p1b: Sinistcha
|-fieldend|move: Trick Room
|
|-weather|Sandstorm|[upkeep]
|-damage|p2b: Whimsicott|45/100|[from] Sandstorm
|-damage|p1a: Staraptor|18/100|[from] Sandstorm
|-damage|p1b: Sinistcha|28/100|[from] Sandstorm
|upkeep
|turn|5
|
|t:|1782736795
|switch|p1b: Hydreigon|Hydreigon, L50, M|100/100
|move|p1a: Staraptor|Protect|p1a: Staraptor
|-singleturn|p1a: Staraptor|Protect
|move|p2a: Excadrill|Rock Slide|p1b: Hydreigon|[spread] p1b
|-activate|p1a: Staraptor|move: Protect
|-damage|p1b: Hydreigon|73/100
|move|p2b: Whimsicott|Moonblast|p1b: Hydreigon
|-supereffective|p1b: Hydreigon|2
|-damage|p1b: Hydreigon|0 fnt
|faint|p1b: Hydreigon
|
|-weather|none
|upkeep
|
|t:|1782736804
|switch|p1b: Sinistcha|Sinistcha-Masterpiece, L50|28/100
|-heal|p1a: Staraptor|42/100|[from] ability: Hospitality|[of] p1b: Sinistcha
|turn|6
|
|t:|1782736830
|switch|p1b: Raichu|Raichu, L50, F|39/100
|move|p2b: Whimsicott|Moonblast|p1a: Staraptor
|-supereffective|p1a: Staraptor|1
|-damage|p1a: Staraptor|0 fnt
|faint|p1a: Staraptor
|move|p2a: Excadrill|Iron Head|p1b: Raichu
|-resisted|p1b: Raichu|1
|-damage|p1b: Raichu|0 fnt
|faint|p1b: Raichu
|
|upkeep
|-message|Refanner forfeited.
|
|win|vamioli
||Refanner is ready for game 2.
||vamioli is ready for game 2.
|uhtml|next|Next: Game 2 of 3
