|j|☆SamuelJacksonheehe
|j|☆puka puki
|html|SamuelJacksonheehepuka puki    
|uhtml|bestof|Game 1 of a best-of-3
|t:|1757696036
|gametype|doubles
|player|p1|SamuelJacksonheehe|101|1333
|player|p2|puka puki|170|1426
|gen|9
|tier|[Gen 9] VGC 2025 Reg H (Bo3)
|rated|
|rule|Species Clause: Limit one of each Pokémon
|rule|Item Clause: Limit 1 of each item
|clearpoke
|poke|p1|Pelipper, L50, F|
|poke|p1|Archaludon, L50, M|
|poke|p1|Dragonite, L50, M|
|poke|p1|Annihilape, L50, M|
|poke|p1|Basculegion, L50, M|
|poke|p1|Amoonguss, L50, F|
|poke|p2|Grimmsnarl, L50, M|
|poke|p2|Archaludon, L50, F|
|poke|p2|Sinistcha, L50|
|poke|p2|Pelipper, L50, F|
|poke|p2|Maushold, L50|
|poke|p2|Annihilape, L50, F|
|teampreview|4
|showteam|p1|Pelipper||FocusSash|Drizzle|MuddyWater,Hurricane,Tailwind,Protect|||F|||50|,,,,,Dark]Archaludon||AssaultVest|Stamina|ElectroShot,DracoMeteor,BodyPress,FlashCannon|||M|||50|,,,,,Fighting]Dragonite||LoadedDice|Multiscale|ScaleShot,ExtremeSpeed,Haze,Protect|||M|||50|,,,,,Fairy]Annihilape||SafetyGoggles|Defiant|FinalGambit,CloseCombat,RageFist,Taunt|||M|||50|,,,,,Fire]Basculegion||ChoiceBand|SwiftSwim|WaveCrash,LastRespects,AquaJet,FlipTurn|||M|||50|,,,,,Water]Amoonguss||CovertCloak|Regenerator|RagePowder,Spore,PollenPuff,SludgeBomb|||F|||50|,,,,,Water
|showteam|p2|Grimmsnarl||LightClay|Prankster|SpiritBreak,ThunderWave,Reflect,LightScreen|||M|||50|,,,,,Ghost]Archaludon||AssaultVest|Stamina|ElectroShot,FlashCannon,BodyPress,Snarl|||F|||50|,,,,,Grass]Sinistcha||SitrusBerry|Hospitality|MatchaGotcha,LifeDew,RagePowder,TrickRoom||||||50|,,,,,Dark]Pelipper||FocusSash|Drizzle|Hurricane,WeatherBall,Tailwind,Protect|||F|||50|,,,,,Ghost]Maushold||SafetyGoggles|FriendGuard|BeatUp,Taunt,FollowMe,Protect||||||50|,,,,,Ghost]Annihilape||Leftovers|Defiant|DrainPunch,RageFist,BulkUp,Protect|||F|||50|,,,,,Water
|
|t:|1757696125
|teamsize|p1|4
|teamsize|p2|4
|start
|switch|p1a: Amoonguss|Amoonguss, L50, F|100/100
|switch|p1b: Basculegion|Basculegion, L50, M|100/100
|switch|p2a: Grimmsnarl|Grimmsnarl, L50, M|100/100
|switch|p2b: Annihilape|Annihilape, L50, F|100/100
|turn|1
|inactive|Battle timer is ON: inactive players will automatically lose when time's up. (requested by SamuelJacksonheehe)
|
|t:|1757696170
|-terastallize|p2b: Annihilape|Water
|move|p2a: Grimmsnarl|Thunder Wave|p1b: Basculegion|[miss]
|-miss|p2a: Grimmsnarl|p1b: Basculegion
|move|p2b: Annihilape|Bulk Up|p2b: Annihilape
|-boost|p2b: Annihilape|atk|1
|-boost|p2b: Annihilape|def|1
|move|p1b: Basculegion|Flip Turn|p2a: Grimmsnarl
|-damage|p2a: Grimmsnarl|56/100
|
|t:|1757696184
|switch|p1b: Archaludon|Archaludon, L50, M|100/100|[from] Flip Turn
|move|p1a: Amoonguss|Spore|p2b: Annihilape
|-status|p2b: Annihilape|slp|[from] move: Spore
|
|upkeep
|turn|2
|inactive|puka puki has 30 seconds left.
|
|t:|1757696210
|switch|p1a: Pelipper|Pelipper, L50, F|100/100
|-weather|RainDance|[from] ability: Drizzle|[of] p1a: Pelipper
|cant|p2b: Annihilape|slp
|move|p2a: Grimmsnarl|Light Screen|p2a: Grimmsnarl
|-sidestart|p2: puka puki|move: Light Screen
|move|p1b: Archaludon|Electro Shot||[still]
|-prepare|p1b: Archaludon|Electro Shot
|-boost|p1b: Archaludon|spa|1
|-anim|p1b: Archaludon|Electro Shot|p2b: Annihilape
|-supereffective|p2b: Annihilape
|-damage|p2b: Annihilape|33/100 slp
|
|-weather|RainDance|[upkeep]
|-heal|p2b: Annihilape|39/100 slp|[from] item: Leftovers
|upkeep
|turn|3
|
|t:|1757696224
|switch|p2b: Sinistcha|Sinistcha, L50|100/100
|-heal|p2a: Grimmsnarl|81/100|[from] ability: Hospitality|[of] p2b: Sinistcha
|move|p1a: Pelipper|Tailwind|p1a: Pelipper
|-sidestart|p1: SamuelJacksonheehe|move: Tailwind
|move|p1b: Archaludon|Electro Shot||[still]
|-prepare|p1b: Archaludon|Electro Shot
|-boost|p1b: Archaludon|spa|1
|-anim|p1b: Archaludon|Electro Shot|p2b: Sinistcha
|-resisted|p2b: Sinistcha
|-damage|p2b: Sinistcha|77/100
|move|p2a: Grimmsnarl|Spirit Break|p1b: Archaludon
|-damage|p1b: Archaludon|82/100
|-unboost|p1b: Archaludon|spa|1
|-ability|p1b: Archaludon|Stamina|boost
|-boost|p1b: Archaludon|def|1
|
|-weather|RainDance|[upkeep]
|upkeep
|turn|4
|
|t:|1757696244
|move|p2a: Grimmsnarl|Thunder Wave|p1b: Archaludon
|-status|p1b: Archaludon|par
|move|p1a: Pelipper|Hurricane|p2b: Sinistcha
|-supereffective|p2b: Sinistcha
|-damage|p2b: Sinistcha|18/100
|-enditem|p2b: Sinistcha|Sitrus Berry|[eat]
|-heal|p2b: Sinistcha|43/100|[from] item: Sitrus Berry
|move|p1b: Archaludon|Electro Shot||[still]
|-prepare|p1b: Archaludon|Electro Shot
|-boost|p1b: Archaludon|spa|1
|-anim|p1b: Archaludon|Electro Shot|p2a: Grimmsnarl
|-damage|p2a: Grimmsnarl|37/100
|move|p2b: Sinistcha|Life Dew|p2b: Sinistcha|[spread] p2a,p2b
|-heal|p2a: Grimmsnarl|62/100
|-heal|p2b: Sinistcha|68/100
|
|-weather|RainDance|[upkeep]
|upkeep
|turn|5
|
|t:|1757696265
|move|p2a: Grimmsnarl|Thunder Wave|p1a: Pelipper
|-status|p1a: Pelipper|par
|move|p1a: Pelipper|Hurricane|p2b: Sinistcha
|-supereffective|p2b: Sinistcha
|-damage|p2b: Sinistcha|12/100
|-start|p2b: Sinistcha|confusion
|move|p1b: Archaludon|Electro Shot||[still]
|-prepare|p1b: Archaludon|Electro Shot
|-boost|p1b: Archaludon|spa|1
|-anim|p1b: Archaludon|Electro Shot|p2a: Grimmsnarl
|-damage|p2a: Grimmsnarl|6/100
|-activate|p2b: Sinistcha|confusion
|-damage|p2b: Sinistcha|8/100|[from] confusion
|
|-weather|RainDance|[upkeep]
|upkeep
|turn|6
|
|t:|1757696288
|switch|p2b: Maushold|Maushold, L50|100/100
|move|p2a: Grimmsnarl|Reflect|p2a: Grimmsnarl
|-sidestart|p2: puka puki|Reflect
|cant|p1a: Pelipper|par
|move|p1b: Archaludon|Electro Shot||[still]
|-prepare|p1b: Archaludon|Electro Shot
|-boost|p1b: Archaludon|spa|1
|-anim|p1b: Archaludon|Electro Shot|p2b: Maushold
|-damage|p2b: Maushold|15/100
|
|-weather|none
|-sideend|p1: SamuelJacksonheehe|move: Tailwind
|upkeep
|turn|7
|inactive|puka puki has 30 seconds left.
|
|t:|1757696315
|switch|p1a: Amoonguss|Amoonguss, L50, F|100/100
|move|p2b: Maushold|Taunt|p1a: Amoonguss
|-start|p1a: Amoonguss|move: Taunt
|move|p2a: Grimmsnarl|Spirit Break|p1a: Amoonguss
|-resisted|p1a: Amoonguss
|-damage|p1a: Amoonguss|87/100
|cant|p1b: Archaludon|par
|
|upkeep
|turn|8
|
|t:|1757696331
|switch|p2a: Annihilape|Annihilape, L50, F, tera:Water|39/100 slp
|move|p2b: Maushold|Beat Up|p2a: Annihilape
|-crit|p2a: Annihilape
|-damage|p2a: Annihilape|37/100 slp
|-damage|p2a: Annihilape|35/100 slp
|-damage|p2a: Annihilape|33/100 slp
|-hitcount|p2a: Annihilape|3
|move|p1b: Archaludon|Flash Cannon|p2b: Maushold
|-damage|p2b: Maushold|0 fnt
|faint|p2b: Maushold
|move|p1a: Amoonguss|Sludge Bomb|p2a: Annihilape
|-damage|p2a: Annihilape|17/100 slp
|
|-heal|p2a: Annihilape|23/100 slp|[from] item: Leftovers
|upkeep
|
|t:|1757696336
|switch|p2b: Sinistcha|Sinistcha, L50|8/100
|-heal|p2a: Annihilape|48/100 slp|[from] ability: Hospitality|[of] p2b: Sinistcha
|turn|9
|
|t:|1757696346
|switch|p1a: Pelipper|Pelipper, L50, F|100/100 par
|-weather|RainDance|[from] ability: Drizzle|[of] p1a: Pelipper
|cant|p2a: Annihilape|slp
|move|p2b: Sinistcha|Life Dew|p2b: Sinistcha|[spread] p2a,p2b
|-heal|p2a: Annihilape|73/100 slp
|-heal|p2b: Sinistcha|34/100
|cant|p1b: Archaludon|par
|
|-weather|RainDance|[upkeep]
|-heal|p2a: Annihilape|79/100 slp|[from] item: Leftovers
|-sideend|p2: puka puki|move: Light Screen
|upkeep
|turn|10
|
|t:|1757696366
|-curestatus|p2a: Annihilape|slp|[msg]
|move|p2a: Annihilape|Rage Fist|p1b: Archaludon
|-damage|p1b: Archaludon|25/100 par
|-ability|p1b: Archaludon|Stamina|boost
|-boost|p1b: Archaludon|def|1
|move|p2b: Sinistcha|Matcha Gotcha|p1b: Archaludon|[spread] p1a,p1b
|-resisted|p1b: Archaludon
|-damage|p1a: Pelipper|59/100 par
|-heal|p2b: Sinistcha|52/100|[from] drain|[of] p1a: Pelipper
|-damage|p1b: Archaludon|21/100 par
|-heal|p2b: Sinistcha|54/100|[from] drain|[of] p1b: Archaludon
|-ability|p1b: Archaludon|Stamina|boost
|-boost|p1b: Archaludon|def|1
|move|p1a: Pelipper|Hurricane|p2b: Sinistcha
|-supereffective|p2b: Sinistcha
|-damage|p2b: Sinistcha|0 fnt
|faint|p2b: Sinistcha
|cant|p1b: Archaludon|par
|
|-weather|RainDance|[upkeep]
|-heal|p2a: Annihilape|85/100|[from] item: Leftovers
|upkeep
|
|t:|1757696383
|switch|p2b: Grimmsnarl|Grimmsnarl, L50, M|6/100
|turn|11
|
|t:|1757696399
|move|p2b: Grimmsnarl|Light Screen|p2b: Grimmsnarl
|-sidestart|p2: puka puki|move: Light Screen
|move|p2a: Annihilape|Rage Fist|p1b: Archaludon
|-damage|p1b: Archaludon|0 fnt
|faint|p1b: Archaludon
|cant|p1a: Pelipper|par
|
|-weather|RainDance|[upkeep]
|-heal|p2a: Annihilape|91/100|[from] item: Leftovers
|upkeep
|
|t:|1757696410
|switch|p1b: Amoonguss|Amoonguss, L50, F|100/100
|turn|12
|
|t:|1757696428
|move|p1a: Pelipper|Protect|p1a: Pelipper
|-singleturn|p1a: Pelipper|Protect
|move|p2a: Annihilape|Rage Fist|p1b: Amoonguss
|-damage|p1b: Amoonguss|0 fnt
|faint|p1b: Amoonguss
|move|p2b: Grimmsnarl|Spirit Break|p1a: Pelipper
|-activate|p1a: Pelipper|move: Protect
|
|-weather|RainDance|[upkeep]
|-heal|p2a: Annihilape|97/100|[from] item: Leftovers
|upkeep
|
|t:|1757696434
|switch|p1b: Basculegion|Basculegion, L50, M|100/100
|turn|13
|
|t:|1757696450
|move|p2b: Grimmsnarl|Thunder Wave|p1b: Basculegion|[miss]
|-miss|p2b: Grimmsnarl|p1b: Basculegion
|move|p1b: Basculegion|Last Respects|p2a: Annihilape
|-damage|p2a: Annihilape|16/100
|move|p2a: Annihilape|Rage Fist|p1a: Pelipper
|-damage|p1a: Pelipper|0 fnt
|faint|p1a: Pelipper
|
|-weather|none
|-heal|p2a: Annihilape|22/100|[from] item: Leftovers
|-sideend|p2: puka puki|Reflect
|upkeep
|turn|14
|
|t:|1757696467
|-terastallize|p1b: Basculegion|Water
|move|p2b: Grimmsnarl|Thunder Wave|p1b: Basculegion
|-status|p1b: Basculegion|par
|move|p2a: Annihilape|Rage Fist|p1b: Basculegion
|-damage|p1b: Basculegion|0 fnt
|faint|p1b: Basculegion
|
|win|puka puki
||SamuelJacksonheehe is ready for game 2.
||puka puki is ready for game 2.
|uhtml|next|Next: Game 2 of 3
