|j|☆VerVe1997
|j|☆pressinblades
|html|VerVe1997pressinblades    
|uhtml|bestof|Game 3 of a best-of-3
|t:|1782421802
|gametype|doubles
|player|p1|VerVe1997|steven|1194
|player|p2|pressinblades|steven|1170
|gen|9
|tier|[Gen 9 Champions] VGC 2026 Reg M-B (Bo3)
|rated|
|rule|Species Clause: Limit one of each Pokémon
|rule|Item Clause: Limit 1 of each item
|clearpoke
|poke|p1|Kingambit, L50, F|
|poke|p1|Metagross, L50, shiny|
|poke|p1|Gengar, L50, F, shiny|
|poke|p1|Incineroar, L50, F|
|poke|p1|Politoed, L50, F|
|poke|p1|Sinistcha-Masterpiece, L50|
|poke|p2|Talonflame, L50, M|
|poke|p2|Sneasler, L50, M|
|poke|p2|Garchomp, L50, M, shiny|
|poke|p2|Maushold, L50|
|poke|p2|Gardevoir, L50, F, shiny|
|poke|p2|Ninetales, L50, F|
|teampreview|4
|showteam|p1|Kingambit||BlackGlasses|Defiant|KowtowCleave,SuckerPunch,LowKick,Protect|Serious||F|||50|]Metagross||Metagrossite|ClearBody|PsychicFangs,IronHead,BodyPress,Protect|Adamant|||||50|]Gengar||Gengarite|CursedBody|SludgeBomb,PerishSong,Disable,Protect|Bold||F|||50|]Incineroar||SitrusBerry|Intimidate|PartingShot,FlareBlitz,FakeOut,Protect|Impish||F|||50|]Politoed||Leftovers|Drizzle|PerishSong,IceBeam,WeatherBall,Protect|Calm||F|||50|]Sinistcha-Masterpiece||KasibBerry|Hospitality|RagePowder,MatchaGotcha,StrengthSap,Protect|Bold|||||50|
|showteam|p2|Talonflame||LifeOrb|GaleWings|Protect,DualWingbeat,Tailwind,Overheat|Naive||M|||50|]Sneasler||WhiteHerb|Unburden|FakeOut,CloseCombat,DireClaw,RockTomb|Jolly||M|||50|]Garchomp||ExpertBelt|RoughSkin|Protect,RockSlide,Earthquake,DragonClaw|Adamant||M|||50|]Maushold||FocusSash|FriendGuard|Protect,SuperFang,PopulationBomb,FollowMe|Adamant|||||50|]Gardevoir||Gardevoirite|Telepathy|Protect,TrickRoom,HyperVoice,Psychic|Modest||F|||50|]Ninetales||ChoiceScarf|Drought|HeatWave,Overheat,SolarBeam,Snarl|Timid||F|||50|
|inactive|Battle timer is ON: inactive players will automatically lose when time's up. (requested by VerVe1997)
|
|t:|1782421855
|teamsize|p1|4
|teamsize|p2|4
|start
|switch|p1a: Metagross|Metagross, L50, shiny|100/100
|switch|p1b: Incineroar|Incineroar, L50, F|100/100
|switch|p2a: Sneasler|Sneasler, L50, M|100/100
|switch|p2b: Gardevoir|Gardevoir, L50, F, shiny|100/100
|-ability|p1b: Incineroar|Intimidate|boost
|-unboost|p2a: Sneasler|atk|1
|-unboost|p2b: Gardevoir|atk|1
|-enditem|p2a: Sneasler|White Herb
|-clearnegativeboost|p2a: Sneasler|[silent]
|turn|1
|inactive|VerVe1997 has 30 seconds left.
|
|t:|1782421883
|switch|p2b: Garchomp|Garchomp, L50, M, shiny|100/100
|detailschange|p1a: Metagross|Metagross-Mega, L50, shiny
|-mega|p1a: Metagross|Metagross|Metagrossite
|move|p1a: Metagross|Protect|p1a: Metagross
|-singleturn|p1a: Metagross|Protect
|move|p1b: Incineroar|Protect|p1b: Incineroar
|-singleturn|p1b: Incineroar|Protect
|move|p2a: Sneasler|Fake Out|p1a: Metagross
|-activate|p1a: Metagross|move: Protect
|
|upkeep
|turn|2
|inactive|VerVe1997 has 30 seconds left.
|
|t:|1782421916
|switch|p2a: Talonflame|Talonflame, L50, M|100/100
|move|p1a: Metagross|Psychic Fangs|p2a: Talonflame
|-damage|p2a: Talonflame|0 fnt
|faint|p2a: Talonflame
|move|p2b: Garchomp|Earthquake|p1b: Incineroar|[spread] p1a,p1b
|-supereffective|p1a: Metagross|1
|-supereffective|p1b: Incineroar|1
|-damage|p1a: Metagross|12/100
|-damage|p1b: Incineroar|20/100y
|-enditem|p1b: Incineroar|Sitrus Berry|[eat]
|-heal|p1b: Incineroar|44/100|[from] item: Sitrus Berry
|move|p1b: Incineroar|Parting Shot|p2b: Garchomp
|-unboost|p2b: Garchomp|atk|1
|-unboost|p2b: Garchomp|spa|1
|
|t:|1782421935
|switch|p1b: Politoed|Politoed, L50, F|100/100|[from] Parting Shot
|-weather|RainDance|[from] ability: Drizzle|[of] p1b: Politoed
|
|-weather|RainDance|[upkeep]
|upkeep
|
|t:|1782421947
|switch|p2a: Sneasler|Sneasler, L50, M|100/100
|turn|3
|
|t:|1782421964
|switch|p2b: Gardevoir|Gardevoir, L50, F, shiny|100/100
|move|p1a: Metagross|Protect|p1a: Metagross
|-singleturn|p1a: Metagross|Protect
|move|p2a: Sneasler|Fake Out|p1b: Politoed
|-damage|p1b: Politoed|88/100
|cant|p1b: Politoed|flinch
|
|-weather|RainDance|[upkeep]
|-heal|p1b: Politoed|94/100|[from] item: Leftovers
|upkeep
|turn|4
|inactive|pressinblades has 30 seconds left.
|
|t:|1782421989
|detailschange|p2b: Gardevoir|Gardevoir-Mega, L50, F, shiny
|-mega|p2b: Gardevoir|Gardevoir|Gardevoirite
|move|p2a: Sneasler|Close Combat|p1a: Metagross
|-damage|p1a: Metagross|0 fnt
|-unboost|p2a: Sneasler|def|1
|-unboost|p2a: Sneasler|spd|1
|faint|p1a: Metagross
|move|p2b: Gardevoir|Psychic|p1b: Politoed
|-damage|p1b: Politoed|48/100
|move|p1b: Politoed|Weather Ball|p2a: Sneasler
|-damage|p2a: Sneasler|0 fnt
|faint|p2a: Sneasler
|
|-weather|RainDance|[upkeep]
|-heal|p1b: Politoed|54/100|[from] item: Leftovers
|upkeep
|
|t:|1782422002
|switch|p2a: Garchomp|Garchomp, L50, M, shiny|100/100
|switch|p1a: Incineroar|Incineroar, L50, F|44/100
|-ability|p1a: Incineroar|Intimidate|boost
|-unboost|p2a: Garchomp|atk|1
|-unboost|p2b: Gardevoir|atk|1
|turn|5
|
|t:|1782422018
|move|p1a: Incineroar|Fake Out|p2b: Gardevoir
|-damage|p2b: Gardevoir|86/100
|move|p2a: Garchomp|Rock Slide|p1a: Incineroar|[spread] p1b
|-miss|p2a: Garchomp|p1a: Incineroar
|-damage|p1b: Politoed|41/100
|cant|p2b: Gardevoir|flinch
|move|p1b: Politoed|Ice Beam|p2a: Garchomp
|-supereffective|p2a: Garchomp|2
|-damage|p2a: Garchomp|12/100
|
|-weather|RainDance|[upkeep]
|-heal|p1b: Politoed|47/100|[from] item: Leftovers
|upkeep
|turn|6
|inactive|pressinblades has 30 seconds left.
|inactive|pressinblades has 20 seconds left.
|inactive|pressinblades has 15 seconds left.
|
|t:|1782422062
|move|p1b: Politoed|Protect|p1b: Politoed
|-singleturn|p1b: Politoed|Protect
|move|p2a: Garchomp|Earthquake|p1a: Incineroar|[spread] p2b,p1a
|-activate|p1b: Politoed|move: Protect
|-supereffective|p1a: Incineroar|1
|-damage|p2b: Gardevoir|53/100
|-damage|p1a: Incineroar|0 fnt
|faint|p1a: Incineroar
|move|p2b: Gardevoir|Hyper Voice|p1b: Politoed
|-activate|p1b: Politoed|move: Protect
|
|-weather|none
|-heal|p1b: Politoed|53/100|[from] item: Leftovers
|upkeep
|
|t:|1782422071
|switch|p1a: Kingambit|Kingambit, L50, F|100/100
|turn|7
|
|t:|1782422081
|move|p2a: Garchomp|Protect|p2a: Garchomp
|-singleturn|p2a: Garchomp|Protect
|move|p1a: Kingambit|Sucker Punch||[still]
|-fail|p1a: Kingambit
|move|p2b: Gardevoir|Hyper Voice|p1a: Kingambit|[spread] p1a,p1b
|-damage|p1a: Kingambit|46/100
|-damage|p1b: Politoed|12/100
|move|p1b: Politoed|Ice Beam|p2b: Gardevoir
|-damage|p2b: Gardevoir|37/100
|
|-heal|p1b: Politoed|18/100|[from] item: Leftovers
|upkeep
|turn|8
|
|t:|1782422100
|move|p1a: Kingambit|Sucker Punch|p2a: Garchomp
|-damage|p2a: Garchomp|0 fnt
|-damage|p1a: Kingambit|34/100|[from] ability: Rough Skin|[of] p2a: Garchomp
|faint|p2a: Garchomp
|move|p2b: Gardevoir|Hyper Voice|p1b: Politoed|[spread] p1a,p1b
|-damage|p1a: Kingambit|0 fnt
|-damage|p1b: Politoed|0 fnt
|faint|p1a: Kingambit
|faint|p1b: Politoed
|
|win|pressinblades
|raw|VerVe1997's rating: 1194 → 1167(-27 for losing)
|raw|pressinblades's rating: 1170 → 1197(+27 for winning)
|c|☆pressinblades|ggswp
