|j|☆Golurkin it
|j|☆Missed Ledgedash
|html|Golurkin itMissed Ledgedash    
|uhtml|bestof|Game 3 of a best-of-3
|t:|1784585219
|gametype|doubles
|player|p1|Golurkin it|2|1201
|player|p2|Missed Ledgedash|juan-gen3|1213
|gen|9
|tier|[Gen 9 Champions] VGC 2026 Reg M-B (Bo3)
|rated|
|rule|Species Clause: Limit one of each Pokémon
|rule|Item Clause: Limit 1 of each item
|clearpoke
|poke|p1|Tyranitar, L50, M|
|poke|p1|Gengar, L50, M|
|poke|p1|Rotom-Wash, L50|
|poke|p1|Incineroar, L50, M|
|poke|p1|Mamoswine, L50, M|
|poke|p1|Decidueye-Hisui, L50, F|
|poke|p2|Gengar, L50, M|
|poke|p2|Incineroar, L50, F|
|poke|p2|Swampert, L50, F|
|poke|p2|Politoed, L50, M|
|poke|p2|Archaludon, L50, F|
|poke|p2|Vivillon, L50, M|
|teampreview|4
|showteam|p1|Tyranitar||Tyranitarite|SandStream|Protect,Crunch,RockSlide,LowKick|Adamant||M|||50|]Gengar||Gengarite|CursedBody|Protect,SludgeBomb,ShadowBall,WillOWisp|Timid||M|||50|]Rotom-Wash||SitrusBerry|Levitate|Thunderbolt,VoltSwitch,HydroPump,Protect|Modest|||||50|]Incineroar||ShucaBerry|Intimidate|FakeOut,FlareBlitz,DarkestLariat,PartingShot|Impish||M|||50|]Mamoswine||FocusSash|Oblivious|IceShard,IcicleCrash,HighHorsepower,Protect|Adamant||M|||50|]Decidueye-Hisui||LifeOrb|Scrappy|Protect,BraveBird,TripleArrows,LeafBlade|Adamant||F|||50|
|showteam|p2|Gengar||Gengarite|CursedBody|Protect,ShadowBall,SludgeBomb,PerishSong|Timid||M|||50|]Incineroar||PasshoBerry|Intimidate|Protect,DarkestLariat,PartingShot,FakeOut|Relaxed||F|||50|]Swampert||Swampertite|Torrent|Protect,WaveCrash,HighHorsepower,IcePunch|Adamant||F|||50|]Politoed||SitrusBerry|Drizzle|Protect,WeatherBall,PerishSong,Encore|Calm||M|||50|]Archaludon||Leftovers|Stamina|Protect,DragonPulse,FlashCannon,ElectroShot|Bold||F|||50|]Vivillon||FocusSash|CompoundEyes|Protect,Hurricane,SleepPowder,RagePowder|Timid||M|||50|
|
|t:|1784585264
|teamsize|p1|4
|teamsize|p2|4
|start
|switch|p1a: Tyranitar|Tyranitar, L50, M|100/100
|switch|p1b: Rotom|Rotom-Wash, L50|100/100
|switch|p2a: Incineroar|Incineroar, L50, F|100/100
|switch|p2b: Gengar|Gengar, L50, M|100/100
|-weather|Sandstorm|[from] ability: Sand Stream|[of] p1a: Tyranitar
|-ability|p2a: Incineroar|Intimidate|boost
|-unboost|p1a: Tyranitar|atk|1
|-unboost|p1b: Rotom|atk|1
|turn|1
|
|t:|1784585280
|detailschange|p2b: Gengar|Gengar-Mega, L50, M
|-mega|p2b: Gengar|Gengar|Gengarite
|detailschange|p1a: Tyranitar|Tyranitar-Mega, L50, M
|-mega|p1a: Tyranitar|Tyranitar|Tyranitarite
|move|p2a: Incineroar|Fake Out|p1a: Tyranitar
|-resisted|p1a: Tyranitar|1
|-damage|p1a: Tyranitar|96/100
|move|p2b: Gengar|Perish Song|p2b: Gengar
|-start|p1a: Tyranitar|perish3|[silent]
|-start|p1b: Rotom|perish3|[silent]
|-start|p2a: Incineroar|perish3|[silent]
|-start|p2b: Gengar|perish3|[silent]
|-fieldactivate|move: Perish Song
|cant|p1a: Tyranitar|flinch
|move|p1b: Rotom|Hydro Pump|p2a: Incineroar
|-supereffective|p2a: Incineroar|1
|-enditem|p2a: Incineroar|Passho Berry|[eat]
|-enditem|p2a: Incineroar|Passho Berry|[weaken]
|-damage|p2a: Incineroar|56/100
|
|-weather|Sandstorm|[upkeep]
|-damage|p2b: Gengar|93/100|[from] Sandstorm
|-damage|p1b: Rotom|94/100|[from] Sandstorm
|-damage|p2a: Incineroar|50/100g|[from] Sandstorm
|-start|p2b: Gengar|perish3
|-start|p1a: Tyranitar|perish3
|-start|p1b: Rotom|perish3
|-start|p2a: Incineroar|perish3
|upkeep
|turn|2
|
|t:|1784585295
|move|p2b: Gengar|Protect|p2b: Gengar
|-singleturn|p2b: Gengar|Protect
|move|p2a: Incineroar|Protect|p2a: Incineroar
|-singleturn|p2a: Incineroar|Protect
|move|p1a: Tyranitar|Crunch|p2b: Gengar
|-activate|p2b: Gengar|move: Protect
|move|p1b: Rotom|Hydro Pump|p2a: Incineroar
|-activate|p2a: Incineroar|move: Protect
|
|-weather|Sandstorm|[upkeep]
|-damage|p2b: Gengar|87/100|[from] Sandstorm
|-damage|p1b: Rotom|88/100|[from] Sandstorm
|-damage|p2a: Incineroar|45/100|[from] Sandstorm
|-start|p2b: Gengar|perish2
|-start|p1a: Tyranitar|perish2
|-start|p1b: Rotom|perish2
|-start|p2a: Incineroar|perish2
|upkeep
|turn|3
|
|t:|1784585309
|switch|p2b: Politoed|Politoed, L50, M|100/100
|-weather|RainDance|[from] ability: Drizzle|[of] p2b: Politoed
|move|p1a: Tyranitar|Crunch|p2b: Politoed
|-damage|p2b: Politoed|68/100
|move|p1b: Rotom|Volt Switch|p2b: Politoed
|-supereffective|p2b: Politoed|1
|-damage|p2b: Politoed|22/100
|-enditem|p2b: Politoed|Sitrus Berry|[eat]
|-heal|p2b: Politoed|47/100|[from] item: Sitrus Berry
|
|t:|1784585319
|switch|p1b: Decidueye|Decidueye-Hisui, L50, F|100/100|[from] Volt Switch
|move|p2a: Incineroar|Parting Shot|p1a: Tyranitar
|-unboost|p1a: Tyranitar|atk|1
|-unboost|p1a: Tyranitar|spa|1
|
|t:|1784585326
|switch|p2a: Gengar|Gengar-Mega, L50, M|87/100|[from] Parting Shot
|
|-weather|RainDance|[upkeep]
|-start|p1a: Tyranitar|perish1
|upkeep
|turn|4
|
|t:|1784585335
|switch|p2b: Incineroar|Incineroar, L50, F|45/100
|-ability|p2b: Incineroar|Intimidate|boost
|-unboost|p1a: Tyranitar|atk|1
|-fail|p1b: Decidueye|unboost|Attack|[from] ability: Scrappy|[of] p1b: Decidueye
|move|p1b: Decidueye|Protect|p1b: Decidueye
|-singleturn|p1b: Decidueye|Protect
|move|p2a: Gengar|Sludge Bomb|p1b: Decidueye
|-activate|p1b: Decidueye|move: Protect
|move|p1a: Tyranitar|Crunch|p2b: Incineroar
|-resisted|p2b: Incineroar|1
|-damage|p2b: Incineroar|37/100
|-unboost|p2b: Incineroar|def|1
|
|-weather|RainDance|[upkeep]
|-start|p1a: Tyranitar|perish0
|faint|p1a: Tyranitar
|upkeep
|
|t:|1784585341
|switch|p1a: Mamoswine|Mamoswine, L50, M|100/100
|turn|5
|
|t:|1784585359
|move|p2a: Gengar|Sludge Bomb|p1b: Decidueye
|-supereffective|p1b: Decidueye|1
|-damage|p1b: Decidueye|0 fnt
|faint|p1b: Decidueye
|move|p1a: Mamoswine|High Horsepower|p2a: Gengar
|-supereffective|p2a: Gengar|1
|-damage|p2a: Gengar|0 fnt
|faint|p2a: Gengar
|move|p2b: Incineroar|Parting Shot|p1a: Mamoswine
|-unboost|p1a: Mamoswine|atk|1
|-unboost|p1a: Mamoswine|spa|1
|
|t:|1784585368
|switch|p2b: Archaludon|Archaludon, L50, F|100/100|[from] Parting Shot
|
|-weather|RainDance|[upkeep]
|upkeep
|
|t:|1784585373
|switch|p2a: Incineroar|Incineroar, L50, F|37/100
|switch|p1b: Rotom|Rotom-Wash, L50|88/100
|-ability|p2a: Incineroar|Intimidate|boost
|-fail|p1a: Mamoswine|unboost|Attack|[from] ability: Oblivious|[of] p1a: Mamoswine
|-unboost|p1b: Rotom|atk|1
|turn|6
|
|t:|1784585384
|move|p1a: Mamoswine|Protect|p1a: Mamoswine
|-singleturn|p1a: Mamoswine|Protect
|move|p2a: Incineroar|Fake Out|p1a: Mamoswine
|-activate|p1a: Mamoswine|move: Protect
|move|p2b: Archaludon|Electro Shot||[still]
|-prepare|p2b: Archaludon|Electro Shot
|-boost|p2b: Archaludon|spa|1
|-anim|p2b: Archaludon|Electro Shot|p1b: Rotom
|-damage|p1b: Rotom|17/100
|-enditem|p1b: Rotom|Sitrus Berry|[eat]
|-heal|p1b: Rotom|42/100|[from] item: Sitrus Berry
|move|p1b: Rotom|Hydro Pump|p2a: Incineroar
|-supereffective|p2a: Incineroar|1
|-damage|p2a: Incineroar|0 fnt
|faint|p2a: Incineroar
|
|-weather|RainDance|[upkeep]
|upkeep
|
|t:|1784585397
|switch|p2a: Politoed|Politoed, L50, M|47/100
|turn|7
|
|t:|1784585411
|move|p1b: Rotom|Protect|p1b: Rotom
|-singleturn|p1b: Rotom|Protect
|move|p1a: Mamoswine|High Horsepower|p2b: Archaludon
|-supereffective|p2b: Archaludon|1
|-damage|p2b: Archaludon|52/100
|-ability|p2b: Archaludon|Stamina|boost
|-boost|p2b: Archaludon|def|1
|move|p2b: Archaludon|Flash Cannon|p1a: Mamoswine
|-supereffective|p1a: Mamoswine|1
|-crit|p1a: Mamoswine
|-enditem|p1a: Mamoswine|Focus Sash
|-damage|p1a: Mamoswine|1/100
|move|p2a: Politoed|Weather Ball|p1a: Mamoswine
|-supereffective|p1a: Mamoswine|1
|-damage|p1a: Mamoswine|0 fnt
|faint|p1a: Mamoswine
|
|-weather|none
|-heal|p2b: Archaludon|58/100|[from] item: Leftovers
|upkeep
|turn|8
|
|t:|1784585430
|move|p2b: Archaludon|Dragon Pulse|p1b: Rotom
|-damage|p1b: Rotom|0 fnt
|faint|p1b: Rotom
|
|win|Missed Ledgedash
|raw|Golurkin it's rating: 1201 → 1177(-24 for losing)
|raw|Missed Ledgedash's rating: 1213 → 1237(+24 for winning)
