|j|☆NandoGTG
|j|☆Craser13
|html|NandoGTGCraser13    
|uhtml|bestof|Game 1 of a best-of-3
|t:|1785280677
|gametype|doubles
|player|p1|NandoGTG|cheren|
|player|p2|Craser13|265|
|gen|9
|tier|[Gen 9 Champions] VGC 2026 Reg M-B (Bo3)
|rule|Species Clause: Limit one of each Pokémon
|rule|Item Clause: Limit 1 of each item
|clearpoke
|poke|p1|Charizard, L50, M|
|poke|p1|Hydreigon, L50, M|
|poke|p1|Incineroar, L50, F|
|poke|p1|Toxapex, L50, M|
|poke|p1|Garchomp, L50, M|
|poke|p1|Venusaur, L50, M|
|poke|p2|Charizard, L50, F|
|poke|p2|Venusaur, L50, M|
|poke|p2|Archaludon, L50, F|
|poke|p2|Grimmsnarl, L50, M|
|poke|p2|Pelipper, L50, F|
|poke|p2|Basculegion, L50, M|
|teampreview|4
|showteam|p1|Charizard||CharizarditeY|Blaze|HeatWave,WeatherBall,SolarBeam,Protect|Modest||M|||50|]Hydreigon||ChoiceScarf|Levitate|DarkPulse,DracoMeteor,Snarl,EarthPower|Modest||M|||50|]Incineroar||SitrusBerry|Intimidate|FlareBlitz,ThroatChop,FakeOut,PartingShot|Impish||F|||50|]Toxapex||Leftovers|Regenerator|Infestation,Toxic,WideGuard,BanefulBunker|Bold||M|||50|]Garchomp||HabanBerry|RoughSkin|DragonClaw,Earthquake,RockTomb,Protect|Jolly||M|||50|]Venusaur||FocusSash|Chlorophyll|SludgeBomb,EarthPower,SleepPowder,Protect|Modest||M|||50|
|showteam|p2|Charizard||CharizarditeY|Blaze|HeatWave,WeatherBall,SolarBeam,Protect|Modest||F|||50|]Venusaur||FocusSash|Chlorophyll|SludgeBomb,EarthPower,SleepPowder,Protect|Modest||M|||50|]Archaludon||Leftovers|Stamina|DragonPulse,FlashCannon,ElectroShot,Protect|Modest||F|||50|]Grimmsnarl||LightClay|Prankster|SpiritBreak,Reflect,LightScreen,PartingShot|Sassy||M|||50|]Pelipper||SitrusBerry|Drizzle|WeatherBall,Hurricane,Tailwind,WideGuard|Modest||F|||50|]Basculegion||ChoiceScarf|SwiftSwim|WaveCrash,LastRespects,AquaJet,FlipTurn|Jolly||M|||50|
|
|t:|1785280718
|teamsize|p1|4
|teamsize|p2|4
|start
|switch|p1a: Hydreigon|Hydreigon, L50, M|100/100
|switch|p1b: Charizard|Charizard, L50, M|100/100
|switch|p2a: Pelipper|Pelipper, L50, F|100/100
|switch|p2b: Archaludon|Archaludon, L50, F|100/100
|-weather|RainDance|[from] ability: Drizzle|[of] p2a: Pelipper
|turn|1
|
|t:|1785280760
|switch|p2b: Venusaur|Venusaur, L50, M|100/100
|detailschange|p1b: Charizard|Charizard-Mega-Y, L50, M
|-mega|p1b: Charizard|Charizard|Charizardite Y
|-weather|SunnyDay|[from] ability: Drought|[of] p1b: Charizard
|move|p1a: Hydreigon|Earth Power|p2b: Venusaur
|-damage|p2b: Venusaur|65/100
|move|p1b: Charizard|Weather Ball|p2b: Venusaur
|-supereffective|p2b: Venusaur|1
|-crit|p2b: Venusaur
|-damage|p2b: Venusaur|0 fnt
|faint|p2b: Venusaur
|move|p2a: Pelipper|Tailwind|p2a: Pelipper
|-sidestart|p2: Craser13|move: Tailwind
|
|-weather|SunnyDay|[upkeep]
|upkeep
|
|t:|1785280774
|switch|p2b: Charizard|Charizard, L50, F|100/100
|turn|2
|
|t:|1785280790
|switch|p1a: Toxapex|Toxapex, L50, M|100/100
|detailschange|p2b: Charizard|Charizard-Mega-Y, L50, F
|-mega|p2b: Charizard|Charizard|Charizardite Y
|move|p2b: Charizard|Solar Beam||[still]
|-prepare|p2b: Charizard|Solar Beam
|-anim|p2b: Charizard|Solar Beam|p1a: Toxapex
|-damage|p1a: Toxapex|68/100
|move|p2a: Pelipper|Hurricane|p1b: Charizard|[miss]
|-miss|p2a: Pelipper|p1b: Charizard
|move|p1b: Charizard|Weather Ball|p2a: Pelipper
|-resisted|p2a: Pelipper|1
|-damage|p2a: Pelipper|52/100
|
|-weather|SunnyDay|[upkeep]
|-heal|p1a: Toxapex|73/100|[from] item: Leftovers
|upkeep
|turn|3
|
|t:|1785280814
|switch|p2a: Archaludon|Archaludon, L50, F|100/100
|move|p2b: Charizard|Solar Beam||[still]
|-prepare|p2b: Charizard|Solar Beam
|-anim|p2b: Charizard|Solar Beam|p1a: Toxapex
|-damage|p1a: Toxapex|36/100
|move|p1b: Charizard|Weather Ball|p2b: Charizard
|-resisted|p2b: Charizard|1
|-damage|p2b: Charizard|64/100
|move|p1a: Toxapex|Infestation|p2a: Archaludon
|-resisted|p2a: Archaludon|1
|-damage|p2a: Archaludon|98/100
|-activate|p2a: Archaludon|move: Infestation|[of] p1a: Toxapex
|-ability|p2a: Archaludon|Stamina|boost
|-boost|p2a: Archaludon|def|1
|
|-weather|SunnyDay|[upkeep]
|-heal|p2a: Archaludon|100/100|[from] item: Leftovers
|-heal|p1a: Toxapex|42/100|[from] item: Leftovers
|-damage|p2a: Archaludon|87/100|[from] move: Infestation|[partiallytrapped]
|upkeep
|turn|4
|
|t:|1785280844
|switch|p1b: Hydreigon|Hydreigon, L50, M|100/100
|move|p1a: Toxapex|Baneful Bunker|p1a: Toxapex
|-singleturn|p1a: Toxapex|move: Protect
|move|p2b: Charizard|Solar Beam||[still]
|-prepare|p2b: Charizard|Solar Beam
|-anim|p2b: Charizard|Solar Beam|p1a: Toxapex
|-activate|p1a: Toxapex|move: Protect
|move|p2a: Archaludon|Electro Shot||[still]
|-prepare|p2a: Archaludon|Electro Shot
|-boost|p2a: Archaludon|spa|1
|
|-weather|SunnyDay|[upkeep]
|-heal|p2a: Archaludon|93/100|[from] item: Leftovers
|-heal|p1a: Toxapex|48/100|[from] item: Leftovers
|-damage|p2a: Archaludon|81/100|[from] move: Infestation|[partiallytrapped]
|-sideend|p2: Craser13|move: Tailwind
|upkeep
|turn|5
|
|t:|1785280872
|-heal|p1a: Toxapex|81/100|[from] ability: Regenerator|[silent]
|switch|p1a: Charizard|Charizard-Mega-Y, L50, M|100/100
|move|p1b: Hydreigon|Earth Power|p2a: Archaludon
|-supereffective|p2a: Archaludon|1
|-damage|p2a: Archaludon|10/100
|-ability|p2a: Archaludon|Stamina|boost
|-boost|p2a: Archaludon|def|1
|move|p2b: Charizard|Heat Wave|p1b: Hydreigon|[spread] p1a,p1b
|-resisted|p1a: Charizard|1
|-resisted|p1b: Hydreigon|1
|-damage|p1a: Charizard|75/100
|-damage|p1b: Hydreigon|65/100
|move|p2a: Archaludon|Electro Shot|p1b: Hydreigon|[from] lockedmove
|-resisted|p1b: Hydreigon|1
|-damage|p1b: Hydreigon|30/100
|
|-weather|none
|-heal|p2a: Archaludon|16/100|[from] item: Leftovers
|-end|p2a: Archaludon|Infestation|[partiallytrapped]|[silent]
|upkeep
|turn|6
|
|t:|1785280897
|switch|p1a: Garchomp|Garchomp, L50, M|100/100
|switch|p2b: Pelipper|Pelipper, L50, F|52/100
|-weather|RainDance|[from] ability: Drizzle|[of] p2b: Pelipper
|move|p2a: Archaludon|Protect|p2a: Archaludon
|-singleturn|p2a: Archaludon|Protect
|move|p1b: Hydreigon|Earth Power|p2a: Archaludon
|-activate|p2a: Archaludon|move: Protect
|
|-weather|RainDance|[upkeep]
|-heal|p2a: Archaludon|22/100|[from] item: Leftovers
|upkeep
|turn|7
|
|t:|1785280910
|switch|p2a: Charizard|Charizard-Mega-Y, L50, F|64/100
|-weather|SunnyDay|[from] ability: Drought|[of] p2a: Charizard
|move|p1b: Hydreigon|Earth Power|p2a: Charizard
|-immune|p2a: Charizard
|move|p1a: Garchomp|Rock Tomb|p2b: Pelipper
|-supereffective|p2b: Pelipper|1
|-damage|p2b: Pelipper|10/100
|-unboost|p2b: Pelipper|spe|1
|-enditem|p2b: Pelipper|Sitrus Berry|[eat]
|-heal|p2b: Pelipper|34/100|[from] item: Sitrus Berry
|move|p2b: Pelipper|Tailwind|p2b: Pelipper
|-sidestart|p2: Craser13|move: Tailwind
|
|-weather|SunnyDay|[upkeep]
|upkeep
|turn|8
|
|t:|1785280978
|switch|p1b: Toxapex|Toxapex, L50, M|81/100
|move|p2a: Charizard|Solar Beam||[still]
|-prepare|p2a: Charizard|Solar Beam
|-anim|p2a: Charizard|Solar Beam|p1a: Garchomp
|-damage|p1a: Garchomp|53/100
|move|p1a: Garchomp|Rock Tomb|p2a: Charizard
|-supereffective|p2a: Charizard|2
|-damage|p2a: Charizard|0 fnt
|faint|p2a: Charizard
|move|p2b: Pelipper|Hurricane|p1b: Toxapex|[miss]
|-miss|p2b: Pelipper|p1b: Toxapex
|
|-weather|SunnyDay|[upkeep]
|-heal|p1b: Toxapex|87/100|[from] item: Leftovers
|upkeep
|
|t:|1785280991
|switch|p2a: Archaludon|Archaludon, L50, F|22/100
|turn|9
|
|t:|1785280999
|move|p2a: Archaludon|Dragon Pulse|p1a: Garchomp
|-supereffective|p1a: Garchomp|1
|-enditem|p1a: Garchomp|Haban Berry|[eat]
|-enditem|p1a: Garchomp|Haban Berry|[weaken]
|-damage|p1a: Garchomp|10/100
|move|p1a: Garchomp|Rock Tomb|p2b: Pelipper
|-supereffective|p2b: Pelipper|1
|-crit|p2b: Pelipper
|-damage|p2b: Pelipper|0 fnt
|faint|p2b: Pelipper
|move|p1b: Toxapex|Infestation|p2a: Archaludon
|-resisted|p2a: Archaludon|1
|-damage|p2a: Archaludon|21/100
|-activate|p2a: Archaludon|move: Infestation|[of] p1b: Toxapex
|-ability|p2a: Archaludon|Stamina|boost
|-boost|p2a: Archaludon|def|1
|
|-weather|SunnyDay|[upkeep]
|-heal|p2a: Archaludon|27/100|[from] item: Leftovers
|-heal|p1b: Toxapex|92/100|[from] item: Leftovers
|-damage|p2a: Archaludon|15/100|[from] move: Infestation|[partiallytrapped]
|upkeep
|turn|10
|
|t:|1785281025
|move|p1a: Garchomp|Protect|p1a: Garchomp
|-singleturn|p1a: Garchomp|Protect
|move|p1b: Toxapex|Baneful Bunker|p1b: Toxapex
|-singleturn|p1b: Toxapex|move: Protect
|move|p2a: Archaludon|Flash Cannon|p1a: Garchomp
|-activate|p1a: Garchomp|move: Protect
|
|-weather|SunnyDay|[upkeep]
|-heal|p2a: Archaludon|21/100|[from] item: Leftovers
|-heal|p1b: Toxapex|98/100|[from] item: Leftovers
|-damage|p2a: Archaludon|9/100|[from] move: Infestation|[partiallytrapped]
|-sideend|p2: Craser13|move: Tailwind
|upkeep
|turn|11
|
|t:|1785281031
|-heal|p1b: Toxapex|100/100|[from] ability: Regenerator|[silent]
|switch|p1b: Hydreigon|Hydreigon, L50, M|30/100
|move|p1a: Garchomp|Earthquake|p2a: Archaludon|[spread] p2a
|-immune|p1b: Hydreigon|[from] ability: Levitate
|-supereffective|p2a: Archaludon|1
|-damage|p2a: Archaludon|0 fnt
|faint|p2a: Archaludon
|
|win|NandoGTG
||Craser13 is ready for game 2.
||NandoGTG is ready for game 2.
|uhtml|next|Next: Game 2 of 3
|l|☆Craser13
|player|p2|
