|j|☆Harry Koekenpan
|j|☆Blizzzey
|html|Harry KoekenpanBlizzzey    
|uhtml|bestof|Game 2 of a best-of-3
|t:|1756212127
|gametype|doubles
|player|p1|Harry Koekenpan|265|1190
|player|p2|Blizzzey|twins-gen4dp|1184
|gen|9
|tier|[Gen 9] VGC 2025 Reg H (Bo3)
|rated|
|rule|Species Clause: Limit one of each Pokémon
|rule|Item Clause: Limit 1 of each item
|clearpoke
|poke|p1|Typhlosion-Hisui, L50, M|
|poke|p1|Murkrow, L50, M|
|poke|p1|Muk-Alola, L50, F|
|poke|p1|Smeargle, L50, M|
|poke|p1|Rillaboom, L50, M|
|poke|p1|Flamigo, L50, M|
|poke|p2|Gholdengo, L50|
|poke|p2|Pawmot, L50, M|
|poke|p2|Talonflame, L50, M|
|poke|p2|Glimmora, L50, F|
|poke|p2|Ninetales-Alola, L50, M|
|poke|p2|Dragonite, L50, F|
|teampreview|4
|showteam|p1|Typhlosion-Hisui||ChoiceSpecs|Blaze|Eruption,ShadowBall,Overheat,HeatWave|||M|||50|,,,,,Fire]Murkrow||Eviolite|Prankster|Tailwind,Taunt,SunnyDay,FoulPlay|||M|||50|,,,,,Ghost]Muk-Alola||Leftovers|PowerofAlchemy|Minimize,PoisonFang,KnockOff,Protect|||F|||50|,,,,,Ghost]Smeargle||FocusSash|Moody|FollowMe,FakeOut,SpikyShield,Explosion|||M|||50|,,,,,Ghost]Rillaboom||AssaultVest|GrassySurge|WoodHammer,GrassyGlide,FakeOut,HighHorsepower|||M|||50|,,,,,Fire]Flamigo||LifeOrb|Costar|CloseCombat,BraveBird,Taunt,Detect|||M|||50|,,,,,Ghost
|showteam|p2|Gholdengo||ChoiceSpecs|GoodasGold|MakeItRain,ShadowBall,PowerGem,Thunderbolt||||||50|,,,,,Steel]Pawmot||FocusSash|VoltAbsorb|DoubleShock,CloseCombat,FakeOut,RevivalBlessing|||M|||50|,,,,,Electric]Talonflame||CovertCloak|GaleWings|BraveBird,FlareBlitz,Tailwind,WillOWisp|||M|||50|,,,,,Fairy]Glimmora||PowerHerb|ToxicDebris|SludgeBomb,MeteorBeam,EarthPower,SpikyShield|||F|||50|,,,,,Grass]Ninetales-Alola||LifeOrb|SnowWarning|FreezeDry,Blizzard,Protect,TeraBlast|||M|||50|,,,,,Ground]Dragonite||LoadedDice|Multiscale|ScaleShot,StompingTantrum,Protect,Haze|||F|||50|,,,,,Steel
|inactive|Battle timer is ON: inactive players will automatically lose when time's up. (requested by Harry Koekenpan)
|
|t:|1756212148
|teamsize|p1|4
|teamsize|p2|4
|start
|switch|p1a: Murkrow|Murkrow, L50, M|100/100
|switch|p1b: Typhlosion|Typhlosion-Hisui, L50, M|100/100
|switch|p2a: Talonflame|Talonflame, L50, M|100/100
|switch|p2b: Glimmora|Glimmora, L50, F|100/100
|turn|1
|inactive|Blizzzey has 30 seconds left.
|
|t:|1756212183
|-terastallize|p1b: Typhlosion|Fire
|move|p2a: Talonflame|Brave Bird|p1b: Typhlosion
|-damage|p1b: Typhlosion|37/100
|-damage|p2a: Talonflame|80/100|[from] Recoil
|move|p1a: Murkrow|Sunny Day|p1a: Murkrow
|-weather|SunnyDay
|move|p1b: Typhlosion|Heat Wave|p2b: Glimmora|[spread] p2a,p2b
|-resisted|p2a: Talonflame
|-resisted|p2b: Glimmora
|-damage|p2a: Talonflame|7/100
|-damage|p2b: Glimmora|28/100
|move|p2b: Glimmora|Earth Power|p1b: Typhlosion
|-supereffective|p1b: Typhlosion
|-damage|p1b: Typhlosion|0 fnt
|faint|p1b: Typhlosion
|
|-weather|SunnyDay|[upkeep]
|upkeep
|
|t:|1756212197
|switch|p1b: Rillaboom|Rillaboom, L50, M|100/100
|-fieldstart|move: Grassy Terrain|[from] ability: Grassy Surge|[of] p1b: Rillaboom
|turn|2
|inactive|Blizzzey has 30 seconds left.
|inactive|Blizzzey has 20 seconds left.
|inactive|Blizzzey has 15 seconds left.
|inactive|Blizzzey has 10 seconds left.
|inactive|Blizzzey has 5 seconds left.
|
|t:|1756212249
|switch|p2a: Dragonite|Dragonite, L50, F|100/100
|move|p2b: Glimmora|Spiky Shield|p2b: Glimmora
|-singleturn|p2b: Glimmora|move: Protect
|move|p1a: Murkrow|Tailwind|p1a: Murkrow
|-sidestart|p1: Harry Koekenpan|move: Tailwind
|move|p1b: Rillaboom|Grassy Glide|p2a: Dragonite
|-resisted|p2a: Dragonite
|-damage|p2a: Dragonite|95/100
|
|-weather|SunnyDay|[upkeep]
|-heal|p2b: Glimmora|34/100|[from] Grassy Terrain
|upkeep
|turn|3
|inactive|Harry Koekenpan has 30 seconds left.
|inactive|Blizzzey has 30 seconds left.
|inactive|Blizzzey has 20 seconds left.
|inactive|Blizzzey has 15 seconds left.
|inactive|Blizzzey has 10 seconds left.
|inactive|Blizzzey has 5 seconds left.
|
|t:|1756212299
|-terastallize|p2b: Glimmora|Grass
|move|p1a: Murkrow|Foul Play|p2a: Dragonite
|-damage|p2a: Dragonite|32/100
|move|p1b: Rillaboom|Wood Hammer|p2a: Dragonite
|-resisted|p2a: Dragonite
|-damage|p2a: Dragonite|9/100
|-damage|p1b: Rillaboom|94/100|[from] Recoil
|move|p2b: Glimmora|Meteor Beam||[still]
|-prepare|p2b: Glimmora|Meteor Beam
|-boost|p2b: Glimmora|spa|1
|-enditem|p2b: Glimmora|Power Herb
|-anim|p2b: Glimmora|Meteor Beam|p1a: Murkrow
|-supereffective|p1a: Murkrow
|-damage|p1a: Murkrow|0 fnt
|faint|p1a: Murkrow
|move|p2a: Dragonite|Scale Shot|p1b: Rillaboom|[miss]
|-miss|p2a: Dragonite|p1b: Rillaboom
|
|-weather|SunnyDay|[upkeep]
|-heal|p1b: Rillaboom|99/100|[from] Grassy Terrain
|-heal|p2b: Glimmora|40/100|[from] Grassy Terrain
|upkeep
|
|t:|1756212318
|switch|p1a: Flamigo|Flamigo, L50, M|100/100
|-copyboost|p1a: Flamigo|p1b: Rillaboom|[from] ability: Costar
|turn|4
|inactive|Blizzzey has 30 seconds left.
|
|t:|1756212350
|move|p2b: Glimmora|Spiky Shield|p2b: Glimmora
|-singleturn|p2b: Glimmora|move: Protect
|move|p2a: Dragonite|Protect|p2a: Dragonite
|-singleturn|p2a: Dragonite|Protect
|move|p1b: Rillaboom|Grassy Glide|p2a: Dragonite
|-activate|p2a: Dragonite|move: Protect
|move|p1a: Flamigo|Brave Bird|p2b: Glimmora
|-activate|p2b: Glimmora|move: Protect
|-damage|p1a: Flamigo|88/100|[from] Spiky Shield|[of] p2b: Glimmora
|
|-weather|SunnyDay|[upkeep]
|-heal|p1b: Rillaboom|100/100|[from] Grassy Terrain
|-heal|p2b: Glimmora|45/100|[from] Grassy Terrain
|upkeep
|turn|5
|inactive|Blizzzey has 30 seconds left.
|inactive|Blizzzey has 20 seconds left.
|
|t:|1756212390
|switch|p2a: Gholdengo|Gholdengo, L50|100/100
|move|p1a: Flamigo|Brave Bird|p2b: Glimmora
|-supereffective|p2b: Glimmora
|-damage|p2b: Glimmora|0 fnt
|-activate|p2b: Glimmora|ability: Toxic Debris
|-sidestart|p1: Harry Koekenpan|move: Toxic Spikes
|faint|p2b: Glimmora
|-damage|p1a: Flamigo|74/100|[from] Recoil
|-damage|p1a: Flamigo|64/100|[from] item: Life Orb
|move|p1b: Rillaboom|Wood Hammer|p2a: Gholdengo
|-resisted|p2a: Gholdengo
|-damage|p2a: Gholdengo|50/100
|-damage|p1b: Rillaboom|87/100|[from] Recoil
|
|-weather|none
|-heal|p1b: Rillaboom|93/100|[from] Grassy Terrain
|-heal|p2a: Gholdengo|56/100|[from] Grassy Terrain
|-sideend|p1: Harry Koekenpan|move: Tailwind
|upkeep
|
|t:|1756212402
|switch|p2b: Talonflame|Talonflame, L50, M|7/100
|turn|6
|
|t:|1756212421
|switch|p2a: Dragonite|Dragonite, L50, F|9/100
|move|p1b: Rillaboom|Grassy Glide|p2b: Talonflame
|-resisted|p2b: Talonflame
|-damage|p2b: Talonflame|0 fnt
|faint|p2b: Talonflame
|move|p1a: Flamigo|Brave Bird|p2a: Dragonite
|-damage|p2a: Dragonite|0 fnt
|faint|p2a: Dragonite
|-damage|p1a: Flamigo|61/100|[from] Recoil
|-damage|p1a: Flamigo|52/100|[from] item: Life Orb
|
|-heal|p1b: Rillaboom|99/100|[from] Grassy Terrain
|-fieldend|move: Grassy Terrain
|upkeep
|
|t:|1756212429
|switch|p2b: Gholdengo|Gholdengo, L50|56/100
|turn|7
|
|t:|1756212446
|move|p1a: Flamigo|Brave Bird|p2b: Gholdengo
|-resisted|p2b: Gholdengo
|-damage|p2b: Gholdengo|13/100
|-damage|p1a: Flamigo|37/100|[from] Recoil
|-damage|p1a: Flamigo|28/100|[from] item: Life Orb
|move|p2b: Gholdengo|Make It Rain|p1b: Rillaboom|[spread] p1a,p1b
|-damage|p1a: Flamigo|0 fnt
|-damage|p1b: Rillaboom|43/100
|-unboost|p2b: Gholdengo|spa|1
|faint|p1a: Flamigo
|move|p1b: Rillaboom|High Horsepower|p2b: Gholdengo
|-supereffective|p2b: Gholdengo
|-damage|p2b: Gholdengo|0 fnt
|faint|p2b: Gholdengo
|
|win|Harry Koekenpan
||Harry Koekenpan is ready for game 3.
||Blizzzey is ready for game 3.
|uhtml|next|Next: Game 3 of 3
