|j|☆jANMxRin
|j|☆peyo_snk
|html|jANMxRinpeyo_snk    
|uhtml|bestof|Game 3 of a best-of-3
|t:|1782314710
|gametype|doubles
|player|p1|jANMxRin|266|1070
|player|p2|peyo_snk|169|1070
|gen|9
|tier|[Gen 9 Champions] VGC 2026 Reg M-B (Bo3)
|rated|
|rule|Species Clause: Limit one of each Pokémon
|rule|Item Clause: Limit 1 of each item
|clearpoke
|poke|p1|Pyroar, L50, M|
|poke|p1|Whimsicott, L50, M|
|poke|p1|Farigiraf, L50, F|
|poke|p1|Torkoal, L50, M|
|poke|p1|Sneasler, L50, M|
|poke|p1|Mawile, L50, F|
|poke|p2|Charizard, L50, F|
|poke|p2|Ninetales-Alola, L50, M|
|poke|p2|Garchomp, L50, M|
|poke|p2|Glimmora, L50, F|
|poke|p2|Whimsicott, L50, M|
|poke|p2|Metagross, L50|
|teampreview|4
|showteam|p1|Pyroar||Pyroarite|Rivalry|HeatWave,Overheat,SolarBeam,Protect|Timid||M|||50|]Whimsicott||FocusSash|Prankster|SunnyDay,Tailwind,Moonblast,FakeTears|Timid||M|||50|]Farigiraf||SitrusBerry|ArmorTail|HelpingHand,TrickRoom,TwinBeam,Thunderbolt|Modest||F|||50|]Torkoal||Charcoal|Drought|HeatWave,HelpingHand,Protect,Eruption|Quiet||M|||50|]Sneasler||WhiteHerb|Unburden|CloseCombat,GunkShot,Protect,FakeOut|Jolly||M|||50|]Mawile||Mawilite|Intimidate|SwordsDance,PlayRough,SuckerPunch,Protect|Adamant||F|||50|
|showteam|p2|Charizard||CharizarditeY|Blaze|HeatWave,WeatherBall,SolarBeam,Protect|Modest||F|||50|]Ninetales-Alola||NeverMeltIce|SnowWarning|Blizzard,FreezeDry,Moonblast,Protect|Timid||M|||50|]Garchomp||LifeOrb|RoughSkin|Earthquake,RockSlide,Protect,StompingTantrum|Jolly||M|||50|]Glimmora||FocusSash|ToxicDebris|PowerGem,SludgeBomb,EarthPower,SpikyShield|Modest||F|||50|]Whimsicott||FairyFeather|Prankster|Tailwind,Encore,Moonblast,Protect|Timid||M|||50|]Metagross||Metagrossite|ClearBody|IronHead,PsychicFangs,Protect,StompingTantrum|Jolly|||||50|
|
|t:|1782314759
|teamsize|p1|4
|teamsize|p2|4
|start
|switch|p1a: Whimsicott|Whimsicott, L50, M|100/100
|switch|p1b: Pyroar|Pyroar, L50, M|100/100
|switch|p2a: Garchomp|Garchomp, L50, M|100/100
|switch|p2b: Glimmora|Glimmora, L50, F|100/100
|turn|1
|
|t:|1782314793
|detailschange|p1b: Pyroar|Pyroar-Mega, L50, M
|-mega|p1b: Pyroar|Pyroar|Pyroarite
|move|p1b: Pyroar|Protect|p1b: Pyroar
|-singleturn|p1b: Pyroar|Protect
|move|p2a: Garchomp|Protect|p2a: Garchomp
|-singleturn|p2a: Garchomp|Protect
|move|p1a: Whimsicott|Fake Tears|p2b: Glimmora
|-unboost|p2b: Glimmora|spd|2
|move|p2b: Glimmora|Sludge Bomb|p1a: Whimsicott
|-supereffective|p1a: Whimsicott|2
|-enditem|p1a: Whimsicott|Focus Sash
|-damage|p1a: Whimsicott|1/100
|
|upkeep
|turn|2
|inactive|Battle timer is ON: inactive players will automatically lose when time's up. (requested by peyo_snk)
|inactive|jANMxRin has 60 seconds left.
|
|t:|1782314835
|move|p2b: Glimmora|Spiky Shield|p2b: Glimmora
|-singleturn|p2b: Glimmora|move: Protect
|move|p1a: Whimsicott|Sunny Day|p1a: Whimsicott
|-weather|SunnyDay
|move|p1b: Pyroar|Solar Beam||[still]
|-prepare|p1b: Pyroar|Solar Beam
|-anim|p1b: Pyroar|Solar Beam|p2a: Garchomp
|-damage|p2a: Garchomp|52/100
|move|p2a: Garchomp|Earthquake|p1a: Whimsicott|[spread] p1a,p1b
|-activate|p2b: Glimmora|move: Protect
|-resisted|p1a: Whimsicott|1
|-supereffective|p1b: Pyroar|1
|-damage|p1a: Whimsicott|0 fnt
|-damage|p1b: Pyroar|0 fnt
|faint|p1a: Whimsicott
|faint|p1b: Pyroar
|-damage|p2a: Garchomp|42/100|[from] item: Life Orb
|
|-weather|SunnyDay|[upkeep]
|upkeep
|
|t:|1782314845
|switch|p1b: Sneasler|Sneasler, L50, M|100/100
|switch|p1a: Torkoal|Torkoal, L50, M|100/100
|turn|3
|inactive|peyo_snk has 30 seconds left.
|
|t:|1782314873
|move|p1b: Sneasler|Fake Out|p2b: Glimmora
|-resisted|p2b: Glimmora|1
|-crit|p2b: Glimmora
|-damage|p2b: Glimmora|87/100
|-activate|p2b: Glimmora|ability: Toxic Debris
|-sidestart|p1: jANMxRin|move: Toxic Spikes
|move|p2a: Garchomp|Stomping Tantrum|p1a: Torkoal
|-supereffective|p1a: Torkoal|1
|-damage|p1a: Torkoal|20/100y
|-damage|p2a: Garchomp|32/100|[from] item: Life Orb
|cant|p2b: Glimmora|flinch
|move|p1a: Torkoal|Heat Wave|p2a: Garchomp|[spread] p2a,p2b
|-resisted|p2a: Garchomp|1
|-resisted|p2b: Glimmora|1
|-damage|p2a: Garchomp|1/100
|-damage|p2b: Glimmora|13/100
|
|-weather|SunnyDay|[upkeep]
|upkeep
|turn|4
|
|t:|1782314894
|move|p1a: Torkoal|Protect|p1a: Torkoal
|-singleturn|p1a: Torkoal|Protect
|move|p1b: Sneasler|Close Combat|p2a: Garchomp
|-damage|p2a: Garchomp|0 fnt
|-unboost|p1b: Sneasler|def|1
|-unboost|p1b: Sneasler|spd|1
|-damage|p1b: Sneasler|88/100|[from] ability: Rough Skin|[of] p2a: Garchomp
|faint|p2a: Garchomp
|-enditem|p1b: Sneasler|White Herb
|-clearnegativeboost|p1b: Sneasler|[silent]
|move|p2b: Glimmora|Earth Power|p1a: Torkoal
|-activate|p1a: Torkoal|move: Protect
|
|-weather|SunnyDay|[upkeep]
|upkeep
|
|t:|1782314909
|switch|p2a: Metagross|Metagross, L50|100/100
|turn|5
|
|t:|1782314932
|move|p1b: Sneasler|Close Combat|p2b: Glimmora
|-damage|p2b: Glimmora|0 fnt
|-unboost|p1b: Sneasler|def|1
|-unboost|p1b: Sneasler|spd|1
|-activate|p2b: Glimmora|ability: Toxic Debris
|-sidestart|p1: jANMxRin|move: Toxic Spikes
|faint|p2b: Glimmora
|move|p2a: Metagross|Stomping Tantrum|p1a: Torkoal
|-supereffective|p1a: Torkoal|1
|-damage|p1a: Torkoal|0 fnt
|faint|p1a: Torkoal
|
|-weather|SunnyDay|[upkeep]
|upkeep
|-message|jANMxRin forfeited.
|
|win|peyo_snk
|raw|jANMxRin's rating: 1070 → 1050(-20 for losing)
|raw|peyo_snk's rating: 1070 → 1100(+30 for winning)
