|j|☆OOF? YEE?
|j|☆cocacolaindahhouse
|html|OOF? YEE?cocacolaindahhouse    
|uhtml|bestof|Game 1 of a best-of-3
|t:|1756482321
|gametype|doubles
|player|p1|OOF? YEE?|169|1336
|player|p2|cocacolaindahhouse|1|1478
|gen|9
|tier|[Gen 9] VGC 2025 Reg H (Bo3)
|rated|
|rule|Species Clause: Limit one of each Pokémon
|rule|Item Clause: Limit 1 of each item
|clearpoke
|poke|p1|Archaludon, L50, M|
|poke|p1|Pelipper, L50, F|
|poke|p1|Dondozo, L50, M|
|poke|p1|Amoonguss, L50, F|
|poke|p1|Comfey, L50, M|
|poke|p1|Tatsugiri, L50, M|
|poke|p2|Ursaluna, L50, M|
|poke|p2|Dragonite, L50, M|
|poke|p2|Archaludon, L50, M|
|poke|p2|Sinistcha, L50|
|poke|p2|Pelipper, L50, M|
|poke|p2|Gholdengo, L50|
|teampreview|4
|showteam|p1|Archaludon||AssaultVest|Stamina|ElectroShot,BodyPress,FlashCannon,Snarl|||M|||50|,,,,,Grass]Pelipper||ChoiceScarf|Drizzle|Tailwind,Hurricane,WeatherBall,Uturn|||F|||50|,,,,,Ghost]Dondozo||Leftovers|Unaware|Rest,Earthquake,WaveCrash,SleepTalk|||M|||50|,,,,,Ghost]Amoonguss||CovertCloak|Regenerator|PollenPuff,ClearSmog,RagePowder,Spore|||F|||50|,,,,,Water]Comfey||SafetyGoggles|Triage|DrainingKiss,FloralHealing,LightScreen,Protect|||M|||50|,,,,,Steel]Tatsugiri||FocusSash|Commander|Protect,Surf,DracoMeteor,Taunt|||M|||50|,,,,,Ghost
|showteam|p2|Ursaluna||FlameOrb|Guts|Facade,Protect,HeadlongRush,Earthquake|||M|||50|,,,,,Ghost]Dragonite||LoadedDice|Multiscale|ScaleShot,Protect,Haze,Tailwind|||M|||50|,,,,,Fairy]Archaludon||AssaultVest|Stamina|FlashCannon,BodyPress,ElectroShot,Snarl|||M|||50|,,,,,Fighting]Sinistcha||SitrusBerry|Hospitality|LifeDew,MatchaGotcha,TrickRoom,RagePowder||||||50|,,,,,Dark]Pelipper||FocusSash|Drizzle|Hurricane,Tailwind,MuddyWater,Protect|||M|||50|,,,,,Ghost]Gholdengo||ChoiceScarf|GoodasGold|MakeItRain,ShadowBall,Trick,TeraBlast||||||50|,,,,,Water
|
|t:|1756482398
|teamsize|p1|4
|teamsize|p2|4
|start
|switch|p1a: Archaludon|Archaludon, L50, M|100/100
|switch|p1b: Comfey|Comfey, L50, M|100/100
|switch|p2a: Archaludon|Archaludon, L50, M|100/100
|switch|p2b: Gholdengo|Gholdengo, L50|100/100
|turn|1
|
|t:|1756482427
|move|p2b: Gholdengo|Trick|p1a: Archaludon
|-activate|p2b: Gholdengo|move: Trick|[of] p1a: Archaludon
|-item|p1a: Archaludon|Choice Scarf|[from] move: Trick
|-item|p2b: Gholdengo|Assault Vest|[from] move: Trick
|move|p1a: Archaludon|Snarl|p2b: Gholdengo|[spread] p2a,p2b
|-supereffective|p2b: Gholdengo
|-damage|p2a: Archaludon|93/100
|-damage|p2b: Gholdengo|81/100
|-unboost|p2a: Archaludon|spa|1
|-unboost|p2b: Gholdengo|spa|1
|-ability|p2a: Archaludon|Stamina|boost
|-boost|p2a: Archaludon|def|1
|move|p1b: Comfey|Light Screen|p1b: Comfey
|-sidestart|p1: OOF? YEE?|move: Light Screen
|move|p2a: Archaludon|Snarl|p1a: Archaludon|[spread] p1a,p1b
|-resisted|p1b: Comfey
|-damage|p1a: Archaludon|96/100
|-damage|p1b: Comfey|98/100
|-unboost|p1a: Archaludon|spa|1
|-unboost|p1b: Comfey|spa|1
|-ability|p1a: Archaludon|Stamina|boost
|-boost|p1a: Archaludon|def|1
|
|upkeep
|turn|2
|
|t:|1756482473
|switch|p1a: Dondozo|Dondozo, L50, M|100/100
|switch|p2b: Sinistcha|Sinistcha, L50|100/100
|-heal|p2a: Archaludon|100/100|[from] ability: Hospitality|[of] p2b: Sinistcha
|switch|p1b: Tatsugiri|Tatsugiri, L50, M|100/100
|-activate|p1b: Tatsugiri|ability: Commander|[of] p1a: Dondozo
|-boost|p1a: Dondozo|atk|2
|-boost|p1a: Dondozo|spa|2
|-boost|p1a: Dondozo|spe|2
|-boost|p1a: Dondozo|def|2
|-boost|p1a: Dondozo|spd|2
|move|p2a: Archaludon|Flash Cannon|p1b: Tatsugiri|[miss]
|-miss|p2a: Archaludon|p1b: Tatsugiri
|
|upkeep
|turn|3
|
|t:|1756482515
|switch|p2a: Dragonite|Dragonite, L50, M|100/100
|move|p1a: Dondozo|Earthquake|p2a: Dragonite|[spread] p2b
|-miss|p1a: Dondozo|p1b: Tatsugiri
|-immune|p2a: Dragonite
|-resisted|p2b: Sinistcha
|-damage|p2b: Sinistcha|87/100
|move|p2b: Sinistcha|Life Dew||[still]|[spread] p2a,p2b
|-fail|p2a: Dragonite|heal
|-heal|p2b: Sinistcha|100/100
|
|upkeep
|turn|4
|
|t:|1756482528
|move|p2a: Dragonite|Haze|p2a: Dragonite
|-clearallboost
|move|p2b: Sinistcha|Life Dew||[still]|[still]|[spread] 
|-fail|p2a: Dragonite|heal
|-fail|p2b: Sinistcha|heal
|move|p1a: Dondozo|Wave Crash|p2b: Sinistcha
|-resisted|p2b: Sinistcha
|-damage|p2b: Sinistcha|81/100
|-damage|p1a: Dondozo|96/100|[from] Recoil
|
|-heal|p1a: Dondozo|100/100|[from] item: Leftovers
|upkeep
|turn|5
|inactive|Battle timer is ON: inactive players will automatically lose when time's up. (requested by cocacolaindahhouse)
|
|t:|1756482586
|move|p2a: Dragonite|Scale Shot|p1a: Dondozo
|-crit|p1a: Dondozo
|-damage|p1a: Dondozo|87/100
|-damage|p1a: Dondozo|79/100
|-damage|p1a: Dondozo|69/100
|-damage|p1a: Dondozo|61/100
|-damage|p1a: Dondozo|53/100
|-hitcount|p1a: Dondozo|5
|-unboost|p2a: Dragonite|def|1
|-boost|p2a: Dragonite|spe|1
|move|p2b: Sinistcha|Matcha Gotcha|p1b: Tatsugiri|[spread] p1a
|-miss|p2b: Sinistcha|p1b: Tatsugiri
|-supereffective|p1a: Dondozo
|-damage|p1a: Dondozo|32/100
|-heal|p2b: Sinistcha|97/100|[from] drain|[of] p1a: Dondozo
|move|p1a: Dondozo|Wave Crash|p2b: Sinistcha
|-resisted|p2b: Sinistcha
|-damage|p2b: Sinistcha|80/100
|-damage|p1a: Dondozo|29/100|[from] Recoil
|
|-heal|p1a: Dondozo|35/100|[from] item: Leftovers
|-sideend|p1: OOF? YEE?|move: Light Screen
|upkeep
|turn|6
|inactive|cocacolaindahhouse has 30 seconds left.
|
|t:|1756482615
|move|p2a: Dragonite|Tailwind|p2a: Dragonite
|-sidestart|p2: cocacolaindahhouse|move: Tailwind
|move|p2b: Sinistcha|Matcha Gotcha|p1b: Tatsugiri|[spread] p1a
|-miss|p2b: Sinistcha|p1b: Tatsugiri
|-supereffective|p1a: Dondozo
|-damage|p1a: Dondozo|0 fnt
|-heal|p2b: Sinistcha|100/100|[from] drain|[of] p1a: Dondozo
|faint|p1a: Dondozo
|
|upkeep
|
|t:|1756482624
|switch|p1a: Comfey|Comfey, L50, M|98/100
|turn|7
|
|t:|1756482643
|switch|p1b: Archaludon|Archaludon, L50, M|96/100
|move|p2a: Dragonite|Protect|p2a: Dragonite
|-singleturn|p2a: Dragonite|Protect
|move|p1a: Comfey|Draining Kiss|p2a: Dragonite
|-activate|p2a: Dragonite|move: Protect
|move|p2b: Sinistcha|Matcha Gotcha|p1a: Comfey|[spread] p1a,p1b
|-resisted|p1b: Archaludon
|-damage|p1a: Comfey|75/100
|-damage|p1b: Archaludon|90/100
|-status|p1a: Comfey|brn
|-ability|p1b: Archaludon|Stamina|boost
|-boost|p1b: Archaludon|def|1
|
|-damage|p1a: Comfey|69/100 brn|[from] brn
|upkeep
|turn|8
|inactive|OOF? YEE? has 30 seconds left.
|inactive|cocacolaindahhouse has 30 seconds left.
|inactive|OOF? YEE? has 20 seconds left.
|inactive|OOF? YEE? has 15 seconds left.
|inactive|OOF? YEE? has 10 seconds left.
|
|t:|1756482691
|move|p2a: Dragonite|Haze|p2a: Dragonite
|-clearallboost
|move|p2b: Sinistcha|Life Dew||[still]|[still]|[spread] 
|-fail|p2a: Dragonite|heal
|-fail|p2b: Sinistcha|heal
|move|p1b: Archaludon|Electro Shot||[still]
|-prepare|p1b: Archaludon|Electro Shot
|-boost|p1b: Archaludon|spa|1
|move|p1a: Comfey|Light Screen|p1a: Comfey
|-sidestart|p1: OOF? YEE?|move: Light Screen
|
|-damage|p1a: Comfey|63/100 brn|[from] brn
|upkeep
|turn|9
|
|t:|1756482711
|switch|p2a: Archaludon|Archaludon, L50, M|100/100
|move|p1a: Comfey|Draining Kiss|p2a: Archaludon
|-damage|p2a: Archaludon|89/100
|-heal|p1a: Comfey|74/100 brn|[from] drain|[of] p2a: Archaludon
|-ability|p2a: Archaludon|Stamina|boost
|-boost|p2a: Archaludon|def|1
|move|p2b: Sinistcha|Matcha Gotcha|p1b: Archaludon|[spread] p1a,p1b
|-resisted|p1b: Archaludon
|-damage|p1a: Comfey|59/100 brn
|-damage|p1b: Archaludon|87/100
|-ability|p1b: Archaludon|Stamina|boost
|-boost|p1b: Archaludon|def|1
|move|p1b: Archaludon|Electro Shot|p2a: Archaludon|[from] lockedmove
|-resisted|p2a: Archaludon
|-damage|p2a: Archaludon|71/100
|-ability|p2a: Archaludon|Stamina|boost
|-boost|p2a: Archaludon|def|1
|
|-damage|p1a: Comfey|53/100 brn|[from] brn
|-sideend|p2: cocacolaindahhouse|move: Tailwind
|upkeep
|turn|10
|inactive|OOF? YEE? has 30 seconds left.
|
|t:|1756482738
|move|p1a: Comfey|Draining Kiss|p2b: Sinistcha
|-damage|p2b: Sinistcha|87/100
|-heal|p1a: Comfey|64/100 brn|[from] drain|[of] p2b: Sinistcha
|move|p1b: Archaludon|Electro Shot||[still]
|-prepare|p1b: Archaludon|Electro Shot
|-boost|p1b: Archaludon|spa|1
|move|p2a: Archaludon|Flash Cannon|p1a: Comfey
|-supereffective|p1a: Comfey
|-damage|p1a: Comfey|23/100 brn
|move|p2b: Sinistcha|Life Dew|p2b: Sinistcha|[spread] p2a,p2b
|-heal|p2a: Archaludon|96/100
|-heal|p2b: Sinistcha|100/100
|
|-damage|p1a: Comfey|18/100 brn|[from] brn
|upkeep
|turn|11
|-message|OOF? YEE? forfeited.
|
|win|cocacolaindahhouse
||OOF? YEE? is ready for game 2.
||cocacolaindahhouse is ready for game 2.
|uhtml|next|Next: Game 2 of 3
