|j|☆jxnh
|j|☆hatsune p2
|html|jxnhhatsune p2    
|uhtml|bestof|Game 1 of a best-of-3
|t:|1756679399
|gametype|doubles
|player|p1|jxnh|170|1164
|player|p2|hatsune p2|miku-fairy|1198
|gen|9
|tier|[Gen 9] VGC 2025 Reg H (Bo3)
|rated|
|rule|Species Clause: Limit one of each Pokémon
|rule|Item Clause: Limit 1 of each item
|clearpoke
|poke|p1|Corviknight, L50, F|
|poke|p1|Sneasler, L50, F|
|poke|p1|Garchomp, L50, F|
|poke|p1|Incineroar, L50, M|
|poke|p1|Araquanid, L50, M|
|poke|p1|Ursaluna-Bloodmoon, L50, M|
|poke|p2|Ursaluna-Bloodmoon, L50, M|
|poke|p2|Incineroar, L50, F|
|poke|p2|Whimsicott, L50, F|
|poke|p2|Annihilape, L50, M|
|poke|p2|Electabuzz, L50, M|
|poke|p2|Basculegion, L50, M|
|teampreview|4
|showteam|p1|Corviknight||Leftovers|MirrorArmor|DualWingbeat,BodyPress,IronDefense,Protect|||F|||50|,,,,,Fire]Sneasler||FocusSash|Unburden|DireClaw,CloseCombat,Coaching,Protect|||F|||50|,,,,,Ghost]Garchomp||LoadedDice|RoughSkin|StompingTantrum,Earthquake,ScaleShot,Protect|||F|||50|,,,,,Fairy]Incineroar||SitrusBerry|Intimidate|FakeOut,KnockOff,PartingShot,FlareBlitz|||M|||50|,,,,,Ghost]Araquanid||RoomService|WaterBubble|Liquidation,LeechLife,WideGuard,Protect|||M|||50|,,,,,Grass]Ursaluna-Bloodmoon||AssaultVest|MindsEye|HyperVoice,EarthPower,BloodMoon,Snarl|||M|||50|,,,,,Grass
|showteam|p2|Ursaluna-Bloodmoon||LifeOrb|MindsEye|BloodMoon,HyperVoice,EarthPower,Protect|||M|||50|,,,,,Normal]Incineroar||SafetyGoggles|Intimidate|FakeOut,FlareBlitz,KnockOff,PartingShot|||F|||50|,,,,,Ghost]Whimsicott||CovertCloak|Prankster|Tailwind,HelpingHand,Moonblast,Encore|||F|||50|,,,,,Water]Annihilape||AssaultVest|Defiant|FinalGambit,CloseCombat,RageFist,Uturn|||M|||50|,,,,,Grass]Electabuzz||Eviolite|VitalSpirit|Thunderbolt,Electroweb,FollowMe,Protect|||M|||50|,,,,,Ghost]Basculegion||FocusSash|Adaptability|Liquidation,LastRespects,AquaJet,Protect|||M|||50|,,,,,Water
|j| harpyhair
|
|t:|1756679458
|teamsize|p1|4
|teamsize|p2|4
|start
|switch|p1a: Corviknight|Corviknight, L50, F|100/100
|switch|p1b: Sneasler|Sneasler, L50, F|100/100
|switch|p2a: Whimsicott|Whimsicott, L50, F|100/100
|switch|p2b: Annihilape|Annihilape, L50, M|100/100
|turn|1
|
|t:|1756679477
|move|p2a: Whimsicott|Tailwind|p2a: Whimsicott
|-sidestart|p2: hatsune p2|move: Tailwind
|move|p2b: Annihilape|U-turn|p1b: Sneasler
|-resisted|p1b: Sneasler
|-damage|p1b: Sneasler|92/100
|
|t:|1756679481
|switch|p2b: Ursaluna|Ursaluna-Bloodmoon, L50, M|100/100|[from] U-turn
|move|p1b: Sneasler|Coaching|p1a: Corviknight
|-boost|p1a: Corviknight|atk|1
|-boost|p1a: Corviknight|def|1
|move|p1a: Corviknight|Dual Wingbeat|p2b: Ursaluna
|-damage|p2b: Ursaluna|81/100
|-damage|p2b: Ursaluna|60/100
|-hitcount|p2b: Ursaluna|2
|
|upkeep
|turn|2
|
|t:|1756679517
|-terastallize|p2b: Ursaluna|Normal
|move|p2a: Whimsicott|Helping Hand|p2b: Ursaluna
|-singleturn|p2b: Ursaluna|Helping Hand|[of] p2a: Whimsicott
|move|p1b: Sneasler|Protect|p1b: Sneasler
|-singleturn|p1b: Sneasler|Protect
|move|p2b: Ursaluna|Hyper Voice|p1b: Sneasler|[spread] p1a
|-activate|p1b: Sneasler|move: Protect
|-resisted|p1a: Corviknight
|-damage|p1a: Corviknight|58/100
|-damage|p2b: Ursaluna|51/100|[from] item: Life Orb
|move|p1a: Corviknight|Dual Wingbeat|p2a: Whimsicott
|-supereffective|p2a: Whimsicott
|-damage|p2a: Whimsicott|52/100
|-supereffective|p2a: Whimsicott
|-damage|p2a: Whimsicott|7/100
|-hitcount|p2a: Whimsicott|2
|
|-heal|p1a: Corviknight|65/100|[from] item: Leftovers
|upkeep
|turn|3
|
|t:|1756679558
|move|p2a: Whimsicott|Helping Hand|p2b: Ursaluna
|-singleturn|p2b: Ursaluna|Helping Hand|[of] p2a: Whimsicott
|move|p1a: Corviknight|Protect|p1a: Corviknight
|-singleturn|p1a: Corviknight|Protect
|move|p2b: Ursaluna|Hyper Voice|p1b: Sneasler|[spread] p1b
|-activate|p1a: Corviknight|move: Protect
|-damage|p1b: Sneasler|0 fnt
|faint|p1b: Sneasler
|-damage|p2b: Ursaluna|41/100|[from] item: Life Orb
|
|-heal|p1a: Corviknight|71/100|[from] item: Leftovers
|upkeep
|
|t:|1756679573
|switch|p1b: Garchomp|Garchomp, L50, F|100/100
|turn|4
|
|t:|1756679580
|move|p1b: Garchomp|Protect|p1b: Garchomp
|-singleturn|p1b: Garchomp|Protect
|move|p2a: Whimsicott|Encore|p1a: Corviknight
|-start|p1a: Corviknight|Encore
|move|p2b: Ursaluna|Blood Moon|p1b: Garchomp
|-activate|p1b: Garchomp|move: Protect
|move|p1a: Corviknight|Protect||[still]
|-fail|p1a: Corviknight
|
|-heal|p1a: Corviknight|77/100|[from] item: Leftovers
|-sideend|p2: hatsune p2|move: Tailwind
|upkeep
|turn|5
|
|t:|1756679616
|move|p1a: Corviknight|Protect|p1a: Corviknight
|-singleturn|p1a: Corviknight|Protect
|move|p2a: Whimsicott|Encore|p1b: Garchomp
|-start|p1b: Garchomp|Encore
|move|p1b: Garchomp|Protect||[still]
|-fail|p1b: Garchomp
|move|p2b: Ursaluna|Earth Power|p1b: Garchomp
|-damage|p1b: Garchomp|30/100
|-damage|p2b: Ursaluna|32/100|[from] item: Life Orb
|
|-heal|p1a: Corviknight|83/100|[from] item: Leftovers
|upkeep
|turn|6
|
|t:|1756679633
|switch|p1b: Incineroar|Incineroar, L50, M|100/100
|-ability|p1b: Incineroar|Intimidate|boost
|-unboost|p2a: Whimsicott|atk|1
|-unboost|p2b: Ursaluna|atk|1
|move|p2a: Whimsicott|Helping Hand|p2b: Ursaluna
|-singleturn|p2b: Ursaluna|Helping Hand|[of] p2a: Whimsicott
|move|p1a: Corviknight|Protect|p1a: Corviknight
|-singleturn|p1a: Corviknight|Protect
|move|p2b: Ursaluna|Blood Moon|p1a: Corviknight
|-activate|p1a: Corviknight|move: Protect
|
|-heal|p1a: Corviknight|90/100|[from] item: Leftovers
|-end|p1a: Corviknight|Encore
|upkeep
|turn|7
|
|t:|1756679669
|switch|p2a: Electabuzz|Electabuzz, L50, M|100/100
|move|p2b: Ursaluna|Protect|p2b: Ursaluna
|-singleturn|p2b: Ursaluna|Protect
|move|p1b: Incineroar|Fake Out|p2a: Electabuzz
|-damage|p2a: Electabuzz|89/100
|move|p1a: Corviknight|Body Press|p2b: Ursaluna
|-activate|p2b: Ursaluna|move: Protect
|
|-heal|p1a: Corviknight|96/100|[from] item: Leftovers
|upkeep
|turn|8
|
|t:|1756679692
|switch|p1b: Garchomp|Garchomp, L50, F|30/100
|move|p2a: Electabuzz|Follow Me|p2a: Electabuzz
|-singleturn|p2a: Electabuzz|move: Follow Me
|move|p2b: Ursaluna|Blood Moon|p1b: Garchomp
|-damage|p1b: Garchomp|0 fnt
|faint|p1b: Garchomp
|-damage|p2b: Ursaluna|22/100|[from] item: Life Orb
|move|p1a: Corviknight|Body Press|p2a: Electabuzz
|-damage|p2a: Electabuzz|61/100
|
|-heal|p1a: Corviknight|100/100|[from] item: Leftovers
|upkeep
|
|t:|1756679710
|switch|p1b: Incineroar|Incineroar, L50, M|100/100
|-ability|p1b: Incineroar|Intimidate|boost
|-unboost|p2a: Electabuzz|atk|1
|-unboost|p2b: Ursaluna|atk|1
|turn|9
|
|t:|1756679719
|move|p2a: Electabuzz|Protect|p2a: Electabuzz
|-singleturn|p2a: Electabuzz|Protect
|move|p2b: Ursaluna|Protect|p2b: Ursaluna
|-singleturn|p2b: Ursaluna|Protect
|move|p1b: Incineroar|Fake Out|p2b: Ursaluna
|-activate|p2b: Ursaluna|move: Protect
|move|p1a: Corviknight|Iron Defense|p1a: Corviknight
|-boost|p1a: Corviknight|def|2
|
|upkeep
|turn|10
|
|t:|1756679746
|move|p2a: Electabuzz|Follow Me|p2a: Electabuzz
|-singleturn|p2a: Electabuzz|move: Follow Me
|move|p2b: Ursaluna|Blood Moon|p1b: Incineroar
|-damage|p1b: Incineroar|0 fnt
|faint|p1b: Incineroar
|-damage|p2b: Ursaluna|13/100|[from] item: Life Orb
|move|p1a: Corviknight|Body Press|p2a: Electabuzz
|-damage|p2a: Electabuzz|11/100
|
|upkeep
|turn|11
|
|t:|1756679761
|move|p1a: Corviknight|Protect|p1a: Corviknight
|-singleturn|p1a: Corviknight|Protect
|move|p2a: Electabuzz|Thunderbolt|p1a: Corviknight
|-activate|p1a: Corviknight|move: Protect
|move|p2b: Ursaluna|Hyper Voice|p1a: Corviknight
|-activate|p1a: Corviknight|move: Protect
|
|upkeep
|turn|12
|
|t:|1756679788
|move|p2a: Electabuzz|Thunderbolt|p1a: Corviknight
|-supereffective|p1a: Corviknight
|-damage|p1a: Corviknight|49/100
|move|p2b: Ursaluna|Earth Power|p1a: Corviknight
|-immune|p1a: Corviknight
|move|p1a: Corviknight|Body Press|p2b: Ursaluna
|-supereffective|p2b: Ursaluna
|-damage|p2b: Ursaluna|0 fnt
|faint|p2b: Ursaluna
|
|-heal|p1a: Corviknight|56/100|[from] item: Leftovers
|upkeep
|
|t:|1756679796
|switch|p2b: Annihilape|Annihilape, L50, M|100/100
|turn|13
|
|t:|1756679801
|move|p1a: Corviknight|Protect|p1a: Corviknight
|-singleturn|p1a: Corviknight|Protect
|move|p2a: Electabuzz|Thunderbolt|p1a: Corviknight
|-activate|p1a: Corviknight|move: Protect
|move|p2b: Annihilape|Final Gambit|p1a: Corviknight
|-activate|p1a: Corviknight|move: Protect
|
|-heal|p1a: Corviknight|62/100|[from] item: Leftovers
|upkeep
|turn|14
|
|t:|1756679813
|move|p2a: Electabuzz|Thunderbolt|p1a: Corviknight
|-supereffective|p1a: Corviknight
|-damage|p1a: Corviknight|8/100
|move|p2b: Annihilape|Final Gambit|p1a: Corviknight
|-damage|p1a: Corviknight|0 fnt
|faint|p2b: Annihilape
|faint|p1a: Corviknight
|
|win|hatsune p2
||hatsune p2 is ready for game 2.
||jxnh is ready for game 2.
|uhtml|next|Next: Game 2 of 3
