|j|☆Argos365W
|j|☆Foffa
|html|Argos365WFoffa    
|uhtml|bestof|Game 1 of a best-of-3
|t:|1757671589
|gametype|doubles
|player|p1|Argos365W|hilbert|1047
|player|p2|Foffa|170|1203
|gen|9
|tier|[Gen 9] VGC 2025 Reg H (Bo3)
|rated|
|rule|Species Clause: Limit one of each Pokémon
|rule|Item Clause: Limit 1 of each item
|clearpoke
|poke|p1|Incineroar, L50, F|
|poke|p1|Amoonguss, L50, M|
|poke|p1|Ursaluna-Bloodmoon, L50, M|
|poke|p1|Sneasler, L50, M|
|poke|p1|Gholdengo, L50|
|poke|p1|Dragonite, L50, M|
|poke|p2|Chesnaught, L50, F|
|poke|p2|Ninetales-Alola, L50, M|
|poke|p2|Incineroar, L50, M|
|poke|p2|Gholdengo, L50|
|poke|p2|Garchomp, L50, M|
|poke|p2|Talonflame, L50, F|
|teampreview|4
|showteam|p1|Incineroar||SafetyGoggles|Intimidate|FlareBlitz,KnockOff,PartingShot,FakeOut|||F|||50|,,,,,Ghost]Amoonguss||SitrusBerry|Regenerator|Spore,RagePowder,PollenPuff,Protect|||M|||50|,,,,,Dark]Ursaluna-Bloodmoon||AssaultVest|MindsEye|HyperVoice,BloodMoon,EarthPower,VacuumWave|||M|||50|,,,,,Water]Sneasler||FocusSash|Unburden|CloseCombat,DireClaw,ThroatChop,Protect|||M|||50|,,,,,Stellar]Gholdengo||LifeOrb|GoodasGold|MakeItRain,ShadowBall,NastyPlot,Protect||||||50|,,,,,Water]Dragonite||LoadedDice|Multiscale|ScaleShot,Tailwind,Haze,Protect|||M|||50|,,,,,Fairy
|showteam|p2|Chesnaught||Leftovers|Bulletproof|SpikyShield,IronDefense,BodyPress,LeechSeed|||F|||50|,,,,,Fire]Ninetales-Alola||LightClay|SnowWarning|Protect,AuroraVeil,Blizzard,IcyWind|||M|||50|,,,,,Fire]Incineroar||RockyHelmet|Intimidate|FlareBlitz,FakeOut,KnockOff,PartingShot|||M|||50|,,,,,Fairy]Gholdengo||ChoiceScarf|GoodasGold|MakeItRain,ShadowBall,Trick,PowerGem||||||50|,,,,,Steel]Garchomp||ClearAmulet|RoughSkin|DragonClaw,Protect,StompingTantrum,Earthquake|||M|||50|,,,,,Fire]Talonflame||CovertCloak|GaleWings|Tailwind,Taunt,WillOWisp,DualWingbeat|||F|||50|,,,,,Ghost
|inactive|Battle timer is ON: inactive players will automatically lose when time's up. (requested by Foffa)
|
|t:|1757671637
|teamsize|p1|4
|teamsize|p2|4
|start
|switch|p1a: Amoonguss|Amoonguss, L50, M|100/100
|switch|p1b: Gholdengo|Gholdengo, L50|100/100
|switch|p2a: Chesnaught|Chesnaught, L50, F|100/100
|switch|p2b: Incineroar|Incineroar, L50, M|100/100
|-ability|p2b: Incineroar|Intimidate|boost
|-unboost|p1a: Amoonguss|atk|1
|-unboost|p1b: Gholdengo|atk|1
|turn|1
|inactiveoff|Battle timer is now OFF.
|c|☆Argos365W|gl hf
|inactive|Battle timer is ON: inactive players will automatically lose when time's up. (requested by Argos365W)
|inactive|Foffa has 30 seconds left.
|
|t:|1757671718
|move|p1a: Amoonguss|Rage Powder|p1a: Amoonguss
|-singleturn|p1a: Amoonguss|move: Rage Powder
|move|p1b: Gholdengo|Nasty Plot|p1b: Gholdengo
|-boost|p1b: Gholdengo|spa|2
|move|p2a: Chesnaught|Iron Defense|p2a: Chesnaught
|-boost|p2a: Chesnaught|def|2
|move|p2b: Incineroar|Knock Off|p1a: Amoonguss
|-damage|p1a: Amoonguss|58/100
|-enditem|p1a: Amoonguss|Sitrus Berry|[from] move: Knock Off|[of] p2b: Incineroar
|
|upkeep
|turn|2
|inactive|Argos365W has 30 seconds left.
|
|t:|1757671750
|-terastallize|p1b: Gholdengo|Water
|-terastallize|p2a: Chesnaught|Fire
|move|p1b: Gholdengo|Shadow Ball|p2a: Chesnaught
|-immune|p2a: Chesnaught|[from] ability: Bulletproof
|move|p2a: Chesnaught|Iron Defense|p2a: Chesnaught
|-boost|p2a: Chesnaught|def|2
|move|p2b: Incineroar|Flare Blitz|p1a: Amoonguss
|-supereffective|p1a: Amoonguss
|-damage|p1a: Amoonguss|0 fnt
|faint|p1a: Amoonguss
|-damage|p2b: Incineroar|79/100|[from] Recoil
|
|upkeep
|
|t:|1757671768
|switch|p1a: Dragonite|Dragonite, L50, M|100/100
|turn|3
|inactive|Argos365W has 30 seconds left.
|inactive|Argos365W has 20 seconds left.
|inactive|Argos365W has 15 seconds left.
|
|t:|1757671808
|move|p1b: Gholdengo|Make It Rain|p2a: Chesnaught|[spread] p2a,p2b
|-resisted|p2a: Chesnaught
|-resisted|p2b: Incineroar
|-damage|p2a: Chesnaught|35/100
|-damage|p2b: Incineroar|21/100
|-unboost|p1b: Gholdengo|spa|1
|-damage|p1b: Gholdengo|91/100|[from] item: Life Orb
|move|p1a: Dragonite|Haze|p1a: Dragonite
|-clearallboost
|move|p2a: Chesnaught|Body Press|p1b: Gholdengo
|-damage|p1b: Gholdengo|50/100
|move|p2b: Incineroar|Knock Off|p1a: Dragonite
|-damage|p1a: Dragonite|78/100
|-enditem|p1a: Dragonite|Loaded Dice|[from] move: Knock Off|[of] p2b: Incineroar
|
|-heal|p2a: Chesnaught|42/100|[from] item: Leftovers
|upkeep
|turn|4
|inactive|Foffa has 30 seconds left.
|
|t:|1757671842
|move|p2a: Chesnaught|Spiky Shield|p2a: Chesnaught
|-singleturn|p2a: Chesnaught|move: Protect
|move|p1b: Gholdengo|Nasty Plot|p1b: Gholdengo
|-boost|p1b: Gholdengo|spa|2
|move|p1a: Dragonite|Scale Shot|p2a: Chesnaught
|-activate|p2a: Chesnaught|move: Protect
|move|p2b: Incineroar|Knock Off|p1b: Gholdengo
|-damage|p1b: Gholdengo|6/100
|-enditem|p1b: Gholdengo|Life Orb|[from] move: Knock Off|[of] p2b: Incineroar
|
|-heal|p2a: Chesnaught|48/100|[from] item: Leftovers
|upkeep
|turn|5
|inactive|Foffa has 30 seconds left.
|inactive|Foffa has 20 seconds left.
|
|t:|1757671881
|switch|p2a: Gholdengo|Gholdengo, L50|100/100
|move|p1b: Gholdengo|Make It Rain|p2a: Gholdengo|[spread] p2a,p2b
|-resisted|p2a: Gholdengo
|-resisted|p2b: Incineroar
|-damage|p2a: Gholdengo|50/100
|-damage|p2b: Incineroar|0 fnt
|-unboost|p1b: Gholdengo|spa|1
|faint|p2b: Incineroar
|move|p1a: Dragonite|Tailwind|p1a: Dragonite
|-sidestart|p1: Argos365W|move: Tailwind
|
|upkeep
|
|t:|1757671906
|switch|p2b: Chesnaught|Chesnaught, L50, F, tera:Fire|48/100
|turn|6
|
|t:|1757671922
|move|p1b: Gholdengo|Protect|p1b: Gholdengo
|-singleturn|p1b: Gholdengo|Protect
|move|p1a: Dragonite|Scale Shot|p2b: Chesnaught
|-damage|p2b: Chesnaught|37/100
|-damage|p2b: Chesnaught|26/100
|-damage|p2b: Chesnaught|15/100
|-hitcount|p2b: Chesnaught|3
|-unboost|p1a: Dragonite|def|1
|-boost|p1a: Dragonite|spe|1
|move|p2a: Gholdengo|Make It Rain|p1a: Dragonite|[spread] p1a
|-activate|p1b: Gholdengo|move: Protect
|-damage|p1a: Dragonite|28/100
|-unboost|p2a: Gholdengo|spa|1
|move|p2b: Chesnaught|Leech Seed|p1a: Dragonite
|-start|p1a: Dragonite|move: Leech Seed
|
|-heal|p2b: Chesnaught|21/100|[from] item: Leftovers
|-damage|p1a: Dragonite|15/100|[from] Leech Seed|[of] p2b: Chesnaught
|-heal|p2b: Chesnaught|32/100|[silent]
|upkeep
|turn|7
|inactive|Foffa has 30 seconds left.
|
|t:|1757671952
|move|p2b: Chesnaught|Spiky Shield|p2b: Chesnaught
|-singleturn|p2b: Chesnaught|move: Protect
|move|p1a: Dragonite|Scale Shot|p2a: Gholdengo
|-resisted|p2a: Gholdengo
|-damage|p2a: Gholdengo|41/100
|-resisted|p2a: Gholdengo
|-damage|p2a: Gholdengo|34/100
|-resisted|p2a: Gholdengo
|-damage|p2a: Gholdengo|25/100
|-resisted|p2a: Gholdengo
|-damage|p2a: Gholdengo|18/100
|-resisted|p2a: Gholdengo
|-damage|p2a: Gholdengo|11/100
|-hitcount|p2a: Gholdengo|5
|-unboost|p1a: Dragonite|def|1
|-boost|p1a: Dragonite|spe|1
|move|p1b: Gholdengo|Make It Rain|p2a: Gholdengo|[spread] p2a
|-activate|p2b: Chesnaught|move: Protect
|-resisted|p2a: Gholdengo
|-damage|p2a: Gholdengo|0 fnt
|-unboost|p1b: Gholdengo|spa|1
|faint|p2a: Gholdengo
|
|-heal|p2b: Chesnaught|39/100|[from] item: Leftovers
|-damage|p1a: Dragonite|3/100|[from] Leech Seed|[of] p2b: Chesnaught
|-heal|p2b: Chesnaught|49/100|[silent]
|upkeep
|
|t:|1757671955
|switch|p2a: Ninetales|Ninetales-Alola, L50, M|100/100
|-weather|Snowscape|[from] ability: Snow Warning|[of] p2a: Ninetales
|turn|8
|inactive|Argos365W has 30 seconds left.
|
|t:|1757671982
|move|p2a: Ninetales|Protect|p2a: Ninetales
|-singleturn|p2a: Ninetales|Protect
|move|p1a: Dragonite|Scale Shot|p2b: Chesnaught
|-damage|p2b: Chesnaught|40/100
|-damage|p2b: Chesnaught|30/100
|-hitcount|p2b: Chesnaught|2
|-unboost|p1a: Dragonite|def|1
|-boost|p1a: Dragonite|spe|1
|move|p1b: Gholdengo|Make It Rain|p2b: Chesnaught|[spread] p2b
|-activate|p2a: Ninetales|move: Protect
|-resisted|p2b: Chesnaught
|-damage|p2b: Chesnaught|8/100
|-unboost|p1b: Gholdengo|spa|1
|move|p2b: Chesnaught|Body Press|p1b: Gholdengo
|-damage|p1b: Gholdengo|0 fnt
|faint|p1b: Gholdengo
|
|-weather|Snowscape|[upkeep]
|-heal|p2b: Chesnaught|15/100|[from] item: Leftovers
|-damage|p1a: Dragonite|0 fnt|[from] Leech Seed|[of] p2b: Chesnaught
|-heal|p2b: Chesnaught|17/100|[silent]
|faint|p1a: Dragonite
|-sideend|p1: Argos365W|move: Tailwind
|upkeep
|
|t:|1757672004
|switch|p1b: Sneasler|Sneasler, L50, M|100/100
|turn|9
|
|t:|1757672024
|move|p1b: Sneasler|Dire Claw|p2a: Ninetales
|-supereffective|p2a: Ninetales
|-crit|p2a: Ninetales
|-damage|p2a: Ninetales|2/100
|move|p2a: Ninetales|Icy Wind|p1b: Sneasler
|-damage|p1b: Sneasler|75/100
|-unboost|p1b: Sneasler|spe|1
|move|p2b: Chesnaught|Leech Seed|p1b: Sneasler
|-start|p1b: Sneasler|move: Leech Seed
|
|-weather|Snowscape|[upkeep]
|-heal|p2b: Chesnaught|23/100|[from] item: Leftovers
|-damage|p1b: Sneasler|63/100|[from] Leech Seed|[of] p2b: Chesnaught
|-heal|p2b: Chesnaught|33/100|[silent]
|upkeep
|turn|10
|inactive|Argos365W has 30 seconds left.
|
|t:|1757672051
|move|p2a: Ninetales|Blizzard|p1b: Sneasler
|-damage|p1b: Sneasler|17/100
|move|p1b: Sneasler|Dire Claw|p2a: Ninetales
|-supereffective|p2a: Ninetales
|-damage|p2a: Ninetales|0 fnt
|faint|p2a: Ninetales
|move|p2b: Chesnaught|Iron Defense|p2b: Chesnaught
|-boost|p2b: Chesnaught|def|2
|
|-weather|Snowscape|[upkeep]
|-heal|p2b: Chesnaught|39/100|[from] item: Leftovers
|-damage|p1b: Sneasler|4/100|[from] Leech Seed|[of] p2b: Chesnaught
|-heal|p2b: Chesnaught|49/100|[silent]
|upkeep
|turn|11
|
|t:|1757672065
|move|p2b: Chesnaught|Spiky Shield|p2b: Chesnaught
|-singleturn|p2b: Chesnaught|move: Protect
|move|p1b: Sneasler|Close Combat|p2b: Chesnaught
|-activate|p2b: Chesnaught|move: Protect
|-damage|p1b: Sneasler|0 fnt|[from] Spiky Shield|[of] p2b: Chesnaught
|faint|p1b: Sneasler
|
|win|Foffa
||Foffa is ready for game 2.
||Argos365W is ready for game 2.
|uhtml|next|Next: Game 2 of 3
