|j|☆chenhow3814
|j|☆ToastedArt
|html|chenhow3814ToastedArt    
|uhtml|bestof|Game 2 of a best-of-3
|t:|1785327664
|gametype|doubles
|player|p1|chenhow3814|1|1101
|player|p2|ToastedArt|artist|1053
|gen|9
|tier|[Gen 9 Champions] VGC 2026 Reg M-B (Bo3)
|rated|
|rule|Species Clause: Limit one of each Pokémon
|rule|Item Clause: Limit 1 of each item
|clearpoke
|poke|p1|Blastoise, L50, M|
|poke|p1|Farigiraf, L50, F|
|poke|p1|Zoroark-Hisui, L50, M|
|poke|p1|Sylveon, L50, F|
|poke|p1|Kingambit, L50, F|
|poke|p1|Torkoal, L50, F|
|poke|p2|Floette-Eternal, L50, F|
|poke|p2|Sneasler, L50, F|
|poke|p2|Incineroar, L50, M|
|poke|p2|Sinistcha, L50|
|poke|p2|Rotom-Wash, L50|
|poke|p2|Falinks, L50, shiny|
|teampreview|4
|showteam|p1|Blastoise||Blastoisinite|Torrent|WaterSpout,DarkPulse,AuraSphere,FakeOut|Modest||M|||50|]Farigiraf||SitrusBerry|ArmorTail|HelpingHand,Thunderbolt,TrickRoom,Psychic|Relaxed||F|||50|]Zoroark-Hisui||FocusSash|Illusion|Round,BitterMalice,Taunt,IcyWind|Timid||M|||50|]Sylveon||FairyFeather|Pixilate|HyperVoice,Round,Moonblast,Protect|Modest||F|||50|]Kingambit||ChopleBerry|SupremeOverlord|KowtowCleave,SuckerPunch,IronHead,LowKick|Adamant||F|||50|]Torkoal||LifeOrb|Drought|Eruption,EarthPower,AncientPower,Protect|Modest||F|||50|
|showteam|p2|Floette-Eternal||Floettite|FlowerVeil|Moonblast,CalmMind,DazzlingGleam,Protect|Modest||F|||50|]Sneasler||FocusSash|PoisonTouch|CloseCombat,DireClaw,FakeOut,Coaching|Jolly||F|||50|]Incineroar||SitrusBerry|Intimidate|PartingShot,ThroatChop,FakeOut,FlareBlitz|Careful||M|||50|]Sinistcha||OccaBerry|Hospitality|MatchaGotcha,TrickRoom,RagePowder,Protect|Relaxed|||||50|]Rotom-Wash||ChoiceScarf|Levitate|Electroweb,VoltSwitch,HydroPump,WillOWisp|Timid|||||50|]Falinks||Falinksite|Defiant|NoRetreat,CloseCombat,RockSlide,Protect|Adamant|||||50|
|inactive|Battle timer is ON: inactive players will automatically lose when time's up. (requested by ToastedArt)
|inactive|chenhow3814 has 60 seconds left.
|
|t:|1785327702
|teamsize|p1|4
|teamsize|p2|4
|start
|switch|p1a: Blastoise|Blastoise, L50, M|100/100
|switch|p1b: Farigiraf|Farigiraf, L50, F|100/100
|switch|p2a: Floette|Floette-Eternal, L50, F|100/100
|switch|p2b: Incineroar|Incineroar, L50, M|100/100
|-ability|p2b: Incineroar|Intimidate|boost
|-unboost|p1a: Blastoise|atk|1
|-unboost|p1b: Farigiraf|atk|1
|turn|1
|inactive|chenhow3814 has 30 seconds left.
|inactive|chenhow3814 has 20 seconds left.
|
|t:|1785327742
|switch|p2b: Sinistcha|Sinistcha, L50|100/100
|detailschange|p2a: Floette|Floette-Mega, L50, F
|-mega|p2a: Floette|Floette|Floettite
|-ability|p2a: Floette|Fairy Aura
|detailschange|p1a: Blastoise|Blastoise-Mega, L50, M
|-mega|p1a: Blastoise|Blastoise|Blastoisinite
|move|p1b: Farigiraf|Icy Wind|p2a: Floette|[spread] p2a,p2b
|-supereffective|p2b: Sinistcha|1
|-damage|p2a: Floette|89/100
|-damage|p2b: Sinistcha|74/100
|-unboost|p2a: Floette|spe|1
|-unboost|p2b: Sinistcha|spe|1
|move|p1a: Blastoise|Aura Sphere|p2b: Sinistcha
|-immune|p2b: Sinistcha
|move|p2a: Floette|Calm Mind|p2a: Floette
|-boost|p2a: Floette|spa|1
|-boost|p2a: Floette|spd|1
|
|upkeep
|turn|2
|inactive|chenhow3814 has 30 seconds left.
|inactive|chenhow3814 has 20 seconds left.
|inactive|chenhow3814 has 15 seconds left.
|inactive|chenhow3814 has 10 seconds left.
|inactive|chenhow3814 has 5 seconds left.
|
|t:|1785327794
|move|p2b: Sinistcha|Protect|p2b: Sinistcha
|-singleturn|p2b: Sinistcha|Protect
|move|p1b: Farigiraf|Bitter Malice|p2a: Floette
|-damage|p2a: Floette|69/100
|-unboost|p2a: Floette|atk|1
|move|p1a: Blastoise|Water Spout|p2b: Sinistcha|[spread] p2a
|-activate|p2b: Sinistcha|move: Protect
|-damage|p2a: Floette|39/100
|move|p2a: Floette|Dazzling Gleam|p1a: Blastoise|[spread] p1a,p1b
|-damage|p1a: Blastoise|44/100
|-enditem|p1b: Farigiraf|Focus Sash
|-damage|p1b: Farigiraf|1/100
|replace|p1b: Zoroark|Zoroark-Hisui, L50, M
|-end|p1b: Zoroark|Illusion
|
|upkeep
|turn|3
|inactive|chenhow3814 has 30 seconds left.
|inactive|chenhow3814 has 20 seconds left.
|inactive|chenhow3814 has 15 seconds left.
|
|t:|1785327837
|move|p2b: Sinistcha|Rage Powder|p2b: Sinistcha
|-singleturn|p2b: Sinistcha|move: Rage Powder
|move|p1b: Zoroark|Bitter Malice|p2b: Sinistcha
|-supereffective|p2b: Sinistcha|1
|-damage|p2b: Sinistcha|0 fnt
|faint|p2b: Sinistcha
|move|p1a: Blastoise|Aura Sphere|p2a: Floette
|-resisted|p2a: Floette|1
|-damage|p2a: Floette|28/100
|move|p2a: Floette|Dazzling Gleam|p1a: Blastoise|[spread] p1a,p1b
|-damage|p1a: Blastoise|0 fnt
|-damage|p1b: Zoroark|0 fnt
|faint|p1a: Blastoise
|faint|p1b: Zoroark
|
|upkeep
|
|t:|1785327854
|switch|p1b: Farigiraf|Farigiraf, L50, F|100/100
|switch|p1a: Kingambit|Kingambit, L50, F|100/100
|switch|p2b: Incineroar|Incineroar, L50, M|100/100
|-ability|p2b: Incineroar|Intimidate|boost
|-unboost|p1a: Kingambit|atk|1
|-unboost|p1b: Farigiraf|atk|1
|-activate|p1a: Kingambit|ability: Supreme Overlord
|-start|p1a: Kingambit|fallen2|[silent]
|turn|4
|
|t:|1785327875
|move|p1b: Farigiraf|Helping Hand|p1a: Kingambit
|-singleturn|p1a: Kingambit|Helping Hand|[of] p1b: Farigiraf
|move|p2a: Floette|Dazzling Gleam|p1b: Farigiraf|[spread] p1a,p1b
|-damage|p1a: Kingambit|36/100
|-damage|p1b: Farigiraf|36/100
|-enditem|p1b: Farigiraf|Sitrus Berry|[eat]
|-heal|p1b: Farigiraf|61/100|[from] item: Sitrus Berry
|move|p2b: Incineroar|Flare Blitz|p1a: Kingambit
|-supereffective|p1a: Kingambit|1
|-damage|p1a: Kingambit|0 fnt
|faint|p1a: Kingambit
|-end|p1a: Kingambit|fallen2|[silent]
|-damage|p2b: Incineroar|87/100|[from] Recoil
|
|upkeep
|turn|5
|
|t:|1785327891
|move|p2a: Floette|Moonblast|p1b: Farigiraf
|-damage|p1b: Farigiraf|0 fnt
|faint|p1b: Farigiraf
|
|win|ToastedArt
|raw|chenhow3814's rating: 1101 → 1073(-28 for losing)
|raw|ToastedArt's rating: 1053 → 1089(+36 for winning)
