|j|☆TMJS01
|j|☆eriksp
|html|TMJS01eriksp    
|uhtml|bestof|Game 2 of a best-of-3
|t:|1783223363
|gametype|doubles
|player|p1|TMJS01|unknown|
|player|p2|eriksp|cynthia-masters4|
|gen|9
|tier|[Gen 9 Champions] VGC 2026 Reg M-B (Bo3)
|rule|Species Clause: Limit one of each Pokémon
|rule|Item Clause: Limit 1 of each item
|clearpoke
|poke|p1|Gengar, L50, M|
|poke|p1|Swampert, L50, F|
|poke|p1|Incineroar, L50, F|
|poke|p1|Politoed, L50, M|
|poke|p1|Archaludon, L50, M|
|poke|p1|Sableye, L50, M|
|poke|p2|Floette-Eternal, L50, F|
|poke|p2|Charizard, L50, F|
|poke|p2|Whimsicott, L50, M|
|poke|p2|Garchomp, L50, M|
|poke|p2|Basculegion, L50, M|
|poke|p2|Kingambit, L50, F|
|teampreview|4
|showteam|p1|Gengar||Gengarite|CursedBody|ShadowBall,PerishSong,Disable,Protect|Timid||M|||50|]Swampert||Swampertite|Torrent|WaveCrash,Earthquake,IcePunch,Protect|Adamant||F|||50|]Incineroar||PasshoBerry|Intimidate|ThroatChop,PartingShot,FakeOut,Protect|Sassy||F|||50|]Politoed||SitrusBerry|Drizzle|WeatherBall,PerishSong,Encore,Protect|Calm||M|||50|]Archaludon||Leftovers|Stamina|DragonPulse,FlashCannon,ElectroShot,Protect|Bold||M|||50|]Sableye||LightClay|Prankster|RainDance,WillOWisp,LightScreen,Reflect|Bold||M|||50|
|showteam|p2|Floette-Eternal||Floettite|FlowerVeil|Moonblast,DazzlingGleam,LightofRuin,Protect|Modest||F|||50|]Charizard||CharizarditeY|Blaze|HeatWave,WeatherBall,SolarBeam,Protect|Timid||F|||50|]Whimsicott||FocusSash|Prankster|Moonblast,Tailwind,Encore,Protect|Timid||M|||50|]Garchomp||LifeOrb|RoughSkin|DragonClaw,Earthquake,Protect,RockSlide|Jolly||M|||50|]Basculegion||MysticWater|Adaptability|WaveCrash,LastRespects,AquaJet,Protect|Adamant||M|||50|]Kingambit||ChopleBerry|Defiant|KowtowCleave,IronHead,SuckerPunch,LowKick|Adamant||F|||50|
|inactive|Battle timer is ON: inactive players will automatically lose when time's up. (requested by TMJS01)
|
|t:|1783223377
|teamsize|p1|4
|teamsize|p2|4
|start
|switch|p1a: Incineroar|Incineroar, L50, F|100/100
|switch|p1b: Gengar|Gengar, L50, M|100/100
|switch|p2a: Floette|Floette-Eternal, L50, F|100/100
|switch|p2b: Basculegion|Basculegion, L50, M|100/100
|-ability|p1a: Incineroar|Intimidate|boost
|-unboost|p2a: Floette|atk|1
|-unboost|p2b: Basculegion|atk|1
|turn|1
|inactive|eriksp has 30 seconds left.
|inactive|eriksp has 20 seconds left.
|
|t:|1783223414
|switch|p2a: Garchomp|Garchomp, L50, M|100/100
|switch|p2b: Kingambit|Kingambit, L50, F|100/100
|detailschange|p1b: Gengar|Gengar-Mega, L50, M
|-mega|p1b: Gengar|Gengar|Gengarite
|move|p1b: Gengar|Perish Song|p1b: Gengar
|-start|p1a: Incineroar|perish3|[silent]
|-start|p1b: Gengar|perish3|[silent]
|-start|p2a: Garchomp|perish3|[silent]
|-start|p2b: Kingambit|perish3|[silent]
|-fieldactivate|move: Perish Song
|move|p1a: Incineroar|Parting Shot|p2b: Kingambit
|-unboost|p2b: Kingambit|atk|1
|-ability|p2b: Kingambit|Defiant|boost
|-boost|p2b: Kingambit|atk|2
|-unboost|p2b: Kingambit|spa|1
|-ability|p2b: Kingambit|Defiant|boost
|-boost|p2b: Kingambit|atk|2
|
|t:|1783223420
|switch|p1a: Politoed|Politoed, L50, M|100/100|[from] Parting Shot
|-weather|RainDance|[from] ability: Drizzle|[of] p1a: Politoed
|
|-weather|RainDance|[upkeep]
|-start|p1b: Gengar|perish3
|-start|p2a: Garchomp|perish3
|-start|p2b: Kingambit|perish3
|upkeep
|turn|2
|
|t:|1783223442
|switch|p1a: Incineroar|Incineroar, L50, F|100/100
|-ability|p1a: Incineroar|Intimidate|boost
|-unboost|p2a: Garchomp|atk|1
|-unboost|p2b: Kingambit|atk|1
|-ability|p2b: Kingambit|Defiant|boost
|-boost|p2b: Kingambit|atk|2
|move|p1b: Gengar|Protect|p1b: Gengar
|-singleturn|p1b: Gengar|Protect
|move|p2a: Garchomp|Dragon Claw|p1a: Incineroar
|-damage|p1a: Incineroar|71/100
|-damage|p2a: Garchomp|90/100|[from] item: Life Orb
|move|p2b: Kingambit|Kowtow Cleave|p1b: Gengar
|-activate|p1b: Gengar|move: Protect
|
|-weather|RainDance|[upkeep]
|-start|p1b: Gengar|perish2
|-start|p2a: Garchomp|perish2
|-start|p2b: Kingambit|perish2
|upkeep
|turn|3
|
|t:|1783223463
|move|p1b: Gengar|Disable|p2b: Kingambit
|-start|p2b: Kingambit|Disable|Kowtow Cleave
|move|p2a: Garchomp|Earthquake|p1b: Gengar|[spread] p2b,p1a,p1b
|-supereffective|p2b: Kingambit|1
|-supereffective|p1a: Incineroar|1
|-supereffective|p1b: Gengar|1
|-damage|p2b: Kingambit|53/100
|-damage|p1a: Incineroar|13/100
|-damage|p1b: Gengar|20/100y
|-damage|p2a: Garchomp|80/100|[from] item: Life Orb
|move|p1a: Incineroar|Parting Shot|p2a: Garchomp
|-unboost|p2a: Garchomp|atk|1
|-unboost|p2a: Garchomp|spa|1
|
|t:|1783223472
|switch|p1a: Politoed|Politoed, L50, M|100/100|[from] Parting Shot
|cant|p2b: Kingambit|Disable|Kowtow Cleave
|
|-weather|RainDance|[upkeep]
|-start|p1b: Gengar|perish1
|-start|p2a: Garchomp|perish1
|-start|p2b: Kingambit|perish1
|upkeep
|turn|4
|
|t:|1783223483
|switch|p1b: Sableye|Sableye, L50, M|100/100
|move|p1a: Politoed|Protect|p1a: Politoed
|-singleturn|p1a: Politoed|Protect
|move|p2a: Garchomp|Dragon Claw|p1a: Politoed
|-activate|p1a: Politoed|move: Protect
|move|p2b: Kingambit|Iron Head|p1b: Sableye
|-damage|p1b: Sableye|0 fnt
|faint|p1b: Sableye
|
|-weather|RainDance|[upkeep]
|-start|p2a: Garchomp|perish0
|-start|p2b: Kingambit|perish0
|faint|p2a: Garchomp
|faint|p2b: Kingambit
|upkeep
|
|t:|1783223492
|switch|p2a: Floette|Floette-Eternal, L50, F|100/100
|switch|p1b: Incineroar|Incineroar, L50, F|13/100
|switch|p2b: Basculegion|Basculegion, L50, M|100/100
|-ability|p1b: Incineroar|Intimidate|boost
|-unboost|p2a: Floette|atk|1
|-unboost|p2b: Basculegion|atk|1
|turn|5
|
|t:|1783223507
|detailschange|p2a: Floette|Floette-Mega, L50, F
|-mega|p2a: Floette|Floette|Floettite
|-ability|p2a: Floette|Fairy Aura
|move|p1b: Incineroar|Fake Out|p2a: Floette
|-damage|p2a: Floette|86/100
|cant|p2a: Floette|flinch
|move|p2b: Basculegion|Last Respects|p1a: Politoed
|-damage|p1a: Politoed|32/100
|-enditem|p1a: Politoed|Sitrus Berry|[eat]
|-heal|p1a: Politoed|57/100|[from] item: Sitrus Berry
|move|p1a: Politoed|Encore|p2b: Basculegion
|-start|p2b: Basculegion|Encore
|
|-weather|none
|upkeep
|turn|6
|
|t:|1783223520
|move|p1a: Politoed|Protect|p1a: Politoed
|-singleturn|p1a: Politoed|Protect
|move|p2a: Floette|Dazzling Gleam|p1b: Incineroar|[spread] p1b
|-activate|p1a: Politoed|move: Protect
|-damage|p1b: Incineroar|0 fnt
|faint|p1b: Incineroar
|move|p2b: Basculegion|Last Respects|p1a: Politoed
|-activate|p1a: Politoed|move: Protect
|
|upkeep
|
|t:|1783223521
|switch|p1b: Gengar|Gengar-Mega, L50, M|20/100y
|turn|7
|
|t:|1783223533
|move|p1b: Gengar|Shadow Ball|p2b: Basculegion
|-supereffective|p2b: Basculegion|1
|-damage|p2b: Basculegion|0 fnt
|faint|p2b: Basculegion
|move|p2a: Floette|Dazzling Gleam|p1b: Gengar|[spread] p1a,p1b
|-resisted|p1b: Gengar|1
|-damage|p1a: Politoed|22/100
|-damage|p1b: Gengar|0 fnt
|faint|p1b: Gengar
|move|p1a: Politoed|Perish Song|p1a: Politoed
|-start|p1a: Politoed|perish3|[silent]
|-start|p2a: Floette|perish3|[silent]
|-fieldactivate|move: Perish Song
|
|-start|p2a: Floette|perish3
|-start|p1a: Politoed|perish3
|upkeep
|turn|8
|
|t:|1783223536
|move|p1a: Politoed|Protect|p1a: Politoed
|-singleturn|p1a: Politoed|Protect
|move|p2a: Floette|Moonblast|p1a: Politoed
|-activate|p1a: Politoed|move: Protect
|
|-start|p2a: Floette|perish2
|-start|p1a: Politoed|perish2
|upkeep
|turn|9
|
|t:|1783223539
|move|p1a: Politoed|Protect|p1a: Politoed
|-singleturn|p1a: Politoed|Protect
|move|p2a: Floette|Moonblast|p1a: Politoed
|-activate|p1a: Politoed|move: Protect
|
|-start|p2a: Floette|perish1
|-start|p1a: Politoed|perish1
|upkeep
|turn|10
|
|t:|1783223541
|move|p1a: Politoed|Protect||[still]
|-fail|p1a: Politoed
|move|p2a: Floette|Moonblast|p1a: Politoed
|-damage|p1a: Politoed|0 fnt
|faint|p1a: Politoed
|
|win|eriksp
