|j|☆SCOPPER GYABAN
|j|☆bogging
|html|SCOPPER GYABANbogging    
|uhtml|bestof|Game 3 of a best-of-3
|t:|1754474415
|gametype|doubles
|player|p1|SCOPPER GYABAN|gentleman|1184
|player|p2|bogging|bugcatcher-gen4dp|1249
|gen|9
|tier|[Gen 9] VGC 2025 Reg H (Bo3)
|rated|
|rule|Species Clause: Limit one of each Pokémon
|rule|Item Clause: Limit 1 of each item
|clearpoke
|poke|p1|Archaludon, L50, M|
|poke|p1|Pelipper, L50, M|
|poke|p1|Mimikyu, L50, F|
|poke|p1|Incineroar, L50, F|
|poke|p1|Ursaluna, L50, M|
|poke|p1|Amoonguss, L50, M|
|poke|p2|Amoonguss, L50, M|
|poke|p2|Ursaluna, L50, M|
|poke|p2|Incineroar, L50, M|
|poke|p2|Braviary, L50, M|
|poke|p2|Basculegion, L50, M|
|poke|p2|Porygon2, L50|
|teampreview|4
|showteam|p1|Archaludon||AssaultVest|Stamina|ElectroShot,FlashCannon,Snarl,DragonPulse|||M|||50|,,,,,Electric]Pelipper||FocusSash|Drizzle|Hurricane,WeatherBall,Tailwind,Protect|||M|||50|,,,,,Stellar]Mimikyu||LifeOrb|Disguise|PlayRough,TrickRoom,ShadowSneak,Curse|||F|||50|,,,,,Fairy]Incineroar||SafetyGoggles|Intimidate|FakeOut,PartingShot,KnockOff,FlareBlitz|||F|||50|,,,,,Ghost]Ursaluna||FlameOrb|Guts|Facade,HeadlongRush,Earthquake,Protect|||M|||50|,,,,,Ghost]Amoonguss||RockyHelmet|Regenerator|Spore,RagePowder,PollenPuff,SludgeBomb|||M|||50|,,,,,Water
|showteam|p2|Amoonguss||RockyHelmet|Regenerator|Spore,RagePowder,PollenPuff,Protect|||M|||50|,,,,,Water]Ursaluna||FlameOrb|Guts|Facade,HeadlongRush,Earthquake,Protect|||M|||50|,,,,,Ghost]Incineroar||SafetyGoggles|Intimidate|KnockOff,PartingShot,FakeOut,FlareBlitz|||M|||50|,,,,,Ghost]Braviary||CovertCloak|Defiant|Protect,Tailwind,BraveBird,CloseCombat|||M|||50|,,,,,Grass]Basculegion||ChoiceScarf|Adaptability|FlipTurn,WaveCrash,LastRespects,AquaJet|||M|||50|,,,,,Water]Porygon2||Eviolite|Download|TeraBlast,IceBeam,Recover,TrickRoom||||||50|,,,,,Fighting
|inactive|Battle timer is ON: inactive players will automatically lose when time's up. (requested by SCOPPER GYABAN)
|
|t:|1754474445
|teamsize|p1|4
|teamsize|p2|4
|start
|switch|p1a: GALAXYIMPACT|Archaludon, L50, M, shiny|100/100
|switch|p1b: DIVINEDEPART|Pelipper, L50, M|100/100
|switch|p2a: Braviary|Braviary, L50, M|100/100
|switch|p2b: Amoonguss|Amoonguss, L50, M|100/100
|-weather|RainDance|[from] ability: Drizzle|[of] p1b: DIVINEDEPART
|turn|1
|
|t:|1754474459
|switch|p2b: Ursaluna|Ursaluna, L50, M|100/100
|-terastallize|p1a: GALAXYIMPACT|Electric
|-terastallize|p2a: Braviary|Grass
|move|p1a: GALAXYIMPACT|Electro Shot||[still]
|-prepare|p1a: GALAXYIMPACT|Electro Shot
|-boost|p1a: GALAXYIMPACT|spa|1
|-anim|p1a: GALAXYIMPACT|Electro Shot|p2b: Ursaluna
|-immune|p2b: Ursaluna
|move|p1b: DIVINEDEPART|Hurricane|p2b: Ursaluna
|-damage|p2b: Ursaluna|56/100
|move|p2a: Braviary|Tailwind|p2a: Braviary
|-sidestart|p2: bogging|move: Tailwind
|
|-weather|RainDance|[upkeep]
|-status|p2b: Ursaluna|brn|[from] item: Flame Orb
|upkeep
|turn|2
|inactive|SCOPPER GYABAN has 30 seconds left.
|inactive|SCOPPER GYABAN has 20 seconds left.
|inactive|SCOPPER GYABAN has 15 seconds left.
|
|t:|1754474502
|switch|p1a: BLACKHOLE|Amoonguss, L50, M|100/100
|move|p2a: Braviary|Brave Bird|p1b: DIVINEDEPART
|-damage|p1b: DIVINEDEPART|23/100
|-damage|p2a: Braviary|84/100|[from] Recoil
|move|p2b: Ursaluna|Headlong Rush|p1a: BLACKHOLE
|-damage|p1a: BLACKHOLE|29/100
|-unboost|p2b: Ursaluna|def|1
|-unboost|p2b: Ursaluna|spd|1
|-damage|p2b: Ursaluna|40/100 brn|[from] item: Rocky Helmet|[of] p1a: BLACKHOLE
|move|p1b: DIVINEDEPART|Weather Ball|p2b: Ursaluna
|-supereffective|p2b: Ursaluna
|-damage|p2b: Ursaluna|0 fnt
|faint|p2b: Ursaluna
|
|-weather|RainDance|[upkeep]
|upkeep
|
|t:|1754474513
|switch|p2b: Incineroar|Incineroar, L50, M|100/100
|-ability|p2b: Incineroar|Intimidate|boost
|-unboost|p1a: BLACKHOLE|atk|1
|-unboost|p1b: DIVINEDEPART|atk|1
|turn|3
|
|t:|1754474525
|switch|p1a: GALAXYIMPACT|Archaludon, L50, M, shiny, tera:Electric|100/100
|move|p1b: DIVINEDEPART|Protect|p1b: DIVINEDEPART
|-singleturn|p1b: DIVINEDEPART|Protect
|move|p2a: Braviary|Brave Bird|p1a: GALAXYIMPACT
|-resisted|p1a: GALAXYIMPACT
|-damage|p1a: GALAXYIMPACT|77/100
|-ability|p1a: GALAXYIMPACT|Stamina|boost
|-boost|p1a: GALAXYIMPACT|def|1
|-damage|p2a: Braviary|77/100|[from] Recoil
|move|p2b: Incineroar|Knock Off|p1b: DIVINEDEPART
|-activate|p1b: DIVINEDEPART|move: Protect
|
|-weather|RainDance|[upkeep]
|upkeep
|turn|4
|
|t:|1754474545
|switch|p1b: BLACKHOLE|Amoonguss, L50, M|62/100
|move|p2a: Braviary|Protect|p2a: Braviary
|-singleturn|p2a: Braviary|Protect
|move|p2b: Incineroar|Parting Shot|p1a: GALAXYIMPACT
|-unboost|p1a: GALAXYIMPACT|atk|1
|-unboost|p1a: GALAXYIMPACT|spa|1
|
|t:|1754474551
|switch|p2b: Amoonguss|Amoonguss, L50, M|100/100|[from] Parting Shot
|move|p1a: GALAXYIMPACT|Electro Shot||[still]
|-prepare|p1a: GALAXYIMPACT|Electro Shot
|-boost|p1a: GALAXYIMPACT|spa|1
|-anim|p1a: GALAXYIMPACT|Electro Shot|p2a: Braviary
|-activate|p2a: Braviary|move: Protect
|
|-weather|RainDance|[upkeep]
|-sideend|p2: bogging|move: Tailwind
|upkeep
|turn|5
|
|t:|1754474565
|move|p1a: GALAXYIMPACT|Flash Cannon|p2a: Braviary
|-damage|p2a: Braviary|40/100
|move|p2a: Braviary|Brave Bird|p1b: BLACKHOLE
|-supereffective|p1b: BLACKHOLE
|-damage|p1b: BLACKHOLE|0 fnt
|-damage|p2a: Braviary|23/100|[from] item: Rocky Helmet|[of] p1b: BLACKHOLE
|faint|p1b: BLACKHOLE
|-damage|p2a: Braviary|1/100|[from] Recoil
|move|p2b: Amoonguss|Spore|p1a: GALAXYIMPACT
|-status|p1a: GALAXYIMPACT|slp|[from] move: Spore
|
|-weather|none
|upkeep
|
|t:|1754474573
|switch|p1b: DIVINEDEPART|Pelipper, L50, M|23/100
|-weather|RainDance|[from] ability: Drizzle|[of] p1b: DIVINEDEPART
|turn|6
|
|t:|1754474596
|move|p2b: Amoonguss|Rage Powder|p2b: Amoonguss
|-singleturn|p2b: Amoonguss|move: Rage Powder
|cant|p1a: GALAXYIMPACT|slp
|move|p1b: DIVINEDEPART|Tailwind|p1b: DIVINEDEPART
|-sidestart|p1: SCOPPER GYABAN|move: Tailwind
|move|p2a: Braviary|Brave Bird|p1b: DIVINEDEPART
|-crit|p1b: DIVINEDEPART
|-damage|p1b: DIVINEDEPART|0 fnt
|faint|p1b: DIVINEDEPART
|-damage|p2a: Braviary|0 fnt|[from] Recoil
|faint|p2a: Braviary
|
|-weather|RainDance|[upkeep]
|upkeep
|
|t:|1754474603
|switch|p1b: PUNKROTTEN|Incineroar, L50, F|100/100
|switch|p2a: Incineroar|Incineroar, L50, M|100/100
|-ability|p1b: PUNKROTTEN|Intimidate|boost
|-unboost|p2a: Incineroar|atk|1
|-unboost|p2b: Amoonguss|atk|1
|-ability|p2a: Incineroar|Intimidate|boost
|-unboost|p1a: GALAXYIMPACT|atk|1
|-unboost|p1b: PUNKROTTEN|atk|1
|turn|7
|
|t:|1754474617
|move|p1b: PUNKROTTEN|Fake Out|p2a: Incineroar
|-damage|p2a: Incineroar|94/100
|cant|p1a: GALAXYIMPACT|slp
|cant|p2a: Incineroar|flinch
|move|p2b: Amoonguss|Pollen Puff|p1a: GALAXYIMPACT
|-damage|p1a: GALAXYIMPACT|58/100 slp
|-ability|p1a: GALAXYIMPACT|Stamina|boost
|-boost|p1a: GALAXYIMPACT|def|1
|
|-weather|RainDance|[upkeep]
|upkeep
|turn|8
|
|t:|1754474632
|-curestatus|p1a: GALAXYIMPACT|slp|[msg]
|move|p1a: GALAXYIMPACT|Electro Shot||[still]
|-prepare|p1a: GALAXYIMPACT|Electro Shot
|-boost|p1a: GALAXYIMPACT|spa|1
|-anim|p1a: GALAXYIMPACT|Electro Shot|p2b: Amoonguss
|-resisted|p2b: Amoonguss
|-damage|p2b: Amoonguss|55/100
|move|p1b: PUNKROTTEN|Knock Off|p2b: Amoonguss
|-damage|p2b: Amoonguss|31/100
|-damage|p1b: PUNKROTTEN|84/100|[from] item: Rocky Helmet|[of] p2b: Amoonguss
|-enditem|p2b: Amoonguss|Rocky Helmet|[from] move: Knock Off|[of] p1b: PUNKROTTEN
|move|p2a: Incineroar|Knock Off|p1b: PUNKROTTEN
|-resisted|p1b: PUNKROTTEN
|-damage|p1b: PUNKROTTEN|72/100
|-enditem|p1b: PUNKROTTEN|Safety Goggles|[from] move: Knock Off|[of] p2a: Incineroar
|move|p2b: Amoonguss|Spore|p1b: PUNKROTTEN
|-status|p1b: PUNKROTTEN|slp|[from] move: Spore
|
|-weather|RainDance|[upkeep]
|upkeep
|turn|9
|
|t:|1754474644
|move|p2b: Amoonguss|Protect|p2b: Amoonguss
|-singleturn|p2b: Amoonguss|Protect
|move|p1a: GALAXYIMPACT|Electro Shot||[still]
|-prepare|p1a: GALAXYIMPACT|Electro Shot
|-boost|p1a: GALAXYIMPACT|spa|1
|-anim|p1a: GALAXYIMPACT|Electro Shot|p2b: Amoonguss
|-activate|p2b: Amoonguss|move: Protect
|cant|p1b: PUNKROTTEN|slp
|move|p2a: Incineroar|Parting Shot|p1a: GALAXYIMPACT
|-unboost|p1a: GALAXYIMPACT|atk|1
|-unboost|p1a: GALAXYIMPACT|spa|1
|
|-weather|RainDance|[upkeep]
|-sideend|p1: SCOPPER GYABAN|move: Tailwind
|upkeep
|turn|10
|
|t:|1754474650
|move|p2b: Amoonguss|Protect||[still]
|-fail|p2b: Amoonguss
|move|p1a: GALAXYIMPACT|Electro Shot||[still]
|-prepare|p1a: GALAXYIMPACT|Electro Shot
|-boost|p1a: GALAXYIMPACT|spa|1
|-anim|p1a: GALAXYIMPACT|Electro Shot|p2b: Amoonguss
|-resisted|p2b: Amoonguss
|-damage|p2b: Amoonguss|0 fnt
|faint|p2b: Amoonguss
|cant|p1b: PUNKROTTEN|slp
|move|p2a: Incineroar|Parting Shot|p1a: GALAXYIMPACT
|-unboost|p1a: GALAXYIMPACT|atk|1
|-unboost|p1a: GALAXYIMPACT|spa|1
|
|-weather|none
|upkeep
|turn|11
|-message|bogging forfeited.
|
|win|SCOPPER GYABAN
|raw|SCOPPER GYABAN's rating: 1184 → 1214(+30 for winning)
|raw|bogging's rating: 1249 → 1219(-30 for losing)
|l|☆bogging
|player|p2|
|c|☆SCOPPER GYABAN|ggs
