|j|☆ToastedArt
|j|☆n00s
|html|ToastedArtn00s    
|uhtml|bestof|Game 3 of a best-of-3
|t:|1784414600
|gametype|doubles
|player|p1|ToastedArt|iris|1144
|player|p2|n00s|2|1045
|gen|9
|tier|[Gen 9 Champions] VGC 2026 Reg M-B (Bo3)
|rated|
|rule|Species Clause: Limit one of each Pokémon
|rule|Item Clause: Limit 1 of each item
|clearpoke
|poke|p1|Falinks, L50, shiny|
|poke|p1|Gholdengo, L50|
|poke|p1|Hydreigon, L50, M, shiny|
|poke|p1|Sneasler, L50, F|
|poke|p1|Talonflame, L50, M, shiny|
|poke|p1|Kingambit, L50, M|
|poke|p2|Gengar, L50, F|
|poke|p2|Sinistcha, L50|
|poke|p2|Archaludon, L50, F|
|poke|p2|Politoed, L50, F|
|poke|p2|Incineroar, L50, M|
|poke|p2|Froslass, L50, F|
|teampreview|4
|showteam|p1|Falinks||Falinksite|Defiant|NoRetreat,BulkUp,CloseCombat,Protect|Careful|||||50|]Gholdengo||SpellTag|GoodasGold|MakeItRain,ShadowBall,NastyPlot,Protect|Modest|||||50|]Hydreigon||LifeOrb|Levitate|DracoMeteor,Snarl,EarthPower,DarkPulse|Modest||M|||50|]Sneasler||FocusSash|PoisonTouch|CloseCombat,PoisonJab,Coaching,FakeOut|Jolly||F|||50|]Talonflame||SharpBeak|GaleWings|BraveBird,Tailwind,Uturn,QuickGuard|Adamant||M|||50|]Kingambit||BlackGlasses|Defiant|KowtowCleave,SuckerPunch,SwordsDance,Protect|Adamant||M|||50|
|showteam|p2|Gengar||Gengarite|CursedBody|ShadowBall,SludgeBomb,PerishSong,Protect|Modest||F|||50|]Sinistcha||ColburBerry|Hospitality|MatchaGotcha,TrickRoom,RagePowder,Protect|Calm|||||50|]Archaludon||Leftovers|Stamina|ElectroShot,DragonPulse,FlashCannon,Protect|Modest||F|||50|]Politoed||SitrusBerry|Drizzle|WeatherBall,Hypnosis,PerishSong,Protect|Calm||F|||50|]Incineroar||ChopleBerry|Intimidate|FlareBlitz,FakeOut,PartingShot,Protect|Sassy||M|||50|]Froslass||Froslassite|CursedBody|Blizzard,AuroraVeil,RainDance,Protect|Timid||F|||50|
|inactive|Battle timer is ON: inactive players will automatically lose when time's up. (requested by ToastedArt)
|
|t:|1784414629
|teamsize|p1|4
|teamsize|p2|4
|start
|switch|p1a: Sneasler|Sneasler, L50, F|100/100
|switch|p1b: Kingambit|Kingambit, L50, M|100/100
|switch|p2a: Politoed|Politoed, L50, F|100/100
|switch|p2b: Archaludon|Archaludon, L50, F|100/100
|-weather|RainDance|[from] ability: Drizzle|[of] p2a: Politoed
|turn|1
|
|t:|1784414648
|move|p1b: Kingambit|Protect|p1b: Kingambit
|-singleturn|p1b: Kingambit|Protect
|move|p1a: Sneasler|Coaching|p1b: Kingambit
|-boost|p1b: Kingambit|atk|1
|-boost|p1b: Kingambit|def|1
|move|p2b: Archaludon|Electro Shot||[still]
|-prepare|p2b: Archaludon|Electro Shot
|-boost|p2b: Archaludon|spa|1
|-anim|p2b: Archaludon|Electro Shot|p1a: Sneasler
|-damage|p1a: Sneasler|14/100
|move|p2a: Politoed|Perish Song|p2a: Politoed
|-start|p1a: Sneasler|perish3|[silent]
|-start|p1b: Kingambit|perish3|[silent]
|-start|p2a: Politoed|perish3|[silent]
|-start|p2b: Archaludon|perish3|[silent]
|-fieldactivate|move: Perish Song
|
|-weather|RainDance|[upkeep]
|-start|p1a: Sneasler|perish3
|-start|p2b: Archaludon|perish3
|-start|p2a: Politoed|perish3
|-start|p1b: Kingambit|perish3
|upkeep
|turn|2
|
|t:|1784414663
|switch|p2a: Gengar|Gengar, L50, F|100/100
|switch|p1b: Gholdengo|Gholdengo, L50|100/100
|move|p2b: Archaludon|Protect|p2b: Archaludon
|-singleturn|p2b: Archaludon|Protect
|move|p1a: Sneasler|Close Combat|p2b: Archaludon
|-activate|p2b: Archaludon|move: Protect
|
|-weather|RainDance|[upkeep]
|-start|p1a: Sneasler|perish2
|-start|p2b: Archaludon|perish2
|upkeep
|turn|3
|
|t:|1784414679
|switch|p1a: Talonflame|Talonflame, L50, M, shiny|100/100
|detailschange|p2a: Gengar|Gengar-Mega, L50, F
|-mega|p2a: Gengar|Gengar|Gengarite
|move|p1b: Gholdengo|Protect|p1b: Gholdengo
|-singleturn|p1b: Gholdengo|Protect
|move|p2a: Gengar|Shadow Ball|p1b: Gholdengo
|-activate|p1b: Gholdengo|move: Protect
|move|p2b: Archaludon|Flash Cannon|p1a: Talonflame
|-resisted|p1a: Talonflame|1
|-damage|p1a: Talonflame|54/100
|
|-weather|RainDance|[upkeep]
|-start|p2b: Archaludon|perish1
|upkeep
|turn|4
|
|t:|1784414695
|move|p1a: Talonflame|Tailwind|p1a: Talonflame
|-sidestart|p1: ToastedArt|move: Tailwind
|move|p1b: Gholdengo|Nasty Plot|p1b: Gholdengo
|-boost|p1b: Gholdengo|spa|2
|move|p2a: Gengar|Shadow Ball|p1b: Gholdengo
|-supereffective|p1b: Gholdengo|1
|-damage|p1b: Gholdengo|0 fnt
|faint|p1b: Gholdengo
|move|p2b: Archaludon|Electro Shot||[still]
|-prepare|p2b: Archaludon|Electro Shot
|-boost|p2b: Archaludon|spa|1
|-anim|p2b: Archaludon|Electro Shot|p1a: Talonflame
|-supereffective|p1a: Talonflame|1
|-damage|p1a: Talonflame|0 fnt
|faint|p1a: Talonflame
|
|-weather|RainDance|[upkeep]
|-start|p2b: Archaludon|perish0
|faint|p2b: Archaludon
|upkeep
|
|t:|1784414716
|switch|p1a: Sneasler|Sneasler, L50, F|14/100
|switch|p1b: Kingambit|Kingambit, L50, M|100/100
|switch|p2b: Sinistcha|Sinistcha, L50|100/100
|turn|5
|
|t:|1784414725
|move|p2b: Sinistcha|Protect|p2b: Sinistcha
|-singleturn|p2b: Sinistcha|Protect
|move|p1a: Sneasler|Coaching|p1b: Kingambit
|-boost|p1b: Kingambit|atk|1
|-boost|p1b: Kingambit|def|1
|move|p2a: Gengar|Perish Song|p2a: Gengar
|-start|p1a: Sneasler|perish3|[silent]
|-start|p1b: Kingambit|perish3|[silent]
|-start|p2a: Gengar|perish3|[silent]
|-start|p2b: Sinistcha|perish3|[silent]
|-fieldactivate|move: Perish Song
|move|p1b: Kingambit|Kowtow Cleave|p2a: Gengar
|-supereffective|p2a: Gengar|1
|-crit|p2a: Gengar
|-damage|p2a: Gengar|0 fnt
|faint|p2a: Gengar
|
|-weather|none
|-start|p1a: Sneasler|perish3
|-start|p1b: Kingambit|perish3
|-start|p2b: Sinistcha|perish3
|upkeep
|
|t:|1784414730
|switch|p2a: Politoed|Politoed, L50, F|100/100
|-weather|RainDance|[from] ability: Drizzle|[of] p2a: Politoed
|turn|6
|
|t:|1784414744
|move|p2b: Sinistcha|Rage Powder|p2b: Sinistcha
|-singleturn|p2b: Sinistcha|move: Rage Powder
|move|p1a: Sneasler|Coaching|p1b: Kingambit
|-boost|p1b: Kingambit|atk|1
|-boost|p1b: Kingambit|def|1
|move|p1b: Kingambit|Kowtow Cleave|p2b: Sinistcha
|-supereffective|p2b: Sinistcha|1
|-enditem|p2b: Sinistcha|Colbur Berry|[eat]
|-enditem|p2b: Sinistcha|Colbur Berry|[weaken]
|-damage|p2b: Sinistcha|1/100
|move|p2a: Politoed|Hypnosis|p1b: Kingambit|[miss]
|-miss|p2a: Politoed|p1b: Kingambit
|
|-weather|RainDance|[upkeep]
|-start|p1a: Sneasler|perish2
|-start|p1b: Kingambit|perish2
|-start|p2b: Sinistcha|perish2
|upkeep
|turn|7
|
|t:|1784414765
|move|p1a: Sneasler|Poison Jab|p2a: Politoed
|-damage|p2a: Politoed|60/100
|move|p1b: Kingambit|Kowtow Cleave|p2a: Politoed
|-damage|p2a: Politoed|0 fnt
|faint|p2a: Politoed
|move|p2b: Sinistcha|Matcha Gotcha|p1a: Sneasler|[spread] p1a,p1b
|-resisted|p1a: Sneasler|1
|-resisted|p1b: Kingambit|1
|-damage|p1a: Sneasler|0 fnt
|-heal|p2b: Sinistcha|7/100|[from] drain|[of] p1a: Sneasler
|-damage|p1b: Kingambit|87/100
|-heal|p2b: Sinistcha|15/100|[from] drain|[of] p1b: Kingambit
|faint|p1a: Sneasler
|
|-weather|RainDance|[upkeep]
|-start|p1b: Kingambit|perish1
|-start|p2b: Sinistcha|perish1
|-sideend|p1: ToastedArt|move: Tailwind
|upkeep
|turn|8
|
|t:|1784414774
|move|p2b: Sinistcha|Protect|p2b: Sinistcha
|-singleturn|p2b: Sinistcha|Protect
|move|p1b: Kingambit|Kowtow Cleave|p2b: Sinistcha
|-activate|p2b: Sinistcha|move: Protect
|
|-weather|RainDance|[upkeep]
|-start|p2b: Sinistcha|perish0
|-start|p1b: Kingambit|perish0
|faint|p2b: Sinistcha
|faint|p1b: Kingambit
|
|win|ToastedArt
|raw|ToastedArt's rating: 1144 → 1162(+18 for winning)
|raw|n00s's rating: 1045 → 1033(-12 for losing)
