|j|☆Foxelby
|j|☆NEOLODO
|html|FoxelbyNEOLODO    
|uhtml|bestof|Game 1 of a best-of-3
|t:|1756721743
|gametype|doubles
|player|p1|Foxelby|cheren-gen5bw2|1087
|player|p2|NEOLODO|266|1090
|gen|9
|tier|[Gen 9] VGC 2025 Reg H (Bo3)
|rated|
|rule|Species Clause: Limit one of each Pokémon
|rule|Item Clause: Limit 1 of each item
|clearpoke
|poke|p1|Tyranitar, L50, F|
|poke|p1|Indeedee, L50, M|
|poke|p1|Sneasler, L50, M|
|poke|p1|Amoonguss, L50, F|
|poke|p1|Garchomp, L50, M|
|poke|p1|Gholdengo, L50|
|poke|p2|Lilligant-Hisui, L50, F|
|poke|p2|Hatterene, L50, F|
|poke|p2|Ursaluna, L50, M|
|poke|p2|Indeedee-F, L50, F|
|poke|p2|Torkoal, L50, F|
|poke|p2|Gallade, L50, M|
|teampreview|4
|showteam|p1|Tyranitar||AssaultVest|SandStream|KnockOff,RockSlide,LowKick,TeraBlast|||F|||50|,,,,,Flying]Indeedee||FocusSash|PsychicSurge|ExpandingForce,TrickRoom,Imprison,Protect|||M|||50|,,,,,Psychic]Sneasler||PsychicSeed|Unburden|CloseCombat,DireClaw,Protect,Coaching|||M|||50|,,,,,Stellar]Amoonguss||RockyHelmet|Regenerator|RagePowder,Spore,ClearSmog,PollenPuff|||F|||50|,,,,,Psychic]Garchomp||ClearAmulet|RoughSkin|StompingTantrum,DragonClaw,RockSlide,Protect|||M|||50|,,,,,Steel]Gholdengo||Leftovers|GoodasGold|NastyPlot,Protect,MakeItRain,ShadowBall||||||50|,,,,,Dragon
|showteam|p2|Lilligant-Hisui||FocusSash|Chlorophyll|SolarBlade,AfterYou,CloseCombat,SleepPowder|||F|||50|,,,,,Ghost]Hatterene||CovertCloak|MagicBounce|DazzlingGleam,ExpandingForce,TrickRoom,MysticalFire|||F|||50|,,,,,Fire]Ursaluna||FlameOrb|Guts|Facade,HeadlongRush,Earthquake,Protect|||M|||50|,,,,,Ghost]Indeedee-F||PsychicSeed|PsychicSurge|Psychic,TrickRoom,HelpingHand,FollowMe|||F|||50|,,,,,Dragon]Torkoal||FlamePlate|Drought|Eruption,WeatherBall,HeatWave,Protect|||F|||50|,,,,,Fire]Gallade||ClearAmulet|Sharpness|PsychoCut,SacredSword,TrickRoom,WideGuard|||M|||50|,,,,,Grass
|inactive|Battle timer is ON: inactive players will automatically lose when time's up. (requested by NEOLODO)
|
|t:|1756721788
|teamsize|p1|4
|teamsize|p2|4
|start
|switch|p1a: Indeedee|Indeedee, L50, M|100/100
|switch|p1b: Tyranitar|Tyranitar, L50, F|100/100
|switch|p2a: Indeedee|Indeedee-F, L50, F|100/100
|switch|p2b: Hatterene|Hatterene, L50, F|100/100
|-fieldstart|move: Psychic Terrain|[from] ability: Psychic Surge|[of] p1a: Indeedee
|-enditem|p2a: Indeedee|Psychic Seed
|-boost|p2a: Indeedee|spd|1|[from] item: Psychic Seed
|-weather|Sandstorm|[from] ability: Sand Stream|[of] p1b: Tyranitar
|turn|1
|inactive|NEOLODO has 30 seconds left.
|inactive|NEOLODO has 20 seconds left.
|inactive|NEOLODO has 15 seconds left.
|
|t:|1756721831
|move|p1a: Indeedee|Imprison|p1a: Indeedee
|-start|p1a: Indeedee|move: Imprison
|move|p1b: Tyranitar|Rock Slide|p2b: Hatterene|[spread] p2a,p2b
|-damage|p2a: Indeedee|75/100
|-damage|p2b: Hatterene|71/100
|move|p2b: Hatterene|Dazzling Gleam|p1a: Indeedee|[spread] p1a,p1b
|-supereffective|p1b: Tyranitar
|-damage|p1a: Indeedee|49/100
|-damage|p1b: Tyranitar|73/100
|cant|p2a: Indeedee|move: Imprison|Trick Room
|
|-weather|Sandstorm|[upkeep]
|-damage|p1a: Indeedee|43/100|[from] Sandstorm
|-damage|p2a: Indeedee|69/100|[from] Sandstorm
|-damage|p2b: Hatterene|65/100|[from] Sandstorm
|upkeep
|turn|2
|
|t:|1756721851
|move|p2a: Indeedee|Helping Hand|p2b: Hatterene
|-singleturn|p2b: Hatterene|Helping Hand|[of] p2a: Indeedee
|move|p1a: Indeedee|Expanding Force|p2a: Indeedee|[spread] p2a,p2b
|-resisted|p2a: Indeedee
|-resisted|p2b: Hatterene
|-damage|p2a: Indeedee|50/100
|-damage|p2b: Hatterene|36/100
|move|p1b: Tyranitar|Knock Off|p2b: Hatterene
|-damage|p2b: Hatterene|0 fnt
|-enditem|p2b: Hatterene|Covert Cloak|[from] move: Knock Off|[of] p1b: Tyranitar
|faint|p2b: Hatterene
|
|-weather|Sandstorm|[upkeep]
|-damage|p1a: Indeedee|37/100|[from] Sandstorm
|-damage|p2a: Indeedee|43/100|[from] Sandstorm
|upkeep
|
|t:|1756721865
|switch|p2b: Gallade|Gallade, L50, M|100/100
|turn|3
|
|t:|1756721893
|-terastallize|p1b: Tyranitar|Flying
|move|p1a: Indeedee|Protect|p1a: Indeedee
|-singleturn|p1a: Indeedee|Protect
|move|p1b: Tyranitar|Tera Blast|p2b: Gallade|[anim] Tera Blast Flying
|-supereffective|p2b: Gallade
|-damage|p2b: Gallade|0 fnt
|faint|p2b: Gallade
|move|p2a: Indeedee|Psychic|p1a: Indeedee
|-activate|p1a: Indeedee|move: Protect
|
|-weather|Sandstorm|[upkeep]
|-damage|p1a: Indeedee|31/100|[from] Sandstorm
|-damage|p1b: Tyranitar|67/100|[from] Sandstorm
|-damage|p2a: Indeedee|37/100|[from] Sandstorm
|upkeep
|
|t:|1756721901
|switch|p2b: Lilligant|Lilligant-Hisui, L50, F|100/100
|turn|4
|
|t:|1756721920
|move|p2b: Lilligant|Sleep Powder|p1b: Tyranitar
|-status|p1b: Tyranitar|slp|[from] move: Sleep Powder
|move|p1a: Indeedee|Expanding Force|p2b: Lilligant|[spread] p2a,p2b
|-resisted|p2a: Indeedee
|-supereffective|p2b: Lilligant
|-damage|p2a: Indeedee|18/100
|-enditem|p2b: Lilligant|Focus Sash
|-damage|p2b: Lilligant|1/100
|cant|p1b: Tyranitar|slp
|move|p2a: Indeedee|Psychic|p1a: Indeedee
|-resisted|p1a: Indeedee
|-damage|p1a: Indeedee|4/100
|
|-weather|Sandstorm|[upkeep]
|-damage|p2b: Lilligant|0 fnt|[from] Sandstorm
|-damage|p1a: Indeedee|0 fnt|[from] Sandstorm
|-damage|p1b: Tyranitar|62/100 slp|[from] Sandstorm
|-damage|p2a: Indeedee|12/100|[from] Sandstorm
|faint|p2b: Lilligant
|faint|p1a: Indeedee
|upkeep
|
|t:|1756721927
|switch|p1a: Gholdengo|Gholdengo, L50|100/100
|turn|5
|-message|NEOLODO forfeited.
|
|win|Foxelby
|l|☆NEOLODO
|player|p2|
