|j|☆joyfulwizard
|j|☆testdigi
|html|joyfulwizardtestdigi    
|uhtml|bestof|Game 2 of a best-of-3
|t:|1785252751
|gametype|doubles
|player|p1|joyfulwizard|cheren-gen5bw2|1253
|player|p2|testdigi|169|1117
|gen|9
|tier|[Gen 9 Champions] VGC 2026 Reg M-B (Bo3)
|rated|
|rule|Species Clause: Limit one of each Pokémon
|rule|Item Clause: Limit 1 of each item
|clearpoke
|poke|p1|Charizard, L50, M|
|poke|p1|Glimmora, L50, M|
|poke|p1|Whimsicott, L50, F|
|poke|p1|Ninetales-Alola, L50, F|
|poke|p1|Kingambit, L50, M|
|poke|p1|Kommo-o, L50, M|
|poke|p2|Tyranitar, L50, M|
|poke|p2|Excadrill, L50, M|
|poke|p2|Gholdengo, L50|
|poke|p2|Milotic, L50, M|
|poke|p2|Sinistcha, L50|
|poke|p2|Staraptor, L50, M|
|teampreview|4
|showteam|p1|Charizard||CharizarditeY|Blaze|HeatWave,WeatherBall,SolarBeam,Protect|Modest||M|||50|]Glimmora||Glimmoranite|ToxicDebris|SludgeBomb,PowerGem,EarthPower,SpikyShield|Modest||M|||50|]Whimsicott||FocusSash|Prankster|Moonblast,Tailwind,Encore,Protect|Timid||F|||50|]Ninetales-Alola||NeverMeltIce|SnowWarning|Blizzard,FreezeDry,Disable,Protect|Timid||F|||50|]Kingambit||BlackGlasses|Defiant|KowtowCleave,SuckerPunch,IronHead,Protect|Adamant||M|||50|]Kommo-o||LifeOrb|Overcoat|ClangingScales,AuraSphere,VacuumWave,Protect|Modest||M|||50|
|showteam|p2|Tyranitar||Tyranitarite|SandStream|RockSlide,KnockOff,LowKick,Protect|Jolly||M|||50|]Excadrill||FocusSash|SandRush|HighHorsepower,IronHead,RockSlide,Protect|Adamant||M|||50|]Gholdengo||LifeOrb|GoodasGold|ShadowBall,MakeItRain,NastyPlot,Protect|Modest|||||50|]Milotic||SitrusBerry|Competitive|Scald,IceBeam,IcyWind,Protect|Calm||M|||50|]Sinistcha||ColburBerry|Hospitality|MatchaGotcha,ShadowBall,RagePowder,Protect|Bold|||||50|]Staraptor||Staraptite|Intimidate|CloseCombat,BraveBird,Tailwind,Protect|Jolly||M|||50|
|inactive|Battle timer is ON: inactive players will automatically lose when time's up. (requested by joyfulwizard)
|
|t:|1785252778
|teamsize|p1|4
|teamsize|p2|4
|start
|switch|p1a: Charizard|Charizard, L50, M|100/100
|switch|p1b: Kingambit|Kingambit, L50, M|100/100
|switch|p2a: Milotic|Milotic, L50, M|100/100
|switch|p2b: Gholdengo|Gholdengo, L50|100/100
|turn|1
|
|t:|1785252799
|detailschange|p1a: Charizard|Charizard-Mega-Y, L50, M
|-mega|p1a: Charizard|Charizard|Charizardite Y
|-weather|SunnyDay|[from] ability: Drought|[of] p1a: Charizard
|move|p2b: Gholdengo|Protect|p2b: Gholdengo
|-singleturn|p2b: Gholdengo|Protect
|move|p1a: Charizard|Heat Wave|p2b: Gholdengo|[spread] p2a
|-activate|p2b: Gholdengo|move: Protect
|-resisted|p2a: Milotic|1
|-damage|p2a: Milotic|75/100
|move|p2a: Milotic|Scald|p1b: Kingambit
|-damage|p1b: Kingambit|86/100
|-status|p1b: Kingambit|brn
|move|p1b: Kingambit|Kowtow Cleave|p2a: Milotic
|-damage|p2a: Milotic|34/100
|-enditem|p2a: Milotic|Sitrus Berry|[eat]
|-heal|p2a: Milotic|59/100|[from] item: Sitrus Berry
|
|-weather|SunnyDay|[upkeep]
|-damage|p1b: Kingambit|80/100 brn|[from] brn
|upkeep
|turn|2
|inactive|testdigi has 30 seconds left.
|
|t:|1785252830
|switch|p2a: Tyranitar|Tyranitar, L50, M|100/100
|-weather|Sandstorm|[from] ability: Sand Stream|[of] p2a: Tyranitar
|move|p1a: Charizard|Heat Wave|p2a: Tyranitar|[spread] p2b
|-miss|p1a: Charizard|p2a: Tyranitar
|-supereffective|p2b: Gholdengo|1
|-damage|p2b: Gholdengo|7/100
|move|p2b: Gholdengo|Shadow Ball|p1a: Charizard
|-damage|p1a: Charizard|57/100
|-damage|p2b: Gholdengo|0 fnt|[from] item: Life Orb
|faint|p2b: Gholdengo
|move|p1b: Kingambit|Kowtow Cleave|p2a: Tyranitar
|-resisted|p2a: Tyranitar|1
|-damage|p2a: Tyranitar|86/100
|
|-weather|Sandstorm|[upkeep]
|-damage|p1a: Charizard|51/100|[from] Sandstorm
|-damage|p1b: Kingambit|74/100 brn|[from] brn
|upkeep
|
|t:|1785252845
|switch|p2b: Excadrill|Excadrill, L50, M|100/100
|turn|3
|
|t:|1785252860
|detailschange|p2a: Tyranitar|Tyranitar-Mega, L50, M
|-mega|p2a: Tyranitar|Tyranitar|Tyranitarite
|move|p1a: Charizard|Protect|p1a: Charizard
|-singleturn|p1a: Charizard|Protect
|move|p2b: Excadrill|Rock Slide|p1a: Charizard|[spread] p1b
|-activate|p1a: Charizard|move: Protect
|-resisted|p1b: Kingambit|1
|-damage|p1b: Kingambit|67/100 brn
|move|p2a: Tyranitar|Low Kick|p1b: Kingambit
|-supereffective|p1b: Kingambit|2
|-damage|p1b: Kingambit|0 fnt
|faint|p1b: Kingambit
|
|-weather|Sandstorm|[upkeep]
|-damage|p1a: Charizard|45/100|[from] Sandstorm
|upkeep
|
|t:|1785252870
|switch|p1b: Ninetales|Ninetales-Alola, L50, F|100/100
|-weather|Snowscape|[from] ability: Snow Warning|[of] p1b: Ninetales
|turn|4
|
|t:|1785252891
|switch|p2a: Milotic|Milotic, L50, M|59/100
|move|p1b: Ninetales|Disable|p2b: Excadrill
|-start|p2b: Excadrill|Disable|Rock Slide
|move|p1a: Charizard|Heat Wave|p2a: Milotic|[spread] p2a,p2b
|-resisted|p2a: Milotic|1
|-supereffective|p2b: Excadrill|1
|-damage|p2a: Milotic|43/100
|-enditem|p2b: Excadrill|Focus Sash
|-damage|p2b: Excadrill|1/100
|cant|p2b: Excadrill|Disable|Rock Slide
|
|-weather|Snowscape|[upkeep]
|upkeep
|turn|5
|
|t:|1785252909
|switch|p2a: Tyranitar|Tyranitar-Mega, L50, M|86/100
|-weather|Sandstorm|[from] ability: Sand Stream|[of] p2a: Tyranitar
|move|p2b: Excadrill|Iron Head|p1b: Ninetales
|-supereffective|p1b: Ninetales|2
|-damage|p1b: Ninetales|0 fnt
|faint|p1b: Ninetales
|move|p1a: Charizard|Heat Wave|p2b: Excadrill|[spread] p2a
|-miss|p1a: Charizard|p2b: Excadrill
|-resisted|p2a: Tyranitar|1
|-damage|p2a: Tyranitar|73/100
|
|-weather|Sandstorm|[upkeep]
|-damage|p1a: Charizard|39/100|[from] Sandstorm
|upkeep
|
|t:|1785252912
|switch|p1b: Kommo-o|Kommo-o, L50, M|100/100
|turn|6
|inactive|testdigi has 30 seconds left.
|
|t:|1785252939
|switch|p2a: Milotic|Milotic, L50, M|43/100
|move|p2b: Excadrill|Protect|p2b: Excadrill
|-singleturn|p2b: Excadrill|Protect
|move|p1b: Kommo-o|Aura Sphere|p2a: Milotic
|-damage|p2a: Milotic|1/100
|-damage|p1b: Kommo-o|90/100|[from] item: Life Orb
|move|p1a: Charizard|Heat Wave|p2a: Milotic|[spread] p2a
|-activate|p2b: Excadrill|move: Protect
|-resisted|p2a: Milotic|1
|-damage|p2a: Milotic|0 fnt
|faint|p2a: Milotic
|
|-weather|Sandstorm|[upkeep]
|-damage|p1a: Charizard|34/100|[from] Sandstorm
|upkeep
|
|t:|1785252948
|switch|p2a: Tyranitar|Tyranitar-Mega, L50, M|73/100
|turn|7
|
|t:|1785252954
|move|p1a: Charizard|Protect|p1a: Charizard
|-singleturn|p1a: Charizard|Protect
|move|p2a: Tyranitar|Protect|p2a: Tyranitar
|-singleturn|p2a: Tyranitar|Protect
|move|p1b: Kommo-o|Vacuum Wave|p2b: Excadrill
|-supereffective|p2b: Excadrill|1
|-damage|p2b: Excadrill|0 fnt
|faint|p2b: Excadrill
|-damage|p1b: Kommo-o|80/100|[from] item: Life Orb
|
|-weather|Sandstorm|[upkeep]
|-damage|p1a: Charizard|28/100|[from] Sandstorm
|upkeep
|turn|8
|-message|testdigi forfeited.
|
|win|joyfulwizard
|l|☆testdigi
|player|p2|
||testdigi is ready for game 3.
||joyfulwizard is ready for game 3.
|uhtml|next|Next: Game 3 of 3
