|j|‽maddenstate
|j|☆PenguimSAL
|html|maddenstatePenguimSAL    
|uhtml|bestof|Game 1 of a best-of-3
|t:|1786056132
|gametype|doubles
|player|p1|maddenstate|1|1279
|player|p2|PenguimSAL|266|1198
|gen|9
|tier|[Gen 9 Champions] VGC 2026 Reg M-B (Bo3)
|rated|
|rule|Species Clause: Limit one of each Pokémon
|rule|Item Clause: Limit 1 of each item
|clearpoke
|poke|p1|Swampert, L50, F|
|poke|p1|Metagross, L50|
|poke|p1|Archaludon, L50, F|
|poke|p1|Sinistcha, L50|
|poke|p1|Pelipper, L50, M|
|poke|p1|Grimmsnarl, L50, M|
|poke|p2|Charizard, L50, F|
|poke|p2|Venusaur, L50, M|
|poke|p2|Garchomp, L50, F|
|poke|p2|Incineroar, L50, F|
|poke|p2|Toxapex, L50, F|
|poke|p2|Sylveon, L50, M|
|teampreview|4
|showteam|p1|Swampert||Swampertite|Torrent|WaveCrash,Earthquake,IcePunch,Protect|Adamant||F|||50|]Metagross||Metagrossite|ClearBody|IronHead,PsychicFangs,BodyPress,Protect|Jolly|||||50|]Archaludon||Leftovers|Stamina|ElectroShot,DragonPulse,FlashCannon,Protect|Calm||F|||50|]Sinistcha||CobaBerry|Hospitality|TrickRoom,RagePowder,MatchaGotcha,Protect|Bold|||||50|]Pelipper||SitrusBerry|Drizzle|Tailwind,WeatherBall,Hurricane,WideGuard|Serious||M|||50|]Grimmsnarl||LightClay|Prankster|FoulPlay,PartingShot,LightScreen,Reflect|Calm||M|||50|
|showteam|p2|Charizard||CharizarditeY|Blaze|HeatWave,WeatherBall,AncientPower,Protect|Modest||F|||50|]Venusaur||LifeOrb|Chlorophyll|SolarBeam,SludgeBomb,EarthPower,Protect|Modest||M|||50|]Garchomp||ChoiceScarf|RoughSkin|DragonClaw,Earthquake,RockSlide,StompingTantrum|Adamant||F|||50|]Incineroar||SitrusBerry|Intimidate|FlareBlitz,ThroatChop,PartingShot,FakeOut|Impish||F|||50|]Toxapex||Leftovers|Regenerator|Toxic,Infestation,WideGuard,BanefulBunker|Bold||F|||50|]Sylveon||FairyFeather|Pixilate|HyperVoice,Yawn,Detect,QuickAttack|Modest||M|||50|
|inactive|Battle timer is ON: inactive players will automatically lose when time's up. (requested by maddenstate)
|inactive|maddenstate has 60 seconds left.
|inactive|maddenstate has 30 seconds left.
|inactive|maddenstate has 20 seconds left.
|inactive|maddenstate has 15 seconds left.
|
|t:|1786056217
|teamsize|p1|4
|teamsize|p2|4
|start
|switch|p1a: Grimmsnarl|Grimmsnarl, L50, M|100/100
|switch|p1b: Metagross|Metagross, L50|100/100
|switch|p2a: Charizard|Charizard, L50, F|100/100
|switch|p2b: Venusaur|Venusaur, L50, M|100/100
|turn|1
|
|t:|1786056235
|detailschange|p2a: Charizard|Charizard-Mega-Y, L50, F
|-mega|p2a: Charizard|Charizard|Charizardite Y
|-weather|SunnyDay|[from] ability: Drought|[of] p2a: Charizard
|move|p1a: Grimmsnarl|Light Screen|p1a: Grimmsnarl
|-sidestart|p1: maddenstate|move: Light Screen
|move|p2b: Venusaur|Sludge Bomb|p1a: Grimmsnarl
|-supereffective|p1a: Grimmsnarl|1
|-damage|p1a: Grimmsnarl|43/100
|-damage|p2b: Venusaur|90/100|[from] item: Life Orb
|move|p1b: Metagross|Psychic Fangs|p2b: Venusaur
|-supereffective|p2b: Venusaur|1
|-damage|p2b: Venusaur|0 fnt
|faint|p2b: Venusaur
|move|p2a: Charizard|Heat Wave|p1a: Grimmsnarl|[spread] p1a,p1b
|-supereffective|p1b: Metagross|1
|-damage|p1a: Grimmsnarl|8/100
|-damage|p1b: Metagross|0 fnt
|faint|p1b: Metagross
|
|-weather|SunnyDay|[upkeep]
|upkeep
|
|t:|1786056257
|switch|p2b: Incineroar|Incineroar, L50, F|100/100
|switch|p1b: Swampert|Swampert, L50, F|100/100
|-ability|p2b: Incineroar|Intimidate|boost
|-unboost|p1a: Grimmsnarl|atk|1
|-unboost|p1b: Swampert|atk|1
|turn|2
|inactive|maddenstate has 30 seconds left.
|
|t:|1786056289
|switch|p1a: Pelipper|Pelipper, L50, M|100/100
|-weather|RainDance|[from] ability: Drizzle|[of] p1a: Pelipper
|move|p1b: Swampert|Protect|p1b: Swampert
|-singleturn|p1b: Swampert|Protect
|move|p2b: Incineroar|Fake Out|p1b: Swampert
|-activate|p1b: Swampert|move: Protect
|move|p2a: Charizard|Heat Wave|p1a: Pelipper|[spread] p1a
|-activate|p1b: Swampert|move: Protect
|-resisted|p1a: Pelipper|1
|-damage|p1a: Pelipper|90/100
|
|-weather|RainDance|[upkeep]
|upkeep
|turn|3
|inactive|maddenstate has 30 seconds left.
|
|t:|1786056317
|switch|p2a: Garchomp|Garchomp, L50, F|100/100
|detailschange|p1b: Swampert|Swampert-Mega, L50, F
|-mega|p1b: Swampert|Swampert|Swampertite
|move|p1b: Swampert|Wave Crash|p2a: Garchomp
|-damage|p2a: Garchomp|20/100y
|-damage|p1b: Swampert|87/100|[from] ability: Rough Skin|[of] p2a: Garchomp
|-damage|p1b: Swampert|63/100|[from] Recoil
|move|p1a: Pelipper|Weather Ball|p2b: Incineroar
|-supereffective|p2b: Incineroar|1
|-damage|p2b: Incineroar|1/100
|-enditem|p2b: Incineroar|Sitrus Berry|[eat]
|-heal|p2b: Incineroar|25/100|[from] item: Sitrus Berry
|move|p2b: Incineroar|Parting Shot|p1b: Swampert
|-unboost|p1b: Swampert|atk|1
|-unboost|p1b: Swampert|spa|1
|
|t:|1786056335
|switch|p2b: Charizard|Charizard-Mega-Y, L50, F|100/100|[from] Parting Shot
|-weather|SunnyDay|[from] ability: Drought|[of] p2b: Charizard
|
|-weather|SunnyDay|[upkeep]
|upkeep
|turn|4
|inactive|maddenstate has 30 seconds left.
|inactive|maddenstate has 20 seconds left.
|
|t:|1786056372
|switch|p1b: Grimmsnarl|Grimmsnarl, L50, M|8/100
|move|p1a: Pelipper|Wide Guard|p1a: Pelipper
|-singleturn|p1a: Pelipper|Wide Guard
|move|p2a: Garchomp|Rock Slide|p1a: Pelipper|[spread] 
|-activate|p1a: Pelipper|move: Wide Guard
|-activate|p1b: Grimmsnarl|move: Wide Guard
|move|p2b: Charizard|Heat Wave|p1a: Pelipper|[spread] 
|-activate|p1a: Pelipper|move: Wide Guard
|-activate|p1b: Grimmsnarl|move: Wide Guard
|
|-weather|SunnyDay|[upkeep]
|upkeep
|turn|5
|inactive|maddenstate has 30 seconds left.
|
|t:|1786056399
|switch|p1a: Swampert|Swampert-Mega, L50, F|63/100
|move|p1b: Grimmsnarl|Parting Shot|p2b: Charizard
|-unboost|p2b: Charizard|atk|1
|-unboost|p2b: Charizard|spa|1
|
|t:|1786056405
|switch|p1b: Pelipper|Pelipper, L50, M|90/100|[from] Parting Shot
|-weather|RainDance|[from] ability: Drizzle|[of] p1b: Pelipper
|move|p2a: Garchomp|Rock Slide|p1a: Swampert|[spread] p1a,p1b
|-resisted|p1a: Swampert|1
|-crit|p1a: Swampert
|-supereffective|p1b: Pelipper|1
|-damage|p1a: Swampert|50/100y
|-damage|p1b: Pelipper|41/100
|-enditem|p1b: Pelipper|Sitrus Berry|[eat]
|-heal|p1b: Pelipper|66/100|[from] item: Sitrus Berry
|move|p2b: Charizard|Ancient Power|p1a: Swampert
|-resisted|p1a: Swampert|1
|-damage|p1a: Swampert|45/100
|
|-weather|RainDance|[upkeep]
|upkeep
|turn|6
|inactive|maddenstate has 30 seconds left.
|inactive|maddenstate has 20 seconds left.
|inactive|maddenstate has 15 seconds left.
|
|t:|1786056446
|switch|p2b: Incineroar|Incineroar, L50, F|25/100
|-ability|p2b: Incineroar|Intimidate|boost
|-unboost|p1a: Swampert|atk|1
|-unboost|p1b: Pelipper|atk|1
|move|p2a: Garchomp|Rock Slide|p1a: Swampert|[spread] p1a,p1b
|-resisted|p1a: Swampert|1
|-supereffective|p1b: Pelipper|1
|-damage|p1a: Swampert|36/100
|-damage|p1b: Pelipper|12/100
|move|p1a: Swampert|Wave Crash|p2b: Incineroar
|-supereffective|p2b: Incineroar|1
|-damage|p2b: Incineroar|0 fnt
|faint|p2b: Incineroar
|-damage|p1a: Swampert|28/100|[from] Recoil
|move|p1b: Pelipper|Weather Ball|p2a: Garchomp
|-damage|p2a: Garchomp|0 fnt
|faint|p2a: Garchomp
|
|-weather|RainDance|[upkeep]
|upkeep
|
|t:|1786056453
|switch|p2b: Charizard|Charizard-Mega-Y, L50, F|100/100
|-weather|SunnyDay|[from] ability: Drought|[of] p2b: Charizard
|turn|7
|inactive|maddenstate has 30 seconds left.
|
|t:|1786056483
|move|p1b: Pelipper|Wide Guard|p1b: Pelipper
|-singleturn|p1b: Pelipper|Wide Guard
|move|p2b: Charizard|Weather Ball|p1a: Swampert
|-resisted|p1a: Swampert|1
|-damage|p1a: Swampert|3/100
|move|p1a: Swampert|Wave Crash|p2b: Charizard
|-supereffective|p2b: Charizard|1
|-damage|p2b: Charizard|53/100
|-damage|p1a: Swampert|0 fnt|[from] Recoil
|faint|p1a: Swampert
|
|-weather|SunnyDay|[upkeep]
|upkeep
|
|t:|1786056494
|switch|p1a: Grimmsnarl|Grimmsnarl, L50, M|8/100
|turn|8
|inactive|maddenstate has 30 seconds left.
|
|t:|1786056522
|move|p1b: Pelipper|Wide Guard|p1b: Pelipper
|-singleturn|p1b: Pelipper|Wide Guard
|move|p2b: Charizard|Ancient Power|p1b: Pelipper
|-supereffective|p1b: Pelipper|1
|-damage|p1b: Pelipper|0 fnt
|faint|p1b: Pelipper
|move|p1a: Grimmsnarl|Foul Play|p2b: Charizard
|-damage|p2b: Charizard|23/100
|
|-weather|SunnyDay|[upkeep]
|-sideend|p1: maddenstate|move: Light Screen
|upkeep
|turn|9
|
|t:|1786056536
|move|p2b: Charizard|Weather Ball|p1a: Grimmsnarl
|-damage|p1a: Grimmsnarl|0 fnt
|faint|p1a: Grimmsnarl
|
|win|PenguimSAL
||maddenstate is ready for game 2.
