|j|☆Jay is decent
|j|☆Professor_J93
|html|Jay is decentProfessor_J93    
|uhtml|bestof|Game 2 of a best-of-3
|t:|1782320622
|gametype|doubles
|player|p1|Jay is decent|101|
|player|p2|Professor_J93|n|
|gen|9
|tier|[Gen 9 Champions] VGC 2026 Reg M-B (Bo3)
|rule|Species Clause: Limit one of each Pokémon
|rule|Item Clause: Limit 1 of each item
|clearpoke
|poke|p1|Blaziken, L50, F, shiny|
|poke|p1|Kingambit, L50, M|
|poke|p1|Basculegion, L50, M|
|poke|p1|Grimmsnarl, L50, M|
|poke|p1|Sinistcha, L50|
|poke|p1|Floette-Eternal, L50, F|
|poke|p2|Raichu, L50, M|
|poke|p2|Vivillon-Ocean, L50, F|
|poke|p2|Infernape, L50, F|
|poke|p2|Sylveon, L50, F|
|poke|p2|Basculegion, L50, M|
|poke|p2|Farigiraf, L50, M|
|teampreview|4
|showteam|p1|Blaziken||Blazikenite|SpeedBoost|FlareBlitz,CloseCombat,RockSlide,Detect|Adamant||F|||50|]Kingambit||BlackGlasses|Defiant|KowtowCleave,SuckerPunch,SwordsDance,Protect|Adamant||M|||50|]Basculegion||FocusSash|Adaptability|Liquidation,LastRespects,AquaJet,Protect|Adamant||M|||50|]Grimmsnarl||RoseliBerry|Prankster|FakeOut,SpiritBreak,PartingShot,ScaryFace|Careful||M|||50|]Sinistcha||KasibBerry|Hospitality|MatchaGotcha,RagePowder,TrickRoom,Protect|Bold|||||50|]Floette-Eternal||Floettite|FlowerVeil|Moonblast,DazzlingGleam,CalmMind,Protect|Modest||F|||50|
|showteam|p2|Raichu||RaichuniteY|LightningRod|ZapCannon,FocusBlast,FakeOut,Protect|Modest||M|||50|]Vivillon-Ocean||FocusSash|CompoundEyes|Hurricane,Tailwind,SleepPowder,Protect|Timid||F|||50|]Infernape||Charcoal|Blaze|Overheat,FakeOut,Encore,Protect|Timid||F|||50|]Sylveon||FairyFeather|Pixilate|HyperVoice,HyperBeam,QuickAttack,Protect|Modest||F|||50|]Basculegion||MysticWater|Adaptability|WaveCrash,AquaJet,LastRespects,Protect|Jolly||M|||50|]Farigiraf||SitrusBerry|ArmorTail|Psyshock,Roar,TrickRoom,HelpingHand|Relaxed||M|||50|
|
|t:|1782320638
|teamsize|p1|4
|teamsize|p2|4
|start
|switch|p1a: Kingambit|Kingambit, L50, M|100/100
|switch|p1b: Blaziken|Blaziken, L50, F, shiny|100/100
|switch|p2a: Infernape|Infernape, L50, F|100/100
|switch|p2b: Vivillon|Vivillon-Ocean, L50, F|100/100
|turn|1
|
|t:|1782320654
|switch|p1a: Grimmsnarl|Grimmsnarl, L50, M|100/100
|detailschange|p1b: Blaziken|Blaziken-Mega, L50, F, shiny
|-mega|p1b: Blaziken|Blaziken|Blazikenite
|move|p1b: Blaziken|Detect|p1b: Blaziken
|-singleturn|p1b: Blaziken|Protect
|move|p2a: Infernape|Overheat|p1a: Grimmsnarl
|-damage|p1a: Grimmsnarl|30/100
|-unboost|p2a: Infernape|spa|2
|move|p2b: Vivillon|Tailwind|p2b: Vivillon
|-sidestart|p2: Professor_J93|move: Tailwind
|
|-ability|p1b: Blaziken|Speed Boost|boost
|-boost|p1b: Blaziken|spe|1
|upkeep
|turn|2
|
|t:|1782320670
|move|p1a: Grimmsnarl|Fake Out|p2a: Infernape
|-damage|p2a: Infernape|83/100
|cant|p2a: Infernape|flinch
|move|p2b: Vivillon|Hurricane|p1a: Grimmsnarl
|-damage|p1a: Grimmsnarl|0 fnt
|faint|p1a: Grimmsnarl
|move|p1b: Blaziken|Rock Slide|p2a: Infernape|[spread] p2b
|-miss|p1b: Blaziken|p2a: Infernape
|-supereffective|p2b: Vivillon|2
|-enditem|p2b: Vivillon|Focus Sash
|-damage|p2b: Vivillon|1/100
|
|-ability|p1b: Blaziken|Speed Boost|boost
|-boost|p1b: Blaziken|spe|1
|upkeep
|
|t:|1782320681
|switch|p1a: Basculegion|Basculegion, L50, M|100/100
|turn|3
|
|t:|1782320694
|switch|p2b: Sylveon|Sylveon, L50, F|100/100
|move|p1a: Basculegion|Aqua Jet|p2b: Sylveon
|-damage|p2b: Sylveon|70/100
|move|p2a: Infernape|Encore|p1b: Blaziken
|-start|p1b: Blaziken|Encore
|move|p1b: Blaziken|Rock Slide|p2a: Infernape|[spread] p2a,p2b
|-damage|p2a: Infernape|43/100
|-damage|p2b: Sylveon|43/100
|
|-ability|p1b: Blaziken|Speed Boost|boost
|-boost|p1b: Blaziken|spe|1
|upkeep
|turn|4
|
|t:|1782320714
|switch|p2a: Raichu|Raichu, L50, M|100/100
|move|p1a: Basculegion|Aqua Jet|p2a: Raichu
|-damage|p2a: Raichu|50/100g
|move|p1b: Blaziken|Rock Slide|p2a: Raichu|[spread] p2a,p2b
|-damage|p2a: Raichu|8/100
|-damage|p2b: Sylveon|14/100
|move|p2b: Sylveon|Hyper Voice|p1a: Basculegion|[spread] p1a,p1b
|-damage|p1a: Basculegion|46/100
|-damage|p1b: Blaziken|43/100
|
|-sideend|p2: Professor_J93|move: Tailwind
|-ability|p1b: Blaziken|Speed Boost|boost
|-boost|p1b: Blaziken|spe|1
|upkeep
|turn|5
|c|☆Professor_J93|ggs wp
|-message|Professor_J93 forfeited.
|
|win|Jay is decent
|c|☆Jay is decent|ggs
