|j|☆GymGlofer
|j|☆darthmorton
|html|GymGloferdarthmorton    
|uhtml|bestof|Game 1 of a best-of-3
|t:|1784051682
|gametype|doubles
|player|p1|GymGlofer|blackbelt|1074
|player|p2|darthmorton|dragontamer|1205
|gen|9
|tier|[Gen 9 Champions] VGC 2026 Reg M-B (Bo3)
|rated|
|rule|Species Clause: Limit one of each Pokémon
|rule|Item Clause: Limit 1 of each item
|clearpoke
|poke|p1|Emboar, L50, F|
|poke|p1|Houndoom, L50, F|
|poke|p1|Delphox, L50, F|
|poke|p1|Arcanine-Hisui, L50, M|
|poke|p1|Talonflame, L50, F|
|poke|p1|Ninetales, L50, M|
|poke|p2|Sneasler, L50, F|
|poke|p2|Sinistcha, L50|
|poke|p2|Incineroar, L50, F|
|poke|p2|Charizard, L50, M|
|poke|p2|Floette-Eternal, L50, F|
|poke|p2|Kingambit, L50, M|
|teampreview|4
|showteam|p1|Emboar||Emboarite|Reckless|FlareBlitz,CloseCombat,SuckerPunch,Protect|Brave||F|||50|]Houndoom||Houndoominite|Unnerve|HeatWave,DarkPulse,NastyPlot,Protect|Timid||F|||50|]Delphox||ChoiceScarf|Magician|MysticalFire,Psyshock,DazzlingGleam,Switcheroo|Modest||F|||50|]Arcanine-Hisui||LifeOrb|Intimidate|RagingFury,HeadSmash,ExtremeSpeed,Protect|Adamant||M|||50|]Talonflame||FocusSash|GaleWings|TemperFlare,BraveBird,Tailwind,Protect|Jolly||F|||50|]Ninetales||WideLens|Drought|Overheat,SolarBeam,Encore,Disable|Timid||M|||50|
|showteam|p2|Sneasler||FocusSash|PoisonTouch|FakeOut,GunkShot,CloseCombat,Coaching|Jolly||F|||50|]Sinistcha||SitrusBerry|Hospitality|MatchaGotcha,RagePowder,TrickRoom,Protect|Bold|||||50|]Incineroar||ChopleBerry|Intimidate|FlareBlitz,HelpingHand,PartingShot,FakeOut|Impish||F|||50|]Charizard||CharizarditeX|Blaze|FlareBlitz,DragonClaw,DragonDance,Protect|Adamant||M|||50|]Floette-Eternal||Floettite|FlowerVeil|Moonblast,CalmMind,DazzlingGleam,Protect|Modest||F|||50|]Kingambit||BlackGlasses|Defiant|KowtowCleave,SuckerPunch,SwordsDance,Protect|Adamant||M|||50|
|inactive|Battle timer is ON: inactive players will automatically lose when time's up. (requested by darthmorton)
|inactive|darthmorton has 60 seconds left.
|inactive|darthmorton has 30 seconds left.
|inactive|darthmorton has 20 seconds left.
|inactive|darthmorton has 15 seconds left.
|inactive|darthmorton has 10 seconds left.
|
|t:|1784051762
|teamsize|p1|4
|teamsize|p2|4
|start
|switch|p1a: Houndoom|Houndoom, L50, F|100/100
|switch|p1b: Arcanine|Arcanine-Hisui, L50, M|100/100
|switch|p2a: Sneasler|Sneasler, L50, F|100/100
|switch|p2b: Charizard|Charizard, L50, M|100/100
|-ability|p1a: Houndoom|Unnerve
|-ability|p1b: Arcanine|Intimidate|boost
|-unboost|p2a: Sneasler|atk|1
|-unboost|p2b: Charizard|atk|1
|turn|1
|inactive|darthmorton has 30 seconds left.
|
|t:|1784051792
|detailschange|p1a: Houndoom|Houndoom-Mega, L50, F
|-mega|p1a: Houndoom|Houndoom|Houndoominite
|detailschange|p2b: Charizard|Charizard-Mega-X, L50, M
|-mega|p2b: Charizard|Charizard|Charizardite X
|move|p2a: Sneasler|Fake Out|p1b: Arcanine
|-resisted|p1b: Arcanine|1
|-damage|p1b: Arcanine|95/100
|-status|p1b: Arcanine|psn|[from] ability: Poison Touch|[of] p2a: Sneasler
|move|p1a: Houndoom|Nasty Plot|p1a: Houndoom
|-boost|p1a: Houndoom|spa|2
|move|p2b: Charizard|Dragon Dance|p2b: Charizard
|-boost|p2b: Charizard|atk|1
|-boost|p2b: Charizard|spe|1
|cant|p1b: Arcanine|flinch
|
|-damage|p1b: Arcanine|82/100 psn|[from] psn
|upkeep
|turn|2
|inactive|darthmorton has 30 seconds left.
|inactive|GymGlofer has 30 seconds left.
|inactive|darthmorton has 20 seconds left.
|inactive|darthmorton has 15 seconds left.
|
|t:|1784051834
|move|p2b: Charizard|Protect|p2b: Charizard
|-singleturn|p2b: Charizard|Protect
|move|p1a: Houndoom|Protect|p1a: Houndoom
|-singleturn|p1a: Houndoom|Protect
|move|p1b: Arcanine|Extreme Speed|p2a: Sneasler
|-damage|p2a: Sneasler|39/100
|-damage|p1b: Arcanine|72/100 psn|[from] item: Life Orb
|move|p2a: Sneasler|Close Combat|p1a: Houndoom
|-activate|p1a: Houndoom|move: Protect
|
|-damage|p1b: Arcanine|60/100 psn|[from] psn
|upkeep
|turn|3
|
|t:|1784051851
|switch|p2b: Sinistcha|Sinistcha, L50|100/100
|-heal|p2a: Sneasler|64/100|[from] ability: Hospitality|[of] p2b: Sinistcha
|move|p1b: Arcanine|Extreme Speed|p2a: Sneasler
|-damage|p2a: Sneasler|3/100
|-damage|p1b: Arcanine|50/100g psn|[from] item: Life Orb
|move|p2a: Sneasler|Close Combat|p1a: Houndoom
|-supereffective|p1a: Houndoom|1
|-damage|p1a: Houndoom|0 fnt
|-unboost|p2a: Sneasler|def|1
|-unboost|p2a: Sneasler|spd|1
|faint|p1a: Houndoom
|
|-damage|p1b: Arcanine|38/100 psn|[from] psn
|upkeep
|
|t:|1784051864
|switch|p1a: Delphox|Delphox, L50, F|100/100
|turn|4
|
|t:|1784051875
|switch|p2a: Incineroar|Incineroar, L50, F|100/100
|-ability|p2a: Incineroar|Intimidate|boost
|-unboost|p1a: Delphox|atk|1
|-unboost|p1b: Arcanine|atk|1
|move|p2b: Sinistcha|Protect|p2b: Sinistcha
|-singleturn|p2b: Sinistcha|Protect
|move|p1b: Arcanine|Extreme Speed|p2a: Incineroar
|-damage|p2a: Incineroar|82/100
|-damage|p1b: Arcanine|28/100 psn|[from] item: Life Orb
|move|p1a: Delphox|Switcheroo|p2b: Sinistcha
|-activate|p2b: Sinistcha|move: Protect
|
|-damage|p1b: Arcanine|15/100 psn|[from] psn
|upkeep
|turn|5
|
|t:|1784051890
|move|p2a: Incineroar|Fake Out|p1a: Delphox
|-damage|p1a: Delphox|85/100
|cant|p1a: Delphox|flinch
|move|p1b: Arcanine|Head Smash|p2a: Incineroar
|-supereffective|p2a: Incineroar|1
|-damage|p2a: Incineroar|0 fnt
|faint|p2a: Incineroar
|-damage|p1b: Arcanine|0 fnt|[from] Recoil
|faint|p1b: Arcanine
|move|p2b: Sinistcha|Trick Room|p2b: Sinistcha
|-fieldstart|move: Trick Room|[of] p2b: Sinistcha
|
|upkeep
|
|t:|1784051903
|switch|p2a: Charizard|Charizard-Mega-X, L50, M|100/100
|switch|p1b: Talonflame|Talonflame, L50, F|100/100
|turn|6
|-message|GymGlofer forfeited.
|
|win|darthmorton
