|j|☆FlippiFLuppi
|j|☆lettitripppp
|html|FlippiFLuppilettitripppp    
|uhtml|bestof|Game 1 of a best-of-3
|t:|1783803134
|gametype|doubles
|player|p1|FlippiFLuppi|ghetsis|1024
|player|p2|lettitripppp|lucas|1209
|gen|9
|tier|[Gen 9 Champions] VGC 2026 Reg M-B (Bo3)
|rated|
|rule|Species Clause: Limit one of each Pokémon
|rule|Item Clause: Limit 1 of each item
|clearpoke
|poke|p1|Pyroar, L50, M|
|poke|p1|Staraptor, L50, M|
|poke|p1|Torkoal, L50, M|
|poke|p1|Grimmsnarl, L50, M|
|poke|p1|Sinistcha, L50|
|poke|p1|Incineroar, L50, M|
|poke|p2|Charizard, L50, M|
|poke|p2|Basculegion, L50, M|
|poke|p2|Whimsicott, L50, M, shiny|
|poke|p2|Garchomp, L50, F, shiny|
|poke|p2|Floette-Eternal, L50, F|
|poke|p2|Kingambit, L50, M, shiny|
|teampreview|4
|showteam|p1|Pyroar||Pyroarite|Unnerve|HeatWave,Overheat,DarkPulse,Protect|Timid||M|||50|]Staraptor||Staraptite|Intimidate|CloseCombat,DualWingbeat,Protect,Roost|Adamant||M|||50|]Torkoal||Charcoal|Drought|Eruption,Overheat,HelpingHand,Protect|Quiet||M|||50|]Grimmsnarl||LightClay|Prankster|SpiritBreak,Reflect,LightScreen,PartingShot|Adamant||M|||50|]Sinistcha||SitrusBerry|Hospitality|MatchaGotcha,TrickRoom,RagePowder,Protect|Relaxed|||||50|]Incineroar||PasshoBerry|Intimidate|FlareBlitz,DarkestLariat,FakeOut,PartingShot|Careful||M|||50|
|showteam|p2|Charizard||CharizarditeY|Blaze|WeatherBall,SolarBeam,HeatWave,Protect|Modest||M|||50|]Basculegion||MysticWater|Adaptability|LastRespects,WaveCrash,AquaJet,Protect|Adamant||M|||50|]Whimsicott||FocusSash|Prankster|Moonblast,Tailwind,Encore,Protect|Timid||M|||50|]Garchomp||LifeOrb|RoughSkin|DragonClaw,Earthquake,RockSlide,Protect|Jolly||F|||50|]Floette-Eternal||Floettite|FlowerVeil|DazzlingGleam,LightofRuin,Moonblast,Protect|Modest||F|||50|]Kingambit||ChopleBerry|Defiant|KowtowCleave,SuckerPunch,IronHead,LowKick|Adamant||M|||50|
|inactive|Battle timer is ON: inactive players will automatically lose when time's up. (requested by lettitripppp)
|inactive|FlippiFLuppi has 60 seconds left.
|
|t:|1783803175
|teamsize|p1|4
|teamsize|p2|4
|start
|switch|p1a: Pyroar|Pyroar, L50, M|100/100
|switch|p1b: Torkoal|Torkoal, L50, M|100/100
|switch|p2a: AGNI|Charizard, L50, M|100/100
|switch|p2b: LETS GO GO|Whimsicott, L50, M, shiny|100/100
|-ability|p1a: Pyroar|Unnerve
|-weather|SunnyDay|[from] ability: Drought|[of] p1b: Torkoal
|turn|1
|
|t:|1783803191
|detailschange|p1a: Pyroar|Pyroar-Mega, L50, M
|-mega|p1a: Pyroar|Pyroar|Pyroarite
|detailschange|p2a: AGNI|Charizard-Mega-Y, L50, M
|-mega|p2a: AGNI|Charizard|Charizardite Y
|move|p2b: LETS GO GO|Tailwind|p2b: LETS GO GO
|-sidestart|p2: lettitripppp|move: Tailwind
|move|p2a: AGNI|Heat Wave|p1b: Torkoal|[spread] p1b
|-miss|p2a: AGNI|p1a: Pyroar
|-resisted|p1b: Torkoal|1
|-damage|p1b: Torkoal|56/100
|move|p1a: Pyroar|Dark Pulse|p2a: AGNI
|-damage|p2a: AGNI|76/100
|move|p1b: Torkoal|Eruption|p2b: LETS GO GO|[spread] p2a,p2b
|-resisted|p2a: AGNI|1
|-supereffective|p2b: LETS GO GO|1
|-damage|p2a: AGNI|52/100
|-enditem|p2b: LETS GO GO|Focus Sash
|-damage|p2b: LETS GO GO|1/100
|
|-weather|SunnyDay|[upkeep]
|upkeep
|turn|2
|
|t:|1783803209
|move|p1b: Torkoal|Helping Hand|p1a: Pyroar
|-singleturn|p1a: Pyroar|Helping Hand|[of] p1b: Torkoal
|move|p2b: LETS GO GO|Moonblast|p1b: Torkoal
|-resisted|p1b: Torkoal|1
|-damage|p1b: Torkoal|37/100
|move|p2a: AGNI|Heat Wave|p1a: Pyroar|[spread] p1a
|-miss|p2a: AGNI|p1b: Torkoal
|-resisted|p1a: Pyroar|1
|-damage|p1a: Pyroar|59/100
|move|p1a: Pyroar|Heat Wave|p2a: AGNI|[spread] p2a,p2b
|-resisted|p2a: AGNI|1
|-supereffective|p2b: LETS GO GO|1
|-damage|p2a: AGNI|0 fnt
|-damage|p2b: LETS GO GO|0 fnt
|faint|p2a: AGNI
|faint|p2b: LETS GO GO
|
|-weather|SunnyDay|[upkeep]
|upkeep
|
|t:|1783803221
|switch|p2b: GHOSTWAVE|Basculegion, L50, M|100/100
|switch|p2a: CRUSH SHARK|Garchomp, L50, F, shiny|100/100
|turn|3
|inactive|FlippiFLuppi has 30 seconds left.
|
|t:|1783803248
|move|p1b: Torkoal|Helping Hand|p1a: Pyroar
|-singleturn|p1a: Pyroar|Helping Hand|[of] p1b: Torkoal
|move|p2a: CRUSH SHARK|Dragon Claw|p1a: Pyroar
|-damage|p1a: Pyroar|0 fnt
|faint|p1a: Pyroar
|-damage|p2a: CRUSH SHARK|90/100|[from] item: Life Orb
|move|p2b: GHOSTWAVE|Last Respects|p1b: Torkoal
|-damage|p1b: Torkoal|0 fnt
|faint|p1b: Torkoal
|
|-weather|SunnyDay|[upkeep]
|upkeep
|
|t:|1783803253
|switch|p1a: Staraptor|Staraptor, L50, M|100/100
|switch|p1b: Sinistcha|Sinistcha, L50|100/100
|-ability|p1a: Staraptor|Intimidate|boost
|-unboost|p2a: CRUSH SHARK|atk|1
|-unboost|p2b: GHOSTWAVE|atk|1
|turn|4
|
|t:|1783803262
|move|p2a: CRUSH SHARK|Rock Slide|p1a: Staraptor|[spread] p1a,p1b
|-supereffective|p1a: Staraptor|1
|-damage|p1a: Staraptor|50/100y
|-damage|p1b: Sinistcha|84/100
|-damage|p2a: CRUSH SHARK|80/100|[from] item: Life Orb
|move|p2b: GHOSTWAVE|Last Respects|p1b: Sinistcha
|-supereffective|p1b: Sinistcha|1
|-damage|p1b: Sinistcha|0 fnt
|faint|p1b: Sinistcha
|cant|p1a: Staraptor|flinch
|
|-weather|SunnyDay|[upkeep]
|-sideend|p2: lettitripppp|move: Tailwind
|upkeep
|turn|5
|
|t:|1783803275
|move|p2a: CRUSH SHARK|Dragon Claw|p1a: Staraptor
|-crit|p1a: Staraptor
|-damage|p1a: Staraptor|0 fnt
|faint|p1a: Staraptor
|-damage|p2a: CRUSH SHARK|70/100|[from] item: Life Orb
|
|win|lettitripppp
