|j|☆RegalaoVGC
|j|☆Lorido
|html|RegalaoVGCLorido    
|uhtml|bestof|Game 1 of a best-of-3
|t:|1785411218
|gametype|doubles
|player|p1|RegalaoVGC|169|1236
|player|p2|Lorido|170|1254
|gen|9
|tier|[Gen 9 Champions] VGC 2026 Reg M-B (Bo3)
|rated|
|rule|Species Clause: Limit one of each Pokémon
|rule|Item Clause: Limit 1 of each item
|clearpoke
|poke|p1|Staraptor, L50, M|
|poke|p1|Garchomp, L50, F|
|poke|p1|Whimsicott, L50, M|
|poke|p1|Delphox, L50, M|
|poke|p1|Glimmora, L50, M|
|poke|p1|Kingambit, L50, M, shiny|
|poke|p2|Delphox, L50, F|
|poke|p2|Incineroar, L50, M|
|poke|p2|Floette-Eternal, L50, F|
|poke|p2|Kingambit, L50, M|
|poke|p2|Sinistcha, L50|
|poke|p2|Sneasler, L50, F|
|teampreview|4
|showteam|p1|Staraptor||Staraptite|Intimidate|Protect,Roost,CloseCombat,BraveBird|Jolly||M|||50|]Garchomp||LifeOrb|RoughSkin|Protect,RockSlide,Earthquake,DragonClaw|Jolly||F|||50|]Whimsicott||OccaBerry|Prankster|Moonblast,Tailwind,Charm,LightScreen|Timid||M|||50|]Delphox||Delphoxite|Blaze|Protect,Psychic,HeatWave,Substitute|Timid||M|||50|]Glimmora||FocusSash|ToxicDebris|SpikyShield,EarthPower,PowerGem,SludgeBomb|Timid||M|||50|]Kingambit||ChopleBerry|Defiant|KowtowCleave,IronHead,SuckerPunch,LowKick|Adamant||M|||50|
|showteam|p2|Delphox||Delphoxite|Blaze|HeatWave,Psychic,NastyPlot,Protect|Timid||F|||50|]Incineroar||SitrusBerry|Intimidate|FlareBlitz,DarkestLariat,FakeOut,PartingShot|Careful||M|||50|]Floette-Eternal||Floettite|FlowerVeil|DazzlingGleam,DrainingKiss,CalmMind,Protect|Bold||F|||50|]Kingambit||BlackGlasses|Defiant|KowtowCleave,SuckerPunch,SwordsDance,Protect|Adamant||M|||50|]Sinistcha||OccaBerry|Hospitality|MatchaGotcha,RagePowder,TrickRoom,Protect|Bold|||||50|]Sneasler||FocusSash|PoisonTouch|CloseCombat,PoisonJab,FakeOut,QuickGuard|Jolly||F|||50|
|inactive|Battle timer is ON: inactive players will automatically lose when time's up. (requested by Lorido)
|inactive|RegalaoVGC has 60 seconds left.
|inactive|Lorido has 30 seconds left.
|
|t:|1785411336
|teamsize|p1|4
|teamsize|p2|4
|start
|switch|p1a: Whimsicott|Whimsicott, L50, M|100/100
|switch|p1b: Glimmora|Glimmora, L50, M|100/100
|switch|p2a: Floette|Floette-Eternal, L50, F|100/100
|switch|p2b: Sinistcha|Sinistcha, L50|100/100
|turn|1
|inactive|RegalaoVGC has 30 seconds left.
|
|t:|1785411370
|move|p2a: Floette|Protect|p2a: Floette
|-singleturn|p2a: Floette|Protect
|move|p1a: Whimsicott|Light Screen|p1a: Whimsicott
|-sidestart|p1: RegalaoVGC|move: Light Screen
|move|p1b: Glimmora|Sludge Bomb|p2a: Floette
|-activate|p2a: Floette|move: Protect
|move|p2b: Sinistcha|Trick Room|p2b: Sinistcha
|-fieldstart|move: Trick Room|[of] p2b: Sinistcha
|
|upkeep
|turn|2
|inactive|RegalaoVGC has 30 seconds left.
|inactive|RegalaoVGC has 20 seconds left.
|
|t:|1785411407
|switch|p2a: Incineroar|Incineroar, L50, M|100/100
|-ability|p2a: Incineroar|Intimidate|boost
|-unboost|p1a: Whimsicott|atk|1
|-unboost|p1b: Glimmora|atk|1
|move|p2b: Sinistcha|Matcha Gotcha|p1b: Glimmora|[spread] p1a,p1b
|-resisted|p1a: Whimsicott|1
|-crit|p1b: Glimmora
|-damage|p1a: Whimsicott|87/100
|-damage|p1b: Glimmora|52/100
|-status|p1a: Whimsicott|brn
|move|p1b: Glimmora|Sludge Bomb|p2a: Incineroar
|-damage|p2a: Incineroar|60/100
|move|p1a: Whimsicott|Moonblast|p2a: Incineroar
|-damage|p2a: Incineroar|38/100
|-enditem|p2a: Incineroar|Sitrus Berry|[eat]
|-heal|p2a: Incineroar|63/100|[from] item: Sitrus Berry
|
|-damage|p1a: Whimsicott|81/100 brn|[from] brn
|upkeep
|turn|3
|inactive|RegalaoVGC has 30 seconds left.
|inactive|RegalaoVGC has 20 seconds left.
|inactive|Lorido has 30 seconds left.
|inactive|RegalaoVGC has 15 seconds left.
|inactive|RegalaoVGC has 10 seconds left.
|
|t:|1785411454
|switch|p1a: Garchomp|Garchomp, L50, F|100/100
|move|p2a: Incineroar|Fake Out|p1a: Garchomp
|-damage|p1a: Garchomp|90/100
|-damage|p2a: Incineroar|50/100g|[from] ability: Rough Skin|[of] p1a: Garchomp
|move|p2b: Sinistcha|Matcha Gotcha|p1a: Garchomp|[spread] p1a,p1b
|-damage|p1a: Garchomp|72/100
|-damage|p1b: Glimmora|29/100
|move|p1b: Glimmora|Earth Power|p2a: Incineroar
|-supereffective|p2a: Incineroar|1
|-damage|p2a: Incineroar|0 fnt
|faint|p2a: Incineroar
|
|upkeep
|
|t:|1785411469
|switch|p2a: Floette|Floette-Eternal, L50, F|100/100
|turn|4
|
|t:|1785411494
|switch|p1b: Whimsicott|Whimsicott, L50, M|81/100 brn
|switch|p1a: Delphox|Delphox, L50, M|100/100
|move|p2b: Sinistcha|Matcha Gotcha|p1b: Whimsicott|[spread] p1a,p1b
|-resisted|p1a: Delphox|1
|-resisted|p1b: Whimsicott|1
|-damage|p1a: Delphox|92/100
|-damage|p1b: Whimsicott|69/100 brn
|move|p2a: Floette|Calm Mind|p2a: Floette
|-boost|p2a: Floette|spa|1
|-boost|p2a: Floette|spd|1
|
|-damage|p1b: Whimsicott|63/100 brn|[from] brn
|upkeep
|turn|5
|inactive|Lorido has 30 seconds left.
|
|t:|1785411522
|detailschange|p2a: Floette|Floette-Mega, L50, F
|-mega|p2a: Floette|Floette|Floettite
|-ability|p2a: Floette|Fairy Aura
|detailschange|p1a: Delphox|Delphox-Mega, L50, M
|-mega|p1a: Delphox|Delphox|Delphoxite
|move|p2b: Sinistcha|Protect|p2b: Sinistcha
|-singleturn|p2b: Sinistcha|Protect
|move|p2a: Floette|Dazzling Gleam|p1a: Delphox|[spread] p1a,p1b
|-resisted|p1a: Delphox|1
|-damage|p1a: Delphox|74/100
|-damage|p1b: Whimsicott|9/100 brn
|move|p1b: Whimsicott|Moonblast|p2a: Floette
|-damage|p2a: Floette|79/100
|move|p1a: Delphox|Heat Wave|p2a: Floette|[spread] p2a
|-activate|p2b: Sinistcha|move: Protect
|-damage|p2a: Floette|61/100
|
|-damage|p1b: Whimsicott|3/100 brn|[from] brn
|-sideend|p1: RegalaoVGC|move: Light Screen
|-fieldend|move: Trick Room
|upkeep
|turn|6
|inactive|RegalaoVGC has 30 seconds left.
|
|t:|1785411556
|move|p1a: Delphox|Heat Wave|p2a: Floette|[spread] p2a,p2b
|-supereffective|p2b: Sinistcha|1
|-enditem|p2b: Sinistcha|Occa Berry|[eat]
|-enditem|p2b: Sinistcha|Occa Berry|[weaken]
|-damage|p2a: Floette|44/100
|-damage|p2b: Sinistcha|62/100
|move|p1b: Whimsicott|Moonblast|p2a: Floette
|-damage|p2a: Floette|22/100
|move|p2a: Floette|Draining Kiss|p1a: Delphox
|-resisted|p1a: Delphox|1
|-damage|p1a: Delphox|52/100
|-heal|p2a: Floette|38/100|[from] drain|[of] p1a: Delphox
|move|p2b: Sinistcha|Trick Room|p2b: Sinistcha
|-fieldstart|move: Trick Room|[of] p2b: Sinistcha
|
|-damage|p1b: Whimsicott|0 fnt|[from] brn
|faint|p1b: Whimsicott
|upkeep
|
|t:|1785411572
|switch|p1b: Glimmora|Glimmora, L50, M|29/100
|turn|7
|
|t:|1785411585
|move|p2a: Floette|Protect|p2a: Floette
|-singleturn|p2a: Floette|Protect
|move|p1b: Glimmora|Spiky Shield|p1b: Glimmora
|-singleturn|p1b: Glimmora|move: Protect
|move|p2b: Sinistcha|Matcha Gotcha|p1a: Delphox|[spread] p1a
|-activate|p1b: Glimmora|move: Protect
|-resisted|p1a: Delphox|1
|-damage|p1a: Delphox|42/100
|-heal|p2b: Sinistcha|66/100|[from] drain|[of] p1a: Delphox
|move|p1a: Delphox|Heat Wave|p2a: Floette|[spread] p2b
|-activate|p2a: Floette|move: Protect
|-supereffective|p2b: Sinistcha|1
|-damage|p2b: Sinistcha|0 fnt
|faint|p2b: Sinistcha
|
|upkeep
|
|t:|1785411599
|switch|p2b: Sneasler|Sneasler, L50, F|100/100
|turn|8
|
|t:|1785411613
|move|p2a: Floette|Draining Kiss|p1b: Glimmora
|-resisted|p1b: Glimmora|1
|-damage|p1b: Glimmora|0 fnt
|-heal|p2a: Floette|58/100|[from] drain|[of] p1b: Glimmora
|faint|p1b: Glimmora
|move|p2b: Sneasler|Poison Jab|p1a: Delphox
|-damage|p1a: Delphox|0 fnt
|faint|p1a: Delphox
|
|upkeep
|
|t:|1785411620
|switch|p1b: Garchomp|Garchomp, L50, F|72/100
|turn|9
|
|t:|1785411628
|move|p2a: Floette|Draining Kiss|p1b: Garchomp
|-supereffective|p1b: Garchomp|1
|-damage|p1b: Garchomp|0 fnt
|-heal|p2a: Floette|100/100|[from] drain|[of] p1b: Garchomp
|-damage|p2a: Floette|88/100|[from] ability: Rough Skin|[of] p1b: Garchomp
|faint|p1b: Garchomp
|
|win|Lorido
