|j|☆lakaka siuuu
|j|☆ViviCUT
|html|lakaka siuuuViviCUT    
|uhtml|bestof|Game 1 of a best-of-3
|t:|1782297637
|gametype|doubles
|player|p1|lakaka siuuu|266|1243
|player|p2|ViviCUT|266|1396
|gen|9
|tier|[Gen 9 Champions] VGC 2026 Reg M-B (Bo3)
|rated|
|rule|Species Clause: Limit one of each Pokémon
|rule|Item Clause: Limit 1 of each item
|clearpoke
|poke|p1|Floette-Eternal, L50, F|
|poke|p1|Sinistcha, L50|
|poke|p1|Incineroar, L50, M|
|poke|p1|Delphox, L50, M|
|poke|p1|Kingambit, L50, M|
|poke|p1|Sneasler, L50, M|
|poke|p2|Floette-Eternal, L50, F|
|poke|p2|Charizard, L50, F|
|poke|p2|Basculegion, L50, M|
|poke|p2|Garchomp, L50, M|
|poke|p2|Whimsicott, L50, F|
|poke|p2|Kingambit, L50, M|
|teampreview|4
|showteam|p1|Floette-Eternal||Floettite|FlowerVeil|Moonblast,DazzlingGleam,CalmMind,Protect|Modest||F|||50|]Sinistcha||ColburBerry|Hospitality|MatchaGotcha,RagePowder,Protect,TrickRoom|Bold|||||50|]Incineroar||SitrusBerry|Intimidate|FlareBlitz,PartingShot,FakeOut,HelpingHand|Careful||M|||50|]Delphox||Delphoxite|Blaze|HeatWave,Psyshock,NastyPlot,Protect|Timid||M|||50|]Kingambit||BlackGlasses|Defiant|KowtowCleave,SuckerPunch,SwordsDance,Protect|Adamant||M|||50|]Sneasler||FocusSash|Unburden|CloseCombat,DireClaw,FakeOut,QuickGuard|Jolly||M|||50|
|showteam|p2|Floette-Eternal||Floettite|FlowerVeil|DazzlingGleam,Protect,Moonblast,LightofRuin|Modest||F|||50|]Charizard||CharizarditeY|SolarPower|Protect,SolarBeam,WeatherBall,HeatWave|Modest||F|||50|]Basculegion||ChoiceScarf|Adaptability|FlipTurn,WaveCrash,LastRespects,AquaJet|Jolly||M|||50|]Garchomp||LifeOrb|RoughSkin|Protect,Earthquake,DragonClaw,RockSlide|Jolly||M|||50|]Whimsicott||FocusSash|Prankster|Moonblast,Encore,Protect,Tailwind|Timid||F|||50|]Kingambit||BlackGlasses|Defiant|Protect,KowtowCleave,IronHead,SuckerPunch|Adamant||M|||50|
|inactive|Battle timer is ON: inactive players will automatically lose when time's up. (requested by ViviCUT)
|inactive|lakaka siuuu has 60 seconds left.
|inactive|lakaka siuuu has 30 seconds left.
|
|t:|1782297704
|teamsize|p1|4
|teamsize|p2|4
|start
|switch|p1a: Apache Kid|Kingambit, L50, M|100/100
|switch|p1b: Gradisce|Incineroar, L50, M|100/100
|switch|p2a: Whimsicott|Whimsicott, L50, F|100/100
|switch|p2b: Floette|Floette-Eternal, L50, F|100/100
|-ability|p1b: Gradisce|Intimidate|boost
|-block|p2a: Whimsicott|ability: Flower Veil|[of] p2b: Floette
|-unboost|p2b: Floette|atk|1
|turn|1
|
|t:|1782297728
|detailschange|p2b: Floette|Floette-Mega, L50, F
|-mega|p2b: Floette|Floette|Floettite
|-ability|p2b: Floette|Fairy Aura
|move|p1b: Gradisce|Fake Out|p2b: Floette
|-damage|p2b: Floette|88/100
|move|p2a: Whimsicott|Moonblast|p1b: Gradisce
|-damage|p1b: Gradisce|60/100
|cant|p2b: Floette|flinch
|move|p1a: Apache Kid|Swords Dance|p1a: Apache Kid
|-boost|p1a: Apache Kid|atk|2
|
|upkeep
|turn|2
|inactive|lakaka siuuu has 30 seconds left.
|inactive|ViviCUT has 30 seconds left.
|inactive|lakaka siuuu has 20 seconds left.
|inactive|lakaka siuuu has 15 seconds left.
|inactive|lakaka siuuu has 10 seconds left.
|inactive|lakaka siuuu has 5 seconds left.
|
|t:|1782297779
|move|p1a: Apache Kid|Protect|p1a: Apache Kid
|-singleturn|p1a: Apache Kid|Protect
|move|p2a: Whimsicott|Moonblast|p1b: Gradisce
|-damage|p1b: Gradisce|25/100
|-enditem|p1b: Gradisce|Sitrus Berry|[eat]
|-heal|p1b: Gradisce|50/100y|[from] item: Sitrus Berry
|move|p2b: Floette|Dazzling Gleam|p1b: Gradisce|[spread] p1b
|-activate|p1a: Apache Kid|move: Protect
|-damage|p1b: Gradisce|9/100
|move|p1b: Gradisce|Parting Shot|p2b: Floette
|-unboost|p2b: Floette|atk|1
|-unboost|p2b: Floette|spa|1
|
|t:|1782297803
|switch|p1b: Vigile|Sneasler, L50, M|100/100|[from] Parting Shot
|
|upkeep
|turn|3
|
|t:|1782297815
|switch|p2b: Basculegion|Basculegion, L50, M|100/100
|move|p2a: Whimsicott|Tailwind|p2a: Whimsicott
|-sidestart|p2: ViviCUT|move: Tailwind
|move|p1b: Vigile|Dire Claw|p2b: Basculegion
|-resisted|p2b: Basculegion|1
|-damage|p2b: Basculegion|75/100
|move|p1a: Apache Kid|Kowtow Cleave|p2a: Whimsicott
|-resisted|p2a: Whimsicott|1
|-damage|p2a: Whimsicott|16/100
|
|upkeep
|turn|4
|
|t:|1782297840
|move|p1b: Vigile|Quick Guard|p1b: Vigile
|-singleturn|p1b: Vigile|Quick Guard
|move|p1a: Apache Kid|Sucker Punch|p2b: Basculegion
|-supereffective|p2b: Basculegion|1
|-damage|p2b: Basculegion|0 fnt
|faint|p2b: Basculegion
|move|p2a: Whimsicott|Moonblast|p1a: Apache Kid
|-damage|p1a: Apache Kid|64/100
|
|upkeep
|
|t:|1782297845
|switch|p2b: Floette|Floette-Mega, L50, F|88/100
|-ability|p2b: Floette|Fairy Aura
|turn|5
|
|t:|1782297859
|switch|p1b: Gradisce|Incineroar, L50, M|9/100
|-ability|p1b: Gradisce|Intimidate|boost
|-unboost|p2a: Whimsicott|atk|1
|-unboost|p2b: Floette|atk|1
|move|p1a: Apache Kid|Protect|p1a: Apache Kid
|-singleturn|p1a: Apache Kid|Protect
|move|p2a: Whimsicott|Encore|p1b: Gradisce
|-hint|Since gen 7, Dark is immune to Prankster moves.
|-immune|p1b: Gradisce
|move|p2b: Floette|Moonblast|p1a: Apache Kid
|-activate|p1a: Apache Kid|move: Protect
|
|upkeep
|turn|6
|
|t:|1782297883
|move|p2b: Floette|Protect|p2b: Floette
|-singleturn|p2b: Floette|Protect
|move|p1b: Gradisce|Fake Out|p2b: Floette
|-activate|p2b: Floette|move: Protect
|move|p2a: Whimsicott|Moonblast|p1a: Apache Kid
|-damage|p1a: Apache Kid|20/100r
|move|p1a: Apache Kid|Kowtow Cleave|p2a: Whimsicott
|-resisted|p2a: Whimsicott|1
|-damage|p2a: Whimsicott|0 fnt
|faint|p2a: Whimsicott
|
|-sideend|p2: ViviCUT|move: Tailwind
|upkeep
|
|t:|1782297893
|switch|p2a: Kingambit|Kingambit, L50, M|100/100
|turn|7
|
|t:|1782297910
|move|p1b: Gradisce|Helping Hand|p1a: Apache Kid
|-singleturn|p1a: Apache Kid|Helping Hand|[of] p1b: Gradisce
|move|p2b: Floette|Protect||[still]
|-fail|p2b: Floette
|move|p1a: Apache Kid|Sucker Punch||[still]
|-fail|p1a: Apache Kid
|move|p2a: Kingambit|Kowtow Cleave|p1a: Apache Kid
|-resisted|p1a: Apache Kid|1
|-damage|p1a: Apache Kid|0 fnt
|faint|p1a: Apache Kid
|
|upkeep
|
|t:|1782297921
|switch|p1a: Vigile|Sneasler, L50, M|100/100
|turn|8
|inactive|lakaka siuuu has 30 seconds left.
|inactive|lakaka siuuu has 20 seconds left.
|inactive|lakaka siuuu has 15 seconds left.
|
|t:|1782297965
|move|p2a: Kingambit|Protect|p2a: Kingambit
|-singleturn|p2a: Kingambit|Protect
|move|p1a: Vigile|Dire Claw|p2b: Floette
|-supereffective|p2b: Floette|1
|-crit|p2b: Floette
|-damage|p2b: Floette|0 fnt
|faint|p2b: Floette
|move|p1b: Gradisce|Flare Blitz|p2a: Kingambit
|-activate|p2a: Kingambit|move: Protect
|
|upkeep
|turn|9
|-message|ViviCUT forfeited.
|
|win|lakaka siuuu
|l|☆ViviCUT
|player|p2|
||ViviCUT is ready for game 2.
||lakaka siuuu is ready for game 2.
|uhtml|next|Next: Game 2 of 3
