|j|☆x-3 demon
|j|☆void25o
|html|x-3 demonvoid25o    
|uhtml|bestof|Game 1 of a best-of-3
|t:|1757639762
|gametype|doubles
|player|p1|x-3 demon|boarder-gen2|1342
|player|p2|void25o|miku-ghost|1353
|gen|9
|tier|[Gen 9] VGC 2025 Reg H (Bo3)
|rated|
|rule|Species Clause: Limit one of each Pokémon
|rule|Item Clause: Limit 1 of each item
|clearpoke
|poke|p1|Gholdengo, L50|
|poke|p1|Sinistcha, L50|
|poke|p1|Ursaluna, L50, F|
|poke|p1|Dragonite, L50, F|
|poke|p1|Incineroar, L50, F|
|poke|p1|Ninetales-Alola, L50, F|
|poke|p2|Indeedee, L50, M|
|poke|p2|Sneasler, L50, M|
|poke|p2|Amoonguss, L50, F|
|poke|p2|Volcarona, L50, F|
|poke|p2|Tyranitar, L50, M|
|poke|p2|Dragonite, L50, M|
|teampreview|4
|showteam|p1|Gholdengo||ChoiceScarf|GoodasGold|MakeItRain,ShadowBall,Trick,Protect||||||50|,,,,,Flying]Sinistcha||SitrusBerry|Hospitality|MatchaGotcha,LifeDew,RagePowder,TrickRoom||||||50|,,,,,Dark]Ursaluna||FlameOrb|Guts|HeadlongRush,Earthquake,Facade,Protect|||F|||50|,,,,,Ghost]Dragonite||LoadedDice|Multiscale|ScaleShot,Haze,Tailwind,Protect|||F|||50|,,,,,Fairy]Incineroar||AssaultVest|Intimidate|FlareBlitz,KnockOff,FakeOut,Uturn|||F|||50|,,,,,Grass]Ninetales-Alola||FocusSash|SnowWarning|Blizzard,FreezeDry,Encore,AuroraVeil|||F|||50|,,,,,Ghost
|showteam|p2|Indeedee||FocusSash|PsychicSurge|ExpandingForce,TeraBlast,Imprison,TrickRoom|||M|||50|,,,,,Psychic]Sneasler||PsychicSeed|Unburden|CloseCombat,DireClaw,ThroatChop,Protect|||M|||50|,,,,,Dark]Amoonguss||RockyHelmet|Regenerator|SludgeBomb,Spore,RagePowder,Protect|||F|||50|,,,,,Fairy]Volcarona||SafetyGoggles|FlameBody|HeatWave,TeraBlast,QuiverDance,Protect|||F|||50|,,,,,Fairy]Tyranitar||AssaultVest|SandStream|KnockOff,RockSlide,TeraBlast,LowKick|||M|||50|,,,,,Flying]Dragonite||LoadedDice|InnerFocus|ScaleShot,Haze,Tailwind,Protect|||M|||50|,,,,,Fairy
|inactive|Battle timer is ON: inactive players will automatically lose when time's up. (requested by void25o)
|
|t:|1757639854
|teamsize|p1|4
|teamsize|p2|4
|start
|switch|p1a: Ninetales|Ninetales-Alola, L50, F|100/100
|switch|p1b: Sinistcha|Sinistcha, L50|100/100
|switch|p2a: Ace|Volcarona, L50, F, shiny|100/100
|switch|p2b: Magellan|Sneasler, L50, M|100/100
|-weather|Snowscape|[from] ability: Snow Warning|[of] p1a: Ninetales
|turn|1
|inactive|x-3 demon has 30 seconds left.
|inactive|void25o has 30 seconds left.
|
|t:|1757639884
|switch|p1a: Ursaluna|Ursaluna, L50, F, shiny|100/100
|move|p2b: Magellan|Throat Chop|p1b: Sinistcha
|-supereffective|p1b: Sinistcha
|-damage|p1b: Sinistcha|51/100
|-start|p1b: Sinistcha|Throat Chop|[silent]
|move|p2a: Ace|Heat Wave|p1b: Sinistcha|[spread] p1a,p1b
|-supereffective|p1b: Sinistcha
|-damage|p1a: Ursaluna|67/100
|-damage|p1b: Sinistcha|0 fnt
|faint|p1b: Sinistcha
|
|-weather|Snowscape|[upkeep]
|-status|p1a: Ursaluna|brn|[from] item: Flame Orb
|upkeep
|
|t:|1757639897
|switch|p1b: Ninetales|Ninetales-Alola, L50, F|100/100
|turn|2
|inactive|x-3 demon has 30 seconds left.
|
|t:|1757639929
|-terastallize|p1a: Ursaluna|Ghost
|move|p2b: Magellan|Throat Chop|p1a: Ursaluna
|-supereffective|p1a: Ursaluna
|-damage|p1a: Ursaluna|16/100 brn
|-start|p1a: Ursaluna|Throat Chop|[silent]
|move|p1b: Ninetales|Aurora Veil|p1b: Ninetales
|-sidestart|p1: x-3 demon|move: Aurora Veil
|move|p2a: Ace|Heat Wave|p1b: Ninetales|[spread] p1a,p1b
|-supereffective|p1b: Ninetales
|-damage|p1a: Ursaluna|0 fnt
|-damage|p1b: Ninetales|44/100
|faint|p1a: Ursaluna
|
|-weather|Snowscape|[upkeep]
|upkeep
|
|t:|1757639940
|switch|p1a: Incineroar|Incineroar, L50, F|100/100
|-ability|p1a: Incineroar|Intimidate|boost
|-unboost|p2a: Ace|atk|1
|-unboost|p2b: Magellan|atk|1
|turn|3
|
|t:|1757639952
|switch|p2a: Shyarly|Indeedee, L50, M|100/100
|-fieldstart|move: Psychic Terrain|[from] ability: Psychic Surge|[of] p2a: Shyarly
|-enditem|p2b: Magellan|Psychic Seed
|-boost|p2b: Magellan|spd|1|[from] item: Psychic Seed
|move|p2b: Magellan|Dire Claw|p1b: Ninetales
|-supereffective|p1b: Ninetales
|-damage|p1b: Ninetales|9/100
|move|p1b: Ninetales|Blizzard|p2b: Magellan|[spread] p2a,p2b
|-damage|p2a: Shyarly|54/100
|-damage|p2b: Magellan|73/100
|move|p1a: Incineroar|Flare Blitz|p2b: Magellan
|-damage|p2b: Magellan|0 fnt
|faint|p2b: Magellan
|-damage|p1a: Incineroar|82/100|[from] Recoil
|
|-weather|Snowscape|[upkeep]
|upkeep
|
|t:|1757639970
|switch|p2b: Ace|Volcarona, L50, F, shiny|100/100
|turn|4
|
|t:|1757639988
|move|p1b: Ninetales|Blizzard|p2a: Shyarly|[spread] p2a,p2b
|-resisted|p2b: Ace
|-damage|p2a: Shyarly|9/100
|-damage|p2b: Ace|86/100
|move|p2a: Shyarly|Expanding Force|p1a: Incineroar|[spread] p1b
|-immune|p1a: Incineroar
|-damage|p1b: Ninetales|0 fnt
|faint|p1b: Ninetales
|move|p2b: Ace|Heat Wave|p1a: Incineroar
|-resisted|p1a: Incineroar
|-crit|p1a: Incineroar
|-damage|p1a: Incineroar|58/100
|move|p1a: Incineroar|Knock Off|p2b: Ace
|-damage|p2b: Ace|36/100
|-enditem|p2b: Ace|Safety Goggles|[from] move: Knock Off|[of] p1a: Incineroar
|
|-weather|Snowscape|[upkeep]
|upkeep
|turn|5
|
|t:|1757640008
|move|p2a: Shyarly|Tera Blast|p1a: Incineroar
|-damage|p1a: Incineroar|42/100
|move|p2b: Ace|Tera Blast|p1a: Incineroar
|-damage|p1a: Incineroar|30/100
|move|p1a: Incineroar|Flare Blitz|p2b: Ace
|-damage|p2b: Ace|0 fnt
|faint|p2b: Ace
|-damage|p1a: Incineroar|19/100|[from] Recoil
|
|-weather|none
|upkeep
|
|t:|1757640016
|switch|p2b: X Drake|Tyranitar, L50, M|100/100
|-weather|Sandstorm|[from] ability: Sand Stream|[of] p2b: X Drake
|turn|6
|
|t:|1757640023
|move|p2a: Shyarly|Tera Blast|p1a: Incineroar
|-damage|p1a: Incineroar|5/100
|move|p2b: X Drake|Rock Slide|p1a: Incineroar
|-supereffective|p1a: Incineroar
|-damage|p1a: Incineroar|0 fnt
|faint|p1a: Incineroar
|
|win|void25o
||x-3 demon is ready for game 2.
|inactive|void25o has 30 seconds to confirm battle start!
||void25o is ready for game 2.
|uhtml|next|Next: Game 2 of 3
