|j|☆chingling is life
|j|☆kaalaas7
|html|chingling is lifekaalaas7    
|uhtml|bestof|Game 3 of a best-of-3
|t:|1784811237
|gametype|doubles
|player|p1|chingling is life|102|
|player|p2|kaalaas7|rocketgruntf|
|gen|9
|tier|[Gen 9 Champions] VGC 2026 Reg M-B (Bo3)
|rule|Species Clause: Limit one of each Pokémon
|rule|Item Clause: Limit 1 of each item
|clearpoke
|poke|p1|Kommo-o, L50, M|
|poke|p1|Sneasler, L50, M|
|poke|p1|Vivillon, L50, M|
|poke|p1|Pelipper, L50, M|
|poke|p1|Dragonite, L50, M|
|poke|p1|Espathra, L50, F|
|poke|p2|Charizard, L50, F|
|poke|p2|Incineroar, L50, F|
|poke|p2|Torterra, L50, F|
|poke|p2|Gyarados, L50, M|
|poke|p2|Skarmory, L50, M|
|poke|p2|Kingambit, L50, F|
|teampreview|4
|showteam|p1|Kommo-o||LifeOrb|Soundproof|Protect,ClangorousSoul,ClangingScales,AuraSphere|Modest||M|||50|]Sneasler||WhiteHerb|Unburden|FakeOut,UpperHand,CloseCombat,Protect|Adamant||M|||50|]Vivillon||FocusSash|CompoundEyes|PollenPuff,Hurricane,RagePowder,SleepPowder|Modest||M|||50|]Pelipper||SitrusBerry|Drizzle|Hurricane,Protect,WeatherBall,WideGuard|Bold||M|||50|]Dragonite||Dragoninite|Multiscale|DragonPulse,Thunderbolt,WeatherBall,Protect|Modest||M|||50|]Espathra||ColburBerry|SpeedBoost|CalmMind,Protect,BatonPass,LuminaCrash|Bold||F|||50|
|showteam|p2|Charizard||CharizarditeY|Blaze|HeatWave,SolarBeam,Protect,WeatherBall|Mild||F|||50|]Incineroar||PasshoBerry|Intimidate|FakeOut,PartingShot,HelpingHand,FlareBlitz|Adamant||F|||50|]Torterra||YacheBerry|Overgrow|SolarBeam,Protect,HeadlongRush,WideGuard|Relaxed||F|||50|]Gyarados||ExpertBelt|Intimidate|IceFang,Protect,Waterfall,Earthquake|Jolly||M|||50|]Skarmory||Leftovers|Sturdy|Spikes,Whirlwind,BodyPress,Protect|Bold||M|||50|]Kingambit||BlackGlasses|SupremeOverlord|SuckerPunch,Protect,SwordsDance,KowtowCleave|Adamant||F|||50|
|
|t:|1784811255
|teamsize|p1|4
|teamsize|p2|4
|start
|switch|p1a: Espathra|Espathra, L50, F|100/100
|switch|p1b: Sneasler|Sneasler, L50, M|100/100
|switch|p2a: Gyarados|Gyarados, L50, M|100/100
|switch|p2b: Charizard|Charizard, L50, F|100/100
|-ability|p2a: Gyarados|Intimidate|boost
|-unboost|p1a: Espathra|atk|1
|-unboost|p1b: Sneasler|atk|1
|-enditem|p1b: Sneasler|White Herb
|-clearnegativeboost|p1b: Sneasler|[silent]
|turn|1
|
|t:|1784811278
|detailschange|p2b: Charizard|Charizard-Mega-Y, L50, F
|-mega|p2b: Charizard|Charizard|Charizardite Y
|-weather|SunnyDay|[from] ability: Drought|[of] p2b: Charizard
|move|p1b: Sneasler|Fake Out|p2b: Charizard
|-damage|p2b: Charizard|72/100
|cant|p2b: Charizard|flinch
|move|p2a: Gyarados|Earthquake|p1b: Sneasler|[spread] p1a,p1b
|-immune|p2b: Charizard
|-supereffective|p1b: Sneasler|1
|-damage|p1a: Espathra|78/100
|-damage|p1b: Sneasler|0 fnt
|faint|p1b: Sneasler
|move|p1a: Espathra|Calm Mind|p1a: Espathra
|-boost|p1a: Espathra|spa|1
|-boost|p1a: Espathra|spd|1
|
|-weather|SunnyDay|[upkeep]
|-ability|p1a: Espathra|Speed Boost|boost
|-boost|p1a: Espathra|spe|1
|upkeep
|
|t:|1784811295
|switch|p1b: Kommo-o|Kommo-o, L50, M|100/100
|turn|2
|
|t:|1784811310
|move|p1a: Espathra|Baton Pass|p1a: Espathra
|
|t:|1784811311
|switch|p1a: Dragonite|Dragonite, L50, M|100/100|[from] Baton Pass
|move|p2b: Charizard|Heat Wave|p1a: Dragonite|[spread] p1a,p1b
|-resisted|p1a: Dragonite|1
|-resisted|p1b: Kommo-o|1
|-damage|p1a: Dragonite|89/100
|-damage|p1b: Kommo-o|69/100
|move|p2a: Gyarados|Ice Fang|p1a: Dragonite
|-supereffective|p1a: Dragonite|2
|-damage|p1a: Dragonite|0 fnt
|faint|p1a: Dragonite
|move|p1b: Kommo-o|Clanging Scales|p2a: Gyarados|[spread] p2a,p2b
|-damage|p2a: Gyarados|46/100
|-damage|p2b: Charizard|17/100
|-unboost|p1b: Kommo-o|def|1
|-damage|p1b: Kommo-o|59/100|[from] item: Life Orb
|
|-weather|SunnyDay|[upkeep]
|upkeep
|
|t:|1784811325
|switch|p1a: Espathra|Espathra, L50, F|78/100
|turn|3
|
|t:|1784811337
|move|p1a: Espathra|Protect|p1a: Espathra
|-singleturn|p1a: Espathra|Protect
|move|p1b: Kommo-o|Protect|p1b: Kommo-o
|-singleturn|p1b: Kommo-o|Protect
|move|p2b: Charizard|Heat Wave|p1b: Kommo-o|[spread] 
|-activate|p1a: Espathra|move: Protect
|-activate|p1b: Kommo-o|move: Protect
|move|p2a: Gyarados|Earthquake|p1b: Kommo-o|[spread] 
|-activate|p1a: Espathra|move: Protect
|-activate|p1b: Kommo-o|move: Protect
|-immune|p2b: Charizard
|
|-weather|SunnyDay|[upkeep]
|-ability|p1a: Espathra|Speed Boost|boost
|-boost|p1a: Espathra|spe|1
|upkeep
|turn|4
|
|t:|1784811357
|move|p2b: Charizard|Protect|p2b: Charizard
|-singleturn|p2b: Charizard|Protect
|move|p1a: Espathra|Lumina Crash|p2b: Charizard
|-activate|p2b: Charizard|move: Protect
|move|p2a: Gyarados|Ice Fang|p1b: Kommo-o
|-supereffective|p1b: Kommo-o|1
|-damage|p1b: Kommo-o|0 fnt
|faint|p1b: Kommo-o
|
|-weather|SunnyDay|[upkeep]
|-ability|p1a: Espathra|Speed Boost|boost
|-boost|p1a: Espathra|spe|1
|upkeep
|turn|5
|
|t:|1784811372
|move|p1a: Espathra|Lumina Crash|p2b: Charizard
|-damage|p2b: Charizard|0 fnt
|faint|p2b: Charizard
|move|p2a: Gyarados|Earthquake|p1a: Espathra
|-damage|p1a: Espathra|48/100
|
|-weather|none
|-ability|p1a: Espathra|Speed Boost|boost
|-boost|p1a: Espathra|spe|1
|upkeep
|
|t:|1784811377
|switch|p2b: Torterra|Torterra, L50, F|100/100
|turn|6
|
|t:|1784811387
|move|p1a: Espathra|Lumina Crash|p2b: Torterra
|-damage|p2b: Torterra|71/100
|-unboost|p2b: Torterra|spd|2
|move|p2a: Gyarados|Ice Fang|p1a: Espathra
|-damage|p1a: Espathra|28/100
|move|p2b: Torterra|Headlong Rush|p1a: Espathra
|-damage|p1a: Espathra|0 fnt
|-unboost|p2b: Torterra|def|1
|-unboost|p2b: Torterra|spd|1
|faint|p1a: Espathra
|
|win|kaalaas7
