|j|☆exessevio
|j|‽candangacheche
|html|exesseviocandangacheche    
|uhtml|bestof|Game 3 of a best-of-3
|t:|1785255308
|gametype|doubles
|player|p1|exessevio|265|1120
|player|p2|candangacheche|2|1132
|gen|9
|tier|[Gen 9 Champions] VGC 2026 Reg M-B (Bo3)
|rated|
|rule|Species Clause: Limit one of each Pokémon
|rule|Item Clause: Limit 1 of each item
|clearpoke
|poke|p1|Heracross, L50, F|
|poke|p1|Chandelure, L50, M|
|poke|p1|Gliscor, L50, F|
|poke|p1|Sceptile, L50, M|
|poke|p1|Feraligatr, L50, F|
|poke|p1|Sharpedo, L50, M|
|poke|p2|Delphox, L50, F, shiny|
|poke|p2|Grimmsnarl, L50, M, shiny|
|poke|p2|Garchomp, L50, M, shiny|
|poke|p2|Sylveon, L50, F|
|poke|p2|Kingambit, L50, M|
|poke|p2|Venusaur, L50, M|
|teampreview|4
|showteam|p1|Heracross||Heracronite|Swarm|CloseCombat,PinMissile,BulletSeed,Detect|Adamant||F|||50|]Chandelure||Chandelurite|Infiltrator|HeatWave,ShadowBall,Protect,Flamethrower|Modest||M|||50|]Gliscor||SitrusBerry|HyperCutter|DualWingbeat,HighHorsepower,Protect,Tailwind|Adamant||F|||50|]Sceptile||WhiteHerb|Unburden|LeafStorm,RockTomb,QuickGuard,EarthPower|Timid||M|||50|]Feraligatr||LifeOrb|SheerForce|AquaJet,Liquidation,Protect,IcePunch|Adamant||F|||50|]Sharpedo||FocusSash|SpeedBoost|Crunch,Liquidation,PsychicFangs,Protect|Adamant||M|||50|
|showteam|p2|Delphox||Delphoxite|Blaze|Protect,HeatWave,NastyPlot,Psychic|Timid||F|||50|]Grimmsnarl||LightClay|Prankster|LightScreen,Reflect,PartingShot,FoulPlay|Careful||M|||50|]Garchomp||LifeOrb|RoughSkin|DragonClaw,Earthquake,Protect,ThunderFang|Adamant||M|||50|]Sylveon||FairyFeather|Pixilate|HyperVoice,HyperBeam,QuickAttack,Detect|Timid||F|||50|]Kingambit||FocusSash|Defiant|SuckerPunch,KowtowCleave,Protect,IronHead|Adamant||M|||50|]Venusaur||Venusaurite|Chlorophyll|GigaDrain,EarthPower,SludgeBomb,Protect|Modest||M|||50|
|inactive|Battle timer is ON: inactive players will automatically lose when time's up. (requested by candangacheche)
|
|t:|1785255325
|teamsize|p1|4
|teamsize|p2|4
|start
|switch|p1a: Gliscor|Gliscor, L50, F|100/100
|switch|p1b: Chandelure|Chandelure, L50, M|100/100
|switch|p2a: Venusaur|Venusaur, L50, M|100/100
|switch|p2b: Grimmsnarl|Grimmsnarl, L50, M, shiny|100/100
|turn|1
|
|t:|1785255338
|detailschange|p1b: Chandelure|Chandelure-Mega, L50, M
|-mega|p1b: Chandelure|Chandelure|Chandelurite
|detailschange|p2a: Venusaur|Venusaur-Mega, L50, M
|-mega|p2a: Venusaur|Venusaur|Venusaurite
|move|p2a: Venusaur|Protect|p2a: Venusaur
|-singleturn|p2a: Venusaur|Protect
|move|p2b: Grimmsnarl|Light Screen|p2b: Grimmsnarl
|-sidestart|p2: candangacheche|move: Light Screen
|move|p1b: Chandelure|Heat Wave|p2a: Venusaur|[spread] p2b
|-activate|p2a: Venusaur|move: Protect
|-damage|p2b: Grimmsnarl|55/100
|move|p1a: Gliscor|High Horsepower|p2b: Grimmsnarl
|-damage|p2b: Grimmsnarl|13/100
|
|upkeep
|turn|2
|
|t:|1785255356
|switch|p2a: Garchomp|Garchomp, L50, M, shiny|100/100
|move|p2b: Grimmsnarl|Reflect|p2b: Grimmsnarl
|-sidestart|p2: candangacheche|Reflect
|move|p1b: Chandelure|Heat Wave|p2b: Grimmsnarl|[spread] p2a,p2b
|-resisted|p2a: Garchomp|1
|-damage|p2a: Garchomp|75/100
|-damage|p2b: Grimmsnarl|0 fnt
|-status|p2a: Garchomp|brn
|faint|p2b: Grimmsnarl
|move|p1a: Gliscor|Dual Wingbeat|p2a: Garchomp
|-damage|p2a: Garchomp|65/100 brn
|-damage|p1a: Gliscor|87/100|[from] ability: Rough Skin|[of] p2a: Garchomp
|-damage|p2a: Garchomp|55/100 brn
|-damage|p1a: Gliscor|75/100|[from] ability: Rough Skin|[of] p2a: Garchomp
|-hitcount|p2a: Garchomp|2
|
|-damage|p2a: Garchomp|49/100 brn|[from] brn
|upkeep
|
|t:|1785255371
|switch|p2b: Venusaur|Venusaur-Mega, L50, M|100/100
|turn|3
|
|t:|1785255377
|switch|p1b: Feraligatr|Feraligatr, L50, F|100/100
|move|p2b: Venusaur|Protect|p2b: Venusaur
|-singleturn|p2b: Venusaur|Protect
|move|p1a: Gliscor|Dual Wingbeat|p2b: Venusaur
|-activate|p2b: Venusaur|move: Protect
|move|p2a: Garchomp|Earthquake|p1b: Feraligatr|[spread] p1b
|-activate|p2b: Venusaur|move: Protect
|-immune|p1a: Gliscor
|-damage|p1b: Feraligatr|70/100
|-damage|p2a: Garchomp|39/100 brn|[from] item: Life Orb
|
|-damage|p2a: Garchomp|33/100 brn|[from] brn
|upkeep
|turn|4
|
|t:|1785255395
|switch|p2a: Sylveon|Sylveon, L50, F|100/100
|move|p1b: Feraligatr|Protect|p1b: Feraligatr
|-singleturn|p1b: Feraligatr|Protect
|move|p2b: Venusaur|Giga Drain|p1b: Feraligatr
|-activate|p1b: Feraligatr|move: Protect
|move|p1a: Gliscor|Tailwind|p1a: Gliscor
|-sidestart|p1: exessevio|move: Tailwind
|
|upkeep
|turn|5
|
|t:|1785255407
|move|p2b: Venusaur|Protect|p2b: Venusaur
|-singleturn|p2b: Venusaur|Protect
|move|p1b: Feraligatr|Ice Punch|p2b: Venusaur
|-activate|p2b: Venusaur|move: Protect
|move|p1a: Gliscor|Dual Wingbeat|p2b: Venusaur
|-activate|p2b: Venusaur|move: Protect
|move|p2a: Sylveon|Hyper Voice|p1b: Feraligatr|[spread] p1a,p1b
|-damage|p1a: Gliscor|24/100
|-damage|p1b: Feraligatr|14/100
|-enditem|p1a: Gliscor|Sitrus Berry|[eat]
|-heal|p1a: Gliscor|48/100|[from] item: Sitrus Berry
|
|upkeep
|turn|6
|
|t:|1785255424
|move|p1b: Feraligatr|Ice Punch|p2b: Venusaur
|-supereffective|p2b: Venusaur|1
|-damage|p2b: Venusaur|73/100
|move|p1a: Gliscor|High Horsepower|p2a: Sylveon
|-damage|p2a: Sylveon|70/100
|move|p2b: Venusaur|Giga Drain|p1a: Gliscor
|-damage|p1a: Gliscor|3/100
|-heal|p2b: Venusaur|98/100|[from] drain|[of] p1a: Gliscor
|move|p2a: Sylveon|Hyper Voice|p1b: Feraligatr|[spread] p1a,p1b
|-damage|p1a: Gliscor|0 fnt
|-damage|p1b: Feraligatr|0 fnt
|faint|p1a: Gliscor
|faint|p1b: Feraligatr
|
|upkeep
|
|t:|1785255430
|switch|p1b: Sharpedo|Sharpedo, L50, M|100/100
|switch|p1a: Chandelure|Chandelure-Mega, L50, M|100/100
|turn|7
|
|t:|1785255442
|move|p2b: Venusaur|Protect|p2b: Venusaur
|-singleturn|p2b: Venusaur|Protect
|move|p1b: Sharpedo|Psychic Fangs|p2a: Sylveon
|-sideend|p2: candangacheche|Reflect
|-sideend|p2: candangacheche|move: Light Screen
|-damage|p2a: Sylveon|32/100
|move|p1a: Chandelure|Heat Wave|p2a: Sylveon|[spread] p2a
|-activate|p2b: Venusaur|move: Protect
|-damage|p2a: Sylveon|0 fnt
|faint|p2a: Sylveon
|
|-sideend|p1: exessevio|move: Tailwind
|-ability|p1b: Sharpedo|Speed Boost|boost
|-boost|p1b: Sharpedo|spe|1
|upkeep
|
|t:|1785255454
|switch|p2a: Garchomp|Garchomp, L50, M, shiny|33/100 brn
|turn|8
|
|t:|1785255461
|move|p2a: Garchomp|Protect|p2a: Garchomp
|-singleturn|p2a: Garchomp|Protect
|move|p1b: Sharpedo|Psychic Fangs|p2b: Venusaur
|-supereffective|p2b: Venusaur|1
|-damage|p2b: Venusaur|40/100
|move|p1a: Chandelure|Flamethrower|p2b: Venusaur
|-supereffective|p2b: Venusaur|1
|-damage|p2b: Venusaur|0 fnt
|faint|p2b: Venusaur
|
|-damage|p2a: Garchomp|27/100 brn|[from] brn
|-ability|p1b: Sharpedo|Speed Boost|boost
|-boost|p1b: Sharpedo|spe|1
|upkeep
|turn|9
|
|t:|1785255477
|move|p1b: Sharpedo|Psychic Fangs|p2a: Garchomp
|-damage|p2a: Garchomp|0 fnt
|-damage|p1b: Sharpedo|87/100|[from] ability: Rough Skin|[of] p2a: Garchomp
|faint|p2a: Garchomp
|
|win|exessevio
|raw|exessevio's rating: 1120 → 1146(+26 for winning)
|raw|candangacheche's rating: 1132 → 1106(-26 for losing)
|l|‽candangacheche
|player|p2|
