|j|☆Sedrav
|j|☆rickctrl
|html|Sedravrickctrl    
|uhtml|bestof|Game 2 of a best-of-3
|t:|1756910946
|gametype|doubles
|player|p1|Sedrav|265|1257
|player|p2|rickctrl|2|1211
|gen|9
|tier|[Gen 9] VGC 2025 Reg H (Bo3)
|rated|
|rule|Species Clause: Limit one of each Pokémon
|rule|Item Clause: Limit 1 of each item
|clearpoke
|poke|p1|Garchomp, L50, M|
|poke|p1|Talonflame, L50, M|
|poke|p1|Gholdengo, L50|
|poke|p1|Tyranitar, L50, F|
|poke|p1|Amoonguss, L50, M|
|poke|p1|Milotic, L50, F|
|poke|p2|Indeedee, L50, M|
|poke|p2|Sneasler, L50, M|
|poke|p2|Ursaluna-Bloodmoon, L50, M|
|poke|p2|Electabuzz, L50, M|
|poke|p2|Talonflame, L50, M|
|poke|p2|Incineroar, L50, M|
|teampreview|4
|showteam|p1|Garchomp||LifeOrb|RoughSkin|DragonClaw,StompingTantrum,Earthquake,Protect|||M|||50|,,,,,Fairy]Talonflame||CovertCloak|GaleWings|BraveBird,Tailwind,WillOWisp,Taunt|||M|||50|,,,,,Grass]Gholdengo||MetalCoat|GoodasGold|MakeItRain,ShadowBall,NastyPlot,Protect||||||50|,,,,,Water]Tyranitar||AssaultVest|SandStream|RockSlide,KnockOff,LowKick,TeraBlast|||F|||50|,,,,,Flying]Amoonguss||SitrusBerry|Regenerator|Spore,RagePowder,PollenPuff,Protect|||M|||50|,,,,,Water]Milotic||SafetyGoggles|Competitive|Scald,IcyWind,Haze,Protect|||F|||50|,,,,,Dragon
|showteam|p2|Indeedee||FocusSash|PsychicSurge|ExpandingForce,HelpingHand,Protect,TrickRoom|||M|||50|,,,,,Psychic]Sneasler||PsychicSeed|Unburden|Protect,DireClaw,CloseCombat,ThroatChop|||M|||50|,,,,,Dark]Ursaluna-Bloodmoon||LifeOrb|MindsEye|BloodMoon,HyperVoice,EarthPower,Protect|||M|||50|,,,,,Normal]Electabuzz||Eviolite|VitalSpirit|Protect,Taunt,FollowMe,Electroweb|||M|||50|,,,,,Fairy]Talonflame||CovertCloak|GaleWings|Tailwind,WillOWisp,DualWingbeat,FlareBlitz|||M|||50|,,,,,Stellar]Incineroar||SafetyGoggles|Intimidate|FakeOut,Taunt,KnockOff,PartingShot|||M|||50|,,,,,Ghost
|inactive|Battle timer is ON: inactive players will automatically lose when time's up. (requested by Sedrav)
|inactive|Sedrav has 60 seconds left.
|inactive|rickctrl has 60 seconds left.
|inactive|rickctrl has 30 seconds left.
|inactive|rickctrl has 20 seconds left.
|inactive|rickctrl has 15 seconds left.
|
|t:|1756911024
|teamsize|p1|4
|teamsize|p2|4
|start
|switch|p1a: Amoonguss|Amoonguss, L50, M|100/100
|switch|p1b: Milotic|Milotic, L50, F|100/100
|switch|p2a: Ursaluna|Ursaluna-Bloodmoon, L50, M|100/100
|switch|p2b: Indeedee|Indeedee, L50, M|100/100
|-fieldstart|move: Psychic Terrain|[from] ability: Psychic Surge|[of] p2b: Indeedee
|turn|1
|inactive|Sedrav has 30 seconds left.
|inactive|rickctrl has 30 seconds left.
|inactive|Sedrav has 20 seconds left.
|inactive|Sedrav has 15 seconds left.
|
|t:|1756911064
|-terastallize|p2a: Ursaluna|Normal
|move|p1a: Amoonguss|Protect|p1a: Amoonguss
|-singleturn|p1a: Amoonguss|Protect
|move|p2b: Indeedee|Expanding Force|p1a: Amoonguss|[spread] p1b
|-activate|p1a: Amoonguss|move: Protect
|-damage|p1b: Milotic|62/100
|move|p2a: Ursaluna|Blood Moon|p1a: Amoonguss
|-activate|p1a: Amoonguss|move: Protect
|move|p1b: Milotic|Icy Wind|p2b: Indeedee|[spread] p2a,p2b
|-damage|p2a: Ursaluna|88/100
|-damage|p2b: Indeedee|87/100
|-unboost|p2a: Ursaluna|spe|1
|-unboost|p2b: Indeedee|spe|1
|
|upkeep
|turn|2
|inactive|Sedrav has 30 seconds left.
|
|t:|1756911098
|-terastallize|p1a: Amoonguss|Water
|move|p2b: Indeedee|Expanding Force|p1a: Amoonguss|[spread] p1a,p1b
|-damage|p1a: Amoonguss|62/100
|-damage|p1b: Milotic|25/100
|move|p1b: Milotic|Icy Wind|p2a: Ursaluna|[spread] p2a,p2b
|-damage|p2a: Ursaluna|74/100
|-damage|p2b: Indeedee|73/100
|-unboost|p2a: Ursaluna|spe|1
|-unboost|p2b: Indeedee|spe|1
|move|p2a: Ursaluna|Hyper Voice|p1a: Amoonguss|[spread] p1a,p1b
|-crit|p1a: Amoonguss
|-damage|p1a: Amoonguss|0 fnt
|-damage|p1b: Milotic|0 fnt
|faint|p1a: Amoonguss
|faint|p1b: Milotic
|-damage|p2a: Ursaluna|64/100|[from] item: Life Orb
|
|upkeep
|
|t:|1756911111
|switch|p1b: Talonflame|Talonflame, L50, M|100/100
|switch|p1a: Garchomp|Garchomp, L50, M|100/100
|turn|3
|inactive|Sedrav has 30 seconds left.
|inactive|rickctrl has 30 seconds left.
|
|t:|1756911142
|switch|p2a: Incineroar|Incineroar, L50, M|100/100
|-ability|p2a: Incineroar|Intimidate|boost
|-unboost|p1a: Garchomp|atk|1
|-unboost|p1b: Talonflame|atk|1
|move|p2b: Indeedee|Protect|p2b: Indeedee
|-singleturn|p2b: Indeedee|Protect
|move|p1b: Talonflame|Tailwind|p1b: Talonflame
|-sidestart|p1: Sedrav|move: Tailwind
|move|p1a: Garchomp|Earthquake|p2b: Indeedee|[spread] p2a
|-activate|p2b: Indeedee|move: Protect
|-immune|p1b: Talonflame
|-supereffective|p2a: Incineroar
|-damage|p2a: Incineroar|31/100
|-damage|p1a: Garchomp|91/100|[from] item: Life Orb
|
|upkeep
|turn|4
|inactive|Sedrav has 30 seconds left.
|inactive|rickctrl has 30 seconds left.
|
|t:|1756911172
|move|p1b: Talonflame|Taunt|p2a: Incineroar
|-start|p2a: Incineroar|move: Taunt
|move|p1a: Garchomp|Earthquake|p2a: Incineroar|[spread] p2a,p2b
|-immune|p1b: Talonflame
|-supereffective|p2a: Incineroar
|-damage|p2a: Incineroar|0 fnt
|-damage|p2b: Indeedee|0 fnt
|faint|p2a: Incineroar
|faint|p2b: Indeedee
|-damage|p1a: Garchomp|81/100|[from] item: Life Orb
|
|upkeep
|
|t:|1756911183
|switch|p2b: Ursaluna|Ursaluna-Bloodmoon, L50, M, tera:Normal|64/100
|switch|p2a: Sneasler|Sneasler, L50, M|100/100
|-enditem|p2a: Sneasler|Psychic Seed
|-boost|p2a: Sneasler|spd|1|[from] item: Psychic Seed
|turn|5
|inactive|Sedrav has 30 seconds left.
|inactive|rickctrl has 30 seconds left.
|
|t:|1756911215
|move|p2a: Sneasler|Protect|p2a: Sneasler
|-singleturn|p2a: Sneasler|Protect
|move|p1b: Talonflame|Will-O-Wisp|p2a: Sneasler
|-activate|p2a: Sneasler|move: Protect
|move|p1a: Garchomp|Earthquake|p2a: Sneasler|[spread] p2b
|-activate|p2a: Sneasler|move: Protect
|-immune|p1b: Talonflame
|-damage|p2b: Ursaluna|34/100
|-damage|p1a: Garchomp|71/100|[from] item: Life Orb
|move|p2b: Ursaluna|Blood Moon|p1a: Garchomp
|-damage|p1a: Garchomp|0 fnt
|faint|p1a: Garchomp
|-damage|p2b: Ursaluna|25/100|[from] item: Life Orb
|
|-fieldend|move: Psychic Terrain
|upkeep
|turn|6
|
|t:|1756911236
|move|p1b: Talonflame|Brave Bird|p2a: Sneasler
|-supereffective|p2a: Sneasler
|-damage|p2a: Sneasler|0 fnt
|faint|p2a: Sneasler
|-damage|p1b: Talonflame|67/100|[from] Recoil
|move|p2b: Ursaluna|Hyper Voice|p1b: Talonflame
|-damage|p1b: Talonflame|0 fnt
|faint|p1b: Talonflame
|-damage|p2b: Ursaluna|15/100|[from] item: Life Orb
|
|win|rickctrl
|raw|Sedrav's rating: 1257 → 1229(-28 for losing)
|raw|rickctrl's rating: 1211 → 1239(+28 for winning)
