|j|☆forzaturinstorm
|j|☆marcel72
|html|forzaturinstormmarcel72    
|uhtml|bestof|Game 1 of a best-of-3
|t:|1756488701
|gametype|doubles
|player|p1|forzaturinstorm|nate|1129
|player|p2|marcel72|170|1095
|gen|9
|tier|[Gen 9] VGC 2025 Reg H (Bo3)
|rated|
|rule|Species Clause: Limit one of each Pokémon
|rule|Item Clause: Limit 1 of each item
|clearpoke
|poke|p1|Porygon2, L50|
|poke|p1|Primarina, L50, M|
|poke|p1|Archaludon, L50, M|
|poke|p1|Ursaluna, L50, F|
|poke|p1|Vivillon, L50, F|
|poke|p1|Incineroar, L50, F|
|poke|p2|Ursaluna, L50, F|
|poke|p2|Vivillon-Polar, L50, M|
|poke|p2|Porygon2, L50|
|poke|p2|Annihilape, L50, F|
|poke|p2|Tinkaton, L50, F|
|poke|p2|Dragonite, L50, M|
|teampreview|4
|showteam|p1|Porygon2||Eviolite|Download|TeraBlast,IceBeam,TrickRoom,Recover||||||50|,,,,,Fighting]Primarina||LifeOrb|LiquidVoice|HyperVoice,Moonblast,Haze,Protect|||M|||50|,,,,,Poison]Archaludon||PowerHerb|Stalwart|Protect,ElectroShot,DragonPulse,FlashCannon|||M|||50|,,,,,Grass]Ursaluna||FlameOrb|Guts|HeadlongRush,Facade,Earthquake,Protect|||F|||50|,,,,,Poison]Vivillon||FocusSash|CompoundEyes|Hurricane,SleepPowder,Tailwind,Protect|||F|||50|,,,,,Ghost]Incineroar||AssaultVest|Intimidate|FlareBlitz,KnockOff,Uturn,FakeOut|||F|||50|,,,,,Grass
|showteam|p2|Ursaluna||FlameOrb|Guts|Facade,Earthquake,HeadlongRush,Protect|||F|||50|,,,,,Ghost]Vivillon-Polar||FocusSash|CompoundEyes|Hurricane,SleepPowder,RagePowder,Tailwind|||M|||50|,,,,,Ghost]Porygon2||Eviolite|Download|TeraBlast,IceBeam,Recover,TrickRoom||||||50|,,,,,Fighting]Annihilape||ChestoBerry|Defiant|DrainPunch,RageFist,BulkUp,Protect|||F|||50|,,,,,Fire]Tinkaton||AssaultVest|OwnTempo|FakeOut,GigatonHammer,PlayRough,KnockOff|||F|||50|,,,,,Water]Dragonite||LoadedDice|InnerFocus|ScaleShot,Tailwind,IceSpinner,Protect|||M|||50|,,,,,Fairy
|
|t:|1756488797
|teamsize|p1|4
|teamsize|p2|4
|start
|switch|p1a: Primarina|Primarina, L50, M|100/100
|switch|p1b: Vivillon|Vivillon, L50, F|100/100
|switch|p2a: Tinkaton|Tinkaton, L50, F|100/100
|switch|p2b: Annihilape|Annihilape, L50, F|100/100
|turn|1
|
|t:|1756488858
|-terastallize|p2b: Annihilape|Fire
|move|p1b: Vivillon|Sleep Powder|p2a: Tinkaton
|-status|p2a: Tinkaton|slp|[from] move: Sleep Powder
|cant|p2a: Tinkaton|slp
|move|p2b: Annihilape|Rage Fist|p1b: Vivillon
|-damage|p1b: Vivillon|58/100
|move|p1a: Primarina|Moonblast|p2b: Annihilape
|-resisted|p2b: Annihilape
|-damage|p2b: Annihilape|75/100
|-damage|p1a: Primarina|91/100|[from] item: Life Orb
|
|upkeep
|turn|2
|
|t:|1756488882
|move|p2b: Annihilape|Protect|p2b: Annihilape
|-singleturn|p2b: Annihilape|Protect
|move|p1b: Vivillon|Sleep Powder|p2b: Annihilape
|-activate|p2b: Annihilape|move: Protect
|cant|p2a: Tinkaton|slp
|move|p1a: Primarina|Hyper Voice|p2b: Annihilape|[spread] p2a
|-activate|p2b: Annihilape|move: Protect
|-damage|p2a: Tinkaton|78/100 slp
|-damage|p1a: Primarina|81/100|[from] item: Life Orb
|
|upkeep
|turn|3
|
|t:|1756488907
|move|p1b: Vivillon|Tailwind|p1b: Vivillon
|-sidestart|p1: forzaturinstorm|move: Tailwind
|move|p1a: Primarina|Hyper Voice|p2b: Annihilape|[spread] p2a,p2b
|-supereffective|p2b: Annihilape
|-damage|p2a: Tinkaton|51/100 slp
|-damage|p2b: Annihilape|8/100
|-damage|p1a: Primarina|71/100|[from] item: Life Orb
|cant|p2a: Tinkaton|slp
|move|p2b: Annihilape|Rage Fist|p1a: Primarina
|-damage|p1a: Primarina|0 fnt
|faint|p1a: Primarina
|
|upkeep
|
|t:|1756488920
|switch|p1a: Ursaluna|Ursaluna, L50, F|100/100
|turn|4
|
|t:|1756488971
|switch|p2a: Vivillon|Vivillon-Polar, L50, M, shiny|100/100
|move|p2b: Annihilape|Protect|p2b: Annihilape
|-singleturn|p2b: Annihilape|Protect
|move|p1b: Vivillon|Hurricane|p2a: Vivillon
|-supereffective|p2a: Vivillon
|-enditem|p2a: Vivillon|Focus Sash
|-damage|p2a: Vivillon|1/100
|-start|p2a: Vivillon|confusion
|move|p1a: Ursaluna|Earthquake|p2b: Annihilape|[spread] 
|-activate|p2b: Annihilape|move: Protect
|-immune|p1b: Vivillon
|-immune|p2a: Vivillon
|
|-status|p1a: Ursaluna|brn|[from] item: Flame Orb
|upkeep
|turn|5
|
|t:|1756488997
|switch|p2a: Tinkaton|Tinkaton, L50, F|51/100 slp
|move|p2b: Annihilape|Protect||[still]
|-fail|p2b: Annihilape
|move|p1b: Vivillon|Hurricane|p2a: Tinkaton
|-resisted|p2a: Tinkaton
|-damage|p2a: Tinkaton|39/100 slp
|move|p1a: Ursaluna|Facade|p2b: Annihilape
|-damage|p2b: Annihilape|0 fnt
|faint|p2b: Annihilape
|
|-damage|p1a: Ursaluna|95/100 brn|[from] brn
|upkeep
|
|t:|1756489025
|switch|p2b: Ursaluna|Ursaluna, L50, F|100/100
|turn|6
|
|t:|1756489050
|move|p2b: Ursaluna|Protect|p2b: Ursaluna
|-singleturn|p2b: Ursaluna|Protect
|-curestatus|p2a: Tinkaton|slp|[msg]
|move|p2a: Tinkaton|Fake Out|p1a: Ursaluna
|-damage|p1a: Ursaluna|87/100 brn
|move|p1b: Vivillon|Sleep Powder|p2b: Ursaluna
|-activate|p2b: Ursaluna|move: Protect
|cant|p1a: Ursaluna|flinch
|
|-damage|p1a: Ursaluna|81/100 brn|[from] brn
|-sideend|p1: forzaturinstorm|move: Tailwind
|-status|p2b: Ursaluna|brn|[from] item: Flame Orb
|upkeep
|turn|7
|
|t:|1756489107
|move|p1a: Ursaluna|Protect|p1a: Ursaluna
|-singleturn|p1a: Ursaluna|Protect
|move|p1b: Vivillon|Tailwind|p1b: Vivillon
|-sidestart|p1: forzaturinstorm|move: Tailwind
|move|p2a: Tinkaton|Gigaton Hammer|p1b: Vivillon
|-damage|p1b: Vivillon|0 fnt
|faint|p1b: Vivillon
|move|p2b: Ursaluna|Facade|p1a: Ursaluna
|-activate|p1a: Ursaluna|move: Protect
|
|-damage|p1a: Ursaluna|75/100 brn|[from] brn
|-damage|p2b: Ursaluna|94/100 brn|[from] brn
|upkeep
|
|t:|1756489117
|switch|p1b: Porygon2|Porygon2, L50|100/100
|-ability|p1b: Porygon2|Download|boost
|-boost|p1b: Porygon2|atk|1
|turn|8
|
|t:|1756489127
|switch|p2a: Vivillon|Vivillon-Polar, L50, M, shiny|1/100
|-terastallize|p1b: Porygon2|Fighting
|move|p2b: Ursaluna|Protect|p2b: Ursaluna
|-singleturn|p2b: Ursaluna|Protect
|move|p1a: Ursaluna|Earthquake|p2a: Vivillon|[spread] p1b
|-activate|p2b: Ursaluna|move: Protect
|-immune|p2a: Vivillon
|-damage|p1b: Porygon2|60/100
|move|p1b: Porygon2|Tera Blast|p2b: Ursaluna|[anim] Tera Blast Fighting
|-activate|p2b: Ursaluna|move: Protect
|
|-damage|p1a: Ursaluna|69/100 brn|[from] brn
|-damage|p2b: Ursaluna|88/100 brn|[from] brn
|upkeep
|turn|9
|
|t:|1756489201
|move|p2a: Vivillon|Rage Powder|p2a: Vivillon
|-singleturn|p2a: Vivillon|move: Rage Powder
|move|p1a: Ursaluna|Facade|p2a: Vivillon
|-damage|p2a: Vivillon|0 fnt
|faint|p2a: Vivillon
|move|p1b: Porygon2|Tera Blast|p2b: Ursaluna|[anim] Tera Blast Fighting
|-supereffective|p2b: Ursaluna
|-damage|p2b: Ursaluna|39/100 brn
|move|p2b: Ursaluna|Facade|p1a: Ursaluna
|-damage|p1a: Ursaluna|0 fnt
|faint|p1a: Ursaluna
|
|-damage|p2b: Ursaluna|33/100 brn|[from] brn
|upkeep
|
|t:|1756489213
|switch|p2a: Tinkaton|Tinkaton, L50, F|39/100
|turn|10
|
|t:|1756489221
|move|p2a: Tinkaton|Fake Out|p1b: Porygon2
|-damage|p1b: Porygon2|53/100
|cant|p1b: Porygon2|flinch
|move|p2b: Ursaluna|Facade|p1b: Porygon2
|-damage|p1b: Porygon2|0 fnt
|faint|p1b: Porygon2
|
|win|marcel72
||marcel72 is ready for game 2.
||forzaturinstorm is ready for game 2.
|uhtml|next|Next: Game 2 of 3
|l|☆marcel72
|player|p2|
|l|☆forzaturinstorm
|player|p1|
|j|☆marcel72
|player|p2|marcel72|170|
