|j|☆lukashz
|j|☆martharia
|html|lukashzmartharia    
|uhtml|bestof|Game 2 of a best-of-3
|t:|1782351725
|gametype|doubles
|player|p1|lukashz|266|1214
|player|p2|martharia|1|1156
|gen|9
|tier|[Gen 9 Champions] VGC 2026 Reg M-B (Bo3)
|rated|
|rule|Species Clause: Limit one of each Pokémon
|rule|Item Clause: Limit 1 of each item
|clearpoke
|poke|p1|Incineroar, L50, M|
|poke|p1|Floette-Eternal, L50, F|
|poke|p1|Kingambit, L50, F|
|poke|p1|Sinistcha, L50|
|poke|p1|Basculegion, L50, M|
|poke|p1|Sneasler, L50, F|
|poke|p2|Delphox, L50, F, shiny|
|poke|p2|Meowscarada, L50, F|
|poke|p2|Quaquaval, L50, F|
|poke|p2|Zoroark-Hisui, L50, F, shiny|
|poke|p2|Talonflame, L50, F|
|poke|p2|Mawile, L50, F, shiny|
|teampreview|4
|showteam|p1|Incineroar||SitrusBerry|Intimidate|FakeOut,PartingShot,FlareBlitz,HelpingHand|Careful||M|||50|]Floette-Eternal||Floettite|FlowerVeil|Protect,DazzlingGleam,CalmMind,DrainingKiss|Timid||F|||50|]Kingambit||BlackGlasses|Defiant|Protect,SuckerPunch,KowtowCleave,SwordsDance|Adamant||F|||50|]Sinistcha||FocusSash|Hospitality|Protect,RagePowder,TrickRoom,MatchaGotcha|Modest|||||50|]Basculegion||ChoiceScarf|Adaptability|FlipTurn,WaveCrash,AquaJet,LastRespects|Jolly||M|||50|]Sneasler||WhiteHerb|Unburden|Protect,FakeOut,DireClaw,CloseCombat|Adamant||F|||50|
|showteam|p2|Delphox||Delphoxite|Blaze|HeatWave,Psyshock,CalmMind,Protect|Modest||F|||50|]Meowscarada||ExpertBelt|Protean|FlowerTrick,ThroatChop,ThunderPunch,Protect|Adamant||F|||50|]Quaquaval||LifeOrb|Moxie|AquaStep,CloseCombat,AquaJet,Protect|Jolly||F|||50|]Zoroark-Hisui||FocusSash|Illusion|BitterMalice,IcyWind,Taunt,Protect|Timid||F|||50|]Talonflame||ChartiBerry|GaleWings|BraveBird,Tailwind,FeatherDance,QuickGuard|Jolly||F|||50|]Mawile||Mawilite|HyperCutter|RockSlide,SuckerPunch,SwordsDance,Protect|Adamant||F|||50|
|
|t:|1782351753
|teamsize|p1|4
|teamsize|p2|4
|start
|switch|p1a: Kingambit|Kingambit, L50, F|100/100
|switch|p1b: Incineroar|Incineroar, L50, M|100/100
|switch|p2a: Mawile|Mawile, L50, F, shiny|100/100
|switch|p2b: Talonflame|Talonflame, L50, F|100/100
|-ability|p1b: Incineroar|Intimidate|boost
|-fail|p2a: Mawile|unboost|Attack|[from] ability: Hyper Cutter|[of] p2a: Mawile
|-unboost|p2b: Talonflame|atk|1
|turn|1
|
|t:|1782351786
|detailschange|p2a: Mawile|Mawile-Mega, L50, F, shiny
|-mega|p2a: Mawile|Mawile|Mawilite
|move|p2b: Talonflame|Quick Guard|p2b: Talonflame
|-singleturn|p2b: Talonflame|Quick Guard
|move|p1b: Incineroar|Fake Out|p2a: Mawile
|-activate|p2a: Mawile|move: Quick Guard
|move|p2a: Mawile|Rock Slide|p1a: Kingambit|[spread] p1a,p1b
|-resisted|p1a: Kingambit|1
|-supereffective|p1b: Incineroar|1
|-damage|p1a: Kingambit|84/100
|-damage|p1b: Incineroar|41/100
|-enditem|p1b: Incineroar|Sitrus Berry|[eat]
|-heal|p1b: Incineroar|66/100|[from] item: Sitrus Berry
|move|p1a: Kingambit|Swords Dance|p1a: Kingambit
|-boost|p1a: Kingambit|atk|2
|
|upkeep
|turn|2
|
|t:|1782351815
|move|p2b: Talonflame|Brave Bird|p1b: Incineroar
|-damage|p1b: Incineroar|43/100
|-damage|p2b: Talonflame|90/100|[from] Recoil
|move|p2a: Mawile|Rock Slide|p1b: Incineroar|[spread] p1a,p1b
|-resisted|p1a: Kingambit|1
|-supereffective|p1b: Incineroar|1
|-damage|p1a: Kingambit|71/100
|-damage|p1b: Incineroar|0 fnt
|faint|p1b: Incineroar
|move|p1a: Kingambit|Kowtow Cleave|p2b: Talonflame
|-damage|p2b: Talonflame|0 fnt
|faint|p2b: Talonflame
|
|upkeep
|
|t:|1782351829
|switch|p2b: Quaquaval|Quaquaval, L50, F|100/100
|switch|p1b: Sinistcha|Sinistcha, L50|100/100
|-heal|p1a: Kingambit|95/100|[from] ability: Hospitality|[of] p1b: Sinistcha
|turn|3
|
|t:|1782351851
|move|p2b: Quaquaval|Protect|p2b: Quaquaval
|-singleturn|p2b: Quaquaval|Protect
|move|p1b: Sinistcha|Rage Powder|p1b: Sinistcha
|-singleturn|p1b: Sinistcha|move: Rage Powder
|move|p2a: Mawile|Swords Dance|p2a: Mawile
|-boost|p2a: Mawile|atk|2
|move|p1a: Kingambit|Kowtow Cleave|p2b: Quaquaval
|-activate|p2b: Quaquaval|move: Protect
|
|upkeep
|turn|4
|
|t:|1782351867
|switch|p2b: Quaquaval|Quaquaval, L50, F|100/100
|move|p2a: Mawile|Rock Slide|p1a: Kingambit|[spread] p1a,p1b
|-resisted|p1a: Kingambit|1
|-damage|p1a: Kingambit|67/100
|-damage|p1b: Sinistcha|34/100
|cant|p1a: Kingambit|flinch
|move|p1b: Sinistcha|Matcha Gotcha|p2b: Quaquaval|[spread] p2b
|-miss|p1b: Sinistcha|p2a: Mawile
|-damage|p2b: Quaquaval|44/100
|-heal|p1b: Sinistcha|55/100|[from] drain|[of] p2b: Quaquaval
|-status|p2b: Quaquaval|brn
|replace|p2b: Zoroark|Zoroark-Hisui, L50, F, shiny
|-end|p2b: Zoroark|Illusion
|
|-damage|p2b: Zoroark|38/100 brn|[from] brn
|upkeep
|turn|5
|
|t:|1782351891
|move|p2b: Zoroark|Protect|p2b: Zoroark
|-singleturn|p2b: Zoroark|Protect
|move|p1a: Kingambit|Protect|p1a: Kingambit
|-singleturn|p1a: Kingambit|Protect
|move|p2a: Mawile|Swords Dance|p2a: Mawile
|-boost|p2a: Mawile|atk|2
|move|p1b: Sinistcha|Matcha Gotcha|p2a: Mawile|[spread] p2a
|-activate|p2b: Zoroark|move: Protect
|-resisted|p2a: Mawile|1
|-damage|p2a: Mawile|78/100
|-heal|p1b: Sinistcha|62/100|[from] drain|[of] p2a: Mawile
|
|-damage|p2b: Zoroark|32/100 brn|[from] brn
|upkeep
|turn|6
|
|t:|1782351914
|move|p1b: Sinistcha|Rage Powder|p1b: Sinistcha
|-singleturn|p1b: Sinistcha|move: Rage Powder
|move|p2b: Zoroark|Taunt|p1b: Sinistcha
|-start|p1b: Sinistcha|move: Taunt
|move|p2a: Mawile|Rock Slide|p1a: Kingambit|[spread] p1a,p1b
|-resisted|p1a: Kingambit|1
|-damage|p1a: Kingambit|22/100
|-damage|p1b: Sinistcha|0 fnt
|faint|p1b: Sinistcha
|cant|p1a: Kingambit|flinch
|
|-damage|p2b: Zoroark|26/100 brn|[from] brn
|upkeep
|
|t:|1782351923
|switch|p1b: Basculegion|Basculegion, L50, M|100/100
|turn|7
|
|t:|1782351932
|move|p2b: Zoroark|Protect|p2b: Zoroark
|-singleturn|p2b: Zoroark|Protect
|move|p2a: Mawile|Protect|p2a: Mawile
|-singleturn|p2a: Mawile|Protect
|move|p1b: Basculegion|Aqua Jet|p2a: Mawile
|-activate|p2a: Mawile|move: Protect
|move|p1a: Kingambit|Sucker Punch||[still]
|-fail|p1a: Kingambit
|
|-damage|p2b: Zoroark|20/100y brn|[from] brn
|upkeep
|turn|8
|
|t:|1782351956
|move|p1b: Basculegion|Aqua Jet|p2b: Zoroark
|-damage|p2b: Zoroark|0 fnt
|faint|p2b: Zoroark
|move|p1a: Kingambit|Sucker Punch|p2a: Mawile
|-resisted|p2a: Mawile|1
|-damage|p2a: Mawile|24/100
|move|p2a: Mawile|Rock Slide|p1a: Kingambit|[spread] p1a,p1b
|-resisted|p1a: Kingambit|1
|-damage|p1a: Kingambit|0 fnt
|-damage|p1b: Basculegion|0 fnt
|faint|p1a: Kingambit
|faint|p1b: Basculegion
|
|win|martharia
|raw|lukashz's rating: 1214 → 1185(-29 for losing)
|raw|martharia's rating: 1156 → 1185(+29 for winning)
