|j|☆Tedi2002
|j|☆angusgrind13
|html|Tedi2002angusgrind13    
|uhtml|bestof|Game 2 of a best-of-3
|t:|1785062312
|gametype|doubles
|player|p1|Tedi2002|red|1211
|player|p2|angusgrind13|pokemonranger-gen4|1181
|gen|9
|tier|[Gen 9 Champions] VGC 2026 Reg M-B (Bo3)
|rated|
|rule|Species Clause: Limit one of each Pokémon
|rule|Item Clause: Limit 1 of each item
|clearpoke
|poke|p1|Raichu, L50, M|
|poke|p1|Blaziken, L50, M|
|poke|p1|Corviknight, L50, M, shiny|
|poke|p1|Ninetales-Alola, L50, F|
|poke|p1|Incineroar, L50, M|
|poke|p1|Basculegion, L50, M|
|poke|p2|Primarina, L50, F|
|poke|p2|Kingambit, L50, M|
|poke|p2|Froslass, L50, F|
|poke|p2|Sneasler, L50, F|
|poke|p2|Lycanroc-Dusk, L50, F|
|poke|p2|Dragonite, L50, M|
|teampreview|4
|showteam|p1|Raichu||RaichuniteY|LightningRod|ZapCannon,FocusBlast,FakeOut,Protect|Timid||M|||50|]Blaziken||Blazikenite|SpeedBoost|FlareBlitz,CloseCombat,RockSlide,Detect|Adamant||M|||50|]Corviknight||Leftovers|MirrorArmor|IronHead,Taunt,Tailwind,BulkUp|Adamant||M|||50|]Ninetales-Alola||NeverMeltIce|SnowWarning|Blizzard,FreezeDry,DazzlingGleam,Protect|Timid||F|||50|]Incineroar||ChopleBerry|Intimidate|DarkestLariat,FlareBlitz,FakeOut,PartingShot|Adamant||M|||50|]Basculegion||ChoiceScarf|SwiftSwim|WaveCrash,FlipTurn,AquaJet,LastRespects|Adamant||M|||50|
|showteam|p2|Primarina||LifeOrb|LiquidVoice|HyperVoice,Moonblast,Haze,Protect|Modest||F|||50|]Kingambit||BlackGlasses|Defiant|KowtowCleave,SuckerPunch,SwordsDance,Protect|Adamant||M|||50|]Froslass||Froslassite|CursedBody|Blizzard,ShadowBall,AuroraVeil,Protect|Timid||F|||50|]Sneasler||WhiteHerb|Unburden|GunkShot,CloseCombat,FakeOut,Protect|Adamant||F|||50|]Lycanroc-Dusk||FocusSash|ToughClaws|RockSlide,Accelerock,CloseCombat,Protect|Adamant||F|||50|]Dragonite||Dragoninite|Multiscale|DragonPulse,Flamethrower,Tailwind,Protect|Modest||M|||50|
|inactive|Battle timer is ON: inactive players will automatically lose when time's up. (requested by Tedi2002)
|inactive|angusgrind13 has 60 seconds left.
|
|t:|1785062348
|teamsize|p1|4
|teamsize|p2|4
|start
|switch|p1a: Raichu|Raichu, L50, M|100/100
|switch|p1b: Ninetales|Ninetales-Alola, L50, F|100/100
|switch|p2a: Froslass|Froslass, L50, F|100/100
|switch|p2b: Sneasler|Sneasler, L50, F|100/100
|-weather|Snowscape|[from] ability: Snow Warning|[of] p1b: Ninetales
|turn|1
|
|t:|1785062359
|detailschange|p2a: Froslass|Froslass-Mega, L50, F
|-mega|p2a: Froslass|Froslass|Froslassite
|detailschange|p1a: Raichu|Raichu-Mega-Y, L50, M
|-mega|p1a: Raichu|Raichu|Raichunite Y
|move|p1a: Raichu|Fake Out|p2b: Sneasler
|-damage|p2b: Sneasler|88/100
|cant|p2b: Sneasler|flinch
|move|p2a: Froslass|Aurora Veil|p2a: Froslass
|-sidestart|p2: angusgrind13|move: Aurora Veil
|move|p1b: Ninetales|Blizzard|p2b: Sneasler|[spread] p2a,p2b
|-resisted|p2a: Froslass|1
|-damage|p2a: Froslass|84/100
|-damage|p2b: Sneasler|60/100
|
|-weather|Snowscape|[upkeep]
|upkeep
|turn|2
|
|t:|1785062378
|move|p1a: Raichu|Zap Cannon|p2b: Sneasler
|-damage|p2b: Sneasler|11/100
|-status|p2b: Sneasler|par
|move|p2a: Froslass|Blizzard|p1b: Ninetales|[spread] p1a,p1b
|-resisted|p1b: Ninetales|1
|-damage|p1a: Raichu|41/100
|-damage|p1b: Ninetales|74/100
|move|p1b: Ninetales|Blizzard|p2a: Froslass|[spread] p2a,p2b
|-resisted|p2a: Froslass|1
|-damage|p2a: Froslass|71/100
|-damage|p2b: Sneasler|0 fnt
|faint|p2b: Sneasler
|
|-weather|Snowscape|[upkeep]
|upkeep
|
|t:|1785062389
|switch|p2b: Lycanroc|Lycanroc-Dusk, L50, F|100/100
|turn|3
|
|t:|1785062402
|move|p2b: Lycanroc|Accelerock|p1a: Raichu
|-damage|p1a: Raichu|0 fnt
|faint|p1a: Raichu
|move|p2a: Froslass|Shadow Ball|p1b: Ninetales
|-damage|p1b: Ninetales|20/100r
|move|p1b: Ninetales|Blizzard|p2a: Froslass|[spread] p2a,p2b
|-resisted|p2a: Froslass|1
|-damage|p2a: Froslass|56/100
|-damage|p2b: Lycanroc|56/100
|
|-weather|Snowscape|[upkeep]
|upkeep
|
|t:|1785062415
|switch|p1a: Incineroar|Incineroar, L50, M|100/100
|-ability|p1a: Incineroar|Intimidate|boost
|-unboost|p2a: Froslass|atk|1
|-unboost|p2b: Lycanroc|atk|1
|turn|4
|
|t:|1785062423
|switch|p2a: Kingambit|Kingambit, L50, M|100/100
|move|p2b: Lycanroc|Protect|p2b: Lycanroc
|-singleturn|p2b: Lycanroc|Protect
|move|p1a: Incineroar|Fake Out|p2b: Lycanroc
|-activate|p2b: Lycanroc|move: Protect
|move|p1b: Ninetales|Blizzard|p2b: Lycanroc|[spread] p2a
|-activate|p2b: Lycanroc|move: Protect
|-resisted|p2a: Kingambit|1
|-damage|p2a: Kingambit|86/100
|-status|p2a: Kingambit|frz
|
|-weather|Snowscape|[upkeep]
|upkeep
|turn|5
|
|t:|1785062440
|-curestatus|p2a: Kingambit|frz|[msg]
|move|p2a: Kingambit|Sucker Punch|p1b: Ninetales
|-resisted|p1b: Ninetales|1
|-damage|p1b: Ninetales|0 fnt
|faint|p1b: Ninetales
|move|p2b: Lycanroc|Rock Slide|p1a: Incineroar
|-supereffective|p1a: Incineroar|1
|-damage|p1a: Incineroar|51/100
|move|p1a: Incineroar|Flare Blitz|p2a: Kingambit
|-supereffective|p2a: Kingambit|1
|-damage|p2a: Kingambit|32/100
|-damage|p1a: Incineroar|33/100|[from] Recoil
|
|-weather|none
|-sideend|p2: angusgrind13|move: Aurora Veil
|upkeep
|
|t:|1785062454
|switch|p1b: Blaziken|Blaziken, L50, M|100/100
|turn|6
|
|t:|1785062461
|move|p1b: Blaziken|Detect|p1b: Blaziken
|-singleturn|p1b: Blaziken|Protect
|move|p2b: Lycanroc|Rock Slide|p1a: Incineroar|[spread] p1a
|-activate|p1b: Blaziken|move: Protect
|-supereffective|p1a: Incineroar|1
|-damage|p1a: Incineroar|0 fnt
|faint|p1a: Incineroar
|move|p2a: Kingambit|Swords Dance|p2a: Kingambit
|-boost|p2a: Kingambit|atk|2
|
|-ability|p1b: Blaziken|Speed Boost|boost
|-boost|p1b: Blaziken|spe|1
|upkeep
|turn|7
|
|t:|1785062475
|move|p2b: Lycanroc|Accelerock|p1b: Blaziken
|-crit|p1b: Blaziken
|-damage|p1b: Blaziken|38/100
|move|p2a: Kingambit|Sucker Punch|p1b: Blaziken
|-resisted|p1b: Blaziken|1
|-damage|p1b: Blaziken|0 fnt
|faint|p1b: Blaziken
|
|win|angusgrind13
|raw|Tedi2002's rating: 1211 → 1184(-27 for losing)
|raw|angusgrind13's rating: 1181 → 1208(+27 for winning)
