|j|☆seeyouatthetip
|j|☆Schroombert
|html|seeyouatthetipSchroombert    
|uhtml|bestof|Game 2 of a best-of-3
|t:|1756491861
|gametype|doubles
|player|p1|seeyouatthetip|hiker-gen4|1309
|player|p2|Schroombert|rancher|1313
|gen|9
|tier|[Gen 9] VGC 2025 Reg H (Bo3)
|rated|
|rule|Species Clause: Limit one of each Pokémon
|rule|Item Clause: Limit 1 of each item
|clearpoke
|poke|p1|Amoonguss, L50, M|
|poke|p1|Incineroar, L50, M|
|poke|p1|Gholdengo, L50|
|poke|p1|Annihilape, L50, M|
|poke|p1|Kingambit, L50, F|
|poke|p1|Dragonite, L50, F|
|poke|p2|Whimsicott, L50, M|
|poke|p2|Garchomp, L50, F|
|poke|p2|Gholdengo, L50|
|poke|p2|Incineroar, L50, M|
|poke|p2|Annihilape, L50, F|
|poke|p2|Dragonite, L50, F|
|teampreview|4
|showteam|p1|Amoonguss||SitrusBerry|Regenerator|Spore,RagePowder,SludgeBomb,Protect|||M|||50|,,,,,Fire]Incineroar||SafetyGoggles|Intimidate|FlareBlitz,FakeOut,PartingShot,KnockOff|||M|||50|,,,,,Ghost]Gholdengo||LifeOrb|GoodasGold|MakeItRain,ShadowBall,NastyPlot,Protect||||||50|,,,,,Steel]Annihilape||FocusSash|Defiant|CloseCombat,RageFist,Coaching,FinalGambit|||M|||50|,,,,,Grass]Kingambit||AssaultVest|Defiant|KowtowCleave,SuckerPunch,IronHead,LowKick|||F|||50|,,,,,Dark]Dragonite||LoadedDice|Multiscale|ScaleShot,ExtremeSpeed,Haze,Protect|||F|||50|,,,,,Fairy
|showteam|p2|Whimsicott||FocusSash|Prankster|Moonblast,Tailwind,Encore,Protect|||M|||50|,,,,,Ghost]Garchomp||LifeOrb|RoughSkin|Earthquake,DragonClaw,StompingTantrum,Protect|||F|||50|,,,,,Steel]Gholdengo||ChoiceSpecs|GoodasGold|MakeItRain,ShadowBall,Trick,Protect||||||50|,,,,,Steel]Incineroar||AssaultVest|Intimidate|FakeOut,FlareBlitz,KnockOff,Uturn|||M|||50|,,,,,Grass]Annihilape||PowerHerb|Defiant|CloseCombat,PhantomForce,Coaching,Protect|||F|||50|,,,,,Stellar]Dragonite||LoadedDice|InnerFocus|ScaleShot,Tailwind,Haze,Protect|||F|||50|,,,,,Fairy
|inactive|Battle timer is ON: inactive players will automatically lose when time's up. (requested by Schroombert)
|inactive|seeyouatthetip has 60 seconds left.
|inactive|Schroombert has 60 seconds left.
|
|t:|1756491902
|teamsize|p1|4
|teamsize|p2|4
|start
|switch|p1a: Annihilape|Annihilape, L50, M|100/100
|switch|p1b: Kingambit|Kingambit, L50, F, shiny|100/100
|switch|p2a: Annihilape|Annihilape, L50, F, shiny|100/100
|switch|p2b: Incineroar|Incineroar, L50, M, shiny|100/100
|-ability|p2b: Incineroar|Intimidate|boost
|-unboost|p1a: Annihilape|atk|1
|-ability|p1a: Annihilape|Defiant|boost
|-boost|p1a: Annihilape|atk|2
|-unboost|p1b: Kingambit|atk|1
|-ability|p1b: Kingambit|Defiant|boost
|-boost|p1b: Kingambit|atk|2
|turn|1
|inactive|seeyouatthetip has 30 seconds left.
|inactive|seeyouatthetip has 20 seconds left.
|inactive|seeyouatthetip has 15 seconds left.
|inactive|seeyouatthetip has 10 seconds left.
|inactive|seeyouatthetip has 5 seconds left.
|
|t:|1756491953
|move|p2b: Incineroar|Fake Out|p1b: Kingambit
|-resisted|p1b: Kingambit
|-damage|p1b: Kingambit|95/100
|cant|p1b: Kingambit|flinch
|move|p2a: Annihilape|Close Combat|p1b: Kingambit
|-supereffective|p1b: Kingambit
|-damage|p1b: Kingambit|0 fnt
|-unboost|p2a: Annihilape|def|1
|-unboost|p2a: Annihilape|spd|1
|faint|p1b: Kingambit
|move|p1a: Annihilape|Close Combat|p2b: Incineroar
|-supereffective|p2b: Incineroar
|-damage|p2b: Incineroar|0 fnt
|-unboost|p1a: Annihilape|def|1
|-unboost|p1a: Annihilape|spd|1
|faint|p2b: Incineroar
|
|upkeep
|
|t:|1756491969
|switch|p2b: Garchomp|Garchomp, L50, F, shiny|100/100
|switch|p1b: Dragonite|Dragonite, L50, F|100/100
|turn|2
|inactive|seeyouatthetip has 30 seconds left.
|
|t:|1756491996
|-terastallize|p2b: Garchomp|Steel
|-terastallize|p1b: Dragonite|Fairy
|move|p2b: Garchomp|Stomping Tantrum|p1a: Annihilape
|-damage|p1a: Annihilape|21/100
|-damage|p2b: Garchomp|91/100|[from] item: Life Orb
|move|p2a: Annihilape|Phantom Force||[still]
|-prepare|p2a: Annihilape|Phantom Force
|-enditem|p2a: Annihilape|Power Herb
|-anim|p2a: Annihilape|Phantom Force|p1a: Annihilape
|-supereffective|p1a: Annihilape
|-damage|p1a: Annihilape|0 fnt
|faint|p1a: Annihilape
|move|p1b: Dragonite|Scale Shot|p2a: Annihilape
|-damage|p2a: Annihilape|76/100
|-damage|p2a: Annihilape|50/100
|-damage|p2a: Annihilape|25/100
|-damage|p2a: Annihilape|2/100
|-hitcount|p2a: Annihilape|4
|-unboost|p1b: Dragonite|def|1
|-boost|p1b: Dragonite|spe|1
|
|upkeep
|
|t:|1756492008
|switch|p1a: Incineroar|Incineroar, L50, M|100/100
|-ability|p1a: Incineroar|Intimidate|boost
|-unboost|p2a: Annihilape|atk|1
|-ability|p2a: Annihilape|Defiant|boost
|-boost|p2a: Annihilape|atk|2
|-unboost|p2b: Garchomp|atk|1
|turn|3
|
|t:|1756492019
|move|p2b: Garchomp|Protect|p2b: Garchomp
|-singleturn|p2b: Garchomp|Protect
|move|p1b: Dragonite|Scale Shot|p2a: Annihilape
|-damage|p2a: Annihilape|0 fnt
|faint|p2a: Annihilape
|-hitcount|p2: Annihilape|1
|-unboost|p1b: Dragonite|def|1
|-boost|p1b: Dragonite|spe|1
|move|p1a: Incineroar|Flare Blitz|p2b: Garchomp
|-activate|p2b: Garchomp|move: Protect
|
|upkeep
|
|t:|1756492023
|switch|p2a: Gholdengo|Gholdengo, L50|100/100
|turn|4
|inactive|seeyouatthetip has 30 seconds left.
|
|t:|1756492057
|move|p1b: Dragonite|Protect|p1b: Dragonite
|-singleturn|p1b: Dragonite|Protect
|move|p2b: Garchomp|Stomping Tantrum|p1a: Incineroar
|-supereffective|p1a: Incineroar
|-damage|p1a: Incineroar|37/100
|-damage|p2b: Garchomp|81/100|[from] item: Life Orb
|move|p2a: Gholdengo|Make It Rain|p1b: Dragonite|[spread] p1a
|-activate|p1b: Dragonite|move: Protect
|-resisted|p1a: Incineroar
|-damage|p1a: Incineroar|9/100
|-unboost|p2a: Gholdengo|spa|1
|move|p1a: Incineroar|Flare Blitz|p2b: Garchomp
|-supereffective|p2b: Garchomp
|-damage|p2b: Garchomp|0 fnt
|-damage|p1a: Incineroar|0 fnt|[from] ability: Rough Skin|[of] p2b: Garchomp
|faint|p2b: Garchomp
|faint|p1a: Incineroar
|
|upkeep
|turn|5
|
|t:|1756492068
|move|p1b: Dragonite|Scale Shot|p2a: Gholdengo
|-resisted|p2a: Gholdengo
|-damage|p2a: Gholdengo|93/100
|-resisted|p2a: Gholdengo
|-damage|p2a: Gholdengo|85/100
|-resisted|p2a: Gholdengo
|-damage|p2a: Gholdengo|78/100
|-resisted|p2a: Gholdengo
|-damage|p2a: Gholdengo|70/100
|-hitcount|p2a: Gholdengo|4
|-unboost|p1b: Dragonite|def|1
|-boost|p1b: Dragonite|spe|1
|move|p2a: Gholdengo|Make It Rain|p1b: Dragonite
|-supereffective|p1b: Dragonite
|-damage|p1b: Dragonite|41/100
|-unboost|p2a: Gholdengo|spa|1
|
|upkeep
|turn|6
|
|t:|1756492077
|move|p1b: Dragonite|Scale Shot|p2a: Gholdengo
|-resisted|p2a: Gholdengo
|-damage|p2a: Gholdengo|63/100
|-resisted|p2a: Gholdengo
|-damage|p2a: Gholdengo|55/100
|-resisted|p2a: Gholdengo
|-damage|p2a: Gholdengo|47/100
|-resisted|p2a: Gholdengo
|-damage|p2a: Gholdengo|39/100
|-hitcount|p2a: Gholdengo|4
|-unboost|p1b: Dragonite|def|1
|-boost|p1b: Dragonite|spe|1
|move|p2a: Gholdengo|Make It Rain|p1b: Dragonite
|-supereffective|p1b: Dragonite
|-damage|p1b: Dragonite|0 fnt
|-unboost|p2a: Gholdengo|spa|1
|faint|p1b: Dragonite
|
|win|Schroombert
|raw|seeyouatthetip's rating: 1309 → 1289(-20 for losing)
|raw|Schroombert's rating: 1313 → 1333(+20 for winning)
|l|☆Schroombert
|player|p2|
