|j|☆cooledoregon
|j|☆NotThinkingVGC
|html|cooledoregonNotThinkingVGC    
|uhtml|bestof|Game 2 of a best-of-3
|t:|1783523316
|gametype|doubles
|player|p1|cooledoregon|169|1283
|player|p2|NotThinkingVGC|volkner|1323
|gen|9
|tier|[Gen 9 Champions] VGC 2026 Reg M-B (Bo3)
|rated|
|rule|Species Clause: Limit one of each Pokémon
|rule|Item Clause: Limit 1 of each item
|clearpoke
|poke|p1|Rotom-Wash, L50|
|poke|p1|Sneasler, L50, M|
|poke|p1|Froslass, L50, F|
|poke|p1|Glimmora, L50, F|
|poke|p1|Incineroar, L50, F|
|poke|p1|Sceptile, L50, F|
|poke|p2|Delphox, L50, F|
|poke|p2|Incineroar, L50, F|
|poke|p2|Maushold-Four, L50|
|poke|p2|Sinistcha, L50|
|poke|p2|Sneasler, L50, F|
|poke|p2|Blastoise, L50, M|
|teampreview|4
|showteam|p1|Rotom-Wash||ChoiceScarf|Levitate|VoltSwitch,Electroweb,HydroPump,Discharge|Timid|||||50|]Sneasler||WhiteHerb|Unburden|FakeOut,DireClaw,CloseCombat,Protect|Jolly||M|||50|]Froslass||Froslassite|CursedBody|ShadowBall,Blizzard,AuroraVeil,Protect|Timid||F|||50|]Glimmora||FocusSash|ToxicDebris|PowerGem,EarthPower,SludgeBomb,SpikyShield|Timid||F|||50|]Incineroar||SitrusBerry|Intimidate|PartingShot,FakeOut,Snarl,FlareBlitz|Careful||F|||50|]Sceptile||Sceptilite|Overgrow|EarthPower,DragonPulse,GigaDrain,Protect|Timid||F|||50|
|showteam|p2|Delphox||Delphoxite|Blaze|HeatWave,Psychic,NastyPlot,Protect|Timid||F|||50|]Incineroar||PasshoBerry|Intimidate|ThroatChop,FlareBlitz,PartingShot,FakeOut|Impish||F|||50|]Maushold-Four||ChopleBerry|FriendGuard|FollowMe,Feint,HelpingHand,Protect|Impish|||||50|]Sinistcha||KasibBerry|Hospitality|Protect,MatchaGotcha,LifeDew,RagePowder|Bold|||||50|]Sneasler||FocusSash|PoisonTouch|PoisonJab,CloseCombat,FakeOut,QuickGuard|Jolly||F|||50|]Blastoise||Blastoisinite|RainDish|Protect,WaterSpout,DarkPulse,ShellSmash|Modest||M|||50|
|inactive|Battle timer is ON: inactive players will automatically lose when time's up. (requested by cooledoregon)
|inactive|NotThinkingVGC also wants the timer to be on.
|inactive|cooledoregon has 60 seconds left.
|
|t:|1783523352
|teamsize|p1|4
|teamsize|p2|4
|start
|switch|p1a: La Pallina|Glimmora, L50, F|100/100
|switch|p1b: Marta|Sneasler, L50, M|100/100
|switch|p2a: Blastoise|Blastoise, L50, M|100/100
|switch|p2b: Sneasler|Sneasler, L50, F|100/100
|turn|1
|inactive|NotThinkingVGC has 30 seconds left.
|
|t:|1783523378
|switch|p2b: Sinistcha|Sinistcha, L50|100/100
|switch|p1a: Incineroar|Incineroar, L50, F|100/100
|-ability|p1a: Incineroar|Intimidate|boost
|-unboost|p2a: Blastoise|atk|1
|-unboost|p2b: Sinistcha|atk|1
|detailschange|p2a: Blastoise|Blastoise-Mega, L50, M
|-mega|p2a: Blastoise|Blastoise|Blastoisinite
|move|p2a: Blastoise|Protect|p2a: Blastoise
|-singleturn|p2a: Blastoise|Protect
|move|p1b: Marta|Fake Out|p2a: Blastoise
|-activate|p2a: Blastoise|move: Protect
|
|upkeep
|turn|2
|inactive|NotThinkingVGC has 30 seconds left.
|
|t:|1783523409
|switch|p1b: Froslass|Froslass, L50, F|100/100
|move|p1a: Incineroar|Fake Out|p2a: Blastoise
|-damage|p2a: Blastoise|89/100
|move|p2b: Sinistcha|Rage Powder|p2b: Sinistcha
|-singleturn|p2b: Sinistcha|move: Rage Powder
|cant|p2a: Blastoise|flinch
|
|upkeep
|turn|3
|inactive|NotThinkingVGC has 30 seconds left.
|
|t:|1783523438
|switch|p2b: Incineroar|Incineroar, L50, F|100/100
|-ability|p2b: Incineroar|Intimidate|boost
|-unboost|p1a: Incineroar|atk|1
|-unboost|p1b: Froslass|atk|1
|detailschange|p1b: Froslass|Froslass-Mega, L50, F
|-mega|p1b: Froslass|Froslass|Froslassite
|-weather|Snowscape|[from] ability: Snow Warning|[of] p1b: Froslass
|move|p1b: Froslass|Blizzard|p2a: Blastoise|[spread] p2a,p2b
|-resisted|p2a: Blastoise|1
|-resisted|p2b: Incineroar|1
|-damage|p2a: Blastoise|66/100
|-damage|p2b: Incineroar|80/100
|move|p2a: Blastoise|Shell Smash|p2a: Blastoise
|-unboost|p2a: Blastoise|def|1
|-unboost|p2a: Blastoise|spd|1
|-boost|p2a: Blastoise|atk|2
|-boost|p2a: Blastoise|spa|2
|-boost|p2a: Blastoise|spe|2
|move|p1a: Incineroar|Parting Shot|p2a: Blastoise
|-unboost|p2a: Blastoise|atk|1
|-unboost|p2a: Blastoise|spa|1
|
|t:|1783523454
|switch|p1a: Marta|Sneasler, L50, M|100/100|[from] Parting Shot
|
|-weather|Snowscape|[upkeep]
|upkeep
|turn|4
|inactive|cooledoregon has 30 seconds left.
|
|t:|1783523483
|move|p2a: Blastoise|Protect|p2a: Blastoise
|-singleturn|p2a: Blastoise|Protect
|move|p1a: Marta|Fake Out|p2a: Blastoise
|-activate|p2a: Blastoise|move: Protect
|move|p1b: Froslass|Aurora Veil|p1b: Froslass
|-sidestart|p1: cooledoregon|move: Aurora Veil
|move|p2b: Incineroar|Parting Shot|p1b: Froslass
|-unboost|p1b: Froslass|atk|1
|-unboost|p1b: Froslass|spa|1
|
|t:|1783523499
|switch|p2b: Sinistcha|Sinistcha, L50|100/100|[from] Parting Shot
|-heal|p2a: Blastoise|91/100|[from] ability: Hospitality|[of] p2b: Sinistcha
|
|-weather|Snowscape|[upkeep]
|upkeep
|turn|5
|inactive|NotThinkingVGC has 30 seconds left.
|inactive|NotThinkingVGC has 20 seconds left.
|
|t:|1783523535
|switch|p1b: Incineroar|Incineroar, L50, F|100/100
|-ability|p1b: Incineroar|Intimidate|boost
|-unboost|p2a: Blastoise|atk|1
|-unboost|p2b: Sinistcha|atk|1
|move|p2b: Sinistcha|Rage Powder|p2b: Sinistcha
|-singleturn|p2b: Sinistcha|move: Rage Powder
|move|p2a: Blastoise|Water Spout|p1b: Incineroar|[spread] p1a,p1b
|-supereffective|p1b: Incineroar|1
|-damage|p1a: Marta|24/100
|-damage|p1b: Incineroar|4/100
|-enditem|p1b: Incineroar|Sitrus Berry|[eat]
|-heal|p1b: Incineroar|29/100|[from] item: Sitrus Berry
|move|p1a: Marta|Dire Claw|p2b: Sinistcha
|-damage|p2b: Sinistcha|63/100
|
|-weather|Snowscape|[upkeep]
|upkeep
|turn|6
|
|t:|1783523558
|switch|p1a: La Pallina|Glimmora, L50, F|100/100
|move|p2a: Blastoise|Protect|p2a: Blastoise
|-singleturn|p2a: Blastoise|Protect
|move|p2b: Sinistcha|Protect|p2b: Sinistcha
|-singleturn|p2b: Sinistcha|Protect
|move|p1b: Incineroar|Parting Shot|p2b: Sinistcha
|-activate|p2b: Sinistcha|move: Protect
|
|-weather|Snowscape|[upkeep]
|upkeep
|turn|7
|inactive|cooledoregon has 30 seconds left.
|
|t:|1783523588
|move|p2b: Sinistcha|Rage Powder|p2b: Sinistcha
|-singleturn|p2b: Sinistcha|move: Rage Powder
|move|p2a: Blastoise|Water Spout|p1a: La Pallina|[spread] p1a,p1b
|-supereffective|p1a: La Pallina|1
|-supereffective|p1b: Incineroar|1
|-enditem|p1a: La Pallina|Focus Sash
|-damage|p1a: La Pallina|1/100
|-damage|p1b: Incineroar|0 fnt
|faint|p1b: Incineroar
|move|p1a: La Pallina|Sludge Bomb|p2b: Sinistcha
|-damage|p2b: Sinistcha|15/100
|
|-weather|none
|upkeep
|
|t:|1783523601
|switch|p1b: Froslass|Froslass-Mega, L50, F|100/100
|-weather|Snowscape|[from] ability: Snow Warning|[of] p1b: Froslass
|turn|8
|
|t:|1783523611
|switch|p2b: Incineroar|Incineroar, L50, F|80/100
|-ability|p2b: Incineroar|Intimidate|boost
|-unboost|p1a: La Pallina|atk|1
|-unboost|p1b: Froslass|atk|1
|move|p2a: Blastoise|Water Spout|p1a: La Pallina|[spread] p1a,p1b
|-supereffective|p1a: La Pallina|1
|-crit|p1a: La Pallina
|-damage|p1a: La Pallina|0 fnt
|-damage|p1b: Froslass|21/100
|faint|p1a: La Pallina
|move|p1b: Froslass|Blizzard|p2b: Incineroar|[spread] p2a,p2b
|-resisted|p2a: Blastoise|1
|-resisted|p2b: Incineroar|1
|-damage|p2a: Blastoise|58/100
|-damage|p2b: Incineroar|62/100
|
|-weather|Snowscape|[upkeep]
|-sideend|p1: cooledoregon|move: Aurora Veil
|upkeep
|
|t:|1783523619
|switch|p1a: Marta|Sneasler, L50, M|24/100
|turn|9
|
|t:|1783523627
|switch|p2b: Sinistcha|Sinistcha, L50|15/100
|-heal|p2a: Blastoise|83/100|[from] ability: Hospitality|[of] p2b: Sinistcha
|move|p2a: Blastoise|Protect|p2a: Blastoise
|-singleturn|p2a: Blastoise|Protect
|move|p1b: Froslass|Blizzard|p2b: Sinistcha|[spread] p2b
|-activate|p2a: Blastoise|move: Protect
|-supereffective|p2b: Sinistcha|1
|-damage|p2b: Sinistcha|0 fnt
|faint|p2b: Sinistcha
|move|p1a: Marta|Close Combat|p2a: Blastoise
|-activate|p2a: Blastoise|move: Protect
|
|-weather|Snowscape|[upkeep]
|upkeep
|
|t:|1783523635
|switch|p2b: Sneasler|Sneasler, L50, F|100/100
|turn|10
|
|t:|1783523643
|move|p1b: Froslass|Protect|p1b: Froslass
|-singleturn|p1b: Froslass|Protect
|move|p1a: Marta|Protect|p1a: Marta
|-singleturn|p1a: Marta|Protect
|move|p2b: Sneasler|Fake Out|p1a: Marta
|-activate|p1a: Marta|move: Protect
|move|p2a: Blastoise|Water Spout|p1a: Marta|[spread] 
|-activate|p1a: Marta|move: Protect
|-activate|p1b: Froslass|move: Protect
|
|-weather|Snowscape|[upkeep]
|upkeep
|turn|11
|
|t:|1783523665
|move|p2a: Blastoise|Water Spout|p1b: Froslass|[spread] p1a,p1b
|-damage|p1a: Marta|0 fnt
|-damage|p1b: Froslass|0 fnt
|faint|p1a: Marta
|faint|p1b: Froslass
|
|win|NotThinkingVGC
|raw|cooledoregon's rating: 1283 → 1261(-22 for losing)
|raw|NotThinkingVGC's rating: 1323 → 1341(+18 for winning)
