|j|☆LostAzi
|j|☆GoofyGifts
|html|LostAziGoofyGifts    
|uhtml|bestof|Game 1 of a best-of-3
|t:|1756786684
|gametype|doubles
|player|p1|LostAzi|roxie|
|player|p2|GoofyGifts|blue|
|gen|9
|tier|[Gen 9] VGC 2025 Reg H (Bo3)
|rule|Species Clause: Limit one of each Pokémon
|rule|Item Clause: Limit 1 of each item
|clearpoke
|poke|p1|Incineroar, L50, F|
|poke|p1|Dragonite, L50, M|
|poke|p1|Gholdengo, L50|
|poke|p1|Amoonguss, L50, F|
|poke|p1|Sneasler, L50, F|
|poke|p1|Ursaluna-Bloodmoon, L50, M|
|poke|p2|Indeedee, L50, M|
|poke|p2|Drifblim, L50, M|
|poke|p2|Volcarona, L50, F|
|poke|p2|Kommo-o, L50, M|
|poke|p2|Toxtricity, L50, M|
|poke|p2|Hydreigon, L50, M|
|teampreview|4
|showteam|p1|Incineroar||SafetyGoggles|Intimidate|FlareBlitz,KnockOff,FakeOut,PartingShot|||F|||50|,,,,,Ghost]Dragonite||LoadedDice|Multiscale|ScaleShot,Tailwind,Haze,Protect|||M|||50|,,,,,Fairy]Gholdengo||LifeOrb|GoodasGold|MakeItRain,NastyPlot,ShadowBall,Protect||||||50|,,,,,Water]Amoonguss||SitrusBerry|Regenerator|PollenPuff,Spore,RagePowder,Protect|||F|||50|,,,,,Psychic]Sneasler||FocusSash|Unburden|CloseCombat,DireClaw,ThroatChop,Protect|||F|||50|,,,,,Stellar]Ursaluna-Bloodmoon||AssaultVest|MindsEye|HyperVoice,BloodMoon,EarthPower,VacuumWave|||M|||50|,,,,,Water
|showteam|p2|Indeedee||FocusSash|PsychicSurge|ExpandingForce,TeraBlast,Imprison,TrickRoom|||M|||50|,,,,,Ground]Drifblim||PsychicSeed|Unburden|Acrobatics,WillOWisp,StrengthSap,Tailwind|||M|||50|,,,,,Grass]Volcarona||LifeOrb|FlameBody|BugBuzz,HeatWave,TeraBlast,Protect|||F|||50|,,,,,Fairy]Kommo-o||Leftovers|Soundproof|BodyPress,Flamethrower,IronDefense,Protect|||M|||50|,,,,,Fire]Toxtricity||ChoiceSpecs|PunkRock|Overdrive,Boomburst,SludgeBomb,VoltSwitch|||M|||50|,,,,,Normal]Hydreigon||AssaultVest|Levitate|DarkPulse,DracoMeteor,EarthPower,Snarl|||M|||50|,,,,,Ghost
|inactive|Battle timer is ON: inactive players will automatically lose when time's up. (requested by LostAzi)
|inactive|LostAzi has 60 seconds left.
|inactive|GoofyGifts has 60 seconds left.
|
|t:|1756786752
|teamsize|p1|4
|teamsize|p2|4
|start
|switch|p1a: Amoonguss|Amoonguss, L50, F, shiny|100/100
|switch|p1b: Gholdengo|Gholdengo, L50, shiny|100/100
|switch|p2a: Grooker|Toxtricity, L50, M, shiny|100/100
|switch|p2b: King dedede|Indeedee, L50, M|100/100
|-fieldstart|move: Psychic Terrain|[from] ability: Psychic Surge|[of] p2b: King dedede
|turn|1
|inactive|GoofyGifts has 30 seconds left.
|
|t:|1756786781
|-terastallize|p2b: King dedede|Ground
|move|p2b: King dedede|Tera Blast|p1b: Gholdengo|[anim] Tera Blast Ground
|-supereffective|p1b: Gholdengo
|-damage|p1b: Gholdengo|28/100
|move|p1b: Gholdengo|Nasty Plot|p1b: Gholdengo
|-boost|p1b: Gholdengo|spa|2
|move|p2a: Grooker|Overdrive|p1b: Gholdengo|[spread] p1a,p1b
|-resisted|p1a: Amoonguss
|-damage|p1a: Amoonguss|77/100
|-damage|p1b: Gholdengo|0 fnt
|faint|p1b: Gholdengo
|move|p1a: Amoonguss|Spore|p2a: Grooker
|-status|p2a: Grooker|slp|[from] move: Spore
|
|upkeep
|
|t:|1756786797
|switch|p1b: Ursaluna|Ursaluna-Bloodmoon, L50, M|100/100
|turn|2
|inactive|GoofyGifts has 30 seconds left.
|
|t:|1756786823
|switch|p2a: Bowser|Hydreigon, L50, M|100/100
|move|p1a: Amoonguss|Rage Powder|p1a: Amoonguss
|-singleturn|p1a: Amoonguss|move: Rage Powder
|move|p2b: King dedede|Expanding Force|p1a: Amoonguss|[spread] p1a,p1b
|-supereffective|p1a: Amoonguss
|-damage|p1a: Amoonguss|0 fnt
|-damage|p1b: Ursaluna|64/100
|faint|p1a: Amoonguss
|move|p1b: Ursaluna|Blood Moon|p2b: King dedede
|-enditem|p2b: King dedede|Focus Sash
|-damage|p2b: King dedede|1/100
|
|upkeep
|
|t:|1756786835
|switch|p1a: Sneasler|Sneasler, L50, F, shiny|100/100
|turn|3
|
|t:|1756786857
|move|p1a: Sneasler|Close Combat|p2a: Bowser
|-supereffective|p2a: Bowser
|-damage|p2a: Bowser|0 fnt
|-unboost|p1a: Sneasler|def|1
|-unboost|p1a: Sneasler|spd|1
|faint|p2a: Bowser
|move|p2b: King dedede|Tera Blast|p1a: Sneasler|[anim] Tera Blast Ground
|-supereffective|p1a: Sneasler
|-enditem|p1a: Sneasler|Focus Sash
|-damage|p1a: Sneasler|1/100
|move|p1b: Ursaluna|Hyper Voice|p2b: King dedede
|-damage|p2b: King dedede|0 fnt
|faint|p2b: King dedede
|
|upkeep
|
|t:|1756786870
|switch|p2b: Grooker|Toxtricity, L50, M, shiny|100/100 slp
|switch|p2a: White bird|Volcarona, L50, F|100/100
|turn|4
|inactive|LostAzi has 30 seconds left.
|
|t:|1756786902
|-terastallize|p1a: Sneasler|Stellar
|move|p1a: Sneasler|Dire Claw|p2a: White bird
|-damage|p2a: White bird|17/100
|-status|p1a: Sneasler|brn|[from] ability: Flame Body|[of] p2a: White bird
|move|p2a: White bird|Bug Buzz|p1b: Ursaluna
|-damage|p1b: Ursaluna|27/100
|-unboost|p1b: Ursaluna|spd|1
|-damage|p2a: White bird|7/100|[from] item: Life Orb
|cant|p2b: Grooker|slp
|move|p1b: Ursaluna|Blood Moon|p2a: White bird
|-damage|p2a: White bird|0 fnt
|faint|p2a: White bird
|
|-damage|p1a: Sneasler|0 fnt|[from] brn
|faint|p1a: Sneasler
|upkeep
|turn|5
|
|t:|1756786923
|-curestatus|p2b: Grooker|slp|[msg]
|move|p2b: Grooker|Boomburst|p1b: Ursaluna
|-damage|p1b: Ursaluna|0 fnt
|faint|p1b: Ursaluna
|
|win|GoofyGifts
||LostAzi is ready for game 2.
||GoofyGifts is ready for game 2.
|uhtml|next|Next: Game 2 of 3
