|j|☆AwesomeT07
|j|☆ataba
|html|AwesomeT07ataba    
|uhtml|bestof|Game 2 of a best-of-3
|t:|1784769478
|gametype|doubles
|player|p1|AwesomeT07|169|
|player|p2|ataba|acetrainer-gen4dp|
|gen|9
|tier|[Gen 9 Champions] VGC 2026 Reg M-B (Bo3)
|rule|Species Clause: Limit one of each Pokémon
|rule|Item Clause: Limit 1 of each item
|clearpoke
|poke|p1|Dragalge, L50, F, shiny|
|poke|p1|Sinistcha, L50, shiny|
|poke|p1|Hatterene, L50, F, shiny|
|poke|p1|Rotom-Frost, L50, shiny|
|poke|p1|Steelix, L50, M, shiny|
|poke|p1|Scrafty, L50, M, shiny|
|poke|p2|Starmie, L50|
|poke|p2|Floette-Eternal, L50, F|
|poke|p2|Ariados, L50, M|
|poke|p2|Kingambit, L50, F|
|poke|p2|Rotom-Heat, L50|
|poke|p2|Chimecho, L50, M|
|teampreview|4
|showteam|p1|Dragalge||PayapaBerry|Adaptability|Protect,IcyWind,SludgeBomb,HydroPump|Quiet||F|||50|]Sinistcha||ColburBerry|Hospitality|TrickRoom,MatchaGotcha,Protect,CalmMind|Relaxed|||||50|]Hatterene||SitrusBerry|MagicBounce|DazzlingGleam,HealPulse,TrickRoom,Protect|Sassy||F|||50|]Rotom-Frost||ChoiceScarf|Levitate|Protect,Blizzard,Discharge,Trick|Timid|||||50|]Steelix||PasshoBerry|SheerForce|Earthquake,Protect,WideGuard,IronTail|Relaxed||M|||50|]Scrafty||Scraftinite|Intimidate|DrainPunch,FakeOut,KnockOff,Protect|Brave||M|||50|
|showteam|p2|Starmie||Starminite|Analytic|Scald,IceBeam,DazzlingGleam,AllySwitch|Modest|||||50|]Floette-Eternal||Floettite|FlowerVeil|CalmMind,LightofRuin,DazzlingGleam,Protect|Timid||F|||50|]Ariados||PayapaBerry|Sniper|FocusEnergy,ShadowSneak,LeechLife,Protect|Brave||M|||50|]Kingambit||ChopleBerry|Defiant|SuckerPunch,IronHead,KowtowCleave,Protect|Brave||F|||50|]Rotom-Heat||Charcoal|Levitate|Overheat,NastyPlot,Protect,VoltSwitch|Modest|||||50|]Chimecho||Leftovers|Levitate|Imprison,DazzlingGleam,HelpingHand,TrickRoom|Timid||M|||50|
|j| bugcatcherjinsoul
|j| Brolax
|j| AE_Elite07
|l| bugcatcherjinsoul
|
|t:|1784769535
|teamsize|p1|4
|teamsize|p2|4
|start
|switch|p1a: Rotom|Rotom-Frost, L50, shiny|100/100
|switch|p1b: Steelix|Steelix, L50, M, shiny|100/100
|switch|p2a: Lillymon|Floette-Eternal, L50, F|100/100
|switch|p2b: Come Correct|Chimecho, L50, M|100/100
|turn|1
|j| bugcatcherjinsoul
|c| Brolax|Oh shit. Tabares is getting serious. Chimecho is here
|c|☆ataba|better come correct
|
|t:|1784769592
|move|p2a: Lillymon|Protect|p2a: Lillymon
|-singleturn|p2a: Lillymon|Protect
|move|p1a: Rotom|Discharge|p2a: Lillymon|[spread] p2b
|-activate|p2a: Lillymon|move: Protect
|-immune|p1b: Steelix
|-damage|p2b: Come Correct|71/100
|-status|p2b: Come Correct|par
|cant|p2b: Come Correct|par
|move|p1b: Steelix|Earthquake|p2a: Lillymon|[spread] 
|-activate|p2a: Lillymon|move: Protect
|-immune|p1a: Rotom|[from] ability: Levitate
|-immune|p2b: Come Correct|[from] ability: Levitate
|
|-heal|p2b: Come Correct|77/100 par|[from] item: Leftovers
|upkeep
|turn|2
|c|☆ataba|oof
|
|t:|1784769690
|detailschange|p2a: Lillymon|Floette-Mega, L50, F
|-mega|p2a: Lillymon|Floette|Floettite
|-ability|p2a: Lillymon|Fairy Aura
|move|p2b: Come Correct|Helping Hand|p2a: Lillymon
|-singleturn|p2a: Lillymon|Helping Hand|[of] p2b: Come Correct
|move|p1a: Rotom|Discharge|p2b: Come Correct|[spread] p2a,p2b
|-immune|p1b: Steelix
|-damage|p2a: Lillymon|75/100
|-damage|p2b: Come Correct|47/100 par
|move|p2a: Lillymon|Dazzling Gleam|p1b: Steelix|[spread] p1a,p1b
|-resisted|p1b: Steelix|1
|-damage|p1a: Rotom|0 fnt
|-damage|p1b: Steelix|51/100
|faint|p1a: Rotom
|move|p1b: Steelix|Iron Tail|p2a: Lillymon|[miss]
|-miss|p1b: Steelix|p2a: Lillymon
|
|-heal|p2b: Come Correct|53/100 par|[from] item: Leftovers
|upkeep
|c| Brolax|Jesus
|c|☆ataba|oh baby
|c| Brolax|oof
|
|t:|1784769710
|switch|p1a: Sinistcha|Sinistcha, L50, shiny|100/100
|-heal|p1b: Steelix|75/100|[from] ability: Hospitality|[of] p1a: Sinistcha
|turn|3
|c|☆ataba|thank god tom has no eyes
|c| Brolax|Tom's pokemon need glasses bad
|c| Brolax|Why iron tail over iron head?
|c|☆AwesomeT07|idk more dmg more better just didnt bring eyes today
|c|☆AwesomeT07|i simply should choose to hit
|
|t:|1784769764
|move|p2b: Come Correct|Helping Hand|p2a: Lillymon
|-singleturn|p2a: Lillymon|Helping Hand|[of] p2b: Come Correct
|move|p1b: Steelix|Wide Guard|p1b: Steelix
|-singleturn|p1b: Steelix|Wide Guard
|move|p2a: Lillymon|Light of Ruin|p1b: Steelix
|-resisted|p1b: Steelix|1
|-damage|p1b: Steelix|0 fnt
|faint|p1b: Steelix
|-damage|p2a: Lillymon|30/100|[from] Recoil
|move|p1a: Sinistcha|Trick Room|p1a: Sinistcha
|-fieldstart|move: Trick Room|[of] p1a: Sinistcha
|
|-heal|p2b: Come Correct|59/100 par|[from] item: Leftovers
|upkeep
|
|t:|1784769776
|switch|p1b: Dragalge|Dragalge, L50, F, shiny|100/100
|turn|4
|
|t:|1784769790
|move|p2a: Lillymon|Protect|p2a: Lillymon
|-singleturn|p2a: Lillymon|Protect
|move|p1b: Dragalge|Sludge Bomb|p2a: Lillymon
|-activate|p2a: Lillymon|move: Protect
|move|p1a: Sinistcha|Calm Mind|p1a: Sinistcha
|-boost|p1a: Sinistcha|spa|1
|-boost|p1a: Sinistcha|spd|1
|move|p2b: Come Correct|Trick Room|p2b: Come Correct
|-fieldend|move: Trick Room
|
|-heal|p2b: Come Correct|65/100 par|[from] item: Leftovers
|upkeep
|turn|5
|c| Brolax|Damn, good idea to bring wide guard on the set, but rough outcome
|c| Brolax|also didn't know steelix got it
|
|t:|1784769831
|move|p1b: Dragalge|Protect|p1b: Dragalge
|-singleturn|p1b: Dragalge|Protect
|move|p2a: Lillymon|Light of Ruin|p1b: Dragalge
|-activate|p1b: Dragalge|move: Protect
|move|p1a: Sinistcha|Matcha Gotcha|p2a: Lillymon|[spread] p2a,p2b
|-damage|p2a: Lillymon|0 fnt
|-damage|p2b: Come Correct|29/100 par
|faint|p2a: Lillymon
|move|p2b: Come Correct|Imprison|p2b: Come Correct
|-start|p2b: Come Correct|move: Imprison
|
|-heal|p2b: Come Correct|35/100 par|[from] item: Leftovers
|upkeep
|
|t:|1784769859
|switch|p2a: Its Always Leg Day|Starmie, L50|100/100
|turn|6
|
|t:|1784769878
|move|p2b: Come Correct|Helping Hand|p2a: Its Always Leg Day
|-singleturn|p2a: Its Always Leg Day|Helping Hand|[of] p2b: Come Correct
|move|p2a: Its Always Leg Day|Ice Beam|p1b: Dragalge
|-supereffective|p1b: Dragalge|1
|-damage|p1b: Dragalge|30/100
|move|p1a: Sinistcha|Matcha Gotcha|p2a: Its Always Leg Day|[spread] p2a,p2b
|-supereffective|p2a: Its Always Leg Day|1
|-damage|p2a: Its Always Leg Day|9/100
|-damage|p2b: Come Correct|1/100 par
|move|p1b: Dragalge|Sludge Bomb|p2a: Its Always Leg Day
|-damage|p2a: Its Always Leg Day|0 fnt
|faint|p2a: Its Always Leg Day
|
|-heal|p2b: Come Correct|6/100 par|[from] item: Leftovers
|upkeep
|
|t:|1784769892
|switch|p2a: Deja Vu|Kingambit, L50, F|100/100
|turn|7
|
|t:|1784769950
|move|p2b: Come Correct|Helping Hand|p2a: Deja Vu
|-singleturn|p2a: Deja Vu|Helping Hand|[of] p2b: Come Correct
|move|p1b: Dragalge|Protect|p1b: Dragalge
|-singleturn|p1b: Dragalge|Protect
|move|p2a: Deja Vu|Sucker Punch||[still]
|-fail|p2a: Deja Vu
|move|p1a: Sinistcha|Matcha Gotcha|p2b: Come Correct|[spread] p2a,p2b
|-resisted|p2a: Deja Vu|1
|-damage|p2a: Deja Vu|83/100
|-damage|p2b: Come Correct|0 fnt
|faint|p2b: Come Correct
|
|upkeep
|turn|8
|c|☆ataba|ahh gg
|c| Brolax|great call
|c| Brolax|still not sure it's over with that damage
|
|t:|1784769977
|move|p2a: Deja Vu|Sucker Punch|p1b: Dragalge
|-damage|p1b: Dragalge|0 fnt
|faint|p1b: Dragalge
|move|p1a: Sinistcha|Matcha Gotcha|p2a: Deja Vu
|-resisted|p2a: Deja Vu|1
|-damage|p2a: Deja Vu|57/100
|
|upkeep
|turn|9
|
|t:|1784769990
|move|p1a: Sinistcha|Matcha Gotcha|p2a: Deja Vu
|-resisted|p2a: Deja Vu|1
|-damage|p2a: Deja Vu|36/100
|move|p2a: Deja Vu|Kowtow Cleave|p1a: Sinistcha
|-supereffective|p1a: Sinistcha|1
|-enditem|p1a: Sinistcha|Colbur Berry|[eat]
|-enditem|p1a: Sinistcha|Colbur Berry|[weaken]
|-damage|p1a: Sinistcha|64/100
|
|upkeep
|turn|10
|
|t:|1784770001
|move|p1a: Sinistcha|Matcha Gotcha|p2a: Deja Vu
|-resisted|p2a: Deja Vu|1
|-damage|p2a: Deja Vu|11/100
|-heal|p1a: Sinistcha|79/100|[from] drain|[of] p2a: Deja Vu
|move|p2a: Deja Vu|Kowtow Cleave|p1a: Sinistcha
|-supereffective|p1a: Sinistcha|1
|-damage|p1a: Sinistcha|14/100
|
|upkeep
|turn|11
|c|☆ataba|needs a burn
|
|t:|1784770014
|move|p2a: Deja Vu|Sucker Punch|p1a: Sinistcha
|-supereffective|p1a: Sinistcha|1
|-damage|p1a: Sinistcha|0 fnt
|faint|p1a: Sinistcha
|
|win|ataba
|c|☆ataba|dang
|c|☆ataba|close one
|c|☆ataba|gg
|c| Brolax|damn, missed iron tail mattered so much
|c|☆AwesomeT07|yea ima chop that up to extremely bad luck
|l| bugcatcherjinsoul
|c|☆AwesomeT07|i definitely shouldve won both i think lol
|c|☆ataba|fr your team had no eyes
|c|☆AwesomeT07|i dont have to post videos now though dub
|c|☆AwesomeT07|ggs :)
|l|☆AwesomeT07
|player|p1|
|c|☆ataba|that's pokemon baby
