|j|☆scaccabarozzivgc
|j|☆PippoLungoCalzino
|html|scaccabarozzivgcPippoLungoCalzino    
|uhtml|bestof|Game 3 of a best-of-3
|t:|1756467256
|gametype|doubles
|player|p1|scaccabarozzivgc|harlequin|1109
|player|p2|PippoLungoCalzino|hugh|1132
|gen|9
|tier|[Gen 9] VGC 2025 Reg H (Bo3)
|rated|
|rule|Species Clause: Limit one of each Pokémon
|rule|Item Clause: Limit 1 of each item
|clearpoke
|poke|p1|Whimsicott, L50, M|
|poke|p1|Gholdengo, L50|
|poke|p1|Incineroar, L50, F|
|poke|p1|Dragonite, L50, F|
|poke|p1|Sneasler, L50, M|
|poke|p1|Garchomp, L50, M|
|poke|p2|Corviknight, L50, M|
|poke|p2|Garchomp, L50, M|
|poke|p2|Tyranitar, L50, M|
|poke|p2|Gholdengo, L50|
|poke|p2|Sneasler, L50, M|
|poke|p2|Incineroar, L50, M|
|teampreview|4
|showteam|p1|Whimsicott||FocusSash|Prankster|Moonblast,Tailwind,Encore,Protect|||M|||50|,,,,,Ghost]Gholdengo||ChoiceSpecs|GoodasGold|MakeItRain,ShadowBall,Trick,Protect||||||50|,,,,,Steel]Incineroar||AssaultVest|Intimidate|FlareBlitz,KnockOff,Uturn,FakeOut|||F|||50|,,,,,Grass]Dragonite||ChoiceBand|InnerFocus|Outrage,ExtremeSpeed,IceSpinner,StompingTantrum|||F|||50|,,,,,Normal]Sneasler||WhiteHerb|Unburden|DireClaw,CloseCombat,FakeOut,Protect|||M|||50|,,,,,Stellar]Garchomp||LifeOrb|RoughSkin|Earthquake,StompingTantrum,DragonClaw,Protect|||M|||50|,,,,,Ground
|showteam|p2|Corviknight||CovertCloak|MirrorArmor|BraveBird,Taunt,Roost,Tailwind|||M|||50|,,,,,Dragon]Garchomp||ClearAmulet|RoughSkin|Earthquake,DragonClaw,StompingTantrum,Protect|||M|||50|,,,,,Steel]Tyranitar||AssaultVest|SandStream|RockSlide,KnockOff,TeraBlast,LowKick|||M|||50|,,,,,Flying]Gholdengo||LifeOrb|GoodasGold|MakeItRain,ShadowBall,NastyPlot,Protect||||||50|,,,,,Water]Sneasler||WhiteHerb|Unburden|DireClaw,CloseCombat,Coaching,Protect|||M|||50|,,,,,Ghost]Incineroar||SitrusBerry|Intimidate|FlareBlitz,WillOWisp,PartingShot,FakeOut|||M|||50|,,,,,Grass
|inactive|Battle timer is ON: inactive players will automatically lose when time's up. (requested by scaccabarozzivgc)
|inactive|scaccabarozzivgc has 60 seconds left.
|inactive|PippoLungoCalzino has 60 seconds left.
|
|t:|1756467299
|teamsize|p1|4
|teamsize|p2|4
|start
|switch|p1a: Whimsicott|Whimsicott, L50, M|100/100
|switch|p1b: Garchomp|Garchomp, L50, M|100/100
|switch|p2a: Corviknight|Corviknight, L50, M, shiny|100/100
|switch|p2b: Tyranitar|Tyranitar, L50, M|100/100
|-weather|Sandstorm|[from] ability: Sand Stream|[of] p2b: Tyranitar
|turn|1
|inactive|PippoLungoCalzino has 30 seconds left.
|
|t:|1756467331
|-terastallize|p2b: Tyranitar|Flying
|move|p1a: Whimsicott|Protect|p1a: Whimsicott
|-singleturn|p1a: Whimsicott|Protect
|move|p1b: Garchomp|Dragon Claw|p2b: Tyranitar
|-damage|p2b: Tyranitar|53/100
|-damage|p1b: Garchomp|91/100|[from] item: Life Orb
|move|p2a: Corviknight|Tailwind|p2a: Corviknight
|-sidestart|p2: PippoLungoCalzino|move: Tailwind
|move|p2b: Tyranitar|Tera Blast|p1a: Whimsicott|[anim] Tera Blast Flying
|-activate|p1a: Whimsicott|move: Protect
|
|-weather|Sandstorm|[upkeep]
|-damage|p2b: Tyranitar|47/100|[from] Sandstorm
|-damage|p1a: Whimsicott|95/100|[from] Sandstorm
|upkeep
|turn|2
|
|t:|1756467354
|move|p1a: Whimsicott|Tailwind|p1a: Whimsicott
|-sidestart|p1: scaccabarozzivgc|move: Tailwind
|move|p1b: Garchomp|Dragon Claw|p2b: Tyranitar
|-damage|p2b: Tyranitar|4/100
|-damage|p1b: Garchomp|81/100|[from] item: Life Orb
|move|p2a: Corviknight|Brave Bird|p1a: Whimsicott
|-supereffective|p1a: Whimsicott
|-damage|p1a: Whimsicott|0 fnt
|faint|p1a: Whimsicott
|-damage|p2a: Corviknight|80/100|[from] Recoil
|move|p2b: Tyranitar|Tera Blast|p1b: Garchomp|[anim] Tera Blast Flying
|-crit|p1b: Garchomp
|-damage|p1b: Garchomp|16/100
|
|-weather|Sandstorm|[upkeep]
|-damage|p2b: Tyranitar|0 fnt|[from] Sandstorm
|faint|p2b: Tyranitar
|upkeep
|
|t:|1756467371
|switch|p1a: Gholdengo|Gholdengo, L50|100/100
|switch|p2b: Garchomp|Garchomp, L50, M|100/100
|turn|3
|
|t:|1756467395
|move|p1b: Garchomp|Protect|p1b: Garchomp
|-singleturn|p1b: Garchomp|Protect
|move|p2b: Garchomp|Protect|p2b: Garchomp
|-singleturn|p2b: Garchomp|Protect
|move|p1a: Gholdengo|Shadow Ball|p2a: Corviknight
|-damage|p2a: Corviknight|29/100
|move|p2a: Corviknight|Brave Bird|p1b: Garchomp
|-activate|p1b: Garchomp|move: Protect
|
|-weather|Sandstorm|[upkeep]
|upkeep
|turn|4
|
|t:|1756467414
|move|p2b: Garchomp|Stomping Tantrum|p1a: Gholdengo
|-supereffective|p1a: Gholdengo
|-damage|p1a: Gholdengo|25/100
|move|p1b: Garchomp|Dragon Claw|p2b: Garchomp
|-supereffective|p2b: Garchomp
|-damage|p2b: Garchomp|0 fnt
|-damage|p1b: Garchomp|3/100|[from] ability: Rough Skin|[of] p2b: Garchomp
|faint|p2b: Garchomp
|-damage|p1b: Garchomp|0 fnt|[from] item: Life Orb
|faint|p1b: Garchomp
|move|p1a: Gholdengo|Shadow Ball|p2a: Corviknight
|-damage|p2a: Corviknight|0 fnt
|faint|p2a: Corviknight
|
|-weather|Sandstorm|[upkeep]
|-sideend|p2: PippoLungoCalzino|move: Tailwind
|upkeep
|
|t:|1756467429
|switch|p1b: Sneasler|Sneasler, L50, M|100/100
|switch|p2b: Gholdengo|Gholdengo, L50|100/100
|turn|5
|
|t:|1756467440
|-terastallize|p1b: Sneasler|Stellar
|move|p2b: Gholdengo|Protect|p2b: Gholdengo
|-singleturn|p2b: Gholdengo|Protect
|move|p1b: Sneasler|Close Combat|p2b: Gholdengo
|-activate|p2b: Gholdengo|move: Protect
|move|p1a: Gholdengo|Shadow Ball|p2b: Gholdengo
|-activate|p2b: Gholdengo|move: Protect
|
|-weather|none
|-sideend|p1: scaccabarozzivgc|move: Tailwind
|upkeep
|turn|6
|
|t:|1756467445
|move|p1b: Sneasler|Close Combat|p2b: Gholdengo
|-immune|p2b: Gholdengo
|move|p2b: Gholdengo|Shadow Ball|p1a: Gholdengo
|-supereffective|p1a: Gholdengo
|-crit|p1a: Gholdengo
|-damage|p1a: Gholdengo|0 fnt
|faint|p1a: Gholdengo
|-damage|p2b: Gholdengo|91/100|[from] item: Life Orb
|
|upkeep
|turn|7
|-message|scaccabarozzivgc forfeited.
|raw|scaccabarozzivgc's rating: 1109 → 1086(-23 for losing)
|raw|PippoLungoCalzino's rating: 1132 → 1155(+23 for winning)
|
|win|PippoLungoCalzino
