|j|☆snailboss
|j|☆ddx9000
|html|snailbossddx9000    
|uhtml|bestof|Game 1 of a best-of-3
|t:|1756408905
|gametype|doubles
|player|p1|snailboss|hilda-wonderlauncher|1272
|player|p2|ddx9000|elesa|1223
|gen|9
|tier|[Gen 9] VGC 2025 Reg H (Bo3)
|rated|
|rule|Species Clause: Limit one of each Pokémon
|rule|Item Clause: Limit 1 of each item
|clearpoke
|poke|p1|Kingambit, L50, M|
|poke|p1|Rillaboom, L50, M|
|poke|p1|Volcarona, L50, F|
|poke|p1|Tauros-Paldea-Aqua, L50, M|
|poke|p1|Electabuzz, L50, M|
|poke|p1|Ninetales-Alola, L50, M|
|poke|p2|Dragonite, L50, M|
|poke|p2|Volcarona, L50, F|
|poke|p2|Sneasler, L50, M|
|poke|p2|Rillaboom, L50, M|
|poke|p2|Electabuzz, L50, M|
|poke|p2|Kingambit, L50, M|
|teampreview|4
|showteam|p1|Kingambit||BlackGlasses|Defiant|SuckerPunch,KowtowCleave,SwordsDance,Protect|||M|||50|,,,,,Ghost]Rillaboom||AssaultVest|GrassySurge|FakeOut,GrassyGlide,WoodHammer,HighHorsepower|||M|||50|,,,,,Fire]Volcarona||CovertCloak|FlameBody|QuiverDance,HeatWave,GigaDrain,Protect|||F|||50|,,,,,Grass]Tauros-Paldea-Aqua||GrassySeed|Intimidate|WaveCrash,BodyPress,Protect,AquaJet|||M|||50|,,,,,Fire]Electabuzz||Eviolite|VitalSpirit|HelpingHand,Thunderbolt,Protect,FollowMe|||M|||50|,,,,,Fairy]Ninetales-Alola||FocusSash|SnowWarning|Protect,Encore,FreezeDry,Disable|||M|||50|,,,,,Ghost
|showteam|p2|Dragonite||LoadedDice|Multiscale|ScaleShot,ExtremeSpeed,Haze,Protect|||M|||50|,,,,,Fairy]Volcarona||CovertCloak|FlameBody|HeatWave,TeraBlast,QuiverDance,Protect|||F|||50|,,,,,Fairy]Sneasler||FocusSash|Unburden|CloseCombat,DireClaw,Coaching,Protect|||M|||50|,,,,,Stellar]Rillaboom||AssaultVest|GrassySurge|WoodHammer,GrassyGlide,Uturn,FakeOut|||M|||50|,,,,,Water]Electabuzz||Eviolite|VitalSpirit|Electroweb,FollowMe,Taunt,Protect|||M|||50|,,,,,Ghost]Kingambit||BlackGlasses|Defiant|KowtowCleave,SuckerPunch,SwordsDance,Protect|||M|||50|,,,,,Dark
|inactive|Battle timer is ON: inactive players will automatically lose when time's up. (requested by snailboss)
|inactive|ddx9000 has 60 seconds left.
|
|t:|1756408990
|teamsize|p1|4
|teamsize|p2|4
|start
|switch|p1a: Ninetales|Ninetales-Alola, L50, M|100/100
|switch|p1b: Volcarona|Volcarona, L50, F|100/100
|switch|p2a: Volcarona|Volcarona, L50, F|100/100
|switch|p2b: Rillaboom|Rillaboom, L50, M|100/100
|-weather|Snowscape|[from] ability: Snow Warning|[of] p1a: Ninetales
|-fieldstart|move: Grassy Terrain|[from] ability: Grassy Surge|[of] p2b: Rillaboom
|turn|1
|
|t:|1756409011
|switch|p1a: Tauros|Tauros-Paldea-Aqua, L50, M|100/100
|-ability|p1a: Tauros|Intimidate|boost
|-unboost|p2a: Volcarona|atk|1
|-unboost|p2b: Rillaboom|atk|1
|-enditem|p1a: Tauros|Grassy Seed
|-boost|p1a: Tauros|def|1|[from] item: Grassy Seed
|move|p1b: Volcarona|Quiver Dance|p1b: Volcarona
|-boost|p1b: Volcarona|spa|1
|-boost|p1b: Volcarona|spd|1
|-boost|p1b: Volcarona|spe|1
|move|p2a: Volcarona|Quiver Dance|p2a: Volcarona
|-boost|p2a: Volcarona|spa|1
|-boost|p2a: Volcarona|spd|1
|-boost|p2a: Volcarona|spe|1
|move|p2b: Rillaboom|U-turn|p1a: Tauros
|-resisted|p1a: Tauros
|-damage|p1a: Tauros|95/100
|
|t:|1756409024
|switch|p2b: Dragonite|Dragonite, L50, M|100/100|[from] U-turn
|
|-weather|Snowscape|[upkeep]
|-heal|p1a: Tauros|100/100|[from] Grassy Terrain
|upkeep
|turn|2
|
|t:|1756409036
|move|p2a: Volcarona|Protect|p2a: Volcarona
|-singleturn|p2a: Volcarona|Protect
|move|p1b: Volcarona|Heat Wave|p2b: Dragonite|[spread] p2b
|-activate|p2a: Volcarona|move: Protect
|-resisted|p2b: Dragonite
|-damage|p2b: Dragonite|87/100
|move|p1a: Tauros|Wave Crash|p2a: Volcarona
|-activate|p2a: Volcarona|move: Protect
|move|p2b: Dragonite|Scale Shot|p1b: Volcarona
|-damage|p1b: Volcarona|86/100
|-damage|p1b: Volcarona|70/100
|-damage|p1b: Volcarona|52/100
|-damage|p1b: Volcarona|35/100
|-damage|p1b: Volcarona|20/100
|-hitcount|p1b: Volcarona|5
|-unboost|p2b: Dragonite|def|1
|-boost|p2b: Dragonite|spe|1
|
|-weather|Snowscape|[upkeep]
|-heal|p1b: Volcarona|27/100|[from] Grassy Terrain
|upkeep
|turn|3
|
|t:|1756409060
|-terastallize|p2a: Volcarona|Fairy
|move|p1b: Volcarona|Heat Wave|p2b: Dragonite|[spread] p2a
|-miss|p1b: Volcarona|p2b: Dragonite
|-damage|p2a: Volcarona|70/100
|move|p2a: Volcarona|Tera Blast|p1a: Tauros|[anim] Tera Blast Fairy
|-supereffective|p1a: Tauros
|-damage|p1a: Tauros|0 fnt
|faint|p1a: Tauros
|move|p2b: Dragonite|Scale Shot|p1b: Volcarona
|-damage|p1b: Volcarona|12/100
|-crit|p1b: Volcarona
|-damage|p1b: Volcarona|0 fnt
|faint|p1b: Volcarona
|-hitcount|p1: Volcarona|2
|-unboost|p2b: Dragonite|def|1
|-boost|p2b: Dragonite|spe|1
|
|-weather|Snowscape|[upkeep]
|-heal|p2a: Volcarona|77/100|[from] Grassy Terrain
|upkeep
|
|t:|1756409076
|switch|p1a: Rillaboom|Rillaboom, L50, M|100/100
|switch|p1b: Ninetales|Ninetales-Alola, L50, M|100/100
|turn|4
|
|t:|1756409091
|move|p1a: Rillaboom|Fake Out|p2a: Volcarona
|-damage|p2a: Volcarona|60/100
|move|p2b: Dragonite|Extreme Speed|p1b: Ninetales
|-damage|p1b: Ninetales|71/100
|move|p2a: Volcarona|Heat Wave|p1a: Rillaboom|[spread] p1a,p1b
|-supereffective|p1a: Rillaboom
|-supereffective|p1b: Ninetales
|-damage|p1a: Rillaboom|17/100
|-damage|p1b: Ninetales|0 fnt
|faint|p1b: Ninetales
|
|-weather|Snowscape|[upkeep]
|-heal|p2a: Volcarona|67/100|[from] Grassy Terrain
|-heal|p1a: Rillaboom|23/100|[from] Grassy Terrain
|upkeep
|turn|5
|-message|snailboss forfeited.
|
|win|ddx9000
|inactive|snailboss has 30 seconds to confirm battle start!
|inactive|ddx9000 has 30 seconds to confirm battle start!
|c|☆ddx9000|You use the sale volca
||ddx9000 is ready for game 2.
|c|☆ddx9000|Dame
|inactive|snailboss has 20 seconds to confirm battle start!
|c|☆ddx9000|Same
|inactive|snailboss has 10 seconds to confirm battle start!
|uhtml|next|Next: Game 2 of 3
|l|☆ddx9000
|player|p2|
