|j|ŌśåNoitila
|j|ŌśåTimeforCHILLI
|html|NoitilaTimeforCHILLI    
|uhtml|bestof|Game 3 of a best-of-3
|t:|1782366841
|gametype|doubles
|player|p1|Noitila|102|
|player|p2|TimeforCHILLI|caitlin|
|gen|9
|tier|[Gen 9 Champions] VGC 2026 Reg M-B (Bo3)
|rule|Species Clause: Limit one of each Pok├®mon
|rule|Item Clause: Limit 1 of each item
|clearpoke
|poke|p1|Mawile, L50, F, shiny|
|poke|p1|Farigiraf, L50, F|
|poke|p1|Ninetales-Alola, L50, F|
|poke|p1|Kingambit, L50, M|
|poke|p1|Rotom-Heat, L50|
|poke|p1|Hydreigon, L50, M|
|poke|p2|Staraptor, L50, F|
|poke|p2|Chandelure, L50, F|
|poke|p2|Grimmsnarl, L50, M|
|poke|p2|Vileplume, L50, F|
|poke|p2|Vanilluxe, L50, F|
|poke|p2|Mimikyu, L50, F|
|teampreview|4
|showteam|p1|Mawile||Mawilite|Intimidate|PlayRough,Protect,IronHead,SuckerPunch|Brave||F|||50|]Farigiraf||SitrusBerry|ArmorTail|Psychic,AllySwitch,HyperVoice,TrickRoom|Relaxed||F|||50|]Ninetales-Alola||LightClay|SnowWarning|Blizzard,Protect,Encore,AuroraVeil|Timid||F|||50|]Kingambit||ChopleBerry|Defiant|KowtowCleave,Protect,IronHead,SuckerPunch|Brave||M|||50|]Rotom-Heat||ExpertBelt|Levitate|Overheat,Protect,Thunderbolt,WillOWisp|Modest|||||50|]Hydreigon||ScopeLens|Levitate|DracoMeteor,Protect,DarkPulse,FocusEnergy|Modest||M|||50|
|showteam|p2|Staraptor||Staraptite|Intimidate|BraveBird,CloseCombat,Uturn,Protect|Jolly||F|||50|]Chandelure||Chandelurite|FlashFire|HeatWave,EnergyBall,TrickRoom,Protect|Modest||F|||50|]Grimmsnarl||LightClay|Prankster|SpiritBreak,Reflect,LightScreen,PartingShot|Careful||M|||50|]Vileplume||ExpertBelt|EffectSpore|GigaDrain,SludgeBomb,AfterYou,Charm|Quiet||F|||50|]Vanilluxe||ChoiceScarf|SnowWarning|Blizzard,FreezeDry,IcyWind,AuroraVeil|Timid||F|||50|]Mimikyu||MentalHerb|Disguise|SwordsDance,PlayRough,ShadowSneak,TrickRoom|Adamant||F|||50|
|inactive|Battle timer is ON: inactive players will automatically lose when time's up. (requested by Noitila)
|inactive|TimeforCHILLI has 60 seconds left.
|
|t:|1782366916
|teamsize|p1|4
|teamsize|p2|4
|start
|switch|p1a: Mawile|Mawile, L50, F, shiny|100/100
|switch|p1b: Kingambit|Kingambit, L50, M|100/100
|switch|p2a: M.A.G.A.|Staraptor, L50, F|100/100
|switch|p2b: RemiliaScarlet~ŌØż’ĖÅ|Chandelure, L50, F|100/100
|-ability|p2a: M.A.G.A.|Intimidate|boost
|-unboost|p1a: Mawile|atk|1
|-unboost|p1b: Kingambit|atk|1
|-ability|p1b: Kingambit|Defiant|boost
|-boost|p1b: Kingambit|atk|2
|-ability|p1a: Mawile|Intimidate|boost
|-unboost|p2a: M.A.G.A.|atk|1
|-unboost|p2b: RemiliaScarlet~ŌØż’ĖÅ|atk|1
|turn|1
|inactive|Noitila has 30 seconds left.
|inactive|TimeforCHILLI has 30 seconds left.
|inactive|TimeforCHILLI has 20 seconds left.
|
|t:|1782366953
|detailschange|p2a: M.A.G.A.|Staraptor-Mega, L50, F
|-mega|p2a: M.A.G.A.|Staraptor|Staraptite
|detailschange|p1a: Mawile|Mawile-Mega, L50, F, shiny
|-mega|p1a: Mawile|Mawile|Mawilite
|move|p2b: RemiliaScarlet~ŌØż’ĖÅ|Protect|p2b: RemiliaScarlet~ŌØż’ĖÅ
|-singleturn|p2b: RemiliaScarlet~ŌØż’ĖÅ|Protect
|move|p1b: Kingambit|Sucker Punch||[still]
|-fail|p1b: Kingambit
|move|p2a: M.A.G.A.|Close Combat|p1b: Kingambit
|-supereffective|p1b: Kingambit|2
|-enditem|p1b: Kingambit|Chople Berry|[eat]
|-enditem|p1b: Kingambit|Chople Berry|[weaken]
|-damage|p1b: Kingambit|41/100
|-boost|p2a: M.A.G.A.|def|1
|-boost|p2a: M.A.G.A.|spd|1
|move|p1a: Mawile|Play Rough|p2a: M.A.G.A.
|-supereffective|p2a: M.A.G.A.|1
|-damage|p2a: M.A.G.A.|17/100
|
|upkeep
|turn|2
|inactive|TimeforCHILLI has 30 seconds left.
|inactive|TimeforCHILLI has 20 seconds left.
|
|t:|1782366992
|move|p2a: M.A.G.A.|Protect|p2a: M.A.G.A.
|-singleturn|p2a: M.A.G.A.|Protect
|move|p1a: Mawile|Sucker Punch||[still]
|-fail|p1a: Mawile
|move|p1b: Kingambit|Sucker Punch|p2b: RemiliaScarlet~ŌØż’ĖÅ
|-supereffective|p2b: RemiliaScarlet~ŌØż’ĖÅ|1
|-crit|p2b: RemiliaScarlet~ŌØż’ĖÅ
|-damage|p2b: RemiliaScarlet~ŌØż’ĖÅ|0 fnt
|faint|p2b: RemiliaScarlet~ŌØż’ĖÅ
|
|upkeep
|c|ŌśåNoitila|L chandie
|
|t:|1782367007
|switch|p2b: Anonymous M|Mimikyu, L50, F|100/100
|turn|3
|c|ŌśåTimeforCHILLI|Ngl I lost
|c|ŌśåTimeforCHILLI|GG
|c|ŌśåNoitila|Im sorry
|inactive|TimeforCHILLI has 30 seconds left.
|c|ŌśåNoitila|I love u
|inactive|TimeforCHILLI has 20 seconds left.
|
|t:|1782367043
|move|p1a: Mawile|Sucker Punch|p2a: M.A.G.A.
|-resisted|p2a: M.A.G.A.|1
|-damage|p2a: M.A.G.A.|7/100
|move|p2a: M.A.G.A.|Close Combat|p1b: Kingambit
|-supereffective|p1b: Kingambit|2
|-damage|p1b: Kingambit|0 fnt
|-boost|p2a: M.A.G.A.|def|1
|-boost|p2a: M.A.G.A.|spd|1
|faint|p1b: Kingambit
|move|p2b: Anonymous M|Swords Dance|p2b: Anonymous M
|-boost|p2b: Anonymous M|atk|2
|
|upkeep
|c|ŌśåNoitila|Omg
|inactive|Noitila has 30 seconds left.
|
|t:|1782367075
|switch|p1b: Farigiraf|Farigiraf, L50, F|100/100
|turn|4
|inactive|Noitila has 30 seconds left.
|inactive|TimeforCHILLI has 30 seconds left.
|
|t:|1782367109
|move|p1a: Mawile|Protect|p1a: Mawile
|-singleturn|p1a: Mawile|Protect
|move|p2a: M.A.G.A.|Close Combat|p1a: Mawile
|-activate|p1a: Mawile|move: Protect
|move|p2b: Anonymous M|Play Rough|p1a: Mawile
|-activate|p1a: Mawile|move: Protect
|move|p1b: Farigiraf|Psychic|p2a: M.A.G.A.
|-supereffective|p2a: M.A.G.A.|1
|-damage|p2a: M.A.G.A.|0 fnt
|faint|p2a: M.A.G.A.
|
|upkeep
|
|t:|1782367123
|switch|p2a: DoubleCirno~Ōæ©|Vanilluxe, L50, F|100/100
|-weather|Snowscape|[from] ability: Snow Warning|[of] p2a: DoubleCirno~Ōæ©
|turn|5
|
|t:|1782367147
|move|p2a: DoubleCirno~Ōæ©|Blizzard|p1b: Farigiraf|[spread] p1a,p1b
|-resisted|p1a: Mawile|1
|-damage|p1a: Mawile|78/100
|-damage|p1b: Farigiraf|64/100
|move|p2b: Anonymous M|Play Rough|p1b: Farigiraf|[miss]
|-miss|p2b: Anonymous M|p1b: Farigiraf
|move|p1b: Farigiraf|Psychic|p2b: Anonymous M
|-activate|p2b: Anonymous M|ability: Disguise
|-damage|p2b: Anonymous M|100/100
|detailschange|p2b: Anonymous M|Mimikyu-Busted, L50, F
|-damage|p2b: Anonymous M|87/100|[from] pokemon: Mimikyu-Busted
|move|p1a: Mawile|Iron Head|p2b: Anonymous M
|-supereffective|p2b: Anonymous M|1
|-damage|p2b: Anonymous M|0 fnt
|faint|p2b: Anonymous M
|
|-weather|Snowscape|[upkeep]
|upkeep
|turn|6
|c|ŌśåTimeforCHILLI|Now itŌĆÖs truly GG
|inactive|Noitila has 30 seconds left.
|inactive|TimeforCHILLI has 30 seconds left.
|c|ŌśåTimeforCHILLI|wp
|
|t:|1782367177
|move|p2a: DoubleCirno~Ōæ©|Blizzard|p1b: Farigiraf|[spread] p1a,p1b
|-resisted|p1a: Mawile|1
|-damage|p1a: Mawile|55/100
|-damage|p1b: Farigiraf|31/100
|-enditem|p1b: Farigiraf|Sitrus Berry|[eat]
|-heal|p1b: Farigiraf|56/100|[from] item: Sitrus Berry
|move|p1a: Mawile|Iron Head|p2a: DoubleCirno~Ōæ©
|-supereffective|p2a: DoubleCirno~Ōæ©|1
|-damage|p2a: DoubleCirno~Ōæ©|10/100
|move|p1b: Farigiraf|Trick Room|p1b: Farigiraf
|-fieldstart|move: Trick Room|[of] p1b: Farigiraf
|
|-weather|Snowscape|[upkeep]
|upkeep
|turn|7
|c|ŌśåNoitila|Im sorry
|inactive|Noitila has 30 seconds left.
|
|t:|1782367204
|switch|p1b: Rotom|Rotom-Heat, L50|100/100
|move|p1a: Mawile|Iron Head|p2a: DoubleCirno~Ōæ©
|-supereffective|p2a: DoubleCirno~Ōæ©|1
|-damage|p2a: DoubleCirno~Ōæ©|0 fnt
|faint|p2a: DoubleCirno~Ōæ©
|
|win|Noitila
