|j|☆ThierryVGC
|j|☆DragoniteMega149
|html|ThierryVGCDragoniteMega149    
|uhtml|bestof|Game 1 of a best-of-3
|t:|1756162206
|gametype|doubles
|player|p1|ThierryVGC|265|1108
|player|p2|DragoniteMega149|roark|1000
|gen|9
|tier|[Gen 9] VGC 2025 Reg H (Bo3)
|rated|
|rule|Species Clause: Limit one of each Pokémon
|rule|Item Clause: Limit 1 of each item
|clearpoke
|poke|p1|Dragonite, L50, M|
|poke|p1|Volcarona, L50, F|
|poke|p1|Sneasler, L50, M|
|poke|p1|Rillaboom, L50, M|
|poke|p1|Electabuzz, L50, M|
|poke|p1|Kingambit, L50, M|
|poke|p2|Sneasler, L50, F|
|poke|p2|Indeedee, L50, M|
|poke|p2|Dragonite, L50, M|
|poke|p2|Incineroar, L50, M|
|poke|p2|Electabuzz, L50, M|
|poke|p2|Ursaluna-Bloodmoon, L50, M|
|teampreview|4
|showteam|p1|Dragonite||LoadedDice|Multiscale|ScaleShot,ExtremeSpeed,Haze,Protect|||M|||50|,,,,,Fairy]Volcarona||CovertCloak|FlameBody|HeatWave,TeraBlast,QuiverDance,Protect|||F|||50|,,,,,Fairy]Sneasler||FocusSash|Unburden|CloseCombat,DireClaw,Coaching,Protect|||M|||50|,,,,,Stellar]Rillaboom||AssaultVest|GrassySurge|WoodHammer,GrassyGlide,HighHorsepower,FakeOut|||M|||50|,,,,,Water]Electabuzz||Eviolite|VitalSpirit|Thunderbolt,FollowMe,Taunt,Protect|||M|||50|,,,,,Ghost]Kingambit||BlackGlasses|Defiant|KowtowCleave,SuckerPunch,SwordsDance,Protect|||M|||50|,,,,,Dark
|showteam|p2|Sneasler||PsychicSeed|Unburden|DireClaw,CloseCombat,Protect,ThroatChop|||F|||50|,,,,,Dark]Indeedee||FocusSash|PsychicSurge|Imprison,Protect,ExpandingForce,TrickRoom|||M|||50|,,,,,Psychic]Dragonite||LoadedDice|Multiscale|ScaleShot,Tailwind,Haze,Protect|||M|||50|,,,,,Fairy]Incineroar||SafetyGoggles|Intimidate|FakeOut,FlareBlitz,KnockOff,PartingShot|||M|||50|,,,,,Ghost]Electabuzz||Eviolite|VitalSpirit|FollowMe,Electroweb,Taunt,Protect|||M|||50|,,,,,Fairy]Ursaluna-Bloodmoon||LifeOrb|MindsEye|BloodMoon,HyperVoice,EarthPower,Protect|||M|||50|,,,,,Normal
|
|t:|1756162229
|teamsize|p1|4
|teamsize|p2|4
|start
|switch|p1a: Volcarona|Volcarona, L50, F|100/100
|switch|p1b: Rillaboom|Rillaboom, L50, M|100/100
|switch|p2a: Dragonite|Dragonite, L50, M|100/100
|switch|p2b: Ursaluna|Ursaluna-Bloodmoon, L50, M|100/100
|-fieldstart|move: Grassy Terrain|[from] ability: Grassy Surge|[of] p1b: Rillaboom
|turn|1
|
|t:|1756162260
|-terastallize|p1a: Volcarona|Fairy
|-terastallize|p2b: Ursaluna|Normal
|move|p1a: Volcarona|Quiver Dance|p1a: Volcarona
|-boost|p1a: Volcarona|spa|1
|-boost|p1a: Volcarona|spd|1
|-boost|p1a: Volcarona|spe|1
|move|p2a: Dragonite|Scale Shot|p1b: Rillaboom
|-damage|p1b: Rillaboom|87/100
|-damage|p1b: Rillaboom|74/100
|-damage|p1b: Rillaboom|60/100
|-damage|p1b: Rillaboom|47/100
|-damage|p1b: Rillaboom|34/100
|-hitcount|p1b: Rillaboom|5
|-unboost|p2a: Dragonite|def|1
|-boost|p2a: Dragonite|spe|1
|move|p1b: Rillaboom|Wood Hammer|p2b: Ursaluna
|-damage|p2b: Ursaluna|38/100
|-damage|p1b: Rillaboom|15/100|[from] Recoil
|move|p2b: Ursaluna|Hyper Voice|p1a: Volcarona|[spread] p1a,p1b
|-damage|p1a: Volcarona|54/100
|-damage|p1b: Rillaboom|0 fnt
|faint|p1b: Rillaboom
|-damage|p2b: Ursaluna|29/100|[from] item: Life Orb
|
|-heal|p1a: Volcarona|60/100|[from] Grassy Terrain
|-heal|p2b: Ursaluna|34/100|[from] Grassy Terrain
|upkeep
|
|t:|1756162276
|switch|p1b: Kingambit|Kingambit, L50, M, shiny|100/100
|turn|2
|
|t:|1756162326
|move|p2b: Ursaluna|Protect|p2b: Ursaluna
|-singleturn|p2b: Ursaluna|Protect
|move|p1a: Volcarona|Heat Wave|p2b: Ursaluna|[spread] p2a
|-activate|p2b: Ursaluna|move: Protect
|-resisted|p2a: Dragonite
|-damage|p2a: Dragonite|86/100
|move|p2a: Dragonite|Tailwind|p2a: Dragonite
|-sidestart|p2: DragoniteMega149|move: Tailwind
|move|p1b: Kingambit|Kowtow Cleave|p2a: Dragonite
|-damage|p2a: Dragonite|0 fnt
|faint|p2a: Dragonite
|
|-heal|p1a: Volcarona|66/100|[from] Grassy Terrain
|-heal|p2b: Ursaluna|40/100|[from] Grassy Terrain
|upkeep
|
|t:|1756162331
|switch|p2a: Sneasler|Sneasler, L50, F|100/100
|turn|3
|
|t:|1756162346
|switch|p1b: Electabuzz|Electabuzz, L50, M|100/100
|move|p1a: Volcarona|Protect|p1a: Volcarona
|-singleturn|p1a: Volcarona|Protect
|move|p2a: Sneasler|Dire Claw|p1a: Volcarona
|-activate|p1a: Volcarona|move: Protect
|move|p2b: Ursaluna|Earth Power|p1b: Electabuzz
|-supereffective|p1b: Electabuzz
|-crit|p1b: Electabuzz
|-damage|p1b: Electabuzz|0 fnt
|faint|p1b: Electabuzz
|-damage|p2b: Ursaluna|31/100|[from] item: Life Orb
|
|-heal|p1a: Volcarona|72/100|[from] Grassy Terrain
|-heal|p2b: Ursaluna|36/100|[from] Grassy Terrain
|upkeep
|
|t:|1756162357
|switch|p1b: Kingambit|Kingambit, L50, M, shiny|100/100
|turn|4
|
|t:|1756162369
|switch|p2b: Indeedee|Indeedee, L50, M|100/100
|-fieldstart|move: Psychic Terrain|[from] ability: Psychic Surge|[of] p2b: Indeedee
|-enditem|p2a: Sneasler|Psychic Seed
|-boost|p2a: Sneasler|spd|1|[from] item: Psychic Seed
|move|p1b: Kingambit|Sucker Punch|p2a: Sneasler
|-activate|p2a: Sneasler|move: Psychic Terrain
|move|p2a: Sneasler|Dire Claw|p1a: Volcarona
|-supereffective|p1a: Volcarona
|-damage|p1a: Volcarona|0 fnt
|faint|p1a: Volcarona
|
|upkeep
|turn|5
|
|t:|1756162381
|move|p2a: Sneasler|Close Combat|p1b: Kingambit
|-supereffective|p1b: Kingambit
|-damage|p1b: Kingambit|0 fnt
|-unboost|p2a: Sneasler|def|1
|-unboost|p2a: Sneasler|spd|1
|faint|p1b: Kingambit
|
|win|DragoniteMega149
||ThierryVGC is ready for game 2.
|inactive|DragoniteMega149 has 30 seconds to confirm battle start!
|inactive|DragoniteMega149 has 20 seconds to confirm battle start!
||DragoniteMega149 is ready for game 2.
|uhtml|next|Next: Game 2 of 3
