|j|☆the winking dol
|j|☆mariocansado
|html|the winking dolmariocansado    
|uhtml|bestof|Game 1 of a best-of-3
|t:|1756329168
|gametype|doubles
|player|p1|the winking dol|dawn|1094
|player|p2|mariocansado|arven-v|1135
|gen|9
|tier|[Gen 9] VGC 2025 Reg H (Bo3)
|rated|
|rule|Species Clause: Limit one of each Pokémon
|rule|Item Clause: Limit 1 of each item
|clearpoke
|poke|p1|Rillaboom, L50, M|
|poke|p1|Glimmora, L50, F|
|poke|p1|Farigiraf, L50, F|
|poke|p1|Tyranitar, L50, M|
|poke|p1|Kommo-o, L50, M|
|poke|p1|Gholdengo, L50|
|poke|p2|Gholdengo, L50|
|poke|p2|Rillaboom, L50, F|
|poke|p2|Dragapult, L50, M|
|poke|p2|Electabuzz, L50, F|
|poke|p2|Volcarona, L50, M|
|poke|p2|Gyarados, L50, F|
|teampreview|4
|showteam|p1|Rillaboom||MiracleSeed|GrassySurge|WoodHammer,GrassyGlide,HighHorsepower,FakeOut|||M|||50|,,,,,Poison]Glimmora||LifeOrb|ToxicDebris|PowerGem,EarthPower,SludgeWave,SpikyShield|||F|||50|,,,,,Ghost]Farigiraf||SitrusBerry|ArmorTail|Psychic,HyperVoice,FoulPlay,TrickRoom|||F|||50|,,,,,Dark]Tyranitar||AssaultVest|SandStream|RockSlide,KnockOff,LowKick,TeraBlast|||M|||50|,,,,,Ghost]Kommo-o||Leftovers|Overcoat|ClangingScales,AuraSphere,Flamethrower,ClangorousSoul|||M|||50|,,,,,Steel]Gholdengo||ChoiceScarf|GoodasGold|MakeItRain,ShadowBall,Trick,Protect||||||50|,,,,,Steel
|showteam|p2|Gholdengo||ChoiceScarf|GoodasGold|MakeItRain,ShadowBall,PowerGem,Trick||||||50|,,,,,Steel]Rillaboom||AssaultVest|GrassySurge|FakeOut,WoodHammer,GrassyGlide,Uturn|||F|||50|,,,,,Fire]Dragapult||ChoiceBand|ClearBody|DragonDarts,DragonClaw,PhantomForce,Uturn|||M|||50|,,,,,Dragon]Electabuzz||Eviolite|VitalSpirit|Electroweb,Taunt,FollowMe,Protect|||F|||50|,,,,,Ghost]Volcarona||Leftovers|FlameBody|HeatWave,QuiverDance,Protect,GigaDrain|||M|||50|,,,,,Grass]Gyarados||RockyHelmet|Intimidate|Waterfall,HelpingHand,ThunderWave,Protect|||F|||50|,,,,,Grass
|inactive|Battle timer is ON: inactive players will automatically lose when time's up. (requested by the winking dol)
|inactive|the winking dol has 60 seconds left.
|inactive|mariocansado has 60 seconds left.
|inactive|the winking dol has 30 seconds left.
|inactive|mariocansado has 30 seconds left.
|inactive|the winking dol has 20 seconds left.
|inactive|mariocansado has 20 seconds left.
|inactive|the winking dol has 15 seconds left.
|inactive|mariocansado has 15 seconds left.
|inactive|the winking dol has 10 seconds left.
|inactive|mariocansado has 10 seconds left.
|inactive|the winking dol has 5 seconds left.
|inactive|mariocansado has 5 seconds left.
|
|t:|1756329260
|teamsize|p1|4
|teamsize|p2|4
|start
|switch|p1a: Gholdengo|Gholdengo, L50|100/100
|switch|p1b: Glimmora|Glimmora, L50, F|100/100
|switch|p2a: Dragapult|Dragapult, L50, M|100/100
|switch|p2b: Big Jerry|Rillaboom, L50, F|100/100
|-fieldstart|move: Grassy Terrain|[from] ability: Grassy Surge|[of] p2b: Big Jerry
|turn|1
|inactive|mariocansado has 30 seconds left.
|
|t:|1756329287
|switch|p2b: Gyarados|Gyarados, L50, F|100/100
|-ability|p2b: Gyarados|Intimidate|boost
|-unboost|p1a: Gholdengo|atk|1
|-unboost|p1b: Glimmora|atk|1
|move|p1a: Gholdengo|Shadow Ball|p2a: Dragapult
|-supereffective|p2a: Dragapult
|-damage|p2a: Dragapult|0 fnt
|faint|p2a: Dragapult
|move|p1b: Glimmora|Sludge Wave|p2b: Gyarados|[spread] p2b
|-immune|p1a: Gholdengo
|-damage|p2b: Gyarados|62/100
|-damage|p1b: Glimmora|90/100|[from] item: Life Orb
|
|-heal|p1b: Glimmora|96/100|[from] Grassy Terrain
|upkeep
|
|t:|1756329300
|switch|p2a: Volcarona|Volcarona, L50, M|100/100
|turn|2
|inactive|the winking dol has 30 seconds left.
|
|t:|1756329335
|switch|p1a: Kommo-o|Kommo-o, L50, M|100/100
|-terastallize|p2a: Volcarona|Grass
|move|p2a: Volcarona|Quiver Dance|p2a: Volcarona
|-boost|p2a: Volcarona|spa|1
|-boost|p2a: Volcarona|spd|1
|-boost|p2a: Volcarona|spe|1
|move|p2b: Gyarados|Waterfall|p1b: Glimmora
|-supereffective|p1b: Glimmora
|-damage|p1b: Glimmora|16/100
|-activate|p1b: Glimmora|ability: Toxic Debris
|-sidestart|p2: mariocansado|move: Toxic Spikes
|move|p1b: Glimmora|Power Gem|p2a: Volcarona
|-damage|p2a: Volcarona|64/100
|-damage|p1b: Glimmora|6/100|[from] item: Life Orb
|
|-heal|p2a: Volcarona|70/100|[from] Grassy Terrain
|-heal|p2a: Volcarona|76/100|[from] item: Leftovers
|-heal|p1b: Glimmora|12/100|[from] Grassy Terrain
|upkeep
|turn|3
|inactive|the winking dol has 30 seconds left.
|inactive|the winking dol has 20 seconds left.
|inactive|the winking dol has 15 seconds left.
|
|t:|1756329378
|move|p2a: Volcarona|Heat Wave|p1a: Kommo-o|[spread] p1a,p1b
|-resisted|p1a: Kommo-o
|-resisted|p1b: Glimmora
|-damage|p1a: Kommo-o|75/100
|-damage|p1b: Glimmora|0 fnt
|faint|p1b: Glimmora
|move|p2b: Gyarados|Thunder Wave|p1a: Kommo-o
|-status|p1a: Kommo-o|par
|move|p1a: Kommo-o|Clangorous Soul|p1a: Kommo-o
|-boost|p1a: Kommo-o|atk|1
|-boost|p1a: Kommo-o|def|1
|-boost|p1a: Kommo-o|spa|1
|-boost|p1a: Kommo-o|spd|1
|-boost|p1a: Kommo-o|spe|1
|-damage|p1a: Kommo-o|42/100 par
|
|-heal|p2a: Volcarona|82/100|[from] Grassy Terrain
|-heal|p2a: Volcarona|89/100|[from] item: Leftovers
|-heal|p1a: Kommo-o|48/100 par|[from] Grassy Terrain
|-heal|p1a: Kommo-o|54/100 par|[from] item: Leftovers
|upkeep
|inactive|the winking dol has 30 seconds left.
|
|t:|1756329409
|switch|p1b: Tyranitar|Tyranitar, L50, M|100/100
|-weather|Sandstorm|[from] ability: Sand Stream|[of] p1b: Tyranitar
|turn|4
|
|t:|1756329429
|move|p2a: Volcarona|Protect|p2a: Volcarona
|-singleturn|p2a: Volcarona|Protect
|move|p2b: Gyarados|Waterfall|p1b: Tyranitar
|-supereffective|p1b: Tyranitar
|-damage|p1b: Tyranitar|34/100
|move|p1b: Tyranitar|Knock Off|p2a: Volcarona
|-activate|p2a: Volcarona|move: Protect
|move|p1a: Kommo-o|Clanging Scales|p2a: Volcarona|[spread] p2b
|-activate|p2a: Volcarona|move: Protect
|-damage|p2b: Gyarados|20/100
|-unboost|p1a: Kommo-o|def|1
|
|-weather|Sandstorm|[upkeep]
|-damage|p2a: Volcarona|82/100|[from] Sandstorm
|-damage|p2b: Gyarados|14/100|[from] Sandstorm
|-heal|p2a: Volcarona|89/100|[from] Grassy Terrain
|-heal|p2a: Volcarona|95/100|[from] item: Leftovers
|-heal|p1b: Tyranitar|40/100|[from] Grassy Terrain
|-heal|p1a: Kommo-o|60/100 par|[from] Grassy Terrain
|-heal|p1a: Kommo-o|66/100 par|[from] item: Leftovers
|upkeep
|turn|5
|inactive|the winking dol has 30 seconds left.
|inactive|mariocansado has 30 seconds left.
|inactive|the winking dol has 20 seconds left.
|
|t:|1756329466
|-terastallize|p1b: Tyranitar|Ghost
|move|p2a: Volcarona|Giga Drain|p1b: Tyranitar
|-damage|p1b: Tyranitar|0 fnt
|-heal|p2a: Volcarona|100/100|[from] drain|[of] p1b: Tyranitar
|faint|p1b: Tyranitar
|move|p2b: Gyarados|Waterfall|p1a: Kommo-o
|-resisted|p1a: Kommo-o
|-damage|p1a: Kommo-o|50/100 par
|move|p1a: Kommo-o|Clanging Scales|p2b: Gyarados|[spread] p2a,p2b
|-damage|p2a: Volcarona|68/100
|-damage|p2b: Gyarados|0 fnt
|faint|p2b: Gyarados
|-unboost|p1a: Kommo-o|def|1
|
|-weather|Sandstorm|[upkeep]
|-damage|p2a: Volcarona|61/100|[from] Sandstorm
|-heal|p2a: Volcarona|68/100|[from] Grassy Terrain
|-heal|p2a: Volcarona|74/100|[from] item: Leftovers
|-heal|p1a: Kommo-o|56/100 par|[from] Grassy Terrain
|-heal|p1a: Kommo-o|62/100 par|[from] item: Leftovers
|-fieldend|move: Grassy Terrain
|upkeep
|
|t:|1756329485
|switch|p2b: Big Jerry|Rillaboom, L50, F|100/100
|switch|p1b: Gholdengo|Gholdengo, L50|100/100
|-status|p2b: Big Jerry|psn
|-fieldstart|move: Grassy Terrain|[from] ability: Grassy Surge|[of] p2b: Big Jerry
|turn|6
|
|t:|1756329499
|move|p1b: Gholdengo|Trick|p2a: Volcarona
|-activate|p1b: Gholdengo|move: Trick|[of] p2a: Volcarona
|-item|p2a: Volcarona|Choice Scarf|[from] move: Trick
|-item|p1b: Gholdengo|Leftovers|[from] move: Trick
|move|p2a: Volcarona|Heat Wave|p1a: Kommo-o|[spread] p1b
|-miss|p2a: Volcarona|p1a: Kommo-o
|-supereffective|p1b: Gholdengo
|-damage|p1b: Gholdengo|0 fnt
|faint|p1b: Gholdengo
|move|p2b: Big Jerry|Wood Hammer|p1a: Kommo-o
|-resisted|p1a: Kommo-o
|-damage|p1a: Kommo-o|13/100 par
|-damage|p2b: Big Jerry|86/100 psn|[from] Recoil
|move|p1a: Kommo-o|Clangorous Soul||[still]
|-fail|p1a: Kommo-o
|
|-weather|Sandstorm|[upkeep]
|-damage|p2a: Volcarona|68/100|[from] Sandstorm
|-damage|p2b: Big Jerry|80/100 psn|[from] Sandstorm
|-heal|p2a: Volcarona|74/100|[from] Grassy Terrain
|-heal|p2b: Big Jerry|86/100 psn|[from] Grassy Terrain
|-heal|p1a: Kommo-o|19/100 par|[from] Grassy Terrain
|-heal|p1a: Kommo-o|25/100 par|[from] item: Leftovers
|-damage|p2b: Big Jerry|73/100 psn|[from] psn
|upkeep
|turn|7
|-message|the winking dol forfeited.
|
|win|mariocansado
||mariocansado is ready for game 2.
||the winking dol is ready for game 2.
|uhtml|next|Next: Game 2 of 3
