|j|☆SiahSupaB
|j|☆lettitripppp
|html|SiahSupaBlettitripppp    
|uhtml|bestof|Game 2 of a best-of-3
|t:|1785270203
|gametype|doubles
|player|p1|SiahSupaB|2|1109
|player|p2|lettitripppp|lucas|1230
|gen|9
|tier|[Gen 9 Champions] VGC 2026 Reg M-B (Bo3)
|rated|
|rule|Species Clause: Limit one of each Pokémon
|rule|Item Clause: Limit 1 of each item
|clearpoke
|poke|p1|Metagross, L50|
|poke|p1|Whimsicott, L50, F|
|poke|p1|Farigiraf, L50, M|
|poke|p1|Incineroar, L50, M|
|poke|p1|Tyranitar, L50, M|
|poke|p1|Basculegion, L50, M|
|poke|p2|Staraptor, L50, M|
|poke|p2|Tyranitar, L50, M|
|poke|p2|Excadrill, L50, M|
|poke|p2|Gholdengo, L50|
|poke|p2|Milotic, L50, F|
|poke|p2|Sinistcha, L50|
|teampreview|4
|showteam|p1|Metagross||Metagrossite|ClearBody|IronHead,PsychicFangs,StompingTantrum,Protect|Adamant|||||50|]Whimsicott||FocusSash|Prankster|Moonblast,Tailwind,Encore,Protect|Timid||F|||50|]Farigiraf||ColburBerry|ArmorTail|Psychic,Thunderbolt,TrickRoom,Roar|Modest||M|||50|]Incineroar||Charcoal|Intimidate|FlareBlitz,DarkestLariat,FakeOut,PartingShot|Adamant||M|||50|]Tyranitar||Tyranitarite|SandStream|RockSlide,KnockOff,LowKick,Protect|Serious||M|||50|]Basculegion||LifeOrb|Adaptability|LastRespects,WaveCrash,AquaJet,Protect|Adamant||M|||50|
|showteam|p2|Staraptor||Staraptite|Intimidate|CloseCombat,BraveBird,Tailwind,Protect|Jolly||M|||50|]Tyranitar||Tyranitarite|SandStream|RockSlide,KnockOff,LowKick,Protect|Jolly||M|||50|]Excadrill||FocusSash|SandRush|HighHorsepower,RockSlide,IronHead,Protect|Adamant||M|||50|]Gholdengo||LifeOrb|GoodasGold|MakeItRain,ShadowBall,NastyPlot,Protect|Timid|||||50|]Milotic||Leftovers|Competitive|IcyWind,Scald,Haze,Protect|Calm||F|||50|]Sinistcha||ColburBerry|Hospitality|MatchaGotcha,RagePowder,TrickRoom,Protect|Bold|||||50|
|inactive|Battle timer is ON: inactive players will automatically lose when time's up. (requested by lettitripppp)
|
|t:|1785270226
|teamsize|p1|4
|teamsize|p2|4
|start
|switch|p1a: Metagross|Metagross, L50|100/100
|switch|p1b: Incineroar|Incineroar, L50, M|100/100
|switch|p2a: SATOROU|Gholdengo, L50|100/100
|switch|p2b: HEALROOM|Sinistcha, L50|100/100
|-ability|p1b: Incineroar|Intimidate|boost
|-unboost|p2a: SATOROU|atk|1
|-unboost|p2b: HEALROOM|atk|1
|turn|1
|
|t:|1785270249
|detailschange|p1a: Metagross|Metagross-Mega, L50
|-mega|p1a: Metagross|Metagross|Metagrossite
|move|p2b: HEALROOM|Rage Powder|p2b: HEALROOM
|-singleturn|p2b: HEALROOM|move: Rage Powder
|move|p2a: SATOROU|Nasty Plot|p2a: SATOROU
|-boost|p2a: SATOROU|spa|2
|move|p1a: Metagross|Stomping Tantrum|p2b: HEALROOM
|-resisted|p2b: HEALROOM|1
|-damage|p2b: HEALROOM|83/100
|move|p1b: Incineroar|Flare Blitz|p2b: HEALROOM
|-supereffective|p2b: HEALROOM|1
|-damage|p2b: HEALROOM|0 fnt
|faint|p2b: HEALROOM
|-damage|p1b: Incineroar|75/100|[from] Recoil
|
|upkeep
|
|t:|1785270260
|switch|p2b: NUMBER 1|Staraptor, L50, M|100/100
|-ability|p2b: NUMBER 1|Intimidate|boost
|-unboost|p1a: Metagross|atk|1
|-unboost|p1b: Incineroar|atk|1
|turn|2
|inactive|lettitripppp has 30 seconds left.
|
|t:|1785270292
|switch|p1a: Farigiraf|Farigiraf, L50, M|100/100
|detailschange|p2b: NUMBER 1|Staraptor-Mega, L50, M
|-mega|p2b: NUMBER 1|Staraptor|Staraptite
|move|p2b: NUMBER 1|Close Combat|p1b: Incineroar
|-supereffective|p1b: Incineroar|1
|-damage|p1b: Incineroar|0 fnt
|-boost|p2b: NUMBER 1|def|1
|-boost|p2b: NUMBER 1|spd|1
|faint|p1b: Incineroar
|move|p2a: SATOROU|Shadow Ball|p1a: Farigiraf
|-immune|p1a: Farigiraf
|
|upkeep
|
|t:|1785270306
|switch|p1b: Basculegion|Basculegion, L50, M|100/100
|turn|3
|
|t:|1785270322
|move|p1b: Basculegion|Protect|p1b: Basculegion
|-singleturn|p1b: Basculegion|Protect
|move|p2b: NUMBER 1|Brave Bird|p1b: Basculegion
|-activate|p1b: Basculegion|move: Protect
|move|p2a: SATOROU|Make It Rain|p1b: Basculegion|[spread] p1a
|-activate|p1b: Basculegion|move: Protect
|-damage|p1a: Farigiraf|0 fnt
|-unboost|p2a: SATOROU|spa|2
|faint|p1a: Farigiraf
|-damage|p2a: SATOROU|90/100|[from] item: Life Orb
|
|upkeep
|
|t:|1785270335
|switch|p1a: Metagross|Metagross-Mega, L50|100/100
|turn|4
|
|t:|1785270343
|move|p2b: NUMBER 1|Close Combat|p1a: Metagross
|-damage|p1a: Metagross|65/100
|-boost|p2b: NUMBER 1|def|1
|-boost|p2b: NUMBER 1|spd|1
|move|p2a: SATOROU|Shadow Ball|p1b: Basculegion
|-supereffective|p1b: Basculegion|1
|-damage|p1b: Basculegion|0 fnt
|faint|p1b: Basculegion
|-damage|p2a: SATOROU|81/100|[from] item: Life Orb
|move|p1a: Metagross|Psychic Fangs|p2b: NUMBER 1
|-supereffective|p2b: NUMBER 1|1
|-damage|p2b: NUMBER 1|39/100
|
|upkeep
|turn|5
|
|t:|1785270357
|move|p2b: NUMBER 1|Tailwind|p2b: NUMBER 1
|-sidestart|p2: lettitripppp|move: Tailwind
|move|p2a: SATOROU|Shadow Ball|p1a: Metagross
|-supereffective|p1a: Metagross|1
|-damage|p1a: Metagross|0 fnt
|faint|p1a: Metagross
|-damage|p2a: SATOROU|71/100|[from] item: Life Orb
|
|win|lettitripppp
||SiahSupaB is ready for game 3.
