|j|☆AirBloom
|j|☆avigolvgc
|html|AirBloomavigolvgc    
|uhtml|bestof|Game 1 of a best-of-3
|t:|1757628322
|gametype|doubles
|player|p1|AirBloom|266|1206
|player|p2|avigolvgc|265|1179
|gen|9
|tier|[Gen 9] VGC 2025 Reg H (Bo3)
|rated|
|rule|Species Clause: Limit one of each Pokémon
|rule|Item Clause: Limit 1 of each item
|clearpoke
|poke|p1|Tyranitar, L50, F|
|poke|p1|Lycanroc, L50, M|
|poke|p1|Dondozo, L50, F|
|poke|p1|Tatsugiri, L50, M|
|poke|p1|Indeedee-F, L50, F|
|poke|p1|Armarouge, L50, F|
|poke|p2|Farigiraf, L50, F|
|poke|p2|Rillaboom, L50, M|
|poke|p2|Incineroar, L50, M|
|poke|p2|Ursaluna, L50, M|
|poke|p2|Staraptor, L50, M|
|poke|p2|Dragapult, L50, M|
|teampreview|4
|showteam|p1|Tyranitar||ChoiceBand|SandStream|RockSlide,Bulldoze,Assurance,LowKick|||F|||50|,,,,,Flying]Lycanroc||FocusSash|KeenEye|RockSlide,Bulldoze,Protect,Endeavor|||M|||50|,,,,,Ghost]Dondozo||Leftovers|Unaware|WaveCrash,Earthquake,Protect,OrderUp|||F|||50|,,,,,Dragon]Tatsugiri||AssaultVest|Commander|DracoMeteor,IcyWind,Counter,MirrorCoat|||M|||50|,,,,,Water]Indeedee-F||RockyHelmet|PsychicSurge|FollowMe,HelpingHand,TrickRoom,Psychic|||F|||50|,,,,,Grass]Armarouge||WeaknessPolicy|WeakArmor|ExpandingForce,ArmorCannon,Protect,WideGuard|||F|||50|,,,,,Grass
|showteam|p2|Farigiraf||ThroatSpray|ArmorTail|PsychicNoise,HyperVoice,TrickRoom,Protect|||F|||50|,,,,,Fairy]Rillaboom||AssaultVest|GrassySurge|WoodHammer,GrassyGlide,Uturn,FakeOut|||M|||50|,,,,,Fire]Incineroar||SafetyGoggles|Intimidate|KnockOff,PartingShot,Snarl,FakeOut|||M|||50|,,,,,Dragon]Ursaluna||FlameOrb|Guts|Facade,HeadlongRush,Earthquake,Protect|||M|||50|,,,,,Water]Staraptor||ChoiceScarf|Intimidate|CloseCombat,BraveBird,Uturn,FinalGambit|||M|||50|,,,,,Ghost]Dragapult||FocusSash|ClearBody|DragonDarts,PhantomForce,DragonTail,Protect|||M|||50|,,,,,Fire
|inactive|Battle timer is ON: inactive players will automatically lose when time's up. (requested by avigolvgc)
|inactive|AirBloom has 60 seconds left.
|
|t:|1757628355
|teamsize|p1|4
|teamsize|p2|4
|start
|switch|p1a: Tyranitar|Tyranitar, L50, F|100/100
|switch|p1b: Lycanroc|Lycanroc, L50, M|100/100
|switch|p2a: Samuel|Incineroar, L50, M, shiny|100/100
|switch|p2b: Enrique|Staraptor, L50, M|100/100
|-ability|p2b: Enrique|Intimidate|boost
|-unboost|p1a: Tyranitar|atk|1
|-unboost|p1b: Lycanroc|atk|1
|-weather|Sandstorm|[from] ability: Sand Stream|[of] p1a: Tyranitar
|-ability|p2a: Samuel|Intimidate|boost
|-unboost|p1a: Tyranitar|atk|1
|-unboost|p1b: Lycanroc|atk|1
|turn|1
|
|t:|1757628383
|switch|p2b: Noroña|Rillaboom, L50, M|100/100
|-fieldstart|move: Grassy Terrain|[from] ability: Grassy Surge|[of] p2b: Noroña
|switch|p1a: Armarouge|Armarouge, L50, F, shiny|100/100
|-terastallize|p1b: Lycanroc|Ghost
|move|p1b: Lycanroc|Bulldoze|p2a: Samuel|[spread] p1a,p2a,p2b
|-supereffective|p1a: Armarouge
|-supereffective|p2a: Samuel
|-resisted|p2b: Noroña
|-damage|p1a: Armarouge|94/100
|-damage|p2a: Samuel|94/100
|-damage|p2b: Noroña|99/100
|-unboost|p1a: Armarouge|spe|1
|-unboost|p2a: Samuel|spe|1
|-unboost|p2b: Noroña|spe|1
|-ability|p1a: Armarouge|Weak Armor|boost
|-unboost|p1a: Armarouge|def|1
|-boost|p1a: Armarouge|spe|2
|-enditem|p1a: Armarouge|Weakness Policy
|-boost|p1a: Armarouge|atk|2|[from] item: Weakness Policy
|-boost|p1a: Armarouge|spa|2|[from] item: Weakness Policy
|move|p2a: Samuel|Parting Shot|p1b: Lycanroc
|-unboost|p1b: Lycanroc|atk|1
|-unboost|p1b: Lycanroc|spa|1
|
|t:|1757628407
|switch|p2a: Quirino|Ursaluna, L50, M|100/100|[from] Parting Shot
|
|-weather|Sandstorm|[upkeep]
|-damage|p1b: Lycanroc|95/100|[from] Sandstorm
|-damage|p1a: Armarouge|88/100|[from] Sandstorm
|-damage|p2b: Noroña|93/100|[from] Sandstorm
|-heal|p1b: Lycanroc|100/100|[from] Grassy Terrain
|-heal|p1a: Armarouge|94/100|[from] Grassy Terrain
|-heal|p2b: Noroña|99/100|[from] Grassy Terrain
|-status|p2a: Quirino|brn|[from] item: Flame Orb
|upkeep
|turn|2
|
|t:|1757628420
|switch|p1b: Indeedee|Indeedee-F, L50, F|100/100
|-fieldstart|move: Psychic Terrain|[from] ability: Psychic Surge|[of] p1b: Indeedee
|switch|p2b: Samuel|Incineroar, L50, M, shiny|94/100
|-ability|p2b: Samuel|Intimidate|boost
|-unboost|p1a: Armarouge|atk|1
|-unboost|p1b: Indeedee|atk|1
|move|p2a: Quirino|Protect|p2a: Quirino
|-singleturn|p2a: Quirino|Protect
|move|p1a: Armarouge|Expanding Force|p2a: Quirino|[spread] 
|-activate|p2a: Quirino|move: Protect
|-immune|p2b: Samuel
|
|-weather|Sandstorm|[upkeep]
|-damage|p1a: Armarouge|88/100|[from] Sandstorm
|-damage|p1b: Indeedee|94/100|[from] Sandstorm
|-damage|p2a: Quirino|94/100 brn|[from] brn
|upkeep
|turn|3
|
|t:|1757628439
|switch|p2b: Noroña|Rillaboom, L50, M|99/100
|-fieldstart|move: Grassy Terrain|[from] ability: Grassy Surge|[of] p2b: Noroña
|move|p1b: Indeedee|Follow Me|p1b: Indeedee
|-singleturn|p1b: Indeedee|move: Follow Me
|move|p1a: Armarouge|Armor Cannon|p2a: Quirino
|-damage|p2a: Quirino|0 fnt
|-unboost|p1a: Armarouge|def|1
|-unboost|p1a: Armarouge|spd|1
|faint|p2a: Quirino
|
|-weather|Sandstorm|[upkeep]
|-damage|p1a: Armarouge|83/100|[from] Sandstorm
|-damage|p2b: Noroña|93/100|[from] Sandstorm
|-damage|p1b: Indeedee|88/100|[from] Sandstorm
|-heal|p1a: Armarouge|88/100|[from] Grassy Terrain
|-heal|p2b: Noroña|99/100|[from] Grassy Terrain
|-heal|p1b: Indeedee|94/100|[from] Grassy Terrain
|upkeep
|
|t:|1757628455
|switch|p2a: Enrique|Staraptor, L50, M|100/100
|-ability|p2a: Enrique|Intimidate|boost
|-unboost|p1a: Armarouge|atk|1
|-unboost|p1b: Indeedee|atk|1
|turn|4
|
|t:|1757628468
|switch|p1b: Tyranitar|Tyranitar, L50, F|100/100
|move|p1a: Armarouge|Protect|p1a: Armarouge
|-singleturn|p1a: Armarouge|Protect
|move|p2a: Enrique|U-turn|p1a: Armarouge
|-activate|p1a: Armarouge|move: Protect
|move|p2b: Noroña|U-turn|p1b: Tyranitar
|-supereffective|p1b: Tyranitar
|-damage|p1b: Tyranitar|57/100
|
|t:|1757628476
|switch|p2b: Samuel|Incineroar, L50, M, shiny|94/100|[from] U-turn
|-ability|p2b: Samuel|Intimidate|boost
|-unboost|p1a: Armarouge|atk|1
|-unboost|p1b: Tyranitar|atk|1
|
|-weather|Sandstorm|[upkeep]
|-damage|p2a: Enrique|94/100|[from] Sandstorm
|-damage|p1a: Armarouge|83/100|[from] Sandstorm
|-heal|p1a: Armarouge|88/100|[from] Grassy Terrain
|-heal|p1b: Tyranitar|63/100|[from] Grassy Terrain
|-heal|p2b: Samuel|99/100|[from] Grassy Terrain
|upkeep
|turn|5
|
|t:|1757628492
|switch|p1b: Indeedee|Indeedee-F, L50, F|94/100
|-fieldstart|move: Psychic Terrain|[from] ability: Psychic Surge|[of] p1b: Indeedee
|move|p2a: Enrique|U-turn|p1a: Armarouge
|-damage|p1a: Armarouge|54/100
|-ability|p1a: Armarouge|Weak Armor|boost
|-unboost|p1a: Armarouge|def|1
|-boost|p1a: Armarouge|spe|2
|
|t:|1757628499
|switch|p2a: Noroña|Rillaboom, L50, M|99/100|[from] U-turn
|-fieldstart|move: Grassy Terrain|[from] ability: Grassy Surge|[of] p2a: Noroña
|move|p1a: Armarouge|Armor Cannon|p2a: Noroña
|-supereffective|p2a: Noroña
|-damage|p2a: Noroña|0 fnt
|-unboost|p1a: Armarouge|def|1
|-unboost|p1a: Armarouge|spd|1
|faint|p2a: Noroña
|move|p2b: Samuel|Knock Off|p1a: Armarouge
|-supereffective|p1a: Armarouge
|-crit|p1a: Armarouge
|-damage|p1a: Armarouge|0 fnt
|faint|p1a: Armarouge
|
|-weather|none
|-heal|p1b: Indeedee|100/100|[from] Grassy Terrain
|-heal|p2b: Samuel|100/100|[from] Grassy Terrain
|upkeep
|
|t:|1757628519
|switch|p2a: Enrique|Staraptor, L50, M|94/100
|switch|p1a: Lycanroc|Lycanroc, L50, M, tera:Ghost|100/100
|-ability|p2a: Enrique|Intimidate|boost
|-unboost|p1a: Lycanroc|atk|1
|-unboost|p1b: Indeedee|atk|1
|turn|6
|inactive|AirBloom has 30 seconds left.
|
|t:|1757628553
|move|p1b: Indeedee|Follow Me|p1b: Indeedee
|-singleturn|p1b: Indeedee|move: Follow Me
|move|p2a: Enrique|Final Gambit|p1b: Indeedee
|-damage|p1b: Indeedee|0 fnt
|faint|p2a: Enrique
|faint|p1b: Indeedee
|move|p1a: Lycanroc|Rock Slide|p2b: Samuel
|-supereffective|p2b: Samuel
|-damage|p2b: Samuel|58/100
|move|p2b: Samuel|Knock Off|p1a: Lycanroc
|-supereffective|p1a: Lycanroc
|-crit|p1a: Lycanroc
|-enditem|p1a: Lycanroc|Focus Sash
|-damage|p1a: Lycanroc|1/100
|
|-heal|p1a: Lycanroc|7/100|[from] Grassy Terrain
|-heal|p2b: Samuel|64/100|[from] Grassy Terrain
|upkeep
|
|t:|1757628565
|switch|p1b: Tyranitar|Tyranitar, L50, F|63/100
|-weather|Sandstorm|[from] ability: Sand Stream|[of] p1b: Tyranitar
|turn|7
|
|t:|1757628573
|move|p1a: Lycanroc|Endeavor|p2b: Samuel
|-damage|p2b: Samuel|5/100
|move|p1b: Tyranitar|Rock Slide|p2b: Samuel
|-supereffective|p2b: Samuel
|-crit|p2b: Samuel
|-damage|p2b: Samuel|0 fnt
|faint|p2b: Samuel
|
|win|AirBloom
||avigolvgc is ready for game 2.
||AirBloom is ready for game 2.
|uhtml|next|Next: Game 2 of 3
