|j|☆KorrinaOps5
|j|☆ZieCE
|html|KorrinaOps5ZieCE    
|uhtml|bestof|Game 1 of a best-of-3
|t:|1757750548
|gametype|doubles
|player|p1|KorrinaOps5|170|1104
|player|p2|ZieCE|alder|1042
|gen|9
|tier|[Gen 9] VGC 2025 Reg H (Bo3)
|rated|
|rule|Species Clause: Limit one of each Pokémon
|rule|Item Clause: Limit 1 of each item
|clearpoke
|poke|p1|Pelipper, L50, M|
|poke|p1|Dragonite, L50, M|
|poke|p1|Sinistcha, L50|
|poke|p1|Incineroar, L50, M|
|poke|p1|Archaludon, L50, F|
|poke|p1|Ursaluna, L50, M|
|poke|p2|Dragapult, L50, M|
|poke|p2|Kingambit, L50, F|
|poke|p2|Indeedee-F, L50, F|
|poke|p2|Ursaluna-Bloodmoon, L50, M|
|poke|p2|Sneasler, L50, M|
|poke|p2|Ninetales-Alola, L50, M|
|teampreview|4
|showteam|p1|Pelipper||FocusSash|Drizzle|MuddyWater,Hurricane,Tailwind,Protect|||M|||50|,,,,,Stellar]Dragonite||LoadedDice|Multiscale|ScaleShot,Tailwind,Haze,Protect|||M|||50|,,,,,Steel]Sinistcha||SitrusBerry|Hospitality|MatchaGotcha,RagePowder,LifeDew,TrickRoom||||||50|,,,,,Water]Incineroar||SafetyGoggles|Intimidate|KnockOff,Taunt,PartingShot,FakeOut|||M|||50|,,,,,Ghost]Archaludon||AssaultVest|Stamina|FlashCannon,Snarl,BodyPress,ElectroShot|||F|||50|,,,,,Fighting]Ursaluna||FlameOrb|Guts|Facade,HeadlongRush,Earthquake,Protect|||M|||50|,,,,,Fairy
|showteam|p2|Dragapult||ChoiceBand|ClearBody|DragonDarts,PhantomForce,Uturn,Outrage|||M|||50|,,,,,Steel]Kingambit||AssaultVest|Defiant|KowtowCleave,LowKick,SuckerPunch,IronHead|||F|||50|,,,,,Flying]Indeedee-F||RockyHelmet|PsychicSurge|FollowMe,TrickRoom,SkillSwap,HelpingHand|||F|||50|,,,,,Fairy]Ursaluna-Bloodmoon||LifeOrb|MindsEye|BloodMoon,EarthPower,Protect,HyperVoice|||M|||50|,,,,,Normal]Sneasler||PsychicSeed|Unburden|Coaching,CloseCombat,Protect,DireClaw|||M|||50|,,,,,Grass]Ninetales-Alola||FocusSash|SnowWarning|Protect,Blizzard,FreezeDry,Moonblast|||M|||50|,,,,,Ghost
|
|t:|1757750600
|teamsize|p1|4
|teamsize|p2|4
|start
|switch|p1a: Dragonite|Dragonite, L50, M|100/100
|switch|p1b: Archaludon|Archaludon, L50, F|100/100
|switch|p2a: Dragapult|Dragapult, L50, M|100/100
|switch|p2b: Indeedee|Indeedee-F, L50, F|100/100
|-fieldstart|move: Psychic Terrain|[from] ability: Psychic Surge|[of] p2b: Indeedee
|turn|1
|
|t:|1757750633
|-terastallize|p2a: Dragapult|Steel
|-terastallize|p1a: Dragonite|Steel
|move|p2a: Dragapult|Dragon Darts|p1b: Archaludon
|-damage|p1b: Archaludon|76/100
|-ability|p1b: Archaludon|Stamina|boost
|-boost|p1b: Archaludon|def|1
|-anim|p2a: Dragapult|Dragon Darts|p1a: Dragonite
|-resisted|p1a: Dragonite
|-damage|p1a: Dragonite|89/100
|move|p1a: Dragonite|Scale Shot|p1b: Archaludon
|-damage|p1b: Archaludon|69/100
|-ability|p1b: Archaludon|Stamina|boost
|-boost|p1b: Archaludon|def|1
|-damage|p1b: Archaludon|64/100
|-ability|p1b: Archaludon|Stamina|boost
|-boost|p1b: Archaludon|def|1
|-damage|p1b: Archaludon|60/100
|-ability|p1b: Archaludon|Stamina|boost
|-boost|p1b: Archaludon|def|1
|-damage|p1b: Archaludon|55/100
|-ability|p1b: Archaludon|Stamina|boost
|-boost|p1b: Archaludon|def|1
|-hitcount|p1b: Archaludon|4
|-unboost|p1a: Dragonite|def|1
|-boost|p1a: Dragonite|spe|1
|move|p1b: Archaludon|Body Press|p2b: Indeedee
|-damage|p2b: Indeedee|5/100
|-damage|p1b: Archaludon|39/100|[from] item: Rocky Helmet|[of] p2b: Indeedee
|move|p2b: Indeedee|Skill Swap|p1b: Archaludon
|-activate|p2b: Indeedee|move: Skill Swap|Stamina|Psychic Surge|[of] p1b: Archaludon
|
|upkeep
|turn|2
|
|t:|1757750669
|switch|p1a: Sinistcha|Sinistcha, L50|100/100
|-heal|p1b: Archaludon|64/100|[from] ability: Hospitality|[of] p1a: Sinistcha
|move|p2b: Indeedee|Follow Me|p2b: Indeedee
|-singleturn|p2b: Indeedee|move: Follow Me
|move|p2a: Dragapult|Dragon Darts|p1b: Archaludon
|-damage|p1b: Archaludon|56/100
|-anim|p2a: Dragapult|Dragon Darts|p1a: Sinistcha
|-damage|p1a: Sinistcha|68/100
|move|p1b: Archaludon|Body Press|p2b: Indeedee
|-damage|p2b: Indeedee|0 fnt
|-damage|p1b: Archaludon|40/100|[from] item: Rocky Helmet|[of] p2b: Indeedee
|faint|p2b: Indeedee
|
|upkeep
|
|t:|1757750689
|switch|p2b: Ursaluna|Ursaluna-Bloodmoon, L50, M|100/100
|turn|3
|
|t:|1757750718
|switch|p2a: Sneasler|Sneasler, L50, M|100/100
|-enditem|p2a: Sneasler|Psychic Seed
|-boost|p2a: Sneasler|spd|1|[from] item: Psychic Seed
|move|p2b: Ursaluna|Protect|p2b: Ursaluna
|-singleturn|p2b: Ursaluna|Protect
|move|p1a: Sinistcha|Rage Powder|p1a: Sinistcha
|-singleturn|p1a: Sinistcha|move: Rage Powder
|move|p1b: Archaludon|Body Press|p2b: Ursaluna
|-activate|p2b: Ursaluna|move: Protect
|
|upkeep
|turn|4
|
|t:|1757750765
|move|p2a: Sneasler|Dire Claw|p1a: Sinistcha
|-damage|p1a: Sinistcha|31/100
|-enditem|p1a: Sinistcha|Sitrus Berry|[eat]
|-heal|p1a: Sinistcha|56/100|[from] item: Sitrus Berry
|move|p1b: Archaludon|Body Press|p2b: Ursaluna
|-supereffective|p2b: Ursaluna
|-damage|p2b: Ursaluna|0 fnt
|faint|p2b: Ursaluna
|move|p1a: Sinistcha|Life Dew|p1a: Sinistcha|[spread] p1a,p1b
|-heal|p1a: Sinistcha|81/100
|-heal|p1b: Archaludon|65/100
|
|upkeep
|
|t:|1757750773
|switch|p2b: Dragapult|Dragapult, L50, M, tera:Steel|100/100
|turn|5
|
|t:|1757750797
|move|p2a: Sneasler|Dire Claw|p1a: Sinistcha
|-damage|p1a: Sinistcha|44/100
|move|p2b: Dragapult|Phantom Force||[still]
|-prepare|p2b: Dragapult|Phantom Force
|move|p1b: Archaludon|Body Press|p2b: Dragapult|[miss]
|-miss|p1b: Archaludon|p2b: Dragapult
|move|p1a: Sinistcha|Life Dew|p1a: Sinistcha|[spread] p1a,p1b
|-heal|p1a: Sinistcha|69/100
|-heal|p1b: Archaludon|90/100
|
|-fieldend|move: Psychic Terrain
|upkeep
|turn|6
|
|t:|1757750831
|switch|p1a: Dragonite|Dragonite, L50, M, tera:Steel|89/100
|move|p2a: Sneasler|Dire Claw|p1a: Dragonite
|-immune|p1a: Dragonite
|move|p2b: Dragapult|Phantom Force|p1b: Archaludon|[from] lockedmove
|-damage|p1b: Archaludon|76/100
|move|p1b: Archaludon|Body Press|p2b: Dragapult
|-supereffective|p2b: Dragapult
|-damage|p2b: Dragapult|0 fnt
|faint|p2b: Dragapult
|
|upkeep
|turn|7
|-message|ZieCE forfeited.
|
|win|KorrinaOps5
|l|☆ZieCE
|player|p2|
||ZieCE is ready for game 2.
||KorrinaOps5 is ready for game 2.
|uhtml|next|Next: Game 2 of 3
