|j|☆humanbacon
|j|☆ultraclaw1
|html|humanbaconultraclaw1    
|uhtml|bestof|Game 1 of a best-of-3
|t:|1783944014
|gametype|doubles
|player|p1|humanbacon|acetrainer|1106
|player|p2|ultraclaw1|brycenman|1354
|gen|9
|tier|[Gen 9 Champions] VGC 2026 Reg M-B (Bo3)
|rated|
|rule|Species Clause: Limit one of each Pokémon
|rule|Item Clause: Limit 1 of each item
|clearpoke
|poke|p1|Raichu, L50, F|
|poke|p1|Venusaur, L50, F|
|poke|p1|Milotic, L50, F|
|poke|p1|Ninetales-Alola, L50, F|
|poke|p1|Garchomp, L50, F|
|poke|p1|Incineroar, L50, M|
|poke|p2|Maushold, L50|
|poke|p2|Kingambit, L50, M|
|poke|p2|Garchomp, L50, M|
|poke|p2|Basculegion, L50, M|
|poke|p2|Talonflame, L50, M|
|poke|p2|Floette-Eternal, L50, F|
|teampreview|4
|showteam|p1|Raichu||RaichuniteY|LightningRod|ZapCannon,FocusBlast,FakeOut,Protect|Timid||F|||50|]Venusaur||Venusaurite|Chlorophyll|EnergyBall,SludgeBomb,LeechSeed,Protect|Modest||F|||50|]Milotic||Leftovers|Competitive|Scald,IcyWind,LifeDew,Protect|Modest||F|||50|]Ninetales-Alola||FocusSash|SnowWarning|FreezeDry,IcyWind,Moonblast,Protect|Timid||F|||50|]Garchomp||LifeOrb|RoughSkin|DragonClaw,StompingTantrum,RockTomb,Protect|Adamant||F|||50|]Incineroar||SitrusBerry|Intimidate|FakeOut,ThroatChop,PartingShot,FlareBlitz|Adamant||M|||50|
|showteam|p2|Maushold||FocusSash|FriendGuard|SuperFang,Feint,FollowMe,Protect|Timid|||||50|]Kingambit||ChopleBerry|Defiant|KowtowCleave,SuckerPunch,LowKick,IronHead|Adamant||M|||50|]Garchomp||LifeOrb|RoughSkin|RockSlide,Earthquake,DragonClaw,Protect|Jolly||M|||50|]Basculegion||MysticWater|Adaptability|WaveCrash,LastRespects,AquaJet,Protect|Adamant||M|||50|]Talonflame||SharpBeak|GaleWings|QuickGuard,DualWingbeat,Tailwind,Protect|Jolly||M|||50|]Floette-Eternal||Floettite|FlowerVeil|LightofRuin,Protect,Moonblast,DazzlingGleam|Modest||F|||50|
|inactive|Battle timer is ON: inactive players will automatically lose when time's up. (requested by ultraclaw1)
|
|t:|1783944033
|teamsize|p1|4
|teamsize|p2|4
|start
|switch|p1a: Raichu|Raichu, L50, F|100/100
|switch|p1b: Ninetales|Ninetales-Alola, L50, F|100/100
|switch|p2a: Floette|Floette-Eternal, L50, F|100/100
|switch|p2b: Talonflame|Talonflame, L50, M|100/100
|-weather|Snowscape|[from] ability: Snow Warning|[of] p1b: Ninetales
|turn|1
|
|t:|1783944044
|detailschange|p1a: Raichu|Raichu-Mega-Y, L50, F
|-mega|p1a: Raichu|Raichu|Raichunite Y
|detailschange|p2a: Floette|Floette-Mega, L50, F
|-mega|p2a: Floette|Floette|Floettite
|-ability|p2a: Floette|Fairy Aura
|move|p2b: Talonflame|Tailwind|p2b: Talonflame
|-sidestart|p2: ultraclaw1|move: Tailwind
|move|p2a: Floette|Moonblast|p1a: Raichu
|-damage|p1a: Raichu|0 fnt
|faint|p1a: Raichu
|move|p1b: Ninetales|Moonblast|p2a: Floette
|-damage|p2a: Floette|56/100
|
|-weather|Snowscape|[upkeep]
|upkeep
|
|t:|1783944053
|switch|p1a: Venusaur|Venusaur, L50, F|100/100
|turn|2
|
|t:|1783944062
|move|p1a: Venusaur|Protect|p1a: Venusaur
|-singleturn|p1a: Venusaur|Protect
|move|p2b: Talonflame|Dual Wingbeat|p1a: Venusaur
|-activate|p1a: Venusaur|move: Protect
|move|p2a: Floette|Moonblast|p1b: Ninetales
|-enditem|p1b: Ninetales|Focus Sash
|-damage|p1b: Ninetales|1/100
|move|p1b: Ninetales|Icy Wind|p2a: Floette|[spread] p2a,p2b
|-damage|p2a: Floette|41/100
|-damage|p2b: Talonflame|74/100
|-unboost|p2a: Floette|spe|1
|-unboost|p2b: Talonflame|spe|1
|
|-weather|Snowscape|[upkeep]
|upkeep
|turn|3
|
|t:|1783944075
|switch|p1a: Milotic|Milotic, L50, F|100/100
|move|p1b: Ninetales|Protect|p1b: Ninetales
|-singleturn|p1b: Ninetales|Protect
|move|p2b: Talonflame|Dual Wingbeat|p1a: Milotic
|-damage|p1a: Milotic|82/100
|-damage|p1a: Milotic|64/100
|-hitcount|p1a: Milotic|2
|move|p2a: Floette|Light of Ruin|p1a: Milotic|[miss]
|-miss|p2a: Floette|p1a: Milotic
|
|-weather|Snowscape|[upkeep]
|-heal|p1a: Milotic|70/100|[from] item: Leftovers
|upkeep
|turn|4
|
|t:|1783944088
|move|p1a: Milotic|Protect|p1a: Milotic
|-singleturn|p1a: Milotic|Protect
|move|p2b: Talonflame|Dual Wingbeat|p1b: Ninetales
|-crit|p1b: Ninetales
|-damage|p1b: Ninetales|0 fnt
|faint|p1b: Ninetales
|-hitcount|p1: Ninetales|1
|move|p2a: Floette|Light of Ruin|p1a: Milotic
|-activate|p1a: Milotic|move: Protect
|
|-weather|Snowscape|[upkeep]
|-heal|p1a: Milotic|76/100|[from] item: Leftovers
|-sideend|p2: ultraclaw1|move: Tailwind
|upkeep
|
|t:|1783944093
|switch|p1b: Venusaur|Venusaur, L50, F|100/100
|turn|5
|
|t:|1783944103
|move|p2b: Talonflame|Tailwind|p2b: Talonflame
|-sidestart|p2: ultraclaw1|move: Tailwind
|move|p2a: Floette|Light of Ruin|p1a: Milotic
|-damage|p1a: Milotic|0 fnt
|faint|p1a: Milotic
|-damage|p2a: Floette|0 fnt|[from] Recoil
|faint|p2a: Floette
|move|p1b: Venusaur|Sludge Bomb|p2b: Talonflame
|-damage|p2b: Talonflame|7/100
|
|-weather|none
|upkeep
|
|t:|1783944108
|switch|p2a: Garchomp|Garchomp, L50, M|100/100
|turn|6
|
|t:|1783944131
|move|p2a: Garchomp|Earthquake|p1b: Venusaur|[spread] p1b
|-immune|p2b: Talonflame
|-damage|p1b: Venusaur|36/100
|-damage|p2a: Garchomp|90/100|[from] item: Life Orb
|move|p2b: Talonflame|Dual Wingbeat|p1b: Venusaur
|-supereffective|p1b: Venusaur|1
|-damage|p1b: Venusaur|0 fnt
|faint|p1b: Venusaur
|-hitcount|p1: Venusaur|1
|
|win|ultraclaw1
||humanbacon is ready for game 2.
||ultraclaw1 is ready for game 2.
|uhtml|next|Next: Game 2 of 3
|l|☆ultraclaw1
|player|p2|
|l|☆humanbacon
|player|p1|
|j|☆ultraclaw1
|player|p2|ultraclaw1|brycenman|
