|j|☆orbwair
|j|☆KKameleon8
|html|orbwairKKameleon8    
|uhtml|bestof|Game 2 of a best-of-3
|t:|1782479139
|gametype|doubles
|player|p1|orbwair|265|1108
|player|p2|KKameleon8|1|1206
|gen|9
|tier|[Gen 9 Champions] VGC 2026 Reg M-B (Bo3)
|rated|
|rule|Species Clause: Limit one of each Pokémon
|rule|Item Clause: Limit 1 of each item
|clearpoke
|poke|p1|Staraptor, L50, F|
|poke|p1|Incineroar, L50, F|
|poke|p1|Sinistcha, L50|
|poke|p1|Maushold, L50|
|poke|p1|Delphox, L50, F|
|poke|p1|Toxapex, L50, F|
|poke|p2|Pelipper, L50, M|
|poke|p2|Incineroar, L50, M|
|poke|p2|Farigiraf, L50, M|
|poke|p2|Mawile, L50, F|
|poke|p2|Maushold, L50|
|poke|p2|Basculegion, L50, M|
|teampreview|4
|showteam|p1|Staraptor||Staraptite|Intimidate|DualWingbeat,CloseCombat,Roost,Protect|Jolly||F|||50|]Incineroar||SitrusBerry|Intimidate|FakeOut,PartingShot,FlareBlitz,ThroatChop|Adamant||F|||50|]Sinistcha||KasibBerry|Hospitality|MatchaGotcha,RagePowder,LifeDew,Protect|Sassy|||||50|]Maushold||FocusSash|FriendGuard|FollowMe,SunnyDay,Charm,Protect|Jolly|||||50|]Delphox||Delphoxite|Blaze|Protect,HeatWave,Psyshock,NastyPlot|Timid||F|||50|]Toxapex||Leftovers|Regenerator|Infestation,Toxic,WideGuard,BanefulBunker|Bold||F|||50|
|showteam|p2|Pelipper||FocusSash|Drizzle|Hurricane,WeatherBall,Tailwind,Protect|Modest||M|||50|]Incineroar||SitrusBerry|Intimidate|FakeOut,FlareBlitz,ThroatChop,PartingShot|Impish||M|||50|]Farigiraf||ColburBerry|ArmorTail|Psychic,HelpingHand,TrickRoom,Protect|Calm||M|||50|]Mawile||Mawilite|HyperCutter|IronHead,PlayRough,SuckerPunch,Protect|Brave||F|||50|]Maushold||WideLens|CheekPouch|PopulationBomb,FollowMe,Encore,Protect|Jolly|||||50|]Basculegion||ChoiceScarf|Adaptability|WaveCrash,LastRespects,AquaJet,FlipTurn|Jolly||M|||50|
|inactive|Battle timer is ON: inactive players will automatically lose when time's up. (requested by orbwair)
|
|t:|1782479165
|teamsize|p1|4
|teamsize|p2|4
|start
|switch|p1a: Staraptor|Staraptor, L50, F|100/100
|switch|p1b: Toxapex|Toxapex, L50, F|100/100
|switch|p2a: Incineroar|Incineroar, L50, M|100/100
|switch|p2b: Farigiraf|Farigiraf, L50, M|100/100
|-ability|p1a: Staraptor|Intimidate|boost
|-unboost|p2a: Incineroar|atk|1
|-unboost|p2b: Farigiraf|atk|1
|-ability|p2a: Incineroar|Intimidate|boost
|-unboost|p1a: Staraptor|atk|1
|-unboost|p1b: Toxapex|atk|1
|turn|1
|
|t:|1782479183
|detailschange|p1a: Staraptor|Staraptor-Mega, L50, F
|-mega|p1a: Staraptor|Staraptor|Staraptite
|move|p1a: Staraptor|Dual Wingbeat|p2b: Farigiraf
|-damage|p2b: Farigiraf|86/100
|-damage|p2b: Farigiraf|70/100
|-hitcount|p2b: Farigiraf|2
|move|p2a: Incineroar|Parting Shot|p1b: Toxapex
|-unboost|p1b: Toxapex|atk|1
|-unboost|p1b: Toxapex|spa|1
|
|t:|1782479187
|switch|p2a: Mawile|Mawile, L50, F|100/100|[from] Parting Shot
|move|p1b: Toxapex|Toxic|p2a: Mawile
|-immune|p2a: Mawile
|move|p2b: Farigiraf|Trick Room|p2b: Farigiraf
|-fieldstart|move: Trick Room|[of] p2b: Farigiraf
|
|upkeep
|turn|2
|
|t:|1782479204
|detailschange|p2a: Mawile|Mawile-Mega, L50, F
|-mega|p2a: Mawile|Mawile|Mawilite
|move|p1a: Staraptor|Protect|p1a: Staraptor
|-singleturn|p1a: Staraptor|Protect
|move|p1b: Toxapex|Infestation|p2b: Farigiraf
|-supereffective|p2b: Farigiraf|1
|-damage|p2b: Farigiraf|67/100
|-activate|p2b: Farigiraf|move: Infestation|[of] p1b: Toxapex
|move|p2a: Mawile|Play Rough|p1a: Staraptor
|-activate|p1a: Staraptor|move: Protect
|move|p2b: Farigiraf|Psychic|p1b: Toxapex
|-supereffective|p1b: Toxapex|1
|-damage|p1b: Toxapex|42/100
|
|-heal|p1b: Toxapex|48/100|[from] item: Leftovers
|-damage|p2b: Farigiraf|55/100|[from] move: Infestation|[partiallytrapped]
|upkeep
|turn|3
|
|t:|1782479221
|switch|p1a: Sinistcha|Sinistcha, L50|100/100
|-heal|p1b: Toxapex|73/100|[from] ability: Hospitality|[of] p1a: Sinistcha
|move|p1b: Toxapex|Toxic|p2b: Farigiraf
|-status|p2b: Farigiraf|tox
|move|p2a: Mawile|Play Rough|p1b: Toxapex
|-resisted|p1b: Toxapex|1
|-damage|p1b: Toxapex|45/100
|move|p2b: Farigiraf|Psychic|p1b: Toxapex
|-supereffective|p1b: Toxapex|1
|-damage|p1b: Toxapex|0 fnt
|faint|p1b: Toxapex
|
|-damage|p2b: Farigiraf|49/100 tox|[from] psn
|-end|p2b: Farigiraf|Infestation|[partiallytrapped]|[silent]
|upkeep
|
|t:|1782479236
|switch|p1b: Staraptor|Staraptor-Mega, L50, F|100/100
|turn|4
|
|t:|1782479251
|move|p2b: Farigiraf|Helping Hand|p2a: Mawile
|-singleturn|p2a: Mawile|Helping Hand|[of] p2b: Farigiraf
|move|p1a: Sinistcha|Rage Powder|p1a: Sinistcha
|-singleturn|p1a: Sinistcha|move: Rage Powder
|move|p2a: Mawile|Play Rough|p1a: Sinistcha
|-damage|p1a: Sinistcha|0 fnt
|faint|p1a: Sinistcha
|move|p1b: Staraptor|Close Combat|p2a: Mawile
|-damage|p2a: Mawile|35/100
|-boost|p1b: Staraptor|def|1
|-boost|p1b: Staraptor|spd|1
|
|-damage|p2b: Farigiraf|37/100 tox|[from] psn
|upkeep
|
|t:|1782479263
|switch|p1a: Maushold|Maushold, L50|100/100
|turn|5
|
|t:|1782479278
|switch|p2a: Incineroar|Incineroar, L50, M|100/100
|-ability|p2a: Incineroar|Intimidate|boost
|-unboost|p1a: Maushold|atk|1
|-boost|p1b: Staraptor|atk|1
|move|p2b: Farigiraf|Protect|p2b: Farigiraf
|-singleturn|p2b: Farigiraf|Protect
|move|p1b: Staraptor|Protect|p1b: Staraptor
|-singleturn|p1b: Staraptor|Protect
|move|p1a: Maushold|Protect||[still]
|-fail|p1a: Maushold
|
|-damage|p2b: Farigiraf|19/100 tox|[from] psn
|-fieldend|move: Trick Room
|upkeep
|turn|6
|
|t:|1782479284
|move|p2a: Incineroar|Fake Out|p1b: Staraptor
|-damage|p1b: Staraptor|93/100
|move|p1a: Maushold|Charm|p1b: Staraptor
|-boost|p1b: Staraptor|atk|2
|cant|p1b: Staraptor|flinch
|move|p2b: Farigiraf|Trick Room|p2b: Farigiraf
|-fieldstart|move: Trick Room|[of] p2b: Farigiraf
|
|-damage|p2b: Farigiraf|0 fnt|[from] psn
|faint|p2b: Farigiraf
|upkeep
|
|t:|1782479288
|switch|p2b: Mawile|Mawile-Mega, L50, F|35/100
|turn|7
|
|t:|1782479293
|move|p1a: Maushold|Follow Me|p1a: Maushold
|-singleturn|p1a: Maushold|move: Follow Me
|move|p2b: Mawile|Play Rough|p1a: Maushold
|-enditem|p1a: Maushold|Focus Sash
|-damage|p1a: Maushold|1/100
|move|p2a: Incineroar|Flare Blitz|p1a: Maushold
|-damage|p1a: Maushold|0 fnt
|faint|p1a: Maushold
|-damage|p2a: Incineroar|99/100|[from] Recoil
|move|p1b: Staraptor|Close Combat|p2b: Mawile
|-damage|p2b: Mawile|0 fnt
|-boost|p1b: Staraptor|def|1
|-boost|p1b: Staraptor|spd|1
|faint|p2b: Mawile
|
|upkeep
|
|t:|1782479296
|switch|p2b: Basculegion|Basculegion, L50, M|100/100
|turn|8
|
|t:|1782479310
|move|p2a: Incineroar|Throat Chop|p1b: Staraptor
|-resisted|p1b: Staraptor|1
|-damage|p1b: Staraptor|85/100
|-start|p1b: Staraptor|Throat Chop|[silent]
|move|p1b: Staraptor|Dual Wingbeat|p2b: Basculegion
|-damage|p2b: Basculegion|23/100
|-damage|p2b: Basculegion|0 fnt
|faint|p2b: Basculegion
|-hitcount|p2: Basculegion|2
|
|upkeep
|turn|9
|-message|KKameleon8 forfeited.
|
|win|orbwair
|l|☆KKameleon8
|player|p2|
||KKameleon8 is ready for game 3.
||orbwair is ready for game 3.
|uhtml|next|Next: Game 3 of 3
|l|☆orbwair
|player|p1|
|j|☆orbwair
|player|p1|orbwair|265|
|l|☆orbwair
|player|p1|
|j|☆orbwair
|player|p1|orbwair|265|
