|j|☆magicalarcher57
|j|☆isamino
|html|magicalarcher57isamino    
|uhtml|bestof|Game 1 of a best-of-3
|t:|1784343890
|gametype|doubles
|player|p1|magicalarcher57|diantha|1250
|player|p2|isamino|nate|1251
|gen|9
|tier|[Gen 9 Champions] VGC 2026 Reg M-B (Bo3)
|rated|
|rule|Species Clause: Limit one of each Pokémon
|rule|Item Clause: Limit 1 of each item
|clearpoke
|poke|p1|Basculegion, L50, M|
|poke|p1|Glimmora, L50, F|
|poke|p1|Garchomp, L50, F|
|poke|p1|Whimsicott, L50, F|
|poke|p1|Metagross, L50|
|poke|p1|Annihilape, L50, M|
|poke|p2|Annihilape, L50, M|
|poke|p2|Maushold, L50|
|poke|p2|Dragapult, L50, F|
|poke|p2|Vivillon-Pokeball, L50, M|
|poke|p2|Gardevoir, L50, M|
|poke|p2|Typhlosion-Hisui, L50, M|
|teampreview|4
|showteam|p1|Basculegion||MysticWater|Adaptability|AquaJet,LastRespects,WaveCrash,Protect|Jolly||M|||50|]Glimmora||LifeOrb|ToxicDebris|PowerGem,EarthPower,SpikyShield,SludgeBomb|Timid||F|||50|]Garchomp||SitrusBerry|RoughSkin|DragonClaw,StompingTantrum,Protect,Earthquake|Jolly||F|||50|]Whimsicott||FocusSash|Prankster|Tailwind,Moonblast,Encore,Protect|Timid||F|||50|]Metagross||Metagrossite|ClearBody|IcePunch,IronHead,PsychicFangs,Protect|Jolly|||||50|]Annihilape||Leftovers|Defiant|Protect,CloseCombat,PhantomForce,Taunt|Adamant||M|||50|
|showteam|p2|Annihilape||Leftovers|Defiant|Protect,DrainPunch,RockSlide,RageFist|Adamant||M|||50|]Maushold||WideLens|Technician|BeatUp,PopulationBomb,Protect,FollowMe|Jolly|||||50|]Dragapult||LifeOrb|ClearBody|Protect,DracoMeteor,ShadowBall,Flamethrower|Timid||F|||50|]Vivillon-Pokeball||FocusSash|CompoundEyes|Tailwind,SleepPowder,Hurricane,RagePowder|Timid||M|||50|]Gardevoir||Gardevoirite|Synchronize|HyperVoice,Psyshock,VacuumWave,Protect|Modest||M|||50|]Typhlosion-Hisui||ChoiceScarf|Blaze|Eruption,Overheat,ShadowBall,HeatWave|Timid||M|||50|
|inactive|Battle timer is ON: inactive players will automatically lose when time's up. (requested by magicalarcher57)
|inactive|isamino also wants the timer to be on.
|inactive|isamino has 60 seconds left.
|
|t:|1784343939
|teamsize|p1|4
|teamsize|p2|4
|start
|switch|p1a: Glimmora|Glimmora, L50, F|100/100
|switch|p1b: Whimsicott|Whimsicott, L50, F|100/100
|switch|p2a: Typhlosion|Typhlosion-Hisui, L50, M|100/100
|switch|p2b: Dragapult|Dragapult, L50, F|100/100
|turn|1
|
|t:|1784343963
|move|p1b: Whimsicott|Tailwind|p1b: Whimsicott
|-sidestart|p1: magicalarcher57|move: Tailwind
|move|p1a: Glimmora|Power Gem|p2a: Typhlosion
|-supereffective|p2a: Typhlosion|1
|-damage|p2a: Typhlosion|0 fnt
|faint|p2a: Typhlosion
|-damage|p1a: Glimmora|90/100|[from] item: Life Orb
|move|p2b: Dragapult|Shadow Ball|p1a: Glimmora
|-damage|p1a: Glimmora|30/100
|-damage|p2b: Dragapult|90/100|[from] item: Life Orb
|
|upkeep
|
|t:|1784343970
|switch|p2a: Vivillon|Vivillon-Pokeball, L50, M|100/100
|turn|2
|
|t:|1784343986
|move|p1b: Whimsicott|Moonblast|p2a: Vivillon
|-damage|p2a: Vivillon|33/100
|move|p1a: Glimmora|Power Gem|p2a: Vivillon
|-supereffective|p2a: Vivillon|2
|-damage|p2a: Vivillon|0 fnt
|faint|p2a: Vivillon
|-damage|p1a: Glimmora|21/100|[from] item: Life Orb
|move|p2b: Dragapult|Flamethrower|p1b: Whimsicott
|-supereffective|p1b: Whimsicott|1
|-enditem|p1b: Whimsicott|Focus Sash
|-damage|p1b: Whimsicott|1/100
|-damage|p2b: Dragapult|80/100|[from] item: Life Orb
|
|upkeep
|
|t:|1784343989
|switch|p2a: Gardevoir|Gardevoir, L50, M|100/100
|turn|3
|inactive|magicalarcher57 has 30 seconds left.
|
|t:|1784344022
|detailschange|p2a: Gardevoir|Gardevoir-Mega, L50, M
|-mega|p2a: Gardevoir|Gardevoir|Gardevoirite
|move|p2b: Dragapult|Protect|p2b: Dragapult
|-singleturn|p2b: Dragapult|Protect
|move|p2a: Gardevoir|Vacuum Wave|p1a: Glimmora
|-damage|p1a: Glimmora|0 fnt
|faint|p1a: Glimmora
|move|p1b: Whimsicott|Moonblast|p2b: Dragapult
|-activate|p2b: Dragapult|move: Protect
|
|upkeep
|
|t:|1784344031
|switch|p1a: Metagross|Metagross, L50|100/100
|turn|4
|
|t:|1784344040
|detailschange|p1a: Metagross|Metagross-Mega, L50
|-mega|p1a: Metagross|Metagross|Metagrossite
|move|p2b: Dragapult|Protect|p2b: Dragapult
|-singleturn|p2b: Dragapult|Protect
|move|p1b: Whimsicott|Encore|p2b: Dragapult
|-activate|p2b: Dragapult|move: Protect
|move|p2a: Gardevoir|Vacuum Wave|p1b: Whimsicott
|-resisted|p1b: Whimsicott|1
|-damage|p1b: Whimsicott|0 fnt
|faint|p1b: Whimsicott
|move|p1a: Metagross|Iron Head|p2a: Gardevoir
|-supereffective|p2a: Gardevoir|1
|-damage|p2a: Gardevoir|0 fnt
|faint|p2a: Gardevoir
|
|-sideend|p1: magicalarcher57|move: Tailwind
|upkeep
|
|t:|1784344051
|switch|p1b: Basculegion|Basculegion, L50, M|100/100
|turn|5
|
|t:|1784344059
|move|p2b: Dragapult|Shadow Ball|p1b: Basculegion
|-supereffective|p1b: Basculegion|1
|-damage|p1b: Basculegion|1/100
|-unboost|p1b: Basculegion|spd|1
|-damage|p2b: Dragapult|70/100|[from] item: Life Orb
|move|p1a: Metagross|Ice Punch|p2b: Dragapult
|-supereffective|p2b: Dragapult|1
|-damage|p2b: Dragapult|0 fnt
|faint|p2b: Dragapult
|
|win|magicalarcher57
