|j|☆nbadrose2
|j|☆actuary97
|html|nbadrose2actuary97    
|uhtml|bestof|Game 1 of a best-of-3
|t:|1757794814
|gametype|doubles
|player|p1|nbadrose2|bea|1400
|player|p2|actuary97|sabrina-frlg|1470
|gen|9
|tier|[Gen 9] VGC 2025 Reg H (Bo3)
|rated|
|rule|Species Clause: Limit one of each Pokémon
|rule|Item Clause: Limit 1 of each item
|clearpoke
|poke|p1|Rillaboom, L50, F|
|poke|p1|Gholdengo, L50|
|poke|p1|Sneasler, L50, F|
|poke|p1|Dragonite, L50, M|
|poke|p1|Maushold, L50|
|poke|p1|Ursaluna-Bloodmoon, L50, M|
|poke|p2|Whimsicott, L50, F|
|poke|p2|Gallade, L50, M|
|poke|p2|Malamar, L50, F|
|poke|p2|Indeedee, L50, M|
|poke|p2|Drifblim, L50, M|
|poke|p2|Archaludon, L50, F|
|teampreview|4
|showteam|p1|Rillaboom||AssaultVest|GrassySurge|FakeOut,DrumBeating,Uturn,WoodHammer|||F|||50|,,,,,Fire]Gholdengo||LifeOrb|GoodasGold|MakeItRain,ShadowBall,NastyPlot,Protect||||||50|,,,,,Water]Sneasler||WhiteHerb|Unburden|CloseCombat,DireClaw,Coaching,Protect|||F|||50|,,,,,Ghost]Dragonite||LoadedDice|Multiscale|ScaleShot,Tailwind,ExtremeSpeed,Protect|||M|||50|,,,,,Fairy]Maushold||SafetyGoggles|FriendGuard|FollowMe,SuperFang,Taunt,Protect||||||50|,,,,,Ghost]Ursaluna-Bloodmoon||Leftovers|MindsEye|BloodMoon,EarthPower,CalmMind,Protect|||M|||50|,,,,,Ghost
|showteam|p2|Whimsicott||FocusSash|Prankster|Moonblast,BeatUp,Taunt,Tailwind|||F|||50|,,,,,Ghost]Gallade||ScopeLens|Sharpness|PsychoCut,SacredSword,LeafBlade,Protect|||M|||50|,,,,,Grass]Malamar||SitrusBerry|Contrary|Superpower,KnockOff,TrickRoom,TopsyTurvy|||F|||50|,,,,,Fire]Indeedee||ChoiceSpecs|PsychicSurge|ExpandingForce,DazzlingGleam,TeraBlast,Trick|||M|||50|,,,,,Fire]Drifblim||PsychicSeed|Unburden|AirSlash,IcyWind,StrengthSap,WillOWisp|||M|||50|,,,,,Flying]Archaludon||AssaultVest|Stamina|ElectroShot,FlashCannon,Snarl,BodyPress|||F|||50|,,,,,Grass
|inactive|Battle timer is ON: inactive players will automatically lose when time's up. (requested by nbadrose2)
|inactive|nbadrose2 has 60 seconds left.
|inactive|actuary97 has 60 seconds left.
|inactive|nbadrose2 has 30 seconds left.
|inactive|nbadrose2 has 20 seconds left.
|inactive|nbadrose2 has 15 seconds left.
|inactive|nbadrose2 has 10 seconds left.
|inactive|nbadrose2 has 5 seconds left.
|
|t:|1757794907
|teamsize|p1|4
|teamsize|p2|4
|start
|switch|p1a: Gholdengo|Gholdengo, L50|100/100
|switch|p1b: Rillaboom|Rillaboom, L50, F|100/100
|switch|p2a: Whimsicott|Whimsicott, L50, F, shiny|100/100
|switch|p2b: Gallade|Gallade, L50, M, shiny|100/100
|-fieldstart|move: Grassy Terrain|[from] ability: Grassy Surge|[of] p1b: Rillaboom
|turn|1
|inactive|actuary97 has 30 seconds left.
|
|t:|1757794932
|switch|p2a: Bridget|Archaludon, L50, F, shiny|100/100
|-terastallize|p2b: Gallade|Grass
|move|p1b: Rillaboom|U-turn|p2a: Bridget
|-resisted|p2a: Bridget
|-damage|p2a: Bridget|93/100
|-ability|p2a: Bridget|Stamina|boost
|-boost|p2a: Bridget|def|1
|
|t:|1757794939
|switch|p1b: Maushold|Maushold, L50|100/100|[from] U-turn
|move|p2b: Gallade|Leaf Blade|p1a: Gholdengo
|-resisted|p1a: Gholdengo
|-damage|p1a: Gholdengo|65/100
|move|p1a: Gholdengo|Make It Rain|p2b: Gallade|[spread] p2a,p2b
|-resisted|p2a: Bridget
|-damage|p2a: Bridget|73/100
|-damage|p2b: Gallade|37/100
|-unboost|p1a: Gholdengo|spa|1
|-ability|p2a: Bridget|Stamina|boost
|-boost|p2a: Bridget|def|1
|-damage|p1a: Gholdengo|56/100|[from] item: Life Orb
|
|-heal|p2b: Gallade|43/100|[from] Grassy Terrain
|-heal|p1a: Gholdengo|61/100|[from] Grassy Terrain
|-heal|p2a: Bridget|79/100|[from] Grassy Terrain
|upkeep
|turn|2
|inactive|nbadrose2 has 30 seconds left.
|inactive|actuary97 has 30 seconds left.
|inactive|nbadrose2 has 20 seconds left.
|inactive|actuary97 has 20 seconds left.
|inactive|nbadrose2 has 15 seconds left.
|inactive|nbadrose2 has 10 seconds left.
|inactive|nbadrose2 has 5 seconds left.
|inactive|actuary97 has 15 seconds left.
|
|t:|1757794992
|move|p2b: Gallade|Protect|p2b: Gallade
|-singleturn|p2b: Gallade|Protect
|move|p1b: Maushold|Super Fang|p2a: Bridget
|-damage|p2a: Bridget|40/100
|-ability|p2a: Bridget|Stamina|boost
|-boost|p2a: Bridget|def|1
|move|p1a: Gholdengo|Make It Rain|p2b: Gallade|[spread] p2a
|-activate|p2b: Gallade|move: Protect
|-resisted|p2a: Bridget
|-damage|p2a: Bridget|27/100
|-unboost|p1a: Gholdengo|spa|1
|-ability|p2a: Bridget|Stamina|boost
|-boost|p2a: Bridget|def|1
|-damage|p1a: Gholdengo|52/100|[from] item: Life Orb
|move|p2a: Bridget|Body Press|p1b: Maushold
|-supereffective|p1b: Maushold
|-damage|p1b: Maushold|0 fnt
|faint|p1b: Maushold
|
|-heal|p2b: Gallade|49/100|[from] Grassy Terrain
|-heal|p1a: Gholdengo|58/100|[from] Grassy Terrain
|-heal|p2a: Bridget|33/100|[from] Grassy Terrain
|upkeep
|
|t:|1757794999
|switch|p1b: Rillaboom|Rillaboom, L50, F|100/100
|turn|3
|
|t:|1757795024
|switch|p2b: Indeedee|Indeedee, L50, M, shiny|100/100
|-fieldstart|move: Psychic Terrain|[from] ability: Psychic Surge|[of] p2b: Indeedee
|move|p1b: Rillaboom|Fake Out|p2a: Bridget
|-activate|p2a: Bridget|move: Psychic Terrain
|move|p1a: Gholdengo|Nasty Plot|p1a: Gholdengo
|-boost|p1a: Gholdengo|spa|2
|move|p2a: Bridget|Body Press|p1b: Rillaboom
|-damage|p1b: Rillaboom|40/100
|
|upkeep
|turn|4
|inactive|nbadrose2 has 30 seconds left.
|inactive|actuary97 has 30 seconds left.
|inactive|nbadrose2 has 20 seconds left.
|
|t:|1757795062
|switch|p1b: Dragonite|Dragonite, L50, M|100/100
|move|p1a: Gholdengo|Protect|p1a: Gholdengo
|-singleturn|p1a: Gholdengo|Protect
|move|p2b: Indeedee|Expanding Force|p1b: Dragonite|[spread] p1b
|-activate|p1a: Gholdengo|move: Protect
|-damage|p1b: Dragonite|54/100
|move|p2a: Bridget|Body Press|p1b: Dragonite
|-resisted|p1b: Dragonite
|-damage|p1b: Dragonite|14/100
|
|upkeep
|turn|5
|
|t:|1757795082
|switch|p1b: Rillaboom|Rillaboom, L50, F|40/100
|-fieldstart|move: Grassy Terrain|[from] ability: Grassy Surge|[of] p1b: Rillaboom
|move|p2b: Indeedee|Expanding Force|p1a: Gholdengo
|-resisted|p1a: Gholdengo
|-damage|p1a: Gholdengo|29/100
|move|p1a: Gholdengo|Shadow Ball|p2a: Bridget
|-damage|p2a: Bridget|0 fnt
|faint|p2a: Bridget
|-damage|p1a: Gholdengo|19/100|[from] item: Life Orb
|
|-heal|p1b: Rillaboom|46/100|[from] Grassy Terrain
|-heal|p1a: Gholdengo|25/100|[from] Grassy Terrain
|upkeep
|
|t:|1757795086
|switch|p2a: Gallade|Gallade, L50, M, shiny, tera:Grass|49/100
|turn|6
|inactive|nbadrose2 has 30 seconds left.
|inactive|nbadrose2 has 20 seconds left.
|inactive|nbadrose2 has 15 seconds left.
|
|t:|1757795131
|switch|p2b: Whimsicott|Whimsicott, L50, F, shiny|100/100
|move|p1a: Gholdengo|Protect|p1a: Gholdengo
|-singleturn|p1a: Gholdengo|Protect
|move|p1b: Rillaboom|U-turn|p2b: Whimsicott
|-damage|p2b: Whimsicott|69/100
|
|t:|1757795133
|switch|p1b: Dragonite|Dragonite, L50, M|14/100|[from] U-turn
|move|p2a: Gallade|Leaf Blade|p1a: Gholdengo
|-activate|p1a: Gholdengo|move: Protect
|
|-heal|p2b: Whimsicott|75/100|[from] Grassy Terrain
|-heal|p2a: Gallade|54/100|[from] Grassy Terrain
|-heal|p1a: Gholdengo|31/100|[from] Grassy Terrain
|upkeep
|turn|7
|inactive|nbadrose2 has 30 seconds left.
|inactive|actuary97 has 30 seconds left.
|inactive|nbadrose2 has 20 seconds left.
|
|t:|1757795170
|switch|p1a: Rillaboom|Rillaboom, L50, F|46/100
|move|p1b: Dragonite|Protect|p1b: Dragonite
|-singleturn|p1b: Dragonite|Protect
|move|p2b: Whimsicott|Tailwind|p2b: Whimsicott
|-sidestart|p2: actuary97|move: Tailwind
|move|p2a: Gallade|Leaf Blade|p1a: Rillaboom
|-resisted|p1a: Rillaboom
|-damage|p1a: Rillaboom|1/100
|
|-heal|p2b: Whimsicott|81/100|[from] Grassy Terrain
|-heal|p2a: Gallade|60/100|[from] Grassy Terrain
|-heal|p1a: Rillaboom|7/100|[from] Grassy Terrain
|upkeep
|turn|8
|inactive|nbadrose2 has 30 seconds left.
|
|t:|1757795195
|switch|p2a: Indeedee|Indeedee, L50, M, shiny|100/100
|-fieldstart|move: Psychic Terrain|[from] ability: Psychic Surge|[of] p2a: Indeedee
|move|p1a: Rillaboom|Fake Out|p2b: Whimsicott
|-activate|p2b: Whimsicott|move: Psychic Terrain
|move|p2b: Whimsicott|Moonblast|p1b: Dragonite
|-supereffective|p1b: Dragonite
|-damage|p1b: Dragonite|0 fnt
|faint|p1b: Dragonite
|
|upkeep
|-message|nbadrose2 forfeited.
|
|win|actuary97
||nbadrose2 is ready for game 2.
||actuary97 is ready for game 2.
|uhtml|next|Next: Game 2 of 3
