|j|☆raksbach
|j|☆ChebyshevSG
|html|raksbachChebyshevSG    
|uhtml|bestof|Game 2 of a best-of-3
|t:|1785928121
|gametype|doubles
|player|p1|raksbach|doubleteam|1286
|player|p2|ChebyshevSG|cynthia-gen4|1178
|gen|9
|tier|[Gen 9 Champions] VGC 2026 Reg M-B (Bo3)
|rated|
|rule|Species Clause: Limit one of each Pokémon
|rule|Item Clause: Limit 1 of each item
|clearpoke
|poke|p1|Charizard, L50, F|
|poke|p1|Garchomp, L50, F|
|poke|p1|Incineroar, L50, F|
|poke|p1|Venusaur, L50, M|
|poke|p1|Toxapex, L50, F|
|poke|p1|Sylveon, L50, F|
|poke|p2|Gengar, L50, M|
|poke|p2|Archaludon, L50, F|
|poke|p2|Politoed, L50, M|
|poke|p2|Swampert, L50, F|
|poke|p2|Vivillon, L50, F|
|poke|p2|Incineroar, L50, M|
|teampreview|4
|showteam|p1|Charizard||CharizarditeY|Blaze|WeatherBall,HeatWave,AncientPower,Protect|Modest||F|||50|]Garchomp||ChoiceScarf|RoughSkin|RockSlide,DragonClaw,Earthquake,StompingTantrum|Adamant||F|||50|]Incineroar||SitrusBerry|Intimidate|FlareBlitz,FakeOut,DarkestLariat,PartingShot|Impish||F|||50|]Venusaur||LifeOrb|Chlorophyll|SludgeBomb,LeafStorm,EarthPower,Protect|Modest||M|||50|]Toxapex||Leftovers|Regenerator|Infestation,Toxic,WideGuard,BanefulBunker|Bold||F|||50|]Sylveon||FairyFeather|Pixilate|HyperVoice,QuickAttack,Yawn,Detect|Modest||F|||50|
|showteam|p2|Gengar||Gengarite|CursedBody|ShadowBall,SludgeBomb,PerishSong,Protect|Modest||M|||50|]Archaludon||Leftovers|Stamina|ElectroShot,DragonPulse,FlashCannon,Protect|Bold||F|||50|]Politoed||SitrusBerry|Drizzle|WeatherBall,Hypnosis,PerishSong,Protect|Calm||M|||50|]Swampert||Swampertite|Torrent|WaveCrash,Earthquake,IcePunch,Protect|Adamant||F|||50|]Vivillon||FocusSash|CompoundEyes|Hurricane,SleepPowder,RagePowder,Protect|Timid||F|||50|]Incineroar||PasshoBerry|Intimidate|ThroatChop,FakeOut,PartingShot,Protect|Impish||M|||50|
|inactive|Battle timer is ON: inactive players will automatically lose when time's up. (requested by raksbach)
|inactive|ChebyshevSG also wants the timer to be on.
|
|t:|1785928135
|teamsize|p1|4
|teamsize|p2|4
|start
|switch|p1a: Toxapex|Toxapex, L50, F|100/100
|switch|p1b: Incineroar|Incineroar, L50, F|100/100
|switch|p2a: Gengar|Gengar, L50, M|100/100
|switch|p2b: Vivillon|Vivillon, L50, F|100/100
|-ability|p1b: Incineroar|Intimidate|boost
|-unboost|p2a: Gengar|atk|1
|-unboost|p2b: Vivillon|atk|1
|turn|1
|inactive|raksbach has 30 seconds left.
|
|t:|1785928161
|detailschange|p2a: Gengar|Gengar-Mega, L50, M
|-mega|p2a: Gengar|Gengar|Gengarite
|move|p2a: Gengar|Perish Song|p2a: Gengar
|-start|p1a: Toxapex|perish3|[silent]
|-start|p1b: Incineroar|perish3|[silent]
|-start|p2a: Gengar|perish3|[silent]
|-start|p2b: Vivillon|perish3|[silent]
|-fieldactivate|move: Perish Song
|move|p2b: Vivillon|Sleep Powder|p1b: Incineroar
|-status|p1b: Incineroar|slp|[from] move: Sleep Powder
|cant|p1b: Incineroar|slp
|move|p1a: Toxapex|Infestation|p2a: Gengar
|-resisted|p2a: Gengar|2
|-damage|p2a: Gengar|99/100
|-activate|p2a: Gengar|move: Infestation|[of] p1a: Toxapex
|
|-damage|p2a: Gengar|87/100|[from] move: Infestation|[partiallytrapped]
|-start|p2a: Gengar|perish3
|-start|p2b: Vivillon|perish3
|-start|p1b: Incineroar|perish3
|-start|p1a: Toxapex|perish3
|upkeep
|turn|2
|l|☆ChebyshevSG
|inactive|ChebyshevSG disconnected and has a minute to reconnect!
|player|p2|
|inactive|ChebyshevSG has 30 seconds left.
|j|☆ChebyshevSG
|inactive|ChebyshevSG reconnected and has 25 seconds left.
|player|p2|ChebyshevSG|cynthia-gen4|
|inactive|ChebyshevSG has 20 seconds left.
|
|t:|1785928201
|move|p2a: Gengar|Sludge Bomb|p1b: Incineroar
|-damage|p1b: Incineroar|50/100g slp
|move|p2b: Vivillon|Hurricane|p1b: Incineroar
|-damage|p1b: Incineroar|14/100 slp
|-start|p1b: Incineroar|confusion
|-enditem|p1b: Incineroar|Sitrus Berry|[eat]
|-heal|p1b: Incineroar|39/100 slp|[from] item: Sitrus Berry
|-curestatus|p1b: Incineroar|slp|[msg]
|-activate|p1b: Incineroar|confusion
|move|p1b: Incineroar|Parting Shot|p2a: Gengar
|-unboost|p2a: Gengar|atk|1
|-unboost|p2a: Gengar|spa|1
|
|t:|1785928213
|switch|p1b: Charizard|Charizard, L50, F|100/100|[from] Parting Shot
|move|p1a: Toxapex|Toxic|p2b: Vivillon
|-status|p2b: Vivillon|tox
|
|-damage|p2b: Vivillon|94/100 tox|[from] psn
|-damage|p2a: Gengar|75/100|[from] move: Infestation|[partiallytrapped]
|-start|p2a: Gengar|perish2
|-start|p2b: Vivillon|perish2
|-start|p1a: Toxapex|perish2
|upkeep
|turn|3
|
|t:|1785928232
|detailschange|p1b: Charizard|Charizard-Mega-Y, L50, F
|-mega|p1b: Charizard|Charizard|Charizardite Y
|-weather|SunnyDay|[from] ability: Drought|[of] p1b: Charizard
|move|p2a: Gengar|Perish Song|p2a: Gengar
|-start|p1b: Charizard|perish3|[silent]
|-fieldactivate|move: Perish Song
|move|p2b: Vivillon|Sleep Powder|p1b: Charizard
|-status|p1b: Charizard|slp|[from] move: Sleep Powder
|cant|p1b: Charizard|slp
|move|p1a: Toxapex|Infestation|p2b: Vivillon
|-resisted|p2b: Vivillon|1
|-damage|p2b: Vivillon|91/100 tox
|-activate|p2b: Vivillon|move: Infestation|[of] p1a: Toxapex
|
|-weather|SunnyDay|[upkeep]
|-damage|p2b: Vivillon|79/100 tox|[from] psn
|-damage|p2a: Gengar|63/100|[from] move: Infestation|[partiallytrapped]
|-damage|p2b: Vivillon|67/100 tox|[from] move: Infestation|[partiallytrapped]
|-start|p2a: Gengar|perish1
|-start|p2b: Vivillon|perish1
|-start|p1b: Charizard|perish3
|-start|p1a: Toxapex|perish1
|upkeep
|turn|4
|
|t:|1785928255
|switch|p2a: Politoed|Politoed, L50, M|100/100
|-weather|RainDance|[from] ability: Drizzle|[of] p2a: Politoed
|move|p2b: Vivillon|Hurricane|p1b: Charizard
|-damage|p1b: Charizard|59/100 slp
|cant|p1b: Charizard|slp
|move|p1a: Toxapex|Infestation|p2a: Politoed
|-crit|p2a: Politoed
|-damage|p2a: Politoed|95/100
|-activate|p2a: Politoed|move: Infestation|[of] p1a: Toxapex
|
|-weather|RainDance|[upkeep]
|-damage|p2b: Vivillon|50/100g tox|[from] psn
|-damage|p2b: Vivillon|38/100 tox|[from] move: Infestation|[partiallytrapped]
|-damage|p2a: Politoed|83/100|[from] move: Infestation|[partiallytrapped]
|-start|p2b: Vivillon|perish0
|-start|p1b: Charizard|perish2
|faint|p2b: Vivillon
|-start|p1a: Toxapex|perish0
|upkeep
|faint|p1a: Toxapex
|
|t:|1785928267
|switch|p2b: Gengar|Gengar-Mega, L50, M|63/100
|switch|p1a: Incineroar|Incineroar, L50, F|39/100
|-ability|p1a: Incineroar|Intimidate|boost
|-unboost|p2a: Politoed|atk|1
|-unboost|p2b: Gengar|atk|1
|turn|5
|
|t:|1785928282
|move|p2b: Gengar|Sludge Bomb|p1a: Incineroar
|-damage|p1a: Incineroar|0 fnt
|faint|p1a: Incineroar
|-curestatus|p1b: Charizard|slp|[msg]
|move|p1b: Charizard|Weather Ball|p2b: Gengar
|-damage|p2b: Gengar|14/100
|move|p2a: Politoed|Weather Ball|p1b: Charizard
|-supereffective|p1b: Charizard|1
|-damage|p1b: Charizard|0 fnt
|faint|p1b: Charizard
|
|-weather|RainDance|[upkeep]
|-end|p2a: Politoed|Infestation|[partiallytrapped]|[silent]
|upkeep
|
|t:|1785928287
|switch|p1b: Venusaur|Venusaur, L50, M|100/100
|turn|6
|-message|raksbach forfeited.
|
|win|ChebyshevSG
