|j|☆rgeee
|j|☆papyth
|html|rgeeepapyth    
|uhtml|bestof|Game 1 of a best-of-3
|t:|1783974578
|gametype|doubles
|player|p1|rgeee|169|1114
|player|p2|papyth|102|1043
|gen|9
|tier|[Gen 9 Champions] VGC 2026 Reg M-B (Bo3)
|rated|
|rule|Species Clause: Limit one of each Pokémon
|rule|Item Clause: Limit 1 of each item
|clearpoke
|poke|p1|Swampert, L50, M|
|poke|p1|Pelipper, L50, M|
|poke|p1|Archaludon, L50, F, shiny|
|poke|p1|Sinistcha, L50|
|poke|p1|Gholdengo, L50|
|poke|p1|Grimmsnarl, L50, M|
|poke|p2|Drampa, L50, M|
|poke|p2|Farigiraf, L50, F|
|poke|p2|Torkoal, L50, M|
|poke|p2|Vivillon, L50, M|
|poke|p2|Garchomp, L50, M|
|poke|p2|Mawile, L50, F|
|teampreview|4
|showteam|p1|Swampert||Swampertite|Torrent|WaveCrash,HighHorsepower,IcePunch,Protect|Adamant||M|||50|]Pelipper||SitrusBerry|Drizzle|WeatherBall,Hurricane,Tailwind,WideGuard|Modest||M|||50|]Archaludon||Leftovers|Stamina|DragonPulse,FlashCannon,ElectroShot,Protect|Modest||F|||50|]Sinistcha||KasibBerry|Hospitality|MatchaGotcha,RagePowder,LifeDew,Protect|Bold|||||50|]Gholdengo||LifeOrb|GoodasGold|Protect,MakeItRain,NastyPlot,ShadowBall|Modest|||||50|]Grimmsnarl||LightClay|Prankster|FoulPlay,PartingShot,LightScreen,Reflect|Careful||M|||50|
|showteam|p2|Drampa||Drampanite|SapSipper|DracoMeteor,HyperBeam,Protect,HyperVoice|Modest||M|||50|]Farigiraf||Leftovers|ArmorTail|TrickRoom,HelpingHand,Thunderbolt,PsychicNoise|Quiet||F|||50|]Torkoal||SitrusBerry|Drought|Eruption,WeatherBall,IronDefense,BodyPress|Quiet||M|||50|]Vivillon||FocusSash|FriendGuard|Tailwind,SleepPowder,Uturn,BugBuzz|Timid||M|||50|]Garchomp||LifeOrb|RoughSkin|StompingTantrum,Protect,DragonRush,RockSlide|Jolly||M|||50|]Mawile||Mawilite|Intimidate|PlayRough,IronHead,IcePunch,Protect|Brave||F|||50|
|inactive|Battle timer is ON: inactive players will automatically lose when time's up. (requested by papyth)
|
|t:|1783974610
|teamsize|p1|4
|teamsize|p2|4
|start
|switch|p1a: Pelipper|Pelipper, L50, M|100/100
|switch|p1b: Archaludon|Archaludon, L50, F, shiny|100/100
|switch|p2a: Farigiraf|Farigiraf, L50, F|100/100
|switch|p2b: Drampa|Drampa, L50, M|100/100
|-weather|RainDance|[from] ability: Drizzle|[of] p1a: Pelipper
|turn|1
|
|t:|1783974634
|move|p2b: Drampa|Protect|p2b: Drampa
|-singleturn|p2b: Drampa|Protect
|move|p1b: Archaludon|Dragon Pulse|p2b: Drampa
|-activate|p2b: Drampa|move: Protect
|move|p1a: Pelipper|Hurricane|p2a: Farigiraf
|-damage|p2a: Farigiraf|55/100
|-start|p2a: Farigiraf|confusion
|-activate|p2a: Farigiraf|confusion
|-damage|p2a: Farigiraf|45/100|[from] confusion
|
|-weather|RainDance|[upkeep]
|-heal|p2a: Farigiraf|51/100|[from] item: Leftovers
|upkeep
|turn|2
|inactive|papyth has 30 seconds left.
|
|t:|1783974662
|detailschange|p2b: Drampa|Drampa-Mega, L50, M
|-mega|p2b: Drampa|Drampa|Drampanite
|move|p1b: Archaludon|Dragon Pulse|p2a: Farigiraf
|-damage|p2a: Farigiraf|11/100
|move|p1a: Pelipper|Hurricane|p2a: Farigiraf
|-damage|p2a: Farigiraf|0 fnt
|faint|p2a: Farigiraf
|move|p2b: Drampa|Draco Meteor|p1b: Archaludon
|-damage|p1b: Archaludon|18/100
|-unboost|p2b: Drampa|spa|2
|-ability|p1b: Archaludon|Stamina|boost
|-boost|p1b: Archaludon|def|1
|
|-weather|RainDance|[upkeep]
|-heal|p1b: Archaludon|25/100|[from] item: Leftovers
|upkeep
|
|t:|1783974678
|switch|p2a: Torkoal|Torkoal, L50, M|100/100
|-weather|SunnyDay|[from] ability: Drought|[of] p2a: Torkoal
|turn|3
|
|t:|1783974688
|switch|p2b: Garchomp|Garchomp, L50, M|100/100
|move|p1b: Archaludon|Protect|p1b: Archaludon
|-singleturn|p1b: Archaludon|Protect
|move|p1a: Pelipper|Tailwind|p1a: Pelipper
|-sidestart|p1: rgeee|move: Tailwind
|move|p2a: Torkoal|Eruption|p1b: Archaludon|[spread] p1a
|-activate|p1b: Archaludon|move: Protect
|-resisted|p1a: Pelipper|1
|-damage|p1a: Pelipper|53/100
|
|-weather|SunnyDay|[upkeep]
|-heal|p1b: Archaludon|31/100|[from] item: Leftovers
|upkeep
|turn|4
|
|t:|1783974711
|switch|p1a: Swampert|Swampert, L50, M|100/100
|move|p1b: Archaludon|Dragon Pulse|p2a: Torkoal
|-damage|p2a: Torkoal|46/100
|-enditem|p2a: Torkoal|Sitrus Berry|[eat]
|-heal|p2a: Torkoal|71/100|[from] item: Sitrus Berry
|move|p2b: Garchomp|Rock Slide|p1b: Archaludon|[spread] p1a,p1b
|-resisted|p1a: Swampert|1
|-resisted|p1b: Archaludon|1
|-damage|p1a: Swampert|85/100
|-damage|p1b: Archaludon|24/100
|-ability|p1b: Archaludon|Stamina|boost
|-boost|p1b: Archaludon|def|1
|-damage|p2b: Garchomp|90/100|[from] item: Life Orb
|move|p2a: Torkoal|Eruption|p1b: Archaludon|[spread] p1a,p1b
|-resisted|p1a: Swampert|1
|-damage|p1a: Swampert|58/100
|-damage|p1b: Archaludon|0 fnt
|faint|p1b: Archaludon
|
|-weather|SunnyDay|[upkeep]
|upkeep
|
|t:|1783974716
|switch|p1b: Pelipper|Pelipper, L50, M|53/100
|-weather|RainDance|[from] ability: Drizzle|[of] p1b: Pelipper
|turn|5
|
|t:|1783974734
|switch|p2a: Drampa|Drampa-Mega, L50, M|100/100
|detailschange|p1a: Swampert|Swampert-Mega, L50, M
|-mega|p1a: Swampert|Swampert|Swampertite
|move|p2b: Garchomp|Protect|p2b: Garchomp
|-singleturn|p2b: Garchomp|Protect
|move|p1a: Swampert|Ice Punch|p2b: Garchomp
|-activate|p2b: Garchomp|move: Protect
|move|p1b: Pelipper|Weather Ball|p2a: Drampa
|-resisted|p2a: Drampa|1
|-damage|p2a: Drampa|72/100
|
|-weather|RainDance|[upkeep]
|upkeep
|turn|6
|inactive|rgeee has 30 seconds left.
|
|t:|1783974766
|switch|p2b: Torkoal|Torkoal, L50, M|71/100
|-weather|SunnyDay|[from] ability: Drought|[of] p2b: Torkoal
|move|p1a: Swampert|Protect|p1a: Swampert
|-singleturn|p1a: Swampert|Protect
|move|p1b: Pelipper|Hurricane|p2a: Drampa|[miss]
|-miss|p1b: Pelipper|p2a: Drampa
|move|p2a: Drampa|Hyper Voice|p1a: Swampert|[spread] p1b
|-activate|p1a: Swampert|move: Protect
|-damage|p1b: Pelipper|0 fnt
|faint|p1b: Pelipper
|
|-weather|SunnyDay|[upkeep]
|-sideend|p1: rgeee|move: Tailwind
|upkeep
|
|t:|1783974768
|switch|p1b: Sinistcha|Sinistcha, L50|100/100
|-heal|p1a: Swampert|83/100|[from] ability: Hospitality|[of] p1b: Sinistcha
|turn|7
|inactive|papyth has 30 seconds left.
|
|t:|1783974802
|move|p1b: Sinistcha|Rage Powder|p1b: Sinistcha
|-singleturn|p1b: Sinistcha|move: Rage Powder
|move|p1a: Swampert|High Horsepower|p2b: Torkoal
|-supereffective|p2b: Torkoal|1
|-damage|p2b: Torkoal|0 fnt
|faint|p2b: Torkoal
|move|p2a: Drampa|Hyper Beam|p1b: Sinistcha
|-immune|p1b: Sinistcha
|
|-weather|SunnyDay|[upkeep]
|upkeep
|
|t:|1783974811
|switch|p2b: Garchomp|Garchomp, L50, M|90/100
|turn|8
|
|t:|1783974828
|move|p2b: Garchomp|Protect|p2b: Garchomp
|-singleturn|p2b: Garchomp|Protect
|move|p1b: Sinistcha|Rage Powder|p1b: Sinistcha
|-singleturn|p1b: Sinistcha|move: Rage Powder
|move|p1a: Swampert|Ice Punch|p2a: Drampa
|-supereffective|p2a: Drampa|1
|-damage|p2a: Drampa|5/100
|-ability|p2a: Drampa|Berserk|boost
|-boost|p2a: Drampa|spa|1
|move|p2a: Drampa|Draco Meteor|p1b: Sinistcha
|-damage|p1b: Sinistcha|0 fnt
|-unboost|p2a: Drampa|spa|2
|faint|p1b: Sinistcha
|
|-weather|SunnyDay|[upkeep]
|upkeep
|turn|9
|inactive|papyth has 30 seconds left.
|inactive|papyth has 20 seconds left.
|
|t:|1783974867
|move|p2b: Garchomp|Stomping Tantrum|p1a: Swampert
|-damage|p1a: Swampert|38/100
|-damage|p2b: Garchomp|80/100|[from] item: Life Orb
|move|p1a: Swampert|Ice Punch|p2b: Garchomp
|-supereffective|p2b: Garchomp|2
|-damage|p2b: Garchomp|0 fnt
|-damage|p1a: Swampert|26/100|[from] ability: Rough Skin|[of] p2b: Garchomp
|faint|p2b: Garchomp
|move|p2a: Drampa|Draco Meteor|p1a: Swampert
|-damage|p1a: Swampert|0 fnt
|-unboost|p2a: Drampa|spa|2
|faint|p1a: Swampert
|
|win|papyth
|inactive|rgeee has 30 seconds to confirm battle start!
|inactive|papyth has 30 seconds to confirm battle start!
||rgeee is ready for game 2.
||papyth is ready for game 2.
|uhtml|next|Next: Game 2 of 3
|l|☆papyth
|player|p2|
