|j|☆VentaMujeresMalaga
|j|☆rojo53
|html|VentaMujeresMalagarojo53    
|uhtml|bestof|Game 1 of a best-of-3
|t:|1782311853
|gametype|doubles
|player|p1|VentaMujeresMalaga|cameraman|
|player|p2|rojo53|adaman|
|gen|9
|tier|[Gen 9 Champions] VGC 2026 Reg M-B (Bo3)
|rule|Species Clause: Limit one of each Pokémon
|rule|Item Clause: Limit 1 of each item
|clearpoke
|poke|p1|Annihilape, L50, F|
|poke|p1|Dragonite, L50, F|
|poke|p1|Armarouge, L50, M|
|poke|p1|Torkoal, L50, M|
|poke|p1|Kingambit, L50, M|
|poke|p1|Maushold, L50|
|poke|p2|Meganium, L50, M|
|poke|p2|Kingambit, L50, F|
|poke|p2|Sneasler, L50, F|
|poke|p2|Hydreigon, L50, F|
|poke|p2|Delphox, L50, F|
|poke|p2|Farigiraf, L50, M|
|teampreview|4
|showteam|p1|Annihilape||ChoiceScarf|Defiant|ShadowClaw,CloseCombat,SeedBomb,IcePunch|Adamant||F|||50|]Dragonite||Dragoninite|InnerFocus|DragonDance,DragonClaw,ExtremeSpeed,Protect|Adamant||F|||50|]Armarouge||Leftovers|FlashFire|Psychic,HeatWave,CalmMind,TrickRoom|Modest||M|||50|]Torkoal||Charcoal|Drought|Eruption,HeatWave,EarthPower,Protect|Quiet||M|||50|]Kingambit||LifeOrb|Defiant|IronHead,KowtowCleave,SuckerPunch,Protect|Adamant||M|||50|]Maushold||WideLens|Technician|PopulationBomb,FollowMe,Bite,Protect|Jolly|||||50|
|showteam|p2|Meganium||Meganiumite|Overgrow|WeatherBall,DazzlingGleam,SolarBeam,Protect|Modest||M|||50|]Kingambit||BlackGlasses|Defiant|KowtowCleave,SuckerPunch,IronHead,Protect|Adamant||F|||50|]Sneasler||FocusSash|Unburden|CloseCombat,DireClaw,FakeOut,Protect|Adamant||F|||50|]Hydreigon||DragonFang|Levitate|DracoMeteor,Snarl,Tailwind,Protect|Timid||F|||50|]Delphox||Delphoxite|Blaze|HeatWave,Psychic,DazzlingGleam,Protect|Timid||F|||50|]Farigiraf||SitrusBerry|ArmorTail|TwinBeam,HyperVoice,Protect,TrickRoom|Relaxed||M|||50|
|c|☆VentaMujeresMalaga|glhf chuloo!!!
|c|☆rojo53|glhf
|
|t:|1782311932
|teamsize|p1|4
|teamsize|p2|4
|start
|switch|p1a: Dragonite|Dragonite, L50, F|100/100
|switch|p1b: Torkoal|Torkoal, L50, M|100/100
|switch|p2a: Sneasler|Sneasler, L50, F|100/100
|switch|p2b: Hydreigon|Hydreigon, L50, F|100/100
|-weather|SunnyDay|[from] ability: Drought|[of] p1b: Torkoal
|turn|1
|
|t:|1782311953
|detailschange|p1a: Dragonite|Dragonite-Mega, L50, F
|-mega|p1a: Dragonite|Dragonite|Dragoninite
|move|p2a: Sneasler|Fake Out|p1b: Torkoal
|-damage|p1b: Torkoal|88/100
|move|p2b: Hydreigon|Draco Meteor|p1a: Dragonite|[miss]
|-miss|p2b: Hydreigon|p1a: Dragonite
|move|p1a: Dragonite|Dragon Claw|p2b: Hydreigon
|-supereffective|p2b: Hydreigon|1
|-damage|p2b: Hydreigon|9/100
|cant|p1b: Torkoal|flinch
|
|-weather|SunnyDay|[upkeep]
|upkeep
|turn|2
|
|t:|1782311972
|move|p1a: Dragonite|Extreme Speed|p2b: Hydreigon
|-damage|p2b: Hydreigon|0 fnt
|faint|p2b: Hydreigon
|move|p2a: Sneasler|Dire Claw|p1a: Dragonite
|-damage|p1a: Dragonite|78/100
|-status|p1a: Dragonite|slp
|move|p1b: Torkoal|Earth Power|p2a: Sneasler
|-supereffective|p2a: Sneasler|1
|-damage|p2a: Sneasler|27/100
|
|-weather|SunnyDay|[upkeep]
|upkeep
|
|t:|1782311984
|switch|p2b: Meganium|Meganium, L50, M|100/100
|turn|3
|
|t:|1782312006
|switch|p1a: Armarouge|Armarouge, L50, M|100/100
|detailschange|p2b: Meganium|Meganium-Mega, L50, M
|-mega|p2b: Meganium|Meganium|Meganiumite
|move|p2a: Sneasler|Close Combat|p1b: Torkoal
|-damage|p1b: Torkoal|41/100
|-unboost|p2a: Sneasler|def|1
|-unboost|p2a: Sneasler|spd|1
|move|p2b: Meganium|Dazzling Gleam|p1b: Torkoal|[spread] p1a,p1b
|-resisted|p1a: Armarouge|1
|-resisted|p1b: Torkoal|1
|-crit|p1b: Torkoal
|-damage|p1a: Armarouge|81/100
|-damage|p1b: Torkoal|3/100
|move|p1b: Torkoal|Eruption|p2b: Meganium|[spread] p2a,p2b
|-supereffective|p2b: Meganium|1
|-damage|p2a: Sneasler|21/100
|-damage|p2b: Meganium|95/100
|
|-weather|SunnyDay|[upkeep]
|-heal|p1a: Armarouge|88/100|[from] item: Leftovers
|upkeep
|turn|4
|
|t:|1782312032
|move|p1b: Torkoal|Protect|p1b: Torkoal
|-singleturn|p1b: Torkoal|Protect
|move|p2a: Sneasler|Dire Claw|p1a: Armarouge
|-damage|p1a: Armarouge|47/100
|-status|p1a: Armarouge|psn
|move|p2b: Meganium|Solar Beam||[still]
|-prepare|p2b: Meganium|Solar Beam
|-anim|p2b: Meganium|Solar Beam|p1a: Armarouge
|-resisted|p1a: Armarouge|1
|-damage|p1a: Armarouge|6/100 psn
|move|p1a: Armarouge|Heat Wave|p2b: Meganium|[spread] p2b
|-miss|p1a: Armarouge|p2a: Sneasler
|-supereffective|p2b: Meganium|1
|-damage|p2b: Meganium|0 fnt
|faint|p2b: Meganium
|
|-weather|SunnyDay|[upkeep]
|-heal|p1a: Armarouge|13/100 psn|[from] item: Leftovers
|-damage|p1a: Armarouge|1/100 psn|[from] psn
|upkeep
|
|t:|1782312041
|switch|p2b: Kingambit|Kingambit, L50, F|100/100
|turn|5
|
|t:|1782312054
|move|p2a: Sneasler|Dire Claw|p1a: Armarouge
|-damage|p1a: Armarouge|0 fnt
|-fail|p1a: Armarouge
|faint|p1a: Armarouge
|move|p2b: Kingambit|Kowtow Cleave|p1b: Torkoal
|-damage|p1b: Torkoal|0 fnt
|faint|p1b: Torkoal
|
|-weather|none
|upkeep
|
|t:|1782312058
|switch|p1a: Annihilape|Annihilape, L50, F|100/100
|switch|p1b: Dragonite|Dragonite-Mega, L50, F|78/100 slp
|turn|6
|
|t:|1782312079
|move|p2b: Kingambit|Protect|p2b: Kingambit
|-singleturn|p2b: Kingambit|Protect
|move|p1a: Annihilape|Close Combat|p2a: Sneasler
|-resisted|p2a: Sneasler|1
|-damage|p2a: Sneasler|0 fnt
|-unboost|p1a: Annihilape|def|1
|-unboost|p1a: Annihilape|spd|1
|faint|p2a: Sneasler
|cant|p1b: Dragonite|slp
|
|upkeep
|turn|7
|
|t:|1782312093
|move|p2b: Kingambit|Sucker Punch|p1a: Annihilape
|-damage|p1a: Annihilape|18/100
|move|p1a: Annihilape|Close Combat|p2b: Kingambit
|-supereffective|p2b: Kingambit|2
|-damage|p2b: Kingambit|0 fnt
|-unboost|p1a: Annihilape|def|1
|-unboost|p1a: Annihilape|spd|1
|faint|p2b: Kingambit
|
|win|VentaMujeresMalaga
||rojo53 is ready for game 2.
|c|☆VentaMujeresMalaga|ggwp
|c|☆rojo53|ggwp
|inactive|VentaMujeresMalaga has 30 seconds to confirm battle start!
||VentaMujeresMalaga is ready for game 2.
|uhtml|next|Next: Game 2 of 3
