|j|☆That1Morpecko
|j|☆zcgjhn
|html|That1Morpeckozcgjhn    
|uhtml|bestof|Game 2 of a best-of-3
|t:|1782241345
|gametype|doubles
|player|p1|That1Morpecko|hiker-gen4|1106
|player|p2|zcgjhn|2|1044
|gen|9
|tier|[Gen 9 Champions] VGC 2026 Reg M-B (Bo3)
|rated|
|rule|Species Clause: Limit one of each Pokémon
|rule|Item Clause: Limit 1 of each item
|clearpoke
|poke|p1|Grimmsnarl, L50, M|
|poke|p1|Swampert, L50, M|
|poke|p1|Pelipper, L50, M|
|poke|p1|Archaludon, L50, M|
|poke|p1|Sinistcha, L50|
|poke|p1|Floette-Eternal, L50, F|
|poke|p2|Farigiraf, L50, M, shiny|
|poke|p2|Slowbro, L50, F, shiny|
|poke|p2|Dragalge, L50, M, shiny|
|poke|p2|Incineroar, L50, M, shiny|
|poke|p2|Conkeldurr, L50, M|
|poke|p2|Kingambit, L50, M, shiny|
|teampreview|4
|showteam|p1|Grimmsnarl||LightClay|Prankster|FoulPlay,PartingShot,LightScreen,Reflect|Careful||M|||50|]Swampert||Swampertite|Torrent|WaveCrash,HighHorsepower,IcePunch,Protect|Adamant||M|||50|]Pelipper||SitrusBerry|Drizzle|Tailwind,Hurricane,WeatherBall,WideGuard|Modest||M|||50|]Archaludon||Leftovers|Stamina|ElectroShot,DragonPulse,FlashCannon,Protect|Modest||M|||50|]Sinistcha||CobaBerry|Hospitality|MatchaGotcha,RagePowder,LifeDew,Protect|Relaxed|||||50|]Floette-Eternal||Floettite|FlowerVeil|CalmMind,DazzlingGleam,Moonblast,Protect|Modest||F|||50|
|showteam|p2|Farigiraf||Leftovers|ArmorTail|TrickRoom,Protect,FoulPlay,EnergyBall|Quiet||M|||50|]Slowbro||Slowbronite|Oblivious|IronDefense,CalmMind,BodyPress,ShadowBall|Relaxed||F|||50|]Dragalge||LifeOrb|Adaptability|Scald,Protect,DragonPulse,SludgeBomb|Quiet||M|||50|]Incineroar||SitrusBerry|Intimidate|FakeOut,DarkestLariat,FlareBlitz,PartingShot|Brave||M|||50|]Conkeldurr||ExpertBelt|SheerForce|PoisonJab,DrainPunch,FirePunch,Detect|Brave||M|||50|]Kingambit||ChopleBerry|Defiant|SuckerPunch,KowtowCleave,IronHead,Protect|Brave||M|||50|
|inactive|Battle timer is ON: inactive players will automatically lose when time's up. (requested by That1Morpecko)
|inactive|zcgjhn has 60 seconds left.
|
|t:|1782241383
|teamsize|p1|4
|teamsize|p2|4
|start
|switch|p1a: Swampert|Swampert, L50, M|100/100
|switch|p1b: Pelipper|Pelipper, L50, M|100/100
|switch|p2a: Farigiraf|Farigiraf, L50, M, shiny|100/100
|switch|p2b: Incineroar|Incineroar, L50, M, shiny|100/100
|-weather|RainDance|[from] ability: Drizzle|[of] p1b: Pelipper
|-ability|p2b: Incineroar|Intimidate|boost
|-unboost|p1a: Swampert|atk|1
|-unboost|p1b: Pelipper|atk|1
|turn|1
|
|t:|1782241404
|detailschange|p1a: Swampert|Swampert-Mega, L50, M
|-mega|p1a: Swampert|Swampert|Swampertite
|move|p2b: Incineroar|Fake Out|p1a: Swampert
|-damage|p1a: Swampert|87/100
|cant|p1a: Swampert|flinch
|move|p1b: Pelipper|Weather Ball|p2b: Incineroar
|-supereffective|p2b: Incineroar|1
|-damage|p2b: Incineroar|0 fnt
|faint|p2b: Incineroar
|move|p2a: Farigiraf|Trick Room|p2a: Farigiraf
|-fieldstart|move: Trick Room|[of] p2a: Farigiraf
|
|-weather|RainDance|[upkeep]
|upkeep
|
|t:|1782241416
|switch|p2b: Slowbro|Slowbro, L50, F, shiny|100/100
|turn|2
|
|t:|1782241432
|switch|p1a: Archaludon|Archaludon, L50, M|100/100
|detailschange|p2b: Slowbro|Slowbro-Mega, L50, F, shiny
|-mega|p2b: Slowbro|Slowbro|Slowbronite
|move|p2b: Slowbro|Iron Defense|p2b: Slowbro
|-boost|p2b: Slowbro|def|2
|move|p2a: Farigiraf|Energy Ball|p1b: Pelipper
|-damage|p1b: Pelipper|62/100
|move|p1b: Pelipper|Hurricane|p2b: Slowbro
|-damage|p2b: Slowbro|54/100
|
|-weather|RainDance|[upkeep]
|upkeep
|turn|3
|
|t:|1782241452
|move|p1a: Archaludon|Protect|p1a: Archaludon
|-singleturn|p1a: Archaludon|Protect
|move|p2b: Slowbro|Calm Mind|p2b: Slowbro
|-boost|p2b: Slowbro|spa|1
|-boost|p2b: Slowbro|spd|1
|move|p2a: Farigiraf|Energy Ball|p1b: Pelipper
|-damage|p1b: Pelipper|28/100
|-enditem|p1b: Pelipper|Sitrus Berry|[eat]
|-heal|p1b: Pelipper|52/100|[from] item: Sitrus Berry
|move|p1b: Pelipper|Hurricane|p2b: Slowbro
|-damage|p2b: Slowbro|24/100
|-start|p2b: Slowbro|confusion
|
|-weather|RainDance|[upkeep]
|upkeep
|turn|4
|
|t:|1782241472
|switch|p1a: Sinistcha|Sinistcha, L50|100/100
|-heal|p1b: Pelipper|77/100|[from] ability: Hospitality|[of] p1a: Sinistcha
|-activate|p2b: Slowbro|confusion
|move|p2b: Slowbro|Body Press|p1a: Sinistcha
|-immune|p1a: Sinistcha
|move|p2a: Farigiraf|Energy Ball|p1b: Pelipper
|-damage|p1b: Pelipper|41/100
|move|p1b: Pelipper|Hurricane|p2b: Slowbro
|-damage|p2b: Slowbro|0 fnt
|faint|p2b: Slowbro
|
|-weather|RainDance|[upkeep]
|upkeep
|
|t:|1782241475
|switch|p2b: Kingambit|Kingambit, L50, M, shiny|100/100
|turn|5
|inactive|zcgjhn has 30 seconds left.
|
|t:|1782241502
|move|p2a: Farigiraf|Protect|p2a: Farigiraf
|-singleturn|p2a: Farigiraf|Protect
|move|p1a: Sinistcha|Rage Powder|p1a: Sinistcha
|-singleturn|p1a: Sinistcha|move: Rage Powder
|move|p2b: Kingambit|Sucker Punch||[still]
|-fail|p2b: Kingambit
|move|p1b: Pelipper|Weather Ball|p2b: Kingambit
|-damage|p2b: Kingambit|46/100
|
|-weather|none
|-fieldend|move: Trick Room
|upkeep
|turn|6
|
|t:|1782241519
|switch|p1b: Swampert|Swampert-Mega, L50, M|87/100
|move|p1a: Sinistcha|Rage Powder|p1a: Sinistcha
|-singleturn|p1a: Sinistcha|move: Rage Powder
|move|p2b: Kingambit|Kowtow Cleave|p1a: Sinistcha
|-supereffective|p1a: Sinistcha|1
|-damage|p1a: Sinistcha|19/100
|move|p2a: Farigiraf|Trick Room|p2a: Farigiraf
|-fieldstart|move: Trick Room|[of] p2a: Farigiraf
|
|upkeep
|turn|7
|
|t:|1782241541
|switch|p1b: Archaludon|Archaludon, L50, M|100/100
|move|p1a: Sinistcha|Rage Powder|p1a: Sinistcha
|-singleturn|p1a: Sinistcha|move: Rage Powder
|move|p2b: Kingambit|Kowtow Cleave|p1a: Sinistcha
|-supereffective|p1a: Sinistcha|1
|-damage|p1a: Sinistcha|0 fnt
|faint|p1a: Sinistcha
|move|p2a: Farigiraf|Energy Ball|p1b: Archaludon
|-resisted|p1b: Archaludon|2
|-damage|p1b: Archaludon|92/100
|-ability|p1b: Archaludon|Stamina|boost
|-boost|p1b: Archaludon|def|1
|
|-heal|p1b: Archaludon|98/100|[from] item: Leftovers
|upkeep
|
|t:|1782241554
|switch|p1a: Pelipper|Pelipper, L50, M|41/100
|-weather|RainDance|[from] ability: Drizzle|[of] p1a: Pelipper
|turn|8
|inactive|zcgjhn has 30 seconds left.
|
|t:|1782241580
|move|p2b: Kingambit|Iron Head|p1b: Archaludon
|-resisted|p1b: Archaludon|1
|-damage|p1b: Archaludon|87/100
|-ability|p1b: Archaludon|Stamina|boost
|-boost|p1b: Archaludon|def|1
|move|p2a: Farigiraf|Energy Ball|p1a: Pelipper
|-damage|p1a: Pelipper|7/100
|move|p1a: Pelipper|Weather Ball|p2b: Kingambit
|-damage|p2b: Kingambit|0 fnt
|faint|p2b: Kingambit
|move|p1b: Archaludon|Electro Shot||[still]
|-prepare|p1b: Archaludon|Electro Shot
|-boost|p1b: Archaludon|spa|1
|-anim|p1b: Archaludon|Electro Shot|p2a: Farigiraf
|-damage|p2a: Farigiraf|39/100
|
|-weather|RainDance|[upkeep]
|-heal|p2a: Farigiraf|45/100|[from] item: Leftovers
|-heal|p1b: Archaludon|93/100|[from] item: Leftovers
|upkeep
|turn|9
|-message|zcgjhn forfeited.
|
|win|That1Morpecko
|l|☆zcgjhn
|player|p2|
||zcgjhn is ready for game 3.
||That1Morpecko is ready for game 3.
|uhtml|next|Next: Game 3 of 3
