|j|☆Pinoitaliano
|j|☆blundurus24
|html|Pinoitalianoblundurus24    
|uhtml|bestof|Game 1 of a best-of-3
|t:|1757791401
|gametype|doubles
|player|p1|Pinoitaliano|allister|
|player|p2|blundurus24|170|
|gen|9
|tier|[Gen 9] VGC 2025 Reg H (Bo3)
|rule|Species Clause: Limit one of each Pokémon
|rule|Item Clause: Limit 1 of each item
|clearpoke
|poke|p1|Archaludon, L50, M|
|poke|p1|Typhlosion-Hisui, L50, M|
|poke|p1|Volbeat, L50, M|
|poke|p1|Espathra, L50, M|
|poke|p1|Indeedee-F, L50, F|
|poke|p1|Primarina, L50, M|
|poke|p2|Rillaboom, L50, F|
|poke|p2|Gholdengo, L50|
|poke|p2|Ursaluna-Bloodmoon, L50, M|
|poke|p2|Milotic, L50, M|
|poke|p2|Incineroar, L50, M|
|poke|p2|Sneasler, L50, F|
|teampreview|4
|showteam|p1|Archaludon||PowerHerb|Stamina|Protect,ElectroShot,AuraSphere,DragonPulse|||M|||50|,,,,,Grass]Typhlosion-Hisui||Charcoal|Blaze|Flamethrower,Eruption,ShadowBall,Protect|||M|||50|,,,,,Fire]Volbeat||CobaBerry|Prankster|Tailwind,RainDance,SunnyDay,Encore|||M|||50|,,,,,Dark]Espathra||FocusSash|SpeedBoost|LuminaCrash,ExpandingForce,Protect,DazzlingGleam|||M|||50|,,,,,Psychic]Indeedee-F||SafetyGoggles|PsychicSurge|FollowMe,HyperVoice,Imprison,TrickRoom|||F|||50|,,,,,Fairy]Primarina||ChoiceSpecs|LiquidVoice|HyperVoice,WeatherBall,Moonblast,DazzlingGleam|||M|||50|,,,,,Steel
|showteam|p2|Rillaboom||AssaultVest|GrassySurge|FakeOut,GrassyGlide,WoodHammer,KnockOff|||F|||50|,,,,,Fire]Gholdengo||Leftovers|GoodasGold|MakeItRain,ShadowBall,NastyPlot,Protect||||||50|,,,,,Water]Ursaluna-Bloodmoon||LifeOrb|MindsEye|BloodMoon,EarthPower,HyperVoice,Protect|||M|||50|,,,,,Poison]Milotic||SitrusBerry|Competitive|Scald,IcyWind,Haze,Protect|||M|||50|,,,,,Grass]Incineroar||SafetyGoggles|Intimidate|FakeOut,FlareBlitz,PartingShot,Snarl|||M|||50|,,,,,Ghost]Sneasler||GrassySeed|Unburden|DireClaw,CloseCombat,ThroatChop,Protect|||F|||50|,,,,,Dark
|inactive|Battle timer is ON: inactive players will automatically lose when time's up. (requested by Pinoitaliano)
|inactive|Pinoitaliano has 60 seconds left.
|inactive|blundurus24 has 60 seconds left.
|
|t:|1757791462
|teamsize|p1|4
|teamsize|p2|4
|start
|switch|p1a: Volbeat|Volbeat, L50, M|100/100
|switch|p1b: Typhlosion|Typhlosion-Hisui, L50, M|100/100
|switch|p2a: Incineroar|Incineroar, L50, M|100/100
|switch|p2b: Milotic|Milotic, L50, M|100/100
|-ability|p2a: Incineroar|Intimidate|boost
|-unboost|p1a: Volbeat|atk|1
|-unboost|p1b: Typhlosion|atk|1
|turn|1
|
|t:|1757791480
|switch|p1b: Archaludon|Archaludon, L50, M|100/100
|move|p2b: Milotic|Protect|p2b: Milotic
|-singleturn|p2b: Milotic|Protect
|move|p1a: Volbeat|Tailwind|p1a: Volbeat
|-sidestart|p1: Pinoitaliano|move: Tailwind
|move|p2a: Incineroar|Snarl|p1a: Volbeat|[spread] p1a,p1b
|-damage|p1a: Volbeat|90/100
|-damage|p1b: Archaludon|86/100
|-unboost|p1a: Volbeat|spa|1
|-unboost|p1b: Archaludon|spa|1
|-ability|p1b: Archaludon|Stamina|boost
|-boost|p1b: Archaludon|def|1
|
|upkeep
|turn|2
|inactive|blundurus24 has 30 seconds left.
|
|t:|1757791513
|-terastallize|p2a: Incineroar|Ghost
|move|p1a: Volbeat|Encore|p2b: Milotic
|-start|p2b: Milotic|Encore
|move|p1b: Archaludon|Electro Shot||[still]
|-prepare|p1b: Archaludon|Electro Shot
|-boost|p1b: Archaludon|spa|1
|-enditem|p1b: Archaludon|Power Herb
|-anim|p1b: Archaludon|Electro Shot|p2a: Incineroar
|-damage|p2a: Incineroar|62/100
|move|p2b: Milotic|Protect|p2b: Milotic
|-singleturn|p2b: Milotic|Protect
|move|p2a: Incineroar|Snarl|p1a: Volbeat|[spread] p1a,p1b
|-damage|p1a: Volbeat|81/100
|-damage|p1b: Archaludon|73/100
|-unboost|p1a: Volbeat|spa|1
|-unboost|p1b: Archaludon|spa|1
|-ability|p1b: Archaludon|Stamina|boost
|-boost|p1b: Archaludon|def|1
|
|upkeep
|turn|3
|
|t:|1757791536
|move|p2b: Milotic|Protect||[still]
|-fail|p2b: Milotic
|move|p1a: Volbeat|Rain Dance|p1a: Volbeat
|-weather|RainDance
|move|p1b: Archaludon|Electro Shot||[still]
|-prepare|p1b: Archaludon|Electro Shot
|-boost|p1b: Archaludon|spa|1
|-anim|p1b: Archaludon|Electro Shot|p2a: Incineroar
|-damage|p2a: Incineroar|25/100
|move|p2a: Incineroar|Snarl|p1b: Archaludon|[spread] p1a,p1b
|-damage|p1a: Volbeat|71/100
|-damage|p1b: Archaludon|60/100
|-unboost|p1a: Volbeat|spa|1
|-unboost|p1b: Archaludon|spa|1
|-ability|p1b: Archaludon|Stamina|boost
|-boost|p1b: Archaludon|def|1
|
|-weather|RainDance|[upkeep]
|upkeep
|turn|4
|inactive|Pinoitaliano has 30 seconds left.
|inactive|blundurus24 has 30 seconds left.
|inactive|Pinoitaliano has 20 seconds left.
|inactive|Pinoitaliano has 15 seconds left.
|
|t:|1757791577
|move|p2b: Milotic|Protect|p2b: Milotic
|-singleturn|p2b: Milotic|Protect
|move|p1a: Volbeat|Encore|p2a: Incineroar
|-start|p2a: Incineroar|Encore
|move|p1b: Archaludon|Electro Shot||[still]
|-prepare|p1b: Archaludon|Electro Shot
|-boost|p1b: Archaludon|spa|1
|-anim|p1b: Archaludon|Electro Shot|p2b: Milotic
|-activate|p2b: Milotic|move: Protect
|move|p2a: Incineroar|Snarl|p1a: Volbeat|[spread] p1a,p1b
|-damage|p1a: Volbeat|61/100
|-damage|p1b: Archaludon|47/100
|-unboost|p1a: Volbeat|spa|1
|-unboost|p1b: Archaludon|spa|1
|-ability|p1b: Archaludon|Stamina|boost
|-boost|p1b: Archaludon|def|1
|
|-weather|RainDance|[upkeep]
|-end|p2b: Milotic|Encore
|-sideend|p1: Pinoitaliano|move: Tailwind
|upkeep
|turn|5
|inactive|Pinoitaliano has 30 seconds left.
|inactive|blundurus24 has 30 seconds left.
|
|t:|1757791605
|switch|p2b: Rillaboom|Rillaboom, L50, F|100/100
|-fieldstart|move: Grassy Terrain|[from] ability: Grassy Surge|[of] p2b: Rillaboom
|move|p1a: Volbeat|Encore||[still]
|-fail|p1a: Volbeat
|move|p1b: Archaludon|Electro Shot||[still]
|-prepare|p1b: Archaludon|Electro Shot
|-boost|p1b: Archaludon|spa|1
|-anim|p1b: Archaludon|Electro Shot|p2a: Incineroar
|-damage|p2a: Incineroar|0 fnt
|faint|p2a: Incineroar
|
|-weather|RainDance|[upkeep]
|-heal|p1b: Archaludon|53/100|[from] Grassy Terrain
|-heal|p1a: Volbeat|67/100|[from] Grassy Terrain
|upkeep
|
|t:|1757791623
|switch|p2a: Gholdengo|Gholdengo, L50|100/100
|turn|6
|
|t:|1757791646
|switch|p1a: Primarina|Primarina, L50, M|100/100
|move|p2b: Rillaboom|Fake Out|p1b: Archaludon
|-resisted|p1b: Archaludon
|-damage|p1b: Archaludon|51/100
|-ability|p1b: Archaludon|Stamina|boost
|-boost|p1b: Archaludon|def|1
|cant|p1b: Archaludon|flinch
|move|p2a: Gholdengo|Nasty Plot|p2a: Gholdengo
|-boost|p2a: Gholdengo|spa|2
|
|-weather|RainDance|[upkeep]
|-heal|p1b: Archaludon|57/100|[from] Grassy Terrain
|upkeep
|turn|7
|inactive|Pinoitaliano has 30 seconds left.
|inactive|Pinoitaliano has 20 seconds left.
|
|t:|1757791683
|-terastallize|p1a: Primarina|Steel
|move|p1b: Archaludon|Electro Shot||[still]
|-prepare|p1b: Archaludon|Electro Shot
|-boost|p1b: Archaludon|spa|1
|-anim|p1b: Archaludon|Electro Shot|p2a: Gholdengo
|-damage|p2a: Gholdengo|37/100
|move|p2a: Gholdengo|Shadow Ball|p1b: Archaludon
|-damage|p1b: Archaludon|0 fnt
|faint|p1b: Archaludon
|move|p1a: Primarina|Weather Ball|p2a: Gholdengo
|-crit|p2a: Gholdengo
|-damage|p2a: Gholdengo|0 fnt
|faint|p2a: Gholdengo
|move|p2b: Rillaboom|Wood Hammer|p1a: Primarina
|-resisted|p1a: Primarina
|-crit|p1a: Primarina
|-damage|p1a: Primarina|21/100
|-damage|p2b: Rillaboom|79/100|[from] Recoil
|
|-weather|none
|-heal|p1a: Primarina|27/100|[from] Grassy Terrain
|-heal|p2b: Rillaboom|85/100|[from] Grassy Terrain
|upkeep
|
|t:|1757791706
|switch|p1b: Volbeat|Volbeat, L50, M|67/100
|switch|p2a: Milotic|Milotic, L50, M|100/100
|turn|8
|
|t:|1757791717
|move|p2b: Rillaboom|Grassy Glide|p1a: Primarina
|-resisted|p1a: Primarina
|-damage|p1a: Primarina|0 fnt
|faint|p1a: Primarina
|move|p1b: Volbeat|Sunny Day|p1b: Volbeat
|-weather|SunnyDay
|move|p2a: Milotic|Scald|p1b: Volbeat
|-damage|p1b: Volbeat|52/100
|
|-weather|SunnyDay|[upkeep]
|-heal|p2b: Rillaboom|92/100|[from] Grassy Terrain
|-heal|p1b: Volbeat|58/100|[from] Grassy Terrain
|upkeep
|
|t:|1757791729
|switch|p1a: Typhlosion|Typhlosion-Hisui, L50, M|100/100
|turn|9
|
|t:|1757791742
|move|p2b: Rillaboom|Grassy Glide|p1a: Typhlosion
|-resisted|p1a: Typhlosion
|-damage|p1a: Typhlosion|75/100
|move|p1b: Volbeat|Tailwind|p1b: Volbeat
|-sidestart|p1: Pinoitaliano|move: Tailwind
|move|p1a: Typhlosion|Eruption|p2b: Rillaboom|[spread] p2a,p2b
|-resisted|p2a: Milotic
|-supereffective|p2b: Rillaboom
|-damage|p2a: Milotic|71/100
|-damage|p2b: Rillaboom|0 fnt
|faint|p2b: Rillaboom
|move|p2a: Milotic|Scald|p1a: Typhlosion
|-supereffective|p1a: Typhlosion
|-damage|p1a: Typhlosion|33/100
|
|-weather|SunnyDay|[upkeep]
|-heal|p1a: Typhlosion|39/100|[from] Grassy Terrain
|-heal|p1b: Volbeat|64/100|[from] Grassy Terrain
|-heal|p2a: Milotic|78/100|[from] Grassy Terrain
|-fieldend|move: Grassy Terrain
|upkeep
|turn|10
|inactive|Pinoitaliano has 30 seconds left.
|inactive|blundurus24 has 30 seconds left.
|
|t:|1757791771
|move|p1b: Volbeat|Encore|p2a: Milotic
|-start|p2a: Milotic|Encore
|move|p1a: Typhlosion|Shadow Ball|p2a: Milotic
|-damage|p2a: Milotic|49/100
|-unboost|p2a: Milotic|spd|1
|-ability|p2a: Milotic|Competitive|boost
|-boost|p2a: Milotic|spa|2
|-enditem|p2a: Milotic|Sitrus Berry|[eat]
|-heal|p2a: Milotic|74/100|[from] item: Sitrus Berry
|move|p2a: Milotic|Scald|p1a: Typhlosion
|-supereffective|p1a: Typhlosion
|-damage|p1a: Typhlosion|0 fnt
|faint|p1a: Typhlosion
|
|-weather|SunnyDay|[upkeep]
|upkeep
|turn|11
|-message|Pinoitaliano forfeited.
|
|win|blundurus24
||blundurus24 is ready for game 2.
||Pinoitaliano is ready for game 2.
|uhtml|next|Next: Game 2 of 3
|l|☆blundurus24
|player|p2|
