|j|☆ryoshino
|j|☆maish
|html|ryoshinomaish    
|uhtml|bestof|Game 1 of a best-of-3
|t:|1756676625
|gametype|doubles
|player|p1|ryoshino|101|1187
|player|p2|maish|veteran|1092
|gen|9
|tier|[Gen 9] VGC 2025 Reg H (Bo3)
|rated|
|rule|Species Clause: Limit one of each Pokémon
|rule|Item Clause: Limit 1 of each item
|clearpoke
|poke|p1|Murkrow, L50, F|
|poke|p1|Gholdengo, L50|
|poke|p1|Dondozo, L50, F|
|poke|p1|Tatsugiri, L50, M|
|poke|p1|Incineroar, L50, F|
|poke|p1|Clefable, L50, F|
|poke|p2|Pelipper, L50, M|
|poke|p2|Archaludon, L50, M|
|poke|p2|Basculegion, L50, M|
|poke|p2|Amoonguss, L50, F|
|poke|p2|Incineroar, L50, M|
|poke|p2|Gholdengo, L50|
|teampreview|4
|showteam|p1|Murkrow||Eviolite|Prankster|Tailwind,FoulPlay,RainDance,Haze|||F|||50|,,,,,Ghost]Gholdengo||ChoiceSpecs|GoodasGold|MakeItRain,Trick,ShadowBall,Thunderbolt||||||50|,,,,,Steel]Dondozo||Leftovers|Unaware|WaveCrash,HeavySlam,OrderUp,Protect|||F|||50|,,,,,Grass]Tatsugiri||FocusSash|Commander|DracoMeteor,IcyWind,MuddyWater,Protect|||M|||50|,,,,,Stellar]Incineroar||SafetyGoggles|Intimidate|FlareBlitz,KnockOff,PartingShot,FakeOut|||F|||50|,,,,,Ghost]Clefable||RockyHelmet|Unaware|Moonblast,FollowMe,Encore,Protect|||F|||50|,,,,,Ghost
|showteam|p2|Pelipper||FocusSash|Drizzle|WeatherBall,Hurricane,Tailwind,Protect|||M|||50|,,,,,Ghost]Archaludon||AssaultVest|Stamina|DragonPulse,ElectroShot,Snarl,BodyPress|||M|||50|,,,,,Grass]Basculegion||ChoiceBand|SwiftSwim|WaveCrash,AquaJet,LastRespects,FlipTurn|||M|||50|,,,,,Grass]Amoonguss||RockyHelmet|Regenerator|RagePowder,PollenPuff,Spore,Protect|||F|||50|,,,,,Water]Incineroar||SafetyGoggles|Intimidate|FakeOut,FlareBlitz,PartingShot,KnockOff|||M|||50|,,,,,Water]Gholdengo||LifeOrb|GoodasGold|MakeItRain,ShadowBall,NastyPlot,Protect||||||50|,,,,,Dragon
|inactive|Battle timer is ON: inactive players will automatically lose when time's up. (requested by ryoshino)
|inactive|maish has 60 seconds left.
|
|t:|1756676679
|teamsize|p1|4
|teamsize|p2|4
|start
|switch|p1a: Gholdengo|Gholdengo, L50|100/100
|switch|p1b: Clefable|Clefable, L50, F|100/100
|switch|p2a: Amoonguss|Amoonguss, L50, F, shiny|100/100
|switch|p2b: Gholdengo|Gholdengo, L50|100/100
|turn|1
|inactive|maish has 30 seconds left.
|
|t:|1756676706
|-terastallize|p1a: Gholdengo|Steel
|move|p2b: Gholdengo|Protect|p2b: Gholdengo
|-singleturn|p2b: Gholdengo|Protect
|move|p1a: Gholdengo|Make It Rain|p2a: Amoonguss|[spread] p2a
|-activate|p2b: Gholdengo|move: Protect
|-damage|p2a: Amoonguss|5/100
|-unboost|p1a: Gholdengo|spa|1
|move|p1b: Clefable|Moonblast|p2a: Amoonguss
|-resisted|p2a: Amoonguss
|-damage|p2a: Amoonguss|0 fnt
|faint|p2a: Amoonguss
|
|upkeep
|
|t:|1756676721
|switch|p2a: Incineroar|Incineroar, L50, M, shiny|100/100
|-ability|p2a: Incineroar|Intimidate|boost
|-unboost|p1a: Gholdengo|atk|1
|-unboost|p1b: Clefable|atk|1
|turn|2
|inactive|maish has 30 seconds left.
|
|t:|1756676754
|move|p1a: Gholdengo|Make It Rain|p2b: Gholdengo|[spread] p2a,p2b
|-resisted|p2a: Incineroar
|-resisted|p2b: Gholdengo
|-damage|p2a: Incineroar|70/100
|-damage|p2b: Gholdengo|64/100
|-unboost|p1a: Gholdengo|spa|1
|move|p2b: Gholdengo|Make It Rain|p1b: Clefable|[spread] p1a,p1b
|-resisted|p1a: Gholdengo
|-supereffective|p1b: Clefable
|-damage|p1a: Gholdengo|62/100
|-damage|p1b: Clefable|19/100
|-unboost|p2b: Gholdengo|spa|1
|-damage|p2b: Gholdengo|54/100|[from] item: Life Orb
|move|p2a: Incineroar|Knock Off|p1a: Gholdengo
|-damage|p1a: Gholdengo|21/100
|-enditem|p1a: Gholdengo|Choice Specs|[from] move: Knock Off|[of] p2a: Incineroar
|move|p1b: Clefable|Moonblast|p2b: Gholdengo
|-resisted|p2b: Gholdengo
|-damage|p2b: Gholdengo|37/100
|
|upkeep
|turn|3
|inactive|maish has 30 seconds left.
|
|t:|1756676783
|move|p1a: Gholdengo|Make It Rain|p2b: Gholdengo|[spread] p2a,p2b
|-resisted|p2a: Incineroar
|-resisted|p2b: Gholdengo
|-damage|p2a: Incineroar|54/100
|-damage|p2b: Gholdengo|20/100
|-unboost|p1a: Gholdengo|spa|1
|move|p2b: Gholdengo|Nasty Plot|p2b: Gholdengo
|-boost|p2b: Gholdengo|spa|2
|move|p2a: Incineroar|Flare Blitz|p1b: Clefable
|-damage|p1b: Clefable|0 fnt
|-damage|p2a: Incineroar|38/100|[from] item: Rocky Helmet|[of] p1b: Clefable
|faint|p1b: Clefable
|-damage|p2a: Incineroar|31/100|[from] Recoil
|
|upkeep
|
|t:|1756676788
|switch|p1b: Dondozo|Dondozo, L50, F|100/100
|turn|4
|inactive|maish has 30 seconds left.
|
|t:|1756676818
|switch|p1a: Tatsugiri|Tatsugiri, L50, M|100/100
|-activate|p1a: Tatsugiri|ability: Commander|[of] p1b: Dondozo
|-boost|p1b: Dondozo|atk|2
|-boost|p1b: Dondozo|spa|2
|-boost|p1b: Dondozo|spe|2
|-boost|p1b: Dondozo|def|2
|-boost|p1b: Dondozo|spd|2
|move|p1b: Dondozo|Order Up|p2a: Incineroar
|-damage|p2a: Incineroar|1/100
|-boost|p1b: Dondozo|atk|1
|move|p2b: Gholdengo|Nasty Plot|p2b: Gholdengo
|-boost|p2b: Gholdengo|spa|2
|move|p2a: Incineroar|Parting Shot|p1b: Dondozo
|-unboost|p1b: Dondozo|atk|1
|-unboost|p1b: Dondozo|spa|1
|
|t:|1756676834
|switch|p2a: Basculegion|Basculegion, L50, M, shiny|100/100|[from] Parting Shot
|
|upkeep
|turn|5
|
|t:|1756676846
|move|p2b: Gholdengo|Protect|p2b: Gholdengo
|-singleturn|p2b: Gholdengo|Protect
|move|p1b: Dondozo|Order Up|p2b: Gholdengo
|-activate|p2b: Gholdengo|move: Protect
|move|p2a: Basculegion|Flip Turn|p1b: Dondozo
|-resisted|p1b: Dondozo
|-damage|p1b: Dondozo|93/100
|
|t:|1756676853
|switch|p2a: Incineroar|Incineroar, L50, M, shiny|1/100|[from] Flip Turn
|-ability|p2a: Incineroar|Intimidate|boost
|-unboost|p1a: Tatsugiri|atk|1
|-unboost|p1b: Dondozo|atk|1
|
|-heal|p1b: Dondozo|99/100|[from] item: Leftovers
|upkeep
|turn|6
|
|t:|1756676870
|move|p2a: Incineroar|Fake Out|p1b: Dondozo
|-damage|p1b: Dondozo|97/100
|cant|p1b: Dondozo|flinch
|move|p2b: Gholdengo|Nasty Plot|p2b: Gholdengo
|-boost|p2b: Gholdengo|spa|2
|
|-heal|p1b: Dondozo|100/100|[from] item: Leftovers
|upkeep
|turn|7
|inactive|maish has 30 seconds left.
|
|t:|1756676897
|move|p1b: Dondozo|Order Up|p2a: Incineroar
|-crit|p2a: Incineroar
|-damage|p2a: Incineroar|0 fnt
|faint|p2a: Incineroar
|-boost|p1b: Dondozo|atk|1
|move|p2b: Gholdengo|Shadow Ball|p1b: Dondozo
|-damage|p1b: Dondozo|75/100
|-damage|p2b: Gholdengo|10/100|[from] item: Life Orb
|
|-heal|p1b: Dondozo|81/100|[from] item: Leftovers
|upkeep
|
|t:|1756676905
|switch|p2a: Basculegion|Basculegion, L50, M, shiny|100/100
|turn|8
|
|t:|1756676916
|move|p2b: Gholdengo|Protect|p2b: Gholdengo
|-singleturn|p2b: Gholdengo|Protect
|move|p1b: Dondozo|Order Up|p2b: Gholdengo
|-activate|p2b: Gholdengo|move: Protect
|move|p2a: Basculegion|Last Respects|p1b: Dondozo
|-damage|p1b: Dondozo|43/100
|
|-heal|p1b: Dondozo|49/100|[from] item: Leftovers
|upkeep
|turn|9
|
|t:|1756676929
|move|p2b: Gholdengo|Protect||[still]
|-fail|p2b: Gholdengo
|move|p1b: Dondozo|Order Up|p2b: Gholdengo
|-resisted|p2b: Gholdengo
|-damage|p2b: Gholdengo|0 fnt
|faint|p2b: Gholdengo
|-boost|p1b: Dondozo|atk|1
|move|p2a: Basculegion|Last Respects|p1b: Dondozo
|-damage|p1b: Dondozo|3/100
|
|-heal|p1b: Dondozo|9/100|[from] item: Leftovers
|upkeep
|turn|10
|
|t:|1756676938
|move|p1b: Dondozo|Order Up|p2a: Basculegion
|-crit|p2a: Basculegion
|-damage|p2a: Basculegion|0 fnt
|faint|p2a: Basculegion
|
|win|ryoshino
