|j|☆backonmypittbull
|j|☆laufey#1fan
|html|backonmypittbulllaufey#1fan    
|uhtml|bestof|Game 2 of a best-of-3
|t:|1755452393
|gametype|doubles
|player|p1|backonmypittbull|n|1325
|player|p2|laufey#1fan|cynthia|1424
|gen|9
|tier|[Gen 9] VGC 2025 Reg H (Bo3)
|rated|
|rule|Species Clause: Limit one of each Pokémon
|rule|Item Clause: Limit 1 of each item
|clearpoke
|poke|p1|Charizard, L50, F|
|poke|p1|Torkoal, L50, F|
|poke|p1|Porygon2, L50|
|poke|p1|Incineroar, L50, F|
|poke|p1|Jumpluff, L50, M|
|poke|p1|Ursaluna, L50, M|
|poke|p2|Garchomp, L50, F|
|poke|p2|Dragonite, L50, M|
|poke|p2|Ninetales-Alola, L50, F|
|poke|p2|Amoonguss, L50, M|
|poke|p2|Kingambit, L50, M|
|poke|p2|Arcanine-Hisui, L50, F|
|teampreview|4
|showteam|p1|Charizard||ChoiceSpecs|SolarPower|HeatWave,Overheat,WeatherBall,AirSlash|||F|||50|,,,,,Ghost]Torkoal||EjectPack|Drought|Eruption,Overheat,HelpingHand,Protect|||F|||50|,,,,,Fire]Porygon2||Eviolite|Download|TeraBlast,IceBeam,Recover,TrickRoom||||||50|,,,,,Fighting]Incineroar||SitrusBerry|Intimidate|FlareBlitz,KnockOff,FakeOut,PartingShot|||F|||50|,,,,,Ghost]Jumpluff||CovertCloak|Chlorophyll|SleepPowder,SunnyDay,RagePowder,Tailwind|||M|||50|,,,,,Water]Ursaluna||FlameOrb|Guts|HeadlongRush,Facade,Earthquake,Protect|||M|||50|,,,,,Ghost
|showteam|p2|Garchomp||LifeOrb|RoughSkin|StompingTantrum,Protect,DragonClaw,Earthquake|||F|||50|,,,,,Fire]Dragonite||LoadedDice|Multiscale|ScaleShot,Haze,IceSpinner,Protect|||M|||50|,,,,,Fairy]Ninetales-Alola||FocusSash|SnowWarning|FreezeDry,Encore,Protect,Blizzard|||F|||50|,,,,,Ghost]Amoonguss||SitrusBerry|Regenerator|PollenPuff,Protect,RagePowder,Spore|||M|||50|,,,,,Psychic]Kingambit||AssaultVest|Defiant|KowtowCleave,LowKick,IronHead,SuckerPunch|||M|||50|,,,,,Flying]Arcanine-Hisui||MirrorHerb|Intimidate|Protect,RockSlide,FlareBlitz,ExtremeSpeed|||F|||50|,,,,,Grass
|inactive|Battle timer is ON: inactive players will automatically lose when time's up. (requested by laufey#1fan)
|
|t:|1755452429
|teamsize|p1|4
|teamsize|p2|4
|start
|switch|p1a: Jumpluff|Jumpluff, L50, M|100/100
|switch|p1b: Torkoal|Torkoal, L50, F|100/100
|switch|p2a: Jeffina|Garchomp, L50, F, shiny|100/100
|switch|p2b: JOYBOY|Dragonite, L50, M|100/100
|-weather|SunnyDay|[from] ability: Drought|[of] p1b: Torkoal
|turn|1
|inactive|backonmypittbull has 30 seconds left.
|inactive|backonmypittbull has 20 seconds left.
|inactive|backonmypittbull has 15 seconds left.
|
|t:|1755452472
|switch|p2a: Charlie|Arcanine-Hisui, L50, F|100/100
|-ability|p2a: Charlie|Intimidate|boost
|-unboost|p1a: Jumpluff|atk|1
|-unboost|p1b: Torkoal|atk|1
|-enditem|p1b: Torkoal|Eject Pack
|
|t:|1755452481
|switch|p1b: Porygon2|Porygon2, L50|100/100
|-ability|p1b: Porygon2|Download|boost
|-boost|p1b: Porygon2|atk|1
|-enditem|p2a: Charlie|Mirror Herb
|-boost|p2a: Charlie|atk|1|[from] item: Mirror Herb
|move|p1a: Jumpluff|Sleep Powder|p2b: JOYBOY|[miss]
|-miss|p1a: Jumpluff|p2b: JOYBOY
|move|p2b: JOYBOY|Scale Shot|p1a: Jumpluff|[miss]
|-miss|p2b: JOYBOY|p1a: Jumpluff
|
|-weather|SunnyDay|[upkeep]
|upkeep
|turn|2
|inactive|laufey#1fan has 30 seconds left.
|
|t:|1755452511
|move|p2a: Charlie|Protect|p2a: Charlie
|-singleturn|p2a: Charlie|Protect
|move|p1a: Jumpluff|Tailwind|p1a: Jumpluff
|-sidestart|p1: backonmypittbull|move: Tailwind
|move|p1b: Porygon2|Ice Beam|p2b: JOYBOY
|-supereffective|p2b: JOYBOY
|-damage|p2b: JOYBOY|38/100
|move|p2b: JOYBOY|Ice Spinner|p1a: Jumpluff
|-supereffective|p1a: Jumpluff
|-damage|p1a: Jumpluff|0 fnt
|faint|p1a: Jumpluff
|
|-weather|SunnyDay|[upkeep]
|upkeep
|
|t:|1755452522
|switch|p1a: Charizard|Charizard, L50, F|100/100
|turn|3
|
|t:|1755452540
|-terastallize|p1b: Porygon2|Fighting
|move|p1a: Charizard|Heat Wave|p2a: Charlie|[spread] p2a,p2b
|-resisted|p2a: Charlie
|-resisted|p2b: JOYBOY
|-damage|p2a: Charlie|66/100
|-damage|p2b: JOYBOY|0 fnt
|faint|p2b: JOYBOY
|move|p1b: Porygon2|Tera Blast|p2a: Charlie|[anim] Tera Blast Fighting
|-supereffective|p2a: Charlie
|-damage|p2a: Charlie|0 fnt
|faint|p2a: Charlie
|
|-weather|SunnyDay|[upkeep]
|-damage|p1a: Charizard|88/100|[from] ability: Solar Power|[of] p1a: Charizard
|upkeep
|
|t:|1755452545
|switch|p2a: Maracas|Amoonguss, L50, M|100/100
|switch|p2b: Jeffina|Garchomp, L50, F, shiny|100/100
|turn|4
|
|t:|1755452570
|-terastallize|p2a: Maracas|Psychic
|move|p2b: Jeffina|Protect|p2b: Jeffina
|-singleturn|p2b: Jeffina|Protect
|move|p1a: Charizard|Heat Wave|p2b: Jeffina|[spread] 
|-activate|p2b: Jeffina|move: Protect
|-miss|p1a: Charizard|p2a: Maracas
|move|p1b: Porygon2|Ice Beam|p2a: Maracas
|-damage|p2a: Maracas|78/100
|move|p2a: Maracas|Spore|p1b: Porygon2
|-status|p1b: Porygon2|slp|[from] move: Spore
|
|-weather|SunnyDay|[upkeep]
|-damage|p1a: Charizard|76/100|[from] ability: Solar Power|[of] p1a: Charizard
|upkeep
|turn|5
|
|t:|1755452591
|move|p1a: Charizard|Heat Wave|p2a: Maracas|[spread] p2a,p2b
|-resisted|p2b: Jeffina
|-damage|p2a: Maracas|0 fnt
|-damage|p2b: Jeffina|43/100
|faint|p2a: Maracas
|move|p2b: Jeffina|Dragon Claw|p1a: Charizard
|-damage|p1a: Charizard|0 fnt
|faint|p1a: Charizard
|-damage|p2b: Jeffina|34/100|[from] item: Life Orb
|cant|p1b: Porygon2|slp
|
|-weather|none
|-sideend|p1: backonmypittbull|move: Tailwind
|upkeep
|
|t:|1755452599
|switch|p1a: Torkoal|Torkoal, L50, F|100/100
|-weather|SunnyDay|[from] ability: Drought|[of] p1a: Torkoal
|turn|6
|
|t:|1755452609
|move|p2b: Jeffina|Earthquake|p1a: Torkoal|[spread] p1a,p1b
|-supereffective|p1a: Torkoal
|-damage|p1a: Torkoal|24/100
|-damage|p1b: Porygon2|66/100 slp
|-damage|p2b: Jeffina|24/100|[from] item: Life Orb
|move|p1a: Torkoal|Overheat|p2b: Jeffina
|-resisted|p2b: Jeffina
|-damage|p2b: Jeffina|0 fnt
|-unboost|p1a: Torkoal|spa|2
|faint|p2b: Jeffina
|
|win|backonmypittbull
|raw|backonmypittbull's rating: 1325 → 1351(+26 for winning)
|raw|laufey#1fan's rating: 1424 → 1398(-26 for losing)
|l|☆laufey#1fan
|player|p2|
|c|☆backonmypittbull|ggs
