|j|☆jeanryupr
|j|☆ScaryQwQ
|html|jeanryuprScaryQwQ    
|uhtml|bestof|Game 2 of a best-of-3
|t:|1782689155
|gametype|doubles
|player|p1|jeanryupr|266|
|player|p2|ScaryQwQ|argenta|
|gen|9
|tier|[Gen 9 Champions] VGC 2026 Reg M-B (Bo3)
|rule|Species Clause: Limit one of each Pokémon
|rule|Item Clause: Limit 1 of each item
|clearpoke
|poke|p1|Charizard, L50, F|
|poke|p1|Sneasler, L50, M|
|poke|p1|Farigiraf, L50, M|
|poke|p1|Garchomp, L50, M|
|poke|p1|Kingambit, L50, F|
|poke|p1|Aerodactyl, L50, F|
|poke|p2|Scrafty, L50, F|
|poke|p2|Sylveon, L50, M|
|poke|p2|Sinistcha, L50|
|poke|p2|Garchomp, L50, F|
|poke|p2|Kingambit, L50, M|
|poke|p2|Delphox, L50, F|
|teampreview|4
|showteam|p1|Charizard||CharizarditeY|Blaze|HeatWave,SolarBeam,Protect,WeatherBall|Timid||F|||50|]Sneasler||WhiteHerb|Unburden|FakeOut,CloseCombat,DireClaw,Protect|Adamant||M|||50|]Farigiraf||SitrusBerry|ArmorTail|TrickRoom,Psychic,HyperVoice,Imprison|Bold||M|||50|]Garchomp||LifeOrb|RoughSkin|ScaleShot,Earthquake,RockSlide,Protect|Jolly||M|||50|]Kingambit||BlackGlasses|Defiant|KowtowCleave,Protect,SuckerPunch,IronHead|Adamant||F|||50|]Aerodactyl||FocusSash|Unnerve|RockSlide,DualWingbeat,WideGuard,Tailwind|Jolly||F|||50|
|showteam|p2|Scrafty||Scraftinite|Intimidate|DrainPunch,KnockOff,FakeOut,Protect|Adamant||F|||50|]Sylveon||FairyFeather|Pixilate|HyperVoice,HyperBeam,CalmMind,Protect|Modest||M|||50|]Sinistcha||SitrusBerry|Hospitality|MatchaGotcha,RagePowder,TrickRoom,Protect|Relaxed|||||50|]Garchomp||LifeOrb|RoughSkin|DragonClaw,StompingTantrum,RockSlide,Protect|Jolly||F|||50|]Kingambit||FocusSash|Defiant|KowtowCleave,SuckerPunch,IronHead,LowKick|Adamant||M|||50|]Delphox||Delphoxite|Blaze|HeatWave,Psyshock,NastyPlot,Protect|Timid||F|||50|
|j| triziateam
|c|☆jeanryupr|Glhf
|c|☆ScaryQwQ|glhf
|
|t:|1782689272
|teamsize|p1|4
|teamsize|p2|4
|start
|switch|p1a: Aerodactyl|Aerodactyl, L50, F|100/100
|switch|p1b: Kingambit|Kingambit, L50, F|100/100
|switch|p2a: Sinistcha|Sinistcha, L50|100/100
|switch|p2b: Kingambit|Kingambit, L50, M|100/100
|-ability|p1a: Aerodactyl|Unnerve
|turn|1
|
|t:|1782689315
|switch|p2a: Scrafty|Scrafty, L50, F|100/100
|-ability|p2a: Scrafty|Intimidate|boost
|-unboost|p1a: Aerodactyl|atk|1
|-unboost|p1b: Kingambit|atk|1
|-ability|p1b: Kingambit|Defiant|boost
|-boost|p1b: Kingambit|atk|2
|switch|p1b: Charizard|Charizard, L50, F|100/100
|move|p1a: Aerodactyl|Rock Slide|p2b: Kingambit|[spread] p2a,p2b
|-resisted|p2a: Scrafty|1
|-resisted|p2b: Kingambit|1
|-damage|p2a: Scrafty|92/100
|-damage|p2b: Kingambit|93/100
|move|p2b: Kingambit|Low Kick|p1b: Charizard
|-resisted|p1b: Charizard|1
|-damage|p1b: Charizard|81/100
|
|upkeep
|turn|2
|
|t:|1782689364
|switch|p1a: Farigiraf|Farigiraf, L50, M|100/100
|switch|p2a: Sinistcha|Sinistcha, L50|100/100
|-heal|p2b: Kingambit|100/100|[from] ability: Hospitality|[of] p2a: Sinistcha
|detailschange|p1b: Charizard|Charizard-Mega-Y, L50, F
|-mega|p1b: Charizard|Charizard|Charizardite Y
|-weather|SunnyDay|[from] ability: Drought|[of] p1b: Charizard
|move|p1b: Charizard|Heat Wave|p2a: Sinistcha|[spread] p2a,p2b
|-supereffective|p2a: Sinistcha|1
|-supereffective|p2b: Kingambit|1
|-damage|p2a: Sinistcha|0 fnt
|-enditem|p2b: Kingambit|Focus Sash
|-damage|p2b: Kingambit|1/100
|faint|p2a: Sinistcha
|move|p2b: Kingambit|Kowtow Cleave|p1a: Farigiraf
|-supereffective|p1a: Farigiraf|1
|-damage|p1a: Farigiraf|14/100
|-enditem|p1a: Farigiraf|Sitrus Berry|[eat]
|-heal|p1a: Farigiraf|39/100|[from] item: Sitrus Berry
|
|-weather|SunnyDay|[upkeep]
|upkeep
|
|t:|1782689380
|switch|p2a: Garchomp|Garchomp, L50, F|100/100
|turn|3
|
|t:|1782689396
|switch|p2b: Scrafty|Scrafty, L50, F|92/100
|-ability|p2b: Scrafty|Intimidate|boost
|-unboost|p1a: Farigiraf|atk|1
|-unboost|p1b: Charizard|atk|1
|move|p1b: Charizard|Protect|p1b: Charizard
|-singleturn|p1b: Charizard|Protect
|move|p2a: Garchomp|Rock Slide|p1a: Farigiraf|[spread] p1a
|-activate|p1b: Charizard|move: Protect
|-damage|p1a: Farigiraf|18/100
|-damage|p2a: Garchomp|90/100|[from] item: Life Orb
|move|p1a: Farigiraf|Hyper Voice|p2b: Scrafty|[spread] p2a,p2b
|-damage|p2a: Garchomp|64/100
|-damage|p2b: Scrafty|70/100
|
|-weather|SunnyDay|[upkeep]
|upkeep
|turn|4
|l| triziateam
|j| triziateam
|
|t:|1782689429
|switch|p1b: Kingambit|Kingambit, L50, F|100/100
|detailschange|p2b: Scrafty|Scrafty-Mega, L50, F
|-mega|p2b: Scrafty|Scrafty|Scraftinite
|-ability|p2b: Scrafty|Intimidate|boost
|-unboost|p1a: Farigiraf|atk|1
|-unboost|p1b: Kingambit|atk|1
|-ability|p1b: Kingambit|Defiant|boost
|-boost|p1b: Kingambit|atk|2
|move|p2a: Garchomp|Rock Slide|p1a: Farigiraf|[spread] p1a,p1b
|-resisted|p1b: Kingambit|1
|-damage|p1a: Farigiraf|0 fnt
|-damage|p1b: Kingambit|90/100
|faint|p1a: Farigiraf
|-damage|p2a: Garchomp|54/100|[from] item: Life Orb
|move|p2b: Scrafty|Drain Punch|p1b: Kingambit
|-supereffective|p1b: Kingambit|2
|-damage|p1b: Kingambit|0 fnt
|-heal|p2b: Scrafty|100/100|[from] drain|[of] p1b: Kingambit
|faint|p1b: Kingambit
|
|-weather|SunnyDay|[upkeep]
|upkeep
|
|t:|1782689439
|switch|p1a: Charizard|Charizard-Mega-Y, L50, F|81/100
|switch|p1b: Aerodactyl|Aerodactyl, L50, F|100/100
|-ability|p1b: Aerodactyl|Unnerve
|turn|5
|
|t:|1782689465
|move|p1b: Aerodactyl|Wide Guard|p1b: Aerodactyl
|-singleturn|p1b: Aerodactyl|Wide Guard
|move|p2a: Garchomp|Rock Slide|p1a: Charizard|[spread] 
|-activate|p1a: Charizard|move: Wide Guard
|-activate|p1b: Aerodactyl|move: Wide Guard
|move|p1a: Charizard|Heat Wave|p2a: Garchomp|[spread] p2a,p2b
|-resisted|p2a: Garchomp|1
|-damage|p2a: Garchomp|20/100r
|-damage|p2b: Scrafty|50/100g
|move|p2b: Scrafty|Knock Off|p1a: Charizard
|-damage|p1a: Charizard|35/100
|
|-weather|SunnyDay|[upkeep]
|upkeep
|turn|6
|
|t:|1782689528
|move|p2a: Garchomp|Protect|p2a: Garchomp
|-singleturn|p2a: Garchomp|Protect
|move|p1b: Aerodactyl|Dual Wingbeat|p2a: Garchomp
|-activate|p2a: Garchomp|move: Protect
|move|p1a: Charizard|Weather Ball|p2b: Scrafty
|-damage|p2b: Scrafty|0 fnt
|faint|p2b: Scrafty
|
|-weather|none
|upkeep
|
|t:|1782689535
|switch|p2b: Kingambit|Kingambit, L50, M|1/100
|turn|7
|
|t:|1782689580
|move|p1a: Charizard|Protect|p1a: Charizard
|-singleturn|p1a: Charizard|Protect
|move|p2b: Kingambit|Sucker Punch|p1b: Aerodactyl
|-damage|p1b: Aerodactyl|36/100
|move|p1b: Aerodactyl|Dual Wingbeat|p2a: Garchomp
|-damage|p2a: Garchomp|0 fnt
|-damage|p1b: Aerodactyl|23/100|[from] ability: Rough Skin|[of] p2a: Garchomp
|faint|p2a: Garchomp
|-hitcount|p2: Garchomp|1
|
|upkeep
|turn|8
|
|t:|1782689596
|move|p2b: Kingambit|Sucker Punch|p1a: Charizard
|-damage|p1a: Charizard|0 fnt
|faint|p1a: Charizard
|move|p1b: Aerodactyl|Rock Slide|p2b: Kingambit
|-resisted|p2b: Kingambit|1
|-damage|p2b: Kingambit|0 fnt
|faint|p2b: Kingambit
|
|win|jeanryupr
|c|☆ScaryQwQ|ggs
|c|☆jeanryupr|Ggs
|l|☆ScaryQwQ
|player|p2|
|j|☆ScaryQwQ
|player|p2|ScaryQwQ|argenta|
|l|☆jeanryupr
|player|p1|
