|j|☆Polar2250
|j|☆25th_mang
|html|Polar225025th_mang    
|uhtml|bestof|Game 1 of a best-of-3
|t:|1756643936
|gametype|doubles
|player|p1|Polar2250|n|1087
|player|p2|25th_mang|ballguy|1037
|gen|9
|tier|[Gen 9] VGC 2025 Reg H (Bo3)
|rated|
|rule|Species Clause: Limit one of each Pokémon
|rule|Item Clause: Limit 1 of each item
|clearpoke
|poke|p1|Charizard, L50, F|
|poke|p1|Torkoal, L50, M|
|poke|p1|Porygon2, L50|
|poke|p1|Incineroar, L50, M|
|poke|p1|Jumpluff, L50, F|
|poke|p1|Ursaluna, L50, M|
|poke|p2|Pelipper, L50, F|
|poke|p2|Archaludon, L50, F|
|poke|p2|Quaquaval, L50, F|
|poke|p2|Kingambit, L50, F|
|poke|p2|Rillaboom, L50, F|
|poke|p2|Dragapult, L50, F|
|teampreview|4
|showteam|p1|Charizard||ChoiceSpecs|SolarPower|HeatWave,Overheat,DragonPulse,AirSlash|||F|||50|,,,,,Grass]Torkoal||EjectPack|Drought|Eruption,Overheat,HelpingHand,Protect|||M|||50|,,,,,Fire]Porygon2||Eviolite|Download|IceBeam,TeraBlast,TrickRoom,Recover||||||50|,,,,,Flying]Incineroar||SitrusBerry|Intimidate|FlareBlitz,FakeOut,DarkestLariat,PartingShot|||M|||50|,,,,,Grass]Jumpluff||CovertCloak|Chlorophyll|SleepPowder,SunnyDay,RagePowder,Tailwind|||F|||50|,,,,,Water]Ursaluna||FlameOrb|Guts|HeadlongRush,Facade,Earthquake,Protect|||M|||50|,,,,,Normal
|showteam|p2|Pelipper||ChoiceScarf|Drizzle|Hurricane,WeatherBall,Tailwind,Uturn|||F|||50|,,,,,Ghost]Archaludon||ChoiceSpecs|Sturdy|ElectroShot,FlashCannon,DracoMeteor,DragonPulse|||F|||50|,,,,,Electric]Quaquaval||FocusSash|Moxie|AquaStep,UpperHand,CloseCombat,Protect|||F|||50|,,,,,Water]Kingambit||BlackGlasses|Defiant|KowtowCleave,SuckerPunch,IronHead,Protect|||F|||50|,,,,,Dark]Rillaboom||AssaultVest|GrassySurge|FakeOut,WoodHammer,GrassyGlide,Uturn|||F|||50|,,,,,Fire]Dragapult||ChoiceBand|ClearBody|DragonDarts,Outrage,PhantomForce,Uturn|||F|||50|,,,,,Dragon
|inactive|Battle timer is ON: inactive players will automatically lose when time's up. (requested by 25th_mang)
|inactive|Polar2250 has 60 seconds left.
|
|t:|1756643969
|teamsize|p1|4
|teamsize|p2|4
|start
|switch|p1a: Porygon2|Porygon2, L50|100/100
|switch|p1b: Torkoal|Torkoal, L50, M|100/100
|switch|p2a: jihyo|Rillaboom, L50, F, shiny|100/100
|switch|p2b: jeongsachaeng|Dragapult, L50, F, shiny|100/100
|-fieldstart|move: Grassy Terrain|[from] ability: Grassy Surge|[of] p2a: jihyo
|-ability|p1a: Porygon2|Download|boost
|-boost|p1a: Porygon2|spa|1
|-weather|SunnyDay|[from] ability: Drought|[of] p1b: Torkoal
|turn|1
|inactive|Polar2250 has 30 seconds left.
|
|t:|1756643996
|move|p1b: Torkoal|Protect|p1b: Torkoal
|-singleturn|p1b: Torkoal|Protect
|move|p2a: jihyo|Fake Out|p1a: Porygon2
|-damage|p1a: Porygon2|91/100
|move|p2b: jeongsachaeng|U-turn|p1a: Porygon2
|-damage|p1a: Porygon2|68/100
|
|t:|1756644004
|switch|p2b: dahyun|Pelipper, L50, F|100/100|[from] U-turn
|-weather|RainDance|[from] ability: Drizzle|[of] p2b: dahyun
|cant|p1a: Porygon2|flinch
|
|-weather|RainDance|[upkeep]
|-heal|p1a: Porygon2|74/100|[from] Grassy Terrain
|upkeep
|turn|2
|inactive|25th_mang has 30 seconds left.
|inactive|25th_mang has 20 seconds left.
|inactive|25th_mang has 15 seconds left.
|
|t:|1756644045
|move|p2b: dahyun|Hurricane|p1a: Porygon2
|-damage|p1a: Porygon2|46/100
|-start|p1a: Porygon2|confusion
|move|p2a: jihyo|Wood Hammer|p1a: Porygon2
|-damage|p1a: Porygon2|0 fnt
|faint|p1a: Porygon2
|-damage|p2a: jihyo|86/100|[from] Recoil
|move|p1b: Torkoal|Overheat|p2a: jihyo
|-supereffective|p2a: jihyo
|-damage|p2a: jihyo|43/100
|-unboost|p1b: Torkoal|spa|2
|-enditem|p1b: Torkoal|Eject Pack
|
|t:|1756644060
|switch|p1b: Charizard|Charizard, L50, F|100/100
|
|-weather|RainDance|[upkeep]
|-heal|p2a: jihyo|49/100|[from] Grassy Terrain
|upkeep
|
|t:|1756644067
|switch|p1a: Torkoal|Torkoal, L50, M|100/100
|-weather|SunnyDay|[from] ability: Drought|[of] p1a: Torkoal
|turn|3
|
|t:|1756644085
|switch|p2b: jeongsachaeng|Dragapult, L50, F, shiny|100/100
|-terastallize|p2a: jihyo|Fire
|move|p1a: Torkoal|Helping Hand|p1b: Charizard
|-singleturn|p1b: Charizard|Helping Hand|[of] p1a: Torkoal
|move|p1b: Charizard|Heat Wave|p2a: jihyo|[spread] p2a,p2b
|-resisted|p2a: jihyo
|-resisted|p2b: jeongsachaeng
|-damage|p2a: jihyo|0 fnt
|-damage|p2b: jeongsachaeng|0 fnt
|faint|p2a: jihyo
|faint|p2b: jeongsachaeng
|
|-weather|SunnyDay|[upkeep]
|-damage|p1b: Charizard|88/100|[from] ability: Solar Power|[of] p1b: Charizard
|upkeep
|
|t:|1756644101
|switch|p2b: dahyun|Pelipper, L50, F|100/100
|switch|p2a: momo|Quaquaval, L50, F, shiny|100/100
|-weather|RainDance|[from] ability: Drizzle|[of] p2b: dahyun
|turn|4
|
|t:|1756644116
|-terastallize|p1b: Charizard|Grass
|move|p2b: dahyun|Weather Ball|p1a: Torkoal
|-supereffective|p1a: Torkoal
|-damage|p1a: Torkoal|0 fnt
|faint|p1a: Torkoal
|move|p1b: Charizard|Heat Wave|p2a: momo|[spread] p2a,p2b
|-resisted|p2a: momo
|-resisted|p2b: dahyun
|-damage|p2a: momo|84/100
|-damage|p2b: dahyun|80/100
|move|p2a: momo|Aqua Step|p1b: Charizard
|-resisted|p1b: Charizard
|-crit|p1b: Charizard
|-damage|p1b: Charizard|16/100
|-boost|p2a: momo|spe|1
|
|-weather|RainDance|[upkeep]
|-heal|p2a: momo|91/100|[from] Grassy Terrain
|-heal|p1b: Charizard|22/100|[from] Grassy Terrain
|upkeep
|
|t:|1756644133
|switch|p1a: Ursaluna|Ursaluna, L50, M|100/100
|turn|5
|
|t:|1756644143
|move|p1a: Ursaluna|Protect|p1a: Ursaluna
|-singleturn|p1a: Ursaluna|Protect
|move|p2a: momo|Aqua Step|p1b: Charizard
|-resisted|p1b: Charizard
|-damage|p1b: Charizard|0 fnt
|-boost|p2a: momo|spe|1
|faint|p1b: Charizard
|-ability|p2a: momo|Moxie|boost
|-boost|p2a: momo|atk|1
|move|p2b: dahyun|Weather Ball|p1a: Ursaluna
|-activate|p1a: Ursaluna|move: Protect
|
|-weather|RainDance|[upkeep]
|-heal|p2a: momo|97/100|[from] Grassy Terrain
|-fieldend|move: Grassy Terrain
|-status|p1a: Ursaluna|brn|[from] item: Flame Orb
|upkeep
|turn|6
|
|t:|1756644161
|move|p2a: momo|Aqua Step|p1a: Ursaluna
|-supereffective|p1a: Ursaluna
|-damage|p1a: Ursaluna|0 fnt
|-boost|p2a: momo|spe|1
|faint|p1a: Ursaluna
|
|win|25th_mang
|l|☆25th_mang
|player|p2|
||25th_mang is ready for game 2.
||Polar2250 is ready for game 2.
|uhtml|next|Next: Game 2 of 3
|l|☆Polar2250
|player|p1|
|j|☆25th_mang
|player|p2|25th_mang|ballguy|
|l|☆25th_mang
|player|p2|
|j|☆25th_mang
|player|p2|25th_mang|ballguy|
