|j|☆vealoe
|j|☆pepelniciq2
|html|vealoepepelniciq2    
|uhtml|bestof|Game 2 of a best-of-3
|t:|1782542706
|gametype|doubles
|player|p1|vealoe|emma|1058
|player|p2|pepelniciq2|miku-ghost|1144
|gen|9
|tier|[Gen 9 Champions] VGC 2026 Reg M-B (Bo3)
|rated|
|rule|Species Clause: Limit one of each Pokémon
|rule|Item Clause: Limit 1 of each item
|clearpoke
|poke|p1|Torkoal, L50, M|
|poke|p1|Drampa, L50, M|
|poke|p1|Crabominable, L50, F|
|poke|p1|Cofagrigus, L50, F|
|poke|p1|Snorlax, L50, F|
|poke|p1|Klefki, L50, M|
|poke|p2|Pyroar, L50, M, shiny|
|poke|p2|Floette-Eternal, L50, F, shiny|
|poke|p2|Ninetales, L50, M, shiny|
|poke|p2|Whimsicott, L50, M, shiny|
|poke|p2|Basculegion, L50, M, shiny|
|poke|p2|Farigiraf, L50, M, shiny|
|teampreview|4
|showteam|p1|Torkoal||Charcoal|Drought|Eruption,Yawn,Protect,RapidSpin|Bold||M|||50|]Drampa||Drampanite|Berserk|HyperVoice,DracoMeteor,Thunderbolt,IceBeam|Modest||M|||50|]Crabominable||Crabominite|IronFist|IceHammer,DrainPunch,ThunderPunch,RockSlide|Adamant||F|||50|]Cofagrigus||MentalHerb|Mummy|Haze,TrickRoom,WillOWisp,Disable|Relaxed||F|||50|]Snorlax||SitrusBerry|ThickFat|BellyDrum,BodySlam,HighHorsepower,IcePunch|Adamant||F|||50|]Klefki||LightClay|Prankster|TrickRoom,Reflect,LightScreen,FoulPlay|Relaxed||M|||50|
|showteam|p2|Pyroar||Pyroarite|Unnerve|Overheat,HeatWave,SolarBeam,Protect|Timid||M|||50|]Floette-Eternal||Floettite|FlowerVeil|LightofRuin,DazzlingGleam,Moonblast,Protect|Modest||F|||50|]Ninetales||ChoiceScarf|Drought|WeatherBall,HeatWave,SolarBeam,FakeTears|Modest||M|||50|]Whimsicott||FocusSash|Prankster|Moonblast,SunnyDay,Tailwind,Protect|Timid||M|||50|]Basculegion||LifeOrb|Adaptability|WaveCrash,AquaJet,LastRespects,Protect|Adamant||M|||50|]Farigiraf||SitrusBerry|ArmorTail|Psychic,Thunderbolt,TrickRoom,HelpingHand|Bold||M|||50|
|
|t:|1782542724
|teamsize|p1|4
|teamsize|p2|4
|start
|switch|p1a: Klefki|Klefki, L50, M|100/100
|switch|p1b: Drampa|Drampa, L50, M|100/100
|switch|p2a: Pyroar|Pyroar, L50, M, shiny|100/100
|switch|p2b: Ninetales|Ninetales, L50, M, shiny|100/100
|-ability|p2a: Pyroar|Unnerve
|-weather|SunnyDay|[from] ability: Drought|[of] p2b: Ninetales
|turn|1
|
|t:|1782542734
|detailschange|p2a: Pyroar|Pyroar-Mega, L50, M, shiny
|-mega|p2a: Pyroar|Pyroar|Pyroarite
|detailschange|p1b: Drampa|Drampa-Mega, L50, M
|-mega|p1b: Drampa|Drampa|Drampanite
|move|p1a: Klefki|Light Screen|p1a: Klefki
|-sidestart|p1: vealoe|move: Light Screen
|move|p2b: Ninetales|Fake Tears|p1b: Drampa
|-unboost|p1b: Drampa|spd|2
|move|p2a: Pyroar|Heat Wave|p1a: Klefki|[spread] p1a,p1b
|-supereffective|p1a: Klefki|1
|-resisted|p1b: Drampa|1
|-damage|p1a: Klefki|0 fnt
|-damage|p1b: Drampa|53/100
|faint|p1a: Klefki
|move|p1b: Drampa|Hyper Voice|p2b: Ninetales|[spread] p2a,p2b
|-damage|p2a: Pyroar|41/100
|-damage|p2b: Ninetales|42/100
|
|-weather|SunnyDay|[upkeep]
|upkeep
|
|t:|1782542749
|switch|p1a: Snorlax|Snorlax, L50, F|100/100
|turn|2
|
|t:|1782542757
|move|p2b: Ninetales|Fake Tears|p1a: Snorlax
|-unboost|p1a: Snorlax|spd|2
|move|p2a: Pyroar|Overheat|p1a: Snorlax
|-damage|p1a: Snorlax|42/100
|-unboost|p2a: Pyroar|spa|2
|-enditem|p1a: Snorlax|Sitrus Berry|[eat]
|-heal|p1a: Snorlax|66/100|[from] item: Sitrus Berry
|move|p1b: Drampa|Hyper Voice|p2a: Pyroar|[spread] p2a,p2b
|-damage|p2a: Pyroar|0 fnt
|-damage|p2b: Ninetales|0 fnt
|faint|p2a: Pyroar
|faint|p2b: Ninetales
|move|p1a: Snorlax|High Horsepower|p2: Pyroar|[notarget]
|-fail|p1a: Snorlax
|
|-weather|SunnyDay|[upkeep]
|upkeep
|
|t:|1782542762
|switch|p2a: Basculegion|Basculegion, L50, M, shiny|100/100
|switch|p2b: Whimsicott|Whimsicott, L50, M, shiny|100/100
|turn|3
|
|t:|1782542775
|move|p2b: Whimsicott|Moonblast|p1b: Drampa
|-supereffective|p1b: Drampa|1
|-damage|p1b: Drampa|0 fnt
|faint|p1b: Drampa
|move|p2a: Basculegion|Wave Crash|p1a: Snorlax
|-damage|p1a: Snorlax|18/100
|-damage|p2a: Basculegion|78/100|[from] Recoil
|-damage|p2a: Basculegion|68/100|[from] item: Life Orb
|move|p1a: Snorlax|Ice Punch|p2b: Whimsicott
|-supereffective|p2b: Whimsicott|1
|-damage|p2b: Whimsicott|18/100
|
|-weather|SunnyDay|[upkeep]
|upkeep
|
|t:|1782542786
|switch|p1b: Torkoal|Torkoal, L50, M|100/100
|turn|4
|
|t:|1782542792
|move|p2b: Whimsicott|Moonblast|p1a: Snorlax
|-crit|p1a: Snorlax
|-damage|p1a: Snorlax|0 fnt
|faint|p1a: Snorlax
|move|p2a: Basculegion|Wave Crash|p1b: Torkoal
|-supereffective|p1b: Torkoal|1
|-damage|p1b: Torkoal|35/100
|-damage|p2a: Basculegion|49/100|[from] Recoil
|-damage|p2a: Basculegion|40/100|[from] item: Life Orb
|move|p1b: Torkoal|Eruption|p2b: Whimsicott|[spread] p2a,p2b
|-resisted|p2a: Basculegion|1
|-supereffective|p2b: Whimsicott|1
|-damage|p2a: Basculegion|27/100
|-damage|p2b: Whimsicott|0 fnt
|faint|p2b: Whimsicott
|
|-weather|SunnyDay|[upkeep]
|upkeep
|turn|5
|
|t:|1782542807
|move|p2a: Basculegion|Protect|p2a: Basculegion
|-singleturn|p2a: Basculegion|Protect
|move|p1b: Torkoal|Eruption|p2a: Basculegion
|-activate|p2a: Basculegion|move: Protect
|
|-weather|none
|upkeep
|turn|6
|
|t:|1782542812
|move|p2a: Basculegion|Wave Crash|p1b: Torkoal
|-supereffective|p1b: Torkoal|1
|-damage|p1b: Torkoal|0 fnt
|faint|p1b: Torkoal
|-damage|p2a: Basculegion|16/100|[from] Recoil
|-damage|p2a: Basculegion|7/100|[from] item: Life Orb
|
|win|pepelniciq2
|raw|vealoe's rating: 1058 → 1044(-14 for losing)
|raw|pepelniciq2's rating: 1144 → 1163(+19 for winning)
|l|☆vealoe
|player|p1|
