|j|☆dollartreehero
|j|☆Gift23
|html|dollartreeheroGift23    
|uhtml|bestof|Game 1 of a best-of-3
|t:|1757776692
|gametype|doubles
|player|p1|dollartreehero|bugcatcher-gen4dp|1118
|player|p2|Gift23|bruno|1000
|gen|9
|tier|[Gen 9] VGC 2025 Reg H (Bo3)
|rated|
|rule|Species Clause: Limit one of each Pokémon
|rule|Item Clause: Limit 1 of each item
|clearpoke
|poke|p1|Talonflame, L50, M|
|poke|p1|Garchomp, L50, F|
|poke|p1|Tyranitar, L50, F|
|poke|p1|Milotic, L50, M|
|poke|p1|Sinistcha, L50|
|poke|p1|Gholdengo, L50|
|poke|p2|Incineroar, L50, M|
|poke|p2|Weezing-Galar, L50, M|
|poke|p2|Toedscruel, L50, M|
|poke|p2|Palafin, L50, M|
|poke|p2|Sneasler, L50, M|
|poke|p2|Amoonguss, L50, M|
|teampreview|4
|showteam|p1|Talonflame||CovertCloak|GaleWings|DualWingbeat,Tailwind,WillOWisp,Taunt|||M|||50|,,,,,Flying]Garchomp||LifeOrb|RoughSkin|Protect,StompingTantrum,Earthquake,DragonClaw|||F|||50|,,,,,Ground]Tyranitar||AssaultVest|SandStream|RockSlide,KnockOff,LowKick,TeraBlast|||F|||50|,,,,,Flying]Milotic||SafetyGoggles|Competitive|Scald,IcyWind,Haze,Protect|||M|||50|,,,,,Poison]Sinistcha||SitrusBerry|Hospitality|MatchaGotcha,TrickRoom,RagePowder,Imprison||||||50|,,,,,Water]Gholdengo||MetalCoat|GoodasGold|MakeItRain,ShadowBall,NastyPlot,Protect||||||50|,,,,,Flying
|showteam|p2|Incineroar||SafetyGoggles|Intimidate|FakeOut,FlareBlitz,KnockOff,PartingShot|||M|||50|,,,,,Fire]Weezing-Galar||ChoiceSpecs|NeutralizingGas|Flamethrower,DazzlingGleam,ClearSmog,StrangeSteam|||M|||50|,,,,,Fire]Toedscruel||CovertCloak|MyceliumMight|Spore,AcidSpray,EarthPower,Protect|||M|||50|,,,,,Flying]Palafin||LifeOrb|ZerotoHero|JetPunch,CloseCombat,WaveCrash,FlipTurn|||M|||50|,,,,,Water]Sneasler||AssaultVest|Pressure|FakeOut,CloseCombat,DireClaw,Uturn|||M|||50|,,,,,Ghost]Amoonguss||Leftovers|EffectSpore|Spore,ClearSmog,RagePowder,SludgeBomb|||M|||50|,,,,,Water
|inactive|Battle timer is ON: inactive players will automatically lose when time's up. (requested by dollartreehero)
|inactive|dollartreehero has 60 seconds left.
|
|t:|1757776745
|teamsize|p1|4
|teamsize|p2|4
|start
|switch|p1a: Sinistcha|Sinistcha, L50|100/100
|switch|p1b: Gholdengo|Gholdengo, L50|100/100
|switch|p2a: Incineroar|Incineroar, L50, M|100/100
|switch|p2b: Palafin|Palafin, L50, M|100/100
|-ability|p2a: Incineroar|Intimidate|boost
|-unboost|p1a: Sinistcha|atk|1
|-unboost|p1b: Gholdengo|atk|1
|turn|1
|inactive|dollartreehero has 30 seconds left.
|
|t:|1757776771
|switch|p1a: Tyranitar|Tyranitar, L50, F, shiny|100/100
|-weather|Sandstorm|[from] ability: Sand Stream|[of] p1a: Tyranitar
|-terastallize|p2b: Palafin|Water
|move|p1b: Gholdengo|Protect|p1b: Gholdengo
|-singleturn|p1b: Gholdengo|Protect
|move|p2b: Palafin|Wave Crash|p1b: Gholdengo
|-activate|p1b: Gholdengo|move: Protect
|move|p2a: Incineroar|Flare Blitz|p1a: Tyranitar
|-resisted|p1a: Tyranitar
|-damage|p1a: Tyranitar|76/100
|-status|p1a: Tyranitar|brn
|-damage|p2a: Incineroar|92/100|[from] Recoil
|
|-weather|Sandstorm|[upkeep]
|-damage|p2b: Palafin|95/100|[from] Sandstorm
|-damage|p1a: Tyranitar|70/100 brn|[from] brn
|upkeep
|turn|2
|inactive|dollartreehero has 30 seconds left.
|inactive|Gift23 has 30 seconds left.
|
|t:|1757776798
|switch|p2a: Weezing|Weezing-Galar, L50, M|100/100
|-ability|p2a: Weezing|Neutralizing Gas
|move|p2b: Palafin|Jet Punch|p1a: Tyranitar
|-supereffective|p1a: Tyranitar
|-damage|p1a: Tyranitar|12/100 brn
|-damage|p2b: Palafin|85/100|[from] item: Life Orb
|move|p1b: Gholdengo|Make It Rain|p2a: Weezing|[spread] p2a,p2b
|-supereffective|p2a: Weezing
|-resisted|p2b: Palafin
|-damage|p2a: Weezing|0 fnt
|-damage|p2b: Palafin|46/100
|-unboost|p1b: Gholdengo|spa|1
|faint|p2a: Weezing
|-end|p2a: Weezing|ability: Neutralizing Gas
|move|p1a: Tyranitar|Rock Slide|p2b: Palafin
|-damage|p2b: Palafin|20/100
|
|-weather|Sandstorm|[upkeep]
|-damage|p2b: Palafin|14/100|[from] Sandstorm
|-damage|p1a: Tyranitar|6/100 brn|[from] brn
|upkeep
|
|t:|1757776806
|switch|p2a: Incineroar|Incineroar, L50, M|92/100
|-ability|p2a: Incineroar|Intimidate|boost
|-unboost|p1a: Tyranitar|atk|1
|-unboost|p1b: Gholdengo|atk|1
|turn|3
|inactive|dollartreehero has 30 seconds left.
|
|t:|1757776832
|switch|p1a: Sinistcha|Sinistcha, L50|100/100
|move|p1b: Gholdengo|Protect|p1b: Gholdengo
|-singleturn|p1b: Gholdengo|Protect
|move|p2a: Incineroar|Fake Out|p1a: Sinistcha
|-immune|p1a: Sinistcha
|move|p2b: Palafin|Flip Turn|p1b: Gholdengo
|-activate|p1b: Gholdengo|move: Protect
|
|-weather|Sandstorm|[upkeep]
|-damage|p2b: Palafin|8/100|[from] Sandstorm
|-damage|p1a: Sinistcha|94/100|[from] Sandstorm
|upkeep
|turn|4
|inactive|Gift23 has 30 seconds left.
|
|t:|1757776863
|switch|p1b: Garchomp|Garchomp, L50, F|100/100
|-terastallize|p1a: Sinistcha|Water
|move|p2b: Palafin|Wave Crash|p1b: Garchomp
|-damage|p1b: Garchomp|20/100
|-damage|p2b: Palafin|0 fnt|[from] ability: Rough Skin|[of] p1b: Garchomp
|faint|p2b: Palafin
|move|p1a: Sinistcha|Matcha Gotcha|p2a: Incineroar
|-resisted|p2a: Incineroar
|-damage|p2a: Incineroar|75/100
|-heal|p1a: Sinistcha|100/100|[from] drain|[of] p2a: Incineroar
|move|p2a: Incineroar|Flare Blitz|p1a: Sinistcha
|-resisted|p1a: Sinistcha
|-damage|p1a: Sinistcha|76/100
|-damage|p2a: Incineroar|68/100|[from] Recoil
|
|-weather|Sandstorm|[upkeep]
|-damage|p1a: Sinistcha|70/100|[from] Sandstorm
|upkeep
|
|t:|1757776871
|switch|p2b: Toedscruel|Toedscruel, L50, M|100/100
|turn|5
|
|t:|1757776895
|move|p1b: Garchomp|Stomping Tantrum|p2a: Incineroar
|-supereffective|p2a: Incineroar
|-damage|p2a: Incineroar|0 fnt
|faint|p2a: Incineroar
|-damage|p1b: Garchomp|10/100|[from] item: Life Orb
|move|p1a: Sinistcha|Matcha Gotcha|p2b: Toedscruel|[miss]
|-miss|p1a: Sinistcha|p2b: Toedscruel
|move|p2b: Toedscruel|Spore|p1b: Garchomp
|-status|p1b: Garchomp|slp|[from] move: Spore
|
|-weather|none
|upkeep
|turn|6
|
|t:|1757776914
|cant|p1b: Garchomp|slp
|move|p2b: Toedscruel|Acid Spray|p1a: Sinistcha
|-damage|p1a: Sinistcha|63/100
|-unboost|p1a: Sinistcha|spd|2
|move|p1a: Sinistcha|Matcha Gotcha|p2b: Toedscruel
|-damage|p2b: Toedscruel|81/100
|-heal|p1a: Sinistcha|74/100|[from] drain|[of] p2b: Toedscruel
|
|upkeep
|turn|7
|
|t:|1757776927
|move|p2b: Toedscruel|Protect|p2b: Toedscruel
|-singleturn|p2b: Toedscruel|Protect
|-curestatus|p1b: Garchomp|slp|[msg]
|move|p1b: Garchomp|Dragon Claw|p2b: Toedscruel
|-activate|p2b: Toedscruel|move: Protect
|move|p1a: Sinistcha|Matcha Gotcha|p2b: Toedscruel
|-activate|p2b: Toedscruel|move: Protect
|
|upkeep
|turn|8
|
|t:|1757776937
|move|p1b: Garchomp|Dragon Claw|p2b: Toedscruel
|-damage|p2b: Toedscruel|4/100
|-damage|p1b: Garchomp|0 fnt|[from] item: Life Orb
|faint|p1b: Garchomp
|move|p1a: Sinistcha|Matcha Gotcha|p2b: Toedscruel
|-damage|p2b: Toedscruel|0 fnt
|-heal|p1a: Sinistcha|75/100|[from] drain|[of] p2b: Toedscruel
|faint|p2b: Toedscruel
|
|win|dollartreehero
||dollartreehero is ready for game 2.
|inactive|Gift23 has 30 seconds to confirm battle start!
|inactive|Gift23 has 20 seconds to confirm battle start!
|inactive|Gift23 has 10 seconds to confirm battle start!
|uhtml|next|Next: Game 2 of 3
