|j|☆kyo_is_de4d
|j|☆devinlewisd
|html|kyo_is_de4ddevinlewisd    
|uhtml|bestof|Game 2 of a best-of-3
|t:|1785434621
|gametype|doubles
|player|p1|kyo_is_de4d|102|1065
|player|p2|devinlewisd|hiker-gen4|1099
|gen|9
|tier|[Gen 9 Champions] VGC 2026 Reg M-B (Bo3)
|rated|
|rule|Species Clause: Limit one of each Pokémon
|rule|Item Clause: Limit 1 of each item
|clearpoke
|poke|p1|Floette-Eternal, L50, F|
|poke|p1|Charizard, L50, F|
|poke|p1|Kingambit, L50, M|
|poke|p1|Whimsicott, L50, F|
|poke|p1|Basculegion, L50, M|
|poke|p1|Garchomp, L50, F|
|poke|p2|Raichu, L50, F|
|poke|p2|Pelipper, L50, F|
|poke|p2|Archaludon, L50, F|
|poke|p2|Garchomp, L50, M|
|poke|p2|Feraligatr, L50, F, shiny|
|poke|p2|Farigiraf, L50, F|
|teampreview|4
|showteam|p1|Floette-Eternal||Floettite|FlowerVeil|Protect,LightofRuin,Moonblast,DazzlingGleam|Timid||F|||50|]Charizard||CharizarditeY|Blaze|HeatWave,SolarBeam,WeatherBall,Protect|Modest||F|||50|]Kingambit||ChopleBerry|Defiant|KowtowCleave,IronHead,LowKick,SuckerPunch|Adamant||M|||50|]Whimsicott||FocusSash|Prankster|Tailwind,Encore,Moonblast,Protect|Timid||F|||50|]Basculegion||MysticWater|Adaptability|WaveCrash,LastRespects,AquaJet,Protect|Adamant||M|||50|]Garchomp||LifeOrb|RoughSkin|Earthquake,RockSlide,DragonClaw,Protect|Jolly||F|||50|
|showteam|p2|Raichu||RaichuniteY|LightningRod|FocusBlast,ThunderWave,ZapCannon,Protect|Hasty||F|||50|]Pelipper||FocusSash|Drizzle|Tailwind,Hurricane,WeatherBall,WideGuard|Timid||F|||50|]Archaludon||ChopleBerry|Stamina|ElectroShot,FlashCannon,DragonPulse,Protect|Modest||F|||50|]Garchomp||ExpertBelt|SandVeil|RockSlide,DragonClaw,StompingTantrum,Protect|Jolly||M|||50|]Feraligatr||LifeOrb|SheerForce|Liquidation,Protect,Crunch,IcePunch|Adamant||F|||50|]Farigiraf||ColburBerry|ArmorTail|TrickRoom,Imprison,HelpingHand,Thunderbolt|Modest||F|||50|
|inactive|Battle timer is ON: inactive players will automatically lose when time's up. (requested by devinlewisd)
|inactive|kyo_is_de4d has 60 seconds left.
|
|t:|1785434673
|teamsize|p1|4
|teamsize|p2|4
|start
|switch|p1a: Whimsicott|Whimsicott, L50, F|100/100
|switch|p1b: Garchomp|Garchomp, L50, F|100/100
|switch|p2a: Garchomp|Garchomp, L50, M|100/100
|switch|p2b: Archaludon|Archaludon, L50, F|100/100
|turn|1
|
|t:|1785434695
|move|p1a: Whimsicott|Protect|p1a: Whimsicott
|-singleturn|p1a: Whimsicott|Protect
|move|p1b: Garchomp|Protect|p1b: Garchomp
|-singleturn|p1b: Garchomp|Protect
|move|p2a: Garchomp|Protect|p2a: Garchomp
|-singleturn|p2a: Garchomp|Protect
|move|p2b: Archaludon|Dragon Pulse|p1b: Garchomp
|-activate|p1b: Garchomp|move: Protect
|
|upkeep
|turn|2
|
|t:|1785434715
|switch|p2a: Pelipper|Pelipper, L50, F|100/100
|-weather|RainDance|[from] ability: Drizzle|[of] p2a: Pelipper
|move|p1a: Whimsicott|Encore||[still]
|-fail|p1a: Whimsicott
|move|p1b: Garchomp|Earthquake|p2a: Pelipper|[spread] p1a,p2b
|-immune|p2a: Pelipper
|-resisted|p1a: Whimsicott|1
|-crit|p1a: Whimsicott
|-supereffective|p2b: Archaludon|1
|-damage|p1a: Whimsicott|54/100
|-damage|p2b: Archaludon|31/100
|-ability|p2b: Archaludon|Stamina|boost
|-boost|p2b: Archaludon|def|1
|-damage|p1b: Garchomp|90/100|[from] item: Life Orb
|move|p2b: Archaludon|Dragon Pulse|p1b: Garchomp
|-supereffective|p1b: Garchomp|1
|-damage|p1b: Garchomp|9/100
|
|-weather|RainDance|[upkeep]
|upkeep
|turn|3
|
|t:|1785434741
|switch|p2b: Garchomp|Garchomp, L50, M|100/100
|move|p1a: Whimsicott|Tailwind|p1a: Whimsicott
|-sidestart|p1: kyo_is_de4d|move: Tailwind
|move|p1b: Garchomp|Dragon Claw|p2b: Garchomp
|-supereffective|p2b: Garchomp|1
|-damage|p2b: Garchomp|0 fnt
|faint|p2b: Garchomp
|-damage|p1b: Garchomp|0 fnt|[from] item: Life Orb
|faint|p1b: Garchomp
|move|p2a: Pelipper|Hurricane|p1a: Whimsicott
|-supereffective|p1a: Whimsicott|1
|-damage|p1a: Whimsicott|0 fnt
|faint|p1a: Whimsicott
|
|-weather|RainDance|[upkeep]
|upkeep
|inactive|devinlewisd has 30 seconds left.
|
|t:|1785434776
|switch|p1a: Charizard|Charizard, L50, F|100/100
|switch|p1b: Kingambit|Kingambit, L50, M|100/100
|switch|p2b: Feraligatr|Feraligatr, L50, F, shiny|100/100
|turn|4
|
|t:|1785434797
|switch|p2a: Archaludon|Archaludon, L50, F|31/100
|detailschange|p1a: Charizard|Charizard-Mega-Y, L50, F
|-mega|p1a: Charizard|Charizard|Charizardite Y
|-weather|SunnyDay|[from] ability: Drought|[of] p1a: Charizard
|move|p2b: Feraligatr|Protect|p2b: Feraligatr
|-singleturn|p2b: Feraligatr|Protect
|move|p1a: Charizard|Solar Beam||[still]
|-prepare|p1a: Charizard|Solar Beam
|-anim|p1a: Charizard|Solar Beam|p2b: Feraligatr
|-activate|p2b: Feraligatr|move: Protect
|move|p1b: Kingambit|Kowtow Cleave|p2a: Archaludon
|-damage|p2a: Archaludon|0 fnt
|faint|p2a: Archaludon
|
|-weather|SunnyDay|[upkeep]
|upkeep
|inactive|devinlewisd has 30 seconds left.
|
|t:|1785434823
|switch|p2a: Pelipper|Pelipper, L50, F|100/100
|-weather|RainDance|[from] ability: Drizzle|[of] p2a: Pelipper
|turn|5
|inactive|devinlewisd has 30 seconds left.
|
|t:|1785434849
|move|p1a: Charizard|Protect|p1a: Charizard
|-singleturn|p1a: Charizard|Protect
|move|p1b: Kingambit|Kowtow Cleave|p2b: Feraligatr
|-damage|p2b: Feraligatr|44/100
|move|p2b: Feraligatr|Liquidation|p1b: Kingambit
|-damage|p1b: Kingambit|20/100y
|move|p2a: Pelipper|Weather Ball|p1b: Kingambit
|-damage|p1b: Kingambit|0 fnt
|faint|p1b: Kingambit
|
|-weather|RainDance|[upkeep]
|upkeep
|turn|6
|
|t:|1785434863
|move|p1a: Charizard|Heat Wave|p2b: Feraligatr|[spread] p2b
|-miss|p1a: Charizard|p2a: Pelipper
|-resisted|p2b: Feraligatr|1
|-crit|p2b: Feraligatr
|-damage|p2b: Feraligatr|23/100
|move|p2b: Feraligatr|Liquidation|p1a: Charizard
|-supereffective|p1a: Charizard|1
|-crit|p1a: Charizard
|-damage|p1a: Charizard|0 fnt
|faint|p1a: Charizard
|
|win|devinlewisd
