|j|☆Amonio
|j|☆jaborro95
|html|Amoniojaborro95    
|uhtml|bestof|Game 2 of a best-of-3
|t:|1756486057
|gametype|doubles
|player|p1|Amonio|170|1000
|player|p2|jaborro95|101|1070
|gen|9
|tier|[Gen 9] VGC 2025 Reg H (Bo3)
|rated|
|rule|Species Clause: Limit one of each Pokémon
|rule|Item Clause: Limit 1 of each item
|clearpoke
|poke|p1|Incineroar, L50, M|
|poke|p1|Rillaboom, L50, F|
|poke|p1|Archaludon, L50, M|
|poke|p1|Pelipper, L50, F|
|poke|p1|Maushold, L50|
|poke|p1|Annihilape, L50, F|
|poke|p2|Dragonite, L50, M|
|poke|p2|Volcarona, L50, F|
|poke|p2|Sneasler, L50, M|
|poke|p2|Rillaboom, L50, M|
|poke|p2|Electabuzz, L50, M|
|poke|p2|Kingambit, L50, M|
|teampreview|4
|showteam|p1|Incineroar||RockyHelmet|Intimidate|FakeOut,PartingShot,KnockOff,FlareBlitz|||M|||50|,,,,,Ghost]Rillaboom||LoadedDice|GrassySurge|FakeOut,GrassyGlide,BulletSeed,Uturn|||F|||50|,,,,,Fire]Archaludon||AssaultVest|Stamina|DracoMeteor,ElectroShot,BodyPress,Snarl|||M|||50|,,,,,Bug]Pelipper||FocusSash|Drizzle|Tailwind,Hurricane,WeatherBall,Protect|||F|||50|,,,,,Ghost]Maushold||SafetyGoggles|FriendGuard|BeatUp,FollowMe,Protect,Taunt||||||50|,,,,,Ghost]Annihilape||Leftovers|Defiant|BulkUp,DrainPunch,RageFist,Protect|||F|||50|,,,,,Water
|showteam|p2|Dragonite||LoadedDice|Multiscale|ScaleShot,ExtremeSpeed,Haze,Protect|||M|||50|,,,,,Fairy]Volcarona||CovertCloak|FlameBody|HeatWave,TeraBlast,QuiverDance,Protect|||F|||50|,,,,,Fairy]Sneasler||FocusSash|Unburden|CloseCombat,DireClaw,Coaching,Protect|||M|||50|,,,,,Stellar]Rillaboom||AssaultVest|GrassySurge|WoodHammer,GrassyGlide,HighHorsepower,FakeOut|||M|||50|,,,,,Water]Electabuzz||Eviolite|VitalSpirit|Thunderbolt,FollowMe,Taunt,Protect|||M|||50|,,,,,Ghost]Kingambit||BlackGlasses|Defiant|KowtowCleave,SuckerPunch,SwordsDance,Protect|||M|||50|,,,,,Dark
|inactive|Battle timer is ON: inactive players will automatically lose when time's up. (requested by Amonio)
|inactive|jaborro95 has 60 seconds left.
|
|t:|1756486113
|teamsize|p1|4
|teamsize|p2|4
|start
|switch|p1a: Annihilape|Annihilape, L50, F|100/100
|switch|p1b: Maushold|Maushold, L50|100/100
|switch|p2a: Dragonite|Dragonite, L50, M|100/100
|switch|p2b: Volcarona|Volcarona, L50, F|100/100
|turn|1
|inactive|Amonio has 30 seconds left.
|inactive|jaborro95 has 30 seconds left.
|inactive|Amonio has 20 seconds left.
|inactive|Amonio has 15 seconds left.
|inactive|Amonio has 10 seconds left.
|inactive|Amonio has 5 seconds left.
|
|t:|1756486167
|move|p1b: Maushold|Beat Up|p1a: Annihilape
|-damage|p1a: Annihilape|99/100
|-damage|p1a: Annihilape|97/100
|-damage|p1a: Annihilape|95/100
|-damage|p1a: Annihilape|93/100
|-hitcount|p1a: Annihilape|4
|move|p2b: Volcarona|Heat Wave|p1b: Maushold|[spread] p1a
|-miss|p2b: Volcarona|p1b: Maushold
|-damage|p1a: Annihilape|69/100
|move|p1a: Annihilape|Rage Fist|p2a: Dragonite
|-damage|p2a: Dragonite|34/100
|move|p2a: Dragonite|Scale Shot|p1b: Maushold
|-damage|p1b: Maushold|82/100
|-damage|p1b: Maushold|62/100
|-damage|p1b: Maushold|44/100
|-damage|p1b: Maushold|22/100
|-hitcount|p1b: Maushold|4
|-unboost|p2a: Dragonite|def|1
|-boost|p2a: Dragonite|spe|1
|
|-heal|p1a: Annihilape|75/100|[from] item: Leftovers
|upkeep
|turn|2
|inactive|Amonio has 30 seconds left.
|inactive|jaborro95 has 30 seconds left.
|inactive|Amonio has 20 seconds left.
|inactive|jaborro95 has 20 seconds left.
|inactive|jaborro95 has 15 seconds left.
|inactive|Amonio has 15 seconds left.
|inactive|jaborro95 has 10 seconds left.
|inactive|jaborro95 has 5 seconds left.
|
|t:|1756486218
|move|p2a: Dragonite|Scale Shot|p1a: Annihilape
|-damage|p1a: Annihilape|63/100
|-damage|p1a: Annihilape|51/100
|-damage|p1a: Annihilape|39/100
|-damage|p1a: Annihilape|28/100
|-damage|p1a: Annihilape|16/100
|-hitcount|p1a: Annihilape|5
|-unboost|p2a: Dragonite|def|1
|-boost|p2a: Dragonite|spe|1
|move|p1b: Maushold|Taunt|p2a: Dragonite
|-start|p2a: Dragonite|move: Taunt
|move|p2b: Volcarona|Quiver Dance|p2b: Volcarona
|-boost|p2b: Volcarona|spa|1
|-boost|p2b: Volcarona|spd|1
|-boost|p2b: Volcarona|spe|1
|move|p1a: Annihilape|Rage Fist|p2b: Volcarona
|-damage|p2b: Volcarona|0 fnt
|-status|p1a: Annihilape|brn|[from] ability: Flame Body|[of] p2b: Volcarona
|faint|p2b: Volcarona
|
|-heal|p1a: Annihilape|22/100 brn|[from] item: Leftovers
|-damage|p1a: Annihilape|16/100 brn|[from] brn
|upkeep
|inactive|jaborro95 has 30 seconds left.
|
|t:|1756486248
|switch|p2b: Kingambit|Kingambit, L50, M, shiny|100/100
|turn|3
|inactive|Amonio has 30 seconds left.
|inactive|Amonio has 20 seconds left.
|inactive|Amonio has 15 seconds left.
|inactive|Amonio has 10 seconds left.
|
|t:|1756486294
|switch|p1a: Archaludon|Archaludon, L50, M|100/100
|move|p2a: Dragonite|Extreme Speed|p1b: Maushold
|-damage|p1b: Maushold|0 fnt
|faint|p1b: Maushold
|move|p2b: Kingambit|Sucker Punch||[still]
|-fail|p2b: Kingambit
|
|upkeep
|
|t:|1756486302
|switch|p1b: Annihilape|Annihilape, L50, F|16/100 brn
|turn|4
|
|t:|1756486323
|-terastallize|p1a: Archaludon|Bug
|move|p1b: Annihilape|Protect|p1b: Annihilape
|-singleturn|p1b: Annihilape|Protect
|move|p2a: Dragonite|Scale Shot|p1b: Annihilape
|-activate|p1b: Annihilape|move: Protect
|move|p1a: Archaludon|Body Press|p2b: Kingambit
|-supereffective|p2b: Kingambit
|-damage|p2b: Kingambit|29/100
|move|p2b: Kingambit|Swords Dance|p2b: Kingambit
|-boost|p2b: Kingambit|atk|2
|
|-heal|p1b: Annihilape|22/100 brn|[from] item: Leftovers
|-damage|p1b: Annihilape|16/100 brn|[from] brn
|upkeep
|turn|5
|inactive|jaborro95 has 30 seconds left.
|
|t:|1756486350
|switch|p1b: Pelipper|Pelipper, L50, F|100/100
|-weather|RainDance|[from] ability: Drizzle|[of] p1b: Pelipper
|move|p2b: Kingambit|Sucker Punch|p1a: Archaludon
|-damage|p1a: Archaludon|15/100
|-ability|p1a: Archaludon|Stamina|boost
|-boost|p1a: Archaludon|def|1
|move|p2a: Dragonite|Scale Shot|p1b: Pelipper
|-damage|p1b: Pelipper|82/100
|-damage|p1b: Pelipper|62/100
|-damage|p1b: Pelipper|41/100
|-crit|p1b: Pelipper
|-damage|p1b: Pelipper|12/100
|-hitcount|p1b: Pelipper|4
|-unboost|p2a: Dragonite|def|1
|-boost|p2a: Dragonite|spe|1
|move|p1a: Archaludon|Electro Shot||[still]
|-prepare|p1a: Archaludon|Electro Shot
|-boost|p1a: Archaludon|spa|1
|-anim|p1a: Archaludon|Electro Shot|p2a: Dragonite
|-damage|p2a: Dragonite|0 fnt
|faint|p2a: Dragonite
|
|-weather|RainDance|[upkeep]
|upkeep
|
|t:|1756486373
|switch|p2a: Sneasler|Sneasler, L50, M|100/100
|turn|6
|
|t:|1756486391
|move|p2b: Kingambit|Sucker Punch|p1a: Archaludon
|-damage|p1a: Archaludon|0 fnt
|faint|p1a: Archaludon
|move|p2a: Sneasler|Dire Claw|p1b: Pelipper
|-damage|p1b: Pelipper|0 fnt
|faint|p1b: Pelipper
|
|-weather|RainDance|[upkeep]
|upkeep
|
|t:|1756486395
|switch|p1b: Annihilape|Annihilape, L50, F|16/100 brn
|turn|7
|-message|Amonio forfeited.
|
|win|jaborro95
|raw|Amonio's rating: 1000 → 1000(+0 for losing)
|raw|jaborro95's rating: 1070 → 1094(+24 for winning)
