|j|â˜†hugoggg
|j|â˜†CrawlingKingSnake
|html|hugogggCrawlingKingSnake    
|uhtml|bestof|Game 1 of a best-of-3
|t:|1784834898
|gametype|doubles
|player|p1|hugoggg|102|1090
|player|p2|CrawlingKingSnake|kamado-armor|1079
|gen|9
|tier|[Gen 9 Champions] VGC 2026 Reg M-B (Bo3)
|rated|
|rule|Species Clause: Limit one of each PokÃ©mon
|rule|Item Clause: Limit 1 of each item
|clearpoke
|poke|p1|Talonflame, L50, F|
|poke|p1|Basculegion, L50, M|
|poke|p1|Kingambit, L50, F|
|poke|p1|Gardevoir, L50, F|
|poke|p1|Garchomp, L50, M|
|poke|p1|Maushold, L50|
|poke|p2|Floette-Eternal, L50, F|
|poke|p2|Palafin, L50, F, shiny|
|poke|p2|Incineroar, L50, F|
|poke|p2|Toxapex, L50, F|
|poke|p2|Delphox, L50, M|
|poke|p2|Kingambit, L50, M|
|teampreview|4
|showteam|p1|Talonflame||ExpertBelt|GaleWings|DualWingbeat,FlareBlitz,Tailwind,QuickGuard|Jolly||F|||50|]Basculegion||LifeOrb|Adaptability|WaveCrash,LastRespects,AquaJet,Protect|Adamant||M|||50|]Kingambit||FocusSash|Defiant|KowtowCleave,SuckerPunch,IronHead,LowKick|Adamant||F|||50|]Gardevoir||Gardevoirite|Telepathy|HyperVoice,Psychic,Thunderbolt,Protect|Modest||F|||50|]Garchomp||ChoiceScarf|RoughSkin|Earthquake,StompingTantrum,DragonClaw,RockTomb|Adamant||M|||50|]Maushold||SitrusBerry|FriendGuard|FollowMe,SuperFang,Taunt,Protect|Timid|||||50|
|showteam|p2|Floette-Eternal||Floettite|FlowerVeil|DazzlingGleam,DrainingKiss,CalmMind,Protect|Modest||F|||50|]Palafin||LifeOrb|ZerotoHero|WaveCrash,JetPunch,CloseCombat,Protect|Adamant||F|||50|]Incineroar||SitrusBerry|Intimidate|FlareBlitz,FakeOut,DarkestLariat,PartingShot|Careful||F|||50|]Toxapex||Leftovers|Regenerator|Infestation,Toxic,WideGuard,BanefulBunker|Bold||F|||50|]Delphox||Delphoxite|Blaze|HeatWave,Psychic,NastyPlot,Protect|Timid||M|||50|]Kingambit||FocusSash|Defiant|KowtowCleave,SuckerPunch,IronHead,LowKick|Adamant||M|||50|
|inactive|Battle timer is ON: inactive players will automatically lose when time's up. (requested by CrawlingKingSnake)
|inactive|hugoggg has 60 seconds left.
|inactive|CrawlingKingSnake has 60 seconds left.
|inactive|CrawlingKingSnake has 30 seconds left.
|inactive|CrawlingKingSnake has 20 seconds left.
|inactive|CrawlingKingSnake has 15 seconds left.
|
|t:|1784834983
|teamsize|p1|4
|teamsize|p2|4
|start
|switch|p1a: Gardevoir|Gardevoir, L50, F|100/100
|switch|p1b: Maushold|Maushold, L50|100/100
|switch|p2a: Kingambit|Kingambit, L50, M|100/100
|switch|p2b: Palafin|Palafin, L50, F, shiny|100/100
|turn|1
|
|t:|1784835005
|detailschange|p2b: Palafin|Palafin-Hero, L50, F, shiny
|switch|p2b: Toxapex|Toxapex, L50, F|100/100
|detailschange|p1a: Gardevoir|Gardevoir-Mega, L50, F
|-mega|p1a: Gardevoir|Gardevoir|Gardevoirite
|move|p1b: Maushold|Super Fang|p2a: Kingambit
|-damage|p2a: Kingambit|50/100y
|move|p1a: Gardevoir|Hyper Voice|p2a: Kingambit|[spread] p2a,p2b
|-resisted|p2b: Toxapex|1
|-damage|p2a: Kingambit|0 fnt
|-damage|p2b: Toxapex|79/100
|faint|p2a: Kingambit
|
|-heal|p2b: Toxapex|85/100|[from] item: Leftovers
|upkeep
|
|t:|1784835018
|switch|p2a: Floette|Floette-Eternal, L50, F|100/100
|turn|2
|inactive|CrawlingKingSnake has 30 seconds left.
|
|t:|1784835048
|detailschange|p2a: Floette|Floette-Mega, L50, F
|-mega|p2a: Floette|Floette|Floettite
|-ability|p2a: Floette|Fairy Aura
|move|p2b: Toxapex|Wide Guard|p2b: Toxapex
|-singleturn|p2b: Toxapex|Wide Guard
|move|p2a: Floette|Calm Mind|p2a: Floette
|-boost|p2a: Floette|spa|1
|-boost|p2a: Floette|spd|1
|move|p1b: Maushold|Super Fang|p2b: Toxapex
|-damage|p2b: Toxapex|42/100
|move|p1a: Gardevoir|Psychic|p2b: Toxapex
|-supereffective|p2b: Toxapex|1
|-damage|p2b: Toxapex|0 fnt
|faint|p2b: Toxapex
|
|upkeep
|
|t:|1784835058
|switch|p2b: Palafin|Palafin-Hero, L50, F, shiny|100/100
|-activate|p2b: Palafin|ability: Zero to Hero
|turn|3
|inactive|hugoggg has 30 seconds left.
|
|t:|1784835087
|move|p2b: Palafin|Jet Punch|p1a: Gardevoir
|-damage|p1a: Gardevoir|43/100
|-damage|p2b: Palafin|90/100|[from] item: Life Orb
|move|p2a: Floette|Dazzling Gleam|p1a: Gardevoir|[spread] p1a,p1b
|-damage|p1a: Gardevoir|0 fnt
|-damage|p1b: Maushold|36/100
|-enditem|p1b: Maushold|Sitrus Berry|[eat]
|-heal|p1b: Maushold|61/100|[from] item: Sitrus Berry
|faint|p1a: Gardevoir
|move|p1b: Maushold|Super Fang|p2a: Floette|[miss]
|-miss|p1b: Maushold|p2a: Floette
|
|upkeep
|
|t:|1784835109
|switch|p1a: Basculegion|Basculegion, L50, M|100/100
|turn|4
|inactive|hugoggg has 30 seconds left.
|
|t:|1784835136
|move|p1b: Maushold|Follow Me|p1b: Maushold
|-singleturn|p1b: Maushold|move: Follow Me
|move|p2a: Floette|Dazzling Gleam|p1a: Basculegion|[spread] p1a,p1b
|-crit|p1a: Basculegion
|-damage|p1a: Basculegion|21/100
|-damage|p1b: Maushold|0 fnt
|faint|p1b: Maushold
|move|p2b: Palafin|Wave Crash|p1a: Basculegion
|-resisted|p1a: Basculegion|1
|-damage|p1a: Basculegion|0 fnt
|faint|p1a: Basculegion
|-damage|p2b: Palafin|82/100|[from] Recoil
|-damage|p2b: Palafin|72/100|[from] item: Life Orb
|
|upkeep
|
|t:|1784835146
|switch|p1b: Garchomp|Garchomp, L50, M|100/100
|turn|5
|
|t:|1784835155
|move|p1b: Garchomp|Earthquake|p2a: Floette|[spread] p2a,p2b
|-damage|p2a: Floette|55/100
|-damage|p2b: Palafin|30/100
|move|p2a: Floette|Dazzling Gleam|p1b: Garchomp
|-supereffective|p1b: Garchomp|1
|-damage|p1b: Garchomp|0 fnt
|faint|p1b: Garchomp
|
|win|CrawlingKingSnake
||CrawlingKingSnake is ready for game 2.
||hugoggg is ready for game 2.
|uhtml|next|Next: Game 2 of 3
