|j|☆cocacolaindahhouse
|j|☆palle synchro
|html|cocacolaindahhousepalle synchro    
|uhtml|bestof|Game 1 of a best-of-3
|t:|1756480908
|gametype|doubles
|player|p1|cocacolaindahhouse|1|1473
|player|p2|palle synchro|volkner|1507
|gen|9
|tier|[Gen 9] VGC 2025 Reg H (Bo3)
|rated|
|rule|Species Clause: Limit one of each Pokémon
|rule|Item Clause: Limit 1 of each item
|clearpoke
|poke|p1|Ursaluna, L50, M|
|poke|p1|Dragonite, L50, M|
|poke|p1|Archaludon, L50, M|
|poke|p1|Sinistcha, L50|
|poke|p1|Pelipper, L50, M|
|poke|p1|Gholdengo, L50|
|poke|p2|Whimsicott, L50, F|
|poke|p2|Gholdengo, L50|
|poke|p2|Indeedee, L50, M|
|poke|p2|Sneasler, L50, F|
|poke|p2|Ursaluna-Bloodmoon, L50, M|
|poke|p2|Archaludon, L50, M|
|teampreview|4
|showteam|p1|Ursaluna||FlameOrb|Guts|Facade,Protect,HeadlongRush,Earthquake|||M|||50|,,,,,Ghost]Dragonite||LoadedDice|Multiscale|ScaleShot,Protect,Haze,Tailwind|||M|||50|,,,,,Fairy]Archaludon||AssaultVest|Stamina|FlashCannon,BodyPress,ElectroShot,Snarl|||M|||50|,,,,,Fighting]Sinistcha||SitrusBerry|Hospitality|LifeDew,MatchaGotcha,TrickRoom,RagePowder||||||50|,,,,,Dark]Pelipper||FocusSash|Drizzle|Hurricane,Tailwind,MuddyWater,Protect|||M|||50|,,,,,Ghost]Gholdengo||ChoiceScarf|GoodasGold|MakeItRain,ShadowBall,Trick,TeraBlast||||||50|,,,,,Water
|showteam|p2|Whimsicott||CovertCloak|Prankster|Moonblast,Taunt,Tailwind,FakeTears|||F|||50|,,,,,Water]Gholdengo||ChoiceSpecs|GoodasGold|MakeItRain,ShadowBall,DazzlingGleam,Trick||||||50|,,,,,Fairy]Indeedee||FocusSash|PsychicSurge|ExpandingForce,TeraBlast,Imprison,TrickRoom|||M|||50|,,,,,Psychic]Sneasler||PsychicSeed|Unburden|CloseCombat,DireClaw,ThroatChop,Protect|||F|||50|,,,,,Dark]Ursaluna-Bloodmoon||LifeOrb|MindsEye|HyperVoice,BloodMoon,EarthPower,Protect|||M|||50|,,,,,Normal]Archaludon||PowerHerb|Stalwart|ElectroShot,DragonPulse,Thunderbolt,Protect|||M|||50|,,,,,Electric
|inactive|Battle timer is ON: inactive players will automatically lose when time's up. (requested by palle synchro)
|
|t:|1756480986
|teamsize|p1|4
|teamsize|p2|4
|start
|switch|p1a: Ursaluna|Ursaluna, L50, M|100/100
|switch|p1b: Dragonite|Dragonite, L50, M|100/100
|switch|p2a: Whimsicott|Whimsicott, L50, F|100/100
|switch|p2b: Ursaluna|Ursaluna-Bloodmoon, L50, M|100/100
|turn|1
|inactive|cocacolaindahhouse has 30 seconds left.
|inactive|cocacolaindahhouse has 20 seconds left.
|inactive|cocacolaindahhouse has 15 seconds left.
|inactive|cocacolaindahhouse has 10 seconds left.
|
|t:|1756481035
|-terastallize|p2b: Ursaluna|Normal
|move|p2a: Whimsicott|Taunt|p1b: Dragonite
|-start|p1b: Dragonite|move: Taunt
|move|p1b: Dragonite|Scale Shot|p2b: Ursaluna
|-damage|p2b: Ursaluna|87/100
|-damage|p2b: Ursaluna|76/100
|-damage|p2b: Ursaluna|63/100
|-damage|p2b: Ursaluna|50/100
|-damage|p2b: Ursaluna|37/100
|-hitcount|p2b: Ursaluna|5
|-unboost|p1b: Dragonite|def|1
|-boost|p1b: Dragonite|spe|1
|move|p2b: Ursaluna|Blood Moon|p1a: Ursaluna
|-damage|p1a: Ursaluna|0 fnt
|faint|p1a: Ursaluna
|-damage|p2b: Ursaluna|27/100|[from] item: Life Orb
|
|upkeep
|inactive|cocacolaindahhouse has 30 seconds left.
|
|t:|1756481064
|switch|p1a: Archaludon|Archaludon, L50, M|100/100
|turn|2
|inactive|cocacolaindahhouse has 30 seconds left.
|
|t:|1756481090
|move|p2a: Whimsicott|Tailwind|p2a: Whimsicott
|-sidestart|p2: palle synchro|move: Tailwind
|move|p2b: Ursaluna|Earth Power|p1a: Archaludon
|-supereffective|p1a: Archaludon
|-damage|p1a: Archaludon|9/100
|-ability|p1a: Archaludon|Stamina|boost
|-boost|p1a: Archaludon|def|1
|-damage|p2b: Ursaluna|18/100|[from] item: Life Orb
|move|p1b: Dragonite|Scale Shot|p2b: Ursaluna
|-crit|p2b: Ursaluna
|-damage|p2b: Ursaluna|0 fnt
|faint|p2b: Ursaluna
|-hitcount|p2: Ursaluna|1
|-unboost|p1b: Dragonite|def|1
|-boost|p1b: Dragonite|spe|1
|move|p1a: Archaludon|Flash Cannon|p2a: Whimsicott
|-supereffective|p2a: Whimsicott
|-damage|p2a: Whimsicott|5/100
|
|upkeep
|
|t:|1756481100
|switch|p2b: Gholdengo|Gholdengo, L50|100/100
|turn|3
|inactive|cocacolaindahhouse has 30 seconds left.
|inactive|cocacolaindahhouse has 20 seconds left.
|inactive|cocacolaindahhouse has 15 seconds left.
|inactive|cocacolaindahhouse has 10 seconds left.
|
|t:|1756481146
|switch|p1b: Sinistcha|Sinistcha, L50|100/100
|-heal|p1a: Archaludon|34/100|[from] ability: Hospitality|[of] p1b: Sinistcha
|move|p2a: Whimsicott|Moonblast|p1b: Sinistcha
|-damage|p1b: Sinistcha|77/100
|-unboost|p1b: Sinistcha|spa|1
|move|p2b: Gholdengo|Dazzling Gleam|p1b: Sinistcha|[spread] p1a,p1b
|-damage|p1a: Archaludon|11/100
|-damage|p1b: Sinistcha|44/100
|-ability|p1a: Archaludon|Stamina|boost
|-boost|p1a: Archaludon|def|1
|-enditem|p1b: Sinistcha|Sitrus Berry|[eat]
|-heal|p1b: Sinistcha|69/100|[from] item: Sitrus Berry
|move|p1a: Archaludon|Snarl|p2b: Gholdengo|[spread] p2a,p2b
|-resisted|p2a: Whimsicott
|-supereffective|p2b: Gholdengo
|-damage|p2a: Whimsicott|0 fnt
|-damage|p2b: Gholdengo|70/100
|-unboost|p2b: Gholdengo|spa|1
|faint|p2a: Whimsicott
|
|upkeep
|
|t:|1756481161
|switch|p2a: Archaludon|Archaludon, L50, M|100/100
|turn|4
|inactive|cocacolaindahhouse has 30 seconds left.
|inactive|cocacolaindahhouse has 20 seconds left.
|inactive|cocacolaindahhouse has 15 seconds left.
|inactive|cocacolaindahhouse has 10 seconds left.
|
|t:|1756481207
|move|p2b: Gholdengo|Dazzling Gleam|p1a: Archaludon|[spread] p1a,p1b
|-damage|p1a: Archaludon|0 fnt
|-damage|p1b: Sinistcha|49/100
|faint|p1a: Archaludon
|move|p2a: Archaludon|Dragon Pulse|p1b: Sinistcha
|-crit|p1b: Sinistcha
|-damage|p1b: Sinistcha|0 fnt
|faint|p1b: Sinistcha
|
|upkeep
|
|t:|1756481217
|switch|p1b: Dragonite|Dragonite, L50, M|100/100
|turn|5
|
|t:|1756481226
|-terastallize|p1b: Dragonite|Fairy
|move|p2b: Gholdengo|Dazzling Gleam|p1b: Dragonite
|-damage|p1b: Dragonite|87/100
|move|p2a: Archaludon|Electro Shot||[still]
|-prepare|p2a: Archaludon|Electro Shot
|-boost|p2a: Archaludon|spa|1
|-enditem|p2a: Archaludon|Power Herb
|-anim|p2a: Archaludon|Electro Shot|p1b: Dragonite
|-damage|p1b: Dragonite|3/100
|move|p1b: Dragonite|Scale Shot|p2a: Archaludon
|-damage|p2a: Archaludon|89/100
|-crit|p2a: Archaludon
|-damage|p2a: Archaludon|71/100
|-damage|p2a: Archaludon|58/100
|-damage|p2a: Archaludon|44/100
|-hitcount|p2a: Archaludon|4
|-unboost|p1b: Dragonite|def|1
|-boost|p1b: Dragonite|spe|1
|
|-sideend|p2: palle synchro|move: Tailwind
|upkeep
|turn|6
|-message|cocacolaindahhouse forfeited.
|
|win|palle synchro
||cocacolaindahhouse is ready for game 2.
||palle synchro is ready for game 2.
|uhtml|next|Next: Game 2 of 3
|l|☆palle synchro
|player|p2|
