|j|☆1Manuel1410
|j|☆G3N13
|html|1Manuel1410G3N13    
|uhtml|bestof|Game 1 of a best-of-3
|t:|1784808224
|gametype|doubles
|player|p1|1Manuel1410|palmer|1096
|player|p2|G3N13|n|1189
|gen|9
|tier|[Gen 9 Champions] VGC 2026 Reg M-B (Bo3)
|rated|
|rule|Species Clause: Limit one of each Pokémon
|rule|Item Clause: Limit 1 of each item
|clearpoke
|poke|p1|Dragalge, L50, F|
|poke|p1|Sinistcha, L50|
|poke|p1|Incineroar, L50, F|
|poke|p1|Milotic, L50, M|
|poke|p1|Ninetales-Alola, L50, F|
|poke|p1|Kingambit, L50, M|
|poke|p2|Scovillain, L50, M|
|poke|p2|Primarina, L50, M|
|poke|p2|Raichu, L50, F|
|poke|p2|Corviknight, L50, M|
|poke|p2|Ninetales-Alola, L50, F|
|poke|p2|Garchomp, L50, F|
|teampreview|4
|showteam|p1|Dragalge||Dragalgite|PoisonPoint|Protect,SludgeBomb,Toxic,DragonPulse|Bold||F|||50|]Sinistcha||ColburBerry|Hospitality|MatchaGotcha,RagePowder,TrickRoom,Hex|Modest|||||50|]Incineroar||Charcoal|Intimidate|FakeOut,FlareBlitz,DarkestLariat,PartingShot|Adamant||F|||50|]Milotic||Leftovers|Competitive|Recover,Coil,MuddyWater,Hypnosis|Calm||M|||50|]Ninetales-Alola||LightClay|SnowWarning|Protect,AuroraVeil,Blizzard,Moonblast|Timid||F|||50|]Kingambit||ChopleBerry|Defiant|SuckerPunch,KowtowCleave,IronHead,LowKick|Adamant||M|||50|
|showteam|p2|Scovillain||Scovillainite|Moody|RagePowder,Overheat,Protect,GigaDrain|Calm||M|||50|]Primarina||Leftovers|LiquidVoice|Moonblast,HyperVoice,Protect,CalmMind|Modest||M|||50|]Raichu||RaichuniteY|LightningRod|ZapCannon,FakeOut,FocusBlast,Protect|Timid||F|||50|]Corviknight||SitrusBerry|MirrorArmor|BraveBird,IronHead,Protect,Tailwind|Adamant||M|||50|]Ninetales-Alola||LightClay|SnowWarning|Blizzard,FreezeDry,Protect,AuroraVeil|Modest||F|||50|]Garchomp||LifeOrb|RoughSkin|Earthquake,RockSlide,DragonClaw,Protect|Jolly||F|||50|
|inactive|Battle timer is ON: inactive players will automatically lose when time's up. (requested by 1Manuel1410)
|inactive|G3N13 has 60 seconds left.
|
|t:|1784808258
|teamsize|p1|4
|teamsize|p2|4
|start
|switch|p1a: Dragalge|Dragalge, L50, F|100/100
|switch|p1b: Kingambit|Kingambit, L50, M|100/100
|switch|p2a: Corviknight|Corviknight, L50, M|100/100
|switch|p2b: Raichu|Raichu, L50, F|100/100
|turn|1
|inactive|G3N13 has 30 seconds left.
|
|t:|1784808286
|detailschange|p1a: Dragalge|Dragalge-Mega, L50, F
|-mega|p1a: Dragalge|Dragalge|Dragalgite
|move|p2b: Raichu|Fake Out|p1b: Kingambit
|-resisted|p1b: Kingambit|1
|-damage|p1b: Kingambit|97/100
|move|p2a: Corviknight|Brave Bird|p1a: Dragalge
|-damage|p1a: Dragalge|68/100
|-damage|p2a: Corviknight|90/100|[from] Recoil
|cant|p1b: Kingambit|flinch
|move|p1a: Dragalge|Sludge Bomb|p2b: Raichu
|-damage|p2b: Raichu|40/100
|-status|p2b: Raichu|psn
|
|-damage|p2b: Raichu|27/100 psn|[from] psn
|upkeep
|turn|2
|
|t:|1784808303
|-heal|p1a: Dragalge|100/100|[from] ability: Regenerator|[silent]
|switch|p1a: Milotic|Milotic, L50, M|100/100
|detailschange|p2b: Raichu|Raichu-Mega-Y, L50, F
|-mega|p2b: Raichu|Raichu|Raichunite Y
|move|p1b: Kingambit|Sucker Punch|p2b: Raichu
|-damage|p2b: Raichu|0 fnt
|faint|p2b: Raichu
|move|p2a: Corviknight|Brave Bird|p1a: Milotic
|-damage|p1a: Milotic|60/100
|-damage|p2a: Corviknight|77/100|[from] Recoil
|
|-heal|p1a: Milotic|67/100|[from] item: Leftovers
|upkeep
|
|t:|1784808312
|switch|p2b: Primarina|Primarina, L50, M|100/100
|turn|3
|
|t:|1784808326
|switch|p1b: Dragalge|Dragalge-Mega, L50, F|100/100
|move|p2a: Corviknight|Tailwind|p2a: Corviknight
|-sidestart|p2: G3N13|move: Tailwind
|move|p2b: Primarina|Moonblast|p1b: Dragalge
|-damage|p1b: Dragalge|68/100
|move|p1a: Milotic|Coil|p1a: Milotic
|-boost|p1a: Milotic|atk|1
|-boost|p1a: Milotic|def|1
|-boost|p1a: Milotic|accuracy|1
|
|-heal|p1a: Milotic|73/100|[from] item: Leftovers
|upkeep
|turn|4
|
|t:|1784808339
|move|p2a: Corviknight|Brave Bird|p1a: Milotic
|-damage|p1a: Milotic|45/100
|-damage|p2a: Corviknight|68/100|[from] Recoil
|move|p2b: Primarina|Moonblast|p1a: Milotic
|-damage|p1a: Milotic|10/100
|move|p1a: Milotic|Hypnosis|p2b: Primarina|[miss]
|-miss|p1a: Milotic|p2b: Primarina
|move|p1b: Dragalge|Toxic|p2b: Primarina
|-status|p2b: Primarina|tox
|
|-heal|p1a: Milotic|17/100|[from] item: Leftovers
|-damage|p2b: Primarina|94/100 tox|[from] psn
|upkeep
|turn|5
|
|t:|1784808350
|move|p2a: Corviknight|Brave Bird|p1a: Milotic
|-damage|p1a: Milotic|0 fnt
|faint|p1a: Milotic
|-damage|p2a: Corviknight|62/100|[from] Recoil
|move|p2b: Primarina|Moonblast|p1b: Dragalge
|-damage|p1b: Dragalge|31/100
|move|p1b: Dragalge|Sludge Bomb|p2b: Primarina
|-supereffective|p2b: Primarina|1
|-damage|p2b: Primarina|29/100 tox
|
|-heal|p2b: Primarina|34/100 tox|[from] item: Leftovers
|-damage|p2b: Primarina|23/100 tox|[from] psn
|upkeep
|
|t:|1784808355
|switch|p1a: Incineroar|Incineroar, L50, F|100/100
|-ability|p1a: Incineroar|Intimidate|boost
|-ability|p2a: Corviknight|Mirror Armor
|-unboost|p1a: Incineroar|atk|1
|-unboost|p2b: Primarina|atk|1
|turn|6
|
|t:|1784808378
|-heal|p1b: Dragalge|64/100|[from] ability: Regenerator|[silent]
|switch|p1b: Kingambit|Kingambit, L50, M|97/100
|move|p1a: Incineroar|Fake Out|p2b: Primarina
|-damage|p2b: Primarina|12/100 tox
|move|p2a: Corviknight|Brave Bird|p1b: Kingambit
|-resisted|p1b: Kingambit|1
|-damage|p1b: Kingambit|80/100
|-damage|p2a: Corviknight|56/100|[from] Recoil
|cant|p2b: Primarina|flinch
|
|-heal|p2b: Primarina|18/100 tox|[from] item: Leftovers
|-damage|p2b: Primarina|1/100 tox|[from] psn
|-sideend|p2: G3N13|move: Tailwind
|upkeep
|turn|7
|
|t:|1784808400
|move|p1b: Kingambit|Sucker Punch|p2b: Primarina
|-resisted|p2b: Primarina|1
|-damage|p2b: Primarina|0 fnt
|faint|p2b: Primarina
|move|p2a: Corviknight|Brave Bird|p1b: Kingambit
|-resisted|p1b: Kingambit|1
|-damage|p1b: Kingambit|63/100
|-damage|p2a: Corviknight|50/100g|[from] Recoil
|move|p1a: Incineroar|Flare Blitz|p2a: Corviknight
|-supereffective|p2a: Corviknight|1
|-damage|p2a: Corviknight|0 fnt
|faint|p2a: Corviknight
|-damage|p1a: Incineroar|84/100|[from] Recoil
|
|upkeep
|
|t:|1784808404
|switch|p2b: Garchomp|Garchomp, L50, F|100/100
|turn|8
|
|t:|1784808413
|move|p1b: Kingambit|Sucker Punch|p2b: Garchomp
|-damage|p2b: Garchomp|59/100
|-damage|p1b: Kingambit|51/100|[from] ability: Rough Skin|[of] p2b: Garchomp
|move|p2b: Garchomp|Earthquake|p1b: Kingambit|[spread] p1a,p1b
|-supereffective|p1a: Incineroar|1
|-supereffective|p1b: Kingambit|1
|-damage|p1a: Incineroar|0 fnt
|-damage|p1b: Kingambit|0 fnt
|faint|p1a: Incineroar
|faint|p1b: Kingambit
|-damage|p2b: Garchomp|49/100|[from] item: Life Orb
|
|upkeep
|
|t:|1784808420
|switch|p1b: Dragalge|Dragalge-Mega, L50, F|64/100
|turn|9
|
|t:|1784808422
|move|p2b: Garchomp|Earthquake|p1b: Dragalge
|-supereffective|p1b: Dragalge|1
|-damage|p1b: Dragalge|0 fnt
|faint|p1b: Dragalge
|-damage|p2b: Garchomp|40/100|[from] item: Life Orb
|
|win|G3N13
||1Manuel1410 is ready for game 2.
||G3N13 is ready for game 2.
|uhtml|next|Next: Game 2 of 3
|l|☆1Manuel1410
|player|p1|
