|j|☆idontknow25
|j|☆shieeeee
|html|idontknow25shieeeee    
|uhtml|bestof|Game 3 of a best-of-3
|t:|1755976510
|gametype|doubles
|player|p1|idontknow25|benga|1175
|player|p2|shieeeee|266|1269
|gen|9
|tier|[Gen 9] VGC 2025 Reg H (Bo3)
|rated|
|rule|Species Clause: Limit one of each Pokémon
|rule|Item Clause: Limit 1 of each item
|clearpoke
|poke|p1|Dondozo, L50, M|
|poke|p1|Tatsugiri, L50, M|
|poke|p1|Rillaboom, L50, M|
|poke|p1|Incineroar, L50, M|
|poke|p1|Dragapult, L50, M|
|poke|p1|Sneasler, L50, F|
|poke|p2|Dragonite, L50, M|
|poke|p2|Archaludon, L50, F|
|poke|p2|Kingambit, L50, M|
|poke|p2|Volcarona, L50, M|
|poke|p2|Gengar, L50, M|
|poke|p2|Annihilape, L50, M|
|teampreview|4
|showteam|p1|Dondozo||Leftovers|Unaware|OrderUp,WaveCrash,Earthquake,Protect|||M|||50|,,,,,Grass]Tatsugiri||FocusSash|Commander|DracoMeteor,MuddyWater,Protect,IcyWind|||M|||50|,,,,,Steel]Rillaboom||AssaultVest|GrassySurge|FakeOut,Uturn,WoodHammer,GrassyGlide|||M|||50|,,,,,Fire]Incineroar||SafetyGoggles|Intimidate|FakeOut,KnockOff,PartingShot,FlareBlitz|||M|||50|,,,,,Water]Dragapult||ChoiceBand|ClearBody|DragonDarts,TeraBlast,Uturn,PhantomForce|||M|||50|,,,,,Ghost]Sneasler||GrassySeed|Unburden|CloseCombat,ThroatChop,DireClaw,Protect|||F|||50|,,,,,Dark
|showteam|p2|Dragonite||ChoiceBand|Multiscale|ExtremeSpeed,IceSpinner,StompingTantrum,Outrage|||M|||50|,,,,,Normal]Archaludon||PowerHerb|Sturdy|DracoMeteor,FlashCannon,ElectroShot,Protect|||F|||50|,,,,,Stellar]Kingambit||AssaultVest|Defiant|Assurance,SuckerPunch,IronHead,LowKick|||M|||50|,,,,,Fire]Volcarona||SitrusBerry|FlameBody|StruggleBug,Overheat,RagePowder,Protect|||M|||50|,,,,,Grass]Gengar||FocusSash|CursedBody|ShadowBall,SludgeWave,Haze,Protect|||M|||50|,,,,,Stellar]Annihilape||SafetyGoggles|Defiant|CloseCombat,FinalGambit,Protect,ShadowClaw|||M|||50|,,,,,Steel
|inactive|Battle timer is ON: inactive players will automatically lose when time's up. (requested by idontknow25)
|inactive|idontknow25 has 60 seconds left.
|inactive|shieeeee has 60 seconds left.
|inactive|shieeeee has 30 seconds left.
|
|t:|1755976581
|teamsize|p1|4
|teamsize|p2|4
|start
|switch|p1a: Dondozo|Dondozo, L50, M|100/100
|switch|p1b: Rillaboom|Rillaboom, L50, M|100/100
|switch|p2a: Gengar|Gengar, L50, M, shiny|100/100
|switch|p2b: Kingambit|Kingambit, L50, M, shiny|100/100
|-fieldstart|move: Grassy Terrain|[from] ability: Grassy Surge|[of] p1b: Rillaboom
|turn|1
|inactive|idontknow25 has 30 seconds left.
|inactive|shieeeee has 30 seconds left.
|inactive|idontknow25 has 20 seconds left.
|inactive|shieeeee has 20 seconds left.
|inactive|idontknow25 has 15 seconds left.
|inactive|shieeeee has 15 seconds left.
|inactive|idontknow25 has 10 seconds left.
|inactive|shieeeee has 10 seconds left.
|inactive|shieeeee has 5 seconds left.
|inactive|idontknow25 has 5 seconds left.
|
|t:|1755976639
|move|p2a: Gengar|Protect|p2a: Gengar
|-singleturn|p2a: Gengar|Protect
|move|p1a: Dondozo|Protect|p1a: Dondozo
|-singleturn|p1a: Dondozo|Protect
|move|p1b: Rillaboom|U-turn|p2a: Gengar
|-activate|p2a: Gengar|move: Protect
|move|p2b: Kingambit|Assurance|p1a: Dondozo
|-activate|p1a: Dondozo|move: Protect
|
|upkeep
|turn|2
|inactive|shieeeee has 30 seconds left.
|inactive|idontknow25 has 30 seconds left.
|inactive|shieeeee has 20 seconds left.
|inactive|shieeeee has 15 seconds left.
|inactive|shieeeee has 10 seconds left.
|inactive|shieeeee has 5 seconds left.
|
|t:|1755976694
|switch|p2a: Dragonite|Dragonite, L50, M, shiny|100/100
|switch|p1a: Sneasler|Sneasler, L50, F|100/100
|-enditem|p1a: Sneasler|Grassy Seed
|-boost|p1a: Sneasler|def|1|[from] item: Grassy Seed
|move|p1b: Rillaboom|Wood Hammer|p2a: Dragonite
|-resisted|p2a: Dragonite
|-damage|p2a: Dragonite|92/100
|-damage|p1b: Rillaboom|98/100|[from] Recoil
|move|p2b: Kingambit|Iron Head|p1a: Sneasler
|-damage|p1a: Sneasler|44/100
|
|-heal|p1a: Sneasler|50/100|[from] Grassy Terrain
|-heal|p1b: Rillaboom|100/100|[from] Grassy Terrain
|upkeep
|turn|3
|inactive|shieeeee has 30 seconds left.
|inactive|shieeeee has 20 seconds left.
|inactive|shieeeee has 15 seconds left.
|inactive|shieeeee has 10 seconds left.
|
|t:|1755976742
|switch|p2b: Gengar|Gengar, L50, M, shiny|100/100
|-terastallize|p2a: Dragonite|Normal
|move|p1a: Sneasler|Protect|p1a: Sneasler
|-singleturn|p1a: Sneasler|Protect
|move|p2a: Dragonite|Extreme Speed|p1a: Sneasler
|-activate|p1a: Sneasler|move: Protect
|move|p1b: Rillaboom|U-turn|p2b: Gengar
|-resisted|p2b: Gengar
|-damage|p2b: Gengar|89/100
|
|t:|1755976748
|switch|p1b: Dondozo|Dondozo, L50, M|100/100|[from] U-turn
|
|-heal|p1a: Sneasler|56/100|[from] Grassy Terrain
|-heal|p2b: Gengar|95/100|[from] Grassy Terrain
|-heal|p2a: Dragonite|98/100|[from] Grassy Terrain
|upkeep
|turn|4
|inactive|shieeeee has 30 seconds left.
|inactive|idontknow25 has 30 seconds left.
|
|t:|1755976787
|move|p2a: Dragonite|Extreme Speed|p1b: Dondozo
|-damage|p1b: Dondozo|57/100
|move|p1a: Sneasler|Close Combat|p2a: Dragonite
|-supereffective|p2a: Dragonite
|-damage|p2a: Dragonite|0 fnt
|-unboost|p1a: Sneasler|def|1
|-unboost|p1a: Sneasler|spd|1
|faint|p2a: Dragonite
|move|p2b: Gengar|Haze|p2b: Gengar
|-clearallboost
|move|p1b: Dondozo|Wave Crash|p2b: Gengar
|-crit|p2b: Gengar
|-damage|p2b: Gengar|0 fnt
|faint|p2b: Gengar
|-damage|p1b: Dondozo|39/100|[from] Recoil
|
|-heal|p1a: Sneasler|61/100|[from] Grassy Terrain
|-heal|p1b: Dondozo|45/100|[from] Grassy Terrain
|-heal|p1b: Dondozo|51/100|[from] item: Leftovers
|upkeep
|
|t:|1755976794
|switch|p2b: Archaludon|Archaludon, L50, F|100/100
|switch|p2a: Kingambit|Kingambit, L50, M, shiny|100/100
|turn|5
|
|t:|1755976809
|switch|p1a: Tatsugiri|Tatsugiri, L50, M|100/100
|-activate|p1a: Tatsugiri|ability: Commander|[of] p1b: Dondozo
|-boost|p1b: Dondozo|atk|2
|-boost|p1b: Dondozo|spa|2
|-boost|p1b: Dondozo|spe|2
|-boost|p1b: Dondozo|def|2
|-boost|p1b: Dondozo|spd|2
|move|p1b: Dondozo|Protect|p1b: Dondozo
|-singleturn|p1b: Dondozo|Protect
|move|p2a: Kingambit|Sucker Punch||[still]
|-fail|p2a: Kingambit
|move|p2b: Archaludon|Electro Shot||[still]
|-prepare|p2b: Archaludon|Electro Shot
|-boost|p2b: Archaludon|spa|1
|-enditem|p2b: Archaludon|Power Herb
|-anim|p2b: Archaludon|Electro Shot|p1a: Tatsugiri|[miss]
|-miss|p2b: Archaludon|p1a: Tatsugiri
|
|-heal|p1b: Dondozo|57/100|[from] Grassy Terrain
|-heal|p1b: Dondozo|63/100|[from] item: Leftovers
|-fieldend|move: Grassy Terrain
|upkeep
|turn|6
|
|t:|1755976822
|move|p2a: Kingambit|Sucker Punch|p1b: Dondozo
|-damage|p1b: Dondozo|49/100
|move|p2b: Archaludon|Draco Meteor|p1b: Dondozo
|-damage|p1b: Dondozo|24/100
|-unboost|p2b: Archaludon|spa|2
|move|p1b: Dondozo|Earthquake|p2a: Kingambit|[spread] p2a,p2b
|-miss|p1b: Dondozo|p1a: Tatsugiri
|-supereffective|p2a: Kingambit
|-supereffective|p2b: Archaludon
|-damage|p2a: Kingambit|33/100
|-damage|p2b: Archaludon|18/100
|
|-heal|p1b: Dondozo|30/100|[from] item: Leftovers
|upkeep
|turn|7
|
|t:|1755976838
|move|p2a: Kingambit|Sucker Punch|p1b: Dondozo
|-damage|p1b: Dondozo|15/100
|move|p2b: Archaludon|Draco Meteor|p1b: Dondozo
|-damage|p1b: Dondozo|0 fnt
|-unboost|p2b: Archaludon|spa|2
|faint|p1b: Dondozo
|
|upkeep
|
|t:|1755976848
|switch|p1b: Sneasler|Sneasler, L50, F|61/100
|turn|8
|
|t:|1755976854
|switch|p1a: Rillaboom|Rillaboom, L50, M|100/100
|-fieldstart|move: Grassy Terrain|[from] ability: Grassy Surge|[of] p1a: Rillaboom
|move|p1b: Sneasler|Protect|p1b: Sneasler
|-singleturn|p1b: Sneasler|Protect
|move|p2a: Kingambit|Sucker Punch||[still]
|-fail|p2a: Kingambit
|move|p2b: Archaludon|Draco Meteor|p1a: Rillaboom
|-crit|p1a: Rillaboom
|-damage|p1a: Rillaboom|34/100
|-unboost|p2b: Archaludon|spa|2
|
|-heal|p1b: Sneasler|67/100|[from] Grassy Terrain
|-heal|p2b: Archaludon|24/100|[from] Grassy Terrain
|-heal|p1a: Rillaboom|40/100|[from] Grassy Terrain
|-heal|p2a: Kingambit|39/100|[from] Grassy Terrain
|upkeep
|turn|9
|
|t:|1755976863
|move|p1a: Rillaboom|Fake Out|p2a: Kingambit
|-resisted|p2a: Kingambit
|-damage|p2a: Kingambit|34/100
|cant|p2a: Kingambit|flinch
|move|p1b: Sneasler|Close Combat|p2a: Kingambit
|-supereffective|p2a: Kingambit
|-damage|p2a: Kingambit|0 fnt
|-unboost|p1b: Sneasler|def|1
|-unboost|p1b: Sneasler|spd|1
|faint|p2a: Kingambit
|move|p2b: Archaludon|Draco Meteor|p1a: Rillaboom
|-damage|p1a: Rillaboom|28/100
|-unboost|p2b: Archaludon|spa|1
|
|-heal|p1b: Sneasler|73/100|[from] Grassy Terrain
|-heal|p2b: Archaludon|30/100|[from] Grassy Terrain
|-heal|p1a: Rillaboom|34/100|[from] Grassy Terrain
|upkeep
|turn|10
|
|t:|1755976878
|move|p1b: Sneasler|Close Combat|p2b: Archaludon
|-supereffective|p2b: Archaludon
|-damage|p2b: Archaludon|0 fnt
|-unboost|p1b: Sneasler|def|1
|-unboost|p1b: Sneasler|spd|1
|faint|p2b: Archaludon
|
|win|idontknow25
|raw|idontknow25's rating: 1175 → 1207(+32 for winning)
|raw|shieeeee's rating: 1269 → 1237(-32 for losing)
|l|☆idontknow25
|player|p1|
