|j|☆labubumechanics
|j|☆test220102
|html|labubumechanicstest220102    
|uhtml|bestof|Game 2 of a best-of-3
|t:|1784474656
|gametype|doubles
|player|p1|labubumechanics|170|1000
|player|p2|test220102|170|1091
|gen|9
|tier|[Gen 9 Champions] VGC 2026 Reg M-B (Bo3)
|rated|
|rule|Species Clause: Limit one of each Pokémon
|rule|Item Clause: Limit 1 of each item
|clearpoke
|poke|p1|Venusaur, L50, F|
|poke|p1|Charizard, L50, F|
|poke|p1|Garchomp, L50, F|
|poke|p1|Metagross, L50|
|poke|p1|Grimmsnarl, L50, M|
|poke|p1|Toxapex, L50, F|
|poke|p2|Meganium, L50, M|
|poke|p2|Lycanroc-Dusk, L50, F|
|poke|p2|Basculegion, L50, M|
|poke|p2|Kingambit, L50, F|
|poke|p2|Maushold, L50|
|poke|p2|Pelipper, L50, M|
|teampreview|4
|showteam|p1|Venusaur||LifeOrb|Chlorophyll|SolarBeam,SludgeBomb,EarthPower,Protect|Modest||F|||50|]Charizard||CharizarditeY|SolarPower|HeatWave,WeatherBall,HelpingHand,Protect|Modest||F|||50|]Garchomp||ChoiceScarf|RoughSkin|DragonClaw,Earthquake,RockSlide,StompingTantrum|Adamant||F|||50|]Metagross||Metagrossite|ClearBody|BodyPress,PsychicFangs,BulletPunch,Protect|Adamant|||||50|]Grimmsnarl||LightClay|Prankster|SpiritBreak,Reflect,LightScreen,PartingShot|Impish||M|||50|]Toxapex||Leftovers|Regenerator|Infestation,Toxic,BanefulBunker,WideGuard|Bold||F|||50|
|showteam|p2|Meganium||Meganiumite|Overgrow|Protect,DazzlingGleam,WeatherBall,SolarBeam|Modest||M|||50|]Lycanroc-Dusk||FocusSash|ToughClaws|Protect,Accelerock,CloseCombat,PsychicFangs|Adamant||F|||50|]Basculegion||ChoiceScarf|Adaptability|FlipTurn,AquaJet,WaveCrash,LastRespects|Jolly||M|||50|]Kingambit||BlackGlasses|Defiant|Protect,SwordsDance,SuckerPunch,KowtowCleave|Adamant||F|||50|]Maushold||ChopleBerry|FriendGuard|Protect,FollowMe,HelpingHand,Feint|Careful|||||50|]Pelipper||SitrusBerry|Drizzle|Tailwind,WeatherBall,Hurricane,WideGuard|Bold||M|||50|
|inactive|Battle timer is ON: inactive players will automatically lose when time's up. (requested by test220102)
|c|☆test220102|meganium moment
|c|☆labubumechanics|52% no critc????
|c|☆labubumechanics|WTF
|c|☆test220102|in all seriousness you already saw the damage behind light screen
|inactive|labubumechanics has 60 seconds left.
|inactive|test220102 has 60 seconds left.
|c|☆test220102|it's also a high roll probs but i expected it
|inactive|labubumechanics has 30 seconds left.
|inactive|labubumechanics has 20 seconds left.
|inactive|labubumechanics has 15 seconds left.
|
|t:|1784474733
|teamsize|p1|4
|teamsize|p2|4
|start
|switch|p1a: Grimmsnarl|Grimmsnarl, L50, M|100/100
|switch|p1b: Charizard|Charizard, L50, F|100/100
|switch|p2a: Meganium|Meganium, L50, M|100/100
|switch|p2b: Kingambit|Kingambit, L50, F|100/100
|turn|1
|inactive|test220102 has 30 seconds left.
|
|t:|1784474765
|detailschange|p2a: Meganium|Meganium-Mega, L50, M
|-mega|p2a: Meganium|Meganium|Meganiumite
|move|p1a: Grimmsnarl|Light Screen|p1a: Grimmsnarl
|-sidestart|p1: labubumechanics|move: Light Screen
|move|p2b: Kingambit|Sucker Punch|p1b: Charizard
|-damage|p1b: Charizard|55/100
|move|p1b: Charizard|Heat Wave|p2b: Kingambit|[spread] p2a,p2b
|-supereffective|p2a: Meganium|1
|-supereffective|p2b: Kingambit|1
|-damage|p2a: Meganium|45/100
|-damage|p2b: Kingambit|41/100
|-status|p2a: Meganium|brn
|move|p2a: Meganium|Weather Ball|p1a: Grimmsnarl
|-damage|p1a: Grimmsnarl|63/100
|
|-damage|p2a: Meganium|39/100 brn|[from] brn
|upkeep
|turn|2
|inactive|test220102 has 30 seconds left.
|inactive|test220102 has 20 seconds left.
|
|t:|1784474804
|move|p2a: Meganium|Protect|p2a: Meganium
|-singleturn|p2a: Meganium|Protect
|move|p1a: Grimmsnarl|Reflect|p1a: Grimmsnarl
|-sidestart|p1: labubumechanics|Reflect
|move|p2b: Kingambit|Sucker Punch|p1b: Charizard
|-damage|p1b: Charizard|22/100
|move|p1b: Charizard|Weather Ball|p2b: Kingambit
|-resisted|p2b: Kingambit|1
|-damage|p2b: Kingambit|34/100
|
|-damage|p2a: Meganium|33/100 brn|[from] brn
|upkeep
|turn|3
|
|t:|1784474817
|switch|p2a: Basculegion|Basculegion, L50, M|100/100
|move|p1b: Charizard|Protect|p1b: Charizard
|-singleturn|p1b: Charizard|Protect
|move|p2b: Kingambit|Sucker Punch||[still]
|-fail|p2b: Kingambit
|move|p1a: Grimmsnarl|Spirit Break|p2a: Basculegion
|-damage|p2a: Basculegion|64/100
|-unboost|p2a: Basculegion|spa|1
|
|upkeep
|turn|4
|
|t:|1784474835
|move|p1a: Grimmsnarl|Parting Shot|p2a: Basculegion
|-unboost|p2a: Basculegion|atk|1
|-unboost|p2a: Basculegion|spa|1
|
|t:|1784474840
|switch|p1a: Metagross|Metagross, L50|100/100|[from] Parting Shot
|move|p2b: Kingambit|Sucker Punch|p1b: Charizard
|-damage|p1b: Charizard|0 fnt
|faint|p1b: Charizard
|move|p2a: Basculegion|Wave Crash|p1a: Metagross
|-damage|p1a: Metagross|70/100
|-damage|p2a: Basculegion|56/100|[from] Recoil
|
|upkeep
|
|t:|1784474846
|switch|p1b: Grimmsnarl|Grimmsnarl, L50, M|63/100
|turn|5
|
|t:|1784474858
|switch|p2a: Pelipper|Pelipper, L50, M|100/100
|-weather|RainDance|[from] ability: Drizzle|[of] p2a: Pelipper
|detailschange|p1a: Metagross|Metagross-Mega, L50
|-mega|p1a: Metagross|Metagross|Metagrossite
|move|p1b: Grimmsnarl|Parting Shot|p2a: Pelipper
|-unboost|p2a: Pelipper|atk|1
|-unboost|p2a: Pelipper|spa|1
|
|t:|1784474866
|switch|p1b: Venusaur|Venusaur, L50, F|100/100|[from] Parting Shot
|move|p2b: Kingambit|Sucker Punch|p1a: Metagross
|-supereffective|p1a: Metagross|1
|-damage|p1a: Metagross|17/100
|move|p1a: Metagross|Body Press|p2b: Kingambit
|-supereffective|p2b: Kingambit|2
|-damage|p2b: Kingambit|0 fnt
|faint|p2b: Kingambit
|
|-weather|RainDance|[upkeep]
|upkeep
|
|t:|1784474880
|switch|p2b: Basculegion|Basculegion, L50, M|56/100
|turn|6
|
|t:|1784474896
|move|p2b: Basculegion|Last Respects|p1a: Metagross
|-supereffective|p1a: Metagross|1
|-damage|p1a: Metagross|0 fnt
|faint|p1a: Metagross
|move|p1b: Venusaur|Sludge Bomb|p2b: Basculegion
|-resisted|p2b: Basculegion|1
|-damage|p2b: Basculegion|22/100
|-status|p2b: Basculegion|psn
|-damage|p1b: Venusaur|90/100|[from] item: Life Orb
|move|p2a: Pelipper|Tailwind|p2a: Pelipper
|-sidestart|p2: test220102|move: Tailwind
|
|-weather|RainDance|[upkeep]
|-damage|p2b: Basculegion|10/100 psn|[from] psn
|upkeep
|
|t:|1784474899
|switch|p1a: Grimmsnarl|Grimmsnarl, L50, M|63/100
|turn|7
|
|t:|1784474913
|switch|p2b: Meganium|Meganium-Mega, L50, M|33/100 brn
|move|p1b: Venusaur|Protect|p1b: Venusaur
|-singleturn|p1b: Venusaur|Protect
|move|p2a: Pelipper|Hurricane|p1b: Venusaur
|-activate|p1b: Venusaur|move: Protect
|move|p1a: Grimmsnarl|Spirit Break|p2a: Pelipper
|-damage|p2a: Pelipper|72/100
|-unboost|p2a: Pelipper|spa|1
|
|-weather|RainDance|[upkeep]
|-damage|p2b: Meganium|27/100 brn|[from] brn
|upkeep
|turn|8
|l|☆labubumechanics
|inactive|labubumechanics disconnected and has a minute to reconnect!
|player|p1|
|j|☆labubumechanics
|inactive|labubumechanics reconnected and has 35 seconds left.
|player|p1|labubumechanics|170|
|inactive|labubumechanics has 30 seconds left.
|inactive|labubumechanics has 20 seconds left.
|inactive|labubumechanics has 15 seconds left.
|
|t:|1784474957
|switch|p2a: Basculegion|Basculegion, L50, M|10/100 psn
|move|p1a: Grimmsnarl|Parting Shot|p2b: Meganium
|-unboost|p2b: Meganium|atk|1
|-unboost|p2b: Meganium|spa|1
|move|p2b: Meganium|Weather Ball|p1b: Venusaur
|-supereffective|p1b: Venusaur|1
|-damage|p1b: Venusaur|25/100
|move|p1b: Venusaur|Sludge Bomb|p2a: Basculegion
|-resisted|p2a: Basculegion|1
|-damage|p2a: Basculegion|0 fnt
|faint|p2a: Basculegion
|-damage|p1b: Venusaur|16/100|[from] item: Life Orb
|
|-weather|RainDance|[upkeep]
|-damage|p2b: Meganium|21/100 brn|[from] brn
|-sideend|p1: labubumechanics|move: Light Screen
|upkeep
|
|t:|1784474968
|switch|p2a: Pelipper|Pelipper, L50, M|72/100
|turn|9
|
|t:|1784474984
|move|p2b: Meganium|Solar Beam||[still]
|-prepare|p2b: Meganium|Solar Beam
|-activate|p2b: Meganium|ability: Mega Sol
|-anim|p2b: Meganium|Solar Beam|p1a: Grimmsnarl
|-damage|p1a: Grimmsnarl|22/100
|move|p2a: Pelipper|Hurricane|p1b: Venusaur
|-supereffective|p1b: Venusaur|1
|-damage|p1b: Venusaur|0 fnt
|faint|p1b: Venusaur
|move|p1a: Grimmsnarl|Spirit Break|p2a: Pelipper
|-damage|p2a: Pelipper|41/100
|-unboost|p2a: Pelipper|spa|1
|-enditem|p2a: Pelipper|Sitrus Berry|[eat]
|-heal|p2a: Pelipper|66/100|[from] item: Sitrus Berry
|
|-weather|none
|-damage|p2b: Meganium|16/100 brn|[from] brn
|-sideend|p1: labubumechanics|Reflect
|-sideend|p2: test220102|move: Tailwind
|upkeep
|turn|10
|-message|labubumechanics forfeited.
|raw|labubumechanics's rating: 1000 → 1000(+0 for losing)
|raw|test220102's rating: 1091 → 1111(+20 for winning)
|
|win|test220102
