|j|☆Tchoubib
|j|☆HolgerD
|html|TchoubibHolgerD    
|uhtml|bestof|Game 3 of a best-of-3
|t:|1756753040
|gametype|doubles
|player|p1|Tchoubib|1|1247
|player|p2|HolgerD|169|1356
|gen|9
|tier|[Gen 9] VGC 2025 Reg H (Bo3)
|rated|
|rule|Species Clause: Limit one of each Pokémon
|rule|Item Clause: Limit 1 of each item
|clearpoke
|poke|p1|Kilowattrel, L50, M|
|poke|p1|Garchomp, L50, F|
|poke|p1|Gholdengo, L50|
|poke|p1|Incineroar, L50, F|
|poke|p1|Amoonguss, L50, F|
|poke|p1|Tyranitar, L50, M|
|poke|p2|Maushold, L50|
|poke|p2|Pelipper, L50, F|
|poke|p2|Archaludon, L50, F|
|poke|p2|Ursaluna, L50, F|
|poke|p2|Sinistcha, L50|
|poke|p2|Basculegion, L50, M|
|teampreview|4
|showteam|p1|Kilowattrel||FocusSash|Competitive|Thunderbolt,AirSlash,Tailwind,Protect|||M|||50|,,,,,Ghost]Garchomp||LifeOrb|RoughSkin|Earthquake,DragonClaw,StompingTantrum,Protect|||F|||50|,,,,,Fire]Gholdengo||MetalCoat|GoodasGold|MakeItRain,ShadowBall,NastyPlot,Protect||||||50|,,,,,Flying]Incineroar||SitrusBerry|Intimidate|FlareBlitz,KnockOff,PartingShot,FakeOut|||F|||50|,,,,,Ghost]Amoonguss||RockyHelmet|Regenerator|PollenPuff,Spore,RagePowder,Protect|||F|||50|,,,,,Water]Tyranitar||AssaultVest|SandStream|RockSlide,KnockOff,LowKick,TeraBlast|||M|||50|,,,,,Flying
|showteam|p2|Maushold||WideLens|Technician|PopulationBomb,FollowMe,Taunt,Protect||||||50|,,,,,Ghost]Pelipper||FocusSash|Drizzle|Hurricane,MuddyWater,Tailwind,Protect|||F|||50|,,,,,Stellar]Archaludon||AssaultVest|Stamina|DragonPulse,ElectroShot,BodyPress,FlashCannon|||F|||50|,,,,,Bug]Ursaluna||FlameOrb|Guts|Facade,HeadlongRush,Earthquake,Protect|||F|||50|,,,,,Ghost]Sinistcha||SitrusBerry|Hospitality|MatchaGotcha,ShadowBall,RagePowder,TrickRoom||||||50|,,,,,Dark]Basculegion||ChoiceBand|SwiftSwim|AquaJet,FlipTurn,LastRespects,WaveCrash|||M|||50|,,,,,Water
|inactive|Battle timer is ON: inactive players will automatically lose when time's up. (requested by HolgerD)
|
|t:|1756753086
|teamsize|p1|4
|teamsize|p2|4
|start
|switch|p1a: Kilowattrel|Kilowattrel, L50, M|100/100
|switch|p1b: Garchomp|Garchomp, L50, F|100/100
|switch|p2a: Sinistcha|Sinistcha, L50|100/100
|switch|p2b: Basculegion|Basculegion, L50, M|100/100
|turn|1
|inactive|Tchoubib has 30 seconds left.
|inactive|HolgerD has 30 seconds left.
|inactive|Tchoubib has 20 seconds left.
|inactive|HolgerD has 20 seconds left.
|inactive|Tchoubib has 15 seconds left.
|inactive|HolgerD has 15 seconds left.
|inactive|Tchoubib has 10 seconds left.
|inactive|HolgerD has 10 seconds left.
|inactive|HolgerD has 5 seconds left.
|
|t:|1756753140
|move|p2a: Sinistcha|Rage Powder|p2a: Sinistcha
|-singleturn|p2a: Sinistcha|move: Rage Powder
|move|p1a: Kilowattrel|Air Slash|p2a: Sinistcha
|-supereffective|p2a: Sinistcha
|-damage|p2a: Sinistcha|43/100
|-enditem|p2a: Sinistcha|Sitrus Berry|[eat]
|-heal|p2a: Sinistcha|68/100|[from] item: Sitrus Berry
|move|p1b: Garchomp|Earthquake|p2b: Basculegion|[spread] p2a,p2b
|-immune|p1a: Kilowattrel
|-resisted|p2a: Sinistcha
|-damage|p2a: Sinistcha|46/100
|-damage|p2b: Basculegion|40/100
|-damage|p1b: Garchomp|91/100|[from] item: Life Orb
|move|p2b: Basculegion|Flip Turn|p1b: Garchomp
|-damage|p1b: Garchomp|47/100
|-damage|p2b: Basculegion|28/100|[from] ability: Rough Skin|[of] p1b: Garchomp
|
|t:|1756753160
|switch|p2b: Ursaluna|Ursaluna, L50, F|100/100|[from] Flip Turn
|
|-status|p2b: Ursaluna|brn|[from] item: Flame Orb
|upkeep
|turn|2
|inactive|Tchoubib has 30 seconds left.
|inactive|HolgerD has 30 seconds left.
|inactive|Tchoubib has 20 seconds left.
|inactive|HolgerD has 20 seconds left.
|
|t:|1756753198
|-terastallize|p2a: Sinistcha|Dark
|move|p1a: Kilowattrel|Air Slash|p2a: Sinistcha
|-crit|p2a: Sinistcha
|-damage|p2a: Sinistcha|3/100
|move|p1b: Garchomp|Earthquake|p2b: Ursaluna|[spread] p2a,p2b
|-immune|p1a: Kilowattrel
|-damage|p2a: Sinistcha|0 fnt
|-damage|p2b: Ursaluna|64/100 brn
|faint|p2a: Sinistcha
|-damage|p1b: Garchomp|38/100|[from] item: Life Orb
|move|p2b: Ursaluna|Facade|p1b: Garchomp
|-damage|p1b: Garchomp|0 fnt
|-damage|p2b: Ursaluna|52/100 brn|[from] ability: Rough Skin|[of] p1b: Garchomp
|faint|p1b: Garchomp
|
|-damage|p2b: Ursaluna|46/100 brn|[from] brn
|upkeep
|
|t:|1756753207
|switch|p1b: Gholdengo|Gholdengo, L50|100/100
|switch|p2a: Basculegion|Basculegion, L50, M|28/100
|turn|3
|inactive|Tchoubib has 30 seconds left.
|
|t:|1756753235
|switch|p2b: Pelipper|Pelipper, L50, F|100/100
|-weather|RainDance|[from] ability: Drizzle|[of] p2b: Pelipper
|-terastallize|p1b: Gholdengo|Flying
|move|p2a: Basculegion|Last Respects|p1b: Gholdengo
|-damage|p1b: Gholdengo|16/100
|move|p1a: Kilowattrel|Thunderbolt|p2a: Basculegion
|-supereffective|p2a: Basculegion
|-damage|p2a: Basculegion|0 fnt
|faint|p2a: Basculegion
|move|p1b: Gholdengo|Make It Rain|p2b: Pelipper
|-resisted|p2b: Pelipper
|-damage|p2b: Pelipper|38/100
|-unboost|p1b: Gholdengo|spa|1
|
|-weather|RainDance|[upkeep]
|upkeep
|
|t:|1756753245
|switch|p2a: Ursaluna|Ursaluna, L50, F|46/100 brn
|turn|4
|
|t:|1756753270
|move|p2b: Pelipper|Protect|p2b: Pelipper
|-singleturn|p2b: Pelipper|Protect
|move|p1a: Kilowattrel|Thunderbolt|p2b: Pelipper
|-activate|p2b: Pelipper|move: Protect
|move|p1b: Gholdengo|Nasty Plot|p1b: Gholdengo
|-boost|p1b: Gholdengo|spa|2
|move|p2a: Ursaluna|Facade|p1a: Kilowattrel
|-enditem|p1a: Kilowattrel|Focus Sash
|-damage|p1a: Kilowattrel|1/100
|
|-weather|RainDance|[upkeep]
|-damage|p2a: Ursaluna|40/100 brn|[from] brn
|upkeep
|turn|5
|inactive|HolgerD has 30 seconds left.
|
|t:|1756753305
|move|p1a: Kilowattrel|Thunderbolt|p2b: Pelipper
|-supereffective|p2b: Pelipper
|-damage|p2b: Pelipper|0 fnt
|faint|p2b: Pelipper
|move|p1b: Gholdengo|Make It Rain|p2a: Ursaluna
|-damage|p2a: Ursaluna|0 fnt
|-unboost|p1b: Gholdengo|spa|1
|faint|p2a: Ursaluna
|
|win|Tchoubib
|raw|Tchoubib's rating: 1247 → 1280(+33 for winning)
|raw|HolgerD's rating: 1356 → 1330(-26 for losing)
|l|☆HolgerD
|player|p2|
