|j|☆Silverfang538
|j|☆glofer
|html|Silverfang538glofer    
|uhtml|bestof|Game 1 of a best-of-3
|t:|1783185096
|gametype|doubles
|player|p1|Silverfang538|1|1068
|player|p2|glofer|blackbelt|1139
|gen|9
|tier|[Gen 9 Champions] VGC 2026 Reg M-B (Bo3)
|rated|
|rule|Species Clause: Limit one of each Pokémon
|rule|Item Clause: Limit 1 of each item
|clearpoke
|poke|p1|Eelektross, L50, F|
|poke|p1|Basculegion, L50, M|
|poke|p1|Gholdengo, L50|
|poke|p1|Farigiraf, L50, M|
|poke|p1|Sinistcha, L50|
|poke|p1|Sableye, L50, F|
|poke|p2|Tyranitar, L50, M|
|poke|p2|Raichu, L50, M|
|poke|p2|Corviknight, L50, M|
|poke|p2|Meowstic-F, L50, F|
|poke|p2|Sceptile, L50, F|
|poke|p2|Emboar, L50, F|
|teampreview|4
|showteam|p1|Eelektross||Eelektrossite|Levitate|SupercellSlam,DrainPunch,Protect,Coil|Adamant||F|||50|]Basculegion||LifeOrb|Adaptability|LastRespects,WaveCrash,AquaJet,Protect|Brave||M|||50|]Gholdengo||WiseGlasses|GoodasGold|MakeItRain,ShadowBall,NastyPlot,Protect|Calm|||||50|]Farigiraf||SitrusBerry|ArmorTail|Psychic,TrickRoom,Protect,HelpingHand|Bold||M|||50|]Sinistcha||Leftovers|Hospitality|MatchaGotcha,RagePowder,LifeDew,TrickRoom|Bold|||||50|]Sableye||RoseliBerry|Prankster|RainDance,LightScreen,FakeOut,Reflect|Careful||F|||50|
|showteam|p2|Tyranitar||Tyranitarite|SandStream|RockSlide,KnockOff,DragonDance,Protect|Adamant||M|||50|]Raichu||RaichuniteY|Static|ZapCannon,FocusBlast,Feint,Protect|Timid||M|||50|]Corviknight||SitrusBerry|MirrorArmor|IronHead,BraveBird,Tailwind,Protect|Jolly||M|||50|]Meowstic-F||FocusSash|Competitive|Psychic,DarkPulse,FakeOut,Protect|Timid||F|||50|]Sceptile||WhiteHerb|Unburden|LeafStorm,VacuumWave,EarthPower,Detect|Modest||F|||50|]Emboar||ExpertBelt|Reckless|FlareBlitz,CloseCombat,SuckerPunch,Protect|Adamant||F|||50|
|inactive|Battle timer is ON: inactive players will automatically lose when time's up. (requested by glofer)
|
|t:|1783185159
|teamsize|p1|4
|teamsize|p2|4
|start
|switch|p1a: Sableye|Sableye, L50, F|100/100
|switch|p1b: Farigiraf|Farigiraf, L50, M|100/100
|switch|p2a: Emboar|Emboar, L50, F|100/100
|switch|p2b: Sceptile|Sceptile, L50, F|100/100
|turn|1
|inactive|Silverfang538 has 30 seconds left.
|inactive|glofer has 30 seconds left.
|
|t:|1783185188
|move|p1a: Sableye|Reflect|p1a: Sableye
|-sidestart|p1: Silverfang538|Reflect
|move|p2b: Sceptile|Leaf Storm|p1a: Sableye
|-crit|p1a: Sableye
|-damage|p1a: Sableye|0 fnt
|-unboost|p2b: Sceptile|spa|2
|faint|p1a: Sableye
|-enditem|p2b: Sceptile|White Herb
|-clearnegativeboost|p2b: Sceptile|[silent]
|move|p2a: Emboar|Flare Blitz|p1b: Farigiraf
|-damage|p1b: Farigiraf|57/100
|-damage|p2a: Emboar|86/100|[from] Recoil
|move|p1b: Farigiraf|Trick Room|p1b: Farigiraf
|-fieldstart|move: Trick Room|[of] p1b: Farigiraf
|
|upkeep
|
|t:|1783185204
|switch|p1a: Eelektross|Eelektross, L50, F|100/100
|turn|2
|
|t:|1783185217
|detailschange|p1a: Eelektross|Eelektross-Mega, L50, F
|-mega|p1a: Eelektross|Eelektross|Eelektrossite
|move|p1b: Farigiraf|Psychic|p2a: Emboar
|-supereffective|p2a: Emboar|1
|-damage|p2a: Emboar|0 fnt
|faint|p2a: Emboar
|move|p1a: Eelektross|Coil|p1a: Eelektross
|-boost|p1a: Eelektross|atk|1
|-boost|p1a: Eelektross|def|1
|-boost|p1a: Eelektross|accuracy|1
|move|p2b: Sceptile|Leaf Storm|p1b: Farigiraf
|-damage|p1b: Farigiraf|0 fnt
|-unboost|p2b: Sceptile|spa|2
|faint|p1b: Farigiraf
|
|upkeep
|
|t:|1783185232
|switch|p1b: Sinistcha|Sinistcha, L50|100/100
|switch|p2a: Meowstic|Meowstic-F, L50, F|100/100
|turn|3
|
|t:|1783185244
|switch|p2b: Tyranitar|Tyranitar, L50, M|100/100
|-weather|Sandstorm|[from] ability: Sand Stream|[of] p2b: Tyranitar
|move|p2a: Meowstic|Fake Out|p1a: Eelektross
|-damage|p1a: Eelektross|97/100
|move|p1b: Sinistcha|Rage Powder|p1b: Sinistcha
|-singleturn|p1b: Sinistcha|move: Rage Powder
|cant|p1a: Eelektross|flinch
|
|-weather|Sandstorm|[upkeep]
|-damage|p1b: Sinistcha|93/100|[from] Sandstorm
|-damage|p1a: Eelektross|91/100|[from] Sandstorm
|-damage|p2a: Meowstic|94/100|[from] Sandstorm
|-heal|p1b: Sinistcha|100/100|[from] item: Leftovers
|upkeep
|turn|4
|
|t:|1783185262
|switch|p2a: Sceptile|Sceptile, L50, F|100/100
|detailschange|p2b: Tyranitar|Tyranitar-Mega, L50, M
|-mega|p2b: Tyranitar|Tyranitar|Tyranitarite
|move|p2b: Tyranitar|Protect|p2b: Tyranitar
|-singleturn|p2b: Tyranitar|Protect
|move|p1b: Sinistcha|Matcha Gotcha|p2b: Tyranitar|[spread] p2a
|-activate|p2b: Tyranitar|move: Protect
|-resisted|p2a: Sceptile|1
|-damage|p2a: Sceptile|83/100
|move|p1a: Eelektross|Drain Punch|p2b: Tyranitar
|-activate|p2b: Tyranitar|move: Protect
|
|-weather|Sandstorm|[upkeep]
|-damage|p1b: Sinistcha|93/100|[from] Sandstorm
|-damage|p1a: Eelektross|84/100|[from] Sandstorm
|-damage|p2a: Sceptile|77/100|[from] Sandstorm
|-heal|p1b: Sinistcha|100/100|[from] item: Leftovers
|upkeep
|turn|5
|
|t:|1783185276
|switch|p2b: Meowstic|Meowstic-F, L50, F|94/100
|move|p2a: Sceptile|Detect|p2a: Sceptile
|-singleturn|p2a: Sceptile|Protect
|move|p1b: Sinistcha|Rage Powder|p1b: Sinistcha
|-singleturn|p1b: Sinistcha|move: Rage Powder
|move|p1a: Eelektross|Drain Punch|p2b: Meowstic
|-resisted|p2b: Meowstic|1
|-damage|p2b: Meowstic|62/100
|-heal|p1a: Eelektross|97/100|[from] drain|[of] p2b: Meowstic
|
|-weather|Sandstorm|[upkeep]
|-damage|p1b: Sinistcha|93/100|[from] Sandstorm
|-damage|p1a: Eelektross|91/100|[from] Sandstorm
|-damage|p2b: Meowstic|56/100|[from] Sandstorm
|-damage|p2a: Sceptile|71/100|[from] Sandstorm
|-heal|p1b: Sinistcha|100/100|[from] item: Leftovers
|-sideend|p1: Silverfang538|Reflect
|-fieldend|move: Trick Room
|upkeep
|turn|6
|
|t:|1783185300
|move|p2a: Sceptile|Leaf Storm|p1a: Eelektross
|-damage|p1a: Eelektross|25/100
|-unboost|p2a: Sceptile|spa|2
|move|p2b: Meowstic|Dark Pulse|p1b: Sinistcha
|-supereffective|p1b: Sinistcha|1
|-damage|p1b: Sinistcha|59/100
|move|p1a: Eelektross|Coil|p1a: Eelektross
|-boost|p1a: Eelektross|atk|1
|-boost|p1a: Eelektross|def|1
|-boost|p1a: Eelektross|accuracy|1
|cant|p1b: Sinistcha|flinch
|
|-weather|Sandstorm|[upkeep]
|-damage|p2a: Sceptile|65/100|[from] Sandstorm
|-damage|p2b: Meowstic|50/100g|[from] Sandstorm
|-damage|p1a: Eelektross|18/100|[from] Sandstorm
|-damage|p1b: Sinistcha|53/100|[from] Sandstorm
|-heal|p1b: Sinistcha|59/100|[from] item: Leftovers
|upkeep
|turn|7
|
|t:|1783185320
|move|p1a: Eelektross|Protect|p1a: Eelektross
|-singleturn|p1a: Eelektross|Protect
|move|p2a: Sceptile|Vacuum Wave|p1a: Eelektross
|-activate|p1a: Eelektross|move: Protect
|move|p2b: Meowstic|Dark Pulse|p1b: Sinistcha
|-supereffective|p1b: Sinistcha|1
|-damage|p1b: Sinistcha|13/100
|move|p1b: Sinistcha|Trick Room|p1b: Sinistcha
|-fieldstart|move: Trick Room|[of] p1b: Sinistcha
|
|-weather|none
|-heal|p1b: Sinistcha|19/100|[from] item: Leftovers
|upkeep
|turn|8
|inactive|Silverfang538 has 30 seconds left.
|
|t:|1783185354
|move|p2a: Sceptile|Vacuum Wave|p1a: Eelektross
|-damage|p1a: Eelektross|12/100
|move|p1b: Sinistcha|Life Dew|p1b: Sinistcha|[spread] p1a,p1b
|-heal|p1a: Eelektross|37/100
|-heal|p1b: Sinistcha|44/100
|move|p1a: Eelektross|Drain Punch|p2a: Sceptile
|-damage|p2a: Sceptile|0 fnt
|-heal|p1a: Eelektross|62/100|[from] drain|[of] p2a: Sceptile
|faint|p2a: Sceptile
|-ability|p1a: Eelektross|Eelevate|boost
|-boost|p1a: Eelektross|atk|1
|move|p2b: Meowstic|Dark Pulse|p1b: Sinistcha
|-supereffective|p1b: Sinistcha|1
|-damage|p1b: Sinistcha|4/100
|
|-heal|p1b: Sinistcha|10/100|[from] item: Leftovers
|upkeep
|
|t:|1783185363
|switch|p2a: Tyranitar|Tyranitar-Mega, L50, M|100/100
|-weather|Sandstorm|[from] ability: Sand Stream|[of] p2a: Tyranitar
|turn|9
|inactive|Silverfang538 has 30 seconds left.
|
|t:|1783185401
|move|p2a: Tyranitar|Protect|p2a: Tyranitar
|-singleturn|p2a: Tyranitar|Protect
|move|p1b: Sinistcha|Life Dew|p1b: Sinistcha|[spread] p1a,p1b
|-heal|p1a: Eelektross|87/100
|-heal|p1b: Sinistcha|35/100
|move|p1a: Eelektross|Drain Punch|p2a: Tyranitar
|-activate|p2a: Tyranitar|move: Protect
|move|p2b: Meowstic|Psychic|p1a: Eelektross
|-damage|p1a: Eelektross|52/100
|
|-weather|Sandstorm|[upkeep]
|-damage|p1b: Sinistcha|29/100|[from] Sandstorm
|-damage|p1a: Eelektross|46/100|[from] Sandstorm
|-damage|p2b: Meowstic|44/100|[from] Sandstorm
|-heal|p1b: Sinistcha|35/100|[from] item: Leftovers
|upkeep
|turn|10
|
|t:|1783185418
|move|p1b: Sinistcha|Life Dew|p1b: Sinistcha|[spread] p1a,p1b
|-heal|p1a: Eelektross|71/100
|-heal|p1b: Sinistcha|61/100
|move|p1a: Eelektross|Drain Punch|p2a: Tyranitar
|-supereffective|p2a: Tyranitar|2
|-damage|p2a: Tyranitar|0 fnt
|-heal|p1a: Eelektross|100/100|[from] drain|[of] p2a: Tyranitar
|faint|p2a: Tyranitar
|-ability|p1a: Eelektross|Eelevate|boost
|-boost|p1a: Eelektross|atk|1
|move|p2b: Meowstic|Psychic|p1a: Eelektross
|-damage|p1a: Eelektross|62/100
|
|-weather|Sandstorm|[upkeep]
|-damage|p1b: Sinistcha|55/100|[from] Sandstorm
|-damage|p1a: Eelektross|56/100|[from] Sandstorm
|-damage|p2b: Meowstic|38/100|[from] Sandstorm
|-heal|p1b: Sinistcha|61/100|[from] item: Leftovers
|upkeep
|turn|11
|-message|glofer forfeited.
|
|win|Silverfang538
||glofer is ready for game 2.
