|j|☆gluconfix
|j|☆Xiyme
|html|gluconfixXiyme    
|uhtml|bestof|Game 2 of a best-of-3
|t:|1785111053
|gametype|doubles
|player|p1|gluconfix|proton|1060
|player|p2|Xiyme|266|1108
|gen|9
|tier|[Gen 9 Champions] VGC 2026 Reg M-B (Bo3)
|rated|
|rule|Species Clause: Limit one of each Pokémon
|rule|Item Clause: Limit 1 of each item
|clearpoke
|poke|p1|Audino, L50, F, shiny|
|poke|p1|Kommo-o, L50, M, shiny|
|poke|p1|Volcarona, L50, M, shiny|
|poke|p1|Sinistcha, L50|
|poke|p1|Kingambit, L50, M, shiny|
|poke|p1|Sneasler, L50, M, shiny|
|poke|p2|Gardevoir, L50, F, shiny|
|poke|p2|Kommo-o, L50, M|
|poke|p2|Maushold-Four, L50|
|poke|p2|Incineroar, L50, F|
|poke|p2|Kingambit, L50, M|
|poke|p2|Talonflame, L50, M, shiny|
|teampreview|4
|showteam|p1|Audino||Audinite|Healer|SimpleBeam,HealPulse,HelpingHand,DrainingKiss|Timid||F|||50|]Kommo-o||SitrusBerry|Overcoat|ClangingScales,ClangorousSoul,AuraSphere,Protect|Modest||M|||50|]Volcarona||FocusSash|FlameBody|HeatWave,GigaDrain,QuiverDance,Protect|Quiet||M|||50|]Sinistcha||BigRoot|Hospitality|MatchaGotcha,LifeDew,RagePowder,TrickRoom|Relaxed|||||50|]Kingambit||LifeOrb|Defiant|SuckerPunch,IronDefense,SwordsDance,Protect|Careful||M|||50|]Sneasler||WhiteHerb|PoisonTouch|FakeOut,DireClaw,CloseCombat,Protect|Adamant||M|||50|
|showteam|p2|Gardevoir||Gardevoirite|Trace|Protect,HyperVoice,Psyshock,EnergyBall|Modest||F|||50|]Kommo-o||LifeOrb|Soundproof|Protect,AuraSphere,ClangingScales,DracoMeteor|Modest||M|||50|]Maushold-Four||FocusSash|FriendGuard|SuperFang,Taunt,FollowMe,Encore|Timid|||||50|]Incineroar||SitrusBerry|Intimidate|FakeOut,FlareBlitz,DarkestLariat,PartingShot|Adamant||F|||50|]Kingambit||ExpertBelt|Defiant|SuckerPunch,IronHead,LowKick,KowtowCleave|Adamant||M|||50|]Talonflame||SharpBeak|FlameBody|Protect,Tailwind,DualWingbeat,TemperFlare|Adamant||M|||50|
|inactive|Battle timer is ON: inactive players will automatically lose when time's up. (requested by gluconfix)
|
|t:|1785111067
|teamsize|p1|4
|teamsize|p2|4
|start
|switch|p1a: Volcarona|Volcarona, L50, M, shiny|100/100
|switch|p1b: Audino|Audino, L50, F, shiny|100/100
|switch|p2a: Gardevoir|Gardevoir, L50, F, shiny|100/100
|switch|p2b: Talonflame|Talonflame, L50, M, shiny|100/100
|-ability|p2a: Gardevoir|Healer|Trace|[from] ability: Trace|[of] p1b: Audino
|turn|1
|
|t:|1785111089
|detailschange|p2a: Gardevoir|Gardevoir-Mega, L50, F, shiny
|-mega|p2a: Gardevoir|Gardevoir|Gardevoirite
|move|p2b: Talonflame|Dual Wingbeat|p1a: Volcarona|[miss]
|-miss|p2b: Talonflame|p1a: Volcarona
|move|p2a: Gardevoir|Psyshock|p1b: Audino
|-damage|p1b: Audino|57/100
|move|p1b: Audino|Simple Beam|p1a: Volcarona
|-ability|p1a: Volcarona|Simple|Flame Body|[from] move: Simple Beam
|move|p1a: Volcarona|Quiver Dance|p1a: Volcarona
|-boost|p1a: Volcarona|spa|2
|-boost|p1a: Volcarona|spd|2
|-boost|p1a: Volcarona|spe|2
|
|upkeep
|turn|2
|inactive|gluconfix has 30 seconds left.
|inactive|gluconfix has 20 seconds left.
|inactive|gluconfix has 15 seconds left.
|inactive|gluconfix has 10 seconds left.
|
|t:|1785111138
|move|p1b: Audino|Helping Hand|p1a: Volcarona
|-singleturn|p1a: Volcarona|Helping Hand|[of] p1b: Audino
|move|p1a: Volcarona|Heat Wave|p2b: Talonflame|[spread] p2a,p2b
|-resisted|p2b: Talonflame|1
|-damage|p2a: Gardevoir|0 fnt
|-damage|p2b: Talonflame|0 fnt
|faint|p2a: Gardevoir
|faint|p2b: Talonflame
|
|upkeep
|
|t:|1785111148
|switch|p2b: Kommo-o|Kommo-o, L50, M|100/100
|switch|p2a: Maushold|Maushold-Four, L50|100/100
|turn|3
|
|t:|1785111169
|move|p1a: Volcarona|Giga Drain|p2a: Maushold
|-damage|p2a: Maushold|35/100
|move|p2a: Maushold|Super Fang|p1a: Volcarona
|-damage|p1a: Volcarona|50/100g
|move|p2b: Kommo-o|Clanging Scales|p1b: Audino|[spread] p1a,p1b
|-damage|p1a: Volcarona|28/100
|-damage|p1b: Audino|0 fnt
|faint|p1b: Audino
|-unboost|p2b: Kommo-o|def|1
|-damage|p2b: Kommo-o|90/100|[from] item: Life Orb
|
|upkeep
|
|t:|1785111186
|switch|p1b: Sinistcha|Sinistcha, L50|100/100
|-heal|p1a: Volcarona|52/100|[from] ability: Hospitality|[of] p1b: Sinistcha
|turn|4
|
|t:|1785111205
|move|p1a: Volcarona|Protect|p1a: Volcarona
|-singleturn|p1a: Volcarona|Protect
|move|p2a: Maushold|Taunt|p1b: Sinistcha
|-start|p1b: Sinistcha|move: Taunt
|move|p2b: Kommo-o|Clanging Scales|p1a: Volcarona|[spread] p1b
|-activate|p1a: Volcarona|move: Protect
|-damage|p1b: Sinistcha|36/100
|-unboost|p2b: Kommo-o|def|1
|-damage|p2b: Kommo-o|80/100|[from] item: Life Orb
|cant|p1b: Sinistcha|move: Taunt|Life Dew
|
|upkeep
|turn|5
|
|t:|1785111221
|move|p1a: Volcarona|Heat Wave|p2b: Kommo-o|[spread] p2a,p2b
|-resisted|p2b: Kommo-o|1
|-damage|p2a: Maushold|0 fnt
|-damage|p2b: Kommo-o|44/100
|faint|p2a: Maushold
|move|p2b: Kommo-o|Clanging Scales|p1b: Sinistcha|[spread] p1a,p1b
|-damage|p1a: Volcarona|29/100
|-damage|p1b: Sinistcha|0 fnt
|faint|p1b: Sinistcha
|-unboost|p2b: Kommo-o|def|1
|-damage|p2b: Kommo-o|34/100|[from] item: Life Orb
|
|upkeep
|
|t:|1785111230
|switch|p1b: Kingambit|Kingambit, L50, M, shiny|100/100
|turn|6
|
|t:|1785111236
|move|p1b: Kingambit|Sucker Punch|p2b: Kommo-o
|-resisted|p2b: Kommo-o|1
|-damage|p2b: Kommo-o|0 fnt
|faint|p2b: Kommo-o
|-damage|p1b: Kingambit|90/100|[from] item: Life Orb
|
|win|gluconfix
||gluconfix is ready for game 3.
||Xiyme is ready for game 3.
|uhtml|next|Next: Game 3 of 3
|j| guccirain2006
