|j|☆SimonStork
|j|☆LynxVGC
|html|SimonStorkLynxVGC    
|uhtml|bestof|Game 2 of a best-of-3
|t:|1784028556
|gametype|doubles
|player|p1|SimonStork|2|1140
|player|p2|LynxVGC|larry|1160
|gen|9
|tier|[Gen 9 Champions] VGC 2026 Reg M-B (Bo3)
|rated|
|rule|Species Clause: Limit one of each Pokémon
|rule|Item Clause: Limit 1 of each item
|clearpoke
|poke|p1|Whimsicott, L50, F|
|poke|p1|Charizard, L50, M|
|poke|p1|Basculegion, L50, M|
|poke|p1|Garchomp, L50, F|
|poke|p1|Archaludon, L50, F|
|poke|p1|Pelipper, L50, F|
|poke|p2|Grimmsnarl, L50, M|
|poke|p2|Venusaur, L50, M|
|poke|p2|Archaludon, L50, M|
|poke|p2|Pelipper, L50, F|
|poke|p2|Charizard, L50, F|
|poke|p2|Basculegion, L50, M|
|teampreview|4
|showteam|p1|Whimsicott||FocusSash|Prankster|Encore,Moonblast,Tailwind,Taunt|Rash||F|||50|]Charizard||CharizarditeY|Blaze|SolarBeam,WeatherBall,HeatWave,Protect|Serious||M|||50|]Basculegion||ChoiceScarf|Adaptability|FlipTurn,WaveCrash,LastRespects,AquaJet|Hasty||M|||50|]Garchomp||LifeOrb|RoughSkin|RockSlide,Earthquake,Protect,ScaleShot|Serious||F|||50|]Archaludon||Leftovers|Stamina|DragonPulse,FlashCannon,ElectroShot,Protect|Calm||F|||50|]Pelipper||ShellBell|Drizzle|Hurricane,WeatherBall,Tailwind,Protect|Modest||F|||50|
|showteam|p2|Grimmsnarl||LightClay|Prankster|Reflect,LightScreen,SpiritBreak,PartingShot|Impish||M|||50|]Venusaur||Venusaurite|Chlorophyll|SludgeBomb,LeechSeed,EarthPower,Protect|Bold||M|||50|]Archaludon||Leftovers|Stamina|ElectroShot,FlashCannon,DragonPulse,Protect|Bold||M|||50|]Pelipper||SitrusBerry|Drizzle|Hurricane,Tailwind,WideGuard,WeatherBall|Calm||F|||50|]Charizard||CharizarditeY|Blaze|HeatWave,WeatherBall,SolarBeam,Protect|Modest||F|||50|]Basculegion||LifeOrb|Adaptability|WaveCrash,LastRespects,AquaJet,Protect|Adamant||M|||50|
|
|t:|1784028578
|teamsize|p1|4
|teamsize|p2|4
|start
|switch|p1a: Whimsicott|Whimsicott, L50, F|100/100
|switch|p1b: Charizard|Charizard, L50, M|100/100
|switch|p2a: Basculegion|Basculegion, L50, M|100/100
|switch|p2b: Grimmsnarl|Grimmsnarl, L50, M|100/100
|turn|1
|inactive|Battle timer is ON: inactive players will automatically lose when time's up. (requested by SimonStork)
|
|t:|1784028602
|detailschange|p1b: Charizard|Charizard-Mega-Y, L50, M
|-mega|p1b: Charizard|Charizard|Charizardite Y
|-weather|SunnyDay|[from] ability: Drought|[of] p1b: Charizard
|move|p2b: Grimmsnarl|Parting Shot|p1b: Charizard
|-unboost|p1b: Charizard|atk|1
|-unboost|p1b: Charizard|spa|1
|
|t:|1784028607
|switch|p2b: Pelipper|Pelipper, L50, F|100/100|[from] Parting Shot
|-weather|RainDance|[from] ability: Drizzle|[of] p2b: Pelipper
|move|p1b: Charizard|Heat Wave|p2a: Basculegion|[spread] p2a,p2b
|-resisted|p2a: Basculegion|1
|-resisted|p2b: Pelipper|1
|-damage|p2a: Basculegion|92/100
|-damage|p2b: Pelipper|92/100
|move|p1a: Whimsicott|Moonblast|p2a: Basculegion
|-damage|p2a: Basculegion|50/100y
|move|p2a: Basculegion|Wave Crash|p1b: Charizard
|-supereffective|p1b: Charizard|1
|-damage|p1b: Charizard|0 fnt
|faint|p1b: Charizard
|-damage|p2a: Basculegion|24/100|[from] Recoil
|-damage|p2a: Basculegion|14/100|[from] item: Life Orb
|
|-weather|RainDance|[upkeep]
|upkeep
|
|t:|1784028626
|switch|p1b: Archaludon|Archaludon, L50, F|100/100
|turn|2
|inactive|LynxVGC has 30 seconds left.
|
|t:|1784028655
|switch|p2b: Grimmsnarl|Grimmsnarl, L50, M|100/100
|move|p2a: Basculegion|Protect|p2a: Basculegion
|-singleturn|p2a: Basculegion|Protect
|move|p1a: Whimsicott|Moonblast|p2a: Basculegion
|-activate|p2a: Basculegion|move: Protect
|move|p1b: Archaludon|Electro Shot||[still]
|-prepare|p1b: Archaludon|Electro Shot
|-boost|p1b: Archaludon|spa|1
|-anim|p1b: Archaludon|Electro Shot|p2b: Grimmsnarl
|-damage|p2b: Grimmsnarl|45/100
|
|-weather|RainDance|[upkeep]
|upkeep
|turn|3
|
|t:|1784028680
|switch|p2a: Pelipper|Pelipper, L50, F|92/100
|move|p2b: Grimmsnarl|Light Screen|p2b: Grimmsnarl
|-sidestart|p2: LynxVGC|move: Light Screen
|move|p1a: Whimsicott|Moonblast|p2a: Pelipper
|-damage|p2a: Pelipper|68/100
|move|p1b: Archaludon|Electro Shot||[still]
|-prepare|p1b: Archaludon|Electro Shot
|-boost|p1b: Archaludon|spa|1
|-anim|p1b: Archaludon|Electro Shot|p2b: Grimmsnarl
|-damage|p2b: Grimmsnarl|0 fnt
|faint|p2b: Grimmsnarl
|
|-weather|RainDance|[upkeep]
|upkeep
|
|t:|1784028691
|switch|p2b: Charizard|Charizard, L50, F|100/100
|turn|4
|inactive|LynxVGC has 30 seconds left.
|
|t:|1784028724
|detailschange|p2b: Charizard|Charizard-Mega-Y, L50, F
|-mega|p2b: Charizard|Charizard|Charizardite Y
|-weather|SunnyDay|[from] ability: Drought|[of] p2b: Charizard
|move|p2b: Charizard|Weather Ball|p1b: Archaludon
|-damage|p1b: Archaludon|25/100
|-ability|p1b: Archaludon|Stamina|boost
|-boost|p1b: Archaludon|def|1
|move|p1a: Whimsicott|Moonblast|p2b: Charizard
|-resisted|p2b: Charizard|1
|-damage|p2b: Charizard|89/100
|move|p1b: Archaludon|Dragon Pulse|p2b: Charizard
|-damage|p2b: Charizard|48/100
|move|p2a: Pelipper|Weather Ball|p1b: Archaludon
|-damage|p1b: Archaludon|0 fnt
|faint|p1b: Archaludon
|
|-weather|SunnyDay|[upkeep]
|upkeep
|
|t:|1784028739
|switch|p1b: Basculegion|Basculegion, L50, M|100/100
|turn|5
|
|t:|1784028749
|switch|p2b: Basculegion|Basculegion, L50, M|14/100
|move|p1b: Basculegion|Wave Crash|p2b: Basculegion
|-resisted|p2b: Basculegion|1
|-damage|p2b: Basculegion|0 fnt
|faint|p2b: Basculegion
|-damage|p1b: Basculegion|94/100|[from] Recoil
|move|p1a: Whimsicott|Moonblast|p2a: Pelipper
|-crit|p2a: Pelipper
|-damage|p2a: Pelipper|11/100
|-enditem|p2a: Pelipper|Sitrus Berry|[eat]
|-heal|p2a: Pelipper|36/100|[from] item: Sitrus Berry
|move|p2a: Pelipper|Tailwind|p2a: Pelipper
|-sidestart|p2: LynxVGC|move: Tailwind
|
|-weather|SunnyDay|[upkeep]
|upkeep
|
|t:|1784028763
|switch|p2b: Charizard|Charizard-Mega-Y, L50, F|48/100
|turn|6
|
|t:|1784028776
|move|p1a: Whimsicott|Encore|p2a: Pelipper
|-start|p2a: Pelipper|Encore
|move|p2b: Charizard|Solar Beam||[still]
|-prepare|p2b: Charizard|Solar Beam
|-anim|p2b: Charizard|Solar Beam|p1b: Basculegion
|-supereffective|p1b: Basculegion|1
|-damage|p1b: Basculegion|0 fnt
|faint|p1b: Basculegion
|move|p2a: Pelipper|Tailwind||[still]
|-fail|p2a: Pelipper
|
|-weather|SunnyDay|[upkeep]
|upkeep
|turn|7
|
|t:|1784028788
|move|p2b: Charizard|Weather Ball|p1a: Whimsicott
|-supereffective|p1a: Whimsicott|1
|-enditem|p1a: Whimsicott|Focus Sash
|-damage|p1a: Whimsicott|1/100
|move|p2a: Pelipper|Tailwind||[still]
|-fail|p2a: Pelipper
|move|p1a: Whimsicott|Moonblast|p2b: Charizard
|-resisted|p2b: Charizard|1
|-damage|p2b: Charizard|36/100
|
|-weather|SunnyDay|[upkeep]
|upkeep
|turn|8
|-message|SimonStork forfeited.
|
|win|LynxVGC
|raw|SimonStork's rating: 1140 → 1116(-24 for losing)
|raw|LynxVGC's rating: 1160 → 1184(+24 for winning)
|l|☆SimonStork
|player|p1|
