|j|☆flannerystan
|j|☆king wowowood
|html|flannerystanking wowowood    
|uhtml|bestof|Game 2 of a best-of-3
|t:|1757825224
|gametype|doubles
|player|p1|flannerystan|skyla|1066
|player|p2|king wowowood|266|1213
|gen|9
|tier|[Gen 9] VGC 2025 Reg H (Bo3)
|rated|
|rule|Species Clause: Limit one of each Pokémon
|rule|Item Clause: Limit 1 of each item
|clearpoke
|poke|p1|Annihilape, L50, M|
|poke|p1|Maushold, L50|
|poke|p1|Gholdengo, L50|
|poke|p1|Whimsicott, L50, F|
|poke|p1|Weavile, L50, M|
|poke|p1|Salamence, L50, F|
|poke|p2|Clefable, L50, F|
|poke|p2|Rillaboom, L50, M|
|poke|p2|Talonflame, L50, F|
|poke|p2|Garchomp, L50, F|
|poke|p2|Gholdengo, L50|
|poke|p2|Annihilape, L50, F|
|teampreview|4
|showteam|p1|Annihilape||Leftovers|Defiant|RageFist,DrainPunch,BulkUp,Protect|||M|||50|,,,,,Fire]Maushold||SafetyGoggles|FriendGuard|BeatUp,SuperFang,FollowMe,Protect||||||50|,,,,,Ghost]Gholdengo||MetalCoat|GoodasGold|MakeItRain,ShadowBall,NastyPlot,Protect||||||50|,,,,,Steel]Whimsicott||FocusSash|Prankster|Tailwind,BeatUp,Moonblast,Endeavor|||F|||50|,,,,,Ghost]Weavile||WideLens|Pressure|TripleAxel,KnockOff,FakeOut,Taunt|||M|||50|,,,,,Poison]Salamence||LifeOrb|Intimidate|DracoMeteor,AirSlash,Tailwind,Protect|||F|||50|,,,,,Fairy
|showteam|p2|Clefable||SafetyGoggles|Unaware|Moonblast,FollowMe,LifeDew,Protect|||F|||50|,,,,,Steel]Rillaboom||AssaultVest|GrassySurge|FakeOut,GrassyGlide,WoodHammer,Uturn|||M|||50|,,,,,Fire]Talonflame||CovertCloak|GaleWings|BraveBird,Tailwind,WillOWisp,Taunt|||F|||50|,,,,,Ghost]Garchomp||LifeOrb|RoughSkin|StompingTantrum,RockSlide,DragonClaw,Protect|||F|||50|,,,,,Fire]Gholdengo||ChoiceSpecs|GoodasGold|MakeItRain,ShadowBall,Thunderbolt,Trick||||||50|,,,,,Steel]Annihilape||Leftovers|Defiant|DrainPunch,RageFist,BulkUp,Protect|||F|||50|,,,,,Water
|
|t:|1757825294
|teamsize|p1|4
|teamsize|p2|4
|start
|switch|p1a: Weavile|Weavile, L50, M|100/100
|switch|p1b: Annihilape|Annihilape, L50, M|100/100
|switch|p2a: Clefable|Clefable, L50, F|100/100
|switch|p2b: Garchomp|Garchomp, L50, F|100/100
|-ability|p1a: Weavile|Pressure
|turn|1
|
|t:|1757825314
|move|p2b: Garchomp|Protect|p2b: Garchomp
|-singleturn|p2b: Garchomp|Protect
|move|p1a: Weavile|Taunt|p2a: Clefable
|-start|p2a: Clefable|move: Taunt
|move|p1b: Annihilape|Bulk Up|p1b: Annihilape
|-boost|p1b: Annihilape|atk|1
|-boost|p1b: Annihilape|def|1
|move|p2a: Clefable|Moonblast|p1a: Weavile
|-supereffective|p1a: Weavile
|-damage|p1a: Weavile|10/100
|
|upkeep
|turn|2
|
|t:|1757825342
|-terastallize|p2b: Garchomp|Fire
|move|p1a: Weavile|Triple Axel|p2b: Garchomp
|-resisted|p2b: Garchomp
|-damage|p2b: Garchomp|96/100
|-damage|p1a: Weavile|0 fnt|[from] ability: Rough Skin|[of] p2b: Garchomp
|faint|p1a: Weavile
|-hitcount|p2b: Garchomp|1
|move|p2b: Garchomp|Rock Slide|p1b: Annihilape
|-resisted|p1b: Annihilape
|-damage|p1b: Annihilape|90/100
|-damage|p2b: Garchomp|86/100|[from] item: Life Orb
|cant|p1b: Annihilape|flinch
|move|p2a: Clefable|Moonblast|p1b: Annihilape
|-supereffective|p1b: Annihilape
|-damage|p1b: Annihilape|41/100
|
|-heal|p1b: Annihilape|47/100|[from] item: Leftovers
|upkeep
|
|t:|1757825359
|switch|p1a: Salamence|Salamence, L50, F|100/100
|-ability|p1a: Salamence|Intimidate|boost
|-unboost|p2a: Clefable|atk|1
|-unboost|p2b: Garchomp|atk|1
|turn|3
|
|t:|1757825377
|move|p2b: Garchomp|Dragon Claw|p1a: Salamence
|-supereffective|p1a: Salamence
|-damage|p1a: Salamence|19/100
|-damage|p2b: Garchomp|76/100|[from] item: Life Orb
|move|p1a: Salamence|Tailwind|p1a: Salamence
|-sidestart|p1: flannerystan|move: Tailwind
|move|p1b: Annihilape|Rage Fist|p2a: Clefable
|-damage|p2a: Clefable|48/100
|move|p2a: Clefable|Moonblast|p1a: Salamence
|-supereffective|p1a: Salamence
|-damage|p1a: Salamence|0 fnt
|faint|p1a: Salamence
|
|-heal|p1b: Annihilape|53/100|[from] item: Leftovers
|-end|p2a: Clefable|move: Taunt
|upkeep
|
|t:|1757825389
|switch|p1a: Whimsicott|Whimsicott, L50, F|100/100
|turn|4
|
|t:|1757825420
|move|p2a: Clefable|Follow Me|p2a: Clefable
|-singleturn|p2a: Clefable|move: Follow Me
|move|p1a: Whimsicott|Beat Up|p2a: Clefable
|-resisted|p2a: Clefable
|-crit|p2a: Clefable
|-damage|p2a: Clefable|47/100
|-resisted|p2a: Clefable
|-damage|p2a: Clefable|46/100
|-hitcount|p2a: Clefable|2
|move|p1b: Annihilape|Rage Fist|p2a: Clefable
|-damage|p2a: Clefable|0 fnt
|faint|p2a: Clefable
|move|p2b: Garchomp|Rock Slide|p1a: Whimsicott|[spread] p1a,p1b
|-resisted|p1b: Annihilape
|-damage|p1a: Whimsicott|81/100
|-damage|p1b: Annihilape|48/100
|-damage|p2b: Garchomp|67/100|[from] item: Life Orb
|
|-heal|p1b: Annihilape|54/100|[from] item: Leftovers
|upkeep
|
|t:|1757825430
|switch|p2a: Talonflame|Talonflame, L50, F|100/100
|turn|5
|
|t:|1757825466
|-terastallize|p1a: Whimsicott|Ghost
|move|p2a: Talonflame|Brave Bird|p1a: Whimsicott
|-damage|p1a: Whimsicott|27/100
|-damage|p2a: Talonflame|81/100|[from] Recoil
|move|p1a: Whimsicott|Endeavor|p2a: Talonflame
|-damage|p2a: Talonflame|29/100
|move|p1b: Annihilape|Rage Fist|p2a: Talonflame
|-damage|p2a: Talonflame|0 fnt
|faint|p2a: Talonflame
|move|p2b: Garchomp|Dragon Claw|p1b: Annihilape
|-damage|p1b: Annihilape|34/100
|-damage|p2b: Garchomp|57/100|[from] item: Life Orb
|
|-heal|p1b: Annihilape|40/100|[from] item: Leftovers
|upkeep
|
|t:|1757825475
|switch|p2a: Gholdengo|Gholdengo, L50|100/100
|turn|6
|
|t:|1757825492
|move|p1a: Whimsicott|Endeavor|p2b: Garchomp
|-damage|p2b: Garchomp|23/100
|-damage|p1a: Whimsicott|15/100|[from] ability: Rough Skin|[of] p2b: Garchomp
|move|p1b: Annihilape|Rage Fist|p2a: Gholdengo
|-supereffective|p2a: Gholdengo
|-damage|p2a: Gholdengo|0 fnt
|faint|p2a: Gholdengo
|move|p2b: Garchomp|Dragon Claw|p1b: Annihilape
|-damage|p1b: Annihilape|17/100
|-damage|p2b: Garchomp|13/100|[from] item: Life Orb
|
|-heal|p1b: Annihilape|23/100|[from] item: Leftovers
|-sideend|p1: flannerystan|move: Tailwind
|upkeep
|turn|7
|
|t:|1757825504
|move|p1a: Whimsicott|Tailwind|p1a: Whimsicott
|-sidestart|p1: flannerystan|move: Tailwind
|move|p1b: Annihilape|Rage Fist|p2b: Garchomp
|-damage|p2b: Garchomp|0 fnt
|-damage|p1b: Annihilape|11/100|[from] ability: Rough Skin|[of] p2b: Garchomp
|faint|p2b: Garchomp
|
|win|flannerystan
|raw|flannerystan's rating: 1066 → 1108(+42 for winning)
|raw|king wowowood's rating: 1213 → 1178(-35 for losing)
|c|☆flannerystan|gg
|c|☆king wowowood|gg
|l|☆king wowowood
|player|p2|
