|j|☆mikemoon11
|j|☆Ritzbitz12
|html|mikemoon11Ritzbitz12    
|uhtml|bestof|Game 2 of a best-of-3
|t:|1757097804
|gametype|doubles
|player|p1|mikemoon11|169|1123
|player|p2|Ritzbitz12|palmer|1194
|gen|9
|tier|[Gen 9] VGC 2025 Reg H (Bo3)
|rated|
|rule|Species Clause: Limit one of each Pokémon
|rule|Item Clause: Limit 1 of each item
|clearpoke
|poke|p1|Indeedee-F, L50, F|
|poke|p1|Hatterene, L50, F|
|poke|p1|Gallade, L50, M|
|poke|p1|Ursaluna, L50, M|
|poke|p1|Lilligant-Hisui, L50, F|
|poke|p1|Torkoal, L50, M|
|poke|p2|Ninetales-Alola, L50, F|
|poke|p2|Gholdengo, L50|
|poke|p2|Garchomp, L50, M|
|poke|p2|Incineroar, L50, M|
|poke|p2|Sneasler, L50, F|
|poke|p2|Dragonite, L50, F|
|teampreview|4
|showteam|p1|Indeedee-F||PsychicSeed|PsychicSurge|TrickRoom,FollowMe,HelpingHand,DazzlingGleam|||F|||50|,,,,,Fire]Hatterene||LifeOrb|MagicBounce|ExpandingForce,TrickRoom,DazzlingGleam,Protect|||F|||50|,,,,,Psychic]Gallade||ClearAmulet|Sharpness|PsychoCut,TrickRoom,SacredSword,WideGuard|||M|||50|,,,,,Grass]Ursaluna||FlameOrb|Guts|HeadlongRush,Facade,SwordsDance,Protect|||M|||50|,,,,,Ghost]Lilligant-Hisui||FocusSash|Chlorophyll|SolarBlade,SleepPowder,CloseCombat,AfterYou|||F|||50|,,,,,Ghost]Torkoal||ChoiceSpecs|Drought|Eruption,HeatWave,WeatherBall,EarthPower|||M|||50|,,,,,Fire
|showteam|p2|Ninetales-Alola||LightClay|SnowWarning|AuroraVeil,Blizzard,FreezeDry,Protect|||F|||50|,,,,,Ghost]Gholdengo||LifeOrb|GoodasGold|MakeItRain,ShadowBall,NastyPlot,Protect||||||50|,,,,,Water]Garchomp||ClearAmulet|RoughSkin|Earthquake,StompingTantrum,DragonClaw,Protect|||M|||50|,,,,,Ground]Incineroar||AssaultVest|Intimidate|FakeOut,KnockOff,FlareBlitz,Uturn|||M|||50|,,,,,Grass]Sneasler||WhiteHerb|Unburden|Coaching,CloseCombat,DireClaw,Protect|||F|||50|,,,,,Ghost]Dragonite||LoadedDice|Multiscale|ScaleShot,Haze,Tailwind,Protect|||F|||50|,,,,,Fairy
|
|t:|1757097852
|teamsize|p1|4
|teamsize|p2|4
|start
|switch|p1a: JFK|Lilligant-Hisui, L50, F, shiny|100/100
|switch|p1b: Martin Van Buren|Indeedee-F, L50, F, shiny|100/100
|switch|p2a: Incineroar|Incineroar, L50, M|100/100
|switch|p2b: Gholdengo|Gholdengo, L50|100/100
|-ability|p2a: Incineroar|Intimidate|boost
|-unboost|p1a: JFK|atk|1
|-unboost|p1b: Martin Van Buren|atk|1
|-fieldstart|move: Psychic Terrain|[from] ability: Psychic Surge|[of] p1b: Martin Van Buren
|-enditem|p1b: Martin Van Buren|Psychic Seed
|-boost|p1b: Martin Van Buren|spd|1|[from] item: Psychic Seed
|turn|1
|
|t:|1757097916
|move|p1a: JFK|After You|p1b: Martin Van Buren
|-activate|p1b: Martin Van Buren|move: After You
|move|p1b: Martin Van Buren|Trick Room|p1b: Martin Van Buren
|-fieldstart|move: Trick Room|[of] p1b: Martin Van Buren
|move|p2a: Incineroar|Knock Off|p1b: Martin Van Buren
|-supereffective|p1b: Martin Van Buren
|-damage|p1b: Martin Van Buren|52/100
|move|p2b: Gholdengo|Nasty Plot|p2b: Gholdengo
|-boost|p2b: Gholdengo|spa|2
|
|upkeep
|turn|2
|
|t:|1757097951
|move|p1b: Martin Van Buren|Dazzling Gleam|p2b: Gholdengo|[spread] p2a,p2b
|-resisted|p2b: Gholdengo
|-damage|p2a: Incineroar|93/100
|-damage|p2b: Gholdengo|94/100
|move|p2a: Incineroar|Flare Blitz|p1a: JFK
|-supereffective|p1a: JFK
|-enditem|p1a: JFK|Focus Sash
|-damage|p1a: JFK|1/100
|-damage|p2a: Incineroar|69/100|[from] Recoil
|move|p2b: Gholdengo|Make It Rain|p1b: Martin Van Buren|[spread] p1a,p1b
|-damage|p1a: JFK|0 fnt
|-damage|p1b: Martin Van Buren|0 fnt
|-unboost|p2b: Gholdengo|spa|1
|faint|p1a: JFK
|faint|p1b: Martin Van Buren
|-damage|p2b: Gholdengo|84/100|[from] item: Life Orb
|
|upkeep
|
|t:|1757097954
|switch|p1b: Andrew Jackson|Gallade, L50, M, shiny|100/100
|switch|p1a: L.B.J|Torkoal, L50, M, shiny|100/100
|-weather|SunnyDay|[from] ability: Drought|[of] p1a: L.B.J
|turn|3
|
|t:|1757097985
|-terastallize|p1a: L.B.J|Fire
|move|p2b: Gholdengo|Protect|p2b: Gholdengo
|-singleturn|p2b: Gholdengo|Protect
|move|p1a: L.B.J|Eruption|p2a: Incineroar|[spread] p2a
|-activate|p2b: Gholdengo|move: Protect
|-resisted|p2a: Incineroar
|-damage|p2a: Incineroar|27/100
|move|p2a: Incineroar|Knock Off|p1a: L.B.J
|-damage|p1a: L.B.J|70/100
|-enditem|p1a: L.B.J|Choice Specs|[from] move: Knock Off|[of] p2a: Incineroar
|move|p1b: Andrew Jackson|Sacred Sword|p2a: Incineroar
|-supereffective|p2a: Incineroar
|-damage|p2a: Incineroar|0 fnt
|faint|p2a: Incineroar
|
|-weather|SunnyDay|[upkeep]
|upkeep
|
|t:|1757098000
|switch|p2a: Ninetales|Ninetales-Alola, L50, F|100/100
|-weather|Snowscape|[from] ability: Snow Warning|[of] p2a: Ninetales
|turn|4
|
|t:|1757098041
|-terastallize|p2b: Gholdengo|Water
|move|p2a: Ninetales|Protect|p2a: Ninetales
|-singleturn|p2a: Ninetales|Protect
|move|p1b: Andrew Jackson|Wide Guard|p1b: Andrew Jackson
|-singleturn|p1b: Andrew Jackson|Wide Guard
|move|p1a: L.B.J|Eruption|p2b: Gholdengo|[spread] p2b
|-activate|p2a: Ninetales|move: Protect
|-resisted|p2b: Gholdengo
|-damage|p2b: Gholdengo|59/100
|move|p2b: Gholdengo|Make It Rain|p1a: L.B.J|[spread] 
|-activate|p1a: L.B.J|move: Wide Guard
|-activate|p1b: Andrew Jackson|move: Wide Guard
|
|-weather|Snowscape|[upkeep]
|upkeep
|turn|5
|
|t:|1757098099
|move|p1a: L.B.J|Eruption|p2a: Ninetales|[spread] p2a,p2b
|-supereffective|p2a: Ninetales
|-resisted|p2b: Gholdengo
|-damage|p2a: Ninetales|6/100
|-damage|p2b: Gholdengo|34/100
|move|p1b: Andrew Jackson|Psycho Cut|p2b: Gholdengo
|-damage|p2b: Gholdengo|0 fnt
|faint|p2b: Gholdengo
|move|p2a: Ninetales|Aurora Veil|p2a: Ninetales
|-sidestart|p2: Ritzbitz12|move: Aurora Veil
|
|-weather|Snowscape|[upkeep]
|-fieldend|move: Trick Room
|-fieldend|move: Psychic Terrain
|upkeep
|
|t:|1757098109
|switch|p2b: Sneasler|Sneasler, L50, F|100/100
|turn|6
|
|t:|1757098133
|move|p2a: Ninetales|Blizzard|p1b: Andrew Jackson|[spread] p1a,p1b
|-resisted|p1a: L.B.J
|-damage|p1a: L.B.J|53/100
|-damage|p1b: Andrew Jackson|79/100
|move|p2b: Sneasler|Dire Claw|p1b: Andrew Jackson
|-damage|p1b: Andrew Jackson|13/100
|-status|p1b: Andrew Jackson|psn
|move|p1b: Andrew Jackson|Psycho Cut|p2b: Sneasler
|-supereffective|p2b: Sneasler
|-damage|p2b: Sneasler|0 fnt
|faint|p2b: Sneasler
|move|p1a: L.B.J|Heat Wave|p2a: Ninetales
|-supereffective|p2a: Ninetales
|-damage|p2a: Ninetales|0 fnt
|faint|p2a: Ninetales
|
|win|mikemoon11
|inactive|mikemoon11 has 30 seconds to confirm battle start!
|inactive|Ritzbitz12 has 30 seconds to confirm battle start!
||mikemoon11 is ready for game 3.
|inactive|Ritzbitz12 has 20 seconds to confirm battle start!
|inactive|Ritzbitz12 has 10 seconds to confirm battle start!
||Ritzbitz12 is ready for game 3.
|uhtml|next|Next: Game 3 of 3
