|j|☆WashYoButt
|j|‽Just saw amovie
|html|WashYoButtJust saw amovie    
|uhtml|bestof|Game 1 of a best-of-3
|t:|1757650689
|gametype|doubles
|player|p1|WashYoButt|ariana|1162
|player|p2|Just saw amovie|170|1090
|gen|9
|tier|[Gen 9] VGC 2025 Reg H (Bo3)
|rated|
|rule|Species Clause: Limit one of each Pokémon
|rule|Item Clause: Limit 1 of each item
|clearpoke
|poke|p1|Gholdengo, L50|
|poke|p1|Basculegion, L50, M|
|poke|p1|Amoonguss, L50, M|
|poke|p1|Kommo-o, L50, F|
|poke|p1|Ninetales-Alola, L50, M|
|poke|p1|Incineroar, L50, F|
|poke|p2|Ursaluna, L50, M|
|poke|p2|Gholdengo, L50|
|poke|p2|Porygon2, L50|
|poke|p2|Talonflame, L50, F|
|poke|p2|Indeedee, L50, M|
|poke|p2|Sneasler, L50, F|
|teampreview|4
|showteam|p1|Gholdengo||LifeOrb|GoodasGold|Protect,NastyPlot,ShadowBall,MakeItRain||||||50|,,,,,Water]Basculegion||ChoiceScarf|Adaptability|WaveCrash,LastRespects,AquaJet,FlipTurn|||M|||50|,,,,,Grass]Amoonguss||RockyHelmet|Regenerator|Spore,PollenPuff,RagePowder,ClearSmog|||M|||50|,,,,,Water]Kommo-o||Leftovers|Bulletproof|IronDefense,BodyPress,Flamethrower,Protect|||F|||50|,,,,,Fire]Ninetales-Alola||FocusSash|SnowWarning|Protect,Moonblast,Blizzard,Encore|||M|||50|,,,,,Ghost]Incineroar||SafetyGoggles|Intimidate|KnockOff,FlareBlitz,FakeOut,PartingShot|||F|||50|,,,,,Ghost
|showteam|p2|Ursaluna||FlameOrb|Guts|HeadlongRush,Facade,Earthquake,Protect|||M|||50|,,,,,Ghost]Gholdengo||MetalCoat|GoodasGold|MakeItRain,FlashCannon,PowerGem,Protect||||||50|,,,,,Water]Porygon2||Eviolite|Download|TeraBlast,IceBeam,TrickRoom,Recover||||||50|,,,,,Ghost]Talonflame||CovertCloak|GaleWings|Tailwind,BraveBird,Taunt,Uturn|||F|||50|,,,,,Flying]Indeedee||FocusSash|PsychicSurge|ExpandingForce,TrickRoom,Protect,Imprison|||M|||50|,,,,,Psychic]Sneasler||PsychicSeed|Unburden|DireClaw,CloseCombat,ThroatChop,Protect|||F|||50|,,,,,Dark
|inactive|Battle timer is ON: inactive players will automatically lose when time's up. (requested by Just saw amovie)
|c|☆WashYoButt|what movie
|inactive|WashYoButt has 60 seconds left.
|inactive|Just saw amovie has 60 seconds left.
|
|t:|1757650730
|teamsize|p1|4
|teamsize|p2|4
|start
|switch|p1a: Ninetales|Ninetales-Alola, L50, M|100/100
|switch|p1b: Basculegion|Basculegion, L50, M|100/100
|switch|p2a: Talonflame|Talonflame, L50, F|100/100
|switch|p2b: Gholdengo|Gholdengo, L50|100/100
|-weather|Snowscape|[from] ability: Snow Warning|[of] p1a: Ninetales
|turn|1
|
|t:|1757650753
|move|p1a: Ninetales|Protect|p1a: Ninetales
|-singleturn|p1a: Ninetales|Protect
|move|p2a: Talonflame|Brave Bird|p1b: Basculegion
|-damage|p1b: Basculegion|45/100
|-damage|p2a: Talonflame|78/100|[from] Recoil
|move|p1b: Basculegion|Flip Turn|p2a: Talonflame
|-supereffective|p2a: Talonflame
|-damage|p2a: Talonflame|0 fnt
|faint|p2a: Talonflame
|
|t:|1757650770
|switch|p1b: Incineroar|Incineroar, L50, F|100/100|[from] Flip Turn
|-ability|p1b: Incineroar|Intimidate|boost
|-unboost|p2b: Gholdengo|atk|1
|move|p2b: Gholdengo|Make It Rain|p1a: Ninetales|[spread] p1b
|-activate|p1a: Ninetales|move: Protect
|-resisted|p1b: Incineroar
|-damage|p1b: Incineroar|77/100
|-unboost|p2b: Gholdengo|spa|1
|
|-weather|Snowscape|[upkeep]
|upkeep
|
|t:|1757650794
|switch|p2a: Sneasler|Sneasler, L50, F|100/100
|turn|2
|inactive|WashYoButt has 30 seconds left.
|
|t:|1757650819
|switch|p2b: Indeedee|Indeedee, L50, M, shiny|100/100
|-fieldstart|move: Psychic Terrain|[from] ability: Psychic Surge|[of] p2b: Indeedee
|-enditem|p2a: Sneasler|Psychic Seed
|-boost|p2a: Sneasler|spd|1|[from] item: Psychic Seed
|-terastallize|p1a: Ninetales|Ghost
|move|p1b: Incineroar|Fake Out|p2a: Sneasler
|-activate|p2a: Sneasler|move: Psychic Terrain
|move|p2a: Sneasler|Dire Claw|p1a: Ninetales
|-resisted|p1a: Ninetales
|-damage|p1a: Ninetales|68/100
|-status|p1a: Ninetales|par
|move|p1a: Ninetales|Blizzard|p2a: Sneasler|[spread] p2a,p2b
|-damage|p2a: Sneasler|74/100
|-damage|p2b: Indeedee|63/100
|
|-weather|Snowscape|[upkeep]
|upkeep
|turn|3
|inactive|Just saw amovie has 30 seconds left.
|inactive|Just saw amovie has 20 seconds left.
|inactive|Just saw amovie has 15 seconds left.
|inactive|Just saw amovie has 10 seconds left.
|
|t:|1757650867
|move|p2b: Indeedee|Protect|p2b: Indeedee
|-singleturn|p2b: Indeedee|Protect
|move|p2a: Sneasler|Dire Claw|p1b: Incineroar
|-damage|p1b: Incineroar|39/100
|cant|p1a: Ninetales|par
|move|p1b: Incineroar|Knock Off|p2b: Indeedee
|-activate|p2b: Indeedee|move: Protect
|
|-weather|Snowscape|[upkeep]
|upkeep
|turn|4
|
|t:|1757650888
|move|p2a: Sneasler|Dire Claw|p1b: Incineroar
|-damage|p1b: Incineroar|2/100
|-status|p1b: Incineroar|psn
|move|p2b: Indeedee|Expanding Force|p1b: Incineroar|[spread] p1a
|-immune|p1b: Incineroar
|-damage|p1a: Ninetales|13/100 par
|cant|p1a: Ninetales|par
|move|p1b: Incineroar|Knock Off|p2b: Indeedee
|-supereffective|p2b: Indeedee
|-damage|p2b: Indeedee|0 fnt
|-enditem|p2b: Indeedee|Focus Sash|[from] move: Knock Off|[of] p1b: Incineroar
|faint|p2b: Indeedee
|
|-weather|Snowscape|[upkeep]
|-damage|p1b: Incineroar|0 fnt|[from] psn
|faint|p1b: Incineroar
|upkeep
|
|t:|1757650909
|switch|p2b: Gholdengo|Gholdengo, L50|100/100
|switch|p1b: Basculegion|Basculegion, L50, M|45/100
|turn|5
|
|t:|1757650921
|-terastallize|p2b: Gholdengo|Water
|move|p2a: Sneasler|Dire Claw|p1b: Basculegion
|-resisted|p1b: Basculegion
|-damage|p1b: Basculegion|13/100
|-status|p1b: Basculegion|psn
|move|p1b: Basculegion|Flip Turn|p2a: Sneasler
|-damage|p2a: Sneasler|13/100
|
|t:|1757650929
|switch|p1b: Kommo-o|Kommo-o, L50, F|100/100|[from] Flip Turn
|move|p2b: Gholdengo|Make It Rain|p1b: Kommo-o|[spread] p1a,p1b
|-damage|p1a: Ninetales|0 fnt
|-damage|p1b: Kommo-o|47/100
|-unboost|p2b: Gholdengo|spa|1
|faint|p1a: Ninetales
|
|-weather|none
|-heal|p1b: Kommo-o|53/100|[from] item: Leftovers
|upkeep
|
|t:|1757650935
|switch|p1a: Basculegion|Basculegion, L50, M|13/100 psn
|turn|6
|inactive|Just saw amovie has 30 seconds left.
|inactive|Just saw amovie has 20 seconds left.
|inactive|Just saw amovie has 15 seconds left.
|
|t:|1757650975
|move|p2a: Sneasler|Close Combat|p1b: Kommo-o
|-crit|p1b: Kommo-o
|-damage|p1b: Kommo-o|0 fnt
|-unboost|p2a: Sneasler|def|1
|-unboost|p2a: Sneasler|spd|1
|faint|p1b: Kommo-o
|move|p1a: Basculegion|Last Respects|p2b: Gholdengo
|-damage|p2b: Gholdengo|0 fnt
|faint|p2b: Gholdengo
|
|-damage|p1a: Basculegion|1/100 psn|[from] psn
|-fieldend|move: Psychic Terrain
|upkeep
|turn|7
|
|t:|1757650985
|move|p2a: Sneasler|Protect|p2a: Sneasler
|-singleturn|p2a: Sneasler|Protect
|move|p1a: Basculegion|Last Respects|p2a: Sneasler
|-activate|p2a: Sneasler|move: Protect
|
|-damage|p1a: Basculegion|0 fnt|[from] psn
|faint|p1a: Basculegion
|
|win|Just saw amovie
|l|‽Just saw amovie
|player|p2|
||WashYoButt is ready for game 2.
||Just saw amovie is ready for game 2.
|uhtml|next|Next: Game 2 of 3
|l|☆WashYoButt
|player|p1|
