|j|☆BaimeJoytWeeGeeCee
|j|☆jaycus
|html|BaimeJoytWeeGeeCeejaycus    
|uhtml|bestof|Game 1 of a best-of-3
|t:|1756749999
|gametype|doubles
|player|p1|BaimeJoytWeeGeeCee|turo-ai|1102
|player|p2|jaycus|guitarist-gen4|1000
|gen|9
|tier|[Gen 9] VGC 2025 Reg H (Bo3)
|rated|
|rule|Species Clause: Limit one of each Pokémon
|rule|Item Clause: Limit 1 of each item
|clearpoke
|poke|p1|Maushold-Four, L50|
|poke|p1|Annihilape, L50, M|
|poke|p1|Politoed, L50, M|
|poke|p1|Archaludon, L50, F|
|poke|p1|Overqwil, L50, F|
|poke|p1|Salamence, L50, M|
|poke|p2|Archaludon, L50, M|
|poke|p2|Politoed, L50, M|
|poke|p2|Gothorita, L50, M|
|poke|p2|Pelipper, L50, F|
|poke|p2|Amoonguss, L50, M|
|poke|p2|Basculegion, L50, M|
|teampreview|4
|showteam|p1|Maushold-Four||SafetyGoggles|FriendGuard|FollowMe,Protect,Taunt,BeatUp||||||50|,,,,,Ghost]Annihilape||Leftovers|Defiant|RageFist,DrainPunch,BulkUp,Protect|||M|||50|,,,,,Fire]Politoed||ChoiceSpecs|Drizzle|WeatherBall,MuddyWater,IceBeam,Haze|||M|||50|,,,,,Grass]Archaludon||AssaultVest|Stamina|DragonPulse,ElectroShot,BodyPress,FlashCannon|||F|||50|,,,,,Grass]Overqwil||CovertCloak|SwiftSwim|AcidSpray,GunkShot,ThroatChop,RainDance|||F|||50|,,,,,Water]Salamence||LifeOrb|Intimidate|DracoMeteor,AirSlash,Tailwind,Protect|||M|||50|,,,,,Steel
|showteam|p2|Archaludon||Leftovers|Stamina|ElectroShot,BodyPress,FlashCannon,Protect|||M|||50|,,,,,Fighting]Politoed||SitrusBerry|Drizzle|PerishSong,IcyWind,Encore,Protect|||M|||50|,,,,,Grass]Gothorita||Eviolite|ShadowTag|FakeOut,Protect,Taunt,HelpingHand|||M|||50|,,,,,Dark]Pelipper||SafetyGoggles|Drizzle|Tailwind,WeatherBall,Hurricane,Protect|||F|||50|,,,,,Steel]Amoonguss||RockyHelmet|Regenerator|Spore,SludgeBomb,RagePowder,Protect|||M|||50|,,,,,Water]Basculegion||ChoiceBand|SwiftSwim|LastRespects,Liquidation,WaveCrash,IceFang|||M|||50|,,,,,Ghost
|inactive|Battle timer is ON: inactive players will automatically lose when time's up. (requested by BaimeJoytWeeGeeCee)
|inactive|BaimeJoytWeeGeeCee has 60 seconds left.
|inactive|jaycus has 60 seconds left.
|
|t:|1756750049
|teamsize|p1|4
|teamsize|p2|4
|start
|switch|p1a: Overqwil|Overqwil, L50, F|100/100
|switch|p1b: Politoed|Politoed, L50, M|100/100
|switch|p2a: Archaludon|Archaludon, L50, M|100/100
|switch|p2b: Amoonguss|Amoonguss, L50, M|100/100
|-weather|RainDance|[from] ability: Drizzle|[of] p1b: Politoed
|turn|1
|inactive|jaycus has 30 seconds left.
|inactive|BaimeJoytWeeGeeCee has 30 seconds left.
|
|t:|1756750083
|-terastallize|p1b: Politoed|Grass
|move|p1a: Overqwil|Gunk Shot|p2b: Amoonguss
|-damage|p2b: Amoonguss|50/100
|move|p2a: Archaludon|Electro Shot||[still]
|-prepare|p2a: Archaludon|Electro Shot
|-boost|p2a: Archaludon|spa|1
|-anim|p2a: Archaludon|Electro Shot|p1b: Politoed
|-resisted|p1b: Politoed
|-damage|p1b: Politoed|65/100
|move|p1b: Politoed|Ice Beam|p2b: Amoonguss
|-supereffective|p2b: Amoonguss
|-damage|p2b: Amoonguss|0 fnt
|faint|p2b: Amoonguss
|
|-weather|RainDance|[upkeep]
|upkeep
|
|t:|1756750106
|switch|p2b: Pelipper|Pelipper, L50, F|100/100
|turn|2
|
|t:|1756750130
|-terastallize|p2b: Pelipper|Steel
|move|p2a: Archaludon|Protect|p2a: Archaludon
|-singleturn|p2a: Archaludon|Protect
|move|p1a: Overqwil|Throat Chop|p2b: Pelipper
|-damage|p2b: Pelipper|65/100
|-start|p2b: Pelipper|Throat Chop|[silent]
|move|p1b: Politoed|Ice Beam|p2b: Pelipper
|-resisted|p2b: Pelipper
|-damage|p2b: Pelipper|43/100
|move|p2b: Pelipper|Hurricane|p1b: Politoed
|-supereffective|p1b: Politoed
|-damage|p1b: Politoed|0 fnt
|faint|p1b: Politoed
|
|-weather|RainDance|[upkeep]
|upkeep
|
|t:|1756750151
|switch|p1b: Salamence|Salamence, L50, M|100/100
|-ability|p1b: Salamence|Intimidate|boost
|-unboost|p2a: Archaludon|atk|1
|-unboost|p2b: Pelipper|atk|1
|turn|3
|
|t:|1756750165
|move|p2b: Pelipper|Protect|p2b: Pelipper
|-singleturn|p2b: Pelipper|Protect
|move|p1a: Overqwil|Throat Chop|p2a: Archaludon
|-damage|p2a: Archaludon|73/100
|-start|p2a: Archaludon|Throat Chop|[silent]
|-ability|p2a: Archaludon|Stamina|boost
|-boost|p2a: Archaludon|def|1
|move|p1b: Salamence|Draco Meteor|p2a: Archaludon|[miss]
|-miss|p1b: Salamence|p2a: Archaludon
|move|p2a: Archaludon|Electro Shot||[still]
|-prepare|p2a: Archaludon|Electro Shot
|-boost|p2a: Archaludon|spa|1
|-anim|p2a: Archaludon|Electro Shot|p1b: Salamence
|-damage|p1b: Salamence|0 fnt
|faint|p1b: Salamence
|
|-weather|RainDance|[upkeep]
|-heal|p2a: Archaludon|79/100|[from] item: Leftovers
|-end|p2b: Pelipper|Throat Chop|[silent]
|upkeep
|
|t:|1756750178
|switch|p1b: Archaludon|Archaludon, L50, F|100/100
|turn|4
|
|t:|1756750201
|move|p2a: Archaludon|Protect|p2a: Archaludon
|-singleturn|p2a: Archaludon|Protect
|move|p1a: Overqwil|Throat Chop|p2b: Pelipper
|-damage|p2b: Pelipper|5/100
|-start|p2b: Pelipper|Throat Chop|[silent]
|move|p1b: Archaludon|Electro Shot||[still]
|-prepare|p1b: Archaludon|Electro Shot
|-boost|p1b: Archaludon|spa|1
|-anim|p1b: Archaludon|Electro Shot|p2b: Pelipper
|-damage|p2b: Pelipper|0 fnt
|faint|p2b: Pelipper
|
|-weather|RainDance|[upkeep]
|-heal|p2a: Archaludon|85/100|[from] item: Leftovers
|-end|p2a: Archaludon|Throat Chop|[silent]
|upkeep
|
|t:|1756750215
|switch|p2b: Basculegion|Basculegion, L50, M|100/100
|turn|5
|inactive|jaycus has 30 seconds left.
|inactive|jaycus has 20 seconds left.
|
|t:|1756750255
|move|p1a: Overqwil|Throat Chop|p2b: Basculegion
|-supereffective|p2b: Basculegion
|-damage|p2b: Basculegion|0 fnt
|faint|p2b: Basculegion
|move|p1b: Archaludon|Electro Shot||[still]
|-prepare|p1b: Archaludon|Electro Shot
|-boost|p1b: Archaludon|spa|1
|-anim|p1b: Archaludon|Electro Shot|p2a: Archaludon
|-resisted|p2a: Archaludon
|-damage|p2a: Archaludon|32/100
|-ability|p2a: Archaludon|Stamina|boost
|-boost|p2a: Archaludon|def|1
|move|p2a: Archaludon|Flash Cannon|p1a: Overqwil
|-damage|p1a: Overqwil|0 fnt
|faint|p1a: Overqwil
|
|-weather|none
|-heal|p2a: Archaludon|38/100|[from] item: Leftovers
|upkeep
|turn|6
|
|t:|1756750273
|move|p2a: Archaludon|Protect|p2a: Archaludon
|-singleturn|p2a: Archaludon|Protect
|move|p1b: Archaludon|Dragon Pulse|p2a: Archaludon
|-activate|p2a: Archaludon|move: Protect
|
|-heal|p2a: Archaludon|44/100|[from] item: Leftovers
|upkeep
|turn|7
|
|t:|1756750282
|move|p1b: Archaludon|Dragon Pulse|p2a: Archaludon
|-damage|p2a: Archaludon|0 fnt
|faint|p2a: Archaludon
|
|win|BaimeJoytWeeGeeCee
||BaimeJoytWeeGeeCee is ready for game 2.
|l|☆jaycus
|player|p2|
|inactive|jaycus has 30 seconds to confirm battle start!
||jaycus is ready for game 2.
|uhtml|next|Next: Game 2 of 3
