|j|☆ShadowJeffX
|j|‽Rfriedrich16
|html|ShadowJeffXRfriedrich16    
|uhtml|bestof|Game 2 of a best-of-3
|t:|1757736241
|gametype|doubles
|player|p1|ShadowJeffX|ethan|1159
|player|p2|Rfriedrich16|unknownf|1091
|gen|9
|tier|[Gen 9] VGC 2025 Reg H (Bo3)
|rated|
|rule|Species Clause: Limit one of each Pokémon
|rule|Item Clause: Limit 1 of each item
|clearpoke
|poke|p1|Jumpluff, L50, F|
|poke|p1|Charizard, L50, F|
|poke|p1|Torkoal, L50, M|
|poke|p1|Ursaluna, L50, F|
|poke|p1|Incineroar, L50, F|
|poke|p1|Porygon2, L50|
|poke|p2|Garchomp, L50, M|
|poke|p2|Primarina, L50, F|
|poke|p2|Amoonguss, L50, F|
|poke|p2|Typhlosion-Hisui, L50, F|
|poke|p2|Whimsicott, L50, F|
|poke|p2|Incineroar, L50, M|
|teampreview|4
|showteam|p1|Jumpluff||CovertCloak|Chlorophyll|SleepPowder,Tailwind,SunnyDay,RagePowder|||F|||50|,,,,,Water]Charizard||ChoiceSpecs|SolarPower|HeatWave,Overheat,WeatherBall,AirSlash|||F|||50|,,,,,Ghost]Torkoal||EjectPack|Drought|Eruption,Overheat,HelpingHand,Protect|||M|||50|,,,,,Fire]Ursaluna||FlameOrb|Guts|Earthquake,Facade,HeadlongRush,Protect|||F|||50|,,,,,Ghost]Incineroar||SitrusBerry|Intimidate|FlareBlitz,KnockOff,FakeOut,PartingShot|||F|||50|,,,,,Grass]Porygon2||Eviolite|Download|TeraBlast,IceBeam,Recover,TrickRoom||||||50|,,,,,Fighting
|showteam|p2|Garchomp||LifeOrb|RoughSkin|StompingTantrum,Earthquake,Protect,DragonClaw|||M|||50|,,,,,Ground]Primarina||ThroatSpray|LiquidVoice|HyperVoice,Moonblast,Protect,Haze|||F|||50|,,,,,Poison]Amoonguss||RockyHelmet|Regenerator|Spore,RagePowder,PollenPuff,Protect|||F|||50|,,,,,Dark]Typhlosion-Hisui||ChoiceSpecs|Blaze|Eruption,ShadowBall,HeatWave,Overheat|||F|||50|,,,,,Fire]Whimsicott||CovertCloak|Prankster|Tailwind,SunnyDay,Encore,Moonblast|||F|||50|,,,,,Water]Incineroar||SafetyGoggles|Intimidate|FakeOut,PartingShot,FlareBlitz,KnockOff|||M|||50|,,,,,Ghost
|
|t:|1757736262
|teamsize|p1|4
|teamsize|p2|4
|start
|switch|p1a: Jumpluff|Jumpluff, L50, F|100/100
|switch|p1b: Torkoal|Torkoal, L50, M|100/100
|switch|p2a: Incineroar|Incineroar, L50, M, shiny|100/100
|switch|p2b: Garchomp|Garchomp, L50, M, shiny|100/100
|-ability|p2a: Incineroar|Intimidate|boost
|-unboost|p1a: Jumpluff|atk|1
|-unboost|p1b: Torkoal|atk|1
|-weather|SunnyDay|[from] ability: Drought|[of] p1b: Torkoal
|-enditem|p1b: Torkoal|Eject Pack
|
|t:|1757736326
|switch|p1b: Ursaluna|Ursaluna, L50, F|100/100
|turn|1
|
|t:|1757736351
|-terastallize|p1a: Jumpluff|Water
|move|p2b: Garchomp|Protect|p2b: Garchomp
|-singleturn|p2b: Garchomp|Protect
|move|p1b: Ursaluna|Protect|p1b: Ursaluna
|-singleturn|p1b: Ursaluna|Protect
|move|p1a: Jumpluff|Sleep Powder|p2b: Garchomp
|-activate|p2b: Garchomp|move: Protect
|move|p2a: Incineroar|Knock Off|p1b: Ursaluna
|-activate|p1b: Ursaluna|move: Protect
|
|-weather|SunnyDay|[upkeep]
|-status|p1b: Ursaluna|brn|[from] item: Flame Orb
|upkeep
|turn|2
|inactive|Battle timer is ON: inactive players will automatically lose when time's up. (requested by Rfriedrich16)
|
|t:|1757736454
|move|p1a: Jumpluff|Tailwind|p1a: Jumpluff
|-sidestart|p1: ShadowJeffX|move: Tailwind
|move|p1b: Ursaluna|Headlong Rush|p2a: Incineroar
|-supereffective|p2a: Incineroar
|-damage|p2a: Incineroar|0 fnt
|-unboost|p1b: Ursaluna|def|1
|-unboost|p1b: Ursaluna|spd|1
|faint|p2a: Incineroar
|move|p2b: Garchomp|Dragon Claw|p1b: Ursaluna
|-damage|p1b: Ursaluna|34/100 brn
|-damage|p2b: Garchomp|91/100|[from] item: Life Orb
|
|-weather|SunnyDay|[upkeep]
|-damage|p1b: Ursaluna|28/100 brn|[from] brn
|upkeep
|
|t:|1757736469
|switch|p2a: Primarina|Primarina, L50, F, shiny|100/100
|turn|3
|inactive|ShadowJeffX has 30 seconds left.
|inactive|ShadowJeffX has 20 seconds left.
|inactive|ShadowJeffX has 15 seconds left.
|inactive|ShadowJeffX has 10 seconds left.
|l|☆ShadowJeffX
|inactive|ShadowJeffX disconnected and has a minute to reconnect!
|player|p1|
|j|☆ShadowJeffX
|inactive|ShadowJeffX reconnected and has 10 seconds left.
|player|p1|ShadowJeffX|ethan|
|inactive|ShadowJeffX has 5 seconds left.
|
|t:|1757736524
|move|p2a: Primarina|Protect|p2a: Primarina
|-singleturn|p2a: Primarina|Protect
|move|p1a: Jumpluff|Sleep Powder|p2a: Primarina
|-activate|p2a: Primarina|move: Protect
|move|p1b: Ursaluna|Earthquake|p2a: Primarina|[spread] p1a,p2b
|-activate|p2a: Primarina|move: Protect
|-damage|p1a: Jumpluff|21/100
|-damage|p2b: Garchomp|24/100
|move|p2b: Garchomp|Earthquake|p1a: Jumpluff|[spread] p1a,p1b
|-activate|p2a: Primarina|move: Protect
|-damage|p1a: Jumpluff|0 fnt
|-damage|p1b: Ursaluna|0 fnt
|faint|p1a: Jumpluff
|faint|p1b: Ursaluna
|-damage|p2b: Garchomp|14/100|[from] item: Life Orb
|
|-weather|SunnyDay|[upkeep]
|upkeep
|
|t:|1757736540
|switch|p1a: Charizard|Charizard, L50, F|100/100
|switch|p1b: Torkoal|Torkoal, L50, M|100/100
|turn|4
|
|t:|1757736549
|switch|p2a: Typhlosion|Typhlosion-Hisui, L50, F|100/100
|move|p1b: Torkoal|Helping Hand|p1a: Charizard
|-singleturn|p1a: Charizard|Helping Hand|[of] p1b: Torkoal
|move|p1a: Charizard|Heat Wave|p2b: Garchomp|[spread] p2b
|-miss|p1a: Charizard|p2a: Typhlosion
|-resisted|p2b: Garchomp
|-damage|p2b: Garchomp|0 fnt
|faint|p2b: Garchomp
|
|-weather|SunnyDay|[upkeep]
|-damage|p1a: Charizard|88/100|[from] ability: Solar Power|[of] p1a: Charizard
|upkeep
|
|t:|1757736551
|switch|p2b: Primarina|Primarina, L50, F, shiny|100/100
|turn|5
|
|t:|1757736566
|move|p1b: Torkoal|Helping Hand|p1a: Charizard
|-singleturn|p1a: Charizard|Helping Hand|[of] p1b: Torkoal
|move|p2b: Primarina|Protect|p2b: Primarina
|-singleturn|p2b: Primarina|Protect
|move|p1a: Charizard|Heat Wave|p2a: Typhlosion|[spread] p2a
|-activate|p2b: Primarina|move: Protect
|-resisted|p2a: Typhlosion
|-damage|p2a: Typhlosion|0 fnt
|faint|p2a: Typhlosion
|
|-weather|none
|-sideend|p1: ShadowJeffX|move: Tailwind
|upkeep
|turn|6
|
|t:|1757736580
|move|p1b: Torkoal|Helping Hand|p1a: Charizard
|-singleturn|p1a: Charizard|Helping Hand|[of] p1b: Torkoal
|move|p1a: Charizard|Heat Wave|p2b: Primarina
|-resisted|p2b: Primarina
|-damage|p2b: Primarina|56/100
|move|p2b: Primarina|Hyper Voice|p1b: Torkoal|[spread] p1a,p1b
|-supereffective|p1a: Charizard
|-crit|p1a: Charizard
|-supereffective|p1b: Torkoal
|-damage|p1a: Charizard|0 fnt
|-damage|p1b: Torkoal|8/100
|faint|p1a: Charizard
|-enditem|p2b: Primarina|Throat Spray
|-boost|p2b: Primarina|spa|1|[from] item: Throat Spray
|
|upkeep
|turn|7
|
|t:|1757736592
|move|p2b: Primarina|Hyper Voice|p1b: Torkoal
|-supereffective|p1b: Torkoal
|-damage|p1b: Torkoal|0 fnt
|faint|p1b: Torkoal
|
|win|Rfriedrich16
||ShadowJeffX is ready for game 3.
||Rfriedrich16 is ready for game 3.
|uhtml|next|Next: Game 3 of 3
|l|☆ShadowJeffX
|player|p1|
|l|‽Rfriedrich16
|player|p2|
