|j|☆mr_cool_banger
|j|☆Pietplezier7
|html|mr_cool_bangerPietplezier7    
|uhtml|bestof|Game 2 of a best-of-3
|t:|1785950591
|gametype|doubles
|player|p1|mr_cool_banger|1|
|player|p2|Pietplezier7|zinnia|
|gen|9
|tier|[Gen 9 Champions] VGC 2026 Reg M-B (Bo3)
|rule|Species Clause: Limit one of each Pokémon
|rule|Item Clause: Limit 1 of each item
|clearpoke
|poke|p1|Farigiraf, L50, M|
|poke|p1|Incineroar, L50, M|
|poke|p1|Hatterene, L50, F|
|poke|p1|Torkoal, L50, M|
|poke|p1|Mawile, L50, F|
|poke|p1|Armarouge, L50, M|
|poke|p2|Raichu, L50, F|
|poke|p2|Staraptor, L50, F|
|poke|p2|Arcanine-Hisui, L50, M|
|poke|p2|Farigiraf, L50, M|
|poke|p2|Sylveon, L50, F|
|poke|p2|Kingambit, L50, M|
|teampreview|4
|showteam|p1|Farigiraf||SitrusBerry|ArmorTail|Psychic,TrickRoom,HelpingHand,HyperVoice|Modest||M|||50|]Incineroar||Leftovers|Intimidate|FakeOut,PartingShot,ThroatChop,FlareBlitz|Adamant||M|||50|]Hatterene||LifeOrb|MagicBounce|Protect,DazzlingGleam,TrickRoom,Psychic|Quiet||F|||50|]Torkoal||Charcoal|Drought|Protect,SolarBeam,HeatCrash,Eruption|Quiet||M|||50|]Mawile||Mawilite|Intimidate|IronHead,SuckerPunch,Protect,PlayRough|Brave||F|||50|]Armarouge||FocusSash|FlashFire|WideGuard,TrickRoom,Psychic,ArmorCannon|Quiet||M|||50|
|showteam|p2|Raichu||RaichuniteY|LightningRod|ZapCannon,FocusBlast,FakeOut,Protect|Timid||F|||50|]Staraptor||Staraptite|Intimidate|CloseCombat,DualWingbeat,Tailwind,Protect|Jolly||F|||50|]Arcanine-Hisui||FocusSash|RockHead|FlareBlitz,HeadSmash,ExtremeSpeed,Protect|Jolly||M|||50|]Farigiraf||SitrusBerry|ArmorTail|Psychic,HelpingHand,TrickRoom,Protect|Calm||M|||50|]Sylveon||FairyFeather|Pixilate|HyperVoice,QuickAttack,HyperBeam,Detect|Modest||F|||50|]Kingambit||LifeOrb|Defiant|KowtowCleave,SuckerPunch,SwordsDance,Protect|Adamant||M|||50|
|inactive|Battle timer is ON: inactive players will automatically lose when time's up. (requested by mr_cool_banger)
|inactive|mr_cool_banger has 60 seconds left.
|inactive|Pietplezier7 has 60 seconds left.
|
|t:|1785950649
|teamsize|p1|4
|teamsize|p2|4
|start
|switch|p1a: Incineroar|Incineroar, L50, M|100/100
|switch|p1b: Farigiraf|Farigiraf, L50, M|100/100
|switch|p2a: Sylveon|Sylveon, L50, F|100/100
|switch|p2b: Kingambit|Kingambit, L50, M|100/100
|-ability|p1a: Incineroar|Intimidate|boost
|-unboost|p2a: Sylveon|atk|1
|-unboost|p2b: Kingambit|atk|1
|-ability|p2b: Kingambit|Defiant|boost
|-boost|p2b: Kingambit|atk|2
|turn|1
|inactive|Pietplezier7 has 30 seconds left.
|
|t:|1785950678
|switch|p1b: Torkoal|Torkoal, L50, M|100/100
|-weather|SunnyDay|[from] ability: Drought|[of] p1b: Torkoal
|move|p2a: Sylveon|Hyper Voice|p1b: Torkoal|[spread] p1a,p1b
|-resisted|p1b: Torkoal|1
|-damage|p1a: Incineroar|65/100
|-damage|p1b: Torkoal|67/100
|move|p1a: Incineroar|Flare Blitz|p2b: Kingambit
|-supereffective|p2b: Kingambit|1
|-damage|p2b: Kingambit|0 fnt
|faint|p2b: Kingambit
|-damage|p1a: Incineroar|32/100|[from] Recoil
|
|-weather|SunnyDay|[upkeep]
|-heal|p1a: Incineroar|38/100|[from] item: Leftovers
|upkeep
|
|t:|1785950690
|switch|p2b: Arcanine|Arcanine-Hisui, L50, M|100/100
|turn|2
|
|t:|1785950714
|switch|p1a: Mawile|Mawile, L50, F|100/100
|-ability|p1a: Mawile|Intimidate|boost
|-unboost|p2a: Sylveon|atk|1
|-unboost|p2b: Arcanine|atk|1
|move|p2b: Arcanine|Head Smash|p1a: Mawile|[miss]
|-miss|p2b: Arcanine|p1a: Mawile
|move|p2a: Sylveon|Hyper Voice|p1b: Torkoal|[spread] p1a,p1b
|-resisted|p1a: Mawile|1
|-resisted|p1b: Torkoal|1
|-damage|p1a: Mawile|57/100
|-damage|p1b: Torkoal|36/100
|move|p1b: Torkoal|Eruption|p2a: Sylveon|[spread] p2a,p2b
|-resisted|p2b: Arcanine|2
|-damage|p2a: Sylveon|73/100
|-damage|p2b: Arcanine|90/100
|
|-weather|SunnyDay|[upkeep]
|upkeep
|turn|3
|inactive|mr_cool_banger has 30 seconds left.
|inactive|Pietplezier7 has 30 seconds left.
|
|t:|1785950745
|move|p1a: Mawile|Protect|p1a: Mawile
|-singleturn|p1a: Mawile|Protect
|move|p2b: Arcanine|Flare Blitz|p1a: Mawile
|-activate|p1a: Mawile|move: Protect
|move|p2a: Sylveon|Hyper Voice|p1b: Torkoal|[spread] p1b
|-activate|p1a: Mawile|move: Protect
|-resisted|p1b: Torkoal|1
|-damage|p1b: Torkoal|7/100
|move|p1b: Torkoal|Heat Crash|p2a: Sylveon
|-damage|p2a: Sylveon|24/100
|
|-weather|SunnyDay|[upkeep]
|upkeep
|turn|4
|
|t:|1785950762
|switch|p1a: Incineroar|Incineroar, L50, M|38/100
|-ability|p1a: Incineroar|Intimidate|boost
|-unboost|p2a: Sylveon|atk|1
|-unboost|p2b: Arcanine|atk|1
|move|p2b: Arcanine|Flare Blitz|p1a: Incineroar
|-resisted|p1a: Incineroar|1
|-damage|p1a: Incineroar|16/100
|move|p2a: Sylveon|Hyper Voice|p1a: Incineroar|[spread] p1a,p1b
|-resisted|p1b: Torkoal|1
|-damage|p1a: Incineroar|0 fnt
|-damage|p1b: Torkoal|0 fnt
|faint|p1a: Incineroar
|faint|p1b: Torkoal
|
|-weather|SunnyDay|[upkeep]
|upkeep
|
|t:|1785950772
|switch|p1a: Farigiraf|Farigiraf, L50, M|100/100
|switch|p1b: Mawile|Mawile, L50, F|57/100
|-ability|p1b: Mawile|Intimidate|boost
|-unboost|p2a: Sylveon|atk|1
|-unboost|p2b: Arcanine|atk|1
|turn|5
|
|t:|1785950786
|detailschange|p1b: Mawile|Mawile-Mega, L50, F
|-mega|p1b: Mawile|Mawile|Mawilite
|move|p1b: Mawile|Sucker Punch|p2a: Sylveon
|-resisted|p2a: Sylveon|1
|-damage|p2a: Sylveon|0 fnt
|faint|p2a: Sylveon
|move|p2b: Arcanine|Flare Blitz|p1a: Farigiraf
|-damage|p1a: Farigiraf|65/100
|move|p1a: Farigiraf|Trick Room|p1a: Farigiraf
|-fieldstart|move: Trick Room|[of] p1a: Farigiraf
|
|-weather|none
|upkeep
|
|t:|1785950794
|switch|p2a: Farigiraf|Farigiraf, L50, M|100/100
|turn|6
|inactive|Pietplezier7 has 30 seconds left.
|
|t:|1785950826
|move|p1a: Farigiraf|Helping Hand|p1b: Mawile
|-singleturn|p1b: Mawile|Helping Hand|[of] p1a: Farigiraf
|move|p2b: Arcanine|Protect|p2b: Arcanine
|-singleturn|p2b: Arcanine|Protect
|move|p1b: Mawile|Play Rough|p2a: Farigiraf
|-damage|p2a: Farigiraf|0 fnt
|faint|p2a: Farigiraf
|
|upkeep
|turn|7
|-message|Pietplezier7 forfeited.
|
|win|mr_cool_banger
||Pietplezier7 is ready for game 3.
||mr_cool_banger is ready for game 3.
|uhtml|next|Next: Game 3 of 3
