|j|☆PolpettaVGC
|j|☆mischato_0
|html|PolpettaVGCmischato_0    
|uhtml|bestof|Game 2 of a best-of-3
|t:|1782324327
|gametype|doubles
|player|p1|PolpettaVGC|pokekid|
|player|p2|mischato_0|lusamine-masters|
|gen|9
|tier|[Gen 9 Champions] VGC 2026 Reg M-B (Bo3)
|rule|Species Clause: Limit one of each Pokémon
|rule|Item Clause: Limit 1 of each item
|clearpoke
|poke|p1|Incineroar, L50, F|
|poke|p1|Milotic, L50, M|
|poke|p1|Sinistcha, L50, shiny|
|poke|p1|Sneasler, L50, M|
|poke|p1|Charizard, L50, F|
|poke|p1|Floette-Eternal, L50, F|
|poke|p2|Scovillain, L50, F|
|poke|p2|Kingambit, L50, F|
|poke|p2|Sneasler, L50, F, shiny|
|poke|p2|Basculegion, L50, M|
|poke|p2|Floette-Eternal, L50, F|
|poke|p2|Glimmora, L50, M|
|teampreview|4
|showteam|p1|Incineroar||SitrusBerry|Intimidate|FakeOut,FlareBlitz,DarkestLariat,PartingShot|Impish||F|||50|]Milotic||Leftovers|Competitive|MuddyWater,Hypnosis,Coil,Recover|Calm||M|||50|]Sinistcha||KasibBerry|Hospitality|MatchaGotcha,LifeDew,RagePowder,Protect|Bold|||||50|]Sneasler||FocusSash|PoisonTouch|FakeOut,CloseCombat,DireClaw,Coaching|Jolly||M|||50|]Charizard||CharizarditeX|SolarPower|FlareBlitz,DragonClaw,DragonDance,Protect|Adamant||F|||50|]Floette-Eternal||Floettite|FlowerVeil|DazzlingGleam,DrainingKiss,CalmMind,Protect|Modest||F|||50|
|showteam|p2|Scovillain||Scovillainite|Moody|RagePowder,Flamethrower,Protect,LeechSeed|Calm||F|||50|]Kingambit||BlackGlasses|Defiant|SuckerPunch,KowtowCleave,IronHead,Protect|Adamant||F|||50|]Sneasler||WhiteHerb|Unburden|CloseCombat,FakeOut,Protect,DireClaw|Jolly||F|||50|]Basculegion||LifeOrb|SwiftSwim|LastRespects,AquaJet,WaveCrash,Liquidation|Adamant||M|||50|]Floette-Eternal||Floettite|FlowerVeil|DazzlingGleam,Protect,Psychic,Moonblast|Timid||F|||50|]Glimmora||FocusSash|ToxicDebris|SpikyShield,EarthPower,PowerGem,SludgeBomb|Timid||M|||50|
|inactive|Battle timer is ON: inactive players will automatically lose when time's up. (requested by PolpettaVGC)
|inactive|PolpettaVGC has 60 seconds left.
|inactive|mischato_0 has 60 seconds left.
|inactive|PolpettaVGC has 30 seconds left.
|inactive|PolpettaVGC has 20 seconds left.
|inactive|PolpettaVGC has 15 seconds left.
|inactive|PolpettaVGC has 10 seconds left.
|
|t:|1782324410
|teamsize|p1|4
|teamsize|p2|4
|start
|switch|p1a: Sneasler|Sneasler, L50, M|100/100
|switch|p1b: Charizard|Charizard, L50, F|100/100
|switch|p2a: Scovillain|Scovillain, L50, F|100/100
|switch|p2b: Sneasler|Sneasler, L50, F, shiny|100/100
|turn|1
|inactive|PolpettaVGC has 30 seconds left.
|inactive|mischato_0 has 30 seconds left.
|
|t:|1782324438
|detailschange|p1b: Charizard|Charizard-Mega-X, L50, F
|-mega|p1b: Charizard|Charizard|Charizardite X
|detailschange|p2a: Scovillain|Scovillain-Mega, L50, F
|-mega|p2a: Scovillain|Scovillain|Scovillainite
|move|p2b: Sneasler|Fake Out|p1b: Charizard
|-damage|p1b: Charizard|86/100
|move|p1a: Sneasler|Fake Out|p2b: Sneasler
|-damage|p2b: Sneasler|74/100
|cant|p1b: Charizard|flinch
|move|p2a: Scovillain|Leech Seed|p1a: Sneasler
|-start|p1a: Sneasler|move: Leech Seed
|
|-damage|p1a: Sneasler|87/100|[from] Leech Seed|[of] p2a: Scovillain
|upkeep
|turn|2
|inactive|PolpettaVGC has 30 seconds left.
|inactive|PolpettaVGC has 20 seconds left.
|inactive|PolpettaVGC has 15 seconds left.
|
|t:|1782324481
|switch|p1a: Sinistcha|Sinistcha, L50, shiny|100/100
|-heal|p1b: Charizard|100/100|[from] ability: Hospitality|[of] p1a: Sinistcha
|move|p2a: Scovillain|Rage Powder|p2a: Scovillain
|-singleturn|p2a: Scovillain|move: Rage Powder
|move|p2b: Sneasler|Close Combat|p1b: Charizard
|-damage|p1b: Charizard|36/100
|-unboost|p2b: Sneasler|def|1
|-unboost|p2b: Sneasler|spd|1
|-enditem|p2b: Sneasler|White Herb
|-clearnegativeboost|p2b: Sneasler|[silent]
|move|p1b: Charizard|Dragon Dance|p1b: Charizard
|-boost|p1b: Charizard|atk|1
|-boost|p1b: Charizard|spe|1
|
|upkeep
|turn|3
|inactive|PolpettaVGC has 30 seconds left.
|
|t:|1782324512
|switch|p1a: Incineroar|Incineroar, L50, F|100/100
|-ability|p1a: Incineroar|Intimidate|boost
|-unboost|p2a: Scovillain|atk|1
|-unboost|p2b: Sneasler|atk|1
|move|p1b: Charizard|Protect|p1b: Charizard
|-singleturn|p1b: Charizard|Protect
|move|p2a: Scovillain|Rage Powder|p2a: Scovillain
|-singleturn|p2a: Scovillain|move: Rage Powder
|move|p2b: Sneasler|Dire Claw|p1a: Incineroar
|-damage|p1a: Incineroar|80/100
|-status|p1a: Incineroar|par
|
|upkeep
|turn|4
|inactive|PolpettaVGC has 30 seconds left.
|inactive|PolpettaVGC has 20 seconds left.
|inactive|mischato_0 has 30 seconds left.
|
|t:|1782324549
|move|p1a: Incineroar|Fake Out|p2b: Sneasler
|-damage|p2b: Sneasler|55/100
|move|p2a: Scovillain|Rage Powder|p2a: Scovillain
|-singleturn|p2a: Scovillain|move: Rage Powder
|cant|p2b: Sneasler|flinch
|move|p1b: Charizard|Dragon Dance|p1b: Charizard
|-boost|p1b: Charizard|atk|1
|-boost|p1b: Charizard|spe|1
|
|upkeep
|turn|5
|
|t:|1782324564
|switch|p1a: Sinistcha|Sinistcha, L50, shiny|100/100
|-heal|p1b: Charizard|61/100|[from] ability: Hospitality|[of] p1a: Sinistcha
|move|p1b: Charizard|Protect|p1b: Charizard
|-singleturn|p1b: Charizard|Protect
|move|p2b: Sneasler|Close Combat|p1b: Charizard
|-activate|p1b: Charizard|move: Protect
|move|p2a: Scovillain|Leech Seed|p1b: Charizard
|-activate|p1b: Charizard|move: Protect
|
|upkeep
|turn|6
|
|t:|1782324582
|move|p1a: Sinistcha|Rage Powder|p1a: Sinistcha
|-singleturn|p1a: Sinistcha|move: Rage Powder
|move|p2b: Sneasler|Dire Claw|p1a: Sinistcha
|-damage|p1a: Sinistcha|75/100
|move|p1b: Charizard|Dragon Claw|p2a: Scovillain
|-damage|p2a: Scovillain|0 fnt
|-immune|p1b: Charizard
|faint|p2a: Scovillain
|
|upkeep
|
|t:|1782324590
|switch|p2a: Basculegion|Basculegion, L50, M|100/100
|turn|7
|
|t:|1782324605
|switch|p1a: Incineroar|Incineroar, L50, F|80/100 par
|-ability|p1a: Incineroar|Intimidate|boost
|-unboost|p2a: Basculegion|atk|1
|-unboost|p2b: Sneasler|atk|1
|move|p1b: Charizard|Protect|p1b: Charizard
|-singleturn|p1b: Charizard|Protect
|move|p2b: Sneasler|Close Combat|p1b: Charizard
|-activate|p1b: Charizard|move: Protect
|move|p2a: Basculegion|Last Respects|p1a: Incineroar
|-resisted|p1a: Incineroar|1
|-damage|p1a: Incineroar|64/100 par
|-damage|p2a: Basculegion|90/100|[from] item: Life Orb
|
|upkeep
|turn|8
|
|t:|1782324624
|switch|p2b: Glimmora|Glimmora, L50, M|100/100
|move|p1a: Incineroar|Fake Out|p2b: Glimmora
|-resisted|p2b: Glimmora|1
|-damage|p2b: Glimmora|94/100
|-activate|p2b: Glimmora|ability: Toxic Debris
|-sidestart|p1: PolpettaVGC|move: Toxic Spikes
|move|p1b: Charizard|Dragon Claw|p2a: Basculegion
|-damage|p2a: Basculegion|0 fnt
|faint|p2a: Basculegion
|
|upkeep
|
|t:|1782324634
|switch|p2a: Sneasler|Sneasler, L50, F, shiny|55/100
|turn|9
|
|t:|1782324642
|switch|p1a: Sinistcha|Sinistcha, L50, shiny|75/100
|-status|p1a: Sinistcha|psn
|-heal|p1b: Charizard|86/100|[from] ability: Hospitality|[of] p1a: Sinistcha
|move|p1b: Charizard|Protect|p1b: Charizard
|-singleturn|p1b: Charizard|Protect
|move|p2a: Sneasler|Fake Out|p1a: Sinistcha
|-immune|p1a: Sinistcha
|move|p2b: Glimmora|Power Gem|p1b: Charizard
|-activate|p1b: Charizard|move: Protect
|
|-damage|p1a: Sinistcha|63/100 psn|[from] psn
|upkeep
|turn|10
|
|t:|1782324665
|move|p1a: Sinistcha|Rage Powder|p1a: Sinistcha
|-singleturn|p1a: Sinistcha|move: Rage Powder
|move|p1b: Charizard|Dragon Claw|p2a: Sneasler
|-damage|p2a: Sneasler|0 fnt
|faint|p2a: Sneasler
|move|p2b: Glimmora|Power Gem|p1a: Sinistcha
|-damage|p1a: Sinistcha|19/100 psn
|
|-damage|p1a: Sinistcha|7/100 psn|[from] psn
|upkeep
|turn|11
|inactive|PolpettaVGC has 30 seconds left.
|
|t:|1782324694
|move|p2b: Glimmora|Spiky Shield|p2b: Glimmora
|-singleturn|p2b: Glimmora|move: Protect
|move|p1a: Sinistcha|Rage Powder|p1a: Sinistcha
|-singleturn|p1a: Sinistcha|move: Rage Powder
|move|p1b: Charizard|Dragon Claw|p2b: Glimmora
|-activate|p2b: Glimmora|move: Protect
|-damage|p1b: Charizard|74/100|[from] Spiky Shield|[of] p2b: Glimmora
|
|-damage|p1a: Sinistcha|0 fnt|[from] psn
|faint|p1a: Sinistcha
|upkeep
|
|t:|1782324700
|switch|p1a: Incineroar|Incineroar, L50, F|64/100 par
|-ability|p1a: Incineroar|Intimidate|boost
|-unboost|p2b: Glimmora|atk|1
|turn|12
|
|t:|1782324709
|move|p2b: Glimmora|Spiky Shield||[still]
|-fail|p2b: Glimmora
|move|p1a: Incineroar|Fake Out|p2b: Glimmora
|-resisted|p2b: Glimmora|1
|-damage|p2b: Glimmora|87/100
|-activate|p2b: Glimmora|ability: Toxic Debris
|-sidestart|p1: PolpettaVGC|move: Toxic Spikes
|move|p1b: Charizard|Dragon Claw|p2b: Glimmora
|-damage|p2b: Glimmora|0 fnt
|faint|p2b: Glimmora
|
|win|PolpettaVGC
