|j|☆davirru6
|j|☆dfjkhbf
|html|davirru6dfjkhbf    
|uhtml|bestof|Game 2 of a best-of-3
|t:|1756908024
|gametype|doubles
|player|p1|davirru6|1|1160
|player|p2|dfjkhbf|dawn|1116
|gen|9
|tier|[Gen 9] VGC 2025 Reg H (Bo3)
|rated|
|rule|Species Clause: Limit one of each Pokémon
|rule|Item Clause: Limit 1 of each item
|clearpoke
|poke|p1|Pelipper, L50, F|
|poke|p1|Archaludon, L50, M|
|poke|p1|Basculegion, L50, M|
|poke|p1|Amoonguss, L50, M|
|poke|p1|Gholdengo, L50|
|poke|p1|Incineroar, L50, M|
|poke|p2|Lilligant-Hisui, L50, F|
|poke|p2|Torkoal, L50, M|
|poke|p2|Indeedee-F, L50, F|
|poke|p2|Hatterene, L50, F|
|poke|p2|Ursaluna, L50, M|
|poke|p2|Typhlosion-Hisui, L50, M|
|teampreview|4
|showteam|p1|Pelipper||FocusSash|Drizzle|Hurricane,WeatherBall,Tailwind,Protect|||F|||50|,,,,,Stellar]Archaludon||AssaultVest|Stamina|ElectroShot,DracoMeteor,Snarl,BodyPress|||M|||50|,,,,,Grass]Basculegion||ChoiceBand|SwiftSwim|WaveCrash,FlipTurn,AquaJet,LastRespects|||M|||50|,,,,,Water]Amoonguss||SitrusBerry|Regenerator|Spore,PollenPuff,RagePowder,Protect|||M|||50|,,,,,Water]Gholdengo||LifeOrb|GoodasGold|MakeItRain,ShadowBall,NastyPlot,Protect||||||50|,,,,,Water]Incineroar||RockyHelmet|Intimidate|KnockOff,FakeOut,Taunt,PartingShot|||M|||50|,,,,,Ghost
|showteam|p2|Lilligant-Hisui||FocusSash|Chlorophyll|Protect,CloseCombat,LeafBlade,AfterYou|||F|||50|,,,,,Ghost]Torkoal||Charcoal|Drought|Protect,Eruption,WeatherBall,HeatWave|||M|||50|,,,,,Fire]Indeedee-F||SafetyGoggles|PsychicSurge|FollowMe,TrickRoom,HelpingHand,Psychic|||F|||50|,,,,,Fairy]Hatterene||LifeOrb|MagicBounce|ExpandingForce,DazzlingGleam,TeraBlast,TrickRoom|||F|||50|,,,,,Fire]Ursaluna||FlameOrb|Guts|Protect,Facade,Earthquake,HeadlongRush|||M|||50|,,,,,Ghost]Typhlosion-Hisui||ChoiceScarf|Blaze|Eruption,HeatWave,Overheat,ShadowBall|||M|||50|,,,,,Fire
|inactive|Battle timer is ON: inactive players will automatically lose when time's up. (requested by davirru6)
|inactive|dfjkhbf also wants the timer to be on.
|
|t:|1756908051
|teamsize|p1|4
|teamsize|p2|4
|start
|switch|p1a: Archaludon|Archaludon, L50, M|100/100
|switch|p1b: Incineroar|Incineroar, L50, M|100/100
|switch|p2a: Indeedee|Indeedee-F, L50, F|100/100
|switch|p2b: Hatterene|Hatterene, L50, F|100/100
|-fieldstart|move: Psychic Terrain|[from] ability: Psychic Surge|[of] p2a: Indeedee
|-ability|p1b: Incineroar|Intimidate|boost
|-unboost|p2a: Indeedee|atk|1
|-unboost|p2b: Hatterene|atk|1
|turn|1
|
|t:|1756908071
|move|p2a: Indeedee|Follow Me|p2a: Indeedee
|-singleturn|p2a: Indeedee|move: Follow Me
|move|p1a: Archaludon|Snarl|p2b: Hatterene|[spread] p2a,p2b
|-supereffective|p2a: Indeedee
|-damage|p2a: Indeedee|76/100
|-damage|p2b: Hatterene|86/100
|-unboost|p2a: Indeedee|spa|1
|-unboost|p2b: Hatterene|spa|1
|move|p1b: Incineroar|Taunt|p2a: Indeedee
|-start|p2a: Indeedee|move: Taunt
|move|p2b: Hatterene|Trick Room|p2b: Hatterene
|-fieldstart|move: Trick Room|[of] p2b: Hatterene
|
|upkeep
|turn|2
|
|t:|1756908081
|move|p2b: Hatterene|Dazzling Gleam|p1b: Incineroar|[spread] p1a,p1b
|-damage|p1a: Archaludon|76/100
|-damage|p1b: Incineroar|73/100
|-ability|p1a: Archaludon|Stamina|boost
|-boost|p1a: Archaludon|def|1
|-damage|p2b: Hatterene|77/100|[from] item: Life Orb
|move|p1b: Incineroar|Knock Off|p2b: Hatterene
|-damage|p2b: Hatterene|29/100
|-enditem|p2b: Hatterene|Life Orb|[from] move: Knock Off|[of] p1b: Incineroar
|move|p2a: Indeedee|Psychic|p1a: Archaludon
|-resisted|p1a: Archaludon
|-damage|p1a: Archaludon|66/100
|-ability|p1a: Archaludon|Stamina|boost
|-boost|p1a: Archaludon|def|1
|move|p1a: Archaludon|Snarl|p2b: Hatterene|[spread] p2a,p2b
|-supereffective|p2a: Indeedee
|-damage|p2a: Indeedee|51/100
|-damage|p2b: Hatterene|15/100
|-unboost|p2a: Indeedee|spa|1
|-unboost|p2b: Hatterene|spa|1
|
|upkeep
|turn|3
|
|t:|1756908105
|move|p2b: Hatterene|Dazzling Gleam|p1a: Archaludon|[spread] p1a,p1b
|-damage|p1a: Archaludon|53/100
|-damage|p1b: Incineroar|58/100
|-ability|p1a: Archaludon|Stamina|boost
|-boost|p1a: Archaludon|def|1
|move|p1b: Incineroar|Knock Off|p2b: Hatterene
|-damage|p2b: Hatterene|0 fnt
|faint|p2b: Hatterene
|move|p2a: Indeedee|Psychic|p1a: Archaludon
|-resisted|p1a: Archaludon
|-damage|p1a: Archaludon|46/100
|-ability|p1a: Archaludon|Stamina|boost
|-boost|p1a: Archaludon|def|1
|move|p1a: Archaludon|Body Press|p2a: Indeedee
|-damage|p2a: Indeedee|0 fnt
|faint|p2a: Indeedee
|
|upkeep
|
|t:|1756908109
|switch|p2b: Lilligant|Lilligant-Hisui, L50, F|100/100
|switch|p2a: Ursaluna|Ursaluna, L50, M|100/100
|turn|4
|inactive|davirru6 has 30 seconds left.
|inactive|dfjkhbf has 30 seconds left.
|inactive|davirru6 has 20 seconds left.
|
|t:|1756908147
|-terastallize|p2a: Ursaluna|Ghost
|move|p2b: Lilligant|Protect|p2b: Lilligant
|-singleturn|p2b: Lilligant|Protect
|move|p2a: Ursaluna|Earthquake|p1b: Incineroar|[spread] p1a,p1b
|-activate|p2b: Lilligant|move: Protect
|-supereffective|p1a: Archaludon
|-supereffective|p1b: Incineroar
|-damage|p1a: Archaludon|25/100
|-damage|p1b: Incineroar|0 fnt
|-ability|p1a: Archaludon|Stamina|boost
|-boost|p1a: Archaludon|def|1
|faint|p1b: Incineroar
|move|p1a: Archaludon|Body Press|p2b: Lilligant
|-activate|p2b: Lilligant|move: Protect
|
|-status|p2a: Ursaluna|brn|[from] item: Flame Orb
|upkeep
|
|t:|1756908156
|switch|p1b: Pelipper|Pelipper, L50, F|100/100
|-weather|RainDance|[from] ability: Drizzle|[of] p1b: Pelipper
|turn|5
|
|t:|1756908179
|move|p1b: Pelipper|Protect|p1b: Pelipper
|-singleturn|p1b: Pelipper|Protect
|move|p2a: Ursaluna|Headlong Rush|p1a: Archaludon
|-supereffective|p1a: Archaludon
|-damage|p1a: Archaludon|0 fnt
|-unboost|p2a: Ursaluna|def|1
|-unboost|p2a: Ursaluna|spd|1
|faint|p1a: Archaludon
|move|p2b: Lilligant|Leaf Blade|p1b: Pelipper
|-activate|p1b: Pelipper|move: Protect
|
|-weather|RainDance|[upkeep]
|-damage|p2a: Ursaluna|95/100 brn|[from] brn
|-fieldend|move: Trick Room
|-fieldend|move: Psychic Terrain
|upkeep
|
|t:|1756908182
|switch|p1a: Gholdengo|Gholdengo, L50|100/100
|turn|6
|
|t:|1756908197
|-terastallize|p1a: Gholdengo|Water
|move|p2b: Lilligant|Leaf Blade|p1b: Pelipper
|-damage|p1b: Pelipper|43/100
|move|p1a: Gholdengo|Shadow Ball|p2a: Ursaluna
|-supereffective|p2a: Ursaluna
|-damage|p2a: Ursaluna|0 fnt
|faint|p2a: Ursaluna
|-damage|p1a: Gholdengo|90/100|[from] item: Life Orb
|move|p1b: Pelipper|Hurricane|p2b: Lilligant
|-supereffective|p2b: Lilligant
|-enditem|p2b: Lilligant|Focus Sash
|-damage|p2b: Lilligant|1/100
|-start|p2b: Lilligant|confusion
|
|-weather|RainDance|[upkeep]
|upkeep
|turn|7
|
|t:|1756908209
|-activate|p2b: Lilligant|confusion
|move|p2b: Lilligant|Protect|p2b: Lilligant
|-singleturn|p2b: Lilligant|Protect
|move|p1a: Gholdengo|Shadow Ball|p2b: Lilligant
|-activate|p2b: Lilligant|move: Protect
|move|p1b: Pelipper|Hurricane|p2b: Lilligant
|-activate|p2b: Lilligant|move: Protect
|
|-weather|RainDance|[upkeep]
|upkeep
|turn|8
|
|t:|1756908215
|-activate|p2b: Lilligant|confusion
|move|p2b: Lilligant|Protect|p2b: Lilligant
|-singleturn|p2b: Lilligant|Protect
|move|p1a: Gholdengo|Shadow Ball|p2b: Lilligant
|-activate|p2b: Lilligant|move: Protect
|move|p1b: Pelipper|Hurricane|p2b: Lilligant
|-activate|p2b: Lilligant|move: Protect
|
|-weather|RainDance|[upkeep]
|upkeep
|turn|9
|
|t:|1756908222
|-end|p2b: Lilligant|confusion
|move|p2b: Lilligant|Protect||[still]
|-fail|p2b: Lilligant
|move|p1a: Gholdengo|Shadow Ball|p2b: Lilligant
|-damage|p2b: Lilligant|0 fnt
|faint|p2b: Lilligant
|-damage|p1a: Gholdengo|80/100|[from] item: Life Orb
|
|win|davirru6
||dfjkhbf is ready for game 3.
||davirru6 is ready for game 3.
|uhtml|next|Next: Game 3 of 3
