|j|☆BeatCraft
|j|☆Y00TER
|html|BeatCraftY00TER    
|uhtml|bestof|Game 2 of a best-of-3
|t:|1757651199
|gametype|doubles
|player|p1|BeatCraft|265|
|player|p2|Y00TER|1|
|gen|9
|tier|[Gen 9] VGC 2025 Reg H (Bo3)
|rule|Species Clause: Limit one of each Pokémon
|rule|Item Clause: Limit 1 of each item
|clearpoke
|poke|p1|Azumarill, L50, F|
|poke|p1|Mimikyu, L50, F|
|poke|p1|Incineroar, L50, M|
|poke|p1|Amoonguss, L50, M|
|poke|p1|Ursaluna, L50, F|
|poke|p1|Dragapult, L50, F|
|poke|p2|Annihilape, L50, M|
|poke|p2|Whimsicott, L50, F|
|poke|p2|Garchomp, L50, F|
|poke|p2|Clefable, L50, F|
|poke|p2|Hydreigon, L50, F|
|poke|p2|Gholdengo, L50|
|teampreview|4
|showteam|p1|Azumarill||ChoiceBand|HugePower|AquaJet,Liquidation,PlayRough,IceSpinner|||F|||50|,,,,,Water]Mimikyu||MentalHerb|Disguise|ShadowClaw,PlayRough,SwordsDance,TrickRoom|||F|||50|,,,,,Fairy]Incineroar||SafetyGoggles|Intimidate|FakeOut,PartingShot,FlareBlitz,KnockOff|||M|||50|,,,,,Ghost]Amoonguss||RockyHelmet|Regenerator|Spore,RagePowder,SludgeBomb,PollenPuff|||M|||50|,,,,,Water]Ursaluna||FlameOrb|Guts|HeadlongRush,Facade,Earthquake,Protect|||F|||50|,,,,,Normal]Dragapult||FocusSash|ClearBody|DragonDarts,TeraBlast,SuckerPunch,Uturn|||F|||50|,,,,,Ghost
|showteam|p2|Annihilape||SafetyGoggles|Defiant|Protect,BulkUp,DrainPunch,RageFist|||M|||50|,,,,,Water]Whimsicott||FocusSash|Prankster|SunnyDay,Encore,Tailwind,Moonblast|||F|||50|,,,,,Ghost]Garchomp||LifeOrb|RoughSkin|Protect,StompingTantrum,DragonClaw,Earthquake|||F|||50|,,,,,Steel]Clefable||SitrusBerry|Unaware|Protect,FollowMe,MistyTerrain,Moonblast|||F|||50|,,,,,Water]Hydreigon||ChoiceSpecs|Levitate|HeatWave,Snarl,DarkPulse,DracoMeteor|||F|||50|,,,,,Fire]Gholdengo||MetalCoat|GoodasGold|Protect,NastyPlot,ShadowBall,MakeItRain||||||50|,,,,,Steel
|j| The Professor Pink
|
|t:|1757651272
|teamsize|p1|4
|teamsize|p2|4
|start
|switch|p1a: Mimikyu|Mimikyu, L50, F|100/100
|switch|p1b: Amoonguss|Amoonguss, L50, M|100/100
|switch|p2a: Annihilape|Annihilape, L50, M|100/100
|switch|p2b: Clefable|Clefable, L50, F, shiny|100/100
|turn|1
|
|t:|1757651305
|move|p1b: Amoonguss|Rage Powder|p1b: Amoonguss
|-singleturn|p1b: Amoonguss|move: Rage Powder
|move|p2a: Annihilape|Bulk Up|p2a: Annihilape
|-boost|p2a: Annihilape|atk|1
|-boost|p2a: Annihilape|def|1
|move|p2b: Clefable|Moonblast|p1b: Amoonguss
|-resisted|p1b: Amoonguss
|-damage|p1b: Amoonguss|86/100
|move|p1a: Mimikyu|Trick Room|p1a: Mimikyu
|-fieldstart|move: Trick Room|[of] p1a: Mimikyu
|
|upkeep
|turn|2
|
|t:|1757651343
|move|p1b: Amoonguss|Spore|p2b: Clefable
|-status|p2b: Clefable|slp|[from] move: Spore
|cant|p2b: Clefable|slp
|move|p1a: Mimikyu|Play Rough|p2a: Annihilape
|-supereffective|p2a: Annihilape
|-damage|p2a: Annihilape|45/100
|move|p2a: Annihilape|Bulk Up|p2a: Annihilape
|-boost|p2a: Annihilape|atk|1
|-boost|p2a: Annihilape|def|1
|
|upkeep
|turn|3
|
|t:|1757651361
|move|p2a: Annihilape|Protect|p2a: Annihilape
|-singleturn|p2a: Annihilape|Protect
|move|p1b: Amoonguss|Sludge Bomb|p2a: Annihilape
|-activate|p2a: Annihilape|move: Protect
|cant|p2b: Clefable|slp
|move|p1a: Mimikyu|Shadow Claw|p2a: Annihilape
|-activate|p2a: Annihilape|move: Protect
|
|upkeep
|turn|4
|
|t:|1757651390
|-curestatus|p2b: Clefable|slp|[msg]
|move|p2b: Clefable|Follow Me|p2b: Clefable
|-singleturn|p2b: Clefable|move: Follow Me
|move|p1b: Amoonguss|Spore|p2b: Clefable
|-status|p2b: Clefable|slp|[from] move: Spore
|move|p1a: Mimikyu|Swords Dance|p1a: Mimikyu
|-boost|p1a: Mimikyu|atk|2
|move|p2a: Annihilape|Rage Fist|p1a: Mimikyu
|-activate|p1a: Mimikyu|ability: Disguise
|-damage|p1a: Mimikyu|100/100
|detailschange|p1a: Mimikyu|Mimikyu-Busted, L50, F
|-damage|p1a: Mimikyu|88/100|[from] pokemon: Mimikyu-Busted
|
|upkeep
|turn|5
|
|t:|1757651449
|move|p2a: Annihilape|Protect|p2a: Annihilape
|-singleturn|p2a: Annihilape|Protect
|move|p1b: Amoonguss|Pollen Puff|p1a: Mimikyu
|-heal|p1a: Mimikyu|100/100
|cant|p2b: Clefable|slp
|move|p1a: Mimikyu|Shadow Claw|p2a: Annihilape
|-activate|p2a: Annihilape|move: Protect
|
|-fieldend|move: Trick Room
|upkeep
|turn|6
|
|t:|1757651486
|move|p1b: Amoonguss|Rage Powder|p1b: Amoonguss
|-singleturn|p1b: Amoonguss|move: Rage Powder
|move|p2a: Annihilape|Rage Fist|p1a: Mimikyu
|-supereffective|p1a: Mimikyu
|-damage|p1a: Mimikyu|0 fnt
|faint|p1a: Mimikyu
|-curestatus|p2b: Clefable|slp|[msg]
|move|p2b: Clefable|Misty Terrain|p2b: Clefable
|-fieldstart|move: Misty Terrain
|
|upkeep
|
|t:|1757651509
|switch|p1a: Ursaluna|Ursaluna, L50, F|100/100
|turn|7
|
|t:|1757651630
|move|p2b: Clefable|Protect|p2b: Clefable
|-singleturn|p2b: Clefable|Protect
|move|p1a: Ursaluna|Protect|p1a: Ursaluna
|-singleturn|p1a: Ursaluna|Protect
|move|p2a: Annihilape|Drain Punch|p1a: Ursaluna
|-activate|p1a: Ursaluna|move: Protect
|move|p1b: Amoonguss|Spore|p2b: Clefable
|-activate|p2b: Clefable|move: Protect
|
|upkeep
|turn|8
|
|t:|1757651666
|switch|p2b: Garchomp|Garchomp, L50, F|100/100
|move|p2a: Annihilape|Drain Punch|p1a: Ursaluna
|-supereffective|p1a: Ursaluna
|-damage|p1a: Ursaluna|19/100
|-heal|p2a: Annihilape|89/100|[from] drain|[of] p1a: Ursaluna
|move|p1a: Ursaluna|Headlong Rush|p2a: Annihilape
|-damage|p2a: Annihilape|53/100
|-unboost|p1a: Ursaluna|def|1
|-unboost|p1a: Ursaluna|spd|1
|move|p1b: Amoonguss|Spore|p2b: Garchomp
|-activate|p2b: Garchomp|move: Misty Terrain
|
|upkeep
|turn|9
|
|t:|1757651694
|move|p1a: Ursaluna|Protect|p1a: Ursaluna
|-singleturn|p1a: Ursaluna|Protect
|move|p2b: Garchomp|Stomping Tantrum|p1b: Amoonguss
|-damage|p1b: Amoonguss|47/100
|-damage|p2b: Garchomp|84/100|[from] item: Rocky Helmet|[of] p1b: Amoonguss
|-damage|p2b: Garchomp|74/100|[from] item: Life Orb
|move|p2a: Annihilape|Drain Punch|p1a: Ursaluna
|-activate|p1a: Ursaluna|move: Protect
|move|p1b: Amoonguss|Sludge Bomb|p2a: Annihilape
|-resisted|p2a: Annihilape
|-damage|p2a: Annihilape|40/100
|
|upkeep
|turn|10
|
|t:|1757651722
|switch|p1a: Azumarill|Azumarill, L50, F|100/100
|move|p2b: Garchomp|Stomping Tantrum|p1a: Azumarill
|-damage|p1a: Azumarill|48/100
|-damage|p2b: Garchomp|64/100|[from] item: Life Orb
|move|p2a: Annihilape|Rage Fist|p1b: Amoonguss
|-damage|p1b: Amoonguss|0 fnt
|-damage|p2a: Annihilape|23/100|[from] item: Rocky Helmet|[of] p1b: Amoonguss
|faint|p1b: Amoonguss
|
|-fieldend|Misty Terrain
|upkeep
|
|t:|1757651735
|switch|p1b: Ursaluna|Ursaluna, L50, F|19/100
|turn|11
|
|t:|1757651751
|move|p2a: Annihilape|Protect|p2a: Annihilape
|-singleturn|p2a: Annihilape|Protect
|move|p1b: Ursaluna|Protect|p1b: Ursaluna
|-singleturn|p1b: Ursaluna|Protect
|move|p2b: Garchomp|Stomping Tantrum|p1a: Azumarill
|-damage|p1a: Azumarill|0 fnt
|faint|p1a: Azumarill
|-damage|p2b: Garchomp|55/100|[from] item: Life Orb
|
|-status|p1b: Ursaluna|brn|[from] item: Flame Orb
|upkeep
|turn|12
|
|t:|1757651769
|move|p2b: Garchomp|Earthquake|p1b: Ursaluna|[spread] p2a,p1b
|-damage|p2a: Annihilape|0 fnt
|-damage|p1b: Ursaluna|0 fnt
|faint|p2a: Annihilape
|faint|p1b: Ursaluna
|-damage|p2b: Garchomp|45/100|[from] item: Life Orb
|
|win|Y00TER
||BeatCraft is ready for game 3.
|inactive|Y00TER has 30 seconds to confirm battle start!
||Y00TER is ready for game 3.
|uhtml|next|Next: Game 3 of 3
|l| The Professor Pink
