|j|☆MMTQ
|j|☆beeetch
|html|MMTQbeeetch    
|uhtml|bestof|Game 2 of a best-of-3
|t:|1755174747
|gametype|doubles
|player|p1|MMTQ|102|1262
|player|p2|beeetch|beauty-gen4dp|1368
|gen|9
|tier|[Gen 9] VGC 2025 Reg H (Bo3)
|rated|
|rule|Species Clause: Limit one of each Pokémon
|rule|Item Clause: Limit 1 of each item
|clearpoke
|poke|p1|Dragonite, L50, M|
|poke|p1|Sneasler, L50, M|
|poke|p1|Incineroar, L50, M|
|poke|p1|Ursaluna-Bloodmoon, L50, M|
|poke|p1|Gholdengo, L50|
|poke|p1|Amoonguss, L50, M|
|poke|p2|Toedscruel, L50, F|
|poke|p2|Weezing-Galar, L50, F|
|poke|p2|Corviknight, L50, M|
|poke|p2|Pawmot, L50, F|
|poke|p2|Garchomp, L50, M|
|poke|p2|Typhlosion-Hisui, L50, F|
|teampreview|4
|showteam|p1|Dragonite||LoadedDice|Multiscale|ScaleShot,Tailwind,Haze,Protect|||M|||50|,,,,,Fairy]Sneasler||FocusSash|Unburden|FakeOut,DireClaw,CloseCombat,ThroatChop|||M|||50|,,,,,Ghost]Incineroar||SafetyGoggles|Intimidate|FakeOut,FlareBlitz,KnockOff,PartingShot|||M|||50|,,,,,Ghost]Ursaluna-Bloodmoon||AssaultVest|MindsEye|BloodMoon,HyperVoice,EarthPower,VacuumWave|||M|||50|,,,,,Water]Gholdengo||LifeOrb|GoodasGold|MakeItRain,ShadowBall,NastyPlot,Protect||||||50|,,,,,Water]Amoonguss||SitrusBerry|Regenerator|Spore,RagePowder,PollenPuff,Protect|||M|||50|,,,,,Dark
|showteam|p2|Toedscruel||CovertCloak|MyceliumMight|Spore,EarthPower,AcidSpray,RagePowder|||F|||50|,,,,,Water]Weezing-Galar||ChoiceSpecs|NeutralizingGas|DazzlingGleam,SludgeBomb,StrangeSteam,Flamethrower|||F|||50|,,,,,Fire]Corviknight||SitrusBerry|MirrorArmor|Protect,Tailwind,Roost,BraveBird|||M|||50|,,,,,Dragon]Pawmot||FocusSash|NaturalCure|Protect,CloseCombat,DoubleShock,FakeOut|||F|||50|,,,,,Electric]Garchomp||LifeOrb|RoughSkin|Protect,Earthquake,DragonClaw,StompingTantrum|||M|||50|,,,,,Ground]Typhlosion-Hisui||ChoiceScarf|Blaze|Eruption,SleepTalk,HeatWave,ShadowBall|||F|||50|,,,,,Fire
|
|t:|1755174797
|teamsize|p1|4
|teamsize|p2|4
|start
|switch|p1a: Dragonite|Dragonite, L50, M, shiny|100/100
|switch|p1b: Sneasler|Sneasler, L50, M, shiny|100/100
|switch|p2a: Weezing|Weezing-Galar, L50, F|100/100
|switch|p2b: Pawmot|Pawmot, L50, F|100/100
|-ability|p2a: Weezing|Neutralizing Gas
|turn|1
|
|t:|1755174825
|switch|p2b: Corviknight|Corviknight, L50, M|100/100
|move|p1b: Sneasler|Fake Out|p2a: Weezing
|-damage|p2a: Weezing|86/100
|move|p1a: Dragonite|Tailwind|p1a: Dragonite
|-sidestart|p1: MMTQ|move: Tailwind
|cant|p2a: Weezing|flinch
|
|upkeep
|turn|2
|
|t:|1755174849
|move|p1b: Sneasler|Dire Claw|p2a: Weezing
|-damage|p2a: Weezing|43/100
|-status|p2a: Weezing|slp
|move|p1a: Dragonite|Scale Shot|p2b: Corviknight
|-resisted|p2b: Corviknight
|-damage|p2b: Corviknight|95/100
|-resisted|p2b: Corviknight
|-crit|p2b: Corviknight
|-damage|p2b: Corviknight|86/100
|-resisted|p2b: Corviknight
|-damage|p2b: Corviknight|80/100
|-resisted|p2b: Corviknight
|-damage|p2b: Corviknight|74/100
|-resisted|p2b: Corviknight
|-damage|p2b: Corviknight|68/100
|-hitcount|p2b: Corviknight|5
|-unboost|p1a: Dragonite|def|1
|-boost|p1a: Dragonite|spe|1
|move|p2b: Corviknight|Tailwind|p2b: Corviknight
|-sidestart|p2: beeetch|move: Tailwind
|cant|p2a: Weezing|slp
|
|upkeep
|turn|3
|
|t:|1755174877
|move|p1a: Dragonite|Scale Shot|p2b: Corviknight
|-resisted|p2b: Corviknight
|-damage|p2b: Corviknight|62/100
|-resisted|p2b: Corviknight
|-damage|p2b: Corviknight|56/100
|-resisted|p2b: Corviknight
|-damage|p2b: Corviknight|50/100
|-enditem|p2b: Corviknight|Sitrus Berry|[eat]
|-heal|p2b: Corviknight|75/100|[from] item: Sitrus Berry
|-resisted|p2b: Corviknight
|-damage|p2b: Corviknight|69/100
|-hitcount|p2b: Corviknight|4
|-unboost|p1a: Dragonite|def|1
|-boost|p1a: Dragonite|spe|1
|move|p1b: Sneasler|Dire Claw|p2a: Weezing
|-damage|p2a: Weezing|4/100 slp
|move|p2b: Corviknight|Brave Bird|p1a: Dragonite
|-damage|p1a: Dragonite|0 fnt
|faint|p1a: Dragonite
|-damage|p2b: Corviknight|42/100|[from] Recoil
|-curestatus|p2a: Weezing|slp|[msg]
|move|p2a: Weezing|Dazzling Gleam|p1b: Sneasler
|-damage|p1b: Sneasler|36/100
|
|upkeep
|
|t:|1755174899
|switch|p1a: Ursaluna|Ursaluna-Bloodmoon, L50, M|100/100
|turn|4
|
|t:|1755174928
|move|p2b: Corviknight|Protect|p2b: Corviknight
|-singleturn|p2b: Corviknight|Protect
|move|p1a: Ursaluna|Vacuum Wave|p2a: Weezing
|-resisted|p2a: Weezing
|-damage|p2a: Weezing|0 fnt
|faint|p2a: Weezing
|-end|p2a: Weezing|ability: Neutralizing Gas
|move|p1b: Sneasler|Close Combat|p2b: Corviknight
|-activate|p2b: Corviknight|move: Protect
|
|-sideend|p1: MMTQ|move: Tailwind
|upkeep
|
|t:|1755174938
|switch|p2a: Garchomp|Garchomp, L50, M|100/100
|turn|5
|
|t:|1755174967
|switch|p1b: Amoonguss|Amoonguss, L50, M, shiny|100/100
|-terastallize|p2a: Garchomp|Ground
|move|p2a: Garchomp|Earthquake|p1b: Amoonguss|[spread] p1a,p1b
|-immune|p2b: Corviknight
|-damage|p1a: Ursaluna|48/100
|-damage|p1b: Amoonguss|43/100
|-enditem|p1b: Amoonguss|Sitrus Berry|[eat]
|-heal|p1b: Amoonguss|68/100|[from] item: Sitrus Berry
|-damage|p2a: Garchomp|91/100|[from] item: Life Orb
|move|p2b: Corviknight|Roost|p2b: Corviknight
|-heal|p2b: Corviknight|92/100
|-singleturn|p2b: Corviknight|move: Roost
|move|p1a: Ursaluna|Blood Moon|p2b: Corviknight
|-resisted|p2b: Corviknight
|-damage|p2b: Corviknight|58/100
|
|-sideend|p2: beeetch|move: Tailwind
|upkeep
|turn|6
|
|t:|1755175021
|-terastallize|p1b: Amoonguss|Dark
|move|p2a: Garchomp|Earthquake|p1b: Amoonguss|[spread] p1a,p1b
|-immune|p2b: Corviknight
|-damage|p1a: Ursaluna|0 fnt
|-damage|p1b: Amoonguss|17/100
|faint|p1a: Ursaluna
|-damage|p2a: Garchomp|81/100|[from] item: Life Orb
|move|p2b: Corviknight|Brave Bird|p1b: Amoonguss
|-damage|p1b: Amoonguss|0 fnt
|faint|p1b: Amoonguss
|-damage|p2b: Corviknight|52/100|[from] Recoil
|
|upkeep
|-message|MMTQ forfeited.
|
|win|beeetch
|raw|MMTQ's rating: 1262 → 1244(-18 for losing)
|raw|beeetch's rating: 1368 → 1382(+14 for winning)
|l|☆MMTQ
|player|p1|
