|j|☆CHUPETE GOAT
|j|☆Frakub
|html|CHUPETE GOATFrakub    
|uhtml|bestof|Game 3 of a best-of-3
|t:|1755259437
|gametype|doubles
|player|p1|CHUPETE GOAT|marlon|1180
|player|p2|Frakub|acetrainer-gen4dp|1230
|gen|9
|tier|[Gen 9] VGC 2025 Reg H (Bo3)
|rated|
|rule|Species Clause: Limit one of each Pokémon
|rule|Item Clause: Limit 1 of each item
|clearpoke
|poke|p1|Rillaboom, L50, M|
|poke|p1|Incineroar, L50, F|
|poke|p1|Volcarona, L50, M|
|poke|p1|Weezing, L50, F|
|poke|p1|Dragonite, L50, M|
|poke|p1|Gholdengo, L50|
|poke|p2|Kingambit, L50, M|
|poke|p2|Rillaboom, L50, F|
|poke|p2|Ninetales-Alola, L50, F|
|poke|p2|Dragonite, L50, F|
|poke|p2|Magmar, L50, M|
|poke|p2|Sneasler, L50, M|
|teampreview|4
|showteam|p1|Rillaboom||AssaultVest|GrassySurge|WoodHammer,GrassyGlide,FakeOut,Uturn|||M|||50|,,,,,Fire]Incineroar||AbilityShield|Intimidate|FakeOut,FlareBlitz,KnockOff,PartingShot|||F|||50|,,,,,Ghost]Volcarona||Leftovers|FlameBody|HeatWave,Protect,QuiverDance,GigaDrain|||M|||50|,,,,,Grass]Weezing||SitrusBerry|NeutralizingGas|SludgeBomb,Protect,Taunt,WillOWisp|||F|||50|,,,,,Water]Dragonite||LoadedDice|Multiscale|ScaleShot,Protect,ExtremeSpeed,Encore|||M|||50|,,,,,Fairy]Gholdengo||ChoiceScarf|GoodasGold|ShadowBall,MakeItRain,Trick,Thunderbolt||||||50|,,,,,Steel
|showteam|p2|Kingambit||BlackGlasses|Defiant|KowtowCleave,SuckerPunch,SwordsDance,Protect|||M|||50|,,,,,Dark]Rillaboom||AssaultVest|GrassySurge|WoodHammer,GrassyGlide,HighHorsepower,FakeOut|||F|||50|,,,,,Fire]Ninetales-Alola||LightClay|SnowWarning|Blizzard,FreezeDry,Protect,AuroraVeil|||F|||50|,,,,,Ghost]Dragonite||LoadedDice|Multiscale|ScaleShot,ExtremeSpeed,Haze,Protect|||F|||50|,,,,,Steel]Magmar||Eviolite|VitalSpirit|Taunt,Overheat,FollowMe,Protect|||M|||50|,,,,,Ghost]Sneasler||FocusSash|PoisonTouch|FakeOut,DireClaw,CloseCombat,Protect|||M|||50|,,,,,Ghost
|inactive|Battle timer is ON: inactive players will automatically lose when time's up. (requested by Frakub)
|
|t:|1755259459
|teamsize|p1|4
|teamsize|p2|4
|start
|switch|p1a: Incineroar|Incineroar, L50, F|100/100
|switch|p1b: Weezing|Weezing, L50, F|100/100
|switch|p2a: Magmar|Magmar, L50, M|100/100
|switch|p2b: Sneasler|Sneasler, L50, M|100/100
|-ability|p1b: Weezing|Neutralizing Gas
|-block|p1a: Incineroar|item: Ability Shield
|-ability|p1a: Incineroar|Intimidate|boost
|-unboost|p2a: Magmar|atk|1
|-unboost|p2b: Sneasler|atk|1
|turn|1
|
|t:|1755259480
|move|p2b: Sneasler|Close Combat|p1a: Incineroar
|-supereffective|p1a: Incineroar
|-damage|p1a: Incineroar|38/100
|-unboost|p2b: Sneasler|def|1
|-unboost|p2b: Sneasler|spd|1
|move|p2a: Magmar|Taunt|p1b: Weezing
|-start|p1b: Weezing|move: Taunt
|move|p1b: Weezing|Sludge Bomb|p2a: Magmar
|-damage|p2a: Magmar|78/100
|move|p1a: Incineroar|Knock Off|p2a: Magmar
|-damage|p2a: Magmar|48/100
|-enditem|p2a: Magmar|Eviolite|[from] move: Knock Off|[of] p1a: Incineroar
|
|upkeep
|turn|2
|inactive|CHUPETE GOAT has 30 seconds left.
|inactive|CHUPETE GOAT has 20 seconds left.
|inactive|CHUPETE GOAT has 15 seconds left.
|
|t:|1755259521
|switch|p1a: Gholdengo|Gholdengo, L50|100/100
|move|p2b: Sneasler|Protect|p2b: Sneasler
|-singleturn|p2b: Sneasler|Protect
|move|p2a: Magmar|Overheat|p1a: Gholdengo
|-supereffective|p1a: Gholdengo
|-damage|p1a: Gholdengo|0 fnt
|-unboost|p2a: Magmar|spa|2
|faint|p1a: Gholdengo
|move|p1b: Weezing|Sludge Bomb|p2a: Magmar
|-damage|p2a: Magmar|14/100
|
|upkeep
|
|t:|1755259534
|switch|p1a: Incineroar|Incineroar, L50, F|38/100
|-ability|p1a: Incineroar|Intimidate|boost
|-unboost|p2a: Magmar|atk|1
|-unboost|p2b: Sneasler|atk|1
|turn|3
|
|t:|1755259559
|switch|p2b: Rillaboom|Rillaboom, L50, F|100/100
|switch|p1a: Dragonite|Dragonite, L50, M|100/100
|move|p2a: Magmar|Follow Me|p2a: Magmar
|-singleturn|p2a: Magmar|move: Follow Me
|move|p1b: Weezing|Sludge Bomb|p2a: Magmar
|-damage|p2a: Magmar|0 fnt
|faint|p2a: Magmar
|
|-end|p1b: Weezing|move: Taunt
|upkeep
|
|t:|1755259580
|switch|p2a: Kingambit|Kingambit, L50, M|100/100
|turn|4
|
|t:|1755259600
|move|p1a: Dragonite|Protect|p1a: Dragonite
|-singleturn|p1a: Dragonite|Protect
|move|p2b: Rillaboom|Fake Out|p1b: Weezing
|-crit|p1b: Weezing
|-damage|p1b: Weezing|84/100
|cant|p1b: Weezing|flinch
|move|p2a: Kingambit|Swords Dance|p2a: Kingambit
|-boost|p2a: Kingambit|atk|2
|
|upkeep
|turn|5
|
|t:|1755259617
|move|p2a: Kingambit|Protect|p2a: Kingambit
|-singleturn|p2a: Kingambit|Protect
|move|p1a: Dragonite|Encore|p2a: Kingambit
|-activate|p2a: Kingambit|move: Protect
|move|p2b: Rillaboom|High Horsepower|p1b: Weezing
|-supereffective|p1b: Weezing
|-damage|p1b: Weezing|28/100
|-enditem|p1b: Weezing|Sitrus Berry|[eat]
|-heal|p1b: Weezing|53/100|[from] item: Sitrus Berry
|move|p1b: Weezing|Will-O-Wisp|p2a: Kingambit
|-activate|p2a: Kingambit|move: Protect
|
|upkeep
|turn|6
|
|t:|1755259639
|move|p2a: Kingambit|Sucker Punch||[still]
|-fail|p2a: Kingambit
|move|p1a: Dragonite|Encore|p2a: Kingambit
|-start|p2a: Kingambit|Encore
|move|p2b: Rillaboom|High Horsepower|p1b: Weezing|[miss]
|-miss|p2b: Rillaboom|p1b: Weezing
|move|p1b: Weezing|Will-O-Wisp|p2b: Rillaboom
|-status|p2b: Rillaboom|brn
|
|-damage|p2b: Rillaboom|95/100 brn|[from] brn
|upkeep
|turn|7
|
|t:|1755259662
|move|p2a: Kingambit|Sucker Punch|p1a: Dragonite
|-damage|p1a: Dragonite|0 fnt
|faint|p1a: Dragonite
|move|p2b: Rillaboom|High Horsepower|p1b: Weezing
|-supereffective|p1b: Weezing
|-damage|p1b: Weezing|21/100
|move|p1b: Weezing|Will-O-Wisp|p2a: Kingambit
|-status|p2a: Kingambit|brn
|
|-damage|p2b: Rillaboom|89/100 brn|[from] brn
|-damage|p2a: Kingambit|95/100 brn|[from] brn
|upkeep
|l|☆CHUPETE GOAT
|inactive|CHUPETE GOAT disconnected and has a minute to reconnect!
|player|p1|
|inactive|CHUPETE GOAT has 30 seconds left.
|inactive|CHUPETE GOAT has 20 seconds left.
|inactive|CHUPETE GOAT has 15 seconds left.
|inactive|CHUPETE GOAT has 10 seconds left.
|inactive|CHUPETE GOAT has 5 seconds left.
|-message|CHUPETE GOAT lost due to inactivity.
|
|win|Frakub
|raw|CHUPETE GOAT's rating: 1180 → 1159(-21 for losing)
|raw|Frakub's rating: 1230 → 1251(+21 for winning)
|c|☆Frakub|gg
