|j|☆Lei41
|j|☆yhyh2333
|html|Lei41yhyh2333    
|uhtml|bestof|Game 2 of a best-of-3
|t:|1785329306
|gametype|doubles
|player|p1|Lei41|102|
|player|p2|yhyh2333|102|
|gen|9
|tier|[Gen 9 Champions] VGC 2026 Reg M-B (Bo3)
|rule|Species Clause: Limit one of each Pokémon
|rule|Item Clause: Limit 1 of each item
|clearpoke
|poke|p1|Charizard, L50, M|
|poke|p1|Incineroar, L50, F|
|poke|p1|Sylveon, L50, M|
|poke|p1|Farigiraf, L50, F|
|poke|p1|Garchomp, L50, M|
|poke|p1|Aerodactyl, L50, M|
|poke|p2|Grimmsnarl, L50, M, shiny|
|poke|p2|Espathra, L50, M, shiny|
|poke|p2|Scovillain, L50, M, shiny|
|poke|p2|Archaludon, L50, F, shiny|
|poke|p2|Pelipper, L50, M, shiny|
|poke|p2|Venusaur, L50, M, shiny|
|teampreview|4
|showteam|p1|Charizard||CharizarditeY|Blaze|HeatWave,WeatherBall,SolarBeam,Protect|Modest||M|||50|]Incineroar||Charcoal|Intimidate|FlareBlitz,DarkestLariat,FakeOut,PartingShot|Brave||F|||50|]Sylveon||FairyFeather|Pixilate|HyperVoice,Yawn,QuickAttack,Protect|Modest||M|||50|]Farigiraf||SitrusBerry|ArmorTail|Psyshock,HelpingHand,TrickRoom,Protect|Modest||F|||50|]Garchomp||LifeOrb|RoughSkin|Earthquake,Protect,DragonClaw,StompingTantrum|Jolly||M|||50|]Aerodactyl||FocusSash|Unnerve|RockSlide,Tailwind,WideGuard,Protect|Jolly||M|||50|
|showteam|p2|Grimmsnarl||LightClay|Prankster|FakeOut,LightScreen,Reflect,PartingShot|Careful||M|||50|]Espathra||MentalHerb|SpeedBoost|LuminaCrash,CalmMind,BatonPass,Protect|Timid||M|||50|]Scovillain||Scovillainite|Moody|LeafStorm,Overheat,RagePowder,Protect|Relaxed||M|||50|]Archaludon||Leftovers|Stamina|Protect,ElectroShot,DragonPulse,FlashCannon|Modest||F|||50|]Pelipper||FocusSash|Drizzle|Protect,Hurricane,WeatherBall,WideGuard|Timid||M|||50|]Venusaur||Venusaurite|Chlorophyll|Protect,GigaDrain,SludgeBomb,EarthPower|Modest||M|||50|
|
|t:|1785329324
|teamsize|p1|4
|teamsize|p2|4
|start
|switch|p1a: Incineroar|Incineroar, L50, F|100/100
|switch|p1b: Farigiraf|Farigiraf, L50, F|100/100
|switch|p2a: Grimmsnarl|Grimmsnarl, L50, M, shiny|100/100
|switch|p2b: Espathra|Espathra, L50, M, shiny|100/100
|-ability|p1a: Incineroar|Intimidate|boost
|-unboost|p2a: Grimmsnarl|atk|1
|-unboost|p2b: Espathra|atk|1
|turn|1
|
|t:|1785329364
|switch|p2b: Archaludon|Archaludon, L50, F, shiny|100/100
|move|p1b: Farigiraf|Helping Hand|p1a: Incineroar
|-singleturn|p1a: Incineroar|Helping Hand|[of] p1b: Farigiraf
|move|p2a: Grimmsnarl|Reflect|p2a: Grimmsnarl
|-sidestart|p2: yhyh2333|Reflect
|move|p1a: Incineroar|Darkest Lariat|p2b: Archaludon
|-crit|p2b: Archaludon
|-damage|p2b: Archaludon|33/100
|-ability|p2b: Archaludon|Stamina|boost
|-boost|p2b: Archaludon|def|1
|
|-heal|p2b: Archaludon|39/100|[from] item: Leftovers
|upkeep
|turn|2
|
|t:|1785329384
|switch|p2a: Pelipper|Pelipper, L50, M, shiny|100/100
|-weather|RainDance|[from] ability: Drizzle|[of] p2a: Pelipper
|move|p2b: Archaludon|Electro Shot||[still]
|-prepare|p2b: Archaludon|Electro Shot
|-boost|p2b: Archaludon|spa|1
|-anim|p2b: Archaludon|Electro Shot|p1a: Incineroar
|-damage|p1a: Incineroar|41/100
|move|p1a: Incineroar|Parting Shot|p2b: Archaludon
|-unboost|p2b: Archaludon|atk|1
|-unboost|p2b: Archaludon|spa|1
|
|t:|1785329402
|switch|p1a: Charizard|Charizard, L50, M|100/100|[from] Parting Shot
|move|p1b: Farigiraf|Trick Room|p1b: Farigiraf
|-fieldstart|move: Trick Room|[of] p1b: Farigiraf
|
|-weather|RainDance|[upkeep]
|-heal|p2b: Archaludon|45/100|[from] item: Leftovers
|upkeep
|turn|3
|
|t:|1785329429
|switch|p2a: Grimmsnarl|Grimmsnarl, L50, M, shiny|100/100
|detailschange|p1a: Charizard|Charizard-Mega-Y, L50, M
|-mega|p1a: Charizard|Charizard|Charizardite Y
|-weather|SunnyDay|[from] ability: Drought|[of] p1a: Charizard
|move|p2b: Archaludon|Protect|p2b: Archaludon
|-singleturn|p2b: Archaludon|Protect
|move|p1b: Farigiraf|Psyshock|p2a: Grimmsnarl
|-immune|p2a: Grimmsnarl
|move|p1a: Charizard|Weather Ball|p2b: Archaludon
|-activate|p2b: Archaludon|move: Protect
|
|-weather|SunnyDay|[upkeep]
|-heal|p2b: Archaludon|52/100|[from] item: Leftovers
|upkeep
|turn|4
|
|t:|1785329452
|switch|p1b: Incineroar|Incineroar, L50, F|41/100
|-ability|p1b: Incineroar|Intimidate|boost
|-unboost|p2a: Grimmsnarl|atk|1
|-unboost|p2b: Archaludon|atk|1
|switch|p2a: Pelipper|Pelipper, L50, M, shiny|100/100
|-weather|RainDance|[from] ability: Drizzle|[of] p2a: Pelipper
|switch|p1a: Sylveon|Sylveon, L50, M|100/100
|move|p2b: Archaludon|Electro Shot||[still]
|-prepare|p2b: Archaludon|Electro Shot
|-boost|p2b: Archaludon|spa|1
|-anim|p2b: Archaludon|Electro Shot|p1b: Incineroar
|-damage|p1b: Incineroar|0 fnt
|faint|p1b: Incineroar
|
|-weather|RainDance|[upkeep]
|-heal|p2b: Archaludon|58/100|[from] item: Leftovers
|upkeep
|
|t:|1785329461
|switch|p1b: Charizard|Charizard-Mega-Y, L50, M|100/100
|-weather|SunnyDay|[from] ability: Drought|[of] p1b: Charizard
|turn|5
|
|t:|1785329485
|switch|p2a: Espathra|Espathra, L50, M, shiny|100/100
|move|p2b: Archaludon|Protect|p2b: Archaludon
|-singleturn|p2b: Archaludon|Protect
|move|p1a: Sylveon|Yawn|p2b: Archaludon
|-activate|p2b: Archaludon|move: Protect
|move|p1b: Charizard|Weather Ball|p2a: Espathra
|-damage|p2a: Espathra|0 fnt
|faint|p2a: Espathra
|
|-weather|SunnyDay|[upkeep]
|-heal|p2b: Archaludon|64/100|[from] item: Leftovers
|upkeep
|
|t:|1785329497
|switch|p2a: Pelipper|Pelipper, L50, M, shiny|100/100
|-weather|RainDance|[from] ability: Drizzle|[of] p2a: Pelipper
|turn|6
|
|t:|1785329515
|switch|p1b: Farigiraf|Farigiraf, L50, F|100/100
|move|p1a: Sylveon|Yawn|p2b: Archaludon
|-start|p2b: Archaludon|move: Yawn|[of] p1a: Sylveon
|move|p2b: Archaludon|Electro Shot||[still]
|-prepare|p2b: Archaludon|Electro Shot
|-boost|p2b: Archaludon|spa|1
|-anim|p2b: Archaludon|Electro Shot|p1a: Sylveon
|-damage|p1a: Sylveon|40/100
|move|p2a: Pelipper|Weather Ball|p1a: Sylveon
|-crit|p1a: Sylveon
|-damage|p1a: Sylveon|0 fnt
|faint|p1a: Sylveon
|
|-weather|RainDance|[upkeep]
|-heal|p2b: Archaludon|70/100|[from] item: Leftovers
|-fieldend|move: Trick Room
|upkeep
|
|t:|1785329522
|switch|p1a: Charizard|Charizard-Mega-Y, L50, M|100/100
|-weather|SunnyDay|[from] ability: Drought|[of] p1a: Charizard
|turn|7
|
|t:|1785329532
|switch|p2a: Grimmsnarl|Grimmsnarl, L50, M, shiny|100/100
|move|p1b: Farigiraf|Helping Hand|p1a: Charizard
|-singleturn|p1a: Charizard|Helping Hand|[of] p1b: Farigiraf
|move|p2b: Archaludon|Protect|p2b: Archaludon
|-singleturn|p2b: Archaludon|Protect
|move|p1a: Charizard|Weather Ball|p2a: Grimmsnarl
|-damage|p2a: Grimmsnarl|0 fnt
|faint|p2a: Grimmsnarl
|
|-weather|SunnyDay|[upkeep]
|-heal|p2b: Archaludon|76/100|[from] item: Leftovers
|-end|p2b: Archaludon|move: Yawn|[silent]
|-status|p2b: Archaludon|slp
|upkeep
|
|t:|1785329540
|switch|p2a: Pelipper|Pelipper, L50, M, shiny|100/100
|-weather|RainDance|[from] ability: Drizzle|[of] p2a: Pelipper
|turn|8
|
|t:|1785329559
|move|p2a: Pelipper|Protect|p2a: Pelipper
|-singleturn|p2a: Pelipper|Protect
|move|p1a: Charizard|Weather Ball|p2a: Pelipper
|-activate|p2a: Pelipper|move: Protect
|cant|p2b: Archaludon|slp
|move|p1b: Farigiraf|Psyshock|p2a: Pelipper
|-activate|p2a: Pelipper|move: Protect
|
|-weather|RainDance|[upkeep]
|-heal|p2b: Archaludon|82/100 slp|[from] item: Leftovers
|-sideend|p2: yhyh2333|Reflect
|upkeep
|turn|9
|-message|Lei41 forfeited.
|
|win|yhyh2333
|l|☆Lei41
|player|p1|
