|j|☆TommeeVGC
|j|☆javivaarela
|html|TommeeVGCjavivaarela    
|uhtml|bestof|Game 2 of a best-of-3
|t:|1754389571
|gametype|doubles
|player|p1|TommeeVGC|ethan|1201
|player|p2|javivaarela|102|1187
|gen|9
|tier|[Gen 9] VGC 2025 Reg H (Bo3)
|rated|
|rule|Species Clause: Limit one of each Pokémon
|rule|Item Clause: Limit 1 of each item
|clearpoke
|poke|p1|Whimsicott, L50, M|
|poke|p1|Garchomp, L50, M|
|poke|p1|Gholdengo, L50|
|poke|p1|Incineroar, L50, M|
|poke|p1|Sneasler, L50, F|
|poke|p1|Dragonite, L50, M|
|poke|p2|Excadrill, L50, M|
|poke|p2|Tyranitar, L50, M|
|poke|p2|Sneasler, L50, F|
|poke|p2|Dragapult, L50, M|
|poke|p2|Archaludon, L50, M|
|poke|p2|Indeedee-F, L50, F|
|teampreview|4
|showteam|p1|Whimsicott||FocusSash|Prankster|Moonblast,Encore,Tailwind,Protect|||M|||50|,,,,,Ghost]Garchomp||LifeOrb|RoughSkin|Earthquake,DragonClaw,StompingTantrum,Protect|||M|||50|,,,,,Ground]Gholdengo||ChoiceSpecs|GoodasGold|MakeItRain,ShadowBall,Trick,Protect||||||50|,,,,,Steel]Incineroar||AssaultVest|Intimidate|FakeOut,FlareBlitz,KnockOff,Uturn|||M|||50|,,,,,Grass]Sneasler||WhiteHerb|Unburden|DireClaw,CloseCombat,FakeOut,Protect|||F|||50|,,,,,Stellar]Dragonite||ChoiceBand|InnerFocus|ExtremeSpeed,Outrage,IceSpinner,StompingTantrum|||M|||50|,,,,,Normal
|showteam|p2|Excadrill||FocusSash|SandRush|HighHorsepower,IronHead,Earthquake,Protect|||M|||50|,,,,,Ground]Tyranitar||AssaultVest|SandStream|RockSlide,KnockOff,LowKick,TeraBlast|||M|||50|,,,,,Flying]Sneasler||WhiteHerb|Unburden|DireClaw,CloseCombat,ThroatChop,Protect|||F|||50|,,,,,Dark]Dragapult||ChoiceBand|ClearBody|PhantomForce,DragonDarts,Uturn,Outrage|||M|||50|,,,,,Dragon]Archaludon||PowerHerb|Sturdy|ElectroShot,DragonPulse,Thunderbolt,Protect|||M|||50|,,,,,Electric]Indeedee-F||SafetyGoggles|PsychicSurge|HelpingHand,FollowMe,TrickRoom,Psychic|||F|||50|,,,,,Water
|inactive|Battle timer is ON: inactive players will automatically lose when time's up. (requested by javivaarela)
|inactive|TommeeVGC has 60 seconds left.
|inactive|javivaarela has 60 seconds left.
|inactive|javivaarela has 30 seconds left.
|inactive|javivaarela has 20 seconds left.
|
|t:|1754389642
|teamsize|p1|4
|teamsize|p2|4
|start
|switch|p1a: Gholdengo|Gholdengo, L50|100/100
|switch|p1b: Incineroar|Incineroar, L50, M|100/100
|switch|p2a: Excadrill|Excadrill, L50, M|100/100
|switch|p2b: Tyranitar|Tyranitar, L50, M|100/100
|-weather|Sandstorm|[from] ability: Sand Stream|[of] p2b: Tyranitar
|-ability|p1b: Incineroar|Intimidate|boost
|-unboost|p2a: Excadrill|atk|1
|-unboost|p2b: Tyranitar|atk|1
|turn|1
|inactive|javivaarela has 30 seconds left.
|
|t:|1754389668
|switch|p2b: Indeedee|Indeedee-F, L50, F|100/100
|-fieldstart|move: Psychic Terrain|[from] ability: Psychic Surge|[of] p2b: Indeedee
|-terastallize|p2a: Excadrill|Ground
|move|p1b: Incineroar|Fake Out|p2a: Excadrill
|-activate|p2a: Excadrill|move: Psychic Terrain
|move|p2a: Excadrill|High Horsepower|p1a: Gholdengo
|-supereffective|p1a: Gholdengo
|-damage|p1a: Gholdengo|0 fnt
|faint|p1a: Gholdengo
|
|-weather|Sandstorm|[upkeep]
|-damage|p1b: Incineroar|94/100|[from] Sandstorm
|upkeep
|
|t:|1754389683
|switch|p1a: Garchomp|Garchomp, L50, M|100/100
|turn|2
|inactive|javivaarela has 30 seconds left.
|
|t:|1754389712
|-terastallize|p1b: Incineroar|Grass
|move|p2b: Indeedee|Follow Me|p2b: Indeedee
|-singleturn|p2b: Indeedee|move: Follow Me
|move|p2a: Excadrill|High Horsepower|p1a: Garchomp|[miss]
|-miss|p2a: Excadrill|p1a: Garchomp
|move|p1a: Garchomp|Earthquake|p2a: Excadrill|[spread] p1b,p2a,p2b
|-resisted|p1b: Incineroar
|-damage|p1b: Incineroar|71/100
|-damage|p2a: Excadrill|25/100
|-damage|p2b: Indeedee|54/100
|-damage|p1a: Garchomp|91/100|[from] item: Life Orb
|move|p1b: Incineroar|Knock Off|p2b: Indeedee
|-supereffective|p2b: Indeedee
|-damage|p2b: Indeedee|0 fnt
|-enditem|p2b: Indeedee|Safety Goggles|[from] move: Knock Off|[of] p1b: Incineroar
|faint|p2b: Indeedee
|
|-weather|Sandstorm|[upkeep]
|-damage|p1b: Incineroar|65/100|[from] Sandstorm
|upkeep
|
|t:|1754389721
|switch|p2b: Dragapult|Dragapult, L50, M, shiny|100/100
|turn|3
|
|t:|1754389746
|move|p1a: Garchomp|Protect|p1a: Garchomp
|-singleturn|p1a: Garchomp|Protect
|move|p2a: Excadrill|Iron Head|p1b: Incineroar
|-damage|p1b: Incineroar|34/100
|move|p2b: Dragapult|Dragon Darts|p1b: Incineroar
|-damage|p1b: Incineroar|0 fnt
|faint|p1b: Incineroar
|
|-weather|Sandstorm|[upkeep]
|-damage|p2b: Dragapult|95/100|[from] Sandstorm
|upkeep
|
|t:|1754389756
|switch|p1b: Sneasler|Sneasler, L50, F|100/100
|turn|4
|
|t:|1754389769
|move|p1b: Sneasler|Protect|p1b: Sneasler
|-singleturn|p1b: Sneasler|Protect
|move|p1a: Garchomp|Protect||[still]
|-fail|p1a: Garchomp
|move|p2a: Excadrill|High Horsepower|p1b: Sneasler
|-activate|p1b: Sneasler|move: Protect
|move|p2b: Dragapult|Dragon Darts|p1a: Garchomp
|-supereffective|p1a: Garchomp
|-damage|p1a: Garchomp|4/100
|-anim|p2b: Dragapult|Dragon Darts|p1a: Garchomp
|-supereffective|p1a: Garchomp
|-damage|p1a: Garchomp|0 fnt
|faint|p1a: Garchomp
|
|-weather|Sandstorm|[upkeep]
|-damage|p2b: Dragapult|89/100|[from] Sandstorm
|-damage|p1b: Sneasler|95/100|[from] Sandstorm
|upkeep
|turn|5
|
|t:|1754389788
|move|p2a: Excadrill|Earthquake|p1b: Sneasler|[spread] p2b,p1b
|-supereffective|p1b: Sneasler
|-damage|p2b: Dragapult|35/100
|-damage|p1b: Sneasler|0 fnt
|faint|p1b: Sneasler
|
|win|javivaarela
|raw|TommeeVGC's rating: 1201 → 1175(-26 for losing)
|raw|javivaarela's rating: 1187 → 1213(+26 for winning)
|c|☆javivaarela|gg
