|j|☆artyowls
|j|☆Nonna_Cesarina
|html|artyowlsNonna_Cesarina    
|uhtml|bestof|Game 1 of a best-of-3
|t:|1756300480
|gametype|doubles
|player|p1|artyowls|plasmagrunt|1130
|player|p2|Nonna_Cesarina|swimmer|1149
|gen|9
|tier|[Gen 9] VGC 2025 Reg H (Bo3)
|rated|
|rule|Species Clause: Limit one of each Pokémon
|rule|Item Clause: Limit 1 of each item
|clearpoke
|poke|p1|Archaludon, L50, F|
|poke|p1|Electabuzz, L50, M|
|poke|p1|Rillaboom, L50, M|
|poke|p1|Kingambit, L50, M|
|poke|p1|Pelipper, L50, M|
|poke|p1|Dragapult, L50, F|
|poke|p2|Ursaluna, L50, F|
|poke|p2|Jumpluff, L50, M|
|poke|p2|Charizard, L50, F|
|poke|p2|Torkoal, L50, F|
|poke|p2|Incineroar, L50, F|
|poke|p2|Porygon2, L50|
|teampreview|4
|showteam|p1|Archaludon||AssaultVest|Stamina|BodyPress,ElectroShot,DracoMeteor,FlashCannon|||F|||50|,,,,,Flying]Electabuzz||Eviolite|VitalSpirit|FollowMe,Protect,Taunt,Thunderbolt|||M|||50|,,,,,Fairy]Rillaboom||LoadedDice|GrassySurge|FakeOut,GrassyGlide,BulletSeed,HighHorsepower|||M|||50|,,,,,Water]Kingambit||SafetyGoggles|Defiant|SuckerPunch,SwordsDance,KowtowCleave,Protect|||M|||50|,,,,,Dark]Pelipper||FocusSash|Drizzle|Hurricane,WeatherBall,Protect,Tailwind|||M|||50|,,,,,Stellar]Dragapult||ChoiceBand|ClearBody|DragonDarts,PhantomForce,Outrage,Uturn|||F|||50|,,,,,Dragon
|showteam|p2|Ursaluna||FlameOrb|Guts|HeadlongRush,Facade,Earthquake,Protect|||F|||50|,,,,,Ghost]Jumpluff||CovertCloak|Chlorophyll|SleepPowder,SunnyDay,Tailwind,RagePowder|||M|||50|,,,,,Water]Charizard||ChoiceSpecs|SolarPower|AirSlash,HeatWave,Overheat,WeatherBall|||F|||50|,,,,,Ghost]Torkoal||EjectPack|Drought|HelpingHand,Eruption,Overheat,Protect|||F|||50|,,,,,Fire]Incineroar||SitrusBerry|Intimidate|FakeOut,FlareBlitz,KnockOff,PartingShot|||F|||50|,,,,,Ghost]Porygon2||Eviolite|Download|TeraBlast,IceBeam,Recover,TrickRoom||||||50|,,,,,Fighting
|inactive|Battle timer is ON: inactive players will automatically lose when time's up. (requested by Nonna_Cesarina)
|inactive|Nonna_Cesarina has 60 seconds left.
|
|t:|1756300538
|teamsize|p1|4
|teamsize|p2|4
|start
|switch|p1a: Rillaboom|Rillaboom, L50, M|100/100
|switch|p1b: Archaludon|Archaludon, L50, F|100/100
|switch|p2a: Charizard|Charizard, L50, F|100/100
|switch|p2b: Jumpluff|Jumpluff, L50, M|100/100
|-fieldstart|move: Grassy Terrain|[from] ability: Grassy Surge|[of] p1a: Rillaboom
|turn|1
|inactive|artyowls has 30 seconds left.
|inactive|artyowls has 20 seconds left.
|inactive|artyowls has 15 seconds left.
|
|t:|1756300578
|-terastallize|p2a: Charizard|Ghost
|move|p1a: Rillaboom|Fake Out|p2a: Charizard
|-immune|p2a: Charizard
|move|p2b: Jumpluff|Sunny Day|p2b: Jumpluff
|-weather|SunnyDay
|move|p2a: Charizard|Heat Wave|p1b: Archaludon|[spread] p1a,p1b
|-supereffective|p1a: Rillaboom
|-damage|p1a: Rillaboom|0 fnt
|-damage|p1b: Archaludon|26/100
|-status|p1b: Archaludon|brn
|-ability|p1b: Archaludon|Stamina|boost
|-boost|p1b: Archaludon|def|1
|faint|p1a: Rillaboom
|move|p1b: Archaludon|Draco Meteor|p2a: Charizard
|-damage|p2a: Charizard|14/100
|-unboost|p1b: Archaludon|spa|2
|
|-weather|SunnyDay|[upkeep]
|-damage|p2a: Charizard|2/100|[from] ability: Solar Power|[of] p2a: Charizard
|-heal|p2a: Charizard|8/100|[from] Grassy Terrain
|-heal|p1b: Archaludon|32/100 brn|[from] Grassy Terrain
|-damage|p1b: Archaludon|26/100 brn|[from] brn
|upkeep
|
|t:|1756300597
|switch|p1a: Pelipper|Pelipper, L50, M|100/100
|-weather|RainDance|[from] ability: Drizzle|[of] p1a: Pelipper
|turn|2
|inactive|artyowls has 30 seconds left.
|
|t:|1756300631
|move|p2b: Jumpluff|Sunny Day|p2b: Jumpluff
|-weather|SunnyDay
|move|p2a: Charizard|Heat Wave|p1a: Pelipper|[spread] p1a,p1b
|-resisted|p1a: Pelipper
|-enditem|p1a: Pelipper|Focus Sash
|-damage|p1a: Pelipper|1/100
|-damage|p1b: Archaludon|0 fnt
|faint|p1b: Archaludon
|move|p1a: Pelipper|Weather Ball|p2a: Charizard
|-damage|p2a: Charizard|0 fnt
|faint|p2a: Charizard
|
|-weather|SunnyDay|[upkeep]
|upkeep
|
|t:|1756300650
|switch|p2a: Torkoal|Torkoal, L50, F|100/100
|switch|p1b: Dragapult|Dragapult, L50, F|100/100
|turn|3
|inactive|artyowls has 30 seconds left.
|
|t:|1756300681
|-terastallize|p1b: Dragapult|Dragon
|move|p2b: Jumpluff|Rage Powder|p2b: Jumpluff
|-singleturn|p2b: Jumpluff|move: Rage Powder
|move|p1b: Dragapult|Dragon Darts|p2b: Jumpluff
|-damage|p2b: Jumpluff|31/100
|-anim|p1b: Dragapult|Dragon Darts|p2b: Jumpluff
|-damage|p2b: Jumpluff|0 fnt
|faint|p2b: Jumpluff
|move|p1a: Pelipper|Weather Ball|p2a: Torkoal
|-resisted|p2a: Torkoal
|-damage|p2a: Torkoal|68/100
|move|p2a: Torkoal|Eruption|p1a: Pelipper|[spread] p1a,p1b
|-resisted|p1a: Pelipper
|-resisted|p1b: Dragapult
|-damage|p1a: Pelipper|0 fnt
|-damage|p1b: Dragapult|70/100
|faint|p1a: Pelipper
|
|-weather|SunnyDay|[upkeep]
|-heal|p1b: Dragapult|76/100|[from] Grassy Terrain
|-heal|p2a: Torkoal|74/100|[from] Grassy Terrain
|upkeep
|
|t:|1756300695
|switch|p2b: Porygon2|Porygon2, L50|100/100
|-ability|p2b: Porygon2|Download|boost
|-boost|p2b: Porygon2|spa|1
|turn|4
|
|t:|1756300714
|move|p1b: Dragapult|Dragon Darts|p2b: Porygon2
|-damage|p2b: Porygon2|64/100
|-anim|p1b: Dragapult|Dragon Darts|p2a: Torkoal
|-damage|p2a: Torkoal|34/100
|move|p2a: Torkoal|Eruption|p1b: Dragapult
|-resisted|p1b: Dragapult
|-damage|p1b: Dragapult|53/100
|move|p2b: Porygon2|Trick Room|p2b: Porygon2
|-fieldstart|move: Trick Room|[of] p2b: Porygon2
|
|-weather|SunnyDay|[upkeep]
|-heal|p2a: Torkoal|41/100|[from] Grassy Terrain
|-heal|p2b: Porygon2|70/100|[from] Grassy Terrain
|-heal|p1b: Dragapult|59/100|[from] Grassy Terrain
|upkeep
|turn|5
|
|t:|1756300734
|move|p2a: Torkoal|Helping Hand|p2b: Porygon2
|-singleturn|p2b: Porygon2|Helping Hand|[of] p2a: Torkoal
|move|p2b: Porygon2|Ice Beam|p1b: Dragapult
|-supereffective|p1b: Dragapult
|-damage|p1b: Dragapult|0 fnt
|faint|p1b: Dragapult
|
|win|Nonna_Cesarina
||Nonna_Cesarina is ready for game 2.
||artyowls is ready for game 2.
|uhtml|next|Next: Game 2 of 3
