|j|☆Ballfondler400
|j|☆kmf.dsnsla
|html|Ballfondler400kmf.dsnsla    
|uhtml|bestof|Game 2 of a best-of-3
|t:|1783937842
|gametype|doubles
|player|p1|Ballfondler400|102|1040
|player|p2|kmf.dsnsla|169|1000
|gen|9
|tier|[Gen 9 Champions] VGC 2026 Reg M-B (Bo3)
|rated|
|rule|Species Clause: Limit one of each Pokémon
|rule|Item Clause: Limit 1 of each item
|clearpoke
|poke|p1|Sylveon, L50, F, shiny|
|poke|p1|Sinistcha, L50|
|poke|p1|Swampert, L50, F, shiny|
|poke|p1|Pelipper, L50, F|
|poke|p1|Archaludon, L50, F|
|poke|p1|Dragalge, L50, F, shiny|
|poke|p2|Greninja, L50, F|
|poke|p2|Charizard, L50, F|
|poke|p2|Farigiraf, L50, F|
|poke|p2|Staraptor, L50, M|
|poke|p2|Whimsicott, L50, F|
|poke|p2|Venusaur, L50, M|
|teampreview|4
|showteam|p1|Sylveon||IronBall|Pixilate|HyperVoice,Protect,HyperBeam,Copycat|Quiet||F|||50|]Sinistcha||SitrusBerry|Hospitality|MatchaGotcha,TrickRoom,RagePowder,LifeDew|Calm|||||50|]Swampert||Swampertite|Torrent|Protect,IcePunch,WaveCrash,HighHorsepower|Adamant||F|||50|]Pelipper||FocusSash|Drizzle|Tailwind,WideGuard,Protect,WeatherBall|Serious||F|||50|]Archaludon||Leftovers|Stamina|FlashCannon,ElectroShot,DracoMeteor,Protect|Calm||F|||50|]Dragalge||Dragalgite|Adaptability|Toxic,DragonPulse,SludgeBomb,Protect|Modest||F|||50|
|showteam|p2|Greninja||Greninjite|Protean|WeatherBall,SludgeWave,IcyWind,Protect|Serious||F|||50|]Charizard||CharizarditeY|SolarPower|HeatWave,DragonPulse,Flamethrower,SolarBeam|Timid||F|||50|]Farigiraf||Leftovers|ArmorTail|SkillSwap,Protect,Roar,Psychic|Calm||F|||50|]Staraptor||MentalHerb|Intimidate|FinalGambit,BraveBird,CloseCombat,Roost|Jolly||M|||50|]Whimsicott||FocusSash|Prankster|Tailwind,Encore,SunnyDay,GigaDrain|Timid||F|||50|]Venusaur||SitrusBerry|Chlorophyll|SleepPowder,SolarBeam,SludgeBomb,Protect|Modest||M|||50|
|inactive|Battle timer is ON: inactive players will automatically lose when time's up. (requested by kmf.dsnsla)
|
|t:|1783937884
|teamsize|p1|4
|teamsize|p2|4
|start
|switch|p1a: Swampert|Swampert, L50, F, shiny|100/100
|switch|p1b: Sinistcha|Sinistcha, L50|100/100
|switch|p2a: Charizard|Charizard, L50, F|100/100
|switch|p2b: Farigiraf|Farigiraf, L50, F|100/100
|turn|1
|inactive|Ballfondler400 has 30 seconds left.
|inactive|kmf.dsnsla has 30 seconds left.
|inactive|Ballfondler400 has 20 seconds left.
|inactive|kmf.dsnsla has 20 seconds left.
|inactive|Ballfondler400 has 15 seconds left.
|inactive|kmf.dsnsla has 15 seconds left.
|inactive|Ballfondler400 has 10 seconds left.
|
|t:|1783937930
|switch|p2a: Staraptor|Staraptor, L50, M|100/100
|-ability|p2a: Staraptor|Intimidate|boost
|-unboost|p1a: Swampert|atk|1
|-unboost|p1b: Sinistcha|atk|1
|switch|p1b: Dragalge|Dragalge, L50, F, shiny|100/100
|move|p1a: Swampert|High Horsepower|p2b: Farigiraf
|-damage|p2b: Farigiraf|69/100
|move|p2b: Farigiraf|Skill Swap|p2a: Staraptor
|-activate|p2b: Farigiraf|Skill Swap|||[of] p2a: Staraptor
|-ability|p2b: Farigiraf|Intimidate|boost
|-unboost|p1a: Swampert|atk|1
|-unboost|p1b: Dragalge|atk|1
|
|-heal|p2b: Farigiraf|75/100|[from] item: Leftovers
|upkeep
|turn|2
|inactive|Ballfondler400 has 30 seconds left.
|inactive|kmf.dsnsla has 30 seconds left.
|inactive|Ballfondler400 has 20 seconds left.
|inactive|kmf.dsnsla has 20 seconds left.
|
|t:|1783937970
|detailschange|p1b: Dragalge|Dragalge-Mega, L50, F, shiny
|-mega|p1b: Dragalge|Dragalge|Dragalgite
|move|p2a: Staraptor|Brave Bird|p1b: Dragalge
|-crit|p1b: Dragalge
|-damage|p1b: Dragalge|18/100
|-damage|p2a: Staraptor|75/100|[from] Recoil
|move|p1a: Swampert|Ice Punch|p2a: Staraptor
|-supereffective|p2a: Staraptor|1
|-damage|p2a: Staraptor|42/100
|-status|p2a: Staraptor|frz
|move|p2b: Farigiraf|Skill Swap|p2a: Staraptor
|-activate|p2b: Farigiraf|Skill Swap|||[of] p2a: Staraptor
|-ability|p2a: Staraptor|Intimidate|boost
|-unboost|p1a: Swampert|atk|1
|-unboost|p1b: Dragalge|atk|1
|move|p1b: Dragalge|Toxic||[still]
|-fail|p1b: Dragalge
|
|-heal|p2b: Farigiraf|81/100|[from] item: Leftovers
|upkeep
|turn|3
|inactive|Ballfondler400 has 30 seconds left.
|inactive|kmf.dsnsla has 30 seconds left.
|
|t:|1783938000
|-heal|p1b: Dragalge|51/100|[from] ability: Regenerator|[silent]
|switch|p1b: Sinistcha|Sinistcha, L50|100/100
|cant|p2a: Staraptor|frz
|move|p1a: Swampert|Ice Punch|p2a: Staraptor
|-supereffective|p2a: Staraptor|1
|-damage|p2a: Staraptor|16/100 frz
|move|p2b: Farigiraf|Psychic|p1b: Sinistcha
|-damage|p1b: Sinistcha|69/100
|
|-heal|p2b: Farigiraf|88/100|[from] item: Leftovers
|upkeep
|turn|4
|inactive|Ballfondler400 has 30 seconds left.
|inactive|kmf.dsnsla has 30 seconds left.
|inactive|kmf.dsnsla has 20 seconds left.
|inactive|kmf.dsnsla has 15 seconds left.
|
|t:|1783938041
|switch|p1a: Sylveon|Sylveon, L50, F, shiny|100/100
|cant|p2a: Staraptor|frz
|move|p2b: Farigiraf|Psychic|p1b: Sinistcha
|-damage|p1b: Sinistcha|37/100
|-enditem|p1b: Sinistcha|Sitrus Berry|[eat]
|-heal|p1b: Sinistcha|61/100|[from] item: Sitrus Berry
|move|p1b: Sinistcha|Trick Room|p1b: Sinistcha
|-fieldstart|move: Trick Room|[of] p1b: Sinistcha
|
|-heal|p2b: Farigiraf|94/100|[from] item: Leftovers
|upkeep
|turn|5
|inactive|kmf.dsnsla has 30 seconds left.
|inactive|kmf.dsnsla has 20 seconds left.
|
|t:|1783938077
|move|p1a: Sylveon|Hyper Voice|p2a: Staraptor|[spread] p2a,p2b
|-damage|p2a: Staraptor|0 fnt
|-damage|p2b: Farigiraf|67/100
|faint|p2a: Staraptor
|move|p2b: Farigiraf|Skill Swap|p1a: Sylveon
|-activate|p2b: Farigiraf|Skill Swap|Pixilate|Armor Tail|[of] p1a: Sylveon
|move|p1b: Sinistcha|Matcha Gotcha|p2b: Farigiraf
|-damage|p2b: Farigiraf|43/100
|-heal|p1b: Sinistcha|77/100|[from] drain|[of] p2b: Farigiraf
|
|-heal|p2b: Farigiraf|49/100|[from] item: Leftovers
|upkeep
|
|t:|1783938097
|switch|p2a: Charizard|Charizard, L50, F|100/100
|turn|6
|inactive|Ballfondler400 has 30 seconds left.
|
|t:|1783938123
|switch|p1a: Dragalge|Dragalge-Mega, L50, F, shiny|51/100
|detailschange|p2a: Charizard|Charizard-Mega-Y, L50, F
|-mega|p2a: Charizard|Charizard|Charizardite Y
|-weather|SunnyDay|[from] ability: Drought|[of] p2a: Charizard
|move|p2b: Farigiraf|Psychic|p1a: Dragalge
|-supereffective|p1a: Dragalge|1
|-damage|p1a: Dragalge|1/100
|move|p1b: Sinistcha|Life Dew|p1b: Sinistcha|[spread] p1a,p1b
|-heal|p1a: Dragalge|26/100
|-heal|p1b: Sinistcha|100/100
|move|p2a: Charizard|Heat Wave|p1a: Dragalge|[spread] p1a,p1b
|-resisted|p1a: Dragalge|1
|-supereffective|p1b: Sinistcha|1
|-damage|p1a: Dragalge|5/100
|-damage|p1b: Sinistcha|0 fnt
|faint|p1b: Sinistcha
|
|-weather|SunnyDay|[upkeep]
|-heal|p2b: Farigiraf|55/100|[from] item: Leftovers
|upkeep
|
|t:|1783938142
|switch|p1b: Sylveon|Sylveon, L50, F, shiny|100/100
|turn|7
|
|t:|1783938166
|move|p1b: Sylveon|Hyper Beam|p2b: Farigiraf
|-damage|p2b: Farigiraf|0 fnt
|-mustrecharge|p1b: Sylveon
|faint|p2b: Farigiraf
|move|p1a: Dragalge|Sludge Bomb|p2a: Charizard
|-damage|p2a: Charizard|43/100
|move|p2a: Charizard|Heat Wave|p1b: Sylveon|[spread] p1a,p1b
|-resisted|p1a: Dragalge|1
|-damage|p1a: Dragalge|0 fnt
|-damage|p1b: Sylveon|44/100
|faint|p1a: Dragalge
|
|-weather|SunnyDay|[upkeep]
|upkeep
|
|t:|1783938176
|switch|p1a: Swampert|Swampert, L50, F, shiny|100/100
|switch|p2b: Greninja|Greninja, L50, F|100/100
|turn|8
|inactive|kmf.dsnsla has 30 seconds left.
|inactive|kmf.dsnsla has 20 seconds left.
|
|t:|1783938215
|cant|p1b: Sylveon|recharge
|move|p1a: Swampert|Wave Crash|p2a: Charizard
|-supereffective|p2a: Charizard|1
|-damage|p2a: Charizard|0 fnt
|faint|p2a: Charizard
|-damage|p1a: Swampert|89/100|[from] Recoil
|move|p2b: Greninja|Icy Wind|p1b: Sylveon|[spread] p1b
|-start|p2b: Greninja|typechange|Ice|[from] ability: Protean
|-miss|p2b: Greninja|p1a: Swampert
|-damage|p1b: Sylveon|30/100
|-unboost|p1b: Sylveon|spe|1
|
|-weather|SunnyDay|[upkeep]
|-fieldend|move: Trick Room
|upkeep
|turn|9
|inactive|Ballfondler400 has 30 seconds left.
|
|t:|1783938246
|move|p2b: Greninja|Sludge Wave|p1a: Swampert|[spread] p1a,p1b
|-resisted|p1a: Swampert|1
|-supereffective|p1b: Sylveon|1
|-damage|p1a: Swampert|80/100
|-damage|p1b: Sylveon|0 fnt
|faint|p1b: Sylveon
|move|p1a: Swampert|High Horsepower|p2b: Greninja
|-damage|p2b: Greninja|30/100
|
|-weather|SunnyDay|[upkeep]
|upkeep
|turn|10
|
|t:|1783938264
|move|p2b: Greninja|Icy Wind|p1a: Swampert
|-damage|p1a: Swampert|56/100
|-unboost|p1a: Swampert|spe|1
|move|p1a: Swampert|High Horsepower|p2b: Greninja
|-damage|p2b: Greninja|0 fnt
|faint|p2b: Greninja
|
|win|Ballfondler400
|raw|Ballfondler400's rating: 1040 → 1070(+30 for winning)
|raw|kmf.dsnsla's rating: 1000 → 1000(+0 for losing)
|l|☆kmf.dsnsla
|player|p2|
