|j|☆duonghatde
|j|☆lerry27
|html|duonghatdelerry27    
|uhtml|bestof|Game 2 of a best-of-3
|t:|1784015936
|gametype|doubles
|player|p1|duonghatde|266|1075
|player|p2|lerry27|1|1020
|gen|9
|tier|[Gen 9 Champions] VGC 2026 Reg M-B (Bo3)
|rated|
|rule|Species Clause: Limit one of each Pokémon
|rule|Item Clause: Limit 1 of each item
|clearpoke
|poke|p1|Froslass, L50, F, shiny|
|poke|p1|Archaludon, L50, M|
|poke|p1|Basculegion, L50, M|
|poke|p1|Kingambit, L50, M|
|poke|p1|Sneasler, L50, M|
|poke|p1|Raichu, L50, F|
|poke|p2|Floette-Eternal, L50, F|
|poke|p2|Maushold-Four, L50|
|poke|p2|Gengar, L50, M, shiny|
|poke|p2|Incineroar, L50, M, shiny|
|poke|p2|Politoed, L50, M|
|poke|p2|Grimmsnarl, L50, M|
|teampreview|4
|showteam|p1|Froslass||Froslassite|CursedBody|AuroraVeil,RainDance,Blizzard,Protect|Timid||F|||50|]Archaludon||Leftovers|Stamina|FlashCannon,ElectroShot,Protect,DarkPulse|Timid||M|||50|]Basculegion||ChoiceScarf|Adaptability|FlipTurn,WaveCrash,AquaJet,LastRespects|Jolly||M|||50|]Kingambit||FocusSash|Defiant|KowtowCleave,SuckerPunch,SwordsDance,Protect|Adamant||M|||50|]Sneasler||WhiteHerb|Unburden|Protect,FakeOut,CloseCombat,PoisonJab|Adamant||M|||50|]Raichu||RaichuniteY|LightningRod|FocusBlast,ZapCannon,FakeOut,Protect|Hasty||F|||50|
|showteam|p2|Floette-Eternal||Floettite|FlowerVeil|CalmMind,DazzlingGleam,DrainingKiss,Protect|Timid||F|||50|]Maushold-Four||ChopleBerry|FriendGuard|Uturn,HelpingHand,FollowMe,Protect|Impish|||||50|]Gengar||Gengarite|CursedBody|ShadowBall,PerishSong,Disable,Protect|Bold||M|||50|]Incineroar||PasshoBerry|Intimidate|FakeOut,ThroatChop,PartingShot,Protect|Careful||M|||50|]Politoed||SitrusBerry|Drizzle|WeatherBall,Encore,PerishSong,Protect|Calm||M|||50|]Grimmsnarl||LightClay|Prankster|FakeOut,PartingShot,LightScreen,Reflect|Careful||M|||50|
|
|t:|1784015966
|teamsize|p1|4
|teamsize|p2|4
|start
|switch|p1a: Froslass|Froslass, L50, F, shiny|100/100
|switch|p1b: Kingambit|Kingambit, L50, M|100/100
|switch|p2a: Grimmsnarl|Grimmsnarl, L50, M|100/100
|switch|p2b: Floette|Floette-Eternal, L50, F|100/100
|turn|1
|
|t:|1784015985
|detailschange|p1a: Froslass|Froslass-Mega, L50, F, shiny
|-mega|p1a: Froslass|Froslass|Froslassite
|-weather|Snowscape|[from] ability: Snow Warning|[of] p1a: Froslass
|detailschange|p2b: Floette|Floette-Mega, L50, F
|-mega|p2b: Floette|Floette|Floettite
|-ability|p2b: Floette|Fairy Aura
|move|p2a: Grimmsnarl|Parting Shot|p1a: Froslass
|-unboost|p1a: Froslass|atk|1
|-unboost|p1a: Froslass|spa|1
|
|t:|1784015995
|switch|p2a: Politoed|Politoed, L50, M|100/100|[from] Parting Shot
|-weather|RainDance|[from] ability: Drizzle|[of] p2a: Politoed
|move|p1a: Froslass|Aurora Veil||[still]
|-fail|p1a: Froslass
|move|p2b: Floette|Calm Mind|p2b: Floette
|-boost|p2b: Floette|spa|1
|-boost|p2b: Floette|spd|1
|move|p1b: Kingambit|Swords Dance|p1b: Kingambit
|-boost|p1b: Kingambit|atk|2
|
|-weather|RainDance|[upkeep]
|upkeep
|turn|2
|
|t:|1784016017
|switch|p1a: Archaludon|Archaludon, L50, M|100/100
|move|p2b: Floette|Calm Mind|p2b: Floette
|-boost|p2b: Floette|spa|1
|-boost|p2b: Floette|spd|1
|move|p2a: Politoed|Encore|p1b: Kingambit
|-start|p1b: Kingambit|Encore
|move|p1b: Kingambit|Swords Dance|p1b: Kingambit
|-boost|p1b: Kingambit|atk|2
|
|-weather|RainDance|[upkeep]
|upkeep
|turn|3
|
|t:|1784016045
|switch|p2a: Maushold|Maushold-Four, L50|100/100
|switch|p1b: Froslass|Froslass-Mega, L50, F, shiny|100/100
|-weather|Snowscape|[from] ability: Snow Warning|[of] p1b: Froslass
|move|p2b: Floette|Dazzling Gleam|p1a: Archaludon|[spread] p1a,p1b
|-damage|p1a: Archaludon|0 fnt
|-damage|p1b: Froslass|13/100
|faint|p1a: Archaludon
|
|-weather|Snowscape|[upkeep]
|upkeep
|
|t:|1784016055
|switch|p1a: Kingambit|Kingambit, L50, M|100/100
|turn|4
|
|t:|1784016063
|switch|p2a: Politoed|Politoed, L50, M|100/100
|-weather|RainDance|[from] ability: Drizzle|[of] p2a: Politoed
|move|p1a: Kingambit|Protect|p1a: Kingambit
|-singleturn|p1a: Kingambit|Protect
|move|p1b: Froslass|Blizzard|p2a: Politoed|[spread] p2b
|-miss|p1b: Froslass|p2a: Politoed
|-damage|p2b: Floette|85/100
|move|p2b: Floette|Dazzling Gleam|p1a: Kingambit|[spread] p1b
|-activate|p1a: Kingambit|move: Protect
|-damage|p1b: Froslass|0 fnt
|faint|p1b: Froslass
|
|-weather|RainDance|[upkeep]
|upkeep
|
|t:|1784016081
|switch|p1b: Basculegion|Basculegion, L50, M|100/100
|turn|5
|
|t:|1784016092
|switch|p2a: Maushold|Maushold-Four, L50|100/100
|move|p2b: Floette|Protect|p2b: Floette
|-singleturn|p2b: Floette|Protect
|move|p1b: Basculegion|Last Respects|p2b: Floette
|-activate|p2b: Floette|move: Protect
|move|p1a: Kingambit|Swords Dance|p1a: Kingambit
|-boost|p1a: Kingambit|atk|2
|
|-weather|RainDance|[upkeep]
|upkeep
|turn|6
|
|t:|1784016109
|move|p2a: Maushold|Follow Me|p2a: Maushold
|-singleturn|p2a: Maushold|move: Follow Me
|move|p1b: Basculegion|Last Respects|p2a: Maushold
|-immune|p2a: Maushold
|move|p2b: Floette|Dazzling Gleam|p1b: Basculegion|[spread] p1a,p1b
|-damage|p1a: Kingambit|23/100
|-damage|p1b: Basculegion|4/100
|move|p1a: Kingambit|Kowtow Cleave|p2a: Maushold
|-damage|p2a: Maushold|18/100
|
|-weather|RainDance|[upkeep]
|upkeep
|turn|7
|inactive|Battle timer is ON: inactive players will automatically lose when time's up. (requested by lerry27)
|inactive|duonghatde has 60 seconds left.
|inactive|duonghatde has 30 seconds left.
|inactive|duonghatde has 20 seconds left.
|inactive|duonghatde has 15 seconds left.
|inactive|duonghatde has 10 seconds left.
|inactive|duonghatde has 5 seconds left.
|
|t:|1784016276
|move|p2a: Maushold|Follow Me|p2a: Maushold
|-singleturn|p2a: Maushold|move: Follow Me
|move|p1b: Basculegion|Last Respects|p2a: Maushold
|-immune|p2a: Maushold
|move|p2b: Floette|Dazzling Gleam|p1a: Kingambit|[spread] p1a,p1b
|-damage|p1a: Kingambit|0 fnt
|-damage|p1b: Basculegion|0 fnt
|faint|p1a: Kingambit
|faint|p1b: Basculegion
|
|win|lerry27
|inactive|duonghatde has 30 seconds to confirm battle start!
|inactive|lerry27 has 30 seconds to confirm battle start!
||lerry27 is ready for game 3.
|inactive|duonghatde has 20 seconds to confirm battle start!
