|j|☆Daniw9
|j|☆engoleseco
|html|Daniw9engoleseco    
|uhtml|bestof|Game 1 of a best-of-3
|t:|1756424131
|gametype|doubles
|player|p1|Daniw9|102|1087
|player|p2|engoleseco|2|1042
|gen|9
|tier|[Gen 9] VGC 2025 Reg H (Bo3)
|rated|
|rule|Species Clause: Limit one of each Pokémon
|rule|Item Clause: Limit 1 of each item
|clearpoke
|poke|p1|Garchomp, L50, M|
|poke|p1|Tyranitar, L50, F|
|poke|p1|Delphox, L50, F|
|poke|p1|Indeedee-F, L50, F|
|poke|p1|Gallade, L50, M|
|poke|p1|Whimsicott, L50, F|
|poke|p2|Armarouge, L50, M|
|poke|p2|Gengar, L50, M|
|poke|p2|Ursaluna, L50, F|
|poke|p2|Indeedee-F, L50, F|
|poke|p2|Torkoal, L50, M|
|poke|p2|Gallade, L50, M|
|teampreview|4
|showteam|p1|Garchomp||LifeOrb|SandVeil|Earthquake,StompingTantrum,Protect,DragonClaw|||M|||50|,,,,,Steel]Tyranitar||AssaultVest|SandStream|RockSlide,TeraBlast,KnockOff,LowKick|||F|||50|,,,,,Flying]Delphox||PsychicSeed|Magician|ExpandingForce,HeatWave,TeraBlast,Protect|||F|||50|,,,,,Fairy]Indeedee-F||SafetyGoggles|PsychicSurge|DazzlingGleam,TrickRoom,FollowMe,HelpingHand|||F|||50|,,,,,Water]Gallade||ClearAmulet|Sharpness|SacredSword,PsychoCut,TrickRoom,Protect|||M|||50|,,,,,Grass]Whimsicott||CovertCloak|Prankster|Moonblast,Tailwind,Encore,Protect|||F|||50|,,,,,Ghost
|showteam|p2|Armarouge||PsychicSeed|FlashFire|EnergyBall,TrickRoom,ExpandingForce,HeatWave|||M|||50|,,,,,Grass]Gengar||FocusSash|CursedBody|Taunt,ShadowBall,DarkPulse,SludgeBomb|||M|||50|,,,,,Dark]Ursaluna||FlameOrb|Guts|Facade,Protect,HeadlongRush,Earthquake|||F|||50|,,,,,Ghost]Indeedee-F||RockyHelmet|PsychicSurge|FollowMe,TrickRoom,Psychic,HelpingHand|||F|||50|,,,,,Grass]Torkoal||Charcoal|Drought|Eruption,WeatherBall,EarthPower,HeatWave|||M|||50|,,,,,Fire]Gallade||ClearAmulet|Steadfast|SacredSword,WideGuard,PsychoCut,TrickRoom|||M|||50|,,,,,Grass
|inactive|Battle timer is ON: inactive players will automatically lose when time's up. (requested by engoleseco)
|inactive|Daniw9 has 60 seconds left.
|
|t:|1756424173
|teamsize|p1|4
|teamsize|p2|4
|start
|switch|p1a: Delphox|Delphox, L50, F|100/100
|switch|p1b: Garchomp|Garchomp, L50, M|100/100
|switch|p2a: Indeedee|Indeedee-F, L50, F|100/100
|switch|p2b: Armarouge|Armarouge, L50, M|100/100
|-fieldstart|move: Psychic Terrain|[from] ability: Psychic Surge|[of] p2a: Indeedee
|-enditem|p1a: Delphox|Psychic Seed
|-boost|p1a: Delphox|spd|1|[from] item: Psychic Seed
|-enditem|p2b: Armarouge|Psychic Seed
|-boost|p2b: Armarouge|spd|1|[from] item: Psychic Seed
|turn|1
|
|t:|1756424190
|-terastallize|p2b: Armarouge|Grass
|move|p1a: Delphox|Expanding Force|p2b: Armarouge|[spread] p2a,p2b
|-resisted|p2a: Indeedee
|-damage|p2a: Indeedee|77/100
|-damage|p2b: Armarouge|58/100
|-item|p1a: Delphox|Rocky Helmet|[from] ability: Magician|[of] p2a: Indeedee
|move|p1b: Garchomp|Dragon Claw|p2b: Armarouge
|-damage|p2b: Armarouge|4/100
|-damage|p1b: Garchomp|91/100|[from] item: Life Orb
|move|p2b: Armarouge|Expanding Force|p1a: Delphox|[spread] p1a,p1b
|-resisted|p1a: Delphox
|-damage|p1a: Delphox|75/100
|-damage|p1b: Garchomp|26/100
|move|p2a: Indeedee|Trick Room|p2a: Indeedee
|-fieldstart|move: Trick Room|[of] p2a: Indeedee
|
|upkeep
|turn|2
|inactive|engoleseco has 30 seconds left.
|
|t:|1756424224
|move|p2a: Indeedee|Helping Hand|p2b: Armarouge
|-singleturn|p2b: Armarouge|Helping Hand|[of] p2a: Indeedee
|move|p1b: Garchomp|Protect|p1b: Garchomp
|-singleturn|p1b: Garchomp|Protect
|move|p2b: Armarouge|Expanding Force|p1a: Delphox|[spread] p1a
|-activate|p1b: Garchomp|move: Protect
|-resisted|p1a: Delphox
|-damage|p1a: Delphox|35/100
|move|p1a: Delphox|Expanding Force|p2a: Indeedee|[spread] p2a,p2b
|-resisted|p2a: Indeedee
|-damage|p2a: Indeedee|51/100
|-damage|p2b: Armarouge|0 fnt
|faint|p2b: Armarouge
|
|upkeep
|
|t:|1756424227
|switch|p2b: Torkoal|Torkoal, L50, M|100/100
|-weather|SunnyDay|[from] ability: Drought|[of] p2b: Torkoal
|turn|3
|
|t:|1756424244
|switch|p2a: Ursaluna|Ursaluna, L50, F|100/100
|switch|p1b: Tyranitar|Tyranitar, L50, F|100/100
|-weather|Sandstorm|[from] ability: Sand Stream|[of] p1b: Tyranitar
|move|p1a: Delphox|Protect|p1a: Delphox
|-singleturn|p1a: Delphox|Protect
|move|p2b: Torkoal|Eruption|p1b: Tyranitar|[spread] p1b
|-activate|p1a: Delphox|move: Protect
|-resisted|p1b: Tyranitar
|-damage|p1b: Tyranitar|89/100
|
|-weather|Sandstorm|[upkeep]
|-damage|p2b: Torkoal|94/100|[from] Sandstorm
|-damage|p1a: Delphox|29/100|[from] Sandstorm
|-status|p2a: Ursaluna|brn|[from] item: Flame Orb
|upkeep
|turn|4
|inactive|Daniw9 has 30 seconds left.
|
|t:|1756424272
|-terastallize|p1b: Tyranitar|Flying
|move|p2b: Torkoal|Eruption|p1b: Tyranitar|[spread] p1a,p1b
|-resisted|p1a: Delphox
|-damage|p1a: Delphox|6/100
|-damage|p1b: Tyranitar|61/100
|move|p2a: Ursaluna|Headlong Rush|p1b: Tyranitar
|-immune|p1b: Tyranitar
|move|p1b: Tyranitar|Rock Slide|p2b: Torkoal|[spread] p2a,p2b
|-resisted|p2a: Ursaluna
|-supereffective|p2b: Torkoal
|-damage|p2a: Ursaluna|89/100 brn
|-damage|p2b: Torkoal|49/100
|move|p1a: Delphox|Expanding Force|p2b: Torkoal|[spread] p2a,p2b
|-damage|p2a: Ursaluna|45/100 brn
|-damage|p2b: Torkoal|0 fnt
|faint|p2b: Torkoal
|
|-weather|Sandstorm|[upkeep]
|-damage|p1b: Tyranitar|55/100|[from] Sandstorm
|-damage|p1a: Delphox|0 fnt|[from] Sandstorm
|faint|p1a: Delphox
|-damage|p2a: Ursaluna|39/100 brn|[from] brn
|upkeep
|
|t:|1756424290
|switch|p2b: Indeedee|Indeedee-F, L50, F|51/100
|switch|p1a: Garchomp|Garchomp, L50, M|26/100
|turn|5
|
|t:|1756424297
|move|p1a: Garchomp|Protect|p1a: Garchomp
|-singleturn|p1a: Garchomp|Protect
|move|p2b: Indeedee|Follow Me|p2b: Indeedee
|-singleturn|p2b: Indeedee|move: Follow Me
|move|p2a: Ursaluna|Facade|p1b: Tyranitar
|-damage|p1b: Tyranitar|0 fnt
|faint|p1b: Tyranitar
|
|-weather|Sandstorm|[upkeep]
|-damage|p2b: Indeedee|45/100|[from] Sandstorm
|-damage|p2a: Ursaluna|33/100 brn|[from] brn
|-fieldend|move: Trick Room
|-fieldend|move: Psychic Terrain
|upkeep
|
|t:|1756424304
|switch|p1b: Gallade|Gallade, L50, M|100/100
|turn|6
|
|t:|1756424312
|move|p1a: Garchomp|Stomping Tantrum|p2b: Indeedee
|-damage|p2b: Indeedee|0 fnt
|faint|p2b: Indeedee
|-damage|p1a: Garchomp|16/100|[from] item: Life Orb
|move|p1b: Gallade|Sacred Sword|p2a: Ursaluna
|-supereffective|p2a: Ursaluna
|-crit|p2a: Ursaluna
|-damage|p2a: Ursaluna|0 fnt
|faint|p2a: Ursaluna
|
|win|Daniw9
||engoleseco is ready for game 2.
||Daniw9 is ready for game 2.
|uhtml|next|Next: Game 2 of 3
|l|☆engoleseco
|player|p2|
