|j|☆namboyVGC
|j|☆Duebo
|html|namboyVGCDuebo    
|uhtml|bestof|Game 1 of a best-of-3
|t:|1757661954
|gametype|doubles
|player|p1|namboyVGC|wattson|1368
|player|p2|Duebo|169|1436
|gen|9
|tier|[Gen 9] VGC 2025 Reg H (Bo3)
|rated|
|rule|Species Clause: Limit one of each Pokémon
|rule|Item Clause: Limit 1 of each item
|clearpoke
|poke|p1|Sneasler, L50, F|
|poke|p1|Indeedee, L50, M|
|poke|p1|Annihilape, L50, M|
|poke|p1|Tyranitar, L50, M|
|poke|p1|Excadrill, L50, F|
|poke|p1|Hydreigon, L50, M|
|poke|p2|Whimsicott, L50, F|
|poke|p2|Typhlosion-Hisui, L50, M|
|poke|p2|Ursaluna-Bloodmoon, L50, M|
|poke|p2|Amoonguss, L50, F|
|poke|p2|Maushold, L50|
|poke|p2|Weavile, L50, F|
|teampreview|4
|showteam|p1|Sneasler||PsychicSeed|Unburden|CloseCombat,DireClaw,ThroatChop,Protect|||F|||50|,,,,,Dark]Indeedee||ChoiceScarf|PsychicSurge|ExpandingForce,TeraBlast,Trick,DazzlingGleam|||M|||50|,,,,,Fire]Annihilape||SafetyGoggles|Defiant|CloseCombat,RageFist,Taunt,FinalGambit|||M|||50|,,,,,Water]Tyranitar||AssaultVest|SandStream|RockSlide,KnockOff,TeraBlast,LowKick|||M|||50|,,,,,Flying]Excadrill||FocusSash|SandRush|HighHorsepower,Earthquake,IronHead,Protect|||F|||50|,,,,,Stellar]Hydreigon||CovertCloak|Levitate|Snarl,DracoMeteor,Tailwind,Roar|||M|||50|,,,,,Fairy
|showteam|p2|Whimsicott||CovertCloak|Prankster|Tailwind,SunnyDay,Encore,Moonblast|||F|||50|,,,,,Water]Typhlosion-Hisui||ChoiceSpecs|Blaze|Eruption,HeatWave,ShadowBall,Overheat|||M|||50|,,,,,Fire]Ursaluna-Bloodmoon||LifeOrb|MindsEye|BloodMoon,HyperVoice,EarthPower,Protect|||M|||50|,,,,,Normal]Amoonguss||RockyHelmet|Regenerator|Spore,RagePowder,ClearSmog,Protect|||F|||50|,,,,,Water]Maushold||WideLens|Technician|PopulationBomb,Taunt,FollowMe,Protect||||||50|,,,,,Normal]Weavile||FocusSash|Pickpocket|IcyWind,TripleAxel,KnockOff,LowKick|||F|||50|,,,,,Ghost
|inactive|Battle timer is ON: inactive players will automatically lose when time's up. (requested by namboyVGC)
|inactive|Duebo also wants the timer to be on.
|inactive|Duebo has 60 seconds left.
|inactive|Duebo has 30 seconds left.
|inactive|Duebo has 20 seconds left.
|inactive|Duebo has 15 seconds left.
|inactive|Duebo has 10 seconds left.
|
|t:|1757662039
|teamsize|p1|4
|teamsize|p2|4
|start
|switch|p1a: Sneasler|Sneasler, L50, F|100/100
|switch|p1b: Indeedee|Indeedee, L50, M|100/100
|switch|p2a: Whimsicott|Whimsicott, L50, F|100/100
|switch|p2b: Typhlosion|Typhlosion-Hisui, L50, M|100/100
|-fieldstart|move: Psychic Terrain|[from] ability: Psychic Surge|[of] p1b: Indeedee
|-enditem|p1a: Sneasler|Psychic Seed
|-boost|p1a: Sneasler|spd|1|[from] item: Psychic Seed
|turn|1
|
|t:|1757662057
|-terastallize|p1a: Sneasler|Dark
|-terastallize|p2b: Typhlosion|Fire
|move|p2a: Whimsicott|Tailwind|p2a: Whimsicott
|-sidestart|p2: Duebo|move: Tailwind
|move|p1a: Sneasler|Throat Chop|p2b: Typhlosion
|-damage|p2b: Typhlosion|37/100
|-start|p2b: Typhlosion|Throat Chop|[silent]
|move|p2b: Typhlosion|Heat Wave|p1a: Sneasler|[spread] p1a,p1b
|-crit|p1b: Indeedee
|-damage|p1a: Sneasler|40/100
|-damage|p1b: Indeedee|0 fnt
|faint|p1b: Indeedee
|
|upkeep
|
|t:|1757662072
|switch|p1b: Excadrill|Excadrill, L50, F|100/100
|turn|2
|
|t:|1757662085
|switch|p2b: Ursaluna|Ursaluna-Bloodmoon, L50, M|100/100
|move|p1a: Sneasler|Protect|p1a: Sneasler
|-singleturn|p1a: Sneasler|Protect
|move|p2a: Whimsicott|Moonblast|p1a: Sneasler
|-activate|p1a: Sneasler|move: Protect
|move|p1b: Excadrill|Iron Head|p2a: Whimsicott
|-supereffective|p2a: Whimsicott
|-damage|p2a: Whimsicott|0 fnt
|faint|p2a: Whimsicott
|
|upkeep
|
|t:|1757662098
|switch|p2a: Amoonguss|Amoonguss, L50, F|100/100
|turn|3
|
|t:|1757662111
|move|p2a: Amoonguss|Rage Powder|p2a: Amoonguss
|-singleturn|p2a: Amoonguss|move: Rage Powder
|move|p1a: Sneasler|Dire Claw|p2a: Amoonguss
|-crit|p2a: Amoonguss
|-damage|p2a: Amoonguss|39/100
|-damage|p1a: Sneasler|24/100|[from] item: Rocky Helmet|[of] p2a: Amoonguss
|move|p2b: Ursaluna|Hyper Voice|p1b: Excadrill|[spread] p1a,p1b
|-crit|p1a: Sneasler
|-resisted|p1b: Excadrill
|-damage|p1a: Sneasler|0 fnt
|-damage|p1b: Excadrill|68/100
|faint|p1a: Sneasler
|-damage|p2b: Ursaluna|91/100|[from] item: Life Orb
|move|p1b: Excadrill|High Horsepower|p2a: Amoonguss
|-damage|p2a: Amoonguss|0 fnt
|-damage|p1b: Excadrill|51/100|[from] item: Rocky Helmet|[of] p2a: Amoonguss
|faint|p2a: Amoonguss
|
|upkeep
|
|t:|1757662129
|switch|p1a: Tyranitar|Tyranitar, L50, M|100/100
|switch|p2a: Typhlosion|Typhlosion-Hisui, L50, M, tera:Fire|37/100
|-weather|Sandstorm|[from] ability: Sand Stream|[of] p1a: Tyranitar
|turn|4
|
|t:|1757662140
|move|p1b: Excadrill|Protect|p1b: Excadrill
|-singleturn|p1b: Excadrill|Protect
|move|p2a: Typhlosion|Overheat|p1a: Tyranitar
|-resisted|p1a: Tyranitar
|-damage|p1a: Tyranitar|72/100
|-unboost|p2a: Typhlosion|spa|2
|move|p2b: Ursaluna|Earth Power|p1a: Tyranitar
|-supereffective|p1a: Tyranitar
|-damage|p1a: Tyranitar|14/100
|-damage|p2b: Ursaluna|81/100|[from] item: Life Orb
|move|p1a: Tyranitar|Low Kick|p2b: Ursaluna
|-supereffective|p2b: Ursaluna
|-damage|p2b: Ursaluna|8/100
|
|-weather|Sandstorm|[upkeep]
|-damage|p2a: Typhlosion|31/100|[from] Sandstorm
|-sideend|p2: Duebo|move: Tailwind
|upkeep
|turn|5
|-message|Duebo forfeited.
|
|win|namboyVGC
|l|☆Duebo
|player|p2|
||namboyVGC is ready for game 2.
|inactive|Duebo has 30 seconds to confirm battle start!
|raw|namboyVGC's rating: 1368 → 1392(+24 for winning)
|raw|Duebo's rating: 1436 → 1412(-24 for losing)
|l|☆namboyVGC
|player|p1|
