|j|☆viatles
|j|☆Prof Cycad
|html|viatlesProf Cycad    
|uhtml|bestof|Game 2 of a best-of-3
|t:|1785272208
|gametype|doubles
|player|p1|viatles|hiker|1184
|player|p2|Prof Cycad|scientist|1119
|gen|9
|tier|[Gen 9 Champions] VGC 2026 Reg M-B (Bo3)
|rated|
|rule|Species Clause: Limit one of each Pokémon
|rule|Item Clause: Limit 1 of each item
|clearpoke
|poke|p1|Eelektross, L50, M|
|poke|p1|Raichu, L50, M|
|poke|p1|Tyranitar, L50, F|
|poke|p1|Gliscor, L50, M|
|poke|p1|Garchomp, L50, M|
|poke|p1|Sinistcha, L50|
|poke|p2|Aerodactyl, L50, F|
|poke|p2|Basculegion, L50, M|
|poke|p2|Garchomp, L50, F|
|poke|p2|Tyranitar, L50, M|
|poke|p2|Charizard, L50, F|
|poke|p2|Meganium, L50, M|
|teampreview|4
|showteam|p1|Eelektross||Eelektrossite|Levitate|Discharge,Flamethrower,GigaDrain,Protect|Modest||M|||50|]Raichu||FocusSash|LightningRod|FakeOut,Thunderbolt,Endeavor,Protect|Hasty||M|||50|]Tyranitar||Tyranitarite|SandStream|KnockOff,RockSlide,LowKick,Protect|Adamant||F|||50|]Gliscor||BrightPowder|SandVeil|RockSlide,DualWingbeat,Tailwind,Earthquake|Adamant||M|||50|]Garchomp||ChoiceScarf|RoughSkin|DragonClaw,StompingTantrum,RockSlide,Earthquake|Adamant||M|||50|]Sinistcha||SitrusBerry|Hospitality|MatchaGotcha,RagePowder,Imprison,TrickRoom|Bold|||||50|
|showteam|p2|Aerodactyl||FocusSash|Unnerve|RockSlide,Tailwind,DualWingbeat,Protect|Adamant||F|||50|]Basculegion||LifeOrb|Adaptability|WaveCrash,LastRespects,AquaJet,FlipTurn|Adamant||M|||50|]Garchomp||BrightPowder|SandVeil|Earthquake,DragonClaw,Protect,IronHead|Jolly||F|||50|]Tyranitar||Tyranitarite|SandStream|RockSlide,KnockOff,LowKick,Protect|Brave||M|||50|]Charizard||CharizarditeY|Blaze|HeatWave,WeatherBall,Protect|Modest||F|||50|]Meganium||Meganiumite|LeafGuard|SolarBeam,DazzlingGleam,WeatherBall,Protect|Calm||M|||50|
|inactive|Battle timer is ON: inactive players will automatically lose when time's up. (requested by viatles)
|
|t:|1785272229
|teamsize|p1|4
|teamsize|p2|4
|start
|switch|p1a: Eelektross|Eelektross, L50, M|100/100
|switch|p1b: Garchomp|Garchomp, L50, M|100/100
|switch|p2a: Aerodactyl|Aerodactyl, L50, F|100/100
|switch|p2b: Tyranitar|Tyranitar, L50, M|100/100
|-ability|p2a: Aerodactyl|Unnerve
|-weather|Sandstorm|[from] ability: Sand Stream|[of] p2b: Tyranitar
|turn|1
|inactive|Prof Cycad has 30 seconds left.
|
|t:|1785272260
|detailschange|p1a: Eelektross|Eelektross-Mega, L50, M
|-mega|p1a: Eelektross|Eelektross|Eelektrossite
|detailschange|p2b: Tyranitar|Tyranitar-Mega, L50, M
|-mega|p2b: Tyranitar|Tyranitar|Tyranitarite
|move|p2b: Tyranitar|Protect|p2b: Tyranitar
|-singleturn|p2b: Tyranitar|Protect
|move|p1b: Garchomp|Dragon Claw|p2b: Tyranitar
|-activate|p2b: Tyranitar|move: Protect
|move|p2a: Aerodactyl|Tailwind|p2a: Aerodactyl
|-sidestart|p2: Prof Cycad|move: Tailwind
|move|p1a: Eelektross|Discharge|p2a: Aerodactyl|[spread] p2a
|-activate|p2b: Tyranitar|move: Protect
|-immune|p1b: Garchomp
|-supereffective|p2a: Aerodactyl|1
|-damage|p2a: Aerodactyl|30/100
|
|-weather|Sandstorm|[upkeep]
|-damage|p1a: Eelektross|94/100|[from] Sandstorm
|upkeep
|turn|2
|inactive|viatles has 30 seconds left.
|inactive|Prof Cycad has 30 seconds left.
|
|t:|1785272288
|switch|p2a: Garchomp|Garchomp, L50, F|100/100
|move|p1b: Garchomp|Dragon Claw|p2b: Tyranitar
|-damage|p2b: Tyranitar|69/100
|move|p2b: Tyranitar|Rock Slide|p1a: Eelektross|[spread] p1a,p1b
|-resisted|p1b: Garchomp|1
|-damage|p1a: Eelektross|52/100
|-damage|p1b: Garchomp|81/100
|cant|p1a: Eelektross|flinch
|
|-weather|Sandstorm|[upkeep]
|-damage|p1a: Eelektross|46/100|[from] Sandstorm
|upkeep
|turn|3
|
|t:|1785272306
|switch|p1b: Gliscor|Gliscor, L50, M|100/100
|move|p1a: Eelektross|Protect|p1a: Eelektross
|-singleturn|p1a: Eelektross|Protect
|move|p2a: Garchomp|Dragon Claw|p1b: Gliscor|[miss]
|-miss|p2a: Garchomp|p1b: Gliscor
|move|p2b: Tyranitar|Rock Slide|p1a: Eelektross|[spread] p1b
|-activate|p1a: Eelektross|move: Protect
|-damage|p1b: Gliscor|71/100
|
|-weather|Sandstorm|[upkeep]
|-damage|p1a: Eelektross|41/100|[from] Sandstorm
|upkeep
|turn|4
|
|t:|1785272326
|switch|p1a: Sinistcha|Sinistcha, L50|100/100
|-heal|p1b: Gliscor|96/100|[from] ability: Hospitality|[of] p1a: Sinistcha
|move|p2a: Garchomp|Dragon Claw|p1b: Gliscor
|-damage|p1b: Gliscor|67/100
|move|p2b: Tyranitar|Rock Slide|p1a: Sinistcha|[spread] p1a
|-miss|p2b: Tyranitar|p1b: Gliscor
|-damage|p1a: Sinistcha|72/100
|move|p1b: Gliscor|Tailwind|p1b: Gliscor
|-sidestart|p1: viatles|move: Tailwind
|
|-weather|Sandstorm|[upkeep]
|-damage|p1a: Sinistcha|66/100|[from] Sandstorm
|-sideend|p2: Prof Cycad|move: Tailwind
|upkeep
|turn|5
|
|t:|1785272349
|switch|p2a: Aerodactyl|Aerodactyl, L50, F|30/100
|-ability|p2a: Aerodactyl|Unnerve
|move|p1b: Gliscor|Rock Slide|p2a: Aerodactyl|[spread] p2a,p2b
|-supereffective|p2a: Aerodactyl|1
|-damage|p2a: Aerodactyl|0 fnt
|-damage|p2b: Tyranitar|61/100
|faint|p2a: Aerodactyl
|move|p1a: Sinistcha|Matcha Gotcha|p2b: Tyranitar
|-supereffective|p2b: Tyranitar|1
|-damage|p2b: Tyranitar|29/100
|-heal|p1a: Sinistcha|82/100|[from] drain|[of] p2b: Tyranitar
|move|p2b: Tyranitar|Knock Off|p1a: Sinistcha
|-supereffective|p1a: Sinistcha|1
|-damage|p1a: Sinistcha|0 fnt
|-enditem|p1a: Sinistcha|Sitrus Berry|[from] move: Knock Off|[of] p2b: Tyranitar
|faint|p1a: Sinistcha
|
|-weather|none
|upkeep
|
|t:|1785272370
|switch|p2a: Basculegion|Basculegion, L50, M|100/100
|switch|p1a: Garchomp|Garchomp, L50, M|81/100
|turn|6
|inactive|Prof Cycad has 30 seconds left.
|
|t:|1785272400
|move|p2b: Tyranitar|Protect|p2b: Tyranitar
|-singleturn|p2b: Tyranitar|Protect
|move|p1a: Garchomp|Earthquake|p2b: Tyranitar|[spread] p2a
|-activate|p2b: Tyranitar|move: Protect
|-immune|p1b: Gliscor
|-damage|p2a: Basculegion|53/100
|move|p1b: Gliscor|Rock Slide|p2a: Basculegion|[spread] p2a
|-activate|p2b: Tyranitar|move: Protect
|-damage|p2a: Basculegion|36/100
|cant|p2a: Basculegion|flinch
|
|upkeep
|turn|7
|
|t:|1785272423
|switch|p2b: Garchomp|Garchomp, L50, F|100/100
|move|p2a: Basculegion|Aqua Jet|p1b: Gliscor
|-supereffective|p1b: Gliscor|1
|-damage|p1b: Gliscor|9/100
|-damage|p2a: Basculegion|27/100|[from] item: Life Orb
|move|p1a: Garchomp|Earthquake|p2b: Garchomp|[spread] p2a,p2b
|-immune|p1b: Gliscor
|-damage|p2a: Basculegion|0 fnt
|-damage|p2b: Garchomp|61/100
|faint|p2a: Basculegion
|move|p1b: Gliscor|Rock Slide|p2b: Garchomp
|-resisted|p2b: Garchomp|1
|-crit|p2b: Garchomp
|-damage|p2b: Garchomp|47/100
|
|-sideend|p1: viatles|move: Tailwind
|upkeep
|
|t:|1785272440
|switch|p2a: Tyranitar|Tyranitar-Mega, L50, M|29/100
|-weather|Sandstorm|[from] ability: Sand Stream|[of] p2a: Tyranitar
|turn|8
|
|t:|1785272449
|switch|p1a: Eelektross|Eelektross-Mega, L50, M|41/100
|move|p2b: Garchomp|Dragon Claw|p1a: Eelektross
|-damage|p1a: Eelektross|0 fnt
|faint|p1a: Eelektross
|move|p1b: Gliscor|Earthquake|p2a: Tyranitar|[spread] p2a,p2b
|-supereffective|p2a: Tyranitar|1
|-damage|p2a: Tyranitar|0 fnt
|-damage|p2b: Garchomp|21/100
|faint|p2a: Tyranitar
|
|-weather|Sandstorm|[upkeep]
|upkeep
|
|t:|1785272459
|switch|p1a: Garchomp|Garchomp, L50, M|81/100
|turn|9
|
|t:|1785272465
|move|p1a: Garchomp|Dragon Claw|p2b: Garchomp
|-supereffective|p2b: Garchomp|1
|-damage|p2b: Garchomp|0 fnt
|faint|p2b: Garchomp
|
|win|viatles
||viatles is ready for game 3.
||Prof Cycad is ready for game 3.
|uhtml|next|Next: Game 3 of 3
