|j|☆bighamsterbaseball
|j|☆Thegodli
|html|bighamsterbaseballThegodli    
|uhtml|bestof|Game 1 of a best-of-3
|t:|1784754799
|gametype|doubles
|player|p1|bighamsterbaseball|pokemaniac|1207
|player|p2|Thegodli|dancer|1206
|gen|9
|tier|[Gen 9 Champions] VGC 2026 Reg M-B (Bo3)
|rated|
|rule|Species Clause: Limit one of each Pokémon
|rule|Item Clause: Limit 1 of each item
|clearpoke
|poke|p1|Pyroar, L50, F|
|poke|p1|Scrafty, L50, F|
|poke|p1|Torkoal, L50, M|
|poke|p1|Venusaur, L50, M|
|poke|p1|Basculegion, L50, M|
|poke|p1|Malamar, L50, M|
|poke|p2|Tyranitar, L50, F|
|poke|p2|Excadrill, L50, M|
|poke|p2|Milotic, L50, M|
|poke|p2|Sinistcha, L50|
|poke|p2|Staraptor, L50, M|
|poke|p2|Gholdengo, L50|
|teampreview|4
|showteam|p1|Pyroar||Pyroarite|Unnerve|HeatWave,Overheat,SolarBeam,Protect|Timid||F|||50|]Scrafty||Scraftinite|Intimidate|FakeOut,DrainPunch,KnockOff,IcePunch|Adamant||F|||50|]Torkoal||Leftovers|Drought|HeatWave,Yawn,HelpingHand,Protect|Relaxed||M|||50|]Venusaur||LifeOrb|Chlorophyll|LeafStorm,SludgeBomb,EarthPower,Protect|Modest||M|||50|]Basculegion||ChoiceScarf|Adaptability|WaveCrash,LastRespects,AquaJet,FlipTurn|Adamant||M|||50|]Malamar||SitrusBerry|Contrary|Superpower,RockSlide,TrickRoom,TopsyTurvy|Careful||M|||50|
|showteam|p2|Tyranitar||Tyranitarite|SandStream|KnockOff,RockSlide,HighHorsepower,Protect|Jolly||F|||50|]Excadrill||FocusSash|SandRush|HighHorsepower,IronHead,RockSlide,Protect|Jolly||M|||50|]Milotic||SitrusBerry|Competitive|Scald,IcyWind,Haze,Protect|Calm||M|||50|]Sinistcha||ColburBerry|Hospitality|MatchaGotcha,ShadowBall,Protect,RagePowder|Bold|||||50|]Staraptor||Staraptite|Intimidate|CloseCombat,BraveBird,Tailwind,Protect|Jolly||M|||50|]Gholdengo||LifeOrb|GoodasGold|MakeItRain,ShadowBall,NastyPlot,Protect|Modest|||||50|
|inactive|Battle timer is ON: inactive players will automatically lose when time's up. (requested by Thegodli)
|inactive|bighamsterbaseball has 60 seconds left.
|inactive|Thegodli has 60 seconds left.
|inactive|Thegodli has 30 seconds left.
|
|t:|1784754869
|teamsize|p1|4
|teamsize|p2|4
|start
|switch|p1a: Basculegion|Basculegion, L50, M|100/100
|switch|p1b: Malamar|Malamar, L50, M|100/100
|switch|p2a: Staraptor|Staraptor, L50, M|100/100
|switch|p2b: Gholdengo|Gholdengo, L50|100/100
|-ability|p2a: Staraptor|Intimidate|boost
|-unboost|p1a: Basculegion|atk|1
|-boost|p1b: Malamar|atk|1
|turn|1
|inactive|bighamsterbaseball has 30 seconds left.
|inactive|bighamsterbaseball has 20 seconds left.
|
|t:|1784754907
|detailschange|p2a: Staraptor|Staraptor-Mega, L50, M
|-mega|p2a: Staraptor|Staraptor|Staraptite
|move|p1a: Basculegion|Flip Turn|p2b: Gholdengo
|-damage|p2b: Gholdengo|74/100
|
|t:|1784754914
|switch|p1a: Torkoal|Torkoal, L50, M|100/100|[from] Flip Turn
|-weather|SunnyDay|[from] ability: Drought|[of] p1a: Torkoal
|move|p2a: Staraptor|Close Combat|p1b: Malamar
|-damage|p1b: Malamar|45/100
|-boost|p2a: Staraptor|def|1
|-boost|p2a: Staraptor|spd|1
|-enditem|p1b: Malamar|Sitrus Berry|[eat]
|-heal|p1b: Malamar|70/100|[from] item: Sitrus Berry
|move|p2b: Gholdengo|Shadow Ball|p1b: Malamar
|-damage|p1b: Malamar|27/100
|-damage|p2b: Gholdengo|65/100|[from] item: Life Orb
|move|p1b: Malamar|Trick Room|p1b: Malamar
|-fieldstart|move: Trick Room|[of] p1b: Malamar
|
|-weather|SunnyDay|[upkeep]
|upkeep
|turn|2
|inactive|Thegodli has 30 seconds left.
|
|t:|1784754940
|switch|p2b: Tyranitar|Tyranitar, L50, F|100/100
|-weather|Sandstorm|[from] ability: Sand Stream|[of] p2b: Tyranitar
|move|p2a: Staraptor|Protect|p2a: Staraptor
|-singleturn|p2a: Staraptor|Protect
|move|p1a: Torkoal|Heat Wave|p2b: Tyranitar|[spread] p2b
|-activate|p2a: Staraptor|move: Protect
|-resisted|p2b: Tyranitar|1
|-damage|p2b: Tyranitar|93/100
|-status|p2b: Tyranitar|brn
|move|p1b: Malamar|Topsy-Turvy|p2a: Staraptor
|-activate|p2a: Staraptor|move: Protect
|
|-weather|Sandstorm|[upkeep]
|-damage|p1a: Torkoal|93/100|[from] Sandstorm
|-damage|p1b: Malamar|21/100|[from] Sandstorm
|-damage|p2a: Staraptor|94/100|[from] Sandstorm
|-heal|p1a: Torkoal|100/100|[from] item: Leftovers
|-damage|p2b: Tyranitar|86/100 brn|[from] brn
|upkeep
|turn|3
|
|t:|1784754964
|switch|p1b: Basculegion|Basculegion, L50, M|100/100
|move|p1a: Torkoal|Yawn|p2a: Staraptor
|-start|p2a: Staraptor|move: Yawn|[of] p1a: Torkoal
|move|p2b: Tyranitar|Knock Off|p1a: Torkoal
|-damage|p1a: Torkoal|84/100
|-enditem|p1a: Torkoal|Leftovers|[from] move: Knock Off|[of] p2b: Tyranitar
|move|p2a: Staraptor|Close Combat|p1b: Basculegion
|-immune|p1b: Basculegion
|
|-weather|Sandstorm|[upkeep]
|-damage|p1a: Torkoal|77/100|[from] Sandstorm
|-damage|p2a: Staraptor|88/100|[from] Sandstorm
|-damage|p1b: Basculegion|93/100|[from] Sandstorm
|-damage|p2b: Tyranitar|80/100 brn|[from] brn
|upkeep
|turn|4
|
|t:|1784754985
|switch|p2a: Sinistcha|Sinistcha, L50|100/100
|-heal|p2b: Tyranitar|100/100 brn|[from] ability: Hospitality|[of] p2a: Sinistcha
|move|p1a: Torkoal|Helping Hand|p1b: Basculegion
|-singleturn|p1b: Basculegion|Helping Hand|[of] p1a: Torkoal
|move|p2b: Tyranitar|Knock Off|p1b: Basculegion
|-supereffective|p1b: Basculegion|1
|-damage|p1b: Basculegion|36/100
|-enditem|p1b: Basculegion|Choice Scarf|[from] move: Knock Off|[of] p2b: Tyranitar
|move|p1b: Basculegion|Flip Turn|p2b: Tyranitar
|-supereffective|p2b: Tyranitar|1
|-damage|p2b: Tyranitar|0 fnt
|faint|p2b: Tyranitar
|
|t:|1784755005
|switch|p1b: Pyroar|Pyroar, L50, F|100/100|[from] Flip Turn
|-ability|p1b: Pyroar|Unnerve
|
|-weather|Sandstorm|[upkeep]
|-damage|p1a: Torkoal|71/100|[from] Sandstorm
|-damage|p2a: Sinistcha|94/100|[from] Sandstorm
|-damage|p1b: Pyroar|94/100|[from] Sandstorm
|upkeep
|
|t:|1784755008
|switch|p2b: Staraptor|Staraptor-Mega, L50, M|88/100
|turn|5
|
|t:|1784755018
|move|p1b: Pyroar|Protect|p1b: Pyroar
|-singleturn|p1b: Pyroar|Protect
|move|p1a: Torkoal|Yawn|p2b: Staraptor
|-start|p2b: Staraptor|move: Yawn|[of] p1a: Torkoal
|move|p2a: Sinistcha|Shadow Ball|p1a: Torkoal
|-damage|p1a: Torkoal|32/100
|move|p2b: Staraptor|Close Combat|p1b: Pyroar
|-activate|p1b: Pyroar|move: Protect
|
|-weather|Sandstorm|[upkeep]
|-damage|p1a: Torkoal|26/100|[from] Sandstorm
|-damage|p2a: Sinistcha|88/100|[from] Sandstorm
|-damage|p1b: Pyroar|88/100|[from] Sandstorm
|-damage|p2b: Staraptor|82/100|[from] Sandstorm
|-fieldend|move: Trick Room
|upkeep
|turn|6
|inactive|Thegodli has 30 seconds left.
|inactive|Thegodli has 20 seconds left.
|inactive|Thegodli has 15 seconds left.
|inactive|Thegodli has 10 seconds left.
|
|t:|1784755063
|detailschange|p1b: Pyroar|Pyroar-Mega, L50, F
|-mega|p1b: Pyroar|Pyroar|Pyroarite
|move|p1a: Torkoal|Helping Hand|p1b: Pyroar
|-singleturn|p1b: Pyroar|Helping Hand|[of] p1a: Torkoal
|move|p1b: Pyroar|Heat Wave|p2b: Staraptor|[spread] p2a,p2b
|-supereffective|p2a: Sinistcha|1
|-crit|p2a: Sinistcha
|-damage|p2a: Sinistcha|0 fnt
|-damage|p2b: Staraptor|3/100
|faint|p2a: Sinistcha
|move|p2b: Staraptor|Tailwind|p2b: Staraptor
|-sidestart|p2: Thegodli|move: Tailwind
|
|-weather|none
|-end|p2b: Staraptor|move: Yawn|[silent]
|-status|p2b: Staraptor|slp
|upkeep
|
|t:|1784755076
|switch|p2a: Gholdengo|Gholdengo, L50|65/100
|turn|7
|
|t:|1784755083
|cant|p2b: Staraptor|slp
|move|p2a: Gholdengo|Shadow Ball|p1a: Torkoal
|-damage|p1a: Torkoal|0 fnt
|faint|p1a: Torkoal
|-damage|p2a: Gholdengo|55/100|[from] item: Life Orb
|move|p1b: Pyroar|Heat Wave|p2b: Staraptor|[spread] p2a,p2b
|-supereffective|p2a: Gholdengo|1
|-damage|p2a: Gholdengo|0 fnt
|-damage|p2b: Staraptor|0 fnt
|faint|p2a: Gholdengo
|faint|p2b: Staraptor
|
|win|bighamsterbaseball
||Thegodli is ready for game 2.
|inactive|bighamsterbaseball has 30 seconds to confirm battle start!
||bighamsterbaseball is ready for game 2.
|uhtml|next|Next: Game 2 of 3
|l|☆Thegodli
|player|p2|
