|j|☆freudianbreath
|j|☆666valerian
|html|freudianbreath666valerian    
|uhtml|bestof|Game 1 of a best-of-3
|t:|1756763251
|gametype|doubles
|player|p1|freudianbreath|1|1047
|player|p2|666valerian|266|1069
|gen|9
|tier|[Gen 9] VGC 2025 Reg H (Bo3)
|rated|
|rule|Species Clause: Limit one of each Pokémon
|rule|Item Clause: Limit 1 of each item
|clearpoke
|poke|p1|Indeedee-F, L50, F|
|poke|p1|Tyranitar, L50, F|
|poke|p1|Whimsicott, L50, F|
|poke|p1|Amoonguss, L50, M|
|poke|p1|Annihilape, L50, F|
|poke|p1|Gholdengo, L50|
|poke|p2|Rillaboom, L50, M|
|poke|p2|Volcarona, L50, F|
|poke|p2|Sneasler, L50, M|
|poke|p2|Ursaluna-Bloodmoon, L50, M|
|poke|p2|Primarina, L50, F|
|poke|p2|Grimmsnarl, L50, M|
|teampreview|4
|showteam|p1|Indeedee-F||SafetyGoggles|PsychicSurge|FollowMe,TrickRoom,HelpingHand,DazzlingGleam|||F|||50|,,,,,Fairy]Tyranitar||AssaultVest|SandStream|KnockOff,RockSlide,TeraBlast,LowKick|||F|||50|,,,,,Flying]Whimsicott||CovertCloak|Prankster|Tailwind,Moonblast,Encore,HelpingHand|||F|||50|,,,,,Water]Amoonguss||RockyHelmet|Regenerator|PollenPuff,Spore,RagePowder,Protect|||M|||50|,,,,,Fairy]Annihilape||Leftovers|Defiant|DrainPunch,RageFist,BulkUp,Protect|||F|||50|,,,,,Fire]Gholdengo||ChoiceSpecs|GoodasGold|MakeItRain,ShadowBall,Thunderbolt,Trick||||||50|,,,,,Steel
|showteam|p2|Rillaboom||AssaultVest|GrassySurge|FakeOut,WoodHammer,GrassyGlide,Uturn|||M|||50|,,,,,Fire]Volcarona||CovertCloak|FlameBody|QuiverDance,HeatWave,GigaDrain,Protect|||F|||50|,,,,,Grass]Sneasler||FocusSash|PoisonTouch|FakeOut,DireClaw,CloseCombat,Protect|||M|||50|,,,,,Stellar]Ursaluna-Bloodmoon||LifeOrb|MindsEye|BloodMoon,EarthPower,HyperVoice,Protect|||M|||50|,,,,,Normal]Primarina||ThroatSpray|LiquidVoice|HyperVoice,Moonblast,Haze,Protect|||F|||50|,,,,,Poison]Grimmsnarl||LightClay|Prankster|Reflect,LightScreen,ThunderWave,FoulPlay|||M|||50|,,,,,Ghost
|inactive|Battle timer is ON: inactive players will automatically lose when time's up. (requested by 666valerian)
|inactive|freudianbreath has 60 seconds left.
|inactive|freudianbreath has 30 seconds left.
|inactive|freudianbreath has 20 seconds left.
|inactive|freudianbreath has 15 seconds left.
|inactive|freudianbreath has 10 seconds left.
|inactive|freudianbreath has 5 seconds left.
|
|t:|1756763427
|teamsize|p1|4
|teamsize|p2|4
|start
|switch|p1a: Tyranitar|Tyranitar, L50, F|100/100
|switch|p1b: Indeedee|Indeedee-F, L50, F|100/100
|switch|p2a: Sneasler|Sneasler, L50, M|100/100
|switch|p2b: Grimmsnarl|Grimmsnarl, L50, M, shiny|100/100
|-weather|Sandstorm|[from] ability: Sand Stream|[of] p1a: Tyranitar
|-fieldstart|move: Psychic Terrain|[from] ability: Psychic Surge|[of] p1b: Indeedee
|turn|1
|inactive|freudianbreath has 30 seconds left.
|inactive|666valerian has 30 seconds left.
|inactive|freudianbreath has 20 seconds left.
|inactive|freudianbreath has 15 seconds left.
|inactive|freudianbreath has 10 seconds left.
|
|t:|1756763476
|move|p1b: Indeedee|Follow Me|p1b: Indeedee
|-singleturn|p1b: Indeedee|move: Follow Me
|move|p2b: Grimmsnarl|Reflect|p2b: Grimmsnarl
|-sidestart|p2: 666valerian|Reflect
|move|p2a: Sneasler|Close Combat|p1b: Indeedee
|-damage|p1b: Indeedee|39/100
|-unboost|p2a: Sneasler|def|1
|-unboost|p2a: Sneasler|spd|1
|move|p1a: Tyranitar|Knock Off|p2b: Grimmsnarl
|-resisted|p2b: Grimmsnarl
|-damage|p2b: Grimmsnarl|91/100
|-enditem|p2b: Grimmsnarl|Light Clay|[from] move: Knock Off|[of] p1a: Tyranitar
|
|-weather|Sandstorm|[upkeep]
|-damage|p2a: Sneasler|95/100|[from] Sandstorm
|-damage|p2b: Grimmsnarl|85/100|[from] Sandstorm
|upkeep
|turn|2
|inactive|freudianbreath has 30 seconds left.
|inactive|666valerian has 30 seconds left.
|inactive|freudianbreath has 20 seconds left.
|inactive|freudianbreath has 15 seconds left.
|inactive|freudianbreath has 10 seconds left.
|inactive|freudianbreath has 5 seconds left.
|
|t:|1756763528
|-terastallize|p1a: Tyranitar|Flying
|move|p1b: Indeedee|Helping Hand|p1a: Tyranitar
|-singleturn|p1a: Tyranitar|Helping Hand|[of] p1b: Indeedee
|move|p2b: Grimmsnarl|Light Screen|p2b: Grimmsnarl
|-sidestart|p2: 666valerian|move: Light Screen
|move|p2a: Sneasler|Close Combat|p1a: Tyranitar
|-resisted|p1a: Tyranitar
|-crit|p1a: Tyranitar
|-damage|p1a: Tyranitar|60/100
|-unboost|p2a: Sneasler|def|1
|-unboost|p2a: Sneasler|spd|1
|-status|p1a: Tyranitar|psn|[from] ability: Poison Touch|[of] p2a: Sneasler
|move|p1a: Tyranitar|Tera Blast|p2a: Sneasler|[anim] Tera Blast Flying
|-supereffective|p2a: Sneasler
|-damage|p2a: Sneasler|0 fnt
|faint|p2a: Sneasler
|
|-weather|Sandstorm|[upkeep]
|-damage|p1a: Tyranitar|54/100 psn|[from] Sandstorm
|-damage|p2b: Grimmsnarl|79/100|[from] Sandstorm
|-damage|p1a: Tyranitar|41/100 psn|[from] psn
|upkeep
|
|t:|1756763547
|switch|p2a: Ursaluna|Ursaluna-Bloodmoon, L50, M|100/100
|turn|3
|inactive|freudianbreath has 30 seconds left.
|inactive|freudianbreath has 20 seconds left.
|inactive|freudianbreath has 15 seconds left.
|inactive|666valerian has 30 seconds left.
|inactive|freudianbreath has 10 seconds left.
|
|t:|1756763593
|move|p1b: Indeedee|Helping Hand|p1a: Tyranitar
|-singleturn|p1a: Tyranitar|Helping Hand|[of] p1b: Indeedee
|move|p2a: Ursaluna|Protect|p2a: Ursaluna
|-singleturn|p2a: Ursaluna|Protect
|move|p1a: Tyranitar|Low Kick|p2a: Ursaluna
|-activate|p2a: Ursaluna|move: Protect
|move|p2b: Grimmsnarl|Foul Play|p1b: Indeedee
|-supereffective|p1b: Indeedee
|-damage|p1b: Indeedee|5/100
|
|-weather|Sandstorm|[upkeep]
|-damage|p1a: Tyranitar|35/100 psn|[from] Sandstorm
|-damage|p2b: Grimmsnarl|73/100|[from] Sandstorm
|-damage|p1a: Tyranitar|23/100 psn|[from] psn
|upkeep
|turn|4
|inactive|freudianbreath has 30 seconds left.
|inactive|666valerian has 30 seconds left.
|inactive|freudianbreath has 20 seconds left.
|
|t:|1756763629
|move|p2a: Ursaluna|Hyper Voice|p1a: Tyranitar|[spread] p1a,p1b
|-damage|p1a: Tyranitar|0 fnt
|-damage|p1b: Indeedee|0 fnt
|faint|p1a: Tyranitar
|faint|p1b: Indeedee
|-damage|p2a: Ursaluna|91/100|[from] item: Life Orb
|move|p2b: Grimmsnarl|Foul Play|p1: Tyranitar|[notarget]
|-fail|p2b: Grimmsnarl
|
|-weather|Sandstorm|[upkeep]
|-damage|p2b: Grimmsnarl|67/100|[from] Sandstorm
|upkeep
|
|t:|1756763632
|switch|p1a: Gholdengo|Gholdengo, L50|100/100
|switch|p1b: Amoonguss|Amoonguss, L50, M|100/100
|turn|5
|inactive|freudianbreath has 30 seconds left.
|inactive|freudianbreath has 20 seconds left.
|inactive|freudianbreath has 15 seconds left.
|inactive|freudianbreath has 10 seconds left.
|
|t:|1756763680
|move|p2a: Ursaluna|Protect|p2a: Ursaluna
|-singleturn|p2a: Ursaluna|Protect
|move|p1a: Gholdengo|Make It Rain|p2a: Ursaluna|[spread] p2b
|-activate|p2a: Ursaluna|move: Protect
|-supereffective|p2b: Grimmsnarl
|-damage|p2b: Grimmsnarl|0 fnt
|-unboost|p1a: Gholdengo|spa|1
|faint|p2b: Grimmsnarl
|move|p1b: Amoonguss|Pollen Puff|p1a: Gholdengo
|
|-weather|none
|-fieldend|move: Psychic Terrain
|upkeep
|
|t:|1756763692
|switch|p2b: Volcarona|Volcarona, L50, F|100/100
|turn|6
|inactive|freudianbreath has 30 seconds left.
|inactive|freudianbreath has 20 seconds left.
|inactive|freudianbreath has 15 seconds left.
|
|t:|1756763735
|-terastallize|p2b: Volcarona|Grass
|move|p2b: Volcarona|Quiver Dance|p2b: Volcarona
|-boost|p2b: Volcarona|spa|1
|-boost|p2b: Volcarona|spd|1
|-boost|p2b: Volcarona|spe|1
|move|p1a: Gholdengo|Make It Rain|p2a: Ursaluna|[spread] p2a,p2b
|-damage|p2a: Ursaluna|44/100
|-damage|p2b: Volcarona|79/100
|-unboost|p1a: Gholdengo|spa|1
|move|p2a: Ursaluna|Earth Power|p1a: Gholdengo
|-supereffective|p1a: Gholdengo
|-damage|p1a: Gholdengo|0 fnt
|faint|p1a: Gholdengo
|-damage|p2a: Ursaluna|34/100|[from] item: Life Orb
|move|p1b: Amoonguss|Spore|p2a: Ursaluna
|-status|p2a: Ursaluna|slp|[from] move: Spore
|
|-sideend|p2: 666valerian|move: Light Screen
|upkeep
|turn|7
|
|t:|1756763757
|move|p2b: Volcarona|Heat Wave|p1b: Amoonguss
|-supereffective|p1b: Amoonguss
|-damage|p1b: Amoonguss|0 fnt
|faint|p1b: Amoonguss
|
|win|666valerian
