|j|☆beeetch
|j|☆natcentre
|html|beeetchnatcentre    
|uhtml|bestof|Game 3 of a best-of-3
|t:|1756155491
|gametype|doubles
|player|p1|beeetch|beauty-gen4dp|1322
|player|p2|natcentre|169|1301
|gen|9
|tier|[Gen 9] VGC 2025 Reg H (Bo3)
|rated|
|rule|Species Clause: Limit one of each Pokémon
|rule|Item Clause: Limit 1 of each item
|clearpoke
|poke|p1|Toedscruel, L50, M|
|poke|p1|Weezing-Galar, L50, M|
|poke|p1|Corviknight, L50, M|
|poke|p1|Pawmot, L50, M|
|poke|p1|Garchomp, L50, F|
|poke|p1|Typhlosion-Hisui, L50, F|
|poke|p2|Palafin, L50, M|
|poke|p2|Rillaboom, L50, F|
|poke|p2|Volcarona, L50, M|
|poke|p2|Sneasler, L50, M|
|poke|p2|Kingambit, L50, F|
|poke|p2|Dragapult, L50, F|
|teampreview|4
|showteam|p1|Toedscruel||CovertCloak|MyceliumMight|Spore,EarthPower,AcidSpray,RagePowder|||M|||50|,,,,,Water]Weezing-Galar||ChoiceSpecs|NeutralizingGas|DazzlingGleam,SludgeBomb,StrangeSteam,Flamethrower|||M|||50|,,,,,Flying]Corviknight||SitrusBerry|MirrorArmor|Protect,Tailwind,Roost,BraveBird|||M|||50|,,,,,Dragon]Pawmot||FocusSash|NaturalCure|Protect,CloseCombat,DoubleShock,FakeOut|||M|||50|,,,,,Electric]Garchomp||LifeOrb|RoughSkin|Protect,Earthquake,DragonClaw,StompingTantrum|||F|||50|,,,,,Ground]Typhlosion-Hisui||ChoiceScarf|Blaze|Eruption,SleepTalk,HeatWave,ShadowBall|||F|||50|,,,,,Fire
|showteam|p2|Palafin||MysticWater|ZerotoHero|Protect,WaveCrash,JetPunch,Haze|||M|||50|,,,,,Grass]Rillaboom||AssaultVest|GrassySurge|WoodHammer,Uturn,GrassyGlide,FakeOut|||F|||50|,,,,,Fire]Volcarona||SitrusBerry|FlameBody|Protect,HeatWave,Overheat,Tailwind|||M|||50|,,,,,Fairy]Sneasler||FocusSash|Unburden|Protect,FakeOut,DireClaw,CloseCombat|||M|||50|,,,,,Stellar]Kingambit||SafetyGoggles|Defiant|Protect,KowtowCleave,SuckerPunch,SwordsDance|||F|||50|,,,,,Ghost]Dragapult||ChoiceSpecs|ClearBody|DracoMeteor,ShadowBall,DragonPulse,TeraBlast|||F|||50|,,,,,Fairy
|
|t:|1756155509
|teamsize|p1|4
|teamsize|p2|4
|start
|switch|p1a: Weezing|Weezing-Galar, L50, M|100/100
|switch|p1b: Toedscruel|Toedscruel, L50, M|100/100
|switch|p2a: Palafin|Palafin, L50, M|100/100
|switch|p2b: Sneasler|Sneasler, L50, M|100/100
|-ability|p1a: Weezing|Neutralizing Gas
|turn|1
|
|t:|1756155529
|detailschange|p2a: Palafin|Palafin-Hero, L50, M
|switch|p2a: Volcarona|Volcarona, L50, M|100/100
|-terastallize|p2b: Sneasler|Stellar
|move|p2b: Sneasler|Close Combat|p1b: Toedscruel
|-damage|p1b: Toedscruel|0 fnt
|-unboost|p2b: Sneasler|def|1
|-unboost|p2b: Sneasler|spd|1
|faint|p1b: Toedscruel
|move|p1a: Weezing|Flamethrower|p2a: Volcarona
|-damage|p2a: Volcarona|66/100
|
|upkeep
|
|t:|1756155541
|switch|p1b: Garchomp|Garchomp, L50, F|100/100
|turn|2
|
|t:|1756155580
|move|p2b: Sneasler|Close Combat|p1b: Garchomp
|-damage|p1b: Garchomp|41/100
|-unboost|p2b: Sneasler|def|1
|-unboost|p2b: Sneasler|spd|1
|move|p1b: Garchomp|Stomping Tantrum|p2a: Volcarona
|-damage|p2a: Volcarona|0 fnt
|faint|p2a: Volcarona
|-damage|p1b: Garchomp|31/100|[from] item: Life Orb
|move|p1a: Weezing|Flamethrower|p2b: Sneasler
|-enditem|p2b: Sneasler|Focus Sash
|-damage|p2b: Sneasler|1/100
|
|upkeep
|
|t:|1756155587
|switch|p2a: Palafin|Palafin-Hero, L50, M|100/100
|-activate|p2a: Palafin|ability: Zero to Hero
|turn|3
|
|t:|1756155604
|move|p1b: Garchomp|Protect|p1b: Garchomp
|-singleturn|p1b: Garchomp|Protect
|move|p2b: Sneasler|Dire Claw|p1a: Weezing
|-damage|p1a: Weezing|45/100
|move|p2a: Palafin|Wave Crash|p1a: Weezing
|-damage|p1a: Weezing|0 fnt
|faint|p1a: Weezing
|-end|p1a: Weezing|ability: Neutralizing Gas
|-damage|p2a: Palafin|88/100|[from] Recoil
|
|upkeep
|
|t:|1756155613
|switch|p1a: Corviknight|Corviknight, L50, M|100/100
|turn|4
|
|t:|1756155626
|move|p2a: Palafin|Jet Punch|p1b: Garchomp
|-damage|p1b: Garchomp|0 fnt
|-damage|p2a: Palafin|76/100|[from] ability: Rough Skin|[of] p1b: Garchomp
|faint|p1b: Garchomp
|move|p2b: Sneasler|Close Combat|p1a: Corviknight
|-damage|p1a: Corviknight|48/100
|-unboost|p2b: Sneasler|def|1
|-unboost|p2b: Sneasler|spd|1
|-enditem|p1a: Corviknight|Sitrus Berry|[eat]
|-heal|p1a: Corviknight|73/100|[from] item: Sitrus Berry
|move|p1a: Corviknight|Tailwind|p1a: Corviknight
|-sidestart|p1: beeetch|move: Tailwind
|
|upkeep
|turn|5
|
|t:|1756155644
|-terastallize|p1a: Corviknight|Dragon
|move|p1a: Corviknight|Brave Bird|p2b: Sneasler
|-supereffective|p2b: Sneasler
|-damage|p2b: Sneasler|0 fnt
|faint|p2b: Sneasler
|-damage|p1a: Corviknight|72/100|[from] Recoil
|move|p2a: Palafin|Wave Crash|p1a: Corviknight
|-resisted|p1a: Corviknight
|-damage|p1a: Corviknight|32/100
|-damage|p2a: Palafin|62/100|[from] Recoil
|
|upkeep
|
|t:|1756155649
|switch|p2b: Dragapult|Dragapult, L50, F|100/100
|turn|6
|
|t:|1756155656
|move|p1a: Corviknight|Protect|p1a: Corviknight
|-singleturn|p1a: Corviknight|Protect
|move|p2b: Dragapult|Dragon Pulse|p1a: Corviknight
|-activate|p1a: Corviknight|move: Protect
|move|p2a: Palafin|Wave Crash|p1a: Corviknight
|-activate|p1a: Corviknight|move: Protect
|
|upkeep
|turn|7
|inactive|Battle timer is ON: inactive players will automatically lose when time's up. (requested by beeetch)
|inactive|natcentre has 60 seconds left.
|
|t:|1756155736
|move|p2b: Dragapult|Dragon Pulse|p1a: Corviknight
|-supereffective|p1a: Corviknight
|-damage|p1a: Corviknight|0 fnt
|faint|p1a: Corviknight
|
|win|natcentre
|raw|beeetch's rating: 1322 → 1301(-21 for losing)
|raw|natcentre's rating: 1301 → 1322(+21 for winning)
|l|☆beeetch
|player|p1|
|l|☆natcentre
|player|p2|
|j|☆natcentre
|player|p2|natcentre|169|
