|j|☆Ptivieau
|j|☆ToastedArt
|html|PtivieauToastedArt    
|uhtml|bestof|Game 1 of a best-of-3
|t:|1785868929
|gametype|doubles
|player|p1|Ptivieau|elio|1000
|player|p2|ToastedArt|iris|1000
|gen|9
|tier|[Gen 9 Champions] VGC 2026 Reg M-B (Bo3)
|rated|
|rule|Species Clause: Limit one of each Pokémon
|rule|Item Clause: Limit 1 of each item
|clearpoke
|poke|p1|Falinks, L50|
|poke|p1|Sableye, L50, F|
|poke|p1|Basculegion, L50, M|
|poke|p1|Annihilape, L50, M|
|poke|p1|Kingambit, L50, F|
|poke|p1|Sylveon, L50, M|
|poke|p2|Staraptor, L50, F|
|poke|p2|Whimsicott, L50, F|
|poke|p2|Gholdengo, L50|
|poke|p2|Glimmora, L50, F|
|poke|p2|Zoroark-Hisui, L50, M|
|poke|p2|Ninetales-Alola, L50, M|
|teampreview|4
|showteam|p1|Falinks||Falinksite|Defiant|Protect,NoRetreat,CloseCombat,ThroatChop|Adamant|||||50|]Sableye||LightClay|Prankster|MeanLook,Reflect,LightScreen,ThunderWave|Impish||F|||50|]Basculegion||ChoiceScarf|Adaptability|LastRespects,WaveCrash,AquaJet,FlipTurn|Jolly||M|||50|]Annihilape||Leftovers|Defiant|BulkUp,DrainPunch,RageFist,Encore|Careful||M|||50|]Kingambit||BlackBelt|Defiant|SuckerPunch,KowtowCleave,IronHead,Protect|Adamant||F|||50|]Sylveon||FairyFeather|Pixilate|DazzlingGleam,Protect,Yawn,Wish|Modest||M|||50|
|showteam|p2|Staraptor||Staraptite|Intimidate|CloseCombat,BraveBird,Roost,Protect|Jolly||F|||50|]Whimsicott||OccaBerry|Prankster|Encore,Tailwind,Charm,EnergyBall|Timid||F|||50|]Gholdengo||LifeOrb|GoodasGold|MakeItRain,ShadowBall,NastyPlot,Protect|Modest|||||50|]Glimmora||Glimmoranite|ToxicDebris|PowerGem,SludgeBomb,EarthPower,Protect|Modest||F|||50|]Zoroark-Hisui||FocusSash|Illusion|BitterMalice,IcyWind,FocusBlast,FakeTears|Modest||M|||50|]Ninetales-Alola||NeverMeltIce|SnowWarning|Blizzard,FreezeDry,AuroraVeil,Protect|Timid||M|||50|
|inactive|Battle timer is ON: inactive players will automatically lose when time's up. (requested by ToastedArt)
|inactive|ToastedArt has 60 seconds left.
|inactive|ToastedArt has 30 seconds left.
|inactive|ToastedArt has 20 seconds left.
|
|t:|1785869002
|teamsize|p1|4
|teamsize|p2|4
|start
|switch|p1a: Falinks|Falinks, L50|100/100
|switch|p1b: Sableye|Sableye, L50, F|100/100
|switch|p2a: Glimmora|Glimmora, L50, F|100/100
|switch|p2b: Gholdengo|Gholdengo, L50|100/100
|turn|1
|
|t:|1785869020
|detailschange|p2a: Glimmora|Glimmora-Mega, L50, F
|-mega|p2a: Glimmora|Glimmora|Glimmoranite
|move|p1a: Falinks|Protect|p1a: Falinks
|-singleturn|p1a: Falinks|Protect
|move|p1b: Sableye|Light Screen|p1b: Sableye
|-sidestart|p1: Ptivieau|move: Light Screen
|move|p2b: Gholdengo|Bitter Malice|p1b: Sableye
|-damage|p1b: Sableye|58/100
|-unboost|p1b: Sableye|atk|1
|move|p2a: Glimmora|Sludge Bomb|p1a: Falinks
|-activate|p1a: Falinks|move: Protect
|
|upkeep
|turn|2
|
|t:|1785869032
|detailschange|p1a: Falinks|Falinks-Mega, L50
|-mega|p1a: Falinks|Falinks|Falinksite
|move|p1b: Sableye|Mean Look|p1a: Falinks
|-activate|p1a: Falinks|trapped
|move|p2b: Gholdengo|Bitter Malice|p1b: Sableye
|-damage|p1b: Sableye|17/100
|-unboost|p1b: Sableye|atk|1
|move|p1a: Falinks|No Retreat|p1a: Falinks
|-boost|p1a: Falinks|atk|1
|-boost|p1a: Falinks|def|1
|-boost|p1a: Falinks|spa|1
|-boost|p1a: Falinks|spd|1
|-boost|p1a: Falinks|spe|1
|move|p2a: Glimmora|Sludge Bomb|p1a: Falinks
|-damage|p1a: Falinks|43/100
|-status|p1a: Falinks|psn
|
|-damage|p1a: Falinks|31/100 psn|[from] psn
|upkeep
|turn|3
|
|t:|1785869052
|move|p1b: Sableye|Reflect|p1b: Sableye
|-sidestart|p1: Ptivieau|Reflect
|move|p1a: Falinks|Close Combat|p2a: Glimmora
|-damage|p2a: Glimmora|0 fnt
|-unboost|p1a: Falinks|def|1
|-unboost|p1a: Falinks|spd|1
|faint|p2a: Glimmora
|move|p2b: Gholdengo|Bitter Malice|p1b: Sableye
|-damage|p1b: Sableye|0 fnt
|faint|p1b: Sableye
|
|-damage|p1a: Falinks|19/100 psn|[from] psn
|upkeep
|
|t:|1785869061
|switch|p2a: Whimsicott|Whimsicott, L50, F|100/100
|switch|p1b: Basculegion|Basculegion, L50, M|100/100
|turn|4
|
|t:|1785869081
|move|p2a: Whimsicott|Tailwind|p2a: Whimsicott
|-sidestart|p2: ToastedArt|move: Tailwind
|move|p2b: Gholdengo|Bitter Malice|p1b: Basculegion
|-supereffective|p1b: Basculegion|1
|-damage|p1b: Basculegion|38/100
|-unboost|p1b: Basculegion|atk|1
|move|p1a: Falinks|Throat Chop|p2b: Gholdengo
|-supereffective|p2b: Gholdengo|1
|-enditem|p2b: Gholdengo|Focus Sash
|-damage|p2b: Gholdengo|1/100
|-start|p2b: Gholdengo|Throat Chop|[silent]
|replace|p2b: Zoroark|Zoroark-Hisui, L50, M
|-end|p2b: Zoroark|Illusion
|move|p1b: Basculegion|Flip Turn|p2a: Whimsicott
|-resisted|p2a: Whimsicott|1
|-damage|p2a: Whimsicott|83/100
|
|t:|1785869095
|switch|p1b: Sylveon|Sylveon, L50, M|100/100|[from] Flip Turn
|
|-damage|p1a: Falinks|7/100 psn|[from] psn
|upkeep
|turn|5
|
|t:|1785869116
|switch|p2a: Gholdengo|Gholdengo, L50|100/100
|move|p2b: Zoroark|Bitter Malice|p1b: Sylveon
|-damage|p1b: Sylveon|79/100
|-unboost|p1b: Sylveon|atk|1
|move|p1a: Falinks|Close Combat|p2a: Gholdengo
|-immune|p2a: Gholdengo
|move|p1b: Sylveon|Dazzling Gleam|p2a: Gholdengo|[spread] p2a,p2b
|-resisted|p2a: Gholdengo|1
|-damage|p2a: Gholdengo|81/100
|-damage|p2b: Zoroark|0 fnt
|faint|p2b: Zoroark
|
|-damage|p1a: Falinks|0 fnt|[from] psn
|faint|p1a: Falinks
|upkeep
|
|t:|1785869128
|switch|p2b: Whimsicott|Whimsicott, L50, F|83/100
|switch|p1a: Basculegion|Basculegion, L50, M|38/100
|turn|6
|
|t:|1785869137
|move|p2b: Whimsicott|Charm|p1a: Basculegion
|-unboost|p1a: Basculegion|atk|2
|move|p2a: Gholdengo|Make It Rain|p1a: Basculegion|[spread] p1a,p1b
|-resisted|p1a: Basculegion|1
|-supereffective|p1b: Sylveon|1
|-damage|p1a: Basculegion|16/100
|-damage|p1b: Sylveon|24/100
|-unboost|p2a: Gholdengo|spa|2
|-damage|p2a: Gholdengo|72/100|[from] item: Life Orb
|move|p1a: Basculegion|Last Respects|p2a: Gholdengo
|-supereffective|p2a: Gholdengo|1
|-damage|p2a: Gholdengo|0 fnt
|faint|p2a: Gholdengo
|move|p1b: Sylveon|Dazzling Gleam|p2b: Whimsicott
|-damage|p2b: Whimsicott|15/100
|
|upkeep
|turn|7
|
|t:|1785869147
|move|p2b: Whimsicott|Energy Ball|p1b: Sylveon
|-damage|p1b: Sylveon|11/100
|-unboost|p1b: Sylveon|spd|1
|move|p1a: Basculegion|Last Respects|p2b: Whimsicott
|-damage|p2b: Whimsicott|0 fnt
|faint|p2b: Whimsicott
|
|win|Ptivieau
