|j|鈽咰hizardfalife
|j|鈽哯ephrhills
|html|ChizardfalifeZephrhills    
|uhtml|bestof|Game 1 of a best-of-3
|t:|1784499381
|gametype|doubles
|player|p1|Chizardfalife|marshal|
|player|p2|Zephrhills|miku-ghost|
|gen|9
|tier|[Gen 9 Champions] VGC 2026 Reg M-B (Bo3)
|rule|Species Clause: Limit one of each Pok茅mon
|rule|Item Clause: Limit 1 of each item
|clearpoke
|poke|p1|Dragonite, L50, M|
|poke|p1|Primarina, L50, F|
|poke|p1|Aerodactyl, L50, F|
|poke|p1|Krookodile, L50, F|
|poke|p1|Sharpedo, L50, F|
|poke|p1|Lucario, L50, M|
|poke|p2|Blaziken, L50, F|
|poke|p2|Meowstic, L50, M|
|poke|p2|Greninja, L50, M, shiny|
|poke|p2|Florges-White, L50, F, shiny|
|poke|p2|Rotom-Wash, L50, shiny|
|poke|p2|Scizor, L50, M|
|teampreview|4
|showteam|p1|Dragonite||SitrusBerry|Multiscale|IceSpinner,ThunderPunch,StompingTantrum,ExtremeSpeed|Adamant||M|||50|]Primarina||Leftovers|LiquidVoice|Protect,DazzlingGleam,HyperVoice,IceBeam|Modest||F|||50|]Aerodactyl||FocusSash|Unnerve|Tailwind,RockSlide,DualWingbeat,Protect|Jolly||F|||50|]Krookodile||ChoiceScarf|Intimidate|BreakingSwipe,Crunch,HighHorsepower,RockSlide|Jolly||F|||50|]Sharpedo||Sharpedonite|RoughSkin|Protect,Waterfall,IceFang,Crunch|Jolly||F|||50|]Lucario||LifeOrb|InnerFocus|BulletPunch,IcePunch,CloseCombat,Protect|Adamant||M|||50|
|showteam|p2|Blaziken||Blazikenite|SpeedBoost|RockSlide,Detect,CloseCombat,SwordsDance|Adamant||F|||50|]Meowstic||Meowsticite|Prankster|ThunderWave,TrickRoom,AlluringVoice,FakeOut|Modest||M|||50|]Greninja||FocusSash|Protean|WaterShuriken,IceBeam,GunkShot,BrickBreak|Rash||M|||50|]Florges-White||Leftovers|Symbiosis|Wish,DrainingKiss,HelpingHand,Protect|Modest||F|||50|]Rotom-Wash||SitrusBerry|Levitate|Thunderbolt,VoltSwitch,Reflect,Protect|Bold|||||50|]Scizor||OccaBerry|Technician|BulletPunch,Uturn,Protect,Tailwind|Adamant||M|||50|
|
|t:|1784499431
|teamsize|p1|4
|teamsize|p2|4
|start
|switch|p1a: Aerodactyl|Aerodactyl, L50, F|100/100
|switch|p1b: Dragonite|Dragonite, L50, M|100/100
|switch|p2a: Scizor|Scizor, L50, M|100/100
|switch|p2b: Meowstic|Meowstic, L50, M|100/100
|-ability|p1a: Aerodactyl|Unnerve
|turn|1
|
|t:|1784499523
|move|p1a: Aerodactyl|Protect|p1a: Aerodactyl
|-singleturn|p1a: Aerodactyl|Protect
|move|p2b: Meowstic|Fake Out|p1a: Aerodactyl
|-activate|p1a: Aerodactyl|move: Protect
|move|p1b: Dragonite|Stomping Tantrum|p2a: Scizor
|-damage|p2a: Scizor|68/100
|move|p2a: Scizor|Tailwind|p2a: Scizor
|-sidestart|p2: Zephrhills|move: Tailwind
|
|upkeep
|turn|2
|
|t:|1784499601
|move|p2b: Meowstic|Thunder Wave|p1b: Dragonite
|-status|p1b: Dragonite|par
|move|p1a: Aerodactyl|Tailwind|p1a: Aerodactyl
|-sidestart|p1: Chizardfalife|move: Tailwind
|move|p2a: Scizor|U-turn|p1b: Dragonite
|-resisted|p1b: Dragonite|1
|-damage|p1b: Dragonite|89/100 par
|
|t:|1784499611
|switch|p2a: Blaziken|Blaziken, L50, F|100/100|[from] U-turn
|move|p1b: Dragonite|Stomping Tantrum|p2a: Blaziken
|-supereffective|p2a: Blaziken|1
|-damage|p2a: Blaziken|15/100
|
|upkeep
|turn|3
|
|t:|1784499655
|move|p2a: Blaziken|Detect|p2a: Blaziken
|-singleturn|p2a: Blaziken|Protect
|move|p1b: Dragonite|Extreme Speed|p2b: Meowstic
|-damage|p2b: Meowstic|61/100
|move|p1a: Aerodactyl|Rock Slide|p2a: Blaziken|[spread] p2b
|-activate|p2a: Blaziken|move: Protect
|-damage|p2b: Meowstic|31/100
|move|p2b: Meowstic|Alluring Voice|p1b: Dragonite
|-supereffective|p1b: Dragonite|1
|-damage|p1b: Dragonite|47/100 par
|-enditem|p1b: Dragonite|Sitrus Berry|[eat]
|-heal|p1b: Dragonite|72/100 par|[from] item: Sitrus Berry
|
|-ability|p2a: Blaziken|Speed Boost|boost
|-boost|p2a: Blaziken|spe|1
|upkeep
|turn|4
|
|t:|1784499684
|switch|p1a: Primarina|Primarina, L50, F|100/100
|detailschange|p2a: Blaziken|Blaziken-Mega, L50, F
|-mega|p2a: Blaziken|Blaziken|Blazikenite
|move|p1b: Dragonite|Extreme Speed|p2a: Blaziken
|-damage|p2a: Blaziken|0 fnt
|faint|p2a: Blaziken
|move|p2b: Meowstic|Thunder Wave|p1a: Primarina
|-status|p1a: Primarina|par
|
|-sideend|p2: Zephrhills|move: Tailwind
|upkeep
|
|t:|1784499695
|switch|p2a: Florges|Florges-White, L50, F, shiny|100/100
|turn|5
|
|t:|1784499746
|switch|p2b: Scizor|Scizor, L50, M|68/100
|move|p1b: Dragonite|Extreme Speed|p2b: Scizor
|-resisted|p2b: Scizor|1
|-damage|p2b: Scizor|53/100
|move|p2a: Florges|Wish|p2a: Florges
|move|p1a: Primarina|Hyper Voice|p2b: Scizor|[spread] p2a,p2b
|-damage|p2a: Florges|72/100
|-damage|p2b: Scizor|13/100
|
|-heal|p2a: Florges|78/100|[from] item: Leftovers
|-sideend|p1: Chizardfalife|move: Tailwind
|upkeep
|turn|6
|
|t:|1784499807
|switch|p1a: Lucario|Lucario, L50, M|100/100
|move|p2b: Scizor|Protect|p2b: Scizor
|-singleturn|p2b: Scizor|Protect
|move|p1b: Dragonite|Extreme Speed|p2b: Scizor
|-activate|p2b: Scizor|move: Protect
|move|p2a: Florges|Draining Kiss|p1a: Lucario
|-damage|p1a: Lucario|61/100
|-heal|p2a: Florges|100/100|[from] drain|[of] p1a: Lucario
|
|upkeep
|turn|7
|
|t:|1784499831
|switch|p2b: Meowstic|Meowstic, L50, M|31/100
|move|p1b: Dragonite|Extreme Speed|p2b: Meowstic
|-damage|p2b: Meowstic|0 fnt
|faint|p2b: Meowstic
|move|p1a: Lucario|Bullet Punch|p2a: Florges
|-supereffective|p2a: Florges|1
|-damage|p2a: Florges|36/100
|-damage|p1a: Lucario|51/100|[from] item: Life Orb
|move|p2a: Florges|Draining Kiss|p1a: Lucario
|-damage|p1a: Lucario|10/100
|-heal|p2a: Florges|61/100|[from] drain|[of] p1a: Lucario
|
|-heal|p2a: Florges|67/100|[from] item: Leftovers
|upkeep
|
|t:|1784499846
|switch|p2b: Scizor|Scizor, L50, M|13/100
|turn|8
|
|t:|1784499877
|move|p2b: Scizor|Protect|p2b: Scizor
|-singleturn|p2b: Scizor|Protect
|cant|p1b: Dragonite|par
|move|p1a: Lucario|Bullet Punch|p2a: Florges
|-supereffective|p2a: Florges|1
|-damage|p2a: Florges|2/100
|-damage|p1a: Lucario|1/100|[from] item: Life Orb
|move|p2a: Florges|Wish|p2a: Florges
|
|-heal|p2a: Florges|8/100|[from] item: Leftovers
|upkeep
|turn|9
|
|t:|1784499903
|move|p2a: Florges|Protect|p2a: Florges
|-singleturn|p2a: Florges|Protect
|move|p2b: Scizor|Protect|p2b: Scizor
|-singleturn|p2b: Scizor|Protect
|move|p1b: Dragonite|Extreme Speed|p2b: Scizor
|-activate|p2b: Scizor|move: Protect
|move|p1a: Lucario|Bullet Punch|p2a: Florges
|-activate|p2a: Florges|move: Protect
|
|-heal|p2a: Florges|58/100|[from] move: Wish|[wisher] Florges
|-heal|p2a: Florges|64/100|[from] item: Leftovers
|upkeep
|turn|10
|c|鈽咰hizardfalife|youre joking
|
|t:|1784499930
|move|p1b: Dragonite|Extreme Speed|p2b: Scizor
|-resisted|p2b: Scizor|1
|-damage|p2b: Scizor|0 fnt
|faint|p2b: Scizor
|move|p1a: Lucario|Bullet Punch|p2a: Florges
|-supereffective|p2a: Florges|1
|-damage|p2a: Florges|5/100
|-damage|p1a: Lucario|0 fnt|[from] item: Life Orb
|faint|p1a: Lucario
|move|p2a: Florges|Draining Kiss|p1b: Dragonite
|-supereffective|p1b: Dragonite|1
|-damage|p1b: Dragonite|22/100 par
|-heal|p2a: Florges|39/100|[from] drain|[of] p1b: Dragonite
|
|-heal|p2a: Florges|45/100|[from] item: Leftovers
|upkeep
|
|t:|1784499942
|switch|p1a: Primarina|Primarina, L50, F|100/100 par
|turn|11
|
|t:|1784499968
|switch|p1b: Aerodactyl|Aerodactyl, L50, F|100/100
|-ability|p1b: Aerodactyl|Unnerve
|move|p2a: Florges|Protect|p2a: Florges
|-singleturn|p2a: Florges|Protect
|move|p1a: Primarina|Hyper Voice|p2a: Florges
|-activate|p2a: Florges|move: Protect
|
|-heal|p2a: Florges|51/100|[from] item: Leftovers
|upkeep
|turn|12
|
|t:|1784499994
|move|p1b: Aerodactyl|Dual Wingbeat|p2a: Florges
|-damage|p2a: Florges|30/100
|-damage|p2a: Florges|7/100
|-hitcount|p2a: Florges|2
|move|p2a: Florges|Draining Kiss|p1b: Aerodactyl
|-damage|p1b: Aerodactyl|61/100
|-heal|p2a: Florges|31/100|[from] drain|[of] p1b: Aerodactyl
|move|p1a: Primarina|Hyper Voice|p2a: Florges
|-damage|p2a: Florges|0 fnt
|faint|p2a: Florges
|
|win|Chizardfalife
||Zephrhills is ready for game 2.
|inactive|Chizardfalife has 30 seconds to confirm battle start!
