|j|☆zace4life
|j|☆crini
|html|zace4lifecrini    
|uhtml|bestof|Game 1 of a best-of-3
|t:|1784240156
|gametype|doubles
|player|p1|zace4life|266|
|player|p2|crini|266|
|gen|9
|tier|[Gen 9 Champions] VGC 2026 Reg M-B (Bo3)
|rule|Species Clause: Limit one of each Pokémon
|rule|Item Clause: Limit 1 of each item
|clearpoke
|poke|p1|Altaria, L50, M|
|poke|p1|Whimsicott, L50, M|
|poke|p1|Charizard, L50, M|
|poke|p1|Aerodactyl, L50, M|
|poke|p1|Arcanine, L50, M|
|poke|p1|Cofagrigus, L50, M|
|poke|p2|Malamar, L50, M|
|poke|p2|Vileplume, L50, M|
|poke|p2|Talonflame, L50, M|
|poke|p2|Maushold, L50|
|poke|p2|Glalie, L50, F|
|poke|p2|Bastiodon, L50, M|
|teampreview|4
|showteam|p1|Altaria||Leftovers|CloudNine|HyperVoice,Roar,DracoMeteor,Tailwind|Bold||M|||50|]Whimsicott||FocusSash|Prankster|Uturn,Tailwind,Moonblast,Taunt|Naive||M|||50|]Charizard||CharizarditeY|Blaze|WeatherBall,ScorchingSands,HeatWave,Protect|Modest||M|||50|]Aerodactyl||LifeOrb|Unnerve|RockSlide,Crunch,Protect,Earthquake|Jolly||M|||50|]Arcanine||ChoiceScarf|Intimidate|Crunch,Snarl,FlareBlitz,PlayRough|Adamant||M|||50|]Cofagrigus||MuscleBand|Mummy|Poltergeist,Protect,BodyPress,IronDefense|Adamant||M|||50|
|showteam|p2|Malamar||Malamarite|Contrary|KnockOff,Superpower,Protect,ZenHeadbutt|Adamant||M|||50|]Vileplume||FocusSash|Chlorophyll|SludgeBomb,StrengthSap,AfterYou,SleepPowder|Timid||M|||50|]Talonflame||SharpBeak|GaleWings|Tailwind,SunnyDay,BraveBird,Protect|Jolly||M|||50|]Maushold||ChopleBerry|FriendGuard|FollowMe,Feint,Protect,HelpingHand|Impish|||||50|]Glalie||SilkScarf|Moody|Explosion,Protect,Disable,Substitute|Adamant||F|||50|]Bastiodon||Leftovers|Soundproof|WideGuard,IronDefense,MetalBurst,BodyPress|Impish||M|||50|
|c|☆zace4life|okay
|c|☆zace4life|it wont let me say the r word
|c|☆zace4life|im R
|n|☆crini|crini
|c|☆crini|r tard
|
|t:|1784240543
|teamsize|p1|4
|teamsize|p2|4
|start
|switch|p1a: Whimsicott|Whimsicott, L50, M|100/100
|switch|p1b: Aerodactyl|Aerodactyl, L50, M|100/100
|switch|p2a: Glalie|Glalie, L50, F|100/100
|switch|p2b: Bastiodon|Bastiodon, L50, M|100/100
|-ability|p1b: Aerodactyl|Unnerve
|turn|1
|
|t:|1784240619
|switch|p1b: Cofagrigus|Cofagrigus, L50, M|100/100
|move|p1a: Whimsicott|Tailwind|p1a: Whimsicott
|-sidestart|p1: zace4life|move: Tailwind
|move|p2a: Glalie|Substitute|p2a: Glalie
|-start|p2a: Glalie|Substitute
|-damage|p2a: Glalie|75/100
|move|p2b: Bastiodon|Iron Defense|p2b: Bastiodon
|-boost|p2b: Bastiodon|def|2
|
|-ability|p2a: Glalie|Moody|boost
|-boost|p2a: Glalie|atk|2
|-unboost|p2a: Glalie|def|1
|upkeep
|turn|2
|
|t:|1784240688
|move|p2a: Glalie|Protect|p2a: Glalie
|-singleturn|p2a: Glalie|Protect
|move|p1a: Whimsicott|U-turn|p2a: Glalie
|-activate|p2a: Glalie|move: Protect
|move|p1b: Cofagrigus|Iron Defense|p1b: Cofagrigus
|-boost|p1b: Cofagrigus|def|2
|move|p2b: Bastiodon|Iron Defense|p2b: Bastiodon
|-boost|p2b: Bastiodon|def|2
|
|-ability|p2a: Glalie|Moody|boost
|-boost|p2a: Glalie|spa|2
|-unboost|p2a: Glalie|def|1
|upkeep
|turn|3
|
|t:|1784240744
|move|p1a: Whimsicott|U-turn|p2a: Glalie
|-end|p2a: Glalie|Substitute
|
|t:|1784240761
|switch|p1a: Aerodactyl|Aerodactyl, L50, M|100/100|[from] U-turn
|-ability|p1a: Aerodactyl|Unnerve
|move|p1b: Cofagrigus|Body Press|p2a: Glalie
|-supereffective|p2a: Glalie|1
|-damage|p2a: Glalie|0 fnt
|faint|p2a: Glalie
|move|p2b: Bastiodon|Body Press|p1a: Aerodactyl
|-damage|p1a: Aerodactyl|0 fnt
|faint|p1a: Aerodactyl
|
|upkeep
|
|t:|1784240788
|switch|p1a: Whimsicott|Whimsicott, L50, M|100/100
|switch|p2a: Maushold|Maushold, L50|100/100
|turn|4
|
|t:|1784240832
|move|p2a: Maushold|Helping Hand|p2b: Bastiodon
|-singleturn|p2b: Bastiodon|Helping Hand|[of] p2a: Maushold
|move|p1a: Whimsicott|Taunt|p2a: Maushold
|-start|p2a: Maushold|move: Taunt
|move|p1b: Cofagrigus|Iron Defense|p1b: Cofagrigus
|-boost|p1b: Cofagrigus|def|2
|move|p2b: Bastiodon|Body Press|p1a: Whimsicott
|-resisted|p1a: Whimsicott|1
|-crit|p1a: Whimsicott
|-enditem|p1a: Whimsicott|Focus Sash
|-damage|p1a: Whimsicott|1/100
|
|-sideend|p1: zace4life|move: Tailwind
|upkeep
|turn|5
|
|t:|1784240862
|move|p2a: Maushold|Feint|p1a: Whimsicott
|-damage|p1a: Whimsicott|0 fnt
|faint|p1a: Whimsicott
|move|p1b: Cofagrigus|Body Press|p2b: Bastiodon
|-supereffective|p2b: Bastiodon|2
|-damage|p2b: Bastiodon|49/100
|move|p2b: Bastiodon|Body Press|p1b: Cofagrigus
|-immune|p1b: Cofagrigus
|
|-heal|p2b: Bastiodon|55/100|[from] item: Leftovers
|upkeep
|
|t:|1784240873
|switch|p1a: Charizard|Charizard, L50, M|100/100
|turn|6
|
|t:|1784240944
|detailschange|p1a: Charizard|Charizard-Mega-Y, L50, M
|-mega|p1a: Charizard|Charizard|Charizardite Y
|-weather|SunnyDay|[from] ability: Drought|[of] p1a: Charizard
|move|p2a: Maushold|Feint|p1a: Charizard
|-damage|p1a: Charizard|88/100
|move|p1a: Charizard|Heat Wave|p2a: Maushold|[spread] p2a,p2b
|-damage|p2a: Maushold|15/100
|-damage|p2b: Bastiodon|21/100
|move|p1b: Cofagrigus|Body Press|p2b: Bastiodon
|-supereffective|p2b: Bastiodon|2
|-damage|p2b: Bastiodon|0 fnt
|faint|p2b: Bastiodon
|
|-weather|SunnyDay|[upkeep]
|upkeep
|
|t:|1784240956
|switch|p2b: Malamar|Malamar, L50, M|100/100
|turn|7
|
|t:|1784240995
|move|p2a: Maushold|Feint|p1a: Charizard
|-damage|p1a: Charizard|76/100
|move|p1a: Charizard|Heat Wave|p2b: Malamar|[spread] p2a,p2b
|-damage|p2a: Maushold|0 fnt
|-damage|p2b: Malamar|20/100y
|faint|p2a: Maushold
|move|p2b: Malamar|Zen Headbutt|p1a: Charizard|[miss]
|-miss|p2b: Malamar|p1a: Charizard
|move|p1b: Cofagrigus|Iron Defense|p1b: Cofagrigus
|-boost|p1b: Cofagrigus|def|2
|
|-weather|SunnyDay|[upkeep]
|upkeep
|turn|8
|
|t:|1784241016
|move|p1a: Charizard|Protect|p1a: Charizard
|-singleturn|p1a: Charizard|Protect
|move|p2b: Malamar|Zen Headbutt|p1a: Charizard
|-activate|p1a: Charizard|move: Protect
|move|p1b: Cofagrigus|Body Press|p2b: Malamar
|-damage|p2b: Malamar|0 fnt
|faint|p2b: Malamar
|
|win|zace4life
|inactive|zace4life has 30 seconds to confirm battle start!
|inactive|crini has 30 seconds to confirm battle start!
||crini is ready for game 2.
|inactive|zace4life has 20 seconds to confirm battle start!
|inactive|zace4life has 10 seconds to confirm battle start!
||zace4life is ready for game 2.
|uhtml|next|Next: Game 2 of 3
