|j|☆arm fire
|j|☆impurities2
|html|arm fireimpurities2    
|uhtml|bestof|Game 1 of a best-of-3
|t:|1756584369
|gametype|doubles
|player|p1|arm fire|flannery|1211
|player|p2|impurities2|miku-ghost|1267
|gen|9
|tier|[Gen 9] VGC 2025 Reg H (Bo3)
|rated|
|rule|Species Clause: Limit one of each Pokémon
|rule|Item Clause: Limit 1 of each item
|clearpoke
|poke|p1|Garchomp, L50, F|
|poke|p1|Gholdengo, L50|
|poke|p1|Incineroar, L50, F|
|poke|p1|Amoonguss, L50, M|
|poke|p1|Kilowattrel, L50, F|
|poke|p1|Tyranitar, L50, M|
|poke|p2|Archaludon, L50, F|
|poke|p2|Rillaboom, L50, F|
|poke|p2|Basculegion, L50, M|
|poke|p2|Kingambit, L50, F|
|poke|p2|Pelipper, L50, M|
|poke|p2|Electabuzz, L50, M|
|teampreview|4
|showteam|p1|Garchomp||LifeOrb|SandVeil|DragonClaw,StompingTantrum,Earthquake,Protect|||F|||50|,,,,,Ground]Gholdengo||MetalCoat|GoodasGold|MakeItRain,ShadowBall,NastyPlot,Protect||||||50|,,,,,Flying]Incineroar||MirrorHerb|Intimidate|FakeOut,FlareBlitz,KnockOff,PartingShot|||F|||50|,,,,,Ghost]Amoonguss||SitrusBerry|Regenerator|Protect,PollenPuff,Spore,RagePowder|||M|||50|,,,,,Fairy]Kilowattrel||FocusSash|Competitive|Electroweb,VoltSwitch,AirSlash,Tailwind|||F|||50|,,,,,Ghost]Tyranitar||AssaultVest|SandStream|RockSlide,KnockOff,LowKick,TeraBlast|||M|||50|,,,,,Flying
|showteam|p2|Archaludon||AssaultVest|Stamina|ElectroShot,DracoMeteor,FlashCannon,BodyPress|||F|||50|,,,,,Fairy]Rillaboom||LoadedDice|GrassySurge|BulletSeed,GrassyGlide,FakeOut,HighHorsepower|||F|||50|,,,,,Fire]Basculegion||ChoiceBand|SwiftSwim|WaveCrash,LastRespects,FlipTurn,AquaJet|||M|||50|,,,,,Grass]Kingambit||BlackGlasses|Defiant|KowtowCleave,SuckerPunch,SwordsDance,Protect|||F|||50|,,,,,Dark]Pelipper||FocusSash|Drizzle|WeatherBall,Hurricane,Tailwind,Protect|||M|||50|,,,,,Ghost]Electabuzz||Eviolite|VitalSpirit|Electroweb,Taunt,FollowMe,Protect|||M|||50|,,,,,Ghost
|inactive|Battle timer is ON: inactive players will automatically lose when time's up. (requested by arm fire)
|inactive|impurities2 has 60 seconds left.
|
|t:|1756584413
|teamsize|p1|4
|teamsize|p2|4
|start
|switch|p1a: Kilowattrel|Kilowattrel, L50, F|100/100
|switch|p1b: Garchomp|Garchomp, L50, F|100/100
|switch|p2a: Rillaboom|Rillaboom, L50, F|100/100
|switch|p2b: Kingambit|Kingambit, L50, F|100/100
|-fieldstart|move: Grassy Terrain|[from] ability: Grassy Surge|[of] p2a: Rillaboom
|turn|1
|l|☆arm fire
|inactive|arm fire disconnected and has a minute to reconnect!
|player|p1|
|inactive|arm fire has 30 seconds left.
|inactive|arm fire has 20 seconds left.
|j|☆arm fire
|inactive|arm fire reconnected and has 20 seconds left.
|player|p1|arm fire|flannery|
|inactive|arm fire has 15 seconds left.
|inactive|arm fire has 10 seconds left.
|
|t:|1756584458
|-terastallize|p2b: Kingambit|Dark
|move|p2a: Rillaboom|Fake Out|p1a: Kilowattrel
|-damage|p1a: Kilowattrel|74/100
|cant|p1a: Kilowattrel|flinch
|move|p1b: Garchomp|Stomping Tantrum|p2b: Kingambit
|-damage|p2b: Kingambit|64/100
|-damage|p1b: Garchomp|91/100|[from] item: Life Orb
|move|p2b: Kingambit|Swords Dance|p2b: Kingambit
|-boost|p2b: Kingambit|atk|2
|
|-heal|p1b: Garchomp|97/100|[from] Grassy Terrain
|-heal|p2b: Kingambit|70/100|[from] Grassy Terrain
|upkeep
|turn|2
|
|t:|1756584477
|move|p1b: Garchomp|Protect|p1b: Garchomp
|-singleturn|p1b: Garchomp|Protect
|move|p2b: Kingambit|Protect|p2b: Kingambit
|-singleturn|p2b: Kingambit|Protect
|move|p1a: Kilowattrel|Volt Switch|p2b: Kingambit
|-activate|p2b: Kingambit|move: Protect
|move|p2a: Rillaboom|Bullet Seed|p1b: Garchomp
|-activate|p1b: Garchomp|move: Protect
|
|-heal|p1b: Garchomp|100/100|[from] Grassy Terrain
|-heal|p2b: Kingambit|76/100|[from] Grassy Terrain
|upkeep
|turn|3
|
|t:|1756584487
|switch|p1a: Amoonguss|Amoonguss, L50, M|100/100
|move|p1b: Garchomp|Protect||[still]
|-fail|p1b: Garchomp
|move|p2b: Kingambit|Sucker Punch||[still]
|-fail|p2b: Kingambit
|move|p2a: Rillaboom|High Horsepower|p1a: Amoonguss
|-damage|p1a: Amoonguss|75/100
|
|-heal|p2b: Kingambit|82/100|[from] Grassy Terrain
|-heal|p1a: Amoonguss|81/100|[from] Grassy Terrain
|upkeep
|turn|4
|inactive|impurities2 has 30 seconds left.
|
|t:|1756584520
|-terastallize|p1a: Amoonguss|Fairy
|move|p1b: Garchomp|Dragon Claw|p2a: Rillaboom
|-damage|p2a: Rillaboom|47/100
|-damage|p1b: Garchomp|91/100|[from] item: Life Orb
|move|p2a: Rillaboom|Bullet Seed|p1b: Garchomp
|-damage|p1b: Garchomp|74/100
|-damage|p1b: Garchomp|58/100
|-damage|p1b: Garchomp|41/100
|-damage|p1b: Garchomp|22/100
|-damage|p1b: Garchomp|6/100
|-hitcount|p1b: Garchomp|5
|move|p2b: Kingambit|Kowtow Cleave|p1a: Amoonguss
|-resisted|p1a: Amoonguss
|-damage|p1a: Amoonguss|17/100
|-enditem|p1a: Amoonguss|Sitrus Berry|[eat]
|-heal|p1a: Amoonguss|42/100|[from] item: Sitrus Berry
|move|p1a: Amoonguss|Spore|p2b: Kingambit
|-status|p2b: Kingambit|slp|[from] move: Spore
|
|-heal|p1b: Garchomp|12/100|[from] Grassy Terrain
|-heal|p2a: Rillaboom|53/100|[from] Grassy Terrain
|-heal|p2b: Kingambit|88/100 slp|[from] Grassy Terrain
|-heal|p1a: Amoonguss|48/100|[from] Grassy Terrain
|upkeep
|turn|5
|
|t:|1756584540
|switch|p1b: Tyranitar|Tyranitar, L50, M|100/100
|-weather|Sandstorm|[from] ability: Sand Stream|[of] p1b: Tyranitar
|cant|p2b: Kingambit|slp
|move|p2a: Rillaboom|Bullet Seed|p1a: Amoonguss
|-damage|p1a: Amoonguss|35/100
|-damage|p1a: Amoonguss|21/100
|-damage|p1a: Amoonguss|9/100
|-damage|p1a: Amoonguss|0 fnt
|faint|p1a: Amoonguss
|-hitcount|p1: Amoonguss|4
|
|-weather|Sandstorm|[upkeep]
|-damage|p2a: Rillaboom|47/100|[from] Sandstorm
|-damage|p2b: Kingambit|82/100 slp|[from] Sandstorm
|-heal|p2a: Rillaboom|53/100|[from] Grassy Terrain
|-heal|p2b: Kingambit|88/100 slp|[from] Grassy Terrain
|-fieldend|move: Grassy Terrain
|upkeep
|
|t:|1756584553
|switch|p1a: Garchomp|Garchomp, L50, F|12/100
|turn|6
|
|t:|1756584560
|switch|p2a: Pelipper|Pelipper, L50, M|100/100
|-weather|RainDance|[from] ability: Drizzle|[of] p2a: Pelipper
|-curestatus|p2b: Kingambit|slp|[msg]
|move|p2b: Kingambit|Protect|p2b: Kingambit
|-singleturn|p2b: Kingambit|Protect
|move|p1a: Garchomp|Dragon Claw|p2a: Pelipper
|-damage|p2a: Pelipper|31/100
|-damage|p1a: Garchomp|2/100|[from] item: Life Orb
|move|p1b: Tyranitar|Rock Slide|p2b: Kingambit|[spread] p2a
|-activate|p2b: Kingambit|move: Protect
|-supereffective|p2a: Pelipper
|-crit|p2a: Pelipper
|-damage|p2a: Pelipper|0 fnt
|faint|p2a: Pelipper
|
|-weather|RainDance|[upkeep]
|upkeep
|
|t:|1756584574
|switch|p2a: Basculegion|Basculegion, L50, M|100/100
|turn|7
|
|t:|1756584579
|move|p1a: Garchomp|Protect|p1a: Garchomp
|-singleturn|p1a: Garchomp|Protect
|move|p2a: Basculegion|Wave Crash|p1b: Tyranitar
|-supereffective|p1b: Tyranitar
|-damage|p1b: Tyranitar|0 fnt
|faint|p1b: Tyranitar
|-damage|p2a: Basculegion|67/100|[from] Recoil
|move|p2b: Kingambit|Kowtow Cleave|p1a: Garchomp
|-activate|p1a: Garchomp|move: Protect
|
|-weather|RainDance|[upkeep]
|upkeep
|
|t:|1756584584
|switch|p1b: Kilowattrel|Kilowattrel, L50, F|74/100
|turn|8
|
|t:|1756584590
|move|p2b: Kingambit|Sucker Punch||[still]
|-fail|p2b: Kingambit
|move|p2a: Basculegion|Wave Crash|p1b: Kilowattrel
|-damage|p1b: Kilowattrel|0 fnt
|faint|p1b: Kilowattrel
|-damage|p2a: Basculegion|49/100|[from] Recoil
|move|p1a: Garchomp|Earthquake|p2a: Basculegion|[spread] p2a,p2b
|-damage|p2a: Basculegion|0 fnt
|-damage|p2b: Kingambit|49/100
|faint|p2a: Basculegion
|-damage|p1a: Garchomp|0 fnt|[from] item: Life Orb
|faint|p1a: Garchomp
|
|win|impurities2
