|j|☆banbanan
|j|☆Welwitchia
|html|banbananWelwitchia    
|uhtml|bestof|Game 2 of a best-of-3
|t:|1784722587
|gametype|doubles
|player|p1|banbanan|1|1025
|player|p2|Welwitchia|pokemonbreeder-gen4|1046
|gen|9
|tier|[Gen 9 Champions] VGC 2026 Reg M-B (Bo3)
|rated|
|rule|Species Clause: Limit one of each Pokémon
|rule|Item Clause: Limit 1 of each item
|clearpoke
|poke|p1|Sinistcha, L50|
|poke|p1|Steelix, L50, M|
|poke|p1|Hippowdon, L50, M|
|poke|p1|Heracross, L50, F|
|poke|p1|Whimsicott, L50, F|
|poke|p1|Sneasler, L50, F|
|poke|p2|Corviknight, L50, M|
|poke|p2|Tyranitar, L50, F, shiny|
|poke|p2|Trevenant, L50, M|
|poke|p2|Azumarill, L50, F, shiny|
|poke|p2|Slowking-Galar, L50, M|
|poke|p2|Camerupt, L50, F, shiny|
|teampreview|4
|showteam|p1|Sinistcha||KingsRock|Hospitality|MatchaGotcha,ShadowBall,StrengthSap,Protect|Timid|||||50|]Steelix||Steelixite|SheerForce|PsychicFangs,HeavySlam,HighHorsepower,BreakingSwipe|Impish||M|||50|]Hippowdon||Leftovers|SandStream|Protect,BodyPress,HighHorsepower,Rest|Impish||M|||50|]Heracross||Heracronite|Guts|BulletSeed,Lunge,CloseCombat,KnockOff|Adamant||F|||50|]Whimsicott||FocusSash|Chlorophyll|Moonblast,Tailwind,TrickRoom,Encore|Modest||F|||50|]Sneasler||WhiteHerb|Unburden|CloseCombat,DireClaw,FirePunch,FakeOut|Adamant||F|||50|
|showteam|p2|Corviknight||Leftovers|Pressure|Spite,IronHead,Roost,Protect|Impish||M|||50|]Tyranitar||Tyranitarite|SandStream|Spite,Protect,RockSlide,LowKick|Careful||F|||50|]Trevenant||SitrusBerry|Harvest|PainSplit,FoulPlay,ForestsCurse,BurningJealousy|Calm||M|||50|]Azumarill||FairyFeather|SapSipper|BellyDrum,AquaJet,IceSpinner,DrainingKiss|Brave||F|||50|]Slowking-Galar||ShucaBerry|CuriousMedicine|SkillSwap,ThunderWave,EerieSpell,TrickRoom|Sassy||M|||50|]Camerupt||Cameruptite|SolidRock|EarthPower,HeatWave,SolarBeam,StealthRock|Modest||F|||50|
|
|t:|1784722624
|teamsize|p1|4
|teamsize|p2|4
|start
|switch|p1a: Sneasler|Sneasler, L50, F|100/100
|switch|p1b: Whimsicott|Whimsicott, L50, F|100/100
|switch|p2a: Camerupt|Camerupt, L50, F, shiny|100/100
|switch|p2b: Corviknight|Corviknight, L50, M|100/100
|-ability|p2b: Corviknight|Pressure
|turn|1
|
|t:|1784722648
|move|p1a: Sneasler|Fake Out|p2a: Camerupt
|-crit|p2a: Camerupt
|-damage|p2a: Camerupt|67/100
|move|p1b: Whimsicott|Tailwind|p1b: Whimsicott
|-sidestart|p1: banbanan|move: Tailwind
|move|p2b: Corviknight|Iron Head|p1b: Whimsicott
|-supereffective|p1b: Whimsicott|1
|-damage|p1b: Whimsicott|38/100
|cant|p2a: Camerupt|flinch
|
|upkeep
|turn|2
|
|t:|1784722675
|move|p1b: Whimsicott|Moonblast|p2a: Camerupt
|-resisted|p2a: Camerupt|1
|-damage|p2a: Camerupt|41/100
|move|p1a: Sneasler|Close Combat|p2a: Camerupt
|-damage|p2a: Camerupt|0 fnt
|-unboost|p1a: Sneasler|def|1
|-unboost|p1a: Sneasler|spd|1
|faint|p2a: Camerupt
|-enditem|p1a: Sneasler|White Herb
|-clearnegativeboost|p1a: Sneasler|[silent]
|move|p2b: Corviknight|Spite|p1a: Sneasler
|-activate|p1a: Sneasler|move: Spite|Close Combat|4
|
|upkeep
|
|t:|1784722695
|switch|p2a: Slowking|Slowking-Galar, L50, M|100/100
|-clearboost|p2b: Corviknight|[from] ability: Curious Medicine|[of] p2a: Slowking
|turn|3
|
|t:|1784722724
|move|p2b: Corviknight|Protect|p2b: Corviknight
|-singleturn|p2b: Corviknight|Protect
|move|p1a: Sneasler|Fire Punch|p2a: Slowking
|-damage|p2a: Slowking|71/100
|move|p1b: Whimsicott|Encore|p2b: Corviknight
|-activate|p2b: Corviknight|move: Protect
|move|p2a: Slowking|Eerie Spell|p1a: Sneasler
|-supereffective|p1a: Sneasler|2
|-damage|p1a: Sneasler|0 fnt
|faint|p1a: Sneasler
|
|upkeep
|
|t:|1784722741
|switch|p1a: Heracross|Heracross, L50, F|100/100
|turn|4
|
|t:|1784722761
|detailschange|p1a: Heracross|Heracross-Mega, L50, F
|-mega|p1a: Heracross|Heracross|Heracronite
|move|p1b: Whimsicott|Encore|p2b: Corviknight
|-start|p2b: Corviknight|Encore
|move|p2b: Corviknight|Protect||[still]
|-fail|p2b: Corviknight
|move|p1a: Heracross|Knock Off|p2a: Slowking
|-supereffective|p2a: Slowking|1
|-damage|p2a: Slowking|0 fnt
|-enditem|p2a: Slowking|Shuca Berry|[from] move: Knock Off|[of] p1a: Heracross
|faint|p2a: Slowking
|
|-sideend|p1: banbanan|move: Tailwind
|upkeep
|
|t:|1784722770
|switch|p2a: Azumarill|Azumarill, L50, F, shiny|100/100
|turn|5
|
|t:|1784722782
|move|p2b: Corviknight|Protect|p2b: Corviknight
|-singleturn|p2b: Corviknight|Protect
|move|p1b: Whimsicott|Moonblast|p2a: Azumarill
|-damage|p2a: Azumarill|58/100
|move|p1a: Heracross|Bullet Seed|p2a: Azumarill
|-ability|p2a: Azumarill|Sap Sipper|boost
|-boost|p2a: Azumarill|atk|1
|move|p2a: Azumarill|Belly Drum|p2a: Azumarill
|-damage|p2a: Azumarill|9/100
|-setboost|p2a: Azumarill|atk|6|[from] move: Belly Drum
|
|upkeep
|turn|6
|
|t:|1784722805
|move|p2b: Corviknight|Protect||[still]
|-fail|p2b: Corviknight
|move|p2a: Azumarill|Aqua Jet|p1b: Whimsicott
|-resisted|p1b: Whimsicott|1
|-damage|p1b: Whimsicott|5/100
|move|p1b: Whimsicott|Encore|p2a: Azumarill
|-start|p2a: Azumarill|Encore
|move|p1a: Heracross|Close Combat|p2b: Corviknight
|-damage|p2b: Corviknight|40/100
|-unboost|p1a: Heracross|def|1
|-unboost|p1a: Heracross|spd|1
|
|-heal|p2b: Corviknight|46/100|[from] item: Leftovers
|-end|p2b: Corviknight|Encore
|upkeep
|turn|7
|
|t:|1784722824
|move|p2b: Corviknight|Protect|p2b: Corviknight
|-singleturn|p2b: Corviknight|Protect
|move|p2a: Azumarill|Aqua Jet|p1b: Whimsicott
|-resisted|p1b: Whimsicott|1
|-damage|p1b: Whimsicott|0 fnt
|faint|p1b: Whimsicott
|move|p1a: Heracross|Close Combat|p2b: Corviknight
|-activate|p2b: Corviknight|move: Protect
|
|-heal|p2b: Corviknight|52/100|[from] item: Leftovers
|upkeep
|
|t:|1784722836
|switch|p1b: Sinistcha|Sinistcha, L50|100/100
|turn|8
|
|t:|1784722845
|move|p2a: Azumarill|Aqua Jet|p1a: Heracross
|-damage|p1a: Heracross|32/100
|move|p1b: Sinistcha|Shadow Ball|p2a: Azumarill
|-damage|p2a: Azumarill|0 fnt
|faint|p2a: Azumarill
|move|p1a: Heracross|Close Combat|p2b: Corviknight
|-damage|p2b: Corviknight|2/100
|-unboost|p1a: Heracross|def|1
|-unboost|p1a: Heracross|spd|1
|move|p2b: Corviknight|Roost|p2b: Corviknight
|-heal|p2b: Corviknight|52/100
|-singleturn|p2b: Corviknight|move: Roost
|
|-heal|p2b: Corviknight|58/100|[from] item: Leftovers
|upkeep
|turn|9
|
|t:|1784722867
|move|p2b: Corviknight|Protect|p2b: Corviknight
|-singleturn|p2b: Corviknight|Protect
|move|p1b: Sinistcha|Shadow Ball|p2b: Corviknight
|-activate|p2b: Corviknight|move: Protect
|move|p1a: Heracross|Close Combat|p2b: Corviknight
|-activate|p2b: Corviknight|move: Protect
|
|-heal|p2b: Corviknight|64/100|[from] item: Leftovers
|upkeep
|turn|10
|
|t:|1784722889
|move|p1b: Sinistcha|Shadow Ball|p2b: Corviknight
|-damage|p2b: Corviknight|32/100
|move|p1a: Heracross|Knock Off|p2b: Corviknight
|-damage|p2b: Corviknight|1/100
|-enditem|p2b: Corviknight|Leftovers|[from] move: Knock Off|[of] p1a: Heracross
|move|p2b: Corviknight|Roost|p2b: Corviknight
|-heal|p2b: Corviknight|50/100g
|-singleturn|p2b: Corviknight|move: Roost
|
|upkeep
|turn|11
|
|t:|1784722909
|move|p1b: Sinistcha|Matcha Gotcha|p2b: Corviknight
|-resisted|p2b: Corviknight|2
|-damage|p2b: Corviknight|42/100
|move|p1a: Heracross|Bullet Seed|p2b: Corviknight
|-resisted|p2b: Corviknight|2
|-damage|p2b: Corviknight|40/100
|-resisted|p2b: Corviknight|2
|-damage|p2b: Corviknight|39/100
|-resisted|p2b: Corviknight|2
|-damage|p2b: Corviknight|37/100
|-resisted|p2b: Corviknight|2
|-damage|p2b: Corviknight|35/100
|-resisted|p2b: Corviknight|2
|-damage|p2b: Corviknight|33/100
|-hitcount|p2b: Corviknight|5
|move|p2b: Corviknight|Roost|p2b: Corviknight
|-heal|p2b: Corviknight|83/100
|-singleturn|p2b: Corviknight|move: Roost
|
|upkeep
|turn|12
|
|t:|1784722933
|move|p1b: Sinistcha|Strength Sap|p2b: Corviknight
|-unboost|p2b: Corviknight|atk|1
|move|p1a: Heracross|Knock Off|p2b: Corviknight
|-damage|p2b: Corviknight|61/100
|move|p2b: Corviknight|Spite|p1a: Heracross
|-activate|p1a: Heracross|move: Spite|Knock Off|4
|
|upkeep
|turn|13
|
|t:|1784722951
|move|p1b: Sinistcha|Strength Sap|p2b: Corviknight
|-unboost|p2b: Corviknight|atk|1
|move|p1a: Heracross|Knock Off|p2b: Corviknight
|-damage|p2b: Corviknight|41/100
|move|p2b: Corviknight|Spite|p1a: Heracross
|-activate|p1a: Heracross|move: Spite|Knock Off|4
|
|upkeep
|turn|14
|
|t:|1784722965
|move|p1b: Sinistcha|Strength Sap|p2b: Corviknight
|-unboost|p2b: Corviknight|atk|1
|move|p1a: Heracross|Knock Off|p2b: Corviknight
|-damage|p2b: Corviknight|19/100
|move|p2b: Corviknight|Roost|p2b: Corviknight
|-heal|p2b: Corviknight|69/100
|-singleturn|p2b: Corviknight|move: Roost
|
|upkeep
|turn|15
|
|t:|1784722980
|move|p1b: Sinistcha|Shadow Ball|p2b: Corviknight
|-damage|p2b: Corviknight|36/100
|-unboost|p2b: Corviknight|spd|1
|move|p1a: Heracross|Lunge|p2b: Corviknight
|-resisted|p2b: Corviknight|2
|-damage|p2b: Corviknight|27/100
|-unboost|p2b: Corviknight|atk|1
|move|p2b: Corviknight|Spite|p1b: Sinistcha
|-activate|p1b: Sinistcha|move: Spite|Shadow Ball|4
|
|upkeep
|turn|16
|
|t:|1784722997
|move|p1b: Sinistcha|Matcha Gotcha|p2b: Corviknight
|-resisted|p2b: Corviknight|2
|-damage|p2b: Corviknight|15/100
|move|p1a: Heracross|Knock Off|p2b: Corviknight
|-damage|p2b: Corviknight|0 fnt
|faint|p2b: Corviknight
|
|win|banbanan
|raw|banbanan's rating: 1025 → 1063(+38 for winning)
|raw|Welwitchia's rating: 1046 → 1028(-18 for losing)
