|j|☆Citrinis
|j|☆feeli_77
|html|Citrinisfeeli_77    
|uhtml|bestof|Game 2 of a best-of-3
|t:|1756411142
|gametype|doubles
|player|p1|Citrinis|furisodegirl-pink|1000
|player|p2|feeli_77|dawn|1125
|gen|9
|tier|[Gen 9] VGC 2025 Reg H (Bo3)
|rated|
|rule|Species Clause: Limit one of each Pokémon
|rule|Item Clause: Limit 1 of each item
|clearpoke
|poke|p1|Primarina, L50, M|
|poke|p1|Hatterene, L50, F|
|poke|p1|Alcremie-Lemon-Cream, L50, F|
|poke|p1|Mimikyu, L50, M|
|poke|p1|Ribombee, L50, F|
|poke|p1|Tinkaton, L50, F|
|poke|p2|Magmar, L50, M|
|poke|p2|Kingambit, L50, F|
|poke|p2|Rillaboom, L50, F|
|poke|p2|Primarina, L50, F|
|poke|p2|Dragapult, L50, F|
|poke|p2|Sneasler, L50, M|
|teampreview|4
|showteam|p1|Primarina||ThroatSpray|LiquidVoice|HyperVoice,DazzlingGleam,Protect,ShadowBall|||M|||50|,,,,,Water]Hatterene||Leftovers|MagicBounce|Imprison,TrickRoom,DazzlingGleam,Protect|||F|||50|,,,,,Steel]Alcremie-Lemon-Cream||CovertCloak|AromaVeil|DazzlingGleam,Decorate,Protect,AromaticMist|||F|||50|,,,,,Ghost]Mimikyu||ClearAmulet|Disguise|PlayRough,TrickRoom,ShadowClaw,Protect|||M|||50|,,,,,Grass]Ribombee||ChoiceSpecs|SweetVeil|PollenPuff,Psychic,EnergyBall,TeraBlast|||F|||50|,,,,,Fire]Tinkaton||AssaultVest|MoldBreaker|GigatonHammer,IceHammer,KnockOff,FakeOut|||F|||50|,,,,,Dark
|showteam|p2|Magmar||Eviolite|VitalSpirit|Overheat,WillOWisp,FollowMe,Protect|||M|||50|,,,,,Ghost]Kingambit||SafetyGoggles|Defiant|KowtowCleave,SuckerPunch,SwordsDance,Protect|||F|||50|,,,,,Dark]Rillaboom||AssaultVest|GrassySurge|WoodHammer,GrassyGlide,HighHorsepower,FakeOut|||F|||50|,,,,,Fire]Primarina||SitrusBerry|LiquidVoice|HyperVoice,Moonblast,Haze,Protect|||F|||50|,,,,,Poison]Dragapult||ChoiceBand|ClearBody|DragonDarts,PhantomForce,Outrage,Uturn|||F|||50|,,,,,Dragon]Sneasler||FocusSash|PoisonTouch|CloseCombat,DireClaw,FakeOut,Protect|||M|||50|,,,,,Stellar
|
|t:|1756411174
|teamsize|p1|4
|teamsize|p2|4
|start
|switch|p1a: Mimikyu|Mimikyu, L50, M|100/100
|switch|p1b: Ribombee|Ribombee, L50, F, shiny|100/100
|switch|p2a: Pinkebombe|Magmar, L50, M, shiny|100/100
|switch|p2b: Girlyteengirl|Rillaboom, L50, F, shiny|100/100
|-fieldstart|move: Grassy Terrain|[from] ability: Grassy Surge|[of] p2b: Girlyteengirl
|turn|1
|
|t:|1756411197
|move|p2b: Girlyteengirl|Fake Out|p1b: Ribombee
|-damage|p1b: Ribombee|75/100
|cant|p1b: Ribombee|flinch
|move|p2a: Pinkebombe|Will-O-Wisp|p1a: Mimikyu|[miss]
|-miss|p2a: Pinkebombe|p1a: Mimikyu
|move|p1a: Mimikyu|Trick Room|p1a: Mimikyu
|-fieldstart|move: Trick Room|[of] p1a: Mimikyu
|
|-heal|p1b: Ribombee|81/100|[from] Grassy Terrain
|upkeep
|turn|2
|
|t:|1756411222
|-terastallize|p2b: Girlyteengirl|Fire
|move|p2b: Girlyteengirl|Grassy Glide|p1a: Mimikyu
|-activate|p1a: Mimikyu|ability: Disguise
|-damage|p1a: Mimikyu|100/100
|detailschange|p1a: Mimikyu|Mimikyu-Busted, L50, M
|-damage|p1a: Mimikyu|88/100|[from] pokemon: Mimikyu-Busted
|move|p1a: Mimikyu|Play Rough|p2b: Girlyteengirl
|-resisted|p2b: Girlyteengirl
|-damage|p2b: Girlyteengirl|86/100
|-unboost|p2b: Girlyteengirl|atk|1
|move|p2a: Pinkebombe|Overheat|p1b: Ribombee
|-supereffective|p1b: Ribombee
|-damage|p1b: Ribombee|0 fnt
|-unboost|p2a: Pinkebombe|spa|2
|faint|p1b: Ribombee
|
|-heal|p1a: Mimikyu|94/100|[from] Grassy Terrain
|-heal|p2b: Girlyteengirl|92/100|[from] Grassy Terrain
|upkeep
|
|t:|1756411244
|switch|p1b: Alcremie|Alcremie-Lemon-Cream, L50, F|100/100
|turn|3
|
|t:|1756411269
|switch|p1a: Primarina|Primarina, L50, M|100/100
|move|p1b: Alcremie|Decorate|p1a: Primarina
|-boost|p1a: Primarina|atk|2
|-boost|p1a: Primarina|spa|2
|move|p2b: Girlyteengirl|Wood Hammer|p1b: Alcremie
|-damage|p1b: Alcremie|30/100
|-damage|p2b: Girlyteengirl|72/100|[from] Recoil
|move|p2a: Pinkebombe|Will-O-Wisp|p1a: Primarina|[miss]
|-miss|p2a: Pinkebombe|p1a: Primarina
|
|-heal|p1b: Alcremie|36/100|[from] Grassy Terrain
|-heal|p2b: Girlyteengirl|78/100|[from] Grassy Terrain
|upkeep
|turn|4
|
|t:|1756411299
|-terastallize|p1a: Primarina|Water
|move|p2a: Pinkebombe|Protect|p2a: Pinkebombe
|-singleturn|p2a: Pinkebombe|Protect
|move|p2b: Girlyteengirl|Grassy Glide|p1a: Primarina
|-supereffective|p1a: Primarina
|-damage|p1a: Primarina|40/100
|move|p1b: Alcremie|Decorate|p1a: Primarina
|-boost|p1a: Primarina|atk|2
|-boost|p1a: Primarina|spa|2
|move|p1a: Primarina|Hyper Voice|p2b: Girlyteengirl|[spread] p2b
|-activate|p2a: Pinkebombe|move: Protect
|-supereffective|p2b: Girlyteengirl
|-damage|p2b: Girlyteengirl|0 fnt
|faint|p2b: Girlyteengirl
|-enditem|p1a: Primarina|Throat Spray
|-boost|p1a: Primarina|spa|1|[from] item: Throat Spray
|
|-heal|p1b: Alcremie|42/100|[from] Grassy Terrain
|-heal|p1a: Primarina|46/100|[from] Grassy Terrain
|upkeep
|
|t:|1756411319
|switch|p2b: Diva|Sneasler, L50, M, shiny|100/100
|turn|5
|
|t:|1756411333
|move|p2b: Diva|Fake Out|p1a: Primarina
|-damage|p1a: Primarina|28/100
|-status|p1a: Primarina|psn|[from] ability: Poison Touch|[of] p2b: Diva
|move|p1b: Alcremie|Aromatic Mist|p1a: Primarina
|-boost|p1a: Primarina|spd|1
|cant|p1a: Primarina|flinch
|move|p2a: Pinkebombe|Overheat|p1b: Alcremie
|-damage|p1b: Alcremie|24/100
|-unboost|p2a: Pinkebombe|spa|2
|
|-heal|p1b: Alcremie|30/100|[from] Grassy Terrain
|-heal|p1a: Primarina|35/100 psn|[from] Grassy Terrain
|-damage|p1a: Primarina|22/100 psn|[from] psn
|-fieldend|move: Trick Room
|-fieldend|move: Grassy Terrain
|upkeep
|turn|6
|
|t:|1756411360
|move|p2b: Diva|Dire Claw|p1a: Primarina
|-damage|p1a: Primarina|0 fnt
|faint|p1a: Primarina
|move|p2a: Pinkebombe|Will-O-Wisp|p1b: Alcremie|[miss]
|-miss|p2a: Pinkebombe|p1b: Alcremie
|move|p1b: Alcremie|Dazzling Gleam|p2a: Pinkebombe|[spread] p2a,p2b
|-resisted|p2a: Pinkebombe
|-damage|p2a: Pinkebombe|92/100
|-damage|p2b: Diva|67/100
|
|upkeep
|
|t:|1756411364
|switch|p1a: Mimikyu|Mimikyu-Busted, L50, M|94/100
|turn|7
|
|t:|1756411379
|move|p2b: Diva|Dire Claw|p1b: Alcremie
|-supereffective|p1b: Alcremie
|-damage|p1b: Alcremie|0 fnt
|faint|p1b: Alcremie
|move|p2a: Pinkebombe|Will-O-Wisp|p1a: Mimikyu|[miss]
|-miss|p2a: Pinkebombe|p1a: Mimikyu
|move|p1a: Mimikyu|Play Rough|p2b: Diva
|-damage|p2b: Diva|19/100
|
|upkeep
|turn|8
|
|t:|1756411395
|move|p2b: Diva|Protect|p2b: Diva
|-singleturn|p2b: Diva|Protect
|move|p2a: Pinkebombe|Will-O-Wisp|p1a: Mimikyu
|-status|p1a: Mimikyu|brn
|move|p1a: Mimikyu|Play Rough|p2b: Diva
|-activate|p2b: Diva|move: Protect
|
|-damage|p1a: Mimikyu|88/100 brn|[from] brn
|upkeep
|turn|9
|
|t:|1756411410
|switch|p2a: Bärbel|Primarina, L50, F, shiny|100/100
|move|p2b: Diva|Dire Claw|p1a: Mimikyu
|-damage|p1a: Mimikyu|36/100 brn
|move|p1a: Mimikyu|Play Rough|p2b: Diva
|-damage|p2b: Diva|0 fnt
|faint|p2b: Diva
|
|-damage|p1a: Mimikyu|30/100 brn|[from] brn
|upkeep
|
|t:|1756411420
|switch|p2b: Pinkebombe|Magmar, L50, M, shiny|92/100
|turn|10
|
|t:|1756411429
|move|p2b: Pinkebombe|Overheat|p1a: Mimikyu|[miss]
|-miss|p2b: Pinkebombe|p1a: Mimikyu
|move|p1a: Mimikyu|Shadow Claw|p2a: Bärbel
|-damage|p2a: Bärbel|87/100
|move|p2a: Bärbel|Hyper Voice|p1a: Mimikyu
|-damage|p1a: Mimikyu|0 fnt
|faint|p1a: Mimikyu
|
|win|feeli_77
|raw|Citrinis's rating: 1000 → 1000(+0 for losing)
|raw|feeli_77's rating: 1125 → 1141(+16 for winning)
|c|☆Citrinis|*After a fierce battle, Citrinis' last pokemon falls. The wind no longer blows across the arena, it blows from behind you as if congratulating you for your victory. Fairy pokemon all around the clearing you applaud your performance, whilst some of them tend to the wounds of the fighters. The gym leader approaches you with elegant steps, a shy smile appearing on their face as they address you.*
|c|☆Citrinis|"Well... that was quite the performance, wasn't it? I'm sure everyone here enjoyed our battle. Here, you deserve it. Mimey? Be a dear and give our challenger an extra reward, please."
|c|☆Citrinis|*You receive the Nightdream badge from Citrinis! And that's not all, the Mime Junior from earlier also hands you the TM Moonblast..! Citrinis gently waves at you, you blink, and you suddenly wake up in your bed in the middle of the night, the items still in your hands.*
|c|☆feeli_77|gg thx for that amazing match!
|c|☆Citrinis|(gg!)
|l|☆Citrinis
|player|p1|
