|j|☆Kripo405
|j|☆hermit5
|html|Kripo405hermit5    
|uhtml|bestof|Game 2 of a best-of-3
|t:|1756399152
|gametype|doubles
|player|p1|Kripo405|266|1099
|player|p2|hermit5|red|1028
|gen|9
|tier|[Gen 9] VGC 2025 Reg H (Bo3)
|rated|
|rule|Species Clause: Limit one of each Pokémon
|rule|Item Clause: Limit 1 of each item
|clearpoke
|poke|p1|Smeargle, L50, F|
|poke|p1|Hydreigon, L50, M|
|poke|p1|Garchomp, L50, M|
|poke|p1|Whimsicott, L50, M|
|poke|p1|Incineroar, L50, F|
|poke|p1|Primarina, L50, M|
|poke|p2|Dragonite, L50, M|
|poke|p2|Sneasler, L50, F|
|poke|p2|Incineroar, L50, M|
|poke|p2|Archaludon, L50, F|
|poke|p2|Basculegion, L50, M|
|poke|p2|Murkrow, L50, F|
|teampreview|4
|showteam|p1|Smeargle||FocusSash|Moody|FakeOut,Decorate,FollowMe,Spore|||F|||50|,,,,,Grass]Hydreigon||SafetyGoggles|Levitate|DracoMeteor,DarkPulse,Protect,Snarl|||M|||50|,,,,,Poison]Garchomp||LifeOrb|RoughSkin|Earthquake,StompingTantrum,DragonClaw,Protect|||M|||50|,,,,,Steel]Whimsicott||CovertCloak|Prankster|Moonblast,Tailwind,LightScreen,HelpingHand|||M|||50|,,,,,Dark]Incineroar||AssaultVest|Intimidate|KnockOff,FlareBlitz,Uturn,FakeOut|||F|||50|,,,,,Ghost]Primarina||ThroatSpray|LiquidVoice|Protect,Moonblast,HyperVoice,Haze|||M|||50|,,,,,Fire
|showteam|p2|Dragonite||LoadedDice|Multiscale|ScaleShot,Protect,Haze,ExtremeSpeed|||M|||50|,,,,,Fairy]Sneasler||FocusSash|PoisonTouch|Coaching,CloseCombat,DireClaw,Protect|||F|||50|,,,,,Flying]Incineroar||SafetyGoggles|Intimidate|FakeOut,KnockOff,FlareBlitz,PartingShot|||M|||50|,,,,,Ghost]Archaludon||AssaultVest|Stamina|ElectroShot,BodyPress,FlashCannon,DracoMeteor|||F|||50|,,,,,Grass]Basculegion||ClearAmulet|SwiftSwim|WaveCrash,Crunch,TeraBlast,Protect|||M|||50|,,,,,Grass]Murkrow||Eviolite|Prankster|FoulPlay,RainDance,Tailwind,Protect|||F|||50|,,,,,Dark
|
|t:|1756399178
|teamsize|p1|4
|teamsize|p2|4
|start
|switch|p1a: Garchomp|Garchomp, L50, M|100/100
|switch|p1b: Incineroar|Incineroar, L50, F|100/100
|switch|p2a: Murkrow|Murkrow, L50, F|100/100
|switch|p2b: Basculegion|Basculegion, L50, M|100/100
|-ability|p1b: Incineroar|Intimidate|boost
|-unboost|p2a: Murkrow|atk|1
|-fail|p2b: Basculegion|unboost|[from] item: Clear Amulet|[of] p2b: Basculegion
|turn|1
|
|t:|1756399210
|switch|p1b: Hydreigon|Hydreigon, L50, M|100/100
|move|p2a: Murkrow|Rain Dance|p2a: Murkrow
|-weather|RainDance
|move|p2b: Basculegion|Wave Crash|p1a: Garchomp
|-damage|p1a: Garchomp|15/100
|-damage|p2b: Basculegion|88/100|[from] ability: Rough Skin|[of] p1a: Garchomp
|-damage|p2b: Basculegion|62/100|[from] Recoil
|move|p1a: Garchomp|Dragon Claw|p2a: Murkrow
|-damage|p2a: Murkrow|44/100
|-damage|p1a: Garchomp|5/100|[from] item: Life Orb
|
|-weather|RainDance|[upkeep]
|upkeep
|turn|2
|
|t:|1756399243
|move|p1a: Garchomp|Protect|p1a: Garchomp
|-singleturn|p1a: Garchomp|Protect
|move|p2a: Murkrow|Tailwind|p2a: Murkrow
|-sidestart|p2: hermit5|move: Tailwind
|move|p2b: Basculegion|Wave Crash|p1b: Hydreigon
|-resisted|p1b: Hydreigon
|-damage|p1b: Hydreigon|56/100
|-damage|p2b: Basculegion|49/100|[from] Recoil
|move|p1b: Hydreigon|Dark Pulse|p2b: Basculegion
|-supereffective|p2b: Basculegion
|-damage|p2b: Basculegion|0 fnt
|faint|p2b: Basculegion
|
|-weather|RainDance|[upkeep]
|upkeep
|
|t:|1756399260
|switch|p2b: Archaludon|Archaludon, L50, F|100/100
|turn|3
|
|t:|1756399301
|move|p1b: Hydreigon|Protect|p1b: Hydreigon
|-singleturn|p1b: Hydreigon|Protect
|move|p2a: Murkrow|Foul Play|p1a: Garchomp
|-damage|p1a: Garchomp|0 fnt
|-damage|p2a: Murkrow|32/100|[from] ability: Rough Skin|[of] p1a: Garchomp
|faint|p1a: Garchomp
|move|p2b: Archaludon|Draco Meteor|p1b: Hydreigon
|-activate|p1b: Hydreigon|move: Protect
|
|-weather|RainDance|[upkeep]
|upkeep
|
|t:|1756399306
|switch|p1a: Smeargle|Smeargle, L50, F|100/100
|turn|4
|
|t:|1756399336
|move|p1a: Smeargle|Fake Out|p2b: Archaludon
|-resisted|p2b: Archaludon
|-damage|p2b: Archaludon|99/100
|-ability|p2b: Archaludon|Stamina|boost
|-boost|p2b: Archaludon|def|1
|move|p2a: Murkrow|Foul Play|p1b: Hydreigon
|-resisted|p1b: Hydreigon
|-damage|p1b: Hydreigon|41/100
|cant|p2b: Archaludon|flinch
|move|p1b: Hydreigon|Draco Meteor|p2a: Murkrow
|-damage|p2a: Murkrow|0 fnt
|-unboost|p1b: Hydreigon|spa|2
|faint|p2a: Murkrow
|
|-weather|RainDance|[upkeep]
|-ability|p1a: Smeargle|Moody|boost
|-boost|p1a: Smeargle|spd|2
|-unboost|p1a: Smeargle|atk|1
|upkeep
|
|t:|1756399356
|switch|p2a: Dragonite|Dragonite, L50, M, shiny|100/100
|turn|5
|
|t:|1756399380
|switch|p1b: Incineroar|Incineroar, L50, F|100/100
|-ability|p1b: Incineroar|Intimidate|boost
|-unboost|p2a: Dragonite|atk|1
|-unboost|p2b: Archaludon|atk|1
|-terastallize|p2a: Dragonite|Fairy
|move|p2a: Dragonite|Scale Shot|p1b: Incineroar
|-damage|p1b: Incineroar|91/100
|-damage|p1b: Incineroar|82/100
|-damage|p1b: Incineroar|72/100
|-damage|p1b: Incineroar|63/100
|-damage|p1b: Incineroar|54/100
|-hitcount|p1b: Incineroar|5
|-unboost|p2a: Dragonite|def|1
|-boost|p2a: Dragonite|spe|1
|move|p2b: Archaludon|Body Press|p1a: Smeargle
|-supereffective|p1a: Smeargle
|-enditem|p1a: Smeargle|Focus Sash
|-damage|p1a: Smeargle|1/100
|move|p1a: Smeargle|Spore|p2b: Archaludon
|-status|p2b: Archaludon|slp|[from] move: Spore
|
|-weather|none
|-sideend|p2: hermit5|move: Tailwind
|-ability|p1a: Smeargle|Moody|boost
|-boost|p1a: Smeargle|spa|2
|-unboost|p1a: Smeargle|spd|1
|upkeep
|turn|6
|
|t:|1756399429
|switch|p1b: Hydreigon|Hydreigon, L50, M|41/100
|move|p2a: Dragonite|Protect|p2a: Dragonite
|-singleturn|p2a: Dragonite|Protect
|move|p1a: Smeargle|Spore|p2a: Dragonite
|-activate|p2a: Dragonite|move: Protect
|cant|p2b: Archaludon|slp
|
|-ability|p1a: Smeargle|Moody|boost
|-boost|p1a: Smeargle|def|2
|-unboost|p1a: Smeargle|spe|1
|upkeep
|turn|7
|
|t:|1756399467
|move|p2a: Dragonite|Extreme Speed|p1a: Smeargle
|-damage|p1a: Smeargle|0 fnt
|faint|p1a: Smeargle
|move|p1b: Hydreigon|Dark Pulse|p2a: Dragonite
|-resisted|p2a: Dragonite
|-damage|p2a: Dragonite|89/100
|cant|p2b: Archaludon|slp
|
|upkeep
|
|t:|1756399470
|switch|p1a: Incineroar|Incineroar, L50, F|54/100
|-ability|p1a: Incineroar|Intimidate|boost
|-unboost|p2a: Dragonite|atk|1
|-unboost|p2b: Archaludon|atk|1
|turn|8
|
|t:|1756399499
|move|p2a: Dragonite|Haze|p2a: Dragonite
|-clearallboost
|move|p1b: Hydreigon|Dark Pulse|p2b: Archaludon
|-damage|p2b: Archaludon|68/100 slp
|-ability|p2b: Archaludon|Stamina|boost
|-boost|p2b: Archaludon|def|1
|-curestatus|p2b: Archaludon|slp|[msg]
|move|p2b: Archaludon|Body Press|p1b: Hydreigon
|-supereffective|p1b: Hydreigon
|-damage|p1b: Hydreigon|0 fnt
|faint|p1b: Hydreigon
|move|p1a: Incineroar|Flare Blitz|p2a: Dragonite
|-damage|p2a: Dragonite|35/100
|-damage|p1a: Incineroar|39/100|[from] Recoil
|
|upkeep
|turn|9
|-message|Kripo405 forfeited.
|
|win|hermit5
|raw|Kripo405's rating: 1099 → 1069(-30 for losing)
|raw|hermit5's rating: 1028 → 1071(+43 for winning)
