|j|☆crystal_soul27
|j|☆Chug132
|html|crystal_soul27Chug132    
|uhtml|bestof|Game 1 of a best-of-3
|t:|1784249687
|gametype|doubles
|player|p1|crystal_soul27|waiter-gen4|
|player|p2|Chug132|169|
|gen|9
|tier|[Gen 9 Champions] VGC 2026 Reg M-B (Bo3)
|rule|Species Clause: Limit one of each Pokémon
|rule|Item Clause: Limit 1 of each item
|clearpoke
|poke|p1|Staraptor, L50, F|
|poke|p1|Grimmsnarl, L50, M|
|poke|p1|Gengar, L50, M, shiny|
|poke|p1|Arcanine-Hisui, L50, F|
|poke|p1|Meowscarada, L50, M|
|poke|p1|Empoleon, L50, F|
|poke|p2|Froslass, L50, F|
|poke|p2|Infernape, L50, M|
|poke|p2|Kingambit, L50, M|
|poke|p2|Ninetales-Alola, L50, M|
|poke|p2|Swampert, L50, F|
|poke|p2|Beartic, L50, F|
|teampreview|4
|showteam|p1|Staraptor||Staraptite|Intimidate|CloseCombat,BraveBird,Tailwind,Protect|Jolly||F|||50|]Grimmsnarl||LightClay|Prankster|SpiritBreak,Reflect,LightScreen,PartingShot|Careful||M|||50|]Gengar||FocusSash|CursedBody|ShadowBall,SludgeBomb,ThunderWave,Taunt|Timid||M|||50|]Arcanine-Hisui||LifeOrb|RockHead|FlareBlitz,HeadSmash,RockSlide,PsychicFangs|Jolly||F|||50|]Meowscarada||ExpertBelt|Protean|FlowerTrick,ThroatChop,BrickBreak,Uturn|Jolly||M|||50|]Empoleon||SitrusBerry|Competitive|HydroPump,FlashCannon,IcyWind,FlipTurn|Modest||F|||50|
|showteam|p2|Froslass||Froslassite|SnowCloak|Blizzard,ShadowBall,Protect,AuroraVeil|Timid||F|||50|]Infernape||FocusSash|IronFist|FakeOut,CloseCombat,MachPunch,Protect|Jolly||M|||50|]Kingambit||LifeOrb|Defiant|KowtowCleave,IronHead,Protect,SuckerPunch|Adamant||M|||50|]Ninetales-Alola||LightClay|SnowCloak|AuroraVeil,Blizzard,Moonblast,Protect|Timid||M|||50|]Swampert||SitrusBerry|Torrent|Earthquake,WaveCrash,IceBeam,Protect|Adamant||F|||50|]Beartic||Leftovers|SlushRush|SwordsDance,IcicleCrash,Superpower,Protect|Adamant||F|||50|
|
|t:|1784249723
|teamsize|p1|4
|teamsize|p2|4
|start
|switch|p1a: Hi|Gengar, L50, M, shiny|100/100
|switch|p1b: Grimmsnarl|Grimmsnarl, L50, M|100/100
|switch|p2a: Froslass|Froslass, L50, F|100/100
|switch|p2b: Infernape|Infernape, L50, M|100/100
|turn|1
|c|☆crystal_soul27|dont look at team sheet forgot to disable\
|
|t:|1784249760
|detailschange|p2a: Froslass|Froslass-Mega, L50, F
|-mega|p2a: Froslass|Froslass|Froslassite
|-weather|Snowscape|[from] ability: Snow Warning|[of] p2a: Froslass
|move|p2b: Infernape|Fake Out|p1b: Grimmsnarl
|-damage|p1b: Grimmsnarl|84/100
|cant|p1b: Grimmsnarl|flinch
|move|p2a: Froslass|Aurora Veil|p2a: Froslass
|-sidestart|p2: Chug132|move: Aurora Veil
|move|p1a: Hi|Thunder Wave|p2a: Froslass
|-status|p2a: Froslass|par
|
|-weather|Snowscape|[upkeep]
|upkeep
|turn|2
|
|t:|1784249787
|move|p1b: Grimmsnarl|Light Screen|p1b: Grimmsnarl
|-sidestart|p1: crystal_soul27|move: Light Screen
|move|p1a: Hi|Shadow Ball|p2a: Froslass
|-supereffective|p2a: Froslass|1
|-crit|p2a: Froslass
|-damage|p2a: Froslass|0 fnt
|faint|p2a: Froslass
|move|p2b: Infernape|Close Combat|p1b: Grimmsnarl
|-damage|p1b: Grimmsnarl|14/100
|-unboost|p2b: Infernape|def|1
|-unboost|p2b: Infernape|spd|1
|
|-weather|Snowscape|[upkeep]
|upkeep
|
|t:|1784249800
|switch|p2a: Kingambit|Kingambit, L50, M|100/100
|turn|3
|
|t:|1784249834
|move|p2b: Infernape|Mach Punch|p1b: Grimmsnarl
|-damage|p1b: Grimmsnarl|0 fnt
|faint|p1b: Grimmsnarl
|move|p1a: Hi|Thunder Wave|p2b: Infernape
|-status|p2b: Infernape|par
|move|p2a: Kingambit|Kowtow Cleave|p1a: Hi
|-supereffective|p1a: Hi|1
|-enditem|p1a: Hi|Focus Sash
|-damage|p1a: Hi|1/100
|-damage|p2a: Kingambit|90/100|[from] item: Life Orb
|
|-weather|Snowscape|[upkeep]
|upkeep
|
|t:|1784249847
|switch|p1b: Staraptor|Staraptor, L50, F|100/100
|-ability|p1b: Staraptor|Intimidate|boost
|-unboost|p2a: Kingambit|atk|1
|-ability|p2a: Kingambit|Defiant|boost
|-boost|p2a: Kingambit|atk|2
|-unboost|p2b: Infernape|atk|1
|turn|4
|
|t:|1784249873
|detailschange|p1b: Staraptor|Staraptor-Mega, L50, F
|-mega|p1b: Staraptor|Staraptor|Staraptite
|move|p2a: Kingambit|Sucker Punch|p1a: Hi
|-supereffective|p1a: Hi|1
|-damage|p1a: Hi|0 fnt
|-start|p2a: Kingambit|Disable|Sucker Punch|[from] ability: Cursed Body|[of] p1a: Hi
|faint|p1a: Hi
|-damage|p2a: Kingambit|80/100|[from] item: Life Orb
|move|p1b: Staraptor|Close Combat|p2b: Infernape
|-damage|p2b: Infernape|2/100 par
|-boost|p1b: Staraptor|def|1
|-boost|p1b: Staraptor|spd|1
|move|p2b: Infernape|Close Combat|p1b: Staraptor
|-resisted|p1b: Staraptor|1
|-damage|p1b: Staraptor|86/100
|-unboost|p2b: Infernape|def|1
|-unboost|p2b: Infernape|spd|1
|
|-weather|Snowscape|[upkeep]
|upkeep
|
|t:|1784249891
|switch|p1a: Meowscarada|Meowscarada, L50, M|100/100
|turn|5
|
|t:|1784249919
|move|p2a: Kingambit|Protect|p2a: Kingambit
|-singleturn|p2a: Kingambit|Protect
|move|p1a: Meowscarada|Brick Break|p2a: Kingambit
|-start|p1a: Meowscarada|typechange|Fighting|[from] ability: Protean
|-activate|p2a: Kingambit|move: Protect
|move|p1b: Staraptor|Close Combat|p2b: Infernape
|-damage|p2b: Infernape|0 fnt
|-boost|p1b: Staraptor|def|1
|-boost|p1b: Staraptor|spd|1
|faint|p2b: Infernape
|
|-weather|none
|-sideend|p2: Chug132|move: Aurora Veil
|upkeep
|
|t:|1784249931
|switch|p2b: Swampert|Swampert, L50, F|100/100
|turn|6
|
|t:|1784249940
|move|p1a: Meowscarada|Flower Trick|p2b: Swampert
|-supereffective|p2b: Swampert|2
|-crit|p2b: Swampert
|-damage|p2b: Swampert|0 fnt
|faint|p2b: Swampert
|move|p1b: Staraptor|Close Combat|p2a: Kingambit
|-supereffective|p2a: Kingambit|2
|-damage|p2a: Kingambit|0 fnt
|-boost|p1b: Staraptor|def|1
|-boost|p1b: Staraptor|spd|1
|faint|p2a: Kingambit
|
|win|crystal_soul27
|inactive|crystal_soul27 has 30 seconds to confirm battle start!
|inactive|Chug132 has 30 seconds to confirm battle start!
||Chug132 is ready for game 2.
||crystal_soul27 is ready for game 2.
|uhtml|next|Next: Game 2 of 3
|l|☆Chug132
|player|p2|
