|j|☆sven
|j|☆Dominicex
|html|svenDominicex    
|uhtml|bestof|Game 2 of a best-of-3
|t:|1784482060
|gametype|doubles
|player|p1|sven|#smogonxnpa2024winner|
|player|p2|Dominicex|#smogonxnpa2026draftee|
|gen|9
|tier|[Gen 9 Champions] VGC 2026 Reg M-B (Bo3)
|rule|Species Clause: Limit one of each Pokémon
|rule|Item Clause: Limit 1 of each item
|clearpoke
|poke|p1|Garchomp, L50, M|
|poke|p1|Venusaur, L50, F|
|poke|p1|Incineroar, L50, M|
|poke|p1|Charizard, L50, M|
|poke|p1|Toxapex, L50, F|
|poke|p1|Annihilape, L50, F|
|poke|p2|Charizard, L50, M|
|poke|p2|Kingambit, L50, M|
|poke|p2|Ninetales-Alola, L50, F|
|poke|p2|Toxapex, L50, M|
|poke|p2|Incineroar, L50, F|
|poke|p2|Garchomp, L50, M|
|teampreview|4
|showteam|p1|Garchomp||ChoiceScarf|RoughSkin|Earthquake,RockSlide,DragonClaw,StompingTantrum|Adamant||M|||50|]Venusaur||LifeOrb|Chlorophyll|SludgeBomb,SolarBeam,EarthPower,Protect|Modest||F|||50|]Incineroar||SitrusBerry|Intimidate|FakeOut,FlareBlitz,ThroatChop,PartingShot|Impish||M|||50|]Charizard||CharizarditeY|Blaze|HeatWave,WeatherBall,Protect,HelpingHand|Modest||M|||50|]Toxapex||Leftovers|Regenerator|Infestation,Toxic,WideGuard,BanefulBunker|Bold||F|||50|]Annihilape||FocusSash|Defiant|CloseCombat,PhantomForce,RockTomb,Protect|Jolly||F|||50|
|showteam|p2|Charizard||CharizarditeY|Blaze|HeatWave,WeatherBall,SolarBeam,Protect|Modest||M|||50|]Kingambit||FocusSash|Defiant|SuckerPunch,KowtowCleave,LowKick,Protect|Adamant||M|||50|]Ninetales-Alola||NeverMeltIce|SnowWarning|Blizzard,FreezeDry,Encore,Protect|Timid||F|||50|]Toxapex||Leftovers|Regenerator|Infestation,Toxic,WideGuard,BanefulBunker|Bold||M|||50|]Incineroar||SitrusBerry|Intimidate|FakeOut,FlareBlitz,ThroatChop,PartingShot|Impish||F|||50|]Garchomp||ChoiceScarf|SandVeil|Earthquake,StompingTantrum,RockSlide,DragonClaw|Adamant||M|||50|
|inactive|Battle timer is ON: inactive players will automatically lose when time's up. (requested by sven)
|j|+radio free c-side
|j| IcyPenguin604
|j| skittycel
|j| kunal
|inactive|Dominicex has 60 seconds left.
|j| LogIce
|inactive|Dominicex has 30 seconds left.
|inactive|Dominicex has 20 seconds left.
|inactive|Dominicex has 15 seconds left.
|j| tortuga desnuda
|inactive|Dominicex has 10 seconds left.
|
|t:|1784482142
|teamsize|p1|4
|teamsize|p2|4
|start
|switch|p1a: Garchomp|Garchomp, L50, M|100/100
|switch|p1b: Charizard|Charizard, L50, M|100/100
|switch|p2a: Garchomp|Garchomp, L50, M|100/100
|switch|p2b: Charizard|Charizard, L50, M|100/100
|turn|1
|j| Kenan
|inactive|sven has 30 seconds left.
|inactive|Dominicex has 30 seconds left.
|j|+zee
|inactive|Dominicex has 20 seconds left.
|inactive|Dominicex has 15 seconds left.
|inactive|Dominicex has 10 seconds left.
|
|t:|1784482189
|move|p1b: Charizard|Helping Hand|p1a: Garchomp
|-singleturn|p1a: Garchomp|Helping Hand|[of] p1b: Charizard
|move|p2b: Charizard|Protect|p2b: Charizard
|-singleturn|p2b: Charizard|Protect
|move|p2a: Garchomp|Rock Slide|p1a: Garchomp|[spread] p1a
|-miss|p2a: Garchomp|p1b: Charizard
|-resisted|p1a: Garchomp|1
|-damage|p1a: Garchomp|90/100
|move|p1a: Garchomp|Dragon Claw|p2a: Garchomp
|-supereffective|p2a: Garchomp|1
|-damage|p2a: Garchomp|0 fnt
|faint|p2a: Garchomp
|
|upkeep
|
|t:|1784482205
|switch|p2a: Ninetales|Ninetales-Alola, L50, F|100/100
|-weather|Snowscape|[from] ability: Snow Warning|[of] p2a: Ninetales
|turn|2
|
|t:|1784482229
|switch|p1a: Incineroar|Incineroar, L50, M|100/100
|-ability|p1a: Incineroar|Intimidate|boost
|-unboost|p2a: Ninetales|atk|1
|-unboost|p2b: Charizard|atk|1
|switch|p2b: Toxapex|Toxapex, L50, M|100/100
|switch|p1b: Toxapex|Toxapex, L50, F|100/100
|move|p2a: Ninetales|Encore||[still]
|-fail|p2a: Ninetales
|
|-weather|Snowscape|[upkeep]
|upkeep
|turn|3
|inactive|Dominicex has 30 seconds left.
|inactive|Dominicex has 20 seconds left.
|inactive|Dominicex has 15 seconds left.
|inactive|Dominicex has 10 seconds left.
|
|t:|1784482278
|move|p2a: Ninetales|Protect|p2a: Ninetales
|-singleturn|p2a: Ninetales|Protect
|move|p1a: Incineroar|Flare Blitz|p2a: Ninetales
|-activate|p2a: Ninetales|move: Protect
|move|p2b: Toxapex|Infestation|p1a: Incineroar
|-damage|p1a: Incineroar|97/100
|-activate|p1a: Incineroar|move: Infestation|[of] p2b: Toxapex
|move|p1b: Toxapex|Infestation|p2a: Ninetales
|-activate|p2a: Ninetales|move: Protect
|
|-weather|Snowscape|[upkeep]
|-damage|p1a: Incineroar|84/100|[from] move: Infestation|[partiallytrapped]
|upkeep
|turn|4
|inactive|Dominicex has 30 seconds left.
|
|t:|1784482305
|move|p2a: Ninetales|Freeze-Dry|p1b: Toxapex
|-supereffective|p1b: Toxapex|1
|-damage|p1b: Toxapex|50/100g
|move|p1a: Incineroar|Parting Shot|p2a: Ninetales
|-unboost|p2a: Ninetales|atk|1
|-unboost|p2a: Ninetales|spa|1
|j| Kiogrus24
|
|t:|1784482310
|switch|p1a: Charizard|Charizard, L50, M|100/100|[from] Parting Shot
|move|p1b: Toxapex|Infestation|p2b: Toxapex
|-resisted|p2b: Toxapex|1
|-damage|p2b: Toxapex|98/100
|-activate|p2b: Toxapex|move: Infestation|[of] p1b: Toxapex
|move|p2b: Toxapex|Infestation|p1b: Toxapex
|-resisted|p1b: Toxapex|1
|-damage|p1b: Toxapex|49/100
|-activate|p1b: Toxapex|move: Infestation|[of] p2b: Toxapex
|
|-weather|Snowscape|[upkeep]
|-heal|p1b: Toxapex|54/100|[from] item: Leftovers
|-heal|p2b: Toxapex|100/100|[from] item: Leftovers
|-damage|p2b: Toxapex|87/100|[from] move: Infestation|[partiallytrapped]
|-damage|p1b: Toxapex|42/100|[from] move: Infestation|[partiallytrapped]
|upkeep
|turn|5
|inactive|sven has 30 seconds left.
|
|t:|1784482338
|detailschange|p1a: Charizard|Charizard-Mega-Y, L50, M
|-mega|p1a: Charizard|Charizard|Charizardite Y
|-weather|SunnyDay|[from] ability: Drought|[of] p1a: Charizard
|move|p2a: Ninetales|Protect|p2a: Ninetales
|-singleturn|p2a: Ninetales|Protect
|move|p1a: Charizard|Weather Ball|p2a: Ninetales
|-activate|p2a: Ninetales|move: Protect
|move|p1b: Toxapex|Toxic|p2a: Ninetales
|-activate|p2a: Ninetales|move: Protect
|move|p2b: Toxapex|Infestation|p1a: Charizard
|-resisted|p1a: Charizard|2
|-damage|p1a: Charizard|99/100
|-activate|p1a: Charizard|move: Infestation|[of] p2b: Toxapex
|
|-weather|SunnyDay|[upkeep]
|-heal|p2b: Toxapex|93/100|[from] item: Leftovers
|-heal|p1b: Toxapex|48/100|[from] item: Leftovers
|-damage|p1a: Charizard|87/100|[from] move: Infestation|[partiallytrapped]
|-damage|p1b: Toxapex|36/100|[from] move: Infestation|[partiallytrapped]
|-damage|p2b: Toxapex|81/100|[from] move: Infestation|[partiallytrapped]
|upkeep
|turn|6
|j| val16
|l| val16
|inactive|Dominicex has 30 seconds left.
|
|t:|1784482368
|switch|p2a: Charizard|Charizard, L50, M|100/100
|move|p1a: Charizard|Weather Ball|p2a: Charizard
|-resisted|p2a: Charizard|1
|-damage|p2a: Charizard|51/100
|move|p1b: Toxapex|Infestation|p2a: Charizard
|-resisted|p2a: Charizard|2
|-damage|p2a: Charizard|50/100g
|-activate|p2a: Charizard|move: Infestation|[of] p1b: Toxapex
|move|p2b: Toxapex|Toxic|p1a: Charizard
|-status|p1a: Charizard|tox
|
|-weather|SunnyDay|[upkeep]
|-heal|p2b: Toxapex|87/100|[from] item: Leftovers
|-heal|p1b: Toxapex|42/100|[from] item: Leftovers
|-damage|p1a: Charizard|81/100 tox|[from] psn
|-damage|p2a: Charizard|38/100|[from] move: Infestation|[partiallytrapped]
|-damage|p1a: Charizard|69/100 tox|[from] move: Infestation|[partiallytrapped]
|-damage|p1b: Toxapex|29/100|[from] move: Infestation|[partiallytrapped]
|-damage|p2b: Toxapex|75/100|[from] move: Infestation|[partiallytrapped]
|upkeep
|turn|7
|inactive|Dominicex has 30 seconds left.
|inactive|Dominicex has 20 seconds left.
|inactive|Dominicex has 15 seconds left.
|
|t:|1784482411
|detailschange|p2a: Charizard|Charizard-Mega-Y, L50, M
|-mega|p2a: Charizard|Charizard|Charizardite Y
|move|p2a: Charizard|Protect|p2a: Charizard
|-singleturn|p2a: Charizard|Protect
|move|p2b: Toxapex|Baneful Bunker|p2b: Toxapex
|-singleturn|p2b: Toxapex|move: Protect
|move|p1a: Charizard|Weather Ball|p2a: Charizard
|-activate|p2a: Charizard|move: Protect
|move|p1b: Toxapex|Infestation|p2b: Toxapex
|-activate|p2b: Toxapex|move: Protect
|
|-weather|SunnyDay|[upkeep]
|-heal|p1b: Toxapex|35/100|[from] item: Leftovers
|-heal|p2b: Toxapex|80/100|[from] item: Leftovers
|-damage|p1a: Charizard|57/100 tox|[from] psn
|-damage|p2a: Charizard|26/100|[from] move: Infestation|[partiallytrapped]
|-damage|p1a: Charizard|45/100 tox|[from] move: Infestation|[partiallytrapped]
|-damage|p1b: Toxapex|23/100|[from] move: Infestation|[partiallytrapped]
|-damage|p2b: Toxapex|68/100|[from] move: Infestation|[partiallytrapped]
|upkeep
|turn|8
|
|t:|1784482434
|move|p2a: Charizard|Weather Ball|p1b: Toxapex
|-resisted|p1b: Toxapex|1
|-damage|p1b: Toxapex|0 fnt
|faint|p1b: Toxapex
|move|p1a: Charizard|Weather Ball|p2a: Charizard
|-resisted|p2a: Charizard|1
|-damage|p2a: Charizard|0 fnt
|faint|p2a: Charizard
|move|p2b: Toxapex|Infestation|p1a: Charizard
|-resisted|p1a: Charizard|2
|-crit|p1a: Charizard
|-damage|p1a: Charizard|44/100 tox
|
|-weather|SunnyDay|[upkeep]
|-heal|p2b: Toxapex|74/100|[from] item: Leftovers
|-damage|p1a: Charizard|26/100 tox|[from] psn
|-damage|p1a: Charizard|14/100 tox|[from] move: Infestation|[partiallytrapped]
|-end|p2b: Toxapex|Infestation|[partiallytrapped]|[silent]
|upkeep
|
|t:|1784482443
|switch|p2a: Ninetales|Ninetales-Alola, L50, F|100/100
|switch|p1b: Incineroar|Incineroar, L50, M|84/100
|-weather|Snowscape|[from] ability: Snow Warning|[of] p2a: Ninetales
|-ability|p1b: Incineroar|Intimidate|boost
|-unboost|p2a: Ninetales|atk|1
|-unboost|p2b: Toxapex|atk|1
|turn|9
|
|t:|1784482463
|move|p2a: Ninetales|Protect|p2a: Ninetales
|-singleturn|p2a: Ninetales|Protect
|move|p1a: Charizard|Heat Wave|p2b: Toxapex|[spread] p2b
|-activate|p2a: Ninetales|move: Protect
|-resisted|p2b: Toxapex|1
|-damage|p2b: Toxapex|57/100
|move|p1b: Incineroar|Flare Blitz|p2a: Ninetales
|-activate|p2a: Ninetales|move: Protect
|move|p2b: Toxapex|Toxic|p1b: Incineroar
|-status|p1b: Incineroar|tox
|
|-weather|Snowscape|[upkeep]
|-heal|p2b: Toxapex|63/100|[from] item: Leftovers
|-damage|p1a: Charizard|0 fnt|[from] psn
|faint|p1a: Charizard
|-damage|p1b: Incineroar|78/100 tox|[from] psn
|upkeep
|
|t:|1784482465
|switch|p1a: Garchomp|Garchomp, L50, M|90/100
|turn|10
|inactive|sven has 30 seconds left.
|
|t:|1784482496
|move|p2b: Toxapex|Baneful Bunker|p2b: Toxapex
|-singleturn|p2b: Toxapex|move: Protect
|move|p1a: Garchomp|Earthquake|p2b: Toxapex|[spread] p1b,p2a
|-activate|p2b: Toxapex|move: Protect
|-supereffective|p1b: Incineroar|1
|-crit|p1b: Incineroar
|-damage|p1b: Incineroar|0 fnt
|-damage|p2a: Ninetales|61/100
|faint|p1b: Incineroar
|move|p2a: Ninetales|Blizzard|p1a: Garchomp
|-supereffective|p1a: Garchomp|2
|-damage|p1a: Garchomp|0 fnt
|faint|p1a: Garchomp
|
|win|Dominicex
||sven is ready for game 3.
|inactive|Dominicex has 30 seconds to confirm battle start!
||Dominicex is ready for game 3.
|uhtml|next|Next: Game 3 of 3
|l|+radio free c-side
|l| LogIce
|l| skittycel
|l| IcyPenguin604
|l| Kiogrus24
|j| AKhant
|j| val16
|l| Kenan
|l| val16
|l| AKhant
|j| Code
|l|☆sven
|player|p1|
|l|☆Dominicex
|player|p2|
|l| tortuga desnuda
|j|☆Dominicex
|player|p2|Dominicex|#smogonxnpa2026draftee|
|l|☆Dominicex
|player|p2|
|l| kunal
|l| Code
|j| ratpacker
|j| val16
|j|+bagel
