|j|☆WASHINGTONGARGACHA
|j|☆Jessditta
|html|WASHINGTONGARGACHAJessditta    
|uhtml|bestof|Game 1 of a best-of-3
|t:|1757855196
|gametype|doubles
|player|p1|WASHINGTONGARGACHA|169|1143
|player|p2|Jessditta|hilda|1196
|gen|9
|tier|[Gen 9] VGC 2025 Reg H (Bo3)
|rated|
|rule|Species Clause: Limit one of each Pokémon
|rule|Item Clause: Limit 1 of each item
|clearpoke
|poke|p1|Typhlosion-Hisui, L50, F|
|poke|p1|Whimsicott, L50, F|
|poke|p1|Dragapult, L50, M|
|poke|p1|Torkoal, L50, F|
|poke|p1|Lilligant-Hisui, L50, F|
|poke|p1|Electabuzz, L50, M|
|poke|p2|Ninetales-Alola, L50, F|
|poke|p2|Rillaboom, L50, M|
|poke|p2|Volcarona, L50, M|
|poke|p2|Annihilape, L50, F|
|poke|p2|Primarina, L50, M|
|poke|p2|Sneasler, L50, M|
|teampreview|4
|showteam|p1|Typhlosion-Hisui||ChoiceSpecs|Blaze|HeatWave,Eruption,ShadowBall,FocusPunch|||F|||50|,,,,,Fire]Whimsicott||CovertCloak|Prankster|Tailwind,Moonblast,SunnyDay,Encore|||F|||50|,,,,,Water]Dragapult||ChoiceBand|ClearBody|Uturn,DragonTail,DragonDarts,PhantomForce|||M|||50|,,,,,Dragon]Torkoal||LifeOrb|Drought|HeatWave,Eruption,Protect,WeatherBall|||F|||50|,,,,,Fire]Lilligant-Hisui||FocusSash|Chlorophyll|CloseCombat,SleepPowder,AfterYou,LeafBlade|||F|||50|,,,,,Ghost]Electabuzz||Eviolite|VitalSpirit|FollowMe,Taunt,Electroweb,Protect|||M|||50|,,,,,Grass
|showteam|p2|Ninetales-Alola||LightClay|SnowWarning|Blizzard,IcicleSpear,AuroraVeil,FreezeDry|||F|||50|,,,,,Ghost]Rillaboom||AssaultVest|GrassySurge|FakeOut,WoodHammer,GrassyGlide,Uturn|||M|||50|,,,,,Fire]Volcarona||SitrusBerry|FlameBody|HeatWave,GigaDrain,QuiverDance,Protect|||M|||50|,,,,,Grass]Annihilape||Leftovers|Defiant|RageFist,DrainPunch,BulkUp,Protect|||F|||50|,,,,,Fire]Primarina||ThroatSpray|LiquidVoice|HyperVoice,Moonblast,Haze,Protect|||M|||50|,,,,,Water]Sneasler||GrassySeed|Unburden|FakeOut,DireClaw,CloseCombat,Coaching|||M|||50|,,,,,Dark
|
|t:|1757855229
|teamsize|p1|4
|teamsize|p2|4
|start
|switch|p1a: Typhlosion|Typhlosion-Hisui, L50, F|100/100
|switch|p1b: Electabuzz|Electabuzz, L50, M|100/100
|switch|p2a: Rillaboom|Rillaboom, L50, M|100/100
|switch|p2b: Sneasler|Sneasler, L50, M|100/100
|-fieldstart|move: Grassy Terrain|[from] ability: Grassy Surge|[of] p2a: Rillaboom
|-enditem|p2b: Sneasler|Grassy Seed
|-boost|p2b: Sneasler|def|1|[from] item: Grassy Seed
|turn|1
|
|t:|1757855254
|move|p2a: Rillaboom|Fake Out|p1b: Electabuzz
|-damage|p1b: Electabuzz|85/100
|cant|p1b: Electabuzz|flinch
|move|p2b: Sneasler|Dire Claw|p1a: Typhlosion
|-resisted|p1a: Typhlosion
|-damage|p1a: Typhlosion|60/100
|move|p1a: Typhlosion|Eruption|p2b: Sneasler|[spread] p2a,p2b
|-supereffective|p2a: Rillaboom
|-crit|p2a: Rillaboom
|-damage|p2a: Rillaboom|0 fnt
|-damage|p2b: Sneasler|29/100
|faint|p2a: Rillaboom
|
|-heal|p2b: Sneasler|35/100|[from] Grassy Terrain
|-heal|p1b: Electabuzz|91/100|[from] Grassy Terrain
|-heal|p1a: Typhlosion|66/100|[from] Grassy Terrain
|upkeep
|
|t:|1757855265
|switch|p2a: Primarina|Primarina, L50, M, shiny|100/100
|turn|2
|
|t:|1757855277
|move|p2b: Sneasler|Dire Claw|p1b: Electabuzz
|-damage|p1b: Electabuzz|40/100
|move|p1b: Electabuzz|Electroweb|p2a: Primarina|[spread] p2a
|-miss|p1b: Electabuzz|p2b: Sneasler
|-supereffective|p2a: Primarina
|-damage|p2a: Primarina|83/100
|-unboost|p2a: Primarina|spe|1
|move|p1a: Typhlosion|Eruption|p2a: Primarina|[spread] p2a,p2b
|-resisted|p2a: Primarina
|-damage|p2a: Primarina|66/100
|-damage|p2b: Sneasler|0 fnt
|faint|p2b: Sneasler
|move|p2a: Primarina|Hyper Voice|p1a: Typhlosion|[spread] p1a,p1b
|-supereffective|p1a: Typhlosion
|-damage|p1a: Typhlosion|0 fnt
|-damage|p1b: Electabuzz|16/100
|faint|p1a: Typhlosion
|-enditem|p2a: Primarina|Throat Spray
|-boost|p2a: Primarina|spa|1|[from] item: Throat Spray
|
|-heal|p1b: Electabuzz|21/100|[from] Grassy Terrain
|-heal|p2a: Primarina|72/100|[from] Grassy Terrain
|upkeep
|
|t:|1757855296
|switch|p2b: Annihilape|Annihilape, L50, F, shiny|100/100
|switch|p1a: Dragapult|Dragapult, L50, M|100/100
|turn|3
|
|t:|1757855316
|move|p1a: Dragapult|Phantom Force||[still]
|-prepare|p1a: Dragapult|Phantom Force
|move|p1b: Electabuzz|Taunt|p2b: Annihilape
|-start|p2b: Annihilape|move: Taunt
|cant|p2b: Annihilape|move: Taunt|Bulk Up
|move|p2a: Primarina|Hyper Voice|p1a: Dragapult|[spread] p1b
|-miss|p2a: Primarina|p1a: Dragapult
|-damage|p1b: Electabuzz|0 fnt
|faint|p1b: Electabuzz
|
|-heal|p2a: Primarina|78/100|[from] Grassy Terrain
|upkeep
|
|t:|1757855326
|switch|p1b: Torkoal|Torkoal, L50, F|100/100
|-weather|SunnyDay|[from] ability: Drought|[of] p1b: Torkoal
|turn|4
|
|t:|1757855338
|-terastallize|p2a: Primarina|Water
|-terastallize|p1b: Torkoal|Fire
|move|p1a: Dragapult|Phantom Force|p2a: Primarina|[from] lockedmove
|-damage|p2a: Primarina|0 fnt
|faint|p2a: Primarina
|move|p2b: Annihilape|Rage Fist|p1a: Dragapult
|-supereffective|p1a: Dragapult
|-damage|p1a: Dragapult|23/100
|move|p1b: Torkoal|Weather Ball|p2b: Annihilape
|-damage|p2b: Annihilape|5/100
|-damage|p1b: Torkoal|91/100|[from] item: Life Orb
|
|-weather|SunnyDay|[upkeep]
|-heal|p1a: Dragapult|29/100|[from] Grassy Terrain
|-heal|p2b: Annihilape|11/100|[from] Grassy Terrain
|-heal|p2b: Annihilape|17/100|[from] item: Leftovers
|-heal|p1b: Torkoal|97/100|[from] Grassy Terrain
|upkeep
|turn|5
|
|t:|1757855358
|move|p1b: Torkoal|Protect|p1b: Torkoal
|-singleturn|p1b: Torkoal|Protect
|move|p1a: Dragapult|Phantom Force||[still]
|-prepare|p1a: Dragapult|Phantom Force
|move|p2b: Annihilape|Rage Fist|p1b: Torkoal
|-activate|p1b: Torkoal|move: Protect
|
|-weather|SunnyDay|[upkeep]
|-heal|p2b: Annihilape|23/100|[from] Grassy Terrain
|-heal|p2b: Annihilape|29/100|[from] item: Leftovers
|-heal|p1b: Torkoal|100/100|[from] Grassy Terrain
|-end|p2b: Annihilape|move: Taunt
|-fieldend|move: Grassy Terrain
|upkeep
|turn|6
|
|t:|1757855373
|move|p1a: Dragapult|Phantom Force|p2b: Annihilape|[from] lockedmove
|-supereffective|p2b: Annihilape
|-damage|p2b: Annihilape|0 fnt
|faint|p2b: Annihilape
|
|win|WASHINGTONGARGACHA
