|j|☆IngeVGC
|j|☆Fedemitra9
|html|IngeVGCFedemitra9    
|uhtml|bestof|Game 2 of a best-of-3
|t:|1757016992
|gametype|doubles
|player|p1|IngeVGC|fisherman-gen4|1437
|player|p2|Fedemitra9|hiker-gen4|1379
|gen|9
|tier|[Gen 9] VGC 2025 Reg H (Bo3)
|rated|
|rule|Species Clause: Limit one of each Pokémon
|rule|Item Clause: Limit 1 of each item
|clearpoke
|poke|p1|Volcarona, L50, M|
|poke|p1|Kingambit, L50, M|
|poke|p1|Dragonite, L50, M|
|poke|p1|Sneasler, L50, F|
|poke|p1|Rillaboom, L50, M|
|poke|p1|Electabuzz, L50, F|
|poke|p2|Charizard, L50, M|
|poke|p2|Torkoal, L50, M|
|poke|p2|Porygon2, L50|
|poke|p2|Incineroar, L50, M|
|poke|p2|Jumpluff, L50, M|
|poke|p2|Ursaluna, L50, M|
|teampreview|4
|showteam|p1|Volcarona||CovertCloak|FlameBody|HeatWave,TeraBlast,QuiverDance,Protect|||M|||50|,,,,,Fairy]Kingambit||BlackGlasses|Defiant|KowtowCleave,SuckerPunch,SwordsDance,Protect|||M|||50|,,,,,Dark]Dragonite||LoadedDice|Multiscale|ScaleShot,ExtremeSpeed,Haze,Protect|||M|||50|,,,,,Steel]Sneasler||FocusSash|PoisonTouch|CloseCombat,DireClaw,FakeOut,Coaching|||F|||50|,,,,,Stellar]Rillaboom||AssaultVest|GrassySurge|WoodHammer,GrassyGlide,HighHorsepower,FakeOut|||M|||50|,,,,,Fire]Electabuzz||Eviolite|VitalSpirit|Thunderbolt,Taunt,FollowMe,Protect|||F|||50|,,,,,Ghost
|showteam|p2|Charizard||ChoiceSpecs|SolarPower|HeatWave,Overheat,WeatherBall,AirSlash|||M|||50|,,,,,Ghost]Torkoal||EjectPack|Drought|Eruption,Overheat,HelpingHand,Protect|||M|||50|,,,,,Fire]Porygon2||Eviolite|Download|TeraBlast,IceBeam,Recover,TrickRoom||||||50|,,,,,Fighting]Incineroar||SitrusBerry|Intimidate|FlareBlitz,KnockOff,FakeOut,PartingShot|||M|||50|,,,,,Ghost]Jumpluff||CovertCloak|Chlorophyll|SleepPowder,SunnyDay,RagePowder,Tailwind|||M|||50|,,,,,Water]Ursaluna||FlameOrb|Guts|HeadlongRush,Facade,Earthquake,Protect|||M|||50|,,,,,Ghost
|inactive|Battle timer is ON: inactive players will automatically lose when time's up. (requested by Fedemitra9)
|inactive|Fedemitra9 has 60 seconds left.
|inactive|Fedemitra9 has 30 seconds left.
|inactive|Fedemitra9 has 20 seconds left.
|inactive|Fedemitra9 has 15 seconds left.
|inactive|Fedemitra9 has 10 seconds left.
|
|t:|1757017075
|teamsize|p1|4
|teamsize|p2|4
|start
|switch|p1a: Dragonite|Dragonite, L50, M|100/100
|switch|p1b: Electabuzz|Electabuzz, L50, F|100/100
|switch|p2a: Charizard|Charizard, L50, M, shiny|100/100
|switch|p2b: Torkoal|Torkoal, L50, M, shiny|100/100
|-weather|SunnyDay|[from] ability: Drought|[of] p2b: Torkoal
|turn|1
|
|t:|1757017090
|move|p1b: Electabuzz|Protect|p1b: Electabuzz
|-singleturn|p1b: Electabuzz|Protect
|move|p2a: Charizard|Overheat|p1b: Electabuzz
|-activate|p1b: Electabuzz|move: Protect
|move|p1a: Dragonite|Scale Shot|p2a: Charizard
|-damage|p2a: Charizard|80/100
|-damage|p2a: Charizard|61/100
|-damage|p2a: Charizard|41/100
|-damage|p2a: Charizard|21/100
|-crit|p2a: Charizard
|-damage|p2a: Charizard|0 fnt
|faint|p2a: Charizard
|-hitcount|p2: Charizard|5
|-unboost|p1a: Dragonite|def|1
|-boost|p1a: Dragonite|spe|1
|move|p2b: Torkoal|Overheat|p1a: Dragonite
|-resisted|p1a: Dragonite
|-damage|p1a: Dragonite|78/100
|-unboost|p2b: Torkoal|spa|2
|-enditem|p2b: Torkoal|Eject Pack
|inactive|Fedemitra9 has 30 seconds left.
|
|t:|1757017118
|switch|p2b: Ursaluna|Ursaluna, L50, M, shiny|100/100
|
|-weather|SunnyDay|[upkeep]
|-status|p2b: Ursaluna|brn|[from] item: Flame Orb
|upkeep
|
|t:|1757017124
|switch|p2a: Porygon2|Porygon2, L50, shiny|100/100
|-ability|p2a: Porygon2|Download|boost
|-boost|p2a: Porygon2|atk|1
|turn|2
|
|t:|1757017141
|move|p1a: Dragonite|Scale Shot|p2a: Porygon2
|-damage|p2a: Porygon2|91/100
|-damage|p2a: Porygon2|81/100
|-damage|p2a: Porygon2|71/100
|-damage|p2a: Porygon2|61/100
|-hitcount|p2a: Porygon2|4
|-unboost|p1a: Dragonite|def|1
|-boost|p1a: Dragonite|spe|1
|move|p1b: Electabuzz|Thunderbolt|p2a: Porygon2
|-damage|p2a: Porygon2|41/100
|move|p2b: Ursaluna|Headlong Rush|p1b: Electabuzz
|-supereffective|p1b: Electabuzz
|-damage|p1b: Electabuzz|0 fnt
|-unboost|p2b: Ursaluna|def|1
|-unboost|p2b: Ursaluna|spd|1
|faint|p1b: Electabuzz
|move|p2a: Porygon2|Ice Beam|p1a: Dragonite
|-supereffective|p1a: Dragonite
|-damage|p1a: Dragonite|0 fnt
|faint|p1a: Dragonite
|
|-weather|SunnyDay|[upkeep]
|-damage|p2b: Ursaluna|95/100 brn|[from] brn
|upkeep
|
|t:|1757017155
|switch|p1b: Sneasler|Sneasler, L50, F|100/100
|switch|p1a: Kingambit|Kingambit, L50, M|100/100
|turn|3
|inactive|Fedemitra9 has 30 seconds left.
|inactive|IngeVGC has 30 seconds left.
|inactive|Fedemitra9 has 20 seconds left.
|inactive|Fedemitra9 has 15 seconds left.
|inactive|Fedemitra9 has 10 seconds left.
|inactive|IngeVGC has 20 seconds left.
|inactive|Fedemitra9 has 5 seconds left.
|
|t:|1757017210
|switch|p2a: Torkoal|Torkoal, L50, M, shiny|100/100
|move|p1a: Kingambit|Protect|p1a: Kingambit
|-singleturn|p1a: Kingambit|Protect
|move|p1b: Sneasler|Fake Out|p2a: Torkoal
|-damage|p2a: Torkoal|90/100
|move|p2b: Ursaluna|Headlong Rush|p1a: Kingambit
|-activate|p1a: Kingambit|move: Protect
|
|-weather|SunnyDay|[upkeep]
|-damage|p2b: Ursaluna|89/100 brn|[from] brn
|upkeep
|turn|4
|inactive|IngeVGC has 30 seconds left.
|inactive|Fedemitra9 has 30 seconds left.
|inactive|Fedemitra9 has 20 seconds left.
|inactive|Fedemitra9 has 15 seconds left.
|inactive|Fedemitra9 has 10 seconds left.
|
|t:|1757017256
|-terastallize|p1a: Kingambit|Dark
|move|p2b: Ursaluna|Protect|p2b: Ursaluna
|-singleturn|p2b: Ursaluna|Protect
|move|p1a: Kingambit|Sucker Punch||[still]
|-fail|p1a: Kingambit
|move|p1b: Sneasler|Dire Claw|p2a: Torkoal
|-damage|p2a: Torkoal|58/100
|-status|p2a: Torkoal|par
|move|p2a: Torkoal|Eruption|p1a: Kingambit|[spread] p1a,p1b
|-damage|p1a: Kingambit|61/100
|-damage|p1b: Sneasler|45/100
|
|-weather|SunnyDay|[upkeep]
|-damage|p2b: Ursaluna|83/100 brn|[from] brn
|upkeep
|turn|5
|inactive|Fedemitra9 has 30 seconds left.
|inactive|IngeVGC has 30 seconds left.
|inactive|Fedemitra9 has 20 seconds left.
|inactive|Fedemitra9 has 15 seconds left.
|inactive|IngeVGC has 20 seconds left.
|inactive|Fedemitra9 has 10 seconds left.
|inactive|IngeVGC has 15 seconds left.
|inactive|Fedemitra9 has 5 seconds left.
|
|t:|1757017310
|-terastallize|p2b: Ursaluna|Ghost
|move|p1b: Sneasler|Close Combat|p2b: Ursaluna
|-immune|p2b: Ursaluna
|move|p2b: Ursaluna|Facade|p1b: Sneasler
|-damage|p1b: Sneasler|0 fnt
|faint|p1b: Sneasler
|move|p1a: Kingambit|Kowtow Cleave|p2a: Torkoal
|-damage|p2a: Torkoal|0 fnt
|faint|p2a: Torkoal
|
|-weather|none
|-damage|p2b: Ursaluna|77/100 brn|[from] brn
|upkeep
|
|t:|1757017325
|switch|p2a: Porygon2|Porygon2, L50, shiny|41/100
|-ability|p2a: Porygon2|Download|boost
|-boost|p2a: Porygon2|spa|1
|turn|6
|
|t:|1757017343
|move|p1a: Kingambit|Sucker Punch|p2b: Ursaluna
|-supereffective|p2b: Ursaluna
|-damage|p2b: Ursaluna|0 fnt
|faint|p2b: Ursaluna
|move|p2a: Porygon2|Recover|p2a: Porygon2
|-heal|p2a: Porygon2|91/100
|
|upkeep
|turn|7
|
|t:|1757017351
|move|p2a: Porygon2|Tera Blast|p1a: Kingambit
|-damage|p1a: Kingambit|6/100
|move|p1a: Kingambit|Kowtow Cleave|p2a: Porygon2
|-damage|p2a: Porygon2|39/100
|
|upkeep
|turn|8
|
|t:|1757017363
|move|p1a: Kingambit|Sucker Punch||[still]
|-fail|p1a: Kingambit
|move|p2a: Porygon2|Recover|p2a: Porygon2
|-heal|p2a: Porygon2|89/100
|
|upkeep
|turn|9
|
|t:|1757017368
|move|p2a: Porygon2|Tera Blast|p1a: Kingambit
|-damage|p1a: Kingambit|0 fnt
|faint|p1a: Kingambit
|
|win|Fedemitra9
|raw|IngeVGC's rating: 1437 → 1414(-23 for losing)
|raw|Fedemitra9's rating: 1379 → 1402(+23 for winning)
