|j|☆CaldoDePatas
|j|☆importarcade
|html|CaldoDePatasimportarcade    
|uhtml|bestof|Game 2 of a best-of-3
|t:|1785098657
|gametype|doubles
|player|p1|CaldoDePatas|sage|1141
|player|p2|importarcade|ethan|1085
|gen|9
|tier|[Gen 9 Champions] VGC 2026 Reg M-B (Bo3)
|rated|
|rule|Species Clause: Limit one of each Pokémon
|rule|Item Clause: Limit 1 of each item
|clearpoke
|poke|p1|Dragonite, L50, M|
|poke|p1|Whimsicott, L50, F, shiny|
|poke|p1|Kingambit, L50, F|
|poke|p1|Incineroar, L50, F|
|poke|p1|Basculegion, L50, M|
|poke|p1|Tsareena, L50, F|
|poke|p2|Sneasler, L50, M|
|poke|p2|Blastoise, L50, M|
|poke|p2|Kingambit, L50, M|
|poke|p2|Incineroar, L50, M|
|poke|p2|Delphox, L50, F|
|poke|p2|Sinistcha, L50|
|teampreview|4
|showteam|p1|Dragonite||Dragoninite|Multiscale|DragonPulse,Thunderbolt,ExtremeSpeed,Protect|Quiet||M|||50|]Whimsicott||FairyFeather|Prankster|Moonblast,Encore,Protect,Tailwind|Modest||F|||50|]Kingambit||OccaBerry|Defiant|KowtowCleave,SuckerPunch,IronHead,Protect|Brave||F|||50|]Incineroar||SitrusBerry|Intimidate|FlareBlitz,FakeOut,PartingShot,ThroatChop|Relaxed||F|||50|]Basculegion||ChoiceScarf|Adaptability|WaveCrash,LastRespects,AquaJet,FlipTurn|Adamant||M|||50|]Tsareena||FocusSash|QueenlyMajesty|TropKick,LowSweep,HelpingHand,Protect|Adamant||F|||50|
|showteam|p2|Sneasler||FocusSash|PoisonTouch|PoisonJab,CloseCombat,FakeOut,QuickGuard|Jolly||M|||50|]Blastoise||Blastoisinite|RainDish|DarkPulse,WaterSpout,ShellSmash,Protect|Modest||M|||50|]Kingambit||BlackGlasses|Defiant|KowtowCleave,SuckerPunch,SwordsDance,Protect|Adamant||M|||50|]Incineroar||SitrusBerry|Intimidate|FlareBlitz,HelpingHand,PartingShot,FakeOut|Careful||M|||50|]Delphox||Delphoxite|Blaze|HeatWave,NastyPlot,Psyshock,Protect|Modest||F|||50|]Sinistcha||KasibBerry|Hospitality|MatchaGotcha,RagePowder,TrickRoom,Protect|Bold|||||50|
|
|t:|1785098684
|teamsize|p1|4
|teamsize|p2|4
|start
|switch|p1a: Whimsicott|Whimsicott, L50, F, shiny|100/100
|switch|p1b: Basculegion|Basculegion, L50, M|100/100
|switch|p2a: Blastoise|Blastoise, L50, M|100/100
|switch|p2b: Sneasler|Sneasler, L50, M|100/100
|turn|1
|
|t:|1785098710
|detailschange|p2a: Blastoise|Blastoise-Mega, L50, M
|-mega|p2a: Blastoise|Blastoise|Blastoisinite
|move|p1a: Whimsicott|Protect|p1a: Whimsicott
|-singleturn|p1a: Whimsicott|Protect
|move|p1b: Basculegion|Flip Turn|p2b: Sneasler
|-damage|p2b: Sneasler|29/100
|
|t:|1785098717
|switch|p1b: Tsareena|Tsareena, L50, F|100/100|[from] Flip Turn
|move|p2b: Sneasler|Poison Jab|p1a: Whimsicott
|-activate|p1a: Whimsicott|move: Protect
|move|p2a: Blastoise|Dark Pulse|p1b: Tsareena
|-damage|p1b: Tsareena|37/100
|
|upkeep
|turn|2
|
|t:|1785098747
|switch|p2a: Kingambit|Kingambit, L50, M|100/100
|move|p1a: Whimsicott|Tailwind|p1a: Whimsicott
|-sidestart|p1: CaldoDePatas|move: Tailwind
|move|p1b: Tsareena|Trop Kick|p2b: Sneasler
|-resisted|p2b: Sneasler|1
|-damage|p2b: Sneasler|0 fnt
|faint|p2b: Sneasler
|
|upkeep
|
|t:|1785098756
|switch|p2b: Blastoise|Blastoise-Mega, L50, M|100/100
|turn|3
|
|t:|1785098780
|move|p1a: Whimsicott|Protect|p1a: Whimsicott
|-singleturn|p1a: Whimsicott|Protect
|move|p1b: Tsareena|Protect|p1b: Tsareena
|-singleturn|p1b: Tsareena|Protect
|move|p2a: Kingambit|Sucker Punch||[still]
|cant|p1b: Tsareena|ability: Queenly Majesty|Sucker Punch|[of] p2a: Kingambit
|move|p2b: Blastoise|Dark Pulse|p1a: Whimsicott
|-activate|p1a: Whimsicott|move: Protect
|
|upkeep
|turn|4
|
|t:|1785098798
|switch|p2b: Sinistcha|Sinistcha, L50|100/100
|move|p1a: Whimsicott|Moonblast|p2b: Sinistcha
|-damage|p2b: Sinistcha|56/100
|move|p1b: Tsareena|Low Sweep|p2a: Kingambit
|-supereffective|p2a: Kingambit|2
|-crit|p2a: Kingambit
|-damage|p2a: Kingambit|0 fnt
|faint|p2a: Kingambit
|
|upkeep
|
|t:|1785098808
|switch|p2a: Blastoise|Blastoise-Mega, L50, M|100/100
|turn|5
|
|t:|1785098832
|move|p1a: Whimsicott|Protect|p1a: Whimsicott
|-singleturn|p1a: Whimsicott|Protect
|move|p1b: Tsareena|Trop Kick|p2a: Blastoise
|-supereffective|p2a: Blastoise|1
|-damage|p2a: Blastoise|7/100
|-unboost|p2a: Blastoise|atk|1
|move|p2a: Blastoise|Dark Pulse|p1a: Whimsicott
|-activate|p1a: Whimsicott|move: Protect
|move|p2b: Sinistcha|Matcha Gotcha|p1b: Tsareena|[spread] p1b
|-activate|p1a: Whimsicott|move: Protect
|-resisted|p1b: Tsareena|1
|-damage|p1b: Tsareena|23/100
|-heal|p2b: Sinistcha|62/100|[from] drain|[of] p1b: Tsareena
|
|-sideend|p1: CaldoDePatas|move: Tailwind
|upkeep
|turn|6
|-message|importarcade forfeited.
|
|win|CaldoDePatas
||importarcade is ready for game 3.
|inactive|CaldoDePatas has 30 seconds to confirm battle start!
|inactive|CaldoDePatas has 20 seconds to confirm battle start!
||CaldoDePatas is ready for game 3.
|uhtml|next|Next: Game 3 of 3
|l|☆CaldoDePatas
|player|p1|
