|j|☆00diogo00*
|j|☆Get flinched on
|html|00diogo00*Get flinched on    
|uhtml|bestof|Game 1 of a best-of-3
|t:|1782502348
|gametype|doubles
|player|p1|00diogo00*|170|1129
|player|p2|Get flinched on|clown|1146
|gen|9
|tier|[Gen 9 Champions] VGC 2026 Reg M-B (Bo3)
|rated|
|rule|Species Clause: Limit one of each Pokémon
|rule|Item Clause: Limit 1 of each item
|clearpoke
|poke|p1|Sylveon, L50, F|
|poke|p1|Excadrill, L50, M|
|poke|p1|Grimmsnarl, L50, M|
|poke|p1|Toxapex, L50, F|
|poke|p1|Gholdengo, L50|
|poke|p1|Talonflame, L50, M|
|poke|p2|Whimsicott, L50, M|
|poke|p2|Glimmora, L50, M|
|poke|p2|Charizard, L50, M|
|poke|p2|Garchomp, L50, F|
|poke|p2|Kingambit, L50, M|
|poke|p2|Basculegion, L50, M|
|teampreview|4
|showteam|p1|Sylveon||FairyFeather|Pixilate|HyperVoice,Protect,CalmMind,HyperBeam|Modest||F|||50|]Excadrill||Excadrite|MoldBreaker|IronHead,DrillRun,Protect,RockSlide|Jolly||M|||50|]Grimmsnarl||LightClay|Prankster|Reflect,LightScreen,PartingShot,SpiritBreak|Careful||M|||50|]Toxapex||Leftovers|Regenerator|BanefulBunker,Toxic,Infestation,WideGuard|Calm||F|||50|]Gholdengo||LifeOrb|GoodasGold|Protect,MakeItRain,NastyPlot,ShadowBall|Timid|||||50|]Talonflame|||GaleWings|Tailwind,Protect,WillOWisp,Acrobatics|Adamant||M|||50|
|showteam|p2|Whimsicott||FairyFeather|Prankster|Moonblast,Tailwind,Encore,Protect|Timid||M|||50|]Glimmora||FocusSash|ToxicDebris|PowerGem,SludgeBomb,EarthPower,SpikyShield|Timid||M|||50|]Charizard||CharizarditeY|SolarPower|HeatWave,WeatherBall,SolarBeam,Protect|Modest||M|||50|]Garchomp||SitrusBerry|RoughSkin|Earthquake,DragonClaw,PoisonJab,Protect|Adamant||F|||50|]Kingambit||ChopleBerry|Defiant|KowtowCleave,IronHead,SuckerPunch,LowKick|Adamant||M|||50|]Basculegion||MysticWater|Adaptability|WaveCrash,LastRespects,AquaJet,Protect|Adamant||M|||50|
|inactive|Battle timer is ON: inactive players will automatically lose when time's up. (requested by Get flinched on)
|
|t:|1782502410
|teamsize|p1|4
|teamsize|p2|4
|start
|switch|p1a: Excadrill|Excadrill, L50, M|100/100
|switch|p1b: Talonflame|Talonflame, L50, M|100/100
|switch|p2a: Kingambit|Kingambit, L50, M|100/100
|switch|p2b: Whimsicott|Whimsicott, L50, M|100/100
|-ability|p1a: Excadrill|Mold Breaker
|turn|1
|
|t:|1782502428
|detailschange|p1a: Excadrill|Excadrill-Mega, L50, M
|-mega|p1a: Excadrill|Excadrill|Excadrite
|move|p1b: Talonflame|Acrobatics|p2b: Whimsicott
|-supereffective|p2b: Whimsicott|1
|-damage|p2b: Whimsicott|10/100
|move|p2b: Whimsicott|Tailwind|p2b: Whimsicott
|-sidestart|p2: Get flinched on|move: Tailwind
|move|p1a: Excadrill|Drill Run|p2a: Kingambit
|-supereffective|p2a: Kingambit|1
|-damage|p2a: Kingambit|22/100
|move|p2a: Kingambit|Kowtow Cleave|p1b: Talonflame
|-damage|p1b: Talonflame|26/100
|
|upkeep
|turn|2
|
|t:|1782502451
|move|p1b: Talonflame|Protect|p1b: Talonflame
|-singleturn|p1b: Talonflame|Protect
|move|p2a: Kingambit|Sucker Punch|p1a: Excadrill
|-damage|p1a: Excadrill|59/100
|move|p2b: Whimsicott|Moonblast|p1b: Talonflame
|-activate|p1b: Talonflame|move: Protect
|move|p1a: Excadrill|Rock Slide|p2b: Whimsicott|[spread] p2a
|-miss|p1a: Excadrill|p2b: Whimsicott
|-resisted|p2a: Kingambit|1
|-damage|p2a: Kingambit|15/100
|
|upkeep
|turn|3
|
|t:|1782502467
|switch|p1b: Toxapex|Toxapex, L50, F|100/100
|move|p1a: Excadrill|Protect|p1a: Excadrill
|-singleturn|p1a: Excadrill|Protect
|move|p2b: Whimsicott|Encore||[still]
|-fail|p2b: Whimsicott
|move|p2a: Kingambit|Sucker Punch||[still]
|-fail|p2a: Kingambit
|
|upkeep
|turn|4
|
|t:|1782502482
|switch|p1a: Sylveon|Sylveon, L50, F|100/100
|move|p2b: Whimsicott|Encore||[still]
|-fail|p2b: Whimsicott
|move|p2a: Kingambit|Kowtow Cleave|p1b: Toxapex
|-damage|p1b: Toxapex|61/100
|move|p1b: Toxapex|Infestation|p2b: Whimsicott
|-damage|p2b: Whimsicott|6/100
|-activate|p2b: Whimsicott|move: Infestation|[of] p1b: Toxapex
|
|-heal|p1b: Toxapex|67/100|[from] item: Leftovers
|-damage|p2b: Whimsicott|0 fnt|[from] move: Infestation|[partiallytrapped]
|faint|p2b: Whimsicott
|-sideend|p2: Get flinched on|move: Tailwind
|upkeep
|
|t:|1782502494
|switch|p2b: Glimmora|Glimmora, L50, M|100/100
|turn|5
|
|t:|1782502508
|switch|p1a: Excadrill|Excadrill-Mega, L50, M|59/100
|-heal|p1b: Toxapex|100/100|[from] ability: Regenerator|[silent]
|switch|p1b: Talonflame|Talonflame, L50, M|26/100
|move|p2a: Kingambit|Sucker Punch||[still]
|-fail|p2a: Kingambit
|move|p2b: Glimmora|Sludge Bomb|p1a: Excadrill
|-immune|p1a: Excadrill
|
|upkeep
|turn|6
|inactive|00diogo00* has 30 seconds left.
|inactive|00diogo00* has 20 seconds left.
|
|t:|1782502548
|move|p2a: Kingambit|Sucker Punch|p1a: Excadrill
|-damage|p1a: Excadrill|18/100
|move|p1a: Excadrill|Drill Run|p2b: Glimmora
|-supereffective|p2b: Glimmora|2
|-enditem|p2b: Glimmora|Focus Sash
|-damage|p2b: Glimmora|1/100
|-activate|p2b: Glimmora|ability: Toxic Debris
|-sidestart|p1: 00diogo00*|move: Toxic Spikes
|move|p1b: Talonflame|Tailwind|p1b: Talonflame
|-sidestart|p1: 00diogo00*|move: Tailwind
|move|p2b: Glimmora|Earth Power|p1a: Excadrill
|-supereffective|p1a: Excadrill|1
|-damage|p1a: Excadrill|0 fnt
|faint|p1a: Excadrill
|
|upkeep
|
|t:|1782502564
|switch|p1a: Toxapex|Toxapex, L50, F|100/100
|-sideend|p1: 00diogo00*|move: Toxic Spikes|[of] p1a: Toxapex
|turn|7
|
|t:|1782502579
|move|p2b: Glimmora|Spiky Shield|p2b: Glimmora
|-singleturn|p2b: Glimmora|move: Protect
|move|p2a: Kingambit|Sucker Punch|p1a: Toxapex
|-damage|p1a: Toxapex|67/100
|move|p1b: Talonflame|Will-O-Wisp|p2b: Glimmora
|-activate|p2b: Glimmora|move: Protect
|move|p1a: Toxapex|Infestation|p2a: Kingambit
|-damage|p2a: Kingambit|11/100
|-activate|p2a: Kingambit|move: Infestation|[of] p1a: Toxapex
|
|-heal|p1a: Toxapex|73/100|[from] item: Leftovers
|-damage|p2a: Kingambit|0 fnt|[from] move: Infestation|[partiallytrapped]
|faint|p2a: Kingambit
|upkeep
|
|t:|1782502582
|switch|p2a: Charizard|Charizard, L50, M|100/100
|turn|8
|inactive|00diogo00* has 30 seconds left.
|inactive|00diogo00* has 20 seconds left.
|
|t:|1782502618
|detailschange|p2a: Charizard|Charizard-Mega-Y, L50, M
|-mega|p2a: Charizard|Charizard|Charizardite Y
|-weather|SunnyDay|[from] ability: Drought|[of] p2a: Charizard
|move|p2b: Glimmora|Spiky Shield||[still]
|-fail|p2b: Glimmora
|move|p1b: Talonflame|Acrobatics|p2b: Glimmora
|-resisted|p2b: Glimmora|1
|-damage|p2b: Glimmora|0 fnt
|-activate|p2b: Glimmora|ability: Toxic Debris
|-sidestart|p1: 00diogo00*|move: Toxic Spikes
|faint|p2b: Glimmora
|move|p2a: Charizard|Heat Wave|p1a: Toxapex|[spread] p1a,p1b
|-resisted|p1a: Toxapex|1
|-resisted|p1b: Talonflame|1
|-damage|p1a: Toxapex|51/100
|-damage|p1b: Talonflame|0 fnt
|faint|p1b: Talonflame
|move|p1a: Toxapex|Toxic|p2a: Charizard
|-status|p2a: Charizard|tox
|
|-weather|SunnyDay|[upkeep]
|-heal|p1a: Toxapex|57/100|[from] item: Leftovers
|-damage|p2a: Charizard|93/100 tox|[from] psn
|upkeep
|-message|Get flinched on forfeited.
|
|win|00diogo00*
