|j|☆TheDark69420
|j|☆olciax34
|html|TheDark69420olciax34    
|uhtml|bestof|Game 1 of a best-of-3
|t:|1785865040
|gametype|doubles
|player|p1|TheDark69420|ghetsis-gen5bw|1441
|player|p2|olciax34|266|1350
|gen|9
|tier|[Gen 9 Champions] VGC 2026 Reg M-B (Bo3)
|rated|
|rule|Species Clause: Limit one of each Pokémon
|rule|Item Clause: Limit 1 of each item
|clearpoke
|poke|p1|Milotic, L50, M|
|poke|p1|Garchomp, L50, M|
|poke|p1|Tyranitar, L50, F|
|poke|p1|Gliscor, L50, M|
|poke|p1|Sinistcha, L50|
|poke|p1|Ceruledge, L50, M|
|poke|p2|Incineroar, L50, M|
|poke|p2|Floette-Eternal, L50, F|
|poke|p2|Sinistcha, L50|
|poke|p2|Basculegion, L50, M|
|poke|p2|Glimmora, L50, F|
|poke|p2|Staraptor, L50, F|
|teampreview|4
|showteam|p1|Milotic||Leftovers|Competitive|HelpingHand,IcyWind,Scald,Protect|Bold||M|||50|]Garchomp||Garchompite|SandVeil|IronHead,Earthquake,RockSlide,Protect|Adamant||M|||50|]Tyranitar||ChoiceScarf|SandStream|RockSlide,IcePunch,KnockOff,LowKick|Jolly||F|||50|]Gliscor||BrightPowder|SandVeil|Tailwind,Uturn,Feint,DualWingbeat|Jolly||M|||50|]Sinistcha||SitrusBerry|Hospitality|MatchaGotcha,RagePowder,TrickRoom,Protect|Bold|||||50|]Ceruledge||ColburBerry|FlashFire|BulkUp,ShadowSneak,BitterBlade,Protect|Adamant||M|||50|
|showteam|p2|Incineroar||SitrusBerry|Intimidate|FakeOut,ThroatChop,FlareBlitz,PartingShot|Careful||M|||50|]Floette-Eternal||Floettite|FlowerVeil|DazzlingGleam,DrainingKiss,CalmMind,Protect|Modest||F|||50|]Sinistcha||KasibBerry|Hospitality|MatchaGotcha,LifeDew,RagePowder,Protect|Calm|||||50|]Basculegion||ChoiceScarf|Adaptability|WaveCrash,FlipTurn,AquaJet,LastRespects|Jolly||M|||50|]Glimmora||FocusSash|ToxicDebris|SludgeBomb,PowerGem,EarthPower,SpikyShield|Modest||F|||50|]Staraptor||Staraptite|Intimidate|DualWingbeat,CloseCombat,Tailwind,Protect|Jolly||F|||50|
|inactive|Battle timer is ON: inactive players will automatically lose when time's up. (requested by TheDark69420)
|inactive|TheDark69420 has 60 seconds left.
|inactive|olciax34 has 60 seconds left.
|
|t:|1785865085
|teamsize|p1|4
|teamsize|p2|4
|start
|switch|p1a: Milotic|Milotic, L50, M|100/100
|switch|p1b: Gliscor|Gliscor, L50, M|100/100
|switch|p2a: Staraptor|Staraptor, L50, F|100/100
|switch|p2b: Basculegion|Basculegion, L50, M|100/100
|-ability|p2a: Staraptor|Intimidate|boost
|-unboost|p1a: Milotic|atk|1
|-ability|p1a: Milotic|Competitive|boost
|-boost|p1a: Milotic|spa|2
|-unboost|p1b: Gliscor|atk|1
|turn|1
|inactive|TheDark69420 has 30 seconds left.
|
|t:|1785865110
|detailschange|p2a: Staraptor|Staraptor-Mega, L50, F
|-mega|p2a: Staraptor|Staraptor|Staraptite
|move|p2b: Basculegion|Wave Crash|p1b: Gliscor
|-supereffective|p1b: Gliscor|1
|-damage|p1b: Gliscor|0 fnt
|faint|p1b: Gliscor
|-damage|p2b: Basculegion|69/100|[from] Recoil
|move|p2a: Staraptor|Close Combat|p1a: Milotic
|-damage|p1a: Milotic|60/100
|-boost|p2a: Staraptor|def|1
|-boost|p2a: Staraptor|spd|1
|move|p1a: Milotic|Scald|p2a: Staraptor
|-damage|p2a: Staraptor|62/100
|
|-heal|p1a: Milotic|66/100|[from] item: Leftovers
|upkeep
|
|t:|1785865129
|switch|p1b: Tyranitar|Tyranitar, L50, F|100/100
|-weather|Sandstorm|[from] ability: Sand Stream|[of] p1b: Tyranitar
|turn|2
|inactive|olciax34 has 30 seconds left.
|
|t:|1785865155
|switch|p2b: Sinistcha|Sinistcha, L50|100/100
|-heal|p2a: Staraptor|87/100|[from] ability: Hospitality|[of] p2b: Sinistcha
|move|p1b: Tyranitar|Ice Punch|p2a: Staraptor
|-supereffective|p2a: Staraptor|1
|-damage|p2a: Staraptor|49/100
|move|p2a: Staraptor|Close Combat|p1b: Tyranitar
|-supereffective|p1b: Tyranitar|2
|-damage|p1b: Tyranitar|0 fnt
|-boost|p2a: Staraptor|def|1
|-boost|p2a: Staraptor|spd|1
|faint|p1b: Tyranitar
|move|p1a: Milotic|Icy Wind|p2a: Staraptor|[spread] p2a,p2b
|-supereffective|p2a: Staraptor|1
|-supereffective|p2b: Sinistcha|1
|-damage|p2a: Staraptor|30/100
|-damage|p2b: Sinistcha|68/100
|-boost|p2a: Staraptor|spe|1
|-unboost|p2b: Sinistcha|spe|1
|
|-weather|Sandstorm|[upkeep]
|-damage|p2a: Staraptor|24/100|[from] Sandstorm
|-damage|p1a: Milotic|60/100|[from] Sandstorm
|-damage|p2b: Sinistcha|62/100|[from] Sandstorm
|-heal|p1a: Milotic|66/100|[from] item: Leftovers
|upkeep
|
|t:|1785865170
|switch|p1b: Garchomp|Garchomp, L50, M|100/100
|turn|3
|inactive|olciax34 has 30 seconds left.
|
|t:|1785865203
|move|p2a: Staraptor|Protect|p2a: Staraptor
|-singleturn|p2a: Staraptor|Protect
|move|p1b: Garchomp|Protect|p1b: Garchomp
|-singleturn|p1b: Garchomp|Protect
|move|p1a: Milotic|Icy Wind|p2b: Sinistcha|[spread] p2b
|-activate|p2a: Staraptor|move: Protect
|-supereffective|p2b: Sinistcha|1
|-damage|p2b: Sinistcha|24/100
|-unboost|p2b: Sinistcha|spe|1
|move|p2b: Sinistcha|Life Dew|p2b: Sinistcha|[spread] p2a,p2b
|-heal|p2a: Staraptor|49/100
|-heal|p2b: Sinistcha|49/100
|
|-weather|Sandstorm|[upkeep]
|-damage|p2a: Staraptor|43/100|[from] Sandstorm
|-damage|p1a: Milotic|60/100|[from] Sandstorm
|-damage|p2b: Sinistcha|43/100|[from] Sandstorm
|-heal|p1a: Milotic|66/100|[from] item: Leftovers
|upkeep
|turn|4
|inactive|olciax34 has 30 seconds left.
|inactive|olciax34 has 20 seconds left.
|inactive|olciax34 has 15 seconds left.
|
|t:|1785865245
|switch|p2b: Basculegion|Basculegion, L50, M|69/100
|detailschange|p1b: Garchomp|Garchomp-Mega, L50, M
|-mega|p1b: Garchomp|Garchomp|Garchompite
|move|p2a: Staraptor|Tailwind|p2a: Staraptor
|-sidestart|p2: olciax34|move: Tailwind
|move|p1b: Garchomp|Rock Slide|p2a: Staraptor|[spread] p2a,p2b
|-damage|p2a: Staraptor|26/100
|-damage|p2b: Basculegion|25/100
|move|p1a: Milotic|Scald|p2a: Staraptor
|-damage|p2a: Staraptor|0 fnt
|faint|p2a: Staraptor
|
|-weather|Sandstorm|[upkeep]
|-damage|p2b: Basculegion|19/100|[from] Sandstorm
|-damage|p1a: Milotic|60/100|[from] Sandstorm
|-heal|p1a: Milotic|66/100|[from] item: Leftovers
|upkeep
|inactive|olciax34 has 30 seconds left.
|
|t:|1785865273
|switch|p2a: Sinistcha|Sinistcha, L50|43/100
|-heal|p2b: Basculegion|44/100|[from] ability: Hospitality|[of] p2a: Sinistcha
|turn|5
|inactive|olciax34 has 30 seconds left.
|inactive|olciax34 has 20 seconds left.
|
|t:|1785865308
|move|p2b: Basculegion|Last Respects|p1b: Garchomp
|-damage|p1b: Garchomp|46/100
|move|p2a: Sinistcha|Matcha Gotcha|p1a: Milotic|[spread] p1a
|-miss|p2a: Sinistcha|p1b: Garchomp
|-supereffective|p1a: Milotic|1
|-damage|p1a: Milotic|31/100
|-heal|p2a: Sinistcha|63/100|[from] drain|[of] p1a: Milotic
|-status|p1a: Milotic|brn
|move|p1b: Garchomp|Rock Slide|p2a: Sinistcha|[spread] p2a,p2b
|-damage|p2a: Sinistcha|34/100
|-damage|p2b: Basculegion|3/100
|move|p1a: Milotic|Icy Wind|p2a: Sinistcha|[spread] p2a,p2b
|-supereffective|p2a: Sinistcha|1
|-resisted|p2b: Basculegion|1
|-crit|p2b: Basculegion
|-damage|p2a: Sinistcha|0 fnt
|-damage|p2b: Basculegion|0 fnt
|faint|p2a: Sinistcha
|faint|p2b: Basculegion
|
|-weather|Sandstorm|[upkeep]
|-damage|p1a: Milotic|25/100 brn|[from] Sandstorm
|-heal|p1a: Milotic|31/100 brn|[from] item: Leftovers
|-damage|p1a: Milotic|25/100 brn|[from] brn
|upkeep
|
|t:|1785865330
|switch|p2b: Glimmora|Glimmora, L50, F|100/100
|turn|6
|
|t:|1785865334
|move|p2b: Glimmora|Earth Power|p1b: Garchomp
|-damage|p1b: Garchomp|10/100
|move|p1b: Garchomp|Rock Slide|p2b: Glimmora
|-damage|p2b: Glimmora|43/100
|-activate|p2b: Glimmora|ability: Toxic Debris
|-sidestart|p1: TheDark69420|move: Toxic Spikes
|move|p1a: Milotic|Scald|p2b: Glimmora
|-supereffective|p2b: Glimmora|1
|-damage|p2b: Glimmora|0 fnt
|faint|p2b: Glimmora
|
|win|TheDark69420
