|j|☆vikaenjoyer
|j|☆Nutchup
|html|vikaenjoyerNutchup    
|uhtml|bestof|Game 1 of a best-of-3
|t:|1757023593
|gametype|doubles
|player|p1|vikaenjoyer|101|1226
|player|p2|Nutchup|janitor|1118
|gen|9
|tier|[Gen 9] VGC 2025 Reg H (Bo3)
|rated|
|rule|Species Clause: Limit one of each Pokémon
|rule|Item Clause: Limit 1 of each item
|clearpoke
|poke|p1|Garchomp, L50, M|
|poke|p1|Gholdengo, L50|
|poke|p1|Incineroar, L50, F|
|poke|p1|Smeargle, L50, M|
|poke|p1|Whimsicott, L50, M|
|poke|p1|Rillaboom, L50, M|
|poke|p2|Glimmora, L50, F|
|poke|p2|Dondozo, L50, F|
|poke|p2|Tatsugiri-Droopy, L50, F|
|poke|p2|Archaludon, L50, F|
|poke|p2|Gholdengo, L50|
|poke|p2|Maushold, L50|
|teampreview|4
|showteam|p1|Garchomp||ClearAmulet|SandVeil|Protect,DragonClaw,StompingTantrum,Earthquake|||M|||50|,,,,,Ground]Gholdengo||MetalCoat|GoodasGold|Protect,MakeItRain,ShadowBall,NastyPlot||||||50|,,,,,Water]Incineroar||SafetyGoggles|Intimidate|FakeOut,FlareBlitz,KnockOff,PartingShot|||F|||50|,,,,,Ghost]Smeargle||FocusSash|Moody|SpikyShield,Spore,FollowMe,Ruination|||M|||50|,,,,,Grass]Whimsicott||CovertCloak|Prankster|Moonblast,Tailwind,Encore,LightScreen|||M|||50|,,,,,Water]Rillaboom||AssaultVest|GrassySurge|FakeOut,WoodHammer,GrassyGlide,HighHorsepower|||M|||50|,,,,,Fire
|showteam|p2|Glimmora||CovertCloak|ToxicDebris|MortalSpin,PowerGem,EarthPower,SpikyShield|||F|||50|,,,,,Bug]Dondozo||Leftovers|Unaware|Earthquake,OrderUp,BodyPress,Protect|||F|||50|,,,,,Grass]Tatsugiri-Droopy||FocusSash|Commander|DracoMeteor,MuddyWater,HelpingHand,Protect|||F|||50|,,,,,Stellar]Archaludon||AssaultVest|Stamina|ElectroShot,FlashCannon,DragonPulse,BodyPress|||F|||50|,,,,,Bug]Gholdengo||ChoiceScarf|GoodasGold|MakeItRain,ShadowBall,DazzlingGleam,Trick||||||50|,,,,,Fairy]Maushold||SafetyGoggles|FriendGuard|BeatUp,Taunt,FollowMe,Protect||||||50|,,,,,Ghost
|inactive|Battle timer is ON: inactive players will automatically lose when time's up. (requested by vikaenjoyer)
|inactive|vikaenjoyer has 60 seconds left.
|inactive|Nutchup has 60 seconds left.
|
|t:|1757023645
|teamsize|p1|4
|teamsize|p2|4
|start
|switch|p1a: Gholdengo|Gholdengo, L50|100/100
|switch|p1b: Smeargle|Smeargle, L50, M|100/100
|switch|p2a: Kenpachi|Dondozo, L50, F, shiny|100/100
|switch|p2b: Ichigo|Gholdengo, L50|100/100
|turn|1
|
|t:|1757023664
|switch|p2a: Matsumoto|Glimmora, L50, F|100/100
|move|p1b: Smeargle|Spiky Shield|p1b: Smeargle
|-singleturn|p1b: Smeargle|move: Protect
|move|p1a: Gholdengo|Protect|p1a: Gholdengo
|-singleturn|p1a: Gholdengo|Protect
|move|p2b: Ichigo|Trick|p1b: Smeargle
|-activate|p1b: Smeargle|move: Protect
|
|-ability|p1b: Smeargle|Moody|boost
|-boost|p1b: Smeargle|spe|2
|-unboost|p1b: Smeargle|spa|1
|upkeep
|turn|2
|inactive|vikaenjoyer has 30 seconds left.
|
|t:|1757023694
|switch|p2b: Kenpachi|Dondozo, L50, F, shiny|100/100
|move|p2a: Matsumoto|Spiky Shield|p2a: Matsumoto
|-singleturn|p2a: Matsumoto|move: Protect
|move|p1b: Smeargle|Spore|p2a: Matsumoto
|-activate|p2a: Matsumoto|move: Protect
|move|p1a: Gholdengo|Make It Rain|p2b: Kenpachi|[spread] p2b
|-activate|p2a: Matsumoto|move: Protect
|-resisted|p2b: Kenpachi
|-damage|p2b: Kenpachi|79/100
|-unboost|p1a: Gholdengo|spa|1
|
|-heal|p2b: Kenpachi|85/100|[from] item: Leftovers
|-ability|p1b: Smeargle|Moody|boost
|-boost|p1b: Smeargle|spa|2
|-unboost|p1b: Smeargle|spd|1
|upkeep
|turn|3
|
|t:|1757023719
|switch|p2a: Orihime|Tatsugiri-Droopy, L50, F, shiny|100/100
|-activate|p2a: Orihime|ability: Commander|[of] p2b: Kenpachi
|-boost|p2b: Kenpachi|atk|2
|-boost|p2b: Kenpachi|spa|2
|-boost|p2b: Kenpachi|spe|2
|-boost|p2b: Kenpachi|def|2
|-boost|p2b: Kenpachi|spd|2
|move|p1b: Smeargle|Ruination|p2b: Kenpachi
|-damage|p2b: Kenpachi|43/100
|move|p1a: Gholdengo|Shadow Ball|p2b: Kenpachi
|-damage|p2b: Kenpachi|25/100
|move|p2b: Kenpachi|Order Up|p1b: Smeargle
|-damage|p1b: Smeargle|29/100
|-boost|p2b: Kenpachi|def|1
|
|-heal|p2b: Kenpachi|31/100|[from] item: Leftovers
|-ability|p1b: Smeargle|Moody|boost
|-boost|p1b: Smeargle|spa|2
|-unboost|p1b: Smeargle|def|1
|upkeep
|turn|4
|inactive|Nutchup has 30 seconds left.
|
|t:|1757023752
|move|p2b: Kenpachi|Protect|p2b: Kenpachi
|-singleturn|p2b: Kenpachi|Protect
|move|p1b: Smeargle|Ruination|p2b: Kenpachi
|-activate|p2b: Kenpachi|move: Protect
|move|p1a: Gholdengo|Shadow Ball|p2b: Kenpachi
|-activate|p2b: Kenpachi|move: Protect
|
|-heal|p2b: Kenpachi|38/100|[from] item: Leftovers
|-ability|p1b: Smeargle|Moody|boost
|-boost|p1b: Smeargle|spe|2
|-unboost|p1b: Smeargle|atk|1
|upkeep
|turn|5
|
|t:|1757023768
|move|p1b: Smeargle|Ruination|p2b: Kenpachi
|-damage|p2b: Kenpachi|19/100
|move|p1a: Gholdengo|Shadow Ball|p2b: Kenpachi
|-damage|p2b: Kenpachi|2/100
|move|p2b: Kenpachi|Earthquake|p1b: Smeargle|[spread] p1a,p1b
|-miss|p2b: Kenpachi|p2a: Orihime
|-supereffective|p1a: Gholdengo
|-damage|p1a: Gholdengo|28/100
|-damage|p1b: Smeargle|0 fnt
|faint|p1b: Smeargle
|
|-heal|p2b: Kenpachi|8/100|[from] item: Leftovers
|upkeep
|
|t:|1757023776
|switch|p1b: Incineroar|Incineroar, L50, F|100/100
|-ability|p1b: Incineroar|Intimidate|boost
|-unboost|p2a: Orihime|atk|1
|-unboost|p2b: Kenpachi|atk|1
|turn|6
|
|t:|1757023783
|move|p2b: Kenpachi|Protect|p2b: Kenpachi
|-singleturn|p2b: Kenpachi|Protect
|move|p1b: Incineroar|Fake Out|p2b: Kenpachi
|-activate|p2b: Kenpachi|move: Protect
|move|p1a: Gholdengo|Nasty Plot|p1a: Gholdengo
|-boost|p1a: Gholdengo|spa|2
|
|-heal|p2b: Kenpachi|14/100|[from] item: Leftovers
|upkeep
|turn|7
|
|t:|1757023797
|move|p1a: Gholdengo|Shadow Ball|p2b: Kenpachi
|-damage|p2b: Kenpachi|0 fnt
|faint|p2b: Kenpachi
|move|p1b: Incineroar|Knock Off|p2a: Orihime
|-damage|p2a: Orihime|25/100
|-enditem|p2a: Orihime|Focus Sash|[from] move: Knock Off|[of] p1b: Incineroar
|
|upkeep
|
|t:|1757023806
|switch|p2b: Ichigo|Gholdengo, L50|100/100
|turn|8
|inactive|vikaenjoyer has 30 seconds left.
|inactive|Nutchup has 30 seconds left.
|
|t:|1757023836
|-terastallize|p2b: Ichigo|Fairy
|move|p1a: Gholdengo|Protect|p1a: Gholdengo
|-singleturn|p1a: Gholdengo|Protect
|move|p2b: Ichigo|Dazzling Gleam|p1a: Gholdengo|[spread] p1b
|-activate|p1a: Gholdengo|move: Protect
|-damage|p1b: Incineroar|66/100
|move|p2a: Orihime|Muddy Water|p1b: Incineroar|[spread] p1b
|-activate|p1a: Gholdengo|move: Protect
|-supereffective|p1b: Incineroar
|-damage|p1b: Incineroar|3/100
|move|p1b: Incineroar|Knock Off|p2b: Ichigo
|-resisted|p2b: Ichigo
|-damage|p2b: Ichigo|75/100
|-enditem|p2b: Ichigo|Choice Scarf|[from] move: Knock Off|[of] p1b: Incineroar
|
|upkeep
|turn|9
|inactive|Nutchup has 30 seconds left.
|
|t:|1757023863
|move|p2a: Orihime|Muddy Water|p1b: Incineroar|[spread] p1a,p1b
|-supereffective|p1b: Incineroar
|-damage|p1a: Gholdengo|0 fnt
|-damage|p1b: Incineroar|0 fnt
|faint|p1a: Gholdengo
|faint|p1b: Incineroar
|move|p2b: Ichigo|Dazzling Gleam|p1: Gholdengo|[notarget]
|-fail|p2b: Ichigo
|
|upkeep
|
|t:|1757023866
|switch|p1b: Garchomp|Garchomp, L50, M|100/100
|turn|10
|inactive|Nutchup has 30 seconds left.
|
|t:|1757023895
|-terastallize|p1b: Garchomp|Ground
|move|p1b: Garchomp|Earthquake|p2b: Ichigo|[spread] p2a,p2b
|-damage|p2a: Orihime|0 fnt
|-damage|p2b: Ichigo|17/100
|faint|p2a: Orihime
|move|p2b: Ichigo|Dazzling Gleam|p1b: Garchomp
|-damage|p1b: Garchomp|50/100
|
|upkeep
|
|t:|1757023902
|switch|p2a: Matsumoto|Glimmora, L50, F|100/100
|turn|11
|
|t:|1757023915
|move|p2a: Matsumoto|Spiky Shield|p2a: Matsumoto
|-singleturn|p2a: Matsumoto|move: Protect
|move|p1b: Garchomp|Earthquake|p2a: Matsumoto|[spread] p2b
|-activate|p2a: Matsumoto|move: Protect
|-damage|p2b: Ichigo|0 fnt
|faint|p2b: Ichigo
|
|upkeep
|turn|12
|
|t:|1757023922
|move|p1b: Garchomp|Earthquake|p2a: Matsumoto
|-supereffective|p2a: Matsumoto
|-damage|p2a: Matsumoto|0 fnt
|-activate|p2a: Matsumoto|ability: Toxic Debris
|-sidestart|p1: vikaenjoyer|move: Toxic Spikes
|faint|p2a: Matsumoto
|
|win|vikaenjoyer
||vikaenjoyer is ready for game 2.
||Nutchup is ready for game 2.
|uhtml|next|Next: Game 2 of 3
|l|☆Nutchup
|player|p2|
