|j|☆MommaGart
|j|☆Oriozz
|html|MommaGartOriozz    
|uhtml|bestof|Game 1 of a best-of-3
|t:|1783550591
|gametype|doubles
|player|p1|MommaGart|hilda|1134
|player|p2|Oriozz|2|1146
|gen|9
|tier|[Gen 9 Champions] VGC 2026 Reg M-B (Bo3)
|rated|
|rule|Species Clause: Limit one of each Pokémon
|rule|Item Clause: Limit 1 of each item
|clearpoke
|poke|p1|Sneasler, L50, F|
|poke|p1|Blastoise, L50, F|
|poke|p1|Kingambit, L50, F|
|poke|p1|Incineroar, L50, F|
|poke|p1|Delphox, L50, F, shiny|
|poke|p1|Sinistcha, L50|
|poke|p2|Kingambit, L50, F|
|poke|p2|Floette-Eternal, L50, F|
|poke|p2|Sneasler, L50, M|
|poke|p2|Incineroar, L50, F|
|poke|p2|Garchomp, L50, M|
|poke|p2|Sinistcha, L50|
|teampreview|4
|showteam|p1|Sneasler||FocusSash|PoisonTouch|PoisonJab,CloseCombat,FakeOut,QuickGuard|Jolly||F|||50|]Blastoise||Blastoisinite|RainDish|DarkPulse,WaterSpout,ShellSmash,Protect|Modest||F|||50|]Kingambit||BlackGlasses|Defiant|KowtowCleave,SuckerPunch,SwordsDance,Protect|Adamant||F|||50|]Incineroar||SitrusBerry|Intimidate|FlareBlitz,HelpingHand,PartingShot,FakeOut|Careful||F|||50|]Delphox||Delphoxite|Blaze|HeatWave,NastyPlot,Psyshock,Protect|Modest||F|||50|]Sinistcha||KasibBerry|Hospitality|MatchaGotcha,RagePowder,TrickRoom,Protect|Bold|||||50|
|showteam|p2|Kingambit||ChopleBerry|Defiant|KowtowCleave,Protect,SuckerPunch,IronHead|Adamant||F|||50|]Floette-Eternal||Floettite|FlowerVeil|DazzlingGleam,DrainingKiss,Protect,CalmMind|Bold||F|||50|]Sneasler||FocusSash|Unburden|FakeOut,DireClaw,CloseCombat,Coaching|Jolly||M|||50|]Incineroar||Leftovers|Intimidate|FakeOut,FlareBlitz,PartingShot,HelpingHand|Careful||F|||50|]Garchomp||Garchompite|RoughSkin|Earthquake,StompingTantrum,RockSlide,Protect|Adamant||M|||50|]Sinistcha||SitrusBerry|Hospitality|Protect,MatchaGotcha,TrickRoom,RagePowder|Bold|||||50|
|inactive|Battle timer is ON: inactive players will automatically lose when time's up. (requested by Oriozz)
|inactive|MommaGart has 60 seconds left.
|inactive|Oriozz has 60 seconds left.
|inactive|MommaGart has 30 seconds left.
|inactive|Oriozz has 30 seconds left.
|inactive|MommaGart has 20 seconds left.
|inactive|MommaGart has 15 seconds left.
|
|t:|1783550670
|teamsize|p1|4
|teamsize|p2|4
|start
|switch|p1a: Superiority|Sneasler, L50, F|100/100
|switch|p1b: Reseda|Delphox, L50, F, shiny|100/100
|switch|p2a: Garchomp|Garchomp, L50, M|100/100
|switch|p2b: Sneasler|Sneasler, L50, M|100/100
|turn|1
|inactive|Oriozz has 30 seconds left.
|inactive|MommaGart has 30 seconds left.
|inactive|Oriozz has 20 seconds left.
|inactive|Oriozz has 15 seconds left.
|
|t:|1783550712
|switch|p2b: Incineroar|Incineroar, L50, F|100/100
|-ability|p2b: Incineroar|Intimidate|boost
|-unboost|p1a: Superiority|atk|1
|-unboost|p1b: Reseda|atk|1
|switch|p1a: Caffeine|Sinistcha, L50|100/100
|detailschange|p1b: Reseda|Delphox-Mega, L50, F, shiny
|-mega|p1b: Reseda|Delphox|Delphoxite
|detailschange|p2a: Garchomp|Garchomp-Mega, L50, M
|-mega|p2a: Garchomp|Garchomp|Garchompite
|move|p1b: Reseda|Protect|p1b: Reseda
|-singleturn|p1b: Reseda|Protect
|move|p2a: Garchomp|Stomping Tantrum|p1a: Caffeine
|-resisted|p1a: Caffeine|1
|-damage|p1a: Caffeine|79/100
|
|upkeep
|turn|2
|inactive|MommaGart has 30 seconds left.
|inactive|MommaGart has 20 seconds left.
|inactive|MommaGart has 15 seconds left.
|inactive|MommaGart has 10 seconds left.
|
|t:|1783550759
|move|p2b: Incineroar|Fake Out|p1b: Reseda
|-damage|p1b: Reseda|86/100
|move|p1a: Caffeine|Rage Powder|p1a: Caffeine
|-singleturn|p1a: Caffeine|move: Rage Powder
|cant|p1b: Reseda|flinch
|move|p2a: Garchomp|Rock Slide|p1a: Caffeine|[spread] p1a,p1b
|-supereffective|p1b: Reseda|1
|-damage|p1a: Caffeine|57/100
|-damage|p1b: Reseda|20/100y
|
|upkeep
|turn|3
|
|t:|1783550783
|switch|p1a: Hype|Incineroar, L50, F|100/100
|-ability|p1a: Hype|Intimidate|boost
|-unboost|p2a: Garchomp|atk|1
|-unboost|p2b: Incineroar|atk|1
|move|p1b: Reseda|Protect|p1b: Reseda
|-singleturn|p1b: Reseda|Protect
|move|p2a: Garchomp|Rock Slide|p1a: Hype|[spread] 
|-activate|p1b: Reseda|move: Protect
|-miss|p2a: Garchomp|p1a: Hype
|move|p2b: Incineroar|Flare Blitz|p1a: Hype
|-resisted|p1a: Hype|1
|-damage|p1a: Hype|86/100
|-damage|p2b: Incineroar|95/100|[from] Recoil
|
|-heal|p2b: Incineroar|100/100|[from] item: Leftovers
|upkeep
|turn|4
|inactive|MommaGart has 30 seconds left.
|inactive|Oriozz has 30 seconds left.
|
|t:|1783550817
|switch|p1a: Caffeine|Sinistcha, L50|57/100
|-heal|p1b: Reseda|45/100|[from] ability: Hospitality|[of] p1a: Caffeine
|switch|p2b: Sneasler|Sneasler, L50, M|100/100
|move|p2a: Garchomp|Protect|p2a: Garchomp
|-singleturn|p2a: Garchomp|Protect
|move|p1b: Reseda|Nasty Plot|p1b: Reseda
|-boost|p1b: Reseda|spa|2
|
|upkeep
|turn|5
|
|t:|1783550834
|switch|p1a: Hype|Incineroar, L50, F|86/100
|-ability|p1a: Hype|Intimidate|boost
|-unboost|p2a: Garchomp|atk|1
|-unboost|p2b: Sneasler|atk|1
|move|p1b: Reseda|Protect|p1b: Reseda
|-singleturn|p1b: Reseda|Protect
|move|p2b: Sneasler|Fake Out|p1b: Reseda
|-activate|p1b: Reseda|move: Protect
|move|p2a: Garchomp|Rock Slide|p1a: Hype|[spread] p1a
|-activate|p1b: Reseda|move: Protect
|-supereffective|p1a: Hype|1
|-damage|p1a: Hype|61/100
|
|upkeep
|turn|6
|inactive|Oriozz has 30 seconds left.
|inactive|Oriozz has 20 seconds left.
|inactive|Oriozz has 15 seconds left.
|inactive|Oriozz has 10 seconds left.
|
|t:|1783550881
|switch|p2a: Incineroar|Incineroar, L50, F|100/100
|-ability|p2a: Incineroar|Intimidate|boost
|-unboost|p1a: Hype|atk|1
|-unboost|p1b: Reseda|atk|1
|switch|p1a: Caffeine|Sinistcha, L50|57/100
|-heal|p1b: Reseda|70/100|[from] ability: Hospitality|[of] p1a: Caffeine
|move|p2b: Sneasler|Coaching|p2a: Incineroar
|-boost|p2a: Incineroar|atk|1
|-boost|p2a: Incineroar|def|1
|move|p1b: Reseda|Nasty Plot|p1b: Reseda
|-boost|p1b: Reseda|spa|2
|
|upkeep
|turn|7
|
|t:|1783550901
|move|p1b: Reseda|Protect|p1b: Reseda
|-singleturn|p1b: Reseda|Protect
|move|p1a: Caffeine|Protect|p1a: Caffeine
|-singleturn|p1a: Caffeine|Protect
|move|p2a: Incineroar|Fake Out|p1b: Reseda
|-activate|p1b: Reseda|move: Protect
|move|p2b: Sneasler|Close Combat|p1a: Caffeine
|-activate|p1a: Caffeine|move: Protect
|
|upkeep
|turn|8
|inactive|Oriozz has 30 seconds left.
|inactive|MommaGart has 30 seconds left.
|
|t:|1783550935
|switch|p2b: Kingambit|Kingambit, L50, F|100/100
|switch|p1a: Hype|Incineroar, L50, F|61/100
|-ability|p1a: Hype|Intimidate|boost
|-unboost|p2a: Incineroar|atk|1
|-unboost|p2b: Kingambit|atk|1
|-ability|p2b: Kingambit|Defiant|boost
|-boost|p2b: Kingambit|atk|2
|move|p1b: Reseda|Heat Wave|p2a: Incineroar|[spread] p2a,p2b
|-resisted|p2a: Incineroar|1
|-supereffective|p2b: Kingambit|1
|-damage|p2a: Incineroar|55/100
|-damage|p2b: Kingambit|0 fnt
|faint|p2b: Kingambit
|move|p2a: Incineroar|Flare Blitz|p1a: Hype
|-resisted|p1a: Hype|1
|-damage|p1a: Hype|38/100
|-enditem|p1a: Hype|Sitrus Berry|[eat]
|-heal|p1a: Hype|63/100|[from] item: Sitrus Berry
|-damage|p2a: Incineroar|48/100|[from] Recoil
|
|-heal|p2a: Incineroar|53/100|[from] item: Leftovers
|upkeep
|
|t:|1783550953
|switch|p2b: Sneasler|Sneasler, L50, M|100/100
|turn|9
|
|t:|1783550965
|switch|p1a: Caffeine|Sinistcha, L50|57/100
|-heal|p1b: Reseda|95/100|[from] ability: Hospitality|[of] p1a: Caffeine
|move|p1b: Reseda|Protect|p1b: Reseda
|-singleturn|p1b: Reseda|Protect
|move|p2b: Sneasler|Close Combat|p1a: Caffeine
|-immune|p1a: Caffeine
|move|p2a: Incineroar|Flare Blitz|p1a: Caffeine
|-supereffective|p1a: Caffeine|1
|-damage|p1a: Caffeine|0 fnt
|faint|p1a: Caffeine
|-damage|p2a: Incineroar|37/100|[from] Recoil
|
|-heal|p2a: Incineroar|43/100|[from] item: Leftovers
|upkeep
|inactive|MommaGart has 30 seconds left.
|inactive|MommaGart has 20 seconds left.
|
|t:|1783551000
|switch|p1a: Superiority|Sneasler, L50, F|100/100
|turn|10
|inactive|Oriozz has 30 seconds left.
|
|t:|1783551028
|move|p1a: Superiority|Fake Out|p2b: Sneasler
|-damage|p2b: Sneasler|73/100
|cant|p2b: Sneasler|flinch
|move|p1b: Reseda|Heat Wave|p2b: Sneasler|[spread] p2a,p2b
|-resisted|p2a: Incineroar|1
|-damage|p2a: Incineroar|0 fnt
|-damage|p2b: Sneasler|0 fnt
|faint|p2a: Incineroar
|faint|p2b: Sneasler
|
|upkeep
|
|t:|1783551038
|switch|p2a: Garchomp|Garchomp-Mega, L50, M|100/100
|turn|11
|
|t:|1783551046
|move|p1a: Superiority|Close Combat|p2a: Garchomp
|-damage|p2a: Garchomp|45/100
|-unboost|p1a: Superiority|def|1
|-unboost|p1a: Superiority|spd|1
|move|p1b: Reseda|Psyshock|p2a: Garchomp
|-crit|p2a: Garchomp
|-damage|p2a: Garchomp|0 fnt
|faint|p2a: Garchomp
|
|win|MommaGart
||Oriozz is ready for game 2.
||MommaGart is ready for game 2.
|uhtml|next|Next: Game 2 of 3
