|j|☆IronStandsEternal
|j|☆Rodrigo21amz
|html|IronStandsEternalRodrigo21amz    
|uhtml|bestof|Game 1 of a best-of-3
|t:|1757041173
|gametype|doubles
|player|p1|IronStandsEternal|flint|1128
|player|p2|Rodrigo21amz|volkner|1213
|gen|9
|tier|[Gen 9] VGC 2025 Reg H (Bo3)
|rated|
|rule|Species Clause: Limit one of each Pokémon
|rule|Item Clause: Limit 1 of each item
|clearpoke
|poke|p1|Rillaboom, L50, M|
|poke|p1|Dragonite, L50, M|
|poke|p1|Sneasler, L50, M|
|poke|p1|Ninetales-Alola, L50, F|
|poke|p1|Kingambit, L50, M|
|poke|p1|Volcarona, L50, M|
|poke|p2|Ursaluna-Bloodmoon, L50, M|
|poke|p2|Electabuzz, L50, F|
|poke|p2|Sneasler, L50, M|
|poke|p2|Dragonite, L50, M|
|poke|p2|Rillaboom, L50, F|
|poke|p2|Volcarona, L50, M|
|teampreview|4
|showteam|p1|Rillaboom||AssaultVest|GrassySurge|WoodHammer,GrassyGlide,HighHorsepower,FakeOut|||M|||50|,,,,,Fire]Dragonite||LoadedDice|Multiscale|Protect,ScaleShot,LowKick,Haze|||M|||50|,,,,,Fairy]Sneasler||WhiteHerb|Unburden|Protect,DireClaw,CloseCombat,Coaching|||M|||50|,,,,,Ghost]Ninetales-Alola||ChoiceSpecs|SnowWarning|Blizzard,IcyWind,Moonblast,FreezeDry|||F|||50|,,,,,Ghost]Kingambit||SafetyGoggles|Defiant|Protect,KowtowCleave,SuckerPunch,SwordsDance|||M|||50|,,,,,Dark]Volcarona||CovertCloak|FlameBody|StruggleBug,RagePowder,Overheat,WillOWisp|||M|||50|,,,,,Fairy
|showteam|p2|Ursaluna-Bloodmoon||LifeOrb|MindsEye|BloodMoon,HyperVoice,EarthPower,Protect|||M|||50|,,,,,Normal]Electabuzz||Eviolite|VitalSpirit|FollowMe,Electroweb,Taunt,Protect|||F|||50|,,,,,Fairy]Sneasler||FocusSash|PoisonTouch|FakeOut,DireClaw,CloseCombat,Protect|||M|||50|,,,,,Stellar]Dragonite||LoadedDice|Multiscale|Haze,ScaleShot,Protect,ExtremeSpeed|||M|||50|,,,,,Steel]Rillaboom||AssaultVest|GrassySurge|WoodHammer,FakeOut,GrassyGlide,HighHorsepower|||F|||50|,,,,,Fire]Volcarona||Leftovers|FlameBody|QuiverDance,Protect,TeraBlast,HeatWave|||M|||50|,,,,,Fairy
|l|☆Rodrigo21amz
|player|p2|
|j|☆Rodrigo21amz
|player|p2|Rodrigo21amz|volkner|
|
|t:|1757041257
|teamsize|p1|4
|teamsize|p2|4
|start
|switch|p1a: Dragonite|Dragonite, L50, M|100/100
|switch|p1b: Sneasler|Sneasler, L50, M|100/100
|switch|p2a: Ursaluna|Ursaluna-Bloodmoon, L50, M|100/100
|switch|p2b: Electabuzz|Electabuzz, L50, F|100/100
|turn|1
|
|t:|1757041284
|-terastallize|p2b: Electabuzz|Fairy
|move|p1b: Sneasler|Close Combat|p2b: Electabuzz
|-resisted|p2b: Electabuzz
|-damage|p2b: Electabuzz|74/100
|-unboost|p1b: Sneasler|def|1
|-unboost|p1b: Sneasler|spd|1
|-enditem|p1b: Sneasler|White Herb
|-clearnegativeboost|p1b: Sneasler|[silent]
|move|p2b: Electabuzz|Electroweb|p1b: Sneasler|[spread] p1a,p1b
|-crit|p1b: Sneasler
|-damage|p1a: Dragonite|93/100
|-damage|p1b: Sneasler|74/100
|-unboost|p1a: Dragonite|spe|1
|-unboost|p1b: Sneasler|spe|1
|move|p2a: Ursaluna|Blood Moon|p1a: Dragonite
|-damage|p1a: Dragonite|0 fnt
|faint|p1a: Dragonite
|-damage|p2a: Ursaluna|91/100|[from] item: Life Orb
|
|upkeep
|
|t:|1757041298
|switch|p1a: Volcarona|Volcarona, L50, M|100/100
|turn|2
|
|t:|1757041355
|move|p2b: Electabuzz|Follow Me|p2b: Electabuzz
|-singleturn|p2b: Electabuzz|move: Follow Me
|move|p1b: Sneasler|Dire Claw|p2b: Electabuzz
|-supereffective|p2b: Electabuzz
|-damage|p2b: Electabuzz|3/100
|move|p1a: Volcarona|Struggle Bug|p2a: Ursaluna|[spread] p2a,p2b
|-resisted|p2b: Electabuzz
|-damage|p2a: Ursaluna|68/100
|-damage|p2b: Electabuzz|0 fnt
|-unboost|p2a: Ursaluna|spa|1
|faint|p2b: Electabuzz
|move|p2a: Ursaluna|Hyper Voice|p1b: Sneasler|[spread] p1a,p1b
|-damage|p1a: Volcarona|70/100
|-damage|p1b: Sneasler|31/100
|-damage|p2a: Ursaluna|59/100|[from] item: Life Orb
|
|upkeep
|
|t:|1757041377
|switch|p2b: Sneasler|Sneasler, L50, M|100/100
|turn|3
|
|t:|1757041398
|move|p1b: Sneasler|Protect|p1b: Sneasler
|-singleturn|p1b: Sneasler|Protect
|move|p2b: Sneasler|Fake Out|p1b: Sneasler
|-activate|p1b: Sneasler|move: Protect
|move|p1a: Volcarona|Struggle Bug|p2a: Ursaluna|[spread] p2a,p2b
|-resisted|p2b: Sneasler
|-damage|p2a: Ursaluna|38/100
|-damage|p2b: Sneasler|95/100
|-unboost|p2a: Ursaluna|spa|1
|-unboost|p2b: Sneasler|spa|1
|move|p2a: Ursaluna|Hyper Voice|p1b: Sneasler|[spread] p1a
|-activate|p1b: Sneasler|move: Protect
|-damage|p1a: Volcarona|47/100
|-damage|p2a: Ursaluna|29/100|[from] item: Life Orb
|
|upkeep
|turn|4
|
|t:|1757041426
|switch|p2a: Volcarona|Volcarona, L50, M|100/100
|move|p1a: Volcarona|Rage Powder|p1a: Volcarona
|-singleturn|p1a: Volcarona|move: Rage Powder
|move|p1b: Sneasler|Close Combat|p2a: Volcarona
|-resisted|p2a: Volcarona
|-damage|p2a: Volcarona|65/100
|-unboost|p1b: Sneasler|def|1
|-unboost|p1b: Sneasler|spd|1
|-status|p1b: Sneasler|brn|[from] ability: Flame Body|[of] p2a: Volcarona
|move|p2b: Sneasler|Dire Claw|p1a: Volcarona
|-damage|p1a: Volcarona|0 fnt
|faint|p1a: Volcarona
|
|-heal|p2a: Volcarona|72/100|[from] item: Leftovers
|-damage|p1b: Sneasler|25/100 brn|[from] brn
|upkeep
|
|t:|1757041441
|switch|p1a: Kingambit|Kingambit, L50, M|100/100
|turn|5
|
|t:|1757041479
|switch|p2b: Ursaluna|Ursaluna-Bloodmoon, L50, M|29/100
|-terastallize|p1a: Kingambit|Dark
|move|p1b: Sneasler|Dire Claw|p2b: Ursaluna
|-resisted|p2b: Ursaluna
|-damage|p2b: Ursaluna|21/100
|move|p2a: Volcarona|Heat Wave|p1b: Sneasler|[spread] p1a,p1b
|-damage|p1a: Kingambit|67/100
|-damage|p1b: Sneasler|0 fnt
|faint|p1b: Sneasler
|move|p1a: Kingambit|Swords Dance|p1a: Kingambit
|-boost|p1a: Kingambit|atk|2
|
|-heal|p2a: Volcarona|78/100|[from] item: Leftovers
|upkeep
|turn|6
|
|t:|1757041508
|move|p1a: Kingambit|Protect|p1a: Kingambit
|-singleturn|p1a: Kingambit|Protect
|move|p2a: Volcarona|Quiver Dance|p2a: Volcarona
|-boost|p2a: Volcarona|spa|1
|-boost|p2a: Volcarona|spd|1
|-boost|p2a: Volcarona|spe|1
|move|p2b: Ursaluna|Blood Moon|p1a: Kingambit
|-activate|p1a: Kingambit|move: Protect
|
|-heal|p2a: Volcarona|84/100|[from] item: Leftovers
|upkeep
|turn|7
|
|t:|1757041524
|move|p1a: Kingambit|Sucker Punch|p2b: Ursaluna
|-damage|p2b: Ursaluna|0 fnt
|faint|p2b: Ursaluna
|move|p2a: Volcarona|Heat Wave|p1a: Kingambit
|-damage|p1a: Kingambit|5/100
|
|-heal|p2a: Volcarona|90/100|[from] item: Leftovers
|upkeep
|
|t:|1757041530
|switch|p2b: Sneasler|Sneasler, L50, M|95/100
|turn|8
|
|t:|1757041536
|move|p1a: Kingambit|Protect|p1a: Kingambit
|-singleturn|p1a: Kingambit|Protect
|move|p2b: Sneasler|Fake Out|p1a: Kingambit
|-activate|p1a: Kingambit|move: Protect
|move|p2a: Volcarona|Tera Blast|p1a: Kingambit
|-activate|p1a: Kingambit|move: Protect
|
|-heal|p2a: Volcarona|97/100|[from] item: Leftovers
|upkeep
|turn|9
|
|t:|1757041543
|move|p1a: Kingambit|Sucker Punch|p2a: Volcarona
|-damage|p2a: Volcarona|0 fnt
|-status|p1a: Kingambit|brn|[from] ability: Flame Body|[of] p2a: Volcarona
|faint|p2a: Volcarona
|move|p2b: Sneasler|Close Combat|p1a: Kingambit
|-supereffective|p1a: Kingambit
|-damage|p1a: Kingambit|0 fnt
|-unboost|p2b: Sneasler|def|1
|-unboost|p2b: Sneasler|spd|1
|faint|p1a: Kingambit
|
|win|Rodrigo21amz
||Rodrigo21amz is ready for game 2.
||IronStandsEternal is ready for game 2.
|uhtml|next|Next: Game 2 of 3
