|j|☆cm3112
|j|☆LeCehlou
|html|cm3112LeCehlou    
|uhtml|bestof|Game 1 of a best-of-3
|t:|1757667392
|gametype|doubles
|player|p1|cm3112|169|1363
|player|p2|LeCehlou|rocker-gen3|1551
|gen|9
|tier|[Gen 9] VGC 2025 Reg H (Bo3)
|rated|
|rule|Species Clause: Limit one of each Pokémon
|rule|Item Clause: Limit 1 of each item
|clearpoke
|poke|p1|Archaludon, L50, M|
|poke|p1|Maushold-Four, L50|
|poke|p1|Pelipper, L50, F|
|poke|p1|Amoonguss, L50, F|
|poke|p1|Basculegion, L50, M|
|poke|p1|Incineroar, L50, F|
|poke|p2|Whimsicott, L50, F|
|poke|p2|Ursaluna-Bloodmoon, L50, M|
|poke|p2|Archaludon, L50, F|
|poke|p2|Typhlosion-Hisui, L50, M|
|poke|p2|Indeedee-F, L50, F|
|poke|p2|Gallade, L50, M|
|teampreview|4
|showteam|p1|Archaludon||AssaultVest|Stamina|FlashCannon,ElectroShot,DracoMeteor,BodyPress|||M|||50|,,,,,Fairy]Maushold-Four||WideLens|Technician|PopulationBomb,BeatUp,FollowMe,Protect||||||50|,,,,,Ghost]Pelipper||FocusSash|Drizzle|MuddyWater,Hurricane,WideGuard,Protect|||F|||50|,,,,,Grass]Amoonguss||CovertCloak|Regenerator|Spore,RagePowder,PollenPuff,ClearSmog|||F|||50|,,,,,Dark]Basculegion||ChoiceBand|SwiftSwim|WaveCrash,FlipTurn,AquaJet,LastRespects|||M|||50|,,,,,Grass]Incineroar||SafetyGoggles|Intimidate|FakeOut,PartingShot,KnockOff,WillOWisp|||F|||50|,,,,,Bug
|showteam|p2|Whimsicott||CovertCloak|Prankster|Tailwind,Moonblast,Encore,SunnyDay|||F|||50|,,,,,Steel]Ursaluna-Bloodmoon||LifeOrb|MindsEye|EarthPower,BloodMoon,HyperVoice,Protect|||M|||50|,,,,,Normal]Archaludon||PowerHerb|Sturdy|ElectroShot,FlashCannon,Protect,DracoMeteor|||F|||50|,,,,,Stellar]Typhlosion-Hisui||ChoiceSpecs|Blaze|Eruption,HeatWave,ShadowBall,Overheat|||M|||50|,,,,,Fire]Indeedee-F||SafetyGoggles|PsychicSurge|TrickRoom,FollowMe,Imprison,Psychic|||F|||50|,,,,,Fairy]Gallade||ClearAmulet|Sharpness|TrickRoom,PsychoCut,SacredSword,WideGuard|||M|||50|,,,,,Grass
|c|☆LeCehlou|hf
|
|t:|1757667431
|teamsize|p1|4
|teamsize|p2|4
|start
|switch|p1a: Basculegion|Basculegion, L50, M|100/100
|switch|p1b: Pelipper|Pelipper, L50, F|100/100
|switch|p2a: Whimsicott|Whimsicott, L50, F|100/100
|switch|p2b: Ursaluna|Ursaluna-Bloodmoon, L50, M|100/100
|-weather|RainDance|[from] ability: Drizzle|[of] p1b: Pelipper
|turn|1
|inactive|Battle timer is ON: inactive players will automatically lose when time's up. (requested by cm3112)
|
|t:|1757667442
|-terastallize|p2b: Ursaluna|Normal
|move|p2a: Whimsicott|Sunny Day|p2a: Whimsicott
|-weather|SunnyDay
|move|p1a: Basculegion|Flip Turn|p2a: Whimsicott
|-resisted|p2a: Whimsicott
|-damage|p2a: Whimsicott|87/100
|
|t:|1757667448
|switch|p1a: Archaludon|Archaludon, L50, M|100/100|[from] Flip Turn
|move|p1b: Pelipper|Muddy Water|p2b: Ursaluna|[spread] p2a,p2b
|-resisted|p2a: Whimsicott
|-damage|p2a: Whimsicott|80/100
|-damage|p2b: Ursaluna|81/100
|move|p2b: Ursaluna|Hyper Voice|p1b: Pelipper|[spread] p1a,p1b
|-resisted|p1a: Archaludon
|-damage|p1a: Archaludon|77/100
|-enditem|p1b: Pelipper|Focus Sash
|-damage|p1b: Pelipper|1/100
|-ability|p1a: Archaludon|Stamina|boost
|-boost|p1a: Archaludon|def|1
|-damage|p2b: Ursaluna|71/100|[from] item: Life Orb
|
|-weather|SunnyDay|[upkeep]
|upkeep
|turn|2
|
|t:|1757667471
|switch|p1b: Maushold|Maushold-Four, L50|100/100
|move|p2a: Whimsicott|Moonblast|p1b: Maushold
|-damage|p1b: Maushold|62/100
|move|p1a: Archaludon|Flash Cannon|p2a: Whimsicott
|-supereffective|p2a: Whimsicott
|-damage|p2a: Whimsicott|0 fnt
|faint|p2a: Whimsicott
|move|p2b: Ursaluna|Earth Power|p1a: Archaludon
|-supereffective|p1a: Archaludon
|-damage|p1a: Archaludon|0 fnt
|faint|p1a: Archaludon
|-damage|p2b: Ursaluna|62/100|[from] item: Life Orb
|
|-weather|SunnyDay|[upkeep]
|upkeep
|
|t:|1757667486
|switch|p2a: Indeedee|Indeedee-F, L50, F|100/100
|switch|p1a: Basculegion|Basculegion, L50, M|100/100
|-fieldstart|move: Psychic Terrain|[from] ability: Psychic Surge|[of] p2a: Indeedee
|turn|3
|
|t:|1757667502
|move|p2a: Indeedee|Follow Me|p2a: Indeedee
|-singleturn|p2a: Indeedee|move: Follow Me
|move|p1b: Maushold|Population Bomb|p2a: Indeedee
|-damage|p2a: Indeedee|89/100
|-crit|p2a: Indeedee
|-damage|p2a: Indeedee|73/100
|-damage|p2a: Indeedee|63/100
|-damage|p2a: Indeedee|51/100
|-damage|p2a: Indeedee|39/100
|-damage|p2a: Indeedee|28/100
|-damage|p2a: Indeedee|16/100
|-damage|p2a: Indeedee|6/100
|-crit|p2a: Indeedee
|-damage|p2a: Indeedee|0 fnt
|faint|p2a: Indeedee
|-hitcount|p2: Indeedee|9
|move|p1a: Basculegion|Flip Turn|p2b: Ursaluna
|-damage|p2b: Ursaluna|44/100
|
|t:|1757667523
|switch|p1a: Pelipper|Pelipper, L50, F|1/100|[from] Flip Turn
|-weather|RainDance|[from] ability: Drizzle|[of] p1a: Pelipper
|move|p2b: Ursaluna|Blood Moon|p1b: Maushold
|-damage|p1b: Maushold|0 fnt
|faint|p1b: Maushold
|-damage|p2b: Ursaluna|34/100|[from] item: Life Orb
|
|-weather|RainDance|[upkeep]
|upkeep
|
|t:|1757667532
|switch|p1b: Basculegion|Basculegion, L50, M|100/100
|switch|p2a: Archaludon|Archaludon, L50, F|100/100
|turn|4
|
|t:|1757667555
|-terastallize|p1b: Basculegion|Grass
|move|p2b: Ursaluna|Protect|p2b: Ursaluna
|-singleturn|p2b: Ursaluna|Protect
|move|p1b: Basculegion|Wave Crash|p2a: Archaludon
|-resisted|p2a: Archaludon
|-damage|p2a: Archaludon|44/100
|-damage|p1b: Basculegion|85/100|[from] Recoil
|move|p2a: Archaludon|Electro Shot||[still]
|-prepare|p2a: Archaludon|Electro Shot
|-boost|p2a: Archaludon|spa|1
|-anim|p2a: Archaludon|Electro Shot|p1a: Pelipper
|-supereffective|p1a: Pelipper
|-damage|p1a: Pelipper|0 fnt
|faint|p1a: Pelipper
|
|-weather|RainDance|[upkeep]
|upkeep
|turn|5
|
|t:|1757667571
|move|p1b: Basculegion|Wave Crash|p2b: Ursaluna
|-damage|p2b: Ursaluna|0 fnt
|faint|p2b: Ursaluna
|-damage|p1b: Basculegion|74/100|[from] Recoil
|move|p2a: Archaludon|Draco Meteor|p1b: Basculegion
|-damage|p1b: Basculegion|0 fnt
|-unboost|p2a: Archaludon|spa|2
|faint|p1b: Basculegion
|
|win|LeCehlou
||cm3112 is ready for game 2.
||LeCehlou is ready for game 2.
|uhtml|next|Next: Game 2 of 3
|l|☆cm3112
|player|p1|
