|j|☆DrXJ13
|j|☆Kap2122
|html|DrXJ13Kap2122    
|uhtml|bestof|Game 2 of a best-of-3
|t:|1783266650
|gametype|doubles
|player|p1|DrXJ13|cyrus|1305
|player|p2|Kap2122|hugh|1269
|gen|9
|tier|[Gen 9 Champions] VGC 2026 Reg M-B (Bo3)
|rated|
|rule|Species Clause: Limit one of each Pokémon
|rule|Item Clause: Limit 1 of each item
|clearpoke
|poke|p1|Froslass, L50, F|
|poke|p1|Sneasler, L50, F|
|poke|p1|Kingambit, L50, F|
|poke|p1|Scovillain, L50, F|
|poke|p1|Basculegion, L50, M|
|poke|p1|Lycanroc-Dusk, L50, F|
|poke|p2|Garchomp, L50, F|
|poke|p2|Charizard, L50, F|
|poke|p2|Farigiraf, L50, M|
|poke|p2|Toxapex, L50, F|
|poke|p2|Incineroar, L50, F|
|poke|p2|Whimsicott, L50, M|
|teampreview|4
|showteam|p1|Froslass||Froslassite|CursedBody|Blizzard,ShadowBall,AuroraVeil,Protect|Modest||F|||50|]Sneasler||WhiteHerb|Unburden|FakeOut,CloseCombat,DireClaw,Protect|Jolly||F|||50|]Kingambit||BlackGlasses|Defiant|SwordsDance,SuckerPunch,Protect,KowtowCleave|Adamant||F|||50|]Scovillain||Scovillainite|Moody|Overheat,GigaDrain,RagePowder,Protect|Bold||F|||50|]Basculegion||ChoiceScarf|Adaptability|AquaJet,FlipTurn,WaveCrash,LastRespects|Jolly||M|||50|]Lycanroc-Dusk||FocusSash|ToughClaws|Accelerock,CloseCombat,RockSlide,Protect|Adamant||F|||50|
|showteam|p2|Garchomp||LifeOrb|RoughSkin|DragonClaw,Earthquake,RockSlide,Protect|Jolly||F|||50|]Charizard||CharizarditeY|SolarPower|WeatherBall,HeatWave,SolarBeam,Protect|Timid||F|||50|]Farigiraf||ColburBerry|ArmorTail|PsychicNoise,TrickRoom,HelpingHand,Roar|Calm||M|||50|]Toxapex||Leftovers|Regenerator|Toxic,Infestation,WideGuard,BanefulBunker|Calm||F|||50|]Incineroar||SitrusBerry|Intimidate|FakeOut,PartingShot,ThroatChop,FlareBlitz|Impish||F|||50|]Whimsicott||FocusSash|Prankster|Moonblast,Encore,Tailwind,Protect|Timid||M|||50|
|inactive|Battle timer is ON: inactive players will automatically lose when time's up. (requested by Kap2122)
|inactive|DrXJ13 also wants the timer to be on.
|
|t:|1783266670
|teamsize|p1|4
|teamsize|p2|4
|start
|switch|p1a: Kingambit|Kingambit, L50, F|100/100
|switch|p1b: Basculegion|Basculegion, L50, M|100/100
|switch|p2a: Garchomp|Garchomp, L50, F|100/100
|switch|p2b: Toxapex|Toxapex, L50, F|100/100
|turn|1
|inactive|DrXJ13 has 30 seconds left.
|
|t:|1783266699
|move|p1b: Basculegion|Flip Turn|p2a: Garchomp
|-damage|p2a: Garchomp|64/100
|-damage|p1b: Basculegion|87/100|[from] ability: Rough Skin|[of] p2a: Garchomp
|
|t:|1783266703
|switch|p1b: Froslass|Froslass, L50, F|100/100|[from] Flip Turn
|move|p2a: Garchomp|Dragon Claw|p1b: Froslass
|-damage|p1b: Froslass|29/100
|-damage|p2a: Garchomp|54/100|[from] item: Life Orb
|move|p1a: Kingambit|Kowtow Cleave|p2b: Toxapex
|-damage|p2b: Toxapex|61/100
|move|p2b: Toxapex|Infestation|p1b: Froslass
|-resisted|p1b: Froslass|1
|-damage|p1b: Froslass|26/100
|-activate|p1b: Froslass|move: Infestation|[of] p2b: Toxapex
|
|-heal|p2b: Toxapex|66/100|[from] item: Leftovers
|-damage|p1b: Froslass|14/100|[from] move: Infestation|[partiallytrapped]
|upkeep
|turn|2
|
|t:|1783266722
|detailschange|p1b: Froslass|Froslass-Mega, L50, F
|-mega|p1b: Froslass|Froslass|Froslassite
|-weather|Snowscape|[from] ability: Snow Warning|[of] p1b: Froslass
|move|p2a: Garchomp|Protect|p2a: Garchomp
|-singleturn|p2a: Garchomp|Protect
|move|p1b: Froslass|Blizzard|p2b: Toxapex|[spread] p2b
|-activate|p2a: Garchomp|move: Protect
|-resisted|p2b: Toxapex|1
|-damage|p2b: Toxapex|49/100
|move|p1a: Kingambit|Kowtow Cleave|p2b: Toxapex
|-damage|p2b: Toxapex|12/100
|move|p2b: Toxapex|Infestation|p1a: Kingambit
|-damage|p1a: Kingambit|96/100
|-activate|p1a: Kingambit|move: Infestation|[of] p2b: Toxapex
|
|-weather|Snowscape|[upkeep]
|-heal|p2b: Toxapex|18/100|[from] item: Leftovers
|-damage|p1b: Froslass|2/100|[from] move: Infestation|[partiallytrapped]
|-damage|p1a: Kingambit|84/100|[from] move: Infestation|[partiallytrapped]
|upkeep
|turn|3
|
|t:|1783266741
|move|p2b: Toxapex|Wide Guard|p2b: Toxapex
|-singleturn|p2b: Toxapex|Wide Guard
|move|p1b: Froslass|Blizzard|p2a: Garchomp|[spread] 
|-activate|p2a: Garchomp|move: Wide Guard
|-activate|p2b: Toxapex|move: Wide Guard
|move|p2a: Garchomp|Earthquake|p1b: Froslass|[spread] p1a,p1b
|-activate|p2b: Toxapex|move: Wide Guard
|-supereffective|p1a: Kingambit|1
|-damage|p1a: Kingambit|5/100
|-damage|p1b: Froslass|0 fnt
|faint|p1b: Froslass
|-damage|p2a: Garchomp|44/100|[from] item: Life Orb
|move|p1a: Kingambit|Kowtow Cleave|p2b: Toxapex
|-damage|p2b: Toxapex|0 fnt
|faint|p2b: Toxapex
|
|-weather|Snowscape|[upkeep]
|-end|p1a: Kingambit|Infestation|[partiallytrapped]|[silent]
|upkeep
|
|t:|1783266755
|switch|p1b: Basculegion|Basculegion, L50, M|87/100
|switch|p2b: Charizard|Charizard, L50, F|100/100
|turn|4
|
|t:|1783266764
|switch|p2a: Incineroar|Incineroar, L50, F|100/100
|-ability|p2a: Incineroar|Intimidate|boost
|-unboost|p1a: Kingambit|atk|1
|-ability|p1a: Kingambit|Defiant|boost
|-boost|p1a: Kingambit|atk|2
|-unboost|p1b: Basculegion|atk|1
|detailschange|p2b: Charizard|Charizard-Mega-Y, L50, F
|-mega|p2b: Charizard|Charizard|Charizardite Y
|-weather|SunnyDay|[from] ability: Drought|[of] p2b: Charizard
|move|p2b: Charizard|Protect|p2b: Charizard
|-singleturn|p2b: Charizard|Protect
|move|p1a: Kingambit|Sucker Punch||[still]
|-fail|p1a: Kingambit
|move|p1b: Basculegion|Last Respects|p2b: Charizard
|-activate|p2b: Charizard|move: Protect
|
|-weather|SunnyDay|[upkeep]
|upkeep
|turn|5
|
|t:|1783266785
|switch|p2b: Garchomp|Garchomp, L50, F|44/100
|move|p1a: Kingambit|Protect|p1a: Kingambit
|-singleturn|p1a: Kingambit|Protect
|move|p1b: Basculegion|Last Respects|p2b: Garchomp
|-damage|p2b: Garchomp|7/100
|move|p2a: Incineroar|Throat Chop|p1b: Basculegion
|-supereffective|p1b: Basculegion|1
|-damage|p1b: Basculegion|15/100
|-start|p1b: Basculegion|Throat Chop|[silent]
|
|-weather|SunnyDay|[upkeep]
|upkeep
|turn|6
|
|t:|1783266807
|switch|p1b: Lycanroc|Lycanroc-Dusk, L50, F|100/100
|move|p2b: Garchomp|Protect|p2b: Garchomp
|-singleturn|p2b: Garchomp|Protect
|move|p1a: Kingambit|Sucker Punch||[still]
|-fail|p1a: Kingambit
|move|p2a: Incineroar|Throat Chop|p1b: Lycanroc
|-damage|p1b: Lycanroc|49/100
|-start|p1b: Lycanroc|Throat Chop|[silent]
|
|-weather|SunnyDay|[upkeep]
|upkeep
|turn|7
|
|t:|1783266832
|move|p2b: Garchomp|Protect||[still]
|-fail|p2b: Garchomp
|move|p1a: Kingambit|Sucker Punch||[still]
|-fail|p1a: Kingambit
|move|p1b: Lycanroc|Rock Slide|p2b: Garchomp|[spread] p2a,p2b
|-supereffective|p2a: Incineroar|1
|-resisted|p2b: Garchomp|1
|-damage|p2a: Incineroar|52/100
|-damage|p2b: Garchomp|0 fnt
|faint|p2b: Garchomp
|move|p2a: Incineroar|Parting Shot|p1b: Lycanroc
|-unboost|p1b: Lycanroc|atk|1
|-unboost|p1b: Lycanroc|spa|1
|
|t:|1783266841
|switch|p2a: Charizard|Charizard-Mega-Y, L50, F|100/100|[from] Parting Shot
|
|-weather|SunnyDay|[upkeep]
|-end|p1b: Lycanroc|Throat Chop|[silent]
|upkeep
|
|t:|1783266843
|switch|p2b: Incineroar|Incineroar, L50, F|52/100
|-ability|p2b: Incineroar|Intimidate|boost
|-unboost|p1a: Kingambit|atk|1
|-ability|p1a: Kingambit|Defiant|boost
|-boost|p1a: Kingambit|atk|2
|-unboost|p1b: Lycanroc|atk|1
|turn|8
|
|t:|1783266848
|move|p1b: Lycanroc|Protect|p1b: Lycanroc
|-singleturn|p1b: Lycanroc|Protect
|move|p1a: Kingambit|Protect|p1a: Kingambit
|-singleturn|p1a: Kingambit|Protect
|move|p2b: Incineroar|Fake Out|p1b: Lycanroc
|-activate|p1b: Lycanroc|move: Protect
|move|p2a: Charizard|Heat Wave|p1a: Kingambit|[spread] 
|-activate|p1a: Kingambit|move: Protect
|-activate|p1b: Lycanroc|move: Protect
|
|-weather|none
|upkeep
|turn|9
|-message|Kap2122 forfeited.
|
|win|DrXJ13
