|j|☆Pier (Champion)
|j|☆kirkin07
|html|Pier (Champion)kirkin07    
|uhtml|bestof|Game 1 of a best-of-3
|t:|1782340793
|gametype|doubles
|player|p1|Pier (Champion)|cynthia-gen4|1202
|player|p2|kirkin07|170|1156
|gen|9
|tier|[Gen 9 Champions] VGC 2026 Reg M-B (Bo3)
|rated|
|rule|Species Clause: Limit one of each Pokémon
|rule|Item Clause: Limit 1 of each item
|clearpoke
|poke|p1|Staraptor, L50, F|
|poke|p1|Garchomp, L50, M|
|poke|p1|Gholdengo, L50|
|poke|p1|Whimsicott, L50, M|
|poke|p1|Incineroar, L50, F|
|poke|p1|Toxapex, L50, F|
|poke|p2|Blaziken, L50, F|
|poke|p2|Basculegion, L50, M|
|poke|p2|Hydreigon, L50, F|
|poke|p2|Farigiraf, L50, M|
|poke|p2|Metagross, L50|
|poke|p2|Whimsicott, L50, M|
|teampreview|4
|showteam|p1|Staraptor||Staraptite|Intimidate|DualWingbeat,CloseCombat,Protect,Roost|Jolly||F|||50|]Garchomp||LifeOrb|RoughSkin|DragonClaw,Earthquake,RockSlide,Protect|Jolly||M|||50|]Gholdengo||ChoiceScarf|GoodasGold|MakeItRain,ShadowBall,PowerGem,Trick|Timid|||||50|]Whimsicott||FocusSash|Prankster|Moonblast,Tailwind,Tickle,FakeTears|Bold||M|||50|]Incineroar||SitrusBerry|Intimidate|FlareBlitz,ThroatChop,PartingShot,FakeOut|Careful||F|||50|]Toxapex||Leftovers|Regenerator|Infestation,BanefulBunker,Toxic,WideGuard|Bold||F|||50|
|showteam|p2|Blaziken||Blazikenite|SpeedBoost|FlareBlitz,CloseCombat,Detect,RockSlide|Adamant||F|||50|]Basculegion||LifeOrb|Adaptability|AquaJet,LastRespects,WaveCrash,Protect|Adamant||M|||50|]Hydreigon||ChoiceScarf|Levitate|EarthPower,DracoMeteor,DarkPulse,Snarl|Modest||F|||50|]Farigiraf||SitrusBerry|ArmorTail|Thunderbolt,Psychic,TrickRoom,Roar|Bold||M|||50|]Metagross||Metagrossite|ClearBody|IcePunch,PsychicFangs,Protect,IronHead|Jolly|||||50|]Whimsicott||FocusSash|Prankster|EnergyBall,Moonblast,Tailwind,Protect|Timid||M|||50|
|inactive|Battle timer is ON: inactive players will automatically lose when time's up. (requested by kirkin07)
|inactive|kirkin07 has 60 seconds left.
|inactive|kirkin07 has 30 seconds left.
|inactive|kirkin07 has 20 seconds left.
|inactive|kirkin07 has 15 seconds left.
|inactive|kirkin07 has 10 seconds left.
|
|t:|1782340881
|teamsize|p1|4
|teamsize|p2|4
|start
|switch|p1a: Staraptor|Staraptor, L50, F|100/100
|switch|p1b: Whimsicott|Whimsicott, L50, M|100/100
|switch|p2a: Metagross|Metagross, L50|100/100
|switch|p2b: Whimsicott|Whimsicott, L50, M|100/100
|-ability|p1a: Staraptor|Intimidate|boost
|-fail|p2a: Metagross|unboost|[from] ability: Clear Body|[of] p2a: Metagross
|-unboost|p2b: Whimsicott|atk|1
|turn|1
|
|t:|1782340903
|detailschange|p1a: Staraptor|Staraptor-Mega, L50, F
|-mega|p1a: Staraptor|Staraptor|Staraptite
|detailschange|p2a: Metagross|Metagross-Mega, L50
|-mega|p2a: Metagross|Metagross|Metagrossite
|move|p2b: Whimsicott|Tailwind|p2b: Whimsicott
|-sidestart|p2: kirkin07|move: Tailwind
|move|p1b: Whimsicott|Tailwind|p1b: Whimsicott
|-sidestart|p1: Pier (Champion)|move: Tailwind
|move|p2a: Metagross|Psychic Fangs|p1a: Staraptor
|-supereffective|p1a: Staraptor|1
|-damage|p1a: Staraptor|0 fnt
|faint|p1a: Staraptor
|
|upkeep
|
|t:|1782340914
|switch|p1a: Gholdengo|Gholdengo, L50|100/100
|turn|2
|inactive|kirkin07 has 30 seconds left.
|
|t:|1782340940
|switch|p2b: Hydreigon|Hydreigon, L50, F|100/100
|switch|p2a: Farigiraf|Farigiraf, L50, M|100/100
|move|p1b: Whimsicott|Fake Tears||[still]
|cant|p2a: Farigiraf|ability: Armor Tail|Fake Tears|[of] p1b: Whimsicott
|move|p1a: Gholdengo|Shadow Ball|p2a: Farigiraf
|-immune|p2a: Farigiraf
|
|upkeep
|turn|3
|inactive|kirkin07 has 30 seconds left.
|inactive|kirkin07 has 20 seconds left.
|inactive|kirkin07 has 15 seconds left.
|inactive|kirkin07 has 10 seconds left.
|
|t:|1782340987
|switch|p2b: Metagross|Metagross-Mega, L50|100/100
|switch|p1a: Incineroar|Incineroar, L50, F|100/100
|-ability|p1a: Incineroar|Intimidate|boost
|-unboost|p2a: Farigiraf|atk|1
|-unboost|p2b: Metagross|atk|1
|move|p1b: Whimsicott|Moonblast|p2b: Metagross
|-resisted|p2b: Metagross|1
|-damage|p2b: Metagross|85/100
|move|p2a: Farigiraf|Psychic|p1b: Whimsicott
|-damage|p1b: Whimsicott|65/100
|-unboost|p1b: Whimsicott|spd|1
|
|upkeep
|turn|4
|inactive|Pier (Champion) has 30 seconds left.
|inactive|kirkin07 has 30 seconds left.
|
|t:|1782341019
|switch|p2b: Hydreigon|Hydreigon, L50, F|100/100
|move|p1b: Whimsicott|Moonblast|p2a: Farigiraf
|-damage|p2a: Farigiraf|76/100
|move|p2a: Farigiraf|Psychic|p1b: Whimsicott
|-damage|p1b: Whimsicott|3/100
|move|p1a: Incineroar|Throat Chop|p2a: Farigiraf
|-supereffective|p2a: Farigiraf|1
|-damage|p2a: Farigiraf|29/100
|-start|p2a: Farigiraf|Throat Chop|[silent]
|-enditem|p2a: Farigiraf|Sitrus Berry|[eat]
|-heal|p2a: Farigiraf|54/100|[from] item: Sitrus Berry
|
|-sideend|p1: Pier (Champion)|move: Tailwind
|-sideend|p2: kirkin07|move: Tailwind
|upkeep
|turn|5
|inactive|kirkin07 has 30 seconds left.
|
|t:|1782341048
|switch|p2a: Metagross|Metagross-Mega, L50|85/100
|move|p1b: Whimsicott|Tailwind|p1b: Whimsicott
|-sidestart|p1: Pier (Champion)|move: Tailwind
|move|p2b: Hydreigon|Snarl|p1a: Incineroar|[spread] p1a,p1b
|-resisted|p1a: Incineroar|1
|-resisted|p1b: Whimsicott|1
|-damage|p1a: Incineroar|91/100
|-damage|p1b: Whimsicott|0 fnt
|-unboost|p1a: Incineroar|spa|1
|faint|p1b: Whimsicott
|move|p1a: Incineroar|Parting Shot|p2b: Hydreigon
|-unboost|p2b: Hydreigon|atk|1
|-unboost|p2b: Hydreigon|spa|1
|
|t:|1782341056
|switch|p1a: Gholdengo|Gholdengo, L50|100/100|[from] Parting Shot
|
|upkeep
|
|t:|1782341058
|switch|p1b: Incineroar|Incineroar, L50, F|91/100
|-ability|p1b: Incineroar|Intimidate|boost
|-unboost|p2a: Metagross|atk|1
|-unboost|p2b: Hydreigon|atk|1
|turn|6
|
|t:|1782341079
|move|p2a: Metagross|Protect|p2a: Metagross
|-singleturn|p2a: Metagross|Protect
|move|p1a: Gholdengo|Make It Rain|p2b: Hydreigon|[spread] p2b
|-activate|p2a: Metagross|move: Protect
|-damage|p2b: Hydreigon|41/100
|-unboost|p1a: Gholdengo|spa|2
|move|p2b: Hydreigon|Snarl|p1a: Gholdengo|[spread] p1a,p1b
|-supereffective|p1a: Gholdengo|1
|-resisted|p1b: Incineroar|1
|-damage|p1a: Gholdengo|62/100
|-damage|p1b: Incineroar|85/100
|-unboost|p1a: Gholdengo|spa|1
|-unboost|p1b: Incineroar|spa|1
|move|p1b: Incineroar|Flare Blitz|p2a: Metagross
|-activate|p2a: Metagross|move: Protect
|
|upkeep
|turn|7
|-message|Pier (Champion) forfeited.
|
|win|kirkin07
|l|☆Pier (Champion)
|player|p1|
||Pier (Champion) is ready for game 2.
|inactive|kirkin07 has 30 seconds to confirm battle start!
||kirkin07 is ready for game 2.
|uhtml|next|Next: Game 2 of 3
