|j|☆John1240
|j|☆TPP
|html|John1240TPP    
|uhtml|bestof|Game 1 of a best-of-3
|t:|1783106234
|gametype|doubles
|player|p1|John1240|#stt5noadkokoroyal|
|player|p2|TPP|#scl4shoguns2|
|gen|9
|tier|[Gen 9 Champions] VGC 2026 Reg M-B (Bo3)
|rule|Species Clause: Limit one of each Pokémon
|rule|Item Clause: Limit 1 of each item
|clearpoke
|poke|p1|Sceptile, L50, M|
|poke|p1|Rotom-Heat, L50|
|poke|p1|Aerodactyl, L50, M|
|poke|p1|Garchomp, L50, F|
|poke|p1|Floette-Eternal, L50, F|
|poke|p1|Basculegion, L50, M|
|poke|p2|Charizard, L50, M|
|poke|p2|Garchomp, L50, M, shiny|
|poke|p2|Aerodactyl, L50, M, shiny|
|poke|p2|Kingambit, L50, M, shiny|
|poke|p2|Sylveon, L50, F, shiny|
|poke|p2|Farigiraf, L50, F, shiny|
|teampreview|4
|showteam|p1|Sceptile||Sceptilite|Overgrow|LeafStorm,DragonPulse,EarthPower,Protect|Timid||M|||50|]Rotom-Heat||ChoiceScarf|Levitate|Overheat,Thunderbolt,Discharge,VoltSwitch|Timid|||||50|]Aerodactyl||FocusSash|Unnerve|RockSlide,WideGuard,DualWingbeat,Tailwind|Jolly||M|||50|]Garchomp||LifeOrb|RoughSkin|DragonClaw,Earthquake,RockSlide,Protect|Jolly||F|||50|]Floette-Eternal||Floettite|FlowerVeil|Moonblast,DazzlingGleam,Protect,LightofRuin|Timid||F|||50|]Basculegion||MysticWater|Adaptability|LastRespects,Liquidation,AquaJet,Protect|Adamant||M|||50|
|showteam|p2|Charizard||CharizarditeY|Blaze|Protect,HeatWave,SolarBeam,WeatherBall|Timid||M|||50|]Garchomp||LifeOrb|RoughSkin|Protect,Earthquake,DragonClaw,StompingTantrum|Jolly||M|||50|]Aerodactyl||Aerodactylite|Unnerve|RockSlide,DualWingbeat,IceFang,Tailwind|Jolly||M|||50|]Kingambit||FocusSash|Defiant|LowKick,KowtowCleave,IronHead,SuckerPunch|Adamant||M|||50|]Sylveon||FairyFeather|Pixilate|Protect,HyperVoice,QuickAttack,HyperBeam|Modest||F|||50|]Farigiraf||SitrusBerry|ArmorTail|Psychic,Thunderbolt,TrickRoom,Roar|Bold||F|||50|
|c|☆TPP|glhf
|c|☆John1240|hf
|
|t:|1783106377
|teamsize|p1|4
|teamsize|p2|4
|start
|switch|p1a: Sceptile|Sceptile, L50, M|100/100
|switch|p1b: Rotom|Rotom-Heat, L50|100/100
|switch|p2a: Farigiraf|Farigiraf, L50, F, shiny|100/100
|switch|p2b: Sylveon|Sylveon, L50, F, shiny|100/100
|turn|1
|
|t:|1783106430
|detailschange|p1a: Sceptile|Sceptile-Mega, L50, M
|-mega|p1a: Sceptile|Sceptile|Sceptilite
|move|p2b: Sylveon|Protect|p2b: Sylveon
|-singleturn|p2b: Sylveon|Protect
|move|p1b: Rotom|Discharge|p2b: Sylveon|[spread] p2a
|-activate|p2b: Sylveon|move: Protect
|-ability|p1a: Sceptile|Lightning Rod|boost
|-boost|p1a: Sceptile|spa|1
|-damage|p2a: Farigiraf|78/100
|move|p1a: Sceptile|Leaf Storm|p2a: Farigiraf
|-damage|p2a: Farigiraf|0 fnt
|-unboost|p1a: Sceptile|spa|2
|faint|p2a: Farigiraf
|
|upkeep
|j| GivraClem
|
|t:|1783106452
|switch|p2a: Kingambit|Kingambit, L50, M, shiny|100/100
|turn|2
|
|t:|1783106482
|move|p2a: Kingambit|Sucker Punch|p1b: Rotom
|-damage|p1b: Rotom|52/100
|move|p1b: Rotom|Discharge|p2a: Kingambit|[spread] p2a,p2b
|-ability|p1a: Sceptile|Lightning Rod|boost
|-boost|p1a: Sceptile|spa|1
|-damage|p2a: Kingambit|70/100
|-damage|p2b: Sylveon|78/100
|move|p1a: Sceptile|Leaf Storm|p2b: Sylveon
|-damage|p2b: Sylveon|20/100y
|-unboost|p1a: Sceptile|spa|2
|move|p2b: Sylveon|Hyper Voice|p1a: Sceptile|[spread] p1a,p1b
|-supereffective|p1a: Sceptile|1
|-resisted|p1b: Rotom|1
|-crit|p1b: Rotom
|-damage|p1a: Sceptile|0 fnt
|-damage|p1b: Rotom|8/100
|faint|p1a: Sceptile
|
|upkeep
|
|t:|1783106498
|switch|p1a: Garchomp|Garchomp, L50, F|100/100
|turn|3
|j| rudy est mon petit
|
|t:|1783106509
|move|p2b: Sylveon|Protect|p2b: Sylveon
|-singleturn|p2b: Sylveon|Protect
|move|p2a: Kingambit|Sucker Punch|p1b: Rotom
|-damage|p1b: Rotom|0 fnt
|faint|p1b: Rotom
|move|p1a: Garchomp|Earthquake|p2a: Kingambit|[spread] p2a
|-activate|p2b: Sylveon|move: Protect
|-supereffective|p2a: Kingambit|1
|-damage|p2a: Kingambit|0 fnt
|faint|p2a: Kingambit
|-damage|p1a: Garchomp|90/100|[from] item: Life Orb
|
|upkeep
|
|t:|1783106521
|switch|p1b: Basculegion|Basculegion, L50, M|100/100
|switch|p2a: Aerodactyl|Aerodactyl, L50, M, shiny|100/100
|-ability|p2a: Aerodactyl|Unnerve
|turn|4
|l| rudy est mon petit
|
|t:|1783106602
|detailschange|p2a: Aerodactyl|Aerodactyl-Mega, L50, M, shiny
|-mega|p2a: Aerodactyl|Aerodactyl|Aerodactylite
|move|p1a: Garchomp|Protect|p1a: Garchomp
|-singleturn|p1a: Garchomp|Protect
|move|p2b: Sylveon|Protect||[still]
|-fail|p2b: Sylveon
|move|p1b: Basculegion|Aqua Jet|p2b: Sylveon
|-damage|p2b: Sylveon|0 fnt
|faint|p2b: Sylveon
|move|p2a: Aerodactyl|Ice Fang|p1a: Garchomp
|-activate|p1a: Garchomp|move: Protect
|
|upkeep
|turn|5
|j| sprygen
|
|t:|1783106616
|move|p1b: Basculegion|Aqua Jet|p2a: Aerodactyl
|-supereffective|p2a: Aerodactyl|1
|-damage|p2a: Aerodactyl|27/100
|move|p2a: Aerodactyl|Dual Wingbeat|p1b: Basculegion
|-damage|p1b: Basculegion|75/100
|-damage|p1b: Basculegion|50/100g
|-hitcount|p1b: Basculegion|2
|move|p1a: Garchomp|Rock Slide|p2a: Aerodactyl
|-supereffective|p2a: Aerodactyl|1
|-damage|p2a: Aerodactyl|0 fnt
|faint|p2a: Aerodactyl
|-damage|p1a: Garchomp|80/100|[from] item: Life Orb
|
|win|John1240
|c|☆TPP|gg
|inactive|John1240 has 30 seconds to confirm battle start!
|inactive|TPP has 30 seconds to confirm battle start!
||TPP is ready for game 2.
|inactive|John1240 has 20 seconds to confirm battle start!
|inactive|John1240 has 10 seconds to confirm battle start!
|c|☆John1240|gg
||John1240 is ready for game 2.
|uhtml|next|Next: Game 2 of 3
