|j|☆AyLuLiiiEsToTaCBN
|j|☆midzzznight
|html|AyLuLiiiEsToTaCBNmidzzznight    
|uhtml|bestof|Game 1 of a best-of-3
|t:|1785334848
|gametype|doubles
|player|p1|AyLuLiiiEsToTaCBN|shadowtriad|1128
|player|p2|midzzznight|265|1079
|gen|9
|tier|[Gen 9 Champions] VGC 2026 Reg M-B (Bo3)
|rated|
|rule|Species Clause: Limit one of each Pokémon
|rule|Item Clause: Limit 1 of each item
|clearpoke
|poke|p1|Grimmsnarl, L50, M|
|poke|p1|Charizard, L50, M|
|poke|p1|Venusaur, L50, F|
|poke|p1|Pelipper, L50, F|
|poke|p1|Archaludon, L50, M|
|poke|p1|Basculegion, L50, M|
|poke|p2|Froslass, L50, F|
|poke|p2|Milotic, L50, F|
|poke|p2|Farigiraf, L50, F|
|poke|p2|Incineroar, L50, M|
|poke|p2|Sneasler, L50, M|
|poke|p2|Kingambit, L50, F, shiny|
|teampreview|4
|showteam|p1|Grimmsnarl||LightClay|Prankster|Reflect,SpiritBreak,LightScreen,PartingShot|Careful||M|||50|]Charizard||CharizarditeY|Blaze|Protect,HeatWave,SolarBeam,WeatherBall|Modest||M|||50|]Venusaur||FocusSash|Chlorophyll|SludgeBomb,EarthPower,SleepPowder,Protect|Modest||F|||50|]Pelipper||SitrusBerry|Drizzle|Tailwind,Hurricane,WeatherBall,WideGuard|Modest||F|||50|]Archaludon||Leftovers|Stamina|Protect,ElectroShot,DragonPulse,FlashCannon|Calm||M|||50|]Basculegion||ChoiceScarf|Adaptability|FlipTurn,AquaJet,WaveCrash,LastRespects|Jolly||M|||50|
|showteam|p2|Froslass||Froslassite|SnowCloak|Blizzard,ShadowBall,DestinyBond,Protect|Timid||F|||50|]Milotic||Leftovers|Competitive|MuddyWater,HydroPump,IcyWind,Protect|Modest||F|||50|]Farigiraf||SitrusBerry|ArmorTail|TrickRoom,Psychic,HelpingHand,Roar|Sassy||F|||50|]Incineroar||LumBerry|Intimidate|FakeOut,PartingShot,FlareBlitz,Protect|Sassy||M|||50|]Sneasler||WhiteHerb|Unburden|CloseCombat,DireClaw,FakeOut,Protect|Jolly||M|||50|]Kingambit||BlackGlasses|Defiant|KowtowCleave,SuckerPunch,LowKick,Protect|Brave||F|||50|
|inactive|Battle timer is ON: inactive players will automatically lose when time's up. (requested by midzzznight)
|inactive|AyLuLiiiEsToTaCBN has 60 seconds left.
|inactive|midzzznight has 60 seconds left.
|inactive|AyLuLiiiEsToTaCBN has 30 seconds left.
|inactive|AyLuLiiiEsToTaCBN has 20 seconds left.
|inactive|AyLuLiiiEsToTaCBN has 15 seconds left.
|inactive|AyLuLiiiEsToTaCBN has 10 seconds left.
|inactive|AyLuLiiiEsToTaCBN has 5 seconds left.
|
|t:|1785334935
|teamsize|p1|4
|teamsize|p2|4
|start
|switch|p1a: Archaludon|Archaludon, L50, M|100/100
|switch|p1b: Grimmsnarl|Grimmsnarl, L50, M|100/100
|switch|p2a: Farigiraf|Farigiraf, L50, F|100/100
|switch|p2b: Milotic|Milotic, L50, F|100/100
|turn|1
|inactive|AyLuLiiiEsToTaCBN has 30 seconds left.
|inactive|AyLuLiiiEsToTaCBN has 20 seconds left.
|inactive|AyLuLiiiEsToTaCBN has 15 seconds left.
|inactive|AyLuLiiiEsToTaCBN has 10 seconds left.
|inactive|AyLuLiiiEsToTaCBN has 5 seconds left.
|
|t:|1785334989
|move|p1b: Grimmsnarl|Light Screen|p1b: Grimmsnarl
|-sidestart|p1: AyLuLiiiEsToTaCBN|move: Light Screen
|move|p1a: Archaludon|Electro Shot||[still]
|-prepare|p1a: Archaludon|Electro Shot
|-boost|p1a: Archaludon|spa|1
|move|p2b: Milotic|Muddy Water|p1a: Archaludon|[spread] p1b
|-miss|p2b: Milotic|p1a: Archaludon
|-damage|p1b: Grimmsnarl|79/100
|-unboost|p1b: Grimmsnarl|accuracy|1
|move|p2a: Farigiraf|Trick Room|p2a: Farigiraf
|-fieldstart|move: Trick Room|[of] p2a: Farigiraf
|
|upkeep
|turn|2
|inactive|midzzznight has 30 seconds left.
|
|t:|1785335017
|move|p2b: Milotic|Protect|p2b: Milotic
|-singleturn|p2b: Milotic|Protect
|move|p1b: Grimmsnarl|Reflect|p1b: Grimmsnarl
|-sidestart|p1: AyLuLiiiEsToTaCBN|Reflect
|move|p1a: Archaludon|Electro Shot|p2b: Milotic|[from] lockedmove
|-activate|p2b: Milotic|move: Protect
|move|p2a: Farigiraf|Roar|p2b: Milotic
|drag|p2b: Incineroar|Incineroar, L50, M|100/100
|-ability|p2b: Incineroar|Intimidate|boost
|-unboost|p1a: Archaludon|atk|1
|-unboost|p1b: Grimmsnarl|atk|1
|
|upkeep
|turn|3
|inactive|AyLuLiiiEsToTaCBN has 30 seconds left.
|
|t:|1785335043
|switch|p1b: Pelipper|Pelipper, L50, F|100/100
|-weather|RainDance|[from] ability: Drizzle|[of] p1b: Pelipper
|move|p2b: Incineroar|Fake Out|p1a: Archaludon
|-resisted|p1a: Archaludon|1
|-damage|p1a: Archaludon|97/100
|-ability|p1a: Archaludon|Stamina|boost
|-boost|p1a: Archaludon|def|1
|cant|p1a: Archaludon|flinch
|move|p2a: Farigiraf|Roar|p1a: Archaludon
|drag|p1a: Grimmsnarl|Grimmsnarl, L50, M|79/100
|
|-weather|RainDance|[upkeep]
|upkeep
|turn|4
|
|t:|1785335065
|move|p2a: Farigiraf|Psychic|p1b: Pelipper
|-damage|p1b: Pelipper|73/100
|move|p2b: Incineroar|Parting Shot|p1b: Pelipper
|-unboost|p1b: Pelipper|atk|1
|-unboost|p1b: Pelipper|spa|1
|
|t:|1785335071
|switch|p2b: Milotic|Milotic, L50, F|100/100|[from] Parting Shot
|move|p1a: Grimmsnarl|Spirit Break|p2a: Farigiraf
|-damage|p2a: Farigiraf|73/100
|-unboost|p2a: Farigiraf|spa|1
|move|p1b: Pelipper|Weather Ball|p2b: Milotic
|-resisted|p2b: Milotic|1
|-damage|p2b: Milotic|85/100
|
|-weather|RainDance|[upkeep]
|-heal|p2b: Milotic|91/100|[from] item: Leftovers
|upkeep
|turn|5
|
|t:|1785335092
|switch|p1b: Archaludon|Archaludon, L50, M|97/100
|move|p2a: Farigiraf|Helping Hand|p2b: Milotic
|-singleturn|p2b: Milotic|Helping Hand|[of] p2a: Farigiraf
|move|p1a: Grimmsnarl|Spirit Break|p2a: Farigiraf
|-damage|p2a: Farigiraf|43/100
|-unboost|p2a: Farigiraf|spa|1
|-enditem|p2a: Farigiraf|Sitrus Berry|[eat]
|-heal|p2a: Farigiraf|67/100|[from] item: Sitrus Berry
|move|p2b: Milotic|Muddy Water|p1b: Archaludon|[spread] p1a,p1b
|-resisted|p1b: Archaludon|1
|-damage|p1a: Grimmsnarl|40/100
|-damage|p1b: Archaludon|74/100
|-unboost|p1a: Grimmsnarl|accuracy|1
|-unboost|p1b: Archaludon|accuracy|1
|-ability|p1b: Archaludon|Stamina|boost
|-boost|p1b: Archaludon|def|1
|
|-weather|RainDance|[upkeep]
|-heal|p2b: Milotic|97/100|[from] item: Leftovers
|-heal|p1b: Archaludon|80/100|[from] item: Leftovers
|-fieldend|move: Trick Room
|upkeep
|turn|6
|
|t:|1785335117
|move|p1b: Archaludon|Electro Shot||[still]
|-prepare|p1b: Archaludon|Electro Shot
|-boost|p1b: Archaludon|spa|1
|-anim|p1b: Archaludon|Electro Shot|p2a: Farigiraf
|-damage|p2a: Farigiraf|28/100
|move|p2b: Milotic|Muddy Water|p1b: Archaludon|[spread] p1a,p1b
|-resisted|p1b: Archaludon|1
|-damage|p1a: Grimmsnarl|10/100
|-damage|p1b: Archaludon|65/100
|-unboost|p1a: Grimmsnarl|accuracy|1
|-ability|p1b: Archaludon|Stamina|boost
|-boost|p1b: Archaludon|def|1
|move|p1a: Grimmsnarl|Spirit Break|p2a: Farigiraf
|-damage|p2a: Farigiraf|0 fnt
|faint|p2a: Farigiraf
|
|-weather|RainDance|[upkeep]
|-heal|p1b: Archaludon|72/100|[from] item: Leftovers
|-heal|p2b: Milotic|100/100|[from] item: Leftovers
|upkeep
|inactive|midzzznight has 30 seconds left.
|
|t:|1785335142
|switch|p2a: Froslass|Froslass, L50, F|100/100
|turn|7
|
|t:|1785335162
|move|p1b: Archaludon|Protect|p1b: Archaludon
|-singleturn|p1b: Archaludon|Protect
|move|p1a: Grimmsnarl|Parting Shot|p2a: Froslass
|-unboost|p2a: Froslass|atk|1
|-unboost|p2a: Froslass|spa|1
|
|t:|1785335175
|switch|p1a: Pelipper|Pelipper, L50, F|73/100|[from] Parting Shot
|move|p2a: Froslass|Shadow Ball|p1b: Archaludon
|-activate|p1b: Archaludon|move: Protect
|move|p2b: Milotic|Muddy Water|p1a: Pelipper|[spread] p1a
|-activate|p1b: Archaludon|move: Protect
|-resisted|p1a: Pelipper|1
|-damage|p1a: Pelipper|54/100
|-unboost|p1a: Pelipper|accuracy|1
|
|-weather|none
|-heal|p1b: Archaludon|78/100|[from] item: Leftovers
|upkeep
|turn|8
|inactive|AyLuLiiiEsToTaCBN has 30 seconds left.
|inactive|AyLuLiiiEsToTaCBN has 20 seconds left.
|inactive|AyLuLiiiEsToTaCBN has 15 seconds left.
|inactive|AyLuLiiiEsToTaCBN has 10 seconds left.
|
|t:|1785335223
|detailschange|p2a: Froslass|Froslass-Mega, L50, F
|-mega|p2a: Froslass|Froslass|Froslassite
|-weather|Snowscape|[from] ability: Snow Warning|[of] p2a: Froslass
|move|p2a: Froslass|Blizzard|p1b: Archaludon|[spread] p1a,p1b
|-damage|p1a: Pelipper|31/100
|-damage|p1b: Archaludon|60/100
|-status|p1b: Archaludon|frz
|-ability|p1b: Archaludon|Stamina|boost
|-boost|p1b: Archaludon|def|1
|-enditem|p1a: Pelipper|Sitrus Berry|[eat]
|-heal|p1a: Pelipper|56/100|[from] item: Sitrus Berry
|cant|p1b: Archaludon|frz
|move|p2b: Milotic|Icy Wind|p1a: Pelipper|[spread] p1a,p1b
|-damage|p1a: Pelipper|45/100
|-damage|p1b: Archaludon|52/100 frz
|-unboost|p1a: Pelipper|spe|1
|-unboost|p1b: Archaludon|spe|1
|-ability|p1b: Archaludon|Stamina|boost
|-boost|p1b: Archaludon|def|1
|move|p1a: Pelipper|Tailwind|p1a: Pelipper
|-sidestart|p1: AyLuLiiiEsToTaCBN|move: Tailwind
|
|-weather|Snowscape|[upkeep]
|-heal|p1b: Archaludon|58/100 frz|[from] item: Leftovers
|-sideend|p1: AyLuLiiiEsToTaCBN|move: Light Screen
|upkeep
|turn|9
|inactive|AyLuLiiiEsToTaCBN has 30 seconds left.
|inactive|AyLuLiiiEsToTaCBN has 20 seconds left.
|inactive|AyLuLiiiEsToTaCBN has 15 seconds left.
|inactive|AyLuLiiiEsToTaCBN has 10 seconds left.
|inactive|AyLuLiiiEsToTaCBN has 5 seconds left.
|
|t:|1785335274
|switch|p1a: Charizard|Charizard, L50, M|100/100
|move|p2a: Froslass|Shadow Ball|p1b: Archaludon
|-damage|p1b: Archaludon|30/100 frz
|-ability|p1b: Archaludon|Stamina|boost
|-boost|p1b: Archaludon|def|1
|cant|p1b: Archaludon|frz
|move|p2b: Milotic|Icy Wind|p1a: Charizard|[spread] p1a,p1b
|-damage|p1a: Charizard|85/100
|-damage|p1b: Archaludon|19/100 frz
|-unboost|p1a: Charizard|spe|1
|-unboost|p1b: Archaludon|spe|1
|-ability|p1b: Archaludon|Stamina|boost
|-boost|p1b: Archaludon|def|1
|
|-weather|Snowscape|[upkeep]
|-heal|p1b: Archaludon|25/100 frz|[from] item: Leftovers
|-sideend|p1: AyLuLiiiEsToTaCBN|Reflect
|upkeep
|turn|10
|inactive|AyLuLiiiEsToTaCBN has 30 seconds left.
|inactive|midzzznight has 30 seconds left.
|inactive|AyLuLiiiEsToTaCBN has 20 seconds left.
|inactive|midzzznight has 20 seconds left.
|inactive|AyLuLiiiEsToTaCBN has 15 seconds left.
|
|t:|1785335317
|detailschange|p1a: Charizard|Charizard-Mega-Y, L50, M
|-mega|p1a: Charizard|Charizard|Charizardite Y
|-weather|SunnyDay|[from] ability: Drought|[of] p1a: Charizard
|move|p2a: Froslass|Protect|p2a: Froslass
|-singleturn|p2a: Froslass|Protect
|move|p1a: Charizard|Heat Wave|p2b: Milotic|[spread] p2b
|-activate|p2a: Froslass|move: Protect
|-resisted|p2b: Milotic|1
|-damage|p2b: Milotic|78/100
|-curestatus|p1b: Archaludon|frz|[msg]
|move|p1b: Archaludon|Dragon Pulse|p2a: Froslass
|-activate|p2a: Froslass|move: Protect
|move|p2b: Milotic|Icy Wind|p1a: Charizard|[spread] p1a,p1b
|-crit|p1a: Charizard
|-damage|p1a: Charizard|67/100
|-damage|p1b: Archaludon|13/100
|-unboost|p1a: Charizard|spe|1
|-unboost|p1b: Archaludon|spe|1
|
|-weather|SunnyDay|[upkeep]
|-heal|p2b: Milotic|84/100|[from] item: Leftovers
|-heal|p1b: Archaludon|19/100|[from] item: Leftovers
|upkeep
|turn|11
|inactive|AyLuLiiiEsToTaCBN has 30 seconds left.
|
|t:|1785335351
|switch|p2a: Incineroar|Incineroar, L50, M|100/100
|-ability|p2a: Incineroar|Intimidate|boost
|-unboost|p1a: Charizard|atk|1
|-unboost|p1b: Archaludon|atk|1
|move|p1a: Charizard|Heat Wave|p2a: Incineroar|[spread] p2a,p2b
|-resisted|p2a: Incineroar|1
|-resisted|p2b: Milotic|1
|-damage|p2a: Incineroar|74/100
|-damage|p2b: Milotic|62/100
|move|p2b: Milotic|Icy Wind|p1b: Archaludon|[spread] p1a,p1b
|-damage|p1a: Charizard|56/100
|-damage|p1b: Archaludon|8/100
|-unboost|p1a: Charizard|spe|1
|-unboost|p1b: Archaludon|spe|1
|move|p1b: Archaludon|Flash Cannon|p2a: Incineroar
|-resisted|p2a: Incineroar|1
|-damage|p2a: Incineroar|56/100
|
|-weather|SunnyDay|[upkeep]
|-heal|p2b: Milotic|68/100|[from] item: Leftovers
|-heal|p1b: Archaludon|14/100|[from] item: Leftovers
|-sideend|p1: AyLuLiiiEsToTaCBN|move: Tailwind
|upkeep
|turn|12
|inactive|AyLuLiiiEsToTaCBN has 30 seconds left.
|
|t:|1785335382
|switch|p1a: Grimmsnarl|Grimmsnarl, L50, M|10/100
|move|p1b: Archaludon|Protect|p1b: Archaludon
|-singleturn|p1b: Archaludon|Protect
|move|p2a: Incineroar|Fake Out|p1a: Grimmsnarl
|-damage|p1a: Grimmsnarl|0 fnt
|faint|p1a: Grimmsnarl
|move|p2b: Milotic|Icy Wind|p1b: Archaludon
|-activate|p1b: Archaludon|move: Protect
|
|-weather|SunnyDay|[upkeep]
|-heal|p2b: Milotic|74/100|[from] item: Leftovers
|-heal|p1b: Archaludon|20/100y|[from] item: Leftovers
|upkeep
|
|t:|1785335392
|switch|p1a: Pelipper|Pelipper, L50, F|45/100
|-weather|RainDance|[from] ability: Drizzle|[of] p1a: Pelipper
|turn|13
|inactive|AyLuLiiiEsToTaCBN has 30 seconds left.
|inactive|AyLuLiiiEsToTaCBN has 20 seconds left.
|inactive|AyLuLiiiEsToTaCBN has 15 seconds left.
|
|t:|1785335424
|move|p2b: Milotic|Icy Wind|p1b: Archaludon|[spread] p1a
|-miss|p2b: Milotic|p1b: Archaludon
|-damage|p1a: Pelipper|30/100
|-unboost|p1a: Pelipper|spe|1
|move|p2a: Incineroar|Parting Shot|p1a: Pelipper
|-unboost|p1a: Pelipper|atk|1
|-unboost|p1a: Pelipper|spa|1
|
|t:|1785335432
|switch|p2a: Froslass|Froslass-Mega, L50, F|100/100|[from] Parting Shot
|-weather|Snowscape|[from] ability: Snow Warning|[of] p2a: Froslass
|move|p1a: Pelipper|Tailwind|p1a: Pelipper
|-sidestart|p1: AyLuLiiiEsToTaCBN|move: Tailwind
|move|p1b: Archaludon|Dragon Pulse|p2a: Froslass
|-damage|p2a: Froslass|30/100
|
|-weather|Snowscape|[upkeep]
|-heal|p2b: Milotic|80/100|[from] item: Leftovers
|-heal|p1b: Archaludon|26/100|[from] item: Leftovers
|upkeep
|turn|14
|inactive|AyLuLiiiEsToTaCBN has 15 seconds left this turn.
|inactive|AyLuLiiiEsToTaCBN has 10 seconds left.
|
|t:|1785335450
|move|p2a: Froslass|Blizzard|p1a: Pelipper|[spread] p1a,p1b
|-damage|p1a: Pelipper|0 fnt
|-damage|p1b: Archaludon|0 fnt
|faint|p1a: Pelipper
|faint|p1b: Archaludon
|move|p2b: Milotic|Hydro Pump|p1: Pelipper|[notarget]
|-fail|p2b: Milotic
|
|-weather|Snowscape|[upkeep]
|-heal|p2b: Milotic|86/100|[from] item: Leftovers
|upkeep
|inactive|AyLuLiiiEsToTaCBN has 10 seconds left this turn.
|inactive|AyLuLiiiEsToTaCBN has 5 seconds left.
|-message|AyLuLiiiEsToTaCBN forfeited.
|
|win|midzzznight
||AyLuLiiiEsToTaCBN is ready for game 2.
||AyLuLiiiEsToTaCBN is ready for game 2.
||midzzznight is ready for game 2.
|uhtml|next|Next: Game 2 of 3
|l|☆midzzznight
|player|p2|
