|j|☆redpandavgclol
|j|☆CookieSpark
|html|redpandavgclolCookieSpark    
|uhtml|bestof|Game 1 of a best-of-3
|t:|1757830120
|gametype|doubles
|player|p1|redpandavgclol|pokemonranger-gen4|1071
|player|p2|CookieSpark|swimmer|1055
|gen|9
|tier|[Gen 9] VGC 2025 Reg H (Bo3)
|rated|
|rule|Species Clause: Limit one of each Pokémon
|rule|Item Clause: Limit 1 of each item
|clearpoke
|poke|p1|Grimmsnarl, L50, M|
|poke|p1|Archaludon, L50, M|
|poke|p1|Ursaluna-Bloodmoon, L50, M|
|poke|p1|Whimsicott, L50, M|
|poke|p1|Rillaboom, L50, M|
|poke|p1|Incineroar, L50, M|
|poke|p2|Ursaluna-Bloodmoon, L50, M|
|poke|p2|Gholdengo, L50|
|poke|p2|Grimmsnarl, L50, M|
|poke|p2|Pawmot, L50, M|
|poke|p2|Magmortar, L50, M|
|poke|p2|Ninetales-Alola, L50, M|
|teampreview|4
|showteam|p1|Grimmsnarl||LightClay|Prankster|PartingShot,ThunderWave,LightScreen,Reflect|||M|||50|,,,,,Ghost]Archaludon||AssaultVest|Stamina|ElectroShot,FlashCannon,BodyPress,Snarl|||M|||50|,,,,,Fairy]Ursaluna-Bloodmoon||Leftovers|MindsEye|BloodMoon,EarthPower,CalmMind,Protect|||M|||50|,,,,,Normal]Whimsicott||CovertCloak|Prankster|Tailwind,Encore,GrassyTerrain,Taunt|||M|||50|,,,,,Steel]Rillaboom||LifeOrb|GrassySurge|GrassyGlide,Uturn,FakeOut,WoodHammer|||M|||50|,,,,,Grass]Incineroar||IapapaBerry|Intimidate|FakeOut,KnockOff,Taunt,PartingShot|||M|||50|,,,,,Grass
|showteam|p2|Ursaluna-Bloodmoon||AssaultVest|MindsEye|HyperVoice,BloodMoon,EarthPower,Moonblast|||M|||50|,,,,,Normal]Gholdengo||ExpertBelt|GoodasGold|MakeItRain,NastyPlot,ShadowBall,Protect||||||50|,,,,,Water]Grimmsnarl||CovertCloak|Prankster|BrickBreak,FoulPlay,Reflect,LightScreen|||M|||50|,,,,,Ghost]Pawmot||FocusSash|IronFist|CloseCombat,FakeOut,DoubleShock,ThunderWave|||M|||50|,,,,,Fighting]Magmortar||Leftovers|FlameBody|ClearSmog,FollowMe,Overheat,Protect|||M|||50|,,,,,Grass]Ninetales-Alola||ChoiceSpecs|SnowWarning|IcyWind,Blizzard,FreezeDry,Moonblast|||M|||50|,,,,,Water
|
|t:|1757830153
|teamsize|p1|4
|teamsize|p2|4
|start
|switch|p1a: frog|Grimmsnarl, L50, M, shiny|100/100
|switch|p1b: Ursaluna|Ursaluna-Bloodmoon, L50, M|100/100
|switch|p2a: Ninetales|Ninetales-Alola, L50, M|100/100
|switch|p2b: Magmortar|Magmortar, L50, M|100/100
|-weather|Snowscape|[from] ability: Snow Warning|[of] p2a: Ninetales
|turn|1
|
|t:|1757830182
|move|p2b: Magmortar|Protect|p2b: Magmortar
|-singleturn|p2b: Magmortar|Protect
|move|p1a: frog|Light Screen|p1a: frog
|-sidestart|p1: redpandavgclol|move: Light Screen
|move|p2a: Ninetales|Blizzard|p1a: frog|[spread] p1a,p1b
|-supereffective|p1b: Ursaluna
|-damage|p1a: frog|68/100
|-damage|p1b: Ursaluna|32/100
|move|p1b: Ursaluna|Calm Mind|p1b: Ursaluna
|-boost|p1b: Ursaluna|spa|1
|-boost|p1b: Ursaluna|spd|1
|
|-weather|Snowscape|[upkeep]
|-heal|p1b: Ursaluna|38/100|[from] item: Leftovers
|upkeep
|turn|2
|
|t:|1757830219
|move|p1b: Ursaluna|Protect|p1b: Ursaluna
|-singleturn|p1b: Ursaluna|Protect
|move|p2b: Magmortar|Follow Me|p2b: Magmortar
|-singleturn|p2b: Magmortar|move: Follow Me
|move|p1a: frog|Thunder Wave|p2b: Magmortar
|-status|p2b: Magmortar|par
|move|p2a: Ninetales|Blizzard|p1a: frog|[spread] p1a
|-activate|p1b: Ursaluna|move: Protect
|-damage|p1a: frog|36/100
|
|-weather|Snowscape|[upkeep]
|-heal|p1b: Ursaluna|44/100|[from] item: Leftovers
|upkeep
|turn|3
|
|t:|1757830245
|-terastallize|p1b: Ursaluna|Normal
|move|p2b: Magmortar|Follow Me|p2b: Magmortar
|-singleturn|p2b: Magmortar|move: Follow Me
|move|p1a: frog|Parting Shot|p2b: Magmortar
|-unboost|p2b: Magmortar|atk|1
|-unboost|p2b: Magmortar|spa|1
|
|t:|1757830254
|switch|p1a: anguish|Incineroar, L50, M|100/100|[from] Parting Shot
|-ability|p1a: anguish|Intimidate|boost
|-unboost|p2a: Ninetales|atk|1
|-unboost|p2b: Magmortar|atk|1
|move|p2a: Ninetales|Blizzard|p1b: Ursaluna|[spread] p1a,p1b
|-resisted|p1a: anguish
|-damage|p1a: anguish|87/100
|-damage|p1b: Ursaluna|23/100
|move|p1b: Ursaluna|Earth Power|p2b: Magmortar
|-supereffective|p2b: Magmortar
|-damage|p2b: Magmortar|0 fnt
|faint|p2b: Magmortar
|
|-weather|Snowscape|[upkeep]
|-heal|p1b: Ursaluna|29/100|[from] item: Leftovers
|upkeep
|
|t:|1757830273
|switch|p2b: Grimmsnarl|Grimmsnarl, L50, M|100/100
|turn|4
|
|t:|1757830301
|move|p2b: Grimmsnarl|Reflect|p2b: Grimmsnarl
|-sidestart|p2: CookieSpark|Reflect
|move|p2a: Ninetales|Blizzard|p1b: Ursaluna|[spread] p1a,p1b
|-resisted|p1a: anguish
|-damage|p1a: anguish|74/100
|-damage|p1b: Ursaluna|5/100
|-status|p1a: anguish|frz
|-curestatus|p1a: anguish|frz|[msg]
|move|p1a: anguish|Knock Off|p2b: Grimmsnarl
|-resisted|p2b: Grimmsnarl
|-damage|p2b: Grimmsnarl|93/100
|-enditem|p2b: Grimmsnarl|Covert Cloak|[from] move: Knock Off|[of] p1a: anguish
|move|p1b: Ursaluna|Blood Moon|p2b: Grimmsnarl
|-damage|p2b: Grimmsnarl|0 fnt
|faint|p2b: Grimmsnarl
|
|-weather|Snowscape|[upkeep]
|-heal|p1b: Ursaluna|11/100|[from] item: Leftovers
|upkeep
|
|t:|1757830311
|switch|p2b: Gholdengo|Gholdengo, L50|100/100
|turn|5
|
|t:|1757830322
|move|p2b: Gholdengo|Protect|p2b: Gholdengo
|-singleturn|p2b: Gholdengo|Protect
|move|p1b: Ursaluna|Protect|p1b: Ursaluna
|-singleturn|p1b: Ursaluna|Protect
|move|p2a: Ninetales|Blizzard|p1b: Ursaluna|[spread] p1a
|-activate|p1b: Ursaluna|move: Protect
|-resisted|p1a: anguish
|-damage|p1a: anguish|61/100
|move|p1a: anguish|Knock Off|p2b: Gholdengo
|-activate|p2b: Gholdengo|move: Protect
|
|-weather|none
|-heal|p1b: Ursaluna|18/100|[from] item: Leftovers
|upkeep
|turn|6
|
|t:|1757830335
|move|p2a: Ninetales|Blizzard|p1b: Ursaluna|[spread] p1a,p1b
|-resisted|p1a: anguish
|-damage|p1a: anguish|48/100
|-damage|p1b: Ursaluna|0 fnt
|faint|p1b: Ursaluna
|move|p2b: Gholdengo|Make It Rain|p1a: anguish
|-resisted|p1a: anguish
|-damage|p1a: anguish|32/100
|-unboost|p2b: Gholdengo|spa|1
|move|p1a: anguish|Knock Off|p2b: Gholdengo
|-supereffective|p2b: Gholdengo
|-damage|p2b: Gholdengo|46/100
|-enditem|p2b: Gholdengo|Expert Belt|[from] move: Knock Off|[of] p1a: anguish
|
|upkeep
|
|t:|1757830350
|switch|p1b: frog|Grimmsnarl, L50, M, shiny|36/100
|turn|7
|
|t:|1757830365
|move|p1b: frog|Thunder Wave|p2a: Ninetales
|-status|p2a: Ninetales|par
|move|p2b: Gholdengo|Nasty Plot|p2b: Gholdengo
|-boost|p2b: Gholdengo|spa|2
|cant|p2a: Ninetales|par
|move|p1a: anguish|Knock Off|p2b: Gholdengo
|-supereffective|p2b: Gholdengo
|-damage|p2b: Gholdengo|8/100
|
|upkeep
|turn|8
|
|t:|1757830393
|move|p1b: frog|Parting Shot|p2a: Ninetales
|-unboost|p2a: Ninetales|atk|1
|-unboost|p2a: Ninetales|spa|1
|
|t:|1757830396
|switch|p1b: HoodRich|Rillaboom, L50, M|100/100|[from] Parting Shot
|-fieldstart|move: Grassy Terrain|[from] ability: Grassy Surge|[of] p1b: HoodRich
|move|p2b: Gholdengo|Make It Rain|p1a: anguish|[spread] p1a,p1b
|-resisted|p1a: anguish
|-crit|p1b: HoodRich
|-damage|p1a: anguish|10/100
|-damage|p1b: HoodRich|0 fnt
|-unboost|p2b: Gholdengo|spa|1
|-enditem|p1a: anguish|Iapapa Berry|[eat]
|-heal|p1a: anguish|43/100|[from] item: Iapapa Berry
|faint|p1b: HoodRich
|cant|p2a: Ninetales|par
|move|p1a: anguish|Knock Off|p2b: Gholdengo
|-supereffective|p2b: Gholdengo
|-damage|p2b: Gholdengo|0 fnt
|faint|p2b: Gholdengo
|
|-heal|p1a: anguish|49/100|[from] Grassy Terrain
|-sideend|p2: CookieSpark|Reflect
|-sideend|p1: redpandavgclol|move: Light Screen
|upkeep
|
|t:|1757830414
|switch|p1b: frog|Grimmsnarl, L50, M, shiny|36/100
|turn|9
|
|t:|1757830426
|move|p1b: frog|Light Screen|p1b: frog
|-sidestart|p1: redpandavgclol|move: Light Screen
|move|p2a: Ninetales|Blizzard|p1b: frog|[spread] p1a,p1b
|-resisted|p1a: anguish
|-crit|p1a: anguish
|-damage|p1a: anguish|18/100
|-damage|p1b: frog|13/100
|-status|p1b: frog|frz
|move|p1a: anguish|Knock Off|p2a: Ninetales
|-resisted|p2a: Ninetales
|-damage|p2a: Ninetales|72/100 par
|-enditem|p2a: Ninetales|Choice Specs|[from] move: Knock Off|[of] p1a: anguish
|
|-heal|p2a: Ninetales|78/100 par|[from] Grassy Terrain
|-heal|p1a: anguish|24/100|[from] Grassy Terrain
|-heal|p1b: frog|19/100 frz|[from] Grassy Terrain
|upkeep
|turn|10
|
|t:|1757830455
|cant|p1b: frog|frz
|move|p2a: Ninetales|Blizzard|p1b: frog|[spread] p1b
|-miss|p2a: Ninetales|p1a: anguish
|-damage|p1b: frog|5/100 frz
|move|p1a: anguish|Knock Off|p2a: Ninetales
|-resisted|p2a: Ninetales
|-damage|p2a: Ninetales|60/100 par
|
|-heal|p2a: Ninetales|66/100 par|[from] Grassy Terrain
|-heal|p1b: frog|11/100 frz|[from] Grassy Terrain
|-heal|p1a: anguish|30/100|[from] Grassy Terrain
|upkeep
|turn|11
|
|t:|1757830467
|cant|p1b: frog|frz
|move|p2a: Ninetales|Moonblast|p1b: frog
|-supereffective|p1b: frog
|-damage|p1b: frog|0 fnt
|faint|p1b: frog
|move|p1a: anguish|Knock Off|p2a: Ninetales
|-resisted|p2a: Ninetales
|-damage|p2a: Ninetales|46/100 par
|
|-heal|p2a: Ninetales|52/100 par|[from] Grassy Terrain
|-heal|p1a: anguish|36/100|[from] Grassy Terrain
|upkeep
|turn|12
|
|t:|1757830480
|move|p2a: Ninetales|Moonblast|p1a: anguish
|-damage|p1a: anguish|22/100
|-unboost|p1a: anguish|spa|1
|move|p1a: anguish|Knock Off|p2a: Ninetales
|-resisted|p2a: Ninetales
|-damage|p2a: Ninetales|33/100 par
|
|-heal|p2a: Ninetales|39/100 par|[from] Grassy Terrain
|-heal|p1a: anguish|28/100|[from] Grassy Terrain
|-fieldend|move: Grassy Terrain
|upkeep
|turn|13
|
|t:|1757830493
|move|p2a: Ninetales|Moonblast|p1a: anguish
|-damage|p1a: anguish|13/100
|move|p1a: anguish|Knock Off|p2a: Ninetales
|-resisted|p2a: Ninetales
|-damage|p2a: Ninetales|19/100 par
|
|upkeep
|turn|14
|
|t:|1757830504
|move|p2a: Ninetales|Moonblast|p1a: anguish
|-damage|p1a: anguish|0 fnt
|faint|p1a: anguish
|
|win|CookieSpark
||redpandavgclol is ready for game 2.
||CookieSpark is ready for game 2.
|uhtml|next|Next: Game 2 of 3
|l|☆redpandavgclol
|player|p1|
|l|☆CookieSpark
|player|p2|
|j|☆CookieSpark
|player|p2|CookieSpark|swimmer|
