|j|☆rainloverrrr
|j|☆ninjakaos
|html|rainloverrrrninjakaos    
|uhtml|bestof|Game 1 of a best-of-3
|t:|1783192960
|gametype|doubles
|player|p1|rainloverrrr|n|1109
|player|p2|ninjakaos|benga|1180
|gen|9
|tier|[Gen 9 Champions] VGC 2026 Reg M-B (Bo3)
|rated|
|rule|Species Clause: Limit one of each Pokémon
|rule|Item Clause: Limit 1 of each item
|clearpoke
|poke|p1|Tyranitar, L50, M|
|poke|p1|Gholdengo, L50|
|poke|p1|Sinistcha-Masterpiece, L50|
|poke|p1|Grimmsnarl, L50, M|
|poke|p1|Incineroar, L50, M|
|poke|p1|Aggron, L50, M|
|poke|p2|Archaludon, L50, F, shiny|
|poke|p2|Pelipper, L50, F, shiny|
|poke|p2|Swampert, L50, F, shiny|
|poke|p2|Venusaur, L50, F|
|poke|p2|Sinistcha-Masterpiece, L50, shiny|
|poke|p2|Sableye, L50, M|
|teampreview|4
|showteam|p1|Tyranitar||Tyranitarite|SandStream|DragonDance,Protect,KnockOff,RockSlide|Adamant||M|||50|]Gholdengo||LifeOrb|GoodasGold|NastyPlot,MakeItRain,Protect,ShadowBall|Modest|||||50|]Sinistcha-Masterpiece||CobaBerry|Hospitality|TrickRoom,MatchaGotcha,RagePowder,LifeDew|Calm|||||50|]Grimmsnarl||LightClay|Prankster|Reflect,LightScreen,SpiritBreak,PartingShot|Impish||M|||50|]Incineroar||SitrusBerry|Intimidate|FakeOut,PartingShot,Snarl,FlareBlitz|Impish||M|||50|]Aggron||Aggronite|Sturdy|IronDefense,BodyPress,HeavySlam,Protect|Brave||M|||50|
|showteam|p2|Archaludon||ChopleBerry|Stamina|ElectroShot,DragonPulse,FlashCannon,Protect|Modest||F|||50|]Pelipper||FocusSash|Drizzle|WideGuard,WeatherBall,Hurricane,Tailwind|Modest||F|||50|]Swampert||Swampertite|Torrent|Earthquake,WaveCrash,IcePunch,Protect|Adamant||F|||50|]Venusaur||Venusaurite|Chlorophyll|EarthPower,GigaDrain,SludgeBomb,Protect|Modest||F|||50|]Sinistcha-Masterpiece||KasibBerry|Hospitality|MatchaGotcha,TrickRoom,RagePowder,Protect|Relaxed|||||50|]Sableye||RoseliBerry|Prankster|Quash,LightScreen,Reflect,RainDance|Sassy||M|||50|
|inactive|Battle timer is ON: inactive players will automatically lose when time's up. (requested by rainloverrrr)
|inactive|rainloverrrr has 60 seconds left.
|
|t:|1783193017
|teamsize|p1|4
|teamsize|p2|4
|start
|switch|p1a: Incineroar|Incineroar, L50, M|100/100
|switch|p1b: Sinistcha|Sinistcha-Masterpiece, L50|100/100
|switch|p2a: Sableye|Sableye, L50, M|100/100
|switch|p2b: Swampert|Swampert, L50, F, shiny|100/100
|-ability|p1a: Incineroar|Intimidate|boost
|-unboost|p2a: Sableye|atk|1
|-unboost|p2b: Swampert|atk|1
|turn|1
|
|t:|1783193030
|switch|p2b: Archaludon|Archaludon, L50, F, shiny|100/100
|move|p1a: Incineroar|Fake Out|p2b: Archaludon
|-resisted|p2b: Archaludon|1
|-damage|p2b: Archaludon|96/100
|-ability|p2b: Archaludon|Stamina|boost
|-boost|p2b: Archaludon|def|1
|move|p2a: Sableye|Reflect|p2a: Sableye
|-sidestart|p2: ninjakaos|Reflect
|move|p1b: Sinistcha|Trick Room|p1b: Sinistcha
|-fieldstart|move: Trick Room|[of] p1b: Sinistcha
|
|upkeep
|turn|2
|inactive|rainloverrrr has 30 seconds left.
|inactive|rainloverrrr has 20 seconds left.
|inactive|rainloverrrr has 15 seconds left.
|
|t:|1783193072
|switch|p1b: Tyranitar|Tyranitar, L50, M|100/100
|-weather|Sandstorm|[from] ability: Sand Stream|[of] p1b: Tyranitar
|move|p2a: Sableye|Rain Dance|p2a: Sableye
|-weather|RainDance
|move|p1a: Incineroar|Parting Shot|p2b: Archaludon
|-unboost|p2b: Archaludon|atk|1
|-unboost|p2b: Archaludon|spa|1
|
|t:|1783193079
|switch|p1a: Gholdengo|Gholdengo, L50|100/100|[from] Parting Shot
|move|p2b: Archaludon|Electro Shot||[still]
|-prepare|p2b: Archaludon|Electro Shot
|-boost|p2b: Archaludon|spa|1
|-anim|p2b: Archaludon|Electro Shot|p1b: Tyranitar
|-damage|p1b: Tyranitar|57/100
|
|-weather|RainDance|[upkeep]
|upkeep
|turn|3
|
|t:|1783193100
|detailschange|p1b: Tyranitar|Tyranitar-Mega, L50, M
|-mega|p1b: Tyranitar|Tyranitar|Tyranitarite
|-weather|Sandstorm|[from] ability: Sand Stream|[of] p1b: Tyranitar
|move|p2a: Sableye|Light Screen|p2a: Sableye
|-sidestart|p2: ninjakaos|move: Light Screen
|move|p2b: Archaludon|Electro Shot||[still]
|-prepare|p2b: Archaludon|Electro Shot
|-boost|p2b: Archaludon|spa|1
|move|p1b: Tyranitar|Knock Off|p2b: Archaludon
|-damage|p2b: Archaludon|73/100
|-ability|p2b: Archaludon|Stamina|boost
|-boost|p2b: Archaludon|def|1
|-enditem|p2b: Archaludon|Chople Berry|[from] move: Knock Off|[of] p1b: Tyranitar
|move|p1a: Gholdengo|Nasty Plot|p1a: Gholdengo
|-boost|p1a: Gholdengo|spa|2
|
|-weather|Sandstorm|[upkeep]
|-damage|p2a: Sableye|94/100|[from] Sandstorm
|upkeep
|turn|4
|
|t:|1783193121
|move|p2a: Sableye|Rain Dance|p2a: Sableye
|-weather|RainDance
|move|p2b: Archaludon|Electro Shot|p1a: Gholdengo|[from] lockedmove
|-damage|p1a: Gholdengo|28/100
|move|p1b: Tyranitar|Knock Off|p2a: Sableye
|-damage|p2a: Sableye|34/100
|-enditem|p2a: Sableye|Roseli Berry|[from] move: Knock Off|[of] p1b: Tyranitar
|move|p1a: Gholdengo|Make It Rain|p2a: Sableye|[spread] p2a,p2b
|-resisted|p2b: Archaludon|1
|-damage|p2a: Sableye|0 fnt
|-damage|p2b: Archaludon|25/100
|-unboost|p1a: Gholdengo|spa|2
|-ability|p2b: Archaludon|Stamina|boost
|-boost|p2b: Archaludon|def|1
|faint|p2a: Sableye
|-damage|p1a: Gholdengo|18/100|[from] item: Life Orb
|
|-weather|RainDance|[upkeep]
|upkeep
|
|t:|1783193137
|switch|p2a: Swampert|Swampert, L50, F, shiny|100/100
|turn|5
|
|t:|1783193160
|switch|p2b: Pelipper|Pelipper, L50, F, shiny|100/100
|switch|p1b: Incineroar|Incineroar, L50, M|100/100
|-ability|p1b: Incineroar|Intimidate|boost
|-unboost|p2a: Swampert|atk|1
|-unboost|p2b: Pelipper|atk|1
|switch|p1a: Sinistcha|Sinistcha-Masterpiece, L50|100/100
|detailschange|p2a: Swampert|Swampert-Mega, L50, F, shiny
|-mega|p2a: Swampert|Swampert|Swampertite
|move|p2a: Swampert|Earthquake|p1b: Incineroar|[spread] p1a,p1b
|-immune|p2b: Pelipper
|-resisted|p1a: Sinistcha|1
|-supereffective|p1b: Incineroar|1
|-damage|p1a: Sinistcha|84/100
|-damage|p1b: Incineroar|57/100
|
|-weather|RainDance|[upkeep]
|-sideend|p2: ninjakaos|Reflect
|-fieldend|move: Trick Room
|upkeep
|turn|6
|inactive|ninjakaos has 30 seconds left.
|
|t:|1783193186
|move|p2a: Swampert|Protect|p2a: Swampert
|-singleturn|p2a: Swampert|Protect
|move|p1b: Incineroar|Fake Out|p2a: Swampert
|-activate|p2a: Swampert|move: Protect
|move|p2b: Pelipper|Tailwind|p2b: Pelipper
|-sidestart|p2: ninjakaos|move: Tailwind
|move|p1a: Sinistcha|Trick Room|p1a: Sinistcha
|-fieldstart|move: Trick Room|[of] p1a: Sinistcha
|
|-weather|RainDance|[upkeep]
|upkeep
|turn|7
|
|t:|1783193206
|switch|p2a: Archaludon|Archaludon, L50, F, shiny|25/100
|move|p1b: Incineroar|Parting Shot|p2b: Pelipper
|-unboost|p2b: Pelipper|atk|1
|-unboost|p2b: Pelipper|spa|1
|
|t:|1783193212
|switch|p1b: Tyranitar|Tyranitar-Mega, L50, M|57/100|[from] Parting Shot
|-weather|Sandstorm|[from] ability: Sand Stream|[of] p1b: Tyranitar
|move|p1a: Sinistcha|Matcha Gotcha|p2b: Pelipper|[spread] p2a,p2b
|-resisted|p2a: Archaludon|2
|-damage|p2a: Archaludon|21/100
|-heal|p1a: Sinistcha|87/100|[from] drain|[of] p2a: Archaludon
|-damage|p2b: Pelipper|73/100
|-heal|p1a: Sinistcha|97/100|[from] drain|[of] p2b: Pelipper
|-status|p2b: Pelipper|brn
|-ability|p2a: Archaludon|Stamina|boost
|-boost|p2a: Archaludon|def|1
|move|p2b: Pelipper|Hurricane|p1a: Sinistcha
|-supereffective|p1a: Sinistcha|1
|-enditem|p1a: Sinistcha|Coba Berry|[eat]
|-enditem|p1a: Sinistcha|Coba Berry|[weaken]
|-damage|p1a: Sinistcha|65/100
|
|-weather|Sandstorm|[upkeep]
|-damage|p1a: Sinistcha|58/100|[from] Sandstorm
|-damage|p2b: Pelipper|67/100 brn|[from] Sandstorm
|-damage|p2b: Pelipper|62/100 brn|[from] brn
|-sideend|p2: ninjakaos|move: Light Screen
|upkeep
|turn|8
|inactive|rainloverrrr has 30 seconds left.
|inactive|ninjakaos has 30 seconds left.
|inactive|ninjakaos has 20 seconds left.
|inactive|ninjakaos has 15 seconds left.
|
|t:|1783193253
|switch|p1b: Incineroar|Incineroar, L50, M|57/100
|-ability|p1b: Incineroar|Intimidate|boost
|-unboost|p2a: Archaludon|atk|1
|-unboost|p2b: Pelipper|atk|1
|move|p1a: Sinistcha|Life Dew|p1a: Sinistcha|[spread] p1a,p1b
|-heal|p1a: Sinistcha|84/100
|-heal|p1b: Incineroar|82/100
|move|p2a: Archaludon|Dragon Pulse|p1b: Incineroar
|-damage|p1b: Incineroar|45/100
|-enditem|p1b: Incineroar|Sitrus Berry|[eat]
|-heal|p1b: Incineroar|70/100|[from] item: Sitrus Berry
|move|p2b: Pelipper|Weather Ball|p1a: Sinistcha
|-damage|p1a: Sinistcha|64/100
|
|-weather|Sandstorm|[upkeep]
|-damage|p1b: Incineroar|64/100|[from] Sandstorm
|-damage|p1a: Sinistcha|58/100|[from] Sandstorm
|-damage|p2b: Pelipper|56/100 brn|[from] Sandstorm
|-damage|p2b: Pelipper|50/100g brn|[from] brn
|upkeep
|turn|9
|-message|ninjakaos forfeited.
|
|win|rainloverrrr
|l|☆ninjakaos
|player|p2|
||ninjakaos is ready for game 2.
||rainloverrrr is ready for game 2.
|uhtml|next|Next: Game 2 of 3
|l|☆rainloverrrr
|player|p1|
|j|☆ninjakaos
|player|p2|ninjakaos|benga|
