|j|☆Shishio_Ax
|j|☆DeividSFC19
|html|Shishio_AxDeividSFC19    
|uhtml|bestof|Game 2 of a best-of-3
|t:|1785263160
|gametype|doubles
|player|p1|Shishio_Ax|chili|
|player|p2|DeividSFC19|ninjaboy|
|gen|9
|tier|[Gen 9 Champions] VGC 2026 Reg M-B (Bo3)
|rule|Species Clause: Limit one of each Pokémon
|rule|Item Clause: Limit 1 of each item
|clearpoke
|poke|p1|Delphox, L50, F|
|poke|p1|Staraptor, L50, F|
|poke|p1|Sneasler, L50, M|
|poke|p1|Kingambit, L50, M|
|poke|p1|Garchomp, L50, M|
|poke|p1|Whimsicott, L50, M|
|poke|p2|Basculegion, L50, M|
|poke|p2|Charizard, L50, F|
|poke|p2|Floette-Eternal, L50, F|
|poke|p2|Kingambit, L50, F|
|poke|p2|Whimsicott, L50, F|
|poke|p2|Garchomp, L50, M|
|teampreview|4
|showteam|p1|Delphox||Delphoxite|Blaze|HeatWave,Psyshock,NastyPlot,Protect|Timid||F|||50|]Staraptor||Staraptite|Intimidate|CloseCombat,BraveBird,Roost,Protect|Jolly||F|||50|]Sneasler||FocusSash|PoisonTouch|DireClaw,CloseCombat,FakeOut,QuickGuard|Adamant||M|||50|]Kingambit||BlackGlasses|Defiant|KowtowCleave,SuckerPunch,SwordsDance,Protect|Adamant||M|||50|]Garchomp||LifeOrb|RoughSkin|DragonClaw,Earthquake,RockSlide,Protect|Jolly||M|||50|]Whimsicott||OccaBerry|Prankster|Moonblast,Tailwind,Encore,Charm|Timid||M|||50|
|showteam|p2|Basculegion||MysticWater|Adaptability|WaveCrash,LastRespects,AquaJet,Protect|Adamant||M|||50|]Charizard||CharizarditeY|Blaze|HeatWave,WeatherBall,SolarBeam,Protect|Modest||F|||50|]Floette-Eternal||Floettite|FlowerVeil|LightofRuin,Moonblast,DazzlingGleam,Protect|Modest||F|||50|]Kingambit||BlackGlasses|Defiant|KowtowCleave,SuckerPunch,IronHead,Protect|Adamant||F|||50|]Whimsicott||FocusSash|Prankster|Moonblast,Tailwind,Encore,Protect|Timid||F|||50|]Garchomp||LifeOrb|RoughSkin|Earthquake,DragonClaw,RockSlide,Protect|Jolly||M|||50|
|
|t:|1785263183
|teamsize|p1|4
|teamsize|p2|4
|start
|switch|p1a: Delphox|Delphox, L50, F|100/100
|switch|p1b: Sneasler|Sneasler, L50, M|100/100
|switch|p2a: Charizard|Charizard, L50, F|100/100
|switch|p2b: Basculegion|Basculegion, L50, M|100/100
|turn|1
|
|t:|1785263205
|switch|p1a: Kingambit|Kingambit, L50, M|100/100
|move|p1b: Sneasler|Fake Out|p2a: Charizard
|-damage|p2a: Charizard|85/100
|-status|p2a: Charizard|psn|[from] ability: Poison Touch|[of] p1b: Sneasler
|cant|p2a: Charizard|flinch
|move|p2b: Basculegion|Wave Crash|p1a: Kingambit
|-damage|p1a: Kingambit|34/100
|-damage|p2b: Basculegion|77/100|[from] Recoil
|
|-damage|p2a: Charizard|73/100 psn|[from] psn
|upkeep
|turn|2
|
|t:|1785263241
|switch|p2b: Whimsicott|Whimsicott, L50, F|100/100
|detailschange|p2a: Charizard|Charizard-Mega-Y, L50, F
|-mega|p2a: Charizard|Charizard|Charizardite Y
|-weather|SunnyDay|[from] ability: Drought|[of] p2a: Charizard
|move|p1a: Kingambit|Sucker Punch|p2a: Charizard
|-damage|p2a: Charizard|29/100 psn
|move|p1b: Sneasler|Dire Claw|p2a: Charizard
|-damage|p2a: Charizard|0 fnt
|faint|p2a: Charizard
|
|-weather|SunnyDay|[upkeep]
|upkeep
|
|t:|1785263254
|switch|p2a: Basculegion|Basculegion, L50, M|77/100
|turn|3
|
|t:|1785263269
|switch|p2a: Kingambit|Kingambit, L50, F|100/100
|switch|p1a: Whimsicott|Whimsicott, L50, M|100/100
|move|p2b: Whimsicott|Moonblast|p1a: Whimsicott
|-damage|p1a: Whimsicott|56/100
|move|p1b: Sneasler|Dire Claw|p2b: Whimsicott
|-supereffective|p2b: Whimsicott|2
|-enditem|p2b: Whimsicott|Focus Sash
|-damage|p2b: Whimsicott|1/100
|
|-weather|SunnyDay|[upkeep]
|upkeep
|turn|4
|
|t:|1785263284
|move|p2b: Whimsicott|Tailwind|p2b: Whimsicott
|-sidestart|p2: DeividSFC19|move: Tailwind
|move|p1b: Sneasler|Close Combat|p2a: Kingambit
|-supereffective|p2a: Kingambit|2
|-damage|p2a: Kingambit|0 fnt
|-unboost|p1b: Sneasler|def|1
|-unboost|p1b: Sneasler|spd|1
|faint|p2a: Kingambit
|move|p1a: Whimsicott|Moonblast|p2b: Whimsicott
|-damage|p2b: Whimsicott|0 fnt
|faint|p2b: Whimsicott
|
|-weather|SunnyDay|[upkeep]
|upkeep
|
|t:|1785263290
|switch|p2b: Basculegion|Basculegion, L50, M|77/100
|turn|5
|
|t:|1785263301
|move|p1a: Whimsicott|Tailwind|p1a: Whimsicott
|-sidestart|p1: Shishio_Ax|move: Tailwind
|move|p1b: Sneasler|Dire Claw|p2b: Basculegion
|-resisted|p2b: Basculegion|1
|-damage|p2b: Basculegion|52/100
|-status|p2b: Basculegion|psn
|move|p2b: Basculegion|Last Respects|p1b: Sneasler
|-enditem|p1b: Sneasler|Focus Sash
|-damage|p1b: Sneasler|1/100
|
|-weather|SunnyDay|[upkeep]
|-damage|p2b: Basculegion|40/100 psn|[from] psn
|upkeep
|turn|6
|
|t:|1785263313
|move|p2b: Basculegion|Aqua Jet|p1b: Sneasler
|-damage|p1b: Sneasler|0 fnt
|faint|p1b: Sneasler
|move|p1a: Whimsicott|Moonblast|p2b: Basculegion
|-damage|p2b: Basculegion|6/100 psn
|
|-weather|none
|-damage|p2b: Basculegion|0 fnt|[from] psn
|faint|p2b: Basculegion
|
|win|Shishio_Ax
||Shishio_Ax is ready for game 3.
||DeividSFC19 is ready for game 3.
|uhtml|next|Next: Game 3 of 3
