|j|☆Mortimerd
|j|☆Gentlefish
|html|MortimerdGentlefish    
|uhtml|bestof|Game 2 of a best-of-3
|t:|1757194879
|gametype|doubles
|player|p1|Mortimerd|drayden|1077
|player|p2|Gentlefish|burglar-gen1rb|1153
|gen|9
|tier|[Gen 9] VGC 2025 Reg H (Bo3)
|rated|
|rule|Species Clause: Limit one of each Pokémon
|rule|Item Clause: Limit 1 of each item
|clearpoke
|poke|p1|Sneasler, L50, F|
|poke|p1|Dondozo, L50, F|
|poke|p1|Baxcalibur, L50, M|
|poke|p1|Volcarona, L50, F|
|poke|p1|Rillaboom, L50, F|
|poke|p1|Kingambit, L50, F|
|poke|p2|Garchomp, L50, M|
|poke|p2|Gholdengo, L50|
|poke|p2|Talonflame, L50, F|
|poke|p2|Annihilape, L50, F|
|poke|p2|Weezing-Galar, L50, F|
|poke|p2|Archaludon, L50, M|
|teampreview|4
|showteam|p1|Sneasler||FocusSash|Unburden|Protect,CloseCombat,DireClaw,Coaching|||F|||50|,,,,,Stellar]Dondozo||Leftovers|Unaware|Protect,Yawn,Liquidation,Fissure|||F|||50|,,,,,Bug]Baxcalibur||LoadedDice|ThermalExchange|Protect,IceShard,ScaleShot,IcicleSpear|||M|||50|,,,,,Ghost]Volcarona||CovertCloak|FlameBody|QuiverDance,HeatWave,TeraBlast,RagePowder|||F|||50|,,,,,Fairy]Rillaboom||AssaultVest|GrassySurge|GrassyGlide,FakeOut,HighHorsepower,WoodHammer|||F|||50|,,,,,Water]Kingambit||SafetyGoggles|Defiant|Protect,SwordsDance,KowtowCleave,SuckerPunch|||F|||50|,,,,,Dark
|showteam|p2|Garchomp||LifeOrb|RoughSkin|StompingTantrum,Earthquake,DragonClaw,Protect|||M|||50|,,,,,Ground]Gholdengo||ChoiceSpecs|GoodasGold|MakeItRain,ShadowBall,DazzlingGleam,PowerGem||||||50|,,,,,Fairy]Talonflame||CovertCloak|GaleWings|DualWingbeat,FlareBlitz,Tailwind,Taunt|||F|||50|,,,,,Grass]Annihilape||AssaultVest|Defiant|CloseCombat,RageFist,FinalGambit,IcePunch|||F|||50|,,,,,Grass]Weezing-Galar||FocusSash|NeutralizingGas|SludgeBomb,StrangeSteam,Taunt,Protect|||F|||50|,,,,,Flying]Archaludon||PowerHerb|Sturdy|Thunderbolt,ElectroShot,DracoMeteor,Protect|||M|||50|,,,,,Electric
|
|t:|1757194935
|teamsize|p1|4
|teamsize|p2|4
|start
|switch|p1a: Volcarona|Volcarona, L50, F|100/100
|switch|p1b: Rillaboom|Rillaboom, L50, F|100/100
|switch|p2a: Talonflame|Talonflame, L50, F|100/100
|switch|p2b: Gholdengo|Gholdengo, L50|100/100
|-fieldstart|move: Grassy Terrain|[from] ability: Grassy Surge|[of] p1b: Rillaboom
|turn|1
|
|t:|1757194977
|-terastallize|p1a: Volcarona|Fairy
|-terastallize|p2b: Gholdengo|Fairy
|move|p2a: Talonflame|Dual Wingbeat|p1a: Volcarona|[miss]
|-miss|p2a: Talonflame|p1a: Volcarona
|move|p1a: Volcarona|Quiver Dance|p1a: Volcarona
|-boost|p1a: Volcarona|spa|1
|-boost|p1a: Volcarona|spd|1
|-boost|p1a: Volcarona|spe|1
|move|p2b: Gholdengo|Make It Rain|p1b: Rillaboom|[spread] p1a,p1b
|-supereffective|p1a: Volcarona
|-damage|p1a: Volcarona|7/100
|-damage|p1b: Rillaboom|36/100
|-unboost|p2b: Gholdengo|spa|1
|move|p1b: Rillaboom|High Horsepower|p2b: Gholdengo
|-damage|p2b: Gholdengo|61/100
|
|-heal|p1a: Volcarona|13/100|[from] Grassy Terrain
|-heal|p2b: Gholdengo|67/100|[from] Grassy Terrain
|-heal|p1b: Rillaboom|42/100|[from] Grassy Terrain
|upkeep
|turn|2
|
|t:|1757195014
|switch|p1a: Dondozo|Dondozo, L50, F|100/100
|switch|p2b: Annihilape|Annihilape, L50, F|100/100
|move|p2a: Talonflame|Dual Wingbeat|p1a: Dondozo
|-damage|p1a: Dondozo|91/100
|-damage|p1a: Dondozo|82/100
|-hitcount|p1a: Dondozo|2
|move|p1b: Rillaboom|Wood Hammer|p2b: Annihilape
|-damage|p2b: Annihilape|19/100
|-damage|p1b: Rillaboom|16/100|[from] Recoil
|
|-heal|p2b: Annihilape|25/100|[from] Grassy Terrain
|-heal|p1b: Rillaboom|22/100|[from] Grassy Terrain
|-heal|p1a: Dondozo|88/100|[from] Grassy Terrain
|-heal|p1a: Dondozo|94/100|[from] item: Leftovers
|upkeep
|turn|3
|
|t:|1757195040
|move|p1b: Rillaboom|Grassy Glide|p2b: Annihilape
|-damage|p2b: Annihilape|0 fnt
|faint|p2b: Annihilape
|move|p2a: Talonflame|Taunt|p1a: Dondozo
|-start|p1a: Dondozo|move: Taunt
|move|p1a: Dondozo|Liquidation|p2a: Talonflame
|-supereffective|p2a: Talonflame
|-crit|p2a: Talonflame
|-damage|p2a: Talonflame|0 fnt
|faint|p2a: Talonflame
|
|-heal|p1b: Rillaboom|28/100|[from] Grassy Terrain
|-heal|p1a: Dondozo|99/100|[from] Grassy Terrain
|-heal|p1a: Dondozo|100/100|[from] item: Leftovers
|upkeep
|
|t:|1757195047
|switch|p2a: Gholdengo|Gholdengo, L50, tera:Fairy|67/100
|switch|p2b: Archaludon|Archaludon, L50, M|100/100
|turn|4
|
|t:|1757195076
|switch|p1a: Volcarona|Volcarona, L50, F, tera:Fairy|13/100
|move|p1b: Rillaboom|Grassy Glide|p2a: Gholdengo
|-damage|p2a: Gholdengo|26/100
|move|p2b: Archaludon|Electro Shot||[still]
|-prepare|p2b: Archaludon|Electro Shot
|-boost|p2b: Archaludon|spa|1
|-enditem|p2b: Archaludon|Power Herb
|-anim|p2b: Archaludon|Electro Shot|p1b: Rillaboom
|-resisted|p1b: Rillaboom
|-damage|p1b: Rillaboom|3/100
|move|p2a: Gholdengo|Dazzling Gleam|p1a: Volcarona|[spread] p1a,p1b
|-damage|p1a: Volcarona|0 fnt
|-damage|p1b: Rillaboom|0 fnt
|faint|p1a: Volcarona
|faint|p1b: Rillaboom
|
|-heal|p2a: Gholdengo|32/100|[from] Grassy Terrain
|upkeep
|
|t:|1757195091
|switch|p1a: Dondozo|Dondozo, L50, F|100/100
|switch|p1b: Sneasler|Sneasler, L50, F|100/100
|turn|5
|inactive|Battle timer is ON: inactive players will automatically lose when time's up. (requested by Mortimerd)
|
|t:|1757195125
|move|p1b: Sneasler|Dire Claw|p2a: Gholdengo
|-supereffective|p2a: Gholdengo
|-damage|p2a: Gholdengo|0 fnt
|faint|p2a: Gholdengo
|move|p2b: Archaludon|Thunderbolt|p1b: Sneasler
|-damage|p1b: Sneasler|37/100
|move|p1a: Dondozo|Yawn|p2b: Archaludon
|-start|p2b: Archaludon|move: Yawn|[of] p1a: Dondozo
|
|-heal|p1b: Sneasler|43/100|[from] Grassy Terrain
|-fieldend|move: Grassy Terrain
|upkeep
|turn|6
|
|t:|1757195139
|move|p1b: Sneasler|Protect|p1b: Sneasler
|-singleturn|p1b: Sneasler|Protect
|move|p1a: Dondozo|Protect|p1a: Dondozo
|-singleturn|p1a: Dondozo|Protect
|move|p2b: Archaludon|Thunderbolt|p1b: Sneasler
|-activate|p1b: Sneasler|move: Protect
|
|-end|p2b: Archaludon|move: Yawn|[silent]
|-status|p2b: Archaludon|slp
|upkeep
|turn|7
|
|t:|1757195149
|cant|p2b: Archaludon|slp
|move|p1b: Sneasler|Close Combat|p2b: Archaludon
|-supereffective|p2b: Archaludon
|-ability|p2b: Archaludon|Sturdy
|-damage|p2b: Archaludon|1/100 slp
|-unboost|p1b: Sneasler|def|1
|-unboost|p1b: Sneasler|spd|1
|move|p1a: Dondozo|Liquidation|p2b: Archaludon
|-resisted|p2b: Archaludon
|-damage|p2b: Archaludon|0 fnt
|faint|p2b: Archaludon
|
|win|Mortimerd
|raw|Mortimerd's rating: 1077 → 1112(+35 for winning)
|raw|Gentlefish's rating: 1153 → 1123(-30 for losing)
|l|☆Mortimerd
|player|p1|
|c|☆Gentlefish|gotta say, missing a turn 1 dual wing beat each game to miss a KO does not feel great
|c|☆Gentlefish|but ggwp
