|j|☆failandimprove2
|j|☆blublupblub
|html|failandimprove2blublupblub    
|uhtml|bestof|Game 2 of a best-of-3
|t:|1783196712
|gametype|doubles
|player|p1|failandimprove2|102|1418
|player|p2|blublupblub|akari|1492
|gen|9
|tier|[Gen 9 Champions] VGC 2026 Reg M-B (Bo3)
|rated|
|rule|Species Clause: Limit one of each Pokémon
|rule|Item Clause: Limit 1 of each item
|clearpoke
|poke|p1|Floette-Eternal, L50, F|
|poke|p1|Kingambit, L50, M|
|poke|p1|Garchomp, L50, M|
|poke|p1|Sneasler, L50, F|
|poke|p1|Sinistcha-Masterpiece, L50|
|poke|p1|Incineroar, L50, F|
|poke|p2|Delphox, L50, M|
|poke|p2|Annihilape, L50, M|
|poke|p2|Rotom-Wash, L50|
|poke|p2|Ninetales-Alola, L50, F, shiny|
|poke|p2|Incineroar, L50, F, shiny|
|poke|p2|Kingambit, L50, M, shiny|
|teampreview|4
|showteam|p1|Floette-Eternal||Floettite|FlowerVeil|DazzlingGleam,DrainingKiss,CalmMind,Protect|Timid||F|||50|]Kingambit||ChopleBerry|Defiant|KowtowCleave,SuckerPunch,IronHead,Protect|Adamant||M|||50|]Garchomp||Garchompite|RoughSkin|RockSlide,StompingTantrum,Earthquake,Protect|Adamant||M|||50|]Sneasler||FocusSash|Unburden|FakeOut,CloseCombat,DireClaw,Coaching|Naive||F|||50|]Sinistcha-Masterpiece||KasibBerry|Hospitality|MatchaGotcha,TrickRoom,RagePowder,Protect|Bold|||||50|]Incineroar||SitrusBerry|Intimidate|FakeOut,PartingShot,FlareBlitz,HelpingHand|Sassy||F|||50|
|showteam|p2|Delphox||Delphoxite|Blaze|HeatWave,Psychic,Encore,Protect|Timid||M|||50|]Annihilape||FocusSash|Defiant|CloseCombat,RageFist,Taunt,Protect|Jolly||M|||50|]Rotom-Wash||SitrusBerry|Levitate|HydroPump,VoltSwitch,WillOWisp,LightScreen|Bold|||||50|]Ninetales-Alola||LifeOrb|SnowWarning|Blizzard,Moonblast,FreezeDry,Protect|Timid||F|||50|]Incineroar||PasshoBerry|Intimidate|FlareBlitz,Snarl,FakeOut,PartingShot|Impish||F|||50|]Kingambit||BlackGlasses|Defiant|KowtowCleave,SuckerPunch,IronHead,Protect|Adamant||M|||50|
|inactive|Battle timer is ON: inactive players will automatically lose when time's up. (requested by blublupblub)
|inactive|failandimprove2 also wants the timer to be on.
|inactive|blublupblub has 60 seconds left.
|
|t:|1783196772
|teamsize|p1|4
|teamsize|p2|4
|start
|switch|p1a: Floette|Floette-Eternal, L50, F|100/100
|switch|p1b: Sneasler|Sneasler, L50, F|100/100
|switch|p2a: Serana|Delphox, L50, M|100/100
|switch|p2b: Pugliest|Annihilape, L50, M|100/100
|turn|1
|inactive|failandimprove2 has 30 seconds left.
|inactive|failandimprove2 has 20 seconds left.
|inactive|failandimprove2 has 15 seconds left.
|inactive|failandimprove2 has 10 seconds left.
|
|t:|1783196821
|detailschange|p2a: Serana|Delphox-Mega, L50, M
|-mega|p2a: Serana|Delphox|Delphoxite
|detailschange|p1a: Floette|Floette-Mega, L50, F
|-mega|p1a: Floette|Floette|Floettite
|-ability|p1a: Floette|Fairy Aura
|move|p1b: Sneasler|Fake Out|p2a: Serana
|-damage|p2a: Serana|82/100
|cant|p2a: Serana|flinch
|move|p1a: Floette|Dazzling Gleam|p2a: Serana|[spread] p2a,p2b
|-resisted|p2a: Serana|1
|-supereffective|p2b: Pugliest|1
|-crit|p2b: Pugliest
|-damage|p2a: Serana|63/100
|-enditem|p2b: Pugliest|Focus Sash
|-damage|p2b: Pugliest|1/100
|move|p2b: Pugliest|Rage Fist|p1a: Floette
|-damage|p1a: Floette|45/100
|
|upkeep
|turn|2
|
|t:|1783196847
|switch|p1b: Incineroar|Incineroar, L50, F|100/100
|-ability|p1b: Incineroar|Intimidate|boost
|-unboost|p2a: Serana|atk|1
|-unboost|p2b: Pugliest|atk|1
|-ability|p2b: Pugliest|Defiant|boost
|-boost|p2b: Pugliest|atk|2
|move|p1a: Floette|Protect|p1a: Floette
|-singleturn|p1a: Floette|Protect
|move|p2b: Pugliest|Protect|p2b: Pugliest
|-singleturn|p2b: Pugliest|Protect
|move|p2a: Serana|Heat Wave|p1a: Floette|[spread] p1b
|-activate|p1a: Floette|move: Protect
|-resisted|p1b: Incineroar|1
|-damage|p1b: Incineroar|86/100
|
|upkeep
|turn|3
|
|t:|1783196857
|move|p2a: Serana|Protect|p2a: Serana
|-singleturn|p2a: Serana|Protect
|move|p1b: Incineroar|Fake Out|p2a: Serana
|-activate|p2a: Serana|move: Protect
|move|p1a: Floette|Dazzling Gleam|p2b: Pugliest|[spread] p2b
|-activate|p2a: Serana|move: Protect
|-supereffective|p2b: Pugliest|1
|-crit|p2b: Pugliest
|-damage|p2b: Pugliest|0 fnt
|faint|p2b: Pugliest
|
|upkeep
|
|t:|1783196863
|switch|p2b: Dovahkiin|Ninetales-Alola, L50, F, shiny|100/100
|-weather|Snowscape|[from] ability: Snow Warning|[of] p2b: Dovahkiin
|turn|4
|
|t:|1783196879
|move|p2a: Serana|Encore|p1b: Incineroar
|-start|p1b: Incineroar|Encore
|move|p1b: Incineroar|Fake Out||[still]
|-hint|Fake Out only works on your first turn out.
|-fail|p1b: Incineroar
|move|p2b: Dovahkiin|Moonblast|p1a: Floette
|-damage|p1a: Floette|0 fnt
|faint|p1a: Floette
|-damage|p2b: Dovahkiin|90/100|[from] item: Life Orb
|
|-weather|Snowscape|[upkeep]
|upkeep
|
|t:|1783196897
|switch|p1a: Kingambit|Kingambit, L50, M|100/100
|turn|5
|
|t:|1783196920
|switch|p1b: Sneasler|Sneasler, L50, F|100/100
|move|p1a: Kingambit|Sucker Punch|p2a: Serana
|-supereffective|p2a: Serana|1
|-damage|p2a: Serana|0 fnt
|faint|p2a: Serana
|move|p2b: Dovahkiin|Blizzard|p1a: Kingambit|[spread] p1a,p1b
|-resisted|p1a: Kingambit|1
|-damage|p1a: Kingambit|81/100
|-damage|p1b: Sneasler|42/100
|-damage|p2b: Dovahkiin|81/100|[from] item: Life Orb
|
|-weather|Snowscape|[upkeep]
|upkeep
|
|t:|1783196924
|switch|p2a: Blade|Kingambit, L50, M, shiny|100/100
|turn|6
|inactive|blublupblub has 30 seconds left.
|
|t:|1783196950
|move|p2b: Dovahkiin|Protect|p2b: Dovahkiin
|-singleturn|p2b: Dovahkiin|Protect
|move|p1b: Sneasler|Fake Out|p2a: Blade
|-resisted|p2a: Blade|1
|-damage|p2a: Blade|94/100
|cant|p2a: Blade|flinch
|move|p1a: Kingambit|Iron Head|p2b: Dovahkiin
|-activate|p2b: Dovahkiin|move: Protect
|
|-weather|Snowscape|[upkeep]
|upkeep
|turn|7
|
|t:|1783196958
|move|p2a: Blade|Sucker Punch||[still]
|-fail|p2a: Blade
|move|p1b: Sneasler|Coaching|p1a: Kingambit
|-boost|p1a: Kingambit|atk|1
|-boost|p1a: Kingambit|def|1
|move|p2b: Dovahkiin|Blizzard|p1b: Sneasler|[spread] p1a,p1b
|-resisted|p1a: Kingambit|1
|-damage|p1a: Kingambit|60/100
|-damage|p1b: Sneasler|0 fnt
|faint|p1b: Sneasler
|-damage|p2b: Dovahkiin|71/100|[from] item: Life Orb
|move|p1a: Kingambit|Iron Head|p2b: Dovahkiin
|-supereffective|p2b: Dovahkiin|2
|-damage|p2b: Dovahkiin|0 fnt
|faint|p2b: Dovahkiin
|
|-weather|Snowscape|[upkeep]
|upkeep
|
|t:|1783196962
|switch|p1b: Incineroar|Incineroar, L50, F|86/100
|-ability|p1b: Incineroar|Intimidate|boost
|-unboost|p2a: Blade|atk|1
|-ability|p2a: Blade|Defiant|boost
|-boost|p2a: Blade|atk|2
|turn|8
|
|t:|1783196970
|move|p2a: Blade|Protect|p2a: Blade
|-singleturn|p2a: Blade|Protect
|move|p1b: Incineroar|Fake Out|p2a: Blade
|-activate|p2a: Blade|move: Protect
|move|p1a: Kingambit|Kowtow Cleave|p2a: Blade
|-activate|p2a: Blade|move: Protect
|
|-weather|none
|upkeep
|turn|9
|
|t:|1783196978
|move|p2a: Blade|Kowtow Cleave|p1a: Kingambit
|-resisted|p1a: Kingambit|1
|-damage|p1a: Kingambit|39/100
|move|p1a: Kingambit|Kowtow Cleave|p2a: Blade
|-resisted|p2a: Blade|1
|-damage|p2a: Blade|61/100
|move|p1b: Incineroar|Flare Blitz|p2a: Blade
|-supereffective|p2a: Blade|1
|-damage|p2a: Blade|0 fnt
|faint|p2a: Blade
|-damage|p1b: Incineroar|68/100|[from] Recoil
|
|win|failandimprove2
|raw|failandimprove2's rating: 1418 → 1442(+24 for winning)
|raw|blublupblub's rating: 1492 → 1468(-24 for losing)
