|j|ŌśåLeo0o0o0o0o0o0o
|j|Ōśåteampablo
|html|Leo0o0o0o0o0o0oteampablo    
|uhtml|bestof|Game 1 of a best-of-3
|t:|1783225439
|gametype|doubles
|player|p1|Leo0o0o0o0o0o0o|ethan|1043
|player|p2|teampablo|juan|1000
|gen|9
|tier|[Gen 9 Champions] VGC 2026 Reg M-B (Bo3)
|rated|
|rule|Species Clause: Limit one of each Pok├®mon
|rule|Item Clause: Limit 1 of each item
|clearpoke
|poke|p1|Vileplume, L50, F, shiny|
|poke|p1|Incineroar, L50, F|
|poke|p1|Torkoal, L50, F|
|poke|p1|Pyroar, L50, M|
|poke|p1|Farigiraf, L50, M|
|poke|p1|Floette-Eternal, L50, F|
|poke|p2|Aromatisse, L50, F|
|poke|p2|Spiritomb, L50, M|
|poke|p2|Slowking, L50, M|
|poke|p2|Sylveon, L50, M|
|poke|p2|Meganium, L50, M|
|poke|p2|Chimecho, L50, F|
|teampreview|4
|showteam|p1|Vileplume||FocusSash|Chlorophyll|AfterYou,SludgeBomb,SleepTalk,SolarBeam|Modest||F|||50|]Incineroar||WhiteHerb|Intimidate|CloseCombat,DarkestLariat,FlareBlitz,FakeOut|Adamant||F|||50|]Torkoal||Charcoal|Drought|Eruption,WeatherBall,Protect,HelpingHand|Bold||F|||50|]Pyroar||Pyroarite|Moxie|HeatWave,SolarBeam,Overheat,Protect|Timid||M|||50|]Farigiraf||SitrusBerry|ArmorTail|Psychic,Thunderbolt,Protect,TrickRoom|Bold||M|||50|]Floette-Eternal||Floettite|FlowerVeil|CalmMind,LightofRuin,Moonblast,Protect|Modest||F|||50|
|showteam|p2|Aromatisse||LightClay|AromaVeil|LightScreen,Reflect,AllySwitch,Wish|Calm||F|||50|]Spiritomb||Leftovers|Infiltrator|Snarl,TrickRoom,WillOWisp,AllySwitch|Calm||M|||50|]Slowking||WacanBerry|Regenerator|Scald,TrickRoom,PsychicNoise,ShadowBall|Modest||M|||50|]Sylveon||FairyFeather|Pixilate|HyperVoice,MysticalFire,Copycat,Protect|Calm||M|||50|]Meganium||Meganiumite|Overgrow|SolarBeam,EarthPower,PollenPuff,Synthesis|Sassy||M|||50|]Chimecho||Chimechite|Levitate|Boomburst,TrickRoom,FlashCannon,CosmicPower|Quiet||F|||50|
|inactive|Battle timer is ON: inactive players will automatically lose when time's up. (requested by Leo0o0o0o0o0o0o)
|c|Ōśåteampablo|Hola
|c|Ōśåteampablo|C├│mo va
|c|ŌśåLeo0o0o0o0o0o0o|hola
|c|ŌśåLeo0o0o0o0o0o0o|tdo bien
|c|Ōśåteampablo|Soy de argentina
|inactive|teampablo has 60 seconds left.
|c|ŌśåLeo0o0o0o0o0o0o|Yo tmb
|c|Ōśåteampablo|Agrega si quer├®s
|c|ŌśåLeo0o0o0o0o0o0o|A ver primero la partida
|inactive|teampablo has 30 seconds left.
|inactive|teampablo has 20 seconds left.
|
|t:|1783225513
|teamsize|p1|4
|teamsize|p2|4
|start
|switch|p1a: Incineroar|Incineroar, L50, F|100/100
|switch|p1b: Farigiraf|Farigiraf, L50, M|100/100
|switch|p2a: Aromatisse|Aromatisse, L50, F|100/100
|switch|p2b: Slowking|Slowking, L50, M|100/100
|-ability|p1a: Incineroar|Intimidate|boost
|-unboost|p2a: Aromatisse|atk|1
|-unboost|p2b: Slowking|atk|1
|turn|1
|inactive|Leo0o0o0o0o0o0o has 30 seconds left.
|inactive|teampablo has 30 seconds left.
|inactive|Leo0o0o0o0o0o0o has 20 seconds left.
|
|t:|1783225553
|switch|p2b: Spiritomb|Spiritomb, L50, M|100/100
|move|p1a: Incineroar|Fake Out|p2a: Aromatisse
|-damage|p2a: Aromatisse|84/100
|move|p1b: Farigiraf|Thunderbolt|p2b: Spiritomb
|-damage|p2b: Spiritomb|83/100
|cant|p2a: Aromatisse|flinch
|
|-heal|p2b: Spiritomb|89/100|[from] item: Leftovers
|upkeep
|turn|2
|inactive|Leo0o0o0o0o0o0o has 30 seconds left.
|
|t:|1783225579
|switch|p1a: Torkoal|Torkoal, L50, F|100/100
|-weather|SunnyDay|[from] ability: Drought|[of] p1a: Torkoal
|move|p2b: Spiritomb|Snarl|p1a: Torkoal|[spread] p1a,p1b
|-supereffective|p1b: Farigiraf|1
|-damage|p1a: Torkoal|81/100
|-damage|p1b: Farigiraf|74/100
|-unboost|p1a: Torkoal|spa|1
|-unboost|p1b: Farigiraf|spa|1
|move|p2a: Aromatisse|Light Screen|p2a: Aromatisse
|-sidestart|p2: teampablo|move: Light Screen
|move|p1b: Farigiraf|Trick Room|p1b: Farigiraf
|-fieldstart|move: Trick Room|[of] p1b: Farigiraf
|
|-weather|SunnyDay|[upkeep]
|-heal|p2b: Spiritomb|94/100|[from] item: Leftovers
|upkeep
|turn|3
|inactive|teampablo has 30 seconds left.
|
|t:|1783225605
|switch|p2a: Slowking|Slowking, L50, M|100/100
|switch|p1b: Incineroar|Incineroar, L50, F|100/100
|-ability|p1b: Incineroar|Intimidate|boost
|-unboost|p2a: Slowking|atk|1
|-unboost|p2b: Spiritomb|atk|1
|move|p1a: Torkoal|Eruption|p2a: Slowking|[spread] p2a,p2b
|-resisted|p2a: Slowking|1
|-damage|p2a: Slowking|91/100
|-damage|p2b: Spiritomb|77/100
|move|p2b: Spiritomb|Snarl|p1b: Incineroar|[spread] p1a,p1b
|-resisted|p1b: Incineroar|1
|-damage|p1a: Torkoal|64/100
|-damage|p1b: Incineroar|93/100
|-unboost|p1a: Torkoal|spa|1
|-unboost|p1b: Incineroar|spa|1
|-enditem|p1b: Incineroar|White Herb
|-clearnegativeboost|p1b: Incineroar|[silent]
|
|-weather|SunnyDay|[upkeep]
|-heal|p2b: Spiritomb|82/100|[from] item: Leftovers
|upkeep
|turn|4
|inactive|teampablo has 30 seconds left.
|
|t:|1783225630
|switch|p1a: Farigiraf|Farigiraf, L50, M|74/100
|move|p2b: Spiritomb|Ally Switch|p2b: Spiritomb
|swap|p2b: Spiritomb|0|[from] move: Ally Switch
|move|p2b: Slowking|Scald|p1b: Incineroar
|-supereffective|p1b: Incineroar|1
|-damage|p1b: Incineroar|57/100
|move|p1b: Incineroar|Darkest Lariat|p2a: Spiritomb
|-damage|p2a: Spiritomb|34/100
|
|-weather|SunnyDay|[upkeep]
|-heal|p2a: Spiritomb|40/100|[from] item: Leftovers
|upkeep
|turn|5
|inactive|teampablo has 30 seconds left.
|
|t:|1783225660
|switch|p2a: Aromatisse|Aromatisse, L50, F|84/100
|move|p2b: Slowking|Scald|p1b: Incineroar
|-supereffective|p1b: Incineroar|1
|-damage|p1b: Incineroar|23/100
|move|p1b: Incineroar|Flare Blitz|p2a: Aromatisse
|-damage|p2a: Aromatisse|0 fnt
|faint|p2a: Aromatisse
|-damage|p1b: Incineroar|0 fnt|[from] Recoil
|faint|p1b: Incineroar
|move|p1a: Farigiraf|Thunderbolt|p2b: Slowking
|-supereffective|p2b: Slowking|1
|-enditem|p2b: Slowking|Wacan Berry|[eat]
|-enditem|p2b: Slowking|Wacan Berry|[weaken]
|-damage|p2b: Slowking|79/100
|
|-weather|SunnyDay|[upkeep]
|upkeep
|
|t:|1783225681
|switch|p2a: Spiritomb|Spiritomb, L50, M|40/100
|switch|p1b: Pyroar|Pyroar, L50, M|100/100
|turn|6
|
|t:|1783225698
|detailschange|p1b: Pyroar|Pyroar-Mega, L50, M
|-mega|p1b: Pyroar|Pyroar|Pyroarite
|move|p1b: Pyroar|Protect|p1b: Pyroar
|-singleturn|p1b: Pyroar|Protect
|move|p2b: Slowking|Scald|p1b: Pyroar
|-activate|p1b: Pyroar|move: Protect
|move|p2a: Spiritomb|Snarl|p1b: Pyroar|[spread] p1a
|-activate|p1b: Pyroar|move: Protect
|-supereffective|p1a: Farigiraf|1
|-damage|p1a: Farigiraf|51/100
|-unboost|p1a: Farigiraf|spa|1
|move|p1a: Farigiraf|Thunderbolt|p2b: Slowking
|-supereffective|p2b: Slowking|1
|-damage|p2b: Slowking|62/100
|
|-weather|none
|-heal|p2a: Spiritomb|45/100|[from] item: Leftovers
|-fieldend|move: Trick Room
|upkeep
|turn|7
|inactive|Leo0o0o0o0o0o0o has 30 seconds left.
|inactive|teampablo has 30 seconds left.
|
|t:|1783225729
|switch|p1a: Torkoal|Torkoal, L50, F|64/100
|-weather|SunnyDay|[from] ability: Drought|[of] p1a: Torkoal
|move|p1b: Pyroar|Solar Beam||[still]
|-prepare|p1b: Pyroar|Solar Beam
|-anim|p1b: Pyroar|Solar Beam|p2a: Spiritomb
|-damage|p2a: Spiritomb|22/100
|move|p2a: Spiritomb|Snarl|p1b: Pyroar|[spread] p1a,p1b
|-damage|p1a: Torkoal|45/100
|-damage|p1b: Pyroar|84/100
|-unboost|p1a: Torkoal|spa|1
|-unboost|p1b: Pyroar|spa|1
|move|p2b: Slowking|Scald|p1b: Pyroar
|-supereffective|p1b: Pyroar|1
|-damage|p1b: Pyroar|33/100
|
|-weather|SunnyDay|[upkeep]
|-heal|p2a: Spiritomb|28/100|[from] item: Leftovers
|upkeep
|turn|8
|c|ŌśåLeo0o0o0o0o0o0o|Justo ahora no queres hacer ally switch la concha puta
|inactive|Leo0o0o0o0o0o0o has 30 seconds left.
|inactive|teampablo has 30 seconds left.
|
|t:|1783225758
|move|p1b: Pyroar|Protect|p1b: Pyroar
|-singleturn|p1b: Pyroar|Protect
|move|p1a: Torkoal|Protect|p1a: Torkoal
|-singleturn|p1a: Torkoal|Protect
|move|p2a: Spiritomb|Ally Switch|p2a: Spiritomb
|swap|p2a: Spiritomb|1|[from] move: Ally Switch
|move|p2a: Slowking|Scald|p1b: Pyroar
|-activate|p1b: Pyroar|move: Protect
|
|-weather|SunnyDay|[upkeep]
|-heal|p2b: Spiritomb|33/100|[from] item: Leftovers
|upkeep
|turn|9
|
|t:|1783225782
|move|p1b: Pyroar|Solar Beam||[still]
|-prepare|p1b: Pyroar|Solar Beam
|-anim|p1b: Pyroar|Solar Beam|p2a: Slowking
|-supereffective|p2a: Slowking|1
|-damage|p2a: Slowking|30/100
|move|p2b: Spiritomb|Snarl|p1a: Torkoal|[spread] p1b
|-miss|p2b: Spiritomb|p1a: Torkoal
|-damage|p1b: Pyroar|17/100
|-unboost|p1b: Pyroar|spa|1
|move|p2a: Slowking|Scald|p1b: Pyroar
|-supereffective|p1b: Pyroar|1
|-damage|p1b: Pyroar|0 fnt
|faint|p1b: Pyroar
|move|p1a: Torkoal|Weather Ball|p2b: Spiritomb
|-damage|p2b: Spiritomb|15/100
|
|-weather|SunnyDay|[upkeep]
|-heal|p2b: Spiritomb|21/100|[from] item: Leftovers
|-sideend|p2: teampablo|move: Light Screen
|upkeep
|inactive|Leo0o0o0o0o0o0o has 30 seconds left.
|c|ŌśåLeo0o0o0o0o0o0o|Amigo q tan bulky van a ser
|
|t:|1783225809
|switch|p1b: Farigiraf|Farigiraf, L50, M|51/100
|turn|10
|
|t:|1783225827
|move|p1a: Torkoal|Protect|p1a: Torkoal
|-singleturn|p1a: Torkoal|Protect
|move|p2b: Spiritomb|Snarl|p1a: Torkoal|[spread] p1b
|-activate|p1a: Torkoal|move: Protect
|-supereffective|p1b: Farigiraf|1
|-damage|p1b: Farigiraf|24/100
|-unboost|p1b: Farigiraf|spa|1
|-enditem|p1b: Farigiraf|Sitrus Berry|[eat]
|-heal|p1b: Farigiraf|49/100|[from] item: Sitrus Berry
|move|p2a: Slowking|Scald|p1a: Torkoal
|-activate|p1a: Torkoal|move: Protect
|move|p1b: Farigiraf|Trick Room|p1b: Farigiraf
|-fieldstart|move: Trick Room|[of] p1b: Farigiraf
|
|-weather|SunnyDay|[upkeep]
|-heal|p2b: Spiritomb|27/100|[from] item: Leftovers
|upkeep
|turn|11
|inactive|Leo0o0o0o0o0o0o has 30 seconds left.
|
|t:|1783225858
|-heal|p2a: Slowking|63/100|[from] ability: Regenerator|[silent]
|switch|p2a: Chimecho|Chimecho, L50, F|100/100
|move|p1a: Torkoal|Weather Ball|p2a: Chimecho
|-damage|p2a: Chimecho|62/100
|move|p2b: Spiritomb|Snarl|p1a: Torkoal|[spread] p1a,p1b
|-supereffective|p1b: Farigiraf|1
|-damage|p1a: Torkoal|28/100
|-damage|p1b: Farigiraf|23/100
|-unboost|p1a: Torkoal|spa|1
|-unboost|p1b: Farigiraf|spa|1
|move|p1b: Farigiraf|Thunderbolt|p2b: Spiritomb
|-damage|p2b: Spiritomb|17/100
|
|-weather|none
|-heal|p2b: Spiritomb|23/100|[from] item: Leftovers
|upkeep
|turn|12
|c|Ōśåteampablo|Que tal?
|c|Ōśåteampablo|Estoy aprendiendo igual
|inactive|Leo0o0o0o0o0o0o has 30 seconds left.
|c|ŌśåLeo0o0o0o0o0o0o|Es el equipo mas hincha bolas con el q haya jugado
|c|ŌśåLeo0o0o0o0o0o0o|Buena
|c|ŌśåLeo0o0o0o0o0o0o|gg
|inactive|Leo0o0o0o0o0o0o has 20 seconds left.
|c|ŌśåLeo0o0o0o0o0o0o|Chupame la pija
|-message|Leo0o0o0o0o0o0o forfeited.
|
|win|teampablo
