|j|☆Lev001
|j|☆Nachorg14
|html|Lev001Nachorg14    
|uhtml|bestof|Game 1 of a best-of-3
|t:|1785437081
|gametype|doubles
|player|p1|Lev001|169|1115
|player|p2|Nachorg14|266|1214
|gen|9
|tier|[Gen 9 Champions] VGC 2026 Reg M-B (Bo3)
|rated|
|rule|Species Clause: Limit one of each Pokémon
|rule|Item Clause: Limit 1 of each item
|clearpoke
|poke|p1|Whimsicott, L50, F|
|poke|p1|Garchomp, L50, F|
|poke|p1|Tyranitar, L50, M|
|poke|p1|Charizard, L50, F|
|poke|p1|Sinistcha, L50|
|poke|p1|Milotic, L50, M|
|poke|p2|Whimsicott, L50, F|
|poke|p2|Sylveon, L50, M|
|poke|p2|Kingambit, L50, M|
|poke|p2|Charizard, L50, M|
|poke|p2|Basculegion, L50, M|
|poke|p2|Garchomp, L50, F|
|teampreview|4
|showteam|p1|Whimsicott||FocusSash|Prankster|Moonblast,Tailwind,Encore,Protect|Timid||F|||50|]Garchomp||LifeOrb|RoughSkin|Earthquake,StompingTantrum,DragonClaw,Protect|Jolly||F|||50|]Tyranitar||ChoiceScarf|SandStream|RockSlide,KnockOff,LowKick,IcePunch|Jolly||M|||50|]Charizard||CharizarditeY|Blaze|HeatWave,WeatherBall,SolarBeam,Protect|Modest||F|||50|]Sinistcha||KasibBerry|Hospitality|MatchaGotcha,RagePowder,ShadowBall,Protect|Modest|||||50|]Milotic||Leftovers|Competitive|Protect,IceBeam,WeatherBall,Scald|Bold||M|||50|
|showteam|p2|Whimsicott||FocusSash|Prankster|Protect,Encore,Tailwind,Moonblast|Timid||F|||50|]Sylveon||FairyFeather|Pixilate|HyperBeam,HyperVoice,Detect,QuickAttack|Modest||M|||50|]Kingambit||ChopleBerry|Defiant|KowtowCleave,SuckerPunch,IronHead,LowKick|Adamant||M|||50|]Charizard||CharizarditeY|Blaze|WeatherBall,HeatWave,Protect,SolarBeam|Modest||M|||50|]Basculegion||MysticWater|Adaptability|LastRespects,AquaJet,Protect,WaveCrash|Adamant||M|||50|]Garchomp||LifeOrb|RoughSkin|Protect,Earthquake,DragonClaw,RockSlide|Jolly||F|||50|
|inactive|Battle timer is ON: inactive players will automatically lose when time's up. (requested by Nachorg14)
|
|t:|1785437124
|teamsize|p1|4
|teamsize|p2|4
|start
|switch|p1a: Whimsicott|Whimsicott, L50, F|100/100
|switch|p1b: Charizard|Charizard, L50, F|100/100
|switch|p2a: Sra.Fidelia|Whimsicott, L50, F|100/100
|switch|p2b: Pidaña|Basculegion, L50, M|100/100
|turn|1
|inactive|Lev001 has 30 seconds left.
|
|t:|1785437152
|detailschange|p1b: Charizard|Charizard-Mega-Y, L50, F
|-mega|p1b: Charizard|Charizard|Charizardite Y
|-weather|SunnyDay|[from] ability: Drought|[of] p1b: Charizard
|move|p2a: Sra.Fidelia|Tailwind|p2a: Sra.Fidelia
|-sidestart|p2: Nachorg14|move: Tailwind
|move|p2b: Pidaña|Wave Crash|p1b: Charizard
|-supereffective|p1b: Charizard|1
|-damage|p1b: Charizard|0 fnt
|faint|p1b: Charizard
|-damage|p2b: Pidaña|70/100|[from] Recoil
|move|p1a: Whimsicott|Moonblast|p2a: Sra.Fidelia
|-crit|p2a: Sra.Fidelia
|-damage|p2a: Sra.Fidelia|11/100
|
|-weather|SunnyDay|[upkeep]
|upkeep
|
|t:|1785437171
|switch|p1b: Milotic|Milotic, L50, M|100/100
|turn|2
|
|t:|1785437181
|switch|p2b: Cheeto|Charizard, L50, M|100/100
|move|p2a: Sra.Fidelia|Protect|p2a: Sra.Fidelia
|-singleturn|p2a: Sra.Fidelia|Protect
|move|p1a: Whimsicott|Tailwind|p1a: Whimsicott
|-sidestart|p1: Lev001|move: Tailwind
|move|p1b: Milotic|Weather Ball|p2a: Sra.Fidelia
|-activate|p2a: Sra.Fidelia|move: Protect
|
|-weather|SunnyDay|[upkeep]
|upkeep
|turn|3
|inactive|Lev001 has 30 seconds left.
|inactive|Nachorg14 has 30 seconds left.
|
|t:|1785437214
|switch|p1b: Tyranitar|Tyranitar, L50, M|100/100
|-weather|Sandstorm|[from] ability: Sand Stream|[of] p1b: Tyranitar
|move|p1a: Whimsicott|Protect|p1a: Whimsicott
|-singleturn|p1a: Whimsicott|Protect
|move|p2a: Sra.Fidelia|Encore|p1a: Whimsicott
|-activate|p1a: Whimsicott|move: Protect
|move|p2b: Cheeto|Solar Beam||[still]
|-prepare|p2b: Cheeto|Solar Beam
|
|-weather|Sandstorm|[upkeep]
|-damage|p2a: Sra.Fidelia|5/100|[from] Sandstorm
|-damage|p1a: Whimsicott|94/100|[from] Sandstorm
|-damage|p2b: Cheeto|93/100|[from] Sandstorm
|upkeep
|turn|4
|
|t:|1785437238
|switch|p1a: Milotic|Milotic, L50, M|100/100
|move|p2a: Sra.Fidelia|Encore||[still]
|-fail|p2a: Sra.Fidelia
|move|p1b: Tyranitar|Rock Slide|p2a: Sra.Fidelia|[spread] p2a,p2b
|-supereffective|p2b: Cheeto|2
|-damage|p2a: Sra.Fidelia|0 fnt
|-damage|p2b: Cheeto|0 fnt
|faint|p2a: Sra.Fidelia
|faint|p2b: Cheeto
|
|-weather|Sandstorm|[upkeep]
|-damage|p1a: Milotic|94/100|[from] Sandstorm
|-heal|p1a: Milotic|100/100|[from] item: Leftovers
|-sideend|p2: Nachorg14|move: Tailwind
|upkeep
|
|t:|1785437252
|switch|p2a: Pidaña|Basculegion, L50, M|70/100
|switch|p2b: La Pulga|Garchomp, L50, F|100/100
|turn|5
|
|t:|1785437271
|move|p2b: La Pulga|Protect|p2b: La Pulga
|-singleturn|p2b: La Pulga|Protect
|move|p2a: Pidaña|Protect|p2a: Pidaña
|-singleturn|p2a: Pidaña|Protect
|move|p1b: Tyranitar|Rock Slide|p2b: La Pulga|[spread] 
|-activate|p2a: Pidaña|move: Protect
|-activate|p2b: La Pulga|move: Protect
|move|p1a: Milotic|Weather Ball|p2a: Pidaña
|-activate|p2a: Pidaña|move: Protect
|
|-weather|Sandstorm|[upkeep]
|-damage|p1a: Milotic|94/100|[from] Sandstorm
|-damage|p2a: Pidaña|64/100|[from] Sandstorm
|-heal|p1a: Milotic|100/100|[from] item: Leftovers
|-sideend|p1: Lev001|move: Tailwind
|upkeep
|turn|6
|
|t:|1785437289
|move|p1b: Tyranitar|Rock Slide|p2a: Pidaña|[spread] p2a,p2b
|-resisted|p2b: La Pulga|1
|-damage|p2a: Pidaña|33/100
|-damage|p2b: La Pulga|86/100
|cant|p2b: La Pulga|flinch
|move|p2a: Pidaña|Last Respects|p1a: Milotic
|-damage|p1a: Milotic|32/100
|move|p1a: Milotic|Ice Beam|p2b: La Pulga
|-supereffective|p2b: La Pulga|2
|-crit|p2b: La Pulga
|-damage|p2b: La Pulga|0 fnt
|faint|p2b: La Pulga
|
|-weather|Sandstorm|[upkeep]
|-damage|p2a: Pidaña|27/100|[from] Sandstorm
|-damage|p1a: Milotic|26/100|[from] Sandstorm
|-heal|p1a: Milotic|32/100|[from] item: Leftovers
|upkeep
|turn|7
|-message|Nachorg14 forfeited.
|
|win|Lev001
|l|☆Nachorg14
|player|p2|
||Nachorg14 is ready for game 2.
||Lev001 is ready for game 2.
|uhtml|next|Next: Game 2 of 3
|l|☆Lev001
|player|p1|
|j|☆Lev001
|player|p1|Lev001|169|
