|j|☆aqawa
|j|☆phuc_lamvgc
|html|aqawaphuc_lamvgc    
|uhtml|bestof|Game 2 of a best-of-3
|t:|1784121872
|gametype|doubles
|player|p1|aqawa|102|1164
|player|p2|phuc_lamvgc|miku-ghost|1126
|gen|9
|tier|[Gen 9 Champions] VGC 2026 Reg M-B (Bo3)
|rated|
|rule|Species Clause: Limit one of each Pokémon
|rule|Item Clause: Limit 1 of each item
|clearpoke
|poke|p1|Basculegion, L50, M|
|poke|p1|Talonflame, L50, F|
|poke|p1|Kingambit, L50, F|
|poke|p1|Maushold-Four, L50|
|poke|p1|Gardevoir, L50, F|
|poke|p1|Kommo-o, L50, M|
|poke|p2|Blastoise, L50, M|
|poke|p2|Delphox, L50, M|
|poke|p2|Kingambit, L50, M|
|poke|p2|Sneasler, L50, M|
|poke|p2|Incineroar, L50, M|
|poke|p2|Sinistcha, L50|
|teampreview|4
|showteam|p1|Basculegion||ChoiceScarf|Adaptability|WaveCrash,LastRespects,FlipTurn,AquaJet|Jolly||M|||50|]Talonflame||SharpBeak|GaleWings|DualWingbeat,Tailwind,FlareBlitz,Protect|Jolly||F|||50|]Kingambit||ExpertBelt|Defiant|IronHead,LowKick,KowtowCleave,SuckerPunch|Jolly||F|||50|]Maushold-Four||FocusSash|FriendGuard|SuperFang,FollowMe,Protect,Feint|Jolly|||||50|]Gardevoir||Gardevoirite|Telepathy|Psychic,HyperVoice,TrickRoom,Protect|Quiet||F|||50|]Kommo-o||LifeOrb|Soundproof|Protect,DracoMeteor,ClangingScales,AuraSphere|Modest||M|||50|
|showteam|p2|Blastoise||Blastoisinite|Torrent|WaterSpout,DarkPulse,ShellSmash,Protect|Modest||M|||50|]Delphox||Delphoxite|Blaze|HeatWave,Psyshock,NastyPlot,Protect|Timid||M|||50|]Kingambit||BlackGlasses|Defiant|KowtowCleave,SuckerPunch,SwordsDance,Protect|Adamant||M|||50|]Sneasler||FocusSash|Unburden|CloseCombat,DireClaw,FakeOut,QuickGuard|Jolly||M|||50|]Incineroar||SitrusBerry|Intimidate|FlareBlitz,ThroatChop,FakeOut,PartingShot|Impish||M|||50|]Sinistcha||KasibBerry|Hospitality|MatchaGotcha,RagePowder,LifeDew,Protect|Bold|||||50|
|inactive|Battle timer is ON: inactive players will automatically lose when time's up. (requested by aqawa)
|
|t:|1784121892
|teamsize|p1|4
|teamsize|p2|4
|start
|switch|p1a: Talonflame|Talonflame, L50, F|100/100
|switch|p1b: Kommo-o|Kommo-o, L50, M|100/100
|switch|p2a: Delphox|Delphox, L50, M|100/100
|switch|p2b: Incineroar|Incineroar, L50, M|100/100
|-ability|p2b: Incineroar|Intimidate|boost
|-unboost|p1a: Talonflame|atk|1
|-unboost|p1b: Kommo-o|atk|1
|turn|1
|
|t:|1784121910
|detailschange|p2a: Delphox|Delphox-Mega, L50, M
|-mega|p2a: Delphox|Delphox|Delphoxite
|move|p1a: Talonflame|Protect|p1a: Talonflame
|-singleturn|p1a: Talonflame|Protect
|move|p1b: Kommo-o|Protect|p1b: Kommo-o
|-singleturn|p1b: Kommo-o|Protect
|move|p2b: Incineroar|Fake Out|p1b: Kommo-o
|-activate|p1b: Kommo-o|move: Protect
|move|p2a: Delphox|Nasty Plot|p2a: Delphox
|-boost|p2a: Delphox|spa|2
|
|upkeep
|turn|2
|
|t:|1784121921
|move|p1a: Talonflame|Tailwind|p1a: Talonflame
|-sidestart|p1: aqawa|move: Tailwind
|move|p1b: Kommo-o|Clanging Scales|p2a: Delphox|[spread] p2a,p2b
|-damage|p2a: Delphox|50/100g
|-damage|p2b: Incineroar|51/100
|-unboost|p1b: Kommo-o|def|1
|-damage|p1b: Kommo-o|90/100|[from] item: Life Orb
|move|p2a: Delphox|Psyshock|p1b: Kommo-o
|-supereffective|p1b: Kommo-o|1
|-damage|p1b: Kommo-o|0 fnt
|faint|p1b: Kommo-o
|move|p2b: Incineroar|Parting Shot|p1a: Talonflame
|-unboost|p1a: Talonflame|atk|1
|-unboost|p1a: Talonflame|spa|1
|
|t:|1784121924
|switch|p2b: Sinistcha|Sinistcha, L50|100/100|[from] Parting Shot
|-heal|p2a: Delphox|75/100|[from] ability: Hospitality|[of] p2b: Sinistcha
|
|upkeep
|
|t:|1784121933
|switch|p1b: Basculegion|Basculegion, L50, M|100/100
|turn|3
|
|t:|1784121942
|move|p2a: Delphox|Protect|p2a: Delphox
|-singleturn|p2a: Delphox|Protect
|move|p1a: Talonflame|Dual Wingbeat|p2b: Sinistcha
|-supereffective|p2b: Sinistcha|1
|-damage|p2b: Sinistcha|85/100
|-supereffective|p2b: Sinistcha|1
|-damage|p2b: Sinistcha|68/100
|-hitcount|p2b: Sinistcha|2
|move|p1b: Basculegion|Last Respects|p2a: Delphox
|-activate|p2a: Delphox|move: Protect
|move|p2b: Sinistcha|Matcha Gotcha|p1b: Basculegion|[spread] p1a,p1b
|-resisted|p1a: Talonflame|2
|-supereffective|p1b: Basculegion|1
|-damage|p1a: Talonflame|90/100
|-heal|p2b: Sinistcha|72/100|[from] drain|[of] p1a: Talonflame
|-damage|p1b: Basculegion|40/100
|-heal|p2b: Sinistcha|100/100|[from] drain|[of] p1b: Basculegion
|
|upkeep
|turn|4
|
|t:|1784121955
|move|p2b: Sinistcha|Rage Powder|p2b: Sinistcha
|-singleturn|p2b: Sinistcha|move: Rage Powder
|move|p1b: Basculegion|Last Respects|p2b: Sinistcha
|-supereffective|p2b: Sinistcha|1
|-enditem|p2b: Sinistcha|Kasib Berry|[eat]
|-enditem|p2b: Sinistcha|Kasib Berry|[weaken]
|-damage|p2b: Sinistcha|52/100
|move|p1a: Talonflame|Dual Wingbeat|p2b: Sinistcha
|-supereffective|p2b: Sinistcha|1
|-damage|p2b: Sinistcha|38/100
|-supereffective|p2b: Sinistcha|1
|-crit|p2b: Sinistcha
|-damage|p2b: Sinistcha|0 fnt
|faint|p2b: Sinistcha
|-hitcount|p2: Sinistcha|2
|move|p2a: Delphox|Heat Wave|p1a: Talonflame|[spread] p1a,p1b
|-resisted|p1a: Talonflame|1
|-resisted|p1b: Basculegion|1
|-damage|p1a: Talonflame|29/100
|-damage|p1b: Basculegion|0 fnt
|faint|p1b: Basculegion
|
|upkeep
|
|t:|1784121971
|switch|p1b: Kingambit|Kingambit, L50, F|100/100
|switch|p2b: Incineroar|Incineroar, L50, M|51/100
|-ability|p2b: Incineroar|Intimidate|boost
|-unboost|p1a: Talonflame|atk|1
|-unboost|p1b: Kingambit|atk|1
|-ability|p1b: Kingambit|Defiant|boost
|-boost|p1b: Kingambit|atk|2
|turn|5
|
|t:|1784121987
|move|p2b: Incineroar|Fake Out|p1b: Kingambit
|-resisted|p1b: Kingambit|1
|-damage|p1b: Kingambit|95/100
|move|p1a: Talonflame|Dual Wingbeat|p2a: Delphox
|-damage|p2a: Delphox|64/100
|-damage|p2a: Delphox|54/100
|-hitcount|p2a: Delphox|2
|cant|p1b: Kingambit|flinch
|move|p2a: Delphox|Heat Wave|p1a: Talonflame|[spread] p1a,p1b
|-resisted|p1a: Talonflame|1
|-supereffective|p1b: Kingambit|1
|-damage|p1a: Talonflame|0 fnt
|-damage|p1b: Kingambit|0 fnt
|faint|p1a: Talonflame
|faint|p1b: Kingambit
|
|win|phuc_lamvgc
||aqawa is ready for game 3.
|inactive|phuc_lamvgc has 30 seconds to confirm battle start!
||phuc_lamvgc is ready for game 3.
|uhtml|next|Next: Game 3 of 3
|l|☆aqawa
|player|p1|
