|j|☆MudByChu
|j|☆dukeenzo
|html|MudByChudukeenzo    
|uhtml|bestof|Game 1 of a best-of-3
|t:|1757831302
|gametype|doubles
|player|p1|MudByChu|kieran|
|player|p2|dukeenzo|irida|
|gen|9
|tier|[Gen 9] VGC 2025 Reg H (Bo3)
|rule|Species Clause: Limit one of each Pokémon
|rule|Item Clause: Limit 1 of each item
|clearpoke
|poke|p1|Archaludon, L50, F|
|poke|p1|Farigiraf, L50, F|
|poke|p1|Indeedee-F, L50, F|
|poke|p1|Ursaluna, L50, F|
|poke|p1|Meowscarada, L50, F|
|poke|p1|Incineroar, L50, M|
|poke|p2|Barraskewda, L50, M|
|poke|p2|Farigiraf, L50, M|
|poke|p2|Ursaluna-Bloodmoon, L50, M|
|poke|p2|Dragapult, L50, F|
|poke|p2|Rillaboom, L50, F|
|poke|p2|Zoroark, L50, M|
|teampreview|4
|showteam|p1|Archaludon||AssaultVest|Stamina|ElectroShot,BodyPress,DracoMeteor,FlashCannon|||F|||50|,,,,,Fairy]Farigiraf||PsychicSeed|ArmorTail|TrickRoom,Psychic,Protect,FoulPlay|||F|||50|,,,,,Dark]Indeedee-F||SafetyGoggles|PsychicSurge|FollowMe,Psychic,Protect,TrickRoom|||F|||50|,,,,,Psychic]Ursaluna||FlameOrb|Guts|Facade,HeadlongRush,Protect,CloseCombat|||F|||50|,,,,,Normal]Meowscarada||ChoiceScarf|Protean|FlowerTrick,KnockOff,PlayRough,Uturn|||F|||50|,,,,,Grass]Incineroar||RockyHelmet|Intimidate|FakeOut,PartingShot,FlareBlitz,KnockOff|||M|||50|,,,,,Grass
|showteam|p2|Barraskewda||ChoiceBand|PropellerTail|CloseCombat,PsychicFangs,Waterfall,ThroatChop|||M|||50|,,,,,Fighting]Farigiraf||SitrusBerry|ArmorTail|AllySwitch,HyperVoice,Protect,TrickRoom|||M|||50|,,,,,Dark]Ursaluna-Bloodmoon||AssaultVest|MindsEye|BloodMoon,HyperVoice,EarthPower,VacuumWave|||M|||50|,,,,,Normal]Dragapult||PowerHerb|ClearBody|DragonDarts,Protect,PhantomForce,Uturn|||F|||50|,,,,,Dragon]Rillaboom||GrassySeed|GrassySurge|WoodHammer,Uturn,GrassyGlide,FakeOut|||F|||50|,,,,,Fire]Zoroark||FocusSash|Illusion|Encore,Protect,FakeTears,Snarl|||M|||50|,,,,,Dark
|
|t:|1757831372
|teamsize|p1|4
|teamsize|p2|4
|start
|switch|p1a: Ursaluna|Ursaluna, L50, F|100/100
|switch|p1b: Farigiraf|Farigiraf, L50, F|100/100
|switch|p2a: Ursaluna|Ursaluna-Bloodmoon, L50, M|100/100
|switch|p2b: Dragapult|Dragapult, L50, F|100/100
|turn|1
|
|t:|1757831458
|move|p1b: Farigiraf|Protect|p1b: Farigiraf
|-singleturn|p1b: Farigiraf|Protect
|move|p2b: Dragapult|Fake Tears|p1b: Farigiraf
|-activate|p1b: Farigiraf|move: Protect
|move|p2a: Ursaluna|Blood Moon|p1b: Farigiraf
|-activate|p1b: Farigiraf|move: Protect
|move|p1a: Ursaluna|Close Combat|p2a: Ursaluna
|-supereffective|p2a: Ursaluna
|-crit|p2a: Ursaluna
|-damage|p2a: Ursaluna|0 fnt
|-unboost|p1a: Ursaluna|def|1
|-unboost|p1a: Ursaluna|spd|1
|faint|p2a: Ursaluna
|
|-status|p1a: Ursaluna|brn|[from] item: Flame Orb
|upkeep
|
|t:|1757831467
|switch|p2a: Barraskewda|Barraskewda, L50, M|100/100
|turn|2
|
|t:|1757831504
|move|p1a: Ursaluna|Protect|p1a: Ursaluna
|-singleturn|p1a: Ursaluna|Protect
|move|p2a: Barraskewda|Close Combat|p1a: Ursaluna
|-activate|p1a: Ursaluna|move: Protect
|move|p2b: Dragapult|Encore|p1b: Farigiraf
|-start|p1b: Farigiraf|Encore
|move|p1b: Farigiraf|Protect||[still]
|-fail|p1b: Farigiraf
|
|-damage|p1a: Ursaluna|95/100 brn|[from] brn
|upkeep
|turn|3
|
|t:|1757831551
|switch|p1b: Archaludon|Archaludon, L50, F|100/100
|switch|p1a: Incineroar|Incineroar, L50, M|100/100
|-ability|p1a: Incineroar|Intimidate|boost
|-unboost|p2a: Barraskewda|atk|1
|-unboost|p2b: Dragapult|atk|1
|move|p2a: Barraskewda|Close Combat|p1a: Incineroar
|-supereffective|p1a: Incineroar
|-damage|p1a: Incineroar|22/100
|-unboost|p2a: Barraskewda|def|1
|-unboost|p2a: Barraskewda|spd|1
|-damage|p2a: Barraskewda|84/100|[from] item: Rocky Helmet|[of] p1a: Incineroar
|move|p2b: Dragapult|Snarl|p1a: Incineroar|[spread] p1a,p1b
|-resisted|p1a: Incineroar
|-damage|p1a: Incineroar|15/100
|-damage|p1b: Archaludon|87/100
|-unboost|p1a: Incineroar|spa|1
|-unboost|p1b: Archaludon|spa|1
|-ability|p1b: Archaludon|Stamina|boost
|-boost|p1b: Archaludon|def|1
|
|upkeep
|turn|4
|
|t:|1757831588
|switch|p2a: Dragapult|Dragapult, L50, F|100/100
|move|p2b: Dragapult|Protect|p2b: Dragapult
|-singleturn|p2b: Dragapult|Protect
|move|p1a: Incineroar|Fake Out|p2a: Dragapult
|-immune|p2a: Dragapult
|move|p1b: Archaludon|Body Press|p2b: Dragapult
|-activate|p2b: Dragapult|move: Protect
|
|upkeep
|turn|5
|
|t:|1757831685
|switch|p1b: Ursaluna|Ursaluna, L50, F|95/100 brn
|switch|p1a: Farigiraf|Farigiraf, L50, F|100/100
|move|p2a: Dragapult|Phantom Force||[still]
|-prepare|p2a: Dragapult|Phantom Force
|-enditem|p2a: Dragapult|Power Herb
|-anim|p2a: Dragapult|Phantom Force|p1b: Ursaluna
|-immune|p1b: Ursaluna
|move|p2b: Dragapult|Encore||[still]
|-fail|p2b: Dragapult
|
|-damage|p1b: Ursaluna|89/100 brn|[from] brn
|upkeep
|turn|6
|
|t:|1757831795
|-terastallize|p1a: Farigiraf|Dark
|move|p2b: Dragapult|Protect|p2b: Dragapult
|-singleturn|p2b: Dragapult|Protect
|move|p2a: Dragapult|U-turn|p1a: Farigiraf
|-supereffective|p1a: Farigiraf
|-crit|p1a: Farigiraf
|-damage|p1a: Farigiraf|19/100
|
|t:|1757831801
|switch|p2a: Barraskewda|Barraskewda, L50, M|84/100|[from] U-turn
|move|p1a: Farigiraf|Foul Play|p2a: Barraskewda
|-damage|p2a: Barraskewda|0 fnt
|faint|p2a: Barraskewda
|move|p1b: Ursaluna|Facade|p2b: Dragapult
|-activate|p2b: Dragapult|move: Protect
|
|-damage|p1b: Ursaluna|83/100 brn|[from] brn
|upkeep
|
|t:|1757831813
|switch|p2a: Dragapult|Dragapult, L50, F|100/100
|turn|7
|
|t:|1757831854
|switch|p1a: Incineroar|Incineroar, L50, M|15/100
|-ability|p1a: Incineroar|Intimidate|boost
|-fail|p2a: Dragapult|unboost|[from] ability: Clear Body|[of] p2a: Dragapult
|-unboost|p2b: Dragapult|atk|1
|move|p2a: Dragapult|Dragon Darts|p1b: Ursaluna
|-damage|p1b: Ursaluna|63/100 brn
|-anim|p2a: Dragapult|Dragon Darts|p1a: Incineroar
|-damage|p1a: Incineroar|0 fnt
|faint|p1a: Incineroar
|move|p2b: Dragapult|Encore|p1b: Ursaluna
|-start|p1b: Ursaluna|Encore
|move|p1b: Ursaluna|Facade|p2b: Dragapult
|-enditem|p2b: Dragapult|Focus Sash
|-damage|p2b: Dragapult|1/100
|replace|p2b: Zoroark|Zoroark, L50, M
|-end|p2b: Zoroark|Illusion
|
|-damage|p1b: Ursaluna|57/100 brn|[from] brn
|upkeep
|
|t:|1757831881
|switch|p1a: Archaludon|Archaludon, L50, F|87/100
|turn|8
|
|t:|1757831911
|-terastallize|p2a: Dragapult|Dragon
|move|p2b: Zoroark|Protect|p2b: Zoroark
|-singleturn|p2b: Zoroark|Protect
|move|p2a: Dragapult|Dragon Darts|p1b: Ursaluna
|-damage|p1b: Ursaluna|31/100 brn
|-anim|p2a: Dragapult|Dragon Darts|p1a: Archaludon
|-damage|p1a: Archaludon|56/100
|-ability|p1a: Archaludon|Stamina|boost
|-boost|p1a: Archaludon|def|1
|move|p1a: Archaludon|Draco Meteor|p2a: Dragapult|[miss]
|-miss|p1a: Archaludon|p2a: Dragapult
|move|p1b: Ursaluna|Facade|p2b: Zoroark
|-activate|p2b: Zoroark|move: Protect
|
|-damage|p1b: Ursaluna|25/100 brn|[from] brn
|upkeep
|turn|9
|
|t:|1757831943
|move|p2a: Dragapult|Protect|p2a: Dragapult
|-singleturn|p2a: Dragapult|Protect
|move|p2b: Zoroark|Snarl|p1b: Ursaluna|[spread] p1a,p1b
|-damage|p1a: Archaludon|42/100
|-damage|p1b: Ursaluna|9/100 brn
|-unboost|p1a: Archaludon|spa|1
|-unboost|p1b: Ursaluna|spa|1
|-ability|p1a: Archaludon|Stamina|boost
|-boost|p1a: Archaludon|def|1
|move|p1a: Archaludon|Draco Meteor|p2a: Dragapult
|-activate|p2a: Dragapult|move: Protect
|move|p1b: Ursaluna|Facade|p2b: Zoroark
|-damage|p2b: Zoroark|0 fnt
|faint|p2b: Zoroark
|
|-damage|p1b: Ursaluna|3/100 brn|[from] brn
|-end|p1b: Ursaluna|Encore
|upkeep
|turn|10
|
|t:|1757831962
|move|p2a: Dragapult|Protect|p2a: Dragapult
|-singleturn|p2a: Dragapult|Protect
|move|p1a: Archaludon|Draco Meteor|p2a: Dragapult
|-activate|p2a: Dragapult|move: Protect
|move|p1b: Ursaluna|Facade|p2a: Dragapult
|-activate|p2a: Dragapult|move: Protect
|
|-damage|p1b: Ursaluna|0 fnt|[from] brn
|faint|p1b: Ursaluna
|upkeep
|
|t:|1757831966
|switch|p1b: Farigiraf|Farigiraf, L50, F, tera:Dark|19/100
|turn|11
|
|t:|1757832004
|move|p2a: Dragapult|Dragon Darts|p1a: Archaludon
|-damage|p1a: Archaludon|25/100
|-ability|p1a: Archaludon|Stamina|boost
|-boost|p1a: Archaludon|def|1
|-anim|p2a: Dragapult|Dragon Darts|p1b: Farigiraf
|-damage|p1b: Farigiraf|0 fnt
|faint|p1b: Farigiraf
|move|p1a: Archaludon|Draco Meteor|p2a: Dragapult
|-supereffective|p2a: Dragapult
|-damage|p2a: Dragapult|0 fnt
|-unboost|p1a: Archaludon|spa|2
|faint|p2a: Dragapult
|
|win|MudByChu
||dukeenzo is ready for game 2.
|inactive|MudByChu has 30 seconds to confirm battle start!
||MudByChu is ready for game 2.
|uhtml|next|Next: Game 2 of 3
|l|☆MudByChu
|player|p1|
|j|☆MudByChu
|player|p1|MudByChu|kieran|
|l|☆MudByChu
|player|p1|
