|j|☆sdasdwa
|j|☆That1Morpecko
|html|sdasdwaThat1Morpecko    
|uhtml|bestof|Game 2 of a best-of-3
|t:|1783012975
|gametype|doubles
|player|p1|sdasdwa|2|1044
|player|p2|That1Morpecko|hiker-gen4|1036
|gen|9
|tier|[Gen 9 Champions] VGC 2026 Reg M-B (Bo3)
|rated|
|rule|Species Clause: Limit one of each Pokémon
|rule|Item Clause: Limit 1 of each item
|clearpoke
|poke|p1|Rotom-Wash, L50|
|poke|p1|Ariados, L50, M|
|poke|p1|Garchomp, L50, F|
|poke|p1|Aerodactyl, L50, F|
|poke|p1|Banette, L50, M|
|poke|p1|Eelektross, L50, F|
|poke|p2|Sinistcha, L50|
|poke|p2|Incineroar, L50, F|
|poke|p2|Milotic, L50, F|
|poke|p2|Raichu, L50, F|
|poke|p2|Floette-Eternal, L50, F|
|poke|p2|Ceruledge, L50, M|
|teampreview|4
|showteam|p1|Rotom-Wash||SitrusBerry|Levitate|WillOWisp,HydroPump,Protect,VoltSwitch|Calm|||||50|]Ariados||ChestoBerry|Sniper|RagePowder,Protect,PoisonJab,Rest|Careful||M|||50|]Garchomp||LifeOrb|RoughSkin|Earthquake,DragonClaw,StompingTantrum,Protect|Jolly||F|||50|]Aerodactyl||FocusSash|Unnerve|Tailwind,DualWingbeat,RockSlide,Protect|Jolly||F|||50|]Banette||Banettite|Frisk|WillOWisp,Poltergeist,ThroatChop,Protect|Careful||M|||50|]Eelektross||Eelektrossite|Levitate|GigaDrain,Protect,Thunderbolt,Flamethrower|Modest||F|||50|
|showteam|p2|Sinistcha||KasibBerry|Hospitality|MatchaGotcha,LifeDew,RagePowder,Protect|Relaxed|||||50|]Incineroar||SitrusBerry|Intimidate|FlareBlitz,ThroatChop,FakeOut,PartingShot|Impish||F|||50|]Milotic||Leftovers|Competitive|MuddyWater,Coil,Hypnosis,Protect|Calm||F|||50|]Raichu||RaichuniteY|LightningRod|ZapCannon,FocusBlast,FakeOut,Protect|Timid||F|||50|]Floette-Eternal||Floettite|FlowerVeil|DazzlingGleam,DrainingKiss,CalmMind,Protect|Timid||F|||50|]Ceruledge||ColburBerry|FlashFire|BitterBlade,ShadowSneak,BulkUp,Protect|Adamant||M|||50|
|inactive|Battle timer is ON: inactive players will automatically lose when time's up. (requested by That1Morpecko)
|inactive|That1Morpecko has 60 seconds left.
|
|t:|1783013008
|teamsize|p1|4
|teamsize|p2|4
|start
|switch|p1a: Rotom|Rotom-Wash, L50|100/100
|switch|p1b: Aerodactyl|Aerodactyl, L50, F|100/100
|switch|p2a: Raichu|Raichu, L50, F|100/100
|switch|p2b: Incineroar|Incineroar, L50, F|100/100
|-ability|p1b: Aerodactyl|Unnerve
|-ability|p2b: Incineroar|Intimidate|boost
|-unboost|p1a: Rotom|atk|1
|-unboost|p1b: Aerodactyl|atk|1
|turn|1
|
|t:|1783013021
|switch|p1a: Ariados|Ariados, L50, M|100/100
|detailschange|p2a: Raichu|Raichu-Mega-Y, L50, F
|-mega|p2a: Raichu|Raichu|Raichunite Y
|move|p2b: Incineroar|Fake Out|p1a: Ariados
|-damage|p1a: Ariados|85/100
|move|p1b: Aerodactyl|Tailwind|p1b: Aerodactyl
|-sidestart|p1: sdasdwa|move: Tailwind
|move|p2a: Raichu|Zap Cannon|p1b: Aerodactyl
|-supereffective|p1b: Aerodactyl|1
|-enditem|p1b: Aerodactyl|Focus Sash
|-damage|p1b: Aerodactyl|1/100
|-status|p1b: Aerodactyl|par
|
|upkeep
|turn|2
|
|t:|1783013046
|move|p1a: Ariados|Rage Powder|p1a: Ariados
|-singleturn|p1a: Ariados|move: Rage Powder
|move|p1b: Aerodactyl|Rock Slide|p2a: Raichu|[spread] p2a,p2b
|-supereffective|p2b: Incineroar|1
|-damage|p2a: Raichu|73/100
|-damage|p2b: Incineroar|75/100
|cant|p2a: Raichu|flinch
|move|p2b: Incineroar|Flare Blitz|p1a: Ariados
|-supereffective|p1a: Ariados|1
|-damage|p1a: Ariados|0 fnt
|faint|p1a: Ariados
|-damage|p2b: Incineroar|50/100g|[from] Recoil
|
|upkeep
|
|t:|1783013054
|switch|p1a: Rotom|Rotom-Wash, L50|100/100
|turn|3
|
|t:|1783013070
|move|p1a: Rotom|Hydro Pump|p2a: Raichu
|-damage|p2a: Raichu|24/100
|move|p1b: Aerodactyl|Rock Slide|p2a: Raichu|[spread] p2a,p2b
|-supereffective|p2b: Incineroar|1
|-damage|p2a: Raichu|0 fnt
|-damage|p2b: Incineroar|26/100
|faint|p2a: Raichu
|move|p2b: Incineroar|Flare Blitz|p1b: Aerodactyl
|-resisted|p1b: Aerodactyl|1
|-crit|p1b: Aerodactyl
|-damage|p1b: Aerodactyl|0 fnt
|-enditem|p2b: Incineroar|Sitrus Berry|[eat]
|-heal|p2b: Incineroar|51/100|[from] item: Sitrus Berry
|faint|p1b: Aerodactyl
|-damage|p2b: Incineroar|50/100g|[from] Recoil
|
|upkeep
|
|t:|1783013079
|switch|p1b: Banette|Banette, L50, M|100/100
|switch|p2a: Milotic|Milotic, L50, F|100/100
|-item|p2a: Milotic|Leftovers|[from] ability: Frisk|[of] p1b: Banette
|turn|4
|
|t:|1783013099
|detailschange|p1b: Banette|Banette-Mega, L50, M
|-mega|p1b: Banette|Banette|Banettite
|move|p1a: Rotom|Hydro Pump|p2b: Incineroar|[miss]
|-miss|p1a: Rotom|p2b: Incineroar
|move|p1b: Banette|Poltergeist|p2a: Milotic
|-activate|p2a: Milotic|move: Poltergeist|Leftovers
|-damage|p2a: Milotic|53/100
|move|p2a: Milotic|Coil|p2a: Milotic
|-boost|p2a: Milotic|atk|1
|-boost|p2a: Milotic|def|1
|-boost|p2a: Milotic|accuracy|1
|move|p2b: Incineroar|Throat Chop|p1b: Banette
|-supereffective|p1b: Banette|1
|-crit|p1b: Banette
|-damage|p1b: Banette|0 fnt
|faint|p1b: Banette
|
|-heal|p2a: Milotic|59/100|[from] item: Leftovers
|-sideend|p1: sdasdwa|move: Tailwind
|upkeep
|turn|5
|
|t:|1783013115
|move|p1a: Rotom|Hydro Pump|p2b: Incineroar
|-supereffective|p2b: Incineroar|1
|-crit|p2b: Incineroar
|-damage|p2b: Incineroar|0 fnt
|faint|p2b: Incineroar
|move|p2a: Milotic|Coil|p2a: Milotic
|-boost|p2a: Milotic|atk|1
|-boost|p2a: Milotic|def|1
|-boost|p2a: Milotic|accuracy|1
|
|-heal|p2a: Milotic|65/100|[from] item: Leftovers
|upkeep
|
|t:|1783013118
|switch|p2b: Sinistcha|Sinistcha, L50|100/100
|-heal|p2a: Milotic|90/100|[from] ability: Hospitality|[of] p2b: Sinistcha
|turn|6
|-message|sdasdwa forfeited.
|
|win|That1Morpecko
|raw|sdasdwa's rating: 1044 → 1027(-17 for losing)
|raw|That1Morpecko's rating: 1036 → 1071(+35 for winning)
|l|☆sdasdwa
|player|p1|
