|j|☆Jasondddd
|j|☆MausoldMyBeer
|html|JasonddddMausoldMyBeer    
|uhtml|bestof|Game 2 of a best-of-3
|t:|1757911246
|gametype|doubles
|player|p1|Jasondddd|169|1342
|player|p2|MausoldMyBeer|102|1354
|gen|9
|tier|[Gen 9] VGC 2025 Reg H (Bo3)
|rated|
|rule|Species Clause: Limit one of each Pokémon
|rule|Item Clause: Limit 1 of each item
|clearpoke
|poke|p1|Volcarona, L50, M|
|poke|p1|Electabuzz, L50, M|
|poke|p1|Rillaboom, L50, F|
|poke|p1|Murkrow, L50, M|
|poke|p1|Ursaluna-Bloodmoon, L50, M|
|poke|p1|Basculegion, L50, M|
|poke|p2|Sneasler, L50, F|
|poke|p2|Indeedee, L50, M|
|poke|p2|Volcarona, L50, M|
|poke|p2|Ursaluna-Bloodmoon, L50, M|
|poke|p2|Annihilape, L50, M|
|poke|p2|Tyranitar, L50, M|
|teampreview|4
|showteam|p1|Volcarona||CovertCloak|FlameBody|Protect,QuiverDance,HeatWave,TeraBlast|||M|||50|,,,,,Dragon]Electabuzz||Eviolite|VitalSpirit|Protect,Thunderbolt,Taunt,FollowMe|||M|||50|,,,,,Fairy]Rillaboom||AssaultVest|GrassySurge|FakeOut,GrassyGlide,WoodHammer,Uturn|||F|||50|,,,,,Fire]Murkrow||FocusSash|Prankster|Protect,FoulPlay,Tailwind,Haze|||M|||50|,,,,,Ghost]Ursaluna-Bloodmoon||LifeOrb|MindsEye|Protect,EarthPower,HyperVoice,BloodMoon|||M|||50|,,,,,Normal]Basculegion||ChoiceScarf|Adaptability|FlipTurn,AquaJet,LastRespects,WaveCrash|||M|||50|,,,,,Fairy
|showteam|p2|Sneasler||PsychicSeed|Unburden|CloseCombat,DireClaw,ThroatChop,Protect|||F|||50|,,,,,Dark]Indeedee||ChoiceScarf|PsychicSurge|ExpandingForce,TeraBlast,Trick,HyperVoice|||M|||50|,,,,,Psychic]Volcarona||SitrusBerry|FlameBody|Overheat,StruggleBug,RagePowder,Tailwind|||M|||50|,,,,,Grass]Ursaluna-Bloodmoon||LifeOrb|MindsEye|BloodMoon,HyperVoice,EarthPower,Protect|||M|||50|,,,,,Normal]Annihilape||SafetyGoggles|Defiant|CloseCombat,RageFist,Taunt,FinalGambit|||M|||50|,,,,,Fairy]Tyranitar||AssaultVest|SandStream|RockSlide,KnockOff,TeraBlast,LowKick|||M|||50|,,,,,Flying
|inactive|Battle timer is ON: inactive players will automatically lose when time's up. (requested by MausoldMyBeer)
|
|t:|1757911276
|teamsize|p1|4
|teamsize|p2|4
|start
|switch|p1a: Basculegion|Basculegion, L50, M|100/100
|switch|p1b: Murkrow|Murkrow, L50, M|100/100
|switch|p2a: Volcarona|Volcarona, L50, M, shiny|100/100
|switch|p2b: Tyranitar|Tyranitar, L50, M, shiny|100/100
|-weather|Sandstorm|[from] ability: Sand Stream|[of] p2b: Tyranitar
|turn|1
|
|t:|1757911300
|-terastallize|p2a: Volcarona|Grass
|move|p2a: Volcarona|Rage Powder|p2a: Volcarona
|-singleturn|p2a: Volcarona|move: Rage Powder
|move|p1b: Murkrow|Tailwind|p1b: Murkrow
|-sidestart|p1: Jasondddd|move: Tailwind
|move|p1a: Basculegion|Flip Turn|p2a: Volcarona
|-resisted|p2a: Volcarona
|-damage|p2a: Volcarona|79/100
|
|t:|1757911309
|switch|p1a: Rillaboom|Rillaboom, L50, F|100/100|[from] Flip Turn
|-fieldstart|move: Grassy Terrain|[from] ability: Grassy Surge|[of] p1a: Rillaboom
|move|p2b: Tyranitar|Knock Off|p1a: Rillaboom
|-damage|p1a: Rillaboom|41/100
|-enditem|p1a: Rillaboom|Assault Vest|[from] move: Knock Off|[of] p2b: Tyranitar
|
|-weather|Sandstorm|[upkeep]
|-damage|p1b: Murkrow|95/100|[from] Sandstorm
|-damage|p1a: Rillaboom|35/100|[from] Sandstorm
|-damage|p2a: Volcarona|73/100|[from] Sandstorm
|-heal|p1a: Rillaboom|41/100|[from] Grassy Terrain
|-heal|p2a: Volcarona|79/100|[from] Grassy Terrain
|upkeep
|turn|2
|
|t:|1757911324
|switch|p1b: Volcarona|Volcarona, L50, M|100/100
|move|p1a: Rillaboom|Wood Hammer|p2b: Tyranitar
|-supereffective|p2b: Tyranitar
|-damage|p2b: Tyranitar|0 fnt
|faint|p2b: Tyranitar
|-damage|p1a: Rillaboom|9/100|[from] Recoil
|move|p2a: Volcarona|Tailwind|p2a: Volcarona
|-sidestart|p2: MausoldMyBeer|move: Tailwind
|
|-weather|Sandstorm|[upkeep]
|-damage|p2a: Volcarona|73/100|[from] Sandstorm
|-damage|p1b: Volcarona|95/100|[from] Sandstorm
|-damage|p1a: Rillaboom|3/100|[from] Sandstorm
|-heal|p2a: Volcarona|79/100|[from] Grassy Terrain
|-heal|p1b: Volcarona|100/100|[from] Grassy Terrain
|-heal|p1a: Rillaboom|9/100|[from] Grassy Terrain
|upkeep
|
|t:|1757911336
|switch|p2b: Indeedee|Indeedee, L50, M, shiny|100/100
|-fieldstart|move: Psychic Terrain|[from] ability: Psychic Surge|[of] p2b: Indeedee
|turn|3
|
|t:|1757911345
|switch|p1a: Murkrow|Murkrow, L50, M|95/100
|move|p1b: Volcarona|Protect|p1b: Volcarona
|-singleturn|p1b: Volcarona|Protect
|move|p2b: Indeedee|Expanding Force|p1a: Murkrow|[spread] 
|-activate|p1b: Volcarona|move: Protect
|-immune|p1a: Murkrow
|move|p2a: Volcarona|Struggle Bug|p1a: Murkrow|[spread] p1a
|-activate|p1b: Volcarona|move: Protect
|-damage|p1a: Murkrow|62/100
|-unboost|p1a: Murkrow|spa|1
|
|-weather|Sandstorm|[upkeep]
|-damage|p2b: Indeedee|95/100|[from] Sandstorm
|-damage|p2a: Volcarona|73/100|[from] Sandstorm
|-damage|p1a: Murkrow|56/100|[from] Sandstorm
|-damage|p1b: Volcarona|95/100|[from] Sandstorm
|upkeep
|turn|4
|
|t:|1757911367
|switch|p1a: Rillaboom|Rillaboom, L50, F|9/100
|-fieldstart|move: Grassy Terrain|[from] ability: Grassy Surge|[of] p1a: Rillaboom
|move|p2b: Indeedee|Expanding Force|p1b: Volcarona
|-damage|p1b: Volcarona|54/100
|move|p2a: Volcarona|Struggle Bug|p1a: Rillaboom|[spread] p1a,p1b
|-supereffective|p1a: Rillaboom
|-resisted|p1b: Volcarona
|-damage|p1a: Rillaboom|0 fnt
|-damage|p1b: Volcarona|46/100
|faint|p1a: Rillaboom
|move|p1b: Volcarona|Quiver Dance|p1b: Volcarona
|-boost|p1b: Volcarona|spa|1
|-boost|p1b: Volcarona|spd|1
|-boost|p1b: Volcarona|spe|1
|
|-weather|Sandstorm|[upkeep]
|-damage|p2b: Indeedee|89/100|[from] Sandstorm
|-damage|p1b: Volcarona|40/100|[from] Sandstorm
|-damage|p2a: Volcarona|67/100|[from] Sandstorm
|-heal|p2b: Indeedee|95/100|[from] Grassy Terrain
|-heal|p1b: Volcarona|46/100|[from] Grassy Terrain
|-heal|p2a: Volcarona|73/100|[from] Grassy Terrain
|-sideend|p1: Jasondddd|move: Tailwind
|upkeep
|
|t:|1757911387
|switch|p1a: Murkrow|Murkrow, L50, M|56/100
|turn|5
|
|t:|1757911404
|switch|p2b: Sneasler|Sneasler, L50, F, shiny|100/100
|move|p1a: Murkrow|Protect|p1a: Murkrow
|-singleturn|p1a: Murkrow|Protect
|move|p1b: Volcarona|Protect|p1b: Volcarona
|-singleturn|p1b: Volcarona|Protect
|move|p2a: Volcarona|Overheat|p1b: Volcarona
|-activate|p1b: Volcarona|move: Protect
|
|-weather|none
|-heal|p2a: Volcarona|79/100|[from] Grassy Terrain
|-heal|p1b: Volcarona|52/100|[from] Grassy Terrain
|-sideend|p2: MausoldMyBeer|move: Tailwind
|upkeep
|turn|6
|
|t:|1757911427
|switch|p2a: Indeedee|Indeedee, L50, M, shiny|95/100
|-fieldstart|move: Psychic Terrain|[from] ability: Psychic Surge|[of] p2a: Indeedee
|-enditem|p2b: Sneasler|Psychic Seed
|-boost|p2b: Sneasler|spd|1|[from] item: Psychic Seed
|move|p1a: Murkrow|Tailwind|p1a: Murkrow
|-sidestart|p1: Jasondddd|move: Tailwind
|move|p1b: Volcarona|Heat Wave|p2a: Indeedee|[spread] p2a,p2b
|-damage|p2a: Indeedee|17/100
|-damage|p2b: Sneasler|50/100
|move|p2b: Sneasler|Dire Claw|p1b: Volcarona
|-damage|p1b: Volcarona|0 fnt
|faint|p1b: Volcarona
|
|upkeep
|
|t:|1757911443
|switch|p1b: Basculegion|Basculegion, L50, M|100/100
|turn|7
|
|t:|1757911461
|move|p1b: Basculegion|Last Respects|p2b: Sneasler
|-damage|p2b: Sneasler|0 fnt
|faint|p2b: Sneasler
|move|p1a: Murkrow|Foul Play|p2a: Indeedee
|-supereffective|p2a: Indeedee
|-damage|p2a: Indeedee|0 fnt
|faint|p2a: Indeedee
|
|upkeep
|
|t:|1757911469
|switch|p2b: Volcarona|Volcarona, L50, M, shiny, tera:Grass|79/100
|turn|8
|
|t:|1757911476
|move|p1b: Basculegion|Last Respects|p2b: Volcarona
|-damage|p2b: Volcarona|0 fnt
|faint|p2b: Volcarona
|
|win|Jasondddd
||MausoldMyBeer is ready for game 3.
||Jasondddd is ready for game 3.
|uhtml|next|Next: Game 3 of 3
|l|☆MausoldMyBeer
|player|p2|
