|j|☆Scoseb
|j|☆thaduck
|html|Scosebthaduck    
|uhtml|bestof|Game 1 of a best-of-3
|t:|1783518679
|gametype|doubles
|player|p1|Scoseb|brycenman|1192
|player|p2|thaduck|morty|1248
|gen|9
|tier|[Gen 9 Champions] VGC 2026 Reg M-B (Bo3)
|rated|
|rule|Species Clause: Limit one of each Pokémon
|rule|Item Clause: Limit 1 of each item
|clearpoke
|poke|p1|Staraptor, L50, F|
|poke|p1|Zoroark-Hisui, L50, M|
|poke|p1|Gholdengo, L50|
|poke|p1|Whimsicott, L50, M|
|poke|p1|Incineroar, L50, M|
|poke|p1|Drampa, L50, F|
|poke|p2|Hydreigon, L50, M|
|poke|p2|Gholdengo, L50|
|poke|p2|Garchomp, L50, F|
|poke|p2|Charizard, L50, F|
|poke|p2|Incineroar, L50, F|
|poke|p2|Venusaur, L50, M|
|teampreview|4
|showteam|p1|Staraptor||Staraptite|Reckless|CloseCombat,Protect,BraveBird,Roost|Jolly||F|||50|]Zoroark-Hisui||FocusSash|Illusion|BitterMalice,IcyWind,Taunt,FakeTears|Timid||M|||50|]Gholdengo||LifeOrb|GoodasGold|MakeItRain,ShadowBall,Protect,PowerGem|Modest|||||50|]Whimsicott||FairyFeather|Prankster|Tailwind,Moonblast,Charm,Protect|Timid||M|||50|]Incineroar||SitrusBerry|Intimidate|FakeOut,PartingShot,FlareBlitz,DarkestLariat|Careful||M|||50|]Drampa||Drampanite|CloudNine|HyperVoice,DragonPulse,Protect,CalmMind|Timid||F|||50|
|showteam|p2|Hydreigon||FocusSash|Levitate|DracoMeteor,Snarl,Tailwind,Protect|Timid||M|||50|]Gholdengo||LifeOrb|GoodasGold|MakeItRain,Protect,ShadowBall,NastyPlot|Timid|||||50|]Garchomp||ChoiceScarf|RoughSkin|DragonClaw,Earthquake,PoisonJab,RockSlide|Adamant||F|||50|]Charizard||CharizarditeY|Blaze|HeatWave,WeatherBall,SolarBeam,Protect|Modest||F|||50|]Incineroar||SitrusBerry|Intimidate|FlareBlitz,FakeOut,PartingShot,Taunt|Impish||F|||50|]Venusaur||Venusaurite|Chlorophyll|SludgeBomb,GigaDrain,EarthPower,Protect|Modest||M|||50|
|inactive|Battle timer is ON: inactive players will automatically lose when time's up. (requested by Scoseb)
|inactive|thaduck has 60 seconds left.
|inactive|thaduck has 30 seconds left.
|
|t:|1783518742
|teamsize|p1|4
|teamsize|p2|4
|start
|switch|p1a: Incineroar|Incineroar, L50, M|100/100
|switch|p1b: Gholdengo|Gholdengo, L50|100/100
|switch|p2a: Gholdengo|Gholdengo, L50|100/100
|switch|p2b: Hydreigon|Hydreigon, L50, M|100/100
|turn|1
|inactive|Scoseb has 30 seconds left.
|
|t:|1783518774
|switch|p2a: Garchomp|Garchomp, L50, F|100/100
|switch|p1b: Incineroar|Incineroar, L50, M|100/100
|-ability|p1b: Incineroar|Intimidate|boost
|-unboost|p2a: Garchomp|atk|1
|-unboost|p2b: Hydreigon|atk|1
|move|p1a: Incineroar|Icy Wind|p2a: Garchomp|[spread] p2a
|-miss|p1a: Incineroar|p2b: Hydreigon
|-supereffective|p2a: Garchomp|2
|-crit|p2a: Garchomp
|-damage|p2a: Garchomp|9/100
|-unboost|p2a: Garchomp|spe|1
|move|p2b: Hydreigon|Snarl|p1b: Incineroar|[spread] p1a,p1b
|-supereffective|p1a: Incineroar|1
|-resisted|p1b: Incineroar|1
|-damage|p1a: Incineroar|12/100
|-damage|p1b: Incineroar|93/100
|-unboost|p1a: Incineroar|spa|1
|-unboost|p1b: Incineroar|spa|1
|replace|p1a: Zoroark|Zoroark-Hisui, L50, M
|-end|p1a: Zoroark|Illusion
|
|upkeep
|turn|2
|inactive|thaduck has 30 seconds left.
|
|t:|1783518807
|move|p2b: Hydreigon|Protect|p2b: Hydreigon
|-singleturn|p2b: Hydreigon|Protect
|move|p1b: Incineroar|Fake Out|p2b: Hydreigon
|-activate|p2b: Hydreigon|move: Protect
|move|p1a: Zoroark|Icy Wind|p2a: Garchomp|[spread] p2a
|-activate|p2b: Hydreigon|move: Protect
|-supereffective|p2a: Garchomp|2
|-damage|p2a: Garchomp|0 fnt
|faint|p2a: Garchomp
|
|upkeep
|
|t:|1783518814
|switch|p2a: Charizard|Charizard, L50, F|100/100
|turn|3
|
|t:|1783518832
|detailschange|p2a: Charizard|Charizard-Mega-Y, L50, F
|-mega|p2a: Charizard|Charizard|Charizardite Y
|-weather|SunnyDay|[from] ability: Drought|[of] p2a: Charizard
|move|p1a: Zoroark|Icy Wind|p2b: Hydreigon|[spread] p2a,p2b
|-supereffective|p2b: Hydreigon|1
|-damage|p2a: Charizard|90/100
|-damage|p2b: Hydreigon|77/100
|-unboost|p2a: Charizard|spe|1
|-unboost|p2b: Hydreigon|spe|1
|move|p2b: Hydreigon|Tailwind|p2b: Hydreigon
|-sidestart|p2: thaduck|move: Tailwind
|move|p2a: Charizard|Heat Wave|p1b: Incineroar|[spread] p1a,p1b
|-resisted|p1b: Incineroar|1
|-damage|p1a: Zoroark|0 fnt
|-damage|p1b: Incineroar|69/100
|faint|p1a: Zoroark
|move|p1b: Incineroar|Flare Blitz|p2a: Charizard
|-resisted|p2a: Charizard|1
|-damage|p2a: Charizard|55/100
|-damage|p1b: Incineroar|58/100|[from] Recoil
|
|-weather|SunnyDay|[upkeep]
|upkeep
|
|t:|1783518852
|switch|p1a: Staraptor|Staraptor, L50, F|100/100
|turn|4
|
|t:|1783518869
|detailschange|p1a: Staraptor|Staraptor-Mega, L50, F
|-mega|p1a: Staraptor|Staraptor|Staraptite
|move|p1a: Staraptor|Protect|p1a: Staraptor
|-singleturn|p1a: Staraptor|Protect
|move|p2b: Hydreigon|Draco Meteor|p1a: Staraptor
|-activate|p1a: Staraptor|move: Protect
|move|p2a: Charizard|Weather Ball|p1a: Staraptor
|-activate|p1a: Staraptor|move: Protect
|move|p1b: Incineroar|Parting Shot|p2a: Charizard
|-unboost|p2a: Charizard|atk|1
|-unboost|p2a: Charizard|spa|1
|
|t:|1783518881
|switch|p1b: Gholdengo|Gholdengo, L50|100/100|[from] Parting Shot
|
|-weather|SunnyDay|[upkeep]
|upkeep
|turn|5
|inactive|thaduck has 30 seconds left.
|
|t:|1783518908
|switch|p2b: Gholdengo|Gholdengo, L50|100/100
|switch|p1a: Incineroar|Incineroar, L50, M|58/100
|-ability|p1a: Incineroar|Intimidate|boost
|-unboost|p2a: Charizard|atk|1
|-unboost|p2b: Gholdengo|atk|1
|move|p1b: Gholdengo|Protect|p1b: Gholdengo
|-singleturn|p1b: Gholdengo|Protect
|move|p2a: Charizard|Weather Ball|p1b: Gholdengo
|-activate|p1b: Gholdengo|move: Protect
|
|-weather|SunnyDay|[upkeep]
|upkeep
|turn|6
|
|t:|1783518926
|move|p2b: Gholdengo|Protect|p2b: Gholdengo
|-singleturn|p2b: Gholdengo|Protect
|move|p2a: Charizard|Weather Ball|p1a: Incineroar
|-resisted|p1a: Incineroar|1
|-damage|p1a: Incineroar|38/100
|-enditem|p1a: Incineroar|Sitrus Berry|[eat]
|-heal|p1a: Incineroar|62/100|[from] item: Sitrus Berry
|move|p1b: Gholdengo|Power Gem|p2a: Charizard
|-supereffective|p2a: Charizard|2
|-damage|p2a: Charizard|0 fnt
|faint|p2a: Charizard
|-damage|p1b: Gholdengo|90/100|[from] item: Life Orb
|move|p1a: Incineroar|Flare Blitz|p2b: Gholdengo
|-activate|p2b: Gholdengo|move: Protect
|
|-weather|SunnyDay|[upkeep]
|-sideend|p2: thaduck|move: Tailwind
|upkeep
|
|t:|1783518932
|switch|p2a: Hydreigon|Hydreigon, L50, M|77/100
|turn|7
|inactive|thaduck has 30 seconds left.
|
|t:|1783518963
|move|p2a: Hydreigon|Draco Meteor|p1a: Incineroar|[miss]
|-miss|p2a: Hydreigon|p1a: Incineroar
|move|p2b: Gholdengo|Shadow Ball|p1a: Incineroar
|-resisted|p1a: Incineroar|1
|-damage|p1a: Incineroar|46/100
|-damage|p2b: Gholdengo|90/100|[from] item: Life Orb
|move|p1b: Gholdengo|Shadow Ball|p2b: Gholdengo
|-supereffective|p2b: Gholdengo|1
|-damage|p2b: Gholdengo|0 fnt
|faint|p2b: Gholdengo
|-damage|p1b: Gholdengo|81/100|[from] item: Life Orb
|move|p1a: Incineroar|Flare Blitz|p2a: Hydreigon
|-resisted|p2a: Hydreigon|1
|-damage|p2a: Hydreigon|38/100
|-damage|p1a: Incineroar|35/100|[from] Recoil
|
|-weather|none
|upkeep
|turn|8
|
|t:|1783518981
|move|p2a: Hydreigon|Draco Meteor|p1a: Incineroar
|-damage|p1a: Incineroar|0 fnt
|-unboost|p2a: Hydreigon|spa|2
|faint|p1a: Incineroar
|move|p1b: Gholdengo|Make It Rain|p2a: Hydreigon
|-damage|p2a: Hydreigon|0 fnt
|-unboost|p1b: Gholdengo|spa|2
|faint|p2a: Hydreigon
|-damage|p1b: Gholdengo|71/100|[from] item: Life Orb
|
|win|Scoseb
||Scoseb is ready for game 2.
|inactive|thaduck has 30 seconds to confirm battle start!
