|j|☆browe
|j|☆marcosdeltasena31
|html|browemarcosdeltasena31    
|uhtml|bestof|Game 3 of a best-of-3
|t:|1755823300
|gametype|doubles
|player|p1|browe|shadowtriad|1239
|player|p2|marcosdeltasena31|hilbert|1383
|gen|9
|tier|[Gen 9] VGC 2025 Reg H (Bo3)
|rated|
|rule|Species Clause: Limit one of each Pokémon
|rule|Item Clause: Limit 1 of each item
|clearpoke
|poke|p1|Baxcalibur, L50, M|
|poke|p1|Ninetales-Alola, L50, F|
|poke|p1|Gholdengo, L50|
|poke|p1|Rillaboom, L50, F|
|poke|p1|Volcarona, L50, M|
|poke|p1|Tauros-Paldea-Aqua, L50, M|
|poke|p2|Dragonite, L50, F|
|poke|p2|Sneasler, L50, F|
|poke|p2|Volcarona, L50, F|
|poke|p2|Rillaboom, L50, M|
|poke|p2|Kingambit, L50, F|
|poke|p2|Electabuzz, L50, F|
|teampreview|4
|showteam|p1|Baxcalibur||ClearAmulet|ThermalExchange|IcicleCrash,GlaiveRush,IceShard,Protect|||M|||50|,,,,,Water]Ninetales-Alola||LightClay|SnowWarning|Blizzard,IcyWind,AuroraVeil,Moonblast|||F|||50|,,,,,Ghost]Gholdengo||Leftovers|GoodasGold|MakeItRain,ShadowBall,NastyPlot,Protect||||||50|,,,,,Dragon]Rillaboom||AssaultVest|GrassySurge|FakeOut,WoodHammer,GrassyGlide,Uturn|||F|||50|,,,,,Fire]Volcarona||SitrusBerry|FlameBody|HeatWave,GigaDrain,QuiverDance,Protect|||M|||50|,,,,,Grass]Tauros-Paldea-Aqua||MirrorHerb|Intimidate|RagingBull,CloseCombat,AquaJet,Protect|||M|||50|,,,,,Grass
|showteam|p2|Dragonite||LoadedDice|Multiscale|ScaleShot,ExtremeSpeed,Haze,Protect|||F|||50|,,,,,Fairy]Sneasler||FocusSash|PoisonTouch|DireClaw,CloseCombat,FakeOut,Coaching|||F|||50|,,,,,Ghost]Volcarona||CovertCloak|FlameBody|HeatWave,TeraBlast,QuiverDance,Protect|||F|||50|,,,,,Fairy]Rillaboom||AssaultVest|GrassySurge|WoodHammer,FakeOut,GrassyGlide,HighHorsepower|||M|||50|,,,,,Fire]Kingambit||BlackGlasses|Defiant|KowtowCleave,SwordsDance,SuckerPunch,Protect|||F|||50|,,,,,Dark]Electabuzz||Eviolite|VitalSpirit|Electroweb,FollowMe,Taunt,Protect|||F|||50|,,,,,Ghost
|
|t:|1755823323
|teamsize|p1|4
|teamsize|p2|4
|start
|switch|p1a: Volcarona|Volcarona, L50, M|100/100
|switch|p1b: Ninetales|Ninetales-Alola, L50, F|100/100
|switch|p2a: Volcarona|Volcarona, L50, F|100/100
|switch|p2b: Electabuzz|Electabuzz, L50, F|100/100
|-weather|Snowscape|[from] ability: Snow Warning|[of] p1b: Ninetales
|turn|1
|
|t:|1755823333
|move|p1b: Ninetales|Aurora Veil|p1b: Ninetales
|-sidestart|p1: browe|move: Aurora Veil
|move|p2a: Volcarona|Quiver Dance|p2a: Volcarona
|-boost|p2a: Volcarona|spa|1
|-boost|p2a: Volcarona|spd|1
|-boost|p2a: Volcarona|spe|1
|move|p1a: Volcarona|Quiver Dance|p1a: Volcarona
|-boost|p1a: Volcarona|spa|1
|-boost|p1a: Volcarona|spd|1
|-boost|p1a: Volcarona|spe|1
|move|p2b: Electabuzz|Taunt|p1a: Volcarona
|-start|p1a: Volcarona|move: Taunt
|
|-weather|Snowscape|[upkeep]
|upkeep
|turn|2
|
|t:|1755823344
|move|p2a: Volcarona|Quiver Dance|p2a: Volcarona
|-boost|p2a: Volcarona|spa|1
|-boost|p2a: Volcarona|spd|1
|-boost|p2a: Volcarona|spe|1
|move|p1a: Volcarona|Heat Wave|p2a: Volcarona|[spread] p2a,p2b
|-crit|p2b: Electabuzz
|-damage|p2a: Volcarona|74/100
|-damage|p2b: Electabuzz|43/100
|move|p1b: Ninetales|Blizzard|p2a: Volcarona|[spread] p2a,p2b
|-resisted|p2a: Volcarona
|-damage|p2a: Volcarona|69/100
|-damage|p2b: Electabuzz|24/100
|move|p2b: Electabuzz|Electroweb|p1b: Ninetales|[spread] p1a,p1b
|-damage|p1a: Volcarona|95/100
|-damage|p1b: Ninetales|91/100
|-unboost|p1a: Volcarona|spe|1
|-unboost|p1b: Ninetales|spe|1
|
|-weather|Snowscape|[upkeep]
|upkeep
|turn|3
|
|t:|1755823356
|move|p2a: Volcarona|Quiver Dance|p2a: Volcarona
|-boost|p2a: Volcarona|spa|1
|-boost|p2a: Volcarona|spd|1
|-boost|p2a: Volcarona|spe|1
|move|p1a: Volcarona|Heat Wave|p2b: Electabuzz|[spread] p2a
|-miss|p1a: Volcarona|p2b: Electabuzz
|-damage|p2a: Volcarona|48/100
|move|p2b: Electabuzz|Electroweb|p1a: Volcarona|[spread] p1a,p1b
|-damage|p1a: Volcarona|90/100
|-damage|p1b: Ninetales|82/100
|-unboost|p1a: Volcarona|spe|1
|-unboost|p1b: Ninetales|spe|1
|move|p1b: Ninetales|Blizzard|p2a: Volcarona|[spread] p2a,p2b
|-resisted|p2a: Volcarona
|-damage|p2a: Volcarona|43/100
|-damage|p2b: Electabuzz|6/100
|
|-weather|Snowscape|[upkeep]
|upkeep
|turn|4
|
|t:|1755823370
|move|p2a: Volcarona|Heat Wave|p1b: Ninetales|[spread] p1a,p1b
|-supereffective|p1b: Ninetales
|-damage|p1a: Volcarona|57/100
|-damage|p1b: Ninetales|0 fnt
|faint|p1b: Ninetales
|move|p2b: Electabuzz|Electroweb|p1a: Volcarona
|-damage|p1a: Volcarona|49/100
|-unboost|p1a: Volcarona|spe|1
|-enditem|p1a: Volcarona|Sitrus Berry|[eat]
|-heal|p1a: Volcarona|74/100|[from] item: Sitrus Berry
|move|p1a: Volcarona|Heat Wave|p2a: Volcarona|[spread] p2a
|-miss|p1a: Volcarona|p2b: Electabuzz
|-damage|p2a: Volcarona|22/100
|
|-weather|Snowscape|[upkeep]
|-end|p1a: Volcarona|move: Taunt
|upkeep
|
|t:|1755823381
|switch|p1b: Rillaboom|Rillaboom, L50, F|100/100
|-fieldstart|move: Grassy Terrain|[from] ability: Grassy Surge|[of] p1b: Rillaboom
|turn|5
|
|t:|1755823402
|move|p1b: Rillaboom|Fake Out|p2a: Volcarona
|-damage|p2a: Volcarona|3/100
|move|p2b: Electabuzz|Follow Me|p2b: Electabuzz
|-singleturn|p2b: Electabuzz|move: Follow Me
|move|p2a: Volcarona|Heat Wave|p1a: Volcarona|[spread] p1a,p1b
|-supereffective|p1b: Rillaboom
|-damage|p1a: Volcarona|41/100
|-damage|p1b: Rillaboom|17/100
|move|p1a: Volcarona|Heat Wave|p2b: Electabuzz|[spread] p2a,p2b
|-damage|p2a: Volcarona|0 fnt
|-damage|p2b: Electabuzz|0 fnt
|faint|p2a: Volcarona
|faint|p2b: Electabuzz
|
|-weather|none
|-heal|p1b: Rillaboom|23/100|[from] Grassy Terrain
|-heal|p1a: Volcarona|47/100|[from] Grassy Terrain
|upkeep
|
|t:|1755823414
|switch|p2a: Sneasler|Sneasler, L50, F|100/100
|switch|p2b: Kingambit|Kingambit, L50, F|100/100
|turn|6
|
|t:|1755823439
|switch|p1a: Baxcalibur|Baxcalibur, L50, M|100/100
|-terastallize|p2b: Kingambit|Dark
|move|p2b: Kingambit|Sucker Punch||[still]
|-fail|p2b: Kingambit
|move|p2a: Sneasler|Close Combat|p1b: Rillaboom
|-damage|p1b: Rillaboom|0 fnt
|-unboost|p2a: Sneasler|def|1
|-unboost|p2a: Sneasler|spd|1
|faint|p1b: Rillaboom
|
|upkeep
|
|t:|1755823447
|switch|p1b: Volcarona|Volcarona, L50, M|47/100
|turn|7
|
|t:|1755823475
|-terastallize|p1a: Baxcalibur|Water
|move|p2a: Sneasler|Close Combat|p1a: Baxcalibur
|-damage|p1a: Baxcalibur|61/100
|-unboost|p2a: Sneasler|def|1
|-unboost|p2a: Sneasler|spd|1
|-status|p1a: Baxcalibur|psn|[from] ability: Poison Touch|[of] p2a: Sneasler
|move|p1b: Volcarona|Heat Wave|p2a: Sneasler|[spread] p2a
|-miss|p1b: Volcarona|p2b: Kingambit
|-damage|p2a: Sneasler|3/100
|move|p1a: Baxcalibur|Icicle Crash|p2b: Kingambit
|-damage|p2b: Kingambit|61/100
|cant|p2b: Kingambit|flinch
|
|-heal|p2a: Sneasler|9/100|[from] Grassy Terrain
|-heal|p1b: Volcarona|54/100|[from] Grassy Terrain
|-heal|p1a: Baxcalibur|67/100 psn|[from] Grassy Terrain
|-heal|p2b: Kingambit|67/100|[from] Grassy Terrain
|-damage|p1a: Baxcalibur|54/100 psn|[from] psn
|upkeep
|turn|8
|
|t:|1755823499
|move|p2b: Kingambit|Sucker Punch|p1b: Volcarona
|-damage|p1b: Volcarona|4/100
|move|p2a: Sneasler|Close Combat|p1a: Baxcalibur
|-damage|p1a: Baxcalibur|13/100 psn
|-unboost|p2a: Sneasler|def|1
|-unboost|p2a: Sneasler|spd|1
|move|p1b: Volcarona|Heat Wave|p2a: Sneasler|[spread] p2b
|-miss|p1b: Volcarona|p2a: Sneasler
|-damage|p2b: Kingambit|34/100
|move|p1a: Baxcalibur|Icicle Crash|p2b: Kingambit
|-damage|p2b: Kingambit|0 fnt
|faint|p2b: Kingambit
|
|-heal|p2a: Sneasler|15/100|[from] Grassy Terrain
|-heal|p1b: Volcarona|10/100|[from] Grassy Terrain
|-heal|p1a: Baxcalibur|19/100 psn|[from] Grassy Terrain
|-damage|p1a: Baxcalibur|7/100 psn|[from] psn
|-sideend|p1: browe|move: Aurora Veil
|upkeep
|turn|9
|
|t:|1755823524
|move|p1a: Baxcalibur|Ice Shard|p2a: Sneasler
|-damage|p2a: Sneasler|0 fnt
|faint|p2a: Sneasler
|
|win|browe
|raw|browe's rating: 1239 → 1274(+35 for winning)
|raw|marcosdeltasena31's rating: 1383 → 1355(-28 for losing)
