|j|☆tmjp01
|j|☆Artorias19
|html|tmjp01Artorias19    
|uhtml|bestof|Game 3 of a best-of-3
|t:|1782252016
|gametype|doubles
|player|p1|tmjp01|102|1187
|player|p2|Artorias19|101|1093
|gen|9
|tier|[Gen 9 Champions] VGC 2026 Reg M-B (Bo3)
|rated|
|rule|Species Clause: Limit one of each Pokémon
|rule|Item Clause: Limit 1 of each item
|clearpoke
|poke|p1|Corviknight, L50, F|
|poke|p1|Tyranitar, L50, M|
|poke|p1|Hydreigon, L50, M|
|poke|p1|Froslass, L50, F|
|poke|p1|Garchomp, L50, F|
|poke|p1|Arcanine-Hisui, L50, M|
|poke|p2|Whimsicott, L50, M|
|poke|p2|Raichu, L50, F|
|poke|p2|Maushold, L50|
|poke|p2|Basculegion, L50, M|
|poke|p2|Mamoswine, L50, M|
|poke|p2|Corviknight, L50, F|
|teampreview|4
|showteam|p1|Corviknight||OccaBerry|MirrorArmor|BraveBird,Protect,IronHead,Tailwind|Adamant||F|||50|]Tyranitar||Tyranitarite|SandStream|Protect,KnockOff,RockSlide,DragonDance|Adamant||M|||50|]Hydreigon||ChoiceScarf|Levitate|DarkPulse,DracoMeteor,EarthPower,ZenHeadbutt|Timid||M|||50|]Froslass||Froslassite|SnowCloak|Blizzard,Protect,ShadowBall,WeatherBall|Timid||F|||50|]Garchomp||LifeOrb|RoughSkin|Protect,DragonClaw,RockSlide,Earthquake|Jolly||F|||50|]Arcanine-Hisui||FocusSash|RockHead|Protect,HeadSmash,ExtremeSpeed,FlareBlitz|Adamant||M|||50|
|showteam|p2|Whimsicott||FocusSash|Prankster|Tailwind,Moonblast,Encore,Protect|Modest||M|||50|]Raichu||RaichuniteY|LightningRod|ZapCannon,FakeOut,FocusBlast,Protect|Modest||F|||50|]Maushold||ChopleBerry|FriendGuard|FollowMe,Taunt,Protect,PopulationBomb|Impish|||||50|]Basculegion||ExpertBelt|Adaptability|LastRespects,WaveCrash,AquaJet,Protect|Adamant||M|||50|]Mamoswine||ChoiceScarf|ThickFat|HighHorsepower,IcicleCrash,IceShard,IronHead|Adamant||M|||50|]Corviknight||Leftovers|MirrorArmor|Protect,FakeTears,Taunt,Uturn|Careful||F|||50|
|
|t:|1782252051
|teamsize|p1|4
|teamsize|p2|4
|start
|switch|p1a: Froslass|Froslass, L50, F|100/100
|switch|p1b: Arcanine|Arcanine-Hisui, L50, M|100/100
|switch|p2a: Mamoswine|Mamoswine, L50, M|100/100
|switch|p2b: Raichu|Raichu, L50, F|100/100
|turn|1
|inactive|Battle timer is ON: inactive players will automatically lose when time's up. (requested by Artorias19)
|
|t:|1782252096
|detailschange|p2b: Raichu|Raichu-Mega-Y, L50, F
|-mega|p2b: Raichu|Raichu|Raichunite Y
|move|p1a: Froslass|Protect|p1a: Froslass
|-singleturn|p1a: Froslass|Protect
|move|p2b: Raichu|Fake Out|p1b: Arcanine
|-resisted|p1b: Arcanine|1
|-damage|p1b: Arcanine|94/100
|move|p2a: Mamoswine|Iron Head|p1a: Froslass
|-activate|p1a: Froslass|move: Protect
|cant|p1b: Arcanine|flinch
|
|upkeep
|turn|2
|
|t:|1782252112
|switch|p1a: Corviknight|Corviknight, L50, F|100/100
|move|p2a: Mamoswine|Iron Head|p1a: Corviknight
|-resisted|p1a: Corviknight|1
|-damage|p1a: Corviknight|87/100
|move|p2b: Raichu|Focus Blast|p1b: Arcanine
|-supereffective|p1b: Arcanine|1
|-damage|p1b: Arcanine|0 fnt
|faint|p1b: Arcanine
|
|upkeep
|
|t:|1782252122
|switch|p1b: Froslass|Froslass, L50, F|100/100
|turn|3
|
|t:|1782252135
|detailschange|p1b: Froslass|Froslass-Mega, L50, F
|-mega|p1b: Froslass|Froslass|Froslassite
|-weather|Snowscape|[from] ability: Snow Warning|[of] p1b: Froslass
|move|p2a: Mamoswine|Iron Head|p1b: Froslass
|-supereffective|p1b: Froslass|1
|-damage|p1b: Froslass|34/100
|move|p1b: Froslass|Blizzard|p2a: Mamoswine|[spread] p2a,p2b
|-damage|p2a: Mamoswine|68/100
|-damage|p2b: Raichu|24/100
|move|p2b: Raichu|Zap Cannon|p1a: Corviknight
|-supereffective|p1a: Corviknight|1
|-damage|p1a: Corviknight|0 fnt
|faint|p1a: Corviknight
|
|-weather|Snowscape|[upkeep]
|upkeep
|
|t:|1782252137
|switch|p1a: Hydreigon|Hydreigon, L50, M|100/100
|turn|4
|inactive|tmjp01 has 30 seconds left.
|inactive|Artorias19 has 30 seconds left.
|inactive|Artorias19 has 20 seconds left.
|
|t:|1782252174
|move|p2b: Raichu|Protect|p2b: Raichu
|-singleturn|p2b: Raichu|Protect
|move|p1a: Hydreigon|Dark Pulse|p2a: Mamoswine
|-damage|p2a: Mamoswine|8/100
|move|p2a: Mamoswine|Iron Head|p1b: Froslass
|-supereffective|p1b: Froslass|1
|-damage|p1b: Froslass|0 fnt
|faint|p1b: Froslass
|
|-weather|Snowscape|[upkeep]
|upkeep
|turn|5
|inactive|tmjp01 has 30 seconds left.
|
|t:|1782252199
|switch|p2b: Basculegion|Basculegion, L50, M|100/100
|move|p1a: Hydreigon|Dark Pulse|p2b: Basculegion
|-supereffective|p2b: Basculegion|1
|-damage|p2b: Basculegion|4/100
|move|p2a: Mamoswine|Iron Head|p1a: Hydreigon
|-damage|p1a: Hydreigon|62/100
|
|-weather|Snowscape|[upkeep]
|upkeep
|turn|6
|
|t:|1782252212
|move|p2b: Basculegion|Aqua Jet|p1a: Hydreigon
|-resisted|p1a: Hydreigon|1
|-damage|p1a: Hydreigon|46/100
|move|p1a: Hydreigon|Dark Pulse|p2a: Mamoswine
|-damage|p2a: Mamoswine|0 fnt
|faint|p2a: Mamoswine
|
|-weather|Snowscape|[upkeep]
|upkeep
|
|t:|1782252222
|switch|p2a: Whimsicott|Whimsicott, L50, M|100/100
|turn|7
|-message|tmjp01 forfeited.
|
|win|Artorias19
|raw|tmjp01's rating: 1187 → 1155(-32 for losing)
|raw|Artorias19's rating: 1093 → 1126(+33 for winning)
