|j|☆OroRosaXIV
|j|☆witlix
|html|OroRosaXIVwitlix    
|uhtml|bestof|Game 2 of a best-of-3
|t:|1785705068
|gametype|doubles
|player|p1|OroRosaXIV|cynthia-gen4|
|player|p2|witlix|benga|
|gen|9
|tier|[Gen 9 Champions] VGC 2026 Reg M-B (Bo3)
|rule|Species Clause: Limit one of each Pokémon
|rule|Item Clause: Limit 1 of each item
|clearpoke
|poke|p1|Glalie, L50, F|
|poke|p1|Sableye, L50, M|
|poke|p1|Swampert, L50, F|
|poke|p1|Palafin, L50, M|
|poke|p1|Blaziken, L50, M|
|poke|p1|Lycanroc-Dusk, L50, M|
|poke|p2|Meowstic, L50, M|
|poke|p2|Floette-Eternal, L50, F|
|poke|p2|Ninetales, L50, F|
|poke|p2|Victreebel, L50, M|
|poke|p2|Maushold, L50|
|poke|p2|Corviknight, L50, F|
|teampreview|4
|showteam|p1|Glalie||Glalitite|InnerFocus|Explosion,BodySlam,Earthquake,Protect|Adamant||F|||50|]Sableye||MentalHerb|Prankster|FakeOut,RainDance,WillOWisp,Encore|Bold||M|||50|]Swampert||Swampertite|Torrent|WaveCrash,Earthquake,HammerArm,Protect|Adamant||F|||50|]Palafin||SitrusBerry|ZerotoHero|WaveCrash,JetPunch,Protect,IronHead|Jolly||M|||50|]Blaziken||FocusSash|SpeedBoost|BatonPass,CloseCombat,Protect,SwordsDance|Jolly||M|||50|]Lycanroc-Dusk||LifeOrb|ToughClaws|StoneEdge,Accelerock,CloseCombat,QuickGuard|Jolly||M|||50|
|showteam|p2|Meowstic||MentalHerb|Prankster|FakeOut,SunnyDay,LightScreen,Reflect|Calm||M|||50|]Floette-Eternal||Floettite|FlowerVeil|CalmMind,Moonblast,Protect,DrainingKiss|Modest||F|||50|]Ninetales||LifeOrb|Drought|WeatherBall,SolarBeam,Extrasensory,Protect|Timid||F|||50|]Victreebel||WideLens|Chlorophyll|GigaDrain,WeatherBall,SleepPowder,Protect|Modest||M|||50|]Maushold||FocusSash|FriendGuard|Protect,FollowMe,SuperFang,Feint|Jolly|||||50|]Corviknight||Leftovers|MirrorArmor|IronDefense,BodyPress,Roost,BraveBird|Impish||F|||50|
|inactive|Battle timer is ON: inactive players will automatically lose when time's up. (requested by witlix)
|j| kaalaas7
|c|☆OroRosaXIV|I really wanted glaile to work
|c|☆OroRosaXIV|it’s just not gonna happen
|c|☆witlix|fair
|c| kaalaas7|Lol
|inactive|witlix has 60 seconds left.
|
|t:|1785705128
|teamsize|p1|4
|teamsize|p2|4
|start
|switch|p1a: Sableye|Sableye, L50, M|100/100
|switch|p1b: Lycanroc|Lycanroc-Dusk, L50, M|100/100
|switch|p2a: Floette|Floette-Eternal, L50, F|100/100
|switch|p2b: Corviknight|Corviknight, L50, F|100/100
|turn|1
|j| Tearamizuu
|inactive|witlix has 30 seconds left.
|inactive|witlix has 20 seconds left.
|inactive|witlix has 15 seconds left.
|
|t:|1785705171
|switch|p2a: Maushold|Maushold, L50|100/100
|move|p1a: Sableye|Fake Out|p2a: Maushold
|-damage|p2a: Maushold|90/100
|move|p1b: Lycanroc|Stone Edge|p2b: Corviknight
|-damage|p2b: Corviknight|68/100
|-damage|p1b: Lycanroc|90/100|[from] item: Life Orb
|move|p2b: Corviknight|Body Press|p1b: Lycanroc
|-supereffective|p1b: Lycanroc|1
|-damage|p1b: Lycanroc|1/100
|
|-heal|p2b: Corviknight|74/100|[from] item: Leftovers
|upkeep
|turn|2
|j| Noir-Grey
|
|t:|1785705196
|switch|p1b: Swampert|Swampert, L50, F|100/100
|move|p2a: Maushold|Follow Me|p2a: Maushold
|-singleturn|p2a: Maushold|move: Follow Me
|move|p1a: Sableye|Rain Dance|p1a: Sableye
|-weather|RainDance
|move|p2b: Corviknight|Iron Defense|p2b: Corviknight
|-boost|p2b: Corviknight|def|2
|
|-weather|RainDance|[upkeep]
|-heal|p2b: Corviknight|80/100|[from] item: Leftovers
|upkeep
|turn|3
|
|t:|1785705216
|detailschange|p1b: Swampert|Swampert-Mega, L50, F
|-mega|p1b: Swampert|Swampert|Swampertite
|move|p2a: Maushold|Follow Me|p2a: Maushold
|-singleturn|p2a: Maushold|move: Follow Me
|move|p1a: Sableye|Will-O-Wisp|p2a: Maushold
|-status|p2a: Maushold|brn
|move|p1b: Swampert|Wave Crash|p2a: Maushold
|-damage|p2a: Maushold|0 fnt
|faint|p2a: Maushold
|-damage|p1b: Swampert|70/100|[from] Recoil
|move|p2b: Corviknight|Brave Bird|p1a: Sableye
|-damage|p1a: Sableye|65/100
|-damage|p2b: Corviknight|71/100|[from] Recoil
|
|-weather|RainDance|[upkeep]
|-heal|p2b: Corviknight|77/100|[from] item: Leftovers
|upkeep
|
|t:|1785705236
|switch|p2a: Floette|Floette-Eternal, L50, F|100/100
|turn|4
|
|t:|1785705249
|detailschange|p2a: Floette|Floette-Mega, L50, F
|-mega|p2a: Floette|Floette|Floettite
|-ability|p2a: Floette|Fairy Aura
|move|p2a: Floette|Protect|p2a: Floette
|-singleturn|p2a: Floette|Protect
|move|p1a: Sableye|Encore|p2b: Corviknight
|-start|p2b: Corviknight|Encore
|move|p1b: Swampert|Wave Crash|p2a: Floette
|-activate|p2a: Floette|move: Protect
|move|p2b: Corviknight|Brave Bird|p1a: Sableye
|-damage|p1a: Sableye|31/100
|-damage|p2b: Corviknight|68/100|[from] Recoil
|
|-weather|RainDance|[upkeep]
|-heal|p2b: Corviknight|74/100|[from] item: Leftovers
|upkeep
|turn|5
|inactive|OroRosaXIV has 30 seconds left.
|
|t:|1785705282
|switch|p2a: Ninetales|Ninetales, L50, F|100/100
|-weather|SunnyDay|[from] ability: Drought|[of] p2a: Ninetales
|switch|p1a: Lycanroc|Lycanroc-Dusk, L50, M|1/100
|move|p1b: Swampert|Earthquake|p2b: Corviknight|[spread] p1a,p2a
|-immune|p2b: Corviknight
|-supereffective|p1a: Lycanroc|1
|-supereffective|p2a: Ninetales|1
|-damage|p1a: Lycanroc|0 fnt
|-damage|p2a: Ninetales|0 fnt
|faint|p1a: Lycanroc
|faint|p2a: Ninetales
|move|p2b: Corviknight|Brave Bird|p1b: Swampert
|-damage|p1b: Swampert|43/100
|-damage|p2b: Corviknight|65/100|[from] Recoil
|
|-weather|SunnyDay|[upkeep]
|-heal|p2b: Corviknight|71/100|[from] item: Leftovers
|upkeep
|
|t:|1785705291
|switch|p1a: Sableye|Sableye, L50, M|31/100
|switch|p2a: Floette|Floette-Mega, L50, F|100/100
|-ability|p2a: Floette|Fairy Aura
|turn|6
|
|t:|1785705304
|move|p2a: Floette|Protect|p2a: Floette
|-singleturn|p2a: Floette|Protect
|move|p1b: Swampert|Protect|p1b: Swampert
|-singleturn|p1b: Swampert|Protect
|move|p1a: Sableye|Will-O-Wisp|p2b: Corviknight|[miss]
|-miss|p1a: Sableye|p2b: Corviknight
|move|p2b: Corviknight|Brave Bird|p1a: Sableye
|-damage|p1a: Sableye|0 fnt
|faint|p1a: Sableye
|-damage|p2b: Corviknight|63/100|[from] Recoil
|
|-weather|SunnyDay|[upkeep]
|-heal|p2b: Corviknight|69/100|[from] item: Leftovers
|-end|p2b: Corviknight|Encore
|upkeep
|
|t:|1785705311
|switch|p1a: Palafin|Palafin, L50, M|100/100
|turn|7
|c| kaalaas7|BOM
|c|☆OroRosaXIV|Bro
|c|☆OroRosaXIV|not this again
|inactive|witlix has 30 seconds left.
|
|t:|1785705336
|move|p1a: Palafin|Iron Head|p2a: Floette
|-supereffective|p2a: Floette|1
|-damage|p2a: Floette|58/100
|move|p2a: Floette|Moonblast|p1b: Swampert
|-damage|p1b: Swampert|0 fnt
|faint|p1b: Swampert
|move|p2b: Corviknight|Iron Defense|p2b: Corviknight
|-boost|p2b: Corviknight|def|2
|
|-weather|SunnyDay|[upkeep]
|-heal|p2b: Corviknight|75/100|[from] item: Leftovers
|upkeep
|turn|8
|
|t:|1785705347
|move|p1a: Palafin|Wave Crash|p2b: Corviknight
|-damage|p2b: Corviknight|72/100
|-damage|p1a: Palafin|98/100|[from] Recoil
|move|p2a: Floette|Moonblast|p1a: Palafin
|-damage|p1a: Palafin|0 fnt
|faint|p1a: Palafin
|
|win|witlix
|c|☆witlix|ggwp
|c|☆OroRosaXIV|Gg
|l|☆OroRosaXIV
|player|p1|
|l| Noir-Grey
|c| kaalaas7|That went well
|c|☆witlix|yeah
|c|☆witlix|everyone was watching lmao
|c| kaalaas7|Oh yeah witliz
|c| kaalaas7|When are we are doing ours
|c| kaalaas7|I swear ours is week 4
