|j|☆ScrewSalesman
|j|☆influxxyyy
|html|ScrewSalesmaninfluxxyyy    
|uhtml|bestof|Game 1 of a best-of-3
|t:|1756435426
|gametype|doubles
|player|p1|ScrewSalesman|cynthia-gen4|1100
|player|p2|influxxyyy|miku-ghost|1000
|gen|9
|tier|[Gen 9] VGC 2025 Reg H (Bo3)
|rated|
|rule|Species Clause: Limit one of each Pokémon
|rule|Item Clause: Limit 1 of each item
|clearpoke
|poke|p1|Porygon2, L50|
|poke|p1|Incineroar, L50, M|
|poke|p1|Ursaluna, L50, F|
|poke|p1|Jumpluff, L50, F|
|poke|p1|Charizard, L50, M|
|poke|p1|Torkoal, L50, M|
|poke|p2|Ursaluna, L50, F|
|poke|p2|Volcarona, L50, F|
|poke|p2|Talonflame, L50, M|
|poke|p2|Dragapult, L50, M|
|poke|p2|Rillaboom, L50, M|
|poke|p2|Incineroar, L50, M|
|teampreview|4
|showteam|p1|Porygon2||Eviolite|Download|TeraBlast,IceBeam,TrickRoom,Recover||||||50|,,,,,Fighting]Incineroar||SitrusBerry|Intimidate|FakeOut,KnockOff,FlareBlitz,PartingShot|||M|||50|,,,,,Ghost]Ursaluna||FlameOrb|Guts|HeadlongRush,Facade,Earthquake,Protect|||F|||50|,,,,,Ghost]Jumpluff||CovertCloak|Chlorophyll|RagePowder,PollenPuff,Tailwind,SleepPowder|||F|||50|,,,,,Water]Charizard||ChoiceSpecs|SolarPower|HeatWave,Overheat,WeatherBall,DragonPulse|||M|||50|,,,,,Ghost]Torkoal||EjectPack|Drought|Overheat,Eruption,HelpingHand,Protect|||M|||50|,,,,,Fire
|showteam|p2|Ursaluna||FlameOrb|Guts|Protect,Facade,HeadlongRush,Trailblaze|||F|||50|,,,,,Ghost]Volcarona||SitrusBerry|FlameBody|Protect,RagePowder,QuiverDance,HeatWave|||F|||50|,,,,,Water]Talonflame||CovertCloak|GaleWings|Tailwind,DualWingbeat,WillOWisp,FlareBlitz|||M|||50|,,,,,Fire]Dragapult||ChoiceBand|ClearBody|Uturn,DragonDarts,PhantomForce,SuckerPunch|||M|||50|,,,,,Dark]Rillaboom||AssaultVest|GrassySurge|FakeOut,WoodHammer,HighHorsepower,Uturn|||M|||50|,,,,,Fire]Incineroar||SafetyGoggles|Intimidate|FakeOut,KnockOff,Taunt,PartingShot|||M|||50|,,,,,Bug
|inactive|Battle timer is ON: inactive players will automatically lose when time's up. (requested by ScrewSalesman)
|inactive|influxxyyy also wants the timer to be on.
|inactive|influxxyyy has 60 seconds left.
|
|t:|1756435459
|teamsize|p1|4
|teamsize|p2|4
|start
|switch|p1a: Incineroar|Incineroar, L50, M|100/100
|switch|p1b: Porygon2|Porygon2, L50, shiny|100/100
|switch|p2a: Incinerawr|Incineroar, L50, M|100/100
|switch|p2b: Talonflame|Talonflame, L50, M|100/100
|-ability|p1a: Incineroar|Intimidate|boost
|-unboost|p2a: Incinerawr|atk|1
|-unboost|p2b: Talonflame|atk|1
|-ability|p1b: Porygon2|Download|boost
|-boost|p1b: Porygon2|spa|1
|-ability|p2a: Incinerawr|Intimidate|boost
|-unboost|p1a: Incineroar|atk|1
|-unboost|p1b: Porygon2|atk|1
|turn|1
|
|t:|1756435482
|switch|p2b: Ursaluna|Ursaluna, L50, F|100/100
|move|p1a: Incineroar|Fake Out|p2a: Incinerawr
|-damage|p2a: Incinerawr|94/100
|cant|p2a: Incinerawr|flinch
|move|p1b: Porygon2|Trick Room|p1b: Porygon2
|-fieldstart|move: Trick Room|[of] p1b: Porygon2
|
|-status|p2b: Ursaluna|brn|[from] item: Flame Orb
|upkeep
|turn|2
|
|t:|1756435506
|-terastallize|p1b: Porygon2|Fighting
|move|p2b: Ursaluna|Protect|p2b: Ursaluna
|-singleturn|p2b: Ursaluna|Protect
|move|p2a: Incinerawr|Knock Off|p1b: Porygon2
|-resisted|p1b: Porygon2
|-damage|p1b: Porygon2|93/100
|-enditem|p1b: Porygon2|Eviolite|[from] move: Knock Off|[of] p2a: Incinerawr
|move|p1b: Porygon2|Tera Blast|p2b: Ursaluna|[anim] Tera Blast Fighting
|-activate|p2b: Ursaluna|move: Protect
|move|p1a: Incineroar|Parting Shot|p2a: Incinerawr
|-unboost|p2a: Incinerawr|atk|1
|-unboost|p2a: Incinerawr|spa|1
|
|t:|1756435520
|switch|p1a: Torkoal|Torkoal, L50, M|100/100|[from] Parting Shot
|-weather|SunnyDay|[from] ability: Drought|[of] p1a: Torkoal
|
|-weather|SunnyDay|[upkeep]
|-damage|p2b: Ursaluna|95/100 brn|[from] brn
|upkeep
|turn|3
|inactive|influxxyyy has 30 seconds left.
|
|t:|1756435551
|switch|p2b: Talonflame|Talonflame, L50, M|100/100
|move|p1a: Torkoal|Overheat|p2b: Talonflame
|-resisted|p2b: Talonflame
|-damage|p2b: Talonflame|34/100
|-unboost|p1a: Torkoal|spa|2
|-enditem|p1a: Torkoal|Eject Pack
|
|t:|1756435557
|switch|p1a: Ursaluna|Ursaluna, L50, F|100/100
|move|p2a: Incinerawr|Parting Shot|p1a: Ursaluna
|-unboost|p1a: Ursaluna|atk|1
|-unboost|p1a: Ursaluna|spa|1
|
|t:|1756435569
|switch|p2a: Volcarona|Volcarona, L50, F|100/100|[from] Parting Shot
|move|p1b: Porygon2|Ice Beam|p2b: Talonflame
|-damage|p2b: Talonflame|0 fnt
|faint|p2b: Talonflame
|
|-weather|SunnyDay|[upkeep]
|-status|p1a: Ursaluna|brn|[from] item: Flame Orb
|upkeep
|
|t:|1756435576
|switch|p2b: Incinerawr|Incineroar, L50, M|94/100
|-ability|p2b: Incinerawr|Intimidate|boost
|-unboost|p1a: Ursaluna|atk|1
|-unboost|p1b: Porygon2|atk|1
|turn|4
|
|t:|1756435597
|move|p2b: Incinerawr|Fake Out|p1a: Ursaluna
|-damage|p1a: Ursaluna|92/100 brn
|move|p1b: Porygon2|Tera Blast|p2b: Incinerawr|[anim] Tera Blast Fighting
|-supereffective|p2b: Incinerawr
|-damage|p2b: Incinerawr|0 fnt
|faint|p2b: Incinerawr
|cant|p1a: Ursaluna|flinch
|move|p2a: Volcarona|Heat Wave|p1b: Porygon2|[spread] p1a,p1b
|-damage|p1a: Ursaluna|41/100 brn
|-damage|p1b: Porygon2|45/100
|
|-weather|SunnyDay|[upkeep]
|-damage|p1a: Ursaluna|35/100 brn|[from] brn
|upkeep
|
|t:|1756435608
|switch|p2b: Ursaluna|Ursaluna, L50, F|95/100 brn
|turn|5
|
|t:|1756435626
|switch|p1a: Incineroar|Incineroar, L50, M|100/100
|-ability|p1a: Incineroar|Intimidate|boost
|-unboost|p2a: Volcarona|atk|1
|-unboost|p2b: Ursaluna|atk|1
|move|p2b: Ursaluna|Protect|p2b: Ursaluna
|-singleturn|p2b: Ursaluna|Protect
|move|p1b: Porygon2|Recover|p1b: Porygon2
|-heal|p1b: Porygon2|95/100
|move|p2a: Volcarona|Heat Wave|p1a: Incineroar|[spread] p1a,p1b
|-resisted|p1a: Incineroar
|-damage|p1a: Incineroar|78/100
|-damage|p1b: Porygon2|51/100
|
|-weather|SunnyDay|[upkeep]
|-damage|p2b: Ursaluna|89/100 brn|[from] brn
|-fieldend|move: Trick Room
|upkeep
|turn|6
|inactive|ScrewSalesman has 30 seconds left.
|inactive|influxxyyy has 30 seconds left.
|
|t:|1756435653
|move|p2a: Volcarona|Heat Wave|p1a: Incineroar|[spread] p1b
|-miss|p2a: Volcarona|p1a: Incineroar
|-damage|p1b: Porygon2|1/100
|move|p2b: Ursaluna|Facade|p1b: Porygon2
|-damage|p1b: Porygon2|0 fnt
|faint|p1b: Porygon2
|move|p1a: Incineroar|Flare Blitz|p2a: Volcarona
|-damage|p2a: Volcarona|0 fnt
|faint|p2a: Volcarona
|-damage|p1a: Incineroar|47/100|[from] Recoil
|-enditem|p1a: Incineroar|Sitrus Berry|[eat]
|-heal|p1a: Incineroar|71/100|[from] item: Sitrus Berry
|
|-weather|none
|-damage|p2b: Ursaluna|83/100 brn|[from] brn
|upkeep
|
|t:|1756435664
|switch|p1b: Ursaluna|Ursaluna, L50, F|35/100 brn
|turn|7
|
|t:|1756435684
|-terastallize|p2b: Ursaluna|Ghost
|move|p2b: Ursaluna|Headlong Rush|p1a: Incineroar
|-supereffective|p1a: Incineroar
|-damage|p1a: Incineroar|0 fnt
|-unboost|p2b: Ursaluna|def|1
|-unboost|p2b: Ursaluna|spd|1
|faint|p1a: Incineroar
|move|p1b: Ursaluna|Headlong Rush|p2b: Ursaluna
|-damage|p2b: Ursaluna|0 fnt
|-unboost|p1b: Ursaluna|def|1
|-unboost|p1b: Ursaluna|spd|1
|faint|p2b: Ursaluna
|
|win|ScrewSalesman
|inactive|ScrewSalesman has 30 seconds to confirm battle start!
|inactive|influxxyyy has 30 seconds to confirm battle start!
||influxxyyy is ready for game 2.
||ScrewSalesman is ready for game 2.
|uhtml|next|Next: Game 2 of 3
|l|☆influxxyyy
|player|p2|
