|j|☆Quinten165
|j|☆TipoLucha
|html|Quinten165TipoLucha    
|uhtml|bestof|Game 2 of a best-of-3
|t:|1785487748
|gametype|doubles
|player|p1|Quinten165|2|1108
|player|p2|TipoLucha|169|1219
|gen|9
|tier|[Gen 9 Champions] VGC 2026 Reg M-B (Bo3)
|rated|
|rule|Species Clause: Limit one of each Pokémon
|rule|Item Clause: Limit 1 of each item
|clearpoke
|poke|p1|Charizard, L50, F|
|poke|p1|Glimmora, L50, F|
|poke|p1|Whimsicott, L50, F|
|poke|p1|Ninetales-Alola, L50, F|
|poke|p1|Kingambit, L50, M|
|poke|p1|Kommo-o, L50, F|
|poke|p2|Whimsicott, L50, M|
|poke|p2|Absol, L50, F|
|poke|p2|Milotic, L50, F|
|poke|p2|Scizor, L50, M|
|poke|p2|Sneasler, L50, M|
|poke|p2|Froslass, L50, F|
|teampreview|4
|showteam|p1|Charizard||CharizarditeY|Blaze|HeatWave,WeatherBall,SolarBeam,Protect|Modest||F|||50|]Glimmora||Glimmoranite|ToxicDebris|SludgeBomb,PowerGem,EarthPower,SpikyShield|Modest||F|||50|]Whimsicott||FocusSash|Prankster|Moonblast,Tailwind,Encore,Protect|Timid||F|||50|]Ninetales-Alola||NeverMeltIce|SnowWarning|Blizzard,FreezeDry,Disable,Protect|Timid||F|||50|]Kingambit||BlackGlasses|Defiant|KowtowCleave,SuckerPunch,IronHead,Protect|Adamant||M|||50|]Kommo-o||LifeOrb|Overcoat|ClangingScales,AuraSphere,VacuumWave,Protect|Modest||F|||50|
|showteam|p2|Whimsicott||FocusSash|Prankster|ShadowBall,Encore,Moonblast,Tailwind|Timid||M|||50|]Absol||ScopeLens|SuperLuck|CloseCombat,SuckerPunch,NightSlash,PsychoCut|Jolly||F|||50|]Milotic||MysticWater|Competitive|Scald,IceBeam,IcyWind,Protect|Modest||F|||50|]Scizor||Scizorite|Technician|BulletPunch,BugBite,Protect,Assurance|Adamant||M|||50|]Sneasler||WhiteHerb|Unburden|RockSlide,CloseCombat,DireClaw,FakeOut|Adamant||M|||50|]Froslass||Froslassite|SnowCloak|ShadowBall,Blizzard,AuroraVeil,Protect|Timid||F|||50|
|inactive|Battle timer is ON: inactive players will automatically lose when time's up. (requested by Quinten165)
|inactive|Quinten165 has 60 seconds left.
|inactive|TipoLucha has 60 seconds left.
|inactive|TipoLucha has 30 seconds left.
|
|t:|1785487818
|teamsize|p1|4
|teamsize|p2|4
|start
|switch|p1a: Charizard|Charizard, L50, F|100/100
|switch|p1b: Whimsicott|Whimsicott, L50, F|100/100
|switch|p2a: Whimsicott|Whimsicott, L50, M|100/100
|switch|p2b: Milotic|Milotic, L50, F|100/100
|turn|1
|
|t:|1785487830
|detailschange|p1a: Charizard|Charizard-Mega-Y, L50, F
|-mega|p1a: Charizard|Charizard|Charizardite Y
|-weather|SunnyDay|[from] ability: Drought|[of] p1a: Charizard
|move|p2a: Whimsicott|Tailwind|p2a: Whimsicott
|-sidestart|p2: TipoLucha|move: Tailwind
|move|p1b: Whimsicott|Tailwind|p1b: Whimsicott
|-sidestart|p1: Quinten165|move: Tailwind
|move|p1a: Charizard|Heat Wave|p2b: Milotic|[spread] p2b
|-miss|p1a: Charizard|p2a: Whimsicott
|-resisted|p2b: Milotic|1
|-damage|p2b: Milotic|76/100
|move|p2b: Milotic|Ice Beam|p1b: Whimsicott
|-supereffective|p1b: Whimsicott|1
|-damage|p1b: Whimsicott|9/100
|
|-weather|SunnyDay|[upkeep]
|upkeep
|turn|2
|
|t:|1785487850
|move|p2a: Whimsicott|Encore|p1b: Whimsicott
|-start|p1b: Whimsicott|Encore
|move|p1b: Whimsicott|Tailwind||[still]
|-fail|p1b: Whimsicott
|move|p1a: Charizard|Solar Beam||[still]
|-prepare|p1a: Charizard|Solar Beam
|-anim|p1a: Charizard|Solar Beam|p2b: Milotic
|-supereffective|p2b: Milotic|1
|-damage|p2b: Milotic|6/100
|move|p2b: Milotic|Scald|p1a: Charizard
|-supereffective|p1a: Charizard|1
|-damage|p1a: Charizard|54/100
|
|-weather|SunnyDay|[upkeep]
|upkeep
|turn|3
|inactive|TipoLucha has 30 seconds left.
|
|t:|1785487881
|switch|p1b: Glimmora|Glimmora, L50, F|100/100
|switch|p2b: Sneasler|Sneasler, L50, M|100/100
|move|p2a: Whimsicott|Encore|p1a: Charizard
|-start|p1a: Charizard|Encore
|move|p1a: Charizard|Solar Beam||[still]
|-prepare|p1a: Charizard|Solar Beam
|-anim|p1a: Charizard|Solar Beam|p2b: Sneasler
|-resisted|p2b: Sneasler|1
|-damage|p2b: Sneasler|70/100
|
|-weather|SunnyDay|[upkeep]
|upkeep
|turn|4
|
|t:|1785487898
|switch|p1a: Whimsicott|Whimsicott, L50, F|9/100
|move|p1b: Glimmora|Spiky Shield|p1b: Glimmora
|-singleturn|p1b: Glimmora|move: Protect
|move|p2a: Whimsicott|Moonblast|p1b: Glimmora
|-activate|p1b: Glimmora|move: Protect
|move|p2b: Sneasler|Close Combat|p1b: Glimmora
|-activate|p1b: Glimmora|move: Protect
|-damage|p2b: Sneasler|57/100|[from] Spiky Shield|[of] p1b: Glimmora
|
|-weather|SunnyDay|[upkeep]
|-sideend|p1: Quinten165|move: Tailwind
|-sideend|p2: TipoLucha|move: Tailwind
|upkeep
|turn|5
|
|t:|1785487914
|move|p2a: Whimsicott|Tailwind|p2a: Whimsicott
|-sidestart|p2: TipoLucha|move: Tailwind
|move|p1a: Whimsicott|Tailwind|p1a: Whimsicott
|-sidestart|p1: Quinten165|move: Tailwind
|move|p2b: Sneasler|Rock Slide|p1b: Glimmora|[spread] p1a,p1b
|-damage|p1a: Whimsicott|0 fnt
|-damage|p1b: Glimmora|73/100
|-activate|p1b: Glimmora|ability: Toxic Debris
|-sidestart|p2: TipoLucha|move: Toxic Spikes
|faint|p1a: Whimsicott
|move|p1b: Glimmora|Earth Power|p2b: Sneasler
|-supereffective|p2b: Sneasler|1
|-damage|p2b: Sneasler|0 fnt
|faint|p2b: Sneasler
|
|-weather|none
|upkeep
|
|t:|1785487928
|switch|p1a: Charizard|Charizard-Mega-Y, L50, F|54/100
|switch|p2b: Milotic|Milotic, L50, F|6/100
|-weather|SunnyDay|[from] ability: Drought|[of] p1a: Charizard
|-status|p2b: Milotic|psn
|turn|6
|
|t:|1785487940
|move|p1b: Glimmora|Spiky Shield|p1b: Glimmora
|-singleturn|p1b: Glimmora|move: Protect
|move|p2a: Whimsicott|Encore|p1b: Glimmora
|-activate|p1b: Glimmora|move: Protect
|move|p1a: Charizard|Weather Ball|p2a: Whimsicott
|-supereffective|p2a: Whimsicott|1
|-enditem|p2a: Whimsicott|Focus Sash
|-damage|p2a: Whimsicott|1/100
|move|p2b: Milotic|Scald|p1b: Glimmora
|-activate|p1b: Glimmora|move: Protect
|
|-weather|SunnyDay|[upkeep]
|-damage|p2b: Milotic|0 fnt|[from] psn
|faint|p2b: Milotic
|upkeep
|
|t:|1785487943
|switch|p2b: Froslass|Froslass, L50, F|100/100
|-status|p2b: Froslass|psn
|turn|7
|inactive|Quinten165 has 30 seconds left.
|
|t:|1785487975
|switch|p1b: Kommo-o|Kommo-o, L50, F|100/100
|detailschange|p2b: Froslass|Froslass-Mega, L50, F
|-mega|p2b: Froslass|Froslass|Froslassite
|-weather|Snowscape|[from] ability: Snow Warning|[of] p2b: Froslass
|move|p2b: Froslass|Blizzard|p1a: Charizard|[spread] p1a,p1b
|-supereffective|p1b: Kommo-o|1
|-damage|p1a: Charizard|15/100
|-damage|p1b: Kommo-o|0 fnt
|-status|p1a: Charizard|frz
|faint|p1b: Kommo-o
|move|p2a: Whimsicott|Shadow Ball|p1a: Charizard
|-damage|p1a: Charizard|0 fnt
|faint|p1a: Charizard
|
|-weather|Snowscape|[upkeep]
|-damage|p2b: Froslass|87/100 psn|[from] psn
|upkeep
|
|t:|1785487992
|switch|p1a: Glimmora|Glimmora, L50, F|73/100
|turn|8
|
|t:|1785488008
|move|p2b: Froslass|Protect|p2b: Froslass
|-singleturn|p2b: Froslass|Protect
|move|p1a: Glimmora|Spiky Shield|p1a: Glimmora
|-singleturn|p1a: Glimmora|move: Protect
|move|p2a: Whimsicott|Shadow Ball|p1a: Glimmora
|-activate|p1a: Glimmora|move: Protect
|
|-weather|Snowscape|[upkeep]
|-damage|p2b: Froslass|75/100 psn|[from] psn
|-sideend|p2: TipoLucha|move: Tailwind
|-sideend|p1: Quinten165|move: Tailwind
|upkeep
|turn|9
|-message|Quinten165 forfeited.
|
|win|TipoLucha
|raw|Quinten165's rating: 1108 → 1091(-17 for losing)
|raw|TipoLucha's rating: 1219 → 1236(+17 for winning)
