|j|☆MrPhoenixGC
|j|‽vgcgeegee
|html|MrPhoenixGCvgcgeegee    
|uhtml|bestof|Game 2 of a best-of-3
|t:|1757649390
|gametype|doubles
|player|p1|MrPhoenixGC|steven|1122
|player|p2|vgcgeegee|iris-gen5bw2|1111
|gen|9
|tier|[Gen 9] VGC 2025 Reg H (Bo3)
|rated|
|rule|Species Clause: Limit one of each Pokémon
|rule|Item Clause: Limit 1 of each item
|clearpoke
|poke|p1|Gholdengo, L50|
|poke|p1|Pelipper, L50, F|
|poke|p1|Archaludon, L50, M|
|poke|p1|Ursaluna, L50, M|
|poke|p1|Dragonite, L50, F|
|poke|p1|Sinistcha, L50|
|poke|p2|Dragonite, L50, M|
|poke|p2|Annihilape, L50, F|
|poke|p2|Gholdengo, L50|
|poke|p2|Rillaboom, L50, F|
|poke|p2|Electabuzz, L50, F|
|poke|p2|Incineroar, L50, M|
|teampreview|4
|showteam|p1|Gholdengo||LifeOrb|GoodasGold|MakeItRain,ShadowBall,NastyPlot,Protect||||||50|,,,,,Dragon]Pelipper||FocusSash|Drizzle|Protect,MuddyWater,Hurricane,WideGuard|||F|||50|,,,,,Ground]Archaludon||AssaultVest|Stamina|BodyPress,Snarl,ElectroShot,FlashCannon|||M|||50|,,,,,Bug]Ursaluna||FlameOrb|Guts|Protect,Facade,Earthquake,HeadlongRush|||M|||50|,,,,,Ghost]Dragonite||LoadedDice|Multiscale|ScaleShot,Haze,Tailwind,Protect|||F|||50|,,,,,Fairy]Sinistcha||SitrusBerry|Hospitality|TrickRoom,MatchaGotcha,LifeDew,RagePowder||||||50|,,,,,Dark
|showteam|p2|Dragonite||LoadedDice|Multiscale|Protect,ScaleShot,ExtremeSpeed,Haze|||M|||50|,,,,,Fairy]Annihilape||FocusSash|Defiant|RageFist,CloseCombat,Coaching,Taunt|||F|||50|,,,,,Stellar]Gholdengo||SitrusBerry|GoodasGold|Protect,MakeItRain,ShadowBall,NastyPlot||||||50|,,,,,Water]Rillaboom||AssaultVest|GrassySurge|FakeOut,WoodHammer,GrassyGlide,HighHorsepower|||F|||50|,,,,,Fire]Electabuzz||Eviolite|VitalSpirit|Protect,Thunderbolt,Electroweb,FollowMe|||F|||50|,,,,,Dragon]Incineroar||MirrorHerb|Intimidate|FakeOut,FlareBlitz,KnockOff,PartingShot|||M|||50|,,,,,Ghost
|
|t:|1757649400
|teamsize|p1|4
|teamsize|p2|4
|start
|switch|p1a: Gholdengo|Gholdengo, L50|100/100
|switch|p1b: Dragonite|Dragonite, L50, F|100/100
|switch|p2a: Annihilape|Annihilape, L50, F|100/100
|switch|p2b: Dragonite|Dragonite, L50, M|100/100
|turn|1
|inactive|Battle timer is ON: inactive players will automatically lose when time's up. (requested by vgcgeegee)
|
|t:|1757649418
|move|p1a: Gholdengo|Protect|p1a: Gholdengo
|-singleturn|p1a: Gholdengo|Protect
|move|p2a: Annihilape|Rage Fist|p1a: Gholdengo
|-activate|p1a: Gholdengo|move: Protect
|move|p1b: Dragonite|Tailwind|p1b: Dragonite
|-sidestart|p1: MrPhoenixGC|move: Tailwind
|move|p2b: Dragonite|Scale Shot|p1a: Gholdengo
|-activate|p1a: Gholdengo|move: Protect
|
|upkeep
|turn|2
|inactive|MrPhoenixGC has 30 seconds left.
|inactive|vgcgeegee has 30 seconds left.
|
|t:|1757649448
|move|p1a: Gholdengo|Make It Rain|p2a: Annihilape|[spread] p2a,p2b
|-damage|p2a: Annihilape|35/100
|-damage|p2b: Dragonite|63/100
|-unboost|p1a: Gholdengo|spa|1
|-damage|p1a: Gholdengo|91/100|[from] item: Life Orb
|move|p1b: Dragonite|Scale Shot|p2a: Annihilape
|-damage|p2a: Annihilape|18/100
|-damage|p2a: Annihilape|2/100
|-damage|p2a: Annihilape|0 fnt
|faint|p2a: Annihilape
|-hitcount|p2: Annihilape|3
|-unboost|p1b: Dragonite|def|1
|-boost|p1b: Dragonite|spe|1
|move|p2b: Dragonite|Scale Shot|p1b: Dragonite
|-supereffective|p1b: Dragonite
|-damage|p1b: Dragonite|77/100
|-supereffective|p1b: Dragonite
|-damage|p1b: Dragonite|27/100
|-supereffective|p1b: Dragonite
|-damage|p1b: Dragonite|0 fnt
|faint|p1b: Dragonite
|-hitcount|p1: Dragonite|3
|-unboost|p2b: Dragonite|def|1
|-boost|p2b: Dragonite|spe|1
|
|upkeep
|inactive|MrPhoenixGC has 30 seconds left.
|inactive|vgcgeegee has 30 seconds left.
|
|t:|1757649474
|switch|p2a: Rillaboom|Rillaboom, L50, F|100/100
|switch|p1b: Archaludon|Archaludon, L50, M|100/100
|-fieldstart|move: Grassy Terrain|[from] ability: Grassy Surge|[of] p2a: Rillaboom
|turn|3
|inactive|vgcgeegee has 30 seconds left.
|
|t:|1757649500
|-terastallize|p1b: Archaludon|Bug
|move|p2a: Rillaboom|Fake Out|p1b: Archaludon
|-damage|p1b: Archaludon|92/100
|-ability|p1b: Archaludon|Stamina|boost
|-boost|p1b: Archaludon|def|1
|move|p1a: Gholdengo|Nasty Plot|p1a: Gholdengo
|-boost|p1a: Gholdengo|spa|2
|cant|p1b: Archaludon|flinch
|move|p2b: Dragonite|Scale Shot|p1a: Gholdengo
|-resisted|p1a: Gholdengo
|-damage|p1a: Gholdengo|83/100
|-resisted|p1a: Gholdengo
|-damage|p1a: Gholdengo|74/100
|-resisted|p1a: Gholdengo
|-damage|p1a: Gholdengo|66/100
|-resisted|p1a: Gholdengo
|-damage|p1a: Gholdengo|56/100
|-hitcount|p1a: Gholdengo|4
|-unboost|p2b: Dragonite|def|1
|-boost|p2b: Dragonite|spe|1
|
|-heal|p1a: Gholdengo|62/100|[from] Grassy Terrain
|-heal|p1b: Archaludon|98/100|[from] Grassy Terrain
|upkeep
|turn|4
|inactive|MrPhoenixGC has 30 seconds left.
|inactive|vgcgeegee has 30 seconds left.
|
|t:|1757649531
|-terastallize|p2a: Rillaboom|Fire
|move|p2b: Dragonite|Protect|p2b: Dragonite
|-singleturn|p2b: Dragonite|Protect
|move|p1a: Gholdengo|Make It Rain|p2a: Rillaboom|[spread] p2a
|-activate|p2b: Dragonite|move: Protect
|-resisted|p2a: Rillaboom
|-damage|p2a: Rillaboom|60/100
|-unboost|p1a: Gholdengo|spa|1
|-damage|p1a: Gholdengo|53/100|[from] item: Life Orb
|move|p1b: Archaludon|Body Press|p2a: Rillaboom
|-damage|p2a: Rillaboom|23/100
|move|p2a: Rillaboom|High Horsepower|p1a: Gholdengo
|-supereffective|p1a: Gholdengo
|-damage|p1a: Gholdengo|0 fnt
|faint|p1a: Gholdengo
|
|-heal|p1b: Archaludon|100/100|[from] Grassy Terrain
|-heal|p2a: Rillaboom|29/100|[from] Grassy Terrain
|-sideend|p1: MrPhoenixGC|move: Tailwind
|upkeep
|
|t:|1757649551
|switch|p1a: Pelipper|Pelipper, L50, F|100/100
|-weather|RainDance|[from] ability: Drizzle|[of] p1a: Pelipper
|turn|5
|
|t:|1757649558
|switch|p2a: Gholdengo|Gholdengo, L50|100/100
|move|p2b: Dragonite|Protect||[still]
|-fail|p2b: Dragonite
|move|p1b: Archaludon|Electro Shot||[still]
|-prepare|p1b: Archaludon|Electro Shot
|-boost|p1b: Archaludon|spa|1
|-anim|p1b: Archaludon|Electro Shot|p2b: Dragonite
|-damage|p2b: Dragonite|8/100
|move|p1a: Pelipper|Muddy Water|p2a: Gholdengo|[spread] p2a
|-miss|p1a: Pelipper|p2b: Dragonite
|-damage|p2a: Gholdengo|54/100
|
|-weather|RainDance|[upkeep]
|-heal|p2a: Gholdengo|60/100|[from] Grassy Terrain
|upkeep
|turn|6
|inactive|MrPhoenixGC has 30 seconds left.
|
|t:|1757649592
|move|p2b: Dragonite|Scale Shot|p1a: Pelipper
|-damage|p1a: Pelipper|80/100
|-crit|p1a: Pelipper
|-damage|p1a: Pelipper|50/100
|-damage|p1a: Pelipper|30/100
|-crit|p1a: Pelipper
|-damage|p1a: Pelipper|0 fnt
|faint|p1a: Pelipper
|-hitcount|p1: Pelipper|4
|-unboost|p2b: Dragonite|def|1
|-boost|p2b: Dragonite|spe|1
|move|p2a: Gholdengo|Make It Rain|p1b: Archaludon
|-damage|p1b: Archaludon|59/100
|-unboost|p2a: Gholdengo|spa|1
|-ability|p1b: Archaludon|Stamina|boost
|-boost|p1b: Archaludon|def|1
|move|p1b: Archaludon|Electro Shot||[still]
|-prepare|p1b: Archaludon|Electro Shot
|-boost|p1b: Archaludon|spa|1
|-anim|p1b: Archaludon|Electro Shot|p2a: Gholdengo
|-damage|p2a: Gholdengo|0 fnt
|faint|p2a: Gholdengo
|
|-weather|RainDance|[upkeep]
|-heal|p1b: Archaludon|65/100|[from] Grassy Terrain
|upkeep
|
|t:|1757649612
|switch|p2a: Rillaboom|Rillaboom, L50, F, tera:Fire|29/100
|turn|7
|
|t:|1757649618
|move|p2a: Rillaboom|Fake Out|p1b: Archaludon
|-damage|p1b: Archaludon|59/100
|-ability|p1b: Archaludon|Stamina|boost
|-boost|p1b: Archaludon|def|1
|move|p2b: Dragonite|Scale Shot|p1b: Archaludon
|-damage|p1b: Archaludon|55/100
|-ability|p1b: Archaludon|Stamina|boost
|-boost|p1b: Archaludon|def|1
|-damage|p1b: Archaludon|51/100
|-ability|p1b: Archaludon|Stamina|boost
|-boost|p1b: Archaludon|def|1
|-damage|p1b: Archaludon|48/100
|-ability|p1b: Archaludon|Stamina|boost
|-boost|p1b: Archaludon|def|1
|-damage|p1b: Archaludon|45/100
|-hitcount|p1b: Archaludon|4
|-unboost|p2b: Dragonite|def|1
|-boost|p2b: Dragonite|spe|1
|cant|p1b: Archaludon|flinch
|
|-weather|RainDance|[upkeep]
|-heal|p1b: Archaludon|51/100|[from] Grassy Terrain
|-heal|p2a: Rillaboom|35/100|[from] Grassy Terrain
|-fieldend|move: Grassy Terrain
|upkeep
|turn|8
|inactive|MrPhoenixGC has 30 seconds left.
|inactive|vgcgeegee has 30 seconds left.
|
|t:|1757649646
|move|p2b: Dragonite|Protect|p2b: Dragonite
|-singleturn|p2b: Dragonite|Protect
|move|p1b: Archaludon|Snarl|p2b: Dragonite|[spread] p2a
|-activate|p2b: Dragonite|move: Protect
|-damage|p2a: Rillaboom|19/100
|-unboost|p2a: Rillaboom|spa|1
|move|p2a: Rillaboom|Wood Hammer|p1b: Archaludon
|-resisted|p1b: Archaludon
|-damage|p1b: Archaludon|46/100
|-damage|p2a: Rillaboom|18/100|[from] Recoil
|
|-weather|RainDance|[upkeep]
|upkeep
|turn|9
|
|t:|1757649666
|move|p2b: Dragonite|Scale Shot|p1b: Archaludon
|-damage|p1b: Archaludon|43/100
|-damage|p1b: Archaludon|40/100
|-damage|p1b: Archaludon|36/100
|-damage|p1b: Archaludon|33/100
|-hitcount|p1b: Archaludon|4
|-unboost|p2b: Dragonite|def|1
|-boost|p2b: Dragonite|spe|1
|move|p1b: Archaludon|Body Press|p2a: Rillaboom
|-damage|p2a: Rillaboom|0 fnt
|faint|p2a: Rillaboom
|
|-weather|none
|upkeep
|turn|10
|
|t:|1757649680
|move|p2b: Dragonite|Scale Shot|p1b: Archaludon
|-damage|p1b: Archaludon|30/100
|-damage|p1b: Archaludon|27/100
|-damage|p1b: Archaludon|23/100
|-damage|p1b: Archaludon|20/100
|-hitcount|p1b: Archaludon|4
|-unboost|p2b: Dragonite|def|1
|-boost|p2b: Dragonite|spe|1
|move|p1b: Archaludon|Body Press|p2b: Dragonite
|-resisted|p2b: Dragonite
|-damage|p2b: Dragonite|0 fnt
|faint|p2b: Dragonite
|
|win|MrPhoenixGC
||vgcgeegee is ready for game 3.
|inactive|MrPhoenixGC has 30 seconds to confirm battle start!
|l|☆MrPhoenixGC
|player|p1|
|inactive|MrPhoenixGC has 20 seconds to confirm battle start!
||MrPhoenixGC is ready for game 3.
|uhtml|next|Next: Game 3 of 3
|l|‽vgcgeegee
|player|p2|
|j|☆MrPhoenixGC
|player|p1|MrPhoenixGC|steven|
