|j|☆zanquettao
|j|☆abadanriyi92
|html|zanquettaoabadanriyi92    
|uhtml|bestof|Game 2 of a best-of-3
|t:|1784510449
|gametype|doubles
|player|p1|zanquettao|hilda-wonderlauncher|1148
|player|p2|abadanriyi92|scientist|1274
|gen|9
|tier|[Gen 9 Champions] VGC 2026 Reg M-B (Bo3)
|rated|
|rule|Species Clause: Limit one of each Pokémon
|rule|Item Clause: Limit 1 of each item
|clearpoke
|poke|p1|Farigiraf, L50, F, shiny|
|poke|p1|Incineroar, L50, F, shiny|
|poke|p1|Torkoal, L50, M|
|poke|p1|Sinistcha-Masterpiece, L50|
|poke|p1|Primarina, L50, M|
|poke|p1|Mawile, L50, F|
|poke|p2|Venusaur, L50, M|
|poke|p2|Grimmsnarl, L50, M|
|poke|p2|Politoed, L50, F|
|poke|p2|Archaludon, L50, F|
|poke|p2|Kingambit, L50, F|
|poke|p2|Aerodactyl, L50, F|
|teampreview|4
|showteam|p1|Farigiraf||ColburBerry|ArmorTail|TrickRoom,ConfuseRay,HelpingHand,Protect|Relaxed||F|||50|]Incineroar||ExpertBelt|Intimidate|CloseCombat,FlareBlitz,FakeOut,DarkestLariat|Brave||F|||50|]Torkoal||Charcoal|Drought|Eruption,EarthPower,SolarBeam,Protect|Quiet||M|||50|]Sinistcha-Masterpiece||FocusSash|Hospitality|TrickRoom,MatchaGotcha,ShadowBall,Protect|Quiet|||||50|]Primarina||LifeOrb|LiquidVoice|HyperVoice,DazzlingGleam,IceBeam,EnergyBall|Quiet||M|||50|]Mawile||Mawilite|HyperCutter|SuckerPunch,PlayRough,IronHead,ThunderPunch|Brave||F|||50|
|showteam|p2|Venusaur||Venusaurite|Chlorophyll|GigaDrain,SludgeBomb,EarthPower,Protect|Modest||M|||50|]Grimmsnarl||LightClay|Prankster|PartingShot,Reflect,LightScreen,FoulPlay|Relaxed||M|||50|]Politoed||SitrusBerry|Drizzle|WeatherBall,PerishSong,Encore,Protect|Sassy||F|||50|]Archaludon||Leftovers|Stamina|ElectroShot,FlashCannon,DracoMeteor,Protect|Modest||F|||50|]Kingambit||BlackGlasses|Defiant|KowtowCleave,SuckerPunch,SwordsDance,Protect|Brave||F|||50|]Aerodactyl||Aerodactylite|Unnerve|RockSlide,DualWingbeat,Tailwind,Protect|Jolly||F|||50|
|inactive|Battle timer is ON: inactive players will automatically lose when time's up. (requested by zanquettao)
|inactive|zanquettao has 60 seconds left.
|
|t:|1784510489
|teamsize|p1|4
|teamsize|p2|4
|start
|switch|p1a: Sinistcha|Sinistcha-Masterpiece, L50|100/100
|switch|p1b: Incineroar|Incineroar, L50, F, shiny|100/100
|switch|p2a: Kingambit|Kingambit, L50, F|100/100
|switch|p2b: Grimmsnarl|Grimmsnarl, L50, M|100/100
|-ability|p1b: Incineroar|Intimidate|boost
|-unboost|p2a: Kingambit|atk|1
|-ability|p2a: Kingambit|Defiant|boost
|-boost|p2a: Kingambit|atk|2
|-unboost|p2b: Grimmsnarl|atk|1
|turn|1
|inactive|abadanriyi92 has 30 seconds left.
|
|t:|1784510517
|move|p2b: Grimmsnarl|Reflect|p2b: Grimmsnarl
|-sidestart|p2: abadanriyi92|Reflect
|move|p1b: Incineroar|Close Combat|p2a: Kingambit
|-supereffective|p2a: Kingambit|2
|-damage|p2a: Kingambit|0 fnt
|-unboost|p1b: Incineroar|def|1
|-unboost|p1b: Incineroar|spd|1
|faint|p2a: Kingambit
|move|p1a: Sinistcha|Trick Room|p1a: Sinistcha
|-fieldstart|move: Trick Room|[of] p1a: Sinistcha
|
|upkeep
|
|t:|1784510528
|switch|p2a: Venusaur|Venusaur, L50, M|100/100
|turn|2
|
|t:|1784510546
|detailschange|p2a: Venusaur|Venusaur-Mega, L50, M
|-mega|p2a: Venusaur|Venusaur|Venusaurite
|move|p2b: Grimmsnarl|Light Screen|p2b: Grimmsnarl
|-sidestart|p2: abadanriyi92|move: Light Screen
|move|p1b: Incineroar|Flare Blitz|p2a: Venusaur
|-supereffective|p2a: Venusaur|1
|-damage|p2a: Venusaur|56/100
|-damage|p1b: Incineroar|86/100|[from] Recoil
|move|p1a: Sinistcha|Matcha Gotcha|p2a: Venusaur|[spread] p2a,p2b
|-resisted|p2a: Venusaur|2
|-damage|p2a: Venusaur|51/100
|-damage|p2b: Grimmsnarl|78/100
|move|p2a: Venusaur|Sludge Bomb|p1a: Sinistcha
|-damage|p1a: Sinistcha|46/100
|
|upkeep
|turn|3
|
|t:|1784510567
|switch|p2b: Politoed|Politoed, L50, F|100/100
|-weather|RainDance|[from] ability: Drizzle|[of] p2b: Politoed
|move|p1b: Incineroar|Flare Blitz|p2a: Venusaur
|-supereffective|p2a: Venusaur|1
|-damage|p2a: Venusaur|33/100
|-damage|p1b: Incineroar|81/100|[from] Recoil
|move|p1a: Sinistcha|Shadow Ball|p2a: Venusaur
|-damage|p2a: Venusaur|9/100
|-unboost|p2a: Venusaur|spd|1
|move|p2a: Venusaur|Sludge Bomb|p1a: Sinistcha
|-damage|p1a: Sinistcha|0 fnt
|faint|p1a: Sinistcha
|
|-weather|RainDance|[upkeep]
|upkeep
|
|t:|1784510582
|switch|p1a: Torkoal|Torkoal, L50, M|100/100
|-weather|SunnyDay|[from] ability: Drought|[of] p1a: Torkoal
|turn|4
|
|t:|1784510595
|switch|p2b: Grimmsnarl|Grimmsnarl, L50, M|78/100
|move|p2a: Venusaur|Protect|p2a: Venusaur
|-singleturn|p2a: Venusaur|Protect
|move|p1a: Torkoal|Solar Beam||[still]
|-prepare|p1a: Torkoal|Solar Beam
|-anim|p1a: Torkoal|Solar Beam|p2b: Grimmsnarl
|-damage|p2b: Grimmsnarl|54/100
|move|p1b: Incineroar|Flare Blitz|p2a: Venusaur
|-activate|p2a: Venusaur|move: Protect
|
|-weather|SunnyDay|[upkeep]
|upkeep
|turn|5
|inactive|abadanriyi92 has 30 seconds left.
|
|t:|1784510628
|switch|p1a: Mawile|Mawile, L50, F|100/100
|move|p2b: Grimmsnarl|Parting Shot|p1a: Mawile
|-fail|p1a: Mawile|unboost|Attack|[from] ability: Hyper Cutter|[of] p1a: Mawile
|-unboost|p1a: Mawile|spa|1
|
|t:|1784510635
|switch|p2b: Politoed|Politoed, L50, F|100/100|[from] Parting Shot
|-weather|RainDance|[from] ability: Drizzle|[of] p2b: Politoed
|move|p1b: Incineroar|Flare Blitz|p2a: Venusaur
|-supereffective|p2a: Venusaur|1
|-damage|p2a: Venusaur|0 fnt
|faint|p2a: Venusaur
|-damage|p1b: Incineroar|78/100|[from] Recoil
|
|-weather|RainDance|[upkeep]
|-fieldend|move: Trick Room
|upkeep
|
|t:|1784510644
|switch|p2a: Grimmsnarl|Grimmsnarl, L50, M|54/100
|turn|6
|-message|abadanriyi92 forfeited.
|
|win|zanquettao
