|j|☆mortajo
|j|☆MrPhoenixGC
|html|mortajoMrPhoenixGC    
|uhtml|bestof|Game 3 of a best-of-3
|t:|1783467323
|gametype|doubles
|player|p1|mortajo|benga|1128
|player|p2|MrPhoenixGC|steven|1131
|gen|9
|tier|[Gen 9 Champions] VGC 2026 Reg M-B (Bo3)
|rated|
|rule|Species Clause: Limit one of each Pokémon
|rule|Item Clause: Limit 1 of each item
|clearpoke
|poke|p1|Garchomp, L50, F, shiny|
|poke|p1|Whimsicott, L50, F, shiny|
|poke|p1|Empoleon, L50, F, shiny|
|poke|p1|Tyranitar, L50, F, shiny|
|poke|p1|Corviknight, L50, M, shiny|
|poke|p1|Sinistcha-Masterpiece, L50, shiny|
|poke|p2|Aerodactyl, L50, F|
|poke|p2|Garchomp, L50, F|
|poke|p2|Kingambit, L50, F|
|poke|p2|Charizard, L50, F|
|poke|p2|Sylveon, L50, M|
|poke|p2|Farigiraf, L50, M|
|teampreview|4
|showteam|p1|Garchomp||Garchompite|RoughSkin|Earthquake,Protect,RockSlide,IronHead|Adamant||F|||50|]Whimsicott||FocusSash|Prankster|Tailwind,Moonblast,Encore,CottonSpore|Bold||F|||50|]Empoleon||LifeOrb|Competitive|IcyWind,FlashCannon,Protect,WeatherBall|Modest||F|||50|]Tyranitar||SmoothRock|SandStream|KnockOff,Earthquake,Protect,IcyWind|Adamant||F|||50|]Corviknight||Leftovers|Pressure|Tailwind,BraveBird,IronDefense,BodyPress|Calm||M|||50|]Sinistcha-Masterpiece||SitrusBerry|Hospitality|Protect,MatchaGotcha,ShadowBall,RagePowder|Bold|||||50|
|showteam|p2|Aerodactyl||Aerodactylite|Unnerve|IceFang,RockSlide,Tailwind,DualWingbeat|Jolly||F|||50|]Garchomp||LifeOrb|RoughSkin|DragonClaw,StompingTantrum,Earthquake,Protect|Jolly||F|||50|]Kingambit||FocusSash|Defiant|SuckerPunch,KowtowCleave,IronHead,LowKick|Adamant||F|||50|]Charizard||CharizarditeY|SolarPower|Protect,WeatherBall,HeatWave,SolarBeam|Modest||F|||50|]Sylveon||FairyFeather|Pixilate|Protect,HyperVoice,HyperBeam,QuickAttack|Modest||M|||50|]Farigiraf||SitrusBerry|ArmorTail|TrickRoom,Thunderbolt,Roar,TwinBeam|Bold||M|||50|
|
|t:|1783467370
|teamsize|p1|4
|teamsize|p2|4
|start
|switch|p1a: Corviknight|Corviknight, L50, M, shiny|100/100
|switch|p1b: Tyranitar|Tyranitar, L50, F, shiny|100/100
|switch|p2a: Aerodactyl|Aerodactyl, L50, F|100/100
|switch|p2b: Kingambit|Kingambit, L50, F|100/100
|-ability|p2a: Aerodactyl|Unnerve
|-weather|Sandstorm|[from] ability: Sand Stream|[of] p1b: Tyranitar
|-ability|p1a: Corviknight|Pressure
|turn|1
|
|t:|1783467400
|move|p1b: Tyranitar|Protect|p1b: Tyranitar
|-singleturn|p1b: Tyranitar|Protect
|move|p2a: Aerodactyl|Tailwind|p2a: Aerodactyl
|-sidestart|p2: MrPhoenixGC|move: Tailwind
|move|p2b: Kingambit|Low Kick|p1b: Tyranitar
|-activate|p1b: Tyranitar|move: Protect
|move|p1a: Corviknight|Iron Defense|p1a: Corviknight
|-boost|p1a: Corviknight|def|2
|
|-weather|Sandstorm|[upkeep]
|upkeep
|turn|2
|
|t:|1783467417
|switch|p1b: Sinistcha|Sinistcha-Masterpiece, L50, shiny|100/100
|move|p2a: Aerodactyl|Rock Slide|p1b: Sinistcha|[spread] p1a,p1b
|-damage|p1a: Corviknight|91/100
|-damage|p1b: Sinistcha|84/100
|move|p2b: Kingambit|Low Kick|p1b: Sinistcha
|-immune|p1b: Sinistcha
|move|p1a: Corviknight|Iron Defense|p1a: Corviknight
|-boost|p1a: Corviknight|def|2
|
|-weather|Sandstorm|[upkeep]
|-damage|p1b: Sinistcha|78/100|[from] Sandstorm
|-heal|p1a: Corviknight|97/100|[from] item: Leftovers
|upkeep
|turn|3
|
|t:|1783467453
|move|p2a: Aerodactyl|Dual Wingbeat|p1b: Sinistcha
|-supereffective|p1b: Sinistcha|1
|-damage|p1b: Sinistcha|56/100
|-supereffective|p1b: Sinistcha|1
|-damage|p1b: Sinistcha|33/100
|-hitcount|p1b: Sinistcha|2
|move|p2b: Kingambit|Kowtow Cleave|p1a: Corviknight
|-damage|p1a: Corviknight|83/100
|move|p1b: Sinistcha|Matcha Gotcha|p2b: Kingambit|[spread] p2a,p2b
|-resisted|p2b: Kingambit|1
|-damage|p2a: Aerodactyl|76/100
|-heal|p1b: Sinistcha|44/100|[from] drain|[of] p2a: Aerodactyl
|-damage|p2b: Kingambit|86/100
|-heal|p1b: Sinistcha|51/100|[from] drain|[of] p2b: Kingambit
|move|p1a: Corviknight|Body Press|p2a: Aerodactyl
|-damage|p2a: Aerodactyl|0 fnt
|faint|p2a: Aerodactyl
|
|-weather|Sandstorm|[upkeep]
|-damage|p1b: Sinistcha|45/100|[from] Sandstorm
|-enditem|p1b: Sinistcha|Sitrus Berry|[eat]
|-heal|p1b: Sinistcha|70/100|[from] item: Sitrus Berry
|-heal|p1a: Corviknight|89/100|[from] item: Leftovers
|upkeep
|
|t:|1783467475
|switch|p2a: Charizard|Charizard, L50, F|100/100
|turn|4
|
|t:|1783467511
|move|p2a: Charizard|Heat Wave|p1b: Sinistcha|[spread] p1a,p1b
|-supereffective|p1a: Corviknight|1
|-crit|p1a: Corviknight
|-supereffective|p1b: Sinistcha|1
|-damage|p1a: Corviknight|27/100
|-damage|p1b: Sinistcha|2/100
|move|p2b: Kingambit|Kowtow Cleave|p1b: Sinistcha
|-supereffective|p1b: Sinistcha|1
|-damage|p1b: Sinistcha|0 fnt
|faint|p1b: Sinistcha
|move|p1a: Corviknight|Body Press|p2b: Kingambit
|-supereffective|p2b: Kingambit|2
|-damage|p2b: Kingambit|0 fnt
|faint|p2b: Kingambit
|
|-weather|Sandstorm|[upkeep]
|-damage|p2a: Charizard|94/100|[from] Sandstorm
|-heal|p1a: Corviknight|33/100|[from] item: Leftovers
|-sideend|p2: MrPhoenixGC|move: Tailwind
|upkeep
|
|t:|1783467526
|switch|p2b: Garchomp|Garchomp, L50, F|100/100
|switch|p1b: Garchomp|Garchomp, L50, F, shiny|100/100
|turn|5
|
|t:|1783467543
|detailschange|p1b: Garchomp|Garchomp-Mega, L50, F, shiny
|-mega|p1b: Garchomp|Garchomp|Garchompite
|move|p2a: Charizard|Protect|p2a: Charizard
|-singleturn|p2a: Charizard|Protect
|move|p2b: Garchomp|Dragon Claw|p1b: Garchomp
|-supereffective|p1b: Garchomp|1
|-damage|p1b: Garchomp|7/100
|-damage|p2b: Garchomp|90/100|[from] item: Life Orb
|move|p1b: Garchomp|Rock Slide|p2a: Charizard|[spread] p2b
|-activate|p2a: Charizard|move: Protect
|-resisted|p2b: Garchomp|1
|-damage|p2b: Garchomp|72/100
|move|p1a: Corviknight|Tailwind|p1a: Corviknight
|-sidestart|p1: mortajo|move: Tailwind
|
|-weather|Sandstorm|[upkeep]
|-damage|p2a: Charizard|88/100|[from] Sandstorm
|-heal|p1a: Corviknight|39/100|[from] item: Leftovers
|upkeep
|turn|6
|
|t:|1783467575
|detailschange|p2a: Charizard|Charizard-Mega-Y, L50, F
|-mega|p2a: Charizard|Charizard|Charizardite Y
|-weather|SunnyDay|[from] ability: Drought|[of] p2a: Charizard
|move|p1b: Garchomp|Rock Slide|p2a: Charizard|[spread] p2b
|-miss|p1b: Garchomp|p2a: Charizard
|-resisted|p2b: Garchomp|1
|-damage|p2b: Garchomp|60/100
|move|p1a: Corviknight|Body Press|p2b: Garchomp
|-damage|p2b: Garchomp|1/100
|-damage|p1a: Corviknight|26/100|[from] ability: Rough Skin|[of] p2b: Garchomp
|move|p2b: Garchomp|Dragon Claw|p1b: Garchomp
|-supereffective|p1b: Garchomp|1
|-damage|p1b: Garchomp|0 fnt
|faint|p1b: Garchomp
|-damage|p2b: Garchomp|0 fnt|[from] item: Life Orb
|faint|p2b: Garchomp
|move|p2a: Charizard|Heat Wave|p1a: Corviknight
|-supereffective|p1a: Corviknight|1
|-damage|p1a: Corviknight|0 fnt
|faint|p1a: Corviknight
|
|-weather|SunnyDay|[upkeep]
|upkeep
|c|☆mortajo|nooooo
|c|☆mortajo|bruh
|
|t:|1783467590
|switch|p1b: Tyranitar|Tyranitar, L50, F, shiny|100/100
|-weather|Sandstorm|[from] ability: Sand Stream|[of] p1b: Tyranitar
|turn|7
|
|t:|1783467606
|move|p1b: Tyranitar|Protect|p1b: Tyranitar
|-singleturn|p1b: Tyranitar|Protect
|move|p2a: Charizard|Protect||[still]
|-fail|p2a: Charizard
|
|-weather|Sandstorm|[upkeep]
|-damage|p2a: Charizard|82/100|[from] Sandstorm
|upkeep
|turn|8
|
|t:|1783467615
|move|p2a: Charizard|Protect|p2a: Charizard
|-singleturn|p2a: Charizard|Protect
|move|p1b: Tyranitar|Icy Wind|p2a: Charizard
|-activate|p2a: Charizard|move: Protect
|
|-weather|Sandstorm|[upkeep]
|-damage|p2a: Charizard|76/100|[from] Sandstorm
|-sideend|p1: mortajo|move: Tailwind
|upkeep
|turn|9
|
|t:|1783467630
|move|p2a: Charizard|Solar Beam||[still]
|-prepare|p2a: Charizard|Solar Beam
|move|p1b: Tyranitar|Icy Wind|p2a: Charizard
|-damage|p2a: Charizard|66/100
|-unboost|p2a: Charizard|spe|1
|
|-weather|Sandstorm|[upkeep]
|-damage|p2a: Charizard|60/100|[from] Sandstorm
|upkeep
|turn|10
|
|t:|1783467639
|move|p1b: Tyranitar|Protect|p1b: Tyranitar
|-singleturn|p1b: Tyranitar|Protect
|move|p2a: Charizard|Solar Beam|p1b: Tyranitar|[from] lockedmove
|-activate|p1b: Tyranitar|move: Protect
|
|-weather|Sandstorm|[upkeep]
|-damage|p2a: Charizard|54/100|[from] Sandstorm
|upkeep
|turn|11
|j| MiXwX_
|
|t:|1783467650
|move|p1b: Tyranitar|Icy Wind|p2a: Charizard
|-damage|p2a: Charizard|45/100
|-unboost|p2a: Charizard|spe|1
|move|p2a: Charizard|Weather Ball|p1b: Tyranitar
|-damage|p1b: Tyranitar|77/100
|
|-weather|Sandstorm|[upkeep]
|-damage|p2a: Charizard|39/100|[from] Sandstorm
|upkeep
|turn|12
|
|t:|1783467661
|move|p1b: Tyranitar|Knock Off|p2a: Charizard
|-damage|p2a: Charizard|7/100
|move|p2a: Charizard|Weather Ball|p1b: Tyranitar
|-damage|p1b: Tyranitar|54/100
|
|-weather|Sandstorm|[upkeep]
|-damage|p2a: Charizard|1/100|[from] Sandstorm
|upkeep
|turn|13
|c|☆mortajo|gg
|
|t:|1783467670
|move|p1b: Tyranitar|Knock Off|p2a: Charizard
|-damage|p2a: Charizard|0 fnt
|faint|p2a: Charizard
|
|win|mortajo
|raw|mortajo's rating: 1128 → 1153(+25 for winning)
|raw|MrPhoenixGC's rating: 1131 → 1106(-25 for losing)
