|j|☆curios d'arte
|j|☆Moonman155
|html|curios d'arteMoonman155    
|uhtml|bestof|Game 1 of a best-of-3
|t:|1756747194
|gametype|doubles
|player|p1|curios d'arte|miku-ghost|
|player|p2|Moonman155|170|
|gen|9
|tier|[Gen 9] VGC 2025 Reg H (Bo3)
|rule|Species Clause: Limit one of each Pokémon
|rule|Item Clause: Limit 1 of each item
|clearpoke
|poke|p1|Torkoal, L50, F|
|poke|p1|Crabominable, L50, F|
|poke|p1|Reuniclus, L50, M|
|poke|p1|Indeedee-F, L50, F|
|poke|p1|Bisharp, L50, F|
|poke|p1|Scrafty, L50, F|
|poke|p2|Bellibolt, L50, F|
|poke|p2|Pelipper, L50, M|
|poke|p2|Floatzel, L50, M|
|poke|p2|Amoonguss, L50, M|
|poke|p2|Bisharp, L50, F|
|poke|p2|Toxicroak, L50, M|
|teampreview|4
|showteam|p1|Torkoal||Charcoal|Drought|EarthPower,Eruption,Protect,Flamethrower|||F|||50|,,,,,Fire]Crabominable||ClearAmulet|IronFist|IceHammer,Protect,DrainPunch,ThunderPunch|||F|||50|,,,,,Water]Reuniclus||TwistedSpoon|Overcoat|ExpandingForce,TrickRoom,Protect,FocusBlast|||M|||50|,,,,,Fighting]Indeedee-F||SafetyGoggles|OwnTempo|TrickRoom,FollowMe,Psychic,HelpingHand|||F|||50|,,,,,Water]Bisharp||Eviolite|Defiant|SuckerPunch,IronHead,Protect,ThroatChop|||F|||50|,,,,,Fairy]Scrafty||CovertCloak|Intimidate|Coaching,KnockOff,SuperFang,FakeOut|||F|||50|,,,,,Grass
|showteam|p2|Bellibolt||AssaultVest|Electromorphosis|Thunder,MuddyWater,SuckerPunch,Electroweb|||F|||50|,,,,,Electric]Pelipper||FocusSash|Drizzle|Tailwind,WeatherBall,Hurricane,Protect|||M|||50|,,,,,Grass]Floatzel||ChoiceBand|SwiftSwim|FlipTurn,IceSpinner,WaveCrash,Crunch|||M|||50|,,,,,Water]Amoonguss||RockyHelmet|Regenerator|PollenPuff,RagePowder,Spore,Protect|||M|||50|,,,,,Ghost]Bisharp||Eviolite|Defiant|SuckerPunch,IronHead,Protect,SwordsDance|||F|||50|,,,,,Ghost]Toxicroak||SitrusBerry|DrySkin|FakeOut,DrainPunch,SwordsDance,PoisonJab|||M|||50|,,,,,Dark
|inactive|Battle timer is ON: inactive players will automatically lose when time's up. (requested by Moonman155)
|inactive|curios d'arte also wants the timer to be on.
|c|☆curios d'arte|glhf
|c|☆Moonman155|you too
|
|t:|1756747239
|teamsize|p1|4
|teamsize|p2|4
|start
|switch|p1a: Reuniclus|Reuniclus, L50, M|100/100
|switch|p1b: Scrafty|Scrafty, L50, F|100/100
|switch|p2a: Floatzel|Floatzel, L50, M|100/100
|switch|p2b: Bisharp|Bisharp, L50, F|100/100
|-ability|p1b: Scrafty|Intimidate|boost
|-unboost|p2a: Floatzel|atk|1
|-unboost|p2b: Bisharp|atk|1
|-ability|p2b: Bisharp|Defiant|boost
|-boost|p2b: Bisharp|atk|2
|turn|1
|inactive|curios d'arte has 30 seconds left.
|
|t:|1756747269
|-terastallize|p2b: Bisharp|Ghost
|move|p1b: Scrafty|Fake Out|p2a: Floatzel
|-damage|p2a: Floatzel|84/100
|cant|p2a: Floatzel|flinch
|move|p2b: Bisharp|Iron Head|p1b: Scrafty
|-crit|p1b: Scrafty
|-damage|p1b: Scrafty|10/100
|move|p1a: Reuniclus|Trick Room|p1a: Reuniclus
|-fieldstart|move: Trick Room|[of] p1a: Reuniclus
|
|upkeep
|turn|2
|
|t:|1756747284
|move|p2b: Bisharp|Sucker Punch|p1b: Scrafty
|-resisted|p1b: Scrafty
|-damage|p1b: Scrafty|0 fnt
|faint|p1b: Scrafty
|move|p1a: Reuniclus|Expanding Force|p2b: Bisharp
|-damage|p2b: Bisharp|55/100
|move|p2a: Floatzel|Crunch|p1a: Reuniclus
|-supereffective|p1a: Reuniclus
|-damage|p1a: Reuniclus|41/100
|
|upkeep
|
|t:|1756747301
|switch|p1b: Crabominable|Crabominable, L50, F|100/100
|turn|3
|
|t:|1756747323
|switch|p2a: Bellibolt|Bellibolt, L50, F|100/100
|-terastallize|p1b: Crabominable|Water
|move|p1a: Reuniclus|Protect|p1a: Reuniclus
|-singleturn|p1a: Reuniclus|Protect
|move|p2b: Bisharp|Sucker Punch||[still]
|-fail|p2b: Bisharp
|move|p1b: Crabominable|Ice Hammer|p2b: Bisharp
|-damage|p2b: Bisharp|2/100
|-unboost|p1b: Crabominable|spe|1
|
|upkeep
|turn|4
|inactive|curios d'arte has 30 seconds left.
|inactive|Moonman155 has 30 seconds left.
|c|☆Moonman155|crabominable is so cool
|inactive|curios d'arte has 20 seconds left.
|
|t:|1756747363
|switch|p1a: Torkoal|Torkoal, L50, F|100/100
|-weather|SunnyDay|[from] ability: Drought|[of] p1a: Torkoal
|move|p1b: Crabominable|Protect|p1b: Crabominable
|-singleturn|p1b: Crabominable|Protect
|move|p2b: Bisharp|Sucker Punch||[still]
|-fail|p2b: Bisharp
|move|p2a: Bellibolt|Muddy Water|p1b: Crabominable|[spread] p1a
|-activate|p1b: Crabominable|move: Protect
|-supereffective|p1a: Torkoal
|-damage|p1a: Torkoal|72/100
|
|-weather|SunnyDay|[upkeep]
|upkeep
|turn|5
|c|☆Moonman155|I wanted to use it but couldnt figure it out
|
|t:|1756747387
|switch|p2b: Pelipper|Pelipper, L50, M|100/100
|-weather|RainDance|[from] ability: Drizzle|[of] p2b: Pelipper
|move|p1a: Torkoal|Earth Power|p2a: Bellibolt
|-supereffective|p2a: Bellibolt
|-damage|p2a: Bellibolt|64/100
|-start|p2a: Bellibolt|Charge|Earth Power|[from] ability: Electromorphosis
|move|p1b: Crabominable|Ice Hammer|p2a: Bellibolt
|-damage|p2a: Bellibolt|4/100
|-unboost|p1b: Crabominable|spe|1
|-start|p2a: Bellibolt|Charge|Ice Hammer|[from] ability: Electromorphosis
|move|p2a: Bellibolt|Muddy Water|p1a: Torkoal|[spread] p1a,p1b
|-supereffective|p1a: Torkoal
|-resisted|p1b: Crabominable
|-damage|p1a: Torkoal|0 fnt
|-damage|p1b: Crabominable|81/100
|faint|p1a: Torkoal
|
|-weather|RainDance|[upkeep]
|-fieldend|move: Trick Room
|upkeep
|
|t:|1756747402
|switch|p1a: Reuniclus|Reuniclus, L50, M|41/100
|turn|6
|
|t:|1756747416
|move|p1b: Crabominable|Protect|p1b: Crabominable
|-singleturn|p1b: Crabominable|Protect
|move|p2a: Bellibolt|Sucker Punch||[still]
|-fail|p2a: Bellibolt
|move|p2b: Pelipper|Hurricane|p1b: Crabominable
|-activate|p1b: Crabominable|move: Protect
|move|p1a: Reuniclus|Trick Room|p1a: Reuniclus
|-fieldstart|move: Trick Room|[of] p1a: Reuniclus
|
|-weather|RainDance|[upkeep]
|upkeep
|turn|7
|inactive|Moonman155 has 30 seconds left.
|
|t:|1756747441
|move|p1b: Crabominable|Thunder Punch|p2b: Pelipper
|-supereffective|p2b: Pelipper
|-enditem|p2b: Pelipper|Focus Sash
|-damage|p2b: Pelipper|1/100
|move|p1a: Reuniclus|Expanding Force|p2a: Bellibolt
|-damage|p2a: Bellibolt|0 fnt
|faint|p2a: Bellibolt
|move|p2b: Pelipper|Hurricane|p1a: Reuniclus
|-damage|p1a: Reuniclus|0 fnt
|faint|p1a: Reuniclus
|
|-weather|RainDance|[upkeep]
|upkeep
|
|t:|1756747459
|switch|p2a: Bisharp|Bisharp, L50, F, tera:Ghost|2/100
|turn|8
|
|t:|1756747471
|move|p2a: Bisharp|Protect|p2a: Bisharp
|-singleturn|p2a: Bisharp|Protect
|move|p2b: Pelipper|Protect|p2b: Pelipper
|-singleturn|p2b: Pelipper|Protect
|move|p1b: Crabominable|Drain Punch|p2b: Pelipper
|-activate|p2b: Pelipper|move: Protect
|
|-weather|RainDance|[upkeep]
|upkeep
|turn|9
|
|t:|1756747487
|move|p2a: Bisharp|Sucker Punch|p1b: Crabominable
|-damage|p1b: Crabominable|35/100
|move|p1b: Crabominable|Thunder Punch|p2b: Pelipper
|-supereffective|p2b: Pelipper
|-damage|p2b: Pelipper|0 fnt
|faint|p2b: Pelipper
|
|-weather|none
|upkeep
|
|t:|1756747493
|switch|p2b: Floatzel|Floatzel, L50, M|84/100
|turn|10
|
|t:|1756747506
|move|p2a: Bisharp|Sucker Punch|p1b: Crabominable
|-damage|p1b: Crabominable|0 fnt
|faint|p1b: Crabominable
|
|win|Moonman155
||Moonman155 is ready for game 2.
||curios d'arte is ready for game 2.
|uhtml|next|Next: Game 2 of 3
|l|☆Moonman155
|player|p2|
