|j|☆mouseilluminati
|j|☆larpelorde
|html|mouseilluminatilarpelorde    
|uhtml|bestof|Game 1 of a best-of-3
|t:|1784317254
|gametype|doubles
|player|p1|mouseilluminati|n|1195
|player|p2|larpelorde|266|1097
|gen|9
|tier|[Gen 9 Champions] VGC 2026 Reg M-B (Bo3)
|rated|
|rule|Species Clause: Limit one of each Pokémon
|rule|Item Clause: Limit 1 of each item
|clearpoke
|poke|p1|Pyroar, L50, M|
|poke|p1|Basculegion, L50, M|
|poke|p1|Torkoal, L50, M|
|poke|p1|Whimsicott, L50, M|
|poke|p1|Mawile, L50, F|
|poke|p1|Farigiraf, L50, F|
|poke|p2|Staraptor, L50, M|
|poke|p2|Whimsicott, L50, M|
|poke|p2|Ceruledge, L50, M|
|poke|p2|Farigiraf, L50, F|
|poke|p2|Garchomp, L50, M|
|poke|p2|Metagross, L50|
|teampreview|4
|showteam|p1|Pyroar||Pyroarite|Unnerve|HeatWave,Overheat,Protect,SolarBeam|Timid||M|||50|]Basculegion||LifeOrb|Adaptability|AquaJet,WaveCrash,Protect,LastRespects|Adamant||M|||50|]Torkoal||Charcoal|Drought|Eruption,WeatherBall,Protect,HelpingHand|Quiet||M|||50|]Whimsicott||FocusSash|Prankster|Moonblast,SunnyDay,Protect,Tailwind|Timid||M|||50|]Mawile||Mawilite|HyperCutter|RockSlide,PlayRough,Protect,SuckerPunch|Adamant||F|||50|]Farigiraf||ColburBerry|ArmorTail|FoulPlay,Psychic,HelpingHand,TrickRoom|Relaxed||F|||50|
|showteam|p2|Staraptor||Staraptite|Intimidate|CloseCombat,Protect,Roost,BraveBird|Jolly||M|||50|]Whimsicott||FocusSash|Prankster|Tailwind,Moonblast,Charm,Encore|Timid||M|||50|]Ceruledge||ColburBerry|FlashFire|BitterBlade,ShadowSneak,BulkUp,Protect|Adamant||M|||50|]Farigiraf||SitrusBerry|ArmorTail|TrickRoom,HelpingHand,Psychic,Thunderbolt|Calm||F|||50|]Garchomp||LifeOrb|SandVeil|StompingTantrum,RockSlide,DragonClaw,Protect|Jolly||M|||50|]Metagross||Metagrossite|ClearBody|PsychicFangs,IronHead,StompingTantrum,Protect|Adamant|||||50|
|inactive|Battle timer is ON: inactive players will automatically lose when time's up. (requested by larpelorde)
|inactive|mouseilluminati has 60 seconds left.
|
|t:|1784317295
|teamsize|p1|4
|teamsize|p2|4
|start
|switch|p1a: Mawile|Mawile, L50, F|100/100
|switch|p1b: Farigiraf|Farigiraf, L50, F|100/100
|switch|p2a: Staraptor|Staraptor, L50, M|100/100
|switch|p2b: Garchomp|Garchomp, L50, M|100/100
|-ability|p2a: Staraptor|Intimidate|boost
|-fail|p1a: Mawile|unboost|Attack|[from] ability: Hyper Cutter|[of] p1a: Mawile
|-unboost|p1b: Farigiraf|atk|1
|turn|1
|
|t:|1784317312
|switch|p2b: Farigiraf|Farigiraf, L50, F|100/100
|detailschange|p2a: Staraptor|Staraptor-Mega, L50, M
|-mega|p2a: Staraptor|Staraptor|Staraptite
|move|p1a: Mawile|Protect|p1a: Mawile
|-singleturn|p1a: Mawile|Protect
|move|p2a: Staraptor|Close Combat|p1a: Mawile
|-activate|p1a: Mawile|move: Protect
|move|p1b: Farigiraf|Trick Room|p1b: Farigiraf
|-fieldstart|move: Trick Room|[of] p1b: Farigiraf
|
|upkeep
|turn|2
|inactive|mouseilluminati has 30 seconds left.
|
|t:|1784317340
|detailschange|p1a: Mawile|Mawile-Mega, L50, F
|-mega|p1a: Mawile|Mawile|Mawilite
|move|p1a: Mawile|Play Rough|p2b: Farigiraf
|-damage|p2b: Farigiraf|16/100
|-enditem|p2b: Farigiraf|Sitrus Berry|[eat]
|-heal|p2b: Farigiraf|41/100|[from] item: Sitrus Berry
|move|p1b: Farigiraf|Psychic|p2a: Staraptor
|-supereffective|p2a: Staraptor|1
|-damage|p2a: Staraptor|30/100
|move|p2a: Staraptor|Close Combat|p1a: Mawile
|-damage|p1a: Mawile|46/100
|-boost|p2a: Staraptor|def|1
|-boost|p2a: Staraptor|spd|1
|move|p2b: Farigiraf|Trick Room|p2b: Farigiraf
|-fieldend|move: Trick Room
|
|upkeep
|turn|3
|inactive|larpelorde has 30 seconds left.
|inactive|larpelorde has 20 seconds left.
|inactive|larpelorde has 15 seconds left.
|
|t:|1784317383
|switch|p2b: Ceruledge|Ceruledge, L50, M|100/100
|move|p2a: Staraptor|Protect|p2a: Staraptor
|-singleturn|p2a: Staraptor|Protect
|move|p1a: Mawile|Protect|p1a: Mawile
|-singleturn|p1a: Mawile|Protect
|move|p1b: Farigiraf|Psychic|p2a: Staraptor
|-activate|p2a: Staraptor|move: Protect
|
|upkeep
|turn|4
|inactive|mouseilluminati has 30 seconds left.
|inactive|mouseilluminati has 20 seconds left.
|
|t:|1784317419
|switch|p1a: Basculegion|Basculegion, L50, M|100/100
|move|p2a: Staraptor|Brave Bird|p1b: Farigiraf
|-damage|p1b: Farigiraf|53/100
|-damage|p2a: Staraptor|12/100|[from] Recoil
|move|p2b: Ceruledge|Bitter Blade|p1a: Basculegion
|-resisted|p1a: Basculegion|1
|-damage|p1a: Basculegion|74/100
|move|p1b: Farigiraf|Trick Room|p1b: Farigiraf
|-fieldstart|move: Trick Room|[of] p1b: Farigiraf
|
|upkeep
|turn|5
|
|t:|1784317439
|switch|p2a: Garchomp|Garchomp, L50, M|100/100
|move|p2b: Ceruledge|Protect|p2b: Ceruledge
|-singleturn|p2b: Ceruledge|Protect
|move|p1b: Farigiraf|Psychic|p2a: Garchomp
|-damage|p2a: Garchomp|63/100
|move|p1a: Basculegion|Wave Crash|p2b: Ceruledge
|-activate|p2b: Ceruledge|move: Protect
|
|upkeep
|turn|6
|
|t:|1784317460
|move|p2b: Ceruledge|Shadow Sneak||[still]
|cant|p1b: Farigiraf|ability: Armor Tail|Shadow Sneak|[of] p2b: Ceruledge
|move|p1b: Farigiraf|Psychic|p2a: Garchomp
|-damage|p2a: Garchomp|25/100
|move|p1a: Basculegion|Wave Crash|p2b: Ceruledge
|-supereffective|p2b: Ceruledge|1
|-damage|p2b: Ceruledge|0 fnt
|faint|p2b: Ceruledge
|-damage|p1a: Basculegion|44/100|[from] Recoil
|-damage|p1a: Basculegion|34/100|[from] item: Life Orb
|move|p2a: Garchomp|Stomping Tantrum|p1b: Farigiraf
|-damage|p1b: Farigiraf|12/100
|-damage|p2a: Garchomp|16/100|[from] item: Life Orb
|
|upkeep
|
|t:|1784317475
|switch|p2b: Farigiraf|Farigiraf, L50, F|41/100
|turn|7
|
|t:|1784317490
|move|p1a: Basculegion|Protect|p1a: Basculegion
|-singleturn|p1a: Basculegion|Protect
|move|p1b: Farigiraf|Foul Play|p2b: Farigiraf
|-supereffective|p2b: Farigiraf|1
|-damage|p2b: Farigiraf|8/100
|move|p2a: Garchomp|Rock Slide|p1b: Farigiraf|[spread] p1b
|-activate|p1a: Basculegion|move: Protect
|-damage|p1b: Farigiraf|0 fnt
|faint|p1b: Farigiraf
|-damage|p2a: Garchomp|6/100|[from] item: Life Orb
|move|p2b: Farigiraf|Trick Room|p2b: Farigiraf
|-fieldend|move: Trick Room
|
|upkeep
|
|t:|1784317510
|switch|p1b: Mawile|Mawile-Mega, L50, F|46/100
|turn|8
|inactive|mouseilluminati has 30 seconds left.
|
|t:|1784317539
|switch|p1a: Torkoal|Torkoal, L50, M|100/100
|-weather|SunnyDay|[from] ability: Drought|[of] p1a: Torkoal
|move|p1b: Mawile|Protect|p1b: Mawile
|-singleturn|p1b: Mawile|Protect
|move|p2a: Garchomp|Stomping Tantrum|p1b: Mawile
|-activate|p1b: Mawile|move: Protect
|move|p2b: Farigiraf|Thunderbolt|p1a: Torkoal
|-damage|p1a: Torkoal|71/100
|
|-weather|SunnyDay|[upkeep]
|upkeep
|turn|9
|inactive|mouseilluminati has 30 seconds left.
|
|t:|1784317571
|move|p2a: Garchomp|Stomping Tantrum|p1a: Torkoal
|-supereffective|p1a: Torkoal|1
|-damage|p1a: Torkoal|0 fnt
|faint|p1a: Torkoal
|-damage|p2a: Garchomp|0 fnt|[from] item: Life Orb
|faint|p2a: Garchomp
|move|p2b: Farigiraf|Thunderbolt|p1b: Mawile
|-damage|p1b: Mawile|17/100
|move|p1b: Mawile|Rock Slide|p2b: Farigiraf
|-damage|p2b: Farigiraf|0 fnt
|faint|p2b: Farigiraf
|
|-weather|SunnyDay|[upkeep]
|upkeep
|inactive|larpelorde has 30 seconds left.
|
|t:|1784317605
|switch|p2a: Staraptor|Staraptor-Mega, L50, M|12/100
|switch|p1a: Basculegion|Basculegion, L50, M|34/100
|turn|10
|
|t:|1784317630
|move|p1b: Mawile|Sucker Punch||[still]
|-fail|p1b: Mawile
|move|p2a: Staraptor|Roost|p2a: Staraptor
|-heal|p2a: Staraptor|62/100
|-singleturn|p2a: Staraptor|move: Roost
|move|p1a: Basculegion|Last Respects|p2a: Staraptor
|-damage|p2a: Staraptor|0 fnt
|faint|p2a: Staraptor
|-damage|p1a: Basculegion|25/100|[from] item: Life Orb
|
|win|mouseilluminati
||larpelorde is ready for game 2.
|inactive|mouseilluminati has 30 seconds to confirm battle start!
