|j|☆sandy ghost 5
|j|☆NerdConsultant
|html|sandy ghost 5NerdConsultant    
|uhtml|bestof|Game 1 of a best-of-3
|t:|1757071438
|gametype|doubles
|player|p1|sandy ghost 5|baker|1251
|player|p2|NerdConsultant|roxie|1221
|gen|9
|tier|[Gen 9] VGC 2025 Reg H (Bo3)
|rated|
|rule|Species Clause: Limit one of each Pokémon
|rule|Item Clause: Limit 1 of each item
|clearpoke
|poke|p1|Tyranitar, L50, M|
|poke|p1|Excadrill, L50, F|
|poke|p1|Sinistcha-Masterpiece, L50|
|poke|p1|Salamence, L50, F|
|poke|p1|Blaziken, L50, F|
|poke|p1|Bruxish, L50, M|
|poke|p2|Kingambit, L50, M|
|poke|p2|Rillaboom, L50, M|
|poke|p2|Archaludon, L50, F|
|poke|p2|Basculegion, L50, M|
|poke|p2|Electabuzz, L50, M|
|poke|p2|Pelipper, L50, M|
|teampreview|4
|showteam|p1|Tyranitar||ClearAmulet|SandStream|RockSlide,KnockOff,DragonDance,Protect|||M|||50|,,,,,Grass]Excadrill||AssaultVest|SandRush|Earthquake,IronHead,HighHorsepower,RockSlide|||F|||50|,,,,,Ghost]Sinistcha-Masterpiece||SitrusBerry|Hospitality|ShadowBall,MatchaGotcha,RagePowder,Protect||||||50|,,,,,Dark]Salamence||LifeOrb|Intimidate|DracoMeteor,AirSlash,Protect,Tailwind|||F|||50|,,,,,Ghost]Blaziken||CovertCloak|SpeedBoost|AuraSphere,HeatWave,Coaching,WillOWisp|||F|||50|,,,,,Dragon]Bruxish||ChoiceScarf|Dazzling|PsychicFangs,FlipTurn,WaveCrash,SuperFang|||M|||50|,,,,,Water
|showteam|p2|Kingambit||BlackGlasses|Defiant|KowtowCleave,SwordsDance,SuckerPunch,Protect|||M|||50|,,,,,Dark]Rillaboom||LoadedDice|GrassySurge|HighHorsepower,GrassyGlide,BulletSeed,FakeOut|||M|||50|,,,,,Fire]Archaludon||AssaultVest|Stamina|ElectroShot,BodyPress,DracoMeteor,FlashCannon|||F|||50|,,,,,Bug]Basculegion||ChoiceBand|SwiftSwim|WaveCrash,AquaJet,LastRespects,FlipTurn|||M|||50|,,,,,Grass]Electabuzz||Eviolite|VitalSpirit|Electroweb,Taunt,FollowMe,Protect|||M|||50|,,,,,Ghost]Pelipper||FocusSash|Drizzle|Tailwind,WeatherBall,Hurricane,Protect|||M|||50|,,,,,Ghost
|
|t:|1757071472
|teamsize|p1|4
|teamsize|p2|4
|start
|switch|p1a: Excadrill|Excadrill, L50, F|100/100
|switch|p1b: Blaziken|Blaziken, L50, F|100/100
|switch|p2a: Rillaboom|Rillaboom, L50, M|100/100
|switch|p2b: Basculegion|Basculegion, L50, M|100/100
|-fieldstart|move: Grassy Terrain|[from] ability: Grassy Surge|[of] p2a: Rillaboom
|turn|1
|
|t:|1757071503
|switch|p1a: Salamence|Salamence, L50, F|100/100
|-ability|p1a: Salamence|Intimidate|boost
|-unboost|p2a: Rillaboom|atk|1
|-unboost|p2b: Basculegion|atk|1
|switch|p2a: Pelipper|Pelipper, L50, M|100/100
|-weather|RainDance|[from] ability: Drizzle|[of] p2a: Pelipper
|-terastallize|p1b: Blaziken|Dragon
|move|p2b: Basculegion|Wave Crash|p1a: Salamence
|-resisted|p1a: Salamence
|-damage|p1a: Salamence|43/100
|-damage|p2b: Basculegion|84/100|[from] Recoil
|move|p1b: Blaziken|Will-O-Wisp|p2b: Basculegion
|-status|p2b: Basculegion|brn
|
|-weather|RainDance|[upkeep]
|-heal|p2b: Basculegion|90/100 brn|[from] Grassy Terrain
|-damage|p2b: Basculegion|84/100 brn|[from] brn
|-ability|p1b: Blaziken|Speed Boost|boost
|-boost|p1b: Blaziken|spe|1
|upkeep
|turn|2
|
|t:|1757071526
|move|p2b: Basculegion|Wave Crash|p1b: Blaziken
|-resisted|p1b: Blaziken
|-damage|p1b: Blaziken|71/100
|-damage|p2b: Basculegion|75/100 brn|[from] Recoil
|move|p1b: Blaziken|Heat Wave|p2b: Basculegion|[spread] p2b
|-miss|p1b: Blaziken|p2a: Pelipper
|-resisted|p2b: Basculegion
|-damage|p2b: Basculegion|67/100 brn
|move|p1a: Salamence|Draco Meteor|p2a: Pelipper
|-enditem|p2a: Pelipper|Focus Sash
|-damage|p2a: Pelipper|1/100
|-unboost|p1a: Salamence|spa|2
|-damage|p1a: Salamence|33/100|[from] item: Life Orb
|move|p2a: Pelipper|Hurricane|p1b: Blaziken
|-damage|p1b: Blaziken|5/100
|
|-weather|RainDance|[upkeep]
|-heal|p2b: Basculegion|73/100 brn|[from] Grassy Terrain
|-heal|p1b: Blaziken|10/100|[from] Grassy Terrain
|-damage|p2b: Basculegion|67/100 brn|[from] brn
|-ability|p1b: Blaziken|Speed Boost|boost
|-boost|p1b: Blaziken|spe|1
|upkeep
|turn|3
|
|t:|1757071570
|switch|p2a: Archaludon|Archaludon, L50, F|100/100
|move|p1b: Blaziken|Heat Wave|p2b: Basculegion|[spread] p2a,p2b
|-resisted|p2b: Basculegion
|-damage|p2a: Archaludon|88/100
|-damage|p2b: Basculegion|58/100 brn
|-ability|p2a: Archaludon|Stamina|boost
|-boost|p2a: Archaludon|def|1
|move|p2b: Basculegion|Wave Crash|p1b: Blaziken
|-resisted|p1b: Blaziken
|-damage|p1b: Blaziken|0 fnt
|faint|p1b: Blaziken
|-damage|p2b: Basculegion|55/100 brn|[from] Recoil
|move|p1a: Salamence|Draco Meteor|p2b: Basculegion
|-damage|p2b: Basculegion|11/100 brn
|-unboost|p1a: Salamence|spa|2
|-damage|p1a: Salamence|23/100|[from] item: Life Orb
|
|-weather|RainDance|[upkeep]
|-heal|p2b: Basculegion|17/100 brn|[from] Grassy Terrain
|-heal|p2a: Archaludon|94/100|[from] Grassy Terrain
|-damage|p2b: Basculegion|11/100 brn|[from] brn
|upkeep
|
|t:|1757071586
|switch|p1b: Excadrill|Excadrill, L50, F|100/100
|turn|4
|
|t:|1757071602
|switch|p1a: Tyranitar|Tyranitar, L50, M|100/100
|-weather|Sandstorm|[from] ability: Sand Stream|[of] p1a: Tyranitar
|-terastallize|p2a: Archaludon|Bug
|move|p1b: Excadrill|High Horsepower|p2a: Archaludon|[miss]
|-miss|p1b: Excadrill|p2a: Archaludon
|move|p2b: Basculegion|Wave Crash|p1b: Excadrill
|-supereffective|p1b: Excadrill
|-damage|p1b: Excadrill|8/100
|-damage|p2b: Basculegion|0 fnt|[from] Recoil
|faint|p2b: Basculegion
|move|p2a: Archaludon|Electro Shot||[still]
|-prepare|p2a: Archaludon|Electro Shot
|-boost|p2a: Archaludon|spa|1
|
|-weather|Sandstorm|[upkeep]
|-damage|p2a: Archaludon|88/100|[from] Sandstorm
|-heal|p1b: Excadrill|14/100|[from] Grassy Terrain
|-heal|p2a: Archaludon|94/100|[from] Grassy Terrain
|upkeep
|
|t:|1757071621
|switch|p2b: Rillaboom|Rillaboom, L50, M|100/100
|turn|5
|
|t:|1757071627
|move|p1b: Excadrill|Iron Head|p2b: Rillaboom
|-damage|p2b: Rillaboom|53/100
|move|p2b: Rillaboom|Bullet Seed|p2a: Archaludon
|-resisted|p2a: Archaludon
|-damage|p2a: Archaludon|90/100
|-ability|p2a: Archaludon|Stamina|boost
|-boost|p2a: Archaludon|def|1
|-resisted|p2a: Archaludon
|-damage|p2a: Archaludon|87/100
|-ability|p2a: Archaludon|Stamina|boost
|-boost|p2a: Archaludon|def|1
|-resisted|p2a: Archaludon
|-crit|p2a: Archaludon
|-damage|p2a: Archaludon|79/100
|-ability|p2a: Archaludon|Stamina|boost
|-boost|p2a: Archaludon|def|1
|-resisted|p2a: Archaludon
|-damage|p2a: Archaludon|77/100
|-ability|p2a: Archaludon|Stamina|boost
|-boost|p2a: Archaludon|def|1
|-hitcount|p2a: Archaludon|4
|move|p2a: Archaludon|Electro Shot|p1a: Tyranitar|[from] lockedmove
|-damage|p1a: Tyranitar|64/100
|move|p1a: Tyranitar|Rock Slide|p2b: Rillaboom|[spread] p2a,p2b
|-supereffective|p2a: Archaludon
|-damage|p2a: Archaludon|64/100
|-damage|p2b: Rillaboom|21/100
|-ability|p2a: Archaludon|Stamina|boost
|-boost|p2a: Archaludon|def|1
|
|-weather|Sandstorm|[upkeep]
|-damage|p2b: Rillaboom|15/100|[from] Sandstorm
|-damage|p2a: Archaludon|58/100|[from] Sandstorm
|-heal|p1b: Excadrill|20/100|[from] Grassy Terrain
|-heal|p2b: Rillaboom|21/100|[from] Grassy Terrain
|-heal|p2a: Archaludon|64/100|[from] Grassy Terrain
|-heal|p1a: Tyranitar|70/100|[from] Grassy Terrain
|-fieldend|move: Grassy Terrain
|upkeep
|turn|6
|
|t:|1757071657
|move|p1b: Excadrill|Rock Slide|p2a: Archaludon|[spread] p2a,p2b
|-supereffective|p2a: Archaludon
|-damage|p2a: Archaludon|55/100
|-damage|p2b: Rillaboom|1/100
|move|p2b: Rillaboom|Bullet Seed|p1b: Excadrill
|-damage|p1b: Excadrill|0 fnt
|faint|p1b: Excadrill
|-hitcount|p1: Excadrill|1
|cant|p2a: Archaludon|flinch
|move|p1a: Tyranitar|Rock Slide|p2b: Rillaboom|[spread] p2a,p2b
|-supereffective|p2a: Archaludon
|-damage|p2a: Archaludon|45/100
|-damage|p2b: Rillaboom|0 fnt
|faint|p2b: Rillaboom
|
|-weather|Sandstorm|[upkeep]
|-damage|p2a: Archaludon|38/100|[from] Sandstorm
|upkeep
|
|t:|1757071672
|switch|p1b: Salamence|Salamence, L50, F|23/100
|switch|p2b: Pelipper|Pelipper, L50, M|1/100
|-ability|p1b: Salamence|Intimidate|boost
|-unboost|p2a: Archaludon|atk|1
|-unboost|p2b: Pelipper|atk|1
|-weather|RainDance|[from] ability: Drizzle|[of] p2b: Pelipper
|turn|7
|
|t:|1757071686
|move|p1b: Salamence|Air Slash|p2a: Archaludon
|-supereffective|p2a: Archaludon
|-damage|p2a: Archaludon|0 fnt
|faint|p2a: Archaludon
|-damage|p1b: Salamence|13/100|[from] item: Life Orb
|move|p2b: Pelipper|Weather Ball|p1b: Salamence
|-resisted|p1b: Salamence
|-damage|p1b: Salamence|0 fnt
|faint|p1b: Salamence
|move|p1a: Tyranitar|Knock Off|p2b: Pelipper
|-damage|p2b: Pelipper|0 fnt
|faint|p2b: Pelipper
|
|win|sandy ghost 5
||NerdConsultant is ready for game 2.
||sandy ghost 5 is ready for game 2.
|uhtml|next|Next: Game 2 of 3
|l|☆NerdConsultant
|player|p2|
