|j|☆Cwisbt
|j|☆lox1sm
|html|Cwisbtlox1sm    
|uhtml|bestof|Game 2 of a best-of-3
|t:|1782744409
|gametype|doubles
|player|p1|Cwisbt|169|1168
|player|p2|lox1sm|veteran|1268
|gen|9
|tier|[Gen 9 Champions] VGC 2026 Reg M-B (Bo3)
|rated|
|rule|Species Clause: Limit one of each Pokémon
|rule|Item Clause: Limit 1 of each item
|clearpoke
|poke|p1|Grimmsnarl, L50, M|
|poke|p1|Swampert, L50, M|
|poke|p1|Pelipper, L50, M|
|poke|p1|Archaludon, L50, M|
|poke|p1|Sinistcha, L50|
|poke|p1|Metagross, L50|
|poke|p2|Charizard, L50, F|
|poke|p2|Metagross, L50|
|poke|p2|Aerodactyl, L50, M|
|poke|p2|Garchomp, L50, F|
|poke|p2|Kingambit, L50, M|
|poke|p2|Farigiraf, L50, M|
|teampreview|4
|showteam|p1|Grimmsnarl||LightClay|Prankster|FoulPlay,PartingShot,Reflect,LightScreen|Calm||M|||50|]Swampert||Swampertite|Damp|WaveCrash,Earthquake,IcePunch,Protect|Adamant||M|||50|]Pelipper||SitrusBerry|Drizzle|Hurricane,WeatherBall,Tailwind,WideGuard|Modest||M|||50|]Archaludon||Leftovers|Stamina|ElectroShot,DragonPulse,FlashCannon,Protect|Modest||M|||50|]Sinistcha||CobaBerry|Hospitality|MatchaGotcha,RagePowder,TrickRoom,Protect|Relaxed|||||50|]Metagross||Metagrossite|ClearBody|IronHead,PsychicFangs,BodyPress,Protect|Jolly|||||50|
|showteam|p2|Charizard||CharizarditeY|Blaze|HeatWave,WeatherBall,SolarBeam,Protect|Modest||F|||50|]Metagross||Metagrossite|ClearBody|IronHead,PsychicFangs,StompingTantrum,Protect|Jolly|||||50|]Aerodactyl||SitrusBerry|Unnerve|RockSlide,IceFang,Tailwind,Protect|Jolly||M|||50|]Garchomp||LifeOrb|RoughSkin|DragonClaw,Earthquake,RockSlide,Protect|Jolly||F|||50|]Kingambit||FocusSash|Defiant|KowtowCleave,SuckerPunch,IronHead,LowKick|Adamant||M|||50|]Farigiraf||ExpertBelt|ArmorTail|Psychic,DazzlingGleam,Thunderbolt,TrickRoom|Modest||M|||50|
|inactive|Battle timer is ON: inactive players will automatically lose when time's up. (requested by Cwisbt)
|
|t:|1782744426
|teamsize|p1|4
|teamsize|p2|4
|start
|switch|p1a: Swampert|Swampert, L50, M|100/100
|switch|p1b: Grimmsnarl|Grimmsnarl, L50, M|100/100
|switch|p2a: Aerodactyl|Aerodactyl, L50, M|100/100
|switch|p2b: Charizard|Charizard, L50, F|100/100
|-ability|p2a: Aerodactyl|Unnerve
|turn|1
|inactive|Cwisbt has 30 seconds left.
|inactive|lox1sm has 30 seconds left.
|inactive|lox1sm has 20 seconds left.
|inactive|lox1sm has 15 seconds left.
|inactive|lox1sm has 10 seconds left.
|inactive|lox1sm has 5 seconds left.
|
|t:|1782744481
|detailschange|p1a: Swampert|Swampert-Mega, L50, M
|-mega|p1a: Swampert|Swampert|Swampertite
|move|p1a: Swampert|Protect|p1a: Swampert
|-singleturn|p1a: Swampert|Protect
|move|p1b: Grimmsnarl|Light Screen|p1b: Grimmsnarl
|-sidestart|p1: Cwisbt|move: Light Screen
|move|p2a: Aerodactyl|Tailwind|p2a: Aerodactyl
|-sidestart|p2: lox1sm|move: Tailwind
|move|p2b: Charizard|Heat Wave|p1b: Grimmsnarl|[spread] p1b
|-activate|p1a: Swampert|move: Protect
|-damage|p1b: Grimmsnarl|81/100
|
|upkeep
|turn|2
|inactive|Cwisbt has 30 seconds left.
|inactive|Cwisbt has 20 seconds left.
|
|t:|1782744518
|switch|p2a: Farigiraf|Farigiraf, L50, M|100/100
|detailschange|p2b: Charizard|Charizard-Mega-Y, L50, F
|-mega|p2b: Charizard|Charizard|Charizardite Y
|-weather|SunnyDay|[from] ability: Drought|[of] p2b: Charizard
|move|p1b: Grimmsnarl|Parting Shot||[still]
|cant|p2a: Farigiraf|ability: Armor Tail|Parting Shot|[of] p1b: Grimmsnarl
|move|p2b: Charizard|Solar Beam||[still]
|-prepare|p2b: Charizard|Solar Beam
|-anim|p2b: Charizard|Solar Beam|p1a: Swampert
|-supereffective|p1a: Swampert|2
|-damage|p1a: Swampert|0 fnt
|faint|p1a: Swampert
|
|-weather|SunnyDay|[upkeep]
|upkeep
|
|t:|1782744523
|switch|p1a: Pelipper|Pelipper, L50, M|100/100
|-weather|RainDance|[from] ability: Drizzle|[of] p1a: Pelipper
|turn|3
|inactive|lox1sm has 30 seconds left.
|inactive|lox1sm has 20 seconds left.
|inactive|lox1sm has 15 seconds left.
|inactive|lox1sm has 10 seconds left.
|inactive|lox1sm has 5 seconds left.
|
|t:|1782744577
|switch|p2b: Garchomp|Garchomp, L50, F|100/100
|move|p2a: Farigiraf|Thunderbolt|p1a: Pelipper
|-supereffective|p1a: Pelipper|2
|-damage|p1a: Pelipper|0 fnt
|faint|p1a: Pelipper
|move|p1b: Grimmsnarl|Foul Play|p2a: Farigiraf
|-supereffective|p2a: Farigiraf|1
|-damage|p2a: Farigiraf|37/100
|
|-weather|RainDance|[upkeep]
|upkeep
|
|t:|1782744583
|switch|p1a: Archaludon|Archaludon, L50, M|100/100
|turn|4
|inactive|lox1sm has 30 seconds left.
|inactive|lox1sm has 20 seconds left.
|
|t:|1782744622
|switch|p2a: Charizard|Charizard-Mega-Y, L50, F|100/100
|-weather|SunnyDay|[from] ability: Drought|[of] p2a: Charizard
|move|p1b: Grimmsnarl|Reflect|p1b: Grimmsnarl
|-sidestart|p1: Cwisbt|Reflect
|move|p2b: Garchomp|Earthquake|p1b: Grimmsnarl|[spread] p1a,p1b
|-immune|p2a: Charizard
|-supereffective|p1a: Archaludon|1
|-damage|p1a: Archaludon|49/100
|-damage|p1b: Grimmsnarl|47/100
|-ability|p1a: Archaludon|Stamina|boost
|-boost|p1a: Archaludon|def|1
|-damage|p2b: Garchomp|90/100|[from] item: Life Orb
|move|p1a: Archaludon|Electro Shot||[still]
|-prepare|p1a: Archaludon|Electro Shot
|-boost|p1a: Archaludon|spa|1
|
|-weather|SunnyDay|[upkeep]
|-heal|p1a: Archaludon|55/100|[from] item: Leftovers
|-sideend|p2: lox1sm|move: Tailwind
|upkeep
|turn|5
|
|t:|1782744643
|move|p2b: Garchomp|Earthquake|p1b: Grimmsnarl|[spread] p1a,p1b
|-immune|p2a: Charizard
|-supereffective|p1a: Archaludon|1
|-damage|p1a: Archaludon|20/100y
|-damage|p1b: Grimmsnarl|16/100
|-ability|p1a: Archaludon|Stamina|boost
|-boost|p1a: Archaludon|def|1
|-damage|p2b: Garchomp|80/100|[from] item: Life Orb
|move|p2a: Charizard|Weather Ball|p1a: Archaludon
|-damage|p1a: Archaludon|0 fnt
|faint|p1a: Archaludon
|move|p1b: Grimmsnarl|Foul Play|p2b: Garchomp
|-damage|p2b: Garchomp|31/100
|-damage|p1b: Grimmsnarl|3/100|[from] ability: Rough Skin|[of] p2b: Garchomp
|
|-weather|SunnyDay|[upkeep]
|upkeep
|turn|6
|
|t:|1782744656
|move|p2b: Garchomp|Earthquake|p1b: Grimmsnarl|[spread] p1b
|-immune|p2a: Charizard
|-damage|p1b: Grimmsnarl|0 fnt
|faint|p1b: Grimmsnarl
|-damage|p2b: Garchomp|21/100|[from] item: Life Orb
|
|win|lox1sm
||lox1sm is ready for game 3.
||Cwisbt is ready for game 3.
|uhtml|next|Next: Game 3 of 3
|l|☆Cwisbt
|player|p1|
