|j|☆roundybout
|j|☆BoloinaBox
|html|roundyboutBoloinaBox    
|uhtml|bestof|Game 1 of a best-of-3
|t:|1756845652
|gametype|doubles
|player|p1|roundybout|collector|1220
|player|p2|BoloinaBox|1|1127
|gen|9
|tier|[Gen 9] VGC 2025 Reg H (Bo3)
|rated|
|rule|Species Clause: Limit one of each Pokémon
|rule|Item Clause: Limit 1 of each item
|clearpoke
|poke|p1|Rillaboom, L50, M|
|poke|p1|Volcarona, L50, F|
|poke|p1|Kingambit, L50, M|
|poke|p1|Ninetales-Alola, L50, F|
|poke|p1|Basculegion, L50, M|
|poke|p1|Electabuzz, L50, M|
|poke|p2|Ninetales-Alola, L50, F|
|poke|p2|Kingambit, L50, F|
|poke|p2|Volcarona, L50, F|
|poke|p2|Sinistcha, L50|
|poke|p2|Milotic, L50, F|
|poke|p2|Overqwil, L50, M|
|teampreview|4
|showteam|p1|Rillaboom||AssaultVest|GrassySurge|WoodHammer,GrassyGlide,HighHorsepower,FakeOut|||M|||50|,,,,,Fire]Volcarona||GrassySeed|FlameBody|HeatWave,GigaDrain,QuiverDance,Protect|||F|||50|,,,,,Grass]Kingambit||SafetyGoggles|Defiant|KowtowCleave,SuckerPunch,SwordsDance,Protect|||M|||50|,,,,,Dark]Ninetales-Alola||FocusSash|SnowWarning|Blizzard,Encore,Disable,Protect|||F|||50|,,,,,Ghost]Basculegion||ChoiceScarf|Adaptability|WaveCrash,LastRespects,FlipTurn,Outrage|||M|||50|,,,,,Dragon]Electabuzz||Eviolite|VitalSpirit|Thunderbolt,FollowMe,Taunt,HelpingHand|||M|||50|,,,,,Fairy
|showteam|p2|Ninetales-Alola||LightClay|SnowWarning|IcyWind,Moonblast,Howl,AuroraVeil|||F|||50|,,,,,Ghost]Kingambit||AssaultVest|Defiant|SuckerPunch,KowtowCleave,IronHead,LowKick|||F|||50|,,,,,Dark]Volcarona||SitrusBerry|FlameBody|HeatWave,GigaDrain,QuiverDance,Protect|||F|||50|,,,,,Grass]Sinistcha||FocusSash|Hospitality|MatchaGotcha,StrengthSap,RagePowder,Protect||||||50|,,,,,Fire]Milotic||SafetyGoggles|Competitive|Scald,AlluringVoice,Haze,Protect|||F|||50|,,,,,Grass]Overqwil||BlackSludge|Intimidate|BarbBarrage,ThroatChop,ToxicSpikes,Protect|||M|||50|,,,,,Poison
|inactive|Battle timer is ON: inactive players will automatically lose when time's up. (requested by BoloinaBox)
|inactive|roundybout has 60 seconds left.
|inactive|BoloinaBox has 60 seconds left.
|inactive|roundybout has 30 seconds left.
|inactive|roundybout has 20 seconds left.
|
|t:|1756845724
|teamsize|p1|4
|teamsize|p2|4
|start
|switch|p1a: Volcarona|Volcarona, L50, F|100/100
|switch|p1b: Rillaboom|Rillaboom, L50, M|100/100
|switch|p2a: Overqwil|Overqwil, L50, M|100/100
|switch|p2b: Volcarona|Volcarona, L50, F|100/100
|-fieldstart|move: Grassy Terrain|[from] ability: Grassy Surge|[of] p1b: Rillaboom
|-enditem|p1a: Volcarona|Grassy Seed
|-boost|p1a: Volcarona|def|1|[from] item: Grassy Seed
|-ability|p2a: Overqwil|Intimidate|boost
|-unboost|p1a: Volcarona|atk|1
|-unboost|p1b: Rillaboom|atk|1
|turn|1
|
|t:|1756845747
|move|p1b: Rillaboom|Fake Out|p2b: Volcarona
|-damage|p2b: Volcarona|90/100
|-status|p1b: Rillaboom|brn|[from] ability: Flame Body|[of] p2b: Volcarona
|cant|p2b: Volcarona|flinch
|move|p1a: Volcarona|Quiver Dance|p1a: Volcarona
|-boost|p1a: Volcarona|spa|1
|-boost|p1a: Volcarona|spd|1
|-boost|p1a: Volcarona|spe|1
|move|p2a: Overqwil|Barb Barrage|p1a: Volcarona
|-damage|p1a: Volcarona|84/100
|
|-heal|p1a: Volcarona|90/100|[from] Grassy Terrain
|-heal|p2b: Volcarona|96/100|[from] Grassy Terrain
|-damage|p1b: Rillaboom|95/100 brn|[from] brn
|upkeep
|turn|2
|inactive|roundybout has 30 seconds left.
|inactive|roundybout has 20 seconds left.
|inactive|BoloinaBox has 30 seconds left.
|inactive|roundybout has 15 seconds left.
|
|t:|1756845790
|switch|p1b: Basculegion|Basculegion, L50, M|100/100
|move|p1a: Volcarona|Quiver Dance|p1a: Volcarona
|-boost|p1a: Volcarona|spa|1
|-boost|p1a: Volcarona|spd|1
|-boost|p1a: Volcarona|spe|1
|move|p2b: Volcarona|Quiver Dance|p2b: Volcarona
|-boost|p2b: Volcarona|spa|1
|-boost|p2b: Volcarona|spd|1
|-boost|p2b: Volcarona|spe|1
|move|p2a: Overqwil|Barb Barrage|p1a: Volcarona
|-damage|p1a: Volcarona|75/100
|-status|p1a: Volcarona|psn
|
|-heal|p1a: Volcarona|81/100 psn|[from] Grassy Terrain
|-heal|p2b: Volcarona|100/100|[from] Grassy Terrain
|-damage|p1a: Volcarona|69/100 psn|[from] psn
|upkeep
|turn|3
|inactive|BoloinaBox has 30 seconds left.
|
|t:|1756845825
|-terastallize|p1b: Basculegion|Dragon
|move|p2b: Volcarona|Protect|p2b: Volcarona
|-singleturn|p2b: Volcarona|Protect
|move|p1a: Volcarona|Heat Wave|p2b: Volcarona|[spread] 
|-activate|p2b: Volcarona|move: Protect
|-miss|p1a: Volcarona|p2a: Overqwil
|move|p1b: Basculegion|Outrage|p2a: Overqwil
|-damage|p2a: Overqwil|26/100
|move|p2a: Overqwil|Throat Chop|p1b: Basculegion
|-damage|p1b: Basculegion|63/100
|-start|p1b: Basculegion|Throat Chop|[silent]
|
|-heal|p1a: Volcarona|75/100 psn|[from] Grassy Terrain
|-heal|p1b: Basculegion|69/100|[from] Grassy Terrain
|-heal|p2a: Overqwil|32/100|[from] Grassy Terrain
|-heal|p2a: Overqwil|38/100|[from] item: Black Sludge
|-damage|p1a: Volcarona|63/100 psn|[from] psn
|upkeep
|turn|4
|inactive|BoloinaBox has 30 seconds left.
|
|t:|1756845857
|move|p1a: Volcarona|Heat Wave|p2a: Overqwil|[spread] p2a,p2b
|-damage|p2a: Overqwil|0 fnt
|-damage|p2b: Volcarona|62/100
|faint|p2a: Overqwil
|move|p2b: Volcarona|Heat Wave|p1b: Basculegion|[spread] p1a,p1b
|-resisted|p1b: Basculegion
|-damage|p1a: Volcarona|38/100 psn
|-damage|p1b: Basculegion|39/100
|move|p1b: Basculegion|Outrage|p2b: Volcarona|[from] lockedmove
|-damage|p2b: Volcarona|0 fnt
|-status|p1b: Basculegion|brn|[from] ability: Flame Body|[of] p2b: Volcarona
|faint|p2b: Volcarona
|-start|p1b: Basculegion|confusion|[fatigue]
|
|-heal|p1a: Volcarona|44/100 psn|[from] Grassy Terrain
|-heal|p1b: Basculegion|46/100 brn|[from] Grassy Terrain
|-damage|p1a: Volcarona|32/100 psn|[from] psn
|-damage|p1b: Basculegion|39/100 brn|[from] brn
|-end|p1b: Basculegion|Throat Chop|[silent]
|upkeep
|
|t:|1756845869
|switch|p2b: Sinistcha|Sinistcha, L50|100/100
|switch|p2a: Ninetales|Ninetales-Alola, L50, F|100/100
|-weather|Snowscape|[from] ability: Snow Warning|[of] p2a: Ninetales
|turn|5
|
|t:|1756845885
|-terastallize|p2b: Sinistcha|Fire
|move|p1a: Volcarona|Giga Drain|p2a: Ninetales
|-damage|p2a: Ninetales|33/100
|-heal|p1a: Volcarona|65/100 psn|[from] drain|[of] p2a: Ninetales
|-activate|p1b: Basculegion|confusion
|-damage|p1b: Basculegion|23/100 brn|[from] confusion
|move|p2a: Ninetales|Icy Wind|p1a: Volcarona|[spread] p1a,p1b
|-resisted|p1a: Volcarona
|-supereffective|p1b: Basculegion
|-damage|p1a: Volcarona|62/100 psn
|-damage|p1b: Basculegion|0 fnt
|-unboost|p1a: Volcarona|spe|1
|faint|p1b: Basculegion
|move|p2b: Sinistcha|Matcha Gotcha|p1a: Volcarona
|-resisted|p1a: Volcarona
|-damage|p1a: Volcarona|56/100 psn
|
|-weather|Snowscape|[upkeep]
|-heal|p1a: Volcarona|62/100 psn|[from] Grassy Terrain
|-heal|p2a: Ninetales|39/100|[from] Grassy Terrain
|-damage|p1a: Volcarona|50/100 psn|[from] psn
|-fieldend|move: Grassy Terrain
|upkeep
|
|t:|1756845899
|switch|p1b: Rillaboom|Rillaboom, L50, M|95/100 brn
|-fieldstart|move: Grassy Terrain|[from] ability: Grassy Surge|[of] p1b: Rillaboom
|turn|6
|
|t:|1756845908
|move|p2b: Sinistcha|Protect|p2b: Sinistcha
|-singleturn|p2b: Sinistcha|Protect
|move|p1b: Rillaboom|Fake Out|p2b: Sinistcha
|-activate|p2b: Sinistcha|move: Protect
|move|p1a: Volcarona|Giga Drain|p2a: Ninetales
|-damage|p2a: Ninetales|0 fnt
|-heal|p1a: Volcarona|69/100 psn|[from] drain|[of] p2a: Ninetales
|faint|p2a: Ninetales
|
|-weather|Snowscape|[upkeep]
|-heal|p1a: Volcarona|75/100 psn|[from] Grassy Terrain
|-heal|p1b: Rillaboom|100/100 brn|[from] Grassy Terrain
|-damage|p1a: Volcarona|63/100 psn|[from] psn
|-damage|p1b: Rillaboom|95/100 brn|[from] brn
|upkeep
|turn|7
|
|t:|1756845917
|move|p1a: Volcarona|Heat Wave|p2b: Sinistcha
|-resisted|p2b: Sinistcha
|-damage|p2b: Sinistcha|42/100
|move|p2b: Sinistcha|Matcha Gotcha|p1b: Rillaboom|[spread] p1a,p1b
|-resisted|p1a: Volcarona
|-resisted|p1b: Rillaboom
|-damage|p1a: Volcarona|58/100 psn
|-heal|p2b: Sinistcha|45/100|[from] drain|[of] p1a: Volcarona
|-damage|p1b: Rillaboom|81/100 brn
|-heal|p2b: Sinistcha|54/100|[from] drain|[of] p1b: Rillaboom
|move|p1b: Rillaboom|High Horsepower|p2b: Sinistcha
|-supereffective|p2b: Sinistcha
|-damage|p2b: Sinistcha|21/100
|
|-weather|Snowscape|[upkeep]
|-heal|p1a: Volcarona|64/100 psn|[from] Grassy Terrain
|-heal|p2b: Sinistcha|27/100|[from] Grassy Terrain
|-heal|p1b: Rillaboom|86/100 brn|[from] Grassy Terrain
|-damage|p1a: Volcarona|52/100 psn|[from] psn
|-damage|p1b: Rillaboom|81/100 brn|[from] brn
|upkeep
|turn|8
|-message|BoloinaBox forfeited.
|
|win|roundybout
||roundybout is ready for game 2.
