|j|☆Cxmbxt
|j|☆Alj-kun
|html|CxmbxtAlj-kun    
|uhtml|bestof|Game 2 of a best-of-3
|t:|1786111299
|gametype|doubles
|player|p1|Cxmbxt|169|1067
|player|p2|Alj-kun|benga|1068
|gen|9
|tier|[Gen 9 Champions] VGC 2026 Reg M-B (Bo3)
|rated|
|rule|Species Clause: Limit one of each Pokémon
|rule|Item Clause: Limit 1 of each item
|clearpoke
|poke|p1|Sinistcha-Masterpiece, L50|
|poke|p1|Incineroar, L50, M|
|poke|p1|Floette-Eternal, L50, F|
|poke|p1|Whimsicott, L50, F|
|poke|p1|Hawlucha, L50, M|
|poke|p1|Rotom-Wash, L50|
|poke|p2|Tyranitar, L50, F|
|poke|p2|Excadrill, L50, M|
|poke|p2|Milotic, L50, F|
|poke|p2|Sinistcha-Masterpiece, L50|
|poke|p2|Staraptor, L50, F|
|poke|p2|Gholdengo, L50|
|teampreview|4
|showteam|p1|Sinistcha-Masterpiece||Leftovers|Hospitality|ShadowBall,MatchaGotcha,Reflect,StrengthSap|Modest|||||50|]Incineroar||ExpertBelt|Intimidate|DarkestLariat,FakeOut,FlareBlitz,Taunt|Adamant||M|||50|]Floette-Eternal||Floettite|FlowerVeil|CalmMind,DazzlingGleam,Protect,Moonblast|Modest||F|||50|]Whimsicott||FocusSash|Prankster|Encore,Moonblast,Tailwind,LightScreen|Modest||F|||50|]Hawlucha||Hawluchanite|Limber|DrainPunch,HighJumpKick,RockSlide,SwordsDance|Adamant||M|||50|]Rotom-Wash||ChoiceScarf|Levitate|Protect,WillOWisp,VoltSwitch,Trick|Serious|||||50|
|showteam|p2|Tyranitar||Tyranitarite|SandStream|RockSlide,KnockOff,LowKick,Protect|Jolly||F|||50|]Excadrill||FocusSash|SandRush|IronHead,HighHorsepower,RockSlide,Protect|Jolly||M|||50|]Milotic||Leftovers|Competitive|Scald,IcyWind,IceBeam,Protect|Calm||F|||50|]Sinistcha-Masterpiece||ColburBerry|Hospitality|MatchaGotcha,ShadowBall,Protect,RagePowder|Bold|||||50|]Staraptor||Staraptite|Intimidate|CloseCombat,BraveBird,Tailwind,Protect|Jolly||F|||50|]Gholdengo||LifeOrb|GoodasGold|ShadowBall,MakeItRain,NastyPlot,Protect|Modest|||||50|
|
|t:|1786111319
|teamsize|p1|4
|teamsize|p2|4
|start
|switch|p1a: Incineroar|Incineroar, L50, M|100/100
|switch|p1b: Whimsicott|Whimsicott, L50, F|100/100
|switch|p2a: Staraptor|Staraptor, L50, F|100/100
|switch|p2b: Tyranitar|Tyranitar, L50, F|100/100
|-ability|p2a: Staraptor|Intimidate|boost
|-unboost|p1a: Incineroar|atk|1
|-unboost|p1b: Whimsicott|atk|1
|-weather|Sandstorm|[from] ability: Sand Stream|[of] p2b: Tyranitar
|-ability|p1a: Incineroar|Intimidate|boost
|-unboost|p2a: Staraptor|atk|1
|-unboost|p2b: Tyranitar|atk|1
|turn|1
|
|t:|1786111360
|detailschange|p2a: Staraptor|Staraptor-Mega, L50, F
|-mega|p2a: Staraptor|Staraptor|Staraptite
|move|p1a: Incineroar|Fake Out|p2a: Staraptor
|-damage|p2a: Staraptor|90/100
|move|p1b: Whimsicott|Tailwind|p1b: Whimsicott
|-sidestart|p1: Cxmbxt|move: Tailwind
|cant|p2a: Staraptor|flinch
|move|p2b: Tyranitar|Low Kick|p1a: Incineroar
|-supereffective|p1a: Incineroar|1
|-crit|p1a: Incineroar
|-damage|p1a: Incineroar|12/100
|
|-weather|Sandstorm|[upkeep]
|-damage|p1b: Whimsicott|94/100|[from] Sandstorm
|-damage|p1a: Incineroar|6/100|[from] Sandstorm
|-damage|p2a: Staraptor|84/100|[from] Sandstorm
|upkeep
|turn|2
|
|t:|1786111402
|switch|p1a: Hawlucha|Hawlucha, L50, M|100/100
|switch|p2b: Sinistcha|Sinistcha-Masterpiece, L50|100/100
|-heal|p2a: Staraptor|100/100|[from] ability: Hospitality|[of] p2b: Sinistcha
|move|p1b: Whimsicott|Moonblast|p2a: Staraptor
|-supereffective|p2a: Staraptor|1
|-damage|p2a: Staraptor|26/100
|-boost|p2a: Staraptor|spa|1
|move|p2a: Staraptor|Brave Bird|p1b: Whimsicott
|-supereffective|p1b: Whimsicott|1
|-damage|p1b: Whimsicott|0 fnt
|faint|p1b: Whimsicott
|-damage|p2a: Staraptor|4/100|[from] Recoil
|
|-weather|Sandstorm|[upkeep]
|-damage|p1a: Hawlucha|94/100|[from] Sandstorm
|-damage|p2a: Staraptor|0 fnt|[from] Sandstorm
|-damage|p2b: Sinistcha|94/100|[from] Sandstorm
|faint|p2a: Staraptor
|upkeep
|
|t:|1786111425
|switch|p2a: Gholdengo|Gholdengo, L50|100/100
|switch|p1b: Sinistcha|Sinistcha-Masterpiece, L50|100/100
|-heal|p1a: Hawlucha|100/100|[from] ability: Hospitality|[of] p1b: Sinistcha
|turn|3
|
|t:|1786111437
|detailschange|p1a: Hawlucha|Hawlucha-Mega, L50, M
|-mega|p1a: Hawlucha|Hawlucha|Hawluchanite
|move|p1a: Hawlucha|Rock Slide|p2a: Gholdengo|[spread] p2a,p2b
|-resisted|p2a: Gholdengo|1
|-damage|p2a: Gholdengo|92/100
|-damage|p2b: Sinistcha|79/100
|move|p1b: Sinistcha|Shadow Ball|p2a: Gholdengo
|-supereffective|p2a: Gholdengo|1
|-crit|p2a: Gholdengo
|-damage|p2a: Gholdengo|0 fnt
|faint|p2a: Gholdengo
|move|p2b: Sinistcha|Shadow Ball|p1b: Sinistcha
|-supereffective|p1b: Sinistcha|1
|-damage|p1b: Sinistcha|17/100
|-unboost|p1b: Sinistcha|spd|1
|
|-weather|Sandstorm|[upkeep]
|-damage|p1a: Hawlucha|94/100|[from] Sandstorm
|-damage|p1b: Sinistcha|11/100|[from] Sandstorm
|-damage|p2b: Sinistcha|73/100|[from] Sandstorm
|-heal|p1b: Sinistcha|17/100|[from] item: Leftovers
|upkeep
|
|t:|1786111448
|switch|p2a: Tyranitar|Tyranitar, L50, F|100/100
|turn|4
|
|t:|1786111461
|switch|p1b: Incineroar|Incineroar, L50, M|6/100
|-ability|p1b: Incineroar|Intimidate|boost
|-unboost|p2a: Tyranitar|atk|1
|-unboost|p2b: Sinistcha|atk|1
|move|p2a: Tyranitar|Protect|p2a: Tyranitar
|-singleturn|p2a: Tyranitar|Protect
|move|p2b: Sinistcha|Protect|p2b: Sinistcha
|-singleturn|p2b: Sinistcha|Protect
|move|p1a: Hawlucha|Drain Punch|p2a: Tyranitar
|-activate|p2a: Tyranitar|move: Protect
|
|-weather|Sandstorm|[upkeep]
|-damage|p1a: Hawlucha|88/100|[from] Sandstorm
|-damage|p1b: Incineroar|0 fnt|[from] Sandstorm
|-damage|p2b: Sinistcha|68/100|[from] Sandstorm
|faint|p1b: Incineroar
|-sideend|p1: Cxmbxt|move: Tailwind
|upkeep
|
|t:|1786111475
|switch|p1b: Sinistcha|Sinistcha-Masterpiece, L50|17/100
|-heal|p1a: Hawlucha|100/100|[from] ability: Hospitality|[of] p1b: Sinistcha
|turn|5
|
|t:|1786111501
|move|p2b: Sinistcha|Rage Powder|p2b: Sinistcha
|-singleturn|p2b: Sinistcha|move: Rage Powder
|move|p1a: Hawlucha|Drain Punch|p2b: Sinistcha
|-immune|p2b: Sinistcha
|move|p2a: Tyranitar|Rock Slide|p1b: Sinistcha|[spread] p1a,p1b
|-damage|p1a: Hawlucha|78/100
|-damage|p1b: Sinistcha|1/100
|cant|p1b: Sinistcha|flinch
|
|-weather|none
|-heal|p1b: Sinistcha|6/100|[from] item: Leftovers
|upkeep
|turn|6
|
|t:|1786111519
|move|p2b: Sinistcha|Rage Powder|p2b: Sinistcha
|-singleturn|p2b: Sinistcha|move: Rage Powder
|move|p1a: Hawlucha|Rock Slide|p2a: Tyranitar|[spread] p2a,p2b
|-damage|p2a: Tyranitar|83/100
|-damage|p2b: Sinistcha|53/100
|move|p2a: Tyranitar|Rock Slide|p1a: Hawlucha|[spread] p1a,p1b
|-damage|p1a: Hawlucha|59/100
|-damage|p1b: Sinistcha|0 fnt
|faint|p1b: Sinistcha
|
|upkeep
|turn|7
|
|t:|1786111534
|move|p2b: Sinistcha|Rage Powder|p2b: Sinistcha
|-singleturn|p2b: Sinistcha|move: Rage Powder
|move|p1a: Hawlucha|Rock Slide|p2a: Tyranitar|[spread] p2a,p2b
|-damage|p2a: Tyranitar|66/100
|-damage|p2b: Sinistcha|36/100
|move|p2a: Tyranitar|Rock Slide|p1a: Hawlucha
|-damage|p1a: Hawlucha|33/100
|
|upkeep
|turn|8
|
|t:|1786111544
|move|p1a: Hawlucha|Rock Slide|p2b: Sinistcha|[spread] p2a,p2b
|-damage|p2a: Tyranitar|49/100
|-damage|p2b: Sinistcha|20/100r
|cant|p2a: Tyranitar|flinch
|move|p2b: Sinistcha|Shadow Ball|p1a: Hawlucha
|-damage|p1a: Hawlucha|0 fnt
|faint|p1a: Hawlucha
|
|win|Alj-kun
|raw|Cxmbxt's rating: 1067 → 1047(-20 for losing)
|raw|Alj-kun's rating: 1068 → 1098(+30 for winning)
|l|☆Cxmbxt
|player|p1|
