|j|☆Olciax34
|j|‽Dumonpato
|html|Olciax34Dumonpato    
|uhtml|bestof|Game 2 of a best-of-3
|t:|1783549231
|gametype|doubles
|player|p1|Olciax34|clair|1197
|player|p2|Dumonpato|ethan|1029
|gen|9
|tier|[Gen 9 Champions] VGC 2026 Reg M-B (Bo3)
|rated|
|rule|Species Clause: Limit one of each Pokémon
|rule|Item Clause: Limit 1 of each item
|clearpoke
|poke|p1|Gholdengo, L50|
|poke|p1|Pelipper, L50, M|
|poke|p1|Swampert, L50, F|
|poke|p1|Archaludon, L50, M|
|poke|p1|Sableye, L50, F|
|poke|p1|Meganium, L50, F|
|poke|p2|Passimian, L50, F|
|poke|p2|Starmie, L50|
|poke|p2|Volcarona, L50, F|
|poke|p2|Scrafty, L50, M|
|poke|p2|Meowscarada, L50, F|
|poke|p2|Rotom-Wash, L50|
|teampreview|4
|showteam|p1|Gholdengo||LifeOrb|GoodasGold|MakeItRain,ShadowBall,NastyPlot,Protect|Modest|||||50|]Pelipper||SitrusBerry|Drizzle|WeatherBall,Hurricane,Tailwind,Protect|Modest||M|||50|]Swampert||Swampertite|Torrent|Earthquake,WaveCrash,IcePunch,Protect|Adamant||F|||50|]Archaludon||Leftovers|Stamina|ElectroShot,FlashCannon,DragonPulse,Protect|Modest||M|||50|]Sableye||RoseliBerry|Prankster|WillOWisp,LightScreen,RainDance,Encore|Careful||F|||50|]Meganium||Meganiumite|LeafGuard|SolarBeam,WeatherBall,DazzlingGleam,Synthesis|Modest||F|||50|
|showteam|p2|Passimian||LifeOrb|Receiver|DrainPunch,Protect,IronHead,RockSlide|Jolly||F|||50|]Starmie||Starminite|Illuminate|FlipTurn,SelfDestruct,ZenHeadbutt,Liquidation|Jolly|||||50|]Volcarona||SitrusBerry|FlameBody|Tailwind,RagePowder,HeatWave,BugBuzz|Timid||F|||50|]Scrafty||Scraftinite|Intimidate|FakeOut,IcePunch,KnockOff,LowSweep|Adamant||M|||50|]Meowscarada||FocusSash|Overgrow|Taunt,FlowerTrick,Protect,SuckerPunch|Jolly||F|||50|]Rotom-Wash||ChoiceScarf|Levitate|HydroPump,Trick,VoltSwitch,Electroweb|Timid|||||50|
|inactive|Battle timer is ON: inactive players will automatically lose when time's up. (requested by Olciax34)
|inactive|Olciax34 has 60 seconds left.
|inactive|Dumonpato has 60 seconds left.
|inactive|Dumonpato has 30 seconds left.
|inactive|Dumonpato has 20 seconds left.
|inactive|Dumonpato has 15 seconds left.
|inactive|Dumonpato has 10 seconds left.
|inactive|Dumonpato has 5 seconds left.
|
|t:|1783549333
|teamsize|p1|4
|teamsize|p2|4
|start
|switch|p1a: Meganium|Meganium, L50, F|100/100
|switch|p1b: Sableye|Sableye, L50, F|100/100
|switch|p2a: Starmie|Starmie, L50|100/100
|switch|p2b: Passimian|Passimian, L50, F|100/100
|turn|1
|inactive|Dumonpato has 30 seconds left.
|inactive|Dumonpato has 20 seconds left.
|inactive|Dumonpato has 15 seconds left.
|
|t:|1783549375
|switch|p1a: Archaludon|Archaludon, L50, M|100/100
|detailschange|p2a: Starmie|Starmie-Mega, L50
|-mega|p2a: Starmie|Starmie|Starminite
|move|p1b: Sableye|Will-O-Wisp|p2a: Starmie
|-status|p2a: Starmie|brn
|move|p2a: Starmie|Zen Headbutt|p1a: Archaludon
|-resisted|p1a: Archaludon|1
|-damage|p1a: Archaludon|87/100
|-ability|p1a: Archaludon|Stamina|boost
|-boost|p1a: Archaludon|def|1
|move|p2b: Passimian|Iron Head|p1a: Archaludon
|-resisted|p1a: Archaludon|1
|-damage|p1a: Archaludon|78/100
|-ability|p1a: Archaludon|Stamina|boost
|-boost|p1a: Archaludon|def|1
|-damage|p2b: Passimian|90/100|[from] item: Life Orb
|
|-heal|p1a: Archaludon|84/100|[from] item: Leftovers
|-damage|p2a: Starmie|94/100 brn|[from] brn
|upkeep
|turn|2
|inactive|Olciax34 has 30 seconds left.
|inactive|Dumonpato has 30 seconds left.
|inactive|Dumonpato has 20 seconds left.
|inactive|Dumonpato has 15 seconds left.
|
|t:|1783549416
|switch|p2b: Rotom|Rotom-Wash, L50|100/100
|move|p1b: Sableye|Will-O-Wisp|p2b: Rotom
|-status|p2b: Rotom|brn
|move|p2a: Starmie|Flip Turn|p1b: Sableye
|-damage|p1b: Sableye|65/100
|
|t:|1783549430
|switch|p2a: Volcarona|Volcarona, L50, F|100/100|[from] Flip Turn
|move|p1a: Archaludon|Dragon Pulse|p2a: Volcarona
|-damage|p2a: Volcarona|60/100
|
|-heal|p1a: Archaludon|90/100|[from] item: Leftovers
|-damage|p2b: Rotom|94/100 brn|[from] brn
|upkeep
|turn|3
|
|t:|1783549452
|move|p1b: Sableye|Rain Dance|p1b: Sableye
|-weather|RainDance
|move|p2b: Rotom|Volt Switch|p1b: Sableye
|-damage|p1b: Sableye|36/100
|
|t:|1783549459
|switch|p2b: Starmie|Starmie-Mega, L50|94/100 brn|[from] Volt Switch
|move|p2a: Volcarona|Heat Wave|p1a: Archaludon|[spread] p1a,p1b
|-damage|p1a: Archaludon|75/100
|-damage|p1b: Sableye|17/100
|-ability|p1a: Archaludon|Stamina|boost
|-boost|p1a: Archaludon|def|1
|move|p1a: Archaludon|Electro Shot||[still]
|-prepare|p1a: Archaludon|Electro Shot
|-boost|p1a: Archaludon|spa|1
|-anim|p1a: Archaludon|Electro Shot|p2a: Volcarona
|-damage|p2a: Volcarona|6/100
|-enditem|p2a: Volcarona|Sitrus Berry|[eat]
|-heal|p2a: Volcarona|31/100|[from] item: Sitrus Berry
|
|-weather|RainDance|[upkeep]
|-heal|p1a: Archaludon|81/100|[from] item: Leftovers
|-damage|p2b: Starmie|88/100 brn|[from] brn
|upkeep
|turn|4
|inactive|Dumonpato has 30 seconds left.
|inactive|Dumonpato has 20 seconds left.
|inactive|Dumonpato has 15 seconds left.
|inactive|Dumonpato has 10 seconds left.
|inactive|Dumonpato has 5 seconds left.
|
|t:|1783549512
|move|p1b: Sableye|Light Screen|p1b: Sableye
|-sidestart|p1: Olciax34|move: Light Screen
|move|p2b: Starmie|Flip Turn|p1a: Archaludon
|-resisted|p1a: Archaludon|1
|-damage|p1a: Archaludon|75/100
|-ability|p1a: Archaludon|Stamina|boost
|-boost|p1a: Archaludon|def|1
|
|t:|1783549519
|switch|p2b: Rotom|Rotom-Wash, L50|94/100 brn|[from] Flip Turn
|move|p2a: Volcarona|Heat Wave|p1a: Archaludon|[spread] p1a,p1b
|-damage|p1a: Archaludon|64/100
|-damage|p1b: Sableye|5/100
|-status|p1a: Archaludon|brn
|-ability|p1a: Archaludon|Stamina|boost
|-boost|p1a: Archaludon|def|1
|move|p1a: Archaludon|Electro Shot||[still]
|-prepare|p1a: Archaludon|Electro Shot
|-boost|p1a: Archaludon|spa|1
|-anim|p1a: Archaludon|Electro Shot|p2a: Volcarona
|-damage|p2a: Volcarona|0 fnt
|faint|p2a: Volcarona
|
|-weather|RainDance|[upkeep]
|-heal|p1a: Archaludon|71/100 brn|[from] item: Leftovers
|-damage|p2b: Rotom|88/100 brn|[from] brn
|-damage|p1a: Archaludon|64/100 brn|[from] brn
|upkeep
|inactive|Dumonpato has 30 seconds left.
|
|t:|1783549551
|switch|p2a: Starmie|Starmie-Mega, L50|88/100 brn
|turn|5
|inactive|Dumonpato has 30 seconds left.
|inactive|Dumonpato has 20 seconds left.
|
|t:|1783549589
|switch|p2b: Passimian|Passimian, L50, F|90/100
|switch|p1b: Meganium|Meganium, L50, F|100/100
|move|p2a: Starmie|Liquidation|p1b: Meganium
|-resisted|p1b: Meganium|1
|-damage|p1b: Meganium|75/100
|move|p1a: Archaludon|Electro Shot||[still]
|-prepare|p1a: Archaludon|Electro Shot
|-boost|p1a: Archaludon|spa|1
|-anim|p1a: Archaludon|Electro Shot|p2a: Starmie
|-supereffective|p2a: Starmie|1
|-damage|p2a: Starmie|0 fnt
|faint|p2a: Starmie
|-ability|p2b: Passimian|Huge Power|Receiver|[from] ability: Receiver|[of] p2a: Starmie
|
|-weather|RainDance|[upkeep]
|-heal|p1a: Archaludon|71/100 brn|[from] item: Leftovers
|-damage|p1a: Archaludon|64/100 brn|[from] brn
|upkeep
|
|t:|1783549607
|switch|p2a: Rotom|Rotom-Wash, L50|88/100 brn
|turn|6
|inactive|Dumonpato has 30 seconds left.
|inactive|Dumonpato has 20 seconds left.
|
|t:|1783549646
|detailschange|p1b: Meganium|Meganium-Mega, L50, F
|-mega|p1b: Meganium|Meganium|Meganiumite
|move|p1a: Archaludon|Protect|p1a: Archaludon
|-singleturn|p1a: Archaludon|Protect
|move|p2a: Rotom|Volt Switch|p1b: Meganium
|-resisted|p1b: Meganium|1
|-crit|p1b: Meganium
|-damage|p1b: Meganium|60/100
|move|p2b: Passimian|Drain Punch|p1a: Archaludon
|-activate|p1a: Archaludon|move: Protect
|move|p1b: Meganium|Dazzling Gleam|p2b: Passimian|[spread] p2a,p2b
|-supereffective|p2b: Passimian|1
|-damage|p2a: Rotom|56/100 brn
|-damage|p2b: Passimian|0 fnt
|faint|p2b: Passimian
|
|-weather|RainDance|[upkeep]
|-heal|p1a: Archaludon|71/100 brn|[from] item: Leftovers
|-damage|p2a: Rotom|50/100g brn|[from] brn
|-damage|p1a: Archaludon|64/100 brn|[from] brn
|upkeep
|turn|7
|-message|Dumonpato forfeited.
|
|win|Olciax34
|raw|Olciax34's rating: 1197 → 1211(+14 for winning)
|raw|Dumonpato's rating: 1029 → 1021(-8 for losing)
