|j|☆coralcroc
|j|☆EthernetSac
|html|coralcrocEthernetSac    
|uhtml|bestof|Game 2 of a best-of-3
|t:|1757836296
|gametype|doubles
|player|p1|coralcroc|ethan|1124
|player|p2|EthernetSac|sonia-professor|1205
|gen|9
|tier|[Gen 9] VGC 2025 Reg H (Bo3)
|rated|
|rule|Species Clause: Limit one of each Pokémon
|rule|Item Clause: Limit 1 of each item
|clearpoke
|poke|p1|Tyranitar, L50, M|
|poke|p1|Garchomp, L50, M|
|poke|p1|Milotic, L50, F|
|poke|p1|Talonflame, L50, F|
|poke|p1|Serperior, L50, M|
|poke|p1|Scizor, L50, M|
|poke|p2|Serperior, L50, M|
|poke|p2|Ninetales-Alola, L50, M|
|poke|p2|Gholdengo, L50|
|poke|p2|Ursaluna, L50, F|
|poke|p2|Dragonite, L50, F|
|poke|p2|Sneasler, L50, M|
|teampreview|4
|showteam|p1|Tyranitar||WeaknessPolicy|SandStream|RockSlide,KnockOff,IronHead,Protect|||M|||50|,,,,,Flying]Garchomp||ClearAmulet|SandVeil|DragonClaw,Earthquake,PoisonJab,Protect|||M|||50|,,,,,Steel]Milotic||Leftovers|Competitive|Scald,IceBeam,Recover,Haze|||F|||50|,,,,,Grass]Talonflame||CovertCloak|GaleWings|FlareBlitz,BraveBird,Tailwind,Taunt|||F|||50|,,,,,Fire]Serperior||SitrusBerry|Contrary|LeafStorm,TeraBlast,Glare,Protect|||M|||50|,,,,,Fire]Scizor||ChoiceBand|Technician|BulletPunch,BugBite,CloseCombat,DualWingbeat|||M|||50|,,,,,Stellar
|showteam|p2|Serperior||CovertCloak|Contrary|Protect,Glare,Taunt,LeafStorm|||M|||50|,,,,,Fire]Ninetales-Alola||LightClay|SnowWarning|Protect,Blizzard,Moonblast,AuroraVeil|||M|||50|,,,,,Ghost]Gholdengo||MetalCoat|GoodasGold|Protect,NastyPlot,MakeItRain,ShadowBall||||||50|,,,,,Water]Ursaluna||FlameOrb|Guts|Protect,HeadlongRush,Earthquake,Facade|||F|||50|,,,,,Ghost]Dragonite||LoadedDice|Multiscale|ScaleShot,Tailwind,Haze,Protect|||F|||50|,,,,,Fairy]Sneasler||FocusSash|Unburden|CloseCombat,DireClaw,Coaching,Protect|||M|||50|,,,,,Ghost
|inactive|Battle timer is ON: inactive players will automatically lose when time's up. (requested by EthernetSac)
|
|t:|1757836321
|teamsize|p1|4
|teamsize|p2|4
|start
|switch|p1a: Tyranitar|Tyranitar, L50, M|100/100
|switch|p1b: Garchomp|Garchomp, L50, M|100/100
|switch|p2a: Dragonite|Dragonite, L50, F|100/100
|switch|p2b: Ursaluna|Ursaluna, L50, F|100/100
|-weather|Sandstorm|[from] ability: Sand Stream|[of] p1a: Tyranitar
|turn|1
|inactive|EthernetSac has 30 seconds left.
|
|t:|1757836352
|switch|p2a: Ninetales|Ninetales-Alola, L50, M|100/100
|-weather|Snowscape|[from] ability: Snow Warning|[of] p2a: Ninetales
|move|p2b: Ursaluna|Protect|p2b: Ursaluna
|-singleturn|p2b: Ursaluna|Protect
|move|p1b: Garchomp|Dragon Claw|p2a: Ninetales
|-immune|p2a: Ninetales
|move|p1a: Tyranitar|Knock Off|p2b: Ursaluna
|-activate|p2b: Ursaluna|move: Protect
|
|-weather|Snowscape|[upkeep]
|-status|p2b: Ursaluna|brn|[from] item: Flame Orb
|upkeep
|turn|2
|inactive|coralcroc has 30 seconds left.
|
|t:|1757836387
|move|p2a: Ninetales|Aurora Veil|p2a: Ninetales
|-sidestart|p2: EthernetSac|move: Aurora Veil
|move|p1b: Garchomp|Poison Jab|p2a: Ninetales
|-supereffective|p2a: Ninetales
|-damage|p2a: Ninetales|67/100
|-status|p2a: Ninetales|psn
|move|p2b: Ursaluna|Headlong Rush|p1a: Tyranitar
|-supereffective|p1a: Tyranitar
|-damage|p1a: Tyranitar|0 fnt
|-unboost|p2b: Ursaluna|def|1
|-unboost|p2b: Ursaluna|spd|1
|faint|p1a: Tyranitar
|
|-weather|Snowscape|[upkeep]
|-damage|p2a: Ninetales|55/100 psn|[from] psn
|-damage|p2b: Ursaluna|95/100 brn|[from] brn
|upkeep
|
|t:|1757836401
|switch|p1a: Scizor|Scizor, L50, M|100/100
|turn|3
|inactive|coralcroc has 30 seconds left.
|
|t:|1757836427
|-terastallize|p1a: Scizor|Stellar
|move|p2a: Ninetales|Protect|p2a: Ninetales
|-singleturn|p2a: Ninetales|Protect
|move|p1b: Garchomp|Poison Jab|p2a: Ninetales
|-activate|p2a: Ninetales|move: Protect
|move|p1a: Scizor|Close Combat|p2b: Ursaluna
|-supereffective|p2b: Ursaluna
|-damage|p2b: Ursaluna|0 fnt
|-unboost|p1a: Scizor|def|1
|-unboost|p1a: Scizor|spd|1
|faint|p2b: Ursaluna
|
|-weather|Snowscape|[upkeep]
|-damage|p2a: Ninetales|43/100 psn|[from] psn
|upkeep
|
|t:|1757836440
|switch|p2b: Sneasler|Sneasler, L50, M|100/100
|turn|4
|
|t:|1757836455
|switch|p1a: Milotic|Milotic, L50, F|100/100
|move|p2b: Sneasler|Close Combat|p1a: Milotic
|-damage|p1a: Milotic|42/100
|-unboost|p2b: Sneasler|def|1
|-unboost|p2b: Sneasler|spd|1
|move|p2a: Ninetales|Blizzard|p1a: Milotic|[spread] p1a,p1b
|-resisted|p1a: Milotic
|-supereffective|p1b: Garchomp
|-damage|p1a: Milotic|35/100
|-damage|p1b: Garchomp|0 fnt
|faint|p1b: Garchomp
|
|-weather|Snowscape|[upkeep]
|-heal|p1a: Milotic|41/100|[from] item: Leftovers
|-damage|p2a: Ninetales|31/100 psn|[from] psn
|upkeep
|
|t:|1757836464
|switch|p1b: Scizor|Scizor, L50, M, tera:Stellar|100/100
|turn|5
|
|t:|1757836488
|move|p2b: Sneasler|Close Combat|p1b: Scizor
|-damage|p1b: Scizor|41/100
|-unboost|p2b: Sneasler|def|1
|-unboost|p2b: Sneasler|spd|1
|move|p2a: Ninetales|Blizzard|p1a: Milotic|[spread] p1a,p1b
|-resisted|p1a: Milotic
|-resisted|p1b: Scizor
|-damage|p1a: Milotic|32/100
|-damage|p1b: Scizor|24/100
|move|p1a: Milotic|Recover|p1a: Milotic
|-heal|p1a: Milotic|82/100
|move|p1b: Scizor|Dual Wingbeat|p2b: Sneasler
|-supereffective|p2b: Sneasler
|-enditem|p2b: Sneasler|Focus Sash
|-damage|p2b: Sneasler|1/100
|-supereffective|p2b: Sneasler
|-damage|p2b: Sneasler|0 fnt
|faint|p2b: Sneasler
|-hitcount|p2: Sneasler|2
|
|-weather|none
|-heal|p1a: Milotic|88/100|[from] item: Leftovers
|-damage|p2a: Ninetales|19/100 psn|[from] psn
|upkeep
|
|t:|1757836502
|switch|p2b: Dragonite|Dragonite, L50, F|100/100
|turn|6
|
|t:|1757836518
|-terastallize|p2b: Dragonite|Fairy
|move|p2a: Ninetales|Moonblast|p1b: Scizor
|-resisted|p1b: Scizor
|-damage|p1b: Scizor|7/100
|move|p2b: Dragonite|Scale Shot|p1b: Scizor
|-resisted|p1b: Scizor
|-damage|p1b: Scizor|0 fnt
|faint|p1b: Scizor
|-hitcount|p1: Scizor|1
|-unboost|p2b: Dragonite|def|1
|-boost|p2b: Dragonite|spe|1
|move|p1a: Milotic|Ice Beam|p2b: Dragonite
|-damage|p2b: Dragonite|92/100
|
|-heal|p1a: Milotic|94/100|[from] item: Leftovers
|-damage|p2a: Ninetales|7/100 psn|[from] psn
|upkeep
|turn|7
|
|t:|1757836534
|move|p2b: Dragonite|Scale Shot|p1a: Milotic
|-damage|p1a: Milotic|79/100
|-damage|p1a: Milotic|64/100
|-damage|p1a: Milotic|48/100
|-damage|p1a: Milotic|33/100
|-damage|p1a: Milotic|16/100
|-hitcount|p1a: Milotic|5
|-unboost|p2b: Dragonite|def|1
|-boost|p2b: Dragonite|spe|1
|move|p2a: Ninetales|Moonblast|p1a: Milotic
|-damage|p1a: Milotic|0 fnt
|faint|p1a: Milotic
|
|win|EthernetSac
||EthernetSac is ready for game 3.
|inactive|coralcroc has 30 seconds to confirm battle start!
||coralcroc is ready for game 3.
|uhtml|next|Next: Game 3 of 3
|l|☆coralcroc
|player|p1|
