|j|☆yveltyy
|j|☆taj11
|html|yveltyytaj11    
|uhtml|bestof|Game 1 of a best-of-3
|t:|1757840675
|gametype|doubles
|player|p1|yveltyy|plasmagruntf-gen5bw|1066
|player|p2|taj11|265|1244
|gen|9
|tier|[Gen 9] VGC 2025 Reg H (Bo3)
|rated|
|rule|Species Clause: Limit one of each Pokémon
|rule|Item Clause: Limit 1 of each item
|clearpoke
|poke|p1|Ninetales-Alola, L50, F|
|poke|p1|Rotom-Frost, L50|
|poke|p1|Garchomp, L50, F|
|poke|p1|Dragonite, L50, M|
|poke|p1|Amoonguss, L50, M|
|poke|p1|Kingambit, L50, F|
|poke|p2|Volcarona, L50, M|
|poke|p2|Rillaboom, L50, F|
|poke|p2|Baxcalibur, L50, M|
|poke|p2|Kingambit, L50, F|
|poke|p2|Sneasler, L50, M|
|poke|p2|Dondozo, L50, M|
|teampreview|4
|showteam|p1|Ninetales-Alola||FocusSash|SnowWarning|Blizzard,IcyWind,AuroraVeil,Encore|||F|||50|,,,,,Ghost]Rotom-Frost||AssaultVest|Levitate|Blizzard,Thunderbolt,Discharge,TeraBlast||||||50|,,,,,Fire]Garchomp||ChoiceBand|RoughSkin|Earthquake,StompingTantrum,PoisonJab,RockSlide|||F|||50|,,,,,Poison]Dragonite||LoadedDice|Multiscale|ScaleShot,ExtremeSpeed,LowKick,Protect|||M|||50|,,,,,Fairy]Amoonguss||SitrusBerry|Regenerator|RagePowder,Spore,PollenPuff,ClearSmog|||M|||50|,,,,,Psychic]Kingambit||LifeOrb|Defiant|KowtowCleave,SuckerPunch,LowKick,Protect|||F|||50|,,,,,Dark
|showteam|p2|Volcarona||CovertCloak|FlameBody|HeatWave,TeraBlast,QuiverDance,RagePowder|||M|||50|,,,,,Fairy]Rillaboom||AssaultVest|GrassySurge|WoodHammer,GrassyGlide,HighHorsepower,FakeOut|||F|||50|,,,,,Water]Baxcalibur||LoadedDice|ThermalExchange|IceShard,ScaleShot,IcicleSpear,Protect|||M|||50|,,,,,Ghost]Kingambit||BlackGlasses|Defiant|KowtowCleave,SuckerPunch,SwordsDance,Protect|||F|||50|,,,,,Ghost]Sneasler||FocusSash|PoisonTouch|CloseCombat,DireClaw,Coaching,FakeOut|||M|||50|,,,,,Stellar]Dondozo||Leftovers|Unaware|Protect,Liquidation,Yawn,Fissure|||M|||50|,,,,,Poison
|inactive|Battle timer is ON: inactive players will automatically lose when time's up. (requested by yveltyy)
|c|☆yveltyy|glhf
|c|☆taj11|glhf
|inactive|yveltyy has 60 seconds left.
|
|t:|1757840734
|teamsize|p1|4
|teamsize|p2|4
|start
|switch|p1a: Garchomp|Garchomp, L50, F|100/100
|switch|p1b: Rotom|Rotom-Frost, L50|100/100
|switch|p2a: Godchilla|Baxcalibur, L50, M|100/100
|switch|p2b: Clawbird|Sneasler, L50, M|100/100
|turn|1
|inactive|yveltyy has 30 seconds left.
|inactive|taj11 has 30 seconds left.
|inactive|taj11 has 20 seconds left.
|
|t:|1757840771
|-terastallize|p1a: Garchomp|Poison
|move|p2b: Clawbird|Fake Out|p1a: Garchomp
|-damage|p1a: Garchomp|86/100
|-damage|p2b: Clawbird|88/100|[from] ability: Rough Skin|[of] p1a: Garchomp
|cant|p1a: Garchomp|flinch
|move|p2a: Godchilla|Scale Shot|p1a: Garchomp
|-damage|p1a: Garchomp|72/100
|-damage|p1a: Garchomp|57/100
|-damage|p1a: Garchomp|40/100
|-damage|p1a: Garchomp|23/100
|-hitcount|p1a: Garchomp|4
|-unboost|p2a: Godchilla|def|1
|-boost|p2a: Godchilla|spe|1
|move|p1b: Rotom|Blizzard|p2b: Clawbird|[spread] 
|-miss|p1b: Rotom|p2a: Godchilla
|-miss|p1b: Rotom|p2b: Clawbird
|
|upkeep
|turn|2
|
|t:|1757840792
|switch|p1a: Amoonguss|Amoonguss, L50, M|100/100
|move|p2a: Godchilla|Icicle Spear|p1a: Amoonguss
|-supereffective|p1a: Amoonguss
|-damage|p1a: Amoonguss|72/100
|-supereffective|p1a: Amoonguss
|-damage|p1a: Amoonguss|44/100
|-enditem|p1a: Amoonguss|Sitrus Berry|[eat]
|-heal|p1a: Amoonguss|69/100|[from] item: Sitrus Berry
|-supereffective|p1a: Amoonguss
|-crit|p1a: Amoonguss
|-damage|p1a: Amoonguss|34/100
|-supereffective|p1a: Amoonguss
|-damage|p1a: Amoonguss|8/100
|-supereffective|p1a: Amoonguss
|-damage|p1a: Amoonguss|0 fnt
|faint|p1a: Amoonguss
|-hitcount|p1: Amoonguss|5
|move|p2b: Clawbird|Coaching|p2a: Godchilla
|-boost|p2a: Godchilla|atk|1
|-boost|p2a: Godchilla|def|1
|move|p1b: Rotom|Blizzard|p2b: Clawbird|[spread] p2a,p2b
|-damage|p2a: Godchilla|57/100
|-damage|p2b: Clawbird|39/100
|
|upkeep
|
|t:|1757840800
|switch|p1a: Kingambit|Kingambit, L50, F|100/100
|turn|3
|
|t:|1757840816
|move|p2a: Godchilla|Protect|p2a: Godchilla
|-singleturn|p2a: Godchilla|Protect
|move|p1a: Kingambit|Protect|p1a: Kingambit
|-singleturn|p1a: Kingambit|Protect
|move|p2b: Clawbird|Close Combat|p1a: Kingambit
|-activate|p1a: Kingambit|move: Protect
|move|p1b: Rotom|Blizzard|p2a: Godchilla|[spread] p2b
|-activate|p2a: Godchilla|move: Protect
|-damage|p2b: Clawbird|0 fnt
|faint|p2b: Clawbird
|
|upkeep
|
|t:|1757840827
|switch|p2b: Sabo|Volcarona, L50, M|100/100
|turn|4
|
|t:|1757840842
|switch|p1a: Garchomp|Garchomp, L50, F, tera:Poison|23/100
|move|p2a: Godchilla|Scale Shot|p1b: Rotom
|-damage|p1b: Rotom|72/100
|-damage|p1b: Rotom|43/100
|-damage|p1b: Rotom|17/100
|-damage|p1b: Rotom|0 fnt
|faint|p1b: Rotom
|-hitcount|p1: Rotom|4
|-unboost|p2a: Godchilla|def|1
|-boost|p2a: Godchilla|spe|1
|move|p2b: Sabo|Heat Wave|p1a: Garchomp|[miss]
|-miss|p2b: Sabo|p1a: Garchomp
|
|upkeep
|
|t:|1757840852
|switch|p1b: Kingambit|Kingambit, L50, F|100/100
|turn|5
|j| aberrantreceptacle
|
|t:|1757840868
|move|p2a: Godchilla|Ice Shard|p1a: Garchomp
|-damage|p1a: Garchomp|0 fnt
|faint|p1a: Garchomp
|move|p1b: Kingambit|Sucker Punch||[still]
|-fail|p1b: Kingambit
|move|p2b: Sabo|Quiver Dance|p2b: Sabo
|-boost|p2b: Sabo|spa|1
|-boost|p2b: Sabo|spd|1
|-boost|p2b: Sabo|spe|1
|
|upkeep
|turn|6
|c|☆yveltyy|gg
|-message|yveltyy forfeited.
|
|win|taj11
||taj11 is ready for game 2.
||yveltyy is ready for game 2.
|uhtml|next|Next: Game 2 of 3
|l| aberrantreceptacle
|l|☆taj11
|player|p2|
|l|☆yveltyy
|player|p1|
