|j|☆Frisk Azzy
|j|☆LittleSunLight
|html|Frisk AzzyLittleSunLight    
|uhtml|bestof|Game 2 of a best-of-3
|t:|1783362126
|gametype|doubles
|player|p1|Frisk Azzy|riley|
|player|p2|LittleSunLight|beauty|
|gen|9
|tier|[Gen 9 Champions] VGC 2026 Reg M-B (Bo3)
|rule|Species Clause: Limit one of each Pokémon
|rule|Item Clause: Limit 1 of each item
|clearpoke
|poke|p1|Charizard, L50, M, shiny|
|poke|p1|Venusaur, L50, M|
|poke|p1|Whimsicott, L50, M|
|poke|p1|Luxray, L50, M, shiny|
|poke|p1|Aegislash, L50, M|
|poke|p1|Garchomp, L50, F, shiny|
|poke|p2|Dragonite, L50, M|
|poke|p2|Froslass, L50, F|
|poke|p2|Sneasler, L50, F|
|poke|p2|Arcanine-Hisui, L50, M|
|poke|p2|Basculegion, L50, M|
|poke|p2|Kingambit, L50, F|
|teampreview|4
|showteam|p1|Charizard||CharizarditeY|SolarPower|HeatWave,Protect,SolarBeam,AirSlash|Timid||M|||50|]Venusaur||LifeOrb|Chlorophyll|GigaDrain,SludgeBomb,Protect,EarthPower|Modest||M|||50|]Whimsicott||FocusSash|Prankster|Moonblast,Tailwind,Taunt,SunnyDay|Timid||M|||50|]Luxray||SitrusBerry|Intimidate|Crunch,WildCharge,Protect,VoltSwitch|Sassy||M|||50|]Aegislash||SpellTag|StanceChange|IronHead,KingsShield,WideGuard,ShadowSneak|Adamant||M|||50|]Garchomp||ExpertBelt|RoughSkin|DragonClaw,Protect,Earthquake,RockSlide|Jolly||F|||50|
|showteam|p2|Dragonite||Dragoninite|Multiscale|Protect,Tailwind,DragonPulse,Flamethrower|Modest||M|||50|]Froslass||Froslassite|CursedBody|Blizzard,ShadowBall,AuroraVeil,Protect|Timid||F|||50|]Sneasler||WhiteHerb|Unburden|Protect,CloseCombat,DireClaw,FakeOut|Jolly||F|||50|]Arcanine-Hisui||FocusSash|RockHead|FlareBlitz,HeadSmash,RockSlide,ExtremeSpeed|Jolly||M|||50|]Basculegion||ChoiceScarf|Adaptability|WaveCrash,PhantomForce,FlipTurn,LastRespects|Adamant||M|||50|]Kingambit||ShucaBerry|Defiant|KowtowCleave,SuckerPunch,IronHead,Protect|Adamant||F|||50|
|
|t:|1783362144
|teamsize|p1|4
|teamsize|p2|4
|start
|switch|p1a: Aegislash|Aegislash, L50, M|100/100
|switch|p1b: Luxray|Luxray, L50, M, shiny|100/100
|switch|p2a: Sneasler|Sneasler, L50, F|100/100
|switch|p2b: Arcanine|Arcanine-Hisui, L50, M|100/100
|-ability|p1b: Luxray|Intimidate|boost
|-unboost|p2a: Sneasler|atk|1
|-unboost|p2b: Arcanine|atk|1
|-enditem|p2a: Sneasler|White Herb
|-clearnegativeboost|p2a: Sneasler|[silent]
|turn|1
|
|t:|1783362176
|move|p1b: Luxray|Protect|p1b: Luxray
|-singleturn|p1b: Luxray|Protect
|move|p1a: Aegislash|King's Shield|p1a: Aegislash
|-singleturn|p1a: Aegislash|Protect
|move|p2a: Sneasler|Close Combat|p1b: Luxray
|-activate|p1b: Luxray|move: Protect
|move|p2b: Arcanine|Rock Slide|p1b: Luxray|[spread] 
|-activate|p1a: Aegislash|move: Protect
|-activate|p1b: Luxray|move: Protect
|
|upkeep
|turn|2
|
|t:|1783362200
|switch|p1a: Charizard|Charizard, L50, M, shiny|100/100
|move|p2a: Sneasler|Close Combat|p1b: Luxray
|-damage|p1b: Luxray|23/100
|-unboost|p2a: Sneasler|def|1
|-unboost|p2a: Sneasler|spd|1
|-enditem|p1b: Luxray|Sitrus Berry|[eat]
|-heal|p1b: Luxray|48/100|[from] item: Sitrus Berry
|move|p2b: Arcanine|Rock Slide|p1b: Luxray|[spread] p1a,p1b
|-supereffective|p1a: Charizard|2
|-damage|p1a: Charizard|0 fnt
|-damage|p1b: Luxray|27/100
|faint|p1a: Charizard
|move|p1b: Luxray|Volt Switch|p2a: Sneasler
|-damage|p2a: Sneasler|51/100
|
|t:|1783362214
|switch|p1b: Aegislash|Aegislash, L50, M|100/100|[from] Volt Switch
|
|upkeep
|
|t:|1783362218
|switch|p1a: Venusaur|Venusaur, L50, M|100/100
|turn|3
|
|t:|1783362249
|-formechange|p1b: Aegislash|Aegislash-Blade|
|move|p1b: Aegislash|Shadow Sneak|p2a: Sneasler
|-damage|p2a: Sneasler|0 fnt
|faint|p2a: Sneasler
|move|p2b: Arcanine|Flare Blitz|p1b: Aegislash
|-supereffective|p1b: Aegislash|1
|-damage|p1b: Aegislash|0 fnt
|faint|p1b: Aegislash
|move|p1a: Venusaur|Earth Power|p2b: Arcanine
|-supereffective|p2b: Arcanine|2
|-enditem|p2b: Arcanine|Focus Sash
|-damage|p2b: Arcanine|1/100
|-unboost|p2b: Arcanine|spd|1
|-damage|p1a: Venusaur|90/100|[from] item: Life Orb
|
|upkeep
|
|t:|1783362264
|switch|p2a: Dragonite|Dragonite, L50, M|100/100
|switch|p1b: Luxray|Luxray, L50, M, shiny|27/100
|-ability|p1b: Luxray|Intimidate|boost
|-unboost|p2a: Dragonite|atk|1
|-unboost|p2b: Arcanine|atk|1
|turn|4
|
|t:|1783362278
|detailschange|p2a: Dragonite|Dragonite-Mega, L50, M
|-mega|p2a: Dragonite|Dragonite|Dragoninite
|move|p1b: Luxray|Protect|p1b: Luxray
|-singleturn|p1b: Luxray|Protect
|move|p2b: Arcanine|Extreme Speed|p1b: Luxray
|-activate|p1b: Luxray|move: Protect
|move|p2a: Dragonite|Flamethrower|p1a: Venusaur
|-supereffective|p1a: Venusaur|1
|-damage|p1a: Venusaur|3/100
|-status|p1a: Venusaur|brn
|move|p1a: Venusaur|Sludge Bomb|p2a: Dragonite
|-damage|p2a: Dragonite|73/100
|-damage|p1a: Venusaur|0 fnt|[from] item: Life Orb
|faint|p1a: Venusaur
|
|upkeep
|turn|5
|c|☆Frisk Azzy|Ggwp
|
|t:|1783362299
|move|p2b: Arcanine|Extreme Speed|p1b: Luxray
|-damage|p1b: Luxray|12/100
|move|p2a: Dragonite|Dragon Pulse|p1b: Luxray
|-damage|p1b: Luxray|0 fnt
|faint|p1b: Luxray
|
|win|LittleSunLight
|c|☆LittleSunLight|ggwp
