|j|☆lux raymundi
|j|☆natuzer0
|html|lux raymundinatuzer0    
|uhtml|bestof|Game 1 of a best-of-3
|t:|1783105502
|gametype|doubles
|player|p1|lux raymundi|2|1121
|player|p2|natuzer0|birdkeeper-gen4dp|1182
|gen|9
|tier|[Gen 9 Champions] VGC 2026 Reg M-B (Bo3)
|rated|
|rule|Species Clause: Limit one of each Pokémon
|rule|Item Clause: Limit 1 of each item
|clearpoke
|poke|p1|Venusaur, L50, F|
|poke|p1|Grimmsnarl, L50, M|
|poke|p1|Pelipper, L50, M|
|poke|p1|Archaludon, L50, F|
|poke|p1|Swampert, L50, M|
|poke|p1|Hydreigon, L50, F|
|poke|p2|Staraptor, L50, M|
|poke|p2|Raichu, L50, M|
|poke|p2|Gholdengo, L50|
|poke|p2|Basculegion, L50, M|
|poke|p2|Grimmsnarl, L50, M|
|poke|p2|Sinistcha, L50|
|teampreview|4
|showteam|p1|Venusaur||Venusaurite|Chlorophyll|Protect,SludgeBomb,GigaDrain,EarthPower|Modest||F|||50|]Grimmsnarl||LightClay|Prankster|SpiritBreak,Reflect,LightScreen,PartingShot|Careful||M|||50|]Pelipper||SitrusBerry|Drizzle|Hurricane,WeatherBall,Tailwind,WideGuard|Bold||M|||50|]Archaludon||Leftovers|Stamina|ElectroShot,DragonPulse,FlashCannon,Protect|Modest||F|||50|]Swampert||Swampertite|Torrent|Protect,WaveCrash,Earthquake,IcePunch|Adamant||M|||50|]Hydreigon||ChoiceScarf|Levitate|DarkPulse,Snarl,DracoMeteor,Uturn|Timid||F|||50|
|showteam|p2|Staraptor||Staraptite|Intimidate|CloseCombat,BraveBird,Roost,Protect|Jolly||M|||50|]Raichu||RaichuniteY|LightningRod|ZapCannon,FocusBlast,FakeOut,Protect|Timid||M|||50|]Gholdengo||LifeOrb|GoodasGold|MakeItRain,ShadowBall,NastyPlot,Protect|Timid|||||50|]Basculegion||ChoiceScarf|Adaptability|WaveCrash,LastRespects,AquaJet,FlipTurn|Jolly||M|||50|]Grimmsnarl||LightClay|Prankster|SpiritBreak,LightScreen,FakeOut,PartingShot|Careful||M|||50|]Sinistcha||SitrusBerry|Hospitality|MatchaGotcha,TrickRoom,RagePowder,LifeDew|Bold|||||50|
|inactive|Battle timer is ON: inactive players will automatically lose when time's up. (requested by natuzer0)
|inactive|lux raymundi has 60 seconds left.
|inactive|natuzer0 has 60 seconds left.
|
|t:|1783105556
|teamsize|p1|4
|teamsize|p2|4
|start
|switch|p1a: Grimmsnarl|Grimmsnarl, L50, M|100/100
|switch|p1b: Swampert|Swampert, L50, M|100/100
|switch|p2a: Raichu|Raichu, L50, M|100/100
|switch|p2b: Grimmsnarl|Grimmsnarl, L50, M|100/100
|turn|1
|inactive|lux raymundi has 30 seconds left.
|
|t:|1783105586
|detailschange|p2a: Raichu|Raichu-Mega-Y, L50, M
|-mega|p2a: Raichu|Raichu|Raichunite Y
|move|p1b: Swampert|Protect|p1b: Swampert
|-singleturn|p1b: Swampert|Protect
|move|p2b: Grimmsnarl|Fake Out|p1b: Swampert
|-activate|p1b: Swampert|move: Protect
|move|p1a: Grimmsnarl|Light Screen|p1a: Grimmsnarl
|-sidestart|p1: lux raymundi|move: Light Screen
|move|p2a: Raichu|Zap Cannon|p1a: Grimmsnarl
|-damage|p1a: Grimmsnarl|61/100
|-status|p1a: Grimmsnarl|par
|
|upkeep
|turn|2
|
|t:|1783105603
|detailschange|p1b: Swampert|Swampert-Mega, L50, M
|-mega|p1b: Swampert|Swampert|Swampertite
|move|p2a: Raichu|Protect|p2a: Raichu
|-singleturn|p2a: Raichu|Protect
|move|p2b: Grimmsnarl|Parting Shot|p1b: Swampert
|-unboost|p1b: Swampert|atk|1
|-unboost|p1b: Swampert|spa|1
|
|t:|1783105610
|switch|p2b: Sinistcha|Sinistcha, L50|100/100|[from] Parting Shot
|move|p1a: Grimmsnarl|Parting Shot|p2a: Raichu
|-activate|p2a: Raichu|move: Protect
|move|p1b: Swampert|Earthquake|p2a: Raichu|[spread] p1a,p2b
|-activate|p2a: Raichu|move: Protect
|-resisted|p2b: Sinistcha|1
|-damage|p1a: Grimmsnarl|31/100 par
|-damage|p2b: Sinistcha|88/100
|
|upkeep
|turn|3
|
|t:|1783105622
|switch|p2a: Basculegion|Basculegion, L50, M|100/100
|switch|p1a: Pelipper|Pelipper, L50, M|100/100
|-weather|RainDance|[from] ability: Drizzle|[of] p1a: Pelipper
|move|p1b: Swampert|Earthquake|p2a: Basculegion|[spread] p2a,p2b
|-immune|p1a: Pelipper
|-resisted|p2b: Sinistcha|1
|-damage|p2a: Basculegion|65/100
|-damage|p2b: Sinistcha|78/100
|move|p2b: Sinistcha|Matcha Gotcha|p1a: Pelipper|[spread] p1a,p1b
|-supereffective|p1b: Swampert|2
|-damage|p1a: Pelipper|80/100
|-heal|p2b: Sinistcha|87/100|[from] drain|[of] p1a: Pelipper
|-damage|p1b: Swampert|45/100
|-heal|p2b: Sinistcha|100/100|[from] drain|[of] p1b: Swampert
|
|-weather|RainDance|[upkeep]
|upkeep
|turn|4
|inactive|natuzer0 has 30 seconds left.
|inactive|natuzer0 has 20 seconds left.
|
|t:|1783105661
|switch|p1b: Archaludon|Archaludon, L50, F|100/100
|move|p2a: Basculegion|Last Respects|p1a: Pelipper
|-damage|p1a: Pelipper|51/100
|move|p1a: Pelipper|Tailwind|p1a: Pelipper
|-sidestart|p1: lux raymundi|move: Tailwind
|move|p2b: Sinistcha|Matcha Gotcha|p1a: Pelipper|[spread] p1a,p1b
|-resisted|p1b: Archaludon|2
|-damage|p1a: Pelipper|33/100
|-damage|p1b: Archaludon|95/100
|-ability|p1b: Archaludon|Stamina|boost
|-boost|p1b: Archaludon|def|1
|-enditem|p1a: Pelipper|Sitrus Berry|[eat]
|-heal|p1a: Pelipper|57/100|[from] item: Sitrus Berry
|
|-weather|RainDance|[upkeep]
|-heal|p1b: Archaludon|100/100|[from] item: Leftovers
|upkeep
|turn|5
|inactive|natuzer0 has 30 seconds left.
|
|t:|1783105689
|switch|p2a: Raichu|Raichu-Mega-Y, L50, M|100/100
|switch|p2b: Grimmsnarl|Grimmsnarl, L50, M|100/100
|move|p1b: Archaludon|Dragon Pulse|p2b: Grimmsnarl
|-immune|p2b: Grimmsnarl
|move|p1a: Pelipper|Hurricane|p2b: Grimmsnarl
|-damage|p2b: Grimmsnarl|66/100
|
|-weather|RainDance|[upkeep]
|upkeep
|turn|6
|
|t:|1783105706
|switch|p1a: Swampert|Swampert-Mega, L50, M|45/100
|move|p2b: Grimmsnarl|Fake Out|p1a: Swampert
|-damage|p1a: Swampert|36/100
|move|p1b: Archaludon|Flash Cannon|p2b: Grimmsnarl
|-supereffective|p2b: Grimmsnarl|1
|-damage|p2b: Grimmsnarl|1/100
|move|p2a: Raichu|Focus Blast|p1b: Archaludon
|-supereffective|p1b: Archaludon|1
|-damage|p1b: Archaludon|46/100
|-ability|p1b: Archaludon|Stamina|boost
|-boost|p1b: Archaludon|def|1
|
|-weather|RainDance|[upkeep]
|-heal|p1b: Archaludon|53/100|[from] item: Leftovers
|upkeep
|turn|7
|inactive|natuzer0 has 30 seconds left.
|inactive|natuzer0 has 20 seconds left.
|
|t:|1783105746
|move|p1b: Archaludon|Protect|p1b: Archaludon
|-singleturn|p1b: Archaludon|Protect
|move|p2a: Raichu|Protect|p2a: Raichu
|-singleturn|p2a: Raichu|Protect
|move|p2b: Grimmsnarl|Parting Shot|p1a: Swampert
|-unboost|p1a: Swampert|atk|1
|-unboost|p1a: Swampert|spa|1
|
|t:|1783105754
|switch|p2b: Sinistcha|Sinistcha, L50|100/100|[from] Parting Shot
|move|p1a: Swampert|Earthquake|p2b: Sinistcha|[spread] p2b
|-activate|p1b: Archaludon|move: Protect
|-activate|p2a: Raichu|move: Protect
|-resisted|p2b: Sinistcha|1
|-damage|p2b: Sinistcha|89/100
|
|-weather|none
|-heal|p1b: Archaludon|59/100|[from] item: Leftovers
|-sideend|p1: lux raymundi|move: Tailwind
|upkeep
|turn|8
|inactive|natuzer0 has 30 seconds left.
|
|t:|1783105786
|switch|p2a: Grimmsnarl|Grimmsnarl, L50, M|1/100
|switch|p1b: Pelipper|Pelipper, L50, M|57/100
|-weather|RainDance|[from] ability: Drizzle|[of] p1b: Pelipper
|move|p1a: Swampert|Wave Crash|p2a: Grimmsnarl
|-damage|p2a: Grimmsnarl|0 fnt
|faint|p2a: Grimmsnarl
|-damage|p1a: Swampert|35/100|[from] Recoil
|move|p2b: Sinistcha|Matcha Gotcha|p1b: Pelipper|[spread] p1a,p1b
|-supereffective|p1a: Swampert|2
|-damage|p1a: Swampert|0 fnt
|-heal|p2b: Sinistcha|100/100|[from] drain|[of] p1a: Swampert
|-damage|p1b: Pelipper|39/100
|faint|p1a: Swampert
|
|-weather|RainDance|[upkeep]
|-sideend|p1: lux raymundi|move: Light Screen
|upkeep
|inactive|natuzer0 has 30 seconds left.
|
|t:|1783105814
|switch|p1a: Grimmsnarl|Grimmsnarl, L50, M|31/100 par
|switch|p2a: Raichu|Raichu-Mega-Y, L50, M|100/100
|turn|9
|
|t:|1783105837
|move|p2b: Sinistcha|Rage Powder|p2b: Sinistcha
|-singleturn|p2b: Sinistcha|move: Rage Powder
|move|p1a: Grimmsnarl|Light Screen|p1a: Grimmsnarl
|-sidestart|p1: lux raymundi|move: Light Screen
|move|p2a: Raichu|Zap Cannon|p1b: Pelipper
|-supereffective|p1b: Pelipper|2
|-damage|p1b: Pelipper|0 fnt
|faint|p1b: Pelipper
|
|-weather|RainDance|[upkeep]
|upkeep
|
|t:|1783105845
|switch|p1b: Archaludon|Archaludon, L50, F|59/100
|turn|10
|
|t:|1783105862
|move|p1a: Grimmsnarl|Parting Shot|p2a: Raichu
|-unboost|p2a: Raichu|atk|1
|-unboost|p2a: Raichu|spa|1
|move|p2a: Raichu|Focus Blast|p1b: Archaludon
|-supereffective|p1b: Archaludon|1
|-damage|p1b: Archaludon|18/100
|-ability|p1b: Archaludon|Stamina|boost
|-boost|p1b: Archaludon|def|1
|move|p1b: Archaludon|Electro Shot||[still]
|-prepare|p1b: Archaludon|Electro Shot
|-boost|p1b: Archaludon|spa|1
|-anim|p1b: Archaludon|Electro Shot|p2a: Raichu
|-resisted|p2a: Raichu|1
|-damage|p2a: Raichu|56/100
|move|p2b: Sinistcha|Life Dew||[still]|[spread] p2a,p2b
|-heal|p2a: Raichu|81/100
|-fail|p2b: Sinistcha|heal
|
|-weather|RainDance|[upkeep]
|-heal|p1b: Archaludon|25/100|[from] item: Leftovers
|upkeep
|turn|11
|
|t:|1783105884
|move|p1b: Archaludon|Protect|p1b: Archaludon
|-singleturn|p1b: Archaludon|Protect
|move|p2a: Raichu|Focus Blast|p1b: Archaludon
|-activate|p1b: Archaludon|move: Protect
|move|p2b: Sinistcha|Matcha Gotcha|p1a: Grimmsnarl|[spread] p1a
|-activate|p1b: Archaludon|move: Protect
|-damage|p1a: Grimmsnarl|16/100 par
|cant|p1a: Grimmsnarl|par
|
|-weather|RainDance|[upkeep]
|-heal|p1b: Archaludon|31/100|[from] item: Leftovers
|upkeep
|turn|12
|inactive|natuzer0 has 30 seconds left.
|
|t:|1783105916
|move|p1a: Grimmsnarl|Parting Shot|p2a: Raichu
|-unboost|p2a: Raichu|atk|1
|-unboost|p2a: Raichu|spa|1
|move|p2a: Raichu|Focus Blast|p1b: Archaludon
|-supereffective|p1b: Archaludon|1
|-damage|p1b: Archaludon|4/100
|-ability|p1b: Archaludon|Stamina|boost
|-boost|p1b: Archaludon|def|1
|move|p1b: Archaludon|Dragon Pulse|p2a: Raichu
|-damage|p2a: Raichu|3/100
|move|p2b: Sinistcha|Matcha Gotcha|p1b: Archaludon|[spread] p1a,p1b
|-resisted|p1b: Archaludon|2
|-damage|p1a: Grimmsnarl|2/100 par
|-damage|p1b: Archaludon|0 fnt
|faint|p1b: Archaludon
|
|-weather|none
|upkeep
|turn|13
|c|☆lux raymundi|..
|
|t:|1783105934
|move|p2a: Raichu|Zap Cannon|p1a: Grimmsnarl
|-damage|p1a: Grimmsnarl|0 fnt
|faint|p1a: Grimmsnarl
|
|win|natuzer0
