|j|☆JulesRen
|j|☆raucho
|html|JulesRenraucho    
|uhtml|bestof|Game 2 of a best-of-3
|t:|1756265510
|gametype|doubles
|player|p1|JulesRen|2|1051
|player|p2|raucho|n|1138
|gen|9
|tier|[Gen 9] VGC 2025 Reg H (Bo3)
|rated|
|rule|Species Clause: Limit one of each Pokémon
|rule|Item Clause: Limit 1 of each item
|clearpoke
|poke|p1|Archaludon, L50, F|
|poke|p1|Pelipper, L50, M|
|poke|p1|Amoonguss, L50, F|
|poke|p1|Sneasler, L50, M|
|poke|p1|Hydreigon, L50, F|
|poke|p1|Indeedee, L50, M|
|poke|p2|Gholdengo, L50|
|poke|p2|Dragonite, L50, M|
|poke|p2|Indeedee, L50, M|
|poke|p2|Sneasler, L50, F|
|poke|p2|Electabuzz, L50, F|
|poke|p2|Ursaluna-Bloodmoon, L50, M|
|teampreview|4
|showteam|p1|Archaludon||AssaultVest|Stamina|BodyPress,ElectroShot,DracoMeteor,FlashCannon|||F|||50|,,,,,Grass]Pelipper||FocusSash|Drizzle|Tailwind,WeatherBall,Hurricane,Uturn|||M|||50|,,,,,Ghost]Amoonguss||RockyHelmet|Regenerator|RagePowder,Spore,PollenPuff,Protect|||F|||50|,,,,,Water]Sneasler||PsychicSeed|Unburden|CloseCombat,Taunt,DireClaw,Protect|||M|||50|,,,,,Dark]Hydreigon||LifeOrb|Levitate|DarkPulse,EarthPower,DragonPulse,Protect|||F|||50|,,,,,Poison]Indeedee||ChoiceScarf|PsychicSurge|Trick,ExpandingForce,Imprison,TrickRoom|||M|||50|,,,,,Psychic
|showteam|p2|Gholdengo||ChoiceScarf|GoodasGold|MakeItRain,ShadowBall,Trick,Thunderbolt||||||50|,,,,,Steel]Dragonite||LoadedDice|Multiscale|ScaleShot,StompingTantrum,Haze,Tailwind|||M|||50|,,,,,Fairy]Indeedee||FocusSash|PsychicSurge|ExpandingForce,HelpingHand,TrickRoom,Protect|||M|||50|,,,,,Psychic]Sneasler||PsychicSeed|Unburden|DireClaw,CloseCombat,ThroatChop,Protect|||F|||50|,,,,,Dark]Electabuzz||Eviolite|VitalSpirit|Electroweb,HelpingHand,FollowMe,Protect|||F|||50|,,,,,Dragon]Ursaluna-Bloodmoon||LifeOrb|MindsEye|HyperVoice,BloodMoon,EarthPower,Protect|||M|||50|,,,,,Normal
|inactive|Battle timer is ON: inactive players will automatically lose when time's up. (requested by raucho)
|
|t:|1756265536
|teamsize|p1|4
|teamsize|p2|4
|start
|switch|p1a: Archaludon|Archaludon, L50, F|100/100
|switch|p1b: Pelipper|Pelipper, L50, M|100/100
|switch|p2a: Electabuzz|Electabuzz, L50, F, shiny|100/100
|switch|p2b: Ursaluna|Ursaluna-Bloodmoon, L50, M|100/100
|-weather|RainDance|[from] ability: Drizzle|[of] p1b: Pelipper
|turn|1
|inactive|JulesRen has 30 seconds left.
|inactive|JulesRen has 20 seconds left.
|
|t:|1756265574
|-terastallize|p1a: Archaludon|Grass
|move|p2b: Ursaluna|Protect|p2b: Ursaluna
|-singleturn|p2b: Ursaluna|Protect
|move|p2a: Electabuzz|Electroweb|p1b: Pelipper|[spread] p1a,p1b
|-resisted|p1a: Archaludon
|-supereffective|p1b: Pelipper
|-damage|p1a: Archaludon|96/100
|-damage|p1b: Pelipper|12/100
|-unboost|p1a: Archaludon|spe|1
|-unboost|p1b: Pelipper|spe|1
|-ability|p1a: Archaludon|Stamina|boost
|-boost|p1a: Archaludon|def|1
|move|p1b: Pelipper|Tailwind|p1b: Pelipper
|-sidestart|p1: JulesRen|move: Tailwind
|move|p1a: Archaludon|Electro Shot||[still]
|-prepare|p1a: Archaludon|Electro Shot
|-boost|p1a: Archaludon|spa|1
|-anim|p1a: Archaludon|Electro Shot|p2a: Electabuzz
|-resisted|p2a: Electabuzz
|-damage|p2a: Electabuzz|77/100
|
|-weather|RainDance|[upkeep]
|upkeep
|turn|2
|inactive|JulesRen has 30 seconds left.
|inactive|raucho has 30 seconds left.
|
|t:|1756265604
|-terastallize|p2b: Ursaluna|Normal
|move|p2a: Electabuzz|Helping Hand|p2b: Ursaluna
|-singleturn|p2b: Ursaluna|Helping Hand|[of] p2a: Electabuzz
|move|p1b: Pelipper|U-turn|p2a: Electabuzz
|-damage|p2a: Electabuzz|69/100
|
|t:|1756265612
|switch|p1b: Indeedee|Indeedee, L50, M|100/100|[from] U-turn
|-fieldstart|move: Psychic Terrain|[from] ability: Psychic Surge|[of] p1b: Indeedee
|move|p1a: Archaludon|Body Press|p2b: Ursaluna
|-supereffective|p2b: Ursaluna
|-damage|p2b: Ursaluna|40/100
|move|p2b: Ursaluna|Hyper Voice|p1a: Archaludon|[spread] p1a,p1b
|-damage|p1a: Archaludon|17/100
|-damage|p1b: Indeedee|0 fnt
|-ability|p1a: Archaludon|Stamina|boost
|-boost|p1a: Archaludon|def|1
|faint|p1b: Indeedee
|-damage|p2b: Ursaluna|31/100|[from] item: Life Orb
|
|-weather|RainDance|[upkeep]
|upkeep
|
|t:|1756265623
|switch|p1b: Pelipper|Pelipper, L50, M|12/100
|turn|3
|
|t:|1756265634
|move|p2a: Electabuzz|Protect|p2a: Electabuzz
|-singleturn|p2a: Electabuzz|Protect
|move|p2b: Ursaluna|Protect|p2b: Ursaluna
|-singleturn|p2b: Ursaluna|Protect
|move|p1b: Pelipper|Hurricane|p2b: Ursaluna
|-activate|p2b: Ursaluna|move: Protect
|move|p1a: Archaludon|Body Press|p2a: Electabuzz
|-activate|p2a: Electabuzz|move: Protect
|
|-weather|RainDance|[upkeep]
|upkeep
|turn|4
|
|t:|1756265653
|move|p2a: Electabuzz|Follow Me|p2a: Electabuzz
|-singleturn|p2a: Electabuzz|move: Follow Me
|move|p1b: Pelipper|Hurricane|p2a: Electabuzz
|-resisted|p2a: Electabuzz
|-crit|p2a: Electabuzz
|-damage|p2a: Electabuzz|42/100
|-start|p2a: Electabuzz|confusion
|move|p1a: Archaludon|Draco Meteor|p2a: Electabuzz
|-damage|p2a: Electabuzz|0 fnt
|-unboost|p1a: Archaludon|spa|2
|faint|p2a: Electabuzz
|move|p2b: Ursaluna|Hyper Voice|p1a: Archaludon|[spread] p1a,p1b
|-damage|p1a: Archaludon|0 fnt
|-damage|p1b: Pelipper|0 fnt
|faint|p1a: Archaludon
|faint|p1b: Pelipper
|-damage|p2b: Ursaluna|21/100|[from] item: Life Orb
|
|-weather|RainDance|[upkeep]
|-sideend|p1: JulesRen|move: Tailwind
|upkeep
|
|t:|1756265675
|switch|p2a: Sneasler|Sneasler, L50, F, shiny|100/100
|switch|p1a: Hydreigon|Hydreigon, L50, F, shiny|100/100
|-enditem|p2a: Sneasler|Psychic Seed
|-boost|p2a: Sneasler|spd|1|[from] item: Psychic Seed
|turn|5
|
|t:|1756265685
|move|p2a: Sneasler|Close Combat|p1a: Hydreigon
|-supereffective|p1a: Hydreigon
|-damage|p1a: Hydreigon|0 fnt
|-unboost|p2a: Sneasler|def|1
|-unboost|p2a: Sneasler|spd|1
|faint|p1a: Hydreigon
|
|win|raucho
|raw|JulesRen's rating: 1051 → 1038(-13 for losing)
|raw|raucho's rating: 1138 → 1157(+19 for winning)
|l|☆JulesRen
|player|p1|
