|j|☆archebol
|j|☆pealcantara28
|html|archebolpealcantara28    
|uhtml|bestof|Game 2 of a best-of-3
|t:|1756994638
|gametype|doubles
|player|p1|archebol|169|1198
|player|p2|pealcantara28|cynthia-gen4|1086
|gen|9
|tier|[Gen 9] VGC 2025 Reg H (Bo3)
|rated|
|rule|Species Clause: Limit one of each Pokémon
|rule|Item Clause: Limit 1 of each item
|clearpoke
|poke|p1|Maushold, L50|
|poke|p1|Annihilape, L50, M|
|poke|p1|Sinistcha, L50|
|poke|p1|Grimmsnarl, L50, M|
|poke|p1|Pelipper, L50, F|
|poke|p1|Archaludon, L50, M|
|poke|p2|Archaludon, L50, M|
|poke|p2|Pelipper, L50, M|
|poke|p2|Incineroar, L50, F|
|poke|p2|Basculegion, L50, M|
|poke|p2|Sinistcha-Masterpiece, L50|
|poke|p2|Kingambit, L50, M|
|teampreview|4
|showteam|p1|Maushold||SafetyGoggles|FriendGuard|Protect,BeatUp,FollowMe,Encore||||||50|,,,,,Ghost]Annihilape||Leftovers|Defiant|DrainPunch,RageFist,Protect,BulkUp|||M|||50|,,,,,Fire]Sinistcha||RockyHelmet|Hospitality|MatchaGotcha,LifeDew,TrickRoom,RagePowder||||||50|,,,,,Water]Grimmsnarl||LightClay|Prankster|MistyTerrain,Reflect,LightScreen,SpiritBreak|||M|||50|,,,,,Dark]Pelipper||FocusSash|Drizzle|Protect,WideGuard,WeatherBall,Hurricane|||F|||50|,,,,,Stellar]Archaludon||AssaultVest|Stamina|ElectroShot,FlashCannon,BodyPress,DracoMeteor|||M|||50|,,,,,Grass
|showteam|p2|Archaludon||AssaultVest|Stamina|DracoMeteor,FlashCannon,ElectroShot,BodyPress|||M|||50|,,,,,Bug]Pelipper||FocusSash|Drizzle|Tailwind,Hurricane,WeatherBall,WideGuard|||M|||50|,,,,,Stellar]Incineroar||SafetyGoggles|Intimidate|FlareBlitz,PartingShot,FakeOut,KnockOff|||F|||50|,,,,,Grass]Basculegion||LifeOrb|SwiftSwim|LastRespects,WaveCrash,AquaJet,Protect|||M|||50|,,,,,Water]Sinistcha-Masterpiece||SitrusBerry|Hospitality|MatchaGotcha,ShadowBall,RagePowder,StrengthSap||||||50|,,,,,Grass]Kingambit||BlackGlasses|Defiant|KowtowCleave,SuckerPunch,Protect,SwordsDance|||M|||50|,,,,,Dark
|inactive|Battle timer is ON: inactive players will automatically lose when time's up. (requested by pealcantara28)
|
|t:|1756994665
|teamsize|p1|4
|teamsize|p2|4
|start
|switch|p1a: Annihilape|Annihilape, L50, M|100/100
|switch|p1b: Maushold|Maushold, L50|100/100
|switch|p2a: Kingambit|Kingambit, L50, M|100/100
|switch|p2b: Pelipper|Pelipper, L50, M|100/100
|-weather|RainDance|[from] ability: Drizzle|[of] p2b: Pelipper
|turn|1
|inactive|archebol has 30 seconds left.
|inactive|pealcantara28 has 30 seconds left.
|inactive|archebol has 20 seconds left.
|inactive|archebol has 15 seconds left.
|
|t:|1756994706
|-terastallize|p1a: Annihilape|Fire
|-terastallize|p2a: Kingambit|Dark
|move|p1b: Maushold|Beat Up|p1a: Annihilape
|-damage|p1a: Annihilape|99/100
|-damage|p1a: Annihilape|97/100
|-damage|p1a: Annihilape|95/100
|-damage|p1a: Annihilape|93/100
|-hitcount|p1a: Annihilape|4
|move|p1a: Annihilape|Drain Punch|p2a: Kingambit
|-supereffective|p2a: Kingambit
|-damage|p2a: Kingambit|53/100
|-heal|p1a: Annihilape|100/100|[from] drain|[of] p2a: Kingambit
|move|p2b: Pelipper|Hurricane|p1a: Annihilape
|-damage|p1a: Annihilape|68/100
|-start|p1a: Annihilape|confusion
|move|p2a: Kingambit|Kowtow Cleave|p1a: Annihilape
|-damage|p1a: Annihilape|9/100
|
|-weather|RainDance|[upkeep]
|-heal|p1a: Annihilape|15/100|[from] item: Leftovers
|upkeep
|turn|2
|inactive|pealcantara28 has 30 seconds left.
|inactive|pealcantara28 has 20 seconds left.
|inactive|pealcantara28 has 15 seconds left.
|
|t:|1756994748
|switch|p1b: Sinistcha|Sinistcha, L50|100/100
|-heal|p1a: Annihilape|40/100|[from] ability: Hospitality|[of] p1b: Sinistcha
|-activate|p1a: Annihilape|confusion
|move|p1a: Annihilape|Protect|p1a: Annihilape
|-singleturn|p1a: Annihilape|Protect
|move|p2a: Kingambit|Sucker Punch||[still]
|-fail|p2a: Kingambit
|move|p2b: Pelipper|Weather Ball|p1a: Annihilape
|-activate|p1a: Annihilape|move: Protect
|
|-weather|RainDance|[upkeep]
|-heal|p1a: Annihilape|46/100|[from] item: Leftovers
|upkeep
|turn|3
|inactive|archebol has 30 seconds left.
|
|t:|1756994777
|switch|p1a: Archaludon|Archaludon, L50, M|100/100
|move|p2b: Pelipper|Weather Ball|p1a: Archaludon
|-resisted|p1a: Archaludon
|-damage|p1a: Archaludon|76/100
|-ability|p1a: Archaludon|Stamina|boost
|-boost|p1a: Archaludon|def|1
|move|p1b: Sinistcha|Matcha Gotcha|p2a: Kingambit|[spread] p2a,p2b
|-damage|p2a: Kingambit|24/100
|-damage|p2b: Pelipper|50/100
|-status|p2b: Pelipper|brn
|move|p2a: Kingambit|Kowtow Cleave|p1b: Sinistcha
|-supereffective|p1b: Sinistcha
|-damage|p1b: Sinistcha|0 fnt
|-damage|p2a: Kingambit|7/100|[from] item: Rocky Helmet|[of] p1b: Sinistcha
|faint|p1b: Sinistcha
|
|-weather|RainDance|[upkeep]
|-damage|p2b: Pelipper|44/100 brn|[from] brn
|upkeep
|inactive|archebol has 30 seconds left.
|
|t:|1756994807
|switch|p1b: Annihilape|Annihilape, L50, M, tera:Fire|46/100
|turn|4
|
|t:|1756994815
|switch|p2b: Sinistcha|Sinistcha-Masterpiece, L50|100/100
|-heal|p2a: Kingambit|32/100|[from] ability: Hospitality|[of] p2b: Sinistcha
|move|p1b: Annihilape|Protect|p1b: Annihilape
|-singleturn|p1b: Annihilape|Protect
|move|p2a: Kingambit|Protect|p2a: Kingambit
|-singleturn|p2a: Kingambit|Protect
|move|p1a: Archaludon|Electro Shot||[still]
|-prepare|p1a: Archaludon|Electro Shot
|-boost|p1a: Archaludon|spa|1
|-anim|p1a: Archaludon|Electro Shot|p2b: Sinistcha
|-resisted|p2b: Sinistcha
|-damage|p2b: Sinistcha|65/100
|
|-weather|RainDance|[upkeep]
|-heal|p1b: Annihilape|52/100|[from] item: Leftovers
|upkeep
|turn|5
|inactive|archebol has 30 seconds left.
|inactive|pealcantara28 has 30 seconds left.
|inactive|pealcantara28 has 20 seconds left.
|inactive|pealcantara28 has 15 seconds left.
|inactive|pealcantara28 has 10 seconds left.
|
|t:|1756994864
|move|p2b: Sinistcha|Rage Powder|p2b: Sinistcha
|-singleturn|p2b: Sinistcha|move: Rage Powder
|move|p2a: Kingambit|Sucker Punch|p1b: Annihilape
|-damage|p1b: Annihilape|0 fnt
|faint|p1b: Annihilape
|move|p1a: Archaludon|Electro Shot||[still]
|-prepare|p1a: Archaludon|Electro Shot
|-boost|p1a: Archaludon|spa|1
|-anim|p1a: Archaludon|Electro Shot|p2b: Sinistcha
|-resisted|p2b: Sinistcha
|-damage|p2b: Sinistcha|23/100
|-enditem|p2b: Sinistcha|Sitrus Berry|[eat]
|-heal|p2b: Sinistcha|47/100|[from] item: Sitrus Berry
|
|-weather|none
|upkeep
|
|t:|1756994878
|switch|p1b: Maushold|Maushold, L50|100/100
|turn|6
|
|t:|1756994895
|switch|p2b: Pelipper|Pelipper, L50, M|44/100 brn
|-weather|RainDance|[from] ability: Drizzle|[of] p2b: Pelipper
|move|p2a: Kingambit|Protect|p2a: Kingambit
|-singleturn|p2a: Kingambit|Protect
|move|p1b: Maushold|Follow Me|p1b: Maushold
|-singleturn|p1b: Maushold|move: Follow Me
|move|p1a: Archaludon|Flash Cannon|p2b: Pelipper
|-resisted|p2b: Pelipper
|-damage|p2b: Pelipper|0 fnt
|faint|p2b: Pelipper
|
|-weather|RainDance|[upkeep]
|upkeep
|
|t:|1756994909
|switch|p2b: Sinistcha|Sinistcha-Masterpiece, L50|47/100
|-heal|p2a: Kingambit|57/100|[from] ability: Hospitality|[of] p2b: Sinistcha
|turn|7
|
|t:|1756994925
|move|p1b: Maushold|Follow Me|p1b: Maushold
|-singleturn|p1b: Maushold|move: Follow Me
|move|p2b: Sinistcha|Rage Powder|p2b: Sinistcha
|-singleturn|p2b: Sinistcha|move: Rage Powder
|move|p1a: Archaludon|Flash Cannon|p2b: Sinistcha
|-damage|p2b: Sinistcha|0 fnt
|faint|p2b: Sinistcha
|move|p2a: Kingambit|Kowtow Cleave|p1b: Maushold
|-damage|p1b: Maushold|12/100
|
|-weather|RainDance|[upkeep]
|upkeep
|j| 6monkeyman
|
|t:|1756994936
|switch|p2b: Archaludon|Archaludon, L50, M|100/100
|turn|8
|
|t:|1756994954
|move|p1b: Maushold|Protect|p1b: Maushold
|-singleturn|p1b: Maushold|Protect
|move|p1a: Archaludon|Draco Meteor|p2b: Archaludon
|-damage|p2b: Archaludon|11/100
|-unboost|p1a: Archaludon|spa|2
|-ability|p2b: Archaludon|Stamina|boost
|-boost|p2b: Archaludon|def|1
|move|p2b: Archaludon|Draco Meteor|p1a: Archaludon
|-damage|p1a: Archaludon|44/100
|-unboost|p2b: Archaludon|spa|2
|-ability|p1a: Archaludon|Stamina|boost
|-boost|p1a: Archaludon|def|1
|move|p2a: Kingambit|Kowtow Cleave|p1b: Maushold
|-activate|p1b: Maushold|move: Protect
|
|-weather|RainDance|[upkeep]
|upkeep
|turn|9
|inactive|archebol has 30 seconds left.
|inactive|pealcantara28 has 30 seconds left.
|
|t:|1756994982
|move|p1b: Maushold|Follow Me|p1b: Maushold
|-singleturn|p1b: Maushold|move: Follow Me
|move|p1a: Archaludon|Body Press|p2a: Kingambit
|-supereffective|p2a: Kingambit
|-damage|p2a: Kingambit|0 fnt
|faint|p2a: Kingambit
|move|p2b: Archaludon|Draco Meteor|p1b: Maushold
|-damage|p1b: Maushold|0 fnt
|-unboost|p2b: Archaludon|spa|2
|faint|p1b: Maushold
|
|-weather|RainDance|[upkeep]
|upkeep
|turn|10
|
|t:|1756994996
|move|p1a: Archaludon|Body Press|p2b: Archaludon
|-supereffective|p2b: Archaludon
|-damage|p2b: Archaludon|0 fnt
|faint|p2b: Archaludon
|
|win|archebol
|raw|archebol's rating: 1198 → 1215(+17 for winning)
|raw|pealcantara28's rating: 1086 → 1070(-16 for losing)
|l|☆archebol
|player|p1|
|l|☆pealcantara28
|player|p2|
|j|☆pealcantara28
|player|p2|pealcantara28|cynthia-gen4|
