|j|‽CaratroncoSun
|j|☆SaltyTat3rtotz
|html|CaratroncoSunSaltyTat3rtotz    
|uhtml|bestof|Game 2 of a best-of-3
|t:|1782209512
|gametype|doubles
|player|p1|CaratroncoSun|juan|1131
|player|p2|SaltyTat3rtotz|winona|1000
|gen|9
|tier|[Gen 9 Champions] VGC 2026 Reg M-B (Bo3)
|rated|
|rule|Species Clause: Limit one of each Pokémon
|rule|Item Clause: Limit 1 of each item
|clearpoke
|poke|p1|Overqwil, L50, M, shiny|
|poke|p1|Swampert, L50, F|
|poke|p1|Pelipper, L50, M|
|poke|p1|Metagross, L50, shiny|
|poke|p1|Sneasler, L50, F|
|poke|p1|Sinistcha-Masterpiece, L50|
|poke|p2|Raichu, L50, F|
|poke|p2|Talonflame, L50, M|
|poke|p2|Sceptile, L50, M|
|poke|p2|Gallade, L50, M|
|poke|p2|Ninetales-Alola, L50, M|
|poke|p2|Excadrill, L50, M|
|teampreview|4
|showteam|p1|Overqwil||LifeOrb|SwiftSwim|Protect,PoisonJab,ThroatChop,Liquidation|Adamant||M|||50|]Swampert||Swampertite|Damp|Protect,WaveCrash,HighHorsepower,IcePunch|Adamant||F|||50|]Pelipper||FocusSash|Drizzle|Protect,Tailwind,Hurricane,WeatherBall|Modest||M|||50|]Metagross||Metagrossite|ClearBody|Protect,PsychicFangs,MeteorMash,IcePunch|Jolly|||||50|]Sneasler||WhiteHerb|Unburden|Coaching,FakeOut,DireClaw,CloseCombat|Jolly||F|||50|]Sinistcha-Masterpiece||SitrusBerry|Hospitality|MatchaGotcha,TrickRoom,LifeDew,RagePowder|Bold|||||50|
|showteam|p2|Raichu||RaichuniteX|Static|VoltTackle,PlayRough,DrainPunch,Protect|Jolly||F|||50|]Talonflame||LifeOrb|GaleWings|BraveBird,FlareBlitz,Uturn,Tailwind|Jolly||M|||50|]Sceptile||ChoiceScarf|Unburden|LeafBlade,Outrage,Earthquake,ShedTail|Adamant||M|||50|]Gallade||Galladite|Steadfast|PsychoCut,SacredSword,NightSlash,Protect|Jolly||M|||50|]Ninetales-Alola||LightClay|SnowWarning|FreezeDry,Moonblast,AuroraVeil,Protect|Timid||M|||50|]Excadrill||Excadrite|SandRush|Earthquake,IronHead,RockSlide,RapidSpin|Jolly||M|||50|
|inactive|Battle timer is ON: inactive players will automatically lose when time's up. (requested by SaltyTat3rtotz)
|
|t:|1782209526
|teamsize|p1|4
|teamsize|p2|4
|start
|switch|p1a: Overqwil|Overqwil, L50, M, shiny|100/100
|switch|p1b: Sneasler|Sneasler, L50, F|100/100
|switch|p2a: Talonflame|Talonflame, L50, M|100/100
|switch|p2b: Ninetales|Ninetales-Alola, L50, M|100/100
|-weather|Snowscape|[from] ability: Snow Warning|[of] p2b: Ninetales
|turn|1
|inactive|SaltyTat3rtotz has 30 seconds left.
|
|t:|1782209558
|move|p1b: Sneasler|Fake Out|p2a: Talonflame
|-damage|p2a: Talonflame|78/100
|cant|p2a: Talonflame|flinch
|move|p2b: Ninetales|Aurora Veil|p2b: Ninetales
|-sidestart|p2: SaltyTat3rtotz|move: Aurora Veil
|move|p1a: Overqwil|Poison Jab|p2b: Ninetales
|-supereffective|p2b: Ninetales|1
|-damage|p2b: Ninetales|30/100
|-damage|p1a: Overqwil|90/100|[from] item: Life Orb
|
|-weather|Snowscape|[upkeep]
|upkeep
|turn|2
|
|t:|1782209575
|switch|p1b: Pelipper|Pelipper, L50, M|100/100
|-weather|RainDance|[from] ability: Drizzle|[of] p1b: Pelipper
|move|p1a: Overqwil|Liquidation|p2a: Talonflame
|-supereffective|p2a: Talonflame|1
|-damage|p2a: Talonflame|0 fnt
|faint|p2a: Talonflame
|-damage|p1a: Overqwil|80/100|[from] item: Life Orb
|move|p2b: Ninetales|Freeze-Dry|p1b: Pelipper
|-supereffective|p1b: Pelipper|2
|-enditem|p1b: Pelipper|Focus Sash
|-damage|p1b: Pelipper|1/100
|
|-weather|RainDance|[upkeep]
|upkeep
|
|t:|1782209597
|switch|p2a: Excadrill|Excadrill, L50, M|100/100
|turn|3
|
|t:|1782209606
|detailschange|p2a: Excadrill|Excadrill-Mega, L50, M
|-mega|p2a: Excadrill|Excadrill|Excadrite
|move|p2b: Ninetales|Protect|p2b: Ninetales
|-singleturn|p2b: Ninetales|Protect
|move|p1a: Overqwil|Liquidation|p2a: Excadrill
|-supereffective|p2a: Excadrill|1
|-damage|p2a: Excadrill|27/100
|-damage|p1a: Overqwil|70/100|[from] item: Life Orb
|move|p2a: Excadrill|Earthquake|p1b: Pelipper|[spread] p1a
|-activate|p2b: Ninetales|move: Protect
|-immune|p1b: Pelipper
|-supereffective|p1a: Overqwil|1
|-crit|p1a: Overqwil
|-damage|p1a: Overqwil|0 fnt
|faint|p1a: Overqwil
|move|p1b: Pelipper|Tailwind|p1b: Pelipper
|-sidestart|p1: CaratroncoSun|move: Tailwind
|
|-weather|RainDance|[upkeep]
|upkeep
|
|t:|1782209622
|switch|p1a: Metagross|Metagross, L50, shiny|100/100
|turn|4
|
|t:|1782209631
|detailschange|p1a: Metagross|Metagross-Mega, L50, shiny
|-mega|p1a: Metagross|Metagross|Metagrossite
|move|p1a: Metagross|Psychic Fangs|p2b: Ninetales
|-sideend|p2: SaltyTat3rtotz|move: Aurora Veil
|-crit|p2b: Ninetales
|-damage|p2b: Ninetales|0 fnt
|faint|p2b: Ninetales
|move|p1b: Pelipper|Weather Ball|p2a: Excadrill
|-supereffective|p2a: Excadrill|1
|-damage|p2a: Excadrill|0 fnt
|faint|p2a: Excadrill
|
|-weather|RainDance|[upkeep]
|upkeep
|
|t:|1782209641
|switch|p2a: Raichu|Raichu, L50, F|100/100
|turn|5
|
|t:|1782209648
|move|p1a: Metagross|Psychic Fangs|p2a: Raichu
|-damage|p2a: Raichu|0 fnt
|faint|p2a: Raichu
|
|win|CaratroncoSun
|raw|CaratroncoSun's rating: 1131 → 1147(+16 for winning)
|raw|SaltyTat3rtotz's rating: 1000 → 1000(+0 for losing)
