|j|☆Superhjkdetective
|j|☆isthisbelias?
|html|Superhjkdetectiveisthisbelias?    
|uhtml|bestof|Game 1 of a best-of-3
|t:|1782481252
|gametype|doubles
|player|p1|Superhjkdetective|266|1116
|player|p2|isthisbelias?|janitor|1235
|gen|9
|tier|[Gen 9 Champions] VGC 2026 Reg M-B (Bo3)
|rated|
|rule|Species Clause: Limit one of each Pokémon
|rule|Item Clause: Limit 1 of each item
|clearpoke
|poke|p1|Floette-Eternal, L50, F|
|poke|p1|Charizard, L50, M|
|poke|p1|Basculegion, L50, M|
|poke|p1|Garchomp, L50, F|
|poke|p1|Sneasler, L50, F|
|poke|p1|Whimsicott, L50, F|
|poke|p2|Charizard, L50, M|
|poke|p2|Sinistcha, L50|
|poke|p2|Milotic, L50, M|
|poke|p2|Kingambit, L50, M|
|poke|p2|Whimsicott, L50, M|
|poke|p2|Farigiraf, L50, F|
|teampreview|4
|showteam|p1|Floette-Eternal||Floettite|FlowerVeil|CalmMind,Moonblast,DazzlingGleam,Protect|Modest||F|||50|]Charizard||CharizarditeY|Blaze|SolarBeam,Protect,HeatWave,WeatherBall|Timid||M|||50|]Basculegion||ChoiceScarf|Adaptability|LastRespects,WaveCrash,AquaJet,Liquidation|Jolly||M|||50|]Garchomp||LifeOrb|RoughSkin|Earthquake,DragonClaw,Protect,RockSlide|Jolly||F|||50|]Sneasler||WhiteHerb|Unburden|FakeOut,Protect,DireClaw,CloseCombat|Adamant||F|||50|]Whimsicott||FocusSash|Prankster|Tailwind,Encore,Moonblast,Protect|Timid||F|||50|
|showteam|p2|Charizard||CharizarditeX|Blaze|FlareBlitz,DragonClaw,DragonDance,Protect|Adamant||M|||50|]Sinistcha||ColburBerry|Hospitality|MatchaGotcha,RagePowder,TrickRoom,LifeDew|Modest|||||50|]Milotic||Leftovers|Competitive|IcyWind,Scald,HelpingHand,Protect|Calm||M|||50|]Kingambit||BlackGlasses|Defiant|SuckerPunch,KowtowCleave,IronHead,Protect|Adamant||M|||50|]Whimsicott||FocusSash|Prankster|Taunt,Tailwind,Encore,Moonblast|Timid||M|||50|]Farigiraf||SitrusBerry|ArmorTail|TwinBeam,HelpingHand,TrickRoom,HyperVoice|Modest||F|||50|
|inactive|Battle timer is ON: inactive players will automatically lose when time's up. (requested by Superhjkdetective)
|inactive|Superhjkdetective has 60 seconds left.
|inactive|isthisbelias? has 60 seconds left.
|
|t:|1782481288
|teamsize|p1|4
|teamsize|p2|4
|start
|switch|p1a: Floette|Floette-Eternal, L50, F|100/100
|switch|p1b: Basculegion|Basculegion, L50, M|100/100
|switch|p2a: Charizard|Charizard, L50, M|100/100
|switch|p2b: Kingambit|Kingambit, L50, M|100/100
|turn|1
|
|t:|1782481313
|switch|p1b: Garchomp|Garchomp, L50, F|100/100
|detailschange|p1a: Floette|Floette-Mega, L50, F
|-mega|p1a: Floette|Floette|Floettite
|-ability|p1a: Floette|Fairy Aura
|detailschange|p2a: Charizard|Charizard-Mega-X, L50, M
|-mega|p2a: Charizard|Charizard|Charizardite X
|move|p2b: Kingambit|Sucker Punch||[still]
|-fail|p2b: Kingambit
|move|p1a: Floette|Moonblast|p2b: Kingambit
|-damage|p2b: Kingambit|23/100
|move|p2a: Charizard|Dragon Dance|p2a: Charizard
|-boost|p2a: Charizard|atk|1
|-boost|p2a: Charizard|spe|1
|
|upkeep
|turn|2
|inactive|Superhjkdetective has 30 seconds left.
|inactive|Superhjkdetective has 20 seconds left.
|inactive|Superhjkdetective has 15 seconds left.
|
|t:|1782481357
|switch|p2b: Whimsicott|Whimsicott, L50, M|100/100
|move|p2a: Charizard|Protect|p2a: Charizard
|-singleturn|p2a: Charizard|Protect
|move|p1b: Garchomp|Earthquake|p2b: Whimsicott|[spread] p1a,p2b
|-activate|p2a: Charizard|move: Protect
|-resisted|p2b: Whimsicott|1
|-damage|p1a: Floette|26/100
|-damage|p2b: Whimsicott|62/100
|-damage|p1b: Garchomp|90/100|[from] item: Life Orb
|move|p1a: Floette|Dazzling Gleam|p2b: Whimsicott|[spread] p2b
|-activate|p2a: Charizard|move: Protect
|-damage|p2b: Whimsicott|0 fnt
|faint|p2b: Whimsicott
|
|upkeep
|
|t:|1782481372
|switch|p2b: Kingambit|Kingambit, L50, M|23/100
|turn|3
|
|t:|1782481383
|switch|p1a: Basculegion|Basculegion, L50, M|100/100
|move|p1b: Garchomp|Protect|p1b: Garchomp
|-singleturn|p1b: Garchomp|Protect
|move|p2b: Kingambit|Sucker Punch||[still]
|-fail|p2b: Kingambit
|move|p2a: Charizard|Dragon Claw|p1b: Garchomp
|-activate|p1b: Garchomp|move: Protect
|
|upkeep
|turn|4
|
|t:|1782481402
|switch|p1b: Floette|Floette-Mega, L50, F|26/100
|-ability|p1b: Floette|Fairy Aura
|switch|p2b: Farigiraf|Farigiraf, L50, F|100/100
|move|p1a: Basculegion|Aqua Jet||[still]
|cant|p2b: Farigiraf|ability: Armor Tail|Aqua Jet|[of] p1a: Basculegion
|move|p2a: Charizard|Dragon Claw|p1b: Floette
|-immune|p1b: Floette
|
|upkeep
|turn|5
|
|t:|1782481417
|switch|p1a: Charizard|Charizard, L50, M|100/100
|move|p1b: Floette|Protect|p1b: Floette
|-singleturn|p1b: Floette|Protect
|move|p2a: Charizard|Flare Blitz|p1b: Floette
|-activate|p1b: Floette|move: Protect
|move|p2b: Farigiraf|Hyper Voice|p1b: Floette|[spread] p1a
|-activate|p1b: Floette|move: Protect
|-damage|p1a: Charizard|60/100
|
|upkeep
|turn|6
|
|t:|1782481436
|switch|p1b: Garchomp|Garchomp, L50, F|90/100
|move|p2a: Charizard|Dragon Claw|p1b: Garchomp
|-supereffective|p1b: Garchomp|1
|-damage|p1b: Garchomp|0 fnt
|-damage|p2a: Charizard|88/100|[from] ability: Rough Skin|[of] p1b: Garchomp
|faint|p1b: Garchomp
|move|p1a: Charizard|Heat Wave|p2b: Farigiraf|[spread] p2a,p2b
|-resisted|p2a: Charizard|2
|-damage|p2a: Charizard|78/100
|-damage|p2b: Farigiraf|66/100
|move|p2b: Farigiraf|Hyper Voice|p1a: Charizard
|-damage|p1a: Charizard|9/100
|
|upkeep
|
|t:|1782481444
|switch|p1b: Basculegion|Basculegion, L50, M|100/100
|turn|7
|
|t:|1782481458
|move|p2a: Charizard|Protect|p2a: Charizard
|-singleturn|p2a: Charizard|Protect
|move|p1b: Basculegion|Wave Crash|p2a: Charizard
|-activate|p2a: Charizard|move: Protect
|move|p1a: Charizard|Heat Wave|p2b: Farigiraf|[spread] p2b
|-activate|p2a: Charizard|move: Protect
|-damage|p2b: Farigiraf|17/100
|-enditem|p2b: Farigiraf|Sitrus Berry|[eat]
|-heal|p2b: Farigiraf|42/100|[from] item: Sitrus Berry
|move|p2b: Farigiraf|Hyper Voice|p1b: Basculegion|[spread] p1a
|-immune|p1b: Basculegion
|-damage|p1a: Charizard|0 fnt
|faint|p1a: Charizard
|
|upkeep
|
|t:|1782481460
|switch|p1a: Floette|Floette-Mega, L50, F|26/100
|-ability|p1a: Floette|Fairy Aura
|turn|8
|
|t:|1782481485
|move|p1b: Basculegion|Wave Crash|p2a: Charizard
|-damage|p2a: Charizard|9/100
|-damage|p1b: Basculegion|79/100|[from] Recoil
|move|p2a: Charizard|Dragon Claw|p1b: Basculegion
|-damage|p1b: Basculegion|0 fnt
|faint|p1b: Basculegion
|move|p1a: Floette|Moonblast|p2b: Farigiraf
|-damage|p2b: Farigiraf|0 fnt
|faint|p2b: Farigiraf
|
|upkeep
|
|t:|1782481494
|switch|p2b: Kingambit|Kingambit, L50, M|23/100
|turn|9
|
|t:|1782481500
|move|p2b: Kingambit|Sucker Punch|p1a: Floette
|-resisted|p1a: Floette|1
|-damage|p1a: Floette|0 fnt
|faint|p1a: Floette
|
|win|isthisbelias?
||isthisbelias? is ready for game 2.
||Superhjkdetective is ready for game 2.
|uhtml|next|Next: Game 2 of 3
