|j|☆chocokoala vgc
|j|☆AydenFinn12
|html|chocokoala vgcAydenFinn12    
|uhtml|bestof|Game 2 of a best-of-3
|t:|1784727308
|gametype|doubles
|player|p1|chocokoala vgc|benga|1228
|player|p2|AydenFinn12|265|1200
|gen|9
|tier|[Gen 9 Champions] VGC 2026 Reg M-B (Bo3)
|rated|
|rule|Species Clause: Limit one of each Pokémon
|rule|Item Clause: Limit 1 of each item
|clearpoke
|poke|p1|Scovillain, L50, M|
|poke|p1|Primarina, L50, M|
|poke|p1|Aerodactyl, L50, M|
|poke|p1|Garchomp, L50, M|
|poke|p1|Gholdengo, L50|
|poke|p1|Grimmsnarl, L50, M|
|poke|p2|Charizard, L50, M, shiny|
|poke|p2|Venusaur, L50, M, shiny|
|poke|p2|Toxapex, L50, F, shiny|
|poke|p2|Incineroar, L50, F, shiny|
|poke|p2|Annihilape, L50, M, shiny|
|poke|p2|Garchomp, L50, M, shiny|
|teampreview|4
|showteam|p1|Scovillain||Scovillainite|Moody|Flamethrower,GigaDrain,Protect,RagePowder|Bold||M|||50|]Primarina||Leftovers|LiquidVoice|HyperVoice,Moonblast,Protect,CalmMind|Modest||M|||50|]Aerodactyl||Aerodactylite|Unnerve|RockSlide,DualWingbeat,Protect,Tailwind|Jolly||M|||50|]Garchomp||SoftSand|RoughSkin|Earthquake,StompingTantrum,Protect,DragonClaw|Jolly||M|||50|]Gholdengo||LifeOrb|GoodasGold|MakeItRain,ShadowBall,Protect,NastyPlot|Modest|||||50|]Grimmsnarl||LightClay|Prankster|LightScreen,Reflect,PartingShot,SpiritBreak|Sassy||M|||50|
|showteam|p2|Charizard||CharizarditeY|Blaze|HeatWave,WeatherBall,HelpingHand,Protect|Modest||M|||50|]Venusaur||LifeOrb|Chlorophyll|SludgeBomb,SolarBeam,EarthPower,Protect|Modest||M|||50|]Toxapex||Leftovers|Regenerator|Infestation,Toxic,WideGuard,BanefulBunker|Bold||F|||50|]Incineroar||SitrusBerry|Intimidate|FlareBlitz,ThroatChop,PartingShot,FakeOut|Impish||F|||50|]Annihilape||FocusSash|Defiant|PhantomForce,CloseCombat,RockTomb,Protect|Jolly||M|||50|]Garchomp||ChoiceScarf|RoughSkin|StompingTantrum,DragonClaw,Earthquake,RockSlide|Adamant||M|||50|
|inactive|Battle timer is ON: inactive players will automatically lose when time's up. (requested by chocokoala vgc)
|inactive|AydenFinn12 has 60 seconds left.
|
|t:|1784727360
|teamsize|p1|4
|teamsize|p2|4
|start
|switch|p1a: Grimmsnarl|Grimmsnarl, L50, M|100/100
|switch|p1b: Aerodactyl|Aerodactyl, L50, M|100/100
|switch|p2a: Charizard|Charizard, L50, M, shiny|100/100
|switch|p2b: Garchomp|Garchomp, L50, M, shiny|100/100
|-ability|p1b: Aerodactyl|Unnerve
|turn|1
|inactive|AydenFinn12 has 30 seconds left.
|inactive|AydenFinn12 has 20 seconds left.
|inactive|AydenFinn12 has 15 seconds left.
|inactive|AydenFinn12 has 10 seconds left.
|inactive|AydenFinn12 has 5 seconds left.
|
|t:|1784727412
|detailschange|p2a: Charizard|Charizard-Mega-Y, L50, M, shiny
|-mega|p2a: Charizard|Charizard|Charizardite Y
|-weather|SunnyDay|[from] ability: Drought|[of] p2a: Charizard
|move|p2a: Charizard|Helping Hand|p2b: Garchomp
|-singleturn|p2b: Garchomp|Helping Hand|[of] p2a: Charizard
|move|p1b: Aerodactyl|Protect|p1b: Aerodactyl
|-singleturn|p1b: Aerodactyl|Protect
|move|p1a: Grimmsnarl|Light Screen|p1a: Grimmsnarl
|-sidestart|p1: chocokoala vgc|move: Light Screen
|move|p2b: Garchomp|Rock Slide|p1b: Aerodactyl|[spread] 
|-activate|p1b: Aerodactyl|move: Protect
|-miss|p2b: Garchomp|p1a: Grimmsnarl
|
|-weather|SunnyDay|[upkeep]
|upkeep
|turn|2
|
|t:|1784727429
|switch|p2a: Toxapex|Toxapex, L50, F, shiny|100/100
|detailschange|p1b: Aerodactyl|Aerodactyl-Mega, L50, M
|-mega|p1b: Aerodactyl|Aerodactyl|Aerodactylite
|move|p1a: Grimmsnarl|Reflect|p1a: Grimmsnarl
|-sidestart|p1: chocokoala vgc|Reflect
|move|p2b: Garchomp|Rock Slide|p1b: Aerodactyl|[spread] p1b
|-miss|p2b: Garchomp|p1a: Grimmsnarl
|-supereffective|p1b: Aerodactyl|1
|-damage|p1b: Aerodactyl|66/100
|move|p1b: Aerodactyl|Rock Slide|p2b: Garchomp|[spread] p2a,p2b
|-resisted|p2b: Garchomp|1
|-damage|p2a: Toxapex|77/100
|-damage|p2b: Garchomp|87/100
|
|-weather|SunnyDay|[upkeep]
|-heal|p2a: Toxapex|82/100|[from] item: Leftovers
|upkeep
|turn|3
|inactive|AydenFinn12 has 30 seconds left.
|
|t:|1784727454
|move|p1b: Aerodactyl|Protect|p1b: Aerodactyl
|-singleturn|p1b: Aerodactyl|Protect
|move|p1a: Grimmsnarl|Parting Shot|p2b: Garchomp
|-unboost|p2b: Garchomp|atk|1
|-unboost|p2b: Garchomp|spa|1
|
|t:|1784727460
|switch|p1a: Garchomp|Garchomp, L50, M|100/100|[from] Parting Shot
|move|p2b: Garchomp|Rock Slide|p1a: Garchomp|[spread] p1a
|-activate|p1b: Aerodactyl|move: Protect
|-resisted|p1a: Garchomp|1
|-damage|p1a: Garchomp|95/100
|move|p2a: Toxapex|Toxic|p1a: Garchomp
|-status|p1a: Garchomp|tox
|
|-weather|SunnyDay|[upkeep]
|-heal|p2a: Toxapex|88/100|[from] item: Leftovers
|-damage|p1a: Garchomp|89/100 tox|[from] psn
|upkeep
|turn|4
|inactive|AydenFinn12 has 30 seconds left.
|inactive|AydenFinn12 has 20 seconds left.
|inactive|AydenFinn12 has 15 seconds left.
|
|t:|1784727500
|switch|p2b: Venusaur|Venusaur, L50, M, shiny|100/100
|move|p2a: Toxapex|Wide Guard|p2a: Toxapex
|-singleturn|p2a: Toxapex|Wide Guard
|move|p1b: Aerodactyl|Tailwind|p1b: Aerodactyl
|-sidestart|p1: chocokoala vgc|move: Tailwind
|move|p1a: Garchomp|Stomping Tantrum|p2a: Toxapex
|-supereffective|p2a: Toxapex|1
|-damage|p2a: Toxapex|29/100
|
|-weather|SunnyDay|[upkeep]
|-heal|p2a: Toxapex|35/100|[from] item: Leftovers
|-damage|p1a: Garchomp|77/100 tox|[from] psn
|upkeep
|turn|5
|inactive|AydenFinn12 has 30 seconds left.
|inactive|AydenFinn12 has 20 seconds left.
|inactive|AydenFinn12 has 15 seconds left.
|inactive|AydenFinn12 has 10 seconds left.
|
|t:|1784727547
|-heal|p2a: Toxapex|68/100|[from] ability: Regenerator|[silent]
|switch|p2a: Garchomp|Garchomp, L50, M, shiny|87/100
|move|p2b: Venusaur|Protect|p2b: Venusaur
|-singleturn|p2b: Venusaur|Protect
|move|p1b: Aerodactyl|Dual Wingbeat|p2b: Venusaur
|-activate|p2b: Venusaur|move: Protect
|move|p1a: Garchomp|Stomping Tantrum|p2a: Garchomp
|-damage|p2a: Garchomp|44/100
|-damage|p1a: Garchomp|65/100 tox|[from] ability: Rough Skin|[of] p2a: Garchomp
|
|-weather|none
|-damage|p1a: Garchomp|47/100 tox|[from] psn
|upkeep
|turn|6
|inactive|AydenFinn12 has 30 seconds left.
|
|t:|1784727574
|switch|p2a: Charizard|Charizard-Mega-Y, L50, M, shiny|100/100
|-weather|SunnyDay|[from] ability: Drought|[of] p2a: Charizard
|move|p1b: Aerodactyl|Dual Wingbeat|p2b: Venusaur
|-supereffective|p2b: Venusaur|1
|-damage|p2b: Venusaur|27/100
|-supereffective|p2b: Venusaur|1
|-damage|p2b: Venusaur|0 fnt
|faint|p2b: Venusaur
|-hitcount|p2: Venusaur|2
|move|p1a: Garchomp|Dragon Claw|p2a: Charizard
|-damage|p2a: Charizard|56/100
|
|-weather|SunnyDay|[upkeep]
|-damage|p1a: Garchomp|23/100 tox|[from] psn
|upkeep
|-message|AydenFinn12 forfeited.
|
|win|chocokoala vgc
|raw|chocokoala vgc's rating: 1228 → 1251(+23 for winning)
|raw|AydenFinn12's rating: 1200 → 1177(-23 for losing)
