|j|☆bascisdozo
|j|☆spellbreakvgc
|html|bascisdozospellbreakvgc    
|uhtml|bestof|Game 3 of a best-of-3
|t:|1756716123
|gametype|doubles
|player|p1|bascisdozo|265|
|player|p2|spellbreakvgc|lance|
|gen|9
|tier|[Gen 9] VGC 2025 Reg H (Bo3)
|rule|Species Clause: Limit one of each Pokémon
|rule|Item Clause: Limit 1 of each item
|clearpoke
|poke|p1|Rillaboom, L50, M|
|poke|p1|Dragonite, L50, F|
|poke|p1|Sneasler, L50, F|
|poke|p1|Kingambit, L50, F|
|poke|p1|Electabuzz, L50, M|
|poke|p1|Volcarona, L50, M|
|poke|p2|Whimsicott, L50, F|
|poke|p2|Typhlosion-Hisui, L50, M|
|poke|p2|Dragapult, L50, F|
|poke|p2|Electabuzz, L50, M|
|poke|p2|Torkoal, L50, F|
|poke|p2|Lilligant-Hisui, L50, F|
|teampreview|4
|showteam|p1|Rillaboom||AssaultVest|GrassySurge|FakeOut,HighHorsepower,WoodHammer,GrassyGlide|||M|||50|,,,,,Fire]Dragonite||LoadedDice|Multiscale|ExtremeSpeed,ScaleShot,Protect,Haze|||F|||50|,,,,,Steel]Sneasler||FocusSash|PoisonTouch|DireClaw,CloseCombat,FakeOut,Coaching|||F|||50|,,,,,Stellar]Kingambit||BlackGlasses|Defiant|KowtowCleave,SuckerPunch,SwordsDance,Protect|||F|||50|,,,,,Dark]Electabuzz||Eviolite|VitalSpirit|Thunderbolt,Taunt,FollowMe,Protect|||M|||50|,,,,,Ghost]Volcarona||Leftovers|FlameBody|HeatWave,TeraBlast,QuiverDance,Protect|||M|||50|,,,,,Fairy
|showteam|p2|Whimsicott||CovertCloak|Prankster|Tailwind,SunnyDay,Encore,Moonblast|||F|||50|,,,,,Steel]Typhlosion-Hisui||ChoiceSpecs|Blaze|Eruption,HeatWave,ShadowBall,Overheat|||M|||50|,,,,,Fire]Dragapult||ChoiceBand|ClearBody|DragonDarts,Outrage,SuckerPunch,Uturn|||F|||50|,,,,,Dragon]Electabuzz||Eviolite|VitalSpirit|VoltSwitch,FollowMe,Feint,Protect|||M|||50|,,,,,Ghost]Torkoal||LifeOrb|Drought|Eruption,HeatWave,WeatherBall,Protect|||F|||50|,,,,,Fire]Lilligant-Hisui||FocusSash|Chlorophyll|CloseCombat,SleepPowder,AfterYou,LeafBlade|||F|||50|,,,,,Ghost
|
|t:|1756716160
|teamsize|p1|4
|teamsize|p2|4
|start
|switch|p1a: Dragonite|Dragonite, L50, F|100/100
|switch|p1b: Electabuzz|Electabuzz, L50, M|100/100
|switch|p2a: Torkoal|Torkoal, L50, F|100/100
|switch|p2b: Lilligant|Lilligant-Hisui, L50, F|100/100
|-weather|SunnyDay|[from] ability: Drought|[of] p2a: Torkoal
|turn|1
|
|t:|1756716186
|move|p1b: Electabuzz|Follow Me|p1b: Electabuzz
|-singleturn|p1b: Electabuzz|move: Follow Me
|move|p2b: Lilligant|Leaf Blade|p1b: Electabuzz
|-damage|p1b: Electabuzz|70/100
|move|p1a: Dragonite|Scale Shot|p2b: Lilligant
|-damage|p2b: Lilligant|76/100
|-damage|p2b: Lilligant|53/100
|-damage|p2b: Lilligant|29/100
|-crit|p2b: Lilligant
|-damage|p2b: Lilligant|0 fnt
|faint|p2b: Lilligant
|-hitcount|p2: Lilligant|4
|-unboost|p1a: Dragonite|def|1
|-boost|p1a: Dragonite|spe|1
|move|p2a: Torkoal|Eruption|p1a: Dragonite|[spread] p1a,p1b
|-resisted|p1a: Dragonite
|-crit|p1a: Dragonite
|-damage|p1a: Dragonite|62/100
|-damage|p1b: Electabuzz|0 fnt
|faint|p1b: Electabuzz
|-damage|p2a: Torkoal|91/100|[from] item: Life Orb
|
|-weather|SunnyDay|[upkeep]
|upkeep
|
|t:|1756716225
|switch|p2b: Whimsicott|Whimsicott, L50, F|100/100
|switch|p1b: Volcarona|Volcarona, L50, M|100/100
|turn|2
|
|t:|1756716249
|-terastallize|p1b: Volcarona|Fairy
|move|p1a: Dragonite|Scale Shot|p2a: Torkoal
|-damage|p2a: Torkoal|80/100
|-damage|p2a: Torkoal|68/100
|-damage|p2a: Torkoal|56/100
|-damage|p2a: Torkoal|44/100
|-hitcount|p2a: Torkoal|4
|-unboost|p1a: Dragonite|def|1
|-boost|p1a: Dragonite|spe|1
|move|p2b: Whimsicott|Moonblast|p1a: Dragonite
|-supereffective|p1a: Dragonite
|-damage|p1a: Dragonite|5/100
|-unboost|p1a: Dragonite|spa|1
|move|p1b: Volcarona|Quiver Dance|p1b: Volcarona
|-boost|p1b: Volcarona|spa|1
|-boost|p1b: Volcarona|spd|1
|-boost|p1b: Volcarona|spe|1
|move|p2a: Torkoal|Heat Wave|p1b: Volcarona|[spread] p1a,p1b
|-resisted|p1a: Dragonite
|-damage|p1a: Dragonite|0 fnt
|-damage|p1b: Volcarona|58/100
|faint|p1a: Dragonite
|-damage|p2a: Torkoal|34/100|[from] item: Life Orb
|
|-weather|SunnyDay|[upkeep]
|-heal|p1b: Volcarona|64/100|[from] item: Leftovers
|upkeep
|
|t:|1756716257
|switch|p1a: Kingambit|Kingambit, L50, F|100/100
|turn|3
|
|t:|1756716569
|move|p2b: Whimsicott|Encore|p1b: Volcarona
|-start|p1b: Volcarona|Encore
|move|p1a: Kingambit|Sucker Punch|p2a: Torkoal
|-damage|p2a: Torkoal|0 fnt
|faint|p2a: Torkoal
|move|p1b: Volcarona|Quiver Dance|p1b: Volcarona
|-boost|p1b: Volcarona|spa|1
|-boost|p1b: Volcarona|spd|1
|-boost|p1b: Volcarona|spe|1
|
|-weather|SunnyDay|[upkeep]
|-heal|p1b: Volcarona|70/100|[from] item: Leftovers
|upkeep
|
|t:|1756716579
|switch|p2a: Typhlosion|Typhlosion-Hisui, L50, M|100/100
|turn|4
|inactive|Battle timer is ON: inactive players will automatically lose when time's up. (requested by spellbreakvgc)
|
|t:|1756716597
|-terastallize|p2a: Typhlosion|Fire
|move|p1a: Kingambit|Sucker Punch|p2a: Typhlosion
|-damage|p2a: Typhlosion|34/100
|move|p1b: Volcarona|Quiver Dance|p1b: Volcarona
|-boost|p1b: Volcarona|spa|1
|-boost|p1b: Volcarona|spd|1
|-boost|p1b: Volcarona|spe|1
|move|p2b: Whimsicott|Moonblast|p1a: Kingambit
|-damage|p1a: Kingambit|71/100
|move|p2a: Typhlosion|Eruption|p1a: Kingambit|[spread] p1a,p1b
|-supereffective|p1a: Kingambit
|-damage|p1a: Kingambit|0 fnt
|-damage|p1b: Volcarona|49/100
|faint|p1a: Kingambit
|
|-weather|SunnyDay|[upkeep]
|-heal|p1b: Volcarona|55/100|[from] item: Leftovers
|upkeep
|turn|5
|inactive|bascisdozo has 30 seconds left.
|inactive|bascisdozo has 20 seconds left.
|inactive|bascisdozo has 15 seconds left.
|inactive|bascisdozo has 10 seconds left.
|
|t:|1756716644
|move|p1b: Volcarona|Quiver Dance|p1b: Volcarona
|-boost|p1b: Volcarona|spa|1
|-boost|p1b: Volcarona|spd|1
|-boost|p1b: Volcarona|spe|1
|move|p2b: Whimsicott|Moonblast|p1b: Volcarona
|-damage|p1b: Volcarona|46/100
|move|p2a: Typhlosion|Eruption|p1b: Volcarona
|-damage|p1b: Volcarona|23/100
|
|-weather|none
|-heal|p1b: Volcarona|29/100|[from] item: Leftovers
|-end|p1b: Volcarona|Encore
|upkeep
|turn|6
|-message|spellbreakvgc forfeited.
|
|win|bascisdozo
