|j|☆kolten
|j|☆Bananabread1398
|html|koltenBananabread1398    
|uhtml|bestof|Game 2 of a best-of-3
|t:|1783879710
|gametype|doubles
|player|p1|kolten|101|
|player|p2|Bananabread1398|102|
|gen|9
|tier|[Gen 9 Champions] VGC 2026 Reg M-B (Bo3)
|rule|Species Clause: Limit one of each Pokémon
|rule|Item Clause: Limit 1 of each item
|clearpoke
|poke|p1|Farigiraf, L50, M|
|poke|p1|Scovillain, L50, M|
|poke|p1|Torkoal, L50, M, shiny|
|poke|p1|Vileplume, L50, M|
|poke|p1|Mamoswine, L50, F|
|poke|p1|Samurott-Hisui, L50, M|
|poke|p2|Audino, L50, F, shiny|
|poke|p2|Whimsicott, L50, M, shiny|
|poke|p2|Basculegion, L50, M, shiny|
|poke|p2|Raichu, L50, M, shiny|
|poke|p2|Empoleon, L50, M, shiny|
|poke|p2|Lopunny, L50, F, shiny|
|teampreview|4
|showteam|p1|Farigiraf||Leftovers|ArmorTail|Psychic,TrickRoom,HelpingHand,Thunderbolt|Relaxed||M|||50|]Scovillain||Scovillainite|Moody|RagePowder,GigaDrain,Flamethrower,Protect|Relaxed||M|||50|]Torkoal||Charcoal|Drought|Eruption,Protect,HeatWave,EarthPower|Modest||M|||50|]Vileplume||WideLens|EffectSpore|SolarBeam,SludgeBomb,Protect,SleepPowder|Modest||M|||50|]Mamoswine||LifeOrb|ThickFat|IceShard,Protect,IcicleCrash,Earthquake|Adamant||F|||50|]Samurott-Hisui||BlackGlasses|Sharpness|SacredSword,SuckerPunch,CeaselessEdge,Protect|Relaxed||M|||50|
|showteam|p2|Audino||MentalHerb|Regenerator|TrickRoom,SimpleBeam,LightScreen,DazzlingGleam|Sassy||F|||50|]Whimsicott||FocusSash|Prankster|LightScreen,Moonblast,Encore,Tailwind|Bold||M|||50|]Basculegion||LifeOrb|Adaptability|AquaJet,LastRespects,Protect,WaveCrash|Jolly||M|||50|]Raichu||RaichuniteY|Static|ZapCannon,FocusBlast,Protect,FakeOut|Hasty||M|||50|]Empoleon||ShucaBerry|Torrent|IceBeam,FlipTurn,Protect,AquaJet|Sassy||M|||50|]Lopunny||Lopunnite|CuteCharm|Facade,Protect,CloseCombat,TripleAxel|Hasty||F|||50|
|
|t:|1783879754
|teamsize|p1|4
|teamsize|p2|4
|start
|switch|p1a: Farigiraf|Farigiraf, L50, M|100/100
|switch|p1b: Scovillain|Scovillain, L50, M|100/100
|switch|p2a: Who?|Audino, L50, F, shiny|100/100
|switch|p2b: Rat|Raichu, L50, M, shiny|100/100
|turn|1
|j| PJG4487
|
|t:|1783879793
|detailschange|p2b: Rat|Raichu-Mega-Y, L50, M, shiny
|-mega|p2b: Rat|Raichu|Raichunite Y
|move|p1b: Scovillain|Rage Powder|p1b: Scovillain
|-singleturn|p1b: Scovillain|move: Rage Powder
|move|p2b: Rat|Zap Cannon|p1b: Scovillain
|-resisted|p1b: Scovillain|1
|-damage|p1b: Scovillain|48/100
|-status|p1b: Scovillain|par
|move|p2a: Who?|Light Screen|p2a: Who?
|-sidestart|p2: Bananabread1398|move: Light Screen
|move|p1a: Farigiraf|Trick Room|p1a: Farigiraf
|-fieldstart|move: Trick Room|[of] p1a: Farigiraf
|
|-ability|p1b: Scovillain|Moody|boost
|-boost|p1b: Scovillain|spd|2
|-unboost|p1b: Scovillain|spa|1
|upkeep
|turn|2
|j| Fervvvvv
|
|t:|1783879821
|detailschange|p1b: Scovillain|Scovillain-Mega, L50, M
|-mega|p1b: Scovillain|Scovillain|Scovillainite
|move|p1a: Farigiraf|Helping Hand|p1b: Scovillain
|-singleturn|p1b: Scovillain|Helping Hand|[of] p1a: Farigiraf
|move|p2b: Rat|Protect|p2b: Rat
|-singleturn|p2b: Rat|Protect
|move|p1b: Scovillain|Flamethrower|p2b: Rat
|-activate|p2b: Rat|move: Protect
|move|p2a: Who?|Trick Room|p2a: Who?
|-fieldend|move: Trick Room
|
|upkeep
|turn|3
|
|t:|1783879864
|switch|p2b: Brosideon|Empoleon, L50, M, shiny|100/100
|move|p1b: Scovillain|Rage Powder|p1b: Scovillain
|-singleturn|p1b: Scovillain|move: Rage Powder
|move|p2a: Who?|Simple Beam|p1b: Scovillain
|-ability|p1b: Scovillain|Simple|Spicy Spray|[from] move: Simple Beam
|move|p1a: Farigiraf|Trick Room|p1a: Farigiraf
|-fieldstart|move: Trick Room|[of] p1a: Farigiraf
|
|upkeep
|turn|4
|
|t:|1783879889
|move|p1b: Scovillain|Giga Drain|p2b: Brosideon
|-damage|p2b: Brosideon|89/100
|-heal|p1b: Scovillain|54/100 par|[from] drain|[of] p2b: Brosideon
|move|p2b: Brosideon|Flip Turn|p1a: Farigiraf
|-damage|p1a: Farigiraf|86/100
|
|t:|1783879904
|switch|p2b: Rat|Raichu-Mega-Y, L50, M, shiny|100/100|[from] Flip Turn
|move|p1a: Farigiraf|Thunderbolt|p2b: Rat
|-resisted|p2b: Rat|1
|-damage|p2b: Rat|87/100
|move|p2a: Who?|Trick Room|p2a: Who?
|-fieldend|move: Trick Room
|
|-heal|p1a: Farigiraf|92/100|[from] item: Leftovers
|upkeep
|turn|5
|
|t:|1783879956
|switch|p2b: Brosideon|Empoleon, L50, M, shiny|89/100
|move|p2a: Who?|Simple Beam|p1a: Farigiraf
|-ability|p1a: Farigiraf|Simple|Armor Tail|[from] move: Simple Beam
|move|p1b: Scovillain|Flamethrower|p2b: Brosideon
|-damage|p2b: Brosideon|78/100
|move|p1a: Farigiraf|Trick Room|p1a: Farigiraf
|-fieldstart|move: Trick Room|[of] p1a: Farigiraf
|
|-heal|p1a: Farigiraf|99/100|[from] item: Leftovers
|-sideend|p2: Bananabread1398|move: Light Screen
|upkeep
|turn|6
|
|t:|1783879988
|move|p1b: Scovillain|Giga Drain|p2b: Brosideon
|-damage|p2b: Brosideon|62/100
|-heal|p1b: Scovillain|62/100 par|[from] drain|[of] p2b: Brosideon
|move|p2b: Brosideon|Ice Beam|p1b: Scovillain
|-damage|p1b: Scovillain|48/100 par
|move|p2a: Who?|Trick Room|p2a: Who?
|-fieldend|move: Trick Room
|move|p1a: Farigiraf|Trick Room|p1a: Farigiraf
|-fieldstart|move: Trick Room|[of] p1a: Farigiraf
|
|-heal|p1a: Farigiraf|100/100|[from] item: Leftovers
|upkeep
|turn|7
|
|t:|1783880005
|move|p1a: Farigiraf|Helping Hand|p1b: Scovillain
|-singleturn|p1b: Scovillain|Helping Hand|[of] p1a: Farigiraf
|move|p1b: Scovillain|Giga Drain|p2b: Brosideon
|-damage|p2b: Brosideon|39/100
|-heal|p1b: Scovillain|61/100 par|[from] drain|[of] p2b: Brosideon
|move|p2a: Who?|Light Screen|p2a: Who?
|-sidestart|p2: Bananabread1398|move: Light Screen
|move|p2b: Brosideon|Flip Turn|p1b: Scovillain
|-damage|p1b: Scovillain|47/100 par
|
|t:|1783880015
|switch|p2b: Rat|Raichu-Mega-Y, L50, M, shiny|87/100|[from] Flip Turn
|
|upkeep
|turn|8
|
|t:|1783880026
|move|p1a: Farigiraf|Helping Hand|p1b: Scovillain
|-singleturn|p1b: Scovillain|Helping Hand|[of] p1a: Farigiraf
|move|p2b: Rat|Fake Out|p1a: Farigiraf
|-damage|p1a: Farigiraf|92/100
|move|p1b: Scovillain|Giga Drain|p2b: Rat
|-damage|p2b: Rat|54/100
|-heal|p1b: Scovillain|60/100 par|[from] drain|[of] p2b: Rat
|move|p2a: Who?|Dazzling Gleam|p1a: Farigiraf|[spread] p1a,p1b
|-resisted|p1b: Scovillain|1
|-damage|p1a: Farigiraf|82/100
|-damage|p1b: Scovillain|57/100 par
|
|-heal|p1a: Farigiraf|88/100|[from] item: Leftovers
|upkeep
|turn|9
|
|t:|1783880045
|move|p1a: Farigiraf|Helping Hand|p1b: Scovillain
|-singleturn|p1b: Scovillain|Helping Hand|[of] p1a: Farigiraf
|move|p1b: Scovillain|Giga Drain|p2b: Rat
|-damage|p2b: Rat|18/100
|-heal|p1b: Scovillain|71/100 par|[from] drain|[of] p2b: Rat
|move|p2a: Who?|Dazzling Gleam|p1b: Scovillain|[spread] p1a,p1b
|-resisted|p1b: Scovillain|1
|-damage|p1a: Farigiraf|79/100
|-damage|p1b: Scovillain|68/100 par
|move|p2b: Rat|Zap Cannon|p1b: Scovillain
|-resisted|p1b: Scovillain|1
|-damage|p1b: Scovillain|47/100 par
|
|-heal|p1a: Farigiraf|85/100|[from] item: Leftovers
|upkeep
|turn|10
|
|t:|1783880062
|move|p1a: Farigiraf|Helping Hand|p1b: Scovillain
|-singleturn|p1b: Scovillain|Helping Hand|[of] p1a: Farigiraf
|move|p2b: Rat|Protect|p2b: Rat
|-singleturn|p2b: Rat|Protect
|cant|p1b: Scovillain|par
|move|p2a: Who?|Trick Room|p2a: Who?
|-fieldend|move: Trick Room
|
|-heal|p1a: Farigiraf|92/100|[from] item: Leftovers
|upkeep
|turn|11
|
|t:|1783880082
|move|p1a: Farigiraf|Helping Hand|p1b: Scovillain
|-singleturn|p1b: Scovillain|Helping Hand|[of] p1a: Farigiraf
|move|p2b: Rat|Zap Cannon|p1a: Farigiraf
|-damage|p1a: Farigiraf|14/100
|-status|p1a: Farigiraf|par
|move|p1b: Scovillain|Giga Drain|p2b: Rat
|-damage|p2b: Rat|0 fnt
|-heal|p1b: Scovillain|55/100 par|[from] drain|[of] p2b: Rat
|faint|p2b: Rat
|move|p2a: Who?|Trick Room|p2a: Who?
|-fieldstart|move: Trick Room|[of] p2a: Who?
|
|-heal|p1a: Farigiraf|21/100 par|[from] item: Leftovers
|-sideend|p2: Bananabread1398|move: Light Screen
|upkeep
|
|t:|1783880098
|switch|p2b: Cottonball|Whimsicott, L50, M, shiny|100/100
|turn|12
|
|t:|1783880107
|cant|p1a: Farigiraf|par
|move|p1b: Scovillain|Flamethrower|p2b: Cottonball
|-supereffective|p2b: Cottonball|1
|-damage|p2b: Cottonball|20/100y
|move|p2a: Who?|Dazzling Gleam|p1b: Scovillain|[spread] p1a,p1b
|-resisted|p1b: Scovillain|1
|-damage|p1a: Farigiraf|11/100 par
|-damage|p1b: Scovillain|52/100 par
|move|p2b: Cottonball|Moonblast|p1a: Farigiraf
|-crit|p1a: Farigiraf
|-damage|p1a: Farigiraf|0 fnt
|faint|p1a: Farigiraf
|
|upkeep
|
|t:|1783880124
|switch|p1a: Mamoswine|Mamoswine, L50, F|100/100
|turn|13
|
|t:|1783880140
|move|p1b: Scovillain|Rage Powder|p1b: Scovillain
|-singleturn|p1b: Scovillain|move: Rage Powder
|move|p1a: Mamoswine|Ice Shard|p2b: Cottonball
|-supereffective|p2b: Cottonball|1
|-damage|p2b: Cottonball|0 fnt
|faint|p2b: Cottonball
|-damage|p1a: Mamoswine|90/100|[from] item: Life Orb
|move|p2a: Who?|Trick Room|p2a: Who?
|-fieldend|move: Trick Room
|
|upkeep
|
|t:|1783880149
|switch|p2b: Brosideon|Empoleon, L50, M, shiny|39/100
|turn|14
|
|t:|1783880166
|move|p1a: Mamoswine|Protect|p1a: Mamoswine
|-singleturn|p1a: Mamoswine|Protect
|move|p2b: Brosideon|Ice Beam|p1a: Mamoswine
|-activate|p1a: Mamoswine|move: Protect
|move|p2a: Who?|Dazzling Gleam|p1a: Mamoswine|[spread] p1b
|-activate|p1a: Mamoswine|move: Protect
|-resisted|p1b: Scovillain|1
|-damage|p1b: Scovillain|50/100g par
|move|p1b: Scovillain|Giga Drain|p2b: Brosideon
|-damage|p2b: Brosideon|24/100
|-heal|p1b: Scovillain|59/100 par|[from] drain|[of] p2b: Brosideon
|
|upkeep
|turn|15
|
|t:|1783880183
|move|p1b: Scovillain|Protect|p1b: Scovillain
|-singleturn|p1b: Scovillain|Protect
|move|p1a: Mamoswine|Earthquake|p2b: Brosideon|[spread] p2a,p2b
|-activate|p1b: Scovillain|move: Protect
|-supereffective|p2b: Brosideon|1
|-enditem|p2b: Brosideon|Shuca Berry|[eat]
|-enditem|p2b: Brosideon|Shuca Berry|[weaken]
|-damage|p2a: Who?|48/100
|-damage|p2b: Brosideon|0 fnt
|faint|p2b: Brosideon
|-damage|p1a: Mamoswine|80/100|[from] item: Life Orb
|move|p2a: Who?|Dazzling Gleam|p1a: Mamoswine|[spread] p1a
|-activate|p1b: Scovillain|move: Protect
|-damage|p1a: Mamoswine|68/100
|
|upkeep
|turn|16
|
|t:|1783880205
|switch|p1b: Samurott|Samurott-Hisui, L50, M|100/100
|move|p1a: Mamoswine|Icicle Crash|p2a: Who?
|-damage|p2a: Who?|0 fnt
|faint|p2a: Who?
|-damage|p1a: Mamoswine|58/100|[from] item: Life Orb
|
|win|kolten
