|j|☆hugoggg
|j|☆Voital
|html|hugogggVoital    
|uhtml|bestof|Game 1 of a best-of-3
|t:|1785962692
|gametype|doubles
|player|p1|hugoggg|102|1155
|player|p2|Voital|102|1064
|gen|9
|tier|[Gen 9 Champions] VGC 2026 Reg M-B (Bo3)
|rated|
|rule|Species Clause: Limit one of each Pokémon
|rule|Item Clause: Limit 1 of each item
|clearpoke
|poke|p1|Froslass, L50, F|
|poke|p1|Dragonite, L50, F|
|poke|p1|Sneasler, L50, F|
|poke|p1|Arcanine-Hisui, L50, M|
|poke|p1|Gholdengo, L50|
|poke|p1|Kingambit, L50, F|
|poke|p2|Froslass, L50, F|
|poke|p2|Sneasler, L50, M|
|poke|p2|Rotom-Heat, L50|
|poke|p2|Kingambit, L50, F|
|poke|p2|Whimsicott, L50, F|
|poke|p2|Dragapult, L50, M|
|teampreview|4
|showteam|p1|Froslass||Froslassite|CursedBody|Blizzard,ShadowBall,AuroraVeil,Protect|Modest||F|||50|]Dragonite||DragonFang|Multiscale|ScaleShot,LowKick,Tailwind,Protect|Adamant||F|||50|]Sneasler||WhiteHerb|Unburden|CloseCombat,GunkShot,FakeOut,Protect|Adamant||F|||50|]Arcanine-Hisui||FocusSash|RockHead|HeadSmash,FlareBlitz,ExtremeSpeed,Protect|Adamant||M|||50|]Gholdengo||ChoiceScarf|GoodasGold|MakeItRain,ShadowBall,PowerGem,Trick|Modest|||||50|]Kingambit||LifeOrb|Defiant|KowtowCleave,SuckerPunch,SwordsDance,Protect|Adamant||F|||50|
|showteam|p2|Froslass||Froslassite|SnowCloak|AuroraVeil,Blizzard,Protect,ShadowBall|Timid||F|||50|]Sneasler||WhiteHerb|Unburden|CloseCombat,DireClaw,FakeOut,Protect|Adamant||M|||50|]Rotom-Heat||ChoiceScarf|Levitate|VoltSwitch,Thunderbolt,Overheat,Trick|Timid|||||50|]Kingambit||MetalCoat|Defiant|KowtowCleave,IronHead,SuckerPunch,Protect|Adamant||F|||50|]Whimsicott||FocusSash|Prankster|Tailwind,Encore,Moonblast,Taunt|Bold||F|||50|]Dragapult||LifeOrb|Infiltrator|DracoMeteor,ShadowBall,WillOWisp,Protect|Timid||M|||50|
|
|t:|1785962744
|teamsize|p1|4
|teamsize|p2|4
|start
|switch|p1a: Villain|Kingambit, L50, F|100/100
|switch|p1b: Rollin girl|Dragonite, L50, F|100/100
|switch|p2a: Rotom|Rotom-Heat, L50|100/100
|switch|p2b: Dragapult|Dragapult, L50, M|100/100
|turn|1
|inactive|Battle timer is ON: inactive players will automatically lose when time's up. (requested by hugoggg)
|
|t:|1785962783
|switch|p2b: Whimsicott|Whimsicott, L50, F|100/100
|move|p1a: Villain|Protect|p1a: Villain
|-singleturn|p1a: Villain|Protect
|move|p2a: Rotom|Trick|p1b: Rollin girl
|-activate|p2a: Rotom|move: Trick|[of] p1b: Rollin girl
|-item|p1b: Rollin girl|Choice Scarf|[from] move: Trick
|-item|p2a: Rotom|Dragon Fang|[from] move: Trick
|move|p1b: Rollin girl|Tailwind|p1b: Rollin girl
|-sidestart|p1: hugoggg|move: Tailwind
|
|upkeep
|turn|2
|
|t:|1785962807
|switch|p1b: Flop era|Gholdengo, L50|100/100
|move|p1a: Villain|Protect||[still]
|-fail|p1a: Villain
|move|p2a: Rotom|Overheat|p1a: Villain
|-supereffective|p1a: Villain|1
|-damage|p1a: Villain|0 fnt
|-unboost|p2a: Rotom|spa|2
|faint|p1a: Villain
|move|p2b: Whimsicott|Moonblast|p1b: Flop era
|-resisted|p1b: Flop era|1
|-damage|p1b: Flop era|83/100
|
|upkeep
|
|t:|1785962816
|switch|p1a: Ghost rule|Froslass, L50, F|100/100
|turn|3
|
|t:|1785962829
|detailschange|p1a: Ghost rule|Froslass-Mega, L50, F
|-mega|p1a: Ghost rule|Froslass|Froslassite
|-weather|Snowscape|[from] ability: Snow Warning|[of] p1a: Ghost rule
|move|p2b: Whimsicott|Taunt|p1a: Ghost rule
|-start|p1a: Ghost rule|move: Taunt
|move|p1b: Flop era|Power Gem|p2a: Rotom
|-supereffective|p2a: Rotom|1
|-damage|p2a: Rotom|11/100
|move|p1a: Ghost rule|Blizzard|p2a: Rotom|[spread] p2a,p2b
|-resisted|p2a: Rotom|1
|-supereffective|p2b: Whimsicott|1
|-damage|p2a: Rotom|0 fnt
|-enditem|p2b: Whimsicott|Focus Sash
|-damage|p2b: Whimsicott|1/100
|faint|p2a: Rotom
|
|-weather|Snowscape|[upkeep]
|upkeep
|
|t:|1785962849
|switch|p2a: Sneasler|Sneasler, L50, M|100/100
|turn|4
|
|t:|1785962871
|move|p2b: Whimsicott|Tailwind|p2b: Whimsicott
|-sidestart|p2: Voital|move: Tailwind
|move|p1b: Flop era|Power Gem|p2a: Sneasler
|-resisted|p2a: Sneasler|1
|-damage|p2a: Sneasler|80/100
|move|p2a: Sneasler|Dire Claw|p1a: Ghost rule
|-resisted|p1a: Ghost rule|1
|-damage|p1a: Ghost rule|76/100
|-status|p1a: Ghost rule|par
|cant|p1a: Ghost rule|par
|
|-weather|Snowscape|[upkeep]
|-sideend|p1: hugoggg|move: Tailwind
|upkeep
|turn|5
|inactive|Voital has 30 seconds left.
|
|t:|1785962897
|move|p2a: Sneasler|Dire Claw|p1a: Ghost rule
|-resisted|p1a: Ghost rule|1
|-damage|p1a: Ghost rule|56/100 par
|move|p2b: Whimsicott|Moonblast|p1a: Ghost rule
|-damage|p1a: Ghost rule|25/100 par
|move|p1b: Flop era|Power Gem|p2a: Sneasler
|-resisted|p2a: Sneasler|1
|-damage|p2a: Sneasler|59/100
|move|p1a: Ghost rule|Blizzard|p2b: Whimsicott|[spread] p2a,p2b
|-supereffective|p2b: Whimsicott|1
|-damage|p2a: Sneasler|2/100
|-damage|p2b: Whimsicott|0 fnt
|faint|p2b: Whimsicott
|
|-weather|Snowscape|[upkeep]
|-end|p1a: Ghost rule|move: Taunt
|upkeep
|
|t:|1785962908
|switch|p2b: Dragapult|Dragapult, L50, M|100/100
|turn|6
|inactive|hugoggg has 30 seconds left.
|
|t:|1785962934
|move|p2a: Sneasler|Protect|p2a: Sneasler
|-singleturn|p2a: Sneasler|Protect
|move|p2b: Dragapult|Shadow Ball|p1a: Ghost rule
|-supereffective|p1a: Ghost rule|1
|-damage|p1a: Ghost rule|0 fnt
|faint|p1a: Ghost rule
|-damage|p2b: Dragapult|90/100|[from] item: Life Orb
|move|p1b: Flop era|Power Gem|p2a: Sneasler
|-activate|p2a: Sneasler|move: Protect
|
|-weather|Snowscape|[upkeep]
|upkeep
|
|t:|1785962938
|switch|p1a: Rollin girl|Dragonite, L50, F|100/100
|turn|7
|inactive|hugoggg has 30 seconds left.
|
|t:|1785962970
|move|p2b: Dragapult|Draco Meteor|p1a: Rollin girl
|-supereffective|p1a: Rollin girl|1
|-damage|p1a: Rollin girl|33/100
|-unboost|p2b: Dragapult|spa|2
|-damage|p2b: Dragapult|80/100|[from] item: Life Orb
|move|p2a: Sneasler|Dire Claw|p1a: Rollin girl
|-damage|p1a: Rollin girl|0 fnt
|faint|p1a: Rollin girl
|move|p1b: Flop era|Power Gem|p2b: Dragapult
|-damage|p2b: Dragapult|47/100
|
|-weather|none
|-sideend|p2: Voital|move: Tailwind
|upkeep
|turn|8
|
|t:|1785962993
|move|p2b: Dragapult|Shadow Ball|p1b: Flop era
|-supereffective|p1b: Flop era|1
|-damage|p1b: Flop era|39/100
|-damage|p2b: Dragapult|37/100|[from] item: Life Orb
|move|p1b: Flop era|Power Gem|p2b: Dragapult
|-damage|p2b: Dragapult|3/100
|move|p2a: Sneasler|Close Combat|p1b: Flop era
|-immune|p1b: Flop era
|
|upkeep
|turn|9
|
|t:|1785963007
|move|p2b: Dragapult|Shadow Ball|p1b: Flop era
|-supereffective|p1b: Flop era|1
|-damage|p1b: Flop era|0 fnt
|faint|p1b: Flop era
|-damage|p2b: Dragapult|0 fnt|[from] item: Life Orb
|faint|p2b: Dragapult
|
|win|Voital
||hugoggg is ready for game 2.
||Voital is ready for game 2.
|uhtml|next|Next: Game 2 of 3
|l|☆Voital
|player|p2|
