|j|☆abtoty
|j|☆The Bongo Time
|html|abtotyThe Bongo Time    
|uhtml|bestof|Game 1 of a best-of-3
|t:|1757785262
|gametype|doubles
|player|p1|abtoty|102|1081
|player|p2|The Bongo Time|janitor|1059
|gen|9
|tier|[Gen 9] VGC 2025 Reg H (Bo3)
|rated|
|rule|Species Clause: Limit one of each Pokémon
|rule|Item Clause: Limit 1 of each item
|clearpoke
|poke|p1|Gholdengo, L50|
|poke|p1|Dragonite, L50, F|
|poke|p1|Sneasler, L50, F|
|poke|p1|Rillaboom, L50, F|
|poke|p1|Ursaluna, L50, F|
|poke|p1|Porygon2, L50|
|poke|p2|Dondozo, L50, F|
|poke|p2|Tatsugiri, L50, M|
|poke|p2|Glimmora, L50, M|
|poke|p2|Rillaboom, L50, M|
|poke|p2|Ninetales-Alola, L50, F|
|poke|p2|Gholdengo, L50|
|teampreview|4
|showteam|p1|Gholdengo||MetalCoat|GoodasGold|MakeItRain,ShadowBall,NastyPlot,Protect||||||50|,,,,,Water]Dragonite||LoadedDice|Multiscale|ScaleShot,StompingTantrum,Tailwind,Protect|||F|||50|,,,,,Fairy]Sneasler||FocusSash|Unburden|DireClaw,CloseCombat,Coaching,Protect|||F|||50|,,,,,Ghost]Rillaboom||AssaultVest|GrassySurge|GrassyGlide,WoodHammer,FakeOut,HighHorsepower|||F|||50|,,,,,Fire]Ursaluna||FlameOrb|Guts|Facade,Protect,HeadlongRush,Earthquake|||F|||50|,,,,,Ground]Porygon2||Eviolite|Download|TeraBlast,IceBeam,TrickRoom,Recover||||||50|,,,,,Fighting
|showteam|p2|Dondozo||Leftovers|Unaware|WaveCrash,OrderUp,Earthquake,Protect|||F|||50|,,,,,Grass]Tatsugiri||FocusSash|Commander|DracoMeteor,MuddyWater,HelpingHand,Protect|||M|||50|,,,,,Dragon]Glimmora||PowerHerb|ToxicDebris|MeteorBeam,SludgeBomb,EarthPower,Protect|||M|||50|,,,,,Grass]Rillaboom||MiracleSeed|GrassySurge|GrassyGlide,WoodHammer,FakeOut,Uturn|||M|||50|,,,,,Grass]Ninetales-Alola||LightClay|SnowWarning|Blizzard,Moonblast,AuroraVeil,Protect|||F|||50|,,,,,Steel]Gholdengo||MetalCoat|GoodasGold|MakeItRain,NastyPlot,ShadowBall,Protect||||||50|,,,,,Dragon
|c|☆The Bongo Time|glhf
|inactive|Battle timer is ON: inactive players will automatically lose when time's up. (requested by The Bongo Time)
|
|t:|1757785315
|teamsize|p1|4
|teamsize|p2|4
|start
|switch|p1a: Dragonite|Dragonite, L50, F|100/100
|switch|p1b: Sneasler|Sneasler, L50, F|100/100
|switch|p2a: Nonoagatron|Ninetales-Alola, L50, F|100/100
|switch|p2b: Lars|Rillaboom, L50, M|100/100
|-weather|Snowscape|[from] ability: Snow Warning|[of] p2a: Nonoagatron
|-fieldstart|move: Grassy Terrain|[from] ability: Grassy Surge|[of] p2b: Lars
|turn|1
|inactive|abtoty has 30 seconds left.
|inactive|The Bongo Time has 30 seconds left.
|
|t:|1757785343
|-terastallize|p1a: Dragonite|Fairy
|move|p2b: Lars|Fake Out|p1a: Dragonite
|-damage|p1a: Dragonite|93/100
|move|p1b: Sneasler|Dire Claw|p2a: Nonoagatron
|-supereffective|p2a: Nonoagatron
|-damage|p2a: Nonoagatron|8/100
|move|p2a: Nonoagatron|Aurora Veil|p2a: Nonoagatron
|-sidestart|p2: The Bongo Time|move: Aurora Veil
|cant|p1a: Dragonite|flinch
|
|-weather|Snowscape|[upkeep]
|-heal|p2a: Nonoagatron|14/100|[from] Grassy Terrain
|-heal|p1a: Dragonite|99/100|[from] Grassy Terrain
|upkeep
|turn|2
|
|t:|1757785367
|move|p2a: Nonoagatron|Protect|p2a: Nonoagatron
|-singleturn|p2a: Nonoagatron|Protect
|move|p1b: Sneasler|Dire Claw|p2a: Nonoagatron
|-activate|p2a: Nonoagatron|move: Protect
|move|p2b: Lars|Wood Hammer|p1a: Dragonite
|-damage|p1a: Dragonite|0 fnt
|faint|p1a: Dragonite
|-damage|p2b: Lars|70/100|[from] Recoil
|
|-weather|Snowscape|[upkeep]
|-heal|p2a: Nonoagatron|20/100|[from] Grassy Terrain
|-heal|p2b: Lars|75/100|[from] Grassy Terrain
|upkeep
|
|t:|1757785382
|switch|p1a: Ursaluna|Ursaluna, L50, F|100/100
|turn|3
|
|t:|1757785393
|-terastallize|p2a: Nonoagatron|Steel
|move|p1a: Ursaluna|Protect|p1a: Ursaluna
|-singleturn|p1a: Ursaluna|Protect
|move|p1b: Sneasler|Dire Claw|p2a: Nonoagatron
|-immune|p2a: Nonoagatron
|move|p2a: Nonoagatron|Blizzard|p1b: Sneasler|[spread] p1b
|-activate|p1a: Ursaluna|move: Protect
|-damage|p1b: Sneasler|58/100
|move|p2b: Lars|U-turn|p1b: Sneasler
|-resisted|p1b: Sneasler
|-damage|p1b: Sneasler|47/100
|
|t:|1757785405
|switch|p2b: Notorious F.I.S.H|Dondozo, L50, F|100/100|[from] U-turn
|
|-weather|Snowscape|[upkeep]
|-heal|p1b: Sneasler|53/100|[from] Grassy Terrain
|-heal|p2a: Nonoagatron|26/100|[from] Grassy Terrain
|-status|p1a: Ursaluna|brn|[from] item: Flame Orb
|upkeep
|turn|4
|
|t:|1757785416
|switch|p2a: Tatsugiri|Tatsugiri, L50, M|100/100
|-activate|p2a: Tatsugiri|ability: Commander|[of] p2b: Notorious F.I.S.H
|-boost|p2b: Notorious F.I.S.H|atk|2
|-boost|p2b: Notorious F.I.S.H|spa|2
|-boost|p2b: Notorious F.I.S.H|spe|2
|-boost|p2b: Notorious F.I.S.H|def|2
|-boost|p2b: Notorious F.I.S.H|spd|2
|move|p1b: Sneasler|Close Combat|p2a: Tatsugiri|[miss]
|-miss|p1b: Sneasler|p2a: Tatsugiri
|move|p2b: Notorious F.I.S.H|Wave Crash|p1a: Ursaluna
|-supereffective|p1a: Ursaluna
|-damage|p1a: Ursaluna|0 fnt
|faint|p1a: Ursaluna
|-damage|p2b: Notorious F.I.S.H|72/100|[from] Recoil
|
|-weather|Snowscape|[upkeep]
|-heal|p1b: Sneasler|59/100|[from] Grassy Terrain
|-heal|p2b: Notorious F.I.S.H|78/100|[from] Grassy Terrain
|-heal|p2b: Notorious F.I.S.H|85/100|[from] item: Leftovers
|upkeep
|inactive|abtoty has 30 seconds left.
|inactive|abtoty has 20 seconds left.
|
|t:|1757785454
|switch|p1a: Rillaboom|Rillaboom, L50, F|100/100
|turn|5
|
|t:|1757785463
|move|p2b: Notorious F.I.S.H|Protect|p2b: Notorious F.I.S.H
|-singleturn|p2b: Notorious F.I.S.H|Protect
|move|p1a: Rillaboom|Fake Out|p2b: Notorious F.I.S.H
|-activate|p2b: Notorious F.I.S.H|move: Protect
|move|p1b: Sneasler|Dire Claw|p2b: Notorious F.I.S.H
|-activate|p2b: Notorious F.I.S.H|move: Protect
|
|-weather|none
|-heal|p1b: Sneasler|64/100|[from] Grassy Terrain
|-heal|p2b: Notorious F.I.S.H|91/100|[from] Grassy Terrain
|-heal|p2b: Notorious F.I.S.H|97/100|[from] item: Leftovers
|-fieldend|move: Grassy Terrain
|upkeep
|turn|6
|
|t:|1757785472
|move|p1b: Sneasler|Dire Claw|p2b: Notorious F.I.S.H
|-damage|p2b: Notorious F.I.S.H|88/100
|move|p1a: Rillaboom|Wood Hammer|p2b: Notorious F.I.S.H
|-supereffective|p2b: Notorious F.I.S.H
|-damage|p2b: Notorious F.I.S.H|63/100
|-damage|p1a: Rillaboom|90/100|[from] Recoil
|move|p2b: Notorious F.I.S.H|Earthquake|p1a: Rillaboom|[spread] p1a,p1b
|-miss|p2b: Notorious F.I.S.H|p2a: Tatsugiri
|-resisted|p1a: Rillaboom
|-crit|p1a: Rillaboom
|-supereffective|p1b: Sneasler
|-damage|p1a: Rillaboom|56/100
|-damage|p1b: Sneasler|0 fnt
|faint|p1b: Sneasler
|
|-heal|p2b: Notorious F.I.S.H|69/100|[from] item: Leftovers
|upkeep
|turn|7
|c|☆The Bongo Time|ggwp
|inactive|abtoty has 30 seconds left.
|inactive|abtoty has 20 seconds left.
|inactive|abtoty has 15 seconds left.
|
|t:|1757785514
|move|p1a: Rillaboom|Wood Hammer|p2b: Notorious F.I.S.H
|-supereffective|p2b: Notorious F.I.S.H
|-damage|p2b: Notorious F.I.S.H|44/100
|-damage|p1a: Rillaboom|45/100|[from] Recoil
|move|p2b: Notorious F.I.S.H|Order Up|p1a: Rillaboom
|-damage|p1a: Rillaboom|0 fnt
|faint|p1a: Rillaboom
|
|win|The Bongo Time
||The Bongo Time is ready for game 2.
|inactive|abtoty has 30 seconds to confirm battle start!
||abtoty is ready for game 2.
|uhtml|next|Next: Game 2 of 3
|l|☆The Bongo Time
|player|p2|
