|j|☆Extroier
|j|☆25th_mang
|html|Extroier25th_mang    
|uhtml|bestof|Game 2 of a best-of-3
|t:|1757127209
|gametype|doubles
|player|p1|Extroier|1|1133
|player|p2|25th_mang|ballguy|1069
|gen|9
|tier|[Gen 9] VGC 2025 Reg H (Bo3)
|rated|
|rule|Species Clause: Limit one of each Pokémon
|rule|Item Clause: Limit 1 of each item
|clearpoke
|poke|p1|Vikavolt, L50, F|
|poke|p1|Meowscarada, L50, M|
|poke|p1|Gliscor, L50, F|
|poke|p1|Tyranitar, L50, F|
|poke|p1|Excadrill, L50, M|
|poke|p1|Conkeldurr, L50, M|
|poke|p2|Pelipper, L50, F|
|poke|p2|Archaludon, L50, F|
|poke|p2|Quaquaval, L50, F|
|poke|p2|Kingambit, L50, F|
|poke|p2|Rillaboom, L50, F|
|poke|p2|Dragapult, L50, F|
|teampreview|4
|showteam|p1|Vikavolt||ChoiceSpecs|Levitate|Discharge,VoltSwitch,Thunderbolt,BugBuzz|||F|||50|,,,,,Fire]Meowscarada||CovertCloak|Protean|FlowerTrick,TrickRoom,Protect,HelpingHand|||M|||50|,,,,,Grass]Gliscor||Leftovers|SandVeil|Protect,Earthquake,KnockOff,SwordsDance|||F|||50|,,,,,Ice]Tyranitar||AssaultVest|SandStream|FirePunch,RockSlide,Outrage,Crunch|||F|||50|,,,,,Ghost]Excadrill||ChoiceBand|SandRush|Earthquake,IronHead,XScissor,TeraBlast|||M|||50|,,,,,Water]Conkeldurr||LifeOrb|SheerForce|CloseCombat,FirePunch,BulkUp,Protect|||M|||50|,,,,,Fighting
|showteam|p2|Pelipper||ChoiceScarf|Drizzle|Hurricane,WeatherBall,Tailwind,Uturn|||F|||50|,,,,,Ghost]Archaludon||ChoiceSpecs|Sturdy|ElectroShot,FlashCannon,DracoMeteor,DragonPulse|||F|||50|,,,,,Electric]Quaquaval||FocusSash|Moxie|AquaStep,UpperHand,CloseCombat,Protect|||F|||50|,,,,,Water]Kingambit||BlackGlasses|Defiant|KowtowCleave,SuckerPunch,IronHead,Protect|||F|||50|,,,,,Dark]Rillaboom||AssaultVest|GrassySurge|FakeOut,WoodHammer,GrassyGlide,Uturn|||F|||50|,,,,,Fire]Dragapult||ChoiceBand|ClearBody|DragonDarts,Outrage,PhantomForce,Uturn|||F|||50|,,,,,Dragon
|inactive|Battle timer is ON: inactive players will automatically lose when time's up. (requested by 25th_mang)
|
|t:|1757127233
|teamsize|p1|4
|teamsize|p2|4
|start
|switch|p1a: Vikavolt|Vikavolt, L50, F|100/100
|switch|p1b: Excadrill|Excadrill, L50, M|100/100
|switch|p2a: dahyun|Pelipper, L50, F|100/100
|switch|p2b: momo|Quaquaval, L50, F, shiny|100/100
|-weather|RainDance|[from] ability: Drizzle|[of] p2a: dahyun
|turn|1
|inactive|Extroier has 30 seconds left.
|inactive|25th_mang has 30 seconds left.
|inactive|25th_mang has 20 seconds left.
|inactive|25th_mang has 15 seconds left.
|inactive|25th_mang has 10 seconds left.
|
|t:|1757127279
|switch|p1b: Gliscor|Gliscor, L50, F|100/100
|-terastallize|p2b: momo|Water
|move|p2a: dahyun|Tailwind|p2a: dahyun
|-sidestart|p2: 25th_mang|move: Tailwind
|move|p2b: momo|Aqua Step|p1a: Vikavolt
|-damage|p1a: Vikavolt|0 fnt
|-boost|p2b: momo|spe|1
|faint|p1a: Vikavolt
|-ability|p2b: momo|Moxie|boost
|-boost|p2b: momo|atk|1
|
|-weather|RainDance|[upkeep]
|upkeep
|
|t:|1757127295
|switch|p1a: Tyranitar|Tyranitar, L50, F|100/100
|-weather|Sandstorm|[from] ability: Sand Stream|[of] p1a: Tyranitar
|turn|2
|
|t:|1757127306
|switch|p2a: jihyo|Rillaboom, L50, F, shiny|100/100
|-fieldstart|move: Grassy Terrain|[from] ability: Grassy Surge|[of] p2a: jihyo
|move|p2b: momo|Protect|p2b: momo
|-singleturn|p2b: momo|Protect
|move|p1b: Gliscor|Earthquake|p2b: momo|[spread] p1a,p2a
|-activate|p2b: momo|move: Protect
|-supereffective|p1a: Tyranitar
|-resisted|p2a: jihyo
|-crit|p2a: jihyo
|-damage|p1a: Tyranitar|77/100
|-damage|p2a: jihyo|90/100
|move|p1a: Tyranitar|Rock Slide|p2b: momo|[spread] p2a
|-activate|p2b: momo|move: Protect
|-damage|p2a: jihyo|60/100
|
|-weather|Sandstorm|[upkeep]
|-damage|p2b: momo|94/100|[from] Sandstorm
|-damage|p2a: jihyo|54/100|[from] Sandstorm
|-heal|p2b: momo|100/100|[from] Grassy Terrain
|-heal|p2a: jihyo|60/100|[from] Grassy Terrain
|-heal|p1a: Tyranitar|83/100|[from] Grassy Terrain
|upkeep
|turn|3
|inactive|25th_mang has 30 seconds left.
|
|t:|1757127333
|move|p2a: jihyo|Fake Out|p1b: Gliscor
|-damage|p1b: Gliscor|85/100
|move|p2b: momo|Aqua Step|p1a: Tyranitar
|-supereffective|p1a: Tyranitar
|-damage|p1a: Tyranitar|0 fnt
|-boost|p2b: momo|spe|1
|faint|p1a: Tyranitar
|-ability|p2b: momo|Moxie|boost
|-boost|p2b: momo|atk|1
|cant|p1b: Gliscor|flinch
|
|-weather|Sandstorm|[upkeep]
|-damage|p2b: momo|94/100|[from] Sandstorm
|-damage|p2a: jihyo|54/100|[from] Sandstorm
|-heal|p2b: momo|100/100|[from] Grassy Terrain
|-heal|p2a: jihyo|60/100|[from] Grassy Terrain
|-heal|p1b: Gliscor|91/100|[from] item: Leftovers
|upkeep
|
|t:|1757127340
|switch|p1a: Excadrill|Excadrill, L50, M|100/100
|turn|4
|
|t:|1757127360
|switch|p2a: dahyun|Pelipper, L50, F|100/100
|-weather|RainDance|[from] ability: Drizzle|[of] p2a: dahyun
|move|p2b: momo|Aqua Step|p1b: Gliscor
|-supereffective|p1b: Gliscor
|-damage|p1b: Gliscor|0 fnt
|-boost|p2b: momo|spe|1
|faint|p1b: Gliscor
|-ability|p2b: momo|Moxie|boost
|-boost|p2b: momo|atk|1
|move|p1a: Excadrill|Earthquake|p2b: momo|[spread] p2b
|-immune|p2a: dahyun
|-damage|p2b: momo|55/100
|
|-weather|RainDance|[upkeep]
|-heal|p2b: momo|61/100|[from] Grassy Terrain
|-sideend|p2: 25th_mang|move: Tailwind
|upkeep
|turn|5
|-message|Extroier forfeited.
|
|win|25th_mang
||Extroier is ready for game 3.
