|j|☆TobiYume
|j|☆Pauliii23
|html|TobiYumePauliii23    
|uhtml|bestof|Game 3 of a best-of-3
|t:|1756903906
|gametype|doubles
|player|p1|TobiYume|miku-fire|1145
|player|p2|Pauliii23|smasher|1184
|gen|9
|tier|[Gen 9] VGC 2025 Reg H (Bo3)
|rated|
|rule|Species Clause: Limit one of each Pokémon
|rule|Item Clause: Limit 1 of each item
|clearpoke
|poke|p1|Decidueye-Hisui, L50, F|
|poke|p1|Sylveon, L50, F|
|poke|p1|Talonflame, L50, F|
|poke|p1|Tyranitar, L50, M|
|poke|p1|Garchomp, L50, M|
|poke|p1|Gholdengo, L50|
|poke|p2|Archaludon, L50, M|
|poke|p2|Pelipper, L50, M|
|poke|p2|Basculegion, L50, M|
|poke|p2|Dragapult, L50, M|
|poke|p2|Sinistcha, L50|
|poke|p2|Ursaluna-Bloodmoon, L50, M|
|teampreview|4
|showteam|p1|Decidueye-Hisui||RazorClaw|Scrappy|TripleArrows,LeafBlade,SuckerPunch,Protect|||F|||50|,,,,,Fire]Sylveon||ThroatSpray|Pixilate|HyperVoice,HyperBeam,TeraBlast,Protect|||F|||50|,,,,,Water]Talonflame||CovertCloak|GaleWings|Tailwind,WillOWisp,BraveBird,Taunt|||F|||50|,,,,,Grass]Tyranitar||AssaultVest|SandStream|RockSlide,KnockOff,TeraBlast,LowKick|||M|||50|,,,,,Flying]Garchomp||LifeOrb|RoughSkin|DragonClaw,StompingTantrum,Earthquake,Protect|||M|||50|,,,,,Steel]Gholdengo||Leftovers|GoodasGold|MakeItRain,ShadowBall,NastyPlot,Protect||||||50|,,,,,Dragon
|showteam|p2|Archaludon||AssaultVest|Stamina|ElectroShot,FlashCannon,BodyPress,DracoMeteor|||M|||50|,,,,,Grass]Pelipper||FocusSash|Drizzle|Hurricane,WeatherBall,WideGuard,Tailwind|||M|||50|,,,,,Ghost]Basculegion||MysticWater|SwiftSwim|LastRespects,Protect,WaveCrash,AquaJet|||M|||50|,,,,,Water]Dragapult||ChoiceBand|ClearBody|DragonDarts,Outrage,PhantomForce,Uturn|||M|||50|,,,,,Dragon]Sinistcha||SitrusBerry|Hospitality|TrickRoom,MatchaGotcha,LifeDew,RagePowder||||||50|,,,,,Steel]Ursaluna-Bloodmoon||LifeOrb|MindsEye|HyperVoice,BloodMoon,EarthPower,Protect|||M|||50|,,,,,Grass
|
|t:|1756903932
|teamsize|p1|4
|teamsize|p2|4
|start
|switch|p1a: Talonflame|Talonflame, L50, F|100/100
|switch|p1b: Sylveon|Sylveon, L50, F, shiny|100/100
|switch|p2a: PelipperLP|Pelipper, L50, M|100/100
|switch|p2b: Privatsache|Archaludon, L50, M|100/100
|-weather|RainDance|[from] ability: Drizzle|[of] p2a: PelipperLP
|turn|1
|
|t:|1756903960
|move|p2a: PelipperLP|Wide Guard|p2a: PelipperLP
|-singleturn|p2a: PelipperLP|Wide Guard
|move|p1a: Talonflame|Tailwind|p1a: Talonflame
|-sidestart|p1: TobiYume|move: Tailwind
|move|p1b: Sylveon|Hyper Voice|p2b: Privatsache|[spread] 
|-activate|p2a: PelipperLP|move: Wide Guard
|-activate|p2b: Privatsache|move: Wide Guard
|move|p2b: Privatsache|Flash Cannon|p1b: Sylveon
|-supereffective|p1b: Sylveon
|-damage|p1b: Sylveon|44/100
|
|-weather|RainDance|[upkeep]
|upkeep
|turn|2
|
|t:|1756903984
|switch|p1a: Tyranitar|Tyranitar, L50, M|100/100
|-weather|Sandstorm|[from] ability: Sand Stream|[of] p1a: Tyranitar
|move|p1b: Sylveon|Hyper Voice|p2a: PelipperLP|[spread] p2a,p2b
|-damage|p2a: PelipperLP|29/100
|-damage|p2b: Privatsache|72/100
|-ability|p2b: Privatsache|Stamina|boost
|-boost|p2b: Privatsache|def|1
|-enditem|p1b: Sylveon|Throat Spray
|-boost|p1b: Sylveon|spa|1|[from] item: Throat Spray
|move|p2a: PelipperLP|Weather Ball|p1a: Tyranitar
|-damage|p1a: Tyranitar|89/100
|move|p2b: Privatsache|Flash Cannon|p1b: Sylveon
|-supereffective|p1b: Sylveon
|-damage|p1b: Sylveon|0 fnt
|faint|p1b: Sylveon
|
|-weather|Sandstorm|[upkeep]
|-damage|p2a: PelipperLP|23/100|[from] Sandstorm
|upkeep
|
|t:|1756904008
|switch|p1b: Gholdengo|Gholdengo, L50|100/100
|turn|3
|
|t:|1756904062
|switch|p1a: Talonflame|Talonflame, L50, F|100/100
|move|p1b: Gholdengo|Nasty Plot|p1b: Gholdengo
|-boost|p1b: Gholdengo|spa|2
|move|p2a: PelipperLP|Tailwind|p2a: PelipperLP
|-sidestart|p2: Pauliii23|move: Tailwind
|move|p2b: Privatsache|Flash Cannon|p1a: Talonflame
|-resisted|p1a: Talonflame
|-damage|p1a: Talonflame|76/100
|
|-weather|Sandstorm|[upkeep]
|-damage|p1a: Talonflame|70/100|[from] Sandstorm
|-damage|p2a: PelipperLP|17/100|[from] Sandstorm
|upkeep
|turn|4
|
|t:|1756904085
|switch|p2a: Suppenschluk|Sinistcha, L50|100/100
|-heal|p2b: Privatsache|97/100|[from] ability: Hospitality|[of] p2a: Suppenschluk
|move|p1a: Talonflame|Brave Bird|p2a: Suppenschluk
|-supereffective|p2a: Suppenschluk
|-damage|p2a: Suppenschluk|42/100
|-enditem|p2a: Suppenschluk|Sitrus Berry|[eat]
|-heal|p2a: Suppenschluk|67/100|[from] item: Sitrus Berry
|-damage|p1a: Talonflame|51/100|[from] Recoil
|move|p1b: Gholdengo|Shadow Ball|p2b: Privatsache
|-damage|p2b: Privatsache|47/100
|-unboost|p2b: Privatsache|spd|1
|-ability|p2b: Privatsache|Stamina|boost
|-boost|p2b: Privatsache|def|1
|move|p2b: Privatsache|Flash Cannon|p1b: Gholdengo
|-resisted|p1b: Gholdengo
|-damage|p1b: Gholdengo|82/100
|
|-weather|Sandstorm|[upkeep]
|-damage|p1a: Talonflame|45/100|[from] Sandstorm
|-damage|p2a: Suppenschluk|61/100|[from] Sandstorm
|-heal|p1b: Gholdengo|89/100|[from] item: Leftovers
|-sideend|p1: TobiYume|move: Tailwind
|upkeep
|turn|5
|
|t:|1756904127
|switch|p2a: PelipperLP|Pelipper, L50, M|17/100
|-weather|RainDance|[from] ability: Drizzle|[of] p2a: PelipperLP
|move|p2b: Privatsache|Electro Shot||[still]
|-prepare|p2b: Privatsache|Electro Shot
|-boost|p2b: Privatsache|spa|1
|-anim|p2b: Privatsache|Electro Shot|p1b: Gholdengo
|-crit|p1b: Gholdengo
|-damage|p1b: Gholdengo|1/100
|move|p1a: Talonflame|Taunt|p2a: PelipperLP
|-start|p2a: PelipperLP|move: Taunt
|move|p1b: Gholdengo|Make It Rain|p2a: PelipperLP|[spread] p2a,p2b
|-resisted|p2a: PelipperLP
|-resisted|p2b: Privatsache
|-damage|p2a: PelipperLP|0 fnt
|-damage|p2b: Privatsache|2/100
|-unboost|p1b: Gholdengo|spa|1
|-ability|p2b: Privatsache|Stamina|boost
|-boost|p2b: Privatsache|def|1
|faint|p2a: PelipperLP
|
|-weather|RainDance|[upkeep]
|-heal|p1b: Gholdengo|7/100|[from] item: Leftovers
|upkeep
|
|t:|1756904143
|switch|p2a: Mittelalter|Dragapult, L50, M|100/100
|turn|6
|
|t:|1756904192
|-terastallize|p2a: Mittelalter|Dragon
|move|p1b: Gholdengo|Protect|p1b: Gholdengo
|-singleturn|p1b: Gholdengo|Protect
|move|p2a: Mittelalter|Dragon Darts|p1a: Talonflame
|-damage|p1a: Talonflame|0 fnt
|faint|p1a: Talonflame
|move|p2b: Privatsache|Electro Shot||[still]
|-prepare|p2b: Privatsache|Electro Shot
|-boost|p2b: Privatsache|spa|1
|-anim|p2b: Privatsache|Electro Shot|p1b: Gholdengo
|-activate|p1b: Gholdengo|move: Protect
|
|-weather|RainDance|[upkeep]
|-heal|p1b: Gholdengo|14/100|[from] item: Leftovers
|-sideend|p2: Pauliii23|move: Tailwind
|upkeep
|
|t:|1756904198
|switch|p1a: Tyranitar|Tyranitar, L50, M|89/100
|-weather|Sandstorm|[from] ability: Sand Stream|[of] p1a: Tyranitar
|turn|7
|
|t:|1756904227
|-terastallize|p1a: Tyranitar|Flying
|move|p2a: Mittelalter|Dragon Darts|p1a: Tyranitar
|-damage|p1a: Tyranitar|44/100
|-anim|p2a: Mittelalter|Dragon Darts|p1b: Gholdengo
|-resisted|p1b: Gholdengo
|-damage|p1b: Gholdengo|0 fnt
|faint|p1b: Gholdengo
|move|p2b: Privatsache|Flash Cannon|p1a: Tyranitar
|-damage|p1a: Tyranitar|0 fnt
|faint|p1a: Tyranitar
|
|win|Pauliii23
|raw|TobiYume's rating: 1145 → 1123(-22 for losing)
|raw|Pauliii23's rating: 1184 → 1206(+22 for winning)
