|j|☆MidnightCrimsonn
|j|☆wowiekazowee
|html|MidnightCrimsonnwowiekazowee    
|uhtml|bestof|Game 1 of a best-of-3
|t:|1757188863
|gametype|doubles
|player|p1|MidnightCrimsonn|acetrainerf-gen4dp|1189
|player|p2|wowiekazowee|idol|1147
|gen|9
|tier|[Gen 9] VGC 2025 Reg H (Bo3)
|rated|
|rule|Species Clause: Limit one of each Pokémon
|rule|Item Clause: Limit 1 of each item
|clearpoke
|poke|p1|Amoonguss, L50, F|
|poke|p1|Incineroar, L50, F|
|poke|p1|Hydreigon, L50, F|
|poke|p1|Gholdengo, L50|
|poke|p1|Ursaluna, L50, M|
|poke|p1|Porygon2, L50|
|poke|p2|Incineroar, L50, F|
|poke|p2|Rillaboom, L50, M|
|poke|p2|Sneasler, L50, F|
|poke|p2|Gholdengo, L50|
|poke|p2|Ninetales-Alola, L50, F|
|poke|p2|Electabuzz, L50, F|
|teampreview|4
|showteam|p1|Amoonguss||MentalHerb|Regenerator|PollenPuff,Spore,RagePowder,Protect|||F|||50|,,,,,Fairy]Incineroar||AssaultVest|Intimidate|FakeOut,KnockOff,FlareBlitz,Uturn|||F|||50|,,,,,Ghost]Hydreigon||SafetyGoggles|Levitate|DracoMeteor,Snarl,Tailwind,Protect|||F|||50|,,,,,Ghost]Gholdengo||MetalCoat|GoodasGold|MakeItRain,ShadowBall,NastyPlot,Protect||||||50|,,,,,Water]Ursaluna||FlameOrb|Guts|Facade,HeadlongRush,Earthquake,Protect|||M|||50|,,,,,Ghost]Porygon2||Eviolite|Download|TeraBlast,IceBeam,Recover,TrickRoom||||||50|,,,,,Fighting
|showteam|p2|Incineroar||SafetyGoggles|Intimidate|FakeOut,FlareBlitz,KnockOff,PartingShot|||F|||50|,,,,,Water]Rillaboom||AssaultVest|GrassySurge|WoodHammer,GrassyGlide,FakeOut,Uturn|||M|||50|,,,,,Fire]Sneasler||GrassySeed|Unburden|CloseCombat,DireClaw,FakeOut,Protect|||F|||50|,,,,,Dark]Gholdengo||LifeOrb|GoodasGold|MakeItRain,ShadowBall,NastyPlot,Protect||||||50|,,,,,Dragon]Ninetales-Alola||LightClay|SnowWarning|Moonblast,AuroraVeil,Blizzard,Protect|||F|||50|,,,,,Fire]Electabuzz||Eviolite|Static|Electroweb,VoltSwitch,FollowMe,Protect|||F|||50|,,,,,Grass
|inactive|Battle timer is ON: inactive players will automatically lose when time's up. (requested by MidnightCrimsonn)
|inactive|MidnightCrimsonn has 60 seconds left.
|
|t:|1757188900
|teamsize|p1|4
|teamsize|p2|4
|start
|switch|p1a: Hydreigon|Hydreigon, L50, F|100/100
|switch|p1b: Gholdengo|Gholdengo, L50|100/100
|switch|p2a: Ninetales|Ninetales-Alola, L50, F|100/100
|switch|p2b: Drone|Electabuzz, L50, F|100/100
|-weather|Snowscape|[from] ability: Snow Warning|[of] p2a: Ninetales
|turn|1
|inactive|wowiekazowee has 30 seconds left.
|
|t:|1757188926
|-terastallize|p1a: Hydreigon|Ghost
|move|p2a: Ninetales|Aurora Veil|p2a: Ninetales
|-sidestart|p2: wowiekazowee|move: Aurora Veil
|move|p2b: Drone|Electroweb|p1a: Hydreigon|[spread] p1a,p1b
|-damage|p1a: Hydreigon|85/100
|-damage|p1b: Gholdengo|87/100
|-unboost|p1a: Hydreigon|spe|1
|-unboost|p1b: Gholdengo|spe|1
|move|p1a: Hydreigon|Tailwind|p1a: Hydreigon
|-sidestart|p1: MidnightCrimsonn|move: Tailwind
|move|p1b: Gholdengo|Nasty Plot|p1b: Gholdengo
|-boost|p1b: Gholdengo|spa|2
|
|-weather|Snowscape|[upkeep]
|upkeep
|turn|2
|
|t:|1757188943
|-terastallize|p2a: Ninetales|Fire
|move|p1a: Hydreigon|Snarl|p2b: Drone|[spread] p2a,p2b
|-damage|p2a: Ninetales|84/100
|-damage|p2b: Drone|89/100
|-unboost|p2a: Ninetales|spa|1
|-unboost|p2b: Drone|spa|1
|move|p2a: Ninetales|Blizzard|p1b: Gholdengo|[spread] p1a,p1b
|-resisted|p1b: Gholdengo
|-damage|p1a: Hydreigon|67/100
|-damage|p1b: Gholdengo|79/100
|move|p2b: Drone|Volt Switch|p1b: Gholdengo
|-damage|p1b: Gholdengo|65/100
|
|t:|1757188955
|switch|p2b: Pyre|Incineroar, L50, F, shiny|100/100|[from] Volt Switch
|-ability|p2b: Pyre|Intimidate|boost
|-unboost|p1a: Hydreigon|atk|1
|-unboost|p1b: Gholdengo|atk|1
|move|p1b: Gholdengo|Make It Rain|p2a: Ninetales|[spread] p2a,p2b
|-resisted|p2a: Ninetales
|-resisted|p2b: Pyre
|-damage|p2a: Ninetales|37/100
|-damage|p2b: Pyre|66/100
|-unboost|p1b: Gholdengo|spa|1
|
|-weather|Snowscape|[upkeep]
|upkeep
|turn|3
|
|t:|1757188979
|switch|p1a: Incineroar|Incineroar, L50, F, shiny|100/100
|-ability|p1a: Incineroar|Intimidate|boost
|-unboost|p2a: Ninetales|atk|1
|-unboost|p2b: Pyre|atk|1
|switch|p2a: Drone|Electabuzz, L50, F|89/100
|move|p1b: Gholdengo|Shadow Ball|p2a: Drone
|-damage|p2a: Drone|56/100
|-unboost|p2a: Drone|spd|1
|move|p2b: Pyre|Knock Off|p1a: Incineroar
|-resisted|p1a: Incineroar
|-damage|p1a: Incineroar|86/100
|-enditem|p1a: Incineroar|Assault Vest|[from] move: Knock Off|[of] p2b: Pyre
|
|-weather|Snowscape|[upkeep]
|upkeep
|turn|4
|inactive|MidnightCrimsonn has 30 seconds left.
|
|t:|1757189005
|switch|p1b: Hydreigon|Hydreigon, L50, F, tera:Ghost|67/100
|move|p2a: Drone|Follow Me|p2a: Drone
|-singleturn|p2a: Drone|move: Follow Me
|move|p1a: Incineroar|U-turn|p2a: Drone
|-damage|p2a: Drone|43/100
|
|t:|1757189010
|switch|p1a: Ursaluna|Ursaluna, L50, M|100/100|[from] U-turn
|move|p2b: Pyre|Knock Off|p1b: Hydreigon
|-supereffective|p1b: Hydreigon
|-damage|p1b: Hydreigon|1/100
|-enditem|p1b: Hydreigon|Safety Goggles|[from] move: Knock Off|[of] p2b: Pyre
|
|-weather|Snowscape|[upkeep]
|-sideend|p1: MidnightCrimsonn|move: Tailwind
|-status|p1a: Ursaluna|brn|[from] item: Flame Orb
|upkeep
|turn|5
|
|t:|1757189024
|switch|p2b: Sale|Gholdengo, L50|100/100
|move|p1b: Hydreigon|Protect|p1b: Hydreigon
|-singleturn|p1b: Hydreigon|Protect
|move|p2a: Drone|Volt Switch|p1b: Hydreigon
|-activate|p1b: Hydreigon|move: Protect
|move|p1a: Ursaluna|Earthquake|p2b: Sale|[spread] p2a,p2b
|-activate|p1b: Hydreigon|move: Protect
|-supereffective|p2a: Drone
|-supereffective|p2b: Sale
|-damage|p2a: Drone|0 fnt
|-damage|p2b: Sale|28/100
|faint|p2a: Drone
|
|-weather|none
|-damage|p1a: Ursaluna|95/100 brn|[from] brn
|upkeep
|
|t:|1757189040
|switch|p2a: Pyre|Incineroar, L50, F, shiny|66/100
|-ability|p2a: Pyre|Intimidate|boost
|-unboost|p1a: Ursaluna|atk|1
|-unboost|p1b: Hydreigon|atk|1
|turn|6
|
|t:|1757189051
|switch|p1a: Incineroar|Incineroar, L50, F, shiny|86/100
|-ability|p1a: Incineroar|Intimidate|boost
|-unboost|p2a: Pyre|atk|1
|-unboost|p2b: Sale|atk|1
|switch|p2a: Ninetales|Ninetales-Alola, L50, F, tera:Fire|37/100
|-weather|Snowscape|[from] ability: Snow Warning|[of] p2a: Ninetales
|move|p1b: Hydreigon|Tailwind|p1b: Hydreigon
|-sidestart|p1: MidnightCrimsonn|move: Tailwind
|move|p2b: Sale|Nasty Plot|p2b: Sale
|-boost|p2b: Sale|spa|2
|
|-weather|Snowscape|[upkeep]
|upkeep
|turn|7
|
|t:|1757189067
|move|p1b: Hydreigon|Snarl|p2b: Sale|[spread] p2a,p2b
|-supereffective|p2b: Sale
|-damage|p2a: Ninetales|21/100
|-damage|p2b: Sale|5/100
|-unboost|p2a: Ninetales|spa|1
|-unboost|p2b: Sale|spa|1
|move|p2a: Ninetales|Moonblast|p1a: Incineroar
|-crit|p1a: Incineroar
|-damage|p1a: Incineroar|47/100
|move|p1a: Incineroar|Knock Off|p2b: Sale
|-supereffective|p2b: Sale
|-damage|p2b: Sale|0 fnt
|-enditem|p2b: Sale|Life Orb|[from] move: Knock Off|[of] p1a: Incineroar
|faint|p2b: Sale
|
|-weather|Snowscape|[upkeep]
|upkeep
|
|t:|1757189080
|switch|p2b: Pyre|Incineroar, L50, F, shiny|66/100
|-ability|p2b: Pyre|Intimidate|boost
|-unboost|p1a: Incineroar|atk|1
|-unboost|p1b: Hydreigon|atk|1
|turn|8
|
|t:|1757189093
|move|p2b: Pyre|Fake Out|p1a: Incineroar
|-damage|p1a: Incineroar|34/100
|move|p1b: Hydreigon|Snarl|p2b: Pyre|[spread] p2a,p2b
|-resisted|p2b: Pyre
|-damage|p2a: Ninetales|6/100
|-damage|p2b: Pyre|59/100
|-unboost|p2a: Ninetales|spa|1
|-unboost|p2b: Pyre|spa|1
|move|p2a: Ninetales|Blizzard|p1a: Incineroar|[spread] p1a,p1b
|-resisted|p1a: Incineroar
|-damage|p1a: Incineroar|29/100
|-damage|p1b: Hydreigon|0 fnt
|faint|p1b: Hydreigon
|cant|p1a: Incineroar|flinch
|
|-weather|Snowscape|[upkeep]
|-sideend|p2: wowiekazowee|move: Aurora Veil
|upkeep
|
|t:|1757189103
|switch|p1b: Ursaluna|Ursaluna, L50, M|95/100 brn
|turn|9
|
|t:|1757189113
|move|p2a: Ninetales|Blizzard|p1b: Ursaluna|[spread] p1a,p1b
|-resisted|p1a: Incineroar
|-supereffective|p1b: Ursaluna
|-damage|p1a: Incineroar|23/100
|-damage|p1b: Ursaluna|70/100 brn
|move|p1a: Incineroar|U-turn|p2a: Ninetales
|-resisted|p2a: Ninetales
|-damage|p2a: Ninetales|0 fnt
|faint|p2a: Ninetales
|
|t:|1757189119
|switch|p1a: Gholdengo|Gholdengo, L50|65/100|[from] U-turn
|move|p1b: Ursaluna|Facade|p2b: Pyre
|-damage|p2b: Pyre|0 fnt
|faint|p2b: Pyre
|
|win|MidnightCrimsonn
