|j|☆mmmspicy69
|j|☆vilan333
|html|mmmspicy69vilan333    
|uhtml|bestof|Game 1 of a best-of-3
|t:|1785960032
|gametype|doubles
|player|p1|mmmspicy69|fantina|1249
|player|p2|vilan333|marshal|1264
|gen|9
|tier|[Gen 9 Champions] VGC 2026 Reg M-B (Bo3)
|rated|
|rule|Species Clause: Limit one of each Pokémon
|rule|Item Clause: Limit 1 of each item
|clearpoke
|poke|p1|Farigiraf, L50, F, shiny|
|poke|p1|Gardevoir, L50, F, shiny|
|poke|p1|Whimsicott, L50, F, shiny|
|poke|p1|Gallade, L50, M, shiny|
|poke|p1|Sinistcha-Masterpiece, L50|
|poke|p1|Blastoise, L50, F|
|poke|p2|Raichu, L50, M|
|poke|p2|Staraptor, L50, F|
|poke|p2|Arcanine-Hisui, L50, M|
|poke|p2|Kingambit, L50, M|
|poke|p2|Sylveon, L50, M|
|poke|p2|Farigiraf, L50, M|
|teampreview|4
|showteam|p1|Farigiraf||SitrusBerry|ArmorTail|PsychicTerrain,TrickRoom,HelpingHand,ExpandingForce|Bold||F|||50|]Gardevoir||Gardevoirite|Trace|HyperVoice,ExpandingForce,Protect,TrickRoom|Quiet||F|||50|]Whimsicott||FocusSash|Prankster|Moonblast,HelpingHand,Tailwind,Encore|Timid||F|||50|]Gallade||LifeOrb|Sharpness|PsychoCut,NightSlash,SacredSword,Protect|Adamant||M|||50|]Sinistcha-Masterpiece||OccaBerry|Hospitality|RagePowder,LifeDew,TrickRoom,MatchaGotcha|Modest|||||50|]Blastoise||Blastoisinite|Torrent|AuraSphere,DarkPulse,WaterSpout,FakeOut|Serious||F|||50|
|showteam|p2|Raichu||RaichuniteY|LightningRod|Protect,FakeOut,ZapCannon,FocusBlast|Timid||M|||50|]Staraptor||Staraptite|Intimidate|Protect,CloseCombat,BraveBird,Tailwind|Jolly||F|||50|]Arcanine-Hisui||FocusSash|RockHead|Protect,HeadSmash,FlareBlitz,ExtremeSpeed|Adamant||M|||50|]Kingambit||LifeOrb|Defiant|Protect,KowtowCleave,SuckerPunch,SwordsDance|Adamant||M|||50|]Sylveon||FairyFeather|Pixilate|Protect,HyperBeam,HyperVoice,QuickAttack|Modest||M|||50|]Farigiraf||SitrusBerry|ArmorTail|Protect,Psychic,HelpingHand,TrickRoom|Calm||M|||50|
|inactive|Battle timer is ON: inactive players will automatically lose when time's up. (requested by vilan333)
|
|t:|1785960098
|teamsize|p1|4
|teamsize|p2|4
|start
|switch|p1a: Girlboss|Gardevoir, L50, F, shiny|100/100
|switch|p1b: Baddie|Farigiraf, L50, F, shiny|100/100
|switch|p2a: Raichu|Raichu, L50, M|100/100
|switch|p2b: Sylveon|Sylveon, L50, M|100/100
|-ability|p1a: Girlboss|Lightning Rod|Trace|[from] ability: Trace|[of] p2a: Raichu
|turn|1
|
|t:|1785960116
|detailschange|p2a: Raichu|Raichu-Mega-Y, L50, M
|-mega|p2a: Raichu|Raichu|Raichunite Y
|move|p2a: Raichu|Zap Cannon|p1a: Girlboss
|-activate|p1a: Girlboss|ability: Lightning Rod
|-ability|p1a: Girlboss|Lightning Rod|boost
|-boost|p1a: Girlboss|spa|1
|move|p1b: Baddie|Psychic Terrain|p1b: Baddie
|-fieldstart|move: Psychic Terrain
|move|p2b: Sylveon|Hyper Voice|p1b: Baddie|[spread] p1a,p1b
|-damage|p1a: Girlboss|58/100
|-damage|p1b: Baddie|51/100
|move|p1a: Girlboss|Trick Room|p1a: Girlboss
|-fieldstart|move: Trick Room|[of] p1a: Girlboss
|
|upkeep
|turn|2
|
|t:|1785960141
|detailschange|p1a: Girlboss|Gardevoir-Mega, L50, F, shiny
|-mega|p1a: Girlboss|Gardevoir|Gardevoirite
|move|p2a: Raichu|Protect|p2a: Raichu
|-singleturn|p2a: Raichu|Protect
|move|p1b: Baddie|Expanding Force|p2a: Raichu|[spread] p2b
|-activate|p2a: Raichu|move: Protect
|-damage|p2b: Sylveon|65/100
|move|p2b: Sylveon|Hyper Beam|p1a: Girlboss
|-damage|p1a: Girlboss|0 fnt
|-mustrecharge|p2b: Sylveon
|faint|p1a: Girlboss
|
|upkeep
|
|t:|1785960152
|switch|p1a: Girlypop|Gallade, L50, M, shiny|100/100
|turn|3
|
|t:|1785960162
|switch|p2a: Farigiraf|Farigiraf, L50, M|100/100
|cant|p2b: Sylveon|recharge
|move|p1b: Baddie|Expanding Force|p2b: Sylveon|[spread] p2a,p2b
|-resisted|p2a: Farigiraf|1
|-damage|p2a: Farigiraf|82/100
|-damage|p2b: Sylveon|30/100
|move|p1a: Girlypop|Psycho Cut|p2a: Farigiraf
|-resisted|p2a: Farigiraf|1
|-damage|p2a: Farigiraf|42/100
|-enditem|p2a: Farigiraf|Sitrus Berry|[eat]
|-heal|p2a: Farigiraf|67/100|[from] item: Sitrus Berry
|-damage|p1a: Girlypop|90/100|[from] item: Life Orb
|
|upkeep
|turn|4
|
|t:|1785960181
|switch|p2b: Kingambit|Kingambit, L50, M|100/100
|move|p1a: Girlypop|Protect|p1a: Girlypop
|-singleturn|p1a: Girlypop|Protect
|move|p1b: Baddie|Expanding Force|p2b: Kingambit|[spread] p2a
|-immune|p2b: Kingambit
|-resisted|p2a: Farigiraf|1
|-damage|p2a: Farigiraf|48/100
|move|p2a: Farigiraf|Trick Room|p2a: Farigiraf
|-fieldend|move: Trick Room
|
|upkeep
|turn|5
|
|t:|1785960203
|move|p1a: Girlypop|Sacred Sword|p2b: Kingambit
|-supereffective|p2b: Kingambit|2
|-damage|p2b: Kingambit|0 fnt
|faint|p2b: Kingambit
|-damage|p1a: Girlypop|80/100|[from] item: Life Orb
|move|p2a: Farigiraf|Psychic|p1a: Girlypop
|-damage|p1a: Girlypop|37/100
|move|p1b: Baddie|Expanding Force|p2a: Farigiraf
|-resisted|p2a: Farigiraf|1
|-damage|p2a: Farigiraf|25/100
|
|-fieldend|move: Psychic Terrain
|upkeep
|
|t:|1785960217
|switch|p2b: Raichu|Raichu-Mega-Y, L50, M|100/100
|turn|6
|
|t:|1785960232
|switch|p1b: Diva|Whimsicott, L50, F, shiny|100/100
|move|p1a: Girlypop|Protect|p1a: Girlypop
|-singleturn|p1a: Girlypop|Protect
|move|p2b: Raichu|Zap Cannon|p1a: Girlypop
|-activate|p1a: Girlypop|move: Protect
|move|p2a: Farigiraf|Psychic|p1b: Diva
|-damage|p1b: Diva|43/100
|
|upkeep
|turn|7
|
|t:|1785960251
|move|p1b: Diva|Tailwind|p1b: Diva
|-sidestart|p1: mmmspicy69|move: Tailwind
|move|p1a: Girlypop|Sacred Sword|p2b: Raichu
|-damage|p2b: Raichu|0 fnt
|faint|p2b: Raichu
|-damage|p1a: Girlypop|27/100|[from] item: Life Orb
|move|p2a: Farigiraf|Psychic|p1b: Diva
|-damage|p1b: Diva|0 fnt
|faint|p1b: Diva
|
|upkeep
|
|t:|1785960264
|switch|p2b: Sylveon|Sylveon, L50, M|30/100
|switch|p1b: Baddie|Farigiraf, L50, F, shiny|51/100
|turn|8
|
|t:|1785960274
|move|p2b: Sylveon|Protect|p2b: Sylveon
|-singleturn|p2b: Sylveon|Protect
|move|p1a: Girlypop|Sacred Sword|p2a: Farigiraf
|-damage|p2a: Farigiraf|0 fnt
|faint|p2a: Farigiraf
|-damage|p1a: Girlypop|17/100|[from] item: Life Orb
|move|p1b: Baddie|Expanding Force|p2b: Sylveon
|-activate|p2b: Sylveon|move: Protect
|
|upkeep
|turn|9
|
|t:|1785960286
|move|p1a: Girlypop|Psycho Cut|p2b: Sylveon
|-damage|p2b: Sylveon|0 fnt
|faint|p2b: Sylveon
|-damage|p1a: Girlypop|7/100|[from] item: Life Orb
|
|win|mmmspicy69
