|j|☆deltabelta
|j|☆Juno Truther
|html|deltabeltaJuno Truther    
|uhtml|bestof|Game 1 of a best-of-3
|t:|1782178260
|gametype|doubles
|player|p1|deltabelta|lucas|1143
|player|p2|Juno Truther|furisodegirl-white|1043
|gen|9
|tier|[Gen 9 Champions] VGC 2026 Reg M-B (Bo3)
|rated|
|rule|Species Clause: Limit one of each Pokémon
|rule|Item Clause: Limit 1 of each item
|clearpoke
|poke|p1|Staraptor, L50, M, shiny|
|poke|p1|Whimsicott, L50, F, shiny|
|poke|p1|Charizard, L50, M|
|poke|p1|Garchomp, L50, M, shiny|
|poke|p1|Kingambit, L50, M, shiny|
|poke|p1|Tsareena, L50, F|
|poke|p2|Pelipper, L50, F|
|poke|p2|Sinistcha-Masterpiece, L50|
|poke|p2|Floette-Eternal, L50, F|
|poke|p2|Archaludon, L50, F|
|poke|p2|Grimmsnarl, L50, M|
|poke|p2|Swampert, L50, F|
|teampreview|4
|showteam|p1|Staraptor||Staraptite|Intimidate|CloseCombat,BraveBird,Roost,Protect|Jolly||M|||50|]Whimsicott||FocusSash|Prankster|Tailwind,Moonblast,Encore,Charm|Timid||F|||50|]Charizard||CharizarditeY|Blaze|HeatWave,WeatherBall,SolarBeam,Protect|Modest||M|||50|]Garchomp||LifeOrb|RoughSkin|DragonClaw,Earthquake,RockSlide,Protect|Jolly||M|||50|]Kingambit||BlackGlasses|Defiant|KowtowCleave,IronHead,SuckerPunch,Protect|Adamant||M|||50|]Tsareena||ChoiceScarf|QueenlyMajesty|TripleAxel,TropKick,ZenHeadbutt,LowKick|Jolly||F|||50|
|showteam|p2|Pelipper||SitrusBerry|Drizzle|WideGuard,Tailwind,Hurricane,WeatherBall|Modest||F|||50|]Sinistcha-Masterpiece||CobaBerry|Hospitality|MatchaGotcha,TrickRoom,LifeDew,RagePowder|Relaxed|||||50|]Floette-Eternal||Floettite|FlowerVeil|Protect,DazzlingGleam,Moonblast,CalmMind|Modest||F|||50|]Archaludon||Leftovers|Stamina|Protect,ElectroShot,FlashCannon,DragonPulse|Modest||F|||50|]Grimmsnarl||LightClay|Prankster|LightScreen,Reflect,FoulPlay,PartingShot|Calm||M|||50|]Swampert||Swampertite|Torrent|WaveCrash,Protect,IcePunch,Earthquake|Adamant||F|||50|
|
|t:|1782178290
|teamsize|p1|4
|teamsize|p2|4
|start
|switch|p1a: Whimsicott|Whimsicott, L50, F, shiny|100/100
|switch|p1b: Staraptor|Staraptor, L50, M, shiny|100/100
|switch|p2a: Sinistcha|Sinistcha-Masterpiece, L50|100/100
|switch|p2b: Floette|Floette-Eternal, L50, F|100/100
|-ability|p1b: Staraptor|Intimidate|boost
|-block|p2a: Sinistcha|ability: Flower Veil|[of] p2b: Floette
|-unboost|p2b: Floette|atk|1
|turn|1
|
|t:|1782178328
|detailschange|p1b: Staraptor|Staraptor-Mega, L50, M, shiny
|-mega|p1b: Staraptor|Staraptor|Staraptite
|detailschange|p2b: Floette|Floette-Mega, L50, F
|-mega|p2b: Floette|Floette|Floettite
|-ability|p2b: Floette|Fairy Aura
|move|p1a: Whimsicott|Charm|p1b: Staraptor
|-boost|p1b: Staraptor|atk|2
|move|p1b: Staraptor|Brave Bird|p2b: Floette
|-damage|p2b: Floette|0 fnt
|faint|p2b: Floette
|-damage|p1b: Staraptor|68/100|[from] Recoil
|move|p2a: Sinistcha|Trick Room|p2a: Sinistcha
|-fieldstart|move: Trick Room|[of] p2a: Sinistcha
|
|upkeep
|
|t:|1782178343
|switch|p2b: Pelipper|Pelipper, L50, F|100/100
|-weather|RainDance|[from] ability: Drizzle|[of] p2b: Pelipper
|turn|2
|
|t:|1782178366
|switch|p2a: Swampert|Swampert, L50, F|100/100
|move|p1b: Staraptor|Protect|p1b: Staraptor
|-singleturn|p1b: Staraptor|Protect
|move|p1a: Whimsicott|Encore||[still]
|-fail|p1a: Whimsicott
|move|p2b: Pelipper|Weather Ball|p1a: Whimsicott
|-resisted|p1a: Whimsicott|1
|-damage|p1a: Whimsicott|64/100
|
|-weather|RainDance|[upkeep]
|upkeep
|turn|3
|
|t:|1782178395
|move|p1a: Whimsicott|Charm|p2a: Swampert
|-unboost|p2a: Swampert|atk|2
|move|p2b: Pelipper|Hurricane|p1a: Whimsicott
|-supereffective|p1a: Whimsicott|1
|-damage|p1a: Whimsicott|0 fnt
|faint|p1a: Whimsicott
|move|p2a: Swampert|Wave Crash|p1b: Staraptor
|-damage|p1b: Staraptor|13/100
|-damage|p2a: Swampert|83/100|[from] Recoil
|move|p1b: Staraptor|Roost|p1b: Staraptor
|-heal|p1b: Staraptor|63/100
|-singleturn|p1b: Staraptor|move: Roost
|
|-weather|RainDance|[upkeep]
|upkeep
|
|t:|1782178418
|switch|p1a: Kingambit|Kingambit, L50, M, shiny|100/100
|turn|4
|
|t:|1782178436
|switch|p2a: Sinistcha|Sinistcha-Masterpiece, L50|100/100
|move|p1b: Staraptor|Protect|p1b: Staraptor
|-singleturn|p1b: Staraptor|Protect
|move|p1a: Kingambit|Kowtow Cleave|p2a: Sinistcha
|-supereffective|p2a: Sinistcha|1
|-damage|p2a: Sinistcha|4/100
|move|p2b: Pelipper|Hurricane|p1b: Staraptor
|-activate|p1b: Staraptor|move: Protect
|
|-weather|RainDance|[upkeep]
|upkeep
|turn|5
|
|t:|1782178463
|switch|p1b: Garchomp|Garchomp, L50, M, shiny|100/100
|move|p2a: Sinistcha|Rage Powder|p2a: Sinistcha
|-singleturn|p2a: Sinistcha|move: Rage Powder
|move|p1a: Kingambit|Kowtow Cleave|p2a: Sinistcha
|-supereffective|p2a: Sinistcha|1
|-damage|p2a: Sinistcha|0 fnt
|faint|p2a: Sinistcha
|move|p2b: Pelipper|Hurricane|p1b: Garchomp
|-damage|p1b: Garchomp|56/100
|-start|p1b: Garchomp|confusion
|
|-weather|RainDance|[upkeep]
|-fieldend|move: Trick Room
|upkeep
|
|t:|1782178468
|switch|p2a: Swampert|Swampert, L50, F|83/100
|turn|6
|
|t:|1782178489
|move|p2a: Swampert|Protect|p2a: Swampert
|-singleturn|p2a: Swampert|Protect
|move|p1a: Kingambit|Sucker Punch||[still]
|-fail|p1a: Kingambit
|-activate|p1b: Garchomp|confusion
|-damage|p1b: Garchomp|42/100|[from] confusion
|move|p2b: Pelipper|Tailwind|p2b: Pelipper
|-sidestart|p2: Juno Truther|move: Tailwind
|
|-weather|none
|upkeep
|turn|7
|
|t:|1782178511
|move|p1a: Kingambit|Sucker Punch|p2a: Swampert
|-damage|p2a: Swampert|33/100
|move|p2a: Swampert|Earthquake|p1b: Garchomp|[spread] p1a,p1b
|-immune|p2b: Pelipper
|-supereffective|p1a: Kingambit|1
|-damage|p1a: Kingambit|47/100
|-damage|p1b: Garchomp|2/100
|move|p2b: Pelipper|Hurricane|p1a: Kingambit|[miss]
|-miss|p2b: Pelipper|p1a: Kingambit
|-activate|p1b: Garchomp|confusion
|move|p1b: Garchomp|Dragon Claw|p2a: Swampert
|-damage|p2a: Swampert|0 fnt
|faint|p2a: Swampert
|-damage|p1b: Garchomp|0 fnt|[from] item: Life Orb
|faint|p1b: Garchomp
|
|upkeep
|
|t:|1782178529
|switch|p1b: Staraptor|Staraptor-Mega, L50, M, shiny|63/100
|turn|8
|
|t:|1782178540
|move|p1b: Staraptor|Protect|p1b: Staraptor
|-singleturn|p1b: Staraptor|Protect
|move|p1a: Kingambit|Sucker Punch|p2b: Pelipper
|-crit|p2b: Pelipper
|-damage|p2b: Pelipper|34/100
|-enditem|p2b: Pelipper|Sitrus Berry|[eat]
|-heal|p2b: Pelipper|59/100|[from] item: Sitrus Berry
|move|p2b: Pelipper|Hurricane|p1b: Staraptor
|-activate|p1b: Staraptor|move: Protect
|
|upkeep
|turn|9
|
|t:|1782178564
|move|p1a: Kingambit|Sucker Punch|p2b: Pelipper
|-damage|p2b: Pelipper|13/100
|move|p1b: Staraptor|Brave Bird|p2b: Pelipper
|-damage|p2b: Pelipper|0 fnt
|faint|p2b: Pelipper
|-damage|p1b: Staraptor|59/100|[from] Recoil
|
|win|deltabelta
||Juno Truther is ready for game 2.
|inactive|deltabelta has 30 seconds to confirm battle start!
||deltabelta is ready for game 2.
|uhtml|next|Next: Game 2 of 3
