|j|☆the killer1234
|j|☆lettitripppp
|html|the killer1234lettitripppp    
|uhtml|bestof|Game 1 of a best-of-3
|t:|1785189643
|gametype|doubles
|player|p1|the killer1234|169|1139
|player|p2|lettitripppp|lucas|1244
|gen|9
|tier|[Gen 9 Champions] VGC 2026 Reg M-B (Bo3)
|rated|
|rule|Species Clause: Limit one of each Pokémon
|rule|Item Clause: Limit 1 of each item
|clearpoke
|poke|p1|Charizard, L50, F|
|poke|p1|Tyranitar, L50, F|
|poke|p1|Milotic, L50, M|
|poke|p1|Incineroar, L50, M|
|poke|p1|Sinistcha, L50|
|poke|p1|Sneasler, L50, M|
|poke|p2|Delphox, L50, F|
|poke|p2|Staraptor, L50, M|
|poke|p2|Garchomp, L50, F|
|poke|p2|Glimmora, L50, M|
|poke|p2|Kingambit, L50, M, shiny|
|poke|p2|Whimsicott, L50, F, shiny|
|teampreview|4
|showteam|p1|Charizard||CharizarditeY|Blaze|HeatWave,WeatherBall,SolarBeam,Protect|Modest||F|||50|]Tyranitar||Tyranitarite|SandStream|RockSlide,Crunch,Protect,HighHorsepower|Adamant||F|||50|]Milotic||Leftovers|Competitive|IcyWind,Scald,Protect,Recover|Calm||M|||50|]Incineroar||SitrusBerry|Intimidate|FakeOut,FlareBlitz,PartingShot,ThroatChop|Adamant||M|||50|]Sinistcha||CobaBerry|Hospitality|MatchaGotcha,RagePowder,LifeDew,TrickRoom|Bold|||||50|]Sneasler||WhiteHerb|Unburden|FakeOut,CloseCombat,DireClaw,Coaching|Adamant||M|||50|
|showteam|p2|Delphox||Delphoxite|Blaze|HeatWave,Substitute,Psyshock,Protect|Timid||F|||50|]Staraptor||Staraptite|Intimidate|CloseCombat,BraveBird,Roost,Protect|Jolly||M|||50|]Garchomp||LifeOrb|RoughSkin|DragonClaw,Earthquake,RockSlide,Protect|Jolly||F|||50|]Glimmora||FocusSash|ToxicDebris|SludgeBomb,EarthPower,PowerGem,SpikyShield|Timid||M|||50|]Kingambit||ChopleBerry|Defiant|KowtowCleave,SuckerPunch,IronHead,LowKick|Adamant||M|||50|]Whimsicott||OccaBerry|Prankster|LightScreen,Moonblast,Tailwind,Charm|Timid||F|||50|
|inactive|Battle timer is ON: inactive players will automatically lose when time's up. (requested by lettitripppp)
|inactive|the killer1234 also wants the timer to be on.
|
|t:|1785189673
|teamsize|p1|4
|teamsize|p2|4
|start
|switch|p1a: Charizard|Charizard, L50, F|100/100
|switch|p1b: Incineroar|Incineroar, L50, M|100/100
|switch|p2a: NUMBER 1|Staraptor, L50, M|100/100
|switch|p2b: LET IT GO|Whimsicott, L50, F, shiny|100/100
|-ability|p2a: NUMBER 1|Intimidate|boost
|-unboost|p1a: Charizard|atk|1
|-unboost|p1b: Incineroar|atk|1
|-ability|p1b: Incineroar|Intimidate|boost
|-unboost|p2a: NUMBER 1|atk|1
|-unboost|p2b: LET IT GO|atk|1
|turn|1
|inactive|the killer1234 has 30 seconds left.
|
|t:|1785189702
|detailschange|p2a: NUMBER 1|Staraptor-Mega, L50, M
|-mega|p2a: NUMBER 1|Staraptor|Staraptite
|detailschange|p1a: Charizard|Charizard-Mega-Y, L50, F
|-mega|p1a: Charizard|Charizard|Charizardite Y
|-weather|SunnyDay|[from] ability: Drought|[of] p1a: Charizard
|move|p1b: Incineroar|Fake Out|p2a: NUMBER 1
|-damage|p2a: NUMBER 1|92/100
|move|p2b: LET IT GO|Charm|p2a: NUMBER 1
|-boost|p2a: NUMBER 1|atk|2
|cant|p2a: NUMBER 1|flinch
|move|p1a: Charizard|Heat Wave|p2a: NUMBER 1|[spread] p2a,p2b
|-supereffective|p2b: LET IT GO|1
|-enditem|p2b: LET IT GO|Occa Berry|[eat]
|-enditem|p2b: LET IT GO|Occa Berry|[weaken]
|-damage|p2a: NUMBER 1|31/100
|-damage|p2b: LET IT GO|7/100
|
|-weather|SunnyDay|[upkeep]
|upkeep
|turn|2
|
|t:|1785189722
|switch|p1b: Sinistcha|Sinistcha, L50|100/100
|move|p2b: LET IT GO|Light Screen|p2b: LET IT GO
|-sidestart|p2: lettitripppp|move: Light Screen
|move|p2a: NUMBER 1|Roost|p2a: NUMBER 1
|-heal|p2a: NUMBER 1|81/100
|-singleturn|p2a: NUMBER 1|move: Roost
|move|p1a: Charizard|Heat Wave|p2a: NUMBER 1|[spread] p2a,p2b
|-supereffective|p2b: LET IT GO|1
|-damage|p2a: NUMBER 1|39/100
|-damage|p2b: LET IT GO|0 fnt
|faint|p2b: LET IT GO
|
|-weather|SunnyDay|[upkeep]
|upkeep
|
|t:|1785189731
|switch|p2b: NO GO AWAY|Glimmora, L50, M|100/100
|turn|3
|
|t:|1785189738
|move|p1b: Sinistcha|Rage Powder|p1b: Sinistcha
|-singleturn|p1b: Sinistcha|move: Rage Powder
|move|p2a: NUMBER 1|Brave Bird|p1b: Sinistcha
|-supereffective|p1b: Sinistcha|1
|-enditem|p1b: Sinistcha|Coba Berry|[eat]
|-enditem|p1b: Sinistcha|Coba Berry|[weaken]
|-damage|p1b: Sinistcha|32/100
|-damage|p2a: NUMBER 1|18/100|[from] Recoil
|move|p2b: NO GO AWAY|Power Gem|p1b: Sinistcha
|-damage|p1b: Sinistcha|0 fnt
|faint|p1b: Sinistcha
|move|p1a: Charizard|Heat Wave|p2a: NUMBER 1|[spread] p2a,p2b
|-resisted|p2b: NO GO AWAY|1
|-damage|p2a: NUMBER 1|0 fnt
|-damage|p2b: NO GO AWAY|73/100
|faint|p2a: NUMBER 1
|
|-weather|SunnyDay|[upkeep]
|upkeep
|
|t:|1785189754
|switch|p2a: CRUSH SHARK|Garchomp, L50, F|100/100
|switch|p1b: Sneasler|Sneasler, L50, M|100/100
|turn|4
|
|t:|1785189770
|switch|p1a: Incineroar|Incineroar, L50, M|100/100
|-ability|p1a: Incineroar|Intimidate|boost
|-unboost|p2a: CRUSH SHARK|atk|1
|-unboost|p2b: NO GO AWAY|atk|1
|move|p1b: Sneasler|Fake Out|p2a: CRUSH SHARK
|-damage|p2a: CRUSH SHARK|84/100
|-damage|p1b: Sneasler|87/100|[from] ability: Rough Skin|[of] p2a: CRUSH SHARK
|cant|p2a: CRUSH SHARK|flinch
|move|p2b: NO GO AWAY|Earth Power|p1b: Sneasler
|-supereffective|p1b: Sneasler|1
|-damage|p1b: Sneasler|3/100
|
|-weather|SunnyDay|[upkeep]
|upkeep
|turn|5
|
|t:|1785189790
|move|p1a: Incineroar|Fake Out|p2a: CRUSH SHARK
|-damage|p2a: CRUSH SHARK|71/100
|-damage|p1a: Incineroar|87/100|[from] ability: Rough Skin|[of] p2a: CRUSH SHARK
|move|p1b: Sneasler|Close Combat|p2a: CRUSH SHARK
|-damage|p2a: CRUSH SHARK|0 fnt
|-unboost|p1b: Sneasler|def|1
|-unboost|p1b: Sneasler|spd|1
|-damage|p1b: Sneasler|0 fnt|[from] ability: Rough Skin|[of] p2a: CRUSH SHARK
|faint|p2a: CRUSH SHARK
|faint|p1b: Sneasler
|move|p2b: NO GO AWAY|Power Gem|p1a: Incineroar
|-supereffective|p1a: Incineroar|1
|-damage|p1a: Incineroar|12/100
|-enditem|p1a: Incineroar|Sitrus Berry|[eat]
|-heal|p1a: Incineroar|37/100|[from] item: Sitrus Berry
|
|-weather|none
|upkeep
|
|t:|1785189806
|switch|p1b: Charizard|Charizard-Mega-Y, L50, F|100/100
|-weather|SunnyDay|[from] ability: Drought|[of] p1b: Charizard
|turn|6
|
|t:|1785189822
|move|p2b: NO GO AWAY|Power Gem|p1a: Incineroar
|-supereffective|p1a: Incineroar|1
|-damage|p1a: Incineroar|0 fnt
|faint|p1a: Incineroar
|move|p1b: Charizard|Solar Beam||[still]
|-prepare|p1b: Charizard|Solar Beam
|-anim|p1b: Charizard|Solar Beam|p2b: NO GO AWAY
|-damage|p2b: NO GO AWAY|30/100
|
|-weather|SunnyDay|[upkeep]
|-sideend|p2: lettitripppp|move: Light Screen
|upkeep
|turn|7
|
|t:|1785189830
|move|p2b: NO GO AWAY|Power Gem|p1b: Charizard
|-supereffective|p1b: Charizard|2
|-damage|p1b: Charizard|0 fnt
|faint|p1b: Charizard
|
|win|lettitripppp
