|j|☆NBZ-H
|j|☆UndeadParadox
|html|NBZ-HUndeadParadox    
|uhtml|bestof|Game 1 of a best-of-3
|t:|1756696200
|gametype|doubles
|player|p1|NBZ-H|169|1052
|player|p2|UndeadParadox|guitarist|1000
|gen|9
|tier|[Gen 9] VGC 2025 Reg H (Bo3)
|rated|
|rule|Species Clause: Limit one of each Pokémon
|rule|Item Clause: Limit 1 of each item
|clearpoke
|poke|p1|Coalossal, L50, F|
|poke|p1|Armarouge, L50, F|
|poke|p1|Indeedee-F, L50, F|
|poke|p1|Torkoal, L50, F|
|poke|p1|Raichu, L50, F|
|poke|p1|Porygon2, L50|
|poke|p2|Sneasler, L50, F|
|poke|p2|Rillaboom, L50, M|
|poke|p2|Incineroar, L50, M|
|poke|p2|Gholdengo, L50|
|poke|p2|Hydreigon, L50, F|
|poke|p2|Gengar, L50, M|
|teampreview|4
|showteam|p1|Coalossal||PowerHerb|FlashFire|MeteorBeam,Scald,EarthPower,HeatWave|||F|||50|,,,,,Grass]Armarouge||LifeOrb|FlashFire|TrickRoom,ExpandingForce,ArmorCannon,Protect|||F|||50|,,,,,Grass]Indeedee-F||PsychicSeed|PsychicSurge|TrickRoom,FollowMe,HelpingHand,Psychic|||F|||50|,,,,,Fairy]Torkoal||ChoiceSpecs|Drought|Eruption,Flamethrower,SolarBeam,EarthPower|||F|||50|,,,,,Fire]Raichu||FocusSash|LightningRod|FakeOut,VoltSwitch,Nuzzle,Endeavor|||F|||50|,,,,,Flying]Porygon2||Eviolite|Download|TeraBlast,TrickRoom,Protect,Discharge||||||50|,,,,,Fighting
|showteam|p2|Sneasler||GrassySeed|Unburden|CloseCombat,DireClaw,Acrobatics,Protect|||F|||50|,,,,,Flying]Rillaboom||AssaultVest|GrassySurge|WoodHammer,GrassyGlide,FakeOut,HighHorsepower|||M|||50|,,,,,Fire]Incineroar||SafetyGoggles|Intimidate|FlareBlitz,KnockOff,PartingShot,FakeOut|||M|||50|,,,,,Ghost]Gholdengo||MetalCoat|GoodasGold|Protect,MakeItRain,ShadowBall,NastyPlot||||||50|,,,,,Water]Hydreigon||LifeOrb|Levitate|Flamethrower,DracoMeteor,DarkPulse,Protect|||F|||50|,,,,,Fire]Gengar||FocusSash|CursedBody|ShadowBall,Haze,Taunt,IcyWind|||M|||50|,,,,,Ghost
|inactive|Battle timer is ON: inactive players will automatically lose when time's up. (requested by NBZ-H)
|
|t:|1756696260
|teamsize|p1|4
|teamsize|p2|4
|start
|switch|p1a: Indeedee|Indeedee-F, L50, F|100/100
|switch|p1b: Porygon2|Porygon2, L50|100/100
|switch|p2a: Incineroar|Incineroar, L50, M, shiny|100/100
|switch|p2b: Gengar|Gengar, L50, M|100/100
|-ability|p2a: Incineroar|Intimidate|boost
|-unboost|p1a: Indeedee|atk|1
|-unboost|p1b: Porygon2|atk|1
|-fieldstart|move: Psychic Terrain|[from] ability: Psychic Surge|[of] p1a: Indeedee
|-enditem|p1a: Indeedee|Psychic Seed
|-boost|p1a: Indeedee|spd|1|[from] item: Psychic Seed
|-ability|p1b: Porygon2|Download|boost
|-boost|p1b: Porygon2|atk|1
|turn|1
|inactive|NBZ-H has 30 seconds left.
|inactive|UndeadParadox has 30 seconds left.
|inactive|UndeadParadox has 20 seconds left.
|
|t:|1756696298
|switch|p1b: Coalossal|Coalossal, L50, F|100/100
|move|p2b: Gengar|Taunt|p1a: Indeedee
|-start|p1a: Indeedee|move: Taunt
|move|p2a: Incineroar|Parting Shot|p1b: Coalossal
|-unboost|p1b: Coalossal|atk|1
|-unboost|p1b: Coalossal|spa|1
|inactive|UndeadParadox has 30 seconds left.
|
|t:|1756696323
|switch|p2a: Gholdengo|Gholdengo, L50, shiny|100/100|[from] Parting Shot
|cant|p1a: Indeedee|move: Taunt|Trick Room
|
|upkeep
|turn|2
|
|t:|1756696346
|-terastallize|p2a: Gholdengo|Water
|move|p2b: Gengar|Shadow Ball|p1b: Coalossal
|-damage|p1b: Coalossal|65/100
|move|p2a: Gholdengo|Nasty Plot|p2a: Gholdengo
|-boost|p2a: Gholdengo|spa|2
|move|p1a: Indeedee|Psychic|p2b: Gengar
|-supereffective|p2b: Gengar
|-enditem|p2b: Gengar|Focus Sash
|-damage|p2b: Gengar|1/100
|move|p1b: Coalossal|Heat Wave|p2b: Gengar|[spread] p2a,p2b
|-resisted|p2a: Gholdengo
|-damage|p2a: Gholdengo|89/100
|-damage|p2b: Gengar|0 fnt
|faint|p2b: Gengar
|
|upkeep
|
|t:|1756696362
|switch|p2b: Hydreigon|Hydreigon, L50, F, shiny|100/100
|turn|3
|
|t:|1756696386
|switch|p1b: Porygon2|Porygon2, L50|100/100
|-ability|p1b: Porygon2|Download|boost
|-boost|p1b: Porygon2|atk|1
|-terastallize|p1a: Indeedee|Fairy
|move|p2b: Hydreigon|Dark Pulse|p1a: Indeedee
|-resisted|p1a: Indeedee
|-damage|p1a: Indeedee|89/100
|-damage|p2b: Hydreigon|91/100|[from] item: Life Orb
|move|p2a: Gholdengo|Make It Rain|p1a: Indeedee|[spread] p1a,p1b
|-supereffective|p1a: Indeedee
|-damage|p1a: Indeedee|0 fnt
|-damage|p1b: Porygon2|42/100
|-unboost|p2a: Gholdengo|spa|1
|faint|p1a: Indeedee
|
|upkeep
|
|t:|1756696406
|switch|p1a: Coalossal|Coalossal, L50, F|65/100
|turn|4
|
|t:|1756696425
|move|p2b: Hydreigon|Dark Pulse|p1b: Porygon2
|-damage|p1b: Porygon2|19/100
|-damage|p2b: Hydreigon|82/100|[from] item: Life Orb
|move|p2a: Gholdengo|Make It Rain|p1b: Porygon2|[spread] p1a,p1b
|-damage|p1a: Coalossal|0 fnt
|-damage|p1b: Porygon2|0 fnt
|-unboost|p2a: Gholdengo|spa|1
|faint|p1a: Coalossal
|faint|p1b: Porygon2
|
|upkeep
|
|t:|1756696434
|switch|p1b: Torkoal|Torkoal, L50, F|100/100
|-weather|SunnyDay|[from] ability: Drought|[of] p1b: Torkoal
|turn|5
|
|t:|1756696442
|move|p2b: Hydreigon|Dark Pulse|p1b: Torkoal
|-damage|p1b: Torkoal|30/100
|-damage|p2b: Hydreigon|72/100|[from] item: Life Orb
|move|p2a: Gholdengo|Shadow Ball|p1b: Torkoal
|-damage|p1b: Torkoal|0 fnt
|faint|p1b: Torkoal
|
|win|UndeadParadox
||UndeadParadox is ready for game 2.
||NBZ-H is ready for game 2.
|uhtml|next|Next: Game 2 of 3
|l|☆UndeadParadox
|player|p2|
|l|☆NBZ-H
|player|p1|
|j|☆UndeadParadox
|player|p2|UndeadParadox|guitarist|
