|j|☆SongokuVG Fr
|j|☆icedoutobama
|html|SongokuVG Fricedoutobama    
|uhtml|bestof|Game 2 of a best-of-3
|t:|1757001586
|gametype|doubles
|player|p1|SongokuVG Fr|lucian|1171
|player|p2|icedoutobama|skier|1082
|gen|9
|tier|[Gen 9] VGC 2025 Reg H (Bo3)
|rated|
|rule|Species Clause: Limit one of each Pokémon
|rule|Item Clause: Limit 1 of each item
|clearpoke
|poke|p1|Excadrill, L50, F|
|poke|p1|Tyranitar, L50, M|
|poke|p1|Sneasler, L50, F|
|poke|p1|Indeedee, L50, M|
|poke|p1|Corviknight, L50, M|
|poke|p1|Annihilape, L50, M|
|poke|p2|Murkrow, L50, M|
|poke|p2|Abomasnow, L50, M|
|poke|p2|Indeedee, L50, M|
|poke|p2|Sneasler, L50, M|
|poke|p2|Gholdengo, L50|
|poke|p2|Basculegion, L50, M|
|teampreview|4
|showteam|p1|Excadrill||FocusSash|SandRush|IronHead,HighHorsepower,Earthquake,Protect|||F|||50|,,,,,Stellar]Tyranitar||AssaultVest|SandStream|RockSlide,KnockOff,TeraBlast,LowKick|||M|||50|,,,,,Flying]Sneasler||PsychicSeed|Unburden|DireClaw,CloseCombat,ThroatChop,Protect|||F|||50|,,,,,Dark]Indeedee||ChoiceScarf|PsychicSurge|ExpandingForce,TeraBlast,Protect,Trick|||M|||50|,,,,,Psychic]Corviknight||Leftovers|MirrorArmor|BraveBird,BulkUp,Roost,Tailwind|||M|||50|,,,,,Dragon]Annihilape||SafetyGoggles|Defiant|CloseCombat,FinalGambit,RageFist,Taunt|||M|||50|,,,,,Water
|showteam|p2|Murkrow||Eviolite|Prankster|FoulPlay,Tailwind,Haze,Protect|||M|||50|,,,,,Ghost]Abomasnow||AssaultVest|SnowWarning|Blizzard,LeafStorm,EarthPower,WeatherBall|||M|||50|,,,,,Fire]Indeedee||FocusSash|PsychicSurge|ExpandingForce,TeraBlast,Imprison,TrickRoom|||M|||50|,,,,,Fighting]Sneasler||PsychicSeed|Unburden|DireClaw,CloseCombat,ThroatChop,Protect|||M|||50|,,,,,Dark]Gholdengo||LifeOrb|GoodasGold|MakeItRain,ShadowBall,NastyPlot,Protect||||||50|,,,,,Steel]Basculegion||ChoiceScarf|Adaptability|WaveCrash,LastRespects,AquaJet,FlipTurn|||M|||50|,,,,,Grass
|inactive|Battle timer is ON: inactive players will automatically lose when time's up. (requested by icedoutobama)
|
|t:|1757001598
|teamsize|p1|4
|teamsize|p2|4
|start
|switch|p1a: Corviknight|Corviknight, L50, M|100/100
|switch|p1b: Sneasler|Sneasler, L50, F, shiny|100/100
|switch|p2a: Brynden Rivers|Murkrow, L50, M|100/100
|switch|p2b: Jet Fuel|Gholdengo, L50|100/100
|turn|1
|
|t:|1757001610
|move|p1b: Sneasler|Protect|p1b: Sneasler
|-singleturn|p1b: Sneasler|Protect
|move|p2b: Jet Fuel|Protect|p2b: Jet Fuel
|-singleturn|p2b: Jet Fuel|Protect
|move|p2a: Brynden Rivers|Foul Play|p1b: Sneasler
|-activate|p1b: Sneasler|move: Protect
|move|p1a: Corviknight|Tailwind|p1a: Corviknight
|-sidestart|p1: SongokuVG Fr|move: Tailwind
|
|upkeep
|turn|2
|
|t:|1757001624
|-terastallize|p2b: Jet Fuel|Steel
|move|p2a: Brynden Rivers|Haze|p2a: Brynden Rivers
|-clearallboost
|move|p1b: Sneasler|Close Combat|p2b: Jet Fuel
|-supereffective|p2b: Jet Fuel
|-damage|p2b: Jet Fuel|0 fnt
|-unboost|p1b: Sneasler|def|1
|-unboost|p1b: Sneasler|spd|1
|faint|p2b: Jet Fuel
|move|p1a: Corviknight|Bulk Up|p1a: Corviknight
|-boost|p1a: Corviknight|atk|1
|-boost|p1a: Corviknight|def|1
|
|upkeep
|
|t:|1757001632
|switch|p2b: Longclaw|Sneasler, L50, M, shiny|100/100
|turn|3
|
|t:|1757001643
|move|p2b: Longclaw|Protect|p2b: Longclaw
|-singleturn|p2b: Longclaw|Protect
|move|p2a: Brynden Rivers|Haze|p2a: Brynden Rivers
|-clearallboost
|move|p1b: Sneasler|Dire Claw|p2b: Longclaw
|-activate|p2b: Longclaw|move: Protect
|move|p1a: Corviknight|Brave Bird|p2b: Longclaw
|-activate|p2b: Longclaw|move: Protect
|
|upkeep
|turn|4
|
|t:|1757001658
|move|p2a: Brynden Rivers|Tailwind|p2a: Brynden Rivers
|-sidestart|p2: icedoutobama|move: Tailwind
|move|p1b: Sneasler|Dire Claw|p2b: Longclaw
|-resisted|p2b: Longclaw
|-damage|p2b: Longclaw|65/100
|move|p2b: Longclaw|Dire Claw|p1b: Sneasler
|-resisted|p1b: Sneasler
|-damage|p1b: Sneasler|59/100
|move|p1a: Corviknight|Brave Bird|p2b: Longclaw
|-supereffective|p2b: Longclaw
|-damage|p2b: Longclaw|0 fnt
|faint|p2b: Longclaw
|-damage|p1a: Corviknight|84/100|[from] Recoil
|
|-heal|p1a: Corviknight|90/100|[from] item: Leftovers
|-sideend|p1: SongokuVG Fr|move: Tailwind
|upkeep
|
|t:|1757001663
|switch|p2b: Houndfish|Basculegion, L50, M, shiny|100/100
|turn|5
|
|t:|1757001676
|move|p2b: Houndfish|Last Respects|p1a: Corviknight
|-damage|p1a: Corviknight|10/100
|move|p2a: Brynden Rivers|Foul Play|p1b: Sneasler
|-resisted|p1b: Sneasler
|-damage|p1b: Sneasler|9/100
|move|p1b: Sneasler|Dire Claw|p2b: Houndfish
|-resisted|p2b: Houndfish
|-damage|p2b: Houndfish|74/100
|move|p1a: Corviknight|Tailwind|p1a: Corviknight
|-sidestart|p1: SongokuVG Fr|move: Tailwind
|
|-heal|p1a: Corviknight|16/100|[from] item: Leftovers
|upkeep
|turn|6
|
|t:|1757001694
|move|p2b: Houndfish|Last Respects|p1b: Sneasler
|-damage|p1b: Sneasler|0 fnt
|faint|p1b: Sneasler
|move|p2a: Brynden Rivers|Foul Play|p1a: Corviknight
|-damage|p1a: Corviknight|0 fnt
|faint|p1a: Corviknight
|
|upkeep
|
|t:|1757001700
|switch|p1b: Excadrill|Excadrill, L50, F, shiny|100/100
|switch|p1a: Tyranitar|Tyranitar, L50, M, shiny|100/100
|-weather|Sandstorm|[from] ability: Sand Stream|[of] p1a: Tyranitar
|turn|7
|
|t:|1757001705
|move|p1b: Excadrill|Protect|p1b: Excadrill
|-singleturn|p1b: Excadrill|Protect
|move|p2b: Houndfish|Last Respects|p1a: Tyranitar
|-resisted|p1a: Tyranitar
|-damage|p1a: Tyranitar|54/100
|move|p2a: Brynden Rivers|Foul Play|p1a: Tyranitar
|-resisted|p1a: Tyranitar
|-damage|p1a: Tyranitar|30/100
|move|p1a: Tyranitar|Knock Off|p2b: Houndfish
|-supereffective|p2b: Houndfish
|-damage|p2b: Houndfish|0 fnt
|-enditem|p2b: Houndfish|Choice Scarf|[from] move: Knock Off|[of] p1a: Tyranitar
|faint|p2b: Houndfish
|
|-weather|Sandstorm|[upkeep]
|-damage|p2a: Brynden Rivers|94/100|[from] Sandstorm
|-sideend|p2: icedoutobama|move: Tailwind
|upkeep
|turn|8
|-message|icedoutobama forfeited.
|
|win|SongokuVG Fr
|raw|SongokuVG Fr's rating: 1171 → 1190(+19 for winning)
|raw|icedoutobama's rating: 1082 → 1065(-17 for losing)
