|j|☆Daniw9
|j|☆MichaelderBeste2
|html|Daniw9MichaelderBeste2    
|uhtml|bestof|Game 1 of a best-of-3
|t:|1756508030
|gametype|doubles
|player|p1|Daniw9|2|1215
|player|p2|MichaelderBeste2|#michaelderbeste2|1206
|gen|9
|tier|[Gen 9] VGC 2025 Reg H (Bo3)
|rated|
|rule|Species Clause: Limit one of each Pokémon
|rule|Item Clause: Limit 1 of each item
|clearpoke
|poke|p1|Garchomp, L50, F|
|poke|p1|Tyranitar, L50, M|
|poke|p1|Delphox, L50, F|
|poke|p1|Indeedee-F, L50, F|
|poke|p1|Gallade, L50, M|
|poke|p1|Whimsicott, L50, M|
|poke|p2|Gholdengo, L50|
|poke|p2|Electabuzz, L50, M|
|poke|p2|Rillaboom, L50, F|
|poke|p2|Dragonite, L50, M|
|poke|p2|Annihilape, L50, M|
|poke|p2|Incineroar, L50, F|
|teampreview|4
|showteam|p1|Garchomp||LifeOrb|SandVeil|Earthquake,StompingTantrum,Protect,DragonClaw|||F|||50|,,,,,Steel]Tyranitar||AssaultVest|SandStream|RockSlide,TeraBlast,KnockOff,LowKick|||M|||50|,,,,,Flying]Delphox||PsychicSeed|Magician|ExpandingForce,HeatWave,TeraBlast,Protect|||F|||50|,,,,,Fairy]Indeedee-F||SafetyGoggles|PsychicSurge|DazzlingGleam,TrickRoom,FollowMe,HelpingHand|||F|||50|,,,,,Water]Gallade||ClearAmulet|Sharpness|SacredSword,PsychoCut,TrickRoom,Protect|||M|||50|,,,,,Grass]Whimsicott||CovertCloak|Prankster|Moonblast,Tailwind,Encore,Protect|||M|||50|,,,,,Ghost
|showteam|p2|Gholdengo||SitrusBerry|GoodasGold|MakeItRain,ShadowBall,NastyPlot,Protect||||||50|,,,,,Water]Electabuzz||Eviolite|VitalSpirit|Thunderbolt,Electroweb,FollowMe,Protect|||M|||50|,,,,,Dragon]Rillaboom||AssaultVest|GrassySurge|WoodHammer,GrassyGlide,HighHorsepower,FakeOut|||F|||50|,,,,,Fire]Dragonite||LoadedDice|Multiscale|ScaleShot,ExtremeSpeed,Haze,Protect|||M|||50|,,,,,Steel]Annihilape||FocusSash|Defiant|CloseCombat,RageFist,Coaching,FinalGambit|||M|||50|,,,,,Fairy]Incineroar||MirrorHerb|Intimidate|FlareBlitz,KnockOff,FakeOut,PartingShot|||F|||50|,,,,,Ghost
|
|t:|1756508086
|teamsize|p1|4
|teamsize|p2|4
|start
|switch|p1a: Delphox|Delphox, L50, F|100/100
|switch|p1b: Indeedee|Indeedee-F, L50, F|100/100
|switch|p2a: Annihilape|Annihilape, L50, M|100/100
|switch|p2b: Incineroar|Incineroar, L50, F|100/100
|-ability|p2b: Incineroar|Intimidate|boost
|-unboost|p1a: Delphox|atk|1
|-unboost|p1b: Indeedee|atk|1
|-fieldstart|move: Psychic Terrain|[from] ability: Psychic Surge|[of] p1b: Indeedee
|-enditem|p1a: Delphox|Psychic Seed
|-boost|p1a: Delphox|spd|1|[from] item: Psychic Seed
|-enditem|p2b: Incineroar|Mirror Herb
|-boost|p2b: Incineroar|spd|1|[from] item: Mirror Herb
|turn|1
|
|t:|1756508113
|switch|p2a: Rillaboom|Rillaboom, L50, F|100/100
|-fieldstart|move: Grassy Terrain|[from] ability: Grassy Surge|[of] p2a: Rillaboom
|switch|p1b: Whimsicott|Whimsicott, L50, M|100/100
|-terastallize|p1a: Delphox|Fairy
|move|p1a: Delphox|Expanding Force|p2a: Rillaboom
|-damage|p2a: Rillaboom|71/100
|-item|p1a: Delphox|Assault Vest|[from] ability: Magician|[of] p2a: Rillaboom
|move|p2b: Incineroar|Knock Off|p1b: Whimsicott
|-resisted|p1b: Whimsicott
|-damage|p1b: Whimsicott|78/100
|-enditem|p1b: Whimsicott|Covert Cloak|[from] move: Knock Off|[of] p2b: Incineroar
|
|-heal|p1b: Whimsicott|84/100|[from] Grassy Terrain
|-heal|p2a: Rillaboom|77/100|[from] Grassy Terrain
|upkeep
|turn|2
|
|t:|1756508132
|switch|p1b: Indeedee|Indeedee-F, L50, F|100/100
|-fieldstart|move: Psychic Terrain|[from] ability: Psychic Surge|[of] p1b: Indeedee
|move|p1a: Delphox|Heat Wave|p2a: Rillaboom|[spread] p2a,p2b
|-supereffective|p2a: Rillaboom
|-crit|p2a: Rillaboom
|-resisted|p2b: Incineroar
|-damage|p2a: Rillaboom|0 fnt
|-damage|p2b: Incineroar|90/100
|faint|p2a: Rillaboom
|move|p2b: Incineroar|Flare Blitz|p1b: Indeedee
|-damage|p1b: Indeedee|54/100
|-damage|p2b: Incineroar|77/100|[from] Recoil
|
|upkeep
|
|t:|1756508144
|switch|p2a: Dragonite|Dragonite, L50, M|100/100
|turn|3
|
|t:|1756508159
|move|p1a: Delphox|Expanding Force|p2a: Dragonite|[spread] p2a
|-immune|p2b: Incineroar
|-damage|p2a: Dragonite|72/100
|move|p2a: Dragonite|Scale Shot|p1b: Indeedee|[miss]
|-miss|p2a: Dragonite|p1b: Indeedee
|move|p2b: Incineroar|Flare Blitz|p1a: Delphox
|-damage|p1a: Delphox|29/100
|-damage|p2b: Incineroar|59/100|[from] Recoil
|move|p1b: Indeedee|Trick Room|p1b: Indeedee
|-fieldstart|move: Trick Room|[of] p1b: Indeedee
|
|upkeep
|turn|4
|
|t:|1756508176
|move|p2a: Dragonite|Protect|p2a: Dragonite
|-singleturn|p2a: Dragonite|Protect
|move|p1b: Indeedee|Follow Me|p1b: Indeedee
|-singleturn|p1b: Indeedee|move: Follow Me
|move|p2b: Incineroar|Knock Off|p1b: Indeedee
|-supereffective|p1b: Indeedee
|-damage|p1b: Indeedee|0 fnt
|-enditem|p1b: Indeedee|Safety Goggles|[from] move: Knock Off|[of] p2b: Incineroar
|faint|p1b: Indeedee
|move|p1a: Delphox|Expanding Force|p2a: Dragonite|[spread] 
|-activate|p2a: Dragonite|move: Protect
|-immune|p2b: Incineroar
|
|upkeep
|
|t:|1756508182
|switch|p1b: Tyranitar|Tyranitar, L50, M|100/100
|-weather|Sandstorm|[from] ability: Sand Stream|[of] p1b: Tyranitar
|turn|5
|
|t:|1756508217
|switch|p2a: Annihilape|Annihilape, L50, M|100/100
|-terastallize|p2b: Incineroar|Ghost
|move|p1b: Tyranitar|Rock Slide|p2a: Annihilape|[spread] p2a
|-miss|p1b: Tyranitar|p2b: Incineroar
|-resisted|p2a: Annihilape
|-damage|p2a: Annihilape|84/100
|move|p2b: Incineroar|Flare Blitz|p1a: Delphox
|-damage|p1a: Delphox|0 fnt
|faint|p1a: Delphox
|-damage|p2b: Incineroar|52/100|[from] Recoil
|
|-weather|Sandstorm|[upkeep]
|-damage|p2b: Incineroar|46/100|[from] Sandstorm
|-damage|p2a: Annihilape|78/100|[from] Sandstorm
|upkeep
|
|t:|1756508231
|switch|p1a: Whimsicott|Whimsicott, L50, M|84/100
|turn|6
|
|t:|1756508273
|move|p1a: Whimsicott|Encore|p2b: Incineroar
|-activate|p2b: Incineroar|move: Psychic Terrain
|move|p1b: Tyranitar|Knock Off|p2a: Annihilape
|-crit|p2a: Annihilape
|-damage|p2a: Annihilape|0 fnt
|-enditem|p2a: Annihilape|Focus Sash|[from] move: Knock Off|[of] p1b: Tyranitar
|faint|p2a: Annihilape
|move|p2b: Incineroar|Flare Blitz|p1a: Whimsicott
|-supereffective|p1a: Whimsicott
|-damage|p1a: Whimsicott|0 fnt
|faint|p1a: Whimsicott
|-damage|p2b: Incineroar|23/100|[from] Recoil
|
|-weather|Sandstorm|[upkeep]
|-damage|p2b: Incineroar|17/100|[from] Sandstorm
|-fieldend|move: Psychic Terrain
|upkeep
|
|t:|1756508278
|switch|p2a: Dragonite|Dragonite, L50, M|72/100
|turn|7
|
|t:|1756508283
|move|p1b: Tyranitar|Rock Slide|p2b: Incineroar|[spread] p2a,p2b
|-supereffective|p2a: Dragonite
|-damage|p2a: Dragonite|7/100
|-damage|p2b: Incineroar|0 fnt
|faint|p2b: Incineroar
|cant|p2a: Dragonite|flinch
|
|-weather|Sandstorm|[upkeep]
|-damage|p2a: Dragonite|2/100|[from] Sandstorm
|-fieldend|move: Trick Room
|upkeep
|turn|8
|
|t:|1756508292
|move|p2a: Dragonite|Scale Shot|p1b: Tyranitar
|-damage|p1b: Tyranitar|89/100
|-damage|p1b: Tyranitar|79/100
|-damage|p1b: Tyranitar|68/100
|-damage|p1b: Tyranitar|57/100
|-hitcount|p1b: Tyranitar|4
|-unboost|p2a: Dragonite|def|1
|-boost|p2a: Dragonite|spe|1
|move|p1b: Tyranitar|Knock Off|p2a: Dragonite
|-damage|p2a: Dragonite|0 fnt
|-enditem|p2a: Dragonite|Loaded Dice|[from] move: Knock Off|[of] p1b: Tyranitar
|faint|p2a: Dragonite
|
|win|Daniw9
|inactive|Daniw9 has 30 seconds to confirm battle start!
|inactive|MichaelderBeste2 has 30 seconds to confirm battle start!
||Daniw9 is ready for game 2.
||MichaelderBeste2 is ready for game 2.
|uhtml|next|Next: Game 2 of 3
|l|☆MichaelderBeste2
|player|p2|
