|j|☆BobElephant
|j|☆omegaxxxx
|html|BobElephantomegaxxxx    
|uhtml|bestof|Game 2 of a best-of-3
|t:|1784399206
|gametype|doubles
|player|p1|BobElephant|lucas|
|player|p2|omegaxxxx|unknownf|
|gen|9
|tier|[Gen 9 Champions] VGC 2026 Reg M-B (Bo3)
|rule|Species Clause: Limit one of each Pokémon
|rule|Item Clause: Limit 1 of each item
|clearpoke
|poke|p1|Mawile, L50, F|
|poke|p1|Tauros-Paldea-Combat, L50, M|
|poke|p1|Talonflame, L50, F|
|poke|p1|Clefable, L50, F|
|poke|p1|Malamar, L50, F|
|poke|p1|Dragonite, L50, F|
|poke|p2|Politoed, L50, M|
|poke|p2|Mawile, L50, F|
|poke|p2|Mimikyu, L50, M|
|poke|p2|Annihilape, L50, M, shiny|
|poke|p2|Dragonite, L50, M, shiny|
|poke|p2|Maushold, L50, shiny|
|teampreview|4
|showteam|p1|Mawile||Mawilite|HyperCutter|PlayRough,IronHead,RockSlide,Protect|Adamant||F|||50|]Tauros-Paldea-Combat||LifeOrb|Intimidate|HighHorsepower,RockSlide,CloseCombat,Protect|Adamant||M|||50|]Talonflame||MentalHerb|GaleWings|DualWingbeat,QuickGuard,RainDance,Tailwind|Jolly||F|||50|]Clefable||SitrusBerry|Unaware|FollowMe,HelpingHand,Moonblast,Protect|Calm||F|||50|]Malamar||RoseliBerry|Contrary|Superpower,Protect,KnockOff,TrickRoom|Relaxed||F|||50|]Dragonite||Dragoninite|InnerFocus|Hurricane,DragonPulse,Protect,ExtremeSpeed|Hasty||F|||50|
|showteam|p2|Politoed||Leftovers|Drizzle|WeatherBall,HelpingHand,IcyWind,Protect|Timid||M|||50|]Mawile||Mawilite|Intimidate|PlayRough,SuckerPunch,IronHead,Protect|Adamant||F|||50|]Mimikyu||MentalHerb|Disguise|ShadowSneak,PlayRough,TrickRoom,WillOWisp|Sassy||M|||50|]Annihilape||SitrusBerry|Defiant|RageFist,DrainPunch,BulkUp,Protect|Careful||M|||50|]Dragonite||Dragoninite|Multiscale|Thunder,Hurricane,DragonPulse,Tailwind|Modest||M|||50|]Maushold||FocusSash|FriendGuard|FollowMe,Feint,BeatUp,Protect|Timid|||||50|
|inactive|Battle timer is ON: inactive players will automatically lose when time's up. (requested by BobElephant)
|inactive|BobElephant has 60 seconds left.
|inactive|BobElephant has 30 seconds left.
|inactive|BobElephant has 20 seconds left.
|
|t:|1784399280
|teamsize|p1|4
|teamsize|p2|4
|start
|switch|p1a: Clefable|Clefable, L50, F|100/100
|switch|p1b: Malamar|Malamar, L50, F|100/100
|switch|p2a: Mawile|Mawile, L50, F|100/100
|switch|p2b: Mimikyu|Mimikyu, L50, M|100/100
|-ability|p2a: Mawile|Intimidate|boost
|-unboost|p1a: Clefable|atk|1
|-boost|p1b: Malamar|atk|1
|turn|1
|
|t:|1784399295
|detailschange|p2a: Mawile|Mawile-Mega, L50, F
|-mega|p2a: Mawile|Mawile|Mawilite
|move|p2b: Mimikyu|Play Rough|p1b: Malamar
|-supereffective|p1b: Malamar|1
|-enditem|p1b: Malamar|Roseli Berry|[eat]
|-enditem|p1b: Malamar|Roseli Berry|[weaken]
|-damage|p1b: Malamar|77/100
|move|p1b: Malamar|Superpower|p2a: Mawile
|-damage|p2a: Mawile|63/100
|-boost|p1b: Malamar|atk|1
|-boost|p1b: Malamar|def|1
|move|p1a: Clefable|Moonblast|p2b: Mimikyu
|-activate|p2b: Mimikyu|ability: Disguise
|-damage|p2b: Mimikyu|100/100
|detailschange|p2b: Mimikyu|Mimikyu-Busted, L50, M
|-damage|p2b: Mimikyu|87/100|[from] pokemon: Mimikyu-Busted
|move|p2a: Mawile|Iron Head|p1a: Clefable
|-supereffective|p1a: Clefable|1
|-damage|p1a: Clefable|0 fnt
|faint|p1a: Clefable
|
|upkeep
|inactive|BobElephant has 30 seconds left.
|
|t:|1784399326
|switch|p1a: Dragonite|Dragonite, L50, F|100/100
|turn|2
|
|t:|1784399345
|move|p1a: Dragonite|Protect|p1a: Dragonite
|-singleturn|p1a: Dragonite|Protect
|move|p2b: Mimikyu|Shadow Sneak|p1a: Dragonite
|-activate|p1a: Dragonite|move: Protect
|move|p1b: Malamar|Superpower|p2a: Mawile
|-damage|p2a: Mawile|11/100
|-boost|p1b: Malamar|atk|1
|-boost|p1b: Malamar|def|1
|move|p2a: Mawile|Play Rough|p1a: Dragonite
|-activate|p1a: Dragonite|move: Protect
|
|upkeep
|turn|3
|
|t:|1784399358
|switch|p2a: Maushold|Maushold, L50, shiny|100/100
|detailschange|p1a: Dragonite|Dragonite-Mega, L50, F
|-mega|p1a: Dragonite|Dragonite|Dragoninite
|move|p1a: Dragonite|Extreme Speed|p2a: Maushold
|-damage|p2a: Maushold|68/100
|move|p1b: Malamar|Knock Off|p2b: Mimikyu
|-damage|p2b: Mimikyu|20/100y
|-enditem|p2b: Mimikyu|Mental Herb|[from] move: Knock Off|[of] p1b: Malamar
|move|p2b: Mimikyu|Trick Room|p2b: Mimikyu
|-fieldstart|move: Trick Room|[of] p2b: Mimikyu
|
|upkeep
|turn|4
|
|t:|1784399368
|move|p1a: Dragonite|Protect|p1a: Dragonite
|-singleturn|p1a: Dragonite|Protect
|move|p2a: Maushold|Feint|p1a: Dragonite
|-activate|p1a: Dragonite|move: Feint
|-damage|p1a: Dragonite|96/100
|move|p1b: Malamar|Superpower|p2a: Maushold
|-supereffective|p2a: Maushold|1
|-damage|p2a: Maushold|0 fnt
|-boost|p1b: Malamar|atk|1
|-boost|p1b: Malamar|def|1
|faint|p2a: Maushold
|move|p2b: Mimikyu|Play Rough|p1b: Malamar
|-supereffective|p1b: Malamar|1
|-damage|p1b: Malamar|61/100
|
|upkeep
|
|t:|1784399381
|switch|p2a: Mawile|Mawile-Mega, L50, F|11/100
|turn|5
|
|t:|1784399387
|move|p1a: Dragonite|Extreme Speed|p2a: Mawile
|-resisted|p2a: Mawile|1
|-damage|p2a: Mawile|1/100
|move|p2a: Mawile|Play Rough|p1a: Dragonite
|-supereffective|p1a: Dragonite|1
|-damage|p1a: Dragonite|0 fnt
|faint|p1a: Dragonite
|move|p1b: Malamar|Knock Off|p2b: Mimikyu
|-damage|p2b: Mimikyu|0 fnt
|faint|p2b: Mimikyu
|
|upkeep
|
|t:|1784399395
|switch|p2b: Annihilape|Annihilape, L50, M, shiny|100/100
|switch|p1a: Talonflame|Talonflame, L50, F|100/100
|turn|6
|inactive|BobElephant has 30 seconds left.
|inactive|BobElephant has 20 seconds left.
|
|t:|1784399433
|move|p2a: Mawile|Protect|p2a: Mawile
|-singleturn|p2a: Mawile|Protect
|move|p1a: Talonflame|Dual Wingbeat|p2a: Mawile
|-activate|p2a: Mawile|move: Protect
|move|p1b: Malamar|Knock Off|p2b: Annihilape
|-damage|p2b: Annihilape|26/100
|-enditem|p2b: Annihilape|Sitrus Berry|[from] move: Knock Off|[of] p1b: Malamar
|move|p2b: Annihilape|Rage Fist|p1b: Malamar
|-damage|p1b: Malamar|50/100g
|
|upkeep
|turn|7
|c|☆omegaxxxx|ggs
|
|t:|1784399446
|move|p1a: Talonflame|Dual Wingbeat|p2b: Annihilape
|-supereffective|p2b: Annihilape|1
|-damage|p2b: Annihilape|6/100
|-supereffective|p2b: Annihilape|1
|-damage|p2b: Annihilape|0 fnt
|faint|p2b: Annihilape
|-hitcount|p2: Annihilape|2
|move|p2a: Mawile|Play Rough|p1b: Malamar
|-supereffective|p1b: Malamar|1
|-damage|p1b: Malamar|0 fnt
|faint|p1b: Malamar
|
|-fieldend|move: Trick Room
|upkeep
|turn|8
|c|☆BobElephant|gg
|
|t:|1784399460
|move|p1a: Talonflame|Dual Wingbeat|p2a: Mawile
|-resisted|p2a: Mawile|1
|-damage|p2a: Mawile|0 fnt
|faint|p2a: Mawile
|-hitcount|p2: Mawile|1
|
|win|BobElephant
