|j|☆odio esta reg
|j|☆zetababy4
|html|odio esta regzetababy4    
|uhtml|bestof|Game 2 of a best-of-3
|t:|1785686404
|gametype|doubles
|player|p1|odio esta reg|101|1176
|player|p2|zetababy4|169|1195
|gen|9
|tier|[Gen 9 Champions] VGC 2026 Reg M-B (Bo3)
|rated|
|rule|Species Clause: Limit one of each Pokémon
|rule|Item Clause: Limit 1 of each item
|clearpoke
|poke|p1|Charizard, L50, M|
|poke|p1|Grimmsnarl, L50, M|
|poke|p1|Pelipper, L50, M|
|poke|p1|Archaludon, L50, F|
|poke|p1|Basculegion, L50, M|
|poke|p1|Venusaur, L50, F|
|poke|p2|Gholdengo, L50|
|poke|p2|Whimsicott, L50, M|
|poke|p2|Hydreigon, L50, F|
|poke|p2|Floette-Eternal, L50, F|
|poke|p2|Incineroar, L50, F|
|poke|p2|Sneasler, L50, F|
|teampreview|4
|showteam|p1|Charizard||CharizarditeY|Blaze|Protect,HeatWave,WeatherBall,SolarBeam|Modest||M|||50|]Grimmsnarl||LightClay|Prankster|SpiritBreak,Reflect,LightScreen,PartingShot|Sassy||M|||50|]Pelipper||SitrusBerry|Drizzle|Hurricane,WeatherBall,Tailwind,WideGuard|Modest||M|||50|]Archaludon||Leftovers|Stamina|Protect,ElectroShot,DragonPulse,FlashCannon|Calm||F|||50|]Basculegion||ChoiceScarf|Adaptability|FlipTurn,WaveCrash,AquaJet,LastRespects|Jolly||M|||50|]Venusaur||FocusSash|Chlorophyll|Protect,SleepPowder,SludgeBomb,EarthPower|Modest||F|||50|
|showteam|p2|Gholdengo||FocusSash|GoodasGold|Protect,PowerGem,MakeItRain,ShadowBall|Timid|||||50|]Whimsicott||FairyFeather|Prankster|Moonblast,Tailwind,Encore,Protect|Bold||M|||50|]Hydreigon||ChoiceScarf|Levitate|DracoMeteor,EarthPower,Snarl,DarkPulse|Timid||F|||50|]Floette-Eternal||Floettite|FlowerVeil|Protect,CalmMind,DazzlingGleam,Moonblast|Timid||F|||50|]Incineroar||SitrusBerry|Intimidate|FakeOut,PartingShot,ThroatChop,FlareBlitz|Adamant||F|||50|]Sneasler||LifeOrb|Pressure|FakeOut,CloseCombat,DireClaw,Protect|Jolly||F|||50|
|inactive|Battle timer is ON: inactive players will automatically lose when time's up. (requested by odio esta reg)
|
|t:|1785686426
|teamsize|p1|4
|teamsize|p2|4
|start
|switch|p1a: Grimmsnarl|Grimmsnarl, L50, M|100/100
|switch|p1b: Basculegion|Basculegion, L50, M|100/100
|switch|p2a: Sneasler|Sneasler, L50, F|100/100
|switch|p2b: Gholdengo|Gholdengo, L50|100/100
|-ability|p2a: Sneasler|Pressure
|turn|1
|
|t:|1785686449
|switch|p1b: Archaludon|Archaludon, L50, F|100/100
|move|p1a: Grimmsnarl|Reflect|p1a: Grimmsnarl
|-sidestart|p1: odio esta reg|Reflect
|move|p2a: Sneasler|Dire Claw|p1a: Grimmsnarl
|-supereffective|p1a: Grimmsnarl|1
|-damage|p1a: Grimmsnarl|27/100
|-status|p1a: Grimmsnarl|psn
|-damage|p2a: Sneasler|90/100|[from] item: Life Orb
|move|p2b: Gholdengo|Power Gem|p1b: Archaludon
|-resisted|p1b: Archaludon|1
|-damage|p1b: Archaludon|86/100
|-ability|p1b: Archaludon|Stamina|boost
|-boost|p1b: Archaludon|def|1
|
|-heal|p1b: Archaludon|92/100|[from] item: Leftovers
|-damage|p1a: Grimmsnarl|14/100 psn|[from] psn
|upkeep
|turn|2
|
|t:|1785686472
|move|p1b: Archaludon|Protect|p1b: Archaludon
|-singleturn|p1b: Archaludon|Protect
|move|p1a: Grimmsnarl|Light Screen|p1a: Grimmsnarl
|-sidestart|p1: odio esta reg|move: Light Screen
|move|p2a: Sneasler|Close Combat|p1b: Archaludon
|-activate|p1b: Archaludon|move: Protect
|move|p2b: Gholdengo|Make It Rain|p1b: Archaludon|[spread] p1a
|-activate|p1b: Archaludon|move: Protect
|-supereffective|p1a: Grimmsnarl|1
|-damage|p1a: Grimmsnarl|0 fnt
|-unboost|p2b: Gholdengo|spa|2
|faint|p1a: Grimmsnarl
|
|-heal|p1b: Archaludon|98/100|[from] item: Leftovers
|upkeep
|inactive|odio esta reg has 30 seconds left.
|inactive|odio esta reg has 20 seconds left.
|inactive|odio esta reg has 15 seconds left.
|
|t:|1785686513
|switch|p1a: Pelipper|Pelipper, L50, M|100/100
|-weather|RainDance|[from] ability: Drizzle|[of] p1a: Pelipper
|turn|3
|
|t:|1785686520
|switch|p2b: Hydreigon|Hydreigon, L50, F|100/100
|move|p2a: Sneasler|Close Combat|p1b: Archaludon
|-supereffective|p1b: Archaludon|1
|-damage|p1b: Archaludon|41/100
|-unboost|p2a: Sneasler|def|1
|-unboost|p2a: Sneasler|spd|1
|-ability|p1b: Archaludon|Stamina|boost
|-boost|p1b: Archaludon|def|1
|-damage|p2a: Sneasler|80/100|[from] item: Life Orb
|move|p1b: Archaludon|Electro Shot||[still]
|-prepare|p1b: Archaludon|Electro Shot
|-boost|p1b: Archaludon|spa|1
|-anim|p1b: Archaludon|Electro Shot|p2a: Sneasler
|-damage|p2a: Sneasler|0 fnt
|faint|p2a: Sneasler
|move|p1a: Pelipper|Tailwind|p1a: Pelipper
|-sidestart|p1: odio esta reg|move: Tailwind
|
|-weather|RainDance|[upkeep]
|-heal|p1b: Archaludon|47/100|[from] item: Leftovers
|upkeep
|
|t:|1785686543
|switch|p2a: Gholdengo|Gholdengo, L50|100/100
|turn|4
|
|t:|1785686565
|move|p1b: Archaludon|Protect|p1b: Archaludon
|-singleturn|p1b: Archaludon|Protect
|move|p2a: Gholdengo|Protect|p2a: Gholdengo
|-singleturn|p2a: Gholdengo|Protect
|move|p2b: Hydreigon|Snarl|p1b: Archaludon|[spread] p1a
|-activate|p1b: Archaludon|move: Protect
|-damage|p1a: Pelipper|83/100
|-unboost|p1a: Pelipper|spa|1
|move|p1a: Pelipper|Weather Ball|p2a: Gholdengo
|-activate|p2a: Gholdengo|move: Protect
|
|-weather|RainDance|[upkeep]
|-heal|p1b: Archaludon|53/100|[from] item: Leftovers
|upkeep
|turn|5
|
|t:|1785686588
|move|p1a: Pelipper|Wide Guard|p1a: Pelipper
|-singleturn|p1a: Pelipper|Wide Guard
|move|p2b: Hydreigon|Snarl|p1b: Archaludon|[spread] 
|-activate|p1a: Pelipper|move: Wide Guard
|-activate|p1b: Archaludon|move: Wide Guard
|move|p1b: Archaludon|Electro Shot||[still]
|-prepare|p1b: Archaludon|Electro Shot
|-boost|p1b: Archaludon|spa|1
|-anim|p1b: Archaludon|Electro Shot|p2b: Hydreigon
|-resisted|p2b: Hydreigon|1
|-damage|p2b: Hydreigon|57/100
|move|p2a: Gholdengo|Shadow Ball|p1b: Archaludon
|-damage|p1b: Archaludon|26/100
|-ability|p1b: Archaludon|Stamina|boost
|-boost|p1b: Archaludon|def|1
|
|-weather|RainDance|[upkeep]
|-heal|p1b: Archaludon|32/100|[from] item: Leftovers
|upkeep
|turn|6
|inactive|odio esta reg has 30 seconds left.
|inactive|zetababy4 has 30 seconds left.
|
|t:|1785686622
|move|p2a: Gholdengo|Protect|p2a: Gholdengo
|-singleturn|p2a: Gholdengo|Protect
|move|p1a: Pelipper|Wide Guard|p1a: Pelipper
|-singleturn|p1a: Pelipper|Wide Guard
|move|p2b: Hydreigon|Snarl|p1b: Archaludon|[spread] 
|-activate|p1a: Pelipper|move: Wide Guard
|-activate|p1b: Archaludon|move: Wide Guard
|move|p1b: Archaludon|Flash Cannon|p2b: Hydreigon
|-damage|p2b: Hydreigon|0 fnt
|faint|p2b: Hydreigon
|
|-weather|RainDance|[upkeep]
|-heal|p1b: Archaludon|39/100|[from] item: Leftovers
|-sideend|p1: odio esta reg|move: Tailwind
|upkeep
|
|t:|1785686638
|switch|p2b: Floette|Floette-Eternal, L50, F|100/100
|turn|7
|inactive|odio esta reg has 30 seconds left.
|
|t:|1785686672
|detailschange|p2b: Floette|Floette-Mega, L50, F
|-mega|p2b: Floette|Floette|Floettite
|-ability|p2b: Floette|Fairy Aura
|move|p2b: Floette|Moonblast|p1a: Pelipper
|-damage|p1a: Pelipper|30/100
|-enditem|p1a: Pelipper|Sitrus Berry|[eat]
|-heal|p1a: Pelipper|55/100|[from] item: Sitrus Berry
|move|p2a: Gholdengo|Shadow Ball|p1a: Pelipper
|-damage|p1a: Pelipper|24/100
|move|p1b: Archaludon|Flash Cannon|p2b: Floette
|-supereffective|p2b: Floette|1
|-damage|p2b: Floette|0 fnt
|faint|p2b: Floette
|move|p1a: Pelipper|Weather Ball|p2a: Gholdengo
|-damage|p2a: Gholdengo|56/100
|
|-weather|none
|-heal|p1b: Archaludon|45/100|[from] item: Leftovers
|upkeep
|turn|8
|
|t:|1785686694
|move|p2a: Gholdengo|Shadow Ball|p1b: Archaludon
|-damage|p1b: Archaludon|19/100
|-ability|p1b: Archaludon|Stamina|boost
|-boost|p1b: Archaludon|def|1
|move|p1b: Archaludon|Dragon Pulse|p2a: Gholdengo
|-resisted|p2a: Gholdengo|1
|-damage|p2a: Gholdengo|15/100
|move|p1a: Pelipper|Tailwind|p1a: Pelipper
|-sidestart|p1: odio esta reg|move: Tailwind
|
|-heal|p1b: Archaludon|25/100|[from] item: Leftovers
|-sideend|p1: odio esta reg|Reflect
|upkeep
|turn|9
|
|t:|1785686706
|move|p1b: Archaludon|Dragon Pulse|p2a: Gholdengo
|-resisted|p2a: Gholdengo|1
|-damage|p2a: Gholdengo|0 fnt
|faint|p2a: Gholdengo
|
|win|odio esta reg
