|j|☆chimbuotza
|j|☆x-demon18
|html|chimbuotzax-demon18    
|uhtml|bestof|Game 3 of a best-of-3
|t:|1784127323
|gametype|doubles
|player|p1|chimbuotza|170|1266
|player|p2|x-demon18|lucas|1232
|gen|9
|tier|[Gen 9 Champions] VGC 2026 Reg M-B (Bo3)
|rated|
|rule|Species Clause: Limit one of each Pokémon
|rule|Item Clause: Limit 1 of each item
|clearpoke
|poke|p1|Blaziken, L50, M, shiny|
|poke|p1|Venusaur, L50, M|
|poke|p1|Kingambit, L50, M, shiny|
|poke|p1|Basculegion, L50, M, shiny|
|poke|p1|Ninetales-Alola, L50, M, shiny|
|poke|p1|Lycanroc-Dusk, L50, F|
|poke|p2|Incineroar, L50, F|
|poke|p2|Rotom-Wash, L50|
|poke|p2|Venusaur, L50, M|
|poke|p2|Garchomp, L50, M|
|poke|p2|Corviknight, L50, F|
|poke|p2|Sylveon, L50, F|
|teampreview|4
|showteam|p1|Blaziken||Blazikenite|SpeedBoost|CloseCombat,StoneEdge,FlareBlitz,Detect|Adamant||M|||50|]Venusaur||Venusaurite|Overgrow|SludgeBomb,Protect,EarthPower,GigaDrain|Modest||M|||50|]Kingambit||LifeOrb|Defiant|KowtowCleave,SuckerPunch,Protect,IronHead|Adamant||M|||50|]Basculegion||ChoiceScarf|Adaptability|WaveCrash,LastRespects,AquaJet,FlipTurn|Jolly||M|||50|]Ninetales-Alola||NeverMeltIce|SnowWarning|Blizzard,FreezeDry,Encore,Protect|Timid||M|||50|]Lycanroc-Dusk||FocusSash|ToughClaws|Accelerock,RockSlide,CloseCombat,Protect|Adamant||F|||50|
|showteam|p2|Incineroar||ExpertBelt|Intimidate|FakeOut,TemperFlare,ThroatChop,PartingShot|Adamant||F|||50|]Rotom-Wash||SitrusBerry|Levitate|HydroPump,Electroweb,WillOWisp,VoltSwitch|Calm|||||50|]Venusaur||Venusaurite|Chlorophyll|GigaDrain,SludgeBomb,EarthPower,Protect|Modest||M|||50|]Garchomp||LifeOrb|RoughSkin|RockSlide,DragonClaw,StompingTantrum,Protect|Jolly||M|||50|]Corviknight||OccaBerry|MirrorArmor|Tailwind,BraveBird,IronHead,BodyPress|Careful||F|||50|]Sylveon||FairyFeather|Pixilate|HyperVoice,QuickAttack,Yawn,Detect|Modest||F|||50|
|inactive|Battle timer is ON: inactive players will automatically lose when time's up. (requested by chimbuotza)
|inactive|chimbuotza has 60 seconds left.
|inactive|x-demon18 has 60 seconds left.
|
|t:|1784127371
|teamsize|p1|4
|teamsize|p2|4
|start
|switch|p1a: The Cure|Ninetales-Alola, L50, M, shiny|100/100
|switch|p1b: less|Basculegion, L50, M, shiny|100/100
|switch|p2a: Yggdrasil|Venusaur, L50, M|100/100
|switch|p2b: HydroVolt|Rotom-Wash, L50|100/100
|-weather|Snowscape|[from] ability: Snow Warning|[of] p1a: The Cure
|turn|1
|inactive|x-demon18 has 30 seconds left.
|inactive|x-demon18 has 20 seconds left.
|
|t:|1784127409
|detailschange|p2a: Yggdrasil|Venusaur-Mega, L50, M
|-mega|p2a: Yggdrasil|Venusaur|Venusaurite
|move|p1a: The Cure|Protect|p1a: The Cure
|-singleturn|p1a: The Cure|Protect
|move|p1b: less|Flip Turn|p2b: HydroVolt
|-resisted|p2b: HydroVolt|1
|-damage|p2b: HydroVolt|78/100
|
|t:|1784127425
|switch|p1b: my way|Blaziken, L50, M, shiny|100/100|[from] Flip Turn
|move|p2a: Yggdrasil|Sludge Bomb|p1a: The Cure
|-activate|p1a: The Cure|move: Protect
|move|p2b: HydroVolt|Will-O-Wisp|p1b: my way
|-immune|p1b: my way
|
|-weather|Snowscape|[upkeep]
|upkeep
|turn|2
|
|t:|1784127439
|detailschange|p1b: my way|Blaziken-Mega, L50, M, shiny
|-mega|p1b: my way|Blaziken|Blazikenite
|move|p1a: The Cure|Blizzard|p2b: HydroVolt|[spread] p2a,p2b
|-supereffective|p2a: Yggdrasil|1
|-resisted|p2b: HydroVolt|1
|-damage|p2a: Yggdrasil|67/100
|-damage|p2b: HydroVolt|63/100
|move|p1b: my way|Flare Blitz|p2a: Yggdrasil
|-supereffective|p2a: Yggdrasil|1
|-damage|p2a: Yggdrasil|2/100
|-damage|p1b: my way|74/100|[from] Recoil
|move|p2a: Yggdrasil|Sludge Bomb|p1a: The Cure
|-supereffective|p1a: The Cure|1
|-damage|p1a: The Cure|0 fnt
|faint|p1a: The Cure
|move|p2b: HydroVolt|Hydro Pump|p1b: my way
|-supereffective|p1b: my way|1
|-damage|p1b: my way|0 fnt
|faint|p1b: my way
|
|-weather|Snowscape|[upkeep]
|upkeep
|
|t:|1784127449
|switch|p1a: less|Basculegion, L50, M, shiny|100/100
|switch|p1b: Lycanroc|Lycanroc-Dusk, L50, F|100/100
|turn|3
|
|t:|1784127470
|move|p2a: Yggdrasil|Protect|p2a: Yggdrasil
|-singleturn|p2a: Yggdrasil|Protect
|move|p1a: less|Last Respects|p2b: HydroVolt
|-damage|p2b: HydroVolt|0 fnt
|faint|p2b: HydroVolt
|move|p1b: Lycanroc|Rock Slide|p2a: Yggdrasil
|-activate|p2a: Yggdrasil|move: Protect
|
|-weather|Snowscape|[upkeep]
|upkeep
|
|t:|1784127482
|switch|p2b: Griffith|Corviknight, L50, F|100/100
|turn|4
|
|t:|1784127487
|move|p1a: less|Last Respects|p2b: Griffith
|-damage|p2b: Griffith|14/100
|move|p1b: Lycanroc|Rock Slide|p2a: Yggdrasil|[spread] p2a,p2b
|-damage|p2a: Yggdrasil|0 fnt
|-damage|p2b: Griffith|0 fnt
|faint|p2a: Yggdrasil
|faint|p2b: Griffith
|
|-weather|Snowscape|[upkeep]
|upkeep
|
|t:|1784127498
|switch|p2b: Berserk|Garchomp, L50, M|100/100
|turn|5
|
|t:|1784127503
|move|p1a: less|Last Respects|p2b: Berserk
|-damage|p2b: Berserk|1/100
|move|p2b: Berserk|Rock Slide|p1b: Lycanroc|[spread] p1a,p1b
|-damage|p1a: less|66/100
|-damage|p1b: Lycanroc|57/100
|-damage|p2b: Berserk|0 fnt|[from] item: Life Orb
|faint|p2b: Berserk
|
|win|chimbuotza
|raw|chimbuotza's rating: 1266 → 1289(+23 for winning)
|raw|x-demon18's rating: 1232 → 1209(-23 for losing)
|l|☆chimbuotza
|player|p1|
