|j|☆TheDark69420
|j|☆Delacruso
|html|TheDark69420Delacruso    
|uhtml|bestof|Game 1 of a best-of-3
|t:|1783619247
|gametype|doubles
|player|p1|TheDark69420|ghetsis-gen5bw|1218
|player|p2|Delacruso|red|1157
|gen|9
|tier|[Gen 9 Champions] VGC 2026 Reg M-B (Bo3)
|rated|
|rule|Species Clause: Limit one of each Pokémon
|rule|Item Clause: Limit 1 of each item
|clearpoke
|poke|p1|Metagross, L50|
|poke|p1|Aerodactyl, L50, F|
|poke|p1|Farigiraf, L50, M|
|poke|p1|Torkoal, L50, F|
|poke|p1|Sylveon, L50, F|
|poke|p1|Annihilape, L50, F|
|poke|p2|Swampert, L50, M|
|poke|p2|Grimmsnarl, L50, M, shiny|
|poke|p2|Archaludon, L50, M|
|poke|p2|Pelipper, L50, M|
|poke|p2|Sinistcha, L50|
|poke|p2|Staraptor, L50, M, shiny|
|teampreview|4
|showteam|p1|Metagross||Metagrossite|ClearBody|IronHead,PsychicFangs,HammerArm,Protect|Jolly|||||50|]Aerodactyl||Aerodactylite|RockHead|RockSlide,Tailwind,IceFang,DualWingbeat|Jolly||F|||50|]Farigiraf||ColburBerry|ArmorTail|TrickRoom,Thunderbolt,Protect,TwinBeam|Sassy||M|||50|]Torkoal||Charcoal|Drought|Eruption,WeatherBall,SolarBeam,Protect|Modest||F|||50|]Sylveon||FairyFeather|Pixilate|HyperVoice,Moonblast,Detect,QuickAttack|Modest||F|||50|]Annihilape||FocusSash|Defiant|ShadowClaw,CloseCombat,Coaching,Protect|Jolly||F|||50|
|showteam|p2|Swampert||Swampertite|Damp|WaveCrash,Earthquake,IcePunch,Protect|Adamant||M|||50|]Grimmsnarl||LightClay|Prankster|FoulPlay,PartingShot,LightScreen,Reflect|Careful||M|||50|]Archaludon||Leftovers|Stamina|ElectroShot,DragonPulse,FlashCannon,Protect|Modest||M|||50|]Pelipper||FocusSash|Drizzle|Hurricane,WeatherBall,Tailwind,WideGuard|Modest||M|||50|]Sinistcha||SitrusBerry|Hospitality|MatchaGotcha,RagePowder,Protect,TrickRoom|Serious|||||50|]Staraptor||Staraptite|Intimidate|CloseCombat,BraveBird,Roost,Protect|Adamant||M|||50|
|inactive|Battle timer is ON: inactive players will automatically lose when time's up. (requested by Delacruso)
|inactive|TheDark69420 also wants the timer to be on.
|inactive|Delacruso has 60 seconds left.
|
|t:|1783619291
|teamsize|p1|4
|teamsize|p2|4
|start
|switch|p1a: Farigiraf|Farigiraf, L50, M|100/100
|switch|p1b: Sylveon|Sylveon, L50, F|100/100
|switch|p2a: Pelipper|Pelipper, L50, M|100/100
|switch|p2b: Swampert|Swampert, L50, M|100/100
|-weather|RainDance|[from] ability: Drizzle|[of] p2a: Pelipper
|turn|1
|
|t:|1783619314
|switch|p1b: Torkoal|Torkoal, L50, F|100/100
|-weather|SunnyDay|[from] ability: Drought|[of] p1b: Torkoal
|detailschange|p2b: Swampert|Swampert-Mega, L50, M
|-mega|p2b: Swampert|Swampert|Swampertite
|move|p2b: Swampert|Earthquake|p1b: Torkoal|[spread] p1a,p1b
|-immune|p2a: Pelipper
|-supereffective|p1b: Torkoal|1
|-damage|p1a: Farigiraf|45/100
|-damage|p1b: Torkoal|28/100
|move|p2a: Pelipper|Weather Ball|p1a: Farigiraf
|-damage|p1a: Farigiraf|14/100
|move|p1a: Farigiraf|Thunderbolt|p2a: Pelipper
|-supereffective|p2a: Pelipper|2
|-enditem|p2a: Pelipper|Focus Sash
|-damage|p2a: Pelipper|1/100
|
|-weather|SunnyDay|[upkeep]
|upkeep
|turn|2
|inactive|Delacruso has 30 seconds left.
|inactive|TheDark69420 has 30 seconds left.
|inactive|Delacruso has 20 seconds left.
|inactive|Delacruso has 15 seconds left.
|
|t:|1783619358
|switch|p2a: Sinistcha|Sinistcha, L50|100/100
|move|p1b: Torkoal|Protect|p1b: Torkoal
|-singleturn|p1b: Torkoal|Protect
|move|p2b: Swampert|Earthquake|p1b: Torkoal|[spread] p2a,p1a
|-activate|p1b: Torkoal|move: Protect
|-resisted|p2a: Sinistcha|1
|-damage|p2a: Sinistcha|79/100
|-damage|p1a: Farigiraf|0 fnt
|faint|p1a: Farigiraf
|
|-weather|SunnyDay|[upkeep]
|upkeep
|
|t:|1783619366
|switch|p1a: Sylveon|Sylveon, L50, F|100/100
|turn|3
|
|t:|1783619379
|move|p2a: Sinistcha|Rage Powder|p2a: Sinistcha
|-singleturn|p2a: Sinistcha|move: Rage Powder
|move|p2b: Swampert|Earthquake|p1b: Torkoal|[spread] p2a,p1a,p1b
|-resisted|p2a: Sinistcha|1
|-supereffective|p1b: Torkoal|1
|-damage|p2a: Sinistcha|60/100
|-damage|p1a: Sylveon|40/100
|-damage|p1b: Torkoal|0 fnt
|faint|p1b: Torkoal
|move|p1a: Sylveon|Hyper Voice|p2b: Swampert|[spread] p2a,p2b
|-damage|p2a: Sinistcha|14/100
|-damage|p2b: Swampert|61/100
|-enditem|p2a: Sinistcha|Sitrus Berry|[eat]
|-heal|p2a: Sinistcha|39/100|[from] item: Sitrus Berry
|
|-weather|SunnyDay|[upkeep]
|upkeep
|
|t:|1783619387
|switch|p1b: Metagross|Metagross, L50|100/100
|turn|4
|
|t:|1783619397
|switch|p2a: Pelipper|Pelipper, L50, M|1/100
|-weather|RainDance|[from] ability: Drizzle|[of] p2a: Pelipper
|detailschange|p1b: Metagross|Metagross-Mega, L50
|-mega|p1b: Metagross|Metagross|Metagrossite
|move|p2b: Swampert|Earthquake|p1b: Metagross|[spread] p1a,p1b
|-immune|p2a: Pelipper
|-supereffective|p1b: Metagross|1
|-damage|p1a: Sylveon|0 fnt
|-damage|p1b: Metagross|19/100
|faint|p1a: Sylveon
|move|p1b: Metagross|Psychic Fangs|p2b: Swampert
|-damage|p2b: Swampert|5/100
|
|-weather|RainDance|[upkeep]
|upkeep
|turn|5
|
|t:|1783619419
|move|p2b: Swampert|Earthquake|p1b: Metagross|[spread] p1b
|-immune|p2a: Pelipper
|-supereffective|p1b: Metagross|1
|-damage|p1b: Metagross|0 fnt
|faint|p1b: Metagross
|
|win|Delacruso
