|j|☆CappyTJ5
|j|☆hatsune p2
|html|CappyTJ5hatsune p2    
|uhtml|bestof|Game 1 of a best-of-3
|t:|1757032159
|gametype|doubles
|player|p1|CappyTJ5|170|1028
|player|p2|hatsune p2|miku-fairy|1097
|gen|9
|tier|[Gen 9] VGC 2025 Reg H (Bo3)
|rated|
|rule|Species Clause: Limit one of each Pokémon
|rule|Item Clause: Limit 1 of each item
|clearpoke
|poke|p1|Sneasler, L50, F|
|poke|p1|Incineroar, L50, M|
|poke|p1|Dragonite, L50, F|
|poke|p1|Gholdengo, L50|
|poke|p1|Amoonguss, L50, F|
|poke|p1|Ursaluna-Bloodmoon, L50, M|
|poke|p2|Incineroar, L50, M|
|poke|p2|Farigiraf, L50, F|
|poke|p2|Sneasler, L50, F|
|poke|p2|Pelipper, L50, M|
|poke|p2|Archaludon, L50, M|
|poke|p2|Rillaboom, L50, F|
|teampreview|4
|showteam|p1|Sneasler||FocusSash|Unburden|Protect,DireClaw,CloseCombat,ThroatChop|||F|||50|,,,,,Stellar]Incineroar||SafetyGoggles|Intimidate|KnockOff,FlareBlitz,PartingShot,FakeOut|||M|||50|,,,,,Ghost]Dragonite||LoadedDice|Multiscale|Protect,ScaleShot,Tailwind,Haze|||F|||50|,,,,,Fairy]Gholdengo||LifeOrb|GoodasGold|Protect,MakeItRain,ShadowBall,NastyPlot||||||50|,,,,,Water]Amoonguss||SitrusBerry|Regenerator|Protect,Spore,PollenPuff,RagePowder|||F|||50|,,,,,Water]Ursaluna-Bloodmoon||AssaultVest|MindsEye|HyperVoice,BloodMoon,EarthPower,VacuumWave|||M|||50|,,,,,Water
|showteam|p2|Incineroar||SafetyGoggles|Intimidate|FakeOut,FlareBlitz,KnockOff,Uturn|||M|||50|,,,,,Ghost]Farigiraf||ThroatSpray|ArmorTail|HyperVoice,Psychic,Protect,TrickRoom|||F|||50|,,,,,Fire]Sneasler||GrassySeed|Unburden|ThroatChop,CloseCombat,DireClaw,Protect|||F|||50|,,,,,Dark]Pelipper||ChoiceScarf|Drizzle|Uturn,IcyWind,WeatherBall,Hurricane|||M|||50|,,,,,Water]Archaludon||AssaultVest|Stamina|ElectroShot,FlashCannon,DragonPulse,BodyPress|||M|||50|,,,,,Bug]Rillaboom||LoadedDice|GrassySurge|FakeOut,BulletSeed,GrassyGlide,HighHorsepower|||F|||50|,,,,,Water
|inactive|Battle timer is ON: inactive players will automatically lose when time's up. (requested by CappyTJ5)
|c|☆hatsune p2|GLHF
|inactive|CappyTJ5 has 60 seconds left.
|inactive|hatsune p2 has 60 seconds left.
|c|☆CappyTJ5|glhf
|inactive|hatsune p2 has 30 seconds left.
|inactive|hatsune p2 has 20 seconds left.
|inactive|hatsune p2 has 15 seconds left.
|inactive|hatsune p2 has 10 seconds left.
|inactive|hatsune p2 has 5 seconds left.
|
|t:|1757032248
|teamsize|p1|4
|teamsize|p2|4
|start
|switch|p1a: Dragonite|Dragonite, L50, F|100/100
|switch|p1b: Ursaluna|Ursaluna-Bloodmoon, L50, M|100/100
|switch|p2a: Pelipper|Pelipper, L50, M|100/100
|switch|p2b: Rillaboom|Rillaboom, L50, F|100/100
|-weather|RainDance|[from] ability: Drizzle|[of] p2a: Pelipper
|-fieldstart|move: Grassy Terrain|[from] ability: Grassy Surge|[of] p2b: Rillaboom
|turn|1
|
|t:|1757032271
|switch|p1b: Gholdengo|Gholdengo, L50|100/100
|move|p1a: Dragonite|Protect|p1a: Dragonite
|-singleturn|p1a: Dragonite|Protect
|move|p2b: Rillaboom|Fake Out|p1a: Dragonite
|-activate|p1a: Dragonite|move: Protect
|move|p2a: Pelipper|Icy Wind|p1b: Gholdengo|[spread] p1b
|-activate|p1a: Dragonite|move: Protect
|-resisted|p1b: Gholdengo
|-damage|p1b: Gholdengo|93/100
|-unboost|p1b: Gholdengo|spe|1
|
|-weather|RainDance|[upkeep]
|-heal|p1b: Gholdengo|99/100|[from] Grassy Terrain
|upkeep
|turn|2
|
|t:|1757032295
|move|p2a: Pelipper|Icy Wind|p1a: Dragonite|[spread] p1a,p1b
|-supereffective|p1a: Dragonite
|-resisted|p1b: Gholdengo
|-damage|p1a: Dragonite|74/100
|-damage|p1b: Gholdengo|92/100
|-unboost|p1a: Dragonite|spe|1
|-unboost|p1b: Gholdengo|spe|1
|move|p2b: Rillaboom|High Horsepower|p1b: Gholdengo|[miss]
|-miss|p2b: Rillaboom|p1b: Gholdengo
|move|p1a: Dragonite|Tailwind|p1a: Dragonite
|-sidestart|p1: CappyTJ5|move: Tailwind
|move|p1b: Gholdengo|Nasty Plot|p1b: Gholdengo
|-boost|p1b: Gholdengo|spa|2
|
|-weather|RainDance|[upkeep]
|-heal|p1b: Gholdengo|98/100|[from] Grassy Terrain
|upkeep
|turn|3
|c|☆hatsune p2|sick
|c|☆hatsune p2|love this game
|
|t:|1757032319
|move|p1b: Gholdengo|Protect|p1b: Gholdengo
|-singleturn|p1b: Gholdengo|Protect
|move|p1a: Dragonite|Haze|p1a: Dragonite
|-clearallboost
|move|p2a: Pelipper|Icy Wind|p1a: Dragonite|[spread] p1a
|-activate|p1b: Gholdengo|move: Protect
|-supereffective|p1a: Dragonite
|-damage|p1a: Dragonite|21/100
|-unboost|p1a: Dragonite|spe|1
|move|p2b: Rillaboom|Bullet Seed|p1b: Gholdengo
|-activate|p1b: Gholdengo|move: Protect
|
|-weather|RainDance|[upkeep]
|-heal|p1b: Gholdengo|100/100|[from] Grassy Terrain
|upkeep
|turn|4
|c|☆CappyTJ5|wait
|c|☆CappyTJ5|oops LOL
|inactive|CappyTJ5 has 30 seconds left.
|c|☆hatsune p2|lol
|inactive|CappyTJ5 has 20 seconds left.
|inactive|CappyTJ5 has 15 seconds left.
|inactive|CappyTJ5 has 10 seconds left.
|inactive|CappyTJ5 has 5 seconds left.
|
|t:|1757032373
|switch|p1b: Sneasler|Sneasler, L50, F|100/100
|move|p1a: Dragonite|Scale Shot|p2a: Pelipper|[miss]
|-miss|p1a: Dragonite|p2a: Pelipper
|move|p2a: Pelipper|Icy Wind|p1a: Dragonite|[spread] p1a,p1b
|-supereffective|p1a: Dragonite
|-damage|p1a: Dragonite|0 fnt
|-damage|p1b: Sneasler|82/100
|-unboost|p1b: Sneasler|spe|1
|faint|p1a: Dragonite
|move|p2b: Rillaboom|High Horsepower|p1b: Sneasler
|-supereffective|p1b: Sneasler
|-damage|p1b: Sneasler|0 fnt
|faint|p1b: Sneasler
|
|-weather|RainDance|[upkeep]
|upkeep
|c|☆CappyTJ5|well this doesnt seem good
|
|t:|1757032387
|switch|p1b: Ursaluna|Ursaluna-Bloodmoon, L50, M|100/100
|switch|p1a: Gholdengo|Gholdengo, L50|100/100
|turn|5
|c|☆hatsune p2|you have to believe in the heart of the cards, kaiba
|
|t:|1757032410
|-terastallize|p1a: Gholdengo|Water
|move|p1a: Gholdengo|Nasty Plot|p1a: Gholdengo
|-boost|p1a: Gholdengo|spa|2
|move|p1b: Ursaluna|Hyper Voice|p2b: Rillaboom|[spread] p2a,p2b
|-damage|p2a: Pelipper|38/100
|-damage|p2b: Rillaboom|58/100
|move|p2a: Pelipper|Icy Wind|p1b: Ursaluna|[spread] p1a,p1b
|-resisted|p1a: Gholdengo
|-crit|p1a: Gholdengo
|-supereffective|p1b: Ursaluna
|-damage|p1a: Gholdengo|89/100
|-damage|p1b: Ursaluna|81/100
|-unboost|p1a: Gholdengo|spe|1
|-unboost|p1b: Ursaluna|spe|1
|move|p2b: Rillaboom|Bullet Seed|p1b: Ursaluna
|-supereffective|p1b: Ursaluna
|-damage|p1b: Ursaluna|54/100
|-supereffective|p1b: Ursaluna
|-damage|p1b: Ursaluna|29/100
|-supereffective|p1b: Ursaluna
|-damage|p1b: Ursaluna|5/100
|-supereffective|p1b: Ursaluna
|-damage|p1b: Ursaluna|0 fnt
|faint|p1b: Ursaluna
|-hitcount|p1: Ursaluna|4
|
|-weather|none
|-heal|p1a: Gholdengo|95/100|[from] Grassy Terrain
|-heal|p2b: Rillaboom|64/100|[from] Grassy Terrain
|-sideend|p1: CappyTJ5|move: Tailwind
|-fieldend|move: Grassy Terrain
|upkeep
|turn|6
|
|t:|1757032432
|move|p2a: Pelipper|Icy Wind|p1a: Gholdengo
|-resisted|p1a: Gholdengo
|-damage|p1a: Gholdengo|86/100
|-unboost|p1a: Gholdengo|spe|1
|move|p2b: Rillaboom|Bullet Seed|p1a: Gholdengo
|-supereffective|p1a: Gholdengo
|-damage|p1a: Gholdengo|58/100
|-supereffective|p1a: Gholdengo
|-damage|p1a: Gholdengo|29/100
|-supereffective|p1a: Gholdengo
|-damage|p1a: Gholdengo|1/100
|-supereffective|p1a: Gholdengo
|-damage|p1a: Gholdengo|0 fnt
|faint|p1a: Gholdengo
|-hitcount|p1: Gholdengo|4
|
|win|hatsune p2
||hatsune p2 is ready for game 2.
