|j|☆ungaungavgc
|j|☆gimunino
|html|ungaungavgcgimunino    
|uhtml|bestof|Game 1 of a best-of-3
|t:|1757669166
|gametype|doubles
|player|p1|ungaungavgc|2|1399
|player|p2|gimunino|blue|1409
|gen|9
|tier|[Gen 9] VGC 2025 Reg H (Bo3)
|rated|
|rule|Species Clause: Limit one of each Pokémon
|rule|Item Clause: Limit 1 of each item
|clearpoke
|poke|p1|Whimsicott, L50, M|
|poke|p1|Primarina, L50, M|
|poke|p1|Sneasler, L50, M|
|poke|p1|Indeedee, L50, M|
|poke|p1|Ursaluna-Bloodmoon, L50, M|
|poke|p1|Arcanine-Hisui, L50, M|
|poke|p2|Sneasler, L50, F|
|poke|p2|Indeedee, L50, M|
|poke|p2|Volcarona, L50, M|
|poke|p2|Ursaluna-Bloodmoon, L50, M|
|poke|p2|Annihilape, L50, F|
|poke|p2|Tyranitar, L50, M|
|teampreview|4
|showteam|p1|Whimsicott||CovertCloak|Prankster|Tailwind,Encore,SunnyDay,Moonblast|||M|||50|,,,,,Water]Primarina||SitrusBerry|LiquidVoice|HyperVoice,Moonblast,Haze,Protect|||M|||50|,,,,,Poison]Sneasler||PsychicSeed|Unburden|DireClaw,CloseCombat,ThroatChop,Protect|||M|||50|,,,,,Dark]Indeedee||FocusSash|PsychicSurge|ExpandingForce,TeraBlast,Protect,TrickRoom|||M|||50|,,,,,Fighting]Ursaluna-Bloodmoon||LifeOrb|MindsEye|BloodMoon,EarthPower,HyperVoice,Protect|||M|||50|,,,,,Normal]Arcanine-Hisui||ChoiceBand|Intimidate|FlareBlitz,ExtremeSpeed,CloseCombat,RockSlide|||M|||50|,,,,,Grass
|showteam|p2|Sneasler||PsychicSeed|Unburden|CloseCombat,DireClaw,ThroatChop,Protect|||F|||50|,,,,,Dark]Indeedee||ChoiceScarf|PsychicSurge|TeraBlast,ExpandingForce,Trick,Protect|||M|||50|,,,,,Psychic]Volcarona||SitrusBerry|FlameBody|Overheat,StruggleBug,RagePowder,Tailwind|||M|||50|,,,,,Grass]Ursaluna-Bloodmoon||LifeOrb|MindsEye|HyperVoice,BloodMoon,EarthPower,Protect|||M|||50|,,,,,Normal]Annihilape||SafetyGoggles|Defiant|CloseCombat,FinalGambit,RageFist,Taunt|||F|||50|,,,,,Fairy]Tyranitar||AssaultVest|SandStream|RockSlide,KnockOff,LowKick,TeraBlast|||M|||50|,,,,,Flying
|inactive|Battle timer is ON: inactive players will automatically lose when time's up. (requested by gimunino)
|
|t:|1757669238
|teamsize|p1|4
|teamsize|p2|4
|start
|switch|p1a: Whimsicott|Whimsicott, L50, M|100/100
|switch|p1b: Sneasler|Sneasler, L50, M|100/100
|switch|p2a: Tyranitar|Tyranitar, L50, M|100/100
|switch|p2b: Volcarona|Volcarona, L50, M|100/100
|-weather|Sandstorm|[from] ability: Sand Stream|[of] p2a: Tyranitar
|turn|1
|inactive|gimunino has 30 seconds left.
|inactive|gimunino has 20 seconds left.
|
|t:|1757669274
|switch|p1a: Arcanine|Arcanine-Hisui, L50, M|100/100
|-ability|p1a: Arcanine|Intimidate|boost
|-unboost|p2a: Tyranitar|atk|1
|-unboost|p2b: Volcarona|atk|1
|-terastallize|p2a: Tyranitar|Flying
|move|p1b: Sneasler|Protect|p1b: Sneasler
|-singleturn|p1b: Sneasler|Protect
|move|p2b: Volcarona|Tailwind|p2b: Volcarona
|-sidestart|p2: gimunino|move: Tailwind
|move|p2a: Tyranitar|Tera Blast|p1a: Arcanine|[anim] Tera Blast Flying
|-resisted|p1a: Arcanine
|-damage|p1a: Arcanine|82/100
|
|-weather|Sandstorm|[upkeep]
|-damage|p2b: Volcarona|94/100|[from] Sandstorm
|-damage|p2a: Tyranitar|95/100|[from] Sandstorm
|-damage|p1b: Sneasler|95/100|[from] Sandstorm
|upkeep
|turn|2
|inactive|ungaungavgc has 30 seconds left.
|
|t:|1757669303
|switch|p2b: Sneasler|Sneasler, L50, F|100/100
|move|p2a: Tyranitar|Tera Blast|p1b: Sneasler|[anim] Tera Blast Flying
|-supereffective|p1b: Sneasler
|-damage|p1b: Sneasler|0 fnt
|faint|p1b: Sneasler
|move|p1a: Arcanine|Rock Slide|p2a: Tyranitar|[spread] p2a,p2b
|-supereffective|p2a: Tyranitar
|-resisted|p2b: Sneasler
|-damage|p2a: Tyranitar|27/100
|-damage|p2b: Sneasler|67/100
|
|-weather|Sandstorm|[upkeep]
|-damage|p2b: Sneasler|61/100|[from] Sandstorm
|-damage|p2a: Tyranitar|22/100|[from] Sandstorm
|upkeep
|
|t:|1757669314
|switch|p1b: Whimsicott|Whimsicott, L50, M|100/100
|turn|3
|
|t:|1757669338
|move|p1b: Whimsicott|Tailwind|p1b: Whimsicott
|-sidestart|p1: ungaungavgc|move: Tailwind
|move|p2b: Sneasler|Dire Claw|p1b: Whimsicott
|-supereffective|p1b: Whimsicott
|-damage|p1b: Whimsicott|0 fnt
|faint|p1b: Whimsicott
|move|p1a: Arcanine|Rock Slide|p2a: Tyranitar|[spread] p2a
|-miss|p1a: Arcanine|p2b: Sneasler
|-supereffective|p2a: Tyranitar
|-damage|p2a: Tyranitar|0 fnt
|faint|p2a: Tyranitar
|
|-weather|Sandstorm|[upkeep]
|-damage|p2b: Sneasler|55/100|[from] Sandstorm
|upkeep
|
|t:|1757669352
|switch|p1b: Indeedee|Indeedee, L50, M|100/100
|switch|p2a: Ursaluna|Ursaluna-Bloodmoon, L50, M|100/100
|-fieldstart|move: Psychic Terrain|[from] ability: Psychic Surge|[of] p1b: Indeedee
|-enditem|p2b: Sneasler|Psychic Seed
|-boost|p2b: Sneasler|spd|1|[from] item: Psychic Seed
|turn|4
|inactive|gimunino has 30 seconds left.
|inactive|ungaungavgc has 30 seconds left.
|inactive|gimunino has 20 seconds left.
|inactive|ungaungavgc has 20 seconds left.
|inactive|gimunino has 15 seconds left.
|inactive|gimunino has 10 seconds left.
|
|t:|1757669397
|-terastallize|p1b: Indeedee|Fighting
|move|p2a: Ursaluna|Protect|p2a: Ursaluna
|-singleturn|p2a: Ursaluna|Protect
|move|p2b: Sneasler|Close Combat|p1b: Indeedee
|-enditem|p1b: Indeedee|Focus Sash
|-damage|p1b: Indeedee|1/100
|-unboost|p2b: Sneasler|def|1
|-unboost|p2b: Sneasler|spd|1
|move|p1b: Indeedee|Tera Blast|p2a: Ursaluna|[anim] Tera Blast Fighting
|-activate|p2a: Ursaluna|move: Protect
|move|p1a: Arcanine|Rock Slide|p2a: Ursaluna|[spread] 
|-activate|p2a: Ursaluna|move: Protect
|-miss|p1a: Arcanine|p2b: Sneasler
|
|-weather|Sandstorm|[upkeep]
|-damage|p2b: Sneasler|50/100|[from] Sandstorm
|-damage|p1b: Indeedee|0 fnt|[from] Sandstorm
|faint|p1b: Indeedee
|-sideend|p2: gimunino|move: Tailwind
|upkeep
|turn|5
|
|t:|1757669408
|move|p2b: Sneasler|Close Combat|p1a: Arcanine
|-supereffective|p1a: Arcanine
|-damage|p1a: Arcanine|0 fnt
|-unboost|p2b: Sneasler|def|1
|-unboost|p2b: Sneasler|spd|1
|faint|p1a: Arcanine
|
|win|gimunino
||gimunino is ready for game 2.
||ungaungavgc is ready for game 2.
|uhtml|next|Next: Game 2 of 3
|l|☆ungaungavgc
|player|p1|
