|j|☆itangood5
|j|☆iannaVi
|html|itangood5iannaVi    
|uhtml|bestof|Game 3 of a best-of-3
|t:|1783324696
|gametype|doubles
|player|p1|itangood5|nate|1111
|player|p2|iannaVi|cheren-gen5bw2|1172
|gen|9
|tier|[Gen 9 Champions] VGC 2026 Reg M-B (Bo3)
|rated|
|rule|Species Clause: Limit one of each Pokémon
|rule|Item Clause: Limit 1 of each item
|clearpoke
|poke|p1|Charizard, L50, M, shiny|
|poke|p1|Venusaur, L50, F|
|poke|p1|Floette-Eternal, L50, F|
|poke|p1|Farigiraf, L50, F|
|poke|p1|Incineroar, L50, F, shiny|
|poke|p1|Azumarill, L50, M|
|poke|p2|Scovillain, L50, M|
|poke|p2|Kingambit, L50, F|
|poke|p2|Lycanroc-Dusk, L50, M|
|poke|p2|Basculegion, L50, M|
|poke|p2|Metagross, L50|
|poke|p2|Sylveon, L50, F|
|teampreview|4
|showteam|p1|Charizard||CharizarditeY|SolarPower|HeatWave,Protect,WeatherBall,SolarBeam|Modest||M|||50|]Venusaur||FocusSash|Chlorophyll|LeafStorm,EarthPower,SludgeBomb,SleepPowder|Timid||F|||50|]Floette-Eternal||Floettite|FlowerVeil|Moonblast,CalmMind,DrainingKiss,Protect|Modest||F|||50|]Farigiraf||SitrusBerry|ArmorTail|PsychicNoise,Roar,HelpingHand,TrickRoom|Bold||F|||50|]Incineroar||WhiteHerb|Intimidate|CloseCombat,FlareBlitz,PartingShot,FakeOut|Brave||F|||50|]Azumarill||LifeOrb|HugePower|Liquidation,PlayRough,Protect,AquaJet|Brave||M|||50|
|showteam|p2|Scovillain||Scovillainite|Moody|GigaDrain,Overheat,RagePowder,Protect|Bold||M|||50|]Kingambit||BlackGlasses|Defiant|KowtowCleave,SuckerPunch,SwordsDance,Protect|Adamant||F|||50|]Lycanroc-Dusk||FocusSash|ToughClaws|CloseCombat,Accelerock,RockSlide,Protect|Jolly||M|||50|]Basculegion||SitrusBerry|Adaptability|WaveCrash,LastRespects,AquaJet,Protect|Adamant||M|||50|]Metagross||Metagrossite|ClearBody|IronHead,PsychicFangs,IcePunch,Protect|Adamant|||||50|]Sylveon||FairyFeather|Pixilate|HyperVoice,HyperBeam,QuickAttack,Detect|Modest||F|||50|
|inactive|Battle timer is ON: inactive players will automatically lose when time's up. (requested by itangood5)
|
|t:|1783324703
|teamsize|p1|4
|teamsize|p2|4
|start
|switch|p1a: Ace|Charizard, L50, M, shiny|100/100
|switch|p1b: S command|Venusaur, L50, F|100/100
|switch|p2a: Kingambit|Kingambit, L50, F|100/100
|switch|p2b: Lycanroc|Lycanroc-Dusk, L50, M|100/100
|turn|1
|
|t:|1783324716
|switch|p1b: Right HM|Farigiraf, L50, F|100/100
|detailschange|p1a: Ace|Charizard-Mega-Y, L50, M, shiny
|-mega|p1a: Ace|Charizard|Charizardite Y
|-weather|SunnyDay|[from] ability: Drought|[of] p1a: Ace
|move|p2b: Lycanroc|Accelerock||[still]
|cant|p1b: Right HM|ability: Armor Tail|Accelerock|[of] p2b: Lycanroc
|move|p2a: Kingambit|Sucker Punch||[still]
|cant|p1b: Right HM|ability: Armor Tail|Sucker Punch|[of] p2a: Kingambit
|move|p1a: Ace|Heat Wave|p2b: Lycanroc|[spread] p2a,p2b
|-supereffective|p2a: Kingambit|1
|-resisted|p2b: Lycanroc|1
|-damage|p2a: Kingambit|0 fnt
|-damage|p2b: Lycanroc|51/100
|faint|p2a: Kingambit
|
|-weather|SunnyDay|[upkeep]
|upkeep
|
|t:|1783324730
|switch|p2a: Sylveon|Sylveon, L50, F|100/100
|turn|2
|
|t:|1783324739
|switch|p1b: S command|Venusaur, L50, F|100/100
|move|p1a: Ace|Protect|p1a: Ace
|-singleturn|p1a: Ace|Protect
|move|p2b: Lycanroc|Rock Slide|p1a: Ace|[spread] p1b
|-activate|p1a: Ace|move: Protect
|-damage|p1b: S command|63/100
|move|p2a: Sylveon|Hyper Voice|p1a: Ace|[spread] p1b
|-activate|p1a: Ace|move: Protect
|-resisted|p1b: S command|1
|-damage|p1b: S command|37/100
|
|-weather|SunnyDay|[upkeep]
|upkeep
|turn|3
|
|t:|1783324755
|switch|p1a: Right HM|Farigiraf, L50, F|100/100
|move|p1b: S command|Leaf Storm|p2b: Lycanroc
|-supereffective|p2b: Lycanroc|1
|-damage|p2b: Lycanroc|0 fnt
|-unboost|p1b: S command|spa|2
|faint|p2b: Lycanroc
|move|p2a: Sylveon|Hyper Voice|p1b: S command|[spread] p1a,p1b
|-crit|p1a: Right HM
|-resisted|p1b: S command|1
|-damage|p1a: Right HM|24/100
|-damage|p1b: S command|10/100
|-enditem|p1a: Right HM|Sitrus Berry|[eat]
|-heal|p1a: Right HM|49/100|[from] item: Sitrus Berry
|
|-weather|SunnyDay|[upkeep]
|upkeep
|
|t:|1783324768
|switch|p2b: Metagross|Metagross, L50|100/100
|turn|4
|
|t:|1783324775
|detailschange|p2b: Metagross|Metagross-Mega, L50
|-mega|p2b: Metagross|Metagross|Metagrossite
|move|p1a: Right HM|Helping Hand|p1b: S command
|-singleturn|p1b: S command|Helping Hand|[of] p1a: Right HM
|move|p2a: Sylveon|Detect|p2a: Sylveon
|-singleturn|p2a: Sylveon|Protect
|move|p1b: S command|Sludge Bomb|p2a: Sylveon
|-activate|p2a: Sylveon|move: Protect
|move|p2b: Metagross|Ice Punch|p1b: S command
|-supereffective|p1b: S command|1
|-damage|p1b: S command|0 fnt
|faint|p1b: S command
|
|-weather|SunnyDay|[upkeep]
|upkeep
|
|t:|1783324779
|switch|p1b: Ace|Charizard-Mega-Y, L50, M, shiny|100/100
|turn|5
|
|t:|1783324799
|move|p1a: Right HM|Helping Hand|p1b: Ace
|-singleturn|p1b: Ace|Helping Hand|[of] p1a: Right HM
|move|p2b: Metagross|Protect|p2b: Metagross
|-singleturn|p2b: Metagross|Protect
|move|p1b: Ace|Heat Wave|p2a: Sylveon|[spread] p2a
|-activate|p2b: Metagross|move: Protect
|-damage|p2a: Sylveon|24/100
|move|p2a: Sylveon|Hyper Beam|p1b: Ace
|-resisted|p1b: Ace|1
|-damage|p1b: Ace|58/100
|-mustrecharge|p2a: Sylveon
|
|-weather|none
|upkeep
|turn|6
|
|t:|1783324813
|move|p1a: Right HM|Helping Hand|p1b: Ace
|-singleturn|p1b: Ace|Helping Hand|[of] p1a: Right HM
|move|p2b: Metagross|Psychic Fangs|p1b: Ace
|-damage|p1b: Ace|0 fnt
|faint|p1b: Ace
|cant|p2a: Sylveon|recharge
|
|upkeep
|
|t:|1783324819
|switch|p1b: Azzy|Azumarill, L50, M|100/100
|turn|7
|
|t:|1783324838
|move|p1b: Azzy|Protect|p1b: Azzy
|-singleturn|p1b: Azzy|Protect
|move|p2b: Metagross|Psychic Fangs|p1b: Azzy
|-activate|p1b: Azzy|move: Protect
|move|p2a: Sylveon|Hyper Voice|p1b: Azzy|[spread] p1a
|-activate|p1b: Azzy|move: Protect
|-damage|p1a: Right HM|3/100
|move|p1a: Right HM|Trick Room|p1a: Right HM
|-fieldstart|move: Trick Room|[of] p1a: Right HM
|
|upkeep
|turn|8
|
|t:|1783324856
|move|p1a: Right HM|Helping Hand|p1b: Azzy
|-singleturn|p1b: Azzy|Helping Hand|[of] p1a: Right HM
|move|p2a: Sylveon|Quick Attack||[still]
|cant|p1a: Right HM|ability: Armor Tail|Quick Attack|[of] p2a: Sylveon
|move|p1b: Azzy|Liquidation|p2b: Metagross
|-damage|p2b: Metagross|22/100
|-unboost|p2b: Metagross|def|1
|-damage|p1b: Azzy|90/100|[from] item: Life Orb
|move|p2b: Metagross|Psychic Fangs|p1b: Azzy
|-damage|p1b: Azzy|20/100y
|
|upkeep
|turn|9
|
|t:|1783324879
|move|p1a: Right HM|Helping Hand|p1b: Azzy
|-singleturn|p1b: Azzy|Helping Hand|[of] p1a: Right HM
|move|p1b: Azzy|Aqua Jet|p2a: Sylveon
|-damage|p2a: Sylveon|0 fnt
|faint|p2a: Sylveon
|-damage|p1b: Azzy|10/100|[from] item: Life Orb
|move|p2b: Metagross|Psychic Fangs|p1b: Azzy
|-damage|p1b: Azzy|0 fnt
|faint|p1b: Azzy
|
|upkeep
|turn|10
|
|t:|1783324893
|move|p1a: Right HM|Psychic Noise|p2b: Metagross
|-resisted|p2b: Metagross|2
|-damage|p2b: Metagross|14/100
|-start|p2b: Metagross|move: Heal Block
|move|p2b: Metagross|Iron Head|p1a: Right HM
|-damage|p1a: Right HM|0 fnt
|faint|p1a: Right HM
|
|win|iannaVi
|raw|itangood5's rating: 1111 → 1090(-21 for losing)
|raw|iannaVi's rating: 1172 → 1193(+21 for winning)
|l|☆itangood5
|player|p1|
