|j|☆tang de maracuja
|j|☆annoptan
|html|tang de maracujaannoptan    
|uhtml|bestof|Game 1 of a best-of-3
|t:|1785158464
|gametype|doubles
|player|p1|tang de maracuja|morty|1299
|player|p2|annoptan|102|1141
|gen|9
|tier|[Gen 9 Champions] VGC 2026 Reg M-B (Bo3)
|rated|
|rule|Species Clause: Limit one of each Pokémon
|rule|Item Clause: Limit 1 of each item
|clearpoke
|poke|p1|Kingambit, L50, M|
|poke|p1|Whimsicott, L50, F|
|poke|p1|Basculegion, L50, M|
|poke|p1|Garchomp, L50, F|
|poke|p1|Charizard, L50, M|
|poke|p1|Floette-Eternal, L50, F|
|poke|p2|Gengar, L50, M|
|poke|p2|Archaludon, L50, M|
|poke|p2|Politoed, L50, F|
|poke|p2|Swampert, L50, M|
|poke|p2|Vivillon-Fancy, L50, M|
|poke|p2|Incineroar, L50, F|
|teampreview|4
|showteam|p1|Kingambit||ChopleBerry|Defiant|KowtowCleave,LowKick,SuckerPunch,Protect|Adamant||M|||50|]Whimsicott||FocusSash|Prankster|Moonblast,Tailwind,Encore,Protect|Timid||F|||50|]Basculegion||MysticWater|Adaptability|WaveCrash,LastRespects,AquaJet,Protect|Adamant||M|||50|]Garchomp||LifeOrb|RoughSkin|DragonClaw,RockSlide,Earthquake,Protect|Jolly||F|||50|]Charizard||CharizarditeY|Blaze|WeatherBall,HeatWave,SolarBeam,Protect|Modest||M|||50|]Floette-Eternal||Floettite|FlowerVeil|Moonblast,DazzlingGleam,LightofRuin,Protect|Timid||F|||50|
|showteam|p2|Gengar||Gengarite|CursedBody|ShadowBall,SludgeBomb,PerishSong,Protect|Modest||M|||50|]Archaludon||Leftovers|Stamina|ElectroShot,DragonPulse,FlashCannon,Protect|Bold||M|||50|]Politoed||SitrusBerry|Drizzle|WeatherBall,Hypnosis,PerishSong,Protect|Calm||F|||50|]Swampert||Swampertite|Torrent|Earthquake,WaveCrash,IcePunch,Protect|Adamant||M|||50|]Vivillon-Fancy||FocusSash|CompoundEyes|Hurricane,SleepPowder,RagePowder,Protect|Timid||M|||50|]Incineroar||PasshoBerry|Intimidate|ThroatChop,FakeOut,PartingShot,Protect|Impish||F|||50|
|inactive|Battle timer is ON: inactive players will automatically lose when time's up. (requested by tang de maracuja)
|inactive|tang de maracuja has 60 seconds left.
|inactive|annoptan has 60 seconds left.
|
|t:|1785158520
|teamsize|p1|4
|teamsize|p2|4
|start
|switch|p1a: Garchomp|Garchomp, L50, F|100/100
|switch|p1b: Kingambit|Kingambit, L50, M|100/100
|switch|p2a: Swampert|Swampert, L50, M|100/100
|switch|p2b: Vivillon|Vivillon-Fancy, L50, M|100/100
|turn|1
|inactive|tang de maracuja has 30 seconds left.
|inactive|annoptan has 30 seconds left.
|inactive|tang de maracuja has 20 seconds left.
|inactive|tang de maracuja has 15 seconds left.
|inactive|tang de maracuja has 10 seconds left.
|
|t:|1785158567
|switch|p1b: Charizard|Charizard, L50, M|100/100
|detailschange|p2a: Swampert|Swampert-Mega, L50, M
|-mega|p2a: Swampert|Swampert|Swampertite
|move|p2b: Vivillon|Protect|p2b: Vivillon
|-singleturn|p2b: Vivillon|Protect
|move|p1a: Garchomp|Earthquake|p2a: Swampert|[spread] p2a
|-activate|p2b: Vivillon|move: Protect
|-immune|p1b: Charizard
|-damage|p2a: Swampert|53/100
|-damage|p1a: Garchomp|90/100|[from] item: Life Orb
|move|p2a: Swampert|Earthquake|p1a: Garchomp|[spread] p1a
|-activate|p2b: Vivillon|move: Protect
|-immune|p1b: Charizard
|-damage|p1a: Garchomp|41/100
|
|upkeep
|turn|2
|
|t:|1785158589
|detailschange|p1b: Charizard|Charizard-Mega-Y, L50, M
|-mega|p1b: Charizard|Charizard|Charizardite Y
|-weather|SunnyDay|[from] ability: Drought|[of] p1b: Charizard
|move|p2a: Swampert|Protect|p2a: Swampert
|-singleturn|p2a: Swampert|Protect
|move|p1a: Garchomp|Rock Slide|p2a: Swampert|[spread] p2b
|-activate|p2a: Swampert|move: Protect
|-supereffective|p2b: Vivillon|2
|-enditem|p2b: Vivillon|Focus Sash
|-damage|p2b: Vivillon|1/100
|-damage|p1a: Garchomp|31/100|[from] item: Life Orb
|move|p2b: Vivillon|Sleep Powder|p1b: Charizard
|-status|p1b: Charizard|slp|[from] move: Sleep Powder
|cant|p1b: Charizard|slp
|
|-weather|SunnyDay|[upkeep]
|upkeep
|turn|3
|inactive|tang de maracuja has 30 seconds left.
|inactive|annoptan has 30 seconds left.
|
|t:|1785158621
|switch|p2b: Politoed|Politoed, L50, F|100/100
|-weather|RainDance|[from] ability: Drizzle|[of] p2b: Politoed
|switch|p1b: Kingambit|Kingambit, L50, M|100/100
|move|p1a: Garchomp|Protect|p1a: Garchomp
|-singleturn|p1a: Garchomp|Protect
|move|p2a: Swampert|Earthquake|p1a: Garchomp|[spread] p2b,p1b
|-activate|p1a: Garchomp|move: Protect
|-supereffective|p1b: Kingambit|1
|-damage|p2b: Politoed|52/100
|-damage|p1b: Kingambit|26/100
|
|-weather|RainDance|[upkeep]
|upkeep
|turn|4
|
|t:|1785158637
|switch|p2b: Vivillon|Vivillon-Fancy, L50, M|1/100
|switch|p1b: Charizard|Charizard-Mega-Y, L50, M|100/100 slp
|-weather|SunnyDay|[from] ability: Drought|[of] p1b: Charizard
|move|p1a: Garchomp|Earthquake|p2b: Vivillon|[spread] p2a
|-immune|p1b: Charizard
|-immune|p2b: Vivillon
|-damage|p2a: Swampert|4/100
|-damage|p1a: Garchomp|22/100|[from] item: Life Orb
|move|p2a: Swampert|Earthquake|p1b: Charizard|[spread] p1a
|-immune|p2b: Vivillon
|-immune|p1b: Charizard
|-damage|p1a: Garchomp|0 fnt
|faint|p1a: Garchomp
|
|-weather|SunnyDay|[upkeep]
|upkeep
|
|t:|1785158647
|switch|p1a: Kingambit|Kingambit, L50, M|26/100
|turn|5
|
|t:|1785158659
|switch|p2a: Politoed|Politoed, L50, F|52/100
|-weather|RainDance|[from] ability: Drizzle|[of] p2a: Politoed
|move|p1a: Kingambit|Protect|p1a: Kingambit
|-singleturn|p1a: Kingambit|Protect
|move|p2b: Vivillon|Sleep Powder|p1a: Kingambit
|-activate|p1a: Kingambit|move: Protect
|cant|p1b: Charizard|slp
|
|-weather|RainDance|[upkeep]
|upkeep
|turn|6
|inactive|annoptan has 30 seconds left.
|
|t:|1785158687
|switch|p2b: Archaludon|Archaludon, L50, M|100/100
|switch|p1b: Basculegion|Basculegion, L50, M|100/100
|move|p2a: Politoed|Weather Ball|p1a: Kingambit
|-damage|p1a: Kingambit|0 fnt
|faint|p1a: Kingambit
|
|-weather|RainDance|[upkeep]
|upkeep
|
|t:|1785158694
|switch|p1a: Charizard|Charizard-Mega-Y, L50, M|100/100 slp
|-weather|SunnyDay|[from] ability: Drought|[of] p1a: Charizard
|turn|7
|
|t:|1785158709
|switch|p2a: Vivillon|Vivillon-Fancy, L50, M|1/100
|move|p2b: Archaludon|Protect|p2b: Archaludon
|-singleturn|p2b: Archaludon|Protect
|-curestatus|p1a: Charizard|slp|[msg]
|move|p1a: Charizard|Weather Ball|p2b: Archaludon
|-activate|p2b: Archaludon|move: Protect
|move|p1b: Basculegion|Last Respects|p2a: Vivillon
|-damage|p2a: Vivillon|0 fnt
|faint|p2a: Vivillon
|
|-weather|SunnyDay|[upkeep]
|upkeep
|
|t:|1785158723
|switch|p2a: Politoed|Politoed, L50, F|52/100
|-weather|RainDance|[from] ability: Drizzle|[of] p2a: Politoed
|turn|8
|
|t:|1785158734
|move|p1a: Charizard|Weather Ball|p2b: Archaludon
|-resisted|p2b: Archaludon|1
|-damage|p2b: Archaludon|73/100
|-ability|p2b: Archaludon|Stamina|boost
|-boost|p2b: Archaludon|def|1
|move|p1b: Basculegion|Last Respects|p2b: Archaludon
|-damage|p2b: Archaludon|30/100
|-ability|p2b: Archaludon|Stamina|boost
|-boost|p2b: Archaludon|def|1
|move|p2b: Archaludon|Electro Shot||[still]
|-prepare|p2b: Archaludon|Electro Shot
|-boost|p2b: Archaludon|spa|1
|-anim|p2b: Archaludon|Electro Shot|p1b: Basculegion
|-supereffective|p1b: Basculegion|1
|-damage|p1b: Basculegion|0 fnt
|faint|p1b: Basculegion
|move|p2a: Politoed|Weather Ball|p1a: Charizard
|-supereffective|p1a: Charizard|1
|-damage|p1a: Charizard|13/100
|
|-weather|RainDance|[upkeep]
|-heal|p2b: Archaludon|36/100|[from] item: Leftovers
|upkeep
|turn|9
|-message|tang de maracuja forfeited.
|
|win|annoptan
