|j|☆crullvgc
|j|☆strolin stu
|html|crullvgcstrolin stu    
|uhtml|bestof|Game 3 of a best-of-3
|t:|1756666431
|gametype|doubles
|player|p1|crullvgc|janitor|1071
|player|p2|strolin stu|mira|1049
|gen|9
|tier|[Gen 9] VGC 2025 Reg H (Bo3)
|rated|
|rule|Species Clause: Limit one of each Pokémon
|rule|Item Clause: Limit 1 of each item
|clearpoke
|poke|p1|Garchomp, L50, M|
|poke|p1|Talonflame, L50, F|
|poke|p1|Primarina, L50, M|
|poke|p1|Electabuzz, L50, M|
|poke|p1|Rillaboom, L50, F|
|poke|p1|Gholdengo, L50|
|poke|p2|Araquanid, L50, M|
|poke|p2|Oranguru, L50, F|
|poke|p2|Incineroar, L50, M|
|poke|p2|Garchomp, L50, F|
|poke|p2|Ninetales-Alola, L50, M|
|poke|p2|Rillaboom, L50, M|
|teampreview|4
|showteam|p1|Garchomp||LifeOrb|RoughSkin|StompingTantrum,Earthquake,DragonClaw,Protect|||M|||50|,,,,,Fire]Talonflame||CovertCloak|GaleWings|Tailwind,WillOWisp,DualWingbeat,Taunt|||F|||50|,,,,,Dark]Primarina||ThroatSpray|LiquidVoice|HyperVoice,Moonblast,Haze,Protect|||M|||50|,,,,,Poison]Electabuzz||Eviolite|VitalSpirit|FollowMe,Electroweb,HelpingHand,Protect|||M|||50|,,,,,Ghost]Rillaboom||AssaultVest|GrassySurge|FakeOut,GrassyGlide,WoodHammer,HighHorsepower|||F|||50|,,,,,Fire]Gholdengo||MetalCoat|GoodasGold|MakeItRain,ShadowBall,NastyPlot,Protect||||||50|,,,,,Steel
|showteam|p2|Araquanid||SplashPlate|WaterBubble|Surf,WideGuard,Protect,HydroPump|||M|||50|,,,,,Ghost]Oranguru||CovertCloak|Telepathy|TrickRoom,Instruct,Protect,FoulPlay|||F|||50|,,,,,Ghost]Incineroar||SafetyGoggles|Intimidate|FakeOut,KnockOff,FlareBlitz,PartingShot|||M|||50|,,,,,Ghost]Garchomp||LifeOrb|RoughSkin|Earthquake,DragonClaw,StompingTantrum,Protect|||F|||50|,,,,,Fire]Ninetales-Alola||FocusSash|SnowWarning|AuroraVeil,Blizzard,Moonblast,Protect|||M|||50|,,,,,Ice]Rillaboom||AssaultVest|GrassySurge|FakeOut,Uturn,KnockOff,GrassyGlide|||M|||50|,,,,,Water
|
|t:|1756666463
|teamsize|p1|4
|teamsize|p2|4
|start
|switch|p1a: Talonflame|Talonflame, L50, F|100/100
|switch|p1b: Primarina|Primarina, L50, M|100/100
|switch|p2a: Araquanid|Araquanid, L50, M, shiny|100/100
|switch|p2b: Oranguru|Oranguru, L50, F, shiny|100/100
|turn|1
|
|t:|1756666500
|move|p2b: Oranguru|Protect|p2b: Oranguru
|-singleturn|p2b: Oranguru|Protect
|move|p1a: Talonflame|Taunt|p2b: Oranguru
|-activate|p2b: Oranguru|move: Protect
|move|p1b: Primarina|Hyper Voice|p2a: Araquanid|[spread] p2a
|-activate|p2b: Oranguru|move: Protect
|-resisted|p2a: Araquanid
|-damage|p2a: Araquanid|84/100
|-enditem|p1b: Primarina|Throat Spray
|-boost|p1b: Primarina|spa|1|[from] item: Throat Spray
|move|p2a: Araquanid|Surf|p1b: Primarina|[spread] p1a,p1b
|-activate|p2b: Oranguru|move: Protect
|-supereffective|p1a: Talonflame
|-resisted|p1b: Primarina
|-damage|p1a: Talonflame|0 fnt
|-damage|p1b: Primarina|77/100
|faint|p1a: Talonflame
|
|upkeep
|
|t:|1756666511
|switch|p1a: Rillaboom|Rillaboom, L50, F|100/100
|-fieldstart|move: Grassy Terrain|[from] ability: Grassy Surge|[of] p1a: Rillaboom
|turn|2
|
|t:|1756666548
|move|p1a: Rillaboom|Wood Hammer|p2b: Oranguru
|-damage|p2b: Oranguru|30/100
|-damage|p1a: Rillaboom|78/100|[from] Recoil
|move|p1b: Primarina|Hyper Voice|p2b: Oranguru|[spread] p2a,p2b
|-resisted|p2a: Araquanid
|-damage|p2a: Araquanid|60/100
|-damage|p2b: Oranguru|0 fnt
|faint|p2b: Oranguru
|move|p2a: Araquanid|Surf|p1b: Primarina|[spread] p1a,p1b
|-resisted|p1a: Rillaboom
|-resisted|p1b: Primarina
|-damage|p1a: Rillaboom|62/100
|-damage|p1b: Primarina|54/100
|
|-heal|p1a: Rillaboom|68/100|[from] Grassy Terrain
|-heal|p1b: Primarina|60/100|[from] Grassy Terrain
|-heal|p2a: Araquanid|67/100|[from] Grassy Terrain
|upkeep
|
|t:|1756666566
|switch|p2b: Ninetales|Ninetales-Alola, L50, M|100/100
|-weather|Snowscape|[from] ability: Snow Warning|[of] p2b: Ninetales
|turn|3
|
|t:|1756666576
|-terastallize|p1a: Rillaboom|Fire
|move|p2b: Ninetales|Blizzard|p1b: Primarina|[spread] p1a,p1b
|-resisted|p1a: Rillaboom
|-resisted|p1b: Primarina
|-damage|p1a: Rillaboom|56/100
|-damage|p1b: Primarina|44/100
|move|p1a: Rillaboom|Wood Hammer|p2a: Araquanid
|-damage|p2a: Araquanid|0 fnt
|faint|p2a: Araquanid
|-damage|p1a: Rillaboom|41/100|[from] Recoil
|move|p1b: Primarina|Hyper Voice|p2b: Ninetales
|-damage|p2b: Ninetales|21/100
|
|-weather|Snowscape|[upkeep]
|-heal|p2b: Ninetales|27/100|[from] Grassy Terrain
|-heal|p1a: Rillaboom|46/100|[from] Grassy Terrain
|-heal|p1b: Primarina|50/100|[from] Grassy Terrain
|upkeep
|
|t:|1756666591
|switch|p2a: oasis|Garchomp, L50, F|100/100
|turn|4
|
|t:|1756666610
|-terastallize|p2a: oasis|Fire
|move|p2b: Ninetales|Protect|p2b: Ninetales
|-singleturn|p2b: Ninetales|Protect
|move|p1a: Rillaboom|Grassy Glide|p2a: oasis
|-resisted|p2a: oasis
|-damage|p2a: oasis|85/100
|-damage|p1a: Rillaboom|34/100|[from] ability: Rough Skin|[of] p2a: oasis
|move|p2a: oasis|Earthquake|p1b: Primarina|[spread] p1a,p1b
|-activate|p2b: Ninetales|move: Protect
|-supereffective|p1a: Rillaboom
|-damage|p1a: Rillaboom|0 fnt
|-damage|p1b: Primarina|22/100
|faint|p1a: Rillaboom
|-damage|p2a: oasis|75/100|[from] item: Life Orb
|move|p1b: Primarina|Moonblast|p2a: oasis
|-resisted|p2a: oasis
|-damage|p2a: oasis|37/100
|
|-weather|Snowscape|[upkeep]
|-heal|p2a: oasis|43/100|[from] Grassy Terrain
|-heal|p2b: Ninetales|33/100|[from] Grassy Terrain
|-heal|p1b: Primarina|28/100|[from] Grassy Terrain
|upkeep
|
|t:|1756666626
|switch|p1a: Gholdengo|Gholdengo, L50|100/100
|turn|5
|
|t:|1756666647
|move|p2a: oasis|Stomping Tantrum|p1a: Gholdengo
|-supereffective|p1a: Gholdengo
|-damage|p1a: Gholdengo|0 fnt
|faint|p1a: Gholdengo
|-damage|p2a: oasis|34/100|[from] item: Life Orb
|move|p2b: Ninetales|Blizzard|p1b: Primarina
|-resisted|p1b: Primarina
|-damage|p1b: Primarina|7/100
|move|p1b: Primarina|Hyper Voice|p2a: oasis|[spread] p2a,p2b
|-supereffective|p2a: oasis
|-crit|p2b: Ninetales
|-damage|p2a: oasis|0 fnt
|-damage|p2b: Ninetales|0 fnt
|faint|p2a: oasis
|faint|p2b: Ninetales
|
|win|crullvgc
|raw|crullvgc's rating: 1071 → 1098(+27 for winning)
|raw|strolin stu's rating: 1049 → 1033(-16 for losing)
|c|☆strolin stu|gg
|c|☆crullvgc|gg
|c|☆crullvgc|really close
