|j|☆Diogopg28
|j|☆Parid08
|html|Diogopg28Parid08    
|uhtml|bestof|Game 1 of a best-of-3
|t:|1785350571
|gametype|doubles
|player|p1|Diogopg28|169|1000
|player|p2|Parid08|lucas|1040
|gen|9
|tier|[Gen 9 Champions] VGC 2026 Reg M-B (Bo3)
|rated|
|rule|Species Clause: Limit one of each Pokémon
|rule|Item Clause: Limit 1 of each item
|clearpoke
|poke|p1|Froslass, L50, F, shiny|
|poke|p1|Incineroar, L50, M, shiny|
|poke|p1|Kingambit, L50, F, shiny|
|poke|p1|Vivillon-Marine, L50, M|
|poke|p1|Lucario, L50, F, shiny|
|poke|p1|Lycanroc-Dusk, L50, F|
|poke|p2|Kingambit, L50, F|
|poke|p2|Whimsicott, L50, F|
|poke|p2|Basculegion, L50, M|
|poke|p2|Garchomp, L50, M|
|poke|p2|Charizard, L50, F|
|poke|p2|Floette-Eternal, L50, F|
|teampreview|4
|showteam|p1|Froslass||Froslassite|CursedBody|Protect,Blizzard,AuroraVeil,ShadowBall|Timid||F|||50|]Incineroar||Leftovers|Intimidate|FlareBlitz,PartingShot,DarkestLariat,FakeOut|Impish||M|||50|]Kingambit||BlackGlasses|Defiant|SuckerPunch,KowtowCleave,IronHead,Protect|Bashful||F|||50|]Vivillon-Marine||OccaBerry|CompoundEyes|Protect,SleepPowder,Hurricane,Tailwind|Timid||M|||50|]Lucario||Lucarionite|InnerFocus|DrainPunch,StoneEdge,MeteorMash,Detect|Jolly||F|||50|]Lycanroc-Dusk||FocusSash|ToughClaws|Protect,Accelerock,RockSlide,CloseCombat|Jolly||F|||50|
|showteam|p2|Kingambit||BlackGlasses|Defiant|KowtowCleave,SuckerPunch,LowKick,Protect|Adamant||F|||50|]Whimsicott||FocusSash|Prankster|Moonblast,Tailwind,Encore,Protect|Timid||F|||50|]Basculegion||MysticWater|Adaptability|WaveCrash,LastRespects,AquaJet,Protect|Adamant||M|||50|]Garchomp||LifeOrb|RoughSkin|DragonClaw,RockSlide,Earthquake,Protect|Jolly||M|||50|]Charizard||CharizarditeY|Blaze|WeatherBall,HeatWave,SolarBeam,Protect|Modest||F|||50|]Floette-Eternal||Floettite|FlowerVeil|Moonblast,DazzlingGleam,LightofRuin,Protect|Timid||F|||50|
|inactive|Battle timer is ON: inactive players will automatically lose when time's up. (requested by Parid08)
|inactive|Diogopg28 also wants the timer to be on.
|inactive|Parid08 has 60 seconds left.
|inactive|Parid08 has 30 seconds left.
|inactive|Parid08 has 20 seconds left.
|
|t:|1785350644
|teamsize|p1|4
|teamsize|p2|4
|start
|switch|p1a: Vivillon|Vivillon-Marine, L50, M|100/100
|switch|p1b: Incineroar|Incineroar, L50, M, shiny|100/100
|switch|p2a: Floette|Floette-Eternal, L50, F|100/100
|switch|p2b: Basculegion|Basculegion, L50, M|100/100
|-ability|p1b: Incineroar|Intimidate|boost
|-unboost|p2a: Floette|atk|1
|-unboost|p2b: Basculegion|atk|1
|turn|1
|
|t:|1785350658
|move|p2a: Floette|Protect|p2a: Floette
|-singleturn|p2a: Floette|Protect
|move|p2b: Basculegion|Protect|p2b: Basculegion
|-singleturn|p2b: Basculegion|Protect
|move|p1a: Vivillon|Tailwind|p1a: Vivillon
|-sidestart|p1: Diogopg28|move: Tailwind
|move|p1b: Incineroar|Parting Shot|p2a: Floette
|-activate|p2a: Floette|move: Protect
|
|upkeep
|turn|2
|
|t:|1785350681
|detailschange|p2a: Floette|Floette-Mega, L50, F
|-mega|p2a: Floette|Floette|Floettite
|-ability|p2a: Floette|Fairy Aura
|move|p1a: Vivillon|Sleep Powder|p2a: Floette
|-status|p2a: Floette|slp|[from] move: Sleep Powder
|move|p1b: Incineroar|Darkest Lariat|p2b: Basculegion
|-supereffective|p2b: Basculegion|1
|-damage|p2b: Basculegion|25/100
|cant|p2a: Floette|slp
|move|p2b: Basculegion|Wave Crash|p1b: Incineroar
|-supereffective|p1b: Incineroar|1
|-damage|p1b: Incineroar|2/100
|-damage|p2b: Basculegion|0 fnt|[from] Recoil
|faint|p2b: Basculegion
|
|-heal|p1b: Incineroar|8/100|[from] item: Leftovers
|upkeep
|
|t:|1785350701
|switch|p2b: Garchomp|Garchomp, L50, M|100/100
|turn|3
|
|t:|1785350708
|move|p1a: Vivillon|Sleep Powder|p2b: Garchomp
|-status|p2b: Garchomp|slp|[from] move: Sleep Powder
|move|p1b: Incineroar|Parting Shot|p2a: Floette
|-unboost|p2a: Floette|atk|1
|-unboost|p2a: Floette|spa|1
|
|t:|1785350714
|switch|p1b: Lucario|Lucario, L50, F, shiny|100/100|[from] Parting Shot
|cant|p2b: Garchomp|slp
|cant|p2a: Floette|slp
|
|upkeep
|turn|4
|
|t:|1785350723
|detailschange|p1b: Lucario|Lucario-Mega, L50, F, shiny
|-mega|p1b: Lucario|Lucario|Lucarionite
|move|p1a: Vivillon|Protect|p1a: Vivillon
|-singleturn|p1a: Vivillon|Protect
|-curestatus|p2a: Floette|slp|[msg]
|move|p2a: Floette|Protect|p2a: Floette
|-singleturn|p2a: Floette|Protect
|move|p1b: Lucario|Meteor Mash|p2a: Floette
|-activate|p2a: Floette|move: Protect
|cant|p2b: Garchomp|slp
|
|-sideend|p1: Diogopg28|move: Tailwind
|upkeep
|turn|5
|inactive|Parid08 has 30 seconds left.
|inactive|Parid08 has 20 seconds left.
|
|t:|1785350760
|move|p1b: Lucario|Meteor Mash|p2a: Floette
|-supereffective|p2a: Floette|1
|-damage|p2a: Floette|0 fnt
|faint|p2a: Floette
|-curestatus|p2b: Garchomp|slp|[msg]
|move|p2b: Garchomp|Rock Slide|p1b: Lucario|[spread] p1a,p1b
|-supereffective|p1a: Vivillon|2
|-resisted|p1b: Lucario|2
|-damage|p1a: Vivillon|0 fnt
|-damage|p1b: Lucario|91/100
|faint|p1a: Vivillon
|-damage|p2b: Garchomp|90/100|[from] item: Life Orb
|
|upkeep
|
|t:|1785350773
|switch|p2a: Kingambit|Kingambit, L50, F|100/100
|switch|p1a: Incineroar|Incineroar, L50, M, shiny|8/100
|-ability|p1a: Incineroar|Intimidate|boost
|-unboost|p2a: Kingambit|atk|1
|-ability|p2a: Kingambit|Defiant|boost
|-boost|p2a: Kingambit|atk|2
|-unboost|p2b: Garchomp|atk|1
|turn|6
|
|t:|1785350789
|move|p2a: Kingambit|Protect|p2a: Kingambit
|-singleturn|p2a: Kingambit|Protect
|move|p1a: Incineroar|Fake Out|p2b: Garchomp
|-damage|p2b: Garchomp|79/100
|-damage|p1a: Incineroar|0 fnt|[from] ability: Rough Skin|[of] p2b: Garchomp
|faint|p1a: Incineroar
|move|p1b: Lucario|Drain Punch|p2a: Kingambit
|-activate|p2a: Kingambit|move: Protect
|cant|p2b: Garchomp|flinch
|
|upkeep
|
|t:|1785350799
|switch|p1a: Lycanroc|Lycanroc-Dusk, L50, F|100/100
|turn|7
|
|t:|1785350817
|move|p2a: Kingambit|Sucker Punch|p1b: Lucario
|-resisted|p1b: Lucario|1
|-damage|p1b: Lucario|45/100
|move|p1b: Lucario|Drain Punch|p2a: Kingambit
|-supereffective|p2a: Kingambit|2
|-damage|p2a: Kingambit|0 fnt
|-heal|p1b: Lucario|100/100|[from] drain|[of] p2a: Kingambit
|faint|p2a: Kingambit
|move|p1a: Lycanroc|Close Combat|p2b: Garchomp
|-damage|p2b: Garchomp|31/100
|-unboost|p1a: Lycanroc|def|1
|-unboost|p1a: Lycanroc|spd|1
|-damage|p1a: Lycanroc|87/100|[from] ability: Rough Skin|[of] p2b: Garchomp
|move|p2b: Garchomp|Earthquake|p1b: Lucario|[spread] p1a,p1b
|-supereffective|p1a: Lycanroc|1
|-supereffective|p1b: Lucario|1
|-damage|p1a: Lycanroc|0 fnt
|-damage|p1b: Lucario|13/100
|faint|p1a: Lycanroc
|-damage|p2b: Garchomp|21/100|[from] item: Life Orb
|
|upkeep
|turn|8
|
|t:|1785350838
|move|p1b: Lucario|Drain Punch|p2b: Garchomp
|-crit|p2b: Garchomp
|-damage|p2b: Garchomp|0 fnt
|-heal|p1b: Lucario|26/100|[from] drain|[of] p2b: Garchomp
|-damage|p1b: Lucario|14/100|[from] ability: Rough Skin|[of] p2b: Garchomp
|faint|p2b: Garchomp
|
|win|Diogopg28
||Diogopg28 is ready for game 2.
|inactive|Parid08 has 30 seconds to confirm battle start!
|c|☆Diogopg28|gg
|inactive|Parid08 has 20 seconds to confirm battle start!
|inactive|Parid08 has 10 seconds to confirm battle start!
||Parid08 is ready for game 2.
|uhtml|next|Next: Game 2 of 3
|l|☆Diogopg28
|player|p1|
