|j|☆Zacharykeith
|j|☆ilhanwinner
|html|Zacharykeithilhanwinner    
|uhtml|bestof|Game 3 of a best-of-3
|t:|1757082400
|gametype|doubles
|player|p1|Zacharykeith|fisherman-gen4|1130
|player|p2|ilhanwinner|2|1107
|gen|9
|tier|[Gen 9] VGC 2025 Reg H (Bo3)
|rated|
|rule|Species Clause: Limit one of each Pokémon
|rule|Item Clause: Limit 1 of each item
|clearpoke
|poke|p1|Ursaluna, L50, M|
|poke|p1|Porygon2, L50|
|poke|p1|Incineroar, L50, F|
|poke|p1|Amoonguss, L50, M|
|poke|p1|Gholdengo, L50|
|poke|p1|Tyranitar, L50, M|
|poke|p2|Politoed, L50, F|
|poke|p2|Gothitelle, L50, F|
|poke|p2|Incineroar, L50, M|
|poke|p2|Amoonguss, L50, M|
|poke|p2|Kingdra, L50, M|
|poke|p2|Archaludon, L50, F|
|teampreview|4
|showteam|p1|Ursaluna||FlameOrb|Guts|Facade,HeadlongRush,Earthquake,Protect|||M|||50|,,,,,Ghost]Porygon2||Eviolite|Download|TeraBlast,IceBeam,TrickRoom,Recover||||||50|,,,,,Fighting]Incineroar||SafetyGoggles|Intimidate|FakeOut,PartingShot,KnockOff,FlareBlitz|||F|||50|,,,,,Ghost]Amoonguss||SitrusBerry|Regenerator|Spore,RagePowder,ClearSmog,Protect|||M|||50|,,,,,Water]Gholdengo||LifeOrb|GoodasGold|MakeItRain,ShadowBall,NastyPlot,Protect||||||50|,,,,,Water]Tyranitar||AssaultVest|SandStream|RockSlide,KnockOff,TeraBlast,LowKick|||M|||50|,,,,,Flying
|showteam|p2|Politoed||Leftovers|Drizzle|Protect,WeatherBall,PerishSong,Encore|||F|||50|,,,,,Grass]Gothitelle||SitrusBerry|ShadowTag|Protect,Psychic,FakeOut,TrickRoom|||F|||50|,,,,,Dark]Incineroar||SafetyGoggles|Intimidate|Protect,KnockOff,FakeOut,PartingShot|||M|||50|,,,,,Ghost]Amoonguss||EjectButton|Regenerator|Protect,RagePowder,PollenPuff,Spore|||M|||50|,,,,,Fairy]Kingdra||LifeOrb|SwiftSwim|Protect,WeatherBall,DracoMeteor,MuddyWater|||M|||50|,,,,,Stellar]Archaludon||PowerHerb|Sturdy|Protect,ElectroShot,DragonPulse,FlashCannon|||F|||50|,,,,,Electric
|inactive|Battle timer is ON: inactive players will automatically lose when time's up. (requested by ilhanwinner)
|
|t:|1757082419
|teamsize|p1|4
|teamsize|p2|4
|start
|switch|p1a: Ducky|Porygon2, L50|100/100
|switch|p1b: Fire Kitty|Incineroar, L50, F|100/100
|switch|p2a: Gothitelle|Gothitelle, L50, F|100/100
|switch|p2b: Kingdra|Kingdra, L50, M|100/100
|-ability|p1b: Fire Kitty|Intimidate|boost
|-unboost|p2a: Gothitelle|atk|1
|-unboost|p2b: Kingdra|atk|1
|-ability|p1a: Ducky|Download|boost
|-boost|p1a: Ducky|atk|1
|turn|1
|
|t:|1757082447
|move|p2a: Gothitelle|Protect|p2a: Gothitelle
|-singleturn|p2a: Gothitelle|Protect
|move|p1b: Fire Kitty|Fake Out|p2b: Kingdra
|-damage|p2b: Kingdra|85/100
|cant|p2b: Kingdra|flinch
|move|p1a: Ducky|Tera Blast|p2a: Gothitelle
|-activate|p2a: Gothitelle|move: Protect
|
|upkeep
|turn|2
|
|t:|1757082465
|-terastallize|p2a: Gothitelle|Dark
|move|p2b: Kingdra|Draco Meteor|p1a: Ducky
|-damage|p1a: Ducky|52/100
|-unboost|p2b: Kingdra|spa|2
|-damage|p2b: Kingdra|75/100|[from] item: Life Orb
|move|p1b: Fire Kitty|Parting Shot|p2b: Kingdra
|-unboost|p2b: Kingdra|atk|1
|-unboost|p2b: Kingdra|spa|1
|
|t:|1757082475
|switch|p1b: Moony|Ursaluna, L50, M|100/100|[from] Parting Shot
|move|p2a: Gothitelle|Psychic|p1a: Ducky
|-damage|p1a: Ducky|31/100
|move|p1a: Ducky|Trick Room|p1a: Ducky
|-fieldstart|move: Trick Room|[of] p1a: Ducky
|
|-status|p1b: Moony|brn|[from] item: Flame Orb
|upkeep
|turn|3
|
|t:|1757082491
|-terastallize|p1a: Ducky|Fighting
|move|p2a: Gothitelle|Protect|p2a: Gothitelle
|-singleturn|p2a: Gothitelle|Protect
|move|p1b: Moony|Facade|p2a: Gothitelle
|-activate|p2a: Gothitelle|move: Protect
|move|p1a: Ducky|Tera Blast|p2a: Gothitelle|[anim] Tera Blast Fighting
|-activate|p2a: Gothitelle|move: Protect
|move|p2b: Kingdra|Muddy Water|p1b: Moony|[spread] p1b
|-miss|p2b: Kingdra|p1a: Ducky
|-supereffective|p1b: Moony
|-damage|p1b: Moony|71/100 brn
|-damage|p2b: Kingdra|65/100|[from] item: Life Orb
|
|-damage|p1b: Moony|65/100 brn|[from] brn
|upkeep
|turn|4
|
|t:|1757082509
|move|p2b: Kingdra|Protect|p2b: Kingdra
|-singleturn|p2b: Kingdra|Protect
|move|p2a: Gothitelle|Psychic|p1a: Ducky
|-supereffective|p1a: Ducky
|-damage|p1a: Ducky|0 fnt
|faint|p1a: Ducky
|move|p1b: Moony|Facade|p2b: Kingdra
|-activate|p2b: Kingdra|move: Protect
|
|-damage|p1b: Moony|59/100 brn|[from] brn
|upkeep
|
|t:|1757082520
|switch|p1a: Fire Kitty|Incineroar, L50, F|100/100
|-ability|p1a: Fire Kitty|Intimidate|boost
|-unboost|p2a: Gothitelle|atk|1
|-unboost|p2b: Kingdra|atk|1
|turn|5
|
|t:|1757082539
|move|p2a: Gothitelle|Psychic|p1b: Moony
|-damage|p1b: Moony|33/100 brn
|move|p1b: Moony|Facade|p2b: Kingdra
|-damage|p2b: Kingdra|0 fnt
|faint|p2b: Kingdra
|move|p1a: Fire Kitty|Flare Blitz|p2a: Gothitelle
|-damage|p2a: Gothitelle|50/100
|-enditem|p2a: Gothitelle|Sitrus Berry|[eat]
|-heal|p2a: Gothitelle|75/100|[from] item: Sitrus Berry
|-damage|p1a: Fire Kitty|85/100|[from] Recoil
|
|-damage|p1b: Moony|27/100 brn|[from] brn
|upkeep
|
|t:|1757082549
|switch|p2b: Politoed|Politoed, L50, F|100/100
|-weather|RainDance|[from] ability: Drizzle|[of] p2b: Politoed
|turn|6
|inactive|Zacharykeith has 30 seconds left.
|
|t:|1757082575
|move|p2a: Gothitelle|Psychic|p1b: Moony
|-damage|p1b: Moony|1/100 brn
|move|p1b: Moony|Facade|p2a: Gothitelle
|-damage|p2a: Gothitelle|0 fnt
|faint|p2a: Gothitelle
|move|p2b: Politoed|Weather Ball|p1a: Fire Kitty
|-supereffective|p1a: Fire Kitty
|-damage|p1a: Fire Kitty|0 fnt
|faint|p1a: Fire Kitty
|
|-weather|RainDance|[upkeep]
|-damage|p1b: Moony|0 fnt|[from] brn
|faint|p1b: Moony
|-fieldend|move: Trick Room
|upkeep
|
|t:|1757082589
|switch|p1b: Big dino|Tyranitar, L50, M|100/100
|switch|p2a: Archaludon|Archaludon, L50, F|100/100
|-weather|Sandstorm|[from] ability: Sand Stream|[of] p1b: Big dino
|turn|7
|inactive|ilhanwinner has 30 seconds left.
|
|t:|1757082618
|move|p2a: Archaludon|Protect|p2a: Archaludon
|-singleturn|p2a: Archaludon|Protect
|move|p2b: Politoed|Weather Ball|p1b: Big dino
|-damage|p1b: Big dino|92/100
|move|p1b: Big dino|Knock Off|p2b: Politoed
|-damage|p2b: Politoed|41/100
|-enditem|p2b: Politoed|Leftovers|[from] move: Knock Off|[of] p1b: Big dino
|
|-weather|Sandstorm|[upkeep]
|-damage|p2b: Politoed|35/100|[from] Sandstorm
|upkeep
|turn|8
|
|t:|1757082638
|move|p2a: Archaludon|Dragon Pulse|p1b: Big dino
|-damage|p1b: Big dino|76/100
|move|p2b: Politoed|Encore|p1b: Big dino
|-start|p1b: Big dino|Encore
|move|p1b: Big dino|Knock Off|p2a: Archaludon
|-damage|p2a: Archaludon|55/100
|-enditem|p2a: Archaludon|Power Herb|[from] move: Knock Off|[of] p1b: Big dino
|
|-weather|Sandstorm|[upkeep]
|-damage|p2b: Politoed|28/100|[from] Sandstorm
|upkeep
|turn|9
|inactive|ilhanwinner has 30 seconds left.
|
|t:|1757082669
|move|p2a: Archaludon|Electro Shot||[still]
|-prepare|p2a: Archaludon|Electro Shot
|-boost|p2a: Archaludon|spa|1
|move|p2b: Politoed|Weather Ball|p1b: Big dino
|-damage|p1b: Big dino|67/100
|move|p1b: Big dino|Knock Off|p2b: Politoed
|-damage|p2b: Politoed|0 fnt
|faint|p2b: Politoed
|
|-weather|Sandstorm|[upkeep]
|upkeep
|turn|10
|
|t:|1757082690
|move|p2a: Archaludon|Electro Shot|p1b: Big dino|[from] lockedmove
|-damage|p1b: Big dino|42/100
|move|p1b: Big dino|Knock Off|p2a: Archaludon
|-damage|p2a: Archaludon|22/100
|
|-weather|Sandstorm|[upkeep]
|-end|p1b: Big dino|Encore
|upkeep
|turn|11
|
|t:|1757082704
|move|p2a: Archaludon|Protect|p2a: Archaludon
|-singleturn|p2a: Archaludon|Protect
|move|p1b: Big dino|Low Kick|p2a: Archaludon
|-activate|p2a: Archaludon|move: Protect
|
|-weather|none
|upkeep
|turn|12
|
|t:|1757082712
|move|p2a: Archaludon|Dragon Pulse|p1b: Big dino
|-damage|p1b: Big dino|2/100
|move|p1b: Big dino|Low Kick|p2a: Archaludon
|-supereffective|p2a: Archaludon
|-damage|p2a: Archaludon|0 fnt
|faint|p2a: Archaludon
|
|win|Zacharykeith
|raw|Zacharykeith's rating: 1130 → 1153(+23 for winning)
|raw|ilhanwinner's rating: 1107 → 1084(-23 for losing)
