|j|☆NiftySeeShrekYT
|j|☆Ro4901
|html|NiftySeeShrekYTRo4901    
|uhtml|bestof|Game 3 of a best-of-3
|t:|1783806869
|gametype|doubles
|player|p1|NiftySeeShrekYT|170|
|player|p2|Ro4901|265|
|gen|9
|tier|[Gen 9 Champions] VGC 2026 Reg M-B (Bo3)
|rule|Species Clause: Limit one of each Pokémon
|rule|Item Clause: Limit 1 of each item
|clearpoke
|poke|p1|Charizard, L50, M|
|poke|p1|Torkoal, L50, M|
|poke|p1|Farigiraf, L50, M|
|poke|p1|Staraptor, L50, M|
|poke|p1|Venusaur, L50, F|
|poke|p1|Incineroar, L50, F|
|poke|p2|Grimmsnarl, L50, M|
|poke|p2|Swampert, L50, F|
|poke|p2|Pelipper, L50, F|
|poke|p2|Archaludon, L50, F|
|poke|p2|Mawile, L50, M|
|poke|p2|Farigiraf, L50, F|
|teampreview|4
|showteam|p1|Charizard||CharizarditeY|Blaze|ScorchingSands,HeatWave,Protect,SolarBeam|Modest||M|||50|]Torkoal||Charcoal|Drought|Eruption,HeatWave,WeatherBall,Protect|Quiet||M|||50|]Farigiraf||SitrusBerry|ArmorTail|HyperVoice,Psychic,Protect,TrickRoom|Quiet||M|||50|]Staraptor||ChoiceScarf|Intimidate|FinalGambit,Uturn,BraveBird,Whirlwind|Jolly||M|||50|]Venusaur||FocusSash|Chlorophyll|Protect,EnergyBall,SludgeBomb,SolarBeam|Modest||F|||50|]Incineroar||Leftovers|Intimidate|FakeOut,DarkestLariat,FlareBlitz,PartingShot|Adamant||F|||50|
|showteam|p2|Grimmsnarl||LightClay|Prankster|FoulPlay,PartingShot,Reflect,LightScreen|Calm||M|||50|]Swampert||Swampertite|Damp|WaveCrash,Earthquake,IcePunch,Protect|Adamant||F|||50|]Pelipper||SitrusBerry|Drizzle|Hurricane,WeatherBall,Tailwind,WideGuard|Modest||F|||50|]Archaludon||Leftovers|Stamina|ElectroShot,DragonPulse,FlashCannon,Protect|Modest||F|||50|]Mawile||Mawilite|HyperCutter|PlayRough,IronHead,SuckerPunch,Protect|Adamant||M|||50|]Farigiraf||ColburBerry|ArmorTail|HyperVoice,Psychic,Protect,TrickRoom|Relaxed||F|||50|
|inactive|Battle timer is ON: inactive players will automatically lose when time's up. (requested by NiftySeeShrekYT)
|inactive|NiftySeeShrekYT has 60 seconds left.
|inactive|Ro4901 has 60 seconds left.
|inactive|NiftySeeShrekYT has 30 seconds left.
|
|t:|1783806934
|teamsize|p1|4
|teamsize|p2|4
|start
|switch|p1a: Gay Bird|Staraptor, L50, M|100/100
|switch|p1b: Farigiraf|Farigiraf, L50, M|100/100
|switch|p2a: Grimmsnarl|Grimmsnarl, L50, M|100/100
|switch|p2b: Swampert|Swampert, L50, F|100/100
|-ability|p1a: Gay Bird|Intimidate|boost
|-unboost|p2a: Grimmsnarl|atk|1
|-unboost|p2b: Swampert|atk|1
|turn|1
|inactive|NiftySeeShrekYT has 30 seconds left.
|inactive|Ro4901 has 30 seconds left.
|inactive|Ro4901 has 20 seconds left.
|inactive|Ro4901 has 15 seconds left.
|inactive|Ro4901 has 10 seconds left.
|inactive|Ro4901 has 5 seconds left.
|
|t:|1783806986
|move|p2b: Swampert|Protect|p2b: Swampert
|-singleturn|p2b: Swampert|Protect
|move|p2a: Grimmsnarl|Light Screen|p2a: Grimmsnarl
|-sidestart|p2: Ro4901|move: Light Screen
|move|p1a: Gay Bird|Final Gambit|p2b: Swampert
|-activate|p2b: Swampert|move: Protect
|move|p1b: Farigiraf|Hyper Voice|p2b: Swampert|[spread] p2a
|-activate|p2b: Swampert|move: Protect
|-damage|p2a: Grimmsnarl|83/100
|
|upkeep
|turn|2
|inactive|Ro4901 has 30 seconds left.
|
|t:|1783807011
|switch|p2a: Pelipper|Pelipper, L50, F|100/100
|-weather|RainDance|[from] ability: Drizzle|[of] p2a: Pelipper
|detailschange|p2b: Swampert|Swampert-Mega, L50, F
|-mega|p2b: Swampert|Swampert|Swampertite
|move|p1a: Gay Bird|Final Gambit|p2b: Swampert
|-damage|p2b: Swampert|1/100
|faint|p1a: Gay Bird
|move|p2b: Swampert|Ice Punch|p1b: Farigiraf
|-damage|p1b: Farigiraf|83/100
|move|p1b: Farigiraf|Hyper Voice|p2a: Pelipper|[spread] p2a,p2b
|-damage|p2a: Pelipper|79/100
|-damage|p2b: Swampert|0 fnt
|faint|p2b: Swampert
|
|-weather|RainDance|[upkeep]
|upkeep
|
|t:|1783807029
|switch|p1a: what|Charizard, L50, M|100/100
|switch|p2b: Archaludon|Archaludon, L50, F|100/100
|turn|3
|
|t:|1783807052
|switch|p2a: Grimmsnarl|Grimmsnarl, L50, M|83/100
|detailschange|p1a: what|Charizard-Mega-Y, L50, M
|-mega|p1a: what|Charizard|Charizardite Y
|-weather|SunnyDay|[from] ability: Drought|[of] p1a: what
|move|p1a: what|Scorching Sands|p2b: Archaludon
|-supereffective|p2b: Archaludon|1
|-damage|p2b: Archaludon|63/100
|-status|p2b: Archaludon|brn
|-ability|p2b: Archaludon|Stamina|boost
|-boost|p2b: Archaludon|def|1
|move|p2b: Archaludon|Dragon Pulse|p1a: what
|-damage|p1a: what|67/100
|move|p1b: Farigiraf|Psychic|p2b: Archaludon
|-resisted|p2b: Archaludon|1
|-damage|p2b: Archaludon|51/100 brn
|-ability|p2b: Archaludon|Stamina|boost
|-boost|p2b: Archaludon|def|1
|
|-weather|SunnyDay|[upkeep]
|-heal|p2b: Archaludon|57/100 brn|[from] item: Leftovers
|-damage|p2b: Archaludon|51/100 brn|[from] brn
|upkeep
|turn|4
|inactive|Ro4901 has 30 seconds left.
|
|t:|1783807077
|switch|p2a: Pelipper|Pelipper, L50, F|79/100
|-weather|RainDance|[from] ability: Drizzle|[of] p2a: Pelipper
|move|p1a: what|Scorching Sands|p2b: Archaludon
|-supereffective|p2b: Archaludon|1
|-damage|p2b: Archaludon|12/100 brn
|-ability|p2b: Archaludon|Stamina|boost
|-boost|p2b: Archaludon|def|1
|move|p2b: Archaludon|Electro Shot||[still]
|-prepare|p2b: Archaludon|Electro Shot
|-boost|p2b: Archaludon|spa|1
|-anim|p2b: Archaludon|Electro Shot|p1a: what
|-supereffective|p1a: what|1
|-damage|p1a: what|0 fnt
|faint|p1a: what
|move|p1b: Farigiraf|Hyper Voice|p2a: Pelipper|[spread] p2a,p2b
|-resisted|p2b: Archaludon|1
|-damage|p2a: Pelipper|56/100
|-damage|p2b: Archaludon|3/100 brn
|-ability|p2b: Archaludon|Stamina|boost
|-boost|p2b: Archaludon|def|1
|
|-weather|RainDance|[upkeep]
|-heal|p2b: Archaludon|9/100 brn|[from] item: Leftovers
|-damage|p2b: Archaludon|3/100 brn|[from] brn
|upkeep
|
|t:|1783807100
|switch|p1a: Flowey|Venusaur, L50, F|100/100
|turn|5
|
|t:|1783807117
|move|p2b: Archaludon|Protect|p2b: Archaludon
|-singleturn|p2b: Archaludon|Protect
|move|p1a: Flowey|Sludge Bomb|p2a: Pelipper
|-damage|p2a: Pelipper|22/100
|-enditem|p2a: Pelipper|Sitrus Berry|[eat]
|-heal|p2a: Pelipper|46/100|[from] item: Sitrus Berry
|move|p2a: Pelipper|Tailwind|p2a: Pelipper
|-sidestart|p2: Ro4901|move: Tailwind
|move|p1b: Farigiraf|Hyper Voice|p2a: Pelipper|[spread] p2a
|-activate|p2b: Archaludon|move: Protect
|-damage|p2a: Pelipper|25/100
|
|-weather|RainDance|[upkeep]
|-heal|p2b: Archaludon|9/100 brn|[from] item: Leftovers
|-damage|p2b: Archaludon|3/100 brn|[from] brn
|upkeep
|turn|6
|
|t:|1783807137
|move|p1a: Flowey|Protect|p1a: Flowey
|-singleturn|p1a: Flowey|Protect
|move|p2b: Archaludon|Electro Shot||[still]
|-prepare|p2b: Archaludon|Electro Shot
|-boost|p2b: Archaludon|spa|1
|-anim|p2b: Archaludon|Electro Shot|p1b: Farigiraf
|-damage|p1b: Farigiraf|13/100
|-enditem|p1b: Farigiraf|Sitrus Berry|[eat]
|-heal|p1b: Farigiraf|37/100|[from] item: Sitrus Berry
|move|p2a: Pelipper|Hurricane|p1a: Flowey
|-activate|p1a: Flowey|move: Protect
|move|p1b: Farigiraf|Trick Room|p1b: Farigiraf
|-fieldstart|move: Trick Room|[of] p1b: Farigiraf
|
|-weather|RainDance|[upkeep]
|-heal|p2b: Archaludon|9/100 brn|[from] item: Leftovers
|-damage|p2b: Archaludon|3/100 brn|[from] brn
|upkeep
|turn|7
|inactive|Ro4901 has 30 seconds left.
|
|t:|1783807164
|move|p2a: Pelipper|Wide Guard|p2a: Pelipper
|-singleturn|p2a: Pelipper|Wide Guard
|move|p1b: Farigiraf|Hyper Voice|p2b: Archaludon|[spread] 
|-activate|p2a: Pelipper|move: Wide Guard
|-activate|p2b: Archaludon|move: Wide Guard
|move|p1a: Flowey|Sludge Bomb|p2a: Pelipper
|-damage|p2a: Pelipper|0 fnt
|faint|p2a: Pelipper
|move|p2b: Archaludon|Dragon Pulse|p1a: Flowey
|-damage|p1a: Flowey|19/100
|
|-weather|RainDance|[upkeep]
|-heal|p2b: Archaludon|9/100 brn|[from] item: Leftovers
|-damage|p2b: Archaludon|3/100 brn|[from] brn
|upkeep
|
|t:|1783807178
|switch|p2a: Grimmsnarl|Grimmsnarl, L50, M|83/100
|turn|8
|inactive|NiftySeeShrekYT has 30 seconds left.
|inactive|Ro4901 has 30 seconds left.
|
|t:|1783807215
|move|p2b: Archaludon|Protect|p2b: Archaludon
|-singleturn|p2b: Archaludon|Protect
|move|p1b: Farigiraf|Hyper Voice|p2b: Archaludon|[spread] p2a
|-activate|p2b: Archaludon|move: Protect
|-damage|p2a: Grimmsnarl|66/100
|move|p1a: Flowey|Sludge Bomb|p2a: Grimmsnarl
|-supereffective|p2a: Grimmsnarl|1
|-damage|p2a: Grimmsnarl|16/100
|-status|p2a: Grimmsnarl|psn
|move|p2a: Grimmsnarl|Foul Play|p1b: Farigiraf
|-supereffective|p1b: Farigiraf|1
|-damage|p1b: Farigiraf|0 fnt
|faint|p1b: Farigiraf
|
|-weather|none
|-heal|p2b: Archaludon|9/100 brn|[from] item: Leftovers
|-damage|p2a: Grimmsnarl|3/100 psn|[from] psn
|-damage|p2b: Archaludon|3/100 brn|[from] brn
|-sideend|p2: Ro4901|move: Light Screen
|-sideend|p2: Ro4901|move: Tailwind
|upkeep
|turn|9
|c|☆Ro4901|gg
|inactive|NiftySeeShrekYT has 30 seconds left.
|inactive|NiftySeeShrekYT has 20 seconds left.
|inactive|NiftySeeShrekYT has 15 seconds left.
|
|t:|1783807256
|move|p1a: Flowey|Protect|p1a: Flowey
|-singleturn|p1a: Flowey|Protect
|move|p2a: Grimmsnarl|Foul Play|p1a: Flowey
|-activate|p1a: Flowey|move: Protect
|move|p2b: Archaludon|Dragon Pulse|p1a: Flowey
|-activate|p1a: Flowey|move: Protect
|
|-heal|p2b: Archaludon|9/100 brn|[from] item: Leftovers
|-damage|p2a: Grimmsnarl|0 fnt|[from] psn
|faint|p2a: Grimmsnarl
|-damage|p2b: Archaludon|3/100 brn|[from] brn
|upkeep
|turn|10
|inactive|Ro4901 has 30 seconds left.
|inactive|Ro4901 has 20 seconds left.
|inactive|Ro4901 has 15 seconds left.
|c|☆Ro4901|lol what]
|inactive|Ro4901 has 10 seconds left.
|
|t:|1783807302
|move|p1a: Flowey|Energy Ball|p2b: Archaludon
|-resisted|p2b: Archaludon|2
|-damage|p2b: Archaludon|0 fnt
|faint|p2b: Archaludon
|
|win|NiftySeeShrekYT
|c|☆Ro4901|noooooooo
|c|☆Ro4901|did you know the speed orde
|c|☆NiftySeeShrekYT|Yeah
|c|☆Ro4901|damn
|c|☆Ro4901|from game 1?
|l|☆NiftySeeShrekYT
|player|p1|
|j|☆NiftySeeShrekYT
|player|p1|NiftySeeShrekYT|170|
