|j|☆natsukivgc
|j|☆ingusdingus
|html|natsukivgcingusdingus    
|uhtml|bestof|Game 2 of a best-of-3
|t:|1785663151
|gametype|doubles
|player|p1|natsukivgc|265|1184
|player|p2|ingusdingus|harlequin|1042
|gen|9
|tier|[Gen 9 Champions] VGC 2026 Reg M-B (Bo3)
|rated|
|rule|Species Clause: Limit one of each Pokémon
|rule|Item Clause: Limit 1 of each item
|clearpoke
|poke|p1|Garchomp, L50, M|
|poke|p1|Charizard, L50, F|
|poke|p1|Kingambit, L50, M|
|poke|p1|Basculegion, L50, M|
|poke|p1|Whimsicott, L50, M|
|poke|p1|Floette-Eternal, L50, F|
|poke|p2|Torkoal, L50, M|
|poke|p2|Typhlosion-Hisui, L50, F|
|poke|p2|Whimsicott, L50, M|
|poke|p2|Scovillain, L50, F|
|poke|p2|Goodra-Hisui, L50, F|
|poke|p2|Gliscor, L50, F|
|teampreview|4
|showteam|p1|Garchomp||SitrusBerry|RoughSkin|RockSlide,DragonTail,StompingTantrum,PoisonJab|Adamant||M|||50|]Charizard||CharizarditeY|Blaze|HeatWave,SolarBeam,WeatherBall,Protect|Modest||F|||50|]Kingambit||LifeOrb|Defiant|KowtowCleave,IronHead,SuckerPunch,LowKick|Adamant||M|||50|]Basculegion||ChoiceScarf|Adaptability|LastRespects,WaveCrash,FlipTurn,AquaJet|Jolly||M|||50|]Whimsicott||FocusSash|Prankster|Tailwind,Moonblast,Encore,Protect|Timid||M|||50|]Floette-Eternal||Floettite|FlowerVeil|DazzlingGleam,Moonblast,LightofRuin,Protect|Modest||F|||50|
|showteam|p2|Torkoal||Charcoal|Drought|Eruption,EarthPower,HeatWave,Protect|Modest||M|||50|]Typhlosion-Hisui||ChoiceScarf|Blaze|Eruption,HeatWave,FocusBlast,ShadowBall|Modest||F|||50|]Whimsicott||FocusSash|Prankster|Tailwind,SunnyDay,Moonblast,Encore|Modest||M|||50|]Scovillain||Scovillainite|Moody|RagePowder,Flamethrower,SolarBeam,Protect|Modest||F|||50|]Goodra-Hisui||Leftovers|SapSipper|LifeDew,DragonTail,Shelter,GyroBall|Sassy||F|||50|]Gliscor||SoftSand|HyperCutter|HighHorsepower,Protect,RockSlide,Lunge|Adamant||F|||50|
|
|t:|1785663182
|teamsize|p1|4
|teamsize|p2|4
|start
|switch|p1a: Garchomp|Garchomp, L50, M|100/100
|switch|p1b: Floette|Floette-Eternal, L50, F|100/100
|switch|p2a: Scovillain|Scovillain, L50, F|100/100
|switch|p2b: Goodra|Goodra-Hisui, L50, F|100/100
|turn|1
|
|t:|1785663210
|switch|p2b: Whimsicott|Whimsicott, L50, M|100/100
|detailschange|p1b: Floette|Floette-Mega, L50, F
|-mega|p1b: Floette|Floette|Floettite
|-ability|p1b: Floette|Fairy Aura
|detailschange|p2a: Scovillain|Scovillain-Mega, L50, F
|-mega|p2a: Scovillain|Scovillain|Scovillainite
|move|p2a: Scovillain|Rage Powder|p2a: Scovillain
|-singleturn|p2a: Scovillain|move: Rage Powder
|move|p1b: Floette|Dazzling Gleam|p2b: Whimsicott|[spread] p2a,p2b
|-resisted|p2a: Scovillain|1
|-damage|p2a: Scovillain|68/100
|-damage|p2b: Whimsicott|27/100
|-status|p1b: Floette|brn|[from] ability: Spicy Spray|[of] p2a: Scovillain
|move|p1a: Garchomp|Poison Jab|p2a: Scovillain
|-supereffective|p2a: Scovillain|1
|-damage|p2a: Scovillain|13/100
|-status|p2a: Scovillain|psn
|-status|p1a: Garchomp|brn|[from] ability: Spicy Spray|[of] p2a: Scovillain
|
|-damage|p2a: Scovillain|1/100 psn|[from] psn
|-damage|p1b: Floette|94/100 brn|[from] brn
|-damage|p1a: Garchomp|93/100 brn|[from] brn
|upkeep
|turn|2
|
|t:|1785663269
|switch|p1b: Whimsicott|Whimsicott, L50, M|100/100
|move|p2b: Whimsicott|Tailwind|p2b: Whimsicott
|-sidestart|p2: ingusdingus|move: Tailwind
|move|p2a: Scovillain|Flamethrower|p1b: Whimsicott
|-supereffective|p1b: Whimsicott|1
|-enditem|p1b: Whimsicott|Focus Sash
|-damage|p1b: Whimsicott|1/100
|move|p1a: Garchomp|Rock Slide|p2a: Scovillain|[spread] p2a,p2b
|-supereffective|p2a: Scovillain|1
|-damage|p2a: Scovillain|0 fnt
|-damage|p2b: Whimsicott|12/100
|faint|p2a: Scovillain
|
|-damage|p1a: Garchomp|87/100 brn|[from] brn
|upkeep
|
|t:|1785663285
|switch|p2a: Typhlosion|Typhlosion-Hisui, L50, F|100/100
|turn|3
|
|t:|1785663314
|switch|p2a: Goodra|Goodra-Hisui, L50, F|100/100
|move|p1b: Whimsicott|Tailwind|p1b: Whimsicott
|-sidestart|p1: natsukivgc|move: Tailwind
|move|p2b: Whimsicott|Moonblast|p1a: Garchomp
|-supereffective|p1a: Garchomp|1
|-damage|p1a: Garchomp|18/100 brn
|-unboost|p1a: Garchomp|spa|1
|-enditem|p1a: Garchomp|Sitrus Berry|[eat]
|-heal|p1a: Garchomp|42/100 brn|[from] item: Sitrus Berry
|move|p1a: Garchomp|Rock Slide|p2b: Whimsicott|[spread] p2a,p2b
|-resisted|p2a: Goodra|1
|-crit|p2a: Goodra
|-damage|p2a: Goodra|93/100
|-damage|p2b: Whimsicott|0 fnt
|faint|p2b: Whimsicott
|
|-heal|p2a: Goodra|99/100|[from] item: Leftovers
|-damage|p1a: Garchomp|36/100 brn|[from] brn
|upkeep
|
|t:|1785663330
|switch|p2b: Typhlosion|Typhlosion-Hisui, L50, F|100/100
|turn|4
|
|t:|1785663352
|move|p1b: Whimsicott|Protect|p1b: Whimsicott
|-singleturn|p1b: Whimsicott|Protect
|move|p2b: Typhlosion|Eruption|p1a: Garchomp|[spread] p1a
|-activate|p1b: Whimsicott|move: Protect
|-resisted|p1a: Garchomp|1
|-damage|p1a: Garchomp|7/100 brn
|move|p1a: Garchomp|Stomping Tantrum|p2a: Goodra
|-supereffective|p2a: Goodra|1
|-damage|p2a: Goodra|62/100
|move|p2a: Goodra|Shelter|p2a: Goodra
|-boost|p2a: Goodra|def|2
|
|-heal|p2a: Goodra|68/100|[from] item: Leftovers
|-damage|p1a: Garchomp|1/100 brn|[from] brn
|upkeep
|turn|5
|
|t:|1785663385
|move|p1b: Whimsicott|Encore|p2a: Goodra
|-start|p2a: Goodra|Encore
|move|p2b: Typhlosion|Eruption|p1b: Whimsicott|[spread] p1a,p1b
|-resisted|p1a: Garchomp|1
|-supereffective|p1b: Whimsicott|1
|-damage|p1a: Garchomp|0 fnt
|-damage|p1b: Whimsicott|0 fnt
|faint|p1a: Garchomp
|faint|p1b: Whimsicott
|move|p2a: Goodra|Shelter|p2a: Goodra
|-boost|p2a: Goodra|def|2
|
|-heal|p2a: Goodra|74/100|[from] item: Leftovers
|-sideend|p2: ingusdingus|move: Tailwind
|upkeep
|
|t:|1785663397
|switch|p1b: Basculegion|Basculegion, L50, M|100/100
|switch|p1a: Floette|Floette-Mega, L50, F|94/100 brn
|-ability|p1a: Floette|Fairy Aura
|turn|6
|-message|ingusdingus forfeited.
|
|win|natsukivgc
|raw|natsukivgc's rating: 1184 → 1199(+15 for winning)
|raw|ingusdingus's rating: 1042 → 1032(-10 for losing)
