|j|☆dabaroniandcheese
|j|☆marcosdeltasena31
|html|dabaroniandcheesemarcosdeltasena31    
|uhtml|bestof|Game 3 of a best-of-3
|t:|1755210046
|gametype|doubles
|player|p1|dabaroniandcheese|fantina|1209
|player|p2|marcosdeltasena31|hilbert|1350
|gen|9
|tier|[Gen 9] VGC 2025 Reg H (Bo3)
|rated|
|rule|Species Clause: Limit one of each Pokémon
|rule|Item Clause: Limit 1 of each item
|clearpoke
|poke|p1|Sinistcha, L50|
|poke|p1|Dragonite, L50, M|
|poke|p1|Gholdengo, L50|
|poke|p1|Annihilape, L50, M|
|poke|p1|Grimmsnarl, L50, M|
|poke|p1|Ursaluna, L50, M|
|poke|p2|Dragonite, L50, F|
|poke|p2|Sneasler, L50, F|
|poke|p2|Volcarona, L50, F|
|poke|p2|Rillaboom, L50, M|
|poke|p2|Kingambit, L50, F|
|poke|p2|Electabuzz, L50, F|
|teampreview|4
|showteam|p1|Sinistcha||RockyHelmet|Hospitality|LifeDew,RagePowder,TrickRoom,MatchaGotcha||||||50|,,,,,Dark]Dragonite||LoadedDice|Multiscale|ScaleShot,Haze,Tailwind,Protect|||M|||50|,,,,,Fairy]Gholdengo||ChoiceScarf|GoodasGold|Trick,Protect,MakeItRain,ShadowBall||||||50|,,,,,Flying]Annihilape||SitrusBerry|Defiant|DrainPunch,RageFist,BulkUp,Protect|||M|||50|,,,,,Steel]Grimmsnarl||LightClay|Prankster|Reflect,LightScreen,SpiritBreak,ThunderWave|||M|||50|,,,,,Ghost]Ursaluna||FlameOrb|Guts|Facade,HeadlongRush,Earthquake,Protect|||M|||50|,,,,,Ghost
|showteam|p2|Dragonite||LoadedDice|Multiscale|ScaleShot,ExtremeSpeed,Haze,Protect|||F|||50|,,,,,Fairy]Sneasler||FocusSash|PoisonTouch|DireClaw,CloseCombat,FakeOut,Coaching|||F|||50|,,,,,Ghost]Volcarona||CovertCloak|FlameBody|HeatWave,TeraBlast,QuiverDance,Protect|||F|||50|,,,,,Fairy]Rillaboom||AssaultVest|GrassySurge|WoodHammer,FakeOut,GrassyGlide,HighHorsepower|||M|||50|,,,,,Fire]Kingambit||BlackGlasses|Defiant|KowtowCleave,SwordsDance,SuckerPunch,Protect|||F|||50|,,,,,Dark]Electabuzz||Eviolite|VitalSpirit|Electroweb,FollowMe,Taunt,Protect|||F|||50|,,,,,Ghost
|inactive|Battle timer is ON: inactive players will automatically lose when time's up. (requested by dabaroniandcheese)
|
|t:|1755210064
|teamsize|p1|4
|teamsize|p2|4
|start
|switch|p1a: Dragonite|Dragonite, L50, M|100/100
|switch|p1b: Ursaluna|Ursaluna, L50, M|100/100
|switch|p2a: Kingambit|Kingambit, L50, F|100/100
|switch|p2b: Sneasler|Sneasler, L50, F|100/100
|turn|1
|
|t:|1755210087
|-terastallize|p2a: Kingambit|Dark
|move|p2b: Sneasler|Fake Out|p1a: Dragonite
|-damage|p1a: Dragonite|93/100
|cant|p1a: Dragonite|flinch
|move|p1b: Ursaluna|Earthquake|p2a: Kingambit|[spread] p2a,p2b
|-immune|p1a: Dragonite
|-supereffective|p2b: Sneasler
|-damage|p2a: Kingambit|67/100
|-enditem|p2b: Sneasler|Focus Sash
|-damage|p2b: Sneasler|1/100
|move|p2a: Kingambit|Swords Dance|p2a: Kingambit
|-boost|p2a: Kingambit|atk|2
|
|-status|p1b: Ursaluna|brn|[from] item: Flame Orb
|upkeep
|turn|2
|
|t:|1755210110
|move|p2a: Kingambit|Sucker Punch|p1b: Ursaluna
|-damage|p1b: Ursaluna|10/100 brn
|move|p2b: Sneasler|Dire Claw|p1a: Dragonite
|-damage|p1a: Dragonite|46/100
|move|p1a: Dragonite|Tailwind|p1a: Dragonite
|-sidestart|p1: dabaroniandcheese|move: Tailwind
|move|p1b: Ursaluna|Earthquake|p2b: Sneasler|[spread] p2a,p2b
|-immune|p1a: Dragonite
|-supereffective|p2b: Sneasler
|-damage|p2a: Kingambit|25/100
|-damage|p2b: Sneasler|0 fnt
|faint|p2b: Sneasler
|
|-damage|p1b: Ursaluna|4/100 brn|[from] brn
|upkeep
|
|t:|1755210126
|switch|p2b: Electabuzz|Electabuzz, L50, F|100/100
|turn|3
|
|t:|1755210133
|move|p2b: Electabuzz|Protect|p2b: Electabuzz
|-singleturn|p2b: Electabuzz|Protect
|move|p2a: Kingambit|Protect|p2a: Kingambit
|-singleturn|p2a: Kingambit|Protect
|move|p1a: Dragonite|Haze|p1a: Dragonite
|-clearallboost
|move|p1b: Ursaluna|Earthquake|p2a: Kingambit|[spread] 
|-activate|p2a: Kingambit|move: Protect
|-activate|p2b: Electabuzz|move: Protect
|-immune|p1a: Dragonite
|
|-damage|p1b: Ursaluna|0 fnt|[from] brn
|faint|p1b: Ursaluna
|upkeep
|
|t:|1755210143
|switch|p1b: Gholdengo|Gholdengo, L50|100/100
|turn|4
|
|t:|1755210162
|-terastallize|p1b: Gholdengo|Flying
|move|p2a: Kingambit|Sucker Punch|p1a: Dragonite
|-damage|p1a: Dragonite|0 fnt
|faint|p1a: Dragonite
|move|p1b: Gholdengo|Trick|p2b: Electabuzz
|-activate|p1b: Gholdengo|move: Trick|[of] p2b: Electabuzz
|-item|p2b: Electabuzz|Choice Scarf|[from] move: Trick
|-item|p1b: Gholdengo|Eviolite|[from] move: Trick
|move|p2b: Electabuzz|Electroweb|p1b: Gholdengo
|-supereffective|p1b: Gholdengo
|-damage|p1b: Gholdengo|59/100
|-unboost|p1b: Gholdengo|spe|1
|
|upkeep
|
|t:|1755210168
|switch|p1a: Annihilape|Annihilape, L50, M|100/100
|turn|5
|inactive|marcosdeltasena31 has 30 seconds left.
|
|t:|1755210195
|switch|p2b: Volcarona|Volcarona, L50, F|100/100
|move|p2a: Kingambit|Sucker Punch|p1b: Gholdengo
|-damage|p1b: Gholdengo|0 fnt
|faint|p1b: Gholdengo
|move|p1a: Annihilape|Drain Punch|p2a: Kingambit
|-supereffective|p2a: Kingambit
|-damage|p2a: Kingambit|0 fnt
|faint|p2a: Kingambit
|
|-sideend|p1: dabaroniandcheese|move: Tailwind
|upkeep
|
|t:|1755210203
|switch|p2a: Electabuzz|Electabuzz, L50, F|100/100
|turn|6
|
|t:|1755210213
|move|p2a: Electabuzz|Follow Me|p2a: Electabuzz
|-singleturn|p2a: Electabuzz|move: Follow Me
|move|p1a: Annihilape|Bulk Up|p1a: Annihilape
|-boost|p1a: Annihilape|atk|1
|-boost|p1a: Annihilape|def|1
|move|p2b: Volcarona|Quiver Dance|p2b: Volcarona
|-boost|p2b: Volcarona|spa|1
|-boost|p2b: Volcarona|spd|1
|-boost|p2b: Volcarona|spe|1
|
|upkeep
|turn|7
|
|t:|1755210222
|move|p2a: Electabuzz|Follow Me|p2a: Electabuzz
|-singleturn|p2a: Electabuzz|move: Follow Me
|move|p2b: Volcarona|Heat Wave|p1a: Annihilape|[miss]
|-miss|p2b: Volcarona|p1a: Annihilape
|move|p1a: Annihilape|Rage Fist|p2a: Electabuzz
|-damage|p2a: Electabuzz|62/100
|
|upkeep
|turn|8
|
|t:|1755210229
|move|p2a: Electabuzz|Follow Me|p2a: Electabuzz
|-singleturn|p2a: Electabuzz|move: Follow Me
|move|p2b: Volcarona|Heat Wave|p1a: Annihilape
|-damage|p1a: Annihilape|32/100
|-enditem|p1a: Annihilape|Sitrus Berry|[eat]
|-heal|p1a: Annihilape|57/100|[from] item: Sitrus Berry
|move|p1a: Annihilape|Drain Punch|p2a: Electabuzz
|-damage|p2a: Electabuzz|4/100
|-heal|p1a: Annihilape|82/100|[from] drain|[of] p2a: Electabuzz
|
|upkeep
|turn|9
|
|t:|1755210245
|move|p2a: Electabuzz|Follow Me|p2a: Electabuzz
|-singleturn|p2a: Electabuzz|move: Follow Me
|move|p2b: Volcarona|Heat Wave|p1a: Annihilape
|-damage|p1a: Annihilape|16/100
|move|p1a: Annihilape|Drain Punch|p2a: Electabuzz
|-damage|p2a: Electabuzz|0 fnt
|-heal|p1a: Annihilape|17/100|[from] drain|[of] p2a: Electabuzz
|faint|p2a: Electabuzz
|
|upkeep
|turn|10
|
|t:|1755210253
|move|p2b: Volcarona|Heat Wave|p1a: Annihilape
|-damage|p1a: Annihilape|0 fnt
|faint|p1a: Annihilape
|
|win|marcosdeltasena31
|raw|dabaroniandcheese's rating: 1209 → 1194(-15 for losing)
|raw|marcosdeltasena31's rating: 1350 → 1362(+12 for winning)
|c|☆dabaroniandcheese|sick set gg
|l|☆dabaroniandcheese
|player|p1|
