|j|☆Vuultur
|j|☆Sazandoramx
|html|VuulturSazandoramx    
|uhtml|bestof|Game 3 of a best-of-3
|t:|1755793101
|gametype|doubles
|player|p1|Vuultur|hilbert-wonderlauncher|1209
|player|p2|Sazandoramx|169|1214
|gen|9
|tier|[Gen 9] VGC 2025 Reg H (Bo3)
|rated|
|rule|Species Clause: Limit one of each Pokémon
|rule|Item Clause: Limit 1 of each item
|clearpoke
|poke|p1|Pelipper, L50, F|
|poke|p1|Archaludon, L50, F|
|poke|p1|Annihilape, L50, F|
|poke|p1|Maushold, L50|
|poke|p1|Rillaboom, L50, F|
|poke|p1|Basculegion, L50, M|
|poke|p2|Armarouge, L50, F|
|poke|p2|Ursaluna, L50, M|
|poke|p2|Indeedee-F, L50, F|
|poke|p2|Annihilape, L50, M|
|poke|p2|Hatterene, L50, F|
|poke|p2|Torkoal, L50, M|
|teampreview|4
|showteam|p1|Pelipper||FocusSash|Drizzle|WeatherBall,Hurricane,Protect,Tailwind|||F|||50|,,,,,Ghost]Archaludon||AssaultVest|Stamina|ElectroShot,DracoMeteor,FlashCannon,BodyPress|||F|||50|,,,,,Grass]Annihilape||SafetyGoggles|Defiant|RageFist,DrainPunch,BulkUp,Protect|||F|||50|,,,,,Fire]Maushold||SitrusBerry|FriendGuard|BeatUp,FollowMe,Taunt,Protect||||||50|,,,,,Ghost]Rillaboom||MiracleSeed|GrassySurge|FakeOut,GrassyGlide,WoodHammer,Uturn|||F|||50|,,,,,Fire]Basculegion||ChoiceBand|SwiftSwim|WaveCrash,AquaJet,LastRespects,FlipTurn|||M|||50|,,,,,Water
|showteam|p2|Armarouge||PowerHerb|FlashFire|ArmorCannon,ExpandingForce,MeteorBeam,TrickRoom|||F|||50|,,,,,Grass]Ursaluna||FlameOrb|Guts|Facade,HeadlongRush,Substitute,Protect|||M|||50|,,,,,Ghost]Indeedee-F||RockyHelmet|PsychicSurge|Psychic,FollowMe,TrickRoom,HelpingHand|||F|||50|,,,,,Steel]Annihilape||ChoiceScarf|Defiant|CloseCombat,ShadowClaw,FinalGambit,Uturn|||M|||50|,,,,,Stellar]Hatterene||LifeOrb|MagicBounce|ExpandingForce,DazzlingGleam,TrickRoom,Protect|||F|||50|,,,,,Water]Torkoal||ChoiceSpecs|Drought|Eruption,EarthPower,WeatherBall,HeatWave|||M|||50|,,,,,Fire
|inactive|Battle timer is ON: inactive players will automatically lose when time's up. (requested by Vuultur)
|inactive|Sazandoramx has 60 seconds left.
|inactive|Sazandoramx has 30 seconds left.
|
|t:|1755793178
|teamsize|p1|4
|teamsize|p2|4
|start
|switch|p1a: Maushold|Maushold, L50|100/100
|switch|p1b: Annihilape|Annihilape, L50, F|100/100
|switch|p2a: Armarouge|Armarouge, L50, F|100/100
|switch|p2b: Annihilape|Annihilape, L50, M|100/100
|turn|1
|inactive|Vuultur has 30 seconds left.
|inactive|Sazandoramx has 30 seconds left.
|inactive|Vuultur has 20 seconds left.
|inactive|Sazandoramx has 20 seconds left.
|inactive|Vuultur has 15 seconds left.
|inactive|Sazandoramx has 15 seconds left.
|inactive|Vuultur has 10 seconds left.
|inactive|Sazandoramx has 10 seconds left.
|inactive|Sazandoramx has 5 seconds left.
|
|t:|1755793232
|switch|p2a: Indeedee|Indeedee-F, L50, F|100/100
|-fieldstart|move: Psychic Terrain|[from] ability: Psychic Surge|[of] p2a: Indeedee
|-terastallize|p1a: Maushold|Ghost
|move|p2b: Annihilape|U-turn|p1a: Maushold
|-resisted|p1a: Maushold
|-crit|p1a: Maushold
|-damage|p1a: Maushold|81/100
|
|t:|1755793240
|switch|p2b: Armarouge|Armarouge, L50, F|100/100|[from] U-turn
|move|p1a: Maushold|Beat Up|p1b: Annihilape
|-crit|p1b: Annihilape
|-damage|p1b: Annihilape|98/100
|-damage|p1b: Annihilape|95/100
|-damage|p1b: Annihilape|92/100
|-damage|p1b: Annihilape|90/100
|-hitcount|p1b: Annihilape|4
|move|p1b: Annihilape|Rage Fist|p2a: Indeedee
|-immune|p2a: Indeedee
|
|upkeep
|turn|2
|inactive|Vuultur has 30 seconds left.
|inactive|Sazandoramx has 30 seconds left.
|inactive|Vuultur has 20 seconds left.
|inactive|Sazandoramx has 20 seconds left.
|inactive|Vuultur has 15 seconds left.
|inactive|Sazandoramx has 15 seconds left.
|
|t:|1755793283
|switch|p1b: Rillaboom|Rillaboom, L50, F|100/100
|-fieldstart|move: Grassy Terrain|[from] ability: Grassy Surge|[of] p1b: Rillaboom
|move|p2a: Indeedee|Follow Me|p2a: Indeedee
|-singleturn|p2a: Indeedee|move: Follow Me
|move|p1a: Maushold|Taunt|p2a: Indeedee
|-start|p2a: Indeedee|move: Taunt
|move|p2b: Armarouge|Trick Room|p2b: Armarouge
|-fieldstart|move: Trick Room|[of] p2b: Armarouge
|
|-heal|p1a: Maushold|87/100|[from] Grassy Terrain
|upkeep
|turn|3
|inactive|Sazandoramx has 30 seconds left.
|inactive|Vuultur has 30 seconds left.
|inactive|Sazandoramx has 20 seconds left.
|inactive|Sazandoramx has 15 seconds left.
|inactive|Sazandoramx has 10 seconds left.
|
|t:|1755793331
|switch|p2a: Annihilape|Annihilape, L50, M|100/100
|switch|p1a: Annihilape|Annihilape, L50, F|90/100
|move|p2b: Armarouge|Meteor Beam||[still]
|-prepare|p2b: Armarouge|Meteor Beam
|-boost|p2b: Armarouge|spa|1
|-enditem|p2b: Armarouge|Power Herb
|-anim|p2b: Armarouge|Meteor Beam|p1a: Annihilape
|-resisted|p1a: Annihilape
|-damage|p1a: Annihilape|65/100
|move|p1b: Rillaboom|U-turn|p2b: Armarouge
|-damage|p2b: Armarouge|76/100
|
|t:|1755793345
|switch|p1b: Maushold|Maushold, L50, tera:Ghost|87/100|[from] U-turn
|
|-heal|p2b: Armarouge|82/100|[from] Grassy Terrain
|-heal|p1a: Annihilape|71/100|[from] Grassy Terrain
|-heal|p1b: Maushold|93/100|[from] Grassy Terrain
|upkeep
|turn|4
|
|t:|1755793365
|switch|p2a: Indeedee|Indeedee-F, L50, F|100/100
|-fieldstart|move: Psychic Terrain|[from] ability: Psychic Surge|[of] p2a: Indeedee
|move|p1a: Annihilape|Protect|p1a: Annihilape
|-singleturn|p1a: Annihilape|Protect
|move|p1b: Maushold|Protect|p1b: Maushold
|-singleturn|p1b: Maushold|Protect
|move|p2b: Armarouge|Expanding Force|p1a: Annihilape|[spread] 
|-activate|p1a: Annihilape|move: Protect
|-activate|p1b: Maushold|move: Protect
|
|upkeep
|turn|5
|inactive|Vuultur has 30 seconds left.
|
|t:|1755793399
|switch|p2a: Torkoal|Torkoal, L50, M|100/100
|-weather|SunnyDay|[from] ability: Drought|[of] p2a: Torkoal
|switch|p1a: Rillaboom|Rillaboom, L50, F|100/100
|-fieldstart|move: Grassy Terrain|[from] ability: Grassy Surge|[of] p1a: Rillaboom
|move|p2b: Armarouge|Expanding Force|p1a: Rillaboom
|-damage|p1a: Rillaboom|52/100
|move|p1b: Maushold|Taunt|p2a: Torkoal
|-start|p2a: Torkoal|move: Taunt
|
|-weather|SunnyDay|[upkeep]
|-heal|p2b: Armarouge|88/100|[from] Grassy Terrain
|-heal|p1a: Rillaboom|58/100|[from] Grassy Terrain
|-heal|p1b: Maushold|99/100|[from] Grassy Terrain
|upkeep
|turn|6
|inactive|Vuultur has 30 seconds left.
|inactive|Sazandoramx has 30 seconds left.
|
|t:|1755793430
|switch|p2a: Indeedee|Indeedee-F, L50, F|100/100
|-fieldstart|move: Psychic Terrain|[from] ability: Psychic Surge|[of] p2a: Indeedee
|move|p1b: Maushold|Protect|p1b: Maushold
|-singleturn|p1b: Maushold|Protect
|move|p2b: Armarouge|Expanding Force|p1a: Rillaboom|[spread] p1a
|-activate|p1b: Maushold|move: Protect
|-damage|p1a: Rillaboom|0 fnt
|faint|p1a: Rillaboom
|
|-weather|SunnyDay|[upkeep]
|-fieldend|move: Trick Room
|upkeep
|
|t:|1755793449
|switch|p1a: Pelipper|Pelipper, L50, F|100/100
|-weather|RainDance|[from] ability: Drizzle|[of] p1a: Pelipper
|turn|7
|
|t:|1755793465
|move|p2a: Indeedee|Follow Me|p2a: Indeedee
|-singleturn|p2a: Indeedee|move: Follow Me
|move|p1b: Maushold|Beat Up|p2a: Indeedee
|-supereffective|p2a: Indeedee
|-damage|p2a: Indeedee|95/100
|-supereffective|p2a: Indeedee
|-damage|p2a: Indeedee|90/100
|-supereffective|p2a: Indeedee
|-damage|p2a: Indeedee|84/100
|-hitcount|p2a: Indeedee|3
|move|p1a: Pelipper|Weather Ball|p2a: Indeedee
|-damage|p2a: Indeedee|21/100
|move|p2b: Armarouge|Trick Room|p2b: Armarouge
|-fieldstart|move: Trick Room|[of] p2b: Armarouge
|
|-weather|RainDance|[upkeep]
|upkeep
|turn|8
|-message|Vuultur forfeited.
|
|win|Sazandoramx
|raw|Vuultur's rating: 1209 → 1184(-25 for losing)
|raw|Sazandoramx's rating: 1214 → 1239(+25 for winning)
|l|☆Vuultur
|player|p1|
|j|☆Vuultur
|player|p1|Vuultur|hilbert-wonderlauncher|
|l|☆Vuultur
|player|p1|
