|j|☆itmaybetime
|j|☆smp1983
|html|itmaybetimesmp1983    
|uhtml|bestof|Game 1 of a best-of-3
|t:|1782255218
|gametype|doubles
|player|p1|itmaybetime|101|1043
|player|p2|smp1983|169|1026
|gen|9
|tier|[Gen 9 Champions] VGC 2026 Reg M-B (Bo3)
|rated|
|rule|Species Clause: Limit one of each Pokémon
|rule|Item Clause: Limit 1 of each item
|clearpoke
|poke|p1|Gholdengo, L50|
|poke|p1|Incineroar, L50, M|
|poke|p1|Garchomp, L50, F|
|poke|p1|Charizard, L50, F|
|poke|p1|Basculegion, L50, M|
|poke|p1|Whimsicott, L50, M|
|poke|p2|Raichu, L50, M|
|poke|p2|Samurott-Hisui, L50, F|
|poke|p2|Floette-Eternal, L50, F|
|poke|p2|Excadrill, L50, M|
|poke|p2|Arcanine-Hisui, L50, F|
|poke|p2|Farigiraf, L50, M|
|teampreview|4
|showteam|p1|Gholdengo||SpellTag|GoodasGold|MakeItRain,ShadowBall,NastyPlot,Protect|Modest|||||50|]Incineroar||SitrusBerry|Intimidate|PartingShot,FlareBlitz,ThroatChop,FakeOut|Impish||M|||50|]Garchomp||LifeOrb|RoughSkin|Earthquake,DragonClaw,RockSlide,Protect|Jolly||F|||50|]Charizard||CharizarditeY|Blaze|HeatWave,SolarBeam,WeatherBall,Protect|Modest||F|||50|]Basculegion||ChoiceScarf|Adaptability|WaveCrash,LastRespects,AquaJet,FlipTurn|Jolly||M|||50|]Whimsicott||FocusSash|Prankster|Tailwind,Encore,Moonblast,Protect|Timid||M|||50|
|showteam|p2|Raichu||RaichuniteY|LightningRod|ZapCannon,FocusBlast,Protect,FakeOut|Timid||M|||50|]Samurott-Hisui||Leftovers|Sharpness|CeaselessEdge,AquaCutter,SacredSword,Taunt|Adamant||F|||50|]Floette-Eternal||Floettite|FlowerVeil|LightofRuin,Moonblast,EnergyBall,ChillingWater|Timid||F|||50|]Excadrill||ExpertBelt|MoldBreaker|HighHorsepower,IronHead,PoisonJab,SwordsDance|Jolly||M|||50|]Arcanine-Hisui||LifeOrb|RockHead|FlareBlitz,HeadSmash,WildCharge,ExtremeSpeed|Jolly||F|||50|]Farigiraf||MentalHerb|ArmorTail|Gravity,Psychic,TrickRoom,HyperVoice|Modest||M|||50|
|inactive|Battle timer is ON: inactive players will automatically lose when time's up. (requested by smp1983)
|inactive|itmaybetime has 60 seconds left.
|
|t:|1782255287
|teamsize|p1|4
|teamsize|p2|4
|start
|switch|p1a: Garchomp|Garchomp, L50, F|100/100
|switch|p1b: Charizard|Charizard, L50, F|100/100
|switch|p2a: Floette|Floette-Eternal, L50, F|100/100
|switch|p2b: Arcanine|Arcanine-Hisui, L50, F|100/100
|turn|1
|inactive|itmaybetime has 30 seconds left.
|inactive|smp1983 has 30 seconds left.
|
|t:|1782255317
|switch|p1b: Gholdengo|Gholdengo, L50|100/100
|detailschange|p2a: Floette|Floette-Mega, L50, F
|-mega|p2a: Floette|Floette|Floettite
|-ability|p2a: Floette|Fairy Aura
|move|p1a: Garchomp|Protect|p1a: Garchomp
|-singleturn|p1a: Garchomp|Protect
|move|p2a: Floette|Moonblast|p1a: Garchomp
|-activate|p1a: Garchomp|move: Protect
|move|p2b: Arcanine|Head Smash|p1b: Gholdengo
|-resisted|p1b: Gholdengo|1
|-damage|p1b: Gholdengo|45/100
|-damage|p2b: Arcanine|90/100|[from] item: Life Orb
|
|upkeep
|turn|2
|inactive|smp1983 has 30 seconds left.
|inactive|smp1983 has 20 seconds left.
|inactive|smp1983 has 15 seconds left.
|
|t:|1782255359
|switch|p1a: Charizard|Charizard, L50, F|100/100
|switch|p1b: Incineroar|Incineroar, L50, M|100/100
|-ability|p1b: Incineroar|Intimidate|boost
|-unboost|p2a: Floette|atk|1
|-unboost|p2b: Arcanine|atk|1
|move|p2a: Floette|Moonblast|p1a: Charizard
|-resisted|p1a: Charizard|1
|-damage|p1a: Charizard|56/100
|move|p2b: Arcanine|Head Smash|p1b: Incineroar
|-supereffective|p1b: Incineroar|1
|-damage|p1b: Incineroar|5/100
|-enditem|p1b: Incineroar|Sitrus Berry|[eat]
|-heal|p1b: Incineroar|30/100|[from] item: Sitrus Berry
|-damage|p2b: Arcanine|80/100|[from] item: Life Orb
|
|upkeep
|turn|3
|inactive|smp1983 has 30 seconds left.
|inactive|smp1983 has 20 seconds left.
|inactive|smp1983 has 15 seconds left.
|
|t:|1782255404
|switch|p2a: Samurott|Samurott-Hisui, L50, F|100/100
|detailschange|p1a: Charizard|Charizard-Mega-Y, L50, F
|-mega|p1a: Charizard|Charizard|Charizardite Y
|-weather|SunnyDay|[from] ability: Drought|[of] p1a: Charizard
|move|p1b: Incineroar|Fake Out|p2b: Arcanine
|-resisted|p2b: Arcanine|1
|-damage|p2b: Arcanine|74/100
|cant|p2b: Arcanine|flinch
|move|p1a: Charizard|Heat Wave|p2b: Arcanine|[spread] p2a,p2b
|-resisted|p2a: Samurott|1
|-resisted|p2b: Arcanine|2
|-crit|p2b: Arcanine
|-damage|p2a: Samurott|51/100
|-damage|p2b: Arcanine|45/100
|
|-weather|SunnyDay|[upkeep]
|-heal|p2a: Samurott|57/100|[from] item: Leftovers
|upkeep
|turn|4
|inactive|itmaybetime has 30 seconds left.
|inactive|smp1983 has 30 seconds left.
|inactive|itmaybetime has 20 seconds left.
|
|t:|1782255442
|switch|p1a: Garchomp|Garchomp, L50, F|100/100
|switch|p1b: Gholdengo|Gholdengo, L50|45/100
|move|p2b: Arcanine|Extreme Speed|p1a: Garchomp
|-damage|p1a: Garchomp|76/100
|-damage|p2b: Arcanine|33/100|[from] ability: Rough Skin|[of] p1a: Garchomp
|-damage|p2b: Arcanine|23/100|[from] item: Life Orb
|move|p2a: Samurott|Aqua Cutter|p1b: Gholdengo
|-damage|p1b: Gholdengo|14/100
|
|-weather|SunnyDay|[upkeep]
|-heal|p2a: Samurott|63/100|[from] item: Leftovers
|upkeep
|turn|5
|inactive|itmaybetime has 30 seconds left.
|inactive|smp1983 has 30 seconds left.
|inactive|itmaybetime has 20 seconds left.
|inactive|smp1983 has 20 seconds left.
|inactive|smp1983 has 15 seconds left.
|
|t:|1782255486
|switch|p1b: Incineroar|Incineroar, L50, M|30/100
|-ability|p1b: Incineroar|Intimidate|boost
|-unboost|p2a: Samurott|atk|1
|-unboost|p2b: Arcanine|atk|1
|move|p1a: Garchomp|Rock Slide|p2a: Samurott|[spread] p2a,p2b
|-supereffective|p2b: Arcanine|1
|-damage|p2a: Samurott|32/100
|-damage|p2b: Arcanine|0 fnt
|faint|p2b: Arcanine
|-damage|p1a: Garchomp|67/100|[from] item: Life Orb
|move|p2a: Samurott|Ceaseless Edge|p1b: Incineroar
|-resisted|p1b: Incineroar|1
|-damage|p1b: Incineroar|19/100
|-sidestart|p1: itmaybetime|Spikes
|
|-weather|SunnyDay|[upkeep]
|-heal|p2a: Samurott|38/100|[from] item: Leftovers
|upkeep
|
|t:|1782255510
|switch|p2b: Floette|Floette-Mega, L50, F|100/100
|-ability|p2b: Floette|Fairy Aura
|turn|6
|
|t:|1782255529
|move|p1b: Incineroar|Fake Out|p2b: Floette
|-damage|p2b: Floette|84/100
|cant|p2b: Floette|flinch
|move|p1a: Garchomp|Earthquake|p2a: Samurott|[spread] p1b,p2a,p2b
|-supereffective|p1b: Incineroar|1
|-damage|p1b: Incineroar|0 fnt
|-damage|p2a: Samurott|0 fnt
|-damage|p2b: Floette|19/100
|faint|p1b: Incineroar
|faint|p2a: Samurott
|-damage|p1a: Garchomp|57/100|[from] item: Life Orb
|
|-weather|SunnyDay|[upkeep]
|upkeep
|
|t:|1782255543
|switch|p2a: Excadrill|Excadrill, L50, M|100/100
|switch|p1b: Gholdengo|Gholdengo, L50|14/100
|-ability|p2a: Excadrill|Mold Breaker
|-damage|p1b: Gholdengo|1/100|[from] Spikes
|turn|7
|inactive|itmaybetime has 30 seconds left.
|inactive|itmaybetime has 20 seconds left.
|
|t:|1782255584
|move|p1a: Garchomp|Rock Slide|p2a: Excadrill|[spread] p2b
|-miss|p1a: Garchomp|p2a: Excadrill
|-damage|p2b: Floette|0 fnt
|faint|p2b: Floette
|-damage|p1a: Garchomp|47/100|[from] item: Life Orb
|move|p2a: Excadrill|Iron Head|p1b: Gholdengo
|-resisted|p1b: Gholdengo|1
|-damage|p1b: Gholdengo|0 fnt
|faint|p1b: Gholdengo
|
|-weather|none
|upkeep
|
|t:|1782255594
|switch|p1b: Charizard|Charizard-Mega-Y, L50, F|56/100
|-weather|SunnyDay|[from] ability: Drought|[of] p1b: Charizard
|turn|8
|
|t:|1782255617
|move|p1a: Garchomp|Earthquake|p2a: Excadrill|[spread] p2a
|-immune|p1b: Charizard
|-supereffective|p2a: Excadrill|1
|-damage|p2a: Excadrill|0 fnt
|faint|p2a: Excadrill
|-damage|p1a: Garchomp|37/100|[from] item: Life Orb
|
|win|itmaybetime
