|j|☆Gayangos
|j|☆jgm1234
|html|Gayangosjgm1234    
|uhtml|bestof|Game 2 of a best-of-3
|t:|1757669388
|gametype|doubles
|player|p1|Gayangos|170|1231
|player|p2|jgm1234|firebreather|1150
|gen|9
|tier|[Gen 9] VGC 2025 Reg H (Bo3)
|rated|
|rule|Species Clause: Limit one of each Pokémon
|rule|Item Clause: Limit 1 of each item
|clearpoke
|poke|p1|Dragapult, L50, M|
|poke|p1|Sneasler, L50, M|
|poke|p1|Incineroar, L50, F|
|poke|p1|Volcarona, L50, M|
|poke|p1|Rillaboom, L50, F|
|poke|p1|Kingambit, L50, F|
|poke|p2|Indeedee-F, L50, F|
|poke|p2|Armarouge, L50, F|
|poke|p2|Hatterene, L50, F|
|poke|p2|Torkoal, L50, M|
|poke|p2|Gallade, L50, M|
|poke|p2|Ursaluna, L50, F|
|teampreview|4
|showteam|p1|Dragapult||ChoiceBand|ClearBody|DragonDarts,Outrage,PhantomForce,Uturn|||M|||50|,,,,,Dragon]Sneasler||FocusSash|Unburden|DireClaw,CloseCombat,ThroatChop,Protect|||M|||50|,,,,,Stellar]Incineroar||SafetyGoggles|Intimidate|FakeOut,KnockOff,PartingShot,Taunt|||F|||50|,,,,,Ghost]Volcarona||GrassySeed|FlameBody|HeatWave,TeraBlast,QuiverDance,Protect|||M|||50|,,,,,Fairy]Rillaboom||AssaultVest|GrassySurge|FakeOut,WoodHammer,GrassyGlide,HighHorsepower|||F|||50|,,,,,Fire]Kingambit||BlackGlasses|Defiant|KowtowCleave,SuckerPunch,SwordsDance,Protect|||F|||50|,,,,,Dark
|showteam|p2|Indeedee-F||SafetyGoggles|PsychicSurge|AlluringVoice,FollowMe,HelpingHand,TrickRoom|||F|||50|,,,,,Dragon]Armarouge||PowerHerb|FlashFire|ArmorCannon,ExpandingForce,MeteorBeam,Protect|||F|||50|,,,,,Grass]Hatterene||LifeOrb|MagicBounce|ExpandingForce,DazzlingGleam,TrickRoom,Protect|||F|||50|,,,,,Fire]Torkoal||AssaultVest|Drought|Eruption,WeatherBall,EarthPower,ClearSmog|||M|||50|,,,,,Fire]Gallade||ClearAmulet|Sharpness|PsychoCut,SacredSword,WideGuard,TrickRoom|||M|||50|,,,,,Grass]Ursaluna||FlameOrb|Guts|Facade,HeadlongRush,Substitute,Protect|||F|||50|,,,,,Dragon
|inactive|Battle timer is ON: inactive players will automatically lose when time's up. (requested by jgm1234)
|
|t:|1757669407
|teamsize|p1|4
|teamsize|p2|4
|start
|switch|p1a: Volcarona|Volcarona, L50, M|100/100
|switch|p1b: Incineroar|Incineroar, L50, F|100/100
|switch|p2a: Armarouge|Armarouge, L50, F, shiny|100/100
|switch|p2b: Indeedee|Indeedee-F, L50, F, shiny|100/100
|-fieldstart|move: Psychic Terrain|[from] ability: Psychic Surge|[of] p2b: Indeedee
|-ability|p1b: Incineroar|Intimidate|boost
|-unboost|p2a: Armarouge|atk|1
|-unboost|p2b: Indeedee|atk|1
|turn|1
|
|t:|1757669428
|switch|p1a: Rillaboom|Rillaboom, L50, F|100/100
|-fieldstart|move: Grassy Terrain|[from] ability: Grassy Surge|[of] p1a: Rillaboom
|-terastallize|p1b: Incineroar|Ghost
|move|p2b: Indeedee|Follow Me|p2b: Indeedee
|-singleturn|p2b: Indeedee|move: Follow Me
|move|p2a: Armarouge|Meteor Beam||[still]
|-prepare|p2a: Armarouge|Meteor Beam
|-boost|p2a: Armarouge|spa|1
|-enditem|p2a: Armarouge|Power Herb
|-anim|p2a: Armarouge|Meteor Beam|p1b: Incineroar
|-damage|p1b: Incineroar|56/100
|move|p1b: Incineroar|Taunt|p2b: Indeedee
|-start|p2b: Indeedee|move: Taunt
|
|-heal|p1b: Incineroar|62/100|[from] Grassy Terrain
|upkeep
|turn|2
|inactive|jgm1234 has 30 seconds left.
|
|t:|1757669457
|switch|p1a: Volcarona|Volcarona, L50, M|100/100
|-enditem|p1a: Volcarona|Grassy Seed
|-boost|p1a: Volcarona|def|1|[from] item: Grassy Seed
|switch|p2b: Torkoal|Torkoal, L50, M|100/100
|-weather|SunnyDay|[from] ability: Drought|[of] p2b: Torkoal
|move|p2a: Armarouge|Protect|p2a: Armarouge
|-singleturn|p2a: Armarouge|Protect
|move|p1b: Incineroar|Parting Shot|p2a: Armarouge
|-activate|p2a: Armarouge|move: Protect
|
|-weather|SunnyDay|[upkeep]
|-heal|p1b: Incineroar|68/100|[from] Grassy Terrain
|upkeep
|turn|3
|
|t:|1757669471
|move|p1a: Volcarona|Quiver Dance|p1a: Volcarona
|-boost|p1a: Volcarona|spa|1
|-boost|p1a: Volcarona|spd|1
|-boost|p1a: Volcarona|spe|1
|move|p2a: Armarouge|Armor Cannon|p1a: Volcarona
|-damage|p1a: Volcarona|6/100
|-unboost|p2a: Armarouge|def|1
|-unboost|p2a: Armarouge|spd|1
|move|p1b: Incineroar|Knock Off|p2a: Armarouge
|-supereffective|p2a: Armarouge
|-damage|p2a: Armarouge|13/100
|move|p2b: Torkoal|Weather Ball|p1b: Incineroar
|-damage|p1b: Incineroar|20/100
|
|-weather|SunnyDay|[upkeep]
|-heal|p1a: Volcarona|12/100|[from] Grassy Terrain
|-heal|p2a: Armarouge|19/100|[from] Grassy Terrain
|-heal|p1b: Incineroar|26/100|[from] Grassy Terrain
|upkeep
|turn|4
|
|t:|1757669489
|move|p1a: Volcarona|Tera Blast|p2a: Armarouge
|-damage|p2a: Armarouge|0 fnt
|faint|p2a: Armarouge
|move|p1b: Incineroar|Knock Off|p2b: Torkoal
|-damage|p2b: Torkoal|68/100
|-enditem|p2b: Torkoal|Assault Vest|[from] move: Knock Off|[of] p1b: Incineroar
|move|p2b: Torkoal|Weather Ball|p1b: Incineroar
|-damage|p1b: Incineroar|0 fnt
|faint|p1b: Incineroar
|
|-weather|SunnyDay|[upkeep]
|-heal|p1a: Volcarona|18/100|[from] Grassy Terrain
|-heal|p2b: Torkoal|73/100|[from] Grassy Terrain
|upkeep
|
|t:|1757669500
|switch|p2a: Indeedee|Indeedee-F, L50, F, shiny|100/100
|switch|p1b: Kingambit|Kingambit, L50, F|100/100
|-fieldstart|move: Psychic Terrain|[from] ability: Psychic Surge|[of] p2a: Indeedee
|turn|5
|
|t:|1757669509
|-terastallize|p2a: Indeedee|Dragon
|move|p1a: Volcarona|Heat Wave|p2b: Torkoal|[spread] p2a,p2b
|-resisted|p2a: Indeedee
|-crit|p2a: Indeedee
|-resisted|p2b: Torkoal
|-damage|p2a: Indeedee|42/100
|-damage|p2b: Torkoal|26/100
|-status|p2a: Indeedee|brn
|move|p1b: Kingambit|Kowtow Cleave|p2b: Torkoal
|-damage|p2b: Torkoal|0 fnt
|faint|p2b: Torkoal
|move|p2a: Indeedee|Trick Room|p2a: Indeedee
|-fieldstart|move: Trick Room|[of] p2a: Indeedee
|
|-weather|SunnyDay|[upkeep]
|-damage|p2a: Indeedee|36/100 brn|[from] brn
|upkeep
|
|t:|1757669519
|switch|p2b: Ursaluna|Ursaluna, L50, F, shiny|100/100
|turn|6
|
|t:|1757669533
|move|p2a: Indeedee|Helping Hand|p2b: Ursaluna
|-singleturn|p2b: Ursaluna|Helping Hand|[of] p2a: Indeedee
|move|p1b: Kingambit|Protect|p1b: Kingambit
|-singleturn|p1b: Kingambit|Protect
|move|p2b: Ursaluna|Facade|p1b: Kingambit
|-activate|p1b: Kingambit|move: Protect
|move|p1a: Volcarona|Heat Wave|p2a: Indeedee|[spread] p2a
|-miss|p1a: Volcarona|p2b: Ursaluna
|-resisted|p2a: Indeedee
|-damage|p2a: Indeedee|0 fnt
|faint|p2a: Indeedee
|
|-weather|none
|-status|p2b: Ursaluna|brn|[from] item: Flame Orb
|upkeep
|turn|7
|-message|jgm1234 forfeited.
|
|win|Gayangos
|raw|Gayangos's rating: 1231 → 1250(+19 for winning)
|raw|jgm1234's rating: 1150 → 1131(-19 for losing)
|l|☆jgm1234
|player|p2|
