|j|☆x-3 demon
|j|☆OhNoValentine
|html|x-3 demonOhNoValentine    
|uhtml|bestof|Game 3 of a best-of-3
|t:|1757198381
|gametype|doubles
|player|p1|x-3 demon|boarder-gen2|1312
|player|p2|OhNoValentine|169|1337
|gen|9
|tier|[Gen 9] VGC 2025 Reg H (Bo3)
|rated|
|rule|Species Clause: Limit one of each Pokémon
|rule|Item Clause: Limit 1 of each item
|clearpoke
|poke|p1|Dragonite, L50, F|
|poke|p1|Sinistcha, L50|
|poke|p1|Ursaluna, L50, F|
|poke|p1|Gholdengo, L50|
|poke|p1|Incineroar, L50, M|
|poke|p1|Ninetales-Alola, L50, M|
|poke|p2|Rillaboom, L50, F|
|poke|p2|Sneasler, L50, F|
|poke|p2|Gholdengo, L50|
|poke|p2|Dragonite, L50, M|
|poke|p2|Annihilape, L50, F|
|poke|p2|Ursaluna-Bloodmoon, L50, M|
|teampreview|4
|showteam|p1|Dragonite||LoadedDice|Multiscale|ScaleShot,Haze,Tailwind,Protect|||F|||50|,,,,,Fairy]Sinistcha||SitrusBerry|Hospitality|MatchaGotcha,LifeDew,RagePowder,TrickRoom||||||50|,,,,,Dark]Ursaluna||FlameOrb|Guts|HeadlongRush,Earthquake,Facade,Protect|||F|||50|,,,,,Ghost]Gholdengo||LifeOrb|GoodasGold|MakeItRain,ShadowBall,NastyPlot,Protect||||||50|,,,,,Water]Incineroar||AssaultVest|Intimidate|FlareBlitz,KnockOff,FakeOut,Uturn|||M|||50|,,,,,Grass]Ninetales-Alola||FocusSash|SnowWarning|IcyWind,FreezeDry,Encore,AuroraVeil|||M|||50|,,,,,Ghost
|showteam|p2|Rillaboom||MiracleSeed|GrassySurge|FakeOut,WoodHammer,Uturn,GrassyGlide|||F|||50|,,,,,Fire]Sneasler||GrassySeed|Unburden|Protect,CloseCombat,DireClaw,ThroatChop|||F|||50|,,,,,Dark]Gholdengo||LifeOrb|GoodasGold|MakeItRain,ShadowBall,NastyPlot,Protect||||||50|,,,,,Water]Dragonite||LoadedDice|Multiscale|Protect,Tailwind,Haze,ScaleShot|||M|||50|,,,,,Steel]Annihilape||SafetyGoggles|Defiant|RageFist,DrainPunch,Protect,BulkUp|||F|||50|,,,,,Fire]Ursaluna-Bloodmoon||AssaultVest|MindsEye|BloodMoon,VacuumWave,HyperVoice,EarthPower|||M|||50|,,,,,Ghost
|inactive|Battle timer is ON: inactive players will automatically lose when time's up. (requested by OhNoValentine)
|inactive|x-3 demon has 60 seconds left.
|
|t:|1757198450
|teamsize|p1|4
|teamsize|p2|4
|start
|switch|p1a: Dragonite|Dragonite, L50, F|100/100
|switch|p1b: Ninetales|Ninetales-Alola, L50, M|100/100
|switch|p2a: Sneasler|Sneasler, L50, F|100/100
|switch|p2b: Rillaboom|Rillaboom, L50, F|100/100
|-weather|Snowscape|[from] ability: Snow Warning|[of] p1b: Ninetales
|-fieldstart|move: Grassy Terrain|[from] ability: Grassy Surge|[of] p2b: Rillaboom
|-enditem|p2a: Sneasler|Grassy Seed
|-boost|p2a: Sneasler|def|1|[from] item: Grassy Seed
|turn|1
|inactive|x-3 demon has 30 seconds left.
|inactive|OhNoValentine has 30 seconds left.
|
|t:|1757198483
|switch|p1b: Incineroar|Incineroar, L50, M|100/100
|-ability|p1b: Incineroar|Intimidate|boost
|-unboost|p2a: Sneasler|atk|1
|-unboost|p2b: Rillaboom|atk|1
|move|p1a: Dragonite|Protect|p1a: Dragonite
|-singleturn|p1a: Dragonite|Protect
|move|p2b: Rillaboom|Grassy Glide|p1b: Incineroar
|-resisted|p1b: Incineroar
|-damage|p1b: Incineroar|85/100
|move|p2a: Sneasler|Close Combat|p1b: Incineroar
|-supereffective|p1b: Incineroar
|-damage|p1b: Incineroar|3/100
|-unboost|p2a: Sneasler|def|1
|-unboost|p2a: Sneasler|spd|1
|
|-weather|Snowscape|[upkeep]
|-heal|p1b: Incineroar|9/100|[from] Grassy Terrain
|upkeep
|turn|2
|inactive|x-3 demon has 30 seconds left.
|inactive|x-3 demon has 20 seconds left.
|inactive|x-3 demon has 15 seconds left.
|inactive|x-3 demon has 10 seconds left.
|
|t:|1757198528
|move|p2a: Sneasler|Protect|p2a: Sneasler
|-singleturn|p2a: Sneasler|Protect
|move|p1b: Incineroar|Fake Out|p2b: Rillaboom
|-damage|p2b: Rillaboom|89/100
|move|p1a: Dragonite|Scale Shot|p2a: Sneasler
|-activate|p2a: Sneasler|move: Protect
|cant|p2b: Rillaboom|flinch
|
|-weather|Snowscape|[upkeep]
|-heal|p2b: Rillaboom|95/100|[from] Grassy Terrain
|-heal|p1b: Incineroar|15/100|[from] Grassy Terrain
|upkeep
|turn|3
|
|t:|1757198545
|switch|p1b: Ninetales|Ninetales-Alola, L50, M|100/100
|move|p2b: Rillaboom|Grassy Glide|p1b: Ninetales
|-damage|p1b: Ninetales|66/100
|move|p2a: Sneasler|Dire Claw|p1a: Dragonite
|-damage|p1a: Dragonite|84/100
|move|p1a: Dragonite|Scale Shot|p2a: Sneasler
|-damage|p2a: Sneasler|77/100
|-damage|p2a: Sneasler|54/100
|-damage|p2a: Sneasler|26/100
|-damage|p2a: Sneasler|2/100
|-damage|p2a: Sneasler|0 fnt
|faint|p2a: Sneasler
|-hitcount|p2: Sneasler|5
|-unboost|p1a: Dragonite|def|1
|-boost|p1a: Dragonite|spe|1
|
|-weather|Snowscape|[upkeep]
|-heal|p1b: Ninetales|72/100|[from] Grassy Terrain
|-heal|p2b: Rillaboom|100/100|[from] Grassy Terrain
|upkeep
|
|t:|1757198556
|switch|p2a: Gholdengo|Gholdengo, L50, shiny|100/100
|turn|4
|inactive|x-3 demon has 30 seconds left.
|inactive|x-3 demon has 20 seconds left.
|inactive|OhNoValentine has 30 seconds left.
|
|t:|1757198599
|move|p1a: Dragonite|Scale Shot|p2b: Rillaboom
|-damage|p2b: Rillaboom|88/100
|-damage|p2b: Rillaboom|73/100
|-damage|p2b: Rillaboom|59/100
|-damage|p2b: Rillaboom|43/100
|-damage|p2b: Rillaboom|30/100
|-hitcount|p2b: Rillaboom|5
|-unboost|p1a: Dragonite|def|1
|-boost|p1a: Dragonite|spe|1
|move|p1b: Ninetales|Aurora Veil|p1b: Ninetales
|-sidestart|p1: x-3 demon|move: Aurora Veil
|move|p2a: Gholdengo|Make It Rain|p1a: Dragonite|[spread] p1a,p1b
|-supereffective|p1b: Ninetales
|-damage|p1a: Dragonite|42/100
|-damage|p1b: Ninetales|0 fnt
|-unboost|p2a: Gholdengo|spa|1
|faint|p1b: Ninetales
|-damage|p2a: Gholdengo|91/100|[from] item: Life Orb
|move|p2b: Rillaboom|U-turn|p1a: Dragonite
|-resisted|p1a: Dragonite
|-damage|p1a: Dragonite|29/100
|
|t:|1757198602
|switch|p2b: Annihilape|Annihilape, L50, F|100/100|[from] U-turn
|
|-weather|Snowscape|[upkeep]
|-heal|p2a: Gholdengo|97/100|[from] Grassy Terrain
|upkeep
|
|t:|1757198623
|switch|p1b: Ursaluna|Ursaluna, L50, F, shiny|100/100
|turn|5
|inactive|x-3 demon has 30 seconds left.
|
|t:|1757198658
|-terastallize|p2a: Gholdengo|Water
|move|p1a: Dragonite|Tailwind|p1a: Dragonite
|-sidestart|p1: x-3 demon|move: Tailwind
|move|p1b: Ursaluna|Headlong Rush|p2b: Annihilape
|-damage|p2b: Annihilape|30/100
|-unboost|p1b: Ursaluna|def|1
|-unboost|p1b: Ursaluna|spd|1
|move|p2b: Annihilape|Rage Fist|p1b: Ursaluna
|-immune|p1b: Ursaluna
|move|p2a: Gholdengo|Make It Rain|p1a: Dragonite|[spread] p1a,p1b
|-damage|p1a: Dragonite|1/100
|-damage|p1b: Ursaluna|61/100
|-unboost|p2a: Gholdengo|spa|1
|-damage|p2a: Gholdengo|87/100|[from] item: Life Orb
|
|-weather|none
|-heal|p1b: Ursaluna|67/100|[from] Grassy Terrain
|-heal|p2b: Annihilape|36/100|[from] Grassy Terrain
|-heal|p2a: Gholdengo|93/100|[from] Grassy Terrain
|-fieldend|move: Grassy Terrain
|-status|p1b: Ursaluna|brn|[from] item: Flame Orb
|upkeep
|turn|6
|inactive|x-3 demon has 30 seconds left.
|inactive|x-3 demon has 20 seconds left.
|inactive|x-3 demon has 15 seconds left.
|inactive|x-3 demon has 10 seconds left.
|
|t:|1757198706
|move|p2a: Gholdengo|Protect|p2a: Gholdengo
|-singleturn|p2a: Gholdengo|Protect
|move|p1a: Dragonite|Scale Shot|p2b: Annihilape|[miss]
|-miss|p1a: Dragonite|p2b: Annihilape
|move|p1b: Ursaluna|Facade|p2a: Gholdengo
|-activate|p2a: Gholdengo|move: Protect
|move|p2b: Annihilape|Drain Punch|p1a: Dragonite
|-resisted|p1a: Dragonite
|-damage|p1a: Dragonite|0 fnt
|-heal|p2b: Annihilape|37/100|[from] drain|[of] p1a: Dragonite
|faint|p1a: Dragonite
|
|-damage|p1b: Ursaluna|61/100 brn|[from] brn
|upkeep
|
|t:|1757198720
|switch|p1a: Incineroar|Incineroar, L50, M|15/100
|-ability|p1a: Incineroar|Intimidate|boost
|-unboost|p2a: Gholdengo|atk|1
|-unboost|p2b: Annihilape|atk|1
|-ability|p2b: Annihilape|Defiant|boost
|-boost|p2b: Annihilape|atk|2
|turn|7
|inactive|x-3 demon has 30 seconds left.
|inactive|x-3 demon has 20 seconds left.
|inactive|x-3 demon has 15 seconds left.
|
|t:|1757198763
|switch|p2a: Rillaboom|Rillaboom, L50, F|30/100
|-fieldstart|move: Grassy Terrain|[from] ability: Grassy Surge|[of] p2a: Rillaboom
|move|p2b: Annihilape|Protect|p2b: Annihilape
|-singleturn|p2b: Annihilape|Protect
|move|p1a: Incineroar|Flare Blitz|p2b: Annihilape
|-activate|p2b: Annihilape|move: Protect
|move|p1b: Ursaluna|Facade|p2a: Rillaboom
|-damage|p2a: Rillaboom|0 fnt
|faint|p2a: Rillaboom
|
|-heal|p1a: Incineroar|21/100|[from] Grassy Terrain
|-heal|p1b: Ursaluna|67/100 brn|[from] Grassy Terrain
|-heal|p2b: Annihilape|43/100|[from] Grassy Terrain
|-damage|p1b: Ursaluna|61/100 brn|[from] brn
|upkeep
|
|t:|1757198770
|switch|p2a: Gholdengo|Gholdengo, L50, shiny, tera:Water|93/100
|turn|8
|
|t:|1757198805
|move|p2a: Gholdengo|Protect|p2a: Gholdengo
|-singleturn|p2a: Gholdengo|Protect
|move|p1a: Incineroar|Flare Blitz|p2b: Annihilape
|-crit|p2b: Annihilape
|-damage|p2b: Annihilape|0 fnt
|faint|p2b: Annihilape
|-damage|p1a: Incineroar|7/100|[from] Recoil
|move|p1b: Ursaluna|Facade|p2a: Gholdengo
|-activate|p2a: Gholdengo|move: Protect
|
|-heal|p1a: Incineroar|13/100|[from] Grassy Terrain
|-heal|p1b: Ursaluna|67/100 brn|[from] Grassy Terrain
|-heal|p2a: Gholdengo|99/100|[from] Grassy Terrain
|-damage|p1b: Ursaluna|61/100 brn|[from] brn
|-sideend|p1: x-3 demon|move: Tailwind
|-sideend|p1: x-3 demon|move: Aurora Veil
|upkeep
|turn|9
|inactive|x-3 demon has 30 seconds left.
|inactive|x-3 demon has 20 seconds left.
|inactive|x-3 demon has 15 seconds left.
|
|t:|1757198849
|move|p1b: Ursaluna|Protect|p1b: Ursaluna
|-singleturn|p1b: Ursaluna|Protect
|move|p2a: Gholdengo|Make It Rain|p1a: Incineroar|[spread] p1a
|-activate|p1b: Ursaluna|move: Protect
|-resisted|p1a: Incineroar
|-damage|p1a: Incineroar|0 fnt
|-unboost|p2a: Gholdengo|spa|1
|faint|p1a: Incineroar
|-damage|p2a: Gholdengo|90/100|[from] item: Life Orb
|
|-heal|p2a: Gholdengo|96/100|[from] Grassy Terrain
|-heal|p1b: Ursaluna|67/100 brn|[from] Grassy Terrain
|-damage|p1b: Ursaluna|61/100 brn|[from] brn
|upkeep
|turn|10
|
|t:|1757198869
|move|p2a: Gholdengo|Protect|p2a: Gholdengo
|-singleturn|p2a: Gholdengo|Protect
|move|p1b: Ursaluna|Facade|p2a: Gholdengo
|-activate|p2a: Gholdengo|move: Protect
|
|-heal|p2a: Gholdengo|100/100|[from] Grassy Terrain
|-heal|p1b: Ursaluna|67/100 brn|[from] Grassy Terrain
|-damage|p1b: Ursaluna|61/100 brn|[from] brn
|upkeep
|turn|11
|
|t:|1757198878
|move|p1b: Ursaluna|Protect|p1b: Ursaluna
|-singleturn|p1b: Ursaluna|Protect
|move|p2a: Gholdengo|Make It Rain|p1b: Ursaluna
|-activate|p1b: Ursaluna|move: Protect
|
|-heal|p1b: Ursaluna|67/100 brn|[from] Grassy Terrain
|-damage|p1b: Ursaluna|61/100 brn|[from] brn
|-fieldend|move: Grassy Terrain
|upkeep
|turn|12
|
|t:|1757198889
|-terastallize|p1b: Ursaluna|Ghost
|move|p2a: Gholdengo|Protect|p2a: Gholdengo
|-singleturn|p2a: Gholdengo|Protect
|move|p1b: Ursaluna|Facade|p2a: Gholdengo
|-activate|p2a: Gholdengo|move: Protect
|
|-damage|p1b: Ursaluna|56/100 brn|[from] brn
|upkeep
|turn|13
|
|t:|1757198899
|move|p2a: Gholdengo|Shadow Ball|p1b: Ursaluna
|-supereffective|p1b: Ursaluna
|-damage|p1b: Ursaluna|0 fnt
|faint|p1b: Ursaluna
|-damage|p2a: Gholdengo|91/100|[from] item: Life Orb
|
|win|OhNoValentine
|raw|x-3 demon's rating: 1312 → 1293(-19 for losing)
|raw|OhNoValentine's rating: 1337 → 1356(+19 for winning)
|c|☆x-3 demon|ggwp
