|j|☆noah100800
|j|☆cancelledface
|html|noah100800cancelledface    
|uhtml|bestof|Game 2 of a best-of-3
|t:|1783786518
|gametype|doubles
|player|p1|noah100800|266|1101
|player|p2|cancelledface|1|1000
|gen|9
|tier|[Gen 9 Champions] VGC 2026 Reg M-B (Bo3)
|rated|
|rule|Species Clause: Limit one of each Pokémon
|rule|Item Clause: Limit 1 of each item
|clearpoke
|poke|p1|Delphox, L50, F|
|poke|p1|Blastoise, L50, M|
|poke|p1|Sneasler, L50, F|
|poke|p1|Incineroar, L50, M|
|poke|p1|Sinistcha, L50|
|poke|p1|Maushold-Four, L50|
|poke|p2|Starmie, L50|
|poke|p2|Pelipper, L50, M|
|poke|p2|Overqwil, L50, M|
|poke|p2|Basculegion, L50, M|
|poke|p2|Milotic, L50, F, shiny|
|poke|p2|Floette-Eternal, L50, F|
|teampreview|4
|showteam|p1|Delphox||Delphoxite|Blaze|Protect,NastyPlot,HeatWave,Psyshock|Modest||F|||50|]Blastoise||Blastoisinite|RainDish|Protect,ShellSmash,WaterSpout,DarkPulse|Modest||M|||50|]Sneasler||WhiteHerb|Unburden|CloseCombat,GunkShot,FakeOut,RainDance|Jolly||F|||50|]Incineroar||SitrusBerry|Intimidate|FlareBlitz,FakeOut,ThroatChop,PartingShot|Impish||M|||50|]Sinistcha||KasibBerry|Hospitality|Protect,MatchaGotcha,RagePowder,LifeDew|Bold|||||50|]Maushold-Four||FocusSash|FriendGuard|Protect,FollowMe,SuperFang,Feint|Jolly|||||50|
|showteam|p2|Starmie||Starminite|Analytic|AquaJet,BulkUp,Waterfall,Substitute|Brave|||||50|]Pelipper||DampRock|Drizzle|Hurricane,WideGuard,Tailwind,FeatherDance|Jolly||M|||50|]Overqwil||FocusSash|Intimidate|Crunch,BarbBarrage,ToxicSpikes,Taunt|Hasty||M|||50|]Basculegion||LifeOrb|SwiftSwim|WaveCrash,IceFang,Crunch,LastRespects|Jolly||M|||50|]Milotic||Leftovers|Competitive|Scald,Coil,Hypnosis,Protect|Calm||F|||50|]Floette-Eternal||Floettite|FlowerVeil|LightofRuin,DrainingKiss,CalmMind,Protect|Modest||F|||50|
|
|t:|1783786539
|teamsize|p1|4
|teamsize|p2|4
|start
|switch|p1a: Blastoise|Blastoise, L50, M|100/100
|switch|p1b: Sneasler|Sneasler, L50, F|100/100
|switch|p2a: Floette|Floette-Eternal, L50, F|100/100
|switch|p2b: Pelipper|Pelipper, L50, M|100/100
|-weather|RainDance|[from] ability: Drizzle|[of] p2b: Pelipper
|turn|1
|
|t:|1783786562
|detailschange|p2a: Floette|Floette-Mega, L50, F
|-mega|p2a: Floette|Floette|Floettite
|-ability|p2a: Floette|Fairy Aura
|detailschange|p1a: Blastoise|Blastoise-Mega, L50, M
|-mega|p1a: Blastoise|Blastoise|Blastoisinite
|move|p2a: Floette|Protect|p2a: Floette
|-singleturn|p2a: Floette|Protect
|move|p1b: Sneasler|Fake Out|p2a: Floette
|-activate|p2a: Floette|move: Protect
|move|p1a: Blastoise|Dark Pulse|p2b: Pelipper
|-damage|p2b: Pelipper|29/100
|move|p2b: Pelipper|Tailwind|p2b: Pelipper
|-sidestart|p2: cancelledface|move: Tailwind
|
|-weather|RainDance|[upkeep]
|upkeep
|turn|2
|
|t:|1783786607
|switch|p1b: Maushold|Maushold-Four, L50|100/100
|move|p2a: Floette|Calm Mind|p2a: Floette
|-boost|p2a: Floette|spa|1
|-boost|p2a: Floette|spd|1
|move|p2b: Pelipper|Feather Dance|p1b: Maushold
|-unboost|p1b: Maushold|atk|2
|move|p1a: Blastoise|Dark Pulse|p2b: Pelipper
|-damage|p2b: Pelipper|0 fnt
|faint|p2b: Pelipper
|
|-weather|RainDance|[upkeep]
|upkeep
|
|t:|1783786619
|switch|p2b: Basculegion|Basculegion, L50, M|100/100
|turn|3
|
|t:|1783786636
|move|p1b: Maushold|Protect|p1b: Maushold
|-singleturn|p1b: Maushold|Protect
|move|p1a: Blastoise|Protect|p1a: Blastoise
|-singleturn|p1a: Blastoise|Protect
|move|p2b: Basculegion|Ice Fang|p1a: Blastoise
|-activate|p1a: Blastoise|move: Protect
|move|p2a: Floette|Light of Ruin|p1a: Blastoise
|-activate|p1a: Blastoise|move: Protect
|
|-weather|RainDance|[upkeep]
|upkeep
|turn|4
|
|t:|1783786655
|move|p1b: Maushold|Follow Me|p1b: Maushold
|-singleturn|p1b: Maushold|move: Follow Me
|move|p2b: Basculegion|Wave Crash|p1b: Maushold
|-enditem|p1b: Maushold|Focus Sash
|-damage|p1b: Maushold|1/100
|-damage|p2b: Basculegion|70/100|[from] Recoil
|-damage|p2b: Basculegion|60/100|[from] item: Life Orb
|move|p2a: Floette|Light of Ruin|p1b: Maushold|[miss]
|-miss|p2a: Floette|p1b: Maushold
|move|p1a: Blastoise|Water Spout|p2b: Basculegion|[spread] p2a,p2b
|-resisted|p2b: Basculegion|1
|-damage|p2a: Floette|41/100
|-damage|p2b: Basculegion|7/100
|
|-weather|RainDance|[upkeep]
|-sideend|p2: cancelledface|move: Tailwind
|upkeep
|turn|5
|c|☆cancelledface|damnit
|c|☆cancelledface|im dead
|c|☆cancelledface|ive lost
|c|☆cancelledface|IT MISSED?!?!?!
|c|☆cancelledface|damn floette ate that
|
|t:|1783786690
|switch|p1b: Sinistcha|Sinistcha, L50|100/100
|move|p1a: Blastoise|Protect|p1a: Blastoise
|-singleturn|p1a: Blastoise|Protect
|move|p2b: Basculegion|Crunch|p1b: Sinistcha
|-supereffective|p1b: Sinistcha|1
|-damage|p1b: Sinistcha|47/100
|-damage|p2b: Basculegion|0 fnt|[from] item: Life Orb
|faint|p2b: Basculegion
|move|p2a: Floette|Light of Ruin|p1a: Blastoise
|-activate|p1a: Blastoise|move: Protect
|
|-weather|RainDance|[upkeep]
|upkeep
|
|t:|1783786703
|switch|p2b: Milotic|Milotic, L50, F, shiny|100/100
|turn|6
|
|t:|1783786713
|move|p1b: Sinistcha|Rage Powder|p1b: Sinistcha
|-singleturn|p1b: Sinistcha|move: Rage Powder
|move|p2a: Floette|Light of Ruin|p1b: Sinistcha
|-damage|p1b: Sinistcha|0 fnt
|faint|p1b: Sinistcha
|-damage|p2a: Floette|13/100|[from] Recoil
|move|p1a: Blastoise|Water Spout|p2a: Floette|[spread] p2a,p2b
|-resisted|p2b: Milotic|1
|-damage|p2a: Floette|0 fnt
|-damage|p2b: Milotic|58/100
|faint|p2a: Floette
|move|p2b: Milotic|Hypnosis|p1a: Blastoise
|-status|p1a: Blastoise|slp|[from] move: Hypnosis
|
|-weather|RainDance|[upkeep]
|-heal|p2b: Milotic|64/100|[from] item: Leftovers
|upkeep
|
|t:|1783786731
|switch|p1b: Sneasler|Sneasler, L50, F|100/100
|turn|7
|
|t:|1783786736
|move|p1b: Sneasler|Fake Out|p2b: Milotic
|-damage|p2b: Milotic|50/100g
|cant|p1a: Blastoise|slp
|cant|p2b: Milotic|flinch
|
|-weather|RainDance|[upkeep]
|-heal|p2b: Milotic|56/100|[from] item: Leftovers
|upkeep
|turn|8
|
|t:|1783786748
|move|p1b: Sneasler|Close Combat|p2b: Milotic
|-damage|p2b: Milotic|0 fnt
|-unboost|p1b: Sneasler|def|1
|-unboost|p1b: Sneasler|spd|1
|faint|p2b: Milotic
|
|win|noah100800
|raw|noah100800's rating: 1101 → 1119(+18 for winning)
|raw|cancelledface's rating: 1000 → 1000(+0 for losing)
|l|☆noah100800
|player|p1|
|l|☆cancelledface
|player|p2|
|j|☆noah100800
|player|p1|noah100800|266|
