|j|☆MegaMetaBestMeta
|j|☆noahguyvgc
|html|MegaMetaBestMetanoahguyvgc    
|uhtml|bestof|Game 1 of a best-of-3
|t:|1757680430
|gametype|doubles
|player|p1|MegaMetaBestMeta|1|1314
|player|p2|noahguyvgc|roxie|1361
|gen|9
|tier|[Gen 9] VGC 2025 Reg H (Bo3)
|rated|
|rule|Species Clause: Limit one of each Pokémon
|rule|Item Clause: Limit 1 of each item
|clearpoke
|poke|p1|Garchomp, L50, M|
|poke|p1|Weezing-Galar, L50, M|
|poke|p1|Archaludon, L50, F|
|poke|p1|Gholdengo, L50|
|poke|p1|Talonflame, L50, M|
|poke|p1|Annihilape, L50, M|
|poke|p2|Chandelure, L50, F|
|poke|p2|Indeedee-F, L50, F|
|poke|p2|Torkoal, L50, M|
|poke|p2|Farigiraf, L50, F|
|poke|p2|Decidueye-Hisui, L50, F|
|poke|p2|Maushold-Four, L50|
|teampreview|4
|showteam|p1|Garchomp||LifeOrb|RoughSkin|DragonClaw,Earthquake,StompingTantrum,Protect|||M|||50|,,,,,Ground]Weezing-Galar||FocusSash|NeutralizingGas|Protect,SludgeBomb,Taunt,StrangeSteam|||M|||50|,,,,,Flying]Archaludon||PowerHerb|Sturdy|ElectroShot,Thunderbolt,DracoMeteor,Protect|||F|||50|,,,,,Electric]Gholdengo||ChoiceSpecs|GoodasGold|ShadowBall,DazzlingGleam,PowerGem,MakeItRain||||||50|,,,,,Fairy]Talonflame||CovertCloak|GaleWings|Tailwind,DualWingbeat,WillOWisp,FlareBlitz|||M|||50|,,,,,Fairy]Annihilape||AssaultVest|Defiant|CloseCombat,RageFist,FinalGambit,IcePunch|||M|||50|,,,,,Grass
|showteam|p2|Chandelure||LifeOrb|FlashFire|HeatWave,ShadowBall,EnergyBall,TrickRoom|||F|||50|,,,,,Grass]Indeedee-F||RockyHelmet|PsychicSurge|Psychic,FollowMe,HelpingHand,TrickRoom|||F|||50|,,,,,Grass]Torkoal||ChoiceSpecs|Drought|Eruption,HeatWave,EarthPower,WeatherBall|||M|||50|,,,,,Fire]Farigiraf||ThroatSpray|ArmorTail|Protect,TrickRoom,HyperVoice,ExpandingForce|||F|||50|,,,,,Water]Decidueye-Hisui||RazorClaw|Scrappy|TripleArrows,LeafBlade,Haze,Protect|||F|||50|,,,,,Water]Maushold-Four||WideLens|Technician|PopulationBomb,Taunt,Protect,FollowMe||||||50|,,,,,Ghost
|inactive|Battle timer is ON: inactive players will automatically lose when time's up. (requested by noahguyvgc)
|c|☆MegaMetaBestMeta|hf
|inactive|MegaMetaBestMeta has 60 seconds left.
|inactive|noahguyvgc has 60 seconds left.
|inactive|MegaMetaBestMeta has 30 seconds left.
|inactive|MegaMetaBestMeta has 20 seconds left.
|inactive|MegaMetaBestMeta has 15 seconds left.
|inactive|MegaMetaBestMeta has 10 seconds left.
|inactive|MegaMetaBestMeta has 5 seconds left.
|
|t:|1757680520
|teamsize|p1|4
|teamsize|p2|4
|start
|switch|p1a: Weezing|Weezing-Galar, L50, M|100/100
|switch|p1b: Garchomp|Garchomp, L50, M|100/100
|switch|p2a: Maushold|Maushold-Four, L50|100/100
|switch|p2b: Calypso|Farigiraf, L50, F, shiny|100/100
|-ability|p1a: Weezing|Neutralizing Gas
|turn|1
|inactive|MegaMetaBestMeta has 30 seconds left.
|inactive|noahguyvgc has 30 seconds left.
|inactive|MegaMetaBestMeta has 20 seconds left.
|inactive|MegaMetaBestMeta has 15 seconds left.
|inactive|MegaMetaBestMeta has 10 seconds left.
|inactive|noahguyvgc has 20 seconds left.
|inactive|MegaMetaBestMeta has 5 seconds left.
|
|t:|1757680574
|-terastallize|p1a: Weezing|Flying
|move|p2b: Calypso|Protect|p2b: Calypso
|-singleturn|p2b: Calypso|Protect
|move|p2a: Maushold|Population Bomb|p1a: Weezing
|-damage|p1a: Weezing|92/100
|-damage|p1a: Weezing|83/100
|-damage|p1a: Weezing|75/100
|-damage|p1a: Weezing|66/100
|-damage|p1a: Weezing|57/100
|-damage|p1a: Weezing|49/100
|-damage|p1a: Weezing|40/100
|-damage|p1a: Weezing|31/100
|-damage|p1a: Weezing|24/100
|-damage|p1a: Weezing|15/100
|-hitcount|p1a: Weezing|10
|move|p1b: Garchomp|Earthquake|p2b: Calypso|[spread] p2a
|-activate|p2b: Calypso|move: Protect
|-immune|p1a: Weezing
|-damage|p2a: Maushold|19/100
|-damage|p1b: Garchomp|91/100|[from] item: Life Orb
|move|p1a: Weezing|Taunt|p2a: Maushold
|-start|p2a: Maushold|move: Taunt
|
|upkeep
|turn|2
|inactive|noahguyvgc has 30 seconds left.
|
|t:|1757680607
|move|p1a: Weezing|Protect|p1a: Weezing
|-singleturn|p1a: Weezing|Protect
|move|p2a: Maushold|Population Bomb|p1a: Weezing
|-activate|p1a: Weezing|move: Protect
|move|p1b: Garchomp|Earthquake|p2a: Maushold|[spread] p2a,p2b
|-activate|p1a: Weezing|move: Protect
|-damage|p2a: Maushold|0 fnt
|-damage|p2b: Calypso|51/100
|faint|p2a: Maushold
|-damage|p1b: Garchomp|81/100|[from] item: Life Orb
|move|p2b: Calypso|Trick Room|p2b: Calypso
|-fieldstart|move: Trick Room|[of] p2b: Calypso
|
|upkeep
|
|t:|1757680615
|switch|p2a: Decidueye|Decidueye-Hisui, L50, F|100/100
|turn|3
|inactive|MegaMetaBestMeta has 30 seconds left.
|inactive|MegaMetaBestMeta has 20 seconds left.
|inactive|MegaMetaBestMeta has 15 seconds left.
|
|t:|1757680655
|-end|p1a: Weezing|ability: Neutralizing Gas
|switch|p1a: Gholdengo|Gholdengo, L50|100/100
|move|p2a: Decidueye|Leaf Blade|p1b: Garchomp
|-crit|p1b: Garchomp
|-damage|p1b: Garchomp|9/100
|-damage|p2a: Decidueye|88/100|[from] ability: Rough Skin|[of] p1b: Garchomp
|move|p2b: Calypso|Hyper Voice|p1b: Garchomp|[spread] p1b
|-immune|p1a: Gholdengo
|-damage|p1b: Garchomp|0 fnt
|faint|p1b: Garchomp
|-enditem|p2b: Calypso|Throat Spray
|-boost|p2b: Calypso|spa|1|[from] item: Throat Spray
|
|upkeep
|
|t:|1757680668
|switch|p1b: Weezing|Weezing-Galar, L50, M, tera:Flying|15/100
|-ability|p1b: Weezing|Neutralizing Gas
|turn|4
|
|t:|1757680687
|move|p2a: Decidueye|Protect|p2a: Decidueye
|-singleturn|p2a: Decidueye|Protect
|move|p2b: Calypso|Protect|p2b: Calypso
|-singleturn|p2b: Calypso|Protect
|move|p1b: Weezing|Protect|p1b: Weezing
|-singleturn|p1b: Weezing|Protect
|move|p1a: Gholdengo|Make It Rain|p2a: Decidueye|[spread] 
|-activate|p2a: Decidueye|move: Protect
|-activate|p2b: Calypso|move: Protect
|
|upkeep
|turn|5
|inactive|MegaMetaBestMeta has 30 seconds left.
|inactive|MegaMetaBestMeta has 20 seconds left.
|
|t:|1757680726
|-terastallize|p2a: Decidueye|Water
|move|p1b: Weezing|Protect||[still]
|-fail|p1b: Weezing
|move|p2a: Decidueye|Leaf Blade|p1a: Gholdengo
|-resisted|p1a: Gholdengo
|-damage|p1a: Gholdengo|76/100
|move|p2b: Calypso|Hyper Voice|p1b: Weezing|[spread] p1b
|-immune|p1a: Gholdengo
|-damage|p1b: Weezing|0 fnt
|faint|p1b: Weezing
|-end|p1b: Weezing|ability: Neutralizing Gas
|move|p1a: Gholdengo|Make It Rain|p2b: Calypso|[spread] p2a,p2b
|-resisted|p2a: Decidueye
|-damage|p2a: Decidueye|56/100
|-damage|p2b: Calypso|0 fnt
|-unboost|p1a: Gholdengo|spa|1
|faint|p2b: Calypso
|
|upkeep
|
|t:|1757680742
|switch|p2b: Torkoal|Torkoal, L50, M|100/100
|switch|p1b: Archaludon|Archaludon, L50, F|100/100
|-weather|SunnyDay|[from] ability: Drought|[of] p2b: Torkoal
|turn|6
|
|t:|1757680757
|move|p1b: Archaludon|Protect|p1b: Archaludon
|-singleturn|p1b: Archaludon|Protect
|move|p2b: Torkoal|Eruption|p1a: Gholdengo|[spread] p1a
|-activate|p1b: Archaludon|move: Protect
|-supereffective|p1a: Gholdengo
|-damage|p1a: Gholdengo|0 fnt
|faint|p1a: Gholdengo
|move|p2a: Decidueye|Triple Arrows|p1b: Archaludon
|-activate|p1b: Archaludon|move: Protect
|
|-weather|SunnyDay|[upkeep]
|-fieldend|move: Trick Room
|upkeep
|turn|7
|inactive|MegaMetaBestMeta has 30 seconds left.
|inactive|noahguyvgc has 30 seconds left.
|
|t:|1757680789
|move|p2a: Decidueye|Protect|p2a: Decidueye
|-singleturn|p2a: Decidueye|Protect
|move|p1b: Archaludon|Draco Meteor|p2b: Torkoal|[miss]
|-miss|p1b: Archaludon|p2b: Torkoal
|move|p2b: Torkoal|Eruption|p1b: Archaludon
|-ability|p1b: Archaludon|Sturdy
|-damage|p1b: Archaludon|1/100
|
|-weather|SunnyDay|[upkeep]
|upkeep
|turn|8
|
|t:|1757680807
|move|p1b: Archaludon|Draco Meteor|p2b: Torkoal
|-damage|p2b: Torkoal|11/100
|-unboost|p1b: Archaludon|spa|2
|move|p2a: Decidueye|Triple Arrows|p1b: Archaludon
|-supereffective|p1b: Archaludon
|-crit|p1b: Archaludon
|-damage|p1b: Archaludon|0 fnt
|faint|p1b: Archaludon
|
|win|noahguyvgc
||noahguyvgc is ready for game 2.
|inactive|MegaMetaBestMeta has 30 seconds to confirm battle start!
|c|☆MegaMetaBestMeta|sad
|inactive|MegaMetaBestMeta has 20 seconds to confirm battle start!
||MegaMetaBestMeta is ready for game 2.
|uhtml|next|Next: Game 2 of 3
