|j|鈽哛egionalModeSlow
|j|鈽哃uke693VGC
|html|RegionalModeSlowLuke693VGC    
|uhtml|bestof|Game 3 of a best-of-3
|t:|1756314905
|gametype|doubles
|player|p1|RegionalModeSlow|steven|1052
|player|p2|Luke693VGC|cyclist-gen4|1073
|gen|9
|tier|[Gen 9] VGC 2025 Reg H (Bo3)
|rated|
|rule|Species Clause: Limit one of each Pok茅mon
|rule|Item Clause: Limit 1 of each item
|clearpoke
|poke|p1|Noivern, L50, M|
|poke|p1|Weezing-Galar, L50, M|
|poke|p1|Gholdengo, L50|
|poke|p1|Garchomp, L50, M|
|poke|p1|Annihilape, L50, M|
|poke|p1|Magmar, L50, F|
|poke|p2|Pelipper, L50, M|
|poke|p2|Archaludon, L50, M|
|poke|p2|Sinistcha, L50|
|poke|p2|Ursaluna, L50, M|
|poke|p2|Dragonite, L50, F|
|poke|p2|Incineroar, L50, M|
|teampreview|4
|showteam|p1|Noivern||CovertCloak|Telepathy|AirSlash,SuperFang,Tailwind,Taunt|||M|||50|,,,,,Steel]Weezing-Galar||ChoiceSpecs|NeutralizingGas|DazzlingGleam,SludgeBomb,StrangeSteam,Flamethrower|||M|||50|,,,,,Flying]Gholdengo||MetalCoat|GoodasGold|MakeItRain,ShadowBall,NastyPlot,Protect||||||50|,,,,,Flying]Garchomp||LifeOrb|RoughSkin|DragonClaw,Earthquake,StompingTantrum,Protect|||M|||50|,,,,,Ground]Annihilape||AssaultVest|Defiant|CloseCombat,ShadowClaw,FinalGambit,Uturn|||M|||50|,,,,,Stellar]Magmar||Eviolite|VitalSpirit|HeatWave,WillOWisp,FollowMe,Protect|||F|||50|,,,,,Ghost
|showteam|p2|Pelipper||FocusSash|Drizzle|MuddyWater,Hurricane,WideGuard,Tailwind|||M|||50|,,,,,Ghost]Archaludon||AssaultVest|Stamina|FlashCannon,BodyPress,ElectroShot,Snarl|||M|||50|,,,,,Fighting]Sinistcha||SitrusBerry|Hospitality|MatchaGotcha,LifeDew,RagePowder,TrickRoom||||||50|,,,,,Dark]Ursaluna||FlameOrb|Guts|Protect,Facade,HeadlongRush,Earthquake|||M|||50|,,,,,Ghost]Dragonite||LoadedDice|Multiscale|Protect,ScaleShot,Haze,Tailwind|||F|||50|,,,,,Fairy]Incineroar||SafetyGoggles|Intimidate|FlareBlitz,KnockOff,FakeOut,PartingShot|||M|||50|,,,,,Ghost
|inactive|Battle timer is ON: inactive players will automatically lose when time's up. (requested by RegionalModeSlow)
|
|t:|1756314934
|teamsize|p1|4
|teamsize|p2|4
|start
|switch|p1a: Ozzy|Noivern, L50, M|100/100
|switch|p1b: Purple馃挏Haze|Weezing-Galar, L50, M|100/100
|switch|p2a: Pelipper|Pelipper, L50, M|100/100
|switch|p2b: Dragonite|Dragonite, L50, F|100/100
|-ability|p1b: Purple馃挏Haze|Neutralizing Gas
|turn|1
|
|t:|1756314958
|-terastallize|p1a: Ozzy|Steel
|move|p2a: Pelipper|Wide Guard|p2a: Pelipper
|-singleturn|p2a: Pelipper|Wide Guard
|move|p1a: Ozzy|Taunt|p2a: Pelipper
|-start|p2a: Pelipper|move: Taunt
|move|p2b: Dragonite|Tailwind|p2b: Dragonite
|-sidestart|p2: Luke693VGC|move: Tailwind
|move|p1b: Purple馃挏Haze|Strange Steam|p2b: Dragonite
|-supereffective|p2b: Dragonite
|-damage|p2b: Dragonite|0 fnt
|faint|p2b: Dragonite
|
|upkeep
|
|t:|1756314972
|switch|p2b: Ursaluna|Ursaluna, L50, M|100/100
|turn|2
|
|t:|1756314987
|move|p2a: Pelipper|Muddy Water|p1b: Purple馃挏Haze|[spread] p1a,p1b
|-damage|p1a: Ozzy|66/100
|-damage|p1b: Purple馃挏Haze|62/100
|move|p2b: Ursaluna|Headlong Rush|p1a: Ozzy
|-supereffective|p1a: Ozzy
|-damage|p1a: Ozzy|0 fnt
|-unboost|p2b: Ursaluna|def|1
|-unboost|p2b: Ursaluna|spd|1
|faint|p1a: Ozzy
|move|p1b: Purple馃挏Haze|Strange Steam|p2b: Ursaluna
|-damage|p2b: Ursaluna|25/100
|
|-status|p2b: Ursaluna|brn|[from] item: Flame Orb
|upkeep
|
|t:|1756314994
|switch|p1a: V盲in盲m枚inen|Annihilape, L50, M, shiny|100/100
|turn|3
|inactive|Luke693VGC has 30 seconds left.
|
|t:|1756315020
|move|p2a: Pelipper|Hurricane|p1a: V盲in盲m枚inen
|-supereffective|p1a: V盲in盲m枚inen
|-damage|p1a: V盲in盲m枚inen|28/100
|-start|p1a: V盲in盲m枚inen|confusion
|move|p2b: Ursaluna|Facade|p1b: Purple馃挏Haze
|-damage|p1b: Purple馃挏Haze|0 fnt
|faint|p1b: Purple馃挏Haze
|-end|p1b: Purple馃挏Haze|ability: Neutralizing Gas
|-weather|RainDance|[from] ability: Drizzle|[of] p2a: Pelipper
|-activate|p1a: V盲in盲m枚inen|confusion
|move|p1a: V盲in盲m枚inen|U-turn|p2b: Ursaluna
|-damage|p2b: Ursaluna|0 fnt
|faint|p2b: Ursaluna
|
|t:|1756315028
|switch|p1a: Steely Dan|Gholdengo, L50, shiny|100/100|[from] U-turn
|
|-weather|RainDance|[upkeep]
|upkeep
|
|t:|1756315035
|switch|p2b: Archaludon|Archaludon, L50, M|100/100
|switch|p1b: V盲in盲m枚inen|Annihilape, L50, M, shiny|28/100
|turn|4
|
|t:|1756315058
|move|p2a: Pelipper|Muddy Water|p1b: V盲in盲m枚inen|[spread] p1b
|-miss|p2a: Pelipper|p1a: Steely Dan
|-damage|p1b: V盲in盲m枚inen|0 fnt
|faint|p1b: V盲in盲m枚inen
|move|p2b: Archaludon|Electro Shot||[still]
|-prepare|p2b: Archaludon|Electro Shot
|-boost|p2b: Archaludon|spa|1
|-anim|p2b: Archaludon|Electro Shot|p1a: Steely Dan
|-damage|p1a: Steely Dan|41/100
|move|p1a: Steely Dan|Nasty Plot|p1a: Steely Dan
|-boost|p1a: Steely Dan|spa|2
|
|-weather|RainDance|[upkeep]
|-end|p2a: Pelipper|move: Taunt
|-sideend|p2: Luke693VGC|move: Tailwind
|upkeep
|turn|5
|inactive|Luke693VGC has 30 seconds left.
|
|t:|1756315083
|move|p1a: Steely Dan|Make It Rain|p2a: Pelipper|[spread] p2a,p2b
|-resisted|p2a: Pelipper
|-resisted|p2b: Archaludon
|-damage|p2a: Pelipper|12/100
|-damage|p2b: Archaludon|62/100
|-unboost|p1a: Steely Dan|spa|1
|-ability|p2b: Archaludon|Stamina|boost
|-boost|p2b: Archaludon|def|1
|move|p2a: Pelipper|Tailwind|p2a: Pelipper
|-sidestart|p2: Luke693VGC|move: Tailwind
|move|p2b: Archaludon|Electro Shot||[still]
|-prepare|p2b: Archaludon|Electro Shot
|-boost|p2b: Archaludon|spa|1
|-anim|p2b: Archaludon|Electro Shot|p1a: Steely Dan
|-damage|p1a: Steely Dan|0 fnt
|faint|p1a: Steely Dan
|
|win|Luke693VGC
|raw|RegionalModeSlow's rating: 1052 → 1035(-17 for losing)
|raw|Luke693VGC's rating: 1073 → 1100(+27 for winning)
