|j|☆terosath
|j|☆Jaybird112233
|html|terosathJaybird112233    
|uhtml|bestof|Game 2 of a best-of-3
|t:|1785115603
|gametype|doubles
|player|p1|terosath|n|
|player|p2|Jaybird112233|naveen|
|gen|9
|tier|[Gen 9 Champions] VGC 2026 Reg M-B (Bo3)
|rule|Species Clause: Limit one of each Pokémon
|rule|Item Clause: Limit 1 of each item
|clearpoke
|poke|p1|Drampa, L50, M|
|poke|p1|Crabominable, L50, F|
|poke|p1|Sinistcha-Masterpiece, L50|
|poke|p1|Politoed, L50, M|
|poke|p1|Farigiraf, L50, M|
|poke|p1|Garganacl, L50, M|
|poke|p2|Altaria, L50, M, shiny|
|poke|p2|Sinistcha, L50|
|poke|p2|Tyranitar, L50, F, shiny|
|poke|p2|Rotom-Heat, L50, shiny|
|poke|p2|Slowbro, L50, M|
|poke|p2|Aggron, L50, M|
|teampreview|4
|showteam|p1|Drampa||Drampanite|Berserk|Protect,EarthPower,CalmMind,HyperVoice|Quiet||M|||50|]Crabominable||Crabominite|HyperCutter|DrainPunch,Protect,IceHammer,ThunderPunch|Brave||F|||50|]Sinistcha-Masterpiece||SitrusBerry|Hospitality|TrickRoom,MatchaGotcha,LifeDew,RagePowder|Modest|||||50|]Politoed||MysticWater|Drizzle|MuddyWater,Protect,Encore,HelpingHand|Calm||M|||50|]Farigiraf||MentalHerb|ArmorTail|TrickRoom,PsychicNoise,LightScreen,Reflect|Sassy||M|||50|]Garganacl||Leftovers|PurifyingSalt|WideGuard,RockSlide,Protect,BodyPress|Relaxed||M|||50|
|showteam|p2|Altaria||Altarianite|CloudNine|HyperVoice,DracoMeteor,HyperBeam,Protect|Quiet||M|||50|]Sinistcha||SitrusBerry|Hospitality|MatchaGotcha,LifeDew,RagePowder,TrickRoom|Calm|||||50|]Tyranitar||Tyranitarite|SandStream|KnockOff,RockSlide,LowKick,Protect|Adamant||F|||50|]Rotom-Heat||WhiteHerb|Levitate|Thunderbolt,Overheat,LightScreen,VoltSwitch|Modest|||||50|]Slowbro||Leftovers|Regenerator|HealPulse,TrickRoom,Scald,Protect|Relaxed||M|||50|]Aggron||Aggronite|Sturdy|IronDefense,BodyPress,HeavySlam,Protect|Impish||M|||50|
|j| Bingus Von Bongus
|j| geminiduality2
|
|t:|1785115628
|teamsize|p1|4
|teamsize|p2|4
|start
|switch|p1a: He sparks joy :)|Politoed, L50, M|100/100
|switch|p1b: RacecaR|Farigiraf, L50, M|100/100
|switch|p2a: Pidgeon|Altaria, L50, M, shiny|100/100
|switch|p2b: Air Fryer|Rotom-Heat, L50, shiny|100/100
|-weather|RainDance|[from] ability: Drizzle|[of] p1a: He sparks joy :)
|-ability|p2a: Pidgeon|Cloud Nine
|turn|1
|j| seafan13
|
|t:|1785115667
|detailschange|p2a: Pidgeon|Altaria-Mega, L50, M, shiny
|-mega|p2a: Pidgeon|Altaria|Altarianite
|move|p1a: He sparks joy :)|Protect|p1a: He sparks joy :)
|-singleturn|p1a: He sparks joy :)|Protect
|move|p2b: Air Fryer|Thunderbolt|p1a: He sparks joy :)
|-activate|p1a: He sparks joy :)|move: Protect
|move|p2a: Pidgeon|Hyper Voice|p1b: RacecaR|[spread] p1b
|-activate|p1a: He sparks joy :)|move: Protect
|-damage|p1b: RacecaR|70/100
|move|p1b: RacecaR|Trick Room|p1b: RacecaR
|-fieldstart|move: Trick Room|[of] p1b: RacecaR
|
|-weather|RainDance|[upkeep]
|upkeep
|turn|2
|
|t:|1785115690
|move|p1b: RacecaR|Light Screen|p1b: RacecaR
|-sidestart|p1: terosath|move: Light Screen
|move|p1a: He sparks joy :)|Muddy Water|p2b: Air Fryer|[spread] p2b
|-miss|p1a: He sparks joy :)|p2a: Pidgeon
|-supereffective|p2b: Air Fryer|1
|-damage|p2b: Air Fryer|15/100
|-unboost|p2b: Air Fryer|accuracy|1
|-enditem|p2b: Air Fryer|White Herb
|-clearnegativeboost|p2b: Air Fryer|[silent]
|move|p2a: Pidgeon|Hyper Voice|p1a: He sparks joy :)|[spread] p1a,p1b
|-crit|p1a: He sparks joy :)
|-damage|p1a: He sparks joy :)|55/100
|-damage|p1b: RacecaR|51/100
|move|p2b: Air Fryer|Light Screen|p2b: Air Fryer
|-sidestart|p2: Jaybird112233|move: Light Screen
|
|-weather|RainDance|[upkeep]
|upkeep
|turn|3
|
|t:|1785115728
|move|p1b: RacecaR|Psychic Noise|p2a: Pidgeon
|-damage|p2a: Pidgeon|80/100
|-start|p2a: Pidgeon|move: Heal Block
|move|p2a: Pidgeon|Hyper Voice|p1a: He sparks joy :)|[spread] p1a,p1b
|-damage|p1a: He sparks joy :)|36/100
|-damage|p1b: RacecaR|32/100
|move|p1a: He sparks joy :)|Muddy Water|p2a: Pidgeon|[spread] p2a,p2b
|-resisted|p2a: Pidgeon|1
|-supereffective|p2b: Air Fryer|1
|-damage|p2a: Pidgeon|68/100
|-damage|p2b: Air Fryer|0 fnt
|-unboost|p2a: Pidgeon|accuracy|1
|faint|p2b: Air Fryer
|
|-weather|RainDance|[upkeep]
|upkeep
|
|t:|1785115745
|switch|p2b: Chomps|Tyranitar, L50, F, shiny|100/100
|-weather|Sandstorm|[from] ability: Sand Stream|[of] p2b: Chomps
|turn|4
|
|t:|1785115765
|switch|p1b: Put up yer dukes|Crabominable, L50, F|100/100
|switch|p1a: I've seen this b4|Garganacl, L50, M|100/100
|move|p2b: Chomps|Knock Off|p1a: I've seen this b4
|-damage|p1a: I've seen this b4|71/100
|-enditem|p1a: I've seen this b4|Leftovers|[from] move: Knock Off|[of] p2b: Chomps
|move|p2a: Pidgeon|Hyper Beam|p1b: Put up yer dukes
|-supereffective|p1b: Put up yer dukes|1
|-crit|p1b: Put up yer dukes
|-damage|p1b: Put up yer dukes|0 fnt
|-mustrecharge|p2a: Pidgeon
|faint|p1b: Put up yer dukes
|
|-weather|Sandstorm|[upkeep]
|-damage|p2a: Pidgeon|62/100|[from] Sandstorm
|-end|p2a: Pidgeon|move: Heal Block
|upkeep
|
|t:|1785115781
|switch|p1b: He sparks joy :)|Politoed, L50, M|36/100
|-weather|RainDance|[from] ability: Drizzle|[of] p1b: He sparks joy :)
|turn|5
|
|t:|1785115795
|switch|p2b: Cuppa Tay|Sinistcha, L50|100/100
|-heal|p2a: Pidgeon|86/100|[from] ability: Hospitality|[of] p2b: Cuppa Tay
|move|p1a: I've seen this b4|Body Press|p2b: Cuppa Tay
|-immune|p2b: Cuppa Tay
|move|p1b: He sparks joy :)|Muddy Water|p2a: Pidgeon|[spread] p2a,p2b
|-resisted|p2a: Pidgeon|1
|-resisted|p2b: Cuppa Tay|1
|-damage|p2a: Pidgeon|73/100
|-damage|p2b: Cuppa Tay|89/100
|cant|p2a: Pidgeon|recharge
|
|-weather|RainDance|[upkeep]
|-fieldend|move: Trick Room
|upkeep
|turn|6
|
|t:|1785115825
|move|p1a: I've seen this b4|Wide Guard|p1a: I've seen this b4
|-singleturn|p1a: I've seen this b4|Wide Guard
|move|p1b: He sparks joy :)|Muddy Water|p2b: Cuppa Tay|[spread] p2b
|-miss|p1b: He sparks joy :)|p2a: Pidgeon
|-resisted|p2b: Cuppa Tay|1
|-damage|p2b: Cuppa Tay|79/100
|-unboost|p2b: Cuppa Tay|accuracy|1
|move|p2a: Pidgeon|Hyper Voice|p1b: He sparks joy :)|[spread] 
|-activate|p1a: I've seen this b4|move: Wide Guard
|-activate|p1b: He sparks joy :)|move: Wide Guard
|move|p2b: Cuppa Tay|Life Dew|p2b: Cuppa Tay|[spread] p2a,p2b
|-heal|p2a: Pidgeon|98/100
|-heal|p2b: Cuppa Tay|100/100
|
|-weather|RainDance|[upkeep]
|-sideend|p1: terosath|move: Light Screen
|-sideend|p2: Jaybird112233|move: Light Screen
|upkeep
|turn|7
|
|t:|1785115873
|move|p1a: I've seen this b4|Wide Guard|p1a: I've seen this b4
|-singleturn|p1a: I've seen this b4|Wide Guard
|move|p1b: He sparks joy :)|Muddy Water|p2a: Pidgeon|[spread] 
|-miss|p1b: He sparks joy :)|p2a: Pidgeon
|-miss|p1b: He sparks joy :)|p2b: Cuppa Tay
|move|p2a: Pidgeon|Hyper Beam|p1a: I've seen this b4
|-damage|p1a: I've seen this b4|0 fnt
|-mustrecharge|p2a: Pidgeon
|faint|p1a: I've seen this b4
|move|p2b: Cuppa Tay|Trick Room|p2b: Cuppa Tay
|-fieldstart|move: Trick Room|[of] p2b: Cuppa Tay
|
|-weather|RainDance|[upkeep]
|upkeep
|
|t:|1785115883
|switch|p1a: RacecaR|Farigiraf, L50, M|32/100
|turn|8
|
|t:|1785115891
|move|p1a: RacecaR|Light Screen|p1a: RacecaR
|-sidestart|p1: terosath|move: Light Screen
|cant|p2a: Pidgeon|recharge
|move|p1b: He sparks joy :)|Muddy Water|p2b: Cuppa Tay|[spread] p2a
|-miss|p1b: He sparks joy :)|p2b: Cuppa Tay
|-resisted|p2a: Pidgeon|1
|-damage|p2a: Pidgeon|79/100
|move|p2b: Cuppa Tay|Matcha Gotcha|p1b: He sparks joy :)|[spread] p1b
|-miss|p2b: Cuppa Tay|p1a: RacecaR
|-supereffective|p1b: He sparks joy :)|1
|-damage|p1b: He sparks joy :)|15/100
|
|-weather|RainDance|[upkeep]
|upkeep
|turn|9
|
|t:|1785115910
|move|p1a: RacecaR|Psychic Noise|p2b: Cuppa Tay
|-damage|p2b: Cuppa Tay|73/100
|-start|p2b: Cuppa Tay|move: Heal Block
|move|p2a: Pidgeon|Hyper Voice|p1a: RacecaR|[spread] p1a,p1b
|-damage|p1a: RacecaR|14/100
|-damage|p1b: He sparks joy :)|0 fnt
|faint|p1b: He sparks joy :)
|cant|p2b: Cuppa Tay|move: Heal Block|Matcha Gotcha
|
|-weather|none
|upkeep
|turn|10
|
|t:|1785115930
|move|p2b: Cuppa Tay|Rage Powder|p2b: Cuppa Tay
|-singleturn|p2b: Cuppa Tay|move: Rage Powder
|move|p1a: RacecaR|Psychic Noise|p2b: Cuppa Tay
|-damage|p2b: Cuppa Tay|48/100
|move|p2a: Pidgeon|Hyper Voice|p1a: RacecaR|[miss]
|-miss|p2a: Pidgeon|p1a: RacecaR
|
|-end|p2b: Cuppa Tay|move: Heal Block
|upkeep
|-enditem|p2b: Cuppa Tay|Sitrus Berry|[eat]
|-heal|p2b: Cuppa Tay|73/100|[from] item: Sitrus Berry
|turn|11
|
|t:|1785115945
|move|p1a: RacecaR|Psychic Noise|p2b: Cuppa Tay
|-damage|p2b: Cuppa Tay|47/100
|-start|p2b: Cuppa Tay|move: Heal Block
|cant|p2b: Cuppa Tay|move: Heal Block|Matcha Gotcha
|move|p2a: Pidgeon|Hyper Voice|p1a: RacecaR|[miss]
|-miss|p2a: Pidgeon|p1a: RacecaR
|
|-fieldend|move: Trick Room
|upkeep
|turn|12
|
|t:|1785115959
|move|p2b: Cuppa Tay|Rage Powder|p2b: Cuppa Tay
|-singleturn|p2b: Cuppa Tay|move: Rage Powder
|move|p2a: Pidgeon|Hyper Voice|p1a: RacecaR
|-damage|p1a: RacecaR|0 fnt
|faint|p1a: RacecaR
|
|win|Jaybird112233
||terosath is ready for game 3.
||Jaybird112233 is ready for game 3.
|uhtml|next|Next: Game 3 of 3
