|j|☆FreezyPop439
|j|☆Capravolante97
|html|FreezyPop439Capravolante97    
|uhtml|bestof|Game 3 of a best-of-3
|t:|1783088787
|gametype|doubles
|player|p1|FreezyPop439|collector|1326
|player|p2|Capravolante97|fantina|1231
|gen|9
|tier|[Gen 9 Champions] VGC 2026 Reg M-B (Bo3)
|rated|
|rule|Species Clause: Limit one of each Pokémon
|rule|Item Clause: Limit 1 of each item
|clearpoke
|poke|p1|Raichu, L50, F|
|poke|p1|Gyarados, L50, M|
|poke|p1|Mamoswine, L50, M|
|poke|p1|Ceruledge, L50, F|
|poke|p1|Clefable, L50, M|
|poke|p1|Kingambit, L50, F|
|poke|p2|Gholdengo, L50|
|poke|p2|Scovillain, L50, M|
|poke|p2|Aerodactyl, L50, F|
|poke|p2|Garchomp, L50, M|
|poke|p2|Primarina, L50, M|
|poke|p2|Charizard, L50, M|
|teampreview|4
|showteam|p1|Raichu||RaichuniteY|LightningRod|ZapCannon,FocusBlast,FakeOut,Protect|Timid||F|||50|]Gyarados||Gyaradosite|Intimidate|Waterfall,PowerWhip,DragonDance,Protect|Adamant||M|||50|]Mamoswine||LifeOrb|Oblivious|HighHorsepower,IceShard,IcicleCrash,Protect|Jolly||M|||50|]Ceruledge||ColburBerry|FlashFire|BitterBlade,ShadowSneak,BulkUp,Protect|Adamant||F|||50|]Clefable||SitrusBerry|Unaware|Moonblast,FollowMe,HelpingHand,Protect|Bold||M|||50|]Kingambit||FocusSash|Defiant|IronHead,KowtowCleave,SuckerPunch,LowKick|Adamant||F|||50|
|showteam|p2|Gholdengo||LifeOrb|GoodasGold|MakeItRain,ShadowBall,NastyPlot,Protect|Timid|||||50|]Scovillain||Scovillainite|Chlorophyll|RagePowder,GigaDrain,Overheat,Protect|Bold||M|||50|]Aerodactyl||FocusSash|Unnerve|Tailwind,RockSlide,Protect,DualWingbeat|Jolly||F|||50|]Garchomp||ExpertBelt|RoughSkin|RockSlide,DragonClaw,Earthquake,Protect|Jolly||M|||50|]Primarina||MysticWater|LiquidVoice|CalmMind,HyperVoice,Moonblast,Protect|Modest||M|||50|]Charizard||CharizarditeY|SolarPower|HeatWave,SolarBeam,WeatherBall,Protect|Modest||M|||50|
|inactive|Battle timer is ON: inactive players will automatically lose when time's up. (requested by Capravolante97)
|inactive|Capravolante97 has 60 seconds left.
|
|t:|1783088839
|teamsize|p1|4
|teamsize|p2|4
|start
|switch|p1a: Gyarados|Gyarados, L50, M|100/100
|switch|p1b: Raichu|Raichu, L50, F|100/100
|switch|p2a: Scovillain|Scovillain, L50, M|100/100
|switch|p2b: Garchomp|Garchomp, L50, M|100/100
|-ability|p1a: Gyarados|Intimidate|boost
|-unboost|p2a: Scovillain|atk|1
|-unboost|p2b: Garchomp|atk|1
|turn|1
|
|t:|1783088855
|detailschange|p2a: Scovillain|Scovillain-Mega, L50, M
|-mega|p2a: Scovillain|Scovillain|Scovillainite
|move|p1b: Raichu|Fake Out|p2b: Garchomp
|-damage|p2b: Garchomp|91/100
|-damage|p1b: Raichu|87/100|[from] ability: Rough Skin|[of] p2b: Garchomp
|cant|p2b: Garchomp|flinch
|move|p1a: Gyarados|Dragon Dance|p1a: Gyarados
|-boost|p1a: Gyarados|atk|1
|-boost|p1a: Gyarados|spe|1
|move|p2a: Scovillain|Giga Drain|p1a: Gyarados
|-damage|p1a: Gyarados|64/100
|
|upkeep
|turn|2
|inactive|FreezyPop439 has 30 seconds left.
|
|t:|1783088881
|detailschange|p1b: Raichu|Raichu-Mega-Y, L50, F
|-mega|p1b: Raichu|Raichu|Raichunite Y
|move|p1a: Gyarados|Protect|p1a: Gyarados
|-singleturn|p1a: Gyarados|Protect
|move|p1b: Raichu|Zap Cannon|p2a: Scovillain
|-resisted|p2a: Scovillain|1
|-damage|p2a: Scovillain|62/100
|-status|p2a: Scovillain|par
|-status|p1b: Raichu|brn|[from] ability: Spicy Spray|[of] p2a: Scovillain
|move|p2b: Garchomp|Rock Slide|p1b: Raichu|[spread] p1b
|-activate|p1a: Gyarados|move: Protect
|-damage|p1b: Raichu|70/100 brn
|move|p2a: Scovillain|Giga Drain|p1a: Gyarados
|-activate|p1a: Gyarados|move: Protect
|
|-damage|p1b: Raichu|64/100 brn|[from] brn
|upkeep
|turn|3
|
|t:|1783088899
|move|p1a: Gyarados|Dragon Dance|p1a: Gyarados
|-boost|p1a: Gyarados|atk|1
|-boost|p1a: Gyarados|spe|1
|move|p1b: Raichu|Focus Blast|p2a: Scovillain
|-damage|p2a: Scovillain|15/100 par
|move|p2b: Garchomp|Rock Slide|p1a: Gyarados|[spread] p1a,p1b
|-supereffective|p1a: Gyarados|1
|-damage|p1a: Gyarados|28/100
|-damage|p1b: Raichu|48/100 brn
|move|p2a: Scovillain|Giga Drain|p1a: Gyarados
|-damage|p1a: Gyarados|0 fnt
|-heal|p2a: Scovillain|30/100 par|[from] drain|[of] p1a: Gyarados
|faint|p1a: Gyarados
|
|-damage|p1b: Raichu|42/100 brn|[from] brn
|upkeep
|
|t:|1783088912
|switch|p1a: Clefable|Clefable, L50, M|100/100
|turn|4
|
|t:|1783088922
|move|p2a: Scovillain|Protect|p2a: Scovillain
|-singleturn|p2a: Scovillain|Protect
|move|p1b: Raichu|Focus Blast|p2a: Scovillain
|-activate|p2a: Scovillain|move: Protect
|move|p2b: Garchomp|Earthquake|p1b: Raichu|[spread] p1a,p1b
|-activate|p2a: Scovillain|move: Protect
|-supereffective|p1b: Raichu|1
|-crit|p1b: Raichu
|-damage|p1a: Clefable|62/100
|-damage|p1b: Raichu|0 fnt
|faint|p1b: Raichu
|move|p1a: Clefable|Moonblast|p2b: Garchomp
|-supereffective|p2b: Garchomp|1
|-damage|p2b: Garchomp|19/100
|
|upkeep
|
|t:|1783088926
|switch|p1b: Kingambit|Kingambit, L50, F|100/100
|turn|5
|
|t:|1783088949
|move|p2b: Garchomp|Protect|p2b: Garchomp
|-singleturn|p2b: Garchomp|Protect
|move|p1b: Kingambit|Sucker Punch||[still]
|-fail|p1b: Kingambit
|move|p1a: Clefable|Moonblast|p2b: Garchomp
|-activate|p2b: Garchomp|move: Protect
|move|p2a: Scovillain|Overheat|p1b: Kingambit
|-supereffective|p1b: Kingambit|1
|-crit|p1b: Kingambit
|-enditem|p1b: Kingambit|Focus Sash
|-damage|p1b: Kingambit|1/100
|-unboost|p2a: Scovillain|spa|2
|
|upkeep
|turn|6
|-message|FreezyPop439 forfeited.
|
|win|Capravolante97
|raw|FreezyPop439's rating: 1326 → 1301(-25 for losing)
|raw|Capravolante97's rating: 1231 → 1263(+32 for winning)
