|j|☆no89
|j|☆palle synchro
|html|no89palle synchro    
|uhtml|bestof|Game 1 of a best-of-3
|t:|1757930696
|gametype|doubles
|player|p1|no89|pokemonbreeder-gen4|1445
|player|p2|palle synchro|volkner|1474
|gen|9
|tier|[Gen 9] VGC 2025 Reg H (Bo3)
|rated|
|rule|Species Clause: Limit one of each Pokémon
|rule|Item Clause: Limit 1 of each item
|clearpoke
|poke|p1|Flamigo, L50, F|
|poke|p1|Gholdengo, L50|
|poke|p1|Milotic, L50, F|
|poke|p1|Archaludon, L50, M|
|poke|p1|Magmar, L50, M|
|poke|p1|Basculegion, L50, M|
|poke|p2|Dondozo, L50, M|
|poke|p2|Kingambit, L50, F|
|poke|p2|Baxcalibur, L50, F|
|poke|p2|Sneasler, L50, M|
|poke|p2|Volcarona, L50, F|
|poke|p2|Rillaboom, L50, F|
|teampreview|4
|showteam|p1|Flamigo||FocusSash|Scrappy|Tailwind,CloseCombat,BraveBird,Protect|||F|||50|,,,,,Ghost]Gholdengo||LifeOrb|GoodasGold|NastyPlot,MakeItRain,ShadowBall,Protect||||||50|,,,,,Steel]Milotic||SafetyGoggles|Competitive|Scald,Haze,IcyWind,Protect|||F|||50|,,,,,Grass]Archaludon||PowerHerb|Stalwart|ElectroShot,AuraSphere,DragonPulse,Protect|||M|||50|,,,,,Electric]Magmar||Eviolite|VitalSpirit|FollowMe,HeatWave,Taunt,Protect|||M|||50|,,,,,Grass]Basculegion||ChoiceScarf|Adaptability|WaveCrash,LastRespects,FlipTurn,IcyWind|||M|||50|,,,,,Water
|showteam|p2|Dondozo||Leftovers|Unaware|Protect,Liquidation,Yawn,Fissure|||M|||50|,,,,,Poison]Kingambit||SafetyGoggles|Defiant|KowtowCleave,SuckerPunch,SwordsDance,Protect|||F|||50|,,,,,Ghost]Baxcalibur||LoadedDice|ThermalExchange|Protect,IcicleSpear,ScaleShot,IceShard|||F|||50|,,,,,Ghost]Sneasler||FocusSash|Unburden|Protect,CloseCombat,DireClaw,Coaching|||M|||50|,,,,,Stellar]Volcarona||CovertCloak|FlameBody|HeatWave,TeraBlast,QuiverDance,RagePowder|||F|||50|,,,,,Fairy]Rillaboom||AssaultVest|GrassySurge|FakeOut,GrassyGlide,WoodHammer,HighHorsepower|||F|||50|,,,,,Water
|inactive|Battle timer is ON: inactive players will automatically lose when time's up. (requested by palle synchro)
|inactive|no89 has 60 seconds left.
|inactive|palle synchro has 60 seconds left.
|
|t:|1757930745
|teamsize|p1|4
|teamsize|p2|4
|start
|switch|p1a: Basculegion|Basculegion, L50, M|100/100
|switch|p1b: Magmar|Magmar, L50, M|100/100
|switch|p2a: Kingambit|Kingambit, L50, F|100/100
|switch|p2b: Rillaboom|Rillaboom, L50, F|100/100
|-fieldstart|move: Grassy Terrain|[from] ability: Grassy Surge|[of] p2b: Rillaboom
|turn|1
|
|t:|1757930762
|switch|p2a: Dondozo|Dondozo, L50, M|100/100
|move|p1a: Basculegion|Wave Crash|p2a: Dondozo
|-resisted|p2a: Dondozo
|-damage|p2a: Dondozo|81/100
|-damage|p1a: Basculegion|92/100|[from] Recoil
|move|p1b: Magmar|Heat Wave|p2b: Rillaboom|[spread] p2a,p2b
|-resisted|p2a: Dondozo
|-supereffective|p2b: Rillaboom
|-damage|p2a: Dondozo|71/100
|-damage|p2b: Rillaboom|69/100
|-status|p2a: Dondozo|brn
|move|p2b: Rillaboom|High Horsepower|p1b: Magmar
|-supereffective|p1b: Magmar
|-damage|p1b: Magmar|48/100
|
|-heal|p1a: Basculegion|98/100|[from] Grassy Terrain
|-heal|p1b: Magmar|54/100|[from] Grassy Terrain
|-heal|p2b: Rillaboom|74/100|[from] Grassy Terrain
|-heal|p2a: Dondozo|77/100 brn|[from] Grassy Terrain
|-heal|p2a: Dondozo|83/100 brn|[from] item: Leftovers
|-damage|p2a: Dondozo|77/100 brn|[from] brn
|upkeep
|turn|2
|
|t:|1757930784
|switch|p1a: Archaludon|Archaludon, L50, M|100/100
|move|p1b: Magmar|Taunt|p2a: Dondozo
|-start|p2a: Dondozo|move: Taunt
|move|p2b: Rillaboom|High Horsepower|p1b: Magmar
|-supereffective|p1b: Magmar
|-damage|p1b: Magmar|0 fnt
|faint|p1b: Magmar
|cant|p2a: Dondozo|move: Taunt|Yawn
|
|-heal|p2b: Rillaboom|80/100|[from] Grassy Terrain
|-heal|p2a: Dondozo|83/100 brn|[from] Grassy Terrain
|-heal|p2a: Dondozo|89/100 brn|[from] item: Leftovers
|-damage|p2a: Dondozo|83/100 brn|[from] brn
|upkeep
|
|t:|1757930792
|switch|p1b: Flamigo|Flamigo, L50, F|100/100
|turn|3
|
|t:|1757930811
|switch|p2b: Kingambit|Kingambit, L50, F|100/100
|move|p1b: Flamigo|Brave Bird|p2b: Kingambit
|-resisted|p2b: Kingambit
|-damage|p2b: Kingambit|79/100
|-damage|p1b: Flamigo|91/100|[from] Recoil
|move|p1a: Archaludon|Electro Shot||[still]
|-prepare|p1a: Archaludon|Electro Shot
|-boost|p1a: Archaludon|spa|1
|-enditem|p1a: Archaludon|Power Herb
|-anim|p1a: Archaludon|Electro Shot|p2b: Kingambit
|-damage|p2b: Kingambit|15/100
|move|p2a: Dondozo|Fissure|p1a: Archaludon|[miss]
|-miss|p2a: Dondozo|p1a: Archaludon
|
|-heal|p2b: Kingambit|20/100|[from] Grassy Terrain
|-heal|p2a: Dondozo|89/100 brn|[from] Grassy Terrain
|-heal|p2a: Dondozo|95/100 brn|[from] item: Leftovers
|-damage|p2a: Dondozo|89/100 brn|[from] brn
|upkeep
|turn|4
|
|t:|1757930828
|move|p2b: Kingambit|Protect|p2b: Kingambit
|-singleturn|p2b: Kingambit|Protect
|move|p1b: Flamigo|Close Combat|p2b: Kingambit
|-activate|p2b: Kingambit|move: Protect
|move|p1a: Archaludon|Dragon Pulse|p2a: Dondozo
|-damage|p2a: Dondozo|52/100 brn
|move|p2a: Dondozo|Fissure|p1a: Archaludon|[miss]
|-miss|p2a: Dondozo|p1a: Archaludon
|
|-heal|p2b: Kingambit|26/100|[from] Grassy Terrain
|-heal|p2a: Dondozo|58/100 brn|[from] Grassy Terrain
|-heal|p2a: Dondozo|64/100 brn|[from] item: Leftovers
|-damage|p2a: Dondozo|58/100 brn|[from] brn
|-end|p2a: Dondozo|move: Taunt
|upkeep
|turn|5
|
|t:|1757930842
|move|p1a: Archaludon|Protect|p1a: Archaludon
|-singleturn|p1a: Archaludon|Protect
|move|p2b: Kingambit|Sucker Punch|p1b: Flamigo
|-resisted|p1b: Flamigo
|-damage|p1b: Flamigo|62/100
|move|p1b: Flamigo|Close Combat|p2b: Kingambit
|-supereffective|p2b: Kingambit
|-damage|p2b: Kingambit|0 fnt
|-unboost|p1b: Flamigo|def|1
|-unboost|p1b: Flamigo|spd|1
|faint|p2b: Kingambit
|move|p2a: Dondozo|Fissure|p1a: Archaludon
|-activate|p1a: Archaludon|move: Protect
|
|-heal|p2a: Dondozo|64/100 brn|[from] Grassy Terrain
|-heal|p2a: Dondozo|71/100 brn|[from] item: Leftovers
|-damage|p2a: Dondozo|64/100 brn|[from] brn
|-fieldend|move: Grassy Terrain
|upkeep
|
|t:|1757930850
|switch|p2b: Volcarona|Volcarona, L50, F|100/100
|turn|6
|
|t:|1757930866
|-terastallize|p2b: Volcarona|Fairy
|-terastallize|p1a: Archaludon|Electric
|move|p1b: Flamigo|Tailwind|p1b: Flamigo
|-sidestart|p1: no89|move: Tailwind
|move|p1a: Archaludon|Electro Shot||[still]
|-prepare|p1a: Archaludon|Electro Shot
|-boost|p1a: Archaludon|spa|1
|move|p2b: Volcarona|Quiver Dance|p2b: Volcarona
|-boost|p2b: Volcarona|spa|1
|-boost|p2b: Volcarona|spd|1
|-boost|p2b: Volcarona|spe|1
|move|p2a: Dondozo|Fissure|p1a: Archaludon
|-damage|p1a: Archaludon|0 fnt
|faint|p1a: Archaludon
|-ohko
|
|-heal|p2a: Dondozo|71/100 brn|[from] item: Leftovers
|-damage|p2a: Dondozo|64/100 brn|[from] brn
|upkeep
|
|t:|1757930886
|switch|p1a: Basculegion|Basculegion, L50, M|98/100
|turn|7
|inactive|palle synchro has 30 seconds left.
|
|t:|1757930915
|move|p1a: Basculegion|Last Respects|p2b: Volcarona
|-damage|p2b: Volcarona|0 fnt
|faint|p2b: Volcarona
|move|p1b: Flamigo|Close Combat|p2a: Dondozo
|-damage|p2a: Dondozo|34/100 brn
|-unboost|p1b: Flamigo|def|1
|-unboost|p1b: Flamigo|spd|1
|move|p2a: Dondozo|Yawn|p1b: Flamigo
|-start|p1b: Flamigo|move: Yawn|[of] p2a: Dondozo
|
|-heal|p2a: Dondozo|40/100 brn|[from] item: Leftovers
|-damage|p2a: Dondozo|34/100 brn|[from] brn
|upkeep
|
|t:|1757930921
|switch|p2b: Rillaboom|Rillaboom, L50, F|80/100
|-fieldstart|move: Grassy Terrain|[from] ability: Grassy Surge|[of] p2b: Rillaboom
|turn|8
|
|t:|1757930931
|move|p2b: Rillaboom|Grassy Glide|p1a: Basculegion
|-supereffective|p1a: Basculegion
|-damage|p1a: Basculegion|9/100
|move|p1a: Basculegion|Last Respects|p2b: Rillaboom
|-damage|p2b: Rillaboom|0 fnt
|faint|p2b: Rillaboom
|move|p1b: Flamigo|Close Combat|p2a: Dondozo
|-damage|p2a: Dondozo|3/100 brn
|-unboost|p1b: Flamigo|def|1
|-unboost|p1b: Flamigo|spd|1
|move|p2a: Dondozo|Yawn|p1a: Basculegion
|-start|p1a: Basculegion|move: Yawn|[of] p2a: Dondozo
|
|-heal|p1a: Basculegion|15/100|[from] Grassy Terrain
|-heal|p2a: Dondozo|9/100 brn|[from] Grassy Terrain
|-heal|p2a: Dondozo|16/100 brn|[from] item: Leftovers
|-damage|p2a: Dondozo|9/100 brn|[from] brn
|-end|p1b: Flamigo|move: Yawn|[silent]
|-status|p1b: Flamigo|slp
|upkeep
|turn|9
|
|t:|1757930942
|move|p2a: Dondozo|Protect|p2a: Dondozo
|-singleturn|p2a: Dondozo|Protect
|move|p1a: Basculegion|Last Respects|p2a: Dondozo
|-activate|p2a: Dondozo|move: Protect
|cant|p1b: Flamigo|slp
|
|-heal|p1a: Basculegion|21/100|[from] Grassy Terrain
|-heal|p2a: Dondozo|16/100 brn|[from] Grassy Terrain
|-heal|p2a: Dondozo|22/100 brn|[from] item: Leftovers
|-damage|p2a: Dondozo|16/100 brn|[from] brn
|-end|p1a: Basculegion|move: Yawn|[silent]
|-status|p1a: Basculegion|slp
|-sideend|p1: no89|move: Tailwind
|upkeep
|turn|10
|
|t:|1757930946
|cant|p1a: Basculegion|slp
|cant|p1b: Flamigo|slp
|move|p2a: Dondozo|Fissure|p1a: Basculegion|[miss]
|-miss|p2a: Dondozo|p1a: Basculegion
|
|-heal|p1a: Basculegion|28/100 slp|[from] Grassy Terrain
|-heal|p2a: Dondozo|22/100 brn|[from] Grassy Terrain
|-heal|p2a: Dondozo|28/100 brn|[from] item: Leftovers
|-damage|p2a: Dondozo|22/100 brn|[from] brn
|upkeep
|turn|11
|
|t:|1757930952
|cant|p1a: Basculegion|slp
|cant|p1b: Flamigo|slp
|move|p2a: Dondozo|Fissure|p1a: Basculegion
|-damage|p1a: Basculegion|0 fnt
|faint|p1a: Basculegion
|-ohko
|
|-heal|p2a: Dondozo|28/100 brn|[from] Grassy Terrain
|-heal|p2a: Dondozo|34/100 brn|[from] item: Leftovers
|-damage|p2a: Dondozo|28/100 brn|[from] brn
|upkeep
|turn|12
|
|t:|1757930962
|move|p2a: Dondozo|Protect|p2a: Dondozo
|-singleturn|p2a: Dondozo|Protect
|-curestatus|p1b: Flamigo|slp|[msg]
|move|p1b: Flamigo|Close Combat|p2a: Dondozo
|-activate|p2a: Dondozo|move: Protect
|
|-heal|p2a: Dondozo|34/100 brn|[from] Grassy Terrain
|-heal|p2a: Dondozo|41/100 brn|[from] item: Leftovers
|-damage|p2a: Dondozo|34/100 brn|[from] brn
|-fieldend|move: Grassy Terrain
|upkeep
|turn|13
|
|t:|1757930970
|move|p1b: Flamigo|Protect|p1b: Flamigo
|-singleturn|p1b: Flamigo|Protect
|move|p2a: Dondozo|Yawn|p1b: Flamigo
|-activate|p1b: Flamigo|move: Protect
|
|-heal|p2a: Dondozo|41/100 brn|[from] item: Leftovers
|-damage|p2a: Dondozo|34/100 brn|[from] brn
|upkeep
|turn|14
|
|t:|1757930973
|move|p1b: Flamigo|Close Combat|p2a: Dondozo
|-damage|p2a: Dondozo|2/100 brn
|-unboost|p1b: Flamigo|def|1
|-unboost|p1b: Flamigo|spd|1
|move|p2a: Dondozo|Yawn|p1b: Flamigo
|-start|p1b: Flamigo|move: Yawn|[of] p2a: Dondozo
|
|-heal|p2a: Dondozo|9/100 brn|[from] item: Leftovers
|-damage|p2a: Dondozo|2/100 brn|[from] brn
|upkeep
|turn|15
|
|t:|1757930977
|move|p2a: Dondozo|Protect|p2a: Dondozo
|-singleturn|p2a: Dondozo|Protect
|move|p1b: Flamigo|Close Combat|p2a: Dondozo
|-activate|p2a: Dondozo|move: Protect
|
|-heal|p2a: Dondozo|9/100 brn|[from] item: Leftovers
|-damage|p2a: Dondozo|2/100 brn|[from] brn
|-end|p1b: Flamigo|move: Yawn|[silent]
|-status|p1b: Flamigo|slp
|upkeep
|turn|16
|
|t:|1757930980
|cant|p1b: Flamigo|slp
|move|p2a: Dondozo|Liquidation|p1b: Flamigo
|-damage|p1b: Flamigo|41/100 slp
|
|-heal|p2a: Dondozo|9/100 brn|[from] item: Leftovers
|-damage|p2a: Dondozo|2/100 brn|[from] brn
|upkeep
|turn|17
|
|t:|1757930984
|cant|p1b: Flamigo|slp
|move|p2a: Dondozo|Liquidation|p1b: Flamigo
|-damage|p1b: Flamigo|20/100 slp
|
|-heal|p2a: Dondozo|9/100 brn|[from] item: Leftovers
|-damage|p2a: Dondozo|2/100 brn|[from] brn
|upkeep
|turn|18
|
|t:|1757930990
|cant|p1b: Flamigo|slp
|move|p2a: Dondozo|Liquidation|p1b: Flamigo
|-damage|p1b: Flamigo|0 fnt
|faint|p1b: Flamigo
|
|win|palle synchro
||palle synchro is ready for game 2.
||no89 is ready for game 2.
|uhtml|next|Next: Game 2 of 3
