|j|☆JNEST
|j|☆ChefHoe
|html|JNESTChefHoe    
|uhtml|bestof|Game 1 of a best-of-3
|t:|1756248347
|gametype|doubles
|player|p1|JNEST|veteran-gen4|1133
|player|p2|ChefHoe|gambler|1107
|gen|9
|tier|[Gen 9] VGC 2025 Reg H (Bo3)
|rated|
|rule|Species Clause: Limit one of each Pokémon
|rule|Item Clause: Limit 1 of each item
|clearpoke
|poke|p1|Weezing, L50, M|
|poke|p1|Incineroar, L50, M|
|poke|p1|Ursaluna-Bloodmoon, L50, M|
|poke|p1|Annihilape, L50, F|
|poke|p1|Tyranitar, L50, M|
|poke|p1|Amoonguss, L50, M|
|poke|p2|Ursaluna, L50, M|
|poke|p2|Murkrow, L50, F|
|poke|p2|Incineroar, L50, F|
|poke|p2|Sinistcha, L50|
|poke|p2|Gholdengo, L50|
|poke|p2|Ninetales-Alola, L50, F|
|teampreview|4
|showteam|p1|Weezing||SitrusBerry|NeutralizingGas|Protect,Taunt,WillOWisp,SludgeBomb|||M|||50|,,,,,Ghost]Incineroar||AbilityShield|Intimidate|KnockOff,FlareBlitz,FakeOut,PartingShot|||M|||50|,,,,,Ghost]Ursaluna-Bloodmoon||LifeOrb|MindsEye|Protect,HyperVoice,EarthPower,BloodMoon|||M|||50|,,,,,Normal]Annihilape||SafetyGoggles|Defiant|Taunt,RageFist,CloseCombat,FinalGambit|||F|||50|,,,,,Fairy]Tyranitar||AssaultVest|SandStream|RockSlide,KnockOff,TeraBlast,LowKick|||M|||50|,,,,,Flying]Amoonguss||Leftovers|Regenerator|ClearSmog,Spore,RagePowder,PollenPuff|||M|||50|,,,,,Water
|showteam|p2|Ursaluna||FlameOrb|Guts|Protect,Facade,HeadlongRush,Earthquake|||M|||50|,,,,,Ghost]Murkrow||Eviolite|Prankster|FoulPlay,Haze,Taunt,Tailwind|||F|||50|,,,,,Steel]Incineroar||SafetyGoggles|Intimidate|PartingShot,KnockOff,FlareBlitz,FakeOut|||F|||50|,,,,,Ghost]Sinistcha||SitrusBerry|Hospitality|MatchaGotcha,StrengthSap,RagePowder,TrickRoom||||||50|,,,,,Water]Gholdengo||LifeOrb|GoodasGold|Protect,MakeItRain,ShadowBall,NastyPlot||||||50|,,,,,Dragon]Ninetales-Alola||LightClay|SnowWarning|Protect,Moonblast,Blizzard,AuroraVeil|||F|||50|,,,,,Water
|inactive|Battle timer is ON: inactive players will automatically lose when time's up. (requested by JNEST)
|inactive|ChefHoe has 60 seconds left.
|inactive|ChefHoe has 30 seconds left.
|inactive|ChefHoe has 20 seconds left.
|
|t:|1756248418
|teamsize|p1|4
|teamsize|p2|4
|start
|switch|p1a: Weezing|Weezing, L50, M|100/100
|switch|p1b: Incineroar|Incineroar, L50, M|100/100
|switch|p2a: Incineroar|Incineroar, L50, F|100/100
|switch|p2b: Murkrow|Murkrow, L50, F|100/100
|-ability|p1a: Weezing|Neutralizing Gas
|-block|p1b: Incineroar|item: Ability Shield
|-ability|p1b: Incineroar|Intimidate|boost
|-unboost|p2a: Incineroar|atk|1
|-unboost|p2b: Murkrow|atk|1
|turn|1
|inactive|ChefHoe has 30 seconds left.
|inactive|ChefHoe has 20 seconds left.
|inactive|ChefHoe has 15 seconds left.
|inactive|ChefHoe has 10 seconds left.
|inactive|ChefHoe has 5 seconds left.
|
|t:|1756248470
|switch|p2b: Ursaluna|Ursaluna, L50, M|100/100
|-terastallize|p1a: Weezing|Ghost
|move|p1b: Incineroar|Fake Out|p2a: Incineroar
|-damage|p2a: Incineroar|90/100
|cant|p2a: Incineroar|flinch
|move|p1a: Weezing|Taunt|p2b: Ursaluna
|-start|p2b: Ursaluna|move: Taunt
|
|-status|p2b: Ursaluna|brn|[from] item: Flame Orb
|upkeep
|turn|2
|inactive|ChefHoe has 30 seconds left.
|
|t:|1756248504
|move|p1a: Weezing|Protect|p1a: Weezing
|-singleturn|p1a: Weezing|Protect
|move|p1b: Incineroar|Parting Shot|p2b: Ursaluna
|-unboost|p2b: Ursaluna|atk|1
|-unboost|p2b: Ursaluna|spa|1
|
|t:|1756248509
|switch|p1b: Annihilape|Annihilape, L50, F|100/100|[from] Parting Shot
|move|p2b: Ursaluna|Facade|p1b: Annihilape
|-immune|p1b: Annihilape
|move|p2a: Incineroar|Parting Shot|p1b: Annihilape
|-unboost|p1b: Annihilape|atk|1
|-unboost|p1b: Annihilape|spa|1
|
|t:|1756248519
|switch|p2a: Ninetales|Ninetales-Alola, L50, F|100/100|[from] Parting Shot
|
|-damage|p2b: Ursaluna|95/100 brn|[from] brn
|upkeep
|turn|3
|inactive|ChefHoe has 30 seconds left.
|
|t:|1756248551
|switch|p1b: Incineroar|Incineroar, L50, M|100/100
|-ability|p1b: Incineroar|Intimidate|boost
|-unboost|p2a: Ninetales|atk|1
|-unboost|p2b: Ursaluna|atk|1
|move|p2a: Ninetales|Moonblast|p1b: Incineroar
|-damage|p1b: Incineroar|74/100
|move|p2b: Ursaluna|Headlong Rush|p1b: Incineroar
|-supereffective|p1b: Incineroar
|-damage|p1b: Incineroar|39/100
|-unboost|p2b: Ursaluna|def|1
|-unboost|p2b: Ursaluna|spd|1
|move|p1a: Weezing|Sludge Bomb|p2a: Ninetales
|-supereffective|p2a: Ninetales
|-damage|p2a: Ninetales|49/100
|
|-damage|p2b: Ursaluna|89/100 brn|[from] brn
|-end|p2b: Ursaluna|move: Taunt
|upkeep
|turn|4
|
|t:|1756248574
|switch|p2a: Incineroar|Incineroar, L50, F|90/100
|switch|p2b: Murkrow|Murkrow, L50, F|100/100
|move|p1b: Incineroar|Parting Shot|p2b: Murkrow
|-unboost|p2b: Murkrow|atk|1
|-unboost|p2b: Murkrow|spa|1
|
|t:|1756248583
|switch|p1b: Annihilape|Annihilape, L50, F|100/100|[from] Parting Shot
|move|p1a: Weezing|Sludge Bomb|p2a: Incineroar
|-damage|p2a: Incineroar|69/100
|-status|p2a: Incineroar|psn
|
|-damage|p2a: Incineroar|57/100 psn|[from] psn
|upkeep
|turn|5
|
|t:|1756248605
|switch|p1b: Incineroar|Incineroar, L50, M|39/100
|-ability|p1b: Incineroar|Intimidate|boost
|-unboost|p2a: Incineroar|atk|1
|-unboost|p2b: Murkrow|atk|1
|move|p2b: Murkrow|Tailwind|p2b: Murkrow
|-sidestart|p2: ChefHoe|move: Tailwind
|move|p2a: Incineroar|Parting Shot|p1b: Incineroar
|-unboost|p1b: Incineroar|atk|1
|-unboost|p1b: Incineroar|spa|1
|
|t:|1756248614
|switch|p2a: Ursaluna|Ursaluna, L50, M|89/100 brn|[from] Parting Shot
|move|p1a: Weezing|Taunt|p2b: Murkrow
|-start|p2b: Murkrow|move: Taunt
|
|-damage|p2a: Ursaluna|83/100 brn|[from] brn
|upkeep
|turn|6
|
|t:|1756248628
|move|p1b: Incineroar|Fake Out|p2a: Ursaluna
|-damage|p2a: Ursaluna|76/100 brn
|move|p2b: Murkrow|Foul Play|p1a: Weezing
|-supereffective|p1a: Weezing
|-damage|p1a: Weezing|59/100
|cant|p2a: Ursaluna|flinch
|move|p1a: Weezing|Sludge Bomb|p2b: Murkrow
|-damage|p2b: Murkrow|74/100
|
|-damage|p2a: Ursaluna|70/100 brn|[from] brn
|upkeep
|turn|7
|inactive|ChefHoe has 30 seconds left.
|
|t:|1756248653
|switch|p1b: Annihilape|Annihilape, L50, F|100/100
|move|p1a: Weezing|Protect|p1a: Weezing
|-singleturn|p1a: Weezing|Protect
|move|p2b: Murkrow|Foul Play|p1a: Weezing
|-activate|p1a: Weezing|move: Protect
|move|p2a: Ursaluna|Earthquake|p1b: Annihilape|[spread] p1b
|-activate|p1a: Weezing|move: Protect
|-immune|p2b: Murkrow
|-damage|p1b: Annihilape|77/100
|
|-damage|p2a: Ursaluna|64/100 brn|[from] brn
|upkeep
|turn|8
|inactive|ChefHoe has 30 seconds left.
|inactive|ChefHoe has 20 seconds left.
|inactive|ChefHoe has 15 seconds left.
|inactive|ChefHoe has 10 seconds left.
|inactive|ChefHoe has 5 seconds left.
|
|t:|1756248706
|move|p2b: Murkrow|Foul Play|p1a: Weezing
|-supereffective|p1a: Weezing
|-damage|p1a: Weezing|17/100
|-enditem|p1a: Weezing|Sitrus Berry|[eat]
|-heal|p1a: Weezing|42/100|[from] item: Sitrus Berry
|move|p2a: Ursaluna|Earthquake|p1a: Weezing|[spread] p1a,p1b
|-immune|p2b: Murkrow
|-damage|p1a: Weezing|23/100
|-damage|p1b: Annihilape|56/100
|move|p1b: Annihilape|Close Combat|p2b: Murkrow
|-damage|p2b: Murkrow|23/100
|-unboost|p1b: Annihilape|def|1
|-unboost|p1b: Annihilape|spd|1
|move|p1a: Weezing|Sludge Bomb|p2b: Murkrow
|-damage|p2b: Murkrow|0 fnt
|faint|p2b: Murkrow
|
|-damage|p2a: Ursaluna|58/100 brn|[from] brn
|-sideend|p2: ChefHoe|move: Tailwind
|upkeep
|
|t:|1756248723
|switch|p2b: Ninetales|Ninetales-Alola, L50, F|49/100
|turn|9
|
|t:|1756248743
|switch|p1b: Incineroar|Incineroar, L50, M|39/100
|-ability|p1b: Incineroar|Intimidate|boost
|-unboost|p2a: Ursaluna|atk|1
|-unboost|p2b: Ninetales|atk|1
|move|p1a: Weezing|Protect|p1a: Weezing
|-singleturn|p1a: Weezing|Protect
|move|p2b: Ninetales|Moonblast|p1b: Incineroar
|-damage|p1b: Incineroar|12/100
|move|p2a: Ursaluna|Headlong Rush|p1b: Incineroar
|-supereffective|p1b: Incineroar
|-damage|p1b: Incineroar|0 fnt
|-unboost|p2a: Ursaluna|def|1
|-unboost|p2a: Ursaluna|spd|1
|faint|p1b: Incineroar
|
|-damage|p2a: Ursaluna|52/100 brn|[from] brn
|upkeep
|
|t:|1756248756
|switch|p1b: Annihilape|Annihilape, L50, F|56/100
|turn|10
|
|t:|1756248769
|switch|p2a: Incineroar|Incineroar, L50, F|57/100 psn
|move|p2b: Ninetales|Moonblast|p1b: Annihilape
|-supereffective|p1b: Annihilape
|-damage|p1b: Annihilape|7/100
|move|p1b: Annihilape|Close Combat|p2a: Incineroar
|-supereffective|p2a: Incineroar
|-damage|p2a: Incineroar|0 fnt
|-unboost|p1b: Annihilape|def|1
|-unboost|p1b: Annihilape|spd|1
|faint|p2a: Incineroar
|move|p1a: Weezing|Sludge Bomb|p2b: Ninetales
|-supereffective|p2b: Ninetales
|-damage|p2b: Ninetales|0 fnt
|faint|p2b: Ninetales
|
|upkeep
|
|t:|1756248785
|switch|p2b: Ursaluna|Ursaluna, L50, M|52/100 brn
|turn|11
|
|t:|1756248795
|-terastallize|p2b: Ursaluna|Ghost
|move|p1b: Annihilape|Close Combat|p2b: Ursaluna
|-immune|p2b: Ursaluna
|move|p2b: Ursaluna|Earthquake|p1a: Weezing|[spread] p1a,p1b
|-damage|p1a: Weezing|2/100
|-damage|p1b: Annihilape|0 fnt
|faint|p1b: Annihilape
|move|p1a: Weezing|Sludge Bomb|p2b: Ursaluna
|-resisted|p2b: Ursaluna
|-damage|p2b: Ursaluna|40/100 brn
|
|-damage|p2b: Ursaluna|34/100 brn|[from] brn
|upkeep
|
|t:|1756248797
|switch|p1b: Tyranitar|Tyranitar, L50, M|100/100
|turn|12
|
|t:|1756248812
|move|p1a: Weezing|Protect|p1a: Weezing
|-singleturn|p1a: Weezing|Protect
|move|p1b: Tyranitar|Knock Off|p2b: Ursaluna
|-supereffective|p2b: Ursaluna
|-damage|p2b: Ursaluna|0 fnt
|-enditem|p2b: Ursaluna|Flame Orb|[from] move: Knock Off|[of] p1b: Tyranitar
|faint|p2b: Ursaluna
|
|win|JNEST
