|j|☆colemarcusvgc
|j|☆UwU Gang Gang
|html|colemarcusvgcUwU Gang Gang    
|uhtml|bestof|Game 2 of a best-of-3
|t:|1756832459
|gametype|doubles
|player|p1|colemarcusvgc|n|1102
|player|p2|UwU Gang Gang|waitress|1168
|gen|9
|tier|[Gen 9] VGC 2025 Reg H (Bo3)
|rated|
|rule|Species Clause: Limit one of each Pokémon
|rule|Item Clause: Limit 1 of each item
|clearpoke
|poke|p1|Indeedee-F, L50, F|
|poke|p1|Hatterene, L50, F|
|poke|p1|Gallade, L50, M|
|poke|p1|Ursaluna, L50, M|
|poke|p1|Lilligant-Hisui, L50, F|
|poke|p1|Torkoal, L50, M|
|poke|p2|Dragonite, L50, M|
|poke|p2|Kingambit, L50, M|
|poke|p2|Ninetales-Alola, L50, M|
|poke|p2|Incineroar, L50, M|
|poke|p2|Amoonguss, L50, M|
|poke|p2|Garchomp, L50, F|
|teampreview|4
|showteam|p1|Indeedee-F||PsychicSeed|PsychicSurge|TrickRoom,FollowMe,HelpingHand,DazzlingGleam|||F|||50|,,,,,Fire]Hatterene||LifeOrb|MagicBounce|ExpandingForce,TrickRoom,DazzlingGleam,Protect|||F|||50|,,,,,Psychic]Gallade||ClearAmulet|Sharpness|PsychoCut,TrickRoom,SacredSword,WideGuard|||M|||50|,,,,,Grass]Ursaluna||FlameOrb|Guts|HeadlongRush,Facade,SwordsDance,Protect|||M|||50|,,,,,Ghost]Lilligant-Hisui||FocusSash|Chlorophyll|SolarBlade,SleepPowder,CloseCombat,AfterYou|||F|||50|,,,,,Ghost]Torkoal||ChoiceSpecs|Drought|Eruption,HeatWave,WeatherBall,EarthPower|||M|||50|,,,,,Fire
|showteam|p2|Dragonite||LumBerry|Multiscale|TeraBlast,ExtremeSpeed,LowKick,Protect|||M|||50|,,,,,Flying]Kingambit||AssaultVest|Defiant|KowtowCleave,IronHead,LowKick,SuckerPunch|||M|||50|,,,,,Dark]Ninetales-Alola||FocusSash|SnowWarning|Blizzard,FreezeDry,Encore,Protect|||M|||50|,,,,,Ice]Incineroar||SafetyGoggles|Intimidate|FakeOut,FlareBlitz,KnockOff,PartingShot|||M|||50|,,,,,Ghost]Amoonguss||SitrusBerry|Regenerator|Spore,RagePowder,PollenPuff,ClearSmog|||M|||50|,,,,,Water]Garchomp||LifeOrb|RoughSkin|Earthquake,DragonClaw,StompingTantrum,Protect|||F|||50|,,,,,Steel
|
|t:|1756832503
|teamsize|p1|4
|teamsize|p2|4
|start
|switch|p1a: Indeedee|Indeedee-F, L50, F|100/100
|switch|p1b: Gallade|Gallade, L50, M, shiny|100/100
|switch|p2a: Incineroar|Incineroar, L50, M|100/100
|switch|p2b: Amoonguss|Amoonguss, L50, M|100/100
|-ability|p2a: Incineroar|Intimidate|boost
|-unboost|p1a: Indeedee|atk|1
|-fail|p1b: Gallade|unboost|[from] item: Clear Amulet|[of] p1b: Gallade
|-fieldstart|move: Psychic Terrain|[from] ability: Psychic Surge|[of] p1a: Indeedee
|-enditem|p1a: Indeedee|Psychic Seed
|-boost|p1a: Indeedee|spd|1|[from] item: Psychic Seed
|turn|1
|j| Trestkon
|
|t:|1756832529
|move|p1a: Indeedee|Follow Me|p1a: Indeedee
|-singleturn|p1a: Indeedee|move: Follow Me
|move|p2a: Incineroar|Parting Shot|p1a: Indeedee
|-unboost|p1a: Indeedee|atk|1
|-unboost|p1a: Indeedee|spa|1
|
|t:|1756832533
|switch|p2a: Garchomp|Garchomp, L50, F|100/100|[from] Parting Shot
|move|p2b: Amoonguss|Spore|p1a: Indeedee
|-status|p1a: Indeedee|slp|[from] move: Spore
|move|p1b: Gallade|Trick Room|p1b: Gallade
|-fieldstart|move: Trick Room|[of] p1b: Gallade
|
|upkeep
|turn|2
|
|t:|1756832551
|switch|p2b: Incineroar|Incineroar, L50, M|100/100
|-ability|p2b: Incineroar|Intimidate|boost
|-unboost|p1a: Indeedee|atk|1
|-fail|p1b: Gallade|unboost|[from] item: Clear Amulet|[of] p1b: Gallade
|switch|p1a: Torkoal|Torkoal, L50, M|100/100
|-weather|SunnyDay|[from] ability: Drought|[of] p1a: Torkoal
|-terastallize|p1b: Gallade|Grass
|move|p1b: Gallade|Wide Guard|p1b: Gallade
|-singleturn|p1b: Gallade|Wide Guard
|move|p2a: Garchomp|Stomping Tantrum|p1b: Gallade
|-resisted|p1b: Gallade
|-damage|p1b: Gallade|65/100
|-damage|p2a: Garchomp|91/100|[from] item: Life Orb
|
|-weather|SunnyDay|[upkeep]
|upkeep
|turn|3
|
|t:|1756832577
|-terastallize|p2b: Incineroar|Ghost
|move|p2a: Garchomp|Protect|p2a: Garchomp
|-singleturn|p2a: Garchomp|Protect
|move|p1a: Torkoal|Eruption|p2a: Garchomp|[spread] p2b
|-activate|p2a: Garchomp|move: Protect
|-damage|p2b: Incineroar|27/100
|move|p2b: Incineroar|Knock Off|p1a: Torkoal
|-damage|p1a: Torkoal|73/100
|-enditem|p1a: Torkoal|Choice Specs|[from] move: Knock Off|[of] p2b: Incineroar
|move|p1b: Gallade|Sacred Sword|p2b: Incineroar
|-immune|p2b: Incineroar
|
|-weather|SunnyDay|[upkeep]
|upkeep
|turn|4
|
|t:|1756832597
|switch|p2b: Ninetales|Ninetales-Alola, L50, M|100/100
|-weather|Snowscape|[from] ability: Snow Warning|[of] p2b: Ninetales
|move|p1b: Gallade|Wide Guard|p1b: Gallade
|-singleturn|p1b: Gallade|Wide Guard
|move|p1a: Torkoal|Heat Wave|p2a: Garchomp|[spread] p2a,p2b
|-resisted|p2a: Garchomp
|-supereffective|p2b: Ninetales
|-damage|p2a: Garchomp|73/100
|-damage|p2b: Ninetales|32/100
|move|p2a: Garchomp|Stomping Tantrum|p1a: Torkoal
|-supereffective|p1a: Torkoal
|-damage|p1a: Torkoal|0 fnt
|faint|p1a: Torkoal
|-damage|p2a: Garchomp|63/100|[from] item: Life Orb
|
|-weather|Snowscape|[upkeep]
|upkeep
|
|t:|1756832611
|switch|p1a: Ursaluna|Ursaluna, L50, M|100/100
|turn|5
|
|t:|1756832628
|switch|p1b: Indeedee|Indeedee-F, L50, F|100/100 slp
|move|p2a: Garchomp|Protect|p2a: Garchomp
|-singleturn|p2a: Garchomp|Protect
|move|p2b: Ninetales|Protect|p2b: Ninetales
|-singleturn|p2b: Ninetales|Protect
|move|p1a: Ursaluna|Swords Dance|p1a: Ursaluna
|-boost|p1a: Ursaluna|atk|2
|
|-weather|Snowscape|[upkeep]
|-fieldend|move: Trick Room
|-fieldend|move: Psychic Terrain
|-status|p1a: Ursaluna|brn|[from] item: Flame Orb
|upkeep
|turn|6
|
|t:|1756832643
|move|p1a: Ursaluna|Protect|p1a: Ursaluna
|-singleturn|p1a: Ursaluna|Protect
|move|p2b: Ninetales|Blizzard|p1b: Indeedee|[spread] p1b
|-activate|p1a: Ursaluna|move: Protect
|-damage|p1b: Indeedee|68/100 slp
|move|p2a: Garchomp|Dragon Claw|p1a: Ursaluna
|-activate|p1a: Ursaluna|move: Protect
|cant|p1b: Indeedee|slp
|
|-weather|Snowscape|[upkeep]
|-damage|p1a: Ursaluna|95/100 brn|[from] brn
|upkeep
|turn|7
|
|t:|1756832667
|cant|p1b: Indeedee|slp
|move|p2b: Ninetales|Encore|p1a: Ursaluna
|-start|p1a: Ursaluna|Encore
|move|p2a: Garchomp|Dragon Claw|p1b: Indeedee
|-damage|p1b: Indeedee|20/100 slp
|-damage|p2a: Garchomp|54/100|[from] item: Life Orb
|move|p1a: Ursaluna|Protect||[still]
|-fail|p1a: Ursaluna
|
|-weather|Snowscape|[upkeep]
|-damage|p1a: Ursaluna|89/100 brn|[from] brn
|upkeep
|turn|8
|
|t:|1756832682
|move|p1a: Ursaluna|Protect|p1a: Ursaluna
|-singleturn|p1a: Ursaluna|Protect
|move|p2b: Ninetales|Blizzard|p1b: Indeedee|[spread] p1b
|-activate|p1a: Ursaluna|move: Protect
|-damage|p1b: Indeedee|0 fnt
|faint|p1b: Indeedee
|move|p2a: Garchomp|Stomping Tantrum|p1a: Ursaluna
|-activate|p1a: Ursaluna|move: Protect
|
|-weather|none
|-damage|p1a: Ursaluna|83/100 brn|[from] brn
|upkeep
|
|t:|1756832693
|switch|p1b: Gallade|Gallade, L50, M, shiny, tera:Grass|65/100
|turn|9
|
|t:|1756832707
|move|p1a: Ursaluna|Protect||[still]
|-fail|p1a: Ursaluna
|move|p2b: Ninetales|Freeze-Dry|p1b: Gallade
|-supereffective|p1b: Gallade
|-damage|p1b: Gallade|18/100
|move|p2a: Garchomp|Dragon Claw|p1b: Gallade
|-crit|p1b: Gallade
|-damage|p1b: Gallade|0 fnt
|faint|p1b: Gallade
|-damage|p2a: Garchomp|44/100|[from] item: Life Orb
|
|-damage|p1a: Ursaluna|77/100 brn|[from] brn
|-end|p1a: Ursaluna|Encore
|upkeep
|turn|10
|
|t:|1756832724
|move|p2b: Ninetales|Encore|p1a: Ursaluna
|-start|p1a: Ursaluna|Encore
|move|p2a: Garchomp|Stomping Tantrum|p1a: Ursaluna
|-damage|p1a: Ursaluna|41/100 brn
|-damage|p2a: Garchomp|34/100|[from] item: Life Orb
|move|p1a: Ursaluna|Protect||[still]
|-fail|p1a: Ursaluna
|
|-damage|p1a: Ursaluna|35/100 brn|[from] brn
|upkeep
|turn|11
|
|t:|1756832733
|move|p1a: Ursaluna|Protect|p1a: Ursaluna
|-singleturn|p1a: Ursaluna|Protect
|move|p2b: Ninetales|Freeze-Dry|p1a: Ursaluna
|-activate|p1a: Ursaluna|move: Protect
|move|p2a: Garchomp|Stomping Tantrum|p1a: Ursaluna
|-activate|p1a: Ursaluna|move: Protect
|
|-damage|p1a: Ursaluna|29/100 brn|[from] brn
|upkeep
|turn|12
|
|t:|1756832742
|move|p1a: Ursaluna|Protect|p1a: Ursaluna
|-singleturn|p1a: Ursaluna|Protect
|move|p2b: Ninetales|Freeze-Dry|p1a: Ursaluna
|-activate|p1a: Ursaluna|move: Protect
|move|p2a: Garchomp|Stomping Tantrum|p1a: Ursaluna
|-activate|p1a: Ursaluna|move: Protect
|
|-damage|p1a: Ursaluna|23/100 brn|[from] brn
|-end|p1a: Ursaluna|Encore
|upkeep
|turn|13
|
|t:|1756832754
|move|p2b: Ninetales|Encore|p1a: Ursaluna
|-start|p1a: Ursaluna|Encore
|move|p2a: Garchomp|Stomping Tantrum|p1a: Ursaluna
|-damage|p1a: Ursaluna|0 fnt
|faint|p1a: Ursaluna
|-damage|p2a: Garchomp|24/100|[from] item: Life Orb
|
|win|UwU Gang Gang
||colemarcusvgc is ready for game 3.
||UwU Gang Gang is ready for game 3.
|uhtml|next|Next: Game 3 of 3
|l|☆UwU Gang Gang
|player|p2|
