|j|☆Nhatpia
|j|☆shiro07
|html|Nhatpiashiro07    
|uhtml|bestof|Game 1 of a best-of-3
|t:|1783778328
|gametype|doubles
|player|p1|Nhatpia|swimmerf|
|player|p2|shiro07|169|
|gen|9
|tier|[Gen 9 Champions] VGC 2026 Reg M-B (Bo3)
|rule|Species Clause: Limit one of each Pokémon
|rule|Item Clause: Limit 1 of each item
|clearpoke
|poke|p1|Charizard, L50, M, shiny|
|poke|p1|Aerodactyl, L50, F, shiny|
|poke|p1|Garchomp, L50, F, shiny|
|poke|p1|Sylveon, L50, F, shiny|
|poke|p1|Kingambit, L50, M|
|poke|p1|Farigiraf, L50, F, shiny|
|poke|p2|Raichu, L50, F|
|poke|p2|Mawile, L50, F|
|poke|p2|Sinistcha, L50|
|poke|p2|Ceruledge, L50, M|
|poke|p2|Milotic, L50, M|
|poke|p2|Incineroar, L50, M|
|teampreview|4
|showteam|p1|Charizard||CharizarditeY|Blaze|Protect,HeatWave,WeatherBall,SolarBeam|Modest||M|||50|]Aerodactyl||Aerodactylite|Unnerve|RockSlide,DualWingbeat,Tailwind,IceFang|Jolly||F|||50|]Garchomp||LifeOrb|RoughSkin|StompingTantrum,Protect,Earthquake,DragonClaw|Jolly||F|||50|]Sylveon||FairyFeather|Pixilate|HyperVoice,QuickAttack,HyperBeam,Detect|Modest||F|||50|]Kingambit||FocusSash|Defiant|SuckerPunch,KowtowCleave,LowKick,IronHead|Adamant||M|||50|]Farigiraf||SitrusBerry|ArmorTail|TwinBeam,TrickRoom,Thunderbolt,HelpingHand|Bold||F|||50|
|showteam|p2|Raichu||RaichuniteY|LightningRod|ZapCannon,FocusBlast,FakeOut,Protect|Timid||F|||50|]Mawile||Mawilite|HyperCutter|PlayRough,SuckerPunch,SwordsDance,Protect|Adamant||F|||50|]Sinistcha||FocusSash|Hospitality|MatchaGotcha,LifeDew,RagePowder,Protect|Relaxed|||||50|]Ceruledge||ColburBerry|FlashFire|BitterBlade,ShadowSneak,BulkUp,Protect|Adamant||M|||50|]Milotic||Leftovers|Competitive|MuddyWater,Coil,Hypnosis,Protect|Calm||M|||50|]Incineroar||SitrusBerry|Intimidate|FlareBlitz,ThroatChop,FakeOut,PartingShot|Impish||M|||50|
|
|t:|1783778351
|teamsize|p1|4
|teamsize|p2|4
|start
|switch|p1a: Kingambit|Kingambit, L50, M|100/100
|switch|p1b: Farigiraf|Farigiraf, L50, F, shiny|100/100
|switch|p2a: Incineroar|Incineroar, L50, M|100/100
|switch|p2b: Ceruledge|Ceruledge, L50, M|100/100
|-ability|p2a: Incineroar|Intimidate|boost
|-unboost|p1a: Kingambit|atk|1
|-ability|p1a: Kingambit|Defiant|boost
|-boost|p1a: Kingambit|atk|2
|-unboost|p1b: Farigiraf|atk|1
|turn|1
|
|t:|1783778372
|move|p1b: Farigiraf|Helping Hand|p1a: Kingambit
|-singleturn|p1a: Kingambit|Helping Hand|[of] p1b: Farigiraf
|move|p2b: Ceruledge|Bulk Up|p2b: Ceruledge
|-boost|p2b: Ceruledge|atk|1
|-boost|p2b: Ceruledge|def|1
|move|p1a: Kingambit|Low Kick|p2a: Incineroar
|-supereffective|p2a: Incineroar|1
|-damage|p2a: Incineroar|0 fnt
|faint|p2a: Incineroar
|
|upkeep
|inactive|Battle timer is ON: inactive players will automatically lose when time's up. (requested by Nhatpia)
|
|t:|1783778381
|switch|p2a: Milotic|Milotic, L50, M|100/100
|turn|2
|
|t:|1783778391
|move|p2b: Ceruledge|Bitter Blade|p1a: Kingambit
|-supereffective|p1a: Kingambit|1
|-enditem|p1a: Kingambit|Focus Sash
|-damage|p1a: Kingambit|1/100
|move|p2a: Milotic|Muddy Water|p1a: Kingambit|[spread] p1a,p1b
|-damage|p1a: Kingambit|0 fnt
|-damage|p1b: Farigiraf|77/100
|faint|p1a: Kingambit
|move|p1b: Farigiraf|Trick Room|p1b: Farigiraf
|-fieldstart|move: Trick Room|[of] p1b: Farigiraf
|
|upkeep
|
|t:|1783778401
|switch|p1a: Sylveon|Sylveon, L50, F, shiny|100/100
|turn|3
|
|t:|1783778410
|move|p1b: Farigiraf|Helping Hand|p1a: Sylveon
|-singleturn|p1a: Sylveon|Helping Hand|[of] p1b: Farigiraf
|move|p1a: Sylveon|Hyper Voice|p2a: Milotic|[spread] p2a,p2b
|-resisted|p2b: Ceruledge|1
|-damage|p2a: Milotic|56/100
|-damage|p2b: Ceruledge|65/100
|move|p2a: Milotic|Coil|p2a: Milotic
|-boost|p2a: Milotic|atk|1
|-boost|p2a: Milotic|def|1
|-boost|p2a: Milotic|accuracy|1
|move|p2b: Ceruledge|Bitter Blade|p1a: Sylveon
|-damage|p1a: Sylveon|17/100
|-heal|p2b: Ceruledge|100/100|[from] drain|[of] p1a: Sylveon
|
|-heal|p2a: Milotic|62/100|[from] item: Leftovers
|upkeep
|turn|4
|
|t:|1783778429
|move|p2a: Milotic|Protect|p2a: Milotic
|-singleturn|p2a: Milotic|Protect
|move|p1b: Farigiraf|Thunderbolt|p2a: Milotic
|-activate|p2a: Milotic|move: Protect
|move|p1a: Sylveon|Hyper Voice|p2b: Ceruledge|[spread] p2b
|-activate|p2a: Milotic|move: Protect
|-resisted|p2b: Ceruledge|1
|-damage|p2b: Ceruledge|77/100
|move|p2b: Ceruledge|Bitter Blade|p1b: Farigiraf
|-damage|p1b: Farigiraf|19/100
|-heal|p2b: Ceruledge|100/100|[from] drain|[of] p1b: Farigiraf
|-enditem|p1b: Farigiraf|Sitrus Berry|[eat]
|-heal|p1b: Farigiraf|44/100|[from] item: Sitrus Berry
|
|-heal|p2a: Milotic|68/100|[from] item: Leftovers
|upkeep
|turn|5
|
|t:|1783778438
|move|p1b: Farigiraf|Thunderbolt|p2a: Milotic
|-supereffective|p2a: Milotic|1
|-damage|p2a: Milotic|35/100
|move|p1a: Sylveon|Hyper Voice|p2b: Ceruledge|[spread] p2a,p2b
|-resisted|p2b: Ceruledge|1
|-damage|p2a: Milotic|7/100
|-damage|p2b: Ceruledge|76/100
|move|p2a: Milotic|Muddy Water|p1a: Sylveon|[spread] p1a,p1b
|-damage|p1a: Sylveon|1/100
|-damage|p1b: Farigiraf|22/100
|-unboost|p1a: Sylveon|accuracy|1
|-unboost|p1b: Farigiraf|accuracy|1
|move|p2b: Ceruledge|Bitter Blade|p1b: Farigiraf
|-damage|p1b: Farigiraf|0 fnt
|-heal|p2b: Ceruledge|90/100|[from] drain|[of] p1b: Farigiraf
|faint|p1b: Farigiraf
|
|-heal|p2a: Milotic|13/100|[from] item: Leftovers
|upkeep
|
|t:|1783778449
|switch|p1b: Charizard|Charizard, L50, M, shiny|100/100
|turn|6
|
|t:|1783778464
|move|p1a: Sylveon|Detect|p1a: Sylveon
|-singleturn|p1a: Sylveon|Protect
|move|p1b: Charizard|Protect|p1b: Charizard
|-singleturn|p1b: Charizard|Protect
|move|p2b: Ceruledge|Shadow Sneak|p1a: Sylveon
|-activate|p1a: Sylveon|move: Protect
|move|p2a: Milotic|Muddy Water|p1a: Sylveon|[spread] 
|-activate|p1a: Sylveon|move: Protect
|-activate|p1b: Charizard|move: Protect
|
|-heal|p2a: Milotic|19/100|[from] item: Leftovers
|-fieldend|move: Trick Room
|upkeep
|turn|7
|-message|Nhatpia forfeited.
|
|win|shiro07
|l|☆Nhatpia
|player|p1|
||Nhatpia is ready for game 2.
|inactive|shiro07 has 30 seconds to confirm battle start!
||shiro07 is ready for game 2.
|uhtml|next|Next: Game 2 of 3
|j|☆Nhatpia
|player|p1|Nhatpia|swimmerf|
