|j|☆MarzipanTheFirst
|j|☆SrStarVGC
|html|MarzipanTheFirstSrStarVGC    
|uhtml|bestof|Game 2 of a best-of-3
|t:|1783524034
|gametype|doubles
|player|p1|MarzipanTheFirst|wallace|1121
|player|p2|SrStarVGC|drayden|1123
|gen|9
|tier|[Gen 9 Champions] VGC 2026 Reg M-B (Bo3)
|rated|
|rule|Species Clause: Limit one of each Pokémon
|rule|Item Clause: Limit 1 of each item
|clearpoke
|poke|p1|Sinistcha, L50|
|poke|p1|Garchomp, L50, M|
|poke|p1|Scizor, L50, F|
|poke|p1|Incineroar, L50, M|
|poke|p1|Aerodactyl, L50, M|
|poke|p1|Ninetales-Alola, L50, M|
|poke|p2|Delphox, L50, M|
|poke|p2|Sneasler, L50, F|
|poke|p2|Incineroar, L50, F|
|poke|p2|Sinistcha, L50|
|poke|p2|Kingambit, L50, M|
|poke|p2|Floette-Eternal, L50, F|
|teampreview|4
|showteam|p1|Sinistcha||Leftovers|Hospitality|LifeDew,MatchaGotcha,Protect,RagePowder|Bold|||||50|]Garchomp||LifeOrb|RoughSkin|StompingTantrum,RockSlide,DragonClaw,Protect|Jolly||M|||50|]Scizor||Scizorite|Technician|Tailwind,BulletPunch,BugBite,SwordsDance|Adamant||F|||50|]Incineroar||PasshoBerry|Intimidate|FakeOut,FlareBlitz,ThroatChop,Taunt|Careful||M|||50|]Aerodactyl||Aerodactylite|Unnerve|Tailwind,Protect,RockSlide,DualWingbeat|Jolly||M|||50|]Ninetales-Alola||NeverMeltIce|SnowWarning|FreezeDry,IcyWind,Protect,Moonblast|Modest||M|||50|
|showteam|p2|Delphox||Delphoxite|Blaze|Protect,HeatWave,Psyshock,NastyPlot|Timid||M|||50|]Sneasler||FocusSash|PoisonTouch|QuickGuard,PoisonJab,CloseCombat,FakeOut|Jolly||F|||50|]Incineroar||SitrusBerry|Intimidate|PartingShot,FlareBlitz,ThroatChop,FakeOut|Careful||F|||50|]Sinistcha||OccaBerry|Hospitality|Protect,RagePowder,LifeDew,MatchaGotcha|Bold|||||50|]Kingambit||BlackGlasses|Defiant|Protect,SuckerPunch,SwordsDance,KowtowCleave|Adamant||M|||50|]Floette-Eternal||Floettite|FlowerVeil|Protect,DazzlingGleam,CalmMind,Moonblast|Modest||F|||50|
|inactive|Battle timer is ON: inactive players will automatically lose when time's up. (requested by SrStarVGC)
|inactive|MarzipanTheFirst has 60 seconds left.
|
|t:|1783524070
|teamsize|p1|4
|teamsize|p2|4
|start
|switch|p1a: Garchomp|Garchomp, L50, M|100/100
|switch|p1b: Aerodactyl|Aerodactyl, L50, M|100/100
|switch|p2a: Delphox|Delphox, L50, M|100/100
|switch|p2b: Sinistcha|Sinistcha, L50|100/100
|-ability|p1b: Aerodactyl|Unnerve
|turn|1
|
|t:|1783524087
|detailschange|p1b: Aerodactyl|Aerodactyl-Mega, L50, M
|-mega|p1b: Aerodactyl|Aerodactyl|Aerodactylite
|detailschange|p2a: Delphox|Delphox-Mega, L50, M
|-mega|p2a: Delphox|Delphox|Delphoxite
|move|p2b: Sinistcha|Rage Powder|p2b: Sinistcha
|-singleturn|p2b: Sinistcha|move: Rage Powder
|move|p1b: Aerodactyl|Rock Slide|p2a: Delphox|[spread] p2a,p2b
|-supereffective|p2a: Delphox|1
|-damage|p2a: Delphox|21/100
|-damage|p2b: Sinistcha|74/100
|move|p2a: Delphox|Nasty Plot|p2a: Delphox
|-boost|p2a: Delphox|spa|2
|move|p1a: Garchomp|Rock Slide|p2a: Delphox|[spread] p2a,p2b
|-supereffective|p2a: Delphox|1
|-damage|p2a: Delphox|0 fnt
|-damage|p2b: Sinistcha|56/100
|faint|p2a: Delphox
|-damage|p1a: Garchomp|90/100|[from] item: Life Orb
|
|upkeep
|
|t:|1783524101
|switch|p2a: Incineroar|Incineroar, L50, F|100/100
|-ability|p2a: Incineroar|Intimidate|boost
|-unboost|p1a: Garchomp|atk|1
|-unboost|p1b: Aerodactyl|atk|1
|turn|2
|
|t:|1783524116
|switch|p1b: Sinistcha|Sinistcha, L50|100/100
|-heal|p1a: Garchomp|100/100|[from] ability: Hospitality|[of] p1b: Sinistcha
|move|p2a: Incineroar|Fake Out|p1b: Sinistcha
|-immune|p1b: Sinistcha
|move|p1a: Garchomp|Stomping Tantrum|p2a: Incineroar
|-supereffective|p2a: Incineroar|1
|-crit|p2a: Incineroar
|-damage|p2a: Incineroar|0 fnt
|faint|p2a: Incineroar
|-damage|p1a: Garchomp|90/100|[from] item: Life Orb
|move|p2b: Sinistcha|Matcha Gotcha|p1a: Garchomp|[spread] p1a,p1b
|-resisted|p1b: Sinistcha|1
|-damage|p1a: Garchomp|67/100
|-heal|p2b: Sinistcha|69/100|[from] drain|[of] p1a: Garchomp
|-damage|p1b: Sinistcha|85/100
|-heal|p2b: Sinistcha|75/100|[from] drain|[of] p1b: Sinistcha
|
|-heal|p1b: Sinistcha|91/100|[from] item: Leftovers
|upkeep
|
|t:|1783524123
|switch|p2a: Sneasler|Sneasler, L50, F|100/100
|turn|3
|
|t:|1783524141
|switch|p1a: Incineroar|Incineroar, L50, M|100/100
|-ability|p1a: Incineroar|Intimidate|boost
|-unboost|p2a: Sneasler|atk|1
|-unboost|p2b: Sinistcha|atk|1
|move|p2a: Sneasler|Poison Jab|p1b: Sinistcha
|-damage|p1b: Sinistcha|64/100
|-status|p1b: Sinistcha|psn|[from] ability: Poison Touch|[of] p2a: Sneasler
|move|p1b: Sinistcha|Matcha Gotcha|p2b: Sinistcha|[spread] p2a,p2b
|-resisted|p2a: Sneasler|1
|-resisted|p2b: Sinistcha|1
|-damage|p2a: Sneasler|82/100
|-heal|p1b: Sinistcha|73/100 psn|[from] drain|[of] p2a: Sneasler
|-damage|p2b: Sinistcha|64/100
|-heal|p1b: Sinistcha|80/100 psn|[from] drain|[of] p2b: Sinistcha
|move|p2b: Sinistcha|Matcha Gotcha|p1a: Incineroar|[spread] p1a,p1b
|-resisted|p1a: Incineroar|1
|-resisted|p1b: Sinistcha|1
|-damage|p1a: Incineroar|91/100
|-heal|p2b: Sinistcha|69/100|[from] drain|[of] p1a: Incineroar
|-damage|p1b: Sinistcha|65/100 psn
|-heal|p2b: Sinistcha|75/100|[from] drain|[of] p1b: Sinistcha
|
|-heal|p1b: Sinistcha|71/100 psn|[from] item: Leftovers
|-damage|p1b: Sinistcha|58/100 psn|[from] psn
|upkeep
|turn|4
|inactive|MarzipanTheFirst has 30 seconds left.
|
|t:|1783524171
|switch|p1b: Aerodactyl|Aerodactyl-Mega, L50, M|100/100
|move|p1a: Incineroar|Fake Out|p2a: Sneasler
|-damage|p2a: Sneasler|66/100
|cant|p2a: Sneasler|flinch
|move|p2b: Sinistcha|Matcha Gotcha|p1b: Aerodactyl|[spread] p1a,p1b
|-resisted|p1a: Incineroar|1
|-crit|p1b: Aerodactyl
|-damage|p1a: Incineroar|83/100
|-heal|p2b: Sinistcha|80/100|[from] drain|[of] p1a: Incineroar
|-damage|p1b: Aerodactyl|54/100
|-heal|p2b: Sinistcha|100/100|[from] drain|[of] p1b: Aerodactyl
|
|upkeep
|turn|5
|inactive|SrStarVGC has 30 seconds left.
|
|t:|1783524196
|move|p1b: Aerodactyl|Dual Wingbeat|p2a: Sneasler
|-supereffective|p2a: Sneasler|1
|-damage|p2a: Sneasler|0 fnt
|faint|p2a: Sneasler
|-hitcount|p2: Sneasler|1
|move|p2b: Sinistcha|Life Dew||[still]
|-fail|p2b: Sinistcha|heal
|move|p1a: Incineroar|Throat Chop|p2b: Sinistcha
|-supereffective|p2b: Sinistcha|1
|-damage|p2b: Sinistcha|49/100
|-start|p2b: Sinistcha|Throat Chop|[silent]
|
|upkeep
|turn|6
|-message|SrStarVGC forfeited.
|
|win|MarzipanTheFirst
||SrStarVGC is ready for game 3.
||MarzipanTheFirst is ready for game 3.
|uhtml|next|Next: Game 3 of 3
