|j|☆MrTedno
|j|☆lazarett
|html|MrTednolazarett    
|uhtml|bestof|Game 3 of a best-of-3
|t:|1756162335
|gametype|doubles
|player|p1|MrTedno|barry|1284
|player|p2|lazarett|riley|1324
|gen|9
|tier|[Gen 9] VGC 2025 Reg H (Bo3)
|rated|
|rule|Species Clause: Limit one of each Pokémon
|rule|Item Clause: Limit 1 of each item
|clearpoke
|poke|p1|Dondozo, L50, M|
|poke|p1|Tatsugiri, L50, F|
|poke|p1|Politoed, L50, M|
|poke|p1|Archaludon, L50, M|
|poke|p1|Amoonguss, L50, F|
|poke|p1|Overqwil, L50, F|
|poke|p2|Kilowattrel, L50, M|
|poke|p2|Ursaluna, L50, M|
|poke|p2|Porygon2, L50|
|poke|p2|Incineroar, L50, M|
|poke|p2|Amoonguss, L50, F|
|poke|p2|Gholdengo, L50|
|teampreview|4
|showteam|p1|Dondozo||LifeOrb|Unaware|Surf,Protect,SleepTalk|||M|||50|,,,,,Water]Tatsugiri||FocusSash|Commander|DracoMeteor,Protect,MuddyWater,Taunt|||F|||50|,,,,,Stellar]Politoed||SitrusBerry|Drizzle|WeatherBall,IceBeam,Haze,Protect|||M|||50|,,,,,Ghost]Archaludon||AssaultVest|Stamina|BodyPress,ElectroShot,DragonPulse,FlashCannon|||M|||50|,,,,,Grass]Amoonguss||RockyHelmet|Regenerator|Spore,RagePowder,PollenPuff,Protect|||F|||50|,,,,,Fairy]Overqwil||ChoiceBand|SwiftSwim|PoisonJab,ThroatChop,Liquidation,PinMissile|||F|||50|,,,,,Ghost
|showteam|p2|Kilowattrel||FocusSash|Competitive|Thunderbolt,AirSlash,Tailwind,Protect|||M|||50|,,,,,Ghost]Ursaluna||FlameOrb|Guts|Facade,Earthquake,HeadlongRush,Protect|||M|||50|,,,,,Ghost]Porygon2||Eviolite|Download|TeraBlast,IceBeam,Recover,TrickRoom||||||50|,,,,,Fighting]Incineroar||SafetyGoggles|Intimidate|KnockOff,PartingShot,FlareBlitz,FakeOut|||M|||50|,,,,,Ghost]Amoonguss||SitrusBerry|Regenerator|PollenPuff,ClearSmog,RagePowder,Spore|||F|||50|,,,,,Water]Gholdengo||LifeOrb|GoodasGold|MakeItRain,ShadowBall,NastyPlot,Protect||||||50|,,,,,Water
|
|t:|1756162384
|teamsize|p1|4
|teamsize|p2|4
|start
|switch|p1a: Shellington|Overqwil, L50, F|100/100
|switch|p1b: Tweak|Politoed, L50, M|100/100
|switch|p2a: Kilowattrel|Kilowattrel, L50, M|100/100
|switch|p2b: Labyrinth|Amoonguss, L50, F|100/100
|-weather|RainDance|[from] ability: Drizzle|[of] p1b: Tweak
|turn|1
|
|t:|1756162429
|switch|p1b: Barnacles|Archaludon, L50, M|100/100
|-terastallize|p2b: Labyrinth|Water
|move|p1a: Shellington|Throat Chop|p2a: Kilowattrel
|-enditem|p2a: Kilowattrel|Focus Sash
|-damage|p2a: Kilowattrel|1/100
|-start|p2a: Kilowattrel|Throat Chop|[silent]
|move|p2a: Kilowattrel|Thunderbolt|p1b: Barnacles
|-resisted|p1b: Barnacles
|-crit|p1b: Barnacles
|-damage|p1b: Barnacles|79/100
|-ability|p1b: Barnacles|Stamina|boost
|-boost|p1b: Barnacles|def|1
|move|p2b: Labyrinth|Spore|p1a: Shellington
|-status|p1a: Shellington|slp|[from] move: Spore
|
|-weather|RainDance|[upkeep]
|upkeep
|turn|2
|
|t:|1756162475
|switch|p2b: YOYOK|Ursaluna, L50, M|100/100
|-terastallize|p1b: Barnacles|Grass
|cant|p1a: Shellington|slp
|move|p2a: Kilowattrel|Tailwind|p2a: Kilowattrel
|-sidestart|p2: lazarett|move: Tailwind
|move|p1b: Barnacles|Electro Shot||[still]
|-prepare|p1b: Barnacles|Electro Shot
|-boost|p1b: Barnacles|spa|1
|-anim|p1b: Barnacles|Electro Shot|p2b: YOYOK
|-immune|p2b: YOYOK
|
|-weather|RainDance|[upkeep]
|-end|p2a: Kilowattrel|Throat Chop|[silent]
|-status|p2b: YOYOK|brn|[from] item: Flame Orb
|upkeep
|turn|3
|
|t:|1756162518
|move|p2a: Kilowattrel|Air Slash|p1b: Barnacles
|-supereffective|p1b: Barnacles
|-damage|p1b: Barnacles|27/100
|-ability|p1b: Barnacles|Stamina|boost
|-boost|p1b: Barnacles|def|1
|cant|p1a: Shellington|slp
|move|p2b: YOYOK|Earthquake|p1b: Barnacles|[spread] p1a,p1b
|-immune|p2a: Kilowattrel
|-supereffective|p1a: Shellington
|-resisted|p1b: Barnacles
|-damage|p1a: Shellington|0 fnt
|-damage|p1b: Barnacles|13/100
|-ability|p1b: Barnacles|Stamina|boost
|-boost|p1b: Barnacles|def|1
|faint|p1a: Shellington
|cant|p1b: Barnacles|flinch
|
|-weather|RainDance|[upkeep]
|-damage|p2b: YOYOK|94/100 brn|[from] brn
|upkeep
|
|t:|1756162534
|switch|p1a: Peso|Tatsugiri, L50, F|100/100
|turn|4
|
|t:|1756162564
|move|p2a: Kilowattrel|Air Slash|p1b: Barnacles
|-supereffective|p1b: Barnacles
|-damage|p1b: Barnacles|0 fnt
|faint|p1b: Barnacles
|move|p2b: YOYOK|Facade|p1a: Peso
|-enditem|p1a: Peso|Focus Sash
|-damage|p1a: Peso|1/100
|move|p1a: Peso|Muddy Water|p2b: YOYOK|[spread] p2b
|-miss|p1a: Peso|p2a: Kilowattrel
|-supereffective|p2b: YOYOK
|-damage|p2b: YOYOK|0 fnt
|faint|p2b: YOYOK
|
|-weather|RainDance|[upkeep]
|upkeep
|
|t:|1756162583
|switch|p1b: Tweak|Politoed, L50, M|100/100
|switch|p2b: Labyrinth|Amoonguss, L50, F, tera:Water|100/100
|turn|5
|
|t:|1756162604
|move|p1a: Peso|Protect|p1a: Peso
|-singleturn|p1a: Peso|Protect
|move|p2a: Kilowattrel|Thunderbolt|p1a: Peso
|-activate|p1a: Peso|move: Protect
|move|p2b: Labyrinth|Spore|p1b: Tweak
|-status|p1b: Tweak|slp|[from] move: Spore
|cant|p1b: Tweak|slp
|
|-weather|none
|-sideend|p2: lazarett|move: Tailwind
|upkeep
|turn|6
|
|t:|1756162623
|move|p1a: Peso|Protect||[still]
|-fail|p1a: Peso
|move|p2a: Kilowattrel|Thunderbolt|p1a: Peso
|-damage|p1a: Peso|0 fnt
|faint|p1a: Peso
|cant|p1b: Tweak|slp
|move|p2b: Labyrinth|Pollen Puff|p2a: Kilowattrel
|-heal|p2a: Kilowattrel|51/100
|
|upkeep
|turn|7
|-message|MrTedno forfeited.
|
|win|lazarett
|raw|MrTedno's rating: 1284 → 1262(-22 for losing)
|raw|lazarett's rating: 1324 → 1342(+18 for winning)
|c|☆MrTedno|ggwp
|c|☆lazarett|Gg
|l|☆lazarett
|player|p2|
