|j|☆khungcanh
|j|☆fart1103
|html|khungcanhfart1103    
|uhtml|bestof|Game 2 of a best-of-3
|t:|1757251919
|gametype|doubles
|player|p1|khungcanh|265|
|player|p2|fart1103|cilan|
|gen|9
|tier|[Gen 9] VGC 2025 Reg H (Bo3)
|rule|Species Clause: Limit one of each Pokémon
|rule|Item Clause: Limit 1 of each item
|clearpoke
|poke|p1|Sneasler, L50, M|
|poke|p1|Indeedee, L50, M|
|poke|p1|Ursaluna-Bloodmoon, L50, M|
|poke|p1|Electabuzz, L50, F|
|poke|p1|Incineroar, L50, M|
|poke|p1|Talonflame, L50, M|
|poke|p2|Incineroar, L50, M|
|poke|p2|Porygon2, L50|
|poke|p2|Amoonguss, L50, F|
|poke|p2|Ursaluna, L50, M|
|poke|p2|Gholdengo, L50|
|poke|p2|Flamigo, L50, M|
|teampreview|4
|showteam|p1|Sneasler||PsychicSeed|Unburden|CloseCombat,DireClaw,ThroatChop,Protect|||M|||50|,,,,,Dark]Indeedee||FocusSash|PsychicSurge|ExpandingForce,TrickRoom,HelpingHand,Protect|||M|||50|,,,,,Psychic]Ursaluna-Bloodmoon||LifeOrb|MindsEye|BloodMoon,HyperVoice,EarthPower,Protect|||M|||50|,,,,,Normal]Electabuzz||Eviolite|VitalSpirit|Electroweb,FollowMe,Taunt,Protect|||F|||50|,,,,,Dragon]Incineroar||SafetyGoggles|Intimidate|FlareBlitz,KnockOff,PartingShot,FakeOut|||M|||50|,,,,,Ghost]Talonflame||CovertCloak|GaleWings|FlareBlitz,DualWingbeat,WillOWisp,Tailwind|||M|||50|,,,,,Fairy
|showteam|p2|Incineroar||SafetyGoggles|Intimidate|KnockOff,FlareBlitz,PartingShot,FakeOut|||M|||50|,,,,,Grass]Porygon2||Eviolite|Download|TeraBlast,IceBeam,Recover,TrickRoom||||||50|,,,,,Fighting]Amoonguss||MentalHerb|Regenerator|Spore,RagePowder,PollenPuff,SludgeBomb|||F|||50|,,,,,Water]Ursaluna||FlameOrb|Guts|Facade,HeadlongRush,Earthquake,Protect|||M|||50|,,,,,Normal]Gholdengo||LifeOrb|GoodasGold|MakeItRain,ShadowBall,NastyPlot,Protect||||||50|,,,,,Dragon]Flamigo||FocusSash|Scrappy|CloseCombat,BraveBird,WideGuard,Protect|||M|||50|,,,,,Ghost
|c|☆khungcanh|hehehe
|
|t:|1757251944
|teamsize|p1|4
|teamsize|p2|4
|start
|switch|p1a: Ursaluna|Ursaluna-Bloodmoon, L50, M|100/100
|switch|p1b: Indeedee|Indeedee, L50, M|100/100
|switch|p2a: Ursaluna|Ursaluna, L50, M|100/100
|switch|p2b: Porygon2|Porygon2, L50|100/100
|-fieldstart|move: Psychic Terrain|[from] ability: Psychic Surge|[of] p1b: Indeedee
|-ability|p2b: Porygon2|Download|boost
|-boost|p2b: Porygon2|spa|1
|turn|1
|
|t:|1757251979
|move|p1b: Indeedee|Expanding Force|p2b: Porygon2|[spread] p2a,p2b
|-crit|p2a: Ursaluna
|-damage|p2a: Ursaluna|28/100
|-damage|p2b: Porygon2|67/100
|move|p1a: Ursaluna|Blood Moon|p2b: Porygon2
|-damage|p2b: Porygon2|0 fnt
|faint|p2b: Porygon2
|-damage|p1a: Ursaluna|91/100|[from] item: Life Orb
|move|p2a: Ursaluna|Facade|p1b: Indeedee
|-damage|p1b: Indeedee|12/100
|
|-status|p2a: Ursaluna|brn|[from] item: Flame Orb
|upkeep
|
|t:|1757251988
|switch|p2b: Flamigo|Flamigo, L50, M|100/100
|turn|2
|
|t:|1757252000
|move|p2a: Ursaluna|Protect|p2a: Ursaluna
|-singleturn|p2a: Ursaluna|Protect
|move|p1b: Indeedee|Expanding Force|p2a: Ursaluna|[spread] p2b
|-activate|p2a: Ursaluna|move: Protect
|-supereffective|p2b: Flamigo
|-enditem|p2b: Flamigo|Focus Sash
|-damage|p2b: Flamigo|1/100
|move|p2b: Flamigo|Close Combat|p1a: Ursaluna
|-supereffective|p1a: Ursaluna
|-damage|p1a: Ursaluna|0 fnt
|-unboost|p2b: Flamigo|def|1
|-unboost|p2b: Flamigo|spd|1
|faint|p1a: Ursaluna
|
|-damage|p2a: Ursaluna|22/100 brn|[from] brn
|upkeep
|
|t:|1757252005
|switch|p1a: Sneasler|Sneasler, L50, M|100/100
|-enditem|p1a: Sneasler|Psychic Seed
|-boost|p1a: Sneasler|spd|1|[from] item: Psychic Seed
|turn|3
|
|t:|1757252037
|switch|p2a: Amoonguss|Amoonguss, L50, F|100/100
|move|p2b: Flamigo|Wide Guard|p2b: Flamigo
|-singleturn|p2b: Flamigo|Wide Guard
|move|p1a: Sneasler|Throat Chop|p2a: Amoonguss
|-damage|p2a: Amoonguss|75/100
|-start|p2a: Amoonguss|Throat Chop|[silent]
|move|p1b: Indeedee|Expanding Force|p2a: Amoonguss|[spread] 
|-activate|p2a: Amoonguss|move: Wide Guard
|-activate|p2b: Flamigo|move: Wide Guard
|
|upkeep
|turn|4
|
|t:|1757252069
|-terastallize|p2a: Amoonguss|Water
|move|p2b: Flamigo|Wide Guard|p2b: Flamigo
|-singleturn|p2b: Flamigo|Wide Guard
|move|p1a: Sneasler|Dire Claw|p2b: Flamigo
|-damage|p2b: Flamigo|0 fnt
|faint|p2b: Flamigo
|move|p1b: Indeedee|Expanding Force|p2a: Amoonguss
|-activate|p2a: Amoonguss|move: Wide Guard
|move|p2a: Amoonguss|Spore|p1a: Sneasler
|-status|p1a: Sneasler|slp|[from] move: Spore
|
|-end|p2a: Amoonguss|Throat Chop|[silent]
|upkeep
|
|t:|1757252076
|switch|p2b: Ursaluna|Ursaluna, L50, M|22/100 brn
|turn|5
|
|t:|1757252095
|move|p1b: Indeedee|Protect|p1b: Indeedee
|-singleturn|p1b: Indeedee|Protect
|move|p2b: Ursaluna|Protect|p2b: Ursaluna
|-singleturn|p2b: Ursaluna|Protect
|cant|p1a: Sneasler|slp
|move|p2a: Amoonguss|Sludge Bomb|p1b: Indeedee
|-activate|p1b: Indeedee|move: Protect
|
|-damage|p2b: Ursaluna|16/100 brn|[from] brn
|-fieldend|move: Psychic Terrain
|upkeep
|turn|6
|
|t:|1757252110
|move|p2a: Amoonguss|Rage Powder|p2a: Amoonguss
|-singleturn|p2a: Amoonguss|move: Rage Powder
|cant|p1a: Sneasler|slp
|move|p1b: Indeedee|Expanding Force|p2a: Amoonguss
|-damage|p2a: Amoonguss|42/100
|move|p2b: Ursaluna|Earthquake|p1a: Sneasler|[spread] p2a,p1a,p1b
|-supereffective|p1a: Sneasler
|-damage|p2a: Amoonguss|0 fnt
|-damage|p1a: Sneasler|0 fnt
|-damage|p1b: Indeedee|0 fnt
|faint|p2a: Amoonguss
|faint|p1a: Sneasler
|faint|p1b: Indeedee
|
|-damage|p2b: Ursaluna|10/100 brn|[from] brn
|upkeep
|
|t:|1757252119
|switch|p1b: Incineroar|Incineroar, L50, M|100/100
|-ability|p1b: Incineroar|Intimidate|boost
|-unboost|p2b: Ursaluna|atk|1
|turn|7
|
|t:|1757252127
|move|p1b: Incineroar|Fake Out|p2b: Ursaluna
|-damage|p2b: Ursaluna|2/100 brn
|cant|p2b: Ursaluna|flinch
|
|-damage|p2b: Ursaluna|0 fnt|[from] brn
|faint|p2b: Ursaluna
|
|win|khungcanh
|c|☆khungcanh|gg
|c|☆khungcanh|:)
|c|☆fart1103|:)
|c|☆khungcanh|2-0
