|j|☆Treit_3
|j|☆1OO% Jesus
|html|Treit_31OO% Jesus    
|uhtml|bestof|Game 1 of a best-of-3
|t:|1783449545
|gametype|doubles
|player|p1|Treit_3|marshal|1149
|player|p2|1OO% Jesus|lillie-z|1154
|gen|9
|tier|[Gen 9 Champions] VGC 2026 Reg M-B (Bo3)
|rated|
|rule|Species Clause: Limit one of each Pokémon
|rule|Item Clause: Limit 1 of each item
|clearpoke
|poke|p1|Scrafty, L50, M|
|poke|p1|Blaziken, L50, M|
|poke|p1|Torterra, L50, M|
|poke|p1|Milotic, L50, F|
|poke|p1|Gholdengo, L50|
|poke|p1|Farigiraf, L50, M|
|poke|p2|Delphox, L50, F|
|poke|p2|Sneasler, L50, F|
|poke|p2|Incineroar, L50, M|
|poke|p2|Sinistcha, L50|
|poke|p2|Maushold-Four, L50|
|poke|p2|Blastoise, L50, M|
|teampreview|4
|showteam|p1|Scrafty||Scraftinite|Intimidate|FakeOut,Coaching,DrainPunch,ThroatChop|Adamant||M|||50|]Blaziken||Blazikenite|SpeedBoost|Detect,RockSlide,FlareBlitz,CloseCombat|Adamant||M|||50|]Torterra||Leftovers|ShellArmor|Protect,WideGuard,HeadlongRush,WoodHammer|Brave||M|||50|]Milotic||MysticWater|Competitive|Protect,Scald,MuddyWater,IceBeam|Modest||F|||50|]Gholdengo||LifeOrb|GoodasGold|Protect,NastyPlot,MakeItRain,ShadowBall|Modest|||||50|]Farigiraf||SitrusBerry|ArmorTail|Protect,TrickRoom,Thunderbolt,HyperVoice|Bold||M|||50|
|showteam|p2|Delphox||Delphoxite|Blaze|HeatWave,Psyshock,NastyPlot,Protect|Timid||F|||50|]Sneasler||FocusSash|PoisonTouch|CloseCombat,PoisonJab,FakeOut,QuickGuard|Jolly||F|||50|]Incineroar||SitrusBerry|Intimidate|FlareBlitz,ThroatChop,FakeOut,PartingShot|Impish||M|||50|]Sinistcha||OccaBerry|Hospitality|MatchaGotcha,RagePowder,LifeDew,Protect|Bold|||||50|]Maushold-Four||ChopleBerry|FriendGuard|FollowMe,Feint,HelpingHand,Protect|Impish|||||50|]Blastoise||Blastoisinite|RainDish|WaterSpout,DarkPulse,ShellSmash,Protect|Modest||M|||50|
|inactive|Battle timer is ON: inactive players will automatically lose when time's up. (requested by Treit_3)
|inactive|1OO% Jesus has 60 seconds left.
|
|t:|1783449644
|teamsize|p1|4
|teamsize|p2|4
|start
|switch|p1a: Scrafty|Scrafty, L50, M|100/100
|switch|p1b: Milotic|Milotic, L50, F|100/100
|switch|p2a: Delphox|Delphox, L50, F|100/100
|switch|p2b: Maushold|Maushold-Four, L50|100/100
|-ability|p1a: Scrafty|Intimidate|boost
|-unboost|p2a: Delphox|atk|1
|-unboost|p2b: Maushold|atk|1
|turn|1
|inactive|1OO% Jesus has 30 seconds left.
|
|t:|1783449674
|detailschange|p2a: Delphox|Delphox-Mega, L50, F
|-mega|p2a: Delphox|Delphox|Delphoxite
|move|p2a: Delphox|Protect|p2a: Delphox
|-singleturn|p2a: Delphox|Protect
|move|p2b: Maushold|Protect|p2b: Maushold
|-singleturn|p2b: Maushold|Protect
|move|p1a: Scrafty|Fake Out|p2a: Delphox
|-activate|p2a: Delphox|move: Protect
|move|p1b: Milotic|Muddy Water|p2a: Delphox|[spread] 
|-activate|p2a: Delphox|move: Protect
|-activate|p2b: Maushold|move: Protect
|
|upkeep
|turn|2
|
|t:|1783449696
|switch|p1a: Farigiraf|Farigiraf, L50, M|100/100
|move|p2b: Maushold|Follow Me|p2b: Maushold
|-singleturn|p2b: Maushold|move: Follow Me
|move|p2a: Delphox|Nasty Plot|p2a: Delphox
|-boost|p2a: Delphox|spa|2
|move|p1b: Milotic|Muddy Water|p2a: Delphox|[spread] p2a,p2b
|-supereffective|p2a: Delphox|1
|-damage|p2a: Delphox|45/100
|-damage|p2b: Maushold|60/100
|
|upkeep
|turn|3
|inactive|1OO% Jesus has 30 seconds left.
|inactive|1OO% Jesus has 20 seconds left.
|inactive|1OO% Jesus has 15 seconds left.
|inactive|1OO% Jesus has 10 seconds left.
|
|t:|1783449743
|switch|p2b: Sinistcha|Sinistcha, L50|100/100
|-heal|p2a: Delphox|70/100|[from] ability: Hospitality|[of] p2b: Sinistcha
|move|p2a: Delphox|Protect|p2a: Delphox
|-singleturn|p2a: Delphox|Protect
|move|p1b: Milotic|Muddy Water|p2a: Delphox|[spread] p2b
|-activate|p2a: Delphox|move: Protect
|-resisted|p2b: Sinistcha|1
|-damage|p2b: Sinistcha|81/100
|-unboost|p2b: Sinistcha|accuracy|1
|move|p1a: Farigiraf|Trick Room|p1a: Farigiraf
|-fieldstart|move: Trick Room|[of] p1a: Farigiraf
|
|upkeep
|turn|4
|
|t:|1783449764
|move|p1a: Farigiraf|Hyper Voice|p2a: Delphox|[spread] p2a
|-immune|p2b: Sinistcha
|-damage|p2a: Delphox|44/100
|move|p2b: Sinistcha|Life Dew|p2b: Sinistcha|[spread] p2a,p2b
|-heal|p2a: Delphox|69/100
|-heal|p2b: Sinistcha|100/100
|move|p1b: Milotic|Muddy Water|p2a: Delphox|[spread] p2a,p2b
|-supereffective|p2a: Delphox|1
|-resisted|p2b: Sinistcha|1
|-damage|p2a: Delphox|0 fnt
|-damage|p2b: Sinistcha|79/100
|faint|p2a: Delphox
|
|upkeep
|
|t:|1783449787
|switch|p2a: Maushold|Maushold-Four, L50|60/100
|turn|5
|
|t:|1783449795
|switch|p1a: Scrafty|Scrafty, L50, M|100/100
|-ability|p1a: Scrafty|Intimidate|boost
|-unboost|p2a: Maushold|atk|1
|-unboost|p2b: Sinistcha|atk|1
|move|p2a: Maushold|Helping Hand|p2b: Sinistcha
|-singleturn|p2b: Sinistcha|Helping Hand|[of] p2a: Maushold
|move|p2b: Sinistcha|Matcha Gotcha|p1b: Milotic|[spread] p1a,p1b
|-supereffective|p1b: Milotic|1
|-damage|p1a: Scrafty|68/100
|-heal|p2b: Sinistcha|95/100|[from] drain|[of] p1a: Scrafty
|-damage|p1b: Milotic|40/100
|-heal|p2b: Sinistcha|100/100|[from] drain|[of] p1b: Milotic
|move|p1b: Milotic|Ice Beam|p2b: Sinistcha
|-supereffective|p2b: Sinistcha|1
|-damage|p2b: Sinistcha|54/100
|
|upkeep
|turn|6
|inactive|Treit_3 has 30 seconds left.
|
|t:|1783449822
|detailschange|p1a: Scrafty|Scrafty-Mega, L50, M
|-mega|p1a: Scrafty|Scrafty|Scraftinite
|-ability|p1a: Scrafty|Intimidate|boost
|-unboost|p2a: Maushold|atk|1
|-unboost|p2b: Sinistcha|atk|1
|move|p2a: Maushold|Helping Hand|p2b: Sinistcha
|-singleturn|p2b: Sinistcha|Helping Hand|[of] p2a: Maushold
|move|p2b: Sinistcha|Matcha Gotcha|p1b: Milotic|[spread] p1b
|-miss|p2b: Sinistcha|p1a: Scrafty
|-supereffective|p1b: Milotic|1
|-damage|p1b: Milotic|0 fnt
|-heal|p2b: Sinistcha|77/100|[from] drain|[of] p1b: Milotic
|faint|p1b: Milotic
|move|p1a: Scrafty|Throat Chop|p2b: Sinistcha
|-supereffective|p2b: Sinistcha|1
|-damage|p2b: Sinistcha|28/100
|-start|p2b: Sinistcha|Throat Chop|[silent]
|
|upkeep
|
|t:|1783449835
|switch|p1b: Torterra|Torterra, L50, M|100/100
|turn|7
|
|t:|1783449853
|move|p2a: Maushold|Protect|p2a: Maushold
|-singleturn|p2a: Maushold|Protect
|move|p1b: Torterra|Wide Guard|p1b: Torterra
|-singleturn|p1b: Torterra|Wide Guard
|move|p2b: Sinistcha|Matcha Gotcha|p1b: Torterra|[spread] 
|-activate|p1a: Scrafty|move: Wide Guard
|-activate|p1b: Torterra|move: Wide Guard
|move|p1a: Scrafty|Drain Punch|p2a: Maushold
|-activate|p2a: Maushold|move: Protect
|
|-end|p2b: Sinistcha|Throat Chop|[silent]
|-fieldend|move: Trick Room
|upkeep
|turn|8
|inactive|1OO% Jesus has 30 seconds left.
|
|t:|1783449883
|switch|p2b: Sneasler|Sneasler, L50, F|100/100
|move|p1b: Torterra|Wide Guard|p1b: Torterra
|-singleturn|p1b: Torterra|Wide Guard
|move|p2a: Maushold|Feint|p1b: Torterra
|-activate|p1b: Torterra|move: Feint
|-damage|p1b: Torterra|96/100
|move|p1a: Scrafty|Drain Punch|p2a: Maushold
|-supereffective|p2a: Maushold|1
|-enditem|p2a: Maushold|Chople Berry|[eat]
|-enditem|p2a: Maushold|Chople Berry|[weaken]
|-damage|p2a: Maushold|14/100
|-heal|p1a: Scrafty|91/100|[from] drain|[of] p2a: Maushold
|
|-heal|p1b: Torterra|100/100|[from] item: Leftovers
|upkeep
|turn|9
|
|t:|1783449904
|switch|p1a: Farigiraf|Farigiraf, L50, M|100/100
|move|p2a: Maushold|Helping Hand|p2b: Sneasler
|-singleturn|p2b: Sneasler|Helping Hand|[of] p2a: Maushold
|move|p2b: Sneasler|Close Combat|p1a: Farigiraf
|-damage|p1a: Farigiraf|28/100
|-unboost|p2b: Sneasler|def|1
|-unboost|p2b: Sneasler|spd|1
|-enditem|p1a: Farigiraf|Sitrus Berry|[eat]
|-heal|p1a: Farigiraf|53/100|[from] item: Sitrus Berry
|move|p1b: Torterra|Wood Hammer|p2a: Maushold
|-damage|p2a: Maushold|0 fnt
|faint|p2a: Maushold
|-damage|p1b: Torterra|95/100|[from] Recoil
|
|-heal|p1b: Torterra|100/100|[from] item: Leftovers
|upkeep
|
|t:|1783449920
|switch|p2a: Sinistcha|Sinistcha, L50|28/100
|turn|10
|
|t:|1783449939
|move|p1b: Torterra|Wide Guard|p1b: Torterra
|-singleturn|p1b: Torterra|Wide Guard
|move|p2b: Sneasler|Close Combat|p1a: Farigiraf
|-damage|p1a: Farigiraf|7/100
|-unboost|p2b: Sneasler|def|1
|-unboost|p2b: Sneasler|spd|1
|move|p2a: Sinistcha|Life Dew||[still]|[spread] p2a,p2b
|-heal|p2a: Sinistcha|53/100
|-fail|p2b: Sneasler|heal
|move|p1a: Farigiraf|Trick Room|p1a: Farigiraf
|-fieldstart|move: Trick Room|[of] p1a: Farigiraf
|
|upkeep
|turn|11
|
|t:|1783449962
|move|p1b: Torterra|Wood Hammer|p2a: Sinistcha
|-resisted|p2a: Sinistcha|1
|-crit|p2a: Sinistcha
|-damage|p2a: Sinistcha|16/100
|-damage|p1b: Torterra|89/100|[from] Recoil
|move|p1a: Farigiraf|Thunderbolt|p2a: Sinistcha
|-resisted|p2a: Sinistcha|1
|-damage|p2a: Sinistcha|3/100
|move|p2a: Sinistcha|Matcha Gotcha|p1a: Farigiraf|[spread] p1a,p1b
|-damage|p1a: Farigiraf|0 fnt
|-heal|p2a: Sinistcha|8/100|[from] drain|[of] p1a: Farigiraf
|-damage|p1b: Torterra|66/100
|-heal|p2a: Sinistcha|21/100|[from] drain|[of] p1b: Torterra
|faint|p1a: Farigiraf
|move|p2b: Sneasler|Poison Jab|p1b: Torterra
|-damage|p1b: Torterra|32/100
|-status|p1b: Torterra|psn|[from] ability: Poison Touch|[of] p2b: Sneasler
|
|-heal|p1b: Torterra|38/100 psn|[from] item: Leftovers
|-damage|p1b: Torterra|26/100 psn|[from] psn
|upkeep
|
|t:|1783449970
|switch|p1a: Scrafty|Scrafty-Mega, L50, M|91/100
|-ability|p1a: Scrafty|Intimidate|boost
|-unboost|p2a: Sinistcha|atk|1
|-unboost|p2b: Sneasler|atk|1
|turn|12
|inactive|1OO% Jesus has 30 seconds left.
|inactive|1OO% Jesus has 20 seconds left.
|inactive|1OO% Jesus has 15 seconds left.
|inactive|1OO% Jesus has 10 seconds left.
|inactive|1OO% Jesus has 5 seconds left.
|
|t:|1783450022
|move|p2a: Sinistcha|Protect|p2a: Sinistcha
|-singleturn|p2a: Sinistcha|Protect
|move|p1a: Scrafty|Fake Out|p2b: Sneasler
|-damage|p2b: Sneasler|49/100
|move|p1b: Torterra|Wood Hammer|p2a: Sinistcha
|-activate|p2a: Sinistcha|move: Protect
|cant|p2b: Sneasler|flinch
|
|-heal|p1b: Torterra|32/100 psn|[from] item: Leftovers
|-damage|p1b: Torterra|19/100 psn|[from] psn
|upkeep
|turn|13
|
|t:|1783450039
|move|p1b: Torterra|Wood Hammer|p2a: Sinistcha
|-resisted|p2a: Sinistcha|1
|-damage|p2a: Sinistcha|0 fnt
|faint|p2a: Sinistcha
|-damage|p1b: Torterra|13/100 psn|[from] Recoil
|move|p1a: Scrafty|Throat Chop|p2b: Sneasler
|-resisted|p2b: Sneasler|1
|-damage|p2b: Sneasler|0 fnt
|faint|p2b: Sneasler
|
|win|Treit_3
||1OO% Jesus is ready for game 2.
||Treit_3 is ready for game 2.
|uhtml|next|Next: Game 2 of 3
|l|☆1OO% Jesus
|player|p2|
