|j|☆Oldcoldrainynights
|j|☆mouseilluminati
|html|Oldcoldrainynightsmouseilluminati    
|uhtml|bestof|Game 1 of a best-of-3
|t:|1783989405
|gametype|doubles
|player|p1|Oldcoldrainynights|nate|1056
|player|p2|mouseilluminati|169|1086
|gen|9
|tier|[Gen 9 Champions] VGC 2026 Reg M-B (Bo3)
|rated|
|rule|Species Clause: Limit one of each Pokémon
|rule|Item Clause: Limit 1 of each item
|clearpoke
|poke|p1|Ninetales-Alola, L50, F|
|poke|p1|Archaludon, L50, F|
|poke|p1|Pelipper, L50, M|
|poke|p1|Swampert, L50, F|
|poke|p1|Gholdengo, L50|
|poke|p1|Blaziken, L50, M|
|poke|p2|Pyroar, L50, F|
|poke|p2|Basculegion, L50, M|
|poke|p2|Torkoal, L50, F|
|poke|p2|Whimsicott, L50, F|
|poke|p2|Mawile, L50, M|
|poke|p2|Farigiraf, L50, F|
|teampreview|4
|showteam|p1|Ninetales-Alola||FocusSash|SnowWarning|Blizzard,AuroraVeil,RainDance,Protect|Timid||F|||50|]Archaludon||Leftovers|Stamina|ElectroShot,FlashCannon,DragonPulse,Protect|Modest||F|||50|]Pelipper||SitrusBerry|Drizzle|WeatherBall,Hurricane,Tailwind,WideGuard|Modest||M|||50|]Swampert||Swampertite|Torrent|WaveCrash,HighHorsepower,IcePunch,Protect|Adamant||F|||50|]Gholdengo||LifeOrb|GoodasGold|MakeItRain,ShadowBall,NastyPlot,Protect|Modest|||||50|]Blaziken||Blazikenite|SpeedBoost|CloseCombat,FlareBlitz,RockSlide,Detect|Adamant||M|||50|
|showteam|p2|Pyroar||Pyroarite|Unnerve|HeatWave,Overheat,Protect,SolarBeam|Timid||F|||50|]Basculegion||LifeOrb|Adaptability|AquaJet,WaveCrash,Protect,LastRespects|Adamant||M|||50|]Torkoal||Charcoal|Drought|Eruption,WeatherBall,Protect,HelpingHand|Quiet||F|||50|]Whimsicott||FocusSash|Prankster|Moonblast,SunnyDay,Protect,Tailwind|Timid||F|||50|]Mawile||Mawilite|Intimidate|IronHead,PlayRough,Protect,SuckerPunch|Adamant||M|||50|]Farigiraf||SitrusBerry|ArmorTail|FoulPlay,Psychic,HelpingHand,TrickRoom|Relaxed||F|||50|
|inactive|Battle timer is ON: inactive players will automatically lose when time's up. (requested by Oldcoldrainynights)
|inactive|Oldcoldrainynights has 60 seconds left.
|inactive|Oldcoldrainynights has 30 seconds left.
|inactive|Oldcoldrainynights has 20 seconds left.
|inactive|Oldcoldrainynights has 15 seconds left.
|inactive|Oldcoldrainynights has 10 seconds left.
|inactive|Oldcoldrainynights has 5 seconds left.
|
|t:|1783989491
|teamsize|p1|4
|teamsize|p2|4
|start
|switch|p1a: Swampert|Swampert, L50, F|100/100
|switch|p1b: Gholdengo|Gholdengo, L50|100/100
|switch|p2a: Basculegion|Basculegion, L50, M|100/100
|switch|p2b: Whimsicott|Whimsicott, L50, F|100/100
|turn|1
|
|t:|1783989515
|detailschange|p1a: Swampert|Swampert-Mega, L50, F
|-mega|p1a: Swampert|Swampert|Swampertite
|move|p1b: Gholdengo|Protect|p1b: Gholdengo
|-singleturn|p1b: Gholdengo|Protect
|move|p2b: Whimsicott|Tailwind|p2b: Whimsicott
|-sidestart|p2: mouseilluminati|move: Tailwind
|move|p2a: Basculegion|Wave Crash|p1a: Swampert
|-damage|p1a: Swampert|2/100
|-damage|p2a: Basculegion|71/100|[from] Recoil
|-damage|p2a: Basculegion|61/100|[from] item: Life Orb
|move|p1a: Swampert|High Horsepower|p2a: Basculegion
|-damage|p2a: Basculegion|0 fnt
|faint|p2a: Basculegion
|
|upkeep
|
|t:|1783989528
|switch|p2a: Pyroar|Pyroar, L50, F|100/100
|-ability|p2a: Pyroar|Unnerve
|turn|2
|
|t:|1783989544
|switch|p1a: Pelipper|Pelipper, L50, M|100/100
|-weather|RainDance|[from] ability: Drizzle|[of] p1a: Pelipper
|detailschange|p2a: Pyroar|Pyroar-Mega, L50, F
|-mega|p2a: Pyroar|Pyroar|Pyroarite
|move|p2b: Whimsicott|Sunny Day|p2b: Whimsicott
|-weather|SunnyDay
|move|p2a: Pyroar|Heat Wave|p1b: Gholdengo|[spread] 
|-miss|p2a: Pyroar|p1a: Pelipper
|-miss|p2a: Pyroar|p1b: Gholdengo
|move|p1b: Gholdengo|Make It Rain|p2a: Pyroar|[spread] p2a,p2b
|-resisted|p2a: Pyroar|1
|-supereffective|p2b: Whimsicott|1
|-damage|p2a: Pyroar|61/100
|-enditem|p2b: Whimsicott|Focus Sash
|-damage|p2b: Whimsicott|1/100
|-unboost|p1b: Gholdengo|spa|2
|-damage|p1b: Gholdengo|90/100|[from] item: Life Orb
|
|-weather|SunnyDay|[upkeep]
|upkeep
|turn|3
|inactive|mouseilluminati has 30 seconds left.
|
|t:|1783989575
|move|p2a: Pyroar|Overheat|p1b: Gholdengo
|-supereffective|p1b: Gholdengo|1
|-damage|p1b: Gholdengo|0 fnt
|-unboost|p2a: Pyroar|spa|2
|faint|p1b: Gholdengo
|move|p2b: Whimsicott|Moonblast|p1a: Pelipper
|-damage|p1a: Pelipper|59/100
|move|p1a: Pelipper|Weather Ball|p2b: Whimsicott
|-supereffective|p2b: Whimsicott|1
|-damage|p2b: Whimsicott|0 fnt
|faint|p2b: Whimsicott
|
|-weather|SunnyDay|[upkeep]
|upkeep
|
|t:|1783989589
|switch|p2b: Torkoal|Torkoal, L50, F|100/100
|switch|p1b: Swampert|Swampert-Mega, L50, F|2/100
|turn|4
|inactive|mouseilluminati has 30 seconds left.
|
|t:|1783989622
|switch|p1a: Archaludon|Archaludon, L50, F|100/100
|move|p1b: Swampert|Protect|p1b: Swampert
|-singleturn|p1b: Swampert|Protect
|move|p2a: Pyroar|Solar Beam||[still]
|-prepare|p2a: Pyroar|Solar Beam
|-anim|p2a: Pyroar|Solar Beam|p1b: Swampert
|-activate|p1b: Swampert|move: Protect
|move|p2b: Torkoal|Weather Ball|p1a: Archaludon
|-damage|p1a: Archaludon|29/100
|-ability|p1a: Archaludon|Stamina|boost
|-boost|p1a: Archaludon|def|1
|
|-weather|SunnyDay|[upkeep]
|-heal|p1a: Archaludon|35/100|[from] item: Leftovers
|-sideend|p2: mouseilluminati|move: Tailwind
|upkeep
|turn|5
|inactive|mouseilluminati has 30 seconds left.
|inactive|Oldcoldrainynights has 30 seconds left.
|inactive|mouseilluminati has 20 seconds left.
|inactive|mouseilluminati has 15 seconds left.
|inactive|mouseilluminati has 10 seconds left.
|
|t:|1783989670
|switch|p1a: Pelipper|Pelipper, L50, M|59/100
|-weather|RainDance|[from] ability: Drizzle|[of] p1a: Pelipper
|move|p2a: Pyroar|Protect|p2a: Pyroar
|-singleturn|p2a: Pyroar|Protect
|move|p1b: Swampert|Wave Crash|p2a: Pyroar
|-activate|p2a: Pyroar|move: Protect
|move|p2b: Torkoal|Weather Ball|p1b: Swampert
|-damage|p1b: Swampert|0 fnt
|faint|p1b: Swampert
|
|-weather|RainDance|[upkeep]
|upkeep
|
|t:|1783989682
|switch|p1b: Archaludon|Archaludon, L50, F|35/100
|turn|6
|
|t:|1783989701
|move|p1b: Archaludon|Protect|p1b: Archaludon
|-singleturn|p1b: Archaludon|Protect
|move|p2a: Pyroar|Overheat|p1b: Archaludon
|-activate|p1b: Archaludon|move: Protect
|move|p1a: Pelipper|Weather Ball|p2a: Pyroar
|-supereffective|p2a: Pyroar|1
|-damage|p2a: Pyroar|0 fnt
|faint|p2a: Pyroar
|move|p2b: Torkoal|Weather Ball|p1a: Pelipper
|-resisted|p1a: Pelipper|1
|-damage|p1a: Pelipper|31/100
|-enditem|p1a: Pelipper|Sitrus Berry|[eat]
|-heal|p1a: Pelipper|56/100|[from] item: Sitrus Berry
|
|-weather|RainDance|[upkeep]
|-heal|p1b: Archaludon|41/100|[from] item: Leftovers
|upkeep
|turn|7
|inactive|mouseilluminati has 30 seconds left.
|-message|mouseilluminati forfeited.
|
|win|Oldcoldrainynights
|l|☆mouseilluminati
|player|p2|
||mouseilluminati is ready for game 2.
||Oldcoldrainynights is ready for game 2.
|uhtml|next|Next: Game 2 of 3
|j|☆mouseilluminati
|player|p2|mouseilluminati|169|
|l|☆Oldcoldrainynights
|player|p1|
