|j|☆tamagotchai-01
|j|☆lettitripppp
|html|tamagotchai-01lettitripppp    
|uhtml|bestof|Game 2 of a best-of-3
|t:|1785016075
|gametype|doubles
|player|p1|tamagotchai-01|265|1079
|player|p2|lettitripppp|lucas|1179
|gen|9
|tier|[Gen 9 Champions] VGC 2026 Reg M-B (Bo3)
|rated|
|rule|Species Clause: Limit one of each Pokémon
|rule|Item Clause: Limit 1 of each item
|clearpoke
|poke|p1|Floette-Eternal, L50, F|
|poke|p1|Charizard, L50, M|
|poke|p1|Whimsicott, L50, M|
|poke|p1|Garchomp, L50, M|
|poke|p1|Basculegion, L50, M|
|poke|p1|Kingambit, L50, M|
|poke|p2|Charizard, L50, F, shiny|
|poke|p2|Basculegion, L50, M, shiny|
|poke|p2|Pelipper, L50, F|
|poke|p2|Venusaur, L50, F|
|poke|p2|Archaludon, L50, M|
|poke|p2|Grimmsnarl, L50, M, shiny|
|teampreview|4
|showteam|p1|Floette-Eternal||Floettite|FlowerVeil|Moonblast,DazzlingGleam,LightofRuin,Protect|Modest||F|||50|]Charizard||CharizarditeY|SolarPower|HeatWave,SolarBeam,WeatherBall,Protect|Modest||M|||50|]Whimsicott||FocusSash|Prankster|Moonblast,Tailwind,Encore,Protect|Timid||M|||50|]Garchomp||RoseliBerry|RoughSkin|StompingTantrum,DragonClaw,PoisonJab,RockSlide|Adamant||M|||50|]Basculegion||LifeOrb|Adaptability|WaveCrash,LastRespects,AquaJet,Protect|Adamant||M|||50|]Kingambit||OccaBerry|Defiant|KowtowCleave,LowKick,SuckerPunch,IronHead|Adamant||M|||50|
|showteam|p2|Charizard||CharizarditeY|Blaze|WeatherBall,SolarBeam,HeatWave,Protect|Modest||F|||50|]Basculegion||ChoiceScarf|Adaptability|LastRespects,WaveCrash,FlipTurn,AquaJet|Jolly||M|||50|]Pelipper||SitrusBerry|Drizzle|WeatherBall,WideGuard,Hurricane,Tailwind|Modest||F|||50|]Venusaur||FocusSash|Chlorophyll|SleepPowder,SludgeBomb,EarthPower,Protect|Timid||F|||50|]Archaludon||Leftovers|Stamina|FlashCannon,DragonPulse,ElectroShot,Protect|Calm||M|||50|]Grimmsnarl||LightClay|Prankster|PartingShot,LightScreen,SpiritBreak,Reflect|Relaxed||M|||50|
|inactive|Battle timer is ON: inactive players will automatically lose when time's up. (requested by tamagotchai-01)
|inactive|lettitripppp also wants the timer to be on.
|inactive|lettitripppp has 60 seconds left.
|
|t:|1785016115
|teamsize|p1|4
|teamsize|p2|4
|start
|switch|p1a: Whimsicott|Whimsicott, L50, M|100/100
|switch|p1b: Basculegion|Basculegion, L50, M|100/100
|switch|p2a: SOFT-SLEEP|Venusaur, L50, F|100/100
|switch|p2b: GO JOHAN|Grimmsnarl, L50, M, shiny|100/100
|turn|1
|
|t:|1785016123
|move|p1a: Whimsicott|Protect|p1a: Whimsicott
|-singleturn|p1a: Whimsicott|Protect
|move|p2b: GO JOHAN|Reflect|p2b: GO JOHAN
|-sidestart|p2: lettitripppp|Reflect
|move|p2a: SOFT-SLEEP|Sludge Bomb|p1a: Whimsicott
|-activate|p1a: Whimsicott|move: Protect
|move|p1b: Basculegion|Wave Crash|p2a: SOFT-SLEEP
|-resisted|p2a: SOFT-SLEEP|1
|-damage|p2a: SOFT-SLEEP|51/100
|-damage|p1b: Basculegion|87/100|[from] Recoil
|-damage|p1b: Basculegion|77/100|[from] item: Life Orb
|
|upkeep
|turn|2
|
|t:|1785016138
|move|p1a: Whimsicott|Encore|p2b: GO JOHAN
|-hint|Since gen 7, Dark is immune to Prankster moves.
|-immune|p2b: GO JOHAN
|move|p2a: SOFT-SLEEP|Sludge Bomb|p1a: Whimsicott
|-supereffective|p1a: Whimsicott|2
|-enditem|p1a: Whimsicott|Focus Sash
|-damage|p1a: Whimsicott|1/100
|move|p1b: Basculegion|Wave Crash|p2a: SOFT-SLEEP
|-resisted|p2a: SOFT-SLEEP|1
|-damage|p2a: SOFT-SLEEP|7/100
|-damage|p1b: Basculegion|66/100|[from] Recoil
|-damage|p1b: Basculegion|57/100|[from] item: Life Orb
|move|p2b: GO JOHAN|Spirit Break|p1a: Whimsicott
|-damage|p1a: Whimsicott|0 fnt
|faint|p1a: Whimsicott
|
|upkeep
|
|t:|1785016138
|switch|p1a: Kingambit|Kingambit, L50, M|100/100
|turn|3
|
|t:|1785016152
|move|p1b: Basculegion|Aqua Jet|p2b: GO JOHAN
|-damage|p2b: GO JOHAN|76/100
|-damage|p1b: Basculegion|47/100|[from] item: Life Orb
|move|p1a: Kingambit|Sucker Punch||[still]
|-fail|p1a: Kingambit
|move|p2b: GO JOHAN|Parting Shot|p1b: Basculegion
|-unboost|p1b: Basculegion|atk|1
|-unboost|p1b: Basculegion|spa|1
|
|t:|1785016160
|switch|p2b: AGNI|Charizard, L50, F, shiny|100/100|[from] Parting Shot
|move|p2a: SOFT-SLEEP|Sleep Powder|p1b: Basculegion
|-status|p1b: Basculegion|slp|[from] move: Sleep Powder
|
|upkeep
|turn|4
|
|t:|1785016169
|detailschange|p2b: AGNI|Charizard-Mega-Y, L50, F, shiny
|-mega|p2b: AGNI|Charizard|Charizardite Y
|-weather|SunnyDay|[from] ability: Drought|[of] p2b: AGNI
|cant|p1b: Basculegion|slp
|move|p2a: SOFT-SLEEP|Sleep Powder|p1a: Kingambit
|-status|p1a: Kingambit|slp|[from] move: Sleep Powder
|move|p2b: AGNI|Solar Beam||[still]
|-prepare|p2b: AGNI|Solar Beam
|-anim|p2b: AGNI|Solar Beam|p1b: Basculegion
|-supereffective|p1b: Basculegion|1
|-damage|p1b: Basculegion|0 fnt
|faint|p1b: Basculegion
|cant|p1a: Kingambit|slp
|
|-weather|SunnyDay|[upkeep]
|upkeep
|
|t:|1785016169
|switch|p1b: Garchomp|Garchomp, L50, M|100/100
|turn|5
|
|t:|1785016182
|move|p2a: SOFT-SLEEP|Sleep Powder|p1b: Garchomp
|-status|p1b: Garchomp|slp|[from] move: Sleep Powder
|cant|p1b: Garchomp|slp
|move|p2b: AGNI|Weather Ball|p1a: Kingambit
|-supereffective|p1a: Kingambit|1
|-enditem|p1a: Kingambit|Occa Berry|[eat]
|-enditem|p1a: Kingambit|Occa Berry|[weaken]
|-damage|p1a: Kingambit|17/100 slp
|cant|p1a: Kingambit|slp
|
|-weather|SunnyDay|[upkeep]
|upkeep
|turn|6
|
|t:|1785016193
|-curestatus|p1a: Kingambit|slp|[msg]
|move|p1a: Kingambit|Sucker Punch|p2b: AGNI
|-damage|p2b: AGNI|70/100
|move|p2a: SOFT-SLEEP|Earth Power|p1b: Garchomp
|-damage|p1b: Garchomp|74/100 slp
|cant|p1b: Garchomp|slp
|move|p2b: AGNI|Heat Wave|p1b: Garchomp|[spread] p1a,p1b
|-supereffective|p1a: Kingambit|1
|-resisted|p1b: Garchomp|1
|-damage|p1a: Kingambit|0 fnt
|-damage|p1b: Garchomp|44/100 slp
|faint|p1a: Kingambit
|
|-weather|SunnyDay|[upkeep]
|upkeep
|turn|7
|
|t:|1785016205
|move|p2a: SOFT-SLEEP|Earth Power|p1b: Garchomp
|-damage|p1b: Garchomp|16/100 slp
|-curestatus|p1b: Garchomp|slp|[msg]
|move|p1b: Garchomp|Dragon Claw|p2a: SOFT-SLEEP
|-damage|p2a: SOFT-SLEEP|0 fnt
|faint|p2a: SOFT-SLEEP
|move|p2b: AGNI|Solar Beam||[still]
|-prepare|p2b: AGNI|Solar Beam
|-anim|p2b: AGNI|Solar Beam|p1b: Garchomp
|-damage|p1b: Garchomp|0 fnt
|faint|p1b: Garchomp
|
|win|lettitripppp
|raw|tamagotchai-01's rating: 1079 → 1063(-16 for losing)
|raw|lettitripppp's rating: 1179 → 1197(+18 for winning)
|l|☆tamagotchai-01
|player|p1|
