|j|☆TengoMuchaSed
|j|☆Arhanjunior
|html|TengoMuchaSedArhanjunior    
|uhtml|bestof|Game 1 of a best-of-3
|t:|1782602348
|gametype|doubles
|player|p1|TengoMuchaSed|tate|1088
|player|p2|Arhanjunior|266|1054
|gen|9
|tier|[Gen 9 Champions] VGC 2026 Reg M-B (Bo3)
|rated|
|rule|Species Clause: Limit one of each Pokémon
|rule|Item Clause: Limit 1 of each item
|clearpoke
|poke|p1|Maushold, L50|
|poke|p1|Annihilape, L50, F|
|poke|p1|Archaludon, L50, F|
|poke|p1|Sableye, L50, M|
|poke|p1|Swampert, L50, M|
|poke|p1|Pelipper, L50, F|
|poke|p2|Swampert, L50, M|
|poke|p2|Metagross, L50|
|poke|p2|Pelipper, L50, M|
|poke|p2|Sinistcha, L50|
|poke|p2|Archaludon, L50, F|
|poke|p2|Grimmsnarl, L50, M|
|teampreview|4
|showteam|p1|Maushold||FocusSash|FriendGuard|BeatUp,FollowMe,RainDance,Protect|Jolly|||||50|]Annihilape||SitrusBerry|Defiant|RageFist,DrainPunch,Taunt,BulkUp|Adamant||F|||50|]Archaludon||Leftovers|Stamina|ElectroShot,DragonPulse,FlashCannon,Protect|Modest||F|||50|]Sableye||LightClay|Prankster|Quash,LightScreen,Reflect,RainDance|Bold||M|||50|]Swampert||Swampertite|Damp|WaveCrash,HighHorsepower,FlipTurn,Protect|Adamant||M|||50|]Pelipper||LifeOrb|Drizzle|MuddyWater,Hurricane,Tailwind,Protect|Timid||F|||50|
|showteam|p2|Swampert||Swampertite|Damp|WaveCrash,HighHorsepower,IcePunch,Protect|Adamant||M|||50|]Metagross||Metagrossite|ClearBody|PsychicFangs,IronHead,BulletPunch,Protect|Adamant|||||50|]Pelipper||FocusSash|Drizzle|Hurricane,WeatherBall,Tailwind,WideGuard|Modest||M|||50|]Sinistcha||SitrusBerry|Hospitality|MatchaGotcha,RagePowder,TrickRoom,LifeDew|Bold|||||50|]Archaludon||Leftovers|Stamina|DragonPulse,ElectroShot,AuraSphere,FlashCannon|Modest||F|||50|]Grimmsnarl||LightClay|Prankster|SpiritBreak,Reflect,LightScreen,Protect|Careful||M|||50|
|inactive|Battle timer is ON: inactive players will automatically lose when time's up. (requested by TengoMuchaSed)
|inactive|TengoMuchaSed has 60 seconds left.
|inactive|Arhanjunior has 60 seconds left.
|
|t:|1782602389
|teamsize|p1|4
|teamsize|p2|4
|start
|switch|p1a: Sableye|Sableye, L50, M|100/100
|switch|p1b: Swampert|Swampert, L50, M|100/100
|switch|p2a: Metagross|Metagross, L50|100/100
|switch|p2b: Grimmsnarl|Grimmsnarl, L50, M|100/100
|turn|1
|
|t:|1782602405
|detailschange|p2a: Metagross|Metagross-Mega, L50
|-mega|p2a: Metagross|Metagross|Metagrossite
|detailschange|p1b: Swampert|Swampert-Mega, L50, M
|-mega|p1b: Swampert|Swampert|Swampertite
|move|p2b: Grimmsnarl|Reflect|p2b: Grimmsnarl
|-sidestart|p2: Arhanjunior|Reflect
|move|p1a: Sableye|Rain Dance|p1a: Sableye
|-weather|RainDance
|move|p1b: Swampert|High Horsepower|p2a: Metagross
|-supereffective|p2a: Metagross|1
|-damage|p2a: Metagross|38/100
|move|p2a: Metagross|Psychic Fangs|p1b: Swampert
|-damage|p1b: Swampert|30/100
|
|-weather|RainDance|[upkeep]
|upkeep
|turn|2
|inactive|Arhanjunior has 30 seconds left.
|
|t:|1782602436
|move|p1b: Swampert|Protect|p1b: Swampert
|-singleturn|p1b: Swampert|Protect
|move|p2a: Metagross|Bullet Punch|p1b: Swampert
|-activate|p1b: Swampert|move: Protect
|move|p1a: Sableye|Reflect|p1a: Sableye
|-sidestart|p1: TengoMuchaSed|Reflect
|move|p2b: Grimmsnarl|Spirit Break|p1a: Sableye
|-supereffective|p1a: Sableye|1
|-damage|p1a: Sableye|61/100
|-unboost|p1a: Sableye|spa|1
|
|-weather|RainDance|[upkeep]
|upkeep
|turn|3
|
|t:|1782602451
|move|p2a: Metagross|Bullet Punch|p1b: Swampert
|-resisted|p1b: Swampert|1
|-damage|p1b: Swampert|20/100y
|move|p1a: Sableye|Light Screen|p1a: Sableye
|-sidestart|p1: TengoMuchaSed|move: Light Screen
|move|p1b: Swampert|High Horsepower|p2a: Metagross
|-supereffective|p2a: Metagross|1
|-damage|p2a: Metagross|0 fnt
|faint|p2a: Metagross
|move|p2b: Grimmsnarl|Spirit Break|p1b: Swampert
|-damage|p1b: Swampert|2/100
|-unboost|p1b: Swampert|spa|1
|
|-weather|RainDance|[upkeep]
|upkeep
|
|t:|1782602464
|switch|p2a: Archaludon|Archaludon, L50, F|100/100
|turn|4
|inactive|TengoMuchaSed has 30 seconds left.
|inactive|TengoMuchaSed has 20 seconds left.
|
|t:|1782602503
|switch|p1a: Maushold|Maushold, L50|100/100
|move|p1b: Swampert|High Horsepower|p2a: Archaludon
|-supereffective|p2a: Archaludon|1
|-damage|p2a: Archaludon|40/100
|-ability|p2a: Archaludon|Stamina|boost
|-boost|p2a: Archaludon|def|1
|move|p2a: Archaludon|Dragon Pulse|p1b: Swampert
|-damage|p1b: Swampert|0 fnt
|faint|p1b: Swampert
|move|p2b: Grimmsnarl|Spirit Break|p1a: Maushold
|-crit|p1a: Maushold
|-damage|p1a: Maushold|38/100
|-unboost|p1a: Maushold|spa|1
|
|-weather|RainDance|[upkeep]
|-heal|p2a: Archaludon|46/100|[from] item: Leftovers
|upkeep
|
|t:|1782602515
|switch|p1b: Annihilape|Annihilape, L50, F|100/100
|turn|5
|inactive|Arhanjunior has 30 seconds left.
|inactive|Arhanjunior has 20 seconds left.
|inactive|Arhanjunior has 15 seconds left.
|
|t:|1782602555
|move|p1a: Maushold|Beat Up|p1b: Annihilape
|-damage|p1b: Annihilape|98/100
|-damage|p1b: Annihilape|97/100
|-damage|p1b: Annihilape|95/100
|-hitcount|p1b: Annihilape|3
|move|p1b: Annihilape|Bulk Up|p1b: Annihilape
|-boost|p1b: Annihilape|atk|1
|-boost|p1b: Annihilape|def|1
|move|p2a: Archaludon|Electro Shot||[still]
|-prepare|p2a: Archaludon|Electro Shot
|-boost|p2a: Archaludon|spa|1
|-anim|p2a: Archaludon|Electro Shot|p1b: Annihilape
|-damage|p1b: Annihilape|70/100
|move|p2b: Grimmsnarl|Spirit Break|p1b: Annihilape
|-supereffective|p1b: Annihilape|1
|-damage|p1b: Annihilape|51/100
|-unboost|p1b: Annihilape|spa|1
|-ability|p1b: Annihilape|Defiant|boost
|-boost|p1b: Annihilape|atk|2
|
|-weather|none
|-heal|p2a: Archaludon|52/100|[from] item: Leftovers
|upkeep
|turn|6
|inactive|Arhanjunior has 30 seconds left.
|inactive|TengoMuchaSed has 30 seconds left.
|inactive|Arhanjunior has 20 seconds left.
|
|t:|1782602593
|move|p1a: Maushold|Follow Me|p1a: Maushold
|-singleturn|p1a: Maushold|move: Follow Me
|move|p1b: Annihilape|Drain Punch|p2a: Archaludon
|-supereffective|p2a: Archaludon|1
|-damage|p2a: Archaludon|0 fnt
|-heal|p1b: Annihilape|75/100|[from] drain|[of] p2a: Archaludon
|faint|p2a: Archaludon
|move|p2b: Grimmsnarl|Spirit Break|p1a: Maushold
|-damage|p1a: Maushold|11/100
|-unboost|p1a: Maushold|spa|1
|
|upkeep
|
|t:|1782602598
|switch|p2a: Pelipper|Pelipper, L50, M|100/100
|-weather|RainDance|[from] ability: Drizzle|[of] p2a: Pelipper
|turn|7
|
|t:|1782602613
|move|p1a: Maushold|Beat Up|p2a: Pelipper
|-damage|p2a: Pelipper|97/100
|-damage|p2a: Pelipper|94/100
|-damage|p2a: Pelipper|92/100
|-hitcount|p2a: Pelipper|3
|move|p2a: Pelipper|Tailwind|p2a: Pelipper
|-sidestart|p2: Arhanjunior|move: Tailwind
|move|p2b: Grimmsnarl|Spirit Break|p1a: Maushold
|-damage|p1a: Maushold|0 fnt
|faint|p1a: Maushold
|move|p1b: Annihilape|Rage Fist|p2a: Pelipper
|-damage|p2a: Pelipper|0 fnt
|faint|p2a: Pelipper
|
|-weather|RainDance|[upkeep]
|upkeep
|
|t:|1782602622
|switch|p1a: Sableye|Sableye, L50, M|61/100
|turn|8
|
|t:|1782602633
|move|p1a: Sableye|Quash|p2b: Grimmsnarl
|-hint|Since gen 7, Dark is immune to Prankster moves.
|-immune|p2b: Grimmsnarl
|move|p2b: Grimmsnarl|Spirit Break|p1a: Sableye
|-supereffective|p1a: Sableye|1
|-damage|p1a: Sableye|20/100y
|-unboost|p1a: Sableye|spa|1
|move|p1b: Annihilape|Rage Fist|p2b: Grimmsnarl
|-resisted|p2b: Grimmsnarl|1
|-damage|p2b: Grimmsnarl|0 fnt
|faint|p2b: Grimmsnarl
|
|win|TengoMuchaSed
||Arhanjunior is ready for game 2.
|inactive|TengoMuchaSed has 30 seconds to confirm battle start!
||TengoMuchaSed is ready for game 2.
|uhtml|next|Next: Game 2 of 3
