|j|☆BaimeJoytWeeGeeCee
|j|☆skipply
|html|BaimeJoytWeeGeeCeeskipply    
|uhtml|bestof|Game 1 of a best-of-3
|t:|1756692307
|gametype|doubles
|player|p1|BaimeJoytWeeGeeCee|dawn|1066
|player|p2|skipply|266|1124
|gen|9
|tier|[Gen 9] VGC 2025 Reg H (Bo3)
|rated|
|rule|Species Clause: Limit one of each Pokémon
|rule|Item Clause: Limit 1 of each item
|clearpoke
|poke|p1|Maushold-Four, L50|
|poke|p1|Annihilape, L50, M|
|poke|p1|Pelipper, L50, F|
|poke|p1|Archaludon, L50, M|
|poke|p1|Basculegion, L50, M|
|poke|p1|Kingambit, L50, F|
|poke|p2|Typhlosion-Hisui, L50, F|
|poke|p2|Arcanine-Hisui, L50, F|
|poke|p2|Incineroar, L50, F|
|poke|p2|Volcarona, L50, M|
|poke|p2|Torkoal, L50, M|
|poke|p2|Talonflame, L50, M|
|teampreview|4
|showteam|p1|Maushold-Four||SafetyGoggles|FriendGuard|FollowMe,Protect,Taunt,BeatUp||||||50|,,,,,Ghost]Annihilape||Leftovers|Defiant|RageFist,DrainPunch,BulkUp,Protect|||M|||50|,,,,,Fire]Pelipper||FocusSash|Drizzle|Hurricane,WeatherBall,Tailwind,Protect|||F|||50|,,,,,Ghost]Archaludon||AssaultVest|Stamina|DracoMeteor,ElectroShot,BodyPress,FlashCannon|||M|||50|,,,,,Grass]Basculegion||ChoiceBand|SwiftSwim|LastRespects,WaveCrash,AquaJet,FlipTurn|||M|||50|,,,,,Grass]Kingambit||BlackGlasses|Defiant|KowtowCleave,SuckerPunch,IronHead,Protect|||F|||50|,,,,,Dark
|showteam|p2|Typhlosion-Hisui||ChoiceSpecs|Blaze|Eruption,HeatWave,Overheat,SleepTalk|||F|||50|,,,,,Fire]Arcanine-Hisui||ChoiceBand|RockHead|FlareBlitz,RockSlide,HeadSmash,ExtremeSpeed|||F|||50|,,,,,Water]Incineroar||SafetyGoggles|Intimidate|KnockOff,FakeOut,PartingShot,Protect|||F|||50|,,,,,Ghost]Volcarona||Leftovers|FlameBody|HeatWave,TeraBlast,QuiverDance,Protect|||M|||50|,,,,,Fairy]Torkoal||EjectPack|Drought|Eruption,HelpingHand,Overheat,Protect|||M|||50|,,,,,Fire]Talonflame||CovertCloak|GaleWings|BraveBird,Tailwind,FlareBlitz,Protect|||M|||50|,,,,,Ghost
|inactive|Battle timer is ON: inactive players will automatically lose when time's up. (requested by BaimeJoytWeeGeeCee)
|c|☆skipply|The auto loss team for me rofl
|inactive|skipply has 60 seconds left.
|
|t:|1756692355
|teamsize|p1|4
|teamsize|p2|4
|start
|switch|p1a: Basculegion|Basculegion, L50, M|100/100
|switch|p1b: Maushold|Maushold-Four, L50|100/100
|switch|p2a: Arcanine|Arcanine-Hisui, L50, F|100/100
|switch|p2b: Talonflame|Talonflame, L50, M|100/100
|turn|1
|inactive|skipply has 30 seconds left.
|inactive|skipply has 20 seconds left.
|inactive|skipply has 15 seconds left.
|inactive|skipply has 10 seconds left.
|
|t:|1756692403
|switch|p2a: Torkoal|Torkoal, L50, M|100/100
|-weather|SunnyDay|[from] ability: Drought|[of] p2a: Torkoal
|move|p1b: Maushold|Follow Me|p1b: Maushold
|-singleturn|p1b: Maushold|move: Follow Me
|move|p2b: Talonflame|Brave Bird|p1b: Maushold
|-damage|p1b: Maushold|38/100
|-damage|p2b: Talonflame|79/100|[from] Recoil
|move|p1a: Basculegion|Wave Crash|p2a: Torkoal
|-supereffective|p2a: Torkoal
|-damage|p2a: Torkoal|32/100
|-damage|p1a: Basculegion|80/100|[from] Recoil
|
|-weather|SunnyDay|[upkeep]
|upkeep
|turn|2
|inactive|skipply has 30 seconds left.
|inactive|BaimeJoytWeeGeeCee has 30 seconds left.
|inactive|skipply has 20 seconds left.
|
|t:|1756692442
|move|p1b: Maushold|Protect|p1b: Maushold
|-singleturn|p1b: Maushold|Protect
|move|p2a: Torkoal|Protect|p2a: Torkoal
|-singleturn|p2a: Torkoal|Protect
|move|p2b: Talonflame|Tailwind|p2b: Talonflame
|-sidestart|p2: skipply|move: Tailwind
|move|p1a: Basculegion|Wave Crash|p2a: Torkoal
|-activate|p2a: Torkoal|move: Protect
|
|-weather|SunnyDay|[upkeep]
|upkeep
|turn|3
|
|t:|1756692463
|switch|p2a: Arcanine|Arcanine-Hisui, L50, F|100/100
|move|p2b: Talonflame|Protect|p2b: Talonflame
|-singleturn|p2b: Talonflame|Protect
|move|p1b: Maushold|Follow Me|p1b: Maushold
|-singleturn|p1b: Maushold|move: Follow Me
|move|p1a: Basculegion|Wave Crash|p2a: Arcanine
|-supereffective|p2a: Arcanine
|-damage|p2a: Arcanine|0 fnt
|faint|p2a: Arcanine
|-damage|p1a: Basculegion|48/100|[from] Recoil
|
|-weather|SunnyDay|[upkeep]
|upkeep
|
|t:|1756692477
|switch|p2a: Typhlosion|Typhlosion-Hisui, L50, F|100/100
|turn|4
|inactive|BaimeJoytWeeGeeCee has 30 seconds left.
|
|t:|1756692507
|switch|p1a: Pelipper|Pelipper, L50, F|100/100
|-weather|RainDance|[from] ability: Drizzle|[of] p1a: Pelipper
|-terastallize|p2a: Typhlosion|Fire
|move|p1b: Maushold|Protect|p1b: Maushold
|-singleturn|p1b: Maushold|Protect
|move|p2a: Typhlosion|Eruption|p1b: Maushold|[spread] p1a
|-activate|p1b: Maushold|move: Protect
|-resisted|p1a: Pelipper
|-damage|p1a: Pelipper|59/100
|move|p2b: Talonflame|Brave Bird|p1a: Pelipper
|-damage|p1a: Pelipper|9/100
|-damage|p2b: Talonflame|66/100|[from] Recoil
|
|-weather|RainDance|[upkeep]
|upkeep
|turn|5
|
|t:|1756692519
|switch|p2b: Torkoal|Torkoal, L50, M|32/100
|-weather|SunnyDay|[from] ability: Drought|[of] p2b: Torkoal
|move|p1a: Pelipper|Protect|p1a: Pelipper
|-singleturn|p1a: Pelipper|Protect
|move|p2a: Typhlosion|Eruption|p1b: Maushold|[spread] p1b
|-activate|p1a: Pelipper|move: Protect
|-damage|p1b: Maushold|0 fnt
|faint|p1b: Maushold
|
|-weather|SunnyDay|[upkeep]
|-sideend|p2: skipply|move: Tailwind
|upkeep
|
|t:|1756692526
|switch|p1b: Kingambit|Kingambit, L50, F|100/100
|turn|6
|
|t:|1756692548
|switch|p2a: Talonflame|Talonflame, L50, M|66/100
|switch|p1a: Basculegion|Basculegion, L50, M|48/100
|-terastallize|p1b: Kingambit|Dark
|move|p1b: Kingambit|Sucker Punch||[still]
|-fail|p1b: Kingambit
|move|p2b: Torkoal|Overheat|p1b: Kingambit
|-damage|p1b: Kingambit|16/100
|-unboost|p2b: Torkoal|spa|2
|-enditem|p2b: Torkoal|Eject Pack
|
|t:|1756692560
|switch|p2b: Typhlosion|Typhlosion-Hisui, L50, F, tera:Fire|100/100
|
|-weather|SunnyDay|[upkeep]
|upkeep
|turn|7
|
|t:|1756692579
|switch|p2b: Torkoal|Torkoal, L50, M|32/100
|move|p1a: Basculegion|Aqua Jet|p2b: Torkoal
|-supereffective|p2b: Torkoal
|-damage|p2b: Torkoal|11/100
|move|p1b: Kingambit|Sucker Punch||[still]
|-fail|p1b: Kingambit
|move|p2a: Talonflame|Brave Bird|p1b: Kingambit
|-damage|p1b: Kingambit|0 fnt
|faint|p1b: Kingambit
|-damage|p2a: Talonflame|60/100|[from] Recoil
|
|-weather|SunnyDay|[upkeep]
|upkeep
|
|t:|1756692584
|switch|p1b: Pelipper|Pelipper, L50, F|9/100
|-weather|RainDance|[from] ability: Drizzle|[of] p1b: Pelipper
|turn|8
|inactive|skipply has 30 seconds left.
|
|t:|1756692610
|switch|p2b: Typhlosion|Typhlosion-Hisui, L50, F, tera:Fire|100/100
|move|p2a: Talonflame|Protect|p2a: Talonflame
|-singleturn|p2a: Talonflame|Protect
|move|p1a: Basculegion|Aqua Jet|p2a: Talonflame
|-activate|p2a: Talonflame|move: Protect
|move|p1b: Pelipper|Weather Ball|p2b: Typhlosion
|-supereffective|p2b: Typhlosion
|-damage|p2b: Typhlosion|0 fnt
|faint|p2b: Typhlosion
|
|-weather|RainDance|[upkeep]
|upkeep
|
|t:|1756692617
|switch|p2b: Torkoal|Torkoal, L50, M|11/100
|-weather|SunnyDay|[from] ability: Drought|[of] p2b: Torkoal
|turn|9
|
|t:|1756692627
|move|p1a: Basculegion|Aqua Jet|p2b: Torkoal
|-supereffective|p2b: Torkoal
|-damage|p2b: Torkoal|0 fnt
|faint|p2b: Torkoal
|move|p2a: Talonflame|Brave Bird|p1a: Basculegion
|-damage|p1a: Basculegion|0 fnt
|faint|p1a: Basculegion
|-damage|p2a: Talonflame|43/100|[from] Recoil
|move|p1b: Pelipper|Hurricane|p2a: Talonflame
|-crit|p2a: Talonflame
|-damage|p2a: Talonflame|0 fnt
|faint|p2a: Talonflame
|
|win|BaimeJoytWeeGeeCee
|inactive|BaimeJoytWeeGeeCee has 30 seconds to confirm battle start!
|inactive|skipply has 30 seconds to confirm battle start!
||BaimeJoytWeeGeeCee is ready for game 2.
||skipply is ready for game 2.
|uhtml|next|Next: Game 2 of 3
