|j|☆Urkin' Pincurchin
|j|☆Farigi no Raf
|html|Urkin' PincurchinFarigi no Raf    
|uhtml|bestof|Game 2 of a best-of-3
|t:|1757036934
|gametype|doubles
|player|p1|Urkin' Pincurchin|fisherman-gen4|1425
|player|p2|Farigi no Raf|vince|1405
|gen|9
|tier|[Gen 9] VGC 2025 Reg H (Bo3)
|rated|
|rule|Species Clause: Limit one of each Pokémon
|rule|Item Clause: Limit 1 of each item
|clearpoke
|poke|p1|Ninetales-Alola, L50, F|
|poke|p1|Dragonite, L50, M|
|poke|p1|Volcarona, L50, F|
|poke|p1|Incineroar, L50, M|
|poke|p1|Rillaboom, L50, M|
|poke|p1|Basculegion, L50, M|
|poke|p2|Dragonite, L50, F|
|poke|p2|Gholdengo, L50|
|poke|p2|Sneasler, L50, F|
|poke|p2|Rillaboom, L50, M|
|poke|p2|Ursaluna-Bloodmoon, L50, M|
|poke|p2|Magmar, L50, F|
|teampreview|4
|showteam|p1|Ninetales-Alola||FocusSash|SnowWarning|Blizzard,IcyWind,AuroraVeil,Encore|||F|||50|,,,,,Ghost]Dragonite||LoadedDice|Multiscale|ScaleShot,Tailwind,Protect,Haze|||M|||50|,,,,,Fairy]Volcarona||Leftovers|FlameBody|HeatWave,TeraBlast,QuiverDance,Protect|||F|||50|,,,,,Fairy]Incineroar||SafetyGoggles|Intimidate|FlareBlitz,KnockOff,FakeOut,PartingShot|||M|||50|,,,,,Ghost]Rillaboom||AssaultVest|GrassySurge|WoodHammer,GrassyGlide,HighHorsepower,FakeOut|||M|||50|,,,,,Ghost]Basculegion||ChoiceScarf|SwiftSwim|WaveCrash,LastRespects,FlipTurn,AquaJet|||M|||50|,,,,,Water
|showteam|p2|Dragonite||LoadedDice|Multiscale|ScaleShot,Tailwind,ExtremeSpeed,Protect|||F|||50|,,,,,Fairy]Gholdengo||LifeOrb|GoodasGold|MakeItRain,ShadowBall,NastyPlot,Protect||||||50|,,,,,Water]Sneasler||FocusSash|PoisonTouch|CloseCombat,DireClaw,Coaching,FakeOut|||F|||50|,,,,,Ghost]Rillaboom||AssaultVest|GrassySurge|WoodHammer,FakeOut,GrassyGlide,HighHorsepower|||M|||50|,,,,,Fire]Ursaluna-Bloodmoon||SilkScarf|MindsEye|HyperVoice,EarthPower,BloodMoon,Protect|||M|||50|,,,,,Water]Magmar||Eviolite|VitalSpirit|FollowMe,BurningJealousy,ClearSmog,Protect|||F|||50|,,,,,Dragon
|inactive|Battle timer is ON: inactive players will automatically lose when time's up. (requested by Urkin' Pincurchin)
|
|t:|1757036946
|teamsize|p1|4
|teamsize|p2|4
|start
|switch|p1a: Ninetales|Ninetales-Alola, L50, F|100/100
|switch|p1b: Volcarona|Volcarona, L50, F|100/100
|switch|p2a: Magmar|Magmar, L50, F|100/100
|switch|p2b: Ursaluna|Ursaluna-Bloodmoon, L50, M|100/100
|-weather|Snowscape|[from] ability: Snow Warning|[of] p1a: Ninetales
|turn|1
|
|t:|1757036961
|-terastallize|p2b: Ursaluna|Water
|move|p1a: Ninetales|Aurora Veil|p1a: Ninetales
|-sidestart|p1: Urkin' Pincurchin|move: Aurora Veil
|move|p1b: Volcarona|Quiver Dance|p1b: Volcarona
|-boost|p1b: Volcarona|spa|1
|-boost|p1b: Volcarona|spd|1
|-boost|p1b: Volcarona|spe|1
|move|p2a: Magmar|Burning Jealousy|p1a: Ninetales|[spread] p1a,p1b
|-supereffective|p1a: Ninetales
|-damage|p1a: Ninetales|73/100
|-damage|p1b: Volcarona|93/100
|move|p2b: Ursaluna|Blood Moon|p1a: Ninetales
|-damage|p1a: Ninetales|0 fnt
|faint|p1a: Ninetales
|
|-weather|Snowscape|[upkeep]
|-heal|p1b: Volcarona|99/100|[from] item: Leftovers
|upkeep
|
|t:|1757036966
|switch|p1a: Basculegion|Basculegion, L50, M|100/100
|turn|2
|
|t:|1757036978
|move|p2a: Magmar|Protect|p2a: Magmar
|-singleturn|p2a: Magmar|Protect
|move|p1a: Basculegion|Wave Crash|p2a: Magmar
|-activate|p2a: Magmar|move: Protect
|move|p1b: Volcarona|Heat Wave|p2a: Magmar|[spread] 
|-activate|p2a: Magmar|move: Protect
|-miss|p1b: Volcarona|p2b: Ursaluna
|move|p2b: Ursaluna|Hyper Voice|p1b: Volcarona|[spread] p1a,p1b
|-damage|p1a: Basculegion|66/100
|-damage|p1b: Volcarona|83/100
|
|-weather|Snowscape|[upkeep]
|-heal|p1b: Volcarona|89/100|[from] item: Leftovers
|upkeep
|turn|3
|
|t:|1757036990
|switch|p2a: Dragonite|Dragonite, L50, F|100/100
|move|p1a: Basculegion|Wave Crash|p2a: Dragonite
|-resisted|p2a: Dragonite
|-damage|p2a: Dragonite|86/100
|-damage|p1a: Basculegion|62/100|[from] Recoil
|move|p1b: Volcarona|Heat Wave|p2b: Ursaluna|[spread] 
|-miss|p1b: Volcarona|p2a: Dragonite
|-miss|p1b: Volcarona|p2b: Ursaluna
|move|p2b: Ursaluna|Blood Moon|p1a: Basculegion
|-damage|p1a: Basculegion|0 fnt
|faint|p1a: Basculegion
|
|-weather|Snowscape|[upkeep]
|-heal|p1b: Volcarona|95/100|[from] item: Leftovers
|upkeep
|
|t:|1757036994
|switch|p1a: Incineroar|Incineroar, L50, M|100/100
|-ability|p1a: Incineroar|Intimidate|boost
|-unboost|p2a: Dragonite|atk|1
|-unboost|p2b: Ursaluna|atk|1
|turn|4
|
|t:|1757037001
|-terastallize|p1b: Volcarona|Fairy
|move|p1b: Volcarona|Tera Blast|p2a: Dragonite|[anim] Tera Blast Fairy
|-supereffective|p2a: Dragonite
|-damage|p2a: Dragonite|0 fnt
|faint|p2a: Dragonite
|move|p1a: Incineroar|Knock Off|p2b: Ursaluna
|-damage|p2b: Ursaluna|73/100
|-enditem|p2b: Ursaluna|Silk Scarf|[from] move: Knock Off|[of] p1a: Incineroar
|move|p2b: Ursaluna|Earth Power|p1a: Incineroar
|-supereffective|p1a: Incineroar
|-damage|p1a: Incineroar|39/100
|
|-weather|Snowscape|[upkeep]
|-heal|p1b: Volcarona|100/100|[from] item: Leftovers
|upkeep
|
|t:|1757037009
|switch|p2a: Magmar|Magmar, L50, F|100/100
|turn|5
|
|t:|1757037014
|move|p1b: Volcarona|Tera Blast|p2b: Ursaluna|[anim] Tera Blast Fairy
|-damage|p2b: Ursaluna|7/100
|move|p2a: Magmar|Clear Smog|p1b: Volcarona
|-supereffective|p1b: Volcarona
|-crit|p1b: Volcarona
|-damage|p1b: Volcarona|67/100
|-clearboost|p1b: Volcarona
|move|p1a: Incineroar|Knock Off|p2a: Magmar
|-damage|p2a: Magmar|74/100
|-enditem|p2a: Magmar|Eviolite|[from] move: Knock Off|[of] p1a: Incineroar
|move|p2b: Ursaluna|Earth Power|p1a: Incineroar
|-supereffective|p1a: Incineroar
|-damage|p1a: Incineroar|0 fnt
|faint|p1a: Incineroar
|
|-weather|none
|-heal|p1b: Volcarona|73/100|[from] item: Leftovers
|-sideend|p1: Urkin' Pincurchin|move: Aurora Veil
|upkeep
|turn|6
|
|t:|1757037035
|move|p1b: Volcarona|Heat Wave|p2a: Magmar|[spread] p2a
|-miss|p1b: Volcarona|p2b: Ursaluna
|-resisted|p2a: Magmar
|-damage|p2a: Magmar|52/100
|move|p2a: Magmar|Burning Jealousy|p1b: Volcarona
|-damage|p1b: Volcarona|51/100
|move|p2b: Ursaluna|Blood Moon|p1b: Volcarona
|-damage|p1b: Volcarona|0 fnt
|faint|p1b: Volcarona
|
|win|Farigi no Raf
||Urkin' Pincurchin is ready for game 3.
