|j|☆gene takavic
|j|☆Maybe ALTcom
|html|gene takavicMaybe ALTcom    
|uhtml|bestof|Game 1 of a best-of-3
|t:|1756511093
|gametype|doubles
|player|p1|gene takavic|pryce|1191
|player|p2|Maybe ALTcom|2|1225
|gen|9
|tier|[Gen 9] VGC 2025 Reg H (Bo3)
|rated|
|rule|Species Clause: Limit one of each Pokémon
|rule|Item Clause: Limit 1 of each item
|clearpoke
|poke|p1|Charizard, L50, M|
|poke|p1|Torkoal, L50, F|
|poke|p1|Porygon2, L50|
|poke|p1|Incineroar, L50, F|
|poke|p1|Jumpluff, L50, M|
|poke|p1|Ursaluna, L50, F|
|poke|p2|Magmar, L50, F|
|poke|p2|Rillaboom, L50, M|
|poke|p2|Ninetales-Alola, L50, M|
|poke|p2|Kommo-o, L50, M|
|poke|p2|Kingambit, L50, F|
|poke|p2|Basculegion, L50, M|
|teampreview|4
|showteam|p1|Charizard||ChoiceSpecs|SolarPower|HeatWave,Overheat,WeatherBall,AirSlash|||M|||50|,,,,,Ghost]Torkoal||EjectPack|Drought|Eruption,Overheat,HelpingHand,Protect|||F|||50|,,,,,Fire]Porygon2||Eviolite|Download|TeraBlast,IceBeam,Recover,TrickRoom||||||50|,,,,,Fighting]Incineroar||SitrusBerry|Intimidate|FlareBlitz,KnockOff,FakeOut,PartingShot|||F|||50|,,,,,Ghost]Jumpluff||CovertCloak|Chlorophyll|SleepPowder,SunnyDay,RagePowder,Tailwind|||M|||50|,,,,,Water]Ursaluna||FlameOrb|Guts|HeadlongRush,Facade,Earthquake,Protect|||F|||50|,,,,,Ghost
|showteam|p2|Magmar||Eviolite|VitalSpirit|FollowMe,ClearSmog,Protect,Flamethrower|||F|||50|,,,,,Ghost]Rillaboom||AssaultVest|GrassySurge|WoodHammer,GrassyGlide,FakeOut,HighHorsepower|||M|||50|,,,,,Fire]Ninetales-Alola||FocusSash|SnowWarning|IcyWind,Blizzard,Encore,Protect|||M|||50|,,,,,Ghost]Kommo-o||ThroatSpray|Soundproof|ClangingScales,ClangorousSoul,Flamethrower,Protect|||M|||50|,,,,,Fire]Kingambit||BlackGlasses|Defiant|KowtowCleave,SuckerPunch,SwordsDance,Protect|||F|||50|,,,,,Dark]Basculegion||ChoiceScarf|Adaptability|WaveCrash,LastRespects,FlipTurn,TeraBlast|||M|||50|,,,,,Fighting
|inactive|Battle timer is ON: inactive players will automatically lose when time's up. (requested by gene takavic)
|inactive|Maybe ALTcom has 60 seconds left.
|inactive|Maybe ALTcom has 30 seconds left.
|
|t:|1756511159
|teamsize|p1|4
|teamsize|p2|4
|start
|switch|p1a: Torkoal|Torkoal, L50, F|100/100
|switch|p1b: Porygon2|Porygon2, L50|100/100
|switch|p2a: Magmar|Magmar, L50, F|100/100
|switch|p2b: Basculegion|Basculegion, L50, M|100/100
|-ability|p1b: Porygon2|Download|boost
|-boost|p1b: Porygon2|atk|1
|-weather|SunnyDay|[from] ability: Drought|[of] p1a: Torkoal
|turn|1
|inactive|Maybe ALTcom has 30 seconds left.
|
|t:|1756511188
|-terastallize|p2b: Basculegion|Fighting
|move|p2b: Basculegion|Tera Blast|p1b: Porygon2|[anim] Tera Blast Fighting
|-supereffective|p1b: Porygon2
|-damage|p1b: Porygon2|36/100
|move|p2a: Magmar|Flamethrower|p1b: Porygon2
|-damage|p1b: Porygon2|8/100
|-status|p1b: Porygon2|brn
|move|p1a: Torkoal|Eruption|p2b: Basculegion|[spread] p2a,p2b
|-resisted|p2a: Magmar
|-damage|p2a: Magmar|74/100
|-damage|p2b: Basculegion|15/100
|move|p1b: Porygon2|Trick Room|p1b: Porygon2
|-fieldstart|move: Trick Room|[of] p1b: Porygon2
|
|-weather|SunnyDay|[upkeep]
|-damage|p1b: Porygon2|2/100 brn|[from] brn
|upkeep
|turn|2
|inactive|Maybe ALTcom has 30 seconds left.
|inactive|Maybe ALTcom has 20 seconds left.
|
|t:|1756511227
|move|p1a: Torkoal|Eruption|p2b: Basculegion|[spread] p2a,p2b
|-resisted|p2a: Magmar
|-crit|p2b: Basculegion
|-damage|p2a: Magmar|48/100
|-damage|p2b: Basculegion|0 fnt
|faint|p2b: Basculegion
|move|p1b: Porygon2|Recover|p1b: Porygon2
|-heal|p1b: Porygon2|52/100 brn
|move|p2a: Magmar|Flamethrower|p1a: Torkoal
|-resisted|p1a: Torkoal
|-damage|p1a: Torkoal|70/100
|
|-weather|SunnyDay|[upkeep]
|-damage|p1b: Porygon2|45/100 brn|[from] brn
|upkeep
|
|t:|1756511233
|switch|p2b: Rillaboom|Rillaboom, L50, M|100/100
|-fieldstart|move: Grassy Terrain|[from] ability: Grassy Surge|[of] p2b: Rillaboom
|turn|3
|
|t:|1756511244
|move|p2b: Rillaboom|Fake Out|p1a: Torkoal
|-damage|p1a: Torkoal|59/100
|cant|p1a: Torkoal|flinch
|move|p1b: Porygon2|Ice Beam|p2b: Rillaboom
|-supereffective|p2b: Rillaboom
|-damage|p2b: Rillaboom|57/100
|move|p2a: Magmar|Flamethrower|p1b: Porygon2
|-damage|p1b: Porygon2|17/100 brn
|
|-weather|SunnyDay|[upkeep]
|-heal|p1a: Torkoal|65/100|[from] Grassy Terrain
|-heal|p1b: Porygon2|23/100 brn|[from] Grassy Terrain
|-heal|p2b: Rillaboom|63/100|[from] Grassy Terrain
|-heal|p2a: Magmar|54/100|[from] Grassy Terrain
|-damage|p1b: Porygon2|17/100 brn|[from] brn
|upkeep
|turn|4
|
|t:|1756511258
|switch|p2a: Ninetales|Ninetales-Alola, L50, M|100/100
|-weather|Snowscape|[from] ability: Snow Warning|[of] p2a: Ninetales
|move|p2b: Rillaboom|Grassy Glide|p1b: Porygon2
|-damage|p1b: Porygon2|0 fnt
|faint|p1b: Porygon2
|move|p1a: Torkoal|Eruption|p2b: Rillaboom|[spread] p2a,p2b
|-supereffective|p2a: Ninetales
|-supereffective|p2b: Rillaboom
|-damage|p2a: Ninetales|28/100
|-damage|p2b: Rillaboom|17/100
|
|-weather|Snowscape|[upkeep]
|-heal|p1a: Torkoal|72/100|[from] Grassy Terrain
|-heal|p2b: Rillaboom|23/100|[from] Grassy Terrain
|-heal|p2a: Ninetales|34/100|[from] Grassy Terrain
|upkeep
|
|t:|1756511282
|switch|p1b: Incineroar|Incineroar, L50, F|100/100
|-ability|p1b: Incineroar|Intimidate|boost
|-unboost|p2a: Ninetales|atk|1
|-unboost|p2b: Rillaboom|atk|1
|turn|5
|
|t:|1756511295
|switch|p2b: Magmar|Magmar, L50, F|54/100
|move|p2a: Ninetales|Protect|p2a: Ninetales
|-singleturn|p2a: Ninetales|Protect
|move|p1a: Torkoal|Eruption|p2b: Magmar|[spread] p2b
|-activate|p2a: Ninetales|move: Protect
|-resisted|p2b: Magmar
|-damage|p2b: Magmar|43/100
|move|p1b: Incineroar|Flare Blitz|p2a: Ninetales
|-activate|p2a: Ninetales|move: Protect
|
|-weather|Snowscape|[upkeep]
|-heal|p1a: Torkoal|78/100|[from] Grassy Terrain
|-heal|p2b: Magmar|49/100|[from] Grassy Terrain
|-heal|p2a: Ninetales|40/100|[from] Grassy Terrain
|-fieldend|move: Trick Room
|upkeep
|turn|6
|
|t:|1756511318
|move|p2a: Ninetales|Blizzard|p1a: Torkoal|[spread] p1a,p1b
|-resisted|p1a: Torkoal
|-resisted|p1b: Incineroar
|-damage|p1a: Torkoal|58/100
|-damage|p1b: Incineroar|87/100
|move|p2b: Magmar|Flamethrower|p1a: Torkoal
|-resisted|p1a: Torkoal
|-damage|p1a: Torkoal|37/100
|move|p1b: Incineroar|Knock Off|p2b: Magmar
|-crit|p2b: Magmar
|-damage|p2b: Magmar|2/100
|-enditem|p2b: Magmar|Eviolite|[from] move: Knock Off|[of] p1b: Incineroar
|move|p1a: Torkoal|Overheat|p2a: Ninetales
|-supereffective|p2a: Ninetales
|-damage|p2a: Ninetales|0 fnt
|-unboost|p1a: Torkoal|spa|2
|faint|p2a: Ninetales
|-enditem|p1a: Torkoal|Eject Pack
|
|t:|1756511330
|switch|p1a: Ursaluna|Ursaluna, L50, F|100/100
|
|-weather|Snowscape|[upkeep]
|-heal|p2b: Magmar|7/100|[from] Grassy Terrain
|-heal|p1b: Incineroar|93/100|[from] Grassy Terrain
|-status|p1a: Ursaluna|brn|[from] item: Flame Orb
|upkeep
|
|t:|1756511335
|switch|p2a: Rillaboom|Rillaboom, L50, M|23/100
|turn|7
|-message|Maybe ALTcom forfeited.
|
|win|gene takavic
|l|☆Maybe ALTcom
|player|p2|
||gene takavic is ready for game 2.
||Maybe ALTcom is ready for game 2.
|uhtml|next|Next: Game 2 of 3
