|j|☆natsukivgc
|j|☆Mr.CooperCR
|html|natsukivgcMr.CooperCR    
|uhtml|bestof|Game 2 of a best-of-3
|t:|1785301809
|gametype|doubles
|player|p1|natsukivgc|1|1101
|player|p2|Mr.CooperCR|misty|1109
|gen|9
|tier|[Gen 9 Champions] VGC 2026 Reg M-B (Bo3)
|rated|
|rule|Species Clause: Limit one of each Pokémon
|rule|Item Clause: Limit 1 of each item
|clearpoke
|poke|p1|Garchomp, L50, M|
|poke|p1|Venusaur, L50, F|
|poke|p1|Incineroar, L50, F|
|poke|p1|Charizard, L50, F|
|poke|p1|Toxapex, L50, M|
|poke|p1|Annihilape, L50, F|
|poke|p2|Floette-Eternal, L50, F|
|poke|p2|Gholdengo, L50|
|poke|p2|Hydreigon, L50, F|
|poke|p2|Whimsicott, L50, F|
|poke|p2|Staraptor, L50, F|
|poke|p2|Politoed, L50, M|
|teampreview|4
|showteam|p1|Garchomp||ChoiceScarf|RoughSkin|Earthquake,DragonClaw,StompingTantrum,RockSlide|Adamant||M|||50|]Venusaur||LifeOrb|Chlorophyll|SolarBeam,SludgeBomb,EarthPower,Protect|Modest||F|||50|]Incineroar||SitrusBerry|Intimidate|FlareBlitz,ThroatChop,FakeOut,PartingShot|Impish||F|||50|]Charizard||CharizarditeY|Blaze|HeatWave,WeatherBall,HelpingHand,Protect|Modest||F|||50|]Toxapex||Leftovers|Regenerator|Infestation,Toxic,WideGuard,BanefulBunker|Bold||M|||50|]Annihilape||FocusSash|Defiant|CloseCombat,PhantomForce,StealthRock,Protect|Jolly||F|||50|
|showteam|p2|Floette-Eternal||Floettite|FlowerVeil|Moonblast,DazzlingGleam,LightofRuin,Protect|Timid||F|||50|]Gholdengo||LifeOrb|GoodasGold|ShadowBall,MakeItRain,PowerGem,Protect|Timid|||||50|]Hydreigon||ChoiceScarf|Levitate|DracoMeteor,DarkPulse,EarthPower,Snarl|Timid||F|||50|]Whimsicott||FocusSash|Prankster|Moonblast,Tailwind,Charm,Protect|Timid||F|||50|]Staraptor||Staraptite|Intimidate|BraveBird,CloseCombat,Roost,Protect|Jolly||F|||50|]Politoed||SitrusBerry|Drizzle|MuddyWater,IceBeam,PerishSong,Protect|Calm||M|||50|
|inactive|Battle timer is ON: inactive players will automatically lose when time's up. (requested by Mr.CooperCR)
|
|t:|1785301835
|teamsize|p1|4
|teamsize|p2|4
|start
|switch|p1a: Incineroar|Incineroar, L50, F|100/100
|switch|p1b: Charizard|Charizard, L50, F|100/100
|switch|p2a: Staraptor|Staraptor, L50, F|100/100
|switch|p2b: Whimsicott|Whimsicott, L50, F|100/100
|-ability|p2a: Staraptor|Intimidate|boost
|-unboost|p1a: Incineroar|atk|1
|-unboost|p1b: Charizard|atk|1
|-ability|p1a: Incineroar|Intimidate|boost
|-unboost|p2a: Staraptor|atk|1
|-unboost|p2b: Whimsicott|atk|1
|turn|1
|inactive|Mr.CooperCR has 30 seconds left.
|
|t:|1785301867
|detailschange|p2a: Staraptor|Staraptor-Mega, L50, F
|-mega|p2a: Staraptor|Staraptor|Staraptite
|detailschange|p1b: Charizard|Charizard-Mega-Y, L50, F
|-mega|p1b: Charizard|Charizard|Charizardite Y
|-weather|SunnyDay|[from] ability: Drought|[of] p1b: Charizard
|move|p2b: Whimsicott|Protect|p2b: Whimsicott
|-singleturn|p2b: Whimsicott|Protect
|move|p2a: Staraptor|Protect|p2a: Staraptor
|-singleturn|p2a: Staraptor|Protect
|move|p1a: Incineroar|Fake Out|p2b: Whimsicott
|-activate|p2b: Whimsicott|move: Protect
|move|p1b: Charizard|Heat Wave|p2a: Staraptor|[spread] 
|-activate|p2a: Staraptor|move: Protect
|-activate|p2b: Whimsicott|move: Protect
|
|-weather|SunnyDay|[upkeep]
|upkeep
|turn|2
|inactive|natsukivgc has 30 seconds left.
|
|t:|1785301896
|move|p2b: Whimsicott|Charm|p2a: Staraptor
|-boost|p2a: Staraptor|atk|2
|move|p2a: Staraptor|Close Combat|p1a: Incineroar
|-supereffective|p1a: Incineroar|1
|-damage|p1a: Incineroar|0 fnt
|-boost|p2a: Staraptor|def|1
|-boost|p2a: Staraptor|spd|1
|faint|p1a: Incineroar
|move|p1b: Charizard|Heat Wave|p2a: Staraptor|[spread] p2a,p2b
|-supereffective|p2b: Whimsicott|1
|-damage|p2a: Staraptor|56/100
|-enditem|p2b: Whimsicott|Focus Sash
|-damage|p2b: Whimsicott|1/100
|
|-weather|SunnyDay|[upkeep]
|upkeep
|
|t:|1785301917
|switch|p1a: Annihilape|Annihilape, L50, F|100/100
|turn|3
|
|t:|1785301933
|move|p2a: Staraptor|Protect|p2a: Staraptor
|-singleturn|p2a: Staraptor|Protect
|move|p2b: Whimsicott|Moonblast|p1a: Annihilape
|-supereffective|p1a: Annihilape|1
|-damage|p1a: Annihilape|24/100
|move|p1a: Annihilape|Phantom Force||[still]
|-prepare|p1a: Annihilape|Phantom Force
|move|p1b: Charizard|Heat Wave|p2b: Whimsicott|[spread] p2b
|-activate|p2a: Staraptor|move: Protect
|-supereffective|p2b: Whimsicott|1
|-damage|p2b: Whimsicott|0 fnt
|faint|p2b: Whimsicott
|
|-weather|SunnyDay|[upkeep]
|upkeep
|
|t:|1785301946
|switch|p2b: Hydreigon|Hydreigon, L50, F|100/100
|turn|4
|
|t:|1785301963
|move|p2b: Hydreigon|Dark Pulse|p1a: Annihilape|[miss]
|-miss|p2b: Hydreigon|p1a: Annihilape
|move|p2a: Staraptor|Brave Bird|p1b: Charizard
|-damage|p1b: Charizard|20/100y
|-damage|p2a: Staraptor|29/100|[from] Recoil
|move|p1a: Annihilape|Phantom Force|p2a: Staraptor|[from] lockedmove
|-damage|p2a: Staraptor|1/100
|move|p1b: Charizard|Heat Wave|p2b: Hydreigon|[spread] p2a,p2b
|-resisted|p2b: Hydreigon|1
|-damage|p2a: Staraptor|0 fnt
|-damage|p2b: Hydreigon|65/100
|-status|p2b: Hydreigon|brn
|faint|p2a: Staraptor
|
|-weather|SunnyDay|[upkeep]
|-damage|p2b: Hydreigon|59/100 brn|[from] brn
|upkeep
|
|t:|1785301968
|switch|p2a: Politoed|Politoed, L50, M|100/100
|-weather|RainDance|[from] ability: Drizzle|[of] p2a: Politoed
|turn|5
|
|t:|1785301988
|switch|p1b: Venusaur|Venusaur, L50, F|100/100
|move|p1a: Annihilape|Protect|p1a: Annihilape
|-singleturn|p1a: Annihilape|Protect
|move|p2b: Hydreigon|Dark Pulse|p1a: Annihilape
|-activate|p1a: Annihilape|move: Protect
|move|p2a: Politoed|Muddy Water|p1b: Venusaur|[spread] p1b
|-activate|p1a: Annihilape|move: Protect
|-resisted|p1b: Venusaur|1
|-damage|p1b: Venusaur|81/100
|
|-weather|RainDance|[upkeep]
|-damage|p2b: Hydreigon|53/100 brn|[from] brn
|upkeep
|turn|6
|inactive|natsukivgc has 30 seconds left.
|inactive|natsukivgc has 20 seconds left.
|
|t:|1785302023
|switch|p1a: Charizard|Charizard-Mega-Y, L50, F|20/100y
|-weather|SunnyDay|[from] ability: Drought|[of] p1a: Charizard
|move|p2b: Hydreigon|Dark Pulse|p1a: Charizard
|-damage|p1a: Charizard|0 fnt
|faint|p1a: Charizard
|move|p1b: Venusaur|Solar Beam||[still]
|-prepare|p1b: Venusaur|Solar Beam
|-anim|p1b: Venusaur|Solar Beam|p2a: Politoed
|-supereffective|p2a: Politoed|1
|-damage|p2a: Politoed|0 fnt
|faint|p2a: Politoed
|-damage|p1b: Venusaur|71/100|[from] item: Life Orb
|
|-weather|SunnyDay|[upkeep]
|-damage|p2b: Hydreigon|47/100 brn|[from] brn
|upkeep
|
|t:|1785302038
|switch|p1a: Annihilape|Annihilape, L50, F|24/100
|turn|7
|
|t:|1785302046
|move|p2b: Hydreigon|Dark Pulse|p1a: Annihilape
|-damage|p1a: Annihilape|0 fnt
|faint|p1a: Annihilape
|move|p1b: Venusaur|Sludge Bomb|p2b: Hydreigon
|-damage|p2b: Hydreigon|0 fnt
|faint|p2b: Hydreigon
|-damage|p1b: Venusaur|62/100|[from] item: Life Orb
|
|win|natsukivgc
