|j|☆ui90op
|j|☆castoriceball
|html|ui90opcastoriceball    
|uhtml|bestof|Game 1 of a best-of-3
|t:|1785651048
|gametype|doubles
|player|p1|ui90op|pokemonbreeder-gen4|1231
|player|p2|castoriceball|miku-flying|1286
|gen|9
|tier|[Gen 9 Champions] VGC 2026 Reg M-B (Bo3)
|rated|
|rule|Species Clause: Limit one of each Pokémon
|rule|Item Clause: Limit 1 of each item
|clearpoke
|poke|p1|Incineroar, L50, F|
|poke|p1|Azumarill, L50, M|
|poke|p1|Raichu, L50, M|
|poke|p1|Altaria, L50, F|
|poke|p1|Sinistcha, L50|
|poke|p1|Sneasler, L50, F|
|poke|p2|Raichu, L50, M, shiny|
|poke|p2|Mamoswine, L50, M|
|poke|p2|Basculegion, L50, M, shiny|
|poke|p2|Farigiraf, L50, F|
|poke|p2|Sylveon, L50, F|
|poke|p2|Torkoal, L50, M|
|teampreview|4
|showteam|p1|Incineroar||PasshoBerry|Intimidate|FlareBlitz,DarkestLariat,PartingShot,FakeOut|Adamant||F|||50|]Azumarill||SitrusBerry|HugePower|PlayRough,AquaJet,BellyDrum,Protect|Brave||M|||50|]Raichu||RaichuniteY|LightningRod|ZapCannon,FocusBlast,FakeOut,Protect|Timid||M|||50|]Altaria||HabanBerry|CloudNine|BraveBird,Tailwind,WillOWisp,HelpingHand|Jolly||F|||50|]Sinistcha||FocusSash|Hospitality|MatchaGotcha,ShadowBall,RagePowder,Protect|Modest|||||50|]Sneasler||WhiteHerb|Unburden|DireClaw,CloseCombat,FakeOut,Protect|Jolly||F|||50|
|showteam|p2|Raichu||RaichuniteY|LightningRod|ZapCannon,FocusBlast,FakeOut,Protect|Timid||M|||50|]Mamoswine||FocusSash|Oblivious|IcicleCrash,HighHorsepower,IceShard,Protect|Adamant||M|||50|]Basculegion||LifeOrb|Adaptability|LastRespects,WaveCrash,AquaJet,Protect|Adamant||M|||50|]Farigiraf||SitrusBerry|ArmorTail|Psychic,HelpingHand,TrickRoom,Protect|Bold||F|||50|]Sylveon||FairyFeather|Pixilate|HyperVoice,QuickAttack,HyperBeam,Detect|Modest||F|||50|]Torkoal||Charcoal|Drought|Eruption,WeatherBall,SolarBeam,Protect|Quiet||M|||50|
|
|t:|1785651099
|teamsize|p1|4
|teamsize|p2|4
|start
|switch|p1a: Raichu|Raichu, L50, M|100/100
|switch|p1b: Incineroar|Incineroar, L50, F|100/100
|switch|p2a: WolfeyFriend|Mamoswine, L50, M|100/100
|switch|p2b: WHYYCHU|Raichu, L50, M, shiny|100/100
|-ability|p1b: Incineroar|Intimidate|boost
|-fail|p2a: WolfeyFriend|unboost|Attack|[from] ability: Oblivious|[of] p2a: WolfeyFriend
|-unboost|p2b: WHYYCHU|atk|1
|turn|1
|
|t:|1785651111
|switch|p1b: Azumarill|Azumarill, L50, M|100/100
|detailschange|p2b: WHYYCHU|Raichu-Mega-Y, L50, M, shiny
|-mega|p2b: WHYYCHU|Raichu|Raichunite Y
|move|p2b: WHYYCHU|Fake Out|p1a: Raichu
|-damage|p1a: Raichu|91/100
|cant|p1a: Raichu|flinch
|move|p2a: WolfeyFriend|High Horsepower|p1b: Azumarill
|-damage|p1b: Azumarill|47/100
|-enditem|p1b: Azumarill|Sitrus Berry|[eat]
|-heal|p1b: Azumarill|71/100|[from] item: Sitrus Berry
|
|upkeep
|turn|2
|
|t:|1785651129
|move|p1b: Azumarill|Aqua Jet|p2a: WolfeyFriend
|-supereffective|p2a: WolfeyFriend|1
|-damage|p2a: WolfeyFriend|41/100
|move|p2b: WHYYCHU|Zap Cannon|p1a: Raichu
|-activate|p1a: Raichu|ability: Lightning Rod
|-ability|p1a: Raichu|Lightning Rod|boost
|-boost|p1a: Raichu|spa|1
|move|p1a: Raichu|Focus Blast|p2a: WolfeyFriend
|-supereffective|p2a: WolfeyFriend|1
|-damage|p2a: WolfeyFriend|0 fnt
|faint|p2a: WolfeyFriend
|
|upkeep
|
|t:|1785651139
|switch|p2a: budget floette|Sylveon, L50, F|100/100
|turn|3
|
|t:|1785651153
|move|p1a: Raichu|Protect|p1a: Raichu
|-singleturn|p1a: Raichu|Protect
|move|p2b: WHYYCHU|Focus Blast|p1a: Raichu
|-activate|p1a: Raichu|move: Protect
|move|p2a: budget floette|Hyper Voice|p1b: Azumarill|[spread] p1b
|-activate|p1a: Raichu|move: Protect
|-damage|p1b: Azumarill|19/100
|move|p1b: Azumarill|Play Rough|p2b: WHYYCHU
|-damage|p2b: WHYYCHU|14/100
|
|upkeep
|turn|4
|
|t:|1785651166
|detailschange|p1a: Raichu|Raichu-Mega-Y, L50, M
|-mega|p1a: Raichu|Raichu|Raichunite Y
|move|p1b: Azumarill|Aqua Jet|p2b: WHYYCHU
|-damage|p2b: WHYYCHU|0 fnt
|faint|p2b: WHYYCHU
|move|p1a: Raichu|Zap Cannon|p2a: budget floette
|-damage|p2a: budget floette|25/100
|-status|p2a: budget floette|par
|move|p2a: budget floette|Hyper Voice|p1b: Azumarill|[spread] p1a,p1b
|-damage|p1a: Raichu|27/100
|-damage|p1b: Azumarill|0 fnt
|faint|p1b: Azumarill
|
|upkeep
|
|t:|1785651177
|switch|p2b: Basculegend|Basculegion, L50, M, shiny|100/100
|switch|p1b: Incineroar|Incineroar, L50, F|100/100
|-ability|p1b: Incineroar|Intimidate|boost
|-unboost|p2a: budget floette|atk|1
|-unboost|p2b: Basculegend|atk|1
|turn|5
|
|t:|1785651195
|move|p2b: Basculegend|Aqua Jet|p1a: Raichu
|-damage|p1a: Raichu|0 fnt
|faint|p1a: Raichu
|-damage|p2b: Basculegend|90/100|[from] item: Life Orb
|move|p1b: Incineroar|Flare Blitz|p2a: budget floette
|-damage|p2a: budget floette|0 fnt
|faint|p2a: budget floette
|-damage|p1b: Incineroar|92/100|[from] Recoil
|
|upkeep
|
|t:|1785651197
|switch|p1a: Altaria|Altaria, L50, F|100/100
|-ability|p1a: Altaria|Cloud Nine
|turn|6
|
|t:|1785651204
|move|p1a: Altaria|Helping Hand|p1b: Incineroar
|-singleturn|p1b: Incineroar|Helping Hand|[of] p1a: Altaria
|move|p2b: Basculegend|Wave Crash|p1b: Incineroar
|-supereffective|p1b: Incineroar|1
|-enditem|p1b: Incineroar|Passho Berry|[eat]
|-enditem|p1b: Incineroar|Passho Berry|[weaken]
|-damage|p1b: Incineroar|25/100
|-damage|p2b: Basculegend|68/100|[from] Recoil
|-damage|p2b: Basculegend|58/100|[from] item: Life Orb
|move|p1b: Incineroar|Darkest Lariat|p2b: Basculegend
|-supereffective|p2b: Basculegend|1
|-damage|p2b: Basculegend|0 fnt
|faint|p2b: Basculegend
|
|win|ui90op
||ui90op is ready for game 2.
