|j|☆Dedeuthe172
|j|☆wind charmer
|html|Dedeuthe172wind charmer    
|uhtml|bestof|Game 1 of a best-of-3
|t:|1756871228
|gametype|doubles
|player|p1|Dedeuthe172|depotagent|1067
|player|p2|wind charmer|jasmine|1200
|gen|9
|tier|[Gen 9] VGC 2025 Reg H (Bo3)
|rated|
|rule|Species Clause: Limit one of each Pokémon
|rule|Item Clause: Limit 1 of each item
|clearpoke
|poke|p1|Pelipper, L50, F|
|poke|p1|Goodra-Hisui, L50, F|
|poke|p1|Mamoswine, L50, M|
|poke|p1|Basculegion, L50, M|
|poke|p1|Archaludon, L50, F|
|poke|p1|Meowstic, L50, M|
|poke|p2|Garchomp, L50, M|
|poke|p2|Milotic, L50, M|
|poke|p2|Gholdengo, L50|
|poke|p2|Talonflame, L50, F|
|poke|p2|Amoonguss, L50, M|
|poke|p2|Tyranitar, L50, F|
|teampreview|4
|showteam|p1|Pelipper||FocusSash|Drizzle|Hurricane,Tailwind,Protect,WeatherBall|||F|||50|,,,,,Fire]Goodra-Hisui||Leftovers|SapSipper|HeavySlam,BodyPress,AcidArmor,LifeDew|||F|||50|,,,,,Flying]Mamoswine||ChoiceBand|ThickFat|Earthquake,IceShard,IcicleCrash,KnockOff|||M|||50|,,,,,Psychic]Basculegion||LifeOrb|SwiftSwim|LastRespects,WaveCrash,AquaJet,Protect|||M|||50|,,,,,Ghost]Archaludon||AssaultVest|Stamina|DracoMeteor,FlashCannon,ElectroShot,BodyPress|||F|||50|,,,,,Grass]Meowstic||CovertCloak|Prankster|RainDance,Protect,ThunderWave,Psychic|||M|||50|,,,,,Normal
|showteam|p2|Garchomp||LifeOrb|RoughSkin|Earthquake,StompingTantrum,DragonClaw,Protect|||M|||50|,,,,,Ground]Milotic||SafetyGoggles|Competitive|Scald,IcyWind,Haze,Protect|||M|||50|,,,,,Dragon]Gholdengo||MetalCoat|GoodasGold|MakeItRain,ShadowBall,NastyPlot,Protect||||||50|,,,,,Flying]Talonflame||CovertCloak|GaleWings|BraveBird,Tailwind,WillOWisp,Taunt|||F|||50|,,,,,Ghost]Amoonguss||SitrusBerry|Regenerator|Spore,PollenPuff,RagePowder,Protect|||M|||50|,,,,,Water]Tyranitar||AssaultVest|SandStream|RockSlide,KnockOff,LowKick,TeraBlast|||F|||50|,,,,,Flying
|inactive|Battle timer is ON: inactive players will automatically lose when time's up. (requested by Dedeuthe172)
|inactive|wind charmer has 60 seconds left.
|inactive|wind charmer has 30 seconds left.
|inactive|wind charmer has 20 seconds left.
|
|t:|1756871334
|teamsize|p1|4
|teamsize|p2|4
|start
|switch|p1a: Pelipper|Pelipper, L50, F|100/100
|switch|p1b: Mamoswine|Mamoswine, L50, M|100/100
|switch|p2a: Milotic|Milotic, L50, M|100/100
|switch|p2b: Talonflame|Talonflame, L50, F|100/100
|-weather|RainDance|[from] ability: Drizzle|[of] p1a: Pelipper
|turn|1
|inactive|Dedeuthe172 has 30 seconds left.
|inactive|wind charmer has 30 seconds left.
|
|t:|1756871365
|move|p2b: Talonflame|Tailwind|p2b: Talonflame
|-sidestart|p2: wind charmer|move: Tailwind
|move|p2a: Milotic|Scald|p1b: Mamoswine
|-supereffective|p1b: Mamoswine
|-damage|p1b: Mamoswine|0 fnt
|faint|p1b: Mamoswine
|move|p1a: Pelipper|Tailwind|p1a: Pelipper
|-sidestart|p1: Dedeuthe172|move: Tailwind
|
|-weather|RainDance|[upkeep]
|upkeep
|
|t:|1756871376
|switch|p1b: Archaludon|Archaludon, L50, F, shiny|100/100
|turn|2
|
|t:|1756871392
|switch|p2b: Tyranitar|Tyranitar, L50, F|100/100
|-weather|Sandstorm|[from] ability: Sand Stream|[of] p2b: Tyranitar
|move|p2a: Milotic|Scald|p1a: Pelipper
|-resisted|p1a: Pelipper
|-damage|p1a: Pelipper|81/100
|move|p1b: Archaludon|Electro Shot||[still]
|-prepare|p1b: Archaludon|Electro Shot
|-boost|p1b: Archaludon|spa|1
|move|p1a: Pelipper|Weather Ball|p2b: Tyranitar
|-damage|p2b: Tyranitar|92/100
|
|-weather|Sandstorm|[upkeep]
|-damage|p1a: Pelipper|75/100|[from] Sandstorm
|upkeep
|turn|3
|inactive|wind charmer has 30 seconds left.
|
|t:|1756871423
|switch|p1a: Meowstic|Meowstic, L50, M, shiny|100/100
|move|p2a: Milotic|Scald|p1a: Meowstic
|-damage|p1a: Meowstic|75/100
|move|p1b: Archaludon|Electro Shot|p2a: Milotic|[from] lockedmove
|-supereffective|p2a: Milotic
|-damage|p2a: Milotic|11/100
|move|p2b: Tyranitar|Low Kick|p1b: Archaludon
|-supereffective|p1b: Archaludon
|-damage|p1b: Archaludon|60/100
|-ability|p1b: Archaludon|Stamina|boost
|-boost|p1b: Archaludon|def|1
|
|-weather|Sandstorm|[upkeep]
|-damage|p1a: Meowstic|69/100|[from] Sandstorm
|upkeep
|turn|4
|inactive|wind charmer has 30 seconds left.
|
|t:|1756871455
|move|p1a: Meowstic|Rain Dance|p1a: Meowstic
|-weather|RainDance
|move|p2a: Milotic|Haze|p2a: Milotic
|-clearallboost
|move|p1b: Archaludon|Body Press|p2b: Tyranitar
|-supereffective|p2b: Tyranitar
|-damage|p2b: Tyranitar|17/100
|move|p2b: Tyranitar|Knock Off|p1a: Meowstic
|-supereffective|p1a: Meowstic
|-damage|p1a: Meowstic|0 fnt
|-enditem|p1a: Meowstic|Covert Cloak|[from] move: Knock Off|[of] p2b: Tyranitar
|faint|p1a: Meowstic
|
|-weather|RainDance|[upkeep]
|-sideend|p2: wind charmer|move: Tailwind
|-sideend|p1: Dedeuthe172|move: Tailwind
|upkeep
|
|t:|1756871470
|switch|p1a: Pelipper|Pelipper, L50, F|75/100
|turn|5
|inactive|wind charmer has 30 seconds left.
|inactive|wind charmer has 20 seconds left.
|inactive|wind charmer has 15 seconds left.
|inactive|wind charmer has 10 seconds left.
|inactive|wind charmer has 5 seconds left.
|
|t:|1756871521
|move|p2a: Milotic|Scald|p1b: Archaludon
|-resisted|p1b: Archaludon
|-damage|p1b: Archaludon|44/100
|-status|p1b: Archaludon|brn
|-ability|p1b: Archaludon|Stamina|boost
|-boost|p1b: Archaludon|def|1
|move|p1b: Archaludon|Electro Shot||[still]
|-prepare|p1b: Archaludon|Electro Shot
|-boost|p1b: Archaludon|spa|1
|-anim|p1b: Archaludon|Electro Shot|p2a: Milotic
|-supereffective|p2a: Milotic
|-damage|p2a: Milotic|0 fnt
|faint|p2a: Milotic
|move|p2b: Tyranitar|Low Kick|p1b: Archaludon
|-supereffective|p1b: Archaludon
|-damage|p1b: Archaludon|16/100 brn
|-ability|p1b: Archaludon|Stamina|boost
|-boost|p1b: Archaludon|def|1
|move|p1a: Pelipper|Weather Ball|p2b: Tyranitar
|-supereffective|p2b: Tyranitar
|-damage|p2b: Tyranitar|0 fnt
|faint|p2b: Tyranitar
|
|-weather|RainDance|[upkeep]
|-damage|p1b: Archaludon|10/100 brn|[from] brn
|upkeep
|
|t:|1756871540
|switch|p2a: Talonflame|Talonflame, L50, F|100/100
|switch|p2b: Garchomp|Garchomp, L50, M|100/100
|turn|6
|inactive|Dedeuthe172 has 30 seconds left.
|inactive|wind charmer has 30 seconds left.
|
|t:|1756871567
|-terastallize|p2a: Talonflame|Ghost
|move|p2a: Talonflame|Brave Bird|p1b: Archaludon
|-resisted|p1b: Archaludon
|-damage|p1b: Archaludon|2/100 brn
|-ability|p1b: Archaludon|Stamina|boost
|-boost|p1b: Archaludon|def|1
|-damage|p2a: Talonflame|98/100|[from] Recoil
|move|p2b: Garchomp|Stomping Tantrum|p1b: Archaludon
|-supereffective|p1b: Archaludon
|-damage|p1b: Archaludon|0 fnt
|faint|p1b: Archaludon
|-damage|p2b: Garchomp|91/100|[from] item: Life Orb
|move|p1a: Pelipper|Weather Ball|p2a: Talonflame
|-crit|p2a: Talonflame
|-damage|p2a: Talonflame|0 fnt
|faint|p2a: Talonflame
|
|-weather|RainDance|[upkeep]
|upkeep
|turn|7
|inactive|Dedeuthe172 has 30 seconds left.
|
|t:|1756871593
|move|p2b: Garchomp|Dragon Claw|p1a: Pelipper
|-crit|p1a: Pelipper
|-damage|p1a: Pelipper|0 fnt
|faint|p1a: Pelipper
|-damage|p2b: Garchomp|81/100|[from] item: Life Orb
|
|win|wind charmer
||wind charmer is ready for game 2.
||Dedeuthe172 is ready for game 2.
|uhtml|next|Next: Game 2 of 3
