|j|☆Rean412
|j|☆BroscoeFlames
|html|Rean412BroscoeFlames    
|uhtml|bestof|Game 3 of a best-of-3
|t:|1756343672
|gametype|doubles
|player|p1|Rean412|2|1056
|player|p2|BroscoeFlames|169|1117
|gen|9
|tier|[Gen 9] VGC 2025 Reg H (Bo3)
|rated|
|rule|Species Clause: Limit one of each Pokémon
|rule|Item Clause: Limit 1 of each item
|clearpoke
|poke|p1|Grimmsnarl, L50, M|
|poke|p1|Incineroar, L50, M|
|poke|p1|Gastrodon-East, L50, F|
|poke|p1|Annihilape, L50, M|
|poke|p1|Archaludon, L50, F|
|poke|p1|Whimsicott, L50, M|
|poke|p2|Volcarona, L50, M|
|poke|p2|Gholdengo, L50|
|poke|p2|Electabuzz, L50, M|
|poke|p2|Rillaboom, L50, F|
|poke|p2|Dragonite, L50, F|
|poke|p2|Sneasler, L50, M|
|teampreview|4
|showteam|p1|Grimmsnarl||CovertCloak|Prankster|SpiritBreak,LightScreen,Reflect,MistyTerrain|||M|||50|,,,,,Ghost]Incineroar||SafetyGoggles|Intimidate|FakeOut,KnockOff,Taunt,PartingShot|||M|||50|,,,,,Ghost]Gastrodon-East||Leftovers|StormDrain|EarthPower,MuddyWater,Recover,Protect|||F|||50|,,,,,Poison]Annihilape||SitrusBerry|Defiant|Protect,BulkUp,DrainPunch,RageFist|||M|||50|,,,,,Fire]Archaludon||PowerHerb|Stamina|DragonPulse,ElectroShot,BodyPress,FlashCannon|||F|||50|,,,,,Electric]Whimsicott||FocusSash|Prankster|Moonblast,BeatUp,Tailwind,Encore|||M|||50|,,,,,Steel
|showteam|p2|Volcarona||SitrusBerry|FlameBody|HeatWave,GigaDrain,QuiverDance,Protect|||M|||50|,,,,,Grass]Gholdengo||LifeOrb|GoodasGold|NastyPlot,MakeItRain,ShadowBall,Protect||||||50|,,,,,Water]Electabuzz||Eviolite|VitalSpirit|Thunderbolt,ThunderWave,FollowMe,Taunt|||M|||50|,,,,,Ghost]Rillaboom||AssaultVest|GrassySurge|FakeOut,GrassyGlide,WoodHammer,HighHorsepower|||F|||50|,,,,,Fire]Dragonite||LoadedDice|InnerFocus|Haze,ScaleShot,ExtremeSpeed,Tailwind|||F|||50|,,,,,Fairy]Sneasler||GrassySeed|Unburden|DireClaw,CloseCombat,Protect,ThroatChop|||M|||50|,,,,,Dark
|c|☆Rean412|I don’t know how I managed that
|c|☆BroscoeFlames|I misplayed the turn where you switched annihilape
|c|☆BroscoeFlames|should have ko grim not nasty plot again
|c|☆Rean412|I tried to get you to kill Grimm for about 3 turns
|c|☆BroscoeFlames|lol
|c|☆Rean412|so that whim could switch in. Then I finally decided to sack arch to let the switch in happen anyway
|
|t:|1756343758
|teamsize|p1|4
|teamsize|p2|4
|start
|switch|p1a: Incineroar|Incineroar, L50, M|100/100
|switch|p1b: Archaludon|Archaludon, L50, F|100/100
|switch|p2a: Gholdengo|Gholdengo, L50, shiny|100/100
|switch|p2b: Electabuzz|Electabuzz, L50, M|100/100
|-ability|p1a: Incineroar|Intimidate|boost
|-unboost|p2a: Gholdengo|atk|1
|-unboost|p2b: Electabuzz|atk|1
|turn|1
|
|t:|1756343788
|move|p2b: Electabuzz|Follow Me|p2b: Electabuzz
|-singleturn|p2b: Electabuzz|move: Follow Me
|move|p1a: Incineroar|Taunt|p2b: Electabuzz
|-start|p2b: Electabuzz|move: Taunt
|move|p2a: Gholdengo|Nasty Plot|p2a: Gholdengo
|-boost|p2a: Gholdengo|spa|2
|move|p1b: Archaludon|Electro Shot||[still]
|-prepare|p1b: Archaludon|Electro Shot
|-boost|p1b: Archaludon|spa|1
|-enditem|p1b: Archaludon|Power Herb
|-anim|p1b: Archaludon|Electro Shot|p2b: Electabuzz
|-resisted|p2b: Electabuzz
|-damage|p2b: Electabuzz|78/100
|
|upkeep
|turn|2
|
|t:|1756343827
|-terastallize|p2a: Gholdengo|Water
|move|p2b: Electabuzz|Thunderbolt|p1b: Archaludon
|-resisted|p1b: Archaludon
|-damage|p1b: Archaludon|85/100
|-ability|p1b: Archaludon|Stamina|boost
|-boost|p1b: Archaludon|def|1
|move|p1a: Incineroar|Knock Off|p2a: Gholdengo
|-damage|p2a: Gholdengo|66/100
|-enditem|p2a: Gholdengo|Life Orb|[from] move: Knock Off|[of] p1a: Incineroar
|move|p2a: Gholdengo|Shadow Ball|p1b: Archaludon
|-damage|p1b: Archaludon|0 fnt
|faint|p1b: Archaludon
|
|upkeep
|
|t:|1756343846
|switch|p1b: Whimsicott|Whimsicott, L50, M|100/100
|turn|3
|
|t:|1756343857
|move|p1b: Whimsicott|Tailwind|p1b: Whimsicott
|-sidestart|p1: Rean412|move: Tailwind
|move|p1a: Incineroar|Parting Shot|p2b: Electabuzz
|-unboost|p2b: Electabuzz|atk|1
|-unboost|p2b: Electabuzz|spa|1
|
|t:|1756343862
|switch|p1a: Annihilape|Annihilape, L50, M|100/100|[from] Parting Shot
|move|p2b: Electabuzz|Thunderbolt|p1b: Whimsicott
|-resisted|p1b: Whimsicott
|-damage|p1b: Whimsicott|83/100
|move|p2a: Gholdengo|Make It Rain|p1a: Annihilape|[spread] p1a,p1b
|-supereffective|p1b: Whimsicott
|-damage|p1a: Annihilape|5/100
|-damage|p1b: Whimsicott|0 fnt
|-unboost|p2a: Gholdengo|spa|1
|-enditem|p1a: Annihilape|Sitrus Berry|[eat]
|-heal|p1a: Annihilape|30/100|[from] item: Sitrus Berry
|faint|p1b: Whimsicott
|
|upkeep
|c|☆Rean412|Yikes!
|
|t:|1756343879
|switch|p1b: Incineroar|Incineroar, L50, M|100/100
|-ability|p1b: Incineroar|Intimidate|boost
|-unboost|p2a: Gholdengo|atk|1
|-unboost|p2b: Electabuzz|atk|1
|turn|4
|c|☆BroscoeFlames|ya i had to try goldy over volc
|c|☆BroscoeFlames|not over but tough
|
|t:|1756343910
|-terastallize|p1a: Annihilape|Fire
|move|p2a: Gholdengo|Protect|p2a: Gholdengo
|-singleturn|p2a: Gholdengo|Protect
|move|p1b: Incineroar|Fake Out|p2a: Gholdengo
|-activate|p2a: Gholdengo|move: Protect
|move|p1a: Annihilape|Drain Punch|p2b: Electabuzz
|-damage|p2b: Electabuzz|50/100
|-heal|p1a: Annihilape|41/100|[from] drain|[of] p2b: Electabuzz
|move|p2b: Electabuzz|Thunderbolt|p1a: Annihilape
|-damage|p1a: Annihilape|21/100
|
|-end|p2b: Electabuzz|move: Taunt
|upkeep
|turn|5
|c|☆Rean412|Ijust lost
|
|t:|1756343980
|move|p2b: Electabuzz|Follow Me|p2b: Electabuzz
|-singleturn|p2b: Electabuzz|move: Follow Me
|move|p1a: Annihilape|Drain Punch|p2b: Electabuzz
|-damage|p2b: Electabuzz|25/100
|-heal|p1a: Annihilape|32/100|[from] drain|[of] p2b: Electabuzz
|move|p1b: Incineroar|Knock Off|p2b: Electabuzz
|-damage|p2b: Electabuzz|0 fnt
|-enditem|p2b: Electabuzz|Eviolite|[from] move: Knock Off|[of] p1b: Incineroar
|faint|p2b: Electabuzz
|move|p2a: Gholdengo|Make It Rain|p1b: Incineroar|[spread] p1a,p1b
|-resisted|p1a: Annihilape
|-resisted|p1b: Incineroar
|-damage|p1a: Annihilape|0 fnt
|-damage|p1b: Incineroar|64/100
|-unboost|p2a: Gholdengo|spa|1
|faint|p1a: Annihilape
|
|upkeep
|c|☆BroscoeFlames|yeah its hard to get out of this one for sure
|
|t:|1756343996
|switch|p2b: Sneasler|Sneasler, L50, M|100/100
|turn|6
|
|t:|1756344003
|move|p1b: Incineroar|Knock Off|p2a: Gholdengo
|-crit|p2a: Gholdengo
|-damage|p2a: Gholdengo|30/100
|move|p2b: Sneasler|Close Combat|p1b: Incineroar
|-supereffective|p1b: Incineroar
|-damage|p1b: Incineroar|0 fnt
|-unboost|p2b: Sneasler|def|1
|-unboost|p2b: Sneasler|spd|1
|faint|p1b: Incineroar
|
|win|BroscoeFlames
|raw|Rean412's rating: 1056 → 1041(-15 for losing)
|raw|BroscoeFlames's rating: 1117 → 1138(+21 for winning)
|c|☆Rean412|Ggwp
|c|☆BroscoeFlames|gg, heres the team! https://pokepast.es/43f24b994c34d72d
|c|☆Rean412|Thanks
|c|☆BroscoeFlames|yup!
|c|☆BroscoeFlames|no problem
