|j|☆Curry8
|j|☆lerry27
|html|Curry8lerry27    
|uhtml|bestof|Game 1 of a best-of-3
|t:|1783669905
|gametype|doubles
|player|p1|Curry8|101|1101
|player|p2|lerry27|brycen|1000
|gen|9
|tier|[Gen 9 Champions] VGC 2026 Reg M-B (Bo3)
|rated|
|rule|Species Clause: Limit one of each Pokémon
|rule|Item Clause: Limit 1 of each item
|clearpoke
|poke|p1|Grimmsnarl, L50, M|
|poke|p1|Pelipper, L50, F|
|poke|p1|Sinistcha, L50|
|poke|p1|Swampert, L50, M|
|poke|p1|Archaludon, L50, F|
|poke|p1|Gholdengo, L50|
|poke|p2|Floette-Eternal, L50, F|
|poke|p2|Maushold-Four, L50|
|poke|p2|Gengar, L50, M, shiny|
|poke|p2|Incineroar, L50, M, shiny|
|poke|p2|Politoed, L50, M|
|poke|p2|Grimmsnarl, L50, M|
|teampreview|4
|showteam|p1|Grimmsnarl||LightClay|Prankster|Reflect,LightScreen,FoulPlay,PartingShot|Gentle||M|||50|]Pelipper||SitrusBerry|Drizzle|Hurricane,WeatherBall,Tailwind,WideGuard|Modest||F|||50|]Sinistcha||CobaBerry|Hospitality|Protect,RagePowder,MatchaGotcha,LifeDew|Adamant|||||50|]Swampert||Swampertite|Damp|WaveCrash,Earthquake,IcePunch,Protect|Adamant||M|||50|]Archaludon||Leftovers|Stamina|ElectroShot,DragonPulse,FlashCannon,Protect|Modest||F|||50|]Gholdengo||LifeOrb|GoodasGold|MakeItRain,ShadowBall,Protect,NastyPlot|Modest|||||50|
|showteam|p2|Floette-Eternal||Floettite|FlowerVeil|CalmMind,DazzlingGleam,DrainingKiss,Protect|Timid||F|||50|]Maushold-Four||ChopleBerry|FriendGuard|Uturn,HelpingHand,FollowMe,Protect|Impish|||||50|]Gengar||Gengarite|CursedBody|ShadowBall,PerishSong,Disable,Protect|Bold||M|||50|]Incineroar||PasshoBerry|Intimidate|FakeOut,ThroatChop,PartingShot,Protect|Careful||M|||50|]Politoed||SitrusBerry|Drizzle|WeatherBall,Encore,PerishSong,Protect|Calm||M|||50|]Grimmsnarl||LightClay|Prankster|FakeOut,PartingShot,LightScreen,Reflect|Careful||M|||50|
|
|t:|1783669979
|teamsize|p1|4
|teamsize|p2|4
|start
|switch|p1a: Grimmsnarl|Grimmsnarl, L50, M|100/100
|switch|p1b: Pelipper|Pelipper, L50, F|100/100
|switch|p2a: Incineroar|Incineroar, L50, M, shiny|100/100
|switch|p2b: Floette|Floette-Eternal, L50, F|100/100
|-weather|RainDance|[from] ability: Drizzle|[of] p1b: Pelipper
|-ability|p2a: Incineroar|Intimidate|boost
|-unboost|p1a: Grimmsnarl|atk|1
|-unboost|p1b: Pelipper|atk|1
|turn|1
|
|t:|1783670004
|detailschange|p2b: Floette|Floette-Mega, L50, F
|-mega|p2b: Floette|Floette|Floettite
|-ability|p2b: Floette|Fairy Aura
|move|p2a: Incineroar|Fake Out|p1a: Grimmsnarl
|-damage|p1a: Grimmsnarl|88/100
|cant|p1a: Grimmsnarl|flinch
|move|p2b: Floette|Calm Mind|p2b: Floette
|-boost|p2b: Floette|spa|1
|-boost|p2b: Floette|spd|1
|move|p1b: Pelipper|Hurricane|p2b: Floette
|-damage|p2b: Floette|77/100
|-start|p2b: Floette|confusion
|
|-weather|RainDance|[upkeep]
|upkeep
|turn|2
|
|t:|1783670021
|-activate|p2b: Floette|confusion
|move|p2b: Floette|Protect|p2b: Floette
|-singleturn|p2b: Floette|Protect
|move|p1a: Grimmsnarl|Light Screen|p1a: Grimmsnarl
|-sidestart|p1: Curry8|move: Light Screen
|move|p1b: Pelipper|Tailwind|p1b: Pelipper
|-sidestart|p1: Curry8|move: Tailwind
|move|p2a: Incineroar|Parting Shot|p1a: Grimmsnarl
|-unboost|p1a: Grimmsnarl|atk|1
|-unboost|p1a: Grimmsnarl|spa|1
|
|t:|1783670033
|switch|p2a: Maushold|Maushold-Four, L50|100/100|[from] Parting Shot
|
|-weather|RainDance|[upkeep]
|upkeep
|turn|3
|
|t:|1783670048
|move|p2a: Maushold|Follow Me|p2a: Maushold
|-singleturn|p2a: Maushold|move: Follow Me
|move|p1a: Grimmsnarl|Parting Shot|p2a: Maushold
|-unboost|p2a: Maushold|atk|1
|-unboost|p2a: Maushold|spa|1
|
|t:|1783670054
|switch|p1a: Swampert|Swampert, L50, M|100/100|[from] Parting Shot
|move|p1b: Pelipper|Hurricane|p2a: Maushold
|-damage|p2a: Maushold|45/100
|-end|p2b: Floette|confusion
|move|p2b: Floette|Calm Mind|p2b: Floette
|-boost|p2b: Floette|spa|1
|-boost|p2b: Floette|spd|1
|
|-weather|RainDance|[upkeep]
|upkeep
|turn|4
|
|t:|1783670076
|detailschange|p1a: Swampert|Swampert-Mega, L50, M
|-mega|p1a: Swampert|Swampert|Swampertite
|move|p2a: Maushold|Follow Me|p2a: Maushold
|-singleturn|p2a: Maushold|move: Follow Me
|move|p1a: Swampert|Earthquake|p2a: Maushold|[spread] p2a,p2b
|-immune|p1b: Pelipper
|-damage|p2a: Maushold|3/100
|-damage|p2b: Floette|45/100
|move|p1b: Pelipper|Hurricane|p2a: Maushold
|-damage|p2a: Maushold|0 fnt
|faint|p2a: Maushold
|move|p2b: Floette|Draining Kiss|p1a: Swampert
|-damage|p1a: Swampert|62/100
|-heal|p2b: Floette|78/100|[from] drain|[of] p1a: Swampert
|
|-weather|RainDance|[upkeep]
|upkeep
|
|t:|1783670091
|switch|p2a: Grimmsnarl|Grimmsnarl, L50, M|100/100
|turn|5
|
|t:|1783670113
|move|p1a: Swampert|Protect|p1a: Swampert
|-singleturn|p1a: Swampert|Protect
|move|p2a: Grimmsnarl|Fake Out|p1a: Swampert
|-activate|p1a: Swampert|move: Protect
|move|p1b: Pelipper|Hurricane|p2b: Floette
|-damage|p2b: Floette|60/100
|-start|p2b: Floette|confusion
|-activate|p2b: Floette|confusion
|-damage|p2b: Floette|53/100|[from] confusion
|
|-weather|none
|-sideend|p1: Curry8|move: Tailwind
|upkeep
|turn|6
|
|t:|1783670136
|switch|p1b: Sinistcha|Sinistcha, L50|100/100
|-heal|p1a: Swampert|87/100|[from] ability: Hospitality|[of] p1b: Sinistcha
|move|p2a: Grimmsnarl|Parting Shot|p1a: Swampert
|-unboost|p1a: Swampert|atk|1
|-unboost|p1a: Swampert|spa|1
|
|t:|1783670143
|switch|p2a: Incineroar|Incineroar, L50, M, shiny|100/100|[from] Parting Shot
|-ability|p2a: Incineroar|Intimidate|boost
|-unboost|p1a: Swampert|atk|1
|-unboost|p1b: Sinistcha|atk|1
|-activate|p2b: Floette|confusion
|move|p2b: Floette|Draining Kiss|p1b: Sinistcha
|-damage|p1b: Sinistcha|53/100
|-heal|p2b: Floette|90/100|[from] drain|[of] p1b: Sinistcha
|move|p1a: Swampert|Wave Crash|p2b: Floette
|-damage|p2b: Floette|52/100
|-damage|p1a: Swampert|76/100|[from] Recoil
|
|upkeep
|turn|7
|
|t:|1783670175
|switch|p1a: Pelipper|Pelipper, L50, F|100/100
|-weather|RainDance|[from] ability: Drizzle|[of] p1a: Pelipper
|-end|p2b: Floette|confusion
|move|p2b: Floette|Protect|p2b: Floette
|-singleturn|p2b: Floette|Protect
|move|p2a: Incineroar|Parting Shot|p1a: Pelipper
|-unboost|p1a: Pelipper|atk|1
|-unboost|p1a: Pelipper|spa|1
|
|t:|1783670179
|switch|p2a: Grimmsnarl|Grimmsnarl, L50, M|100/100|[from] Parting Shot
|move|p1b: Sinistcha|Matcha Gotcha|p2a: Grimmsnarl|[spread] p2a
|-activate|p2b: Floette|move: Protect
|-damage|p2a: Grimmsnarl|81/100
|-heal|p1b: Sinistcha|64/100|[from] drain|[of] p2a: Grimmsnarl
|
|-weather|RainDance|[upkeep]
|upkeep
|turn|8
|
|t:|1783670200
|move|p2a: Grimmsnarl|Fake Out|p1a: Pelipper
|-damage|p1a: Pelipper|88/100
|move|p1b: Sinistcha|Rage Powder|p1b: Sinistcha
|-singleturn|p1b: Sinistcha|move: Rage Powder
|move|p2b: Floette|Draining Kiss|p1b: Sinistcha
|-crit|p1b: Sinistcha
|-damage|p1b: Sinistcha|0 fnt
|-heal|p2b: Floette|100/100|[from] drain|[of] p1b: Sinistcha
|faint|p1b: Sinistcha
|cant|p1a: Pelipper|flinch
|
|-weather|RainDance|[upkeep]
|upkeep
|
|t:|1783670210
|switch|p1b: Swampert|Swampert-Mega, L50, M|76/100
|turn|9
|
|t:|1783670221
|move|p2a: Grimmsnarl|Parting Shot|p1b: Swampert
|-unboost|p1b: Swampert|atk|1
|-unboost|p1b: Swampert|spa|1
|
|t:|1783670225
|switch|p2a: Incineroar|Incineroar, L50, M, shiny|100/100|[from] Parting Shot
|-ability|p2a: Incineroar|Intimidate|boost
|-unboost|p1a: Pelipper|atk|1
|-unboost|p1b: Swampert|atk|1
|move|p1b: Swampert|Earthquake|p2a: Incineroar|[spread] p2a,p2b
|-immune|p1a: Pelipper
|-supereffective|p2a: Incineroar|1
|-damage|p2a: Incineroar|60/100
|-damage|p2b: Floette|78/100
|move|p2b: Floette|Draining Kiss|p1a: Pelipper
|-damage|p1a: Pelipper|30/100
|-heal|p2b: Floette|100/100|[from] drain|[of] p1a: Pelipper
|-enditem|p1a: Pelipper|Sitrus Berry|[eat]
|-heal|p1a: Pelipper|55/100|[from] item: Sitrus Berry
|move|p1a: Pelipper|Hurricane|p2b: Floette
|-damage|p2b: Floette|89/100
|-start|p2b: Floette|confusion
|
|-weather|RainDance|[upkeep]
|-sideend|p1: Curry8|move: Light Screen
|upkeep
|turn|10
|
|t:|1783670249
|switch|p1a: Grimmsnarl|Grimmsnarl, L50, M|88/100
|move|p2a: Incineroar|Fake Out|p1b: Swampert
|-damage|p1b: Swampert|66/100
|cant|p1b: Swampert|flinch
|-activate|p2b: Floette|confusion
|move|p2b: Floette|Calm Mind|p2b: Floette
|-boost|p2b: Floette|spa|1
|-boost|p2b: Floette|spd|1
|
|-weather|RainDance|[upkeep]
|upkeep
|turn|11
|
|t:|1783670268
|-end|p2b: Floette|confusion
|move|p2b: Floette|Protect|p2b: Floette
|-singleturn|p2b: Floette|Protect
|move|p1a: Grimmsnarl|Light Screen|p1a: Grimmsnarl
|-sidestart|p1: Curry8|move: Light Screen
|move|p1b: Swampert|Wave Crash|p2a: Incineroar
|-supereffective|p2a: Incineroar|1
|-enditem|p2a: Incineroar|Passho Berry|[eat]
|-enditem|p2a: Incineroar|Passho Berry|[weaken]
|-damage|p2a: Incineroar|7/100
|-damage|p1b: Swampert|49/100|[from] Recoil
|move|p2a: Incineroar|Parting Shot|p1b: Swampert
|-unboost|p1b: Swampert|atk|1
|-unboost|p1b: Swampert|spa|1
|
|t:|1783670281
|switch|p2a: Grimmsnarl|Grimmsnarl, L50, M|81/100|[from] Parting Shot
|
|-weather|none
|upkeep
|turn|12
|
|t:|1783670302
|move|p1b: Swampert|Protect|p1b: Swampert
|-singleturn|p1b: Swampert|Protect
|move|p2a: Grimmsnarl|Fake Out|p1b: Swampert
|-activate|p1b: Swampert|move: Protect
|move|p1a: Grimmsnarl|Parting Shot|p2b: Floette
|-unboost|p2b: Floette|atk|1
|-unboost|p2b: Floette|spa|1
|
|t:|1783670309
|switch|p1a: Pelipper|Pelipper, L50, F|55/100|[from] Parting Shot
|-weather|RainDance|[from] ability: Drizzle|[of] p1a: Pelipper
|move|p2b: Floette|Dazzling Gleam|p1b: Swampert|[spread] p1a
|-activate|p1b: Swampert|move: Protect
|-damage|p1a: Pelipper|0 fnt
|faint|p1a: Pelipper
|
|-weather|RainDance|[upkeep]
|upkeep
|
|t:|1783670317
|switch|p1a: Grimmsnarl|Grimmsnarl, L50, M|88/100
|turn|13
|
|t:|1783670334
|move|p2b: Floette|Protect|p2b: Floette
|-singleturn|p2b: Floette|Protect
|move|p2a: Grimmsnarl|Reflect|p2a: Grimmsnarl
|-sidestart|p2: lerry27|Reflect
|move|p1b: Swampert|Ice Punch|p2a: Grimmsnarl
|-damage|p2a: Grimmsnarl|73/100
|-status|p2a: Grimmsnarl|frz
|move|p1a: Grimmsnarl|Foul Play|p2b: Floette
|-activate|p2b: Floette|move: Protect
|
|-weather|RainDance|[upkeep]
|upkeep
|turn|14
|
|t:|1783670358
|cant|p2a: Grimmsnarl|frz
|move|p1a: Grimmsnarl|Parting Shot|p2b: Floette
|-unboost|p2b: Floette|atk|1
|-unboost|p2b: Floette|spa|1
|move|p1b: Swampert|Wave Crash|p2a: Grimmsnarl
|-damage|p2a: Grimmsnarl|42/100 frz
|-damage|p1b: Swampert|38/100|[from] Recoil
|move|p2b: Floette|Dazzling Gleam|p1a: Grimmsnarl|[spread] p1a,p1b
|-supereffective|p1a: Grimmsnarl|1
|-damage|p1a: Grimmsnarl|24/100
|-damage|p1b: Swampert|2/100
|
|-weather|RainDance|[upkeep]
|upkeep
|turn|15
|-message|Curry8 forfeited.
|
|win|lerry27
||Curry8 is ready for game 2.
||lerry27 is ready for game 2.
|uhtml|next|Next: Game 2 of 3
