|j|☆KingDom1992
|j|☆GionnyBravo
|html|KingDom1992GionnyBravo    
|uhtml|bestof|Game 2 of a best-of-3
|t:|1756559168
|gametype|doubles
|player|p1|KingDom1992|brock|1184
|player|p2|GionnyBravo|rood|1328
|gen|9
|tier|[Gen 9] VGC 2025 Reg H (Bo3)
|rated|
|rule|Species Clause: Limit one of each Pokémon
|rule|Item Clause: Limit 1 of each item
|clearpoke
|poke|p1|Gholdengo, L50|
|poke|p1|Sneasler, L50, M|
|poke|p1|Incineroar, L50, F|
|poke|p1|Amoonguss, L50, F|
|poke|p1|Dragonite, L50, M|
|poke|p1|Ursaluna-Bloodmoon, L50, M|
|poke|p2|Sneasler, L50, F|
|poke|p2|Rillaboom, L50, F|
|poke|p2|Electabuzz, L50, F|
|poke|p2|Dragonite, L50, M|
|poke|p2|Volcarona, L50, F|
|poke|p2|Kingambit, L50, M|
|teampreview|4
|showteam|p1|Gholdengo||LifeOrb|GoodasGold|MakeItRain,ShadowBall,NastyPlot,Protect||||||50|,,,,,Water]Sneasler||FocusSash|PoisonTouch|FakeOut,CloseCombat,DireClaw,Protect|||M|||50|,,,,,Stellar]Incineroar||SafetyGoggles|Intimidate|FakeOut,FlareBlitz,KnockOff,PartingShot|||F|||50|,,,,,Ghost]Amoonguss||SitrusBerry|Regenerator|Spore,RagePowder,PollenPuff,Protect|||F|||50|,,,,,Water]Dragonite||LoadedDice|Multiscale|ScaleShot,Haze,Tailwind,ExtremeSpeed|||M|||50|,,,,,Fairy]Ursaluna-Bloodmoon||AssaultVest|MindsEye|HyperVoice,BloodMoon,EarthPower,VacuumWave|||M|||50|,,,,,Normal
|showteam|p2|Sneasler||FocusSash|PoisonTouch|CloseCombat,DireClaw,Coaching,FakeOut|||F|||50|,,,,,Stellar]Rillaboom||AssaultVest|GrassySurge|WoodHammer,GrassyGlide,HighHorsepower,FakeOut|||F|||50|,,,,,Fire]Electabuzz||Eviolite|VitalSpirit|Thunderbolt,FollowMe,Taunt,Protect|||F|||50|,,,,,Ghost]Dragonite||LoadedDice|Multiscale|ScaleShot,ExtremeSpeed,Haze,Protect|||M|||50|,,,,,Normal]Volcarona||Leftovers|FlameBody|HeatWave,TeraBlast,QuiverDance,Protect|||F|||50|,,,,,Fairy]Kingambit||BlackGlasses|Defiant|KowtowCleave,SuckerPunch,SwordsDance,Protect|||M|||50|,,,,,Dark
|inactive|Battle timer is ON: inactive players will automatically lose when time's up. (requested by KingDom1992)
|inactive|GionnyBravo has 60 seconds left.
|
|t:|1756559221
|teamsize|p1|4
|teamsize|p2|4
|start
|switch|p1a: Dragonite|Dragonite, L50, M|100/100
|switch|p1b: Sneasler|Sneasler, L50, M, shiny|100/100
|switch|p2a: Volcarona|Volcarona, L50, F|100/100
|switch|p2b: Dragonite|Dragonite, L50, M|100/100
|turn|1
|
|t:|1756559240
|-terastallize|p2a: Volcarona|Fairy
|move|p1b: Sneasler|Fake Out|p2b: Dragonite
|-damage|p2b: Dragonite|93/100
|-status|p2b: Dragonite|psn|[from] ability: Poison Touch|[of] p1b: Sneasler
|cant|p2b: Dragonite|flinch
|move|p1a: Dragonite|Scale Shot|p2a: Volcarona
|-immune|p2a: Volcarona
|move|p2a: Volcarona|Tera Blast|p1a: Dragonite|[anim] Tera Blast Fairy
|-supereffective|p1a: Dragonite
|-damage|p1a: Dragonite|53/100
|
|-damage|p2b: Dragonite|81/100 psn|[from] psn
|upkeep
|turn|2
|inactive|GionnyBravo has 30 seconds left.
|
|t:|1756559280
|switch|p1a: Incineroar|Incineroar, L50, F, shiny|100/100
|-ability|p1a: Incineroar|Intimidate|boost
|-unboost|p2a: Volcarona|atk|1
|-unboost|p2b: Dragonite|atk|1
|switch|p2a: Sneasler|Sneasler, L50, F|100/100
|move|p2b: Dragonite|Extreme Speed|p1b: Sneasler
|-damage|p1b: Sneasler|61/100
|move|p1b: Sneasler|Dire Claw|p2a: Sneasler
|-resisted|p2a: Sneasler
|-damage|p2a: Sneasler|64/100
|-status|p2a: Sneasler|par
|
|-damage|p2b: Dragonite|68/100 psn|[from] psn
|upkeep
|turn|3
|inactive|KingDom1992 has 30 seconds left.
|inactive|KingDom1992 has 20 seconds left.
|inactive|KingDom1992 has 15 seconds left.
|
|t:|1756559321
|switch|p1b: Ursaluna|Ursaluna-Bloodmoon, L50, M|100/100
|move|p2b: Dragonite|Scale Shot|p1b: Ursaluna
|-damage|p1b: Ursaluna|92/100
|-damage|p1b: Ursaluna|83/100
|-damage|p1b: Ursaluna|74/100
|-damage|p1b: Ursaluna|67/100
|-damage|p1b: Ursaluna|59/100
|-hitcount|p1b: Ursaluna|5
|-unboost|p2b: Dragonite|def|1
|-boost|p2b: Dragonite|spe|1
|move|p2a: Sneasler|Close Combat|p1a: Incineroar
|-supereffective|p1a: Incineroar
|-damage|p1a: Incineroar|0 fnt
|-unboost|p2a: Sneasler|def|1
|-unboost|p2a: Sneasler|spd|1
|faint|p1a: Incineroar
|
|-damage|p2b: Dragonite|56/100 psn|[from] psn
|upkeep
|
|t:|1756559338
|switch|p1a: Sneasler|Sneasler, L50, M, shiny|61/100
|turn|4
|
|t:|1756559358
|-terastallize|p1b: Ursaluna|Normal
|move|p1a: Sneasler|Fake Out|p2a: Sneasler
|-damage|p2a: Sneasler|26/100 par
|move|p2b: Dragonite|Scale Shot|p1a: Sneasler
|-damage|p1a: Sneasler|43/100
|-damage|p1a: Sneasler|27/100
|-damage|p1a: Sneasler|9/100
|-damage|p1a: Sneasler|0 fnt
|faint|p1a: Sneasler
|-hitcount|p1: Sneasler|4
|-unboost|p2b: Dragonite|def|1
|-boost|p2b: Dragonite|spe|1
|move|p1b: Ursaluna|Hyper Voice|p2a: Sneasler|[spread] p2a,p2b
|-damage|p2a: Sneasler|0 fnt
|-damage|p2b: Dragonite|11/100 psn
|faint|p2a: Sneasler
|
|-damage|p2b: Dragonite|0 fnt|[from] psn
|faint|p2b: Dragonite
|upkeep
|
|t:|1756559371
|switch|p1a: Dragonite|Dragonite, L50, M|53/100
|switch|p2a: Volcarona|Volcarona, L50, F, tera:Fairy|100/100
|switch|p2b: Electabuzz|Electabuzz, L50, F|100/100
|turn|5
|
|t:|1756559390
|move|p1a: Dragonite|Tailwind|p1a: Dragonite
|-sidestart|p1: KingDom1992|move: Tailwind
|move|p1b: Ursaluna|Earth Power|p2b: Electabuzz
|-supereffective|p2b: Electabuzz
|-damage|p2b: Electabuzz|30/100
|-unboost|p2b: Electabuzz|spd|1
|move|p2a: Volcarona|Heat Wave|p1b: Ursaluna|[spread] p1a,p1b
|-resisted|p1a: Dragonite
|-damage|p1a: Dragonite|34/100
|-damage|p1b: Ursaluna|33/100
|-status|p1a: Dragonite|brn
|move|p2b: Electabuzz|Thunderbolt|p1b: Ursaluna
|-damage|p1b: Ursaluna|11/100
|-status|p1b: Ursaluna|par
|
|-damage|p1a: Dragonite|28/100 brn|[from] brn
|upkeep
|turn|6
|inactive|KingDom1992 has 30 seconds left.
|
|t:|1756559416
|move|p1a: Dragonite|Scale Shot|p2b: Electabuzz
|-damage|p2b: Electabuzz|23/100
|-damage|p2b: Electabuzz|18/100
|-damage|p2b: Electabuzz|13/100
|-damage|p2b: Electabuzz|7/100
|-hitcount|p2b: Electabuzz|4
|-unboost|p1a: Dragonite|def|1
|-boost|p1a: Dragonite|spe|1
|move|p2a: Volcarona|Heat Wave|p1b: Ursaluna|[spread] p1a,p1b
|-resisted|p1a: Dragonite
|-damage|p1a: Dragonite|9/100 brn
|-damage|p1b: Ursaluna|0 fnt
|faint|p1b: Ursaluna
|move|p2b: Electabuzz|Thunderbolt|p1a: Dragonite
|-damage|p1a: Dragonite|0 fnt
|faint|p1a: Dragonite
|
|win|GionnyBravo
||GionnyBravo is ready for game 3.
|inactive|KingDom1992 has 30 seconds to confirm battle start!
||KingDom1992 is ready for game 3.
|uhtml|next|Next: Game 3 of 3
|l|☆GionnyBravo
|player|p2|
