|j|☆KieramX
|j|☆Aeon_Twins
|html|KieramXAeon_Twins    
|uhtml|bestof|Game 1 of a best-of-3
|t:|1782413121
|gametype|doubles
|player|p1|KieramX|169|1000
|player|p2|Aeon_Twins|n|1000
|gen|9
|tier|[Gen 9 Champions] VGC 2026 Reg M-B (Bo3)
|rated|
|rule|Species Clause: Limit one of each Pokémon
|rule|Item Clause: Limit 1 of each item
|clearpoke
|poke|p1|Eelektross, L50, F|
|poke|p1|Whimsicott, L50, F|
|poke|p1|Gholdengo, L50|
|poke|p1|Garchomp, L50, F|
|poke|p1|Ninetales-Alola, L50, M|
|poke|p1|Delphox, L50, F|
|poke|p2|Raichu, L50, F|
|poke|p2|Mawile, L50, M|
|poke|p2|Sinistcha, L50|
|poke|p2|Ceruledge, L50, M|
|poke|p2|Milotic, L50, M|
|poke|p2|Incineroar, L50, F|
|teampreview|4
|showteam|p1|Eelektross||Eelektrossite|Levitate|Flamethrower,Discharge,DragonPulse,Protect|Modest||F|||50|]Whimsicott||FocusSash|Prankster|Tailwind,Encore,EnergyBall,Moonblast|Timid||F|||50|]Gholdengo||LifeOrb|GoodasGold|ShadowBall,Protect,NastyPlot,MakeItRain|Modest|||||50|]Garchomp||SitrusBerry|RoughSkin|EarthPower,Protect,DragonClaw,RockSlide|Adamant||F|||50|]Ninetales-Alola||NeverMeltIce|SnowWarning|Protect,FreezeDry,Blizzard,Encore|Timid||M|||50|]Delphox||Delphoxite|Blaze|Protect,HeatWave,Psyshock,Psychic|Timid||F|||50|
|showteam|p2|Raichu||RaichuniteY|LightningRod|ZapCannon,FocusBlast,FakeOut,Protect|Timid||F|||50|]Mawile||Mawilite|HyperCutter|PlayRough,SuckerPunch,SwordsDance,Protect|Adamant||M|||50|]Sinistcha||KasibBerry|Hospitality|MatchaGotcha,LifeDew,RagePowder,Protect|Relaxed|||||50|]Ceruledge||ColburBerry|FlashFire|BitterBlade,ShadowSneak,BulkUp,Protect|Adamant||M|||50|]Milotic||Leftovers|Competitive|MuddyWater,Coil,Hypnosis,Protect|Calm||M|||50|]Incineroar||SitrusBerry|Intimidate|FlareBlitz,ThroatChop,FakeOut,PartingShot|Impish||F|||50|
|
|t:|1782413177
|teamsize|p1|4
|teamsize|p2|4
|start
|switch|p1a: Whimsicott|Whimsicott, L50, F|100/100
|switch|p1b: Eelektross|Eelektross, L50, F|100/100
|switch|p2a: Ceruledge|Ceruledge, L50, M|100/100
|switch|p2b: Incineroar|Incineroar, L50, F|100/100
|-ability|p2b: Incineroar|Intimidate|boost
|-unboost|p1a: Whimsicott|atk|1
|-unboost|p1b: Eelektross|atk|1
|turn|1
|
|t:|1782413213
|detailschange|p1b: Eelektross|Eelektross-Mega, L50, F
|-mega|p1b: Eelektross|Eelektross|Eelektrossite
|move|p1b: Eelektross|Protect|p1b: Eelektross
|-singleturn|p1b: Eelektross|Protect
|move|p1a: Whimsicott|Tailwind|p1a: Whimsicott
|-sidestart|p1: KieramX|move: Tailwind
|move|p2a: Ceruledge|Bitter Blade|p1a: Whimsicott
|-supereffective|p1a: Whimsicott|1
|-enditem|p1a: Whimsicott|Focus Sash
|-damage|p1a: Whimsicott|1/100
|move|p2b: Incineroar|Parting Shot|p1b: Eelektross
|-activate|p1b: Eelektross|move: Protect
|
|upkeep
|turn|2
|
|t:|1782413238
|switch|p1a: Garchomp|Garchomp, L50, F|100/100
|move|p2a: Ceruledge|Shadow Sneak|p1a: Garchomp
|-damage|p1a: Garchomp|78/100
|-damage|p2a: Ceruledge|87/100|[from] ability: Rough Skin|[of] p1a: Garchomp
|move|p1b: Eelektross|Discharge|p2b: Incineroar|[spread] p2a,p2b
|-immune|p1a: Garchomp
|-damage|p2a: Ceruledge|53/100
|-damage|p2b: Incineroar|68/100
|-status|p2a: Ceruledge|par
|move|p2b: Incineroar|Parting Shot|p1b: Eelektross
|-unboost|p1b: Eelektross|atk|1
|-unboost|p1b: Eelektross|spa|1
|
|t:|1782413246
|switch|p2b: Sinistcha|Sinistcha, L50|100/100|[from] Parting Shot
|-heal|p2a: Ceruledge|77/100 par|[from] ability: Hospitality|[of] p2b: Sinistcha
|
|upkeep
|turn|3
|
|t:|1782413261
|switch|p2a: Incineroar|Incineroar, L50, F|68/100
|-ability|p2a: Incineroar|Intimidate|boost
|-unboost|p1a: Garchomp|atk|1
|-unboost|p1b: Eelektross|atk|1
|move|p1a: Garchomp|Earth Power|p2a: Incineroar
|-supereffective|p2a: Incineroar|1
|-damage|p2a: Incineroar|28/100
|-enditem|p2a: Incineroar|Sitrus Berry|[eat]
|-heal|p2a: Incineroar|53/100|[from] item: Sitrus Berry
|move|p1b: Eelektross|Flamethrower|p2b: Sinistcha
|-supereffective|p2b: Sinistcha|1
|-damage|p2b: Sinistcha|52/100
|move|p2b: Sinistcha|Matcha Gotcha|p1a: Garchomp|[spread] p1a,p1b
|-damage|p1a: Garchomp|53/100
|-heal|p2b: Sinistcha|65/100|[from] drain|[of] p1a: Garchomp
|-damage|p1b: Eelektross|69/100
|-heal|p2b: Sinistcha|79/100|[from] drain|[of] p1b: Eelektross
|-status|p1b: Eelektross|brn
|
|-damage|p1b: Eelektross|63/100 brn|[from] brn
|upkeep
|turn|4
|
|t:|1782413302
|switch|p1b: Gholdengo|Gholdengo, L50|100/100
|move|p1a: Garchomp|Protect|p1a: Garchomp
|-singleturn|p1a: Garchomp|Protect
|move|p2a: Incineroar|Parting Shot|p1b: Gholdengo
|-immune|p1b: Gholdengo|[from] ability: Good as Gold
|move|p2b: Sinistcha|Matcha Gotcha|p1b: Gholdengo|[spread] p1b
|-activate|p1a: Garchomp|move: Protect
|-resisted|p1b: Gholdengo|1
|-crit|p1b: Gholdengo
|-damage|p1b: Gholdengo|79/100
|-heal|p2b: Sinistcha|89/100|[from] drain|[of] p1b: Gholdengo
|
|-sideend|p1: KieramX|move: Tailwind
|upkeep
|turn|5
|
|t:|1782413339
|switch|p1a: Eelektross|Eelektross-Mega, L50, F|63/100 brn
|move|p2b: Sinistcha|Rage Powder|p2b: Sinistcha
|-singleturn|p2b: Sinistcha|move: Rage Powder
|move|p1b: Gholdengo|Shadow Ball|p2b: Sinistcha
|-supereffective|p2b: Sinistcha|1
|-enditem|p2b: Sinistcha|Kasib Berry|[eat]
|-enditem|p2b: Sinistcha|Kasib Berry|[weaken]
|-damage|p2b: Sinistcha|35/100
|-unboost|p2b: Sinistcha|spd|1
|-damage|p1b: Gholdengo|69/100|[from] item: Life Orb
|move|p2a: Incineroar|Flare Blitz|p1b: Gholdengo
|-supereffective|p1b: Gholdengo|1
|-damage|p1b: Gholdengo|0 fnt
|faint|p1b: Gholdengo
|-damage|p2a: Incineroar|34/100|[from] Recoil
|
|-damage|p1a: Eelektross|57/100 brn|[from] brn
|upkeep
|
|t:|1782413358
|switch|p1b: Garchomp|Garchomp, L50, F|53/100
|turn|6
|
|t:|1782413375
|switch|p2b: Ceruledge|Ceruledge, L50, M|77/100 par
|move|p1b: Garchomp|Rock Slide|p2b: Ceruledge|[spread] p2a,p2b
|-supereffective|p2a: Incineroar|1
|-supereffective|p2b: Ceruledge|1
|-damage|p2a: Incineroar|1/100
|-damage|p2b: Ceruledge|27/100 par
|move|p1a: Eelektross|Flamethrower|p2b: Ceruledge
|-start|p2b: Ceruledge|ability: Flash Fire
|move|p2a: Incineroar|Parting Shot|p1a: Eelektross
|-unboost|p1a: Eelektross|atk|1
|-unboost|p1a: Eelektross|spa|1
|
|t:|1782413394
|switch|p2a: Sinistcha|Sinistcha, L50|35/100|[from] Parting Shot
|-heal|p2b: Ceruledge|51/100 par|[from] ability: Hospitality|[of] p2a: Sinistcha
|
|-damage|p1a: Eelektross|51/100 brn|[from] brn
|upkeep
|turn|7
|
|t:|1782413418
|move|p2a: Sinistcha|Rage Powder|p2a: Sinistcha
|-singleturn|p2a: Sinistcha|move: Rage Powder
|move|p1b: Garchomp|Earth Power|p2a: Sinistcha
|-resisted|p2a: Sinistcha|1
|-damage|p2a: Sinistcha|24/100
|move|p1a: Eelektross|Flamethrower|p2a: Sinistcha
|-supereffective|p2a: Sinistcha|1
|-damage|p2a: Sinistcha|0 fnt
|faint|p2a: Sinistcha
|-ability|p1a: Eelektross|Eelevate|boost
|-boost|p1a: Eelektross|spa|1
|cant|p2b: Ceruledge|par
|
|-damage|p1a: Eelektross|45/100 brn|[from] brn
|upkeep
|
|t:|1782413437
|switch|p2a: Mawile|Mawile, L50, M|100/100
|turn|8
|
|t:|1782413445
|detailschange|p2a: Mawile|Mawile-Mega, L50, M
|-mega|p2a: Mawile|Mawile|Mawilite
|move|p2a: Mawile|Sucker Punch|p1b: Garchomp
|-damage|p1b: Garchomp|12/100
|-damage|p2a: Mawile|87/100|[from] ability: Rough Skin|[of] p1b: Garchomp
|-enditem|p1b: Garchomp|Sitrus Berry|[eat]
|-heal|p1b: Garchomp|37/100|[from] item: Sitrus Berry
|move|p1b: Garchomp|Earth Power|p2b: Ceruledge
|-supereffective|p2b: Ceruledge|1
|-crit|p2b: Ceruledge
|-damage|p2b: Ceruledge|0 fnt
|faint|p2b: Ceruledge
|move|p1a: Eelektross|Flamethrower|p2a: Mawile
|-supereffective|p2a: Mawile|1
|-damage|p2a: Mawile|19/100
|
|-damage|p1a: Eelektross|38/100 brn|[from] brn
|upkeep
|
|t:|1782413450
|switch|p2b: Incineroar|Incineroar, L50, F|1/100
|-ability|p2b: Incineroar|Intimidate|boost
|-unboost|p1a: Eelektross|atk|1
|-unboost|p1b: Garchomp|atk|1
|turn|9
|
|t:|1782413467
|move|p1b: Garchomp|Protect|p1b: Garchomp
|-singleturn|p1b: Garchomp|Protect
|move|p2b: Incineroar|Fake Out|p1a: Eelektross
|-damage|p1a: Eelektross|23/100 brn
|move|p2a: Mawile|Sucker Punch||[still]
|-fail|p2a: Mawile
|cant|p1a: Eelektross|flinch
|
|-damage|p1a: Eelektross|17/100 brn|[from] brn
|upkeep
|turn|10
|
|t:|1782413485
|switch|p1b: Whimsicott|Whimsicott, L50, F|1/100
|move|p2a: Mawile|Protect|p2a: Mawile
|-singleturn|p2a: Mawile|Protect
|move|p1a: Eelektross|Discharge|p2a: Mawile|[spread] p1b,p2b
|-activate|p2a: Mawile|move: Protect
|-resisted|p1b: Whimsicott|1
|-damage|p1b: Whimsicott|0 fnt
|-damage|p2b: Incineroar|0 fnt
|faint|p1b: Whimsicott
|faint|p2b: Incineroar
|-ability|p1a: Eelektross|Eelevate|boost
|-boost|p1a: Eelektross|spa|2
|
|-damage|p1a: Eelektross|11/100 brn|[from] brn
|upkeep
|-message|Aeon_Twins forfeited.
|
|win|KieramX
||Aeon_Twins is ready for game 2.
||KieramX is ready for game 2.
|uhtml|next|Next: Game 2 of 3
|l|☆KieramX
|player|p1|
