|j|☆Fell Blue
|j|‽Adroqk
|html|Fell BlueAdroqk    
|uhtml|bestof|Game 2 of a best-of-3
|t:|1783202258
|gametype|doubles
|player|p1|Fell Blue|fantina|1231
|player|p2|Adroqk|1|1264
|gen|9
|tier|[Gen 9 Champions] VGC 2026 Reg M-B (Bo3)
|rated|
|rule|Species Clause: Limit one of each Pokémon
|rule|Item Clause: Limit 1 of each item
|clearpoke
|poke|p1|Mawile, L50, F|
|poke|p1|Farigiraf, L50, F|
|poke|p1|Drampa, L50, M|
|poke|p1|Kleavor, L50, F|
|poke|p1|Araquanid, L50, F|
|poke|p1|Incineroar, L50, M|
|poke|p2|Altaria, L50, M|
|poke|p2|Staraptor, L50, F|
|poke|p2|Incineroar, L50, M|
|poke|p2|Gholdengo, L50|
|poke|p2|Palafin, L50, M|
|poke|p2|Maushold, L50|
|teampreview|4
|showteam|p1|Mawile||Mawilite|HyperCutter|RockSlide,PlayRough,SuckerPunch,SwordsDance|Brave||F|||50|]Farigiraf||SitrusBerry|ArmorTail|Thunderbolt,HelpingHand,Psychic,TrickRoom|Modest||F|||50|]Drampa||Drampanite|CloudNine|EarthPower,HyperVoice,Thunderbolt,Protect|Quiet||M|||50|]Kleavor||FocusSash|Sharpness|CloseCombat,StoneAxe,XScissor,Feint|Brave||F|||50|]Araquanid||MysticWater|WaterBubble|Surf,HydroPump,MirrorCoat,Endeavor|Quiet||F|||50|]Incineroar||LifeOrb|Intimidate|CloseCombat,FlareBlitz,FakeOut,ThroatChop|Brave||M|||50|
|showteam|p2|Altaria||Altarianite|CloudNine|Tailwind,HyperVoice,DracoMeteor,Protect|Modest||M|||50|]Staraptor||Staraptite|Intimidate|CloseCombat,BraveBird,Tailwind,Protect|Jolly||F|||50|]Incineroar||SitrusBerry|Intimidate|FakeOut,PartingShot,FlareBlitz,HelpingHand|Careful||M|||50|]Gholdengo||WideLens|GoodasGold|NastyPlot,MakeItRain,ShadowBall,Protect|Modest|||||50|]Palafin||MysticWater|ZerotoHero|WaveCrash,JetPunch,FlipTurn,Protect|Jolly||M|||50|]Maushold||FocusSash|FriendGuard|Taunt,FollowMe,SuperFang,Protect|Timid|||||50|
|
|t:|1783202290
|teamsize|p1|4
|teamsize|p2|4
|start
|switch|p1a: Farigiraf|Farigiraf, L50, F|100/100
|switch|p1b: Incineroar|Incineroar, L50, M|100/100
|switch|p2a: Maushold|Maushold, L50|100/100
|switch|p2b: Palafin|Palafin, L50, M|100/100
|-ability|p1b: Incineroar|Intimidate|boost
|-unboost|p2a: Maushold|atk|1
|-unboost|p2b: Palafin|atk|1
|turn|1
|
|t:|1783202301
|detailschange|p2b: Palafin|Palafin-Hero, L50, M
|switch|p2b: Incineroar|Incineroar, L50, M|100/100
|-ability|p2b: Incineroar|Intimidate|boost
|-unboost|p1a: Farigiraf|atk|1
|-unboost|p1b: Incineroar|atk|1
|move|p1b: Incineroar|Fake Out|p2a: Maushold
|-damage|p2a: Maushold|83/100
|-damage|p1b: Incineroar|90/100|[from] item: Life Orb
|cant|p2a: Maushold|flinch
|move|p1a: Farigiraf|Trick Room|p1a: Farigiraf
|-fieldstart|move: Trick Room|[of] p1a: Farigiraf
|
|upkeep
|turn|2
|
|t:|1783202320
|switch|p1a: Araquanid|Araquanid, L50, F|100/100
|move|p1b: Incineroar|Close Combat|p2a: Maushold
|-supereffective|p2a: Maushold|1
|-damage|p2a: Maushold|0 fnt
|-unboost|p1b: Incineroar|def|1
|-unboost|p1b: Incineroar|spd|1
|faint|p2a: Maushold
|-damage|p1b: Incineroar|80/100|[from] item: Life Orb
|move|p2b: Incineroar|Parting Shot|p1b: Incineroar
|-unboost|p1b: Incineroar|atk|1
|-unboost|p1b: Incineroar|spa|1
|
|t:|1783202325
|switch|p2b: Staraptor|Staraptor, L50, F|100/100|[from] Parting Shot
|-ability|p2b: Staraptor|Intimidate|boost
|-unboost|p1a: Araquanid|atk|1
|-unboost|p1b: Incineroar|atk|1
|
|upkeep
|
|t:|1783202328
|switch|p2a: Palafin|Palafin-Hero, L50, M|100/100
|-activate|p2a: Palafin|ability: Zero to Hero
|turn|3
|
|t:|1783202340
|switch|p1b: Farigiraf|Farigiraf, L50, F|100/100
|detailschange|p2b: Staraptor|Staraptor-Mega, L50, F
|-mega|p2b: Staraptor|Staraptor|Staraptite
|move|p1a: Araquanid|Hydro Pump|p2b: Staraptor
|-damage|p2b: Staraptor|4/100
|move|p2a: Palafin|Wave Crash|p1b: Farigiraf
|-damage|p1b: Farigiraf|18/100
|-enditem|p1b: Farigiraf|Sitrus Berry|[eat]
|-heal|p1b: Farigiraf|43/100|[from] item: Sitrus Berry
|-damage|p2a: Palafin|65/100|[from] Recoil
|move|p2b: Staraptor|Brave Bird|p1a: Araquanid
|-supereffective|p1a: Araquanid|1
|-damage|p1a: Araquanid|0 fnt
|faint|p1a: Araquanid
|-damage|p2b: Staraptor|0 fnt|[from] Recoil
|faint|p2b: Staraptor
|
|upkeep
|
|t:|1783202359
|switch|p1a: Mawile|Mawile, L50, F|100/100
|switch|p2b: Incineroar|Incineroar, L50, M|100/100
|-ability|p2b: Incineroar|Intimidate|boost
|-fail|p1a: Mawile|unboost|Attack|[from] ability: Hyper Cutter|[of] p1a: Mawile
|-unboost|p1b: Farigiraf|atk|1
|turn|4
|
|t:|1783202371
|detailschange|p1a: Mawile|Mawile-Mega, L50, F
|-mega|p1a: Mawile|Mawile|Mawilite
|move|p2a: Palafin|Protect|p2a: Palafin
|-singleturn|p2a: Palafin|Protect
|move|p1a: Mawile|Rock Slide|p2b: Incineroar|[spread] p2b
|-activate|p2a: Palafin|move: Protect
|-supereffective|p2b: Incineroar|1
|-crit|p2b: Incineroar
|-damage|p2b: Incineroar|0 fnt
|faint|p2b: Incineroar
|move|p1b: Farigiraf|Thunderbolt|p2a: Palafin
|-activate|p2a: Palafin|move: Protect
|
|upkeep
|turn|5
|-message|Adroqk forfeited.
|
|win|Fell Blue
|raw|Fell Blue's rating: 1231 → 1258(+27 for winning)
|raw|Adroqk's rating: 1264 → 1237(-27 for losing)
