|j|☆LanternComic
|j|☆aerodactylhater
|html|LanternComicaerodactylhater    
|uhtml|bestof|Game 1 of a best-of-3
|t:|1785188327
|gametype|doubles
|player|p1|LanternComic|silver-masters|1351
|player|p2|aerodactylhater|cowgirl|1348
|gen|9
|tier|[Gen 9 Champions] VGC 2026 Reg M-B (Bo3)
|rated|
|rule|Species Clause: Limit one of each Pokémon
|rule|Item Clause: Limit 1 of each item
|clearpoke
|poke|p1|Staraptor, L50, F, shiny|
|poke|p1|Delphox, L50, M|
|poke|p1|Whimsicott, L50, F|
|poke|p1|Rotom-Wash, L50|
|poke|p1|Kingambit, L50, M, shiny|
|poke|p1|Sneasler, L50, M, shiny|
|poke|p2|Vanilluxe, L50, F|
|poke|p2|Blaziken, L50, M|
|poke|p2|Whimsicott, L50, F|
|poke|p2|Farigiraf, L50, F|
|poke|p2|Basculegion, L50, M|
|poke|p2|Kingambit, L50, M|
|teampreview|4
|showteam|p1|Staraptor||Staraptite|Intimidate|BraveBird,CloseCombat,Roost,Protect|Adamant||F|||50|]Delphox||Delphoxite|Blaze|HeatWave,Psychic,Substitute,Protect|Timid||M|||50|]Whimsicott||FocusSash|Prankster|Moonblast,Charm,Tailwind,FakeTears|Timid||F|||50|]Rotom-Wash||SitrusBerry|Levitate|Electroweb,HydroPump,WillOWisp,Protect|Bold|||||50|]Kingambit||ChopleBerry|Defiant|KowtowCleave,SuckerPunch,IronHead,LowKick|Adamant||M|||50|]Sneasler||WhiteHerb|Unburden|CloseCombat,DireClaw,FakeOut,Protect|Jolly||M|||50|
|showteam|p2|Vanilluxe||ChoiceScarf|SnowWarning|FreezeDry,Blizzard,IcyWind,SheerCold|Timid||F|||50|]Blaziken||Blazikenite|SpeedBoost|CloseCombat,FlareBlitz,Protect,RockSlide|Adamant||M|||50|]Whimsicott||FocusSash|Prankster|Moonblast,Tailwind,Protect,Encore|Timid||F|||50|]Farigiraf||SitrusBerry|ArmorTail|Psychic,Thunderbolt,TrickRoom,Protect|Modest||F|||50|]Basculegion||LifeOrb|Adaptability|WaveCrash,AquaJet,LastRespects,Protect|Adamant||M|||50|]Kingambit||BlackGlasses|Defiant|KowtowCleave,SuckerPunch,IronHead,Protect|Adamant||M|||50|
|inactive|Battle timer is ON: inactive players will automatically lose when time's up. (requested by aerodactylhater)
|
|t:|1785188357
|teamsize|p1|4
|teamsize|p2|4
|start
|switch|p1a: Staraptor|Staraptor, L50, F, shiny|100/100
|switch|p1b: Whimsicott|Whimsicott, L50, F|100/100
|switch|p2a: Kingambit|Kingambit, L50, M|100/100
|switch|p2b: Blaziken|Blaziken, L50, M|100/100
|-ability|p1a: Staraptor|Intimidate|boost
|-unboost|p2a: Kingambit|atk|1
|-ability|p2a: Kingambit|Defiant|boost
|-boost|p2a: Kingambit|atk|2
|-unboost|p2b: Blaziken|atk|1
|turn|1
|
|t:|1785188374
|switch|p2a: Basculegion|Basculegion, L50, M|100/100
|detailschange|p1a: Staraptor|Staraptor-Mega, L50, F, shiny
|-mega|p1a: Staraptor|Staraptor|Staraptite
|detailschange|p2b: Blaziken|Blaziken-Mega, L50, M
|-mega|p2b: Blaziken|Blaziken|Blazikenite
|move|p1b: Whimsicott|Charm|p1a: Staraptor
|-boost|p1a: Staraptor|atk|2
|move|p1a: Staraptor|Close Combat|p2a: Basculegion
|-immune|p2a: Basculegion
|move|p2b: Blaziken|Rock Slide|p1b: Whimsicott|[spread] p1a,p1b
|-damage|p1a: Staraptor|83/100
|-damage|p1b: Whimsicott|76/100
|
|-ability|p2b: Blaziken|Speed Boost|boost
|-boost|p2b: Blaziken|spe|1
|upkeep
|turn|2
|
|t:|1785188386
|move|p2b: Blaziken|Protect|p2b: Blaziken
|-singleturn|p2b: Blaziken|Protect
|move|p1b: Whimsicott|Tailwind|p1b: Whimsicott
|-sidestart|p1: LanternComic|move: Tailwind
|move|p1a: Staraptor|Brave Bird|p2a: Basculegion
|-damage|p2a: Basculegion|0 fnt
|faint|p2a: Basculegion
|-damage|p1a: Staraptor|47/100|[from] Recoil
|
|-ability|p2b: Blaziken|Speed Boost|boost
|-boost|p2b: Blaziken|spe|1
|upkeep
|
|t:|1785188394
|switch|p2a: Vanilluxe|Vanilluxe, L50, F|100/100
|-weather|Snowscape|[from] ability: Snow Warning|[of] p2a: Vanilluxe
|turn|3
|
|t:|1785188400
|move|p1b: Whimsicott|Charm|p2b: Blaziken
|-unboost|p2b: Blaziken|atk|2
|move|p1a: Staraptor|Close Combat|p2a: Vanilluxe
|-supereffective|p2a: Vanilluxe|1
|-damage|p2a: Vanilluxe|0 fnt
|-boost|p1a: Staraptor|def|1
|-boost|p1a: Staraptor|spd|1
|faint|p2a: Vanilluxe
|move|p2b: Blaziken|Flare Blitz|p1a: Staraptor
|-damage|p1a: Staraptor|26/100
|-damage|p2b: Blaziken|91/100|[from] Recoil
|
|-weather|Snowscape|[upkeep]
|-ability|p2b: Blaziken|Speed Boost|boost
|-boost|p2b: Blaziken|spe|1
|upkeep
|
|t:|1785188406
|switch|p2a: Kingambit|Kingambit, L50, M|100/100
|turn|4
|
|t:|1785188411
|move|p2a: Kingambit|Protect|p2a: Kingambit
|-singleturn|p2a: Kingambit|Protect
|move|p1b: Whimsicott|Charm|p2b: Blaziken
|-unboost|p2b: Blaziken|atk|2
|move|p2b: Blaziken|Flare Blitz|p1a: Staraptor
|-damage|p1a: Staraptor|11/100
|-damage|p2b: Blaziken|85/100|[from] Recoil
|move|p1a: Staraptor|Roost|p1a: Staraptor
|-heal|p1a: Staraptor|61/100
|-singleturn|p1a: Staraptor|move: Roost
|
|-weather|Snowscape|[upkeep]
|-ability|p2b: Blaziken|Speed Boost|boost
|-boost|p2b: Blaziken|spe|1
|upkeep
|turn|5
|
|t:|1785188422
|move|p1b: Whimsicott|Charm|p2b: Blaziken
|-unboost|p2b: Blaziken|atk|1
|move|p2b: Blaziken|Flare Blitz|p1a: Staraptor
|-damage|p1a: Staraptor|47/100
|-damage|p2b: Blaziken|80/100|[from] Recoil
|move|p1a: Staraptor|Close Combat|p2a: Kingambit
|-supereffective|p2a: Kingambit|2
|-damage|p2a: Kingambit|0 fnt
|-boost|p1a: Staraptor|def|1
|-boost|p1a: Staraptor|spd|1
|faint|p2a: Kingambit
|
|-weather|Snowscape|[upkeep]
|-sideend|p1: LanternComic|move: Tailwind
|-ability|p2b: Blaziken|Speed Boost|boost
|-boost|p2b: Blaziken|spe|1
|upkeep
|turn|6
|
|t:|1785188431
|move|p2b: Blaziken|Flare Blitz|p1a: Staraptor
|-damage|p1a: Staraptor|37/100
|-damage|p2b: Blaziken|77/100|[from] Recoil
|move|p1b: Whimsicott|Moonblast|p2b: Blaziken
|-damage|p2b: Blaziken|28/100
|move|p1a: Staraptor|Close Combat|p2b: Blaziken
|-damage|p2b: Blaziken|0 fnt
|-boost|p1a: Staraptor|def|1
|-boost|p1a: Staraptor|spd|1
|faint|p2b: Blaziken
|
|win|LanternComic
