|j|☆Erickm57
|j|☆kulllllllllle
|html|Erickm57kulllllllllle    
|uhtml|bestof|Game 2 of a best-of-3
|t:|1782240437
|gametype|doubles
|player|p1|Erickm57|265|1124
|player|p2|kulllllllllle|swimmer-gen4dp|1050
|gen|9
|tier|[Gen 9 Champions] VGC 2026 Reg M-B (Bo3)
|rated|
|rule|Species Clause: Limit one of each Pokémon
|rule|Item Clause: Limit 1 of each item
|clearpoke
|poke|p1|Sylveon, L50, F|
|poke|p1|Charizard, L50, F|
|poke|p1|Garchomp, L50, F|
|poke|p1|Aerodactyl, L50, M|
|poke|p1|Kingambit, L50, F|
|poke|p1|Farigiraf, L50, M|
|poke|p2|Annihilape, L50, M|
|poke|p2|Maushold, L50|
|poke|p2|Sinistcha, L50|
|poke|p2|Froslass, L50, F|
|poke|p2|Ninetales-Alola, L50, M|
|poke|p2|Charizard, L50, F|
|teampreview|4
|showteam|p1|Sylveon||FairyFeather|Pixilate|HyperVoice,HyperBeam,QuickAttack,Detect|Modest||F|||50|]Charizard||CharizarditeY|Blaze|WeatherBall,HeatWave,SolarBeam,Protect|Modest||F|||50|]Garchomp||ChoiceScarf|RoughSkin|DragonClaw,Earthquake,StompingTantrum,RockSlide|Adamant||F|||50|]Aerodactyl||FocusSash|Unnerve|RockSlide,WideGuard,Tailwind,Protect|Jolly||M|||50|]Kingambit||BlackGlasses|Defiant|KowtowCleave,IronHead,SuckerPunch,LowKick|Brave||F|||50|]Farigiraf||SitrusBerry|ArmorTail|Psychic,HelpingHand,TrickRoom,AllySwitch|Relaxed||M|||50|
|showteam|p2|Annihilape||BrightPowder|Defiant|RageFist,DrainPunch,BulkUp,Protect|Adamant||M|||50|]Maushold||FocusSash|FriendGuard|FollowMe,Taunt,BeatUp,AfterYou|Jolly|||||50|]Sinistcha||SitrusBerry|Hospitality|RagePowder,LifeDew,MatchaGotcha,TrickRoom|Relaxed|||||50|]Froslass||Froslassite|SnowCloak|AuroraVeil,Blizzard,Haze,ShadowBall|Timid||F|||50|]Ninetales-Alola||LifeOrb|SnowWarning|Blizzard,FreezeDry,Disable,Moonblast|Timid||M|||50|]Charizard||CharizarditeY|Blaze|Flamethrower,SolarBeam,Overheat,FlameCharge|Timid||F|||50|
|
|t:|1782240471
|teamsize|p1|4
|teamsize|p2|4
|start
|switch|p1a: Farigiraf|Farigiraf, L50, M|100/100
|switch|p1b: Charizard|Charizard, L50, F|100/100
|switch|p2a: Charizard|Charizard, L50, F|100/100
|switch|p2b: Ninetales|Ninetales-Alola, L50, M|100/100
|-weather|Snowscape|[from] ability: Snow Warning|[of] p2b: Ninetales
|turn|1
|inactive|Battle timer is ON: inactive players will automatically lose when time's up. (requested by kulllllllllle)
|
|t:|1782240500
|detailschange|p2a: Charizard|Charizard-Mega-Y, L50, F
|-mega|p2a: Charizard|Charizard|Charizardite Y
|-weather|SunnyDay|[from] ability: Drought|[of] p2a: Charizard
|move|p2b: Ninetales|Freeze-Dry|p1b: Charizard
|-damage|p1b: Charizard|60/100
|-damage|p2b: Ninetales|90/100|[from] item: Life Orb
|move|p2a: Charizard|Overheat|p1b: Charizard
|-resisted|p1b: Charizard|1
|-damage|p1b: Charizard|0 fnt
|-unboost|p2a: Charizard|spa|2
|faint|p1b: Charizard
|move|p1a: Farigiraf|Psychic|p2a: Charizard
|-damage|p2a: Charizard|59/100
|
|-weather|SunnyDay|[upkeep]
|upkeep
|
|t:|1782240515
|switch|p1b: Sylveon|Sylveon, L50, F|100/100
|turn|2
|inactive|kulllllllllle has 30 seconds left.
|inactive|kulllllllllle has 20 seconds left.
|inactive|kulllllllllle has 15 seconds left.
|
|t:|1782240556
|move|p2b: Ninetales|Moonblast|p1b: Sylveon
|-crit|p1b: Sylveon
|-damage|p1b: Sylveon|53/100
|-damage|p2b: Ninetales|81/100|[from] item: Life Orb
|move|p2a: Charizard|Flame Charge|p1b: Sylveon
|-damage|p1b: Sylveon|21/100
|-boost|p2a: Charizard|spe|1
|move|p1b: Sylveon|Hyper Voice|p2b: Ninetales|[spread] p2a,p2b
|-resisted|p2a: Charizard|1
|-damage|p2a: Charizard|35/100
|-damage|p2b: Ninetales|26/100
|move|p1a: Farigiraf|Psychic|p2a: Charizard
|-damage|p2a: Charizard|0 fnt
|faint|p2a: Charizard
|
|-weather|SunnyDay|[upkeep]
|upkeep
|inactive|kulllllllllle has 30 seconds left.
|
|t:|1782240588
|switch|p2a: Annihilape|Annihilape, L50, M|100/100
|turn|3
|
|t:|1782240611
|move|p1b: Sylveon|Detect|p1b: Sylveon
|-singleturn|p1b: Sylveon|Protect
|move|p2b: Ninetales|Moonblast|p1b: Sylveon
|-activate|p1b: Sylveon|move: Protect
|move|p2a: Annihilape|Drain Punch|p1b: Sylveon
|-activate|p1b: Sylveon|move: Protect
|move|p1a: Farigiraf|Trick Room|p1a: Farigiraf
|-fieldstart|move: Trick Room|[of] p1a: Farigiraf
|
|-weather|SunnyDay|[upkeep]
|upkeep
|turn|4
|inactive|kulllllllllle has 30 seconds left.
|
|t:|1782240637
|move|p1a: Farigiraf|Ally Switch|p1a: Farigiraf
|swap|p1a: Farigiraf|1|[from] move: Ally Switch
|move|p1a: Sylveon|Hyper Voice|p2b: Ninetales|[spread] p2a,p2b
|-supereffective|p2a: Annihilape|1
|-damage|p2a: Annihilape|5/100
|-damage|p2b: Ninetales|0 fnt
|faint|p2b: Ninetales
|move|p2a: Annihilape|Drain Punch|p1b: Farigiraf
|-damage|p1b: Farigiraf|61/100
|-heal|p2a: Annihilape|24/100|[from] drain|[of] p1b: Farigiraf
|
|-weather|SunnyDay|[upkeep]
|upkeep
|
|t:|1782240641
|switch|p2b: Sinistcha|Sinistcha, L50|100/100
|-heal|p2a: Annihilape|49/100|[from] ability: Hospitality|[of] p2b: Sinistcha
|turn|5
|
|t:|1782240663
|move|p2a: Annihilape|Protect|p2a: Annihilape
|-singleturn|p2a: Annihilape|Protect
|move|p1b: Farigiraf|Ally Switch|p1b: Farigiraf
|swap|p1b: Farigiraf|0|[from] move: Ally Switch
|move|p1b: Sylveon|Hyper Voice|p2b: Sinistcha|[spread] p2b
|-activate|p2a: Annihilape|move: Protect
|-damage|p2b: Sinistcha|37/100
|-enditem|p2b: Sinistcha|Sitrus Berry|[eat]
|-heal|p2b: Sinistcha|62/100|[from] item: Sitrus Berry
|move|p2b: Sinistcha|Trick Room|p2b: Sinistcha
|-fieldend|move: Trick Room
|
|-weather|none
|upkeep
|turn|6
|inactive|kulllllllllle has 30 seconds left.
|
|t:|1782240692
|move|p1b: Sylveon|Detect|p1b: Sylveon
|-singleturn|p1b: Sylveon|Protect
|move|p2a: Annihilape|Drain Punch|p1b: Sylveon
|-activate|p1b: Sylveon|move: Protect
|move|p2b: Sinistcha|Life Dew|p2b: Sinistcha|[spread] p2a,p2b
|-heal|p2a: Annihilape|74/100
|-heal|p2b: Sinistcha|87/100
|move|p1a: Farigiraf|Trick Room|p1a: Farigiraf
|-fieldstart|move: Trick Room|[of] p1a: Farigiraf
|
|upkeep
|turn|7
|
|t:|1782240707
|move|p2a: Annihilape|Protect|p2a: Annihilape
|-singleturn|p2a: Annihilape|Protect
|move|p1a: Farigiraf|Psychic|p2a: Annihilape
|-activate|p2a: Annihilape|move: Protect
|move|p1b: Sylveon|Hyper Voice|p2a: Annihilape|[spread] p2b
|-activate|p2a: Annihilape|move: Protect
|-damage|p2b: Sinistcha|23/100
|move|p2b: Sinistcha|Trick Room|p2b: Sinistcha
|-fieldend|move: Trick Room
|
|upkeep
|turn|8
|inactive|kulllllllllle has 30 seconds left.
|inactive|kulllllllllle has 20 seconds left.
|
|t:|1782240743
|move|p1b: Sylveon|Detect|p1b: Sylveon
|-singleturn|p1b: Sylveon|Protect
|move|p2a: Annihilape|Drain Punch|p1a: Farigiraf
|-damage|p1a: Farigiraf|20/100r
|-heal|p2a: Annihilape|95/100|[from] drain|[of] p1a: Farigiraf
|-enditem|p1a: Farigiraf|Sitrus Berry|[eat]
|-heal|p1a: Farigiraf|45/100|[from] item: Sitrus Berry
|move|p2b: Sinistcha|Matcha Gotcha|p1b: Sylveon|[spread] p1a
|-activate|p1b: Sylveon|move: Protect
|-crit|p1a: Farigiraf
|-damage|p1a: Farigiraf|10/100
|-heal|p2b: Sinistcha|44/100|[from] drain|[of] p1a: Farigiraf
|move|p1a: Farigiraf|Psychic|p2a: Annihilape
|-supereffective|p2a: Annihilape|1
|-damage|p2a: Annihilape|21/100
|
|upkeep
|turn|9
|inactive|Erickm57 has 30 seconds left.
|inactive|kulllllllllle has 30 seconds left.
|
|t:|1782240775
|move|p1b: Sylveon|Quick Attack|p2a: Annihilape|[miss]
|-miss|p1b: Sylveon|p2a: Annihilape
|move|p2a: Annihilape|Drain Punch|p1a: Farigiraf
|-damage|p1a: Farigiraf|0 fnt
|-heal|p2a: Annihilape|26/100|[from] drain|[of] p1a: Farigiraf
|faint|p1a: Farigiraf
|move|p2b: Sinistcha|Matcha Gotcha|p1b: Sylveon
|-damage|p1b: Sylveon|0 fnt
|-heal|p2b: Sinistcha|56/100|[from] drain|[of] p1b: Sylveon
|faint|p1b: Sylveon
|
|upkeep
|
|t:|1782240796
|switch|p1b: Kingambit|Kingambit, L50, F|100/100
|turn|10
|
|t:|1782240820
|move|p2b: Sinistcha|Rage Powder|p2b: Sinistcha
|-singleturn|p2b: Sinistcha|move: Rage Powder
|move|p2a: Annihilape|Drain Punch|p1b: Kingambit
|-supereffective|p1b: Kingambit|2
|-damage|p1b: Kingambit|0 fnt
|-heal|p2a: Annihilape|74/100|[from] drain|[of] p1b: Kingambit
|faint|p1b: Kingambit
|
|win|kulllllllllle
|raw|Erickm57's rating: 1124 → 1094(-30 for losing)
|raw|kulllllllllle's rating: 1050 → 1089(+39 for winning)
