|j|‽trail run 001
|j|☆VenusaurBot
|html|trail run 001VenusaurBot    
|uhtml|bestof|Game 1 of a best-of-3
|t:|1784299641
|gametype|doubles
|player|p1|trail run 001|scientist|1107
|player|p2|VenusaurBot|koga|1185
|gen|9
|tier|[Gen 9 Champions] VGC 2026 Reg M-B (Bo3)
|rated|
|rule|Species Clause: Limit one of each Pokémon
|rule|Item Clause: Limit 1 of each item
|clearpoke
|poke|p1|Palafin, L50, M, shiny|
|poke|p1|Sinistcha, L50|
|poke|p1|Sneasler, L50, F|
|poke|p1|Incineroar, L50, M|
|poke|p1|Floette-Eternal, L50, F|
|poke|p1|Kangaskhan, L50, F|
|poke|p2|Blaziken, L50, F|
|poke|p2|Venusaur, L50, F|
|poke|p2|Ninetales-Alola, L50, M|
|poke|p2|Dragonite, L50, M|
|poke|p2|Kingambit, L50, M|
|poke|p2|Basculegion, L50, M|
|teampreview|4
|showteam|p1|Palafin||ScopeLens|ZerotoHero|JetPunch,DrainPunch,FocusEnergy,Protect|Adamant||M|||50|]Sinistcha||KasibBerry|Hospitality|MatchaGotcha,ShadowBall,LifeDew,RagePowder|Bold|||||50|]Sneasler||FocusSash|PoisonTouch|DireClaw,CloseCombat,FakeOut,Coaching|Jolly||F|||50|]Incineroar||SitrusBerry|Intimidate|FlareBlitz,ThroatChop,HelpingHand,PartingShot|Careful||M|||50|]Floette-Eternal||Floettite|FlowerVeil|CalmMind,DazzlingGleam,DrainingKiss,Protect|Modest||F|||50|]Kangaskhan||Kangaskhanite|Scrappy|FakeOut,DrainPunch,DoubleEdge,SuckerPunch|Adamant||F|||50|
|showteam|p2|Blaziken||Blazikenite|SpeedBoost|Protect,FlareBlitz,CloseCombat,RockSlide|Adamant||F|||50|]Venusaur||Venusaurite|Chlorophyll|Protect,EarthPower,SludgeBomb,GigaDrain|Modest||F|||50|]Ninetales-Alola||NeverMeltIce|SnowWarning|Protect,Blizzard,FreezeDry,Encore|Timid||M|||50|]Dragonite||LifeOrb|InnerFocus|Protect,ExtremeSpeed,DragonClaw,LowKick|Adamant||M|||50|]Kingambit||BlackGlasses|Defiant|Protect,KowtowCleave,SuckerPunch,IronHead|Adamant||M|||50|]Basculegion||ChoiceScarf|Adaptability|WaveCrash,FlipTurn,AquaJet,LastRespects|Jolly||M|||50|
|inactive|Battle timer is ON: inactive players will automatically lose when time's up. (requested by VenusaurBot)
|inactive|trail run 001 has 60 seconds left.
|inactive|VenusaurBot has 60 seconds left.
|inactive|trail run 001 has 30 seconds left.
|inactive|VenusaurBot has 30 seconds left.
|inactive|VenusaurBot has 20 seconds left.
|inactive|VenusaurBot has 15 seconds left.
|inactive|VenusaurBot has 10 seconds left.
|
|t:|1784299730
|teamsize|p1|4
|teamsize|p2|4
|start
|switch|p1a: Kangaskhan|Kangaskhan, L50, F|100/100
|switch|p1b: Palafin|Palafin, L50, M, shiny|100/100
|switch|p2a: Dragonite|Dragonite, L50, M|100/100
|switch|p2b: Kingambit|Kingambit, L50, M|100/100
|turn|1
|inactive|trail run 001 has 30 seconds left.
|inactive|trail run 001 has 20 seconds left.
|inactive|trail run 001 has 15 seconds left.
|inactive|trail run 001 has 10 seconds left.
|inactive|trail run 001 has 5 seconds left.
|
|t:|1784299783
|switch|p2b: Basculegion|Basculegion, L50, M|100/100
|move|p1b: Palafin|Protect|p1b: Palafin
|-singleturn|p1b: Palafin|Protect
|move|p1a: Kangaskhan|Fake Out|p2a: Dragonite
|-damage|p2a: Dragonite|77/100
|move|p2a: Dragonite|Dragon Claw|p1b: Palafin
|-activate|p1b: Palafin|move: Protect
|
|upkeep
|turn|2
|inactive|VenusaurBot has 30 seconds left.
|
|t:|1784299813
|detailschange|p1b: Palafin|Palafin-Hero, L50, M, shiny
|switch|p1b: Incineroar|Incineroar, L50, M|100/100
|-ability|p1b: Incineroar|Intimidate|boost
|-fail|p2a: Dragonite|unboost|Attack|[from] ability: Inner Focus|[of] p2a: Dragonite
|-unboost|p2b: Basculegion|atk|1
|move|p1a: Kangaskhan|Sucker Punch|p2b: Basculegion
|-supereffective|p2b: Basculegion|1
|-damage|p2b: Basculegion|42/100
|move|p2b: Basculegion|Wave Crash|p1a: Kangaskhan
|-damage|p1a: Kangaskhan|53/100
|-damage|p2b: Basculegion|26/100|[from] Recoil
|move|p2a: Dragonite|Dragon Claw|p1b: Incineroar
|-crit|p1b: Incineroar
|-damage|p1b: Incineroar|16/100
|-enditem|p1b: Incineroar|Sitrus Berry|[eat]
|-heal|p1b: Incineroar|41/100|[from] item: Sitrus Berry
|-damage|p2a: Dragonite|68/100|[from] item: Life Orb
|
|upkeep
|turn|3
|inactive|trail run 001 has 30 seconds left.
|inactive|VenusaurBot has 30 seconds left.
|inactive|VenusaurBot has 20 seconds left.
|inactive|trail run 001 has 20 seconds left.
|inactive|VenusaurBot has 15 seconds left.
|inactive|VenusaurBot has 10 seconds left.
|inactive|VenusaurBot has 5 seconds left.
|
|t:|1784299863
|switch|p2b: Kingambit|Kingambit, L50, M|100/100
|switch|p1b: Sinistcha|Sinistcha, L50|100/100
|-heal|p1a: Kangaskhan|78/100|[from] ability: Hospitality|[of] p1b: Sinistcha
|move|p2a: Dragonite|Low Kick|p1a: Kangaskhan
|-supereffective|p1a: Kangaskhan|1
|-damage|p1a: Kangaskhan|1/100
|-damage|p2a: Dragonite|58/100|[from] item: Life Orb
|move|p1a: Kangaskhan|Drain Punch|p2b: Kingambit
|-supereffective|p2b: Kingambit|2
|-crit|p2b: Kingambit
|-damage|p2b: Kingambit|0 fnt
|-heal|p1a: Kangaskhan|50/100g|[from] drain|[of] p2b: Kingambit
|faint|p2b: Kingambit
|
|upkeep
|
|t:|1784299882
|switch|p2b: Venusaur|Venusaur, L50, F|100/100
|turn|4
|
|t:|1784299901
|detailschange|p1a: Kangaskhan|Kangaskhan-Mega, L50, F
|-mega|p1a: Kangaskhan|Kangaskhan|Kangaskhanite
|detailschange|p2b: Venusaur|Venusaur-Mega, L50, F
|-mega|p2b: Venusaur|Venusaur|Venusaurite
|move|p2a: Dragonite|Protect|p2a: Dragonite
|-singleturn|p2a: Dragonite|Protect
|move|p1b: Sinistcha|Rage Powder|p1b: Sinistcha
|-singleturn|p1b: Sinistcha|move: Rage Powder
|move|p1a: Kangaskhan|Double-Edge|p2b: Venusaur
|-damage|p2b: Venusaur|46/100
|-damage|p2b: Venusaur|33/100
|-hitcount|p2b: Venusaur|2
|-damage|p1a: Kangaskhan|31/100|[from] Recoil
|move|p2b: Venusaur|Sludge Bomb|p1a: Kangaskhan
|-damage|p1a: Kangaskhan|0 fnt
|faint|p1a: Kangaskhan
|
|upkeep
|
|t:|1784299915
|switch|p1a: Incineroar|Incineroar, L50, M|41/100
|-ability|p1a: Incineroar|Intimidate|boost
|-fail|p2a: Dragonite|unboost|Attack|[from] ability: Inner Focus|[of] p2a: Dragonite
|-unboost|p2b: Venusaur|atk|1
|turn|5
|
|t:|1784299943
|move|p2a: Dragonite|Dragon Claw|p1b: Sinistcha
|-damage|p1b: Sinistcha|48/100
|-damage|p2a: Dragonite|49/100|[from] item: Life Orb
|move|p2b: Venusaur|Sludge Bomb|p1a: Incineroar
|-damage|p1a: Incineroar|7/100
|-status|p1a: Incineroar|psn
|move|p1a: Incineroar|Flare Blitz|p2b: Venusaur
|-supereffective|p2b: Venusaur|1
|-damage|p2b: Venusaur|1/100
|-damage|p1a: Incineroar|0 fnt|[from] Recoil
|faint|p1a: Incineroar
|move|p1b: Sinistcha|Matcha Gotcha|p2b: Venusaur|[spread] p2b
|-miss|p1b: Sinistcha|p2a: Dragonite
|-resisted|p2b: Venusaur|2
|-damage|p2b: Venusaur|0 fnt
|-heal|p1b: Sinistcha|49/100|[from] drain|[of] p2b: Venusaur
|faint|p2b: Venusaur
|
|upkeep
|
|t:|1784299959
|switch|p2b: Basculegion|Basculegion, L50, M|26/100
|switch|p1a: Palafin|Palafin-Hero, L50, M, shiny|100/100
|-activate|p1a: Palafin|ability: Zero to Hero
|turn|6
|
|t:|1784299976
|move|p1b: Sinistcha|Rage Powder|p1b: Sinistcha
|-singleturn|p1b: Sinistcha|move: Rage Powder
|move|p1a: Palafin|Jet Punch|p2b: Basculegion
|-resisted|p2b: Basculegion|1
|-crit|p2b: Basculegion
|-damage|p2b: Basculegion|0 fnt
|faint|p2b: Basculegion
|move|p2a: Dragonite|Dragon Claw|p1b: Sinistcha
|-damage|p1b: Sinistcha|0 fnt
|faint|p1b: Sinistcha
|-damage|p2a: Dragonite|39/100|[from] item: Life Orb
|
|upkeep
|turn|7
|
|t:|1784299988
|move|p2a: Dragonite|Dragon Claw|p1a: Palafin
|-damage|p1a: Palafin|43/100
|-damage|p2a: Dragonite|30/100|[from] item: Life Orb
|move|p1a: Palafin|Drain Punch|p2a: Dragonite
|-resisted|p2a: Dragonite|1
|-damage|p2a: Dragonite|13/100
|-heal|p1a: Palafin|50/100g|[from] drain|[of] p2a: Dragonite
|
|upkeep
|turn|8
|
|t:|1784300005
|move|p1a: Palafin|Jet Punch|p2a: Dragonite
|-resisted|p2a: Dragonite|1
|-damage|p2a: Dragonite|0 fnt
|faint|p2a: Dragonite
|
|win|trail run 001
||VenusaurBot is ready for game 2.
||trail run 001 is ready for game 2.
|uhtml|next|Next: Game 2 of 3
