|j|☆Blood Mustard
|j|☆princesas cagar
|html|Blood Mustardprincesas cagar    
|uhtml|bestof|Game 2 of a best-of-3
|t:|1754262149
|gametype|doubles
|player|p1|Blood Mustard|acetrainer-gen4|1173
|player|p2|princesas cagar|102|1229
|gen|9
|tier|[Gen 9] VGC 2025 Reg H (Bo3)
|rated|
|rule|Species Clause: Limit one of each Pokémon
|rule|Item Clause: Limit 1 of each item
|clearpoke
|poke|p1|Annihilape, L50, M|
|poke|p1|Maushold, L50|
|poke|p1|Tyranitar, L50, F|
|poke|p1|Ursaluna-Bloodmoon, L50, M|
|poke|p1|Klefki, L50, M|
|poke|p1|Sinistcha, L50|
|poke|p2|Dondozo, L50, F|
|poke|p2|Tatsugiri-Droopy, L50, F|
|poke|p2|Ninetales-Alola, L50, M|
|poke|p2|Talonflame, L50, F|
|poke|p2|Garchomp, L50, M|
|poke|p2|Kingambit, L50, M|
|teampreview|4
|showteam|p1|Annihilape||SpellTag|Defiant|DrainPunch,RageFist,BulkUp,Protect|||M|||50|,,,,,Water]Maushold||SafetyGoggles|FriendGuard|BeatUp,FollowMe,Taunt,Protect||||||50|,,,,,Ghost]Tyranitar||AssaultVest|SandStream|KnockOff,RockSlide,LowKick,TeraBlast|||F|||50|,,,,,Flying]Ursaluna-Bloodmoon||LifeOrb|MindsEye|BloodMoon,EarthPower,HyperVoice,Protect|||M|||50|,,,,,Normal]Klefki||LightClay|Prankster|DazzlingGleam,MistyTerrain,LightScreen,Reflect|||M|||50|,,,,,Ghost]Sinistcha||SitrusBerry|Hospitality|MatchaGotcha,RagePowder,LifeDew,TrickRoom||||||50|,,,,,Fairy
|showteam|p2|Dondozo||Leftovers|Unaware|Protect,BodyPress,OrderUp,Earthquake|||F|||50|,,,,,Grass]Tatsugiri-Droopy||ChoiceScarf|Commander|MuddyWater,IcyWind,DracoMeteor,TeraBlast|||F|||50|,,,,,Ghost]Ninetales-Alola||FocusSash|SnowWarning|Protect,Blizzard,FreezeDry,Encore|||M|||50|,,,,,Ghost]Talonflame||CovertCloak|FlameBody|BraveBird,Taunt,WillOWisp,Tailwind|||F|||50|,,,,,Flying]Garchomp||LifeOrb|SandVeil|Protect,DragonClaw,Earthquake,StompingTantrum|||M|||50|,,,,,Ground]Kingambit||AssaultVest|Defiant|KowtowCleave,SuckerPunch,IronHead,LowKick|||M|||50|,,,,,Flying
|inactive|Battle timer is ON: inactive players will automatically lose when time's up. (requested by princesas cagar)
|inactive|princesas cagar has 60 seconds left.
|l|☆Blood Mustard
|inactive|Blood Mustard disconnected and has a minute to reconnect!
|player|p1|
|j|☆Blood Mustard
|inactive|Blood Mustard reconnected and has 50 seconds left.
|player|p1|Blood Mustard|acetrainer-gen4|
|inactive|princesas cagar has 30 seconds left.
|inactive|Blood Mustard has 30 seconds left.
|inactive|Blood Mustard has 20 seconds left.
|inactive|Blood Mustard has 15 seconds left.
|inactive|Blood Mustard has 10 seconds left.
|
|t:|1754262237
|teamsize|p1|4
|teamsize|p2|4
|start
|switch|p1a: Maushold|Maushold, L50|100/100
|switch|p1b: Annihilape|Annihilape, L50, M|100/100
|switch|p2a: Garchomp|Garchomp, L50, M|100/100
|switch|p2b: Tatsugiri|Tatsugiri-Droopy, L50, F|100/100
|turn|1
|
|t:|1754262256
|move|p2b: Tatsugiri|Draco Meteor|p1a: Maushold|[miss]
|-miss|p2b: Tatsugiri|p1a: Maushold
|move|p1a: Maushold|Beat Up|p1b: Annihilape
|-damage|p1b: Annihilape|98/100
|-damage|p1b: Annihilape|96/100
|-damage|p1b: Annihilape|94/100
|-damage|p1b: Annihilape|91/100
|-hitcount|p1b: Annihilape|4
|move|p2a: Garchomp|Stomping Tantrum|p1b: Annihilape
|-damage|p1b: Annihilape|47/100
|-damage|p2a: Garchomp|91/100|[from] item: Life Orb
|move|p1b: Annihilape|Rage Fist|p2a: Garchomp
|-damage|p2a: Garchomp|0 fnt
|faint|p2a: Garchomp
|
|upkeep
|
|t:|1754262272
|switch|p2a: Ninetales|Ninetales-Alola, L50, M|100/100
|-weather|Snowscape|[from] ability: Snow Warning|[of] p2a: Ninetales
|turn|2
|inactive|princesas cagar has 30 seconds left.
|inactive|Blood Mustard has 30 seconds left.
|inactive|princesas cagar has 20 seconds left.
|
|t:|1754262309
|switch|p2b: Dondozo|Dondozo, L50, F|100/100
|move|p1b: Annihilape|Protect|p1b: Annihilape
|-singleturn|p1b: Annihilape|Protect
|move|p1a: Maushold|Taunt|p2a: Ninetales
|-start|p2a: Ninetales|move: Taunt
|move|p2a: Ninetales|Blizzard|p1b: Annihilape|[spread] p1a
|-activate|p1b: Annihilape|move: Protect
|-crit|p1a: Maushold
|-damage|p1a: Maushold|37/100
|
|-weather|Snowscape|[upkeep]
|upkeep
|turn|3
|
|t:|1754262331
|switch|p1a: Frank|Sinistcha, L50|100/100
|-heal|p1b: Annihilape|72/100|[from] ability: Hospitality|[of] p1a: Frank
|-terastallize|p1b: Annihilape|Water
|move|p2a: Ninetales|Blizzard|p1b: Annihilape|[spread] p1a,p1b
|-supereffective|p1a: Frank
|-resisted|p1b: Annihilape
|-damage|p1a: Frank|47/100
|-damage|p1b: Annihilape|56/100
|-enditem|p1a: Frank|Sitrus Berry|[eat]
|-heal|p1a: Frank|71/100|[from] item: Sitrus Berry
|move|p1b: Annihilape|Rage Fist|p2b: Dondozo
|-damage|p2b: Dondozo|0 fnt
|faint|p2b: Dondozo
|
|-weather|Snowscape|[upkeep]
|upkeep
|
|t:|1754262344
|switch|p2b: Tatsugiri|Tatsugiri-Droopy, L50, F|100/100
|turn|4
|
|t:|1754262357
|switch|p1a: Reptar|Tyranitar, L50, F|100/100
|-weather|Sandstorm|[from] ability: Sand Stream|[of] p1a: Reptar
|move|p2b: Tatsugiri|Draco Meteor|p1a: Reptar
|-damage|p1a: Reptar|72/100
|-unboost|p2b: Tatsugiri|spa|2
|move|p2a: Ninetales|Freeze-Dry|p1b: Annihilape
|-supereffective|p1b: Annihilape
|-damage|p1b: Annihilape|0 fnt
|faint|p1b: Annihilape
|
|-weather|Sandstorm|[upkeep]
|-damage|p2b: Tatsugiri|95/100|[from] Sandstorm
|-damage|p2a: Ninetales|94/100|[from] Sandstorm
|-end|p2a: Ninetales|move: Taunt
|upkeep
|
|t:|1754262373
|switch|p1b: Maushold|Maushold, L50|37/100
|turn|5
|
|t:|1754262389
|move|p1b: Maushold|Protect|p1b: Maushold
|-singleturn|p1b: Maushold|Protect
|move|p2b: Tatsugiri|Draco Meteor|p1b: Maushold
|-activate|p1b: Maushold|move: Protect
|move|p2a: Ninetales|Freeze-Dry|p1a: Reptar
|-crit|p1a: Reptar
|-damage|p1a: Reptar|61/100
|-status|p1a: Reptar|frz
|cant|p1a: Reptar|frz
|
|-weather|Sandstorm|[upkeep]
|-damage|p2b: Tatsugiri|89/100|[from] Sandstorm
|-damage|p2a: Ninetales|88/100|[from] Sandstorm
|upkeep
|turn|6
|
|t:|1754262413
|switch|p1b: Frank|Sinistcha, L50|71/100
|-heal|p1a: Reptar|86/100 frz|[from] ability: Hospitality|[of] p1b: Frank
|move|p2b: Tatsugiri|Draco Meteor|p1a: Reptar
|-damage|p1a: Reptar|73/100 frz
|-unboost|p2b: Tatsugiri|spa|2
|move|p2a: Ninetales|Blizzard|p1b: Frank|[spread] p1a,p1b
|-supereffective|p1b: Frank
|-damage|p1a: Reptar|62/100 frz
|-damage|p1b: Frank|11/100
|cant|p1a: Reptar|frz
|
|-weather|Sandstorm|[upkeep]
|-damage|p2b: Tatsugiri|84/100|[from] Sandstorm
|-damage|p2a: Ninetales|82/100|[from] Sandstorm
|-damage|p1b: Frank|4/100|[from] Sandstorm
|upkeep
|turn|7
|inactive|princesas cagar has 30 seconds left.
|
|t:|1754262445
|switch|p1b: Maushold|Maushold, L50|37/100
|-terastallize|p2a: Ninetales|Ghost
|move|p2b: Tatsugiri|Draco Meteor|p1a: Reptar|[miss]
|-miss|p2b: Tatsugiri|p1a: Reptar
|move|p2a: Ninetales|Blizzard|p1a: Reptar|[spread] p1b
|-miss|p2a: Ninetales|p1a: Reptar
|-damage|p1b: Maushold|0 fnt
|faint|p1b: Maushold
|-curestatus|p1a: Reptar|frz|[msg]
|move|p1a: Reptar|Rock Slide|p2a: Ninetales|[spread] p2a,p2b
|-damage|p2a: Ninetales|32/100
|-damage|p2b: Tatsugiri|28/100
|
|-weather|Sandstorm|[upkeep]
|-damage|p2b: Tatsugiri|23/100|[from] Sandstorm
|-damage|p2a: Ninetales|26/100|[from] Sandstorm
|upkeep
|
|t:|1754262463
|switch|p1b: Frank|Sinistcha, L50|4/100
|-heal|p1a: Reptar|87/100|[from] ability: Hospitality|[of] p1b: Frank
|turn|8
|
|t:|1754262469
|move|p1b: Frank|Rage Powder|p1b: Frank
|-singleturn|p1b: Frank|move: Rage Powder
|move|p2b: Tatsugiri|Draco Meteor|p1b: Frank
|-damage|p1b: Frank|0 fnt
|-unboost|p2b: Tatsugiri|spa|2
|faint|p1b: Frank
|move|p2a: Ninetales|Blizzard|p1a: Reptar
|-damage|p1a: Reptar|72/100
|move|p1a: Reptar|Rock Slide|p2b: Tatsugiri|[spread] p2a,p2b
|-damage|p2a: Ninetales|0 fnt
|-damage|p2b: Tatsugiri|0 fnt
|faint|p2a: Ninetales
|faint|p2b: Tatsugiri
|
|win|Blood Mustard
|raw|Blood Mustard's rating: 1173 → 1202(+29 for winning)
|raw|princesas cagar's rating: 1229 → 1200(-29 for losing)
|l|☆princesas cagar
|player|p2|
