|j|☆homerj71
|j|☆neckbeard97
|html|homerj71neckbeard97    
|uhtml|bestof|Game 3 of a best-of-3
|t:|1783710854
|gametype|doubles
|player|p1|homerj71|1|1260
|player|p2|neckbeard97|cyrus|1130
|gen|9
|tier|[Gen 9 Champions] VGC 2026 Reg M-B (Bo3)
|rated|
|rule|Species Clause: Limit one of each Pokémon
|rule|Item Clause: Limit 1 of each item
|clearpoke
|poke|p1|Sneasler, L50, F|
|poke|p1|Sinistcha, L50|
|poke|p1|Incineroar, L50, F|
|poke|p1|Kingambit, L50, M|
|poke|p1|Delphox, L50, M|
|poke|p1|Floette-Eternal, L50, F|
|poke|p2|Incineroar, L50, F|
|poke|p2|Gengar, L50, M|
|poke|p2|Sneasler, L50, M|
|poke|p2|Basculegion, L50, M|
|poke|p2|Pelipper, L50, F|
|poke|p2|Starmie, L50|
|teampreview|4
|showteam|p1|Sneasler||FocusSash|PoisonTouch|QuickGuard,FakeOut,DireClaw,CloseCombat|Jolly||F|||50|]Sinistcha||OccaBerry|Hospitality|Protect,RagePowder,MatchaGotcha,TrickRoom|Relaxed|||||50|]Incineroar||SitrusBerry|Intimidate|FakeOut,FlareBlitz,ThroatChop,PartingShot|Careful||F|||50|]Kingambit||BlackGlasses|Defiant|KowtowCleave,SwordsDance,SuckerPunch,Protect|Adamant||M|||50|]Delphox||Delphoxite|Blaze|Protect,NastyPlot,HeatWave,Psyshock|Timid||M|||50|]Floette-Eternal||Floettite|FlowerVeil|Moonblast,CalmMind,Protect,DazzlingGleam|Bold||F|||50|
|showteam|p2|Incineroar||SitrusBerry|Intimidate|Protect,PartingShot,FakeOut,WillOWisp|Careful||F|||50|]Gengar||Gengarite|CursedBody|Protect,Disable,SludgeBomb,ShadowBall|Timid||M|||50|]Sneasler||WhiteHerb|Unburden|DireClaw,Protect,FakeOut,CloseCombat|Adamant||M|||50|]Basculegion||ChoiceScarf|Adaptability|LastRespects,WaveCrash,AquaJet,Liquidation|Jolly||M|||50|]Pelipper||FocusSash|Drizzle|Tailwind,WideGuard,Protect,Hurricane|Bold||F|||50|]Starmie||Starminite|NaturalCure|BulkUp,Protect,PsychoCut,Waterfall|Jolly|||||50|
|inactive|Battle timer is ON: inactive players will automatically lose when time's up. (requested by homerj71)
|
|t:|1783710875
|teamsize|p1|4
|teamsize|p2|4
|start
|switch|p1a: Delphox|Delphox, L50, M|100/100
|switch|p1b: Incineroar|Incineroar, L50, F|100/100
|switch|p2a: Sneasler|Sneasler, L50, M|100/100
|switch|p2b: Gengar|Gengar, L50, M|100/100
|-ability|p1b: Incineroar|Intimidate|boost
|-unboost|p2a: Sneasler|atk|1
|-unboost|p2b: Gengar|atk|1
|-enditem|p2a: Sneasler|White Herb
|-clearnegativeboost|p2a: Sneasler|[silent]
|turn|1
|inactive|neckbeard97 has 30 seconds left.
|inactive|neckbeard97 has 20 seconds left.
|inactive|neckbeard97 has 15 seconds left.
|inactive|neckbeard97 has 10 seconds left.
|
|t:|1783710921
|detailschange|p2b: Gengar|Gengar-Mega, L50, M
|-mega|p2b: Gengar|Gengar|Gengarite
|detailschange|p1a: Delphox|Delphox-Mega, L50, M
|-mega|p1a: Delphox|Delphox|Delphoxite
|move|p2b: Gengar|Protect|p2b: Gengar
|-singleturn|p2b: Gengar|Protect
|move|p2a: Sneasler|Fake Out|p1b: Incineroar
|-damage|p1b: Incineroar|84/100
|move|p1a: Delphox|Nasty Plot|p1a: Delphox
|-boost|p1a: Delphox|spa|2
|cant|p1b: Incineroar|flinch
|
|upkeep
|turn|2
|inactive|neckbeard97 has 30 seconds left.
|inactive|neckbeard97 has 20 seconds left.
|
|t:|1783710960
|switch|p2b: Incineroar|Incineroar, L50, F|100/100
|-ability|p2b: Incineroar|Intimidate|boost
|-unboost|p1a: Delphox|atk|1
|-unboost|p1b: Incineroar|atk|1
|move|p1a: Delphox|Protect|p1a: Delphox
|-singleturn|p1a: Delphox|Protect
|move|p2a: Sneasler|Close Combat|p1b: Incineroar
|-supereffective|p1b: Incineroar|1
|-damage|p1b: Incineroar|0 fnt
|-unboost|p2a: Sneasler|def|1
|-unboost|p2a: Sneasler|spd|1
|faint|p1b: Incineroar
|
|upkeep
|
|t:|1783710969
|switch|p1b: Sinistcha|Sinistcha, L50|100/100
|turn|3
|
|t:|1783710977
|move|p2b: Incineroar|Fake Out|p1a: Delphox
|-damage|p1a: Delphox|83/100
|move|p1b: Sinistcha|Rage Powder|p1b: Sinistcha
|-singleturn|p1b: Sinistcha|move: Rage Powder
|move|p2a: Sneasler|Dire Claw|p1b: Sinistcha
|-damage|p1b: Sinistcha|63/100
|cant|p1a: Delphox|flinch
|
|upkeep
|turn|4
|
|t:|1783710986
|move|p2a: Sneasler|Protect|p2a: Sneasler
|-singleturn|p2a: Sneasler|Protect
|move|p1a: Delphox|Heat Wave|p2b: Incineroar|[spread] p2b
|-activate|p2a: Sneasler|move: Protect
|-resisted|p2b: Incineroar|1
|-damage|p2b: Incineroar|73/100
|move|p1b: Sinistcha|Matcha Gotcha|p2b: Incineroar|[spread] p2b
|-activate|p2a: Sneasler|move: Protect
|-resisted|p2b: Incineroar|1
|-damage|p2b: Incineroar|65/100
|-heal|p1b: Sinistcha|68/100|[from] drain|[of] p2b: Incineroar
|move|p2b: Incineroar|Parting Shot|p1a: Delphox
|-unboost|p1a: Delphox|atk|1
|-unboost|p1a: Delphox|spa|1
|
|t:|1783711005
|switch|p2b: Basculegion|Basculegion, L50, M|100/100|[from] Parting Shot
|
|upkeep
|turn|5
|
|t:|1783711021
|switch|p2b: Incineroar|Incineroar, L50, F|65/100
|-ability|p2b: Incineroar|Intimidate|boost
|-unboost|p1a: Delphox|atk|1
|-unboost|p1b: Sinistcha|atk|1
|move|p1b: Sinistcha|Rage Powder|p1b: Sinistcha
|-singleturn|p1b: Sinistcha|move: Rage Powder
|move|p2a: Sneasler|Dire Claw|p1b: Sinistcha
|-damage|p1b: Sinistcha|34/100
|-status|p1b: Sinistcha|slp
|move|p1a: Delphox|Heat Wave|p2a: Sneasler|[spread] p2a,p2b
|-resisted|p2b: Incineroar|1
|-damage|p2a: Sneasler|0 fnt
|-damage|p2b: Incineroar|44/100
|-enditem|p2b: Incineroar|Sitrus Berry|[eat]
|-heal|p2b: Incineroar|69/100|[from] item: Sitrus Berry
|faint|p2a: Sneasler
|
|upkeep
|
|t:|1783711040
|switch|p2a: Basculegion|Basculegion, L50, M|100/100
|turn|6
|
|t:|1783711049
|switch|p2b: Gengar|Gengar-Mega, L50, M|100/100
|move|p1a: Delphox|Protect|p1a: Delphox
|-singleturn|p1a: Delphox|Protect
|cant|p1b: Sinistcha|slp
|move|p2a: Basculegion|Last Respects|p1a: Delphox
|-activate|p1a: Delphox|move: Protect
|
|upkeep
|turn|7
|
|t:|1783711061
|cant|p1b: Sinistcha|slp
|move|p2a: Basculegion|Last Respects|p1a: Delphox
|-supereffective|p1a: Delphox|1
|-damage|p1a: Delphox|0 fnt
|faint|p1a: Delphox
|move|p2b: Gengar|Shadow Ball|p1b: Sinistcha
|-supereffective|p1b: Sinistcha|1
|-damage|p1b: Sinistcha|0 fnt
|faint|p1b: Sinistcha
|
|upkeep
|
|t:|1783711065
|switch|p1b: Kingambit|Kingambit, L50, M|100/100
|turn|8
|
|t:|1783711077
|switch|p2a: Incineroar|Incineroar, L50, F|69/100
|-ability|p2a: Incineroar|Intimidate|boost
|-unboost|p1b: Kingambit|atk|1
|-ability|p1b: Kingambit|Defiant|boost
|-boost|p1b: Kingambit|atk|2
|move|p2b: Gengar|Protect|p2b: Gengar
|-singleturn|p2b: Gengar|Protect
|move|p1b: Kingambit|Sucker Punch||[still]
|-fail|p1b: Kingambit
|
|upkeep
|turn|9
|
|t:|1783711089
|move|p1b: Kingambit|Protect|p1b: Kingambit
|-singleturn|p1b: Kingambit|Protect
|move|p2a: Incineroar|Fake Out|p1b: Kingambit
|-activate|p1b: Kingambit|move: Protect
|move|p2b: Gengar|Disable|p1b: Kingambit
|-activate|p1b: Kingambit|move: Protect
|
|upkeep
|turn|10
|
|t:|1783711097
|move|p2b: Gengar|Protect|p2b: Gengar
|-singleturn|p2b: Gengar|Protect
|move|p2a: Incineroar|Will-O-Wisp|p1b: Kingambit
|-status|p1b: Kingambit|brn
|move|p1b: Kingambit|Kowtow Cleave|p2a: Incineroar
|-resisted|p2a: Incineroar|1
|-damage|p2a: Incineroar|46/100
|
|-damage|p1b: Kingambit|94/100 brn|[from] brn
|upkeep
|turn|11
|
|t:|1783711119
|move|p2a: Incineroar|Protect|p2a: Incineroar
|-singleturn|p2a: Incineroar|Protect
|move|p2b: Gengar|Disable|p1b: Kingambit
|-start|p1b: Kingambit|Disable|Kowtow Cleave
|move|p1b: Kingambit|Swords Dance|p1b: Kingambit
|-boost|p1b: Kingambit|atk|2
|
|-damage|p1b: Kingambit|88/100 brn|[from] brn
|upkeep
|turn|12
|
|t:|1783711134
|move|p2b: Gengar|Protect|p2b: Gengar
|-singleturn|p2b: Gengar|Protect
|move|p1b: Kingambit|Sucker Punch||[still]
|-fail|p1b: Kingambit
|move|p2a: Incineroar|Parting Shot|p1b: Kingambit
|-unboost|p1b: Kingambit|atk|1
|-ability|p1b: Kingambit|Defiant|boost
|-boost|p1b: Kingambit|atk|2
|-unboost|p1b: Kingambit|spa|1
|-ability|p1b: Kingambit|Defiant|boost
|-boost|p1b: Kingambit|atk|2
|
|t:|1783711144
|switch|p2a: Basculegion|Basculegion, L50, M|100/100|[from] Parting Shot
|
|-damage|p1b: Kingambit|82/100 brn|[from] brn
|upkeep
|turn|13
|
|t:|1783711156
|switch|p2a: Incineroar|Incineroar, L50, F|46/100
|-ability|p2a: Incineroar|Intimidate|boost
|-unboost|p1b: Kingambit|atk|1
|-ability|p1b: Kingambit|Defiant|boost
|-boost|p1b: Kingambit|atk|1
|move|p2b: Gengar|Protect|p2b: Gengar
|-singleturn|p2b: Gengar|Protect
|move|p1b: Kingambit|Protect||[still]
|-fail|p1b: Kingambit
|
|-damage|p1b: Kingambit|76/100 brn|[from] brn
|upkeep
|turn|14
|
|t:|1783711170
|move|p1b: Kingambit|Protect|p1b: Kingambit
|-singleturn|p1b: Kingambit|Protect
|move|p2a: Incineroar|Fake Out|p1b: Kingambit
|-activate|p1b: Kingambit|move: Protect
|move|p2b: Gengar|Shadow Ball|p1b: Kingambit
|-activate|p1b: Kingambit|move: Protect
|
|-damage|p1b: Kingambit|71/100 brn|[from] brn
|-end|p1b: Kingambit|Disable
|upkeep
|turn|15
|inactive|neckbeard97 has 30 seconds left.
|
|t:|1783711205
|move|p2b: Gengar|Protect|p2b: Gengar
|-singleturn|p2b: Gengar|Protect
|move|p1b: Kingambit|Sucker Punch||[still]
|-fail|p1b: Kingambit
|move|p2a: Incineroar|Will-O-Wisp|p1b: Kingambit
|-fail|p1b: Kingambit|brn
|
|-damage|p1b: Kingambit|65/100 brn|[from] brn
|upkeep
|turn|16
|
|t:|1783711214
|move|p2a: Incineroar|Protect|p2a: Incineroar
|-singleturn|p2a: Incineroar|Protect
|move|p2b: Gengar|Disable|p1b: Kingambit
|-start|p1b: Kingambit|Disable|Sucker Punch
|move|p1b: Kingambit|Kowtow Cleave|p2b: Gengar
|-supereffective|p2b: Gengar|1
|-damage|p2b: Gengar|0 fnt
|faint|p2b: Gengar
|
|-damage|p1b: Kingambit|59/100 brn|[from] brn
|upkeep
|
|t:|1783711224
|switch|p2b: Basculegion|Basculegion, L50, M|100/100
|turn|17
|
|t:|1783711234
|move|p1b: Kingambit|Protect|p1b: Kingambit
|-singleturn|p1b: Kingambit|Protect
|move|p2b: Basculegion|Wave Crash|p1b: Kingambit
|-activate|p1b: Kingambit|move: Protect
|move|p2a: Incineroar|Will-O-Wisp|p1b: Kingambit
|-activate|p1b: Kingambit|move: Protect
|
|-damage|p1b: Kingambit|53/100 brn|[from] brn
|upkeep
|turn|18
|
|t:|1783711246
|move|p2b: Basculegion|Wave Crash|p1b: Kingambit
|-damage|p1b: Kingambit|0 fnt
|faint|p1b: Kingambit
|-damage|p2b: Basculegion|81/100|[from] Recoil
|
|win|neckbeard97
|raw|homerj71's rating: 1260 → 1226(-34 for losing)
|raw|neckbeard97's rating: 1130 → 1164(+34 for winning)
