|j|☆MegaJouleVGC
|j|☆new mental
|html|MegaJouleVGCnew mental    
|uhtml|bestof|Game 3 of a best-of-3
|t:|1785494942
|gametype|doubles
|player|p1|MegaJouleVGC|artist|1353
|player|p2|new mental|volkner|1311
|gen|9
|tier|[Gen 9 Champions] VGC 2026 Reg M-B (Bo3)
|rated|
|rule|Species Clause: Limit one of each Pokémon
|rule|Item Clause: Limit 1 of each item
|clearpoke
|poke|p1|Staraptor, L50, F|
|poke|p1|Whimsicott, L50, M|
|poke|p1|Kingambit, L50, M|
|poke|p1|Toxapex, L50, F|
|poke|p1|Sinistcha, L50|
|poke|p1|Incineroar, L50, M|
|poke|p2|Charizard, L50, F|
|poke|p2|Garchomp, L50, F|
|poke|p2|Incineroar, L50, F|
|poke|p2|Venusaur, L50, M|
|poke|p2|Toxapex, L50, F|
|poke|p2|Sylveon, L50, M|
|teampreview|4
|showteam|p1|Staraptor||Staraptite|Intimidate|CloseCombat,BraveBird,Roost,Protect|Jolly||F|||50|]Whimsicott||FairyFeather|Prankster|Tailwind,Moonblast,Charm,Protect|Timid||M|||50|]Kingambit||FocusSash|Defiant|SuckerPunch,IronHead,KowtowCleave,Protect|Adamant||M|||50|]Toxapex||Leftovers|Regenerator|WideGuard,Toxic,Infestation,BanefulBunker|Sassy||F|||50|]Sinistcha||CobaBerry|Hospitality|TrickRoom,RagePowder,MatchaGotcha,Protect|Sassy|||||50|]Incineroar||SitrusBerry|Intimidate|FakeOut,FlareBlitz,ThroatChop,PartingShot|Adamant||M|||50|
|showteam|p2|Charizard||CharizarditeY|SolarPower|WeatherBall,HeatWave,AncientPower,Protect|Modest||F|||50|]Garchomp||ChoiceScarf|RoughSkin|RockSlide,DragonClaw,Earthquake,StompingTantrum|Adamant||F|||50|]Incineroar||SitrusBerry|Intimidate|FlareBlitz,FakeOut,DarkestLariat,PartingShot|Impish||F|||50|]Venusaur||LifeOrb|Chlorophyll|SludgeBomb,LeafStorm,EarthPower,Protect|Modest||M|||50|]Toxapex||Leftovers|Regenerator|Infestation,Toxic,WideGuard,BanefulBunker|Bold||F|||50|]Sylveon||FairyFeather|Pixilate|HyperVoice,QuickAttack,Yawn,Detect|Modest||M|||50|
|inactive|Battle timer is ON: inactive players will automatically lose when time's up. (requested by MegaJouleVGC)
|inactive|MegaJouleVGC has 60 seconds left.
|
|t:|1785494984
|teamsize|p1|4
|teamsize|p2|4
|start
|switch|p1a: Toxapex|Toxapex, L50, F|100/100
|switch|p1b: Incineroar|Incineroar, L50, M|100/100
|switch|p2a: Charizard|Charizard, L50, F|100/100
|switch|p2b: Toxapex|Toxapex, L50, F|100/100
|-ability|p1b: Incineroar|Intimidate|boost
|-unboost|p2a: Charizard|atk|1
|-unboost|p2b: Toxapex|atk|1
|turn|1
|
|t:|1785494996
|switch|p2a: Incineroar|Incineroar, L50, F|100/100
|-ability|p2a: Incineroar|Intimidate|boost
|-unboost|p1a: Toxapex|atk|1
|-unboost|p1b: Incineroar|atk|1
|move|p1b: Incineroar|Fake Out|p2a: Incineroar
|-damage|p2a: Incineroar|93/100
|move|p2b: Toxapex|Toxic|p1b: Incineroar
|-status|p1b: Incineroar|tox
|move|p1a: Toxapex|Toxic|p2a: Incineroar
|-status|p2a: Incineroar|tox
|
|-damage|p1b: Incineroar|93/100 tox|[from] psn
|-damage|p2a: Incineroar|87/100 tox|[from] psn
|upkeep
|turn|2
|inactive|MegaJouleVGC has 30 seconds left.
|
|t:|1785495022
|move|p2a: Incineroar|Fake Out|p1a: Toxapex
|-damage|p1a: Toxapex|91/100
|move|p1b: Incineroar|Parting Shot|p2a: Incineroar
|-unboost|p2a: Incineroar|atk|1
|-unboost|p2a: Incineroar|spa|1
|
|t:|1785495027
|switch|p1b: Staraptor|Staraptor, L50, F|100/100|[from] Parting Shot
|-ability|p1b: Staraptor|Intimidate|boost
|-unboost|p2a: Incineroar|atk|1
|-unboost|p2b: Toxapex|atk|1
|move|p2b: Toxapex|Infestation|p1b: Staraptor
|-resisted|p1b: Staraptor|1
|-damage|p1b: Staraptor|98/100
|-activate|p1b: Staraptor|move: Infestation|[of] p2b: Toxapex
|cant|p1a: Toxapex|flinch
|
|-heal|p1a: Toxapex|97/100|[from] item: Leftovers
|-damage|p2a: Incineroar|75/100 tox|[from] psn
|-damage|p1b: Staraptor|85/100|[from] move: Infestation|[partiallytrapped]
|upkeep
|turn|3
|
|t:|1785495045
|switch|p2a: Garchomp|Garchomp, L50, F|100/100
|detailschange|p1b: Staraptor|Staraptor-Mega, L50, F
|-mega|p1b: Staraptor|Staraptor|Staraptite
|move|p1b: Staraptor|Close Combat|p2a: Garchomp
|-damage|p2a: Garchomp|45/100
|-boost|p1b: Staraptor|def|1
|-boost|p1b: Staraptor|spd|1
|-damage|p1b: Staraptor|73/100|[from] ability: Rough Skin|[of] p2a: Garchomp
|move|p2b: Toxapex|Toxic|p1b: Staraptor
|-status|p1b: Staraptor|tox
|move|p1a: Toxapex|Infestation|p2b: Toxapex
|-resisted|p2b: Toxapex|1
|-damage|p2b: Toxapex|98/100
|-activate|p2b: Toxapex|move: Infestation|[of] p1a: Toxapex
|
|-heal|p2b: Toxapex|100/100|[from] item: Leftovers
|-heal|p1a: Toxapex|100/100|[from] item: Leftovers
|-damage|p1b: Staraptor|67/100 tox|[from] psn
|-damage|p1b: Staraptor|54/100 tox|[from] move: Infestation|[partiallytrapped]
|-damage|p2b: Toxapex|87/100|[from] move: Infestation|[partiallytrapped]
|upkeep
|turn|4
|inactive|MegaJouleVGC has 30 seconds left.
|inactive|new mental has 30 seconds left.
|inactive|MegaJouleVGC has 20 seconds left.
|
|t:|1785495085
|move|p1a: Toxapex|Baneful Bunker|p1a: Toxapex
|-singleturn|p1a: Toxapex|move: Protect
|move|p2a: Garchomp|Dragon Claw|p1b: Staraptor
|-damage|p1b: Staraptor|29/100 tox
|move|p1b: Staraptor|Close Combat|p2a: Garchomp
|-damage|p2a: Garchomp|0 fnt
|-boost|p1b: Staraptor|def|1
|-boost|p1b: Staraptor|spd|1
|-damage|p1b: Staraptor|16/100 tox|[from] ability: Rough Skin|[of] p2a: Garchomp
|faint|p2a: Garchomp
|move|p2b: Toxapex|Infestation|p1a: Toxapex
|-activate|p1a: Toxapex|move: Protect
|
|-heal|p2b: Toxapex|93/100|[from] item: Leftovers
|-damage|p1b: Staraptor|4/100 tox|[from] psn
|-damage|p1b: Staraptor|0 fnt|[from] move: Infestation|[partiallytrapped]
|faint|p1b: Staraptor
|-damage|p2b: Toxapex|81/100|[from] move: Infestation|[partiallytrapped]
|upkeep
|
|t:|1785495096
|switch|p1b: Incineroar|Incineroar, L50, M|93/100 tox
|switch|p2a: Incineroar|Incineroar, L50, F|75/100 tox
|-ability|p1b: Incineroar|Intimidate|boost
|-unboost|p2a: Incineroar|atk|1
|-unboost|p2b: Toxapex|atk|1
|-ability|p2a: Incineroar|Intimidate|boost
|-unboost|p1a: Toxapex|atk|1
|-unboost|p1b: Incineroar|atk|1
|turn|5
|
|t:|1785495110
|move|p1b: Incineroar|Fake Out|p2a: Incineroar
|-damage|p2a: Incineroar|69/100 tox
|cant|p2a: Incineroar|flinch
|move|p2b: Toxapex|Infestation|p1a: Toxapex
|-resisted|p1a: Toxapex|1
|-damage|p1a: Toxapex|98/100
|-activate|p1a: Toxapex|move: Infestation|[of] p2b: Toxapex
|move|p1a: Toxapex|Infestation|p2a: Incineroar
|-damage|p2a: Incineroar|66/100 tox
|-activate|p2a: Incineroar|move: Infestation|[of] p1a: Toxapex
|
|-heal|p2b: Toxapex|87/100|[from] item: Leftovers
|-heal|p1a: Toxapex|100/100|[from] item: Leftovers
|-damage|p1b: Incineroar|87/100 tox|[from] psn
|-damage|p2a: Incineroar|60/100 tox|[from] psn
|-damage|p2a: Incineroar|48/100 tox|[from] move: Infestation|[partiallytrapped]
|-damage|p2b: Toxapex|75/100|[from] move: Infestation|[partiallytrapped]
|-damage|p1a: Toxapex|87/100|[from] move: Infestation|[partiallytrapped]
|upkeep
|-enditem|p2a: Incineroar|Sitrus Berry|[eat]
|-heal|p2a: Incineroar|72/100 tox|[from] item: Sitrus Berry
|turn|6
|
|t:|1785495128
|move|p1b: Incineroar|Throat Chop|p2b: Toxapex
|-damage|p2b: Toxapex|57/100
|-start|p2b: Toxapex|Throat Chop|[silent]
|move|p2a: Incineroar|Flare Blitz|p1b: Incineroar
|-resisted|p1b: Incineroar|1
|-damage|p1b: Incineroar|73/100 tox
|-damage|p2a: Incineroar|68/100 tox|[from] Recoil
|move|p2b: Toxapex|Infestation|p1b: Incineroar
|-damage|p1b: Incineroar|70/100 tox
|-activate|p1b: Incineroar|move: Infestation|[of] p2b: Toxapex
|move|p1a: Toxapex|Toxic|p2a: Incineroar
|-fail|p2a: Incineroar|tox
|
|-heal|p2b: Toxapex|63/100|[from] item: Leftovers
|-heal|p1a: Toxapex|93/100|[from] item: Leftovers
|-damage|p1b: Incineroar|58/100 tox|[from] psn
|-damage|p2a: Incineroar|56/100 tox|[from] psn
|-damage|p1b: Incineroar|46/100 tox|[from] move: Infestation|[partiallytrapped]
|-damage|p2a: Incineroar|44/100 tox|[from] move: Infestation|[partiallytrapped]
|-damage|p2b: Toxapex|51/100|[from] move: Infestation|[partiallytrapped]
|-damage|p1a: Toxapex|81/100|[from] move: Infestation|[partiallytrapped]
|upkeep
|-enditem|p1b: Incineroar|Sitrus Berry|[eat]
|-heal|p1b: Incineroar|71/100 tox|[from] item: Sitrus Berry
|turn|7
|
|t:|1785495148
|move|p1b: Incineroar|Throat Chop|p2b: Toxapex
|-damage|p2b: Toxapex|32/100
|move|p2a: Incineroar|Parting Shot|p1a: Toxapex
|-unboost|p1a: Toxapex|atk|1
|-unboost|p1a: Toxapex|spa|1
|
|t:|1785495150
|switch|p2a: Charizard|Charizard, L50, F|100/100|[from] Parting Shot
|move|p2b: Toxapex|Infestation|p1b: Incineroar
|-damage|p1b: Incineroar|68/100 tox
|move|p1a: Toxapex|Toxic|p2a: Charizard
|-status|p2a: Charizard|tox
|
|-heal|p2b: Toxapex|38/100|[from] item: Leftovers
|-heal|p1a: Toxapex|87/100|[from] item: Leftovers
|-damage|p2a: Charizard|94/100 tox|[from] psn
|-damage|p1b: Incineroar|50/100g tox|[from] psn
|-damage|p1b: Incineroar|38/100 tox|[from] move: Infestation|[partiallytrapped]
|-end|p2b: Toxapex|Infestation|[partiallytrapped]
|-damage|p1a: Toxapex|75/100|[from] move: Infestation|[partiallytrapped]
|-end|p2b: Toxapex|Throat Chop|[silent]
|upkeep
|turn|8
|inactive|MegaJouleVGC has 30 seconds left.
|
|t:|1785495179
|-heal|p2b: Toxapex|71/100|[from] ability: Regenerator|[silent]
|switch|p2b: Incineroar|Incineroar, L50, F|44/100 tox
|-ability|p2b: Incineroar|Intimidate|boost
|-unboost|p1a: Toxapex|atk|1
|-unboost|p1b: Incineroar|atk|1
|detailschange|p2a: Charizard|Charizard-Mega-Y, L50, F
|-mega|p2a: Charizard|Charizard|Charizardite Y
|-weather|SunnyDay|[from] ability: Drought|[of] p2a: Charizard
|move|p2a: Charizard|Weather Ball|p1b: Incineroar
|-resisted|p1b: Incineroar|1
|-damage|p1b: Incineroar|2/100 tox
|move|p1b: Incineroar|Parting Shot|p2a: Charizard
|-unboost|p2a: Charizard|atk|1
|-unboost|p2a: Charizard|spa|1
|
|t:|1785495189
|switch|p1b: Kingambit|Kingambit, L50, M|100/100|[from] Parting Shot
|move|p1a: Toxapex|Infestation|p2a: Charizard
|-resisted|p2a: Charizard|2
|-damage|p2a: Charizard|93/100 tox
|-activate|p2a: Charizard|move: Infestation|[of] p1a: Toxapex
|
|-weather|SunnyDay|[upkeep]
|-heal|p1a: Toxapex|80/100|[from] item: Leftovers
|-damage|p2a: Charizard|81/100 tox|[from] psn
|-damage|p2b: Incineroar|38/100 tox|[from] psn
|-damage|p2a: Charizard|69/100 tox|[from] move: Infestation|[partiallytrapped]
|-end|p1a: Toxapex|Infestation|[partiallytrapped]|[silent]
|upkeep
|turn|9
|
|t:|1785495203
|move|p1b: Kingambit|Protect|p1b: Kingambit
|-singleturn|p1b: Kingambit|Protect
|move|p1a: Toxapex|Baneful Bunker|p1a: Toxapex
|-singleturn|p1a: Toxapex|move: Protect
|move|p2b: Incineroar|Fake Out|p1b: Kingambit
|-activate|p1b: Kingambit|move: Protect
|move|p2a: Charizard|Weather Ball|p1a: Toxapex
|-activate|p1a: Toxapex|move: Protect
|
|-weather|SunnyDay|[upkeep]
|-heal|p1a: Toxapex|86/100|[from] item: Leftovers
|-damage|p2a: Charizard|51/100 tox|[from] psn
|-damage|p2b: Incineroar|26/100 tox|[from] psn
|-damage|p2a: Charizard|38/100 tox|[from] move: Infestation|[partiallytrapped]
|upkeep
|turn|10
|
|t:|1785495214
|move|p1b: Kingambit|Sucker Punch|p2a: Charizard
|-damage|p2a: Charizard|0 fnt
|faint|p2a: Charizard
|move|p2b: Incineroar|Flare Blitz|p1b: Kingambit
|-supereffective|p1b: Kingambit|1
|-enditem|p1b: Kingambit|Focus Sash
|-damage|p1b: Kingambit|1/100
|-damage|p2b: Incineroar|0 fnt|[from] Recoil
|faint|p2b: Incineroar
|move|p1a: Toxapex|Infestation|p2: Charizard|[notarget]
|-fail|p1a: Toxapex
|
|-weather|SunnyDay|[upkeep]
|-heal|p1a: Toxapex|92/100|[from] item: Leftovers
|upkeep
|
|t:|1785495220
|switch|p2b: Toxapex|Toxapex, L50, F|71/100
|turn|11
|
|t:|1785495228
|move|p1b: Kingambit|Protect|p1b: Kingambit
|-singleturn|p1b: Kingambit|Protect
|move|p2b: Toxapex|Infestation|p1b: Kingambit
|-activate|p1b: Kingambit|move: Protect
|move|p1a: Toxapex|Infestation|p2b: Toxapex
|-resisted|p2b: Toxapex|1
|-damage|p2b: Toxapex|70/100
|-activate|p2b: Toxapex|move: Infestation|[of] p1a: Toxapex
|
|-weather|SunnyDay|[upkeep]
|-heal|p2b: Toxapex|76/100|[from] item: Leftovers
|-heal|p1a: Toxapex|98/100|[from] item: Leftovers
|-damage|p2b: Toxapex|64/100|[from] move: Infestation|[partiallytrapped]
|upkeep
|turn|12
|
|t:|1785495235
|move|p1b: Kingambit|Kowtow Cleave|p2b: Toxapex
|-damage|p2b: Toxapex|28/100
|move|p2b: Toxapex|Infestation|p1b: Kingambit
|-damage|p1b: Kingambit|0 fnt
|faint|p1b: Kingambit
|move|p1a: Toxapex|Infestation|p2b: Toxapex
|-resisted|p2b: Toxapex|1
|-damage|p2b: Toxapex|27/100
|
|-weather|none
|-heal|p2b: Toxapex|33/100|[from] item: Leftovers
|-heal|p1a: Toxapex|100/100|[from] item: Leftovers
|-damage|p2b: Toxapex|21/100|[from] move: Infestation|[partiallytrapped]
|upkeep
|
|t:|1785495237
|switch|p1b: Incineroar|Incineroar, L50, M|2/100 tox
|-ability|p1b: Incineroar|Intimidate|boost
|-unboost|p2b: Toxapex|atk|1
|turn|13
|
|t:|1785495243
|move|p2b: Toxapex|Baneful Bunker|p2b: Toxapex
|-singleturn|p2b: Toxapex|move: Protect
|move|p1b: Incineroar|Fake Out|p2b: Toxapex
|-activate|p2b: Toxapex|move: Protect
|move|p1a: Toxapex|Infestation|p2b: Toxapex
|-activate|p2b: Toxapex|move: Protect
|
|-heal|p2b: Toxapex|26/100|[from] item: Leftovers
|-damage|p1b: Incineroar|0 fnt|[from] psn
|faint|p1b: Incineroar
|-damage|p2b: Toxapex|14/100|[from] move: Infestation|[partiallytrapped]
|upkeep
|turn|14
|
|t:|1785495248
|move|p2b: Toxapex|Infestation|p1a: Toxapex
|-resisted|p1a: Toxapex|1
|-damage|p1a: Toxapex|98/100
|-activate|p1a: Toxapex|move: Infestation|[of] p2b: Toxapex
|move|p1a: Toxapex|Infestation|p2b: Toxapex
|-resisted|p2b: Toxapex|1
|-damage|p2b: Toxapex|14/100
|
|-heal|p2b: Toxapex|19/100|[from] item: Leftovers
|-heal|p1a: Toxapex|100/100|[from] item: Leftovers
|-damage|p2b: Toxapex|7/100|[from] move: Infestation|[partiallytrapped]
|-damage|p1a: Toxapex|87/100|[from] move: Infestation|[partiallytrapped]
|upkeep
|turn|15
|
|t:|1785495250
|move|p2b: Toxapex|Baneful Bunker|p2b: Toxapex
|-singleturn|p2b: Toxapex|move: Protect
|move|p1a: Toxapex|Infestation|p2b: Toxapex
|-activate|p2b: Toxapex|move: Protect
|
|-heal|p2b: Toxapex|13/100|[from] item: Leftovers
|-heal|p1a: Toxapex|93/100|[from] item: Leftovers
|-end|p2b: Toxapex|Infestation|[partiallytrapped]
|-damage|p1a: Toxapex|81/100|[from] move: Infestation|[partiallytrapped]
|upkeep
|turn|16
|
|t:|1785495255
|move|p2b: Toxapex|Baneful Bunker||[still]
|-fail|p2b: Toxapex
|move|p1a: Toxapex|Infestation|p2b: Toxapex
|-resisted|p2b: Toxapex|1
|-damage|p2b: Toxapex|12/100
|-activate|p2b: Toxapex|move: Infestation|[of] p1a: Toxapex
|
|-heal|p2b: Toxapex|18/100|[from] item: Leftovers
|-heal|p1a: Toxapex|87/100|[from] item: Leftovers
|-damage|p2b: Toxapex|6/100|[from] move: Infestation|[partiallytrapped]
|-damage|p1a: Toxapex|75/100|[from] move: Infestation|[partiallytrapped]
|upkeep
|turn|17
|
|t:|1785495263
|move|p2b: Toxapex|Baneful Bunker|p2b: Toxapex
|-singleturn|p2b: Toxapex|move: Protect
|move|p1a: Toxapex|Infestation|p2b: Toxapex
|-activate|p2b: Toxapex|move: Protect
|
|-heal|p2b: Toxapex|12/100|[from] item: Leftovers
|-heal|p1a: Toxapex|80/100|[from] item: Leftovers
|-damage|p2b: Toxapex|0 fnt|[from] move: Infestation|[partiallytrapped]
|faint|p2b: Toxapex
|
|win|MegaJouleVGC
|raw|MegaJouleVGC's rating: 1353 → 1371(+18 for winning)
|raw|new mental's rating: 1311 → 1293(-18 for losing)
