|j|☆iFlamercenar
|j|☆CrazyyBoi
|html|iFlamercenarCrazyyBoi    
|uhtml|bestof|Game 1 of a best-of-3
|t:|1757747294
|gametype|doubles
|player|p1|iFlamercenar|acetrainer-gen4dp|1069
|player|p2|CrazyyBoi|266|1120
|gen|9
|tier|[Gen 9] VGC 2025 Reg H (Bo3)
|rated|
|rule|Species Clause: Limit one of each Pokémon
|rule|Item Clause: Limit 1 of each item
|clearpoke
|poke|p1|Primeape, L50, F|
|poke|p1|Smeargle, L50, M|
|poke|p1|Rillaboom, L50, F|
|poke|p1|Dragonite, L50, F|
|poke|p1|Incineroar, L50, F|
|poke|p1|Ursaluna-Bloodmoon, L50, M|
|poke|p2|Meowscarada, L50, F|
|poke|p2|Sableye, L50, M|
|poke|p2|Gothitelle, L50, M|
|poke|p2|Kommo-o, L50, F|
|poke|p2|Incineroar, L50, M|
|poke|p2|Primarina, L50, M|
|teampreview|4
|showteam|p1|Primeape||ClearAmulet|AngerPoint|RageFist,CloseCombat,SleepTalk,Rest|||F|||50|,,,,,Ghost]Smeargle||FocusSash|Moody|FollowMe,SurgingStrikes,Spore,FakeOut|||M|||50|,,,,,Grass]Rillaboom||AssaultVest|GrassySurge|WoodHammer,GrassyGlide,HighHorsepower,FakeOut|||F|||50|,,,,,Fire]Dragonite||LoadedDice|Multiscale|ScaleShot,Tailwind,StompingTantrum,Protect|||F|||50|,,,,,Steel]Incineroar||SitrusBerry|Intimidate|FlareBlitz,KnockOff,FakeOut,PartingShot|||F|||50|,,,,,Water]Ursaluna-Bloodmoon||LifeOrb|MindsEye|BloodMoon,EarthPower,HyperVoice,Protect|||M|||50|,,,,,Water
|showteam|p2|Meowscarada||ClearAmulet|Overgrow|FlowerTrick,SuckerPunch,ThroatChop,Protect|||F|||50|,,,,,Fire]Sableye||MentalHerb|Prankster|WillOWisp,Quash,Disable,Encore|||M|||50|,,,,,Grass]Gothitelle||SitrusBerry|ShadowTag|FakeOut,Psychic,TrickRoom,Protect|||M|||50|,,,,,Steel]Kommo-o||ThroatSpray|Overcoat|ClangorousSoul,ClangingScales,Protect,AuraSphere|||F|||50|,,,,,Steel]Incineroar||SafetyGoggles|Intimidate|FakeOut,PartingShot,KnockOff,Taunt|||M|||50|,,,,,Ghost]Primarina||LifeOrb|LiquidVoice|HyperVoice,Moonblast,PerishSong,Protect|||M|||50|,,,,,Dragon
|
|t:|1757747372
|teamsize|p1|4
|teamsize|p2|4
|start
|switch|p1a: Smeargle|Smeargle, L50, M|100/100
|switch|p1b: Primeape|Primeape, L50, F|100/100
|switch|p2a: Meowscarada|Meowscarada, L50, F|100/100
|switch|p2b: Gothitelle|Gothitelle, L50, M|100/100
|turn|1
|inactive|Battle timer is ON: inactive players will automatically lose when time's up. (requested by CrazyyBoi)
|
|t:|1757747395
|move|p2b: Gothitelle|Fake Out|p1a: Smeargle
|-damage|p1a: Smeargle|89/100
|move|p2a: Meowscarada|Flower Trick|p1a: Smeargle
|-crit|p1a: Smeargle
|-damage|p1a: Smeargle|0 fnt
|faint|p1a: Smeargle
|move|p1b: Primeape|Close Combat|p2a: Meowscarada
|-supereffective|p2a: Meowscarada
|-crit|p2a: Meowscarada
|-damage|p2a: Meowscarada|0 fnt
|-unboost|p1b: Primeape|def|1
|-unboost|p1b: Primeape|spd|1
|faint|p2a: Meowscarada
|
|upkeep
|
|t:|1757747413
|switch|p2a: Sableye|Sableye, L50, M|100/100
|switch|p1a: Incineroar|Incineroar, L50, F|100/100
|-ability|p1a: Incineroar|Intimidate|boost
|-unboost|p2a: Sableye|atk|1
|-unboost|p2b: Gothitelle|atk|1
|turn|2
|
|t:|1757747432
|move|p2b: Gothitelle|Protect|p2b: Gothitelle
|-singleturn|p2b: Gothitelle|Protect
|move|p2a: Sableye|Will-O-Wisp|p1b: Primeape
|-status|p1b: Primeape|brn
|move|p1b: Primeape|Rage Fist|p2b: Gothitelle
|-activate|p2b: Gothitelle|move: Protect
|move|p1a: Incineroar|Knock Off|p2a: Sableye
|-damage|p2a: Sableye|50/100
|-enditem|p2a: Sableye|Mental Herb|[from] move: Knock Off|[of] p1a: Incineroar
|
|-damage|p1b: Primeape|95/100 brn|[from] brn
|upkeep
|turn|3
|inactive|CrazyyBoi has 30 seconds left.
|inactive|CrazyyBoi has 20 seconds left.
|
|t:|1757747471
|move|p2a: Sableye|Disable|p1b: Primeape
|-start|p1b: Primeape|Disable|Rage Fist
|cant|p1b: Primeape|Disable|Rage Fist
|move|p1a: Incineroar|Knock Off|p2b: Gothitelle
|-supereffective|p2b: Gothitelle
|-damage|p2b: Gothitelle|25/100
|-enditem|p2b: Gothitelle|Sitrus Berry|[from] move: Knock Off|[of] p1a: Incineroar
|move|p2b: Gothitelle|Psychic|p1b: Primeape
|-supereffective|p1b: Primeape
|-damage|p1b: Primeape|0 fnt
|faint|p1b: Primeape
|
|upkeep
|
|t:|1757747482
|switch|p1b: Rillaboom|Rillaboom, L50, F|100/100
|-fieldstart|move: Grassy Terrain|[from] ability: Grassy Surge|[of] p1b: Rillaboom
|turn|4
|
|t:|1757747496
|move|p2b: Gothitelle|Protect|p2b: Gothitelle
|-singleturn|p2b: Gothitelle|Protect
|move|p1b: Rillaboom|Grassy Glide|p2a: Sableye
|-damage|p2a: Sableye|0 fnt
|faint|p2a: Sableye
|move|p1a: Incineroar|Flare Blitz|p2b: Gothitelle
|-activate|p2b: Gothitelle|move: Protect
|
|-heal|p2b: Gothitelle|31/100|[from] Grassy Terrain
|upkeep
|
|t:|1757747502
|switch|p2a: Primarina|Primarina, L50, M|100/100
|turn|5
|
|t:|1757747516
|-terastallize|p1a: Incineroar|Water
|-terastallize|p2a: Primarina|Dragon
|move|p1b: Rillaboom|High Horsepower|p2a: Primarina
|-damage|p2a: Primarina|61/100
|move|p1a: Incineroar|Knock Off|p2b: Gothitelle
|-supereffective|p2b: Gothitelle
|-damage|p2b: Gothitelle|0 fnt
|faint|p2b: Gothitelle
|move|p2a: Primarina|Moonblast|p1b: Rillaboom
|-damage|p1b: Rillaboom|48/100
|-damage|p2a: Primarina|52/100|[from] item: Life Orb
|
|-heal|p1b: Rillaboom|54/100|[from] Grassy Terrain
|-heal|p2a: Primarina|58/100|[from] Grassy Terrain
|upkeep
|turn|6
|
|t:|1757747533
|move|p1b: Rillaboom|High Horsepower|p2a: Primarina
|-damage|p2a: Primarina|13/100
|move|p1a: Incineroar|Knock Off|p2a: Primarina
|-damage|p2a: Primarina|0 fnt
|-enditem|p2a: Primarina|Life Orb|[from] move: Knock Off|[of] p1a: Incineroar
|faint|p2a: Primarina
|
|win|iFlamercenar
||iFlamercenar is ready for game 2.
||CrazyyBoi is ready for game 2.
|uhtml|next|Next: Game 2 of 3
