|j|☆midranger
|j|☆Mega Chime Time
|html|midrangerMega Chime Time    
|uhtml|bestof|Game 2 of a best-of-3
|t:|1784289127
|gametype|doubles
|player|p1|midranger|169|
|player|p2|Mega Chime Time|miku-flying|
|gen|9
|tier|[Gen 9 Champions] VGC 2026 Reg M-B (Bo3)
|rule|Species Clause: Limit one of each Pokémon
|rule|Item Clause: Limit 1 of each item
|clearpoke
|poke|p1|Aromatisse, L50, M|
|poke|p1|Blastoise, L50, F|
|poke|p1|Manectric, L50, F|
|poke|p1|Ariados, L50, F|
|poke|p1|Machamp, L50, F|
|poke|p1|Skarmory, L50, F|
|poke|p2|Altaria, L50, M|
|poke|p2|Salazzle, L50, F|
|poke|p2|Blastoise, L50, M|
|poke|p2|Rotom-Frost, L50|
|poke|p2|Arcanine, L50, F|
|poke|p2|Chesnaught, L50, F, shiny|
|teampreview|4
|showteam|p1|Aromatisse||Leftovers|AromaVeil|AfterYou,TrickRoom,Moonblast,HealPulse|Sassy||M|||50|]Blastoise||WhiteHerb|RainDish|WaterSpout,DarkPulse,FakeOut,ShellSmash|Modest||F|||50|]Manectric||Manectite|LightningRod|VoltSwitch,Snarl,Protect,Thunderbolt|Timid||F|||50|]Ariados||SitrusBerry|Insomnia|KnockOff,StringShot,RagePowder,Protect|Impish||F|||50|]Machamp||LifeOrb|NoGuard|DynamicPunch,WideGuard,BulletPunch,StompingTantrum|Adamant||F|||50|]Skarmory||Skarmorite|KeenEye|IronHead,BraveBird,Protect,Tailwind|Adamant||F|||50|
|showteam|p2|Altaria||Altarianite|NaturalCure|HyperVoice,Roost,WillOWisp,Protect|Modest||M|||50|]Salazzle||FocusSash|Corrosion|FakeOut,SludgeBomb,Encore,Protect|Hasty||F|||50|]Blastoise||SitrusBerry|RainDish|FakeOut,WaveCrash,Yawn,LifeDew|Adamant||M|||50|]Rotom-Frost||ChoiceScarf|Levitate|Blizzard,Electroweb,VoltSwitch,Thunderbolt|Timid|||||50|]Arcanine||Charcoal|Intimidate|ExtremeSpeed,FlareBlitz,Snarl,Protect|Jolly||F|||50|]Chesnaught||Chesnaughtite|Bulletproof|BodyPress,SpikyShield,WideGuard,WoodHammer|Adamant||F|||50|
|
|t:|1784289206
|teamsize|p1|4
|teamsize|p2|4
|start
|switch|p1a: Skarmory|Skarmory, L50, F|100/100
|switch|p1b: Machamp|Machamp, L50, F|100/100
|switch|p2a: Salazzle|Salazzle, L50, F|100/100
|switch|p2b: Altaria|Altaria, L50, M|100/100
|turn|1
|
|t:|1784289253
|detailschange|p1a: Skarmory|Skarmory-Mega, L50, F
|-mega|p1a: Skarmory|Skarmory|Skarmorite
|move|p2a: Salazzle|Fake Out|p1a: Skarmory
|-resisted|p1a: Skarmory|1
|-damage|p1a: Skarmory|96/100
|move|p1b: Machamp|Wide Guard|p1b: Machamp
|-singleturn|p1b: Machamp|Wide Guard
|cant|p1a: Skarmory|flinch
|move|p2b: Altaria|Will-O-Wisp|p1b: Machamp
|-status|p1b: Machamp|brn
|
|-damage|p1b: Machamp|93/100 brn|[from] brn
|upkeep
|turn|2
|
|t:|1784289275
|move|p1b: Machamp|Wide Guard|p1b: Machamp
|-singleturn|p1b: Machamp|Wide Guard
|move|p2a: Salazzle|Encore|p1b: Machamp
|-start|p1b: Machamp|Encore
|move|p1a: Skarmory|Iron Head|p2b: Altaria
|-damage|p2b: Altaria|43/100
|move|p2b: Altaria|Will-O-Wisp|p1a: Skarmory
|-status|p1a: Skarmory|brn
|
|-damage|p1a: Skarmory|90/100 brn|[from] brn
|-damage|p1b: Machamp|87/100 brn|[from] brn
|upkeep
|turn|3
|
|t:|1784289295
|switch|p1b: Blastoise|Blastoise, L50, F|100/100
|move|p2a: Salazzle|Encore|p1a: Skarmory
|-start|p1a: Skarmory|Encore
|move|p1a: Skarmory|Iron Head|p2b: Altaria
|-damage|p2b: Altaria|18/100
|cant|p2b: Altaria|flinch
|
|-damage|p1a: Skarmory|84/100 brn|[from] brn
|upkeep
|turn|4
|
|t:|1784289313
|switch|p2b: Blastoise|Blastoise, L50, M|100/100
|move|p2a: Salazzle|Protect|p2a: Salazzle
|-singleturn|p2a: Salazzle|Protect
|move|p1a: Skarmory|Iron Head|p2b: Blastoise
|-resisted|p2b: Blastoise|1
|-damage|p2b: Blastoise|88/100
|move|p1b: Blastoise|Shell Smash|p1b: Blastoise
|-unboost|p1b: Blastoise|def|1
|-unboost|p1b: Blastoise|spd|1
|-boost|p1b: Blastoise|atk|2
|-boost|p1b: Blastoise|spa|2
|-boost|p1b: Blastoise|spe|2
|-enditem|p1b: Blastoise|White Herb
|-clearnegativeboost|p1b: Blastoise|[silent]
|
|-damage|p1a: Skarmory|78/100 brn|[from] brn
|upkeep
|turn|5
|
|t:|1784289351
|switch|p1a: Ariados|Ariados, L50, F|100/100
|move|p2b: Blastoise|Fake Out|p1b: Blastoise
|-damage|p1b: Blastoise|89/100
|cant|p1b: Blastoise|flinch
|move|p2a: Salazzle|Encore|p1b: Blastoise
|-start|p1b: Blastoise|Encore
|
|upkeep
|turn|6
|
|t:|1784289383
|switch|p1b: Machamp|Machamp, L50, F|87/100 brn
|switch|p2a: Altaria|Altaria, L50, M|18/100
|move|p2b: Blastoise|Wave Crash|p1b: Machamp
|-damage|p1b: Machamp|40/100 brn
|-damage|p2b: Blastoise|71/100|[from] Recoil
|move|p1a: Ariados|Knock Off|p2b: Blastoise
|-damage|p2b: Blastoise|53/100
|-enditem|p2b: Blastoise|Sitrus Berry|[from] move: Knock Off|[of] p1a: Ariados
|
|-damage|p1b: Machamp|34/100 brn|[from] brn
|upkeep
|turn|7
|
|t:|1784289404
|switch|p2b: Arcanine|Arcanine, L50, F|100/100
|-ability|p2b: Arcanine|Intimidate|boost
|-unboost|p1a: Ariados|atk|1
|-unboost|p1b: Machamp|atk|1
|move|p1a: Ariados|Rage Powder|p1a: Ariados
|-singleturn|p1a: Ariados|move: Rage Powder
|move|p1b: Machamp|Bullet Punch|p2a: Altaria
|-damage|p2a: Altaria|11/100
|-damage|p1b: Machamp|24/100 brn|[from] item: Life Orb
|move|p2a: Altaria|Roost|p2a: Altaria
|-heal|p2a: Altaria|61/100
|-singleturn|p2a: Altaria|move: Roost
|
|-damage|p1b: Machamp|18/100 brn|[from] brn
|upkeep
|turn|8
|
|t:|1784289428
|move|p1a: Ariados|Rage Powder|p1a: Ariados
|-singleturn|p1a: Ariados|move: Rage Powder
|move|p2b: Arcanine|Flare Blitz|p1a: Ariados
|-supereffective|p1a: Ariados|1
|-damage|p1a: Ariados|0 fnt
|faint|p1a: Ariados
|-damage|p2b: Arcanine|65/100|[from] Recoil
|move|p2a: Altaria|Roost|p2a: Altaria
|-heal|p2a: Altaria|100/100
|-singleturn|p2a: Altaria|move: Roost
|move|p1b: Machamp|Dynamic Punch|p2a: Altaria
|-damage|p2a: Altaria|74/100
|-start|p2a: Altaria|confusion
|-damage|p1b: Machamp|9/100 brn|[from] item: Life Orb
|
|-damage|p1b: Machamp|3/100 brn|[from] brn
|upkeep
|
|t:|1784289444
|switch|p1a: Blastoise|Blastoise, L50, F|89/100
|turn|9
|
|t:|1784289456
|detailschange|p2a: Altaria|Altaria-Mega, L50, M
|-mega|p2a: Altaria|Altaria|Altarianite
|move|p2b: Arcanine|Snarl|p1a: Blastoise|[spread] p1a,p1b
|-resisted|p1b: Machamp|1
|-crit|p1b: Machamp
|-damage|p1a: Blastoise|81/100
|-damage|p1b: Machamp|0 fnt
|-unboost|p1a: Blastoise|spa|1
|faint|p1b: Machamp
|-activate|p2a: Altaria|confusion
|-damage|p2a: Altaria|65/100|[from] confusion
|move|p1a: Blastoise|Water Spout|p2a: Altaria|[spread] p2a,p2b
|-resisted|p2a: Altaria|1
|-supereffective|p2b: Arcanine|1
|-damage|p2a: Altaria|56/100
|-damage|p2b: Arcanine|13/100
|
|upkeep
|
|t:|1784289468
|switch|p1b: Skarmory|Skarmory-Mega, L50, F|78/100 brn
|turn|10
|
|t:|1784289486
|switch|p2a: Blastoise|Blastoise, L50, M|53/100
|move|p2b: Arcanine|Protect|p2b: Arcanine
|-singleturn|p2b: Arcanine|Protect
|move|p1b: Skarmory|Iron Head|p2a: Blastoise
|-resisted|p2a: Blastoise|1
|-damage|p2a: Blastoise|42/100
|move|p1a: Blastoise|Water Spout|p2a: Blastoise|[spread] p2a
|-activate|p2b: Arcanine|move: Protect
|-resisted|p2a: Blastoise|1
|-damage|p2a: Blastoise|32/100
|
|-damage|p1b: Skarmory|72/100 brn|[from] brn
|upkeep
|turn|11
|
|t:|1784289522
|move|p2a: Blastoise|Fake Out|p1a: Blastoise
|-damage|p1a: Blastoise|72/100
|move|p2b: Arcanine|Flare Blitz|p1b: Skarmory
|-supereffective|p1b: Skarmory|1
|-damage|p1b: Skarmory|0 fnt
|faint|p1b: Skarmory
|-damage|p2b: Arcanine|0 fnt|[from] Recoil
|faint|p2b: Arcanine
|cant|p1a: Blastoise|flinch
|
|upkeep
|
|t:|1784289530
|switch|p2b: Salazzle|Salazzle, L50, F|100/100
|turn|12
|-message|midranger forfeited.
|
|win|Mega Chime Time
|c|☆Mega Chime Time|GGs
|c|☆midranger|ggs
|l|☆midranger
|player|p1|
