|j|☆lryuzaki13
|j|☆MrMrvz
|html|lryuzaki13MrMrvz    
|uhtml|bestof|Game 1 of a best-of-3
|t:|1785435627
|gametype|doubles
|player|p1|lryuzaki13|n|1218
|player|p2|MrMrvz|ethan|1192
|gen|9
|tier|[Gen 9 Champions] VGC 2026 Reg M-B (Bo3)
|rated|
|rule|Species Clause: Limit one of each Pokémon
|rule|Item Clause: Limit 1 of each item
|clearpoke
|poke|p1|Sneasler, L50, F, shiny|
|poke|p1|Floette-Eternal, L50, F|
|poke|p1|Kingambit, L50, F, shiny|
|poke|p1|Whimsicott, L50, F, shiny|
|poke|p1|Garchomp, L50, M, shiny|
|poke|p1|Basculegion, L50, M, shiny|
|poke|p2|Staraptor, L50, M|
|poke|p2|Feraligatr, L50, M, shiny|
|poke|p2|Whimsicott, L50, F|
|poke|p2|Glimmora, L50, M|
|poke|p2|Delphox, L50, F|
|poke|p2|Kingambit, L50, M, shiny|
|teampreview|4
|showteam|p1|Sneasler||WhiteHerb|Unburden|CloseCombat,GunkShot,FakeOut,Protect|Jolly||F|||50|]Floette-Eternal||Floettite|FlowerVeil|DazzlingGleam,LightofRuin,Moonblast,Protect|Timid||F|||50|]Kingambit||BlackGlasses|Defiant|KowtowCleave,SuckerPunch,SwordsDance,Protect|Adamant||F|||50|]Whimsicott||MentalHerb|Prankster|Encore,Moonblast,Protect,Tailwind|Timid||F|||50|]Garchomp||LifeOrb|RoughSkin|Earthquake,Protect,RockSlide,StompingTantrum|Jolly||M|||50|]Basculegion||FocusSash|Adaptability|LastRespects,Liquidation,AquaJet,Protect|Adamant||M|||50|
|showteam|p2|Staraptor||Staraptite|Intimidate|BraveBird,CloseCombat,Roost,Protect|Jolly||M|||50|]Feraligatr||LifeOrb|SheerForce|Liquidation,RockSlide,IcePunch,AquaJet|Adamant||M|||50|]Whimsicott||OccaBerry|Prankster|Tailwind,Moonblast,Charm,LightScreen|Timid||F|||50|]Glimmora||FocusSash|ToxicDebris|PowerGem,SludgeBomb,EarthPower,SpikyShield|Modest||M|||50|]Delphox||Delphoxite|Blaze|HeatWave,Psychic,Encore,Protect|Timid||F|||50|]Kingambit||ChopleBerry|Defiant|KowtowCleave,IronHead,LowKick,SuckerPunch|Adamant||M|||50|
|
|t:|1785435702
|teamsize|p1|4
|teamsize|p2|4
|start
|switch|p1a: Bishop|Whimsicott, L50, F, shiny|100/100
|switch|p1b: Rook|Sneasler, L50, F, shiny|100/100
|switch|p2a: Glimmora|Glimmora, L50, M|100/100
|switch|p2b: Whimsicott|Whimsicott, L50, F|100/100
|turn|1
|
|t:|1785435720
|move|p1a: Bishop|Tailwind|p1a: Bishop
|-sidestart|p1: lryuzaki13|move: Tailwind
|move|p2b: Whimsicott|Tailwind|p2b: Whimsicott
|-sidestart|p2: MrMrvz|move: Tailwind
|move|p1b: Rook|Gunk Shot|p2b: Whimsicott
|-supereffective|p2b: Whimsicott|2
|-damage|p2b: Whimsicott|0 fnt
|faint|p2b: Whimsicott
|move|p2a: Glimmora|Sludge Bomb|p1a: Bishop
|-supereffective|p1a: Bishop|2
|-damage|p1a: Bishop|0 fnt
|faint|p1a: Bishop
|
|upkeep
|
|t:|1785435731
|switch|p1a: Queen|Floette-Eternal, L50, F|100/100
|switch|p2b: Delphox|Delphox, L50, F|100/100
|turn|2
|inactive|Battle timer is ON: inactive players will automatically lose when time's up. (requested by MrMrvz)
|
|t:|1785435795
|switch|p1b: Pawn|Basculegion, L50, M, shiny|100/100
|detailschange|p2b: Delphox|Delphox-Mega, L50, F
|-mega|p2b: Delphox|Delphox|Delphoxite
|detailschange|p1a: Queen|Floette-Mega, L50, F
|-mega|p1a: Queen|Floette|Floettite
|-ability|p1a: Queen|Fairy Aura
|move|p1a: Queen|Protect|p1a: Queen
|-singleturn|p1a: Queen|Protect
|move|p2b: Delphox|Psychic|p1b: Pawn
|-damage|p1b: Pawn|40/100
|-unboost|p1b: Pawn|spd|1
|move|p2a: Glimmora|Sludge Bomb|p1a: Queen
|-activate|p1a: Queen|move: Protect
|
|upkeep
|turn|3
|inactive|lryuzaki13 has 30 seconds left.
|inactive|MrMrvz has 30 seconds left.
|inactive|lryuzaki13 has 20 seconds left.
|inactive|lryuzaki13 has 15 seconds left.
|inactive|lryuzaki13 has 10 seconds left.
|inactive|lryuzaki13 has 5 seconds left.
|inactive|MrMrvz has 20 seconds left.
|
|t:|1785435851
|switch|p2b: Kingambit|Kingambit, L50, M, shiny|100/100
|move|p1b: Pawn|Aqua Jet|p2a: Glimmora
|-supereffective|p2a: Glimmora|1
|-damage|p2a: Glimmora|34/100
|-activate|p2a: Glimmora|ability: Toxic Debris
|-sidestart|p1: lryuzaki13|move: Toxic Spikes
|move|p1a: Queen|Dazzling Gleam|p2a: Glimmora|[spread] p2a,p2b
|-resisted|p2a: Glimmora|1
|-damage|p2a: Glimmora|2/100
|-damage|p2b: Kingambit|53/100
|move|p2a: Glimmora|Sludge Bomb|p1a: Queen
|-supereffective|p1a: Queen|1
|-damage|p1a: Queen|15/100
|-status|p1a: Queen|psn
|
|-damage|p1a: Queen|3/100 psn|[from] psn
|upkeep
|turn|4
|
|t:|1785435873
|move|p2a: Glimmora|Spiky Shield|p2a: Glimmora
|-singleturn|p2a: Glimmora|move: Protect
|move|p1b: Pawn|Aqua Jet|p2a: Glimmora
|-activate|p2a: Glimmora|move: Protect
|-damage|p1b: Pawn|27/100|[from] Spiky Shield|[of] p2a: Glimmora
|move|p2b: Kingambit|Sucker Punch||[still]
|-fail|p2b: Kingambit
|move|p1a: Queen|Light of Ruin|p2b: Kingambit
|-damage|p2b: Kingambit|0 fnt
|faint|p2b: Kingambit
|-damage|p1a: Queen|0 fnt|[from] Recoil
|faint|p1a: Queen
|
|-sideend|p2: MrMrvz|move: Tailwind
|-sideend|p1: lryuzaki13|move: Tailwind
|upkeep
|
|t:|1785435886
|switch|p1a: Rook|Sneasler, L50, F, shiny|100/100
|switch|p2b: Delphox|Delphox-Mega, L50, F|100/100
|-sideend|p1: lryuzaki13|move: Toxic Spikes|[of] p1a: Rook
|turn|5
|
|t:|1785435909
|move|p1a: Rook|Fake Out|p2b: Delphox
|-damage|p2b: Delphox|79/100
|move|p1b: Pawn|Aqua Jet|p2a: Glimmora
|-supereffective|p2a: Glimmora|1
|-damage|p2a: Glimmora|0 fnt
|-activate|p2a: Glimmora|ability: Toxic Debris
|-sidestart|p1: lryuzaki13|move: Toxic Spikes
|faint|p2a: Glimmora
|cant|p2b: Delphox|flinch
|
|upkeep
|turn|6
|
|t:|1785435925
|move|p1b: Pawn|Aqua Jet|p2b: Delphox
|-supereffective|p2b: Delphox|1
|-damage|p2b: Delphox|0 fnt
|faint|p2b: Delphox
|
|win|lryuzaki13
