|j|☆Philippejava
|j|☆dambro222
|html|Philippejavadambro222    
|uhtml|bestof|Game 2 of a best-of-3
|t:|1756795687
|gametype|doubles
|player|p1|Philippejava|falkner|1087
|player|p2|dambro222|ethan|1137
|gen|9
|tier|[Gen 9] VGC 2025 Reg H (Bo3)
|rated|
|rule|Species Clause: Limit one of each Pokémon
|rule|Item Clause: Limit 1 of each item
|clearpoke
|poke|p1|Ursaluna, L50, M|
|poke|p1|Indeedee-F, L50, F|
|poke|p1|Exeggutor, L50, M|
|poke|p1|Torkoal, L50, M|
|poke|p1|Gallade, L50, M|
|poke|p1|Zoroark-Hisui, L50, F|
|poke|p2|Dragonite, L50, M|
|poke|p2|Volcarona, L50, F|
|poke|p2|Sneasler, L50, M|
|poke|p2|Rillaboom, L50, M|
|poke|p2|Electabuzz, L50, M|
|poke|p2|Kingambit, L50, M|
|teampreview|4
|showteam|p1|Ursaluna||FlameOrb|Guts|Protect,Facade,Earthquake,HeadlongRush|||M|||50|,,,,,Ghost]Indeedee-F||PsychicSeed|PsychicSurge|TrickRoom,FollowMe,HelpingHand,Psychic|||F|||50|,,,,,Grass]Exeggutor||FocusSash|Chlorophyll|TrickRoom,ExpandingForce,EnergyBall,SleepPowder|||M|||50|,,,,,Psychic]Torkoal||Charcoal|Drought|Eruption,ClearSmog,Protect,WeatherBall|||M|||50|,,,,,Fire]Gallade||ClearAmulet|Sharpness|PsychoCut,TrickRoom,WideGuard,SacredSword|||M|||50|,,,,,Fire]Zoroark-Hisui||ChoiceScarf|Illusion|HyperVoice,Flamethrower,ShadowBall,IcyWind|||F|||50|,,,,,Normal
|showteam|p2|Dragonite||LoadedDice|Multiscale|ScaleShot,ExtremeSpeed,Haze,Protect|||M|||50|,,,,,Fairy]Volcarona||CovertCloak|FlameBody|HeatWave,TeraBlast,QuiverDance,Protect|||F|||50|,,,,,Fairy]Sneasler||FocusSash|Unburden|CloseCombat,DireClaw,RockSlide,Protect|||M|||50|,,,,,Stellar]Rillaboom||AssaultVest|GrassySurge|WoodHammer,GrassyGlide,HighHorsepower,FakeOut|||M|||50|,,,,,Water]Electabuzz||Eviolite|VitalSpirit|Electroweb,FollowMe,Taunt,Protect|||M|||50|,,,,,Ghost]Kingambit||BlackGlasses|Defiant|KowtowCleave,SuckerPunch,SwordsDance,Protect|||M|||50|,,,,,Dark
|inactive|Battle timer is ON: inactive players will automatically lose when time's up. (requested by dambro222)
|inactive|Philippejava also wants the timer to be on.
|inactive|dambro222 has 60 seconds left.
|
|t:|1756795732
|teamsize|p1|4
|teamsize|p2|4
|start
|switch|p1a: Ursaluna|Ursaluna, L50, M|100/100
|switch|p1b: Gallade|Gallade, L50, M|100/100
|switch|p2a: Kingambit|Kingambit, L50, M, shiny|100/100
|switch|p2b: Electabuzz|Electabuzz, L50, M|100/100
|turn|1
|inactive|Philippejava has 30 seconds left.
|inactive|Philippejava has 20 seconds left.
|inactive|Philippejava has 15 seconds left.
|inactive|Philippejava has 10 seconds left.
|inactive|Philippejava has 5 seconds left.
|
|t:|1756795785
|switch|p2a: Dragonite|Dragonite, L50, M|100/100
|move|p2b: Electabuzz|Taunt|p1b: Gallade
|-start|p1b: Gallade|move: Taunt
|move|p1a: Ursaluna|Earthquake|p2b: Electabuzz|[spread] p1b,p2b
|-immune|p2a: Dragonite
|-supereffective|p2b: Electabuzz
|-damage|p1b: Gallade|41/100
|-damage|p2b: Electabuzz|30/100
|cant|p1b: Gallade|move: Taunt|Trick Room
|
|-status|p1a: Ursaluna|brn|[from] item: Flame Orb
|upkeep
|turn|2
|inactive|Philippejava has 30 seconds left.
|inactive|dambro222 has 30 seconds left.
|
|t:|1756795815
|move|p2b: Electabuzz|Follow Me|p2b: Electabuzz
|-singleturn|p2b: Electabuzz|move: Follow Me
|move|p2a: Dragonite|Scale Shot|p1b: Gallade
|-damage|p1b: Gallade|22/100
|-damage|p1b: Gallade|3/100
|-damage|p1b: Gallade|0 fnt
|faint|p1b: Gallade
|-hitcount|p1: Gallade|3
|-unboost|p2a: Dragonite|def|1
|-boost|p2a: Dragonite|spe|1
|move|p1a: Ursaluna|Facade|p2b: Electabuzz
|-damage|p2b: Electabuzz|0 fnt
|faint|p2b: Electabuzz
|
|-damage|p1a: Ursaluna|94/100 brn|[from] brn
|upkeep
|
|t:|1756795833
|switch|p2b: Kingambit|Kingambit, L50, M, shiny|100/100
|switch|p1b: Indeedee|Indeedee-F, L50, F|100/100
|-fieldstart|move: Psychic Terrain|[from] ability: Psychic Surge|[of] p1b: Indeedee
|-enditem|p1b: Indeedee|Psychic Seed
|-boost|p1b: Indeedee|spd|1|[from] item: Psychic Seed
|turn|3
|inactive|dambro222 has 30 seconds left.
|inactive|dambro222 has 20 seconds left.
|inactive|dambro222 has 15 seconds left.
|
|t:|1756795876
|switch|p2b: Rillaboom|Rillaboom, L50, M|100/100
|-fieldstart|move: Grassy Terrain|[from] ability: Grassy Surge|[of] p2b: Rillaboom
|move|p2a: Dragonite|Scale Shot|p1a: Ursaluna
|-damage|p1a: Ursaluna|82/100 brn
|-damage|p1a: Ursaluna|71/100 brn
|-damage|p1a: Ursaluna|60/100 brn
|-damage|p1a: Ursaluna|49/100 brn
|-damage|p1a: Ursaluna|39/100 brn
|-hitcount|p1a: Ursaluna|5
|-unboost|p2a: Dragonite|def|1
|-boost|p2a: Dragonite|spe|1
|move|p1a: Ursaluna|Headlong Rush|p2b: Rillaboom
|-resisted|p2b: Rillaboom
|-damage|p2b: Rillaboom|46/100
|-unboost|p1a: Ursaluna|def|1
|-unboost|p1a: Ursaluna|spd|1
|move|p1b: Indeedee|Trick Room|p1b: Indeedee
|-fieldstart|move: Trick Room|[of] p1b: Indeedee
|
|-heal|p1a: Ursaluna|45/100 brn|[from] Grassy Terrain
|-heal|p2b: Rillaboom|52/100|[from] Grassy Terrain
|-damage|p1a: Ursaluna|39/100 brn|[from] brn
|upkeep
|turn|4
|inactive|dambro222 has 30 seconds left.
|inactive|dambro222 has 20 seconds left.
|inactive|dambro222 has 15 seconds left.
|inactive|dambro222 has 10 seconds left.
|
|t:|1756795926
|switch|p1b: Torkoal|Torkoal, L50, M|100/100
|-weather|SunnyDay|[from] ability: Drought|[of] p1b: Torkoal
|move|p1a: Ursaluna|Protect|p1a: Ursaluna
|-singleturn|p1a: Ursaluna|Protect
|move|p2b: Rillaboom|Fake Out|p1a: Ursaluna
|-activate|p1a: Ursaluna|move: Protect
|move|p2a: Dragonite|Scale Shot|p1b: Torkoal
|-damage|p1b: Torkoal|89/100
|-damage|p1b: Torkoal|78/100
|-damage|p1b: Torkoal|67/100
|-damage|p1b: Torkoal|56/100
|-hitcount|p1b: Torkoal|4
|-unboost|p2a: Dragonite|def|1
|-boost|p2a: Dragonite|spe|1
|
|-weather|SunnyDay|[upkeep]
|-heal|p1b: Torkoal|63/100|[from] Grassy Terrain
|-heal|p1a: Ursaluna|45/100 brn|[from] Grassy Terrain
|-heal|p2b: Rillaboom|58/100|[from] Grassy Terrain
|-damage|p1a: Ursaluna|39/100 brn|[from] brn
|upkeep
|turn|5
|inactive|Philippejava has 30 seconds left.
|inactive|dambro222 has 30 seconds left.
|inactive|dambro222 has 20 seconds left.
|inactive|dambro222 has 15 seconds left.
|inactive|dambro222 has 10 seconds left.
|inactive|dambro222 has 5 seconds left.
|
|t:|1756795981
|switch|p1a: Indeedee|Indeedee-F, L50, F|100/100
|-fieldstart|move: Psychic Terrain|[from] ability: Psychic Surge|[of] p1a: Indeedee
|-terastallize|p1b: Torkoal|Fire
|move|p1b: Torkoal|Eruption|p2a: Dragonite|[spread] p2a,p2b
|-resisted|p2a: Dragonite
|-supereffective|p2b: Rillaboom
|-damage|p2a: Dragonite|81/100
|-damage|p2b: Rillaboom|0 fnt
|faint|p2b: Rillaboom
|move|p2a: Dragonite|Scale Shot|p1b: Torkoal
|-damage|p1b: Torkoal|51/100
|-damage|p1b: Torkoal|39/100
|-damage|p1b: Torkoal|27/100
|-damage|p1b: Torkoal|15/100
|-damage|p1b: Torkoal|3/100
|-hitcount|p1b: Torkoal|5
|-unboost|p2a: Dragonite|def|1
|-boost|p2a: Dragonite|spe|1
|
|-weather|SunnyDay|[upkeep]
|upkeep
|
|t:|1756796000
|switch|p2b: Kingambit|Kingambit, L50, M, shiny|100/100
|turn|6
|
|t:|1756796025
|-terastallize|p2b: Kingambit|Dark
|move|p1a: Indeedee|Helping Hand|p1b: Torkoal
|-singleturn|p1b: Torkoal|Helping Hand|[of] p1a: Indeedee
|move|p1b: Torkoal|Weather Ball|p2b: Kingambit
|-damage|p2b: Kingambit|0 fnt
|faint|p2b: Kingambit
|move|p2a: Dragonite|Scale Shot|p1a: Indeedee
|-damage|p1a: Indeedee|86/100
|-damage|p1a: Indeedee|73/100
|-damage|p1a: Indeedee|58/100
|-damage|p1a: Indeedee|43/100
|-hitcount|p1a: Indeedee|4
|-unboost|p2a: Dragonite|def|1
|-boost|p2a: Dragonite|spe|1
|
|-weather|SunnyDay|[upkeep]
|upkeep
|turn|7
|inactive|Philippejava has 30 seconds left.
|inactive|dambro222 has 30 seconds left.
|inactive|Philippejava has 20 seconds left.
|inactive|dambro222 has 20 seconds left.
|inactive|Philippejava has 15 seconds left.
|inactive|Philippejava has 10 seconds left.
|inactive|Philippejava has 5 seconds left.
|
|t:|1756796080
|move|p2a: Dragonite|Protect|p2a: Dragonite
|-singleturn|p2a: Dragonite|Protect
|move|p1b: Torkoal|Eruption|p2a: Dragonite
|-activate|p2a: Dragonite|move: Protect
|move|p1a: Indeedee|Trick Room|p1a: Indeedee
|-fieldend|move: Trick Room
|
|-weather|SunnyDay|[upkeep]
|upkeep
|turn|8
|
|t:|1756796093
|move|p1b: Torkoal|Protect|p1b: Torkoal
|-singleturn|p1b: Torkoal|Protect
|move|p2a: Dragonite|Scale Shot|p1a: Indeedee
|-damage|p1a: Indeedee|28/100
|-damage|p1a: Indeedee|15/100
|-damage|p1a: Indeedee|1/100
|-damage|p1a: Indeedee|0 fnt
|faint|p1a: Indeedee
|-hitcount|p1: Indeedee|4
|-unboost|p2a: Dragonite|def|1
|-boost|p2a: Dragonite|spe|1
|
|-weather|none
|upkeep
|
|t:|1756796107
|switch|p1a: Ursaluna|Ursaluna, L50, M|39/100 brn
|turn|9
|
|t:|1756796125
|move|p2a: Dragonite|Protect|p2a: Dragonite
|-singleturn|p2a: Dragonite|Protect
|move|p1a: Ursaluna|Facade|p2a: Dragonite
|-activate|p2a: Dragonite|move: Protect
|move|p1b: Torkoal|Weather Ball|p2a: Dragonite
|-activate|p2a: Dragonite|move: Protect
|
|-damage|p1a: Ursaluna|33/100 brn|[from] brn
|-fieldend|move: Psychic Terrain
|upkeep
|turn|10
|inactive|Philippejava has 30 seconds left.
|inactive|Philippejava has 20 seconds left.
|
|t:|1756796164
|move|p2a: Dragonite|Scale Shot|p1a: Ursaluna
|-damage|p1a: Ursaluna|22/100 brn
|-damage|p1a: Ursaluna|10/100 brn
|-damage|p1a: Ursaluna|0 fnt
|faint|p1a: Ursaluna
|-hitcount|p1: Ursaluna|3
|move|p1b: Torkoal|Weather Ball|p2a: Dragonite
|-damage|p2a: Dragonite|66/100
|
|upkeep
|turn|11
|c|☆dambro222|gg
|
|t:|1756796186
|move|p1b: Torkoal|Protect|p1b: Torkoal
|-singleturn|p1b: Torkoal|Protect
|move|p2a: Dragonite|Extreme Speed|p1b: Torkoal
|-activate|p1b: Torkoal|move: Protect
|
|upkeep
|turn|12
|inactive|Philippejava has 30 seconds left.
|inactive|Philippejava has 20 seconds left.
|inactive|Philippejava has 15 seconds left.
|inactive|Philippejava has 10 seconds left.
|-message|Philippejava forfeited.
|
|win|dambro222
|raw|Philippejava's rating: 1087 → 1067(-20 for losing)
|raw|dambro222's rating: 1137 → 1158(+21 for winning)
|l|☆Philippejava
|player|p1|
