|j|☆beeetch
|j|☆Sonja Hilmer
|html|beeetchSonja Hilmer    
|uhtml|bestof|Game 2 of a best-of-3
|t:|1756213499
|gametype|doubles
|player|p1|beeetch|beauty-gen4dp|1305
|player|p2|Sonja Hilmer|lady|1349
|gen|9
|tier|[Gen 9] VGC 2025 Reg H (Bo3)
|rated|
|rule|Species Clause: Limit one of each Pokémon
|rule|Item Clause: Limit 1 of each item
|clearpoke
|poke|p1|Toedscruel, L50, F|
|poke|p1|Weezing-Galar, L50, M|
|poke|p1|Corviknight, L50, F|
|poke|p1|Pawmot, L50, F|
|poke|p1|Garchomp, L50, F|
|poke|p1|Typhlosion-Hisui, L50, F|
|poke|p2|Dachsbun, L50, M|
|poke|p2|Typhlosion-Hisui, L50, F|
|poke|p2|Kingambit, L50, M|
|poke|p2|Jumpluff, L50, M|
|poke|p2|Rillaboom, L50, M|
|poke|p2|Torkoal, L50, M|
|teampreview|4
|showteam|p1|Toedscruel||CovertCloak|MyceliumMight|Spore,EarthPower,AcidSpray,RagePowder|||F|||50|,,,,,Water]Weezing-Galar||ChoiceSpecs|NeutralizingGas|DazzlingGleam,SludgeBomb,StrangeSteam,Flamethrower|||M|||50|,,,,,Flying]Corviknight||SitrusBerry|MirrorArmor|Protect,Tailwind,Roost,BraveBird|||F|||50|,,,,,Dragon]Pawmot||FocusSash|NaturalCure|Protect,CloseCombat,DoubleShock,FakeOut|||F|||50|,,,,,Electric]Garchomp||LifeOrb|RoughSkin|Protect,Earthquake,DragonClaw,StompingTantrum|||F|||50|,,,,,Ground]Typhlosion-Hisui||ChoiceScarf|Blaze|Eruption,SleepTalk,HeatWave,ShadowBall|||F|||50|,,,,,Fire
|showteam|p2|Dachsbun||Leftovers|WellBakedBody|BodyPress,Snarl,HelpingHand,Protect|||M|||50|,,,,,Steel]Typhlosion-Hisui||ChoiceSpecs|Blaze|Eruption,LavaPlume,Overheat,ShadowBall|||F|||50|,,,,,Fire]Kingambit||SafetyGoggles|Defiant|Protect,KowtowCleave,SuckerPunch,SwordsDance|||M|||50|,,,,,Dark]Jumpluff||CovertCloak|Chlorophyll|SleepPowder,SunnyDay,RagePowder,Tailwind|||M|||50|,,,,,Water]Rillaboom||AssaultVest|GrassySurge|WoodHammer,GrassyGlide,FakeOut,HighHorsepower|||M|||50|,,,,,Water]Torkoal||SitrusBerry|Drought|HeatWave,LavaPlume,ClearSmog,Protect|||M|||50|,,,,,Fairy
|inactive|Battle timer is ON: inactive players will automatically lose when time's up. (requested by Sonja Hilmer)
|inactive|Sonja Hilmer has 60 seconds left.
|
|t:|1756213533
|teamsize|p1|4
|teamsize|p2|4
|start
|switch|p1a: Typhlosion|Typhlosion-Hisui, L50, F|100/100
|switch|p1b: Pawmot|Pawmot, L50, F|100/100
|switch|p2a: Rillaboom|Rillaboom, L50, M|100/100
|switch|p2b: Typhlosion|Typhlosion-Hisui, L50, F|100/100
|-fieldstart|move: Grassy Terrain|[from] ability: Grassy Surge|[of] p2a: Rillaboom
|turn|1
|
|t:|1756213555
|-terastallize|p1b: Pawmot|Electric
|-terastallize|p2b: Typhlosion|Fire
|move|p2a: Rillaboom|Fake Out|p1b: Pawmot
|-damage|p1b: Pawmot|79/100
|move|p1a: Typhlosion|Shadow Ball|p2b: Typhlosion
|-damage|p2b: Typhlosion|43/100
|cant|p1b: Pawmot|flinch
|move|p2b: Typhlosion|Eruption|p1b: Pawmot|[spread] p1a,p1b
|-resisted|p1a: Typhlosion
|-damage|p1a: Typhlosion|69/100
|-damage|p1b: Pawmot|0 fnt
|faint|p1b: Pawmot
|
|-heal|p1a: Typhlosion|75/100|[from] Grassy Terrain
|-heal|p2b: Typhlosion|49/100|[from] Grassy Terrain
|upkeep
|
|t:|1756213567
|switch|p1b: Corviknight|Corviknight, L50, F|100/100
|turn|2
|
|t:|1756213582
|switch|p2b: Kingambit|Kingambit, L50, M|100/100
|move|p1a: Typhlosion|Shadow Ball|p2b: Kingambit
|-resisted|p2b: Kingambit
|-damage|p2b: Kingambit|80/100
|move|p2a: Rillaboom|High Horsepower|p1a: Typhlosion
|-supereffective|p1a: Typhlosion
|-damage|p1a: Typhlosion|0 fnt
|faint|p1a: Typhlosion
|move|p1b: Corviknight|Tailwind|p1b: Corviknight
|-sidestart|p1: beeetch|move: Tailwind
|
|-heal|p2b: Kingambit|86/100|[from] Grassy Terrain
|upkeep
|
|t:|1756213586
|switch|p1a: Garchomp|Garchomp, L50, F|100/100
|turn|3
|inactive|Sonja Hilmer has 30 seconds left.
|inactive|Sonja Hilmer has 20 seconds left.
|
|t:|1756213621
|switch|p2a: Dachsbun|Dachsbun, L50, M|100/100
|move|p2b: Kingambit|Protect|p2b: Kingambit
|-singleturn|p2b: Kingambit|Protect
|move|p1a: Garchomp|Stomping Tantrum|p2b: Kingambit
|-activate|p2b: Kingambit|move: Protect
|move|p1b: Corviknight|Brave Bird|p2a: Dachsbun
|-damage|p2a: Dachsbun|66/100
|-damage|p1b: Corviknight|91/100|[from] Recoil
|
|-heal|p2a: Dachsbun|72/100|[from] Grassy Terrain
|-heal|p2a: Dachsbun|78/100|[from] item: Leftovers
|-heal|p2b: Kingambit|92/100|[from] Grassy Terrain
|upkeep
|turn|4
|
|t:|1756213640
|move|p2a: Dachsbun|Helping Hand|p2b: Kingambit
|-singleturn|p2b: Kingambit|Helping Hand|[of] p2a: Dachsbun
|move|p2b: Kingambit|Sucker Punch|p1a: Garchomp
|-damage|p1a: Garchomp|35/100
|-damage|p2b: Kingambit|80/100|[from] ability: Rough Skin|[of] p1a: Garchomp
|move|p1a: Garchomp|Stomping Tantrum|p2a: Dachsbun
|-damage|p2a: Dachsbun|38/100
|-damage|p1a: Garchomp|25/100|[from] item: Life Orb
|move|p1b: Corviknight|Brave Bird|p2b: Kingambit
|-resisted|p2b: Kingambit
|-damage|p2b: Kingambit|62/100
|-damage|p1b: Corviknight|86/100|[from] Recoil
|
|-heal|p1a: Garchomp|31/100|[from] Grassy Terrain
|-heal|p2a: Dachsbun|44/100|[from] Grassy Terrain
|-heal|p2a: Dachsbun|50/100|[from] item: Leftovers
|-heal|p2b: Kingambit|68/100|[from] Grassy Terrain
|upkeep
|turn|5
|inactive|Sonja Hilmer has 30 seconds left.
|
|t:|1756213668
|move|p1a: Garchomp|Protect|p1a: Garchomp
|-singleturn|p1a: Garchomp|Protect
|move|p2b: Kingambit|Sucker Punch||[still]
|-fail|p2b: Kingambit
|move|p1b: Corviknight|Brave Bird|p2a: Dachsbun
|-damage|p2a: Dachsbun|15/100
|-damage|p1b: Corviknight|77/100|[from] Recoil
|move|p2a: Dachsbun|Body Press|p1b: Corviknight
|-crit|p1b: Corviknight
|-damage|p1b: Corviknight|45/100
|-enditem|p1b: Corviknight|Sitrus Berry|[eat]
|-heal|p1b: Corviknight|70/100|[from] item: Sitrus Berry
|
|-heal|p1a: Garchomp|37/100|[from] Grassy Terrain
|-heal|p2a: Dachsbun|21/100|[from] Grassy Terrain
|-heal|p2a: Dachsbun|27/100|[from] item: Leftovers
|-heal|p2b: Kingambit|74/100|[from] Grassy Terrain
|-sideend|p1: beeetch|move: Tailwind
|-fieldend|move: Grassy Terrain
|upkeep
|turn|6
|
|t:|1756213683
|move|p2b: Kingambit|Sucker Punch|p1a: Garchomp
|-damage|p1a: Garchomp|0 fnt
|-damage|p2b: Kingambit|62/100|[from] ability: Rough Skin|[of] p1a: Garchomp
|faint|p1a: Garchomp
|move|p2a: Dachsbun|Body Press|p1b: Corviknight
|-damage|p1b: Corviknight|46/100
|move|p1b: Corviknight|Brave Bird|p2b: Kingambit
|-resisted|p2b: Kingambit
|-damage|p2b: Kingambit|45/100
|-damage|p1b: Corviknight|40/100|[from] Recoil
|
|-heal|p2a: Dachsbun|33/100|[from] item: Leftovers
|upkeep
|turn|7
|
|t:|1756213699
|move|p2a: Dachsbun|Body Press|p1b: Corviknight
|-damage|p1b: Corviknight|18/100
|move|p1b: Corviknight|Roost|p1b: Corviknight
|-heal|p1b: Corviknight|68/100
|-singleturn|p1b: Corviknight|move: Roost
|move|p2b: Kingambit|Swords Dance|p2b: Kingambit
|-boost|p2b: Kingambit|atk|2
|
|-heal|p2a: Dachsbun|40/100|[from] item: Leftovers
|upkeep
|turn|8
|
|t:|1756213708
|move|p2a: Dachsbun|Body Press|p1b: Corviknight
|-damage|p1b: Corviknight|47/100
|move|p1b: Corviknight|Brave Bird|p2b: Kingambit
|-resisted|p2b: Kingambit
|-damage|p2b: Kingambit|28/100
|-damage|p1b: Corviknight|41/100|[from] Recoil
|move|p2b: Kingambit|Kowtow Cleave|p1b: Corviknight
|-damage|p1b: Corviknight|0 fnt
|faint|p1b: Corviknight
|
|win|Sonja Hilmer
||Sonja Hilmer is ready for game 3.
|inactive|beeetch has 30 seconds to confirm battle start!
