|j|☆pokseanz
|j|☆tidal otter
|html|pokseanztidal otter    
|uhtml|bestof|Game 1 of a best-of-3
|t:|1784492072
|gametype|doubles
|player|p1|pokseanz|169|
|player|p2|tidal otter|siebold|
|gen|9
|tier|[Gen 9 Champions] VGC 2026 Reg M-B (Bo3)
|rule|Species Clause: Limit one of each Pokémon
|rule|Item Clause: Limit 1 of each item
|clearpoke
|poke|p1|Sinistcha, L50|
|poke|p1|Floette-Eternal, L50, F|
|poke|p1|Incineroar, L50, F|
|poke|p1|Toxapex, L50, M|
|poke|p1|Rotom-Wash, L50|
|poke|p1|Hippowdon, L50, M|
|poke|p2|Charizard, L50, F|
|poke|p2|Venusaur, L50, M|
|poke|p2|Annihilape, L50, M|
|poke|p2|Maushold, L50|
|poke|p2|Grimmsnarl, L50, M|
|poke|p2|Glimmora, L50, M|
|teampreview|4
|showteam|p1|Sinistcha||CobaBerry|Hospitality|MatchaGotcha,RagePowder,TrickRoom,Protect|Bold|||||50|]Floette-Eternal||Floettite|FlowerVeil|DrainingKiss,DazzlingGleam,CalmMind,Protect|Modest||F|||50|]Incineroar||ShucaBerry|Intimidate|FlareBlitz,ThroatChop,FakeOut,PartingShot|Impish||F|||50|]Toxapex||Leftovers|Regenerator|Infestation,Recover,WideGuard,BanefulBunker|Calm||M|||50|]Rotom-Wash||LifeOrb|Levitate|HydroPump,Thunderbolt,WillOWisp,Protect|Modest|||||50|]Hippowdon||SitrusBerry|SandStream|HighHorsepower,RockTomb,Yawn,Protect|Careful||M|||50|
|showteam|p2|Charizard||CharizarditeY|Blaze|HeatWave,SolarBeam,WeatherBall,Protect|Timid||F|||50|]Venusaur||LifeOrb|Chlorophyll|EarthPower,GigaDrain,SleepPowder,Protect|Modest||M|||50|]Annihilape||Leftovers|Defiant|RageFist,DrainPunch,BulkUp,Protect|Adamant||M|||50|]Maushold||ChopleBerry|FriendGuard|BeatUp,SuperFang,FollowMe,Protect|Jolly|||||50|]Grimmsnarl||LightClay|Prankster|FakeOut,LightScreen,Reflect,SpiritBreak|Adamant||M|||50|]Glimmora||FocusSash|ToxicDebris|PowerGem,SludgeBomb,DazzlingGleam,SpikyShield|Timid||M|||50|
|c|☆pokseanz|gl!
|c|☆pokseanz|this team is evil <3
|j| Milkshook♡
|c| Milkshook♡|what if instead of top cut it was top uncut
|c|☆pokseanz|need one of those
|
|t:|1784492137
|teamsize|p1|4
|teamsize|p2|4
|start
|switch|p1a: Incineroar|Incineroar, L50, F|100/100
|switch|p1b: Toxapex|Toxapex, L50, M|100/100
|switch|p2a: Skiadrum|Annihilape, L50, M|100/100
|switch|p2b: Elefseria|Maushold, L50|100/100
|-ability|p1a: Incineroar|Intimidate|boost
|-unboost|p2a: Skiadrum|atk|1
|-ability|p2a: Skiadrum|Defiant|boost
|-boost|p2a: Skiadrum|atk|2
|-unboost|p2b: Elefseria|atk|1
|turn|1
|
|t:|1784492176
|switch|p1a: Rotom|Rotom-Wash, L50|100/100
|move|p2b: Elefseria|Super Fang|p1b: Toxapex
|-damage|p1b: Toxapex|50/100g
|move|p2a: Skiadrum|Bulk Up|p2a: Skiadrum
|-boost|p2a: Skiadrum|atk|1
|-boost|p2a: Skiadrum|def|1
|move|p1b: Toxapex|Infestation|p2a: Skiadrum
|-resisted|p2a: Skiadrum|2
|-damage|p2a: Skiadrum|99/100
|-activate|p2a: Skiadrum|move: Infestation|[of] p1b: Toxapex
|
|-heal|p2a: Skiadrum|100/100|[from] item: Leftovers
|-heal|p1b: Toxapex|56/100|[from] item: Leftovers
|-damage|p2a: Skiadrum|87/100|[from] move: Infestation|[partiallytrapped]
|upkeep
|turn|2
|
|t:|1784492191
|move|p1a: Rotom|Protect|p1a: Rotom
|-singleturn|p1a: Rotom|Protect
|move|p2b: Elefseria|Follow Me|p2b: Elefseria
|-singleturn|p2b: Elefseria|move: Follow Me
|move|p2a: Skiadrum|Rage Fist|p1a: Rotom
|-activate|p1a: Rotom|move: Protect
|move|p1b: Toxapex|Recover|p1b: Toxapex
|-heal|p1b: Toxapex|100/100
|
|-heal|p2a: Skiadrum|93/100|[from] item: Leftovers
|-damage|p2a: Skiadrum|81/100|[from] move: Infestation|[partiallytrapped]
|upkeep
|turn|3
|
|t:|1784492210
|move|p2b: Elefseria|Follow Me|p2b: Elefseria
|-singleturn|p2b: Elefseria|move: Follow Me
|move|p1a: Rotom|Hydro Pump|p2b: Elefseria
|-damage|p2b: Elefseria|17/100
|-damage|p1a: Rotom|90/100|[from] item: Life Orb
|move|p2a: Skiadrum|Rage Fist|p1a: Rotom
|-damage|p1a: Rotom|0 fnt
|faint|p1a: Rotom
|move|p1b: Toxapex|Infestation|p2b: Elefseria
|-damage|p2b: Elefseria|13/100
|-activate|p2b: Elefseria|move: Infestation|[of] p1b: Toxapex
|
|-heal|p2a: Skiadrum|87/100|[from] item: Leftovers
|-damage|p2b: Elefseria|1/100|[from] move: Infestation|[partiallytrapped]
|-damage|p2a: Skiadrum|74/100|[from] move: Infestation|[partiallytrapped]
|upkeep
|
|t:|1784492216
|switch|p1a: Hippowdon|Hippowdon, L50, M|100/100
|-weather|Sandstorm|[from] ability: Sand Stream|[of] p1a: Hippowdon
|turn|4
|c| Milkshook♡|first time in my life seeing life orb rotom
|
|t:|1784492252
|move|p1a: Hippowdon|Protect|p1a: Hippowdon
|-singleturn|p1a: Hippowdon|Protect
|move|p1b: Toxapex|Baneful Bunker|p1b: Toxapex
|-singleturn|p1b: Toxapex|move: Protect
|move|p2b: Elefseria|Super Fang|p1a: Hippowdon
|-activate|p1a: Hippowdon|move: Protect
|move|p2a: Skiadrum|Rage Fist|p1a: Hippowdon
|-activate|p1a: Hippowdon|move: Protect
|
|-weather|Sandstorm|[upkeep]
|-damage|p2b: Elefseria|0 fnt|[from] Sandstorm
|-damage|p2a: Skiadrum|68/100|[from] Sandstorm
|-damage|p1b: Toxapex|94/100|[from] Sandstorm
|faint|p2b: Elefseria
|-heal|p2a: Skiadrum|74/100|[from] item: Leftovers
|-heal|p1b: Toxapex|100/100|[from] item: Leftovers
|-damage|p2a: Skiadrum|62/100|[from] move: Infestation|[partiallytrapped]
|upkeep
|
|t:|1784492255
|switch|p2b: Igneel|Charizard, L50, F|100/100
|turn|5
|
|t:|1784492270
|detailschange|p2b: Igneel|Charizard-Mega-Y, L50, F
|-mega|p2b: Igneel|Charizard|Charizardite Y
|-weather|SunnyDay|[from] ability: Drought|[of] p2b: Igneel
|move|p2b: Igneel|Solar Beam||[still]
|-prepare|p2b: Igneel|Solar Beam
|-anim|p2b: Igneel|Solar Beam|p1a: Hippowdon
|-supereffective|p1a: Hippowdon|1
|-damage|p1a: Hippowdon|32/100
|-enditem|p1a: Hippowdon|Sitrus Berry|[eat]
|-heal|p1a: Hippowdon|56/100|[from] item: Sitrus Berry
|move|p2a: Skiadrum|Rage Fist|p1b: Toxapex
|-damage|p1b: Toxapex|19/100
|move|p1a: Hippowdon|Rock Tomb|p2b: Igneel
|-supereffective|p2b: Igneel|2
|-damage|p2b: Igneel|9/100
|-unboost|p2b: Igneel|spe|1
|move|p1b: Toxapex|Infestation|p2b: Igneel
|-resisted|p2b: Igneel|2
|-damage|p2b: Igneel|9/100
|-activate|p2b: Igneel|move: Infestation|[of] p1b: Toxapex
|
|-weather|SunnyDay|[upkeep]
|-heal|p2a: Skiadrum|68/100|[from] item: Leftovers
|-heal|p1b: Toxapex|25/100|[from] item: Leftovers
|-damage|p2b: Igneel|0 fnt|[from] move: Infestation|[partiallytrapped]
|faint|p2b: Igneel
|-end|p2a: Skiadrum|Infestation|[partiallytrapped]
|upkeep
|
|t:|1784492278
|switch|p2b: Aldoron|Venusaur, L50, M|100/100
|turn|6
|c|☆tidal otter|i forgot you had that icl
|c|☆tidal otter|:imsat:
|
|t:|1784492303
|move|p2b: Aldoron|Earth Power|p1b: Toxapex
|-supereffective|p1b: Toxapex|1
|-damage|p1b: Toxapex|0 fnt
|faint|p1b: Toxapex
|-damage|p2b: Aldoron|90/100|[from] item: Life Orb
|move|p2a: Skiadrum|Drain Punch|p1a: Hippowdon
|-damage|p1a: Hippowdon|0 fnt
|-heal|p2a: Skiadrum|96/100|[from] drain|[of] p1a: Hippowdon
|faint|p1a: Hippowdon
|
|-weather|SunnyDay|[upkeep]
|-heal|p2a: Skiadrum|100/100|[from] item: Leftovers
|upkeep
|
|t:|1784492306
|switch|p1b: Incineroar|Incineroar, L50, F|100/100
|-ability|p1b: Incineroar|Intimidate|boost
|-unboost|p2a: Skiadrum|atk|1
|-ability|p2a: Skiadrum|Defiant|boost
|-boost|p2a: Skiadrum|atk|2
|-unboost|p2b: Aldoron|atk|1
|turn|7
|
|t:|1784492311
|move|p2b: Aldoron|Earth Power|p1b: Incineroar
|-supereffective|p1b: Incineroar|1
|-enditem|p1b: Incineroar|Shuca Berry|[eat]
|-enditem|p1b: Incineroar|Shuca Berry|[weaken]
|-damage|p1b: Incineroar|69/100
|-damage|p2b: Aldoron|80/100|[from] item: Life Orb
|move|p2a: Skiadrum|Drain Punch|p1b: Incineroar
|-supereffective|p1b: Incineroar|1
|-damage|p1b: Incineroar|0 fnt
|faint|p1b: Incineroar
|
|win|tidal otter
|c|☆tidal otter|gg
||pokseanz is ready for game 2.
||tidal otter is ready for game 2.
|uhtml|next|Next: Game 2 of 3
|c|☆pokseanz|gg!
|l| Milkshook♡
