|j|☆5NitesAtTrickRoom
|j|☆patchspitzy
|html|5NitesAtTrickRoompatchspitzy    
|uhtml|bestof|Game 2 of a best-of-3
|t:|1757811525
|gametype|doubles
|player|p1|5NitesAtTrickRoom|hilbert|
|player|p2|patchspitzy|roark|
|gen|9
|tier|[Gen 9] VGC 2025 Reg H (Bo3)
|rule|Species Clause: Limit one of each Pokémon
|rule|Item Clause: Limit 1 of each item
|clearpoke
|poke|p1|Pelipper, L50, M|
|poke|p1|Archaludon, L50, M|
|poke|p1|Sinistcha-Masterpiece, L50|
|poke|p1|Maushold, L50|
|poke|p1|Basculegion, L50, M|
|poke|p1|Kingambit, L50, F|
|poke|p2|Gholdengo, L50|
|poke|p2|Amoonguss, L50, F|
|poke|p2|Basculegion, L50, M|
|poke|p2|Pelipper, L50, M|
|poke|p2|Incineroar, L50, M|
|poke|p2|Archaludon, L50, M|
|teampreview|4
|showteam|p1|Pelipper||FocusSash|Drizzle|WeatherBall,Hurricane,Tailwind,Protect|||M|||50|,,,,,Grass]Archaludon||AssaultVest|Stamina|FlashCannon,BodyPress,ElectroShot,Snarl|||M|||50|,,,,,Fighting]Sinistcha-Masterpiece||SitrusBerry|Hospitality|RagePowder,MatchaGotcha,TrickRoom,LifeDew||||||50|,,,,,Water]Maushold||WideLens|Technician|Protect,Taunt,PopulationBomb,FollowMe||||||50|,,,,,Ghost]Basculegion||ChoiceScarf|Adaptability|WaveCrash,LastRespects,AquaJet,FlipTurn|||M|||50|,,,,,Water]Kingambit||SafetyGoggles|Defiant|KowtowCleave,SuckerPunch,SwordsDance,Protect|||F|||50|,,,,,Dark
|showteam|p2|Gholdengo||LifeOrb|GoodasGold|MakeItRain,ShadowBall,NastyPlot,Protect||||||50|,,,,,Water]Amoonguss||SitrusBerry|Regenerator|Spore,RagePowder,PollenPuff,Protect|||F|||50|,,,,,Psychic]Basculegion||ChoiceBand|SwiftSwim|WaveCrash,FlipTurn,LastRespects,AquaJet|||M|||50|,,,,,Water]Pelipper||FocusSash|Drizzle|WeatherBall,Hurricane,Tailwind,Protect|||M|||50|,,,,,Ground]Incineroar||SafetyGoggles|Intimidate|FlareBlitz,KnockOff,PartingShot,FakeOut|||M|||50|,,,,,Ghost]Archaludon||AssaultVest|Stamina|ElectroShot,FlashCannon,DracoMeteor,BodyPress|||M|||50|,,,,,Bug
|
|t:|1757811546
|teamsize|p1|4
|teamsize|p2|4
|start
|switch|p1a: Maushold|Maushold, L50|100/100
|switch|p1b: Archaludon|Archaludon, L50, M|100/100
|switch|p2a: Amoonguss|Amoonguss, L50, F|100/100
|switch|p2b: Pelipper|Pelipper, L50, M|100/100
|-weather|RainDance|[from] ability: Drizzle|[of] p2b: Pelipper
|turn|1
|
|t:|1757811573
|move|p2b: Pelipper|Protect|p2b: Pelipper
|-singleturn|p2b: Pelipper|Protect
|move|p1a: Maushold|Population Bomb|p2b: Pelipper
|-activate|p2b: Pelipper|move: Protect
|move|p1b: Archaludon|Electro Shot||[still]
|-prepare|p1b: Archaludon|Electro Shot
|-boost|p1b: Archaludon|spa|1
|-anim|p1b: Archaludon|Electro Shot|p2a: Amoonguss
|-resisted|p2a: Amoonguss
|-crit|p2a: Amoonguss
|-damage|p2a: Amoonguss|65/100
|move|p2a: Amoonguss|Spore|p1b: Archaludon
|-status|p1b: Archaludon|slp|[from] move: Spore
|
|-weather|RainDance|[upkeep]
|upkeep
|turn|2
|
|t:|1757811618
|switch|p2b: Archaludon|Archaludon, L50, M|100/100
|move|p1a: Maushold|Taunt|p2a: Amoonguss
|-start|p2a: Amoonguss|move: Taunt
|cant|p1b: Archaludon|slp
|cant|p2a: Amoonguss|move: Taunt|Spore
|
|-weather|RainDance|[upkeep]
|upkeep
|turn|3
|
|t:|1757811641
|switch|p2a: Basculegion|Basculegion, L50, M|100/100
|move|p1a: Maushold|Population Bomb|p1b: Archaludon
|-resisted|p1b: Archaludon
|-damage|p1b: Archaludon|96/100 slp
|-ability|p1b: Archaludon|Stamina|boost
|-boost|p1b: Archaludon|def|1
|-resisted|p1b: Archaludon
|-damage|p1b: Archaludon|94/100 slp
|-ability|p1b: Archaludon|Stamina|boost
|-boost|p1b: Archaludon|def|1
|-resisted|p1b: Archaludon
|-damage|p1b: Archaludon|92/100 slp
|-ability|p1b: Archaludon|Stamina|boost
|-boost|p1b: Archaludon|def|1
|-resisted|p1b: Archaludon
|-damage|p1b: Archaludon|91/100 slp
|-ability|p1b: Archaludon|Stamina|boost
|-boost|p1b: Archaludon|def|1
|-resisted|p1b: Archaludon
|-damage|p1b: Archaludon|89/100 slp
|-ability|p1b: Archaludon|Stamina|boost
|-boost|p1b: Archaludon|def|1
|-resisted|p1b: Archaludon
|-damage|p1b: Archaludon|88/100 slp
|-ability|p1b: Archaludon|Stamina|boost
|-boost|p1b: Archaludon|def|1
|-resisted|p1b: Archaludon
|-damage|p1b: Archaludon|87/100 slp
|-resisted|p1b: Archaludon
|-damage|p1b: Archaludon|86/100 slp
|-resisted|p1b: Archaludon
|-damage|p1b: Archaludon|85/100 slp
|-resisted|p1b: Archaludon
|-damage|p1b: Archaludon|84/100 slp
|-hitcount|p1b: Archaludon|10
|move|p2b: Archaludon|Electro Shot||[still]
|-prepare|p2b: Archaludon|Electro Shot
|-boost|p2b: Archaludon|spa|1
|-anim|p2b: Archaludon|Electro Shot|p1b: Archaludon
|-resisted|p1b: Archaludon
|-damage|p1b: Archaludon|64/100 slp
|-curestatus|p1b: Archaludon|slp|[msg]
|move|p1b: Archaludon|Body Press|p2b: Archaludon
|-supereffective|p2b: Archaludon
|-damage|p2b: Archaludon|0 fnt
|faint|p2b: Archaludon
|
|-weather|RainDance|[upkeep]
|upkeep
|
|t:|1757811718
|switch|p2b: Amoonguss|Amoonguss, L50, F|98/100
|turn|4
|
|t:|1757811744
|switch|p1a: Sinistcha|Sinistcha-Masterpiece, L50|100/100
|-heal|p1b: Archaludon|89/100|[from] ability: Hospitality|[of] p1a: Sinistcha
|move|p2a: Basculegion|Wave Crash|p1a: Sinistcha
|-resisted|p1a: Sinistcha
|-damage|p1a: Sinistcha|35/100
|-enditem|p1a: Sinistcha|Sitrus Berry|[eat]
|-heal|p1a: Sinistcha|59/100|[from] item: Sitrus Berry
|-damage|p2a: Basculegion|81/100|[from] Recoil
|move|p1b: Archaludon|Body Press|p2b: Amoonguss
|-resisted|p2b: Amoonguss
|-damage|p2b: Amoonguss|55/100
|move|p2b: Amoonguss|Spore|p1b: Archaludon
|-status|p1b: Archaludon|slp|[from] move: Spore
|
|-weather|RainDance|[upkeep]
|upkeep
|turn|5
|
|t:|1757811774
|move|p2a: Basculegion|Wave Crash|p1a: Sinistcha
|-resisted|p1a: Sinistcha
|-damage|p1a: Sinistcha|0 fnt
|faint|p1a: Sinistcha
|-damage|p2a: Basculegion|63/100|[from] Recoil
|cant|p1b: Archaludon|slp
|move|p2b: Amoonguss|Pollen Puff|p2a: Basculegion
|-heal|p2a: Basculegion|100/100
|
|-weather|none
|upkeep
|
|t:|1757811778
|switch|p1a: Maushold|Maushold, L50|100/100
|turn|6
|
|t:|1757811793
|switch|p2b: Pelipper|Pelipper, L50, M|100/100
|-weather|RainDance|[from] ability: Drizzle|[of] p2b: Pelipper
|move|p1a: Maushold|Protect|p1a: Maushold
|-singleturn|p1a: Maushold|Protect
|move|p2a: Basculegion|Wave Crash|p1a: Maushold
|-activate|p1a: Maushold|move: Protect
|cant|p1b: Archaludon|slp
|
|-weather|RainDance|[upkeep]
|upkeep
|turn|7
|
|t:|1757811821
|switch|p1a: Basculegion|Basculegion, L50, M|100/100
|move|p2a: Basculegion|Wave Crash|p1a: Basculegion
|-resisted|p1a: Basculegion
|-damage|p1a: Basculegion|6/100
|-damage|p2a: Basculegion|69/100|[from] Recoil
|move|p2b: Pelipper|Hurricane|p1b: Archaludon
|-resisted|p1b: Archaludon
|-damage|p1b: Archaludon|73/100 slp
|cant|p1b: Archaludon|slp
|
|-weather|RainDance|[upkeep]
|upkeep
|turn|8
|
|t:|1757811844
|move|p1a: Basculegion|Aqua Jet|p2b: Pelipper
|-resisted|p2b: Pelipper
|-damage|p2b: Pelipper|74/100
|move|p2a: Basculegion|Wave Crash|p1a: Basculegion
|-resisted|p1a: Basculegion
|-damage|p1a: Basculegion|0 fnt
|faint|p1a: Basculegion
|-damage|p2a: Basculegion|67/100|[from] Recoil
|move|p2b: Pelipper|Hurricane|p1b: Archaludon
|-resisted|p1b: Archaludon
|-damage|p1b: Archaludon|57/100 slp
|-start|p1b: Archaludon|confusion
|-curestatus|p1b: Archaludon|slp|[msg]
|-activate|p1b: Archaludon|confusion
|move|p1b: Archaludon|Electro Shot||[still]
|-prepare|p1b: Archaludon|Electro Shot
|-boost|p1b: Archaludon|spa|1
|-anim|p1b: Archaludon|Electro Shot|p2b: Pelipper
|-supereffective|p2b: Pelipper
|-damage|p2b: Pelipper|0 fnt
|faint|p2b: Pelipper
|
|-weather|RainDance|[upkeep]
|upkeep
|
|t:|1757811862
|switch|p1a: Maushold|Maushold, L50|100/100
|switch|p2b: Amoonguss|Amoonguss, L50, F|88/100
|turn|9
|
|t:|1757811888
|-terastallize|p2a: Basculegion|Water
|move|p1a: Maushold|Protect|p1a: Maushold
|-singleturn|p1a: Maushold|Protect
|move|p2b: Amoonguss|Protect|p2b: Amoonguss
|-singleturn|p2b: Amoonguss|Protect
|move|p2a: Basculegion|Wave Crash|p1b: Archaludon
|-resisted|p1b: Archaludon
|-damage|p1b: Archaludon|42/100
|-damage|p2a: Basculegion|63/100|[from] Recoil
|-activate|p1b: Archaludon|confusion
|move|p1b: Archaludon|Electro Shot||[still]
|-prepare|p1b: Archaludon|Electro Shot
|-boost|p1b: Archaludon|spa|1
|-anim|p1b: Archaludon|Electro Shot|p2a: Basculegion
|-supereffective|p2a: Basculegion
|-damage|p2a: Basculegion|0 fnt
|faint|p2a: Basculegion
|
|-weather|RainDance|[upkeep]
|upkeep
|turn|10
|
|t:|1757811908
|-terastallize|p1b: Archaludon|Fighting
|move|p1a: Maushold|Population Bomb|p2b: Amoonguss
|-damage|p2b: Amoonguss|79/100
|-damage|p2b: Amoonguss|70/100
|-damage|p2b: Amoonguss|61/100
|-damage|p2b: Amoonguss|52/100
|-damage|p2b: Amoonguss|42/100
|-enditem|p2b: Amoonguss|Sitrus Berry|[eat]
|-heal|p2b: Amoonguss|67/100|[from] item: Sitrus Berry
|-damage|p2b: Amoonguss|58/100
|-damage|p2b: Amoonguss|49/100
|-damage|p2b: Amoonguss|40/100
|-damage|p2b: Amoonguss|30/100
|-damage|p2b: Amoonguss|20/100
|-hitcount|p2b: Amoonguss|10
|-activate|p1b: Archaludon|confusion
|-damage|p1b: Archaludon|41/100|[from] confusion
|move|p2b: Amoonguss|Spore|p1b: Archaludon
|-status|p1b: Archaludon|slp|[from] move: Spore
|
|-weather|none
|upkeep
|turn|11
|
|t:|1757811933
|move|p2b: Amoonguss|Rage Powder|p2b: Amoonguss
|-singleturn|p2b: Amoonguss|move: Rage Powder
|move|p1a: Maushold|Population Bomb|p2b: Amoonguss
|-damage|p2b: Amoonguss|12/100
|-damage|p2b: Amoonguss|3/100
|-damage|p2b: Amoonguss|0 fnt
|faint|p2b: Amoonguss
|-hitcount|p2: Amoonguss|3
|
|win|5NitesAtTrickRoom
