|j|☆fumayusi
|j|☆tmdd01
|html|fumayusitmdd01    
|uhtml|bestof|Game 2 of a best-of-3
|t:|1782448447
|gametype|doubles
|player|p1|fumayusi|265|1148
|player|p2|tmdd01|cynthia-masters4|1105
|gen|9
|tier|[Gen 9 Champions] VGC 2026 Reg M-B (Bo3)
|rated|
|rule|Species Clause: Limit one of each Pokémon
|rule|Item Clause: Limit 1 of each item
|clearpoke
|poke|p1|Dragalge, L50, F|
|poke|p1|Swampert, L50, M|
|poke|p1|Pelipper, L50, F|
|poke|p1|Sinistcha, L50|
|poke|p1|Archaludon, L50, M|
|poke|p1|Grimmsnarl, L50, M|
|poke|p2|Floette-Eternal, L50, F|
|poke|p2|Charizard, L50, M|
|poke|p2|Whimsicott, L50, F|
|poke|p2|Garchomp, L50, M|
|poke|p2|Basculegion, L50, M|
|poke|p2|Kingambit, L50, M|
|teampreview|4
|showteam|p1|Dragalge||Dragalgite|Adaptability|SludgeBomb,DracoMeteor,FlipTurn,ToxicSpikes|Bold||F|||50|]Swampert||Swampertite|Damp|WaveCrash,HighHorsepower,KnockOff,Protect|Adamant||M|||50|]Pelipper||SitrusBerry|Drizzle|Hurricane,WeatherBall,WideGuard,Protect|Bold||F|||50|]Sinistcha||Leftovers|Hospitality|MatchaGotcha,RagePowder,TrickRoom,LifeDew|Bold|||||50|]Archaludon||ChoiceScarf|Sturdy|ElectroShot,FlashCannon,DracoMeteor,DragonPulse|Modest||M|||50|]Grimmsnarl||LightClay|Prankster|FoulPlay,Reflect,LightScreen,PartingShot|Calm||M|||50|
|showteam|p2|Floette-Eternal||Floettite|FlowerVeil|Moonblast,DazzlingGleam,LightofRuin,Protect|Modest||F|||50|]Charizard||CharizarditeY|Blaze|HeatWave,WeatherBall,SolarBeam,Protect|Timid||M|||50|]Whimsicott||FocusSash|Prankster|Moonblast,Tailwind,Encore,Protect|Timid||F|||50|]Garchomp||LifeOrb|RoughSkin|DragonClaw,Earthquake,Protect,RockSlide|Jolly||M|||50|]Basculegion||MysticWater|Adaptability|WaveCrash,LastRespects,AquaJet,Protect|Adamant||M|||50|]Kingambit||ChopleBerry|Defiant|KowtowCleave,IronHead,SuckerPunch,LowKick|Adamant||M|||50|
|j| Whats my name btw
|l| Whats my name btw
|
|t:|1782448474
|teamsize|p1|4
|teamsize|p2|4
|start
|switch|p1a: Grimmsnarl|Grimmsnarl, L50, M|100/100
|switch|p1b: Archaludon|Archaludon, L50, M|100/100
|switch|p2a: Whimsicott|Whimsicott, L50, F|100/100
|switch|p2b: Basculegion|Basculegion, L50, M|100/100
|turn|1
|
|t:|1782448500
|move|p2a: Whimsicott|Tailwind|p2a: Whimsicott
|-sidestart|p2: tmdd01|move: Tailwind
|move|p1a: Grimmsnarl|Reflect|p1a: Grimmsnarl
|-sidestart|p1: fumayusi|Reflect
|move|p2b: Basculegion|Wave Crash|p1a: Grimmsnarl
|-damage|p1a: Grimmsnarl|31/100
|-damage|p2b: Basculegion|76/100|[from] Recoil
|move|p1b: Archaludon|Electro Shot||[still]
|-prepare|p1b: Archaludon|Electro Shot
|-boost|p1b: Archaludon|spa|1
|
|upkeep
|turn|2
|
|t:|1782448517
|move|p2b: Basculegion|Protect|p2b: Basculegion
|-singleturn|p2b: Basculegion|Protect
|move|p1a: Grimmsnarl|Parting Shot|p2b: Basculegion
|-activate|p2b: Basculegion|move: Protect
|move|p2a: Whimsicott|Moonblast|p1a: Grimmsnarl
|-supereffective|p1a: Grimmsnarl|1
|-damage|p1a: Grimmsnarl|0 fnt
|faint|p1a: Grimmsnarl
|move|p1b: Archaludon|Electro Shot|p2b: Basculegion|[from] lockedmove
|-activate|p2b: Basculegion|move: Protect
|
|upkeep
|
|t:|1782448523
|switch|p1a: Pelipper|Pelipper, L50, F|100/100
|-weather|RainDance|[from] ability: Drizzle|[of] p1a: Pelipper
|turn|3
|
|t:|1782448533
|move|p2a: Whimsicott|Moonblast|p1b: Archaludon
|-damage|p1b: Archaludon|65/100
|move|p2b: Basculegion|Wave Crash|p1b: Archaludon
|-resisted|p1b: Archaludon|1
|-damage|p1b: Archaludon|27/100
|-damage|p2b: Basculegion|63/100|[from] Recoil
|move|p1b: Archaludon|Electro Shot||[still]
|-prepare|p1b: Archaludon|Electro Shot
|-boost|p1b: Archaludon|spa|1
|-anim|p1b: Archaludon|Electro Shot|p2a: Whimsicott
|-resisted|p2a: Whimsicott|1
|-damage|p2a: Whimsicott|32/100
|move|p1a: Pelipper|Hurricane|p2a: Whimsicott
|-supereffective|p2a: Whimsicott|1
|-damage|p2a: Whimsicott|0 fnt
|faint|p2a: Whimsicott
|
|-weather|RainDance|[upkeep]
|upkeep
|
|t:|1782448544
|switch|p2a: Charizard|Charizard, L50, M|100/100
|turn|4
|
|t:|1782448550
|switch|p1a: Dragalge|Dragalge, L50, F|100/100
|detailschange|p2a: Charizard|Charizard-Mega-Y, L50, M
|-mega|p2a: Charizard|Charizard|Charizardite Y
|-weather|SunnyDay|[from] ability: Drought|[of] p2a: Charizard
|move|p2a: Charizard|Heat Wave|p1b: Archaludon|[spread] p1a,p1b
|-resisted|p1a: Dragalge|1
|-damage|p1a: Dragalge|72/100
|-damage|p1b: Archaludon|0 fnt
|faint|p1b: Archaludon
|move|p2b: Basculegion|Last Respects|p1a: Dragalge
|-damage|p1a: Dragalge|34/100
|
|-weather|SunnyDay|[upkeep]
|-sideend|p2: tmdd01|move: Tailwind
|upkeep
|
|t:|1782448559
|switch|p1b: Pelipper|Pelipper, L50, F|100/100
|-weather|RainDance|[from] ability: Drizzle|[of] p1b: Pelipper
|turn|5
|
|t:|1782448581
|switch|p2a: Garchomp|Garchomp, L50, M|100/100
|move|p2b: Basculegion|Last Respects|p1a: Dragalge
|-crit|p1a: Dragalge
|-damage|p1a: Dragalge|0 fnt
|faint|p1a: Dragalge
|move|p1b: Pelipper|Weather Ball|p2a: Garchomp
|-damage|p2a: Garchomp|43/100
|
|-weather|RainDance|[upkeep]
|upkeep
|turn|6
|
|t:|1782448593
|move|p2a: Garchomp|Dragon Claw|p1b: Pelipper
|-damage|p1b: Pelipper|62/100
|-damage|p2a: Garchomp|33/100|[from] item: Life Orb
|move|p2b: Basculegion|Last Respects|p1b: Pelipper
|-damage|p1b: Pelipper|18/100
|-enditem|p1b: Pelipper|Sitrus Berry|[eat]
|-heal|p1b: Pelipper|43/100|[from] item: Sitrus Berry
|move|p1b: Pelipper|Weather Ball|p2a: Garchomp
|-damage|p2a: Garchomp|0 fnt
|faint|p2a: Garchomp
|
|-weather|RainDance|[upkeep]
|upkeep
|
|t:|1782448598
|switch|p2a: Charizard|Charizard-Mega-Y, L50, M|100/100
|-weather|SunnyDay|[from] ability: Drought|[of] p2a: Charizard
|turn|7
|
|t:|1782448604
|move|p1b: Pelipper|Protect|p1b: Pelipper
|-singleturn|p1b: Pelipper|Protect
|move|p2a: Charizard|Solar Beam||[still]
|-prepare|p2a: Charizard|Solar Beam
|-anim|p2a: Charizard|Solar Beam|p1b: Pelipper
|-activate|p1b: Pelipper|move: Protect
|move|p2b: Basculegion|Last Respects|p1b: Pelipper
|-activate|p1b: Pelipper|move: Protect
|
|-weather|SunnyDay|[upkeep]
|upkeep
|turn|8
|
|t:|1782448614
|move|p2a: Charizard|Solar Beam||[still]
|-prepare|p2a: Charizard|Solar Beam
|-anim|p2a: Charizard|Solar Beam|p1b: Pelipper
|-damage|p1b: Pelipper|0 fnt
|faint|p1b: Pelipper
|
|win|tmdd01
|raw|fumayusi's rating: 1148 → 1120(-28 for losing)
|raw|tmdd01's rating: 1105 → 1133(+28 for winning)
|l|☆fumayusi
|player|p1|
