|j|☆NicoHax
|j|☆lettitripppp
|html|NicoHaxlettitripppp    
|uhtml|bestof|Game 1 of a best-of-3
|t:|1785022033
|gametype|doubles
|player|p1|NicoHax|ethan|1223
|player|p2|lettitripppp|lucas|1197
|gen|9
|tier|[Gen 9 Champions] VGC 2026 Reg M-B (Bo3)
|rated|
|rule|Species Clause: Limit one of each Pokémon
|rule|Item Clause: Limit 1 of each item
|clearpoke
|poke|p1|Froslass, L50, F|
|poke|p1|Dragonite, L50, F|
|poke|p1|Toxapex, L50, F|
|poke|p1|Sneasler, L50, M|
|poke|p1|Kingambit, L50, F|
|poke|p1|Blaziken, L50, M|
|poke|p2|Charizard, L50, F, shiny|
|poke|p2|Basculegion, L50, M, shiny|
|poke|p2|Pelipper, L50, F|
|poke|p2|Venusaur, L50, M|
|poke|p2|Archaludon, L50, M|
|poke|p2|Grimmsnarl, L50, M, shiny|
|teampreview|4
|showteam|p1|Froslass||Froslassite|CursedBody|Blizzard,ShadowBall,AuroraVeil,Protect|Timid||F|||50|]Dragonite||LifeOrb|InnerFocus|DragonClaw,ExtremeSpeed,LowKick,Protect|Adamant||F|||50|]Toxapex||Leftovers|Regenerator|Infestation,Toxic,WideGuard,BanefulBunker|Bold||F|||50|]Sneasler||FocusSash|Unburden|CloseCombat,PoisonJab,FakeOut,Protect|Jolly||M|||50|]Kingambit||BlackGlasses|Defiant|KowtowCleave,IronHead,SuckerPunch,Protect|Adamant||F|||50|]Blaziken||Blazikenite|SpeedBoost|CloseCombat,FlareBlitz,RockSlide,Detect|Adamant||M|||50|
|showteam|p2|Charizard||CharizarditeY|Blaze|WeatherBall,SolarBeam,HeatWave,Protect|Modest||F|||50|]Basculegion||ChoiceScarf|Adaptability|LastRespects,WaveCrash,FlipTurn,AquaJet|Jolly||M|||50|]Pelipper||SitrusBerry|Drizzle|WeatherBall,WideGuard,Hurricane,Tailwind|Modest||F|||50|]Venusaur||FocusSash|Chlorophyll|SleepPowder,SludgeBomb,EarthPower,Protect|Timid||M|||50|]Archaludon||Leftovers|Stamina|FlashCannon,DragonPulse,ElectroShot,Protect|Calm||M|||50|]Grimmsnarl||LightClay|Prankster|PartingShot,LightScreen,FakeOut,Reflect|Relaxed||M|||50|
|inactive|Battle timer is ON: inactive players will automatically lose when time's up. (requested by lettitripppp)
|inactive|lettitripppp has 60 seconds left.
|
|t:|1785022066
|teamsize|p1|4
|teamsize|p2|4
|start
|switch|p1a: Sneasler|Sneasler, L50, M|100/100
|switch|p1b: Rudlooght|Froslass, L50, F|100/100
|switch|p2a: GHOSTWAVE|Basculegion, L50, M, shiny|100/100
|switch|p2b: GO JOHAN|Grimmsnarl, L50, M, shiny|100/100
|turn|1
|
|t:|1785022080
|move|p2b: GO JOHAN|Reflect|p2b: GO JOHAN
|-sidestart|p2: lettitripppp|Reflect
|move|p2a: GHOSTWAVE|Flip Turn|p1b: Rudlooght
|-damage|p1b: Rudlooght|55/100
|
|t:|1785022095
|switch|p2a: WET-BEAK|Pelipper, L50, F|100/100|[from] Flip Turn
|-weather|RainDance|[from] ability: Drizzle|[of] p2a: WET-BEAK
|move|p1a: Sneasler|Poison Jab|p2b: GO JOHAN
|-supereffective|p2b: GO JOHAN|1
|-crit|p2b: GO JOHAN
|-damage|p2b: GO JOHAN|0 fnt
|faint|p2b: GO JOHAN
|move|p1b: Rudlooght|Shadow Ball|p2a: WET-BEAK
|-damage|p2a: WET-BEAK|67/100
|
|-weather|RainDance|[upkeep]
|upkeep
|
|t:|1785022106
|switch|p2b: GHOSTWAVE|Basculegion, L50, M, shiny|100/100
|turn|2
|
|t:|1785022120
|detailschange|p1b: Rudlooght|Froslass-Mega, L50, F
|-mega|p1b: Rudlooght|Froslass|Froslassite
|-weather|Snowscape|[from] ability: Snow Warning|[of] p1b: Rudlooght
|move|p2b: GHOSTWAVE|Flip Turn|p1b: Rudlooght
|-damage|p1b: Rudlooght|21/100
|
|t:|1785022127
|switch|p2b: BEYOND BRIDGE|Archaludon, L50, M|100/100|[from] Flip Turn
|move|p1a: Sneasler|Poison Jab|p2a: WET-BEAK
|-damage|p2a: WET-BEAK|34/100
|-status|p2a: WET-BEAK|psn
|-enditem|p2a: WET-BEAK|Sitrus Berry|[eat]
|-heal|p2a: WET-BEAK|59/100 psn|[from] item: Sitrus Berry
|move|p1b: Rudlooght|Shadow Ball|p2b: BEYOND BRIDGE
|-damage|p2b: BEYOND BRIDGE|64/100
|-ability|p2b: BEYOND BRIDGE|Stamina|boost
|-boost|p2b: BEYOND BRIDGE|def|1
|move|p2a: WET-BEAK|Tailwind|p2a: WET-BEAK
|-sidestart|p2: lettitripppp|move: Tailwind
|
|-weather|Snowscape|[upkeep]
|-heal|p2b: BEYOND BRIDGE|71/100|[from] item: Leftovers
|-damage|p2a: WET-BEAK|47/100 psn|[from] psn
|upkeep
|turn|3
|inactive|NicoHax has 30 seconds left.
|
|t:|1785022153
|switch|p2a: GHOSTWAVE|Basculegion, L50, M, shiny|100/100
|move|p2b: BEYOND BRIDGE|Protect|p2b: BEYOND BRIDGE
|-singleturn|p2b: BEYOND BRIDGE|Protect
|move|p1a: Sneasler|Poison Jab|p2a: GHOSTWAVE
|-resisted|p2a: GHOSTWAVE|1
|-damage|p2a: GHOSTWAVE|82/100
|move|p1b: Rudlooght|Shadow Ball|p2a: GHOSTWAVE
|-supereffective|p2a: GHOSTWAVE|1
|-damage|p2a: GHOSTWAVE|0 fnt
|faint|p2a: GHOSTWAVE
|
|-weather|Snowscape|[upkeep]
|-heal|p2b: BEYOND BRIDGE|77/100|[from] item: Leftovers
|upkeep
|
|t:|1785022162
|switch|p2a: WET-BEAK|Pelipper, L50, F|47/100 psn
|-weather|RainDance|[from] ability: Drizzle|[of] p2a: WET-BEAK
|turn|4
|
|t:|1785022178
|switch|p1b: Kingambit|Kingambit, L50, F|100/100
|move|p1a: Sneasler|Protect|p1a: Sneasler
|-singleturn|p1a: Sneasler|Protect
|move|p2b: BEYOND BRIDGE|Electro Shot||[still]
|-prepare|p2b: BEYOND BRIDGE|Electro Shot
|-boost|p2b: BEYOND BRIDGE|spa|1
|-anim|p2b: BEYOND BRIDGE|Electro Shot|p1a: Sneasler
|-activate|p1a: Sneasler|move: Protect
|move|p2a: WET-BEAK|Hurricane|p1a: Sneasler
|-activate|p1a: Sneasler|move: Protect
|
|-weather|RainDance|[upkeep]
|-heal|p2b: BEYOND BRIDGE|83/100|[from] item: Leftovers
|-damage|p2a: WET-BEAK|35/100 psn|[from] psn
|upkeep
|turn|5
|
|t:|1785022186
|move|p1a: Sneasler|Protect||[still]
|-fail|p1a: Sneasler
|move|p1b: Kingambit|Protect|p1b: Kingambit
|-singleturn|p1b: Kingambit|Protect
|move|p2b: BEYOND BRIDGE|Electro Shot||[still]
|-prepare|p2b: BEYOND BRIDGE|Electro Shot
|-boost|p2b: BEYOND BRIDGE|spa|1
|-anim|p2b: BEYOND BRIDGE|Electro Shot|p1a: Sneasler
|-damage|p1a: Sneasler|1/100
|move|p2a: WET-BEAK|Hurricane|p1a: Sneasler
|-supereffective|p1a: Sneasler|1
|-damage|p1a: Sneasler|0 fnt
|faint|p1a: Sneasler
|
|-weather|RainDance|[upkeep]
|-heal|p2b: BEYOND BRIDGE|89/100|[from] item: Leftovers
|-damage|p2a: WET-BEAK|23/100 psn|[from] psn
|-sideend|p2: lettitripppp|move: Tailwind
|upkeep
|
|t:|1785022190
|switch|p1a: Rudlooght|Froslass-Mega, L50, F|21/100
|-weather|Snowscape|[from] ability: Snow Warning|[of] p1a: Rudlooght
|turn|6
|
|t:|1785022205
|move|p1a: Rudlooght|Shadow Ball|p2a: WET-BEAK
|-damage|p2a: WET-BEAK|0 fnt
|faint|p2a: WET-BEAK
|move|p2b: BEYOND BRIDGE|Flash Cannon|p1a: Rudlooght
|-supereffective|p1a: Rudlooght|1
|-damage|p1a: Rudlooght|0 fnt
|faint|p1a: Rudlooght
|move|p1b: Kingambit|Kowtow Cleave|p2b: BEYOND BRIDGE
|-damage|p2b: BEYOND BRIDGE|71/100
|-ability|p2b: BEYOND BRIDGE|Stamina|boost
|-boost|p2b: BEYOND BRIDGE|def|1
|
|-weather|Snowscape|[upkeep]
|-heal|p2b: BEYOND BRIDGE|77/100|[from] item: Leftovers
|upkeep
|
|t:|1785022210
|switch|p1a: Blaziken|Blaziken, L50, M|100/100
|turn|7
|
|t:|1785022221
|move|p1a: Blaziken|Detect|p1a: Blaziken
|-singleturn|p1a: Blaziken|Protect
|move|p1b: Kingambit|Protect|p1b: Kingambit
|-singleturn|p1b: Kingambit|Protect
|move|p2b: BEYOND BRIDGE|Dragon Pulse|p1a: Blaziken
|-activate|p1a: Blaziken|move: Protect
|
|-weather|Snowscape|[upkeep]
|-heal|p2b: BEYOND BRIDGE|83/100|[from] item: Leftovers
|-ability|p1a: Blaziken|Speed Boost|boost
|-boost|p1a: Blaziken|spe|1
|upkeep
|turn|8
|
|t:|1785022233
|move|p1a: Blaziken|Detect||[still]
|-fail|p1a: Blaziken
|move|p1b: Kingambit|Protect|p1b: Kingambit
|-singleturn|p1b: Kingambit|Protect
|move|p2b: BEYOND BRIDGE|Electro Shot||[still]
|-prepare|p2b: BEYOND BRIDGE|Electro Shot
|-boost|p2b: BEYOND BRIDGE|spa|1
|
|-weather|Snowscape|[upkeep]
|-heal|p2b: BEYOND BRIDGE|89/100|[from] item: Leftovers
|-sideend|p2: lettitripppp|Reflect
|-ability|p1a: Blaziken|Speed Boost|boost
|-boost|p1a: Blaziken|spe|1
|upkeep
|turn|9
|
|t:|1785022237
|move|p1a: Blaziken|Close Combat|p2b: BEYOND BRIDGE
|-supereffective|p2b: BEYOND BRIDGE|1
|-damage|p2b: BEYOND BRIDGE|45/100
|-unboost|p1a: Blaziken|def|1
|-unboost|p1a: Blaziken|spd|1
|-ability|p2b: BEYOND BRIDGE|Stamina|boost
|-boost|p2b: BEYOND BRIDGE|def|1
|move|p2b: BEYOND BRIDGE|Electro Shot|p1a: Blaziken|[from] lockedmove
|-damage|p1a: Blaziken|0 fnt
|faint|p1a: Blaziken
|move|p1b: Kingambit|Kowtow Cleave|p2b: BEYOND BRIDGE
|-damage|p2b: BEYOND BRIDGE|26/100
|-ability|p2b: BEYOND BRIDGE|Stamina|boost
|-boost|p2b: BEYOND BRIDGE|def|1
|
|-weather|Snowscape|[upkeep]
|-heal|p2b: BEYOND BRIDGE|32/100|[from] item: Leftovers
|upkeep
|turn|10
|
|t:|1785022249
|move|p2b: BEYOND BRIDGE|Protect|p2b: BEYOND BRIDGE
|-singleturn|p2b: BEYOND BRIDGE|Protect
|move|p1b: Kingambit|Kowtow Cleave|p2b: BEYOND BRIDGE
|-activate|p2b: BEYOND BRIDGE|move: Protect
|
|-weather|none
|-heal|p2b: BEYOND BRIDGE|39/100|[from] item: Leftovers
|upkeep
|turn|11
|
|t:|1785022255
|move|p2b: BEYOND BRIDGE|Electro Shot||[still]
|-prepare|p2b: BEYOND BRIDGE|Electro Shot
|-boost|p2b: BEYOND BRIDGE|spa|1
|move|p1b: Kingambit|Kowtow Cleave|p2b: BEYOND BRIDGE
|-damage|p2b: BEYOND BRIDGE|23/100
|-ability|p2b: BEYOND BRIDGE|Stamina|boost
|-boost|p2b: BEYOND BRIDGE|def|1
|
|-heal|p2b: BEYOND BRIDGE|29/100|[from] item: Leftovers
|upkeep
|turn|12
|
|t:|1785022260
|move|p2b: BEYOND BRIDGE|Electro Shot|p1b: Kingambit|[from] lockedmove
|-damage|p1b: Kingambit|0 fnt
|faint|p1b: Kingambit
|
|win|lettitripppp
||NicoHax is ready for game 2.
