|j|☆PsychedelicDawgII
|j|☆applejuice1738
|html|PsychedelicDawgIIapplejuice1738    
|uhtml|bestof|Game 1 of a best-of-3
|t:|1783897590
|gametype|doubles
|player|p1|PsychedelicDawgII|clerk|
|player|p2|applejuice1738|101|
|gen|9
|tier|[Gen 9 Champions] VGC 2026 Reg M-B (Bo3)
|rule|Species Clause: Limit one of each Pokémon
|rule|Item Clause: Limit 1 of each item
|clearpoke
|poke|p1|Dragapult, L50, M|
|poke|p1|Pinsir, L50, F|
|poke|p1|Volcarona, L50, M|
|poke|p1|Grimmsnarl, L50, M|
|poke|p1|Gliscor, L50, M|
|poke|p1|Tyranitar, L50, F|
|poke|p2|Torterra, L50, M|
|poke|p2|Metagross, L50, shiny|
|poke|p2|Gardevoir, L50, F, shiny|
|poke|p2|Rotom-Heat, L50, shiny|
|poke|p2|Spiritomb, L50, M|
|poke|p2|Goodra-Hisui, L50, F, shiny|
|teampreview|4
|showteam|p1|Dragapult||WhiteHerb|Infiltrator|Protect,ShadowBall,DracoMeteor,Uturn|Timid||M|||50|]Pinsir||Pinsirite|HyperCutter|Protect,BodySlam,CloseCombat,Feint|Jolly||F|||50|]Volcarona||LifeOrb|FlameBody|Protect,QuiverDance,HeatWave,GigaDrain|Modest||M|||50|]Grimmsnarl||LightClay|Prankster|FakeOut,Reflect,Taunt,SuckerPunch|Adamant||M|||50|]Gliscor||BrightPowder|SandVeil|SwordsDance,Earthquake,DualWingbeat,Substitute|Jolly||M|||50|]Tyranitar||Tyranitarite|SandStream|Protect,RockSlide,KnockOff,Earthquake|Adamant||F|||50|
|showteam|p2|Torterra||ExpertBelt|ShellArmor|WoodHammer,Earthquake,ShellSmash,Protect|Adamant||M|||50|]Metagross||ChoiceScarf|ClearBody|CosmicPower,IcePunch,MeteorMash,ZenHeadbutt|Adamant|||||50|]Gardevoir||Gardevoirite|Trace|TrickRoom,HyperVoice,FocusBlast,Protect|Quiet||F|||50|]Rotom-Heat||LifeOrb|Levitate|Overheat,Thunderbolt,WillOWisp,FoulPlay|Timid|||||50|]Spiritomb||MentalHerb|Infiltrator|TrickRoom,HelpingHand,ShadowBall,IcyWind|Relaxed||M|||50|]Goodra-Hisui||Leftovers|ShellArmor|BodyPress,LifeDew,Shelter,DracoMeteor|Bold||F|||50|
|j| PJG4487
|
|t:|1783897635
|teamsize|p1|4
|teamsize|p2|4
|start
|switch|p1a: Claymore|Tyranitar, L50, F|100/100
|switch|p1b: Cosplay|Gliscor, L50, M|100/100
|switch|p2a: BADDIE ALERT|Gardevoir, L50, F, shiny|100/100
|switch|p2b: AURA|Metagross, L50, shiny|100/100
|-ability|p2a: BADDIE ALERT|Sand Veil|Trace|[from] ability: Trace|[of] p1b: Cosplay
|-weather|Sandstorm|[from] ability: Sand Stream|[of] p1a: Claymore
|turn|1
|j| NewTrainaOnDaBlock
|j| bphind722
|
|t:|1783897661
|detailschange|p2a: BADDIE ALERT|Gardevoir-Mega, L50, F, shiny
|-mega|p2a: BADDIE ALERT|Gardevoir|Gardevoirite
|detailschange|p1a: Claymore|Tyranitar-Mega, L50, F
|-mega|p1a: Claymore|Tyranitar|Tyranitarite
|move|p1a: Claymore|Protect|p1a: Claymore
|-singleturn|p1a: Claymore|Protect
|move|p1b: Cosplay|Substitute|p1b: Cosplay
|-start|p1b: Cosplay|Substitute
|-damage|p1b: Cosplay|75/100
|move|p2b: AURA|Ice Punch|p1b: Cosplay
|-supereffective|p1b: Cosplay|2
|-end|p1b: Cosplay|Substitute
|move|p2a: BADDIE ALERT|Hyper Voice|p1b: Cosplay|[spread] p1b
|-activate|p1a: Claymore|move: Protect
|-damage|p1b: Cosplay|0 fnt
|faint|p1b: Cosplay
|
|-weather|Sandstorm|[upkeep]
|-damage|p2a: BADDIE ALERT|94/100|[from] Sandstorm
|upkeep
|c| bphind722|Alright Matt don’t get your pp touched unless you’re gonna show me after
|
|t:|1783897677
|switch|p1b: Lockheed|Dragapult, L50, M|100/100
|turn|2
|
|t:|1783897688
|move|p1b: Lockheed|Shadow Ball|p2a: BADDIE ALERT
|-supereffective|p2a: BADDIE ALERT|1
|-damage|p2a: BADDIE ALERT|38/100
|move|p2b: AURA|Ice Punch|p1b: Lockheed
|-supereffective|p1b: Lockheed|1
|-damage|p1b: Lockheed|13/100
|move|p2a: BADDIE ALERT|Hyper Voice|p1b: Lockheed|[spread] p1a,p1b
|-supereffective|p1a: Claymore|1
|-supereffective|p1b: Lockheed|1
|-damage|p1a: Claymore|41/100
|-damage|p1b: Lockheed|0 fnt
|faint|p1b: Lockheed
|move|p1a: Claymore|Knock Off|p2b: AURA
|-supereffective|p2b: AURA|1
|-damage|p2b: AURA|0 fnt
|-enditem|p2b: AURA|Choice Scarf|[from] move: Knock Off|[of] p1a: Claymore
|faint|p2b: AURA
|
|-weather|Sandstorm|[upkeep]
|-damage|p2a: BADDIE ALERT|32/100|[from] Sandstorm
|upkeep
|
|t:|1783897707
|switch|p1b: Corona|Volcarona, L50, M|100/100
|switch|p2b: Goopy Goop|Goodra-Hisui, L50, F, shiny|100/100
|turn|3
|
|t:|1783897724
|switch|p2a: Ghost Pizza|Spiritomb, L50, M|100/100
|move|p1b: Corona|Quiver Dance|p1b: Corona
|-boost|p1b: Corona|spa|1
|-boost|p1b: Corona|spd|1
|-boost|p1b: Corona|spe|1
|move|p1a: Claymore|Knock Off|p2a: Ghost Pizza
|-crit|p2a: Ghost Pizza
|-damage|p2a: Ghost Pizza|19/100
|-enditem|p2a: Ghost Pizza|Mental Herb|[from] move: Knock Off|[of] p1a: Claymore
|move|p2b: Goopy Goop|Body Press|p1a: Claymore
|-supereffective|p1a: Claymore|2
|-damage|p1a: Claymore|0 fnt
|faint|p1a: Claymore
|
|-weather|Sandstorm|[upkeep]
|-damage|p1b: Corona|93/100|[from] Sandstorm
|-damage|p2a: Ghost Pizza|13/100|[from] Sandstorm
|upkeep
|turn|4
|
|t:|1783897749
|move|p1b: Corona|Heat Wave|p2b: Goopy Goop|[spread] p2a,p2b
|-damage|p2a: Ghost Pizza|0 fnt
|-damage|p2b: Goopy Goop|58/100
|faint|p2a: Ghost Pizza
|-damage|p1b: Corona|83/100|[from] item: Life Orb
|move|p2b: Goopy Goop|Shelter|p2b: Goopy Goop
|-boost|p2b: Goopy Goop|def|2
|
|-weather|Sandstorm|[upkeep]
|-damage|p1b: Corona|77/100|[from] Sandstorm
|-heal|p2b: Goopy Goop|64/100|[from] item: Leftovers
|upkeep
|
|t:|1783897759
|switch|p2a: BADDIE ALERT|Gardevoir-Mega, L50, F, shiny|32/100
|turn|5
|
|t:|1783897779
|move|p2a: BADDIE ALERT|Protect|p2a: BADDIE ALERT
|-singleturn|p2a: BADDIE ALERT|Protect
|move|p1b: Corona|Heat Wave|p2a: BADDIE ALERT|[spread] p2b
|-activate|p2a: BADDIE ALERT|move: Protect
|-damage|p2b: Goopy Goop|22/100
|-damage|p1b: Corona|67/100|[from] item: Life Orb
|move|p2b: Goopy Goop|Draco Meteor|p1b: Corona
|-damage|p1b: Corona|38/100
|-unboost|p2b: Goopy Goop|spa|2
|
|-weather|none
|-heal|p2b: Goopy Goop|28/100|[from] item: Leftovers
|upkeep
|turn|6
|
|t:|1783897801
|move|p1b: Corona|Heat Wave|p2b: Goopy Goop|[spread] p2a,p2b
|-damage|p2a: BADDIE ALERT|0 fnt
|-damage|p2b: Goopy Goop|0 fnt
|faint|p2a: BADDIE ALERT
|faint|p2b: Goopy Goop
|-damage|p1b: Corona|28/100|[from] item: Life Orb
|
|win|PsychedelicDawgII
