|j|☆sparekrow
|j|☆ming0mang0
|html|sparekrowming0mang0    
|uhtml|bestof|Game 2 of a best-of-3
|t:|1757108773
|gametype|doubles
|player|p1|sparekrow|169|1069
|player|p2|ming0mang0|harlequin|1121
|gen|9
|tier|[Gen 9] VGC 2025 Reg H (Bo3)
|rated|
|rule|Species Clause: Limit one of each Pokémon
|rule|Item Clause: Limit 1 of each item
|clearpoke
|poke|p1|Politoed, L50, M|
|poke|p1|Gothitelle, L50, F|
|poke|p1|Incineroar, L50, M|
|poke|p1|Amoonguss, L50, M|
|poke|p1|Kingdra, L50, F|
|poke|p1|Archaludon, L50, F|
|poke|p2|Excadrill, L50, F|
|poke|p2|Tyranitar, L50, F|
|poke|p2|Sneasler, L50, M|
|poke|p2|Indeedee, L50, M|
|poke|p2|Corviknight, L50, F|
|poke|p2|Annihilape, L50, F|
|teampreview|4
|showteam|p1|Politoed||Leftovers|Drizzle|Protect,WeatherBall,PerishSong,Encore|||M|||50|,,,,,Grass]Gothitelle||SitrusBerry|ShadowTag|Protect,Psychic,FakeOut,TrickRoom|||F|||50|,,,,,Dark]Incineroar||SafetyGoggles|Intimidate|Protect,KnockOff,FakeOut,PartingShot|||M|||50|,,,,,Ghost]Amoonguss||EjectButton|Regenerator|Protect,RagePowder,PollenPuff,Spore|||M|||50|,,,,,Fairy]Kingdra||LifeOrb|SwiftSwim|Protect,WeatherBall,DracoMeteor,MuddyWater|||F|||50|,,,,,Stellar]Archaludon||PowerHerb|Sturdy|Protect,ElectroShot,DragonPulse,FlashCannon|||F|||50|,,,,,Electric
|showteam|p2|Excadrill||FocusSash|SandRush|IronHead,HighHorsepower,Earthquake,Protect|||F|||50|,,,,,Stellar]Tyranitar||AssaultVest|SandStream|RockSlide,KnockOff,TeraBlast,LowKick|||F|||50|,,,,,Flying]Sneasler||PsychicSeed|Unburden|DireClaw,CloseCombat,ThroatChop,Protect|||M|||50|,,,,,Dark]Indeedee||ChoiceScarf|PsychicSurge|ExpandingForce,TeraBlast,Protect,Trick|||M|||50|,,,,,Psychic]Corviknight||Leftovers|MirrorArmor|BulkUp,BraveBird,Roost,Tailwind|||F|||50|,,,,,Dragon]Annihilape||SafetyGoggles|Defiant|CloseCombat,FinalGambit,RageFist,Taunt|||F|||50|,,,,,Water
|inactive|Battle timer is ON: inactive players will automatically lose when time's up. (requested by sparekrow)
|inactive|ming0mang0 has 60 seconds left.
|inactive|sparekrow has 60 seconds left.
|inactive|ming0mang0 has 30 seconds left.
|inactive|ming0mang0 has 20 seconds left.
|inactive|ming0mang0 has 15 seconds left.
|inactive|ming0mang0 has 10 seconds left.
|inactive|ming0mang0 has 5 seconds left.
|
|t:|1757108860
|teamsize|p1|4
|teamsize|p2|4
|start
|switch|p1a: Incineroar|Incineroar, L50, M|100/100
|switch|p1b: Politoed|Politoed, L50, M|100/100
|switch|p2a: Tyranitar|Tyranitar, L50, F|100/100
|switch|p2b: Indeedee|Indeedee, L50, M|100/100
|-fieldstart|move: Psychic Terrain|[from] ability: Psychic Surge|[of] p2b: Indeedee
|-weather|Sandstorm|[from] ability: Sand Stream|[of] p2a: Tyranitar
|-weather|RainDance|[from] ability: Drizzle|[of] p1b: Politoed
|-ability|p1a: Incineroar|Intimidate|boost
|-unboost|p2a: Tyranitar|atk|1
|-unboost|p2b: Indeedee|atk|1
|turn|1
|inactive|ming0mang0 has 30 seconds left.
|inactive|ming0mang0 has 20 seconds left.
|inactive|ming0mang0 has 15 seconds left.
|inactive|ming0mang0 has 10 seconds left.
|inactive|ming0mang0 has 5 seconds left.
|
|t:|1757108915
|move|p1b: Politoed|Protect|p1b: Politoed
|-singleturn|p1b: Politoed|Protect
|move|p2b: Indeedee|Expanding Force|p1a: Incineroar|[spread] 
|-activate|p1b: Politoed|move: Protect
|-immune|p1a: Incineroar
|move|p2a: Tyranitar|Rock Slide|p1b: Politoed|[spread] p1a
|-activate|p1b: Politoed|move: Protect
|-supereffective|p1a: Incineroar
|-damage|p1a: Incineroar|58/100
|move|p1a: Incineroar|Knock Off|p2b: Indeedee
|-supereffective|p2b: Indeedee
|-crit|p2b: Indeedee
|-damage|p2b: Indeedee|0 fnt
|-enditem|p2b: Indeedee|Choice Scarf|[from] move: Knock Off|[of] p1a: Incineroar
|faint|p2b: Indeedee
|
|-weather|RainDance|[upkeep]
|upkeep
|inactive|ming0mang0 has 30 seconds left.
|
|t:|1757108940
|switch|p2b: Annihilape|Annihilape, L50, F|100/100
|turn|2
|inactive|sparekrow has 30 seconds left.
|inactive|ming0mang0 has 30 seconds left.
|inactive|sparekrow has 20 seconds left.
|inactive|sparekrow has 15 seconds left.
|inactive|ming0mang0 has 20 seconds left.
|inactive|sparekrow has 10 seconds left.
|inactive|ming0mang0 has 15 seconds left.
|inactive|ming0mang0 has 10 seconds left.
|
|t:|1757108995
|switch|p2a: Excadrill|Excadrill, L50, F|100/100
|switch|p1b: Amoonguss|Amoonguss, L50, M|100/100
|move|p2b: Annihilape|Taunt|p1b: Amoonguss
|-start|p1b: Amoonguss|move: Taunt
|move|p1a: Incineroar|Parting Shot|p2a: Excadrill
|-unboost|p2a: Excadrill|atk|1
|-unboost|p2a: Excadrill|spa|1
|inactive|sparekrow has 30 seconds left.
|
|t:|1757109020
|switch|p1a: Gothitelle|Gothitelle, L50, F|100/100|[from] Parting Shot
|
|-weather|RainDance|[upkeep]
|upkeep
|turn|3
|inactive|ming0mang0 has 30 seconds left.
|inactive|ming0mang0 has 20 seconds left.
|inactive|sparekrow has 30 seconds left.
|inactive|ming0mang0 has 15 seconds left.
|
|t:|1757109063
|-terastallize|p2b: Annihilape|Water
|-terastallize|p1a: Gothitelle|Dark
|move|p2b: Annihilape|Rage Fist|p1a: Gothitelle
|-resisted|p1a: Gothitelle
|-damage|p1a: Gothitelle|91/100
|move|p2a: Excadrill|High Horsepower|p1b: Amoonguss
|-damage|p1b: Amoonguss|69/100
|-enditem|p1b: Amoonguss|Eject Button
|
|t:|1757109078
|switch|p1b: Politoed|Politoed, L50, M|100/100
|move|p1a: Gothitelle|Trick Room|p1a: Gothitelle
|-fieldstart|move: Trick Room|[of] p1a: Gothitelle
|
|-weather|RainDance|[upkeep]
|upkeep
|turn|4
|inactive|sparekrow has 30 seconds left.
|inactive|ming0mang0 has 30 seconds left.
|inactive|sparekrow has 20 seconds left.
|inactive|sparekrow has 15 seconds left.
|
|t:|1757109120
|move|p2a: Excadrill|Protect|p2a: Excadrill
|-singleturn|p2a: Excadrill|Protect
|move|p1a: Gothitelle|Psychic|p2a: Excadrill
|-activate|p2a: Excadrill|move: Protect
|move|p1b: Politoed|Perish Song|p1b: Politoed
|-start|p1a: Gothitelle|perish3|[silent]
|-start|p1b: Politoed|perish3|[silent]
|-start|p2a: Excadrill|perish3|[silent]
|-start|p2b: Annihilape|perish3|[silent]
|-fieldactivate|move: Perish Song
|move|p2b: Annihilape|Taunt|p1b: Politoed
|-start|p1b: Politoed|move: Taunt
|
|-weather|RainDance|[upkeep]
|-start|p1a: Gothitelle|perish3
|-start|p1b: Politoed|perish3
|-start|p2a: Excadrill|perish3
|-start|p2b: Annihilape|perish3
|upkeep
|turn|5
|inactive|ming0mang0 has 30 seconds left.
|inactive|ming0mang0 has 20 seconds left.
|inactive|ming0mang0 has 15 seconds left.
|inactive|ming0mang0 has 10 seconds left.
|inactive|ming0mang0 has 5 seconds left.
|
|t:|1757109171
|switch|p1b: Incineroar|Incineroar, L50, M|58/100
|-ability|p1b: Incineroar|Intimidate|boost
|-unboost|p2a: Excadrill|atk|1
|-unboost|p2b: Annihilape|atk|1
|-ability|p2b: Annihilape|Defiant|boost
|-boost|p2b: Annihilape|atk|2
|move|p1a: Gothitelle|Protect|p1a: Gothitelle
|-singleturn|p1a: Gothitelle|Protect
|move|p2a: Excadrill|High Horsepower|p1b: Incineroar
|-supereffective|p1b: Incineroar
|-damage|p1b: Incineroar|3/100
|move|p2b: Annihilape|Final Gambit|p1a: Gothitelle
|-activate|p1a: Gothitelle|move: Protect
|
|-weather|none
|-start|p1a: Gothitelle|perish2
|-start|p2a: Excadrill|perish2
|-start|p2b: Annihilape|perish2
|-fieldend|move: Psychic Terrain
|upkeep
|turn|6
|inactive|ming0mang0 has 30 seconds left.
|
|t:|1757109196
|switch|p1a: Amoonguss|Amoonguss, L50, M|100/100
|move|p1b: Incineroar|Fake Out|p2b: Annihilape
|-damage|p2b: Annihilape|89/100
|move|p2a: Excadrill|High Horsepower|p1b: Incineroar
|-supereffective|p1b: Incineroar
|-damage|p1b: Incineroar|0 fnt
|faint|p1b: Incineroar
|cant|p2b: Annihilape|flinch
|
|-start|p2a: Excadrill|perish1
|-start|p2b: Annihilape|perish1
|upkeep
|
|t:|1757109210
|switch|p1b: Gothitelle|Gothitelle, L50, F, tera:Dark|91/100
|turn|7
|inactive|ming0mang0 has 30 seconds left.
|inactive|ming0mang0 has 20 seconds left.
|
|t:|1757109245
|move|p1a: Amoonguss|Protect|p1a: Amoonguss
|-singleturn|p1a: Amoonguss|Protect
|move|p1b: Gothitelle|Protect|p1b: Gothitelle
|-singleturn|p1b: Gothitelle|Protect
|move|p2a: Excadrill|High Horsepower|p1b: Gothitelle
|-activate|p1b: Gothitelle|move: Protect
|move|p2b: Annihilape|Final Gambit|p1b: Gothitelle
|-activate|p1b: Gothitelle|move: Protect
|
|-start|p2a: Excadrill|perish0
|-start|p2b: Annihilape|perish0
|-fieldend|move: Trick Room
|faint|p2a: Excadrill
|faint|p2b: Annihilape
|upkeep
|
|t:|1757109257
|switch|p2a: Tyranitar|Tyranitar, L50, F|100/100
|-weather|Sandstorm|[from] ability: Sand Stream|[of] p2a: Tyranitar
|turn|8
|
|t:|1757109281
|move|p2a: Tyranitar|Low Kick|p1b: Gothitelle
|-supereffective|p1b: Gothitelle
|-damage|p1b: Gothitelle|44/100
|-enditem|p1b: Gothitelle|Sitrus Berry|[eat]
|-heal|p1b: Gothitelle|69/100|[from] item: Sitrus Berry
|move|p1b: Gothitelle|Psychic|p2a: Tyranitar
|-immune|p2a: Tyranitar
|move|p1a: Amoonguss|Spore|p2a: Tyranitar
|-status|p2a: Tyranitar|slp|[from] move: Spore
|
|-weather|Sandstorm|[upkeep]
|-damage|p1b: Gothitelle|63/100|[from] Sandstorm
|-damage|p1a: Amoonguss|95/100|[from] Sandstorm
|upkeep
|turn|9
|inactive|ming0mang0 has 30 seconds left.
|inactive|ming0mang0 has 20 seconds left.
|-message|ming0mang0 forfeited.
|
|win|sparekrow
|l|☆ming0mang0
|player|p2|
||sparekrow is ready for game 3.
||ming0mang0 is ready for game 3.
|uhtml|next|Next: Game 3 of 3
|l|☆sparekrow
|player|p1|
|j|☆ming0mang0
|player|p2|ming0mang0|harlequin|
