|j|☆ibench315
|j|☆Avocanoodle
|html|ibench315Avocanoodle    
|uhtml|bestof|Game 2 of a best-of-3
|t:|1755880519
|gametype|doubles
|player|p1|ibench315|proton|1317
|player|p2|Avocanoodle|265|1222
|gen|9
|tier|[Gen 9] VGC 2025 Reg H (Bo3)
|rated|
|rule|Species Clause: Limit one of each Pokémon
|rule|Item Clause: Limit 1 of each item
|clearpoke
|poke|p1|Gholdengo, L50|
|poke|p1|Sneasler, L50, F|
|poke|p1|Rillaboom, L50, F|
|poke|p1|Dragonite, L50, F|
|poke|p1|Ninetales-Alola, L50, M|
|poke|p1|Arcanine-Hisui, L50, F|
|poke|p2|Garganacl, L50, M|
|poke|p2|Archaludon, L50, M|
|poke|p2|Magmar, L50, M|
|poke|p2|Ursaluna-Bloodmoon, L50, M|
|poke|p2|Annihilape, L50, F|
|poke|p2|Dragonite, L50, M|
|teampreview|4
|showteam|p1|Gholdengo||GrassySeed|GoodasGold|NastyPlot,MakeItRain,ShadowBall,Protect||||||50|,,,,,Water]Sneasler||WhiteHerb|Unburden|CloseCombat,DireClaw,Coaching,Protect|||F|||50|,,,,,Ghost]Rillaboom||AssaultVest|GrassySurge|FakeOut,GrassyGlide,DrumBeating,HighHorsepower|||F|||50|,,,,,Fire]Dragonite||LoadedDice|Multiscale|ScaleShot,StompingTantrum,Tailwind,Protect|||F|||50|,,,,,Ground]Ninetales-Alola||FocusSash|SnowWarning|Blizzard,IcyWind,Encore,AuroraVeil|||M|||50|,,,,,Ghost]Arcanine-Hisui||ClearAmulet|Intimidate|RockSlide,FlareBlitz,ExtremeSpeed,Protect|||F|||50|,,,,,Water
|showteam|p2|Garganacl||Leftovers|PurifyingSalt|SaltCure,HeavySlam,Protect,WideGuard|||M|||50|,,,,,Bug]Archaludon||PowerHerb|Sturdy|DracoMeteor,ElectroShot,Thunderbolt,Protect|||M|||50|,,,,,Electric]Magmar||Eviolite|VitalSpirit|Overheat,ClearSmog,Protect,FollowMe|||M|||50|,,,,,Fairy]Ursaluna-Bloodmoon||AssaultVest|MindsEye|BloodMoon,VacuumWave,Snarl,EarthPower|||M|||50|,,,,,Water]Annihilape||SitrusBerry|Defiant|FinalGambit,RageFist,CloseCombat,Coaching|||F|||50|,,,,,Water]Dragonite||LoadedDice|Multiscale|ScaleShot,Protect,Tailwind,TeraBlast|||M|||50|,,,,,Flying
|inactive|Battle timer is ON: inactive players will automatically lose when time's up. (requested by Avocanoodle)
|inactive|ibench315 has 60 seconds left.
|inactive|Avocanoodle has 60 seconds left.
|inactive|Avocanoodle has 30 seconds left.
|
|t:|1755880584
|teamsize|p1|4
|teamsize|p2|4
|start
|switch|p1a: Gholdengo|Gholdengo, L50, shiny|100/100
|switch|p1b: Ninetales|Ninetales-Alola, L50, M, shiny|100/100
|switch|p2a: Magmar|Magmar, L50, M|100/100
|switch|p2b: Annihilape|Annihilape, L50, F|100/100
|-weather|Snowscape|[from] ability: Snow Warning|[of] p1b: Ninetales
|turn|1
|inactive|ibench315 has 30 seconds left.
|inactive|Avocanoodle has 30 seconds left.
|inactive|Avocanoodle has 20 seconds left.
|
|t:|1755880625
|move|p1b: Ninetales|Icy Wind|p2b: Annihilape|[spread] p2a,p2b
|-resisted|p2a: Magmar
|-damage|p2a: Magmar|95/100
|-damage|p2b: Annihilape|86/100
|-unboost|p2a: Magmar|spe|1
|-unboost|p2b: Annihilape|spe|1
|-ability|p2b: Annihilape|Defiant|boost
|-boost|p2b: Annihilape|atk|2
|move|p1a: Gholdengo|Shadow Ball|p2b: Annihilape
|-supereffective|p2b: Annihilape
|-damage|p2b: Annihilape|11/100
|-enditem|p2b: Annihilape|Sitrus Berry|[eat]
|-heal|p2b: Annihilape|36/100|[from] item: Sitrus Berry
|move|p2b: Annihilape|Rage Fist|p1a: Gholdengo
|-supereffective|p1a: Gholdengo
|-damage|p1a: Gholdengo|0 fnt
|faint|p1a: Gholdengo
|move|p2a: Magmar|Overheat|p1b: Ninetales
|-supereffective|p1b: Ninetales
|-enditem|p1b: Ninetales|Focus Sash
|-damage|p1b: Ninetales|1/100
|-unboost|p2a: Magmar|spa|2
|
|-weather|Snowscape|[upkeep]
|upkeep
|
|t:|1755880632
|switch|p1a: Arcanine|Arcanine-Hisui, L50, F, shiny|100/100
|-ability|p1a: Arcanine|Intimidate|boost
|-unboost|p2a: Magmar|atk|1
|-unboost|p2b: Annihilape|atk|1
|-ability|p2b: Annihilape|Defiant|boost
|-boost|p2b: Annihilape|atk|2
|turn|2
|inactive|Avocanoodle has 30 seconds left.
|inactive|Avocanoodle has 20 seconds left.
|inactive|Avocanoodle has 15 seconds left.
|
|t:|1755880676
|move|p2a: Magmar|Protect|p2a: Magmar
|-singleturn|p2a: Magmar|Protect
|move|p1b: Ninetales|Blizzard|p2a: Magmar|[spread] p2b
|-activate|p2a: Magmar|move: Protect
|-damage|p2b: Annihilape|5/100
|move|p1a: Arcanine|Rock Slide|p2a: Magmar|[spread] 
|-activate|p2a: Magmar|move: Protect
|-miss|p1a: Arcanine|p2b: Annihilape
|move|p2b: Annihilape|Close Combat|p1a: Arcanine
|-supereffective|p1a: Arcanine
|-damage|p1a: Arcanine|0 fnt
|-unboost|p2b: Annihilape|def|1
|-unboost|p2b: Annihilape|spd|1
|faint|p1a: Arcanine
|
|-weather|Snowscape|[upkeep]
|upkeep
|
|t:|1755880687
|switch|p1a: Sneasler|Sneasler, L50, F|100/100
|turn|3
|inactive|Avocanoodle has 30 seconds left.
|
|t:|1755880715
|move|p1b: Ninetales|Blizzard|p2b: Annihilape|[spread] p2a,p2b
|-resisted|p2a: Magmar
|-crit|p2b: Annihilape
|-damage|p2a: Magmar|84/100
|-damage|p2b: Annihilape|0 fnt
|faint|p2b: Annihilape
|move|p1a: Sneasler|Dire Claw|p2a: Magmar
|-damage|p2a: Magmar|52/100
|move|p2a: Magmar|Clear Smog|p1b: Ninetales
|-supereffective|p1b: Ninetales
|-damage|p1b: Ninetales|0 fnt
|-clearboost|p1b: Ninetales
|faint|p1b: Ninetales
|
|-weather|Snowscape|[upkeep]
|upkeep
|
|t:|1755880718
|switch|p2b: Garganacl|Garganacl, L50, M|100/100
|turn|4
|
|t:|1755880729
|switch|p2a: Ursaluna|Ursaluna-Bloodmoon, L50, M|100/100
|-terastallize|p2b: Garganacl|Bug
|move|p1a: Sneasler|Dire Claw|p2a: Ursaluna
|-resisted|p2a: Ursaluna
|-damage|p2a: Ursaluna|85/100
|-status|p2a: Ursaluna|slp
|move|p2b: Garganacl|Salt Cure|p1a: Sneasler
|-resisted|p1a: Sneasler
|-damage|p1a: Sneasler|91/100
|-start|p1a: Sneasler|Salt Cure
|
|-weather|Snowscape|[upkeep]
|-damage|p1a: Sneasler|78/100|[from] Salt Cure
|upkeep
|turn|5
|
|t:|1755880741
|move|p1a: Sneasler|Close Combat|p2a: Ursaluna
|-supereffective|p2a: Ursaluna
|-damage|p2a: Ursaluna|0 fnt
|-unboost|p1a: Sneasler|def|1
|-unboost|p1a: Sneasler|spd|1
|faint|p2a: Ursaluna
|-enditem|p1a: Sneasler|White Herb
|-clearnegativeboost|p1a: Sneasler|[silent]
|move|p2b: Garganacl|Heavy Slam|p1a: Sneasler
|-damage|p1a: Sneasler|46/100
|
|-weather|none
|-damage|p1a: Sneasler|33/100|[from] Salt Cure
|upkeep
|
|t:|1755880743
|switch|p2a: Magmar|Magmar, L50, M|52/100
|turn|6
|-message|ibench315 forfeited.
|raw|ibench315's rating: 1317 → 1292(-25 for losing)
|raw|Avocanoodle's rating: 1222 → 1254(+32 for winning)
|
|win|Avocanoodle
|l|☆ibench315
|player|p1|
