|j|☆MrPhoenixGC
|j|☆laufey#1fan
|html|MrPhoenixGClaufey#1fan    
|uhtml|bestof|Game 3 of a best-of-3
|t:|1757135183
|gametype|doubles
|player|p1|MrPhoenixGC|1|1166
|player|p2|laufey#1fan|lady|1319
|gen|9
|tier|[Gen 9] VGC 2025 Reg H (Bo3)
|rated|
|rule|Species Clause: Limit one of each Pokémon
|rule|Item Clause: Limit 1 of each item
|clearpoke
|poke|p1|Gholdengo, L50|
|poke|p1|Pelipper, L50, M|
|poke|p1|Archaludon, L50, F|
|poke|p1|Ursaluna, L50, F|
|poke|p1|Dragonite, L50, F|
|poke|p1|Sinistcha, L50|
|poke|p2|Kingambit, L50, M|
|poke|p2|Ursaluna-Bloodmoon, L50, M|
|poke|p2|Sinistcha, L50|
|poke|p2|Ninetales-Alola, L50, F|
|poke|p2|Sneasler, L50, M|
|poke|p2|Dragonite, L50, M|
|teampreview|4
|showteam|p1|Gholdengo||ChoiceScarf|GoodasGold|MakeItRain,ShadowBall,Trick,Protect||||||50|,,,,,Water]Pelipper||FocusSash|Drizzle|Protect,MuddyWater,Hurricane,WideGuard|||M|||50|,,,,,Ghost]Archaludon||AssaultVest|Stamina|BodyPress,Snarl,ElectroShot,FlashCannon|||F|||50|,,,,,Bug]Ursaluna||FlameOrb|Guts|Protect,Facade,Earthquake,HeadlongRush|||F|||50|,,,,,Ghost]Dragonite||LoadedDice|Multiscale|ScaleShot,Haze,Tailwind,Protect|||F|||50|,,,,,Fairy]Sinistcha||SitrusBerry|Hospitality|TrickRoom,MatchaGotcha,LifeDew,RagePowder||||||50|,,,,,Dark
|showteam|p2|Kingambit||BlackGlasses|Defiant|KowtowCleave,SwordsDance,SuckerPunch,Protect|||M|||50|,,,,,Fire]Ursaluna-Bloodmoon||AssaultVest|MindsEye|BloodMoon,EarthPower,HyperVoice,VacuumWave|||M|||50|,,,,,Water]Sinistcha||SitrusBerry|Hospitality|Protect,MatchaGotcha,TrickRoom,RagePowder||||||50|,,,,,Water]Ninetales-Alola||ChoiceSpecs|SnowWarning|Blizzard,Moonblast,FreezeDry,DazzlingGleam|||F|||50|,,,,,Ghost]Sneasler||FocusSash|Unburden|CloseCombat,DireClaw,Coaching,FakeOut|||M|||50|,,,,,Ghost]Dragonite||LoadedDice|Multiscale|Protect,ScaleShot,StompingTantrum,Haze|||M|||50|,,,,,Steel
|
|t:|1757135231
|teamsize|p1|4
|teamsize|p2|4
|start
|switch|p1a: Ursaluna|Ursaluna, L50, F|100/100
|switch|p1b: Dragonite|Dragonite, L50, F|100/100
|switch|p2a: Laufey|Ninetales-Alola, L50, F, shiny|100/100
|switch|p2b: JOYBOY|Dragonite, L50, M|100/100
|-weather|Snowscape|[from] ability: Snow Warning|[of] p2a: Laufey
|turn|1
|inactive|Battle timer is ON: inactive players will automatically lose when time's up. (requested by laufey#1fan)
|inactive|laufey#1fan has 60 seconds left.
|
|t:|1757135274
|-terastallize|p2b: JOYBOY|Steel
|-terastallize|p1b: Dragonite|Fairy
|move|p1a: Ursaluna|Protect|p1a: Ursaluna
|-singleturn|p1a: Ursaluna|Protect
|move|p2a: Laufey|Blizzard|p1a: Ursaluna|[spread] p1b
|-activate|p1a: Ursaluna|move: Protect
|-damage|p1b: Dragonite|76/100
|-status|p1b: Dragonite|frz
|move|p2b: JOYBOY|Scale Shot|p1a: Ursaluna
|-activate|p1a: Ursaluna|move: Protect
|cant|p1b: Dragonite|frz
|
|-weather|Snowscape|[upkeep]
|-status|p1a: Ursaluna|brn|[from] item: Flame Orb
|upkeep
|turn|2
|inactive|MrPhoenixGC has 30 seconds left.
|inactive|MrPhoenixGC has 20 seconds left.
|
|t:|1757135314
|switch|p1b: Pelipper|Pelipper, L50, M|100/100
|-weather|RainDance|[from] ability: Drizzle|[of] p1b: Pelipper
|move|p2a: Laufey|Blizzard|p1b: Pelipper|[spread] p1a
|-miss|p2a: Laufey|p1b: Pelipper
|-supereffective|p1a: Ursaluna
|-damage|p1a: Ursaluna|0 fnt
|faint|p1a: Ursaluna
|move|p2b: JOYBOY|Scale Shot|p1b: Pelipper
|-crit|p1b: Pelipper
|-damage|p1b: Pelipper|71/100
|-damage|p1b: Pelipper|50/100
|-damage|p1b: Pelipper|30/100
|-damage|p1b: Pelipper|9/100
|-hitcount|p1b: Pelipper|4
|-unboost|p2b: JOYBOY|def|1
|-boost|p2b: JOYBOY|spe|1
|
|-weather|RainDance|[upkeep]
|upkeep
|
|t:|1757135336
|switch|p1a: Dragonite|Dragonite, L50, F, tera:Fairy|76/100 frz
|turn|3
|
|t:|1757135353
|switch|p2a: Sabotage|Sneasler, L50, M|100/100
|move|p1b: Pelipper|Protect|p1b: Pelipper
|-singleturn|p1b: Pelipper|Protect
|move|p2b: JOYBOY|Stomping Tantrum|p1a: Dragonite
|-damage|p1a: Dragonite|46/100 frz
|cant|p1a: Dragonite|frz
|
|-weather|RainDance|[upkeep]
|upkeep
|turn|4
|
|t:|1757135374
|move|p2b: JOYBOY|Scale Shot|p1b: Pelipper
|-damage|p1b: Pelipper|0 fnt
|faint|p1b: Pelipper
|-hitcount|p1: Pelipper|1
|-unboost|p2b: JOYBOY|def|1
|-boost|p2b: JOYBOY|spe|1
|move|p2a: Sabotage|Dire Claw|p1a: Dragonite
|-supereffective|p1a: Dragonite
|-damage|p1a: Dragonite|0 fnt
|faint|p1a: Dragonite
|
|-weather|RainDance|[upkeep]
|upkeep
|
|t:|1757135388
|switch|p1a: Archaludon|Archaludon, L50, F|100/100
|turn|5
|
|t:|1757135399
|move|p2b: JOYBOY|Stomping Tantrum|p1a: Archaludon
|-supereffective|p1a: Archaludon
|-damage|p1a: Archaludon|66/100
|-ability|p1a: Archaludon|Stamina|boost
|-boost|p1a: Archaludon|def|1
|move|p2a: Sabotage|Close Combat|p1a: Archaludon
|-supereffective|p1a: Archaludon
|-damage|p1a: Archaludon|10/100
|-unboost|p2a: Sabotage|def|1
|-unboost|p2a: Sabotage|spd|1
|-ability|p1a: Archaludon|Stamina|boost
|-boost|p1a: Archaludon|def|1
|move|p1a: Archaludon|Body Press|p2b: JOYBOY
|-supereffective|p2b: JOYBOY
|-damage|p2b: JOYBOY|0 fnt
|faint|p2b: JOYBOY
|
|-weather|RainDance|[upkeep]
|upkeep
|
|t:|1757135406
|switch|p2b: Laufey|Ninetales-Alola, L50, F, shiny|100/100
|-weather|Snowscape|[from] ability: Snow Warning|[of] p2b: Laufey
|turn|6
|inactive|MrPhoenixGC has 30 seconds left.
|
|t:|1757135432
|move|p2a: Sabotage|Coaching|p2b: Laufey
|-boost|p2b: Laufey|atk|1
|-boost|p2b: Laufey|def|1
|move|p2b: Laufey|Blizzard|p1a: Archaludon
|-damage|p1a: Archaludon|0 fnt
|faint|p1a: Archaludon
|
|win|laufey#1fan
|raw|MrPhoenixGC's rating: 1166 → 1151(-15 for losing)
|raw|laufey#1fan's rating: 1319 → 1331(+12 for winning)
