|j|☆Alysa Liu
|j|☆RamonTheKiller
|html|Alysa LiuRamonTheKiller    
|uhtml|bestof|Game 2 of a best-of-3
|t:|1756906451
|gametype|doubles
|player|p1|Alysa Liu|lady|1365
|player|p2|RamonTheKiller|palmer|1240
|gen|9
|tier|[Gen 9] VGC 2025 Reg H (Bo3)
|rated|
|rule|Species Clause: Limit one of each Pokémon
|rule|Item Clause: Limit 1 of each item
|clearpoke
|poke|p1|Dachsbun, L50, M|
|poke|p1|Typhlosion-Hisui, L50, F|
|poke|p1|Kingambit, L50, M|
|poke|p1|Jumpluff, L50, F|
|poke|p1|Rillaboom, L50, M|
|poke|p1|Torkoal, L50, F|
|poke|p2|Incineroar, L50, F|
|poke|p2|Amoonguss, L50, M|
|poke|p2|Gholdengo, L50|
|poke|p2|Dragonite, L50, F|
|poke|p2|Sneasler, L50, M|
|poke|p2|Primarina, L50, F|
|teampreview|4
|showteam|p1|Dachsbun||Leftovers|WellBakedBody|BodyPress,Snarl,HelpingHand,Protect|||M|||50|,,,,,Steel]Typhlosion-Hisui||ChoiceSpecs|Blaze|Eruption,LavaPlume,Overheat,ShadowBall|||F|||50|,,,,,Fire]Kingambit||SafetyGoggles|Defiant|Protect,KowtowCleave,SuckerPunch,SwordsDance|||M|||50|,,,,,Dark]Jumpluff||CovertCloak|Chlorophyll|SleepPowder,SunnyDay,RagePowder,Tailwind|||F|||50|,,,,,Water]Rillaboom||AssaultVest|GrassySurge|WoodHammer,GrassyGlide,FakeOut,HighHorsepower|||M|||50|,,,,,Water]Torkoal||SitrusBerry|Drought|HeatWave,LavaPlume,ClearSmog,Protect|||F|||50|,,,,,Fairy
|showteam|p2|Incineroar||SafetyGoggles|Intimidate|KnockOff,FakeOut,PartingShot,FlareBlitz|||F|||50|,,,,,Ghost]Amoonguss||RockyHelmet|Regenerator|RagePowder,PollenPuff,Spore,Protect|||M|||50|,,,,,Fairy]Gholdengo||LifeOrb|GoodasGold|MakeItRain,ShadowBall,NastyPlot,Protect||||||50|,,,,,Water]Dragonite||LoadedDice|Multiscale|ScaleShot,Protect,Tailwind,Haze|||F|||50|,,,,,Fairy]Sneasler||FocusSash|Unburden|DireClaw,CloseCombat,Protect,ThroatChop|||M|||50|,,,,,Stellar]Primarina||AssaultVest|LiquidVoice|HyperVoice,Moonblast,IcyWind,TeraBlast|||F|||50|,,,,,Poison
|inactive|Battle timer is ON: inactive players will automatically lose when time's up. (requested by Alysa Liu)
|inactive|Alysa Liu has 60 seconds left.
|inactive|Alysa Liu has 30 seconds left.
|inactive|Alysa Liu has 20 seconds left.
|inactive|Alysa Liu has 15 seconds left.
|
|t:|1756906529
|teamsize|p1|4
|teamsize|p2|4
|start
|switch|p1a: Typhlosion|Typhlosion-Hisui, L50, F|100/100
|switch|p1b: Jumpluff|Jumpluff, L50, F|100/100
|switch|p2a: Dragonite|Dragonite, L50, F|100/100
|switch|p2b: Sneasler|Sneasler, L50, M|100/100
|turn|1
|inactive|Alysa Liu has 30 seconds left.
|inactive|RamonTheKiller has 30 seconds left.
|
|t:|1756906555
|switch|p1b: Kingambit|Kingambit, L50, M|100/100
|move|p2b: Sneasler|Protect|p2b: Sneasler
|-singleturn|p2b: Sneasler|Protect
|move|p1a: Typhlosion|Eruption|p2a: Dragonite|[spread] p2a
|-activate|p2b: Sneasler|move: Protect
|-resisted|p2a: Dragonite
|-damage|p2a: Dragonite|78/100
|move|p2a: Dragonite|Tailwind|p2a: Dragonite
|-sidestart|p2: RamonTheKiller|move: Tailwind
|
|upkeep
|turn|2
|
|t:|1756906575
|switch|p1a: Rillaboom|Rillaboom, L50, M|100/100
|-fieldstart|move: Grassy Terrain|[from] ability: Grassy Surge|[of] p1a: Rillaboom
|move|p1b: Kingambit|Protect|p1b: Kingambit
|-singleturn|p1b: Kingambit|Protect
|move|p2b: Sneasler|Throat Chop|p1a: Rillaboom
|-damage|p1a: Rillaboom|71/100
|-start|p1a: Rillaboom|Throat Chop|[silent]
|move|p2a: Dragonite|Scale Shot|p1a: Rillaboom
|-damage|p1a: Rillaboom|58/100
|-damage|p1a: Rillaboom|44/100
|-damage|p1a: Rillaboom|31/100
|-damage|p1a: Rillaboom|18/100
|-hitcount|p1a: Rillaboom|4
|-unboost|p2a: Dragonite|def|1
|-boost|p2a: Dragonite|spe|1
|
|-heal|p1a: Rillaboom|24/100|[from] Grassy Terrain
|upkeep
|turn|3
|
|t:|1756906597
|move|p2a: Dragonite|Protect|p2a: Dragonite
|-singleturn|p2a: Dragonite|Protect
|move|p2b: Sneasler|Protect|p2b: Sneasler
|-singleturn|p2b: Sneasler|Protect
|move|p1a: Rillaboom|Fake Out|p2b: Sneasler
|-activate|p2b: Sneasler|move: Protect
|move|p1b: Kingambit|Kowtow Cleave|p2a: Dragonite
|-activate|p2a: Dragonite|move: Protect
|
|-heal|p1a: Rillaboom|30/100|[from] Grassy Terrain
|-end|p1a: Rillaboom|Throat Chop|[silent]
|upkeep
|turn|4
|
|t:|1756906618
|-terastallize|p2a: Dragonite|Fairy
|-terastallize|p1b: Kingambit|Dark
|move|p1b: Kingambit|Sucker Punch|p2a: Dragonite
|-resisted|p2a: Dragonite
|-damage|p2a: Dragonite|32/100
|move|p2a: Dragonite|Scale Shot|p1a: Rillaboom
|-damage|p1a: Rillaboom|16/100
|-damage|p1a: Rillaboom|1/100
|-damage|p1a: Rillaboom|0 fnt
|faint|p1a: Rillaboom
|-hitcount|p1: Rillaboom|3
|-unboost|p2a: Dragonite|def|1
|-boost|p2a: Dragonite|spe|1
|move|p2b: Sneasler|Close Combat|p1b: Kingambit
|-supereffective|p1b: Kingambit
|-damage|p1b: Kingambit|3/100
|-unboost|p2b: Sneasler|def|1
|-unboost|p2b: Sneasler|spd|1
|
|-heal|p2a: Dragonite|38/100|[from] Grassy Terrain
|-heal|p1b: Kingambit|9/100|[from] Grassy Terrain
|-sideend|p2: RamonTheKiller|move: Tailwind
|upkeep
|
|t:|1756906629
|switch|p1a: Jumpluff|Jumpluff, L50, F|100/100
|turn|5
|inactive|RamonTheKiller has 30 seconds left.
|
|t:|1756906655
|switch|p2b: Primarina|Primarina, L50, F|100/100
|move|p1a: Jumpluff|Rage Powder|p1a: Jumpluff
|-singleturn|p1a: Jumpluff|move: Rage Powder
|move|p2a: Dragonite|Tailwind|p2a: Dragonite
|-sidestart|p2: RamonTheKiller|move: Tailwind
|move|p1b: Kingambit|Kowtow Cleave|p2a: Dragonite
|-resisted|p2a: Dragonite
|-damage|p2a: Dragonite|0 fnt
|faint|p2a: Dragonite
|
|-heal|p1b: Kingambit|15/100|[from] Grassy Terrain
|upkeep
|
|t:|1756906673
|switch|p2a: Sneasler|Sneasler, L50, M|100/100
|turn|6
|
|t:|1756906684
|move|p1b: Kingambit|Protect|p1b: Kingambit
|-singleturn|p1b: Kingambit|Protect
|move|p2a: Sneasler|Dire Claw|p1a: Jumpluff
|-supereffective|p1a: Jumpluff
|-damage|p1a: Jumpluff|0 fnt
|faint|p1a: Jumpluff
|move|p2b: Primarina|Hyper Voice|p1b: Kingambit
|-activate|p1b: Kingambit|move: Protect
|
|-heal|p1b: Kingambit|20/100|[from] Grassy Terrain
|-fieldend|move: Grassy Terrain
|upkeep
|-message|Alysa Liu forfeited.
|
|win|RamonTheKiller
||Alysa Liu is ready for game 3.
