|j|☆antanisblinda
|j|☆juan mex
|html|antanisblindajuan mex    
|uhtml|bestof|Game 1 of a best-of-3
|t:|1757026003
|gametype|doubles
|player|p1|antanisblinda|266|1144
|player|p2|juan mex|linebacker|1038
|gen|9
|tier|[Gen 9] VGC 2025 Reg H (Bo3)
|rated|
|rule|Species Clause: Limit one of each Pokémon
|rule|Item Clause: Limit 1 of each item
|clearpoke
|poke|p1|Sneasler, L50, M|
|poke|p1|Kingambit, L50, M|
|poke|p1|Dragonite, L50, F|
|poke|p1|Primarina, L50, F|
|poke|p1|Ninetales-Alola, L50, F|
|poke|p1|Ursaluna-Bloodmoon, L50, M|
|poke|p2|Dondozo, L50, F|
|poke|p2|Tatsugiri, L50, M|
|poke|p2|Dragonite, L50, M|
|poke|p2|Talonflame, L50, F|
|poke|p2|Glimmora, L50, M|
|poke|p2|Gholdengo, L50|
|teampreview|4
|showteam|p1|Sneasler||FocusSash|PoisonTouch|DireClaw,CloseCombat,Coaching,FakeOut|||M|||50|,,,,,Stellar]Kingambit||AssaultVest|Defiant|KowtowCleave,IronHead,SuckerPunch,LowKick|||M|||50|,,,,,Fairy]Dragonite||LoadedDice|Multiscale|ScaleShot,ExtremeSpeed,Tailwind,Protect|||F|||50|,,,,,Steel]Primarina||SitrusBerry|LiquidVoice|MistyTerrain,HyperVoice,Moonblast,Protect|||F|||50|,,,,,Ghost]Ninetales-Alola||LightClay|SnowWarning|FreezeDry,IcyWind,AuroraVeil,Protect|||F|||50|,,,,,Water]Ursaluna-Bloodmoon||LifeOrb|MindsEye|HyperVoice,BloodMoon,EarthPower,Protect|||M|||50|,,,,,Normal
|showteam|p2|Dondozo||Leftovers|Unaware|Protect,WaveCrash,Earthquake,OrderUp|||F|||50|,,,,,Grass]Tatsugiri||FocusSash|Commander|Protect,DracoMeteor,MuddyWater,DragonPulse|||M|||50|,,,,,Dragon]Dragonite||ChoiceBand|Multiscale|ExtremeSpeed,Earthquake,Outrage,IceSpinner|||M|||50|,,,,,Normal]Talonflame||CovertCloak|GaleWings|BraveBird,WillOWisp,Tailwind,Taunt|||F|||50|,,,,,Flying]Glimmora||AssaultVest|ToxicDebris|MortalSpin,PowerGem,SludgeBomb,EarthPower|||M|||50|,,,,,Grass]Gholdengo||ChoiceSpecs|GoodasGold|MakeItRain,ShadowBall,Thunder,PowerGem||||||50|,,,,,Steel
|
|t:|1757026033
|teamsize|p1|4
|teamsize|p2|4
|start
|switch|p1a: Ursaluna|Ursaluna-Bloodmoon, L50, M|100/100
|switch|p1b: Dragonite|Dragonite, L50, F|100/100
|switch|p2a: Talonflame|Talonflame, L50, F, shiny|100/100
|switch|p2b: Gholdengo|Gholdengo, L50|100/100
|turn|1
|
|t:|1757026087
|-terastallize|p1b: Dragonite|Steel
|move|p1b: Dragonite|Extreme Speed|p2a: Talonflame
|-damage|p2a: Talonflame|63/100
|move|p2a: Talonflame|Brave Bird|p1a: Ursaluna
|-crit|p1a: Ursaluna
|-damage|p1a: Ursaluna|50/100
|-damage|p2a: Talonflame|46/100|[from] Recoil
|move|p2b: Gholdengo|Make It Rain|p1b: Dragonite|[spread] p1a,p1b
|-resisted|p1b: Dragonite
|-damage|p1a: Ursaluna|0 fnt
|-damage|p1b: Dragonite|83/100
|-unboost|p2b: Gholdengo|spa|1
|faint|p1a: Ursaluna
|
|upkeep
|
|t:|1757026102
|switch|p1a: Primarina|Primarina, L50, F|100/100
|turn|2
|
|t:|1757026120
|move|p2a: Talonflame|Will-O-Wisp|p1b: Dragonite
|-status|p1b: Dragonite|brn
|move|p1b: Dragonite|Tailwind|p1b: Dragonite
|-sidestart|p1: antanisblinda|move: Tailwind
|move|p1a: Primarina|Hyper Voice|p2a: Talonflame|[spread] p2a,p2b
|-supereffective|p2a: Talonflame
|-damage|p2a: Talonflame|0 fnt
|-damage|p2b: Gholdengo|63/100
|faint|p2a: Talonflame
|move|p2b: Gholdengo|Make It Rain|p1b: Dragonite|[spread] p1a,p1b
|-resisted|p1b: Dragonite
|-damage|p1a: Primarina|54/100
|-damage|p1b: Dragonite|56/100 brn
|-unboost|p2b: Gholdengo|spa|1
|
|-damage|p1b: Dragonite|50/100 brn|[from] brn
|upkeep
|
|t:|1757026186
|switch|p2a: Dondozo|Dondozo, L50, F|100/100
|turn|3
|
|t:|1757026200
|move|p1b: Dragonite|Scale Shot|p2a: Dondozo
|-damage|p2a: Dondozo|95/100
|-damage|p2a: Dondozo|89/100
|-damage|p2a: Dondozo|85/100
|-damage|p2a: Dondozo|80/100
|-hitcount|p2a: Dondozo|4
|-unboost|p1b: Dragonite|def|1
|-boost|p1b: Dragonite|spe|1
|move|p1a: Primarina|Moonblast|p2a: Dondozo
|-damage|p2a: Dondozo|25/100
|-unboost|p2a: Dondozo|spa|1
|move|p2b: Gholdengo|Make It Rain|p1a: Primarina|[spread] p1a,p1b
|-resisted|p1b: Dragonite
|-damage|p1a: Primarina|24/100
|-damage|p1b: Dragonite|30/100 brn
|-unboost|p2b: Gholdengo|spa|1
|-enditem|p1a: Primarina|Sitrus Berry|[eat]
|-heal|p1a: Primarina|48/100|[from] item: Sitrus Berry
|move|p2a: Dondozo|Wave Crash|p1b: Dragonite
|-damage|p1b: Dragonite|0 fnt
|faint|p1b: Dragonite
|-damage|p2a: Dondozo|18/100|[from] Recoil
|
|-heal|p2a: Dondozo|24/100|[from] item: Leftovers
|upkeep
|
|t:|1757026224
|switch|p1b: Sneasler|Sneasler, L50, M|100/100
|turn|4
|
|t:|1757026236
|switch|p2b: Tatsugiri|Tatsugiri, L50, M|100/100
|-activate|p2b: Tatsugiri|ability: Commander|[of] p2a: Dondozo
|-boost|p2a: Dondozo|atk|2
|-boost|p2a: Dondozo|spa|2
|-boost|p2a: Dondozo|spe|2
|-boost|p2a: Dondozo|def|2
|-boost|p2a: Dondozo|spd|2
|move|p2a: Dondozo|Protect|p2a: Dondozo
|-singleturn|p2a: Dondozo|Protect
|move|p1b: Sneasler|Dire Claw|p2a: Dondozo
|-activate|p2a: Dondozo|move: Protect
|move|p1a: Primarina|Hyper Voice|p2a: Dondozo|[spread] 
|-miss|p1a: Primarina|p2b: Tatsugiri
|-activate|p2a: Dondozo|move: Protect
|
|-heal|p2a: Dondozo|30/100|[from] item: Leftovers
|upkeep
|turn|5
|
|t:|1757026271
|-terastallize|p2a: Dondozo|Grass
|move|p1b: Sneasler|Dire Claw|p2b: Tatsugiri|[miss]
|-miss|p1b: Sneasler|p2b: Tatsugiri
|move|p1a: Primarina|Moonblast|p2a: Dondozo
|-damage|p2a: Dondozo|5/100
|-unboost|p2a: Dondozo|spa|1
|move|p2a: Dondozo|Earthquake|p1a: Primarina|[spread] p1a,p1b
|-miss|p2a: Dondozo|p2b: Tatsugiri
|-supereffective|p1b: Sneasler
|-damage|p1a: Primarina|0 fnt
|-enditem|p1b: Sneasler|Focus Sash
|-damage|p1b: Sneasler|1/100
|faint|p1a: Primarina
|
|-heal|p2a: Dondozo|11/100|[from] item: Leftovers
|-sideend|p1: antanisblinda|move: Tailwind
|upkeep
|turn|6
|-message|antanisblinda forfeited.
|
|win|juan mex
|l|☆antanisblinda
|player|p1|
||antanisblinda is ready for game 2.
