|j|☆Heliosan
|j|☆Riptide_Lupa
|html|HeliosanRiptide_Lupa    
|uhtml|bestof|Game 3 of a best-of-3
|t:|1757803098
|gametype|doubles
|player|p1|Heliosan|101|1079
|player|p2|Riptide_Lupa|hilbert-wonderlauncher|1165
|gen|9
|tier|[Gen 9] VGC 2025 Reg H (Bo3)
|rated|
|rule|Species Clause: Limit one of each Pokémon
|rule|Item Clause: Limit 1 of each item
|clearpoke
|poke|p1|Annihilape, L50, M|
|poke|p1|Rillaboom, L50, F|
|poke|p1|Gholdengo, L50|
|poke|p1|Ursaluna-Bloodmoon, L50, M|
|poke|p1|Incineroar, L50, M|
|poke|p1|Dragonite, L50, F|
|poke|p2|Dondozo, L50, M|
|poke|p2|Tatsugiri-Stretchy, L50, M|
|poke|p2|Grimmsnarl, L50, M|
|poke|p2|Incineroar, L50, F|
|poke|p2|Gholdengo, L50|
|poke|p2|Whimsicott, L50, M|
|teampreview|4
|showteam|p1|Annihilape||SafetyGoggles|Defiant|CloseCombat,RageFist,FinalGambit,Taunt|||M|||50|,,,,,Water]Rillaboom||AssaultVest|GrassySurge|WoodHammer,GrassyGlide,HighHorsepower,FakeOut|||F|||50|,,,,,Fire]Gholdengo||LifeOrb|GoodasGold|MakeItRain,ShadowBall,NastyPlot,Protect||||||50|,,,,,Water]Ursaluna-Bloodmoon||FocusSash|MindsEye|HyperVoice,BloodMoon,EarthPower,Protect|||M|||50|,,,,,Normal]Incineroar||SitrusBerry|Intimidate|FlareBlitz,KnockOff,PartingShot,FakeOut|||M|||50|,,,,,Ghost]Dragonite||LoadedDice|Multiscale|ScaleShot,Haze,Tailwind,Protect|||F|||50|,,,,,Steel
|showteam|p2|Dondozo||Leftovers|Unaware|OrderUp,Protect,Waterfall,BodyPress|||M|||50|,,,,,Grass]Tatsugiri-Stretchy||FocusSash|Commander|NastyPlot,Protect,IcyWind,DracoMeteor|||M|||50|,,,,,Dragon]Grimmsnarl||LightClay|Prankster|LightScreen,Reflect,ThunderWave,SpiritBreak|||M|||50|,,,,,Steel]Incineroar||MirrorHerb|Intimidate|PartingShot,FakeOut,FlareBlitz,KnockOff|||F|||50|,,,,,Bug]Gholdengo||LifeOrb|GoodasGold|NastyPlot,Protect,MakeItRain,ShadowBall||||||50|,,,,,Steel]Whimsicott||CovertCloak|Prankster|LeechSeed,Moonblast,Tailwind,Protect|||M|||50|,,,,,Grass
|
|t:|1757803154
|teamsize|p1|4
|teamsize|p2|4
|start
|switch|p1a: Dragonite|Dragonite, L50, F|100/100
|switch|p1b: Gholdengo|Gholdengo, L50|100/100
|switch|p2a: Grimmsnarl|Grimmsnarl, L50, M|100/100
|switch|p2b: Incineroar|Incineroar, L50, F|100/100
|-ability|p2b: Incineroar|Intimidate|boost
|-unboost|p1a: Dragonite|atk|1
|-unboost|p1b: Gholdengo|atk|1
|turn|1
|
|t:|1757803179
|switch|p1a: Annihilape|Annihilape, L50, M|100/100
|-terastallize|p1b: Gholdengo|Water
|move|p2a: Grimmsnarl|Thunder Wave|p1b: Gholdengo
|-immune|p1b: Gholdengo|[from] ability: Good as Gold
|move|p1b: Gholdengo|Nasty Plot|p1b: Gholdengo
|-boost|p1b: Gholdengo|spa|2
|-enditem|p2b: Incineroar|Mirror Herb
|-boost|p2b: Incineroar|spa|2|[from] item: Mirror Herb
|move|p2b: Incineroar|Knock Off|p1a: Annihilape
|-damage|p1a: Annihilape|56/100
|-enditem|p1a: Annihilape|Safety Goggles|[from] move: Knock Off|[of] p2b: Incineroar
|
|upkeep
|turn|2
|
|t:|1757803226
|move|p2a: Grimmsnarl|Light Screen|p2a: Grimmsnarl
|-sidestart|p2: Riptide_Lupa|move: Light Screen
|move|p1a: Annihilape|Close Combat|p2b: Incineroar
|-supereffective|p2b: Incineroar
|-damage|p2b: Incineroar|8/100
|-unboost|p1a: Annihilape|def|1
|-unboost|p1a: Annihilape|spd|1
|move|p1b: Gholdengo|Make It Rain|p2a: Grimmsnarl|[spread] p2a,p2b
|-supereffective|p2a: Grimmsnarl
|-resisted|p2b: Incineroar
|-damage|p2a: Grimmsnarl|0 fnt
|-damage|p2b: Incineroar|0 fnt
|-unboost|p1b: Gholdengo|spa|1
|faint|p2a: Grimmsnarl
|faint|p2b: Incineroar
|-damage|p1b: Gholdengo|91/100|[from] item: Life Orb
|
|upkeep
|
|t:|1757803236
|switch|p2a: Tatsugiri|Tatsugiri-Stretchy, L50, M|100/100
|switch|p2b: Dondozo|Dondozo, L50, M|100/100
|-activate|p2a: Tatsugiri|ability: Commander|[of] p2b: Dondozo
|-boost|p2b: Dondozo|atk|2
|-boost|p2b: Dondozo|spa|2
|-boost|p2b: Dondozo|spe|2
|-boost|p2b: Dondozo|def|2
|-boost|p2b: Dondozo|spd|2
|turn|3
|
|t:|1757803257
|-terastallize|p2b: Dondozo|Grass
|move|p1a: Annihilape|Rage Fist|p2b: Dondozo
|-damage|p2b: Dondozo|85/100
|move|p1b: Gholdengo|Nasty Plot|p1b: Gholdengo
|-boost|p1b: Gholdengo|spa|2
|move|p2b: Dondozo|Order Up|p1b: Gholdengo
|-damage|p1b: Gholdengo|40/100
|-boost|p2b: Dondozo|spe|1
|
|-heal|p2b: Dondozo|91/100|[from] item: Leftovers
|upkeep
|turn|4
|
|t:|1757803276
|move|p1b: Gholdengo|Protect|p1b: Gholdengo
|-singleturn|p1b: Gholdengo|Protect
|move|p1a: Annihilape|Taunt|p2b: Dondozo
|-start|p2b: Dondozo|move: Taunt
|move|p2b: Dondozo|Order Up|p1a: Annihilape
|-damage|p1a: Annihilape|10/100
|-boost|p2b: Dondozo|spe|1
|
|-heal|p2b: Dondozo|98/100|[from] item: Leftovers
|upkeep
|turn|5
|
|t:|1757803293
|move|p2b: Dondozo|Order Up|p1b: Gholdengo
|-damage|p1b: Gholdengo|0 fnt
|faint|p1b: Gholdengo
|-boost|p2b: Dondozo|spe|1
|move|p1a: Annihilape|Close Combat|p2b: Dondozo
|-damage|p2b: Dondozo|80/100
|-unboost|p1a: Annihilape|def|1
|-unboost|p1a: Annihilape|spd|1
|
|-heal|p2b: Dondozo|86/100|[from] item: Leftovers
|upkeep
|
|t:|1757803304
|switch|p1b: Dragonite|Dragonite, L50, F|100/100
|turn|6
|
|t:|1757803318
|move|p2b: Dondozo|Order Up|p1b: Dragonite
|-supereffective|p1b: Dragonite
|-crit|p1b: Dragonite
|-damage|p1b: Dragonite|20/100
|-boost|p2b: Dondozo|spe|1
|move|p1a: Annihilape|Rage Fist|p2b: Dondozo
|-damage|p2b: Dondozo|66/100
|move|p1b: Dragonite|Haze|p1b: Dragonite
|-clearallboost
|
|-heal|p2b: Dondozo|72/100|[from] item: Leftovers
|-end|p2b: Dondozo|move: Taunt
|upkeep
|turn|7
|
|t:|1757803336
|move|p1a: Annihilape|Rage Fist|p2b: Dondozo
|-crit|p2b: Dondozo
|-damage|p2b: Dondozo|13/100
|move|p1b: Dragonite|Scale Shot|p2b: Dondozo
|-damage|p2b: Dondozo|4/100
|-damage|p2b: Dondozo|0 fnt
|faint|p2b: Dondozo
|-hitcount|p2: Dondozo|2
|-unboost|p1b: Dragonite|def|1
|-boost|p1b: Dragonite|spe|1
|
|upkeep
|turn|8
|
|t:|1757803357
|move|p1b: Dragonite|Scale Shot|p2a: Tatsugiri|[miss]
|-miss|p1b: Dragonite|p2a: Tatsugiri
|move|p1a: Annihilape|Rage Fist|p2a: Tatsugiri
|-enditem|p2a: Tatsugiri|Focus Sash
|-damage|p2a: Tatsugiri|1/100
|move|p2a: Tatsugiri|Icy Wind|p1b: Dragonite|[spread] p1a,p1b
|-supereffective|p1b: Dragonite
|-damage|p1a: Annihilape|0 fnt
|-damage|p1b: Dragonite|0 fnt
|faint|p1a: Annihilape
|faint|p1b: Dragonite
|
|upkeep
|
|t:|1757803364
|switch|p1a: Rillaboom|Rillaboom, L50, F|100/100
|-fieldstart|move: Grassy Terrain|[from] ability: Grassy Surge|[of] p1a: Rillaboom
|turn|9
|
|t:|1757803371
|move|p2a: Tatsugiri|Protect|p2a: Tatsugiri
|-singleturn|p2a: Tatsugiri|Protect
|move|p1a: Rillaboom|Fake Out|p2a: Tatsugiri
|-activate|p2a: Tatsugiri|move: Protect
|
|-heal|p2a: Tatsugiri|7/100|[from] Grassy Terrain
|-sideend|p2: Riptide_Lupa|move: Light Screen
|upkeep
|turn|10
|
|t:|1757803378
|move|p1a: Rillaboom|Grassy Glide|p2a: Tatsugiri
|-damage|p2a: Tatsugiri|0 fnt
|faint|p2a: Tatsugiri
|
|win|Heliosan
|raw|Heliosan's rating: 1079 → 1114(+35 for winning)
|raw|Riptide_Lupa's rating: 1165 → 1134(-31 for losing)
|l|☆Riptide_Lupa
|player|p2|
