|j|☆Thoorus
|j|☆ushitsune
|html|Thoorusushitsune    
|uhtml|bestof|Game 1 of a best-of-3
|t:|1757660992
|gametype|doubles
|player|p1|Thoorus|cyrus|1072
|player|p2|ushitsune|steven|1114
|gen|9
|tier|[Gen 9] VGC 2025 Reg H (Bo3)
|rated|
|rule|Species Clause: Limit one of each Pokémon
|rule|Item Clause: Limit 1 of each item
|clearpoke
|poke|p1|Incineroar, L50, F|
|poke|p1|Ninetales-Alola, L50, M|
|poke|p1|Dragonite, L50, F|
|poke|p1|Kingambit, L50, F|
|poke|p1|Sinistcha, L50|
|poke|p1|Ursaluna-Bloodmoon, L50, M|
|poke|p2|Sylveon, L50, M|
|poke|p2|Vaporeon, L50, F|
|poke|p2|Umbreon, L50, M|
|poke|p2|Espeon, L50, M|
|poke|p2|Glaceon, L50, F|
|poke|p2|Jolteon, L50, F|
|teampreview|4
|showteam|p1|Incineroar||SafetyGoggles|Intimidate|KnockOff,FlareBlitz,FakeOut,PartingShot|||F|||50|,,,,,Ghost]Ninetales-Alola||FocusSash|SnowWarning|Protect,AuroraVeil,FreezeDry,Blizzard|||M|||50|,,,,,Ice]Dragonite||LoadedDice|Multiscale|Tailwind,HelpingHand,ScaleShot,Haze|||F|||50|,,,,,Steel]Kingambit||BlackGlasses|Defiant|SuckerPunch,KowtowCleave,SwordsDance,Protect|||F|||50|,,,,,Dark]Sinistcha||SitrusBerry|Hospitality|MatchaGotcha,TrickRoom,RagePowder,LifeDew||||||50|,,,,,Water]Ursaluna-Bloodmoon||LifeOrb|MindsEye|BloodMoon,EarthPower,HyperVoice,Protect|||M|||50|,,,,,Normal
|showteam|p2|Sylveon||CovertCloak|Pixilate|HyperVoice,Protect,Yawn,Psyshock|||M|||50|,,,,,Fire]Vaporeon||SitrusBerry|WaterAbsorb|Scald,Haze,Protect,HelpingHand|||F|||50|,,,,,Dark]Umbreon||SafetyGoggles|InnerFocus|Taunt,FoulPlay,Snarl,Moonlight|||M|||50|,,,,,Poison]Espeon||LifeOrb|MagicBounce|Psyshock,DazzlingGleam,Protect,ShadowBall|||M|||50|,,,,,Fairy]Glaceon||AssaultVest|SnowCloak|IcyWind,TeraBlast,FreezeDry,ShadowBall|||F|||50|,,,,,Fire]Jolteon||FocusSash|VoltAbsorb|Thunderbolt,ThunderWave,Protect,AlluringVoice|||F|||50|,,,,,Grass
|inactive|Battle timer is ON: inactive players will automatically lose when time's up. (requested by Thoorus)
|
|t:|1757661037
|teamsize|p1|4
|teamsize|p2|4
|start
|switch|p1a: Ninetales|Ninetales-Alola, L50, M|100/100
|switch|p1b: Ursaluna|Ursaluna-Bloodmoon, L50, M|100/100
|switch|p2a: Sylveon|Sylveon, L50, M|100/100
|switch|p2b: Umbreon|Umbreon, L50, M, shiny|100/100
|-weather|Snowscape|[from] ability: Snow Warning|[of] p1a: Ninetales
|turn|1
|
|t:|1757661060
|-terastallize|p1b: Ursaluna|Normal
|move|p1a: Ninetales|Blizzard|p2a: Sylveon|[spread] p2a,p2b
|-damage|p2a: Sylveon|74/100
|-damage|p2b: Umbreon|78/100
|move|p1b: Ursaluna|Blood Moon|p2a: Sylveon
|-damage|p2a: Sylveon|0 fnt
|faint|p2a: Sylveon
|-damage|p1b: Ursaluna|91/100|[from] item: Life Orb
|move|p2b: Umbreon|Snarl|p1b: Ursaluna|[spread] p1a,p1b
|-resisted|p1a: Ninetales
|-damage|p1a: Ninetales|94/100
|-damage|p1b: Ursaluna|78/100
|-unboost|p1a: Ninetales|spa|1
|-unboost|p1b: Ursaluna|spa|1
|
|-weather|Snowscape|[upkeep]
|upkeep
|
|t:|1757661076
|switch|p2a: Glaceon|Glaceon, L50, F, shiny|100/100
|turn|2
|
|t:|1757661090
|switch|p1b: Kingambit|Kingambit, L50, F|100/100
|move|p1a: Ninetales|Aurora Veil|p1a: Ninetales
|-sidestart|p1: Thoorus|move: Aurora Veil
|move|p2b: Umbreon|Taunt|p1a: Ninetales
|-start|p1a: Ninetales|move: Taunt
|move|p2a: Glaceon|Freeze-Dry|p1b: Kingambit
|-resisted|p1b: Kingambit
|-damage|p1b: Kingambit|86/100
|
|-weather|Snowscape|[upkeep]
|upkeep
|turn|3
|inactive|Thoorus has 30 seconds left.
|
|t:|1757661122
|move|p1a: Ninetales|Blizzard|p2a: Glaceon|[spread] p2a,p2b
|-resisted|p2a: Glaceon
|-damage|p2a: Glaceon|92/100
|-damage|p2b: Umbreon|62/100
|move|p2a: Glaceon|Shadow Ball|p1a: Ninetales
|-damage|p1a: Ninetales|68/100
|move|p2b: Umbreon|Foul Play|p1b: Kingambit
|-resisted|p1b: Kingambit
|-damage|p1b: Kingambit|72/100
|move|p1b: Kingambit|Kowtow Cleave|p2a: Glaceon
|-damage|p2a: Glaceon|54/100
|
|-weather|Snowscape|[upkeep]
|upkeep
|turn|4
|
|t:|1757661146
|move|p1a: Ninetales|Blizzard|p2b: Umbreon|[spread] p2a,p2b
|-resisted|p2a: Glaceon
|-damage|p2a: Glaceon|45/100
|-damage|p2b: Umbreon|48/100
|move|p2a: Glaceon|Freeze-Dry|p1b: Kingambit
|-resisted|p1b: Kingambit
|-damage|p1b: Kingambit|59/100
|move|p2b: Umbreon|Moonlight|p2b: Umbreon
|-heal|p2b: Umbreon|72/100
|move|p1b: Kingambit|Swords Dance|p1b: Kingambit
|-boost|p1b: Kingambit|atk|2
|
|-weather|Snowscape|[upkeep]
|upkeep
|turn|5
|
|t:|1757661164
|switch|p1a: Ursaluna|Ursaluna-Bloodmoon, L50, M, tera:Normal|78/100
|move|p2b: Umbreon|Foul Play|p1b: Kingambit
|-resisted|p1b: Kingambit
|-damage|p1b: Kingambit|32/100
|move|p2a: Glaceon|Freeze-Dry|p1b: Kingambit
|-resisted|p1b: Kingambit
|-damage|p1b: Kingambit|20/100
|move|p1b: Kingambit|Kowtow Cleave|p2a: Glaceon
|-damage|p2a: Glaceon|0 fnt
|faint|p2a: Glaceon
|
|-weather|none
|upkeep
|
|t:|1757661177
|switch|p2a: Espeon|Espeon, L50, M, shiny|100/100
|turn|6
|
|t:|1757661200
|move|p2a: Espeon|Protect|p2a: Espeon
|-singleturn|p2a: Espeon|Protect
|move|p1a: Ursaluna|Blood Moon|p2b: Umbreon
|-damage|p2b: Umbreon|0 fnt
|faint|p2b: Umbreon
|-damage|p1a: Ursaluna|68/100|[from] item: Life Orb
|move|p1b: Kingambit|Kowtow Cleave|p2a: Espeon
|-activate|p2a: Espeon|move: Protect
|
|-sideend|p1: Thoorus|move: Aurora Veil
|upkeep
|turn|7
|-message|ushitsune forfeited.
|
|win|Thoorus
|l|☆ushitsune
|player|p2|
||Thoorus is ready for game 2.
||ushitsune is ready for game 2.
|uhtml|next|Next: Game 2 of 3
