|j|☆Meowraure
|j|☆Centiskorch18
|html|MeowraureCentiskorch18    
|uhtml|bestof|Game 1 of a best-of-3
|t:|1786145819
|gametype|doubles
|player|p1|Meowraure|266|1116
|player|p2|Centiskorch18|caitlin|1245
|gen|9
|tier|[Gen 9 Champions] VGC 2026 Reg M-B (Bo3)
|rated|
|rule|Species Clause: Limit one of each Pokémon
|rule|Item Clause: Limit 1 of each item
|clearpoke
|poke|p1|Floette-Eternal, L50, F|
|poke|p1|Sceptile, L50, M|
|poke|p1|Talonflame, L50, M|
|poke|p1|Rotom-Wash, L50|
|poke|p1|Kangaskhan, L50, F|
|poke|p1|Aegislash, L50, M|
|poke|p2|Floette-Eternal, L50, F|
|poke|p2|Sneasler, L50, M|
|poke|p2|Incineroar, L50, F|
|poke|p2|Sinistcha, L50|
|poke|p2|Delphox, L50, F|
|poke|p2|Garchomp, L50, F|
|teampreview|4
|showteam|p1|Floette-Eternal||ChoiceScarf|FlowerVeil|EnergyBall,PollenPuff,Moonblast,Psychic|Timid||F|||50|]Sceptile||Sceptilite|Unburden|EarthPower,DragonPulse,LeafStorm,Protect|Timid||M|||50|]Talonflame||SharpBeak|GaleWings|DualWingbeat,Tailwind,FlareBlitz,Protect|Jolly||M|||50|]Rotom-Wash||Leftovers|Levitate|Discharge,WillOWisp,HydroPump,Protect|Timid|||||50|]Kangaskhan||SilkScarf|Scrappy|FakeOut,LastResort|Adamant||F|||50|]Aegislash||SitrusBerry|StanceChange|WideGuard,GyroBall,Poltergeist,KingsShield|Brave||M|||50|
|showteam|p2|Floette-Eternal||Floettite|FlowerVeil|DazzlingGleam,DrainingKiss,CalmMind,Protect|Modest||F|||50|]Sneasler||WhiteHerb|Unburden|CloseCombat,DireClaw,FakeOut,Protect|Jolly||M|||50|]Incineroar||SitrusBerry|Intimidate|FlareBlitz,DarkestLariat,PartingShot,FakeOut|Careful||F|||50|]Sinistcha||KasibBerry|Hospitality|MatchaGotcha,RagePowder,TrickRoom,Protect|Bold|||||50|]Delphox||Delphoxite|Blaze|HeatWave,Psychic,NastyPlot,Protect|Modest||F|||50|]Garchomp||ChoiceScarf|RoughSkin|DragonClaw,StompingTantrum,Earthquake,RockSlide|Adamant||F|||50|
|inactive|Battle timer is ON: inactive players will automatically lose when time's up. (requested by Centiskorch18)
|c|☆Centiskorch18|glhf
|inactive|Centiskorch18 has 60 seconds left.
|
|t:|1786145864
|teamsize|p1|4
|teamsize|p2|4
|start
|switch|p1a: Talonflame|Talonflame, L50, M|100/100
|switch|p1b: Kangaskhan|Kangaskhan, L50, F|100/100
|switch|p2a: Floette|Floette-Eternal, L50, F|100/100
|switch|p2b: Incineroar|Incineroar, L50, F|100/100
|-ability|p2b: Incineroar|Intimidate|boost
|-unboost|p1a: Talonflame|atk|1
|-fail|p1b: Kangaskhan|unboost|Attack|[from] ability: Scrappy|[of] p1b: Kangaskhan
|turn|1
|inactive|Centiskorch18 has 30 seconds left.
|
|t:|1786145889
|detailschange|p2a: Floette|Floette-Mega, L50, F
|-mega|p2a: Floette|Floette|Floettite
|-ability|p2a: Floette|Fairy Aura
|move|p1a: Talonflame|Protect|p1a: Talonflame
|-singleturn|p1a: Talonflame|Protect
|move|p1b: Kangaskhan|Fake Out|p2a: Floette
|-damage|p2a: Floette|75/100
|cant|p2a: Floette|flinch
|move|p2b: Incineroar|Parting Shot|p1b: Kangaskhan
|-unboost|p1b: Kangaskhan|atk|1
|-unboost|p1b: Kangaskhan|spa|1
|
|t:|1786145895
|switch|p2b: Sneasler|Sneasler, L50, M|100/100|[from] Parting Shot
|
|upkeep
|turn|2
|
|t:|1786145918
|move|p2b: Sneasler|Fake Out|p1a: Talonflame
|-damage|p1a: Talonflame|80/100
|cant|p1a: Talonflame|flinch
|move|p2a: Floette|Dazzling Gleam|p1a: Talonflame|[spread] p1a,p1b
|-resisted|p1a: Talonflame|1
|-damage|p1a: Talonflame|43/100
|-damage|p1b: Kangaskhan|52/100
|move|p1b: Kangaskhan|Last Resort|p2a: Floette
|-damage|p2a: Floette|18/100
|
|upkeep
|turn|3
|
|t:|1786145936
|switch|p2b: Sinistcha|Sinistcha, L50|100/100
|-heal|p2a: Floette|43/100|[from] ability: Hospitality|[of] p2b: Sinistcha
|move|p2a: Floette|Protect|p2a: Floette
|-singleturn|p2a: Floette|Protect
|move|p1a: Talonflame|Tailwind|p1a: Talonflame
|-sidestart|p1: Meowraure|move: Tailwind
|move|p1b: Kangaskhan|Last Resort|p2b: Sinistcha
|-damage|p2b: Sinistcha|57/100
|
|upkeep
|turn|4
|
|t:|1786145950
|move|p2b: Sinistcha|Rage Powder|p2b: Sinistcha
|-singleturn|p2b: Sinistcha|move: Rage Powder
|move|p1a: Talonflame|Flare Blitz|p2b: Sinistcha
|-supereffective|p2b: Sinistcha|1
|-damage|p2b: Sinistcha|6/100
|-damage|p1a: Talonflame|24/100|[from] Recoil
|move|p1b: Kangaskhan|Last Resort|p2b: Sinistcha
|-crit|p2b: Sinistcha
|-damage|p2b: Sinistcha|0 fnt
|faint|p2b: Sinistcha
|move|p2a: Floette|Dazzling Gleam|p1a: Talonflame|[spread] p1a,p1b
|-resisted|p1a: Talonflame|1
|-damage|p1a: Talonflame|0 fnt
|-damage|p1b: Kangaskhan|2/100
|faint|p1a: Talonflame
|
|upkeep
|
|t:|1786145970
|switch|p1a: Rotom|Rotom-Wash, L50|100/100
|switch|p2b: Incineroar|Incineroar, L50, F|100/100
|-ability|p2b: Incineroar|Intimidate|boost
|-unboost|p1a: Rotom|atk|1
|-fail|p1b: Kangaskhan|unboost|Attack|[from] ability: Scrappy|[of] p1b: Kangaskhan
|turn|5
|
|t:|1786145984
|switch|p1b: Sceptile|Sceptile, L50, M|100/100
|move|p2b: Incineroar|Fake Out|p1b: Sceptile
|-damage|p1b: Sceptile|80/100
|move|p1a: Rotom|Hydro Pump|p2a: Floette
|-damage|p2a: Floette|3/100
|move|p2a: Floette|Draining Kiss|p1a: Rotom
|-damage|p1a: Rotom|56/100
|-heal|p2a: Floette|33/100|[from] drain|[of] p1a: Rotom
|
|-heal|p1a: Rotom|62/100|[from] item: Leftovers
|upkeep
|turn|6
|inactive|Meowraure has 30 seconds left.
|
|t:|1786146011
|detailschange|p1b: Sceptile|Sceptile-Mega, L50, M
|-mega|p1b: Sceptile|Sceptile|Sceptilite
|move|p2a: Floette|Protect|p2a: Floette
|-singleturn|p2a: Floette|Protect
|move|p1b: Sceptile|Earth Power|p2a: Floette
|-activate|p2a: Floette|move: Protect
|move|p1a: Rotom|Discharge|p2a: Floette|[spread] p2b
|-activate|p2a: Floette|move: Protect
|-ability|p1b: Sceptile|Lightning Rod|boost
|-boost|p1b: Sceptile|spa|1
|-damage|p2b: Incineroar|80/100
|move|p2b: Incineroar|Parting Shot|p1b: Sceptile
|-unboost|p1b: Sceptile|atk|1
|-unboost|p1b: Sceptile|spa|1
|
|t:|1786146015
|switch|p2b: Sneasler|Sneasler, L50, M|100/100|[from] Parting Shot
|
|-heal|p1a: Rotom|68/100|[from] item: Leftovers
|-sideend|p1: Meowraure|move: Tailwind
|upkeep
|turn|7
|
|t:|1786146027
|switch|p2a: Incineroar|Incineroar, L50, F|80/100
|-ability|p2a: Incineroar|Intimidate|boost
|-unboost|p1a: Rotom|atk|1
|-unboost|p1b: Sceptile|atk|1
|move|p1b: Sceptile|Protect|p1b: Sceptile
|-singleturn|p1b: Sceptile|Protect
|move|p1a: Rotom|Protect|p1a: Rotom
|-singleturn|p1a: Rotom|Protect
|move|p2b: Sneasler|Close Combat|p1a: Rotom
|-activate|p1a: Rotom|move: Protect
|
|-heal|p1a: Rotom|75/100|[from] item: Leftovers
|upkeep
|turn|8
|inactive|Centiskorch18 has 30 seconds left.
|
|t:|1786146054
|move|p1b: Sceptile|Protect||[still]
|-fail|p1b: Sceptile
|move|p2a: Incineroar|Fake Out|p1b: Sceptile
|-damage|p1b: Sceptile|64/100
|move|p2b: Sneasler|Close Combat|p1b: Sceptile
|-damage|p1b: Sceptile|0 fnt
|-unboost|p2b: Sneasler|def|1
|-unboost|p2b: Sneasler|spd|1
|faint|p1b: Sceptile
|-enditem|p2b: Sneasler|White Herb
|-clearnegativeboost|p2b: Sneasler|[silent]
|move|p1a: Rotom|Hydro Pump|p2a: Incineroar
|-supereffective|p2a: Incineroar|1
|-damage|p2a: Incineroar|11/100
|-enditem|p2a: Incineroar|Sitrus Berry|[eat]
|-heal|p2a: Incineroar|36/100|[from] item: Sitrus Berry
|
|-heal|p1a: Rotom|81/100|[from] item: Leftovers
|upkeep
|
|t:|1786146069
|switch|p1b: Kangaskhan|Kangaskhan, L50, F|2/100
|turn|9
|
|t:|1786146088
|move|p2b: Sneasler|Protect|p2b: Sneasler
|-singleturn|p2b: Sneasler|Protect
|move|p1b: Kangaskhan|Fake Out|p2b: Sneasler
|-activate|p2b: Sneasler|move: Protect
|move|p1a: Rotom|Hydro Pump|p2b: Sneasler
|-activate|p2b: Sneasler|move: Protect
|move|p2a: Incineroar|Flare Blitz|p1b: Kangaskhan
|-damage|p1b: Kangaskhan|0 fnt
|faint|p1b: Kangaskhan
|-damage|p2a: Incineroar|35/100|[from] Recoil
|
|-heal|p1a: Rotom|87/100|[from] item: Leftovers
|upkeep
|turn|10
|
|t:|1786146097
|move|p2b: Sneasler|Close Combat|p1a: Rotom
|-damage|p1a: Rotom|25/100
|-unboost|p2b: Sneasler|def|1
|-unboost|p2b: Sneasler|spd|1
|move|p1a: Rotom|Discharge|p2a: Incineroar|[spread] p2a,p2b
|-damage|p2a: Incineroar|14/100
|-damage|p2b: Sneasler|58/100
|move|p2a: Incineroar|Darkest Lariat|p1a: Rotom
|-damage|p1a: Rotom|0 fnt
|faint|p1a: Rotom
|
|win|Centiskorch18
