|j|☆ILoveMIR
|j|☆dapmagikarp
|html|ILoveMIRdapmagikarp    
|uhtml|bestof|Game 2 of a best-of-3
|t:|1783644648
|gametype|doubles
|player|p1|ILoveMIR|shauntal|1396
|player|p2|dapmagikarp|sada-ai|1428
|gen|9
|tier|[Gen 9 Champions] VGC 2026 Reg M-B (Bo3)
|rated|
|rule|Species Clause: Limit one of each Pokémon
|rule|Item Clause: Limit 1 of each item
|clearpoke
|poke|p1|Blaziken, L50, F|
|poke|p1|Ninetales-Alola, L50, M|
|poke|p1|Tsareena, L50, F|
|poke|p1|Milotic, L50, F|
|poke|p1|Talonflame, L50, F|
|poke|p1|Gholdengo, L50|
|poke|p2|Floette-Eternal, L50, F|
|poke|p2|Charizard, L50, M, shiny|
|poke|p2|Kingambit, L50, F|
|poke|p2|Whimsicott, L50, F, shiny|
|poke|p2|Basculegion, L50, M|
|poke|p2|Garchomp, L50, F, shiny|
|teampreview|4
|showteam|p1|Blaziken||Blazikenite|SpeedBoost|FlareBlitz,CloseCombat,RockSlide,Detect|Adamant||F|||50|]Ninetales-Alola||NeverMeltIce|SnowWarning|Blizzard,FreezeDry,Encore,Protect|Timid||M|||50|]Tsareena||WideLens|QueenlyMajesty|PowerWhip,TripleAxel,LowKick,Taunt|Adamant||F|||50|]Milotic||ExpertBelt|Competitive|Scald,IceBeam,Recover,Protect|Modest||F|||50|]Talonflame|||GaleWings|Acrobatics,WillOWisp,Tailwind,Protect|Jolly||F|||50|]Gholdengo||LifeOrb|GoodasGold|MakeItRain,ShadowBall,PowerGem,Protect|Modest|||||50|
|showteam|p2|Floette-Eternal||Floettite|FlowerVeil|Protect,LightofRuin,Moonblast,DazzlingGleam|Timid||F|||50|]Charizard||CharizarditeY|Blaze|SolarBeam,HeatWave,WeatherBall,Protect|Modest||M|||50|]Kingambit||BlackGlasses|Defiant|LowKick,Protect,KowtowCleave,SuckerPunch|Adamant||F|||50|]Whimsicott||FocusSash|Prankster|Moonblast,Tailwind,Encore,Protect|Timid||F|||50|]Basculegion||MysticWater|Adaptability|WaveCrash,Protect,LastRespects,AquaJet|Adamant||M|||50|]Garchomp||LifeOrb|RoughSkin|Earthquake,RockSlide,Protect,DragonClaw|Jolly||F|||50|
|inactive|Battle timer is ON: inactive players will automatically lose when time's up. (requested by dapmagikarp)
|inactive|ILoveMIR also wants the timer to be on.
|inactive|ILoveMIR has 60 seconds left.
|inactive|ILoveMIR has 30 seconds left.
|inactive|ILoveMIR has 20 seconds left.
|inactive|ILoveMIR has 15 seconds left.
|inactive|ILoveMIR has 10 seconds left.
|
|t:|1783644733
|teamsize|p1|4
|teamsize|p2|4
|start
|switch|p1a: Blaziken|Blaziken, L50, F|100/100
|switch|p1b: Talonflame|Talonflame, L50, F|100/100
|switch|p2a: Garchomp|Garchomp, L50, F, shiny|100/100
|switch|p2b: Charizard|Charizard, L50, M, shiny|100/100
|turn|1
|inactive|dapmagikarp has 30 seconds left.
|inactive|dapmagikarp has 20 seconds left.
|
|t:|1783644768
|switch|p1a: Milotic|Milotic, L50, F|100/100
|detailschange|p2b: Charizard|Charizard-Mega-Y, L50, M, shiny
|-mega|p2b: Charizard|Charizard|Charizardite Y
|-weather|SunnyDay|[from] ability: Drought|[of] p2b: Charizard
|move|p1b: Talonflame|Will-O-Wisp|p2a: Garchomp
|-status|p2a: Garchomp|brn
|move|p2a: Garchomp|Rock Slide|p1a: Milotic|[spread] p1a,p1b
|-supereffective|p1b: Talonflame|2
|-damage|p1a: Milotic|86/100
|-damage|p1b: Talonflame|23/100
|-damage|p2a: Garchomp|90/100 brn|[from] item: Life Orb
|move|p2b: Charizard|Heat Wave|p1a: Milotic|[spread] p1a,p1b
|-resisted|p1a: Milotic|1
|-resisted|p1b: Talonflame|1
|-damage|p1a: Milotic|61/100
|-damage|p1b: Talonflame|0 fnt
|faint|p1b: Talonflame
|
|-weather|SunnyDay|[upkeep]
|-damage|p2a: Garchomp|84/100 brn|[from] brn
|upkeep
|
|t:|1783644781
|switch|p1b: Blaziken|Blaziken, L50, F|100/100
|turn|2
|
|t:|1783644801
|detailschange|p1b: Blaziken|Blaziken-Mega, L50, F
|-mega|p1b: Blaziken|Blaziken|Blazikenite
|move|p1b: Blaziken|Detect|p1b: Blaziken
|-singleturn|p1b: Blaziken|Protect
|move|p1a: Milotic|Protect|p1a: Milotic
|-singleturn|p1a: Milotic|Protect
|move|p2a: Garchomp|Earthquake|p1b: Blaziken|[spread] 
|-activate|p1a: Milotic|move: Protect
|-activate|p1b: Blaziken|move: Protect
|-immune|p2b: Charizard
|move|p2b: Charizard|Solar Beam||[still]
|-prepare|p2b: Charizard|Solar Beam
|-anim|p2b: Charizard|Solar Beam|p1a: Milotic
|-activate|p1a: Milotic|move: Protect
|
|-weather|SunnyDay|[upkeep]
|-damage|p2a: Garchomp|78/100 brn|[from] brn
|-ability|p1b: Blaziken|Speed Boost|boost
|-boost|p1b: Blaziken|spe|1
|upkeep
|turn|3
|inactive|ILoveMIR has 30 seconds left.
|
|t:|1783644828
|switch|p2b: Whimsicott|Whimsicott, L50, F, shiny|100/100
|move|p1b: Blaziken|Rock Slide|p2a: Garchomp|[spread] p2a,p2b
|-resisted|p2a: Garchomp|1
|-damage|p2a: Garchomp|65/100 brn
|-damage|p2b: Whimsicott|61/100
|move|p2a: Garchomp|Earthquake|p1a: Milotic|[spread] p2b,p1a,p1b
|-resisted|p2b: Whimsicott|1
|-supereffective|p1b: Blaziken|1
|-damage|p2b: Whimsicott|45/100
|-damage|p1a: Milotic|37/100
|-damage|p1b: Blaziken|27/100
|-damage|p2a: Garchomp|55/100 brn|[from] item: Life Orb
|move|p1a: Milotic|Ice Beam|p2a: Garchomp
|-supereffective|p2a: Garchomp|2
|-damage|p2a: Garchomp|0 fnt
|faint|p2a: Garchomp
|
|-weather|SunnyDay|[upkeep]
|-ability|p1b: Blaziken|Speed Boost|boost
|-boost|p1b: Blaziken|spe|1
|upkeep
|
|t:|1783644842
|switch|p2a: Basculegion|Basculegion, L50, M|100/100
|turn|4
|
|t:|1783644863
|move|p1b: Blaziken|Detect|p1b: Blaziken
|-singleturn|p1b: Blaziken|Protect
|move|p2b: Whimsicott|Tailwind|p2b: Whimsicott
|-sidestart|p2: dapmagikarp|move: Tailwind
|move|p2a: Basculegion|Last Respects|p1a: Milotic
|-damage|p1a: Milotic|0 fnt
|faint|p1a: Milotic
|
|-weather|SunnyDay|[upkeep]
|-ability|p1b: Blaziken|Speed Boost|boost
|-boost|p1b: Blaziken|spe|1
|upkeep
|
|t:|1783644869
|switch|p1a: Tsareena|Tsareena, L50, F|100/100
|turn|5
|
|t:|1783644875
|move|p1b: Blaziken|Rock Slide|p2b: Whimsicott|[spread] p2a,p2b
|-crit|p2a: Basculegion
|-damage|p2a: Basculegion|60/100
|-damage|p2b: Whimsicott|8/100
|move|p2b: Whimsicott|Moonblast|p1a: Tsareena
|-damage|p1a: Tsareena|58/100
|-unboost|p1a: Tsareena|spa|1
|move|p2a: Basculegion|Last Respects|p1a: Tsareena
|-damage|p1a: Tsareena|0 fnt
|faint|p1a: Tsareena
|
|-weather|none
|-ability|p1b: Blaziken|Speed Boost|boost
|-boost|p1b: Blaziken|spe|1
|upkeep
|turn|6
|-message|ILoveMIR forfeited.
|
|win|dapmagikarp
