|j|☆Frakub
|j|☆RustyTacos27
|html|FrakubRustyTacos27    
|uhtml|bestof|Game 3 of a best-of-3
|t:|1754851153
|gametype|doubles
|player|p1|Frakub|acetrainer-gen4dp|1191
|player|p2|RustyTacos27|170|1305
|gen|9
|tier|[Gen 9] VGC 2025 Reg H (Bo3)
|rated|
|rule|Species Clause: Limit one of each Pokémon
|rule|Item Clause: Limit 1 of each item
|clearpoke
|poke|p1|Kingambit, L50, F|
|poke|p1|Rillaboom, L50, F|
|poke|p1|Electabuzz, L50, M|
|poke|p1|Incineroar, L50, F|
|poke|p1|Ninetales-Alola, L50, M|
|poke|p1|Dragonite, L50, F|
|poke|p2|Kingambit, L50, F|
|poke|p2|Rillaboom, L50, F|
|poke|p2|Electabuzz, L50, M|
|poke|p2|Dragapult, L50, M|
|poke|p2|Volcarona, L50, M|
|poke|p2|Tauros-Paldea-Aqua, L50, M|
|teampreview|4
|showteam|p1|Kingambit||BlackGlasses|Defiant|KowtowCleave,SuckerPunch,SwordsDance,Protect|||F|||50|,,,,,Dark]Rillaboom||AssaultVest|GrassySurge|WoodHammer,GrassyGlide,Uturn,FakeOut|||F|||50|,,,,,Fire]Electabuzz||Eviolite|VitalSpirit|Electroweb,FollowMe,Taunt,Protect|||M|||50|,,,,,Ghost]Incineroar||SafetyGoggles|Intimidate|FakeOut,PartingShot,KnockOff,FlareBlitz|||F|||50|,,,,,Ghost]Ninetales-Alola||NeverMeltIce|SnowWarning|Blizzard,FreezeDry,Protect,Encore|||M|||50|,,,,,Ghost]Dragonite||LoadedDice|Multiscale|ScaleShot,Tailwind,Haze,Protect|||F|||50|,,,,,Steel
|showteam|p2|Kingambit||BlackGlasses|Defiant|Protect,KowtowCleave,SuckerPunch,SwordsDance|||F|||50|,,,,,Dark]Rillaboom||AssaultVest|GrassySurge|WoodHammer,GrassyGlide,Uturn,FakeOut|||F|||50|,,,,,Fire]Electabuzz||Eviolite|VitalSpirit|Protect,Thunderbolt,HelpingHand,FollowMe|||M|||50|,,,,,Ghost]Dragapult||ChoiceSpecs|ClearBody|DracoMeteor,ShadowBall,FireBlast,Uturn|||M|||50|,,,,,Ghost]Volcarona||CovertCloak|FlameBody|Protect,HeatWave,GigaDrain,QuiverDance|||M|||50|,,,,,Dragon]Tauros-Paldea-Aqua||MirrorHerb|Intimidate|Protect,WaveCrash,CloseCombat,AquaJet|||M|||50|,,,,,Water
|inactive|Battle timer is ON: inactive players will automatically lose when time's up. (requested by Frakub)
|inactive|Frakub has 60 seconds left.
|
|t:|1754851211
|teamsize|p1|4
|teamsize|p2|4
|start
|switch|p1a: Incineroar|Incineroar, L50, F|100/100
|switch|p1b: Dragonite|Dragonite, L50, F|100/100
|switch|p2a: Heimlich|Volcarona, L50, M, shiny|100/100
|switch|p2b: Litofsky|Electabuzz, L50, M, shiny|100/100
|-ability|p1a: Incineroar|Intimidate|boost
|-unboost|p2a: Heimlich|atk|1
|-unboost|p2b: Litofsky|atk|1
|turn|1
|inactive|RustyTacos27 has 30 seconds left.
|
|t:|1754851240
|switch|p2b: Bull CRIT!!|Tauros-Paldea-Aqua, L50, M|100/100
|-ability|p2b: Bull CRIT!!|Intimidate|boost
|-unboost|p1a: Incineroar|atk|1
|-unboost|p1b: Dragonite|atk|1
|move|p1a: Incineroar|Fake Out|p2a: Heimlich
|-damage|p2a: Heimlich|92/100
|move|p2a: Heimlich|Heat Wave|p1b: Dragonite|[spread] p1a,p1b
|-resisted|p1a: Incineroar
|-resisted|p1b: Dragonite
|-damage|p1a: Incineroar|86/100
|-damage|p1b: Dragonite|91/100
|move|p1b: Dragonite|Tailwind|p1b: Dragonite
|-sidestart|p1: Frakub|move: Tailwind
|
|upkeep
|turn|2
|inactive|Frakub has 30 seconds left.
|inactive|RustyTacos27 has 30 seconds left.
|
|t:|1754851271
|move|p1b: Dragonite|Scale Shot|p2a: Heimlich
|-damage|p2a: Heimlich|79/100
|-damage|p2a: Heimlich|66/100
|-damage|p2a: Heimlich|54/100
|-damage|p2a: Heimlich|41/100
|-hitcount|p2a: Heimlich|4
|-unboost|p1b: Dragonite|def|1
|-boost|p1b: Dragonite|spe|1
|-enditem|p2b: Bull CRIT!!|Mirror Herb
|-boost|p2b: Bull CRIT!!|spe|1|[from] item: Mirror Herb
|move|p2b: Bull CRIT!!|Close Combat|p1a: Incineroar
|-supereffective|p1a: Incineroar
|-damage|p1a: Incineroar|0 fnt
|-unboost|p2b: Bull CRIT!!|def|1
|-unboost|p2b: Bull CRIT!!|spd|1
|faint|p1a: Incineroar
|move|p2a: Heimlich|Heat Wave|p1b: Dragonite
|-resisted|p1b: Dragonite
|-damage|p1b: Dragonite|62/100
|
|upkeep
|
|t:|1754851277
|switch|p1a: Electabuzz|Electabuzz, L50, M|100/100
|turn|3
|inactive|Frakub has 30 seconds left.
|inactive|RustyTacos27 has 30 seconds left.
|
|t:|1754851309
|switch|p2b: Litofsky|Electabuzz, L50, M, shiny|100/100
|move|p2a: Heimlich|Protect|p2a: Heimlich
|-singleturn|p2a: Heimlich|Protect
|move|p1b: Dragonite|Scale Shot|p2b: Litofsky
|-damage|p2b: Litofsky|93/100
|-damage|p2b: Litofsky|86/100
|-damage|p2b: Litofsky|77/100
|-damage|p2b: Litofsky|70/100
|-damage|p2b: Litofsky|62/100
|-hitcount|p2b: Litofsky|5
|-unboost|p1b: Dragonite|def|1
|-boost|p1b: Dragonite|spe|1
|move|p1a: Electabuzz|Electroweb|p2b: Litofsky|[spread] p2b
|-activate|p2a: Heimlich|move: Protect
|-resisted|p2b: Litofsky
|-damage|p2b: Litofsky|57/100
|-unboost|p2b: Litofsky|spe|1
|
|upkeep
|turn|4
|
|t:|1754851333
|move|p1a: Electabuzz|Follow Me|p1a: Electabuzz
|-singleturn|p1a: Electabuzz|move: Follow Me
|move|p2b: Litofsky|Follow Me|p2b: Litofsky
|-singleturn|p2b: Litofsky|move: Follow Me
|move|p1b: Dragonite|Haze|p1b: Dragonite
|-clearallboost
|move|p2a: Heimlich|Heat Wave|p1b: Dragonite|[spread] p1a,p1b
|-resisted|p1b: Dragonite
|-damage|p1a: Electabuzz|74/100
|-damage|p1b: Dragonite|41/100
|-status|p1b: Dragonite|brn
|
|-damage|p1b: Dragonite|35/100 brn|[from] brn
|-sideend|p1: Frakub|move: Tailwind
|upkeep
|turn|5
|
|t:|1754851353
|move|p2b: Litofsky|Follow Me|p2b: Litofsky
|-singleturn|p2b: Litofsky|move: Follow Me
|move|p1a: Electabuzz|Electroweb|p2b: Litofsky|[spread] p2a,p2b
|-resisted|p2b: Litofsky
|-damage|p2a: Heimlich|28/100
|-damage|p2b: Litofsky|51/100
|-unboost|p2b: Litofsky|spe|1
|move|p2a: Heimlich|Heat Wave|p1b: Dragonite|[spread] p1a,p1b
|-resisted|p1b: Dragonite
|-damage|p1a: Electabuzz|46/100
|-damage|p1b: Dragonite|14/100 brn
|move|p1b: Dragonite|Scale Shot|p2b: Litofsky
|-damage|p2b: Litofsky|46/100
|-damage|p2b: Litofsky|41/100
|-damage|p2b: Litofsky|36/100
|-damage|p2b: Litofsky|30/100
|-damage|p2b: Litofsky|25/100
|-hitcount|p2b: Litofsky|5
|-unboost|p1b: Dragonite|def|1
|-boost|p1b: Dragonite|spe|1
|
|-damage|p1b: Dragonite|8/100 brn|[from] brn
|upkeep
|turn|6
|
|t:|1754851376
|move|p2b: Litofsky|Follow Me|p2b: Litofsky
|-singleturn|p2b: Litofsky|move: Follow Me
|move|p1b: Dragonite|Scale Shot|p2b: Litofsky
|-damage|p2b: Litofsky|20/100
|-damage|p2b: Litofsky|15/100
|-damage|p2b: Litofsky|9/100
|-damage|p2b: Litofsky|4/100
|-hitcount|p2b: Litofsky|4
|-unboost|p1b: Dragonite|def|1
|-boost|p1b: Dragonite|spe|1
|move|p1a: Electabuzz|Electroweb|p2a: Heimlich|[spread] p2a,p2b
|-resisted|p2b: Litofsky
|-damage|p2a: Heimlich|16/100
|-damage|p2b: Litofsky|0 fnt
|faint|p2b: Litofsky
|move|p2a: Heimlich|Heat Wave|p1a: Electabuzz|[spread] p1a,p1b
|-resisted|p1b: Dragonite
|-damage|p1a: Electabuzz|16/100
|-damage|p1b: Dragonite|0 fnt
|faint|p1b: Dragonite
|
|upkeep
|
|t:|1754851395
|switch|p1b: Kingambit|Kingambit, L50, F|100/100
|switch|p2b: Trunkmeister|Rillaboom, L50, F, shiny|100/100
|-fieldstart|move: Grassy Terrain|[from] ability: Grassy Surge|[of] p2b: Trunkmeister
|turn|7
|
|t:|1754851406
|move|p1a: Electabuzz|Protect|p1a: Electabuzz
|-singleturn|p1a: Electabuzz|Protect
|move|p1b: Kingambit|Protect|p1b: Kingambit
|-singleturn|p1b: Kingambit|Protect
|move|p2b: Trunkmeister|Grassy Glide|p1a: Electabuzz
|-activate|p1a: Electabuzz|move: Protect
|move|p2a: Heimlich|Heat Wave|p1b: Kingambit|[spread] 
|-activate|p1a: Electabuzz|move: Protect
|-activate|p1b: Kingambit|move: Protect
|
|-heal|p1a: Electabuzz|22/100|[from] Grassy Terrain
|-heal|p2a: Heimlich|22/100|[from] Grassy Terrain
|upkeep
|turn|8
|
|t:|1754851420
|-terastallize|p1b: Kingambit|Dark
|move|p1a: Electabuzz|Follow Me|p1a: Electabuzz
|-singleturn|p1a: Electabuzz|move: Follow Me
|move|p2b: Trunkmeister|Grassy Glide|p1a: Electabuzz
|-damage|p1a: Electabuzz|0 fnt
|faint|p1a: Electabuzz
|move|p1b: Kingambit|Sucker Punch|p2a: Heimlich
|-damage|p2a: Heimlich|0 fnt
|faint|p2a: Heimlich
|
|upkeep
|
|t:|1754851430
|switch|p2a: Bull CRIT!!|Tauros-Paldea-Aqua, L50, M|100/100
|-ability|p2a: Bull CRIT!!|Intimidate|boost
|-unboost|p1b: Kingambit|atk|1
|-ability|p1b: Kingambit|Defiant|boost
|-boost|p1b: Kingambit|atk|2
|turn|9
|
|t:|1754851439
|move|p2a: Bull CRIT!!|Close Combat|p1b: Kingambit
|-supereffective|p1b: Kingambit
|-damage|p1b: Kingambit|20/100
|-unboost|p2a: Bull CRIT!!|def|1
|-unboost|p2a: Bull CRIT!!|spd|1
|move|p2b: Trunkmeister|Wood Hammer|p1b: Kingambit
|-damage|p1b: Kingambit|0 fnt
|faint|p1b: Kingambit
|-damage|p2b: Trunkmeister|94/100|[from] Recoil
|
|win|RustyTacos27
|raw|Frakub's rating: 1191 → 1174(-17 for losing)
|raw|RustyTacos27's rating: 1305 → 1319(+14 for winning)
|c|☆Frakub|gg
