|j|☆tanobaum
|j|☆borntodillydally
|html|tanobaumborntodillydally    
|uhtml|bestof|Game 3 of a best-of-3
|t:|1783248533
|gametype|doubles
|player|p1|tanobaum|juan-gen3|
|player|p2|borntodillydally|n|
|gen|9
|tier|[Gen 9 Champions] VGC 2026 Reg M-B (Bo3)
|rule|Species Clause: Limit one of each Pokémon
|rule|Item Clause: Limit 1 of each item
|clearpoke
|poke|p1|Whimsicott, L50, F|
|poke|p1|Sylveon, L50, M|
|poke|p1|Basculegion, L50, M|
|poke|p1|Kingambit, L50, M|
|poke|p1|Charizard, L50, F|
|poke|p1|Garchomp, L50, F|
|poke|p2|Delphox, L50, M|
|poke|p2|Incineroar, L50, F|
|poke|p2|Sneasler, L50, F|
|poke|p2|Sinistcha, L50|
|poke|p2|Floette-Eternal, L50, F|
|poke|p2|Kingambit, L50, F|
|teampreview|4
|showteam|p1|Whimsicott||FocusSash|Prankster|Moonblast,Tailwind,Encore,Protect|Timid||F|||50|]Sylveon||FairyFeather|Pixilate|HyperVoice,QuickAttack,Detect,HyperBeam|Modest||M|||50|]Basculegion||LifeOrb|Adaptability|WaveCrash,LastRespects,AquaJet,Protect|Adamant||M|||50|]Kingambit||ChopleBerry|Defiant|KowtowCleave,IronHead,SuckerPunch,LowKick|Adamant||M|||50|]Charizard||CharizarditeY|Blaze|HeatWave,WeatherBall,SolarBeam,Protect|Modest||F|||50|]Garchomp||RoseliBerry|RoughSkin|Earthquake,RockSlide,DragonClaw,PoisonJab|Adamant||F|||50|
|showteam|p2|Delphox||Delphoxite|Blaze|HeatWave,Psyshock,NastyPlot,Protect|Timid||M|||50|]Incineroar||SitrusBerry|Intimidate|FakeOut,FlareBlitz,ThroatChop,PartingShot|Impish||F|||50|]Sneasler||FocusSash|PoisonTouch|FakeOut,CloseCombat,PoisonJab,QuickGuard|Jolly||F|||50|]Sinistcha||OccaBerry|Hospitality|MatchaGotcha,TrickRoom,RagePowder,Protect|Bold|||||50|]Floette-Eternal||Floettite|FlowerVeil|Protect,CalmMind,DazzlingGleam,Moonblast|Modest||F|||50|]Kingambit||BlackGlasses|Defiant|KowtowCleave,SwordsDance,SuckerPunch,Protect|Adamant||F|||50|
|inactive|Battle timer is ON: inactive players will automatically lose when time's up. (requested by tanobaum)
|inactive|tanobaum has 60 seconds left.
|inactive|borntodillydally has 60 seconds left.
|inactive|tanobaum has 30 seconds left.
|inactive|tanobaum has 20 seconds left.
|inactive|tanobaum has 15 seconds left.
|inactive|tanobaum has 10 seconds left.
|inactive|borntodillydally has 30 seconds left.
|inactive|tanobaum has 5 seconds left.
|inactive|borntodillydally has 20 seconds left.
|
|t:|1783248636
|teamsize|p1|4
|teamsize|p2|4
|start
|switch|p1a: Charizard|Charizard, L50, F|100/100
|switch|p1b: Basculegion|Basculegion, L50, M|100/100
|switch|p2a: Kingambit|Kingambit, L50, F|100/100
|switch|p2b: Delphox|Delphox, L50, M|100/100
|turn|1
|inactive|tanobaum has 30 seconds left.
|inactive|tanobaum has 20 seconds left.
|
|t:|1783248674
|switch|p1b: Whimsicott|Whimsicott, L50, F|100/100
|switch|p2a: Incineroar|Incineroar, L50, F|100/100
|-ability|p2a: Incineroar|Intimidate|boost
|-unboost|p1a: Charizard|atk|1
|-unboost|p1b: Whimsicott|atk|1
|detailschange|p2b: Delphox|Delphox-Mega, L50, M
|-mega|p2b: Delphox|Delphox|Delphoxite
|detailschange|p1a: Charizard|Charizard-Mega-Y, L50, F
|-mega|p1a: Charizard|Charizard|Charizardite Y
|-weather|SunnyDay|[from] ability: Drought|[of] p1a: Charizard
|move|p2b: Delphox|Nasty Plot|p2b: Delphox
|-boost|p2b: Delphox|spa|2
|move|p1a: Charizard|Weather Ball|p2a: Incineroar
|-resisted|p2a: Incineroar|1
|-damage|p2a: Incineroar|61/100
|
|-weather|SunnyDay|[upkeep]
|upkeep
|turn|2
|inactive|tanobaum has 30 seconds left.
|inactive|tanobaum has 20 seconds left.
|
|t:|1783248711
|switch|p1a: Kingambit|Kingambit, L50, M|100/100
|move|p1b: Whimsicott|Protect|p1b: Whimsicott
|-singleturn|p1b: Whimsicott|Protect
|move|p2a: Incineroar|Fake Out|p1b: Whimsicott
|-activate|p1b: Whimsicott|move: Protect
|move|p2b: Delphox|Heat Wave|p1a: Kingambit|[spread] p1a
|-activate|p1b: Whimsicott|move: Protect
|-supereffective|p1a: Kingambit|1
|-damage|p1a: Kingambit|0 fnt
|faint|p1a: Kingambit
|
|-weather|SunnyDay|[upkeep]
|upkeep
|
|t:|1783248724
|switch|p1a: Basculegion|Basculegion, L50, M|100/100
|turn|3
|
|t:|1783248741
|move|p1b: Whimsicott|Encore|p2b: Delphox
|-start|p2b: Delphox|Encore
|move|p2b: Delphox|Heat Wave|p1a: Basculegion|[spread] p1a,p1b
|-resisted|p1a: Basculegion|1
|-supereffective|p1b: Whimsicott|1
|-damage|p1a: Basculegion|34/100
|-enditem|p1b: Whimsicott|Focus Sash
|-damage|p1b: Whimsicott|1/100
|move|p1a: Basculegion|Wave Crash|p2a: Incineroar
|-supereffective|p2a: Incineroar|1
|-damage|p2a: Incineroar|0 fnt
|faint|p2a: Incineroar
|-damage|p1a: Basculegion|13/100|[from] Recoil
|-damage|p1a: Basculegion|4/100|[from] item: Life Orb
|
|-weather|SunnyDay|[upkeep]
|upkeep
|inactive|borntodillydally has 30 seconds left.
|inactive|borntodillydally has 20 seconds left.
|
|t:|1783248780
|switch|p2a: Sneasler|Sneasler, L50, F|100/100
|turn|4
|
|t:|1783248798
|move|p1b: Whimsicott|Protect|p1b: Whimsicott
|-singleturn|p1b: Whimsicott|Protect
|move|p1a: Basculegion|Protect|p1a: Basculegion
|-singleturn|p1a: Basculegion|Protect
|move|p2a: Sneasler|Fake Out|p1b: Whimsicott
|-activate|p1b: Whimsicott|move: Protect
|move|p2b: Delphox|Heat Wave|p1a: Basculegion|[spread] 
|-activate|p1a: Basculegion|move: Protect
|-activate|p1b: Whimsicott|move: Protect
|
|-weather|SunnyDay|[upkeep]
|upkeep
|turn|5
|inactive|tanobaum has 30 seconds left.
|
|t:|1783248825
|switch|p1a: Charizard|Charizard-Mega-Y, L50, F|100/100
|move|p2a: Sneasler|Quick Guard|p2a: Sneasler
|-singleturn|p2a: Sneasler|Quick Guard
|move|p1b: Whimsicott|Encore|p2a: Sneasler
|-activate|p2a: Sneasler|move: Quick Guard
|move|p2b: Delphox|Heat Wave|p1b: Whimsicott|[spread] p1a,p1b
|-resisted|p1a: Charizard|1
|-supereffective|p1b: Whimsicott|1
|-damage|p1a: Charizard|51/100
|-damage|p1b: Whimsicott|0 fnt
|faint|p1b: Whimsicott
|
|-weather|none
|-end|p2b: Delphox|Encore
|upkeep
|-message|tanobaum forfeited.
|
|win|borntodillydally
|c|☆tanobaum|Thanks for the games!
|l|☆borntodillydally
|player|p2|
