|j|☆gokucooper
|j|☆wingblade33
|html|gokucooperwingblade33    
|uhtml|bestof|Game 1 of a best-of-3
|t:|1783450412
|gametype|doubles
|player|p1|gokucooper|101|1065
|player|p2|wingblade33|2|1178
|gen|9
|tier|[Gen 9 Champions] VGC 2026 Reg M-B (Bo3)
|rated|
|rule|Species Clause: Limit one of each Pokémon
|rule|Item Clause: Limit 1 of each item
|clearpoke
|poke|p1|Scrafty, L50, F|
|poke|p1|Oranguru, L50, F|
|poke|p1|Grimmsnarl, L50, M|
|poke|p1|Torkoal, L50, F|
|poke|p1|Slowking-Galar, L50, M|
|poke|p1|Alcremie-Matcha-Cream, L50, F|
|poke|p2|Staraptor, L50, M|
|poke|p2|Whimsicott, L50, F|
|poke|p2|Garchomp, L50, F|
|poke|p2|Charizard, L50, F|
|poke|p2|Gholdengo, L50|
|poke|p2|Basculegion, L50, M|
|teampreview|4
|showteam|p1|Scrafty||Scraftinite|Intimidate|DrainPunch,KnockOff,FakeOut,RockSlide|Brave||F|||50|]Oranguru||SitrusBerry|InnerFocus|Protect,TrickRoom,Instruct,Encore|Relaxed||F|||50|]Grimmsnarl||LightClay|Prankster|LightScreen,Reflect,SpiritBreak,PartingShot|Brave||M|||50|]Torkoal||Charcoal|Drought|ClearSmog,Eruption,HeatWave,Protect|Quiet||F|||50|]Slowking-Galar||ColburBerry|Regenerator|TrickRoom,EerieSpell,SludgeBomb,SlackOff|Quiet||M|||50|]Alcremie-Matcha-Cream||Leftovers|AromaVeil|PsychUp,Decorate,Protect,DazzlingGleam|Relaxed||F|||50|
|showteam|p2|Staraptor||Staraptite|Intimidate|BraveBird,CloseCombat,Protect,Roost|Jolly||M|||50|]Whimsicott||FocusSash|Prankster|Moonblast,Tailwind,Charm,Encore|Timid||F|||50|]Garchomp||LifeOrb|RoughSkin|Protect,Earthquake,DragonClaw,RockSlide|Jolly||F|||50|]Charizard||CharizarditeY|Blaze|HeatWave,WeatherBall,SolarBeam,Protect|Modest||F|||50|]Gholdengo||Leftovers|GoodasGold|MakeItRain,ShadowBall,NastyPlot,Protect|Modest|||||50|]Basculegion||MysticWater|Adaptability|WaveCrash,AquaJet,LastRespects,Protect|Adamant||M|||50|
|inactive|Battle timer is ON: inactive players will automatically lose when time's up. (requested by gokucooper)
|inactive|wingblade33 has 60 seconds left.
|inactive|gokucooper has 60 seconds left.
|inactive|wingblade33 has 30 seconds left.
|inactive|wingblade33 has 20 seconds left.
|inactive|wingblade33 has 15 seconds left.
|
|t:|1783450489
|teamsize|p1|4
|teamsize|p2|4
|start
|switch|p1a: Oranguru|Oranguru, L50, F|100/100
|switch|p1b: Grimmsnarl|Grimmsnarl, L50, M|100/100
|switch|p2a: Garchomp|Garchomp, L50, F|100/100
|switch|p2b: Charizard|Charizard, L50, F|100/100
|turn|1
|
|t:|1783450511
|detailschange|p2b: Charizard|Charizard-Mega-Y, L50, F
|-mega|p2b: Charizard|Charizard|Charizardite Y
|-weather|SunnyDay|[from] ability: Drought|[of] p2b: Charizard
|move|p1b: Grimmsnarl|Light Screen|p1b: Grimmsnarl
|-sidestart|p1: gokucooper|move: Light Screen
|move|p2a: Garchomp|Earthquake|p1a: Oranguru|[spread] p1a,p1b
|-immune|p2b: Charizard
|-damage|p1a: Oranguru|61/100
|-damage|p1b: Grimmsnarl|40/100
|-damage|p2a: Garchomp|90/100|[from] item: Life Orb
|move|p2b: Charizard|Weather Ball|p1a: Oranguru
|-damage|p1a: Oranguru|8/100
|-enditem|p1a: Oranguru|Sitrus Berry|[eat]
|-heal|p1a: Oranguru|32/100|[from] item: Sitrus Berry
|move|p1a: Oranguru|Trick Room|p1a: Oranguru
|-fieldstart|move: Trick Room|[of] p1a: Oranguru
|
|-weather|SunnyDay|[upkeep]
|upkeep
|turn|2
|inactive|wingblade33 has 30 seconds left.
|inactive|gokucooper has 30 seconds left.
|inactive|wingblade33 has 20 seconds left.
|
|t:|1783450549
|move|p1b: Grimmsnarl|Spirit Break|p2a: Garchomp
|-supereffective|p2a: Garchomp|1
|-damage|p2a: Garchomp|12/100
|-unboost|p2a: Garchomp|spa|1
|-damage|p1b: Grimmsnarl|28/100|[from] ability: Rough Skin|[of] p2a: Garchomp
|move|p1a: Oranguru|Instruct|p1b: Grimmsnarl
|-singleturn|p1b: Grimmsnarl|move: Instruct|[of] p1a: Oranguru
|move|p1b: Grimmsnarl|Spirit Break|p2a: Garchomp
|-supereffective|p2a: Garchomp|1
|-damage|p2a: Garchomp|0 fnt
|-damage|p1b: Grimmsnarl|15/100|[from] ability: Rough Skin|[of] p2a: Garchomp
|faint|p2a: Garchomp
|move|p2b: Charizard|Weather Ball|p1a: Oranguru
|-damage|p1a: Oranguru|0 fnt
|faint|p1a: Oranguru
|
|-weather|SunnyDay|[upkeep]
|upkeep
|
|t:|1783450573
|switch|p1a: Torkoal|Torkoal, L50, F|100/100
|switch|p2a: Basculegion|Basculegion, L50, M|100/100
|turn|3
|
|t:|1783450583
|move|p1b: Grimmsnarl|Parting Shot|p2a: Basculegion
|-unboost|p2a: Basculegion|atk|1
|-unboost|p2a: Basculegion|spa|1
|
|t:|1783450585
|switch|p1b: Scrafty|Scrafty, L50, F|100/100|[from] Parting Shot
|-ability|p1b: Scrafty|Intimidate|boost
|-unboost|p2a: Basculegion|atk|1
|-unboost|p2b: Charizard|atk|1
|move|p2a: Basculegion|Aqua Jet|p1a: Torkoal
|-supereffective|p1a: Torkoal|1
|-damage|p1a: Torkoal|88/100
|move|p1a: Torkoal|Eruption|p2b: Charizard|[spread] p2a,p2b
|-resisted|p2a: Basculegion|1
|-resisted|p2b: Charizard|1
|-damage|p2a: Basculegion|57/100
|-damage|p2b: Charizard|59/100
|move|p2b: Charizard|Heat Wave|p1a: Torkoal|[spread] p1a,p1b
|-resisted|p1a: Torkoal|1
|-damage|p1a: Torkoal|56/100
|-damage|p1b: Scrafty|54/100
|
|-weather|SunnyDay|[upkeep]
|upkeep
|turn|4
|inactive|wingblade33 has 30 seconds left.
|
|t:|1783450612
|detailschange|p1b: Scrafty|Scrafty-Mega, L50, F
|-mega|p1b: Scrafty|Scrafty|Scraftinite
|-ability|p1b: Scrafty|Intimidate|boost
|-unboost|p2a: Basculegion|atk|1
|-unboost|p2b: Charizard|atk|1
|move|p2a: Basculegion|Protect|p2a: Basculegion
|-singleturn|p2a: Basculegion|Protect
|move|p2b: Charizard|Protect|p2b: Charizard
|-singleturn|p2b: Charizard|Protect
|move|p1a: Torkoal|Heat Wave|p2b: Charizard|[spread] 
|-activate|p2a: Basculegion|move: Protect
|-activate|p2b: Charizard|move: Protect
|move|p1b: Scrafty|Rock Slide|p2b: Charizard|[spread] 
|-activate|p2a: Basculegion|move: Protect
|-activate|p2b: Charizard|move: Protect
|
|-weather|SunnyDay|[upkeep]
|upkeep
|turn|5
|inactive|wingblade33 has 30 seconds left.
|inactive|wingblade33 has 20 seconds left.
|inactive|wingblade33 has 15 seconds left.
|inactive|wingblade33 has 10 seconds left.
|inactive|wingblade33 has 5 seconds left.
|
|t:|1783450663
|switch|p2a: Gholdengo|Gholdengo, L50|100/100
|move|p2b: Charizard|Protect||[still]
|-fail|p2b: Charizard
|move|p1a: Torkoal|Eruption|p2a: Gholdengo|[spread] p2a,p2b
|-supereffective|p2a: Gholdengo|1
|-resisted|p2b: Charizard|1
|-damage|p2a: Gholdengo|6/100
|-damage|p2b: Charizard|36/100
|move|p1b: Scrafty|Rock Slide|p2b: Charizard|[spread] p2a
|-miss|p1b: Scrafty|p2b: Charizard
|-resisted|p2a: Gholdengo|1
|-damage|p2a: Gholdengo|0 fnt
|faint|p2a: Gholdengo
|
|-weather|none
|-fieldend|move: Trick Room
|upkeep
|
|t:|1783450678
|switch|p2a: Basculegion|Basculegion, L50, M|57/100
|turn|6
|inactive|wingblade33 has 30 seconds left.
|
|t:|1783450704
|switch|p1a: Grimmsnarl|Grimmsnarl, L50, M|15/100
|move|p2b: Charizard|Heat Wave|p1a: Grimmsnarl|[spread] p1a,p1b
|-damage|p1a: Grimmsnarl|0 fnt
|-damage|p1b: Scrafty|28/100
|faint|p1a: Grimmsnarl
|move|p2a: Basculegion|Wave Crash|p1b: Scrafty
|-crit|p1b: Scrafty
|-damage|p1b: Scrafty|0 fnt
|faint|p1b: Scrafty
|-damage|p2a: Basculegion|50/100g|[from] Recoil
|
|upkeep
|
|t:|1783450712
|switch|p1a: Torkoal|Torkoal, L50, F|56/100
|-weather|SunnyDay|[from] ability: Drought|[of] p1a: Torkoal
|turn|7
|
|t:|1783450721
|move|p2b: Charizard|Weather Ball|p1a: Torkoal
|-resisted|p1a: Torkoal|1
|-damage|p1a: Torkoal|15/100
|move|p2a: Basculegion|Wave Crash|p1a: Torkoal
|-supereffective|p1a: Torkoal|1
|-damage|p1a: Torkoal|0 fnt
|faint|p1a: Torkoal
|-damage|p2a: Basculegion|46/100|[from] Recoil
|
|win|wingblade33
||gokucooper is ready for game 2.
|l|☆gokucooper
|player|p1|
||wingblade33 is ready for game 2.
|uhtml|next|Next: Game 2 of 3
