|j|☆ItsOatmeal
|j|☆KorrinaOps5
|html|ItsOatmealKorrinaOps5    
|uhtml|bestof|Game 3 of a best-of-3
|t:|1757634373
|gametype|doubles
|player|p1|ItsOatmeal|skier|1090
|player|p2|KorrinaOps5|265|1000
|gen|9
|tier|[Gen 9] VGC 2025 Reg H (Bo3)
|rated|
|rule|Species Clause: Limit one of each Pokémon
|rule|Item Clause: Limit 1 of each item
|clearpoke
|poke|p1|Dragonite, L50, M|
|poke|p1|Electabuzz, L50, F|
|poke|p1|Incineroar, L50, M|
|poke|p1|Kingambit, L50, M|
|poke|p1|Sneasler, L50, M|
|poke|p1|Gholdengo, L50|
|poke|p2|Pelipper, L50, M|
|poke|p2|Archaludon, L50, F|
|poke|p2|Incineroar, L50, F|
|poke|p2|Dragonite, L50, F|
|poke|p2|Ursaluna, L50, F|
|poke|p2|Sinistcha, L50|
|teampreview|4
|showteam|p1|Dragonite||LoadedDice|Multiscale|ScaleShot,Haze,Tailwind,Protect|||M|||50|,,,,,Fairy]Electabuzz||Eviolite|VitalSpirit|Electroweb,Taunt,FollowMe,Protect|||F|||50|,,,,,Poison]Incineroar||AssaultVest|Intimidate|FakeOut,FlareBlitz,KnockOff,Uturn|||M|||50|,,,,,Ghost]Kingambit||DreadPlate|Defiant|SuckerPunch,KowtowCleave,SwordsDance,Protect|||M|||50|,,,,,Dark]Sneasler||FocusSash|PoisonTouch|DireClaw,CloseCombat,Coaching,Protect|||M|||50|,,,,,Ghost]Gholdengo||Leftovers|GoodasGold|MakeItRain,ShadowBall,NastyPlot,Protect||||||50|,,,,,Water
|showteam|p2|Pelipper||FocusSash|Drizzle|MuddyWater,Hurricane,WideGuard,Tailwind|||M|||50|,,,,,Ghost]Archaludon||AssaultVest|Stamina|ElectroShot,DracoMeteor,BodyPress,FlashCannon|||F|||50|,,,,,Bug]Incineroar||SafetyGoggles|Intimidate|KnockOff,FakeOut,Taunt,PartingShot|||F|||50|,,,,,Flying]Dragonite||LoadedDice|Multiscale|ScaleShot,Tailwind,Haze,Protect|||F|||50|,,,,,Steel]Ursaluna||FlameOrb|Guts|Facade,Earthquake,HeadlongRush,Protect|||F|||50|,,,,,Ghost]Sinistcha||SitrusBerry|Hospitality|MatchaGotcha,ShadowBall,RagePowder,TrickRoom||||||50|,,,,,Dark
|
|t:|1757634385
|teamsize|p1|4
|teamsize|p2|4
|start
|switch|p1a: Kingambit|Kingambit, L50, M, shiny|100/100
|switch|p1b: Electabuzz|Electabuzz, L50, F, shiny|100/100
|switch|p2a: Dragonite|Dragonite, L50, F, shiny|100/100
|switch|p2b: Archaludon|Archaludon, L50, F, shiny|100/100
|turn|1
|
|t:|1757634416
|switch|p2b: Ursaluna|Ursaluna, L50, F, shiny|100/100
|-terastallize|p1b: Electabuzz|Poison
|move|p1b: Electabuzz|Follow Me|p1b: Electabuzz
|-singleturn|p1b: Electabuzz|move: Follow Me
|move|p2a: Dragonite|Tailwind|p2a: Dragonite
|-sidestart|p2: KorrinaOps5|move: Tailwind
|move|p1a: Kingambit|Kowtow Cleave|p2b: Ursaluna
|-damage|p2b: Ursaluna|50/100
|
|-status|p2b: Ursaluna|brn|[from] item: Flame Orb
|upkeep
|turn|2
|
|t:|1757634450
|switch|p2a: Sinistcha|Sinistcha, L50, shiny|100/100
|-heal|p2b: Ursaluna|75/100 brn|[from] ability: Hospitality|[of] p2a: Sinistcha
|move|p2b: Ursaluna|Protect|p2b: Ursaluna
|-singleturn|p2b: Ursaluna|Protect
|move|p1b: Electabuzz|Follow Me|p1b: Electabuzz
|-singleturn|p1b: Electabuzz|move: Follow Me
|move|p1a: Kingambit|Kowtow Cleave|p2b: Ursaluna
|-activate|p2b: Ursaluna|move: Protect
|
|-damage|p2b: Ursaluna|69/100 brn|[from] brn
|upkeep
|turn|3
|
|t:|1757634472
|-terastallize|p2a: Sinistcha|Dark
|move|p1b: Electabuzz|Protect|p1b: Electabuzz
|-singleturn|p1b: Electabuzz|Protect
|move|p1a: Kingambit|Protect|p1a: Kingambit
|-singleturn|p1a: Kingambit|Protect
|move|p2a: Sinistcha|Rage Powder|p2a: Sinistcha
|-singleturn|p2a: Sinistcha|move: Rage Powder
|move|p2b: Ursaluna|Earthquake|p1a: Kingambit|[spread] p2a
|-activate|p1a: Kingambit|move: Protect
|-activate|p1b: Electabuzz|move: Protect
|-damage|p2a: Sinistcha|47/100
|-enditem|p2a: Sinistcha|Sitrus Berry|[eat]
|-heal|p2a: Sinistcha|71/100|[from] item: Sitrus Berry
|
|-damage|p2b: Ursaluna|63/100 brn|[from] brn
|upkeep
|turn|4
|
|t:|1757634494
|switch|p1b: Sneasler|Sneasler, L50, M, shiny|100/100
|move|p2a: Sinistcha|Rage Powder|p2a: Sinistcha
|-singleturn|p2a: Sinistcha|move: Rage Powder
|move|p2b: Ursaluna|Earthquake|p1a: Kingambit|[spread] p2a,p1a,p1b
|-supereffective|p1a: Kingambit
|-supereffective|p1b: Sneasler
|-damage|p2a: Sinistcha|14/100
|-damage|p1a: Kingambit|7/100
|-enditem|p1b: Sneasler|Focus Sash
|-damage|p1b: Sneasler|1/100
|move|p1a: Kingambit|Swords Dance|p1a: Kingambit
|-boost|p1a: Kingambit|atk|2
|
|-damage|p2b: Ursaluna|57/100 brn|[from] brn
|-sideend|p2: KorrinaOps5|move: Tailwind
|upkeep
|turn|5
|
|t:|1757634537
|move|p1a: Kingambit|Protect|p1a: Kingambit
|-singleturn|p1a: Kingambit|Protect
|move|p2a: Sinistcha|Rage Powder|p2a: Sinistcha
|-singleturn|p2a: Sinistcha|move: Rage Powder
|move|p1b: Sneasler|Close Combat|p2a: Sinistcha
|-supereffective|p2a: Sinistcha
|-damage|p2a: Sinistcha|0 fnt
|-unboost|p1b: Sneasler|def|1
|-unboost|p1b: Sneasler|spd|1
|faint|p2a: Sinistcha
|move|p2b: Ursaluna|Earthquake|p1a: Kingambit|[spread] p1b
|-activate|p1a: Kingambit|move: Protect
|-supereffective|p1b: Sneasler
|-damage|p1b: Sneasler|0 fnt
|faint|p1b: Sneasler
|
|-damage|p2b: Ursaluna|52/100 brn|[from] brn
|upkeep
|
|t:|1757634557
|switch|p1b: Gholdengo|Gholdengo, L50, shiny|100/100
|switch|p2a: Dragonite|Dragonite, L50, F, shiny|100/100
|turn|6
|
|t:|1757634570
|move|p1b: Gholdengo|Make It Rain|p2b: Ursaluna|[spread] p2a,p2b
|-damage|p2a: Dragonite|79/100
|-damage|p2b: Ursaluna|14/100 brn
|-unboost|p1b: Gholdengo|spa|1
|move|p2a: Dragonite|Tailwind|p2a: Dragonite
|-sidestart|p2: KorrinaOps5|move: Tailwind
|move|p2b: Ursaluna|Earthquake|p1a: Kingambit|[spread] p1a,p1b
|-immune|p2a: Dragonite
|-supereffective|p1a: Kingambit
|-supereffective|p1b: Gholdengo
|-damage|p1a: Kingambit|0 fnt
|-damage|p1b: Gholdengo|0 fnt
|faint|p1a: Kingambit
|faint|p1b: Gholdengo
|
|-damage|p2b: Ursaluna|8/100 brn|[from] brn
|upkeep
|-message|ItsOatmeal forfeited.
|
|win|KorrinaOps5
|raw|ItsOatmeal's rating: 1090 → 1061(-29 for losing)
|raw|KorrinaOps5's rating: 1000 → 1050(+50 for winning)
|l|☆ItsOatmeal
|player|p1|
