|j|☆A15003606
|j|☆asefito
|html|A15003606asefito    
|uhtml|bestof|Game 2 of a best-of-3
|t:|1783451186
|gametype|doubles
|player|p1|A15003606|ethan|1120
|player|p2|asefito|169|1051
|gen|9
|tier|[Gen 9 Champions] VGC 2026 Reg M-B (Bo3)
|rated|
|rule|Species Clause: Limit one of each Pokémon
|rule|Item Clause: Limit 1 of each item
|clearpoke
|poke|p1|Swampert, L50, M|
|poke|p1|Archaludon, L50, M|
|poke|p1|Grimmsnarl, L50, M|
|poke|p1|Sinistcha, L50|
|poke|p1|Gengar, L50, F, shiny|
|poke|p1|Politoed, L50, F, shiny|
|poke|p2|Incineroar, L50, M|
|poke|p2|Basculegion, L50, M|
|poke|p2|Tinkaton, L50, F|
|poke|p2|Floette-Eternal, L50, F|
|poke|p2|Kingambit, L50, F|
|poke|p2|Sneasler, L50, M|
|teampreview|4
|showteam|p1|Swampert||Swampertite|Damp|Waterfall,Earthquake,IcePunch,Protect|Jolly||M|||50|]Archaludon||Leftovers|Stamina|FlashCannon,DragonPulse,ElectroShot,Protect|Modest||M|||50|]Grimmsnarl||LightClay|Prankster|SpiritBreak,Reflect,LightScreen,PartingShot|Careful||M|||50|]Sinistcha||ColburBerry|Hospitality|MatchaGotcha,RagePowder,TrickRoom,LifeDew|Bold|||||50|]Gengar||Gengarite|CursedBody|PerishSong,ShadowBall,Disable,Protect|Timid||F|||50|]Politoed||SitrusBerry|Drizzle|WeatherBall,IceBeam,PerishSong,Protect|Calm||F|||50|
|showteam|p2|Incineroar||SitrusBerry|Intimidate|FlareBlitz,DarkestLariat,PartingShot,FakeOut|Careful||M|||50|]Basculegion||ChoiceScarf|Adaptability|WaveCrash,LastRespects,FlipTurn,AquaJet|Jolly||M|||50|]Tinkaton||Leftovers|MoldBreaker|GigatonHammer,PlayRough,BrickBreak,FakeOut|Adamant||F|||50|]Floette-Eternal||Floettite|FlowerVeil|Moonblast,DazzlingGleam,CalmMind,Protect|Modest||F|||50|]Kingambit||LifeOrb|Defiant|KowtowCleave,SuckerPunch,SwordsDance,Protect|Adamant||F|||50|]Sneasler||FocusSash|PoisonTouch|CloseCombat,DireClaw,Feint,FakeOut|Jolly||M|||50|
|inactive|Battle timer is ON: inactive players will automatically lose when time's up. (requested by asefito)
|inactive|A15003606 also wants the timer to be on.
|inactive|asefito has 60 seconds left.
|
|t:|1783451235
|teamsize|p1|4
|teamsize|p2|4
|start
|switch|p1a: Gengar|Gengar, L50, F, shiny|100/100
|switch|p1b: Grimmsnarl|Grimmsnarl, L50, M|100/100
|switch|p2a: Incineroar|Incineroar, L50, M|100/100
|switch|p2b: Floette|Floette-Eternal, L50, F|100/100
|-ability|p2a: Incineroar|Intimidate|boost
|-unboost|p1a: Gengar|atk|1
|-unboost|p1b: Grimmsnarl|atk|1
|turn|1
|inactive|A15003606 has 30 seconds left.
|
|t:|1783451266
|switch|p2b: Tinkaton|Tinkaton, L50, F|100/100
|-ability|p2b: Tinkaton|Mold Breaker
|detailschange|p1a: Gengar|Gengar-Mega, L50, F, shiny
|-mega|p1a: Gengar|Gengar|Gengarite
|move|p1a: Gengar|Protect|p1a: Gengar
|-singleturn|p1a: Gengar|Protect
|move|p2a: Incineroar|Fake Out|p1b: Grimmsnarl
|-damage|p1b: Grimmsnarl|88/100
|cant|p1b: Grimmsnarl|flinch
|
|upkeep
|turn|2
|
|t:|1783451287
|switch|p1a: Politoed|Politoed, L50, F, shiny|100/100
|-weather|RainDance|[from] ability: Drizzle|[of] p1a: Politoed
|move|p2b: Tinkaton|Fake Out|p1b: Grimmsnarl
|-damage|p1b: Grimmsnarl|77/100
|cant|p1b: Grimmsnarl|flinch
|move|p2a: Incineroar|Darkest Lariat|p1a: Politoed
|-damage|p1a: Politoed|68/100
|
|-weather|RainDance|[upkeep]
|upkeep
|turn|3
|
|t:|1783451301
|switch|p2a: Basculegion|Basculegion, L50, M|100/100
|move|p1b: Grimmsnarl|Reflect|p1b: Grimmsnarl
|-sidestart|p1: A15003606|Reflect
|move|p2b: Tinkaton|Gigaton Hammer|p1b: Grimmsnarl
|-supereffective|p1b: Grimmsnarl|1
|-damage|p1b: Grimmsnarl|0 fnt
|faint|p1b: Grimmsnarl
|move|p1a: Politoed|Weather Ball|p2a: Basculegion
|-resisted|p2a: Basculegion|1
|-damage|p2a: Basculegion|64/100
|
|-weather|RainDance|[upkeep]
|upkeep
|
|t:|1783451312
|switch|p1b: Sinistcha|Sinistcha, L50|100/100
|-heal|p1a: Politoed|93/100|[from] ability: Hospitality|[of] p1b: Sinistcha
|turn|4
|
|t:|1783451333
|switch|p2b: Floette|Floette-Eternal, L50, F|100/100
|move|p2a: Basculegion|Flip Turn|p1a: Politoed
|-resisted|p1a: Politoed|1
|-damage|p1a: Politoed|72/100
|
|t:|1783451340
|switch|p2a: Incineroar|Incineroar, L50, M|100/100|[from] Flip Turn
|-ability|p2a: Incineroar|Intimidate|boost
|-unboost|p1a: Politoed|atk|1
|-unboost|p1b: Sinistcha|atk|1
|move|p1b: Sinistcha|Matcha Gotcha|p2b: Floette|[spread] p2a,p2b
|-resisted|p2a: Incineroar|1
|-damage|p2a: Incineroar|91/100
|-damage|p2b: Floette|80/100
|move|p1a: Politoed|Weather Ball|p2b: Floette
|-damage|p2b: Floette|34/100
|
|-weather|RainDance|[upkeep]
|upkeep
|turn|5
|
|t:|1783451360
|detailschange|p2b: Floette|Floette-Mega, L50, F
|-mega|p2b: Floette|Floette|Floettite
|-ability|p2b: Floette|Fairy Aura
|move|p1a: Politoed|Protect|p1a: Politoed
|-singleturn|p1a: Politoed|Protect
|move|p2a: Incineroar|Fake Out|p1a: Politoed
|-activate|p1a: Politoed|move: Protect
|move|p2b: Floette|Moonblast|p1b: Sinistcha
|-damage|p1b: Sinistcha|21/100
|move|p1b: Sinistcha|Trick Room|p1b: Sinistcha
|-fieldstart|move: Trick Room|[of] p1b: Sinistcha
|
|-weather|RainDance|[upkeep]
|upkeep
|turn|6
|
|t:|1783451381
|switch|p2b: Tinkaton|Tinkaton, L50, F|100/100
|-ability|p2b: Tinkaton|Mold Breaker
|move|p2a: Incineroar|Darkest Lariat|p1b: Sinistcha
|-supereffective|p1b: Sinistcha|1
|-enditem|p1b: Sinistcha|Colbur Berry|[eat]
|-enditem|p1b: Sinistcha|Colbur Berry|[weaken]
|-damage|p1b: Sinistcha|5/100
|move|p1b: Sinistcha|Matcha Gotcha|p2b: Tinkaton|[spread] p2b
|-miss|p1b: Sinistcha|p2a: Incineroar
|-resisted|p2b: Tinkaton|1
|-damage|p2b: Tinkaton|89/100
|-heal|p1b: Sinistcha|11/100|[from] drain|[of] p2b: Tinkaton
|move|p1a: Politoed|Weather Ball|p2a: Incineroar
|-supereffective|p2a: Incineroar|1
|-damage|p2a: Incineroar|1/100
|-enditem|p2a: Incineroar|Sitrus Berry|[eat]
|-heal|p2a: Incineroar|26/100|[from] item: Sitrus Berry
|
|-weather|none
|-heal|p2b: Tinkaton|95/100|[from] item: Leftovers
|upkeep
|turn|7
|inactive|A15003606 has 30 seconds left.
|inactive|asefito has 30 seconds left.
|inactive|A15003606 has 20 seconds left.
|inactive|A15003606 has 15 seconds left.
|
|t:|1783451423
|move|p1a: Politoed|Protect|p1a: Politoed
|-singleturn|p1a: Politoed|Protect
|move|p2b: Tinkaton|Fake Out|p1a: Politoed
|-activate|p1a: Politoed|move: Protect
|move|p2a: Incineroar|Darkest Lariat|p1b: Sinistcha
|-supereffective|p1b: Sinistcha|1
|-crit|p1b: Sinistcha
|-damage|p1b: Sinistcha|0 fnt
|faint|p1b: Sinistcha
|
|-heal|p2b: Tinkaton|100/100|[from] item: Leftovers
|upkeep
|
|t:|1783451430
|switch|p1b: Gengar|Gengar-Mega, L50, F, shiny|100/100
|turn|8
|
|t:|1783451441
|move|p1b: Gengar|Protect|p1b: Gengar
|-singleturn|p1b: Gengar|Protect
|move|p2a: Incineroar|Parting Shot|p1b: Gengar
|-activate|p1b: Gengar|move: Protect
|move|p1a: Politoed|Perish Song|p1a: Politoed
|-start|p1a: Politoed|perish3|[silent]
|-start|p1b: Gengar|perish3|[silent]
|-start|p2a: Incineroar|perish3|[silent]
|-start|p2b: Tinkaton|perish3|[silent]
|-fieldactivate|move: Perish Song
|move|p2b: Tinkaton|Brick Break|p1a: Politoed
|-sideend|p1: A15003606|Reflect
|-damage|p1a: Politoed|50/100g
|
|-start|p2a: Incineroar|perish3
|-start|p1a: Politoed|perish3
|-start|p2b: Tinkaton|perish3
|-start|p1b: Gengar|perish3
|upkeep
|turn|9
|-message|A15003606 forfeited.
|raw|A15003606's rating: 1120 → 1090(-30 for losing)
|raw|asefito's rating: 1051 → 1090(+39 for winning)
|
|win|asefito
|c|☆asefito|gg
