|j|☆MiamiButcher
|j|☆iloveships
|html|MiamiButcheriloveships    
|uhtml|bestof|Game 1 of a best-of-3
|t:|1785427265
|gametype|doubles
|player|p1|MiamiButcher|giovanni|1049
|player|p2|iloveships|emmet|1150
|gen|9
|tier|[Gen 9 Champions] VGC 2026 Reg M-B (Bo3)
|rated|
|rule|Species Clause: Limit one of each Pokémon
|rule|Item Clause: Limit 1 of each item
|clearpoke
|poke|p1|Garchomp, L50, M|
|poke|p1|Corviknight, L50, F|
|poke|p1|Tyranitar, L50, M|
|poke|p1|Ceruledge, L50, M|
|poke|p1|Milotic, L50, M|
|poke|p1|Sinistcha-Masterpiece, L50|
|poke|p2|Talonflame, L50, M|
|poke|p2|Raichu, L50, M|
|poke|p2|Maushold, L50|
|poke|p2|Garchomp, L50, F|
|poke|p2|Floette-Eternal, L50, F|
|poke|p2|Kingambit, L50, M|
|teampreview|4
|showteam|p1|Garchomp||Garchompite|SandVeil|DracoMeteor,PowerGem,Protect,EarthPower|Modest||M|||50|]Corviknight||LifeOrb|MirrorArmor|Protect,Tailwind,IronHead,BraveBird|Impish||F|||50|]Tyranitar||ChoiceScarf|SandStream|KnockOff,RockSlide,LowKick,IcePunch|Jolly||M|||50|]Ceruledge||ColburBerry|FlashFire|BulkUp,BitterBlade,ShadowSneak,Protect|Adamant||M|||50|]Milotic||SitrusBerry|MarvelScale|Scald,IcyWind,Haze,Protect|Bold||M|||50|]Sinistcha-Masterpiece||KasibBerry|Hospitality|TrickRoom,RagePowder,MatchaGotcha,Protect|Bold|||||50|
|showteam|p2|Talonflame||SharpBeak|GaleWings|Tailwind,QuickGuard,Overheat,Taunt|Jolly||M|||50|]Raichu||RaichuniteY|LightningRod|FakeOut,Protect,ZapCannon,FocusBlast|Serious||M|||50|]Maushold||WideLens|Technician|FollowMe,Protect,PopulationBomb,Encore|Serious|||||50|]Garchomp||LifeOrb|RoughSkin|DragonClaw,RockSlide,Earthquake,Protect|Jolly||F|||50|]Floette-Eternal||Floettite|FlowerVeil|Protect,DazzlingGleam,Moonblast,LightofRuin|Modest||F|||50|]Kingambit||FocusSash|Defiant|SuckerPunch,KowtowCleave,IronHead,Protect|Adamant||M|||50|
|inactive|Battle timer is ON: inactive players will automatically lose when time's up. (requested by iloveships)
|inactive|MiamiButcher also wants the timer to be on.
|inactive|iloveships has 60 seconds left.
|
|t:|1785427306
|teamsize|p1|4
|teamsize|p2|4
|start
|switch|p1a: Garchomp|Garchomp, L50, M|100/100
|switch|p1b: Tyranitar|Tyranitar, L50, M|100/100
|switch|p2a: Raichu|Raichu, L50, M|100/100
|switch|p2b: Garchomp|Garchomp, L50, F|100/100
|-weather|Sandstorm|[from] ability: Sand Stream|[of] p1b: Tyranitar
|turn|1
|inactive|MiamiButcher has 30 seconds left.
|inactive|iloveships has 30 seconds left.
|
|t:|1785427337
|switch|p1b: Sinistcha|Sinistcha-Masterpiece, L50|100/100
|detailschange|p2a: Raichu|Raichu-Mega-Y, L50, M
|-mega|p2a: Raichu|Raichu|Raichunite Y
|detailschange|p1a: Garchomp|Garchomp-Mega, L50, M
|-mega|p1a: Garchomp|Garchomp|Garchompite
|move|p2b: Garchomp|Protect|p2b: Garchomp
|-singleturn|p2b: Garchomp|Protect
|move|p1a: Garchomp|Protect|p1a: Garchomp
|-singleturn|p1a: Garchomp|Protect
|move|p2a: Raichu|Focus Blast|p1b: Sinistcha
|-immune|p1b: Sinistcha
|
|-weather|Sandstorm|[upkeep]
|-damage|p2a: Raichu|93/100|[from] Sandstorm
|-damage|p1b: Sinistcha|93/100|[from] Sandstorm
|upkeep
|turn|2
|inactive|iloveships has 30 seconds left.
|
|t:|1785427371
|switch|p2a: Kingambit|Kingambit, L50, M|100/100
|move|p2b: Garchomp|Dragon Claw|p1a: Garchomp
|-supereffective|p1a: Garchomp|1
|-damage|p1a: Garchomp|25/100
|-damage|p2b: Garchomp|90/100|[from] item: Life Orb
|move|p1a: Garchomp|Draco Meteor|p2b: Garchomp
|-supereffective|p2b: Garchomp|1
|-crit|p2b: Garchomp
|-damage|p2b: Garchomp|0 fnt
|-unboost|p1a: Garchomp|spa|2
|faint|p2b: Garchomp
|move|p1b: Sinistcha|Matcha Gotcha|p2a: Kingambit
|-resisted|p2a: Kingambit|1
|-damage|p2a: Kingambit|83/100
|-heal|p1b: Sinistcha|100/100|[from] drain|[of] p2a: Kingambit
|
|-weather|Sandstorm|[upkeep]
|-damage|p1b: Sinistcha|93/100|[from] Sandstorm
|upkeep
|c|☆MiamiButcher|DAYUM
|
|t:|1785427394
|switch|p2b: Raichu|Raichu-Mega-Y, L50, M|93/100
|turn|3
|
|t:|1785427402
|switch|p1a: Corviknight|Corviknight, L50, F|100/100
|move|p1b: Sinistcha|Protect|p1b: Sinistcha
|-singleturn|p1b: Sinistcha|Protect
|move|p2b: Raichu|Fake Out|p1a: Corviknight
|-resisted|p1a: Corviknight|1
|-damage|p1a: Corviknight|96/100
|move|p2a: Kingambit|Kowtow Cleave|p1b: Sinistcha
|-activate|p1b: Sinistcha|move: Protect
|
|-weather|Sandstorm|[upkeep]
|-damage|p2b: Raichu|87/100|[from] Sandstorm
|-damage|p1b: Sinistcha|87/100|[from] Sandstorm
|upkeep
|turn|4
|inactive|iloveships has 30 seconds left.
|
|t:|1785427436
|switch|p2a: Talonflame|Talonflame, L50, M|100/100
|move|p1b: Sinistcha|Rage Powder|p1b: Sinistcha
|-singleturn|p1b: Sinistcha|move: Rage Powder
|move|p2b: Raichu|Zap Cannon|p1b: Sinistcha
|-resisted|p1b: Sinistcha|1
|-damage|p1b: Sinistcha|59/100
|-status|p1b: Sinistcha|par
|move|p1a: Corviknight|Tailwind|p1a: Corviknight
|-sidestart|p1: MiamiButcher|move: Tailwind
|
|-weather|Sandstorm|[upkeep]
|-damage|p2a: Talonflame|94/100|[from] Sandstorm
|-damage|p2b: Raichu|81/100|[from] Sandstorm
|-damage|p1b: Sinistcha|53/100 par|[from] Sandstorm
|upkeep
|turn|5
|inactive|iloveships has 30 seconds left.
|
|t:|1785427468
|move|p1a: Corviknight|Brave Bird|p2a: Talonflame
|-damage|p2a: Talonflame|34/100
|-damage|p1a: Corviknight|78/100|[from] Recoil
|-damage|p1a: Corviknight|68/100|[from] item: Life Orb
|move|p2a: Talonflame|Tailwind|p2a: Talonflame
|-sidestart|p2: iloveships|move: Tailwind
|move|p2b: Raichu|Focus Blast|p1a: Corviknight
|-damage|p1a: Corviknight|13/100
|move|p1b: Sinistcha|Matcha Gotcha|p2a: Talonflame|[spread] p2a,p2b
|-resisted|p2a: Talonflame|2
|-damage|p2a: Talonflame|25/100
|-heal|p1b: Sinistcha|57/100 par|[from] drain|[of] p2a: Talonflame
|-damage|p2b: Raichu|51/100
|-heal|p1b: Sinistcha|71/100 par|[from] drain|[of] p2b: Raichu
|
|-weather|none
|upkeep
|turn|6
|inactive|iloveships has 30 seconds left.
|
|t:|1785427501
|move|p1b: Sinistcha|Rage Powder|p1b: Sinistcha
|-singleturn|p1b: Sinistcha|move: Rage Powder
|move|p2a: Talonflame|Overheat|p1b: Sinistcha
|-supereffective|p1b: Sinistcha|1
|-damage|p1b: Sinistcha|0 fnt
|-unboost|p2a: Talonflame|spa|2
|faint|p1b: Sinistcha
|move|p2b: Raichu|Zap Cannon|p1a: Corviknight
|-supereffective|p1a: Corviknight|1
|-damage|p1a: Corviknight|0 fnt
|faint|p1a: Corviknight
|
|upkeep
|
|t:|1785427509
|switch|p1a: Garchomp|Garchomp-Mega, L50, M|25/100
|switch|p1b: Tyranitar|Tyranitar, L50, M|100/100
|-weather|Sandstorm|[from] ability: Sand Stream|[of] p1b: Tyranitar
|turn|7
|inactive|iloveships has 30 seconds left.
|inactive|iloveships has 20 seconds left.
|inactive|iloveships has 15 seconds left.
|
|t:|1785427550
|switch|p2a: Kingambit|Kingambit, L50, M|83/100
|move|p1b: Tyranitar|Low Kick|p2b: Raichu
|-damage|p2b: Raichu|19/100
|move|p2b: Raichu|Focus Blast|p1b: Tyranitar
|-supereffective|p1b: Tyranitar|2
|-damage|p1b: Tyranitar|0 fnt
|faint|p1b: Tyranitar
|move|p1a: Garchomp|Power Gem|p2a: Kingambit
|-resisted|p2a: Kingambit|1
|-damage|p2a: Kingambit|66/100
|
|-weather|Sandstorm|[upkeep]
|-damage|p2b: Raichu|13/100|[from] Sandstorm
|-sideend|p1: MiamiButcher|move: Tailwind
|upkeep
|turn|8
|
|t:|1785427572
|move|p1a: Garchomp|Protect|p1a: Garchomp
|-singleturn|p1a: Garchomp|Protect
|move|p2a: Kingambit|Sucker Punch||[still]
|-fail|p2a: Kingambit
|move|p2b: Raichu|Focus Blast|p1a: Garchomp
|-activate|p1a: Garchomp|move: Protect
|
|-weather|Sandstorm|[upkeep]
|-damage|p2b: Raichu|7/100|[from] Sandstorm
|-sideend|p2: iloveships|move: Tailwind
|upkeep
|turn|9
|c|☆MiamiButcher|I threw my lead..
|
|t:|1785427581
|move|p1a: Garchomp|Protect|p1a: Garchomp
|-singleturn|p1a: Garchomp|Protect
|move|p2a: Kingambit|Sucker Punch||[still]
|-fail|p2a: Kingambit
|move|p2b: Raichu|Focus Blast|p1a: Garchomp
|-activate|p1a: Garchomp|move: Protect
|
|-weather|Sandstorm|[upkeep]
|-damage|p2b: Raichu|1/100|[from] Sandstorm
|upkeep
|turn|10
|
|t:|1785427594
|move|p1a: Garchomp|Protect|p1a: Garchomp
|-singleturn|p1a: Garchomp|Protect
|move|p2a: Kingambit|Sucker Punch||[still]
|-fail|p2a: Kingambit
|move|p2b: Raichu|Focus Blast|p1a: Garchomp
|-activate|p1a: Garchomp|move: Protect
|
|-weather|Sandstorm|[upkeep]
|-damage|p2b: Raichu|0 fnt|[from] Sandstorm
|faint|p2b: Raichu
|upkeep
|c|☆MiamiButcher|TRIPLE
|c|☆iloveships|????
|
|t:|1785427604
|switch|p2b: Talonflame|Talonflame, L50, M|25/100
|turn|11
|
|t:|1785427617
|move|p2a: Kingambit|Sucker Punch|p1a: Garchomp
|-damage|p1a: Garchomp|0 fnt
|faint|p1a: Garchomp
|
|win|iloveships
