|j|☆willninja08
|j|☆Dimman188
|html|willninja08Dimman188    
|uhtml|bestof|Game 3 of a best-of-3
|t:|1785456403
|gametype|doubles
|player|p1|willninja08|265|
|player|p2|Dimman188|265|
|gen|9
|tier|[Gen 9 Champions] VGC 2026 Reg M-B (Bo3)
|rule|Species Clause: Limit one of each Pokémon
|rule|Item Clause: Limit 1 of each item
|clearpoke
|poke|p1|Raichu, L50, F|
|poke|p1|Jolteon, L50, M|
|poke|p1|Ninetales-Alola, L50, F|
|poke|p1|Blaziken, L50, F|
|poke|p1|Incineroar, L50, F|
|poke|p1|Basculegion, L50, M|
|poke|p2|Whimsicott, L50, F|
|poke|p2|Annihilape, L50, M|
|poke|p2|Garchomp, L50, F|
|poke|p2|Rotom-Wash, L50|
|poke|p2|Aerodactyl, L50, F|
|poke|p2|Greninja, L50, M|
|teampreview|4
|showteam|p1|Raichu||RaichuniteX|LightningRod|FakeOut,Encore,RisingVoltage,Protect|Timid||F|||50|]Jolteon||LifeOrb|VoltAbsorb|RisingVoltage,Electroweb,WeatherBall,Protect|Modest||M|||50|]Ninetales-Alola||NeverMeltIce|SnowWarning|Blizzard,FreezeDry,Roar,Protect|Timid||F|||50|]Blaziken||Blazikenite|SpeedBoost|FlareBlitz,CloseCombat,RockSlide,Protect|Jolly||F|||50|]Incineroar||SitrusBerry|Intimidate|FakeOut,PartingShot,ThroatChop,FlareBlitz|Jolly||F|||50|]Basculegion||ChoiceScarf|Adaptability|WaveCrash,LastRespects,AquaJet,FlipTurn|Jolly||M|||50|
|showteam|p2|Whimsicott||FocusSash|Prankster|Moonblast,Encore,Tailwind,Protect|Modest||F|||50|]Annihilape||Leftovers|Defiant|DrainPunch,PhantomForce,BulkUp,Protect|Adamant||M|||50|]Garchomp||LifeOrb|RoughSkin|DragonClaw,Earthquake,RockSlide,Protect|Jolly||F|||50|]Rotom-Wash||ChoiceScarf|Levitate|Discharge,HydroPump,Trick,WillOWisp|Modest|||||50|]Aerodactyl||Aerodactylite|Unnerve|RockSlide,DualWingbeat,IronHead,Tailwind|Adamant||F|||50|]Greninja||ExpertBelt|Protean|GunkShot,Liquidation,LowKick,FlipTurn|Jolly||M|||50|
|
|t:|1785456427
|teamsize|p1|4
|teamsize|p2|4
|start
|switch|p1a: Raichu|Raichu, L50, F|100/100
|switch|p1b: Jolteon|Jolteon, L50, M|100/100
|switch|p2a: Aerodactyl|Aerodactyl, L50, F|100/100
|switch|p2b: Greninja|Greninja, L50, M|100/100
|-ability|p2a: Aerodactyl|Unnerve
|turn|1
|
|t:|1785456461
|switch|p2b: Rotom|Rotom-Wash, L50|100/100
|switch|p2a: Garchomp|Garchomp, L50, F|100/100
|detailschange|p1a: Raichu|Raichu-Mega-X, L50, F
|-mega|p1a: Raichu|Raichu|Raichunite X
|-fieldstart|move: Electric Terrain|[from] ability: Electric Surge|[of] p1a: Raichu
|move|p1a: Raichu|Fake Out|p2a: Garchomp
|-damage|p2a: Garchomp|89/100
|-damage|p1a: Raichu|87/100|[from] ability: Rough Skin|[of] p2a: Garchomp
|move|p1b: Jolteon|Electroweb|p2b: Rotom|[spread] p2b
|-immune|p2a: Garchomp
|-damage|p2b: Rotom|60/100
|-unboost|p2b: Rotom|spe|1
|-damage|p1b: Jolteon|90/100|[from] item: Life Orb
|
|upkeep
|turn|2
|
|t:|1785456505
|switch|p1a: Ninetales|Ninetales-Alola, L50, F|100/100
|-weather|Snowscape|[from] ability: Snow Warning|[of] p1a: Ninetales
|move|p1b: Jolteon|Weather Ball|p2a: Garchomp
|-supereffective|p2a: Garchomp|2
|-damage|p2a: Garchomp|0 fnt
|faint|p2a: Garchomp
|-damage|p1b: Jolteon|80/100|[from] item: Life Orb
|move|p2b: Rotom|Discharge|p1a: Ninetales|[spread] p1a
|-heal|p1b: Jolteon|100/100|[from] ability: Volt Absorb|[of] p2b: Rotom
|-damage|p1a: Ninetales|65/100
|
|-weather|Snowscape|[upkeep]
|upkeep
|
|t:|1785456526
|switch|p2a: Aerodactyl|Aerodactyl, L50, F|100/100
|-ability|p2a: Aerodactyl|Unnerve
|turn|3
|
|t:|1785456540
|switch|p2b: Greninja|Greninja, L50, M|100/100
|detailschange|p2a: Aerodactyl|Aerodactyl-Mega, L50, F
|-mega|p2a: Aerodactyl|Aerodactyl|Aerodactylite
|move|p2a: Aerodactyl|Rock Slide|p1a: Ninetales|[spread] p1a
|-miss|p2a: Aerodactyl|p1b: Jolteon
|-supereffective|p1a: Ninetales|1
|-damage|p1a: Ninetales|0 fnt
|faint|p1a: Ninetales
|move|p1b: Jolteon|Electroweb|p2b: Greninja|[spread] p2a,p2b
|-supereffective|p2a: Aerodactyl|1
|-supereffective|p2b: Greninja|1
|-damage|p2a: Aerodactyl|8/100
|-damage|p2b: Greninja|0 fnt
|-unboost|p2a: Aerodactyl|spe|1
|faint|p2b: Greninja
|-damage|p1b: Jolteon|90/100|[from] item: Life Orb
|
|-weather|Snowscape|[upkeep]
|upkeep
|
|t:|1785456556
|switch|p2b: Rotom|Rotom-Wash, L50|60/100
|switch|p1a: Raichu|Raichu-Mega-X, L50, F|87/100
|turn|4
|
|t:|1785456568
|move|p1a: Raichu|Fake Out|p2a: Aerodactyl
|-resisted|p2a: Aerodactyl|1
|-damage|p2a: Aerodactyl|2/100
|move|p1b: Jolteon|Rising Voltage|p2b: Rotom
|-damage|p2b: Rotom|0 fnt
|faint|p2b: Rotom
|-damage|p1b: Jolteon|80/100|[from] item: Life Orb
|cant|p2a: Aerodactyl|flinch
|
|-weather|Snowscape|[upkeep]
|upkeep
|turn|5
|
|t:|1785456581
|move|p1b: Jolteon|Rising Voltage|p2a: Aerodactyl
|-supereffective|p2a: Aerodactyl|1
|-damage|p2a: Aerodactyl|0 fnt
|faint|p2a: Aerodactyl
|-damage|p1b: Jolteon|70/100|[from] item: Life Orb
|
|win|willninja08
|l|☆Dimman188
|player|p2|
