|j|☆stittur##-
|j|☆LegacyKiwi
|html|stittur##-LegacyKiwi    
|uhtml|bestof|Game 2 of a best-of-3
|t:|1756911533
|gametype|doubles
|player|p1|stittur##-|266|1048
|player|p2|LegacyKiwi|101|1084
|gen|9
|tier|[Gen 9] VGC 2025 Reg H (Bo3)
|rated|
|rule|Species Clause: Limit one of each Pokémon
|rule|Item Clause: Limit 1 of each item
|clearpoke
|poke|p1|Archaludon, L50, F|
|poke|p1|Amoonguss, L50, M|
|poke|p1|Gholdengo, L50|
|poke|p1|Illumise, L50, F|
|poke|p1|Farigiraf, L50, F|
|poke|p1|Hydreigon, L50, F|
|poke|p2|Altaria, L50, F|
|poke|p2|Shiftry, L50, F|
|poke|p2|Chandelure, L50, M|
|poke|p2|Geodude-Alola, L50, M|
|poke|p2|Malamar, L50, F|
|poke|p2|Blastoise, L50, F|
|teampreview|4
|showteam|p1|Archaludon||PowerHerb|Sturdy|ElectroShot,TeraBlast,DragonPulse,Protect|||F|||50|,,,,,Flying]Amoonguss||Leftovers|Regenerator|RagePowder,ClearSmog,Protect,Spore|||M|||50|,,,,,Water]Gholdengo||LifeOrb|GoodasGold|Protect,TeraBlast,NastyPlot,MakeItRain||||||50|,,,,,Water]Illumise||FocusSash|Prankster|Encore,Tailwind,RainDance,Protect|||F|||50|,,,,,Ghost]Farigiraf||SitrusBerry|ArmorTail|TrickRoom,Protect,HelpingHand,AllySwitch|||F|||50|,,,,,Normal]Hydreigon||ChoiceSpecs|Levitate|DarkPulse,EarthPower,DracoMeteor,HeatWave|||F|||50|,,,,,Fire
|showteam|p2|Altaria||FocusSash|CloudNine|HelpingHand,Endeavor,Tailwind,DracoMeteor|||F|||50|,,,,,Dragon]Shiftry||ClearAmulet|WindRider|LeafBlade,Protect,KnockOff,FakeOut|||F|||50|,,,,,Poison]Chandelure||LifeOrb|Infiltrator|Protect,TrickRoom,ShadowBall,HeatWave|||M|||50|,,,,,Dark]Geodude-Alola||WideLens|Sturdy|Protect,ThunderWave,WideGuard,RockSlide|||M|||50|,,,,,Grass]Malamar||CovertCloak|Contrary|ThroatChop,TopsyTurvy,PsychoCut,Superpower|||F|||50|,,,,,Water]Blastoise||SitrusBerry|Torrent|FakeOut,FlipTurn,WaveCrash,Protect|||F|||50|,,,,,Fire
|inactive|Battle timer is ON: inactive players will automatically lose when time's up. (requested by stittur##-)
|
|t:|1756911562
|teamsize|p1|4
|teamsize|p2|4
|start
|switch|p1a: Archaludon|Archaludon, L50, F|100/100
|switch|p1b: Hydreigon|Hydreigon, L50, F|100/100
|switch|p2a: Chandelure|Chandelure, L50, M, shiny|100/100
|switch|p2b: Altaria|Altaria, L50, F, shiny|100/100
|-ability|p2b: Altaria|Cloud Nine
|turn|1
|
|t:|1756911585
|move|p2a: Chandelure|Protect|p2a: Chandelure
|-singleturn|p2a: Chandelure|Protect
|move|p1b: Hydreigon|Earth Power|p2a: Chandelure
|-activate|p2a: Chandelure|move: Protect
|move|p1a: Archaludon|Electro Shot||[still]
|-prepare|p1a: Archaludon|Electro Shot
|-boost|p1a: Archaludon|spa|1
|-enditem|p1a: Archaludon|Power Herb
|-anim|p1a: Archaludon|Electro Shot|p2a: Chandelure
|-activate|p2a: Chandelure|move: Protect
|move|p2b: Altaria|Tailwind|p2b: Altaria
|-sidestart|p2: LegacyKiwi|move: Tailwind
|
|upkeep
|turn|2
|
|t:|1756911605
|switch|p2a: Shiftry|Shiftry, L50, F, shiny|100/100
|-ability|p2a: Shiftry|Wind Rider|boost
|-boost|p2a: Shiftry|atk|1
|switch|p1b: Illumise|Illumise, L50, F|100/100
|move|p2b: Altaria|Draco Meteor|p1b: Illumise
|-damage|p1b: Illumise|54/100
|-unboost|p2b: Altaria|spa|2
|move|p1a: Archaludon|Dragon Pulse|p2b: Altaria
|-supereffective|p2b: Altaria
|-enditem|p2b: Altaria|Focus Sash
|-damage|p2b: Altaria|1/100
|
|upkeep
|turn|3
|
|t:|1756911625
|move|p1a: Archaludon|Protect|p1a: Archaludon
|-singleturn|p1a: Archaludon|Protect
|move|p1b: Illumise|Encore|p2b: Altaria
|-start|p2b: Altaria|Encore
|move|p2b: Altaria|Draco Meteor|p1a: Archaludon
|-activate|p1a: Archaludon|move: Protect
|move|p2a: Shiftry|Knock Off|p1a: Archaludon
|-activate|p1a: Archaludon|move: Protect
|
|upkeep
|turn|4
|
|t:|1756911654
|switch|p2b: Malamud|Malamar, L50, F, shiny|100/100
|-terastallize|p1a: Archaludon|Flying
|move|p1b: Illumise|Tailwind|p1b: Illumise
|-sidestart|p1: stittur##-|move: Tailwind
|move|p1a: Archaludon|Tera Blast|p2a: Shiftry|[anim] Tera Blast Flying
|-supereffective|p2a: Shiftry
|-damage|p2a: Shiftry|0 fnt
|faint|p2a: Shiftry
|
|-sideend|p2: LegacyKiwi|move: Tailwind
|upkeep
|
|t:|1756911665
|switch|p2a: Chandelure|Chandelure, L50, M, shiny|100/100
|turn|5
|
|t:|1756911676
|-terastallize|p2a: Chandelure|Dark
|move|p1b: Illumise|Rain Dance|p1b: Illumise
|-weather|RainDance
|move|p1a: Archaludon|Electro Shot||[still]
|-prepare|p1a: Archaludon|Electro Shot
|-boost|p1a: Archaludon|spa|1
|-anim|p1a: Archaludon|Electro Shot|p2b: Malamud
|-damage|p2b: Malamud|0 fnt
|faint|p2b: Malamud
|move|p2a: Chandelure|Trick Room|p2a: Chandelure
|-fieldstart|move: Trick Room|[of] p2a: Chandelure
|
|-weather|RainDance|[upkeep]
|upkeep
|
|t:|1756911684
|switch|p2b: Altaria|Altaria, L50, F, shiny|1/100
|-ability|p2b: Altaria|Cloud Nine
|turn|6
|
|t:|1756911699
|move|p2b: Altaria|Helping Hand|p2a: Chandelure
|-singleturn|p2a: Chandelure|Helping Hand|[of] p2b: Altaria
|move|p1a: Archaludon|Protect|p1a: Archaludon
|-singleturn|p1a: Archaludon|Protect
|move|p1b: Illumise|Encore|p2a: Chandelure
|-hint|Since gen 7, Dark is immune to Prankster moves.
|-immune|p2a: Chandelure
|move|p2a: Chandelure|Heat Wave|p1b: Illumise|[spread] 
|-activate|p1a: Archaludon|move: Protect
|-miss|p2a: Chandelure|p1b: Illumise
|
|-weather|RainDance|[upkeep]
|upkeep
|turn|7
|inactive|stittur##- has 30 seconds left.
|
|t:|1756911729
|move|p2a: Chandelure|Protect|p2a: Chandelure
|-singleturn|p2a: Chandelure|Protect
|move|p1b: Illumise|Rain Dance||[still]
|-fail|p1b: Illumise
|move|p2b: Altaria|Endeavor|p1a: Archaludon
|-damage|p1a: Archaludon|1/100
|move|p1a: Archaludon|Dragon Pulse|p2a: Chandelure
|-activate|p2a: Chandelure|move: Protect
|
|-weather|RainDance|[upkeep]
|-sideend|p1: stittur##-|move: Tailwind
|upkeep
|turn|8
|
|t:|1756911746
|switch|p1a: Hydreigon|Hydreigon, L50, F|100/100
|move|p2b: Altaria|Helping Hand|p2a: Chandelure
|-singleturn|p2a: Chandelure|Helping Hand|[of] p2b: Altaria
|move|p1b: Illumise|Encore|p2b: Altaria
|-start|p2b: Altaria|Encore
|move|p2a: Chandelure|Heat Wave|p1b: Illumise|[spread] p1a,p1b
|-resisted|p1a: Hydreigon
|-supereffective|p1b: Illumise
|-damage|p1a: Hydreigon|47/100
|-damage|p1b: Illumise|0 fnt
|faint|p1b: Illumise
|-damage|p2a: Chandelure|91/100|[from] item: Life Orb
|
|-weather|RainDance|[upkeep]
|upkeep
|
|t:|1756911759
|switch|p1b: Gholdengo|Gholdengo, L50|100/100
|turn|9
|
|t:|1756911770
|move|p2b: Altaria|Helping Hand|p2a: Chandelure
|-singleturn|p2a: Chandelure|Helping Hand|[of] p2b: Altaria
|move|p1b: Gholdengo|Protect|p1b: Gholdengo
|-singleturn|p1b: Gholdengo|Protect
|move|p2a: Chandelure|Heat Wave|p1b: Gholdengo|[spread] p1a
|-activate|p1b: Gholdengo|move: Protect
|-resisted|p1a: Hydreigon
|-damage|p1a: Hydreigon|0 fnt
|faint|p1a: Hydreigon
|-damage|p2a: Chandelure|82/100|[from] item: Life Orb
|
|-weather|none
|-fieldend|move: Trick Room
|upkeep
|
|t:|1756911781
|switch|p1a: Archaludon|Archaludon, L50, F, tera:Flying|1/100
|turn|10
|
|t:|1756911792
|move|p2b: Altaria|Helping Hand|p2a: Chandelure
|-singleturn|p2a: Chandelure|Helping Hand|[of] p2b: Altaria
|move|p2a: Chandelure|Protect|p2a: Chandelure
|-singleturn|p2a: Chandelure|Protect
|move|p1a: Archaludon|Dragon Pulse|p2a: Chandelure
|-activate|p2a: Chandelure|move: Protect
|move|p1b: Gholdengo|Make It Rain|p2a: Chandelure|[spread] p2b
|-activate|p2a: Chandelure|move: Protect
|-damage|p2b: Altaria|0 fnt
|-unboost|p1b: Gholdengo|spa|1
|faint|p2b: Altaria
|-damage|p1b: Gholdengo|91/100|[from] item: Life Orb
|
|upkeep
|turn|11
|c|☆stittur##-|Smart
|inactive|stittur##- has 30 seconds left.
|inactive|stittur##- has 20 seconds left.
|
|t:|1756911829
|move|p1a: Archaludon|Electro Shot||[still]
|-prepare|p1a: Archaludon|Electro Shot
|-boost|p1a: Archaludon|spa|1
|move|p1b: Gholdengo|Make It Rain|p2a: Chandelure
|-damage|p2a: Chandelure|8/100
|-unboost|p1b: Gholdengo|spa|1
|-damage|p1b: Gholdengo|81/100|[from] item: Life Orb
|move|p2a: Chandelure|Heat Wave|p1b: Gholdengo|[spread] p1a,p1b
|-supereffective|p1b: Gholdengo
|-damage|p1a: Archaludon|0 fnt
|-damage|p1b: Gholdengo|0 fnt
|faint|p1a: Archaludon
|faint|p1b: Gholdengo
|-damage|p2a: Chandelure|0 fnt|[from] item: Life Orb
|faint|p2a: Chandelure
|
|win|LegacyKiwi
|raw|stittur##-'s rating: 1048 → 1033(-15 for losing)
|raw|LegacyKiwi's rating: 1084 → 1109(+25 for winning)
|c|☆LegacyKiwi|Woww gg
|c|☆LegacyKiwi|insane gane
|c|☆stittur##-|I thought trick room lol
|c|☆LegacyKiwi|Yeah lol gg
