|j|☆C0ozer
|j|☆patata_gialla_aaa
|html|C0ozerpatata_gialla_aaa    
|uhtml|bestof|Game 1 of a best-of-3
|t:|1782306680
|gametype|doubles
|player|p1|C0ozer|lucas|1116
|player|p2|patata_gialla_aaa|266|1000
|gen|9
|tier|[Gen 9 Champions] VGC 2026 Reg M-B (Bo3)
|rated|
|rule|Species Clause: Limit one of each Pokémon
|rule|Item Clause: Limit 1 of each item
|clearpoke
|poke|p1|Charizard, L50, M|
|poke|p1|Scrafty, L50, M|
|poke|p1|Gholdengo, L50|
|poke|p1|Whimsicott, L50, F|
|poke|p1|Toxapex, L50, M|
|poke|p1|Garchomp, L50, M|
|poke|p2|Scizor, L50, F|
|poke|p2|Dragonite, L50, F|
|poke|p2|Pelipper, L50, M|
|poke|p2|Basculegion, L50, M|
|poke|p2|Sneasler, L50, M|
|poke|p2|Archaludon, L50, M|
|teampreview|4
|showteam|p1|Charizard||CharizarditeY|Blaze|HeatWave,WeatherBall,SolarBeam,Protect|Timid||M|||50|]Scrafty||Scraftinite|Intimidate|FakeOut,KnockOff,CloseCombat,Detect|Impish||M|||50|]Gholdengo||LifeOrb|GoodasGold|FlashCannon,ShadowBall,NastyPlot,Protect|Timid|||||50|]Whimsicott||FocusSash|Prankster|Moonblast,Encore,Tailwind,Protect|Timid||F|||50|]Toxapex||Leftovers|Regenerator|Toxic,Haze,Infestation,BanefulBunker|Bold||M|||50|]Garchomp||SitrusBerry|RoughSkin|BreakingSwipe,RockSlide,StompingTantrum,Protect|Adamant||M|||50|
|showteam|p2|Scizor||Scizorite|Technician|BulletPunch,BugBite,SwordsDance,Protect|Adamant||F|||50|]Dragonite||Dragoninite|Multiscale|DracoMeteor,Flamethrower,Tailwind,Protect|Modest||F|||50|]Pelipper||SitrusBerry|Drizzle|WeatherBall,Hurricane,Tailwind,WideGuard|Modest||M|||50|]Basculegion||ChoiceScarf|Adaptability|WaveCrash,LastRespects,FlipTurn,AquaJet|Jolly||M|||50|]Sneasler||WhiteHerb|Unburden|CloseCombat,DireClaw,FakeOut,Protect|Jolly||M|||50|]Archaludon||Leftovers|Stamina|ElectroShot,FlashCannon,DragonPulse,Protect|Modest||M|||50|
|inactive|Battle timer is ON: inactive players will automatically lose when time's up. (requested by C0ozer)
|inactive|patata_gialla_aaa has 60 seconds left.
|
|t:|1782306721
|teamsize|p1|4
|teamsize|p2|4
|start
|switch|p1a: Scrafty|Scrafty, L50, M|100/100
|switch|p1b: Toxapex|Toxapex, L50, M|100/100
|switch|p2a: Dragonite|Dragonite, L50, F|100/100
|switch|p2b: Basculegion|Basculegion, L50, M|100/100
|-ability|p1a: Scrafty|Intimidate|boost
|-unboost|p2a: Dragonite|atk|1
|-unboost|p2b: Basculegion|atk|1
|turn|1
|inactive|patata_gialla_aaa has 30 seconds left.
|inactive|patata_gialla_aaa has 20 seconds left.
|inactive|patata_gialla_aaa has 15 seconds left.
|inactive|patata_gialla_aaa has 10 seconds left.
|
|t:|1782306770
|switch|p2a: Archaludon|Archaludon, L50, M|100/100
|detailschange|p1a: Scrafty|Scrafty-Mega, L50, M
|-mega|p1a: Scrafty|Scrafty|Scraftinite
|-ability|p1a: Scrafty|Intimidate|boost
|-unboost|p2a: Archaludon|atk|1
|-unboost|p2b: Basculegion|atk|1
|move|p1a: Scrafty|Fake Out|p2a: Archaludon
|-resisted|p2a: Archaludon|1
|-damage|p2a: Archaludon|95/100
|-ability|p2a: Archaludon|Stamina|boost
|-boost|p2a: Archaludon|def|1
|move|p2b: Basculegion|Wave Crash|p1a: Scrafty
|-damage|p1a: Scrafty|79/100
|-damage|p2b: Basculegion|93/100|[from] Recoil
|move|p1b: Toxapex|Toxic|p2b: Basculegion
|-status|p2b: Basculegion|tox
|
|-heal|p2a: Archaludon|100/100|[from] item: Leftovers
|-damage|p2b: Basculegion|87/100 tox|[from] psn
|upkeep
|turn|2
|inactive|patata_gialla_aaa has 30 seconds left.
|
|t:|1782306797
|move|p1a: Scrafty|Detect|p1a: Scrafty
|-singleturn|p1a: Scrafty|Protect
|move|p1b: Toxapex|Baneful Bunker|p1b: Toxapex
|-singleturn|p1b: Toxapex|move: Protect
|move|p2b: Basculegion|Wave Crash|p1a: Scrafty
|-activate|p1a: Scrafty|move: Protect
|move|p2a: Archaludon|Electro Shot||[still]
|-prepare|p2a: Archaludon|Electro Shot
|-boost|p2a: Archaludon|spa|1
|
|-damage|p2b: Basculegion|75/100 tox|[from] psn
|upkeep
|turn|3
|inactive|patata_gialla_aaa has 30 seconds left.
|
|t:|1782306824
|switch|p1b: Garchomp|Garchomp, L50, M|100/100
|move|p2b: Basculegion|Wave Crash|p1a: Scrafty
|-crit|p1a: Scrafty
|-damage|p1a: Scrafty|13/100
|-damage|p2b: Basculegion|56/100 tox|[from] Recoil
|move|p2a: Archaludon|Electro Shot|p1b: Garchomp|[from] lockedmove
|-immune|p1b: Garchomp
|move|p1a: Scrafty|Knock Off|p2b: Basculegion
|-supereffective|p2b: Basculegion|1
|-damage|p2b: Basculegion|0 fnt
|-enditem|p2b: Basculegion|Choice Scarf|[from] move: Knock Off|[of] p1a: Scrafty
|faint|p2b: Basculegion
|
|upkeep
|
|t:|1782306844
|switch|p2b: Scizor|Scizor, L50, F|100/100
|turn|4
|
|t:|1782306863
|switch|p1a: Gholdengo|Gholdengo, L50|100/100
|move|p1b: Garchomp|Stomping Tantrum|p2a: Archaludon
|-supereffective|p2a: Archaludon|1
|-damage|p2a: Archaludon|63/100
|-ability|p2a: Archaludon|Stamina|boost
|-boost|p2a: Archaludon|def|1
|move|p2a: Archaludon|Dragon Pulse|p1b: Garchomp
|-supereffective|p1b: Garchomp|1
|-damage|p1b: Garchomp|0 fnt
|faint|p1b: Garchomp
|move|p2b: Scizor|Bug Bite|p1a: Gholdengo
|-resisted|p1a: Gholdengo|2
|-damage|p1a: Gholdengo|88/100
|
|-heal|p2a: Archaludon|69/100|[from] item: Leftovers
|upkeep
|
|t:|1782306881
|switch|p1b: Scrafty|Scrafty-Mega, L50, M|13/100
|-ability|p1b: Scrafty|Intimidate|boost
|-unboost|p2a: Archaludon|atk|1
|-unboost|p2b: Scizor|atk|1
|turn|5
|inactive|patata_gialla_aaa has 30 seconds left.
|
|t:|1782306914
|detailschange|p2b: Scizor|Scizor-Mega, L50, F
|-mega|p2b: Scizor|Scizor|Scizorite
|move|p1b: Scrafty|Fake Out|p2b: Scizor
|-resisted|p2b: Scizor|1
|-damage|p2b: Scizor|96/100
|cant|p2b: Scizor|flinch
|move|p1a: Gholdengo|Shadow Ball|p2b: Scizor
|-damage|p2b: Scizor|47/100
|-damage|p1a: Gholdengo|78/100|[from] item: Life Orb
|move|p2a: Archaludon|Flash Cannon|p1b: Scrafty
|-damage|p1b: Scrafty|0 fnt
|faint|p1b: Scrafty
|
|-heal|p2a: Archaludon|75/100|[from] item: Leftovers
|upkeep
|
|t:|1782306927
|switch|p1b: Toxapex|Toxapex, L50, M|100/100
|turn|6
|
|t:|1782306950
|move|p1a: Gholdengo|Shadow Ball|p2b: Scizor
|-damage|p2b: Scizor|0 fnt
|faint|p2b: Scizor
|-damage|p1a: Gholdengo|68/100|[from] item: Life Orb
|move|p2a: Archaludon|Electro Shot||[still]
|-prepare|p2a: Archaludon|Electro Shot
|-boost|p2a: Archaludon|spa|1
|move|p1b: Toxapex|Haze|p1b: Toxapex
|-clearallboost
|
|-heal|p2a: Archaludon|81/100|[from] item: Leftovers
|upkeep
|
|t:|1782306963
|switch|p2b: Dragonite|Dragonite, L50, F|100/100
|turn|7
|
|t:|1782306977
|move|p1b: Toxapex|Baneful Bunker|p1b: Toxapex
|-singleturn|p1b: Toxapex|move: Protect
|move|p1a: Gholdengo|Shadow Ball|p2a: Archaludon
|-damage|p2a: Archaludon|35/100
|-ability|p2a: Archaludon|Stamina|boost
|-boost|p2a: Archaludon|def|1
|-damage|p1a: Gholdengo|59/100|[from] item: Life Orb
|move|p2b: Dragonite|Flamethrower|p1a: Gholdengo
|-supereffective|p1a: Gholdengo|1
|-damage|p1a: Gholdengo|0 fnt
|faint|p1a: Gholdengo
|move|p2a: Archaludon|Electro Shot|p1b: Toxapex|[from] lockedmove
|-activate|p1b: Toxapex|move: Protect
|
|-heal|p2a: Archaludon|41/100|[from] item: Leftovers
|upkeep
|turn|8
|-message|patata_gialla_aaa forfeited.
|raw|C0ozer's rating: 1116 → 1133(+17 for winning)
|raw|patata_gialla_aaa's rating: 1000 → 1000(+0 for losing)
|
|win|C0ozer
