|j|☆YoYutta
|j|☆ur1ryanpowney
|html|YoYuttaur1ryanpowney    
|uhtml|bestof|Game 1 of a best-of-3
|t:|1757176565
|gametype|doubles
|player|p1|YoYutta|n-masters|1065
|player|p2|ur1ryanpowney|nate|1168
|gen|9
|tier|[Gen 9] VGC 2025 Reg H (Bo3)
|rated|
|rule|Species Clause: Limit one of each Pokémon
|rule|Item Clause: Limit 1 of each item
|clearpoke
|poke|p1|Tyranitar, L50, M|
|poke|p1|Excadrill, L50, F|
|poke|p1|Sinistcha, L50|
|poke|p1|Primarina, L50, F|
|poke|p1|Talonflame, L50, F|
|poke|p1|Kommo-o, L50, F|
|poke|p2|Dragonite, L50, F|
|poke|p2|Sneasler, L50, M|
|poke|p2|Annihilape, L50, M|
|poke|p2|Maushold, L50|
|poke|p2|Braviary-Hisui, L50, M|
|poke|p2|Indeedee-F, L50, F|
|teampreview|4
|showteam|p1|Tyranitar||AssaultVest|SandStream|RockSlide,KnockOff,TeraBlast,LowKick|||M|||50|,,,,,Flying]Excadrill||ClearAmulet|SandRush|IronHead,HighHorsepower,Earthquake,Protect|||F|||50|,,,,,Grass]Sinistcha||SitrusBerry|Hospitality|MatchaGotcha,LifeDew,RagePowder,TrickRoom||||||50|,,,,,Poison]Primarina||LifeOrb|LiquidVoice|HyperVoice,Moonblast,Haze,Protect|||F|||50|,,,,,Grass]Talonflame||CovertCloak|GaleWings|BraveBird,Taunt,WillOWisp,Tailwind|||F|||50|,,,,,Flying]Kommo-o||ThroatSpray|Overcoat|ClangingScales,AuraSphere,ClangorousSoul,Protect|||F|||50|,,,,,Water
|showteam|p2|Dragonite||LoadedDice|Multiscale|ExtremeSpeed,ScaleShot,Tailwind,Protect|||F|||50|,,,,,Fire]Sneasler||PsychicSeed|Unburden|DireClaw,CloseCombat,Coaching,Protect|||M|||50|,,,,,Dark]Annihilape||Leftovers|Defiant|Protect,BulkUp,RageFist,DrainPunch|||M|||50|,,,,,Water]Maushold||SafetyGoggles|FriendGuard|BeatUp,FollowMe,PopulationBomb,Protect||||||50|,,,,,Ghost]Braviary-Hisui||LifeOrb|TintedLens|ExpandingForce,Protect,Hurricane,EsperWing|||M|||50|,,,,,Psychic]Indeedee-F||MentalHerb|PsychicSurge|DazzlingGleam,FollowMe,TrickRoom,HelpingHand|||F|||50|,,,,,Fairy
|inactive|Battle timer is ON: inactive players will automatically lose when time's up. (requested by YoYutta)
|inactive|ur1ryanpowney has 60 seconds left.
|inactive|ur1ryanpowney has 30 seconds left.
|inactive|ur1ryanpowney has 20 seconds left.
|
|t:|1757176722
|teamsize|p1|4
|teamsize|p2|4
|start
|switch|p1a: Excadrill|Excadrill, L50, F|100/100
|switch|p1b: Talonflame|Talonflame, L50, F|100/100
|switch|p2a: Dragonite|Dragonite, L50, F|100/100
|switch|p2b: Sneasler|Sneasler, L50, M, shiny|100/100
|turn|1
|inactive|YoYutta has 30 seconds left.
|
|t:|1757176748
|move|p1a: Excadrill|Protect|p1a: Excadrill
|-singleturn|p1a: Excadrill|Protect
|move|p1b: Talonflame|Tailwind|p1b: Talonflame
|-sidestart|p1: YoYutta|move: Tailwind
|move|p2b: Sneasler|Close Combat|p1a: Excadrill
|-activate|p1a: Excadrill|move: Protect
|move|p2a: Dragonite|Tailwind|p2a: Dragonite
|-sidestart|p2: ur1ryanpowney|move: Tailwind
|
|upkeep
|turn|2
|inactive|YoYutta has 30 seconds left.
|inactive|ur1ryanpowney has 30 seconds left.
|inactive|YoYutta has 20 seconds left.
|inactive|ur1ryanpowney has 20 seconds left.
|inactive|YoYutta has 15 seconds left.
|inactive|ur1ryanpowney has 15 seconds left.
|inactive|ur1ryanpowney has 10 seconds left.
|
|t:|1757176794
|move|p1a: Excadrill|Protect|p1a: Excadrill
|-singleturn|p1a: Excadrill|Protect
|move|p2b: Sneasler|Close Combat|p1a: Excadrill
|-activate|p1a: Excadrill|move: Protect
|move|p1b: Talonflame|Will-O-Wisp|p2b: Sneasler
|-status|p2b: Sneasler|brn
|move|p2a: Dragonite|Scale Shot|p1b: Talonflame
|-damage|p1b: Talonflame|81/100
|-crit|p1b: Talonflame
|-damage|p1b: Talonflame|53/100
|-damage|p1b: Talonflame|32/100
|-damage|p1b: Talonflame|13/100
|-hitcount|p1b: Talonflame|4
|-unboost|p2a: Dragonite|def|1
|-boost|p2a: Dragonite|spe|1
|
|-damage|p2b: Sneasler|95/100 brn|[from] brn
|upkeep
|turn|3
|inactive|YoYutta has 30 seconds left.
|inactive|ur1ryanpowney has 30 seconds left.
|inactive|YoYutta has 20 seconds left.
|inactive|ur1ryanpowney has 20 seconds left.
|
|t:|1757176838
|switch|p1b: Tyranitar|Tyranitar, L50, M, shiny|100/100
|-weather|Sandstorm|[from] ability: Sand Stream|[of] p1b: Tyranitar
|move|p2a: Dragonite|Extreme Speed|p1b: Tyranitar
|-resisted|p1b: Tyranitar
|-damage|p1b: Tyranitar|88/100
|move|p1a: Excadrill|Iron Head|p2a: Dragonite
|-damage|p2a: Dragonite|68/100
|move|p2b: Sneasler|Coaching|p2a: Dragonite
|-boost|p2a: Dragonite|atk|1
|-boost|p2a: Dragonite|def|1
|
|-weather|Sandstorm|[upkeep]
|-damage|p2b: Sneasler|89/100 brn|[from] Sandstorm
|-damage|p2a: Dragonite|62/100|[from] Sandstorm
|-damage|p2b: Sneasler|83/100 brn|[from] brn
|upkeep
|turn|4
|inactive|YoYutta has 30 seconds left.
|inactive|ur1ryanpowney has 30 seconds left.
|inactive|YoYutta has 20 seconds left.
|inactive|ur1ryanpowney has 20 seconds left.
|inactive|YoYutta has 15 seconds left.
|inactive|ur1ryanpowney has 15 seconds left.
|inactive|YoYutta has 10 seconds left.
|inactive|YoYutta has 5 seconds left.
|
|t:|1757176893
|move|p1a: Excadrill|High Horsepower|p2b: Sneasler
|-supereffective|p2b: Sneasler
|-damage|p2b: Sneasler|0 fnt
|faint|p2b: Sneasler
|move|p2a: Dragonite|Scale Shot|p1b: Tyranitar
|-damage|p1b: Tyranitar|72/100
|-damage|p1b: Tyranitar|54/100
|-damage|p1b: Tyranitar|36/100
|-damage|p1b: Tyranitar|17/100
|-hitcount|p1b: Tyranitar|4
|-unboost|p2a: Dragonite|def|1
|-boost|p2a: Dragonite|spe|1
|move|p1b: Tyranitar|Rock Slide|p2a: Dragonite|[miss]
|-miss|p1b: Tyranitar|p2a: Dragonite
|
|-weather|Sandstorm|[upkeep]
|-damage|p2a: Dragonite|57/100|[from] Sandstorm
|-sideend|p1: YoYutta|move: Tailwind
|-sideend|p2: ur1ryanpowney|move: Tailwind
|upkeep
|inactive|ur1ryanpowney has 30 seconds left.
|
|t:|1757176918
|switch|p2b: Indeedee|Indeedee-F, L50, F|100/100
|-fieldstart|move: Psychic Terrain|[from] ability: Psychic Surge|[of] p2b: Indeedee
|turn|5
|c|☆YoYutta|man?
|inactive|YoYutta has 30 seconds left.
|inactive|ur1ryanpowney has 30 seconds left.
|inactive|YoYutta has 20 seconds left.
|
|t:|1757176953
|move|p1a: Excadrill|High Horsepower|p2b: Indeedee
|-damage|p2b: Indeedee|50/100
|move|p2a: Dragonite|Scale Shot|p1b: Tyranitar
|-damage|p1b: Tyranitar|0 fnt
|faint|p1b: Tyranitar
|-hitcount|p1: Tyranitar|1
|-unboost|p2a: Dragonite|def|1
|-boost|p2a: Dragonite|spe|1
|move|p2b: Indeedee|Trick Room|p2b: Indeedee
|-fieldstart|move: Trick Room|[of] p2b: Indeedee
|
|-weather|Sandstorm|[upkeep]
|-damage|p2b: Indeedee|44/100|[from] Sandstorm
|-damage|p2a: Dragonite|51/100|[from] Sandstorm
|upkeep
|
|t:|1757176960
|switch|p1b: Primarina|Primarina, L50, F|100/100
|turn|6
|inactive|YoYutta has 30 seconds left.
|inactive|ur1ryanpowney has 30 seconds left.
|inactive|YoYutta has 20 seconds left.
|inactive|YoYutta has 15 seconds left.
|
|t:|1757177004
|move|p2b: Indeedee|Helping Hand|p2a: Dragonite
|-singleturn|p2a: Dragonite|Helping Hand|[of] p2b: Indeedee
|move|p1b: Primarina|Hyper Voice|p2a: Dragonite|[spread] p2a,p2b
|-resisted|p2a: Dragonite
|-damage|p2a: Dragonite|30/100
|-damage|p2b: Indeedee|0 fnt
|faint|p2b: Indeedee
|-damage|p1b: Primarina|91/100|[from] item: Life Orb
|move|p2a: Dragonite|Scale Shot|p1a: Excadrill|[miss]
|-miss|p2a: Dragonite|p1a: Excadrill
|move|p1a: Excadrill|Iron Head|p2a: Dragonite
|-damage|p2a: Dragonite|0 fnt
|faint|p2a: Dragonite
|
|-weather|Sandstorm|[upkeep]
|-damage|p1b: Primarina|85/100|[from] Sandstorm
|upkeep
|
|t:|1757177021
|switch|p2b: Braviary|Braviary-Hisui, L50, M, shiny|100/100
|turn|7
|c|☆YoYutta|wtf kkkk
|
|t:|1757177042
|-terastallize|p2b: Braviary|Psychic
|move|p1b: Primarina|Moonblast|p2b: Braviary
|-damage|p2b: Braviary|14/100
|-damage|p1b: Primarina|75/100|[from] item: Life Orb
|move|p2b: Braviary|Expanding Force|p1b: Primarina|[spread] p1a,p1b
|-resisted|p1a: Excadrill
|-damage|p1a: Excadrill|0 fnt
|-damage|p1b: Primarina|0 fnt
|faint|p1a: Excadrill
|faint|p1b: Primarina
|-damage|p2b: Braviary|5/100|[from] item: Life Orb
|
|-weather|none
|upkeep
|
|t:|1757177053
|switch|p1b: Talonflame|Talonflame, L50, F|13/100
|turn|8
|c|☆ur1ryanpowney|Believe in the bird
|
|t:|1757177068
|move|p2b: Braviary|Esper Wing|p1b: Talonflame
|-damage|p1b: Talonflame|0 fnt
|-boost|p2b: Braviary|spe|1
|faint|p1b: Talonflame
|-damage|p2b: Braviary|0 fnt|[from] item: Life Orb
|faint|p2b: Braviary
|
|win|ur1ryanpowney
|l|☆YoYutta
|player|p1|
|raw|YoYutta's rating: 1065 → 1051(-14 for losing)
|raw|ur1ryanpowney's rating: 1168 → 1186(+18 for winning)
