|j|☆zigzagoon246
|j|☆natsukivgc
|html|zigzagoon246natsukivgc    
|uhtml|bestof|Game 3 of a best-of-3
|t:|1785306802
|gametype|doubles
|player|p1|zigzagoon246|dragontamer|1049
|player|p2|natsukivgc|1|1085
|gen|9
|tier|[Gen 9 Champions] VGC 2026 Reg M-B (Bo3)
|rated|
|rule|Species Clause: Limit one of each Pokémon
|rule|Item Clause: Limit 1 of each item
|clearpoke
|poke|p1|Salazzle, L50, F|
|poke|p1|Glimmora, L50, F|
|poke|p1|Incineroar, L50, F|
|poke|p1|Froslass, L50, F|
|poke|p1|Sinistcha, L50|
|poke|p1|Gliscor, L50, M|
|poke|p2|Garchomp, L50, F|
|poke|p2|Venusaur, L50, F|
|poke|p2|Incineroar, L50, F|
|poke|p2|Charizard, L50, F|
|poke|p2|Toxapex, L50, M|
|poke|p2|Annihilape, L50, M|
|teampreview|4
|showteam|p1|Salazzle||FocusSash|Corrosion|Toxic,SludgeBomb,HeatWave,Protect|Timid||F|||50|]Glimmora||Glimmoranite|ToxicDebris|Toxic,SludgeBomb,PowerGem,Protect|Modest||F|||50|]Incineroar||Leftovers|Intimidate|FakeOut,PartingShot,FlareBlitz,DarkestLariat|Serious||F|||50|]Froslass||Froslassite|CursedBody|Blizzard,Hex,Thunderbolt,Protect|Timid||F|||50|]Sinistcha||ColburBerry|Hospitality|MatchaGotcha,RagePowder,Protect,TrickRoom|Bold|||||50|]Gliscor||YacheBerry|HyperCutter|Tailwind,Toxic,HighHorsepower,DualWingbeat|Adamant||M|||50|
|showteam|p2|Garchomp||ChoiceScarf|RoughSkin|Earthquake,DragonClaw,StompingTantrum,RockSlide|Adamant||F|||50|]Venusaur||LifeOrb|Chlorophyll|SolarBeam,SludgeBomb,EarthPower,Protect|Modest||F|||50|]Incineroar||SitrusBerry|Intimidate|FlareBlitz,ThroatChop,FakeOut,PartingShot|Impish||F|||50|]Charizard||CharizarditeY|Blaze|HeatWave,WeatherBall,HelpingHand,Protect|Modest||F|||50|]Toxapex||Leftovers|Regenerator|Infestation,Toxic,WideGuard,BanefulBunker|Bold||M|||50|]Annihilape||FocusSash|Defiant|CloseCombat,PhantomForce,StealthRock,Protect|Jolly||M|||50|
|inactive|Battle timer is ON: inactive players will automatically lose when time's up. (requested by zigzagoon246)
|inactive|zigzagoon246 has 60 seconds left.
|
|t:|1785306850
|teamsize|p1|4
|teamsize|p2|4
|start
|switch|p1a: Gliscor|Gliscor, L50, M|100/100
|switch|p1b: Glimmora|Glimmora, L50, F|100/100
|switch|p2a: Venusaur|Venusaur, L50, F|100/100
|switch|p2b: Charizard|Charizard, L50, F|100/100
|turn|1
|inactive|zigzagoon246 has 30 seconds left.
|inactive|natsukivgc has 30 seconds left.
|inactive|zigzagoon246 has 20 seconds left.
|inactive|zigzagoon246 has 15 seconds left.
|inactive|zigzagoon246 has 10 seconds left.
|
|t:|1785306899
|detailschange|p2b: Charizard|Charizard-Mega-Y, L50, F
|-mega|p2b: Charizard|Charizard|Charizardite Y
|-weather|SunnyDay|[from] ability: Drought|[of] p2b: Charizard
|move|p2b: Charizard|Protect|p2b: Charizard
|-singleturn|p2b: Charizard|Protect
|move|p1b: Glimmora|Protect|p1b: Glimmora
|-singleturn|p1b: Glimmora|Protect
|move|p2a: Venusaur|Earth Power|p1b: Glimmora
|-activate|p1b: Glimmora|move: Protect
|move|p1a: Gliscor|Tailwind|p1a: Gliscor
|-sidestart|p1: zigzagoon246|move: Tailwind
|
|-weather|SunnyDay|[upkeep]
|upkeep
|turn|2
|inactive|zigzagoon246 has 30 seconds left.
|inactive|zigzagoon246 has 20 seconds left.
|inactive|zigzagoon246 has 15 seconds left.
|inactive|zigzagoon246 has 10 seconds left.
|inactive|zigzagoon246 has 5 seconds left.
|
|t:|1785306950
|switch|p1b: Salazzle|Salazzle, L50, F|100/100
|switch|p2b: Garchomp|Garchomp, L50, F|100/100
|move|p2a: Venusaur|Protect|p2a: Venusaur
|-singleturn|p2a: Venusaur|Protect
|move|p1a: Gliscor|Dual Wingbeat|p2a: Venusaur
|-activate|p2a: Venusaur|move: Protect
|
|-weather|SunnyDay|[upkeep]
|upkeep
|turn|3
|inactive|natsukivgc has 30 seconds left.
|
|t:|1785306984
|switch|p2a: Incineroar|Incineroar, L50, F|100/100
|-ability|p2a: Incineroar|Intimidate|boost
|-fail|p1a: Gliscor|unboost|Attack|[from] ability: Hyper Cutter|[of] p1a: Gliscor
|-unboost|p1b: Salazzle|atk|1
|move|p1b: Salazzle|Heat Wave|p2b: Garchomp|[spread] p2a,p2b
|-resisted|p2a: Incineroar|1
|-resisted|p2b: Garchomp|1
|-damage|p2a: Incineroar|79/100
|-damage|p2b: Garchomp|74/100
|move|p1a: Gliscor|Toxic|p2b: Garchomp
|-status|p2b: Garchomp|tox
|move|p2b: Garchomp|Stomping Tantrum|p1b: Salazzle
|-supereffective|p1b: Salazzle|2
|-enditem|p1b: Salazzle|Focus Sash
|-damage|p1b: Salazzle|1/100
|
|-weather|SunnyDay|[upkeep]
|-damage|p2b: Garchomp|68/100 tox|[from] psn
|upkeep
|turn|4
|
|t:|1785307008
|switch|p2b: Charizard|Charizard-Mega-Y, L50, F|100/100
|move|p1b: Salazzle|Protect|p1b: Salazzle
|-singleturn|p1b: Salazzle|Protect
|move|p2a: Incineroar|Fake Out|p1b: Salazzle
|-activate|p1b: Salazzle|move: Protect
|move|p1a: Gliscor|Toxic|p2a: Incineroar
|-status|p2a: Incineroar|tox
|
|-weather|SunnyDay|[upkeep]
|-damage|p2a: Incineroar|73/100 tox|[from] psn
|-sideend|p1: zigzagoon246|move: Tailwind
|upkeep
|turn|5
|inactive|zigzagoon246 has 30 seconds left.
|inactive|natsukivgc has 30 seconds left.
|
|t:|1785307037
|switch|p1b: Glimmora|Glimmora, L50, F|100/100
|move|p2b: Charizard|Heat Wave|p1a: Gliscor|[spread] p1a,p1b
|-resisted|p1b: Glimmora|1
|-damage|p1a: Gliscor|15/100
|-damage|p1b: Glimmora|68/100
|move|p1a: Gliscor|Dual Wingbeat|p2b: Charizard
|-damage|p2b: Charizard|83/100
|-damage|p2b: Charizard|64/100
|-hitcount|p2b: Charizard|2
|move|p2a: Incineroar|Throat Chop|p1a: Gliscor
|-damage|p1a: Gliscor|0 fnt
|faint|p1a: Gliscor
|
|-weather|none
|-damage|p2a: Incineroar|61/100 tox|[from] psn
|upkeep
|
|t:|1785307055
|switch|p1a: Incineroar|Incineroar, L50, F|100/100
|-ability|p1a: Incineroar|Intimidate|boost
|-unboost|p2a: Incineroar|atk|1
|-unboost|p2b: Charizard|atk|1
|turn|6
|
|t:|1785307079
|switch|p2b: Garchomp|Garchomp, L50, F|68/100 tox
|switch|p2a: Venusaur|Venusaur, L50, F|100/100
|detailschange|p1b: Glimmora|Glimmora-Mega, L50, F
|-mega|p1b: Glimmora|Glimmora|Glimmoranite
|move|p1b: Glimmora|Power Gem|p2b: Garchomp
|-resisted|p2b: Garchomp|1
|-damage|p2b: Garchomp|39/100 tox
|move|p1a: Incineroar|Parting Shot|p2a: Venusaur
|-unboost|p2a: Venusaur|atk|1
|-unboost|p2a: Venusaur|spa|1
|
|t:|1785307092
|switch|p1a: Salazzle|Salazzle, L50, F|1/100|[from] Parting Shot
|
|-damage|p2b: Garchomp|33/100 tox|[from] psn
|upkeep
|turn|7
|inactive|zigzagoon246 has 30 seconds left.
|
|t:|1785307126
|switch|p2a: Charizard|Charizard-Mega-Y, L50, F|64/100
|-weather|SunnyDay|[from] ability: Drought|[of] p2a: Charizard
|move|p1b: Glimmora|Protect|p1b: Glimmora
|-singleturn|p1b: Glimmora|Protect
|move|p2b: Garchomp|Earthquake|p1a: Salazzle|[spread] p1a
|-activate|p1b: Glimmora|move: Protect
|-immune|p2a: Charizard
|-supereffective|p1a: Salazzle|2
|-damage|p1a: Salazzle|0 fnt
|faint|p1a: Salazzle
|
|-weather|SunnyDay|[upkeep]
|-damage|p2b: Garchomp|21/100 tox|[from] psn
|upkeep
|
|t:|1785307142
|switch|p1a: Incineroar|Incineroar, L50, F|100/100
|-ability|p1a: Incineroar|Intimidate|boost
|-unboost|p2a: Charizard|atk|1
|-unboost|p2b: Garchomp|atk|1
|turn|8
|
|t:|1785307157
|move|p1a: Incineroar|Fake Out|p2b: Garchomp
|-damage|p2b: Garchomp|11/100 tox
|-damage|p1a: Incineroar|87/100|[from] ability: Rough Skin|[of] p2b: Garchomp
|cant|p2b: Garchomp|flinch
|move|p2a: Charizard|Heat Wave|p1a: Incineroar|[spread] p1a,p1b
|-resisted|p1a: Incineroar|1
|-resisted|p1b: Glimmora|1
|-damage|p1a: Incineroar|62/100
|-damage|p1b: Glimmora|42/100
|move|p1b: Glimmora|Power Gem|p2a: Charizard
|-supereffective|p2a: Charizard|2
|-damage|p2a: Charizard|0 fnt
|faint|p2a: Charizard
|
|-weather|SunnyDay|[upkeep]
|-heal|p1a: Incineroar|68/100|[from] item: Leftovers
|-damage|p2b: Garchomp|0 fnt|[from] psn
|faint|p2b: Garchomp
|upkeep
|
|t:|1785307173
|switch|p2b: Venusaur|Venusaur, L50, F|100/100
|switch|p2a: Incineroar|Incineroar, L50, F|61/100 tox
|-ability|p2a: Incineroar|Intimidate|boost
|-unboost|p1a: Incineroar|atk|1
|-unboost|p1b: Glimmora|atk|1
|turn|9
|
|t:|1785307191
|move|p1b: Glimmora|Protect|p1b: Glimmora
|-singleturn|p1b: Glimmora|Protect
|move|p2a: Incineroar|Fake Out|p1b: Glimmora
|-activate|p1b: Glimmora|move: Protect
|move|p2b: Venusaur|Earth Power|p1a: Incineroar
|-supereffective|p1a: Incineroar|1
|-damage|p1a: Incineroar|0 fnt
|faint|p1a: Incineroar
|-damage|p2b: Venusaur|90/100|[from] item: Life Orb
|
|-weather|SunnyDay|[upkeep]
|-damage|p2a: Incineroar|55/100 tox|[from] psn
|upkeep
|turn|10
|
|t:|1785307213
|move|p2b: Venusaur|Earth Power|p1b: Glimmora
|-supereffective|p1b: Glimmora|2
|-damage|p1b: Glimmora|0 fnt
|faint|p1b: Glimmora
|-damage|p2b: Venusaur|81/100|[from] item: Life Orb
|
|win|natsukivgc
|raw|zigzagoon246's rating: 1049 → 1033(-16 for losing)
|raw|natsukivgc's rating: 1085 → 1109(+24 for winning)
