|j|☆toxiccroc12
|j|☆Arman136821
|html|toxiccroc12Arman136821    
|uhtml|bestof|Game 1 of a best-of-3
|t:|1783835418
|gametype|doubles
|player|p1|toxiccroc12|266|1000
|player|p2|Arman136821|steven|1090
|gen|9
|tier|[Gen 9 Champions] VGC 2026 Reg M-B (Bo3)
|rated|
|rule|Species Clause: Limit one of each Pokémon
|rule|Item Clause: Limit 1 of each item
|clearpoke
|poke|p1|Floette-Eternal, L50, F|
|poke|p1|Incineroar, L50, M|
|poke|p1|Sinistcha, L50|
|poke|p1|Delphox, L50, M|
|poke|p1|Sneasler, L50, F|
|poke|p1|Kingambit, L50, F|
|poke|p2|Tyranitar, L50, F|
|poke|p2|Aerodactyl, L50, F|
|poke|p2|Sinistcha-Masterpiece, L50|
|poke|p2|Palafin, L50, M|
|poke|p2|Archaludon, L50, F|
|poke|p2|Maushold-Four, L50|
|teampreview|4
|showteam|p1|Floette-Eternal||Floettite|FlowerVeil|DazzlingGleam,DrainingKiss,CalmMind,Protect|Modest||F|||50|]Incineroar||SitrusBerry|Intimidate|FlareBlitz,FakeOut,PartingShot,HelpingHand|Impish||M|||50|]Sinistcha||OccaBerry|Hospitality|MatchaGotcha,RagePowder,TrickRoom,Protect|Relaxed|||||50|]Delphox||Delphoxite|Blaze|HeatWave,Psyshock,NastyPlot,Protect|Timid||M|||50|]Sneasler||FocusSash|PoisonTouch|PoisonJab,CloseCombat,FakeOut,QuickGuard|Jolly||F|||50|]Kingambit||BlackGlasses|Defiant|KowtowCleave,SuckerPunch,SwordsDance,Protect|Adamant||F|||50|
|showteam|p2|Tyranitar||Tyranitarite|SandStream|RockSlide,Earthquake,KnockOff,BrickBreak|Adamant||F|||50|]Aerodactyl||Aerodactylite|RockHead|Tailwind,WideGuard,RockSlide,DualWingbeat|Adamant||F|||50|]Sinistcha-Masterpiece||SitrusBerry|Hospitality|MatchaGotcha,Scald,ShadowBall,EnergyBall|Modest|||||50|]Palafin||ChoiceScarf|ZerotoHero|FlipTurn,Liquidation,CloseCombat,IcePunch|Adamant||M|||50|]Archaludon||Leftovers|Stamina|ElectroShot,AuraSphere,DracoMeteor,FlashCannon|Modest||F|||50|]Maushold-Four||WideLens|Technician|PopulationBomb,FollowMe,SuperFang,BulletSeed|Adamant|||||50|
|inactive|Battle timer is ON: inactive players will automatically lose when time's up. (requested by Arman136821)
|inactive|toxiccroc12 has 60 seconds left.
|
|t:|1783835454
|teamsize|p1|4
|teamsize|p2|4
|start
|switch|p1a: Floette|Floette-Eternal, L50, F|100/100
|switch|p1b: Sneasler|Sneasler, L50, F|100/100
|switch|p2a: Tyranitar|Tyranitar, L50, F|100/100
|switch|p2b: Aerodactyl|Aerodactyl, L50, F|100/100
|-weather|Sandstorm|[from] ability: Sand Stream|[of] p2a: Tyranitar
|turn|1
|
|t:|1783835476
|detailschange|p1a: Floette|Floette-Mega, L50, F
|-mega|p1a: Floette|Floette|Floettite
|-ability|p1a: Floette|Fairy Aura
|detailschange|p2a: Tyranitar|Tyranitar-Mega, L50, F
|-mega|p2a: Tyranitar|Tyranitar|Tyranitarite
|move|p1b: Sneasler|Fake Out|p2b: Aerodactyl
|-resisted|p2b: Aerodactyl|1
|-damage|p2b: Aerodactyl|89/100
|cant|p2b: Aerodactyl|flinch
|move|p1a: Floette|Calm Mind|p1a: Floette
|-boost|p1a: Floette|spa|1
|-boost|p1a: Floette|spd|1
|move|p2a: Tyranitar|Earthquake|p1a: Floette|[spread] p1a,p1b
|-immune|p2b: Aerodactyl
|-supereffective|p1b: Sneasler|1
|-damage|p1a: Floette|66/100
|-enditem|p1b: Sneasler|Focus Sash
|-damage|p1b: Sneasler|1/100
|
|-weather|Sandstorm|[upkeep]
|-damage|p1b: Sneasler|0 fnt|[from] Sandstorm
|-damage|p1a: Floette|60/100|[from] Sandstorm
|faint|p1b: Sneasler
|upkeep
|
|t:|1783835495
|switch|p1b: Sinistcha|Sinistcha, L50|100/100
|-heal|p1a: Floette|85/100|[from] ability: Hospitality|[of] p1b: Sinistcha
|turn|2
|
|t:|1783835507
|switch|p1b: Kingambit|Kingambit, L50, F|100/100
|move|p2b: Aerodactyl|Tailwind|p2b: Aerodactyl
|-sidestart|p2: Arman136821|move: Tailwind
|move|p2a: Tyranitar|Knock Off|p1b: Kingambit
|-resisted|p1b: Kingambit|1
|-damage|p1b: Kingambit|75/100
|-enditem|p1b: Kingambit|Black Glasses|[from] move: Knock Off|[of] p2a: Tyranitar
|move|p1a: Floette|Dazzling Gleam|p2a: Tyranitar|[spread] p2a,p2b
|-supereffective|p2a: Tyranitar|1
|-damage|p2a: Tyranitar|33/100
|-damage|p2b: Aerodactyl|19/100
|
|-weather|Sandstorm|[upkeep]
|-damage|p1a: Floette|79/100|[from] Sandstorm
|upkeep
|turn|3
|inactive|toxiccroc12 has 30 seconds left.
|inactive|toxiccroc12 has 20 seconds left.
|
|t:|1783835545
|switch|p2a: Palafin|Palafin, L50, M|100/100
|switch|p1b: Sinistcha|Sinistcha, L50|100/100
|-heal|p1a: Floette|100/100|[from] ability: Hospitality|[of] p1b: Sinistcha
|move|p2b: Aerodactyl|Wide Guard|p2b: Aerodactyl
|-singleturn|p2b: Aerodactyl|Wide Guard
|move|p1a: Floette|Dazzling Gleam|p2b: Aerodactyl|[spread] 
|-activate|p2a: Palafin|move: Wide Guard
|-activate|p2b: Aerodactyl|move: Wide Guard
|
|-weather|Sandstorm|[upkeep]
|-damage|p2a: Palafin|93/100|[from] Sandstorm
|-damage|p1a: Floette|94/100|[from] Sandstorm
|-damage|p1b: Sinistcha|93/100|[from] Sandstorm
|upkeep
|turn|4
|inactive|toxiccroc12 has 30 seconds left.
|inactive|Arman136821 has 30 seconds left.
|inactive|toxiccroc12 has 20 seconds left.
|
|t:|1783835580
|move|p1b: Sinistcha|Protect|p1b: Sinistcha
|-singleturn|p1b: Sinistcha|Protect
|move|p2a: Palafin|Flip Turn|p1b: Sinistcha
|-activate|p1b: Sinistcha|move: Protect
|move|p2b: Aerodactyl|Dual Wingbeat|p1b: Sinistcha
|-activate|p1b: Sinistcha|move: Protect
|move|p1a: Floette|Draining Kiss|p2a: Palafin
|-damage|p2a: Palafin|16/100
|-heal|p1a: Floette|100/100|[from] drain|[of] p2a: Palafin
|
|-weather|Sandstorm|[upkeep]
|-damage|p2a: Palafin|10/100|[from] Sandstorm
|-damage|p1a: Floette|94/100|[from] Sandstorm
|-damage|p1b: Sinistcha|87/100|[from] Sandstorm
|upkeep
|turn|5
|inactive|toxiccroc12 has 30 seconds left.
|inactive|toxiccroc12 has 20 seconds left.
|
|t:|1783835619
|switch|p1b: Kingambit|Kingambit, L50, F|75/100
|move|p2a: Palafin|Flip Turn|p1b: Kingambit
|-damage|p1b: Kingambit|59/100
|
|t:|1783835625
|detailschange|p2a: Palafin|Palafin-Hero, L50, M
|switch|p2a: Sinistcha|Sinistcha-Masterpiece, L50|100/100|[from] Flip Turn
|-heal|p2b: Aerodactyl|44/100|[from] ability: Hospitality|[of] p2a: Sinistcha
|move|p2b: Aerodactyl|Rock Slide|p1b: Kingambit|[spread] p1a,p1b
|-resisted|p1b: Kingambit|1
|-damage|p1a: Floette|65/100
|-damage|p1b: Kingambit|49/100
|move|p1a: Floette|Draining Kiss|p2b: Aerodactyl
|-damage|p2b: Aerodactyl|0 fnt
|-heal|p1a: Floette|96/100|[from] drain|[of] p2b: Aerodactyl
|faint|p2b: Aerodactyl
|
|-weather|none
|-sideend|p2: Arman136821|move: Tailwind
|upkeep
|
|t:|1783835640
|switch|p2b: Tyranitar|Tyranitar-Mega, L50, F|33/100
|-weather|Sandstorm|[from] ability: Sand Stream|[of] p2b: Tyranitar
|turn|6
|
|t:|1783835656
|move|p1b: Kingambit|Protect|p1b: Kingambit
|-singleturn|p1b: Kingambit|Protect
|move|p1a: Floette|Dazzling Gleam|p2b: Tyranitar|[spread] p2a,p2b
|-supereffective|p2b: Tyranitar|1
|-damage|p2a: Sinistcha|0 fnt
|-damage|p2b: Tyranitar|0 fnt
|faint|p2a: Sinistcha
|faint|p2b: Tyranitar
|
|-weather|Sandstorm|[upkeep]
|-damage|p1a: Floette|90/100|[from] Sandstorm
|upkeep
|
|t:|1783835667
|switch|p2b: Palafin|Palafin-Hero, L50, M|10/100
|-activate|p2b: Palafin|ability: Zero to Hero
|turn|7
|
|t:|1783835675
|move|p1b: Kingambit|Sucker Punch|p2b: Palafin
|-damage|p2b: Palafin|0 fnt
|faint|p2b: Palafin
|
|win|toxiccroc12
||Arman136821 is ready for game 2.
