|j|☆bennoVGC
|j|☆lux raymundi
|html|bennoVGClux raymundi    
|uhtml|bestof|Game 2 of a best-of-3
|t:|1786202958
|gametype|doubles
|player|p1|bennoVGC|101|1245
|player|p2|lux raymundi|1|1317
|gen|9
|tier|[Gen 9 Champions] VGC 2026 Reg M-B (Bo3)
|rated|
|rule|Species Clause: Limit one of each Pokémon
|rule|Item Clause: Limit 1 of each item
|clearpoke
|poke|p1|Farigiraf, L50, F|
|poke|p1|Whimsicott, L50, M|
|poke|p1|Typhlosion-Hisui, L50, F|
|poke|p1|Primarina, L50, F|
|poke|p1|Metagross, L50|
|poke|p1|Kommo-o, L50, F|
|poke|p2|Staraptor, L50, F|
|poke|p2|Arcanine-Hisui, L50, F|
|poke|p2|Kingambit, L50, M|
|poke|p2|Raichu, L50, M|
|poke|p2|Farigiraf, L50, F|
|poke|p2|Sylveon, L50, M|
|teampreview|4
|showteam|p1|Farigiraf||SilkScarf|ArmorTail|HelpingHand,HyperVoice,TrickRoom,Psychic|Modest||F|||50|]Whimsicott||FocusSash|Prankster|Protect,SunnyDay,Tailwind,Moonblast|Timid||M|||50|]Typhlosion-Hisui||LifeOrb|Blaze|Protect,Eruption,ShadowBall,HeatWave|Modest||F|||50|]Primarina||MysticWater|LiquidVoice|Protect,HyperVoice,DazzlingGleam,Moonblast|Modest||F|||50|]Metagross||Metagrossite|ClearBody|Protect,IronHead,StompingTantrum,PsychicFangs|Jolly|||||50|]Kommo-o||Leftovers|Soundproof|Protect,ClangorousSoul,ClangingScales,AuraSphere|Modest||F|||50|
|showteam|p2|Staraptor||Staraptite|Intimidate|DualWingbeat,CloseCombat,Tailwind,Protect|Jolly||F|||50|]Arcanine-Hisui||FocusSash|RockHead|FlareBlitz,HeadSmash,ExtremeSpeed,Protect|Jolly||F|||50|]Kingambit||LifeOrb|Defiant|KowtowCleave,SuckerPunch,SwordsDance,Protect|Adamant||M|||50|]Raichu||RaichuniteY|LightningRod|ZapCannon,FocusBlast,FakeOut,Protect|Timid||M|||50|]Farigiraf||SitrusBerry|ArmorTail|Psychic,HelpingHand,TrickRoom,Protect|Calm||F|||50|]Sylveon||FairyFeather|Pixilate|HyperVoice,HyperBeam,QuickAttack,Detect|Modest||M|||50|
|inactive|Battle timer is ON: inactive players will automatically lose when time's up. (requested by lux raymundi)
|
|t:|1786203012
|teamsize|p1|4
|teamsize|p2|4
|start
|switch|p1a: Whimsicott|Whimsicott, L50, M|100/100
|switch|p1b: Typhlosion|Typhlosion-Hisui, L50, F|100/100
|switch|p2a: Raichu|Raichu, L50, M|100/100
|switch|p2b: Arcanine|Arcanine-Hisui, L50, F|100/100
|turn|1
|inactive|lux raymundi has 30 seconds left.
|inactive|lux raymundi has 20 seconds left.
|inactive|lux raymundi has 15 seconds left.
|inactive|lux raymundi has 10 seconds left.
|
|t:|1786203061
|detailschange|p2a: Raichu|Raichu-Mega-Y, L50, M
|-mega|p2a: Raichu|Raichu|Raichunite Y
|move|p1a: Whimsicott|Protect|p1a: Whimsicott
|-singleturn|p1a: Whimsicott|Protect
|move|p1b: Typhlosion|Protect|p1b: Typhlosion
|-singleturn|p1b: Typhlosion|Protect
|move|p2a: Raichu|Zap Cannon|p1b: Typhlosion
|-activate|p1b: Typhlosion|move: Protect
|move|p2b: Arcanine|Head Smash|p1b: Typhlosion
|-activate|p1b: Typhlosion|move: Protect
|
|upkeep
|turn|2
|
|t:|1786203077
|move|p2a: Raichu|Protect|p2a: Raichu
|-singleturn|p2a: Raichu|Protect
|move|p1a: Whimsicott|Tailwind|p1a: Whimsicott
|-sidestart|p1: bennoVGC|move: Tailwind
|move|p1b: Typhlosion|Eruption|p2a: Raichu|[spread] p2b
|-activate|p2a: Raichu|move: Protect
|-resisted|p2b: Arcanine|2
|-crit|p2b: Arcanine
|-damage|p2b: Arcanine|66/100
|-damage|p1b: Typhlosion|90/100|[from] item: Life Orb
|move|p2b: Arcanine|Head Smash|p1b: Typhlosion|[miss]
|-miss|p2b: Arcanine|p1b: Typhlosion
|
|upkeep
|turn|3
|inactive|bennoVGC has 30 seconds left.
|
|t:|1786203103
|move|p1a: Whimsicott|Moonblast|p2a: Raichu
|-damage|p2a: Raichu|57/100
|move|p1b: Typhlosion|Eruption|p2b: Arcanine|[spread] p2a,p2b
|-resisted|p2b: Arcanine|2
|-damage|p2a: Raichu|0 fnt
|-damage|p2b: Arcanine|43/100
|faint|p2a: Raichu
|-damage|p1b: Typhlosion|81/100|[from] item: Life Orb
|move|p2b: Arcanine|Flare Blitz|p1a: Whimsicott
|-supereffective|p1a: Whimsicott|1
|-enditem|p1a: Whimsicott|Focus Sash
|-damage|p1a: Whimsicott|1/100
|
|upkeep
|
|t:|1786203115
|switch|p2a: Kingambit|Kingambit, L50, M|100/100
|turn|4
|
|t:|1786203139
|move|p1a: Whimsicott|Protect|p1a: Whimsicott
|-singleturn|p1a: Whimsicott|Protect
|move|p2a: Kingambit|Protect|p2a: Kingambit
|-singleturn|p2a: Kingambit|Protect
|move|p1b: Typhlosion|Eruption|p2b: Arcanine|[spread] p2b
|-activate|p2a: Kingambit|move: Protect
|-resisted|p2b: Arcanine|2
|-damage|p2b: Arcanine|25/100
|-damage|p1b: Typhlosion|71/100|[from] item: Life Orb
|move|p2b: Arcanine|Head Smash|p1b: Typhlosion
|-supereffective|p1b: Typhlosion|1
|-crit|p1b: Typhlosion
|-damage|p1b: Typhlosion|0 fnt
|faint|p1b: Typhlosion
|
|upkeep
|
|t:|1786203148
|switch|p1b: Primarina|Primarina, L50, F|100/100
|turn|5
|
|t:|1786203168
|switch|p1a: Metagross|Metagross, L50|100/100
|move|p1b: Primarina|Hyper Voice|p2a: Kingambit|[spread] p2a,p2b
|-supereffective|p2b: Arcanine|2
|-damage|p2a: Kingambit|53/100
|-damage|p2b: Arcanine|0 fnt
|faint|p2b: Arcanine
|move|p2a: Kingambit|Swords Dance|p2a: Kingambit
|-boost|p2a: Kingambit|atk|2
|
|-sideend|p1: bennoVGC|move: Tailwind
|upkeep
|
|t:|1786203174
|switch|p2b: Sylveon|Sylveon, L50, M|100/100
|turn|6
|inactive|lux raymundi has 30 seconds left.
|
|t:|1786203211
|detailschange|p1a: Metagross|Metagross-Mega, L50
|-mega|p1a: Metagross|Metagross|Metagrossite
|move|p2a: Kingambit|Sucker Punch|p1a: Metagross
|-supereffective|p1a: Metagross|1
|-damage|p1a: Metagross|0 fnt
|faint|p1a: Metagross
|-damage|p2a: Kingambit|43/100|[from] item: Life Orb
|move|p1b: Primarina|Moonblast|p2a: Kingambit
|-damage|p2a: Kingambit|0 fnt
|faint|p2a: Kingambit
|move|p2b: Sylveon|Hyper Voice|p1b: Primarina
|-damage|p1b: Primarina|33/100
|
|upkeep
|
|t:|1786203214
|switch|p1a: Whimsicott|Whimsicott, L50, M|1/100
|turn|7
|
|t:|1786203225
|move|p1a: Whimsicott|Moonblast|p2b: Sylveon
|-damage|p2b: Sylveon|71/100
|move|p1b: Primarina|Hyper Voice|p2b: Sylveon
|-crit|p2b: Sylveon
|-damage|p2b: Sylveon|0 fnt
|faint|p2b: Sylveon
|
|win|bennoVGC
