|j|☆monkeychese
|j|☆larpnoahc17
|html|monkeycheselarpnoahc17    
|uhtml|bestof|Game 2 of a best-of-3
|t:|1785023561
|gametype|doubles
|player|p1|monkeychese|lucas|
|player|p2|larpnoahc17|miku-flying|
|gen|9
|tier|[Gen 9 Champions] VGC 2026 Reg M-B (Bo3)
|rule|Species Clause: Limit one of each Pokémon
|rule|Item Clause: Limit 1 of each item
|clearpoke
|poke|p1|Blaziken, L50, M|
|poke|p1|Lycanroc-Dusk, L50, F|
|poke|p1|Kingambit, L50, M|
|poke|p1|Ninetales-Alola, L50, M|
|poke|p1|Basculegion, L50, M|
|poke|p1|Floette-Eternal, L50, F|
|poke|p2|Glimmora, L50, M, shiny|
|poke|p2|Ninetales-Alola, L50, F, shiny|
|poke|p2|Talonflame, L50, M, shiny|
|poke|p2|Basculegion, L50, M, shiny|
|poke|p2|Kommo-o, L50, M, shiny|
|poke|p2|Kingambit, L50, M, shiny|
|teampreview|4
|showteam|p1|Blaziken||Blazikenite|SpeedBoost|FlareBlitz,CloseCombat,StoneEdge,Protect|Adamant||M|||50|]Lycanroc-Dusk||FocusSash|ToughClaws|RockSlide,CloseCombat,Accelerock,Protect|Jolly||F|||50|]Kingambit||LifeOrb|Defiant|KowtowCleave,SuckerPunch,IronHead,Protect|Adamant||M|||50|]Ninetales-Alola||NeverMeltIce|SnowWarning|Blizzard,FreezeDry,Encore,Protect|Timid||M|||50|]Basculegion||ChoiceScarf|Adaptability|WaveCrash,LastRespects,AquaJet,FlipTurn|Jolly||M|||50|]Floette-Eternal||Floettite|FlowerVeil|Moonblast,LightofRuin,DazzlingGleam,Protect|Timid||F|||50|
|showteam|p2|Glimmora||Glimmoranite|ToxicDebris|PowerGem,SludgeBomb,EarthPower,SpikyShield|Modest||M|||50|]Ninetales-Alola||NeverMeltIce|SnowWarning|Blizzard,FreezeDry,Encore,Protect|Timid||F|||50|]Talonflame||SharpBeak|GaleWings|DualWingbeat,FlareBlitz,Tailwind,Protect|Jolly||M|||50|]Basculegion||ChoiceScarf|Adaptability|WaveCrash,AquaJet,FlipTurn,LastRespects|Jolly||M|||50|]Kommo-o||LifeOrb|Soundproof|ClangingScales,DracoMeteor,AuraSphere,Protect|Modest||M|||50|]Kingambit||FocusSash|Defiant|SuckerPunch,KowtowCleave,IronHead,LowKick|Adamant||M|||50|
|j| Meriwis
|c| Meriwis|hewwo
|c| Meriwis|nyaha
|c| Meriwis|:3c
|
|t:|1785023604
|teamsize|p1|4
|teamsize|p2|4
|start
|switch|p1a: Lycanroc|Lycanroc-Dusk, L50, F|100/100
|switch|p1b: Blaziken|Blaziken, L50, M|100/100
|switch|p2a: BIRDDD|Talonflame, L50, M, shiny|100/100
|switch|p2b: Cringegambit|Kingambit, L50, M, shiny|100/100
|turn|1
|c|☆larpnoahc17|who let the cat boy in
|
|t:|1785023629
|detailschange|p1b: Blaziken|Blaziken-Mega, L50, M
|-mega|p1b: Blaziken|Blaziken|Blazikenite
|move|p1b: Blaziken|Protect|p1b: Blaziken
|-singleturn|p1b: Blaziken|Protect
|move|p2a: BIRDDD|Dual Wingbeat|p1a: Lycanroc
|-resisted|p1a: Lycanroc|1
|-damage|p1a: Lycanroc|84/100
|-resisted|p1a: Lycanroc|1
|-damage|p1a: Lycanroc|69/100
|-hitcount|p1a: Lycanroc|2
|move|p2b: Cringegambit|Sucker Punch|p1a: Lycanroc
|-damage|p1a: Lycanroc|3/100
|move|p1a: Lycanroc|Close Combat|p2b: Cringegambit
|-supereffective|p2b: Cringegambit|2
|-enditem|p2b: Cringegambit|Focus Sash
|-damage|p2b: Cringegambit|1/100
|-unboost|p1a: Lycanroc|def|1
|-unboost|p1a: Lycanroc|spd|1
|
|-ability|p1b: Blaziken|Speed Boost|boost
|-boost|p1b: Blaziken|spe|1
|upkeep
|turn|2
|c| Meriwis|₍^. .^₎⟆
|
|t:|1785023669
|move|p2a: BIRDDD|Protect|p2a: BIRDDD
|-singleturn|p2a: BIRDDD|Protect
|move|p1a: Lycanroc|Protect|p1a: Lycanroc
|-singleturn|p1a: Lycanroc|Protect
|move|p1b: Blaziken|Stone Edge|p2a: BIRDDD
|-activate|p2a: BIRDDD|move: Protect
|move|p2b: Cringegambit|Kowtow Cleave|p1a: Lycanroc
|-activate|p1a: Lycanroc|move: Protect
|
|-ability|p1b: Blaziken|Speed Boost|boost
|-boost|p1b: Blaziken|spe|1
|upkeep
|turn|3
|
|t:|1785023693
|switch|p1a: Ninetales|Ninetales-Alola, L50, M|100/100
|-weather|Snowscape|[from] ability: Snow Warning|[of] p1a: Ninetales
|move|p2a: BIRDDD|Tailwind|p2a: BIRDDD
|-sidestart|p2: larpnoahc17|move: Tailwind
|move|p2b: Cringegambit|Sucker Punch||[still]
|-fail|p2b: Cringegambit
|move|p1b: Blaziken|Stone Edge|p2a: BIRDDD
|-supereffective|p2a: BIRDDD|2
|-damage|p2a: BIRDDD|0 fnt
|faint|p2a: BIRDDD
|
|-weather|Snowscape|[upkeep]
|-ability|p1b: Blaziken|Speed Boost|boost
|-boost|p1b: Blaziken|spe|1
|upkeep
|
|t:|1785023713
|switch|p2a: Nuke.|Glimmora, L50, M, shiny|100/100
|turn|4
|
|t:|1785023733
|switch|p1a: Lycanroc|Lycanroc-Dusk, L50, F|3/100
|detailschange|p2a: Nuke.|Glimmora-Mega, L50, M, shiny
|-mega|p2a: Nuke.|Glimmora|Glimmoranite
|move|p1b: Blaziken|Protect|p1b: Blaziken
|-singleturn|p1b: Blaziken|Protect
|move|p2b: Cringegambit|Sucker Punch||[still]
|-fail|p2b: Cringegambit
|move|p2a: Nuke.|Sludge Bomb|p1a: Lycanroc
|-resisted|p1a: Lycanroc|1
|-damage|p1a: Lycanroc|0 fnt
|faint|p1a: Lycanroc
|
|-weather|Snowscape|[upkeep]
|-ability|p1b: Blaziken|Speed Boost|boost
|-boost|p1b: Blaziken|spe|1
|upkeep
|
|t:|1785023757
|switch|p1a: Basculegion|Basculegion, L50, M|100/100
|turn|5
|
|t:|1785023770
|switch|p1a: Ninetales|Ninetales-Alola, L50, M|100/100
|move|p2b: Cringegambit|Sucker Punch||[still]
|-fail|p2b: Cringegambit
|move|p1b: Blaziken|Close Combat|p2b: Cringegambit
|-supereffective|p2b: Cringegambit|2
|-damage|p2b: Cringegambit|0 fnt
|-unboost|p1b: Blaziken|def|1
|-unboost|p1b: Blaziken|spd|1
|faint|p2b: Cringegambit
|move|p2a: Nuke.|Sludge Bomb|p1b: Blaziken
|-damage|p1b: Blaziken|0 fnt
|faint|p1b: Blaziken
|
|-weather|Snowscape|[upkeep]
|upkeep
|
|t:|1785023779
|switch|p1b: Basculegion|Basculegion, L50, M|100/100
|switch|p2b: Komm-OH-NOOO|Kommo-o, L50, M, shiny|100/100
|turn|6
|
|t:|1785023798
|move|p1b: Basculegion|Aqua Jet|p2a: Nuke.
|-supereffective|p2a: Nuke.|1
|-damage|p2a: Nuke.|42/100
|move|p2a: Nuke.|Sludge Bomb|p1a: Ninetales
|-supereffective|p1a: Ninetales|1
|-damage|p1a: Ninetales|0 fnt
|faint|p1a: Ninetales
|move|p2b: Komm-OH-NOOO|Draco Meteor|p1b: Basculegion
|-damage|p1b: Basculegion|3/100
|-unboost|p2b: Komm-OH-NOOO|spa|2
|-damage|p2b: Komm-OH-NOOO|90/100|[from] item: Life Orb
|
|-weather|Snowscape|[upkeep]
|-sideend|p2: larpnoahc17|move: Tailwind
|upkeep
|turn|7
|
|t:|1785023841
|move|p2a: Nuke.|Spiky Shield|p2a: Nuke.
|-singleturn|p2a: Nuke.|move: Protect
|move|p1b: Basculegion|Aqua Jet|p2a: Nuke.
|-activate|p2a: Nuke.|move: Protect
|-damage|p1b: Basculegion|0 fnt|[from] Spiky Shield|[of] p2a: Nuke.
|faint|p1b: Basculegion
|
|win|larpnoahc17
|c|☆monkeychese|gg
|l|☆monkeychese
|player|p1|
