|j|☆lettitripppp
|j|☆entei enthusiast
|html|lettitrippppentei enthusiast    
|uhtml|bestof|Game 1 of a best-of-3
|t:|1783908567
|gametype|doubles
|player|p1|lettitripppp|lucas|1332
|player|p2|entei enthusiast|kamado-armor|1224
|gen|9
|tier|[Gen 9 Champions] VGC 2026 Reg M-B (Bo3)
|rated|
|rule|Species Clause: Limit one of each Pokémon
|rule|Item Clause: Limit 1 of each item
|clearpoke
|poke|p1|Charizard, L50, M|
|poke|p1|Floette-Eternal, L50, F|
|poke|p1|Basculegion, L50, M|
|poke|p1|Whimsicott, L50, M, shiny|
|poke|p1|Garchomp, L50, F, shiny|
|poke|p1|Kingambit, L50, M, shiny|
|poke|p2|Floette-Eternal, L50, F|
|poke|p2|Palafin, L50, M, shiny|
|poke|p2|Kingambit, L50, F|
|poke|p2|Sneasler, L50, M|
|poke|p2|Incineroar, L50, M|
|poke|p2|Aerodactyl, L50, M|
|teampreview|4
|showteam|p1|Charizard||CharizarditeY|Blaze|WeatherBall,SolarBeam,HeatWave,Protect|Modest||M|||50|]Floette-Eternal||Floettite|FlowerVeil|DazzlingGleam,LightofRuin,Moonblast,Protect|Modest||F|||50|]Basculegion||MysticWater|Adaptability|LastRespects,WaveCrash,AquaJet,Protect|Adamant||M|||50|]Whimsicott||FocusSash|Prankster|Moonblast,Tailwind,Encore,Protect|Timid||M|||50|]Garchomp||LifeOrb|RoughSkin|DragonClaw,Earthquake,RockSlide,Protect|Jolly||F|||50|]Kingambit||ChopleBerry|Defiant|KowtowCleave,SuckerPunch,IronHead,LowKick|Adamant||M|||50|
|showteam|p2|Floette-Eternal||Floettite|FlowerVeil|DazzlingGleam,DrainingKiss,CalmMind,Protect|Modest||F|||50|]Palafin||Leftovers|ZerotoHero|WaveCrash,JetPunch,BulkUp,Protect|Adamant||M|||50|]Kingambit||BlackGlasses|Defiant|KowtowCleave,SuckerPunch,SwordsDance,Protect|Adamant||F|||50|]Sneasler||FocusSash|Unburden|CloseCombat,DireClaw,FakeOut,Coaching|Jolly||M|||50|]Incineroar||SitrusBerry|Intimidate|FlareBlitz,FakeOut,DarkestLariat,PartingShot|Careful||M|||50|]Aerodactyl||Aerodactylite|Unnerve|RockSlide,DualWingbeat,IceFang,Protect|Jolly||M|||50|
|inactive|Battle timer is ON: inactive players will automatically lose when time's up. (requested by lettitripppp)
|inactive|entei enthusiast has 60 seconds left.
|inactive|entei enthusiast has 30 seconds left.
|inactive|entei enthusiast has 20 seconds left.
|
|t:|1783908643
|teamsize|p1|4
|teamsize|p2|4
|start
|switch|p1a: GHOSTWAVE|Basculegion, L50, M|100/100
|switch|p1b: LETS GO GO|Whimsicott, L50, M, shiny|100/100
|switch|p2a: Aerodactyl|Aerodactyl, L50, M|100/100
|switch|p2b: Sneasler|Sneasler, L50, M|100/100
|-ability|p2a: Aerodactyl|Unnerve
|turn|1
|
|t:|1783908666
|switch|p2a: Kingambit|Kingambit, L50, F|100/100
|move|p1b: LETS GO GO|Protect|p1b: LETS GO GO
|-singleturn|p1b: LETS GO GO|Protect
|move|p1a: GHOSTWAVE|Aqua Jet|p2b: Sneasler
|-damage|p2b: Sneasler|50/100g
|move|p2b: Sneasler|Coaching|p2a: Kingambit
|-boost|p2a: Kingambit|atk|1
|-boost|p2a: Kingambit|def|1
|
|upkeep
|turn|2
|
|t:|1783908689
|switch|p2b: Incineroar|Incineroar, L50, M|100/100
|-ability|p2b: Incineroar|Intimidate|boost
|-unboost|p1a: GHOSTWAVE|atk|1
|-unboost|p1b: LETS GO GO|atk|1
|move|p1b: LETS GO GO|Tailwind|p1b: LETS GO GO
|-sidestart|p1: lettitripppp|move: Tailwind
|move|p1a: GHOSTWAVE|Aqua Jet|p2b: Incineroar
|-supereffective|p2b: Incineroar|1
|-damage|p2b: Incineroar|62/100
|move|p2a: Kingambit|Kowtow Cleave|p1a: GHOSTWAVE
|-supereffective|p1a: GHOSTWAVE|1
|-damage|p1a: GHOSTWAVE|0 fnt
|faint|p1a: GHOSTWAVE
|
|upkeep
|
|t:|1783908699
|switch|p1a: CRUSH SHARK|Garchomp, L50, F, shiny|100/100
|turn|3
|
|t:|1783908717
|move|p1b: LETS GO GO|Protect|p1b: LETS GO GO
|-singleturn|p1b: LETS GO GO|Protect
|move|p1a: CRUSH SHARK|Protect|p1a: CRUSH SHARK
|-singleturn|p1a: CRUSH SHARK|Protect
|move|p2b: Incineroar|Fake Out|p1a: CRUSH SHARK
|-activate|p1a: CRUSH SHARK|move: Protect
|move|p2a: Kingambit|Swords Dance|p2a: Kingambit
|-boost|p2a: Kingambit|atk|2
|
|upkeep
|turn|4
|
|t:|1783908730
|switch|p2b: Aerodactyl|Aerodactyl, L50, M|100/100
|-ability|p2b: Aerodactyl|Unnerve
|move|p2a: Kingambit|Sucker Punch|p1a: CRUSH SHARK
|-damage|p1a: CRUSH SHARK|0 fnt
|-damage|p2a: Kingambit|87/100|[from] ability: Rough Skin|[of] p1a: CRUSH SHARK
|faint|p1a: CRUSH SHARK
|move|p1b: LETS GO GO|Moonblast|p2a: Kingambit
|-damage|p2a: Kingambit|55/100
|-unboost|p2a: Kingambit|spa|1
|-ability|p2a: Kingambit|Defiant|boost
|-boost|p2a: Kingambit|atk|2
|
|upkeep
|
|t:|1783908739
|switch|p1a: GENERAL BLADUS|Kingambit, L50, M, shiny|100/100
|turn|5
|
|t:|1783908762
|detailschange|p2b: Aerodactyl|Aerodactyl-Mega, L50, M
|-mega|p2b: Aerodactyl|Aerodactyl|Aerodactylite
|move|p2a: Kingambit|Protect|p2a: Kingambit
|-singleturn|p2a: Kingambit|Protect
|move|p1b: LETS GO GO|Moonblast|p2b: Aerodactyl
|-damage|p2b: Aerodactyl|67/100
|move|p2b: Aerodactyl|Dual Wingbeat|p1b: LETS GO GO
|-supereffective|p1b: LETS GO GO|1
|-damage|p1b: LETS GO GO|34/100
|-supereffective|p1b: LETS GO GO|1
|-damage|p1b: LETS GO GO|0 fnt
|faint|p1b: LETS GO GO
|-hitcount|p1: LETS GO GO|2
|move|p1a: GENERAL BLADUS|Low Kick|p2a: Kingambit
|-activate|p2a: Kingambit|move: Protect
|
|-sideend|p1: lettitripppp|move: Tailwind
|upkeep
|turn|6
|
|t:|1783908784
|move|p2a: Kingambit|Sucker Punch|p1a: GENERAL BLADUS
|-resisted|p1a: GENERAL BLADUS|1
|-damage|p1a: GENERAL BLADUS|38/100
|move|p2b: Aerodactyl|Rock Slide|p1a: GENERAL BLADUS
|-resisted|p1a: GENERAL BLADUS|1
|-damage|p1a: GENERAL BLADUS|23/100
|move|p1a: GENERAL BLADUS|Low Kick|p2a: Kingambit
|-supereffective|p2a: Kingambit|2
|-damage|p2a: Kingambit|0 fnt
|faint|p2a: Kingambit
|
|upkeep
|
|t:|1783908791
|switch|p2a: Sneasler|Sneasler, L50, M|50/100g
|turn|7
|
|t:|1783908797
|move|p2a: Sneasler|Fake Out|p1a: GENERAL BLADUS
|-resisted|p1a: GENERAL BLADUS|1
|-damage|p1a: GENERAL BLADUS|17/100
|move|p2b: Aerodactyl|Rock Slide|p1a: GENERAL BLADUS
|-resisted|p1a: GENERAL BLADUS|1
|-damage|p1a: GENERAL BLADUS|1/100
|cant|p1a: GENERAL BLADUS|flinch
|
|upkeep
|turn|8
|
|t:|1783908803
|move|p1a: GENERAL BLADUS|Sucker Punch|p2b: Aerodactyl
|-damage|p2b: Aerodactyl|15/100
|move|p2b: Aerodactyl|Rock Slide|p1a: GENERAL BLADUS
|-resisted|p1a: GENERAL BLADUS|1
|-damage|p1a: GENERAL BLADUS|0 fnt
|faint|p1a: GENERAL BLADUS
|
|win|entei enthusiast
||entei enthusiast is ready for game 2.
|inactive|lettitripppp has 30 seconds to confirm battle start!
||lettitripppp is ready for game 2.
|uhtml|next|Next: Game 2 of 3
