|j|☆anino23
|j|☆nanum56770
|html|anino23nanum56770    
|uhtml|bestof|Game 1 of a best-of-3
|t:|1783662074
|gametype|doubles
|player|p1|anino23|102|1077
|player|p2|nanum56770|265|1049
|gen|9
|tier|[Gen 9 Champions] VGC 2026 Reg M-B (Bo3)
|rated|
|rule|Species Clause: Limit one of each Pokémon
|rule|Item Clause: Limit 1 of each item
|clearpoke
|poke|p1|Pyroar, L50, M|
|poke|p1|Scrafty, L50, M|
|poke|p1|Mamoswine, L50, F|
|poke|p1|Venusaur, L50, M|
|poke|p1|Torkoal, L50, M|
|poke|p1|Farigiraf, L50, M|
|poke|p2|Archaludon, L50, M|
|poke|p2|Incineroar, L50, F|
|poke|p2|Kingambit, L50, F|
|poke|p2|Pelipper, L50, F|
|poke|p2|Swampert, L50, M|
|poke|p2|Golurk, L50|
|teampreview|4
|showteam|p1|Pyroar||Pyroarite|Unnerve|HeatWave,Overheat,Yawn,Protect|Timid||M|||50|]Scrafty||Scraftinite|Intimidate|FakeOut,IcePunch,DrainPunch,KnockOff|Adamant||M|||50|]Mamoswine||FocusSash|Oblivious|IceShard,HighHorsepower,RockSlide,Protect|Jolly||F|||50|]Venusaur||LifeOrb|Chlorophyll|EnergyBall,EarthPower,SludgeBomb,Protect|Modest||M|||50|]Torkoal||HeatRock|Drought|Eruption,HelpingHand,WeatherBall,Protect|Quiet||M|||50|]Farigiraf||SitrusBerry|ArmorTail|Psychic,Thunderbolt,TrickRoom,Protect|Quiet||M|||50|
|showteam|p2|Archaludon||Leftovers|Stamina|ElectroShot,DragonPulse,Protect,ThunderWave|Timid||M|||50|]Incineroar||QuickClaw|Intimidate|CloseCombat,Protect,FakeOut,FlareBlitz|Adamant||F|||50|]Kingambit||FocusSash|SupremeOverlord|KowtowCleave,SuckerPunch,ThunderWave,IronHead|Adamant||F|||50|]Pelipper||SitrusBerry|Drizzle|Hurricane,IceBeam,Tailwind,WeatherBall|Quiet||F|||50|]Swampert||Swampertite|Torrent|WaveCrash,HighHorsepower,KnockOff,Protect|Adamant||M|||50|]Golurk||Golurkite|NoGuard|Poltergeist,HighHorsepower,DynamicPunch,Protect|Adamant|||||50|
|inactive|Battle timer is ON: inactive players will automatically lose when time's up. (requested by anino23)
|inactive|nanum56770 also wants the timer to be on.
|inactive|anino23 has 60 seconds left.
|
|t:|1783662131
|teamsize|p1|4
|teamsize|p2|4
|start
|switch|p1a: Scrafty|Scrafty, L50, M|100/100
|switch|p1b: Farigiraf|Farigiraf, L50, M|100/100
|switch|p2a: Pelipper|Pelipper, L50, F|100/100
|switch|p2b: Archaludon|Archaludon, L50, M|100/100
|-ability|p1a: Scrafty|Intimidate|boost
|-unboost|p2a: Pelipper|atk|1
|-unboost|p2b: Archaludon|atk|1
|-weather|RainDance|[from] ability: Drizzle|[of] p2a: Pelipper
|turn|1
|inactive|anino23 has 30 seconds left.
|inactive|nanum56770 has 30 seconds left.
|inactive|nanum56770 has 20 seconds left.
|inactive|nanum56770 has 15 seconds left.
|
|t:|1783662174
|switch|p1a: Torkoal|Torkoal, L50, M|100/100
|-weather|SunnyDay|[from] ability: Drought|[of] p1a: Torkoal
|move|p2b: Archaludon|Protect|p2b: Archaludon
|-singleturn|p2b: Archaludon|Protect
|move|p2a: Pelipper|Hurricane|p1a: Torkoal|[miss]
|-miss|p2a: Pelipper|p1a: Torkoal
|move|p1b: Farigiraf|Trick Room|p1b: Farigiraf
|-fieldstart|move: Trick Room|[of] p1b: Farigiraf
|
|-weather|SunnyDay|[upkeep]
|upkeep
|turn|2
|inactive|anino23 has 30 seconds left.
|
|t:|1783662201
|switch|p1b: Scrafty|Scrafty, L50, M|100/100
|-ability|p1b: Scrafty|Intimidate|boost
|-unboost|p2a: Pelipper|atk|1
|-unboost|p2b: Archaludon|atk|1
|switch|p2b: Golurk|Golurk, L50|100/100
|move|p1a: Torkoal|Eruption|p2b: Golurk|[spread] p2a,p2b
|-resisted|p2a: Pelipper|1
|-damage|p2a: Pelipper|45/100
|-damage|p2b: Golurk|19/100
|-enditem|p2a: Pelipper|Sitrus Berry|[eat]
|-heal|p2a: Pelipper|70/100|[from] item: Sitrus Berry
|move|p2a: Pelipper|Tailwind|p2a: Pelipper
|-sidestart|p2: nanum56770|move: Tailwind
|
|-weather|SunnyDay|[upkeep]
|upkeep
|turn|3
|inactive|nanum56770 has 30 seconds left.
|inactive|nanum56770 has 20 seconds left.
|inactive|nanum56770 has 15 seconds left.
|inactive|nanum56770 has 10 seconds left.
|inactive|nanum56770 has 5 seconds left.
|
|t:|1783662255
|switch|p2a: Swampert|Swampert, L50, M|100/100
|detailschange|p1b: Scrafty|Scrafty-Mega, L50, M
|-mega|p1b: Scrafty|Scrafty|Scraftinite
|-ability|p1b: Scrafty|Intimidate|boost
|-unboost|p2a: Swampert|atk|1
|-unboost|p2b: Golurk|atk|1
|move|p1a: Torkoal|Eruption|p2a: Swampert|[spread] p2a,p2b
|-resisted|p2a: Swampert|1
|-damage|p2a: Swampert|62/100
|-damage|p2b: Golurk|0 fnt
|faint|p2b: Golurk
|move|p1b: Scrafty|Knock Off|p2a: Swampert
|-damage|p2a: Swampert|22/100
|
|-weather|SunnyDay|[upkeep]
|upkeep
|
|t:|1783662272
|switch|p2b: Pelipper|Pelipper, L50, F|70/100
|-weather|RainDance|[from] ability: Drizzle|[of] p2b: Pelipper
|turn|4
|inactive|anino23 has 30 seconds left.
|
|t:|1783662298
|detailschange|p2a: Swampert|Swampert-Mega, L50, M
|-mega|p2a: Swampert|Swampert|Swampertite
|move|p1a: Torkoal|Weather Ball|p2a: Swampert
|-damage|p2a: Swampert|0 fnt
|faint|p2a: Swampert
|move|p1b: Scrafty|Knock Off|p2b: Pelipper
|-damage|p2b: Pelipper|28/100
|move|p2b: Pelipper|Hurricane|p1b: Scrafty
|-supereffective|p1b: Scrafty|1
|-damage|p1b: Scrafty|19/100
|
|-weather|RainDance|[upkeep]
|upkeep
|
|t:|1783662315
|switch|p2a: Archaludon|Archaludon, L50, M|100/100
|turn|5
|
|t:|1783662327
|switch|p1a: Farigiraf|Farigiraf, L50, M|100/100
|move|p1b: Scrafty|Drain Punch|p2a: Archaludon
|-supereffective|p2a: Archaludon|1
|-damage|p2a: Archaludon|24/100
|-heal|p1b: Scrafty|56/100|[from] drain|[of] p2a: Archaludon
|-ability|p2a: Archaludon|Stamina|boost
|-boost|p2a: Archaludon|def|1
|move|p2b: Pelipper|Weather Ball|p1a: Farigiraf
|-damage|p1a: Farigiraf|37/100
|-enditem|p1a: Farigiraf|Sitrus Berry|[eat]
|-heal|p1a: Farigiraf|62/100|[from] item: Sitrus Berry
|move|p2a: Archaludon|Electro Shot||[still]
|-prepare|p2a: Archaludon|Electro Shot
|-boost|p2a: Archaludon|spa|1
|-anim|p2a: Archaludon|Electro Shot|p1a: Farigiraf
|-damage|p1a: Farigiraf|1/100
|
|-weather|RainDance|[upkeep]
|-heal|p2a: Archaludon|30/100|[from] item: Leftovers
|-sideend|p2: nanum56770|move: Tailwind
|-fieldend|move: Trick Room
|upkeep
|turn|6
|inactive|anino23 has 30 seconds left.
|inactive|nanum56770 has 30 seconds left.
|
|t:|1783662361
|switch|p1a: Torkoal|Torkoal, L50, M|100/100
|-weather|SunnyDay|[from] ability: Drought|[of] p1a: Torkoal
|move|p2a: Archaludon|Protect|p2a: Archaludon
|-singleturn|p2a: Archaludon|Protect
|move|p1b: Scrafty|Drain Punch|p2a: Archaludon
|-activate|p2a: Archaludon|move: Protect
|move|p2b: Pelipper|Hurricane|p1b: Scrafty|[miss]
|-miss|p2b: Pelipper|p1b: Scrafty
|
|-weather|SunnyDay|[upkeep]
|-heal|p2a: Archaludon|36/100|[from] item: Leftovers
|upkeep
|turn|7
|inactive|anino23 has 30 seconds left.
|inactive|nanum56770 has 30 seconds left.
|
|t:|1783662392
|move|p2a: Archaludon|Dragon Pulse|p1b: Scrafty
|-damage|p1b: Scrafty|3/100
|move|p1b: Scrafty|Drain Punch|p2a: Archaludon
|-supereffective|p2a: Archaludon|1
|-damage|p2a: Archaludon|0 fnt
|-heal|p1b: Scrafty|21/100|[from] drain|[of] p2a: Archaludon
|faint|p2a: Archaludon
|move|p2b: Pelipper|Hurricane|p1b: Scrafty|[miss]
|-miss|p2b: Pelipper|p1b: Scrafty
|move|p1a: Torkoal|Eruption|p2b: Pelipper
|-resisted|p2b: Pelipper|1
|-damage|p2b: Pelipper|0 fnt
|faint|p2b: Pelipper
|
|win|anino23
||anino23 is ready for game 2.
||nanum56770 is ready for game 2.
|uhtml|next|Next: Game 2 of 3
|l|☆nanum56770
|player|p2|
