|j|☆ghhbbj
|j|☆x-demon18
|html|ghhbbjx-demon18    
|uhtml|bestof|Game 1 of a best-of-3
|t:|1784171433
|gametype|doubles
|player|p1|ghhbbj|roxie|1213
|player|p2|x-demon18|lucas|1188
|gen|9
|tier|[Gen 9 Champions] VGC 2026 Reg M-B (Bo3)
|rated|
|rule|Species Clause: Limit one of each Pokémon
|rule|Item Clause: Limit 1 of each item
|clearpoke
|poke|p1|Kingambit, L50, F|
|poke|p1|Garchomp, L50, M|
|poke|p1|Aerodactyl, L50, F|
|poke|p1|Charizard, L50, F|
|poke|p1|Farigiraf, L50, F|
|poke|p1|Sylveon, L50, F|
|poke|p2|Incineroar, L50, M|
|poke|p2|Rotom-Wash, L50|
|poke|p2|Venusaur, L50, F|
|poke|p2|Garchomp, L50, M|
|poke|p2|Corviknight, L50, F|
|poke|p2|Sylveon, L50, F|
|teampreview|4
|showteam|p1|Kingambit||BlackGlasses|Defiant|KowtowCleave,Protect,IronHead,SuckerPunch|Adamant||F|||50|]Garchomp||LifeOrb|RoughSkin|RockSlide,Earthquake,DragonClaw,Protect|Jolly||M|||50|]Aerodactyl||FocusSash|Unnerve|RockSlide,IceFang,DualWingbeat,Tailwind|Jolly||F|||50|]Charizard||CharizarditeY|Blaze|HeatWave,SolarBeam,WeatherBall,Protect|Modest||F|||50|]Farigiraf||SitrusBerry|ArmorTail|TrickRoom,PsychicFangs,GrassKnot,TwinBeam|Bold||F|||50|]Sylveon||FairyFeather|Pixilate|HyperVoice,HyperBeam,Yawn,Protect|Modest||F|||50|
|showteam|p2|Incineroar||ExpertBelt|Intimidate|FakeOut,TemperFlare,ThroatChop,PartingShot|Adamant||M|||50|]Rotom-Wash||SitrusBerry|Levitate|HydroPump,Electroweb,WillOWisp,VoltSwitch|Calm|||||50|]Venusaur||Venusaurite|Chlorophyll|GigaDrain,SludgeBomb,EarthPower,Protect|Modest||F|||50|]Garchomp||LifeOrb|RoughSkin|RockSlide,DragonClaw,StompingTantrum,Protect|Jolly||M|||50|]Corviknight||OccaBerry|MirrorArmor|Tailwind,BraveBird,IronHead,BodyPress|Careful||F|||50|]Sylveon||FairyFeather|Pixilate|HyperVoice,QuickAttack,Yawn,Detect|Modest||F|||50|
|inactive|Battle timer is ON: inactive players will automatically lose when time's up. (requested by ghhbbj)
|inactive|ghhbbj has 60 seconds left.
|inactive|x-demon18 has 60 seconds left.
|
|t:|1784171500
|teamsize|p1|4
|teamsize|p2|4
|start
|switch|p1a: Charizard|Charizard, L50, F|100/100
|switch|p1b: Aerodactyl|Aerodactyl, L50, F|100/100
|switch|p2a: Griffith|Corviknight, L50, F|100/100
|switch|p2b: HydroVolt|Rotom-Wash, L50|100/100
|-ability|p1b: Aerodactyl|Unnerve
|turn|1
|
|t:|1784171514
|detailschange|p1a: Charizard|Charizard-Mega-Y, L50, F
|-mega|p1a: Charizard|Charizard|Charizardite Y
|-weather|SunnyDay|[from] ability: Drought|[of] p1a: Charizard
|move|p1b: Aerodactyl|Tailwind|p1b: Aerodactyl
|-sidestart|p1: ghhbbj|move: Tailwind
|move|p1a: Charizard|Solar Beam||[still]
|-prepare|p1a: Charizard|Solar Beam
|-anim|p1a: Charizard|Solar Beam|p2b: HydroVolt
|-supereffective|p2b: HydroVolt|1
|-damage|p2b: HydroVolt|8/100
|move|p2b: HydroVolt|Electroweb|p1a: Charizard|[spread] p1a,p1b
|-supereffective|p1a: Charizard|1
|-supereffective|p1b: Aerodactyl|1
|-damage|p1a: Charizard|65/100
|-damage|p1b: Aerodactyl|46/100
|-unboost|p1a: Charizard|spe|1
|-unboost|p1b: Aerodactyl|spe|1
|move|p2a: Griffith|Iron Head|p1b: Aerodactyl
|-supereffective|p1b: Aerodactyl|1
|-damage|p1b: Aerodactyl|0 fnt
|-enditem|p2b: HydroVolt|Sitrus Berry|[eat]
|-heal|p2b: HydroVolt|33/100|[from] item: Sitrus Berry
|faint|p1b: Aerodactyl
|
|-weather|SunnyDay|[upkeep]
|upkeep
|
|t:|1784171538
|switch|p1b: Garchomp|Garchomp, L50, M|100/100
|turn|2
|
|t:|1784171559
|switch|p2b: Wolverine|Incineroar, L50, M|100/100
|-ability|p2b: Wolverine|Intimidate|boost
|-unboost|p1a: Charizard|atk|1
|-unboost|p1b: Garchomp|atk|1
|move|p1b: Garchomp|Rock Slide|p2b: Wolverine|[spread] p2a,p2b
|-supereffective|p2b: Wolverine|1
|-damage|p2a: Griffith|83/100
|-damage|p2b: Wolverine|65/100
|-damage|p1b: Garchomp|90/100|[from] item: Life Orb
|move|p1a: Charizard|Heat Wave|p2a: Griffith|[spread] p2a,p2b
|-supereffective|p2a: Griffith|1
|-enditem|p2a: Griffith|Occa Berry|[eat]
|-enditem|p2a: Griffith|Occa Berry|[weaken]
|-resisted|p2b: Wolverine|1
|-damage|p2a: Griffith|27/100
|-damage|p2b: Wolverine|36/100
|cant|p2a: Griffith|flinch
|
|-weather|SunnyDay|[upkeep]
|upkeep
|turn|3
|
|t:|1784171584
|switch|p1a: Farigiraf|Farigiraf, L50, F|100/100
|move|p2b: Wolverine|Fake Out||[still]
|cant|p1a: Farigiraf|ability: Armor Tail|Fake Out|[of] p2b: Wolverine
|move|p1b: Garchomp|Rock Slide|p2a: Griffith|[spread] p2b
|-miss|p1b: Garchomp|p2a: Griffith
|-supereffective|p2b: Wolverine|1
|-damage|p2b: Wolverine|1/100
|-damage|p1b: Garchomp|80/100|[from] item: Life Orb
|move|p2a: Griffith|Tailwind|p2a: Griffith
|-sidestart|p2: x-demon18|move: Tailwind
|
|-weather|SunnyDay|[upkeep]
|upkeep
|turn|4
|inactive|x-demon18 has 30 seconds left.
|
|t:|1784171615
|switch|p2b: Berserk|Garchomp, L50, M|100/100
|move|p1b: Garchomp|Rock Slide|p2a: Griffith|[spread] p2b
|-miss|p1b: Garchomp|p2a: Griffith
|-resisted|p2b: Berserk|1
|-damage|p2b: Berserk|92/100
|-damage|p1b: Garchomp|70/100|[from] item: Life Orb
|move|p2a: Griffith|Body Press|p1a: Farigiraf
|-damage|p1a: Farigiraf|86/100
|move|p1a: Farigiraf|Trick Room|p1a: Farigiraf
|-fieldstart|move: Trick Room|[of] p1a: Farigiraf
|
|-weather|SunnyDay|[upkeep]
|-sideend|p1: ghhbbj|move: Tailwind
|upkeep
|turn|5
|inactive|ghhbbj has 30 seconds left.
|inactive|x-demon18 has 30 seconds left.
|
|t:|1784171646
|switch|p2b: Wolverine|Incineroar, L50, M|1/100
|-ability|p2b: Wolverine|Intimidate|boost
|-unboost|p1a: Farigiraf|atk|1
|-unboost|p1b: Garchomp|atk|1
|move|p1a: Farigiraf|Twin Beam|p2a: Griffith
|-resisted|p2a: Griffith|1
|-crit|p2a: Griffith
|-damage|p2a: Griffith|16/100
|-resisted|p2a: Griffith|1
|-damage|p2a: Griffith|10/100
|-hitcount|p2a: Griffith|2
|move|p1b: Garchomp|Dragon Claw|p2b: Wolverine
|-damage|p2b: Wolverine|0 fnt
|faint|p2b: Wolverine
|-damage|p1b: Garchomp|61/100|[from] item: Life Orb
|move|p2a: Griffith|Brave Bird|p1a: Farigiraf
|-damage|p1a: Farigiraf|55/100
|-damage|p2a: Griffith|0 fnt|[from] Recoil
|faint|p2a: Griffith
|
|-weather|none
|upkeep
|
|t:|1784171668
|switch|p2b: HydroVolt|Rotom-Wash, L50|33/100
|switch|p2a: Berserk|Garchomp, L50, M|92/100
|turn|6
|
|t:|1784171689
|switch|p1b: Charizard|Charizard-Mega-Y, L50, F|65/100
|-weather|SunnyDay|[from] ability: Drought|[of] p1b: Charizard
|move|p2a: Berserk|Protect|p2a: Berserk
|-singleturn|p2a: Berserk|Protect
|move|p1a: Farigiraf|Grass Knot|p2b: HydroVolt
|-supereffective|p2b: HydroVolt|1
|-damage|p2b: HydroVolt|23/100
|move|p2b: HydroVolt|Hydro Pump|p1b: Charizard
|-supereffective|p1b: Charizard|1
|-damage|p1b: Charizard|22/100
|
|-weather|SunnyDay|[upkeep]
|-sideend|p2: x-demon18|move: Tailwind
|upkeep
|turn|7
|inactive|ghhbbj has 30 seconds left.
|inactive|x-demon18 has 30 seconds left.
|
|t:|1784171715
|move|p1b: Charizard|Protect|p1b: Charizard
|-singleturn|p1b: Charizard|Protect
|move|p1a: Farigiraf|Grass Knot|p2b: HydroVolt
|-supereffective|p2b: HydroVolt|1
|-damage|p2b: HydroVolt|13/100
|move|p2b: HydroVolt|Electroweb|p1a: Farigiraf|[spread] p1a
|-activate|p1b: Charizard|move: Protect
|-damage|p1a: Farigiraf|37/100
|-unboost|p1a: Farigiraf|spe|1
|-enditem|p1a: Farigiraf|Sitrus Berry|[eat]
|-heal|p1a: Farigiraf|62/100|[from] item: Sitrus Berry
|move|p2a: Berserk|Dragon Claw|p1a: Farigiraf
|-damage|p1a: Farigiraf|25/100
|-damage|p2a: Berserk|82/100|[from] item: Life Orb
|
|-weather|SunnyDay|[upkeep]
|upkeep
|turn|8
|inactive|ghhbbj has 30 seconds left.
|inactive|x-demon18 has 30 seconds left.
|
|t:|1784171744
|move|p2a: Berserk|Protect|p2a: Berserk
|-singleturn|p2a: Berserk|Protect
|move|p1a: Farigiraf|Twin Beam|p2b: HydroVolt
|-damage|p2b: HydroVolt|1/100
|-damage|p2b: HydroVolt|0 fnt
|faint|p2b: HydroVolt
|-hitcount|p2: HydroVolt|2
|move|p1b: Charizard|Weather Ball|p2a: Berserk
|-activate|p2a: Berserk|move: Protect
|
|-weather|SunnyDay|[upkeep]
|-fieldend|move: Trick Room
|upkeep
|turn|9
|
|t:|1784171760
|move|p1b: Charizard|Protect|p1b: Charizard
|-singleturn|p1b: Charizard|Protect
|move|p2a: Berserk|Rock Slide|p1a: Farigiraf|[spread] p1a
|-activate|p1b: Charizard|move: Protect
|-damage|p1a: Farigiraf|7/100
|-damage|p2a: Berserk|72/100|[from] item: Life Orb
|move|p1a: Farigiraf|Trick Room|p1a: Farigiraf
|-fieldstart|move: Trick Room|[of] p1a: Farigiraf
|
|-weather|SunnyDay|[upkeep]
|upkeep
|turn|10
|
|t:|1784171775
|switch|p1b: Garchomp|Garchomp, L50, M|61/100
|move|p1a: Farigiraf|Twin Beam|p2a: Berserk
|-damage|p2a: Berserk|55/100
|-damage|p2a: Berserk|37/100
|-hitcount|p2a: Berserk|2
|move|p2a: Berserk|Rock Slide|p1b: Garchomp|[spread] p1a,p1b
|-resisted|p1b: Garchomp|1
|-damage|p1a: Farigiraf|0 fnt
|-damage|p1b: Garchomp|49/100
|faint|p1a: Farigiraf
|-damage|p2a: Berserk|27/100|[from] item: Life Orb
|
|-weather|none
|upkeep
|
|t:|1784171790
|switch|p1a: Charizard|Charizard-Mega-Y, L50, F|22/100
|-weather|SunnyDay|[from] ability: Drought|[of] p1a: Charizard
|turn|11
|
|t:|1784171797
|move|p1a: Charizard|Weather Ball|p2a: Berserk
|-resisted|p2a: Berserk|1
|-damage|p2a: Berserk|0 fnt
|faint|p2a: Berserk
|
|win|ghhbbj
