|j|☆dogggybears
|j|☆ChuggleAschenazita
|html|dogggybearsChuggleAschenazita    
|uhtml|bestof|Game 1 of a best-of-3
|t:|1757625605
|gametype|doubles
|player|p1|dogggybears|roxie|1217
|player|p2|ChuggleAschenazita|102|1274
|gen|9
|tier|[Gen 9] VGC 2025 Reg H (Bo3)
|rated|
|rule|Species Clause: Limit one of each Pokémon
|rule|Item Clause: Limit 1 of each item
|clearpoke
|poke|p1|Sneasler, L50, M|
|poke|p1|Indeedee, L50, M|
|poke|p1|Volcarona, L50, M|
|poke|p1|Ursaluna-Bloodmoon, L50, M|
|poke|p1|Annihilape, L50, F|
|poke|p1|Tyranitar, L50, M|
|poke|p2|Incineroar, L50, F|
|poke|p2|Amoonguss, L50, M|
|poke|p2|Gholdengo, L50|
|poke|p2|Hydreigon, L50, M|
|poke|p2|Ursaluna, L50, F|
|poke|p2|Porygon2, L50|
|teampreview|4
|showteam|p1|Sneasler||PsychicSeed|Unburden|CloseCombat,DireClaw,ThroatChop,Protect|||M|||50|,,,,,Dark]Indeedee||ChoiceScarf|PsychicSurge|ExpandingForce,TeraBlast,Trick,Protect|||M|||50|,,,,,Psychic]Volcarona||SitrusBerry|FlameBody|Overheat,StruggleBug,RagePowder,Tailwind|||M|||50|,,,,,Grass]Ursaluna-Bloodmoon||LifeOrb|MindsEye|BloodMoon,HyperVoice,EarthPower,Protect|||M|||50|,,,,,Normal]Annihilape||SafetyGoggles|Defiant|CloseCombat,RageFist,Taunt,FinalGambit|||F|||50|,,,,,Fairy]Tyranitar||AssaultVest|SandStream|RockSlide,KnockOff,TeraBlast,LowKick|||M|||50|,,,,,Flying
|showteam|p2|Incineroar||SafetyGoggles|Intimidate|FlareBlitz,KnockOff,PartingShot,FakeOut|||F|||50|,,,,,Grass]Amoonguss||RockyHelmet|Regenerator|PollenPuff,ClearSmog,Spore,RagePowder|||M|||50|,,,,,Psychic]Gholdengo||LifeOrb|GoodasGold|MakeItRain,ShadowBall,NastyPlot,Protect||||||50|,,,,,Water]Hydreigon||CovertCloak|Levitate|DracoMeteor,Snarl,Tailwind,Taunt|||M|||50|,,,,,Ghost]Ursaluna||FlameOrb|Guts|Facade,HeadlongRush,Earthquake,Protect|||F|||50|,,,,,Ghost]Porygon2||Eviolite|Download|TeraBlast,IceBeam,Recover,TrickRoom||||||50|,,,,,Fighting
|
|t:|1757625649
|teamsize|p1|4
|teamsize|p2|4
|start
|switch|p1a: Annihilape|Annihilape, L50, F|100/100
|switch|p1b: Tyranitar|Tyranitar, L50, M|100/100
|switch|p2a: In Strada|Hydreigon, L50, M|100/100
|switch|p2b: Ho Lavorato|Gholdengo, L50|100/100
|-weather|Sandstorm|[from] ability: Sand Stream|[of] p1b: Tyranitar
|turn|1
|
|t:|1757625693
|-terastallize|p2b: Ho Lavorato|Water
|move|p2a: In Strada|Tailwind|p2a: In Strada
|-sidestart|p2: ChuggleAschenazita|move: Tailwind
|move|p2b: Ho Lavorato|Nasty Plot|p2b: Ho Lavorato
|-boost|p2b: Ho Lavorato|spa|2
|move|p1a: Annihilape|Close Combat|p2a: In Strada
|-supereffective|p2a: In Strada
|-damage|p2a: In Strada|0 fnt
|-unboost|p1a: Annihilape|def|1
|-unboost|p1a: Annihilape|spd|1
|faint|p2a: In Strada
|move|p1b: Tyranitar|Knock Off|p2b: Ho Lavorato
|-damage|p2b: Ho Lavorato|45/100
|-enditem|p2b: Ho Lavorato|Life Orb|[from] move: Knock Off|[of] p1b: Tyranitar
|
|-weather|Sandstorm|[upkeep]
|-damage|p2b: Ho Lavorato|39/100|[from] Sandstorm
|upkeep
|
|t:|1757625711
|switch|p2a: Di Notte|Ursaluna, L50, F|100/100
|turn|2
|
|t:|1757625736
|move|p2b: Ho Lavorato|Make It Rain|p1b: Tyranitar|[spread] p1a,p1b
|-supereffective|p1b: Tyranitar
|-damage|p1a: Annihilape|0 fnt
|-damage|p1b: Tyranitar|28/100
|-unboost|p2b: Ho Lavorato|spa|1
|faint|p1a: Annihilape
|move|p2a: Di Notte|Facade|p1b: Tyranitar
|-resisted|p1b: Tyranitar
|-damage|p1b: Tyranitar|10/100
|move|p1b: Tyranitar|Knock Off|p2a: Di Notte
|-damage|p2a: Di Notte|58/100
|-enditem|p2a: Di Notte|Flame Orb|[from] move: Knock Off|[of] p1b: Tyranitar
|
|-weather|Sandstorm|[upkeep]
|-damage|p2b: Ho Lavorato|33/100|[from] Sandstorm
|upkeep
|
|t:|1757625756
|switch|p1a: Ursaluna|Ursaluna-Bloodmoon, L50, M|100/100
|turn|3
|
|t:|1757625774
|move|p2b: Ho Lavorato|Protect|p2b: Ho Lavorato
|-singleturn|p2b: Ho Lavorato|Protect
|move|p1a: Ursaluna|Protect|p1a: Ursaluna
|-singleturn|p1a: Ursaluna|Protect
|move|p2a: Di Notte|Facade|p1b: Tyranitar
|-resisted|p1b: Tyranitar
|-damage|p1b: Tyranitar|0 fnt
|faint|p1b: Tyranitar
|
|-weather|Sandstorm|[upkeep]
|-damage|p2b: Ho Lavorato|27/100|[from] Sandstorm
|upkeep
|
|t:|1757625781
|switch|p1b: Sneasler|Sneasler, L50, M|100/100
|turn|4
|
|t:|1757625810
|-terastallize|p1a: Ursaluna|Normal
|move|p2b: Ho Lavorato|Make It Rain|p1a: Ursaluna|[spread] p1a,p1b
|-damage|p1a: Ursaluna|11/100
|-damage|p1b: Sneasler|19/100
|-unboost|p2b: Ho Lavorato|spa|1
|move|p1b: Sneasler|Close Combat|p2a: Di Notte
|-supereffective|p2a: Di Notte
|-damage|p2a: Di Notte|0 fnt
|-unboost|p1b: Sneasler|def|1
|-unboost|p1b: Sneasler|spd|1
|faint|p2a: Di Notte
|move|p1a: Ursaluna|Hyper Voice|p2b: Ho Lavorato
|-damage|p2b: Ho Lavorato|0 fnt
|faint|p2b: Ho Lavorato
|-damage|p1a: Ursaluna|2/100|[from] item: Life Orb
|
|-weather|Sandstorm|[upkeep]
|-damage|p1b: Sneasler|13/100|[from] Sandstorm
|-damage|p1a: Ursaluna|0 fnt|[from] Sandstorm
|faint|p1a: Ursaluna
|-sideend|p2: ChuggleAschenazita|move: Tailwind
|upkeep
|
|t:|1757625820
|switch|p2b: Cane Mangia Cane|Incineroar, L50, F|100/100
|-ability|p2b: Cane Mangia Cane|Intimidate|boost
|-unboost|p1b: Sneasler|atk|1
|turn|5
|
|t:|1757625828
|move|p1b: Sneasler|Protect|p1b: Sneasler
|-singleturn|p1b: Sneasler|Protect
|move|p2b: Cane Mangia Cane|Fake Out|p1b: Sneasler
|-activate|p1b: Sneasler|move: Protect
|
|-weather|none
|upkeep
|turn|6
|
|t:|1757625835
|move|p1b: Sneasler|Close Combat|p2b: Cane Mangia Cane
|-supereffective|p2b: Cane Mangia Cane
|-damage|p2b: Cane Mangia Cane|9/100
|-unboost|p1b: Sneasler|def|1
|-unboost|p1b: Sneasler|spd|1
|move|p2b: Cane Mangia Cane|Flare Blitz|p1b: Sneasler
|-damage|p1b: Sneasler|0 fnt
|faint|p1b: Sneasler
|-damage|p2b: Cane Mangia Cane|6/100|[from] Recoil
|
|win|ChuggleAschenazita
||ChuggleAschenazita is ready for game 2.
||dogggybears is ready for game 2.
|uhtml|next|Next: Game 2 of 3
|l|☆ChuggleAschenazita
|player|p2|
