|j|☆spellbreakvgc
|j|☆stittur##-
|html|spellbreakvgcstittur##-    
|uhtml|bestof|Game 2 of a best-of-3
|t:|1756910553
|gametype|doubles
|player|p1|spellbreakvgc|lance|1167
|player|p2|stittur##-|266|1062
|gen|9
|tier|[Gen 9] VGC 2025 Reg H (Bo3)
|rated|
|rule|Species Clause: Limit one of each Pokémon
|rule|Item Clause: Limit 1 of each item
|clearpoke
|poke|p1|Archaludon, L50, M|
|poke|p1|Pelipper, L50, M|
|poke|p1|Basculegion, L50, M|
|poke|p1|Sinistcha, L50|
|poke|p1|Electrode-Hisui, L50|
|poke|p1|Spiritomb, L50, M|
|poke|p2|Archaludon, L50, M|
|poke|p2|Amoonguss, L50, F|
|poke|p2|Gholdengo, L50|
|poke|p2|Illumise, L50, F|
|poke|p2|Farigiraf, L50, M|
|poke|p2|Hydreigon, L50, F|
|teampreview|4
|showteam|p1|Archaludon||AssaultVest|Stamina|DragonPulse,Snarl,ElectroShot,BodyPress|||M|||50|,,,,,Bug]Pelipper||FocusSash|Drizzle|WeatherBall,Hurricane,Tailwind,Protect|||M|||50|,,,,,Stellar]Basculegion||LifeOrb|SwiftSwim|WaveCrash,LastRespects,AquaJet,Protect|||M|||50|,,,,,Grass]Sinistcha||SitrusBerry|Hospitality|MatchaGotcha,StrengthSap,RagePowder,TrickRoom||||||50|,,,,,Fire]Electrode-Hisui||LoadedDice|Soundproof|BulletSeed,Electroweb,Taunt,ThunderWave||||||50|,,,,,Ghost]Spiritomb||BlackGlasses|Pressure|DarkPulse,Snarl,TrickRoom,Imprison|||M|||50|,,,,,Water
|showteam|p2|Archaludon||PowerHerb|Sturdy|ElectroShot,TeraBlast,DragonPulse,Protect|||M|||50|,,,,,Flying]Amoonguss||Leftovers|Regenerator|RagePowder,ClearSmog,Protect,Spore|||F|||50|,,,,,Water]Gholdengo||LifeOrb|GoodasGold|Protect,TeraBlast,NastyPlot,MakeItRain||||||50|,,,,,Water]Illumise||FocusSash|Prankster|Encore,Tailwind,RainDance,Protect|||F|||50|,,,,,Ghost]Farigiraf||SitrusBerry|ArmorTail|TrickRoom,Protect,HelpingHand,AllySwitch|||M|||50|,,,,,Normal]Hydreigon||ChoiceSpecs|Levitate|DarkPulse,EarthPower,DracoMeteor,HeatWave|||F|||50|,,,,,Fire
|inactive|Battle timer is ON: inactive players will automatically lose when time's up. (requested by stittur##-)
|inactive|spellbreakvgc has 60 seconds left.
|
|t:|1756910611
|teamsize|p1|4
|teamsize|p2|4
|start
|switch|p1a: Pelipper|Pelipper, L50, M|100/100
|switch|p1b: Electrode|Electrode-Hisui, L50|100/100
|switch|p2a: Hydreigon|Hydreigon, L50, F|100/100
|switch|p2b: Illumise|Illumise, L50, F|100/100
|-weather|RainDance|[from] ability: Drizzle|[of] p1a: Pelipper
|turn|1
|inactive|spellbreakvgc has 30 seconds left.
|inactive|stittur##- has 30 seconds left.
|inactive|spellbreakvgc has 20 seconds left.
|inactive|spellbreakvgc has 15 seconds left.
|inactive|spellbreakvgc has 10 seconds left.
|
|t:|1756910659
|switch|p1a: Archaludon|Archaludon, L50, M|100/100
|move|p2b: Illumise|Tailwind|p2b: Illumise
|-sidestart|p2: stittur##-|move: Tailwind
|move|p2a: Hydreigon|Draco Meteor|p1b: Electrode
|-crit|p1b: Electrode
|-damage|p1b: Electrode|0 fnt
|-unboost|p2a: Hydreigon|spa|2
|faint|p1b: Electrode
|
|-weather|RainDance|[upkeep]
|upkeep
|
|t:|1756910672
|switch|p1b: Pelipper|Pelipper, L50, M|100/100
|turn|2
|inactive|spellbreakvgc has 30 seconds left.
|
|t:|1756910697
|switch|p2a: Archaludon|Archaludon, L50, M|100/100
|move|p2b: Illumise|Protect|p2b: Illumise
|-singleturn|p2b: Illumise|Protect
|move|p1b: Pelipper|Protect|p1b: Pelipper
|-singleturn|p1b: Pelipper|Protect
|move|p1a: Archaludon|Snarl|p2b: Illumise|[spread] p2a
|-activate|p2b: Illumise|move: Protect
|-damage|p2a: Archaludon|82/100
|-unboost|p2a: Archaludon|spa|1
|
|-weather|RainDance|[upkeep]
|upkeep
|turn|3
|
|t:|1756910720
|switch|p1b: Sinistcha|Sinistcha, L50|100/100
|move|p2b: Illumise|Encore||[still]
|-fail|p2b: Illumise
|move|p2a: Archaludon|Electro Shot||[still]
|-prepare|p2a: Archaludon|Electro Shot
|-boost|p2a: Archaludon|spa|1
|-anim|p2a: Archaludon|Electro Shot|p1a: Archaludon
|-resisted|p1a: Archaludon
|-damage|p1a: Archaludon|86/100
|-ability|p1a: Archaludon|Stamina|boost
|-boost|p1a: Archaludon|def|1
|move|p1a: Archaludon|Snarl|p2b: Illumise|[spread] p2a
|-miss|p1a: Archaludon|p2b: Illumise
|-damage|p2a: Archaludon|61/100
|-unboost|p2a: Archaludon|spa|1
|
|-weather|RainDance|[upkeep]
|upkeep
|turn|4
|
|t:|1756910742
|move|p2b: Illumise|Protect|p2b: Illumise
|-singleturn|p2b: Illumise|Protect
|move|p2a: Archaludon|Protect|p2a: Archaludon
|-singleturn|p2a: Archaludon|Protect
|move|p1a: Archaludon|Snarl|p2a: Archaludon|[spread] 
|-activate|p2a: Archaludon|move: Protect
|-activate|p2b: Illumise|move: Protect
|move|p1b: Sinistcha|Matcha Gotcha|p2b: Illumise|[spread] 
|-activate|p2a: Archaludon|move: Protect
|-activate|p2b: Illumise|move: Protect
|
|-weather|RainDance|[upkeep]
|-sideend|p2: stittur##-|move: Tailwind
|upkeep
|turn|5
|inactive|stittur##- has 30 seconds left.
|inactive|stittur##- has 20 seconds left.
|
|t:|1756910782
|move|p2b: Illumise|Encore|p1b: Sinistcha
|-start|p1b: Sinistcha|Encore
|move|p2a: Archaludon|Electro Shot||[still]
|-prepare|p2a: Archaludon|Electro Shot
|-boost|p2a: Archaludon|spa|1
|-anim|p2a: Archaludon|Electro Shot|p1a: Archaludon
|-resisted|p1a: Archaludon
|-damage|p1a: Archaludon|72/100
|-ability|p1a: Archaludon|Stamina|boost
|-boost|p1a: Archaludon|def|1
|move|p1a: Archaludon|Snarl|p2b: Illumise|[spread] p2a,p2b
|-crit|p2a: Archaludon
|-damage|p2a: Archaludon|33/100
|-damage|p2b: Illumise|84/100
|-unboost|p2a: Archaludon|spa|1
|-unboost|p2b: Illumise|spa|1
|move|p1b: Sinistcha|Matcha Gotcha|p2a: Archaludon|[spread] p2a,p2b
|-resisted|p2a: Archaludon
|-resisted|p2b: Illumise
|-damage|p2a: Archaludon|23/100
|-damage|p2b: Illumise|71/100
|
|-weather|none
|upkeep
|turn|6
|
|t:|1756910803
|switch|p2a: Gholdengo|Gholdengo, L50|100/100
|switch|p2b: Hydreigon|Hydreigon, L50, F|100/100
|move|p1a: Archaludon|Snarl|p2a: Gholdengo|[spread] p2a,p2b
|-supereffective|p2a: Gholdengo
|-resisted|p2b: Hydreigon
|-damage|p2a: Gholdengo|70/100
|-damage|p2b: Hydreigon|93/100
|-unboost|p2a: Gholdengo|spa|1
|-unboost|p2b: Hydreigon|spa|1
|move|p1b: Sinistcha|Matcha Gotcha|p2b: Hydreigon|[spread] p2a,p2b
|-resisted|p2a: Gholdengo
|-resisted|p2b: Hydreigon
|-damage|p2a: Gholdengo|57/100
|-damage|p2b: Hydreigon|80/100
|-status|p2a: Gholdengo|brn
|-status|p2b: Hydreigon|brn
|
|-damage|p2b: Hydreigon|74/100 brn|[from] brn
|-damage|p2a: Gholdengo|51/100 brn|[from] brn
|upkeep
|turn|7
|inactive|stittur##- has 30 seconds left.
|inactive|stittur##- has 20 seconds left.
|inactive|stittur##- has 15 seconds left.
|
|t:|1756910845
|switch|p1b: Pelipper|Pelipper, L50, M|100/100
|-weather|RainDance|[from] ability: Drizzle|[of] p1b: Pelipper
|move|p2b: Hydreigon|Earth Power|p1a: Archaludon
|-supereffective|p1a: Archaludon
|-damage|p1a: Archaludon|33/100
|-ability|p1a: Archaludon|Stamina|boost
|-boost|p1a: Archaludon|def|1
|move|p2a: Gholdengo|Nasty Plot|p2a: Gholdengo
|-boost|p2a: Gholdengo|spa|2
|move|p1a: Archaludon|Snarl|p2a: Gholdengo|[spread] p2a,p2b
|-supereffective|p2a: Gholdengo
|-resisted|p2b: Hydreigon
|-damage|p2a: Gholdengo|18/100 brn
|-damage|p2b: Hydreigon|67/100 brn
|-unboost|p2a: Gholdengo|spa|1
|-unboost|p2b: Hydreigon|spa|1
|
|-weather|RainDance|[upkeep]
|-damage|p2b: Hydreigon|61/100 brn|[from] brn
|-damage|p2a: Gholdengo|12/100 brn|[from] brn
|upkeep
|turn|8
|
|t:|1756910867
|switch|p1b: Sinistcha|Sinistcha, L50|100/100
|-heal|p1a: Archaludon|58/100|[from] ability: Hospitality|[of] p1b: Sinistcha
|move|p2b: Hydreigon|Earth Power|p1a: Archaludon
|-supereffective|p1a: Archaludon
|-damage|p1a: Archaludon|30/100
|-ability|p1a: Archaludon|Stamina|boost
|-boost|p1a: Archaludon|def|1
|move|p2a: Gholdengo|Make It Rain|p1a: Archaludon|[spread] p1a,p1b
|-resisted|p1a: Archaludon
|-damage|p1a: Archaludon|11/100
|-damage|p1b: Sinistcha|40/100
|-unboost|p2a: Gholdengo|spa|1
|-ability|p1a: Archaludon|Stamina|boost
|-boost|p1a: Archaludon|def|1
|-enditem|p1b: Sinistcha|Sitrus Berry|[eat]
|-heal|p1b: Sinistcha|65/100|[from] item: Sitrus Berry
|-damage|p2a: Gholdengo|2/100 brn|[from] item: Life Orb
|move|p1a: Archaludon|Snarl|p2a: Gholdengo|[spread] p2a,p2b
|-supereffective|p2a: Gholdengo
|-resisted|p2b: Hydreigon
|-damage|p2a: Gholdengo|0 fnt
|-damage|p2b: Hydreigon|53/100 brn
|-unboost|p2b: Hydreigon|spa|1
|faint|p2a: Gholdengo
|
|-weather|RainDance|[upkeep]
|-damage|p2b: Hydreigon|47/100 brn|[from] brn
|upkeep
|
|t:|1756910891
|switch|p2a: Archaludon|Archaludon, L50, M|23/100
|turn|9
|
|t:|1756910916
|-terastallize|p2a: Archaludon|Flying
|-terastallize|p1a: Archaludon|Bug
|move|p1b: Sinistcha|Rage Powder|p1b: Sinistcha
|-singleturn|p1b: Sinistcha|move: Rage Powder
|move|p2b: Hydreigon|Earth Power|p1b: Sinistcha
|-resisted|p1b: Sinistcha
|-damage|p1b: Sinistcha|57/100
|-unboost|p1b: Sinistcha|spd|1
|move|p2a: Archaludon|Tera Blast|p1b: Sinistcha|[anim] Tera Blast Flying
|-supereffective|p1b: Sinistcha
|-damage|p1b: Sinistcha|0 fnt
|faint|p1b: Sinistcha
|move|p1a: Archaludon|Snarl|p2b: Hydreigon|[spread] p2a,p2b
|-resisted|p2b: Hydreigon
|-damage|p2a: Archaludon|3/100
|-damage|p2b: Hydreigon|39/100 brn
|-unboost|p2a: Archaludon|spa|1
|-unboost|p2b: Hydreigon|spa|1
|
|-weather|RainDance|[upkeep]
|-damage|p2b: Hydreigon|33/100 brn|[from] brn
|upkeep
|
|t:|1756910934
|switch|p1b: Pelipper|Pelipper, L50, M|100/100
|turn|10
|
|t:|1756910945
|switch|p2b: Illumise|Illumise, L50, F|71/100
|move|p2a: Archaludon|Tera Blast|p1a: Archaludon|[anim] Tera Blast Flying
|-supereffective|p1a: Archaludon
|-damage|p1a: Archaludon|0 fnt
|faint|p1a: Archaludon
|move|p1b: Pelipper|Tailwind|p1b: Pelipper
|-sidestart|p1: spellbreakvgc|move: Tailwind
|
|-weather|RainDance|[upkeep]
|upkeep
|turn|11
|
|t:|1756910961
|move|p2b: Illumise|Tailwind|p2b: Illumise
|-sidestart|p2: stittur##-|move: Tailwind
|move|p2a: Archaludon|Electro Shot||[still]
|-prepare|p2a: Archaludon|Electro Shot
|-boost|p2a: Archaludon|spa|1
|-anim|p2a: Archaludon|Electro Shot|p1b: Pelipper
|-supereffective|p1b: Pelipper
|-enditem|p1b: Pelipper|Focus Sash
|-damage|p1b: Pelipper|1/100
|move|p1b: Pelipper|Hurricane|p2b: Illumise
|-supereffective|p2b: Illumise
|-damage|p2b: Illumise|0 fnt
|faint|p2b: Illumise
|
|-weather|none
|upkeep
|-message|spellbreakvgc forfeited.
|
|win|stittur##-
