|j|☆maviuc
|j|☆gg no mas
|html|maviucgg no mas    
|uhtml|bestof|Game 1 of a best-of-3
|t:|1784598205
|gametype|doubles
|player|p1|maviuc|elesa|1190
|player|p2|gg no mas|170|1245
|gen|9
|tier|[Gen 9 Champions] VGC 2026 Reg M-B (Bo3)
|rated|
|rule|Species Clause: Limit one of each Pokémon
|rule|Item Clause: Limit 1 of each item
|clearpoke
|poke|p1|Charizard, L50, F|
|poke|p1|Incineroar, L50, F|
|poke|p1|Sylveon, L50, F|
|poke|p1|Farigiraf, L50, M|
|poke|p1|Garchomp, L50, F|
|poke|p1|Aerodactyl, L50, F|
|poke|p2|Charizard, L50, M|
|poke|p2|Grimmsnarl, L50, M|
|poke|p2|Pelipper, L50, M|
|poke|p2|Archaludon, L50, F|
|poke|p2|Basculegion, L50, M|
|poke|p2|Venusaur, L50, F|
|teampreview|4
|showteam|p1|Charizard||CharizarditeY|Blaze|HeatWave,WeatherBall,SolarBeam,Protect|Modest||F|||50|]Incineroar||Charcoal|Intimidate|FlareBlitz,DarkestLariat,FakeOut,PartingShot|Brave||F|||50|]Sylveon||FairyFeather|Pixilate|HyperVoice,Yawn,QuickAttack,Protect|Modest||F|||50|]Farigiraf||SitrusBerry|ArmorTail|Psyshock,HelpingHand,TrickRoom,Protect|Calm||M|||50|]Garchomp||LifeOrb|RoughSkin|Earthquake,Protect,DragonClaw,StompingTantrum|Jolly||F|||50|]Aerodactyl||FocusSash|Unnerve|RockSlide,Tailwind,WideGuard,Protect|Jolly||F|||50|
|showteam|p2|Charizard||CharizarditeY|Blaze|Protect,HeatWave,WeatherBall,SolarBeam|Modest||M|||50|]Grimmsnarl||LightClay|Prankster|SpiritBreak,Reflect,LightScreen,PartingShot|Sassy||M|||50|]Pelipper||SitrusBerry|Drizzle|Hurricane,WeatherBall,Tailwind,WideGuard|Modest||M|||50|]Archaludon||Leftovers|Stamina|Protect,ElectroShot,DragonPulse,FlashCannon|Calm||F|||50|]Basculegion||ChoiceScarf|Adaptability|FlipTurn,WaveCrash,AquaJet,LastRespects|Jolly||M|||50|]Venusaur||FocusSash|Chlorophyll|Protect,SleepPowder,SludgeBomb,EarthPower|Modest||F|||50|
|inactive|Battle timer is ON: inactive players will automatically lose when time's up. (requested by gg no mas)
|inactive|maviuc has 60 seconds left.
|
|t:|1784598262
|teamsize|p1|4
|teamsize|p2|4
|start
|switch|p1a: Aerodactyl|Aerodactyl, L50, F|100/100
|switch|p1b: Garchomp|Garchomp, L50, F|100/100
|switch|p2a: Charizard|Charizard, L50, M|100/100
|switch|p2b: Venusaur|Venusaur, L50, F|100/100
|-ability|p1a: Aerodactyl|Unnerve
|turn|1
|inactive|maviuc has 30 seconds left.
|inactive|maviuc has 20 seconds left.
|
|t:|1784598300
|detailschange|p2a: Charizard|Charizard-Mega-Y, L50, M
|-mega|p2a: Charizard|Charizard|Charizardite Y
|-weather|SunnyDay|[from] ability: Drought|[of] p2a: Charizard
|move|p2a: Charizard|Protect|p2a: Charizard
|-singleturn|p2a: Charizard|Protect
|move|p2b: Venusaur|Sleep Powder|p1a: Aerodactyl
|-status|p1a: Aerodactyl|slp|[from] move: Sleep Powder
|cant|p1a: Aerodactyl|slp
|move|p1b: Garchomp|Dragon Claw|p2b: Venusaur
|-crit|p2b: Venusaur
|-enditem|p2b: Venusaur|Focus Sash
|-damage|p2b: Venusaur|1/100
|-damage|p1b: Garchomp|90/100|[from] item: Life Orb
|
|-weather|SunnyDay|[upkeep]
|upkeep
|turn|2
|inactive|maviuc has 30 seconds left.
|
|t:|1784598334
|move|p1b: Garchomp|Protect|p1b: Garchomp
|-singleturn|p1b: Garchomp|Protect
|move|p2b: Venusaur|Sleep Powder|p1b: Garchomp
|-activate|p1b: Garchomp|move: Protect
|cant|p1a: Aerodactyl|slp
|move|p2a: Charizard|Solar Beam||[still]
|-prepare|p2a: Charizard|Solar Beam
|-anim|p2a: Charizard|Solar Beam|p1a: Aerodactyl
|-damage|p1a: Aerodactyl|30/100 slp
|
|-weather|SunnyDay|[upkeep]
|upkeep
|turn|3
|inactive|maviuc has 30 seconds left.
|inactive|gg no mas has 30 seconds left.
|
|t:|1784598368
|move|p2b: Venusaur|Sludge Bomb|p1a: Aerodactyl
|-resisted|p1a: Aerodactyl|1
|-damage|p1a: Aerodactyl|0 fnt
|faint|p1a: Aerodactyl
|move|p1b: Garchomp|Dragon Claw|p2a: Charizard
|-damage|p2a: Charizard|52/100
|-damage|p1b: Garchomp|80/100|[from] item: Life Orb
|move|p2a: Charizard|Solar Beam||[still]
|-prepare|p2a: Charizard|Solar Beam
|-anim|p2a: Charizard|Solar Beam|p1b: Garchomp
|-damage|p1b: Garchomp|25/100
|
|-weather|SunnyDay|[upkeep]
|upkeep
|
|t:|1784598375
|switch|p1a: Sylveon|Sylveon, L50, F|100/100
|turn|4
|
|t:|1784598387
|move|p1b: Garchomp|Protect|p1b: Garchomp
|-singleturn|p1b: Garchomp|Protect
|move|p1a: Sylveon|Protect|p1a: Sylveon
|-singleturn|p1a: Sylveon|Protect
|move|p2b: Venusaur|Sludge Bomb|p1a: Sylveon
|-activate|p1a: Sylveon|move: Protect
|move|p2a: Charizard|Heat Wave|p1b: Garchomp|[spread] 
|-activate|p1a: Sylveon|move: Protect
|-activate|p1b: Garchomp|move: Protect
|
|-weather|SunnyDay|[upkeep]
|upkeep
|turn|5
|
|t:|1784598399
|move|p2a: Charizard|Protect|p2a: Charizard
|-singleturn|p2a: Charizard|Protect
|move|p1a: Sylveon|Quick Attack|p2b: Venusaur
|-resisted|p2b: Venusaur|1
|-damage|p2b: Venusaur|0 fnt
|faint|p2b: Venusaur
|move|p1b: Garchomp|Dragon Claw|p2a: Charizard
|-activate|p2a: Charizard|move: Protect
|
|-weather|none
|upkeep
|
|t:|1784598407
|switch|p2b: Basculegion|Basculegion, L50, M|100/100
|turn|6
|
|t:|1784598432
|switch|p2a: Pelipper|Pelipper, L50, M|100/100
|-weather|RainDance|[from] ability: Drizzle|[of] p2a: Pelipper
|move|p2b: Basculegion|Wave Crash|p1a: Sylveon
|-damage|p1a: Sylveon|0 fnt
|faint|p1a: Sylveon
|-damage|p2b: Basculegion|65/100|[from] Recoil
|move|p1b: Garchomp|Dragon Claw|p2a: Pelipper
|-damage|p2a: Pelipper|39/100
|-enditem|p2a: Pelipper|Sitrus Berry|[eat]
|-heal|p2a: Pelipper|63/100|[from] item: Sitrus Berry
|-damage|p1b: Garchomp|16/100|[from] item: Life Orb
|
|-weather|RainDance|[upkeep]
|upkeep
|
|t:|1784598439
|switch|p1a: Charizard|Charizard, L50, F|100/100
|turn|7
|inactive|maviuc has 30 seconds left.
|inactive|maviuc has 20 seconds left.
|inactive|gg no mas has 30 seconds left.
|inactive|maviuc has 15 seconds left.
|inactive|maviuc has 10 seconds left.
|inactive|maviuc has 5 seconds left.
|
|t:|1784598494
|move|p2b: Basculegion|Wave Crash|p1a: Charizard
|-supereffective|p1a: Charizard|1
|-damage|p1a: Charizard|0 fnt
|faint|p1a: Charizard
|-damage|p2b: Basculegion|39/100|[from] Recoil
|move|p1b: Garchomp|Earthquake|p2a: Pelipper|[spread] p2b
|-immune|p2a: Pelipper
|-damage|p2b: Basculegion|0 fnt
|faint|p2b: Basculegion
|-damage|p1b: Garchomp|6/100|[from] item: Life Orb
|move|p2a: Pelipper|Weather Ball|p1b: Garchomp
|-damage|p1b: Garchomp|0 fnt
|faint|p1b: Garchomp
|
|win|gg no mas
||maviuc is ready for game 2.
|inactive|gg no mas has 30 seconds to confirm battle start!
||gg no mas is ready for game 2.
|uhtml|next|Next: Game 2 of 3
|l|☆maviuc
|player|p1|
|j|☆maviuc
|player|p1|maviuc|elesa|
