|j|‽ECARRY
|j|☆papalima
|html|ECARRYpapalima    
|uhtml|bestof|Game 2 of a best-of-3
|t:|1785245285
|gametype|doubles
|player|p1|ECARRY|265|1355
|player|p2|papalima|169|1298
|gen|9
|tier|[Gen 9 Champions] VGC 2026 Reg M-B (Bo3)
|rated|
|rule|Species Clause: Limit one of each Pokémon
|rule|Item Clause: Limit 1 of each item
|clearpoke
|poke|p1|Gengar, L50, F|
|poke|p1|Incineroar, L50, F|
|poke|p1|Ninetales-Alola, L50, M|
|poke|p1|Kingambit, L50, F|
|poke|p1|Sneasler, L50, M|
|poke|p1|Garchomp, L50, M|
|poke|p2|Staraptor, L50, M|
|poke|p2|Delphox, L50, M|
|poke|p2|Whimsicott, L50, F|
|poke|p2|Glimmora, L50, F|
|poke|p2|Garchomp, L50, F|
|poke|p2|Kingambit, L50, F|
|teampreview|4
|showteam|p1|Gengar||Gengarite|CursedBody|ShadowBall,SludgeBomb,PerishSong,Protect|Modest||F|||50|]Incineroar||Leftovers|Intimidate|FakeOut,FlareBlitz,PartingShot,Protect|Relaxed||F|||50|]Ninetales-Alola||NeverMeltIce|SnowWarning|Blizzard,Encore,Disable,Protect|Timid||M|||50|]Kingambit||BlackGlasses|Defiant|KowtowCleave,SuckerPunch,LowKick,Protect|Adamant||F|||50|]Sneasler||FocusSash|Unburden|FakeOut,CloseCombat,GunkShot,Protect|Naughty||M|||50|]Garchomp||SitrusBerry|RoughSkin|StompingTantrum,DragonClaw,RockTomb,Protect|Adamant||M|||50|
|showteam|p2|Staraptor||Staraptite|Intimidate|CloseCombat,BraveBird,Protect,Roost|Jolly||M|||50|]Delphox||Delphoxite|Magician|HeatWave,Psychic,Substitute,Protect|Modest||M|||50|]Whimsicott||OccaBerry|Prankster|Moonblast,Tailwind,LightScreen,Charm|Timid||F|||50|]Glimmora||FocusSash|ToxicDebris|PowerGem,SludgeBomb,EarthPower,SpikyShield|Timid||F|||50|]Garchomp||LifeOrb|RoughSkin|Earthquake,DragonClaw,RockSlide,Protect|Jolly||F|||50|]Kingambit||ChopleBerry|Defiant|KowtowCleave,IronHead,SuckerPunch,LowKick|Adamant||F|||50|
|inactive|Battle timer is ON: inactive players will automatically lose when time's up. (requested by papalima)
|inactive|papalima has 60 seconds left.
|inactive|papalima has 30 seconds left.
|inactive|papalima has 20 seconds left.
|inactive|papalima has 15 seconds left.
|inactive|papalima has 10 seconds left.
|inactive|papalima has 5 seconds left.
|
|t:|1785245378
|teamsize|p1|4
|teamsize|p2|4
|start
|switch|p1a: Gengar|Gengar, L50, F|100/100
|switch|p1b: Incineroar|Incineroar, L50, F|100/100
|switch|p2a: Delphox|Delphox, L50, M|100/100
|switch|p2b: Garchomp|Garchomp, L50, F|100/100
|-ability|p1b: Incineroar|Intimidate|boost
|-unboost|p2a: Delphox|atk|1
|-unboost|p2b: Garchomp|atk|1
|turn|1
|
|t:|1785245394
|switch|p2a: Whimsicott|Whimsicott, L50, F|100/100
|detailschange|p1a: Gengar|Gengar-Mega, L50, F
|-mega|p1a: Gengar|Gengar|Gengarite
|move|p1b: Incineroar|Fake Out|p2a: Whimsicott
|-damage|p2a: Whimsicott|88/100
|move|p1a: Gengar|Perish Song|p1a: Gengar
|-start|p1a: Gengar|perish3|[silent]
|-start|p1b: Incineroar|perish3|[silent]
|-start|p2a: Whimsicott|perish3|[silent]
|-start|p2b: Garchomp|perish3|[silent]
|-fieldactivate|move: Perish Song
|move|p2b: Garchomp|Earthquake|p1b: Incineroar|[spread] p2a,p1a,p1b
|-resisted|p2a: Whimsicott|1
|-supereffective|p1a: Gengar|1
|-supereffective|p1b: Incineroar|1
|-damage|p2a: Whimsicott|70/100
|-damage|p1a: Gengar|19/100
|-damage|p1b: Incineroar|56/100
|-damage|p2b: Garchomp|90/100|[from] item: Life Orb
|
|-heal|p1b: Incineroar|62/100|[from] item: Leftovers
|-start|p1a: Gengar|perish3
|-start|p2a: Whimsicott|perish3
|-start|p2b: Garchomp|perish3
|-start|p1b: Incineroar|perish3
|upkeep
|turn|2
|
|t:|1785245412
|move|p1a: Gengar|Protect|p1a: Gengar
|-singleturn|p1a: Gengar|Protect
|move|p1b: Incineroar|Protect|p1b: Incineroar
|-singleturn|p1b: Incineroar|Protect
|move|p2a: Whimsicott|Moonblast|p1b: Incineroar
|-activate|p1b: Incineroar|move: Protect
|move|p2b: Garchomp|Earthquake|p1b: Incineroar|[spread] p2a
|-activate|p1a: Gengar|move: Protect
|-activate|p1b: Incineroar|move: Protect
|-resisted|p2a: Whimsicott|1
|-crit|p2a: Whimsicott
|-damage|p2a: Whimsicott|31/100
|-damage|p2b: Garchomp|80/100|[from] item: Life Orb
|
|-heal|p1b: Incineroar|68/100|[from] item: Leftovers
|-start|p1a: Gengar|perish2
|-start|p2a: Whimsicott|perish2
|-start|p2b: Garchomp|perish2
|-start|p1b: Incineroar|perish2
|upkeep
|turn|3
|
|t:|1785245436
|switch|p1a: Garchomp|Garchomp, L50, M|100/100
|move|p2a: Whimsicott|Moonblast|p1a: Garchomp
|-supereffective|p1a: Garchomp|1
|-damage|p1a: Garchomp|44/100
|-enditem|p1a: Garchomp|Sitrus Berry|[eat]
|-heal|p1a: Garchomp|68/100|[from] item: Sitrus Berry
|move|p2b: Garchomp|Earthquake|p1b: Incineroar|[spread] p2a,p1a,p1b
|-resisted|p2a: Whimsicott|1
|-supereffective|p1b: Incineroar|1
|-damage|p2a: Whimsicott|12/100
|-damage|p1a: Garchomp|39/100
|-damage|p1b: Incineroar|25/100
|-damage|p2b: Garchomp|71/100|[from] item: Life Orb
|move|p1b: Incineroar|Parting Shot|p2a: Whimsicott
|-unboost|p2a: Whimsicott|atk|1
|-unboost|p2a: Whimsicott|spa|1
|
|t:|1785245439
|switch|p1b: Gengar|Gengar-Mega, L50, F|19/100|[from] Parting Shot
|
|-start|p2a: Whimsicott|perish1
|-start|p2b: Garchomp|perish1
|upkeep
|turn|4
|
|t:|1785245455
|move|p1b: Gengar|Protect|p1b: Gengar
|-singleturn|p1b: Gengar|Protect
|move|p1a: Garchomp|Protect|p1a: Garchomp
|-singleturn|p1a: Garchomp|Protect
|move|p2a: Whimsicott|Tailwind|p2a: Whimsicott
|-sidestart|p2: papalima|move: Tailwind
|move|p2b: Garchomp|Rock Slide|p1b: Gengar|[spread] 
|-activate|p1a: Garchomp|move: Protect
|-activate|p1b: Gengar|move: Protect
|
|-start|p2a: Whimsicott|perish0
|-start|p2b: Garchomp|perish0
|faint|p2a: Whimsicott
|faint|p2b: Garchomp
|upkeep
|
|t:|1785245457
|switch|p2a: Glimmora|Glimmora, L50, F|100/100
|switch|p2b: Delphox|Delphox, L50, M|100/100
|turn|5
|inactive|ECARRY has 30 seconds left.
|inactive|ECARRY has 20 seconds left.
|inactive|ECARRY has 15 seconds left.
|inactive|papalima has 30 seconds left.
|inactive|ECARRY has 10 seconds left.
|
|t:|1785245506
|switch|p1b: Sneasler|Sneasler, L50, M|100/100
|detailschange|p2b: Delphox|Delphox-Mega, L50, M
|-mega|p2b: Delphox|Delphox|Delphoxite
|move|p2b: Delphox|Heat Wave|p1a: Garchomp|[spread] p1b
|-miss|p2b: Delphox|p1a: Garchomp
|-damage|p1b: Sneasler|33/100
|move|p2a: Glimmora|Earth Power|p1a: Garchomp
|-damage|p1a: Garchomp|3/100
|-unboost|p1a: Garchomp|spd|1
|move|p1a: Garchomp|Stomping Tantrum|p2a: Glimmora
|-supereffective|p2a: Glimmora|2
|-enditem|p2a: Glimmora|Focus Sash
|-damage|p2a: Glimmora|1/100
|-activate|p2a: Glimmora|ability: Toxic Debris
|-sidestart|p1: ECARRY|move: Toxic Spikes
|
|upkeep
|turn|6
|inactive|ECARRY has 30 seconds left.
|inactive|papalima has 30 seconds left.
|
|t:|1785245540
|move|p1b: Sneasler|Fake Out|p2b: Delphox
|-damage|p2b: Delphox|80/100
|cant|p2b: Delphox|flinch
|move|p2a: Glimmora|Earth Power|p1a: Garchomp
|-damage|p1a: Garchomp|0 fnt
|faint|p1a: Garchomp
|
|upkeep
|
|t:|1785245542
|switch|p1a: Incineroar|Incineroar, L50, F|25/100
|-status|p1a: Incineroar|psn
|-ability|p1a: Incineroar|Intimidate|boost
|-unboost|p2a: Glimmora|atk|1
|-unboost|p2b: Delphox|atk|1
|turn|7
|
|t:|1785245556
|switch|p1b: Gengar|Gengar-Mega, L50, F|19/100
|-sideend|p1: ECARRY|move: Toxic Spikes|[of] p1b: Gengar
|move|p2b: Delphox|Heat Wave|p1a: Incineroar|[spread] p1a,p1b
|-resisted|p1a: Incineroar|1
|-damage|p1a: Incineroar|6/100 psn
|-damage|p1b: Gengar|0 fnt
|faint|p1b: Gengar
|move|p2a: Glimmora|Earth Power|p1a: Incineroar
|-supereffective|p1a: Incineroar|1
|-damage|p1a: Incineroar|0 fnt
|faint|p1a: Incineroar
|
|-sideend|p2: papalima|move: Tailwind
|upkeep
|
|t:|1785245563
|switch|p1b: Sneasler|Sneasler, L50, M|33/100
|turn|8
|
|t:|1785245573
|move|p2b: Delphox|Psychic|p1b: Sneasler
|-supereffective|p1b: Sneasler|2
|-damage|p1b: Sneasler|0 fnt
|faint|p1b: Sneasler
|
|win|papalima
||ECARRY is ready for game 3.
||papalima is ready for game 3.
|uhtml|next|Next: Game 3 of 3
|l|‽ECARRY
|player|p1|
