|j|☆po1510
|j|☆8787878i
|html|po15108787878i    
|uhtml|bestof|Game 2 of a best-of-3
|t:|1785949084
|gametype|doubles
|player|p1|po1510|liko|1350
|player|p2|8787878i|tuberf|1332
|gen|9
|tier|[Gen 9 Champions] VGC 2026 Reg M-B (Bo3)
|rated|
|rule|Species Clause: Limit one of each Pokémon
|rule|Item Clause: Limit 1 of each item
|clearpoke
|poke|p1|Farigiraf, L50, F|
|poke|p1|Blaziken, L50, M|
|poke|p1|Basculegion, L50, M|
|poke|p1|Venusaur, L50, M|
|poke|p1|Kingambit, L50, M|
|poke|p1|Ninetales-Alola, L50, M|
|poke|p2|Froslass, L50, F|
|poke|p2|Sneasler, L50, M|
|poke|p2|Kingambit, L50, M|
|poke|p2|Basculegion, L50, M|
|poke|p2|Scovillain, L50, M|
|poke|p2|Lycanroc-Dusk, L50, F|
|teampreview|4
|showteam|p1|Farigiraf||SitrusBerry|ArmorTail|HelpingHand,Psychic,Thunderbolt,TrickRoom|Bold||F|||50|]Blaziken||Blazikenite|SpeedBoost|CloseCombat,Detect,FlareBlitz,RockSlide|Adamant||M|||50|]Basculegion||LifeOrb|Adaptability|Protect,WaveCrash,LastRespects,AquaJet|Adamant||M|||50|]Venusaur||Venusaurite|Chlorophyll|Protect,SludgeBomb,EarthPower,GigaDrain|Modest||M|||50|]Kingambit||ChopleBerry|Defiant|KowtowCleave,IronHead,SuckerPunch,LowKick|Adamant||M|||50|]Ninetales-Alola||LightClay|SnowWarning|Blizzard,AuroraVeil,Encore,Protect|Timid||M|||50|
|showteam|p2|Froslass||Froslassite|CursedBody|Protect,Blizzard,AuroraVeil,ShadowBall|Modest||F|||50|]Sneasler||WhiteHerb|Unburden|Protect,CloseCombat,FakeOut,GunkShot|Adamant||M|||50|]Kingambit||LifeOrb|Defiant|KowtowCleave,SuckerPunch,SwordsDance,Protect|Adamant||M|||50|]Basculegion||SitrusBerry|Adaptability|Protect,WaveCrash,LastRespects,AquaJet|Adamant||M|||50|]Scovillain||Scovillainite|Moody|Protect,GigaDrain,Overheat,RagePowder|Bold||M|||50|]Lycanroc-Dusk||FocusSash|ToughClaws|Protect,Accelerock,RockSlide,CloseCombat|Adamant||F|||50|
|inactive|Battle timer is ON: inactive players will automatically lose when time's up. (requested by po1510)
|
|t:|1785949108
|teamsize|p1|4
|teamsize|p2|4
|start
|switch|p1a: Venusaur|Venusaur, L50, M|100/100
|switch|p1b: Ninetales|Ninetales-Alola, L50, M|100/100
|switch|p2a: Sneasler|Sneasler, L50, M|100/100
|switch|p2b: Kingambit|Kingambit, L50, M|100/100
|-weather|Snowscape|[from] ability: Snow Warning|[of] p1b: Ninetales
|turn|1
|
|t:|1785949129
|detailschange|p1a: Venusaur|Venusaur-Mega, L50, M
|-mega|p1a: Venusaur|Venusaur|Venusaurite
|move|p1b: Ninetales|Aurora Veil|p1b: Ninetales
|-sidestart|p1: po1510|move: Aurora Veil
|move|p2a: Sneasler|Close Combat|p1a: Venusaur
|-resisted|p1a: Venusaur|1
|-damage|p1a: Venusaur|84/100
|-unboost|p2a: Sneasler|def|1
|-unboost|p2a: Sneasler|spd|1
|-enditem|p2a: Sneasler|White Herb
|-clearnegativeboost|p2a: Sneasler|[silent]
|move|p1a: Venusaur|Earth Power|p2b: Kingambit
|-supereffective|p2b: Kingambit|1
|-damage|p2b: Kingambit|41/100
|move|p2b: Kingambit|Swords Dance|p2b: Kingambit
|-boost|p2b: Kingambit|atk|2
|
|-weather|Snowscape|[upkeep]
|upkeep
|turn|2
|
|t:|1785949147
|move|p1a: Venusaur|Protect|p1a: Venusaur
|-singleturn|p1a: Venusaur|Protect
|move|p2b: Kingambit|Sucker Punch||[still]
|-fail|p2b: Kingambit
|move|p2a: Sneasler|Gunk Shot|p1a: Venusaur
|-activate|p1a: Venusaur|move: Protect
|move|p1b: Ninetales|Encore|p2b: Kingambit
|-start|p2b: Kingambit|Encore
|
|-weather|Snowscape|[upkeep]
|upkeep
|turn|3
|
|t:|1785949168
|move|p2b: Kingambit|Sucker Punch|p1a: Venusaur
|-damage|p1a: Venusaur|35/100
|-damage|p2b: Kingambit|31/100|[from] item: Life Orb
|move|p2a: Sneasler|Gunk Shot|p1b: Ninetales
|-supereffective|p1b: Ninetales|1
|-damage|p1b: Ninetales|35/100
|move|p1b: Ninetales|Blizzard|p2a: Sneasler|[spread] p2a,p2b
|-resisted|p2b: Kingambit|1
|-damage|p2a: Sneasler|63/100
|-damage|p2b: Kingambit|19/100
|move|p1a: Venusaur|Earth Power|p2a: Sneasler
|-supereffective|p2a: Sneasler|1
|-damage|p2a: Sneasler|0 fnt
|faint|p2a: Sneasler
|
|-weather|Snowscape|[upkeep]
|upkeep
|
|t:|1785949177
|switch|p2a: Basculegion|Basculegion, L50, M|100/100
|turn|4
|
|t:|1785949194
|switch|p1a: Kingambit|Kingambit, L50, M|100/100
|move|p2b: Kingambit|Sucker Punch||[still]
|-fail|p2b: Kingambit
|move|p1b: Ninetales|Blizzard|p2a: Basculegion|[spread] p2a,p2b
|-resisted|p2a: Basculegion|1
|-resisted|p2b: Kingambit|1
|-damage|p2a: Basculegion|87/100
|-damage|p2b: Kingambit|8/100
|move|p2a: Basculegion|Last Respects|p1b: Ninetales
|-damage|p1b: Ninetales|0 fnt
|faint|p1b: Ninetales
|
|-weather|Snowscape|[upkeep]
|upkeep
|
|t:|1785949204
|switch|p1b: Basculegion|Basculegion, L50, M|100/100
|turn|5
|
|t:|1785949209
|move|p2a: Basculegion|Protect|p2a: Basculegion
|-singleturn|p2a: Basculegion|Protect
|move|p1b: Basculegion|Aqua Jet|p2b: Kingambit
|-damage|p2b: Kingambit|0 fnt
|faint|p2b: Kingambit
|-damage|p1b: Basculegion|90/100|[from] item: Life Orb
|move|p1a: Kingambit|Kowtow Cleave|p2a: Basculegion
|-activate|p2a: Basculegion|move: Protect
|
|-weather|none
|upkeep
|
|t:|1785949212
|switch|p2b: Re|Scovillain, L50, M|100/100
|turn|6
|
|t:|1785949226
|switch|p1a: Venusaur|Venusaur-Mega, L50, M|35/100
|detailschange|p2b: Re|Scovillain-Mega, L50, M
|-mega|p2b: Re|Scovillain|Scovillainite
|move|p1b: Basculegion|Protect|p1b: Basculegion
|-singleturn|p1b: Basculegion|Protect
|move|p2b: Re|Overheat|p1a: Venusaur
|-supereffective|p1a: Venusaur|1
|-damage|p1a: Venusaur|2/100
|-unboost|p2b: Re|spa|2
|move|p2a: Basculegion|Last Respects|p1a: Venusaur
|-damage|p1a: Venusaur|0 fnt
|faint|p1a: Venusaur
|
|upkeep
|
|t:|1785949234
|switch|p1a: Kingambit|Kingambit, L50, M|100/100
|turn|7
|
|t:|1785949257
|move|p2b: Re|Protect|p2b: Re
|-singleturn|p2b: Re|Protect
|move|p1b: Basculegion|Last Respects|p2b: Re
|-activate|p2b: Re|move: Protect
|move|p2a: Basculegion|Last Respects|p1b: Basculegion
|-supereffective|p1b: Basculegion|1
|-damage|p1b: Basculegion|0 fnt
|faint|p1b: Basculegion
|move|p1a: Kingambit|Kowtow Cleave|p2a: Basculegion
|-supereffective|p2a: Basculegion|1
|-damage|p2a: Basculegion|0 fnt
|faint|p2a: Basculegion
|
|upkeep
|turn|8
|
|t:|1785949272
|move|p2b: Re|Overheat|p1a: Kingambit
|-supereffective|p1a: Kingambit|1
|-damage|p1a: Kingambit|59/100
|-unboost|p2b: Re|spa|2
|move|p1a: Kingambit|Kowtow Cleave|p2b: Re
|-damage|p2b: Re|54/100
|-status|p1a: Kingambit|brn|[from] ability: Spicy Spray|[of] p2b: Re
|
|-damage|p1a: Kingambit|53/100 brn|[from] brn
|-sideend|p1: po1510|move: Aurora Veil
|upkeep
|turn|9
|
|t:|1785949276
|move|p2b: Re|Protect|p2b: Re
|-singleturn|p2b: Re|Protect
|move|p1a: Kingambit|Kowtow Cleave|p2b: Re
|-activate|p2b: Re|move: Protect
|
|-damage|p1a: Kingambit|47/100 brn|[from] brn
|upkeep
|turn|10
|
|t:|1785949279
|move|p2b: Re|Overheat|p1a: Kingambit
|-supereffective|p1a: Kingambit|1
|-damage|p1a: Kingambit|8/100 brn
|-unboost|p2b: Re|spa|2
|move|p1a: Kingambit|Kowtow Cleave|p2b: Re
|-crit|p2b: Re
|-damage|p2b: Re|19/100
|
|-damage|p1a: Kingambit|2/100 brn|[from] brn
|upkeep
|turn|11
|
|t:|1785949282
|move|p2b: Re|Protect|p2b: Re
|-singleturn|p2b: Re|Protect
|move|p1a: Kingambit|Sucker Punch||[still]
|-fail|p1a: Kingambit
|
|-damage|p1a: Kingambit|0 fnt|[from] brn
|faint|p1a: Kingambit
|
|win|8787878i
