|j|☆CrystalGem02
|j|☆freyartchan
|html|CrystalGem02freyartchan    
|uhtml|bestof|Game 1 of a best-of-3
|t:|1756661372
|gametype|doubles
|player|p1|CrystalGem02|valerie|
|player|p2|freyartchan|kieran-champion|
|gen|9
|tier|[Gen 9] VGC 2025 Reg H (Bo3)
|rule|Species Clause: Limit one of each Pokémon
|rule|Item Clause: Limit 1 of each item
|clearpoke
|poke|p1|Ursaluna, L50, F|
|poke|p1|Porygon2, L50|
|poke|p1|Incineroar, L50, M|
|poke|p1|Yanmega, L50, M|
|poke|p1|Sneasler, L50, M|
|poke|p1|Archaludon, L50, F|
|poke|p2|Sylveon, L50, M|
|poke|p2|Archaludon, L50, F|
|poke|p2|Incineroar, L50, M|
|poke|p2|Ursaluna, L50, F|
|poke|p2|Ribombee, L50, M|
|poke|p2|Porygon2, L50|
|teampreview|4
|showteam|p1|Ursaluna||FlameOrb|Guts|Facade,HeadlongRush,Earthquake,Protect|||F|||50|,,,,,Ghost]Porygon2||Eviolite|Download|TeraBlast,IceBeam,Recover,TrickRoom||||||50|,,,,,Flying]Incineroar||SafetyGoggles|Intimidate|FlareBlitz,KnockOff,PartingShot,FakeOut|||M|||50|,,,,,Ghost]Yanmega||FocusSash|SpeedBoost|BugBuzz,AirSlash,Tailwind,Protect|||M|||50|,,,,,Ghost]Sneasler||WhiteHerb|Unburden|DireClaw,CloseCombat,ThroatChop,Protect|||M|||50|,,,,,Stellar]Archaludon||PowerHerb|Stalwart|ElectroShot,DragonPulse,Thunderbolt,Protect|||F|||50|,,,,,Electric
|showteam|p2|Sylveon||LifeOrb|Pixilate|HyperVoice,QuickAttack,TeraBlast,Protect|||M|||50|,,,,,Fire]Archaludon||PowerHerb|Sturdy|FlashCannon,DracoMeteor,ElectroShot,Protect|||F|||50|,,,,,Electric]Incineroar||SafetyGoggles|Intimidate|FakeOut,FlareBlitz,KnockOff,PartingShot|||M|||50|,,,,,Ghost]Ursaluna||FlameOrb|Guts|Facade,HeadlongRush,Earthquake,Protect|||F|||50|,,,,,Ghost]Ribombee||CovertCloak|SweetVeil|Tailwind,PollenPuff,StruggleBug,Protect|||M|||50|,,,,,Water]Porygon2||Eviolite|Download|TeraBlast,IceBeam,Recover,TrickRoom||||||50|,,,,,Flying
|
|t:|1756661463
|teamsize|p1|4
|teamsize|p2|4
|start
|switch|p1a: Yanmega|Yanmega, L50, M|100/100
|switch|p1b: Incineroar|Incineroar, L50, M|100/100
|switch|p2a: Honey|Ribombee, L50, M|100/100
|switch|p2b: Luna|Ursaluna, L50, F|100/100
|-ability|p1b: Incineroar|Intimidate|boost
|-unboost|p2a: Honey|atk|1
|-unboost|p2b: Luna|atk|1
|turn|1
|
|t:|1756661538
|move|p2b: Luna|Protect|p2b: Luna
|-singleturn|p2b: Luna|Protect
|move|p2a: Honey|Struggle Bug|p1b: Incineroar|[spread] p1a,p1b
|-resisted|p1a: Yanmega
|-damage|p1a: Yanmega|86/100
|-damage|p1b: Incineroar|88/100
|-unboost|p1a: Yanmega|spa|1
|-unboost|p1b: Incineroar|spa|1
|move|p1a: Yanmega|Tailwind|p1a: Yanmega
|-sidestart|p1: CrystalGem02|move: Tailwind
|move|p1b: Incineroar|Knock Off|p2b: Luna
|-activate|p2b: Luna|move: Protect
|
|-ability|p1a: Yanmega|Speed Boost|boost
|-boost|p1a: Yanmega|spe|1
|-status|p2b: Luna|brn|[from] item: Flame Orb
|upkeep
|turn|2
|
|t:|1756661584
|switch|p1a: Ursaluna|Ursaluna, L50, F, shiny|100/100
|move|p1b: Incineroar|Flare Blitz|p2a: Honey
|-supereffective|p2a: Honey
|-damage|p2a: Honey|0 fnt
|faint|p2a: Honey
|-damage|p1b: Incineroar|65/100|[from] Recoil
|move|p2b: Luna|Headlong Rush|p1b: Incineroar
|-supereffective|p1b: Incineroar
|-damage|p1b: Incineroar|0 fnt
|-unboost|p2b: Luna|def|1
|-unboost|p2b: Luna|spd|1
|faint|p1b: Incineroar
|
|-damage|p2b: Luna|95/100 brn|[from] brn
|-status|p1a: Ursaluna|brn|[from] item: Flame Orb
|upkeep
|
|t:|1756661607
|switch|p2a: Scotti|Incineroar, L50, M|100/100
|switch|p1b: Sneasler|Sneasler, L50, M, shiny|100/100
|-ability|p2a: Scotti|Intimidate|boost
|-unboost|p1a: Ursaluna|atk|1
|-unboost|p1b: Sneasler|atk|1
|-enditem|p1b: Sneasler|White Herb
|-clearnegativeboost|p1b: Sneasler|[silent]
|turn|3
|
|t:|1756661646
|-terastallize|p1a: Ursaluna|Ghost
|move|p1b: Sneasler|Protect|p1b: Sneasler
|-singleturn|p1b: Sneasler|Protect
|move|p2a: Scotti|Fake Out|p1b: Sneasler
|-activate|p1b: Sneasler|move: Protect
|move|p1a: Ursaluna|Headlong Rush|p2a: Scotti
|-supereffective|p2a: Scotti
|-damage|p2a: Scotti|0 fnt
|-unboost|p1a: Ursaluna|def|1
|-unboost|p1a: Ursaluna|spd|1
|faint|p2a: Scotti
|move|p2b: Luna|Facade|p1b: Sneasler
|-activate|p1b: Sneasler|move: Protect
|
|-damage|p1a: Ursaluna|95/100 brn|[from] brn
|-damage|p2b: Luna|89/100 brn|[from] brn
|upkeep
|
|t:|1756661662
|switch|p2a: Skye|Archaludon, L50, F|100/100
|turn|4
|
|t:|1756661685
|switch|p1b: Yanmega|Yanmega, L50, M|86/100
|move|p2a: Skye|Protect|p2a: Skye
|-singleturn|p2a: Skye|Protect
|move|p2b: Luna|Protect|p2b: Luna
|-singleturn|p2b: Luna|Protect
|move|p1a: Ursaluna|Earthquake|p2a: Skye|[spread] 
|-activate|p2a: Skye|move: Protect
|-activate|p2b: Luna|move: Protect
|-immune|p1b: Yanmega
|
|-damage|p1a: Ursaluna|89/100 brn|[from] brn
|-damage|p2b: Luna|83/100 brn|[from] brn
|-sideend|p1: CrystalGem02|move: Tailwind
|upkeep
|turn|5
|
|t:|1756661750
|move|p1b: Yanmega|Protect|p1b: Yanmega
|-singleturn|p1b: Yanmega|Protect
|move|p1a: Ursaluna|Protect|p1a: Ursaluna
|-singleturn|p1a: Ursaluna|Protect
|move|p2a: Skye|Electro Shot||[still]
|-prepare|p2a: Skye|Electro Shot
|-boost|p2a: Skye|spa|1
|-enditem|p2a: Skye|Power Herb
|-anim|p2a: Skye|Electro Shot|p1a: Ursaluna
|-activate|p1a: Ursaluna|move: Protect
|move|p2b: Luna|Facade|p1b: Yanmega
|-activate|p1b: Yanmega|move: Protect
|
|-damage|p2b: Luna|77/100 brn|[from] brn
|-damage|p1a: Ursaluna|83/100 brn|[from] brn
|-ability|p1b: Yanmega|Speed Boost|boost
|-boost|p1b: Yanmega|spe|1
|upkeep
|turn|6
|
|t:|1756662027
|-terastallize|p2b: Luna|Ghost
|move|p1b: Yanmega|Tailwind|p1b: Yanmega
|-sidestart|p1: CrystalGem02|move: Tailwind
|move|p1a: Ursaluna|Headlong Rush|p2b: Luna
|-damage|p2b: Luna|0 fnt
|-unboost|p1a: Ursaluna|def|1
|-unboost|p1a: Ursaluna|spd|1
|faint|p2b: Luna
|move|p2a: Skye|Flash Cannon|p1a: Ursaluna
|-damage|p1a: Ursaluna|0 fnt
|faint|p1a: Ursaluna
|
|-ability|p1b: Yanmega|Speed Boost|boost
|-boost|p1b: Yanmega|spe|1
|upkeep
|
|t:|1756662036
|switch|p1a: Sneasler|Sneasler, L50, M, shiny|100/100
|turn|7
|
|t:|1756662056
|move|p1b: Yanmega|Bug Buzz|p2a: Skye
|-resisted|p2a: Skye
|-damage|p2a: Skye|64/100
|move|p1a: Sneasler|Close Combat|p2a: Skye
|-supereffective|p2a: Skye
|-damage|p2a: Skye|0 fnt
|-unboost|p1a: Sneasler|def|1
|-unboost|p1a: Sneasler|spd|1
|faint|p2a: Skye
|
|win|CrystalGem02
