|j|☆Pokemonkey25
|j|☆DragoniteMega149
|html|Pokemonkey25DragoniteMega149    
|uhtml|bestof|Game 2 of a best-of-3
|t:|1782511414
|gametype|doubles
|player|p1|Pokemonkey25|swimmerf|1212
|player|p2|DragoniteMega149|paxton|1368
|gen|9
|tier|[Gen 9 Champions] VGC 2026 Reg M-B (Bo3)
|rated|
|rule|Species Clause: Limit one of each Pokémon
|rule|Item Clause: Limit 1 of each item
|clearpoke
|poke|p1|Raichu, L50, M|
|poke|p1|Mr. Rime, L50, F, shiny|
|poke|p1|Sinistcha, L50|
|poke|p1|Pelipper, L50, F|
|poke|p1|Machamp, L50, F|
|poke|p1|Farigiraf, L50, F|
|poke|p2|Floette-Eternal, L50, F|
|poke|p2|Incineroar, L50, M|
|poke|p2|Sinistcha, L50|
|poke|p2|Sneasler, L50, M|
|poke|p2|Delphox, L50, F|
|poke|p2|Kingambit, L50, M|
|teampreview|4
|showteam|p1|Raichu||RaichuniteY|LightningRod|FakeOut,ZapCannon,Protect,FocusBlast|Timid||M|||50|]Mr. Rime||QuickClaw|IceBody|FakeOut,RolePlay,SheerCold,Protect|Impish||F|||50|]Sinistcha||BrightPowder|Hospitality|RagePowder,MatchaGotcha,StrengthSap,TrickRoom|Bold|||||50|]Pelipper||WacanBerry|Drizzle|WideGuard,MuddyWater,Hurricane,Soak|Calm||F|||50|]Machamp||SitrusBerry|NoGuard|WideGuard,KnockOff,DynamicPunch,StoneEdge|Brave||F|||50|]Farigiraf||LifeOrb|ArmorTail|TrickRoom,HyperVoice,LightScreen,Reflect|Quiet||F|||50|
|showteam|p2|Floette-Eternal||Floettite|FlowerVeil|Moonblast,DazzlingGleam,CalmMind,Protect|Modest||F|||50|]Incineroar||SitrusBerry|Intimidate|FakeOut,FlareBlitz,ThroatChop,PartingShot|Impish||M|||50|]Sinistcha||KasibBerry|Hospitality|MatchaGotcha,TrickRoom,RagePowder,Protect|Bold|||||50|]Sneasler||FocusSash|Unburden|FakeOut,CloseCombat,DireClaw,QuickGuard|Jolly||M|||50|]Delphox||Delphoxite|Blaze|NastyPlot,Psyshock,HeatWave,Protect|Timid||F|||50|]Kingambit||BlackGlasses|Defiant|KowtowCleave,SuckerPunch,SwordsDance,Protect|Brave||M|||50|
|inactive|Battle timer is ON: inactive players will automatically lose when time's up. (requested by Pokemonkey25)
|
|t:|1782511440
|teamsize|p1|4
|teamsize|p2|4
|start
|switch|p1a: Time Wizard|Mr. Rime, L50, F, shiny|100/100
|switch|p1b: Sunda|Raichu, L50, M|100/100
|switch|p2a: Floette|Floette-Eternal, L50, F|100/100
|switch|p2b: Sinistcha|Sinistcha, L50|100/100
|turn|1
|
|t:|1782511457
|detailschange|p1b: Sunda|Raichu-Mega-Y, L50, M
|-mega|p1b: Sunda|Raichu|Raichunite Y
|detailschange|p2a: Floette|Floette-Mega, L50, F
|-mega|p2a: Floette|Floette|Floettite
|-ability|p2a: Floette|Fairy Aura
|move|p1b: Sunda|Fake Out|p2a: Floette
|-damage|p2a: Floette|91/100
|move|p2b: Sinistcha|Rage Powder|p2b: Sinistcha
|-singleturn|p2b: Sinistcha|move: Rage Powder
|cant|p2a: Floette|flinch
|move|p1a: Time Wizard|Sheer Cold|p2b: Sinistcha|[miss]
|-miss|p1a: Time Wizard|p2b: Sinistcha
|
|upkeep
|turn|2
|
|t:|1782511473
|move|p1b: Sunda|Protect|p1b: Sunda
|-singleturn|p1b: Sunda|Protect
|move|p2b: Sinistcha|Rage Powder|p2b: Sinistcha
|-singleturn|p2b: Sinistcha|move: Rage Powder
|move|p2a: Floette|Dazzling Gleam|p1b: Sunda|[spread] p1a
|-activate|p1b: Sunda|move: Protect
|-damage|p1a: Time Wizard|59/100
|move|p1a: Time Wizard|Sheer Cold|p2b: Sinistcha|[miss]
|-miss|p1a: Time Wizard|p2b: Sinistcha
|
|upkeep
|turn|3
|
|t:|1782511493
|switch|p1b: Booteafull|Sinistcha, L50|100/100
|-heal|p1a: Time Wizard|84/100|[from] ability: Hospitality|[of] p1b: Booteafull
|move|p2b: Sinistcha|Rage Powder|p2b: Sinistcha
|-singleturn|p2b: Sinistcha|move: Rage Powder
|move|p2a: Floette|Moonblast|p1a: Time Wizard
|-damage|p1a: Time Wizard|22/100
|move|p1a: Time Wizard|Sheer Cold|p2b: Sinistcha|[miss]
|-miss|p1a: Time Wizard|p2b: Sinistcha
|
|upkeep
|turn|4
|
|t:|1782511508
|switch|p2b: Kingambit|Kingambit, L50, M|100/100
|switch|p1b: Sunda|Raichu-Mega-Y, L50, M|100/100
|move|p1a: Time Wizard|Protect|p1a: Time Wizard
|-singleturn|p1a: Time Wizard|Protect
|move|p2a: Floette|Dazzling Gleam|p1a: Time Wizard|[spread] p1b
|-activate|p1a: Time Wizard|move: Protect
|-damage|p1b: Sunda|33/100
|
|upkeep
|turn|5
|inactive|Pokemonkey25 has 30 seconds left.
|
|t:|1782511535
|move|p1b: Sunda|Fake Out|p2a: Floette
|-damage|p2a: Floette|84/100
|move|p2b: Kingambit|Sucker Punch||[still]
|-fail|p2b: Kingambit
|cant|p2a: Floette|flinch
|move|p1a: Time Wizard|Role Play|p1b: Sunda
|-ability|p1a: Time Wizard|No Guard|Ice Body|[from] move: Role Play|[of] p1b: Sunda
|
|upkeep
|turn|6
|
|t:|1782511550
|switch|p1b: Booteafull|Sinistcha, L50|100/100
|-heal|p1a: Time Wizard|47/100|[from] ability: Hospitality|[of] p1b: Booteafull
|move|p1a: Time Wizard|Protect|p1a: Time Wizard
|-singleturn|p1a: Time Wizard|Protect
|move|p2b: Kingambit|Sucker Punch||[still]
|-fail|p2b: Kingambit
|move|p2a: Floette|Moonblast|p1a: Time Wizard
|-activate|p1a: Time Wizard|move: Protect
|
|upkeep
|turn|7
|
|t:|1782511569
|move|p1b: Booteafull|Rage Powder|p1b: Booteafull
|-singleturn|p1b: Booteafull|move: Rage Powder
|move|p2a: Floette|Dazzling Gleam|p1a: Time Wizard|[spread] p1a,p1b
|-damage|p1a: Time Wizard|5/100
|-damage|p1b: Booteafull|52/100
|move|p1a: Time Wizard|Sheer Cold|p2a: Floette
|-damage|p2a: Floette|0 fnt
|faint|p2a: Floette
|-ohko
|move|p2b: Kingambit|Kowtow Cleave|p1b: Booteafull
|-supereffective|p1b: Booteafull|1
|-damage|p1b: Booteafull|0 fnt
|faint|p1b: Booteafull
|
|upkeep
|
|t:|1782511583
|switch|p2a: Sinistcha|Sinistcha, L50|100/100
|switch|p1b: Sunda|Raichu-Mega-Y, L50, M|33/100
|turn|8
|
|t:|1782511596
|switch|p1b: Farigiraf|Farigiraf, L50, F|100/100
|move|p2a: Sinistcha|Protect|p2a: Sinistcha
|-singleturn|p2a: Sinistcha|Protect
|move|p2b: Kingambit|Protect|p2b: Kingambit
|-singleturn|p2b: Kingambit|Protect
|move|p1a: Time Wizard|Sheer Cold|p2b: Kingambit
|-activate|p2b: Kingambit|move: Protect
|
|upkeep
|turn|9
|inactive|Pokemonkey25 has 30 seconds left.
|
|t:|1782511622
|move|p2b: Kingambit|Protect|p2b: Kingambit
|-singleturn|p2b: Kingambit|Protect
|move|p2a: Sinistcha|Matcha Gotcha|p1b: Farigiraf|[spread] p1a,p1b
|-damage|p1a: Time Wizard|0 fnt
|-damage|p1b: Farigiraf|77/100
|-status|p1b: Farigiraf|brn
|faint|p1a: Time Wizard
|move|p1b: Farigiraf|Hyper Voice|p2b: Kingambit|[spread] 
|-activate|p2b: Kingambit|move: Protect
|-immune|p2a: Sinistcha
|
|-damage|p1b: Farigiraf|71/100 brn|[from] brn
|upkeep
|
|t:|1782511635
|switch|p1a: Sunda|Raichu-Mega-Y, L50, M|33/100
|turn|10
|
|t:|1782511647
|switch|p2b: Incineroar|Incineroar, L50, M|100/100
|-ability|p2b: Incineroar|Intimidate|boost
|-unboost|p1a: Sunda|atk|1
|-unboost|p1b: Farigiraf|atk|1
|move|p1a: Sunda|Focus Blast|p2b: Incineroar
|-supereffective|p2b: Incineroar|1
|-damage|p2b: Incineroar|17/100
|-enditem|p2b: Incineroar|Sitrus Berry|[eat]
|-heal|p2b: Incineroar|42/100|[from] item: Sitrus Berry
|move|p1b: Farigiraf|Reflect|p1b: Farigiraf
|-sidestart|p1: Pokemonkey25|Reflect
|move|p2a: Sinistcha|Trick Room|p2a: Sinistcha
|-fieldstart|move: Trick Room|[of] p2a: Sinistcha
|
|-damage|p1b: Farigiraf|65/100 brn|[from] brn
|upkeep
|turn|11
|
|t:|1782511669
|move|p1a: Sunda|Protect|p1a: Sunda
|-singleturn|p1a: Sunda|Protect
|move|p2b: Incineroar|Throat Chop|p1b: Farigiraf
|-supereffective|p1b: Farigiraf|1
|-damage|p1b: Farigiraf|28/100 brn
|-start|p1b: Farigiraf|Throat Chop|[silent]
|move|p2a: Sinistcha|Matcha Gotcha|p1b: Farigiraf|[spread] p1b
|-activate|p1a: Sunda|move: Protect
|-damage|p1b: Farigiraf|7/100 brn
|move|p1b: Farigiraf|Trick Room|p1b: Farigiraf
|-fieldend|move: Trick Room
|
|-damage|p1b: Farigiraf|1/100 brn|[from] brn
|upkeep
|turn|12
|
|t:|1782511689
|move|p1a: Sunda|Focus Blast|p2b: Incineroar
|-supereffective|p2b: Incineroar|1
|-damage|p2b: Incineroar|0 fnt
|faint|p2b: Incineroar
|move|p2a: Sinistcha|Matcha Gotcha|p1b: Farigiraf|[spread] p1a,p1b
|-damage|p1a: Sunda|0 fnt
|-damage|p1b: Farigiraf|0 fnt
|faint|p1a: Sunda
|faint|p1b: Farigiraf
|
|win|DragoniteMega149
||Pokemonkey25 is ready for game 3.
|inactive|DragoniteMega149 has 30 seconds to confirm battle start!
||DragoniteMega149 is ready for game 3.
|uhtml|next|Next: Game 3 of 3
|l|☆Pokemonkey25
|player|p1|
