|j|☆TheLeoj
|j|☆Hjmane
|html|TheLeojHjmane    
|uhtml|bestof|Game 1 of a best-of-3
|t:|1784246203
|gametype|doubles
|player|p1|TheLeoj|266|1126
|player|p2|Hjmane|170|1095
|gen|9
|tier|[Gen 9 Champions] VGC 2026 Reg M-B (Bo3)
|rated|
|rule|Species Clause: Limit one of each Pokémon
|rule|Item Clause: Limit 1 of each item
|clearpoke
|poke|p1|Garchomp, L50, F, shiny|
|poke|p1|Venusaur, L50, F, shiny|
|poke|p1|Incineroar, L50, F, shiny|
|poke|p1|Charizard, L50, M, shiny|
|poke|p1|Toxapex, L50, M, shiny|
|poke|p1|Annihilape, L50, F, shiny|
|poke|p2|Staraptor, L50, F|
|poke|p2|Whimsicott, L50, F|
|poke|p2|Sableye, L50, M|
|poke|p2|Jolteon, L50, M|
|poke|p2|Altaria, L50, F|
|poke|p2|Volcarona, L50, M|
|teampreview|4
|showteam|p1|Garchomp||ChoiceScarf|RoughSkin|Earthquake,RockSlide,DragonClaw,StompingTantrum|Adamant||F|||50|]Venusaur||LifeOrb|Chlorophyll|SludgeBomb,SolarBeam,EarthPower,Protect|Modest||F|||50|]Incineroar||SitrusBerry|Intimidate|FakeOut,FlareBlitz,ThroatChop,PartingShot|Impish||F|||50|]Charizard||CharizarditeY|Blaze|HeatWave,WeatherBall,Protect,HelpingHand|Modest||M|||50|]Toxapex||Leftovers|Regenerator|Infestation,Toxic,WideGuard,BanefulBunker|Impish||M|||50|]Annihilape||FocusSash|Defiant|CloseCombat,PhantomForce,RockTomb,Protect|Jolly||F|||50|
|showteam|p2|Staraptor||Staraptite|Intimidate|CloseCombat,BraveBird,Protect,QuickAttack|Jolly||F|||50|]Whimsicott||MentalHerb|Prankster|Tailwind,Charm,CottonSpore,Moonblast|Bold||F|||50|]Sableye||LightClay|Prankster|LightScreen,Encore,WillOWisp,Reflect|Calm||M|||50|]Jolteon||Magnet|VoltAbsorb|Thunderbolt,CalmMind,HyperVoice,Protect|Timid||M|||50|]Altaria||Leftovers|CloudNine|DragonDance,Roost,BraveBird,DragonClaw|Adamant||F|||50|]Volcarona||Charcoal|FlameBody|FireBlast,BugBuzz,RainDance,Protect|Timid||M|||50|
|inactive|Battle timer is ON: inactive players will automatically lose when time's up. (requested by TheLeoj)
|inactive|TheLeoj has 60 seconds left.
|
|t:|1784246246
|teamsize|p1|4
|teamsize|p2|4
|start
|switch|p1a: Charizard|Charizard, L50, M, shiny|100/100
|switch|p1b: Venusaur|Venusaur, L50, F, shiny|100/100
|switch|p2a: Whimsicott|Whimsicott, L50, F|100/100
|switch|p2b: Staraptor|Staraptor, L50, F|100/100
|-ability|p2b: Staraptor|Intimidate|boost
|-unboost|p1a: Charizard|atk|1
|-unboost|p1b: Venusaur|atk|1
|turn|1
|inactive|Hjmane has 30 seconds left.
|
|t:|1784246273
|detailschange|p2b: Staraptor|Staraptor-Mega, L50, F
|-mega|p2b: Staraptor|Staraptor|Staraptite
|detailschange|p1a: Charizard|Charizard-Mega-Y, L50, M, shiny
|-mega|p1a: Charizard|Charizard|Charizardite Y
|-weather|SunnyDay|[from] ability: Drought|[of] p1a: Charizard
|move|p2a: Whimsicott|Tailwind|p2a: Whimsicott
|-sidestart|p2: Hjmane|move: Tailwind
|move|p2b: Staraptor|Brave Bird|p1a: Charizard
|-damage|p1a: Charizard|40/100
|-damage|p2b: Staraptor|77/100|[from] Recoil
|move|p1b: Venusaur|Sludge Bomb|p2a: Whimsicott
|-supereffective|p2a: Whimsicott|2
|-damage|p2a: Whimsicott|0 fnt
|faint|p2a: Whimsicott
|-damage|p1b: Venusaur|90/100|[from] item: Life Orb
|move|p1a: Charizard|Heat Wave|p2b: Staraptor
|-damage|p2b: Staraptor|0 fnt
|faint|p2b: Staraptor
|
|-weather|SunnyDay|[upkeep]
|upkeep
|
|t:|1784246295
|switch|p2b: Altaria|Altaria, L50, F|100/100
|switch|p2a: Jolteon|Jolteon, L50, M|100/100
|-ability|p2b: Altaria|Cloud Nine
|turn|2
|
|t:|1784246317
|move|p1a: Charizard|Protect|p1a: Charizard
|-singleturn|p1a: Charizard|Protect
|move|p2a: Jolteon|Thunderbolt|p1a: Charizard
|-activate|p1a: Charizard|move: Protect
|move|p2b: Altaria|Dragon Dance|p2b: Altaria
|-boost|p2b: Altaria|atk|1
|-boost|p2b: Altaria|spe|1
|move|p1b: Venusaur|Earth Power|p2a: Jolteon
|-supereffective|p2a: Jolteon|1
|-damage|p2a: Jolteon|2/100
|-damage|p1b: Venusaur|80/100|[from] item: Life Orb
|
|-weather|SunnyDay|[upkeep]
|upkeep
|turn|3
|
|t:|1784246336
|move|p2a: Jolteon|Thunderbolt|p1a: Charizard
|-supereffective|p1a: Charizard|1
|-damage|p1a: Charizard|0 fnt
|faint|p1a: Charizard
|move|p2b: Altaria|Brave Bird|p1b: Venusaur
|-supereffective|p1b: Venusaur|1
|-damage|p1b: Venusaur|0 fnt
|faint|p1b: Venusaur
|-damage|p2b: Altaria|72/100|[from] Recoil
|
|-weather|SunnyDay|[upkeep]
|-heal|p2b: Altaria|78/100|[from] item: Leftovers
|upkeep
|
|t:|1784246341
|switch|p1b: Toxapex|Toxapex, L50, M, shiny|100/100
|switch|p1a: Garchomp|Garchomp, L50, F, shiny|100/100
|turn|4
|inactive|TheLeoj has 30 seconds left.
|
|t:|1784246368
|move|p2a: Jolteon|Thunderbolt|p1b: Toxapex
|-supereffective|p1b: Toxapex|1
|-damage|p1b: Toxapex|22/100
|move|p2b: Altaria|Dragon Claw|p1a: Garchomp
|-supereffective|p1a: Garchomp|1
|-damage|p1a: Garchomp|1/100
|-damage|p2b: Altaria|65/100|[from] ability: Rough Skin|[of] p1a: Garchomp
|move|p1a: Garchomp|Rock Slide|p2a: Jolteon|[spread] p2a,p2b
|-supereffective|p2b: Altaria|1
|-damage|p2a: Jolteon|0 fnt
|-damage|p2b: Altaria|14/100
|faint|p2a: Jolteon
|move|p1b: Toxapex|Toxic|p2b: Altaria
|-status|p2b: Altaria|tox
|
|-weather|SunnyDay|[upkeep]
|-heal|p2b: Altaria|20/100y tox|[from] item: Leftovers
|-heal|p1b: Toxapex|28/100|[from] item: Leftovers
|-damage|p2b: Altaria|14/100 tox|[from] psn
|-sideend|p2: Hjmane|move: Tailwind
|upkeep
|turn|5
|
|t:|1784246386
|move|p1b: Toxapex|Baneful Bunker|p1b: Toxapex
|-singleturn|p1b: Toxapex|move: Protect
|move|p1a: Garchomp|Rock Slide|p2b: Altaria
|-supereffective|p2b: Altaria|1
|-damage|p2b: Altaria|0 fnt
|faint|p2b: Altaria
|
|win|TheLeoj
