|j|☆TMJS01
|j|☆pokeplaygg
|html|TMJS01pokeplaygg    
|uhtml|bestof|Game 1 of a best-of-3
|t:|1782529218
|gametype|doubles
|player|p1|TMJS01|unknown|1412
|player|p2|pokeplaygg|1|1430
|gen|9
|tier|[Gen 9 Champions] VGC 2026 Reg M-B (Bo3)
|rated|
|rule|Species Clause: Limit one of each Pokémon
|rule|Item Clause: Limit 1 of each item
|clearpoke
|poke|p1|Sinistcha, L50|
|poke|p1|Incineroar, L50, F|
|poke|p1|Garchomp, L50, F|
|poke|p1|Floette-Eternal, L50, F|
|poke|p1|Delphox, L50, M|
|poke|p1|Kingambit, L50, M|
|poke|p2|Pelipper, L50, F|
|poke|p2|Archaludon, L50, F|
|poke|p2|Swampert, L50, M|
|poke|p2|Venusaur, L50, M|
|poke|p2|Aerodactyl, L50, M|
|poke|p2|Basculegion, L50, M|
|teampreview|4
|showteam|p1|Sinistcha||KasibBerry|Hospitality|MatchaGotcha,RagePowder,TrickRoom,LifeDew|Relaxed|||||50|]Incineroar||ChopleBerry|Intimidate|ThroatChop,FlareBlitz,PartingShot,FakeOut|Adamant||F|||50|]Garchomp||LifeOrb|RoughSkin|ScaleShot,StompingTantrum,Protect,RockTomb|Jolly||F|||50|]Floette-Eternal||Floettite|FlowerVeil|Protect,CalmMind,Moonblast,DazzlingGleam|Modest||F|||50|]Delphox||Delphoxite|Blaze|NastyPlot,HeatWave,Psyshock,Protect|Timid||M|||50|]Kingambit||FocusSash|Defiant|SuckerPunch,IronHead,KowtowCleave,LowKick|Brave||M|||50|
|showteam|p2|Pelipper||LifeOrb|Drizzle|Protect,Hurricane,MuddyWater,Tailwind|Modest||F|||50|]Archaludon||Leftovers|Stamina|Protect,ElectroShot,DracoMeteor,FlashCannon|Modest||F|||50|]Swampert||Swampertite|Torrent|Protect,WaveCrash,Earthquake,IcePunch|Adamant||M|||50|]Venusaur||Venusaurite|Chlorophyll|Protect,SleepPowder,SludgeBomb,EarthPower|Modest||M|||50|]Aerodactyl||FocusSash|Unnerve|Protect,Tailwind,RockSlide,PsychicFangs|Jolly||M|||50|]Basculegion||ChoiceScarf|Adaptability|LastRespects,WaveCrash,AquaJet,FlipTurn|Jolly||M|||50|
|inactive|Battle timer is ON: inactive players will automatically lose when time's up. (requested by TMJS01)
|inactive|pokeplaygg has 60 seconds left.
|
|t:|1782529258
|teamsize|p1|4
|teamsize|p2|4
|start
|switch|p1a: Incineroar|Incineroar, L50, F|100/100
|switch|p1b: Floette|Floette-Eternal, L50, F|100/100
|switch|p2a: Venusaur|Venusaur, L50, M|100/100
|switch|p2b: Pelipper|Pelipper, L50, F|100/100
|-ability|p1a: Incineroar|Intimidate|boost
|-unboost|p2a: Venusaur|atk|1
|-unboost|p2b: Pelipper|atk|1
|-weather|RainDance|[from] ability: Drizzle|[of] p2b: Pelipper
|turn|1
|
|t:|1782529274
|detailschange|p1b: Floette|Floette-Mega, L50, F
|-mega|p1b: Floette|Floette|Floettite
|-ability|p1b: Floette|Fairy Aura
|move|p1a: Incineroar|Fake Out|p2a: Venusaur
|-damage|p2a: Venusaur|87/100
|move|p1b: Floette|Calm Mind|p1b: Floette
|-boost|p1b: Floette|spa|1
|-boost|p1b: Floette|spd|1
|cant|p2a: Venusaur|flinch
|move|p2b: Pelipper|Muddy Water|p1a: Incineroar|[spread] p1a,p1b
|-supereffective|p1a: Incineroar|1
|-damage|p1a: Incineroar|0 fnt
|-damage|p1b: Floette|69/100
|-unboost|p1b: Floette|accuracy|1
|faint|p1a: Incineroar
|-damage|p2b: Pelipper|90/100|[from] item: Life Orb
|
|-weather|RainDance|[upkeep]
|upkeep
|
|t:|1782529277
|switch|p1a: Sinistcha|Sinistcha, L50|100/100
|-heal|p1b: Floette|94/100|[from] ability: Hospitality|[of] p1a: Sinistcha
|turn|2
|
|t:|1782529286
|move|p2b: Pelipper|Protect|p2b: Pelipper
|-singleturn|p2b: Pelipper|Protect
|move|p1b: Floette|Moonblast|p2b: Pelipper
|-activate|p2b: Pelipper|move: Protect
|move|p2a: Venusaur|Sleep Powder|p1b: Floette
|-status|p1b: Floette|slp|[from] move: Sleep Powder
|move|p1a: Sinistcha|Trick Room|p1a: Sinistcha
|-fieldstart|move: Trick Room|[of] p1a: Sinistcha
|
|-weather|RainDance|[upkeep]
|upkeep
|turn|3
|
|t:|1782529303
|switch|p1a: Kingambit|Kingambit, L50, M|100/100
|move|p2b: Pelipper|Hurricane|p1a: Kingambit
|-resisted|p1a: Kingambit|1
|-damage|p1a: Kingambit|66/100
|-damage|p2b: Pelipper|80/100|[from] item: Life Orb
|move|p2a: Venusaur|Sludge Bomb|p1b: Floette
|-supereffective|p1b: Floette|1
|-damage|p1b: Floette|50/100g slp
|cant|p1b: Floette|slp
|
|-weather|RainDance|[upkeep]
|upkeep
|turn|4
|
|t:|1782529315
|move|p1a: Kingambit|Kowtow Cleave|p2b: Pelipper
|-damage|p2b: Pelipper|28/100
|move|p2b: Pelipper|Muddy Water|p1b: Floette|[spread] p1a,p1b
|-damage|p1a: Kingambit|3/100
|-damage|p1b: Floette|20/100y slp
|-unboost|p1a: Kingambit|accuracy|1
|-ability|p1a: Kingambit|Defiant|boost
|-boost|p1a: Kingambit|atk|2
|-unboost|p1b: Floette|accuracy|1
|-damage|p2b: Pelipper|18/100|[from] item: Life Orb
|move|p2a: Venusaur|Sludge Bomb|p1b: Floette
|-supereffective|p1b: Floette|1
|-damage|p1b: Floette|0 fnt
|faint|p1b: Floette
|
|-weather|RainDance|[upkeep]
|upkeep
|
|t:|1782529321
|switch|p1b: Sinistcha|Sinistcha, L50|100/100
|-heal|p1a: Kingambit|28/100|[from] ability: Hospitality|[of] p1b: Sinistcha
|turn|5
|
|t:|1782529342
|move|p2b: Pelipper|Protect|p2b: Pelipper
|-singleturn|p2b: Pelipper|Protect
|move|p1a: Kingambit|Kowtow Cleave|p2a: Venusaur
|-damage|p2a: Venusaur|0 fnt
|faint|p2a: Venusaur
|move|p1b: Sinistcha|Matcha Gotcha|p2b: Pelipper
|-activate|p2b: Pelipper|move: Protect
|
|-weather|none
|upkeep
|
|t:|1782529364
|switch|p2a: Swampert|Swampert, L50, M|100/100
|turn|6
|
|t:|1782529376
|switch|p2b: Basculegion|Basculegion, L50, M|100/100
|move|p2a: Swampert|Protect|p2a: Swampert
|-singleturn|p2a: Swampert|Protect
|move|p1a: Kingambit|Low Kick|p2b: Basculegion
|-immune|p2b: Basculegion
|move|p1b: Sinistcha|Matcha Gotcha|p2b: Basculegion|[spread] p2b
|-activate|p2a: Swampert|move: Protect
|-supereffective|p2b: Basculegion|1
|-damage|p2b: Basculegion|48/100
|
|-fieldend|move: Trick Room
|upkeep
|turn|7
|
|t:|1782529398
|detailschange|p2a: Swampert|Swampert-Mega, L50, M
|-mega|p2a: Swampert|Swampert|Swampertite
|move|p1a: Kingambit|Sucker Punch|p2b: Basculegion|[miss]
|-miss|p1a: Kingambit|p2b: Basculegion
|move|p2b: Basculegion|Last Respects|p1b: Sinistcha
|-supereffective|p1b: Sinistcha|1
|-enditem|p1b: Sinistcha|Kasib Berry|[eat]
|-enditem|p1b: Sinistcha|Kasib Berry|[weaken]
|-damage|p1b: Sinistcha|46/100
|move|p2a: Swampert|Earthquake|p1b: Sinistcha|[spread] p2b,p1a,p1b
|-supereffective|p1a: Kingambit|1
|-resisted|p1b: Sinistcha|1
|-damage|p2b: Basculegion|0 fnt
|-damage|p1a: Kingambit|0 fnt
|-damage|p1b: Sinistcha|25/100
|faint|p2b: Basculegion
|faint|p1a: Kingambit
|move|p1b: Sinistcha|Trick Room|p1b: Sinistcha
|-fieldstart|move: Trick Room|[of] p1b: Sinistcha
|
|upkeep
|
|t:|1782529410
|switch|p2b: Pelipper|Pelipper, L50, F|18/100
|-weather|RainDance|[from] ability: Drizzle|[of] p2b: Pelipper
|turn|8
|inactive|pokeplaygg has 30 seconds left.
|
|t:|1782529435
|move|p1b: Sinistcha|Matcha Gotcha|p2b: Pelipper|[spread] p2a,p2b
|-supereffective|p2a: Swampert|2
|-damage|p2a: Swampert|16/100
|-heal|p1b: Sinistcha|67/100|[from] drain|[of] p2a: Swampert
|-damage|p2b: Pelipper|0 fnt
|-heal|p1b: Sinistcha|76/100|[from] drain|[of] p2b: Pelipper
|faint|p2b: Pelipper
|move|p2a: Swampert|Ice Punch|p1b: Sinistcha
|-supereffective|p1b: Sinistcha|1
|-damage|p1b: Sinistcha|26/100
|
|-weather|RainDance|[upkeep]
|upkeep
|turn|9
|
|t:|1782529449
|move|p2a: Swampert|Protect|p2a: Swampert
|-singleturn|p2a: Swampert|Protect
|move|p1b: Sinistcha|Matcha Gotcha|p2a: Swampert
|-activate|p2a: Swampert|move: Protect
|
|-weather|RainDance|[upkeep]
|upkeep
|turn|10
|
|t:|1782529454
|move|p1b: Sinistcha|Matcha Gotcha|p2a: Swampert
|-supereffective|p2a: Swampert|2
|-damage|p2a: Swampert|0 fnt
|-heal|p1b: Sinistcha|35/100|[from] drain|[of] p2a: Swampert
|faint|p2a: Swampert
|
|win|TMJS01
||TMJS01 is ready for game 2.
||pokeplaygg is ready for game 2.
|uhtml|next|Next: Game 2 of 3
