|j|☆falba
|j|☆BambooCyclone
|html|falbaBambooCyclone    
|uhtml|bestof|Game 1 of a best-of-3
|t:|1786163710
|gametype|doubles
|player|p1|falba|101|
|player|p2|BambooCyclone|170|
|gen|9
|tier|[Gen 9 Champions] VGC 2026 Reg M-B (Bo3)
|rule|Species Clause: Limit one of each Pokémon
|rule|Item Clause: Limit 1 of each item
|clearpoke
|poke|p1|Kingambit, L50, F|
|poke|p1|Decidueye-Hisui, L50, M|
|poke|p1|Raichu, L50, F|
|poke|p1|Staraptor, L50, F|
|poke|p1|Sableye, L50, M|
|poke|p1|Gliscor, L50, M|
|poke|p2|Clefable, L50, M|
|poke|p2|Gengar, L50, F|
|poke|p2|Scrafty, L50, M|
|poke|p2|Diggersby, L50, M|
|poke|p2|Emolga, L50, M|
|poke|p2|Swampert, L50, F|
|teampreview|4
|showteam|p1|Kingambit||ChopleBerry|Defiant|SuckerPunch,KowtowCleave,IronHead,Protect|Adamant||F|||50|]Decidueye-Hisui||ScopeLens|Scrappy|Protect,TripleArrows,LeafBlade,SuckerPunch|Adamant||M|||50|]Raichu||RaichuniteY|Static|ZapCannon,Charm,Protect,FakeOut|Modest||F|||50|]Staraptor||Staraptite|Intimidate|CloseCombat,BraveBird,Protect,Roost|Adamant||F|||50|]Sableye||LightClay|Prankster|LightScreen,Reflect,WillOWisp,FakeOut|Impish||M|||50|]Gliscor||Leftovers|HyperCutter|Tailwind,Earthquake,RockSlide,DualWingbeat|Adamant||M|||50|
|showteam|p2|Clefable||SitrusBerry|Unaware|FollowMe,Moonblast,Flamethrower,Protect|Calm||M|||50|]Gengar||Gengarite|CursedBody|NastyPlot,SludgeWave,FocusBlast,Protect|Timid||F|||50|]Scrafty||Scraftinite|Moxie|FakeOut,BrickBreak,Protect,KnockOff|Adamant||M|||50|]Diggersby||LifeOrb|HugePower|Protect,Earthquake,BodySlam,QuickAttack|Adamant||M|||50|]Emolga||FocusSash|Static|Nuzzle,Protect,Taunt,Encore|Jolly||M|||50|]Swampert||Leftovers|Torrent|Yawn,IceBeam,EarthPower,Protect|Calm||F|||50|
|j| Peppersalt1
|j| tobyga
|j| tempestuwumeow
|j| PuffTheCutie
|j| Potatomonstr
|inactive|Battle timer is ON: inactive players will automatically lose when time's up. (requested by falba)
|j| azileme
|inactive|falba has 60 seconds left.
|
|t:|1786163808
|teamsize|p1|4
|teamsize|p2|4
|start
|switch|p1a: Kingambit|Kingambit, L50, F|100/100
|switch|p1b: Raichu|Raichu, L50, F|100/100
|switch|p2a: Swampert|Swampert, L50, F|100/100
|switch|p2b: Emolga|Emolga, L50, M|100/100
|turn|1
|inactive|falba has 30 seconds left.
|inactive|falba has 20 seconds left.
|
|t:|1786163847
|move|p1b: Raichu|Fake Out|p2a: Swampert
|-damage|p2a: Swampert|92/100
|move|p2b: Emolga|Nuzzle|p1a: Kingambit
|-damage|p1a: Kingambit|95/100
|-status|p1a: Kingambit|par
|cant|p2a: Swampert|flinch
|move|p1a: Kingambit|Kowtow Cleave|p2a: Swampert
|-crit|p2a: Swampert
|-damage|p2a: Swampert|19/100
|
|-heal|p2a: Swampert|25/100|[from] item: Leftovers
|upkeep
|turn|2
|inactive|falba has 30 seconds left.
|inactive|falba has 20 seconds left.
|
|t:|1786163883
|switch|p1b: Sableye|Sableye, L50, M|100/100
|move|p2a: Swampert|Protect|p2a: Swampert
|-singleturn|p2a: Swampert|Protect
|move|p2b: Emolga|Encore||[still]
|-fail|p2b: Emolga
|move|p1a: Kingambit|Kowtow Cleave|p2a: Swampert
|-activate|p2a: Swampert|move: Protect
|
|-heal|p2a: Swampert|31/100|[from] item: Leftovers
|upkeep
|turn|3
|inactive|falba has 30 seconds left.
|inactive|falba has 20 seconds left.
|inactive|BambooCyclone has 30 seconds left.
|
|t:|1786163921
|switch|p2a: Clefable|Clefable, L50, M|100/100
|move|p1b: Sableye|Reflect|p1b: Sableye
|-sidestart|p1: falba|Reflect
|move|p2b: Emolga|Taunt|p1b: Sableye
|-start|p1b: Sableye|move: Taunt
|move|p1a: Kingambit|Kowtow Cleave|p2a: Clefable
|-resisted|p2a: Clefable|1
|-damage|p2a: Clefable|72/100
|
|upkeep
|turn|4
|
|t:|1786163942
|switch|p1b: Raichu|Raichu, L50, F|100/100
|move|p2b: Emolga|Encore|p1a: Kingambit
|-start|p1a: Kingambit|Encore
|move|p2a: Clefable|Flamethrower|p1a: Kingambit
|-supereffective|p1a: Kingambit|1
|-damage|p1a: Kingambit|57/100 par
|move|p1a: Kingambit|Kowtow Cleave|p2b: Emolga
|-damage|p2b: Emolga|23/100
|
|upkeep
|turn|5
|
|t:|1786163960
|detailschange|p1b: Raichu|Raichu-Mega-Y, L50, F
|-mega|p1b: Raichu|Raichu|Raichunite Y
|move|p2b: Emolga|Protect|p2b: Emolga
|-singleturn|p2b: Emolga|Protect
|move|p2a: Clefable|Protect|p2a: Clefable
|-singleturn|p2a: Clefable|Protect
|move|p1b: Raichu|Zap Cannon|p2a: Clefable
|-activate|p2a: Clefable|move: Protect
|move|p1a: Kingambit|Kowtow Cleave|p2b: Emolga
|-activate|p2b: Emolga|move: Protect
|
|upkeep
|turn|6
|
|t:|1786163982
|switch|p2a: Swampert|Swampert, L50, F|31/100
|move|p1b: Raichu|Zap Cannon|p2a: Swampert
|-immune|p2a: Swampert
|move|p2b: Emolga|Encore|p1b: Raichu
|-start|p1b: Raichu|Encore
|move|p1a: Kingambit|Kowtow Cleave|p2b: Emolga
|-damage|p2b: Emolga|0 fnt
|faint|p2b: Emolga
|
|-heal|p2a: Swampert|37/100|[from] item: Leftovers
|-end|p1a: Kingambit|Encore
|upkeep
|
|t:|1786163991
|switch|p2b: Clefable|Clefable, L50, M|72/100
|turn|7
|
|t:|1786164012
|move|p2b: Clefable|Protect|p2b: Clefable
|-singleturn|p2b: Clefable|Protect
|move|p1a: Kingambit|Protect|p1a: Kingambit
|-singleturn|p1a: Kingambit|Protect
|move|p1b: Raichu|Zap Cannon|p2b: Clefable
|-activate|p2b: Clefable|move: Protect
|move|p2a: Swampert|Earth Power|p1a: Kingambit
|-activate|p1a: Kingambit|move: Protect
|
|-heal|p2a: Swampert|42/100|[from] item: Leftovers
|upkeep
|turn|8
|inactive|BambooCyclone has 30 seconds left.
|inactive|falba has 30 seconds left.
|
|t:|1786164043
|switch|p1a: Sableye|Sableye, L50, M|100/100
|move|p2b: Clefable|Follow Me|p2b: Clefable
|-singleturn|p2b: Clefable|move: Follow Me
|move|p1b: Raichu|Zap Cannon|p2b: Clefable
|-damage|p2b: Clefable|19/100
|-status|p2b: Clefable|par
|-enditem|p2b: Clefable|Sitrus Berry|[eat]
|-heal|p2b: Clefable|44/100 par|[from] item: Sitrus Berry
|move|p2a: Swampert|Earth Power|p1a: Sableye
|-damage|p1a: Sableye|59/100
|
|-heal|p2a: Swampert|48/100|[from] item: Leftovers
|upkeep
|turn|9
|
|t:|1786164060
|move|p1a: Sableye|Light Screen|p1a: Sableye
|-sidestart|p1: falba|move: Light Screen
|move|p1b: Raichu|Zap Cannon|p2b: Clefable
|-damage|p2b: Clefable|0 fnt
|faint|p2b: Clefable
|move|p2a: Swampert|Earth Power|p1b: Raichu
|-supereffective|p1b: Raichu|1
|-damage|p1b: Raichu|37/100
|
|-heal|p2a: Swampert|54/100|[from] item: Leftovers
|-end|p1b: Raichu|Encore
|upkeep
|
|t:|1786164064
|switch|p2b: Gengar|Gengar, L50, F|100/100
|turn|10
|inactive|BambooCyclone has 30 seconds left.
|
|t:|1786164090
|detailschange|p2b: Gengar|Gengar-Mega, L50, F
|-mega|p2b: Gengar|Gengar|Gengarite
|move|p1a: Sableye|Will-O-Wisp|p2a: Swampert
|-status|p2a: Swampert|brn
|move|p2b: Gengar|Nasty Plot|p2b: Gengar
|-boost|p2b: Gengar|spa|2
|move|p1b: Raichu|Zap Cannon|p2b: Gengar
|-damage|p2b: Gengar|0 fnt
|faint|p2b: Gengar
|move|p2a: Swampert|Earth Power|p1b: Raichu
|-supereffective|p1b: Raichu|1
|-damage|p1b: Raichu|0 fnt
|faint|p1b: Raichu
|
|-heal|p2a: Swampert|60/100 brn|[from] item: Leftovers
|-damage|p2a: Swampert|54/100 brn|[from] brn
|-sideend|p1: falba|Reflect
|upkeep
|
|t:|1786164106
|switch|p1b: Kingambit|Kingambit, L50, F|57/100 par
|turn|11
|
|t:|1786164114
|move|p1a: Sableye|Reflect|p1a: Sableye
|-sidestart|p1: falba|Reflect
|move|p2a: Swampert|Earth Power|p1b: Kingambit
|-supereffective|p1b: Kingambit|1
|-damage|p1b: Kingambit|18/100 par
|move|p1b: Kingambit|Kowtow Cleave|p2a: Swampert
|-damage|p2a: Swampert|6/100 brn
|
|-heal|p2a: Swampert|12/100 brn|[from] item: Leftovers
|-damage|p2a: Swampert|6/100 brn|[from] brn
|upkeep
|turn|12
|
|t:|1786164127
|switch|p1a: Decidueye|Decidueye-Hisui, L50, M|100/100
|move|p1b: Kingambit|Sucker Punch|p2a: Swampert
|-damage|p2a: Swampert|0 fnt
|faint|p2a: Swampert
|
|win|falba
||BambooCyclone is ready for game 2.
||falba is ready for game 2.
|uhtml|next|Next: Game 2 of 3
