|j|â˜†regitron 21
|j|â˜†wade connects
|html|regitron 21wade connects    
|uhtml|bestof|Game 3 of a best-of-3
|t:|1785650961
|gametype|doubles
|player|p1|regitron 21|n|1218
|player|p2|wade connects|101|1278
|gen|9
|tier|[Gen 9 Champions] VGC 2026 Reg M-B (Bo3)
|rated|
|rule|Species Clause: Limit one of each PokÃ©mon
|rule|Item Clause: Limit 1 of each item
|clearpoke
|poke|p1|Raichu, L50, M|
|poke|p1|Charizard, L50, F|
|poke|p1|Incineroar, L50, F|
|poke|p1|Farigiraf, L50, F|
|poke|p1|Sylveon, L50, M|
|poke|p1|Kingambit, L50, M|
|poke|p2|Gholdengo, L50|
|poke|p2|Clefable, L50, M|
|poke|p2|Blaziken, L50, M, shiny|
|poke|p2|Sceptile, L50, F|
|poke|p2|Gyarados, L50, M, shiny|
|poke|p2|Aerodactyl, L50, F|
|teampreview|4
|showteam|p1|Raichu||RaichuniteY|LightningRod|ZapCannon,FocusBlast,FakeOut,Protect|Timid||M|||50|]Charizard||CharizarditeY|Blaze|HeatWave,WeatherBall,SolarBeam,Protect|Modest||F|||50|]Incineroar||SitrusBerry|Intimidate|FakeOut,FlareBlitz,DarkestLariat,PartingShot|Impish||F|||50|]Farigiraf||ColburBerry|ArmorTail|TwinBeam,Thunderbolt,HelpingHand,TrickRoom|Modest||F|||50|]Sylveon||FairyFeather|Pixilate|HyperVoice,Moonblast,Detect,CalmMind|Modest||M|||50|]Kingambit||LifeOrb|Defiant|SuckerPunch,KowtowCleave,Protect,SwordsDance|Adamant||M|||50|
|showteam|p2|Gholdengo||MetalCoat|GoodasGold|Protect,NastyPlot,ShadowBall,MakeItRain|Modest|||||50|]Clefable||Leftovers|Unaware|Protect,FollowMe,LifeDew,Moonblast|Bold||M|||50|]Blaziken||LifeOrb|SpeedBoost|Detect,CloseCombat,FlareBlitz,RockSlide|Adamant||M|||50|]Sceptile||Sceptilite|Overgrow|Detect,EnergyBall,DragonPulse,EarthPower|Timid||F|||50|]Gyarados||Gyaradosite|Intimidate|Protect,DragonDance,Waterfall,Crunch|Adamant||M|||50|]Aerodactyl||FocusSash|Unnerve|Protect,Tailwind,DualWingbeat,RockSlide|Jolly||F|||50|
|c|â˜†regitron 21|good luck pal
|
|t:|1785650994
|teamsize|p1|4
|teamsize|p2|4
|start
|switch|p1a: Lily|Incineroar, L50, F|100/100
|switch|p1b: Graham|Raichu, L50, M|100/100
|switch|p2a: Blaziken|Blaziken, L50, M, shiny|100/100
|switch|p2b: Sceptile|Sceptile, L50, F|100/100
|-ability|p1a: Lily|Intimidate|boost
|-unboost|p2a: Blaziken|atk|1
|-unboost|p2b: Sceptile|atk|1
|turn|1
|c|â˜†wade connects|Glhf
|
|t:|1785651011
|detailschange|p2b: Sceptile|Sceptile-Mega, L50, F
|-mega|p2b: Sceptile|Sceptile|Sceptilite
|detailschange|p1b: Graham|Raichu-Mega-Y, L50, M
|-mega|p1b: Graham|Raichu|Raichunite Y
|move|p1a: Lily|Fake Out|p2a: Blaziken
|-damage|p2a: Blaziken|83/100
|move|p2b: Sceptile|Earth Power|p1b: Graham
|-supereffective|p1b: Graham|1
|-damage|p1b: Graham|5/100
|-unboost|p1b: Graham|spd|1
|move|p1b: Graham|Focus Blast|p2b: Sceptile
|-damage|p2b: Sceptile|44/100
|cant|p2a: Blaziken|flinch
|
|-ability|p2a: Blaziken|Speed Boost|boost
|-boost|p2a: Blaziken|spe|1
|upkeep
|turn|2
|
|t:|1785651032
|switch|p1a: Ryan|Sylveon, L50, M|100/100
|move|p1b: Graham|Protect|p1b: Graham
|-singleturn|p1b: Graham|Protect
|move|p2b: Sceptile|Energy Ball|p1b: Graham
|-activate|p1b: Graham|move: Protect
|move|p2a: Blaziken|Close Combat|p1a: Ryan
|-resisted|p1a: Ryan|1
|-damage|p1a: Ryan|73/100
|-unboost|p2a: Blaziken|def|1
|-unboost|p2a: Blaziken|spd|1
|-damage|p2a: Blaziken|73/100|[from] item: Life Orb
|
|-ability|p2a: Blaziken|Speed Boost|boost
|-boost|p2a: Blaziken|spe|1
|upkeep
|turn|3
|
|t:|1785651051
|switch|p1b: Lily|Incineroar, L50, F|100/100
|-ability|p1b: Lily|Intimidate|boost
|-unboost|p2a: Blaziken|atk|1
|-unboost|p2b: Sceptile|atk|1
|move|p2a: Blaziken|Flare Blitz|p1a: Ryan
|-damage|p1a: Ryan|36/100
|-damage|p2a: Blaziken|59/100|[from] Recoil
|-damage|p2a: Blaziken|49/100|[from] item: Life Orb
|move|p2b: Sceptile|Energy Ball|p1a: Ryan
|-damage|p1a: Ryan|0 fnt
|faint|p1a: Ryan
|
|-ability|p2a: Blaziken|Speed Boost|boost
|-boost|p2a: Blaziken|spe|1
|upkeep
|
|t:|1785651067
|switch|p1a: Kinngler|Kingambit, L50, M|100/100
|turn|4
|
|t:|1785651074
|switch|p2a: Clefable|Clefable, L50, M|100/100
|move|p2b: Sceptile|Detect|p2b: Sceptile
|-singleturn|p2b: Sceptile|Protect
|move|p1a: Kinngler|Sucker Punch||[still]
|-fail|p1a: Kinngler
|move|p1b: Lily|Flare Blitz|p2b: Sceptile
|-activate|p2b: Sceptile|move: Protect
|
|upkeep
|turn|5
|
|t:|1785651090
|switch|p2b: Blaziken|Blaziken, L50, M, shiny|49/100
|move|p2a: Clefable|Follow Me|p2a: Clefable
|-singleturn|p2a: Clefable|move: Follow Me
|move|p1b: Lily|Flare Blitz|p2a: Clefable
|-damage|p2a: Clefable|62/100
|-damage|p1b: Lily|87/100|[from] Recoil
|move|p1a: Kinngler|Kowtow Cleave|p2a: Clefable
|-resisted|p2a: Clefable|1
|-damage|p2a: Clefable|40/100
|-damage|p1a: Kinngler|90/100|[from] item: Life Orb
|
|-heal|p2a: Clefable|46/100|[from] item: Leftovers
|upkeep
|turn|6
|
|t:|1785651109
|move|p2a: Clefable|Follow Me|p2a: Clefable
|-singleturn|p2a: Clefable|move: Follow Me
|move|p2b: Blaziken|Close Combat|p1b: Lily
|-supereffective|p1b: Lily|1
|-damage|p1b: Lily|0 fnt
|-unboost|p2b: Blaziken|def|1
|-unboost|p2b: Blaziken|spd|1
|faint|p1b: Lily
|-damage|p2b: Blaziken|40/100|[from] item: Life Orb
|move|p1a: Kinngler|Kowtow Cleave|p2a: Clefable
|-resisted|p2a: Clefable|1
|-damage|p2a: Clefable|22/100
|-damage|p1a: Kinngler|80/100|[from] item: Life Orb
|
|-heal|p2a: Clefable|28/100|[from] item: Leftovers
|-ability|p2b: Blaziken|Speed Boost|boost
|-boost|p2b: Blaziken|spe|1
|upkeep
|
|t:|1785651115
|switch|p1b: Graham|Raichu-Mega-Y, L50, M|5/100
|turn|7
|c|â˜†regitron 21|gg bro
|c|â˜†regitron 21|cool team
|
|t:|1785651129
|move|p2b: Blaziken|Detect|p2b: Blaziken
|-singleturn|p2b: Blaziken|Protect
|move|p2a: Clefable|Protect|p2a: Clefable
|-singleturn|p2a: Clefable|Protect
|move|p1b: Graham|Zap Cannon|p2b: Blaziken
|-activate|p2b: Blaziken|move: Protect
|move|p1a: Kinngler|Kowtow Cleave|p2a: Clefable
|-activate|p2a: Clefable|move: Protect
|
|-heal|p2a: Clefable|34/100|[from] item: Leftovers
|-ability|p2b: Blaziken|Speed Boost|boost
|-boost|p2b: Blaziken|spe|1
|upkeep
|turn|8
|
|t:|1785651151
|move|p2a: Clefable|Follow Me|p2a: Clefable
|-singleturn|p2a: Clefable|move: Follow Me
|move|p2b: Blaziken|Close Combat|p1b: Graham
|-damage|p1b: Graham|0 fnt
|-unboost|p2b: Blaziken|def|1
|-unboost|p2b: Blaziken|spd|1
|faint|p1b: Graham
|-damage|p2b: Blaziken|30/100|[from] item: Life Orb
|move|p1a: Kinngler|Kowtow Cleave|p2a: Clefable
|-resisted|p2a: Clefable|1
|-damage|p2a: Clefable|11/100
|-damage|p1a: Kinngler|71/100|[from] item: Life Orb
|
|-heal|p2a: Clefable|17/100|[from] item: Leftovers
|-ability|p2b: Blaziken|Speed Boost|boost
|-boost|p2b: Blaziken|spe|1
|upkeep
|turn|9
|-message|regitron 21 forfeited.
|
|win|wade connects
|raw|regitron 21's rating: 1218 → 1197(-21 for losing)
|raw|wade connects's rating: 1278 → 1299(+21 for winning)
|c|â˜†wade connects|Gg
|l|â˜†regitron 21
|player|p1|
