|j|☆leomartinfa
|j|☆Gentlefish
|html|leomartinfaGentlefish    
|uhtml|bestof|Game 3 of a best-of-3
|t:|1756755393
|gametype|doubles
|player|p1|leomartinfa|101|1078
|player|p2|Gentlefish|burglar-gen1rb|1078
|gen|9
|tier|[Gen 9] VGC 2025 Reg H (Bo3)
|rated|
|rule|Species Clause: Limit one of each Pokémon
|rule|Item Clause: Limit 1 of each item
|clearpoke
|poke|p1|Glimmora, L50, F|
|poke|p1|Tyranitar, L50, M|
|poke|p1|Dondozo, L50, F|
|poke|p1|Tatsugiri, L50, M|
|poke|p1|Sneasler, L50, M|
|poke|p1|Garchomp, L50, M|
|poke|p2|Garchomp, L50, F|
|poke|p2|Weezing-Galar, L50, F|
|poke|p2|Archaludon, L50, M|
|poke|p2|Gholdengo, L50|
|poke|p2|Talonflame, L50, F|
|poke|p2|Annihilape, L50, M|
|teampreview|4
|showteam|p1|Glimmora||FocusSash|ToxicDebris|MortalSpin,ToxicSpikes,PowerGem,SpikyShield|||F|||50|,,,,,Grass]Tyranitar||AssaultVest|SandStream|RockSlide,SandTomb,KnockOff,TeraBlast|||M|||50|,,,,,Flying]Dondozo||Leftovers|Unaware|OrderUp,Dive,BodyPress,Protect|||F|||50|,,,,,Grass]Tatsugiri||ChoiceScarf|Commander|DracoMeteor,MuddyWater,HydroPump,IcyWind|||M|||50|,,,,,Water]Sneasler||BigNugget|Unburden|DireClaw,Acrobatics,Fling,FakeOut|||M|||50|,,,,,Flying]Garchomp||BrightPowder|SandVeil|StompingTantrum,Earthquake,DragonRush,Protect|||M|||50|,,,,,Ground
|showteam|p2|Garchomp||LifeOrb|RoughSkin|DragonClaw,Earthquake,StompingTantrum,Protect|||F|||50|,,,,,Ground]Weezing-Galar||FocusSash|NeutralizingGas|Protect,SludgeBomb,Taunt,StrangeSteam|||F|||50|,,,,,Flying]Archaludon||PowerHerb|Sturdy|ElectroShot,Thunderbolt,DracoMeteor,Protect|||M|||50|,,,,,Electric]Gholdengo||ChoiceSpecs|GoodasGold|ShadowBall,DazzlingGleam,PowerGem,MakeItRain||||||50|,,,,,Fairy]Talonflame||CovertCloak|GaleWings|Tailwind,DualWingbeat,Taunt,FlareBlitz|||F|||50|,,,,,Stellar]Annihilape||AssaultVest|Defiant|CloseCombat,RageFist,FinalGambit,IcePunch|||M|||50|,,,,,Grass
|inactive|Battle timer is ON: inactive players will automatically lose when time's up. (requested by leomartinfa)
|inactive|Gentlefish has 60 seconds left.
|
|t:|1756755452
|teamsize|p1|4
|teamsize|p2|4
|start
|switch|p1a: Glimmora|Glimmora, L50, F|100/100
|switch|p1b: Garchomp|Garchomp, L50, M|100/100
|switch|p2a: Talonflame|Talonflame, L50, F|100/100
|switch|p2b: Annihilape|Annihilape, L50, M|100/100
|turn|1
|inactive|leomartinfa has 30 seconds left.
|inactive|Gentlefish has 30 seconds left.
|inactive|leomartinfa has 20 seconds left.
|inactive|Gentlefish has 20 seconds left.
|inactive|leomartinfa has 15 seconds left.
|inactive|Gentlefish has 15 seconds left.
|inactive|leomartinfa has 10 seconds left.
|
|t:|1756755498
|move|p2a: Talonflame|Tailwind|p2a: Talonflame
|-sidestart|p2: Gentlefish|move: Tailwind
|move|p2b: Annihilape|Ice Punch|p1b: Garchomp
|-supereffective|p1b: Garchomp
|-damage|p1b: Garchomp|2/100
|move|p1b: Garchomp|Dragon Rush|p2b: Annihilape
|-damage|p2b: Annihilape|44/100
|move|p1a: Glimmora|Power Gem|p2a: Talonflame
|-supereffective|p2a: Talonflame
|-crit|p2a: Talonflame
|-damage|p2a: Talonflame|0 fnt
|faint|p2a: Talonflame
|
|upkeep
|
|t:|1756755508
|switch|p2a: Gholdengo|Gholdengo, L50|100/100
|turn|2
|inactive|leomartinfa has 30 seconds left.
|inactive|Gentlefish has 30 seconds left.
|inactive|leomartinfa has 20 seconds left.
|inactive|leomartinfa has 15 seconds left.
|
|t:|1756755551
|switch|p2b: Weezing|Weezing-Galar, L50, F|100/100
|-ability|p2b: Weezing|Neutralizing Gas
|-terastallize|p2a: Gholdengo|Fairy
|move|p1b: Garchomp|Protect|p1b: Garchomp
|-singleturn|p1b: Garchomp|Protect
|move|p2a: Gholdengo|Dazzling Gleam|p1a: Glimmora|[spread] p1a
|-activate|p1b: Garchomp|move: Protect
|-resisted|p1a: Glimmora
|-damage|p1a: Glimmora|68/100
|move|p1a: Glimmora|Mortal Spin|p2b: Weezing|[spread] p2a,p2b
|-supereffective|p2a: Gholdengo
|-damage|p2a: Gholdengo|89/100
|-damage|p2b: Weezing|96/100
|-status|p2a: Gholdengo|psn
|
|-damage|p2a: Gholdengo|77/100 psn|[from] psn
|upkeep
|turn|3
|inactive|leomartinfa has 30 seconds left.
|inactive|Gentlefish has 30 seconds left.
|
|t:|1756755585
|move|p2a: Gholdengo|Dazzling Gleam|p1a: Glimmora|[spread] p1a,p1b
|-resisted|p1a: Glimmora
|-supereffective|p1b: Garchomp
|-damage|p1a: Glimmora|34/100
|-damage|p1b: Garchomp|0 fnt
|faint|p1b: Garchomp
|move|p2b: Weezing|Strange Steam|p1a: Glimmora
|-resisted|p1a: Glimmora
|-damage|p1a: Glimmora|6/100
|-start|p1a: Glimmora|confusion
|-activate|p1a: Glimmora|confusion
|move|p1a: Glimmora|Power Gem|p2b: Weezing
|-damage|p2b: Weezing|23/100
|
|-damage|p2a: Gholdengo|65/100 psn|[from] psn
|upkeep
|
|t:|1756755597
|switch|p1b: Dondozo|Dondozo, L50, F|100/100
|turn|4
|inactive|Gentlefish has 30 seconds left.
|
|t:|1756755625
|switch|p2a: Annihilape|Annihilape, L50, M|44/100
|-end|p1a: Glimmora|confusion
|move|p1a: Glimmora|Spiky Shield|p1a: Glimmora
|-singleturn|p1a: Glimmora|move: Protect
|move|p1b: Dondozo|Protect|p1b: Dondozo
|-singleturn|p1b: Dondozo|Protect
|move|p2b: Weezing|Taunt|p1b: Dondozo
|-activate|p1b: Dondozo|move: Protect
|
|-sideend|p2: Gentlefish|move: Tailwind
|upkeep
|turn|5
|inactive|Gentlefish has 30 seconds left.
|inactive|Gentlefish has 20 seconds left.
|inactive|Gentlefish has 15 seconds left.
|
|t:|1756755670
|move|p2b: Weezing|Protect|p2b: Weezing
|-singleturn|p2b: Weezing|Protect
|move|p2a: Annihilape|Close Combat|p1b: Dondozo
|-damage|p1b: Dondozo|67/100
|-unboost|p2a: Annihilape|def|1
|-unboost|p2a: Annihilape|spd|1
|move|p1a: Glimmora|Power Gem|p2b: Weezing
|-activate|p2b: Weezing|move: Protect
|move|p1b: Dondozo|Dive||[still]
|-prepare|p1b: Dondozo|Dive
|
|-heal|p1b: Dondozo|73/100|[from] item: Leftovers
|upkeep
|turn|6
|inactive|leomartinfa has 30 seconds left.
|inactive|Gentlefish has 30 seconds left.
|
|t:|1756755699
|move|p1a: Glimmora|Spiky Shield|p1a: Glimmora
|-singleturn|p1a: Glimmora|move: Protect
|move|p2b: Weezing|Protect|p2b: Weezing
|-singleturn|p2b: Weezing|Protect
|move|p2a: Annihilape|Rage Fist|p1a: Glimmora
|-activate|p1a: Glimmora|move: Protect
|-damage|p2a: Annihilape|31/100|[from] Spiky Shield|[of] p1a: Glimmora
|move|p1b: Dondozo|Dive|p2a: Annihilape|[from] lockedmove
|-damage|p2a: Annihilape|0 fnt
|faint|p2a: Annihilape
|
|-heal|p1b: Dondozo|79/100|[from] item: Leftovers
|upkeep
|
|t:|1756755701
|switch|p2a: Gholdengo|Gholdengo, L50, tera:Fairy|65/100 psn
|turn|7
|
|t:|1756755724
|move|p2b: Weezing|Protect||[still]
|-fail|p2b: Weezing
|move|p1b: Dondozo|Protect|p1b: Dondozo
|-singleturn|p1b: Dondozo|Protect
|move|p1a: Glimmora|Power Gem|p2b: Weezing
|-damage|p2b: Weezing|0 fnt
|faint|p2b: Weezing
|-end|p2b: Weezing|ability: Neutralizing Gas
|move|p2a: Gholdengo|Dazzling Gleam|p1b: Dondozo|[spread] p1a
|-activate|p1b: Dondozo|move: Protect
|-resisted|p1a: Glimmora
|-damage|p1a: Glimmora|0 fnt
|faint|p1a: Glimmora
|
|-heal|p1b: Dondozo|85/100|[from] item: Leftovers
|-damage|p2a: Gholdengo|53/100 psn|[from] psn
|upkeep
|
|t:|1756755729
|switch|p1a: Tatsugiri|Tatsugiri, L50, M|100/100
|-activate|p1a: Tatsugiri|ability: Commander|[of] p1b: Dondozo
|-boost|p1b: Dondozo|atk|2
|-boost|p1b: Dondozo|spa|2
|-boost|p1b: Dondozo|spe|2
|-boost|p1b: Dondozo|def|2
|-boost|p1b: Dondozo|spd|2
|turn|8
|-message|Gentlefish forfeited.
|
|win|leomartinfa
|raw|leomartinfa's rating: 1078 → 1106(+28 for winning)
|raw|Gentlefish's rating: 1078 → 1056(-22 for losing)
|l|☆leomartinfa
|player|p1|
