|j|☆fangyusuhe
|j|☆anonfy
|html|fangyusuheanonfy    
|uhtml|bestof|Game 3 of a best-of-3
|t:|1785328433
|gametype|doubles
|player|p1|fangyusuhe|dawn|
|player|p2|anonfy|dawn|
|gen|9
|tier|[Gen 9 Champions] VGC 2026 Reg M-B (Bo3)
|rule|Species Clause: Limit one of each Pokémon
|rule|Item Clause: Limit 1 of each item
|clearpoke
|poke|p1|Charizard, L50, M|
|poke|p1|Kingambit, L50, F|
|poke|p1|Whimsicott, L50, M|
|poke|p1|Floette-Eternal, L50, F|
|poke|p1|Garchomp, L50, F|
|poke|p1|Basculegion, L50, M|
|poke|p2|Raichu, L50, M|
|poke|p2|Scizor, L50, F|
|poke|p2|Ninetales-Alola, L50, F|
|poke|p2|Staraptor, L50, M|
|poke|p2|Glimmora, L50, M|
|poke|p2|Kingambit, L50, F|
|teampreview|4
|showteam|p1|Charizard||CharizarditeY|Blaze|HeatWave,SolarBeam,WeatherBall,Protect|Modest||M|||50|]Kingambit||ChopleBerry|Defiant|Protect,SuckerPunch,IronHead,KowtowCleave|Adamant||F|||50|]Whimsicott||FocusSash|Prankster|Moonblast,Tailwind,Encore,Protect|Timid||M|||50|]Floette-Eternal||Floettite|FlowerVeil|Moonblast,DazzlingGleam,LightofRuin,Protect|Modest||F|||50|]Garchomp||SitrusBerry|RoughSkin|Earthquake,DragonClaw,RockSlide,Protect|Adamant||F|||50|]Basculegion||LifeOrb|Adaptability|WaveCrash,LastRespects,AquaJet,Protect|Adamant||M|||50|
|showteam|p2|Raichu||RaichuniteY|LightningRod|ZapCannon,FocusBlast,FakeOut,Protect|Timid||M|||50|]Scizor||LifeOrb|Technician|BulletPunch,Feint,BugBite,Protect|Adamant||F|||50|]Ninetales-Alola||ChoiceScarf|SnowWarning|Moonblast,FreezeDry,Blizzard,IcyWind|Timid||F|||50|]Staraptor||Staraptite|Intimidate|Roost,BraveBird,Protect,CloseCombat|Jolly||M|||50|]Glimmora||FocusSash|ToxicDebris|PowerGem,EarthPower,SpikyShield,SludgeBomb|Modest||M|||50|]Kingambit||ChopleBerry|Defiant|KowtowCleave,SuckerPunch,LowKick,Protect|Adamant||F|||50|
|j| cramorantn
|inactive|Battle timer is ON: inactive players will automatically lose when time's up. (requested by anonfy)
|
|t:|1785328445
|teamsize|p1|4
|teamsize|p2|4
|start
|switch|p1a: Floette|Floette-Eternal, L50, F|100/100
|switch|p1b: Garchomp|Garchomp, L50, F|100/100
|switch|p2a: Raichu|Raichu, L50, M|100/100
|switch|p2b: Kingambit|Kingambit, L50, F|100/100
|turn|1
|inactive|anonfy has 30 seconds left.
|
|t:|1785328471
|switch|p2b: Ninetales|Ninetales-Alola, L50, F|100/100
|-weather|Snowscape|[from] ability: Snow Warning|[of] p2b: Ninetales
|detailschange|p2a: Raichu|Raichu-Mega-Y, L50, M
|-mega|p2a: Raichu|Raichu|Raichunite Y
|detailschange|p1a: Floette|Floette-Mega, L50, F
|-mega|p1a: Floette|Floette|Floettite
|-ability|p1a: Floette|Fairy Aura
|move|p1b: Garchomp|Protect|p1b: Garchomp
|-singleturn|p1b: Garchomp|Protect
|move|p2a: Raichu|Fake Out|p1b: Garchomp
|-activate|p1b: Garchomp|move: Protect
|move|p1a: Floette|Dazzling Gleam|p2b: Ninetales|[spread] p2a,p2b
|-damage|p2a: Raichu|35/100
|-damage|p2b: Ninetales|42/100
|
|-weather|Snowscape|[upkeep]
|upkeep
|turn|2
|
|t:|1785328491
|switch|p1b: Kingambit|Kingambit, L50, F|100/100
|move|p2b: Ninetales|Blizzard|p1b: Kingambit|[spread] p1a,p1b
|-resisted|p1b: Kingambit|1
|-damage|p1a: Floette|76/100
|-damage|p1b: Kingambit|83/100
|move|p2a: Raichu|Zap Cannon|p1a: Floette
|-damage|p1a: Floette|22/100
|-status|p1a: Floette|par
|cant|p1a: Floette|par
|
|-weather|Snowscape|[upkeep]
|upkeep
|turn|3
|
|t:|1785328507
|switch|p2a: Kingambit|Kingambit, L50, F|100/100
|move|p1b: Kingambit|Sucker Punch||[still]
|-fail|p1b: Kingambit
|move|p2b: Ninetales|Blizzard|p1b: Kingambit|[spread] p1a,p1b
|-resisted|p1b: Kingambit|1
|-damage|p1a: Floette|0 fnt
|-damage|p1b: Kingambit|68/100
|-status|p1b: Kingambit|frz
|faint|p1a: Floette
|
|-weather|Snowscape|[upkeep]
|upkeep
|
|t:|1785328518
|switch|p1a: Basculegion|Basculegion, L50, M|100/100
|turn|4
|c| cramorantn|yunqib
|
|t:|1785328523
|move|p1a: Basculegion|Protect|p1a: Basculegion
|-singleturn|p1a: Basculegion|Protect
|move|p2a: Kingambit|Sucker Punch||[still]
|-fail|p2a: Kingambit
|move|p2b: Ninetales|Blizzard|p1a: Basculegion|[spread] p1b
|-activate|p1a: Basculegion|move: Protect
|-resisted|p1b: Kingambit|1
|-damage|p1b: Kingambit|54/100 frz
|cant|p1b: Kingambit|frz
|
|-weather|Snowscape|[upkeep]
|upkeep
|turn|5
|
|t:|1785328541
|switch|p2b: Raichu|Raichu-Mega-Y, L50, M|35/100
|move|p1a: Basculegion|Wave Crash|p2a: Kingambit
|-damage|p2a: Kingambit|24/100
|-damage|p1a: Basculegion|74/100|[from] Recoil
|-damage|p1a: Basculegion|64/100|[from] item: Life Orb
|cant|p1b: Kingambit|frz
|move|p2a: Kingambit|Kowtow Cleave|p1a: Basculegion
|-supereffective|p1a: Basculegion|1
|-damage|p1a: Basculegion|0 fnt
|faint|p1a: Basculegion
|
|-weather|none
|upkeep
|
|t:|1785328545
|switch|p1a: Garchomp|Garchomp, L50, F|100/100
|turn|6
|
|t:|1785328562
|-curestatus|p1b: Kingambit|frz|[msg]
|move|p1b: Kingambit|Protect|p1b: Kingambit
|-singleturn|p1b: Kingambit|Protect
|move|p2a: Kingambit|Protect|p2a: Kingambit
|-singleturn|p2a: Kingambit|Protect
|move|p2b: Raichu|Focus Blast|p1b: Kingambit
|-activate|p1b: Kingambit|move: Protect
|move|p1a: Garchomp|Earthquake|p2b: Raichu|[spread] p2b
|-activate|p1b: Kingambit|move: Protect
|-activate|p2a: Kingambit|move: Protect
|-supereffective|p2b: Raichu|1
|-damage|p2b: Raichu|0 fnt
|faint|p2b: Raichu
|
|upkeep
|
|t:|1785328579
|switch|p2b: Glimmora|Glimmora, L50, M|100/100
|turn|7
|
|t:|1785328590
|move|p2a: Kingambit|Sucker Punch|p1a: Garchomp
|-damage|p1a: Garchomp|66/100
|-damage|p2a: Kingambit|12/100|[from] ability: Rough Skin|[of] p1a: Garchomp
|move|p1a: Garchomp|Rock Slide|p2a: Kingambit|[spread] p2a,p2b
|-resisted|p2a: Kingambit|1
|-damage|p2a: Kingambit|5/100
|-damage|p2b: Glimmora|77/100
|-activate|p2b: Glimmora|ability: Toxic Debris
|-sidestart|p1: fangyusuhe|move: Toxic Spikes
|move|p2b: Glimmora|Earth Power|p1b: Kingambit
|-supereffective|p1b: Kingambit|1
|-damage|p1b: Kingambit|0 fnt
|faint|p1b: Kingambit
|
|upkeep
|turn|8
|
|t:|1785328611
|move|p2a: Kingambit|Sucker Punch|p1a: Garchomp
|-damage|p1a: Garchomp|32/100
|-damage|p2a: Kingambit|0 fnt|[from] ability: Rough Skin|[of] p1a: Garchomp
|-enditem|p1a: Garchomp|Sitrus Berry|[eat]
|-heal|p1a: Garchomp|57/100|[from] item: Sitrus Berry
|faint|p2a: Kingambit
|move|p1a: Garchomp|Earthquake|p2b: Glimmora
|-supereffective|p2b: Glimmora|2
|-damage|p2b: Glimmora|0 fnt
|-activate|p2b: Glimmora|ability: Toxic Debris
|-sidestart|p1: fangyusuhe|move: Toxic Spikes
|faint|p2b: Glimmora
|
|upkeep
|
|t:|1785328624
|switch|p2b: Ninetales|Ninetales-Alola, L50, F|42/100
|-weather|Snowscape|[from] ability: Snow Warning|[of] p2b: Ninetales
|turn|9
|-message|fangyusuhe forfeited.
|
|win|anonfy
|l|☆fangyusuhe
|player|p1|
|l| cramorantn
