|j|☆Promesus
|j|☆Atlanta Rat
|html|PromesusAtlanta Rat    
|uhtml|bestof|Game 2 of a best-of-3
|t:|1785042427
|gametype|doubles
|player|p1|Promesus|hilbert-wonderlauncher|1134
|player|p2|Atlanta Rat|rood|1187
|gen|9
|tier|[Gen 9 Champions] VGC 2026 Reg M-B (Bo3)
|rated|
|rule|Species Clause: Limit one of each Pokémon
|rule|Item Clause: Limit 1 of each item
|clearpoke
|poke|p1|Staraptor, L50, M|
|poke|p1|Farigiraf, L50, F|
|poke|p1|Kingambit, L50, F|
|poke|p1|Vanilluxe, L50, M|
|poke|p1|Blastoise, L50, F|
|poke|p1|Camerupt, L50, M, shiny|
|poke|p2|Raichu, L50, M|
|poke|p2|Sinistcha, L50|
|poke|p2|Incineroar, L50, F|
|poke|p2|Sylveon, L50, F|
|poke|p2|Metagross, L50|
|poke|p2|Hydreigon, L50, F|
|teampreview|4
|showteam|p1|Staraptor||ChoiceScarf|Intimidate|FinalGambit,BraveBird,CloseCombat,Uturn|Jolly||M|||50|]Farigiraf||SitrusBerry|ArmorTail|HyperVoice,HelpingHand,TrickRoom,PsychicFangs|Relaxed||F|||50|]Kingambit||LifeOrb|Defiant|KowtowCleave,IronHead,Protect,SuckerPunch|Brave||F|||50|]Vanilluxe||NeverMeltIce|SnowWarning|Blizzard,FreezeDry,Protect,IceShard|Quiet||M|||50|]Blastoise||Blastoisinite|Torrent|DarkPulse,AuraSphere,FakeOut,WaterSpout|Modest||F|||50|]Camerupt||Cameruptite|SolidRock|HeatWave,EarthPower,Protect,AncientPower|Quiet||M|||50|
|showteam|p2|Raichu||RaichuniteY|LightningRod|ZapCannon,FocusBlast,FakeOut,Protect|Timid||M|||50|]Sinistcha||SitrusBerry|Hospitality|MatchaGotcha,RagePowder,TrickRoom,Protect|Bold|||||50|]Incineroar||ShucaBerry|Intimidate|FlareBlitz,DarkestLariat,PartingShot,FakeOut|Careful||F|||50|]Sylveon||FairyFeather|Pixilate|HyperVoice,QuickAttack,CalmMind,Protect|Modest||F|||50|]Metagross||Metagrossite|ClearBody|HardPress,BodyPress,PsychicFangs,Protect|Adamant|||||50|]Hydreigon||ChoiceScarf|Levitate|DracoMeteor,DarkPulse,EarthPower,Snarl|Modest||F|||50|
|inactive|Battle timer is ON: inactive players will automatically lose when time's up. (requested by Promesus)
|inactive|Atlanta Rat has 60 seconds left.
|j| FancyPipels
|inactive|Promesus has 60 seconds left.
|
|t:|1785042476
|teamsize|p1|4
|teamsize|p2|4
|start
|switch|p1a: Farigiraf|Farigiraf, L50, F|100/100
|switch|p1b: Blastoise|Blastoise, L50, F|100/100
|switch|p2a: Hydreigon|Hydreigon, L50, F|100/100
|switch|p2b: Sinistcha|Sinistcha, L50|100/100
|turn|1
|
|t:|1785042496
|detailschange|p1b: Blastoise|Blastoise-Mega, L50, F
|-mega|p1b: Blastoise|Blastoise|Blastoisinite
|move|p1a: Farigiraf|Helping Hand|p1b: Blastoise
|-singleturn|p1b: Blastoise|Helping Hand|[of] p1a: Farigiraf
|move|p2a: Hydreigon|Snarl|p1b: Blastoise|[spread] p1a,p1b
|-supereffective|p1a: Farigiraf|1
|-damage|p1a: Farigiraf|56/100
|-damage|p1b: Blastoise|80/100
|-unboost|p1a: Farigiraf|spa|1
|-unboost|p1b: Blastoise|spa|1
|move|p1b: Blastoise|Dark Pulse|p2b: Sinistcha
|-supereffective|p2b: Sinistcha|1
|-damage|p2b: Sinistcha|20/100y
|-enditem|p2b: Sinistcha|Sitrus Berry|[eat]
|-heal|p2b: Sinistcha|44/100|[from] item: Sitrus Berry
|cant|p2b: Sinistcha|flinch
|
|upkeep
|turn|2
|
|t:|1785042517
|switch|p1a: Kingambit|Kingambit, L50, F|100/100
|move|p2a: Hydreigon|Snarl|p1b: Blastoise|[spread] p1a,p1b
|-resisted|p1a: Kingambit|1
|-damage|p1a: Kingambit|88/100
|-damage|p1b: Blastoise|59/100
|-unboost|p1a: Kingambit|spa|1
|-ability|p1a: Kingambit|Defiant|boost
|-boost|p1a: Kingambit|atk|2
|-unboost|p1b: Blastoise|spa|1
|move|p1b: Blastoise|Aura Sphere|p2a: Hydreigon
|-supereffective|p2a: Hydreigon|1
|-damage|p2a: Hydreigon|47/100
|move|p2b: Sinistcha|Matcha Gotcha|p1b: Blastoise|[spread] p1a,p1b
|-resisted|p1a: Kingambit|1
|-supereffective|p1b: Blastoise|1
|-damage|p1a: Kingambit|77/100
|-heal|p2b: Sinistcha|51/100|[from] drain|[of] p1a: Kingambit
|-damage|p1b: Blastoise|17/100
|-heal|p2b: Sinistcha|73/100|[from] drain|[of] p1b: Blastoise
|
|upkeep
|turn|3
|inactive|Promesus has 30 seconds left.
|inactive|Atlanta Rat has 30 seconds left.
|
|t:|1785042548
|move|p2a: Hydreigon|Snarl|p1a: Kingambit|[spread] p1a,p1b
|-resisted|p1a: Kingambit|1
|-crit|p1a: Kingambit
|-damage|p1a: Kingambit|60/100
|-damage|p1b: Blastoise|0 fnt
|-unboost|p1a: Kingambit|spa|1
|-ability|p1a: Kingambit|Defiant|boost
|-boost|p1a: Kingambit|atk|2
|faint|p1b: Blastoise
|move|p2b: Sinistcha|Matcha Gotcha|p1a: Kingambit
|-resisted|p1a: Kingambit|1
|-damage|p1a: Kingambit|45/100
|-heal|p2b: Sinistcha|82/100|[from] drain|[of] p1a: Kingambit
|move|p1a: Kingambit|Kowtow Cleave|p2b: Sinistcha
|-supereffective|p2b: Sinistcha|1
|-damage|p2b: Sinistcha|0 fnt
|faint|p2b: Sinistcha
|-damage|p1a: Kingambit|36/100|[from] item: Life Orb
|
|upkeep
|
|t:|1785042563
|switch|p1b: Farigiraf|Farigiraf, L50, F|56/100
|switch|p2b: Raichu|Raichu, L50, M|100/100
|turn|4
|
|t:|1785042586
|switch|p2a: Incineroar|Incineroar, L50, F|100/100
|-ability|p2a: Incineroar|Intimidate|boost
|-unboost|p1a: Kingambit|atk|1
|-ability|p1a: Kingambit|Defiant|boost
|-boost|p1a: Kingambit|atk|2
|-unboost|p1b: Farigiraf|atk|1
|move|p2b: Raichu|Protect|p2b: Raichu
|-singleturn|p2b: Raichu|Protect
|move|p1a: Kingambit|Sucker Punch||[still]
|-fail|p1a: Kingambit
|move|p1b: Farigiraf|Trick Room|p1b: Farigiraf
|-fieldstart|move: Trick Room|[of] p1b: Farigiraf
|
|upkeep
|turn|5
|inactive|Promesus has 30 seconds left.
|
|t:|1785042619
|detailschange|p2b: Raichu|Raichu-Mega-Y, L50, M
|-mega|p2b: Raichu|Raichu|Raichunite Y
|move|p1b: Farigiraf|Helping Hand|p1a: Kingambit
|-singleturn|p1a: Kingambit|Helping Hand|[of] p1b: Farigiraf
|move|p1a: Kingambit|Kowtow Cleave|p2a: Incineroar
|-resisted|p2a: Incineroar|1
|-damage|p2a: Incineroar|0 fnt
|faint|p2a: Incineroar
|-damage|p1a: Kingambit|26/100|[from] item: Life Orb
|move|p2b: Raichu|Focus Blast|p1a: Kingambit
|-supereffective|p1a: Kingambit|2
|-damage|p1a: Kingambit|0 fnt
|faint|p1a: Kingambit
|
|upkeep
|
|t:|1785042630
|switch|p1a: Vanilluxe|Vanilluxe, L50, M|100/100
|switch|p2a: Hydreigon|Hydreigon, L50, F|47/100
|-weather|Snowscape|[from] ability: Snow Warning|[of] p1a: Vanilluxe
|turn|6
|
|t:|1785042649
|move|p1b: Farigiraf|Hyper Voice|p2b: Raichu|[spread] p2a,p2b
|-crit|p2b: Raichu
|-damage|p2a: Hydreigon|20/100y
|-damage|p2b: Raichu|49/100
|move|p1a: Vanilluxe|Blizzard|p2a: Hydreigon|[spread] p2a,p2b
|-supereffective|p2a: Hydreigon|1
|-damage|p2a: Hydreigon|0 fnt
|-damage|p2b: Raichu|0 fnt
|faint|p2a: Hydreigon
|faint|p2b: Raichu
|
|win|Promesus
