|j|☆M3n_in_black
|j|☆ClumbsyLilBeach
|html|M3n_in_blackClumbsyLilBeach    
|uhtml|bestof|Game 2 of a best-of-3
|t:|1784933573
|gametype|doubles
|player|p1|M3n_in_black|unknown|1055
|player|p2|ClumbsyLilBeach|jasmine|1075
|gen|9
|tier|[Gen 9 Champions] VGC 2026 Reg M-B (Bo3)
|rated|
|rule|Species Clause: Limit one of each Pokémon
|rule|Item Clause: Limit 1 of each item
|clearpoke
|poke|p1|Charizard, L50, F, shiny|
|poke|p1|Pelipper, L50, M, shiny|
|poke|p1|Venusaur, L50, F, shiny|
|poke|p1|Swampert, L50, F, shiny|
|poke|p1|Scrafty, L50, M, shiny|
|poke|p1|Archaludon, L50, F, shiny|
|poke|p2|Charizard, L50, F|
|poke|p2|Pelipper, L50, M|
|poke|p2|Gliscor, L50, F, shiny|
|poke|p2|Talonflame, L50, F|
|poke|p2|Corviknight, L50, M|
|poke|p2|Aerodactyl, L50, M|
|teampreview|4
|showteam|p1|Charizard||CharizarditeY|Blaze|Protect,WillOWisp,HelpingHand,WeatherBall|Calm||F|||50|]Pelipper||FocusSash|Drizzle|Uturn,Tailwind,Hurricane,WeatherBall|Modest||M|||50|]Venusaur||LifeOrb|Chlorophyll|SolarBeam,SludgeBomb,WeatherBall,Growth|Modest||F|||50|]Swampert||Swampertite|Damp|WaveCrash,FlipTurn,Earthquake,Protect|Adamant||F|||50|]Scrafty||RoseliBerry|Intimidate|FakeOut,KnockOff,Encore,Taunt|Adamant||M|||50|]Archaludon||SitrusBerry|Stamina|ElectroShot,FlashCannon,DragonPulse,Protect|Timid||F|||50|
|showteam|p2|Charizard||CharizarditeY|Blaze|Protect,WeatherBall,HeatWave,SolarBeam|Modest||F|||50|]Pelipper||SitrusBerry|Drizzle|WideGuard,Hurricane,Tailwind,WeatherBall|Modest||M|||50|]Gliscor||ChoiceScarf|HyperCutter|Earthquake,RockSlide,Uturn,PoisonJab|Jolly||F|||50|]Talonflame||SharpBeak|GaleWings|DualWingbeat,Tailwind,QuickGuard,Taunt|Jolly||F|||50|]Corviknight||Leftovers|MirrorArmor|BodyPress,IronHead,IronDefense,Protect|Impish||M|||50|]Aerodactyl||FocusSash|Unnerve|RockSlide,IceFang,DualWingbeat,WideGuard|Jolly||M|||50|
|inactive|Battle timer is ON: inactive players will automatically lose when time's up. (requested by ClumbsyLilBeach)
|
|t:|1784933597
|teamsize|p1|4
|teamsize|p2|4
|start
|switch|p1a: Swampert|Swampert, L50, F, shiny|100/100
|switch|p1b: Scrafty|Scrafty, L50, M, shiny|100/100
|switch|p2a: Talonflame|Talonflame, L50, F|100/100
|switch|p2b: Charizard|Charizard, L50, F|100/100
|-ability|p1b: Scrafty|Intimidate|boost
|-unboost|p2a: Talonflame|atk|1
|-unboost|p2b: Charizard|atk|1
|turn|1
|
|t:|1784933614
|detailschange|p2b: Charizard|Charizard-Mega-Y, L50, F
|-mega|p2b: Charizard|Charizard|Charizardite Y
|-weather|SunnyDay|[from] ability: Drought|[of] p2b: Charizard
|move|p2a: Talonflame|Quick Guard|p2a: Talonflame
|-singleturn|p2a: Talonflame|Quick Guard
|move|p1b: Scrafty|Fake Out|p2b: Charizard
|-activate|p2b: Charizard|move: Quick Guard
|move|p2b: Charizard|Solar Beam||[still]
|-prepare|p2b: Charizard|Solar Beam
|-anim|p2b: Charizard|Solar Beam|p1a: Swampert
|-supereffective|p1a: Swampert|2
|-damage|p1a: Swampert|0 fnt
|faint|p1a: Swampert
|
|-weather|SunnyDay|[upkeep]
|upkeep
|
|t:|1784933620
|switch|p1a: Archaludon|Archaludon, L50, F, shiny|100/100
|turn|2
|inactive|ClumbsyLilBeach has 30 seconds left.
|
|t:|1784933652
|switch|p2b: Gliscor|Gliscor, L50, F, shiny|100/100
|switch|p1b: Pelipper|Pelipper, L50, M, shiny|100/100
|-weather|RainDance|[from] ability: Drizzle|[of] p1b: Pelipper
|move|p2a: Talonflame|Tailwind|p2a: Talonflame
|-sidestart|p2: ClumbsyLilBeach|move: Tailwind
|move|p1a: Archaludon|Electro Shot||[still]
|-prepare|p1a: Archaludon|Electro Shot
|-boost|p1a: Archaludon|spa|1
|-anim|p1a: Archaludon|Electro Shot|p2a: Talonflame
|-supereffective|p2a: Talonflame|1
|-damage|p2a: Talonflame|0 fnt
|faint|p2a: Talonflame
|
|-weather|RainDance|[upkeep]
|upkeep
|
|t:|1784933670
|switch|p2a: Charizard|Charizard-Mega-Y, L50, F|100/100
|-weather|SunnyDay|[from] ability: Drought|[of] p2a: Charizard
|turn|3
|inactive|M3n_in_black has 30 seconds left.
|inactive|M3n_in_black has 20 seconds left.
|
|t:|1784933707
|switch|p1b: Scrafty|Scrafty, L50, M, shiny|100/100
|-ability|p1b: Scrafty|Intimidate|boost
|-unboost|p2a: Charizard|atk|1
|-fail|p2b: Gliscor|unboost|Attack|[from] ability: Hyper Cutter|[of] p2b: Gliscor
|move|p1a: Archaludon|Protect|p1a: Archaludon
|-singleturn|p1a: Archaludon|Protect
|move|p2b: Gliscor|Rock Slide|p1a: Archaludon|[spread] p1b
|-activate|p1a: Archaludon|move: Protect
|-resisted|p1b: Scrafty|1
|-damage|p1b: Scrafty|93/100
|move|p2a: Charizard|Solar Beam||[still]
|-prepare|p2a: Charizard|Solar Beam
|-anim|p2a: Charizard|Solar Beam|p1b: Scrafty
|-damage|p1b: Scrafty|44/100
|
|-weather|SunnyDay|[upkeep]
|upkeep
|turn|4
|inactive|M3n_in_black has 30 seconds left.
|inactive|ClumbsyLilBeach has 30 seconds left.
|
|t:|1784933735
|switch|p2b: Aerodactyl|Aerodactyl, L50, M|100/100
|-ability|p2b: Aerodactyl|Unnerve
|move|p2a: Charizard|Protect|p2a: Charizard
|-singleturn|p2a: Charizard|Protect
|move|p1b: Scrafty|Fake Out|p2b: Aerodactyl
|-resisted|p2b: Aerodactyl|1
|-damage|p2b: Aerodactyl|90/100
|move|p1a: Archaludon|Electro Shot||[still]
|-prepare|p1a: Archaludon|Electro Shot
|-boost|p1a: Archaludon|spa|1
|
|-weather|SunnyDay|[upkeep]
|upkeep
|turn|5
|
|t:|1784933754
|switch|p2a: Gliscor|Gliscor, L50, F, shiny|100/100
|switch|p1b: Pelipper|Pelipper, L50, M, shiny|100/100
|-weather|RainDance|[from] ability: Drizzle|[of] p1b: Pelipper
|move|p2b: Aerodactyl|Dual Wingbeat|p1b: Pelipper
|-damage|p1b: Pelipper|77/100
|-damage|p1b: Pelipper|49/100
|-hitcount|p1b: Pelipper|2
|move|p1a: Archaludon|Electro Shot|p2a: Gliscor|[from] lockedmove
|-immune|p2a: Gliscor
|
|-weather|RainDance|[upkeep]
|-sideend|p2: ClumbsyLilBeach|move: Tailwind
|upkeep
|turn|6
|
|t:|1784933779
|move|p2a: Gliscor|Rock Slide|p1b: Pelipper|[spread] p1a,p1b
|-resisted|p1a: Archaludon|1
|-supereffective|p1b: Pelipper|1
|-damage|p1a: Archaludon|94/100
|-damage|p1b: Pelipper|5/100
|-ability|p1a: Archaludon|Stamina|boost
|-boost|p1a: Archaludon|def|1
|move|p2b: Aerodactyl|Dual Wingbeat|p1b: Pelipper
|-damage|p1b: Pelipper|0 fnt
|faint|p1b: Pelipper
|-hitcount|p1: Pelipper|1
|cant|p1a: Archaludon|flinch
|
|-weather|RainDance|[upkeep]
|upkeep
|
|t:|1784933787
|switch|p1b: Scrafty|Scrafty, L50, M, shiny|44/100
|-ability|p1b: Scrafty|Intimidate|boost
|-fail|p2a: Gliscor|unboost|Attack|[from] ability: Hyper Cutter|[of] p2a: Gliscor
|-unboost|p2b: Aerodactyl|atk|1
|turn|7
|inactive|ClumbsyLilBeach has 30 seconds left.
|
|t:|1784933813
|switch|p2a: Charizard|Charizard-Mega-Y, L50, F|100/100
|-weather|SunnyDay|[from] ability: Drought|[of] p2a: Charizard
|move|p1b: Scrafty|Fake Out|p2a: Charizard
|-damage|p2a: Charizard|84/100
|move|p2b: Aerodactyl|Dual Wingbeat|p1b: Scrafty
|-supereffective|p1b: Scrafty|1
|-damage|p1b: Scrafty|20/100y
|-supereffective|p1b: Scrafty|1
|-damage|p1b: Scrafty|0 fnt
|faint|p1b: Scrafty
|-hitcount|p1: Scrafty|2
|move|p1a: Archaludon|Flash Cannon|p2b: Aerodactyl
|-supereffective|p2b: Aerodactyl|1
|-damage|p2b: Aerodactyl|0 fnt
|faint|p2b: Aerodactyl
|
|-weather|SunnyDay|[upkeep]
|upkeep
|
|t:|1784933831
|switch|p2b: Gliscor|Gliscor, L50, F, shiny|100/100
|turn|8
|
|t:|1784933837
|move|p2b: Gliscor|Earthquake|p1a: Archaludon|[spread] p1a
|-immune|p2a: Charizard
|-supereffective|p1a: Archaludon|1
|-damage|p1a: Archaludon|62/100
|-ability|p1a: Archaludon|Stamina|boost
|-boost|p1a: Archaludon|def|1
|move|p2a: Charizard|Weather Ball|p1a: Archaludon
|-damage|p1a: Archaludon|0 fnt
|faint|p1a: Archaludon
|
|win|ClumbsyLilBeach
|raw|M3n_in_black's rating: 1055 → 1038(-17 for losing)
|raw|ClumbsyLilBeach's rating: 1075 → 1102(+27 for winning)
|l|☆M3n_in_black
|player|p1|
