|j|☆teyvgc
|j|☆DumbDerek
|html|teyvgcDumbDerek    
|uhtml|bestof|Game 2 of a best-of-3
|t:|1783198503
|gametype|doubles
|player|p1|teyvgc|1|1233
|player|p2|DumbDerek|blackbelt-gen4|1274
|gen|9
|tier|[Gen 9 Champions] VGC 2026 Reg M-B (Bo3)
|rated|
|rule|Species Clause: Limit one of each Pokémon
|rule|Item Clause: Limit 1 of each item
|clearpoke
|poke|p1|Excadrill, L50, F|
|poke|p1|Tyranitar, L50, F|
|poke|p1|Staraptor, L50, M|
|poke|p1|Sinistcha, L50|
|poke|p1|Milotic, L50, F|
|poke|p1|Gholdengo, L50|
|poke|p2|Archaludon, L50, F|
|poke|p2|Pelipper, L50, F|
|poke|p2|Swampert, L50, F|
|poke|p2|Sinistcha, L50|
|poke|p2|Grimmsnarl, L50, M|
|poke|p2|Drampa, L50, M|
|teampreview|4
|showteam|p1|Excadrill||FocusSash|SandRush|Earthquake,IronHead,RockSlide,Protect|Adamant||F|||50|]Tyranitar||Tyranitarite|SandStream|RockSlide,KnockOff,DragonDance,Protect|Adamant||F|||50|]Staraptor||Staraptite|Intimidate|BraveBird,CloseCombat,Tailwind,Protect|Jolly||M|||50|]Sinistcha||SitrusBerry|Hospitality|MatchaGotcha,RagePowder,LifeDew,TrickRoom|Calm|||||50|]Milotic||Leftovers|Competitive|Scald,IceBeam,Recover,Protect|Modest||F|||50|]Gholdengo||LifeOrb|GoodasGold|MakeItRain,ShadowBall,NastyPlot,Protect|Modest|||||50|
|showteam|p2|Archaludon||Leftovers|Stamina|ElectroShot,DragonPulse,FlashCannon,Protect|Modest||F|||50|]Pelipper||LifeOrb|Drizzle|Hurricane,Protect,WeatherBall,WideGuard|Bold||F|||50|]Swampert||Swampertite|Torrent|Earthquake,FlipTurn,WaveCrash,Protect|Adamant||F|||50|]Sinistcha||SitrusBerry|Hospitality|TrickRoom,MatchaGotcha,RagePowder,ShadowBall|Relaxed|||||50|]Grimmsnarl||LightClay|Prankster|LightScreen,Reflect,FakeOut,SpiritBreak|Adamant||M|||50|]Drampa||Drampanite|Berserk|HyperVoice,EnergyBall,EarthPower,Protect|Quiet||M|||50|
|
|t:|1783198530
|teamsize|p1|4
|teamsize|p2|4
|start
|switch|p1a: Staraptor|Staraptor, L50, M|100/100
|switch|p1b: Excadrill|Excadrill, L50, F|100/100
|switch|p2a: Grimmsnarl|Grimmsnarl, L50, M|100/100
|switch|p2b: Swampert|Swampert, L50, F|100/100
|-ability|p1a: Staraptor|Intimidate|boost
|-unboost|p2a: Grimmsnarl|atk|1
|-unboost|p2b: Swampert|atk|1
|turn|1
|
|t:|1783198548
|detailschange|p1a: Staraptor|Staraptor-Mega, L50, M
|-mega|p1a: Staraptor|Staraptor|Staraptite
|detailschange|p2b: Swampert|Swampert-Mega, L50, F
|-mega|p2b: Swampert|Swampert|Swampertite
|move|p2a: Grimmsnarl|Fake Out|p1a: Staraptor
|-damage|p1a: Staraptor|90/100
|cant|p1a: Staraptor|flinch
|move|p1b: Excadrill|Earthquake|p2b: Swampert|[spread] p2a,p2b
|-immune|p1a: Staraptor
|-damage|p2a: Grimmsnarl|46/100
|-damage|p2b: Swampert|61/100
|move|p2b: Swampert|Flip Turn|p1b: Excadrill
|-supereffective|p1b: Excadrill|1
|-damage|p1b: Excadrill|19/100
|
|t:|1783198577
|switch|p2b: Pelipper|Pelipper, L50, F|100/100|[from] Flip Turn
|-weather|RainDance|[from] ability: Drizzle|[of] p2b: Pelipper
|
|-weather|RainDance|[upkeep]
|upkeep
|turn|2
|
|t:|1783198607
|switch|p1b: Milotic|Milotic, L50, F|100/100
|move|p2a: Grimmsnarl|Reflect|p2a: Grimmsnarl
|-sidestart|p2: DumbDerek|Reflect
|move|p1a: Staraptor|Close Combat|p2a: Grimmsnarl
|-damage|p2a: Grimmsnarl|0 fnt
|-boost|p1a: Staraptor|def|1
|-boost|p1a: Staraptor|spd|1
|faint|p2a: Grimmsnarl
|move|p2b: Pelipper|Weather Ball|p1b: Milotic
|-resisted|p1b: Milotic|1
|-damage|p1b: Milotic|74/100
|-damage|p2b: Pelipper|90/100|[from] item: Life Orb
|
|-weather|RainDance|[upkeep]
|-heal|p1b: Milotic|80/100|[from] item: Leftovers
|upkeep
|
|t:|1783198616
|switch|p2a: Archaludon|Archaludon, L50, F|100/100
|turn|3
|
|t:|1783198635
|move|p1a: Staraptor|Close Combat|p2a: Archaludon
|-supereffective|p2a: Archaludon|1
|-damage|p2a: Archaludon|42/100
|-boost|p1a: Staraptor|def|1
|-boost|p1a: Staraptor|spd|1
|-ability|p2a: Archaludon|Stamina|boost
|-boost|p2a: Archaludon|def|1
|move|p2a: Archaludon|Electro Shot||[still]
|-prepare|p2a: Archaludon|Electro Shot
|-boost|p2a: Archaludon|spa|1
|-anim|p2a: Archaludon|Electro Shot|p1a: Staraptor
|-supereffective|p1a: Staraptor|1
|-damage|p1a: Staraptor|9/100
|move|p1b: Milotic|Ice Beam|p2b: Pelipper
|-damage|p2b: Pelipper|58/100
|move|p2b: Pelipper|Hurricane|p1b: Milotic
|-damage|p1b: Milotic|45/100
|-damage|p2b: Pelipper|48/100|[from] item: Life Orb
|
|-weather|RainDance|[upkeep]
|-heal|p2a: Archaludon|48/100|[from] item: Leftovers
|-heal|p1b: Milotic|50/100g|[from] item: Leftovers
|upkeep
|turn|4
|
|t:|1783198657
|switch|p1b: Sinistcha|Sinistcha, L50|100/100
|-heal|p1a: Staraptor|34/100|[from] ability: Hospitality|[of] p1b: Sinistcha
|move|p1a: Staraptor|Protect|p1a: Staraptor
|-singleturn|p1a: Staraptor|Protect
|move|p2a: Archaludon|Protect|p2a: Archaludon
|-singleturn|p2a: Archaludon|Protect
|move|p2b: Pelipper|Weather Ball|p1a: Staraptor
|-activate|p1a: Staraptor|move: Protect
|
|-weather|RainDance|[upkeep]
|-heal|p2a: Archaludon|54/100|[from] item: Leftovers
|upkeep
|turn|5
|
|t:|1783198682
|move|p1b: Sinistcha|Rage Powder|p1b: Sinistcha
|-singleturn|p1b: Sinistcha|move: Rage Powder
|move|p1a: Staraptor|Tailwind|p1a: Staraptor
|-sidestart|p1: teyvgc|move: Tailwind
|move|p2a: Archaludon|Electro Shot||[still]
|-prepare|p2a: Archaludon|Electro Shot
|-boost|p2a: Archaludon|spa|1
|-anim|p2a: Archaludon|Electro Shot|p1b: Sinistcha
|-resisted|p1b: Sinistcha|1
|-damage|p1b: Sinistcha|57/100
|move|p2b: Pelipper|Hurricane|p1b: Sinistcha
|-supereffective|p1b: Sinistcha|1
|-damage|p1b: Sinistcha|0 fnt
|faint|p1b: Sinistcha
|-damage|p2b: Pelipper|38/100|[from] item: Life Orb
|
|-weather|none
|-heal|p2a: Archaludon|60/100|[from] item: Leftovers
|upkeep
|
|t:|1783198716
|switch|p1b: Milotic|Milotic, L50, F|50/100g
|turn|6
|
|t:|1783198728
|switch|p2b: Swampert|Swampert-Mega, L50, F|61/100
|move|p1a: Staraptor|Close Combat|p2b: Swampert
|-damage|p2b: Swampert|28/100
|-boost|p1a: Staraptor|def|1
|-boost|p1a: Staraptor|spd|1
|move|p1b: Milotic|Ice Beam|p2b: Swampert
|-damage|p2b: Swampert|3/100
|move|p2a: Archaludon|Dragon Pulse|p1a: Staraptor
|-damage|p1a: Staraptor|0 fnt
|faint|p1a: Staraptor
|
|-heal|p1b: Milotic|56/100|[from] item: Leftovers
|-heal|p2a: Archaludon|67/100|[from] item: Leftovers
|upkeep
|
|t:|1783198739
|switch|p1a: Excadrill|Excadrill, L50, F|19/100
|turn|7
|
|t:|1783198750
|move|p2a: Archaludon|Protect|p2a: Archaludon
|-singleturn|p2a: Archaludon|Protect
|move|p1a: Excadrill|Earthquake|p2b: Swampert|[spread] p1b,p2b
|-activate|p2a: Archaludon|move: Protect
|-damage|p1b: Milotic|18/100
|-damage|p2b: Swampert|0 fnt
|faint|p2b: Swampert
|move|p1b: Milotic|Ice Beam|p2a: Archaludon
|-activate|p2a: Archaludon|move: Protect
|
|-heal|p1b: Milotic|24/100|[from] item: Leftovers
|-heal|p2a: Archaludon|73/100|[from] item: Leftovers
|upkeep
|
|t:|1783198759
|switch|p2b: Pelipper|Pelipper, L50, F|38/100
|-weather|RainDance|[from] ability: Drizzle|[of] p2b: Pelipper
|turn|8
|
|t:|1783198784
|move|p1a: Excadrill|Protect|p1a: Excadrill
|-singleturn|p1a: Excadrill|Protect
|move|p2b: Pelipper|Wide Guard|p2b: Pelipper
|-singleturn|p2b: Pelipper|Wide Guard
|move|p1b: Milotic|Scald|p2b: Pelipper
|-resisted|p2b: Pelipper|1
|-damage|p2b: Pelipper|1/100
|move|p2a: Archaludon|Dragon Pulse|p1a: Excadrill
|-activate|p1a: Excadrill|move: Protect
|
|-weather|RainDance|[upkeep]
|-heal|p1b: Milotic|30/100|[from] item: Leftovers
|-heal|p2a: Archaludon|79/100|[from] item: Leftovers
|-sideend|p1: teyvgc|move: Tailwind
|upkeep
|turn|9
|
|t:|1783198826
|move|p1a: Excadrill|Protect|p1a: Excadrill
|-singleturn|p1a: Excadrill|Protect
|move|p2b: Pelipper|Wide Guard|p2b: Pelipper
|-singleturn|p2b: Pelipper|Wide Guard
|move|p2a: Archaludon|Dragon Pulse|p1a: Excadrill
|-activate|p1a: Excadrill|move: Protect
|move|p1b: Milotic|Recover|p1b: Milotic
|-heal|p1b: Milotic|80/100
|
|-weather|RainDance|[upkeep]
|-heal|p2a: Archaludon|85/100|[from] item: Leftovers
|-heal|p1b: Milotic|86/100|[from] item: Leftovers
|-sideend|p2: DumbDerek|Reflect
|upkeep
|turn|10
|inactive|Battle timer is ON: inactive players will automatically lose when time's up. (requested by DumbDerek)
|
|t:|1783198885
|move|p2b: Pelipper|Wide Guard|p2b: Pelipper
|-singleturn|p2b: Pelipper|Wide Guard
|move|p1a: Excadrill|Iron Head|p2b: Pelipper
|-resisted|p2b: Pelipper|1
|-damage|p2b: Pelipper|0 fnt
|faint|p2b: Pelipper
|move|p2a: Archaludon|Dragon Pulse|p1a: Excadrill
|-resisted|p1a: Excadrill|1
|-damage|p1a: Excadrill|0 fnt
|faint|p1a: Excadrill
|move|p1b: Milotic|Scald|p2a: Archaludon
|-resisted|p2a: Archaludon|1
|-damage|p2a: Archaludon|52/100
|-status|p2a: Archaludon|brn
|-ability|p2a: Archaludon|Stamina|boost
|-boost|p2a: Archaludon|def|1
|
|-weather|RainDance|[upkeep]
|-heal|p2a: Archaludon|58/100 brn|[from] item: Leftovers
|-heal|p1b: Milotic|92/100|[from] item: Leftovers
|-damage|p2a: Archaludon|52/100 brn|[from] brn
|upkeep
|turn|11
|inactive|DumbDerek has 30 seconds left.
|
|t:|1783198914
|move|p1b: Milotic|Protect|p1b: Milotic
|-singleturn|p1b: Milotic|Protect
|move|p2a: Archaludon|Electro Shot||[still]
|-prepare|p2a: Archaludon|Electro Shot
|-boost|p2a: Archaludon|spa|1
|-anim|p2a: Archaludon|Electro Shot|p1b: Milotic
|-activate|p1b: Milotic|move: Protect
|
|-weather|RainDance|[upkeep]
|-heal|p2a: Archaludon|58/100 brn|[from] item: Leftovers
|-heal|p1b: Milotic|98/100|[from] item: Leftovers
|-damage|p2a: Archaludon|52/100 brn|[from] brn
|upkeep
|turn|12
|
|t:|1783198925
|move|p1b: Milotic|Protect|p1b: Milotic
|-singleturn|p1b: Milotic|Protect
|move|p2a: Archaludon|Electro Shot||[still]
|-prepare|p2a: Archaludon|Electro Shot
|-boost|p2a: Archaludon|spa|1
|-anim|p2a: Archaludon|Electro Shot|p1b: Milotic
|-activate|p1b: Milotic|move: Protect
|
|-weather|none
|-heal|p2a: Archaludon|58/100 brn|[from] item: Leftovers
|-heal|p1b: Milotic|100/100|[from] item: Leftovers
|-damage|p2a: Archaludon|52/100 brn|[from] brn
|upkeep
|turn|13
|c|☆DumbDerek|gg
|
|t:|1783198939
|move|p2a: Archaludon|Dragon Pulse|p1b: Milotic
|-damage|p1b: Milotic|1/100
|move|p1b: Milotic|Scald|p2a: Archaludon
|-resisted|p2a: Archaludon|1
|-damage|p2a: Archaludon|31/100 brn
|-ability|p2a: Archaludon|Stamina|boost
|-boost|p2a: Archaludon|def|1
|
|-heal|p2a: Archaludon|37/100 brn|[from] item: Leftovers
|-heal|p1b: Milotic|7/100|[from] item: Leftovers
|-damage|p2a: Archaludon|31/100 brn|[from] brn
|upkeep
|turn|14
|c|☆teyvgc|ahh
|c|☆teyvgc|gg
|
|t:|1783198951
|move|p2a: Archaludon|Dragon Pulse|p1b: Milotic
|-damage|p1b: Milotic|0 fnt
|faint|p1b: Milotic
|
|win|DumbDerek
|raw|teyvgc's rating: 1233 → 1211(-22 for losing)
|raw|DumbDerek's rating: 1274 → 1296(+22 for winning)
