|j|☆Dkswagggy
|j|☆archaludon_enjoyer
|html|Dkswagggyarchaludon_enjoyer    
|uhtml|bestof|Game 1 of a best-of-3
|t:|1756229755
|gametype|doubles
|player|p1|Dkswagggy|steven|1267
|player|p2|archaludon_enjoyer|1|1242
|gen|9
|tier|[Gen 9] VGC 2025 Reg H (Bo3)
|rated|
|rule|Species Clause: Limit one of each Pokémon
|rule|Item Clause: Limit 1 of each item
|clearpoke
|poke|p1|Volcarona, L50, F|
|poke|p1|Ursaluna-Bloodmoon, L50, M|
|poke|p1|Dragonite, L50, F|
|poke|p1|Gholdengo, L50|
|poke|p1|Gallade, L50, M|
|poke|p1|Amoonguss, L50, F|
|poke|p2|Electabuzz, L50, M|
|poke|p2|Basculegion, L50, M|
|poke|p2|Rillaboom, L50, M|
|poke|p2|Kingambit, L50, M|
|poke|p2|Archaludon, L50, M|
|poke|p2|Pelipper, L50, M|
|teampreview|4
|showteam|p1|Volcarona||Leftovers|FlameBody|Protect,QuiverDance,HeatWave,GigaDrain|||F|||50|,,,,,Grass]Ursaluna-Bloodmoon||AssaultVest|MindsEye|BloodMoon,HyperVoice,EarthPower,VacuumWave|||M|||50|,,,,,Normal]Dragonite||LoadedDice|InnerFocus|Protect,Haze,ScaleShot,ExtremeSpeed|||F|||50|,,,,,Fairy]Gholdengo||LifeOrb|GoodasGold|Protect,NastyPlot,ShadowBall,MakeItRain||||||50|,,,,,Water]Gallade||CovertCloak|Sharpness|Protect,TrickRoom,PsychoCut,SacredSword|||M|||50|,,,,,Steel]Amoonguss||SitrusBerry|Regenerator|Spore,RagePowder,PollenPuff,SludgeBomb|||F|||50|,,,,,Water
|showteam|p2|Electabuzz||Eviolite|VitalSpirit|Electroweb,FollowMe,Protect,Taunt|||M|||50|,,,,,Ghost]Basculegion||ChoiceBand|SwiftSwim|WaveCrash,FlipTurn,AquaJet,LastRespects|||M|||50|,,,,,Grass]Rillaboom||LoadedDice|GrassySurge|BulletSeed,HighHorsepower,GrassyGlide,FakeOut|||M|||50|,,,,,Fire]Kingambit||BlackGlasses|Defiant|Protect,KowtowCleave,SwordsDance,SuckerPunch|||M|||50|,,,,,Dark]Archaludon||AssaultVest|Stamina|ElectroShot,BodyPress,FlashCannon,DracoMeteor|||M|||50|,,,,,Fairy]Pelipper||FocusSash|Drizzle|WeatherBall,Hurricane,Protect,Tailwind|||M|||50|,,,,,Ghost
|inactive|Battle timer is ON: inactive players will automatically lose when time's up. (requested by archaludon_enjoyer)
|
|t:|1756229783
|teamsize|p1|4
|teamsize|p2|4
|start
|switch|p1a: Dragonite|Dragonite, L50, F|100/100
|switch|p1b: Amoonguss|Amoonguss, L50, F, shiny|100/100
|switch|p2a: Electabuzz|Electabuzz, L50, M, shiny|100/100
|switch|p2b: Kingambit|Kingambit, L50, M, shiny|100/100
|turn|1
|
|t:|1756229801
|move|p2b: Kingambit|Protect|p2b: Kingambit
|-singleturn|p2b: Kingambit|Protect
|move|p2a: Electabuzz|Taunt|p1b: Amoonguss
|-start|p1b: Amoonguss|move: Taunt
|move|p1a: Dragonite|Scale Shot|p2a: Electabuzz
|-damage|p2a: Electabuzz|88/100
|-damage|p2a: Electabuzz|77/100
|-damage|p2a: Electabuzz|66/100
|-damage|p2a: Electabuzz|55/100
|-hitcount|p2a: Electabuzz|4
|-unboost|p1a: Dragonite|def|1
|-boost|p1a: Dragonite|spe|1
|move|p1b: Amoonguss|Sludge Bomb|p2a: Electabuzz
|-crit|p2a: Electabuzz
|-damage|p2a: Electabuzz|25/100
|
|upkeep
|turn|2
|inactive|archaludon_enjoyer has 30 seconds left.
|inactive|archaludon_enjoyer has 20 seconds left.
|
|t:|1756229837
|switch|p1b: Volcarona|Volcarona, L50, F, shiny|100/100
|move|p1a: Dragonite|Scale Shot|p2a: Electabuzz
|-damage|p2a: Electabuzz|13/100
|-damage|p2a: Electabuzz|0 fnt
|faint|p2a: Electabuzz
|-hitcount|p2: Electabuzz|2
|-unboost|p1a: Dragonite|def|1
|-boost|p1a: Dragonite|spe|1
|move|p2b: Kingambit|Swords Dance|p2b: Kingambit
|-boost|p2b: Kingambit|atk|2
|
|upkeep
|
|t:|1756229850
|switch|p2a: Pelipper|Pelipper, L50, M|100/100
|-weather|RainDance|[from] ability: Drizzle|[of] p2a: Pelipper
|turn|3
|
|t:|1756229873
|move|p1b: Volcarona|Protect|p1b: Volcarona
|-singleturn|p1b: Volcarona|Protect
|move|p1a: Dragonite|Haze|p1a: Dragonite
|-clearallboost
|move|p2a: Pelipper|Hurricane|p1b: Volcarona
|-activate|p1b: Volcarona|move: Protect
|move|p2b: Kingambit|Kowtow Cleave|p1a: Dragonite
|-damage|p1a: Dragonite|40/100
|
|-weather|RainDance|[upkeep]
|upkeep
|turn|4
|
|t:|1756229895
|-terastallize|p2b: Kingambit|Dark
|move|p2b: Kingambit|Sucker Punch|p1a: Dragonite
|-crit|p1a: Dragonite
|-damage|p1a: Dragonite|0 fnt
|faint|p1a: Dragonite
|move|p1b: Volcarona|Quiver Dance|p1b: Volcarona
|-boost|p1b: Volcarona|spa|1
|-boost|p1b: Volcarona|spd|1
|-boost|p1b: Volcarona|spe|1
|move|p2a: Pelipper|Tailwind|p2a: Pelipper
|-sidestart|p2: archaludon_enjoyer|move: Tailwind
|
|-weather|RainDance|[upkeep]
|upkeep
|
|t:|1756229912
|switch|p1a: Amoonguss|Amoonguss, L50, F, shiny|100/100
|turn|5
|
|t:|1756229935
|-terastallize|p1a: Amoonguss|Water
|move|p1b: Volcarona|Protect|p1b: Volcarona
|-singleturn|p1b: Volcarona|Protect
|move|p2a: Pelipper|Hurricane|p1a: Amoonguss
|-damage|p1a: Amoonguss|54/100
|-start|p1a: Amoonguss|confusion
|move|p2b: Kingambit|Kowtow Cleave|p1a: Amoonguss
|-damage|p1a: Amoonguss|0 fnt
|faint|p1a: Amoonguss
|
|-weather|RainDance|[upkeep]
|upkeep
|
|t:|1756229945
|switch|p1a: Ursaluna|Ursaluna-Bloodmoon, L50, M|100/100
|turn|6
|
|t:|1756229970
|move|p2b: Kingambit|Sucker Punch|p1a: Ursaluna
|-damage|p1a: Ursaluna|54/100
|move|p2a: Pelipper|Weather Ball|p1a: Ursaluna
|-supereffective|p1a: Ursaluna
|-damage|p1a: Ursaluna|0 fnt
|faint|p1a: Ursaluna
|move|p1b: Volcarona|Giga Drain|p2a: Pelipper
|-damage|p2a: Pelipper|25/100
|
|-weather|RainDance|[upkeep]
|upkeep
|turn|7
|
|t:|1756229980
|switch|p2a: Archaludon|Archaludon, L50, M, shiny|100/100
|move|p1b: Volcarona|Protect|p1b: Volcarona
|-singleturn|p1b: Volcarona|Protect
|move|p2b: Kingambit|Swords Dance|p2b: Kingambit
|-boost|p2b: Kingambit|atk|2
|
|-weather|none
|-sideend|p2: archaludon_enjoyer|move: Tailwind
|upkeep
|turn|8
|-message|Dkswagggy forfeited.
|
|win|archaludon_enjoyer
|l|☆Dkswagggy
|player|p1|
