|j|☆mattf315
|j|☆raterrien
|html|mattf315raterrien    
|uhtml|bestof|Game 2 of a best-of-3
|t:|1756162700
|gametype|doubles
|player|p1|mattf315|169|1055
|player|p2|raterrien|101|1000
|gen|9
|tier|[Gen 9] VGC 2025 Reg H (Bo3)
|rated|
|rule|Species Clause: Limit one of each Pokémon
|rule|Item Clause: Limit 1 of each item
|clearpoke
|poke|p1|Gallade, L50, M|
|poke|p1|Amoonguss, L50, M|
|poke|p1|Indeedee-F, L50, F|
|poke|p1|Incineroar, L50, F|
|poke|p1|Ursaluna, L50, M|
|poke|p1|Sylveon, L50, M|
|poke|p2|Politoed, L50, F|
|poke|p2|Gothitelle, L50, M|
|poke|p2|Archaludon, L50, M|
|poke|p2|Maushold, L50|
|poke|p2|Annihilape, L50, M|
|poke|p2|Incineroar, L50, F|
|teampreview|4
|showteam|p1|Gallade||ScopeLens|Sharpness|PsychoCut,SacredSword,NightSlash,TrickRoom|||M|||50|,,,,,Dark]Amoonguss||RockyHelmet|Regenerator|PollenPuff,RagePowder,Spore,ClearSmog|||M|||50|,,,,,Water]Indeedee-F||PsychicSeed|PsychicSurge|Psychic,FollowMe,HelpingHand,TrickRoom|||F|||50|,,,,,Fairy]Incineroar||SafetyGoggles|Intimidate|FakeOut,FlareBlitz,KnockOff,PartingShot|||F|||50|,,,,,Ghost]Ursaluna||FlameOrb|Guts|Facade,HeadlongRush,BrickBreak,Protect|||M|||50|,,,,,Normal]Sylveon||ThroatSpray|Pixilate|HyperVoice,TeraBlast,CalmMind,Protect|||M|||50|,,,,,Water
|showteam|p2|Politoed||Leftovers|Drizzle|WeatherBall,PerishSong,Encore,Protect|||F|||50|,,,,,Grass]Gothitelle||SitrusBerry|ShadowTag|Psychic,FakeOut,TrickRoom,Protect|||M|||50|,,,,,Dark]Archaludon||PowerHerb|Stamina|ElectroShot,DragonPulse,FlashCannon,Protect|||M|||50|,,,,,Grass]Maushold||CovertCloak|FriendGuard|BeatUp,FollowMe,ThunderWave,Protect||||||50|,,,,,Dark]Annihilape||LifeOrb|Defiant|RageFist,CloseCombat,DrainPunch,Protect|||M|||50|,,,,,Normal]Incineroar||SafetyGoggles|Intimidate|FakeOut,PartingShot,KnockOff,Protect|||F|||50|,,,,,Ghost
|j| entei enthusiast
|l| entei enthusiast
|inactive|Battle timer is ON: inactive players will automatically lose when time's up. (requested by mattf315)
|
|t:|1756162741
|teamsize|p1|4
|teamsize|p2|4
|start
|switch|p1a: Indeedee|Indeedee-F, L50, F|100/100
|switch|p1b: Gallade|Gallade, L50, M|100/100
|switch|p2a: Politoed|Politoed, L50, F|100/100
|switch|p2b: Gothitelle|Gothitelle, L50, M|100/100
|-weather|RainDance|[from] ability: Drizzle|[of] p2a: Politoed
|-fieldstart|move: Psychic Terrain|[from] ability: Psychic Surge|[of] p1a: Indeedee
|-enditem|p1a: Indeedee|Psychic Seed
|-boost|p1a: Indeedee|spd|1|[from] item: Psychic Seed
|turn|1
|inactive|mattf315 has 30 seconds left.
|
|t:|1756162767
|move|p1a: Indeedee|Follow Me|p1a: Indeedee
|-singleturn|p1a: Indeedee|move: Follow Me
|move|p2a: Politoed|Perish Song|p2a: Politoed
|-start|p1a: Indeedee|perish3|[silent]
|-start|p1b: Gallade|perish3|[silent]
|-start|p2a: Politoed|perish3|[silent]
|-start|p2b: Gothitelle|perish3|[silent]
|-fieldactivate|move: Perish Song
|move|p1b: Gallade|Night Slash|p2b: Gothitelle
|-supereffective|p2b: Gothitelle
|-damage|p2b: Gothitelle|29/100
|-enditem|p2b: Gothitelle|Sitrus Berry|[eat]
|-heal|p2b: Gothitelle|54/100|[from] item: Sitrus Berry
|move|p2b: Gothitelle|Trick Room|p2b: Gothitelle
|-fieldstart|move: Trick Room|[of] p2b: Gothitelle
|
|-weather|RainDance|[upkeep]
|-start|p1b: Gallade|perish3
|-start|p2b: Gothitelle|perish3
|-start|p1a: Indeedee|perish3
|-start|p2a: Politoed|perish3
|upkeep
|turn|2
|
|t:|1756162792
|move|p2b: Gothitelle|Protect|p2b: Gothitelle
|-singleturn|p2b: Gothitelle|Protect
|move|p2a: Politoed|Protect|p2a: Politoed
|-singleturn|p2a: Politoed|Protect
|move|p1b: Gallade|Night Slash|p2b: Gothitelle
|-activate|p2b: Gothitelle|move: Protect
|move|p1a: Indeedee|Psychic|p2a: Politoed
|-activate|p2a: Politoed|move: Protect
|
|-weather|RainDance|[upkeep]
|-start|p1b: Gallade|perish2
|-start|p2b: Gothitelle|perish2
|-start|p2a: Politoed|perish2
|-start|p1a: Indeedee|perish2
|upkeep
|turn|3
|inactive|mattf315 has 30 seconds left.
|inactive|raterrien has 30 seconds left.
|
|t:|1756162823
|-terastallize|p2b: Gothitelle|Dark
|move|p1a: Indeedee|Helping Hand|p1b: Gallade
|-singleturn|p1b: Gallade|Helping Hand|[of] p1a: Indeedee
|move|p1b: Gallade|Night Slash|p2b: Gothitelle
|-resisted|p2b: Gothitelle
|-damage|p2b: Gothitelle|27/100
|move|p2b: Gothitelle|Psychic|p1b: Gallade
|-damage|p1b: Gallade|66/100
|move|p2a: Politoed|Encore|p1a: Indeedee
|-start|p1a: Indeedee|Encore
|
|-weather|RainDance|[upkeep]
|-start|p1b: Gallade|perish1
|-start|p2b: Gothitelle|perish1
|-start|p2a: Politoed|perish1
|-start|p1a: Indeedee|perish1
|upkeep
|turn|4
|inactive|mattf315 has 30 seconds left.
|
|t:|1756162851
|switch|p2a: Annihilape|Annihilape, L50, M|100/100
|move|p1a: Indeedee|Helping Hand|p1b: Gallade
|-singleturn|p1b: Gallade|Helping Hand|[of] p1a: Indeedee
|move|p2b: Gothitelle|Protect|p2b: Gothitelle
|-singleturn|p2b: Gothitelle|Protect
|move|p1b: Gallade|Sacred Sword|p2b: Gothitelle
|-activate|p2b: Gothitelle|move: Protect
|
|-weather|RainDance|[upkeep]
|-start|p1b: Gallade|perish0
|-start|p2b: Gothitelle|perish0
|-start|p1a: Indeedee|perish0
|faint|p1b: Gallade
|faint|p2b: Gothitelle
|faint|p1a: Indeedee
|upkeep
|
|t:|1756162868
|switch|p1b: Amoonguss|Amoonguss, L50, M|100/100
|switch|p2b: Archaludon|Archaludon, L50, M|100/100
|switch|p1a: Sylveon|Sylveon, L50, M|100/100
|turn|5
|
|t:|1756162891
|move|p1a: Sylveon|Protect|p1a: Sylveon
|-singleturn|p1a: Sylveon|Protect
|move|p1b: Amoonguss|Spore|p2a: Annihilape
|-status|p2a: Annihilape|slp|[from] move: Spore
|move|p2b: Archaludon|Electro Shot||[still]
|-prepare|p2b: Archaludon|Electro Shot
|-boost|p2b: Archaludon|spa|1
|-anim|p2b: Archaludon|Electro Shot|p1a: Sylveon
|-activate|p1a: Sylveon|move: Protect
|cant|p2a: Annihilape|slp
|
|-weather|none
|-fieldend|move: Trick Room
|-fieldend|move: Psychic Terrain
|upkeep
|turn|6
|inactive|mattf315 has 30 seconds left.
|
|t:|1756162919
|move|p1b: Amoonguss|Rage Powder|p1b: Amoonguss
|-singleturn|p1b: Amoonguss|move: Rage Powder
|-curestatus|p2a: Annihilape|slp|[msg]
|move|p2a: Annihilape|Close Combat|p1b: Amoonguss
|-resisted|p1b: Amoonguss
|-crit|p1b: Amoonguss
|-damage|p1b: Amoonguss|53/100
|-unboost|p2a: Annihilape|def|1
|-unboost|p2a: Annihilape|spd|1
|-damage|p2a: Annihilape|84/100|[from] item: Rocky Helmet|[of] p1b: Amoonguss
|-damage|p2a: Annihilape|74/100|[from] item: Life Orb
|move|p2b: Archaludon|Electro Shot||[still]
|-prepare|p2b: Archaludon|Electro Shot
|-boost|p2b: Archaludon|spa|1
|-enditem|p2b: Archaludon|Power Herb
|-anim|p2b: Archaludon|Electro Shot|p1b: Amoonguss
|-resisted|p1b: Amoonguss
|-damage|p1b: Amoonguss|17/100
|move|p1a: Sylveon|Calm Mind|p1a: Sylveon
|-boost|p1a: Sylveon|spa|1
|-boost|p1a: Sylveon|spd|1
|
|upkeep
|turn|7
|inactive|mattf315 has 30 seconds left.
|
|t:|1756162946
|switch|p2a: Politoed|Politoed, L50, F|100/100
|-weather|RainDance|[from] ability: Drizzle|[of] p2a: Politoed
|move|p1b: Amoonguss|Rage Powder|p1b: Amoonguss
|-singleturn|p1b: Amoonguss|move: Rage Powder
|move|p2b: Archaludon|Electro Shot||[still]
|-prepare|p2b: Archaludon|Electro Shot
|-boost|p2b: Archaludon|spa|1
|-anim|p2b: Archaludon|Electro Shot|p1b: Amoonguss
|-resisted|p1b: Amoonguss
|-damage|p1b: Amoonguss|0 fnt
|faint|p1b: Amoonguss
|move|p1a: Sylveon|Calm Mind|p1a: Sylveon
|-boost|p1a: Sylveon|spa|1
|-boost|p1a: Sylveon|spd|1
|
|-weather|RainDance|[upkeep]
|upkeep
|turn|8
|
|t:|1756162967
|move|p2b: Archaludon|Electro Shot||[still]
|-prepare|p2b: Archaludon|Electro Shot
|-boost|p2b: Archaludon|spa|1
|-anim|p2b: Archaludon|Electro Shot|p1a: Sylveon
|-damage|p1a: Sylveon|51/100
|move|p2a: Politoed|Weather Ball|p1a: Sylveon
|-damage|p1a: Sylveon|34/100
|move|p1a: Sylveon|Hyper Voice|p2a: Politoed|[spread] p2a,p2b
|-damage|p2a: Politoed|52/100
|-damage|p2b: Archaludon|26/100
|-ability|p2b: Archaludon|Stamina|boost
|-boost|p2b: Archaludon|def|1
|-enditem|p1a: Sylveon|Throat Spray
|-boost|p1a: Sylveon|spa|1|[from] item: Throat Spray
|
|-weather|RainDance|[upkeep]
|-heal|p2a: Politoed|58/100|[from] item: Leftovers
|upkeep
|turn|9
|
|t:|1756162986
|move|p2b: Archaludon|Flash Cannon|p1a: Sylveon
|-supereffective|p1a: Sylveon
|-damage|p1a: Sylveon|0 fnt
|faint|p1a: Sylveon
|
|win|raterrien
