|j|☆artlavgc
|j|☆Luzeleah
|html|artlavgcLuzeleah    
|uhtml|bestof|Game 1 of a best-of-3
|t:|1756815909
|gametype|doubles
|player|p1|artlavgc|170|1096
|player|p2|Luzeleah|lacey|1079
|gen|9
|tier|[Gen 9] VGC 2025 Reg H (Bo3)
|rated|
|rule|Species Clause: Limit one of each Pokémon
|rule|Item Clause: Limit 1 of each item
|clearpoke
|poke|p1|Gliscor, L50, F|
|poke|p1|Vivillon, L50, M|
|poke|p1|Kingambit, L50, F|
|poke|p1|Ninetales-Alola, L50, F|
|poke|p1|Incineroar, L50, F|
|poke|p1|Amoonguss, L50, M|
|poke|p2|Spewpa, L50, F|
|poke|p2|Volcarona, L50, F|
|poke|p2|Incineroar, L50, M|
|poke|p2|Rillaboom, L50, F|
|poke|p2|Ninetales-Alola, L50, F|
|poke|p2|Dragonite, L50, F|
|teampreview|4
|showteam|p1|Gliscor||ToxicOrb|PoisonHeal|Earthquake,Protect,DualWingbeat,SwordsDance|||F|||50|,,,,,Water]Vivillon||FocusSash|CompoundEyes|Hurricane,Tailwind,SleepPowder,Protect|||M|||50|,,,,,Ghost]Kingambit||AssaultVest|Defiant|IronHead,Assurance,SuckerPunch,LowKick|||F|||50|,,,,,Flying]Ninetales-Alola||CovertCloak|SnowWarning|Blizzard,FreezeDry,AuroraVeil,Protect|||F|||50|,,,,,Water]Incineroar||RockyHelmet|Intimidate|FakeOut,PartingShot,FlareBlitz,KnockOff|||F|||50|,,,,,Fairy]Amoonguss||SitrusBerry|Regenerator|PollenPuff,RagePowder,Spore,Protect|||M|||50|,,,,,Fairy
|showteam|p2|Spewpa||Eviolite|FriendGuard|StruggleBug,StunSpore,RagePowder,Protect|||F|||50|,,,,,Fire]Volcarona||Leftovers|FlameBody|HeatWave,GigaDrain,QuiverDance,Protect|||F|||50|,,,,,Grass]Incineroar||SafetyGoggles|Intimidate|FakeOut,FlareBlitz,KnockOff,PartingShot|||M|||50|,,,,,Bug]Rillaboom||AssaultVest|GrassySurge|FakeOut,GrassyGlide,WoodHammer,Uturn|||F|||50|,,,,,Fire]Ninetales-Alola||ChoiceScarf|SnowWarning|Blizzard,FreezeDry,IcyWind,Moonblast|||F|||50|,,,,,Fire]Dragonite||CovertCloak|Multiscale|ExtremeSpeed,LowKick,Haze,Protect|||F|||50|,,,,,Normal
|inactive|Battle timer is ON: inactive players will automatically lose when time's up. (requested by artlavgc)
|c|☆artlavgc|YO
|c|☆Luzeleah|hi
|c|☆artlavgc|IS THAT A SPEWPA
|c|☆Luzeleah|that is indeed a spewpa
|c|☆artlavgc|YO
|inactive|artlavgc has 60 seconds left.
|inactive|Luzeleah has 60 seconds left.
|c|☆artlavgc|hello lil bro
|c|☆Luzeleah|:D
|
|t:|1756815971
|teamsize|p1|4
|teamsize|p2|4
|start
|switch|p1a: Vivillon|Vivillon, L50, M|100/100
|switch|p1b: Kingambit|Kingambit, L50, F|100/100
|switch|p2a: big melith|Volcarona, L50, F|100/100
|switch|p2b: pewpi|Spewpa, L50, F|100/100
|turn|1
|
|t:|1756815995
|move|p2b: pewpi|Rage Powder|p2b: pewpi
|-singleturn|p2b: pewpi|move: Rage Powder
|move|p1a: Vivillon|Hurricane|p2b: pewpi
|-supereffective|p2b: pewpi
|-damage|p2b: pewpi|0 fnt
|faint|p2b: pewpi
|move|p2a: big melith|Quiver Dance|p2a: big melith
|-boost|p2a: big melith|spa|1
|-boost|p2a: big melith|spd|1
|-boost|p2a: big melith|spe|1
|move|p1b: Kingambit|Assurance|p2a: big melith
|-damage|p2a: big melith|55/100
|
|-heal|p2a: big melith|61/100|[from] item: Leftovers
|upkeep
|
|t:|1756816011
|switch|p2b: blizza|Ninetales-Alola, L50, F, shiny|100/100
|-weather|Snowscape|[from] ability: Snow Warning|[of] p2b: blizza
|turn|2
|inactive|artlavgc has 30 seconds left.
|inactive|Luzeleah has 30 seconds left.
|
|t:|1756816042
|move|p1a: Vivillon|Protect|p1a: Vivillon
|-singleturn|p1a: Vivillon|Protect
|move|p1b: Kingambit|Sucker Punch|p2a: big melith
|-damage|p2a: big melith|14/100
|move|p2b: blizza|Blizzard|p1a: Vivillon|[spread] p1b
|-activate|p1a: Vivillon|move: Protect
|-resisted|p1b: Kingambit
|-damage|p1b: Kingambit|89/100
|move|p2a: big melith|Heat Wave|p1b: Kingambit|[spread] p1b
|-activate|p1a: Vivillon|move: Protect
|-supereffective|p1b: Kingambit
|-damage|p1b: Kingambit|14/100
|
|-weather|Snowscape|[upkeep]
|-heal|p2a: big melith|20/100|[from] item: Leftovers
|upkeep
|turn|3
|
|t:|1756816060
|move|p2a: big melith|Protect|p2a: big melith
|-singleturn|p2a: big melith|Protect
|move|p1b: Kingambit|Sucker Punch||[still]
|-fail|p1b: Kingambit
|move|p2b: blizza|Blizzard|p1b: Kingambit|[spread] p1a,p1b
|-supereffective|p1a: Vivillon
|-resisted|p1b: Kingambit
|-enditem|p1a: Vivillon|Focus Sash
|-damage|p1a: Vivillon|1/100
|-damage|p1b: Kingambit|5/100
|move|p1a: Vivillon|Sleep Powder|p2b: blizza|[miss]
|-miss|p1a: Vivillon|p2b: blizza
|
|-weather|Snowscape|[upkeep]
|-heal|p2a: big melith|27/100|[from] item: Leftovers
|upkeep
|turn|4
|c|☆artlavgc|nooooo
|
|t:|1756816080
|move|p2a: big melith|Protect||[still]
|-fail|p2a: big melith
|move|p1a: Vivillon|Protect|p1a: Vivillon
|-singleturn|p1a: Vivillon|Protect
|move|p1b: Kingambit|Sucker Punch||[still]
|-fail|p1b: Kingambit
|move|p2b: blizza|Blizzard|p1b: Kingambit|[spread] p1b
|-activate|p1a: Vivillon|move: Protect
|-resisted|p1b: Kingambit
|-damage|p1b: Kingambit|0 fnt
|faint|p1b: Kingambit
|
|-weather|Snowscape|[upkeep]
|-heal|p2a: big melith|33/100|[from] item: Leftovers
|upkeep
|
|t:|1756816083
|switch|p1b: Ninetales|Ninetales-Alola, L50, F|100/100
|turn|5
|
|t:|1756816099
|-terastallize|p1b: Ninetales|Water
|move|p2b: blizza|Blizzard|p1a: Vivillon|[spread] p1a,p1b
|-supereffective|p1a: Vivillon
|-crit|p1a: Vivillon
|-resisted|p1b: Ninetales
|-damage|p1a: Vivillon|0 fnt
|-damage|p1b: Ninetales|85/100
|faint|p1a: Vivillon
|move|p2a: big melith|Heat Wave|p1b: Ninetales
|-resisted|p1b: Ninetales
|-damage|p1b: Ninetales|47/100
|move|p1b: Ninetales|Blizzard|p2b: blizza|[spread] p2a,p2b
|-resisted|p2a: big melith
|-resisted|p2b: blizza
|-damage|p2a: big melith|26/100
|-damage|p2b: blizza|86/100
|
|-weather|Snowscape|[upkeep]
|-heal|p2a: big melith|32/100|[from] item: Leftovers
|upkeep
|
|t:|1756816105
|switch|p1a: Gliscor|Gliscor, L50, F, shiny|100/100
|turn|6
|inactive|Luzeleah has 30 seconds left.
|inactive|Luzeleah has 20 seconds left.
|
|t:|1756816141
|move|p1a: Gliscor|Protect|p1a: Gliscor
|-singleturn|p1a: Gliscor|Protect
|move|p2b: blizza|Blizzard|p1a: Gliscor|[spread] p1b
|-activate|p1a: Gliscor|move: Protect
|-resisted|p1b: Ninetales
|-damage|p1b: Ninetales|30/100
|move|p2a: big melith|Giga Drain|p1b: Ninetales
|-supereffective|p1b: Ninetales
|-damage|p1b: Ninetales|0 fnt
|-heal|p2a: big melith|46/100|[from] drain|[of] p1b: Ninetales
|faint|p1b: Ninetales
|
|-weather|none
|-heal|p2a: big melith|52/100|[from] item: Leftovers
|-status|p1a: Gliscor|tox|[from] item: Toxic Orb
|upkeep
|turn|7
|-message|artlavgc forfeited.
|
|win|Luzeleah
|l|☆artlavgc
|player|p1|
||artlavgc is ready for game 2.
||Luzeleah is ready for game 2.
|uhtml|next|Next: Game 2 of 3
