|j|ŌśåMagikaliper
|j|Ōśåbriandude
|html|Magikaliperbriandude    
|uhtml|bestof|Game 2 of a best-of-3
|t:|1785702984
|gametype|doubles
|player|p1|Magikaliper|101|
|player|p2|briandude|gambler|
|gen|9
|tier|[Gen 9 Champions] VGC 2026 Reg M-B (Bo3)
|rule|Species Clause: Limit one of each Pok├®mon
|rule|Item Clause: Limit 1 of each item
|clearpoke
|poke|p1|Aerodactyl, L50, F, shiny|
|poke|p1|Scizor, L50, F, shiny|
|poke|p1|Spiritomb, L50, M, shiny|
|poke|p1|Tauros-Paldea-Aqua, L50, M, shiny|
|poke|p1|Camerupt, L50, M, shiny|
|poke|p1|Dragapult, L50, F, shiny|
|poke|p2|Metagross, L50|
|poke|p2|Blastoise, L50, F, shiny|
|poke|p2|Hawlucha, L50, F, shiny|
|poke|p2|Garchomp, L50, M, shiny|
|poke|p2|Audino, L50, M, shiny|
|poke|p2|Gardevoir, L50, M|
|teampreview|4
|showteam|p1|Aerodactyl||FocusSash|Unnerve|RockSlide,DualWingbeat,Tailwind,Protect|Adamant||F|||50|]Scizor||Scizorite|Technician|BugBite,BulletPunch,KnockOff,Protect|Adamant||F|||50|]Spiritomb||MentalHerb|Pressure|Snarl,TrickRoom,WillOWisp,HelpingHand|Relaxed||M|||50|]Tauros-Paldea-Aqua||PayapaBerry|Intimidate|WaveCrash,CloseCombat,Earthquake,Protect|Adamant||M|||50|]Camerupt||Cameruptite|SolidRock|HeatWave,EarthPower,AncientPower,Protect|Quiet||M|||50|]Dragapult||LifeOrb|ClearBody|DracoMeteor,ShadowBall,Uturn,Protect|Timid||F|||50|
|showteam|p2|Metagross||Metagrossite|ClearBody|IronHead,PsychicFangs,BulletPunch,Protect|Jolly|||||50|]Blastoise||MysticWater|Torrent|WaterSpout,ShellSmash,MuddyWater,BrickBreak|Mild||F|||50|]Hawlucha||WhiteHerb|Unburden|Coaching,Taunt,CloseCombat,HelpingHand|Impish||F|||50|]Garchomp||Garchompite|RoughSkin|Earthquake,Flamethrower,ScaleShot,Protect|Naughty||M|||50|]Audino||Leftovers|Healer|TrickRoom,AllySwitch,HelpingHand,HyperVoice|Bold||M|||50|]Gardevoir||FocusSash|Telepathy|HelpingHand,Moonblast,MysticalFire,TrickRoom|Modest||M|||50|
|inactive|Battle timer is ON: inactive players will automatically lose when time's up. (requested by Magikaliper)
|inactiveoff|Battle timer is now OFF.
|c|ŌśåMagikaliper|sorry didnt mean to turn on timer, force of habit
|
|t:|1785703028
|teamsize|p1|4
|teamsize|p2|4
|start
|switch|p1a: Dragapult|Dragapult, L50, F, shiny|100/100
|switch|p1b: Spiritomb|Spiritomb, L50, M, shiny|100/100
|switch|p2a: Metagross|Metagross, L50|100/100
|switch|p2b: Hawlucha|Hawlucha, L50, F, shiny|100/100
|-ability|p1b: Spiritomb|Pressure
|turn|1
|c|Ōśåbriandude|you can look at sheet, i forgot if you hover over mons it shows movesets too
|c|Ōśåbriandude|my bad
|c|ŌśåMagikaliper|oh shit it does?
|c|ŌśåMagikaliper|Shit sorry
|c|ŌśåMagikaliper|I forgot not to do BO3
|c|Ōśåbriandude|its fine
|
|t:|1785703158
|detailschange|p2a: Metagross|Metagross-Mega, L50
|-mega|p2a: Metagross|Metagross|Metagrossite
|move|p2a: Metagross|Protect|p2a: Metagross
|-singleturn|p2a: Metagross|Protect
|move|p1a: Dragapult|U-turn|p2b: Hawlucha
|-resisted|p2b: Hawlucha|2
|-damage|p2b: Hawlucha|94/100
|-damage|p1a: Dragapult|90/100|[from] item: Life Orb
|
|t:|1785703166
|switch|p1a: Camerupt|Camerupt, L50, M, shiny|100/100|[from] U-turn
|move|p2b: Hawlucha|Taunt|p1b: Spiritomb
|-start|p1b: Spiritomb|move: Taunt
|-enditem|p1b: Spiritomb|Mental Herb
|-end|p1b: Spiritomb|move: Taunt
|move|p1b: Spiritomb|Trick Room|p1b: Spiritomb
|-fieldstart|move: Trick Room|[of] p1b: Spiritomb
|
|upkeep
|turn|2
|
|t:|1785703205
|switch|p2a: Garchomp|Garchomp, L50, M, shiny|100/100
|detailschange|p1a: Camerupt|Camerupt-Mega, L50, M, shiny
|-mega|p1a: Camerupt|Camerupt|Cameruptite
|move|p1b: Spiritomb|Helping Hand|p1a: Camerupt
|-singleturn|p1a: Camerupt|Helping Hand|[of] p1b: Spiritomb
|move|p1a: Camerupt|Heat Wave|p2a: Garchomp|[spread] p2a,p2b
|-resisted|p2a: Garchomp|1
|-damage|p2a: Garchomp|46/100
|-damage|p2b: Hawlucha|0 fnt
|faint|p2b: Hawlucha
|
|upkeep
|
|t:|1785703216
|switch|p2b: Gardevoir|Gardevoir, L50, M|100/100
|turn|3
|
|t:|1785703285
|move|p1b: Spiritomb|Helping Hand|p1a: Camerupt
|-singleturn|p1a: Camerupt|Helping Hand|[of] p1b: Spiritomb
|move|p1a: Camerupt|Heat Wave|p2a: Garchomp|[spread] p2a,p2b
|-resisted|p2a: Garchomp|1
|-damage|p2a: Garchomp|0 fnt
|-damage|p2b: Gardevoir|2/100
|faint|p2a: Garchomp
|move|p2b: Gardevoir|Trick Room|p2b: Gardevoir
|-fieldend|move: Trick Room
|
|upkeep
|
|t:|1785703292
|switch|p2a: Metagross|Metagross-Mega, L50|100/100
|turn|4
|
|t:|1785703364
|switch|p1a: Tauros|Tauros-Paldea-Aqua, L50, M, shiny|100/100
|-ability|p1a: Tauros|Intimidate|boost
|-unboost|p2a: Metagross|atk|1
|-unboost|p2b: Gardevoir|atk|1
|move|p2a: Metagross|Iron Head|p1b: Spiritomb
|-damage|p1b: Spiritomb|63/100
|move|p2b: Gardevoir|Mystical Fire|p1a: Tauros
|-resisted|p1a: Tauros|1
|-damage|p1a: Tauros|80/100
|-unboost|p1a: Tauros|spa|1
|move|p1b: Spiritomb|Snarl|p2a: Metagross|[spread] p2a,p2b
|-supereffective|p2a: Metagross|1
|-damage|p2a: Metagross|71/100
|-damage|p2b: Gardevoir|0 fnt
|-unboost|p2a: Metagross|spa|1
|faint|p2b: Gardevoir
|
|upkeep
|turn|5
|c|Ōśåbriandude|gg
|
|t:|1785703385
|move|p2a: Metagross|Psychic Fangs|p1a: Tauros
|-supereffective|p1a: Tauros|1
|-enditem|p1a: Tauros|Payapa Berry|[eat]
|-enditem|p1a: Tauros|Payapa Berry|[weaken]
|-damage|p1a: Tauros|42/100
|move|p1a: Tauros|Earthquake|p2a: Metagross|[spread] p1b,p2a
|-supereffective|p2a: Metagross|1
|-damage|p1b: Spiritomb|42/100
|-damage|p2a: Metagross|33/100
|move|p1b: Spiritomb|Snarl|p2a: Metagross
|-supereffective|p2a: Metagross|1
|-damage|p2a: Metagross|0 fnt
|faint|p2a: Metagross
|
|win|Magikaliper
||briandude is ready for game 3.
|c|ŌśåMagikaliper|ggs
||Magikaliper is ready for game 3.
|uhtml|next|Next: Game 3 of 3
