|j|â˜†Affansss
|j|â˜†desbrozadorasGoian
|html|AffansssdesbrozadorasGoian    
|uhtml|bestof|Game 1 of a best-of-3
|t:|1785677619
|gametype|doubles
|player|p1|Affansss|102|1041
|player|p2|desbrozadorasGoian|wattson|1102
|gen|9
|tier|[Gen 9 Champions] VGC 2026 Reg M-B (Bo3)
|rated|
|rule|Species Clause: Limit one of each PokÃ©mon
|rule|Item Clause: Limit 1 of each item
|clearpoke
|poke|p1|Delphox, L50, M|
|poke|p1|Blastoise, L50, F|
|poke|p1|Sinistcha, L50|
|poke|p1|Kingambit, L50, F|
|poke|p1|Incineroar, L50, M|
|poke|p1|Sneasler, L50, F|
|poke|p2|Goodra-Hisui, L50, M|
|poke|p2|Espathra, L50, M|
|poke|p2|Scovillain, L50, M|
|poke|p2|Pelipper, L50, M|
|poke|p2|Garchomp, L50, F|
|poke|p2|Sinistcha, L50|
|teampreview|4
|showteam|p1|Delphox||Delphoxite|Magician|NastyPlot,HeatWave,Psychic|Adamant||M|||50|]Blastoise||Blastoisinite|RainDish|WaterSpout,ShellSmash,DarkPulse,Protect|Modest||F|||50|]Sinistcha||ColburBerry|Hospitality|MatchaGotcha,TrickRoom,Protect,RagePowder|Quiet|||||50|]Kingambit||LifeOrb|Defiant|KowtowCleave,SuckerPunch,SwordsDance,Protect|Adamant||F|||50|]Incineroar||SitrusBerry|Intimidate|FlareBlitz,PartingShot,FakeOut,ThroatChop|Careful||M|||50|]Sneasler||FocusSash|Unburden|DireClaw,CloseCombat,QuickGuard,FakeOut|Adamant||F|||50|
|showteam|p2|Goodra-Hisui||Leftovers|ShellArmor|MuddyWater,FlashCannon,Shelter,Protect|Bold||M|||50|]Espathra||FocusSash|SpeedBoost|LuminaCrash,CalmMind,BatonPass,Protect|Timid||M|||50|]Scovillain||Scovillainite|Moody|Protect,RagePowder,LeechSeed,Overheat|Calm||M|||50|]Pelipper||SitrusBerry|Drizzle|Hurricane,WeatherBall,Tailwind,WideGuard|Modest||M|||50|]Garchomp||LifeOrb|RoughSkin|DragonClaw,RockTomb,Earthquake,Protect|Jolly||F|||50|]Sinistcha||ColburBerry|Hospitality|MatchaGotcha,RagePowder,LifeDew,Protect|Relaxed|||||50|
|inactive|Battle timer is ON: inactive players will automatically lose when time's up. (requested by desbrozadorasGoian)
|inactive|Affansss has 60 seconds left.
|
|t:|1785677657
|teamsize|p1|4
|teamsize|p2|4
|start
|switch|p1a: Sinistcha|Sinistcha, L50|100/100
|switch|p1b: Sneasler|Sneasler, L50, F|100/100
|switch|p2a: Espathra|Espathra, L50, M|100/100
|switch|p2b: Scovillain|Scovillain, L50, M|100/100
|turn|1
|
|t:|1785677676
|switch|p1b: Incineroar|Incineroar, L50, M|100/100
|-ability|p1b: Incineroar|Intimidate|boost
|-unboost|p2a: Espathra|atk|1
|-unboost|p2b: Scovillain|atk|1
|move|p2a: Espathra|Calm Mind|p2a: Espathra
|-boost|p2a: Espathra|spa|1
|-boost|p2a: Espathra|spd|1
|move|p2b: Scovillain|Overheat|p1a: Sinistcha
|-supereffective|p1a: Sinistcha|1
|-damage|p1a: Sinistcha|0 fnt
|-unboost|p2b: Scovillain|spa|2
|faint|p1a: Sinistcha
|
|-ability|p2a: Espathra|Speed Boost|boost
|-boost|p2a: Espathra|spe|1
|-ability|p2b: Scovillain|Moody|boost
|-boost|p2b: Scovillain|spe|2
|-unboost|p2b: Scovillain|def|1
|upkeep
|
|t:|1785677692
|switch|p1a: Sneasler|Sneasler, L50, F|100/100
|turn|2
|
|t:|1785677705
|move|p2a: Espathra|Protect|p2a: Espathra
|-singleturn|p2a: Espathra|Protect
|move|p2b: Scovillain|Protect|p2b: Scovillain
|-singleturn|p2b: Scovillain|Protect
|move|p1a: Sneasler|Fake Out|p2b: Scovillain
|-activate|p2b: Scovillain|move: Protect
|move|p1b: Incineroar|Throat Chop|p2a: Espathra
|-activate|p2a: Espathra|move: Protect
|
|-ability|p2a: Espathra|Speed Boost|boost
|-boost|p2a: Espathra|spe|1
|-ability|p2b: Scovillain|Moody|boost
|-boost|p2b: Scovillain|spe|2
|-unboost|p2b: Scovillain|spa|1
|upkeep
|turn|3
|inactive|desbrozadorasGoian has 30 seconds left.
|
|t:|1785677736
|detailschange|p2b: Scovillain|Scovillain-Mega, L50, M
|-mega|p2b: Scovillain|Scovillain|Scovillainite
|move|p2b: Scovillain|Rage Powder|p2b: Scovillain
|-singleturn|p2b: Scovillain|move: Rage Powder
|move|p2a: Espathra|Baton Pass|p2a: Espathra
|
|t:|1785677744
|switch|p2a: Goodra|Goodra-Hisui, L50, M|100/100|[from] Baton Pass
|move|p1a: Sneasler|Dire Claw|p2b: Scovillain
|-supereffective|p2b: Scovillain|1
|-damage|p2b: Scovillain|0 fnt
|-status|p1a: Sneasler|brn|[from] ability: Spicy Spray|[of] p2b: Scovillain
|faint|p2b: Scovillain
|move|p1b: Incineroar|Throat Chop|p2a: Goodra
|-damage|p2a: Goodra|77/100
|-start|p2a: Goodra|Throat Chop|[silent]
|
|-heal|p2a: Goodra|83/100|[from] item: Leftovers
|-damage|p1a: Sneasler|94/100 brn|[from] brn
|upkeep
|
|t:|1785677759
|switch|p2b: Espathra|Espathra, L50, M|100/100
|turn|4
|
|t:|1785677765
|switch|p1a: Kingambit|Kingambit, L50, F|100/100
|move|p2a: Goodra|Protect|p2a: Goodra
|-singleturn|p2a: Goodra|Protect
|move|p2b: Espathra|Lumina Crash|p1a: Kingambit
|-immune|p1a: Kingambit
|move|p1b: Incineroar|Throat Chop|p2b: Espathra
|-supereffective|p2b: Espathra|1
|-enditem|p2b: Espathra|Focus Sash
|-damage|p2b: Espathra|1/100
|-start|p2b: Espathra|Throat Chop|[silent]
|
|-heal|p2a: Goodra|89/100|[from] item: Leftovers
|-end|p2a: Goodra|Throat Chop|[silent]
|-ability|p2b: Espathra|Speed Boost|boost
|-boost|p2b: Espathra|spe|1
|upkeep
|turn|5
|
|t:|1785677785
|move|p2b: Espathra|Protect|p2b: Espathra
|-singleturn|p2b: Espathra|Protect
|move|p1a: Kingambit|Sucker Punch||[still]
|-fail|p1a: Kingambit
|move|p2a: Goodra|Shelter|p2a: Goodra
|-boost|p2a: Goodra|def|2
|move|p1b: Incineroar|Flare Blitz|p2a: Goodra
|-damage|p2a: Goodra|73/100
|-damage|p1b: Incineroar|95/100|[from] Recoil
|
|-heal|p2a: Goodra|79/100|[from] item: Leftovers
|-end|p2b: Espathra|Throat Chop|[silent]
|-ability|p2b: Espathra|Speed Boost|boost
|-boost|p2b: Espathra|spe|1
|upkeep
|turn|6
|
|t:|1785677801
|move|p2b: Espathra|Baton Pass|p2b: Espathra
|
|t:|1785677803
|switch|p2b: Pelipper|Pelipper, L50, M|100/100|[from] Baton Pass
|-weather|RainDance|[from] ability: Drizzle|[of] p2b: Pelipper
|move|p2a: Goodra|Shelter|p2a: Goodra
|-boost|p2a: Goodra|def|2
|move|p1b: Incineroar|Flare Blitz|p2a: Goodra
|-damage|p2a: Goodra|73/100
|-damage|p1b: Incineroar|93/100|[from] Recoil
|move|p1a: Kingambit|Kowtow Cleave|p2a: Goodra
|-damage|p2a: Goodra|58/100
|-damage|p1a: Kingambit|90/100|[from] item: Life Orb
|
|-weather|RainDance|[upkeep]
|-heal|p2a: Goodra|64/100|[from] item: Leftovers
|upkeep
|turn|7
|inactive|desbrozadorasGoian has 30 seconds left.
|
|t:|1785677828
|move|p2b: Pelipper|Hurricane|p1a: Kingambit
|-resisted|p1a: Kingambit|1
|-damage|p1a: Kingambit|69/100
|move|p2a: Goodra|Muddy Water|p1a: Kingambit|[spread] p1a,p1b
|-supereffective|p1b: Incineroar|1
|-damage|p1a: Kingambit|35/100
|-damage|p1b: Incineroar|45/100
|-enditem|p1b: Incineroar|Sitrus Berry|[eat]
|-heal|p1b: Incineroar|69/100|[from] item: Sitrus Berry
|move|p1b: Incineroar|Parting Shot|p2a: Goodra
|-unboost|p2a: Goodra|atk|1
|-unboost|p2a: Goodra|spa|1
|
|t:|1785677839
|switch|p1b: Sneasler|Sneasler, L50, F|94/100 brn|[from] Parting Shot
|move|p1a: Kingambit|Swords Dance|p1a: Kingambit
|-boost|p1a: Kingambit|atk|2
|
|-weather|RainDance|[upkeep]
|-heal|p2a: Goodra|70/100|[from] item: Leftovers
|-damage|p1b: Sneasler|88/100 brn|[from] brn
|upkeep
|turn|8
|
|t:|1785677854
|move|p2a: Goodra|Protect|p2a: Goodra
|-singleturn|p2a: Goodra|Protect
|move|p1b: Sneasler|Fake Out|p2a: Goodra
|-activate|p2a: Goodra|move: Protect
|move|p2b: Pelipper|Tailwind|p2b: Pelipper
|-sidestart|p2: desbrozadorasGoian|move: Tailwind
|move|p1a: Kingambit|Kowtow Cleave|p2a: Goodra
|-activate|p2a: Goodra|move: Protect
|
|-weather|RainDance|[upkeep]
|-heal|p2a: Goodra|75/100|[from] item: Leftovers
|-damage|p1b: Sneasler|82/100 brn|[from] brn
|upkeep
|turn|9
|
|t:|1785677868
|move|p2b: Pelipper|Hurricane|p1b: Sneasler
|-supereffective|p1b: Sneasler|1
|-damage|p1b: Sneasler|0 fnt
|faint|p1b: Sneasler
|move|p2a: Goodra|Muddy Water|p1a: Kingambit
|-damage|p1a: Kingambit|2/100
|move|p1a: Kingambit|Kowtow Cleave|p2a: Goodra
|-damage|p2a: Goodra|48/100
|-damage|p1a: Kingambit|0 fnt|[from] item: Life Orb
|faint|p1a: Kingambit
|
|-weather|RainDance|[upkeep]
|-heal|p2a: Goodra|54/100|[from] item: Leftovers
|upkeep
|
|t:|1785677881
|switch|p1b: Incineroar|Incineroar, L50, M|69/100
|-ability|p1b: Incineroar|Intimidate|boost
|-unboost|p2a: Goodra|atk|1
|-unboost|p2b: Pelipper|atk|1
|turn|10
|
|t:|1785677887
|move|p2b: Pelipper|Weather Ball|p1b: Incineroar
|-supereffective|p1b: Incineroar|1
|-damage|p1b: Incineroar|0 fnt
|faint|p1b: Incineroar
|
|win|desbrozadorasGoian
