|j|☆lux raymundi
|j|☆Kennedywuzhere
|html|lux raymundiKennedywuzhere    
|uhtml|bestof|Game 2 of a best-of-3
|t:|1786159992
|gametype|doubles
|player|p1|lux raymundi|169|1245
|player|p2|Kennedywuzhere|101|1139
|gen|9
|tier|[Gen 9 Champions] VGC 2026 Reg M-B (Bo3)
|rated|
|rule|Species Clause: Limit one of each Pokémon
|rule|Item Clause: Limit 1 of each item
|clearpoke
|poke|p1|Staraptor, L50, F|
|poke|p1|Arcanine-Hisui, L50, F|
|poke|p1|Kingambit, L50, F|
|poke|p1|Raichu, L50, F|
|poke|p1|Farigiraf, L50, M|
|poke|p1|Sylveon, L50, M|
|poke|p2|Annihilape, L50, M, shiny|
|poke|p2|Charizard, L50, M, shiny|
|poke|p2|Sinistcha-Masterpiece, L50, shiny|
|poke|p2|Staraptor, L50, M|
|poke|p2|Sneasler, L50, F, shiny|
|poke|p2|Umbreon, L50, M, shiny|
|teampreview|4
|showteam|p1|Staraptor||Staraptite|Intimidate|DualWingbeat,CloseCombat,Tailwind,Protect|Jolly||F|||50|]Arcanine-Hisui||FocusSash|RockHead|FlareBlitz,HeadSmash,ExtremeSpeed,Protect|Jolly||F|||50|]Kingambit||LifeOrb|Defiant|KowtowCleave,SuckerPunch,SwordsDance,Protect|Adamant||F|||50|]Raichu||RaichuniteY|LightningRod|ZapCannon,FocusBlast,FakeOut,Protect|Timid||F|||50|]Farigiraf||SitrusBerry|ArmorTail|Psychic,HelpingHand,TrickRoom,Protect|Calm||M|||50|]Sylveon||FairyFeather|Pixilate|HyperVoice,HyperBeam,QuickAttack,Detect|Modest||M|||50|
|showteam|p2|Annihilape||ChoiceScarf|Defiant|Earthquake,DrainPunch,RageFist,PoisonJab|Adamant||M|||50|]Charizard||CharizarditeY|Blaze|HeatWave,FocusBlast,Protect,IronTail|Timid||M|||50|]Sinistcha-Masterpiece||KingsRock|Hospitality|MatchaGotcha,RagePowder,Protect,ShadowBall|Timid|||||50|]Staraptor||Staraptite|Intimidate|CloseCombat,Protect,DualWingbeat,Roost|Adamant||M|||50|]Sneasler||WhiteHerb|Unburden|CloseCombat,DireClaw,FakeOut,Toxic|Careful||F|||50|]Umbreon||Leftovers|Synchronize|Wish,Yawn,Charm,Snarl|Bold||M|||50|
|
|t:|1786160072
|teamsize|p1|4
|teamsize|p2|4
|start
|switch|p1a: Staraptor|Staraptor, L50, F|100/100
|switch|p1b: Raichu|Raichu, L50, F|100/100
|switch|p2a: Charizard|Charizard, L50, M, shiny|100/100
|switch|p2b: Umbreon|Umbreon, L50, M, shiny|100/100
|-ability|p1a: Staraptor|Intimidate|boost
|-unboost|p2a: Charizard|atk|1
|-unboost|p2b: Umbreon|atk|1
|turn|1
|
|t:|1786160108
|detailschange|p1b: Raichu|Raichu-Mega-Y, L50, F
|-mega|p1b: Raichu|Raichu|Raichunite Y
|detailschange|p2a: Charizard|Charizard-Mega-Y, L50, M, shiny
|-mega|p2a: Charizard|Charizard|Charizardite Y
|-weather|SunnyDay|[from] ability: Drought|[of] p2a: Charizard
|move|p1b: Raichu|Focus Blast|p2b: Umbreon
|-supereffective|p2b: Umbreon|1
|-damage|p2b: Umbreon|41/100
|move|p2a: Charizard|Heat Wave|p1b: Raichu|[spread] p1a,p1b
|-damage|p1a: Staraptor|16/100
|-damage|p1b: Raichu|26/100
|move|p1a: Staraptor|Tailwind|p1a: Staraptor
|-sidestart|p1: lux raymundi|move: Tailwind
|move|p2b: Umbreon|Yawn|p1b: Raichu
|-start|p1b: Raichu|move: Yawn|[of] p2b: Umbreon
|
|-weather|SunnyDay|[upkeep]
|-heal|p2b: Umbreon|47/100|[from] item: Leftovers
|upkeep
|turn|2
|
|t:|1786160143
|move|p2a: Charizard|Protect|p2a: Charizard
|-singleturn|p2a: Charizard|Protect
|move|p1b: Raichu|Zap Cannon|p2a: Charizard
|-activate|p2a: Charizard|move: Protect
|move|p1a: Staraptor|Close Combat|p2b: Umbreon
|-supereffective|p2b: Umbreon|1
|-damage|p2b: Umbreon|1/100
|-unboost|p1a: Staraptor|def|1
|-unboost|p1a: Staraptor|spd|1
|move|p2b: Umbreon|Snarl|p1b: Raichu|[spread] p1a,p1b
|-damage|p1a: Staraptor|0 fnt
|-damage|p1b: Raichu|13/100
|-unboost|p1b: Raichu|spa|1
|faint|p1a: Staraptor
|
|-weather|SunnyDay|[upkeep]
|-heal|p2b: Umbreon|7/100|[from] item: Leftovers
|-end|p1b: Raichu|move: Yawn|[silent]
|-status|p1b: Raichu|slp
|upkeep
|
|t:|1786160151
|switch|p1a: Arcanine|Arcanine-Hisui, L50, F|100/100
|turn|3
|
|t:|1786160171
|cant|p1b: Raichu|slp
|move|p1a: Arcanine|Flare Blitz|p2a: Charizard
|-resisted|p2a: Charizard|1
|-damage|p2a: Charizard|45/100
|move|p2a: Charizard|Focus Blast|p1a: Arcanine|[miss]
|-miss|p2a: Charizard|p1a: Arcanine
|move|p2b: Umbreon|Snarl|p1b: Raichu|[spread] p1a,p1b
|-damage|p1a: Arcanine|87/100
|-damage|p1b: Raichu|0 fnt
|-unboost|p1a: Arcanine|spa|1
|faint|p1b: Raichu
|
|-weather|SunnyDay|[upkeep]
|-heal|p2b: Umbreon|13/100|[from] item: Leftovers
|upkeep
|
|t:|1786160205
|switch|p1b: Sylveon|Sylveon, L50, M|100/100
|turn|4
|
|t:|1786160239
|switch|p2b: Sinistcha|Sinistcha-Masterpiece, L50, shiny|100/100
|-heal|p2a: Charizard|69/100|[from] ability: Hospitality|[of] p2b: Sinistcha
|move|p1a: Arcanine|Head Smash|p2a: Charizard
|-supereffective|p2a: Charizard|2
|-damage|p2a: Charizard|0 fnt
|faint|p2a: Charizard
|move|p1b: Sylveon|Hyper Voice|p2b: Sinistcha
|-damage|p2b: Sinistcha|30/100
|
|-weather|SunnyDay|[upkeep]
|-sideend|p1: lux raymundi|move: Tailwind
|upkeep
|
|t:|1786160251
|switch|p2a: Sneasler|Sneasler, L50, F, shiny|100/100
|turn|5
|
|t:|1786160270
|move|p1a: Arcanine|Protect|p1a: Arcanine
|-singleturn|p1a: Arcanine|Protect
|move|p2a: Sneasler|Dire Claw|p1b: Sylveon
|-supereffective|p1b: Sylveon|1
|-damage|p1b: Sylveon|11/100
|move|p2b: Sinistcha|Matcha Gotcha|p1b: Sylveon|[spread] p1b
|-activate|p1a: Arcanine|move: Protect
|-damage|p1b: Sylveon|0 fnt
|-heal|p2b: Sinistcha|37/100|[from] drain|[of] p1b: Sylveon
|faint|p1b: Sylveon
|
|-weather|none
|upkeep
|turn|6
|
|t:|1786160357
|move|p1a: Arcanine|Flare Blitz|p2a: Sneasler
|-damage|p2a: Sneasler|21/100
|move|p2a: Sneasler|Close Combat|p1a: Arcanine
|-supereffective|p1a: Arcanine|1
|-damage|p1a: Arcanine|0 fnt
|-unboost|p2a: Sneasler|def|1
|-unboost|p2a: Sneasler|spd|1
|faint|p1a: Arcanine
|
|win|Kennedywuzhere
