|j|☆HeroLinik
|j|☆M00ncell
|html|HeroLinikM00ncell    
|uhtml|bestof|Game 2 of a best-of-3
|t:|1783355929
|gametype|doubles
|player|p1|HeroLinik|gambler|
|player|p2|M00ncell|plasmagrunt|
|gen|9
|tier|[Gen 9 Champions] VGC 2026 Reg M-B (Bo3)
|rule|Species Clause: Limit one of each Pokémon
|rule|Item Clause: Limit 1 of each item
|clearpoke
|poke|p1|Pyroar, L50, M|
|poke|p1|Farigiraf, L50, M|
|poke|p1|Venusaur, L50, M|
|poke|p1|Primarina, L50, M|
|poke|p1|Torkoal, L50, F|
|poke|p1|Gholdengo, L50|
|poke|p2|Staraptor, L50, F|
|poke|p2|Whimsicott, L50, M|
|poke|p2|Garchomp, L50, F|
|poke|p2|Basculegion, L50, M|
|poke|p2|Incineroar, L50, M|
|poke|p2|Charizard, L50, M|
|teampreview|4
|showteam|p1|Pyroar||Pyroarite|Unnerve|Overheat,HeatWave,SolarBeam,Protect|Timid||M|||50|]Farigiraf||ColburBerry|ArmorTail|Protect,SunnyDay,TrickRoom,Psychic|Bold||M|||50|]Venusaur||FocusSash|Chlorophyll|SleepPowder,SludgeBomb,EarthPower,Protect|Timid||M|||50|]Primarina||LifeOrb|LiquidVoice|HyperVoice,Moonblast,DazzlingGleam,Protect|Quiet||M|||50|]Torkoal||Charcoal|Drought|Eruption,WeatherBall,HelpingHand,Yawn|Quiet||F|||50|]Gholdengo||ChoiceScarf|GoodasGold|MakeItRain,ShadowBall,FocusBlast,Thunderbolt|Timid|||||50|
|showteam|p2|Staraptor||Staraptite|Intimidate|CloseCombat,BraveBird,Protect,Roost|Jolly||F|||50|]Whimsicott||FocusSash|Prankster|Moonblast,Tailwind,Encore,Protect|Timid||M|||50|]Garchomp||LifeOrb|RoughSkin|DragonClaw,Protect,Earthquake,RockSlide|Jolly||F|||50|]Basculegion||ChoiceScarf|Adaptability|LastRespects,AquaJet,WaveCrash,FlipTurn|Adamant||M|||50|]Incineroar||SitrusBerry|Intimidate|FakeOut,PartingShot,FlareBlitz,ThroatChop|Careful||M|||50|]Charizard||CharizarditeY|Blaze|Protect,HeatWave,SolarBeam,WeatherBall|Modest||M|||50|
|inactive|Battle timer is ON: inactive players will automatically lose when time's up. (requested by HeroLinik)
|inactive|HeroLinik has 60 seconds left.
|inactive|M00ncell has 60 seconds left.
|inactive|M00ncell has 30 seconds left.
|inactive|M00ncell has 20 seconds left.
|
|t:|1783356005
|teamsize|p1|4
|teamsize|p2|4
|start
|switch|p1a: Pyroar|Pyroar, L50, M|100/100
|switch|p1b: Torkoal|Torkoal, L50, F|100/100
|switch|p2a: Whimsicott|Whimsicott, L50, M|100/100
|switch|p2b: Charizard|Charizard, L50, M|100/100
|-ability|p1a: Pyroar|Unnerve
|-weather|SunnyDay|[from] ability: Drought|[of] p1b: Torkoal
|turn|1
|
|t:|1783356029
|detailschange|p1a: Pyroar|Pyroar-Mega, L50, M
|-mega|p1a: Pyroar|Pyroar|Pyroarite
|detailschange|p2b: Charizard|Charizard-Mega-Y, L50, M
|-mega|p2b: Charizard|Charizard|Charizardite Y
|move|p2a: Whimsicott|Protect|p2a: Whimsicott
|-singleturn|p2a: Whimsicott|Protect
|move|p1a: Pyroar|Heat Wave|p2a: Whimsicott|[spread] p2b
|-activate|p2a: Whimsicott|move: Protect
|-resisted|p2b: Charizard|1
|-damage|p2b: Charizard|65/100
|move|p2b: Charizard|Heat Wave|p1b: Torkoal|[spread] p1a
|-miss|p2b: Charizard|p1b: Torkoal
|-resisted|p1a: Pyroar|1
|-damage|p1a: Pyroar|63/100
|move|p1b: Torkoal|Eruption|p2a: Whimsicott|[spread] p2b
|-activate|p2a: Whimsicott|move: Protect
|-resisted|p2b: Charizard|1
|-damage|p2b: Charizard|30/100
|
|-weather|SunnyDay|[upkeep]
|upkeep
|turn|2
|inactive|HeroLinik has 30 seconds left.
|inactive|M00ncell has 30 seconds left.
|
|t:|1783356057
|move|p1a: Pyroar|Protect|p1a: Pyroar
|-singleturn|p1a: Pyroar|Protect
|move|p2a: Whimsicott|Tailwind|p2a: Whimsicott
|-sidestart|p2: M00ncell|move: Tailwind
|move|p2b: Charizard|Heat Wave|p1b: Torkoal|[spread] p1b
|-activate|p1a: Pyroar|move: Protect
|-resisted|p1b: Torkoal|1
|-damage|p1b: Torkoal|57/100
|move|p1b: Torkoal|Eruption|p2a: Whimsicott|[spread] p2a,p2b
|-supereffective|p2a: Whimsicott|1
|-resisted|p2b: Charizard|1
|-enditem|p2a: Whimsicott|Focus Sash
|-damage|p2a: Whimsicott|1/100
|-damage|p2b: Charizard|9/100
|
|-weather|SunnyDay|[upkeep]
|upkeep
|turn|3
|inactive|M00ncell has 30 seconds left.
|inactive|M00ncell has 20 seconds left.
|inactive|M00ncell has 15 seconds left.
|
|t:|1783356101
|move|p2a: Whimsicott|Encore|p1a: Pyroar
|-start|p1a: Pyroar|Encore
|move|p1a: Pyroar|Protect||[still]
|-fail|p1a: Pyroar
|move|p2b: Charizard|Weather Ball|p1b: Torkoal
|-resisted|p1b: Torkoal|1
|-damage|p1b: Torkoal|0 fnt
|faint|p1b: Torkoal
|
|-weather|SunnyDay|[upkeep]
|upkeep
|
|t:|1783356109
|switch|p1b: Venusaur|Venusaur, L50, M|100/100
|turn|4
|inactive|M00ncell has 30 seconds left.
|inactive|M00ncell has 20 seconds left.
|
|t:|1783356147
|move|p2b: Charizard|Protect|p2b: Charizard
|-singleturn|p2b: Charizard|Protect
|move|p1a: Pyroar|Protect|p1a: Pyroar
|-singleturn|p1a: Pyroar|Protect
|move|p2a: Whimsicott|Moonblast|p1b: Venusaur
|-resisted|p1b: Venusaur|1
|-damage|p1b: Venusaur|79/100
|move|p1b: Venusaur|Sleep Powder|p2b: Charizard
|-activate|p2b: Charizard|move: Protect
|
|-weather|SunnyDay|[upkeep]
|upkeep
|turn|5
|inactive|HeroLinik has 30 seconds left.
|inactive|M00ncell has 30 seconds left.
|inactive|M00ncell has 20 seconds left.
|
|t:|1783356187
|switch|p1a: Gholdengo|Gholdengo, L50|100/100
|move|p2a: Whimsicott|Moonblast|p1a: Gholdengo
|-resisted|p1a: Gholdengo|1
|-damage|p1a: Gholdengo|77/100
|-unboost|p1a: Gholdengo|spa|1
|move|p1b: Venusaur|Sludge Bomb|p2b: Charizard
|-damage|p2b: Charizard|0 fnt
|faint|p2b: Charizard
|
|-weather|none
|-sideend|p2: M00ncell|move: Tailwind
|upkeep
|
|t:|1783356207
|switch|p2b: Basculegion|Basculegion, L50, M|100/100
|turn|6
|inactive|M00ncell has 30 seconds left.
|inactive|M00ncell has 20 seconds left.
|inactive|M00ncell has 15 seconds left.
|inactive|M00ncell has 10 seconds left.
|
|t:|1783356256
|move|p2a: Whimsicott|Encore|p1b: Venusaur
|-start|p1b: Venusaur|Encore
|move|p1a: Gholdengo|Thunderbolt|p2b: Basculegion
|-supereffective|p2b: Basculegion|1
|-damage|p2b: Basculegion|47/100
|move|p2b: Basculegion|Last Respects|p1a: Gholdengo
|-supereffective|p1a: Gholdengo|1
|-damage|p1a: Gholdengo|0 fnt
|faint|p1a: Gholdengo
|move|p1b: Venusaur|Sludge Bomb|p2b: Basculegion
|-resisted|p2b: Basculegion|1
|-damage|p2b: Basculegion|23/100
|
|upkeep
|
|t:|1783356267
|switch|p1a: Pyroar|Pyroar-Mega, L50, M|63/100
|turn|7
|
|t:|1783356278
|move|p1a: Pyroar|Protect|p1a: Pyroar
|-singleturn|p1a: Pyroar|Protect
|move|p2a: Whimsicott|Tailwind|p2a: Whimsicott
|-sidestart|p2: M00ncell|move: Tailwind
|move|p2b: Basculegion|Last Respects|p1b: Venusaur
|-damage|p1b: Venusaur|0 fnt
|faint|p1b: Venusaur
|
|upkeep
|turn|8
|-message|HeroLinik forfeited.
|
|win|M00ncell
||HeroLinik is ready for game 3.
||M00ncell is ready for game 3.
|uhtml|next|Next: Game 3 of 3
