|j|☆Barri Deagol
|j|☆mysteriousmeatman
|html|Barri Deagolmysteriousmeatman    
|uhtml|bestof|Game 2 of a best-of-3
|t:|1756559815
|gametype|doubles
|player|p1|Barri Deagol|collector|1081
|player|p2|mysteriousmeatman|infielder|1000
|gen|9
|tier|[Gen 9] VGC 2025 Reg H (Bo3)
|rated|
|rule|Species Clause: Limit one of each Pokémon
|rule|Item Clause: Limit 1 of each item
|clearpoke
|poke|p1|Archaludon, L50, M|
|poke|p1|Dragonite, L50, F|
|poke|p1|Pelipper, L50, M|
|poke|p1|Ursaluna, L50, F|
|poke|p1|Sinistcha, L50|
|poke|p1|Gholdengo, L50|
|poke|p2|Palafin, L50, F|
|poke|p2|Flamigo, L50, F|
|poke|p2|Politoed, L50, F|
|poke|p2|Incineroar, L50, F|
|poke|p2|Gothitelle, L50, M|
|poke|p2|Overqwil, L50, M|
|teampreview|4
|showteam|p1|Archaludon||AssaultVest|Stamina|FlashCannon,BodyPress,ElectroShot,Snarl|||M|||50|,,,,,Fighting]Dragonite||LoadedDice|Multiscale|ScaleShot,Tailwind,Haze,Protect|||F|||50|,,,,,Fairy]Pelipper||FocusSash|Drizzle|MuddyWater,Hurricane,Tailwind,Protect|||M|||50|,,,,,Ghost]Ursaluna||FlameOrb|Guts|Facade,HeadlongRush,Earthquake,Protect|||F|||50|,,,,,Ghost]Sinistcha||SitrusBerry|Hospitality|MatchaGotcha,LifeDew,RagePowder,TrickRoom||||||50|,,,,,Dark]Gholdengo||ChoiceScarf|GoodasGold|MakeItRain,ShadowBall,Trick,Protect||||||50|,,,,,Flying
|showteam|p2|Palafin||PunchingGlove|ZerotoHero|FlipTurn,JetPunch,DrainPunch,Protect|||F|||50|,,,,,Water]Flamigo||WhiteHerb|Scrappy|CloseCombat,Acrobatics,LowKick,Protect|||F|||50|,,,,,Flying]Politoed||Leftovers|Drizzle|HydroPump,IcyWind,PerishSong,Protect|||F|||50|,,,,,Ghost]Incineroar||SafetyGoggles|Intimidate|FakeOut,KnockOff,PartingShot,Protect|||F|||50|,,,,,Ghost]Gothitelle||SitrusBerry|ShadowTag|FakeOut,Psychic,TrickRoom,Protect|||M|||50|,,,,,Dark]Overqwil||ClearAmulet|SwiftSwim|Crunch,PoisonJab,Liquidation,Protect|||M|||50|,,,,,Ground
|inactive|Battle timer is ON: inactive players will automatically lose when time's up. (requested by Barri Deagol)
|
|t:|1756559841
|teamsize|p1|4
|teamsize|p2|4
|start
|switch|p1a: Pelipper|Pelipper, L50, M|100/100
|switch|p1b: Gholdengo|Gholdengo, L50|100/100
|switch|p2a: Incineroar|Incineroar, L50, F, shiny|100/100
|switch|p2b: Overqwil|Overqwil, L50, M, shiny|100/100
|-weather|RainDance|[from] ability: Drizzle|[of] p1a: Pelipper
|-ability|p2a: Incineroar|Intimidate|boost
|-unboost|p1a: Pelipper|atk|1
|-unboost|p1b: Gholdengo|atk|1
|turn|1
|inactive|Barri Deagol has 30 seconds left.
|inactive|Barri Deagol has 20 seconds left.
|inactive|Barri Deagol has 15 seconds left.
|inactive|Barri Deagol has 10 seconds left.
|
|t:|1756559889
|switch|p1b: Archaludon|Archaludon, L50, M|100/100
|-terastallize|p1a: Pelipper|Ghost
|move|p2b: Overqwil|Crunch|p1b: Archaludon
|-damage|p1b: Archaludon|73/100
|-ability|p1b: Archaludon|Stamina|boost
|-boost|p1b: Archaludon|def|1
|move|p1a: Pelipper|Tailwind|p1a: Pelipper
|-sidestart|p1: Barri Deagol|move: Tailwind
|move|p2a: Incineroar|Knock Off|p1b: Archaludon
|-damage|p1b: Archaludon|56/100
|-ability|p1b: Archaludon|Stamina|boost
|-boost|p1b: Archaludon|def|1
|-enditem|p1b: Archaludon|Assault Vest|[from] move: Knock Off|[of] p2a: Incineroar
|
|-weather|RainDance|[upkeep]
|upkeep
|turn|2
|inactive|Barri Deagol has 30 seconds left.
|inactive|mysteriousmeatman has 30 seconds left.
|
|t:|1756559929
|-terastallize|p2a: Incineroar|Ghost
|move|p2b: Overqwil|Protect|p2b: Overqwil
|-singleturn|p2b: Overqwil|Protect
|move|p1a: Pelipper|Muddy Water|p2a: Incineroar|[spread] p2a
|-activate|p2b: Overqwil|move: Protect
|-damage|p2a: Incineroar|69/100
|move|p1b: Archaludon|Body Press|p2b: Overqwil
|-activate|p2b: Overqwil|move: Protect
|move|p2a: Incineroar|Knock Off|p1a: Pelipper
|-supereffective|p1a: Pelipper
|-enditem|p1a: Pelipper|Focus Sash
|-damage|p1a: Pelipper|1/100
|
|-weather|RainDance|[upkeep]
|upkeep
|turn|3
|inactive|Barri Deagol has 30 seconds left.
|
|t:|1756559960
|switch|p2b: Flamigo|Flamigo, L50, F, shiny|100/100
|move|p1a: Pelipper|Hurricane|p2a: Incineroar
|-damage|p2a: Incineroar|33/100
|move|p1b: Archaludon|Electro Shot||[still]
|-prepare|p1b: Archaludon|Electro Shot
|-boost|p1b: Archaludon|spa|1
|-anim|p1b: Archaludon|Electro Shot|p2b: Flamigo
|-supereffective|p2b: Flamigo
|-damage|p2b: Flamigo|0 fnt
|faint|p2b: Flamigo
|move|p2a: Incineroar|Parting Shot|p1b: Archaludon
|-unboost|p1b: Archaludon|atk|1
|-unboost|p1b: Archaludon|spa|1
|
|t:|1756559977
|switch|p2a: Politoed|Politoed, L50, F, shiny|100/100|[from] Parting Shot
|
|-weather|RainDance|[upkeep]
|upkeep
|
|t:|1756559981
|switch|p2b: Incineroar|Incineroar, L50, F, shiny, tera:Ghost|33/100
|-ability|p2b: Incineroar|Intimidate|boost
|-unboost|p1a: Pelipper|atk|1
|-unboost|p1b: Archaludon|atk|1
|turn|4
|
|t:|1756560001
|switch|p1a: Sinistcha|Sinistcha, L50|100/100
|-heal|p1b: Archaludon|81/100|[from] ability: Hospitality|[of] p1a: Sinistcha
|move|p2b: Incineroar|Fake Out|p1b: Archaludon
|-resisted|p1b: Archaludon
|-damage|p1b: Archaludon|79/100
|-ability|p1b: Archaludon|Stamina|boost
|-boost|p1b: Archaludon|def|1
|cant|p1b: Archaludon|flinch
|move|p2a: Politoed|Perish Song|p2a: Politoed
|-start|p1a: Sinistcha|perish3|[silent]
|-start|p1b: Archaludon|perish3|[silent]
|-start|p2a: Politoed|perish3|[silent]
|-start|p2b: Incineroar|perish3|[silent]
|-fieldactivate|move: Perish Song
|
|-weather|RainDance|[upkeep]
|-start|p1b: Archaludon|perish3
|-start|p1a: Sinistcha|perish3
|-start|p2a: Politoed|perish3
|-start|p2b: Incineroar|perish3
|-sideend|p1: Barri Deagol|move: Tailwind
|upkeep
|turn|5
|inactive|Barri Deagol has 30 seconds left.
|
|t:|1756560029
|move|p1a: Sinistcha|Rage Powder|p1a: Sinistcha
|-singleturn|p1a: Sinistcha|move: Rage Powder
|move|p1b: Archaludon|Electro Shot||[still]
|-prepare|p1b: Archaludon|Electro Shot
|-boost|p1b: Archaludon|spa|1
|-anim|p1b: Archaludon|Electro Shot|p2a: Politoed
|-supereffective|p2a: Politoed
|-damage|p2a: Politoed|27/100
|move|p2a: Politoed|Icy Wind|p1a: Sinistcha|[spread] p1a,p1b
|-supereffective|p1a: Sinistcha
|-damage|p1a: Sinistcha|83/100
|-damage|p1b: Archaludon|70/100
|-unboost|p1a: Sinistcha|spe|1
|-unboost|p1b: Archaludon|spe|1
|-ability|p1b: Archaludon|Stamina|boost
|-boost|p1b: Archaludon|def|1
|move|p2b: Incineroar|Knock Off|p1a: Sinistcha
|-supereffective|p1a: Sinistcha
|-damage|p1a: Sinistcha|17/100
|-enditem|p1a: Sinistcha|Sitrus Berry|[from] move: Knock Off|[of] p2b: Incineroar
|
|-weather|none
|-heal|p2a: Politoed|33/100|[from] item: Leftovers
|-start|p2a: Politoed|perish2
|-start|p2b: Incineroar|perish2
|-start|p1b: Archaludon|perish2
|-start|p1a: Sinistcha|perish2
|upkeep
|turn|6
|inactive|Barri Deagol has 30 seconds left.
|inactive|Barri Deagol has 20 seconds left.
|
|t:|1756560065
|switch|p1a: Pelipper|Pelipper, L50, M, tera:Ghost|1/100
|-weather|RainDance|[from] ability: Drizzle|[of] p1a: Pelipper
|move|p2a: Politoed|Icy Wind|p1b: Archaludon|[spread] p1a,p1b
|-damage|p1a: Pelipper|0 fnt
|-damage|p1b: Archaludon|61/100
|-unboost|p1b: Archaludon|spe|1
|-ability|p1b: Archaludon|Stamina|boost
|-boost|p1b: Archaludon|def|1
|faint|p1a: Pelipper
|move|p2b: Incineroar|Knock Off|p1b: Archaludon
|-damage|p1b: Archaludon|56/100
|-ability|p1b: Archaludon|Stamina|boost
|-boost|p1b: Archaludon|def|1
|move|p1b: Archaludon|Body Press|p2a: Politoed
|-damage|p2a: Politoed|0 fnt
|faint|p2a: Politoed
|
|-weather|RainDance|[upkeep]
|-start|p2b: Incineroar|perish1
|-start|p1b: Archaludon|perish1
|upkeep
|inactive|Barri Deagol has 30 seconds left.
|
|t:|1756560091
|switch|p1a: Sinistcha|Sinistcha, L50|17/100
|switch|p2a: Overqwil|Overqwil, L50, M, shiny|100/100
|-heal|p1b: Archaludon|81/100|[from] ability: Hospitality|[of] p1a: Sinistcha
|turn|7
|
|t:|1756560130
|switch|p1b: Gholdengo|Gholdengo, L50|100/100
|move|p2a: Overqwil|Protect|p2a: Overqwil
|-singleturn|p2a: Overqwil|Protect
|move|p1a: Sinistcha|Matcha Gotcha|p2a: Overqwil|[spread] 
|-activate|p2a: Overqwil|move: Protect
|-miss|p1a: Sinistcha|p2b: Incineroar
|move|p2b: Incineroar|Knock Off|p1a: Sinistcha
|-supereffective|p1a: Sinistcha
|-damage|p1a: Sinistcha|0 fnt
|faint|p1a: Sinistcha
|
|-weather|RainDance|[upkeep]
|-start|p2b: Incineroar|perish0
|faint|p2b: Incineroar
|upkeep
|
|t:|1756560147
|switch|p1a: Archaludon|Archaludon, L50, M|81/100
|turn|8
|
|t:|1756560161
|move|p2a: Overqwil|Crunch|p1b: Gholdengo
|-supereffective|p1b: Gholdengo
|-damage|p1b: Gholdengo|12/100
|move|p1b: Gholdengo|Make It Rain|p2a: Overqwil
|-damage|p2a: Overqwil|0 fnt
|-unboost|p1b: Gholdengo|spa|1
|faint|p2a: Overqwil
|
|win|Barri Deagol
||mysteriousmeatman is ready for game 3.
|inactive|Barri Deagol has 30 seconds to confirm battle start!
