|j|☆guillelona
|j|☆piccionevolante
|html|guillelonapiccionevolante    
|uhtml|bestof|Game 2 of a best-of-3
|t:|1784981059
|gametype|doubles
|player|p1|guillelona|2|1000
|player|p2|piccionevolante|az|1040
|gen|9
|tier|[Gen 9 Champions] VGC 2026 Reg M-B (Bo3)
|rated|
|rule|Species Clause: Limit one of each Pokémon
|rule|Item Clause: Limit 1 of each item
|clearpoke
|poke|p1|Vivillon-Tundra, L50, F|
|poke|p1|Mawile, L50, F|
|poke|p1|Torkoal, L50, F|
|poke|p1|Farigiraf, L50, F|
|poke|p1|Garchomp, L50, M|
|poke|p1|Raichu, L50, M|
|poke|p2|Froslass, L50, F, shiny|
|poke|p2|Sableye, L50, F|
|poke|p2|Flapple, L50, M|
|poke|p2|Talonflame, L50, F|
|poke|p2|Toxapex, L50, F|
|poke|p2|Glaceon, L50, M, shiny|
|teampreview|4
|showteam|p1|Vivillon-Tundra||FocusSash|CompoundEyes|Hurricane,SleepPowder,RagePowder,Protect|Timid||F|||50|]Mawile||Mawilite|Intimidate|PlayRough,RockSlide,SuckerPunch,Protect|Adamant||F|||50|]Torkoal||Charcoal|Drought|Eruption,WeatherBall,Protect,EarthPower|Quiet||F|||50|]Farigiraf||SitrusBerry|ArmorTail|Psychic,Thunderbolt,TrickRoom,HelpingHand|Relaxed||F|||50|]Garchomp||LifeOrb|RoughSkin|DragonClaw,Earthquake,RockSlide,Protect|Jolly||M|||50|]Raichu||RaichuniteY|LightningRod|ZapCannon,FocusBlast,FakeOut,Protect|Timid||M|||50|
|showteam|p2|Froslass||Froslassite|SnowCloak|Blizzard,ShadowBall,Thunder,Protect|Timid||F|||50|]Sableye||RoseliBerry|Prankster|Gravity,Quash,ThunderWave,FoulPlay|Bold||F|||50|]Flapple||ChoiceScarf|Hustle|GravApple,DragonRush,DualWingbeat,Uturn|Adamant||M|||50|]Talonflame||FocusSash|GaleWings|Tailwind,BraveBird,Overheat,WillOWisp|Naive||F|||50|]Toxapex||Leftovers|Regenerator|BanefulBunker,MuddyWater,Recover,GunkShot|Sassy||F|||50|]Glaceon||BrightPowder|SnowCloak|AlluringVoice,Detect,MudSlap,FreezeDry|Modest||M|||50|
|
|t:|1784981096
|teamsize|p1|4
|teamsize|p2|4
|start
|switch|p1a: Vivillon|Vivillon-Tundra, L50, F|100/100
|switch|p1b: Farigiraf|Farigiraf, L50, F|100/100
|switch|p2a: Talonflame|Talonflame, L50, F|100/100
|switch|p2b: Froslass|Froslass, L50, F, shiny|100/100
|turn|1
|inactive|Battle timer is ON: inactive players will automatically lose when time's up. (requested by piccionevolante)
|
|t:|1784981113
|detailschange|p2b: Froslass|Froslass-Mega, L50, F, shiny
|-mega|p2b: Froslass|Froslass|Froslassite
|-weather|Snowscape|[from] ability: Snow Warning|[of] p2b: Froslass
|move|p1a: Vivillon|Rage Powder|p1a: Vivillon
|-singleturn|p1a: Vivillon|move: Rage Powder
|move|p2a: Talonflame|Brave Bird||[still]
|cant|p1b: Farigiraf|ability: Armor Tail|Brave Bird|[of] p2a: Talonflame
|move|p2b: Froslass|Blizzard|p1b: Farigiraf|[spread] p1a,p1b
|-supereffective|p1a: Vivillon|1
|-enditem|p1a: Vivillon|Focus Sash
|-damage|p1a: Vivillon|1/100
|-damage|p1b: Farigiraf|52/100
|move|p1b: Farigiraf|Trick Room|p1b: Farigiraf
|-fieldstart|move: Trick Room|[of] p1b: Farigiraf
|
|-weather|Snowscape|[upkeep]
|upkeep
|turn|2
|
|t:|1784981136
|move|p2b: Froslass|Protect|p2b: Froslass
|-singleturn|p2b: Froslass|Protect
|move|p1b: Farigiraf|Thunderbolt|p2a: Talonflame
|-supereffective|p2a: Talonflame|1
|-damage|p2a: Talonflame|32/100
|move|p1a: Vivillon|Sleep Powder|p2b: Froslass
|-activate|p2b: Froslass|move: Protect
|move|p2a: Talonflame|Overheat|p1a: Vivillon|[miss]
|-miss|p2a: Talonflame|p1a: Vivillon
|
|-weather|Snowscape|[upkeep]
|upkeep
|turn|3
|
|t:|1784981155
|move|p1b: Farigiraf|Thunderbolt|p2a: Talonflame
|-supereffective|p2a: Talonflame|1
|-damage|p2a: Talonflame|0 fnt
|faint|p2a: Talonflame
|move|p1a: Vivillon|Sleep Powder|p2b: Froslass
|-status|p2b: Froslass|slp|[from] move: Sleep Powder
|cant|p2b: Froslass|slp
|
|-weather|Snowscape|[upkeep]
|upkeep
|
|t:|1784981160
|switch|p2a: Toxapex|Toxapex, L50, F|100/100
|turn|4
|
|t:|1784981168
|switch|p1b: Torkoal|Torkoal, L50, F|100/100
|-weather|SunnyDay|[from] ability: Drought|[of] p1b: Torkoal
|move|p2a: Toxapex|Muddy Water|p1b: Torkoal|[spread] p1a,p1b
|-supereffective|p1b: Torkoal|1
|-damage|p1a: Vivillon|0 fnt
|-damage|p1b: Torkoal|81/100
|faint|p1a: Vivillon
|cant|p2b: Froslass|slp
|
|-weather|SunnyDay|[upkeep]
|upkeep
|
|t:|1784981177
|switch|p1a: Farigiraf|Farigiraf, L50, F|52/100
|turn|5
|
|t:|1784981183
|-curestatus|p2b: Froslass|slp|[msg]
|move|p2b: Froslass|Protect|p2b: Froslass
|-singleturn|p2b: Froslass|Protect
|move|p1b: Torkoal|Eruption|p2a: Toxapex|[spread] p2a
|-activate|p2b: Froslass|move: Protect
|-resisted|p2a: Toxapex|1
|-damage|p2a: Toxapex|74/100
|move|p2a: Toxapex|Muddy Water|p1a: Farigiraf|[spread] p1a,p1b
|-supereffective|p1b: Torkoal|1
|-damage|p1a: Farigiraf|45/100
|-damage|p1b: Torkoal|63/100
|-enditem|p1a: Farigiraf|Sitrus Berry|[eat]
|-heal|p1a: Farigiraf|70/100|[from] item: Sitrus Berry
|move|p1a: Farigiraf|Psychic|p2a: Toxapex
|-supereffective|p2a: Toxapex|1
|-damage|p2a: Toxapex|24/100
|
|-weather|SunnyDay|[upkeep]
|-heal|p2a: Toxapex|30/100|[from] item: Leftovers
|-fieldend|move: Trick Room
|upkeep
|turn|6
|
|t:|1784981202
|switch|p2b: Glaceon|Glaceon, L50, M, shiny|100/100
|move|p1b: Torkoal|Protect|p1b: Torkoal
|-singleturn|p1b: Torkoal|Protect
|move|p2a: Toxapex|Muddy Water|p1b: Torkoal|[spread] p1a
|-activate|p1b: Torkoal|move: Protect
|-damage|p1a: Farigiraf|63/100
|move|p1a: Farigiraf|Trick Room|p1a: Farigiraf
|-fieldstart|move: Trick Room|[of] p1a: Farigiraf
|
|-weather|SunnyDay|[upkeep]
|-heal|p2a: Toxapex|36/100|[from] item: Leftovers
|upkeep
|turn|7
|inactive|piccionevolante has 30 seconds left.
|inactive|piccionevolante has 20 seconds left.
|inactive|piccionevolante has 15 seconds left.
|inactive|piccionevolante has 10 seconds left.
|inactive|piccionevolante has 5 seconds left.
|
|t:|1784981257
|switch|p1b: Mawile|Mawile, L50, F|100/100
|-ability|p1b: Mawile|Intimidate|boost
|-unboost|p2a: Toxapex|atk|1
|-unboost|p2b: Glaceon|atk|1
|move|p2a: Toxapex|Baneful Bunker|p2a: Toxapex
|-singleturn|p2a: Toxapex|move: Protect
|move|p1a: Farigiraf|Psychic|p2a: Toxapex
|-activate|p2a: Toxapex|move: Protect
|move|p2b: Glaceon|Alluring Voice|p1a: Farigiraf
|-damage|p1a: Farigiraf|36/100
|
|-weather|SunnyDay|[upkeep]
|-heal|p2a: Toxapex|42/100|[from] item: Leftovers
|upkeep
|turn|8
|
|t:|1784981271
|detailschange|p1b: Mawile|Mawile-Mega, L50, F
|-mega|p1b: Mawile|Mawile|Mawilite
|move|p2a: Toxapex|Muddy Water|p1a: Farigiraf|[spread] p1a,p1b
|-damage|p1a: Farigiraf|30/100
|-damage|p1b: Mawile|92/100
|-unboost|p1a: Farigiraf|accuracy|1
|move|p1b: Mawile|Rock Slide|p2b: Glaceon|[spread] p2a,p2b
|-supereffective|p2b: Glaceon|1
|-damage|p2a: Toxapex|14/100
|-damage|p2b: Glaceon|21/100
|move|p1a: Farigiraf|Psychic|p2a: Toxapex
|-supereffective|p2a: Toxapex|1
|-damage|p2a: Toxapex|0 fnt
|faint|p2a: Toxapex
|move|p2b: Glaceon|Mud-Slap|p1b: Mawile
|-supereffective|p1b: Mawile|1
|-damage|p1b: Mawile|71/100
|-unboost|p1b: Mawile|accuracy|1
|
|-weather|none
|upkeep
|
|t:|1784981282
|switch|p2a: Froslass|Froslass-Mega, L50, F, shiny|100/100
|-weather|Snowscape|[from] ability: Snow Warning|[of] p2a: Froslass
|turn|9
|
|t:|1784981300
|switch|p1a: Torkoal|Torkoal, L50, F|63/100
|-weather|SunnyDay|[from] ability: Drought|[of] p1a: Torkoal
|move|p1b: Mawile|Rock Slide|p2a: Froslass|[spread] p2a,p2b
|-supereffective|p2a: Froslass|1
|-supereffective|p2b: Glaceon|1
|-damage|p2a: Froslass|0 fnt
|-damage|p2b: Glaceon|0 fnt
|faint|p2a: Froslass
|faint|p2b: Glaceon
|
|win|guillelona
|raw|guillelona's rating: 1000 → 1045(+45 for winning)
|raw|piccionevolante's rating: 1040 → 1022(-18 for losing)
|l|☆piccionevolante
|player|p2|
|l|☆guillelona
|player|p1|
|j|☆guillelona
|player|p1|guillelona|2|
