|j|☆PYS_Max2
|j|☆elmono11
|html|PYS_Max2elmono11    
|uhtml|bestof|Game 1 of a best-of-3
|t:|1785947968
|gametype|doubles
|player|p1|PYS_Max2|clay|1418
|player|p2|elmono11|1|1445
|gen|9
|tier|[Gen 9 Champions] VGC 2026 Reg M-B (Bo3)
|rated|
|rule|Species Clause: Limit one of each Pokémon
|rule|Item Clause: Limit 1 of each item
|clearpoke
|poke|p1|Staraptor, L50, F|
|poke|p1|Arcanine-Hisui, L50, F|
|poke|p1|Kingambit, L50, F|
|poke|p1|Sylveon, L50, M|
|poke|p1|Farigiraf, L50, F|
|poke|p1|Blastoise, L50, F|
|poke|p2|Floette-Eternal, L50, F|
|poke|p2|Whimsicott, L50, F|
|poke|p2|Basculegion, L50, M|
|poke|p2|Kingambit, L50, M|
|poke|p2|Arcanine-Hisui, L50, M|
|poke|p2|Dragonite, L50, M|
|teampreview|4
|showteam|p1|Staraptor||Staraptite|Intimidate|DualWingbeat,CloseCombat,Tailwind,Protect|Jolly||F|||50|]Arcanine-Hisui||FocusSash|RockHead|FlareBlitz,HeadSmash,ExtremeSpeed,Protect|Jolly||F|||50|]Kingambit||LifeOrb|Defiant|KowtowCleave,SuckerPunch,SwordsDance,Protect|Adamant||F|||50|]Sylveon||FairyFeather|Pixilate|HyperVoice,HyperBeam,QuickAttack,Detect|Modest||M|||50|]Farigiraf||SitrusBerry|ArmorTail|Psychic,HelpingHand,TrickRoom,Protect|Calm||F|||50|]Blastoise||Blastoisinite|RainDish|FakeOut,WaterSpout,DarkPulse,AuraSphere|Modest||F|||50|
|showteam|p2|Floette-Eternal||Floettite|FlowerVeil|Moonblast,DazzlingGleam,LightofRuin,Protect|Modest||F|||50|]Whimsicott||OccaBerry|Prankster|Moonblast,Tailwind,Encore,Protect|Timid||F|||50|]Basculegion||ChoiceScarf|Adaptability|LastRespects,WaveCrash,AquaJet,FlipTurn|Jolly||M|||50|]Kingambit||BlackGlasses|Defiant|SuckerPunch,KowtowCleave,IronHead,Protect|Adamant||M|||50|]Arcanine-Hisui||FocusSash|RockHead|FlareBlitz,RockSlide,HeadSmash,Protect|Jolly||M|||50|]Dragonite||LifeOrb|InnerFocus|DragonClaw,Superpower,ExtremeSpeed,Protect|Adamant||M|||50|
|inactive|Battle timer is ON: inactive players will automatically lose when time's up. (requested by elmono11)
|inactive|elmono11 has 60 seconds left.
|inactive|elmono11 has 30 seconds left.
|inactive|elmono11 has 20 seconds left.
|inactive|elmono11 has 15 seconds left.
|
|t:|1785948045
|teamsize|p1|4
|teamsize|p2|4
|start
|switch|p1a: Arcanine|Arcanine-Hisui, L50, F|100/100
|switch|p1b: Staraptor|Staraptor, L50, F|100/100
|switch|p2a: Floette|Floette-Eternal, L50, F|100/100
|switch|p2b: Basculegion|Basculegion, L50, M|100/100
|-ability|p1b: Staraptor|Intimidate|boost
|-unboost|p2a: Floette|atk|1
|-unboost|p2b: Basculegion|atk|1
|turn|1
|
|t:|1785948070
|detailschange|p2a: Floette|Floette-Mega, L50, F
|-mega|p2a: Floette|Floette|Floettite
|-ability|p2a: Floette|Fairy Aura
|move|p2b: Basculegion|Flip Turn|p1b: Staraptor
|-damage|p1b: Staraptor|68/100
|
|t:|1785948078
|switch|p2b: Dragonite|Dragonite, L50, M|100/100|[from] Flip Turn
|move|p1b: Staraptor|Tailwind|p1b: Staraptor
|-sidestart|p1: PYS_Max2|move: Tailwind
|move|p1a: Arcanine|Flare Blitz|p2a: Floette
|-damage|p2a: Floette|31/100
|move|p2a: Floette|Dazzling Gleam|p1b: Staraptor|[spread] p1a,p1b
|-resisted|p1a: Arcanine|1
|-crit|p1a: Arcanine
|-damage|p1a: Arcanine|49/100
|-damage|p1b: Staraptor|0 fnt
|faint|p1b: Staraptor
|
|upkeep
|
|t:|1785948090
|switch|p1b: Sylveon|Sylveon, L50, M|100/100
|turn|2
|inactive|elmono11 has 30 seconds left.
|inactive|elmono11 has 20 seconds left.
|inactive|elmono11 has 15 seconds left.
|inactive|elmono11 has 10 seconds left.
|
|t:|1785948136
|move|p2a: Floette|Protect|p2a: Floette
|-singleturn|p2a: Floette|Protect
|move|p2b: Dragonite|Protect|p2b: Dragonite
|-singleturn|p2b: Dragonite|Protect
|move|p1a: Arcanine|Head Smash|p2b: Dragonite
|-activate|p2b: Dragonite|move: Protect
|move|p1b: Sylveon|Hyper Voice|p2a: Floette|[spread] 
|-activate|p2a: Floette|move: Protect
|-activate|p2b: Dragonite|move: Protect
|
|upkeep
|turn|3
|
|t:|1785948159
|switch|p2a: Arcanine|Arcanine-Hisui, L50, M|100/100
|move|p2b: Dragonite|Extreme Speed|p1b: Sylveon
|-damage|p1b: Sylveon|52/100
|-damage|p2b: Dragonite|90/100|[from] item: Life Orb
|move|p1a: Arcanine|Head Smash|p2a: Arcanine
|-supereffective|p2a: Arcanine|1
|-enditem|p2a: Arcanine|Focus Sash
|-damage|p2a: Arcanine|1/100
|move|p1b: Sylveon|Hyper Voice|p2a: Arcanine|[spread] p2a,p2b
|-resisted|p2a: Arcanine|1
|-supereffective|p2b: Dragonite|1
|-damage|p2a: Arcanine|0 fnt
|-damage|p2b: Dragonite|0 fnt
|faint|p2a: Arcanine
|faint|p2b: Dragonite
|
|upkeep
|
|t:|1785948162
|switch|p2a: Basculegion|Basculegion, L50, M|100/100
|switch|p2b: Floette|Floette-Mega, L50, F|31/100
|-ability|p2b: Floette|Fairy Aura
|turn|4
|inactive|PYS_Max2 has 30 seconds left.
|
|t:|1785948188
|move|p2b: Floette|Protect|p2b: Floette
|-singleturn|p2b: Floette|Protect
|move|p2a: Basculegion|Aqua Jet|p1a: Arcanine
|-supereffective|p1a: Arcanine|2
|-damage|p1a: Arcanine|0 fnt
|faint|p1a: Arcanine
|move|p1b: Sylveon|Hyper Beam|p2a: Basculegion
|-damage|p2a: Basculegion|0 fnt
|-mustrecharge|p1b: Sylveon
|faint|p2a: Basculegion
|
|-sideend|p1: PYS_Max2|move: Tailwind
|upkeep
|
|t:|1785948196
|switch|p1a: Farigiraf|Farigiraf, L50, F|100/100
|turn|5
|
|t:|1785948206
|move|p2b: Floette|Moonblast|p1b: Sylveon
|-damage|p1b: Sylveon|0 fnt
|faint|p1b: Sylveon
|move|p1a: Farigiraf|Trick Room|p1a: Farigiraf
|-fieldstart|move: Trick Room|[of] p1a: Farigiraf
|
|upkeep
|turn|6
|
|t:|1785948210
|move|p1a: Farigiraf|Psychic|p2b: Floette
|-damage|p2b: Floette|1/100
|move|p2b: Floette|Light of Ruin|p1a: Farigiraf
|-damage|p1a: Farigiraf|8/100
|-enditem|p1a: Farigiraf|Sitrus Berry|[eat]
|-heal|p1a: Farigiraf|33/100|[from] item: Sitrus Berry
|-damage|p2b: Floette|0 fnt|[from] Recoil
|faint|p2b: Floette
|
|win|PYS_Max2
