|j|☆alkdfe
|j|☆JP the president
|html|alkdfeJP the president    
|uhtml|bestof|Game 1 of a best-of-3
|t:|1784594623
|gametype|doubles
|player|p1|alkdfe|elesa|1167
|player|p2|JP the president|steven|1166
|gen|9
|tier|[Gen 9 Champions] VGC 2026 Reg M-B (Bo3)
|rated|
|rule|Species Clause: Limit one of each Pokémon
|rule|Item Clause: Limit 1 of each item
|clearpoke
|poke|p1|Gengar, L50, F|
|poke|p1|Swampert, L50, M|
|poke|p1|Incineroar, L50, M|
|poke|p1|Politoed, L50, M|
|poke|p1|Archaludon, L50, F|
|poke|p1|Vivillon, L50, F|
|poke|p2|Sableye, L50, M, shiny|
|poke|p2|Incineroar, L50, M, shiny|
|poke|p2|Blastoise, L50, M, shiny|
|poke|p2|Charizard, L50, M, shiny|
|poke|p2|Venusaur, L50, M, shiny|
|poke|p2|Garchomp, L50, M|
|teampreview|4
|showteam|p1|Gengar||Gengarite|CursedBody|ShadowBall,PerishSong,SludgeBomb,Protect|Timid||F|||50|]Swampert||Swampertite|Torrent|WaveCrash,Earthquake,IcePunch,Protect|Adamant||M|||50|]Incineroar||PasshoBerry|Intimidate|ThroatChop,PartingShot,FakeOut,Protect|Sassy||M|||50|]Politoed||SitrusBerry|Drizzle|WeatherBall,PerishSong,Encore,Protect|Calm||M|||50|]Archaludon||Leftovers|Stamina|DragonPulse,FlashCannon,ElectroShot,Protect|Bold||F|||50|]Vivillon||FocusSash|CompoundEyes|Hurricane,SleepPowder,RagePowder,Protect|Timid||F|||50|
|showteam|p2|Sableye||FocusSash|Prankster|ThunderWave,Disable,Encore,Quash|Calm||M|||50|]Incineroar||SitrusBerry|Intimidate|FakeOut,FlareBlitz,PartingShot,Protect|Careful||M|||50|]Blastoise||Blastoisinite|Torrent|DarkPulse,Protect,ShellSmash,WaterSpout|Rash||M|||50|]Charizard||CharizarditeY|SolarPower|HeatWave,AncientPower,Protect,SolarBeam|Hasty||M|||50|]Venusaur||Leftovers|Chlorophyll|LeechSeed,SludgeBomb,SleepPowder,Protect|Modest||M|||50|]Garchomp||LifeOrb|RoughSkin|Earthquake,Protect,RockSlide,DragonClaw|Jolly||M|||50|
|inactive|Battle timer is ON: inactive players will automatically lose when time's up. (requested by alkdfe)
|inactive|alkdfe has 60 seconds left.
|
|t:|1784594686
|teamsize|p1|4
|teamsize|p2|4
|start
|switch|p1a: Vivillon|Vivillon, L50, F|100/100
|switch|p1b: Incineroar|Incineroar, L50, M|100/100
|switch|p2a: Sableye|Sableye, L50, M, shiny|100/100
|switch|p2b: Incineroar|Incineroar, L50, M, shiny|100/100
|-ability|p2b: Incineroar|Intimidate|boost
|-unboost|p1a: Vivillon|atk|1
|-unboost|p1b: Incineroar|atk|1
|-ability|p1b: Incineroar|Intimidate|boost
|-unboost|p2a: Sableye|atk|1
|-unboost|p2b: Incineroar|atk|1
|turn|1
|inactive|JP the president has 30 seconds left.
|
|t:|1784594717
|move|p1a: Vivillon|Protect|p1a: Vivillon
|-singleturn|p1a: Vivillon|Protect
|move|p2a: Sableye|Thunder Wave|p1a: Vivillon
|-activate|p1a: Vivillon|move: Protect
|move|p2b: Incineroar|Flare Blitz|p1a: Vivillon
|-activate|p1a: Vivillon|move: Protect
|move|p1b: Incineroar|Throat Chop|p2a: Sableye
|-damage|p2a: Sableye|71/100
|-start|p2a: Sableye|Throat Chop|[silent]
|
|upkeep
|turn|2
|inactive|alkdfe has 30 seconds left.
|inactive|JP the president has 30 seconds left.
|
|t:|1784594747
|move|p2a: Sableye|Thunder Wave|p1a: Vivillon
|-status|p1a: Vivillon|par
|move|p2b: Incineroar|Parting Shot|p1b: Incineroar
|-unboost|p1b: Incineroar|atk|1
|-unboost|p1b: Incineroar|spa|1
|
|t:|1784594756
|switch|p2b: Garchomp|Garchomp, L50, M|100/100|[from] Parting Shot
|move|p1a: Vivillon|Sleep Powder|p2b: Garchomp
|-status|p2b: Garchomp|slp|[from] move: Sleep Powder
|move|p1b: Incineroar|Throat Chop|p2a: Sableye
|-damage|p2a: Sableye|50/100g
|
|-end|p2a: Sableye|Throat Chop|[silent]
|upkeep
|turn|3
|
|t:|1784594778
|move|p2a: Sableye|Disable|p1a: Vivillon
|-start|p1a: Vivillon|Disable|Sleep Powder
|cant|p2b: Garchomp|slp
|move|p1a: Vivillon|Hurricane|p2a: Sableye|[miss]
|-miss|p1a: Vivillon|p2a: Sableye
|move|p1b: Incineroar|Parting Shot|p2b: Garchomp
|-unboost|p2b: Garchomp|atk|1
|-unboost|p2b: Garchomp|spa|1
|
|t:|1784594789
|switch|p1b: Politoed|Politoed, L50, M|100/100|[from] Parting Shot
|-weather|RainDance|[from] ability: Drizzle|[of] p1b: Politoed
|
|-weather|RainDance|[upkeep]
|upkeep
|turn|4
|
|t:|1784594812
|switch|p1a: Incineroar|Incineroar, L50, M|100/100
|-ability|p1a: Incineroar|Intimidate|boost
|-unboost|p2a: Sableye|atk|1
|-unboost|p2b: Garchomp|atk|1
|move|p2a: Sableye|Thunder Wave|p1b: Politoed
|-status|p1b: Politoed|par
|cant|p2b: Garchomp|slp
|move|p1b: Politoed|Weather Ball|p2a: Sableye
|-damage|p2a: Sableye|0 fnt
|faint|p2a: Sableye
|
|-weather|RainDance|[upkeep]
|upkeep
|
|t:|1784594830
|switch|p2a: Lizardo|Charizard, L50, M, shiny|100/100
|turn|5
|inactive|alkdfe has 30 seconds left.
|
|t:|1784594858
|switch|p1b: Gengar|Gengar, L50, F|100/100
|detailschange|p2a: Lizardo|Charizard-Mega-Y, L50, M, shiny
|-mega|p2a: Lizardo|Charizard|Charizardite Y
|-weather|SunnyDay|[from] ability: Drought|[of] p2a: Lizardo
|move|p2a: Lizardo|Protect|p2a: Lizardo
|-singleturn|p2a: Lizardo|Protect
|move|p1a: Incineroar|Fake Out|p2a: Lizardo
|-activate|p2a: Lizardo|move: Protect
|-curestatus|p2b: Garchomp|slp|[msg]
|move|p2b: Garchomp|Rock Slide|p1a: Incineroar|[spread] p1a,p1b
|-supereffective|p1a: Incineroar|1
|-damage|p1a: Incineroar|76/100
|-damage|p1b: Gengar|81/100
|-damage|p2b: Garchomp|90/100|[from] item: Life Orb
|
|-weather|SunnyDay|[upkeep]
|upkeep
|turn|6
|inactive|alkdfe has 30 seconds left.
|inactive|JP the president has 30 seconds left.
|inactive|alkdfe has 20 seconds left.
|inactive|JP the president has 20 seconds left.
|inactive|alkdfe has 15 seconds left.
|inactive|JP the president has 15 seconds left.
|
|t:|1784594902
|switch|p1b: Politoed|Politoed, L50, M|100/100 par
|-weather|RainDance|[from] ability: Drizzle|[of] p1b: Politoed
|move|p2b: Garchomp|Earthquake|p1a: Incineroar|[spread] p1a,p1b
|-immune|p2a: Lizardo
|-supereffective|p1a: Incineroar|1
|-crit|p1a: Incineroar
|-damage|p1a: Incineroar|0 fnt
|-damage|p1b: Politoed|77/100 par
|faint|p1a: Incineroar
|-damage|p2b: Garchomp|80/100|[from] item: Life Orb
|move|p2a: Lizardo|Ancient Power|p1b: Politoed
|-damage|p1b: Politoed|58/100 par
|
|-weather|RainDance|[upkeep]
|upkeep
|
|t:|1784594915
|switch|p1a: Vivillon|Vivillon, L50, F|100/100 par
|turn|7
|
|t:|1784594927
|switch|p2a: Incineroar|Incineroar, L50, M, shiny|100/100
|-ability|p2a: Incineroar|Intimidate|boost
|-unboost|p1a: Vivillon|atk|1
|-unboost|p1b: Politoed|atk|1
|move|p1a: Vivillon|Protect|p1a: Vivillon
|-singleturn|p1a: Vivillon|Protect
|move|p2b: Garchomp|Rock Slide|p1b: Politoed|[spread] 
|-activate|p1a: Vivillon|move: Protect
|-miss|p2b: Garchomp|p1b: Politoed
|cant|p1b: Politoed|par
|
|-weather|RainDance|[upkeep]
|upkeep
|turn|8
|inactive|alkdfe has 30 seconds left.
|inactive|JP the president has 30 seconds left.
|inactive|alkdfe has 20 seconds left.
|
|t:|1784594965
|switch|p2b: Lizardo|Charizard-Mega-Y, L50, M, shiny|100/100
|-weather|SunnyDay|[from] ability: Drought|[of] p2b: Lizardo
|switch|p1b: Gengar|Gengar, L50, F|81/100
|move|p2a: Incineroar|Fake Out|p1b: Gengar
|-immune|p1b: Gengar
|cant|p1a: Vivillon|par
|
|-weather|SunnyDay|[upkeep]
|upkeep
|turn|9
|inactive|alkdfe has 30 seconds left.
|inactive|JP the president has 30 seconds left.
|inactive|JP the president has 20 seconds left.
|
|t:|1784595003
|switch|p1a: Politoed|Politoed, L50, M|58/100 par
|-weather|RainDance|[from] ability: Drizzle|[of] p1a: Politoed
|detailschange|p1b: Gengar|Gengar-Mega, L50, F
|-mega|p1b: Gengar|Gengar|Gengarite
|move|p1b: Gengar|Sludge Bomb|p2b: Lizardo
|-damage|p2b: Lizardo|51/100
|move|p2b: Lizardo|Heat Wave|p1b: Gengar|[spread] p1a,p1b
|-resisted|p1a: Politoed|1
|-damage|p1a: Politoed|50/100g par
|-damage|p1b: Gengar|59/100
|move|p2a: Incineroar|Flare Blitz|p1a: Politoed
|-resisted|p1a: Politoed|1
|-damage|p1a: Politoed|39/100 par
|-enditem|p1a: Politoed|Sitrus Berry|[eat]
|-heal|p1a: Politoed|64/100 par|[from] item: Sitrus Berry
|-damage|p2a: Incineroar|96/100|[from] Recoil
|
|-weather|RainDance|[upkeep]
|upkeep
|turn|10
|inactive|JP the president has 30 seconds left.
|
|t:|1784595034
|move|p1b: Gengar|Protect|p1b: Gengar
|-singleturn|p1b: Gengar|Protect
|move|p2b: Lizardo|Protect|p2b: Lizardo
|-singleturn|p2b: Lizardo|Protect
|move|p2a: Incineroar|Parting Shot|p1b: Gengar
|-activate|p1b: Gengar|move: Protect
|cant|p1a: Politoed|par
|
|-weather|RainDance|[upkeep]
|upkeep
|turn|11
|inactive|alkdfe has 30 seconds left.
|inactive|JP the president has 30 seconds left.
|
|t:|1784595063
|move|p1b: Gengar|Sludge Bomb|p2b: Lizardo
|-damage|p2b: Lizardo|1/100
|-status|p2b: Lizardo|psn
|move|p2b: Lizardo|Ancient Power|p1b: Gengar
|-damage|p1b: Gengar|35/100
|move|p2a: Incineroar|Parting Shot|p1b: Gengar
|-unboost|p1b: Gengar|atk|1
|-unboost|p1b: Gengar|spa|1
|
|t:|1784595077
|switch|p2a: Garchomp|Garchomp, L50, M|80/100|[from] Parting Shot
|cant|p1a: Politoed|par
|
|-weather|RainDance|[upkeep]
|-damage|p2b: Lizardo|0 fnt|[from] psn
|faint|p2b: Lizardo
|upkeep
|
|t:|1784595087
|switch|p2b: Incineroar|Incineroar, L50, M, shiny|96/100
|-ability|p2b: Incineroar|Intimidate|boost
|-unboost|p1a: Politoed|atk|1
|-unboost|p1b: Gengar|atk|1
|turn|12
|
|t:|1784595100
|move|p1a: Politoed|Protect|p1a: Politoed
|-singleturn|p1a: Politoed|Protect
|move|p2b: Incineroar|Fake Out|p1a: Politoed
|-activate|p1a: Politoed|move: Protect
|move|p1b: Gengar|Perish Song|p1b: Gengar
|-start|p1a: Politoed|perish3|[silent]
|-start|p1b: Gengar|perish3|[silent]
|-start|p2a: Garchomp|perish3|[silent]
|-start|p2b: Incineroar|perish3|[silent]
|-fieldactivate|move: Perish Song
|move|p2a: Garchomp|Dragon Claw|p1b: Gengar
|-damage|p1b: Gengar|0 fnt
|faint|p1b: Gengar
|-damage|p2a: Garchomp|70/100|[from] item: Life Orb
|
|-weather|RainDance|[upkeep]
|-start|p2a: Garchomp|perish3
|-start|p2b: Incineroar|perish3
|-start|p1a: Politoed|perish3
|upkeep
|
|t:|1784595115
|switch|p1b: Vivillon|Vivillon, L50, F|100/100 par
|turn|13
|inactive|alkdfe has 30 seconds left.
|inactive|JP the president has 30 seconds left.
|inactive|alkdfe has 20 seconds left.
|
|t:|1784595150
|move|p2a: Garchomp|Rock Slide|p1a: Politoed|[spread] p1a,p1b
|-supereffective|p1b: Vivillon|2
|-damage|p1a: Politoed|40/100 par
|-enditem|p1b: Vivillon|Focus Sash
|-damage|p1b: Vivillon|1/100 par
|-damage|p2a: Garchomp|60/100|[from] item: Life Orb
|move|p2b: Incineroar|Parting Shot|p1a: Politoed
|-unboost|p1a: Politoed|atk|1
|-unboost|p1a: Politoed|spa|1
|cant|p1b: Vivillon|par
|cant|p1a: Politoed|flinch
|
|-weather|none
|-start|p2a: Garchomp|perish2
|-start|p2b: Incineroar|perish2
|-start|p1a: Politoed|perish2
|upkeep
|turn|14
|l|☆JP the president
|inactive|JP the president disconnected and has a minute to reconnect!
|player|p2|
|inactive|JP the president has 30 seconds left.
|j|☆JP the president
|inactive|JP the president reconnected and has 25 seconds left.
|player|p2|JP the president|steven|
|inactive|JP the president has 20 seconds left.
|inactive|JP the president has 15 seconds left.
|inactive|JP the president has 10 seconds left.
|inactive|JP the president has 5 seconds left.
|
|t:|1784595205
|move|p1b: Vivillon|Protect|p1b: Vivillon
|-singleturn|p1b: Vivillon|Protect
|move|p1a: Politoed|Protect|p1a: Politoed
|-singleturn|p1a: Politoed|Protect
|move|p2a: Garchomp|Dragon Claw|p1a: Politoed
|-activate|p1a: Politoed|move: Protect
|move|p2b: Incineroar|Flare Blitz|p1b: Vivillon
|-activate|p1b: Vivillon|move: Protect
|
|-start|p2a: Garchomp|perish1
|-start|p2b: Incineroar|perish1
|-start|p1a: Politoed|perish1
|upkeep
|turn|15
|inactive|JP the president has 30 seconds left this turn.
|inactive|JP the president has 20 seconds left.
|inactive|JP the president has 15 seconds left.
|inactive|JP the president has 10 seconds left.
|inactive|alkdfe has 30 seconds left.
|
|t:|1784595233
|move|p1a: Politoed|Protect||[still]
|-fail|p1a: Politoed
|cant|p1b: Vivillon|par
|move|p2a: Garchomp|Rock Slide|p1a: Politoed|[spread] p1a,p1b
|-supereffective|p1b: Vivillon|2
|-damage|p1a: Politoed|17/100 par
|-damage|p1b: Vivillon|0 fnt
|faint|p1b: Vivillon
|-damage|p2a: Garchomp|50/100g|[from] item: Life Orb
|move|p2b: Incineroar|Flare Blitz|p1a: Politoed
|-resisted|p1a: Politoed|1
|-damage|p1a: Politoed|0 fnt
|faint|p1a: Politoed
|-damage|p2b: Incineroar|90/100|[from] Recoil
|
|win|JP the president
|inactive|alkdfe has 30 seconds to confirm battle start!
|inactive|JP the president has 30 seconds to confirm battle start!
||alkdfe is ready for game 2.
||JP the president is ready for game 2.
|uhtml|next|Next: Game 2 of 3
|l|☆JP the president
|player|p2|
