|j|☆dartsvg
|j|☆Dominicex
|html|dartsvgDominicex    
|uhtml|bestof|Game 3 of a best-of-3
|t:|1782689768
|gametype|doubles
|player|p1|dartsvg|#smogonxnpa2024draftee2|
|player|p2|Dominicex|#smogonxnpa2026draftee|
|gen|9
|tier|[Gen 9 Champions] VGC 2026 Reg M-B (Bo3)
|rule|Species Clause: Limit one of each Pokémon
|rule|Item Clause: Limit 1 of each item
|clearpoke
|poke|p1|Charizard, L50, M|
|poke|p1|Basculegion, L50, M|
|poke|p1|Incineroar, L50, M|
|poke|p1|Sylveon, L50, M|
|poke|p1|Garchomp, L50, M|
|poke|p1|Farigiraf, L50, M|
|poke|p2|Charizard, L50, F|
|poke|p2|Aerodactyl, L50, F|
|poke|p2|Sylveon, L50, F|
|poke|p2|Incineroar, L50, F|
|poke|p2|Garchomp, L50, F|
|poke|p2|Farigiraf, L50, F|
|teampreview|4
|showteam|p1|Charizard||CharizarditeY|Blaze|HeatWave,WeatherBall,SolarBeam,Protect|Modest||M|||50|]Basculegion||MysticWater|Adaptability|WaveCrash,LastRespects,AquaJet,Protect|Adamant||M|||50|]Incineroar||Leftovers|Intimidate|FakeOut,FlareBlitz,DarkestLariat,PartingShot|Careful||M|||50|]Sylveon||FairyFeather|Pixilate|HyperVoice,HyperBeam,QuickAttack,Protect|Modest||M|||50|]Garchomp||LifeOrb|RoughSkin|DragonClaw,RockSlide,Earthquake,Protect|Jolly||M|||50|]Farigiraf||SitrusBerry|ArmorTail|TrickRoom,Psychic,Thunderbolt,HelpingHand|Relaxed||M|||50|
|showteam|p2|Charizard||CharizarditeY|Blaze|WeatherBall,HeatWave,SolarBeam,Protect|Modest||F|||50|]Aerodactyl||FocusSash|Unnerve|RockSlide,Tailwind,WideGuard,Protect|Jolly||F|||50|]Sylveon||FairyFeather|Pixilate|HyperVoice,HyperBeam,Yawn,Detect|Modest||F|||50|]Incineroar||Charcoal|Intimidate|FakeOut,DarkestLariat,FlareBlitz,PartingShot|Adamant||F|||50|]Garchomp||LifeOrb|RoughSkin|Earthquake,StompingTantrum,DragonClaw,Protect|Jolly||F|||50|]Farigiraf||SitrusBerry|ArmorTail|Psychic,HelpingHand,TrickRoom,Protect|Bold||F|||50|
|j|+Radio Free C-Side
|j| val16
|j| koffing413
|j| Nido-Rus
|j|+iPetBigfoot
|j| YKMikuMA
|j| ned04817
|j|+mizuhime
|j| Hasayo
|j| Xrn
|j| Monai
|j|+qsns
|j| Will of urshifu
|l| Will of urshifu
|j| Schister
|j| Will of urshifu
|j| SEA
|l| Will of urshifu
|j| xmarsh
|j| Will of urshifu
|
|t:|1782689859
|teamsize|p1|4
|teamsize|p2|4
|start
|switch|p1a: Garchomp|Garchomp, L50, M|100/100
|switch|p1b: Farigiraf|Farigiraf, L50, M|100/100
|switch|p2a: Charizard|Charizard, L50, F|100/100
|switch|p2b: Incineroar|Incineroar, L50, F|100/100
|-ability|p2b: Incineroar|Intimidate|boost
|-unboost|p1a: Garchomp|atk|1
|-unboost|p1b: Farigiraf|atk|1
|turn|1
|l| koffing413
|j| AIRedzone
|
|t:|1782689896
|switch|p2b: Sylveon|Sylveon, L50, F|100/100
|switch|p1b: Sylveon|Sylveon, L50, M|100/100
|detailschange|p2a: Charizard|Charizard-Mega-Y, L50, F
|-mega|p2a: Charizard|Charizard|Charizardite Y
|-weather|SunnyDay|[from] ability: Drought|[of] p2a: Charizard
|move|p2a: Charizard|Protect|p2a: Charizard
|-singleturn|p2a: Charizard|Protect
|move|p1a: Garchomp|Rock Slide|p2b: Sylveon|[spread] p2b
|-activate|p2a: Charizard|move: Protect
|-damage|p2b: Sylveon|82/100
|-damage|p1a: Garchomp|90/100|[from] item: Life Orb
|
|-weather|SunnyDay|[upkeep]
|upkeep
|turn|2
|l| Xrn
|j| Xrn
|l| AIRedzone
|
|t:|1782689921
|move|p1a: Garchomp|Rock Slide|p2b: Sylveon|[spread] p2a,p2b
|-supereffective|p2a: Charizard|2
|-damage|p2a: Charizard|42/100
|-damage|p2b: Sylveon|65/100
|-damage|p1a: Garchomp|80/100|[from] item: Life Orb
|move|p2a: Charizard|Weather Ball|p1b: Sylveon
|-damage|p1b: Sylveon|33/100
|cant|p2b: Sylveon|flinch
|move|p1b: Sylveon|Hyper Voice|p2a: Charizard|[spread] p2a,p2b
|-resisted|p2a: Charizard|1
|-damage|p2a: Charizard|21/100
|-damage|p2b: Sylveon|25/100
|
|-weather|SunnyDay|[upkeep]
|upkeep
|turn|3
|
|t:|1782689963
|switch|p2a: Incineroar|Incineroar, L50, F|100/100
|-ability|p2a: Incineroar|Intimidate|boost
|-unboost|p1a: Garchomp|atk|1
|-unboost|p1b: Sylveon|atk|1
|move|p1b: Sylveon|Quick Attack|p2b: Sylveon
|-damage|p2b: Sylveon|15/100
|move|p1a: Garchomp|Rock Slide|p2b: Sylveon|[spread] p2b
|-miss|p1a: Garchomp|p2a: Incineroar
|-damage|p2b: Sylveon|3/100
|-damage|p1a: Garchomp|71/100|[from] item: Life Orb
|move|p2b: Sylveon|Hyper Voice|p1b: Sylveon|[spread] p1a,p1b
|-supereffective|p1a: Garchomp|1
|-damage|p1a: Garchomp|0 fnt
|-damage|p1b: Sylveon|0 fnt
|faint|p1a: Garchomp
|faint|p1b: Sylveon
|
|-weather|SunnyDay|[upkeep]
|upkeep
|
|t:|1782689971
|switch|p1a: Farigiraf|Farigiraf, L50, M|100/100
|switch|p1b: Charizard|Charizard, L50, M|100/100
|turn|4
|j|+Smudge
|j| sheepie_sheep
|j| koffing413
|j| BigBackedBlittius
|n| LogIce|bigbackedblittius
|
|t:|1782690015
|detailschange|p1b: Charizard|Charizard-Mega-Y, L50, M
|-mega|p1b: Charizard|Charizard|Charizardite Y
|move|p2b: Sylveon|Detect|p2b: Sylveon
|-singleturn|p2b: Sylveon|Protect
|move|p1b: Charizard|Heat Wave|p2a: Incineroar|[spread] p2a
|-activate|p2b: Sylveon|move: Protect
|-resisted|p2a: Incineroar|1
|-damage|p2a: Incineroar|69/100
|move|p2a: Incineroar|Darkest Lariat|p1b: Charizard
|-damage|p1b: Charizard|56/100
|move|p1a: Farigiraf|Trick Room|p1a: Farigiraf
|-fieldstart|move: Trick Room|[of] p1a: Farigiraf
|
|-weather|SunnyDay|[upkeep]
|upkeep
|turn|5
|j| Thewalraingoats
|l| Thewalraingoats
|
|t:|1782690066
|switch|p2b: Garchomp|Garchomp, L50, F|100/100
|move|p1a: Farigiraf|Psychic|p2b: Garchomp
|-damage|p2b: Garchomp|60/100
|move|p2a: Incineroar|Parting Shot|p1a: Farigiraf
|-unboost|p1a: Farigiraf|atk|1
|-unboost|p1a: Farigiraf|spa|1
|
|t:|1782690083
|switch|p2a: Sylveon|Sylveon, L50, F|3/100|[from] Parting Shot
|move|p1b: Charizard|Weather Ball|p2a: Sylveon
|-damage|p2a: Sylveon|0 fnt
|faint|p2a: Sylveon
|
|-weather|none
|upkeep
|
|t:|1782690090
|switch|p2a: Incineroar|Incineroar, L50, F|69/100
|-ability|p2a: Incineroar|Intimidate|boost
|-unboost|p1a: Farigiraf|atk|1
|-unboost|p1b: Charizard|atk|1
|turn|6
|l| Will of urshifu
|
|t:|1782690115
|move|p2b: Garchomp|Protect|p2b: Garchomp
|-singleturn|p2b: Garchomp|Protect
|move|p1a: Farigiraf|Psychic|p2b: Garchomp
|-activate|p2b: Garchomp|move: Protect
|move|p2a: Incineroar|Darkest Lariat|p1b: Charizard
|-damage|p1b: Charizard|15/100
|move|p1b: Charizard|Heat Wave|p2b: Garchomp|[spread] p2a
|-activate|p2b: Garchomp|move: Protect
|-resisted|p2a: Incineroar|1
|-damage|p2a: Incineroar|49/100
|
|upkeep
|turn|7
|-message|dartsvg forfeited.
|
|win|Dominicex
|c|☆dartsvg|Ggs
|l|+Radio Free C-Side
|l|+qsns
|l| koffing413
|l|☆Dominicex
|player|p2|
|l| val16
|l| ned04817
|j|☆Dominicex
|player|p2|Dominicex|#smogonxnpa2026draftee|
|l|+iPetBigfoot
|j| kunal
|c|☆Dominicex|Ggs
|j| Will of urshifu
|l| xmarsh
|l| LogIce
|l| YKMikuMA
|l| Schister
|l| Will of urshifu
|j| Kenan
|l| Kenan
|j| Schister
|l|☆Dominicex
|player|p2|
|l| kunal
|l|+mizuhime
|l|☆dartsvg
|player|p1|
|l| Monai
|l| Schister
|j|+mizuhime
|j| Abe1254
|l| Abe1254
|j| ned04817
|j| icypenguin604
|l| ned04817
|l| icypenguin604
|l| Xrn
|j| X2Muz
|j| airrevolutionarily
|l| airrevolutionarily
|j| AKhant
|l| AKhant
|l| Hasayo
|j| ned04817
|l| ned04817
|j| val16
