|j|☆robotarmadillo
|j|☆irishshyguy
|html|robotarmadilloirishshyguy    
|uhtml|bestof|Game 2 of a best-of-3
|t:|1782739235
|gametype|doubles
|player|p1|robotarmadillo|hiker-gen4|
|player|p2|irishshyguy|ninjaboy|
|gen|9
|tier|[Gen 9 Champions] VGC 2026 Reg M-B (Bo3)
|rule|Species Clause: Limit one of each Pokémon
|rule|Item Clause: Limit 1 of each item
|clearpoke
|poke|p1|Tyranitar, L50, M|
|poke|p1|Garchomp, L50, M|
|poke|p1|Skarmory, L50, M|
|poke|p1|Meowscarada, L50, F|
|poke|p1|Ditto, L50|
|poke|p1|Alcremie-Rainbow-Swirl, L50, F|
|poke|p2|Sableye, L50, F|
|poke|p2|Gengar, L50, M|
|poke|p2|Ninetales-Alola, L50, F|
|poke|p2|Tauros-Paldea-Aqua, L50, M|
|poke|p2|Samurott-Hisui, L50, F|
|poke|p2|Rhyperior, L50, M|
|teampreview|4
|showteam|p1|Tyranitar||Tyranitarite|SandStream|RockSlide,KnockOff,Superpower,Protect|Adamant||M|||50|]Garchomp||LifeOrb|RoughSkin|Earthquake,DragonClaw,Protect,IronHead|Jolly||M|||50|]Skarmory||ShedShell|Sturdy|Tailwind,BraveBird,IronDefense,BodyPress|Careful||M|||50|]Meowscarada||FocusSash|Protean|KnockOff,FlowerTrick,Protect,ShadowClaw|Jolly||F|||50|]Ditto||ChoiceScarf|Imposter|Transform|Bold|||||50|]Alcremie-Rainbow-Swirl|||AromaVeil|Decorate,DazzlingGleam,HelpingHand,Protect|Calm||F|||50|
|showteam|p2|Sableye||FocusSash|Prankster|FakeOut,Quash,WillOWisp,Protect|Careful||F|||50|]Gengar||Gengarite|CursedBody|PerishSong,Protect,ShadowBall,SludgeBomb|Bold||M|||50|]Ninetales-Alola||LightClay|SnowWarning|AuroraVeil,Protect,Blizzard,Moonblast|Timid||F|||50|]Tauros-Paldea-Aqua||SitrusBerry|Intimidate|WaveCrash,CloseCombat,RagingBull,Protect|Jolly||M|||50|]Samurott-Hisui||Leftovers|Sharpness|CeaselessEdge,RazorShell,AquaJet,Protect|Jolly||F|||50|]Rhyperior||HardStone|SolidRock|HighHorsepower,RockSlide,IcePunch,Protect|Adamant||M|||50|
|
|t:|1782739400
|teamsize|p1|4
|teamsize|p2|4
|start
|switch|p1a: Meowscarada|Meowscarada, L50, F|100/100
|switch|p1b: Skarmory|Skarmory, L50, M|100/100
|switch|p2a: Samurott|Samurott-Hisui, L50, F|100/100
|switch|p2b: Ninetales|Ninetales-Alola, L50, F|100/100
|-weather|Snowscape|[from] ability: Snow Warning|[of] p2b: Ninetales
|turn|1
|
|t:|1782739555
|move|p1a: Meowscarada|Flower Trick|p2a: Samurott
|-start|p1a: Meowscarada|typechange|Grass|[from] ability: Protean
|-supereffective|p2a: Samurott|1
|-crit|p2a: Samurott
|-damage|p2a: Samurott|0 fnt
|faint|p2a: Samurott
|move|p2b: Ninetales|Aurora Veil|p2b: Ninetales
|-sidestart|p2: irishshyguy|move: Aurora Veil
|move|p1b: Skarmory|Tailwind|p1b: Skarmory
|-sidestart|p1: robotarmadillo|move: Tailwind
|
|-weather|Snowscape|[upkeep]
|upkeep
|
|t:|1782739648
|switch|p2a: Gengar|Gengar, L50, M|100/100
|turn|2
|
|t:|1782739787
|switch|p1b: Tyranitar|Tyranitar, L50, M|100/100
|-weather|Sandstorm|[from] ability: Sand Stream|[of] p1b: Tyranitar
|detailschange|p2a: Gengar|Gengar-Mega, L50, M
|-mega|p2a: Gengar|Gengar|Gengarite
|move|p1a: Meowscarada|Knock Off|p2a: Gengar
|-supereffective|p2a: Gengar|1
|-damage|p2a: Gengar|71/100
|move|p2b: Ninetales|Blizzard|p1b: Tyranitar|[spread] p1a,p1b
|-supereffective|p1a: Meowscarada|1
|-damage|p1a: Meowscarada|1/100
|-damage|p1b: Tyranitar|80/100
|move|p2a: Gengar|Sludge Bomb|p1a: Meowscarada
|-supereffective|p1a: Meowscarada|1
|-crit|p1a: Meowscarada
|-damage|p1a: Meowscarada|0 fnt
|faint|p1a: Meowscarada
|
|-weather|Sandstorm|[upkeep]
|-damage|p2b: Ninetales|93/100|[from] Sandstorm
|-damage|p2a: Gengar|65/100|[from] Sandstorm
|upkeep
|
|t:|1782739839
|switch|p1a: Garchomp|Garchomp, L50, M|100/100
|turn|3
|
|t:|1782740009
|detailschange|p1b: Tyranitar|Tyranitar-Mega, L50, M
|-mega|p1b: Tyranitar|Tyranitar|Tyranitarite
|move|p2a: Gengar|Protect|p2a: Gengar
|-singleturn|p2a: Gengar|Protect
|move|p1a: Garchomp|Earthquake|p2a: Gengar|[spread] p1b,p2b
|-activate|p2a: Gengar|move: Protect
|-supereffective|p1b: Tyranitar|1
|-damage|p1b: Tyranitar|11/100
|-damage|p2b: Ninetales|46/100
|-damage|p1a: Garchomp|90/100|[from] item: Life Orb
|move|p1b: Tyranitar|Rock Slide|p2b: Ninetales|[spread] p2b
|-activate|p2a: Gengar|move: Protect
|-supereffective|p2b: Ninetales|1
|-damage|p2b: Ninetales|0 fnt
|faint|p2b: Ninetales
|
|-weather|Sandstorm|[upkeep]
|-damage|p2a: Gengar|59/100|[from] Sandstorm
|upkeep
|
|t:|1782740033
|switch|p2b: Rhyperior|Rhyperior, L50, M|100/100
|turn|4
|
|t:|1782740334
|move|p1a: Garchomp|Earthquake|p2b: Rhyperior|[spread] p1b,p2a,p2b
|-supereffective|p1b: Tyranitar|1
|-supereffective|p2a: Gengar|1
|-supereffective|p2b: Rhyperior|1
|-damage|p1b: Tyranitar|0 fnt
|-damage|p2a: Gengar|0 fnt
|-damage|p2b: Rhyperior|66/100
|faint|p1b: Tyranitar
|faint|p2a: Gengar
|-damage|p1a: Garchomp|80/100|[from] item: Life Orb
|move|p2b: Rhyperior|Ice Punch|p1a: Garchomp
|-supereffective|p1a: Garchomp|2
|-damage|p1a: Garchomp|0 fnt
|-damage|p2b: Rhyperior|54/100|[from] ability: Rough Skin|[of] p1a: Garchomp
|faint|p1a: Garchomp
|
|-weather|Sandstorm|[upkeep]
|-sideend|p1: robotarmadillo|move: Tailwind
|upkeep
|
|t:|1782740354
|switch|p1a: Skarmory|Skarmory, L50, M|100/100
|turn|5
|
|t:|1782740534
|move|p1a: Skarmory|Body Press|p2b: Rhyperior
|-supereffective|p2b: Rhyperior|1
|-damage|p2b: Rhyperior|37/100
|move|p2b: Rhyperior|Rock Slide|p1a: Skarmory
|-damage|p1a: Skarmory|58/100
|
|-weather|Sandstorm|[upkeep]
|upkeep
|turn|6
|
|t:|1782740635
|move|p1a: Skarmory|Body Press|p2b: Rhyperior
|-supereffective|p2b: Rhyperior|1
|-damage|p2b: Rhyperior|21/100
|move|p2b: Rhyperior|Rock Slide|p1a: Skarmory
|-damage|p1a: Skarmory|14/100
|
|-weather|none
|upkeep
|turn|7
|
|t:|1782740733
|move|p1a: Skarmory|Body Press|p2b: Rhyperior
|-supereffective|p2b: Rhyperior|1
|-damage|p2b: Rhyperior|5/100
|move|p2b: Rhyperior|Rock Slide|p1a: Skarmory
|-damage|p1a: Skarmory|0 fnt
|faint|p1a: Skarmory
|
|win|irishshyguy
|inactive|robotarmadillo has 30 seconds to confirm battle start!
|inactive|irishshyguy has 30 seconds to confirm battle start!
||robotarmadillo is ready for game 3.
|inactive|irishshyguy has 20 seconds to confirm battle start!
|inactive|irishshyguy has 10 seconds to confirm battle start!
||irishshyguy is ready for game 3.
|uhtml|next|Next: Game 3 of 3
