|j|☆pm12356
|j|☆AquamarineVGC
|html|pm12356AquamarineVGC    
|uhtml|bestof|Game 2 of a best-of-3
|t:|1784580463
|gametype|doubles
|player|p1|pm12356|102|1107
|player|p2|AquamarineVGC|unknown|1173
|gen|9
|tier|[Gen 9 Champions] VGC 2026 Reg M-B (Bo3)
|rated|
|rule|Species Clause: Limit one of each Pokémon
|rule|Item Clause: Limit 1 of each item
|clearpoke
|poke|p1|Politoed, L50, M|
|poke|p1|Basculegion, L50, M|
|poke|p1|Talonflame, L50, F|
|poke|p1|Eelektross, L50, F|
|poke|p1|Beedrill, L50, F|
|poke|p1|Tsareena, L50, F|
|poke|p2|Pelipper, L50, F|
|poke|p2|Archaludon, L50, F|
|poke|p2|Staraptor, L50, M|
|poke|p2|Glimmora, L50, M|
|poke|p2|Clefable, L50, M|
|poke|p2|Grimmsnarl, L50, M|
|teampreview|4
|showteam|p1|Politoed||MysticWater|Drizzle|WeatherBall,FocusBlast,HelpingHand,Protect|Calm||M|||50|]Basculegion||LifeOrb|SwiftSwim|AquaJet,WaveCrash,LastRespects,Protect|Adamant||M|||50|]Talonflame||FocusSash|GaleWings|Tailwind,BlazeKick,DualWingbeat,Protect|Jolly||F|||50|]Eelektross||Eelektrossite|Levitate|Thunder,Thunderbolt,GigaDrain,Protect|Modest||F|||50|]Beedrill||Beedrillite|Sniper|Uturn,PoisonJab,DrillRun,Protect|Jolly||F|||50|]Tsareena||WideLens|QueenlyMajesty|PowerWhip,KnockOff,HighJumpKick,Uturn|Jolly||F|||50|
|showteam|p2|Pelipper||QuickClaw|Drizzle|Hurricane,WeatherBall,Tailwind,WideGuard|Modest||F|||50|]Archaludon||Leftovers|Stamina|FlashCannon,DragonPulse,ElectroShot,Protect|Modest||F|||50|]Staraptor||Staraptite|Intimidate|BraveBird,CloseCombat,Roost,Protect|Adamant||M|||50|]Glimmora||Glimmoranite|ToxicDebris|PowerGem,SludgeBomb,AcidSpray,SpikyShield|Timid||M|||50|]Clefable||SitrusBerry|Unaware|Moonblast,FollowMe,LifeDew,Protect|Bold||M|||50|]Grimmsnarl||LightClay|Prankster|FoulPlay,Reflect,LightScreen,PartingShot|Calm||M|||50|
|
|t:|1784580499
|teamsize|p1|4
|teamsize|p2|4
|start
|switch|p1a: Talonflame|Talonflame, L50, F|100/100
|switch|p1b: Beedrill|Beedrill, L50, F|100/100
|switch|p2a: Archaludon|Archaludon, L50, F|100/100
|switch|p2b: Grimmsnarl|Grimmsnarl, L50, M|100/100
|turn|1
|
|t:|1784580520
|detailschange|p1b: Beedrill|Beedrill-Mega, L50, F
|-mega|p1b: Beedrill|Beedrill|Beedrillite
|move|p1a: Talonflame|Protect|p1a: Talonflame
|-singleturn|p1a: Talonflame|Protect
|move|p2b: Grimmsnarl|Reflect|p2b: Grimmsnarl
|-sidestart|p2: AquamarineVGC|Reflect
|move|p1b: Beedrill|Poison Jab|p2b: Grimmsnarl
|-supereffective|p2b: Grimmsnarl|1
|-damage|p2b: Grimmsnarl|9/100
|move|p2a: Archaludon|Dragon Pulse|p1b: Beedrill
|-damage|p1b: Beedrill|41/100
|
|upkeep
|turn|2
|
|t:|1784580538
|move|p1a: Talonflame|Dual Wingbeat|p2b: Grimmsnarl|[miss]
|-miss|p1a: Talonflame|p2b: Grimmsnarl
|move|p2b: Grimmsnarl|Parting Shot|p1b: Beedrill
|-unboost|p1b: Beedrill|atk|1
|-unboost|p1b: Beedrill|spa|1
|
|t:|1784580545
|switch|p2b: Pelipper|Pelipper, L50, F|100/100|[from] Parting Shot
|-weather|RainDance|[from] ability: Drizzle|[of] p2b: Pelipper
|move|p1b: Beedrill|Drill Run|p2a: Archaludon
|-supereffective|p2a: Archaludon|1
|-crit|p2a: Archaludon
|-damage|p2a: Archaludon|35/100
|-ability|p2a: Archaludon|Stamina|boost
|-boost|p2a: Archaludon|def|1
|move|p2a: Archaludon|Electro Shot||[still]
|-prepare|p2a: Archaludon|Electro Shot
|-boost|p2a: Archaludon|spa|1
|-anim|p2a: Archaludon|Electro Shot|p1a: Talonflame
|-supereffective|p1a: Talonflame|1
|-enditem|p1a: Talonflame|Focus Sash
|-damage|p1a: Talonflame|1/100
|
|-weather|RainDance|[upkeep]
|-heal|p2a: Archaludon|41/100|[from] item: Leftovers
|upkeep
|turn|3
|
|t:|1784580579
|move|p1b: Beedrill|Poison Jab|p2b: Pelipper
|-damage|p2b: Pelipper|66/100
|move|p1a: Talonflame|Tailwind|p1a: Talonflame
|-sidestart|p1: pm12356|move: Tailwind
|move|p2a: Archaludon|Electro Shot||[still]
|-prepare|p2a: Archaludon|Electro Shot
|-boost|p2a: Archaludon|spa|1
|-anim|p2a: Archaludon|Electro Shot|p1a: Talonflame
|-supereffective|p1a: Talonflame|1
|-damage|p1a: Talonflame|0 fnt
|faint|p1a: Talonflame
|move|p2b: Pelipper|Weather Ball|p1b: Beedrill
|-damage|p1b: Beedrill|0 fnt
|faint|p1b: Beedrill
|
|-weather|RainDance|[upkeep]
|-heal|p2a: Archaludon|48/100|[from] item: Leftovers
|upkeep
|
|t:|1784580584
|switch|p1b: Basculegion|Basculegion, L50, M|100/100
|switch|p1a: Politoed|Politoed, L50, M|100/100
|turn|4
|
|t:|1784580596
|move|p2a: Archaludon|Protect|p2a: Archaludon
|-singleturn|p2a: Archaludon|Protect
|move|p1b: Basculegion|Last Respects|p2b: Pelipper
|-damage|p2b: Pelipper|6/100
|-damage|p1b: Basculegion|90/100|[from] item: Life Orb
|move|p1a: Politoed|Focus Blast|p2a: Archaludon
|-activate|p2a: Archaludon|move: Protect
|move|p2b: Pelipper|Hurricane|p1b: Basculegion
|-damage|p1b: Basculegion|39/100
|
|-weather|RainDance|[upkeep]
|-heal|p2a: Archaludon|54/100|[from] item: Leftovers
|upkeep
|turn|5
|
|t:|1784580629
|move|p1b: Basculegion|Last Respects|p2a: Archaludon
|-damage|p2a: Archaludon|28/100
|-ability|p2a: Archaludon|Stamina|boost
|-boost|p2a: Archaludon|def|1
|-damage|p1b: Basculegion|29/100|[from] item: Life Orb
|move|p1a: Politoed|Focus Blast|p2a: Archaludon
|-supereffective|p2a: Archaludon|1
|-damage|p2a: Archaludon|0 fnt
|faint|p2a: Archaludon
|move|p2b: Pelipper|Hurricane|p1b: Basculegion
|-damage|p1b: Basculegion|0 fnt
|faint|p1b: Basculegion
|
|-weather|RainDance|[upkeep]
|upkeep
|
|t:|1784580645
|switch|p2a: Grimmsnarl|Grimmsnarl, L50, M|9/100
|turn|6
|
|t:|1784580654
|switch|p2b: Clefable|Clefable, L50, M|100/100
|move|p2a: Grimmsnarl|Light Screen|p2a: Grimmsnarl
|-sidestart|p2: AquamarineVGC|move: Light Screen
|move|p1a: Politoed|Weather Ball|p2a: Grimmsnarl
|-damage|p2a: Grimmsnarl|0 fnt
|faint|p2a: Grimmsnarl
|
|-weather|none
|-sideend|p1: pm12356|move: Tailwind
|upkeep
|
|t:|1784580660
|switch|p2a: Pelipper|Pelipper, L50, F|6/100
|-weather|RainDance|[from] ability: Drizzle|[of] p2a: Pelipper
|turn|7
|
|t:|1784580674
|move|p2b: Clefable|Follow Me|p2b: Clefable
|-singleturn|p2b: Clefable|move: Follow Me
|move|p1a: Politoed|Weather Ball|p2b: Clefable
|-damage|p2b: Clefable|56/100
|move|p2a: Pelipper|Hurricane|p1a: Politoed
|-damage|p1a: Politoed|56/100
|
|-weather|RainDance|[upkeep]
|upkeep
|turn|8
|
|t:|1784580693
|move|p2b: Clefable|Follow Me|p2b: Clefable
|-singleturn|p2b: Clefable|move: Follow Me
|move|p1a: Politoed|Weather Ball|p2b: Clefable
|-damage|p2b: Clefable|7/100
|-enditem|p2b: Clefable|Sitrus Berry|[eat]
|-heal|p2b: Clefable|32/100|[from] item: Sitrus Berry
|move|p2a: Pelipper|Hurricane|p1a: Politoed
|-damage|p1a: Politoed|16/100
|-start|p1a: Politoed|confusion
|
|-weather|RainDance|[upkeep]
|-sideend|p2: AquamarineVGC|Reflect
|upkeep
|turn|9
|
|t:|1784580712
|move|p2b: Clefable|Follow Me|p2b: Clefable
|-singleturn|p2b: Clefable|move: Follow Me
|-activate|p1a: Politoed|confusion
|-damage|p1a: Politoed|8/100|[from] confusion
|move|p2a: Pelipper|Hurricane|p1a: Politoed
|-damage|p1a: Politoed|0 fnt
|faint|p1a: Politoed
|
|win|AquamarineVGC
|raw|pm12356's rating: 1107 → 1087(-20 for losing)
|raw|AquamarineVGC's rating: 1173 → 1193(+20 for winning)
|l|☆pm12356
|player|p1|
