|j|☆VGCPancakes
|j|☆naibot2814
|html|VGCPancakesnaibot2814    
|uhtml|bestof|Game 2 of a best-of-3
|t:|1785339895
|gametype|doubles
|player|p1|VGCPancakes|dawn-gen4pt|1282
|player|p2|naibot2814|ghetsis|1339
|gen|9
|tier|[Gen 9 Champions] VGC 2026 Reg M-B (Bo3)
|rated|
|rule|Species Clause: Limit one of each Pokémon
|rule|Item Clause: Limit 1 of each item
|clearpoke
|poke|p1|Tyranitar, L50, M|
|poke|p1|Floette-Eternal, L50, F|
|poke|p1|Garchomp, L50, M|
|poke|p1|Sinistcha, L50|
|poke|p1|Incineroar, L50, F|
|poke|p1|Corviknight, L50, F|
|poke|p2|Incineroar, L50, M|
|poke|p2|Sneasler, L50, M|
|poke|p2|Sinistcha, L50|
|poke|p2|Kingambit, L50, M, shiny|
|poke|p2|Delphox, L50, F|
|poke|p2|Floette-Eternal, L50, F|
|teampreview|4
|showteam|p1|Tyranitar||Tyranitarite|SandStream|Protect,RockSlide,KnockOff,LowKick|Adamant||M|||50|]Floette-Eternal||Floettite|FlowerVeil|Protect,CalmMind,DrainingKiss,DazzlingGleam|Modest||F|||50|]Garchomp||ChoiceScarf|RoughSkin|DragonClaw,RockSlide,RockTomb,StompingTantrum|Adamant||M|||50|]Sinistcha||ColburBerry|Hospitality|MatchaGotcha,TrickRoom,RagePowder,LifeDew|Quiet|||||50|]Incineroar||SitrusBerry|Intimidate|FakeOut,FlareBlitz,ThroatChop,PartingShot|Adamant||F|||50|]Corviknight||Leftovers|MirrorArmor|Tailwind,IronHead,BulkUp,Protect|Careful||F|||50|
|showteam|p2|Incineroar||SitrusBerry|Intimidate|FakeOut,FlareBlitz,DarkestLariat,PartingShot|Careful||M|||50|]Sneasler||FocusSash|PoisonTouch|FakeOut,CloseCombat,PoisonJab,QuickGuard|Jolly||M|||50|]Sinistcha||KasibBerry|Hospitality|MatchaGotcha,TrickRoom,RagePowder,Protect|Bold|||||50|]Kingambit||BlackGlasses|Defiant|KowtowCleave,SuckerPunch,SwordsDance,Protect|Adamant||M|||50|]Delphox||Delphoxite|Blaze|HeatWave,Psyshock,NastyPlot,Protect|Timid||F|||50|]Floette-Eternal||Floettite|FlowerVeil|DrainingKiss,DazzlingGleam,CalmMind,Protect|Modest||F|||50|
|
|t:|1785339916
|teamsize|p1|4
|teamsize|p2|4
|start
|switch|p1a: Tyranitar|Tyranitar, L50, M|100/100
|switch|p1b: Incineroar|Incineroar, L50, F|100/100
|switch|p2a: Delphox|Delphox, L50, F|100/100
|switch|p2b: Sneasler|Sneasler, L50, M|100/100
|-ability|p1b: Incineroar|Intimidate|boost
|-unboost|p2a: Delphox|atk|1
|-unboost|p2b: Sneasler|atk|1
|-weather|Sandstorm|[from] ability: Sand Stream|[of] p1a: Tyranitar
|turn|1
|
|t:|1785339936
|detailschange|p2a: Delphox|Delphox-Mega, L50, F
|-mega|p2a: Delphox|Delphox|Delphoxite
|move|p1a: Tyranitar|Protect|p1a: Tyranitar
|-singleturn|p1a: Tyranitar|Protect
|move|p2b: Sneasler|Fake Out|p1a: Tyranitar
|-activate|p1a: Tyranitar|move: Protect
|move|p2a: Delphox|Nasty Plot|p2a: Delphox
|-boost|p2a: Delphox|spa|2
|move|p1b: Incineroar|Parting Shot|p2a: Delphox
|-unboost|p2a: Delphox|atk|1
|-unboost|p2a: Delphox|spa|1
|
|t:|1785339945
|switch|p1b: Garchomp|Garchomp, L50, M|100/100|[from] Parting Shot
|
|-weather|Sandstorm|[upkeep]
|-damage|p2a: Delphox|93/100|[from] Sandstorm
|-damage|p2b: Sneasler|94/100|[from] Sandstorm
|upkeep
|turn|2
|
|t:|1785339971
|switch|p2b: Incineroar|Incineroar, L50, M|100/100
|-ability|p2b: Incineroar|Intimidate|boost
|-unboost|p1a: Tyranitar|atk|1
|-unboost|p1b: Garchomp|atk|1
|detailschange|p1a: Tyranitar|Tyranitar-Mega, L50, M
|-mega|p1a: Tyranitar|Tyranitar|Tyranitarite
|move|p2a: Delphox|Protect|p2a: Delphox
|-singleturn|p2a: Delphox|Protect
|move|p1b: Garchomp|Stomping Tantrum|p2b: Incineroar
|-supereffective|p2b: Incineroar|1
|-damage|p2b: Incineroar|52/100
|move|p1a: Tyranitar|Rock Slide|p2a: Delphox|[spread] p2b
|-activate|p2a: Delphox|move: Protect
|-supereffective|p2b: Incineroar|1
|-damage|p2b: Incineroar|16/100
|-enditem|p2b: Incineroar|Sitrus Berry|[eat]
|-heal|p2b: Incineroar|41/100|[from] item: Sitrus Berry
|
|-weather|Sandstorm|[upkeep]
|-damage|p2a: Delphox|87/100|[from] Sandstorm
|-damage|p2b: Incineroar|35/100|[from] Sandstorm
|upkeep
|turn|3
|
|t:|1785339987
|switch|p1b: Incineroar|Incineroar, L50, F|100/100
|-ability|p1b: Incineroar|Intimidate|boost
|-unboost|p2a: Delphox|atk|1
|-unboost|p2b: Incineroar|atk|1
|move|p1a: Tyranitar|Protect|p1a: Tyranitar
|-singleturn|p1a: Tyranitar|Protect
|move|p2b: Incineroar|Fake Out|p1a: Tyranitar
|-activate|p1a: Tyranitar|move: Protect
|move|p2a: Delphox|Psyshock|p1b: Incineroar
|-immune|p1b: Incineroar
|
|-weather|Sandstorm|[upkeep]
|-damage|p2a: Delphox|81/100|[from] Sandstorm
|-damage|p1b: Incineroar|94/100|[from] Sandstorm
|-damage|p2b: Incineroar|29/100|[from] Sandstorm
|upkeep
|turn|4
|
|t:|1785339997
|switch|p2b: Sneasler|Sneasler, L50, M|94/100
|move|p2a: Delphox|Protect|p2a: Delphox
|-singleturn|p2a: Delphox|Protect
|move|p1b: Incineroar|Parting Shot|p2b: Sneasler
|-unboost|p2b: Sneasler|atk|1
|-unboost|p2b: Sneasler|spa|1
|
|t:|1785340003
|switch|p1b: Garchomp|Garchomp, L50, M|100/100|[from] Parting Shot
|move|p1a: Tyranitar|Rock Slide|p2b: Sneasler|[spread] p2b
|-activate|p2a: Delphox|move: Protect
|-resisted|p2b: Sneasler|1
|-damage|p2b: Sneasler|74/100
|
|-weather|Sandstorm|[upkeep]
|-damage|p2a: Delphox|75/100|[from] Sandstorm
|-damage|p2b: Sneasler|68/100|[from] Sandstorm
|upkeep
|turn|5
|
|t:|1785340013
|switch|p2b: Incineroar|Incineroar, L50, M|29/100
|-ability|p2b: Incineroar|Intimidate|boost
|-unboost|p1a: Tyranitar|atk|1
|-unboost|p1b: Garchomp|atk|1
|move|p1b: Garchomp|Stomping Tantrum|p2b: Incineroar
|-supereffective|p2b: Incineroar|1
|-damage|p2b: Incineroar|0 fnt
|faint|p2b: Incineroar
|move|p2a: Delphox|Psyshock|p1b: Garchomp
|-damage|p1b: Garchomp|24/100
|move|p1a: Tyranitar|Rock Slide|p2a: Delphox
|-supereffective|p2a: Delphox|1
|-damage|p2a: Delphox|10/100
|
|-weather|none
|upkeep
|
|t:|1785340021
|switch|p2b: Sinistcha|Sinistcha, L50|100/100
|-heal|p2a: Delphox|35/100|[from] ability: Hospitality|[of] p2b: Sinistcha
|turn|6
|
|t:|1785340042
|switch|p1b: Incineroar|Incineroar, L50, F|94/100
|-ability|p1b: Incineroar|Intimidate|boost
|-unboost|p2a: Delphox|atk|1
|-unboost|p2b: Sinistcha|atk|1
|switch|p2a: Sneasler|Sneasler, L50, M|68/100
|move|p1a: Tyranitar|Rock Slide|p2b: Sinistcha|[spread] p2a,p2b
|-resisted|p2a: Sneasler|1
|-crit|p2b: Sinistcha
|-damage|p2a: Sneasler|52/100
|-damage|p2b: Sinistcha|59/100
|move|p2b: Sinistcha|Matcha Gotcha|p1a: Tyranitar|[spread] p1a,p1b
|-supereffective|p1a: Tyranitar|1
|-resisted|p1b: Incineroar|1
|-damage|p1a: Tyranitar|64/100
|-heal|p2b: Sinistcha|79/100|[from] drain|[of] p1a: Tyranitar
|-damage|p1b: Incineroar|82/100
|-heal|p2b: Sinistcha|86/100|[from] drain|[of] p1b: Incineroar
|-status|p1a: Tyranitar|brn
|
|-damage|p1a: Tyranitar|58/100 brn|[from] brn
|upkeep
|turn|7
|
|t:|1785340069
|move|p1b: Incineroar|Fake Out|p2a: Sneasler
|-damage|p2a: Sneasler|33/100
|cant|p2a: Sneasler|flinch
|move|p1a: Tyranitar|Knock Off|p2b: Sinistcha
|-supereffective|p2b: Sinistcha|1
|-damage|p2b: Sinistcha|61/100
|-enditem|p2b: Sinistcha|Kasib Berry|[from] move: Knock Off|[of] p1a: Tyranitar
|move|p2b: Sinistcha|Matcha Gotcha|p1b: Incineroar|[spread] p1a
|-miss|p2b: Sinistcha|p1b: Incineroar
|-supereffective|p1a: Tyranitar|1
|-damage|p1a: Tyranitar|24/100 brn
|-heal|p2b: Sinistcha|80/100|[from] drain|[of] p1a: Tyranitar
|
|-damage|p1a: Tyranitar|18/100 brn|[from] brn
|upkeep
|turn|8
|
|t:|1785340082
|switch|p1b: Sinistcha|Sinistcha, L50|100/100
|-heal|p1a: Tyranitar|43/100 brn|[from] ability: Hospitality|[of] p1b: Sinistcha
|move|p1a: Tyranitar|Protect|p1a: Tyranitar
|-singleturn|p1a: Tyranitar|Protect
|move|p2a: Sneasler|Close Combat|p1b: Sinistcha
|-immune|p1b: Sinistcha
|move|p2b: Sinistcha|Matcha Gotcha|p1a: Tyranitar|[spread] p1b
|-activate|p1a: Tyranitar|move: Protect
|-resisted|p1b: Sinistcha|1
|-crit|p1b: Sinistcha
|-damage|p1b: Sinistcha|81/100
|-heal|p2b: Sinistcha|89/100|[from] drain|[of] p1b: Sinistcha
|-status|p1b: Sinistcha|brn
|
|-damage|p1a: Tyranitar|37/100 brn|[from] brn
|-damage|p1b: Sinistcha|75/100 brn|[from] brn
|upkeep
|turn|9
|
|t:|1785340092
|switch|p1a: Incineroar|Incineroar, L50, F|82/100
|-ability|p1a: Incineroar|Intimidate|boost
|-unboost|p2a: Sneasler|atk|1
|-unboost|p2b: Sinistcha|atk|1
|move|p1b: Sinistcha|Rage Powder|p1b: Sinistcha
|-singleturn|p1b: Sinistcha|move: Rage Powder
|move|p2a: Sneasler|Poison Jab|p1b: Sinistcha
|-damage|p1b: Sinistcha|50/100g brn
|move|p2b: Sinistcha|Matcha Gotcha|p1a: Incineroar|[spread] p1a,p1b
|-resisted|p1a: Incineroar|1
|-resisted|p1b: Sinistcha|1
|-damage|p1a: Incineroar|71/100
|-heal|p2b: Sinistcha|96/100|[from] drain|[of] p1a: Incineroar
|-damage|p1b: Sinistcha|38/100 brn
|-heal|p2b: Sinistcha|100/100|[from] drain|[of] p1b: Sinistcha
|
|-damage|p1b: Sinistcha|32/100 brn|[from] brn
|upkeep
|turn|10
|
|t:|1785340112
|switch|p2a: Delphox|Delphox-Mega, L50, F|35/100
|move|p1a: Incineroar|Fake Out|p2a: Delphox
|-damage|p2a: Delphox|19/100
|move|p2b: Sinistcha|Matcha Gotcha|p1b: Sinistcha|[spread] p1a,p1b
|-resisted|p1a: Incineroar|1
|-resisted|p1b: Sinistcha|1
|-damage|p1a: Incineroar|61/100
|-damage|p1b: Sinistcha|21/100 brn
|move|p1b: Sinistcha|Matcha Gotcha|p2a: Delphox|[spread] p2b
|-miss|p1b: Sinistcha|p2a: Delphox
|-resisted|p2b: Sinistcha|1
|-damage|p2b: Sinistcha|86/100
|-heal|p1b: Sinistcha|28/100 brn|[from] drain|[of] p2b: Sinistcha
|
|-damage|p1b: Sinistcha|22/100 brn|[from] brn
|upkeep
|turn|11
|
|t:|1785340130
|switch|p1b: Tyranitar|Tyranitar-Mega, L50, M|37/100 brn
|-weather|Sandstorm|[from] ability: Sand Stream|[of] p1b: Tyranitar
|move|p2b: Sinistcha|Rage Powder|p2b: Sinistcha
|-singleturn|p2b: Sinistcha|move: Rage Powder
|move|p2a: Delphox|Heat Wave|p1a: Incineroar|[spread] p1a,p1b
|-resisted|p1a: Incineroar|1
|-resisted|p1b: Tyranitar|1
|-damage|p1a: Incineroar|43/100
|-damage|p1b: Tyranitar|26/100 brn
|-enditem|p1a: Incineroar|Sitrus Berry|[eat]
|-heal|p1a: Incineroar|67/100|[from] item: Sitrus Berry
|move|p1a: Incineroar|Flare Blitz|p2b: Sinistcha
|-supereffective|p2b: Sinistcha|1
|-damage|p2b: Sinistcha|0 fnt
|faint|p2b: Sinistcha
|-damage|p1a: Incineroar|42/100|[from] Recoil
|
|-weather|Sandstorm|[upkeep]
|-damage|p2a: Delphox|13/100|[from] Sandstorm
|-damage|p1a: Incineroar|36/100|[from] Sandstorm
|-damage|p1b: Tyranitar|20/100y brn|[from] brn
|upkeep
|
|t:|1785340134
|switch|p2b: Sneasler|Sneasler, L50, M|33/100
|turn|12
|-message|naibot2814 forfeited.
|
|win|VGCPancakes
|l|☆naibot2814
|player|p2|
||naibot2814 is ready for game 3.
|inactive|VGCPancakes has 30 seconds to confirm battle start!
||VGCPancakes is ready for game 3.
|uhtml|next|Next: Game 3 of 3
|l|☆VGCPancakes
|player|p1|
|j|☆naibot2814
|player|p2|naibot2814|ghetsis|
