|j|☆doingVGCthings
|j|☆randomguy1114s
|html|doingVGCthingsrandomguy1114s    
|uhtml|bestof|Game 1 of a best-of-3
|t:|1756843428
|gametype|doubles
|player|p1|doingVGCthings|swimmer-gen4dp|1208
|player|p2|randomguy1114s|lillie-masters|1157
|gen|9
|tier|[Gen 9] VGC 2025 Reg H (Bo3)
|rated|
|rule|Species Clause: Limit one of each Pokémon
|rule|Item Clause: Limit 1 of each item
|clearpoke
|poke|p1|Volcarona, L50, M|
|poke|p1|Electabuzz, L50, F|
|poke|p1|Sneasler, L50, F|
|poke|p1|Rillaboom, L50, M|
|poke|p1|Dragonite, L50, F|
|poke|p1|Annihilape, L50, M|
|poke|p2|Garchomp, L50, F|
|poke|p2|Kingambit, L50, M|
|poke|p2|Sneasler, L50, F|
|poke|p2|Talonflame, L50, F|
|poke|p2|Primarina, L50, M|
|poke|p2|Sinistcha, L50|
|teampreview|4
|showteam|p1|Volcarona||CovertCloak|FlameBody|Protect,HeatWave,TeraBlast,QuiverDance|||M|||50|,,,,,Fairy]Electabuzz||Eviolite|VitalSpirit|Protect,Thunderbolt,Taunt,FollowMe|||F|||50|,,,,,Ghost]Sneasler||FocusSash|Unburden|Protect,DireClaw,CloseCombat,Coaching|||F|||50|,,,,,Stellar]Rillaboom||AssaultVest|GrassySurge|WoodHammer,GrassyGlide,HighHorsepower,FakeOut|||M|||50|,,,,,Fire]Dragonite||LoadedDice|Multiscale|Protect,ScaleShot,ExtremeSpeed,Haze|||F|||50|,,,,,Normal]Annihilape||SafetyGoggles|Defiant|Protect,RageFist,DrainPunch,BulkUp|||M|||50|,,,,,Water
|showteam|p2|Garchomp||LifeOrb|RoughSkin|Earthquake,DragonClaw,StompingTantrum,Protect|||F|||50|,,,,,Steel]Kingambit||SafetyGoggles|Defiant|SuckerPunch,SwordsDance,KowtowCleave,Protect|||M|||50|,,,,,Dark]Sneasler||FocusSash|Unburden|CloseCombat,DireClaw,FakeOut,Protect|||F|||50|,,,,,Stellar]Talonflame||ClearAmulet|GaleWings|DualWingbeat,Tailwind,Uturn,Protect|||F|||50|,,,,,Ghost]Primarina||ThroatSpray|LiquidVoice|Haze,HyperVoice,Moonblast,Protect|||M|||50|,,,,,Poison]Sinistcha||MentalHerb|Hospitality|RagePowder,TrickRoom,MatchaGotcha,Protect||||||50|,,,,,Water
|inactive|Battle timer is ON: inactive players will automatically lose when time's up. (requested by doingVGCthings)
|inactive|doingVGCthings has 60 seconds left.
|
|t:|1756843483
|teamsize|p1|4
|teamsize|p2|4
|start
|switch|p1a: Dragonite|Dragonite, L50, F|100/100
|switch|p1b: Rillaboom|Rillaboom, L50, M|100/100
|switch|p2a: Talonflame|Talonflame, L50, F, shiny|100/100
|switch|p2b: Garchomp|Garchomp, L50, F, shiny|100/100
|-fieldstart|move: Grassy Terrain|[from] ability: Grassy Surge|[of] p1b: Rillaboom
|turn|1
|inactive|randomguy1114s has 30 seconds left.
|
|t:|1756843516
|-terastallize|p1a: Dragonite|Normal
|move|p2a: Talonflame|Protect|p2a: Talonflame
|-singleturn|p2a: Talonflame|Protect
|move|p2b: Garchomp|Protect|p2b: Garchomp
|-singleturn|p2b: Garchomp|Protect
|move|p1b: Rillaboom|Fake Out|p2a: Talonflame
|-activate|p2a: Talonflame|move: Protect
|move|p1a: Dragonite|Extreme Speed|p2a: Talonflame
|-activate|p2a: Talonflame|move: Protect
|
|upkeep
|turn|2
|
|t:|1756843537
|-terastallize|p2a: Talonflame|Ghost
|move|p1a: Dragonite|Extreme Speed|p2b: Garchomp
|-damage|p2b: Garchomp|56/100
|-damage|p1a: Dragonite|88/100|[from] ability: Rough Skin|[of] p2b: Garchomp
|move|p2a: Talonflame|Dual Wingbeat|p1b: Rillaboom|[miss]
|-miss|p2a: Talonflame|p1b: Rillaboom
|move|p2b: Garchomp|Dragon Claw|p1b: Rillaboom
|-damage|p1b: Rillaboom|50/100
|-damage|p2b: Garchomp|46/100|[from] item: Life Orb
|move|p1b: Rillaboom|Wood Hammer|p2b: Garchomp
|-damage|p2b: Garchomp|0 fnt
|-damage|p1b: Rillaboom|38/100|[from] ability: Rough Skin|[of] p2b: Garchomp
|faint|p2b: Garchomp
|-damage|p1b: Rillaboom|24/100|[from] Recoil
|
|-heal|p1a: Dragonite|94/100|[from] Grassy Terrain
|-heal|p1b: Rillaboom|30/100|[from] Grassy Terrain
|upkeep
|
|t:|1756843551
|switch|p2b: Sneasler|Sneasler, L50, F, shiny|100/100
|turn|3
|
|t:|1756843565
|move|p1a: Dragonite|Protect|p1a: Dragonite
|-singleturn|p1a: Dragonite|Protect
|move|p2b: Sneasler|Fake Out|p1a: Dragonite
|-activate|p1a: Dragonite|move: Protect
|move|p2a: Talonflame|Dual Wingbeat|p1b: Rillaboom
|-supereffective|p1b: Rillaboom
|-damage|p1b: Rillaboom|0 fnt
|faint|p1b: Rillaboom
|-hitcount|p1: Rillaboom|1
|
|-heal|p1a: Dragonite|99/100|[from] Grassy Terrain
|upkeep
|
|t:|1756843578
|switch|p1b: Sneasler|Sneasler, L50, F|100/100
|turn|4
|
|t:|1756843589
|move|p1a: Dragonite|Extreme Speed|p2b: Sneasler
|-damage|p2b: Sneasler|22/100
|move|p2a: Talonflame|Dual Wingbeat|p1b: Sneasler
|-supereffective|p1b: Sneasler
|-damage|p1b: Sneasler|49/100
|-supereffective|p1b: Sneasler
|-damage|p1b: Sneasler|0 fnt
|faint|p1b: Sneasler
|-hitcount|p1: Sneasler|2
|move|p2b: Sneasler|Close Combat|p1a: Dragonite
|-supereffective|p1a: Dragonite
|-damage|p1a: Dragonite|0 fnt
|-unboost|p2b: Sneasler|def|1
|-unboost|p2b: Sneasler|spd|1
|faint|p1a: Dragonite
|
|-heal|p2b: Sneasler|27/100|[from] Grassy Terrain
|upkeep
|
|t:|1756843606
|switch|p1a: Volcarona|Volcarona, L50, M|100/100
|turn|5
|
|t:|1756843611
|move|p2a: Talonflame|Dual Wingbeat|p1a: Volcarona
|-supereffective|p1a: Volcarona
|-crit|p1a: Volcarona
|-damage|p1a: Volcarona|43/100
|-supereffective|p1a: Volcarona
|-damage|p1a: Volcarona|6/100
|-hitcount|p1a: Volcarona|2
|move|p2b: Sneasler|Dire Claw|p1a: Volcarona
|-damage|p1a: Volcarona|0 fnt
|faint|p1a: Volcarona
|
|win|randomguy1114s
||doingVGCthings is ready for game 2.
||randomguy1114s is ready for game 2.
|uhtml|next|Next: Game 2 of 3
|l|☆doingVGCthings
|player|p1|
