|j|☆screwsalesman
|j|☆hondo civic
|html|screwsalesmanhondo civic    
|uhtml|bestof|Game 1 of a best-of-3
|t:|1756611806
|gametype|doubles
|player|p1|screwsalesman|102|1264
|player|p2|hondo civic|2|1374
|gen|9
|tier|[Gen 9] VGC 2025 Reg H (Bo3)
|rated|
|rule|Species Clause: Limit one of each Pokémon
|rule|Item Clause: Limit 1 of each item
|clearpoke
|poke|p1|Porygon2, L50|
|poke|p1|Incineroar, L50, M|
|poke|p1|Ursaluna, L50, M|
|poke|p1|Jumpluff, L50, M|
|poke|p1|Charizard, L50, F|
|poke|p1|Torkoal, L50, F|
|poke|p2|Ninetales-Alola, L50, F|
|poke|p2|Rillaboom, L50, F|
|poke|p2|Magmar, L50, F|
|poke|p2|Sneasler, L50, M|
|poke|p2|Kingambit, L50, F|
|poke|p2|Basculegion, L50, M|
|teampreview|4
|showteam|p1|Porygon2||Eviolite|Download|TeraBlast,IceBeam,TrickRoom,Recover||||||50|,,,,,Fighting]Incineroar||SitrusBerry|Intimidate|FakeOut,KnockOff,FlareBlitz,PartingShot|||M|||50|,,,,,Ghost]Ursaluna||FlameOrb|Guts|HeadlongRush,Facade,Earthquake,Protect|||M|||50|,,,,,Ghost]Jumpluff||CovertCloak|Chlorophyll|RagePowder,SunnyDay,Tailwind,SleepPowder|||M|||50|,,,,,Water]Charizard||ChoiceSpecs|SolarPower|HeatWave,Overheat,WeatherBall,DragonPulse|||F|||50|,,,,,Ghost]Torkoal||EjectPack|Drought|Overheat,Eruption,HelpingHand,Protect|||F|||50|,,,,,Fire
|showteam|p2|Ninetales-Alola||LifeOrb|SnowWarning|Blizzard,FreezeDry,Encore,Protect|||F|||50|,,,,,Ghost]Rillaboom||AssaultVest|GrassySurge|WoodHammer,FakeOut,Uturn,GrassyGlide|||F|||50|,,,,,Ghost]Magmar||Eviolite|VitalSpirit|Protect,HeatWave,Taunt,FollowMe|||F|||50|,,,,,Ghost]Sneasler||FocusSash|PoisonTouch|FakeOut,DireClaw,CloseCombat,Protect|||M|||50|,,,,,Ghost]Kingambit||BlackGlasses|Defiant|KowtowCleave,SwordsDance,SuckerPunch,Protect|||F|||50|,,,,,Fire]Basculegion||ChoiceScarf|Adaptability|WaveCrash,FlipTurn,TeraBlast,LastRespects|||M|||50|,,,,,Fairy
|inactive|Battle timer is ON: inactive players will automatically lose when time's up. (requested by screwsalesman)
|
|t:|1756611834
|teamsize|p1|4
|teamsize|p2|4
|start
|switch|p1a: Ursaluna|Ursaluna, L50, M|100/100
|switch|p1b: Jumpluff|Jumpluff, L50, M|100/100
|switch|p2a: Magmar|Magmar, L50, F|100/100
|switch|p2b: Rillaboom|Rillaboom, L50, F|100/100
|-fieldstart|move: Grassy Terrain|[from] ability: Grassy Surge|[of] p2b: Rillaboom
|turn|1
|
|t:|1756611853
|switch|p1b: Incineroar|Incineroar, L50, M|100/100
|-ability|p1b: Incineroar|Intimidate|boost
|-unboost|p2a: Magmar|atk|1
|-unboost|p2b: Rillaboom|atk|1
|move|p1a: Ursaluna|Protect|p1a: Ursaluna
|-singleturn|p1a: Ursaluna|Protect
|move|p2a: Magmar|Taunt|p1b: Incineroar
|-start|p1b: Incineroar|move: Taunt
|move|p2b: Rillaboom|U-turn|p1b: Incineroar
|-damage|p1b: Incineroar|85/100
|
|t:|1756611861
|switch|p2b: Sneasler|Sneasler, L50, M|100/100|[from] U-turn
|
|-heal|p1b: Incineroar|91/100|[from] Grassy Terrain
|-status|p1a: Ursaluna|brn|[from] item: Flame Orb
|upkeep
|turn|2
|
|t:|1756611873
|switch|p1b: Jumpluff|Jumpluff, L50, M|100/100
|-terastallize|p2b: Sneasler|Ghost
|-terastallize|p1a: Ursaluna|Ghost
|move|p2a: Magmar|Protect|p2a: Magmar
|-singleturn|p2a: Magmar|Protect
|move|p2b: Sneasler|Close Combat|p1b: Jumpluff
|-resisted|p1b: Jumpluff
|-damage|p1b: Jumpluff|64/100
|-unboost|p2b: Sneasler|def|1
|-unboost|p2b: Sneasler|spd|1
|move|p1a: Ursaluna|Earthquake|p2a: Magmar|[spread] p2b
|-activate|p2a: Magmar|move: Protect
|-immune|p1b: Jumpluff
|-damage|p2b: Sneasler|9/100
|
|-heal|p2b: Sneasler|15/100|[from] Grassy Terrain
|-damage|p1a: Ursaluna|95/100 brn|[from] brn
|upkeep
|turn|3
|inactive|screwsalesman has 30 seconds left.
|
|t:|1756611903
|switch|p1b: Incineroar|Incineroar, L50, M|91/100
|-ability|p1b: Incineroar|Intimidate|boost
|-unboost|p2a: Magmar|atk|1
|-unboost|p2b: Sneasler|atk|1
|switch|p2a: Rillaboom|Rillaboom, L50, F|100/100
|move|p2b: Sneasler|Dire Claw|p1b: Incineroar
|-damage|p1b: Incineroar|66/100
|-status|p1b: Incineroar|par
|move|p1a: Ursaluna|Facade|p2a: Rillaboom
|-damage|p2a: Rillaboom|0 fnt
|faint|p2a: Rillaboom
|
|-heal|p2b: Sneasler|20/100|[from] Grassy Terrain
|-heal|p1a: Ursaluna|100/100 brn|[from] Grassy Terrain
|-heal|p1b: Incineroar|72/100 par|[from] Grassy Terrain
|-damage|p1a: Ursaluna|95/100 brn|[from] brn
|upkeep
|
|t:|1756611909
|switch|p2a: Kingambit|Kingambit, L50, F, shiny|100/100
|turn|4
|inactive|screwsalesman has 30 seconds left.
|
|t:|1756611937
|move|p2a: Kingambit|Protect|p2a: Kingambit
|-singleturn|p2a: Kingambit|Protect
|move|p1a: Ursaluna|Protect|p1a: Ursaluna
|-singleturn|p1a: Ursaluna|Protect
|move|p2b: Sneasler|Dire Claw|p1b: Incineroar
|-damage|p1b: Incineroar|45/100 par
|-enditem|p1b: Incineroar|Sitrus Berry|[eat]
|-heal|p1b: Incineroar|70/100 par|[from] item: Sitrus Berry
|move|p1b: Incineroar|Parting Shot|p2b: Sneasler
|-unboost|p2b: Sneasler|atk|1
|-unboost|p2b: Sneasler|spa|1
|
|t:|1756611948
|switch|p1b: Jumpluff|Jumpluff, L50, M|64/100|[from] Parting Shot
|
|-heal|p2b: Sneasler|26/100|[from] Grassy Terrain
|-heal|p1a: Ursaluna|100/100 brn|[from] Grassy Terrain
|-damage|p1a: Ursaluna|95/100 brn|[from] brn
|upkeep
|turn|5
|
|t:|1756611958
|move|p1b: Jumpluff|Rage Powder|p1b: Jumpluff
|-singleturn|p1b: Jumpluff|move: Rage Powder
|move|p2a: Kingambit|Sucker Punch||[still]
|-fail|p2a: Kingambit
|move|p2b: Sneasler|Dire Claw|p1b: Jumpluff
|-supereffective|p1b: Jumpluff
|-crit|p1b: Jumpluff
|-damage|p1b: Jumpluff|0 fnt
|faint|p1b: Jumpluff
|move|p1a: Ursaluna|Headlong Rush|p2a: Kingambit
|-supereffective|p2a: Kingambit
|-damage|p2a: Kingambit|0 fnt
|-unboost|p1a: Ursaluna|def|1
|-unboost|p1a: Ursaluna|spd|1
|faint|p2a: Kingambit
|
|-heal|p2b: Sneasler|32/100|[from] Grassy Terrain
|-heal|p1a: Ursaluna|100/100 brn|[from] Grassy Terrain
|-damage|p1a: Ursaluna|95/100 brn|[from] brn
|-fieldend|move: Grassy Terrain
|upkeep
|-message|hondo civic forfeited.
|
|win|screwsalesman
||hondo civic is ready for game 2.
||hondo civic is ready for game 2.
||screwsalesman is ready for game 2.
|uhtml|next|Next: Game 2 of 3
|l|☆hondo civic
|player|p2|
