|j|☆Yinobo
|j|☆Anazawa Nizimi
|html|YinoboAnazawa Nizimi    
|uhtml|bestof|Game 1 of a best-of-3
|t:|1785943920
|gametype|doubles
|player|p1|Yinobo|lucas|1238
|player|p2|Anazawa Nizimi|2|1321
|gen|9
|tier|[Gen 9 Champions] VGC 2026 Reg M-B (Bo3)
|rated|
|rule|Species Clause: Limit one of each Pokémon
|rule|Item Clause: Limit 1 of each item
|clearpoke
|poke|p1|Charizard, L50, M, shiny|
|poke|p1|Garchomp, L50, M, shiny|
|poke|p1|Sylveon, L50, M, shiny|
|poke|p1|Incineroar, L50, M, shiny|
|poke|p1|Toxapex, L50, F, shiny|
|poke|p1|Venusaur, L50, M, shiny|
|poke|p2|Floette-Eternal, L50, F|
|poke|p2|Kingambit, L50, F|
|poke|p2|Sneasler, L50, F|
|poke|p2|Garchomp, L50, M|
|poke|p2|Incineroar, L50, M|
|poke|p2|Sinistcha, L50|
|teampreview|4
|showteam|p1|Charizard||CharizarditeY|Blaze|Protect,WeatherBall,AncientPower,HeatWave|Modest||M|||50|]Garchomp||ChoiceScarf|RoughSkin|StompingTantrum,RockSlide,Earthquake,DragonClaw|Adamant||M|||50|]Sylveon||FairyFeather|Pixilate|Detect,Yawn,QuickAttack,HyperVoice|Modest||M|||50|]Incineroar||SitrusBerry|Intimidate|FlareBlitz,PartingShot,DarkestLariat,FakeOut|Impish||M|||50|]Toxapex||Leftovers|Regenerator|BanefulBunker,WideGuard,Toxic,Infestation|Bold||F|||50|]Venusaur||LifeOrb|Chlorophyll|Protect,EarthPower,SludgeBomb,LeafStorm|Modest||M|||50|
|showteam|p2|Floette-Eternal||Floettite|FlowerVeil|DrainingKiss,DazzlingGleam,CalmMind,Protect|Timid||F|||50|]Kingambit||ChopleBerry|Defiant|KowtowCleave,SuckerPunch,IronHead,Protect|Adamant||F|||50|]Sneasler||FocusSash|PoisonTouch|PoisonJab,CloseCombat,FakeOut,Coaching|Jolly||F|||50|]Garchomp||Garchompite|RoughSkin|RockSlide,DragonClaw,StompingTantrum,Protect|Jolly||M|||50|]Incineroar||Leftovers|Intimidate|FakeOut,FlareBlitz,HelpingHand,PartingShot|Sassy||M|||50|]Sinistcha||SitrusBerry|Hospitality|MatchaGotcha,RagePowder,TrickRoom,Protect|Bold|||||50|
|inactive|Battle timer is ON: inactive players will automatically lose when time's up. (requested by Yinobo)
|inactive|Yinobo has 60 seconds left.
|inactive|Anazawa Nizimi has 60 seconds left.
|inactive|Yinobo has 30 seconds left.
|inactive|Anazawa Nizimi has 30 seconds left.
|inactive|Yinobo has 20 seconds left.
|inactive|Anazawa Nizimi has 20 seconds left.
|inactive|Yinobo has 15 seconds left.
|inactive|Anazawa Nizimi has 15 seconds left.
|
|t:|1785944000
|teamsize|p1|4
|teamsize|p2|4
|start
|switch|p1a: Toxapex|Toxapex, L50, F, shiny|100/100
|switch|p1b: Charizard|Charizard, L50, M, shiny|100/100
|switch|p2a: Incineroar|Incineroar, L50, M|100/100
|switch|p2b: Garchomp|Garchomp, L50, M|100/100
|-ability|p2a: Incineroar|Intimidate|boost
|-unboost|p1a: Toxapex|atk|1
|-unboost|p1b: Charizard|atk|1
|turn|1
|inactive|Yinobo has 30 seconds left.
|inactive|Anazawa Nizimi has 30 seconds left.
|inactive|Anazawa Nizimi has 20 seconds left.
|inactive|Anazawa Nizimi has 15 seconds left.
|inactive|Anazawa Nizimi has 10 seconds left.
|inactive|Anazawa Nizimi has 5 seconds left.
|
|t:|1785944054
|detailschange|p2b: Garchomp|Garchomp-Mega, L50, M
|-mega|p2b: Garchomp|Garchomp|Garchompite
|move|p1b: Charizard|Protect|p1b: Charizard
|-singleturn|p1b: Charizard|Protect
|move|p1a: Toxapex|Baneful Bunker|p1a: Toxapex
|-singleturn|p1a: Toxapex|move: Protect
|move|p2b: Garchomp|Rock Slide|p1a: Toxapex|[spread] 
|-activate|p1a: Toxapex|move: Protect
|-activate|p1b: Charizard|move: Protect
|move|p2a: Incineroar|Parting Shot|p1b: Charizard
|-activate|p1b: Charizard|move: Protect
|
|upkeep
|turn|2
|inactive|Yinobo has 30 seconds left.
|inactive|Anazawa Nizimi has 30 seconds left.
|inactive|Anazawa Nizimi has 20 seconds left.
|inactive|Anazawa Nizimi has 15 seconds left.
|inactive|Anazawa Nizimi has 10 seconds left.
|inactive|Anazawa Nizimi has 5 seconds left.
|
|t:|1785944107
|detailschange|p1b: Charizard|Charizard-Mega-Y, L50, M, shiny
|-mega|p1b: Charizard|Charizard|Charizardite Y
|-weather|SunnyDay|[from] ability: Drought|[of] p1b: Charizard
|move|p2a: Incineroar|Helping Hand|p2b: Garchomp
|-singleturn|p2b: Garchomp|Helping Hand|[of] p2a: Incineroar
|move|p1a: Toxapex|Wide Guard|p1a: Toxapex
|-singleturn|p1a: Toxapex|Wide Guard
|move|p2b: Garchomp|Stomping Tantrum|p1a: Toxapex
|-supereffective|p1a: Toxapex|1
|-damage|p1a: Toxapex|12/100
|move|p1b: Charizard|Ancient Power|p2a: Incineroar
|-supereffective|p2a: Incineroar|1
|-damage|p2a: Incineroar|63/100
|-boost|p1b: Charizard|atk|1
|-boost|p1b: Charizard|def|1
|-boost|p1b: Charizard|spa|1
|-boost|p1b: Charizard|spd|1
|-boost|p1b: Charizard|spe|1
|
|-weather|SunnyDay|[upkeep]
|-heal|p2a: Incineroar|69/100|[from] item: Leftovers
|-heal|p1a: Toxapex|17/100|[from] item: Leftovers
|upkeep
|turn|3
|inactive|Yinobo has 30 seconds left.
|inactive|Anazawa Nizimi has 30 seconds left.
|inactive|Yinobo has 20 seconds left.
|inactive|Anazawa Nizimi has 20 seconds left.
|inactive|Yinobo has 15 seconds left.
|inactive|Anazawa Nizimi has 15 seconds left.
|inactive|Yinobo has 10 seconds left.
|inactive|Anazawa Nizimi has 10 seconds left.
|inactive|Yinobo has 5 seconds left.
|
|t:|1785944158
|move|p1a: Toxapex|Wide Guard|p1a: Toxapex
|-singleturn|p1a: Toxapex|Wide Guard
|move|p1b: Charizard|Ancient Power|p2a: Incineroar
|-supereffective|p2a: Incineroar|1
|-damage|p2a: Incineroar|14/100
|move|p2b: Garchomp|Rock Slide|p1a: Toxapex|[spread] 
|-activate|p1a: Toxapex|move: Wide Guard
|-activate|p1b: Charizard|move: Wide Guard
|move|p2a: Incineroar|Parting Shot|p1b: Charizard
|-unboost|p1b: Charizard|atk|1
|-unboost|p1b: Charizard|spa|1
|
|t:|1785944180
|switch|p2a: Sneasler|Sneasler, L50, F|100/100|[from] Parting Shot
|
|-weather|SunnyDay|[upkeep]
|-heal|p1a: Toxapex|23/100|[from] item: Leftovers
|upkeep
|turn|4
|inactive|Anazawa Nizimi has 30 seconds left.
|inactive|Yinobo has 30 seconds left.
|inactive|Anazawa Nizimi has 20 seconds left.
|inactive|Anazawa Nizimi has 15 seconds left.
|inactive|Yinobo has 20 seconds left.
|
|t:|1785944229
|move|p1b: Charizard|Protect|p1b: Charizard
|-singleturn|p1b: Charizard|Protect
|move|p2a: Sneasler|Coaching|p2b: Garchomp
|-boost|p2b: Garchomp|atk|1
|-boost|p2b: Garchomp|def|1
|move|p2b: Garchomp|Rock Slide|p1b: Charizard|[spread] p1a
|-activate|p1b: Charizard|move: Protect
|-damage|p1a: Toxapex|1/100
|move|p1a: Toxapex|Infestation|p2a: Sneasler
|-resisted|p2a: Sneasler|2
|-damage|p2a: Sneasler|99/100
|-activate|p2a: Sneasler|move: Infestation|[of] p1a: Toxapex
|
|-weather|SunnyDay|[upkeep]
|-heal|p1a: Toxapex|7/100|[from] item: Leftovers
|-damage|p2a: Sneasler|87/100|[from] move: Infestation|[partiallytrapped]
|upkeep
|turn|5
|inactive|Yinobo has 30 seconds left.
|inactive|Anazawa Nizimi has 30 seconds left.
|inactive|Anazawa Nizimi has 20 seconds left.
|inactive|Anazawa Nizimi has 15 seconds left.
|
|t:|1785944273
|move|p1a: Toxapex|Wide Guard|p1a: Toxapex
|-singleturn|p1a: Toxapex|Wide Guard
|move|p1b: Charizard|Heat Wave|p2a: Sneasler|[spread] p2a,p2b
|-resisted|p2b: Garchomp|1
|-damage|p2a: Sneasler|0 fnt
|-damage|p2b: Garchomp|67/100
|faint|p2a: Sneasler
|move|p2b: Garchomp|Dragon Claw|p1b: Charizard
|-damage|p1b: Charizard|47/100
|
|-weather|SunnyDay|[upkeep]
|-heal|p1a: Toxapex|13/100|[from] item: Leftovers
|upkeep
|
|t:|1785944293
|switch|p2a: Kingambit|Kingambit, L50, F|100/100
|turn|6
|inactive|Yinobo has 30 seconds left.
|inactive|Anazawa Nizimi has 30 seconds left.
|inactive|Yinobo has 20 seconds left.
|inactive|Yinobo has 15 seconds left.
|
|t:|1785944341
|move|p2a: Kingambit|Protect|p2a: Kingambit
|-singleturn|p2a: Kingambit|Protect
|move|p1a: Toxapex|Wide Guard|p1a: Toxapex
|-singleturn|p1a: Toxapex|Wide Guard
|move|p1b: Charizard|Heat Wave|p2b: Garchomp|[spread] p2b
|-activate|p2a: Kingambit|move: Protect
|-resisted|p2b: Garchomp|1
|-damage|p2b: Garchomp|35/100
|move|p2b: Garchomp|Rock Slide|p1a: Toxapex|[spread] 
|-activate|p1a: Toxapex|move: Wide Guard
|-activate|p1b: Charizard|move: Wide Guard
|
|-weather|none
|-heal|p1a: Toxapex|19/100|[from] item: Leftovers
|upkeep
|turn|7
|
|t:|1785944363
|move|p1a: Toxapex|Wide Guard|p1a: Toxapex
|-singleturn|p1a: Toxapex|Wide Guard
|move|p1b: Charizard|Heat Wave|p2a: Kingambit|[spread] p2a,p2b
|-supereffective|p2a: Kingambit|1
|-resisted|p2b: Garchomp|1
|-damage|p2a: Kingambit|18/100
|-damage|p2b: Garchomp|14/100
|move|p2b: Garchomp|Dragon Claw|p1b: Charizard
|-damage|p1b: Charizard|0 fnt
|faint|p1b: Charizard
|move|p2a: Kingambit|Kowtow Cleave|p1a: Toxapex
|-damage|p1a: Toxapex|0 fnt
|faint|p1a: Toxapex
|
|upkeep
|
|t:|1785944379
|switch|p1b: Venusaur|Venusaur, L50, M, shiny|100/100
|switch|p1a: Sylveon|Sylveon, L50, M, shiny|100/100
|turn|8
|inactive|Anazawa Nizimi has 30 seconds left.
|
|t:|1785944413
|move|p2a: Kingambit|Sucker Punch|p1b: Venusaur
|-damage|p1b: Venusaur|50/100g
|move|p2b: Garchomp|Rock Slide|p1a: Sylveon|[spread] p1a,p1b
|-damage|p1a: Sylveon|67/100
|-damage|p1b: Venusaur|8/100
|move|p1b: Venusaur|Earth Power|p2a: Kingambit
|-supereffective|p2a: Kingambit|1
|-damage|p2a: Kingambit|0 fnt
|faint|p2a: Kingambit
|-damage|p1b: Venusaur|0 fnt|[from] item: Life Orb
|faint|p1b: Venusaur
|cant|p1a: Sylveon|flinch
|
|upkeep
|
|t:|1785944426
|switch|p2a: Incineroar|Incineroar, L50, M|14/100
|-ability|p2a: Incineroar|Intimidate|boost
|-unboost|p1a: Sylveon|atk|1
|turn|9
|
|t:|1785944436
|move|p1a: Sylveon|Detect|p1a: Sylveon
|-singleturn|p1a: Sylveon|Protect
|move|p2a: Incineroar|Fake Out|p1a: Sylveon
|-activate|p1a: Sylveon|move: Protect
|move|p2b: Garchomp|Stomping Tantrum|p1a: Sylveon
|-activate|p1a: Sylveon|move: Protect
|
|-heal|p2a: Incineroar|20/100y|[from] item: Leftovers
|upkeep
|turn|10
|inactive|Anazawa Nizimi has 30 seconds left.
|inactive|Anazawa Nizimi has 20 seconds left.
|
|t:|1785944471
|move|p2b: Garchomp|Protect|p2b: Garchomp
|-singleturn|p2b: Garchomp|Protect
|move|p1a: Sylveon|Hyper Voice|p2a: Incineroar|[spread] p2a
|-activate|p2b: Garchomp|move: Protect
|-damage|p2a: Incineroar|0 fnt
|faint|p2a: Incineroar
|
|upkeep
|turn|11
|inactive|Anazawa Nizimi has 30 seconds left this turn.
|inactive|Anazawa Nizimi has 20 seconds left.
|
|t:|1785944486
|move|p2b: Garchomp|Stomping Tantrum|p1a: Sylveon
|-damage|p1a: Sylveon|3/100
|move|p1a: Sylveon|Hyper Voice|p2b: Garchomp
|-supereffective|p2b: Garchomp|1
|-crit|p2b: Garchomp
|-damage|p2b: Garchomp|0 fnt
|faint|p2b: Garchomp
|
|win|Yinobo
|inactive|Yinobo has 30 seconds to confirm battle start!
|inactive|Anazawa Nizimi has 30 seconds to confirm battle start!
||Anazawa Nizimi is ready for game 2.
||Yinobo is ready for game 2.
|uhtml|next|Next: Game 2 of 3
