|j|☆3illyEdgar
|j|☆Phatcok
|html|3illyEdgarPhatcok    
|uhtml|bestof|Game 1 of a best-of-3
|t:|1785102937
|gametype|doubles
|player|p1|3illyEdgar|169|1025
|player|p2|Phatcok|266|1000
|gen|9
|tier|[Gen 9 Champions] VGC 2026 Reg M-B (Bo3)
|rated|
|rule|Species Clause: Limit one of each Pokémon
|rule|Item Clause: Limit 1 of each item
|clearpoke
|poke|p1|Charizard, L50, M|
|poke|p1|Sneasler, L50, F|
|poke|p1|Corviknight, L50, M|
|poke|p1|Garchomp, L50, M|
|poke|p1|Ceruledge, L50, F|
|poke|p1|Eelektross, L50, M|
|poke|p2|Scrafty, L50, M|
|poke|p2|Empoleon, L50, F|
|poke|p2|Incineroar, L50, F|
|poke|p2|Torkoal, L50, F|
|poke|p2|Oranguru, L50, F|
|poke|p2|Golurk, L50|
|teampreview|4
|showteam|p1|Charizard||CharizarditeY|Blaze|Protect,HeatWave,WeatherBall,AirSlash|Timid||M|||50|]Sneasler||WhiteHerb|Unburden|CloseCombat,DireClaw,Protect,FakeOut|Jolly||F|||50|]Corviknight||Leftovers|MirrorArmor|Tailwind,Protect,BulkUp,DualWingbeat|Careful||M|||50|]Garchomp||LifeOrb|RoughSkin|Earthquake,Protect,RockSlide,ScaleShot|Adamant||M|||50|]Ceruledge||ColburBerry|FlashFire|BitterBlade,Protect,ShadowSneak,BulkUp|Adamant||F|||50|]Eelektross||Eelektrossite|Levitate|Coil,KnockOff,DrainPunch,SupercellSlam|Careful||M|||50|
|showteam|p2|Scrafty||Scraftinite|Intimidate|RockSlide,DrainPunch,FakeOut,KnockOff|Brave||M|||50|]Empoleon||ChopleBerry|Competitive|HydroPump,IceBeam,FlashCannon,Protect|Quiet||F|||50|]Incineroar||SitrusBerry|Intimidate|DarkestLariat,FlareBlitz,FakeOut,PartingShot|Serious||F|||50|]Torkoal||Charcoal|Drought|Eruption,SolarBeam,Protect,HeatWave|Quiet||F|||50|]Oranguru||MentalHerb|InnerFocus|Instruct,Psychic,TrickRoom,Encore|Relaxed||F|||50|]Golurk||Golurkite|IronFist|Poltergeist,HeadlongRush,IcePunch,DrainPunch|Brave|||||50|
|j| SAS staff sgt
|inactive|Battle timer is ON: inactive players will automatically lose when time's up. (requested by 3illyEdgar)
|inactive|3illyEdgar has 60 seconds left.
|
|t:|1785103011
|teamsize|p1|4
|teamsize|p2|4
|start
|switch|p1a: Charizard|Charizard, L50, M|100/100
|switch|p1b: Garchomp|Garchomp, L50, M|100/100
|switch|p2a: Scrafty|Scrafty, L50, M|100/100
|switch|p2b: Oranguru|Oranguru, L50, F|100/100
|-ability|p2a: Scrafty|Intimidate|boost
|-unboost|p1a: Charizard|atk|1
|-unboost|p1b: Garchomp|atk|1
|turn|1
|
|t:|1785103029
|switch|p1b: Sneasler|Sneasler, L50, F|100/100
|detailschange|p2a: Scrafty|Scrafty-Mega, L50, M
|-mega|p2a: Scrafty|Scrafty|Scraftinite
|-ability|p2a: Scrafty|Intimidate|boost
|-unboost|p1a: Charizard|atk|1
|-unboost|p1b: Sneasler|atk|1
|-enditem|p1b: Sneasler|White Herb
|-clearnegativeboost|p1b: Sneasler|[silent]
|move|p1a: Charizard|Protect|p1a: Charizard
|-singleturn|p1a: Charizard|Protect
|move|p2a: Scrafty|Fake Out|p1a: Charizard
|-activate|p1a: Charizard|move: Protect
|move|p2b: Oranguru|Trick Room|p2b: Oranguru
|-fieldstart|move: Trick Room|[of] p2b: Oranguru
|
|upkeep
|turn|2
|inactive|3illyEdgar has 30 seconds left.
|
|t:|1785103057
|switch|p1a: Garchomp|Garchomp, L50, M|100/100
|move|p1b: Sneasler|Fake Out|p2b: Oranguru
|-damage|p2b: Oranguru|86/100
|move|p2a: Scrafty|Rock Slide|p1b: Sneasler|[spread] p1a,p1b
|-resisted|p1a: Garchomp|1
|-resisted|p1b: Sneasler|1
|-damage|p1a: Garchomp|89/100
|-damage|p1b: Sneasler|81/100
|move|p2b: Oranguru|Instruct|p2a: Scrafty
|-singleturn|p2a: Scrafty|move: Instruct|[of] p2b: Oranguru
|move|p2a: Scrafty|Rock Slide|p1b: Sneasler|[spread] p1a,p1b
|-resisted|p1a: Garchomp|1
|-resisted|p1b: Sneasler|1
|-damage|p1a: Garchomp|78/100
|-damage|p1b: Sneasler|63/100
|
|upkeep
|turn|3
|inactive|Phatcok has 30 seconds left.
|c|☆3illyEdgar|oops
|inactive|Phatcok has 20 seconds left.
|
|t:|1785103094
|switch|p2a: Incineroar|Incineroar, L50, F|100/100
|-ability|p2a: Incineroar|Intimidate|boost
|-unboost|p1a: Garchomp|atk|1
|-unboost|p1b: Sneasler|atk|1
|move|p1b: Sneasler|Protect|p1b: Sneasler
|-singleturn|p1b: Sneasler|Protect
|move|p2b: Oranguru|Psychic|p1b: Sneasler
|-activate|p1b: Sneasler|move: Protect
|move|p1a: Garchomp|Earthquake|p2a: Incineroar|[spread] p2a,p2b
|-activate|p1b: Sneasler|move: Protect
|-supereffective|p2a: Incineroar|1
|-damage|p2a: Incineroar|29/100
|-damage|p2b: Oranguru|52/100
|-enditem|p2a: Incineroar|Sitrus Berry|[eat]
|-heal|p2a: Incineroar|53/100|[from] item: Sitrus Berry
|-damage|p1a: Garchomp|68/100|[from] item: Life Orb
|
|upkeep
|turn|4
|inactive|3illyEdgar has 30 seconds left.
|inactive|Phatcok has 30 seconds left.
|
|t:|1785103119
|switch|p2a: Scrafty|Scrafty-Mega, L50, M|100/100
|-ability|p2a: Scrafty|Intimidate|boost
|-unboost|p1a: Garchomp|atk|1
|-unboost|p1b: Sneasler|atk|1
|switch|p1a: Charizard|Charizard, L50, M|100/100
|switch|p1b: Ceruledge|Ceruledge, L50, F|100/100
|move|p2b: Oranguru|Psychic|p1b: Ceruledge
|-damage|p1b: Ceruledge|70/100
|
|upkeep
|turn|5
|inactive|Phatcok has 30 seconds left.
|inactive|Phatcok has 20 seconds left.
|inactive|Phatcok has 15 seconds left.
|inactive|Phatcok has 10 seconds left.
|
|t:|1785103165
|move|p1b: Ceruledge|Protect|p1b: Ceruledge
|-singleturn|p1b: Ceruledge|Protect
|move|p1a: Charizard|Protect|p1a: Charizard
|-singleturn|p1a: Charizard|Protect
|move|p2a: Scrafty|Rock Slide|p1a: Charizard|[spread] 
|-activate|p1a: Charizard|move: Protect
|-activate|p1b: Ceruledge|move: Protect
|move|p2b: Oranguru|Instruct|p2a: Scrafty
|-singleturn|p2a: Scrafty|move: Instruct|[of] p2b: Oranguru
|move|p2a: Scrafty|Rock Slide|p1a: Charizard|[spread] 
|-activate|p1a: Charizard|move: Protect
|-activate|p1b: Ceruledge|move: Protect
|
|-fieldend|move: Trick Room
|upkeep
|turn|6
|
|t:|1785103189
|detailschange|p1a: Charizard|Charizard-Mega-Y, L50, M
|-mega|p1a: Charizard|Charizard|Charizardite Y
|-weather|SunnyDay|[from] ability: Drought|[of] p1a: Charizard
|move|p1a: Charizard|Heat Wave|p2a: Scrafty|[spread] p2b
|-miss|p1a: Charizard|p2a: Scrafty
|-damage|p2b: Oranguru|8/100
|move|p1b: Ceruledge|Bitter Blade|p2a: Scrafty
|-damage|p2a: Scrafty|40/100
|-heal|p1b: Ceruledge|98/100|[from] drain|[of] p2a: Scrafty
|move|p2a: Scrafty|Rock Slide|p1a: Charizard|[spread] p1a,p1b
|-supereffective|p1a: Charizard|2
|-supereffective|p1b: Ceruledge|1
|-damage|p1a: Charizard|1/100
|-damage|p1b: Ceruledge|42/100
|move|p2b: Oranguru|Trick Room|p2b: Oranguru
|-fieldstart|move: Trick Room|[of] p2b: Oranguru
|
|-weather|SunnyDay|[upkeep]
|upkeep
|turn|7
|c|☆3illyEdgar|damn
|inactive|3illyEdgar has 30 seconds left.
|
|t:|1785103219
|move|p1b: Ceruledge|Shadow Sneak|p2a: Scrafty
|-resisted|p2a: Scrafty|1
|-damage|p2a: Scrafty|30/100
|move|p2a: Scrafty|Rock Slide|p1b: Ceruledge|[spread] p1a
|-miss|p2a: Scrafty|p1b: Ceruledge
|-supereffective|p1a: Charizard|2
|-damage|p1a: Charizard|0 fnt
|faint|p1a: Charizard
|move|p2b: Oranguru|Instruct|p2a: Scrafty
|-singleturn|p2a: Scrafty|move: Instruct|[of] p2b: Oranguru
|move|p2a: Scrafty|Rock Slide|p1b: Ceruledge
|-supereffective|p1b: Ceruledge|1
|-damage|p1b: Ceruledge|0 fnt
|faint|p1b: Ceruledge
|
|-weather|SunnyDay|[upkeep]
|upkeep
|
|t:|1785103239
|switch|p1b: Garchomp|Garchomp, L50, M|68/100
|switch|p1a: Sneasler|Sneasler, L50, F|63/100
|turn|8
|inactive|3illyEdgar has 30 seconds left.
|inactive|3illyEdgar has 20 seconds left.
|inactive|3illyEdgar has 15 seconds left.
|inactive|3illyEdgar has 10 seconds left.
|inactive|3illyEdgar has 5 seconds left.
|
|t:|1785103294
|switch|p2a: Incineroar|Incineroar, L50, F|53/100
|-ability|p2a: Incineroar|Intimidate|boost
|-unboost|p1a: Sneasler|atk|1
|-unboost|p1b: Garchomp|atk|1
|move|p2b: Oranguru|Psychic|p1a: Sneasler
|-supereffective|p1a: Sneasler|2
|-damage|p1a: Sneasler|0 fnt
|faint|p1a: Sneasler
|move|p1b: Garchomp|Earthquake|p2b: Oranguru|[spread] p2a,p2b
|-supereffective|p2a: Incineroar|1
|-damage|p2a: Incineroar|0 fnt
|-damage|p2b: Oranguru|0 fnt
|faint|p2a: Incineroar
|faint|p2b: Oranguru
|-damage|p1b: Garchomp|58/100|[from] item: Life Orb
|
|-weather|SunnyDay|[upkeep]
|upkeep
|
|t:|1785103307
|switch|p2a: Empoleon|Empoleon, L50, F|100/100
|switch|p2b: Scrafty|Scrafty-Mega, L50, M|30/100
|-ability|p2b: Scrafty|Intimidate|boost
|-unboost|p1b: Garchomp|atk|1
|turn|9
|
|t:|1785103317
|move|p2b: Scrafty|Fake Out|p1b: Garchomp
|-damage|p1b: Garchomp|42/100
|-damage|p2b: Scrafty|18/100|[from] ability: Rough Skin|[of] p1b: Garchomp
|move|p2a: Empoleon|Ice Beam|p1b: Garchomp
|-supereffective|p1b: Garchomp|2
|-damage|p1b: Garchomp|0 fnt
|faint|p1b: Garchomp
|
|win|Phatcok
|inactive|3illyEdgar has 30 seconds to confirm battle start!
|inactive|Phatcok has 30 seconds to confirm battle start!
||3illyEdgar is ready for game 2.
|inactive|Phatcok has 20 seconds to confirm battle start!
|raw|3illyEdgar's rating: 1025 → 1059(+34 for winning)
|raw|Phatcok's rating: 1000 → 1000(+0 for losing)
|l| SAS staff sgt
|l|☆3illyEdgar
|player|p1|
|j| SAS staff sgt
