|j|☆irongiant9214
|j|☆Unga unga vgc
|html|irongiant9214Unga unga vgc    
|uhtml|bestof|Game 2 of a best-of-3
|t:|1785881488
|gametype|doubles
|player|p1|irongiant9214|1|1151
|player|p2|Unga unga vgc|youngster-gen4dp|1183
|gen|9
|tier|[Gen 9 Champions] VGC 2026 Reg M-B (Bo3)
|rated|
|rule|Species Clause: Limit one of each Pokémon
|rule|Item Clause: Limit 1 of each item
|clearpoke
|poke|p1|Whimsicott, L50, F, shiny|
|poke|p1|Kingambit, L50, M|
|poke|p1|Garchomp, L50, F, shiny|
|poke|p1|Charizard, L50, M|
|poke|p1|Floette-Eternal, L50, F|
|poke|p1|Basculegion, L50, M|
|poke|p2|Delphox, L50, M|
|poke|p2|Blastoise, L50, M|
|poke|p2|Sneasler, L50, M|
|poke|p2|Kingambit, L50, M|
|poke|p2|Incineroar, L50, M|
|poke|p2|Sinistcha, L50|
|teampreview|4
|showteam|p1|Whimsicott||FocusSash|Prankster|Moonblast,Tailwind,Encore,Protect|Timid||F|||50|]Kingambit||ChopleBerry|Defiant|SuckerPunch,LowKick,IronHead,KowtowCleave|Adamant||M|||50|]Garchomp||LifeOrb|RoughSkin|RockSlide,DragonClaw,Earthquake,Protect|Jolly||F|||50|]Charizard||CharizarditeY|Blaze|HeatWave,WeatherBall,SolarBeam,Protect|Modest||M|||50|]Floette-Eternal||Floettite|FlowerVeil|DazzlingGleam,Moonblast,HelpingHand,Protect|Timid||F|||50|]Basculegion||MysticWater|Adaptability|AquaJet,WaveCrash,LastRespects,Protect|Adamant||M|||50|
|showteam|p2|Delphox||Delphoxite|Blaze|HeatWave,Psychic,NastyPlot,Protect|Timid||M|||50|]Blastoise||Blastoisinite|Torrent|WaterSpout,DarkPulse,ShellSmash,Protect|Modest||M|||50|]Sneasler||FocusSash|PoisonTouch|FakeOut,PoisonJab,CloseCombat,QuickGuard|Jolly||M|||50|]Kingambit||LifeOrb|Defiant|KowtowCleave,SuckerPunch,SwordsDance,Protect|Adamant||M|||50|]Incineroar||SitrusBerry|Intimidate|FakeOut,FlareBlitz,HelpingHand,PartingShot|Impish||M|||50|]Sinistcha||ColburBerry|Hospitality|MatchaGotcha,RagePowder,TrickRoom,Protect|Relaxed|||||50|
|
|t:|1785881565
|teamsize|p1|4
|teamsize|p2|4
|start
|switch|p1a: Whimsicott|Whimsicott, L50, F, shiny|100/100
|switch|p1b: Basculegion|Basculegion, L50, M|100/100
|switch|p2a: Kingambit|Kingambit, L50, M|100/100
|switch|p2b: Incineroar|Incineroar, L50, M|100/100
|-ability|p2b: Incineroar|Intimidate|boost
|-unboost|p1a: Whimsicott|atk|1
|-unboost|p1b: Basculegion|atk|1
|turn|1
|inactive|Battle timer is ON: inactive players will automatically lose when time's up. (requested by Unga unga vgc)
|
|t:|1785881659
|move|p1a: Whimsicott|Protect|p1a: Whimsicott
|-singleturn|p1a: Whimsicott|Protect
|move|p2b: Incineroar|Fake Out|p1a: Whimsicott
|-activate|p1a: Whimsicott|move: Protect
|move|p1b: Basculegion|Wave Crash|p2b: Incineroar
|-supereffective|p2b: Incineroar|1
|-damage|p2b: Incineroar|8/100
|-enditem|p2b: Incineroar|Sitrus Berry|[eat]
|-heal|p2b: Incineroar|33/100|[from] item: Sitrus Berry
|-damage|p1b: Basculegion|68/100|[from] Recoil
|move|p2a: Kingambit|Kowtow Cleave|p1b: Basculegion
|-supereffective|p1b: Basculegion|1
|-damage|p1b: Basculegion|0 fnt
|faint|p1b: Basculegion
|-damage|p2a: Kingambit|90/100|[from] item: Life Orb
|
|upkeep
|
|t:|1785881667
|switch|p1b: Charizard|Charizard, L50, M|100/100
|turn|2
|inactive|Unga unga vgc has 30 seconds left.
|inactive|Unga unga vgc has 20 seconds left.
|
|t:|1785881703
|detailschange|p1b: Charizard|Charizard-Mega-Y, L50, M
|-mega|p1b: Charizard|Charizard|Charizardite Y
|-weather|SunnyDay|[from] ability: Drought|[of] p1b: Charizard
|move|p2a: Kingambit|Protect|p2a: Kingambit
|-singleturn|p2a: Kingambit|Protect
|move|p1a: Whimsicott|Tailwind|p1a: Whimsicott
|-sidestart|p1: irongiant9214|move: Tailwind
|move|p1b: Charizard|Heat Wave|p2b: Incineroar|[spread] 
|-activate|p2a: Kingambit|move: Protect
|-miss|p1b: Charizard|p2b: Incineroar
|move|p2b: Incineroar|Parting Shot|p1b: Charizard
|-unboost|p1b: Charizard|atk|1
|-unboost|p1b: Charizard|spa|1
|
|t:|1785881709
|switch|p2b: Delphox|Delphox, L50, M|100/100|[from] Parting Shot
|
|-weather|SunnyDay|[upkeep]
|upkeep
|turn|3
|inactive|irongiant9214 has 30 seconds left.
|inactive|irongiant9214 has 20 seconds left.
|inactive|irongiant9214 has 15 seconds left.
|inactive|irongiant9214 has 10 seconds left.
|inactive|irongiant9214 has 5 seconds left.
|
|t:|1785881764
|switch|p2a: Incineroar|Incineroar, L50, M|33/100
|-ability|p2a: Incineroar|Intimidate|boost
|-unboost|p1a: Whimsicott|atk|1
|-unboost|p1b: Charizard|atk|1
|detailschange|p2b: Delphox|Delphox-Mega, L50, M
|-mega|p2b: Delphox|Delphox|Delphoxite
|move|p1a: Whimsicott|Protect|p1a: Whimsicott
|-singleturn|p1a: Whimsicott|Protect
|move|p1b: Charizard|Protect|p1b: Charizard
|-singleturn|p1b: Charizard|Protect
|move|p2b: Delphox|Heat Wave|p1a: Whimsicott|[spread] 
|-activate|p1a: Whimsicott|move: Protect
|-activate|p1b: Charizard|move: Protect
|
|-weather|SunnyDay|[upkeep]
|upkeep
|turn|4
|inactive|irongiant9214 has 30 seconds left.
|inactive|irongiant9214 has 20 seconds left.
|
|t:|1785881799
|move|p2a: Incineroar|Fake Out|p1b: Charizard
|-damage|p1b: Charizard|88/100
|move|p1a: Whimsicott|Moonblast|p2a: Incineroar
|-damage|p2a: Incineroar|1/100
|cant|p1b: Charizard|flinch
|move|p2b: Delphox|Heat Wave|p1b: Charizard|[spread] p1a,p1b
|-supereffective|p1a: Whimsicott|1
|-resisted|p1b: Charizard|1
|-enditem|p1a: Whimsicott|Focus Sash
|-damage|p1a: Whimsicott|1/100
|-damage|p1b: Charizard|59/100
|
|-weather|SunnyDay|[upkeep]
|upkeep
|turn|5
|inactive|Unga unga vgc has 30 seconds left.
|inactive|irongiant9214 has 30 seconds left.
|inactive|Unga unga vgc has 20 seconds left.
|inactive|Unga unga vgc has 15 seconds left.
|inactive|Unga unga vgc has 10 seconds left.
|inactive|Unga unga vgc has 5 seconds left.
|
|t:|1785881854
|switch|p1b: Garchomp|Garchomp, L50, F, shiny|100/100
|move|p1a: Whimsicott|Protect|p1a: Whimsicott
|-singleturn|p1a: Whimsicott|Protect
|move|p2a: Incineroar|Helping Hand|p2b: Delphox
|-singleturn|p2b: Delphox|Helping Hand|[of] p2a: Incineroar
|move|p2b: Delphox|Heat Wave|p1b: Garchomp|[spread] p1b
|-activate|p1a: Whimsicott|move: Protect
|-resisted|p1b: Garchomp|1
|-damage|p1b: Garchomp|54/100
|
|-weather|SunnyDay|[upkeep]
|-sideend|p1: irongiant9214|move: Tailwind
|upkeep
|turn|6
|
|t:|1785881869
|switch|p2a: Kingambit|Kingambit, L50, M|90/100
|move|p1a: Whimsicott|Tailwind|p1a: Whimsicott
|-sidestart|p1: irongiant9214|move: Tailwind
|move|p1b: Garchomp|Rock Slide|p2a: Kingambit|[spread] p2a,p2b
|-resisted|p2a: Kingambit|1
|-supereffective|p2b: Delphox|1
|-damage|p2a: Kingambit|81/100
|-damage|p2b: Delphox|30/100
|-damage|p1b: Garchomp|44/100|[from] item: Life Orb
|move|p2b: Delphox|Psychic|p1b: Garchomp
|-damage|p1b: Garchomp|0 fnt
|faint|p1b: Garchomp
|
|-weather|none
|upkeep
|
|t:|1785881876
|switch|p1b: Charizard|Charizard-Mega-Y, L50, M|59/100
|-weather|SunnyDay|[from] ability: Drought|[of] p1b: Charizard
|turn|7
|
|t:|1785881898
|move|p2a: Kingambit|Sucker Punch|p1b: Charizard
|-damage|p1b: Charizard|6/100
|-damage|p2a: Kingambit|71/100|[from] item: Life Orb
|move|p1a: Whimsicott|Moonblast|p2b: Delphox
|-resisted|p2b: Delphox|1
|-damage|p2b: Delphox|16/100
|move|p1b: Charizard|Heat Wave|p2a: Kingambit|[spread] p2a,p2b
|-supereffective|p2a: Kingambit|1
|-resisted|p2b: Delphox|1
|-damage|p2a: Kingambit|0 fnt
|-damage|p2b: Delphox|0 fnt
|faint|p2a: Kingambit
|faint|p2b: Delphox
|
|-weather|SunnyDay|[upkeep]
|upkeep
|
|t:|1785881902
|switch|p2b: Incineroar|Incineroar, L50, M|1/100
|switch|p2a: Sneasler|Sneasler, L50, M|100/100
|-ability|p2b: Incineroar|Intimidate|boost
|-unboost|p1a: Whimsicott|atk|1
|-unboost|p1b: Charizard|atk|1
|turn|8
|
|t:|1785881909
|move|p1a: Whimsicott|Protect|p1a: Whimsicott
|-singleturn|p1a: Whimsicott|Protect
|move|p1b: Charizard|Protect|p1b: Charizard
|-singleturn|p1b: Charizard|Protect
|move|p2a: Sneasler|Fake Out|p1b: Charizard
|-activate|p1b: Charizard|move: Protect
|move|p2b: Incineroar|Fake Out|p1a: Whimsicott
|-activate|p1a: Whimsicott|move: Protect
|
|-weather|SunnyDay|[upkeep]
|upkeep
|turn|9
|
|t:|1785881930
|move|p1a: Whimsicott|Encore|p2a: Sneasler
|-start|p2a: Sneasler|Encore
|move|p2a: Sneasler|Fake Out||[still]
|-hint|Fake Out only works on your first turn out.
|-fail|p2a: Sneasler
|move|p1b: Charizard|Heat Wave|p2a: Sneasler|[spread] p2a,p2b
|-resisted|p2b: Incineroar|1
|-damage|p2a: Sneasler|17/100
|-damage|p2b: Incineroar|0 fnt
|faint|p2b: Incineroar
|
|-weather|SunnyDay|[upkeep]
|-sideend|p1: irongiant9214|move: Tailwind
|upkeep
|turn|10
|-message|Unga unga vgc forfeited.
|
|win|irongiant9214
|raw|irongiant9214's rating: 1151 → 1178(+27 for winning)
|raw|Unga unga vgc's rating: 1183 → 1156(-27 for losing)
|l|☆Unga unga vgc
|player|p2|
