|j|‽BreadPudding248
|j|☆starlight74
|html|BreadPudding248starlight74    
|uhtml|bestof|Game 1 of a best-of-3
|t:|1784069212
|gametype|doubles
|player|p1|BreadPudding248|2|1346
|player|p2|starlight74|anabel-gen7|1381
|gen|9
|tier|[Gen 9 Champions] VGC 2026 Reg M-B (Bo3)
|rated|
|rule|Species Clause: Limit one of each Pokémon
|rule|Item Clause: Limit 1 of each item
|clearpoke
|poke|p1|Delphox, L50, F|
|poke|p1|Blastoise, L50, F|
|poke|p1|Incineroar, L50, M|
|poke|p1|Kingambit, L50, F|
|poke|p1|Sinistcha, L50|
|poke|p1|Sneasler, L50, M|
|poke|p2|Froslass, L50, F|
|poke|p2|Dragonite, L50, M|
|poke|p2|Sneasler, L50, M|
|poke|p2|Kingambit, L50, M|
|poke|p2|Blaziken, L50, F|
|poke|p2|Rotom-Wash, L50|
|teampreview|4
|showteam|p1|Delphox||Delphoxite|Blaze|HeatWave,Psychic,NastyPlot,Protect|Timid||F|||50|]Blastoise||Blastoisinite|Torrent|WaterSpout,DarkPulse,ShellSmash,Protect|Modest||F|||50|]Incineroar||SitrusBerry|Intimidate|FakeOut,FlareBlitz,ThroatChop,PartingShot|Careful||M|||50|]Kingambit||BlackGlasses|Defiant|KowtowCleave,SuckerPunch,SwordsDance,Protect|Adamant||F|||50|]Sinistcha||OccaBerry|Hospitality|MatchaGotcha,TrickRoom,RagePowder,Protect|Relaxed|||||50|]Sneasler||FocusSash|PoisonTouch|FakeOut,CloseCombat,PoisonJab,QuickGuard|Jolly||M|||50|
|showteam|p2|Froslass||Froslassite|CursedBody|Blizzard,ShadowBall,AuroraVeil,Protect|Timid||F|||50|]Dragonite||LifeOrb|InnerFocus|DragonClaw,ExtremeSpeed,LowKick,Protect|Adamant||M|||50|]Sneasler||FocusSash|PoisonTouch|CloseCombat,PoisonJab,FakeOut,Protect|Jolly||M|||50|]Kingambit||BlackGlasses|Defiant|KowtowCleave,IronHead,SuckerPunch,Protect|Adamant||M|||50|]Blaziken||Blazikenite|SpeedBoost|CloseCombat,FlareBlitz,RockSlide,Protect|Adamant||F|||50|]Rotom-Wash||ChoiceScarf|Levitate|Thunderbolt,VoltSwitch,HydroPump,Trick|Timid|||||50|
|inactive|Battle timer is ON: inactive players will automatically lose when time's up. (requested by starlight74)
|inactive|BreadPudding248 also wants the timer to be on.
|inactive|BreadPudding248 has 60 seconds left.
|inactive|starlight74 has 60 seconds left.
|
|t:|1784069257
|teamsize|p1|4
|teamsize|p2|4
|start
|switch|p1a: Blastoise|Blastoise, L50, F|100/100
|switch|p1b: Incineroar|Incineroar, L50, M|100/100
|switch|p2a: Dragonite|Dragonite, L50, M|100/100
|switch|p2b: Froslass|Froslass, L50, F|100/100
|-ability|p1b: Incineroar|Intimidate|boost
|-fail|p2a: Dragonite|unboost|Attack|[from] ability: Inner Focus|[of] p2a: Dragonite
|-unboost|p2b: Froslass|atk|1
|turn|1
|inactive|BreadPudding248 has 30 seconds left.
|inactive|BreadPudding248 has 20 seconds left.
|inactive|BreadPudding248 has 15 seconds left.
|
|t:|1784069301
|detailschange|p2b: Froslass|Froslass-Mega, L50, F
|-mega|p2b: Froslass|Froslass|Froslassite
|-weather|Snowscape|[from] ability: Snow Warning|[of] p2b: Froslass
|detailschange|p1a: Blastoise|Blastoise-Mega, L50, F
|-mega|p1a: Blastoise|Blastoise|Blastoisinite
|move|p2b: Froslass|Aurora Veil|p2b: Froslass
|-sidestart|p2: starlight74|move: Aurora Veil
|move|p1a: Blastoise|Shell Smash|p1a: Blastoise
|-unboost|p1a: Blastoise|def|1
|-unboost|p1a: Blastoise|spd|1
|-boost|p1a: Blastoise|atk|2
|-boost|p1a: Blastoise|spa|2
|-boost|p1a: Blastoise|spe|2
|move|p1b: Incineroar|Parting Shot|p2a: Dragonite
|-unboost|p2a: Dragonite|atk|1
|-unboost|p2a: Dragonite|spa|1
|
|t:|1784069318
|switch|p1b: Sneasler|Sneasler, L50, M|100/100|[from] Parting Shot
|move|p2a: Dragonite|Dragon Claw|p1a: Blastoise
|-damage|p1a: Blastoise|38/100
|-damage|p2a: Dragonite|90/100|[from] item: Life Orb
|
|-weather|Snowscape|[upkeep]
|upkeep
|turn|2
|inactive|BreadPudding248 has 30 seconds left.
|
|t:|1784069347
|switch|p2b: Kingambit|Kingambit, L50, M|100/100
|move|p2a: Dragonite|Extreme Speed|p1a: Blastoise
|-damage|p1a: Blastoise|1/100
|-damage|p2a: Dragonite|80/100|[from] item: Life Orb
|move|p1a: Blastoise|Dark Pulse|p2b: Kingambit
|-resisted|p2b: Kingambit|1
|-damage|p2b: Kingambit|67/100
|move|p1b: Sneasler|Poison Jab|p2a: Dragonite
|-damage|p2a: Dragonite|52/100
|-status|p2a: Dragonite|psn
|
|-weather|Snowscape|[upkeep]
|-damage|p2a: Dragonite|40/100 psn|[from] psn
|upkeep
|turn|3
|
|t:|1784069366
|switch|p2a: Sneasler|Sneasler, L50, M|100/100
|move|p1a: Blastoise|Dark Pulse|p2a: Sneasler
|-resisted|p2a: Sneasler|1
|-damage|p2a: Sneasler|52/100
|move|p1b: Sneasler|Close Combat|p2b: Kingambit
|-supereffective|p2b: Kingambit|2
|-damage|p2b: Kingambit|0 fnt
|-unboost|p1b: Sneasler|def|1
|-unboost|p1b: Sneasler|spd|1
|faint|p2b: Kingambit
|
|-weather|Snowscape|[upkeep]
|upkeep
|
|t:|1784069374
|switch|p2b: Froslass|Froslass-Mega, L50, F|100/100
|turn|4
|
|t:|1784069382
|move|p2b: Froslass|Protect|p2b: Froslass
|-singleturn|p2b: Froslass|Protect
|move|p1b: Sneasler|Quick Guard|p1b: Sneasler
|-singleturn|p1b: Sneasler|Quick Guard
|move|p1a: Blastoise|Dark Pulse|p2b: Froslass
|-activate|p2b: Froslass|move: Protect
|move|p2a: Sneasler|Poison Jab|p1a: Blastoise
|-damage|p1a: Blastoise|0 fnt
|faint|p1a: Blastoise
|
|-weather|Snowscape|[upkeep]
|upkeep
|
|t:|1784069393
|switch|p1a: Incineroar|Incineroar, L50, M|100/100
|-ability|p1a: Incineroar|Intimidate|boost
|-unboost|p2a: Sneasler|atk|1
|-unboost|p2b: Froslass|atk|1
|turn|5
|
|t:|1784069408
|switch|p2a: Dragonite|Dragonite, L50, M|40/100 psn
|move|p1b: Sneasler|Poison Jab|p2b: Froslass
|-resisted|p2b: Froslass|1
|-damage|p2b: Froslass|88/100
|move|p2b: Froslass|Blizzard|p1b: Sneasler|[spread] p1a,p1b
|-resisted|p1a: Incineroar|1
|-damage|p1a: Incineroar|83/100
|-damage|p1b: Sneasler|20/100r
|move|p1a: Incineroar|Flare Blitz|p2a: Dragonite
|-resisted|p2a: Dragonite|1
|-damage|p2a: Dragonite|24/100 psn
|-damage|p1a: Incineroar|78/100|[from] Recoil
|
|-weather|none
|-damage|p2a: Dragonite|12/100 psn|[from] psn
|-sideend|p2: starlight74|move: Aurora Veil
|upkeep
|turn|6
|inactive|starlight74 has 30 seconds left.
|
|t:|1784069438
|switch|p1a: Kingambit|Kingambit, L50, F|100/100
|switch|p2a: Sneasler|Sneasler, L50, M|52/100
|move|p1b: Sneasler|Poison Jab|p2a: Sneasler
|-resisted|p2a: Sneasler|1
|-damage|p2a: Sneasler|14/100
|move|p2b: Froslass|Shadow Ball|p1b: Sneasler
|-damage|p1b: Sneasler|0 fnt
|faint|p1b: Sneasler
|
|upkeep
|
|t:|1784069447
|switch|p1b: Incineroar|Incineroar, L50, M|78/100
|-ability|p1b: Incineroar|Intimidate|boost
|-unboost|p2a: Sneasler|atk|1
|-unboost|p2b: Froslass|atk|1
|turn|7
|
|t:|1784069470
|move|p2a: Sneasler|Protect|p2a: Sneasler
|-singleturn|p2a: Sneasler|Protect
|move|p1a: Kingambit|Sucker Punch||[still]
|-fail|p1a: Kingambit
|move|p2b: Froslass|Blizzard|p1a: Kingambit|[spread] p1b
|-miss|p2b: Froslass|p1a: Kingambit
|-resisted|p1b: Incineroar|1
|-damage|p1b: Incineroar|62/100
|move|p1b: Incineroar|Throat Chop|p2b: Froslass
|-supereffective|p2b: Froslass|1
|-damage|p2b: Froslass|14/100
|-start|p2b: Froslass|Throat Chop|[silent]
|
|upkeep
|turn|8
|
|t:|1784069487
|move|p2a: Sneasler|Protect||[still]
|-fail|p2a: Sneasler
|move|p1a: Kingambit|Sucker Punch||[still]
|-fail|p1a: Kingambit
|move|p2b: Froslass|Blizzard|p1a: Kingambit|[spread] p1a,p1b
|-resisted|p1a: Kingambit|1
|-resisted|p1b: Incineroar|1
|-damage|p1a: Kingambit|79/100
|-damage|p1b: Incineroar|46/100
|-enditem|p1b: Incineroar|Sitrus Berry|[eat]
|-heal|p1b: Incineroar|71/100|[from] item: Sitrus Berry
|move|p1b: Incineroar|Throat Chop|p2a: Sneasler
|-resisted|p2a: Sneasler|1
|-damage|p2a: Sneasler|0 fnt
|faint|p2a: Sneasler
|
|-end|p2b: Froslass|Throat Chop|[silent]
|upkeep
|
|t:|1784069498
|switch|p2a: Dragonite|Dragonite, L50, M|12/100 psn
|turn|9
|
|t:|1784069503
|move|p2a: Dragonite|Extreme Speed|p1b: Incineroar
|-damage|p1b: Incineroar|36/100
|-damage|p2a: Dragonite|3/100 psn|[from] item: Life Orb
|move|p1a: Kingambit|Sucker Punch||[still]
|-fail|p1a: Kingambit
|move|p2b: Froslass|Blizzard|p1b: Incineroar|[spread] p1b
|-miss|p2b: Froslass|p1a: Kingambit
|-resisted|p1b: Incineroar|1
|-damage|p1b: Incineroar|19/100
|move|p1b: Incineroar|Throat Chop|p2b: Froslass
|-supereffective|p2b: Froslass|1
|-damage|p2b: Froslass|0 fnt
|faint|p2b: Froslass
|
|-damage|p2a: Dragonite|0 fnt|[from] psn
|faint|p2a: Dragonite
|
|win|BreadPudding248
