|j|☆lysha
|j|☆eevee1ynn
|html|lyshaeevee1ynn    
|uhtml|bestof|Game 1 of a best-of-3
|t:|1783530405
|gametype|doubles
|player|p1|lysha|parasollady|
|player|p2|eevee1ynn|serena-masters3|
|gen|9
|tier|[Gen 9 Champions] VGC 2026 Reg M-B (Bo3)
|rule|Species Clause: Limit one of each Pokémon
|rule|Item Clause: Limit 1 of each item
|clearpoke
|poke|p1|Incineroar, L50, M|
|poke|p1|Kingambit, L50, F|
|poke|p1|Sinistcha, L50|
|poke|p1|Sneasler, L50, F|
|poke|p1|Floette-Eternal, L50, F|
|poke|p1|Delphox, L50, M|
|poke|p2|Scrafty, L50, F, shiny|
|poke|p2|Ceruledge, L50, F|
|poke|p2|Ninetales-Alola, L50, M|
|poke|p2|Sinistcha, L50|
|poke|p2|Dragonite, L50, F|
|poke|p2|Raichu, L50, M|
|teampreview|4
|showteam|p1|Incineroar||SitrusBerry|Intimidate|FlareBlitz,FakeOut,PartingShot,HelpingHand|Careful||M|||50|]Kingambit||BlackGlasses|Defiant|KowtowCleave,SuckerPunch,SwordsDance,Protect|Adamant||F|||50|]Sinistcha||KasibBerry|Hospitality|MatchaGotcha,RagePowder,TrickRoom,Protect|Bold|||||50|]Sneasler||FocusSash|PoisonTouch|FakeOut,CloseCombat,PoisonJab,QuickGuard|Jolly||F|||50|]Floette-Eternal||Floettite|FlowerVeil|Moonblast,DazzlingGleam,CalmMind,Protect|Modest||F|||50|]Delphox||Delphoxite|Blaze|HeatWave,Psyshock,NastyPlot,Protect|Timid||M|||50|
|showteam|p2|Scrafty||Scraftinite|Intimidate|Detect,DrainPunch,KnockOff,FakeOut|Adamant||F|||50|]Ceruledge||ColburBerry|FlashFire|Protect,BitterBlade,ShadowSneak,BulkUp|Adamant||F|||50|]Ninetales-Alola||NeverMeltIce|SnowWarning|Protect,FreezeDry,IcyWind,AuroraVeil|Timid||M|||50|]Sinistcha||FocusSash|Hospitality|Protect,MatchaGotcha,Hex,RagePowder|Modest|||||50|]Dragonite||LifeOrb|InnerFocus|Protect,DragonClaw,RockSlide,ExtremeSpeed|Adamant||F|||50|]Raichu||RaichuniteY|LightningRod|Protect,ZapCannon,FocusBlast,FakeOut|Timid||M|||50|
|inactive|Battle timer is ON: inactive players will automatically lose when time's up. (requested by lysha)
|c|☆eevee1ynn|glhf!
|c|☆lysha|you too!
|inactive|lysha has 60 seconds left.
|inactive|eevee1ynn has 60 seconds left.
|
|t:|1783530452
|teamsize|p1|4
|teamsize|p2|4
|start
|switch|p1a: Floette|Floette-Eternal, L50, F|100/100
|switch|p1b: Incineroar|Incineroar, L50, M|100/100
|switch|p2a: Ceruledge|Ceruledge, L50, F|100/100
|switch|p2b: Raichu|Raichu, L50, M|100/100
|-ability|p1b: Incineroar|Intimidate|boost
|-unboost|p2a: Ceruledge|atk|1
|-unboost|p2b: Raichu|atk|1
|turn|1
|
|t:|1783530475
|detailschange|p2b: Raichu|Raichu-Mega-Y, L50, M
|-mega|p2b: Raichu|Raichu|Raichunite Y
|detailschange|p1a: Floette|Floette-Mega, L50, F
|-mega|p1a: Floette|Floette|Floettite
|-ability|p1a: Floette|Fairy Aura
|move|p2b: Raichu|Fake Out|p1a: Floette
|-damage|p1a: Floette|93/100
|move|p1b: Incineroar|Fake Out|p2b: Raichu
|-crit|p2b: Raichu
|-damage|p2b: Raichu|72/100
|cant|p1a: Floette|flinch
|move|p2a: Ceruledge|Bulk Up|p2a: Ceruledge
|-boost|p2a: Ceruledge|atk|1
|-boost|p2a: Ceruledge|def|1
|
|upkeep
|turn|2
|
|t:|1783530489
|move|p2b: Raichu|Zap Cannon|p1a: Floette
|-damage|p1a: Floette|36/100
|-status|p1a: Floette|par
|move|p2a: Ceruledge|Bulk Up|p2a: Ceruledge
|-boost|p2a: Ceruledge|atk|1
|-boost|p2a: Ceruledge|def|1
|move|p1b: Incineroar|Parting Shot|p2a: Ceruledge
|-unboost|p2a: Ceruledge|atk|1
|-unboost|p2a: Ceruledge|spa|1
|
|t:|1783530497
|switch|p1b: Sinistcha|Sinistcha, L50|100/100|[from] Parting Shot
|-heal|p1a: Floette|61/100 par|[from] ability: Hospitality|[of] p1b: Sinistcha
|cant|p1a: Floette|par
|
|upkeep
|turn|3
|
|t:|1783530510
|switch|p1b: Incineroar|Incineroar, L50, M|100/100
|-ability|p1b: Incineroar|Intimidate|boost
|-unboost|p2a: Ceruledge|atk|1
|-unboost|p2b: Raichu|atk|1
|move|p2b: Raichu|Protect|p2b: Raichu
|-singleturn|p2b: Raichu|Protect
|move|p2a: Ceruledge|Bulk Up|p2a: Ceruledge
|-boost|p2a: Ceruledge|atk|1
|-boost|p2a: Ceruledge|def|1
|move|p1a: Floette|Calm Mind|p1a: Floette
|-boost|p1a: Floette|spa|1
|-boost|p1a: Floette|spd|1
|
|upkeep
|turn|4
|
|t:|1783530525
|switch|p2b: Sinistcha|Sinistcha, L50|100/100
|move|p1b: Incineroar|Fake Out|p2b: Sinistcha
|-immune|p2b: Sinistcha
|move|p2a: Ceruledge|Bitter Blade|p1a: Floette
|-damage|p1a: Floette|16/100 par
|move|p1a: Floette|Moonblast|p2a: Ceruledge
|-resisted|p2a: Ceruledge|1
|-damage|p2a: Ceruledge|45/100
|
|upkeep
|turn|5
|
|t:|1783530541
|cant|p1a: Floette|par
|move|p2b: Sinistcha|Matcha Gotcha|p1b: Incineroar|[spread] p1a,p1b
|-resisted|p1b: Incineroar|1
|-damage|p1a: Floette|0 fnt
|-damage|p1b: Incineroar|86/100
|faint|p1a: Floette
|move|p2a: Ceruledge|Bulk Up|p2a: Ceruledge
|-boost|p2a: Ceruledge|atk|1
|-boost|p2a: Ceruledge|def|1
|move|p1b: Incineroar|Parting Shot|p2a: Ceruledge
|-unboost|p2a: Ceruledge|atk|1
|-unboost|p2a: Ceruledge|spa|1
|
|t:|1783530551
|switch|p1b: Sneasler|Sneasler, L50, F|100/100|[from] Parting Shot
|
|upkeep
|
|t:|1783530553
|switch|p1a: Incineroar|Incineroar, L50, M|86/100
|-ability|p1a: Incineroar|Intimidate|boost
|-unboost|p2a: Ceruledge|atk|1
|-unboost|p2b: Sinistcha|atk|1
|turn|6
|inactive|eevee1ynn has 30 seconds left.
|
|t:|1783530580
|switch|p2b: Dragonite|Dragonite, L50, F|100/100
|move|p2a: Ceruledge|Protect|p2a: Ceruledge
|-singleturn|p2a: Ceruledge|Protect
|move|p1b: Sneasler|Poison Jab|p2a: Ceruledge
|-activate|p2a: Ceruledge|move: Protect
|move|p1a: Incineroar|Flare Blitz|p2b: Dragonite
|-resisted|p2b: Dragonite|1
|-damage|p2b: Dragonite|73/100
|-damage|p1a: Incineroar|79/100|[from] Recoil
|
|upkeep
|turn|7
|
|t:|1783530600
|switch|p2a: Sinistcha|Sinistcha, L50|100/100
|-heal|p2b: Dragonite|98/100|[from] ability: Hospitality|[of] p2a: Sinistcha
|move|p1b: Sneasler|Poison Jab|p2a: Sinistcha
|-damage|p2a: Sinistcha|57/100
|-status|p2a: Sinistcha|psn|[from] ability: Poison Touch|[of] p1b: Sneasler
|move|p2b: Dragonite|Rock Slide|p1b: Sneasler|[spread] p1a,p1b
|-supereffective|p1a: Incineroar|1
|-resisted|p1b: Sneasler|1
|-damage|p1a: Incineroar|22/100
|-damage|p1b: Sneasler|76/100
|-enditem|p1a: Incineroar|Sitrus Berry|[eat]
|-heal|p1a: Incineroar|47/100|[from] item: Sitrus Berry
|-damage|p2b: Dragonite|88/100|[from] item: Life Orb
|move|p1a: Incineroar|Parting Shot|p2b: Dragonite
|-unboost|p2b: Dragonite|atk|1
|-unboost|p2b: Dragonite|spa|1
|
|t:|1783530616
|switch|p1a: Sinistcha|Sinistcha, L50|100/100|[from] Parting Shot
|-heal|p1b: Sneasler|100/100|[from] ability: Hospitality|[of] p1a: Sinistcha
|
|-damage|p2a: Sinistcha|45/100 psn|[from] psn
|upkeep
|turn|8
|
|t:|1783530631
|switch|p2b: Raichu|Raichu-Mega-Y, L50, M|72/100
|switch|p1a: Incineroar|Incineroar, L50, M|47/100
|-ability|p1a: Incineroar|Intimidate|boost
|-unboost|p2a: Sinistcha|atk|1
|-unboost|p2b: Raichu|atk|1
|move|p2a: Sinistcha|Rage Powder|p2a: Sinistcha
|-singleturn|p2a: Sinistcha|move: Rage Powder
|move|p1b: Sneasler|Poison Jab|p2a: Sinistcha
|-damage|p2a: Sinistcha|0 fnt
|faint|p2a: Sinistcha
|
|upkeep
|
|t:|1783530644
|switch|p2a: Dragonite|Dragonite, L50, F|88/100
|turn|9
|
|t:|1783530660
|switch|p1b: Sinistcha|Sinistcha, L50|100/100
|-heal|p1a: Incineroar|72/100|[from] ability: Hospitality|[of] p1b: Sinistcha
|move|p2b: Raichu|Zap Cannon|p1b: Sinistcha
|-resisted|p1b: Sinistcha|1
|-damage|p1b: Sinistcha|65/100
|-status|p1b: Sinistcha|par
|move|p2a: Dragonite|Rock Slide|p1b: Sinistcha|[spread] p1a,p1b
|-supereffective|p1a: Incineroar|1
|-crit|p1b: Sinistcha
|-damage|p1a: Incineroar|14/100
|-damage|p1b: Sinistcha|30/100 par
|-damage|p2a: Dragonite|79/100|[from] item: Life Orb
|move|p1a: Incineroar|Parting Shot|p2a: Dragonite
|-unboost|p2a: Dragonite|atk|1
|-unboost|p2a: Dragonite|spa|1
|
|t:|1783530676
|switch|p1a: Sneasler|Sneasler, L50, F|100/100|[from] Parting Shot
|
|upkeep
|turn|10
|
|t:|1783530696
|switch|p2a: Ceruledge|Ceruledge, L50, F|45/100
|move|p2b: Raichu|Protect|p2b: Raichu
|-singleturn|p2b: Raichu|Protect
|move|p1b: Sinistcha|Rage Powder|p1b: Sinistcha
|-singleturn|p1b: Sinistcha|move: Rage Powder
|move|p1a: Sneasler|Poison Jab|p2b: Raichu
|-activate|p2b: Raichu|move: Protect
|
|upkeep
|turn|11
|
|t:|1783530704
|switch|p1b: Incineroar|Incineroar, L50, M|14/100
|-ability|p1b: Incineroar|Intimidate|boost
|-unboost|p2a: Ceruledge|atk|1
|-unboost|p2b: Raichu|atk|1
|move|p2b: Raichu|Zap Cannon|p1a: Sneasler
|-damage|p1a: Sneasler|2/100
|-status|p1a: Sneasler|par
|move|p2a: Ceruledge|Bitter Blade|p1b: Incineroar
|-resisted|p1b: Incineroar|1
|-damage|p1b: Incineroar|0 fnt
|-heal|p2a: Ceruledge|53/100|[from] drain|[of] p1b: Incineroar
|faint|p1b: Incineroar
|move|p1a: Sneasler|Poison Jab|p2b: Raichu
|-damage|p2b: Raichu|0 fnt
|faint|p2b: Raichu
|
|upkeep
|
|t:|1783530719
|switch|p2b: Dragonite|Dragonite, L50, F|79/100
|switch|p1b: Sinistcha|Sinistcha, L50|30/100 par
|-heal|p1a: Sneasler|27/100 par|[from] ability: Hospitality|[of] p1b: Sinistcha
|turn|12
|
|t:|1783530729
|cant|p1a: Sneasler|par
|move|p2b: Dragonite|Extreme Speed|p1a: Sneasler
|-damage|p1a: Sneasler|0 fnt
|faint|p1a: Sneasler
|-damage|p2b: Dragonite|69/100|[from] item: Life Orb
|move|p2a: Ceruledge|Bitter Blade|p1b: Sinistcha
|-supereffective|p1b: Sinistcha|1
|-damage|p1b: Sinistcha|0 fnt
|-heal|p2a: Ceruledge|68/100|[from] drain|[of] p1b: Sinistcha
|faint|p1b: Sinistcha
|
|win|eevee1ynn
||lysha is ready for game 2.
||eevee1ynn is ready for game 2.
|uhtml|next|Next: Game 2 of 3
