|j|☆lordtentacle69
|j|☆dandetheheartless
|html|lordtentacle69dandetheheartless    
|uhtml|bestof|Game 2 of a best-of-3
|t:|1783056931
|gametype|doubles
|player|p1|lordtentacle69|corbeau|1321
|player|p2|dandetheheartless|winona|1344
|gen|9
|tier|[Gen 9 Champions] VGC 2026 Reg M-B (Bo3)
|rated|
|rule|Species Clause: Limit one of each Pokémon
|rule|Item Clause: Limit 1 of each item
|clearpoke
|poke|p1|Aerodactyl, L50, F|
|poke|p1|Charizard, L50, M|
|poke|p1|Kingambit, L50, M|
|poke|p1|Sylveon, L50, F|
|poke|p1|Farigiraf, L50, M|
|poke|p1|Garchomp, L50, F|
|poke|p2|Raichu, L50, M|
|poke|p2|Gholdengo, L50|
|poke|p2|Basculegion, L50, M|
|poke|p2|Whimsicott, L50, F|
|poke|p2|Incineroar, L50, M|
|poke|p2|Ninetales-Alola, L50, M|
|teampreview|4
|showteam|p1|Aerodactyl||Aerodactylite|Unnerve|RockSlide,DualWingbeat,IceFang,Tailwind|Jolly||F|||50|]Charizard||CharizarditeY|Blaze|HeatWave,Protect,SolarBeam,WeatherBall|Modest||M|||50|]Kingambit||FocusSash|Defiant|KowtowCleave,SuckerPunch,LowKick,IronHead|Adamant||M|||50|]Sylveon||FairyFeather|Pixilate|HyperVoice,HyperBeam,QuickAttack,Protect|Modest||F|||50|]Farigiraf||SitrusBerry|ArmorTail|Psychic,Protect,TrickRoom,Thunderbolt|Bold||M|||50|]Garchomp||LifeOrb|RoughSkin|Earthquake,StompingTantrum,DragonClaw,Protect|Jolly||F|||50|
|showteam|p2|Raichu||RaichuniteY|LightningRod|ZapCannon,FocusBlast,FakeOut,Protect|Timid||M|||50|]Gholdengo||LifeOrb|GoodasGold|ShadowBall,MakeItRain,NastyPlot,Protect|Modest|||||50|]Basculegion||MysticWater|Adaptability|WaveCrash,AquaJet,LastRespects,Protect|Adamant||M|||50|]Whimsicott||FocusSash|Prankster|Moonblast,Tailwind,Encore,Protect|Timid||F|||50|]Incineroar||SitrusBerry|Intimidate|FakeOut,PartingShot,ThroatChop,FlareBlitz|Impish||M|||50|]Ninetales-Alola||NeverMeltIce|SnowWarning|Blizzard,FreezeDry,AuroraVeil,Protect|Timid||M|||50|
|inactive|Battle timer is ON: inactive players will automatically lose when time's up. (requested by dandetheheartless)
|inactive|lordtentacle69 has 60 seconds left.
|inactive|dandetheheartless has 60 seconds left.
|
|t:|1783056971
|teamsize|p1|4
|teamsize|p2|4
|start
|switch|p1a: Aerodactyl|Aerodactyl, L50, F|100/100
|switch|p1b: Kingambit|Kingambit, L50, M|100/100
|switch|p2a: Rai Y|Raichu, L50, M|100/100
|switch|p2b: Ninetales|Ninetales-Alola, L50, M|100/100
|-ability|p1a: Aerodactyl|Unnerve
|-weather|Snowscape|[from] ability: Snow Warning|[of] p2b: Ninetales
|turn|1
|
|t:|1783056988
|switch|p1b: Farigiraf|Farigiraf, L50, M|100/100
|detailschange|p1a: Aerodactyl|Aerodactyl-Mega, L50, F
|-mega|p1a: Aerodactyl|Aerodactyl|Aerodactylite
|detailschange|p2a: Rai Y|Raichu-Mega-Y, L50, M
|-mega|p2a: Rai Y|Raichu|Raichunite Y
|move|p2a: Rai Y|Fake Out||[still]
|cant|p1b: Farigiraf|ability: Armor Tail|Fake Out|[of] p2a: Rai Y
|move|p1a: Aerodactyl|Rock Slide|p2a: Rai Y|[spread] p2a,p2b
|-supereffective|p2b: Ninetales|1
|-damage|p2a: Rai Y|52/100
|-damage|p2b: Ninetales|39/100
|move|p2b: Ninetales|Blizzard|p1a: Aerodactyl|[spread] p1a,p1b
|-supereffective|p1a: Aerodactyl|1
|-damage|p1a: Aerodactyl|9/100
|-damage|p1b: Farigiraf|68/100
|
|-weather|Snowscape|[upkeep]
|upkeep
|turn|2
|inactive|lordtentacle69 has 30 seconds left.
|
|t:|1783057018
|switch|p2b: Flair Expert|Incineroar, L50, M|100/100
|-ability|p2b: Flair Expert|Intimidate|boost
|-unboost|p1a: Aerodactyl|atk|1
|-unboost|p1b: Farigiraf|atk|1
|move|p1a: Aerodactyl|Rock Slide|p2a: Rai Y|[spread] p2a,p2b
|-supereffective|p2b: Flair Expert|1
|-damage|p2a: Rai Y|20/100r
|-damage|p2b: Flair Expert|73/100
|move|p2a: Rai Y|Zap Cannon|p1b: Farigiraf
|-damage|p1b: Farigiraf|6/100
|-status|p1b: Farigiraf|par
|-enditem|p1b: Farigiraf|Sitrus Berry|[eat]
|-heal|p1b: Farigiraf|31/100 par|[from] item: Sitrus Berry
|move|p1b: Farigiraf|Psychic|p2a: Rai Y
|-damage|p2a: Rai Y|0 fnt
|faint|p2a: Rai Y
|
|-weather|Snowscape|[upkeep]
|upkeep
|
|t:|1783057026
|switch|p2a: Basculegion|Basculegion, L50, M|100/100
|turn|3
|inactive|lordtentacle69 has 30 seconds left.
|
|t:|1783057054
|switch|p1a: Garchomp|Garchomp, L50, F|100/100
|move|p2a: Basculegion|Last Respects|p1a: Garchomp
|-damage|p1a: Garchomp|25/100
|move|p2b: Flair Expert|Throat Chop|p1b: Farigiraf
|-supereffective|p1b: Farigiraf|1
|-crit|p1b: Farigiraf
|-damage|p1b: Farigiraf|0 fnt
|faint|p1b: Farigiraf
|
|-weather|Snowscape|[upkeep]
|upkeep
|
|t:|1783057067
|switch|p1b: Aerodactyl|Aerodactyl-Mega, L50, F|9/100
|turn|4
|
|t:|1783057079
|move|p2a: Basculegion|Aqua Jet|p1a: Garchomp
|-damage|p1a: Garchomp|0 fnt
|-damage|p2a: Basculegion|87/100|[from] ability: Rough Skin|[of] p1a: Garchomp
|faint|p1a: Garchomp
|move|p1b: Aerodactyl|Rock Slide|p2a: Basculegion|[spread] p2a,p2b
|-supereffective|p2b: Flair Expert|1
|-damage|p2a: Basculegion|52/100
|-damage|p2b: Flair Expert|28/100
|-enditem|p2b: Flair Expert|Sitrus Berry|[eat]
|-heal|p2b: Flair Expert|53/100|[from] item: Sitrus Berry
|cant|p2b: Flair Expert|flinch
|
|-weather|Snowscape|[upkeep]
|upkeep
|
|t:|1783057091
|switch|p1a: Kingambit|Kingambit, L50, M|100/100
|turn|5
|
|t:|1783057102
|move|p2a: Basculegion|Aqua Jet|p1b: Aerodactyl
|-supereffective|p1b: Aerodactyl|1
|-damage|p1b: Aerodactyl|0 fnt
|faint|p1b: Aerodactyl
|move|p1a: Kingambit|Kowtow Cleave|p2a: Basculegion
|-supereffective|p2a: Basculegion|1
|-crit|p2a: Basculegion
|-damage|p2a: Basculegion|0 fnt
|faint|p2a: Basculegion
|move|p2b: Flair Expert|Flare Blitz|p1a: Kingambit
|-supereffective|p1a: Kingambit|1
|-damage|p1a: Kingambit|14/100
|-status|p1a: Kingambit|brn
|-damage|p2b: Flair Expert|28/100|[from] Recoil
|
|-weather|none
|-damage|p1a: Kingambit|8/100 brn|[from] brn
|upkeep
|-message|lordtentacle69 forfeited.
|
|win|dandetheheartless
|raw|lordtentacle69's rating: 1321 → 1302(-19 for losing)
|raw|dandetheheartless's rating: 1344 → 1363(+19 for winning)
