|j|☆sergiovj
|j|☆denaby
|html|sergiovjdenaby    
|uhtml|bestof|Game 3 of a best-of-3
|t:|1782663946
|gametype|doubles
|player|p1|sergiovj|colress|
|player|p2|denaby|sage|
|gen|9
|tier|[Gen 9 Champions] VGC 2026 Reg M-B (Bo3)
|rule|Species Clause: Limit one of each Pokémon
|rule|Item Clause: Limit 1 of each item
|clearpoke
|poke|p1|Snorlax, L50, M|
|poke|p1|Sinistcha, L50|
|poke|p1|Hydreigon, L50, M|
|poke|p1|Charizard, L50, M|
|poke|p1|Grimmsnarl, L50, M|
|poke|p1|Toxapex, L50, M|
|poke|p2|Charizard, L50, M|
|poke|p2|Whimsicott, L50, F|
|poke|p2|Metagross, L50|
|poke|p2|Garchomp, L50, M|
|poke|p2|Kingambit, L50, F|
|poke|p2|Sylveon, L50, F|
|teampreview|4
|showteam|p1|Snorlax||SitrusBerry|ThickFat|Fissure,Yawn,Protect,DoubleEdge|Impish||M|||50|]Sinistcha||ColburBerry|Hospitality|MatchaGotcha,TrickRoom,Protect,RagePowder|Calm|||||50|]Hydreigon||ChoiceScarf|Levitate|HeatWave,DarkPulse,DracoMeteor,Snarl|Modest||M|||50|]Charizard||CharizarditeY|Blaze|Protect,HeatWave,SolarBeam,WeatherBall|Timid||M|||50|]Grimmsnarl||RoseliBerry|Prankster|FakeOut,SpiritBreak,Reflect,PartingShot|Sassy||M|||50|]Toxapex||Leftovers|Regenerator|Infestation,Toxic,BanefulBunker,WideGuard|Bold||M|||50|
|showteam|p2|Charizard||CharizarditeY|Blaze|WeatherBall,HeatWave,SolarBeam,Protect|Modest||M|||50|]Whimsicott||FocusSash|Prankster|Moonblast,Tailwind,Encore,Protect|Timid||F|||50|]Metagross||Metagrossite|ClearBody|IronHead,PsychicFangs,BodyPress,Protect|Jolly|||||50|]Garchomp||LifeOrb|RoughSkin|DragonClaw,StompingTantrum,RockTomb,Protect|Jolly||M|||50|]Kingambit||BlackGlasses|Defiant|SuckerPunch,KowtowCleave,IronHead,Protect|Adamant||F|||50|]Sylveon||FairyFeather|Pixilate|QuickAttack,HyperBeam,HyperVoice,Detect|Modest||F|||50|
|inactive|Battle timer is ON: inactive players will automatically lose when time's up. (requested by sergiovj)
|c|☆denaby|gg
|c|☆denaby|suerte
|c|☆sergiovj|gl!
|j| LyssanTM
|l| LyssanTM
|inactive|sergiovj has 60 seconds left.
|inactive|denaby has 60 seconds left.
|
|t:|1782663996
|teamsize|p1|4
|teamsize|p2|4
|start
|switch|p1a: Grimmsnarl|Grimmsnarl, L50, M|100/100
|switch|p1b: Hydreigon|Hydreigon, L50, M|100/100
|switch|p2a: Metagross|Metagross, L50|100/100
|switch|p2b: Garchomp|Garchomp, L50, M|100/100
|turn|1
|inactive|sergiovj has 30 seconds left.
|inactive|denaby has 30 seconds left.
|inactive|sergiovj has 20 seconds left.
|
|t:|1782664034
|switch|p2b: Sylveon|Sylveon, L50, F|100/100
|detailschange|p2a: Metagross|Metagross-Mega, L50
|-mega|p2a: Metagross|Metagross|Metagrossite
|move|p2a: Metagross|Protect|p2a: Metagross
|-singleturn|p2a: Metagross|Protect
|move|p1a: Grimmsnarl|Reflect|p1a: Grimmsnarl
|-sidestart|p1: sergiovj|Reflect
|move|p1b: Hydreigon|Dark Pulse|p2a: Metagross
|-activate|p2a: Metagross|move: Protect
|
|upkeep
|turn|2
|inactive|sergiovj has 30 seconds left.
|
|t:|1782664062
|switch|p2a: Kingambit|Kingambit, L50, F|100/100
|move|p1a: Grimmsnarl|Parting Shot|p2b: Sylveon
|-unboost|p2b: Sylveon|atk|1
|-unboost|p2b: Sylveon|spa|1
|
|t:|1782664068
|switch|p1a: Charizard|Charizard, L50, M|100/100|[from] Parting Shot
|move|p1b: Hydreigon|Dark Pulse|p2a: Kingambit
|-resisted|p2a: Kingambit|1
|-damage|p2a: Kingambit|80/100
|move|p2b: Sylveon|Hyper Voice|p1b: Hydreigon|[spread] p1a,p1b
|-resisted|p1a: Charizard|1
|-supereffective|p1b: Hydreigon|2
|-damage|p1a: Charizard|80/100
|-damage|p1b: Hydreigon|0 fnt
|faint|p1b: Hydreigon
|
|upkeep
|
|t:|1782664080
|switch|p1b: Toxapex|Toxapex, L50, M|100/100
|turn|3
|inactive|denaby has 30 seconds left.
|inactive|denaby has 20 seconds left.
|inactive|denaby has 15 seconds left.
|inactive|denaby has 10 seconds left.
|
|t:|1782664127
|detailschange|p1a: Charizard|Charizard-Mega-Y, L50, M
|-mega|p1a: Charizard|Charizard|Charizardite Y
|-weather|SunnyDay|[from] ability: Drought|[of] p1a: Charizard
|move|p2b: Sylveon|Detect|p2b: Sylveon
|-singleturn|p2b: Sylveon|Protect
|move|p2a: Kingambit|Sucker Punch|p1a: Charizard
|-damage|p1a: Charizard|46/100
|move|p1a: Charizard|Heat Wave|p2b: Sylveon|[spread] p2a
|-activate|p2b: Sylveon|move: Protect
|-supereffective|p2a: Kingambit|1
|-damage|p2a: Kingambit|0 fnt
|faint|p2a: Kingambit
|move|p1b: Toxapex|Infestation|p2b: Sylveon
|-activate|p2b: Sylveon|move: Protect
|
|-weather|SunnyDay|[upkeep]
|upkeep
|
|t:|1782664140
|switch|p2a: Metagross|Metagross-Mega, L50|100/100
|turn|4
|
|t:|1782664161
|switch|p2b: Garchomp|Garchomp, L50, M|100/100
|move|p1a: Charizard|Protect|p1a: Charizard
|-singleturn|p1a: Charizard|Protect
|move|p2a: Metagross|Psychic Fangs|p1a: Charizard
|-activate|p1a: Charizard|move: Protect
|move|p1b: Toxapex|Toxic|p2b: Garchomp
|-status|p2b: Garchomp|tox
|
|-weather|SunnyDay|[upkeep]
|-damage|p2b: Garchomp|94/100 tox|[from] psn
|upkeep
|turn|5
|
|t:|1782664182
|switch|p1a: Grimmsnarl|Grimmsnarl, L50, M|100/100
|move|p2a: Metagross|Psychic Fangs|p1b: Toxapex
|-sideend|p1: sergiovj|Reflect
|-supereffective|p1b: Toxapex|1
|-damage|p1b: Toxapex|15/100
|move|p2b: Garchomp|Rock Tomb|p1a: Grimmsnarl
|-crit|p1a: Grimmsnarl
|-damage|p1a: Grimmsnarl|63/100
|-unboost|p1a: Grimmsnarl|spe|1
|-damage|p2b: Garchomp|84/100 tox|[from] item: Life Orb
|move|p1b: Toxapex|Infestation|p2a: Metagross
|-crit|p2a: Metagross
|-damage|p2a: Metagross|94/100
|-activate|p2a: Metagross|move: Infestation|[of] p1b: Toxapex
|
|-weather|SunnyDay|[upkeep]
|-heal|p1b: Toxapex|21/100|[from] item: Leftovers
|-damage|p2b: Garchomp|73/100 tox|[from] psn
|-damage|p2a: Metagross|82/100|[from] move: Infestation|[partiallytrapped]
|upkeep
|turn|6
|inactive|sergiovj has 30 seconds left.
|
|t:|1782664214
|switch|p2b: Sylveon|Sylveon, L50, F|100/100
|-heal|p1b: Toxapex|54/100|[from] ability: Regenerator|[silent]
|switch|p1b: Charizard|Charizard-Mega-Y, L50, M|46/100
|move|p1a: Grimmsnarl|Fake Out|p2a: Metagross
|-resisted|p2a: Metagross|1
|-damage|p2a: Metagross|78/100
|cant|p2a: Metagross|flinch
|
|-weather|SunnyDay|[upkeep]
|-end|p2a: Metagross|Infestation|[partiallytrapped]|[silent]
|upkeep
|turn|7
|inactive|sergiovj has 30 seconds left.
|
|t:|1782664240
|move|p1a: Grimmsnarl|Parting Shot|p2a: Metagross
|-unboost|p2a: Metagross|atk|1
|-unboost|p2a: Metagross|spa|1
|
|t:|1782664243
|switch|p1a: Toxapex|Toxapex, L50, M|54/100|[from] Parting Shot
|move|p2a: Metagross|Psychic Fangs|p1b: Charizard
|-damage|p1b: Charizard|1/100
|move|p1b: Charizard|Heat Wave|p2b: Sylveon|[spread] p2a,p2b
|-supereffective|p2a: Metagross|1
|-damage|p2a: Metagross|0 fnt
|-damage|p2b: Sylveon|58/100
|faint|p2a: Metagross
|move|p2b: Sylveon|Hyper Voice|p1a: Toxapex|[spread] p1a,p1b
|-resisted|p1a: Toxapex|1
|-resisted|p1b: Charizard|1
|-damage|p1a: Toxapex|36/100
|-damage|p1b: Charizard|0 fnt
|faint|p1b: Charizard
|
|-weather|none
|-heal|p1a: Toxapex|42/100|[from] item: Leftovers
|upkeep
|
|t:|1782664257
|switch|p2a: Garchomp|Garchomp, L50, M|73/100 tox
|switch|p1b: Grimmsnarl|Grimmsnarl, L50, M|63/100
|turn|8
|
|t:|1782664281
|move|p2b: Sylveon|Detect|p2b: Sylveon
|-singleturn|p2b: Sylveon|Protect
|move|p1b: Grimmsnarl|Fake Out|p2a: Garchomp
|-damage|p2a: Garchomp|61/100 tox
|-damage|p1b: Grimmsnarl|51/100|[from] ability: Rough Skin|[of] p2a: Garchomp
|cant|p2a: Garchomp|flinch
|move|p1a: Toxapex|Infestation|p2a: Garchomp
|-damage|p2a: Garchomp|57/100 tox
|-activate|p2a: Garchomp|move: Infestation|[of] p1a: Toxapex
|-damage|p1a: Toxapex|29/100|[from] ability: Rough Skin|[of] p2a: Garchomp
|
|-heal|p1a: Toxapex|35/100|[from] item: Leftovers
|-damage|p2a: Garchomp|51/100 tox|[from] psn
|-damage|p2a: Garchomp|39/100 tox|[from] move: Infestation|[partiallytrapped]
|upkeep
|turn|9
|
|t:|1782664301
|move|p1a: Toxapex|Baneful Bunker|p1a: Toxapex
|-singleturn|p1a: Toxapex|move: Protect
|move|p1b: Grimmsnarl|Reflect|p1b: Grimmsnarl
|-sidestart|p1: sergiovj|Reflect
|move|p2a: Garchomp|Stomping Tantrum|p1a: Toxapex
|-activate|p1a: Toxapex|move: Protect
|move|p2b: Sylveon|Hyper Voice|p1b: Grimmsnarl|[spread] p1b
|-activate|p1a: Toxapex|move: Protect
|-supereffective|p1b: Grimmsnarl|1
|-enditem|p1b: Grimmsnarl|Roseli Berry|[eat]
|-enditem|p1b: Grimmsnarl|Roseli Berry|[weaken]
|-damage|p1b: Grimmsnarl|9/100
|
|-heal|p1a: Toxapex|41/100|[from] item: Leftovers
|-damage|p2a: Garchomp|28/100 tox|[from] psn
|-damage|p2a: Garchomp|15/100 tox|[from] move: Infestation|[partiallytrapped]
|upkeep
|turn|10
|
|t:|1782664323
|move|p2b: Sylveon|Quick Attack|p1b: Grimmsnarl
|-supereffective|p1b: Grimmsnarl|1
|-crit|p1b: Grimmsnarl
|-damage|p1b: Grimmsnarl|0 fnt
|faint|p1b: Grimmsnarl
|move|p2a: Garchomp|Stomping Tantrum|p1a: Toxapex
|-supereffective|p1a: Toxapex|1
|-damage|p1a: Toxapex|0 fnt
|faint|p1a: Toxapex
|-damage|p2a: Garchomp|6/100 tox|[from] item: Life Orb
|
|win|denaby
|c|☆sergiovj|GG!
|c|☆denaby|gg bro
|c|☆denaby|uf sude
|c|☆sergiovj|si si
|c|☆sergiovj|he metido unas atracadas
|c|☆sergiovj|jasjsajas
|c|☆denaby|en el 1 solo
|c|☆denaby|jajaja
|c|☆denaby|un critico creo que fue
|c|☆sergiovj|si al sylveon
|c|☆denaby|pero gg esta bien
|c|☆denaby|lo subo?
|c|☆sergiovj|y esta el chary a 1 de vida
|c|☆sergiovj|sep pls
|c|☆denaby|te juro que pense en tirarle quick atack por eso mismo
|c|☆denaby|sabia que aguantaba
|c|☆sergiovj|lo llevas muy offenssive no?
