|j|☆beeetch
|j|☆Lightoz
|html|beeetchLightoz    
|uhtml|bestof|Game 2 of a best-of-3
|t:|1756674939
|gametype|doubles
|player|p1|beeetch|beauty-gen4dp|1295
|player|p2|Lightoz|blue-gen2|1365
|gen|9
|tier|[Gen 9] VGC 2025 Reg H (Bo3)
|rated|
|rule|Species Clause: Limit one of each Pokémon
|rule|Item Clause: Limit 1 of each item
|clearpoke
|poke|p1|Toedscruel, L50, F|
|poke|p1|Weezing-Galar, L50, M|
|poke|p1|Corviknight, L50, M|
|poke|p1|Pawmot, L50, F|
|poke|p1|Garchomp, L50, M|
|poke|p1|Typhlosion-Hisui, L50, M|
|poke|p2|Incineroar, L50, F|
|poke|p2|Annihilape, L50, M|
|poke|p2|Dragonite, L50, M|
|poke|p2|Volcarona, L50, M|
|poke|p2|Rillaboom, L50, F|
|poke|p2|Basculegion, L50, M|
|teampreview|4
|showteam|p1|Toedscruel||CovertCloak|MyceliumMight|Spore,EarthPower,AcidSpray,RagePowder|||F|||50|,,,,,Water]Weezing-Galar||ChoiceSpecs|NeutralizingGas|DazzlingGleam,SludgeBomb,StrangeSteam,Flamethrower|||M|||50|,,,,,Fire]Corviknight||SitrusBerry|MirrorArmor|Protect,Tailwind,Roost,BraveBird|||M|||50|,,,,,Dragon]Pawmot||FocusSash|NaturalCure|Protect,CloseCombat,DoubleShock,FakeOut|||F|||50|,,,,,Electric]Garchomp||LifeOrb|RoughSkin|Protect,Earthquake,DragonClaw,StompingTantrum|||M|||50|,,,,,Ground]Typhlosion-Hisui||ChoiceScarf|Blaze|Eruption,SleepTalk,HeatWave,ShadowBall|||M|||50|,,,,,Fire
|showteam|p2|Incineroar||SitrusBerry|Intimidate|FlareBlitz,KnockOff,FakeOut,PartingShot|||F|||50|,,,,,Ghost]Annihilape||SafetyGoggles|Defiant|CloseCombat,RageFist,Coaching,FinalGambit|||M|||50|,,,,,Water]Dragonite||LoadedDice|Multiscale|ScaleShot,ExtremeSpeed,Haze,Protect|||M|||50|,,,,,Normal]Volcarona||Leftovers|FlameBody|HeatWave,TeraBlast,QuiverDance,Protect|||M|||50|,,,,,Fairy]Rillaboom||AssaultVest|GrassySurge|WoodHammer,GrassyGlide,HighHorsepower,FakeOut|||F|||50|,,,,,Fire]Basculegion||ChoiceScarf|Adaptability|WaveCrash,LastRespects,FlipTurn,AquaJet|||M|||50|,,,,,Water
|
|t:|1756674969
|teamsize|p1|4
|teamsize|p2|4
|start
|switch|p1a: Weezing|Weezing-Galar, L50, M|100/100
|switch|p1b: Pawmot|Pawmot, L50, F|100/100
|switch|p2a: Basculegion|Basculegion, L50, M|100/100
|switch|p2b: Dragonite|Dragonite, L50, M|100/100
|-ability|p1a: Weezing|Neutralizing Gas
|turn|1
|
|t:|1756674986
|-terastallize|p1b: Pawmot|Electric
|move|p2b: Dragonite|Protect|p2b: Dragonite
|-singleturn|p2b: Dragonite|Protect
|move|p2a: Basculegion|Flip Turn|p1a: Weezing
|-damage|p1a: Weezing|75/100
|
|t:|1756674989
|switch|p2a: Rillaboom|Rillaboom, L50, F|100/100|[from] Flip Turn
|move|p1b: Pawmot|Double Shock|p2a: Rillaboom
|-resisted|p2a: Rillaboom
|-damage|p2a: Rillaboom|62/100
|-start|p1b: Pawmot|typechange|Electric|[from] move: Double Shock
|move|p1a: Weezing|Dazzling Gleam|p2a: Rillaboom|[spread] p2a
|-activate|p2b: Dragonite|move: Protect
|-damage|p2a: Rillaboom|33/100
|
|upkeep
|turn|2
|
|t:|1756675004
|move|p2a: Rillaboom|Fake Out|p1b: Pawmot
|-damage|p1b: Pawmot|77/100
|cant|p1b: Pawmot|flinch
|move|p2b: Dragonite|Scale Shot|p1b: Pawmot
|-damage|p1b: Pawmot|55/100
|-damage|p1b: Pawmot|29/100
|-damage|p1b: Pawmot|7/100
|-damage|p1b: Pawmot|0 fnt
|faint|p1b: Pawmot
|-hitcount|p1: Pawmot|4
|-unboost|p2b: Dragonite|def|1
|-boost|p2b: Dragonite|spe|1
|move|p1a: Weezing|Dazzling Gleam|p2b: Dragonite|[spread] p2a,p2b
|-crit|p2a: Rillaboom
|-supereffective|p2b: Dragonite
|-damage|p2a: Rillaboom|0 fnt
|-damage|p2b: Dragonite|27/100
|faint|p2a: Rillaboom
|
|upkeep
|
|t:|1756675041
|switch|p1b: Corviknight|Corviknight, L50, M|100/100
|switch|p2a: Volcarona|Volcarona, L50, M|100/100
|turn|3
|
|t:|1756675090
|-terastallize|p2a: Volcarona|Fairy
|move|p1b: Corviknight|Protect|p1b: Corviknight
|-singleturn|p1b: Corviknight|Protect
|move|p2b: Dragonite|Extreme Speed|p1a: Weezing
|-damage|p1a: Weezing|43/100
|move|p2a: Volcarona|Quiver Dance|p2a: Volcarona
|-boost|p2a: Volcarona|spa|1
|-boost|p2a: Volcarona|spd|1
|-boost|p2a: Volcarona|spe|1
|move|p1a: Weezing|Dazzling Gleam|p2b: Dragonite|[spread] p2a,p2b
|-supereffective|p2b: Dragonite
|-crit|p2b: Dragonite
|-damage|p2a: Volcarona|77/100
|-damage|p2b: Dragonite|0 fnt
|faint|p2b: Dragonite
|
|-heal|p2a: Volcarona|83/100|[from] item: Leftovers
|upkeep
|
|t:|1756675093
|switch|p2b: Basculegion|Basculegion, L50, M|100/100
|turn|4
|
|t:|1756675111
|move|p2b: Basculegion|Wave Crash|p1b: Corviknight
|-damage|p1b: Corviknight|56/100
|-damage|p2b: Basculegion|85/100|[from] Recoil
|move|p2a: Volcarona|Heat Wave|p1a: Weezing|[spread] p1a,p1b
|-supereffective|p1b: Corviknight
|-damage|p1a: Weezing|0 fnt
|-damage|p1b: Corviknight|0 fnt
|faint|p1a: Weezing
|-end|p1a: Weezing|ability: Neutralizing Gas
|faint|p1b: Corviknight
|
|-heal|p2a: Volcarona|89/100|[from] item: Leftovers
|upkeep
|
|t:|1756675120
|switch|p1b: Typhlosion|Typhlosion-Hisui, L50, M|100/100
|turn|5
|
|t:|1756675127
|move|p1b: Typhlosion|Shadow Ball|p2b: Basculegion
|-supereffective|p2b: Basculegion
|-damage|p2b: Basculegion|0 fnt
|faint|p2b: Basculegion
|move|p2a: Volcarona|Tera Blast|p1b: Typhlosion|[anim] Tera Blast Fairy
|-resisted|p1b: Typhlosion
|-damage|p1b: Typhlosion|61/100
|
|-heal|p2a: Volcarona|95/100|[from] item: Leftovers
|upkeep
|turn|6
|
|t:|1756675136
|move|p2a: Volcarona|Protect|p2a: Volcarona
|-singleturn|p2a: Volcarona|Protect
|move|p1b: Typhlosion|Shadow Ball|p2a: Volcarona
|-activate|p2a: Volcarona|move: Protect
|
|-heal|p2a: Volcarona|100/100|[from] item: Leftovers
|upkeep
|turn|7
|
|t:|1756675140
|move|p1b: Typhlosion|Shadow Ball|p2a: Volcarona
|-damage|p2a: Volcarona|70/100
|move|p2a: Volcarona|Quiver Dance|p2a: Volcarona
|-boost|p2a: Volcarona|spa|1
|-boost|p2a: Volcarona|spd|1
|-boost|p2a: Volcarona|spe|1
|
|-heal|p2a: Volcarona|76/100|[from] item: Leftovers
|upkeep
|turn|8
|
|t:|1756675146
|move|p2a: Volcarona|Protect|p2a: Volcarona
|-singleturn|p2a: Volcarona|Protect
|move|p1b: Typhlosion|Shadow Ball|p2a: Volcarona
|-activate|p2a: Volcarona|move: Protect
|
|-heal|p2a: Volcarona|82/100|[from] item: Leftovers
|upkeep
|turn|9
|
|t:|1756675150
|move|p2a: Volcarona|Heat Wave|p1b: Typhlosion
|-resisted|p1b: Typhlosion
|-damage|p1b: Typhlosion|0 fnt
|faint|p1b: Typhlosion
|
|win|Lightoz
||Lightoz is ready for game 3.
