|j|☆Sonja Hilmer
|j|☆tessa scarlet
|html|Sonja Hilmertessa scarlet    
|uhtml|bestof|Game 2 of a best-of-3
|t:|1756819177
|gametype|doubles
|player|p1|Sonja Hilmer|lady|1448
|player|p2|tessa scarlet|170|1406
|gen|9
|tier|[Gen 9] VGC 2025 Reg H (Bo3)
|rated|
|rule|Species Clause: Limit one of each Pokémon
|rule|Item Clause: Limit 1 of each item
|clearpoke
|poke|p1|Dachsbun, L50, M|
|poke|p1|Typhlosion-Hisui, L50, F|
|poke|p1|Kingambit, L50, M|
|poke|p1|Jumpluff, L50, M|
|poke|p1|Rillaboom, L50, M|
|poke|p1|Torkoal, L50, M|
|poke|p2|Gholdengo, L50|
|poke|p2|Annihilape, L50, F|
|poke|p2|Volcarona, L50, F|
|poke|p2|Dragonite, L50, M|
|poke|p2|Ninetales-Alola, L50, M|
|poke|p2|Ursaluna-Bloodmoon, L50, M|
|teampreview|4
|showteam|p1|Dachsbun||Leftovers|WellBakedBody|BodyPress,Snarl,HelpingHand,Protect|||M|||50|,,,,,Steel]Typhlosion-Hisui||ChoiceSpecs|Blaze|Eruption,LavaPlume,Overheat,ShadowBall|||F|||50|,,,,,Fire]Kingambit||SafetyGoggles|Defiant|Protect,KowtowCleave,SuckerPunch,SwordsDance|||M|||50|,,,,,Dark]Jumpluff||CovertCloak|Chlorophyll|SleepPowder,SunnyDay,RagePowder,Encore|||M|||50|,,,,,Water]Rillaboom||AssaultVest|GrassySurge|WoodHammer,GrassyGlide,FakeOut,HighHorsepower|||M|||50|,,,,,Water]Torkoal||SitrusBerry|Drought|HeatWave,LavaPlume,ClearSmog,Protect|||M|||50|,,,,,Fairy
|showteam|p2|Gholdengo||LifeOrb|GoodasGold|NastyPlot,MakeItRain,ShadowBall,Protect||||||50|,,,,,Water]Annihilape||SafetyGoggles|Defiant|DrainPunch,RageFist,BulkUp,Protect|||F|||50|,,,,,Fire]Volcarona||SitrusBerry|FlameBody|StruggleBug,Overheat,RagePowder,Tailwind|||F|||50|,,,,,Steel]Dragonite||LoadedDice|Multiscale|ScaleShot,Haze,Tailwind,Protect|||M|||50|,,,,,Steel]Ninetales-Alola||FocusSash|SnowWarning|Blizzard,IcyWind,IcicleSpear,AuroraVeil|||M|||50|,,,,,Ghost]Ursaluna-Bloodmoon||AssaultVest|MindsEye|BloodMoon,HyperVoice,EarthPower,VacuumWave|||M|||50|,,,,,Water
|inactive|Battle timer is ON: inactive players will automatically lose when time's up. (requested by Sonja Hilmer)
|inactive|Sonja Hilmer has 60 seconds left.
|inactive|tessa scarlet has 60 seconds left.
|
|t:|1756819219
|teamsize|p1|4
|teamsize|p2|4
|start
|switch|p1a: Typhlosion|Typhlosion-Hisui, L50, F|100/100
|switch|p1b: Jumpluff|Jumpluff, L50, M|100/100
|switch|p2a: Dragonite|Dragonite, L50, M|100/100
|switch|p2b: Ninetales|Ninetales-Alola, L50, M|100/100
|-weather|Snowscape|[from] ability: Snow Warning|[of] p2b: Ninetales
|turn|1
|
|t:|1756819233
|switch|p1a: Kingambit|Kingambit, L50, M|100/100
|move|p1b: Jumpluff|Sleep Powder|p2b: Ninetales
|-status|p2b: Ninetales|slp|[from] move: Sleep Powder
|cant|p2b: Ninetales|slp
|move|p2a: Dragonite|Scale Shot|p1a: Kingambit
|-resisted|p1a: Kingambit
|-damage|p1a: Kingambit|94/100
|-resisted|p1a: Kingambit
|-damage|p1a: Kingambit|88/100
|-resisted|p1a: Kingambit
|-damage|p1a: Kingambit|82/100
|-resisted|p1a: Kingambit
|-damage|p1a: Kingambit|77/100
|-hitcount|p1a: Kingambit|4
|-unboost|p2a: Dragonite|def|1
|-boost|p2a: Dragonite|spe|1
|
|-weather|Snowscape|[upkeep]
|upkeep
|turn|2
|
|t:|1756819250
|move|p2a: Dragonite|Scale Shot|p1b: Jumpluff
|-damage|p1b: Jumpluff|83/100
|-damage|p1b: Jumpluff|63/100
|-damage|p1b: Jumpluff|43/100
|-damage|p1b: Jumpluff|23/100
|-damage|p1b: Jumpluff|3/100
|-hitcount|p1b: Jumpluff|5
|-unboost|p2a: Dragonite|def|1
|-boost|p2a: Dragonite|spe|1
|move|p1b: Jumpluff|Sleep Powder|p2a: Dragonite
|-status|p2a: Dragonite|slp|[from] move: Sleep Powder
|cant|p2b: Ninetales|slp
|move|p1a: Kingambit|Kowtow Cleave|p2a: Dragonite
|-damage|p2a: Dragonite|45/100 slp
|
|-weather|Snowscape|[upkeep]
|upkeep
|turn|3
|
|t:|1756819272
|cant|p2a: Dragonite|slp
|move|p1b: Jumpluff|Sunny Day|p1b: Jumpluff
|-weather|SunnyDay
|-curestatus|p2b: Ninetales|slp|[msg]
|move|p2b: Ninetales|Blizzard|p1a: Kingambit|[spread] p1a,p1b
|-resisted|p1a: Kingambit
|-supereffective|p1b: Jumpluff
|-damage|p1a: Kingambit|60/100
|-damage|p1b: Jumpluff|0 fnt
|faint|p1b: Jumpluff
|move|p1a: Kingambit|Kowtow Cleave|p2b: Ninetales
|-resisted|p2b: Ninetales
|-damage|p2b: Ninetales|67/100
|
|-weather|SunnyDay|[upkeep]
|upkeep
|
|t:|1756819279
|switch|p1b: Typhlosion|Typhlosion-Hisui, L50, F|100/100
|turn|4
|
|t:|1756819289
|move|p1a: Kingambit|Sucker Punch||[still]
|-fail|p1a: Kingambit
|cant|p2a: Dragonite|slp
|move|p2b: Ninetales|Blizzard|p1a: Kingambit|[spread] p1a
|-miss|p2b: Ninetales|p1b: Typhlosion
|-resisted|p1a: Kingambit
|-damage|p1a: Kingambit|42/100
|move|p1b: Typhlosion|Eruption|p2b: Ninetales|[spread] p2a,p2b
|-resisted|p2a: Dragonite
|-supereffective|p2b: Ninetales
|-damage|p2a: Dragonite|0 fnt
|-damage|p2b: Ninetales|0 fnt
|faint|p2a: Dragonite
|faint|p2b: Ninetales
|
|-weather|SunnyDay|[upkeep]
|upkeep
|
|t:|1756819297
|switch|p2b: Annihilape|Annihilape, L50, F|100/100
|switch|p2a: Volcarona|Volcarona, L50, F|100/100
|turn|5
|
|t:|1756819316
|switch|p1a: Rillaboom|Rillaboom, L50, M|100/100
|-fieldstart|move: Grassy Terrain|[from] ability: Grassy Surge|[of] p1a: Rillaboom
|-terastallize|p1b: Typhlosion|Fire
|-terastallize|p2b: Annihilape|Fire
|move|p2a: Volcarona|Overheat|p1b: Typhlosion
|-resisted|p1b: Typhlosion
|-damage|p1b: Typhlosion|41/100
|-unboost|p2a: Volcarona|spa|2
|move|p1b: Typhlosion|Eruption|p2a: Volcarona|[spread] p2a,p2b
|-resisted|p2b: Annihilape
|-damage|p2a: Volcarona|35/100
|-damage|p2b: Annihilape|74/100
|-enditem|p2a: Volcarona|Sitrus Berry|[eat]
|-heal|p2a: Volcarona|60/100|[from] item: Sitrus Berry
|move|p2b: Annihilape|Drain Punch|p1a: Rillaboom
|-damage|p1a: Rillaboom|71/100
|-heal|p2b: Annihilape|88/100|[from] drain|[of] p1a: Rillaboom
|
|-weather|SunnyDay|[upkeep]
|-heal|p2a: Volcarona|66/100|[from] Grassy Terrain
|-heal|p1b: Typhlosion|47/100|[from] Grassy Terrain
|-heal|p2b: Annihilape|94/100|[from] Grassy Terrain
|-heal|p1a: Rillaboom|77/100|[from] Grassy Terrain
|upkeep
|turn|6
|inactive|Sonja Hilmer has 30 seconds left.
|
|t:|1756819346
|move|p1a: Rillaboom|Fake Out|p2a: Volcarona
|-damage|p2a: Volcarona|49/100
|cant|p2a: Volcarona|flinch
|move|p1b: Typhlosion|Eruption|p2a: Volcarona|[spread] p2a,p2b
|-resisted|p2b: Annihilape
|-damage|p2a: Volcarona|0 fnt
|-damage|p2b: Annihilape|61/100
|faint|p2a: Volcarona
|move|p2b: Annihilape|Rage Fist|p1a: Rillaboom
|-damage|p1a: Rillaboom|17/100
|
|-weather|SunnyDay|[upkeep]
|-heal|p1b: Typhlosion|53/100|[from] Grassy Terrain
|-heal|p2b: Annihilape|67/100|[from] Grassy Terrain
|-heal|p1a: Rillaboom|23/100|[from] Grassy Terrain
|upkeep
|turn|7
|
|t:|1756819360
|move|p1b: Typhlosion|Eruption|p2b: Annihilape
|-resisted|p2b: Annihilape
|-damage|p2b: Annihilape|12/100
|move|p2b: Annihilape|Drain Punch|p1a: Rillaboom
|-damage|p1a: Rillaboom|0 fnt
|-heal|p2b: Annihilape|23/100|[from] drain|[of] p1a: Rillaboom
|faint|p1a: Rillaboom
|
|-weather|none
|-heal|p1b: Typhlosion|59/100|[from] Grassy Terrain
|-heal|p2b: Annihilape|30/100|[from] Grassy Terrain
|upkeep
|
|t:|1756819365
|switch|p1a: Kingambit|Kingambit, L50, M|42/100
|turn|8
|
|t:|1756819368
|move|p1a: Kingambit|Sucker Punch|p2b: Annihilape
|-damage|p2b: Annihilape|0 fnt
|faint|p2b: Annihilape
|
|win|Sonja Hilmer
|raw|Sonja Hilmer's rating: 1448 → 1466(+18 for winning)
|raw|tessa scarlet's rating: 1406 → 1388(-18 for losing)
