|j|☆RamonTheKiller
|j|☆ththththeee
|html|RamonTheKillerththththeee    
|uhtml|bestof|Game 1 of a best-of-3
|t:|1785177492
|gametype|doubles
|player|p1|RamonTheKiller|169|1131
|player|p2|ththththeee|266|1049
|gen|9
|tier|[Gen 9 Champions] VGC 2026 Reg M-B (Bo3)
|rated|
|rule|Species Clause: Limit one of each Pokémon
|rule|Item Clause: Limit 1 of each item
|clearpoke
|poke|p1|Venusaur, L50, M|
|poke|p1|Charizard, L50, M|
|poke|p1|Grimmsnarl, L50, M|
|poke|p1|Archaludon, L50, F|
|poke|p1|Basculegion, L50, M|
|poke|p1|Pelipper, L50, F|
|poke|p2|Whimsicott, L50, M|
|poke|p2|Staraptor, L50, F|
|poke|p2|Garchomp, L50, M|
|poke|p2|Gholdengo, L50|
|poke|p2|Eelektross, L50, M|
|poke|p2|Volcarona, L50, F|
|teampreview|4
|showteam|p1|Venusaur||LifeOrb|Chlorophyll|SludgeBomb,WeatherBall,EnergyBall,Protect|Modest||M|||50|]Charizard||CharizarditeY|Blaze|Protect,HeatWave,SolarBeam,WeatherBall|Modest||M|||50|]Grimmsnarl||LightClay|Prankster|SpiritBreak,LightScreen,Reflect,PartingShot|Sassy||M|||50|]Archaludon||Leftovers|Stamina|ElectroShot,DragonPulse,FlashCannon,Protect|Calm||F|||50|]Basculegion||ChoiceScarf|Adaptability|WaveCrash,LastRespects,AquaJet,FlipTurn|Jolly||M|||50|]Pelipper||SitrusBerry|Drizzle|Hurricane,WeatherBall,Tailwind,WideGuard|Modest||F|||50|
|showteam|p2|Whimsicott||MentalHerb|Prankster|Charm,Encore,HelpingHand,Tailwind|Careful||M|||50|]Staraptor||Staraptite|Intimidate|BraveBird,CloseCombat,Protect,Roost|Adamant||F|||50|]Garchomp||FocusSash|RoughSkin|DragonClaw,Earthquake,IronHead,SwordsDance|Jolly||M|||50|]Gholdengo||LifeOrb|GoodasGold|MakeItRain,NastyPlot,Protect,ShadowBall|Timid|||||50|]Eelektross||Eelektrossite|Levitate|Discharge,DrainPunch,Liquidation,VoltSwitch|Lonely||M|||50|]Volcarona||Leftovers|FlameBody|BugBuzz,FieryDance,QuiverDance,Tailwind|Modest||F|||50|
|inactive|Battle timer is ON: inactive players will automatically lose when time's up. (requested by ththththeee)
|
|t:|1785177515
|teamsize|p1|4
|teamsize|p2|4
|start
|switch|p1a: Charizard|Charizard, L50, M|100/100
|switch|p1b: Grimmsnarl|Grimmsnarl, L50, M|100/100
|switch|p2a: Eelektross|Eelektross, L50, M|100/100
|switch|p2b: Garchomp|Garchomp, L50, M|100/100
|turn|1
|
|t:|1785177539
|detailschange|p1a: Charizard|Charizard-Mega-Y, L50, M
|-mega|p1a: Charizard|Charizard|Charizardite Y
|-weather|SunnyDay|[from] ability: Drought|[of] p1a: Charizard
|detailschange|p2a: Eelektross|Eelektross-Mega, L50, M
|-mega|p2a: Eelektross|Eelektross|Eelektrossite
|move|p1b: Grimmsnarl|Light Screen|p1b: Grimmsnarl
|-sidestart|p1: RamonTheKiller|move: Light Screen
|move|p2b: Garchomp|Iron Head|p1b: Grimmsnarl
|-supereffective|p1b: Grimmsnarl|1
|-damage|p1b: Grimmsnarl|46/100
|move|p1a: Charizard|Heat Wave|p2a: Eelektross|[spread] p2a
|-miss|p1a: Charizard|p2b: Garchomp
|-damage|p2a: Eelektross|23/100
|-status|p2a: Eelektross|brn
|move|p2a: Eelektross|Discharge|p1b: Grimmsnarl|[spread] p1a,p1b
|-immune|p2b: Garchomp
|-supereffective|p1a: Charizard|1
|-damage|p1a: Charizard|67/100
|-damage|p1b: Grimmsnarl|31/100
|-status|p1b: Grimmsnarl|par
|
|-weather|SunnyDay|[upkeep]
|-damage|p2a: Eelektross|17/100 brn|[from] brn
|upkeep
|turn|2
|inactive|ththththeee has 30 seconds left.
|inactive|ththththeee has 20 seconds left.
|inactive|ththththeee has 15 seconds left.
|
|t:|1785177579
|move|p1b: Grimmsnarl|Reflect|p1b: Grimmsnarl
|-sidestart|p1: RamonTheKiller|Reflect
|move|p2b: Garchomp|Swords Dance|p2b: Garchomp
|-boost|p2b: Garchomp|atk|2
|move|p1a: Charizard|Heat Wave|p2b: Garchomp|[spread] p2a,p2b
|-resisted|p2b: Garchomp|1
|-damage|p2a: Eelektross|0 fnt
|-damage|p2b: Garchomp|64/100
|faint|p2a: Eelektross
|
|-weather|SunnyDay|[upkeep]
|upkeep
|
|t:|1785177589
|switch|p2a: Gholdengo|Gholdengo, L50|100/100
|turn|3
|
|t:|1785177607
|move|p1b: Grimmsnarl|Parting Shot|p2b: Garchomp
|-unboost|p2b: Garchomp|atk|1
|-unboost|p2b: Garchomp|spa|1
|
|t:|1785177614
|switch|p1b: Basculegion|Basculegion, L50, M|100/100|[from] Parting Shot
|move|p2b: Garchomp|Dragon Claw|p1a: Charizard
|-damage|p1a: Charizard|26/100
|move|p2a: Gholdengo|Make It Rain|p1a: Charizard|[spread] p1a,p1b
|-resisted|p1a: Charizard|1
|-resisted|p1b: Basculegion|1
|-damage|p1a: Charizard|8/100
|-damage|p1b: Basculegion|74/100
|-unboost|p2a: Gholdengo|spa|2
|-damage|p2a: Gholdengo|90/100|[from] item: Life Orb
|move|p1a: Charizard|Heat Wave|p2b: Garchomp|[spread] p2a,p2b
|-supereffective|p2a: Gholdengo|1
|-resisted|p2b: Garchomp|1
|-damage|p2a: Gholdengo|0 fnt
|-damage|p2b: Garchomp|31/100
|faint|p2a: Gholdengo
|
|-weather|SunnyDay|[upkeep]
|upkeep
|
|t:|1785177627
|switch|p2a: Whimsicott|Whimsicott, L50, M|100/100
|turn|4
|
|t:|1785177641
|switch|p1a: Venusaur|Venusaur, L50, M|100/100
|move|p2a: Whimsicott|Charm|p1b: Basculegion
|-unboost|p1b: Basculegion|atk|2
|move|p1b: Basculegion|Last Respects|p2b: Garchomp
|-damage|p2b: Garchomp|16/100
|move|p2b: Garchomp|Dragon Claw|p1b: Basculegion
|-damage|p1b: Basculegion|30/100
|
|-weather|SunnyDay|[upkeep]
|upkeep
|turn|5
|inactive|ththththeee has 30 seconds left.
|
|t:|1785177667
|move|p2a: Whimsicott|Tailwind|p2a: Whimsicott
|-sidestart|p2: ththththeee|move: Tailwind
|move|p2b: Garchomp|Earthquake|p1a: Venusaur|[spread] p2a,p1a,p1b
|-resisted|p2a: Whimsicott|1
|-damage|p2a: Whimsicott|61/100
|-damage|p1a: Venusaur|44/100
|-damage|p1b: Basculegion|0 fnt
|faint|p1b: Basculegion
|move|p1a: Venusaur|Weather Ball|p2a: Whimsicott
|-supereffective|p2a: Whimsicott|1
|-crit|p2a: Whimsicott
|-damage|p2a: Whimsicott|0 fnt
|faint|p2a: Whimsicott
|-damage|p1a: Venusaur|35/100|[from] item: Life Orb
|
|-weather|none
|upkeep
|
|t:|1785177673
|switch|p1b: Charizard|Charizard-Mega-Y, L50, M|8/100
|-weather|SunnyDay|[from] ability: Drought|[of] p1b: Charizard
|turn|6
|
|t:|1785177684
|move|p2b: Garchomp|Dragon Claw|p1a: Venusaur
|-damage|p1a: Venusaur|0 fnt
|faint|p1a: Venusaur
|move|p1b: Charizard|Weather Ball|p2b: Garchomp
|-resisted|p2b: Garchomp|1
|-damage|p2b: Garchomp|0 fnt
|faint|p2b: Garchomp
|
|win|RamonTheKiller
