|j|☆Porygon77
|j|☆luislm1995
|html|Porygon77luislm1995    
|uhtml|bestof|Game 1 of a best-of-3
|t:|1757745723
|gametype|doubles
|player|p1|Porygon77|169|1001
|player|p2|luislm1995|riley|1017
|gen|9
|tier|[Gen 9] VGC 2025 Reg H (Bo3)
|rated|
|rule|Species Clause: Limit one of each Pokémon
|rule|Item Clause: Limit 1 of each item
|clearpoke
|poke|p1|Cetitan, L50, M|
|poke|p1|Ninetales-Alola, L50, M|
|poke|p1|Clefairy, L50, M|
|poke|p1|Farigiraf, L50, M|
|poke|p1|Dragapult, L50, M|
|poke|p1|Rillaboom, L50, M|
|poke|p2|Dondozo, L50, M|
|poke|p2|Tatsugiri, L50, M|
|poke|p2|Mismagius, L50, F|
|poke|p2|Dragonite, L50, M|
|poke|p2|Amoonguss, L50, M|
|poke|p2|Clefairy, L50, F|
|teampreview|4
|showteam|p1|Cetitan||SitrusBerry|SlushRush|IceSpinner,BellyDrum,Earthquake,Protect|||M|||50|,,,,,Water]Ninetales-Alola||LightClay|SnowWarning|AuroraVeil,Snowscape,Moonblast,Protect|||M|||50|,,,,,Grass]Clefairy||Eviolite|FriendGuard|FollowMe,AfterYou,Encore,HealPulse|||M|||50|,,,,,Dark]Farigiraf||ThroatSpray|ArmorTail|HyperVoice,DazzlingGleam,TrickRoom,Protect|||M|||50|,,,,,Fairy]Dragapult||LifeOrb|ClearBody|DragonDarts,PhantomForce,WillOWisp,Protect|||M|||50|,,,,,Dragon]Rillaboom||CovertCloak|GrassySurge|FakeOut,GrassyGlide,WoodHammer,Uturn|||M|||50|,,,,,Water
|showteam|p2|Dondozo||ClearAmulet|WaterVeil|Liquidation,IceFang,Yawn,Protect|||M|||50|,,,,,Grass]Tatsugiri||IapapaBerry|Commander|MuddyWater,TeraBlast,NastyPlot,Protect|||M|||50|,,,,,Grass]Mismagius||Leftovers|Levitate|Hex,WillOWisp,PerishSong,Protect|||F|||50|,,,,,Electric]Dragonite||LoadedDice|InnerFocus|ScaleShot,FirePunch,DragonDance,Protect|||M|||50|,,,,,Fire]Amoonguss||BlackSludge|EffectSpore|PollenPuff,ClearSmog,RagePowder,Spore|||M|||50|,,,,,Poison]Clefairy||Eviolite|FriendGuard|DrainingKiss,FollowMe,LifeDew,HelpingHand|||F|||50|,,,,,Grass
|inactive|Battle timer is ON: inactive players will automatically lose when time's up. (requested by luislm1995)
|
|t:|1757745744
|teamsize|p1|4
|teamsize|p2|4
|start
|switch|p1a: Ninetales|Ninetales-Alola, L50, M, shiny|100/100
|switch|p1b: Rillaboom|Rillaboom, L50, M, shiny|100/100
|switch|p2a: Dragonite|Dragonite, L50, M|100/100
|switch|p2b: Clefairy|Clefairy, L50, F|100/100
|-weather|Snowscape|[from] ability: Snow Warning|[of] p1a: Ninetales
|-fieldstart|move: Grassy Terrain|[from] ability: Grassy Surge|[of] p1b: Rillaboom
|turn|1
|
|t:|1757745767
|-terastallize|p2a: Dragonite|Fire
|move|p1b: Rillaboom|Fake Out|p2a: Dragonite
|-damage|p2a: Dragonite|91/100
|move|p1a: Ninetales|Aurora Veil|p1a: Ninetales
|-sidestart|p1: Porygon77|move: Aurora Veil
|move|p2a: Dragonite|Dragon Dance|p2a: Dragonite
|-boost|p2a: Dragonite|atk|1
|-boost|p2a: Dragonite|spe|1
|move|p2b: Clefairy|Life Dew||[still]|[spread] p2a,p2b
|-heal|p2a: Dragonite|100/100
|-fail|p2b: Clefairy|heal
|
|-weather|Snowscape|[upkeep]
|upkeep
|turn|2
|inactive|Porygon77 has 30 seconds left.
|
|t:|1757745801
|switch|p1b: Clefairy|Clefairy, L50, M, shiny|100/100
|move|p2b: Clefairy|Helping Hand|p2a: Dragonite
|-singleturn|p2a: Dragonite|Helping Hand|[of] p2b: Clefairy
|move|p1a: Ninetales|Moonblast|p2a: Dragonite
|-resisted|p2a: Dragonite
|-damage|p2a: Dragonite|89/100
|move|p2a: Dragonite|Fire Punch|p1a: Ninetales
|-supereffective|p1a: Ninetales
|-damage|p1a: Ninetales|19/100
|-status|p1a: Ninetales|brn
|
|-weather|Snowscape|[upkeep]
|-heal|p1a: Ninetales|25/100 brn|[from] Grassy Terrain
|-heal|p2a: Dragonite|95/100|[from] Grassy Terrain
|-damage|p1a: Ninetales|19/100 brn|[from] brn
|upkeep
|turn|3
|inactive|Porygon77 has 30 seconds left.
|
|t:|1757745828
|switch|p1a: Rillaboom|Rillaboom, L50, M, shiny|100/100
|move|p1b: Clefairy|Follow Me|p1b: Clefairy
|-singleturn|p1b: Clefairy|move: Follow Me
|move|p2a: Dragonite|Dragon Dance|p2a: Dragonite
|-boost|p2a: Dragonite|atk|1
|-boost|p2a: Dragonite|spe|1
|move|p2b: Clefairy|Draining Kiss|p1b: Clefairy
|-damage|p1b: Clefairy|94/100
|
|-weather|Snowscape|[upkeep]
|-heal|p2a: Dragonite|100/100|[from] Grassy Terrain
|-heal|p1b: Clefairy|99/100|[from] Grassy Terrain
|upkeep
|turn|4
|inactive|Porygon77 has 30 seconds left.
|
|t:|1757745859
|move|p1b: Clefairy|Follow Me|p1b: Clefairy
|-singleturn|p1b: Clefairy|move: Follow Me
|move|p2a: Dragonite|Dragon Dance|p2a: Dragonite
|-boost|p2a: Dragonite|atk|1
|-boost|p2a: Dragonite|spe|1
|move|p1a: Rillaboom|U-turn|p2a: Dragonite
|-resisted|p2a: Dragonite
|-damage|p2a: Dragonite|93/100
|
|t:|1757745867
|switch|p1a: Cetitan|Cetitan, L50, M, shiny|100/100|[from] U-turn
|move|p2b: Clefairy|Life Dew||[still]|[spread] p2a,p2b
|-heal|p2a: Dragonite|100/100
|-fail|p2b: Clefairy|heal
|
|-weather|Snowscape|[upkeep]
|-heal|p1b: Clefairy|100/100|[from] Grassy Terrain
|upkeep
|turn|5
|
|t:|1757745880
|-terastallize|p1a: Cetitan|Water
|move|p2b: Clefairy|Helping Hand|p2a: Dragonite
|-singleturn|p2a: Dragonite|Helping Hand|[of] p2b: Clefairy
|move|p1b: Clefairy|Follow Me|p1b: Clefairy
|-singleturn|p1b: Clefairy|move: Follow Me
|move|p2a: Dragonite|Fire Punch|p1b: Clefairy
|-damage|p1b: Clefairy|29/100
|move|p1a: Cetitan|Belly Drum|p1a: Cetitan
|-damage|p1a: Cetitan|50/100
|-setboost|p1a: Cetitan|atk|6|[from] move: Belly Drum
|-enditem|p1a: Cetitan|Sitrus Berry|[eat]
|-heal|p1a: Cetitan|75/100|[from] item: Sitrus Berry
|
|-weather|none
|-heal|p1a: Cetitan|81/100|[from] Grassy Terrain
|-heal|p1b: Clefairy|36/100|[from] Grassy Terrain
|-fieldend|move: Grassy Terrain
|upkeep
|turn|6
|inactive|luislm1995 has 30 seconds left.
|
|t:|1757745911
|move|p2b: Clefairy|Follow Me|p2b: Clefairy
|-singleturn|p2b: Clefairy|move: Follow Me
|move|p2a: Dragonite|Fire Punch|p1b: Clefairy
|-damage|p1b: Clefairy|0 fnt
|faint|p1b: Clefairy
|move|p1a: Cetitan|Earthquake|p2b: Clefairy|[spread] p2a,p2b
|-supereffective|p2a: Dragonite
|-damage|p2a: Dragonite|0 fnt
|-damage|p2b: Clefairy|21/100
|faint|p2a: Dragonite
|
|upkeep
|
|t:|1757745923
|switch|p2a: Amoonguss|Amoonguss, L50, M|100/100
|switch|p1b: Ninetales|Ninetales-Alola, L50, M, shiny|19/100 brn
|-weather|Snowscape|[from] ability: Snow Warning|[of] p1b: Ninetales
|turn|7
|
|t:|1757745937
|move|p1b: Ninetales|Moonblast|p2b: Clefairy
|-damage|p2b: Clefairy|0 fnt
|faint|p2b: Clefairy
|move|p1a: Cetitan|Ice Spinner|p2a: Amoonguss
|-supereffective|p2a: Amoonguss
|-damage|p2a: Amoonguss|0 fnt
|faint|p2a: Amoonguss
|
|-weather|Snowscape|[upkeep]
|-damage|p1b: Ninetales|13/100 brn|[from] brn
|upkeep
|
|t:|1757745950
|switch|p2b: Mismagius|Mismagius, L50, F|100/100
|turn|8
|
|t:|1757745958
|move|p1b: Ninetales|Moonblast|p2b: Mismagius
|-damage|p2b: Mismagius|55/100
|move|p2b: Mismagius|Will-O-Wisp|p1a: Cetitan
|-status|p1a: Cetitan|brn
|move|p1a: Cetitan|Ice Spinner|p2b: Mismagius
|-damage|p2b: Mismagius|0 fnt
|faint|p2b: Mismagius
|
|win|Porygon77
|inactive|Porygon77 has 30 seconds to confirm battle start!
|inactive|luislm1995 has 30 seconds to confirm battle start!
||Porygon77 is ready for game 2.
|l|☆luislm1995
|player|p2|
||luislm1995 is ready for game 2.
|uhtml|next|Next: Game 2 of 3
