|j|☆The RU Agenda
|j|☆slaurel
|html|The RU Agendaslaurel    
|uhtml|bestof|Game 1 of a best-of-3
|t:|1784129943
|gametype|doubles
|player|p1|The RU Agenda|101|1323
|player|p2|slaurel|steven|1282
|gen|9
|tier|[Gen 9 Champions] VGC 2026 Reg M-B (Bo3)
|rated|
|rule|Species Clause: Limit one of each Pokémon
|rule|Item Clause: Limit 1 of each item
|clearpoke
|poke|p1|Gardevoir, L50, F|
|poke|p1|Basculegion, L50, M|
|poke|p1|Talonflame, L50, M|
|poke|p1|Maushold, L50|
|poke|p1|Kingambit, L50, F|
|poke|p1|Chesnaught, L50, M|
|poke|p2|Charizard, L50, F|
|poke|p2|Farigiraf, L50, M|
|poke|p2|Garchomp, L50, F|
|poke|p2|Aerodactyl, L50, F|
|poke|p2|Kingambit, L50, M|
|poke|p2|Sylveon, L50, F|
|teampreview|4
|showteam|p1|Gardevoir||Gardevoirite|Trace|HyperVoice,Psychic,Thunderbolt,Protect|Modest||F|||50|]Basculegion||ChoiceScarf|Adaptability|WaveCrash,LastRespects,FlipTurn,AquaJet|Jolly||M|||50|]Talonflame||SharpBeak|GaleWings|DualWingbeat,FlareBlitz,Tailwind,Protect|Jolly||M|||50|]Maushold||FocusSash|FriendGuard|SuperFang,Feint,FollowMe,Protect|Jolly|||||50|]Kingambit||ExpertBelt|Defiant|KowtowCleave,SuckerPunch,IronHead,LowKick|Jolly||F|||50|]Chesnaught||Leftovers|Bulletproof|SpikyShield,WideGuard,IronDefense,BodyPress|Impish||M|||50|
|showteam|p2|Charizard||CharizarditeY|Blaze|SolarBeam,HeatWave,Protect,WeatherBall|Timid||F|||50|]Farigiraf||SitrusBerry|ArmorTail|Psychic,Protect,TrickRoom,Thunderbolt|Relaxed||M|||50|]Garchomp||LifeOrb|RoughSkin|Earthquake,DragonClaw,Protect,RockSlide|Jolly||F|||50|]Aerodactyl||Aerodactylite|Unnerve|Tailwind,RockSlide,Protect,IceFang|Jolly||F|||50|]Kingambit||FocusSash|Defiant|SuckerPunch,Protect,IronHead,LowKick|Adamant||M|||50|]Sylveon||FairyFeather|Pixilate|Moonblast,Protect,HyperVoice,QuickAttack|Modest||F|||50|
|inactive|Battle timer is ON: inactive players will automatically lose when time's up. (requested by The RU Agenda)
|
|t:|1784130022
|teamsize|p1|4
|teamsize|p2|4
|start
|switch|p1a: Talonflame|Talonflame, L50, M|100/100
|switch|p1b: Kingambit|Kingambit, L50, F|100/100
|switch|p2a: Charizard|Charizard, L50, F|100/100
|switch|p2b: Garchomp|Garchomp, L50, F|100/100
|turn|1
|
|t:|1784130037
|detailschange|p2a: Charizard|Charizard-Mega-Y, L50, F
|-mega|p2a: Charizard|Charizard|Charizardite Y
|-weather|SunnyDay|[from] ability: Drought|[of] p2a: Charizard
|move|p1a: Talonflame|Tailwind|p1a: Talonflame
|-sidestart|p1: The RU Agenda|move: Tailwind
|move|p1b: Kingambit|Kowtow Cleave|p2a: Charizard
|-damage|p2a: Charizard|33/100
|move|p2b: Garchomp|Rock Slide|p1a: Talonflame|[spread] p1a,p1b
|-supereffective|p1a: Talonflame|2
|-resisted|p1b: Kingambit|1
|-damage|p1a: Talonflame|0 fnt
|-damage|p1b: Kingambit|89/100
|faint|p1a: Talonflame
|-damage|p2b: Garchomp|90/100|[from] item: Life Orb
|move|p2a: Charizard|Heat Wave|p1b: Kingambit|[miss]
|-miss|p2a: Charizard|p1b: Kingambit
|
|-weather|SunnyDay|[upkeep]
|upkeep
|
|t:|1784130047
|switch|p1a: Gardevoir|Gardevoir, L50, F|100/100
|-ability|p1a: Gardevoir|Rough Skin|Trace|[from] ability: Trace|[of] p2b: Garchomp
|turn|2
|
|t:|1784130063
|detailschange|p1a: Gardevoir|Gardevoir-Mega, L50, F
|-mega|p1a: Gardevoir|Gardevoir|Gardevoirite
|move|p2a: Charizard|Protect|p2a: Charizard
|-singleturn|p2a: Charizard|Protect
|move|p1a: Gardevoir|Hyper Voice|p2a: Charizard|[spread] p2b
|-activate|p2a: Charizard|move: Protect
|-supereffective|p2b: Garchomp|1
|-damage|p2b: Garchomp|0 fnt
|faint|p2b: Garchomp
|move|p1b: Kingambit|Kowtow Cleave|p2a: Charizard
|-activate|p2a: Charizard|move: Protect
|
|-weather|SunnyDay|[upkeep]
|upkeep
|
|t:|1784130078
|switch|p2b: Sylveon|Sylveon, L50, F|100/100
|turn|3
|
|t:|1784130083
|switch|p2a: Farigiraf|Farigiraf, L50, M|100/100
|move|p1a: Gardevoir|Thunderbolt|p2a: Farigiraf
|-damage|p2a: Farigiraf|66/100
|move|p1b: Kingambit|Iron Head|p2b: Sylveon
|-supereffective|p2b: Sylveon|1
|-damage|p2b: Sylveon|0 fnt
|faint|p2b: Sylveon
|
|-weather|SunnyDay|[upkeep]
|upkeep
|
|t:|1784130098
|switch|p2b: Charizard|Charizard-Mega-Y, L50, F|33/100
|turn|4
|
|t:|1784130103
|move|p2b: Charizard|Protect|p2b: Charizard
|-singleturn|p2b: Charizard|Protect
|move|p2a: Farigiraf|Protect|p2a: Farigiraf
|-singleturn|p2a: Farigiraf|Protect
|move|p1a: Gardevoir|Thunderbolt|p2b: Charizard
|-activate|p2b: Charizard|move: Protect
|move|p1b: Kingambit|Kowtow Cleave|p2a: Farigiraf
|-activate|p2a: Farigiraf|move: Protect
|
|-weather|SunnyDay|[upkeep]
|-sideend|p1: The RU Agenda|move: Tailwind
|upkeep
|turn|5
|
|t:|1784130127
|move|p2b: Charizard|Heat Wave|p1a: Gardevoir|[spread] p1a,p1b
|-supereffective|p1b: Kingambit|1
|-damage|p1a: Gardevoir|43/100
|-damage|p1b: Kingambit|0 fnt
|faint|p1b: Kingambit
|move|p1a: Gardevoir|Thunderbolt|p2b: Charizard
|-supereffective|p2b: Charizard|1
|-damage|p2b: Charizard|0 fnt
|faint|p2b: Charizard
|move|p2a: Farigiraf|Thunderbolt|p1a: Gardevoir
|-damage|p1a: Gardevoir|23/100
|
|-weather|none
|upkeep
|
|t:|1784130131
|switch|p1b: Basculegion|Basculegion, L50, M|100/100
|turn|6
|
|t:|1784130142
|move|p1b: Basculegion|Wave Crash|p2a: Farigiraf
|-damage|p2a: Farigiraf|6/100
|-enditem|p2a: Farigiraf|Sitrus Berry|[eat]
|-heal|p2a: Farigiraf|31/100|[from] item: Sitrus Berry
|-damage|p1b: Basculegion|78/100|[from] Recoil
|move|p1a: Gardevoir|Hyper Voice|p2a: Farigiraf
|-damage|p2a: Farigiraf|0 fnt
|faint|p2a: Farigiraf
|
|win|The RU Agenda
|inactive|The RU Agenda has 30 seconds to confirm battle start!
|inactive|slaurel has 30 seconds to confirm battle start!
||The RU Agenda is ready for game 2.
|inactive|slaurel has 20 seconds to confirm battle start!
|inactive|slaurel has 10 seconds to confirm battle start!
|uhtml|next|Next: Game 2 of 3
|l|☆slaurel
|player|p2|
