|j|☆Gozante
|j|☆PikaTROD
|html|GozantePikaTROD    
|uhtml|bestof|Game 3 of a best-of-3
|t:|1756243160
|gametype|doubles
|player|p1|Gozante|102|1463
|player|p2|PikaTROD|265|1349
|gen|9
|tier|[Gen 9] VGC 2025 Reg H (Bo3)
|rated|
|rule|Species Clause: Limit one of each Pokémon
|rule|Item Clause: Limit 1 of each item
|clearpoke
|poke|p1|Pelipper, L50, F|
|poke|p1|Archaludon, L50, M|
|poke|p1|Sinistcha, L50|
|poke|p1|Ursaluna, L50, F|
|poke|p1|Dragonite, L50, F|
|poke|p1|Incineroar, L50, M|
|poke|p2|Kingambit, L50, M|
|poke|p2|Primarina, L50, M|
|poke|p2|Sneasler, L50, M|
|poke|p2|Magmar, L50, F|
|poke|p2|Rillaboom, L50, M|
|poke|p2|Dragapult, L50, F|
|teampreview|4
|showteam|p1|Pelipper||FocusSash|Drizzle|MuddyWater,Hurricane,WideGuard,Tailwind|||F|||50|,,,,,Ghost]Archaludon||AssaultVest|Stamina|FlashCannon,BodyPress,ElectroShot,Snarl|||M|||50|,,,,,Bug]Sinistcha||SitrusBerry|Hospitality|MatchaGotcha,LifeDew,RagePowder,TrickRoom||||||50|,,,,,Dark]Ursaluna||FlameOrb|Guts|Protect,Facade,HeadlongRush,Earthquake|||F|||50|,,,,,Ghost]Dragonite||LoadedDice|Multiscale|Protect,ScaleShot,Haze,Tailwind|||F|||50|,,,,,Fairy]Incineroar||SafetyGoggles|Intimidate|FakeOut,PartingShot,KnockOff,FlareBlitz|||M|||50|,,,,,Ghost
|showteam|p2|Kingambit||BlackGlasses|Defiant|KowtowCleave,SuckerPunch,SwordsDance,Protect|||M|||50|,,,,,Dark]Primarina||SitrusBerry|LiquidVoice|HyperVoice,Moonblast,Haze,Protect|||M|||50|,,,,,Poison]Sneasler||FocusSash|PoisonTouch|CloseCombat,DireClaw,FakeOut,Protect|||M|||50|,,,,,Ghost]Magmar||Eviolite|VitalSpirit|Overheat,WillOWisp,FollowMe,Protect|||F|||50|,,,,,Ghost]Rillaboom||AssaultVest|GrassySurge|WoodHammer,GrassyGlide,HighHorsepower,FakeOut|||M|||50|,,,,,Fire]Dragapult||ChoiceBand|ClearBody|DragonDarts,PhantomForce,Outrage,Uturn|||F|||50|,,,,,Dragon
|
|t:|1756243221
|teamsize|p1|4
|teamsize|p2|4
|start
|switch|p1a: Pelipper|Pelipper, L50, F|100/100
|switch|p1b: Archaludon|Archaludon, L50, M|100/100
|switch|p2a: Dragapult|Dragapult, L50, F|100/100
|switch|p2b: Sneasler|Sneasler, L50, M|100/100
|-weather|RainDance|[from] ability: Drizzle|[of] p1a: Pelipper
|turn|1
|inactive|Battle timer is ON: inactive players will automatically lose when time's up. (requested by PikaTROD)
|l|☆PikaTROD
|inactive|PikaTROD disconnected and has a minute to reconnect!
|player|p2|
|j|☆PikaTROD
|inactive|PikaTROD reconnected and has 70 seconds left.
|player|p2|PikaTROD|265|
|inactive|PikaTROD has 60 seconds left.
|
|t:|1756243274
|-terastallize|p2a: Dragapult|Dragon
|move|p2a: Dragapult|Outrage|p1b: Archaludon
|-damage|p1b: Archaludon|0 fnt
|faint|p1b: Archaludon
|move|p2b: Sneasler|Close Combat|p1a: Pelipper
|-resisted|p1a: Pelipper
|-damage|p1a: Pelipper|60/100
|-unboost|p2b: Sneasler|def|1
|-unboost|p2b: Sneasler|spd|1
|-status|p1a: Pelipper|psn|[from] ability: Poison Touch|[of] p2b: Sneasler
|move|p1a: Pelipper|Tailwind|p1a: Pelipper
|-sidestart|p1: Gozante|move: Tailwind
|
|-weather|RainDance|[upkeep]
|-damage|p1a: Pelipper|48/100 psn|[from] psn
|upkeep
|
|t:|1756243286
|switch|p1b: Dragonite|Dragonite, L50, F|100/100
|turn|2
|
|t:|1756243302
|switch|p2b: Kingambit|Kingambit, L50, M|100/100
|move|p1b: Dragonite|Scale Shot|p2a: Dragapult
|-supereffective|p2a: Dragapult
|-damage|p2a: Dragapult|59/100
|-supereffective|p2a: Dragapult
|-damage|p2a: Dragapult|21/100
|-supereffective|p2a: Dragapult
|-damage|p2a: Dragapult|0 fnt
|faint|p2a: Dragapult
|-hitcount|p2: Dragapult|3
|-unboost|p1b: Dragonite|def|1
|-boost|p1b: Dragonite|spe|1
|move|p1a: Pelipper|Muddy Water|p2b: Kingambit
|-damage|p2b: Kingambit|41/100
|-unboost|p2b: Kingambit|accuracy|1
|-ability|p2b: Kingambit|Defiant|boost
|-boost|p2b: Kingambit|atk|2
|
|-weather|RainDance|[upkeep]
|-damage|p1a: Pelipper|35/100 psn|[from] psn
|upkeep
|inactive|PikaTROD has 30 seconds left.
|inactive|PikaTROD has 20 seconds left.
|
|t:|1756243341
|switch|p2a: Rillaboom|Rillaboom, L50, M|100/100
|-fieldstart|move: Grassy Terrain|[from] ability: Grassy Surge|[of] p2a: Rillaboom
|turn|3
|inactive|Gozante has 30 seconds left.
|inactive|PikaTROD has 30 seconds left.
|
|t:|1756243369
|move|p1b: Dragonite|Protect|p1b: Dragonite
|-singleturn|p1b: Dragonite|Protect
|move|p2a: Rillaboom|Grassy Glide|p1a: Pelipper
|-damage|p1a: Pelipper|0 fnt
|faint|p1a: Pelipper
|move|p2b: Kingambit|Kowtow Cleave|p1b: Dragonite
|-activate|p1b: Dragonite|move: Protect
|
|-weather|RainDance|[upkeep]
|-heal|p2b: Kingambit|46/100|[from] Grassy Terrain
|upkeep
|
|t:|1756243374
|switch|p1a: Sinistcha|Sinistcha, L50|100/100
|turn|4
|inactive|PikaTROD has 30 seconds left.
|
|t:|1756243403
|-terastallize|p1a: Sinistcha|Dark
|move|p1b: Dragonite|Haze|p1b: Dragonite
|-clearallboost
|move|p1a: Sinistcha|Matcha Gotcha|p2a: Rillaboom|[spread] p2a,p2b
|-resisted|p2a: Rillaboom
|-resisted|p2b: Kingambit
|-damage|p2a: Rillaboom|89/100
|-damage|p2b: Kingambit|32/100
|move|p2a: Rillaboom|Wood Hammer|p1a: Sinistcha
|-damage|p1a: Sinistcha|33/100
|-enditem|p1a: Sinistcha|Sitrus Berry|[eat]
|-heal|p1a: Sinistcha|58/100|[from] item: Sitrus Berry
|-damage|p2a: Rillaboom|69/100|[from] Recoil
|move|p2b: Kingambit|Kowtow Cleave|p1a: Sinistcha
|-resisted|p1a: Sinistcha
|-damage|p1a: Sinistcha|32/100
|
|-weather|RainDance|[upkeep]
|-heal|p1a: Sinistcha|38/100|[from] Grassy Terrain
|-heal|p2a: Rillaboom|75/100|[from] Grassy Terrain
|-heal|p2b: Kingambit|38/100|[from] Grassy Terrain
|-sideend|p1: Gozante|move: Tailwind
|upkeep
|turn|5
|inactive|PikaTROD has 30 seconds left.
|inactive|PikaTROD has 20 seconds left.
|inactive|PikaTROD has 15 seconds left.
|inactive|PikaTROD has 10 seconds left.
|
|t:|1756243452
|move|p2a: Rillaboom|Grassy Glide|p1a: Sinistcha
|-damage|p1a: Sinistcha|6/100
|move|p1b: Dragonite|Scale Shot|p2b: Kingambit
|-resisted|p2b: Kingambit
|-damage|p2b: Kingambit|32/100
|-resisted|p2b: Kingambit
|-damage|p2b: Kingambit|26/100
|-resisted|p2b: Kingambit
|-damage|p2b: Kingambit|20/100
|-resisted|p2b: Kingambit
|-damage|p2b: Kingambit|14/100
|-resisted|p2b: Kingambit
|-damage|p2b: Kingambit|8/100
|-hitcount|p2b: Kingambit|5
|-unboost|p1b: Dragonite|def|1
|-boost|p1b: Dragonite|spe|1
|move|p1a: Sinistcha|Matcha Gotcha|p2b: Kingambit|[spread] p2a,p2b
|-resisted|p2a: Rillaboom
|-resisted|p2b: Kingambit
|-damage|p2a: Rillaboom|64/100
|-heal|p1a: Sinistcha|12/100|[from] drain|[of] p2a: Rillaboom
|-damage|p2b: Kingambit|0 fnt
|-heal|p1a: Sinistcha|17/100|[from] drain|[of] p2b: Kingambit
|faint|p2b: Kingambit
|
|-weather|none
|-heal|p2a: Rillaboom|70/100|[from] Grassy Terrain
|-heal|p1a: Sinistcha|23/100|[from] Grassy Terrain
|upkeep
|
|t:|1756243467
|switch|p2b: Sneasler|Sneasler, L50, M|100/100
|turn|6
|
|t:|1756243483
|move|p1b: Dragonite|Protect|p1b: Dragonite
|-singleturn|p1b: Dragonite|Protect
|move|p2b: Sneasler|Fake Out|p1b: Dragonite
|-activate|p1b: Dragonite|move: Protect
|move|p2a: Rillaboom|Grassy Glide|p1a: Sinistcha
|-damage|p1a: Sinistcha|0 fnt
|faint|p1a: Sinistcha
|
|-heal|p2a: Rillaboom|76/100|[from] Grassy Terrain
|upkeep
|turn|7
|
|t:|1756243497
|move|p2b: Sneasler|Protect|p2b: Sneasler
|-singleturn|p2b: Sneasler|Protect
|move|p1b: Dragonite|Scale Shot|p2b: Sneasler
|-activate|p2b: Sneasler|move: Protect
|move|p2a: Rillaboom|Wood Hammer|p1b: Dragonite
|-resisted|p1b: Dragonite
|-damage|p1b: Dragonite|84/100
|-damage|p2a: Rillaboom|71/100|[from] Recoil
|
|-heal|p2a: Rillaboom|77/100|[from] Grassy Terrain
|-fieldend|move: Grassy Terrain
|upkeep
|turn|8
|
|t:|1756243505
|move|p1b: Dragonite|Scale Shot|p2b: Sneasler
|-damage|p2b: Sneasler|73/100
|-damage|p2b: Sneasler|48/100
|-damage|p2b: Sneasler|22/100
|-damage|p2b: Sneasler|0 fnt
|faint|p2b: Sneasler
|-hitcount|p2: Sneasler|4
|-unboost|p1b: Dragonite|def|1
|-boost|p1b: Dragonite|spe|1
|move|p2a: Rillaboom|Wood Hammer|p1b: Dragonite
|-resisted|p1b: Dragonite
|-damage|p1b: Dragonite|50/100
|-damage|p2a: Rillaboom|68/100|[from] Recoil
|
|upkeep
|turn|9
|
|t:|1756243520
|move|p1b: Dragonite|Scale Shot|p2a: Rillaboom
|-damage|p2a: Rillaboom|55/100
|-damage|p2a: Rillaboom|40/100
|-crit|p2a: Rillaboom
|-damage|p2a: Rillaboom|19/100
|-damage|p2a: Rillaboom|4/100
|-hitcount|p2a: Rillaboom|4
|-unboost|p1b: Dragonite|def|1
|-boost|p1b: Dragonite|spe|1
|move|p2a: Rillaboom|Wood Hammer|p1b: Dragonite
|-resisted|p1b: Dragonite
|-damage|p1b: Dragonite|9/100
|-damage|p2a: Rillaboom|0 fnt|[from] Recoil
|faint|p2a: Rillaboom
|
|win|Gozante
|raw|Gozante's rating: 1463 → 1477(+14 for winning)
|raw|PikaTROD's rating: 1349 → 1335(-14 for losing)
