|j|☆breloomb01
|j|☆ciuk88
|html|breloomb01ciuk88    
|uhtml|bestof|Game 2 of a best-of-3
|t:|1785355997
|gametype|doubles
|player|p1|breloomb01|roughneck|1172
|player|p2|ciuk88|2|1172
|gen|9
|tier|[Gen 9 Champions] VGC 2026 Reg M-B (Bo3)
|rated|
|rule|Species Clause: Limit one of each Pokémon
|rule|Item Clause: Limit 1 of each item
|clearpoke
|poke|p1|Floette-Eternal, L50, F|
|poke|p1|Incineroar, L50, M|
|poke|p1|Sinistcha, L50|
|poke|p1|Garchomp, L50, M|
|poke|p1|Sneasler, L50, M|
|poke|p1|Rotom-Wash, L50|
|poke|p2|Ceruledge, L50, M|
|poke|p2|Mawile, L50, M|
|poke|p2|Incineroar, L50, F|
|poke|p2|Sinistcha, L50|
|poke|p2|Milotic, L50, F|
|poke|p2|Raichu, L50, F|
|teampreview|4
|showteam|p1|Floette-Eternal||Floettite|FlowerVeil|DrainingKiss,DazzlingGleam,CalmMind,Protect|Modest||F|||50|]Incineroar||SitrusBerry|Intimidate|FakeOut,FlareBlitz,ThroatChop,PartingShot|Careful||M|||50|]Sinistcha||KasibBerry|Hospitality|Protect,RagePowder,MatchaGotcha,TrickRoom|Calm|||||50|]Garchomp||LifeOrb|RoughSkin|Earthquake,DragonClaw,RockSlide,Protect|Jolly||M|||50|]Sneasler||FocusSash|PoisonTouch|FakeOut,DireClaw,CloseCombat,Protect|Jolly||M|||50|]Rotom-Wash||Leftovers|Levitate|HydroPump,Protect,WillOWisp,Electroweb|Bold|||||50|
|showteam|p2|Ceruledge||ColburBerry|FlashFire|BitterBlade,ShadowSneak,BulkUp,Protect|Adamant||M|||50|]Mawile||Mawilite|HyperCutter|SuckerPunch,PlayRough,Protect,SwordsDance|Adamant||M|||50|]Incineroar||SitrusBerry|Intimidate|FakeOut,PartingShot,FlareBlitz,ThroatChop|Impish||F|||50|]Sinistcha||KasibBerry|Hospitality|MatchaGotcha,LifeDew,Protect,RagePowder|Relaxed|||||50|]Milotic||Leftovers|Competitive|MuddyWater,Coil,Protect,Hypnosis|Calm||F|||50|]Raichu||RaichuniteY|LightningRod|FakeOut,ZapCannon,FocusBlast,Protect|Timid||F|||50|
|
|t:|1785356023
|teamsize|p1|4
|teamsize|p2|4
|start
|switch|p1a: Sinistcha|Sinistcha, L50|100/100
|switch|p1b: Rotom|Rotom-Wash, L50|100/100
|switch|p2a: Incineroar|Incineroar, L50, F|100/100
|switch|p2b: Mawile|Mawile, L50, M|100/100
|-ability|p2a: Incineroar|Intimidate|boost
|-unboost|p1a: Sinistcha|atk|1
|-unboost|p1b: Rotom|atk|1
|turn|1
|
|t:|1785356038
|detailschange|p2b: Mawile|Mawile-Mega, L50, M
|-mega|p2b: Mawile|Mawile|Mawilite
|move|p2a: Incineroar|Fake Out|p1b: Rotom
|-damage|p1b: Rotom|88/100
|cant|p1b: Rotom|flinch
|move|p1a: Sinistcha|Matcha Gotcha|p2a: Incineroar|[spread] p2b
|-miss|p1a: Sinistcha|p2a: Incineroar
|-resisted|p2b: Mawile|1
|-damage|p2b: Mawile|88/100
|-status|p2b: Mawile|brn
|move|p2b: Mawile|Swords Dance|p2b: Mawile
|-boost|p2b: Mawile|atk|2
|
|-heal|p1b: Rotom|94/100|[from] item: Leftovers
|-damage|p2b: Mawile|82/100 brn|[from] brn
|upkeep
|turn|2
|
|t:|1785356084
|move|p1a: Sinistcha|Protect|p1a: Sinistcha
|-singleturn|p1a: Sinistcha|Protect
|move|p1b: Rotom|Electroweb|p2b: Mawile|[spread] p2a,p2b
|-damage|p2a: Incineroar|87/100
|-damage|p2b: Mawile|69/100 brn
|-unboost|p2a: Incineroar|spe|1
|-unboost|p2b: Mawile|spe|1
|move|p2a: Incineroar|Parting Shot|p1b: Rotom
|-unboost|p1b: Rotom|atk|1
|-unboost|p1b: Rotom|spa|1
|
|t:|1785356091
|switch|p2a: Sinistcha|Sinistcha, L50|100/100|[from] Parting Shot
|-heal|p2b: Mawile|94/100 brn|[from] ability: Hospitality|[of] p2a: Sinistcha
|move|p2b: Mawile|Swords Dance|p2b: Mawile
|-boost|p2b: Mawile|atk|2
|
|-heal|p1b: Rotom|100/100|[from] item: Leftovers
|-damage|p2b: Mawile|88/100 brn|[from] brn
|upkeep
|turn|3
|
|t:|1785356104
|move|p1b: Rotom|Will-O-Wisp|p2a: Sinistcha
|-status|p2a: Sinistcha|brn
|move|p1a: Sinistcha|Matcha Gotcha|p2b: Mawile|[spread] p2a,p2b
|-resisted|p2a: Sinistcha|1
|-resisted|p2b: Mawile|1
|-damage|p2a: Sinistcha|89/100 brn
|-damage|p2b: Mawile|75/100 brn
|move|p2a: Sinistcha|Matcha Gotcha|p1b: Rotom|[spread] p1a,p1b
|-resisted|p1a: Sinistcha|1
|-supereffective|p1b: Rotom|1
|-damage|p1a: Sinistcha|89/100
|-heal|p2a: Sinistcha|94/100 brn|[from] drain|[of] p1a: Sinistcha
|-damage|p1b: Rotom|52/100
|-heal|p2a: Sinistcha|100/100 brn|[from] drain|[of] p1b: Rotom
|move|p2b: Mawile|Swords Dance|p2b: Mawile
|-boost|p2b: Mawile|atk|2
|
|-heal|p1b: Rotom|58/100|[from] item: Leftovers
|-damage|p2a: Sinistcha|93/100 brn|[from] brn
|-damage|p2b: Mawile|70/100 brn|[from] brn
|upkeep
|turn|4
|
|t:|1785356113
|move|p1a: Sinistcha|Protect|p1a: Sinistcha
|-singleturn|p1a: Sinistcha|Protect
|move|p1b: Rotom|Electroweb|p2a: Sinistcha|[spread] p2a,p2b
|-resisted|p2a: Sinistcha|1
|-damage|p2a: Sinistcha|88/100 brn
|-damage|p2b: Mawile|59/100 brn
|-unboost|p2a: Sinistcha|spe|1
|-unboost|p2b: Mawile|spe|1
|move|p2a: Sinistcha|Matcha Gotcha|p1a: Sinistcha|[spread] p1b
|-activate|p1a: Sinistcha|move: Protect
|-supereffective|p1b: Rotom|1
|-crit|p1b: Rotom
|-damage|p1b: Rotom|0 fnt
|-heal|p2a: Sinistcha|100/100 brn|[from] drain|[of] p1b: Rotom
|faint|p1b: Rotom
|move|p2b: Mawile|Play Rough|p1a: Sinistcha
|-activate|p1a: Sinistcha|move: Protect
|
|-damage|p2a: Sinistcha|93/100 brn|[from] brn
|-damage|p2b: Mawile|54/100 brn|[from] brn
|upkeep
|
|t:|1785356115
|switch|p1b: Garchomp|Garchomp, L50, M|100/100
|turn|5
|
|t:|1785356123
|move|p1a: Sinistcha|Rage Powder|p1a: Sinistcha
|-singleturn|p1a: Sinistcha|move: Rage Powder
|move|p1b: Garchomp|Earthquake|p2b: Mawile|[spread] p1a,p2a,p2b
|-resisted|p1a: Sinistcha|1
|-resisted|p2a: Sinistcha|1
|-supereffective|p2b: Mawile|1
|-damage|p1a: Sinistcha|68/100
|-damage|p2a: Sinistcha|71/100 brn
|-damage|p2b: Mawile|0 fnt
|faint|p2b: Mawile
|-damage|p1b: Garchomp|90/100|[from] item: Life Orb
|move|p2a: Sinistcha|Matcha Gotcha|p1b: Garchomp|[spread] p1a,p1b
|-resisted|p1a: Sinistcha|1
|-damage|p1a: Sinistcha|57/100
|-heal|p2a: Sinistcha|77/100 brn|[from] drain|[of] p1a: Sinistcha
|-damage|p1b: Garchomp|63/100
|-heal|p2a: Sinistcha|91/100 brn|[from] drain|[of] p1b: Garchomp
|
|-damage|p2a: Sinistcha|84/100 brn|[from] brn
|upkeep
|
|t:|1785356131
|switch|p2b: Incineroar|Incineroar, L50, F|87/100
|-ability|p2b: Incineroar|Intimidate|boost
|-unboost|p1a: Sinistcha|atk|1
|-unboost|p1b: Garchomp|atk|1
|turn|6
|
|t:|1785356139
|switch|p1a: Floette|Floette-Eternal, L50, F|100/100
|move|p1b: Garchomp|Protect|p1b: Garchomp
|-singleturn|p1b: Garchomp|Protect
|move|p2b: Incineroar|Fake Out|p1b: Garchomp
|-activate|p1b: Garchomp|move: Protect
|move|p2a: Sinistcha|Matcha Gotcha|p1a: Floette|[spread] p1a
|-activate|p1b: Garchomp|move: Protect
|-damage|p1a: Floette|79/100
|-heal|p2a: Sinistcha|95/100 brn|[from] drain|[of] p1a: Floette
|-status|p1a: Floette|brn
|
|-damage|p1a: Floette|73/100 brn|[from] brn
|-damage|p2a: Sinistcha|89/100 brn|[from] brn
|upkeep
|turn|7
|
|t:|1785356161
|switch|p1b: Sinistcha|Sinistcha, L50|57/100
|-heal|p1a: Floette|98/100 brn|[from] ability: Hospitality|[of] p1b: Sinistcha
|detailschange|p1a: Floette|Floette-Mega, L50, F
|-mega|p1a: Floette|Floette|Floettite
|-ability|p1a: Floette|Fairy Aura
|move|p1a: Floette|Calm Mind|p1a: Floette
|-boost|p1a: Floette|spa|1
|-boost|p1a: Floette|spd|1
|move|p2b: Incineroar|Flare Blitz|p1a: Floette
|-damage|p1a: Floette|51/100 brn
|-damage|p2b: Incineroar|73/100|[from] Recoil
|move|p2a: Sinistcha|Matcha Gotcha|p1b: Sinistcha|[spread] p1a
|-miss|p2a: Sinistcha|p1b: Sinistcha
|-damage|p1a: Floette|41/100 brn
|-heal|p2a: Sinistcha|94/100 brn|[from] drain|[of] p1a: Floette
|
|-damage|p1a: Floette|35/100 brn|[from] brn
|-damage|p2a: Sinistcha|88/100 brn|[from] brn
|upkeep
|turn|8
|
|t:|1785356174
|move|p1a: Floette|Draining Kiss|p2b: Incineroar
|-damage|p2b: Incineroar|12/100
|-heal|p1a: Floette|86/100 brn|[from] drain|[of] p2b: Incineroar
|-enditem|p2b: Incineroar|Sitrus Berry|[eat]
|-heal|p2b: Incineroar|37/100|[from] item: Sitrus Berry
|move|p1b: Sinistcha|Matcha Gotcha|p2b: Incineroar|[spread] p2a,p2b
|-resisted|p2a: Sinistcha|1
|-resisted|p2b: Incineroar|1
|-damage|p2a: Sinistcha|76/100 brn
|-heal|p1b: Sinistcha|64/100|[from] drain|[of] p2a: Sinistcha
|-damage|p2b: Incineroar|27/100
|-heal|p1b: Sinistcha|70/100|[from] drain|[of] p2b: Incineroar
|move|p2b: Incineroar|Flare Blitz|p1a: Floette
|-damage|p1a: Floette|39/100 brn
|-damage|p2b: Incineroar|13/100|[from] Recoil
|move|p2a: Sinistcha|Matcha Gotcha|p1a: Floette|[spread] p1b
|-miss|p2a: Sinistcha|p1a: Floette
|-resisted|p1b: Sinistcha|1
|-damage|p1b: Sinistcha|59/100
|-heal|p2a: Sinistcha|82/100 brn|[from] drain|[of] p1b: Sinistcha
|
|-damage|p1a: Floette|33/100 brn|[from] brn
|-damage|p2a: Sinistcha|76/100 brn|[from] brn
|upkeep
|turn|9
|
|t:|1785356183
|switch|p1b: Garchomp|Garchomp, L50, M|63/100
|move|p2a: Sinistcha|Rage Powder|p2a: Sinistcha
|-singleturn|p2a: Sinistcha|move: Rage Powder
|move|p1a: Floette|Dazzling Gleam|p2a: Sinistcha|[spread] p2a,p2b
|-damage|p2a: Sinistcha|12/100 brn
|-damage|p2b: Incineroar|0 fnt
|faint|p2b: Incineroar
|
|-damage|p1a: Floette|27/100 brn|[from] brn
|-damage|p2a: Sinistcha|6/100 brn|[from] brn
|upkeep
|
|t:|1785356193
|switch|p2b: Raichu|Raichu, L50, F|100/100
|turn|10
|
|t:|1785356206
|switch|p1a: Sinistcha|Sinistcha, L50|59/100
|-heal|p1b: Garchomp|88/100|[from] ability: Hospitality|[of] p1a: Sinistcha
|move|p1b: Garchomp|Earthquake|p2a: Sinistcha|[spread] p1a,p2a,p2b
|-resisted|p1a: Sinistcha|1
|-resisted|p2a: Sinistcha|1
|-supereffective|p2b: Raichu|1
|-damage|p1a: Sinistcha|38/100
|-damage|p2a: Sinistcha|0 fnt
|-damage|p2b: Raichu|0 fnt
|faint|p2a: Sinistcha
|faint|p2b: Raichu
|-damage|p1b: Garchomp|78/100|[from] item: Life Orb
|
|win|breloomb01
|raw|breloomb01's rating: 1172 → 1197(+25 for winning)
|raw|ciuk88's rating: 1172 → 1147(-25 for losing)
