|j|☆efwefwefwefweifier
|j|☆Chelicerate1
|html|efwefwefwefweifierChelicerate1    
|uhtml|bestof|Game 1 of a best-of-3
|t:|1784799093
|gametype|doubles
|player|p1|efwefwefwefweifier|clown|1325
|player|p2|Chelicerate1|ethan|1354
|gen|9
|tier|[Gen 9 Champions] VGC 2026 Reg M-B (Bo3)
|rated|
|rule|Species Clause: Limit one of each Pokémon
|rule|Item Clause: Limit 1 of each item
|clearpoke
|poke|p1|Blastoise, L50, F|
|poke|p1|Sinistcha, L50|
|poke|p1|Floette-Eternal, L50, F|
|poke|p1|Incineroar, L50, F, shiny|
|poke|p1|Sneasler, L50, M|
|poke|p1|Hydreigon, L50, M|
|poke|p2|Grimmsnarl, L50, M|
|poke|p2|Basculegion, L50, M|
|poke|p2|Charizard, L50, F|
|poke|p2|Pelipper, L50, M|
|poke|p2|Venusaur, L50, M|
|poke|p2|Archaludon, L50, M|
|teampreview|4
|showteam|p1|Blastoise||Blastoisinite|RainDish|WaterSpout,DarkPulse,ShellSmash,Protect|Modest||F|||50|]Sinistcha||KasibBerry|Hospitality|MatchaGotcha,RagePowder,TrickRoom,LifeDew|Calm|||||50|]Floette-Eternal||Floettite|FlowerVeil|DazzlingGleam,DrainingKiss,CalmMind,Protect|Modest||F|||50|]Incineroar||SitrusBerry|Intimidate|FlareBlitz,DarkestLariat,FakeOut,PartingShot|Careful||F|||50|]Sneasler||FocusSash|PoisonTouch|CloseCombat,PoisonJab,FakeOut,QuickGuard|Jolly||M|||50|]Hydreigon||ChoiceScarf|Levitate|DracoMeteor,DarkPulse,Snarl,EarthPower|Modest||M|||50|
|showteam|p2|Grimmsnarl||LightClay|Prankster|SpiritBreak,PartingShot,Reflect,LightScreen|Sassy||M|||50|]Basculegion||ChoiceScarf|Adaptability|LastRespects,WaveCrash,AquaJet,FlipTurn|Jolly||M|||50|]Charizard||CharizarditeY|Blaze|Protect,HeatWave,WeatherBall,SolarBeam|Modest||F|||50|]Pelipper||SitrusBerry|Drizzle|Hurricane,WeatherBall,Tailwind,WideGuard|Modest||M|||50|]Venusaur||FocusSash|Chlorophyll|SludgeBomb,SleepPowder,EarthPower,Protect|Modest||M|||50|]Archaludon||Leftovers|Stamina|ElectroShot,DragonPulse,FlashCannon,Protect|Calm||M|||50|
|inactive|Battle timer is ON: inactive players will automatically lose when time's up. (requested by efwefwefwefweifier)
|inactive|Chelicerate1 also wants the timer to be on.
|inactive|Chelicerate1 has 60 seconds left.
|
|t:|1784799141
|teamsize|p1|4
|teamsize|p2|4
|start
|switch|p1a: Poison Foison|Sneasler, L50, M|100/100
|switch|p1b: Bartholomews|Hydreigon, L50, M|100/100
|switch|p2a: Charizard|Charizard, L50, F|100/100
|switch|p2b: Venusaur|Venusaur, L50, M|100/100
|turn|1
|
|t:|1784799160
|detailschange|p2a: Charizard|Charizard-Mega-Y, L50, F
|-mega|p2a: Charizard|Charizard|Charizardite Y
|-weather|SunnyDay|[from] ability: Drought|[of] p2a: Charizard
|move|p1a: Poison Foison|Fake Out|p2b: Venusaur
|-damage|p2b: Venusaur|82/100
|cant|p2b: Venusaur|flinch
|move|p1b: Bartholomews|Snarl|p2a: Charizard|[spread] p2a,p2b
|-damage|p2a: Charizard|77/100
|-damage|p2b: Venusaur|54/100
|-unboost|p2a: Charizard|spa|1
|-unboost|p2b: Venusaur|spa|1
|move|p2a: Charizard|Weather Ball|p1a: Poison Foison
|-damage|p1a: Poison Foison|26/100
|
|-weather|SunnyDay|[upkeep]
|upkeep
|turn|2
|
|t:|1784799180
|move|p2b: Venusaur|Sleep Powder|p1b: Bartholomews
|-status|p1b: Bartholomews|slp|[from] move: Sleep Powder
|cant|p1b: Bartholomews|slp
|move|p1a: Poison Foison|Poison Jab|p2b: Venusaur
|-damage|p2b: Venusaur|2/100
|move|p2a: Charizard|Heat Wave|p1b: Bartholomews|[spread] p1a
|-miss|p2a: Charizard|p1b: Bartholomews
|-damage|p1a: Poison Foison|0 fnt
|faint|p1a: Poison Foison
|
|-weather|SunnyDay|[upkeep]
|upkeep
|
|t:|1784799190
|switch|p1a: Macho Nacho|Floette-Eternal, L50, F|100/100
|turn|3
|
|t:|1784799198
|switch|p2a: Archaludon|Archaludon, L50, M|100/100
|detailschange|p1a: Macho Nacho|Floette-Mega, L50, F
|-mega|p1a: Macho Nacho|Floette|Floettite
|-ability|p1a: Macho Nacho|Fairy Aura
|move|p1a: Macho Nacho|Protect|p1a: Macho Nacho
|-singleturn|p1a: Macho Nacho|Protect
|move|p2b: Venusaur|Sleep Powder|p1a: Macho Nacho
|-activate|p1a: Macho Nacho|move: Protect
|cant|p1b: Bartholomews|slp
|
|-weather|SunnyDay|[upkeep]
|upkeep
|turn|4
|
|t:|1784799212
|switch|p2b: Pelipper|Pelipper, L50, M|100/100
|-weather|RainDance|[from] ability: Drizzle|[of] p2b: Pelipper
|switch|p1a: Spinny Sinny|Sinistcha, L50|100/100
|-curestatus|p1b: Bartholomews|slp|[msg]
|move|p1b: Bartholomews|Snarl|p2b: Pelipper|[spread] p2a,p2b
|-damage|p2a: Archaludon|78/100
|-damage|p2b: Pelipper|63/100
|-unboost|p2a: Archaludon|spa|1
|-unboost|p2b: Pelipper|spa|1
|-ability|p2a: Archaludon|Stamina|boost
|-boost|p2a: Archaludon|def|1
|move|p2a: Archaludon|Electro Shot||[still]
|-prepare|p2a: Archaludon|Electro Shot
|-boost|p2a: Archaludon|spa|1
|-anim|p2a: Archaludon|Electro Shot|p1a: Spinny Sinny
|-resisted|p1a: Spinny Sinny|1
|-damage|p1a: Spinny Sinny|82/100
|
|-weather|RainDance|[upkeep]
|-heal|p2a: Archaludon|84/100|[from] item: Leftovers
|upkeep
|turn|5
|inactive|efwefwefwefweifier has 30 seconds left.
|
|t:|1784799244
|switch|p1b: Macho Nacho|Floette-Mega, L50, F|100/100
|-ability|p1b: Macho Nacho|Fairy Aura
|move|p2b: Pelipper|Wide Guard|p2b: Pelipper
|-singleturn|p2b: Pelipper|Wide Guard
|move|p1a: Spinny Sinny|Rage Powder|p1a: Spinny Sinny
|-singleturn|p1a: Spinny Sinny|move: Rage Powder
|move|p2a: Archaludon|Electro Shot||[still]
|-prepare|p2a: Archaludon|Electro Shot
|-boost|p2a: Archaludon|spa|1
|-anim|p2a: Archaludon|Electro Shot|p1a: Spinny Sinny
|-resisted|p1a: Spinny Sinny|1
|-damage|p1a: Spinny Sinny|58/100
|
|-weather|RainDance|[upkeep]
|-heal|p2a: Archaludon|90/100|[from] item: Leftovers
|upkeep
|turn|6
|
|t:|1784799259
|move|p1a: Spinny Sinny|Rage Powder|p1a: Spinny Sinny
|-singleturn|p1a: Spinny Sinny|move: Rage Powder
|move|p1b: Macho Nacho|Calm Mind|p1b: Macho Nacho
|-boost|p1b: Macho Nacho|spa|1
|-boost|p1b: Macho Nacho|spd|1
|move|p2a: Archaludon|Electro Shot||[still]
|-prepare|p2a: Archaludon|Electro Shot
|-boost|p2a: Archaludon|spa|1
|-anim|p2a: Archaludon|Electro Shot|p1a: Spinny Sinny
|-resisted|p1a: Spinny Sinny|1
|-damage|p1a: Spinny Sinny|26/100
|move|p2b: Pelipper|Hurricane|p1a: Spinny Sinny
|-supereffective|p1a: Spinny Sinny|1
|-damage|p1a: Spinny Sinny|0 fnt
|faint|p1a: Spinny Sinny
|
|-weather|RainDance|[upkeep]
|-heal|p2a: Archaludon|96/100|[from] item: Leftovers
|upkeep
|
|t:|1784799271
|switch|p1a: Bartholomews|Hydreigon, L50, M|100/100
|turn|7
|
|t:|1784799286
|move|p2a: Archaludon|Protect|p2a: Archaludon
|-singleturn|p2a: Archaludon|Protect
|move|p1a: Bartholomews|Earth Power|p2a: Archaludon
|-activate|p2a: Archaludon|move: Protect
|move|p1b: Macho Nacho|Draining Kiss|p2a: Archaludon
|-activate|p2a: Archaludon|move: Protect
|move|p2b: Pelipper|Tailwind|p2b: Pelipper
|-sidestart|p2: Chelicerate1|move: Tailwind
|
|-weather|RainDance|[upkeep]
|-heal|p2a: Archaludon|100/100|[from] item: Leftovers
|upkeep
|turn|8
|
|t:|1784799308
|move|p1a: Bartholomews|Earth Power|p2a: Archaludon
|-supereffective|p2a: Archaludon|1
|-damage|p2a: Archaludon|42/100
|-ability|p2a: Archaludon|Stamina|boost
|-boost|p2a: Archaludon|def|1
|move|p2a: Archaludon|Dragon Pulse|p1a: Bartholomews
|-supereffective|p1a: Bartholomews|1
|-damage|p1a: Bartholomews|0 fnt
|faint|p1a: Bartholomews
|move|p2b: Pelipper|Hurricane|p1b: Macho Nacho
|-damage|p1b: Macho Nacho|83/100
|move|p1b: Macho Nacho|Dazzling Gleam|p2a: Archaludon|[spread] p2a,p2b
|-damage|p2a: Archaludon|0 fnt
|-damage|p2b: Pelipper|0 fnt
|faint|p2a: Archaludon
|faint|p2b: Pelipper
|
|-weather|none
|upkeep
|
|t:|1784799311
|switch|p2a: Charizard|Charizard-Mega-Y, L50, F|77/100
|switch|p2b: Venusaur|Venusaur, L50, M|2/100
|-weather|SunnyDay|[from] ability: Drought|[of] p2a: Charizard
|turn|9
|
|t:|1784799330
|move|p1b: Macho Nacho|Protect|p1b: Macho Nacho
|-singleturn|p1b: Macho Nacho|Protect
|move|p2b: Venusaur|Sleep Powder|p1b: Macho Nacho
|-activate|p1b: Macho Nacho|move: Protect
|move|p2a: Charizard|Weather Ball|p1b: Macho Nacho
|-activate|p1b: Macho Nacho|move: Protect
|
|-weather|SunnyDay|[upkeep]
|upkeep
|turn|10
|
|t:|1784799336
|move|p2b: Venusaur|Sludge Bomb|p1b: Macho Nacho
|-supereffective|p1b: Macho Nacho|1
|-damage|p1b: Macho Nacho|42/100
|-status|p1b: Macho Nacho|psn
|move|p2a: Charizard|Weather Ball|p1b: Macho Nacho
|-damage|p1b: Macho Nacho|0 fnt
|faint|p1b: Macho Nacho
|
|win|Chelicerate1
