|j|☆bearlover997
|j|☆nachoconpicodgallo
|html|bearlover997nachoconpicodgallo    
|uhtml|bestof|Game 1 of a best-of-3
|t:|1786054046
|gametype|doubles
|player|p1|bearlover997|sage|1098
|player|p2|nachoconpicodgallo|guitarist|1000
|gen|9
|tier|[Gen 9 Champions] VGC 2026 Reg M-B (Bo3)
|rated|
|rule|Species Clause: Limit one of each Pokémon
|rule|Item Clause: Limit 1 of each item
|clearpoke
|poke|p1|Victreebel, L50, M|
|poke|p1|Espathra, L50, F|
|poke|p1|Volcarona, L50, M|
|poke|p1|Empoleon, L50, F|
|poke|p1|Clefable, L50, M|
|poke|p1|Aerodactyl, L50, M|
|poke|p2|Gengar, L50, M, shiny|
|poke|p2|Ninetales-Alola, L50, F, shiny|
|poke|p2|Lycanroc-Dusk, L50, F|
|poke|p2|Incineroar, L50, F|
|poke|p2|Scovillain, L50, F|
|poke|p2|Dragonite, L50, M|
|teampreview|4
|showteam|p1|Victreebel||Victreebelite|Chlorophyll|SludgeBomb,GigaDrain,StrengthSap,Protect|Timid||M|||50|]Espathra||SitrusBerry|SpeedBoost|BatonPass,CalmMind,LuminaCrash,Protect|Modest||F|||50|]Volcarona||Leftovers|FlameBody|BugBuzz,RagePowder,HeatWave,Protect|Timid||M|||50|]Empoleon||LifeOrb|Competitive|FlashCannon,HydroPump,IceBeam,Protect|Modest||F|||50|]Clefable||Clefablite|Unaware|DazzlingGleam,Protect,FollowMe,HealingWish|Calm||M|||50|]Aerodactyl||FocusSash|Unnerve|RockSlide,WideGuard,Tailwind,Protect|Jolly||M|||50|
|showteam|p2|Gengar||Gengarite|CursedBody|ShadowBall,SludgeBomb,Substitute,Protect|Modest||M|||50|]Ninetales-Alola||ChoiceScarf|SnowWarning|Blizzard,FreezeDry,IcyWind,Encore|Timid||F|||50|]Lycanroc-Dusk||FocusSash|ToughClaws|RockSlide,CloseCombat,Accelerock,Protect|Adamant||F|||50|]Incineroar||SitrusBerry|Intimidate|PartingShot,FlareBlitz,ThroatChop,FakeOut|Impish||F|||50|]Scovillain||Scovillainite|Chlorophyll|Overheat,GigaDrain,RagePowder,Protect|Bold||F|||50|]Dragonite||LifeOrb|InnerFocus|DragonClaw,ExtremeSpeed,Superpower,Protect|Adamant||M|||50|
|inactive|Battle timer is ON: inactive players will automatically lose when time's up. (requested by nachoconpicodgallo)
|inactive|bearlover997 also wants the timer to be on.
|inactive|nachoconpicodgallo has 60 seconds left.
|
|t:|1786054095
|teamsize|p1|4
|teamsize|p2|4
|start
|switch|p1a: Clefable|Clefable, L50, M|100/100
|switch|p1b: Espathra|Espathra, L50, F|100/100
|switch|p2a: Lycanroc|Lycanroc-Dusk, L50, F|100/100
|switch|p2b: Scovillain|Scovillain, L50, F|100/100
|turn|1
|inactive|nachoconpicodgallo has 30 seconds left.
|
|t:|1786054124
|move|p2b: Scovillain|Protect|p2b: Scovillain
|-singleturn|p2b: Scovillain|Protect
|move|p2a: Lycanroc|Rock Slide|p1a: Clefable|[spread] p1a,p1b
|-damage|p1a: Clefable|65/100
|-damage|p1b: Espathra|57/100
|move|p1b: Espathra|Calm Mind|p1b: Espathra
|-boost|p1b: Espathra|spa|1
|-boost|p1b: Espathra|spd|1
|move|p1a: Clefable|Dazzling Gleam|p2a: Lycanroc|[spread] p2a
|-activate|p2b: Scovillain|move: Protect
|-damage|p2a: Lycanroc|64/100
|
|-ability|p1b: Espathra|Speed Boost|boost
|-boost|p1b: Espathra|spe|1
|upkeep
|turn|2
|inactive|nachoconpicodgallo has 30 seconds left.
|
|t:|1786054156
|switch|p1a: Victreebel|Victreebel, L50, M|100/100
|detailschange|p2b: Scovillain|Scovillain-Mega, L50, F
|-mega|p2b: Scovillain|Scovillain|Scovillainite
|move|p1b: Espathra|Protect|p1b: Espathra
|-singleturn|p1b: Espathra|Protect
|move|p2b: Scovillain|Rage Powder|p2b: Scovillain
|-singleturn|p2b: Scovillain|move: Rage Powder
|move|p2a: Lycanroc|Rock Slide|p1a: Victreebel|[spread] p1a
|-activate|p1b: Espathra|move: Protect
|-damage|p1a: Victreebel|59/100
|
|-ability|p1b: Espathra|Speed Boost|boost
|-boost|p1b: Espathra|spe|1
|upkeep
|turn|3
|inactive|nachoconpicodgallo has 30 seconds left.
|
|t:|1786054190
|detailschange|p1a: Victreebel|Victreebel-Mega, L50, M
|-mega|p1a: Victreebel|Victreebel|Victreebelite
|move|p2a: Lycanroc|Protect|p2a: Lycanroc
|-singleturn|p2a: Lycanroc|Protect
|move|p1b: Espathra|Baton Pass|p1b: Espathra
|
|t:|1786054196
|switch|p1b: Empoleon|Empoleon, L50, F|100/100|[from] Baton Pass
|move|p2b: Scovillain|Overheat|p1a: Victreebel
|-supereffective|p1a: Victreebel|1
|-damage|p1a: Victreebel|0 fnt
|-unboost|p2b: Scovillain|spa|2
|-damage|p2b: Scovillain|35/100|[from] ability: Innards Out|[of] p1a: Victreebel
|faint|p1a: Victreebel
|
|upkeep
|
|t:|1786054207
|switch|p1a: Espathra|Espathra, L50, F|57/100
|turn|4
|
|t:|1786054218
|move|p2b: Scovillain|Rage Powder|p2b: Scovillain
|-singleturn|p2b: Scovillain|move: Rage Powder
|move|p1b: Empoleon|Flash Cannon|p2b: Scovillain
|-resisted|p2b: Scovillain|1
|-damage|p2b: Scovillain|0 fnt
|-status|p1b: Empoleon|brn|[from] ability: Spicy Spray|[of] p2b: Scovillain
|faint|p2b: Scovillain
|-damage|p1b: Empoleon|90/100 brn|[from] item: Life Orb
|move|p2a: Lycanroc|Close Combat|p1b: Empoleon
|-supereffective|p1b: Empoleon|1
|-damage|p1b: Empoleon|0 fnt
|-unboost|p2a: Lycanroc|def|1
|-unboost|p2a: Lycanroc|spd|1
|faint|p1b: Empoleon
|move|p1a: Espathra|Lumina Crash|p2a: Lycanroc
|-damage|p2a: Lycanroc|0 fnt
|faint|p2a: Lycanroc
|
|-ability|p1a: Espathra|Speed Boost|boost
|-boost|p1a: Espathra|spe|1
|upkeep
|
|t:|1786054239
|switch|p2a: Incineroar|Incineroar, L50, F|100/100
|switch|p2b: Ninetales|Ninetales-Alola, L50, F, shiny|100/100
|switch|p1b: Clefable|Clefable, L50, M|65/100
|-weather|Snowscape|[from] ability: Snow Warning|[of] p2b: Ninetales
|-ability|p2a: Incineroar|Intimidate|boost
|-unboost|p1a: Espathra|atk|1
|-unboost|p1b: Clefable|atk|1
|turn|5
|
|t:|1786054252
|move|p2a: Incineroar|Fake Out|p1b: Clefable
|-damage|p1b: Clefable|54/100
|move|p2b: Ninetales|Blizzard|p1a: Espathra|[spread] p1a,p1b
|-damage|p1a: Espathra|27/100
|-damage|p1b: Clefable|33/100
|-enditem|p1a: Espathra|Sitrus Berry|[eat]
|-heal|p1a: Espathra|52/100|[from] item: Sitrus Berry
|move|p1a: Espathra|Lumina Crash|p2b: Ninetales
|-damage|p2b: Ninetales|64/100
|-unboost|p2b: Ninetales|spd|2
|cant|p1b: Clefable|flinch
|
|-weather|Snowscape|[upkeep]
|-ability|p1a: Espathra|Speed Boost|boost
|-boost|p1a: Espathra|spe|1
|upkeep
|turn|6
|
|t:|1786054266
|move|p1a: Espathra|Lumina Crash|p2b: Ninetales
|-damage|p2b: Ninetales|0 fnt
|faint|p2b: Ninetales
|move|p1b: Clefable|Dazzling Gleam|p2a: Incineroar
|-damage|p2a: Incineroar|77/100
|move|p2a: Incineroar|Throat Chop|p1a: Espathra
|-supereffective|p1a: Espathra|1
|-damage|p1a: Espathra|0 fnt
|faint|p1a: Espathra
|
|-weather|Snowscape|[upkeep]
|upkeep
|turn|7
|
|t:|1786054288
|move|p2a: Incineroar|Flare Blitz|p1b: Clefable
|-damage|p1b: Clefable|0 fnt
|faint|p1b: Clefable
|-damage|p2a: Incineroar|66/100|[from] Recoil
|
|win|nachoconpicodgallo
