|j|☆simonkofi
|j|☆Joriot
|html|simonkofiJoriot    
|uhtml|bestof|Game 2 of a best-of-3
|t:|1785763908
|gametype|doubles
|player|p1|simonkofi|266|1090
|player|p2|Joriot|falkner|1203
|gen|9
|tier|[Gen 9 Champions] VGC 2026 Reg M-B (Bo3)
|rated|
|rule|Species Clause: Limit one of each Pokémon
|rule|Item Clause: Limit 1 of each item
|clearpoke
|poke|p1|Charizard, L50, M|
|poke|p1|Garchomp, L50, M|
|poke|p1|Whimsicott, L50, F|
|poke|p1|Basculegion, L50, M|
|poke|p1|Kingambit, L50, M|
|poke|p1|Floette-Eternal, L50, F|
|poke|p2|Staraptor, L50, F|
|poke|p2|Arcanine-Hisui, L50, F|
|poke|p2|Kingambit, L50, M|
|poke|p2|Raichu, L50, F|
|poke|p2|Farigiraf, L50, F|
|poke|p2|Sylveon, L50, F|
|teampreview|4
|showteam|p1|Charizard||CharizarditeY|Blaze|HeatWave,WeatherBall,SolarBeam,Protect|Modest||M|||50|]Garchomp||SitrusBerry|RoughSkin|DragonClaw,StompingTantrum,RockSlide,Protect|Adamant||M|||50|]Whimsicott||FocusSash|Prankster|Tailwind,Moonblast,Encore,Protect|Timid||F|||50|]Basculegion||ChoiceScarf|Adaptability|WaveCrash,LastRespects,AquaJet,FlipTurn|Jolly||M|||50|]Kingambit||LifeOrb|Defiant|KowtowCleave,IronHead,SuckerPunch,LowKick|Adamant||M|||50|]Floette-Eternal||Floettite|FlowerVeil|DazzlingGleam,Moonblast,LightofRuin,Protect|Modest||F|||50|
|showteam|p2|Staraptor||Staraptite|Intimidate|DualWingbeat,CloseCombat,Tailwind,Protect|Jolly||F|||50|]Arcanine-Hisui||FocusSash|RockHead|FlareBlitz,HeadSmash,ExtremeSpeed,Protect|Jolly||F|||50|]Kingambit||LifeOrb|Defiant|KowtowCleave,SuckerPunch,SwordsDance,Protect|Adamant||M|||50|]Raichu||RaichuniteY|LightningRod|ZapCannon,FocusBlast,FakeOut,Protect|Timid||F|||50|]Farigiraf||SitrusBerry|ArmorTail|Psychic,HelpingHand,TrickRoom,Protect|Calm||F|||50|]Sylveon||FairyFeather|Pixilate|HyperVoice,HyperBeam,QuickAttack,Detect|Modest||F|||50|
|inactive|Battle timer is ON: inactive players will automatically lose when time's up. (requested by simonkofi)
|inactive|Joriot has 60 seconds left.
|inactive|Joriot has 30 seconds left.
|inactive|Joriot has 20 seconds left.
|
|t:|1785763983
|teamsize|p1|4
|teamsize|p2|4
|start
|switch|p1a: Whimsicott|Whimsicott, L50, F|100/100
|switch|p1b: Floette|Floette-Eternal, L50, F|100/100
|switch|p2a: Arcanine|Arcanine-Hisui, L50, F|100/100
|switch|p2b: Raichu|Raichu, L50, F|100/100
|turn|1
|inactive|Joriot has 30 seconds left.
|
|t:|1785764015
|detailschange|p2b: Raichu|Raichu-Mega-Y, L50, F
|-mega|p2b: Raichu|Raichu|Raichunite Y
|detailschange|p1b: Floette|Floette-Mega, L50, F
|-mega|p1b: Floette|Floette|Floettite
|-ability|p1b: Floette|Fairy Aura
|move|p1a: Whimsicott|Protect|p1a: Whimsicott
|-singleturn|p1a: Whimsicott|Protect
|move|p1b: Floette|Protect|p1b: Floette
|-singleturn|p1b: Floette|Protect
|move|p2b: Raichu|Fake Out|p1a: Whimsicott
|-activate|p1a: Whimsicott|move: Protect
|move|p2a: Arcanine|Flare Blitz|p1a: Whimsicott
|-activate|p1a: Whimsicott|move: Protect
|
|upkeep
|turn|2
|inactive|simonkofi has 30 seconds left.
|inactive|Joriot has 30 seconds left.
|inactive|simonkofi has 20 seconds left.
|inactive|Joriot has 20 seconds left.
|inactive|simonkofi has 15 seconds left.
|
|t:|1785764055
|switch|p2b: Farigiraf|Farigiraf, L50, F|100/100
|move|p1a: Whimsicott|Tailwind|p1a: Whimsicott
|-sidestart|p1: simonkofi|move: Tailwind
|move|p1b: Floette|Moonblast|p2b: Farigiraf
|-damage|p2b: Farigiraf|34/100
|-enditem|p2b: Farigiraf|Sitrus Berry|[eat]
|-heal|p2b: Farigiraf|59/100|[from] item: Sitrus Berry
|move|p2a: Arcanine|Flare Blitz|p1b: Floette
|-damage|p1b: Floette|38/100
|
|upkeep
|turn|3
|
|t:|1785764076
|move|p1a: Whimsicott|Moonblast|p2b: Farigiraf
|-damage|p2b: Farigiraf|17/100
|move|p1b: Floette|Dazzling Gleam|p2b: Farigiraf|[spread] p2a,p2b
|-resisted|p2a: Arcanine|1
|-crit|p2b: Farigiraf
|-damage|p2a: Arcanine|70/100
|-damage|p2b: Farigiraf|0 fnt
|faint|p2b: Farigiraf
|move|p2a: Arcanine|Flare Blitz|p1b: Floette
|-crit|p1b: Floette
|-damage|p1b: Floette|0 fnt
|faint|p1b: Floette
|
|upkeep
|
|t:|1785764089
|switch|p1b: Garchomp|Garchomp, L50, M|100/100
|switch|p2b: Sylveon|Sylveon, L50, F|100/100
|turn|4
|inactive|simonkofi has 30 seconds left.
|inactive|Joriot has 30 seconds left.
|inactive|simonkofi has 20 seconds left.
|inactive|Joriot has 20 seconds left.
|inactive|simonkofi has 15 seconds left.
|inactive|simonkofi has 10 seconds left.
|
|t:|1785764138
|move|p1a: Whimsicott|Moonblast|p2b: Sylveon
|-damage|p2b: Sylveon|73/100
|move|p1b: Garchomp|Stomping Tantrum|p2a: Arcanine
|-supereffective|p2a: Arcanine|2
|-damage|p2a: Arcanine|0 fnt
|faint|p2a: Arcanine
|move|p2b: Sylveon|Hyper Voice|p1a: Whimsicott|[spread] p1a,p1b
|-supereffective|p1b: Garchomp|1
|-damage|p1a: Whimsicott|14/100
|-damage|p1b: Garchomp|1/100
|-enditem|p1b: Garchomp|Sitrus Berry|[eat]
|-heal|p1b: Garchomp|26/100|[from] item: Sitrus Berry
|
|upkeep
|
|t:|1785764149
|switch|p2a: Raichu|Raichu-Mega-Y, L50, F|100/100
|turn|5
|
|t:|1785764171
|move|p1a: Whimsicott|Protect|p1a: Whimsicott
|-singleturn|p1a: Whimsicott|Protect
|move|p1b: Garchomp|Protect|p1b: Garchomp
|-singleturn|p1b: Garchomp|Protect
|move|p2a: Raichu|Fake Out|p1b: Garchomp
|-activate|p1b: Garchomp|move: Protect
|move|p2b: Sylveon|Hyper Voice|p1a: Whimsicott|[spread] 
|-activate|p1a: Whimsicott|move: Protect
|-activate|p1b: Garchomp|move: Protect
|
|-sideend|p1: simonkofi|move: Tailwind
|upkeep
|turn|6
|inactive|simonkofi has 30 seconds left.
|inactive|simonkofi has 20 seconds left.
|inactive|simonkofi has 15 seconds left.
|inactive|simonkofi has 10 seconds left.
|
|t:|1785764220
|move|p2a: Raichu|Protect|p2a: Raichu
|-singleturn|p2a: Raichu|Protect
|move|p1a: Whimsicott|Encore|p2a: Raichu
|-activate|p2a: Raichu|move: Protect
|move|p1b: Garchomp|Stomping Tantrum|p2b: Sylveon
|-damage|p2b: Sylveon|24/100
|move|p2b: Sylveon|Hyper Voice|p1b: Garchomp|[spread] p1a,p1b
|-supereffective|p1b: Garchomp|1
|-damage|p1a: Whimsicott|0 fnt
|-damage|p1b: Garchomp|0 fnt
|faint|p1a: Whimsicott
|faint|p1b: Garchomp
|
|upkeep
|
|t:|1785764232
|switch|p1b: Kingambit|Kingambit, L50, M|100/100
|turn|7
|
|t:|1785764249
|move|p1b: Kingambit|Sucker Punch|p2a: Raichu
|-damage|p2a: Raichu|0 fnt
|faint|p2a: Raichu
|-damage|p1b: Kingambit|90/100|[from] item: Life Orb
|move|p2b: Sylveon|Hyper Voice|p1b: Kingambit
|-damage|p1b: Kingambit|14/100
|
|upkeep
|turn|8
|
|t:|1785764257
|move|p1b: Kingambit|Sucker Punch|p2b: Sylveon
|-resisted|p2b: Sylveon|1
|-damage|p2b: Sylveon|0 fnt
|faint|p2b: Sylveon
|-damage|p1b: Kingambit|4/100|[from] item: Life Orb
|
|win|simonkofi
||simonkofi is ready for game 3.
|l|☆simonkofi
|player|p1|
