|j|☆TPShame
|j|☆gianlucone
|html|TPShamegianlucone    
|uhtml|bestof|Game 3 of a best-of-3
|t:|1785955605
|gametype|doubles
|player|p1|TPShame|giovanni|1112
|player|p2|gianlucone|169|1223
|gen|9
|tier|[Gen 9 Champions] VGC 2026 Reg M-B (Bo3)
|rated|
|rule|Species Clause: Limit one of each Pokémon
|rule|Item Clause: Limit 1 of each item
|clearpoke
|poke|p1|Staraptor, L50, M|
|poke|p1|Milotic, L50, F|
|poke|p1|Tyranitar, L50, M|
|poke|p1|Gholdengo, L50|
|poke|p1|Excadrill, L50, M|
|poke|p1|Sinistcha, L50|
|poke|p2|Staraptor, L50, M|
|poke|p2|Garchomp, L50, M|
|poke|p2|Whimsicott, L50, M|
|poke|p2|Delphox, L50, M|
|poke|p2|Glimmora, L50, M|
|poke|p2|Kingambit, L50, M|
|teampreview|4
|showteam|p1|Staraptor||Staraptite|Intimidate|BraveBird,CloseCombat,Tailwind,Protect|Jolly||M|||50|]Milotic||SitrusBerry|Competitive|Scald,IceBeam,IcyWind,Recover|Modest||F|||50|]Tyranitar||Tyranitarite|SandStream|RockSlide,KnockOff,LowKick,Protect|Adamant||M|||50|]Gholdengo||LifeOrb|GoodasGold|ShadowBall,MakeItRain,NastyPlot,Protect|Modest|||||50|]Excadrill||FocusSash|SandRush|HighHorsepower,IronHead,RockSlide,Protect|Adamant||M|||50|]Sinistcha||ColburBerry|Hospitality|MatchaGotcha,RagePowder,TrickRoom,Protect|Bold|||||50|
|showteam|p2|Staraptor||Staraptite|Intimidate|Protect,Roost,CloseCombat,BraveBird|Jolly||M|||50|]Garchomp||LifeOrb|RoughSkin|Protect,RockSlide,Earthquake,DragonClaw|Jolly||M|||50|]Whimsicott||OccaBerry|Prankster|Moonblast,Tailwind,Charm,LightScreen|Timid||M|||50|]Delphox||Delphoxite|Magician|Protect,Psychic,HeatWave,Substitute|Timid||M|||50|]Glimmora||FocusSash|ToxicDebris|SpikyShield,SludgeBomb,EarthPower,PowerGem|Timid||M|||50|]Kingambit||ChopleBerry|Defiant|SuckerPunch,LowKick,IronHead,KowtowCleave|Adamant||M|||50|
|inactive|Battle timer is ON: inactive players will automatically lose when time's up. (requested by gianlucone)
|j| lorsas
|inactive|gianlucone has 60 seconds left.
|
|t:|1785955654
|teamsize|p1|4
|teamsize|p2|4
|start
|switch|p1a: Milotic|Milotic, L50, F|100/100
|switch|p1b: Gholdengo|Gholdengo, L50|100/100
|switch|p2a: Whimsicott|Whimsicott, L50, M|100/100
|switch|p2b: Kingambit|Kingambit, L50, M|100/100
|turn|1
|inactive|TPShame has 30 seconds left.
|
|t:|1785955684
|move|p2a: Whimsicott|Light Screen|p2a: Whimsicott
|-sidestart|p2: gianlucone|move: Light Screen
|move|p1b: Gholdengo|Nasty Plot|p1b: Gholdengo
|-boost|p1b: Gholdengo|spa|2
|move|p1a: Milotic|Scald|p2b: Kingambit
|-damage|p2b: Kingambit|81/100
|move|p2b: Kingambit|Kowtow Cleave|p1a: Milotic
|-damage|p1a: Milotic|59/100
|
|upkeep
|turn|2
|inactive|TPShame has 30 seconds left.
|
|t:|1785955710
|switch|p1a: Sinistcha|Sinistcha, L50|100/100
|move|p1b: Gholdengo|Protect|p1b: Gholdengo
|-singleturn|p1b: Gholdengo|Protect
|move|p2a: Whimsicott|Tailwind|p2a: Whimsicott
|-sidestart|p2: gianlucone|move: Tailwind
|move|p2b: Kingambit|Kowtow Cleave|p1b: Gholdengo
|-activate|p1b: Gholdengo|move: Protect
|
|upkeep
|turn|3
|
|t:|1785955731
|switch|p2a: Delphox|Delphox, L50, M|100/100
|move|p1a: Sinistcha|Rage Powder|p1a: Sinistcha
|-singleturn|p1a: Sinistcha|move: Rage Powder
|move|p2b: Kingambit|Kowtow Cleave|p1a: Sinistcha
|-supereffective|p1a: Sinistcha|1
|-enditem|p1a: Sinistcha|Colbur Berry|[eat]
|-enditem|p1a: Sinistcha|Colbur Berry|[weaken]
|-damage|p1a: Sinistcha|61/100
|move|p1b: Gholdengo|Nasty Plot|p1b: Gholdengo
|-boost|p1b: Gholdengo|spa|2
|
|upkeep
|turn|4
|inactive|TPShame has 30 seconds left.
|
|t:|1785955762
|detailschange|p2a: Delphox|Delphox-Mega, L50, M
|-mega|p2a: Delphox|Delphox|Delphoxite
|move|p1b: Gholdengo|Protect|p1b: Gholdengo
|-singleturn|p1b: Gholdengo|Protect
|move|p2b: Kingambit|Sucker Punch||[still]
|-fail|p2b: Kingambit
|move|p2a: Delphox|Heat Wave|p1a: Sinistcha|[spread] p1a
|-activate|p1b: Gholdengo|move: Protect
|-supereffective|p1a: Sinistcha|1
|-damage|p1a: Sinistcha|0 fnt
|faint|p1a: Sinistcha
|
|upkeep
|
|t:|1785955778
|switch|p1a: Milotic|Milotic, L50, F|59/100
|turn|5
|
|t:|1785955799
|move|p1b: Gholdengo|Protect|p1b: Gholdengo
|-singleturn|p1b: Gholdengo|Protect
|move|p2b: Kingambit|Sucker Punch||[still]
|-fail|p2b: Kingambit
|move|p2a: Delphox|Heat Wave|p1a: Milotic|[spread] p1a
|-activate|p1b: Gholdengo|move: Protect
|-resisted|p1a: Milotic|1
|-damage|p1a: Milotic|46/100
|-enditem|p1a: Milotic|Sitrus Berry|[eat]
|-heal|p1a: Milotic|71/100|[from] item: Sitrus Berry
|move|p1a: Milotic|Recover|p1a: Milotic
|-heal|p1a: Milotic|100/100
|
|-sideend|p2: gianlucone|move: Light Screen
|-sideend|p2: gianlucone|move: Tailwind
|upkeep
|turn|6
|inactive|TPShame has 30 seconds left.
|
|t:|1785955831
|move|p2a: Delphox|Heat Wave|p1b: Gholdengo|[spread] p1a,p1b
|-resisted|p1a: Milotic|1
|-supereffective|p1b: Gholdengo|1
|-damage|p1a: Milotic|86/100
|-damage|p1b: Gholdengo|8/100
|move|p1b: Gholdengo|Shadow Ball|p2a: Delphox
|-supereffective|p2a: Delphox|1
|-damage|p2a: Delphox|0 fnt
|faint|p2a: Delphox
|-damage|p1b: Gholdengo|0 fnt|[from] item: Life Orb
|faint|p1b: Gholdengo
|move|p1a: Milotic|Scald|p2b: Kingambit
|-damage|p2b: Kingambit|53/100
|move|p2b: Kingambit|Kowtow Cleave|p1a: Milotic
|-damage|p1a: Milotic|41/100
|
|upkeep
|
|t:|1785955846
|switch|p2a: Whimsicott|Whimsicott, L50, M|100/100
|switch|p1b: Staraptor|Staraptor, L50, M|100/100
|-ability|p1b: Staraptor|Intimidate|boost
|-unboost|p2a: Whimsicott|atk|1
|-unboost|p2b: Kingambit|atk|1
|-ability|p2b: Kingambit|Defiant|boost
|-boost|p2b: Kingambit|atk|2
|turn|7
|
|t:|1785955869
|detailschange|p1b: Staraptor|Staraptor-Mega, L50, M
|-mega|p1b: Staraptor|Staraptor|Staraptite
|move|p2b: Kingambit|Sucker Punch|p1b: Staraptor
|-resisted|p1b: Staraptor|1
|-damage|p1b: Staraptor|70/100
|move|p2a: Whimsicott|Moonblast|p1b: Staraptor
|-supereffective|p1b: Staraptor|1
|-damage|p1b: Staraptor|11/100
|move|p1b: Staraptor|Close Combat|p2b: Kingambit
|-supereffective|p2b: Kingambit|2
|-enditem|p2b: Kingambit|Chople Berry|[eat]
|-enditem|p2b: Kingambit|Chople Berry|[weaken]
|-damage|p2b: Kingambit|0 fnt
|-boost|p1b: Staraptor|def|1
|-boost|p1b: Staraptor|spd|1
|faint|p2b: Kingambit
|move|p1a: Milotic|Recover|p1a: Milotic
|-heal|p1a: Milotic|91/100
|
|upkeep
|
|t:|1785955878
|switch|p2b: Glimmora|Glimmora, L50, M|100/100
|turn|8
|
|t:|1785955893
|move|p1b: Staraptor|Protect|p1b: Staraptor
|-singleturn|p1b: Staraptor|Protect
|move|p2a: Whimsicott|Moonblast|p1b: Staraptor
|-activate|p1b: Staraptor|move: Protect
|move|p2b: Glimmora|Sludge Bomb|p1a: Milotic
|-damage|p1a: Milotic|53/100
|move|p1a: Milotic|Scald|p2b: Glimmora
|-supereffective|p2b: Glimmora|1
|-damage|p2b: Glimmora|8/100
|-status|p2b: Glimmora|brn
|
|-damage|p2b: Glimmora|2/100 brn|[from] brn
|upkeep
|turn|9
|
|t:|1785955909
|move|p1b: Staraptor|Protect|p1b: Staraptor
|-singleturn|p1b: Staraptor|Protect
|move|p2a: Whimsicott|Moonblast|p1b: Staraptor
|-activate|p1b: Staraptor|move: Protect
|move|p2b: Glimmora|Sludge Bomb|p1a: Milotic
|-damage|p1a: Milotic|19/100
|move|p1a: Milotic|Icy Wind|p2b: Glimmora|[spread] p2a,p2b
|-supereffective|p2a: Whimsicott|1
|-damage|p2a: Whimsicott|69/100
|-damage|p2b: Glimmora|0 fnt
|-unboost|p2a: Whimsicott|spe|1
|faint|p2b: Glimmora
|
|upkeep
|turn|10
|inactive|gianlucone has 30 seconds left.
|
|t:|1785955937
|move|p1b: Staraptor|Brave Bird|p2a: Whimsicott
|-supereffective|p2a: Whimsicott|1
|-damage|p2a: Whimsicott|0 fnt
|faint|p2a: Whimsicott
|-damage|p1b: Staraptor|0 fnt|[from] Recoil
|faint|p1b: Staraptor
|
|win|TPShame
|raw|TPShame's rating: 1112 → 1145(+33 for winning)
|raw|gianlucone's rating: 1223 → 1190(-33 for losing)
