|j|☆FreemanGordon
|j|☆Garden Monke
|html|FreemanGordonGarden Monke    
|uhtml|bestof|Game 1 of a best-of-3
|t:|1785155649
|gametype|doubles
|player|p1|FreemanGordon|169|1246
|player|p2|Garden Monke|giacomo|1151
|gen|9
|tier|[Gen 9 Champions] VGC 2026 Reg M-B (Bo3)
|rated|
|rule|Species Clause: Limit one of each Pokémon
|rule|Item Clause: Limit 1 of each item
|clearpoke
|poke|p1|Lopunny, L50, F|
|poke|p1|Gholdengo, L50|
|poke|p1|Milotic, L50, F|
|poke|p1|Sinistcha, L50|
|poke|p1|Kingambit, L50, M|
|poke|p1|Delphox, L50, M|
|poke|p2|Kingambit, L50, F|
|poke|p2|Whimsicott, L50, F|
|poke|p2|Basculegion, L50, M|
|poke|p2|Garchomp, L50, F|
|poke|p2|Charizard, L50, M|
|poke|p2|Floette-Eternal, L50, F|
|teampreview|4
|showteam|p1|Lopunny||Lopunnite|CuteCharm|FakeOut,CloseCombat,Protect,HelpingHand|Jolly||F|||50|]Gholdengo||LifeOrb|GoodasGold|ShadowBall,NastyPlot,MakeItRain,Protect|Modest|||||50|]Milotic||SitrusBerry|Competitive|Protect,Scald,IcyWind,IceBeam|Modest||F|||50|]Sinistcha||KasibBerry|Hospitality|Protect,MatchaGotcha,ShadowBall,RagePowder|Modest|||||50|]Kingambit||BlackGlasses|Defiant|Protect,KowtowCleave,SuckerPunch,SwordsDance|Adamant||M|||50|]Delphox||Delphoxite|Blaze|Protect,HeatWave,Psychic,Substitute|Timid||M|||50|
|showteam|p2|Kingambit||ChopleBerry|Defiant|KowtowCleave,LowKick,SuckerPunch,Protect|Adamant||F|||50|]Whimsicott||FocusSash|Prankster|Moonblast,Tailwind,Encore,Protect|Timid||F|||50|]Basculegion||MysticWater|Adaptability|WaveCrash,LastRespects,AquaJet,Protect|Adamant||M|||50|]Garchomp||LifeOrb|RoughSkin|DragonClaw,RockSlide,Earthquake,Protect|Jolly||F|||50|]Charizard||CharizarditeY|Blaze|WeatherBall,HeatWave,SolarBeam,Protect|Modest||M|||50|]Floette-Eternal||Floettite|FlowerVeil|Moonblast,DazzlingGleam,LightofRuin,Protect|Timid||F|||50|
|inactive|Battle timer is ON: inactive players will automatically lose when time's up. (requested by Garden Monke)
|inactive|FreemanGordon has 60 seconds left.
|inactive|Garden Monke has 60 seconds left.
|
|t:|1785155696
|teamsize|p1|4
|teamsize|p2|4
|start
|switch|p1a: Lopunny|Lopunny, L50, F|100/100
|switch|p1b: Delphox|Delphox, L50, M|100/100
|switch|p2a: Charizard|Charizard, L50, M|100/100
|switch|p2b: Whimsicott|Whimsicott, L50, F|100/100
|turn|1
|
|t:|1785155716
|detailschange|p1b: Delphox|Delphox-Mega, L50, M
|-mega|p1b: Delphox|Delphox|Delphoxite
|move|p2b: Whimsicott|Protect|p2b: Whimsicott
|-singleturn|p2b: Whimsicott|Protect
|move|p2a: Charizard|Protect|p2a: Charizard
|-singleturn|p2a: Charizard|Protect
|move|p1a: Lopunny|Fake Out|p2b: Whimsicott
|-activate|p2b: Whimsicott|move: Protect
|move|p1b: Delphox|Heat Wave|p2b: Whimsicott|[spread] 
|-activate|p2a: Charizard|move: Protect
|-activate|p2b: Whimsicott|move: Protect
|
|upkeep
|turn|2
|
|t:|1785155738
|detailschange|p2a: Charizard|Charizard-Mega-Y, L50, M
|-mega|p2a: Charizard|Charizard|Charizardite Y
|-weather|SunnyDay|[from] ability: Drought|[of] p2a: Charizard
|move|p1a: Lopunny|Protect|p1a: Lopunny
|-singleturn|p1a: Lopunny|Protect
|move|p2b: Whimsicott|Tailwind|p2b: Whimsicott
|-sidestart|p2: Garden Monke|move: Tailwind
|move|p2a: Charizard|Heat Wave|p1b: Delphox|[spread] p1b
|-activate|p1a: Lopunny|move: Protect
|-resisted|p1b: Delphox|1
|-damage|p1b: Delphox|72/100
|move|p1b: Delphox|Psychic|p2a: Charizard
|-damage|p2a: Charizard|55/100
|
|-weather|SunnyDay|[upkeep]
|upkeep
|turn|3
|
|t:|1785155763
|move|p1a: Lopunny|Helping Hand|p1b: Delphox
|-singleturn|p1b: Delphox|Helping Hand|[of] p1a: Lopunny
|move|p2b: Whimsicott|Encore|p1a: Lopunny
|-start|p1a: Lopunny|Encore
|move|p2a: Charizard|Heat Wave|p1b: Delphox|[spread] p1a,p1b
|-resisted|p1b: Delphox|1
|-damage|p1a: Lopunny|23/100
|-damage|p1b: Delphox|40/100
|move|p1b: Delphox|Psychic|p2a: Charizard
|-damage|p2a: Charizard|0 fnt
|faint|p2a: Charizard
|
|-weather|SunnyDay|[upkeep]
|upkeep
|
|t:|1785155770
|switch|p2a: Basculegion|Basculegion, L50, M|100/100
|turn|4
|
|t:|1785155790
|switch|p1a: Gholdengo|Gholdengo, L50|100/100
|move|p1b: Delphox|Protect|p1b: Delphox
|-singleturn|p1b: Delphox|Protect
|move|p2b: Whimsicott|Moonblast|p1a: Gholdengo
|-resisted|p1a: Gholdengo|1
|-damage|p1a: Gholdengo|78/100
|-unboost|p1a: Gholdengo|spa|1
|move|p2a: Basculegion|Last Respects|p1b: Delphox
|-activate|p1b: Delphox|move: Protect
|
|-weather|SunnyDay|[upkeep]
|upkeep
|turn|5
|
|t:|1785155812
|switch|p1b: Lopunny|Lopunny, L50, F|23/100
|move|p2b: Whimsicott|Protect|p2b: Whimsicott
|-singleturn|p2b: Whimsicott|Protect
|move|p1a: Gholdengo|Protect|p1a: Gholdengo
|-singleturn|p1a: Gholdengo|Protect
|move|p2a: Basculegion|Last Respects|p1b: Lopunny
|-immune|p1b: Lopunny
|
|-weather|SunnyDay|[upkeep]
|-sideend|p2: Garden Monke|move: Tailwind
|upkeep
|turn|6
|
|t:|1785155830
|move|p1b: Lopunny|Fake Out|p2b: Whimsicott
|-damage|p2b: Whimsicott|78/100
|cant|p2b: Whimsicott|flinch
|move|p1a: Gholdengo|Make It Rain|p2b: Whimsicott|[spread] p2a,p2b
|-resisted|p2a: Basculegion|1
|-supereffective|p2b: Whimsicott|1
|-damage|p2a: Basculegion|75/100
|-damage|p2b: Whimsicott|0 fnt
|-unboost|p1a: Gholdengo|spa|2
|faint|p2b: Whimsicott
|-damage|p1a: Gholdengo|68/100|[from] item: Life Orb
|move|p2a: Basculegion|Last Respects|p1a: Gholdengo
|-supereffective|p1a: Gholdengo|1
|-damage|p1a: Gholdengo|0 fnt
|faint|p1a: Gholdengo
|
|-weather|none
|upkeep
|
|t:|1785155847
|switch|p2b: Kingambit|Kingambit, L50, F|100/100
|switch|p1a: Delphox|Delphox-Mega, L50, M|40/100
|turn|7
|
|t:|1785155859
|move|p2a: Basculegion|Aqua Jet|p1b: Lopunny
|-damage|p1b: Lopunny|0 fnt
|faint|p1b: Lopunny
|move|p2b: Kingambit|Sucker Punch||[still]
|-fail|p2b: Kingambit
|move|p1a: Delphox|Substitute|p1a: Delphox
|-start|p1a: Delphox|Substitute
|-damage|p1a: Delphox|15/100
|
|upkeep
|
|t:|1785155866
|switch|p1b: Kingambit|Kingambit, L50, M|100/100
|turn|8
|
|t:|1785155882
|move|p1b: Kingambit|Protect|p1b: Kingambit
|-singleturn|p1b: Kingambit|Protect
|move|p2a: Basculegion|Aqua Jet|p1a: Delphox
|-supereffective|p1a: Delphox|1
|-end|p1a: Delphox|Substitute
|move|p2b: Kingambit|Sucker Punch|p1a: Delphox
|-supereffective|p1a: Delphox|1
|-damage|p1a: Delphox|0 fnt
|faint|p1a: Delphox
|
|upkeep
|turn|9
|
|t:|1785155896
|move|p2a: Basculegion|Wave Crash|p1b: Kingambit
|-damage|p1b: Kingambit|22/100
|-damage|p2a: Basculegion|49/100|[from] Recoil
|move|p2b: Kingambit|Low Kick|p1b: Kingambit
|-supereffective|p1b: Kingambit|2
|-damage|p1b: Kingambit|0 fnt
|faint|p1b: Kingambit
|
|win|Garden Monke
|l|☆FreemanGordon
|player|p1|
||Garden Monke is ready for game 2.
|inactive|FreemanGordon has 30 seconds to confirm battle start!
|raw|FreemanGordon's rating: 1246 → 1214(-32 for losing)
|raw|Garden Monke's rating: 1151 → 1183(+32 for winning)
