|j|☆DOCTORCHUNK
|j|☆Polite Peony
|html|DOCTORCHUNKPolite Peony    
|uhtml|bestof|Game 2 of a best-of-3
|t:|1757038754
|gametype|doubles
|player|p1|DOCTORCHUNK|265|1187
|player|p2|Polite Peony|lady|1111
|gen|9
|tier|[Gen 9] VGC 2025 Reg H (Bo3)
|rated|
|rule|Species Clause: Limit one of each Pokémon
|rule|Item Clause: Limit 1 of each item
|clearpoke
|poke|p1|Archaludon, L50, F|
|poke|p1|Incineroar, L50, M|
|poke|p1|Pelipper, L50, M|
|poke|p1|Basculegion, L50, M|
|poke|p1|Rillaboom, L50, M|
|poke|p1|Gengar, L50, M|
|poke|p2|Gholdengo, L50|
|poke|p2|Whimsicott, L50, F|
|poke|p2|Indeedee, L50, M|
|poke|p2|Archaludon, L50, M|
|poke|p2|Ursaluna-Bloodmoon, L50, M|
|poke|p2|Sneasler, L50, F|
|teampreview|4
|showteam|p1|Archaludon||AssaultVest|Stamina|ElectroShot,FlashCannon,Snarl,BodyPress|||F|||50|,,,,,Ghost]Incineroar||SafetyGoggles|Intimidate|FakeOut,KnockOff,PartingShot,FlareBlitz|||M|||50|,,,,,Ghost]Pelipper||FocusSash|Drizzle|Hurricane,WeatherBall,Tailwind,WideGuard|||M|||50|,,,,,Ghost]Basculegion||ChoiceBand|SwiftSwim|WaveCrash,LastRespects,FlipTurn,AquaJet|||M|||50|,,,,,Water]Rillaboom||LoadedDice|GrassySurge|FakeOut,BulletSeed,GrassyGlide,Uturn|||M|||50|,,,,,Fire]Gengar||GrassySeed|CursedBody|SludgeBomb,ShadowBall,PerishSong,Haze|||M|||50|,,,,,Normal
|showteam|p2|Gholdengo||ChoiceSpecs|GoodasGold|MakeItRain,DazzlingGleam,ShadowBall,Trick||||||50|,,,,,Fairy]Whimsicott||CovertCloak|Prankster|Moonblast,FakeTears,Tailwind,Taunt|||F|||50|,,,,,Water]Indeedee||FocusSash|PsychicSurge|ExpandingForce,Imprison,TeraBlast,TrickRoom|||M|||50|,,,,,Psychic]Archaludon||PowerHerb|Stalwart|Protect,DragonPulse,ElectroShot,Thunderbolt|||M|||50|,,,,,Electric]Ursaluna-Bloodmoon||LifeOrb|MindsEye|Protect,BloodMoon,EarthPower,HyperVoice|||M|||50|,,,,,Normal]Sneasler||PsychicSeed|Unburden|Protect,CloseCombat,DireClaw,ThroatChop|||F|||50|,,,,,Dark
|inactive|Battle timer is ON: inactive players will automatically lose when time's up. (requested by Polite Peony)
|inactive|DOCTORCHUNK has 60 seconds left.
|inactive|DOCTORCHUNK has 30 seconds left.
|
|t:|1757038843
|teamsize|p1|4
|teamsize|p2|4
|start
|switch|p1a: Rillaboom|Rillaboom, L50, M|100/100
|switch|p1b: Archaludon|Archaludon, L50, F|100/100
|switch|p2a: Whimsicott|Whimsicott, L50, F|100/100
|switch|p2b: Ursaluna|Ursaluna-Bloodmoon, L50, M|100/100
|-fieldstart|move: Grassy Terrain|[from] ability: Grassy Surge|[of] p1a: Rillaboom
|turn|1
|inactive|DOCTORCHUNK has 30 seconds left.
|inactive|Polite Peony has 30 seconds left.
|inactive|DOCTORCHUNK has 20 seconds left.
|inactive|DOCTORCHUNK has 15 seconds left.
|inactive|Polite Peony has 20 seconds left.
|inactive|DOCTORCHUNK has 10 seconds left.
|inactive|Polite Peony has 15 seconds left.
|inactive|DOCTORCHUNK has 5 seconds left.
|
|t:|1757038898
|move|p2b: Ursaluna|Protect|p2b: Ursaluna
|-singleturn|p2b: Ursaluna|Protect
|move|p1a: Rillaboom|Fake Out|p2b: Ursaluna
|-activate|p2b: Ursaluna|move: Protect
|move|p2a: Whimsicott|Tailwind|p2a: Whimsicott
|-sidestart|p2: Polite Peony|move: Tailwind
|move|p1b: Archaludon|Flash Cannon|p2a: Whimsicott
|-supereffective|p2a: Whimsicott
|-damage|p2a: Whimsicott|0 fnt
|faint|p2a: Whimsicott
|
|upkeep
|
|t:|1757038911
|switch|p2a: Indeedee|Indeedee, L50, M|100/100
|-fieldstart|move: Psychic Terrain|[from] ability: Psychic Surge|[of] p2a: Indeedee
|turn|2
|inactive|DOCTORCHUNK has 30 seconds left.
|inactive|DOCTORCHUNK has 20 seconds left.
|inactive|Polite Peony has 30 seconds left.
|inactive|DOCTORCHUNK has 15 seconds left.
|inactive|DOCTORCHUNK has 10 seconds left.
|
|t:|1757038957
|-terastallize|p2b: Ursaluna|Normal
|move|p2a: Indeedee|Expanding Force|p1b: Archaludon|[spread] p1a,p1b
|-resisted|p1b: Archaludon
|-damage|p1a: Rillaboom|29/100
|-damage|p1b: Archaludon|82/100
|-ability|p1b: Archaludon|Stamina|boost
|-boost|p1b: Archaludon|def|1
|move|p2b: Ursaluna|Blood Moon|p1b: Archaludon
|-resisted|p1b: Archaludon
|-damage|p1b: Archaludon|25/100
|-ability|p1b: Archaludon|Stamina|boost
|-boost|p1b: Archaludon|def|1
|-damage|p2b: Ursaluna|91/100|[from] item: Life Orb
|move|p1a: Rillaboom|U-turn|p2a: Indeedee
|-supereffective|p2a: Indeedee
|-enditem|p2a: Indeedee|Focus Sash
|-damage|p2a: Indeedee|1/100
|
|t:|1757038980
|switch|p1a: Gengar|Gengar, L50, M|100/100|[from] U-turn
|move|p1b: Archaludon|Snarl|p2a: Indeedee|[spread] p2a,p2b
|-supereffective|p2a: Indeedee
|-damage|p2a: Indeedee|0 fnt
|-damage|p2b: Ursaluna|73/100
|-unboost|p2b: Ursaluna|spa|1
|faint|p2a: Indeedee
|
|upkeep
|
|t:|1757038986
|switch|p2a: Archaludon|Archaludon, L50, M, shiny|100/100
|turn|3
|inactive|DOCTORCHUNK has 30 seconds left.
|
|t:|1757039018
|move|p2a: Archaludon|Electro Shot||[still]
|-prepare|p2a: Archaludon|Electro Shot
|-boost|p2a: Archaludon|spa|1
|-enditem|p2a: Archaludon|Power Herb
|-anim|p2a: Archaludon|Electro Shot|p1a: Gengar
|-damage|p1a: Gengar|9/100
|move|p2b: Ursaluna|Earth Power|p1b: Archaludon
|-supereffective|p1b: Archaludon
|-damage|p1b: Archaludon|0 fnt
|faint|p1b: Archaludon
|-damage|p2b: Ursaluna|63/100|[from] item: Life Orb
|move|p1a: Gengar|Perish Song|p1a: Gengar
|-start|p1a: Gengar|perish3|[silent]
|-start|p2a: Archaludon|perish3|[silent]
|-start|p2b: Ursaluna|perish3|[silent]
|-fieldactivate|move: Perish Song
|
|-start|p2a: Archaludon|perish3
|-start|p2b: Ursaluna|perish3
|-start|p1a: Gengar|perish3
|upkeep
|
|t:|1757039036
|switch|p1b: Rillaboom|Rillaboom, L50, M|29/100
|-fieldstart|move: Grassy Terrain|[from] ability: Grassy Surge|[of] p1b: Rillaboom
|-enditem|p1a: Gengar|Grassy Seed
|-boost|p1a: Gengar|def|1|[from] item: Grassy Seed
|turn|4
|
|t:|1757039068
|move|p1b: Rillaboom|Fake Out|p2a: Archaludon
|-resisted|p2a: Archaludon
|-damage|p2a: Archaludon|94/100
|cant|p2a: Archaludon|flinch
|move|p2b: Ursaluna|Hyper Voice|p1a: Gengar|[spread] p1a,p1b
|-damage|p1a: Gengar|0 fnt
|-damage|p1b: Rillaboom|0 fnt
|faint|p1a: Gengar
|faint|p1b: Rillaboom
|-damage|p2b: Ursaluna|54/100|[from] item: Life Orb
|
|-heal|p2a: Archaludon|100/100|[from] Grassy Terrain
|-heal|p2b: Ursaluna|60/100|[from] Grassy Terrain
|-start|p2a: Archaludon|perish2
|-start|p2b: Ursaluna|perish2
|-sideend|p2: Polite Peony|move: Tailwind
|upkeep
|
|t:|1757039084
|switch|p1b: Pelipper|Pelipper, L50, M|100/100
|-weather|RainDance|[from] ability: Drizzle|[of] p1b: Pelipper
|turn|5
|
|t:|1757039098
|-terastallize|p1b: Pelipper|Ghost
|move|p2a: Archaludon|Thunderbolt|p1b: Pelipper
|-damage|p1b: Pelipper|21/100
|move|p1b: Pelipper|Weather Ball|p2b: Ursaluna
|-damage|p2b: Ursaluna|0 fnt
|faint|p2b: Ursaluna
|
|-weather|RainDance|[upkeep]
|-heal|p1b: Pelipper|27/100|[from] Grassy Terrain
|-start|p2a: Archaludon|perish1
|upkeep
|turn|6
|inactive|DOCTORCHUNK has 30 seconds left.
|inactive|DOCTORCHUNK has 20 seconds left.
|inactive|DOCTORCHUNK has 15 seconds left.
|-message|DOCTORCHUNK forfeited.
|
|win|Polite Peony
|raw|DOCTORCHUNK's rating: 1187 → 1157(-30 for losing)
|raw|Polite Peony's rating: 1111 → 1141(+30 for winning)
|l|☆DOCTORCHUNK
|player|p1|
