|j|☆Joniu
|j|☆sorecruiser
|html|Joniusorecruiser    
|uhtml|bestof|Game 2 of a best-of-3
|t:|1757635615
|gametype|doubles
|player|p1|Joniu|ltsurge|1118
|player|p2|sorecruiser|furisodegirl-black|1121
|gen|9
|tier|[Gen 9] VGC 2025 Reg H (Bo3)
|rated|
|rule|Species Clause: Limit one of each Pokémon
|rule|Item Clause: Limit 1 of each item
|clearpoke
|poke|p1|Torkoal, L50, F|
|poke|p1|Charizard, L50, F|
|poke|p1|Incineroar, L50, M|
|poke|p1|Jumpluff, L50, M|
|poke|p1|Porygon2, L50|
|poke|p1|Ursaluna, L50, F|
|poke|p2|Gholdengo, L50|
|poke|p2|Whimsicott, L50, M|
|poke|p2|Sneasler, L50, F|
|poke|p2|Rillaboom, L50, M|
|poke|p2|Hydreigon, L50, F|
|poke|p2|Magmar, L50, M|
|teampreview|4
|showteam|p1|Torkoal||EjectPack|Drought|Overheat,Eruption,HelpingHand,Protect|||F|||50|,,,,,Fire]Charizard||ChoiceSpecs|SolarPower|AirSlash,HeatWave,Overheat,WeatherBall|||F|||50|,,,,,Ghost]Incineroar||SitrusBerry|Intimidate|FlareBlitz,KnockOff,PartingShot,FakeOut|||M|||50|,,,,,Grass]Jumpluff||CovertCloak|Chlorophyll|SleepPowder,SunnyDay,RagePowder,Tailwind|||M|||50|,,,,,Water]Porygon2||Eviolite|Download|TeraBlast,IceBeam,Recover,TrickRoom||||||50|,,,,,Fighting]Ursaluna||FlameOrb|Guts|HeadlongRush,Earthquake,Facade,Protect|||F|||50|,,,,,Ghost
|showteam|p2|Gholdengo||MetalCoat|GoodasGold|MakeItRain,ShadowBall,NastyPlot,Protect||||||50|,,,,,Water]Whimsicott||CovertCloak|Prankster|Tailwind,Encore,SunnyDay,Moonblast|||M|||50|,,,,,Dark]Sneasler||WhiteHerb|Unburden|DireClaw,CloseCombat,ThroatChop,Protect|||F|||50|,,,,,Dark]Rillaboom||AssaultVest|GrassySurge|GrassyGlide,WoodHammer,HighHorsepower,FakeOut|||M|||50|,,,,,Fire]Hydreigon||ChoiceSpecs|Levitate|DarkPulse,DracoMeteor,Snarl,HeatWave|||F|||50|,,,,,Fairy]Magmar||Eviolite|VitalSpirit|FollowMe,HeatWave,Taunt,Protect|||M|||50|,,,,,Ghost
|inactive|Battle timer is ON: inactive players will automatically lose when time's up. (requested by Joniu)
|
|t:|1757635636
|teamsize|p1|4
|teamsize|p2|4
|start
|switch|p1a: Jumpluff|Jumpluff, L50, M|100/100
|switch|p1b: Ursaluna|Ursaluna, L50, F|100/100
|switch|p2a: Gholdengo|Gholdengo, L50|100/100
|switch|p2b: Magmar|Magmar, L50, M|100/100
|turn|1
|inactive|sorecruiser has 30 seconds left.
|inactive|sorecruiser has 20 seconds left.
|inactive|sorecruiser has 15 seconds left.
|inactive|sorecruiser has 10 seconds left.
|inactive|sorecruiser has 5 seconds left.
|
|t:|1757635688
|switch|p2b: Hydreigon|Hydreigon, L50, F|100/100
|-terastallize|p2a: Gholdengo|Water
|move|p1a: Jumpluff|Tailwind|p1a: Jumpluff
|-sidestart|p1: Joniu|move: Tailwind
|move|p1b: Ursaluna|Earthquake|p2b: Hydreigon|[spread] p2a
|-immune|p1a: Jumpluff
|-immune|p2b: Hydreigon|[from] ability: Levitate
|-damage|p2a: Gholdengo|55/100
|move|p2a: Gholdengo|Nasty Plot|p2a: Gholdengo
|-boost|p2a: Gholdengo|spa|2
|
|-status|p1b: Ursaluna|brn|[from] item: Flame Orb
|upkeep
|turn|2
|inactive|Joniu has 30 seconds left.
|
|t:|1757635716
|move|p1a: Jumpluff|Sleep Powder|p2b: Hydreigon|[miss]
|-miss|p1a: Jumpluff|p2b: Hydreigon
|move|p1b: Ursaluna|Facade|p2a: Gholdengo
|-damage|p2a: Gholdengo|0 fnt
|faint|p2a: Gholdengo
|move|p2b: Hydreigon|Draco Meteor|p1b: Ursaluna
|-damage|p1b: Ursaluna|0 fnt
|-unboost|p2b: Hydreigon|spa|2
|faint|p1b: Ursaluna
|
|upkeep
|
|t:|1757635731
|switch|p2a: Magmar|Magmar, L50, M|100/100
|switch|p1b: Charizard|Charizard, L50, F|100/100
|turn|3
|
|t:|1757635744
|move|p2a: Magmar|Follow Me|p2a: Magmar
|-singleturn|p2a: Magmar|move: Follow Me
|move|p1a: Jumpluff|Sunny Day|p1a: Jumpluff
|-weather|SunnyDay
|move|p1b: Charizard|Heat Wave|p2b: Hydreigon|[spread] p2a,p2b
|-resisted|p2a: Magmar
|-resisted|p2b: Hydreigon
|-crit|p2b: Hydreigon
|-damage|p2a: Magmar|61/100
|-damage|p2b: Hydreigon|5/100
|move|p2b: Hydreigon|Draco Meteor|p1a: Jumpluff
|-damage|p1a: Jumpluff|40/100
|-unboost|p2b: Hydreigon|spa|2
|
|-weather|SunnyDay|[upkeep]
|-damage|p1b: Charizard|88/100|[from] ability: Solar Power|[of] p1b: Charizard
|upkeep
|turn|4
|
|t:|1757635768
|switch|p1a: Porygon2|Porygon2, L50|100/100
|-ability|p1a: Porygon2|Download|boost
|-boost|p1a: Porygon2|spa|1
|move|p1b: Charizard|Heat Wave|p2a: Magmar|[spread] p2a,p2b
|-resisted|p2a: Magmar
|-resisted|p2b: Hydreigon
|-damage|p2a: Magmar|16/100
|-damage|p2b: Hydreigon|0 fnt
|faint|p2b: Hydreigon
|move|p2a: Magmar|Heat Wave|p1a: Porygon2|[spread] p1a,p1b
|-resisted|p1b: Charizard
|-damage|p1a: Porygon2|75/100
|-damage|p1b: Charizard|63/100
|-status|p1a: Porygon2|brn
|
|-weather|SunnyDay|[upkeep]
|-damage|p1b: Charizard|50/100|[from] ability: Solar Power|[of] p1b: Charizard
|-damage|p1a: Porygon2|69/100 brn|[from] brn
|-sideend|p1: Joniu|move: Tailwind
|upkeep
|
|t:|1757635779
|switch|p2b: Sneasler|Sneasler, L50, F|100/100
|turn|5
|inactive|Joniu has 30 seconds left.
|inactive|Joniu has 20 seconds left.
|inactive|sorecruiser has 30 seconds left.
|inactive|Joniu has 15 seconds left.
|
|t:|1757635824
|switch|p1b: Jumpluff|Jumpluff, L50, M|40/100
|-terastallize|p1a: Porygon2|Fighting
|move|p2a: Magmar|Follow Me|p2a: Magmar
|-singleturn|p2a: Magmar|move: Follow Me
|move|p2b: Sneasler|Dire Claw|p1b: Jumpluff
|-supereffective|p1b: Jumpluff
|-damage|p1b: Jumpluff|0 fnt
|faint|p1b: Jumpluff
|move|p1a: Porygon2|Tera Blast|p2a: Magmar|[anim] Tera Blast Fighting
|-damage|p2a: Magmar|0 fnt
|faint|p2a: Magmar
|
|-weather|SunnyDay|[upkeep]
|-damage|p1a: Porygon2|63/100 brn|[from] brn
|upkeep
|
|t:|1757635837
|switch|p1b: Charizard|Charizard, L50, F|50/100
|turn|6
|
|t:|1757635856
|move|p2b: Sneasler|Dire Claw|p1b: Charizard
|-damage|p1b: Charizard|0 fnt
|faint|p1b: Charizard
|move|p1a: Porygon2|Trick Room|p1a: Porygon2
|-fieldstart|move: Trick Room|[of] p1a: Porygon2
|
|-weather|SunnyDay|[upkeep]
|-damage|p1a: Porygon2|57/100 brn|[from] brn
|upkeep
|turn|7
|
|t:|1757635869
|move|p1a: Porygon2|Tera Blast|p2b: Sneasler|[anim] Tera Blast Fighting
|-resisted|p2b: Sneasler
|-damage|p2b: Sneasler|62/100
|move|p2b: Sneasler|Close Combat|p1a: Porygon2
|-crit|p1a: Porygon2
|-damage|p1a: Porygon2|0 fnt
|-unboost|p2b: Sneasler|def|1
|-unboost|p2b: Sneasler|spd|1
|faint|p1a: Porygon2
|-enditem|p2b: Sneasler|White Herb
|-clearnegativeboost|p2b: Sneasler|[silent]
|
|win|sorecruiser
|raw|Joniu's rating: 1118 → 1093(-25 for losing)
|raw|sorecruiser's rating: 1121 → 1146(+25 for winning)
