|j|☆Brutalandathebozz
|j|☆hondo civic
|html|Brutalandathebozzhondo civic    
|uhtml|bestof|Game 1 of a best-of-3
|t:|1756586602
|gametype|doubles
|player|p1|Brutalandathebozz|2|1381
|player|p2|hondo civic|2|1448
|gen|9
|tier|[Gen 9] VGC 2025 Reg H (Bo3)
|rated|
|rule|Species Clause: Limit one of each Pokémon
|rule|Item Clause: Limit 1 of each item
|clearpoke
|poke|p1|Sneasler, L50, M|
|poke|p1|Electabuzz, L50, M|
|poke|p1|Rillaboom, L50, F|
|poke|p1|Primarina, L50, M|
|poke|p1|Kingambit, L50, F|
|poke|p1|Volcarona, L50, M|
|poke|p2|Ninetales-Alola, L50, F|
|poke|p2|Rillaboom, L50, M|
|poke|p2|Magmar, L50, F|
|poke|p2|Sneasler, L50, M|
|poke|p2|Kingambit, L50, F|
|poke|p2|Basculegion, L50, M|
|teampreview|4
|showteam|p1|Sneasler||FocusSash|PoisonTouch|FakeOut,CloseCombat,DireClaw,Protect|||M|||50|,,,,,Ghost]Electabuzz||Eviolite|VitalSpirit|Protect,Taunt,FollowMe,Electroweb|||M|||50|,,,,,Ghost]Rillaboom||AssaultVest|GrassySurge|WoodHammer,GrassyGlide,FakeOut,HighHorsepower|||F|||50|,,,,,Fire]Primarina||SitrusBerry|LiquidVoice|HyperVoice,Moonblast,Protect,Haze|||M|||50|,,,,,Poison]Kingambit||BlackGlasses|Defiant|KowtowCleave,SuckerPunch,Protect,SwordsDance|||F|||50|,,,,,Dark]Volcarona||CovertCloak|FlameBody|HeatWave,TeraBlast,QuiverDance,Protect|||M|||50|,,,,,Fairy
|showteam|p2|Ninetales-Alola||LifeOrb|SnowWarning|Blizzard,FreezeDry,Encore,Protect|||F|||50|,,,,,Ghost]Rillaboom||AssaultVest|GrassySurge|WoodHammer,FakeOut,Uturn,GrassyGlide|||M|||50|,,,,,Ghost]Magmar||Eviolite|VitalSpirit|Protect,HeatWave,Taunt,FollowMe|||F|||50|,,,,,Ghost]Sneasler||FocusSash|PoisonTouch|FakeOut,DireClaw,CloseCombat,Protect|||M|||50|,,,,,Ghost]Kingambit||BlackGlasses|Defiant|KowtowCleave,SwordsDance,SuckerPunch,Protect|||F|||50|,,,,,Fire]Basculegion||ChoiceScarf|Adaptability|WaveCrash,FlipTurn,TeraBlast,LastRespects|||M|||50|,,,,,Fairy
|inactive|Battle timer is ON: inactive players will automatically lose when time's up. (requested by hondo civic)
|inactive|Brutalandathebozz has 60 seconds left.
|inactive|hondo civic has 60 seconds left.
|
|t:|1756586644
|teamsize|p1|4
|teamsize|p2|4
|start
|switch|p1a: Volcarona|Volcarona, L50, M, shiny|100/100
|switch|p1b: Electabuzz|Electabuzz, L50, M|100/100
|switch|p2a: Kingambit|Kingambit, L50, F, shiny|100/100
|switch|p2b: Sneasler|Sneasler, L50, M|100/100
|turn|1
|
|t:|1756586656
|-terastallize|p2a: Kingambit|Fire
|move|p2b: Sneasler|Fake Out|p1b: Electabuzz
|-damage|p1b: Electabuzz|88/100
|cant|p1b: Electabuzz|flinch
|move|p1a: Volcarona|Quiver Dance|p1a: Volcarona
|-boost|p1a: Volcarona|spa|1
|-boost|p1a: Volcarona|spd|1
|-boost|p1a: Volcarona|spe|1
|move|p2a: Kingambit|Swords Dance|p2a: Kingambit
|-boost|p2a: Kingambit|atk|2
|
|upkeep
|turn|2
|inactive|Brutalandathebozz has 30 seconds left.
|inactive|Brutalandathebozz has 20 seconds left.
|
|t:|1756586694
|move|p2b: Sneasler|Protect|p2b: Sneasler
|-singleturn|p2b: Sneasler|Protect
|move|p1b: Electabuzz|Follow Me|p1b: Electabuzz
|-singleturn|p1b: Electabuzz|move: Follow Me
|move|p1a: Volcarona|Quiver Dance|p1a: Volcarona
|-boost|p1a: Volcarona|spa|1
|-boost|p1a: Volcarona|spd|1
|-boost|p1a: Volcarona|spe|1
|move|p2a: Kingambit|Kowtow Cleave|p1b: Electabuzz
|-damage|p1b: Electabuzz|0 fnt
|faint|p1b: Electabuzz
|
|upkeep
|
|t:|1756586701
|switch|p1b: Sneasler|Sneasler, L50, M|100/100
|turn|3
|
|t:|1756586721
|move|p1b: Sneasler|Fake Out|p2a: Kingambit
|-damage|p2a: Kingambit|88/100
|cant|p2a: Kingambit|flinch
|move|p1a: Volcarona|Heat Wave|p2b: Sneasler|[spread] p2a,p2b
|-resisted|p2a: Kingambit
|-damage|p2a: Kingambit|51/100
|-enditem|p2b: Sneasler|Focus Sash
|-damage|p2b: Sneasler|1/100
|move|p2b: Sneasler|Dire Claw|p1a: Volcarona
|-damage|p1a: Volcarona|47/100
|-status|p2b: Sneasler|brn|[from] ability: Flame Body|[of] p1a: Volcarona
|
|-damage|p2b: Sneasler|0 fnt|[from] brn
|faint|p2b: Sneasler
|upkeep
|
|t:|1756586731
|switch|p2b: Magmar|Magmar, L50, F|100/100
|turn|4
|
|t:|1756586742
|switch|p1b: Rillaboom|Rillaboom, L50, F|100/100
|-fieldstart|move: Grassy Terrain|[from] ability: Grassy Surge|[of] p1b: Rillaboom
|move|p1a: Volcarona|Protect|p1a: Volcarona
|-singleturn|p1a: Volcarona|Protect
|move|p2a: Kingambit|Protect|p2a: Kingambit
|-singleturn|p2a: Kingambit|Protect
|move|p2b: Magmar|Taunt|p1a: Volcarona
|-activate|p1a: Volcarona|move: Protect
|
|-heal|p1a: Volcarona|53/100|[from] Grassy Terrain
|-heal|p2a: Kingambit|57/100|[from] Grassy Terrain
|upkeep
|turn|5
|
|t:|1756586764
|move|p1b: Rillaboom|Fake Out|p2a: Kingambit
|-damage|p2a: Kingambit|46/100
|cant|p2a: Kingambit|flinch
|move|p1a: Volcarona|Quiver Dance|p1a: Volcarona
|-boost|p1a: Volcarona|spa|1
|-boost|p1a: Volcarona|spd|1
|-boost|p1a: Volcarona|spe|1
|move|p2b: Magmar|Heat Wave|p1a: Volcarona|[spread] p1a,p1b
|-supereffective|p1b: Rillaboom
|-damage|p1a: Volcarona|44/100
|-damage|p1b: Rillaboom|60/100
|
|-heal|p1a: Volcarona|50/100|[from] Grassy Terrain
|-heal|p1b: Rillaboom|66/100|[from] Grassy Terrain
|-heal|p2a: Kingambit|52/100|[from] Grassy Terrain
|upkeep
|turn|6
|
|t:|1756586784
|switch|p1b: Sneasler|Sneasler, L50, M|100/100
|move|p1a: Volcarona|Protect|p1a: Volcarona
|-singleturn|p1a: Volcarona|Protect
|move|p2b: Magmar|Protect|p2b: Magmar
|-singleturn|p2b: Magmar|Protect
|move|p2a: Kingambit|Protect||[still]
|-fail|p2a: Kingambit
|
|-heal|p1a: Volcarona|56/100|[from] Grassy Terrain
|-heal|p2a: Kingambit|58/100|[from] Grassy Terrain
|upkeep
|turn|7
|
|t:|1756586800
|move|p2a: Kingambit|Protect|p2a: Kingambit
|-singleturn|p2a: Kingambit|Protect
|move|p1b: Sneasler|Fake Out|p2a: Kingambit
|-activate|p2a: Kingambit|move: Protect
|move|p1a: Volcarona|Heat Wave|p2a: Kingambit|[spread] p2b
|-activate|p2a: Kingambit|move: Protect
|-resisted|p2b: Magmar
|-damage|p2b: Magmar|65/100
|move|p2b: Magmar|Taunt|p1a: Volcarona
|-start|p1a: Volcarona|move: Taunt
|
|-heal|p1a: Volcarona|62/100|[from] Grassy Terrain
|-heal|p2b: Magmar|70/100|[from] Grassy Terrain
|-heal|p2a: Kingambit|64/100|[from] Grassy Terrain
|upkeep
|turn|8
|
|t:|1756586818
|-terastallize|p1a: Volcarona|Fairy
|move|p2b: Magmar|Follow Me|p2b: Magmar
|-singleturn|p2b: Magmar|move: Follow Me
|move|p2a: Kingambit|Sucker Punch|p1a: Volcarona
|-resisted|p1a: Volcarona
|-damage|p1a: Volcarona|0 fnt
|faint|p1a: Volcarona
|move|p1b: Sneasler|Dire Claw|p2b: Magmar
|-damage|p2b: Magmar|36/100
|
|-heal|p2b: Magmar|42/100|[from] Grassy Terrain
|-heal|p2a: Kingambit|70/100|[from] Grassy Terrain
|-fieldend|move: Grassy Terrain
|upkeep
|
|t:|1756586827
|switch|p1a: Rillaboom|Rillaboom, L50, F|66/100
|-fieldstart|move: Grassy Terrain|[from] ability: Grassy Surge|[of] p1a: Rillaboom
|turn|9
|
|t:|1756586842
|move|p2b: Magmar|Protect|p2b: Magmar
|-singleturn|p2b: Magmar|Protect
|move|p2a: Kingambit|Protect|p2a: Kingambit
|-singleturn|p2a: Kingambit|Protect
|move|p1a: Rillaboom|Fake Out|p2a: Kingambit
|-activate|p2a: Kingambit|move: Protect
|move|p1b: Sneasler|Dire Claw|p2b: Magmar
|-activate|p2b: Magmar|move: Protect
|
|-heal|p1a: Rillaboom|72/100|[from] Grassy Terrain
|-heal|p2b: Magmar|48/100|[from] Grassy Terrain
|-heal|p2a: Kingambit|76/100|[from] Grassy Terrain
|upkeep
|turn|10
|
|t:|1756586856
|move|p2b: Magmar|Follow Me|p2b: Magmar
|-singleturn|p2b: Magmar|move: Follow Me
|move|p1a: Rillaboom|Grassy Glide|p2b: Magmar
|-resisted|p2b: Magmar
|-damage|p2b: Magmar|36/100
|move|p1b: Sneasler|Dire Claw|p2b: Magmar
|-damage|p2b: Magmar|4/100
|move|p2a: Kingambit|Kowtow Cleave|p1b: Sneasler
|-resisted|p1b: Sneasler
|-enditem|p1b: Sneasler|Focus Sash
|-damage|p1b: Sneasler|1/100
|
|-heal|p1b: Sneasler|7/100|[from] Grassy Terrain
|-heal|p1a: Rillaboom|79/100|[from] Grassy Terrain
|-heal|p2b: Magmar|10/100|[from] Grassy Terrain
|-heal|p2a: Kingambit|82/100|[from] Grassy Terrain
|upkeep
|turn|11
|
|t:|1756586866
|move|p1b: Sneasler|Protect|p1b: Sneasler
|-singleturn|p1b: Sneasler|Protect
|move|p2b: Magmar|Protect|p2b: Magmar
|-singleturn|p2b: Magmar|Protect
|move|p2a: Kingambit|Protect|p2a: Kingambit
|-singleturn|p2a: Kingambit|Protect
|move|p1a: Rillaboom|Grassy Glide|p2b: Magmar
|-activate|p2b: Magmar|move: Protect
|
|-heal|p1b: Sneasler|13/100|[from] Grassy Terrain
|-heal|p1a: Rillaboom|85/100|[from] Grassy Terrain
|-heal|p2b: Magmar|16/100|[from] Grassy Terrain
|-heal|p2a: Kingambit|88/100|[from] Grassy Terrain
|upkeep
|turn|12
|
|t:|1756586872
|move|p1b: Sneasler|Protect||[still]
|-fail|p1b: Sneasler
|move|p1a: Rillaboom|Grassy Glide|p2b: Magmar
|-resisted|p2b: Magmar
|-damage|p2b: Magmar|5/100
|move|p2a: Kingambit|Sucker Punch||[still]
|-fail|p2a: Kingambit
|move|p2b: Magmar|Heat Wave|p1a: Rillaboom|[spread] p1a,p1b
|-supereffective|p1a: Rillaboom
|-damage|p1a: Rillaboom|49/100
|-damage|p1b: Sneasler|0 fnt
|faint|p1b: Sneasler
|
|-heal|p1a: Rillaboom|56/100|[from] Grassy Terrain
|-heal|p2b: Magmar|10/100|[from] Grassy Terrain
|-heal|p2a: Kingambit|94/100|[from] Grassy Terrain
|upkeep
|turn|13
|-message|Brutalandathebozz forfeited.
|
|win|hondo civic
||hondo civic is ready for game 2.
||Brutalandathebozz is ready for game 2.
|uhtml|next|Next: Game 2 of 3
|l|☆Brutalandathebozz
|player|p1|
