|j|ŌśåPabloZH24
|j|Ōśålangschlong
|html|PabloZH24langschlong    
|uhtml|bestof|Game 2 of a best-of-3
|t:|1756575055
|gametype|doubles
|player|p1|PabloZH24|101|
|player|p2|langschlong|steven|
|gen|9
|tier|[Gen 9] VGC 2025 Reg H (Bo3)
|rule|Species Clause: Limit one of each Pok├®mon
|rule|Item Clause: Limit 1 of each item
|clearpoke
|poke|p1|Annihilape, L50, F|
|poke|p1|Archaludon, L50, F|
|poke|p1|Sinistcha, L50|
|poke|p1|Pelipper, L50, F|
|poke|p1|Ursaluna, L50, F|
|poke|p1|Maushold-Four, L50|
|poke|p2|Gholdengo, L50|
|poke|p2|Maushold, L50|
|poke|p2|Dragonite, L50, F|
|poke|p2|Ursaluna-Bloodmoon, L50, M|
|poke|p2|Grimmsnarl, L50, M|
|poke|p2|Basculegion, L50, M|
|teampreview|4
|showteam|p1|Annihilape||Leftovers|Defiant|DrainPunch,RageFist,BulkUp,Protect|||F|||50|,,,,,Water]Archaludon||AssaultVest|Stamina|DracoMeteor,ElectroShot,Snarl,BodyPress|||F|||50|,,,,,Bug]Sinistcha||SitrusBerry|Hospitality|MatchaGotcha,RagePowder,LifeDew,Protect||||||50|,,,,,Water]Pelipper||FocusSash|Drizzle|WeatherBall,Protect,Tailwind,Hurricane|||F|||50|,,,,,Ghost]Ursaluna||FlameOrb|Guts|Facade,HeadlongRush,Earthquake,Protect|||F|||50|,,,,,Ghost]Maushold-Four||SafetyGoggles|FriendGuard|BeatUp,Taunt,FollowMe,Protect||||||50|,,,,,Ghost
|showteam|p2|Gholdengo||LifeOrb|GoodasGold|MakeItRain,Protect,ShadowBall,TeraBlast||||||50|,,,,,Fighting]Maushold||WideLens|FriendGuard|FollowMe,ThunderWave,PopulationBomb,Taunt||||||50|,,,,,Ghost]Dragonite||LoadedDice|InnerFocus|ScaleShot,Haze,LowKick,ExtremeSpeed|||F|||50|,,,,,Steel]Ursaluna-Bloodmoon||AssaultVest|MindsEye|HyperVoice,EarthPower,BloodMoon,VacuumWave|||M|||50|,,,,,Normal]Grimmsnarl||LightClay|Prankster|SpiritBreak,LightScreen,Reflect,ThunderWave|||M|||50|,,,,,Steel]Basculegion||FocusSash|Adaptability|Liquidation,LastRespects,AquaJet,Protect|||M|||50|,,,,,Water
|inactive|Battle timer is ON: inactive players will automatically lose when time's up. (requested by langschlong)
|
|t:|1756575079
|teamsize|p1|4
|teamsize|p2|4
|start
|switch|p1a: Annihilape|Annihilape, L50, F|100/100
|switch|p1b: Maushold|Maushold-Four, L50|100/100
|switch|p2a: Gholdengo|Gholdengo, L50|100/100
|switch|p2b: Grimmsnarl|Grimmsnarl, L50, M|100/100
|turn|1
|inactive|langschlong has 30 seconds left.
|inactive|PabloZH24 has 30 seconds left.
|inactive|langschlong has 20 seconds left.
|inactive|langschlong has 15 seconds left.
|inactive|PabloZH24 has 20 seconds left.
|inactive|langschlong has 10 seconds left.
|inactive|langschlong has 5 seconds left.
|
|t:|1756575134
|-terastallize|p1a: Annihilape|Water
|move|p1b: Maushold|Beat Up|p1a: Annihilape
|-damage|p1a: Annihilape|98/100
|-damage|p1a: Annihilape|96/100
|-damage|p1a: Annihilape|94/100
|-crit|p1a: Annihilape
|-damage|p1a: Annihilape|90/100
|-hitcount|p1a: Annihilape|4
|move|p1a: Annihilape|Bulk Up|p1a: Annihilape
|-boost|p1a: Annihilape|atk|1
|-boost|p1a: Annihilape|def|1
|move|p2a: Gholdengo|Make It Rain|p1a: Annihilape|[spread] p1a,p1b
|-resisted|p1a: Annihilape
|-damage|p1a: Annihilape|70/100
|-damage|p1b: Maushold|29/100
|-unboost|p2a: Gholdengo|spa|1
|-damage|p2a: Gholdengo|91/100|[from] item: Life Orb
|move|p2b: Grimmsnarl|Spirit Break|p1b: Maushold
|-damage|p1b: Maushold|0 fnt
|faint|p1b: Maushold
|
|-heal|p1a: Annihilape|76/100|[from] item: Leftovers
|upkeep
|
|t:|1756575153
|switch|p1b: Sinistcha|Sinistcha, L50|100/100
|-heal|p1a: Annihilape|100/100|[from] ability: Hospitality|[of] p1b: Sinistcha
|turn|2
|
|t:|1756575178
|move|p2a: Gholdengo|Protect|p2a: Gholdengo
|-singleturn|p2a: Gholdengo|Protect
|move|p2b: Grimmsnarl|Light Screen|p2b: Grimmsnarl
|-sidestart|p2: langschlong|move: Light Screen
|move|p1a: Annihilape|Rage Fist|p2a: Gholdengo
|-activate|p2a: Gholdengo|move: Protect
|move|p1b: Sinistcha|Matcha Gotcha|p2b: Grimmsnarl|[spread] p2b
|-activate|p2a: Gholdengo|move: Protect
|-damage|p2b: Grimmsnarl|86/100
|
|upkeep
|turn|3
|inactive|langschlong has 30 seconds left.
|inactive|langschlong has 20 seconds left.
|inactive|langschlong has 15 seconds left.
|inactive|langschlong has 10 seconds left.
|
|t:|1756575223
|move|p2b: Grimmsnarl|Thunder Wave|p1a: Annihilape
|-status|p1a: Annihilape|par
|move|p2a: Gholdengo|Shadow Ball|p1b: Sinistcha
|-supereffective|p1b: Sinistcha
|-damage|p1b: Sinistcha|21/100
|-enditem|p1b: Sinistcha|Sitrus Berry|[eat]
|-heal|p1b: Sinistcha|46/100|[from] item: Sitrus Berry
|-damage|p2a: Gholdengo|82/100|[from] item: Life Orb
|move|p1b: Sinistcha|Matcha Gotcha|p2a: Gholdengo|[spread] p2a,p2b
|-resisted|p2a: Gholdengo
|-damage|p2a: Gholdengo|73/100
|-heal|p1b: Sinistcha|50/100|[from] drain|[of] p2a: Gholdengo
|-damage|p2b: Grimmsnarl|70/100
|-heal|p1b: Sinistcha|59/100|[from] drain|[of] p2b: Grimmsnarl
|-status|p2b: Grimmsnarl|brn
|move|p1a: Annihilape|Rage Fist|p2b: Grimmsnarl
|-resisted|p2b: Grimmsnarl
|-crit|p2b: Grimmsnarl
|-damage|p2b: Grimmsnarl|0 fnt
|faint|p2b: Grimmsnarl
|
|upkeep
|inactive|langschlong has 30 seconds left.
|inactive|langschlong has 20 seconds left.
|
|t:|1756575262
|switch|p2b: Dragonite|Dragonite, L50, F|100/100
|turn|4
|l|ŌśåPabloZH24
|inactive|PabloZH24 disconnected and has 300 seconds to reconnect!
|player|p1|
|j|ŌśåPabloZH24
|inactive|PabloZH24 reconnected and has 55 seconds left.
|player|p1|PabloZH24|101|
|
|t:|1756575301
|switch|p2b: Ursaluna|Ursaluna-Bloodmoon, L50, M|100/100
|move|p1b: Sinistcha|Rage Powder|p1b: Sinistcha
|-singleturn|p1b: Sinistcha|move: Rage Powder
|move|p2a: Gholdengo|Shadow Ball|p1b: Sinistcha
|-supereffective|p1b: Sinistcha
|-damage|p1b: Sinistcha|0 fnt
|faint|p1b: Sinistcha
|-damage|p2a: Gholdengo|64/100|[from] item: Life Orb
|move|p1a: Annihilape|Rage Fist|p2b: Ursaluna
|-immune|p2b: Ursaluna
|
|upkeep
|
|t:|1756575313
|switch|p1b: Archaludon|Archaludon, L50, F|100/100
|turn|5
|inactive|langschlong has 30 seconds left.
|inactive|langschlong has 20 seconds left.
|inactive|langschlong has 15 seconds left.
|
|t:|1756575356
|move|p2a: Gholdengo|Make It Rain|p1b: Archaludon|[spread] p1a,p1b
|-resisted|p1a: Annihilape
|-resisted|p1b: Archaludon
|-damage|p1a: Annihilape|82/100 par
|-damage|p1b: Archaludon|85/100
|-unboost|p2a: Gholdengo|spa|1
|-ability|p1b: Archaludon|Stamina|boost
|-boost|p1b: Archaludon|def|1
|-damage|p2a: Gholdengo|54/100|[from] item: Life Orb
|move|p1b: Archaludon|Body Press|p2b: Ursaluna
|-supereffective|p2b: Ursaluna
|-damage|p2b: Ursaluna|50/100
|move|p2b: Ursaluna|Earth Power|p1b: Archaludon
|-supereffective|p1b: Archaludon
|-damage|p1b: Archaludon|4/100
|-ability|p1b: Archaludon|Stamina|boost
|-boost|p1b: Archaludon|def|1
|move|p1a: Annihilape|Drain Punch|p2b: Ursaluna
|-supereffective|p2b: Ursaluna
|-damage|p2b: Ursaluna|0 fnt
|-heal|p1a: Annihilape|100/100 par|[from] drain|[of] p2b: Ursaluna
|faint|p2b: Ursaluna
|
|upkeep
|
|t:|1756575375
|switch|p2b: Dragonite|Dragonite, L50, F|100/100
|turn|6
|inactive|langschlong has 30 seconds left.
|inactive|langschlong has 20 seconds left.
|inactive|langschlong has 15 seconds left.
|l|ŌśåPabloZH24
|inactive|PabloZH24 disconnected and has 280 seconds to reconnect!
|player|p1|
|inactive|langschlong has 10 seconds left.
|inactive|langschlong has 5 seconds left.
|
|t:|1756575428
|move|p2a: Gholdengo|Make It Rain|p1b: Archaludon|[spread] p1a,p1b
|-resisted|p1a: Annihilape
|-crit|p1a: Annihilape
|-resisted|p1b: Archaludon
|-damage|p1a: Annihilape|62/100 par
|-damage|p1b: Archaludon|0 fnt
|-unboost|p2a: Gholdengo|spa|1
|faint|p1b: Archaludon
|-damage|p2a: Gholdengo|45/100|[from] item: Life Orb
|move|p2b: Dragonite|Scale Shot|p1a: Annihilape
|-damage|p1a: Annihilape|51/100 par
|-damage|p1a: Annihilape|40/100 par
|-damage|p1a: Annihilape|30/100 par
|-damage|p1a: Annihilape|20/100 par
|-damage|p1a: Annihilape|11/100 par
|-hitcount|p1a: Annihilape|5
|-unboost|p2b: Dragonite|def|1
|-boost|p2b: Dragonite|spe|1
|move|p1a: Annihilape|Rage Fist|p2b: Dragonite
|-damage|p2b: Dragonite|0 fnt
|faint|p2b: Dragonite
|
|-heal|p1a: Annihilape|17/100 par|[from] item: Leftovers
|upkeep
|turn|7
|inactive|PabloZH24 has 270 seconds to reconnect!
|j|ŌśåPabloZH24
|inactive|PabloZH24 reconnected and has 55 seconds left.
|player|p1|PabloZH24|101|
|inactive|langschlong has 30 seconds left.
|
|t:|1756575465
|move|p2a: Gholdengo|Shadow Ball|p1a: Annihilape
|-damage|p1a: Annihilape|0 fnt
|faint|p1a: Annihilape
|-damage|p2a: Gholdengo|35/100|[from] item: Life Orb
|
|win|langschlong
