|j|☆redemption22
|j|☆Volanr
|html|redemption22Volanr    
|uhtml|bestof|Game 1 of a best-of-3
|t:|1757629150
|gametype|doubles
|player|p1|redemption22|265|1411
|player|p2|Volanr|cynthia-masters3|1405
|gen|9
|tier|[Gen 9] VGC 2025 Reg H (Bo3)
|rated|
|rule|Species Clause: Limit one of each Pokémon
|rule|Item Clause: Limit 1 of each item
|clearpoke
|poke|p1|Dondozo, L50, M|
|poke|p1|Tatsugiri-Droopy, L50, M|
|poke|p1|Gholdengo, L50|
|poke|p1|Dragonite, L50, M|
|poke|p1|Talonflame, L50, M|
|poke|p1|Sneasler, L50, M|
|poke|p2|Archaludon, L50, M|
|poke|p2|Sinistcha-Masterpiece, L50|
|poke|p2|Dragonite, L50, M|
|poke|p2|Pelipper, L50, F|
|poke|p2|Ursaluna, L50, M|
|poke|p2|Gholdengo, L50|
|teampreview|4
|showteam|p1|Dondozo||Leftovers|Unaware|Protect,OrderUp,Earthquake,BodyPress|||M|||50|,,,,,Grass]Tatsugiri-Droopy||ChoiceScarf|Commander|DracoMeteor,MuddyWater,IcyWind,DragonPulse|||M|||50|,,,,,Steel]Gholdengo||ChoiceSpecs|GoodasGold|Thunderbolt,ShadowBall,MakeItRain,PowerGem||||||50|,,,,,Steel]Dragonite||ChoiceBand|InnerFocus|ExtremeSpeed,StompingTantrum,Outrage,IceSpinner|||M|||50|,,,,,Normal]Talonflame||CovertCloak|GaleWings|DualWingbeat,Tailwind,Taunt,FlareBlitz|||M|||50|,,,,,Ghost]Sneasler||FocusSash|PoisonTouch|CloseCombat,FakeOut,DireClaw,ThroatChop|||M|||50|,,,,,Fairy
|showteam|p2|Archaludon||AssaultVest|Stamina|BodyPress,Snarl,ElectroShot,FlashCannon|||M|||50|,,,,,Fighting]Sinistcha-Masterpiece||SitrusBerry|Hospitality|MatchaGotcha,RagePowder,TrickRoom,LifeDew||||||50|,,,,,Dark]Dragonite||LoadedDice|Multiscale|ScaleShot,Protect,Tailwind,Haze|||M|||50|,,,,,Steel]Pelipper||FocusSash|Drizzle|MuddyWater,Hurricane,Tailwind,Protect|||F|||50|,,,,,Ghost]Ursaluna||FlameOrb|Guts|Facade,HeadlongRush,Earthquake,Protect|||M|||50|,,,,,Ghost]Gholdengo||ChoiceScarf|GoodasGold|MakeItRain,TeraBlast,ShadowBall,Trick||||||50|,,,,,Water
|inactive|Battle timer is ON: inactive players will automatically lose when time's up. (requested by Volanr)
|
|t:|1757629171
|teamsize|p1|4
|teamsize|p2|4
|start
|switch|p1a: Gholdengo|Gholdengo, L50|100/100
|switch|p1b: Talonflame|Talonflame, L50, M|100/100
|switch|p2a: Gholdengo|Gholdengo, L50|100/100
|switch|p2b: Pelipper|Pelipper, L50, F|100/100
|-weather|RainDance|[from] ability: Drizzle|[of] p2b: Pelipper
|turn|1
|
|t:|1757629184
|-terastallize|p2a: Gholdengo|Water
|-terastallize|p1a: Gholdengo|Steel
|move|p1b: Talonflame|Dual Wingbeat|p2b: Pelipper
|-damage|p2b: Pelipper|78/100
|-damage|p2b: Pelipper|54/100
|-hitcount|p2b: Pelipper|2
|move|p2a: Gholdengo|Shadow Ball|p1a: Gholdengo
|-damage|p1a: Gholdengo|51/100
|move|p1a: Gholdengo|Thunderbolt|p2b: Pelipper
|-supereffective|p2b: Pelipper
|-damage|p2b: Pelipper|0 fnt
|faint|p2b: Pelipper
|
|-weather|RainDance|[upkeep]
|upkeep
|
|t:|1757629205
|switch|p2b: Dragonite|Dragonite, L50, M|100/100
|turn|2
|
|t:|1757629212
|switch|p2a: Archaludon|Archaludon, L50, M|100/100
|move|p1b: Talonflame|Tailwind|p1b: Talonflame
|-sidestart|p1: redemption22|move: Tailwind
|move|p1a: Gholdengo|Thunderbolt|p2a: Archaludon
|-resisted|p2a: Archaludon
|-damage|p2a: Archaludon|85/100
|-ability|p2a: Archaludon|Stamina|boost
|-boost|p2a: Archaludon|def|1
|move|p2b: Dragonite|Tailwind|p2b: Dragonite
|-sidestart|p2: Volanr|move: Tailwind
|
|-weather|RainDance|[upkeep]
|upkeep
|turn|3
|
|t:|1757629228
|move|p2b: Dragonite|Protect|p2b: Dragonite
|-singleturn|p2b: Dragonite|Protect
|move|p1b: Talonflame|Dual Wingbeat|p2b: Dragonite
|-activate|p2b: Dragonite|move: Protect
|move|p1a: Gholdengo|Thunderbolt|p2b: Dragonite
|-activate|p2b: Dragonite|move: Protect
|move|p2a: Archaludon|Electro Shot||[still]
|-prepare|p2a: Archaludon|Electro Shot
|-boost|p2a: Archaludon|spa|1
|-anim|p2a: Archaludon|Electro Shot|p1b: Talonflame
|-supereffective|p1b: Talonflame
|-damage|p1b: Talonflame|0 fnt
|faint|p1b: Talonflame
|
|-weather|RainDance|[upkeep]
|upkeep
|
|t:|1757629236
|switch|p1b: Sneasler|Sneasler, L50, M|100/100
|turn|4
|
|t:|1757629257
|move|p1b: Sneasler|Fake Out|p2b: Dragonite
|-damage|p2b: Dragonite|93/100
|-status|p2b: Dragonite|psn|[from] ability: Poison Touch|[of] p1b: Sneasler
|cant|p2b: Dragonite|flinch
|move|p1a: Gholdengo|Thunderbolt|p2b: Dragonite
|-damage|p2b: Dragonite|42/100 psn
|move|p2a: Archaludon|Electro Shot||[still]
|-prepare|p2a: Archaludon|Electro Shot
|-boost|p2a: Archaludon|spa|1
|-anim|p2a: Archaludon|Electro Shot|p1b: Sneasler
|-enditem|p1b: Sneasler|Focus Sash
|-damage|p1b: Sneasler|1/100
|
|-weather|RainDance|[upkeep]
|-damage|p2b: Dragonite|30/100 psn|[from] psn
|upkeep
|turn|5
|
|t:|1757629279
|move|p2b: Dragonite|Protect|p2b: Dragonite
|-singleturn|p2b: Dragonite|Protect
|move|p1b: Sneasler|Close Combat|p2a: Archaludon
|-supereffective|p2a: Archaludon
|-damage|p2a: Archaludon|35/100
|-unboost|p1b: Sneasler|def|1
|-unboost|p1b: Sneasler|spd|1
|-ability|p2a: Archaludon|Stamina|boost
|-boost|p2a: Archaludon|def|1
|move|p1a: Gholdengo|Thunderbolt|p2b: Dragonite
|-activate|p2b: Dragonite|move: Protect
|move|p2a: Archaludon|Snarl|p1b: Sneasler|[spread] p1a,p1b
|-resisted|p1b: Sneasler
|-damage|p1a: Gholdengo|25/100
|-damage|p1b: Sneasler|0 fnt
|-unboost|p1a: Gholdengo|spa|1
|faint|p1b: Sneasler
|
|-weather|none
|-damage|p2b: Dragonite|18/100 psn|[from] psn
|-sideend|p2: Volanr|move: Tailwind
|-sideend|p1: redemption22|move: Tailwind
|upkeep
|
|t:|1757629292
|switch|p1b: Dragonite|Dragonite, L50, M|100/100
|turn|6
|inactive|redemption22 has 30 seconds left.
|inactive|redemption22 has 20 seconds left.
|
|t:|1757629331
|move|p2b: Dragonite|Scale Shot|p1b: Dragonite
|-supereffective|p1b: Dragonite
|-damage|p1b: Dragonite|65/100
|-supereffective|p1b: Dragonite
|-damage|p1b: Dragonite|31/100
|-supereffective|p1b: Dragonite
|-damage|p1b: Dragonite|1/100
|-supereffective|p1b: Dragonite
|-damage|p1b: Dragonite|0 fnt
|faint|p1b: Dragonite
|-hitcount|p1: Dragonite|4
|-unboost|p2b: Dragonite|def|1
|-boost|p2b: Dragonite|spe|1
|move|p1a: Gholdengo|Thunderbolt|p2b: Dragonite
|-damage|p2b: Dragonite|0 fnt
|faint|p2b: Dragonite
|move|p2a: Archaludon|Flash Cannon|p1a: Gholdengo
|-resisted|p1a: Gholdengo
|-damage|p1a: Gholdengo|0 fnt
|faint|p1a: Gholdengo
|
|win|Volanr
||Volanr is ready for game 2.
||redemption22 is ready for game 2.
|uhtml|next|Next: Game 2 of 3
