|j|☆Harbinger Aegis
|j|☆chungoc
|html|Harbinger Aegischungoc    
|uhtml|bestof|Game 1 of a best-of-3
|t:|1785030035
|gametype|doubles
|player|p1|Harbinger Aegis|102|1162
|player|p2|chungoc|birdkeeper|1159
|gen|9
|tier|[Gen 9 Champions] VGC 2026 Reg M-B (Bo3)
|rated|
|rule|Species Clause: Limit one of each Pokémon
|rule|Item Clause: Limit 1 of each item
|clearpoke
|poke|p1|Garchomp, L50, M|
|poke|p1|Whimsicott, L50, F|
|poke|p1|Incineroar, L50, M|
|poke|p1|Basculegion, L50, M|
|poke|p1|Charizard, L50, F|
|poke|p1|Sylveon, L50, M|
|poke|p2|Tyranitar, L50, M, shiny|
|poke|p2|Whimsicott, L50, F|
|poke|p2|Excadrill, L50, M|
|poke|p2|Rotom-Wash, L50|
|poke|p2|Hydreigon, L50, M|
|poke|p2|Delphox, L50, F|
|teampreview|4
|showteam|p1|Garchomp||LifeOrb|RoughSkin|Earthquake,DragonClaw,RockSlide,Protect|Jolly||M|||50|]Whimsicott||FocusSash|Prankster|Moonblast,Tailwind,Encore,Protect|Timid||F|||50|]Incineroar||SitrusBerry|Intimidate|FlareBlitz,DarkestLariat,FakeOut,PartingShot|Careful||M|||50|]Basculegion||MysticWater|Adaptability|WaveCrash,LastRespects,AquaJet,Protect|Adamant||M|||50|]Charizard||CharizarditeY|Blaze|HeatWave,WeatherBall,SolarBeam,Protect|Modest||F|||50|]Sylveon||FairyFeather|Pixilate|HyperVoice,HyperBeam,QuickAttack,Detect|Modest||M|||50|
|showteam|p2|Tyranitar||Tyranitarite|SandStream|RockSlide,KnockOff,Protect,Superpower|Adamant||M|||50|]Whimsicott||FocusSash|Prankster|Moonblast,Tailwind,Encore,Taunt|Timid||F|||50|]Excadrill||LifeOrb|SandRush|HighHorsepower,IronHead,RockSlide,Protect|Adamant||M|||50|]Rotom-Wash||SitrusBerry|Levitate|Protect,WillOWisp,Thunderbolt,HydroPump|Modest|||||50|]Hydreigon||RoseliBerry|Levitate|Protect,DarkPulse,DracoMeteor,FlashCannon|Modest||M|||50|]Delphox||Delphoxite|Blaze|HeatWave,Psychic,Protect,DazzlingGleam|Modest||F|||50|
|
|t:|1785030130
|teamsize|p1|4
|teamsize|p2|4
|start
|switch|p1a: Sylveon|Sylveon, L50, M|100/100
|switch|p1b: Basculegion|Basculegion, L50, M|100/100
|switch|p2a: Whimsicott|Whimsicott, L50, F|100/100
|switch|p2b: Rotom|Rotom-Wash, L50|100/100
|turn|1
|
|t:|1785030159
|switch|p1b: Incineroar|Incineroar, L50, M|100/100
|-ability|p1b: Incineroar|Intimidate|boost
|-unboost|p2a: Whimsicott|atk|1
|-unboost|p2b: Rotom|atk|1
|move|p2a: Whimsicott|Tailwind|p2a: Whimsicott
|-sidestart|p2: chungoc|move: Tailwind
|move|p2b: Rotom|Thunderbolt|p1b: Incineroar
|-damage|p1b: Incineroar|65/100
|move|p1a: Sylveon|Hyper Voice|p2b: Rotom|[spread] p2a,p2b
|-damage|p2a: Whimsicott|14/100
|-damage|p2b: Rotom|28/100
|-enditem|p2b: Rotom|Sitrus Berry|[eat]
|-heal|p2b: Rotom|52/100|[from] item: Sitrus Berry
|
|upkeep
|turn|2
|
|t:|1785030183
|move|p2b: Rotom|Protect|p2b: Rotom
|-singleturn|p2b: Rotom|Protect
|move|p2a: Whimsicott|Moonblast|p1a: Sylveon
|-damage|p1a: Sylveon|70/100
|move|p1a: Sylveon|Hyper Voice|p2a: Whimsicott|[spread] p2a
|-activate|p2b: Rotom|move: Protect
|-damage|p2a: Whimsicott|0 fnt
|faint|p2a: Whimsicott
|move|p1b: Incineroar|Parting Shot|p2b: Rotom
|-activate|p2b: Rotom|move: Protect
|
|upkeep
|
|t:|1785030230
|switch|p2a: Excadrill|Excadrill, L50, M|100/100
|turn|3
|
|t:|1785030276
|switch|p1b: Whimsicott|Whimsicott, L50, F|100/100
|move|p1a: Sylveon|Detect|p1a: Sylveon
|-singleturn|p1a: Sylveon|Protect
|move|p2a: Excadrill|Iron Head|p1a: Sylveon
|-activate|p1a: Sylveon|move: Protect
|move|p2b: Rotom|Hydro Pump|p1b: Whimsicott|[miss]
|-miss|p2b: Rotom|p1b: Whimsicott
|
|upkeep
|turn|4
|
|t:|1785030299
|switch|p1a: Incineroar|Incineroar, L50, M|65/100
|-ability|p1a: Incineroar|Intimidate|boost
|-unboost|p2a: Excadrill|atk|1
|-unboost|p2b: Rotom|atk|1
|move|p1b: Whimsicott|Protect|p1b: Whimsicott
|-singleturn|p1b: Whimsicott|Protect
|move|p2a: Excadrill|Iron Head|p1a: Incineroar
|-resisted|p1a: Incineroar|1
|-damage|p1a: Incineroar|47/100
|-enditem|p1a: Incineroar|Sitrus Berry|[eat]
|-heal|p1a: Incineroar|71/100|[from] item: Sitrus Berry
|-damage|p2a: Excadrill|90/100|[from] item: Life Orb
|move|p2b: Rotom|Thunderbolt|p1b: Whimsicott
|-activate|p1b: Whimsicott|move: Protect
|
|-sideend|p2: chungoc|move: Tailwind
|upkeep
|turn|5
|
|t:|1785030324
|move|p1a: Incineroar|Fake Out|p2a: Excadrill
|-resisted|p2a: Excadrill|1
|-damage|p2a: Excadrill|82/100
|move|p1b: Whimsicott|Moonblast|p2b: Rotom
|-damage|p2b: Rotom|5/100
|cant|p2a: Excadrill|flinch
|move|p2b: Rotom|Hydro Pump|p1a: Incineroar
|-supereffective|p1a: Incineroar|1
|-damage|p1a: Incineroar|0 fnt
|faint|p1a: Incineroar
|
|upkeep
|
|t:|1785030334
|switch|p1a: Basculegion|Basculegion, L50, M|100/100
|turn|6
|inactive|Battle timer is ON: inactive players will automatically lose when time's up. (requested by Harbinger Aegis)
|inactive|chungoc has 60 seconds left.
|inactive|chungoc has 30 seconds left.
|
|t:|1785030514
|move|p1a: Basculegion|Aqua Jet|p2a: Excadrill
|-supereffective|p2a: Excadrill|1
|-damage|p2a: Excadrill|0 fnt
|faint|p2a: Excadrill
|move|p1b: Whimsicott|Moonblast|p2b: Rotom
|-damage|p2b: Rotom|0 fnt
|faint|p2b: Rotom
|
|upkeep
|inactive|chungoc has 30 seconds left.
|inactive|chungoc has 20 seconds left.
|
|t:|1785030552
|switch|p2b: Hydreigon|Hydreigon, L50, M|100/100
|turn|7
|inactive|Harbinger Aegis has 30 seconds left.
|inactive|Harbinger Aegis has 20 seconds left.
|inactive|Harbinger Aegis has 15 seconds left.
|inactive|Harbinger Aegis has 10 seconds left.
|
|t:|1785030602
|move|p1b: Whimsicott|Moonblast|p2b: Hydreigon
|-supereffective|p2b: Hydreigon|2
|-enditem|p2b: Hydreigon|Roseli Berry|[eat]
|-enditem|p2b: Hydreigon|Roseli Berry|[weaken]
|-damage|p2b: Hydreigon|20/100y
|move|p2b: Hydreigon|Flash Cannon|p1b: Whimsicott
|-supereffective|p1b: Whimsicott|1
|-crit|p1b: Whimsicott
|-enditem|p1b: Whimsicott|Focus Sash
|-damage|p1b: Whimsicott|1/100
|move|p1a: Basculegion|Wave Crash|p2b: Hydreigon
|-resisted|p2b: Hydreigon|1
|-damage|p2b: Hydreigon|0 fnt
|faint|p2b: Hydreigon
|-damage|p1a: Basculegion|93/100|[from] Recoil
|
|win|Harbinger Aegis
||Harbinger Aegis is ready for game 2.
|inactive|chungoc has 30 seconds to confirm battle start!
|inactive|chungoc has 20 seconds to confirm battle start!
|inactive|chungoc has 10 seconds to confirm battle start!
|uhtml|next|Next: Game 2 of 3
|l|☆chungoc
|player|p2|
