|j|☆Omarro
|j|☆Vghdrhdtgf
|html|OmarroVghdrhdtgf    
|uhtml|bestof|Game 1 of a best-of-3
|t:|1782644436
|gametype|doubles
|player|p1|Omarro|dragontamer|1000
|player|p2|Vghdrhdtgf|169|1000
|gen|9
|tier|[Gen 9 Champions] VGC 2026 Reg M-B (Bo3)
|rated|
|rule|Species Clause: Limit one of each Pokémon
|rule|Item Clause: Limit 1 of each item
|clearpoke
|poke|p1|Slowking, L50, M|
|poke|p1|Sinistcha-Masterpiece, L50|
|poke|p1|Tyranitar, L50, M|
|poke|p1|Banette, L50, F|
|poke|p1|Excadrill, L50, F|
|poke|p1|Incineroar, L50, M|
|poke|p2|Charizard, L50, F|
|poke|p2|Sylveon, L50, M|
|poke|p2|Garchomp, L50, F|
|poke|p2|Basculegion, L50, M|
|poke|p2|Aerodactyl, L50, M|
|poke|p2|Kingambit, L50, F|
|teampreview|4
|showteam|p1|Slowking||Leftovers|OwnTempo|HealPulse,Swagger,TrickRoom,Scald|Relaxed||M|||50|]Sinistcha-Masterpiece||SitrusBerry|Hospitality|RagePowder,LifeDew,TrickRoom,MatchaGotcha|Relaxed|||||50|]Tyranitar||ChopleBerry|SandStream|Protect,Crunch,RockSlide,BrickBreak|Adamant||M|||50|]Banette||Banettite|Insomnia|ShadowSneak,SkillSwap,Protect,ShadowClaw|Careful||F|||50|]Excadrill||FocusSash|SandRush|Earthquake,Protect,RockSlide,IronHead|Adamant||F|||50|]Incineroar||Charcoal|Intimidate|FakeOut,PartingShot,FlareBlitz,WillOWisp|Careful||M|||50|
|showteam|p2|Charizard||CharizarditeY|Blaze|HeatWave,WeatherBall,SolarBeam,Protect|Modest||F|||50|]Sylveon||FairyFeather|CuteCharm|HyperVoice,Detect,QuickAttack,HyperBeam|Modest||M|||50|]Garchomp||ExpertBelt|RoughSkin|DragonClaw,Earthquake,RockSlide,Protect|Adamant||F|||50|]Basculegion||FocusSash|Adaptability|Liquidation,AquaJet,LastRespects,Protect|Adamant||M|||50|]Aerodactyl||Aerodactylite|RockHead|RockSlide,DualWingbeat,Tailwind,Protect|Jolly||M|||50|]Kingambit||ChopleBerry|Defiant|SuckerPunch,IronHead,LowKick,Protect|Adamant||F|||50|
|inactive|Battle timer is ON: inactive players will automatically lose when time's up. (requested by Omarro)
|inactive|Omarro has 60 seconds left.
|inactive|Vghdrhdtgf has 60 seconds left.
|inactive|Vghdrhdtgf has 30 seconds left.
|
|t:|1782644510
|teamsize|p1|4
|teamsize|p2|4
|start
|switch|p1a: Excadrill|Excadrill, L50, F|100/100
|switch|p1b: Incineroar|Incineroar, L50, M|100/100
|switch|p2a: Kingambit|Kingambit, L50, F|100/100
|switch|p2b: Garchomp|Garchomp, L50, F|100/100
|-ability|p1b: Incineroar|Intimidate|boost
|-unboost|p2a: Kingambit|atk|1
|-ability|p2a: Kingambit|Defiant|boost
|-boost|p2a: Kingambit|atk|2
|-unboost|p2b: Garchomp|atk|1
|turn|1
|inactive|Vghdrhdtgf has 30 seconds left.
|
|t:|1782644543
|switch|p2b: Aerodactyl|Aerodactyl, L50, M|100/100
|move|p2a: Kingambit|Protect|p2a: Kingambit
|-singleturn|p2a: Kingambit|Protect
|move|p1b: Incineroar|Fake Out|p2a: Kingambit
|-activate|p2a: Kingambit|move: Protect
|move|p1a: Excadrill|Earthquake|p2b: Aerodactyl|[spread] p1b
|-activate|p2a: Kingambit|move: Protect
|-immune|p2b: Aerodactyl
|-supereffective|p1b: Incineroar|1
|-damage|p1b: Incineroar|12/100
|
|upkeep
|turn|2
|inactive|Vghdrhdtgf has 30 seconds left.
|
|t:|1782644570
|move|p2a: Kingambit|Sucker Punch|p1a: Excadrill
|-damage|p1a: Excadrill|30/100
|move|p2b: Aerodactyl|Rock Slide|p1a: Excadrill|[spread] 
|-miss|p2b: Aerodactyl|p1a: Excadrill
|-miss|p2b: Aerodactyl|p1b: Incineroar
|move|p1a: Excadrill|Rock Slide|p2b: Aerodactyl|[spread] p2a
|-miss|p1a: Excadrill|p2b: Aerodactyl
|-resisted|p2a: Kingambit|1
|-damage|p2a: Kingambit|92/100
|move|p1b: Incineroar|Will-O-Wisp|p2a: Kingambit
|-status|p2a: Kingambit|brn
|
|-damage|p2a: Kingambit|86/100 brn|[from] brn
|upkeep
|turn|3
|inactive|Omarro has 30 seconds left.
|
|t:|1782644596
|move|p1a: Excadrill|Protect|p1a: Excadrill
|-singleturn|p1a: Excadrill|Protect
|move|p2a: Kingambit|Sucker Punch||[still]
|-fail|p2a: Kingambit
|move|p2b: Aerodactyl|Rock Slide|p1a: Excadrill|[spread] p1b
|-activate|p1a: Excadrill|move: Protect
|-supereffective|p1b: Incineroar|1
|-damage|p1b: Incineroar|0 fnt
|faint|p1b: Incineroar
|
|-damage|p2a: Kingambit|81/100 brn|[from] brn
|upkeep
|
|t:|1782644613
|switch|p1b: Tyranitar|Tyranitar, L50, M|100/100
|-weather|Sandstorm|[from] ability: Sand Stream|[of] p1b: Tyranitar
|turn|4
|
|t:|1782644633
|move|p1a: Excadrill|Iron Head|p2b: Aerodactyl
|-supereffective|p2b: Aerodactyl|1
|-damage|p2b: Aerodactyl|0 fnt
|faint|p2b: Aerodactyl
|move|p2a: Kingambit|Low Kick|p1b: Tyranitar
|-supereffective|p1b: Tyranitar|2
|-enditem|p1b: Tyranitar|Chople Berry|[eat]
|-enditem|p1b: Tyranitar|Chople Berry|[weaken]
|-damage|p1b: Tyranitar|51/100
|move|p1b: Tyranitar|Brick Break|p2a: Kingambit
|-supereffective|p2a: Kingambit|2
|-enditem|p2a: Kingambit|Chople Berry|[eat]
|-enditem|p2a: Kingambit|Chople Berry|[weaken]
|-damage|p2a: Kingambit|42/100 brn
|
|-weather|Sandstorm|[upkeep]
|-damage|p2a: Kingambit|36/100 brn|[from] brn
|upkeep
|
|t:|1782644651
|switch|p2b: Garchomp|Garchomp, L50, F|100/100
|turn|5
|
|t:|1782644660
|move|p1b: Tyranitar|Protect|p1b: Tyranitar
|-singleturn|p1b: Tyranitar|Protect
|move|p2a: Kingambit|Sucker Punch|p1a: Excadrill
|-damage|p1a: Excadrill|0 fnt
|faint|p1a: Excadrill
|move|p2b: Garchomp|Dragon Claw|p1b: Tyranitar
|-activate|p1b: Tyranitar|move: Protect
|
|-weather|Sandstorm|[upkeep]
|-damage|p2a: Kingambit|30/100 brn|[from] brn
|upkeep
|
|t:|1782644671
|switch|p1a: Sinistcha|Sinistcha-Masterpiece, L50|100/100
|-heal|p1b: Tyranitar|76/100|[from] ability: Hospitality|[of] p1a: Sinistcha
|turn|6
|
|t:|1782644684
|switch|p2a: Charizard|Charizard, L50, F|100/100
|move|p2b: Garchomp|Earthquake|p1a: Sinistcha|[spread] p1a,p1b
|-immune|p2a: Charizard
|-resisted|p1a: Sinistcha|1
|-supereffective|p1b: Tyranitar|1
|-damage|p1a: Sinistcha|85/100
|-damage|p1b: Tyranitar|0 fnt
|faint|p1b: Tyranitar
|move|p1a: Sinistcha|Trick Room|p1a: Sinistcha
|-fieldstart|move: Trick Room|[of] p1a: Sinistcha
|
|-weather|Sandstorm|[upkeep]
|-damage|p1a: Sinistcha|79/100|[from] Sandstorm
|-damage|p2a: Charizard|94/100|[from] Sandstorm
|upkeep
|turn|7
|
|t:|1782644706
|detailschange|p2a: Charizard|Charizard-Mega-Y, L50, F
|-mega|p2a: Charizard|Charizard|Charizardite Y
|-weather|SunnyDay|[from] ability: Drought|[of] p2a: Charizard
|move|p1a: Sinistcha|Matcha Gotcha|p2a: Charizard|[spread] p2a,p2b
|-resisted|p2a: Charizard|2
|-damage|p2a: Charizard|89/100
|-heal|p1a: Sinistcha|82/100|[from] drain|[of] p2a: Charizard
|-damage|p2b: Garchomp|71/100
|-heal|p1a: Sinistcha|97/100|[from] drain|[of] p2b: Garchomp
|move|p2a: Charizard|Weather Ball|p1a: Sinistcha
|-supereffective|p1a: Sinistcha|1
|-damage|p1a: Sinistcha|0 fnt
|faint|p1a: Sinistcha
|
|win|Vghdrhdtgf
|inactive|Omarro has 30 seconds to confirm battle start!
|inactive|Vghdrhdtgf has 30 seconds to confirm battle start!
|l|☆Omarro
|player|p1|
||Omarro is ready for game 2.
|inactive|Vghdrhdtgf has 20 seconds to confirm battle start!
