|j|☆danicruz.music
|j|☆Kevin-V8
|html|danicruz.musicKevin-V8    
|uhtml|bestof|Game 1 of a best-of-3
|t:|1756259570
|gametype|doubles
|player|p1|danicruz.music|whitney|1090
|player|p2|Kevin-V8|ethan|1143
|gen|9
|tier|[Gen 9] VGC 2025 Reg H (Bo3)
|rated|
|rule|Species Clause: Limit one of each Pokémon
|rule|Item Clause: Limit 1 of each item
|clearpoke
|poke|p1|Dondozo, L50, F|
|poke|p1|Tatsugiri, L50, F|
|poke|p1|Glimmora, L50, F|
|poke|p1|Kleavor, L50, F|
|poke|p1|Tyranitar, L50, M|
|poke|p1|Excadrill, L50, M|
|poke|p2|Dragonite, L50, F|
|poke|p2|Ursaluna-Bloodmoon, L50, M|
|poke|p2|Archaludon, L50, F|
|poke|p2|Whimsicott, L50, F|
|poke|p2|Gholdengo, L50|
|poke|p2|Incineroar, L50, F|
|teampreview|4
|showteam|p1|Dondozo||Leftovers|Unaware|OrderUp,WaveCrash,Earthquake,Protect|||F|||50|,,,,,Ground]Tatsugiri||ChoiceSpecs|Commander|DracoMeteor,IcyWind,MuddyWater,DragonPulse|||F|||50|,,,,,Fairy]Glimmora||RockyHelmet|ToxicDebris|MortalSpin,SludgeBomb,SpikyShield,PowerGem|||F|||50|,,,,,Rock]Kleavor||FocusSash|Sharpness|StoneAxe,Protect,NightSlash,XScissor|||F|||50|,,,,,Dark]Tyranitar||AssaultVest|SandStream|RockSlide,KnockOff,HighHorsepower,TeraBlast|||M|||50|,,,,,Flying]Excadrill||ClearAmulet|SandRush|Earthquake,IronHead,ShadowClaw,Protect|||M|||50|,,,,,Ghost
|showteam|p2|Dragonite||LoadedDice|Multiscale|ScaleShot,ExtremeSpeed,IceSpinner,Protect|||F|||50|,,,,,Fairy]Ursaluna-Bloodmoon||AssaultVest|MindsEye|BloodMoon,HyperVoice,EarthPower,VacuumWave|||M|||50|,,,,,Water]Archaludon||PowerHerb|Sturdy|ElectroShot,FlashCannon,DracoMeteor,Protect|||F|||50|,,,,,Stellar]Whimsicott||CovertCloak|Prankster|FakeTears,Tailwind,Encore,Moonblast|||F|||50|,,,,,Poison]Gholdengo||ChoiceSpecs|GoodasGold|MakeItRain,ShadowBall,PowerGem,SteelBeam||||||50|,,,,,Steel]Incineroar||MirrorHerb|Intimidate|FakeOut,PartingShot,KnockOff,FlareBlitz|||F|||50|,,,,,Ghost
|inactive|Battle timer is ON: inactive players will automatically lose when time's up. (requested by Kevin-V8)
|inactive|danicruz.music also wants the timer to be on.
|j| teamthief420
|inactive|danicruz.music has 60 seconds left.
|inactive|Kevin-V8 has 60 seconds left.
|
|t:|1756259607
|teamsize|p1|4
|teamsize|p2|4
|start
|switch|p1a: Kleavor|Kleavor, L50, F|100/100
|switch|p1b: Glimmora|Glimmora, L50, F|100/100
|switch|p2a: Whimsicott|Whimsicott, L50, F|100/100
|switch|p2b: Archaludon|Archaludon, L50, F|100/100
|turn|1
|inactive|Kevin-V8 has 30 seconds left.
|
|t:|1756259634
|-terastallize|p2b: Archaludon|Stellar
|move|p2a: Whimsicott|Fake Tears|p1a: Kleavor
|-unboost|p1a: Kleavor|spd|2
|move|p1b: Glimmora|Sludge Bomb|p2a: Whimsicott
|-supereffective|p2a: Whimsicott
|-damage|p2a: Whimsicott|0 fnt
|faint|p2a: Whimsicott
|move|p1a: Kleavor|Stone Axe|p2b: Archaludon|[miss]
|-miss|p1a: Kleavor|p2b: Archaludon
|move|p2b: Archaludon|Flash Cannon|p1a: Kleavor
|-supereffective|p1a: Kleavor
|-enditem|p1a: Kleavor|Focus Sash
|-damage|p1a: Kleavor|1/100
|
|upkeep
|
|t:|1756259647
|switch|p2a: Dragonite|Dragonite, L50, F|100/100
|turn|2
|l| teamthief420
|
|t:|1756259654
|move|p2a: Dragonite|Extreme Speed|p1a: Kleavor
|-resisted|p1a: Kleavor
|-damage|p1a: Kleavor|0 fnt
|faint|p1a: Kleavor
|move|p1b: Glimmora|Mortal Spin|p2a: Dragonite|[spread] p2a
|-immune|p2b: Archaludon
|-damage|p2a: Dragonite|98/100
|-status|p2a: Dragonite|psn
|move|p2b: Archaludon|Flash Cannon|p1b: Glimmora
|-supereffective|p1b: Glimmora
|-damage|p1b: Glimmora|0 fnt
|faint|p1b: Glimmora
|
|-damage|p2a: Dragonite|86/100 psn|[from] psn
|upkeep
|
|t:|1756259671
|switch|p1b: Tatsugiri|Tatsugiri, L50, F|100/100
|switch|p1a: Dondozo|Dondozo, L50, F|100/100
|-activate|p1b: Tatsugiri|ability: Commander|[of] p1a: Dondozo
|-boost|p1a: Dondozo|atk|2
|-boost|p1a: Dondozo|spa|2
|-boost|p1a: Dondozo|spe|2
|-boost|p1a: Dondozo|def|2
|-boost|p1a: Dondozo|spd|2
|turn|3
|
|t:|1756259687
|move|p2b: Archaludon|Electro Shot||[still]
|-prepare|p2b: Archaludon|Electro Shot
|-boost|p2b: Archaludon|spa|1
|-enditem|p2b: Archaludon|Power Herb
|-anim|p2b: Archaludon|Electro Shot|p1a: Dondozo
|-supereffective|p1a: Dondozo
|-damage|p1a: Dondozo|44/100
|move|p2a: Dragonite|Scale Shot|p1a: Dondozo
|-damage|p1a: Dondozo|39/100
|-damage|p1a: Dondozo|34/100
|-damage|p1a: Dondozo|29/100
|-damage|p1a: Dondozo|24/100
|-damage|p1a: Dondozo|19/100
|-hitcount|p1a: Dondozo|5
|-unboost|p2a: Dragonite|def|1
|-boost|p2a: Dragonite|spe|1
|move|p1a: Dondozo|Order Up|p2a: Dragonite
|-supereffective|p2a: Dragonite
|-damage|p2a: Dragonite|0 fnt
|faint|p2a: Dragonite
|-boost|p1a: Dondozo|atk|1
|
|-heal|p1a: Dondozo|25/100|[from] item: Leftovers
|upkeep
|
|t:|1756259707
|switch|p2a: Gholdengo|Gholdengo, L50|100/100
|turn|4
|
|t:|1756259717
|-terastallize|p1a: Dondozo|Ground
|move|p2b: Archaludon|Electro Shot||[still]
|-prepare|p2b: Archaludon|Electro Shot
|-boost|p2b: Archaludon|spa|1
|move|p2a: Gholdengo|Steel Beam|p1a: Dondozo
|-damage|p1a: Dondozo|0 fnt
|-damage|p2a: Gholdengo|50/100|[from] steelbeam
|faint|p1a: Dondozo
|
|upkeep
|turn|5
|
|t:|1756259730
|move|p1b: Tatsugiri|Draco Meteor|p2b: Archaludon
|-ability|p2b: Archaludon|Sturdy
|-damage|p2b: Archaludon|1/100
|-unboost|p1b: Tatsugiri|spa|2
|move|p2b: Archaludon|Electro Shot|p1b: Tatsugiri|[from] lockedmove
|-damage|p1b: Tatsugiri|0 fnt
|faint|p1b: Tatsugiri
|
|win|Kevin-V8
|l|☆danicruz.music
|player|p1|
||danicruz.music is ready for game 2.
|inactive|Kevin-V8 has 30 seconds to confirm battle start!
