|j|☆Mega Zap2
|j|☆wait for swarley
|html|Mega Zap2wait for swarley    
|uhtml|bestof|Game 3 of a best-of-3
|t:|1782398801
|gametype|doubles
|player|p1|Mega Zap2|benga|1181
|player|p2|wait for swarley|volo|1205
|gen|9
|tier|[Gen 9 Champions] VGC 2026 Reg M-B (Bo3)
|rated|
|rule|Species Clause: Limit one of each Pokémon
|rule|Item Clause: Limit 1 of each item
|clearpoke
|poke|p1|Charizard, L50, M|
|poke|p1|Kingambit, L50, F|
|poke|p1|Aerodactyl, L50, F|
|poke|p1|Farigiraf, L50, F|
|poke|p1|Sylveon, L50, M|
|poke|p1|Garchomp, L50, F|
|poke|p2|Bellibolt, L50, F, shiny|
|poke|p2|Sceptile, L50, M|
|poke|p2|Tyranitar, L50, M|
|poke|p2|Excadrill, L50, M|
|poke|p2|Houndstone, L50, F, shiny|
|poke|p2|Sinistcha-Masterpiece, L50, shiny|
|teampreview|4
|showteam|p1|Charizard||CharizarditeY|Blaze|HeatWave,WeatherBall,SolarBeam,Protect|Modest||M|||50|]Kingambit||FocusSash|Defiant|KowtowCleave,SuckerPunch,IronHead,LowKick|Adamant||F|||50|]Aerodactyl||Aerodactylite|RockHead|RockSlide,IceFang,Tailwind,DualWingbeat|Jolly||F|||50|]Farigiraf||SitrusBerry|ArmorTail|Psychic,TrickRoom,Roar,Thunderbolt|Bold||F|||50|]Sylveon||FairyFeather|Pixilate|HyperVoice,HyperBeam,QuickAttack,Protect|Modest||M|||50|]Garchomp||LifeOrb|RoughSkin|Protect,StompingTantrum,Earthquake,DragonClaw|Adamant||F|||50|
|showteam|p2|Bellibolt||Magnet|Electromorphosis|ParabolicCharge,Soak,Protect,VoltSwitch|Modest||F|||50|]Sceptile||Sceptilite|Overgrow|GigaDrain,DragonPulse,EarthPower,Protect|Modest||M|||50|]Tyranitar||Tyranitarite|SandStream|KnockOff,RockSlide,LowKick,Protect|Adamant||M|||50|]Excadrill||FocusSash|SandRush|IronHead,HighHorsepower,RockSlide,Protect|Serious||M|||50|]Houndstone||SpellTag|SandRush|LastRespects,WillOWisp,ShadowSneak,Protect|Adamant||F|||50|]Sinistcha-Masterpiece||ColburBerry|Hospitality|MatchaGotcha,RagePowder,StrengthSap,TrickRoom|Calm|||||50|
|inactive|Battle timer is ON: inactive players will automatically lose when time's up. (requested by Mega Zap2)
|
|t:|1782398821
|teamsize|p1|4
|teamsize|p2|4
|start
|switch|p1a: Aerodactyl|Aerodactyl, L50, F|100/100
|switch|p1b: Garchomp|Garchomp, L50, F|100/100
|switch|p2a: Excadrill|Excadrill, L50, M|100/100
|switch|p2b: Tyranitar|Tyranitar, L50, M|100/100
|-weather|Sandstorm|[from] ability: Sand Stream|[of] p2b: Tyranitar
|turn|1
|
|t:|1782398832
|detailschange|p1a: Aerodactyl|Aerodactyl-Mega, L50, F
|-mega|p1a: Aerodactyl|Aerodactyl|Aerodactylite
|move|p2a: Excadrill|Rock Slide|p1b: Garchomp|[spread] p1a,p1b
|-supereffective|p1a: Aerodactyl|1
|-resisted|p1b: Garchomp|1
|-damage|p1a: Aerodactyl|57/100
|-damage|p1b: Garchomp|90/100
|cant|p1a: Aerodactyl|flinch
|move|p1b: Garchomp|Earthquake|p2a: Excadrill|[spread] p2a,p2b
|-immune|p1a: Aerodactyl
|-supereffective|p2a: Excadrill|1
|-supereffective|p2b: Tyranitar|1
|-enditem|p2a: Excadrill|Focus Sash
|-damage|p2a: Excadrill|1/100
|-damage|p2b: Tyranitar|13/100
|-damage|p1b: Garchomp|81/100|[from] item: Life Orb
|move|p2b: Tyranitar|Rock Slide|p1a: Aerodactyl|[spread] p1b
|-miss|p2b: Tyranitar|p1a: Aerodactyl
|-resisted|p1b: Garchomp|1
|-damage|p1b: Garchomp|67/100
|
|-weather|Sandstorm|[upkeep]
|upkeep
|turn|2
|inactive|wait for swarley has 30 seconds left.
|inactive|wait for swarley has 20 seconds left.
|inactive|wait for swarley has 15 seconds left.
|inactive|wait for swarley has 10 seconds left.
|inactive|wait for swarley has 5 seconds left.
|
|t:|1782398886
|move|p2a: Excadrill|Iron Head|p1a: Aerodactyl
|-supereffective|p1a: Aerodactyl|1
|-damage|p1a: Aerodactyl|0 fnt
|faint|p1a: Aerodactyl
|move|p1b: Garchomp|Earthquake|p2a: Excadrill|[spread] p2a,p2b
|-supereffective|p2a: Excadrill|1
|-supereffective|p2b: Tyranitar|1
|-damage|p2a: Excadrill|0 fnt
|-damage|p2b: Tyranitar|0 fnt
|faint|p2a: Excadrill
|faint|p2b: Tyranitar
|-damage|p1b: Garchomp|58/100|[from] item: Life Orb
|
|-weather|Sandstorm|[upkeep]
|upkeep
|
|t:|1782398897
|switch|p1a: Kingambit|Kingambit, L50, F|100/100
|switch|p2a: Bellibolt|Bellibolt, L50, F, shiny|100/100
|switch|p2b: Sceptile|Sceptile, L50, M|100/100
|turn|3
|inactive|wait for swarley has 30 seconds left.
|inactive|wait for swarley has 20 seconds left.
|
|t:|1782398934
|detailschange|p2b: Sceptile|Sceptile-Mega, L50, M
|-mega|p2b: Sceptile|Sceptile|Sceptilite
|move|p2b: Sceptile|Dragon Pulse|p1b: Garchomp
|-supereffective|p1b: Garchomp|1
|-damage|p1b: Garchomp|0 fnt
|faint|p1b: Garchomp
|move|p1a: Kingambit|Kowtow Cleave|p2b: Sceptile
|-damage|p2b: Sceptile|22/100
|move|p2a: Bellibolt|Parabolic Charge|p1a: Kingambit|[spread] p1a
|-ability|p2b: Sceptile|Lightning Rod|boost
|-boost|p2b: Sceptile|spa|1
|-damage|p1a: Kingambit|70/100
|
|-weather|Sandstorm|[upkeep]
|-damage|p2b: Sceptile|16/100|[from] Sandstorm
|-damage|p2a: Bellibolt|93/100|[from] Sandstorm
|upkeep
|
|t:|1782398944
|switch|p1b: Sylveon|Sylveon, L50, M|100/100
|turn|4
|
|t:|1782398955
|move|p2b: Sceptile|Protect|p2b: Sceptile
|-singleturn|p2b: Sceptile|Protect
|move|p1b: Sylveon|Quick Attack|p2b: Sceptile
|-activate|p2b: Sceptile|move: Protect
|move|p1a: Kingambit|Kowtow Cleave|p2a: Bellibolt
|-damage|p2a: Bellibolt|51/100
|-start|p2a: Bellibolt|Charge|Kowtow Cleave|[from] ability: Electromorphosis
|move|p2a: Bellibolt|Parabolic Charge|p1a: Kingambit|[spread] p1a,p1b
|-activate|p2b: Sceptile|move: Protect
|-damage|p1a: Kingambit|6/100
|-heal|p2a: Bellibolt|77/100|[from] drain|[of] p1a: Kingambit
|-damage|p1b: Sylveon|63/100
|-heal|p2a: Bellibolt|93/100|[from] drain|[of] p1b: Sylveon
|-end|p2a: Bellibolt|Charge|[silent]
|
|-weather|Sandstorm|[upkeep]
|-damage|p2b: Sceptile|10/100|[from] Sandstorm
|-damage|p1b: Sylveon|57/100|[from] Sandstorm
|-damage|p2a: Bellibolt|87/100|[from] Sandstorm
|upkeep
|turn|5
|inactive|Mega Zap2 has 30 seconds left.
|
|t:|1782398989
|move|p2b: Sceptile|Protect||[still]
|-fail|p2b: Sceptile
|move|p1a: Kingambit|Sucker Punch||[still]
|-fail|p1a: Kingambit
|move|p1b: Sylveon|Hyper Beam|p2a: Bellibolt|[miss]
|-miss|p1b: Sylveon|p2a: Bellibolt
|move|p2a: Bellibolt|Parabolic Charge|p1b: Sylveon|[spread] p1a,p1b
|-ability|p2b: Sceptile|Lightning Rod|boost
|-boost|p2b: Sceptile|spa|1
|-damage|p1a: Kingambit|0 fnt
|-heal|p2a: Bellibolt|90/100|[from] drain|[of] p1a: Kingambit
|-damage|p1b: Sylveon|37/100
|-heal|p2a: Bellibolt|100/100|[from] drain|[of] p1b: Sylveon
|faint|p1a: Kingambit
|
|-weather|none
|upkeep
|turn|6
|
|t:|1782399008
|move|p2b: Sceptile|Giga Drain|p1b: Sylveon
|-damage|p1b: Sylveon|0 fnt
|-heal|p2b: Sceptile|34/100|[from] drain|[of] p1b: Sylveon
|faint|p1b: Sylveon
|
|win|wait for swarley
|raw|Mega Zap2's rating: 1181 → 1158(-23 for losing)
|raw|wait for swarley's rating: 1205 → 1228(+23 for winning)
