|j|☆alma_364
|j|☆JuanGuerrero09
|html|alma_364JuanGuerrero09    
|uhtml|bestof|Game 1 of a best-of-3
|t:|1757239831
|gametype|doubles
|player|p1|alma_364|firebreather|1083
|player|p2|JuanGuerrero09|265|1111
|gen|9
|tier|[Gen 9] VGC 2025 Reg H (Bo3)
|rated|
|rule|Species Clause: Limit one of each Pokémon
|rule|Item Clause: Limit 1 of each item
|clearpoke
|poke|p1|Garganacl, L50, F|
|poke|p1|Tyranitar, L50, M|
|poke|p1|Ursaluna-Bloodmoon, L50, M|
|poke|p1|Porygon2, L50|
|poke|p1|Sneasler, L50, F|
|poke|p1|Rillaboom, L50, F|
|poke|p2|Sneasler, L50, M|
|poke|p2|Indeedee, L50, M|
|poke|p2|Tyranitar, L50, M|
|poke|p2|Excadrill, L50, M|
|poke|p2|Gholdengo, L50|
|poke|p2|Incineroar, L50, F|
|teampreview|4
|showteam|p1|Garganacl||Leftovers|PurifyingSalt|SaltCure,IronDefense,BodyPress,Protect|||F|||50|,,,,,Steel]Tyranitar||SitrusBerry|SandStream|RockSlide,KnockOff,Roar,Protect|||M|||50|,,,,,Water]Ursaluna-Bloodmoon||LifeOrb|MindsEye|BloodMoon,HyperVoice,EarthPower,Protect|||M|||50|,,,,,Normal]Porygon2||Eviolite|Download|TriAttack,Recover,TrickRoom,ShadowBall||||||50|,,,,,Ghost]Sneasler||GrassySeed|Unburden|FakeOut,DireClaw,CloseCombat,Protect|||F|||50|,,,,,Dark]Rillaboom||AssaultVest|GrassySurge|Uturn,FakeOut,WoodHammer,GrassyGlide|||F|||50|,,,,,Fire
|showteam|p2|Sneasler||PsychicSeed|Unburden|CloseCombat,DireClaw,ThroatChop,Protect|||M|||50|,,,,,Stellar]Indeedee||ChoiceScarf|PsychicSurge|ExpandingForce,TeraBlast,Trick,Protect|||M|||50|,,,,,Fire]Tyranitar||AssaultVest|SandStream|RockSlide,KnockOff,TeraBlast,LowKick|||M|||50|,,,,,Flying]Excadrill||FocusSash|SandRush|HighHorsepower,Earthquake,IronHead,Protect|||M|||50|,,,,,Ground]Gholdengo||MetalCoat|GoodasGold|ShadowBall,Protect,MakeItRain,NastyPlot||||||50|,,,,,Water]Incineroar||SafetyGoggles|Intimidate|FakeOut,KnockOff,FlareBlitz,PartingShot|||F|||50|,,,,,Ghost
|inactive|Battle timer is ON: inactive players will automatically lose when time's up. (requested by alma_364)
|inactive|alma_364 has 60 seconds left.
|inactive|JuanGuerrero09 has 60 seconds left.
|inactive|JuanGuerrero09 has 30 seconds left.
|
|t:|1757239897
|teamsize|p1|4
|teamsize|p2|4
|start
|switch|p1a: Rillaboom|Rillaboom, L50, F|100/100
|switch|p1b: Porygon2|Porygon2, L50|100/100
|switch|p2a: Incineroar|Incineroar, L50, F|100/100
|switch|p2b: Sneasler|Sneasler, L50, M|100/100
|-fieldstart|move: Grassy Terrain|[from] ability: Grassy Surge|[of] p1a: Rillaboom
|-ability|p2a: Incineroar|Intimidate|boost
|-unboost|p1a: Rillaboom|atk|1
|-unboost|p1b: Porygon2|atk|1
|-ability|p1b: Porygon2|Download|boost
|-boost|p1b: Porygon2|atk|1
|turn|1
|inactive|alma_364 has 30 seconds left.
|inactive|JuanGuerrero09 has 30 seconds left.
|inactive|alma_364 has 20 seconds left.
|inactive|JuanGuerrero09 has 20 seconds left.
|inactive|alma_364 has 15 seconds left.
|inactive|JuanGuerrero09 has 15 seconds left.
|
|t:|1757239939
|-terastallize|p1b: Porygon2|Ghost
|move|p2b: Sneasler|Dire Claw|p1a: Rillaboom
|-supereffective|p1a: Rillaboom
|-damage|p1a: Rillaboom|24/100
|move|p1a: Rillaboom|U-turn|p2b: Sneasler
|-resisted|p2b: Sneasler
|-damage|p2b: Sneasler|95/100
|
|t:|1757239948
|switch|p1a: Ursaluna|Ursaluna-Bloodmoon, L50, M|100/100|[from] U-turn
|move|p2a: Incineroar|Knock Off|p1b: Porygon2
|-supereffective|p1b: Porygon2
|-damage|p1b: Porygon2|59/100
|-enditem|p1b: Porygon2|Eviolite|[from] move: Knock Off|[of] p2a: Incineroar
|move|p1b: Porygon2|Trick Room|p1b: Porygon2
|-fieldstart|move: Trick Room|[of] p1b: Porygon2
|
|-heal|p1b: Porygon2|65/100|[from] Grassy Terrain
|-heal|p2b: Sneasler|100/100|[from] Grassy Terrain
|upkeep
|turn|2
|inactive|JuanGuerrero09 has 30 seconds left.
|inactive|JuanGuerrero09 has 20 seconds left.
|inactive|JuanGuerrero09 has 15 seconds left.
|inactive|JuanGuerrero09 has 10 seconds left.
|
|t:|1757239997
|-terastallize|p2a: Incineroar|Ghost
|move|p2b: Sneasler|Protect|p2b: Sneasler
|-singleturn|p2b: Sneasler|Protect
|move|p1a: Ursaluna|Blood Moon|p2b: Sneasler
|-activate|p2b: Sneasler|move: Protect
|move|p2a: Incineroar|Parting Shot|p1a: Ursaluna
|-unboost|p1a: Ursaluna|atk|1
|-unboost|p1a: Ursaluna|spa|1
|
|t:|1757240020
|switch|p2a: Gholdengo|Gholdengo, L50|100/100|[from] Parting Shot
|move|p1b: Porygon2|Tri Attack|p2a: Gholdengo
|-immune|p2a: Gholdengo
|
|-heal|p1b: Porygon2|71/100|[from] Grassy Terrain
|upkeep
|turn|3
|inactive|JuanGuerrero09 has 30 seconds left.
|inactive|JuanGuerrero09 has 20 seconds left.
|
|t:|1757240058
|switch|p2b: Incineroar|Incineroar, L50, F, tera:Ghost|100/100
|-ability|p2b: Incineroar|Intimidate|boost
|-unboost|p1a: Ursaluna|atk|1
|-unboost|p1b: Porygon2|atk|1
|move|p2a: Gholdengo|Protect|p2a: Gholdengo
|-singleturn|p2a: Gholdengo|Protect
|move|p1a: Ursaluna|Hyper Voice|p2a: Gholdengo|[spread] p2b
|-activate|p2a: Gholdengo|move: Protect
|-damage|p2b: Incineroar|71/100
|-damage|p1a: Ursaluna|90/100|[from] item: Life Orb
|move|p1b: Porygon2|Tri Attack|p2b: Incineroar
|-immune|p2b: Incineroar
|
|-heal|p1a: Ursaluna|96/100|[from] Grassy Terrain
|-heal|p1b: Porygon2|78/100|[from] Grassy Terrain
|-heal|p2b: Incineroar|77/100|[from] Grassy Terrain
|upkeep
|turn|4
|inactive|JuanGuerrero09 has 30 seconds left.
|inactive|JuanGuerrero09 has 20 seconds left.
|
|t:|1757240095
|move|p2b: Incineroar|Fake Out|p1a: Ursaluna
|-damage|p1a: Ursaluna|88/100
|cant|p1a: Ursaluna|flinch
|move|p1b: Porygon2|Shadow Ball|p2a: Gholdengo
|-supereffective|p2a: Gholdengo
|-damage|p2a: Gholdengo|30/100
|move|p2a: Gholdengo|Nasty Plot|p2a: Gholdengo
|-boost|p2a: Gholdengo|spa|2
|
|-heal|p1a: Ursaluna|94/100|[from] Grassy Terrain
|-heal|p2b: Incineroar|83/100|[from] Grassy Terrain
|-heal|p1b: Porygon2|84/100|[from] Grassy Terrain
|-heal|p2a: Gholdengo|36/100|[from] Grassy Terrain
|upkeep
|turn|5
|inactive|JuanGuerrero09 has 30 seconds left.
|
|t:|1757240123
|switch|p1b: Rillaboom|Rillaboom, L50, F|24/100
|move|p2a: Gholdengo|Protect|p2a: Gholdengo
|-singleturn|p2a: Gholdengo|Protect
|move|p1a: Ursaluna|Hyper Voice|p2b: Incineroar|[spread] p2b
|-activate|p2a: Gholdengo|move: Protect
|-crit|p2b: Incineroar
|-damage|p2b: Incineroar|13/100
|-damage|p1a: Ursaluna|84/100|[from] item: Life Orb
|move|p2b: Incineroar|Knock Off|p1a: Ursaluna
|-damage|p1a: Ursaluna|53/100
|-enditem|p1a: Ursaluna|Life Orb|[from] move: Knock Off|[of] p2b: Incineroar
|
|-heal|p1a: Ursaluna|59/100|[from] Grassy Terrain
|-heal|p2b: Incineroar|19/100|[from] Grassy Terrain
|-heal|p1b: Rillaboom|30/100|[from] Grassy Terrain
|-heal|p2a: Gholdengo|42/100|[from] Grassy Terrain
|-fieldend|move: Trick Room
|-fieldend|move: Grassy Terrain
|upkeep
|turn|6
|inactive|alma_364 has 30 seconds left.
|inactive|JuanGuerrero09 has 30 seconds left.
|inactive|alma_364 has 20 seconds left.
|inactive|JuanGuerrero09 has 20 seconds left.
|inactive|alma_364 has 15 seconds left.
|
|t:|1757240166
|move|p2a: Gholdengo|Make It Rain|p1b: Rillaboom|[spread] p1a,p1b
|-damage|p1a: Ursaluna|0 fnt
|-damage|p1b: Rillaboom|0 fnt
|-unboost|p2a: Gholdengo|spa|1
|faint|p1a: Ursaluna
|faint|p1b: Rillaboom
|move|p2b: Incineroar|Flare Blitz|p1: Ursaluna|[notarget]
|-fail|p2b: Incineroar
|
|upkeep
|
|t:|1757240175
|switch|p1b: Porygon2|Porygon2, L50, tera:Ghost|84/100
|switch|p1a: Sneasler|Sneasler, L50, F|100/100
|-ability|p1b: Porygon2|Download|boost
|-boost|p1b: Porygon2|spa|1
|turn|7
|inactive|alma_364 has 30 seconds left.
|
|t:|1757240200
|move|p2a: Gholdengo|Protect|p2a: Gholdengo
|-singleturn|p2a: Gholdengo|Protect
|move|p1a: Sneasler|Dire Claw|p2a: Gholdengo
|-activate|p2a: Gholdengo|move: Protect
|move|p2b: Incineroar|Parting Shot|p1a: Sneasler
|-unboost|p1a: Sneasler|atk|1
|-unboost|p1a: Sneasler|spa|1
|
|t:|1757240211
|switch|p2b: Sneasler|Sneasler, L50, M|100/100|[from] Parting Shot
|move|p1b: Porygon2|Shadow Ball|p2a: Gholdengo
|-activate|p2a: Gholdengo|move: Protect
|
|upkeep
|turn|8
|
|t:|1757240226
|move|p2b: Sneasler|Throat Chop|p1b: Porygon2
|-supereffective|p1b: Porygon2
|-damage|p1b: Porygon2|32/100
|-start|p1b: Porygon2|Throat Chop|[silent]
|move|p1a: Sneasler|Close Combat|p2b: Sneasler
|-resisted|p2b: Sneasler
|-damage|p2b: Sneasler|63/100
|-unboost|p1a: Sneasler|def|1
|-unboost|p1a: Sneasler|spd|1
|move|p2a: Gholdengo|Make It Rain|p1a: Sneasler|[spread] p1a,p1b
|-damage|p1a: Sneasler|0 fnt
|-damage|p1b: Porygon2|0 fnt
|-unboost|p2a: Gholdengo|spa|1
|faint|p1a: Sneasler
|faint|p1b: Porygon2
|
|win|JuanGuerrero09
