|j|☆Low Tier Goodra
|j|☆eggtophat_real
|html|Low Tier Goodraeggtophat_real    
|uhtml|bestof|Game 3 of a best-of-3
|t:|1757090306
|gametype|doubles
|player|p1|Low Tier Goodra|jasmine|1233
|player|p2|eggtophat_real|miku-fire|1120
|gen|9
|tier|[Gen 9] VGC 2025 Reg H (Bo3)
|rated|
|rule|Species Clause: Limit one of each Pokémon
|rule|Item Clause: Limit 1 of each item
|clearpoke
|poke|p1|Indeedee, L50, F|
|poke|p1|Torkoal, L50, M|
|poke|p1|Sinistcha-Masterpiece, L50|
|poke|p1|Rillaboom, L50, M|
|poke|p1|Ursaluna, L50, M|
|poke|p1|Incineroar, L50, M|
|poke|p2|Gholdengo, L50|
|poke|p2|Sneasler, L50, M|
|poke|p2|Rillaboom, L50, M|
|poke|p2|Dragonite, L50, F|
|poke|p2|Ninetales-Alola, L50, M|
|poke|p2|Arcanine-Hisui, L50, F|
|teampreview|4
|showteam|p1|Indeedee||PsychicSeed|PsychicSurge|ExpandingForce,Imprison,TrickRoom,Protect|||F|||50|,,,,,Psychic]Torkoal||Leftovers|Drought|Eruption,HeatWave,EarthPower,Protect|||M|||50|,,,,,Fire]Sinistcha-Masterpiece||GrassySeed|Heatproof|MatchaGotcha,ShadowBall,CalmMind,TrickRoom||||||50|,,,,,Fairy]Rillaboom||CovertCloak|GrassySurge|WoodHammer,Uturn,Taunt,FakeOut|||M|||50|,,,,,Water]Ursaluna||FlameOrb|Guts|HeadlongRush,Facade,Substitute,Protect|||M|||50|,,,,,Ghost]Incineroar||SafetyGoggles|Intimidate|FlareBlitz,KnockOff,Taunt,FakeOut|||M|||50|,,,,,Ghost
|showteam|p2|Gholdengo||GrassySeed|GoodasGold|NastyPlot,MakeItRain,ShadowBall,Protect||||||50|,,,,,Water]Sneasler||WhiteHerb|Unburden|CloseCombat,DireClaw,Coaching,Protect|||M|||50|,,,,,Ghost]Rillaboom||AssaultVest|GrassySurge|FakeOut,GrassyGlide,DrumBeating,HighHorsepower|||M|||50|,,,,,Fire]Dragonite||LoadedDice|Multiscale|ScaleShot,StompingTantrum,Tailwind,Protect|||F|||50|,,,,,Ground]Ninetales-Alola||FocusSash|SnowWarning|Blizzard,IcyWind,Encore,AuroraVeil|||M|||50|,,,,,Ghost]Arcanine-Hisui||ClearAmulet|Intimidate|RockSlide,FlareBlitz,ExtremeSpeed,Protect|||F|||50|,,,,,Water
|inactive|Battle timer is ON: inactive players will automatically lose when time's up. (requested by eggtophat_real)
|inactive|Low Tier Goodra has 60 seconds left.
|
|t:|1757090354
|teamsize|p1|4
|teamsize|p2|4
|start
|switch|p1a: Incineroar|Incineroar, L50, M|100/100
|switch|p1b: Sinistcha|Sinistcha-Masterpiece, L50|100/100
|switch|p2a: Dragonite|Dragonite, L50, F|100/100
|switch|p2b: Sneasler|Sneasler, L50, M|100/100
|-ability|p1a: Incineroar|Intimidate|boost
|-unboost|p2a: Dragonite|atk|1
|-unboost|p2b: Sneasler|atk|1
|-enditem|p2b: Sneasler|White Herb
|-clearnegativeboost|p2b: Sneasler|[silent]
|turn|1
|inactive|Low Tier Goodra has 30 seconds left.
|
|t:|1757090384
|-terastallize|p2b: Sneasler|Ghost
|move|p1a: Incineroar|Fake Out|p2a: Dragonite
|-damage|p2a: Dragonite|93/100
|move|p2b: Sneasler|Dire Claw|p1b: Sinistcha
|-damage|p1b: Sinistcha|58/100
|-status|p1b: Sinistcha|slp
|cant|p2a: Dragonite|flinch
|cant|p1b: Sinistcha|slp
|
|upkeep
|turn|2
|
|t:|1757090403
|switch|p1a: Rillaboom|Rillaboom, L50, M|100/100
|-fieldstart|move: Grassy Terrain|[from] ability: Grassy Surge|[of] p1a: Rillaboom
|-enditem|p1b: Sinistcha|Grassy Seed
|-boost|p1b: Sinistcha|def|1|[from] item: Grassy Seed
|move|p2b: Sneasler|Coaching|p2a: Dragonite
|-boost|p2a: Dragonite|atk|1
|-boost|p2a: Dragonite|def|1
|move|p2a: Dragonite|Scale Shot|p1b: Sinistcha
|-damage|p1b: Sinistcha|49/100 slp
|-damage|p1b: Sinistcha|40/100 slp
|-damage|p1b: Sinistcha|31/100 slp
|-damage|p1b: Sinistcha|21/100 slp
|-damage|p1b: Sinistcha|12/100 slp
|-hitcount|p1b: Sinistcha|5
|-unboost|p2a: Dragonite|def|1
|-boost|p2a: Dragonite|spe|1
|-curestatus|p1b: Sinistcha|slp|[msg]
|move|p1b: Sinistcha|Trick Room|p1b: Sinistcha
|-fieldstart|move: Trick Room|[of] p1b: Sinistcha
|
|-heal|p1b: Sinistcha|18/100|[from] Grassy Terrain
|upkeep
|turn|3
|inactive|Low Tier Goodra has 30 seconds left.
|
|t:|1757090431
|move|p2a: Dragonite|Protect|p2a: Dragonite
|-singleturn|p2a: Dragonite|Protect
|move|p1a: Rillaboom|Fake Out|p2a: Dragonite
|-activate|p2a: Dragonite|move: Protect
|move|p1b: Sinistcha|Shadow Ball|p2b: Sneasler
|-supereffective|p2b: Sneasler
|-damage|p2b: Sneasler|1/100
|move|p2b: Sneasler|Dire Claw|p1a: Rillaboom
|-supereffective|p1a: Rillaboom
|-damage|p1a: Rillaboom|18/100
|
|-heal|p1b: Sinistcha|24/100|[from] Grassy Terrain
|-heal|p1a: Rillaboom|24/100|[from] Grassy Terrain
|-heal|p2b: Sneasler|7/100|[from] Grassy Terrain
|upkeep
|turn|4
|inactive|eggtophat_real has 30 seconds left.
|
|t:|1757090463
|move|p2b: Sneasler|Protect|p2b: Sneasler
|-singleturn|p2b: Sneasler|Protect
|move|p1b: Sinistcha|Shadow Ball|p2a: Dragonite
|-damage|p2a: Dragonite|44/100
|move|p1a: Rillaboom|U-turn|p2a: Dragonite
|-resisted|p2a: Dragonite
|-damage|p2a: Dragonite|29/100
|
|t:|1757090476
|switch|p1a: Ursaluna|Ursaluna, L50, M|100/100|[from] U-turn
|move|p2a: Dragonite|Scale Shot|p1a: Ursaluna
|-damage|p1a: Ursaluna|89/100
|-damage|p1a: Ursaluna|79/100
|-damage|p1a: Ursaluna|68/100
|-damage|p1a: Ursaluna|58/100
|-damage|p1a: Ursaluna|47/100
|-hitcount|p1a: Ursaluna|5
|-unboost|p2a: Dragonite|def|1
|-boost|p2a: Dragonite|spe|1
|
|-heal|p1a: Ursaluna|53/100|[from] Grassy Terrain
|-heal|p1b: Sinistcha|30/100|[from] Grassy Terrain
|-heal|p2b: Sneasler|13/100|[from] Grassy Terrain
|-status|p1a: Ursaluna|brn|[from] item: Flame Orb
|upkeep
|turn|5
|
|t:|1757090497
|move|p2a: Dragonite|Protect|p2a: Dragonite
|-singleturn|p2a: Dragonite|Protect
|move|p1a: Ursaluna|Substitute|p1a: Ursaluna
|-start|p1a: Ursaluna|Substitute
|-damage|p1a: Ursaluna|28/100 brn
|move|p1b: Sinistcha|Shadow Ball|p2b: Sneasler
|-supereffective|p2b: Sneasler
|-damage|p2b: Sneasler|0 fnt
|faint|p2b: Sneasler
|
|-heal|p1a: Ursaluna|34/100 brn|[from] Grassy Terrain
|-heal|p1b: Sinistcha|36/100|[from] Grassy Terrain
|-damage|p1a: Ursaluna|28/100 brn|[from] brn
|upkeep
|
|t:|1757090507
|switch|p2b: Arcanine|Arcanine-Hisui, L50, F|100/100
|-ability|p2b: Arcanine|Intimidate|boost
|-immune|p1a: Ursaluna
|-unboost|p1b: Sinistcha|atk|1
|turn|6
|inactive|Low Tier Goodra has 30 seconds left.
|inactive|Low Tier Goodra has 20 seconds left.
|inactive|eggtophat_real has 30 seconds left.
|inactive|eggtophat_real has 20 seconds left.
|
|t:|1757090566
|move|p2b: Arcanine|Protect|p2b: Arcanine
|-singleturn|p2b: Arcanine|Protect
|move|p2a: Dragonite|Protect||[still]
|-fail|p2a: Dragonite
|move|p1a: Ursaluna|Headlong Rush|p2b: Arcanine
|-activate|p2b: Arcanine|move: Protect
|move|p1b: Sinistcha|Shadow Ball|p2a: Dragonite
|-damage|p2a: Dragonite|0 fnt
|faint|p2a: Dragonite
|
|-heal|p1a: Ursaluna|34/100 brn|[from] Grassy Terrain
|-heal|p1b: Sinistcha|43/100|[from] Grassy Terrain
|-damage|p1a: Ursaluna|28/100 brn|[from] brn
|-fieldend|move: Trick Room
|-fieldend|move: Grassy Terrain
|upkeep
|
|t:|1757090570
|switch|p2a: Ninetales|Ninetales-Alola, L50, M|100/100
|-weather|Snowscape|[from] ability: Snow Warning|[of] p2a: Ninetales
|turn|7
|
|t:|1757090593
|switch|p1b: Incineroar|Incineroar, L50, M|100/100
|-ability|p1b: Incineroar|Intimidate|boost
|-unboost|p2a: Ninetales|atk|1
|-fail|p2b: Arcanine|unboost|[from] item: Clear Amulet|[of] p2b: Arcanine
|move|p1a: Ursaluna|Protect|p1a: Ursaluna
|-singleturn|p1a: Ursaluna|Protect
|move|p2a: Ninetales|Blizzard|p1a: Ursaluna|[spread] p1b
|-activate|p1a: Ursaluna|move: Protect
|-resisted|p1b: Incineroar
|-damage|p1b: Incineroar|86/100
|move|p2b: Arcanine|Rock Slide|p1b: Incineroar|[spread] p1b
|-activate|p1a: Ursaluna|move: Protect
|-supereffective|p1b: Incineroar
|-damage|p1b: Incineroar|31/100
|
|-weather|Snowscape|[upkeep]
|-damage|p1a: Ursaluna|22/100 brn|[from] brn
|upkeep
|turn|8
|inactive|eggtophat_real has 30 seconds left.
|
|t:|1757090627
|move|p2b: Arcanine|Protect|p2b: Arcanine
|-singleturn|p2b: Arcanine|Protect
|move|p1b: Incineroar|Fake Out|p2a: Ninetales
|-damage|p2a: Ninetales|86/100
|cant|p2a: Ninetales|flinch
|move|p1a: Ursaluna|Facade|p2a: Ninetales
|-damage|p2a: Ninetales|0 fnt
|faint|p2a: Ninetales
|
|-weather|Snowscape|[upkeep]
|-damage|p1a: Ursaluna|16/100 brn|[from] brn
|upkeep
|turn|9
|-message|eggtophat_real forfeited.
|
|win|Low Tier Goodra
|raw|Low Tier Goodra's rating: 1233 → 1250(+17 for winning)
|raw|eggtophat_real's rating: 1120 → 1103(-17 for losing)
