|j|☆isi02
|j|☆ViCaront
|html|isi02ViCaront    
|uhtml|bestof|Game 1 of a best-of-3
|t:|1783979933
|gametype|doubles
|player|p1|isi02|2|1114
|player|p2|ViCaront|roxie|1000
|gen|9
|tier|[Gen 9 Champions] VGC 2026 Reg M-B (Bo3)
|rated|
|rule|Species Clause: Limit one of each Pokémon
|rule|Item Clause: Limit 1 of each item
|clearpoke
|poke|p1|Sceptile, L50, F|
|poke|p1|Gholdengo, L50|
|poke|p1|Feraligatr, L50, F|
|poke|p1|Houndoom, L50, F|
|poke|p1|Staraptor, L50, F|
|poke|p1|Vileplume, L50, M|
|poke|p2|Primarina, L50, F|
|poke|p2|Sinistcha, L50|
|poke|p2|Scrafty, L50, M|
|poke|p2|Excadrill, L50, F|
|poke|p2|Rotom-Wash, L50|
|poke|p2|Meowscarada, L50, F|
|teampreview|4
|showteam|p1|Sceptile||WhiteHerb|Unburden|LeafStorm,RockTomb,EarthPower,QuickGuard|Timid||F|||50|]Gholdengo||SitrusBerry|GoodasGold|Protect,ShadowBall,MakeItRain,NastyPlot|Modest|||||50|]Feraligatr||LifeOrb|SheerForce|AquaJet,Liquidation,RockSlide,IcePunch|Adamant||F|||50|]Houndoom||FocusSash|FlashFire|HeatWave,Snarl,Protect,SuckerPunch|Hasty||F|||50|]Staraptor||Staraptite|Intimidate|BraveBird,CloseCombat,Protect,Roost|Jolly||F|||50|]Vileplume||BigRoot|EffectSpore|StrengthSap,GigaDrain,SludgeBomb,LeechSeed|Relaxed||M|||50|
|showteam|p2|Primarina||SitrusBerry|LiquidVoice|AlluringVoice,Moonblast,HyperVoice,CalmMind|Modest||F|||50|]Sinistcha||FocusSash|Hospitality|MatchaGotcha,StunSpore,RagePowder,Protect|Serious|||||50|]Scrafty||Scraftinite|Intimidate|CloseCombat,Crunch,Protect,SwordsDance|Jolly||M|||50|]Excadrill||LifeOrb|MoldBreaker|DrillRun,Protect,IronHead,SwordsDance|Adamant||F|||50|]Rotom-Wash||Leftovers|Levitate|DarkPulse,Discharge,Protect,ThunderWave|Timid|||||50|]Meowscarada||ChoiceScarf|Protean|PlayRough,FoulPlay,FlowerTrick,TripleAxel|Jolly||F|||50|
|
|t:|1783980001
|teamsize|p1|4
|teamsize|p2|4
|start
|switch|p1a: Staraptor|Staraptor, L50, F|100/100
|switch|p1b: Vileplume|Vileplume, L50, M|100/100
|switch|p2a: Excadrill|Excadrill, L50, F|100/100
|switch|p2b: Rotom|Rotom-Wash, L50|100/100
|-ability|p1a: Staraptor|Intimidate|boost
|-unboost|p2a: Excadrill|atk|1
|-unboost|p2b: Rotom|atk|1
|-ability|p2a: Excadrill|Mold Breaker
|turn|1
|inactive|Battle timer is ON: inactive players will automatically lose when time's up. (requested by isi02)
|
|t:|1783980041
|move|p2a: Excadrill|Protect|p2a: Excadrill
|-singleturn|p2a: Excadrill|Protect
|move|p1a: Staraptor|Close Combat|p2a: Excadrill
|-activate|p2a: Excadrill|move: Protect
|move|p2b: Rotom|Discharge|p1b: Vileplume|[spread] p1a,p1b
|-activate|p2a: Excadrill|move: Protect
|-supereffective|p1a: Staraptor|1
|-resisted|p1b: Vileplume|1
|-damage|p1a: Staraptor|21/100
|-damage|p1b: Vileplume|87/100
|-status|p1a: Staraptor|par
|move|p1b: Vileplume|Leech Seed|p2b: Rotom
|-start|p2b: Rotom|move: Leech Seed
|
|-damage|p2b: Rotom|88/100|[from] Leech Seed|[of] p1b: Vileplume
|-heal|p1b: Vileplume|97/100|[silent]
|upkeep
|turn|2
|inactive|isi02 has 30 seconds left.
|inactive|ViCaront has 30 seconds left.
|
|t:|1783980075
|detailschange|p1a: Staraptor|Staraptor-Mega, L50, F
|-mega|p1a: Staraptor|Staraptor|Staraptite
|move|p1a: Staraptor|Protect|p1a: Staraptor
|-singleturn|p1a: Staraptor|Protect
|move|p2b: Rotom|Discharge|p1b: Vileplume|[spread] p1b
|-activate|p1a: Staraptor|move: Protect
|-immune|p2a: Excadrill
|-resisted|p1b: Vileplume|1
|-damage|p1b: Vileplume|83/100
|move|p2a: Excadrill|Iron Head|p1b: Vileplume
|-damage|p1b: Vileplume|49/100
|-damage|p2a: Excadrill|90/100|[from] item: Life Orb
|move|p1b: Vileplume|Giga Drain|p2a: Excadrill
|-damage|p2a: Excadrill|54/100
|-heal|p1b: Vileplume|74/100|[from] drain|[of] p2a: Excadrill
|
|-heal|p2b: Rotom|93/100|[from] item: Leftovers
|-damage|p2b: Rotom|81/100|[from] Leech Seed|[of] p1b: Vileplume
|-heal|p1b: Vileplume|84/100|[silent]
|upkeep
|turn|3
|inactive|isi02 has 30 seconds left.
|inactive|isi02 has 20 seconds left.
|inactive|isi02 has 15 seconds left.
|inactive|ViCaront has 30 seconds left.
|
|t:|1783980120
|switch|p2a: Scrafty|Scrafty, L50, M|100/100
|-ability|p2a: Scrafty|Intimidate|boost
|-boost|p1a: Staraptor|atk|1
|-unboost|p1b: Vileplume|atk|1
|move|p2b: Rotom|Protect|p2b: Rotom
|-singleturn|p2b: Rotom|Protect
|move|p1a: Staraptor|Brave Bird|p2a: Scrafty
|-supereffective|p2a: Scrafty|1
|-damage|p2a: Scrafty|0 fnt
|faint|p2a: Scrafty
|-damage|p1a: Staraptor|0 fnt|[from] Recoil
|faint|p1a: Staraptor
|move|p1b: Vileplume|Giga Drain|p2b: Rotom
|-activate|p2b: Rotom|move: Protect
|
|-heal|p2b: Rotom|87/100|[from] item: Leftovers
|-damage|p2b: Rotom|75/100|[from] Leech Seed|[of] p1b: Vileplume
|-heal|p1b: Vileplume|95/100|[silent]
|upkeep
|inactive|ViCaront has 30 seconds left.
|
|t:|1783980153
|switch|p1a: Gholdengo|Gholdengo, L50|100/100
|switch|p2a: Excadrill|Excadrill, L50, F|54/100
|-ability|p2a: Excadrill|Mold Breaker
|turn|4
|
|t:|1783980167
|switch|p2b: Sinistcha|Sinistcha, L50|100/100
|-heal|p2a: Excadrill|79/100|[from] ability: Hospitality|[of] p2b: Sinistcha
|move|p2a: Excadrill|Drill Run|p1a: Gholdengo
|-supereffective|p1a: Gholdengo|1
|-damage|p1a: Gholdengo|0 fnt
|faint|p1a: Gholdengo
|-damage|p2a: Excadrill|69/100|[from] item: Life Orb
|move|p1b: Vileplume|Strength Sap|p2a: Excadrill
|-unboost|p2a: Excadrill|atk|1
|-heal|p1b: Vileplume|100/100
|
|upkeep
|
|t:|1783980181
|switch|p1a: Feraligatr|Feraligatr, L50, F|100/100
|turn|5
|
|t:|1783980198
|move|p2a: Excadrill|Swords Dance|p2a: Excadrill
|-boost|p2a: Excadrill|atk|2
|move|p1a: Feraligatr|Ice Punch|p2b: Sinistcha
|-supereffective|p2b: Sinistcha|1
|-damage|p2b: Sinistcha|30/100
|move|p2b: Sinistcha|Matcha Gotcha|p1b: Vileplume|[spread] p1a,p1b
|-supereffective|p1a: Feraligatr|1
|-resisted|p1b: Vileplume|2
|-damage|p1a: Feraligatr|58/100
|-heal|p2b: Sinistcha|58/100|[from] drain|[of] p1a: Feraligatr
|-damage|p1b: Vileplume|93/100
|-heal|p2b: Sinistcha|62/100|[from] drain|[of] p1b: Vileplume
|-status|p1b: Vileplume|brn
|move|p1b: Vileplume|Sludge Bomb|p2b: Sinistcha
|-damage|p2b: Sinistcha|25/100
|
|-damage|p1b: Vileplume|87/100 brn|[from] brn
|upkeep
|turn|6
|inactive|isi02 has 30 seconds left.
|inactive|ViCaront has 30 seconds left.
|inactive|ViCaront has 20 seconds left.
|
|t:|1783980234
|switch|p2b: Rotom|Rotom-Wash, L50|75/100
|move|p2a: Excadrill|Drill Run|p1a: Feraligatr
|-damage|p1a: Feraligatr|0 fnt
|faint|p1a: Feraligatr
|-damage|p2a: Excadrill|59/100|[from] item: Life Orb
|move|p1b: Vileplume|Sludge Bomb|p2b: Rotom
|-damage|p2b: Rotom|25/100
|
|-heal|p2b: Rotom|31/100|[from] item: Leftovers
|-damage|p1b: Vileplume|81/100 brn|[from] brn
|upkeep
|turn|7
|
|t:|1783980254
|move|p2b: Rotom|Dark Pulse|p1b: Vileplume
|-damage|p1b: Vileplume|58/100 brn
|move|p2a: Excadrill|Drill Run|p1b: Vileplume
|-damage|p1b: Vileplume|0 fnt
|-status|p2a: Excadrill|slp|[from] ability: Effect Spore|[of] p1b: Vileplume
|faint|p1b: Vileplume
|-damage|p2a: Excadrill|50/100g slp|[from] item: Life Orb
|
|win|ViCaront
|inactive|isi02 has 30 seconds to confirm battle start!
|inactive|ViCaront has 30 seconds to confirm battle start!
