|j|☆mousse Maracuja
|j|☆sorecruiser
|html|mousse Maracujasorecruiser    
|uhtml|bestof|Game 1 of a best-of-3
|t:|1757120630
|gametype|doubles
|player|p1|mousse Maracuja|265|1224
|player|p2|sorecruiser|furisodegirl-black|1114
|gen|9
|tier|[Gen 9] VGC 2025 Reg H (Bo3)
|rated|
|rule|Species Clause: Limit one of each Pokémon
|rule|Item Clause: Limit 1 of each item
|clearpoke
|poke|p1|Gastrodon-East, L50, M|
|poke|p1|Incineroar, L50, M|
|poke|p1|Sneasler, L50, F|
|poke|p1|Dragonite, L50, M|
|poke|p1|Gholdengo, L50|
|poke|p1|Rillaboom, L50, M|
|poke|p2|Gholdengo, L50|
|poke|p2|Whimsicott, L50, F|
|poke|p2|Sneasler, L50, F|
|poke|p2|Basculegion, L50, M|
|poke|p2|Hydreigon, L50, F|
|poke|p2|Magmar, L50, M|
|teampreview|4
|showteam|p1|Gastrodon-East||CovertCloak|StormDrain|IceBeam,EarthPower,Recover,Protect|||M|||50|,,,,,Fairy]Incineroar||AssaultVest|Intimidate|FlareBlitz,KnockOff,Uturn,FakeOut|||M|||50|,,,,,Ghost]Sneasler||FocusSash|PoisonTouch|DireClaw,CloseCombat,Coaching,Protect|||F|||50|,,,,,Ghost]Dragonite||LoadedDice|Multiscale|ScaleShot,ExtremeSpeed,Haze,Protect|||M|||50|,,,,,Fairy]Gholdengo||LifeOrb|GoodasGold|MakeItRain,ShadowBall,NastyPlot,Protect||||||50|,,,,,Water]Rillaboom||MiracleSeed|GrassySurge|WoodHammer,GrassyGlide,HighHorsepower,Protect|||M|||50|,,,,,Fire
|showteam|p2|Gholdengo||MetalCoat|GoodasGold|MakeItRain,ShadowBall,NastyPlot,Protect||||||50|,,,,,Steel]Whimsicott||CovertCloak|Prankster|Tailwind,Encore,FakeTears,Moonblast|||F|||50|,,,,,Dark]Sneasler||FocusSash|PoisonTouch|Protect,CloseCombat,DireClaw,ThroatChop|||F|||50|,,,,,Dark]Basculegion||ChoiceScarf|Adaptability|LastRespects,WaveCrash,AquaJet,FlipTurn|||M|||50|,,,,,Ghost]Hydreigon||ChoiceSpecs|Levitate|DarkPulse,DracoMeteor,Snarl,HeatWave|||F|||50|,,,,,Fire]Magmar||Eviolite|VitalSpirit|Protect,FollowMe,HeatWave,Taunt|||M|||50|,,,,,Ghost
|c|☆sorecruiser|glhf
|c|☆mousse Maracuja|glhf
|
|t:|1757120757
|teamsize|p1|4
|teamsize|p2|4
|start
|switch|p1a: Gastrodon|Gastrodon-East, L50, M|100/100
|switch|p1b: Incineroar|Incineroar, L50, M|100/100
|switch|p2a: Hydreigon|Hydreigon, L50, F|100/100
|switch|p2b: Magmar|Magmar, L50, M|100/100
|-ability|p1b: Incineroar|Intimidate|boost
|-unboost|p2a: Hydreigon|atk|1
|-unboost|p2b: Magmar|atk|1
|turn|1
|inactive|Battle timer is ON: inactive players will automatically lose when time's up. (requested by mousse Maracuja)
|inactive|sorecruiser has 60 seconds left.
|
|t:|1757120804
|-terastallize|p2a: Hydreigon|Fire
|move|p1b: Incineroar|Fake Out|p2a: Hydreigon
|-damage|p2a: Hydreigon|86/100
|cant|p2a: Hydreigon|flinch
|move|p2b: Magmar|Heat Wave|p1b: Incineroar|[spread] p1a
|-miss|p2b: Magmar|p1b: Incineroar
|-resisted|p1a: Gastrodon
|-damage|p1a: Gastrodon|89/100
|move|p1a: Gastrodon|Earth Power|p2b: Magmar
|-supereffective|p2b: Magmar
|-damage|p2b: Magmar|51/100
|
|upkeep
|turn|2
|inactive|mousse Maracuja has 30 seconds left.
|
|t:|1757120834
|move|p1a: Gastrodon|Protect|p1a: Gastrodon
|-singleturn|p1a: Gastrodon|Protect
|move|p2a: Hydreigon|Snarl|p1a: Gastrodon|[spread] 
|-activate|p1a: Gastrodon|move: Protect
|-miss|p2a: Hydreigon|p1b: Incineroar
|move|p2b: Magmar|Taunt|p1a: Gastrodon
|-activate|p1a: Gastrodon|move: Protect
|move|p1b: Incineroar|U-turn|p2b: Magmar
|-resisted|p2b: Magmar
|-damage|p2b: Magmar|44/100
|
|t:|1757120851
|switch|p1b: Dragonite|Dragonite, L50, M|100/100|[from] U-turn
|
|upkeep
|turn|3
|
|t:|1757120867
|switch|p2a: Gholdengo|Gholdengo, L50|100/100
|-terastallize|p1b: Dragonite|Fairy
|move|p1b: Dragonite|Scale Shot|p2a: Gholdengo
|-resisted|p2a: Gholdengo
|-damage|p2a: Gholdengo|93/100
|-resisted|p2a: Gholdengo
|-damage|p2a: Gholdengo|84/100
|-resisted|p2a: Gholdengo
|-damage|p2a: Gholdengo|76/100
|-resisted|p2a: Gholdengo
|-damage|p2a: Gholdengo|68/100
|-hitcount|p2a: Gholdengo|4
|-unboost|p1b: Dragonite|def|1
|-boost|p1b: Dragonite|spe|1
|move|p2b: Magmar|Taunt|p1a: Gastrodon
|-start|p1a: Gastrodon|move: Taunt
|move|p1a: Gastrodon|Earth Power|p2b: Magmar
|-supereffective|p2b: Magmar
|-damage|p2b: Magmar|0 fnt
|faint|p2b: Magmar
|
|upkeep
|
|t:|1757120891
|switch|p2b: Sneasler|Sneasler, L50, F|100/100
|turn|4
|
|t:|1757120903
|move|p2b: Sneasler|Protect|p2b: Sneasler
|-singleturn|p2b: Sneasler|Protect
|move|p1b: Dragonite|Scale Shot|p2b: Sneasler
|-activate|p2b: Sneasler|move: Protect
|move|p2a: Gholdengo|Make It Rain|p1a: Gastrodon|[spread] p1a,p1b
|-resisted|p1a: Gastrodon
|-supereffective|p1b: Dragonite
|-damage|p1a: Gastrodon|64/100
|-damage|p1b: Dragonite|46/100
|-unboost|p2a: Gholdengo|spa|1
|move|p1a: Gastrodon|Earth Power|p2a: Gholdengo
|-supereffective|p2a: Gholdengo
|-damage|p2a: Gholdengo|0 fnt
|faint|p2a: Gholdengo
|
|upkeep
|
|t:|1757120913
|switch|p2a: Hydreigon|Hydreigon, L50, F, tera:Fire|86/100
|turn|5
|
|t:|1757120924
|move|p1b: Dragonite|Scale Shot|p2a: Hydreigon
|-damage|p2a: Hydreigon|69/100
|-damage|p2a: Hydreigon|51/100
|-damage|p2a: Hydreigon|35/100
|-damage|p2a: Hydreigon|18/100
|-damage|p2a: Hydreigon|0 fnt
|faint|p2a: Hydreigon
|-hitcount|p2: Hydreigon|5
|-unboost|p1b: Dragonite|def|1
|-boost|p1b: Dragonite|spe|1
|move|p2b: Sneasler|Dire Claw|p1b: Dragonite
|-supereffective|p1b: Dragonite
|-damage|p1b: Dragonite|0 fnt
|faint|p1b: Dragonite
|move|p1a: Gastrodon|Earth Power|p2b: Sneasler
|-supereffective|p2b: Sneasler
|-damage|p2b: Sneasler|23/100
|
|-end|p1a: Gastrodon|move: Taunt
|upkeep
|
|t:|1757120933
|switch|p1b: Sneasler|Sneasler, L50, F|100/100
|turn|6
|c|☆sorecruiser|gg
|
|t:|1757120939
|move|p1b: Sneasler|Close Combat|p2b: Sneasler
|-resisted|p2b: Sneasler
|-damage|p2b: Sneasler|0 fnt
|-unboost|p1b: Sneasler|def|1
|-unboost|p1b: Sneasler|spd|1
|faint|p2b: Sneasler
|
|win|mousse Maracuja
||mousse Maracuja is ready for game 2.
