|j|☆Urkin' Pincurchin
|j|☆Farigi no Raf
|html|Urkin' PincurchinFarigi no Raf    
|uhtml|bestof|Game 1 of a best-of-3
|t:|1757036705
|gametype|doubles
|player|p1|Urkin' Pincurchin|fisherman-gen4|1425
|player|p2|Farigi no Raf|vince|1405
|gen|9
|tier|[Gen 9] VGC 2025 Reg H (Bo3)
|rated|
|rule|Species Clause: Limit one of each Pokémon
|rule|Item Clause: Limit 1 of each item
|clearpoke
|poke|p1|Ninetales-Alola, L50, F|
|poke|p1|Dragonite, L50, M|
|poke|p1|Volcarona, L50, F|
|poke|p1|Incineroar, L50, M|
|poke|p1|Rillaboom, L50, M|
|poke|p1|Basculegion, L50, M|
|poke|p2|Dragonite, L50, F|
|poke|p2|Gholdengo, L50|
|poke|p2|Sneasler, L50, F|
|poke|p2|Rillaboom, L50, M|
|poke|p2|Ursaluna-Bloodmoon, L50, M|
|poke|p2|Magmar, L50, F|
|teampreview|4
|showteam|p1|Ninetales-Alola||FocusSash|SnowWarning|Blizzard,IcyWind,AuroraVeil,Encore|||F|||50|,,,,,Ghost]Dragonite||LoadedDice|Multiscale|ScaleShot,Tailwind,Protect,Haze|||M|||50|,,,,,Fairy]Volcarona||Leftovers|FlameBody|HeatWave,TeraBlast,QuiverDance,Protect|||F|||50|,,,,,Fairy]Incineroar||SafetyGoggles|Intimidate|FlareBlitz,KnockOff,FakeOut,PartingShot|||M|||50|,,,,,Ghost]Rillaboom||AssaultVest|GrassySurge|WoodHammer,GrassyGlide,HighHorsepower,FakeOut|||M|||50|,,,,,Ghost]Basculegion||ChoiceScarf|SwiftSwim|WaveCrash,LastRespects,FlipTurn,AquaJet|||M|||50|,,,,,Water
|showteam|p2|Dragonite||LoadedDice|Multiscale|ScaleShot,Tailwind,ExtremeSpeed,Protect|||F|||50|,,,,,Fairy]Gholdengo||LifeOrb|GoodasGold|MakeItRain,ShadowBall,NastyPlot,Protect||||||50|,,,,,Water]Sneasler||FocusSash|PoisonTouch|CloseCombat,DireClaw,Coaching,FakeOut|||F|||50|,,,,,Ghost]Rillaboom||AssaultVest|GrassySurge|WoodHammer,FakeOut,GrassyGlide,HighHorsepower|||M|||50|,,,,,Fire]Ursaluna-Bloodmoon||SilkScarf|MindsEye|HyperVoice,EarthPower,BloodMoon,Protect|||M|||50|,,,,,Water]Magmar||Eviolite|VitalSpirit|FollowMe,BurningJealousy,ClearSmog,Protect|||F|||50|,,,,,Dragon
|inactive|Battle timer is ON: inactive players will automatically lose when time's up. (requested by Urkin' Pincurchin)
|inactive|Urkin' Pincurchin has 60 seconds left.
|inactive|Farigi no Raf has 60 seconds left.
|inactive|Urkin' Pincurchin has 30 seconds left.
|inactive|Urkin' Pincurchin has 20 seconds left.
|inactive|Urkin' Pincurchin has 15 seconds left.
|inactive|Urkin' Pincurchin has 10 seconds left.
|inactive|Urkin' Pincurchin has 5 seconds left.
|
|t:|1757036792
|teamsize|p1|4
|teamsize|p2|4
|start
|switch|p1a: Incineroar|Incineroar, L50, M|100/100
|switch|p1b: Volcarona|Volcarona, L50, F|100/100
|switch|p2a: Magmar|Magmar, L50, F|100/100
|switch|p2b: Dragonite|Dragonite, L50, F|100/100
|-ability|p1a: Incineroar|Intimidate|boost
|-unboost|p2a: Magmar|atk|1
|-unboost|p2b: Dragonite|atk|1
|turn|1
|
|t:|1757036810
|move|p1b: Volcarona|Protect|p1b: Volcarona
|-singleturn|p1b: Volcarona|Protect
|move|p2b: Dragonite|Scale Shot|p1b: Volcarona
|-activate|p1b: Volcarona|move: Protect
|move|p2a: Magmar|Burning Jealousy|p1b: Volcarona|[spread] p1a
|-activate|p1b: Volcarona|move: Protect
|-resisted|p1a: Incineroar
|-damage|p1a: Incineroar|91/100
|move|p1a: Incineroar|Parting Shot|p2b: Dragonite
|-unboost|p2b: Dragonite|atk|1
|-unboost|p2b: Dragonite|spa|1
|
|t:|1757036815
|switch|p1a: Ninetales|Ninetales-Alola, L50, F|100/100|[from] Parting Shot
|-weather|Snowscape|[from] ability: Snow Warning|[of] p1a: Ninetales
|
|-weather|Snowscape|[upkeep]
|upkeep
|turn|2
|
|t:|1757036831
|switch|p1b: Basculegion|Basculegion, L50, M|100/100
|-terastallize|p2b: Dragonite|Fairy
|move|p1a: Ninetales|Aurora Veil|p1a: Ninetales
|-sidestart|p1: Urkin' Pincurchin|move: Aurora Veil
|move|p2b: Dragonite|Tailwind|p2b: Dragonite
|-sidestart|p2: Farigi no Raf|move: Tailwind
|move|p2a: Magmar|Burning Jealousy|p1b: Basculegion|[spread] p1a,p1b
|-supereffective|p1a: Ninetales
|-resisted|p1b: Basculegion
|-damage|p1a: Ninetales|73/100
|-damage|p1b: Basculegion|94/100
|
|-weather|Snowscape|[upkeep]
|upkeep
|turn|3
|
|t:|1757036849
|move|p2b: Dragonite|Scale Shot|p1b: Basculegion
|-damage|p1b: Basculegion|87/100
|-damage|p1b: Basculegion|80/100
|-damage|p1b: Basculegion|74/100
|-damage|p1b: Basculegion|67/100
|-damage|p1b: Basculegion|60/100
|-hitcount|p1b: Basculegion|5
|-unboost|p2b: Dragonite|def|1
|-boost|p2b: Dragonite|spe|1
|move|p2a: Magmar|Burning Jealousy|p1b: Basculegion|[spread] p1a,p1b
|-supereffective|p1a: Ninetales
|-resisted|p1b: Basculegion
|-damage|p1a: Ninetales|46/100
|-damage|p1b: Basculegion|54/100
|move|p1b: Basculegion|Flip Turn|p2a: Magmar
|-supereffective|p2a: Magmar
|-damage|p2a: Magmar|59/100
|
|t:|1757036856
|switch|p1b: Incineroar|Incineroar, L50, M|91/100|[from] Flip Turn
|-ability|p1b: Incineroar|Intimidate|boost
|-unboost|p2a: Magmar|atk|1
|-unboost|p2b: Dragonite|atk|1
|move|p1a: Ninetales|Blizzard|p2b: Dragonite|[spread] p2a,p2b
|-resisted|p2a: Magmar
|-damage|p2a: Magmar|46/100
|-damage|p2b: Dragonite|83/100
|
|-weather|Snowscape|[upkeep]
|upkeep
|turn|4
|
|t:|1757036869
|switch|p2b: Gholdengo|Gholdengo, L50|100/100
|switch|p1a: Volcarona|Volcarona, L50, F|100/100
|move|p2a: Magmar|Burning Jealousy|p1a: Volcarona|[spread] p1a,p1b
|-resisted|p1b: Incineroar
|-damage|p1a: Volcarona|90/100
|-damage|p1b: Incineroar|85/100
|move|p1b: Incineroar|Knock Off|p2b: Gholdengo
|-supereffective|p2b: Gholdengo
|-damage|p2b: Gholdengo|27/100
|-enditem|p2b: Gholdengo|Life Orb|[from] move: Knock Off|[of] p1b: Incineroar
|
|-weather|Snowscape|[upkeep]
|-heal|p1a: Volcarona|96/100|[from] item: Leftovers
|upkeep
|turn|5
|
|t:|1757036882
|move|p2a: Magmar|Follow Me|p2a: Magmar
|-singleturn|p2a: Magmar|move: Follow Me
|move|p2b: Gholdengo|Nasty Plot|p2b: Gholdengo
|-boost|p2b: Gholdengo|spa|2
|move|p1a: Volcarona|Quiver Dance|p1a: Volcarona
|-boost|p1a: Volcarona|spa|1
|-boost|p1a: Volcarona|spd|1
|-boost|p1a: Volcarona|spe|1
|move|p1b: Incineroar|Knock Off|p2a: Magmar
|-damage|p2a: Magmar|20/100
|-enditem|p2a: Magmar|Eviolite|[from] move: Knock Off|[of] p1b: Incineroar
|
|-weather|none
|-heal|p1a: Volcarona|100/100|[from] item: Leftovers
|-sideend|p2: Farigi no Raf|move: Tailwind
|upkeep
|turn|6
|
|t:|1757036891
|switch|p1b: Basculegion|Basculegion, L50, M|54/100
|move|p2b: Gholdengo|Protect|p2b: Gholdengo
|-singleturn|p2b: Gholdengo|Protect
|move|p1a: Volcarona|Heat Wave|p2a: Magmar|[spread] p2a
|-activate|p2b: Gholdengo|move: Protect
|-resisted|p2a: Magmar
|-damage|p2a: Magmar|0 fnt
|faint|p2a: Magmar
|
|-sideend|p1: Urkin' Pincurchin|move: Aurora Veil
|upkeep
|
|t:|1757036899
|switch|p2a: Sneasler|Sneasler, L50, F|100/100
|turn|7
|
|t:|1757036911
|switch|p2b: Dragonite|Dragonite, L50, F, tera:Fairy|83/100
|move|p1b: Basculegion|Flip Turn|p2b: Dragonite
|-damage|p2b: Dragonite|52/100
|
|t:|1757036915
|switch|p1b: Incineroar|Incineroar, L50, M|85/100|[from] Flip Turn
|-ability|p1b: Incineroar|Intimidate|boost
|-unboost|p2a: Sneasler|atk|1
|-unboost|p2b: Dragonite|atk|1
|move|p1a: Volcarona|Heat Wave|p2b: Dragonite|[spread] p2a,p2b
|-damage|p2a: Sneasler|21/100
|-damage|p2b: Dragonite|0 fnt
|faint|p2b: Dragonite
|move|p2a: Sneasler|Dire Claw|p1a: Volcarona
|-damage|p1a: Volcarona|65/100
|-status|p1a: Volcarona|par
|-status|p2a: Sneasler|brn|[from] ability: Flame Body|[of] p1a: Volcarona
|
|-heal|p1a: Volcarona|71/100 par|[from] item: Leftovers
|-damage|p2a: Sneasler|15/100 brn|[from] brn
|upkeep
|
|t:|1757036922
|switch|p2b: Gholdengo|Gholdengo, L50|27/100
|turn|8
|
|t:|1757036926
|move|p2a: Sneasler|Close Combat|p1b: Incineroar
|-supereffective|p1b: Incineroar
|-damage|p1b: Incineroar|49/100
|-unboost|p2a: Sneasler|def|1
|-unboost|p2a: Sneasler|spd|1
|move|p2b: Gholdengo|Make It Rain|p1a: Volcarona|[spread] p1a,p1b
|-resisted|p1a: Volcarona
|-resisted|p1b: Incineroar
|-damage|p1a: Volcarona|59/100 par
|-damage|p1b: Incineroar|28/100
|-unboost|p2b: Gholdengo|spa|1
|move|p1b: Incineroar|Knock Off|p2b: Gholdengo
|-supereffective|p2b: Gholdengo
|-damage|p2b: Gholdengo|0 fnt
|faint|p2b: Gholdengo
|move|p1a: Volcarona|Heat Wave|p2a: Sneasler
|-damage|p2a: Sneasler|0 fnt
|faint|p2a: Sneasler
|
|win|Urkin' Pincurchin
||Farigi no Raf is ready for game 2.
