|j|☆Cristante terabug
|j|☆Aircross360
|html|Cristante terabugAircross360    
|uhtml|bestof|Game 1 of a best-of-3
|t:|1756383122
|gametype|doubles
|player|p1|Cristante terabug|kieran-champion|1031
|player|p2|Aircross360|170|1133
|gen|9
|tier|[Gen 9] VGC 2025 Reg H (Bo3)
|rated|
|rule|Species Clause: Limit one of each Pokémon
|rule|Item Clause: Limit 1 of each item
|clearpoke
|poke|p1|Incineroar, L50, M|
|poke|p1|Pelipper, L50, M|
|poke|p1|Archaludon, L50, M|
|poke|p1|Dragonite, L50, M|
|poke|p1|Sinistcha, L50|
|poke|p1|Ursaluna, L50, F|
|poke|p2|Annihilape, L50, F|
|poke|p2|Gholdengo, L50|
|poke|p2|Dragonite, L50, F|
|poke|p2|Ninetales-Alola, L50, F|
|poke|p2|Magmar, L50, F|
|poke|p2|Ursaluna-Bloodmoon, L50, M|
|teampreview|4
|showteam|p1|Incineroar||SafetyGoggles|Intimidate|FakeOut,PartingShot,KnockOff,FlareBlitz|||M|||50|,,,,,Flying]Pelipper||FocusSash|Drizzle|Hurricane,MuddyWater,Tailwind,Protect|||M|||50|,,,,,Ghost]Archaludon||AssaultVest|Stamina|ElectroShot,Snarl,FlashCannon,BodyPress|||M|||50|,,,,,Bug]Dragonite||LoadedDice|Multiscale|ScaleShot,Tailwind,Haze,Protect|||M|||50|,,,,,Fairy]Sinistcha||SitrusBerry|Hospitality|MatchaGotcha,RagePowder,LifeDew,TrickRoom||||||50|,,,,,Dark]Ursaluna||FlameOrb|Guts|Earthquake,Facade,HeadlongRush,Protect|||F|||50|,,,,,Ghost
|showteam|p2|Annihilape||SafetyGoggles|Defiant|DrainPunch,RageFist,BulkUp,Protect|||F|||50|,,,,,Water]Gholdengo||MetalCoat|GoodasGold|MakeItRain,ShadowBall,NastyPlot,Protect||||||50|,,,,,Dragon]Dragonite||LoadedDice|Multiscale|ScaleShot,ExtremeSpeed,IceSpinner,Protect|||F|||50|,,,,,Steel]Ninetales-Alola||LightClay|SnowWarning|Blizzard,Encore,IcyWind,AuroraVeil|||F|||50|,,,,,Ghost]Magmar||Eviolite|FlameBody|Overheat,FollowMe,Protect,ClearSmog|||F|||50|,,,,,Ghost]Ursaluna-Bloodmoon||AssaultVest|MindsEye|BloodMoon,EarthPower,HyperVoice,VacuumWave|||M|||50|,,,,,Water
|inactive|Battle timer is ON: inactive players will automatically lose when time's up. (requested by Cristante terabug)
|inactive|Aircross360 has 60 seconds left.
|inactive|Aircross360 has 30 seconds left.
|inactive|Aircross360 has 20 seconds left.
|inactive|Aircross360 has 15 seconds left.
|inactive|Aircross360 has 10 seconds left.
|
|t:|1756383224
|teamsize|p1|4
|teamsize|p2|4
|start
|switch|p1a: Dragonite|Dragonite, L50, M|100/100
|switch|p1b: Archaludon|Archaludon, L50, M|100/100
|switch|p2a: Dragonite|Dragonite, L50, F|100/100
|switch|p2b: Ursaluna|Ursaluna-Bloodmoon, L50, M|100/100
|turn|1
|inactive|Cristante terabug has 30 seconds left.
|inactive|Aircross360 has 30 seconds left.
|inactive|Cristante terabug has 20 seconds left.
|inactive|Aircross360 has 20 seconds left.
|inactive|Cristante terabug has 15 seconds left.
|inactive|Aircross360 has 15 seconds left.
|inactive|Cristante terabug has 10 seconds left.
|inactive|Aircross360 has 10 seconds left.
|inactive|Aircross360 has 5 seconds left.
|
|t:|1756383279
|-terastallize|p1b: Archaludon|Bug
|move|p1a: Dragonite|Scale Shot|p1b: Archaludon
|-damage|p1b: Archaludon|89/100
|-ability|p1b: Archaludon|Stamina|boost
|-boost|p1b: Archaludon|def|1
|-damage|p1b: Archaludon|82/100
|-ability|p1b: Archaludon|Stamina|boost
|-boost|p1b: Archaludon|def|1
|-damage|p1b: Archaludon|77/100
|-ability|p1b: Archaludon|Stamina|boost
|-boost|p1b: Archaludon|def|1
|-damage|p1b: Archaludon|72/100
|-ability|p1b: Archaludon|Stamina|boost
|-boost|p1b: Archaludon|def|1
|-hitcount|p1b: Archaludon|4
|-unboost|p1a: Dragonite|def|1
|-boost|p1a: Dragonite|spe|1
|move|p2a: Dragonite|Scale Shot|p1a: Dragonite
|-supereffective|p1a: Dragonite
|-damage|p1a: Dragonite|77/100
|-supereffective|p1a: Dragonite
|-damage|p1a: Dragonite|30/100
|-supereffective|p1a: Dragonite
|-damage|p1a: Dragonite|0 fnt
|faint|p1a: Dragonite
|-hitcount|p1: Dragonite|3
|-unboost|p2a: Dragonite|def|1
|-boost|p2a: Dragonite|spe|1
|move|p1b: Archaludon|Body Press|p2b: Ursaluna
|-supereffective|p2b: Ursaluna
|-damage|p2b: Ursaluna|0 fnt
|faint|p2b: Ursaluna
|
|upkeep
|
|t:|1756383299
|switch|p1a: Incineroar|Incineroar, L50, M|100/100
|switch|p2b: Magmar|Magmar, L50, F|100/100
|-ability|p1a: Incineroar|Intimidate|boost
|-unboost|p2a: Dragonite|atk|1
|-unboost|p2b: Magmar|atk|1
|turn|2
|inactive|Cristante terabug has 30 seconds left.
|inactive|Aircross360 has 30 seconds left.
|inactive|Aircross360 has 20 seconds left.
|
|t:|1756383336
|switch|p1a: Pelipper|Pelipper, L50, M, shiny|100/100
|-weather|RainDance|[from] ability: Drizzle|[of] p1a: Pelipper
|move|p2a: Dragonite|Scale Shot|p1a: Pelipper
|-crit|p1a: Pelipper
|-damage|p1a: Pelipper|72/100
|-damage|p1a: Pelipper|59/100
|-damage|p1a: Pelipper|45/100
|-damage|p1a: Pelipper|33/100
|-damage|p1a: Pelipper|21/100
|-hitcount|p1a: Pelipper|5
|-unboost|p2a: Dragonite|def|1
|-boost|p2a: Dragonite|spe|1
|move|p1b: Archaludon|Snarl|p2b: Magmar|[spread] p2a,p2b
|-damage|p2a: Dragonite|95/100
|-damage|p2b: Magmar|90/100
|-unboost|p2a: Dragonite|spa|1
|-unboost|p2b: Magmar|spa|1
|move|p2b: Magmar|Clear Smog|p1b: Archaludon
|-crit|p1b: Archaludon
|-damage|p1b: Archaludon|54/100
|-clearboost|p1b: Archaludon
|-ability|p1b: Archaludon|Stamina|boost
|-boost|p1b: Archaludon|def|1
|
|-weather|RainDance|[upkeep]
|upkeep
|turn|3
|inactive|Cristante terabug has 30 seconds left.
|inactive|Aircross360 has 30 seconds left.
|inactive|Cristante terabug has 20 seconds left.
|inactive|Aircross360 has 20 seconds left.
|
|t:|1756383372
|switch|p1a: Incineroar|Incineroar, L50, M|100/100
|-ability|p1a: Incineroar|Intimidate|boost
|-unboost|p2a: Dragonite|atk|1
|-unboost|p2b: Magmar|atk|1
|switch|p2b: Ninetales|Ninetales-Alola, L50, F|100/100
|-weather|Snowscape|[from] ability: Snow Warning|[of] p2b: Ninetales
|move|p2a: Dragonite|Scale Shot|p1a: Incineroar
|-damage|p1a: Incineroar|93/100
|-damage|p1a: Incineroar|85/100
|-damage|p1a: Incineroar|79/100
|-damage|p1a: Incineroar|71/100
|-damage|p1a: Incineroar|64/100
|-hitcount|p1a: Incineroar|5
|-unboost|p2a: Dragonite|def|1
|-boost|p2a: Dragonite|spe|1
|move|p1b: Archaludon|Electro Shot||[still]
|-prepare|p1b: Archaludon|Electro Shot
|-boost|p1b: Archaludon|spa|1
|
|-weather|Snowscape|[upkeep]
|upkeep
|turn|4
|inactive|Aircross360 has 30 seconds left.
|inactive|Aircross360 has 20 seconds left.
|inactive|Aircross360 has 15 seconds left.
|inactive|Aircross360 has 10 seconds left.
|inactive|Aircross360 has 5 seconds left.
|
|t:|1756383423
|switch|p2b: Magmar|Magmar, L50, F|90/100
|move|p2a: Dragonite|Protect|p2a: Dragonite
|-singleturn|p2a: Dragonite|Protect
|move|p1b: Archaludon|Electro Shot|p2a: Dragonite|[from] lockedmove
|-activate|p2a: Dragonite|move: Protect
|move|p1a: Incineroar|Flare Blitz|p2b: Magmar
|-resisted|p2b: Magmar
|-damage|p2b: Magmar|69/100
|-damage|p1a: Incineroar|58/100|[from] Recoil
|
|-weather|Snowscape|[upkeep]
|upkeep
|turn|5
|inactive|Aircross360 has 30 seconds left.
|
|t:|1756383453
|switch|p1a: Pelipper|Pelipper, L50, M, shiny|21/100
|-weather|RainDance|[from] ability: Drizzle|[of] p1a: Pelipper
|move|p2a: Dragonite|Scale Shot|p1a: Pelipper|[miss]
|-miss|p2a: Dragonite|p1a: Pelipper
|move|p1b: Archaludon|Electro Shot||[still]
|-prepare|p1b: Archaludon|Electro Shot
|-boost|p1b: Archaludon|spa|1
|-anim|p1b: Archaludon|Electro Shot|p2a: Dragonite
|-damage|p2a: Dragonite|7/100
|move|p2b: Magmar|Overheat|p1b: Archaludon
|-supereffective|p1b: Archaludon
|-damage|p1b: Archaludon|17/100
|-unboost|p2b: Magmar|spa|2
|-ability|p1b: Archaludon|Stamina|boost
|-boost|p1b: Archaludon|def|1
|
|-weather|RainDance|[upkeep]
|upkeep
|turn|6
|inactive|Cristante terabug has 30 seconds left.
|inactive|Aircross360 has 30 seconds left.
|inactive|Aircross360 has 20 seconds left.
|inactive|Aircross360 has 15 seconds left.
|inactive|Aircross360 has 10 seconds left.
|
|t:|1756383498
|switch|p1a: Incineroar|Incineroar, L50, M|58/100
|-ability|p1a: Incineroar|Intimidate|boost
|-unboost|p2a: Dragonite|atk|1
|-unboost|p2b: Magmar|atk|1
|move|p2a: Dragonite|Scale Shot|p1b: Archaludon|[miss]
|-miss|p2a: Dragonite|p1b: Archaludon
|move|p1b: Archaludon|Snarl|p2a: Dragonite|[spread] p2a,p2b
|-damage|p2a: Dragonite|0 fnt
|-damage|p2b: Magmar|48/100
|-unboost|p2b: Magmar|spa|1
|faint|p2a: Dragonite
|move|p2b: Magmar|Overheat|p1a: Incineroar
|-resisted|p1a: Incineroar
|-damage|p1a: Incineroar|55/100
|-unboost|p2b: Magmar|spa|2
|
|-weather|RainDance|[upkeep]
|upkeep
|
|t:|1756383508
|switch|p2a: Ninetales|Ninetales-Alola, L50, F|100/100
|-weather|Snowscape|[from] ability: Snow Warning|[of] p2a: Ninetales
|turn|7
|inactive|Cristante terabug has 30 seconds left.
|inactive|Aircross360 has 30 seconds left.
|inactive|Aircross360 has 20 seconds left.
|inactive|Cristante terabug has 20 seconds left.
|inactive|Cristante terabug has 15 seconds left.
|inactive|Aircross360 has 15 seconds left.
|
|t:|1756383557
|move|p2b: Magmar|Protect|p2b: Magmar
|-singleturn|p2b: Magmar|Protect
|move|p2a: Ninetales|Blizzard|p1b: Archaludon|[spread] p1a,p1b
|-resisted|p1a: Incineroar
|-damage|p1a: Incineroar|44/100
|-damage|p1b: Archaludon|0 fnt
|faint|p1b: Archaludon
|move|p1a: Incineroar|Flare Blitz|p2a: Ninetales
|-supereffective|p2a: Ninetales
|-damage|p2a: Ninetales|14/100
|-status|p2a: Ninetales|brn
|-damage|p1a: Incineroar|21/100|[from] Recoil
|
|-weather|Snowscape|[upkeep]
|-damage|p2a: Ninetales|7/100 brn|[from] brn
|upkeep
|
|t:|1756383566
|switch|p1b: Pelipper|Pelipper, L50, M, shiny|21/100
|-weather|RainDance|[from] ability: Drizzle|[of] p1b: Pelipper
|turn|8
|
|t:|1756383584
|move|p1b: Pelipper|Protect|p1b: Pelipper
|-singleturn|p1b: Pelipper|Protect
|move|p2a: Ninetales|Blizzard|p1a: Incineroar|[spread] 
|-activate|p1b: Pelipper|move: Protect
|-miss|p2a: Ninetales|p1a: Incineroar
|move|p2b: Magmar|Clear Smog|p1a: Incineroar
|-damage|p1a: Incineroar|18/100
|-clearboost|p1a: Incineroar
|move|p1a: Incineroar|Knock Off|p2b: Magmar
|-damage|p2b: Magmar|18/100
|-enditem|p2b: Magmar|Eviolite|[from] move: Knock Off|[of] p1a: Incineroar
|
|-weather|RainDance|[upkeep]
|-damage|p2a: Ninetales|1/100 brn|[from] brn
|upkeep
|turn|9
|-message|Aircross360 forfeited.
|
|win|Cristante terabug
