|j|☆Setaton
|j|☆drgnsalt
|html|Setatondrgnsalt    
|uhtml|bestof|Game 1 of a best-of-3
|t:|1757006481
|gametype|doubles
|player|p1|Setaton|volkner|1000
|player|p2|drgnsalt|265|1000
|gen|9
|tier|[Gen 9] VGC 2025 Reg H (Bo3)
|rated|
|rule|Species Clause: Limit one of each Pokémon
|rule|Item Clause: Limit 1 of each item
|clearpoke
|poke|p1|Sneasler, L50, F|
|poke|p1|Rillaboom, L50, F|
|poke|p1|Electabuzz, L50, F|
|poke|p1|Dragonite, L50, M|
|poke|p1|Volcarona, L50, F|
|poke|p1|Kingambit, L50, F|
|poke|p2|Torkoal, L50, F|
|poke|p2|Lilligant-Hisui, L50, F|
|poke|p2|Whimsicott, L50, M|
|poke|p2|Charizard, L50, M|
|poke|p2|Conkeldurr, L50, M|
|poke|p2|Arcanine-Hisui, L50, F|
|teampreview|4
|showteam|p1|Sneasler||FocusSash|PoisonTouch|CloseCombat,DireClaw,Coaching,FakeOut|||F|||50|,,,,,Ghost]Rillaboom||AssaultVest|GrassySurge|WoodHammer,GrassyGlide,HighHorsepower,FakeOut|||F|||50|,,,,,Fire]Electabuzz||Eviolite|VitalSpirit|Electroweb,Taunt,Protect,FollowMe|||F|||50|,,,,,Fairy]Dragonite||LoadedDice|Multiscale|ScaleShot,ExtremeSpeed,Haze,Tailwind|||M|||50|,,,,,Fairy]Volcarona||Leftovers|FlameBody|HeatWave,TeraBlast,QuiverDance,Protect|||F|||50|,,,,,Fairy]Kingambit||BlackGlasses|Defiant|KowtowCleave,SuckerPunch,SwordsDance,Protect|||F|||50|,,,,,Dark
|showteam|p2|Torkoal||ChoiceSpecs|Drought|Eruption,Yawn,EarthPower,Overheat|||F|||50|,,,,,Fire]Lilligant-Hisui||FocusSash|Chlorophyll|AfterYou,SleepPowder,CloseCombat,PetalBlizzard|||F|||50|,,,,,Fire]Whimsicott||CovertCloak|Prankster|Tailwind,Taunt,Encore,Moonblast|||M|||50|,,,,,Grass]Charizard||LifeOrb|SolarPower|HeatWave,Protect,SolarBeam,ScorchingSands|||M|||50|,,,,,Ground]Conkeldurr||AssaultVest|IronFist|HammerArm,KnockOff,FirePunch,Protect|||M|||50|,,,,,Fighting]Arcanine-Hisui||ChoiceBand|Intimidate|CloseCombat,RockSlide,FlareBlitz,RagingFury|||F|||50|,,,,,Fighting
|inactive|Battle timer is ON: inactive players will automatically lose when time's up. (requested by Setaton)
|
|t:|1757006509
|teamsize|p1|4
|teamsize|p2|4
|start
|switch|p1a: Electabuzz|Electabuzz, L50, F|100/100
|switch|p1b: Sneasler|Sneasler, L50, F|100/100
|switch|p2a: Whimsicott|Whimsicott, L50, M|100/100
|switch|p2b: Arcanine|Arcanine-Hisui, L50, F|100/100
|-ability|p2b: Arcanine|Intimidate|boost
|-unboost|p1a: Electabuzz|atk|1
|-unboost|p1b: Sneasler|atk|1
|turn|1
|
|t:|1757006534
|move|p1a: Electabuzz|Follow Me|p1a: Electabuzz
|-singleturn|p1a: Electabuzz|move: Follow Me
|move|p2a: Whimsicott|Tailwind|p2a: Whimsicott
|-sidestart|p2: drgnsalt|move: Tailwind
|move|p2b: Arcanine|Rock Slide|p1a: Electabuzz|[spread] p1b
|-miss|p2b: Arcanine|p1a: Electabuzz
|-resisted|p1b: Sneasler
|-damage|p1b: Sneasler|68/100
|move|p1b: Sneasler|Dire Claw|p2a: Whimsicott
|-supereffective|p2a: Whimsicott
|-damage|p2a: Whimsicott|7/100
|
|upkeep
|turn|2
|inactive|Setaton has 30 seconds left.
|
|t:|1757006563
|switch|p1b: Dragonite|Dragonite, L50, M|100/100
|move|p2a: Whimsicott|Taunt|p1a: Electabuzz
|-start|p1a: Electabuzz|move: Taunt
|move|p2b: Arcanine|Rock Slide|p1b: Dragonite|[spread] p1a
|-miss|p2b: Arcanine|p1b: Dragonite
|-damage|p1a: Electabuzz|69/100
|move|p1a: Electabuzz|Electroweb|p2a: Whimsicott|[spread] p2a
|-miss|p1a: Electabuzz|p2b: Arcanine
|-resisted|p2a: Whimsicott
|-damage|p2a: Whimsicott|0 fnt
|faint|p2a: Whimsicott
|
|upkeep
|
|t:|1757006578
|switch|p2a: Lilligant|Lilligant-Hisui, L50, F, shiny|100/100
|turn|3
|
|t:|1757006602
|switch|p1a: Volcarona|Volcarona, L50, F|100/100
|move|p2a: Lilligant|Close Combat|p1a: Volcarona
|-resisted|p1a: Volcarona
|-damage|p1a: Volcarona|69/100
|-unboost|p2a: Lilligant|def|1
|-unboost|p2a: Lilligant|spd|1
|move|p2b: Arcanine|Rock Slide|p1b: Dragonite|[spread] p1a,p1b
|-supereffective|p1a: Volcarona
|-supereffective|p1b: Dragonite
|-damage|p1a: Volcarona|0 fnt
|-damage|p1b: Dragonite|59/100
|faint|p1a: Volcarona
|move|p1b: Dragonite|Scale Shot|p2a: Lilligant
|-damage|p2a: Lilligant|69/100
|-damage|p2a: Lilligant|33/100
|-damage|p2a: Lilligant|0 fnt
|faint|p2a: Lilligant
|-hitcount|p2: Lilligant|3
|-unboost|p1b: Dragonite|def|1
|-boost|p1b: Dragonite|spe|1
|
|upkeep
|inactive|Setaton has 30 seconds left.
|
|t:|1757006633
|switch|p2a: Torkoal|Torkoal, L50, F|100/100
|switch|p1a: Sneasler|Sneasler, L50, F|68/100
|-weather|SunnyDay|[from] ability: Drought|[of] p2a: Torkoal
|turn|4
|inactive|Setaton has 30 seconds left.
|
|t:|1757006659
|switch|p1b: Electabuzz|Electabuzz, L50, F|69/100
|-terastallize|p2a: Torkoal|Fire
|move|p1a: Sneasler|Fake Out|p2a: Torkoal
|-damage|p2a: Torkoal|90/100
|move|p2b: Arcanine|Rock Slide|p1b: Electabuzz|[spread] p1a,p1b
|-resisted|p1a: Sneasler
|-damage|p1a: Sneasler|36/100
|-damage|p1b: Electabuzz|32/100
|cant|p2a: Torkoal|flinch
|
|-weather|SunnyDay|[upkeep]
|-sideend|p2: drgnsalt|move: Tailwind
|upkeep
|turn|5
|inactive|Setaton has 30 seconds left.
|
|t:|1757006687
|move|p1b: Electabuzz|Protect|p1b: Electabuzz
|-singleturn|p1b: Electabuzz|Protect
|move|p1a: Sneasler|Close Combat|p2a: Torkoal
|-damage|p2a: Torkoal|46/100
|-unboost|p1a: Sneasler|def|1
|-unboost|p1a: Sneasler|spd|1
|-status|p2a: Torkoal|psn|[from] ability: Poison Touch|[of] p1a: Sneasler
|move|p2b: Arcanine|Rock Slide|p1a: Sneasler|[spread] p1a
|-activate|p1b: Electabuzz|move: Protect
|-resisted|p1a: Sneasler
|-damage|p1a: Sneasler|0 fnt
|faint|p1a: Sneasler
|move|p2a: Torkoal|Eruption|p1b: Electabuzz
|-activate|p1b: Electabuzz|move: Protect
|
|-weather|SunnyDay|[upkeep]
|-damage|p2a: Torkoal|33/100 psn|[from] psn
|upkeep
|
|t:|1757006704
|switch|p1a: Dragonite|Dragonite, L50, M|59/100
|turn|6
|inactive|Setaton has 30 seconds left.
|inactive|Setaton has 20 seconds left.
|
|t:|1757006742
|-terastallize|p1a: Dragonite|Fairy
|move|p2b: Arcanine|Rock Slide|p1b: Electabuzz|[spread] p1a,p1b
|-damage|p1a: Dragonite|9/100
|-damage|p1b: Electabuzz|0 fnt
|faint|p1b: Electabuzz
|move|p1a: Dragonite|Scale Shot|p2b: Arcanine|[miss]
|-miss|p1a: Dragonite|p2b: Arcanine
|move|p2a: Torkoal|Eruption|p1a: Dragonite
|-damage|p1a: Dragonite|0 fnt
|faint|p1a: Dragonite
|
|win|drgnsalt
|inactive|Setaton has 30 seconds to confirm battle start!
|inactive|drgnsalt has 30 seconds to confirm battle start!
