|j|☆kimius64
|html|ziopiripillokimius64    
|uhtml|bestof|Game 3 of a best-of-3
|t:|1782221467
|gametype|doubles
|player|p1|ziopiripillo|drayden|1092
|player|p2|kimius64|iris-gen5bw2|1171
|gen|9
|tier|[Gen 9 Champions] VGC 2026 Reg M-B (Bo3)
|rated|
|rule|Species Clause: Limit one of each Pokémon
|rule|Item Clause: Limit 1 of each item
|clearpoke
|poke|p1|Kommo-o, L50, M|
|poke|p1|Swampert, L50, F|
|poke|p1|Sinistcha, L50|
|poke|p1|Pelipper, L50, M|
|poke|p1|Sableye, L50, M|
|poke|p1|Mawile, L50, F|
|poke|p2|Sneasler, L50, M|
|poke|p2|Mawile, L50, F, shiny|
|poke|p2|Sinistcha, L50|
|poke|p2|Delphox, L50, F|
|poke|p2|Whimsicott, L50, M, shiny|
|poke|p2|Garchomp, L50, F|
|teampreview|4
|showteam|p1|Kommo-o||SitrusBerry|Soundproof|ClangingScales,ClangorousSoul,Protect,AuraSphere|Modest||M|||50|]Swampert||Swampertite|Torrent|IcePunch,Earthquake,WaveCrash,Protect|Brave||F|||50|]Sinistcha||FocusSash|Hospitality|RagePowder,LifeDew,MatchaGotcha,TrickRoom|Serious|||||50|]Pelipper||ChartiBerry|Drizzle|Hurricane,Tailwind,Protect,WeatherBall|Serious||M|||50|]Sableye||LifeOrb|Prankster|FakeOut,Trick,Disable,Encore|Careful||M|||50|]Mawile||Mawilite|Intimidate|PlayRough,IronHead,Protect,SuckerPunch|Brave||F|||50|
|showteam|p2|Sneasler||WhiteHerb|Unburden|FakeOut,CloseCombat,DireClaw,Coaching|Jolly||M|||50|]Mawile||Mawilite|HyperCutter|SuckerPunch,PlayRough,Protect,SwordsDance|Brave||F|||50|]Sinistcha||CobaBerry|Hospitality|TrickRoom,LifeDew,LeafStorm,RagePowder|Sassy|||||50|]Delphox||Delphoxite|Blaze|CalmMind,Protect,HeatWave,Psychic|Timid||F|||50|]Whimsicott||FocusSash|Prankster|Tailwind,Moonblast,SunnyDay,Protect|Timid||M|||50|]Garchomp||LifeOrb|RoughSkin|Earthquake,DragonClaw,RockSlide,Protect|Jolly||F|||50|
|inactive|Battle timer is ON: inactive players will automatically lose when time's up. (requested by kimius64)
|inactive|ziopiripillo disconnected and has a minute to reconnect!
|j|☆ziopiripillo
|inactive|ziopiripillo reconnected and has 85 seconds left.
|player|p1|ziopiripillo|drayden|
|
|t:|1782221631
|teamsize|p1|4
|teamsize|p2|4
|start
|switch|p1a: Kommo-o|Kommo-o, L50, M|100/100
|switch|p1b: Sableye|Sableye, L50, M|100/100
|switch|p2a: Mawile|Mawile, L50, F, shiny|100/100
|switch|p2b: Sneasler|Sneasler, L50, M|100/100
|turn|1
|inactive|kimius64 has 30 seconds left.
|
|t:|1782221662
|detailschange|p2a: Mawile|Mawile-Mega, L50, F, shiny
|-mega|p2a: Mawile|Mawile|Mawilite
|move|p1a: Kommo-o|Protect|p1a: Kommo-o
|-singleturn|p1a: Kommo-o|Protect
|move|p1b: Sableye|Fake Out|p2b: Sneasler
|-damage|p2b: Sneasler|81/100
|-damage|p1b: Sableye|90/100|[from] item: Life Orb
|cant|p2b: Sneasler|flinch
|move|p2a: Mawile|Play Rough|p1b: Sableye
|-supereffective|p1b: Sableye|1
|-damage|p1b: Sableye|0 fnt
|faint|p1b: Sableye
|
|upkeep
|
|t:|1782221678
|switch|p1b: Sinistcha|Sinistcha, L50|100/100
|turn|2
|
|t:|1782221687
|move|p1b: Sinistcha|Rage Powder|p1b: Sinistcha
|-singleturn|p1b: Sinistcha|move: Rage Powder
|move|p2b: Sneasler|Coaching|p2a: Mawile
|-boost|p2a: Mawile|atk|1
|-boost|p2a: Mawile|def|1
|move|p1a: Kommo-o|Clangorous Soul|p1a: Kommo-o
|-boost|p1a: Kommo-o|atk|1
|-boost|p1a: Kommo-o|def|1
|-boost|p1a: Kommo-o|spa|1
|-boost|p1a: Kommo-o|spd|1
|-boost|p1a: Kommo-o|spe|1
|-damage|p1a: Kommo-o|67/100
|move|p2a: Mawile|Play Rough|p1b: Sinistcha
|-enditem|p1b: Sinistcha|Focus Sash
|-damage|p1b: Sinistcha|1/100
|
|upkeep
|turn|3
|inactive|ziopiripillo has 30 seconds left.
|
|t:|1782221721
|move|p2a: Mawile|Protect|p2a: Mawile
|-singleturn|p2a: Mawile|Protect
|move|p1b: Sinistcha|Rage Powder|p1b: Sinistcha
|-singleturn|p1b: Sinistcha|move: Rage Powder
|move|p2b: Sneasler|Dire Claw|p1b: Sinistcha
|-damage|p1b: Sinistcha|0 fnt
|faint|p1b: Sinistcha
|move|p1a: Kommo-o|Aura Sphere|p2a: Mawile
|-activate|p2a: Mawile|move: Protect
|
|upkeep
|
|t:|1782221732
|switch|p1b: Swampert|Swampert, L50, F|100/100
|turn|4
|
|t:|1782221755
|detailschange|p1b: Swampert|Swampert-Mega, L50, F
|-mega|p1b: Swampert|Swampert|Swampertite
|move|p2a: Mawile|Sucker Punch|p1b: Swampert
|-damage|p1b: Swampert|46/100
|move|p2b: Sneasler|Close Combat|p1b: Swampert
|-damage|p1b: Swampert|0 fnt
|-unboost|p2b: Sneasler|def|1
|-unboost|p2b: Sneasler|spd|1
|faint|p1b: Swampert
|-enditem|p2b: Sneasler|White Herb
|-clearnegativeboost|p2b: Sneasler|[silent]
|move|p1a: Kommo-o|Clangorous Soul|p1a: Kommo-o
|-boost|p1a: Kommo-o|atk|1
|-boost|p1a: Kommo-o|def|1
|-boost|p1a: Kommo-o|spa|1
|-boost|p1a: Kommo-o|spd|1
|-boost|p1a: Kommo-o|spe|1
|-damage|p1a: Kommo-o|34/100
|-enditem|p1a: Kommo-o|Sitrus Berry|[eat]
|-heal|p1a: Kommo-o|59/100|[from] item: Sitrus Berry
|
|upkeep
|turn|5
|
|t:|1782221775
|move|p1a: Kommo-o|Protect|p1a: Kommo-o
|-singleturn|p1a: Kommo-o|Protect
|move|p2a: Mawile|Protect|p2a: Mawile
|-singleturn|p2a: Mawile|Protect
|move|p2b: Sneasler|Close Combat|p1a: Kommo-o
|-activate|p1a: Kommo-o|move: Protect
|
|upkeep
|turn|6
|
|t:|1782221794
|move|p2a: Mawile|Sucker Punch|p1a: Kommo-o
|-resisted|p1a: Kommo-o|1
|-damage|p1a: Kommo-o|44/100
|move|p2b: Sneasler|Close Combat|p1a: Kommo-o
|-damage|p1a: Kommo-o|14/100
|-unboost|p2b: Sneasler|def|1
|-unboost|p2b: Sneasler|spd|1
|move|p1a: Kommo-o|Aura Sphere|p2a: Mawile
|-damage|p2a: Mawile|2/100
|
|upkeep
|turn|7
|-message|ziopiripillo forfeited.
|
|win|kimius64
|raw|ziopiripillo's rating: 1092 → 1074(-18 for losing)
|raw|kimius64's rating: 1171 → 1190(+19 for winning)
|l|☆ziopiripillo
|player|p1|
