|j|☆Schmixed_007
|j|☆Durugista
|html|Schmixed_007Durugista    
|uhtml|bestof|Game 2 of a best-of-3
|t:|1785259682
|gametype|doubles
|player|p1|Schmixed_007|1|1365
|player|p2|Durugista|1|1313
|gen|9
|tier|[Gen 9 Champions] VGC 2026 Reg M-B (Bo3)
|rated|
|rule|Species Clause: Limit one of each Pokémon
|rule|Item Clause: Limit 1 of each item
|clearpoke
|poke|p1|Whimsicott, L50, M, shiny|
|poke|p1|Delphox, L50, F|
|poke|p1|Staraptor, L50, F|
|poke|p1|Kingambit, L50, F|
|poke|p1|Glimmora, L50, F|
|poke|p1|Garchomp, L50, F|
|poke|p2|Alakazam, L50, F|
|poke|p2|Meowstic, L50, M|
|poke|p2|Annihilape, L50, F|
|poke|p2|Whimsicott, L50, M|
|poke|p2|Metagross, L50|
|poke|p2|Drampa, L50, F|
|teampreview|4
|showteam|p1|Whimsicott||OccaBerry|Prankster|Tailwind,Moonblast,Charm,SunnyDay|Timid||M|||50|]Delphox||Delphoxite|Blaze|HeatWave,Psyshock,Substitute,Protect|Modest||F|||50|]Staraptor||Staraptite|Intimidate|CloseCombat,BraveBird,Roost,Protect|Jolly||F|||50|]Kingambit||ChopleBerry|Defiant|KowtowCleave,SuckerPunch,LowKick,IronHead|Adamant||F|||50|]Glimmora||FocusSash|ToxicDebris|PowerGem,SludgeBomb,EarthPower,SpikyShield|Timid||F|||50|]Garchomp||LifeOrb|RoughSkin|Earthquake,RockSlide,DragonClaw,Protect|Jolly||F|||50|
|showteam|p2|Alakazam||Alakazite|Synchronize|ExpandingForce,Protect,DazzlingGleam,Encore|Serious||F|||50|]Meowstic||FocusSash|Prankster|PsychicTerrain,FakeOut,ThunderWave,ExpandingForce|Calm||M|||50|]Annihilape||Leftovers|VitalSpirit|StormThrow,ShadowClaw,Protect,BulkUp|Jolly||F|||50|]Whimsicott||LifeOrb|Prankster|Tailwind,TrickRoom,Moonblast,Encore|Modest||M|||50|]Metagross||Metagrossite|ClearBody|IronHead,PsychicFangs,StompingTantrum,Protect|Jolly|||||50|]Drampa||ExpertBelt|CloudNine|DragonPulse,Snarl,Protect,EarthPower|Quiet||F|||50|
|inactive|Battle timer is ON: inactive players will automatically lose when time's up. (requested by Durugista)
|inactive|Schmixed_007 has 60 seconds left.
|
|t:|1785259715
|teamsize|p1|4
|teamsize|p2|4
|start
|switch|p1a: Delphox|Delphox, L50, F|100/100
|switch|p1b: Whimsicott|Whimsicott, L50, M, shiny|100/100
|switch|p2a: Meowstic|Meowstic, L50, M|100/100
|switch|p2b: Annihilape|Annihilape, L50, F|100/100
|turn|1
|
|t:|1785259730
|detailschange|p1a: Delphox|Delphox-Mega, L50, F
|-mega|p1a: Delphox|Delphox|Delphoxite
|move|p1a: Delphox|Protect|p1a: Delphox
|-singleturn|p1a: Delphox|Protect
|move|p2a: Meowstic|Fake Out|p1b: Whimsicott
|-damage|p1b: Whimsicott|92/100
|cant|p1b: Whimsicott|flinch
|move|p2b: Annihilape|Shadow Claw|p1a: Delphox
|-activate|p1a: Delphox|move: Protect
|
|upkeep
|turn|2
|
|t:|1785259753
|move|p1b: Whimsicott|Charm|p2b: Annihilape
|-unboost|p2b: Annihilape|atk|2
|move|p2a: Meowstic|Thunder Wave|p1a: Delphox|[miss]
|-miss|p2a: Meowstic|p1a: Delphox
|move|p1a: Delphox|Heat Wave|p2b: Annihilape|[spread] p2a,p2b
|-damage|p2a: Meowstic|60/100
|-damage|p2b: Annihilape|56/100
|move|p2b: Annihilape|Shadow Claw|p1a: Delphox
|-supereffective|p1a: Delphox|1
|-damage|p1a: Delphox|53/100
|
|-heal|p2b: Annihilape|62/100|[from] item: Leftovers
|upkeep
|turn|3
|c|☆Durugista|oh shit
|c|☆Durugista|i have vital spirit lol
|
|t:|1785259775
|move|p1b: Whimsicott|Sunny Day|p1b: Whimsicott
|-weather|SunnyDay
|move|p2a: Meowstic|Psychic Terrain|p2a: Meowstic
|-fieldstart|move: Psychic Terrain
|move|p1a: Delphox|Heat Wave|p2b: Annihilape|[spread] p2a
|-miss|p1a: Delphox|p2b: Annihilape
|-damage|p2a: Meowstic|6/100
|move|p2b: Annihilape|Shadow Claw|p1a: Delphox
|-supereffective|p1a: Delphox|1
|-damage|p1a: Delphox|11/100
|
|-weather|SunnyDay|[upkeep]
|-heal|p2b: Annihilape|67/100|[from] item: Leftovers
|upkeep
|turn|4
|
|t:|1785259791
|move|p2b: Annihilape|Protect|p2b: Annihilape
|-singleturn|p2b: Annihilape|Protect
|move|p1b: Whimsicott|Tailwind|p1b: Whimsicott
|-sidestart|p1: Schmixed_007|move: Tailwind
|move|p2a: Meowstic|Thunder Wave|p1a: Delphox
|-status|p1a: Delphox|par
|move|p1a: Delphox|Heat Wave|p2b: Annihilape|[spread] p2a
|-activate|p2b: Annihilape|move: Protect
|-damage|p2a: Meowstic|0 fnt
|faint|p2a: Meowstic
|
|-weather|SunnyDay|[upkeep]
|-heal|p2b: Annihilape|73/100|[from] item: Leftovers
|upkeep
|
|t:|1785259801
|switch|p2a: Whimsicott|Whimsicott, L50, M|100/100
|turn|5
|
|t:|1785259817
|move|p2a: Whimsicott|Tailwind|p2a: Whimsicott
|-sidestart|p2: Durugista|move: Tailwind
|move|p1b: Whimsicott|Moonblast|p2b: Annihilape
|-supereffective|p2b: Annihilape|1
|-damage|p2b: Annihilape|0 fnt
|faint|p2b: Annihilape
|move|p1a: Delphox|Heat Wave|p2a: Whimsicott
|-supereffective|p2a: Whimsicott|1
|-damage|p2a: Whimsicott|0 fnt
|faint|p2a: Whimsicott
|
|-weather|SunnyDay|[upkeep]
|upkeep
|
|t:|1785259825
|switch|p2b: Alakazam|Alakazam, L50, F|100/100
|turn|6
|
|t:|1785259835
|detailschange|p2b: Alakazam|Alakazam-Mega, L50, F
|-mega|p2b: Alakazam|Alakazam|Alakazite
|-ability|p2b: Alakazam|Levitate|Trace|[from] ability: Trace|[of] p1a: Delphox
|move|p2b: Alakazam|Expanding Force|p1a: Delphox
|-resisted|p1a: Delphox|1
|-damage|p1a: Delphox|0 fnt
|faint|p1a: Delphox
|move|p1b: Whimsicott|Moonblast|p2b: Alakazam
|-crit|p2b: Alakazam
|-damage|p2b: Alakazam|26/100
|
|-weather|SunnyDay|[upkeep]
|upkeep
|c|☆Durugista|LOL
|c|☆Durugista|HAHAHA
|c|☆Schmixed_007|wait thats funny lmao
|c|☆Durugista|GGs
|
|t:|1785259855
|switch|p1a: Kingambit|Kingambit, L50, F|100/100
|turn|7
|c|☆Schmixed_007|GGs
|c|☆Durugista|I WAS TRYING ALAKAZAM
|c|☆Durugista|I THINK HE'S NOT IN THE META RN
|
|t:|1785259874
|move|p1a: Kingambit|Sucker Punch|p2b: Alakazam
|-hint|Psychic Terrain doesn't affect airborne Pokémon.
|-supereffective|p2b: Alakazam|1
|-damage|p2b: Alakazam|0 fnt
|faint|p2b: Alakazam
|
|win|Schmixed_007
|raw|Schmixed_007's rating: 1365 → 1382(+17 for winning)
|raw|Durugista's rating: 1313 → 1296(-17 for losing)
|l|☆Durugista
|player|p2|
|c|☆Schmixed_007|yeah probably lol
