|j|☆x-demon18
|j|☆marin le paon
|html|x-demon18marin le paon    
|uhtml|bestof|Game 2 of a best-of-3
|t:|1783940514
|gametype|doubles
|player|p1|x-demon18|lucas|1286
|player|p2|marin le paon|169|1177
|gen|9
|tier|[Gen 9 Champions] VGC 2026 Reg M-B (Bo3)
|rated|
|rule|Species Clause: Limit one of each Pokémon
|rule|Item Clause: Limit 1 of each item
|clearpoke
|poke|p1|Incineroar, L50, F|
|poke|p1|Rotom-Wash, L50|
|poke|p1|Venusaur, L50, F|
|poke|p1|Garchomp, L50, M|
|poke|p1|Sylveon, L50, F|
|poke|p1|Corviknight, L50, F|
|poke|p2|Excadrill, L50, M|
|poke|p2|Altaria, L50, M|
|poke|p2|Grimmsnarl, L50, M|
|poke|p2|Venusaur, L50, F|
|poke|p2|Milotic, L50, F|
|poke|p2|Incineroar, L50, M|
|teampreview|4
|showteam|p1|Incineroar||ExpertBelt|Intimidate|FakeOut,TemperFlare,ThroatChop,PartingShot|Adamant||F|||50|]Rotom-Wash||SitrusBerry|Levitate|HydroPump,Electroweb,WillOWisp,VoltSwitch|Modest|||||50|]Venusaur||Venusaurite|Chlorophyll|GigaDrain,SludgeBomb,EarthPower,Protect|Modest||F|||50|]Garchomp||LifeOrb|RoughSkin|RockSlide,DragonClaw,StompingTantrum,Protect|Jolly||M|||50|]Sylveon||FairyFeather|Pixilate|HyperVoice,QuickAttack,Yawn,Detect|Modest||F|||50|]Corviknight||OccaBerry|MirrorArmor|Tailwind,BraveBird,IronHead,BodyPress|Careful||F|||50|
|showteam|p2|Excadrill||Excadrite|SandRush|HornDrill,StompingTantrum,IronHead,Protect|Jolly||M|||50|]Altaria||RoseliBerry|CloudNine|DragonPulse,WillOWisp,Tailwind,Roost|Impish||M|||50|]Grimmsnarl||LightClay|Prankster|SpiritBreak,LightScreen,Reflect,PartingShot|Bold||M|||50|]Venusaur||Venusaurite|Overgrow|GigaDrain,SludgeBomb,EarthPower,Protect|Modest||F|||50|]Milotic||Leftovers|Competitive|MuddyWater,Hypnosis,Coil,Protect|Modest||F|||50|]Incineroar||SitrusBerry|Intimidate|FlareBlitz,DarkestLariat,FakeOut,PartingShot|Careful||M|||50|
|
|t:|1783940546
|teamsize|p1|4
|teamsize|p2|4
|start
|switch|p1a: Griffith|Corviknight, L50, F|100/100
|switch|p1b: HydroVolt|Rotom-Wash, L50|100/100
|switch|p2a: Milotic|Milotic, L50, F|100/100
|switch|p2b: Grimmsnarl|Grimmsnarl, L50, M|100/100
|turn|1
|inactive|Battle timer is ON: inactive players will automatically lose when time's up. (requested by marin le paon)
|
|t:|1783940570
|move|p2a: Milotic|Protect|p2a: Milotic
|-singleturn|p2a: Milotic|Protect
|move|p1b: HydroVolt|Volt Switch|p2a: Milotic
|-activate|p2a: Milotic|move: Protect
|move|p1a: Griffith|Iron Head|p2a: Milotic
|-activate|p2a: Milotic|move: Protect
|move|p2b: Grimmsnarl|Spirit Break|p1b: HydroVolt
|-damage|p1b: HydroVolt|68/100
|-unboost|p1b: HydroVolt|spa|1
|
|upkeep
|turn|2
|
|t:|1783940587
|move|p2b: Grimmsnarl|Light Screen|p2b: Grimmsnarl
|-sidestart|p2: marin le paon|move: Light Screen
|move|p1b: HydroVolt|Volt Switch|p2a: Milotic
|-supereffective|p2a: Milotic|1
|-damage|p2a: Milotic|79/100
|
|t:|1783940592
|switch|p1b: Yggdrasil|Venusaur, L50, F|100/100|[from] Volt Switch
|move|p2a: Milotic|Coil|p2a: Milotic
|-boost|p2a: Milotic|atk|1
|-boost|p2a: Milotic|def|1
|-boost|p2a: Milotic|accuracy|1
|move|p1a: Griffith|Tailwind|p1a: Griffith
|-sidestart|p1: x-demon18|move: Tailwind
|
|-heal|p2a: Milotic|85/100|[from] item: Leftovers
|upkeep
|turn|3
|inactive|marin le paon has 30 seconds left.
|
|t:|1783940622
|detailschange|p1b: Yggdrasil|Venusaur-Mega, L50, F
|-mega|p1b: Yggdrasil|Venusaur|Venusaurite
|move|p2b: Grimmsnarl|Parting Shot|p1b: Yggdrasil
|-unboost|p1b: Yggdrasil|atk|1
|-unboost|p1b: Yggdrasil|spa|1
|
|t:|1783940627
|switch|p2b: Altaria|Altaria, L50, M|100/100|[from] Parting Shot
|-ability|p2b: Altaria|Cloud Nine
|move|p1b: Yggdrasil|Sludge Bomb|p2b: Altaria
|-damage|p2b: Altaria|78/100
|-status|p2b: Altaria|psn
|move|p1a: Griffith|Iron Head|p2b: Altaria
|-damage|p2b: Altaria|49/100 psn
|move|p2a: Milotic|Hypnosis|p1b: Yggdrasil|[miss]
|-miss|p2a: Milotic|p1b: Yggdrasil
|
|-heal|p2a: Milotic|91/100|[from] item: Leftovers
|-damage|p2b: Altaria|37/100 psn|[from] psn
|upkeep
|turn|4
|inactive|x-demon18 has 30 seconds left.
|inactive|marin le paon has 30 seconds left.
|
|t:|1783940661
|move|p1b: Yggdrasil|Giga Drain|p2a: Milotic
|-supereffective|p2a: Milotic|1
|-damage|p2a: Milotic|64/100
|move|p1a: Griffith|Iron Head|p2a: Milotic
|-resisted|p2a: Milotic|1
|-damage|p2a: Milotic|55/100
|move|p2b: Altaria|Will-O-Wisp|p1a: Griffith
|-status|p1a: Griffith|brn
|move|p2a: Milotic|Coil|p2a: Milotic
|-boost|p2a: Milotic|atk|1
|-boost|p2a: Milotic|def|1
|-boost|p2a: Milotic|accuracy|1
|
|-heal|p2a: Milotic|62/100|[from] item: Leftovers
|-damage|p2b: Altaria|25/100 psn|[from] psn
|-damage|p1a: Griffith|94/100 brn|[from] brn
|upkeep
|turn|5
|inactive|x-demon18 has 30 seconds left.
|inactive|marin le paon has 30 seconds left.
|
|t:|1783940692
|move|p1b: Yggdrasil|Sludge Bomb|p2a: Milotic
|-damage|p2a: Milotic|47/100
|move|p1a: Griffith|Iron Head|p2b: Altaria
|-damage|p2b: Altaria|12/100 psn
|move|p2b: Altaria|Tailwind|p2b: Altaria
|-sidestart|p2: marin le paon|move: Tailwind
|move|p2a: Milotic|Muddy Water|p1a: Griffith|[spread] p1a,p1b
|-resisted|p1b: Yggdrasil|1
|-damage|p1a: Griffith|73/100 brn
|-damage|p1b: Yggdrasil|89/100
|-ability|p1a: Griffith|Mirror Armor
|-unboost|p2a: Milotic|accuracy|1
|-ability|p2a: Milotic|Competitive|boost
|-boost|p2a: Milotic|spa|2
|
|-heal|p2a: Milotic|53/100|[from] item: Leftovers
|-damage|p2b: Altaria|0 fnt|[from] psn
|faint|p2b: Altaria
|-damage|p1a: Griffith|68/100 brn|[from] brn
|-sideend|p1: x-demon18|move: Tailwind
|upkeep
|inactive|marin le paon has 30 seconds left.
|
|t:|1783940721
|switch|p2b: Grimmsnarl|Grimmsnarl, L50, M|100/100
|turn|6
|
|t:|1783940734
|move|p1b: Yggdrasil|Protect|p1b: Yggdrasil
|-singleturn|p1b: Yggdrasil|Protect
|move|p2b: Grimmsnarl|Reflect|p2b: Grimmsnarl
|-sidestart|p2: marin le paon|Reflect
|move|p2a: Milotic|Hypnosis|p1b: Yggdrasil
|-activate|p1b: Yggdrasil|move: Protect
|move|p1a: Griffith|Tailwind|p1a: Griffith
|-sidestart|p1: x-demon18|move: Tailwind
|
|-heal|p2a: Milotic|59/100|[from] item: Leftovers
|-damage|p1a: Griffith|62/100 brn|[from] brn
|upkeep
|turn|7
|inactive|x-demon18 has 30 seconds left.
|
|t:|1783940765
|switch|p1b: HydroVolt|Rotom-Wash, L50|68/100
|move|p2a: Milotic|Muddy Water|p1a: Griffith|[spread] p1a,p1b
|-resisted|p1b: HydroVolt|1
|-damage|p1a: Griffith|17/100 brn
|-damage|p1b: HydroVolt|41/100
|-enditem|p1b: HydroVolt|Sitrus Berry|[eat]
|-heal|p1b: HydroVolt|66/100|[from] item: Sitrus Berry
|move|p1a: Griffith|Iron Head|p2a: Milotic
|-resisted|p2a: Milotic|1
|-damage|p2a: Milotic|57/100
|move|p2b: Grimmsnarl|Spirit Break|p1b: HydroVolt
|-damage|p1b: HydroVolt|39/100
|-unboost|p1b: HydroVolt|spa|1
|
|-heal|p2a: Milotic|63/100|[from] item: Leftovers
|-damage|p1a: Griffith|12/100 brn|[from] brn
|upkeep
|turn|8
|inactive|x-demon18 has 30 seconds left.
|
|t:|1783940790
|move|p2b: Grimmsnarl|Parting Shot|p1b: HydroVolt
|-unboost|p1b: HydroVolt|atk|1
|-unboost|p1b: HydroVolt|spa|1
|
|t:|1783940794
|switch|p2b: Venusaur|Venusaur, L50, F|100/100|[from] Parting Shot
|move|p1b: HydroVolt|Will-O-Wisp|p2a: Milotic
|-status|p2a: Milotic|brn
|move|p2a: Milotic|Muddy Water|p1a: Griffith|[spread] p1a,p1b
|-resisted|p1b: HydroVolt|1
|-damage|p1a: Griffith|0 fnt
|-damage|p1b: HydroVolt|12/100
|faint|p1a: Griffith
|
|-heal|p2a: Milotic|69/100 brn|[from] item: Leftovers
|-damage|p2a: Milotic|63/100 brn|[from] brn
|-sideend|p2: marin le paon|move: Tailwind
|upkeep
|
|t:|1783940815
|switch|p1a: Yggdrasil|Venusaur-Mega, L50, F|89/100
|turn|9
|inactive|marin le paon has 30 seconds left.
|
|t:|1783940845
|detailschange|p2b: Venusaur|Venusaur-Mega, L50, F
|-mega|p2b: Venusaur|Venusaur|Venusaurite
|move|p2a: Milotic|Protect|p2a: Milotic
|-singleturn|p2a: Milotic|Protect
|move|p1a: Yggdrasil|Giga Drain|p2a: Milotic
|-activate|p2a: Milotic|move: Protect
|move|p1b: HydroVolt|Volt Switch|p2a: Milotic
|-activate|p2a: Milotic|move: Protect
|move|p2b: Venusaur|Sludge Bomb|p1b: HydroVolt
|-crit|p1b: HydroVolt
|-damage|p1b: HydroVolt|0 fnt
|faint|p1b: HydroVolt
|
|-heal|p2a: Milotic|69/100 brn|[from] item: Leftovers
|-damage|p2a: Milotic|63/100 brn|[from] brn
|-sideend|p2: marin le paon|move: Light Screen
|-sideend|p1: x-demon18|move: Tailwind
|upkeep
|
|t:|1783940863
|switch|p1b: Wolverine|Incineroar, L50, F|100/100
|-ability|p1b: Wolverine|Intimidate|boost
|-unboost|p2a: Milotic|atk|1
|-ability|p2a: Milotic|Competitive|boost
|-boost|p2a: Milotic|spa|2
|-unboost|p2b: Venusaur|atk|1
|turn|10
|
|t:|1783940876
|move|p1b: Wolverine|Fake Out|p2a: Milotic
|-damage|p2a: Milotic|59/100 brn
|move|p1a: Yggdrasil|Giga Drain|p2a: Milotic
|-supereffective|p2a: Milotic|1
|-damage|p2a: Milotic|0 fnt
|-heal|p1a: Yggdrasil|100/100|[from] drain|[of] p2a: Milotic
|faint|p2a: Milotic
|move|p2b: Venusaur|Earth Power|p1b: Wolverine
|-supereffective|p1b: Wolverine|1
|-damage|p1b: Wolverine|51/100
|
|upkeep
|
|t:|1783940887
|switch|p2a: Grimmsnarl|Grimmsnarl, L50, M|100/100
|turn|11
|
|t:|1783940905
|move|p2b: Venusaur|Protect|p2b: Venusaur
|-singleturn|p2b: Venusaur|Protect
|move|p2a: Grimmsnarl|Light Screen|p2a: Grimmsnarl
|-sidestart|p2: marin le paon|move: Light Screen
|move|p1a: Yggdrasil|Earth Power|p2b: Venusaur
|-activate|p2b: Venusaur|move: Protect
|move|p1b: Wolverine|Temper Flare|p2b: Venusaur
|-activate|p2b: Venusaur|move: Protect
|
|upkeep
|turn|12
|inactive|marin le paon has 30 seconds left.
|inactive|x-demon18 has 30 seconds left.
|inactive|marin le paon has 20 seconds left.
|inactive|marin le paon has 15 seconds left.
|
|t:|1783940947
|move|p1a: Yggdrasil|Earth Power|p2b: Venusaur
|-damage|p2b: Venusaur|85/100
|-unboost|p2b: Venusaur|spd|1
|move|p2b: Venusaur|Earth Power|p1b: Wolverine
|-supereffective|p1b: Wolverine|1
|-damage|p1b: Wolverine|0 fnt
|faint|p1b: Wolverine
|move|p2a: Grimmsnarl|Spirit Break|p1a: Yggdrasil
|-resisted|p1a: Yggdrasil|1
|-damage|p1a: Yggdrasil|88/100
|-unboost|p1a: Yggdrasil|spa|1
|
|upkeep
|turn|13
|
|t:|1783940964
|move|p1a: Yggdrasil|Earth Power|p2b: Venusaur
|-damage|p2b: Venusaur|69/100
|move|p2b: Venusaur|Earth Power|p1a: Yggdrasil
|-damage|p1a: Yggdrasil|62/100
|move|p2a: Grimmsnarl|Spirit Break|p1a: Yggdrasil
|-resisted|p1a: Yggdrasil|1
|-damage|p1a: Yggdrasil|51/100
|-unboost|p1a: Yggdrasil|spa|1
|
|-sideend|p2: marin le paon|Reflect
|upkeep
|turn|14
|
|t:|1783940978
|move|p1a: Yggdrasil|Sludge Bomb|p2a: Grimmsnarl
|-supereffective|p2a: Grimmsnarl|1
|-damage|p2a: Grimmsnarl|71/100
|move|p2b: Venusaur|Earth Power|p1a: Yggdrasil
|-damage|p1a: Yggdrasil|25/100
|move|p2a: Grimmsnarl|Spirit Break|p1a: Yggdrasil
|-resisted|p1a: Yggdrasil|1
|-damage|p1a: Yggdrasil|14/100
|-unboost|p1a: Yggdrasil|spa|1
|
|upkeep
|turn|15
|
|t:|1783940994
|move|p1a: Yggdrasil|Sludge Bomb|p2a: Grimmsnarl
|-supereffective|p2a: Grimmsnarl|1
|-damage|p2a: Grimmsnarl|47/100
|move|p2b: Venusaur|Earth Power|p1a: Yggdrasil
|-damage|p1a: Yggdrasil|0 fnt
|faint|p1a: Yggdrasil
|
|win|marin le paon
