|j|☆PabloZH24
|j|☆Eldrazii
|html|PabloZH24Eldrazii    
|uhtml|bestof|Game 3 of a best-of-3
|t:|1757779744
|gametype|doubles
|player|p1|PabloZH24|pokemaniac|
|player|p2|Eldrazii|blue-masters2|
|gen|9
|tier|[Gen 9] VGC 2025 Reg H (Bo3)
|rule|Species Clause: Limit one of each Pokémon
|rule|Item Clause: Limit 1 of each item
|clearpoke
|poke|p1|Archaludon, L50, F|
|poke|p1|Sinistcha, L50|
|poke|p1|Pelipper, L50, F|
|poke|p1|Ursaluna, L50, F|
|poke|p1|Kingambit, L50, F|
|poke|p1|Basculegion, L50, M|
|poke|p2|Ninetales-Alola, L50, M|
|poke|p2|Sneasler, L50, F|
|poke|p2|Ceruledge, L50, F|
|poke|p2|Rillaboom, L50, F|
|poke|p2|Primarina, L50, M|
|poke|p2|Hydreigon, L50, M|
|teampreview|4
|showteam|p1|Archaludon||AssaultVest|Stamina|DracoMeteor,ElectroShot,Snarl,BodyPress|||F|||50|,,,,,Bug]Sinistcha||SitrusBerry|Hospitality|MatchaGotcha,RagePowder,LifeDew,Protect||||||50|,,,,,Water]Pelipper||FocusSash|Drizzle|WeatherBall,Protect,Tailwind,Hurricane|||F|||50|,,,,,Ghost]Ursaluna||FlameOrb|Guts|Facade,HeadlongRush,Earthquake,Protect|||F|||50|,,,,,Ghost]Kingambit||BlackGlasses|Defiant|TeraBlast,SuckerPunch,IronHead,SwordsDance|||F|||50|,,,,,Fairy]Basculegion||LifeOrb|SwiftSwim|WaveCrash,LastRespects,AquaJet,Protect|||M|||50|,,,,,Water
|showteam|p2|Ninetales-Alola||CovertCloak|SnowWarning|Blizzard,AuroraVeil,Encore,Protect|||M|||50|,,,,,Poison]Sneasler||FocusSash|Unburden|DireClaw,CloseCombat,Coaching,Protect|||F|||50|,,,,,Ghost]Ceruledge||ClearAmulet|FlashFire|BitterBlade,Poltergeist,BulkUp,Protect|||F|||50|,,,,,Grass]Rillaboom||AssaultVest|GrassySurge|FakeOut,GrassyGlide,DrumBeating,HighHorsepower|||F|||50|,,,,,Fire]Primarina||ThroatSpray|LiquidVoice|HyperVoice,Moonblast,Haze,Protect|||M|||50|,,,,,Steel]Hydreigon||LifeOrb|Levitate|DracoMeteor,EarthPower,Tailwind,DarkPulse|||M|||50|,,,,,Ghost
|inactive|Battle timer is ON: inactive players will automatically lose when time's up. (requested by Eldrazii)
|inactive|Eldrazii has 60 seconds left.
|inactive|PabloZH24 has 60 seconds left.
|
|t:|1757779796
|teamsize|p1|4
|teamsize|p2|4
|start
|switch|p1a: Archaludon|Archaludon, L50, F|100/100
|switch|p1b: Pelipper|Pelipper, L50, F|100/100
|switch|p2a: Primarina|Primarina, L50, M|100/100
|switch|p2b: Hydreigon|Hydreigon, L50, M|100/100
|-weather|RainDance|[from] ability: Drizzle|[of] p1b: Pelipper
|turn|1
|inactive|PabloZH24 has 30 seconds left.
|inactive|Eldrazii has 30 seconds left.
|inactive|PabloZH24 has 20 seconds left.
|inactive|PabloZH24 has 15 seconds left.
|
|t:|1757779837
|move|p2b: Hydreigon|Draco Meteor|p1a: Archaludon
|-damage|p1a: Archaludon|26/100
|-unboost|p2b: Hydreigon|spa|2
|-ability|p1a: Archaludon|Stamina|boost
|-boost|p1a: Archaludon|def|1
|-damage|p2b: Hydreigon|91/100|[from] item: Life Orb
|move|p1a: Archaludon|Body Press|p2a: Primarina
|-resisted|p2a: Primarina
|-damage|p2a: Primarina|79/100
|move|p1b: Pelipper|Hurricane|p2a: Primarina
|-damage|p2a: Primarina|39/100
|move|p2a: Primarina|Hyper Voice|p1b: Pelipper|[spread] p1a,p1b
|-resisted|p1a: Archaludon
|-resisted|p1b: Pelipper
|-damage|p1a: Archaludon|6/100
|-damage|p1b: Pelipper|58/100
|-ability|p1a: Archaludon|Stamina|boost
|-boost|p1a: Archaludon|def|1
|-enditem|p2a: Primarina|Throat Spray
|-boost|p2a: Primarina|spa|1|[from] item: Throat Spray
|
|-weather|RainDance|[upkeep]
|upkeep
|turn|2
|inactive|PabloZH24 has 30 seconds left.
|inactive|Eldrazii has 30 seconds left.
|
|t:|1757779869
|move|p2a: Primarina|Protect|p2a: Primarina
|-singleturn|p2a: Primarina|Protect
|move|p2b: Hydreigon|Tailwind|p2b: Hydreigon
|-sidestart|p2: Eldrazii|move: Tailwind
|move|p1a: Archaludon|Draco Meteor|p2b: Hydreigon
|-supereffective|p2b: Hydreigon
|-damage|p2b: Hydreigon|0 fnt
|-unboost|p1a: Archaludon|spa|2
|faint|p2b: Hydreigon
|move|p1b: Pelipper|Hurricane|p2a: Primarina
|-activate|p2a: Primarina|move: Protect
|
|-weather|RainDance|[upkeep]
|upkeep
|
|t:|1757779880
|switch|p2b: Ninetales|Ninetales-Alola, L50, M|100/100
|-weather|Snowscape|[from] ability: Snow Warning|[of] p2b: Ninetales
|turn|3
|
|t:|1757779891
|switch|p1b: Basculegion|Basculegion, L50, M|100/100
|move|p2b: Ninetales|Aurora Veil|p2b: Ninetales
|-sidestart|p2: Eldrazii|move: Aurora Veil
|move|p2a: Primarina|Hyper Voice|p1a: Archaludon|[spread] p1a,p1b
|-resisted|p1a: Archaludon
|-resisted|p1b: Basculegion
|-damage|p1a: Archaludon|0 fnt
|-damage|p1b: Basculegion|70/100
|faint|p1a: Archaludon
|
|-weather|Snowscape|[upkeep]
|upkeep
|
|t:|1757779899
|switch|p1a: Pelipper|Pelipper, L50, F|58/100
|-weather|RainDance|[from] ability: Drizzle|[of] p1a: Pelipper
|turn|4
|
|t:|1757779919
|switch|p2b: Rillaboom|Rillaboom, L50, F|100/100
|-fieldstart|move: Grassy Terrain|[from] ability: Grassy Surge|[of] p2b: Rillaboom
|move|p2a: Primarina|Protect|p2a: Primarina
|-singleturn|p2a: Primarina|Protect
|move|p1b: Basculegion|Last Respects|p2a: Primarina
|-activate|p2a: Primarina|move: Protect
|move|p1a: Pelipper|Hurricane|p2b: Rillaboom
|-supereffective|p2b: Rillaboom
|-damage|p2b: Rillaboom|53/100
|
|-weather|RainDance|[upkeep]
|-heal|p2b: Rillaboom|59/100|[from] Grassy Terrain
|-heal|p1b: Basculegion|76/100|[from] Grassy Terrain
|-heal|p2a: Primarina|45/100|[from] Grassy Terrain
|upkeep
|turn|5
|
|t:|1757779942
|move|p1a: Pelipper|Protect|p1a: Pelipper
|-singleturn|p1a: Pelipper|Protect
|move|p2b: Rillaboom|Grassy Glide|p1b: Basculegion
|-supereffective|p1b: Basculegion
|-damage|p1b: Basculegion|0 fnt
|faint|p1b: Basculegion
|move|p2a: Primarina|Moonblast|p1a: Pelipper
|-activate|p1a: Pelipper|move: Protect
|
|-weather|RainDance|[upkeep]
|-heal|p2b: Rillaboom|65/100|[from] Grassy Terrain
|-heal|p2a: Primarina|51/100|[from] Grassy Terrain
|-sideend|p2: Eldrazii|move: Tailwind
|upkeep
|
|t:|1757779949
|switch|p1b: Kingambit|Kingambit, L50, F|100/100
|turn|6
|inactive|PabloZH24 has 30 seconds left.
|inactive|Eldrazii has 30 seconds left.
|
|t:|1757779979
|-terastallize|p1b: Kingambit|Fairy
|move|p1b: Kingambit|Sucker Punch|p2b: Rillaboom
|-damage|p2b: Rillaboom|33/100
|move|p2b: Rillaboom|High Horsepower|p1b: Kingambit
|-damage|p1b: Kingambit|77/100
|move|p1a: Pelipper|Hurricane|p2b: Rillaboom
|-supereffective|p2b: Rillaboom
|-damage|p2b: Rillaboom|0 fnt
|faint|p2b: Rillaboom
|move|p2a: Primarina|Moonblast|p1a: Pelipper
|-crit|p1a: Pelipper
|-damage|p1a: Pelipper|0 fnt
|faint|p1a: Pelipper
|
|-weather|RainDance|[upkeep]
|-heal|p2a: Primarina|57/100|[from] Grassy Terrain
|-heal|p1b: Kingambit|83/100|[from] Grassy Terrain
|upkeep
|
|t:|1757779990
|switch|p2b: Ninetales|Ninetales-Alola, L50, M|100/100
|-weather|Snowscape|[from] ability: Snow Warning|[of] p2b: Ninetales
|turn|7
|
|t:|1757780002
|move|p2a: Primarina|Protect|p2a: Primarina
|-singleturn|p2a: Primarina|Protect
|move|p2b: Ninetales|Encore|p1b: Kingambit
|-start|p1b: Kingambit|Encore
|move|p1b: Kingambit|Sucker Punch||[still]
|-fail|p1b: Kingambit
|
|-weather|Snowscape|[upkeep]
|-heal|p2a: Primarina|63/100|[from] Grassy Terrain
|-heal|p1b: Kingambit|89/100|[from] Grassy Terrain
|-sideend|p2: Eldrazii|move: Aurora Veil
|upkeep
|turn|8
|
|t:|1757780024
|move|p1b: Kingambit|Sucker Punch|p2a: Primarina
|-resisted|p2a: Primarina
|-damage|p2a: Primarina|33/100
|move|p2b: Ninetales|Blizzard|p1b: Kingambit
|-damage|p1b: Kingambit|49/100
|-status|p1b: Kingambit|frz
|move|p2a: Primarina|Hyper Voice|p1b: Kingambit
|-damage|p1b: Kingambit|0 fnt
|faint|p1b: Kingambit
|
|win|Eldrazii
|c|☆Eldrazii|gg
