|j|☆T8mcrae
|j|☆FrancoilCieco777
|html|T8mcraeFrancoilCieco777    
|uhtml|bestof|Game 1 of a best-of-3
|t:|1757009611
|gametype|doubles
|player|p1|T8mcrae|1|1172
|player|p2|FrancoilCieco777|baker|1212
|gen|9
|tier|[Gen 9] VGC 2025 Reg H (Bo3)
|rated|
|rule|Species Clause: Limit one of each Pokémon
|rule|Item Clause: Limit 1 of each item
|clearpoke
|poke|p1|Annihilape, L50, F|
|poke|p1|Primarina, L50, M|
|poke|p1|Gholdengo, L50|
|poke|p1|Maushold, L50|
|poke|p1|Vivillon-Ocean, L50, F|
|poke|p1|Rillaboom, L50, M|
|poke|p2|Volcarona, L50, M|
|poke|p2|Electabuzz, L50, F|
|poke|p2|Sneasler, L50, F|
|poke|p2|Kingambit, L50, M|
|poke|p2|Dragonite, L50, F|
|poke|p2|Rillaboom, L50, M|
|teampreview|4
|showteam|p1|Annihilape||SafetyGoggles|Defiant|RageFist,DrainPunch,BulkUp,Protect|||F|||50|,,,,,Fire]Primarina||SitrusBerry|LiquidVoice|HyperVoice,Moonblast,Haze,Protect|||M|||50|,,,,,Water]Gholdengo||LifeOrb|GoodasGold|MakeItRain,ShadowBall,NastyPlot,Protect||||||50|,,,,,Dragon]Maushold||WideLens|FriendGuard|PopulationBomb,FollowMe,BeatUp,Protect||||||50|,,,,,Grass]Vivillon-Ocean||FocusSash|CompoundEyes|Hurricane,SleepPowder,Tailwind,Protect|||F|||50|,,,,,Ghost]Rillaboom||AssaultVest|GrassySurge|FakeOut,GrassyGlide,DrumBeating,HighHorsepower|||M|||50|,,,,,Fire
|showteam|p2|Volcarona||CovertCloak|FlameBody|HeatWave,TeraBlast,QuiverDance,Protect|||M|||50|,,,,,Fairy]Electabuzz||Eviolite|VitalSpirit|Thunderbolt,FollowMe,Taunt,Protect|||F|||50|,,,,,Ghost]Sneasler||FocusSash|Unburden|FakeOut,CloseCombat,DireClaw,Coaching|||F|||50|,,,,,Stellar]Kingambit||BlackGlasses|Defiant|KowtowCleave,SuckerPunch,SwordsDance,Protect|||M|||50|,,,,,Dark]Dragonite||LoadedDice|Multiscale|ScaleShot,ExtremeSpeed,Haze,Protect|||F|||50|,,,,,Normal]Rillaboom||AssaultVest|GrassySurge|WoodHammer,GrassyGlide,HighHorsepower,FakeOut|||M|||50|,,,,,Fire
|inactive|Battle timer is ON: inactive players will automatically lose when time's up. (requested by FrancoilCieco777)
|
|t:|1757009627
|teamsize|p1|4
|teamsize|p2|4
|start
|switch|p1a: Maushold|Maushold, L50, shiny|100/100
|switch|p1b: Annihilape|Annihilape, L50, F, shiny|100/100
|switch|p2a: Electabuzz|Electabuzz, L50, F|100/100
|switch|p2b: Kingambit|Kingambit, L50, M, shiny|100/100
|turn|1
|
|t:|1757009638
|move|p2b: Kingambit|Protect|p2b: Kingambit
|-singleturn|p2b: Kingambit|Protect
|move|p1a: Maushold|Population Bomb|p2a: Electabuzz
|-damage|p2a: Electabuzz|95/100
|-damage|p2a: Electabuzz|89/100
|-damage|p2a: Electabuzz|83/100
|-damage|p2a: Electabuzz|77/100
|-damage|p2a: Electabuzz|71/100
|-crit|p2a: Electabuzz
|-damage|p2a: Electabuzz|62/100
|-damage|p2a: Electabuzz|57/100
|-damage|p2a: Electabuzz|51/100
|-damage|p2a: Electabuzz|46/100
|-damage|p2a: Electabuzz|40/100
|-hitcount|p2a: Electabuzz|10
|move|p1b: Annihilape|Bulk Up|p1b: Annihilape
|-boost|p1b: Annihilape|atk|1
|-boost|p1b: Annihilape|def|1
|move|p2a: Electabuzz|Taunt|p1b: Annihilape
|-start|p1b: Annihilape|move: Taunt
|
|upkeep
|turn|2
|inactive|T8mcrae has 30 seconds left.
|
|t:|1757009672
|-terastallize|p2a: Electabuzz|Ghost
|move|p2a: Electabuzz|Follow Me|p2a: Electabuzz
|-singleturn|p2a: Electabuzz|move: Follow Me
|move|p1a: Maushold|Beat Up|p2a: Electabuzz
|-supereffective|p2a: Electabuzz
|-damage|p2a: Electabuzz|34/100
|-supereffective|p2a: Electabuzz
|-damage|p2a: Electabuzz|27/100
|-supereffective|p2a: Electabuzz
|-damage|p2a: Electabuzz|23/100
|-supereffective|p2a: Electabuzz
|-damage|p2a: Electabuzz|16/100
|-hitcount|p2a: Electabuzz|4
|move|p1b: Annihilape|Rage Fist|p2a: Electabuzz
|-supereffective|p2a: Electabuzz
|-damage|p2a: Electabuzz|0 fnt
|faint|p2a: Electabuzz
|move|p2b: Kingambit|Swords Dance|p2b: Kingambit
|-boost|p2b: Kingambit|atk|2
|
|upkeep
|
|t:|1757009688
|switch|p2a: Sneasler|Sneasler, L50, F|100/100
|turn|3
|
|t:|1757009706
|move|p2b: Kingambit|Sucker Punch|p1b: Annihilape
|-damage|p1b: Annihilape|47/100
|move|p2a: Sneasler|Dire Claw|p1b: Annihilape
|-resisted|p1b: Annihilape
|-damage|p1b: Annihilape|36/100
|-status|p1b: Annihilape|par
|move|p1a: Maushold|Population Bomb|p2a: Sneasler
|-damage|p2a: Sneasler|87/100
|-damage|p2a: Sneasler|73/100
|-damage|p2a: Sneasler|61/100
|-damage|p2a: Sneasler|50/100
|-hitcount|p2a: Sneasler|4
|move|p1b: Annihilape|Drain Punch|p2b: Kingambit
|-supereffective|p2b: Kingambit
|-damage|p2b: Kingambit|0 fnt
|-heal|p1b: Annihilape|86/100 par|[from] drain|[of] p2b: Kingambit
|faint|p2b: Kingambit
|
|upkeep
|
|t:|1757009715
|switch|p2b: Volcarona|Volcarona, L50, M|100/100
|turn|4
|inactive|T8mcrae has 30 seconds left.
|inactive|T8mcrae has 20 seconds left.
|inactive|T8mcrae has 15 seconds left.
|
|t:|1757009757
|-terastallize|p1b: Annihilape|Fire
|move|p1a: Maushold|Protect|p1a: Maushold
|-singleturn|p1a: Maushold|Protect
|move|p2a: Sneasler|Close Combat|p1a: Maushold
|-activate|p1a: Maushold|move: Protect
|move|p2b: Volcarona|Heat Wave|p1b: Annihilape|[spread] p1b
|-activate|p1a: Maushold|move: Protect
|-resisted|p1b: Annihilape
|-damage|p1b: Annihilape|74/100 par
|move|p1b: Annihilape|Rage Fist|p2a: Sneasler
|-damage|p2a: Sneasler|0 fnt
|faint|p2a: Sneasler
|
|-end|p1b: Annihilape|move: Taunt
|upkeep
|turn|5
|-message|FrancoilCieco777 forfeited.
|
|win|T8mcrae
