|j|☆grendel zolga
|j|‽7triplo7sette7
|html|grendel zolga7triplo7sette7    
|uhtml|bestof|Game 1 of a best-of-3
|t:|1756729139
|gametype|doubles
|player|p1|grendel zolga|265|1039
|player|p2|7triplo7sette7|giovanni|1032
|gen|9
|tier|[Gen 9] VGC 2025 Reg H (Bo3)
|rated|
|rule|Species Clause: Limit one of each Pokémon
|rule|Item Clause: Limit 1 of each item
|clearpoke
|poke|p1|Gyarados, L50, M|
|poke|p1|Sneasler, L50, F|
|poke|p1|Indeedee, L50, M|
|poke|p1|Volcarona, L50, F|
|poke|p1|Ursaluna-Bloodmoon, L50, M|
|poke|p1|Tyranitar, L50, M|
|poke|p2|Tyranitar, L50, F|
|poke|p2|Garchomp, L50, F|
|poke|p2|Corviknight, L50, F|
|poke|p2|Indeedee-F, L50, F|
|poke|p2|Gallade, L50, M|
|poke|p2|Amoonguss, L50, F|
|teampreview|4
|showteam|p1|Gyarados||SafetyGoggles|Intimidate|Taunt,ThunderWave,Waterfall,Protect|||M|||50|,,,,,Steel]Sneasler||PsychicSeed|Unburden|CloseCombat,DireClaw,ThroatChop,Protect|||F|||50|,,,,,Dark]Indeedee||ChoiceScarf|PsychicSurge|ExpandingForce,TeraBlast,Trick,Protect|||M|||50|,,,,,Psychic]Volcarona||SitrusBerry|FlameBody|Overheat,StruggleBug,RagePowder,Tailwind|||F|||50|,,,,,Grass]Ursaluna-Bloodmoon||LifeOrb|MindsEye|HyperVoice,BloodMoon,EarthPower,Protect|||M|||50|,,,,,Normal]Tyranitar||AssaultVest|SandStream|LowKick,TeraBlast,KnockOff,RockSlide|||M|||50|,,,,,Flying
|showteam|p2|Tyranitar||AssaultVest|SandStream|TeraBlast,StoneEdge,Crunch,BodyPress|||F|||50|,,,,,Flying]Garchomp||BrightPowder|SandVeil|DragonClaw,Protect,SwordsDance,Earthquake|||F|||50|,,,,,Steel]Corviknight||LifeOrb|MirrorArmor|Tailwind,Roost,IronHead,BraveBird|||F|||50|,,,,,Fairy]Indeedee-F||RockyHelmet|PsychicSurge|FollowMe,HelpingHand,TrickRoom,DazzlingGleam|||F|||50|,,,,,Psychic]Gallade||ClearAmulet|Sharpness|PsychoCut,KnockOff,Protect,CloseCombat|||M|||50|,,,,,Dark]Amoonguss||SitrusBerry|Regenerator|Spore,RagePowder,Protect,PollenPuff|||F|||50|,,,,,Grass
|inactive|Battle timer is ON: inactive players will automatically lose when time's up. (requested by 7triplo7sette7)
|inactive|grendel zolga has 60 seconds left.
|inactive|grendel zolga has 30 seconds left.
|
|t:|1756729259
|teamsize|p1|4
|teamsize|p2|4
|start
|switch|p1a: Gyarados|Gyarados, L50, M, shiny|100/100
|switch|p1b: Ursaluna|Ursaluna-Bloodmoon, L50, M|100/100
|switch|p2a: Tyranitar|Tyranitar, L50, F|100/100
|switch|p2b: Corviknight|Corviknight, L50, F|100/100
|-ability|p1a: Gyarados|Intimidate|boost
|-unboost|p2a: Tyranitar|atk|1
|-ability|p2b: Corviknight|Mirror Armor
|-unboost|p1a: Gyarados|atk|1
|-weather|Sandstorm|[from] ability: Sand Stream|[of] p2a: Tyranitar
|turn|1
|inactive|grendel zolga has 30 seconds left.
|inactive|7triplo7sette7 has 30 seconds left.
|inactive|7triplo7sette7 has 20 seconds left.
|inactive|7triplo7sette7 has 15 seconds left.
|inactive|7triplo7sette7 has 10 seconds left.
|
|t:|1756729309
|move|p1b: Ursaluna|Protect|p1b: Ursaluna
|-singleturn|p1b: Ursaluna|Protect
|move|p1a: Gyarados|Thunder Wave|p2a: Tyranitar
|-status|p2a: Tyranitar|par
|move|p2b: Corviknight|Brave Bird|p1b: Ursaluna
|-activate|p1b: Ursaluna|move: Protect
|move|p2a: Tyranitar|Body Press|p1b: Ursaluna
|-activate|p1b: Ursaluna|move: Protect
|
|-weather|Sandstorm|[upkeep]
|upkeep
|turn|2
|
|t:|1756729331
|move|p1a: Gyarados|Waterfall|p2a: Tyranitar
|-supereffective|p2a: Tyranitar
|-damage|p2a: Tyranitar|55/100 par
|move|p2b: Corviknight|Tailwind|p2b: Corviknight
|-sidestart|p2: 7triplo7sette7|move: Tailwind
|move|p1b: Ursaluna|Blood Moon|p2a: Tyranitar
|-resisted|p2a: Tyranitar
|-damage|p2a: Tyranitar|35/100 par
|-damage|p1b: Ursaluna|91/100|[from] item: Life Orb
|move|p2a: Tyranitar|Body Press|p1b: Ursaluna
|-supereffective|p1b: Ursaluna
|-damage|p1b: Ursaluna|55/100
|
|-weather|Sandstorm|[upkeep]
|upkeep
|turn|3
|inactive|grendel zolga has 30 seconds left.
|inactive|7triplo7sette7 has 30 seconds left.
|inactive|grendel zolga has 20 seconds left.
|inactive|7triplo7sette7 has 20 seconds left.
|
|t:|1756729369
|-terastallize|p2a: Tyranitar|Flying
|move|p1b: Ursaluna|Protect|p1b: Ursaluna
|-singleturn|p1b: Ursaluna|Protect
|move|p2b: Corviknight|Brave Bird|p1b: Ursaluna
|-activate|p1b: Ursaluna|move: Protect
|move|p1a: Gyarados|Waterfall|p2a: Tyranitar
|-damage|p2a: Tyranitar|12/100 par
|cant|p2a: Tyranitar|par
|
|-weather|Sandstorm|[upkeep]
|-damage|p2a: Tyranitar|6/100 par|[from] Sandstorm
|upkeep
|turn|4
|
|t:|1756729389
|move|p2b: Corviknight|Brave Bird|p1b: Ursaluna
|-damage|p1b: Ursaluna|9/100
|-damage|p2b: Corviknight|86/100|[from] Recoil
|-damage|p2b: Corviknight|76/100|[from] item: Life Orb
|move|p1a: Gyarados|Waterfall|p2a: Tyranitar
|-damage|p2a: Tyranitar|0 fnt
|faint|p2a: Tyranitar
|move|p1b: Ursaluna|Blood Moon|p2b: Corviknight
|-resisted|p2b: Corviknight
|-damage|p2b: Corviknight|24/100
|-damage|p1b: Ursaluna|0 fnt|[from] item: Life Orb
|faint|p1b: Ursaluna
|
|-weather|Sandstorm|[upkeep]
|upkeep
|inactive|7triplo7sette7 has 30 seconds left.
|
|t:|1756729415
|switch|p1b: Indeedee|Indeedee, L50, M, shiny|100/100
|switch|p2a: Amoonguss|Amoonguss, L50, F|100/100
|-fieldstart|move: Psychic Terrain|[from] ability: Psychic Surge|[of] p1b: Indeedee
|turn|5
|
|t:|1756729434
|-terastallize|p1b: Indeedee|Psychic
|move|p1b: Indeedee|Expanding Force|p2a: Amoonguss|[spread] p2a,p2b
|-supereffective|p2a: Amoonguss
|-resisted|p2b: Corviknight
|-damage|p2a: Amoonguss|0 fnt
|-damage|p2b: Corviknight|0 fnt
|faint|p2a: Amoonguss
|faint|p2b: Corviknight
|move|p1a: Gyarados|Taunt|p2: Amoonguss|[notarget]
|-fail|p1a: Gyarados
|
|-weather|none
|-sideend|p2: 7triplo7sette7|move: Tailwind
|upkeep
|
|t:|1756729439
|switch|p2b: Garchomp|Garchomp, L50, F|100/100
|turn|6
|
|t:|1756729463
|move|p1b: Indeedee|Expanding Force|p2b: Garchomp
|-damage|p2b: Garchomp|0 fnt
|faint|p2b: Garchomp
|
|win|grendel zolga
||grendel zolga is ready for game 2.
||7triplo7sette7 is ready for game 2.
|uhtml|next|Next: Game 2 of 3
