|j|☆noexperiencesorry
|j|☆Giocostorto
|html|noexperiencesorryGiocostorto    
|uhtml|bestof|Game 1 of a best-of-3
|t:|1756414107
|gametype|doubles
|player|p1|noexperiencesorry|170|1145
|player|p2|Giocostorto|palmer|1147
|gen|9
|tier|[Gen 9] VGC 2025 Reg H (Bo3)
|rated|
|rule|Species Clause: Limit one of each Pokémon
|rule|Item Clause: Limit 1 of each item
|clearpoke
|poke|p1|Dragonite, L50, M|
|poke|p1|Ursaluna-Bloodmoon, L50, M|
|poke|p1|Annihilape, L50, M|
|poke|p1|Volcarona, L50, M|
|poke|p1|Rillaboom, L50, M|
|poke|p1|Incineroar, L50, M|
|poke|p2|Oricorio-Pom-Pom, L50, F|
|poke|p2|Volcarona, L50, F|
|poke|p2|Maushold, L50|
|poke|p2|Annihilape, L50, M|
|poke|p2|Basculegion, L50, M|
|poke|p2|Farigiraf, L50, M|
|teampreview|4
|showteam|p1|Dragonite||LoadedDice|Multiscale|Protect,ScaleShot,Tailwind,Haze|||M|||50|,,,,,Fairy]Ursaluna-Bloodmoon||FocusSash|MindsEye|Protect,BloodMoon,EarthPower,HyperVoice|||M|||50|,,,,,Normal]Annihilape||LumBerry|Defiant|Coaching,RageFist,CloseCombat,Taunt|||M|||50|,,,,,Fire]Volcarona||CovertCloak|FlameBody|Protect,QuiverDance,HeatWave,TeraBlast|||M|||50|,,,,,Fairy]Rillaboom||AssaultVest|GrassySurge|FakeOut,WoodHammer,GrassyGlide,HighHorsepower|||M|||50|,,,,,Fire]Incineroar||SafetyGoggles|Intimidate|FakeOut,PartingShot,FlareBlitz,KnockOff|||M|||50|,,,,,Ghost
|showteam|p2|Oricorio-Pom-Pom||FocusSash|Dancer|Hurricane,RevelationDance,Tailwind,Protect|||F|||50|,,,,,Ghost]Volcarona||CovertCloak|FlameBody|FieryDance,TeraBlast,QuiverDance,Protect|||F|||50|,,,,,Fairy]Maushold||SafetyGoggles|FriendGuard|BeatUp,Taunt,FollowMe,Protect||||||50|,,,,,Ghost]Annihilape||SitrusBerry|Defiant|Protect,BulkUp,DrainPunch,RageFist|||M|||50|,,,,,Fire]Basculegion||ChoiceScarf|Adaptability|WaveCrash,LastRespects,FlipTurn,AquaJet|||M|||50|,,,,,Water]Farigiraf||ThroatSpray|ArmorTail|Psychic,HyperVoice,TrickRoom,Imprison|||M|||50|,,,,,Fairy
|inactive|Battle timer is ON: inactive players will automatically lose when time's up. (requested by Giocostorto)
|inactive|noexperiencesorry has 60 seconds left.
|inactive|Giocostorto has 60 seconds left.
|
|t:|1756414165
|teamsize|p1|4
|teamsize|p2|4
|start
|switch|p1a: Annihilape|Annihilape, L50, M, shiny|100/100
|switch|p1b: Dragonite|Dragonite, L50, M, shiny|100/100
|switch|p2a: Oricorio|Oricorio-Pom-Pom, L50, F|100/100
|switch|p2b: Volcarona|Volcarona, L50, F|100/100
|turn|1
|inactive|noexperiencesorry has 30 seconds left.
|
|t:|1756414196
|-terastallize|p2b: Volcarona|Fairy
|move|p2a: Oricorio|Protect|p2a: Oricorio
|-singleturn|p2a: Oricorio|Protect
|move|p2b: Volcarona|Quiver Dance|p2b: Volcarona
|-boost|p2b: Volcarona|spa|1
|-boost|p2b: Volcarona|spd|1
|-boost|p2b: Volcarona|spe|1
|-activate|p2a: Oricorio|ability: Dancer
|move|p2a: Oricorio|Quiver Dance|p2a: Oricorio|[from] ability: Dancer
|-boost|p2a: Oricorio|spa|1
|-boost|p2a: Oricorio|spd|1
|-boost|p2a: Oricorio|spe|1
|move|p1a: Annihilape|Taunt|p2b: Volcarona
|-start|p2b: Volcarona|move: Taunt
|move|p1b: Dragonite|Tailwind|p1b: Dragonite
|-sidestart|p1: noexperiencesorry|move: Tailwind
|
|upkeep
|turn|2
|inactive|Giocostorto has 30 seconds left.
|
|t:|1756414230
|move|p1a: Annihilape|Rage Fist|p2a: Oricorio
|-damage|p2a: Oricorio|65/100
|move|p1b: Dragonite|Haze|p1b: Dragonite
|-clearallboost
|move|p2b: Volcarona|Tera Blast|p1a: Annihilape|[anim] Tera Blast Fairy
|-supereffective|p1a: Annihilape
|-damage|p1a: Annihilape|29/100
|move|p2a: Oricorio|Tailwind|p2a: Oricorio
|-sidestart|p2: Giocostorto|move: Tailwind
|
|upkeep
|turn|3
|
|t:|1756414252
|-terastallize|p1a: Annihilape|Fire
|move|p2b: Volcarona|Fiery Dance|p1a: Annihilape
|-resisted|p1a: Annihilape
|-damage|p1a: Annihilape|11/100
|-activate|p2a: Oricorio|ability: Dancer
|move|p2a: Oricorio|Fiery Dance|p1a: Annihilape|[from] ability: Dancer
|-resisted|p1a: Annihilape
|-damage|p1a: Annihilape|2/100
|-boost|p2a: Oricorio|spa|1
|move|p2a: Oricorio|Hurricane|p1b: Dragonite
|-damage|p1b: Dragonite|62/100
|move|p1a: Annihilape|Rage Fist|p2b: Volcarona
|-damage|p2b: Volcarona|0 fnt
|faint|p2b: Volcarona
|move|p1b: Dragonite|Scale Shot|p2a: Oricorio
|-damage|p2a: Oricorio|43/100
|-damage|p2a: Oricorio|19/100
|-damage|p2a: Oricorio|0 fnt
|faint|p2a: Oricorio
|-hitcount|p2: Oricorio|3
|-unboost|p1b: Dragonite|def|1
|-boost|p1b: Dragonite|spe|1
|
|upkeep
|
|t:|1756414270
|switch|p2b: Basculegion|Basculegion, L50, M|100/100
|switch|p2a: Farigiraf|Farigiraf, L50, M|100/100
|turn|4
|
|t:|1756414299
|switch|p1a: Rillaboom|Rillaboom, L50, M, shiny|100/100
|-fieldstart|move: Grassy Terrain|[from] ability: Grassy Surge|[of] p1a: Rillaboom
|move|p2b: Basculegion|Last Respects|p1b: Dragonite
|-damage|p1b: Dragonite|0 fnt
|faint|p1b: Dragonite
|move|p2a: Farigiraf|Hyper Voice|p1a: Rillaboom
|-damage|p1a: Rillaboom|75/100
|-enditem|p2a: Farigiraf|Throat Spray
|-boost|p2a: Farigiraf|spa|1|[from] item: Throat Spray
|
|-heal|p1a: Rillaboom|81/100|[from] Grassy Terrain
|-sideend|p1: noexperiencesorry|move: Tailwind
|upkeep
|
|t:|1756414314
|switch|p1b: Ursaluna|Ursaluna-Bloodmoon, L50, M|100/100
|turn|5
|
|t:|1756414325
|move|p2b: Basculegion|Last Respects|p1a: Rillaboom
|-damage|p1a: Rillaboom|0 fnt
|faint|p1a: Rillaboom
|move|p2a: Farigiraf|Psychic|p1b: Ursaluna
|-damage|p1b: Ursaluna|22/100
|-unboost|p1b: Ursaluna|spd|1
|move|p1b: Ursaluna|Blood Moon|p2b: Basculegion
|-damage|p2b: Basculegion|19/100
|
|-heal|p2b: Basculegion|25/100|[from] Grassy Terrain
|-heal|p1b: Ursaluna|28/100|[from] Grassy Terrain
|-sideend|p2: Giocostorto|move: Tailwind
|upkeep
|
|t:|1756414337
|switch|p1a: Annihilape|Annihilape, L50, M, shiny, tera:Fire|2/100
|turn|6
|
|t:|1756414345
|move|p2b: Basculegion|Last Respects|p1a: Annihilape
|-damage|p1a: Annihilape|0 fnt
|faint|p1a: Annihilape
|move|p1b: Ursaluna|Hyper Voice|p2a: Farigiraf|[spread] p2a,p2b
|-damage|p2a: Farigiraf|69/100
|-damage|p2b: Basculegion|0 fnt
|faint|p2b: Basculegion
|move|p2a: Farigiraf|Psychic|p1b: Ursaluna
|-damage|p1b: Ursaluna|0 fnt
|faint|p1b: Ursaluna
|
|win|Giocostorto
