|j|☆nagc_17
|j|☆Noyomi
|html|nagc_17Noyomi    
|uhtml|bestof|Game 1 of a best-of-3
|t:|1785447614
|gametype|doubles
|player|p1|nagc_17|scientist|
|player|p2|Noyomi|pokemonrangerf|
|gen|9
|tier|[Gen 9 Champions] VGC 2026 Reg M-B (Bo3)
|rule|Species Clause: Limit one of each Pokémon
|rule|Item Clause: Limit 1 of each item
|clearpoke
|poke|p1|Delphox, L50, F|
|poke|p1|Whimsicott, L50, F|
|poke|p1|Alcremie, L50, F|
|poke|p1|Ceruledge, L50, F|
|poke|p1|Pangoro, L50, F|
|poke|p1|Mimikyu, L50, M|
|poke|p2|Charizard, L50, M|
|poke|p2|Garchomp, L50, M|
|poke|p2|Sneasler, L50, F|
|poke|p2|Venusaur, L50, F|
|poke|p2|Milotic, L50, F|
|poke|p2|Ampharos, L50, M|
|teampreview|4
|showteam|p1|Delphox||Delphoxite|Blaze|HeatWave,Psychic,Encore,Protect|Adamant||F|||50|]Whimsicott||FocusSash|Prankster|Moonblast,Tailwind,SunnyDay,Protect|Adamant||F|||50|]Alcremie||SitrusBerry|SweetVeil|Decorate,DazzlingGleam,HelpingHand,Protect|Adamant||F|||50|]Ceruledge||ColburBerry|FlashFire|BitterBlade,ShadowSneak,BulkUp,Protect|Adamant||F|||50|]Pangoro||CobaBerry|Scrappy|StormThrow,KnockOff,RockSlide,Detect|Adamant||F|||50|]Mimikyu||LifeOrb|Disguise|TrickRoom,PlayRough,WoodHammer,Taunt|Adamant||M|||50|
|showteam|p2|Charizard||CharizarditeY|Blaze|HeatWave,SolarBeam,Protect,ScorchingSands|Timid||M|||50|]Garchomp||SitrusBerry|RoughSkin|Earthquake,DragonClaw,Protect,RockSlide|Adamant||M|||50|]Sneasler||WhiteHerb|Unburden|CloseCombat,DireClaw,FakeOut,Protect|Adamant||F|||50|]Venusaur||FocusSash|Chlorophyll|SleepPowder,SludgeBomb,Protect,GigaDrain|Timid||F|||50|]Milotic||Leftovers|Competitive|Scald,IcyWind,Protect,LifeDew|Bold||F|||50|]Ampharos||Ampharosite|Static|DragonPulse,ParabolicCharge,Protect,LightScreen|Modest||M|||50|
|
|t:|1785447664
|teamsize|p1|4
|teamsize|p2|4
|start
|switch|p1a: Mimikyu|Mimikyu, L50, M|100/100
|switch|p1b: Pangoro|Pangoro, L50, F|100/100
|switch|p2a: Chi|Ampharos, L50, M|100/100
|switch|p2b: Ku-chau|Sneasler, L50, F|100/100
|turn|1
|
|t:|1785447717
|detailschange|p2a: Chi|Ampharos-Mega, L50, M
|-mega|p2a: Chi|Ampharos|Ampharosite
|-ability|p2a: Chi|Mold Breaker
|move|p2b: Ku-chau|Close Combat|p1b: Pangoro
|-supereffective|p1b: Pangoro|1
|-damage|p1b: Pangoro|0 fnt
|-unboost|p2b: Ku-chau|def|1
|-unboost|p2b: Ku-chau|spd|1
|faint|p1b: Pangoro
|-enditem|p2b: Ku-chau|White Herb
|-clearnegativeboost|p2b: Ku-chau|[silent]
|move|p1a: Mimikyu|Taunt|p2a: Chi
|-start|p2a: Chi|move: Taunt
|cant|p2a: Chi|move: Taunt|Light Screen
|
|upkeep
|
|t:|1785447753
|switch|p1b: Delphox|Delphox, L50, F|100/100
|turn|2
|
|t:|1785447772
|detailschange|p1b: Delphox|Delphox-Mega, L50, F
|-mega|p1b: Delphox|Delphox|Delphoxite
|move|p2b: Ku-chau|Protect|p2b: Ku-chau
|-singleturn|p2b: Ku-chau|Protect
|move|p1b: Delphox|Psychic|p2b: Ku-chau
|-activate|p2b: Ku-chau|move: Protect
|move|p1a: Mimikyu|Play Rough|p2a: Chi
|-supereffective|p2a: Chi|1
|-damage|p2a: Chi|19/100
|-damage|p1a: Mimikyu|90/100|[from] item: Life Orb
|move|p2a: Chi|Parabolic Charge|p1a: Mimikyu|[spread] p1a,p1b
|-activate|p2b: Ku-chau|move: Protect
|-damage|p1a: Mimikyu|56/100
|-heal|p2a: Chi|32/100|[from] drain|[of] p1a: Mimikyu
|-damage|p1b: Delphox|75/100
|-heal|p2a: Chi|44/100|[from] drain|[of] p1b: Delphox
|
|upkeep
|turn|3
|
|t:|1785447815
|switch|p2a: Soy Vegano|Venusaur, L50, F|100/100
|move|p2b: Ku-chau|Dire Claw|p1a: Mimikyu
|-activate|p1a: Mimikyu|ability: Disguise
|-damage|p1a: Mimikyu|56/100
|-status|p1a: Mimikyu|slp
|detailschange|p1a: Mimikyu|Mimikyu-Busted, L50, M
|-damage|p1a: Mimikyu|44/100 slp|[from] pokemon: Mimikyu-Busted
|move|p1b: Delphox|Psychic|p2b: Ku-chau
|-supereffective|p2b: Ku-chau|2
|-damage|p2b: Ku-chau|0 fnt
|faint|p2b: Ku-chau
|cant|p1a: Mimikyu|slp
|
|upkeep
|
|t:|1785447833
|switch|p2b: Sssssss|Milotic, L50, F|100/100
|turn|4
|
|t:|1785447864
|switch|p1a: Whimsicott|Whimsicott, L50, F|100/100
|move|p2a: Soy Vegano|Protect|p2a: Soy Vegano
|-singleturn|p2a: Soy Vegano|Protect
|move|p1b: Delphox|Psychic|p2a: Soy Vegano
|-activate|p2a: Soy Vegano|move: Protect
|move|p2b: Sssssss|Scald|p1b: Delphox
|-supereffective|p1b: Delphox|1
|-damage|p1b: Delphox|31/100
|
|upkeep
|turn|5
|
|t:|1785447905
|switch|p2a: Chi|Ampharos-Mega, L50, M|44/100
|-ability|p2a: Chi|Mold Breaker
|move|p1b: Delphox|Protect|p1b: Delphox
|-singleturn|p1b: Delphox|Protect
|move|p1a: Whimsicott|Tailwind|p1a: Whimsicott
|-sidestart|p1: nagc_17|move: Tailwind
|move|p2b: Sssssss|Icy Wind|p1a: Whimsicott|[spread] p1a
|-activate|p1b: Delphox|move: Protect
|-supereffective|p1a: Whimsicott|1
|-damage|p1a: Whimsicott|65/100
|-unboost|p1a: Whimsicott|spe|1
|
|upkeep
|turn|6
|
|t:|1785447938
|move|p2a: Chi|Protect|p2a: Chi
|-singleturn|p2a: Chi|Protect
|move|p1b: Delphox|Psychic|p2b: Sssssss
|-damage|p2b: Sssssss|66/100
|move|p1a: Whimsicott|Moonblast|p2a: Chi
|-activate|p2a: Chi|move: Protect
|move|p2b: Sssssss|Scald|p1b: Delphox
|-supereffective|p1b: Delphox|1
|-damage|p1b: Delphox|0 fnt
|faint|p1b: Delphox
|
|-heal|p2b: Sssssss|72/100|[from] item: Leftovers
|upkeep
|
|t:|1785447958
|switch|p1b: Mimikyu|Mimikyu-Busted, L50, M|44/100 slp
|turn|7
|
|t:|1785447973
|move|p2b: Sssssss|Protect|p2b: Sssssss
|-singleturn|p2b: Sssssss|Protect
|-curestatus|p1b: Mimikyu|slp|[msg]
|move|p1b: Mimikyu|Wood Hammer|p2b: Sssssss
|-activate|p2b: Sssssss|move: Protect
|move|p1a: Whimsicott|Moonblast|p2a: Chi
|-supereffective|p2a: Chi|1
|-damage|p2a: Chi|0 fnt
|faint|p2a: Chi
|
|-heal|p2b: Sssssss|78/100|[from] item: Leftovers
|upkeep
|
|t:|1785447986
|switch|p2a: Soy Vegano|Venusaur, L50, F|100/100
|turn|8
|
|t:|1785448008
|move|p2a: Soy Vegano|Protect|p2a: Soy Vegano
|-singleturn|p2a: Soy Vegano|Protect
|move|p1b: Mimikyu|Wood Hammer|p2b: Sssssss
|-supereffective|p2b: Sssssss|1
|-damage|p2b: Sssssss|0 fnt
|faint|p2b: Sssssss
|-damage|p1b: Mimikyu|12/100|[from] Recoil
|-damage|p1b: Mimikyu|2/100|[from] item: Life Orb
|move|p1a: Whimsicott|Moonblast|p2a: Soy Vegano
|-activate|p2a: Soy Vegano|move: Protect
|
|-sideend|p1: nagc_17|move: Tailwind
|upkeep
|turn|9
|
|t:|1785448031
|move|p2a: Soy Vegano|Sludge Bomb|p1a: Whimsicott
|-supereffective|p1a: Whimsicott|2
|-damage|p1a: Whimsicott|0 fnt
|faint|p1a: Whimsicott
|move|p1b: Mimikyu|Taunt|p2a: Soy Vegano
|-start|p2a: Soy Vegano|move: Taunt
|
|upkeep
|turn|10
|
|t:|1785448052
|move|p2a: Soy Vegano|Giga Drain|p1b: Mimikyu
|-damage|p1b: Mimikyu|0 fnt
|faint|p1b: Mimikyu
|
|win|Noyomi
|inactive|nagc_17 has 30 seconds to confirm battle start!
|inactive|Noyomi has 30 seconds to confirm battle start!
||nagc_17 is ready for game 2.
||Noyomi is ready for game 2.
|uhtml|next|Next: Game 2 of 3
