|j|☆shiny soul420
|j|☆Suiiroha
|html|shiny soul420Suiiroha    
|uhtml|bestof|Game 1 of a best-of-3
|t:|1786065665
|gametype|doubles
|player|p1|shiny soul420|lenora|1000
|player|p2|Suiiroha|miku-flying|1000
|gen|9
|tier|[Gen 9 Champions] VGC 2026 Reg M-B (Bo3)
|rated|
|rule|Species Clause: Limit one of each Pokémon
|rule|Item Clause: Limit 1 of each item
|clearpoke
|poke|p1|Gardevoir, L50, F, shiny|
|poke|p1|Whimsicott, L50, F, shiny|
|poke|p1|Metagross, L50, shiny|
|poke|p1|Sinistcha-Masterpiece, L50, shiny|
|poke|p1|Samurott-Hisui, L50, F, shiny|
|poke|p1|Zoroark-Hisui, L50, F, shiny|
|poke|p2|Swampert, L50, F|
|poke|p2|Pelipper, L50, F|
|poke|p2|Archaludon, L50, F|
|poke|p2|Basculegion, L50, M|
|poke|p2|Mawile, L50, F|
|poke|p2|Sinistcha-Masterpiece, L50|
|teampreview|4
|showteam|p1|Gardevoir||Gardevoirite|Synchronize|HyperVoice,CalmMind,Thunderbolt,Protect|Timid||F|||50|]Whimsicott||FocusSash|Prankster|Tailwind,Encore,Taunt,DazzlingGleam|Bold||F|||50|]Metagross||Metagrossite|ClearBody|PsychicFangs,RockSlide,BulletPunch,Protect|Jolly|||||50|]Sinistcha-Masterpiece||Leftovers|Hospitality|StrengthSap,Hex,MatchaGotcha,Protect|Bold|||||50|]Samurott-Hisui||ChoiceScarf|Sharpness|CeaselessEdge,AirSlash,SacredSword,SuckerPunch|Naive||F|||50|]Zoroark-Hisui||ColburBerry|Illusion|Flamethrower,HyperVoice,KnockOff,WillOWisp|Hasty||F|||50|
|showteam|p2|Swampert||Swampertite|Torrent|WaveCrash,Protect,HighHorsepower,FlipTurn|Adamant||F|||50|]Pelipper||FocusSash|Drizzle|Hurricane,MuddyWater,Protect,Tailwind|Timid||F|||50|]Archaludon||Leftovers|Stamina|ElectroShot,Protect,DragonPulse,FlashCannon|Modest||F|||50|]Basculegion||ChoiceScarf|Adaptability|FlipTurn,AquaJet,LastRespects,WaveCrash|Jolly||M|||50|]Mawile||Mawilite|Intimidate|PlayRough,IronHead,Protect,SuckerPunch|Brave||F|||50|]Sinistcha-Masterpiece||SitrusBerry|Hospitality|MatchaGotcha,Protect,LifeDew,TrickRoom|Sassy|||||50|
|
|t:|1786065738
|teamsize|p1|4
|teamsize|p2|4
|start
|switch|p1a: Sinistcha|Sinistcha-Masterpiece, L50, shiny|100/100
|switch|p1b: Whimsicott|Whimsicott, L50, F, shiny|100/100
|switch|p2a: DaiwaScarlet|Swampert, L50, F|100/100
|switch|p2b: Juvia|Pelipper, L50, F|100/100
|-weather|RainDance|[from] ability: Drizzle|[of] p2b: Juvia
|turn|1
|
|t:|1786065766
|detailschange|p2a: DaiwaScarlet|Swampert-Mega, L50, F
|-mega|p2a: DaiwaScarlet|Swampert|Swampertite
|move|p1b: Whimsicott|Tailwind|p1b: Whimsicott
|-sidestart|p1: shiny soul420|move: Tailwind
|move|p2a: DaiwaScarlet|Flip Turn|p1b: Whimsicott
|-resisted|p1b: Whimsicott|1
|-crit|p1b: Whimsicott
|-damage|p1b: Whimsicott|61/100
|
|t:|1786065773
|switch|p2a: Ogurin|Archaludon, L50, F|100/100|[from] Flip Turn
|move|p1a: Sinistcha|Matcha Gotcha|p2b: Juvia|[spread] p2a,p2b
|-resisted|p2a: Ogurin|2
|-crit|p2b: Juvia
|-damage|p2a: Ogurin|93/100
|-damage|p2b: Juvia|46/100
|-ability|p2a: Ogurin|Stamina|boost
|-boost|p2a: Ogurin|def|1
|move|p2b: Juvia|Hurricane|p1a: Sinistcha
|-supereffective|p1a: Sinistcha|1
|-damage|p1a: Sinistcha|0 fnt
|faint|p1a: Sinistcha
|
|-weather|RainDance|[upkeep]
|-heal|p2a: Ogurin|100/100|[from] item: Leftovers
|upkeep
|
|t:|1786065791
|switch|p1a: Gardevoir|Gardevoir, L50, F, shiny|100/100
|turn|2
|
|t:|1786065830
|detailschange|p1a: Gardevoir|Gardevoir-Mega, L50, F, shiny
|-mega|p1a: Gardevoir|Gardevoir|Gardevoirite
|move|p1b: Whimsicott|Encore||[still]
|-fail|p1b: Whimsicott
|move|p1a: Gardevoir|Thunderbolt|p2b: Juvia
|-supereffective|p2b: Juvia|2
|-damage|p2b: Juvia|0 fnt
|faint|p2b: Juvia
|move|p2a: Ogurin|Electro Shot||[still]
|-prepare|p2a: Ogurin|Electro Shot
|-boost|p2a: Ogurin|spa|1
|-anim|p2a: Ogurin|Electro Shot|p1a: Gardevoir
|-damage|p1a: Gardevoir|36/100
|
|-weather|RainDance|[upkeep]
|upkeep
|
|t:|1786065849
|switch|p2b: Un técito jefe|Sinistcha-Masterpiece, L50|100/100
|turn|3
|
|t:|1786065866
|switch|p1b: Samurott|Samurott-Hisui, L50, F, shiny|100/100
|move|p1a: Gardevoir|Protect|p1a: Gardevoir
|-singleturn|p1a: Gardevoir|Protect
|move|p2a: Ogurin|Electro Shot||[still]
|-prepare|p2a: Ogurin|Electro Shot
|-boost|p2a: Ogurin|spa|1
|-anim|p2a: Ogurin|Electro Shot|p1a: Gardevoir
|-activate|p1a: Gardevoir|move: Protect
|move|p2b: Un técito jefe|Life Dew||[still]|[still]|[spread] 
|-fail|p2a: Ogurin|heal
|-fail|p2b: Un técito jefe|heal
|
|-weather|RainDance|[upkeep]
|upkeep
|turn|4
|
|t:|1786065891
|move|p2b: Un técito jefe|Protect|p2b: Un técito jefe
|-singleturn|p2b: Un técito jefe|Protect
|move|p1b: Samurott|Sucker Punch||[still]
|-fail|p1b: Samurott
|move|p1a: Gardevoir|Hyper Voice|p2b: Un técito jefe|[spread] p2a
|-activate|p2b: Un técito jefe|move: Protect
|-damage|p2a: Ogurin|46/100
|-ability|p2a: Ogurin|Stamina|boost
|-boost|p2a: Ogurin|def|1
|move|p2a: Ogurin|Electro Shot||[still]
|-prepare|p2a: Ogurin|Electro Shot
|-boost|p2a: Ogurin|spa|1
|-anim|p2a: Ogurin|Electro Shot|p1b: Samurott
|-supereffective|p1b: Samurott|1
|-damage|p1b: Samurott|0 fnt
|faint|p1b: Samurott
|
|-weather|RainDance|[upkeep]
|-heal|p2a: Ogurin|52/100|[from] item: Leftovers
|-sideend|p1: shiny soul420|move: Tailwind
|upkeep
|
|t:|1786065911
|switch|p1b: Whimsicott|Whimsicott, L50, F, shiny|61/100
|turn|5
|
|t:|1786065924
|switch|p2b: DaiwaScarlet|Swampert-Mega, L50, F|100/100
|move|p2a: Ogurin|Protect|p2a: Ogurin
|-singleturn|p2a: Ogurin|Protect
|move|p1b: Whimsicott|Tailwind|p1b: Whimsicott
|-sidestart|p1: shiny soul420|move: Tailwind
|move|p1a: Gardevoir|Hyper Voice|p2a: Ogurin|[spread] p2b
|-activate|p2a: Ogurin|move: Protect
|-damage|p2b: DaiwaScarlet|52/100
|
|-weather|none
|-heal|p2a: Ogurin|58/100|[from] item: Leftovers
|upkeep
|turn|6
|
|t:|1786065950
|move|p1b: Whimsicott|Encore|p2a: Ogurin
|-start|p2a: Ogurin|Encore
|move|p2a: Ogurin|Protect|p2a: Ogurin
|-singleturn|p2a: Ogurin|Protect
|move|p1a: Gardevoir|Hyper Voice|p2b: DaiwaScarlet|[spread] p2b
|-activate|p2a: Ogurin|move: Protect
|-damage|p2b: DaiwaScarlet|8/100
|move|p2b: DaiwaScarlet|High Horsepower|p1a: Gardevoir
|-damage|p1a: Gardevoir|0 fnt
|faint|p1a: Gardevoir
|
|-heal|p2a: Ogurin|64/100|[from] item: Leftovers
|upkeep
|turn|7
|inactive|Battle timer is ON: inactive players will automatically lose when time's up. (requested by Suiiroha)
|inactive|shiny soul420 has 60 seconds left.
|inactive|shiny soul420 has 30 seconds left.
|
|t:|1786066105
|switch|p2a: Un técito jefe|Sinistcha-Masterpiece, L50|100/100
|-heal|p2b: DaiwaScarlet|33/100|[from] ability: Hospitality|[of] p2a: Un técito jefe
|move|p2b: DaiwaScarlet|Protect|p2b: DaiwaScarlet
|-singleturn|p2b: DaiwaScarlet|Protect
|move|p1b: Whimsicott|Dazzling Gleam|p2a: Un técito jefe|[spread] p2a
|-activate|p2b: DaiwaScarlet|move: Protect
|-damage|p2a: Un técito jefe|82/100
|
|upkeep
|turn|8
|inactive|shiny soul420 has 30 seconds left.
|inactive|shiny soul420 has 20 seconds left.
|inactive|shiny soul420 has 15 seconds left.
|inactive|shiny soul420 has 10 seconds left.
|inactive|shiny soul420 has 5 seconds left.
|
|t:|1786066156
|switch|p2b: Ogurin|Archaludon, L50, F|64/100
|move|p1b: Whimsicott|Encore||[still]
|-fail|p1b: Whimsicott
|move|p2a: Un técito jefe|Life Dew|p2a: Un técito jefe|[spread] p2a,p2b
|-heal|p2a: Un técito jefe|100/100
|-heal|p2b: Ogurin|89/100
|
|-heal|p2b: Ogurin|95/100|[from] item: Leftovers
|-sideend|p1: shiny soul420|move: Tailwind
|upkeep
|turn|9
|inactive|shiny soul420 has 30 seconds left.
|inactive|shiny soul420 has 20 seconds left.
|inactive|shiny soul420 has 15 seconds left.
|inactive|shiny soul420 has 10 seconds left.
|inactive|shiny soul420 has 5 seconds left.
|
|t:|1786066211
|move|p1b: Whimsicott|Tailwind|p1b: Whimsicott
|-sidestart|p1: shiny soul420|move: Tailwind
|move|p2b: Ogurin|Flash Cannon|p1b: Whimsicott
|-supereffective|p1b: Whimsicott|1
|-damage|p1b: Whimsicott|0 fnt
|faint|p1b: Whimsicott
|
|win|Suiiroha
