|j|☆NemoAK
|j|☆dabean16
|html|NemoAKdabean16    
|uhtml|bestof|Game 3 of a best-of-3
|t:|1783054112
|gametype|doubles
|player|p1|NemoAK|101|1250
|player|p2|dabean16|2|1227
|gen|9
|tier|[Gen 9 Champions] VGC 2026 Reg M-B (Bo3)
|rated|
|rule|Species Clause: Limit one of each Pokémon
|rule|Item Clause: Limit 1 of each item
|clearpoke
|poke|p1|Charizard, L50, M|
|poke|p1|Whimsicott, L50, M|
|poke|p1|Basculegion, L50, M|
|poke|p1|Farigiraf, L50, M|
|poke|p1|Garchomp, L50, M|
|poke|p1|Staraptor, L50, M|
|poke|p2|Dragonite, L50, M, shiny|
|poke|p2|Scizor, L50, F|
|poke|p2|Incineroar, L50, F|
|poke|p2|Pelipper, L50, F, shiny|
|poke|p2|Basculegion, L50, M, shiny|
|poke|p2|Archaludon, L50, F|
|teampreview|4
|showteam|p1|Charizard||CharizarditeY|Blaze|HeatWave,WeatherBall,SolarBeam,Protect|Modest||M|||50|]Whimsicott||MentalHerb|Prankster|Moonblast,Tailwind,Protect,Tickle|Timid||M|||50|]Basculegion||ChoiceScarf|Adaptability|LastRespects,WaveCrash,AquaJet,FlipTurn|Adamant||M|||50|]Farigiraf||SitrusBerry|ArmorTail|Psychic,HyperVoice,TrickRoom,HelpingHand|Quiet||M|||50|]Garchomp||LifeOrb|RoughSkin|Earthquake,RockSlide,ScaleShot,Protect|Jolly||M|||50|]Staraptor||Staraptite|Intimidate|CloseCombat,BraveBird,Roost,Protect|Jolly||M|||50|
|showteam|p2|Dragonite||Dragoninite|Multiscale|Tailwind,Protect,DragonPulse,Flamethrower|Modest||M|||50|]Scizor||Scizorite|Technician|Protect,SwordsDance,CloseCombat,BulletPunch|Adamant||F|||50|]Incineroar||SitrusBerry|Intimidate|FakeOut,ThroatChop,PartingShot,FlareBlitz|Careful||F|||50|]Pelipper||FocusSash|Drizzle|Tailwind,Hurricane,WeatherBall,Protect|Modest||F|||50|]Basculegion||ChoiceScarf|Adaptability|LastRespects,WaveCrash,FlipTurn,AquaJet|Adamant||M|||50|]Archaludon||ChopleBerry|Stamina|ElectroShot,Protect,DragonPulse,AuraSphere|Calm||F|||50|
|inactive|Battle timer is ON: inactive players will automatically lose when time's up. (requested by NemoAK)
|
|t:|1783054146
|teamsize|p1|4
|teamsize|p2|4
|start
|switch|p1a: Fluffy|Whimsicott, L50, M|100/100
|switch|p1b: Gary’s Raticate|Basculegion, L50, M|100/100
|switch|p2a: Incineroar|Incineroar, L50, F|100/100
|switch|p2b: Pelipper|Pelipper, L50, F, shiny|100/100
|-weather|RainDance|[from] ability: Drizzle|[of] p2b: Pelipper
|-ability|p2a: Incineroar|Intimidate|boost
|-unboost|p1a: Fluffy|atk|1
|-unboost|p1b: Gary’s Raticate|atk|1
|turn|1
|inactive|dabean16 has 30 seconds left.
|inactive|dabean16 has 20 seconds left.
|inactive|dabean16 has 15 seconds left.
|
|t:|1783054188
|move|p1a: Fluffy|Tailwind|p1a: Fluffy
|-sidestart|p1: NemoAK|move: Tailwind
|move|p1b: Gary’s Raticate|Wave Crash|p2a: Incineroar
|-supereffective|p2a: Incineroar|1
|-damage|p2a: Incineroar|0 fnt
|faint|p2a: Incineroar
|-damage|p1b: Gary’s Raticate|65/100|[from] Recoil
|move|p2b: Pelipper|Hurricane|p1a: Fluffy
|-supereffective|p1a: Fluffy|1
|-damage|p1a: Fluffy|0 fnt
|faint|p1a: Fluffy
|
|-weather|RainDance|[upkeep]
|upkeep
|
|t:|1783054202
|switch|p1a: The Biggest Bird|Staraptor, L50, M|100/100
|switch|p2a: Basculegion|Basculegion, L50, M, shiny|100/100
|-ability|p1a: The Biggest Bird|Intimidate|boost
|-unboost|p2a: Basculegion|atk|1
|-unboost|p2b: Pelipper|atk|1
|turn|2
|
|t:|1783054221
|detailschange|p1a: The Biggest Bird|Staraptor-Mega, L50, M
|-mega|p1a: The Biggest Bird|Staraptor|Staraptite
|move|p1b: Gary’s Raticate|Wave Crash|p2a: Basculegion
|-resisted|p2a: Basculegion|1
|-damage|p2a: Basculegion|53/100
|-damage|p1b: Gary’s Raticate|50/100g|[from] Recoil
|move|p1a: The Biggest Bird|Brave Bird|p2a: Basculegion
|-damage|p2a: Basculegion|0 fnt
|faint|p2a: Basculegion
|-damage|p1a: The Biggest Bird|78/100|[from] Recoil
|move|p2b: Pelipper|Tailwind|p2b: Pelipper
|-sidestart|p2: dabean16|move: Tailwind
|
|-weather|RainDance|[upkeep]
|upkeep
|
|t:|1783054232
|switch|p2a: Dragonite|Dragonite, L50, M, shiny|100/100
|turn|3
|
|t:|1783054251
|switch|p1b: 6”3|Farigiraf, L50, M|100/100
|detailschange|p2a: Dragonite|Dragonite-Mega, L50, M, shiny
|-mega|p2a: Dragonite|Dragonite|Dragoninite
|move|p1a: The Biggest Bird|Protect|p1a: The Biggest Bird
|-singleturn|p1a: The Biggest Bird|Protect
|move|p2b: Pelipper|Protect|p2b: Pelipper
|-singleturn|p2b: Pelipper|Protect
|move|p2a: Dragonite|Dragon Pulse|p1b: 6”3
|-damage|p1b: 6”3|56/100
|
|-weather|RainDance|[upkeep]
|upkeep
|turn|4
|inactive|dabean16 has 30 seconds left.
|
|t:|1783054276
|move|p1a: The Biggest Bird|Brave Bird|p2b: Pelipper
|-damage|p2b: Pelipper|13/100
|-damage|p1a: The Biggest Bird|53/100|[from] Recoil
|move|p2a: Dragonite|Dragon Pulse|p1b: 6”3
|-damage|p1b: 6”3|13/100
|-enditem|p1b: 6”3|Sitrus Berry|[eat]
|-heal|p1b: 6”3|38/100|[from] item: Sitrus Berry
|move|p2b: Pelipper|Hurricane|p1b: 6”3
|-damage|p1b: 6”3|0 fnt
|faint|p1b: 6”3
|
|-weather|RainDance|[upkeep]
|-sideend|p1: NemoAK|move: Tailwind
|upkeep
|
|t:|1783054288
|switch|p1b: Gary’s Raticate|Basculegion, L50, M|50/100g
|turn|5
|
|t:|1783054302
|move|p2b: Pelipper|Protect|p2b: Pelipper
|-singleturn|p2b: Pelipper|Protect
|move|p1a: The Biggest Bird|Protect|p1a: The Biggest Bird
|-singleturn|p1a: The Biggest Bird|Protect
|move|p1b: Gary’s Raticate|Aqua Jet|p2b: Pelipper
|-activate|p2b: Pelipper|move: Protect
|move|p2a: Dragonite|Dragon Pulse|p1b: Gary’s Raticate
|-damage|p1b: Gary’s Raticate|0 fnt
|faint|p1b: Gary’s Raticate
|
|-weather|none
|-sideend|p2: dabean16|move: Tailwind
|upkeep
|turn|6
|inactive|dabean16 has 30 seconds left.
|
|t:|1783054336
|move|p1a: The Biggest Bird|Close Combat|p2b: Pelipper
|-resisted|p2b: Pelipper|1
|-damage|p2b: Pelipper|0 fnt
|-boost|p1a: The Biggest Bird|def|1
|-boost|p1a: The Biggest Bird|spd|1
|faint|p2b: Pelipper
|move|p2a: Dragonite|Tailwind|p2a: Dragonite
|-sidestart|p2: dabean16|move: Tailwind
|
|upkeep
|turn|7
|
|t:|1783054344
|move|p2a: Dragonite|Dragon Pulse|p1a: The Biggest Bird
|-damage|p1a: The Biggest Bird|12/100
|move|p1a: The Biggest Bird|Roost|p1a: The Biggest Bird
|-heal|p1a: The Biggest Bird|62/100
|-singleturn|p1a: The Biggest Bird|move: Roost
|
|upkeep
|turn|8
|
|t:|1783054351
|move|p2a: Dragonite|Dragon Pulse|p1a: The Biggest Bird
|-crit|p1a: The Biggest Bird
|-damage|p1a: The Biggest Bird|0 fnt
|faint|p1a: The Biggest Bird
|
|win|dabean16
|raw|NemoAK's rating: 1250 → 1223(-27 for losing)
|raw|dabean16's rating: 1227 → 1254(+27 for winning)
|l|☆NemoAK
|player|p1|
