|j|☆reuman
|j|☆homerj71
|html|reumanhomerj71    
|uhtml|bestof|Game 2 of a best-of-3
|t:|1785744842
|gametype|doubles
|player|p1|reuman|lucas|1059
|player|p2|homerj71|1|1130
|gen|9
|tier|[Gen 9 Champions] VGC 2026 Reg M-B (Bo3)
|rated|
|rule|Species Clause: Limit one of each Pokémon
|rule|Item Clause: Limit 1 of each item
|clearpoke
|poke|p1|Charizard, L50, M, shiny|
|poke|p1|Kangaskhan, L50, F|
|poke|p1|Garchomp, L50, M|
|poke|p1|Milotic, L50, F, shiny|
|poke|p1|Whimsicott, L50, F, shiny|
|poke|p1|Kingambit, L50, F|
|poke|p2|Tyranitar, L50, M|
|poke|p2|Staraptor, L50, F|
|poke|p2|Gholdengo, L50|
|poke|p2|Excadrill, L50, M|
|poke|p2|Sinistcha, L50|
|poke|p2|Milotic, L50, M|
|teampreview|4
|showteam|p1|Charizard||CharizarditeY|Blaze|HeatWave,SolarBeam,Overheat,Protect|Timid||M|||50|]Kangaskhan||Kangaskhanite|Scrappy|DoubleEdge,SuckerPunch,FakeOut,Protect|Jolly||F|||50|]Garchomp||LifeOrb|RoughSkin|RockSlide,DragonClaw,StompingTantrum,Protect|Jolly||M|||50|]Milotic||Leftovers|Competitive|MuddyWater,IcyWind,Recover,Protect|Bold||F|||50|]Whimsicott||FocusSash|Prankster|Moonblast,Encore,Tailwind,Protect|Timid||F|||50|]Kingambit||SitrusBerry|Defiant|KowtowCleave,SuckerPunch,Protect,LowKick|Adamant||F|||50|
|showteam|p2|Tyranitar||Tyranitarite|SandStream|KnockOff,RockSlide,Protect,LowKick|Jolly||M|||50|]Staraptor||Staraptite|Intimidate|DualWingbeat,CloseCombat,Protect,Tailwind|Jolly||F|||50|]Gholdengo||LifeOrb|GoodasGold|MakeItRain,NastyPlot,Protect,ShadowBall|Timid|||||50|]Excadrill||FocusSash|SandRush|HighHorsepower,IronHead,RockSlide,Protect|Adamant||M|||50|]Sinistcha||SitrusBerry|Hospitality|MatchaGotcha,RagePowder,ShadowBall,Protect|Calm|||||50|]Milotic||Leftovers|Competitive|Scald,IcyWind,Protect,IceBeam|Modest||M|||50|
|inactive|Battle timer is ON: inactive players will automatically lose when time's up. (requested by homerj71)
|inactive|reuman has 60 seconds left.
|
|t:|1785744883
|teamsize|p1|4
|teamsize|p2|4
|start
|switch|p1a: Charizard|Charizard, L50, M, shiny|100/100
|switch|p1b: Kangaskhan|Kangaskhan, L50, F|100/100
|switch|p2a: Tyranitar|Tyranitar, L50, M|100/100
|switch|p2b: Excadrill|Excadrill, L50, M|100/100
|-weather|Sandstorm|[from] ability: Sand Stream|[of] p2a: Tyranitar
|turn|1
|
|t:|1785744899
|move|p2b: Excadrill|Protect|p2b: Excadrill
|-singleturn|p2b: Excadrill|Protect
|move|p1a: Charizard|Protect|p1a: Charizard
|-singleturn|p1a: Charizard|Protect
|move|p2a: Tyranitar|Protect|p2a: Tyranitar
|-singleturn|p2a: Tyranitar|Protect
|move|p1b: Kangaskhan|Fake Out|p2b: Excadrill
|-activate|p2b: Excadrill|move: Protect
|
|-weather|Sandstorm|[upkeep]
|-damage|p1a: Charizard|94/100|[from] Sandstorm
|-damage|p1b: Kangaskhan|93/100|[from] Sandstorm
|upkeep
|turn|2
|
|t:|1785744919
|switch|p1a: Garchomp|Garchomp, L50, M|100/100
|detailschange|p2a: Tyranitar|Tyranitar-Mega, L50, M
|-mega|p2a: Tyranitar|Tyranitar|Tyranitarite
|move|p2b: Excadrill|Rock Slide|p1a: Garchomp|[spread] p1a,p1b
|-resisted|p1a: Garchomp|1
|-damage|p1a: Garchomp|89/100
|-damage|p1b: Kangaskhan|69/100
|move|p1b: Kangaskhan|Double-Edge|p2b: Excadrill
|-resisted|p2b: Excadrill|1
|-damage|p2b: Excadrill|65/100
|-damage|p1b: Kangaskhan|57/100|[from] Recoil
|move|p2a: Tyranitar|Low Kick|p1b: Kangaskhan
|-supereffective|p1b: Kangaskhan|1
|-damage|p1b: Kangaskhan|0 fnt
|faint|p1b: Kangaskhan
|
|-weather|Sandstorm|[upkeep]
|upkeep
|
|t:|1785744935
|switch|p1b: Charizard|Charizard, L50, M, shiny|94/100
|turn|3
|
|t:|1785744943
|switch|p2a: Milotic|Milotic, L50, M|100/100
|detailschange|p1b: Charizard|Charizard-Mega-Y, L50, M, shiny
|-mega|p1b: Charizard|Charizard|Charizardite Y
|-weather|SunnyDay|[from] ability: Drought|[of] p1b: Charizard
|move|p2b: Excadrill|Protect|p2b: Excadrill
|-singleturn|p2b: Excadrill|Protect
|move|p1a: Garchomp|Stomping Tantrum|p2a: Milotic
|-damage|p2a: Milotic|54/100
|-damage|p1a: Garchomp|79/100|[from] item: Life Orb
|move|p1b: Charizard|Heat Wave|p2b: Excadrill|[spread] p2a
|-activate|p2b: Excadrill|move: Protect
|-resisted|p2a: Milotic|1
|-damage|p2a: Milotic|31/100
|
|-weather|SunnyDay|[upkeep]
|-heal|p2a: Milotic|37/100|[from] item: Leftovers
|upkeep
|turn|4
|
|t:|1785744955
|switch|p2a: Tyranitar|Tyranitar-Mega, L50, M|100/100
|-weather|Sandstorm|[from] ability: Sand Stream|[of] p2a: Tyranitar
|move|p1b: Charizard|Protect|p1b: Charizard
|-singleturn|p1b: Charizard|Protect
|move|p2b: Excadrill|Rock Slide|p1b: Charizard|[spread] p1a
|-activate|p1b: Charizard|move: Protect
|-resisted|p1a: Garchomp|1
|-crit|p1a: Garchomp
|-damage|p1a: Garchomp|63/100
|move|p1a: Garchomp|Stomping Tantrum|p2b: Excadrill
|-supereffective|p2b: Excadrill|1
|-damage|p2b: Excadrill|0 fnt
|faint|p2b: Excadrill
|-damage|p1a: Garchomp|54/100|[from] item: Life Orb
|
|-weather|Sandstorm|[upkeep]
|-damage|p1b: Charizard|88/100|[from] Sandstorm
|upkeep
|
|t:|1785744968
|switch|p2b: Milotic|Milotic, L50, M|37/100
|turn|5
|
|t:|1785744979
|switch|p1b: Milotic|Milotic, L50, F, shiny|100/100
|move|p1a: Garchomp|Stomping Tantrum|p2a: Tyranitar
|-supereffective|p2a: Tyranitar|1
|-damage|p2a: Tyranitar|35/100
|-damage|p1a: Garchomp|44/100|[from] item: Life Orb
|move|p2a: Tyranitar|Rock Slide|p1a: Garchomp|[spread] p1a,p1b
|-resisted|p1a: Garchomp|1
|-damage|p1a: Garchomp|25/100
|-damage|p1b: Milotic|73/100
|move|p2b: Milotic|Icy Wind|p1a: Garchomp|[spread] p1a,p1b
|-supereffective|p1a: Garchomp|2
|-resisted|p1b: Milotic|1
|-damage|p1a: Garchomp|0 fnt
|-damage|p1b: Milotic|68/100
|-unboost|p1b: Milotic|spe|1
|-ability|p1b: Milotic|Competitive|boost
|-boost|p1b: Milotic|spa|2
|faint|p1a: Garchomp
|
|-weather|Sandstorm|[upkeep]
|-damage|p2b: Milotic|31/100|[from] Sandstorm
|-damage|p1b: Milotic|62/100|[from] Sandstorm
|-heal|p2b: Milotic|37/100|[from] item: Leftovers
|-heal|p1b: Milotic|68/100|[from] item: Leftovers
|upkeep
|-message|homerj71 forfeited.
|
|win|reuman
|raw|reuman's rating: 1059 → 1096(+37 for winning)
|raw|homerj71's rating: 1130 → 1100(-30 for losing)
