|j|☆thedbeast777
|j|☆lexerthanatauros
|html|thedbeast777lexerthanatauros    
|uhtml|bestof|Game 3 of a best-of-3
|t:|1757822403
|gametype|doubles
|player|p1|thedbeast777|102|1066
|player|p2|lexerthanatauros|lucas|1092
|gen|9
|tier|[Gen 9] VGC 2025 Reg H (Bo3)
|rated|
|rule|Species Clause: Limit one of each Pokémon
|rule|Item Clause: Limit 1 of each item
|clearpoke
|poke|p1|Typhlosion-Hisui, L50, F|
|poke|p1|Torkoal, L50, M|
|poke|p1|Incineroar, L50, F|
|poke|p1|Jumpluff, L50, F|
|poke|p1|Ursaluna, L50, M|
|poke|p1|Porygon2, L50|
|poke|p2|Kommo-o, L50, M|
|poke|p2|Typhlosion-Hisui, L50, F|
|poke|p2|Jumpluff, L50, F|
|poke|p2|Ninetales, L50, F|
|poke|p2|Indeedee-F, L50, F|
|poke|p2|Hatterene, L50, F|
|teampreview|4
|showteam|p1|Typhlosion-Hisui||ChoiceSpecs|Blaze|Eruption,Overheat,ShadowBall,HeatWave|||F|||50|,,,,,Fire]Torkoal||EjectPack|Drought|Eruption,Overheat,HelpingHand,Protect|||M|||50|,,,,,Fire]Incineroar||SafetyGoggles|Intimidate|FlareBlitz,KnockOff,FakeOut,PartingShot|||F|||50|,,,,,Ghost]Jumpluff||CovertCloak|Chlorophyll|SleepPowder,SunnyDay,RagePowder,Tailwind|||F|||50|,,,,,Water]Ursaluna||FlameOrb|Guts|HeadlongRush,Facade,Earthquake,Protect|||M|||50|,,,,,Ghost]Porygon2||Eviolite|Download|TeraBlast,IceBeam,Recover,TrickRoom||||||50|,,,,,Fighting
|showteam|p2|Kommo-o||ThroatSpray|Overcoat|ClangorousSoul,ClangingScales,AuraSphere,Protect|||M|||50|,,,,,Dragon]Typhlosion-Hisui||ChoiceScarf|Blaze|Eruption,HeatWave,ShadowBall,Overheat|||F|||50|,,,,,Fire]Jumpluff||CovertCloak|Chlorophyll|RagePowder,SleepPowder,Tailwind,StrengthSap|||F|||50|,,,,,Steel]Ninetales||FocusSash|Drought|WillOWisp,Encore,Disable,WeatherBall|||F|||50|,,,,,Ghost]Indeedee-F||SafetyGoggles|PsychicSurge|TrickRoom,HelpingHand,Protect,Imprison|||F|||50|,,,,,Fairy]Hatterene||LifeOrb|MagicBounce|TrickRoom,ExpandingForce,DazzlingGleam,Protect|||F|||50|,,,,,Psychic
|inactive|Battle timer is ON: inactive players will automatically lose when time's up. (requested by lexerthanatauros)
|inactive|thedbeast777 has 60 seconds left.
|
|t:|1757822463
|teamsize|p1|4
|teamsize|p2|4
|start
|switch|p1a: Incineroar|Incineroar, L50, F|100/100
|switch|p1b: Porygon2|Porygon2, L50|100/100
|switch|p2a: Hatterene|Hatterene, L50, F|100/100
|switch|p2b: Indeedee|Indeedee-F, L50, F|100/100
|-ability|p1a: Incineroar|Intimidate|boost
|-unboost|p2a: Hatterene|atk|1
|-unboost|p2b: Indeedee|atk|1
|-fieldstart|move: Psychic Terrain|[from] ability: Psychic Surge|[of] p2b: Indeedee
|-ability|p1b: Porygon2|Download|boost
|-boost|p1b: Porygon2|atk|1
|turn|1
|
|t:|1757822483
|-terastallize|p2b: Indeedee|Fairy
|move|p2a: Hatterene|Protect|p2a: Hatterene
|-singleturn|p2a: Hatterene|Protect
|move|p1a: Incineroar|Knock Off|p2a: Hatterene
|-activate|p2a: Hatterene|move: Protect
|move|p1b: Porygon2|Ice Beam|p2a: Hatterene
|-activate|p2a: Hatterene|move: Protect
|move|p2b: Indeedee|Trick Room|p2b: Indeedee
|-fieldstart|move: Trick Room|[of] p2b: Indeedee
|
|upkeep
|turn|2
|
|t:|1757822494
|move|p2b: Indeedee|Helping Hand|p2a: Hatterene
|-singleturn|p2a: Hatterene|Helping Hand|[of] p2b: Indeedee
|move|p2a: Hatterene|Expanding Force|p1b: Porygon2|[spread] p1b
|-immune|p1a: Incineroar
|-damage|p1b: Porygon2|35/100
|-damage|p2a: Hatterene|91/100|[from] item: Life Orb
|move|p1b: Porygon2|Ice Beam|p2a: Hatterene
|-damage|p2a: Hatterene|68/100
|move|p1a: Incineroar|Parting Shot|p2a: Hatterene
|move|p2a: Hatterene|Parting Shot|p1a: Incineroar|[from] ability: Magic Bounce
|-unboost|p1a: Incineroar|atk|1
|-unboost|p1a: Incineroar|spa|1
|
|t:|1757822513
|switch|p2a: Kommo-o|Kommo-o, L50, M|100/100|[from] Parting Shot
|
|upkeep
|turn|3
|inactive|thedbeast777 has 30 seconds left.
|inactive|thedbeast777 has 20 seconds left.
|
|t:|1757822556
|move|p2a: Kommo-o|Protect|p2a: Kommo-o
|-singleturn|p2a: Kommo-o|Protect
|move|p1b: Porygon2|Recover|p1b: Porygon2
|-heal|p1b: Porygon2|85/100
|move|p1a: Incineroar|Parting Shot|p2a: Kommo-o
|-activate|p2a: Kommo-o|move: Protect
|move|p2b: Indeedee|Trick Room|p2b: Indeedee
|-fieldend|move: Trick Room
|
|upkeep
|turn|4
|
|t:|1757822574
|move|p2a: Kommo-o|Clangorous Soul|p2a: Kommo-o
|-boost|p2a: Kommo-o|atk|1
|-boost|p2a: Kommo-o|def|1
|-boost|p2a: Kommo-o|spa|1
|-boost|p2a: Kommo-o|spd|1
|-boost|p2a: Kommo-o|spe|1
|-damage|p2a: Kommo-o|68/100
|-enditem|p2a: Kommo-o|Throat Spray
|-boost|p2a: Kommo-o|spa|1|[from] item: Throat Spray
|move|p1a: Incineroar|Parting Shot|p2a: Kommo-o
|-unboost|p2a: Kommo-o|atk|1
|-unboost|p2a: Kommo-o|spa|1
|
|t:|1757822585
|switch|p1a: Ursaluna|Ursaluna, L50, M|100/100|[from] Parting Shot
|move|p2b: Indeedee|Imprison|p2b: Indeedee
|-start|p2b: Indeedee|move: Imprison
|move|p1b: Porygon2|Ice Beam|p2a: Kommo-o
|-supereffective|p2a: Kommo-o
|-damage|p2a: Kommo-o|35/100
|-status|p2a: Kommo-o|frz
|
|-status|p1a: Ursaluna|brn|[from] item: Flame Orb
|upkeep
|turn|5
|
|t:|1757822607
|move|p2b: Indeedee|Helping Hand|p2a: Kommo-o
|-singleturn|p2a: Kommo-o|Helping Hand|[of] p2b: Indeedee
|cant|p2a: Kommo-o|frz
|move|p1a: Ursaluna|Facade|p2b: Indeedee
|-damage|p2b: Indeedee|0 fnt
|faint|p2b: Indeedee
|move|p1b: Porygon2|Ice Beam|p2a: Kommo-o
|-supereffective|p2a: Kommo-o
|-damage|p2a: Kommo-o|2/100 frz
|
|-damage|p1a: Ursaluna|95/100 brn|[from] brn
|-fieldend|move: Psychic Terrain
|upkeep
|
|t:|1757822612
|switch|p2b: Typhlosion|Typhlosion-Hisui, L50, F|100/100
|turn|6
|inactive|thedbeast777 has 30 seconds left.
|inactive|thedbeast777 has 20 seconds left.
|
|t:|1757822648
|move|p2b: Typhlosion|Eruption|p1b: Porygon2|[spread] p1a,p1b
|-damage|p1a: Ursaluna|40/100 brn
|-damage|p1b: Porygon2|60/100
|-curestatus|p2a: Kommo-o|frz|[msg]
|move|p2a: Kommo-o|Clanging Scales|p1a: Ursaluna|[spread] p1a,p1b
|-damage|p1a: Ursaluna|0 fnt
|-damage|p1b: Porygon2|37/100
|faint|p1a: Ursaluna
|-unboost|p2a: Kommo-o|def|1
|move|p1b: Porygon2|Ice Beam|p2a: Kommo-o
|-supereffective|p2a: Kommo-o
|-damage|p2a: Kommo-o|0 fnt
|faint|p2a: Kommo-o
|
|upkeep
|
|t:|1757822659
|switch|p2a: Hatterene|Hatterene, L50, F|68/100
|switch|p1a: Incineroar|Incineroar, L50, F|100/100
|-ability|p1a: Incineroar|Intimidate|boost
|-unboost|p2a: Hatterene|atk|1
|-unboost|p2b: Typhlosion|atk|1
|turn|7
|inactive|thedbeast777 has 30 seconds left.
|inactive|thedbeast777 has 20 seconds left.
|
|t:|1757822697
|move|p1a: Incineroar|Fake Out|p2a: Hatterene
|-damage|p2a: Hatterene|55/100
|move|p2b: Typhlosion|Eruption|p1a: Incineroar|[spread] p1a,p1b
|-resisted|p1a: Incineroar
|-damage|p1a: Incineroar|76/100
|-damage|p1b: Porygon2|9/100
|move|p1b: Porygon2|Recover|p1b: Porygon2
|-heal|p1b: Porygon2|59/100
|cant|p2a: Hatterene|flinch
|
|upkeep
|turn|8
|
|t:|1757822711
|move|p2b: Typhlosion|Eruption|p1a: Incineroar|[spread] p1a,p1b
|-resisted|p1a: Incineroar
|-damage|p1a: Incineroar|49/100
|-damage|p1b: Porygon2|35/100
|move|p1a: Incineroar|Knock Off|p2b: Typhlosion
|-supereffective|p2b: Typhlosion
|-damage|p2b: Typhlosion|0 fnt
|-enditem|p2b: Typhlosion|Choice Scarf|[from] move: Knock Off|[of] p1a: Incineroar
|faint|p2b: Typhlosion
|move|p1b: Porygon2|Recover|p1b: Porygon2
|-heal|p1b: Porygon2|85/100
|move|p2a: Hatterene|Dazzling Gleam|p1a: Incineroar|[spread] p1a,p1b
|-damage|p1a: Incineroar|4/100
|-damage|p1b: Porygon2|65/100
|-damage|p2a: Hatterene|45/100|[from] item: Life Orb
|
|upkeep
|turn|9
|
|t:|1757822718
|move|p1a: Incineroar|Knock Off|p2a: Hatterene
|-crit|p2a: Hatterene
|-damage|p2a: Hatterene|0 fnt
|-enditem|p2a: Hatterene|Life Orb|[from] move: Knock Off|[of] p1a: Incineroar
|faint|p2a: Hatterene
|
|win|thedbeast777
|raw|thedbeast777's rating: 1066 → 1098(+32 for winning)
|raw|lexerthanatauros's rating: 1092 → 1066(-26 for losing)
|l|☆lexerthanatauros
|player|p2|
|l|☆thedbeast777
|player|p1|
