|j|☆JustPeachy7
|j|☆ft5gw c5
|html|JustPeachy7ft5gw c5    
|uhtml|bestof|Game 1 of a best-of-3
|t:|1785157848
|gametype|doubles
|player|p1|JustPeachy7|silver|1076
|player|p2|ft5gw c5|1|1000
|gen|9
|tier|[Gen 9 Champions] VGC 2026 Reg M-B (Bo3)
|rated|
|rule|Species Clause: Limit one of each Pokémon
|rule|Item Clause: Limit 1 of each item
|clearpoke
|poke|p1|Feraligatr, L50, F|
|poke|p1|Talonflame, L50, F, shiny|
|poke|p1|Meowstic, L50, M|
|poke|p1|Overqwil, L50, F|
|poke|p1|Dragalge, L50, F, shiny|
|poke|p1|Lucario, L50, F, shiny|
|poke|p2|Sinistcha, L50|
|poke|p2|Incineroar, L50, F|
|poke|p2|Blaziken, L50, M|
|poke|p2|Aerodactyl, L50, F|
|poke|p2|Slowbro, L50, M|
|poke|p2|Grimmsnarl, L50, M|
|teampreview|4
|showteam|p1|Feraligatr||Feraligite|Torrent|DragonDance,Waterfall,DoubleEdge,Protect|Adamant||F|||50|]Talonflame||PasshoBerry|GaleWings|RainDance,Tailwind,BraveBird,FlareBlitz|Adamant||F|||50|]Meowstic||Meowsticite|Prankster|LightScreen,FakeOut,Psychic,Thunderbolt|Hasty||M|||50|]Overqwil||ShucaBerry|Intimidate|Taunt,ThroatChop,BarbBarrage,Protect|Impish||F|||50|]Dragalge||Leftovers|Adaptability|DracoMeteor,Toxic,Protect,SludgeBomb|Calm||F|||50|]Lucario||LifeOrb|InnerFocus|FocusBlast,VacuumWave,FlashCannon,Protect|Timid||F|||50|
|showteam|p2|Sinistcha||KasibBerry|Hospitality|Protect,MatchaGotcha,ShadowBall,LifeDew|Calm|||||50|]Incineroar||SitrusBerry|Intimidate|Overheat,DarkestLariat,PartingShot,FakeOut|Careful||F|||50|]Blaziken||Blazikenite|SpeedBoost|QuickAttack,CloseCombat,Overheat,Protect|Jolly||M|||50|]Aerodactyl||FocusSash|Unnerve|RockSlide,DualWingbeat,Protect,Tailwind|Jolly||F|||50|]Slowbro||Leftovers|Regenerator|SlackOff,Blizzard,Scald,ThunderWave|Calm||M|||50|]Grimmsnarl||LightClay|Prankster|ThunderPunch,ThroatChop,Reflect,SpiritBreak|Careful||M|||50|
|
|t:|1785157868
|teamsize|p1|4
|teamsize|p2|4
|start
|switch|p1a: Feraligatr|Feraligatr, L50, F|100/100
|switch|p1b: Talonflame|Talonflame, L50, F, shiny|100/100
|switch|p2a: Aerodactyl|Aerodactyl, L50, F|100/100
|switch|p2b: Incineroar|Incineroar, L50, F|100/100
|-ability|p2a: Aerodactyl|Unnerve
|-ability|p2b: Incineroar|Intimidate|boost
|-unboost|p1a: Feraligatr|atk|1
|-unboost|p1b: Talonflame|atk|1
|turn|1
|
|t:|1785157885
|detailschange|p1a: Feraligatr|Feraligatr-Mega, L50, F
|-mega|p1a: Feraligatr|Feraligatr|Feraligite
|move|p2b: Incineroar|Fake Out|p1a: Feraligatr
|-damage|p1a: Feraligatr|88/100
|move|p1b: Talonflame|Tailwind|p1b: Talonflame
|-sidestart|p1: JustPeachy7|move: Tailwind
|cant|p1a: Feraligatr|flinch
|move|p2a: Aerodactyl|Rock Slide|p1a: Feraligatr|[spread] p1a,p1b
|-supereffective|p1b: Talonflame|2
|-damage|p1a: Feraligatr|64/100
|-damage|p1b: Talonflame|0 fnt
|faint|p1b: Talonflame
|
|upkeep
|inactive|Battle timer is ON: inactive players will automatically lose when time's up. (requested by ft5gw c5)
|
|t:|1785157965
|switch|p1b: Overqwil|Overqwil, L50, F|100/100
|-ability|p1b: Overqwil|Intimidate|boost
|-unboost|p2a: Aerodactyl|atk|1
|-unboost|p2b: Incineroar|atk|1
|turn|2
|
|t:|1785157988
|switch|p1a: Dragalge|Dragalge, L50, F, shiny|100/100
|move|p1b: Overqwil|Barb Barrage|p2b: Incineroar
|-damage|p2b: Incineroar|76/100
|-status|p2b: Incineroar|psn
|move|p2a: Aerodactyl|Tailwind|p2a: Aerodactyl
|-sidestart|p2: ft5gw c5|move: Tailwind
|move|p2b: Incineroar|Darkest Lariat|p1a: Dragalge
|-crit|p1a: Dragalge
|-damage|p1a: Dragalge|36/100
|
|-heal|p1a: Dragalge|42/100|[from] item: Leftovers
|-damage|p2b: Incineroar|64/100 psn|[from] psn
|upkeep
|turn|3
|inactive|ft5gw c5 has 30 seconds left.
|
|t:|1785158015
|move|p2a: Aerodactyl|Rock Slide|p1b: Overqwil|[spread] p1a,p1b
|-damage|p1a: Dragalge|16/100
|-damage|p1b: Overqwil|86/100
|move|p1b: Overqwil|Barb Barrage|p2a: Aerodactyl
|-resisted|p2a: Aerodactyl|1
|-damage|p2a: Aerodactyl|80/100
|-status|p2a: Aerodactyl|psn
|move|p2b: Incineroar|Darkest Lariat|p1a: Dragalge
|-damage|p1a: Dragalge|0 fnt
|faint|p1a: Dragalge
|
|-damage|p2a: Aerodactyl|68/100 psn|[from] psn
|-damage|p2b: Incineroar|51/100 psn|[from] psn
|upkeep
|
|t:|1785158024
|switch|p1a: Feraligatr|Feraligatr-Mega, L50, F|64/100
|turn|4
|
|t:|1785158040
|move|p2a: Aerodactyl|Rock Slide|p1a: Feraligatr|[spread] p1a
|-miss|p2a: Aerodactyl|p1b: Overqwil
|-damage|p1a: Feraligatr|49/100
|move|p1a: Feraligatr|Waterfall|p2a: Aerodactyl
|-supereffective|p2a: Aerodactyl|1
|-damage|p2a: Aerodactyl|0 fnt
|faint|p2a: Aerodactyl
|move|p1b: Overqwil|Barb Barrage|p2b: Incineroar
|-damage|p2b: Incineroar|1/100 psn
|-enditem|p2b: Incineroar|Sitrus Berry|[eat]
|-heal|p2b: Incineroar|26/100 psn|[from] item: Sitrus Berry
|move|p2b: Incineroar|Overheat|p2: Aerodactyl|[notarget]
|-fail|p2b: Incineroar
|
|-damage|p2b: Incineroar|14/100 psn|[from] psn
|-sideend|p1: JustPeachy7|move: Tailwind
|upkeep
|
|t:|1785158056
|switch|p2a: Sinistcha|Sinistcha, L50|100/100
|-heal|p2b: Incineroar|38/100 psn|[from] ability: Hospitality|[of] p2a: Sinistcha
|turn|5
|
|t:|1785158066
|move|p2b: Incineroar|Overheat|p1b: Overqwil
|-damage|p1b: Overqwil|44/100
|-unboost|p2b: Incineroar|spa|2
|move|p2a: Sinistcha|Matcha Gotcha|p1a: Feraligatr|[spread] p1a,p1b
|-resisted|p1b: Overqwil|1
|-damage|p1a: Feraligatr|18/100
|-damage|p1b: Overqwil|27/100
|-status|p1a: Feraligatr|brn
|-status|p1b: Overqwil|brn
|move|p1a: Feraligatr|Dragon Dance|p1a: Feraligatr
|-boost|p1a: Feraligatr|atk|1
|-boost|p1a: Feraligatr|spe|1
|move|p1b: Overqwil|Taunt|p2a: Sinistcha
|-start|p2a: Sinistcha|move: Taunt
|
|-damage|p2b: Incineroar|26/100 psn|[from] psn
|-damage|p1a: Feraligatr|11/100 brn|[from] brn
|-damage|p1b: Overqwil|20/100y brn|[from] brn
|-sideend|p2: ft5gw c5|move: Tailwind
|upkeep
|turn|6
|inactive|JustPeachy7 has 30 seconds left.
|inactive|ft5gw c5 has 30 seconds left.
|inactive|ft5gw c5 has 20 seconds left.
|
|t:|1785158102
|move|p1a: Feraligatr|Double-Edge|p2a: Sinistcha
|-damage|p2a: Sinistcha|40/100
|-damage|p1a: Feraligatr|0 fnt|[from] Recoil
|faint|p1a: Feraligatr
|move|p1b: Overqwil|Barb Barrage|p2b: Incineroar
|-damage|p2b: Incineroar|2/100 psn
|move|p2b: Incineroar|Overheat|p1b: Overqwil
|-damage|p1b: Overqwil|0 fnt
|-unboost|p2b: Incineroar|spa|2
|faint|p1b: Overqwil
|
|win|ft5gw c5
