|j|☆LookBackInBanger
|j|☆seannnmcg
|html|LookBackInBangerseannnmcg    
|uhtml|bestof|Game 1 of a best-of-3
|t:|1756491082
|gametype|doubles
|player|p1|LookBackInBanger|mina|1125
|player|p2|seannnmcg|1|1050
|gen|9
|tier|[Gen 9] VGC 2025 Reg H (Bo3)
|rated|
|rule|Species Clause: Limit one of each Pokémon
|rule|Item Clause: Limit 1 of each item
|clearpoke
|poke|p1|Dragonite, L50, M|
|poke|p1|Electabuzz, L50, M|
|poke|p1|Indeedee, L50, M|
|poke|p1|Sneasler, L50, F|
|poke|p1|Talonflame, L50, F|
|poke|p1|Ursaluna-Bloodmoon, L50, M|
|poke|p2|Pelipper, L50, M|
|poke|p2|Ludicolo, L50, M|
|poke|p2|Ninetales-Alola, L50, F|
|poke|p2|Beartic, L50, F|
|poke|p2|Archaludon, L50, F|
|poke|p2|Porygon2, L50|
|teampreview|4
|showteam|p1|Dragonite||LoadedDice|Multiscale|ScaleShot,StompingTantrum,Haze,Protect|||M|||50|,,,,,Fairy]Electabuzz||Eviolite|VitalSpirit|Electroweb,FollowMe,Taunt,Protect|||M|||50|,,,,,Dragon]Indeedee||FocusSash|PsychicSurge|ExpandingForce,HelpingHand,TrickRoom,Imprison|||M|||50|,,,,,Psychic]Sneasler||PsychicSeed|Unburden|DireClaw,CloseCombat,ThroatChop,Protect|||F|||50|,,,,,Stellar]Talonflame||CovertCloak|GaleWings|FlareBlitz,DualWingbeat,WillOWisp,Tailwind|||F|||50|,,,,,Stellar]Ursaluna-Bloodmoon||LifeOrb|MindsEye|BloodMoon,HyperVoice,EarthPower,Protect|||M|||50|,,,,,Normal
|showteam|p2|Pelipper||CovertCloak|Drizzle|WeatherBall,Hurricane,Uturn,Tailwind|||M|||50|,,,,,Ghost]Ludicolo||KingsRock|SwiftSwim|WeatherBall,Fling,FakeOut,Protect|||M|||50|,,,,,Ice]Ninetales-Alola||LightClay|SnowWarning|Blizzard,Moonblast,AuroraVeil,HelpingHand|||F|||50|,,,,,Fire]Beartic||ClearAmulet|SlushRush|IcePunch,CloseCombat,XScissor,AquaJet|||F|||50|,,,,,Ghost]Archaludon||PowerHerb|Stalwart|ElectroShot,Thunderbolt,DragonPulse,Protect|||F|||50|,,,,,Electric]Porygon2||Eviolite|Download|Psychic,TriAttack,TrickRoom,Recover||||||50|,,,,,Psychic
|
|t:|1756491170
|teamsize|p1|4
|teamsize|p2|4
|start
|switch|p1a: Indeedee|Indeedee, L50, M|100/100
|switch|p1b: Sneasler|Sneasler, L50, F|100/100
|switch|p2a: Ninetales|Ninetales-Alola, L50, F|100/100
|switch|p2b: Porygon2|Porygon2, L50|100/100
|-weather|Snowscape|[from] ability: Snow Warning|[of] p2a: Ninetales
|-fieldstart|move: Psychic Terrain|[from] ability: Psychic Surge|[of] p1a: Indeedee
|-enditem|p1b: Sneasler|Psychic Seed
|-boost|p1b: Sneasler|spd|1|[from] item: Psychic Seed
|-ability|p2b: Porygon2|Download|boost
|-boost|p2b: Porygon2|atk|1
|turn|1
|
|t:|1756491228
|move|p1b: Sneasler|Dire Claw|p2a: Ninetales
|-supereffective|p2a: Ninetales
|-damage|p2a: Ninetales|29/100
|move|p2a: Ninetales|Aurora Veil|p2a: Ninetales
|-sidestart|p2: seannnmcg|move: Aurora Veil
|move|p1a: Indeedee|Imprison|p1a: Indeedee
|-start|p1a: Indeedee|move: Imprison
|move|p2b: Porygon2|Psychic|p1b: Sneasler
|-supereffective|p1b: Sneasler
|-damage|p1b: Sneasler|0 fnt
|faint|p1b: Sneasler
|
|-weather|Snowscape|[upkeep]
|upkeep
|
|t:|1756491244
|switch|p1b: Electabuzz|Electabuzz, L50, M|100/100
|turn|2
|
|t:|1756491277
|move|p1b: Electabuzz|Follow Me|p1b: Electabuzz
|-singleturn|p1b: Electabuzz|move: Follow Me
|move|p2a: Ninetales|Blizzard|p1b: Electabuzz|[spread] p1a,p1b
|-crit|p1b: Electabuzz
|-damage|p1a: Indeedee|65/100
|-damage|p1b: Electabuzz|67/100
|move|p1a: Indeedee|Expanding Force|p2b: Porygon2|[spread] p2a,p2b
|-damage|p2a: Ninetales|0 fnt
|-damage|p2b: Porygon2|77/100
|faint|p2a: Ninetales
|move|p2b: Porygon2|Psychic|p1b: Electabuzz
|-damage|p1b: Electabuzz|40/100
|
|-weather|Snowscape|[upkeep]
|upkeep
|
|t:|1756491295
|switch|p2a: Ludicolo|Ludicolo, L50, M, shiny|100/100
|turn|3
|
|t:|1756491344
|move|p1b: Electabuzz|Follow Me|p1b: Electabuzz
|-singleturn|p1b: Electabuzz|move: Follow Me
|move|p1a: Indeedee|Expanding Force|p2b: Porygon2|[spread] p2a,p2b
|-damage|p2a: Ludicolo|59/100
|-damage|p2b: Porygon2|50/100
|move|p2a: Ludicolo|Weather Ball|p1b: Electabuzz
|-damage|p1b: Electabuzz|15/100
|move|p2b: Porygon2|Psychic|p1b: Electabuzz
|-damage|p1b: Electabuzz|0 fnt
|faint|p1b: Electabuzz
|
|-weather|Snowscape|[upkeep]
|upkeep
|
|t:|1756491356
|switch|p1b: Ursaluna|Ursaluna-Bloodmoon, L50, M|100/100
|turn|4
|
|t:|1756491374
|-terastallize|p1b: Ursaluna|Normal
|move|p1a: Indeedee|Expanding Force|p2b: Porygon2|[spread] p2a,p2b
|-damage|p2a: Ludicolo|16/100
|-damage|p2b: Porygon2|25/100
|move|p2a: Ludicolo|Weather Ball|p1b: Ursaluna
|-damage|p1b: Ursaluna|57/100
|move|p1b: Ursaluna|Hyper Voice|p2b: Porygon2|[spread] p2a,p2b
|-damage|p2a: Ludicolo|0 fnt
|-damage|p2b: Porygon2|0 fnt
|faint|p2a: Ludicolo
|faint|p2b: Porygon2
|-damage|p1b: Ursaluna|48/100|[from] item: Life Orb
|
|-weather|Snowscape|[upkeep]
|upkeep
|
|t:|1756491390
|switch|p2a: Archaludon|Archaludon, L50, F|100/100
|turn|5
|
|t:|1756491410
|-terastallize|p2a: Archaludon|Electric
|move|p1b: Ursaluna|Protect|p1b: Ursaluna
|-singleturn|p1b: Ursaluna|Protect
|move|p1a: Indeedee|Expanding Force|p2a: Archaludon
|-damage|p2a: Archaludon|23/100
|move|p2a: Archaludon|Electro Shot||[still]
|-prepare|p2a: Archaludon|Electro Shot
|-boost|p2a: Archaludon|spa|1
|-enditem|p2a: Archaludon|Power Herb
|-anim|p2a: Archaludon|Electro Shot|p1b: Ursaluna
|-activate|p1b: Ursaluna|move: Protect
|
|-weather|none
|-fieldend|move: Psychic Terrain
|upkeep
|turn|6
|
|t:|1756491427
|move|p1a: Indeedee|Expanding Force|p2a: Archaludon
|-damage|p2a: Archaludon|0 fnt
|faint|p2a: Archaludon
|
|win|LookBackInBanger
||LookBackInBanger is ready for game 2.
||seannnmcg is ready for game 2.
|uhtml|next|Next: Game 2 of 3
|l|☆seannnmcg
|player|p2|
