|j|☆plaidhaxx
|j|☆AviDotWav
|html|plaidhaxxAviDotWav    
|uhtml|bestof|Game 2 of a best-of-3
|t:|1785959193
|gametype|doubles
|player|p1|plaidhaxx|grimsley|
|player|p2|AviDotWav|jacinthe|
|gen|9
|tier|[Gen 9 Champions] VGC 2026 Reg M-B (Bo3)
|rule|Species Clause: Limit one of each Pokémon
|rule|Item Clause: Limit 1 of each item
|clearpoke
|poke|p1|Kommo-o, L50, F|
|poke|p1|Excadrill, L50, F|
|poke|p1|Tyranitar, L50, M|
|poke|p1|Grimmsnarl, L50, M|
|poke|p1|Scovillain, L50, M|
|poke|p1|Basculegion, L50, M|
|poke|p2|Audino, L50, F|
|poke|p2|Kingambit, L50, F|
|poke|p2|Incineroar, L50, M|
|poke|p2|Farigiraf, L50, F|
|poke|p2|Torkoal, L50, F|
|poke|p2|Mawile, L50, F|
|teampreview|4
|showteam|p1|Kommo-o||Leftovers|Overcoat|ClangingScales,ClangorousSoul,AuraSphere,Protect|Modest||F|||50|]Excadrill||LifeOrb|SandRush|HighHorsepower,RockSlide,IronHead,Protect|Adamant||F|||50|]Tyranitar||Tyranitarite|SandStream|DragonDance,RockSlide,KnockOff,Protect|Jolly||M|||50|]Grimmsnarl||LightClay|Prankster|SpiritBreak,LightScreen,Reflect,FakeOut|Impish||M|||50|]Scovillain||Scovillainite|Moody|Protect,RagePowder,Overheat,EnergyBall|Bold||M|||50|]Basculegion||ChoiceScarf|Adaptability|WaveCrash,LastRespects,AquaJet,FlipTurn|Adamant||M|||50|
|showteam|p2|Audino||Audinite|Regenerator|HelpingHand,TrickRoom,LifeDew,DazzlingGleam|Relaxed||F|||50|]Kingambit||BlackGlasses|Defiant|Protect,IronHead,KowtowCleave,SuckerPunch|Brave||F|||50|]Incineroar||SitrusBerry|Intimidate|FakeOut,ThroatChop,PartingShot,FlareBlitz|Adamant||M|||50|]Farigiraf||ColburBerry|ArmorTail|Psyshock,Thunderbolt,TrickRoom,HelpingHand|Sassy||F|||50|]Torkoal||Charcoal|Drought|Protect,Eruption,WeatherBall,EarthPower|Quiet||F|||50|]Mawile||Mawilite|HyperCutter|SwordsDance,RockSlide,SuckerPunch,PlayRough|Brave||F|||50|
|inactive|Battle timer is ON: inactive players will automatically lose when time's up. (requested by AviDotWav)
|inactive|plaidhaxx has 60 seconds left.
|inactive|plaidhaxx has 30 seconds left.
|
|t:|1785959255
|teamsize|p1|4
|teamsize|p2|4
|start
|switch|p1a: Tyranitar|Tyranitar, L50, M|100/100
|switch|p1b: Grimmsnarl|Grimmsnarl, L50, M|100/100
|switch|p2a: Seraphine|Audino, L50, F|100/100
|switch|p2b: Ornn|Incineroar, L50, M|100/100
|-weather|Sandstorm|[from] ability: Sand Stream|[of] p1a: Tyranitar
|-ability|p2b: Ornn|Intimidate|boost
|-unboost|p1a: Tyranitar|atk|1
|-unboost|p1b: Grimmsnarl|atk|1
|turn|1
|
|t:|1785959277
|detailschange|p2a: Seraphine|Audino-Mega, L50, F
|-mega|p2a: Seraphine|Audino|Audinite
|move|p2b: Ornn|Fake Out|p1b: Grimmsnarl
|-damage|p1b: Grimmsnarl|88/100
|cant|p1b: Grimmsnarl|flinch
|move|p1a: Tyranitar|Knock Off|p2b: Ornn
|-resisted|p2b: Ornn|1
|-damage|p2b: Ornn|86/100
|-enditem|p2b: Ornn|Sitrus Berry|[from] move: Knock Off|[of] p1a: Tyranitar
|move|p2a: Seraphine|Trick Room|p2a: Seraphine
|-fieldstart|move: Trick Room|[of] p2a: Seraphine
|
|-weather|Sandstorm|[upkeep]
|-damage|p2a: Seraphine|94/100|[from] Sandstorm
|-damage|p1b: Grimmsnarl|82/100|[from] Sandstorm
|-damage|p2b: Ornn|80/100|[from] Sandstorm
|upkeep
|turn|2
|
|t:|1785959292
|move|p1b: Grimmsnarl|Reflect|p1b: Grimmsnarl
|-sidestart|p1: plaidhaxx|Reflect
|move|p2a: Seraphine|Dazzling Gleam|p1b: Grimmsnarl|[spread] p1a,p1b
|-supereffective|p1a: Tyranitar|1
|-supereffective|p1b: Grimmsnarl|1
|-damage|p1a: Tyranitar|76/100
|-damage|p1b: Grimmsnarl|48/100
|move|p2b: Ornn|Parting Shot|p1a: Tyranitar
|-unboost|p1a: Tyranitar|atk|1
|-unboost|p1a: Tyranitar|spa|1
|
|t:|1785959297
|switch|p2b: Rell|Kingambit, L50, F|100/100|[from] Parting Shot
|move|p1a: Tyranitar|Rock Slide|p2b: Rell|[spread] p2a,p2b
|-resisted|p2b: Rell|1
|-crit|p2b: Rell
|-damage|p2a: Seraphine|85/100
|-damage|p2b: Rell|83/100
|
|-weather|Sandstorm|[upkeep]
|-damage|p2a: Seraphine|79/100|[from] Sandstorm
|-damage|p1b: Grimmsnarl|42/100|[from] Sandstorm
|upkeep
|turn|3
|
|t:|1785959308
|move|p1b: Grimmsnarl|Light Screen|p1b: Grimmsnarl
|-sidestart|p1: plaidhaxx|move: Light Screen
|move|p2b: Rell|Iron Head|p1a: Tyranitar
|-supereffective|p1a: Tyranitar|1
|-damage|p1a: Tyranitar|15/100
|move|p2a: Seraphine|Dazzling Gleam|p1a: Tyranitar|[spread] p1a,p1b
|-supereffective|p1a: Tyranitar|1
|-supereffective|p1b: Grimmsnarl|1
|-damage|p1a: Tyranitar|0 fnt
|-damage|p1b: Grimmsnarl|22/100
|faint|p1a: Tyranitar
|
|-weather|Sandstorm|[upkeep]
|-damage|p2a: Seraphine|73/100|[from] Sandstorm
|-damage|p1b: Grimmsnarl|16/100|[from] Sandstorm
|upkeep
|
|t:|1785959313
|switch|p1a: Scovillain|Scovillain, L50, M|100/100
|turn|4
|
|t:|1785959332
|detailschange|p1a: Scovillain|Scovillain-Mega, L50, M
|-mega|p1a: Scovillain|Scovillain|Scovillainite
|move|p1a: Scovillain|Rage Powder|p1a: Scovillain
|-singleturn|p1a: Scovillain|move: Rage Powder
|move|p2a: Seraphine|Dazzling Gleam|p1b: Grimmsnarl|[spread] p1a,p1b
|-resisted|p1a: Scovillain|1
|-supereffective|p1b: Grimmsnarl|1
|-damage|p1a: Scovillain|94/100
|-damage|p1b: Grimmsnarl|0 fnt
|-status|p2a: Seraphine|brn|[from] ability: Spicy Spray|[of] p1a: Scovillain
|faint|p1b: Grimmsnarl
|move|p2b: Rell|Kowtow Cleave|p1a: Scovillain
|-damage|p1a: Scovillain|53/100
|-status|p2b: Rell|brn|[from] ability: Spicy Spray|[of] p1a: Scovillain
|
|-weather|Sandstorm|[upkeep]
|-damage|p2a: Seraphine|67/100 brn|[from] Sandstorm
|-damage|p1a: Scovillain|47/100|[from] Sandstorm
|-activate|p2a: Seraphine|ability: Healer
|-curestatus|p2b: Rell|brn|[msg]
|-damage|p2a: Seraphine|61/100 brn|[from] brn
|upkeep
|
|t:|1785959346
|switch|p1b: Excadrill|Excadrill, L50, F|100/100
|turn|5
|
|t:|1785959363
|switch|p2b: Ornn|Incineroar, L50, M|80/100
|-ability|p2b: Ornn|Intimidate|boost
|-unboost|p1a: Scovillain|atk|1
|-unboost|p1b: Excadrill|atk|1
|move|p2a: Seraphine|Life Dew|p2a: Seraphine|[spread] p2a,p2b
|-heal|p2a: Seraphine|86/100 brn
|-heal|p2b: Ornn|100/100
|move|p1a: Scovillain|Overheat|p2b: Ornn
|-resisted|p2b: Ornn|1
|-damage|p2b: Ornn|74/100
|-unboost|p1a: Scovillain|spa|2
|move|p1b: Excadrill|High Horsepower|p2b: Ornn
|-supereffective|p2b: Ornn|1
|-damage|p2b: Ornn|0 fnt
|faint|p2b: Ornn
|-damage|p1b: Excadrill|90/100|[from] item: Life Orb
|
|-weather|none
|-damage|p2a: Seraphine|80/100 brn|[from] brn
|-fieldend|move: Trick Room
|upkeep
|
|t:|1785959382
|switch|p2b: Leona|Torkoal, L50, F|100/100
|-weather|SunnyDay|[from] ability: Drought|[of] p2b: Leona
|turn|6
|inactive|plaidhaxx has 30 seconds left.
|
|t:|1785959409
|move|p1b: Excadrill|Iron Head|p2a: Seraphine
|-supereffective|p2a: Seraphine|1
|-damage|p2a: Seraphine|29/100 brn
|-damage|p1b: Excadrill|80/100|[from] item: Life Orb
|move|p1a: Scovillain|Overheat|p2a: Seraphine
|-damage|p2a: Seraphine|2/100 brn
|-unboost|p1a: Scovillain|spa|2
|move|p2b: Leona|Eruption|p1b: Excadrill|[spread] p1a,p1b
|-supereffective|p1b: Excadrill|1
|-damage|p1a: Scovillain|0 fnt
|-damage|p1b: Excadrill|0 fnt
|-immune|p2b: Leona
|faint|p1a: Scovillain
|faint|p1b: Excadrill
|
|win|AviDotWav
