|j|☆Chelicerate1
|j|☆LyricSum
|html|Chelicerate1LyricSum    
|uhtml|bestof|Game 1 of a best-of-3
|t:|1784554402
|gametype|doubles
|player|p1|Chelicerate1|ethan|1345
|player|p2|LyricSum|veteran|1254
|gen|9
|tier|[Gen 9 Champions] VGC 2026 Reg M-B (Bo3)
|rated|
|rule|Species Clause: Limit one of each Pokémon
|rule|Item Clause: Limit 1 of each item
|clearpoke
|poke|p1|Sneasler, L50, M|
|poke|p1|Blastoise, L50, M|
|poke|p1|Incineroar, L50, M|
|poke|p1|Kingambit, L50, M|
|poke|p1|Delphox, L50, F|
|poke|p1|Sinistcha, L50|
|poke|p2|Froslass, L50, F, shiny|
|poke|p2|Sneasler, L50, M, shiny|
|poke|p2|Lycanroc-Dusk, L50, M, shiny|
|poke|p2|Whimsicott, L50, F, shiny|
|poke|p2|Maushold-Four, L50, shiny|
|poke|p2|Rotom-Wash, L50, shiny|
|teampreview|4
|showteam|p1|Sneasler||FocusSash|PoisonTouch|FakeOut,CloseCombat,DireClaw,QuickGuard|Jolly||M|||50|]Blastoise||Blastoisinite|Torrent|WaterSpout,DarkPulse,ShellSmash,Protect|Modest||M|||50|]Incineroar||SitrusBerry|Intimidate|FakeOut,FlareBlitz,PartingShot,HelpingHand|Careful||M|||50|]Kingambit||LifeOrb|Defiant|KowtowCleave,SuckerPunch,SwordsDance,Protect|Adamant||M|||50|]Delphox||Delphoxite|Blaze|HeatWave,NastyPlot,Psyshock,Protect|Timid||F|||50|]Sinistcha||ColburBerry|Hospitality|MatchaGotcha,RagePowder,TrickRoom,Protect|Bold|||||50|
|showteam|p2|Froslass||Froslassite|CursedBody|NastyPlot,Blizzard,ShadowBall,Protect|Timid||F|||50|]Sneasler||WhiteHerb|Unburden|FakeOut,CloseCombat,DireClaw,ThroatChop|Adamant||M|||50|]Lycanroc-Dusk||FocusSash|ToughClaws|Accelerock,RockSlide,CloseCombat,Protect|Jolly||M|||50|]Whimsicott||FairyFeather|Prankster|Tailwind,Moonblast,Encore,Protect|Timid||F|||50|]Maushold-Four||SitrusBerry|FriendGuard|SuperFang,FollowMe,Taunt,Protect|Timid|||||50|]Rotom-Wash||ChoiceScarf|Levitate|VoltSwitch,HydroPump,Thunderbolt,Trick|Timid|||||50|
|inactive|Battle timer is ON: inactive players will automatically lose when time's up. (requested by LyricSum)
|inactive|Chelicerate1 also wants the timer to be on.
|inactive|Chelicerate1 has 60 seconds left.
|inactive|LyricSum has 60 seconds left.
|
|t:|1784554459
|teamsize|p1|4
|teamsize|p2|4
|start
|switch|p1a: Blastoise|Blastoise, L50, M|100/100
|switch|p1b: Incineroar|Incineroar, L50, M|100/100
|switch|p2a: Dress2Impress|Froslass, L50, F, shiny|100/100
|switch|p2b: Haribo|Sneasler, L50, M, shiny|100/100
|-ability|p1b: Incineroar|Intimidate|boost
|-unboost|p2a: Dress2Impress|atk|1
|-unboost|p2b: Haribo|atk|1
|-enditem|p2b: Haribo|White Herb
|-clearnegativeboost|p2b: Haribo|[silent]
|turn|1
|inactive|Chelicerate1 has 30 seconds left.
|inactive|Chelicerate1 has 20 seconds left.
|
|t:|1784554495
|switch|p2a: Stuffed|Whimsicott, L50, F, shiny|100/100
|detailschange|p1a: Blastoise|Blastoise-Mega, L50, M
|-mega|p1a: Blastoise|Blastoise|Blastoisinite
|move|p2b: Haribo|Fake Out|p1b: Incineroar
|-damage|p1b: Incineroar|84/100
|cant|p1b: Incineroar|flinch
|move|p1a: Blastoise|Shell Smash|p1a: Blastoise
|-unboost|p1a: Blastoise|def|1
|-unboost|p1a: Blastoise|spd|1
|-boost|p1a: Blastoise|atk|2
|-boost|p1a: Blastoise|spa|2
|-boost|p1a: Blastoise|spe|2
|
|upkeep
|turn|2
|
|t:|1784554509
|move|p1a: Blastoise|Protect|p1a: Blastoise
|-singleturn|p1a: Blastoise|Protect
|move|p2a: Stuffed|Encore|p1a: Blastoise
|-activate|p1a: Blastoise|move: Protect
|move|p2b: Haribo|Close Combat|p1b: Incineroar
|-supereffective|p1b: Incineroar|1
|-damage|p1b: Incineroar|0 fnt
|-unboost|p2b: Haribo|def|1
|-unboost|p2b: Haribo|spd|1
|faint|p1b: Incineroar
|
|upkeep
|
|t:|1784554513
|switch|p1b: Sinistcha|Sinistcha, L50|100/100
|turn|3
|
|t:|1784554522
|switch|p2b: Dress2Impress|Froslass, L50, F, shiny|100/100
|move|p1b: Sinistcha|Rage Powder|p1b: Sinistcha
|-singleturn|p1b: Sinistcha|move: Rage Powder
|move|p2a: Stuffed|Encore|p1a: Blastoise
|-start|p1a: Blastoise|Encore
|move|p1a: Blastoise|Protect||[still]
|-fail|p1a: Blastoise
|
|upkeep
|turn|4
|
|t:|1784554535
|switch|p1b: Kingambit|Kingambit, L50, M|100/100
|detailschange|p2b: Dress2Impress|Froslass-Mega, L50, F, shiny
|-mega|p2b: Dress2Impress|Froslass|Froslassite
|-weather|Snowscape|[from] ability: Snow Warning|[of] p2b: Dress2Impress
|move|p1a: Blastoise|Protect|p1a: Blastoise
|-singleturn|p1a: Blastoise|Protect
|move|p2b: Dress2Impress|Blizzard|p1a: Blastoise|[spread] p1b
|-activate|p1a: Blastoise|move: Protect
|-resisted|p1b: Kingambit|1
|-damage|p1b: Kingambit|79/100
|move|p2a: Stuffed|Moonblast|p1b: Kingambit
|-damage|p1b: Kingambit|38/100
|
|-weather|Snowscape|[upkeep]
|upkeep
|turn|5
|
|t:|1784554557
|switch|p1a: Sinistcha|Sinistcha, L50|100/100
|-heal|p1b: Kingambit|63/100|[from] ability: Hospitality|[of] p1a: Sinistcha
|move|p2b: Dress2Impress|Nasty Plot|p2b: Dress2Impress
|-boost|p2b: Dress2Impress|spa|2
|move|p2a: Stuffed|Moonblast|p1b: Kingambit
|-damage|p1b: Kingambit|24/100
|-unboost|p1b: Kingambit|spa|1
|-ability|p1b: Kingambit|Defiant|boost
|-boost|p1b: Kingambit|atk|2
|move|p1b: Kingambit|Swords Dance|p1b: Kingambit
|-boost|p1b: Kingambit|atk|2
|
|-weather|Snowscape|[upkeep]
|upkeep
|turn|6
|
|t:|1784554573
|switch|p1a: Blastoise|Blastoise-Mega, L50, M|100/100
|move|p1b: Kingambit|Protect|p1b: Kingambit
|-singleturn|p1b: Kingambit|Protect
|move|p2b: Dress2Impress|Blizzard|p1a: Blastoise|[spread] p1a
|-activate|p1b: Kingambit|move: Protect
|-resisted|p1a: Blastoise|1
|-damage|p1a: Blastoise|55/100
|move|p2a: Stuffed|Moonblast|p1b: Kingambit
|-activate|p1b: Kingambit|move: Protect
|
|-weather|Snowscape|[upkeep]
|upkeep
|turn|7
|
|t:|1784554594
|switch|p1a: Sinistcha|Sinistcha, L50|100/100
|-heal|p1b: Kingambit|48/100|[from] ability: Hospitality|[of] p1a: Sinistcha
|move|p2b: Dress2Impress|Protect|p2b: Dress2Impress
|-singleturn|p2b: Dress2Impress|Protect
|move|p1b: Kingambit|Sucker Punch||[still]
|-fail|p1b: Kingambit
|move|p2a: Stuffed|Moonblast|p1b: Kingambit
|-damage|p1b: Kingambit|5/100
|-unboost|p1b: Kingambit|spa|1
|-ability|p1b: Kingambit|Defiant|boost
|-boost|p1b: Kingambit|atk|2
|
|-weather|Snowscape|[upkeep]
|upkeep
|turn|8
|inactive|Chelicerate1 has 30 seconds left.
|
|t:|1784554619
|move|p1b: Kingambit|Sucker Punch|p2a: Stuffed
|-resisted|p2a: Stuffed|1
|-damage|p2a: Stuffed|0 fnt
|faint|p2a: Stuffed
|-damage|p1b: Kingambit|0 fnt|[from] item: Life Orb
|faint|p1b: Kingambit
|move|p2b: Dress2Impress|Blizzard|p1a: Sinistcha
|-supereffective|p1a: Sinistcha|1
|-damage|p1a: Sinistcha|0 fnt
|faint|p1a: Sinistcha
|
|-weather|none
|upkeep
|
|t:|1784554631
|switch|p2a: Haribo|Sneasler, L50, M, shiny|100/100
|switch|p1b: Blastoise|Blastoise-Mega, L50, M|55/100
|turn|9
|
|t:|1784554636
|move|p2a: Haribo|Fake Out|p1b: Blastoise
|-damage|p1b: Blastoise|41/100
|move|p2b: Dress2Impress|Shadow Ball|p1b: Blastoise
|-damage|p1b: Blastoise|0 fnt
|faint|p1b: Blastoise
|
|win|LyricSum
||LyricSum is ready for game 2.
