|j|☆mister.ludicolo
|j|☆megacsc
|html|mister.ludicolomegacsc    
|uhtml|bestof|Game 1 of a best-of-3
|t:|1757933800
|gametype|doubles
|player|p1|mister.ludicolo|waiter-gen4dp|1102
|player|p2|megacsc|silver|1170
|gen|9
|tier|[Gen 9] VGC 2025 Reg H (Bo3)
|rated|
|rule|Species Clause: Limit one of each Pokémon
|rule|Item Clause: Limit 1 of each item
|clearpoke
|poke|p1|Ludicolo, L50, M|
|poke|p1|Archaludon, L50, F|
|poke|p1|Pelipper, L50, F|
|poke|p1|Incineroar, L50, F|
|poke|p1|Annihilape, L50, F|
|poke|p1|Sinistcha, L50|
|poke|p2|Whimsicott, L50, F|
|poke|p2|Garchomp, L50, F|
|poke|p2|Gholdengo, L50|
|poke|p2|Incineroar, L50, F|
|poke|p2|Sneasler, L50, F|
|poke|p2|Dragonite, L50, M|
|teampreview|4
|showteam|p1|Ludicolo||LoadedDice|SwiftSwim|FakeOut,Encore,BulletSeed,Surf|||M|||50|,,,,,Poison]Archaludon||AssaultVest|Stamina|ElectroShot,BodyPress,DragonPulse,FlashCannon|||F|||50|,,,,,Grass]Pelipper||FocusSash|Drizzle|Protect,Tailwind,WeatherBall,Hurricane|||F|||50|,,,,,Ghost]Incineroar||SitrusBerry|Intimidate|FakeOut,Uturn,KnockOff,FlareBlitz|||F|||50|,,,,,Ghost]Annihilape||SafetyGoggles|Defiant|Protect,BulkUp,DrainPunch,RageFist|||F|||50|,,,,,Electric]Sinistcha||MentalHerb|Hospitality|TrickRoom,LifeDew,MatchaGotcha,RagePowder||||||50|,,,,,Water
|showteam|p2|Whimsicott||CovertCloak|Prankster|Moonblast,Tailwind,Encore,Protect|||F|||50|,,,,,Ghost]Garchomp||LifeOrb|RoughSkin|Earthquake,DragonClaw,StompingTantrum,Protect|||F|||50|,,,,,Ground]Gholdengo||ChoiceSpecs|GoodasGold|MakeItRain,ShadowBall,Trick,Thunderbolt||||||50|,,,,,Steel]Incineroar||AssaultVest|Intimidate|FakeOut,FlareBlitz,KnockOff,Uturn|||F|||50|,,,,,Grass]Sneasler||FocusSash|Unburden|FakeOut,DireClaw,CloseCombat,Protect|||F|||50|,,,,,Flying]Dragonite||ChoiceBand|InnerFocus|ExtremeSpeed,Outrage,IceSpinner,Haze|||M|||50|,,,,,Normal
|inactive|Battle timer is ON: inactive players will automatically lose when time's up. (requested by mister.ludicolo)
|
|t:|1757933825
|teamsize|p1|4
|teamsize|p2|4
|start
|switch|p1a: Ludicolo|Ludicolo, L50, M|100/100
|switch|p1b: Pelipper|Pelipper, L50, F|100/100
|switch|p2a: Sneasler|Sneasler, L50, F|100/100
|switch|p2b: Dragonite|Dragonite, L50, M|100/100
|-weather|RainDance|[from] ability: Drizzle|[of] p1b: Pelipper
|turn|1
|inactive|mister.ludicolo has 30 seconds left.
|inactive|megacsc has 30 seconds left.
|inactive|mister.ludicolo has 20 seconds left.
|inactive|mister.ludicolo has 15 seconds left.
|
|t:|1757933867
|switch|p1a: Archaludon|Archaludon, L50, F|100/100
|-terastallize|p1b: Pelipper|Ghost
|-terastallize|p2b: Dragonite|Normal
|move|p2a: Sneasler|Fake Out|p1a: Archaludon
|-resisted|p1a: Archaludon
|-damage|p1a: Archaludon|95/100
|-ability|p1a: Archaludon|Stamina|boost
|-boost|p1a: Archaludon|def|1
|move|p2b: Dragonite|Extreme Speed|p1a: Archaludon
|-resisted|p1a: Archaludon
|-damage|p1a: Archaludon|79/100
|-ability|p1a: Archaludon|Stamina|boost
|-boost|p1a: Archaludon|def|1
|move|p1b: Pelipper|Hurricane|p2a: Sneasler
|-supereffective|p2a: Sneasler
|-enditem|p2a: Sneasler|Focus Sash
|-damage|p2a: Sneasler|1/100
|
|-weather|RainDance|[upkeep]
|upkeep
|turn|2
|inactive|mister.ludicolo has 30 seconds left.
|
|t:|1757933900
|switch|p2b: Gholdengo|Gholdengo, L50|100/100
|move|p2a: Sneasler|Close Combat|p1a: Archaludon
|-supereffective|p1a: Archaludon
|-damage|p1a: Archaludon|29/100
|-unboost|p2a: Sneasler|def|1
|-unboost|p2a: Sneasler|spd|1
|-ability|p1a: Archaludon|Stamina|boost
|-boost|p1a: Archaludon|def|1
|move|p1a: Archaludon|Body Press|p2b: Gholdengo
|-immune|p2b: Gholdengo
|move|p1b: Pelipper|Weather Ball|p2a: Sneasler
|-damage|p2a: Sneasler|0 fnt
|faint|p2a: Sneasler
|
|-weather|RainDance|[upkeep]
|upkeep
|
|t:|1757933918
|switch|p2a: Whimsicott|Whimsicott, L50, F|100/100
|turn|3
|
|t:|1757933931
|switch|p1a: Incineroar|Incineroar, L50, F|100/100
|-ability|p1a: Incineroar|Intimidate|boost
|-unboost|p2a: Whimsicott|atk|1
|-unboost|p2b: Gholdengo|atk|1
|move|p2a: Whimsicott|Moonblast|p1a: Incineroar
|-crit|p1a: Incineroar
|-damage|p1a: Incineroar|57/100
|move|p2b: Gholdengo|Make It Rain|p1b: Pelipper|[spread] p1a,p1b
|-resisted|p1a: Incineroar
|-damage|p1a: Incineroar|27/100
|-enditem|p1b: Pelipper|Focus Sash
|-damage|p1b: Pelipper|1/100
|-unboost|p2b: Gholdengo|spa|1
|-enditem|p1a: Incineroar|Sitrus Berry|[eat]
|-heal|p1a: Incineroar|52/100|[from] item: Sitrus Berry
|move|p1b: Pelipper|Weather Ball|p2b: Gholdengo
|-damage|p2b: Gholdengo|30/100
|
|-weather|RainDance|[upkeep]
|upkeep
|turn|4
|inactive|mister.ludicolo has 30 seconds left.
|
|t:|1757933958
|switch|p2b: Dragonite|Dragonite, L50, M, tera:Normal|100/100
|switch|p1b: Archaludon|Archaludon, L50, F|29/100
|move|p2a: Whimsicott|Moonblast|p1b: Archaludon
|-damage|p1b: Archaludon|4/100
|-ability|p1b: Archaludon|Stamina|boost
|-boost|p1b: Archaludon|def|1
|move|p1a: Incineroar|U-turn|p2a: Whimsicott
|-damage|p2a: Whimsicott|70/100
|
|t:|1757933970
|switch|p1a: Ludicolo|Ludicolo, L50, M|100/100|[from] U-turn
|
|-weather|RainDance|[upkeep]
|upkeep
|turn|5
|inactive|mister.ludicolo has 30 seconds left.
|
|t:|1757933995
|switch|p1a: Pelipper|Pelipper, L50, F, tera:Ghost|1/100
|switch|p1b: Incineroar|Incineroar, L50, F|52/100
|-ability|p1b: Incineroar|Intimidate|boost
|-unboost|p2a: Whimsicott|atk|1
|-fail|p2b: Dragonite|unboost|Attack|[from] ability: Inner Focus|[of] p2b: Dragonite
|move|p2b: Dragonite|Extreme Speed|p1b: Incineroar
|-damage|p1b: Incineroar|0 fnt
|faint|p1b: Incineroar
|move|p2a: Whimsicott|Tailwind|p2a: Whimsicott
|-sidestart|p2: megacsc|move: Tailwind
|
|-weather|none
|upkeep
|
|t:|1757934009
|switch|p1b: Ludicolo|Ludicolo, L50, M|100/100
|turn|6
|
|t:|1757934023
|switch|p1b: Archaludon|Archaludon, L50, F|4/100
|move|p2b: Dragonite|Extreme Speed|p1b: Archaludon
|-resisted|p1b: Archaludon
|-damage|p1b: Archaludon|0 fnt
|faint|p1b: Archaludon
|move|p2a: Whimsicott|Moonblast|p1a: Pelipper
|-damage|p1a: Pelipper|0 fnt
|faint|p1a: Pelipper
|
|upkeep
|c|☆megacsc|gg
|-message|mister.ludicolo forfeited.
|
|win|megacsc
||mister.ludicolo is ready for game 2.
||megacsc is ready for game 2.
|uhtml|next|Next: Game 2 of 3
