|j|☆raylix
|j|☆skipply
|html|raylixskipply    
|uhtml|bestof|Game 1 of a best-of-3
|t:|1756721630
|gametype|doubles
|player|p1|raylix|bruno|1151
|player|p2|skipply|266|1103
|gen|9
|tier|[Gen 9] VGC 2025 Reg H (Bo3)
|rated|
|rule|Species Clause: Limit one of each Pokémon
|rule|Item Clause: Limit 1 of each item
|clearpoke
|poke|p1|Sneasler, L50, M|
|poke|p1|Indeedee, L50, M|
|poke|p1|Volcarona, L50, M|
|poke|p1|Ursaluna-Bloodmoon, L50, M|
|poke|p1|Annihilape, L50, M|
|poke|p1|Tyranitar, L50, M|
|poke|p2|Typhlosion-Hisui, L50, M|
|poke|p2|Arcanine-Hisui, L50, M|
|poke|p2|Incineroar, L50, M|
|poke|p2|Volcarona, L50, M|
|poke|p2|Torkoal, L50, F|
|poke|p2|Talonflame, L50, M|
|teampreview|4
|showteam|p1|Sneasler||PsychicSeed|Unburden|CloseCombat,DireClaw,ThroatChop,Protect|||M|||50|,,,,,Dark]Indeedee||ChoiceScarf|PsychicSurge|ExpandingForce,TeraBlast,Trick,Protect|||M|||50|,,,,,Psychic]Volcarona||SitrusBerry|FlameBody|Overheat,StruggleBug,RagePowder,Tailwind|||M|||50|,,,,,Grass]Ursaluna-Bloodmoon||LifeOrb|MindsEye|BloodMoon,HyperVoice,EarthPower,Protect|||M|||50|,,,,,Normal]Annihilape||SafetyGoggles|Defiant|CloseCombat,RageFist,Taunt,FinalGambit|||M|||50|,,,,,Fairy]Tyranitar||AssaultVest|SandStream|RockSlide,KnockOff,TeraBlast,LowKick|||M|||50|,,,,,Flying
|showteam|p2|Typhlosion-Hisui||ChoiceSpecs|Blaze|Eruption,HeatWave,Overheat,SleepTalk|||M|||50|,,,,,Fire]Arcanine-Hisui||ChoiceBand|RockHead|FlareBlitz,RockSlide,HeadSmash,ExtremeSpeed|||M|||50|,,,,,Water]Incineroar||SafetyGoggles|Intimidate|KnockOff,FakeOut,PartingShot,Protect|||M|||50|,,,,,Ghost]Volcarona||Leftovers|FlameBody|TeraBlast,GigaDrain,QuiverDance,Protect|||M|||50|,,,,,Fairy]Torkoal||EjectPack|Drought|Eruption,HelpingHand,Overheat,Protect|||F|||50|,,,,,Grass]Talonflame||CovertCloak|GaleWings|BraveBird,Tailwind,FlareBlitz,Protect|||M|||50|,,,,,Ghost
|inactive|Battle timer is ON: inactive players will automatically lose when time's up. (requested by skipply)
|
|t:|1756721809
|teamsize|p1|4
|teamsize|p2|4
|start
|switch|p1a: Sneasler|Sneasler, L50, M|100/100
|switch|p1b: Indeedee|Indeedee, L50, M|100/100
|switch|p2a: Talonflame|Talonflame, L50, M|100/100
|switch|p2b: Incineroar|Incineroar, L50, M|100/100
|-fieldstart|move: Psychic Terrain|[from] ability: Psychic Surge|[of] p1b: Indeedee
|-enditem|p1a: Sneasler|Psychic Seed
|-boost|p1a: Sneasler|spd|1|[from] item: Psychic Seed
|-ability|p2b: Incineroar|Intimidate|boost
|-unboost|p1a: Sneasler|atk|1
|-unboost|p1b: Indeedee|atk|1
|turn|1
|inactive|raylix has 30 seconds left.
|inactive|skipply has 30 seconds left.
|inactive|raylix has 20 seconds left.
|inactive|raylix has 15 seconds left.
|inactive|raylix has 10 seconds left.
|inactive|raylix has 5 seconds left.
|
|t:|1756721864
|move|p2a: Talonflame|Brave Bird|p1a: Sneasler
|-activate|p1a: Sneasler|move: Psychic Terrain
|move|p1a: Sneasler|Close Combat|p2a: Talonflame
|-resisted|p2a: Talonflame
|-damage|p2a: Talonflame|75/100
|-unboost|p1a: Sneasler|def|1
|-unboost|p1a: Sneasler|spd|1
|move|p1b: Indeedee|Expanding Force|p2b: Incineroar|[spread] p2a
|-immune|p2b: Incineroar
|-damage|p2a: Talonflame|0 fnt
|faint|p2a: Talonflame
|move|p2b: Incineroar|Knock Off|p1b: Indeedee
|-supereffective|p1b: Indeedee
|-damage|p1b: Indeedee|0 fnt
|-enditem|p1b: Indeedee|Choice Scarf|[from] move: Knock Off|[of] p2b: Incineroar
|faint|p1b: Indeedee
|
|upkeep
|c|☆skipply|Oh yeah
|c|☆skipply|whoops
|inactive|skipply has 30 seconds left.
|
|t:|1756721892
|switch|p1b: Volcarona|Volcarona, L50, M|100/100
|switch|p2a: Volcarona|Volcarona, L50, M|100/100
|turn|2
|inactive|raylix has 30 seconds left.
|inactive|raylix has 20 seconds left.
|inactive|raylix has 15 seconds left.
|inactive|raylix has 10 seconds left.
|inactive|raylix has 5 seconds left.
|
|t:|1756721942
|-terastallize|p2b: Incineroar|Ghost
|move|p1a: Sneasler|Close Combat|p2b: Incineroar
|-immune|p2b: Incineroar
|move|p1b: Volcarona|Tailwind|p1b: Volcarona
|-sidestart|p1: raylix|move: Tailwind
|move|p2a: Volcarona|Quiver Dance|p2a: Volcarona
|-boost|p2a: Volcarona|spa|1
|-boost|p2a: Volcarona|spd|1
|-boost|p2a: Volcarona|spe|1
|move|p2b: Incineroar|Parting Shot|p1a: Sneasler
|-unboost|p1a: Sneasler|atk|1
|-unboost|p1a: Sneasler|spa|1
|
|t:|1756721953
|switch|p2b: Torkoal|Torkoal, L50, F|100/100|[from] Parting Shot
|-weather|SunnyDay|[from] ability: Drought|[of] p2b: Torkoal
|
|-weather|SunnyDay|[upkeep]
|upkeep
|turn|3
|inactive|raylix has 30 seconds left.
|
|t:|1756721983
|switch|p1a: Tyranitar|Tyranitar, L50, M|100/100
|-weather|Sandstorm|[from] ability: Sand Stream|[of] p1a: Tyranitar
|move|p2a: Volcarona|Protect|p2a: Volcarona
|-singleturn|p2a: Volcarona|Protect
|move|p1b: Volcarona|Struggle Bug|p2a: Volcarona|[spread] p2b
|-activate|p2a: Volcarona|move: Protect
|-resisted|p2b: Torkoal
|-damage|p2b: Torkoal|89/100
|-unboost|p2b: Torkoal|spa|1
|-enditem|p2b: Torkoal|Eject Pack
|
|t:|1756721993
|switch|p2b: Incineroar|Incineroar, L50, M, tera:Ghost|100/100
|-ability|p2b: Incineroar|Intimidate|boost
|-unboost|p1a: Tyranitar|atk|1
|-unboost|p1b: Volcarona|atk|1
|
|-weather|Sandstorm|[upkeep]
|-damage|p1b: Volcarona|94/100|[from] Sandstorm
|-damage|p2a: Volcarona|94/100|[from] Sandstorm
|-heal|p2a: Volcarona|100/100|[from] item: Leftovers
|upkeep
|turn|4
|
|t:|1756722016
|-terastallize|p1a: Tyranitar|Flying
|move|p2b: Incineroar|Fake Out|p1a: Tyranitar
|-hint|Psychic Terrain doesn't affect Pokémon immune to Ground.
|-damage|p1a: Tyranitar|90/100
|move|p1b: Volcarona|Struggle Bug|p2b: Incineroar|[spread] p2a,p2b
|-resisted|p2a: Volcarona
|-resisted|p2b: Incineroar
|-damage|p2a: Volcarona|95/100
|-damage|p2b: Incineroar|93/100
|-unboost|p2a: Volcarona|spa|1
|-unboost|p2b: Incineroar|spa|1
|cant|p1a: Tyranitar|flinch
|move|p2a: Volcarona|Giga Drain|p1a: Tyranitar
|-resisted|p1a: Tyranitar
|-damage|p1a: Tyranitar|83/100
|-heal|p2a: Volcarona|99/100|[from] drain|[of] p1a: Tyranitar
|
|-weather|Sandstorm|[upkeep]
|-damage|p1b: Volcarona|88/100|[from] Sandstorm
|-damage|p1a: Tyranitar|77/100|[from] Sandstorm
|-damage|p2a: Volcarona|93/100|[from] Sandstorm
|-heal|p2a: Volcarona|99/100|[from] item: Leftovers
|upkeep
|turn|5
|
|t:|1756722037
|move|p2a: Volcarona|Protect|p2a: Volcarona
|-singleturn|p2a: Volcarona|Protect
|move|p1b: Volcarona|Struggle Bug|p2b: Incineroar|[spread] p2b
|-activate|p2a: Volcarona|move: Protect
|-resisted|p2b: Incineroar
|-damage|p2b: Incineroar|85/100
|-unboost|p2b: Incineroar|spa|1
|move|p1a: Tyranitar|Tera Blast|p2a: Volcarona|[anim] Tera Blast Flying
|-activate|p2a: Volcarona|move: Protect
|move|p2b: Incineroar|Parting Shot|p1a: Tyranitar
|-unboost|p1a: Tyranitar|atk|1
|-unboost|p1a: Tyranitar|spa|1
|
|t:|1756722047
|switch|p2b: Torkoal|Torkoal, L50, F|89/100|[from] Parting Shot
|-weather|SunnyDay|[from] ability: Drought|[of] p2b: Torkoal
|
|-weather|SunnyDay|[upkeep]
|-heal|p2a: Volcarona|100/100|[from] item: Leftovers
|-sideend|p1: raylix|move: Tailwind
|-fieldend|move: Psychic Terrain
|upkeep
|turn|6
|
|t:|1756722054
|switch|p2a: Incineroar|Incineroar, L50, M, tera:Ghost|85/100
|-ability|p2a: Incineroar|Intimidate|boost
|-unboost|p1a: Tyranitar|atk|1
|-unboost|p1b: Volcarona|atk|1
|move|p1b: Volcarona|Struggle Bug|p2a: Incineroar|[spread] p2a,p2b
|-resisted|p2a: Incineroar
|-resisted|p2b: Torkoal
|-damage|p2a: Incineroar|77/100
|-damage|p2b: Torkoal|78/100
|-unboost|p2a: Incineroar|spa|1
|-unboost|p2b: Torkoal|spa|1
|move|p1a: Tyranitar|Tera Blast|p2a: Incineroar|[anim] Tera Blast Flying
|-damage|p2a: Incineroar|64/100
|move|p2b: Torkoal|Eruption|p1b: Volcarona|[spread] p1a,p1b
|-damage|p1a: Tyranitar|53/100
|-damage|p1b: Volcarona|53/100
|
|-weather|SunnyDay|[upkeep]
|upkeep
|turn|7
|inactive|skipply has 30 seconds left.
|
|t:|1756722081
|switch|p1a: Sneasler|Sneasler, L50, M|100/100
|move|p1b: Volcarona|Struggle Bug|p2b: Torkoal|[spread] p2a,p2b
|-resisted|p2a: Incineroar
|-resisted|p2b: Torkoal
|-damage|p2a: Incineroar|56/100
|-damage|p2b: Torkoal|68/100
|-unboost|p2a: Incineroar|spa|1
|-unboost|p2b: Torkoal|spa|1
|move|p2a: Incineroar|Parting Shot|p1b: Volcarona
|-unboost|p1b: Volcarona|atk|1
|-unboost|p1b: Volcarona|spa|1
|
|t:|1756722092
|switch|p2a: Volcarona|Volcarona, L50, M|100/100|[from] Parting Shot
|move|p2b: Torkoal|Overheat|p1b: Volcarona
|-damage|p1b: Volcarona|13/100
|-unboost|p2b: Torkoal|spa|2
|-enditem|p1b: Volcarona|Sitrus Berry|[eat]
|-heal|p1b: Volcarona|38/100|[from] item: Sitrus Berry
|
|-weather|SunnyDay|[upkeep]
|upkeep
|turn|8
|
|t:|1756722105
|switch|p1b: Tyranitar|Tyranitar, L50, M, tera:Flying|53/100
|-weather|Sandstorm|[from] ability: Sand Stream|[of] p1b: Tyranitar
|switch|p2b: Incineroar|Incineroar, L50, M, tera:Ghost|56/100
|-ability|p2b: Incineroar|Intimidate|boost
|-unboost|p1a: Sneasler|atk|1
|-unboost|p1b: Tyranitar|atk|1
|move|p1a: Sneasler|Close Combat|p2b: Incineroar
|-immune|p2b: Incineroar
|move|p2a: Volcarona|Tera Blast|p1b: Tyranitar
|-damage|p1b: Tyranitar|34/100
|
|-weather|Sandstorm|[upkeep]
|-damage|p1a: Sneasler|95/100|[from] Sandstorm
|-damage|p2a: Volcarona|94/100|[from] Sandstorm
|-damage|p1b: Tyranitar|28/100|[from] Sandstorm
|-heal|p2a: Volcarona|100/100|[from] item: Leftovers
|upkeep
|turn|9
|inactive|skipply has 30 seconds left.
|
|t:|1756722140
|switch|p1b: Volcarona|Volcarona, L50, M|38/100
|move|p2b: Incineroar|Fake Out|p1b: Volcarona
|-damage|p1b: Volcarona|24/100
|-status|p2b: Incineroar|brn|[from] ability: Flame Body|[of] p1b: Volcarona
|move|p1a: Sneasler|Throat Chop|p2b: Incineroar
|-supereffective|p2b: Incineroar
|-damage|p2b: Incineroar|26/100 brn
|-start|p2b: Incineroar|Throat Chop|[silent]
|move|p2a: Volcarona|Quiver Dance|p2a: Volcarona
|-boost|p2a: Volcarona|spa|1
|-boost|p2a: Volcarona|spd|1
|-boost|p2a: Volcarona|spe|1
|
|-weather|Sandstorm|[upkeep]
|-damage|p2a: Volcarona|94/100|[from] Sandstorm
|-damage|p1a: Sneasler|89/100|[from] Sandstorm
|-damage|p1b: Volcarona|18/100|[from] Sandstorm
|-heal|p2a: Volcarona|100/100|[from] item: Leftovers
|-damage|p2b: Incineroar|20/100 brn|[from] brn
|upkeep
|turn|10
|
|t:|1756722153
|move|p2b: Incineroar|Protect|p2b: Incineroar
|-singleturn|p2b: Incineroar|Protect
|move|p2a: Volcarona|Tera Blast|p1b: Volcarona
|-damage|p1b: Volcarona|0 fnt
|faint|p1b: Volcarona
|move|p1a: Sneasler|Dire Claw|p2a: Volcarona
|-damage|p2a: Volcarona|69/100
|-status|p2a: Volcarona|par
|
|-weather|Sandstorm|[upkeep]
|-damage|p1a: Sneasler|83/100|[from] Sandstorm
|-damage|p2a: Volcarona|62/100 par|[from] Sandstorm
|-heal|p2a: Volcarona|69/100 par|[from] item: Leftovers
|-damage|p2b: Incineroar|14/100 brn|[from] brn
|-end|p2b: Incineroar|Throat Chop|[silent]
|upkeep
|
|t:|1756722167
|switch|p1b: Tyranitar|Tyranitar, L50, M, tera:Flying|28/100
|turn|11
|c|☆skipply|Uh oh
|
|t:|1756722189
|switch|p2b: Torkoal|Torkoal, L50, F|68/100
|-weather|SunnyDay|[from] ability: Drought|[of] p2b: Torkoal
|move|p2a: Volcarona|Protect|p2a: Volcarona
|-singleturn|p2a: Volcarona|Protect
|move|p1a: Sneasler|Throat Chop|p2b: Torkoal
|-damage|p2b: Torkoal|51/100
|-start|p2b: Torkoal|Throat Chop|[silent]
|move|p1b: Tyranitar|Tera Blast|p2a: Volcarona|[anim] Tera Blast Flying
|-activate|p2a: Volcarona|move: Protect
|
|-weather|SunnyDay|[upkeep]
|-heal|p2a: Volcarona|75/100 par|[from] item: Leftovers
|upkeep
|turn|12
|
|t:|1756722211
|move|p1a: Sneasler|Close Combat|p2b: Torkoal
|-damage|p2b: Torkoal|17/100
|-unboost|p1a: Sneasler|def|1
|-unboost|p1a: Sneasler|spd|1
|move|p1b: Tyranitar|Knock Off|p2a: Volcarona
|-damage|p2a: Volcarona|18/100 par
|-enditem|p2a: Volcarona|Leftovers|[from] move: Knock Off|[of] p1b: Tyranitar
|move|p2a: Volcarona|Tera Blast|p1b: Tyranitar
|-damage|p1b: Tyranitar|1/100
|move|p2b: Torkoal|Overheat|p1a: Sneasler|[miss]
|-miss|p2b: Torkoal|p1a: Sneasler
|
|-weather|SunnyDay|[upkeep]
|-end|p2b: Torkoal|Throat Chop|[silent]
|upkeep
|turn|13
|
|t:|1756722230
|move|p2a: Volcarona|Protect|p2a: Volcarona
|-singleturn|p2a: Volcarona|Protect
|move|p1a: Sneasler|Throat Chop|p2b: Torkoal
|-damage|p2b: Torkoal|2/100
|-start|p2b: Torkoal|Throat Chop|[silent]
|move|p1b: Tyranitar|Knock Off|p2a: Volcarona
|-activate|p2a: Volcarona|move: Protect
|move|p2b: Torkoal|Eruption|p1b: Tyranitar|[spread] p1a,p1b
|-damage|p1a: Sneasler|80/100
|-damage|p1b: Tyranitar|0 fnt
|faint|p1b: Tyranitar
|
|-weather|SunnyDay|[upkeep]
|upkeep
|turn|14
|inactive|skipply has 30 seconds left.
|
|t:|1756722256
|switch|p2b: Incineroar|Incineroar, L50, M, tera:Ghost|14/100 brn
|-ability|p2b: Incineroar|Intimidate|boost
|-unboost|p1a: Sneasler|atk|1
|move|p2a: Volcarona|Protect||[still]
|-fail|p2a: Volcarona
|move|p1a: Sneasler|Dire Claw|p2a: Volcarona
|-damage|p2a: Volcarona|0 fnt
|faint|p2a: Volcarona
|
|-weather|SunnyDay|[upkeep]
|-damage|p2b: Incineroar|7/100 brn|[from] brn
|upkeep
|
|t:|1756722264
|switch|p2a: Torkoal|Torkoal, L50, F|2/100
|turn|15
|
|t:|1756722268
|move|p1a: Sneasler|Protect|p1a: Sneasler
|-singleturn|p1a: Sneasler|Protect
|move|p2b: Incineroar|Fake Out|p1a: Sneasler
|-activate|p1a: Sneasler|move: Protect
|move|p2a: Torkoal|Overheat|p1a: Sneasler
|-activate|p1a: Sneasler|move: Protect
|
|-weather|none
|-damage|p2b: Incineroar|1/100 brn|[from] brn
|upkeep
|turn|16
|c|☆skipply|This is where I confess
|c|☆skipply|I forgot I already used protect
|c|☆skipply|Whoops
|
|t:|1756722291
|move|p1a: Sneasler|Dire Claw|p2a: Torkoal
|-damage|p2a: Torkoal|0 fnt
|faint|p2a: Torkoal
|move|p2b: Incineroar|Knock Off|p1a: Sneasler
|-resisted|p1a: Sneasler
|-damage|p1a: Sneasler|63/100
|
|-damage|p2b: Incineroar|0 fnt|[from] brn
|faint|p2b: Incineroar
|
|win|raylix
||skipply is ready for game 2.
