|j|☆s!dd_1
|j|☆failandimprove5
|html|s!dd_1failandimprove5    
|uhtml|bestof|Game 2 of a best-of-3
|t:|1785064619
|gametype|doubles
|player|p1|s!dd_1|flannery-gen6|1444
|player|p2|failandimprove5|101|1463
|gen|9
|tier|[Gen 9 Champions] VGC 2026 Reg M-B (Bo3)
|rated|
|rule|Species Clause: Limit one of each Pokémon
|rule|Item Clause: Limit 1 of each item
|clearpoke
|poke|p1|Raichu, L50, F|
|poke|p1|Mamoswine, L50, M|
|poke|p1|Maushold, L50|
|poke|p1|Sylveon, L50, F|
|poke|p1|Arcanine-Hisui, L50, M|
|poke|p1|Meowscarada, L50, M|
|poke|p2|Kingambit, L50, F|
|poke|p2|Sneasler, L50, F|
|poke|p2|Froslass, L50, F|
|poke|p2|Lycanroc-Dusk, L50, M|
|poke|p2|Basculegion, L50, M|
|poke|p2|Scovillain, L50, F|
|teampreview|4
|showteam|p1|Raichu||RaichuniteY|LightningRod|ZapCannon,FocusBlast,FakeOut,Protect|Timid||F|||50|]Mamoswine||LifeOrb|Oblivious|HighHorsepower,IcicleCrash,IceShard,Protect|Adamant||M|||50|]Maushold||ChopleBerry|FriendGuard|SuperFang,Taunt,FollowMe,Protect|Timid|||||50|]Sylveon||FairyFeather|Pixilate|HyperVoice,HyperBeam,CalmMind,Detect|Modest||F|||50|]Arcanine-Hisui||FocusSash|Intimidate|FlareBlitz,RockSlide,ExtremeSpeed,Protect|Adamant||M|||50|]Meowscarada||ChoiceScarf|Protean|FlowerTrick,KnockOff,TripleAxel,AerialAce|Jolly||M|||50|
|showteam|p2|Kingambit||LifeOrb|Defiant|KowtowCleave,SuckerPunch,SwordsDance,Protect|Adamant||F|||50|]Sneasler||WhiteHerb|Unburden|FakeOut,CloseCombat,GunkShot,Protect|Adamant||F|||50|]Froslass||Froslassite|CursedBody|Blizzard,ShadowBall,AuroraVeil,Protect|Timid||F|||50|]Lycanroc-Dusk||FocusSash|ToughClaws|CloseCombat,RockSlide,Accelerock,Protect|Adamant||M|||50|]Basculegion||SitrusBerry|Adaptability|LastRespects,AquaJet,WaveCrash,Protect|Adamant||M|||50|]Scovillain||Scovillainite|Moody|Overheat,GigaDrain,RagePowder,Protect|Bold||F|||50|
|inactive|Battle timer is ON: inactive players will automatically lose when time's up. (requested by s!dd_1)
|inactive|failandimprove5 also wants the timer to be on.
|inactive|failandimprove5 has 60 seconds left.
|inactive|failandimprove5 has 30 seconds left.
|inactive|failandimprove5 has 20 seconds left.
|inactive|failandimprove5 has 15 seconds left.
|
|t:|1785064698
|teamsize|p1|4
|teamsize|p2|4
|start
|switch|p1a: Grabbitz|Raichu, L50, F|100/100
|switch|p1b: Tame Impala|Sylveon, L50, F|100/100
|switch|p2a: Sneasler|Sneasler, L50, F|100/100
|switch|p2b: Froslass|Froslass, L50, F|100/100
|turn|1
|inactive|s!dd_1 has 30 seconds left.
|inactive|s!dd_1 has 20 seconds left.
|inactive|s!dd_1 has 15 seconds left.
|
|t:|1785064741
|detailschange|p2b: Froslass|Froslass-Mega, L50, F
|-mega|p2b: Froslass|Froslass|Froslassite
|-weather|Snowscape|[from] ability: Snow Warning|[of] p2b: Froslass
|detailschange|p1a: Grabbitz|Raichu-Mega-Y, L50, F
|-mega|p1a: Grabbitz|Raichu|Raichunite Y
|move|p1a: Grabbitz|Fake Out|p2a: Sneasler
|-damage|p2a: Sneasler|89/100
|cant|p2a: Sneasler|flinch
|move|p2b: Froslass|Aurora Veil|p2b: Froslass
|-sidestart|p2: failandimprove5|move: Aurora Veil
|move|p1b: Tame Impala|Calm Mind|p1b: Tame Impala
|-boost|p1b: Tame Impala|spa|1
|-boost|p1b: Tame Impala|spd|1
|
|-weather|Snowscape|[upkeep]
|upkeep
|turn|2
|inactive|failandimprove5 has 30 seconds left.
|inactive|failandimprove5 has 20 seconds left.
|inactive|failandimprove5 has 15 seconds left.
|
|t:|1785064785
|move|p2a: Sneasler|Protect|p2a: Sneasler
|-singleturn|p2a: Sneasler|Protect
|move|p1b: Tame Impala|Detect|p1b: Tame Impala
|-singleturn|p1b: Tame Impala|Protect
|move|p1a: Grabbitz|Zap Cannon|p2a: Sneasler
|-activate|p2a: Sneasler|move: Protect
|move|p2b: Froslass|Blizzard|p1b: Tame Impala|[spread] p1a
|-activate|p1b: Tame Impala|move: Protect
|-damage|p1a: Grabbitz|55/100
|
|-weather|Snowscape|[upkeep]
|upkeep
|turn|3
|inactive|failandimprove5 has 30 seconds left.
|
|t:|1785064813
|move|p1a: Grabbitz|Zap Cannon|p2a: Sneasler
|-damage|p2a: Sneasler|38/100
|-status|p2a: Sneasler|par
|move|p2b: Froslass|Blizzard|p1a: Grabbitz|[spread] p1a,p1b
|-damage|p1a: Grabbitz|8/100
|-damage|p1b: Tame Impala|83/100
|move|p1b: Tame Impala|Hyper Voice|p2a: Sneasler|[spread] p2a,p2b
|-damage|p2a: Sneasler|0 fnt
|-damage|p2b: Froslass|47/100
|faint|p2a: Sneasler
|
|-weather|Snowscape|[upkeep]
|upkeep
|
|t:|1785064817
|switch|p2a: Basculegion|Basculegion, L50, M|100/100
|turn|4
|
|t:|1785064842
|move|p1b: Tame Impala|Detect|p1b: Tame Impala
|-singleturn|p1b: Tame Impala|Protect
|move|p2a: Basculegion|Aqua Jet|p1a: Grabbitz
|-damage|p1a: Grabbitz|0 fnt
|faint|p1a: Grabbitz
|move|p2b: Froslass|Blizzard|p1b: Tame Impala
|-activate|p1b: Tame Impala|move: Protect
|
|-weather|Snowscape|[upkeep]
|upkeep
|
|t:|1785064846
|switch|p1a: Maushold|Maushold, L50|100/100
|turn|5
|
|t:|1785064864
|move|p2a: Basculegion|Protect|p2a: Basculegion
|-singleturn|p2a: Basculegion|Protect
|move|p1a: Maushold|Follow Me|p1a: Maushold
|-singleturn|p1a: Maushold|move: Follow Me
|move|p2b: Froslass|Blizzard|p1b: Tame Impala|[spread] p1a,p1b
|-damage|p1a: Maushold|48/100
|-damage|p1b: Tame Impala|69/100
|move|p1b: Tame Impala|Hyper Voice|p2b: Froslass|[spread] p2b
|-activate|p2a: Basculegion|move: Protect
|-damage|p2b: Froslass|0 fnt
|faint|p2b: Froslass
|
|-weather|none
|-sideend|p2: failandimprove5|move: Aurora Veil
|upkeep
|
|t:|1785064872
|switch|p2b: Kingambit|Kingambit, L50, F|100/100
|turn|6
|l|☆s!dd_1
|inactive|s!dd_1 disconnected and has a minute to reconnect!
|player|p1|
|inactive|s!dd_1 has 30 seconds left.
|inactive|failandimprove5 has 30 seconds left.
|inactive|s!dd_1 has 20 seconds left.
|inactive|failandimprove5 has 20 seconds left.
|inactive|s!dd_1 has 15 seconds left.
|inactive|failandimprove5 has 15 seconds left.
|j|☆s!dd_1
|inactive|s!dd_1 reconnected and has 15 seconds left.
|player|p1|s!dd_1|flannery-gen6|
|inactive|s!dd_1 has 10 seconds left.
|inactive|failandimprove5 has 10 seconds left.
|
|t:|1785064920
|move|p2b: Kingambit|Protect|p2b: Kingambit
|-singleturn|p2b: Kingambit|Protect
|move|p1a: Maushold|Super Fang|p2b: Kingambit
|-activate|p2b: Kingambit|move: Protect
|move|p2a: Basculegion|Wave Crash|p1a: Maushold
|-damage|p1a: Maushold|0 fnt
|faint|p1a: Maushold
|-damage|p2a: Basculegion|87/100|[from] Recoil
|move|p1b: Tame Impala|Hyper Voice|p2b: Kingambit|[spread] p2a
|-activate|p2b: Kingambit|move: Protect
|-damage|p2a: Basculegion|20/100y
|-enditem|p2a: Basculegion|Sitrus Berry|[eat]
|-heal|p2a: Basculegion|45/100|[from] item: Sitrus Berry
|
|upkeep
|
|t:|1785064922
|switch|p1a: Skillet|Arcanine-Hisui, L50, M|100/100
|-ability|p1a: Skillet|Intimidate|boost
|-unboost|p2a: Basculegion|atk|1
|-unboost|p2b: Kingambit|atk|1
|-ability|p2b: Kingambit|Defiant|boost
|-boost|p2b: Kingambit|atk|2
|turn|7
|inactive|failandimprove5 has 30 seconds left.
|inactive|failandimprove5 has 20 seconds left.
|inactive|failandimprove5 has 15 seconds left.
|inactive|failandimprove5 has 10 seconds left.
|
|t:|1785064970
|move|p1a: Skillet|Protect|p1a: Skillet
|-singleturn|p1a: Skillet|Protect
|move|p2a: Basculegion|Last Respects|p1b: Tame Impala
|-damage|p1b: Tame Impala|0 fnt
|faint|p1b: Tame Impala
|move|p2b: Kingambit|Kowtow Cleave|p1a: Skillet
|-activate|p1a: Skillet|move: Protect
|
|upkeep
|turn|8
|-message|s!dd_1 forfeited.
|
|win|failandimprove5
|raw|s!dd_1's rating: 1444 → 1425(-19 for losing)
|raw|failandimprove5's rating: 1463 → 1482(+19 for winning)
