|j|☆Cozmoonshowdown
|j|☆zSasabinho
|html|CozmoonshowdownzSasabinho    
|uhtml|bestof|Game 1 of a best-of-3
|t:|1785277664
|gametype|doubles
|player|p1|Cozmoonshowdown|kieran-champion|1096
|player|p2|zSasabinho|nate|1040
|gen|9
|tier|[Gen 9 Champions] VGC 2026 Reg M-B (Bo3)
|rated|
|rule|Species Clause: Limit one of each Pokémon
|rule|Item Clause: Limit 1 of each item
|clearpoke
|poke|p1|Charizard, L50, M|
|poke|p1|Mawile, L50, F|
|poke|p1|Venusaur, L50, F, shiny|
|poke|p1|Farigiraf, L50, F, shiny|
|poke|p1|Torkoal, L50, M|
|poke|p1|Garchomp, L50, F, shiny|
|poke|p2|Blaziken, L50, F|
|poke|p2|Whimsicott, L50, F, shiny|
|poke|p2|Basculegion, L50, M|
|poke|p2|Venusaur, L50, F|
|poke|p2|Sylveon, L50, F|
|poke|p2|Kingambit, L50, M|
|teampreview|4
|showteam|p1|Charizard||CharizarditeY|Blaze|HeatWave,Protect,WeatherBall,SolarBeam|Modest||M|||50|]Mawile||Mawilite|HyperCutter|PlayRough,IronHead,Protect,BrickBreak|Brave||F|||50|]Venusaur||FocusSash|Chlorophyll|SleepPowder,EarthPower,GigaDrain,SludgeBomb|Modest||F|||50|]Farigiraf||ColburBerry|ArmorTail|Protect,TrickRoom,HyperVoice,Thunderbolt|Quiet||F|||50|]Torkoal||Charcoal|Drought|Protect,HelpingHand,HeatWave,BodyPress|Quiet||M|||50|]Garchomp||LifeOrb|RoughSkin|Protect,Earthquake,RockSlide,DragonClaw|Jolly||F|||50|
|showteam|p2|Blaziken||Blazikenite|SpeedBoost|CloseCombat,FlareBlitz,RockSlide,Detect|Adamant||F|||50|]Whimsicott||FocusSash|Prankster|Encore,Moonblast,Protect,Tailwind|Modest||F|||50|]Basculegion||MysticWater|Adaptability|WaveCrash,Protect,LastRespects,AquaJet|Adamant||M|||50|]Venusaur||Venusaurite|Overgrow|EarthPower,GigaDrain,SludgeBomb,Protect|Modest||F|||50|]Sylveon||FairyFeather|Pixilate|HyperVoice,Moonblast,Protect,QuickAttack|Modest||F|||50|]Kingambit||LifeOrb|Defiant|KowtowCleave,SuckerPunch,IronHead,Protect|Adamant||M|||50|
|inactive|Battle timer is ON: inactive players will automatically lose when time's up. (requested by Cozmoonshowdown)
|inactive|zSasabinho has 60 seconds left.
|inactive|zSasabinho has 30 seconds left.
|inactive|Cozmoonshowdown has 60 seconds left.
|
|t:|1785277757
|teamsize|p1|4
|teamsize|p2|4
|start
|switch|p1a: Mawile|Mawile, L50, F|100/100
|switch|p1b: Farigiraf|Farigiraf, L50, F, shiny|100/100
|switch|p2a: Whimsicott|Whimsicott, L50, F, shiny|100/100
|switch|p2b: Blaziken|Blaziken, L50, F|100/100
|turn|1
|
|t:|1785277774
|switch|p2a: Kingambit|Kingambit, L50, M|100/100
|detailschange|p2b: Blaziken|Blaziken-Mega, L50, F
|-mega|p2b: Blaziken|Blaziken|Blazikenite
|detailschange|p1a: Mawile|Mawile-Mega, L50, F
|-mega|p1a: Mawile|Mawile|Mawilite
|move|p1a: Mawile|Protect|p1a: Mawile
|-singleturn|p1a: Mawile|Protect
|move|p2b: Blaziken|Flare Blitz|p1b: Farigiraf
|-damage|p1b: Farigiraf|24/100
|-damage|p2b: Blaziken|64/100|[from] Recoil
|move|p1b: Farigiraf|Trick Room|p1b: Farigiraf
|-fieldstart|move: Trick Room|[of] p1b: Farigiraf
|
|-ability|p2b: Blaziken|Speed Boost|boost
|-boost|p2b: Blaziken|spe|1
|upkeep
|turn|2
|
|t:|1785277794
|move|p2b: Blaziken|Detect|p2b: Blaziken
|-singleturn|p2b: Blaziken|Protect
|move|p1a: Mawile|Brick Break|p2a: Kingambit
|-supereffective|p2a: Kingambit|2
|-damage|p2a: Kingambit|0 fnt
|faint|p2a: Kingambit
|move|p1b: Farigiraf|Hyper Voice|p2b: Blaziken
|-activate|p2b: Blaziken|move: Protect
|
|-ability|p2b: Blaziken|Speed Boost|boost
|-boost|p2b: Blaziken|spe|1
|upkeep
|
|t:|1785277805
|switch|p2a: Basculegion|Basculegion, L50, M|100/100
|turn|3
|
|t:|1785277818
|switch|p2b: Whimsicott|Whimsicott, L50, F, shiny|100/100
|move|p1a: Mawile|Play Rough|p2b: Whimsicott
|-enditem|p2b: Whimsicott|Focus Sash
|-damage|p2b: Whimsicott|1/100
|move|p1b: Farigiraf|Thunderbolt|p2a: Basculegion
|-supereffective|p2a: Basculegion|1
|-damage|p2a: Basculegion|38/100
|move|p2a: Basculegion|Wave Crash|p1a: Mawile
|-damage|p1a: Mawile|1/100
|-damage|p2a: Basculegion|12/100|[from] Recoil
|
|upkeep
|turn|4
|
|t:|1785277833
|move|p2b: Whimsicott|Protect|p2b: Whimsicott
|-singleturn|p2b: Whimsicott|Protect
|move|p2a: Basculegion|Protect|p2a: Basculegion
|-singleturn|p2a: Basculegion|Protect
|move|p1a: Mawile|Iron Head|p2a: Basculegion
|-activate|p2a: Basculegion|move: Protect
|move|p1b: Farigiraf|Hyper Voice|p2a: Basculegion|[spread] 
|-activate|p2a: Basculegion|move: Protect
|-activate|p2b: Whimsicott|move: Protect
|
|upkeep
|turn|5
|
|t:|1785277848
|switch|p2a: Blaziken|Blaziken-Mega, L50, F|64/100
|move|p2b: Whimsicott|Tailwind|p2b: Whimsicott
|-sidestart|p2: zSasabinho|move: Tailwind
|move|p1a: Mawile|Iron Head|p2a: Blaziken
|-resisted|p2a: Blaziken|1
|-damage|p2a: Blaziken|7/100
|move|p1b: Farigiraf|Hyper Voice|p2b: Whimsicott|[spread] p2a,p2b
|-damage|p2a: Blaziken|0 fnt
|-damage|p2b: Whimsicott|0 fnt
|faint|p2a: Blaziken
|faint|p2b: Whimsicott
|
|-fieldend|move: Trick Room
|upkeep
|
|t:|1785277861
|switch|p2a: Basculegion|Basculegion, L50, M|12/100
|turn|6
|
|t:|1785277877
|move|p2a: Basculegion|Wave Crash|p1b: Farigiraf
|-crit|p1b: Farigiraf
|-damage|p1b: Farigiraf|0 fnt
|faint|p1b: Farigiraf
|-damage|p2a: Basculegion|3/100|[from] Recoil
|move|p1a: Mawile|Iron Head|p2a: Basculegion
|-resisted|p2a: Basculegion|1
|-damage|p2a: Basculegion|0 fnt
|faint|p2a: Basculegion
|
|win|Cozmoonshowdown
||Cozmoonshowdown is ready for game 2.
|l|☆zSasabinho
|player|p2|
|inactive|zSasabinho has 30 seconds to confirm battle start!
||zSasabinho is ready for game 2.
|uhtml|next|Next: Game 2 of 3
