|j|☆freudianbreath
|j|☆TorbellinoChamba
|html|freudianbreathTorbellinoChamba    
|uhtml|bestof|Game 3 of a best-of-3
|t:|1785168145
|gametype|doubles
|player|p1|freudianbreath|2|1094
|player|p2|TorbellinoChamba|hilda-wonderlauncher|1058
|gen|9
|tier|[Gen 9 Champions] VGC 2026 Reg M-B (Bo3)
|rated|
|rule|Species Clause: Limit one of each Pokémon
|rule|Item Clause: Limit 1 of each item
|clearpoke
|poke|p1|Lopunny, L50, M|
|poke|p1|Armarouge, L50, M|
|poke|p1|Whimsicott, L50, F|
|poke|p1|Charizard, L50, F|
|poke|p1|Kingambit, L50, M|
|poke|p1|Rotom-Wash, L50|
|poke|p2|Swampert, L50, M|
|poke|p2|Pelipper, L50, M, shiny|
|poke|p2|Archaludon, L50, M, shiny|
|poke|p2|Sableye, L50, M, shiny|
|poke|p2|Zoroark-Hisui, L50, M, shiny|
|poke|p2|Raichu, L50, M|
|teampreview|4
|showteam|p1|Lopunny||Lopunnite|Limber|FakeOut,Protect,HighJumpKick,Facade|Jolly||M|||50|]Armarouge||WhiteHerb|FlashFire|WideGuard,WillOWisp,ArmorCannon,TrickRoom|Sassy||M|||50|]Whimsicott||SitrusBerry|Prankster|Moonblast,Encore,Tailwind,Protect|Bold||F|||50|]Charizard||CharizarditeY|Blaze|HeatWave,WeatherBall,AncientPower,Protect|Timid||F|||50|]Kingambit||LifeOrb|Defiant|KowtowCleave,SwordsDance,SuckerPunch,Protect|Adamant||M|||50|]Rotom-Wash||ChoiceScarf|Levitate|Trick,VoltSwitch,Thunderbolt,HydroPump|Timid|||||50|
|showteam|p2|Swampert||Swampertite|Damp|Earthquake,Protect,IcePunch,WaveCrash|Adamant||M|||50|]Pelipper||FocusSash|Drizzle|WeatherBall,Hurricane,Tailwind,WideGuard|Timid||M|||50|]Archaludon||Leftovers|Stamina|ElectroShot,AuraSphere,FlashCannon,Protect|Modest||M|||50|]Sableye||LightClay|Prankster|RainDance,Reflect,LightScreen,Quash|Bold||M|||50|]Zoroark-Hisui||ChoiceScarf|Illusion|BitterMalice,HyperVoice,IcyWind,Trick|Timid||M|||50|]Raichu||RaichuniteY|LightningRod|ZapCannon,GrassKnot,Protect,FakeOut|Timid||M|||50|
|inactive|Battle timer is ON: inactive players will automatically lose when time's up. (requested by TorbellinoChamba)
|
|t:|1785168153
|teamsize|p1|4
|teamsize|p2|4
|start
|switch|p1a: Lopunny|Lopunny, L50, M|100/100
|switch|p1b: Whimsicott|Whimsicott, L50, F|100/100
|switch|p2a: Swampert|Swampert, L50, M|100/100
|switch|p2b: Sableye|Sableye, L50, M, shiny|100/100
|turn|1
|inactive|freudianbreath has 30 seconds left.
|inactive|freudianbreath has 20 seconds left.
|inactive|freudianbreath has 15 seconds left.
|inactive|freudianbreath has 10 seconds left.
|inactive|freudianbreath has 5 seconds left.
|
|t:|1785168203
|switch|p1a: Rotom|Rotom-Wash, L50|100/100
|switch|p1b: Armarouge|Armarouge, L50, M|100/100
|switch|p2b: Pelipper|Pelipper, L50, M, shiny|100/100
|-weather|RainDance|[from] ability: Drizzle|[of] p2b: Pelipper
|detailschange|p2a: Swampert|Swampert-Mega, L50, M
|-mega|p2a: Swampert|Swampert|Swampertite
|move|p2a: Swampert|Ice Punch|p1b: Armarouge
|-resisted|p1b: Armarouge|1
|-damage|p1b: Armarouge|85/100
|
|-weather|RainDance|[upkeep]
|upkeep
|turn|2
|inactive|freudianbreath has 30 seconds left.
|inactive|freudianbreath has 20 seconds left.
|inactive|freudianbreath has 15 seconds left.
|inactive|freudianbreath has 10 seconds left.
|inactive|freudianbreath has 5 seconds left.
|
|t:|1785168256
|move|p2a: Swampert|Wave Crash|p1b: Armarouge
|-supereffective|p1b: Armarouge|1
|-damage|p1b: Armarouge|0 fnt
|faint|p1b: Armarouge
|-damage|p2a: Swampert|69/100|[from] Recoil
|move|p1a: Rotom|Hydro Pump|p2a: Swampert|[miss]
|-miss|p1a: Rotom|p2a: Swampert
|move|p2b: Pelipper|Tailwind|p2b: Pelipper
|-sidestart|p2: TorbellinoChamba|move: Tailwind
|
|-weather|RainDance|[upkeep]
|upkeep
|
|t:|1785168268
|switch|p1b: Whimsicott|Whimsicott, L50, F|100/100
|turn|3
|
|t:|1785168288
|move|p1b: Whimsicott|Encore|p2b: Pelipper
|-start|p2b: Pelipper|Encore
|move|p2a: Swampert|Ice Punch|p1b: Whimsicott
|-supereffective|p1b: Whimsicott|1
|-damage|p1b: Whimsicott|35/100
|-enditem|p1b: Whimsicott|Sitrus Berry|[eat]
|-heal|p1b: Whimsicott|59/100|[from] item: Sitrus Berry
|move|p2b: Pelipper|Tailwind||[still]
|-fail|p2b: Pelipper
|move|p1a: Rotom|Hydro Pump|p2a: Swampert
|-damage|p2a: Swampert|0 fnt
|faint|p2a: Swampert
|
|-weather|RainDance|[upkeep]
|upkeep
|
|t:|1785168298
|switch|p2a: Archaludon|Archaludon, L50, M, shiny|100/100
|turn|4
|
|t:|1785168314
|switch|p2b: Sableye|Sableye, L50, M, shiny|100/100
|move|p1b: Whimsicott|Tailwind|p1b: Whimsicott
|-sidestart|p1: freudianbreath|move: Tailwind
|move|p1a: Rotom|Hydro Pump|p2b: Sableye
|-crit|p2b: Sableye
|-damage|p2b: Sableye|0 fnt
|faint|p2b: Sableye
|move|p2a: Archaludon|Electro Shot||[still]
|-prepare|p2a: Archaludon|Electro Shot
|-boost|p2a: Archaludon|spa|1
|-anim|p2a: Archaludon|Electro Shot|p1a: Rotom
|-damage|p1a: Rotom|0 fnt
|faint|p1a: Rotom
|
|-weather|RainDance|[upkeep]
|upkeep
|
|t:|1785168326
|switch|p1a: Lopunny|Lopunny, L50, M|100/100
|switch|p2b: Pelipper|Pelipper, L50, M, shiny|100/100
|turn|5
|inactive|freudianbreath has 30 seconds left.
|inactive|freudianbreath has 20 seconds left.
|inactive|freudianbreath has 15 seconds left.
|inactive|freudianbreath has 10 seconds left.
|inactive|freudianbreath has 5 seconds left.
|
|t:|1785168378
|move|p1a: Lopunny|Protect|p1a: Lopunny
|-singleturn|p1a: Lopunny|Protect
|move|p1b: Whimsicott|Moonblast|p2b: Pelipper
|-damage|p2b: Pelipper|51/100
|-unboost|p2b: Pelipper|spa|1
|move|p2b: Pelipper|Hurricane|p1a: Lopunny
|-activate|p1a: Lopunny|move: Protect
|move|p2a: Archaludon|Electro Shot||[still]
|-prepare|p2a: Archaludon|Electro Shot
|-boost|p2a: Archaludon|spa|1
|-anim|p2a: Archaludon|Electro Shot|p1a: Lopunny
|-activate|p1a: Lopunny|move: Protect
|
|-weather|none
|-sideend|p2: TorbellinoChamba|move: Tailwind
|upkeep
|turn|6
|inactive|freudianbreath has 30 seconds left.
|
|t:|1785168408
|detailschange|p1a: Lopunny|Lopunny-Mega, L50, M
|-mega|p1a: Lopunny|Lopunny|Lopunnite
|move|p1b: Whimsicott|Encore|p2a: Archaludon
|-start|p2a: Archaludon|Encore
|move|p1a: Lopunny|Facade|p2b: Pelipper
|-damage|p2b: Pelipper|5/100
|move|p2b: Pelipper|Hurricane|p1b: Whimsicott
|-supereffective|p1b: Whimsicott|1
|-damage|p1b: Whimsicott|0 fnt
|faint|p1b: Whimsicott
|move|p2a: Archaludon|Electro Shot||[still]
|-prepare|p2a: Archaludon|Electro Shot
|-boost|p2a: Archaludon|spa|1
|
|upkeep
|turn|7
|
|t:|1785168428
|move|p1a: Lopunny|Protect|p1a: Lopunny
|-singleturn|p1a: Lopunny|Protect
|move|p2b: Pelipper|Hurricane|p1a: Lopunny
|-activate|p1a: Lopunny|move: Protect
|move|p2a: Archaludon|Electro Shot|p1a: Lopunny|[from] lockedmove
|-activate|p1a: Lopunny|move: Protect
|
|-sideend|p1: freudianbreath|move: Tailwind
|upkeep
|turn|8
|
|t:|1785168450
|move|p1a: Lopunny|Facade|p2b: Pelipper
|-damage|p2b: Pelipper|0 fnt
|faint|p2b: Pelipper
|move|p2a: Archaludon|Electro Shot||[still]
|-prepare|p2a: Archaludon|Electro Shot
|-boost|p2a: Archaludon|spa|1
|
|-end|p2a: Archaludon|Encore
|upkeep
|turn|9
|
|t:|1785168464
|move|p1a: Lopunny|High Jump Kick|p2a: Archaludon
|-supereffective|p2a: Archaludon|1
|-damage|p2a: Archaludon|5/100
|-ability|p2a: Archaludon|Stamina|boost
|-boost|p2a: Archaludon|def|1
|move|p2a: Archaludon|Electro Shot|p1a: Lopunny|[from] lockedmove
|-damage|p1a: Lopunny|0 fnt
|faint|p1a: Lopunny
|
|win|TorbellinoChamba
|raw|freudianbreath's rating: 1094 → 1067(-27 for losing)
|raw|TorbellinoChamba's rating: 1058 → 1093(+35 for winning)
|l|☆TorbellinoChamba
|player|p2|
|c|☆freudianbreath|Ggs
