|j|☆homerj71
|j|☆airoicxsekhac-.-
|html|homerj71airoicxsekhac-.-    
|uhtml|bestof|Game 2 of a best-of-3
|t:|1785855077
|gametype|doubles
|player|p1|homerj71|266|1109
|player|p2|airoicxsekhac-.-|hilbert|1000
|gen|9
|tier|[Gen 9 Champions] VGC 2026 Reg M-B (Bo3)
|rated|
|rule|Species Clause: Limit one of each Pokémon
|rule|Item Clause: Limit 1 of each item
|clearpoke
|poke|p1|Tyranitar, L50, M|
|poke|p1|Staraptor, L50, M|
|poke|p1|Gholdengo, L50|
|poke|p1|Excadrill, L50, F|
|poke|p1|Sinistcha, L50|
|poke|p1|Milotic, L50, F|
|poke|p2|Charizard, L50, F|
|poke|p2|Floette-Eternal, L50, F|
|poke|p2|Whimsicott, L50, F|
|poke|p2|Kingambit, L50, F|
|poke|p2|Garchomp, L50, F|
|poke|p2|Basculegion, L50, M|
|teampreview|4
|showteam|p1|Tyranitar||Tyranitarite|SandStream|KnockOff,RockSlide,Protect,LowKick|Jolly||M|||50|]Staraptor||Staraptite|Intimidate|DualWingbeat,CloseCombat,Protect,Tailwind|Jolly||M|||50|]Gholdengo||LifeOrb|GoodasGold|MakeItRain,NastyPlot,Protect,ShadowBall|Timid|||||50|]Excadrill||FocusSash|SandRush|HighHorsepower,IronHead,RockSlide,Protect|Adamant||F|||50|]Sinistcha||SitrusBerry|Hospitality|MatchaGotcha,RagePowder,ShadowBall,Protect|Calm|||||50|]Milotic||Leftovers|Competitive|Scald,IcyWind,Protect,IceBeam|Modest||F|||50|
|showteam|p2|Charizard||CharizarditeY|Blaze|SolarBeam,WeatherBall,Protect,HeatCrash|Modest||F|||50|]Floette-Eternal||Floettite|FlowerVeil|LightofRuin,CalmMind,DazzlingGleam,Protect|Modest||F|||50|]Whimsicott||FocusSash|Prankster|Moonblast,Protect,Tailwind,Charm|Timid||F|||50|]Kingambit||BlackGlasses|Defiant|KowtowCleave,SuckerPunch,IronHead,Protect|Adamant||F|||50|]Garchomp||SitrusBerry|RoughSkin|Earthquake,Protect,RockSlide,DragonClaw|Adamant||F|||50|]Basculegion||LifeOrb|Adaptability|LastRespects,AquaJet,Protect,WaveCrash|Adamant||M|||50|
|inactive|Battle timer is ON: inactive players will automatically lose when time's up. (requested by homerj71)
|inactive|airoicxsekhac-.- also wants the timer to be on.
|inactive|airoicxsekhac-.- has 60 seconds left.
|
|t:|1785855111
|teamsize|p1|4
|teamsize|p2|4
|start
|switch|p1a: Staraptor|Staraptor, L50, M|100/100
|switch|p1b: Gholdengo|Gholdengo, L50|100/100
|switch|p2a: Garchomp|Garchomp, L50, F|100/100
|switch|p2b: Whimsicott|Whimsicott, L50, F|100/100
|-ability|p1a: Staraptor|Intimidate|boost
|-unboost|p2a: Garchomp|atk|1
|-unboost|p2b: Whimsicott|atk|1
|turn|1
|
|t:|1785855138
|switch|p1b: Milotic|Milotic, L50, F|100/100
|detailschange|p1a: Staraptor|Staraptor-Mega, L50, M
|-mega|p1a: Staraptor|Staraptor|Staraptite
|move|p2b: Whimsicott|Protect|p2b: Whimsicott
|-singleturn|p2b: Whimsicott|Protect
|move|p1a: Staraptor|Dual Wingbeat|p2b: Whimsicott
|-activate|p2b: Whimsicott|move: Protect
|move|p2a: Garchomp|Earthquake|p1b: Milotic|[spread] p1b
|-activate|p2b: Whimsicott|move: Protect
|-immune|p1a: Staraptor
|-damage|p1b: Milotic|76/100
|
|-heal|p1b: Milotic|82/100|[from] item: Leftovers
|upkeep
|turn|2
|inactive|airoicxsekhac-.- has 30 seconds left.
|
|t:|1785855165
|move|p2b: Whimsicott|Moonblast|p1a: Staraptor
|-supereffective|p1a: Staraptor|1
|-damage|p1a: Staraptor|23/100
|move|p1a: Staraptor|Dual Wingbeat|p2b: Whimsicott
|-supereffective|p2b: Whimsicott|1
|-damage|p2b: Whimsicott|36/100
|-supereffective|p2b: Whimsicott|1
|-crit|p2b: Whimsicott
|-damage|p2b: Whimsicott|0 fnt
|faint|p2b: Whimsicott
|-hitcount|p2: Whimsicott|2
|move|p2a: Garchomp|Rock Slide|p1a: Staraptor|[spread] p1a,p1b
|-damage|p1a: Staraptor|8/100
|-damage|p1b: Milotic|69/100
|cant|p1b: Milotic|flinch
|
|-heal|p1b: Milotic|75/100|[from] item: Leftovers
|upkeep
|
|t:|1785855183
|switch|p2b: Kingambit|Kingambit, L50, F|100/100
|turn|3
|
|t:|1785855193
|switch|p2a: Floette|Floette-Eternal, L50, F|100/100
|move|p2b: Kingambit|Sucker Punch||[still]
|-fail|p2b: Kingambit
|move|p1a: Staraptor|Tailwind|p1a: Staraptor
|-sidestart|p1: homerj71|move: Tailwind
|move|p1b: Milotic|Scald|p2b: Kingambit
|-damage|p2b: Kingambit|70/100
|
|-heal|p1b: Milotic|81/100|[from] item: Leftovers
|upkeep
|turn|4
|
|t:|1785855214
|detailschange|p2a: Floette|Floette-Mega, L50, F
|-mega|p2a: Floette|Floette|Floettite
|-ability|p2a: Floette|Fairy Aura
|move|p2b: Kingambit|Protect|p2b: Kingambit
|-singleturn|p2b: Kingambit|Protect
|move|p1a: Staraptor|Close Combat|p2b: Kingambit
|-activate|p2b: Kingambit|move: Protect
|move|p1b: Milotic|Scald|p2b: Kingambit
|-activate|p2b: Kingambit|move: Protect
|move|p2a: Floette|Dazzling Gleam|p1a: Staraptor|[spread] p1a,p1b
|-supereffective|p1a: Staraptor|1
|-damage|p1a: Staraptor|0 fnt
|-damage|p1b: Milotic|41/100
|faint|p1a: Staraptor
|
|-heal|p1b: Milotic|47/100|[from] item: Leftovers
|upkeep
|
|t:|1785855222
|switch|p1a: Tyranitar|Tyranitar, L50, M|100/100
|-weather|Sandstorm|[from] ability: Sand Stream|[of] p1a: Tyranitar
|turn|5
|
|t:|1785855242
|move|p1a: Tyranitar|Low Kick|p2b: Kingambit
|-supereffective|p2b: Kingambit|2
|-damage|p2b: Kingambit|0 fnt
|faint|p2b: Kingambit
|move|p1b: Milotic|Ice Beam|p2a: Floette
|-damage|p2a: Floette|77/100
|move|p2a: Floette|Dazzling Gleam|p1b: Milotic|[spread] p1a,p1b
|-supereffective|p1a: Tyranitar|1
|-damage|p1a: Tyranitar|31/100
|-damage|p1b: Milotic|8/100
|
|-weather|Sandstorm|[upkeep]
|-damage|p1b: Milotic|2/100|[from] Sandstorm
|-damage|p2a: Floette|71/100|[from] Sandstorm
|-heal|p1b: Milotic|8/100|[from] item: Leftovers
|upkeep
|
|t:|1785855255
|switch|p2b: Garchomp|Garchomp, L50, F|100/100
|turn|6
|
|t:|1785855262
|move|p2a: Floette|Protect|p2a: Floette
|-singleturn|p2a: Floette|Protect
|move|p1a: Tyranitar|Knock Off|p2b: Garchomp
|-damage|p2b: Garchomp|48/100
|-damage|p1a: Tyranitar|19/100|[from] ability: Rough Skin|[of] p2b: Garchomp
|-enditem|p2b: Garchomp|Sitrus Berry|[from] move: Knock Off|[of] p1a: Tyranitar
|move|p1b: Milotic|Ice Beam|p2b: Garchomp
|-supereffective|p2b: Garchomp|2
|-damage|p2b: Garchomp|0 fnt
|faint|p2b: Garchomp
|
|-weather|Sandstorm|[upkeep]
|-damage|p1b: Milotic|2/100|[from] Sandstorm
|-damage|p2a: Floette|65/100|[from] Sandstorm
|-heal|p1b: Milotic|8/100|[from] item: Leftovers
|-sideend|p1: homerj71|move: Tailwind
|upkeep
|turn|7
|
|t:|1785855277
|move|p2a: Floette|Dazzling Gleam|p1b: Milotic|[spread] p1a,p1b
|-supereffective|p1a: Tyranitar|1
|-damage|p1a: Tyranitar|0 fnt
|-damage|p1b: Milotic|0 fnt
|faint|p1a: Tyranitar
|faint|p1b: Milotic
|
|-weather|Sandstorm|[upkeep]
|-damage|p2a: Floette|59/100|[from] Sandstorm
|upkeep
|
|t:|1785855280
|switch|p1b: Gholdengo|Gholdengo, L50|100/100
|turn|8
|
|t:|1785855291
|move|p2a: Floette|Light of Ruin|p1b: Gholdengo
|-resisted|p1b: Gholdengo|1
|-damage|p1b: Gholdengo|33/100
|-damage|p2a: Floette|20/100y|[from] Recoil
|move|p1b: Gholdengo|Make It Rain|p2a: Floette
|-supereffective|p2a: Floette|1
|-damage|p2a: Floette|0 fnt
|-unboost|p1b: Gholdengo|spa|2
|faint|p2a: Floette
|-damage|p1b: Gholdengo|24/100|[from] item: Life Orb
|
|win|homerj71
|raw|homerj71's rating: 1109 → 1126(+17 for winning)
|raw|airoicxsekhac-.-'s rating: 1000 → 1000(+0 for losing)
