|j|☆shudaonan
|j|☆Moon7777
|html|shudaonanMoon7777    
|uhtml|bestof|Game 2 of a best-of-3
|t:|1755241700
|gametype|doubles
|player|p1|shudaonan|lucas|1388
|player|p2|Moon7777|265|1333
|gen|9
|tier|[Gen 9] VGC 2025 Reg H (Bo3)
|rated|
|rule|Species Clause: Limit one of each Pokémon
|rule|Item Clause: Limit 1 of each item
|clearpoke
|poke|p1|Rillaboom, L50, M|
|poke|p1|Electabuzz, L50, M|
|poke|p1|Archaludon, L50, F|
|poke|p1|Kingambit, L50, M|
|poke|p1|Pelipper, L50, M|
|poke|p1|Basculegion, L50, M|
|poke|p2|Excadrill, L50, F|
|poke|p2|Indeedee, L50, M|
|poke|p2|Sneasler, L50, M|
|poke|p2|Tyranitar, L50, F|
|poke|p2|Maushold, L50|
|poke|p2|Annihilape, L50, F|
|teampreview|4
|showteam|p1|Rillaboom||LoadedDice|GrassySurge|HighHorsepower,BulletSeed,GrassyGlide,FakeOut|||M|||50|,,,,,Fire]Electabuzz||Eviolite|VitalSpirit|Electroweb,Taunt,Protect,FollowMe|||M|||50|,,,,,Ghost]Archaludon||AssaultVest|Stamina|ElectroShot,BodyPress,FlashCannon,DracoMeteor|||F|||50|,,,,,Fairy]Kingambit||BlackGlasses|Defiant|Protect,KowtowCleave,SwordsDance,SuckerPunch|||M|||50|,,,,,Dark]Pelipper||FocusSash|Drizzle|WeatherBall,Hurricane,Tailwind,Protect|||M|||50|,,,,,Ghost]Basculegion||ChoiceBand|SwiftSwim|WaveCrash,AquaJet,FlipTurn,LastRespects|||M|||50|,,,,,Grass
|showteam|p2|Excadrill||FocusSash|SandRush|Earthquake,HighHorsepower,IronHead,Protect|||F|||50|,,,,,Ground]Indeedee||ChoiceScarf|PsychicSurge|ExpandingForce,Trick,DazzlingGleam,TeraBlast|||M|||50|,,,,,Psychic]Sneasler||PsychicSeed|Unburden|CloseCombat,DireClaw,ThroatChop,Protect|||M|||50|,,,,,Dark]Tyranitar||AssaultVest|SandStream|KnockOff,LowKick,TeraBlast,RockSlide|||F|||50|,,,,,Flying]Maushold||SafetyGoggles|FriendGuard|Taunt,FollowMe,BeatUp,Protect||||||50|,,,,,Ghost]Annihilape||SitrusBerry|Defiant|BulkUp,DrainPunch,Protect,RageFist|||F|||50|,,,,,Dragon
|
|t:|1755241720
|teamsize|p1|4
|teamsize|p2|4
|start
|switch|p1a: Basculegion|Basculegion, L50, M|100/100
|switch|p1b: Archaludon|Archaludon, L50, F|100/100
|switch|p2a: Indeedee|Indeedee, L50, M|100/100
|switch|p2b: Sneasler|Sneasler, L50, M|100/100
|-fieldstart|move: Psychic Terrain|[from] ability: Psychic Surge|[of] p2a: Indeedee
|-enditem|p2b: Sneasler|Psychic Seed
|-boost|p2b: Sneasler|spd|1|[from] item: Psychic Seed
|turn|1
|l|☆Moon7777
|player|p2|
|inactive|Battle timer is ON: inactive players will automatically lose when time's up. (requested by shudaonan)
|j|☆Moon7777
|inactive|Moon7777 reconnected and has 80 seconds left.
|player|p2|Moon7777|265|
|
|t:|1755241808
|switch|p1b: Pelipper|Pelipper, L50, M|100/100
|-weather|RainDance|[from] ability: Drizzle|[of] p1b: Pelipper
|move|p2b: Sneasler|Throat Chop|p1a: Basculegion
|-supereffective|p1a: Basculegion
|-damage|p1a: Basculegion|20/100
|-start|p1a: Basculegion|Throat Chop|[silent]
|move|p1a: Basculegion|Flip Turn|p2a: Indeedee
|-damage|p2a: Indeedee|0 fnt
|faint|p2a: Indeedee
|
|t:|1755241822
|switch|p1a: Archaludon|Archaludon, L50, F|100/100|[from] Flip Turn
|
|-weather|RainDance|[upkeep]
|upkeep
|
|t:|1755241844
|switch|p2a: Tyranitar|Tyranitar, L50, F|100/100
|-weather|Sandstorm|[from] ability: Sand Stream|[of] p2a: Tyranitar
|turn|2
|inactive|shudaonan has 30 seconds left.
|inactive|Moon7777 has 30 seconds left.
|inactive|shudaonan has 20 seconds left.
|inactive|shudaonan has 15 seconds left.
|inactive|shudaonan has 10 seconds left.
|inactive|shudaonan has 5 seconds left.
|
|t:|1755241895
|switch|p1b: Rillaboom|Rillaboom, L50, M|100/100
|-fieldstart|move: Grassy Terrain|[from] ability: Grassy Surge|[of] p1b: Rillaboom
|switch|p2a: Annihilape|Annihilape, L50, F|100/100
|-terastallize|p1a: Archaludon|Fairy
|move|p2b: Sneasler|Dire Claw|p1b: Rillaboom
|-supereffective|p1b: Rillaboom
|-damage|p1b: Rillaboom|21/100
|-status|p1b: Rillaboom|slp
|move|p1a: Archaludon|Flash Cannon|p2b: Sneasler
|-damage|p2b: Sneasler|70/100
|
|-weather|Sandstorm|[upkeep]
|-damage|p2b: Sneasler|64/100|[from] Sandstorm
|-damage|p2a: Annihilape|95/100|[from] Sandstorm
|-damage|p1b: Rillaboom|15/100 slp|[from] Sandstorm
|-damage|p1a: Archaludon|94/100|[from] Sandstorm
|-heal|p2b: Sneasler|70/100|[from] Grassy Terrain
|-heal|p2a: Annihilape|100/100|[from] Grassy Terrain
|-heal|p1b: Rillaboom|21/100 slp|[from] Grassy Terrain
|-heal|p1a: Archaludon|100/100|[from] Grassy Terrain
|upkeep
|turn|3
|inactive|shudaonan has 30 seconds left.
|inactive|Moon7777 has 30 seconds left.
|inactive|shudaonan has 20 seconds left.
|inactive|shudaonan has 15 seconds left.
|inactive|shudaonan has 10 seconds left.
|
|t:|1755241944
|switch|p1b: Pelipper|Pelipper, L50, M|100/100
|-weather|RainDance|[from] ability: Drizzle|[of] p1b: Pelipper
|move|p2b: Sneasler|Dire Claw|p1a: Archaludon
|-supereffective|p1a: Archaludon
|-damage|p1a: Archaludon|35/100
|-status|p1a: Archaludon|psn
|-ability|p1a: Archaludon|Stamina|boost
|-boost|p1a: Archaludon|def|1
|move|p2a: Annihilape|Bulk Up|p2a: Annihilape
|-boost|p2a: Annihilape|atk|1
|-boost|p2a: Annihilape|def|1
|move|p1a: Archaludon|Draco Meteor|p2b: Sneasler
|-damage|p2b: Sneasler|20/100
|-unboost|p1a: Archaludon|spa|2
|
|-weather|RainDance|[upkeep]
|-heal|p2b: Sneasler|27/100|[from] Grassy Terrain
|-heal|p1a: Archaludon|41/100 psn|[from] Grassy Terrain
|-damage|p1a: Archaludon|29/100 psn|[from] psn
|upkeep
|turn|4
|inactive|shudaonan has 30 seconds left.
|inactive|Moon7777 has 30 seconds left.
|inactive|shudaonan has 20 seconds left.
|inactive|shudaonan has 15 seconds left.
|inactive|shudaonan has 10 seconds left.
|
|t:|1755241994
|switch|p1b: Rillaboom|Rillaboom, L50, M|21/100 slp
|move|p2b: Sneasler|Dire Claw|p1b: Rillaboom
|-supereffective|p1b: Rillaboom
|-damage|p1b: Rillaboom|0 fnt
|faint|p1b: Rillaboom
|move|p2a: Annihilape|Rage Fist|p1a: Archaludon
|-damage|p1a: Archaludon|15/100 psn
|-ability|p1a: Archaludon|Stamina|boost
|-boost|p1a: Archaludon|def|1
|move|p1a: Archaludon|Electro Shot||[still]
|-prepare|p1a: Archaludon|Electro Shot
|-boost|p1a: Archaludon|spa|1
|-anim|p1a: Archaludon|Electro Shot|p2b: Sneasler
|-damage|p2b: Sneasler|1/100
|
|-weather|RainDance|[upkeep]
|-heal|p2b: Sneasler|7/100|[from] Grassy Terrain
|-heal|p1a: Archaludon|21/100 psn|[from] Grassy Terrain
|-damage|p1a: Archaludon|9/100 psn|[from] psn
|upkeep
|inactive|shudaonan has 30 seconds left.
|
|t:|1755242027
|switch|p1b: Pelipper|Pelipper, L50, M|100/100
|turn|5
|c|☆shudaonan|crazy
|inactive|shudaonan has 30 seconds left.
|inactive|Moon7777 has 30 seconds left.
|inactive|Moon7777 has 20 seconds left.
|
|t:|1755242067
|switch|p2a: Tyranitar|Tyranitar, L50, F|100/100
|-weather|Sandstorm|[from] ability: Sand Stream|[of] p2a: Tyranitar
|move|p2b: Sneasler|Dire Claw|p1b: Pelipper
|-damage|p1b: Pelipper|40/100
|-status|p1b: Pelipper|slp
|move|p1a: Archaludon|Electro Shot||[still]
|-prepare|p1a: Archaludon|Electro Shot
|-boost|p1a: Archaludon|spa|1
|cant|p1b: Pelipper|slp
|
|-weather|Sandstorm|[upkeep]
|-damage|p2b: Sneasler|1/100|[from] Sandstorm
|-damage|p1a: Archaludon|3/100 psn|[from] Sandstorm
|-damage|p1b: Pelipper|35/100 slp|[from] Sandstorm
|-heal|p2b: Sneasler|7/100|[from] Grassy Terrain
|-heal|p1a: Archaludon|9/100 psn|[from] Grassy Terrain
|-damage|p1a: Archaludon|0 fnt|[from] psn
|faint|p1a: Archaludon
|upkeep
|
|t:|1755242087
|switch|p1a: Basculegion|Basculegion, L50, M|20/100
|turn|6
|
|t:|1755242106
|move|p1a: Basculegion|Aqua Jet|p2b: Sneasler
|-damage|p2b: Sneasler|0 fnt
|faint|p2b: Sneasler
|-curestatus|p1b: Pelipper|slp|[msg]
|move|p1b: Pelipper|Weather Ball|p2a: Tyranitar
|-damage|p2a: Tyranitar|91/100
|move|p2a: Tyranitar|Knock Off|p1a: Basculegion
|-supereffective|p1a: Basculegion
|-damage|p1a: Basculegion|0 fnt
|-enditem|p1a: Basculegion|Choice Band|[from] move: Knock Off|[of] p2a: Tyranitar
|faint|p1a: Basculegion
|
|-weather|Sandstorm|[upkeep]
|-damage|p1b: Pelipper|29/100|[from] Sandstorm
|-heal|p2a: Tyranitar|97/100|[from] Grassy Terrain
|-fieldend|move: Grassy Terrain
|upkeep
|
|t:|1755242109
|switch|p2b: Annihilape|Annihilape, L50, F|100/100
|turn|7
|-message|shudaonan forfeited.
|
|win|Moon7777
|raw|shudaonan's rating: 1388 → 1365(-23 for losing)
|raw|Moon7777's rating: 1333 → 1356(+23 for winning)
|c|☆Moon7777|Ggs
|l|☆shudaonan
|player|p1|
|j|☆shudaonan
|player|p1|shudaonan|lucas|
|c|☆shudaonan|gg？
|l|☆shudaonan
|player|p1|
|c|☆Moon7777|Yup
