|j|☆raylof
|j|☆practicesemijrlman
|html|raylofpracticesemijrlman    
|uhtml|bestof|Game 1 of a best-of-3
|t:|1757224842
|gametype|doubles
|player|p1|raylof|266|1276
|player|p2|practicesemijrlman|leon-tower|1210
|gen|9
|tier|[Gen 9] VGC 2025 Reg H (Bo3)
|rated|
|rule|Species Clause: Limit one of each Pokémon
|rule|Item Clause: Limit 1 of each item
|clearpoke
|poke|p1|Pelipper, L50, M|
|poke|p1|Archaludon, L50, M|
|poke|p1|Sinistcha, L50|
|poke|p1|Ursaluna, L50, F|
|poke|p1|Dragonite, L50, F|
|poke|p1|Incineroar, L50, M|
|poke|p2|Dondozo, L50, F|
|poke|p2|Tatsugiri, L50, F|
|poke|p2|Indeedee, L50, M|
|poke|p2|Garchomp, L50, M|
|poke|p2|Gholdengo, L50|
|poke|p2|Murkrow, L50, M|
|teampreview|4
|showteam|p1|Pelipper||FocusSash|Drizzle|MuddyWater,Hurricane,Protect,Tailwind|||M|||50|,,,,,Ghost]Archaludon||AssaultVest|Stamina|FlashCannon,BodyPress,ElectroShot,Snarl|||M|||50|,,,,,Fighting]Sinistcha||SitrusBerry|Hospitality|MatchaGotcha,LifeDew,RagePowder,TrickRoom||||||50|,,,,,Dark]Ursaluna||FlameOrb|Guts|Protect,Facade,HeadlongRush,Earthquake|||F|||50|,,,,,Ghost]Dragonite||LoadedDice|Multiscale|Protect,ScaleShot,Haze,Tailwind|||F|||50|,,,,,Fairy]Incineroar||SafetyGoggles|Intimidate|FlareBlitz,KnockOff,FakeOut,PartingShot|||M|||50|,,,,,Ghost
|showteam|p2|Dondozo||Leftovers|Unaware|OrderUp,Earthquake,WaveCrash,Protect|||F|||50|,,,,,Grass]Tatsugiri||FocusSash|Commander|DracoMeteor,MuddyWater,IcyWind,Protect|||F|||50|,,,,,Stellar]Indeedee||ChoiceScarf|PsychicSurge|ExpandingForce,Trick,AfterYou,HyperVoice|||M|||50|,,,,,Psychic]Garchomp||LifeOrb|RoughSkin|Earthquake,StompingTantrum,DragonClaw,Protect|||M|||50|,,,,,Ground]Gholdengo||ChoiceSpecs|GoodasGold|MakeItRain,ShadowBall,SteelBeam,Thunderbolt||||||50|,,,,,Steel]Murkrow||Eviolite|Prankster|FoulPlay,Tailwind,Quash,Haze|||M|||50|,,,,,Ghost
|inactive|Battle timer is ON: inactive players will automatically lose when time's up. (requested by practicesemijrlman)
|inactive|raylof has 60 seconds left.
|inactive|practicesemijrlman has 60 seconds left.
|inactive|raylof has 30 seconds left.
|inactive|raylof has 20 seconds left.
|inactive|raylof has 15 seconds left.
|inactive|raylof has 10 seconds left.
|
|t:|1757224922
|teamsize|p1|4
|teamsize|p2|4
|start
|switch|p1a: Dragonite|Dragonite, L50, F|100/100
|switch|p1b: Archaludon|Archaludon, L50, M|100/100
|switch|p2a: Gholdengo|Gholdengo, L50|100/100
|switch|p2b: Tatsugiri|Tatsugiri, L50, F, shiny|100/100
|turn|1
|
|t:|1757224945
|move|p1a: Dragonite|Protect|p1a: Dragonite
|-singleturn|p1a: Dragonite|Protect
|move|p2a: Gholdengo|Shadow Ball|p1a: Dragonite
|-activate|p1a: Dragonite|move: Protect
|move|p2b: Tatsugiri|Draco Meteor|p1a: Dragonite
|-activate|p1a: Dragonite|move: Protect
|move|p1b: Archaludon|Snarl|p2a: Gholdengo|[spread] p2a,p2b
|-supereffective|p2a: Gholdengo
|-damage|p2a: Gholdengo|72/100
|-damage|p2b: Tatsugiri|85/100
|-unboost|p2a: Gholdengo|spa|1
|-unboost|p2b: Tatsugiri|spa|1
|
|upkeep
|turn|2
|inactive|raylof has 30 seconds left.
|
|t:|1757224972
|switch|p1a: Incineroar|Incineroar, L50, M|100/100
|-ability|p1a: Incineroar|Intimidate|boost
|-unboost|p2a: Gholdengo|atk|1
|-unboost|p2b: Tatsugiri|atk|1
|move|p2b: Tatsugiri|Protect|p2b: Tatsugiri
|-singleturn|p2b: Tatsugiri|Protect
|move|p2a: Gholdengo|Shadow Ball|p1a: Incineroar
|-resisted|p1a: Incineroar
|-damage|p1a: Incineroar|85/100
|move|p1b: Archaludon|Snarl|p2a: Gholdengo|[spread] p2a
|-activate|p2b: Tatsugiri|move: Protect
|-supereffective|p2a: Gholdengo
|-damage|p2a: Gholdengo|43/100
|-unboost|p2a: Gholdengo|spa|1
|
|upkeep
|turn|3
|
|t:|1757224996
|switch|p2a: Dondozo|Dondozo, L50, F|100/100
|-activate|p2b: Tatsugiri|ability: Commander|[of] p2a: Dondozo
|-boost|p2a: Dondozo|atk|2
|-boost|p2a: Dondozo|spa|2
|-boost|p2a: Dondozo|spe|2
|-boost|p2a: Dondozo|def|2
|-boost|p2a: Dondozo|spd|2
|move|p1b: Archaludon|Snarl|p2b: Tatsugiri|[spread] p2a
|-miss|p1b: Archaludon|p2b: Tatsugiri
|-damage|p2a: Dondozo|95/100
|-unboost|p2a: Dondozo|spa|1
|move|p1a: Incineroar|Knock Off|p2a: Dondozo
|-damage|p2a: Dondozo|82/100
|-enditem|p2a: Dondozo|Leftovers|[from] move: Knock Off|[of] p1a: Incineroar
|
|upkeep
|turn|4
|
|t:|1757225018
|switch|p1b: Sinistcha|Sinistcha, L50|100/100
|-heal|p1a: Incineroar|100/100|[from] ability: Hospitality|[of] p1b: Sinistcha
|-terastallize|p2a: Dondozo|Grass
|move|p2a: Dondozo|Order Up|p1a: Incineroar
|-damage|p1a: Incineroar|62/100
|-boost|p2a: Dondozo|atk|1
|move|p1a: Incineroar|Parting Shot|p2a: Dondozo
|-unboost|p2a: Dondozo|atk|1
|-unboost|p2a: Dondozo|spa|1
|
|t:|1757225028
|switch|p1a: Dragonite|Dragonite, L50, F|100/100|[from] Parting Shot
|
|upkeep
|turn|5
|
|t:|1757225037
|switch|p1b: Incineroar|Incineroar, L50, M|62/100
|-ability|p1b: Incineroar|Intimidate|boost
|-unboost|p2a: Dondozo|atk|1
|-unboost|p2b: Tatsugiri|atk|1
|move|p2a: Dondozo|Order Up|p1a: Dragonite
|-supereffective|p1a: Dragonite
|-damage|p1a: Dragonite|62/100
|-boost|p2a: Dondozo|atk|1
|move|p1a: Dragonite|Haze|p1a: Dragonite
|-clearallboost
|
|upkeep
|turn|6
|
|t:|1757225053
|switch|p1b: Sinistcha|Sinistcha, L50|100/100
|-heal|p1a: Dragonite|87/100|[from] ability: Hospitality|[of] p1b: Sinistcha
|move|p2a: Dondozo|Protect|p2a: Dondozo
|-singleturn|p2a: Dondozo|Protect
|move|p1a: Dragonite|Scale Shot|p2a: Dondozo
|-activate|p2a: Dondozo|move: Protect
|
|upkeep
|turn|7
|
|t:|1757225064
|switch|p1b: Incineroar|Incineroar, L50, M|62/100
|-ability|p1b: Incineroar|Intimidate|boost
|-unboost|p2a: Dondozo|atk|1
|-unboost|p2b: Tatsugiri|atk|1
|move|p1a: Dragonite|Scale Shot|p2a: Dondozo
|-damage|p2a: Dondozo|72/100
|-damage|p2a: Dondozo|62/100
|-damage|p2a: Dondozo|53/100
|-damage|p2a: Dondozo|42/100
|-damage|p2a: Dondozo|33/100
|-hitcount|p2a: Dondozo|5
|-unboost|p1a: Dragonite|def|1
|-boost|p1a: Dragonite|spe|1
|move|p2a: Dondozo|Order Up|p1a: Dragonite
|-supereffective|p1a: Dragonite
|-damage|p1a: Dragonite|56/100
|-boost|p2a: Dondozo|atk|1
|
|upkeep
|turn|8
|inactive|raylof has 30 seconds left.
|
|t:|1757225090
|switch|p1b: Sinistcha|Sinistcha, L50|100/100
|-heal|p1a: Dragonite|81/100|[from] ability: Hospitality|[of] p1b: Sinistcha
|move|p1a: Dragonite|Tailwind|p1a: Dragonite
|-sidestart|p1: raylof|move: Tailwind
|move|p2a: Dondozo|Order Up|p1a: Dragonite
|-supereffective|p1a: Dragonite
|-damage|p1a: Dragonite|32/100
|-boost|p2a: Dondozo|atk|1
|
|upkeep
|turn|9
|
|t:|1757225103
|move|p1a: Dragonite|Scale Shot|p2a: Dondozo
|-damage|p2a: Dondozo|22/100
|-damage|p2a: Dondozo|12/100
|-damage|p2a: Dondozo|3/100
|-damage|p2a: Dondozo|0 fnt
|faint|p2a: Dondozo
|-hitcount|p2: Dondozo|4
|-unboost|p1a: Dragonite|def|1
|-boost|p1a: Dragonite|spe|1
|move|p1b: Sinistcha|Life Dew||[still]|[spread] p1a,p1b
|-heal|p1a: Dragonite|57/100
|-fail|p1b: Sinistcha|heal
|
|upkeep
|
|t:|1757225107
|switch|p2a: Gholdengo|Gholdengo, L50|43/100
|turn|10
|
|t:|1757225130
|switch|p1b: Incineroar|Incineroar, L50, M|62/100
|-ability|p1b: Incineroar|Intimidate|boost
|-unboost|p2a: Gholdengo|atk|1
|-unboost|p2b: Tatsugiri|atk|1
|move|p1a: Dragonite|Protect|p1a: Dragonite
|-singleturn|p1a: Dragonite|Protect
|move|p2a: Gholdengo|Make It Rain|p1b: Incineroar|[spread] p1b
|-activate|p1a: Dragonite|move: Protect
|-resisted|p1b: Incineroar
|-damage|p1b: Incineroar|36/100
|-unboost|p2a: Gholdengo|spa|1
|move|p2b: Tatsugiri|Draco Meteor|p1b: Incineroar
|-damage|p1b: Incineroar|0 fnt
|-unboost|p2b: Tatsugiri|spa|2
|faint|p1b: Incineroar
|
|upkeep
|
|t:|1757225147
|switch|p1b: Sinistcha|Sinistcha, L50|100/100
|-heal|p1a: Dragonite|82/100|[from] ability: Hospitality|[of] p1b: Sinistcha
|turn|11
|
|t:|1757225156
|move|p1a: Dragonite|Scale Shot|p2a: Gholdengo
|-resisted|p2a: Gholdengo
|-damage|p2a: Gholdengo|34/100
|-resisted|p2a: Gholdengo
|-damage|p2a: Gholdengo|27/100
|-resisted|p2a: Gholdengo
|-damage|p2a: Gholdengo|19/100
|-resisted|p2a: Gholdengo
|-damage|p2a: Gholdengo|11/100
|-resisted|p2a: Gholdengo
|-damage|p2a: Gholdengo|4/100
|-hitcount|p2a: Gholdengo|5
|-unboost|p1a: Dragonite|def|1
|-boost|p1a: Dragonite|spe|1
|move|p1b: Sinistcha|Matcha Gotcha|p2a: Gholdengo|[spread] p2a,p2b
|-resisted|p2a: Gholdengo
|-damage|p2a: Gholdengo|0 fnt
|-damage|p2b: Tatsugiri|53/100
|faint|p2a: Gholdengo
|move|p2b: Tatsugiri|Draco Meteor|p1a: Dragonite
|-supereffective|p1a: Dragonite
|-crit|p1a: Dragonite
|-damage|p1a: Dragonite|0 fnt
|-unboost|p2b: Tatsugiri|spa|2
|faint|p1a: Dragonite
|
|-sideend|p1: raylof|move: Tailwind
|upkeep
|
|t:|1757225176
|switch|p2a: Indeedee|Indeedee, L50, M|100/100
|switch|p1a: Archaludon|Archaludon, L50, M|100/100
|-fieldstart|move: Psychic Terrain|[from] ability: Psychic Surge|[of] p2a: Indeedee
|turn|12
|
|t:|1757225189
|move|p2a: Indeedee|Trick|p1a: Archaludon
|-activate|p2a: Indeedee|move: Trick|[of] p1a: Archaludon
|-item|p1a: Archaludon|Choice Scarf|[from] move: Trick
|-item|p2a: Indeedee|Assault Vest|[from] move: Trick
|move|p1a: Archaludon|Snarl|p2b: Tatsugiri|[spread] 
|-miss|p1a: Archaludon|p2a: Indeedee
|-miss|p1a: Archaludon|p2b: Tatsugiri
|move|p2b: Tatsugiri|Muddy Water|p1b: Sinistcha|[spread] p1a,p1b
|-resisted|p1a: Archaludon
|-resisted|p1b: Sinistcha
|-damage|p1a: Archaludon|95/100
|-damage|p1b: Sinistcha|95/100
|-unboost|p1a: Archaludon|accuracy|1
|-ability|p1a: Archaludon|Stamina|boost
|-boost|p1a: Archaludon|def|1
|move|p1b: Sinistcha|Life Dew|p1b: Sinistcha|[spread] p1a,p1b
|-heal|p1a: Archaludon|100/100
|-heal|p1b: Sinistcha|100/100
|
|upkeep
|turn|13
|
|t:|1757225209
|move|p1a: Archaludon|Snarl|p2b: Tatsugiri|[spread] p2a,p2b
|-supereffective|p2a: Indeedee
|-crit|p2b: Tatsugiri
|-damage|p2a: Indeedee|78/100
|-damage|p2b: Tatsugiri|30/100
|-unboost|p2a: Indeedee|spa|1
|-unboost|p2b: Tatsugiri|spa|1
|move|p2b: Tatsugiri|Muddy Water|p1a: Archaludon|[spread] p1a,p1b
|-resisted|p1a: Archaludon
|-resisted|p1b: Sinistcha
|-damage|p1a: Archaludon|96/100
|-damage|p1b: Sinistcha|97/100
|-ability|p1a: Archaludon|Stamina|boost
|-boost|p1a: Archaludon|def|1
|move|p2a: Indeedee|Expanding Force|p1b: Sinistcha|[spread] p1a,p1b
|-resisted|p1a: Archaludon
|-damage|p1a: Archaludon|77/100
|-damage|p1b: Sinistcha|61/100
|-ability|p1a: Archaludon|Stamina|boost
|-boost|p1a: Archaludon|def|1
|move|p1b: Sinistcha|Matcha Gotcha|p2a: Indeedee|[spread] p2a,p2b
|-damage|p2a: Indeedee|56/100
|-heal|p1b: Sinistcha|70/100|[from] drain|[of] p2a: Indeedee
|-damage|p2b: Tatsugiri|0 fnt
|-heal|p1b: Sinistcha|82/100|[from] drain|[of] p2b: Tatsugiri
|faint|p2b: Tatsugiri
|
|upkeep
|turn|14
|
|t:|1757225231
|move|p1a: Archaludon|Snarl|p2a: Indeedee|[miss]
|-miss|p1a: Archaludon|p2a: Indeedee
|move|p2a: Indeedee|Expanding Force|p1a: Archaludon|[spread] p1a,p1b
|-resisted|p1a: Archaludon
|-damage|p1a: Archaludon|57/100
|-damage|p1b: Sinistcha|48/100
|-ability|p1a: Archaludon|Stamina|boost
|-boost|p1a: Archaludon|def|1
|-enditem|p1b: Sinistcha|Sitrus Berry|[eat]
|-heal|p1b: Sinistcha|73/100|[from] item: Sitrus Berry
|move|p1b: Sinistcha|Matcha Gotcha|p2a: Indeedee
|-damage|p2a: Indeedee|24/100
|-heal|p1b: Sinistcha|86/100|[from] drain|[of] p2a: Indeedee
|
|upkeep
|turn|15
|
|t:|1757225245
|move|p1a: Archaludon|Snarl|p2a: Indeedee
|-supereffective|p2a: Indeedee
|-damage|p2a: Indeedee|0 fnt
|faint|p2a: Indeedee
|
|win|raylof
||practicesemijrlman is ready for game 2.
||raylof is ready for game 2.
|uhtml|next|Next: Game 2 of 3
|l|☆practicesemijrlman
|player|p2|
