|j|☆viatles
|j|☆Screammmmm1
|html|viatlesScreammmmm1    
|uhtml|bestof|Game 1 of a best-of-3
|t:|1783050149
|gametype|doubles
|player|p1|viatles|hiker|1132
|player|p2|Screammmmm1|n|1156
|gen|9
|tier|[Gen 9 Champions] VGC 2026 Reg M-B (Bo3)
|rated|
|rule|Species Clause: Limit one of each Pokémon
|rule|Item Clause: Limit 1 of each item
|clearpoke
|poke|p1|Gholdengo, L50|
|poke|p1|Farigiraf, L50, F|
|poke|p1|Pelipper, L50, M|
|poke|p1|Swampert, L50, M|
|poke|p1|Archaludon, L50, F|
|poke|p1|Aerodactyl, L50, F|
|poke|p2|Blaziken, L50, M, shiny|
|poke|p2|Gholdengo, L50|
|poke|p2|Talonflame, L50, F|
|poke|p2|Hydreigon, L50, M|
|poke|p2|Sceptile, L50, M|
|poke|p2|Garchomp, L50, F|
|teampreview|4
|showteam|p1|Gholdengo||LifeOrb|GoodasGold|MakeItRain,ShadowBall,Protect,NastyPlot|Modest|||||50|]Farigiraf||SitrusBerry|ArmorTail|TrickRoom,Thunderbolt,TwinBeam,Protect|Sassy||F|||50|]Pelipper||DampRock|Drizzle|Hurricane,Tailwind,WeatherBall,Protect|Timid||M|||50|]Swampert||Swampertite|Torrent|Earthquake,WaveCrash,IcePunch,Protect|Adamant||M|||50|]Archaludon||Leftovers|Stamina|ElectroShot,DracoMeteor,Protect,AuraSphere|Modest||F|||50|]Aerodactyl||FocusSash|Unnerve|RainDance,Tailwind,RockSlide,DualWingbeat|Jolly||F|||50|
|showteam|p2|Blaziken||Blazikenite|SpeedBoost|BlazeKick,CloseCombat,RockSlide,Protect|Adamant||M|||50|]Gholdengo||LifeOrb|GoodasGold|MakeItRain,NastyPlot,ShadowBall,Protect|Modest|||||50|]Talonflame|||GaleWings|Tailwind,Acrobatics,Protect,Taunt|Jolly||F|||50|]Hydreigon||FocusSash|Levitate|DragonCheer,DracoMeteor,Tailwind,DarkPulse|Timid||M|||50|]Sceptile||Sceptilite|Overgrow|DragonPulse,EarthPower,EnergyBall,Protect|Timid||M|||50|]Garchomp||SitrusBerry|RoughSkin|Earthquake,DragonClaw,RockSlide,Protect|Serious||F|||50|
|c|☆viatles|gl hf
|inactive|Battle timer is ON: inactive players will automatically lose when time's up. (requested by Screammmmm1)
|inactive|Screammmmm1 has 60 seconds left.
|
|t:|1783050191
|teamsize|p1|4
|teamsize|p2|4
|start
|switch|p1a: Aerodactyl|Aerodactyl, L50, F|100/100
|switch|p1b: Farigiraf|Farigiraf, L50, F|100/100
|switch|p2a: Talonflame|Talonflame, L50, F|100/100
|switch|p2b: Sceptile|Sceptile, L50, M|100/100
|-ability|p1a: Aerodactyl|Unnerve
|turn|1
|inactive|Screammmmm1 has 30 seconds left.
|
|t:|1783050223
|switch|p1b: Pelipper|Pelipper, L50, M|100/100
|-weather|RainDance|[from] ability: Drizzle|[of] p1b: Pelipper
|detailschange|p2b: Sceptile|Sceptile-Mega, L50, M
|-mega|p2b: Sceptile|Sceptile|Sceptilite
|move|p2b: Sceptile|Energy Ball|p1a: Aerodactyl
|-damage|p1a: Aerodactyl|24/100
|move|p1a: Aerodactyl|Dual Wingbeat|p2b: Sceptile|[miss]
|-miss|p1a: Aerodactyl|p2b: Sceptile
|move|p2a: Talonflame|Taunt|p1b: Pelipper
|-start|p1b: Pelipper|move: Taunt
|
|-weather|RainDance|[upkeep]
|upkeep
|turn|2
|inactive|viatles has 30 seconds left.
|inactive|Screammmmm1 has 30 seconds left.
|
|t:|1783050256
|switch|p1a: Farigiraf|Farigiraf, L50, F|100/100
|move|p2b: Sceptile|Protect|p2b: Sceptile
|-singleturn|p2b: Sceptile|Protect
|move|p2a: Talonflame|Tailwind|p2a: Talonflame
|-sidestart|p2: Screammmmm1|move: Tailwind
|move|p1b: Pelipper|Weather Ball|p2a: Talonflame
|-supereffective|p2a: Talonflame|1
|-damage|p2a: Talonflame|0 fnt
|faint|p2a: Talonflame
|
|-weather|RainDance|[upkeep]
|upkeep
|
|t:|1783050273
|switch|p2a: Hydreigon|Hydreigon, L50, M|100/100
|turn|3
|
|t:|1783050284
|move|p2b: Sceptile|Energy Ball|p1b: Pelipper
|-damage|p1b: Pelipper|3/100
|-unboost|p1b: Pelipper|spd|1
|move|p2a: Hydreigon|Dragon Cheer|p2b: Sceptile
|-start|p2b: Sceptile|move: Dragon Cheer
|move|p1b: Pelipper|Hurricane|p2b: Sceptile
|-supereffective|p2b: Sceptile|1
|-damage|p2b: Sceptile|0 fnt
|faint|p2b: Sceptile
|move|p1a: Farigiraf|Trick Room|p1a: Farigiraf
|-fieldstart|move: Trick Room|[of] p1a: Farigiraf
|
|-weather|RainDance|[upkeep]
|-end|p1b: Pelipper|move: Taunt
|upkeep
|
|t:|1783050293
|switch|p2b: Garchomp|Garchomp, L50, F|100/100
|turn|4
|
|t:|1783050316
|move|p2b: Garchomp|Protect|p2b: Garchomp
|-singleturn|p2b: Garchomp|Protect
|move|p1a: Farigiraf|Thunderbolt|p2a: Hydreigon
|-resisted|p2a: Hydreigon|1
|-damage|p2a: Hydreigon|86/100
|move|p1b: Pelipper|Hurricane|p2a: Hydreigon
|-damage|p2a: Hydreigon|37/100
|-start|p2a: Hydreigon|confusion
|-activate|p2a: Hydreigon|confusion
|move|p2a: Hydreigon|Dark Pulse|p1a: Farigiraf
|-supereffective|p1a: Farigiraf|1
|-damage|p1a: Farigiraf|41/100
|-enditem|p1a: Farigiraf|Sitrus Berry|[eat]
|-heal|p1a: Farigiraf|66/100|[from] item: Sitrus Berry
|
|-weather|RainDance|[upkeep]
|upkeep
|turn|5
|
|t:|1783050336
|move|p1a: Farigiraf|Twin Beam|p2b: Garchomp
|-crit|p2b: Garchomp
|-damage|p2b: Garchomp|77/100
|-damage|p2b: Garchomp|63/100
|-hitcount|p2b: Garchomp|2
|move|p1b: Pelipper|Hurricane|p2a: Hydreigon
|-damage|p2a: Hydreigon|0 fnt
|faint|p2a: Hydreigon
|move|p2b: Garchomp|Rock Slide|p1b: Pelipper|[spread] p1a,p1b
|-supereffective|p1b: Pelipper|1
|-damage|p1a: Farigiraf|46/100
|-damage|p1b: Pelipper|0 fnt
|faint|p1b: Pelipper
|
|-weather|RainDance|[upkeep]
|-sideend|p2: Screammmmm1|move: Tailwind
|upkeep
|-message|Screammmmm1 forfeited.
|
|win|viatles
|l|☆Screammmmm1
|player|p2|
||Screammmmm1 is ready for game 2.
