|j|☆iplaypadel
|j|☆Sylviana GL
|html|iplaypadelSylviana GL    
|uhtml|bestof|Game 1 of a best-of-3
|t:|1785304296
|gametype|doubles
|player|p1|iplaypadel|265|1267
|player|p2|Sylviana GL|caitlin|1177
|gen|9
|tier|[Gen 9 Champions] VGC 2026 Reg M-B (Bo3)
|rated|
|rule|Species Clause: Limit one of each Pokémon
|rule|Item Clause: Limit 1 of each item
|clearpoke
|poke|p1|Sinistcha, L50|
|poke|p1|Garchomp, L50, M|
|poke|p1|Sneasler, L50, F|
|poke|p1|Floette-Eternal, L50, F|
|poke|p1|Incineroar, L50, M|
|poke|p1|Kingambit, L50, M|
|poke|p2|Aerodactyl, L50, F, shiny|
|poke|p2|Charizard, L50, F|
|poke|p2|Sylveon, L50, M|
|poke|p2|Garchomp, L50, M|
|poke|p2|Kingambit, L50, M|
|poke|p2|Incineroar, L50, M|
|teampreview|4
|showteam|p1|Sinistcha||SitrusBerry|Hospitality|MatchaGotcha,TrickRoom,RagePowder,Protect|Bold|||||50|]Garchomp||Garchompite|SandVeil|StompingTantrum,Earthquake,RockSlide,Protect|Adamant||M|||50|]Sneasler||FocusSash|Unburden|CloseCombat,DireClaw,FakeOut,Coaching|Jolly||F|||50|]Floette-Eternal||Floettite|FlowerVeil|DazzlingGleam,DrainingKiss,CalmMind,Protect|Timid||F|||50|]Incineroar||Leftovers|Intimidate|FakeOut,FlareBlitz,PartingShot,HelpingHand|Sassy||M|||50|]Kingambit||ChopleBerry|Defiant|KowtowCleave,SuckerPunch,IronHead,Protect|Adamant||M|||50|
|showteam|p2|Aerodactyl||Aerodactylite|Unnerve|RockSlide,IceFang,Tailwind,WideGuard|Jolly||F|||50|]Charizard||CharizarditeY|Blaze|HeatWave,WeatherBall,SolarBeam,Protect|Modest||F|||50|]Sylveon||FairyFeather|Pixilate|HyperVoice,HyperBeam,QuickAttack,Detect|Modest||M|||50|]Garchomp||LifeOrb|RoughSkin|DragonClaw,Earthquake,StompingTantrum,Protect|Jolly||M|||50|]Kingambit||FocusSash|Defiant|SuckerPunch,KowtowCleave,IronHead,Protect|Adamant||M|||50|]Incineroar||SitrusBerry|Intimidate|FlareBlitz,ThroatChop,FakeOut,PartingShot|Impish||M|||50|
|inactive|Battle timer is ON: inactive players will automatically lose when time's up. (requested by Sylviana GL)
|inactive|iplaypadel has 60 seconds left.
|inactive|iplaypadel has 30 seconds left.
|inactive|iplaypadel has 20 seconds left.
|inactive|iplaypadel has 15 seconds left.
|
|t:|1785304375
|teamsize|p1|4
|teamsize|p2|4
|start
|switch|p1a: Incineroar|Incineroar, L50, M|100/100
|switch|p1b: Floette|Floette-Eternal, L50, F|100/100
|switch|p2a: Sylveon|Sylveon, L50, M|100/100
|switch|p2b: Aerodactyl|Aerodactyl, L50, F, shiny|100/100
|-ability|p2b: Aerodactyl|Unnerve
|-ability|p1a: Incineroar|Intimidate|boost
|-unboost|p2a: Sylveon|atk|1
|-unboost|p2b: Aerodactyl|atk|1
|turn|1
|
|t:|1785304397
|detailschange|p2b: Aerodactyl|Aerodactyl-Mega, L50, F, shiny
|-mega|p2b: Aerodactyl|Aerodactyl|Aerodactylite
|detailschange|p1b: Floette|Floette-Mega, L50, F
|-mega|p1b: Floette|Floette|Floettite
|-ability|p1b: Floette|Fairy Aura
|move|p1a: Incineroar|Fake Out|p2a: Sylveon
|-damage|p2a: Sylveon|88/100
|move|p2b: Aerodactyl|Tailwind|p2b: Aerodactyl
|-sidestart|p2: Sylviana GL|move: Tailwind
|cant|p2a: Sylveon|flinch
|move|p1b: Floette|Calm Mind|p1b: Floette
|-boost|p1b: Floette|spa|1
|-boost|p1b: Floette|spd|1
|
|upkeep
|turn|2
|
|t:|1785304416
|switch|p2a: Kingambit|Kingambit, L50, M|100/100
|move|p1b: Floette|Protect|p1b: Floette
|-singleturn|p1b: Floette|Protect
|move|p2b: Aerodactyl|Wide Guard|p2b: Aerodactyl
|-singleturn|p2b: Aerodactyl|Wide Guard
|move|p1a: Incineroar|Parting Shot|p2a: Kingambit
|-unboost|p2a: Kingambit|atk|1
|-ability|p2a: Kingambit|Defiant|boost
|-boost|p2a: Kingambit|atk|2
|-unboost|p2a: Kingambit|spa|1
|-ability|p2a: Kingambit|Defiant|boost
|-boost|p2a: Kingambit|atk|2
|
|t:|1785304428
|switch|p1a: Sneasler|Sneasler, L50, F|100/100|[from] Parting Shot
|
|upkeep
|turn|3
|inactive|Sylviana GL has 30 seconds left.
|
|t:|1785304455
|switch|p2b: Sylveon|Sylveon, L50, M|88/100
|move|p2a: Kingambit|Protect|p2a: Kingambit
|-singleturn|p2a: Kingambit|Protect
|move|p1a: Sneasler|Coaching|p1b: Floette
|-boost|p1b: Floette|atk|1
|-boost|p1b: Floette|def|1
|move|p1b: Floette|Dazzling Gleam|p2b: Sylveon|[spread] p2b
|-activate|p2a: Kingambit|move: Protect
|-damage|p2b: Sylveon|38/100
|
|upkeep
|turn|4
|
|t:|1785304474
|move|p1b: Floette|Protect|p1b: Floette
|-singleturn|p1b: Floette|Protect
|move|p2b: Sylveon|Hyper Voice|p1a: Sneasler|[spread] p1a
|-activate|p1b: Floette|move: Protect
|-damage|p1a: Sneasler|15/100
|move|p2a: Kingambit|Iron Head|p1b: Floette
|-activate|p1b: Floette|move: Protect
|move|p1a: Sneasler|Close Combat|p2a: Kingambit
|-supereffective|p2a: Kingambit|2
|-enditem|p2a: Kingambit|Focus Sash
|-damage|p2a: Kingambit|1/100
|-unboost|p1a: Sneasler|def|1
|-unboost|p1a: Sneasler|spd|1
|
|-sideend|p2: Sylviana GL|move: Tailwind
|upkeep
|turn|5
|
|t:|1785304486
|move|p2a: Kingambit|Protect|p2a: Kingambit
|-singleturn|p2a: Kingambit|Protect
|move|p2b: Sylveon|Quick Attack|p1a: Sneasler
|-damage|p1a: Sneasler|0 fnt
|faint|p1a: Sneasler
|move|p1b: Floette|Dazzling Gleam|p2b: Sylveon|[spread] p2b
|-activate|p2a: Kingambit|move: Protect
|-damage|p2b: Sylveon|0 fnt
|faint|p2b: Sylveon
|
|upkeep
|
|t:|1785304492
|switch|p1a: Incineroar|Incineroar, L50, M|100/100
|switch|p2b: Aerodactyl|Aerodactyl-Mega, L50, F, shiny|100/100
|-ability|p1a: Incineroar|Intimidate|boost
|-unboost|p2a: Kingambit|atk|1
|-ability|p2a: Kingambit|Defiant|boost
|-boost|p2a: Kingambit|atk|2
|-unboost|p2b: Aerodactyl|atk|1
|turn|6
|
|t:|1785304501
|switch|p2a: Garchomp|Garchomp, L50, M|100/100
|move|p2b: Aerodactyl|Wide Guard|p2b: Aerodactyl
|-singleturn|p2b: Aerodactyl|Wide Guard
|move|p1a: Incineroar|Fake Out|p2a: Garchomp
|-damage|p2a: Garchomp|90/100
|-damage|p1a: Incineroar|87/100|[from] ability: Rough Skin|[of] p2a: Garchomp
|move|p1b: Floette|Draining Kiss|p2b: Aerodactyl
|-damage|p2b: Aerodactyl|37/100
|
|-heal|p1a: Incineroar|93/100|[from] item: Leftovers
|upkeep
|turn|7
|
|t:|1785304517
|switch|p1a: Sinistcha|Sinistcha, L50|100/100
|move|p1b: Floette|Protect|p1b: Floette
|-singleturn|p1b: Floette|Protect
|move|p2b: Aerodactyl|Tailwind|p2b: Aerodactyl
|-sidestart|p2: Sylviana GL|move: Tailwind
|move|p2a: Garchomp|Earthquake|p1b: Floette|[spread] p1a
|-activate|p1b: Floette|move: Protect
|-immune|p2b: Aerodactyl
|-resisted|p1a: Sinistcha|1
|-damage|p1a: Sinistcha|80/100
|-damage|p2a: Garchomp|80/100|[from] item: Life Orb
|
|upkeep
|turn|8
|
|t:|1785304530
|switch|p1a: Incineroar|Incineroar, L50, M|93/100
|-ability|p1a: Incineroar|Intimidate|boost
|-unboost|p2a: Garchomp|atk|1
|-unboost|p2b: Aerodactyl|atk|1
|move|p2b: Aerodactyl|Rock Slide|p1a: Incineroar|[spread] p1b
|-miss|p2b: Aerodactyl|p1a: Incineroar
|-damage|p1b: Floette|87/100
|move|p2a: Garchomp|Earthquake|p1b: Floette|[spread] p1a,p1b
|-immune|p2b: Aerodactyl
|-supereffective|p1a: Incineroar|1
|-crit|p1a: Incineroar
|-damage|p1a: Incineroar|0 fnt
|-damage|p1b: Floette|56/100
|faint|p1a: Incineroar
|-damage|p2a: Garchomp|70/100|[from] item: Life Orb
|move|p1b: Floette|Draining Kiss|p2a: Garchomp
|-supereffective|p2a: Garchomp|1
|-crit|p2a: Garchomp
|-damage|p2a: Garchomp|0 fnt
|-heal|p1b: Floette|100/100|[from] drain|[of] p2a: Garchomp
|-damage|p1b: Floette|88/100|[from] ability: Rough Skin|[of] p2a: Garchomp
|faint|p2a: Garchomp
|
|upkeep
|
|t:|1785304541
|switch|p2a: Kingambit|Kingambit, L50, M|1/100
|switch|p1a: Sinistcha|Sinistcha, L50|80/100
|-heal|p1b: Floette|100/100|[from] ability: Hospitality|[of] p1a: Sinistcha
|turn|9
|
|t:|1785304553
|move|p1a: Sinistcha|Rage Powder|p1a: Sinistcha
|-singleturn|p1a: Sinistcha|move: Rage Powder
|move|p2b: Aerodactyl|Ice Fang|p1a: Sinistcha
|-supereffective|p1a: Sinistcha|1
|-damage|p1a: Sinistcha|60/100
|move|p2a: Kingambit|Iron Head|p1a: Sinistcha
|-damage|p1a: Sinistcha|28/100
|-enditem|p1a: Sinistcha|Sitrus Berry|[eat]
|-heal|p1a: Sinistcha|52/100|[from] item: Sitrus Berry
|move|p1b: Floette|Draining Kiss|p2b: Aerodactyl
|-damage|p2b: Aerodactyl|0 fnt
|faint|p2b: Aerodactyl
|
|upkeep
|turn|10
|-message|Sylviana GL forfeited.
|
|win|iplaypadel
||Sylviana GL is ready for game 2.
|inactive|iplaypadel has 30 seconds to confirm battle start!
||iplaypadel is ready for game 2.
|uhtml|next|Next: Game 2 of 3
