|j|☆freudianbreath
|j|☆VgcUSUM
|html|freudianbreathVgcUSUM    
|uhtml|bestof|Game 2 of a best-of-3
|t:|1785881896
|gametype|doubles
|player|p1|freudianbreath|102|1120
|player|p2|VgcUSUM|cynthia|1141
|gen|9
|tier|[Gen 9 Champions] VGC 2026 Reg M-B (Bo3)
|rated|
|rule|Species Clause: Limit one of each Pokémon
|rule|Item Clause: Limit 1 of each item
|clearpoke
|poke|p1|Gholdengo, L50|
|poke|p1|Whimsicott, L50, F|
|poke|p1|Sneasler, L50, M|
|poke|p1|Aerodactyl, L50, M|
|poke|p1|Politoed, L50, F|
|poke|p1|Swampert, L50, M|
|poke|p2|Kangaskhan, L50, F|
|poke|p2|Chandelure, L50, F|
|poke|p2|Gallade, L50, M|
|poke|p2|Garchomp, L50, F|
|poke|p2|Tyranitar, L50, F|
|poke|p2|Corviknight, L50, M|
|teampreview|4
|showteam|p1|Gholdengo||LifeOrb|GoodasGold|NastyPlot,MakeItRain,Protect,ShadowBall|Timid|||||50|]Whimsicott||SitrusBerry|Prankster|Moonblast,Encore,Tailwind,Protect|Bold||F|||50|]Sneasler||FocusSash|Unburden|FakeOut,DireClaw,CloseCombat,ThroatChop|Jolly||M|||50|]Aerodactyl||Aerodactylite|Unnerve|DualWingbeat,RockSlide,Protect,Tailwind|Jolly||M|||50|]Politoed||Leftovers|Drizzle|Whirlpool,Protect,EarthPower,WeatherBall|Modest||F|||50|]Swampert||Swampertite|Torrent|WaveCrash,Protect,HighHorsepower,IcePunch|Adamant||M|||50|
|showteam|p2|Kangaskhan||Kangaskhanite|Scrappy|FakeOut,DoubleEdge,IcePunch,BrickBreak|Brave||F|||50|]Chandelure||FocusSash|FlashFire|TrickRoom,HeatWave,ShadowBall,Protect|Quiet||F|||50|]Gallade||IronBall|Sharpness|Protect,LeafBlade,SacredSword,PsychoCut|Brave||M|||50|]Garchomp||Garchompite|SandVeil|Protect,EarthPower,DracoMeteor,PowerGem|Modest||F|||50|]Tyranitar||ChoiceScarf|SandStream|LowKick,IcePunch,RockSlide,KnockOff|Jolly||F|||50|]Corviknight||LifeOrb|MirrorArmor|Protect,Tailwind,IronHead,DualWingbeat|Jolly||M|||50|
|
|t:|1785881972
|teamsize|p1|4
|teamsize|p2|4
|start
|switch|p1a: Politoed|Politoed, L50, F|100/100
|switch|p1b: Sneasler|Sneasler, L50, M|100/100
|switch|p2a: Chandelure|Chandelure, L50, F|100/100
|switch|p2b: Kangaskhan|Kangaskhan, L50, F|100/100
|-weather|RainDance|[from] ability: Drizzle|[of] p1a: Politoed
|turn|1
|
|t:|1785882014
|switch|p2b: Corviknight|Corviknight, L50, M|100/100
|move|p1b: Sneasler|Fake Out|p2b: Corviknight
|-resisted|p2b: Corviknight|1
|-damage|p2b: Corviknight|93/100
|move|p1a: Politoed|Whirlpool|p2b: Corviknight
|-damage|p2b: Corviknight|67/100
|-activate|p2b: Corviknight|move: Whirlpool|[of] p1a: Politoed
|move|p2a: Chandelure|Trick Room|p2a: Chandelure
|-fieldstart|move: Trick Room|[of] p2a: Chandelure
|
|-weather|RainDance|[upkeep]
|-damage|p2b: Corviknight|55/100|[from] move: Whirlpool|[partiallytrapped]
|upkeep
|turn|2
|
|t:|1785882074
|move|p2a: Chandelure|Shadow Ball|p1a: Politoed
|-damage|p1a: Politoed|54/100
|-unboost|p1a: Politoed|spd|1
|move|p1a: Politoed|Whirlpool|p2a: Chandelure
|-supereffective|p2a: Chandelure|1
|-damage|p2a: Chandelure|46/100
|-activate|p2a: Chandelure|move: Whirlpool|[of] p1a: Politoed
|move|p2b: Corviknight|Dual Wingbeat|p1b: Sneasler
|-supereffective|p1b: Sneasler|1
|-damage|p1b: Sneasler|25/100
|-supereffective|p1b: Sneasler|1
|-damage|p1b: Sneasler|0 fnt
|faint|p1b: Sneasler
|-hitcount|p1: Sneasler|2
|-damage|p2b: Corviknight|45/100|[from] item: Life Orb
|
|-weather|RainDance|[upkeep]
|-heal|p1a: Politoed|60/100|[from] item: Leftovers
|-damage|p2a: Chandelure|34/100|[from] move: Whirlpool|[partiallytrapped]
|-damage|p2b: Corviknight|33/100|[from] move: Whirlpool|[partiallytrapped]
|upkeep
|
|t:|1785882120
|switch|p1b: Gholdengo|Gholdengo, L50|100/100
|turn|3
|
|t:|1785882138
|move|p1a: Politoed|Protect|p1a: Politoed
|-singleturn|p1a: Politoed|Protect
|move|p1b: Gholdengo|Protect|p1b: Gholdengo
|-singleturn|p1b: Gholdengo|Protect
|move|p2a: Chandelure|Shadow Ball|p1a: Politoed
|-activate|p1a: Politoed|move: Protect
|move|p2b: Corviknight|Iron Head|p1b: Gholdengo
|-activate|p1b: Gholdengo|move: Protect
|
|-weather|RainDance|[upkeep]
|-heal|p1a: Politoed|66/100|[from] item: Leftovers
|-damage|p2a: Chandelure|22/100|[from] move: Whirlpool|[partiallytrapped]
|-damage|p2b: Corviknight|21/100|[from] move: Whirlpool|[partiallytrapped]
|upkeep
|turn|4
|
|t:|1785882180
|move|p1a: Politoed|Weather Ball|p2a: Chandelure
|-supereffective|p2a: Chandelure|1
|-crit|p2a: Chandelure
|-damage|p2a: Chandelure|0 fnt
|faint|p2a: Chandelure
|move|p2b: Corviknight|Iron Head|p1b: Gholdengo
|-resisted|p1b: Gholdengo|1
|-damage|p1b: Gholdengo|76/100
|-damage|p2b: Corviknight|12/100|[from] item: Life Orb
|move|p1b: Gholdengo|Shadow Ball|p2b: Corviknight
|-damage|p2b: Corviknight|0 fnt
|faint|p2b: Corviknight
|-damage|p1b: Gholdengo|66/100|[from] item: Life Orb
|
|-weather|RainDance|[upkeep]
|-heal|p1a: Politoed|72/100|[from] item: Leftovers
|upkeep
|
|t:|1785882196
|switch|p2a: Kangaskhan|Kangaskhan, L50, F|100/100
|switch|p2b: Gallade|Gallade, L50, M|100/100
|turn|5
|
|t:|1785882252
|move|p1a: Politoed|Protect|p1a: Politoed
|-singleturn|p1a: Politoed|Protect
|move|p1b: Gholdengo|Protect|p1b: Gholdengo
|-singleturn|p1b: Gholdengo|Protect
|move|p2a: Kangaskhan|Fake Out|p1b: Gholdengo
|-activate|p1b: Gholdengo|move: Protect
|move|p2b: Gallade|Leaf Blade|p1a: Politoed
|-activate|p1a: Politoed|move: Protect
|
|-weather|none
|-heal|p1a: Politoed|78/100|[from] item: Leftovers
|-fieldend|move: Trick Room
|upkeep
|turn|6
|inactive|Battle timer is ON: inactive players will automatically lose when time's up. (requested by VgcUSUM)
|
|t:|1785882366
|switch|p1a: Swampert|Swampert, L50, M|100/100
|move|p2b: Gallade|Protect|p2b: Gallade
|-singleturn|p2b: Gallade|Protect
|move|p1b: Gholdengo|Shadow Ball|p2b: Gallade
|-activate|p2b: Gallade|move: Protect
|move|p2a: Kangaskhan|Brick Break|p1b: Gholdengo
|-supereffective|p1b: Gholdengo|1
|-damage|p1b: Gholdengo|11/100
|
|upkeep
|turn|7
|inactive|freudianbreath has 30 seconds left.
|inactive|VgcUSUM has 30 seconds left.
|
|t:|1785882399
|move|p1a: Swampert|Protect|p1a: Swampert
|-singleturn|p1a: Swampert|Protect
|move|p1b: Gholdengo|Shadow Ball|p2b: Gallade
|-supereffective|p2b: Gallade|1
|-damage|p2b: Gallade|1/100
|-damage|p1b: Gholdengo|1/100|[from] item: Life Orb
|move|p2a: Kangaskhan|Double-Edge|p1b: Gholdengo
|-resisted|p1b: Gholdengo|1
|-damage|p1b: Gholdengo|0 fnt
|faint|p1b: Gholdengo
|-damage|p2a: Kangaskhan|99/100|[from] Recoil
|move|p2b: Gallade|Leaf Blade|p1a: Swampert
|-activate|p1a: Swampert|move: Protect
|
|upkeep
|
|t:|1785882418
|switch|p1b: Politoed|Politoed, L50, F|78/100
|-weather|RainDance|[from] ability: Drizzle|[of] p1b: Politoed
|turn|8
|inactive|freudianbreath has 30 seconds left.
|inactive|freudianbreath has 20 seconds left.
|inactive|freudianbreath has 15 seconds left.
|
|t:|1785882458
|detailschange|p1a: Swampert|Swampert-Mega, L50, M
|-mega|p1a: Swampert|Swampert|Swampertite
|detailschange|p2a: Kangaskhan|Kangaskhan-Mega, L50, F
|-mega|p2a: Kangaskhan|Kangaskhan|Kangaskhanite
|move|p2b: Gallade|Protect|p2b: Gallade
|-singleturn|p2b: Gallade|Protect
|move|p1a: Swampert|Ice Punch|p2b: Gallade
|-activate|p2b: Gallade|move: Protect
|move|p2a: Kangaskhan|Double-Edge|p1a: Swampert
|-damage|p1a: Swampert|45/100
|-damage|p1a: Swampert|32/100
|-hitcount|p1a: Swampert|2
|-damage|p2a: Kangaskhan|77/100|[from] Recoil
|move|p1b: Politoed|Weather Ball|p2a: Kangaskhan
|-damage|p2a: Kangaskhan|22/100
|
|-weather|RainDance|[upkeep]
|-heal|p1b: Politoed|84/100|[from] item: Leftovers
|upkeep
|turn|9
|inactive|freudianbreath has 30 seconds left.
|inactive|freudianbreath has 20 seconds left.
|inactive|freudianbreath has 15 seconds left.
|inactive|freudianbreath has 10 seconds left.
|
|t:|1785882506
|move|p2b: Gallade|Protect|p2b: Gallade
|-singleturn|p2b: Gallade|Protect
|move|p1a: Swampert|Ice Punch|p2b: Gallade
|-activate|p2b: Gallade|move: Protect
|move|p2a: Kangaskhan|Double-Edge|p1b: Politoed
|-damage|p1b: Politoed|3/100
|-damage|p1b: Politoed|0 fnt
|faint|p1b: Politoed
|-hitcount|p1: Politoed|2
|-damage|p2a: Kangaskhan|0 fnt|[from] Recoil
|faint|p2a: Kangaskhan
|
|-weather|RainDance|[upkeep]
|upkeep
|turn|10
|inactive|freudianbreath has 30 seconds left.
|
|t:|1785882538
|move|p1a: Swampert|Wave Crash|p2b: Gallade
|-damage|p2b: Gallade|0 fnt
|faint|p2b: Gallade
|-damage|p1a: Swampert|32/100|[from] Recoil
|
|win|freudianbreath
||VgcUSUM is ready for game 3.
||freudianbreath is ready for game 3.
|uhtml|next|Next: Game 3 of 3
