|j|☆flubberbut
|j|☆i saw carcosa
|html|flubberbuti saw carcosa    
|uhtml|bestof|Game 1 of a best-of-3
|t:|1756578491
|gametype|doubles
|player|p1|flubberbut|benga|1250
|player|p2|i saw carcosa|pokemonbreederf|1336
|gen|9
|tier|[Gen 9] VGC 2025 Reg H (Bo3)
|rated|
|rule|Species Clause: Limit one of each Pokémon
|rule|Item Clause: Limit 1 of each item
|clearpoke
|poke|p1|Gholdengo, L50|
|poke|p1|Dragonite, L50, M|
|poke|p1|Talonflame, L50, F|
|poke|p1|Ursaluna-Bloodmoon, L50, M|
|poke|p1|Dondozo, L50, F|
|poke|p1|Tatsugiri, L50, M|
|poke|p2|Dragapult, L50, F|
|poke|p2|Mienshao, L50, M|
|poke|p2|Gholdengo, L50|
|poke|p2|Talonflame, L50, M|
|poke|p2|Kingambit, L50, M|
|poke|p2|Clefable, L50, M|
|teampreview|4
|showteam|p1|Gholdengo||ChoiceSpecs|GoodasGold|MakeItRain,PowerGem,ShadowBall,Trick||||||50|,,,,,Steel]Dragonite||ChoiceBand|InnerFocus|ExtremeSpeed,Outrage,LowKick,Earthquake|||M|||50|,,,,,Normal]Talonflame||ClearAmulet|GaleWings|Tailwind,FlareBlitz,BraveBird,WillOWisp|||F|||50|,,,,,Ghost]Ursaluna-Bloodmoon||LifeOrb|MindsEye|HyperVoice,EarthPower,BloodMoon,Protect|||M|||50|,,,,,Normal]Dondozo||SafetyGoggles|Unaware|Protect,WaveCrash,OrderUp,Earthquake|||F|||50|,,,,,Ghost]Tatsugiri||FocusSash|Commander|DracoMeteor,MuddyWater,Protect,MirrorCoat|||M|||50|,,,,,Fairy
|showteam|p2|Dragapult||ChoiceBand|ClearBody|DragonDarts,Uturn,PhantomForce,Outrage|||F|||50|,,,,,Dragon]Mienshao||FocusSash|InnerFocus|FakeOut,CloseCombat,WideGuard,UpperHand|||M|||50|,,,,,Fighting]Gholdengo||LifeOrb|GoodasGold|MakeItRain,ShadowBall,NastyPlot,Protect||||||50|,,,,,Steel]Talonflame||CovertCloak|GaleWings|Tailwind,BraveBird,Taunt,FlareBlitz|||M|||50|,,,,,Fairy]Kingambit||AssaultVest|Defiant|IronHead,KowtowCleave,SuckerPunch,LowKick|||M|||50|,,,,,Poison]Clefable||SafetyGoggles|Unaware|FollowMe,Moonblast,HelpingHand,MistyTerrain|||M|||50|,,,,,Water
|inactive|Battle timer is ON: inactive players will automatically lose when time's up. (requested by flubberbut)
|inactive|i saw carcosa has 60 seconds left.
|
|t:|1756578558
|teamsize|p1|4
|teamsize|p2|4
|start
|switch|p1a: Talonflame|Talonflame, L50, F|100/100
|switch|p1b: Ursaluna|Ursaluna-Bloodmoon, L50, M|100/100
|switch|p2a: Talonflame|Talonflame, L50, M|100/100
|switch|p2b: Gholdengo|Gholdengo, L50|100/100
|turn|1
|
|t:|1756578576
|move|p1b: Ursaluna|Protect|p1b: Ursaluna
|-singleturn|p1b: Ursaluna|Protect
|move|p2a: Talonflame|Tailwind|p2a: Talonflame
|-sidestart|p2: i saw carcosa|move: Tailwind
|move|p2b: Gholdengo|Make It Rain|p1b: Ursaluna|[spread] p1a
|-activate|p1b: Ursaluna|move: Protect
|-resisted|p1a: Talonflame
|-damage|p1a: Talonflame|47/100
|-unboost|p2b: Gholdengo|spa|1
|-damage|p2b: Gholdengo|91/100|[from] item: Life Orb
|move|p1a: Talonflame|Flare Blitz|p2b: Gholdengo
|-supereffective|p2b: Gholdengo
|-damage|p2b: Gholdengo|0 fnt
|faint|p2b: Gholdengo
|-damage|p1a: Talonflame|13/100|[from] Recoil
|
|upkeep
|
|t:|1756578593
|switch|p2b: Dragapult|Dragapult, L50, F|100/100
|turn|2
|
|t:|1756578612
|switch|p1a: Tatsugiri|Tatsugiri, L50, M, shiny|100/100
|switch|p1b: Dondozo|Dondozo, L50, F|100/100
|-activate|p1a: Tatsugiri|ability: Commander|[of] p1b: Dondozo
|-boost|p1b: Dondozo|atk|2
|-boost|p1b: Dondozo|spa|2
|-boost|p1b: Dondozo|spe|2
|-boost|p1b: Dondozo|def|2
|-boost|p1b: Dondozo|spd|2
|-terastallize|p2b: Dragapult|Dragon
|move|p2a: Talonflame|Brave Bird|p1a: Tatsugiri|[miss]
|-miss|p2a: Talonflame|p1a: Tatsugiri
|move|p2b: Dragapult|Dragon Darts|p1b: Dondozo
|-damage|p1b: Dondozo|83/100
|-anim|p2b: Dragapult|Dragon Darts|p1b: Dondozo
|-damage|p1b: Dondozo|64/100
|
|upkeep
|turn|3
|inactive|i saw carcosa has 30 seconds left.
|
|t:|1756578640
|switch|p2b: Clefable|Clefable, L50, M|100/100
|move|p2a: Talonflame|Brave Bird|p1b: Dondozo
|-damage|p1b: Dondozo|52/100
|-damage|p2a: Talonflame|95/100|[from] Recoil
|move|p1b: Dondozo|Order Up|p2b: Clefable
|-immune|p2b: Clefable
|
|upkeep
|turn|4
|
|t:|1756578654
|move|p2a: Talonflame|Taunt|p1b: Dondozo
|-start|p1b: Dondozo|move: Taunt
|move|p1b: Dondozo|Earthquake|p2b: Clefable|[spread] p2b
|-miss|p1b: Dondozo|p1a: Tatsugiri
|-immune|p2a: Talonflame
|-damage|p2b: Clefable|78/100
|move|p2b: Clefable|Moonblast|p1b: Dondozo
|-damage|p1b: Dondozo|14/100
|
|-sideend|p2: i saw carcosa|move: Tailwind
|upkeep
|turn|5
|
|t:|1756578669
|move|p2a: Talonflame|Tailwind|p2a: Talonflame
|-sidestart|p2: i saw carcosa|move: Tailwind
|move|p1b: Dondozo|Wave Crash|p2a: Talonflame
|-supereffective|p2a: Talonflame
|-damage|p2a: Talonflame|0 fnt
|faint|p2a: Talonflame
|-damage|p1b: Dondozo|0 fnt|[from] Recoil
|faint|p1b: Dondozo
|move|p2b: Clefable|Moonblast|p1a: Tatsugiri
|-supereffective|p1a: Tatsugiri
|-damage|p1a: Tatsugiri|11/100
|
|upkeep
|
|t:|1756578679
|switch|p2a: Dragapult|Dragapult, L50, F, tera:Dragon|100/100
|switch|p1b: Talonflame|Talonflame, L50, F|13/100
|turn|6
|
|t:|1756578689
|-terastallize|p1a: Tatsugiri|Fairy
|move|p2a: Dragapult|Dragon Darts|p1b: Talonflame
|-crit|p1b: Talonflame
|-damage|p1b: Talonflame|0 fnt
|faint|p1b: Talonflame
|move|p2b: Clefable|Moonblast|p1a: Tatsugiri
|-damage|p1a: Tatsugiri|0 fnt
|faint|p1a: Tatsugiri
|
|upkeep
|
|t:|1756578696
|switch|p1b: Ursaluna|Ursaluna-Bloodmoon, L50, M|100/100
|turn|7
|
|t:|1756578710
|move|p2a: Dragapult|Dragon Darts|p1b: Ursaluna
|-crit|p1b: Ursaluna
|-damage|p1b: Ursaluna|35/100
|-anim|p2a: Dragapult|Dragon Darts|p1b: Ursaluna
|-damage|p1b: Ursaluna|0 fnt
|faint|p1b: Ursaluna
|
|win|i saw carcosa
||i saw carcosa is ready for game 2.
|inactive|flubberbut has 30 seconds to confirm battle start!
|inactive|flubberbut has 20 seconds to confirm battle start!
||flubberbut is ready for game 2.
|uhtml|next|Next: Game 2 of 3
|l|☆flubberbut
|player|p1|
