|j|‽RocksDT
|j|☆Felixavi
|html|RocksDTFelixavi    
|uhtml|bestof|Game 1 of a best-of-3
|t:|1784291729
|gametype|doubles
|player|p1|RocksDT|1|1103
|player|p2|Felixavi|giovanni|1041
|gen|9
|tier|[Gen 9 Champions] VGC 2026 Reg M-B (Bo3)
|rated|
|rule|Species Clause: Limit one of each Pokémon
|rule|Item Clause: Limit 1 of each item
|clearpoke
|poke|p1|Pelipper, L50, F|
|poke|p1|Swampert, L50, M|
|poke|p1|Archaludon, L50, F|
|poke|p1|Hydreigon, L50, M|
|poke|p1|Grimmsnarl, L50, M|
|poke|p1|Venusaur, L50, F|
|poke|p2|Garchomp, L50, M|
|poke|p2|Delphox, L50, M|
|poke|p2|Sinistcha, L50|
|poke|p2|Whimsicott, L50, F|
|poke|p2|Toxapex, L50, M|
|poke|p2|Grimmsnarl, L50, M|
|teampreview|4
|showteam|p1|Pelipper||WacanBerry|Drizzle|Hurricane,Tailwind,WeatherBall,WideGuard|Timid||F|||50|]Swampert||Swampertite|Damp|Liquidation,Earthquake,Protect,IcePunch|Adamant||M|||50|]Archaludon||Leftovers|Stamina|Protect,ElectroShot,SteelBeam,DragonPulse|Modest||F|||50|]Hydreigon||ChoiceScarf|Levitate|Uturn,DarkPulse,Snarl,DracoMeteor|Timid||M|||50|]Grimmsnarl||LightClay|Prankster|LightScreen,Reflect,SpiritBreak,PartingShot|Adamant||M|||50|]Venusaur||Venusaurite|Chlorophyll|Protect,GigaDrain,SludgeBomb,EarthPower|Modest||F|||50|
|showteam|p2|Garchomp||LifeOrb|RoughSkin|Earthquake,RockSlide,DragonClaw,Protect|Adamant||M|||50|]Delphox||Delphoxite|Blaze|Protect,HeatWave,Psyshock,NastyPlot|Bold||M|||50|]Sinistcha||SitrusBerry|Hospitality|TrickRoom,MatchaGotcha,RagePowder,Protect|Bold|||||50|]Whimsicott||FocusSash|Prankster|Tailwind,SunnyDay,Moonblast,Protect|Modest||F|||50|]Toxapex||Leftovers|Regenerator|Toxic,Infestation,BanefulBunker,PainSplit|Bold||M|||50|]Grimmsnarl||LightClay|Prankster|PartingShot,LightScreen,Reflect,FakeOut|Careful||M|||50|
|inactive|Battle timer is ON: inactive players will automatically lose when time's up. (requested by RocksDT)
|j| Lidorkork
|
|t:|1784291856
|teamsize|p1|4
|teamsize|p2|4
|start
|switch|p1a: Grimmsnarl|Grimmsnarl, L50, M|100/100
|switch|p1b: Archaludon|Archaludon, L50, F|100/100
|switch|p2a: Whimsicott|Whimsicott, L50, F|100/100
|switch|p2b: Garchomp|Garchomp, L50, M|100/100
|turn|1
|inactive|RocksDT has 30 seconds left.
|inactive|Felixavi has 30 seconds left.
|inactive|Felixavi has 20 seconds left.
|inactive|Felixavi has 15 seconds left.
|inactive|Felixavi has 10 seconds left.
|inactive|Felixavi has 5 seconds left.
|
|t:|1784291908
|move|p1a: Grimmsnarl|Reflect|p1a: Grimmsnarl
|-sidestart|p1: RocksDT|Reflect
|move|p2b: Garchomp|Earthquake|p1b: Archaludon|[spread] p2a,p1a,p1b
|-resisted|p2a: Whimsicott|1
|-supereffective|p1b: Archaludon|1
|-damage|p2a: Whimsicott|67/100
|-damage|p1a: Grimmsnarl|53/100
|-damage|p1b: Archaludon|49/100
|-ability|p1b: Archaludon|Stamina|boost
|-boost|p1b: Archaludon|def|1
|-damage|p2b: Garchomp|90/100|[from] item: Life Orb
|move|p2a: Whimsicott|Moonblast|p1a: Grimmsnarl
|-supereffective|p1a: Grimmsnarl|1
|-damage|p1a: Grimmsnarl|0 fnt
|faint|p1a: Grimmsnarl
|move|p1b: Archaludon|Dragon Pulse|p2b: Garchomp
|-supereffective|p2b: Garchomp|1
|-damage|p2b: Garchomp|0 fnt
|faint|p2b: Garchomp
|
|-heal|p1b: Archaludon|55/100|[from] item: Leftovers
|upkeep
|
|t:|1784291933
|switch|p2b: Delphox|Delphox, L50, M|100/100
|switch|p1a: Pelipper|Pelipper, L50, F|100/100
|-weather|RainDance|[from] ability: Drizzle|[of] p1a: Pelipper
|turn|2
|inactive|Felixavi has 30 seconds left.
|inactive|RocksDT has 30 seconds left.
|inactive|Felixavi has 20 seconds left.
|inactive|Felixavi has 15 seconds left.
|inactive|RocksDT has 20 seconds left.
|inactive|Felixavi has 10 seconds left.
|inactive|Felixavi has 5 seconds left.
|
|t:|1784291986
|detailschange|p2b: Delphox|Delphox-Mega, L50, M
|-mega|p2b: Delphox|Delphox|Delphoxite
|move|p2a: Whimsicott|Protect|p2a: Whimsicott
|-singleturn|p2a: Whimsicott|Protect
|move|p2b: Delphox|Nasty Plot|p2b: Delphox
|-boost|p2b: Delphox|spa|2
|move|p1a: Pelipper|Weather Ball|p2a: Whimsicott
|-activate|p2a: Whimsicott|move: Protect
|move|p1b: Archaludon|Dragon Pulse|p2b: Delphox
|-damage|p2b: Delphox|61/100
|
|-weather|RainDance|[upkeep]
|-heal|p1b: Archaludon|61/100|[from] item: Leftovers
|upkeep
|turn|3
|inactive|RocksDT has 30 seconds left.
|
|t:|1784292015
|move|p1a: Pelipper|Wide Guard|p1a: Pelipper
|-singleturn|p1a: Pelipper|Wide Guard
|move|p2a: Whimsicott|Sunny Day|p2a: Whimsicott
|-weather|SunnyDay
|move|p2b: Delphox|Psyshock|p1a: Pelipper
|-damage|p1a: Pelipper|17/100
|move|p1b: Archaludon|Dragon Pulse|p2b: Delphox
|-damage|p2b: Delphox|22/100
|
|-weather|SunnyDay|[upkeep]
|-heal|p1b: Archaludon|68/100|[from] item: Leftovers
|upkeep
|turn|4
|inactive|Felixavi has 30 seconds left.
|inactive|Felixavi has 20 seconds left.
|inactive|Felixavi has 15 seconds left.
|
|t:|1784292057
|switch|p2a: Sinistcha|Sinistcha, L50|100/100
|-heal|p2b: Delphox|47/100|[from] ability: Hospitality|[of] p2a: Sinistcha
|switch|p1a: Swampert|Swampert, L50, M|100/100
|move|p1b: Archaludon|Protect|p1b: Archaludon
|-singleturn|p1b: Archaludon|Protect
|move|p2b: Delphox|Psyshock|p1a: Swampert
|-damage|p1a: Swampert|15/100
|
|-weather|SunnyDay|[upkeep]
|-heal|p1b: Archaludon|74/100|[from] item: Leftovers
|upkeep
|turn|5
|inactive|RocksDT has 30 seconds left.
|
|t:|1784292084
|switch|p1b: Pelipper|Pelipper, L50, F|17/100
|-weather|RainDance|[from] ability: Drizzle|[of] p1b: Pelipper
|detailschange|p1a: Swampert|Swampert-Mega, L50, M
|-mega|p1a: Swampert|Swampert|Swampertite
|move|p2b: Delphox|Protect|p2b: Delphox
|-singleturn|p2b: Delphox|Protect
|move|p1a: Swampert|Earthquake|p2b: Delphox|[spread] p2a
|-activate|p2b: Delphox|move: Protect
|-immune|p1b: Pelipper
|-resisted|p2a: Sinistcha|1
|-damage|p2a: Sinistcha|79/100
|move|p2a: Sinistcha|Matcha Gotcha|p1b: Pelipper|[spread] p1b
|-miss|p2a: Sinistcha|p1a: Swampert
|-damage|p1b: Pelipper|0 fnt
|-heal|p2a: Sinistcha|88/100|[from] drain|[of] p1b: Pelipper
|faint|p1b: Pelipper
|
|-weather|RainDance|[upkeep]
|upkeep
|
|t:|1784292094
|switch|p1b: Archaludon|Archaludon, L50, F|74/100
|turn|6
|inactive|Felixavi has 30 seconds left.
|
|t:|1784292126
|move|p2a: Sinistcha|Rage Powder|p2a: Sinistcha
|-singleturn|p2a: Sinistcha|move: Rage Powder
|move|p1a: Swampert|Ice Punch|p2a: Sinistcha
|-supereffective|p2a: Sinistcha|1
|-damage|p2a: Sinistcha|39/100
|-enditem|p2a: Sinistcha|Sitrus Berry|[eat]
|-heal|p2a: Sinistcha|64/100|[from] item: Sitrus Berry
|move|p2b: Delphox|Psyshock|p1a: Swampert
|-damage|p1a: Swampert|0 fnt
|faint|p1a: Swampert
|move|p1b: Archaludon|Electro Shot||[still]
|-prepare|p1b: Archaludon|Electro Shot
|-boost|p1b: Archaludon|spa|1
|-anim|p1b: Archaludon|Electro Shot|p2a: Sinistcha
|-resisted|p2a: Sinistcha|1
|-damage|p2a: Sinistcha|32/100
|
|-weather|RainDance|[upkeep]
|-heal|p1b: Archaludon|80/100|[from] item: Leftovers
|upkeep
|turn|7
|-message|RocksDT forfeited.
|
|win|Felixavi
