|j|☆fookinraw42
|j|☆pokesita
|html|fookinraw42pokesita    
|uhtml|bestof|Game 3 of a best-of-3
|t:|1756334899
|gametype|doubles
|player|p1|fookinraw42|flannery|1168
|player|p2|pokesita|266|1163
|gen|9
|tier|[Gen 9] VGC 2025 Reg H (Bo3)
|rated|
|rule|Species Clause: Limit one of each Pokémon
|rule|Item Clause: Limit 1 of each item
|clearpoke
|poke|p1|Gholdengo, L50|
|poke|p1|Amoonguss, L50, F|
|poke|p1|Basculegion, L50, M|
|poke|p1|Incineroar, L50, M|
|poke|p1|Archaludon, L50, M|
|poke|p1|Pelipper, L50, M|
|poke|p2|Typhlosion-Hisui, L50, M|
|poke|p2|Whimsicott, L50, M|
|poke|p2|Tauros-Paldea-Aqua, L50, M|
|poke|p2|Ursaluna-Bloodmoon, L50, M|
|poke|p2|Kingambit, L50, F|
|poke|p2|Maushold-Four, L50|
|teampreview|4
|showteam|p1|Gholdengo||LifeOrb|GoodasGold|MakeItRain,ShadowBall,NastyPlot,Protect||||||50|,,,,,Water]Amoonguss||SitrusBerry|Regenerator|Spore,RagePowder,PollenPuff,ClearSmog|||F|||50|,,,,,Electric]Basculegion||ChoiceBand|SwiftSwim|WaveCrash,FlipTurn,AquaJet,LastRespects|||M|||50|,,,,,Water]Incineroar||SafetyGoggles|Intimidate|KnockOff,PartingShot,WillOWisp,FakeOut|||M|||50|,,,,,Ghost]Archaludon||AssaultVest|Stamina|FlashCannon,DracoMeteor,ElectroShot,BodyPress|||M|||50|,,,,,Bug]Pelipper||CovertCloak|Drizzle|WeatherBall,Hurricane,Tailwind,Protect|||M|||50|,,,,,Dragon
|showteam|p2|Typhlosion-Hisui||ChoiceSpecs|Blaze|Eruption,HeatWave,ShadowBall,SleepTalk|||M|||50|,,,,,Fire]Whimsicott||CovertCloak|Prankster|Tailwind,SunnyDay,Encore,Moonblast|||M|||50|,,,,,Water]Tauros-Paldea-Aqua||MirrorHerb|Intimidate|Protect,AquaJet,RagingBull,CloseCombat|||M|||50|,,,,,Grass]Ursaluna-Bloodmoon||LifeOrb|MindsEye|Protect,BloodMoon,HyperVoice,EarthPower|||M|||50|,,,,,Normal]Kingambit||AssaultVest|Defiant|KowtowCleave,SuckerPunch,IronHead,LowKick|||F|||50|,,,,,Fairy]Maushold-Four||WideLens|FriendGuard|PopulationBomb,Taunt,FollowMe,Protect||||||50|,,,,,Normal
|inactive|Battle timer is ON: inactive players will automatically lose when time's up. (requested by fookinraw42)
|inactive|fookinraw42 has 60 seconds left.
|inactive|pokesita has 60 seconds left.
|
|t:|1756334949
|teamsize|p1|4
|teamsize|p2|4
|start
|switch|p1a: Incineroar|Incineroar, L50, M|100/100
|switch|p1b: Basculegion|Basculegion, L50, M|100/100
|switch|p2a: Kingambit|Kingambit, L50, F|100/100
|switch|p2b: Tauros|Tauros-Paldea-Aqua, L50, M|100/100
|-ability|p2b: Tauros|Intimidate|boost
|-unboost|p1a: Incineroar|atk|1
|-unboost|p1b: Basculegion|atk|1
|-ability|p1a: Incineroar|Intimidate|boost
|-unboost|p2a: Kingambit|atk|1
|-ability|p2a: Kingambit|Defiant|boost
|-boost|p2a: Kingambit|atk|2
|-unboost|p2b: Tauros|atk|1
|turn|1
|inactive|fookinraw42 has 30 seconds left.
|
|t:|1756334976
|switch|p1b: Pelipper|Pelipper, L50, M|100/100
|-weather|RainDance|[from] ability: Drizzle|[of] p1b: Pelipper
|-terastallize|p1a: Incineroar|Ghost
|move|p2b: Tauros|Close Combat|p1a: Incineroar
|-immune|p1a: Incineroar
|move|p1a: Incineroar|Will-O-Wisp|p2a: Kingambit
|-status|p2a: Kingambit|brn
|move|p2a: Kingambit|Kowtow Cleave|p1b: Pelipper
|-crit|p1b: Pelipper
|-damage|p1b: Pelipper|48/100
|
|-weather|RainDance|[upkeep]
|-damage|p2a: Kingambit|95/100 brn|[from] brn
|upkeep
|turn|2
|inactive|pokesita has 30 seconds left.
|inactive|pokesita has 20 seconds left.
|inactive|pokesita has 15 seconds left.
|
|t:|1756335019
|move|p2b: Tauros|Protect|p2b: Tauros
|-singleturn|p2b: Tauros|Protect
|move|p1b: Pelipper|Tailwind|p1b: Pelipper
|-sidestart|p1: fookinraw42|move: Tailwind
|move|p1a: Incineroar|Knock Off|p2a: Kingambit
|-resisted|p2a: Kingambit
|-damage|p2a: Kingambit|85/100 brn
|-enditem|p2a: Kingambit|Assault Vest|[from] move: Knock Off|[of] p1a: Incineroar
|move|p2a: Kingambit|Kowtow Cleave|p1b: Pelipper
|-damage|p1b: Pelipper|14/100
|
|-weather|RainDance|[upkeep]
|-damage|p2a: Kingambit|79/100 brn|[from] brn
|upkeep
|turn|3
|inactive|fookinraw42 has 30 seconds left.
|inactive|pokesita has 30 seconds left.
|
|t:|1756335047
|switch|p1a: Archaludon|Archaludon, L50, M|100/100
|move|p2b: Tauros|Aqua Jet|p1b: Pelipper
|-resisted|p1b: Pelipper
|-damage|p1b: Pelipper|5/100
|move|p2a: Kingambit|Sucker Punch|p1b: Pelipper
|-damage|p1b: Pelipper|0 fnt
|faint|p1b: Pelipper
|
|-weather|RainDance|[upkeep]
|-damage|p2a: Kingambit|73/100 brn|[from] brn
|upkeep
|
|t:|1756335058
|switch|p1b: Basculegion|Basculegion, L50, M|100/100
|turn|4
|inactive|pokesita has 30 seconds left.
|inactive|pokesita has 20 seconds left.
|
|t:|1756335094
|switch|p2b: Whimsicott|Whimsicott, L50, M|100/100
|move|p2a: Kingambit|Sucker Punch|p1b: Basculegion
|-supereffective|p1b: Basculegion
|-damage|p1b: Basculegion|25/100
|move|p1b: Basculegion|Flip Turn|p2a: Kingambit
|-damage|p2a: Kingambit|22/100 brn
|
|t:|1756335101
|switch|p1b: Incineroar|Incineroar, L50, M, tera:Ghost|100/100|[from] Flip Turn
|-ability|p1b: Incineroar|Intimidate|boost
|-unboost|p2a: Kingambit|atk|1
|-ability|p2a: Kingambit|Defiant|boost
|-boost|p2a: Kingambit|atk|2
|-unboost|p2b: Whimsicott|atk|1
|move|p1a: Archaludon|Electro Shot||[still]
|-prepare|p1a: Archaludon|Electro Shot
|-boost|p1a: Archaludon|spa|1
|-anim|p1a: Archaludon|Electro Shot|p2a: Kingambit
|-damage|p2a: Kingambit|0 fnt
|faint|p2a: Kingambit
|
|-weather|RainDance|[upkeep]
|upkeep
|
|t:|1756335118
|switch|p2a: Typhlosion|Typhlosion-Hisui, L50, M|100/100
|turn|5
|inactive|pokesita has 30 seconds left.
|
|t:|1756335145
|move|p2b: Whimsicott|Sunny Day|p2b: Whimsicott
|-weather|SunnyDay
|move|p1a: Archaludon|Draco Meteor|p2a: Typhlosion
|-damage|p2a: Typhlosion|0 fnt
|-unboost|p1a: Archaludon|spa|2
|faint|p2a: Typhlosion
|move|p1b: Incineroar|Knock Off|p2b: Whimsicott
|-resisted|p2b: Whimsicott
|-damage|p2b: Whimsicott|73/100
|-enditem|p2b: Whimsicott|Covert Cloak|[from] move: Knock Off|[of] p1b: Incineroar
|
|-weather|SunnyDay|[upkeep]
|-sideend|p1: fookinraw42|move: Tailwind
|upkeep
|
|t:|1756335151
|switch|p2a: Tauros|Tauros-Paldea-Aqua, L50, M|100/100
|-ability|p2a: Tauros|Intimidate|boost
|-unboost|p1a: Archaludon|atk|1
|-unboost|p1b: Incineroar|atk|1
|turn|6
|inactive|pokesita has 30 seconds left.
|
|t:|1756335183
|move|p2b: Whimsicott|Moonblast|p1a: Archaludon
|-damage|p1a: Archaludon|79/100
|-ability|p1a: Archaludon|Stamina|boost
|-boost|p1a: Archaludon|def|1
|-enditem|p2a: Tauros|Mirror Herb
|-boost|p2a: Tauros|def|1|[from] item: Mirror Herb
|move|p2a: Tauros|Close Combat|p1a: Archaludon
|-supereffective|p1a: Archaludon
|-damage|p1a: Archaludon|20/100
|-unboost|p2a: Tauros|def|1
|-unboost|p2a: Tauros|spd|1
|-ability|p1a: Archaludon|Stamina|boost
|-boost|p1a: Archaludon|def|1
|move|p1a: Archaludon|Flash Cannon|p2b: Whimsicott
|-supereffective|p2b: Whimsicott
|-damage|p2b: Whimsicott|8/100
|move|p1b: Incineroar|Parting Shot|p2b: Whimsicott
|-unboost|p2b: Whimsicott|atk|1
|-unboost|p2b: Whimsicott|spa|1
|
|t:|1756335199
|switch|p1b: Basculegion|Basculegion, L50, M|25/100|[from] Parting Shot
|
|-weather|SunnyDay|[upkeep]
|upkeep
|turn|7
|
|t:|1756335219
|move|p1b: Basculegion|Aqua Jet|p2b: Whimsicott
|-resisted|p2b: Whimsicott
|-damage|p2b: Whimsicott|0 fnt
|faint|p2b: Whimsicott
|move|p2a: Tauros|Close Combat|p1a: Archaludon
|-supereffective|p1a: Archaludon
|-damage|p1a: Archaludon|0 fnt
|-unboost|p2a: Tauros|def|1
|-unboost|p2a: Tauros|spd|1
|faint|p1a: Archaludon
|
|-weather|SunnyDay|[upkeep]
|upkeep
|
|t:|1756335229
|switch|p1a: Incineroar|Incineroar, L50, M, tera:Ghost|100/100
|-ability|p1a: Incineroar|Intimidate|boost
|-unboost|p2a: Tauros|atk|1
|turn|8
|
|t:|1756335238
|move|p2a: Tauros|Protect|p2a: Tauros
|-singleturn|p2a: Tauros|Protect
|move|p1a: Incineroar|Fake Out|p2a: Tauros
|-activate|p2a: Tauros|move: Protect
|move|p1b: Basculegion|Aqua Jet|p2a: Tauros
|-activate|p2a: Tauros|move: Protect
|
|-weather|SunnyDay|[upkeep]
|upkeep
|turn|9
|
|t:|1756335252
|move|p1b: Basculegion|Aqua Jet|p2a: Tauros
|-resisted|p2a: Tauros
|-damage|p2a: Tauros|89/100
|move|p2a: Tauros|Raging Bull|p1a: Incineroar
|-damage|p1a: Incineroar|87/100
|move|p1a: Incineroar|Will-O-Wisp|p2a: Tauros
|-status|p2a: Tauros|brn
|
|-weather|none
|-damage|p2a: Tauros|83/100 brn|[from] brn
|upkeep
|turn|10
|
|t:|1756335268
|move|p1b: Basculegion|Aqua Jet|p2a: Tauros
|-resisted|p2a: Tauros
|-damage|p2a: Tauros|60/100 brn
|move|p2a: Tauros|Raging Bull|p1b: Basculegion
|-resisted|p1b: Basculegion
|-damage|p1b: Basculegion|16/100
|move|p1a: Incineroar|Knock Off|p2a: Tauros
|-resisted|p2a: Tauros
|-damage|p2a: Tauros|36/100 brn
|
|-damage|p2a: Tauros|31/100 brn|[from] brn
|upkeep
|turn|11
|-message|pokesita forfeited.
|raw|fookinraw42's rating: 1168 → 1193(+25 for winning)
|raw|pokesita's rating: 1163 → 1138(-25 for losing)
|
|win|fookinraw42
|l|☆pokesita
|player|p2|
