|j|☆dookyinmycookie
|j|☆raksbach
|html|dookyinmycookieraksbach    
|uhtml|bestof|Game 1 of a best-of-3
|t:|1783601558
|gametype|doubles
|player|p1|dookyinmycookie|skyla|1039
|player|p2|raksbach|170|1088
|gen|9
|tier|[Gen 9 Champions] VGC 2026 Reg M-B (Bo3)
|rated|
|rule|Species Clause: Limit one of each Pokémon
|rule|Item Clause: Limit 1 of each item
|clearpoke
|poke|p1|Mawile, L50, M, shiny|
|poke|p1|Meowstic, L50, M|
|poke|p1|Spiritomb, L50, F, shiny|
|poke|p1|Annihilape, L50, M, shiny|
|poke|p1|Araquanid, L50, F|
|poke|p1|Primarina, L50, M|
|poke|p2|Incineroar, L50, M|
|poke|p2|Maushold, L50|
|poke|p2|Sinistcha, L50|
|poke|p2|Sneasler, L50, F|
|poke|p2|Blastoise, L50, F|
|poke|p2|Delphox, L50, F|
|teampreview|4
|showteam|p1|Mawile||Mawilite|Intimidate|SuckerPunch,PlayRough,IronHead,Protect|Brave||M|||50|]Meowstic||ColburBerry|Prankster|FakeOut,EnergyBall,TrickRoom,Protect|Modest||M|||50|]Spiritomb||SitrusBerry|Infiltrator|Poltergeist,AllySwitch,TrickRoom,Protect|Sassy||F|||50|]Annihilape||Leftovers|Defiant|DrainPunch,RageFist,BulkUp,Protect|Brave||M|||50|]Araquanid||MysticWater|WaterBubble|Liquidation,LeechLife,WideGuard,Protect|Sassy||F|||50|]Primarina||LifeOrb|LiquidVoice|HyperVoice,Moonblast,PsychicNoise,Protect|Quiet||M|||50|
|showteam|p2|Incineroar||SitrusBerry|Intimidate|FakeOut,FlareBlitz,DarkestLariat,PartingShot|Impish||M|||50|]Maushold||ChopleBerry|FriendGuard|SuperFang,FollowMe,Protect,Feint|Impish|||||50|]Sinistcha||OccaBerry|Hospitality|MatchaGotcha,LifeDew,RagePowder,Protect|Bold|||||50|]Sneasler||FocusSash|PoisonTouch|FakeOut,CloseCombat,DireClaw,QuickGuard|Jolly||F|||50|]Blastoise||Blastoisinite|Torrent|WaterSpout,DarkPulse,ShellSmash,Protect|Modest||F|||50|]Delphox||Delphoxite|Blaze|HeatWave,Psychic,NastyPlot,Protect|Timid||F|||50|
|inactive|Battle timer is ON: inactive players will automatically lose when time's up. (requested by raksbach)
|inactive|dookyinmycookie has 60 seconds left.
|inactive|dookyinmycookie has 30 seconds left.
|inactive|dookyinmycookie has 20 seconds left.
|inactive|dookyinmycookie has 15 seconds left.
|inactive|dookyinmycookie has 10 seconds left.
|
|t:|1783601641
|teamsize|p1|4
|teamsize|p2|4
|start
|switch|p1a: Araquanid|Araquanid, L50, F|100/100
|switch|p1b: Spiritomb|Spiritomb, L50, F, shiny|100/100
|switch|p2a: Blastoise|Blastoise, L50, F|100/100
|switch|p2b: Maushold|Maushold, L50|100/100
|turn|1
|
|t:|1783601664
|detailschange|p2a: Blastoise|Blastoise-Mega, L50, F
|-mega|p2a: Blastoise|Blastoise|Blastoisinite
|move|p1a: Araquanid|Wide Guard|p1a: Araquanid
|-singleturn|p1a: Araquanid|Wide Guard
|move|p2b: Maushold|Follow Me|p2b: Maushold
|-singleturn|p2b: Maushold|move: Follow Me
|move|p2a: Blastoise|Shell Smash|p2a: Blastoise
|-unboost|p2a: Blastoise|def|1
|-unboost|p2a: Blastoise|spd|1
|-boost|p2a: Blastoise|atk|2
|-boost|p2a: Blastoise|spa|2
|-boost|p2a: Blastoise|spe|2
|move|p1b: Spiritomb|Trick Room|p1b: Spiritomb
|-fieldstart|move: Trick Room|[of] p1b: Spiritomb
|
|upkeep
|turn|2
|inactive|dookyinmycookie has 30 seconds left.
|inactive|dookyinmycookie has 20 seconds left.
|inactive|dookyinmycookie has 15 seconds left.
|
|t:|1783601708
|switch|p1b: Annihilape|Annihilape, L50, M, shiny|100/100
|move|p2b: Maushold|Follow Me|p2b: Maushold
|-singleturn|p2b: Maushold|move: Follow Me
|move|p1a: Araquanid|Liquidation|p2b: Maushold
|-crit|p2b: Maushold
|-damage|p2b: Maushold|26/100
|move|p2a: Blastoise|Dark Pulse|p1b: Annihilape
|-damage|p1b: Annihilape|26/100
|
|-heal|p1b: Annihilape|32/100|[from] item: Leftovers
|upkeep
|turn|3
|inactive|dookyinmycookie has 30 seconds left.
|
|t:|1783601742
|move|p2a: Blastoise|Protect|p2a: Blastoise
|-singleturn|p2a: Blastoise|Protect
|move|p1a: Araquanid|Liquidation|p2b: Maushold
|-damage|p2b: Maushold|0 fnt
|faint|p2b: Maushold
|move|p1b: Annihilape|Drain Punch|p2a: Blastoise
|-activate|p2a: Blastoise|move: Protect
|
|-heal|p1b: Annihilape|38/100|[from] item: Leftovers
|upkeep
|
|t:|1783601755
|switch|p2b: Sinistcha|Sinistcha, L50|100/100
|turn|4
|
|t:|1783601770
|move|p1b: Annihilape|Protect|p1b: Annihilape
|-singleturn|p1b: Annihilape|Protect
|move|p2b: Sinistcha|Rage Powder|p2b: Sinistcha
|-singleturn|p2b: Sinistcha|move: Rage Powder
|move|p1a: Araquanid|Liquidation|p2b: Sinistcha
|-resisted|p2b: Sinistcha|1
|-damage|p2b: Sinistcha|78/100
|move|p2a: Blastoise|Water Spout|p1a: Araquanid|[spread] p1a
|-activate|p1b: Annihilape|move: Protect
|-resisted|p1a: Araquanid|1
|-damage|p1a: Araquanid|62/100
|
|-heal|p1b: Annihilape|45/100|[from] item: Leftovers
|upkeep
|turn|5
|inactive|dookyinmycookie has 30 seconds left.
|inactive|dookyinmycookie has 20 seconds left.
|inactive|dookyinmycookie has 15 seconds left.
|
|t:|1783601811
|move|p2b: Sinistcha|Protect|p2b: Sinistcha
|-singleturn|p2b: Sinistcha|Protect
|move|p2a: Blastoise|Protect|p2a: Blastoise
|-singleturn|p2a: Blastoise|Protect
|move|p1a: Araquanid|Wide Guard|p1a: Araquanid
|-singleturn|p1a: Araquanid|Wide Guard
|move|p1b: Annihilape|Rage Fist|p2b: Sinistcha
|-activate|p2b: Sinistcha|move: Protect
|
|-heal|p1b: Annihilape|51/100|[from] item: Leftovers
|-fieldend|move: Trick Room
|upkeep
|turn|6
|inactive|dookyinmycookie has 30 seconds left.
|inactive|dookyinmycookie has 20 seconds left.
|
|t:|1783601848
|move|p1b: Annihilape|Protect|p1b: Annihilape
|-singleturn|p1b: Annihilape|Protect
|move|p2b: Sinistcha|Protect|p2b: Sinistcha
|-singleturn|p2b: Sinistcha|Protect
|move|p2a: Blastoise|Dark Pulse|p1b: Annihilape
|-activate|p1b: Annihilape|move: Protect
|move|p1a: Araquanid|Liquidation|p2a: Blastoise
|-resisted|p2a: Blastoise|1
|-damage|p2a: Blastoise|58/100
|-unboost|p2a: Blastoise|def|1
|
|-heal|p1b: Annihilape|57/100|[from] item: Leftovers
|upkeep
|turn|7
|inactive|dookyinmycookie has 30 seconds left.
|
|t:|1783601878
|switch|p1b: Mawile|Mawile, L50, M, shiny|100/100
|-ability|p1b: Mawile|Intimidate|boost
|-unboost|p2a: Blastoise|atk|1
|-unboost|p2b: Sinistcha|atk|1
|move|p1a: Araquanid|Wide Guard|p1a: Araquanid
|-singleturn|p1a: Araquanid|Wide Guard
|move|p2b: Sinistcha|Rage Powder|p2b: Sinistcha
|-singleturn|p2b: Sinistcha|move: Rage Powder
|move|p2a: Blastoise|Dark Pulse|p1b: Mawile
|-resisted|p1b: Mawile|1
|-damage|p1b: Mawile|14/100
|
|upkeep
|turn|8
|inactive|dookyinmycookie has 30 seconds left.
|inactive|dookyinmycookie has 20 seconds left.
|
|t:|1783601916
|detailschange|p1b: Mawile|Mawile-Mega, L50, M, shiny
|-mega|p1b: Mawile|Mawile|Mawilite
|move|p1b: Mawile|Protect|p1b: Mawile
|-singleturn|p1b: Mawile|Protect
|move|p2b: Sinistcha|Rage Powder|p2b: Sinistcha
|-singleturn|p2b: Sinistcha|move: Rage Powder
|move|p2a: Blastoise|Dark Pulse|p1a: Araquanid
|-damage|p1a: Araquanid|5/100
|move|p1a: Araquanid|Liquidation|p2b: Sinistcha
|-resisted|p2b: Sinistcha|1
|-damage|p2b: Sinistcha|55/100
|
|upkeep
|turn|9
|
|t:|1783601939
|move|p1a: Araquanid|Wide Guard|p1a: Araquanid
|-singleturn|p1a: Araquanid|Wide Guard
|move|p2a: Blastoise|Water Spout|p1a: Araquanid|[spread] 
|-activate|p1a: Araquanid|move: Wide Guard
|-activate|p1b: Mawile|move: Wide Guard
|move|p2b: Sinistcha|Life Dew|p2b: Sinistcha|[spread] p2a,p2b
|-heal|p2a: Blastoise|83/100
|-heal|p2b: Sinistcha|80/100
|move|p1b: Mawile|Iron Head|p2b: Sinistcha
|-damage|p2b: Sinistcha|8/100
|
|upkeep
|turn|10
|inactive|dookyinmycookie has 30 seconds left.
|
|t:|1783601969
|move|p1b: Mawile|Protect|p1b: Mawile
|-singleturn|p1b: Mawile|Protect
|move|p2b: Sinistcha|Rage Powder|p2b: Sinistcha
|-singleturn|p2b: Sinistcha|move: Rage Powder
|move|p2a: Blastoise|Dark Pulse|p1a: Araquanid
|-damage|p1a: Araquanid|0 fnt
|faint|p1a: Araquanid
|
|upkeep
|
|t:|1783601977
|switch|p1a: Spiritomb|Spiritomb, L50, F, shiny|100/100
|turn|11
|inactive|dookyinmycookie has 30 seconds left.
|
|t:|1783602003
|move|p1b: Mawile|Protect|p1b: Mawile
|-singleturn|p1b: Mawile|Protect
|move|p2b: Sinistcha|Rage Powder|p2b: Sinistcha
|-singleturn|p2b: Sinistcha|move: Rage Powder
|move|p2a: Blastoise|Water Spout|p1a: Spiritomb|[spread] p1a
|-activate|p1b: Mawile|move: Protect
|-damage|p1a: Spiritomb|13/100
|-enditem|p1a: Spiritomb|Sitrus Berry|[eat]
|-heal|p1a: Spiritomb|38/100|[from] item: Sitrus Berry
|move|p1a: Spiritomb|Trick Room|p1a: Spiritomb
|-fieldstart|move: Trick Room|[of] p1a: Spiritomb
|
|upkeep
|turn|12
|
|t:|1783602027
|move|p2b: Sinistcha|Rage Powder|p2b: Sinistcha
|-singleturn|p2b: Sinistcha|move: Rage Powder
|move|p1a: Spiritomb|Poltergeist|p2b: Sinistcha
|-activate|p2b: Sinistcha|move: Poltergeist|Occa Berry
|-supereffective|p2b: Sinistcha|1
|-damage|p2b: Sinistcha|0 fnt
|faint|p2b: Sinistcha
|move|p1b: Mawile|Play Rough|p2a: Blastoise
|-damage|p2a: Blastoise|0 fnt
|faint|p2a: Blastoise
|
|upkeep
|
|t:|1783602037
|switch|p2b: Sneasler|Sneasler, L50, F|100/100
|turn|13
|
|t:|1783602048
|move|p2b: Sneasler|Fake Out|p1b: Mawile
|-resisted|p1b: Mawile|1
|-damage|p1b: Mawile|7/100
|move|p1a: Spiritomb|Poltergeist|p2b: Sneasler|[miss]
|-miss|p1a: Spiritomb|p2b: Sneasler
|cant|p1b: Mawile|flinch
|
|upkeep
|turn|14
|
|t:|1783602067
|move|p1a: Spiritomb|Poltergeist|p2b: Sneasler
|-activate|p2b: Sneasler|move: Poltergeist|Focus Sash
|-damage|p2b: Sneasler|37/100
|move|p1b: Mawile|Iron Head|p2b: Sneasler
|-damage|p2b: Sneasler|0 fnt
|faint|p2b: Sneasler
|
|win|dookyinmycookie
