|j|☆txabo mctxabo
|j|☆WASHINGTONGARGACHA
|html|txabo mctxaboWASHINGTONGARGACHA    
|uhtml|bestof|Game 2 of a best-of-3
|t:|1757806212
|gametype|doubles
|player|p1|txabo mctxabo|265|1198
|player|p2|WASHINGTONGARGACHA|101|1192
|gen|9
|tier|[Gen 9] VGC 2025 Reg H (Bo3)
|rated|
|rule|Species Clause: Limit one of each Pokémon
|rule|Item Clause: Limit 1 of each item
|clearpoke
|poke|p1|Volcarona, L50, F|
|poke|p1|Incineroar, L50, M|
|poke|p1|Rillaboom, L50, F|
|poke|p1|Ninetales-Alola, L50, M|
|poke|p1|Dragonite, L50, F|
|poke|p1|Sneasler, L50, M|
|poke|p2|Sneasler, L50, F|
|poke|p2|Dragonite, L50, F|
|poke|p2|Rillaboom, L50, M|
|poke|p2|Basculegion, L50, M|
|poke|p2|Volcarona, L50, M|
|poke|p2|Kingambit, L50, F|
|teampreview|4
|showteam|p1|Volcarona||Leftovers|FlameBody|HeatWave,GigaDrain,Protect,QuiverDance|||F|||50|,,,,,Dragon]Incineroar||SafetyGoggles|Intimidate|FakeOut,KnockOff,Taunt,PartingShot|||M|||50|,,,,,Ghost]Rillaboom||AssaultVest|GrassySurge|FakeOut,WoodHammer,GrassyGlide,Uturn|||F|||50|,,,,,Fire]Ninetales-Alola||ChoiceSpecs|SnowWarning|Moonblast,DazzlingGleam,FreezeDry,Blizzard|||M|||50|,,,,,Ghost]Dragonite||LoadedDice|Multiscale|ScaleShot,StompingTantrum,Haze,Protect|||F|||50|,,,,,Fairy]Sneasler||FocusSash|Unburden|CloseCombat,DireClaw,Coaching,Protect|||M|||50|,,,,,Stellar
|showteam|p2|Sneasler||WhiteHerb|Unburden|Protect,CloseCombat,ThroatChop,DireClaw|||F|||50|,,,,,Dark]Dragonite||LoadedDice|Multiscale|ScaleShot,Protect,Haze,IceSpinner|||F|||50|,,,,,Fairy]Rillaboom||AssaultVest|GrassySurge|GrassyGlide,WoodHammer,Uturn,FakeOut|||M|||50|,,,,,Fire]Basculegion||ChoiceBand|Adaptability|AquaJet,FlipTurn,WaveCrash,LastRespects|||M|||50|,,,,,Water]Volcarona||GrassySeed|FlameBody|QuiverDance,FieryDance,GigaDrain,Protect|||M|||50|,,,,,Fairy]Kingambit||BlackGlasses|Defiant|KowtowCleave,SuckerPunch,Protect,SwordsDance|||F|||50|,,,,,Dark
|
|t:|1757806262
|teamsize|p1|4
|teamsize|p2|4
|start
|switch|p1a: Volcarona|Volcarona, L50, F|100/100
|switch|p1b: Rillaboom|Rillaboom, L50, F|100/100
|switch|p2a: Dragonite|Dragonite, L50, F|100/100
|switch|p2b: Basculegion|Basculegion, L50, M|100/100
|-fieldstart|move: Grassy Terrain|[from] ability: Grassy Surge|[of] p1b: Rillaboom
|turn|1
|
|t:|1757806280
|move|p1a: Volcarona|Protect|p1a: Volcarona
|-singleturn|p1a: Volcarona|Protect
|move|p1b: Rillaboom|Grassy Glide|p2b: Basculegion
|-supereffective|p2b: Basculegion
|-damage|p2b: Basculegion|11/100
|move|p2a: Dragonite|Scale Shot|p1a: Volcarona
|-activate|p1a: Volcarona|move: Protect
|move|p2b: Basculegion|Flip Turn|p1b: Rillaboom
|-resisted|p1b: Rillaboom
|-damage|p1b: Rillaboom|70/100
|
|t:|1757806291
|switch|p2b: Rillaboom|Rillaboom, L50, M|100/100|[from] Flip Turn
|
|-heal|p1b: Rillaboom|76/100|[from] Grassy Terrain
|upkeep
|turn|2
|
|t:|1757806306
|switch|p1b: Incineroar|Incineroar, L50, M|100/100
|-ability|p1b: Incineroar|Intimidate|boost
|-unboost|p2a: Dragonite|atk|1
|-unboost|p2b: Rillaboom|atk|1
|move|p2b: Rillaboom|Fake Out|p1a: Volcarona
|-crit|p1a: Volcarona
|-damage|p1a: Volcarona|76/100
|cant|p1a: Volcarona|flinch
|move|p2a: Dragonite|Scale Shot|p1a: Volcarona
|-damage|p1a: Volcarona|65/100
|-damage|p1a: Volcarona|52/100
|-damage|p1a: Volcarona|41/100
|-damage|p1a: Volcarona|28/100
|-damage|p1a: Volcarona|17/100
|-hitcount|p1a: Volcarona|5
|-unboost|p2a: Dragonite|def|1
|-boost|p2a: Dragonite|spe|1
|
|-heal|p1a: Volcarona|23/100|[from] Grassy Terrain
|-heal|p1a: Volcarona|29/100|[from] item: Leftovers
|upkeep
|turn|3
|
|t:|1757806335
|switch|p2b: Basculegion|Basculegion, L50, M|11/100
|move|p1b: Incineroar|Fake Out|p2a: Dragonite
|-damage|p2a: Dragonite|92/100
|cant|p2a: Dragonite|flinch
|move|p1a: Volcarona|Quiver Dance|p1a: Volcarona
|-boost|p1a: Volcarona|spa|1
|-boost|p1a: Volcarona|spd|1
|-boost|p1a: Volcarona|spe|1
|
|-heal|p1a: Volcarona|35/100|[from] Grassy Terrain
|-heal|p1a: Volcarona|42/100|[from] item: Leftovers
|-heal|p2b: Basculegion|17/100|[from] Grassy Terrain
|upkeep
|turn|4
|
|t:|1757806357
|switch|p1b: Rillaboom|Rillaboom, L50, F|76/100
|move|p1a: Volcarona|Protect|p1a: Volcarona
|-singleturn|p1a: Volcarona|Protect
|move|p2a: Dragonite|Scale Shot|p1b: Rillaboom|[miss]
|-miss|p2a: Dragonite|p1b: Rillaboom
|move|p2b: Basculegion|Flip Turn|p1b: Rillaboom
|-resisted|p1b: Rillaboom
|-damage|p1b: Rillaboom|44/100
|
|t:|1757806367
|switch|p2b: Rillaboom|Rillaboom, L50, M|100/100|[from] Flip Turn
|
|-heal|p1a: Volcarona|48/100|[from] Grassy Terrain
|-heal|p1a: Volcarona|54/100|[from] item: Leftovers
|-heal|p1b: Rillaboom|50/100|[from] Grassy Terrain
|upkeep
|turn|5
|
|t:|1757806381
|move|p2a: Dragonite|Protect|p2a: Dragonite
|-singleturn|p2a: Dragonite|Protect
|move|p2b: Rillaboom|Fake Out|p1a: Volcarona
|-damage|p1a: Volcarona|39/100
|-status|p2b: Rillaboom|brn|[from] ability: Flame Body|[of] p1a: Volcarona
|move|p1b: Rillaboom|Fake Out|p2a: Dragonite
|-activate|p2a: Dragonite|move: Protect
|cant|p1a: Volcarona|flinch
|
|-heal|p1a: Volcarona|45/100|[from] Grassy Terrain
|-heal|p1a: Volcarona|51/100|[from] item: Leftovers
|-heal|p1b: Rillaboom|57/100|[from] Grassy Terrain
|-damage|p2b: Rillaboom|95/100 brn|[from] brn
|-fieldend|move: Grassy Terrain
|upkeep
|turn|6
|
|t:|1757806402
|switch|p1b: Incineroar|Incineroar, L50, M|100/100
|-ability|p1b: Incineroar|Intimidate|boost
|-unboost|p2a: Dragonite|atk|1
|-unboost|p2b: Rillaboom|atk|1
|move|p1a: Volcarona|Heat Wave|p2b: Rillaboom|[spread] p2a,p2b
|-resisted|p2a: Dragonite
|-supereffective|p2b: Rillaboom
|-damage|p2a: Dragonite|65/100
|-damage|p2b: Rillaboom|2/100 brn
|move|p2a: Dragonite|Haze|p2a: Dragonite
|-clearallboost
|move|p2b: Rillaboom|U-turn|p1a: Volcarona
|-resisted|p1a: Volcarona
|-damage|p1a: Volcarona|45/100
|
|t:|1757806414
|switch|p2b: Basculegion|Basculegion, L50, M|17/100|[from] U-turn
|
|-heal|p1a: Volcarona|51/100|[from] item: Leftovers
|upkeep
|turn|7
|
|t:|1757806437
|-terastallize|p2b: Basculegion|Water
|-terastallize|p1b: Incineroar|Ghost
|move|p1a: Volcarona|Protect|p1a: Volcarona
|-singleturn|p1a: Volcarona|Protect
|move|p2b: Basculegion|Aqua Jet|p1b: Incineroar
|-damage|p1b: Incineroar|58/100
|move|p2a: Dragonite|Scale Shot|p1a: Volcarona
|-activate|p1a: Volcarona|move: Protect
|move|p1b: Incineroar|Parting Shot|p2a: Dragonite
|-unboost|p2a: Dragonite|atk|1
|-unboost|p2a: Dragonite|spa|1
|
|t:|1757806450
|switch|p1b: Rillaboom|Rillaboom, L50, F|57/100|[from] Parting Shot
|-fieldstart|move: Grassy Terrain|[from] ability: Grassy Surge|[of] p1b: Rillaboom
|
|-heal|p1a: Volcarona|57/100|[from] Grassy Terrain
|-heal|p1a: Volcarona|64/100|[from] item: Leftovers
|-heal|p1b: Rillaboom|63/100|[from] Grassy Terrain
|-heal|p2b: Basculegion|24/100|[from] Grassy Terrain
|upkeep
|turn|8
|
|t:|1757806474
|switch|p1a: Incineroar|Incineroar, L50, M, tera:Ghost|58/100
|-ability|p1a: Incineroar|Intimidate|boost
|-unboost|p2a: Dragonite|atk|1
|-unboost|p2b: Basculegion|atk|1
|move|p2b: Basculegion|Aqua Jet|p1a: Incineroar
|-damage|p1a: Incineroar|29/100
|move|p2a: Dragonite|Scale Shot|p1a: Incineroar
|-damage|p1a: Incineroar|21/100
|-damage|p1a: Incineroar|14/100
|-damage|p1a: Incineroar|6/100
|-crit|p1a: Incineroar
|-damage|p1a: Incineroar|0 fnt
|faint|p1a: Incineroar
|-hitcount|p1: Incineroar|4
|-unboost|p2a: Dragonite|def|1
|-boost|p2a: Dragonite|spe|1
|move|p1b: Rillaboom|U-turn|p2b: Basculegion
|-damage|p2b: Basculegion|0 fnt
|faint|p2b: Basculegion
|
|t:|1757806493
|switch|p1b: Volcarona|Volcarona, L50, F|64/100|[from] U-turn
|
|-heal|p1b: Volcarona|70/100|[from] Grassy Terrain
|-heal|p1b: Volcarona|76/100|[from] item: Leftovers
|upkeep
|
|t:|1757806509
|switch|p2b: Volcarona|Volcarona, L50, M|100/100
|switch|p1a: Sneasler|Sneasler, L50, M|100/100
|-enditem|p2b: Volcarona|Grassy Seed
|-boost|p2b: Volcarona|def|1|[from] item: Grassy Seed
|turn|9
|
|t:|1757806525
|move|p2a: Dragonite|Scale Shot|p1a: Sneasler
|-damage|p1a: Sneasler|85/100
|-damage|p1a: Sneasler|71/100
|-damage|p1a: Sneasler|57/100
|-damage|p1a: Sneasler|42/100
|-damage|p1a: Sneasler|28/100
|-hitcount|p1a: Sneasler|5
|-unboost|p2a: Dragonite|def|1
|-boost|p2a: Dragonite|spe|1
|move|p1a: Sneasler|Dire Claw|p2a: Dragonite
|-damage|p2a: Dragonite|0 fnt
|faint|p2a: Dragonite
|move|p1b: Volcarona|Quiver Dance|p1b: Volcarona
|-boost|p1b: Volcarona|spa|1
|-boost|p1b: Volcarona|spd|1
|-boost|p1b: Volcarona|spe|1
|move|p2b: Volcarona|Fiery Dance|p1b: Volcarona
|-damage|p1b: Volcarona|55/100
|-boost|p2b: Volcarona|spa|1
|
|-heal|p1b: Volcarona|61/100|[from] Grassy Terrain
|-heal|p1b: Volcarona|68/100|[from] item: Leftovers
|-heal|p1a: Sneasler|33/100|[from] Grassy Terrain
|upkeep
|
|t:|1757806547
|switch|p2a: Rillaboom|Rillaboom, L50, M|2/100 brn
|turn|10
|
|t:|1757806564
|move|p2a: Rillaboom|Fake Out|p1b: Volcarona
|-damage|p1b: Volcarona|60/100
|cant|p1b: Volcarona|flinch
|move|p1a: Sneasler|Dire Claw|p2a: Rillaboom
|-supereffective|p2a: Rillaboom
|-damage|p2a: Rillaboom|0 fnt
|faint|p2a: Rillaboom
|move|p2b: Volcarona|Quiver Dance|p2b: Volcarona
|-boost|p2b: Volcarona|spa|1
|-boost|p2b: Volcarona|spd|1
|-boost|p2b: Volcarona|spe|1
|
|-heal|p1b: Volcarona|67/100|[from] Grassy Terrain
|-heal|p1b: Volcarona|73/100|[from] item: Leftovers
|-heal|p1a: Sneasler|39/100|[from] Grassy Terrain
|upkeep
|turn|11
|
|t:|1757806585
|move|p1b: Volcarona|Quiver Dance|p1b: Volcarona
|-boost|p1b: Volcarona|spa|1
|-boost|p1b: Volcarona|spd|1
|-boost|p1b: Volcarona|spe|1
|move|p2b: Volcarona|Quiver Dance|p2b: Volcarona
|-boost|p2b: Volcarona|spa|1
|-boost|p2b: Volcarona|spd|1
|-boost|p2b: Volcarona|spe|1
|move|p1a: Sneasler|Dire Claw|p2b: Volcarona
|-damage|p2b: Volcarona|75/100
|-status|p1a: Sneasler|brn|[from] ability: Flame Body|[of] p2b: Volcarona
|
|-heal|p1b: Volcarona|79/100|[from] Grassy Terrain
|-heal|p1b: Volcarona|85/100|[from] item: Leftovers
|-heal|p2b: Volcarona|81/100|[from] Grassy Terrain
|-heal|p1a: Sneasler|45/100 brn|[from] Grassy Terrain
|-damage|p1a: Sneasler|39/100 brn|[from] brn
|-fieldend|move: Grassy Terrain
|upkeep
|turn|12
|
|t:|1757806606
|move|p1b: Volcarona|Quiver Dance|p1b: Volcarona
|-boost|p1b: Volcarona|spa|1
|-boost|p1b: Volcarona|spd|1
|-boost|p1b: Volcarona|spe|1
|move|p2b: Volcarona|Quiver Dance|p2b: Volcarona
|-boost|p2b: Volcarona|spa|1
|-boost|p2b: Volcarona|spd|1
|-boost|p2b: Volcarona|spe|1
|move|p1a: Sneasler|Dire Claw|p2b: Volcarona
|-damage|p2b: Volcarona|69/100
|-status|p2b: Volcarona|slp
|
|-heal|p1b: Volcarona|92/100|[from] item: Leftovers
|-damage|p1a: Sneasler|33/100 brn|[from] brn
|upkeep
|turn|13
|
|t:|1757806621
|switch|p1a: Rillaboom|Rillaboom, L50, F|63/100
|-fieldstart|move: Grassy Terrain|[from] ability: Grassy Surge|[of] p1a: Rillaboom
|move|p1b: Volcarona|Heat Wave|p2b: Volcarona
|-damage|p2b: Volcarona|22/100 slp
|cant|p2b: Volcarona|slp
|
|-heal|p1b: Volcarona|98/100|[from] Grassy Terrain
|-heal|p1b: Volcarona|100/100|[from] item: Leftovers
|-heal|p2b: Volcarona|28/100 slp|[from] Grassy Terrain
|-heal|p1a: Rillaboom|69/100|[from] Grassy Terrain
|upkeep
|turn|14
|-message|WASHINGTONGARGACHA forfeited.
|
|win|txabo mctxabo
|raw|txabo mctxabo's rating: 1198 → 1223(+25 for winning)
|raw|WASHINGTONGARGACHA's rating: 1192 → 1167(-25 for losing)
