|j|☆2BStellar
|j|☆Imabot99
|html|2BStellarImabot99    
|uhtml|bestof|Game 3 of a best-of-3
|t:|1783731535
|gametype|doubles
|player|p1|2BStellar|hilbert-wonderlauncher|1073
|player|p2|Imabot99|boarder|1041
|gen|9
|tier|[Gen 9 Champions] VGC 2026 Reg M-B (Bo3)
|rated|
|rule|Species Clause: Limit one of each Pokémon
|rule|Item Clause: Limit 1 of each item
|clearpoke
|poke|p1|Pelipper, L50, M|
|poke|p1|Swampert, L50, F|
|poke|p1|Sinistcha, L50|
|poke|p1|Incineroar, L50, M|
|poke|p1|Ninetales-Alola, L50, F|
|poke|p1|Gengar, L50, F|
|poke|p2|Scrafty, L50, M|
|poke|p2|Aegislash, L50, M, shiny|
|poke|p2|Politoed, L50, F|
|poke|p2|Charizard, L50, M, shiny|
|poke|p2|Whimsicott, L50, F|
|poke|p2|Garchomp, L50, M|
|teampreview|4
|showteam|p1|Pelipper||SharpBeak|Drizzle|Protect,Tailwind,WideGuard,Hurricane|Modest||M|||50|]Swampert||Swampertite|Torrent|Protect,RockSlide,HighHorsepower,WaveCrash|Adamant||F|||50|]Sinistcha||KasibBerry|Hospitality|Protect,TrickRoom,RagePowder,MatchaGotcha|Bold|||||50|]Incineroar||SitrusBerry|Intimidate|Protect,FakeOut,PartingShot,FlareBlitz|Sassy||M|||50|]Ninetales-Alola||FocusSash|SnowWarning|Protect,Encore,RainDance,FreezeDry|Timid||F|||50|]Gengar||Gengarite|CursedBody|Protect,Disable,PerishSong,ShadowBall|Timid||F|||50|
|showteam|p2|Scrafty||Scraftinite|Intimidate|FakeOut,KnockOff,Protect,CloseCombat|Adamant||M|||50|]Aegislash||MetalCoat|StanceChange|KingsShield,IronHead,Poltergeist,BrickBreak|Adamant||M|||50|]Politoed||MysticWater|Drizzle|Protect,Surf,WeatherBall,IceBeam|Modest||F|||50|]Charizard||CharizarditeY|Blaze|Protect,HeatWave,WeatherBall,SolarBeam|Modest||M|||50|]Whimsicott||FocusSash|Prankster|Protect,Tailwind,EnergyBall,Moonblast|Modest||F|||50|]Garchomp||RoseliBerry|RoughSkin|Protect,Earthquake,Outrage,RockSlide|Adamant||M|||50|
|inactive|Battle timer is ON: inactive players will automatically lose when time's up. (requested by Imabot99)
|
|t:|1783731571
|teamsize|p1|4
|teamsize|p2|4
|start
|switch|p1a: Ninetales|Ninetales-Alola, L50, F|100/100
|switch|p1b: Pelipper|Pelipper, L50, M|100/100
|switch|p2a: Politoed|Politoed, L50, F|100/100
|switch|p2b: Whimsicott|Whimsicott, L50, F|100/100
|-weather|Snowscape|[from] ability: Snow Warning|[of] p1a: Ninetales
|-weather|RainDance|[from] ability: Drizzle|[of] p1b: Pelipper
|turn|1
|inactive|2BStellar has 30 seconds left.
|
|t:|1783731596
|move|p2b: Whimsicott|Tailwind|p2b: Whimsicott
|-sidestart|p2: Imabot99|move: Tailwind
|move|p2a: Politoed|Weather Ball|p1a: Ninetales
|-damage|p1a: Ninetales|11/100
|move|p1a: Ninetales|Freeze-Dry|p2a: Politoed
|-supereffective|p2a: Politoed|1
|-damage|p2a: Politoed|61/100
|move|p1b: Pelipper|Tailwind|p1b: Pelipper
|-sidestart|p1: 2BStellar|move: Tailwind
|
|-weather|RainDance|[upkeep]
|upkeep
|turn|2
|inactive|2BStellar has 30 seconds left.
|inactive|Imabot99 has 30 seconds left.
|inactive|2BStellar has 20 seconds left.
|inactive|2BStellar has 15 seconds left.
|inactive|2BStellar has 10 seconds left.
|
|t:|1783731644
|switch|p2b: Aegislash|Aegislash, L50, M, shiny|100/100
|move|p2a: Politoed|Protect|p2a: Politoed
|-singleturn|p2a: Politoed|Protect
|move|p1a: Ninetales|Freeze-Dry|p2a: Politoed
|-activate|p2a: Politoed|move: Protect
|move|p1b: Pelipper|Hurricane|p2b: Aegislash
|-resisted|p2b: Aegislash|1
|-damage|p2b: Aegislash|71/100
|-start|p2b: Aegislash|confusion
|
|-weather|RainDance|[upkeep]
|upkeep
|turn|3
|inactive|2BStellar has 30 seconds left.
|
|t:|1783731678
|move|p1a: Ninetales|Protect|p1a: Ninetales
|-singleturn|p1a: Ninetales|Protect
|-activate|p2b: Aegislash|confusion
|move|p2b: Aegislash|King's Shield|p2b: Aegislash
|-singleturn|p2b: Aegislash|Protect
|move|p1b: Pelipper|Hurricane|p2a: Politoed
|-damage|p2a: Politoed|14/100
|move|p2a: Politoed|Surf|p1b: Pelipper|[spread] p1b
|-activate|p2b: Aegislash|move: Protect
|-activate|p1a: Ninetales|move: Protect
|-resisted|p1b: Pelipper|1
|-damage|p1b: Pelipper|55/100
|
|-weather|RainDance|[upkeep]
|upkeep
|turn|4
|inactive|2BStellar has 30 seconds left.
|
|t:|1783731716
|move|p2a: Politoed|Protect|p2a: Politoed
|-singleturn|p2a: Politoed|Protect
|move|p1a: Ninetales|Freeze-Dry|p2a: Politoed
|-activate|p2a: Politoed|move: Protect
|move|p1b: Pelipper|Hurricane|p2b: Aegislash
|-resisted|p2b: Aegislash|1
|-damage|p2b: Aegislash|43/100
|-activate|p2b: Aegislash|confusion
|-formechange|p2b: Aegislash|Aegislash-Blade|
|move|p2b: Aegislash|Iron Head|p1a: Ninetales
|-supereffective|p1a: Ninetales|2
|-damage|p1a: Ninetales|0 fnt
|faint|p1a: Ninetales
|
|-weather|RainDance|[upkeep]
|-sideend|p2: Imabot99|move: Tailwind
|-sideend|p1: 2BStellar|move: Tailwind
|upkeep
|
|t:|1783731731
|switch|p1a: Swampert|Swampert, L50, F|100/100
|turn|5
|
|t:|1783731747
|detailschange|p1a: Swampert|Swampert-Mega, L50, F
|-mega|p1a: Swampert|Swampert|Swampertite
|-end|p2b: Aegislash|confusion
|-formechange|p2b: Aegislash|Aegislash|
|move|p2b: Aegislash|King's Shield|p2b: Aegislash
|-singleturn|p2b: Aegislash|Protect
|move|p1a: Swampert|Wave Crash|p2a: Politoed
|-resisted|p2a: Politoed|1
|-damage|p2a: Politoed|0 fnt
|faint|p2a: Politoed
|-damage|p1a: Swampert|95/100|[from] Recoil
|move|p1b: Pelipper|Hurricane|p2b: Aegislash
|-activate|p2b: Aegislash|move: Protect
|
|-weather|none
|upkeep
|
|t:|1783731771
|switch|p2a: Whimsicott|Whimsicott, L50, F|100/100
|turn|6
|inactive|2BStellar has 30 seconds left.
|
|t:|1783731803
|move|p1a: Swampert|Protect|p1a: Swampert
|-singleturn|p1a: Swampert|Protect
|move|p2a: Whimsicott|Tailwind|p2a: Whimsicott
|-sidestart|p2: Imabot99|move: Tailwind
|-formechange|p2b: Aegislash|Aegislash-Blade|
|move|p2b: Aegislash|Poltergeist|p1b: Pelipper
|-activate|p1b: Pelipper|move: Poltergeist|Sharp Beak
|-damage|p1b: Pelipper|0 fnt
|faint|p1b: Pelipper
|
|upkeep
|
|t:|1783731811
|switch|p1b: Incineroar|Incineroar, L50, M|100/100
|-ability|p1b: Incineroar|Intimidate|boost
|-unboost|p2a: Whimsicott|atk|1
|-unboost|p2b: Aegislash|atk|1
|turn|7
|inactive|2BStellar has 30 seconds left.
|inactive|2BStellar has 20 seconds left.
|inactive|2BStellar has 15 seconds left.
|inactive|2BStellar has 10 seconds left.
|inactive|2BStellar has 5 seconds left.
|
|t:|1783731866
|move|p2a: Whimsicott|Protect|p2a: Whimsicott
|-singleturn|p2a: Whimsicott|Protect
|-formechange|p2b: Aegislash|Aegislash|
|move|p2b: Aegislash|King's Shield|p2b: Aegislash
|-singleturn|p2b: Aegislash|Protect
|move|p1a: Swampert|Protect|p1a: Swampert
|-singleturn|p1a: Swampert|Protect
|move|p1b: Incineroar|Protect||[still]
|-fail|p1b: Incineroar
|
|upkeep
|turn|8
|
|t:|1783731881
|move|p2a: Whimsicott|Energy Ball|p1a: Swampert
|-supereffective|p1a: Swampert|2
|-damage|p1a: Swampert|0 fnt
|faint|p1a: Swampert
|-formechange|p2b: Aegislash|Aegislash-Blade|
|move|p2b: Aegislash|Brick Break|p1b: Incineroar
|-supereffective|p1b: Incineroar|1
|-damage|p1b: Incineroar|62/100
|move|p1b: Incineroar|Flare Blitz|p2a: Whimsicott
|-supereffective|p2a: Whimsicott|1
|-enditem|p2a: Whimsicott|Focus Sash
|-damage|p2a: Whimsicott|1/100
|-damage|p1b: Incineroar|40/100|[from] Recoil
|-enditem|p1b: Incineroar|Sitrus Berry|[eat]
|-heal|p1b: Incineroar|65/100|[from] item: Sitrus Berry
|
|upkeep
|turn|9
|c|☆Imabot99|?
|inactive|2BStellar has 30 seconds left.
|c|☆Imabot99|You double protected?
|
|t:|1783731911
|move|p2a: Whimsicott|Moonblast|p1b: Incineroar
|-damage|p1b: Incineroar|41/100
|move|p2b: Aegislash|Brick Break|p1b: Incineroar
|-supereffective|p1b: Incineroar|1
|-damage|p1b: Incineroar|0 fnt
|faint|p1b: Incineroar
|
|win|Imabot99
|raw|2BStellar's rating: 1073 → 1050(-23 for losing)
|raw|Imabot99's rating: 1041 → 1078(+37 for winning)
