|j|☆tostine
|j|☆Divine Monkey King
|html|tostineDivine Monkey King    
|uhtml|bestof|Game 3 of a best-of-3
|t:|1784822950
|gametype|doubles
|player|p1|tostine|101|1153
|player|p2|Divine Monkey King|silver|1143
|gen|9
|tier|[Gen 9 Champions] VGC 2026 Reg M-B (Bo3)
|rated|
|rule|Species Clause: Limit one of each Pokémon
|rule|Item Clause: Limit 1 of each item
|clearpoke
|poke|p1|Meganium, L50, M|
|poke|p1|Farigiraf, L50, F|
|poke|p1|Politoed, L50, F|
|poke|p1|Basculegion, L50, M|
|poke|p1|Ninetales-Alola, L50, F|
|poke|p1|Drampa, L50, M|
|poke|p2|Tyranitar, L50, M, shiny|
|poke|p2|Aerodactyl, L50, M, shiny|
|poke|p2|Pelipper, L50, M, shiny|
|poke|p2|Basculegion, L50, M, shiny|
|poke|p2|Beedrill, L50, M, shiny|
|poke|p2|Annihilape, L50, M, shiny|
|teampreview|4
|showteam|p1|Meganium||Meganiumite|LeafGuard|SolarBeam,DazzlingGleam,Synthesis,WeatherBall|Quiet||M|||50|]Farigiraf||SitrusBerry|ArmorTail|TrickRoom,HyperVoice,AllySwitch,HelpingHand|Sassy||F|||50|]Politoed||DampRock|Drizzle|Encore,HelpingHand,MuddyWater,IcyWind|Bold||F|||50|]Basculegion||ChoiceScarf|Adaptability|WaveCrash,FlipTurn,LastRespects,PsychicFangs|Jolly||M|||50|]Ninetales-Alola||BabiriBerry|SnowWarning|Blizzard,Disable,AuroraVeil,Protect|Timid||F|||50|]Drampa||Drampanite|Berserk|Protect,HyperVoice,DracoMeteor,Roost|Modest||M|||50|
|showteam|p2|Tyranitar||Tyranitarite|SandStream|BrickBreak,KnockOff,Protect,RockSlide|Adamant||M|||50|]Aerodactyl||FocusSash|Unnerve|DualWingbeat,IronHead,Protect,Tailwind|Jolly||M|||50|]Pelipper||WacanBerry|Drizzle|Hurricane,IceBeam,Protect,WeatherBall|Calm||M|||50|]Basculegion||MysticWater|SwiftSwim|AquaJet,FlipTurn,LastRespects,Protect|Adamant||M|||50|]Beedrill||Beedrillite|Sniper|PoisonJab,Protect,Uturn,FellStinger|Jolly||M|||50|]Annihilape||Leftovers|Defiant|BulkUp,DrainPunch,Protect,ThunderPunch|Adamant||M|||50|
|inactive|Battle timer is ON: inactive players will automatically lose when time's up. (requested by tostine)
|inactive|tostine has 60 seconds left.
|
|t:|1784822994
|teamsize|p1|4
|teamsize|p2|4
|start
|switch|p1a: Farigiraf|Farigiraf, L50, F|100/100
|switch|p1b: Basculegion|Basculegion, L50, M|100/100
|switch|p2a: Basculegion|Basculegion, L50, M, shiny|100/100
|switch|p2b: Aerodactyl|Aerodactyl, L50, M, shiny|100/100
|-ability|p2b: Aerodactyl|Unnerve
|turn|1
|
|t:|1784823018
|move|p2b: Aerodactyl|Protect|p2b: Aerodactyl
|-singleturn|p2b: Aerodactyl|Protect
|move|p1b: Basculegion|Last Respects|p2a: Basculegion
|-supereffective|p2a: Basculegion|1
|-damage|p2a: Basculegion|20/100y
|move|p2a: Basculegion|Last Respects|p1b: Basculegion
|-supereffective|p1b: Basculegion|1
|-damage|p1b: Basculegion|28/100
|move|p1a: Farigiraf|Trick Room|p1a: Farigiraf
|-fieldstart|move: Trick Room|[of] p1a: Farigiraf
|
|upkeep
|turn|2
|inactive|Divine Monkey King has 30 seconds left.
|
|t:|1784823046
|switch|p1b: Drampa|Drampa, L50, M|100/100
|move|p1a: Farigiraf|Hyper Voice|p2a: Basculegion|[spread] p2b
|-immune|p2a: Basculegion
|-resisted|p2b: Aerodactyl|1
|-damage|p2b: Aerodactyl|80/100
|move|p2a: Basculegion|Last Respects|p1b: Drampa
|-immune|p1b: Drampa
|move|p2b: Aerodactyl|Dual Wingbeat|p1b: Drampa
|-damage|p1b: Drampa|80/100
|-damage|p1b: Drampa|58/100
|-hitcount|p1b: Drampa|2
|
|upkeep
|turn|3
|inactive|tostine has 30 seconds left.
|inactive|tostine has 20 seconds left.
|
|t:|1784823084
|switch|p1a: Politoed|Politoed, L50, F|100/100
|-weather|RainDance|[from] ability: Drizzle|[of] p1a: Politoed
|detailschange|p1b: Drampa|Drampa-Mega, L50, M
|-mega|p1b: Drampa|Drampa|Drampanite
|move|p1b: Drampa|Draco Meteor|p2b: Aerodactyl
|-damage|p2b: Aerodactyl|0 fnt
|-unboost|p1b: Drampa|spa|2
|faint|p2b: Aerodactyl
|move|p2a: Basculegion|Flip Turn|p1b: Drampa
|-resisted|p1b: Drampa|1
|-damage|p1b: Drampa|36/100
|-ability|p1b: Drampa|Berserk|boost
|-boost|p1b: Drampa|spa|1
|
|t:|1784823104
|switch|p2a: Tyranitar|Tyranitar, L50, M, shiny|100/100|[from] Flip Turn
|-weather|Sandstorm|[from] ability: Sand Stream|[of] p2a: Tyranitar
|
|-weather|Sandstorm|[upkeep]
|-damage|p1b: Drampa|30/100|[from] Sandstorm
|-damage|p1a: Politoed|93/100|[from] Sandstorm
|upkeep
|
|t:|1784823111
|switch|p2b: Basculegion|Basculegion, L50, M, shiny|20/100y
|turn|4
|
|t:|1784823132
|move|p1b: Drampa|Roost|p1b: Drampa
|-heal|p1b: Drampa|80/100
|-singleturn|p1b: Drampa|move: Roost
|move|p2a: Tyranitar|Rock Slide|p1b: Drampa|[spread] p1a,p1b
|-crit|p1a: Politoed
|-damage|p1a: Politoed|58/100
|-damage|p1b: Drampa|49/100
|-ability|p1b: Drampa|Berserk|boost
|-boost|p1b: Drampa|spa|1
|move|p1a: Politoed|Muddy Water|p2b: Basculegion|[spread] p2a,p2b
|-supereffective|p2a: Tyranitar|1
|-resisted|p2b: Basculegion|1
|-damage|p2a: Tyranitar|76/100
|-damage|p2b: Basculegion|10/100
|move|p2b: Basculegion|Last Respects|p1a: Politoed
|-damage|p1a: Politoed|21/100
|
|-weather|Sandstorm|[upkeep]
|-damage|p1b: Drampa|43/100|[from] Sandstorm
|-damage|p1a: Politoed|15/100|[from] Sandstorm
|-damage|p2b: Basculegion|4/100|[from] Sandstorm
|upkeep
|turn|5
|inactive|tostine has 30 seconds left.
|
|t:|1784823160
|move|p2b: Basculegion|Aqua Jet|p1b: Drampa
|-resisted|p1b: Drampa|1
|-damage|p1b: Drampa|32/100
|move|p1b: Drampa|Roost|p1b: Drampa
|-heal|p1b: Drampa|83/100
|-singleturn|p1b: Drampa|move: Roost
|move|p2a: Tyranitar|Rock Slide|p1a: Politoed|[spread] p1a,p1b
|-damage|p1a: Politoed|0 fnt
|-damage|p1b: Drampa|55/100
|faint|p1a: Politoed
|
|-weather|Sandstorm|[upkeep]
|-damage|p1b: Drampa|49/100|[from] Sandstorm
|-damage|p2b: Basculegion|0 fnt|[from] Sandstorm
|faint|p2b: Basculegion
|-fieldend|move: Trick Room
|upkeep
|
|t:|1784823173
|switch|p2b: Beedrill|Beedrill, L50, M, shiny|100/100
|switch|p1a: Basculegion|Basculegion, L50, M|28/100
|turn|6
|inactive|tostine has 30 seconds left.
|inactive|Divine Monkey King has 30 seconds left.
|
|t:|1784823206
|detailschange|p2b: Beedrill|Beedrill-Mega, L50, M, shiny
|-mega|p2b: Beedrill|Beedrill|Beedrillite
|move|p2b: Beedrill|Poison Jab|p1a: Basculegion
|-resisted|p1a: Basculegion|1
|-damage|p1a: Basculegion|0 fnt
|faint|p1a: Basculegion
|move|p2a: Tyranitar|Brick Break|p1b: Drampa
|-supereffective|p1b: Drampa|1
|-damage|p1b: Drampa|0 fnt
|faint|p1b: Drampa
|
|-weather|Sandstorm|[upkeep]
|-damage|p2b: Beedrill|94/100|[from] Sandstorm
|upkeep
|
|t:|1784823216
|switch|p1b: Farigiraf|Farigiraf, L50, F|100/100
|turn|7
|
|t:|1784823220
|move|p2b: Beedrill|Fell Stinger|p1b: Farigiraf
|-supereffective|p1b: Farigiraf|1
|-damage|p1b: Farigiraf|20/100y
|-enditem|p1b: Farigiraf|Sitrus Berry|[eat]
|-heal|p1b: Farigiraf|45/100|[from] item: Sitrus Berry
|move|p2a: Tyranitar|Knock Off|p1b: Farigiraf
|-supereffective|p1b: Farigiraf|1
|-damage|p1b: Farigiraf|0 fnt
|faint|p1b: Farigiraf
|
|win|Divine Monkey King
|raw|tostine's rating: 1153 → 1127(-26 for losing)
|raw|Divine Monkey King's rating: 1143 → 1169(+26 for winning)
|l|☆tostine
|player|p1|
