|j|☆Harry Koekenpan
|html|Harry Koekenpanpgoiko    
|uhtml|bestof|Game 2 of a best-of-3
|t:|1755424481
|gametype|doubles
|player|p1|Harry Koekenpan|169|1283
|player|p2|pgoiko|169|1336
|gen|9
|tier|[Gen 9] VGC 2025 Reg H (Bo3)
|rated|
|rule|Species Clause: Limit one of each Pokémon
|rule|Item Clause: Limit 1 of each item
|clearpoke
|poke|p1|Typhlosion-Hisui, L50, M|
|poke|p1|Toedscruel, L50, F|
|poke|p1|Weezing-Galar, L50, F|
|poke|p1|Garchomp, L50, F|
|poke|p1|Kilowattrel, L50, M|
|poke|p1|Incineroar, L50, F|
|poke|p2|Indeedee-F, L50, F|
|poke|p2|Armarouge, L50, M|
|poke|p2|Torkoal, L50, M|
|poke|p2|Ursaluna, L50, M|
|poke|p2|Hatterene, L50, F|
|poke|p2|Lilligant-Hisui, L50, F|
|teampreview|4
|showteam|p1|Typhlosion-Hisui||ChoiceScarf|Blaze|Eruption,ShadowBall,SleepTalk,HeatWave|||M|||50|,,,,,Fire]Toedscruel||CovertCloak|MyceliumMight|Spore,RagePowder,AcidSpray,EarthPower|||F|||50|,,,,,Water]Weezing-Galar||ChoiceSpecs|NeutralizingGas|DazzlingGleam,SludgeBomb,StrangeSteam,TeraBlast|||F|||50|,,,,,Water]Garchomp||LifeOrb|RoughSkin|Protect,Earthquake,DragonClaw,StompingTantrum|||F|||50|,,,,,Ground]Kilowattrel||FocusSash|Competitive|Discharge,AirSlash,Tailwind,Protect|||M|||50|,,,,,Ghost]Incineroar||AssaultVest|Intimidate|FlareBlitz,KnockOff,Uturn,FakeOut|||F|||50|,,,,,Grass
|showteam|p2|Indeedee-F||RockyHelmet|PsychicSurge|Psychic,HelpingHand,FollowMe,TrickRoom|||F|||50|,,,,,Grass]Armarouge||PowerHerb|FlashFire|ExpandingForce,ArmorCannon,MeteorBeam,TrickRoom|||M|||50|,,,,,Grass]Torkoal||Charcoal|Drought|Eruption,WeatherBall,HeatWave,Protect|||M|||50|,,,,,Fire]Ursaluna||FlameOrb|Guts|Facade,HeadlongRush,Substitute,Protect|||M|||50|,,,,,Ghost]Hatterene||LifeOrb|MagicBounce|ExpandingForce,DazzlingGleam,TrickRoom,Protect|||F|||50|,,,,,Psychic]Lilligant-Hisui||FocusSash|Chlorophyll|SolarBlade,CloseCombat,SleepPowder,AfterYou|||F|||50|,,,,,Ghost
|inactive|Battle timer is ON: inactive players will automatically lose when time's up. (requested by Harry Koekenpan)
|inactive|pgoiko disconnected and has a minute to reconnect!
|j|☆pgoiko
|inactive|pgoiko reconnected and has 85 seconds left.
|player|p2|pgoiko|169|
|inactive|pgoiko has 60 seconds left.
|
|t:|1755424516
|teamsize|p1|4
|teamsize|p2|4
|start
|switch|p1a: Weezing|Weezing-Galar, L50, F|100/100
|switch|p1b: Typhlosion|Typhlosion-Hisui, L50, M|100/100
|switch|p2a: Lilligant|Lilligant-Hisui, L50, F|100/100
|switch|p2b: Hatterene|Hatterene, L50, F|100/100
|-ability|p1a: Weezing|Neutralizing Gas
|turn|1
|
|t:|1755424535
|-terastallize|p1b: Typhlosion|Fire
|move|p1b: Typhlosion|Eruption|p2b: Hatterene|[spread] p2a,p2b
|-supereffective|p2a: Lilligant
|-enditem|p2a: Lilligant|Focus Sash
|-damage|p2a: Lilligant|1/100
|-damage|p2b: Hatterene|17/100
|move|p2a: Lilligant|After You|p2b: Hatterene
|-activate|p2b: Hatterene|move: After You
|move|p2b: Hatterene|Trick Room|p2b: Hatterene
|-fieldstart|move: Trick Room|[of] p2b: Hatterene
|move|p1a: Weezing|Dazzling Gleam|p2b: Hatterene|[spread] p2a,p2b
|-supereffective|p2a: Lilligant
|-damage|p2a: Lilligant|0 fnt
|-damage|p2b: Hatterene|0 fnt
|faint|p2a: Lilligant
|faint|p2b: Hatterene
|
|upkeep
|
|t:|1755424551
|switch|p2b: Indeedee|Indeedee-F, L50, F|100/100
|switch|p2a: Torkoal|Torkoal, L50, M|100/100
|turn|2
|
|t:|1755424567
|-end|p1a: Weezing|ability: Neutralizing Gas
|-weather|SunnyDay|[from] ability: Drought|[of] p2a: Torkoal
|-fieldstart|move: Psychic Terrain|[from] ability: Psychic Surge|[of] p2b: Indeedee
|switch|p1a: Garchomp|Garchomp, L50, F|100/100
|switch|p1b: Kilowattrel|Kilowattrel, L50, M|100/100
|move|p2a: Torkoal|Weather Ball|p1b: Kilowattrel
|-enditem|p1b: Kilowattrel|Focus Sash
|-damage|p1b: Kilowattrel|1/100
|move|p2b: Indeedee|Psychic|p1a: Garchomp
|-damage|p1a: Garchomp|60/100
|
|-weather|SunnyDay|[upkeep]
|upkeep
|turn|3
|
|t:|1755424589
|-terastallize|p2a: Torkoal|Fire
|move|p2b: Indeedee|Helping Hand|p2a: Torkoal
|-singleturn|p2a: Torkoal|Helping Hand|[of] p2b: Indeedee
|move|p1a: Garchomp|Protect|p1a: Garchomp
|-singleturn|p1a: Garchomp|Protect
|move|p1b: Kilowattrel|Protect|p1b: Kilowattrel
|-singleturn|p1b: Kilowattrel|Protect
|move|p2a: Torkoal|Eruption|p1b: Kilowattrel|[spread] 
|-activate|p1a: Garchomp|move: Protect
|-activate|p1b: Kilowattrel|move: Protect
|
|-weather|SunnyDay|[upkeep]
|upkeep
|turn|4
|
|t:|1755424608
|move|p2b: Indeedee|Helping Hand|p2a: Torkoal
|-singleturn|p2a: Torkoal|Helping Hand|[of] p2b: Indeedee
|move|p2a: Torkoal|Eruption|p1b: Kilowattrel|[spread] p1a,p1b
|-resisted|p1a: Garchomp
|-damage|p1a: Garchomp|0 fnt
|-damage|p1b: Kilowattrel|0 fnt
|faint|p1a: Garchomp
|faint|p1b: Kilowattrel
|
|-weather|SunnyDay|[upkeep]
|upkeep
|
|t:|1755424618
|switch|p1a: Weezing|Weezing-Galar, L50, F|100/100
|switch|p1b: Typhlosion|Typhlosion-Hisui, L50, M, tera:Fire|100/100
|-ability|p1a: Weezing|Neutralizing Gas
|turn|5
|
|t:|1755424629
|move|p2a: Torkoal|Weather Ball|p1b: Typhlosion
|-resisted|p1b: Typhlosion
|-damage|p1b: Typhlosion|25/100
|move|p2b: Indeedee|Psychic|p1b: Typhlosion
|-damage|p1b: Typhlosion|0 fnt
|faint|p1b: Typhlosion
|move|p1a: Weezing|Dazzling Gleam|p2b: Indeedee|[spread] p2a,p2b
|-resisted|p2a: Torkoal
|-damage|p2a: Torkoal|79/100
|-damage|p2b: Indeedee|64/100
|
|-weather|SunnyDay|[upkeep]
|-fieldend|move: Trick Room
|upkeep
|turn|6
|
|t:|1755424645
|move|p1a: Weezing|Dazzling Gleam|p2a: Torkoal|[spread] p2a,p2b
|-resisted|p2a: Torkoal
|-damage|p2a: Torkoal|57/100
|-damage|p2b: Indeedee|33/100
|move|p2b: Indeedee|Psychic|p1a: Weezing
|-supereffective|p1a: Weezing
|-damage|p1a: Weezing|0 fnt
|faint|p1a: Weezing
|-end|p1a: Weezing|ability: Neutralizing Gas
|
|win|pgoiko
|raw|Harry Koekenpan's rating: 1283 → 1262(-21 for losing)
|raw|pgoiko's rating: 1336 → 1353(+17 for winning)
