|j|☆master 792
|j|☆alexshyness
|html|master 792alexshyness    
|uhtml|bestof|Game 1 of a best-of-3
|t:|1785813519
|gametype|doubles
|player|p1|master 792|red|1284
|player|p2|alexshyness|lass-gen4dp|1289
|gen|9
|tier|[Gen 9 Champions] VGC 2026 Reg M-B (Bo3)
|rated|
|rule|Species Clause: Limit one of each Pokémon
|rule|Item Clause: Limit 1 of each item
|clearpoke
|poke|p1|Charizard, L50, M|
|poke|p1|Whimsicott, L50, M, shiny|
|poke|p1|Basculegion, L50, M, shiny|
|poke|p1|Garchomp, L50, F, shiny|
|poke|p1|Kingambit, L50, F|
|poke|p1|Floette-Eternal, L50, F|
|poke|p2|Kommo-o, L50, M|
|poke|p2|Gengar, L50, M, shiny|
|poke|p2|Maushold-Four, L50|
|poke|p2|Charizard, L50, M, shiny|
|poke|p2|Venusaur, L50, M|
|poke|p2|Incineroar, L50, M|
|teampreview|4
|showteam|p1|Charizard||CharizarditeY|Blaze|HeatWave,WeatherBall,SolarBeam,Protect|Modest||M|||50|]Whimsicott||FocusSash|Prankster|Moonblast,Encore,Tailwind,Protect|Timid||M|||50|]Basculegion||LifeOrb|Adaptability|WaveCrash,LastRespects,AquaJet,Protect|Adamant||M|||50|]Garchomp||SitrusBerry|RoughSkin|PoisonJab,Earthquake,RockSlide,DragonClaw|Adamant||F|||50|]Kingambit||BlackGlasses|Defiant|KowtowCleave,IronHead,SuckerPunch,Protect|Adamant||F|||50|]Floette-Eternal||Floettite|FlowerVeil|Moonblast,DazzlingGleam,HelpingHand,Protect|Modest||F|||50|
|showteam|p2|Kommo-o||Leftovers|Soundproof|Protect,ClangingScales,AuraSphere,ClangorousSoul|Timid||M|||50|]Gengar||Gengarite|CursedBody|Protect,ShadowBall,SludgeBomb,PerishSong|Timid||M|||50|]Maushold-Four||ChopleBerry|FriendGuard|Protect,HelpingHand,FollowMe,Encore|Jolly|||||50|]Charizard||CharizarditeY|Blaze|Protect,HeatWave,WeatherBall,SolarBeam|Modest||M|||50|]Venusaur||FocusSash|Chlorophyll|Protect,LeafStorm,EarthPower,SleepPowder|Modest||M|||50|]Incineroar||SitrusBerry|Intimidate|Protect,ThroatChop,PartingShot,FakeOut|Careful||M|||50|
|
|t:|1785813553
|teamsize|p1|4
|teamsize|p2|4
|start
|switch|p1a: Floette|Floette-Eternal, L50, F|100/100
|switch|p1b: Kingambit|Kingambit, L50, F|100/100
|switch|p2a: Charizard|Charizard, L50, M, shiny|100/100
|switch|p2b: Venusaur|Venusaur, L50, M|100/100
|turn|1
|
|t:|1785813564
|detailschange|p2a: Charizard|Charizard-Mega-Y, L50, M, shiny
|-mega|p2a: Charizard|Charizard|Charizardite Y
|-weather|SunnyDay|[from] ability: Drought|[of] p2a: Charizard
|detailschange|p1a: Floette|Floette-Mega, L50, F
|-mega|p1a: Floette|Floette|Floettite
|-ability|p1a: Floette|Fairy Aura
|move|p1b: Kingambit|Sucker Punch|p2a: Charizard
|-damage|p2a: Charizard|46/100
|move|p2b: Venusaur|Leaf Storm|p1a: Floette
|-damage|p1a: Floette|45/100
|-unboost|p2b: Venusaur|spa|2
|move|p1a: Floette|Dazzling Gleam|p2b: Venusaur|[spread] p2a,p2b
|-resisted|p2a: Charizard|1
|-resisted|p2b: Venusaur|1
|-damage|p2a: Charizard|22/100
|-damage|p2b: Venusaur|71/100
|move|p2a: Charizard|Heat Wave|p1a: Floette|[spread] p1a,p1b
|-supereffective|p1b: Kingambit|1
|-damage|p1a: Floette|0 fnt
|-damage|p1b: Kingambit|0 fnt
|faint|p1a: Floette
|faint|p1b: Kingambit
|
|-weather|SunnyDay|[upkeep]
|upkeep
|
|t:|1785813574
|switch|p1a: Basculegion|Basculegion, L50, M, shiny|100/100
|switch|p1b: Garchomp|Garchomp, L50, F, shiny|100/100
|turn|2
|
|t:|1785813582
|switch|p2a: Incineroar|Incineroar, L50, M|100/100
|-ability|p2a: Incineroar|Intimidate|boost
|-unboost|p1a: Basculegion|atk|1
|-unboost|p1b: Garchomp|atk|1
|move|p2b: Venusaur|Sleep Powder|p1b: Garchomp|[miss]
|-miss|p2b: Venusaur|p1b: Garchomp
|move|p1b: Garchomp|Rock Slide|p2a: Incineroar|[spread] p2a,p2b
|-supereffective|p2a: Incineroar|1
|-crit|p2a: Incineroar
|-damage|p2a: Incineroar|54/100
|-damage|p2b: Venusaur|56/100
|move|p1a: Basculegion|Last Respects|p2b: Venusaur
|-damage|p2b: Venusaur|0 fnt
|faint|p2b: Venusaur
|-damage|p1a: Basculegion|90/100|[from] item: Life Orb
|
|-weather|SunnyDay|[upkeep]
|upkeep
|
|t:|1785813591
|switch|p2b: Kommo-o|Kommo-o, L50, M|100/100
|turn|3
|
|t:|1785813600
|move|p2a: Incineroar|Fake Out|p1b: Garchomp
|-damage|p1b: Garchomp|90/100
|-damage|p2a: Incineroar|42/100|[from] ability: Rough Skin|[of] p1b: Garchomp
|-enditem|p2a: Incineroar|Sitrus Berry|[eat]
|-heal|p2a: Incineroar|66/100|[from] item: Sitrus Berry
|move|p2b: Kommo-o|Clangorous Soul|p2b: Kommo-o
|-boost|p2b: Kommo-o|atk|1
|-boost|p2b: Kommo-o|def|1
|-boost|p2b: Kommo-o|spa|1
|-boost|p2b: Kommo-o|spd|1
|-boost|p2b: Kommo-o|spe|1
|-damage|p2b: Kommo-o|67/100
|cant|p1b: Garchomp|flinch
|move|p1a: Basculegion|Last Respects|p2b: Kommo-o
|-damage|p2b: Kommo-o|5/100
|-damage|p1a: Basculegion|80/100|[from] item: Life Orb
|
|-weather|SunnyDay|[upkeep]
|-heal|p2b: Kommo-o|11/100|[from] item: Leftovers
|upkeep
|turn|4
|
|t:|1785813615
|move|p2b: Kommo-o|Protect|p2b: Kommo-o
|-singleturn|p2b: Kommo-o|Protect
|move|p1a: Basculegion|Aqua Jet|p2b: Kommo-o
|-activate|p2b: Kommo-o|move: Protect
|move|p1b: Garchomp|Rock Slide|p2a: Incineroar|[spread] p2a
|-activate|p2b: Kommo-o|move: Protect
|-supereffective|p2a: Incineroar|1
|-damage|p2a: Incineroar|43/100
|move|p2a: Incineroar|Throat Chop|p1a: Basculegion
|-supereffective|p1a: Basculegion|1
|-damage|p1a: Basculegion|5/100
|-start|p1a: Basculegion|Throat Chop|[silent]
|
|-weather|SunnyDay|[upkeep]
|-heal|p2b: Kommo-o|17/100|[from] item: Leftovers
|upkeep
|turn|5
|
|t:|1785813621
|move|p2b: Kommo-o|Clanging Scales|p1a: Basculegion|[spread] p1a,p1b
|-supereffective|p1b: Garchomp|1
|-damage|p1a: Basculegion|0 fnt
|-damage|p1b: Garchomp|0 fnt
|faint|p1a: Basculegion
|faint|p1b: Garchomp
|
|win|alexshyness
||master 792 is ready for game 2.
||alexshyness is ready for game 2.
|uhtml|next|Next: Game 2 of 3
|l|☆alexshyness
|player|p2|
|j|☆alexshyness
|player|p2|alexshyness|lass-gen4dp|
