|j|☆Mumblin'Penguin
|j|☆SongokuVG Fr
|html|Mumblin'PenguinSongokuVG Fr    
|uhtml|bestof|Game 3 of a best-of-3
|t:|1756309548
|gametype|doubles
|player|p1|Mumblin'Penguin|gambler|1208
|player|p2|SongokuVG Fr|lucian|1170
|gen|9
|tier|[Gen 9] VGC 2025 Reg H (Bo3)
|rated|
|rule|Species Clause: Limit one of each Pokémon
|rule|Item Clause: Limit 1 of each item
|clearpoke
|poke|p1|Ursaluna-Bloodmoon, L50, M|
|poke|p1|Gholdengo, L50|
|poke|p1|Dragonite, L50, F|
|poke|p1|Sneasler, L50, F|
|poke|p1|Incineroar, L50, M|
|poke|p1|Amoonguss, L50, F|
|poke|p2|Ursaluna, L50, F|
|poke|p2|Gholdengo, L50|
|poke|p2|Incineroar, L50, F|
|poke|p2|Porygon2, L50|
|poke|p2|Kilowattrel, L50, F|
|poke|p2|Tauros-Paldea-Aqua, L50, M|
|teampreview|4
|showteam|p1|Ursaluna-Bloodmoon||AssaultVest|MindsEye|BloodMoon,EarthPower,VacuumWave,HyperVoice|||M|||50|,,,,,Water]Gholdengo||LifeOrb|GoodasGold|Protect,MakeItRain,ShadowBall,NastyPlot||||||50|,,,,,Water]Dragonite||LoadedDice|Multiscale|ScaleShot,Tailwind,Haze,Protect|||F|||50|,,,,,Fairy]Sneasler||FocusSash|Unburden|Protect,DireClaw,CloseCombat,ThroatChop|||F|||50|,,,,,Stellar]Incineroar||SafetyGoggles|Intimidate|KnockOff,PartingShot,FlareBlitz,FakeOut|||M|||50|,,,,,Ghost]Amoonguss||SitrusBerry|Regenerator|RagePowder,Spore,PollenPuff,Protect|||F|||50|,,,,,Psychic
|showteam|p2|Ursaluna||FlameOrb|Guts|Earthquake,Facade,HeadlongRush,Protect|||F|||50|,,,,,Ghost]Gholdengo||MetalCoat|GoodasGold|MakeItRain,ShadowBall,NastyPlot,Protect||||||50|,,,,,Water]Incineroar||SafetyGoggles|Intimidate|FakeOut,FlareBlitz,KnockOff,PartingShot|||F|||50|,,,,,Ghost]Porygon2||Eviolite|Download|TeraBlast,TrickRoom,Recover,IceBeam||||||50|,,,,,Fighting]Kilowattrel||FocusSash|Competitive|Tailwind,Protect,Thunderbolt,AirSlash|||F|||50|,,,,,Ghost]Tauros-Paldea-Aqua||MirrorHerb|Intimidate|CloseCombat,WaveCrash,Protect,AquaJet|||M|||50|,,,,,Water
|inactive|Battle timer is ON: inactive players will automatically lose when time's up. (requested by SongokuVG Fr)
|inactive|Mumblin'Penguin has 60 seconds left.
|
|t:|1756309610
|teamsize|p1|4
|teamsize|p2|4
|start
|switch|p1a: Ursaluna|Ursaluna-Bloodmoon, L50, M|100/100
|switch|p1b: Dragonite|Dragonite, L50, F|100/100
|switch|p2a: Kilowattrel|Kilowattrel, L50, F|100/100
|switch|p2b: Incineroar|Incineroar, L50, F|100/100
|-ability|p2b: Incineroar|Intimidate|boost
|-unboost|p1a: Ursaluna|atk|1
|-unboost|p1b: Dragonite|atk|1
|turn|1
|
|t:|1756309631
|move|p2a: Kilowattrel|Tailwind|p2a: Kilowattrel
|-sidestart|p2: SongokuVG Fr|move: Tailwind
|move|p2b: Incineroar|Knock Off|p1b: Dragonite
|-damage|p1b: Dragonite|77/100
|-enditem|p1b: Dragonite|Loaded Dice|[from] move: Knock Off|[of] p2b: Incineroar
|move|p1b: Dragonite|Scale Shot|p2a: Kilowattrel
|-damage|p2a: Kilowattrel|83/100
|-damage|p2a: Kilowattrel|65/100
|-hitcount|p2a: Kilowattrel|2
|-unboost|p1b: Dragonite|def|1
|-boost|p1b: Dragonite|spe|1
|move|p1a: Ursaluna|Hyper Voice|p2a: Kilowattrel|[spread] p2a,p2b
|-damage|p2a: Kilowattrel|3/100
|-damage|p2b: Incineroar|71/100
|
|upkeep
|turn|2
|
|t:|1756309653
|move|p1a: Ursaluna|Vacuum Wave|p2a: Kilowattrel
|-resisted|p2a: Kilowattrel
|-damage|p2a: Kilowattrel|0 fnt
|faint|p2a: Kilowattrel
|move|p1b: Dragonite|Tailwind|p1b: Dragonite
|-sidestart|p1: Mumblin'Penguin|move: Tailwind
|move|p2b: Incineroar|Parting Shot|p1a: Ursaluna
|-unboost|p1a: Ursaluna|atk|1
|-unboost|p1a: Ursaluna|spa|1
|
|t:|1756309661
|switch|p2b: Porygon2|Porygon2, L50|100/100|[from] Parting Shot
|-ability|p2b: Porygon2|Download|boost
|-boost|p2b: Porygon2|atk|1
|
|upkeep
|
|t:|1756309667
|switch|p2a: Incineroar|Incineroar, L50, F|71/100
|-ability|p2a: Incineroar|Intimidate|boost
|-unboost|p1a: Ursaluna|atk|1
|-unboost|p1b: Dragonite|atk|1
|turn|3
|
|t:|1756309687
|switch|p1a: Sneasler|Sneasler, L50, F|100/100
|move|p1b: Dragonite|Haze|p1b: Dragonite
|-clearallboost
|move|p2a: Incineroar|Knock Off|p1a: Sneasler
|-resisted|p1a: Sneasler
|-damage|p1a: Sneasler|71/100
|-enditem|p1a: Sneasler|Focus Sash|[from] move: Knock Off|[of] p2a: Incineroar
|move|p2b: Porygon2|Ice Beam|p1a: Sneasler
|-damage|p1a: Sneasler|41/100
|
|upkeep
|turn|4
|inactive|Mumblin'Penguin has 30 seconds left.
|
|t:|1756309714
|-terastallize|p1a: Sneasler|Stellar
|-terastallize|p2a: Incineroar|Ghost
|move|p1a: Sneasler|Close Combat|p2b: Porygon2
|-supereffective|p2b: Porygon2
|-damage|p2b: Porygon2|17/100
|-unboost|p1a: Sneasler|def|1
|-unboost|p1a: Sneasler|spd|1
|move|p1b: Dragonite|Scale Shot|p2b: Porygon2
|-damage|p2b: Porygon2|9/100
|-damage|p2b: Porygon2|1/100
|-hitcount|p2b: Porygon2|2
|-unboost|p1b: Dragonite|def|1
|-boost|p1b: Dragonite|spe|1
|move|p2a: Incineroar|Parting Shot|p1a: Sneasler
|-unboost|p1a: Sneasler|atk|1
|-unboost|p1a: Sneasler|spa|1
|
|t:|1756309731
|switch|p2a: Gholdengo|Gholdengo, L50|100/100|[from] Parting Shot
|move|p2b: Porygon2|Ice Beam|p1b: Dragonite
|-supereffective|p1b: Dragonite
|-damage|p1b: Dragonite|0 fnt
|faint|p1b: Dragonite
|
|-sideend|p2: SongokuVG Fr|move: Tailwind
|upkeep
|
|t:|1756309740
|switch|p1b: Ursaluna|Ursaluna-Bloodmoon, L50, M|100/100
|turn|5
|
|t:|1756309762
|switch|p1a: Incineroar|Incineroar, L50, M|100/100
|-ability|p1a: Incineroar|Intimidate|boost
|-unboost|p2a: Gholdengo|atk|1
|-unboost|p2b: Porygon2|atk|1
|move|p2a: Gholdengo|Protect|p2a: Gholdengo
|-singleturn|p2a: Gholdengo|Protect
|move|p1b: Ursaluna|Hyper Voice|p2b: Porygon2|[spread] p2b
|-activate|p2a: Gholdengo|move: Protect
|-damage|p2b: Porygon2|0 fnt
|faint|p2b: Porygon2
|
|-sideend|p1: Mumblin'Penguin|move: Tailwind
|upkeep
|
|t:|1756309770
|switch|p2b: Incineroar|Incineroar, L50, F, tera:Ghost|71/100
|-ability|p2b: Incineroar|Intimidate|boost
|-unboost|p1a: Incineroar|atk|1
|-unboost|p1b: Ursaluna|atk|1
|turn|6
|
|t:|1756309783
|move|p2b: Incineroar|Fake Out|p1b: Ursaluna
|-damage|p1b: Ursaluna|93/100
|move|p2a: Gholdengo|Nasty Plot|p2a: Gholdengo
|-boost|p2a: Gholdengo|spa|2
|move|p1a: Incineroar|Knock Off|p2a: Gholdengo
|-supereffective|p2a: Gholdengo
|-damage|p2a: Gholdengo|38/100
|-enditem|p2a: Gholdengo|Metal Coat|[from] move: Knock Off|[of] p1a: Incineroar
|cant|p1b: Ursaluna|flinch
|
|upkeep
|turn|7
|
|t:|1756309796
|move|p2a: Gholdengo|Protect|p2a: Gholdengo
|-singleturn|p2a: Gholdengo|Protect
|move|p1b: Ursaluna|Vacuum Wave|p2a: Gholdengo
|-activate|p2a: Gholdengo|move: Protect
|move|p1a: Incineroar|Flare Blitz|p2a: Gholdengo
|-activate|p2a: Gholdengo|move: Protect
|move|p2b: Incineroar|Knock Off|p1b: Ursaluna
|-damage|p1b: Ursaluna|65/100
|-enditem|p1b: Ursaluna|Assault Vest|[from] move: Knock Off|[of] p2b: Incineroar
|
|upkeep
|turn|8
|
|t:|1756309809
|move|p1b: Ursaluna|Vacuum Wave|p2a: Gholdengo
|-supereffective|p2a: Gholdengo
|-damage|p2a: Gholdengo|1/100
|move|p2a: Gholdengo|Make It Rain|p1a: Incineroar|[spread] p1a,p1b
|-resisted|p1a: Incineroar
|-damage|p1a: Incineroar|60/100
|-damage|p1b: Ursaluna|0 fnt
|-unboost|p2a: Gholdengo|spa|1
|faint|p1b: Ursaluna
|move|p1a: Incineroar|Flare Blitz|p2a: Gholdengo
|-supereffective|p2a: Gholdengo
|-damage|p2a: Gholdengo|0 fnt
|faint|p2a: Gholdengo
|-damage|p1a: Incineroar|59/100|[from] Recoil
|move|p2b: Incineroar|Knock Off|p1a: Incineroar
|-resisted|p1a: Incineroar
|-damage|p1a: Incineroar|40/100
|-enditem|p1a: Incineroar|Safety Goggles|[from] move: Knock Off|[of] p2b: Incineroar
|
|upkeep
|
|t:|1756309824
|switch|p1b: Sneasler|Sneasler, L50, F, tera:Stellar|41/100
|turn|9
|
|t:|1756309830
|move|p1b: Sneasler|Throat Chop|p2b: Incineroar
|-supereffective|p2b: Incineroar
|-damage|p2b: Incineroar|23/100
|-start|p2b: Incineroar|Throat Chop|[silent]
|move|p1a: Incineroar|Knock Off|p2b: Incineroar
|-supereffective|p2b: Incineroar
|-damage|p2b: Incineroar|0 fnt
|-enditem|p2b: Incineroar|Safety Goggles|[from] move: Knock Off|[of] p1a: Incineroar
|faint|p2b: Incineroar
|
|win|Mumblin'Penguin
|raw|Mumblin'Penguin's rating: 1208 → 1230(+22 for winning)
|raw|SongokuVG Fr's rating: 1170 → 1148(-22 for losing)
|l|☆SongokuVG Fr
|player|p2|
