|j|☆Pokecraft15
|j|☆magicalarcher57
|html|Pokecraft15magicalarcher57    
|uhtml|bestof|Game 2 of a best-of-3
|t:|1784743850
|gametype|doubles
|player|p1|Pokecraft15|hilbert-wonderlauncher|1296
|player|p2|magicalarcher57|diantha|1210
|gen|9
|tier|[Gen 9 Champions] VGC 2026 Reg M-B (Bo3)
|rated|
|rule|Species Clause: Limit one of each Pokémon
|rule|Item Clause: Limit 1 of each item
|clearpoke
|poke|p1|Froslass, L50, F|
|poke|p1|Aerodactyl, L50, F|
|poke|p1|Milotic, L50, F|
|poke|p1|Incineroar, L50, F|
|poke|p1|Sinistcha-Masterpiece, L50|
|poke|p1|Sneasler, L50, M|
|poke|p2|Garchomp, L50, M|
|poke|p2|Kingambit, L50, F|
|poke|p2|Vanilluxe, L50, F|
|poke|p2|Aerodactyl, L50, M|
|poke|p2|Sneasler, L50, F|
|poke|p2|Gardevoir, L50, F|
|teampreview|4
|showteam|p1|Froslass||Froslassite|SnowCloak|Blizzard,ShadowBall,Thunderbolt,Protect|Modest||F|||50|]Aerodactyl||FocusSash|Unnerve|RockSlide,DualWingbeat,WideGuard,Tailwind|Jolly||F|||50|]Milotic||MysticWater|Competitive|MuddyWater,IcyWind,Coil,Protect|Serious||F|||50|]Incineroar||ChopleBerry|Intimidate|FlareBlitz,ThroatChop,PartingShot,FakeOut|Adamant||F|||50|]Sinistcha-Masterpiece||SitrusBerry|Hospitality|RagePowder,MatchaGotcha,ShadowBall,Protect|Modest|||||50|]Sneasler||WhiteHerb|Unburden|CloseCombat,DireClaw,FakeOut,Protect|Adamant||M|||50|
|showteam|p2|Garchomp||LifeOrb|RoughSkin|Earthquake,DragonClaw,StompingTantrum,Protect|Jolly||M|||50|]Kingambit||BlackGlasses|Defiant|KowtowCleave,SuckerPunch,Protect,IronHead|Adamant||F|||50|]Vanilluxe||ChoiceScarf|SnowWarning|Blizzard,FreezeDry,WeatherBall,IcyWind|Modest||F|||50|]Aerodactyl||Aerodactylite|Unnerve|DualWingbeat,RockSlide,Tailwind,Protect|Jolly||M|||50|]Sneasler||FocusSash|Unburden|FakeOut,CloseCombat,DireClaw,Protect|Adamant||F|||50|]Gardevoir||Gardevoirite|Trace|HyperVoice,Psychic,TrickRoom,Protect|Modest||F|||50|
|inactive|Battle timer is ON: inactive players will automatically lose when time's up. (requested by Pokecraft15)
|inactive|magicalarcher57 also wants the timer to be on.
|c|☆Pokecraft15|glhf
|c|☆magicalarcher57|glhf
|
|t:|1784743876
|teamsize|p1|4
|teamsize|p2|4
|start
|switch|p1a: Aerodactyl|Aerodactyl, L50, F|100/100
|switch|p1b: Incineroar|Incineroar, L50, F|100/100
|switch|p2a: Kingambit|Kingambit, L50, F|100/100
|switch|p2b: Gardevoir|Gardevoir, L50, F|100/100
|-ability|p1a: Aerodactyl|Unnerve
|-ability|p2b: Gardevoir|Unnerve|Trace|[from] ability: Trace|[of] p1a: Aerodactyl
|-ability|p2b: Gardevoir|Unnerve
|-ability|p1b: Incineroar|Intimidate|boost
|-unboost|p2a: Kingambit|atk|1
|-ability|p2a: Kingambit|Defiant|boost
|-boost|p2a: Kingambit|atk|2
|-unboost|p2b: Gardevoir|atk|1
|turn|1
|inactive|magicalarcher57 has 30 seconds left.
|j| mynamegrassgreen
|
|t:|1784743907
|detailschange|p2b: Gardevoir|Gardevoir-Mega, L50, F
|-mega|p2b: Gardevoir|Gardevoir|Gardevoirite
|move|p1b: Incineroar|Fake Out|p2a: Kingambit
|-resisted|p2a: Kingambit|1
|-damage|p2a: Kingambit|94/100
|move|p1a: Aerodactyl|Rock Slide|p2b: Gardevoir|[spread] p2b
|-miss|p1a: Aerodactyl|p2a: Kingambit
|-damage|p2b: Gardevoir|64/100
|cant|p2a: Kingambit|flinch
|move|p2b: Gardevoir|Trick Room|p2b: Gardevoir
|-fieldstart|move: Trick Room|[of] p2b: Gardevoir
|
|upkeep
|turn|2
|
|t:|1784743929
|move|p2b: Gardevoir|Protect|p2b: Gardevoir
|-singleturn|p2b: Gardevoir|Protect
|move|p1a: Aerodactyl|Wide Guard|p1a: Aerodactyl
|-singleturn|p1a: Aerodactyl|Wide Guard
|move|p2a: Kingambit|Kowtow Cleave|p1b: Incineroar
|-resisted|p1b: Incineroar|1
|-damage|p1b: Incineroar|54/100
|move|p1b: Incineroar|Flare Blitz|p2a: Kingambit
|-supereffective|p2a: Kingambit|1
|-damage|p2a: Kingambit|0 fnt
|faint|p2a: Kingambit
|-damage|p1b: Incineroar|22/100|[from] Recoil
|
|upkeep
|inactive|magicalarcher57 has 30 seconds left.
|
|t:|1784743959
|switch|p2a: Garchomp|Garchomp, L50, M|100/100
|turn|3
|inactive|Pokecraft15 has 30 seconds left.
|
|t:|1784743988
|move|p1b: Incineroar|Throat Chop|p2b: Gardevoir
|-damage|p2b: Gardevoir|1/100
|-start|p2b: Gardevoir|Throat Chop|[silent]
|move|p2b: Gardevoir|Psychic|p1a: Aerodactyl
|-damage|p1a: Aerodactyl|10/100
|-unboost|p1a: Aerodactyl|spd|1
|move|p2a: Garchomp|Stomping Tantrum|p1b: Incineroar
|-supereffective|p1b: Incineroar|1
|-damage|p1b: Incineroar|0 fnt
|faint|p1b: Incineroar
|-damage|p2a: Garchomp|90/100|[from] item: Life Orb
|move|p1a: Aerodactyl|Rock Slide|p2a: Garchomp|[spread] p2a,p2b
|-resisted|p2a: Garchomp|1
|-damage|p2a: Garchomp|76/100
|-damage|p2b: Gardevoir|0 fnt
|faint|p2b: Gardevoir
|
|upkeep
|
|t:|1784744007
|switch|p1b: Blizz|Froslass, L50, F|100/100
|switch|p2b: Vanilluxe|Vanilluxe, L50, F|100/100
|-weather|Snowscape|[from] ability: Snow Warning|[of] p2b: Vanilluxe
|turn|4
|inactive|Pokecraft15 has 30 seconds left.
|inactive|Pokecraft15 has 20 seconds left.
|inactive|Pokecraft15 has 15 seconds left.
|
|t:|1784744049
|detailschange|p1b: Blizz|Froslass-Mega, L50, F
|-mega|p1b: Blizz|Froslass|Froslassite
|move|p2a: Garchomp|Protect|p2a: Garchomp
|-singleturn|p2a: Garchomp|Protect
|move|p1b: Blizz|Blizzard|p2a: Garchomp|[spread] p2b
|-activate|p2a: Garchomp|move: Protect
|-resisted|p2b: Vanilluxe|1
|-damage|p2b: Vanilluxe|70/100
|move|p2b: Vanilluxe|Blizzard|p1a: Aerodactyl|[spread] p1a,p1b
|-supereffective|p1a: Aerodactyl|1
|-resisted|p1b: Blizz|1
|-damage|p1a: Aerodactyl|0 fnt
|-damage|p1b: Blizz|75/100
|faint|p1a: Aerodactyl
|
|-weather|Snowscape|[upkeep]
|upkeep
|
|t:|1784744061
|switch|p1a: Sneasler|Sneasler, L50, M|100/100
|turn|5
|
|t:|1784744070
|move|p2a: Garchomp|Protect||[still]
|-fail|p2a: Garchomp
|move|p1a: Sneasler|Fake Out|p2a: Garchomp
|-damage|p2a: Garchomp|60/100
|-damage|p1a: Sneasler|87/100|[from] ability: Rough Skin|[of] p2a: Garchomp
|move|p1b: Blizz|Blizzard|p2b: Vanilluxe|[spread] p2a,p2b
|-supereffective|p2a: Garchomp|2
|-resisted|p2b: Vanilluxe|1
|-damage|p2a: Garchomp|0 fnt
|-damage|p2b: Vanilluxe|36/100
|faint|p2a: Garchomp
|move|p2b: Vanilluxe|Blizzard|p1b: Blizz|[spread] p1a,p1b
|-resisted|p1b: Blizz|1
|-damage|p1a: Sneasler|25/100
|-damage|p1b: Blizz|51/100
|-status|p1a: Sneasler|frz
|
|-weather|Snowscape|[upkeep]
|-fieldend|move: Trick Room
|upkeep
|turn|6
|c|☆Pokecraft15|ggwp
|c|☆magicalarcher57|ggwp
|
|t:|1784744081
|move|p2b: Vanilluxe|Blizzard|p1a: Sneasler|[spread] p1a,p1b
|-resisted|p1b: Blizz|1
|-damage|p1a: Sneasler|0 fnt
|-damage|p1b: Blizz|24/100
|faint|p1a: Sneasler
|move|p1b: Blizz|Shadow Ball|p2b: Vanilluxe
|-damage|p2b: Vanilluxe|0 fnt
|faint|p2b: Vanilluxe
|
|win|Pokecraft15
||Pokecraft15 is ready for game 3.
||magicalarcher57 is ready for game 3.
|uhtml|next|Next: Game 3 of 3
|l|☆magicalarcher57
|player|p2|
|l|☆Pokecraft15
|player|p1|
|l| mynamegrassgreen
|j|☆Pokecraft15
|player|p1|Pokecraft15|hilbert-wonderlauncher|
|l|☆Pokecraft15
|player|p1|
|j|☆Pokecraft15
|player|p1|Pokecraft15|hilbert-wonderlauncher|
