|j|☆Oreo_Stars
|j|☆Kdbc73
|html|Oreo_StarsKdbc73    
|uhtml|bestof|Game 2 of a best-of-3
|t:|1756179869
|gametype|doubles
|player|p1|Oreo_Stars|265|1160
|player|p2|Kdbc73|preschoolerf|1126
|gen|9
|tier|[Gen 9] VGC 2025 Reg H (Bo3)
|rated|
|rule|Species Clause: Limit one of each Pokémon
|rule|Item Clause: Limit 1 of each item
|clearpoke
|poke|p1|Archaludon, L50, M|
|poke|p1|Pelipper, L50, F|
|poke|p1|Basculegion, L50, M|
|poke|p1|Sinistcha, L50|
|poke|p1|Maushold-Four, L50|
|poke|p1|Annihilape, L50, M|
|poke|p2|Sneasler, L50, F|
|poke|p2|Indeedee, L50, M|
|poke|p2|Ursaluna-Bloodmoon, L50, M|
|poke|p2|Electabuzz, L50, F|
|poke|p2|Incineroar, L50, F|
|poke|p2|Talonflame, L50, F|
|teampreview|4
|showteam|p1|Archaludon||AssaultVest|Stamina|DracoMeteor,FlashCannon,ElectroShot,BodyPress|||M|||50|,,,,,Grass]Pelipper||FocusSash|Drizzle|Hurricane,WeatherBall,Tailwind,HelpingHand|||F|||50|,,,,,Stellar]Basculegion||ChoiceBand|SwiftSwim|WaveCrash,FlipTurn,LastRespects,AquaJet|||M|||50|,,,,,Grass]Sinistcha||SitrusBerry|Hospitality|MatchaGotcha,LifeDew,RagePowder,TrickRoom||||||50|,,,,,Fairy]Maushold-Four||SafetyGoggles|FriendGuard|BeatUp,FollowMe,Taunt,Protect||||||50|,,,,,Ghost]Annihilape||Leftovers|Defiant|DrainPunch,RageFist,BulkUp,Protect|||M|||50|,,,,,Grass
|showteam|p2|Sneasler||PsychicSeed|Unburden|CloseCombat,DireClaw,ThroatChop,Protect|||F|||50|,,,,,Dark]Indeedee||FocusSash|PsychicSurge|ExpandingForce,TrickRoom,HelpingHand,Protect|||M|||50|,,,,,Psychic]Ursaluna-Bloodmoon||LifeOrb|MindsEye|BloodMoon,HyperVoice,EarthPower,Protect|||M|||50|,,,,,Normal]Electabuzz||Eviolite|VitalSpirit|Electroweb,FollowMe,Taunt,Protect|||F|||50|,,,,,Dragon]Incineroar||SafetyGoggles|Intimidate|FlareBlitz,KnockOff,PartingShot,FakeOut|||F|||50|,,,,,Ghost]Talonflame||CovertCloak|GaleWings|FlareBlitz,DualWingbeat,WillOWisp,Tailwind|||F|||50|,,,,,Fairy
|inactive|Battle timer is ON: inactive players will automatically lose when time's up. (requested by Oreo_Stars)
|
|t:|1756179882
|teamsize|p1|4
|teamsize|p2|4
|start
|switch|p1a: Maushold|Maushold-Four, L50|100/100
|switch|p1b: Annihilape|Annihilape, L50, M|100/100
|switch|p2a: Ursaluna|Ursaluna-Bloodmoon, L50, M|100/100
|switch|p2b: Electabuzz|Electabuzz, L50, F|100/100
|turn|1
|
|t:|1756179901
|-terastallize|p2a: Ursaluna|Normal
|move|p1a: Maushold|Protect|p1a: Maushold
|-singleturn|p1a: Maushold|Protect
|move|p2b: Electabuzz|Follow Me|p2b: Electabuzz
|-singleturn|p2b: Electabuzz|move: Follow Me
|move|p1b: Annihilape|Bulk Up|p1b: Annihilape
|-boost|p1b: Annihilape|atk|1
|-boost|p1b: Annihilape|def|1
|move|p2a: Ursaluna|Blood Moon|p1b: Annihilape
|-crit|p1b: Annihilape
|-damage|p1b: Annihilape|0 fnt
|faint|p1b: Annihilape
|-damage|p2a: Ursaluna|91/100|[from] item: Life Orb
|
|upkeep
|
|t:|1756179904
|switch|p1b: Archaludon|Archaludon, L50, M|100/100
|turn|2
|
|t:|1756179926
|move|p2a: Ursaluna|Protect|p2a: Ursaluna
|-singleturn|p2a: Ursaluna|Protect
|move|p1a: Maushold|Taunt|p2b: Electabuzz
|-start|p2b: Electabuzz|move: Taunt
|move|p2b: Electabuzz|Electroweb|p1a: Maushold|[spread] p1a,p1b
|-resisted|p1b: Archaludon
|-damage|p1a: Maushold|85/100
|-damage|p1b: Archaludon|96/100
|-unboost|p1a: Maushold|spe|1
|-unboost|p1b: Archaludon|spe|1
|-ability|p1b: Archaludon|Stamina|boost
|-boost|p1b: Archaludon|def|1
|move|p1b: Archaludon|Body Press|p2b: Electabuzz
|-damage|p2b: Electabuzz|64/100
|
|upkeep
|turn|3
|inactive|Kdbc73 has 30 seconds left.
|inactive|Kdbc73 has 20 seconds left.
|inactive|Kdbc73 has 15 seconds left.
|inactive|Oreo_Stars has 30 seconds left.
|
|t:|1756179976
|-terastallize|p1b: Archaludon|Grass
|move|p2b: Electabuzz|Electroweb|p1a: Maushold|[spread] p1a,p1b
|-resisted|p1b: Archaludon
|-damage|p1a: Maushold|70/100
|-damage|p1b: Archaludon|92/100
|-unboost|p1a: Maushold|spe|1
|-unboost|p1b: Archaludon|spe|1
|-ability|p1b: Archaludon|Stamina|boost
|-boost|p1b: Archaludon|def|1
|move|p2a: Ursaluna|Earth Power|p1b: Archaludon
|-resisted|p1b: Archaludon
|-damage|p1b: Archaludon|71/100
|-ability|p1b: Archaludon|Stamina|boost
|-boost|p1b: Archaludon|def|1
|-damage|p2a: Ursaluna|81/100|[from] item: Life Orb
|move|p1a: Maushold|Beat Up|p1b: Archaludon
|-crit|p1b: Archaludon
|-damage|p1b: Archaludon|69/100
|-ability|p1b: Archaludon|Stamina|boost
|-boost|p1b: Archaludon|def|1
|-damage|p1b: Archaludon|69/100
|-ability|p1b: Archaludon|Stamina|boost
|-boost|p1b: Archaludon|def|1
|-damage|p1b: Archaludon|68/100
|-ability|p1b: Archaludon|Stamina|boost
|-boost|p1b: Archaludon|def|1
|-hitcount|p1b: Archaludon|3
|move|p1b: Archaludon|Body Press|p2a: Ursaluna
|-supereffective|p2a: Ursaluna
|-damage|p2a: Ursaluna|0 fnt
|faint|p2a: Ursaluna
|
|upkeep
|
|t:|1756179994
|switch|p2a: Indeedee|Indeedee, L50, M|100/100
|-fieldstart|move: Psychic Terrain|[from] ability: Psychic Surge|[of] p2a: Indeedee
|turn|4
|
|t:|1756180003
|switch|p1a: Sinistcha|Sinistcha, L50|100/100
|-heal|p1b: Archaludon|93/100|[from] ability: Hospitality|[of] p1a: Sinistcha
|move|p2b: Electabuzz|Electroweb|p1a: Sinistcha|[spread] p1b
|-miss|p2b: Electabuzz|p1a: Sinistcha
|-resisted|p1b: Archaludon
|-damage|p1b: Archaludon|87/100
|-unboost|p1b: Archaludon|spe|1
|move|p2a: Indeedee|Expanding Force|p1b: Archaludon|[spread] p1a,p1b
|-damage|p1a: Sinistcha|49/100
|-damage|p1b: Archaludon|40/100
|-enditem|p1a: Sinistcha|Sitrus Berry|[eat]
|-heal|p1a: Sinistcha|74/100|[from] item: Sitrus Berry
|move|p1b: Archaludon|Draco Meteor|p2b: Electabuzz
|-damage|p2b: Electabuzz|7/100
|-unboost|p1b: Archaludon|spa|2
|
|-end|p2b: Electabuzz|move: Taunt
|upkeep
|turn|5
|inactive|Kdbc73 has 30 seconds left.
|
|t:|1756180030
|switch|p1a: Maushold|Maushold-Four, L50|70/100
|move|p2b: Electabuzz|Taunt|p1a: Maushold
|-start|p1a: Maushold|move: Taunt
|move|p2a: Indeedee|Expanding Force|p1a: Maushold|[spread] p1a,p1b
|-damage|p1a: Maushold|3/100
|-damage|p1b: Archaludon|8/100
|move|p1b: Archaludon|Body Press|p2a: Indeedee
|-enditem|p2a: Indeedee|Focus Sash
|-damage|p2a: Indeedee|1/100
|
|upkeep
|turn|6
|
|t:|1756180047
|switch|p1a: Sinistcha|Sinistcha, L50|74/100
|-heal|p1b: Archaludon|33/100|[from] ability: Hospitality|[of] p1a: Sinistcha
|move|p2a: Indeedee|Protect|p2a: Indeedee
|-singleturn|p2a: Indeedee|Protect
|move|p2b: Electabuzz|Electroweb|p1b: Archaludon|[spread] p1a,p1b
|-resisted|p1a: Sinistcha
|-resisted|p1b: Archaludon
|-damage|p1a: Sinistcha|68/100
|-damage|p1b: Archaludon|27/100
|-unboost|p1a: Sinistcha|spe|1
|-unboost|p1b: Archaludon|spe|1
|move|p1b: Archaludon|Body Press|p2a: Indeedee
|-activate|p2a: Indeedee|move: Protect
|
|upkeep
|turn|7
|inactive|Kdbc73 has 30 seconds left.
|
|t:|1756180078
|switch|p1a: Maushold|Maushold-Four, L50|3/100
|move|p2b: Electabuzz|Electroweb|p1a: Maushold|[spread] p1a,p1b
|-resisted|p1b: Archaludon
|-damage|p1a: Maushold|0 fnt
|-damage|p1b: Archaludon|23/100
|-unboost|p1b: Archaludon|spe|1
|faint|p1a: Maushold
|move|p2a: Indeedee|Expanding Force|p1b: Archaludon
|-damage|p1b: Archaludon|0 fnt
|faint|p1b: Archaludon
|
|upkeep
|
|t:|1756180080
|switch|p1b: Sinistcha|Sinistcha, L50|68/100
|turn|8
|-message|Oreo_Stars forfeited.
|
|win|Kdbc73
|raw|Oreo_Stars's rating: 1160 → 1133(-27 for losing)
|raw|Kdbc73's rating: 1126 → 1153(+27 for winning)
