|j|☆Divine Monkey King
|j|☆TheMMalt
|html|Divine Monkey KingTheMMalt    
|uhtml|bestof|Game 2 of a best-of-3
|t:|1782748110
|gametype|doubles
|player|p1|Divine Monkey King|rocketgrunt|1066
|player|p2|TheMMalt|doctor|1182
|gen|9
|tier|[Gen 9 Champions] VGC 2026 Reg M-B (Bo3)
|rated|
|rule|Species Clause: Limit one of each Pokémon
|rule|Item Clause: Limit 1 of each item
|clearpoke
|poke|p1|Tyranitar, L50, M, shiny|
|poke|p1|Aerodactyl, L50, M, shiny|
|poke|p1|Pelipper, L50, M, shiny|
|poke|p1|Basculegion, L50, M, shiny|
|poke|p1|Beedrill, L50, M, shiny|
|poke|p1|Annihilape, L50, M, shiny|
|poke|p2|Floette-Eternal, L50, F|
|poke|p2|Grimmsnarl, L50, M|
|poke|p2|Sinistcha, L50|
|poke|p2|Sneasler, L50, F|
|poke|p2|Swampert, L50, F|
|poke|p2|Pelipper, L50, F|
|teampreview|4
|showteam|p1|Tyranitar||Tyranitarite|SandStream|BrickBreak,KnockOff,Protect,RockSlide|Adamant||M|||50|]Aerodactyl||FocusSash|Unnerve|DualWingbeat,IronTail,Protect,Tailwind|Jolly||M|||50|]Pelipper||WacanBerry|Drizzle|Hurricane,Protect,WeatherBall,Uturn|Calm||M|||50|]Basculegion||MysticWater|SwiftSwim|AquaJet,FlipTurn,LastRespects,Protect|Adamant||M|||50|]Beedrill||Beedrillite|Sniper|PoisonJab,Protect,Uturn,FellStinger|Jolly||M|||50|]Annihilape||Leftovers|Defiant|BulkUp,DrainPunch,IcePunch,RageFist|Adamant||M|||50|
|showteam|p2|Floette-Eternal||Floettite|FlowerVeil|Protect,DazzlingGleam,DrainingKiss,CalmMind|Modest||F|||50|]Grimmsnarl||LightClay|Prankster|SpiritBreak,Reflect,LightScreen,PartingShot|Careful||M|||50|]Sinistcha||OccaBerry|Hospitality|Protect,MatchaGotcha,LifeDew,RagePowder|Bold|||||50|]Sneasler||FocusSash|Unburden|CloseCombat,DireClaw,QuickGuard,FakeOut|Jolly||F|||50|]Swampert||Swampertite|Torrent|Protect,WaveCrash,Earthquake,IcePunch|Adamant||F|||50|]Pelipper||SitrusBerry|Drizzle|Protect,WeatherBall,Hurricane,Tailwind|Modest||F|||50|
|
|t:|1782748155
|teamsize|p1|4
|teamsize|p2|4
|start
|switch|p1a: Beedrill|Beedrill, L50, M, shiny|100/100
|switch|p1b: Pelipper|Pelipper, L50, M, shiny|100/100
|switch|p2a: Swampert|Swampert, L50, F|100/100
|switch|p2b: Sinistcha|Sinistcha, L50|100/100
|-weather|RainDance|[from] ability: Drizzle|[of] p1b: Pelipper
|turn|1
|inactive|Battle timer is ON: inactive players will automatically lose when time's up. (requested by TheMMalt)
|
|t:|1782748172
|detailschange|p1a: Beedrill|Beedrill-Mega, L50, M, shiny
|-mega|p1a: Beedrill|Beedrill|Beedrillite
|detailschange|p2a: Swampert|Swampert-Mega, L50, F
|-mega|p2a: Swampert|Swampert|Swampertite
|move|p1a: Beedrill|Protect|p1a: Beedrill
|-singleturn|p1a: Beedrill|Protect
|move|p2a: Swampert|Ice Punch|p1b: Pelipper
|-damage|p1b: Pelipper|62/100
|move|p1b: Pelipper|Hurricane|p2b: Sinistcha
|-supereffective|p2b: Sinistcha|1
|-damage|p2b: Sinistcha|19/100
|move|p2b: Sinistcha|Matcha Gotcha|p1b: Pelipper|[spread] 
|-activate|p1a: Beedrill|move: Protect
|-miss|p2b: Sinistcha|p1b: Pelipper
|
|-weather|RainDance|[upkeep]
|upkeep
|turn|2
|inactive|Divine Monkey King has 30 seconds left.
|inactive|TheMMalt has 30 seconds left.
|inactive|TheMMalt has 20 seconds left.
|
|t:|1782748209
|move|p2b: Sinistcha|Protect|p2b: Sinistcha
|-singleturn|p2b: Sinistcha|Protect
|move|p2a: Swampert|Wave Crash|p1a: Beedrill
|-damage|p1a: Beedrill|0 fnt
|faint|p1a: Beedrill
|-damage|p2a: Swampert|75/100|[from] Recoil
|move|p1b: Pelipper|U-turn|p2a: Swampert
|-damage|p2a: Swampert|67/100
|
|t:|1782748224
|switch|p1b: Basculegion|Basculegion, L50, M, shiny|100/100|[from] U-turn
|
|-weather|RainDance|[upkeep]
|upkeep
|
|t:|1782748229
|switch|p1a: Pelipper|Pelipper, L50, M, shiny|62/100
|turn|3
|inactive|Divine Monkey King has 30 seconds left.
|inactive|Divine Monkey King has 20 seconds left.
|inactive|Divine Monkey King has 15 seconds left.
|
|t:|1782748271
|move|p2b: Sinistcha|Rage Powder|p2b: Sinistcha
|-singleturn|p2b: Sinistcha|move: Rage Powder
|move|p1b: Basculegion|Flip Turn|p2b: Sinistcha
|-resisted|p2b: Sinistcha|1
|-crit|p2b: Sinistcha
|-damage|p2b: Sinistcha|0 fnt
|faint|p2b: Sinistcha
|
|t:|1782748278
|switch|p1b: Tyranitar|Tyranitar, L50, M, shiny|100/100|[from] Flip Turn
|-weather|Sandstorm|[from] ability: Sand Stream|[of] p1b: Tyranitar
|move|p2a: Swampert|Earthquake|p1b: Tyranitar|[spread] p1b
|-immune|p1a: Pelipper
|-supereffective|p1b: Tyranitar|1
|-damage|p1b: Tyranitar|23/100
|move|p1a: Pelipper|U-turn|p2a: Swampert
|-damage|p2a: Swampert|60/100
|
|t:|1782748291
|switch|p1a: Basculegion|Basculegion, L50, M, shiny|100/100|[from] U-turn
|
|-weather|Sandstorm|[upkeep]
|-damage|p1a: Basculegion|93/100|[from] Sandstorm
|upkeep
|
|t:|1782748296
|switch|p2b: Grimmsnarl|Grimmsnarl, L50, M|100/100
|turn|4
|
|t:|1782748303
|switch|p1b: Pelipper|Pelipper, L50, M, shiny|62/100
|-weather|RainDance|[from] ability: Drizzle|[of] p1b: Pelipper
|move|p1a: Basculegion|Protect|p1a: Basculegion
|-singleturn|p1a: Basculegion|Protect
|move|p2a: Swampert|Protect|p2a: Swampert
|-singleturn|p2a: Swampert|Protect
|move|p2b: Grimmsnarl|Spirit Break|p1a: Basculegion
|-activate|p1a: Basculegion|move: Protect
|
|-weather|RainDance|[upkeep]
|upkeep
|turn|5
|inactive|TheMMalt has 30 seconds left.
|
|t:|1782748335
|switch|p2a: Sneasler|Sneasler, L50, F|100/100
|move|p2b: Grimmsnarl|Parting Shot|p1a: Basculegion
|-unboost|p1a: Basculegion|atk|1
|-unboost|p1a: Basculegion|spa|1
|
|t:|1782748340
|switch|p2b: Swampert|Swampert-Mega, L50, F|60/100|[from] Parting Shot
|move|p1a: Basculegion|Flip Turn|p2a: Sneasler
|-crit|p2a: Sneasler
|-enditem|p2a: Sneasler|Focus Sash
|-damage|p2a: Sneasler|1/100
|
|t:|1782748349
|switch|p1a: Tyranitar|Tyranitar, L50, M, shiny|23/100|[from] Flip Turn
|-weather|Sandstorm|[from] ability: Sand Stream|[of] p1a: Tyranitar
|move|p1b: Pelipper|Hurricane|p2b: Swampert|[miss]
|-miss|p1b: Pelipper|p2b: Swampert
|
|-weather|Sandstorm|[upkeep]
|-damage|p2a: Sneasler|0 fnt|[from] Sandstorm
|-damage|p1b: Pelipper|56/100|[from] Sandstorm
|faint|p2a: Sneasler
|upkeep
|
|t:|1782748356
|switch|p2a: Grimmsnarl|Grimmsnarl, L50, M|100/100
|turn|6
|c|☆Divine Monkey King|This a great set we having rn
|inactive|Divine Monkey King has 30 seconds left.
|inactive|Divine Monkey King has 20 seconds left.
|
|t:|1782748393
|move|p2b: Swampert|Earthquake|p1b: Pelipper|[spread] p2a,p1a
|-immune|p1b: Pelipper
|-supereffective|p1a: Tyranitar|1
|-damage|p2a: Grimmsnarl|49/100
|-damage|p1a: Tyranitar|0 fnt
|faint|p1a: Tyranitar
|move|p1b: Pelipper|U-turn|p2a: Grimmsnarl
|-damage|p2a: Grimmsnarl|40/100
|
|t:|1782748401
|switch|p1b: Basculegion|Basculegion, L50, M, shiny|93/100|[from] U-turn
|move|p2a: Grimmsnarl|Spirit Break|p1b: Basculegion
|-damage|p1b: Basculegion|52/100
|-unboost|p1b: Basculegion|spa|1
|
|-weather|Sandstorm|[upkeep]
|-damage|p1b: Basculegion|46/100|[from] Sandstorm
|-damage|p2a: Grimmsnarl|34/100|[from] Sandstorm
|upkeep
|
|t:|1782748411
|switch|p1a: Pelipper|Pelipper, L50, M, shiny|56/100
|-weather|RainDance|[from] ability: Drizzle|[of] p1a: Pelipper
|turn|7
|
|t:|1782748424
|move|p1b: Basculegion|Protect|p1b: Basculegion
|-singleturn|p1b: Basculegion|Protect
|move|p2a: Grimmsnarl|Parting Shot|p1b: Basculegion
|-activate|p1b: Basculegion|move: Protect
|move|p2b: Swampert|Wave Crash|p1b: Basculegion
|-activate|p1b: Basculegion|move: Protect
|move|p1a: Pelipper|Weather Ball|p2b: Swampert
|-damage|p2b: Swampert|9/100
|
|-weather|RainDance|[upkeep]
|upkeep
|turn|8
|
|t:|1782748440
|move|p1b: Basculegion|Aqua Jet|p2b: Swampert
|-damage|p2b: Swampert|0 fnt
|faint|p2b: Swampert
|move|p1a: Pelipper|Weather Ball|p2a: Grimmsnarl
|-damage|p2a: Grimmsnarl|0 fnt
|faint|p2a: Grimmsnarl
|
|win|Divine Monkey King
||TheMMalt is ready for game 3.
||Divine Monkey King is ready for game 3.
|uhtml|next|Next: Game 3 of 3
|l|☆TheMMalt
|player|p2|
