|j|☆pipo.uc94
|j|☆higigig
|html|pipo.uc94higigig    
|uhtml|bestof|Game 3 of a best-of-3
|t:|1756239815
|gametype|doubles
|player|p1|pipo.uc94|169|1227
|player|p2|higigig|sisandbro|1168
|gen|9
|tier|[Gen 9] VGC 2025 Reg H (Bo3)
|rated|
|rule|Species Clause: Limit one of each Pokémon
|rule|Item Clause: Limit 1 of each item
|clearpoke
|poke|p1|Archaludon, L50, F|
|poke|p1|Pelipper, L50, F|
|poke|p1|Ursaluna, L50, M|
|poke|p1|Sinistcha, L50|
|poke|p1|Gholdengo, L50|
|poke|p1|Dragonite, L50, F|
|poke|p2|Sneasler, L50, F|
|poke|p2|Gholdengo, L50|
|poke|p2|Farigiraf, L50, M|
|poke|p2|Ursaluna-Bloodmoon, L50, M|
|poke|p2|Amoonguss, L50, F|
|poke|p2|Altaria, L50, M|
|teampreview|4
|showteam|p1|Archaludon||AssaultVest|Stamina|FlashCannon,BodyPress,ElectroShot,Snarl|||F|||50|,,,,,Fighting]Pelipper||FocusSash|Drizzle|MuddyWater,Hurricane,Tailwind,Protect|||F|||50|,,,,,Ghost]Ursaluna||FlameOrb|Guts|Facade,HeadlongRush,Earthquake,Protect|||M|||50|,,,,,Ghost]Sinistcha||SitrusBerry|Hospitality|MatchaGotcha,LifeDew,RagePowder,TrickRoom||||||50|,,,,,Dark]Gholdengo||ChoiceScarf|GoodasGold|MakeItRain,ShadowBall,Trick,Protect||||||50|,,,,,Flying]Dragonite||LoadedDice|Multiscale|Protect,Haze,ScaleShot,AerialAce|||F|||50|,,,,,Fairy
|showteam|p2|Sneasler||FocusSash|PoisonTouch|FakeOut,CloseCombat,DireClaw,Protect|||F|||50|,,,,,Dark]Gholdengo||ChoiceSpecs|GoodasGold|MakeItRain,ShadowBall,PowerGem,Trick||||||50|,,,,,Steel]Farigiraf||MentalHerb|ArmorTail|Psychic,Imprison,HelpingHand,TrickRoom|||M|||50|,,,,,Grass]Ursaluna-Bloodmoon||ThroatSpray|MindsEye|HyperVoice,EarthPower,BloodMoon,Protect|||M|||50|,,,,,Normal]Amoonguss||SitrusBerry|Regenerator|SludgeBomb,PollenPuff,Spore,RagePowder|||F|||50|,,,,,Water]Altaria||CovertCloak|CloudNine|BreakingSwipe,HelpingHand,Haze,Tailwind|||M|||50|,,,,,Water
|inactive|Battle timer is ON: inactive players will automatically lose when time's up. (requested by higigig)
|inactive|pipo.uc94 has 60 seconds left.
|inactive|pipo.uc94 has 30 seconds left.
|inactive|pipo.uc94 has 20 seconds left.
|inactive|pipo.uc94 has 15 seconds left.
|
|t:|1756239892
|teamsize|p1|4
|teamsize|p2|4
|start
|switch|p1a: Gholdengo|Gholdengo, L50|100/100
|switch|p1b: Dragonite|Dragonite, L50, F|100/100
|switch|p2a: Altaria|Altaria, L50, M|100/100
|switch|p2b: Ursaluna|Ursaluna-Bloodmoon, L50, M|100/100
|-ability|p2a: Altaria|Cloud Nine
|turn|1
|
|t:|1756239914
|-terastallize|p2a: Altaria|Water
|move|p2b: Ursaluna|Protect|p2b: Ursaluna
|-singleturn|p2b: Ursaluna|Protect
|move|p1a: Gholdengo|Make It Rain|p2a: Altaria|[spread] p2a
|-activate|p2b: Ursaluna|move: Protect
|-resisted|p2a: Altaria
|-damage|p2a: Altaria|76/100
|-unboost|p1a: Gholdengo|spa|1
|move|p2a: Altaria|Tailwind|p2a: Altaria
|-sidestart|p2: higigig|move: Tailwind
|move|p1b: Dragonite|Scale Shot|p2a: Altaria
|-damage|p2a: Altaria|63/100
|-damage|p2a: Altaria|48/100
|-damage|p2a: Altaria|34/100
|-damage|p2a: Altaria|19/100
|-hitcount|p2a: Altaria|4
|-unboost|p1b: Dragonite|def|1
|-boost|p1b: Dragonite|spe|1
|
|upkeep
|turn|2
|inactive|pipo.uc94 has 30 seconds left.
|inactive|higigig has 30 seconds left.
|inactive|pipo.uc94 has 20 seconds left.
|
|t:|1756239950
|switch|p2a: Sneasler|Sneasler, L50, F|100/100
|switch|p1a: Sinistcha|Sinistcha, L50|100/100
|move|p1b: Dragonite|Scale Shot|p2a: Sneasler
|-damage|p2a: Sneasler|79/100
|-damage|p2a: Sneasler|57/100
|-damage|p2a: Sneasler|35/100
|-damage|p2a: Sneasler|13/100
|-damage|p2a: Sneasler|0 fnt
|faint|p2a: Sneasler
|-hitcount|p2: Sneasler|5
|-unboost|p1b: Dragonite|def|1
|-boost|p1b: Dragonite|spe|1
|move|p2b: Ursaluna|Earth Power|p1a: Sinistcha
|-resisted|p1a: Sinistcha
|-damage|p1a: Sinistcha|76/100
|
|upkeep
|
|t:|1756239960
|switch|p2a: Amoonguss|Amoonguss, L50, F|100/100
|turn|3
|inactive|pipo.uc94 has 30 seconds left.
|inactive|pipo.uc94 has 20 seconds left.
|
|t:|1756239998
|move|p1b: Dragonite|Protect|p1b: Dragonite
|-singleturn|p1b: Dragonite|Protect
|move|p2b: Ursaluna|Hyper Voice|p1b: Dragonite|[spread] p1a
|-activate|p1b: Dragonite|move: Protect
|-damage|p1a: Sinistcha|42/100
|-enditem|p1a: Sinistcha|Sitrus Berry|[eat]
|-heal|p1a: Sinistcha|67/100|[from] item: Sitrus Berry
|-enditem|p2b: Ursaluna|Throat Spray
|-boost|p2b: Ursaluna|spa|1|[from] item: Throat Spray
|move|p1a: Sinistcha|Matcha Gotcha|p2b: Ursaluna|[spread] p2a,p2b
|-resisted|p2a: Amoonguss
|-supereffective|p2b: Ursaluna
|-damage|p2a: Amoonguss|96/100
|-heal|p1a: Sinistcha|70/100|[from] drain|[of] p2a: Amoonguss
|-damage|p2b: Ursaluna|37/100
|-heal|p1a: Sinistcha|100/100|[from] drain|[of] p2b: Ursaluna
|-status|p2b: Ursaluna|brn
|move|p2a: Amoonguss|Spore|p1b: Dragonite
|-activate|p1b: Dragonite|move: Protect
|
|-damage|p2b: Ursaluna|31/100 brn|[from] brn
|upkeep
|turn|4
|inactive|pipo.uc94 has 30 seconds left.
|inactive|higigig has 30 seconds left.
|
|t:|1756240035
|switch|p1a: Gholdengo|Gholdengo, L50|100/100
|move|p2b: Ursaluna|Protect|p2b: Ursaluna
|-singleturn|p2b: Ursaluna|Protect
|move|p1b: Dragonite|Aerial Ace|p2a: Amoonguss
|-supereffective|p2a: Amoonguss
|-damage|p2a: Amoonguss|39/100
|-enditem|p2a: Amoonguss|Sitrus Berry|[eat]
|-heal|p2a: Amoonguss|64/100|[from] item: Sitrus Berry
|move|p2a: Amoonguss|Spore|p1b: Dragonite
|-status|p1b: Dragonite|slp|[from] move: Spore
|
|-damage|p2b: Ursaluna|25/100 brn|[from] brn
|-sideend|p2: higigig|move: Tailwind
|upkeep
|turn|5
|
|t:|1756240053
|switch|p2b: Altaria|Altaria, L50, M, tera:Water|19/100
|-ability|p2b: Altaria|Cloud Nine
|cant|p1b: Dragonite|slp
|move|p1a: Gholdengo|Make It Rain|p2a: Amoonguss|[spread] p2a,p2b
|-resisted|p2b: Altaria
|-damage|p2a: Amoonguss|27/100
|-damage|p2b: Altaria|0 fnt
|-unboost|p1a: Gholdengo|spa|1
|faint|p2b: Altaria
|move|p2a: Amoonguss|Sludge Bomb|p1b: Dragonite
|-damage|p1b: Dragonite|89/100 slp
|
|upkeep
|
|t:|1756240066
|switch|p2b: Ursaluna|Ursaluna-Bloodmoon, L50, M|25/100 brn
|turn|6
|
|t:|1756240081
|-curestatus|p1b: Dragonite|slp|[msg]
|move|p1b: Dragonite|Aerial Ace|p2a: Amoonguss
|-supereffective|p2a: Amoonguss
|-damage|p2a: Amoonguss|0 fnt
|faint|p2a: Amoonguss
|move|p1a: Gholdengo|Make It Rain|p2b: Ursaluna
|-damage|p2b: Ursaluna|0 fnt
|-unboost|p1a: Gholdengo|spa|1
|faint|p2b: Ursaluna
|
|win|pipo.uc94
|raw|pipo.uc94's rating: 1227 → 1248(+21 for winning)
|raw|higigig's rating: 1168 → 1147(-21 for losing)
