|j|☆Surwiival
|j|☆ladderingwithcalys
|html|Surwiivalladderingwithcalys    
|uhtml|bestof|Game 1 of a best-of-3
|t:|1756801554
|gametype|doubles
|player|p1|Surwiival|101|1116
|player|p2|ladderingwithcalys|265|1311
|gen|9
|tier|[Gen 9] VGC 2025 Reg H (Bo3)
|rated|
|rule|Species Clause: Limit one of each Pokémon
|rule|Item Clause: Limit 1 of each item
|clearpoke
|poke|p1|Incineroar, L50, M|
|poke|p1|Sneasler, L50, M|
|poke|p1|Kingambit, L50, M|
|poke|p1|Electabuzz, L50, M|
|poke|p1|Baxcalibur, L50, M|
|poke|p1|Primarina, L50, M|
|poke|p2|Archaludon, L50, M|
|poke|p2|Pelipper, L50, M|
|poke|p2|Kingdra, L50, M|
|poke|p2|Toedscruel, L50, F|
|poke|p2|Comfey, L50, M|
|poke|p2|Weezing-Galar, L50, M|
|teampreview|4
|showteam|p1|Incineroar||SitrusBerry|Intimidate|FakeOut,PartingShot,FlareBlitz,KnockOff|||M|||50|,,,,,Grass]Sneasler||FocusSash|Unburden|FakeOut,CloseCombat,DireClaw,Coaching|||M|||50|,,,,,Stellar]Kingambit||SafetyGoggles|Defiant|KowtowCleave,SuckerPunch,SwordsDance,Protect|||M|||50|,,,,,Ghost]Electabuzz||Eviolite|VitalSpirit|VoltSwitch,Taunt,FollowMe,Protect|||M|||50|,,,,,Ghost]Baxcalibur||LoadedDice|ThermalExchange|ScaleShot,IcicleSpear,IceShard,Protect|||M|||50|,,,,,Poison]Primarina||ThroatSpray|LiquidVoice|HyperVoice,Moonblast,Haze,Protect|||M|||50|,,,,,Water
|showteam|p2|Archaludon||AssaultVest|Stamina|ElectroShot,BodyPress,FlashCannon,Snarl|||M|||50|,,,,,Grass]Pelipper||ChoiceScarf|Drizzle|Tailwind,Hurricane,WeatherBall,Uturn|||M|||50|,,,,,Ghost]Kingdra||LifeOrb|SwiftSwim|Protect,WeatherBall,DracoMeteor,Surf|||M|||50|,,,,,Stellar]Toedscruel||CovertCloak|MyceliumMight|Spore,EarthPower,BulletSeed,RagePowder|||F|||50|,,,,,Water]Comfey||SafetyGoggles|Triage|DrainingKiss,FloralHealing,LightScreen,Protect|||M|||50|,,,,,Steel]Weezing-Galar||ChoiceSpecs|NeutralizingGas|AromaticMist,SludgeBomb,ClearSmog,DazzlingGleam|||M|||50|,,,,,Ghost
|inactive|Battle timer is ON: inactive players will automatically lose when time's up. (requested by ladderingwithcalys)
|inactive|Surwiival has 60 seconds left.
|
|t:|1756801649
|teamsize|p1|4
|teamsize|p2|4
|start
|switch|p1a: Baxcalibur|Baxcalibur, L50, M|100/100
|switch|p1b: Sneasler|Sneasler, L50, M|100/100
|switch|p2a: Pelipper|Pelipper, L50, M|100/100
|switch|p2b: Kingdra|Kingdra, L50, M, shiny|100/100
|-weather|RainDance|[from] ability: Drizzle|[of] p2a: Pelipper
|turn|1
|inactive|Surwiival has 30 seconds left.
|inactive|Surwiival has 20 seconds left.
|
|t:|1756801688
|switch|p2a: Archaludon|Archaludon, L50, M|100/100
|move|p2b: Kingdra|Protect|p2b: Kingdra
|-singleturn|p2b: Kingdra|Protect
|move|p1b: Sneasler|Fake Out|p2b: Kingdra
|-activate|p2b: Kingdra|move: Protect
|move|p1a: Baxcalibur|Icicle Spear|p2a: Archaludon
|-damage|p2a: Archaludon|88/100
|-ability|p2a: Archaludon|Stamina|boost
|-boost|p2a: Archaludon|def|1
|-damage|p2a: Archaludon|80/100
|-ability|p2a: Archaludon|Stamina|boost
|-boost|p2a: Archaludon|def|1
|-damage|p2a: Archaludon|74/100
|-ability|p2a: Archaludon|Stamina|boost
|-boost|p2a: Archaludon|def|1
|-damage|p2a: Archaludon|69/100
|-ability|p2a: Archaludon|Stamina|boost
|-boost|p2a: Archaludon|def|1
|-hitcount|p2a: Archaludon|4
|
|-weather|RainDance|[upkeep]
|upkeep
|turn|2
|inactive|Surwiival has 30 seconds left.
|inactive|Surwiival has 20 seconds left.
|inactive|Surwiival has 15 seconds left.
|inactive|Surwiival has 10 seconds left.
|
|t:|1756801734
|switch|p2b: Comfey|Comfey, L50, M|100/100
|-terastallize|p1b: Sneasler|Stellar
|move|p1a: Baxcalibur|Protect|p1a: Baxcalibur
|-singleturn|p1a: Baxcalibur|Protect
|move|p1b: Sneasler|Close Combat|p2a: Archaludon
|-supereffective|p2a: Archaludon
|-damage|p2a: Archaludon|26/100
|-unboost|p1b: Sneasler|def|1
|-unboost|p1b: Sneasler|spd|1
|-ability|p2a: Archaludon|Stamina|boost
|-boost|p2a: Archaludon|def|1
|move|p2a: Archaludon|Electro Shot||[still]
|-prepare|p2a: Archaludon|Electro Shot
|-boost|p2a: Archaludon|spa|1
|-anim|p2a: Archaludon|Electro Shot|p1b: Sneasler
|-enditem|p1b: Sneasler|Focus Sash
|-damage|p1b: Sneasler|1/100
|
|-weather|RainDance|[upkeep]
|upkeep
|turn|3
|inactive|Surwiival has 30 seconds left.
|inactive|Surwiival has 20 seconds left.
|inactive|Surwiival has 15 seconds left.
|inactive|Surwiival has 10 seconds left.
|
|t:|1756801782
|switch|p1a: Electabuzz|Electabuzz, L50, M|100/100
|move|p2b: Comfey|Floral Healing|p2a: Archaludon
|-heal|p2a: Archaludon|76/100
|move|p1b: Sneasler|Dire Claw|p2b: Comfey
|-supereffective|p2b: Comfey
|-damage|p2b: Comfey|0 fnt
|faint|p2b: Comfey
|move|p2a: Archaludon|Snarl|p1a: Electabuzz|[spread] p1a,p1b
|-resisted|p1b: Sneasler
|-damage|p1a: Electabuzz|89/100
|-damage|p1b: Sneasler|0 fnt
|-unboost|p1a: Electabuzz|spa|1
|faint|p1b: Sneasler
|
|-weather|RainDance|[upkeep]
|upkeep
|inactive|Surwiival has 30 seconds left.
|
|t:|1756801809
|switch|p1b: Baxcalibur|Baxcalibur, L50, M|100/100
|switch|p2b: Kingdra|Kingdra, L50, M, shiny|100/100
|turn|4
|
|t:|1756801825
|move|p1a: Electabuzz|Follow Me|p1a: Electabuzz
|-singleturn|p1a: Electabuzz|move: Follow Me
|move|p2b: Kingdra|Weather Ball|p1a: Electabuzz
|-damage|p1a: Electabuzz|30/100
|-damage|p2b: Kingdra|91/100|[from] item: Life Orb
|move|p1b: Baxcalibur|Scale Shot|p2b: Kingdra
|-supereffective|p2b: Kingdra
|-damage|p2b: Kingdra|56/100
|-supereffective|p2b: Kingdra
|-damage|p2b: Kingdra|20/100
|-supereffective|p2b: Kingdra
|-damage|p2b: Kingdra|0 fnt
|faint|p2b: Kingdra
|-hitcount|p2: Kingdra|3
|-unboost|p1b: Baxcalibur|def|1
|-boost|p1b: Baxcalibur|spe|1
|move|p2a: Archaludon|Flash Cannon|p1a: Electabuzz
|-resisted|p1a: Electabuzz
|-damage|p1a: Electabuzz|10/100
|-unboost|p1a: Electabuzz|spd|1
|
|-weather|RainDance|[upkeep]
|upkeep
|
|t:|1756801830
|switch|p2b: Pelipper|Pelipper, L50, M|100/100
|turn|5
|
|t:|1756801853
|move|p1b: Baxcalibur|Protect|p1b: Baxcalibur
|-singleturn|p1b: Baxcalibur|Protect
|move|p1a: Electabuzz|Protect|p1a: Electabuzz
|-singleturn|p1a: Electabuzz|Protect
|move|p2b: Pelipper|Hurricane|p1a: Electabuzz
|-activate|p1a: Electabuzz|move: Protect
|move|p2a: Archaludon|Flash Cannon|p1b: Baxcalibur
|-activate|p1b: Baxcalibur|move: Protect
|
|-weather|none
|upkeep
|turn|6
|inactive|Surwiival has 30 seconds left.
|inactive|Surwiival has 20 seconds left.
|inactive|Surwiival has 15 seconds left.
|
|t:|1756801896
|switch|p1a: Kingambit|Kingambit, L50, M|100/100
|move|p1b: Baxcalibur|Icicle Spear|p2b: Pelipper
|-damage|p2b: Pelipper|80/100
|-damage|p2b: Pelipper|58/100
|-damage|p2b: Pelipper|38/100
|-damage|p2b: Pelipper|16/100
|-damage|p2b: Pelipper|0 fnt
|faint|p2b: Pelipper
|-hitcount|p2: Pelipper|5
|move|p2a: Archaludon|Flash Cannon|p1b: Baxcalibur
|-supereffective|p1b: Baxcalibur
|-damage|p1b: Baxcalibur|4/100
|-unboost|p1b: Baxcalibur|spd|1
|
|upkeep
|turn|7
|inactive|Surwiival has 30 seconds left.
|inactive|ladderingwithcalys has 30 seconds left.
|inactive|ladderingwithcalys has 20 seconds left.
|inactive|ladderingwithcalys has 15 seconds left.
|
|t:|1756801938
|move|p1a: Kingambit|Protect|p1a: Kingambit
|-singleturn|p1a: Kingambit|Protect
|move|p1b: Baxcalibur|Icicle Spear|p2a: Archaludon
|-damage|p2a: Archaludon|72/100
|-ability|p2a: Archaludon|Stamina|boost
|-boost|p2a: Archaludon|def|1
|-damage|p2a: Archaludon|69/100
|-damage|p2a: Archaludon|66/100
|-damage|p2a: Archaludon|63/100
|-hitcount|p2a: Archaludon|4
|move|p2a: Archaludon|Body Press|p1b: Baxcalibur
|-supereffective|p1b: Baxcalibur
|-crit|p1b: Baxcalibur
|-damage|p1b: Baxcalibur|0 fnt
|faint|p1b: Baxcalibur
|
|upkeep
|
|t:|1756801953
|switch|p1b: Electabuzz|Electabuzz, L50, M|10/100
|turn|8
|
|t:|1756801964
|move|p1b: Electabuzz|Follow Me|p1b: Electabuzz
|-singleturn|p1b: Electabuzz|move: Follow Me
|move|p2a: Archaludon|Body Press|p1b: Electabuzz
|-damage|p1b: Electabuzz|0 fnt
|faint|p1b: Electabuzz
|move|p1a: Kingambit|Kowtow Cleave|p2a: Archaludon
|-damage|p2a: Archaludon|54/100
|
|upkeep
|turn|9
|inactive|ladderingwithcalys has 30 seconds left.
|
|t:|1756801994
|move|p2a: Archaludon|Body Press|p1a: Kingambit
|-supereffective|p1a: Kingambit
|-damage|p1a: Kingambit|0 fnt
|faint|p1a: Kingambit
|
|win|ladderingwithcalys
||ladderingwithcalys is ready for game 2.
