|j|☆yenjang
|j|☆Cjpremo
|html|yenjangCjpremo    
|uhtml|bestof|Game 1 of a best-of-3
|t:|1786177408
|gametype|doubles
|player|p1|yenjang|cynthia-gen4|1109
|player|p2|Cjpremo|265|1037
|gen|9
|tier|[Gen 9 Champions] VGC 2026 Reg M-B (Bo3)
|rated|
|rule|Species Clause: Limit one of each Pokémon
|rule|Item Clause: Limit 1 of each item
|clearpoke
|poke|p1|Raichu, L50, M, shiny|
|poke|p1|Sylveon, L50, F, shiny|
|poke|p1|Arcanine-Hisui, L50, M, shiny|
|poke|p1|Kingambit, L50, M, shiny|
|poke|p1|Farigiraf, L50, F, shiny|
|poke|p1|Staraptor, L50, M, shiny|
|poke|p2|Whimsicott, L50, M|
|poke|p2|Staraptor, L50, F|
|poke|p2|Garchomp, L50, F|
|poke|p2|Gholdengo, L50|
|poke|p2|Palafin, L50, F|
|poke|p2|Typhlosion-Hisui, L50, M|
|teampreview|4
|showteam|p1|Raichu||RaichuniteY|LightningRod|ZapCannon,FocusBlast,Protect,FakeOut|Timid||M|||50|]Sylveon||FairyFeather|Pixilate|HyperVoice,HyperBeam,Detect,QuickAttack|Modest||F|||50|]Arcanine-Hisui||FocusSash|RockHead|HeadSmash,FlareBlitz,Protect,ExtremeSpeed|Jolly||M|||50|]Kingambit||LifeOrb|Defiant|SuckerPunch,KowtowCleave,LowKick,Protect|Adamant||M|||50|]Farigiraf||SitrusBerry|ArmorTail|Thunderbolt,Psychic,HelpingHand,TrickRoom|Calm||F|||50|]Staraptor||Staraptite|Intimidate|CloseCombat,DualWingbeat,Protect,Tailwind|Jolly||M|||50|
|showteam|p2|Whimsicott||FocusSash|Prankster|Tickle,Tailwind,Moonblast,FakeTears|Timid||M|||50|]Staraptor||Staraptite|Intimidate|BraveBird,CloseCombat,Roost,Protect|Jolly||F|||50|]Garchomp||RoseliBerry|RoughSkin|DragonClaw,StompingTantrum,RockTomb,PoisonJab|Jolly||F|||50|]Gholdengo||LifeOrb|GoodasGold|MakeItRain,ShadowBall,PowerGem,Protect|Modest|||||50|]Palafin||MysticWater|ZerotoHero|FlipTurn,WaveCrash,Protect,JetPunch|Adamant||F|||50|]Typhlosion-Hisui||ChoiceScarf|Frisk|Eruption,HeatWave,BurnUp,ShadowBall|Modest||M|||50|
|inactive|Battle timer is ON: inactive players will automatically lose when time's up. (requested by Cjpremo)
|inactive|yenjang has 60 seconds left.
|inactive|Cjpremo has 60 seconds left.
|
|t:|1786177456
|teamsize|p1|4
|teamsize|p2|4
|start
|switch|p1a: Sylveon|Sylveon, L50, F, shiny|100/100
|switch|p1b: Farigiraf|Farigiraf, L50, F, shiny|100/100
|switch|p2a: Staraptor|Staraptor, L50, F|100/100
|switch|p2b: Palafin|Palafin, L50, F|100/100
|-ability|p2a: Staraptor|Intimidate|boost
|-unboost|p1a: Sylveon|atk|1
|-unboost|p1b: Farigiraf|atk|1
|turn|1
|
|t:|1786177474
|move|p2a: Staraptor|Protect|p2a: Staraptor
|-singleturn|p2a: Staraptor|Protect
|move|p2b: Palafin|Flip Turn|p1a: Sylveon
|-damage|p1a: Sylveon|70/100
|
|t:|1786177482
|detailschange|p2b: Palafin|Palafin-Hero, L50, F
|switch|p2b: Garchomp|Garchomp, L50, F|100/100|[from] Flip Turn
|move|p1a: Sylveon|Hyper Voice|p2b: Garchomp|[spread] p2b
|-activate|p2a: Staraptor|move: Protect
|-supereffective|p2b: Garchomp|1
|-enditem|p2b: Garchomp|Roseli Berry|[eat]
|-enditem|p2b: Garchomp|Roseli Berry|[weaken]
|-damage|p2b: Garchomp|45/100
|move|p1b: Farigiraf|Trick Room|p1b: Farigiraf
|-fieldstart|move: Trick Room|[of] p1b: Farigiraf
|
|upkeep
|turn|2
|
|t:|1786177507
|switch|p2a: Typhlosion|Typhlosion-Hisui, L50, M|100/100
|-item|p1a: Sylveon|Fairy Feather|[from] ability: Frisk|[of] p2a: Typhlosion
|-item|p1b: Farigiraf|Sitrus Berry|[from] ability: Frisk|[of] p2a: Typhlosion
|move|p1b: Farigiraf|Helping Hand|p1a: Sylveon
|-singleturn|p1a: Sylveon|Helping Hand|[of] p1b: Farigiraf
|move|p1a: Sylveon|Hyper Voice|p2a: Typhlosion|[spread] p2a,p2b
|-resisted|p2a: Typhlosion|1
|-supereffective|p2b: Garchomp|1
|-damage|p2a: Typhlosion|51/100
|-damage|p2b: Garchomp|0 fnt
|faint|p2b: Garchomp
|
|upkeep
|
|t:|1786177524
|switch|p2b: Palafin|Palafin-Hero, L50, F|100/100
|-activate|p2b: Palafin|ability: Zero to Hero
|turn|3
|
|t:|1786177548
|move|p1b: Farigiraf|Helping Hand|p1a: Sylveon
|-singleturn|p1a: Sylveon|Helping Hand|[of] p1b: Farigiraf
|move|p1a: Sylveon|Hyper Voice|p2a: Typhlosion|[spread] p2a,p2b
|-resisted|p2a: Typhlosion|1
|-damage|p2a: Typhlosion|3/100
|-damage|p2b: Palafin|28/100
|move|p2b: Palafin|Wave Crash|p1a: Sylveon
|-damage|p1a: Sylveon|0 fnt
|faint|p1a: Sylveon
|-damage|p2b: Palafin|8/100|[from] Recoil
|move|p2a: Typhlosion|Heat Wave|p1b: Farigiraf
|-crit|p1b: Farigiraf
|-damage|p1b: Farigiraf|43/100
|-enditem|p1b: Farigiraf|Sitrus Berry|[eat]
|-heal|p1b: Farigiraf|68/100|[from] item: Sitrus Berry
|
|upkeep
|
|t:|1786177564
|switch|p1a: Kingambit|Kingambit, L50, M, shiny|100/100
|turn|4
|
|t:|1786177574
|move|p1a: Kingambit|Kowtow Cleave|p2a: Typhlosion
|-supereffective|p2a: Typhlosion|1
|-damage|p2a: Typhlosion|0 fnt
|faint|p2a: Typhlosion
|-damage|p1a: Kingambit|90/100|[from] item: Life Orb
|move|p1b: Farigiraf|Thunderbolt|p2b: Palafin
|-supereffective|p2b: Palafin|1
|-damage|p2b: Palafin|0 fnt
|faint|p2b: Palafin
|
|upkeep
|
|t:|1786177583
|switch|p2b: Staraptor|Staraptor, L50, F|100/100
|-ability|p2b: Staraptor|Intimidate|boost
|-unboost|p1a: Kingambit|atk|1
|-ability|p1a: Kingambit|Defiant|boost
|-boost|p1a: Kingambit|atk|2
|-unboost|p1b: Farigiraf|atk|1
|turn|5
|
|t:|1786177598
|detailschange|p2b: Staraptor|Staraptor-Mega, L50, F
|-mega|p2b: Staraptor|Staraptor|Staraptite
|move|p1a: Kingambit|Kowtow Cleave|p2b: Staraptor
|-resisted|p2b: Staraptor|1
|-damage|p2b: Staraptor|56/100
|-damage|p1a: Kingambit|80/100|[from] item: Life Orb
|move|p1b: Farigiraf|Psychic|p2b: Staraptor
|-supereffective|p2b: Staraptor|1
|-crit|p2b: Staraptor
|-damage|p2b: Staraptor|0 fnt
|faint|p2b: Staraptor
|
|win|yenjang
|l|☆Cjpremo
|player|p2|
|inactive|yenjang has 30 seconds to confirm battle start!
|inactive|Cjpremo has 30 seconds to confirm battle start!
