|j|â˜†lobitooooo
|j|â˜†ClumbsyLilBeach
|html|lobitoooooClumbsyLilBeach    
|uhtml|bestof|Game 1 of a best-of-3
|t:|1785983196
|gametype|doubles
|player|p1|lobitooooo|linebacker|1218
|player|p2|ClumbsyLilBeach|jasmine|1277
|gen|9
|tier|[Gen 9 Champions] VGC 2026 Reg M-B (Bo3)
|rated|
|rule|Species Clause: Limit one of each PokÃ©mon
|rule|Item Clause: Limit 1 of each item
|clearpoke
|poke|p1|Garchomp, L50, F|
|poke|p1|Tyranitar, L50, F|
|poke|p1|Corviknight, L50, F|
|poke|p1|Scizor, L50, M|
|poke|p1|Basculegion, L50, M|
|poke|p1|Sneasler, L50, F|
|poke|p2|Charizard, L50, M|
|poke|p2|Pelipper, L50, M|
|poke|p2|Gliscor, L50, M, shiny|
|poke|p2|Talonflame, L50, M|
|poke|p2|Corviknight, L50, F|
|poke|p2|Staraptor, L50, M|
|teampreview|4
|showteam|p1|Garchomp||Garchompite|RoughSkin|EarthPower,Protect,DracoMeteor,PowerGem|Modest||F|||50|]Tyranitar||ChoiceScarf|SandStream|Superpower,IcePunch,RockSlide,KnockOff|Jolly||F|||50|]Corviknight||Leftovers|MirrorArmor|Protect,IronHead,Tailwind,BraveBird|Impish||F|||50|]Scizor||LifeOrb|Technician|Protect,SwordsDance,BugBite,BulletPunch|Adamant||M|||50|]Basculegion||SitrusBerry|Adaptability|AquaJet,Protect,LastRespects,WaveCrash|Jolly||M|||50|]Sneasler||FocusSash|PoisonTouch|PoisonJab,FakeOut,CloseCombat,Protect|Jolly||F|||50|
|showteam|p2|Charizard||CharizarditeY|Blaze|Protect,WeatherBall,HeatWave,SolarBeam|Modest||M|||50|]Pelipper||SitrusBerry|Drizzle|WideGuard,Hurricane,Tailwind,WeatherBall|Modest||M|||50|]Gliscor||ChoiceScarf|HyperCutter|Earthquake,RockSlide,Uturn,IceFang|Jolly||M|||50|]Talonflame||FocusSash|GaleWings|AirSlash,Tailwind,QuickGuard,FeatherDance|Timid||M|||50|]Corviknight||Leftovers|MirrorArmor|Taunt,IronHead,BulkUp,Protect|Adamant||F|||50|]Staraptor||Staraptite|Intimidate|CloseCombat,Roost,BraveBird,Protect|Jolly||M|||50|
|inactive|Battle timer is ON: inactive players will automatically lose when time's up. (requested by ClumbsyLilBeach)
|inactive|lobitooooo has 60 seconds left.
|
|t:|1785983230
|teamsize|p1|4
|teamsize|p2|4
|start
|switch|p1a: Sneasler|Sneasler, L50, F|100/100
|switch|p1b: Basculegion|Basculegion, L50, M|100/100
|switch|p2a: Talonflame|Talonflame, L50, M|100/100
|switch|p2b: Staraptor|Staraptor, L50, M|100/100
|-ability|p2b: Staraptor|Intimidate|boost
|-unboost|p1a: Sneasler|atk|1
|-unboost|p1b: Basculegion|atk|1
|turn|1
|inactive|lobitooooo has 30 seconds left.
|inactive|lobitooooo has 20 seconds left.
|
|t:|1785983269
|detailschange|p2b: Staraptor|Staraptor-Mega, L50, M
|-mega|p2b: Staraptor|Staraptor|Staraptite
|move|p2a: Talonflame|Quick Guard|p2a: Talonflame
|-singleturn|p2a: Talonflame|Quick Guard
|move|p1a: Sneasler|Poison Jab|p2b: Staraptor
|-damage|p2b: Staraptor|74/100
|-status|p2b: Staraptor|psn
|move|p2b: Staraptor|Close Combat|p1a: Sneasler
|-resisted|p1a: Sneasler|1
|-damage|p1a: Sneasler|56/100
|-boost|p2b: Staraptor|def|1
|-boost|p2b: Staraptor|spd|1
|move|p1b: Basculegion|Wave Crash|p2b: Staraptor
|-damage|p2b: Staraptor|40/100 psn
|-damage|p1b: Basculegion|89/100|[from] Recoil
|
|-damage|p2b: Staraptor|28/100 psn|[from] psn
|upkeep
|turn|2
|
|t:|1785983292
|switch|p1a: Garchomp|Garchomp, L50, F|100/100
|move|p2a: Talonflame|Air Slash|p1a: Garchomp
|-damage|p1a: Garchomp|70/100
|move|p2b: Staraptor|Roost|p2b: Staraptor
|-heal|p2b: Staraptor|78/100 psn
|-singleturn|p2b: Staraptor|move: Roost
|move|p1b: Basculegion|Wave Crash|p2b: Staraptor
|-damage|p2b: Staraptor|47/100 psn
|-damage|p1b: Basculegion|80/100|[from] Recoil
|
|-damage|p2b: Staraptor|34/100 psn|[from] psn
|upkeep
|turn|3
|
|t:|1785983316
|detailschange|p1a: Garchomp|Garchomp-Mega, L50, F
|-mega|p1a: Garchomp|Garchomp|Garchompite
|move|p2a: Talonflame|Feather Dance|p1b: Basculegion
|-unboost|p1b: Basculegion|atk|2
|move|p1b: Basculegion|Aqua Jet|p2a: Talonflame
|-supereffective|p2a: Talonflame|1
|-damage|p2a: Talonflame|66/100
|move|p2b: Staraptor|Roost|p2b: Staraptor
|-heal|p2b: Staraptor|84/100 psn
|-singleturn|p2b: Staraptor|move: Roost
|move|p1a: Garchomp|Power Gem|p2b: Staraptor
|-resisted|p2b: Staraptor|1
|-damage|p2b: Staraptor|76/100 psn
|
|-damage|p2b: Staraptor|63/100 psn|[from] psn
|upkeep
|turn|4
|
|t:|1785983341
|switch|p1b: Sneasler|Sneasler, L50, F|56/100
|move|p2a: Talonflame|Feather Dance|p2b: Staraptor
|-boost|p2b: Staraptor|atk|2
|move|p2b: Staraptor|Close Combat|p1a: Garchomp
|-damage|p1a: Garchomp|0 fnt
|-boost|p2b: Staraptor|def|1
|-boost|p2b: Staraptor|spd|1
|faint|p1a: Garchomp
|
|-damage|p2b: Staraptor|51/100 psn|[from] psn
|upkeep
|
|t:|1785983355
|switch|p1a: Tyranitar|Tyranitar, L50, F|100/100
|-weather|Sandstorm|[from] ability: Sand Stream|[of] p1a: Tyranitar
|turn|5
|
|t:|1785983372
|move|p2b: Staraptor|Protect|p2b: Staraptor
|-singleturn|p2b: Staraptor|Protect
|move|p1b: Sneasler|Fake Out|p2b: Staraptor
|-activate|p2b: Staraptor|move: Protect
|move|p2a: Talonflame|Tailwind|p2a: Talonflame
|-sidestart|p2: ClumbsyLilBeach|move: Tailwind
|move|p1a: Tyranitar|Rock Slide|p2a: Talonflame|[spread] p2a
|-activate|p2b: Staraptor|move: Protect
|-supereffective|p2a: Talonflame|2
|-damage|p2a: Talonflame|0 fnt
|faint|p2a: Talonflame
|
|-weather|Sandstorm|[upkeep]
|-damage|p2b: Staraptor|45/100 psn|[from] Sandstorm
|-damage|p1b: Sneasler|50/100g|[from] Sandstorm
|-damage|p2b: Staraptor|32/100 psn|[from] psn
|upkeep
|
|t:|1785983390
|switch|p2a: Gliscor|Gliscor, L50, M, shiny|100/100
|turn|6
|
|t:|1785983396
|switch|p1a: Basculegion|Basculegion, L50, M|80/100
|move|p1b: Sneasler|Protect|p1b: Sneasler
|-singleturn|p1b: Sneasler|Protect
|move|p2a: Gliscor|Earthquake|p1b: Sneasler|[spread] p1a
|-activate|p1b: Sneasler|move: Protect
|-immune|p2b: Staraptor
|-damage|p1a: Basculegion|44/100
|-enditem|p1a: Basculegion|Sitrus Berry|[eat]
|-heal|p1a: Basculegion|69/100|[from] item: Sitrus Berry
|move|p2b: Staraptor|Close Combat|p1a: Basculegion
|-immune|p1a: Basculegion
|
|-weather|Sandstorm|[upkeep]
|-damage|p2b: Staraptor|27/100 psn|[from] Sandstorm
|-damage|p1b: Sneasler|44/100|[from] Sandstorm
|-damage|p1a: Basculegion|63/100|[from] Sandstorm
|-damage|p2b: Staraptor|14/100 psn|[from] psn
|upkeep
|turn|7
|inactive|lobitooooo has 30 seconds left.
|inactive|lobitooooo has 20 seconds left.
|inactive|lobitooooo has 15 seconds left.
|
|t:|1785983437
|move|p1b: Sneasler|Protect|p1b: Sneasler
|-singleturn|p1b: Sneasler|Protect
|move|p1a: Basculegion|Aqua Jet|p2b: Staraptor
|-damage|p2b: Staraptor|1/100 psn
|move|p2a: Gliscor|Earthquake|p1a: Basculegion|[spread] p1a
|-activate|p1b: Sneasler|move: Protect
|-immune|p2b: Staraptor
|-damage|p1a: Basculegion|24/100
|move|p2b: Staraptor|Roost|p2b: Staraptor
|-heal|p2b: Staraptor|51/100 psn
|-singleturn|p2b: Staraptor|move: Roost
|
|-weather|Sandstorm|[upkeep]
|-damage|p2b: Staraptor|45/100 psn|[from] Sandstorm
|-damage|p1b: Sneasler|38/100|[from] Sandstorm
|-damage|p1a: Basculegion|18/100|[from] Sandstorm
|-damage|p2b: Staraptor|33/100 psn|[from] psn
|upkeep
|turn|8
|
|t:|1785983459
|move|p1a: Basculegion|Protect|p1a: Basculegion
|-singleturn|p1a: Basculegion|Protect
|move|p2a: Gliscor|Earthquake|p1a: Basculegion|[spread] p1b
|-activate|p1a: Basculegion|move: Protect
|-immune|p2b: Staraptor
|-supereffective|p1b: Sneasler|1
|-damage|p1b: Sneasler|0 fnt
|faint|p1b: Sneasler
|move|p2b: Staraptor|Roost|p2b: Staraptor
|-heal|p2b: Staraptor|83/100 psn
|-singleturn|p2b: Staraptor|move: Roost
|
|-weather|Sandstorm|[upkeep]
|-damage|p2b: Staraptor|77/100 psn|[from] Sandstorm
|-damage|p1a: Basculegion|12/100|[from] Sandstorm
|-damage|p2b: Staraptor|65/100 psn|[from] psn
|-sideend|p2: ClumbsyLilBeach|move: Tailwind
|upkeep
|
|t:|1785983476
|switch|p1b: Tyranitar|Tyranitar, L50, F|100/100
|turn|9
|
|t:|1785983485
|move|p2a: Gliscor|Earthquake|p1b: Tyranitar|[spread] p1a,p1b
|-immune|p2b: Staraptor
|-supereffective|p1b: Tyranitar|1
|-damage|p1a: Basculegion|0 fnt
|-damage|p1b: Tyranitar|34/100
|faint|p1a: Basculegion
|move|p1b: Tyranitar|Ice Punch|p2a: Gliscor
|-supereffective|p2a: Gliscor|2
|-damage|p2a: Gliscor|0 fnt
|faint|p2a: Gliscor
|move|p2b: Staraptor|Close Combat|p1b: Tyranitar
|-supereffective|p1b: Tyranitar|2
|-damage|p1b: Tyranitar|0 fnt
|-boost|p2b: Staraptor|def|1
|-boost|p2b: Staraptor|spd|1
|faint|p1b: Tyranitar
|
|win|ClumbsyLilBeach
|inactive|lobitooooo has 30 seconds to confirm battle start!
|inactive|ClumbsyLilBeach has 30 seconds to confirm battle start!
||lobitooooo is ready for game 2.
||ClumbsyLilBeach is ready for game 2.
|uhtml|next|Next: Game 2 of 3
|l|â˜†lobitooooo
|player|p1|
