|j|☆Chandeliere
|j|☆TrevenantHugger
|html|ChandeliereTrevenantHugger    
|uhtml|bestof|Game 2 of a best-of-3
|t:|1756719038
|gametype|doubles
|player|p1|Chandeliere|ethan|1230
|player|p2|TrevenantHugger|swimmer-gen4dp|1077
|gen|9
|tier|[Gen 9] VGC 2025 Reg H (Bo3)
|rated|
|rule|Species Clause: Limit one of each Pokémon
|rule|Item Clause: Limit 1 of each item
|clearpoke
|poke|p1|Ninetales-Alola, L50, F|
|poke|p1|Gholdengo, L50|
|poke|p1|Garchomp, L50, F|
|poke|p1|Incineroar, L50, F|
|poke|p1|Sneasler, L50, F|
|poke|p1|Corviknight, L50, F|
|poke|p2|Primarina, L50, M|
|poke|p2|Electabuzz, L50, F|
|poke|p2|Incineroar, L50, M|
|poke|p2|Ursaluna, L50, M|
|poke|p2|Rillaboom, L50, M|
|poke|p2|Ceruledge, L50, M|
|teampreview|4
|showteam|p1|Ninetales-Alola||LightClay|SnowWarning|AuroraVeil,Blizzard,FreezeDry,Protect|||F|||50|,,,,,Ghost]Gholdengo||LifeOrb|GoodasGold|MakeItRain,ShadowBall,NastyPlot,Protect||||||50|,,,,,Water]Garchomp||ClearAmulet|RoughSkin|Earthquake,StompingTantrum,DragonClaw,Protect|||F|||50|,,,,,Ground]Incineroar||AssaultVest|Intimidate|FakeOut,KnockOff,FlareBlitz,PartingShot|||F|||50|,,,,,Grass]Sneasler||WhiteHerb|Unburden|Coaching,CloseCombat,DireClaw,Protect|||F|||50|,,,,,Ghost]Corviknight||SitrusBerry|MirrorArmor|BodyPress,BraveBird,Tailwind,Protect|||F|||50|,,,,,Fire
|showteam|p2|Primarina||Leftovers|LiquidVoice|Protect,HyperVoice,Moonblast,CalmMind|||M|||50|,,,,,Poison]Electabuzz||Eviolite|VitalSpirit|VoltSwitch,Taunt,Electroweb,FollowMe|||F|||50|,,,,,Ghost]Incineroar||SitrusBerry|Intimidate|FakeOut,PartingShot,FlareBlitz,KnockOff|||M|||50|,,,,,Grass]Ursaluna||FlameOrb|Guts|Protect,Facade,HeadlongRush,Earthquake|||M|||50|,,,,,Dark]Rillaboom||AssaultVest|GrassySurge|GrassyGlide,FakeOut,DrumBeating,Uturn|||M|||50|,,,,,Fire]Ceruledge||ClearAmulet|FlashFire|BitterBlade,Protect,ShadowSneak,BulkUp|||M|||50|,,,,,Grass
|inactive|Battle timer is ON: inactive players will automatically lose when time's up. (requested by TrevenantHugger)
|
|t:|1756719067
|teamsize|p1|4
|teamsize|p2|4
|start
|switch|p1a: Ninetales|Ninetales-Alola, L50, F|100/100
|switch|p1b: Gholdengo|Gholdengo, L50|100/100
|switch|p2a: Incineroar|Incineroar, L50, M|100/100
|switch|p2b: Electabuzz|Electabuzz, L50, F|100/100
|-weather|Snowscape|[from] ability: Snow Warning|[of] p1a: Ninetales
|-ability|p2a: Incineroar|Intimidate|boost
|-unboost|p1a: Ninetales|atk|1
|-unboost|p1b: Gholdengo|atk|1
|turn|1
|
|t:|1756719088
|switch|p1b: Garchomp|Garchomp, L50, F|100/100
|move|p2b: Electabuzz|Taunt|p1a: Ninetales
|-start|p1a: Ninetales|move: Taunt
|cant|p1a: Ninetales|move: Taunt|Aurora Veil
|move|p2a: Incineroar|Knock Off|p1b: Garchomp
|-damage|p1b: Garchomp|62/100
|-damage|p2a: Incineroar|88/100|[from] ability: Rough Skin|[of] p1b: Garchomp
|-enditem|p1b: Garchomp|Clear Amulet|[from] move: Knock Off|[of] p2a: Incineroar
|
|-weather|Snowscape|[upkeep]
|upkeep
|turn|2
|inactive|Chandeliere has 30 seconds left.
|inactive|TrevenantHugger has 30 seconds left.
|
|t:|1756719120
|switch|p2a: Rillaboom|Rillaboom, L50, M|100/100
|-fieldstart|move: Grassy Terrain|[from] ability: Grassy Surge|[of] p2a: Rillaboom
|-terastallize|p1b: Garchomp|Ground
|move|p2b: Electabuzz|Volt Switch|p1a: Ninetales
|-damage|p1a: Ninetales|75/100
|
|t:|1756719127
|switch|p2b: Incineroar|Incineroar, L50, M|88/100|[from] Volt Switch
|-ability|p2b: Incineroar|Intimidate|boost
|-unboost|p1a: Ninetales|atk|1
|-unboost|p1b: Garchomp|atk|1
|move|p1a: Ninetales|Blizzard|p2a: Rillaboom|[spread] p2a,p2b
|-supereffective|p2a: Rillaboom
|-resisted|p2b: Incineroar
|-damage|p2a: Rillaboom|68/100
|-damage|p2b: Incineroar|77/100
|-status|p2b: Incineroar|frz
|move|p1b: Garchomp|Stomping Tantrum|p2b: Incineroar
|-supereffective|p2b: Incineroar
|-damage|p2b: Incineroar|17/100 frz
|-enditem|p2b: Incineroar|Sitrus Berry|[eat]
|-heal|p2b: Incineroar|42/100 frz|[from] item: Sitrus Berry
|
|-weather|Snowscape|[upkeep]
|-heal|p1a: Ninetales|81/100|[from] Grassy Terrain
|-heal|p1b: Garchomp|68/100|[from] Grassy Terrain
|-heal|p2a: Rillaboom|74/100|[from] Grassy Terrain
|-heal|p2b: Incineroar|48/100 frz|[from] Grassy Terrain
|upkeep
|turn|3
|
|t:|1756719148
|switch|p1a: Sneasler|Sneasler, L50, F|100/100
|switch|p1b: Gholdengo|Gholdengo, L50|100/100
|move|p2a: Rillaboom|Grassy Glide|p1b: Gholdengo
|-resisted|p1b: Gholdengo
|-damage|p1b: Gholdengo|81/100
|-curestatus|p2b: Incineroar|frz|[from] move: Flare Blitz
|move|p2b: Incineroar|Flare Blitz|p1a: Sneasler
|-damage|p1a: Sneasler|35/100
|-damage|p2b: Incineroar|30/100|[from] Recoil
|
|-weather|Snowscape|[upkeep]
|-heal|p1a: Sneasler|41/100|[from] Grassy Terrain
|-heal|p1b: Gholdengo|87/100|[from] Grassy Terrain
|-heal|p2a: Rillaboom|80/100|[from] Grassy Terrain
|-heal|p2b: Incineroar|36/100|[from] Grassy Terrain
|upkeep
|turn|4
|
|t:|1756719171
|switch|p2a: Ceruledge|Ceruledge, L50, M|100/100
|switch|p2b: Electabuzz|Electabuzz, L50, F|100/100
|move|p1a: Sneasler|Close Combat|p2b: Electabuzz
|-damage|p2b: Electabuzz|35/100
|-unboost|p1a: Sneasler|def|1
|-unboost|p1a: Sneasler|spd|1
|-enditem|p1a: Sneasler|White Herb
|-clearnegativeboost|p1a: Sneasler|[silent]
|move|p1b: Gholdengo|Nasty Plot|p1b: Gholdengo
|-boost|p1b: Gholdengo|spa|2
|
|-weather|Snowscape|[upkeep]
|-heal|p1a: Sneasler|47/100|[from] Grassy Terrain
|-heal|p2b: Electabuzz|41/100|[from] Grassy Terrain
|-heal|p1b: Gholdengo|93/100|[from] Grassy Terrain
|upkeep
|turn|5
|inactive|Chandeliere has 30 seconds left.
|
|t:|1756719202
|move|p2a: Ceruledge|Protect|p2a: Ceruledge
|-singleturn|p2a: Ceruledge|Protect
|move|p1a: Sneasler|Close Combat|p2b: Electabuzz
|-damage|p2b: Electabuzz|0 fnt
|-unboost|p1a: Sneasler|def|1
|-unboost|p1a: Sneasler|spd|1
|faint|p2b: Electabuzz
|move|p1b: Gholdengo|Shadow Ball|p2a: Ceruledge
|-activate|p2a: Ceruledge|move: Protect
|
|-weather|none
|-heal|p1a: Sneasler|53/100|[from] Grassy Terrain
|-heal|p1b: Gholdengo|99/100|[from] Grassy Terrain
|upkeep
|
|t:|1756719212
|switch|p2b: Incineroar|Incineroar, L50, M|36/100
|-ability|p2b: Incineroar|Intimidate|boost
|-unboost|p1a: Sneasler|atk|1
|-unboost|p1b: Gholdengo|atk|1
|turn|6
|
|t:|1756719220
|-terastallize|p2a: Ceruledge|Grass
|move|p1b: Gholdengo|Protect|p1b: Gholdengo
|-singleturn|p1b: Gholdengo|Protect
|move|p2a: Ceruledge|Shadow Sneak|p1b: Gholdengo
|-activate|p1b: Gholdengo|move: Protect
|move|p1a: Sneasler|Dire Claw|p2a: Ceruledge
|-supereffective|p2a: Ceruledge
|-damage|p2a: Ceruledge|53/100
|move|p2b: Incineroar|Knock Off|p1b: Gholdengo
|-activate|p1b: Gholdengo|move: Protect
|
|-heal|p1a: Sneasler|59/100|[from] Grassy Terrain
|-heal|p1b: Gholdengo|100/100|[from] Grassy Terrain
|-heal|p2a: Ceruledge|59/100|[from] Grassy Terrain
|-heal|p2b: Incineroar|42/100|[from] Grassy Terrain
|-fieldend|move: Grassy Terrain
|upkeep
|turn|7
|
|t:|1756719236
|move|p2a: Ceruledge|Shadow Sneak|p1a: Sneasler
|-damage|p1a: Sneasler|26/100
|move|p1a: Sneasler|Close Combat|p2b: Incineroar
|-supereffective|p2b: Incineroar
|-damage|p2b: Incineroar|0 fnt
|-unboost|p1a: Sneasler|def|1
|-unboost|p1a: Sneasler|spd|1
|faint|p2b: Incineroar
|move|p1b: Gholdengo|Make It Rain|p2a: Ceruledge
|-damage|p2a: Ceruledge|0 fnt
|-unboost|p1b: Gholdengo|spa|1
|faint|p2a: Ceruledge
|-damage|p1b: Gholdengo|91/100|[from] item: Life Orb
|
|upkeep
|c|☆TrevenantHugger|gg
|c|☆Chandeliere|ggs
|-message|TrevenantHugger forfeited.
|raw|Chandeliere's rating: 1230 → 1245(+15 for winning)
|raw|TrevenantHugger's rating: 1077 → 1064(-13 for losing)
|
|win|Chandeliere
|l|☆TrevenantHugger
|player|p2|
|c|☆Chandeliere|i love ceruledge you gotta try and make it work for me
