|j|☆Shishio_Ax
|j|☆Nussloni
|html|Shishio_AxNussloni    
|uhtml|bestof|Game 1 of a best-of-3
|t:|1756640682
|gametype|doubles
|player|p1|Shishio_Ax|gambler|1351
|player|p2|Nussloni|170|1356
|gen|9
|tier|[Gen 9] VGC 2025 Reg H (Bo3)
|rated|
|rule|Species Clause: Limit one of each Pokémon
|rule|Item Clause: Limit 1 of each item
|clearpoke
|poke|p1|Charizard, L50, M|
|poke|p1|Dragapult, L50, M|
|poke|p1|Porygon2, L50|
|poke|p1|Incineroar, L50, M|
|poke|p1|Ursaluna-Bloodmoon, L50, M|
|poke|p1|Whimsicott, L50, F|
|poke|p2|Sneasler, L50, F|
|poke|p2|Indeedee, L50, M|
|poke|p2|Ursaluna-Bloodmoon, L50, M|
|poke|p2|Gholdengo, L50|
|poke|p2|Incineroar, L50, F|
|poke|p2|Volcarona, L50, M|
|teampreview|4
|showteam|p1|Charizard||ChoiceSpecs|SolarPower|HeatWave,Overheat,WeatherBall,SolarBeam|||M|||50|,,,,,Ghost]Dragapult||ChoiceBand|ClearBody|DragonDarts,Outrage,PhantomForce,Uturn|||M|||50|,,,,,Dragon]Porygon2||Eviolite|Download|TeraBlast,IceBeam,TrickRoom,Recover||||||50|,,,,,Fighting]Incineroar||SafetyGoggles|Intimidate|FakeOut,KnockOff,FlareBlitz,PartingShot|||M|||50|,,,,,Ghost]Ursaluna-Bloodmoon||LifeOrb|MindsEye|BloodMoon,HyperVoice,EarthPower,Protect|||M|||50|,,,,,Normal]Whimsicott||CovertCloak|Prankster|Moonblast,Tailwind,Encore,SunnyDay|||F|||50|,,,,,Poison
|showteam|p2|Sneasler||PsychicSeed|Unburden|DireClaw,CloseCombat,LashOut,Protect|||F|||50|,,,,,Dark]Indeedee||FocusSash|PsychicSurge|ExpandingForce,TrickRoom,Encore,Protect|||M|||50|,,,,,Psychic]Ursaluna-Bloodmoon||LifeOrb|MindsEye|BloodMoon,EarthPower,HyperVoice,Protect|||M|||50|,,,,,Normal]Gholdengo||MetalCoat|GoodasGold|NastyPlot,MakeItRain,ShadowBall,Protect||||||50|,,,,,Fairy]Incineroar||SafetyGoggles|Intimidate|FlareBlitz,KnockOff,PartingShot,FakeOut|||F|||50|,,,,,Ghost]Volcarona||RockyHelmet|FlameBody|Overheat,RagePowder,Tailwind,StruggleBug|||M|||50|,,,,,Fairy
|inactive|Battle timer is ON: inactive players will automatically lose when time's up. (requested by Shishio_Ax)
|
|t:|1756640732
|teamsize|p1|4
|teamsize|p2|4
|start
|switch|p1a: Rudra|Dragapult, L50, M|100/100
|switch|p1b: Mary|Whimsicott, L50, F|100/100
|switch|p2a: Sneasler|Sneasler, L50, F|100/100
|switch|p2b: Indeedee|Indeedee, L50, M|100/100
|-fieldstart|move: Psychic Terrain|[from] ability: Psychic Surge|[of] p2b: Indeedee
|-enditem|p2a: Sneasler|Psychic Seed
|-boost|p2a: Sneasler|spd|1|[from] item: Psychic Seed
|turn|1
|inactive|Nussloni has 30 seconds left.
|
|t:|1756640765
|move|p1b: Mary|Tailwind|p1b: Mary
|-sidestart|p1: Shishio_Ax|move: Tailwind
|move|p1a: Rudra|U-turn|p2b: Indeedee
|-supereffective|p2b: Indeedee
|-enditem|p2b: Indeedee|Focus Sash
|-damage|p2b: Indeedee|1/100
|
|t:|1756640769
|switch|p1a: Puss|Incineroar, L50, M|100/100|[from] U-turn
|-ability|p1a: Puss|Intimidate|boost
|-unboost|p2a: Sneasler|atk|1
|-unboost|p2b: Indeedee|atk|1
|move|p2a: Sneasler|Dire Claw|p1b: Mary
|-supereffective|p1b: Mary
|-damage|p1b: Mary|0 fnt
|faint|p1b: Mary
|move|p2b: Indeedee|Expanding Force|p1a: Puss
|-immune|p1a: Puss
|
|upkeep
|
|t:|1756640775
|switch|p1b: Rudra|Dragapult, L50, M|100/100
|turn|2
|inactive|Nussloni has 30 seconds left.
|inactive|Nussloni has 20 seconds left.
|
|t:|1756640811
|-terastallize|p1b: Rudra|Dragon
|move|p2a: Sneasler|Protect|p2a: Sneasler
|-singleturn|p2a: Sneasler|Protect
|move|p1b: Rudra|Dragon Darts|p2b: Indeedee
|-damage|p2b: Indeedee|0 fnt
|faint|p2b: Indeedee
|move|p1a: Puss|Flare Blitz|p2a: Sneasler
|-activate|p2a: Sneasler|move: Protect
|
|upkeep
|inactive|Nussloni has 30 seconds left.
|
|t:|1756640837
|switch|p2b: Ursaluna|Ursaluna-Bloodmoon, L50, M|100/100
|turn|3
|inactive|Nussloni has 30 seconds left.
|
|t:|1756640862
|switch|p2a: Incineroar|Incineroar, L50, F|100/100
|-ability|p2a: Incineroar|Intimidate|boost
|-unboost|p1a: Puss|atk|1
|-fail|p1b: Rudra|unboost|[from] ability: Clear Body|[of] p1b: Rudra
|move|p1b: Rudra|Dragon Darts|p2a: Incineroar
|-damage|p2a: Incineroar|56/100
|-anim|p1b: Rudra|Dragon Darts|p2b: Ursaluna
|-damage|p2b: Ursaluna|59/100
|move|p1a: Puss|Knock Off|p2b: Ursaluna
|-damage|p2b: Ursaluna|38/100
|-enditem|p2b: Ursaluna|Life Orb|[from] move: Knock Off|[of] p1a: Puss
|move|p2b: Ursaluna|Blood Moon|p1b: Rudra
|-damage|p1b: Rudra|0 fnt
|faint|p1b: Rudra
|
|upkeep
|
|t:|1756640876
|switch|p1b: Agni|Charizard, L50, M|100/100
|turn|4
|inactive|Nussloni has 30 seconds left.
|
|t:|1756640902
|move|p2b: Ursaluna|Protect|p2b: Ursaluna
|-singleturn|p2b: Ursaluna|Protect
|move|p1b: Agni|Heat Wave|p2b: Ursaluna|[spread] p2a
|-activate|p2b: Ursaluna|move: Protect
|-resisted|p2a: Incineroar
|-damage|p2a: Incineroar|35/100
|move|p1a: Puss|Flare Blitz|p2a: Incineroar
|-resisted|p2a: Incineroar
|-damage|p2a: Incineroar|20/100
|-damage|p1a: Puss|96/100|[from] Recoil
|move|p2a: Incineroar|Parting Shot|p1b: Agni
|-unboost|p1b: Agni|atk|1
|-unboost|p1b: Agni|spa|1
|
|t:|1756640914
|switch|p2a: Sneasler|Sneasler, L50, F|100/100|[from] Parting Shot
|
|-sideend|p1: Shishio_Ax|move: Tailwind
|upkeep
|turn|5
|
|t:|1756640933
|move|p2a: Sneasler|Protect|p2a: Sneasler
|-singleturn|p2a: Sneasler|Protect
|move|p1b: Agni|Heat Wave|p2b: Ursaluna|[spread] p2b
|-activate|p2a: Sneasler|move: Protect
|-damage|p2b: Ursaluna|0 fnt
|faint|p2b: Ursaluna
|move|p1a: Puss|Flare Blitz|p2a: Sneasler
|-activate|p2a: Sneasler|move: Protect
|
|-fieldend|move: Psychic Terrain
|upkeep
|
|t:|1756640943
|switch|p2b: Incineroar|Incineroar, L50, F|20/100
|-ability|p2b: Incineroar|Intimidate|boost
|-unboost|p1a: Puss|atk|1
|-unboost|p1b: Agni|atk|1
|turn|6
|
|t:|1756640960
|move|p2b: Incineroar|Fake Out|p1b: Agni
|-damage|p1b: Agni|84/100
|move|p2a: Sneasler|Close Combat|p1a: Puss
|-supereffective|p1a: Puss
|-damage|p1a: Puss|0 fnt
|-unboost|p2a: Sneasler|def|1
|-unboost|p2a: Sneasler|spd|1
|faint|p1a: Puss
|cant|p1b: Agni|flinch
|
|upkeep
|turn|7
|
|t:|1756640975
|move|p2a: Sneasler|Dire Claw|p1b: Agni
|-damage|p1b: Agni|21/100
|move|p1b: Agni|Heat Wave|p2b: Incineroar|[spread] p2b
|-miss|p1b: Agni|p2a: Sneasler
|-resisted|p2b: Incineroar
|-damage|p2b: Incineroar|6/100
|move|p2b: Incineroar|Knock Off|p1b: Agni
|-damage|p1b: Agni|0 fnt
|-enditem|p1b: Agni|Choice Specs|[from] move: Knock Off|[of] p2b: Incineroar
|faint|p1b: Agni
|
|win|Nussloni
||Shishio_Ax is ready for game 2.
|inactive|Nussloni has 30 seconds to confirm battle start!
||Nussloni is ready for game 2.
|uhtml|next|Next: Game 2 of 3
|l|☆Shishio_Ax
|player|p1|
