|j|☆ZapeohDev
|j|☆MafiaPolar6242
|html|ZapeohDevMafiaPolar6242    
|uhtml|bestof|Game 2 of a best-of-3
|t:|1785088302
|gametype|doubles
|player|p1|ZapeohDev|266|
|player|p2|MafiaPolar6242|pokemaniac|
|gen|9
|tier|[Gen 9 Champions] VGC 2026 Reg M-B (Bo3)
|rule|Species Clause: Limit one of each Pokémon
|rule|Item Clause: Limit 1 of each item
|clearpoke
|poke|p1|Whimsicott, L50, M|
|poke|p1|Staraptor, L50, M|
|poke|p1|Sinistcha, L50|
|poke|p1|Chandelure, L50, F|
|poke|p1|Oranguru, L50, F, shiny|
|poke|p1|Torkoal, L50, M|
|poke|p2|Starmie, L50|
|poke|p2|Tyranitar, L50, M|
|poke|p2|Aegislash, L50, F|
|poke|p2|Excadrill, L50, M|
|poke|p2|Kingambit, L50, F|
|poke|p2|Incineroar, L50, M|
|teampreview|4
|showteam|p1|Whimsicott||FocusSash|Prankster|Charm,LightScreen,Moonblast,Encore|Timid||M|||50|]Staraptor||Staraptite|Intimidate|DualWingbeat,CloseCombat,Protect,Roost|Adamant||M|||50|]Sinistcha||SitrusBerry|Hospitality|TrickRoom,RagePowder,MatchaGotcha,LifeDew|Relaxed|||||50|]Chandelure||Chandelurite|FlashFire|HeatWave,Protect,EnergyBall,ShadowBall|Quiet||F|||50|]Oranguru||MentalHerb|InnerFocus|TrickRoom,Instruct,HyperVoice,AfterYou|Serious||F|||50|]Torkoal||Charcoal|Drought|EarthPower,Eruption,SolarBeam,Protect|Quiet||M|||50|
|showteam|p2|Starmie||Starminite|Illuminate|Protect,AquaJet,FlipTurn,PsychoCut|Jolly|||||50|]Tyranitar||KingsRock|SandStream|Protect,Crunch,RockSlide,Earthquake|Adamant||M|||50|]Aegislash||Leftovers|StanceChange|KingsShield,WideGuard,Poltergeist,SacredSword|Careful||F|||50|]Excadrill||LifeOrb|SandRush|Earthquake,RockSlide,Protect,IronHead|Adamant||M|||50|]Kingambit||ChopleBerry|Defiant|Protect,SuckerPunch,BrickBreak,IronHead|Impish||F|||50|]Incineroar||Charcoal|Intimidate|Protect,PartingShot,FakeOut,FlareBlitz|Careful||M|||50|
|
|t:|1785088388
|teamsize|p1|4
|teamsize|p2|4
|start
|switch|p1a: Sinistcha|Sinistcha, L50|100/100
|switch|p1b: Chandelure|Chandelure, L50, F|100/100
|switch|p2a: Starmie|Starmie, L50|100/100
|switch|p2b: Incineroar|Incineroar, L50, M|100/100
|-ability|p2b: Incineroar|Intimidate|boost
|-unboost|p1a: Sinistcha|atk|1
|-unboost|p1b: Chandelure|atk|1
|turn|1
|
|t:|1785088438
|detailschange|p2a: Starmie|Starmie-Mega, L50
|-mega|p2a: Starmie|Starmie|Starminite
|detailschange|p1b: Chandelure|Chandelure-Mega, L50, F
|-mega|p1b: Chandelure|Chandelure|Chandelurite
|move|p1a: Sinistcha|Rage Powder|p1a: Sinistcha
|-singleturn|p1a: Sinistcha|move: Rage Powder
|move|p2a: Starmie|Flip Turn|p1a: Sinistcha
|-resisted|p1a: Sinistcha|1
|-damage|p1a: Sinistcha|79/100
|
|t:|1785088449
|switch|p2a: Tyranitar|Tyranitar, L50, M|100/100|[from] Flip Turn
|-weather|Sandstorm|[from] ability: Sand Stream|[of] p2a: Tyranitar
|move|p1b: Chandelure|Heat Wave|p2b: Incineroar|[spread] p2a,p2b
|-resisted|p2a: Tyranitar|1
|-resisted|p2b: Incineroar|1
|-damage|p2a: Tyranitar|83/100
|-damage|p2b: Incineroar|84/100
|move|p2b: Incineroar|Flare Blitz|p1a: Sinistcha
|-supereffective|p1a: Sinistcha|1
|-damage|p1a: Sinistcha|4/100
|-enditem|p1a: Sinistcha|Sitrus Berry|[eat]
|-heal|p1a: Sinistcha|29/100|[from] item: Sitrus Berry
|-damage|p2b: Incineroar|62/100|[from] Recoil
|
|-weather|Sandstorm|[upkeep]
|-damage|p1b: Chandelure|94/100|[from] Sandstorm
|-damage|p1a: Sinistcha|23/100|[from] Sandstorm
|-damage|p2b: Incineroar|56/100|[from] Sandstorm
|upkeep
|turn|2
|
|t:|1785088497
|switch|p1a: Torkoal|Torkoal, L50, M|100/100
|-weather|SunnyDay|[from] ability: Drought|[of] p1a: Torkoal
|move|p2a: Tyranitar|Crunch|p1a: Torkoal
|-damage|p1a: Torkoal|61/100
|move|p1b: Chandelure|Energy Ball|p2a: Tyranitar
|-supereffective|p2a: Tyranitar|1
|-damage|p2a: Tyranitar|1/100
|move|p2b: Incineroar|Parting Shot|p1b: Chandelure
|-unboost|p1b: Chandelure|atk|1
|-unboost|p1b: Chandelure|spa|1
|
|t:|1785088513
|switch|p2b: Excadrill|Excadrill, L50, M|100/100|[from] Parting Shot
|
|-weather|SunnyDay|[upkeep]
|upkeep
|turn|3
|
|t:|1785088541
|switch|p1a: fabguru|Oranguru, L50, F, shiny|100/100
|move|p2a: Tyranitar|Protect|p2a: Tyranitar
|-singleturn|p2a: Tyranitar|Protect
|move|p1b: Chandelure|Protect|p1b: Chandelure
|-singleturn|p1b: Chandelure|Protect
|move|p2b: Excadrill|Earthquake|p1a: fabguru|[spread] p1a
|-activate|p2a: Tyranitar|move: Protect
|-activate|p1b: Chandelure|move: Protect
|-damage|p1a: fabguru|36/100
|-damage|p2b: Excadrill|90/100|[from] item: Life Orb
|
|-weather|SunnyDay|[upkeep]
|upkeep
|turn|4
|
|t:|1785088601
|switch|p2a: Incineroar|Incineroar, L50, M|56/100
|-ability|p2a: Incineroar|Intimidate|boost
|-fail|p1a: fabguru|unboost|Attack|[from] ability: Inner Focus|[of] p1a: fabguru
|-unboost|p1b: Chandelure|atk|1
|switch|p1b: Sinistcha|Sinistcha, L50|23/100
|-heal|p1a: fabguru|60/100|[from] ability: Hospitality|[of] p1b: Sinistcha
|move|p2b: Excadrill|Rock Slide|p1b: Sinistcha|[spread] p1a
|-miss|p2b: Excadrill|p1b: Sinistcha
|-damage|p1a: fabguru|29/100
|-damage|p2b: Excadrill|80/100|[from] item: Life Orb
|move|p1a: fabguru|Trick Room|p1a: fabguru
|-fieldstart|move: Trick Room|[of] p1a: fabguru
|
|-weather|SunnyDay|[upkeep]
|upkeep
|turn|5
|
|t:|1785088630
|move|p2a: Incineroar|Fake Out|p1a: fabguru
|-damage|p1a: fabguru|19/100
|move|p1b: Sinistcha|Matcha Gotcha|p2a: Incineroar|[spread] p2a,p2b
|-resisted|p2a: Incineroar|1
|-damage|p2a: Incineroar|49/100
|-heal|p1b: Sinistcha|27/100|[from] drain|[of] p2a: Incineroar
|-damage|p2b: Excadrill|43/100
|-heal|p1b: Sinistcha|47/100|[from] drain|[of] p2b: Excadrill
|-status|p2b: Excadrill|brn
|move|p1a: fabguru|Hyper Voice|p2b: Excadrill|[spread] p2a,p2b
|-resisted|p2b: Excadrill|1
|-damage|p2a: Incineroar|34/100
|-damage|p2b: Excadrill|30/100 brn
|move|p2b: Excadrill|Iron Head|p1b: Sinistcha
|-damage|p1b: Sinistcha|23/100
|-damage|p2b: Excadrill|20/100y brn|[from] item: Life Orb
|
|-weather|SunnyDay|[upkeep]
|-damage|p2b: Excadrill|14/100 brn|[from] brn
|upkeep
|turn|6
|
|t:|1785088649
|move|p2a: Incineroar|Flare Blitz|p1b: Sinistcha
|-supereffective|p1b: Sinistcha|1
|-damage|p1b: Sinistcha|0 fnt
|faint|p1b: Sinistcha
|-damage|p2a: Incineroar|27/100|[from] Recoil
|move|p1a: fabguru|Hyper Voice|p2b: Excadrill|[spread] p2a,p2b
|-resisted|p2b: Excadrill|1
|-damage|p2a: Incineroar|11/100
|-damage|p2b: Excadrill|0 fnt
|faint|p2b: Excadrill
|
|-weather|none
|upkeep
|
|t:|1785088661
|switch|p1b: Torkoal|Torkoal, L50, M|61/100
|switch|p2b: Starmie|Starmie-Mega, L50|100/100
|-weather|SunnyDay|[from] ability: Drought|[of] p1b: Torkoal
|turn|7
|
|t:|1785088695
|switch|p2a: Tyranitar|Tyranitar, L50, M|1/100
|-weather|Sandstorm|[from] ability: Sand Stream|[of] p2a: Tyranitar
|move|p1b: Torkoal|Eruption|p2b: Starmie|[spread] p2a,p2b
|-resisted|p2a: Tyranitar|1
|-crit|p2a: Tyranitar
|-resisted|p2b: Starmie|1
|-damage|p2a: Tyranitar|0 fnt
|-damage|p2b: Starmie|78/100
|faint|p2a: Tyranitar
|move|p1a: fabguru|Instruct|p1b: Torkoal
|-singleturn|p1b: Torkoal|move: Instruct|[of] p1a: fabguru
|move|p1b: Torkoal|Eruption|p2b: Starmie
|-resisted|p2b: Starmie|1
|-damage|p2b: Starmie|51/100
|move|p2b: Starmie|Flip Turn|p1b: Torkoal
|-supereffective|p1b: Torkoal|1
|-damage|p1b: Torkoal|0 fnt
|faint|p1b: Torkoal
|
|t:|1785088702
|switch|p2b: Incineroar|Incineroar, L50, M|11/100|[from] Flip Turn
|-ability|p2b: Incineroar|Intimidate|boost
|-fail|p1a: fabguru|unboost|Attack|[from] ability: Inner Focus|[of] p1a: fabguru
|
|-weather|Sandstorm|[upkeep]
|-damage|p2b: Incineroar|5/100|[from] Sandstorm
|-damage|p1a: fabguru|13/100|[from] Sandstorm
|upkeep
|
|t:|1785088711
|switch|p1b: Chandelure|Chandelure-Mega, L50, F|94/100
|switch|p2a: Starmie|Starmie-Mega, L50|51/100
|turn|8
|
|t:|1785088769
|move|p2b: Incineroar|Fake Out|p1a: fabguru
|-damage|p1a: fabguru|2/100
|move|p2a: Starmie|Aqua Jet|p1b: Chandelure
|-supereffective|p1b: Chandelure|1
|-damage|p1b: Chandelure|20/100y
|move|p1a: fabguru|Hyper Voice|p2b: Incineroar|[spread] p2a,p2b
|-damage|p2a: Starmie|24/100
|-damage|p2b: Incineroar|0 fnt
|faint|p2b: Incineroar
|move|p1b: Chandelure|Shadow Ball|p2a: Starmie
|-supereffective|p2a: Starmie|1
|-crit|p2a: Starmie
|-damage|p2a: Starmie|0 fnt
|faint|p2a: Starmie
|
|win|ZapeohDev
|c|☆ZapeohDev|gg wp
