|j|☆Koraidonkoalition
|j|☆glofer
|html|Koraidonkoalitionglofer    
|uhtml|bestof|Game 1 of a best-of-3
|t:|1785421337
|gametype|doubles
|player|p1|Koraidonkoalition|colress|1139
|player|p2|glofer|blackbelt|1032
|gen|9
|tier|[Gen 9 Champions] VGC 2026 Reg M-B (Bo3)
|rated|
|rule|Species Clause: Limit one of each Pokémon
|rule|Item Clause: Limit 1 of each item
|clearpoke
|poke|p1|Delphox, L50, M|
|poke|p1|Garchomp, L50, F|
|poke|p1|Sneasler, L50, M|
|poke|p1|Staraptor, L50, M|
|poke|p1|Kingambit, L50, F|
|poke|p1|Whimsicott, L50, M|
|poke|p2|Bellibolt, L50, M|
|poke|p2|Raichu, L50, M|
|poke|p2|Manectric, L50, M|
|poke|p2|Eelektross, L50, F|
|poke|p2|Emolga, L50, F|
|poke|p2|Heliolisk, L50, M|
|teampreview|4
|showteam|p1|Delphox||Delphoxite|Blaze|HeatWave,Psychic,Substitute,Protect|Modest||M|||50|]Garchomp||LifeOrb|RoughSkin|Earthquake,DragonClaw,RockSlide,Protect|Jolly||F|||50|]Sneasler||FocusSash|Unburden|CloseCombat,DireClaw,RockTomb,FakeOut|Naive||M|||50|]Staraptor||Staraptite|Intimidate|CloseCombat,DualWingbeat,Roost,Protect|Jolly||M|||50|]Kingambit||ChopleBerry|Defiant|KowtowCleave,SuckerPunch,IronHead,LowKick|Adamant||F|||50|]Whimsicott||OccaBerry|Prankster|Moonblast,Charm,Tailwind,LightScreen|Timid||M|||50|
|showteam|p2|Bellibolt||Leftovers|Electromorphosis|ParabolicCharge,AcidSpray,Soak,Protect|Modest||M|||50|]Raichu||RaichuniteY|LightningRod|ZapCannon,FocusBlast,FakeOut,Protect|Timid||M|||50|]Manectric||Manectite|LightningRod|VoltSwitch,Flamethrower,Snarl,Protect|Timid||M|||50|]Eelektross||LifeOrb|Levitate|SupercellSlam,DrainPunch,Bulldoze,Coil|Brave||F|||50|]Emolga||FocusSash|MotorDrive|Electroweb,AirSlash,LightScreen,Protect|Timid||F|||50|]Heliolisk||ChoiceScarf|DrySkin|Thunderbolt,HyperVoice,DragonPulse,DarkPulse|Timid||M|||50|
|c|☆Koraidonkoalition|you again?
|
|t:|1785421359
|teamsize|p1|4
|teamsize|p2|4
|start
|switch|p1a: Staraptor|Staraptor, L50, M|100/100
|switch|p1b: Whimsicott|Whimsicott, L50, M|100/100
|switch|p2a: Raichu|Raichu, L50, M|100/100
|switch|p2b: Eelektross|Eelektross, L50, F|100/100
|-ability|p1a: Staraptor|Intimidate|boost
|-unboost|p2a: Raichu|atk|1
|-unboost|p2b: Eelektross|atk|1
|turn|1
|inactive|Battle timer is ON: inactive players will automatically lose when time's up. (requested by glofer)
|
|t:|1785421376
|detailschange|p2a: Raichu|Raichu-Mega-Y, L50, M
|-mega|p2a: Raichu|Raichu|Raichunite Y
|move|p1a: Staraptor|Protect|p1a: Staraptor
|-singleturn|p1a: Staraptor|Protect
|move|p1b: Whimsicott|Tailwind|p1b: Whimsicott
|-sidestart|p1: Koraidonkoalition|move: Tailwind
|move|p2a: Raichu|Zap Cannon|p1b: Whimsicott
|-resisted|p1b: Whimsicott|1
|-damage|p1b: Whimsicott|54/100
|-status|p1b: Whimsicott|par
|move|p2b: Eelektross|Coil|p2b: Eelektross
|-boost|p2b: Eelektross|atk|1
|-boost|p2b: Eelektross|def|1
|-boost|p2b: Eelektross|accuracy|1
|
|upkeep
|turn|2
|
|t:|1785421397
|detailschange|p1a: Staraptor|Staraptor-Mega, L50, M
|-mega|p1a: Staraptor|Staraptor|Staraptite
|move|p2a: Raichu|Protect|p2a: Raichu
|-singleturn|p2a: Raichu|Protect
|move|p1b: Whimsicott|Charm|p2b: Eelektross
|-unboost|p2b: Eelektross|atk|2
|move|p1a: Staraptor|Close Combat|p2a: Raichu
|-activate|p2a: Raichu|move: Protect
|move|p2b: Eelektross|Supercell Slam|p1a: Staraptor
|-supereffective|p1a: Staraptor|1
|-damage|p1a: Staraptor|37/100
|-damage|p2b: Eelektross|90/100|[from] item: Life Orb
|
|upkeep
|turn|3
|inactive|glofer has 30 seconds left.
|
|t:|1785421428
|move|p1b: Whimsicott|Charm|p2b: Eelektross
|-unboost|p2b: Eelektross|atk|2
|move|p1a: Staraptor|Close Combat|p2a: Raichu
|-damage|p2a: Raichu|0 fnt
|-boost|p1a: Staraptor|def|1
|-boost|p1a: Staraptor|spd|1
|faint|p2a: Raichu
|move|p2b: Eelektross|Supercell Slam|p1a: Staraptor
|-supereffective|p1a: Staraptor|1
|-damage|p1a: Staraptor|8/100
|-damage|p2b: Eelektross|80/100|[from] item: Life Orb
|
|upkeep
|
|t:|1785421440
|switch|p2a: Bellibolt|Bellibolt, L50, M|100/100
|turn|4
|
|t:|1785421449
|move|p1b: Whimsicott|Light Screen|p1b: Whimsicott
|-sidestart|p1: Koraidonkoalition|move: Light Screen
|move|p1a: Staraptor|Roost|p1a: Staraptor
|-heal|p1a: Staraptor|58/100
|-singleturn|p1a: Staraptor|move: Roost
|move|p2a: Bellibolt|Parabolic Charge|p1a: Staraptor|[spread] p2b,p1a,p1b
|-resisted|p2b: Eelektross|1
|-resisted|p1b: Whimsicott|1
|-damage|p2b: Eelektross|67/100
|-damage|p1a: Staraptor|46/100
|-damage|p1b: Whimsicott|43/100 par
|move|p2b: Eelektross|Supercell Slam|p1a: Staraptor
|-damage|p1a: Staraptor|32/100
|-damage|p2b: Eelektross|57/100|[from] item: Life Orb
|
|-sideend|p1: Koraidonkoalition|move: Tailwind
|upkeep
|turn|5
|
|t:|1785421460
|move|p1b: Whimsicott|Charm|p1a: Staraptor
|-boost|p1a: Staraptor|atk|2
|move|p1a: Staraptor|Roost|p1a: Staraptor
|-heal|p1a: Staraptor|82/100
|-singleturn|p1a: Staraptor|move: Roost
|move|p2a: Bellibolt|Parabolic Charge|p1a: Staraptor|[spread] p2b,p1a,p1b
|-resisted|p2b: Eelektross|1
|-crit|p1a: Staraptor
|-resisted|p1b: Whimsicott|1
|-damage|p2b: Eelektross|44/100
|-damage|p1a: Staraptor|35/100
|-damage|p1b: Whimsicott|33/100 par
|move|p2b: Eelektross|Supercell Slam|p1a: Staraptor
|-damage|p1a: Staraptor|22/100
|-damage|p2b: Eelektross|34/100|[from] item: Life Orb
|
|upkeep
|turn|6
|
|t:|1785421479
|move|p1b: Whimsicott|Charm|p1a: Staraptor
|-boost|p1a: Staraptor|atk|2
|move|p1a: Staraptor|Close Combat|p2a: Bellibolt
|-damage|p2a: Bellibolt|0 fnt
|-boost|p1a: Staraptor|def|1
|-boost|p1a: Staraptor|spd|1
|faint|p2a: Bellibolt
|move|p2b: Eelektross|Supercell Slam|p1b: Whimsicott
|-resisted|p1b: Whimsicott|1
|-damage|p1b: Whimsicott|23/100 par
|-damage|p2b: Eelektross|24/100|[from] item: Life Orb
|
|upkeep
|
|t:|1785421485
|switch|p2a: Emolga|Emolga, L50, F|100/100
|turn|7
|
|t:|1785421490
|move|p1b: Whimsicott|Charm|p2b: Eelektross
|-unboost|p2b: Eelektross|atk|2
|move|p1a: Staraptor|Dual Wingbeat|p2a: Emolga
|-resisted|p2a: Emolga|1
|-damage|p2a: Emolga|31/100
|-resisted|p2a: Emolga|1
|-damage|p2a: Emolga|0 fnt
|faint|p2a: Emolga
|-hitcount|p2: Emolga|2
|move|p2b: Eelektross|Coil|p2b: Eelektross
|-boost|p2b: Eelektross|atk|1
|-boost|p2b: Eelektross|def|1
|-boost|p2b: Eelektross|accuracy|1
|
|upkeep
|turn|8
|
|t:|1785421499
|move|p1b: Whimsicott|Charm|p1a: Staraptor
|-boost|p1a: Staraptor|atk|2
|move|p1a: Staraptor|Close Combat|p2b: Eelektross
|-damage|p2b: Eelektross|0 fnt
|-boost|p1a: Staraptor|def|1
|-boost|p1a: Staraptor|spd|1
|faint|p2b: Eelektross
|
|win|Koraidonkoalition
