|j|☆jusemato
|j|☆Dragayu
|html|jusematoDragayu    
|uhtml|bestof|Game 1 of a best-of-3
|t:|1782186970
|gametype|doubles
|player|p1|jusemato|ingo|1076
|player|p2|Dragayu|265|1047
|gen|9
|tier|[Gen 9 Champions] VGC 2026 Reg M-B (Bo3)
|rated|
|rule|Species Clause: Limit one of each Pokémon
|rule|Item Clause: Limit 1 of each item
|clearpoke
|poke|p1|Raichu, L50, M|
|poke|p1|Incineroar, L50, M|
|poke|p1|Vanilluxe, L50, M, shiny|
|poke|p1|Basculegion, L50, M|
|poke|p1|Sneasler, L50, M|
|poke|p1|Dragonite, L50, M|
|poke|p2|Sinistcha, L50|
|poke|p2|Incineroar, L50, M|
|poke|p2|Milotic, L50, F|
|poke|p2|Raichu, L50, F|
|poke|p2|Floette-Eternal, L50, F|
|poke|p2|Ceruledge, L50, M|
|teampreview|4
|showteam|p1|Raichu||RaichuniteY|LightningRod|ZapCannon,FocusBlast,Substitute,Protect|Timid||M|||50|]Incineroar||Charcoal|Intimidate|FlareBlitz,ThroatChop,FakeOut,PartingShot|Adamant||M|||50|]Vanilluxe||ChoiceScarf|SnowWarning|Blizzard,FreezeDry,IcyWind,FlashCannon|Timid||M|||50|]Basculegion||SitrusBerry|SwiftSwim|WaveCrash,LastRespects,AquaJet,Protect|Adamant||M|||50|]Sneasler||FocusSash|PoisonTouch|PoisonJab,CloseCombat,FakeOut,Protect|Jolly||M|||50|]Dragonite||DragonFang|Multiscale|DragonClaw,LowKick,ExtremeSpeed,Protect|Adamant||M|||50|
|showteam|p2|Sinistcha||KasibBerry|Hospitality|MatchaGotcha,LifeDew,RagePowder,Protect|Relaxed|||||50|]Incineroar||SitrusBerry|Intimidate|FlareBlitz,ThroatChop,FakeOut,PartingShot|Impish||M|||50|]Milotic||Leftovers|Competitive|MuddyWater,Coil,Hypnosis,Protect|Calm||F|||50|]Raichu||RaichuniteY|LightningRod|ZapCannon,FocusBlast,FakeOut,Protect|Timid||F|||50|]Floette-Eternal||Floettite|FlowerVeil|DazzlingGleam,DrainingKiss,CalmMind,Protect|Timid||F|||50|]Ceruledge||ColburBerry|FlashFire|BitterBlade,ShadowSneak,BulkUp,Protect|Adamant||M|||50|
|c|☆jusemato|Glhf
|
|t:|1782187026
|teamsize|p1|4
|teamsize|p2|4
|start
|switch|p1a: Vanilluxe|Vanilluxe, L50, M, shiny|100/100
|switch|p1b: Basculegion|Basculegion, L50, M|100/100
|switch|p2a: Incineroar|Incineroar, L50, M|100/100
|switch|p2b: Milotic|Milotic, L50, F|100/100
|-weather|Snowscape|[from] ability: Snow Warning|[of] p1a: Vanilluxe
|-ability|p2a: Incineroar|Intimidate|boost
|-unboost|p1a: Vanilluxe|atk|1
|-unboost|p1b: Basculegion|atk|1
|turn|1
|
|t:|1782187044
|move|p2a: Incineroar|Fake Out|p1a: Vanilluxe
|-damage|p1a: Vanilluxe|89/100
|cant|p1a: Vanilluxe|flinch
|move|p1b: Basculegion|Wave Crash|p2a: Incineroar
|-supereffective|p2a: Incineroar|1
|-damage|p2a: Incineroar|34/100
|-enditem|p2a: Incineroar|Sitrus Berry|[eat]
|-heal|p2a: Incineroar|59/100|[from] item: Sitrus Berry
|-damage|p1b: Basculegion|78/100|[from] Recoil
|move|p2b: Milotic|Coil|p2b: Milotic
|-boost|p2b: Milotic|atk|1
|-boost|p2b: Milotic|def|1
|-boost|p2b: Milotic|accuracy|1
|
|-weather|Snowscape|[upkeep]
|upkeep
|turn|2
|
|t:|1782187073
|switch|p1b: Raichu|Raichu, L50, M|100/100
|move|p1a: Vanilluxe|Freeze-Dry|p2b: Milotic
|-supereffective|p2b: Milotic|1
|-damage|p2b: Milotic|60/100
|move|p2b: Milotic|Coil|p2b: Milotic
|-boost|p2b: Milotic|atk|1
|-boost|p2b: Milotic|def|1
|-boost|p2b: Milotic|accuracy|1
|move|p2a: Incineroar|Parting Shot|p1b: Raichu
|-unboost|p1b: Raichu|atk|1
|-unboost|p1b: Raichu|spa|1
|
|t:|1782187091
|switch|p2a: Raichu|Raichu, L50, F|100/100|[from] Parting Shot
|
|-weather|Snowscape|[upkeep]
|-heal|p2b: Milotic|66/100|[from] item: Leftovers
|upkeep
|turn|3
|
|t:|1782187105
|switch|p1a: Sneasler|Sneasler, L50, M|100/100
|switch|p1b: Basculegion|Basculegion, L50, M|78/100
|move|p2a: Raichu|Fake Out|p1b: Basculegion
|-immune|p1b: Basculegion
|move|p2b: Milotic|Hypnosis|p1a: Sneasler
|-status|p1a: Sneasler|slp|[from] move: Hypnosis
|
|-weather|Snowscape|[upkeep]
|-heal|p2b: Milotic|72/100|[from] item: Leftovers
|upkeep
|turn|4
|
|t:|1782187130
|switch|p1a: Raichu|Raichu, L50, M|100/100
|move|p2a: Raichu|Protect|p2a: Raichu
|-singleturn|p2a: Raichu|Protect
|move|p1b: Basculegion|Wave Crash|p2a: Raichu
|-activate|p2a: Raichu|move: Protect
|move|p2b: Milotic|Hypnosis|p1b: Basculegion
|-status|p1b: Basculegion|slp|[from] move: Hypnosis
|
|-weather|Snowscape|[upkeep]
|-heal|p2b: Milotic|78/100|[from] item: Leftovers
|upkeep
|turn|5
|
|t:|1782187158
|switch|p1b: Vanilluxe|Vanilluxe, L50, M, shiny|89/100
|detailschange|p2a: Raichu|Raichu-Mega-Y, L50, F
|-mega|p2a: Raichu|Raichu|Raichunite Y
|move|p2a: Raichu|Focus Blast|p1a: Raichu
|-damage|p1a: Raichu|42/100
|move|p1a: Raichu|Substitute|p1a: Raichu
|-start|p1a: Raichu|Substitute
|-damage|p1a: Raichu|17/100
|move|p2b: Milotic|Hypnosis||[still]
|-fail|p2b: Milotic
|
|-weather|none
|-heal|p2b: Milotic|84/100|[from] item: Leftovers
|upkeep
|turn|6
|
|t:|1782187181
|detailschange|p1a: Raichu|Raichu-Mega-Y, L50, M
|-mega|p1a: Raichu|Raichu|Raichunite Y
|move|p1b: Vanilluxe|Freeze-Dry|p2b: Milotic
|-supereffective|p2b: Milotic|1
|-damage|p2b: Milotic|39/100
|move|p1a: Raichu|Zap Cannon|p2b: Milotic
|-supereffective|p2b: Milotic|1
|-damage|p2b: Milotic|0 fnt
|faint|p2b: Milotic
|move|p2a: Raichu|Focus Blast|p1a: Raichu
|-end|p1a: Raichu|Substitute
|
|upkeep
|
|t:|1782187193
|switch|p2b: Incineroar|Incineroar, L50, M|59/100
|-ability|p2b: Incineroar|Intimidate|boost
|-unboost|p1a: Raichu|atk|1
|-unboost|p1b: Vanilluxe|atk|1
|turn|7
|
|t:|1782187201
|switch|p1b: Sneasler|Sneasler, L50, M|100/100 slp
|switch|p1a: Basculegion|Basculegion, L50, M|78/100 slp
|move|p2b: Incineroar|Fake Out|p1a: Basculegion
|-immune|p1a: Basculegion
|move|p2a: Raichu|Focus Blast|p1b: Sneasler
|-resisted|p1b: Sneasler|1
|-damage|p1b: Sneasler|73/100 slp
|
|upkeep
|turn|8
|
|t:|1782187224
|cant|p1a: Basculegion|slp
|move|p2a: Raichu|Focus Blast|p1b: Sneasler
|-resisted|p1b: Sneasler|1
|-damage|p1b: Sneasler|43/100 slp
|cant|p1b: Sneasler|slp
|move|p2b: Incineroar|Throat Chop|p1a: Basculegion
|-supereffective|p1a: Basculegion|1
|-damage|p1a: Basculegion|8/100 slp
|-start|p1a: Basculegion|Throat Chop|[silent]
|-enditem|p1a: Basculegion|Sitrus Berry|[eat]
|-heal|p1a: Basculegion|33/100 slp|[from] item: Sitrus Berry
|
|upkeep
|turn|9
|
|t:|1782187242
|-curestatus|p1b: Sneasler|slp|[msg]
|move|p1b: Sneasler|Protect|p1b: Sneasler
|-singleturn|p1b: Sneasler|Protect
|cant|p1a: Basculegion|slp
|move|p2a: Raichu|Focus Blast|p1b: Sneasler
|-activate|p1b: Sneasler|move: Protect
|move|p2b: Incineroar|Throat Chop|p1a: Basculegion
|-supereffective|p1a: Basculegion|1
|-damage|p1a: Basculegion|0 fnt
|faint|p1a: Basculegion
|
|upkeep
|
|t:|1782187258
|switch|p1a: Vanilluxe|Vanilluxe, L50, M, shiny|89/100
|-weather|Snowscape|[from] ability: Snow Warning|[of] p1a: Vanilluxe
|turn|10
|
|t:|1782187280
|move|p1a: Vanilluxe|Blizzard|p2a: Raichu|[spread] p2a,p2b
|-resisted|p2b: Incineroar|1
|-damage|p2a: Raichu|52/100
|-damage|p2b: Incineroar|40/100
|move|p2a: Raichu|Zap Cannon|p1b: Sneasler
|-damage|p1b: Sneasler|0 fnt
|faint|p1b: Sneasler
|move|p2b: Incineroar|Flare Blitz|p1a: Vanilluxe
|-supereffective|p1a: Vanilluxe|1
|-damage|p1a: Vanilluxe|8/100
|-damage|p2b: Incineroar|20/100y|[from] Recoil
|
|-weather|Snowscape|[upkeep]
|upkeep
|
|t:|1782187291
|switch|p1b: Raichu|Raichu-Mega-Y, L50, M|17/100
|turn|11
|
|t:|1782187302
|move|p2a: Raichu|Protect|p2a: Raichu
|-singleturn|p2a: Raichu|Protect
|move|p1a: Vanilluxe|Blizzard|p2a: Raichu|[spread] p2b
|-activate|p2a: Raichu|move: Protect
|-resisted|p2b: Incineroar|1
|-damage|p2b: Incineroar|2/100
|move|p1b: Raichu|Zap Cannon|p2a: Raichu
|-activate|p2a: Raichu|move: Protect
|move|p2b: Incineroar|Throat Chop|p1b: Raichu
|-damage|p1b: Raichu|0 fnt
|faint|p1b: Raichu
|
|-weather|Snowscape|[upkeep]
|upkeep
|turn|12
|-message|jusemato forfeited.
|
|win|Dragayu
|l|☆jusemato
|player|p1|
||jusemato is ready for game 2.
|inactive|Dragayu has 30 seconds to confirm battle start!
||Dragayu is ready for game 2.
|uhtml|next|Next: Game 2 of 3
