|j|☆ravus9
|j|☆Mikandoer
|html|ravus9Mikandoer    
|uhtml|bestof|Game 1 of a best-of-3
|t:|1757740464
|gametype|doubles
|player|p1|ravus9|hilbert-wonderlauncher|1037
|player|p2|Mikandoer|2|1097
|gen|9
|tier|[Gen 9] VGC 2025 Reg H (Bo3)
|rated|
|rule|Species Clause: Limit one of each Pokémon
|rule|Item Clause: Limit 1 of each item
|clearpoke
|poke|p1|Volcarona, L50, F|
|poke|p1|Rillaboom, L50, M|
|poke|p1|Kingambit, L50, F|
|poke|p1|Ninetales-Alola, L50, M|
|poke|p1|Sneasler, L50, M|
|poke|p1|Baxcalibur, L50, M|
|poke|p2|Maushold-Four, L50|
|poke|p2|Annihilape, L50, M|
|poke|p2|Incineroar, L50, F|
|poke|p2|Amoonguss, L50, M|
|poke|p2|Primarina, L50, F|
|poke|p2|Pelipper, L50, M|
|teampreview|4
|showteam|p1|Volcarona||Leftovers|FlameBody|Overheat,TeraBlast,QuiverDance,Protect|||F|||50|,,,,,Fairy]Rillaboom||AssaultVest|GrassySurge|GrassyGlide,WoodHammer,HighHorsepower,FakeOut|||M|||50|,,,,,Fire]Kingambit||BlackGlasses|Defiant|KowtowCleave,SuckerPunch,SwordsDance,Protect|||F|||50|,,,,,Dark]Ninetales-Alola||LightClay|SnowWarning|Protect,Blizzard,AuroraVeil,FreezeDry|||M|||50|,,,,,Ghost]Sneasler||FocusSash|Unburden|CloseCombat,DireClaw,Coaching,FakeOut|||M|||50|,,,,,Stellar]Baxcalibur||LoadedDice|ThermalExchange|IcicleSpear,ScaleShot,IceShard,Protect|||M|||50|,,,,,Ghost
|showteam|p2|Maushold-Four||WideLens|Technician|BeatUp,FollowMe,Protect,PopulationBomb||||||50|,,,,,Ghost]Annihilape||Leftovers|Defiant|RageFist,Protect,DrainPunch,BulkUp|||M|||50|,,,,,Steel]Incineroar||SafetyGoggles|Intimidate|FakeOut,KnockOff,PartingShot,FlareBlitz|||F|||50|,,,,,Fire]Amoonguss||SitrusBerry|Regenerator|RagePowder,Spore,Protect,PollenPuff|||M|||50|,,,,,Water]Primarina||ChoiceSpecs|LiquidVoice|HyperVoice,Moonblast,IceBeam,Psychic|||F|||50|,,,,,Water]Pelipper||FocusSash|Drizzle|Tailwind,Protect,Hurricane,WeatherBall|||M|||50|,,,,,Water
|inactive|Battle timer is ON: inactive players will automatically lose when time's up. (requested by Mikandoer)
|
|t:|1757740510
|teamsize|p1|4
|teamsize|p2|4
|start
|switch|p1a: Ninetales|Ninetales-Alola, L50, M|100/100
|switch|p1b: Rillaboom|Rillaboom, L50, M|100/100
|switch|p2a: Incineroar|Incineroar, L50, F|100/100
|switch|p2b: Annihilape|Annihilape, L50, M|100/100
|-weather|Snowscape|[from] ability: Snow Warning|[of] p1a: Ninetales
|-fieldstart|move: Grassy Terrain|[from] ability: Grassy Surge|[of] p1b: Rillaboom
|-ability|p2a: Incineroar|Intimidate|boost
|-unboost|p1a: Ninetales|atk|1
|-unboost|p1b: Rillaboom|atk|1
|turn|1
|inactive|ravus9 has 30 seconds left.
|
|t:|1757740536
|move|p1b: Rillaboom|Fake Out|p2a: Incineroar
|-damage|p2a: Incineroar|93/100
|cant|p2a: Incineroar|flinch
|move|p1a: Ninetales|Aurora Veil|p1a: Ninetales
|-sidestart|p1: ravus9|move: Aurora Veil
|move|p2b: Annihilape|Bulk Up|p2b: Annihilape
|-boost|p2b: Annihilape|atk|1
|-boost|p2b: Annihilape|def|1
|
|-weather|Snowscape|[upkeep]
|-heal|p2a: Incineroar|99/100|[from] Grassy Terrain
|upkeep
|turn|2
|inactive|ravus9 has 30 seconds left.
|inactive|Mikandoer has 30 seconds left.
|inactive|ravus9 has 20 seconds left.
|inactive|Mikandoer has 20 seconds left.
|
|t:|1757740573
|switch|p1b: Baxcalibur|Baxcalibur, L50, M|100/100
|switch|p2a: Pelipper|Pelipper, L50, M|100/100
|-weather|RainDance|[from] ability: Drizzle|[of] p2a: Pelipper
|-terastallize|p2b: Annihilape|Steel
|move|p1a: Ninetales|Protect|p1a: Ninetales
|-singleturn|p1a: Ninetales|Protect
|move|p2b: Annihilape|Rage Fist|p1a: Ninetales
|-activate|p1a: Ninetales|move: Protect
|
|-weather|RainDance|[upkeep]
|upkeep
|turn|3
|inactive|ravus9 has 30 seconds left.
|
|t:|1757740603
|switch|p1b: Sneasler|Sneasler, L50, M|100/100
|move|p1a: Ninetales|Freeze-Dry|p2a: Pelipper
|-supereffective|p2a: Pelipper
|-enditem|p2a: Pelipper|Focus Sash
|-damage|p2a: Pelipper|1/100
|move|p2a: Pelipper|Tailwind|p2a: Pelipper
|-sidestart|p2: Mikandoer|move: Tailwind
|move|p2b: Annihilape|Drain Punch|p1b: Sneasler
|-resisted|p1b: Sneasler
|-damage|p1b: Sneasler|67/100
|
|-weather|RainDance|[upkeep]
|-heal|p1b: Sneasler|73/100|[from] Grassy Terrain
|upkeep
|turn|4
|inactive|ravus9 has 30 seconds left.
|
|t:|1757740630
|switch|p2a: Incineroar|Incineroar, L50, F|99/100
|-ability|p2a: Incineroar|Intimidate|boost
|-unboost|p1a: Ninetales|atk|1
|-unboost|p1b: Sneasler|atk|1
|switch|p1a: Rillaboom|Rillaboom, L50, M|100/100
|move|p1b: Sneasler|Fake Out|p2a: Incineroar
|-damage|p2a: Incineroar|91/100
|move|p2b: Annihilape|Rage Fist|p1b: Sneasler
|-damage|p1b: Sneasler|28/100
|
|-weather|RainDance|[upkeep]
|-heal|p1b: Sneasler|34/100|[from] Grassy Terrain
|-heal|p2a: Incineroar|97/100|[from] Grassy Terrain
|upkeep
|turn|5
|inactive|ravus9 has 30 seconds left.
|
|t:|1757740660
|switch|p1b: Ninetales|Ninetales-Alola, L50, M|100/100
|-weather|Snowscape|[from] ability: Snow Warning|[of] p1b: Ninetales
|switch|p2a: Amoonguss|Amoonguss, L50, M|100/100
|move|p2b: Annihilape|Protect|p2b: Annihilape
|-singleturn|p2b: Annihilape|Protect
|move|p1a: Rillaboom|Fake Out|p2a: Amoonguss
|-damage|p2a: Amoonguss|88/100
|
|-weather|Snowscape|[upkeep]
|-heal|p2a: Amoonguss|94/100|[from] Grassy Terrain
|-fieldend|move: Grassy Terrain
|upkeep
|turn|6
|inactive|ravus9 has 30 seconds left.
|inactive|Mikandoer has 30 seconds left.
|inactive|ravus9 has 20 seconds left.
|inactive|ravus9 has 15 seconds left.
|inactive|ravus9 has 10 seconds left.
|inactive|ravus9 has 5 seconds left.
|
|t:|1757740710
|switch|p2a: Incineroar|Incineroar, L50, F|97/100
|-ability|p2a: Incineroar|Intimidate|boost
|-unboost|p1a: Rillaboom|atk|1
|-unboost|p1b: Ninetales|atk|1
|move|p2b: Annihilape|Drain Punch|p1a: Rillaboom
|-damage|p1a: Rillaboom|68/100
|move|p1b: Ninetales|Freeze-Dry|p2a: Incineroar
|-resisted|p2a: Incineroar
|-damage|p2a: Incineroar|86/100
|move|p1a: Rillaboom|High Horsepower|p2b: Annihilape
|-supereffective|p2b: Annihilape
|-damage|p2b: Annihilape|71/100
|
|-weather|Snowscape|[upkeep]
|-heal|p2b: Annihilape|77/100|[from] item: Leftovers
|-sideend|p2: Mikandoer|move: Tailwind
|upkeep
|turn|7
|inactive|ravus9 has 30 seconds left.
|
|t:|1757740739
|switch|p1a: Baxcalibur|Baxcalibur, L50, M|100/100
|move|p1b: Ninetales|Protect|p1b: Ninetales
|-singleturn|p1b: Ninetales|Protect
|move|p2b: Annihilape|Protect|p2b: Annihilape
|-singleturn|p2b: Annihilape|Protect
|move|p2a: Incineroar|Flare Blitz|p1a: Baxcalibur
|-crit|p1a: Baxcalibur
|-damage|p1a: Baxcalibur|52/100
|-ability|p1a: Baxcalibur|Thermal Exchange|boost
|-boost|p1a: Baxcalibur|atk|1
|-damage|p2a: Incineroar|71/100|[from] Recoil
|
|-weather|Snowscape|[upkeep]
|-heal|p2b: Annihilape|83/100|[from] item: Leftovers
|upkeep
|turn|8
|inactive|ravus9 has 30 seconds left.
|inactive|ravus9 has 20 seconds left.
|inactive|ravus9 has 15 seconds left.
|
|t:|1757740780
|switch|p1b: Rillaboom|Rillaboom, L50, M|68/100
|-fieldstart|move: Grassy Terrain|[from] ability: Grassy Surge|[of] p1b: Rillaboom
|move|p1a: Baxcalibur|Scale Shot|p2a: Incineroar
|-damage|p2a: Incineroar|51/100
|-damage|p2a: Incineroar|32/100
|-damage|p2a: Incineroar|13/100
|-damage|p2a: Incineroar|0 fnt
|faint|p2a: Incineroar
|-hitcount|p2: Incineroar|4
|-unboost|p1a: Baxcalibur|def|1
|-boost|p1a: Baxcalibur|spe|1
|move|p2b: Annihilape|Rage Fist|p1a: Baxcalibur
|-damage|p1a: Baxcalibur|5/100
|
|-weather|Snowscape|[upkeep]
|-heal|p1a: Baxcalibur|11/100|[from] Grassy Terrain
|-heal|p2b: Annihilape|89/100|[from] Grassy Terrain
|-heal|p2b: Annihilape|95/100|[from] item: Leftovers
|-heal|p1b: Rillaboom|73/100|[from] Grassy Terrain
|-sideend|p1: ravus9|move: Aurora Veil
|upkeep
|inactive|Mikandoer has 30 seconds left.
|inactive|Mikandoer has 20 seconds left.
|inactive|Mikandoer has 15 seconds left.
|
|t:|1757740821
|switch|p2a: Amoonguss|Amoonguss, L50, M|100/100
|turn|9
|
|t:|1757740843
|move|p2b: Annihilape|Protect|p2b: Annihilape
|-singleturn|p2b: Annihilape|Protect
|move|p2a: Amoonguss|Protect|p2a: Amoonguss
|-singleturn|p2a: Amoonguss|Protect
|move|p1b: Rillaboom|Fake Out|p2b: Annihilape
|-activate|p2b: Annihilape|move: Protect
|move|p1a: Baxcalibur|Icicle Spear|p2a: Amoonguss
|-activate|p2a: Amoonguss|move: Protect
|
|-weather|none
|-heal|p1a: Baxcalibur|18/100|[from] Grassy Terrain
|-heal|p2b: Annihilape|100/100|[from] Grassy Terrain
|-heal|p1b: Rillaboom|79/100|[from] Grassy Terrain
|upkeep
|turn|10
|inactive|ravus9 has 30 seconds left.
|inactive|Mikandoer has 30 seconds left.
|
|t:|1757740876
|switch|p1b: Sneasler|Sneasler, L50, M|34/100
|move|p1a: Baxcalibur|Icicle Spear|p2a: Amoonguss
|-supereffective|p2a: Amoonguss
|-damage|p2a: Amoonguss|57/100
|-supereffective|p2a: Amoonguss
|-damage|p2a: Amoonguss|15/100
|-enditem|p2a: Amoonguss|Sitrus Berry|[eat]
|-heal|p2a: Amoonguss|40/100|[from] item: Sitrus Berry
|-supereffective|p2a: Amoonguss
|-damage|p2a: Amoonguss|0 fnt
|faint|p2a: Amoonguss
|-hitcount|p2: Amoonguss|3
|move|p2b: Annihilape|Drain Punch|p1a: Baxcalibur
|-supereffective|p1a: Baxcalibur
|-damage|p1a: Baxcalibur|0 fnt
|faint|p1a: Baxcalibur
|
|-heal|p1b: Sneasler|40/100|[from] Grassy Terrain
|upkeep
|
|t:|1757740895
|switch|p1a: Ninetales|Ninetales-Alola, L50, M|100/100
|switch|p2a: Pelipper|Pelipper, L50, M|1/100
|-weather|Snowscape|[from] ability: Snow Warning|[of] p1a: Ninetales
|-weather|RainDance|[from] ability: Drizzle|[of] p2a: Pelipper
|turn|11
|inactive|ravus9 has 30 seconds left.
|inactive|ravus9 has 20 seconds left.
|inactive|ravus9 has 15 seconds left.
|inactive|ravus9 has 10 seconds left.
|inactive|ravus9 has 5 seconds left.
|
|t:|1757740946
|switch|p1a: Rillaboom|Rillaboom, L50, M|79/100
|move|p1b: Sneasler|Fake Out|p2a: Pelipper
|-damage|p2a: Pelipper|0 fnt
|faint|p2a: Pelipper
|move|p2b: Annihilape|Rage Fist|p1b: Sneasler
|-damage|p1b: Sneasler|0 fnt
|faint|p1b: Sneasler
|
|-weather|RainDance|[upkeep]
|-heal|p1a: Rillaboom|85/100|[from] Grassy Terrain
|upkeep
|
|t:|1757740960
|switch|p1b: Ninetales|Ninetales-Alola, L50, M|100/100
|-weather|Snowscape|[from] ability: Snow Warning|[of] p1b: Ninetales
|turn|12
|inactive|ravus9 has 30 seconds left.
|inactive|ravus9 has 20 seconds left.
|inactive|ravus9 has 15 seconds left.
|inactive|ravus9 has 10 seconds left.
|
|t:|1757740990
|move|p2b: Annihilape|Protect|p2b: Annihilape
|-singleturn|p2b: Annihilape|Protect
|move|p1a: Rillaboom|Fake Out|p2b: Annihilape
|-activate|p2b: Annihilape|move: Protect
|move|p1b: Ninetales|Aurora Veil|p1b: Ninetales
|-sidestart|p1: ravus9|move: Aurora Veil
|
|-weather|Snowscape|[upkeep]
|-heal|p1a: Rillaboom|91/100|[from] Grassy Terrain
|-fieldend|move: Grassy Terrain
|upkeep
|turn|13
|inactive|ravus9 has 10 seconds left this turn.
|inactive|ravus9 has 5 seconds left.
|-message|ravus9 lost due to inactivity.
|
|win|Mikandoer
|l|☆Mikandoer
|player|p2|
||Mikandoer is ready for game 2.
|j|☆Mikandoer
|player|p2|Mikandoer|2|
|inactive|ravus9 has 30 seconds to confirm battle start!
|c|☆ravus9|Wtf
||ravus9 is ready for game 2.
|uhtml|next|Next: Game 2 of 3
|j| rebeccadupris
