|j|☆furretjebus
|j|☆rodjilius
|html|furretjebusrodjilius    
|uhtml|bestof|Game 3 of a best-of-3
|t:|1754660608
|gametype|doubles
|player|p1|furretjebus|1|1179
|player|p2|rodjilius|benga|1171
|gen|9
|tier|[Gen 9] VGC 2025 Reg H (Bo3)
|rated|
|rule|Species Clause: Limit one of each Pokémon
|rule|Item Clause: Limit 1 of each item
|clearpoke
|poke|p1|Garchomp, L50, F|
|poke|p1|Jumpluff, L50, M|
|poke|p1|Torkoal, L50, F|
|poke|p1|Dragonite, L50, F|
|poke|p1|Kingambit, L50, M|
|poke|p1|Typhlosion-Hisui, L50, M|
|poke|p2|Kommo-o, L50, M|
|poke|p2|Rillaboom, L50, F|
|poke|p2|Gholdengo, L50|
|poke|p2|Arcanine-Hisui, L50, F|
|poke|p2|Grimmsnarl, L50, M|
|poke|p2|Primarina, L50, F|
|teampreview|4
|showteam|p1|Garchomp||LifeOrb|RoughSkin|Earthquake,DragonClaw,StompingTantrum,Protect|||F|||50|,,,,,Fairy]Jumpluff||CovertCloak|Chlorophyll|LeafStorm,SleepPowder,Encore,Tailwind|||M|||50|,,,,,Poison]Torkoal||EjectPack|Drought|Overheat,BurningJealousy,HelpingHand,Protect|||F|||50|,,,,,Flying]Dragonite||LumBerry|Multiscale|ExtremeSpeed,IceSpinner,StompingTantrum,Protect|||F|||50|,,,,,Fairy]Kingambit||AssaultVest|Defiant|IronHead,SuckerPunch,Assurance,LowKick|||M|||50|,,,,,Flying]Typhlosion-Hisui||ChoiceSpecs|Blaze|Eruption,ShadowBall,HeatWave,Overheat|||M|||50|,,,,,Fire
|showteam|p2|Kommo-o||Leftovers|Overcoat|BodyPress,IronDefense,ShadowClaw,Protect|||M|||50|,,,,,Fire]Rillaboom||AssaultVest|GrassySurge|FakeOut,WoodHammer,Uturn,GrassyGlide|||F|||50|,,,,,Water]Gholdengo||ChoiceSpecs|GoodasGold|MakeItRain,ShadowBall,DazzlingGleam,Trick||||||50|,,,,,Fairy]Arcanine-Hisui||ClearAmulet|Intimidate|RockSlide,FlareBlitz,ExtremeSpeed,Protect|||F|||50|,,,,,Grass]Grimmsnarl||LightClay|Prankster|Reflect,LightScreen,SpiritBreak,ThunderWave|||M|||50|,,,,,Steel]Primarina||GrassySeed|LiquidVoice|HyperVoice,Haze,Moonblast,Protect|||F|||50|,,,,,Poison
|inactive|Battle timer is ON: inactive players will automatically lose when time's up. (requested by rodjilius)
|inactive|furretjebus has 60 seconds left.
|
|t:|1754660657
|teamsize|p1|4
|teamsize|p2|4
|start
|switch|p1a: Kingambit|Kingambit, L50, M|100/100
|switch|p1b: Jumpluff|Jumpluff, L50, M|100/100
|switch|p2a: Gholdengo|Gholdengo, L50|100/100
|switch|p2b: Grimmsnarl|Grimmsnarl, L50, M|100/100
|turn|1
|
|t:|1754660669
|-terastallize|p2a: Gholdengo|Fairy
|move|p2b: Grimmsnarl|Reflect|p2b: Grimmsnarl
|-sidestart|p2: rodjilius|Reflect
|move|p1b: Jumpluff|Encore|p2b: Grimmsnarl
|-start|p2b: Grimmsnarl|Encore
|move|p2a: Gholdengo|Make It Rain|p1b: Jumpluff|[spread] p1a,p1b
|-resisted|p1a: Kingambit
|-damage|p1a: Kingambit|77/100
|-damage|p1b: Jumpluff|31/100
|-unboost|p2a: Gholdengo|spa|1
|move|p1a: Kingambit|Iron Head|p2a: Gholdengo
|-supereffective|p2a: Gholdengo
|-damage|p2a: Gholdengo|41/100
|
|upkeep
|turn|2
|
|t:|1754660685
|switch|p2a: Kommo-o|Kommo-o, L50, M|100/100
|move|p2b: Grimmsnarl|Reflect||[still]
|-fail|p2b: Grimmsnarl
|move|p1b: Jumpluff|Tailwind|p1b: Jumpluff
|-sidestart|p1: furretjebus|move: Tailwind
|move|p1a: Kingambit|Iron Head|p2b: Grimmsnarl
|-supereffective|p2b: Grimmsnarl
|-damage|p2b: Grimmsnarl|39/100
|
|upkeep
|turn|3
|
|t:|1754660699
|-terastallize|p1a: Kingambit|Flying
|move|p2b: Grimmsnarl|Reflect||[still]
|-fail|p2b: Grimmsnarl
|move|p1b: Jumpluff|Sleep Powder|p2b: Grimmsnarl
|-status|p2b: Grimmsnarl|slp|[from] move: Sleep Powder
|move|p1a: Kingambit|Iron Head|p2a: Kommo-o
|-damage|p2a: Kommo-o|79/100
|move|p2a: Kommo-o|Body Press|p1a: Kingambit
|-resisted|p1a: Kingambit
|-damage|p1a: Kingambit|61/100
|
|-heal|p2a: Kommo-o|85/100|[from] item: Leftovers
|upkeep
|turn|4
|
|t:|1754660714
|switch|p1b: Garchomp|Garchomp, L50, F|100/100
|cant|p2b: Grimmsnarl|slp
|move|p1a: Kingambit|Iron Head|p2a: Kommo-o
|-damage|p2a: Kommo-o|65/100
|move|p2a: Kommo-o|Shadow Claw|p1b: Garchomp
|-damage|p1b: Garchomp|82/100
|-damage|p2a: Kommo-o|52/100|[from] ability: Rough Skin|[of] p1b: Garchomp
|
|-heal|p2a: Kommo-o|59/100|[from] item: Leftovers
|-end|p2b: Grimmsnarl|Encore
|upkeep
|turn|5
|
|t:|1754660732
|move|p2a: Kommo-o|Protect|p2a: Kommo-o
|-singleturn|p2a: Kommo-o|Protect
|cant|p2b: Grimmsnarl|slp
|move|p1b: Garchomp|Dragon Claw|p2a: Kommo-o
|-activate|p2a: Kommo-o|move: Protect
|move|p1a: Kingambit|Iron Head|p2b: Grimmsnarl
|-supereffective|p2b: Grimmsnarl
|-damage|p2b: Grimmsnarl|0 fnt
|faint|p2b: Grimmsnarl
|
|-heal|p2a: Kommo-o|65/100|[from] item: Leftovers
|-sideend|p1: furretjebus|move: Tailwind
|upkeep
|
|t:|1754660744
|switch|p2b: Arcanine|Arcanine-Hisui, L50, F|100/100
|-ability|p2b: Arcanine|Intimidate|boost
|-unboost|p1a: Kingambit|atk|1
|-ability|p1a: Kingambit|Defiant|boost
|-boost|p1a: Kingambit|atk|2
|-unboost|p1b: Garchomp|atk|1
|turn|6
|
|t:|1754660760
|move|p2b: Arcanine|Protect|p2b: Arcanine
|-singleturn|p2b: Arcanine|Protect
|move|p1a: Kingambit|Sucker Punch||[still]
|-fail|p1a: Kingambit
|move|p1b: Garchomp|Dragon Claw|p2a: Kommo-o
|-supereffective|p2a: Kommo-o
|-damage|p2a: Kommo-o|32/100
|-damage|p1b: Garchomp|73/100|[from] item: Life Orb
|move|p2a: Kommo-o|Iron Defense|p2a: Kommo-o
|-boost|p2a: Kommo-o|def|2
|
|-heal|p2a: Kommo-o|38/100|[from] item: Leftovers
|upkeep
|turn|7
|inactive|rodjilius has 30 seconds left.
|
|t:|1754660790
|move|p1b: Garchomp|Protect|p1b: Garchomp
|-singleturn|p1b: Garchomp|Protect
|move|p2a: Kommo-o|Body Press|p1b: Garchomp
|-activate|p1b: Garchomp|move: Protect
|move|p2b: Arcanine|Rock Slide|p1b: Garchomp|[spread] p1a
|-activate|p1b: Garchomp|move: Protect
|-supereffective|p1a: Kingambit
|-damage|p1a: Kingambit|14/100
|cant|p1a: Kingambit|flinch
|
|-heal|p2a: Kommo-o|44/100|[from] item: Leftovers
|upkeep
|turn|8
|inactive|furretjebus has 30 seconds left.
|
|t:|1754660821
|move|p2b: Arcanine|Extreme Speed|p1a: Kingambit
|-damage|p1a: Kingambit|0 fnt
|faint|p1a: Kingambit
|move|p1b: Garchomp|Stomping Tantrum|p2b: Arcanine
|-supereffective|p2b: Arcanine
|-damage|p2b: Arcanine|7/100
|-damage|p1b: Garchomp|63/100|[from] item: Life Orb
|move|p2a: Kommo-o|Iron Defense|p2a: Kommo-o
|-boost|p2a: Kommo-o|def|2
|
|-heal|p2a: Kommo-o|50/100|[from] item: Leftovers
|-sideend|p2: rodjilius|Reflect
|upkeep
|
|t:|1754660826
|switch|p1a: Jumpluff|Jumpluff, L50, M|31/100
|turn|9
|
|t:|1754660846
|move|p2b: Arcanine|Extreme Speed|p1a: Jumpluff
|-damage|p1a: Jumpluff|0 fnt
|faint|p1a: Jumpluff
|move|p1b: Garchomp|Earthquake|p2b: Arcanine|[spread] p2a,p2b
|-supereffective|p2b: Arcanine
|-damage|p2a: Kommo-o|41/100
|-damage|p2b: Arcanine|0 fnt
|faint|p2b: Arcanine
|-damage|p1b: Garchomp|53/100|[from] item: Life Orb
|move|p2a: Kommo-o|Body Press|p1b: Garchomp
|-damage|p1b: Garchomp|0 fnt
|-damage|p2a: Kommo-o|29/100|[from] ability: Rough Skin|[of] p1b: Garchomp
|faint|p1b: Garchomp
|
|-heal|p2a: Kommo-o|35/100|[from] item: Leftovers
|upkeep
|-message|furretjebus forfeited.
|
|win|rodjilius
|raw|furretjebus's rating: 1179 → 1153(-26 for losing)
|raw|rodjilius's rating: 1171 → 1197(+26 for winning)
|l|☆rodjilius
|player|p2|
