|j|☆JigglypuffVGC
|j|☆DriveMusic
|html|JigglypuffVGCDriveMusic    
|uhtml|bestof|Game 1 of a best-of-3
|t:|1782367394
|gametype|doubles
|player|p1|JigglypuffVGC|1|1079
|player|p2|DriveMusic|veteranf|1000
|gen|9
|tier|[Gen 9 Champions] VGC 2026 Reg M-B (Bo3)
|rated|
|rule|Species Clause: Limit one of each Pokémon
|rule|Item Clause: Limit 1 of each item
|clearpoke
|poke|p1|Pyroar, L50, F|
|poke|p1|Ninetales, L50, F|
|poke|p1|Whimsicott, L50, F|
|poke|p1|Basculegion, L50, M|
|poke|p1|Floette-Eternal, L50, F|
|poke|p1|Farigiraf, L50, M|
|poke|p2|Dragalge, L50, M|
|poke|p2|Toxapex, L50, F|
|poke|p2|Slowking-Galar, L50, F|
|poke|p2|Samurott-Hisui, L50, M|
|poke|p2|Rhyperior, L50, M|
|poke|p2|Glimmora, L50, M|
|teampreview|4
|showteam|p1|Pyroar||Pyroarite|Unnerve|SolarBeam,HeatWave,Overheat,Protect|Timid||F|||50|]Ninetales||ChoiceScarf|Drought|SolarBeam,FakeTears,HeatWave,Overheat|Modest||F|||50|]Whimsicott||FocusSash|Prankster|Moonblast,Protect,SunnyDay,Tailwind|Timid||F|||50|]Basculegion||LifeOrb|Adaptability|LastRespects,WaveCrash,AquaJet,Protect|Adamant||M|||50|]Floette-Eternal||Floettite|FlowerVeil|LightofRuin,Moonblast,DazzlingGleam,Protect|Modest||F|||50|]Farigiraf||SitrusBerry|ArmorTail|HelpingHand,TrickRoom,Thunderbolt,TwinBeam|Bold||M|||50|
|showteam|p2|Dragalge||Dragalgite|Adaptability|Protect,FlipTurn,DracoMeteor,SludgeBomb|Calm||M|||50|]Toxapex||Leftovers|Regenerator|BanefulBunker,Toxic,Infestation,Recover|Bold||F|||50|]Slowking-Galar||SitrusBerry|Regenerator|Protect,ChillyReception,Psychic,SludgeBomb|Calm||F|||50|]Samurott-Hisui||ChoiceScarf|Sharpness|SacredSword,CeaselessEdge,AquaCutter,FlipTurn|Jolly||M|||50|]Rhyperior||PasshoBerry|LightningRod|Protect,HighHorsepower,RockSlide,BodyPress|Impish||M|||50|]Glimmora||FocusSash|ToxicDebris|SpikyShield,StealthRock,PowerGem,SludgeBomb|Timid||M|||50|
|inactive|Battle timer is ON: inactive players will automatically lose when time's up. (requested by DriveMusic)
|inactive|JigglypuffVGC has 60 seconds left.
|inactive|JigglypuffVGC has 30 seconds left.
|inactive|JigglypuffVGC has 20 seconds left.
|inactive|JigglypuffVGC has 15 seconds left.
|
|t:|1782367494
|teamsize|p1|4
|teamsize|p2|4
|start
|switch|p1a: Ninetales|Ninetales, L50, F|100/100
|switch|p1b: Floette|Floette-Eternal, L50, F|100/100
|switch|p2a: Samurott|Samurott-Hisui, L50, M|100/100
|switch|p2b: Slowking|Slowking-Galar, L50, F|100/100
|-weather|SunnyDay|[from] ability: Drought|[of] p1a: Ninetales
|turn|1
|inactive|JigglypuffVGC has 30 seconds left.
|inactive|JigglypuffVGC has 20 seconds left.
|inactive|JigglypuffVGC has 15 seconds left.
|inactive|JigglypuffVGC has 10 seconds left.
|
|t:|1782367539
|detailschange|p1b: Floette|Floette-Mega, L50, F
|-mega|p1b: Floette|Floette|Floettite
|-ability|p1b: Floette|Fairy Aura
|move|p1a: Ninetales|Fake Tears|p2b: Slowking
|-unboost|p2b: Slowking|spd|2
|move|p2a: Samurott|Aqua Cutter|p1a: Ninetales
|-supereffective|p1a: Ninetales|1
|-damage|p1a: Ninetales|29/100
|move|p1b: Floette|Dazzling Gleam|p2a: Samurott|[spread] p2a,p2b
|-supereffective|p2a: Samurott|1
|-resisted|p2b: Slowking|1
|-damage|p2a: Samurott|0 fnt
|-damage|p2b: Slowking|62/100
|faint|p2a: Samurott
|-prepare|p2b: Slowking|Chilly Reception|[premajor]
|move|p2b: Slowking|Chilly Reception|p2b: Slowking
|-weather|Snowscape
|
|t:|1782367554
|-heal|p2b: Slowking|96/100|[from] ability: Regenerator|[silent]
|switch|p2b: Toxapex|Toxapex, L50, F|100/100|[from] Chilly Reception
|
|-weather|Snowscape|[upkeep]
|upkeep
|
|t:|1782367562
|switch|p2a: Slowking|Slowking-Galar, L50, F|96/100
|turn|2
|
|t:|1782367582
|move|p1a: Ninetales|Fake Tears|p2a: Slowking
|-unboost|p2a: Slowking|spd|2
|move|p1b: Floette|Light of Ruin|p2a: Slowking
|-resisted|p2a: Slowking|1
|-damage|p2a: Slowking|15/100
|-enditem|p2a: Slowking|Sitrus Berry|[eat]
|-heal|p2a: Slowking|40/100|[from] item: Sitrus Berry
|-damage|p1b: Floette|45/100|[from] Recoil
|move|p2b: Toxapex|Toxic|p1b: Floette
|-status|p1b: Floette|tox
|move|p2a: Slowking|Sludge Bomb|p1b: Floette
|-supereffective|p1b: Floette|1
|-damage|p1b: Floette|0 fnt
|faint|p1b: Floette
|
|-weather|Snowscape|[upkeep]
|upkeep
|
|t:|1782367595
|switch|p1b: Whimsicott|Whimsicott, L50, F|100/100
|turn|3
|
|t:|1782367607
|-heal|p2a: Slowking|73/100|[from] ability: Regenerator|[silent]
|switch|p2a: Dragalge|Dragalge, L50, M|100/100
|move|p1a: Ninetales|Fake Tears|p2a: Dragalge
|-unboost|p2a: Dragalge|spd|2
|move|p1b: Whimsicott|Moonblast|p2a: Dragalge
|-damage|p2a: Dragalge|51/100
|move|p2b: Toxapex|Toxic|p1b: Whimsicott
|-status|p1b: Whimsicott|tox
|
|-weather|Snowscape|[upkeep]
|-damage|p1b: Whimsicott|94/100 tox|[from] psn
|upkeep
|turn|4
|
|t:|1782367615
|detailschange|p2a: Dragalge|Dragalge-Mega, L50, M
|-mega|p2a: Dragalge|Dragalge|Dragalgite
|move|p1a: Ninetales|Fake Tears|p2a: Dragalge
|-unboost|p2a: Dragalge|spd|2
|move|p1b: Whimsicott|Moonblast|p2a: Dragalge
|-damage|p2a: Dragalge|0 fnt
|faint|p2a: Dragalge
|move|p2b: Toxapex|Infestation|p1b: Whimsicott
|-damage|p1b: Whimsicott|89/100 tox
|-activate|p1b: Whimsicott|move: Infestation|[of] p2b: Toxapex
|
|-weather|Snowscape|[upkeep]
|-damage|p1b: Whimsicott|78/100 tox|[from] psn
|-damage|p1b: Whimsicott|65/100 tox|[from] move: Infestation|[partiallytrapped]
|upkeep
|
|t:|1782367623
|switch|p2a: Slowking|Slowking-Galar, L50, F|73/100
|turn|5
|
|t:|1782367628
|move|p2a: Slowking|Protect|p2a: Slowking
|-singleturn|p2a: Slowking|Protect
|move|p1a: Ninetales|Fake Tears|p2a: Slowking
|-activate|p2a: Slowking|move: Protect
|move|p1b: Whimsicott|Moonblast|p2a: Slowking
|-activate|p2a: Slowking|move: Protect
|move|p2b: Toxapex|Toxic|p1a: Ninetales
|-status|p1a: Ninetales|tox
|
|-weather|none
|-damage|p1a: Ninetales|23/100 tox|[from] psn
|-damage|p1b: Whimsicott|48/100 tox|[from] psn
|-damage|p1b: Whimsicott|35/100 tox|[from] move: Infestation|[partiallytrapped]
|upkeep
|turn|6
|
|t:|1782367637
|move|p1a: Ninetales|Fake Tears|p2a: Slowking
|-unboost|p2a: Slowking|spd|2
|move|p1b: Whimsicott|Moonblast|p2a: Slowking
|-resisted|p2a: Slowking|1
|-damage|p2a: Slowking|51/100
|move|p2b: Toxapex|Infestation|p1a: Ninetales
|-resisted|p1a: Ninetales|1
|-damage|p1a: Ninetales|21/100 tox
|-activate|p1a: Ninetales|move: Infestation|[of] p2b: Toxapex
|move|p2a: Slowking|Psychic|p1a: Ninetales
|-damage|p1a: Ninetales|0 fnt
|faint|p1a: Ninetales
|
|-damage|p1b: Whimsicott|12/100 tox|[from] psn
|-damage|p1b: Whimsicott|0 fnt|[from] move: Infestation|[partiallytrapped]
|faint|p1b: Whimsicott
|upkeep
|
|t:|1782367644
|switch|p1b: Basculegion|Basculegion, L50, M|100/100
|turn|7
|
|t:|1782367659
|move|p1b: Basculegion|Protect|p1b: Basculegion
|-singleturn|p1b: Basculegion|Protect
|move|p2a: Slowking|Protect|p2a: Slowking
|-singleturn|p2a: Slowking|Protect
|move|p2b: Toxapex|Toxic|p1b: Basculegion
|-activate|p1b: Basculegion|move: Protect
|
|upkeep
|turn|8
|
|t:|1782367668
|move|p1b: Basculegion|Last Respects|p2a: Slowking
|-supereffective|p2a: Slowking|1
|-damage|p2a: Slowking|0 fnt
|faint|p2a: Slowking
|-damage|p1b: Basculegion|90/100|[from] item: Life Orb
|move|p2b: Toxapex|Toxic|p1b: Basculegion
|-status|p1b: Basculegion|tox
|
|-damage|p1b: Basculegion|84/100 tox|[from] psn
|upkeep
|turn|9
|
|t:|1782367674
|move|p2b: Toxapex|Baneful Bunker|p2b: Toxapex
|-singleturn|p2b: Toxapex|move: Protect
|move|p1b: Basculegion|Last Respects|p2b: Toxapex
|-activate|p2b: Toxapex|move: Protect
|
|-damage|p1b: Basculegion|72/100 tox|[from] psn
|upkeep
|turn|10
|
|t:|1782367680
|move|p1b: Basculegion|Last Respects|p2b: Toxapex
|-damage|p2b: Toxapex|0 fnt
|faint|p2b: Toxapex
|-damage|p1b: Basculegion|63/100 tox|[from] item: Life Orb
|
|win|JigglypuffVGC
||DriveMusic is ready for game 2.
||JigglypuffVGC is ready for game 2.
|uhtml|next|Next: Game 2 of 3
|l|☆DriveMusic
|player|p2|
