|j|☆Nacos
|j|☆B-Nut17
|html|NacosB-Nut17    
|uhtml|bestof|Game 3 of a best-of-3
|t:|1755453914
|gametype|doubles
|player|p1|Nacos|102|1273
|player|p2|B-Nut17|dawn|1186
|gen|9
|tier|[Gen 9] VGC 2025 Reg H (Bo3)
|rated|
|rule|Species Clause: Limit one of each Pokémon
|rule|Item Clause: Limit 1 of each item
|clearpoke
|poke|p1|Pelipper, L50, F|
|poke|p1|Archaludon, L50, F|
|poke|p1|Basculegion, L50, M|
|poke|p1|Sneasler, L50, M|
|poke|p1|Incineroar, L50, M|
|poke|p1|Indeedee, L50, M|
|poke|p2|Incineroar, L50, F|
|poke|p2|Palafin, L50, M|
|poke|p2|Archaludon, L50, M|
|poke|p2|Pelipper, L50, F|
|poke|p2|Tsareena, L50, F|
|poke|p2|Maushold-Four, L50|
|teampreview|4
|showteam|p1|Pelipper||CovertCloak|Drizzle|Tailwind,Protect,WeatherBall,Hurricane|||F|||50|,,,,,Steel]Archaludon||AssaultVest|Stamina|ElectroShot,DracoMeteor,FlashCannon,BodyPress|||F|||50|,,,,,Grass]Basculegion||ChoiceBand|SwiftSwim|WaveCrash,LastRespects,FlipTurn,AquaJet|||M|||50|,,,,,Water]Sneasler||PsychicSeed|Unburden|DireClaw,CloseCombat,ThroatChop,Protect|||M|||50|,,,,,Dark]Incineroar||SafetyGoggles|Intimidate|FakeOut,KnockOff,Taunt,PartingShot|||M|||50|,,,,,Water]Indeedee||FocusSash|PsychicSurge|ExpandingForce,TrickRoom,Imprison,Protect|||M|||50|,,,,,Fairy
|showteam|p2|Incineroar||SafetyGoggles|Intimidate|FakeOut,PartingShot,WillOWisp,KnockOff|||F|||50|,,,,,Water]Palafin||MysticWater|ZerotoHero|WaveCrash,JetPunch,CloseCombat,Protect|||M|||50|,,,,,Water]Archaludon||AssaultVest|Stamina|ElectroShot,FlashCannon,DracoMeteor,BodyPress|||M|||50|,,,,,Grass]Pelipper||FocusSash|Drizzle|WeatherBall,Hurricane,Tailwind,Protect|||F|||50|,,,,,Ground]Tsareena||WideLens|QueenlyMajesty|PowerWhip,TripleAxel,Taunt,HighJumpKick|||F|||50|,,,,,Fire]Maushold-Four||RockyHelmet|FriendGuard|FollowMe,BeatUp,Taunt,Protect||||||50|,,,,,Ghost
|inactive|Battle timer is ON: inactive players will automatically lose when time's up. (requested by B-Nut17)
|inactive|Nacos has 60 seconds left.
|
|t:|1755453962
|teamsize|p1|4
|teamsize|p2|4
|start
|switch|p1a: Pelipper|Pelipper, L50, F|100/100
|switch|p1b: Archaludon|Archaludon, L50, F|100/100
|switch|p2a: Maushold|Maushold-Four, L50|100/100
|switch|p2b: Archaludon|Archaludon, L50, M|100/100
|-weather|RainDance|[from] ability: Drizzle|[of] p1a: Pelipper
|turn|1
|
|t:|1755453983
|move|p1a: Pelipper|Protect|p1a: Pelipper
|-singleturn|p1a: Pelipper|Protect
|move|p2a: Maushold|Beat Up|p2b: Archaludon
|-damage|p2b: Archaludon|99/100
|-ability|p2b: Archaludon|Stamina|boost
|-boost|p2b: Archaludon|def|1
|-damage|p2b: Archaludon|98/100
|-ability|p2b: Archaludon|Stamina|boost
|-boost|p2b: Archaludon|def|1
|-damage|p2b: Archaludon|97/100
|-ability|p2b: Archaludon|Stamina|boost
|-boost|p2b: Archaludon|def|1
|-damage|p2b: Archaludon|97/100
|-ability|p2b: Archaludon|Stamina|boost
|-boost|p2b: Archaludon|def|1
|-hitcount|p2b: Archaludon|4
|move|p1b: Archaludon|Electro Shot||[still]
|-prepare|p1b: Archaludon|Electro Shot
|-boost|p1b: Archaludon|spa|1
|-anim|p1b: Archaludon|Electro Shot|p2a: Maushold
|-damage|p2a: Maushold|15/100
|move|p2b: Archaludon|Electro Shot||[still]
|-prepare|p2b: Archaludon|Electro Shot
|-boost|p2b: Archaludon|spa|1
|-anim|p2b: Archaludon|Electro Shot|p1a: Pelipper
|-activate|p1a: Pelipper|move: Protect
|
|-weather|RainDance|[upkeep]
|upkeep
|turn|2
|
|t:|1755454004
|-terastallize|p1b: Archaludon|Grass
|move|p2a: Maushold|Taunt|p1a: Pelipper
|-start|p1a: Pelipper|move: Taunt
|cant|p1a: Pelipper|move: Taunt|Tailwind
|move|p1b: Archaludon|Electro Shot||[still]
|-prepare|p1b: Archaludon|Electro Shot
|-boost|p1b: Archaludon|spa|1
|-anim|p1b: Archaludon|Electro Shot|p2a: Maushold
|-damage|p2a: Maushold|0 fnt
|faint|p2a: Maushold
|move|p2b: Archaludon|Electro Shot||[still]
|-prepare|p2b: Archaludon|Electro Shot
|-boost|p2b: Archaludon|spa|1
|-anim|p2b: Archaludon|Electro Shot|p1a: Pelipper
|-supereffective|p1a: Pelipper
|-damage|p1a: Pelipper|0 fnt
|faint|p1a: Pelipper
|
|-weather|RainDance|[upkeep]
|upkeep
|
|t:|1755454020
|switch|p2a: Palafin|Palafin, L50, M|100/100
|switch|p1a: Sneasler|Sneasler, L50, M|100/100
|turn|3
|
|t:|1755454030
|move|p2a: Palafin|Protect|p2a: Palafin
|-singleturn|p2a: Palafin|Protect
|move|p1a: Sneasler|Dire Claw|p2a: Palafin
|-activate|p2a: Palafin|move: Protect
|move|p1b: Archaludon|Draco Meteor|p2b: Archaludon
|-damage|p2b: Archaludon|8/100
|-unboost|p1b: Archaludon|spa|2
|-ability|p2b: Archaludon|Stamina|boost
|-boost|p2b: Archaludon|def|1
|move|p2b: Archaludon|Electro Shot||[still]
|-prepare|p2b: Archaludon|Electro Shot
|-boost|p2b: Archaludon|spa|1
|-anim|p2b: Archaludon|Electro Shot|p1a: Sneasler
|-damage|p1a: Sneasler|0 fnt
|faint|p1a: Sneasler
|
|-weather|RainDance|[upkeep]
|upkeep
|
|t:|1755454035
|switch|p1a: Basculegion|Basculegion, L50, M|100/100
|turn|4
|
|t:|1755454045
|detailschange|p2a: Palafin|Palafin-Hero, L50, M
|switch|p2a: Incineroar|Incineroar, L50, F|100/100
|-ability|p2a: Incineroar|Intimidate|boost
|-unboost|p1a: Basculegion|atk|1
|-unboost|p1b: Archaludon|atk|1
|move|p1a: Basculegion|Last Respects|p2b: Archaludon
|-damage|p2b: Archaludon|0 fnt
|faint|p2b: Archaludon
|move|p1b: Archaludon|Electro Shot||[still]
|-prepare|p1b: Archaludon|Electro Shot
|-boost|p1b: Archaludon|spa|1
|-anim|p1b: Archaludon|Electro Shot|p2a: Incineroar
|-damage|p2a: Incineroar|44/100
|
|-weather|RainDance|[upkeep]
|upkeep
|
|t:|1755454049
|switch|p2b: Palafin|Palafin-Hero, L50, M|100/100
|-activate|p2b: Palafin|ability: Zero to Hero
|turn|5
|
|t:|1755454063
|move|p2b: Palafin|Protect|p2b: Palafin
|-singleturn|p2b: Palafin|Protect
|move|p1a: Basculegion|Last Respects|p2b: Palafin
|-activate|p2b: Palafin|move: Protect
|move|p1b: Archaludon|Electro Shot||[still]
|-prepare|p1b: Archaludon|Electro Shot
|-boost|p1b: Archaludon|spa|1
|-anim|p1b: Archaludon|Electro Shot|p2a: Incineroar
|-damage|p2a: Incineroar|0 fnt
|faint|p2a: Incineroar
|
|-weather|none
|upkeep
|turn|6
|
|t:|1755454074
|-terastallize|p2b: Palafin|Water
|move|p2b: Palafin|Close Combat|p1b: Archaludon
|-damage|p1b: Archaludon|58/100
|-unboost|p2b: Palafin|def|1
|-unboost|p2b: Palafin|spd|1
|-ability|p1b: Archaludon|Stamina|boost
|-boost|p1b: Archaludon|def|1
|move|p1a: Basculegion|Last Respects|p2b: Palafin
|-damage|p2b: Palafin|0 fnt
|faint|p2b: Palafin
|
|win|Nacos
|raw|Nacos's rating: 1273 → 1292(+19 for winning)
|raw|B-Nut17's rating: 1186 → 1167(-19 for losing)
|c|☆B-Nut17|Gg wo
|l|☆B-Nut17
|player|p2|
