|j|☆KnekroGitano
|j|☆Jarita Peruano
|html|KnekroGitanoJarita Peruano    
|uhtml|bestof|Game 3 of a best-of-3
|t:|1783090037
|gametype|doubles
|player|p1|KnekroGitano|preschooler|
|player|p2|Jarita Peruano|cheren-gen5bw2|
|gen|9
|tier|[Gen 9 Champions] VGC 2026 Reg M-B (Bo3)
|rule|Species Clause: Limit one of each Pokémon
|rule|Item Clause: Limit 1 of each item
|clearpoke
|poke|p1|Greninja, L50, M|
|poke|p1|Ceruledge, L50, F|
|poke|p1|Incineroar, L50, F|
|poke|p1|Sinistcha, L50|
|poke|p1|Milotic, L50, F|
|poke|p1|Floette-Eternal, L50, F|
|poke|p2|Raichu, L50, M|
|poke|p2|Toxapex, L50, M|
|poke|p2|Chimecho, L50, F|
|poke|p2|Incineroar, L50, M|
|poke|p2|Sinistcha, L50|
|poke|p2|Pelipper, L50, F|
|teampreview|4
|showteam|p1|Greninja||Greninjite|Protean|GunkShot,BrickBreak,DarkPulse,Protect|Naive||M|||50|]Ceruledge||ColburBerry|FlashFire|BitterBlade,ShadowSneak,BulkUp,Protect|Adamant||F|||50|]Incineroar||SitrusBerry|Intimidate|FlareBlitz,ThroatChop,PartingShot,FakeOut|Impish||F|||50|]Sinistcha||KasibBerry|Hospitality|MatchaGotcha,RagePowder,LifeDew,Protect|Bold|||||50|]Milotic||Leftovers|Competitive|MuddyWater,Coil,Hypnosis,Protect|Calm||F|||50|]Floette-Eternal||Floettite|FlowerVeil|DrainingKiss,DazzlingGleam,CalmMind,Protect|Timid||F|||50|
|showteam|p2|Raichu||RaichuniteX|LightningRod|FakeOut,BrickBreak,VoltTackle,Protect|Jolly||M|||50|]Toxapex||Leftovers|Regenerator|ToxicSpikes,Infestation,Toxic,BanefulBunker|Bold||M|||50|]Chimecho||Chimechite|Levitate|DazzlingGleam,CalmMind,Psyshock,Protect|Modest||F|||50|]Incineroar||PasshoBerry|Intimidate|Protect,FakeOut,PartingShot,DarkestLariat|Impish||M|||50|]Sinistcha||KasibBerry|Hospitality|MatchaGotcha,TrickRoom,RagePowder,Protect|Bold|||||50|]Pelipper||FocusSash|Drizzle|WeatherBall,Hurricane,WideGuard,HelpingHand|Modest||F|||50|
|j| pokemonalpha.es
|j| Jmf_vgc_92
|j| Shishio israeli
|j| Shishio_Ax
|c|☆Jarita Peruano|como voy a sacar al chimeco aqui shishio vas borracho?
|c| Shishio israeli|Que cojonazos es smh
|c| Shishio_Ax|PERO YO Q
|c| Shishio_Ax|DISELO A CHOMPY
|c| Shishio_Ax|Shake My Head
|c|☆Jarita Peruano|ah
|c| pokemonalpha.es|no puedes ser de un sitio que no existe
|j| free indy
|c| Shishio israeli|Como que a Chompy?
|c| Shishio israeli|Si yo soy Kreksu
|c|☆Jarita Peruano|no me lo creo demuestralo
|c| free indy|a mi me parecen las megas buenas eh
|c| free indy|chimecho y greninja
|c| free indy|raichu tampoco esta mal
|c| pokemonalpha.es|shishio israeli cuantos riñones tienes
|c| Shishio_Ax|Emilio cocinas muy fuerte tio
|c| Shishio israeli|1 pero muy grande
|c| Shishio israeli|ves?
|c| pokemonalpha.es|jdr es kreksu
|
|t:|1783090103
|teamsize|p1|4
|teamsize|p2|4
|start
|switch|p1a: Sinistcha|Sinistcha, L50|100/100
|switch|p1b: Floette|Floette-Eternal, L50, F|100/100
|switch|p2a: Chimecho|Chimecho, L50, F|100/100
|switch|p2b: Incineroar|Incineroar, L50, M|100/100
|-ability|p2b: Incineroar|Intimidate|boost
|-block|p1a: Sinistcha|ability: Flower Veil|[of] p1b: Floette
|-unboost|p1b: Floette|atk|1
|turn|1
|c| free indy|jaajjajajajajajaja
|c| Shishio_Ax|Kresu tiene solo un riñon?
|c| Shishio israeli|AURA MIGUE
|c| Shishio israeli|VOY CONTIGO
|c| free indy|pero muy grande
|c| pokemonalpha.es|por? lo de mi cocina?
|c| pokemonalpha.es|tiene el riñón como él es como persona
|c| Shishio_Ax|Lo de q no puedes ser de donde no existe
|c| pokemonalpha.es|vale por dow
|c| pokemonalpha.es|dos*
|
|t:|1783090141
|switch|p1a: Milotic|Milotic, L50, F|100/100
|detailschange|p1b: Floette|Floette-Mega, L50, F
|-mega|p1b: Floette|Floette|Floettite
|-ability|p1b: Floette|Fairy Aura
|detailschange|p2a: Chimecho|Chimecho-Mega, L50, F
|-mega|p2a: Chimecho|Chimecho|Chimechite
|move|p1b: Floette|Calm Mind|p1b: Floette
|-boost|p1b: Floette|spa|1
|-boost|p1b: Floette|spd|1
|move|p2b: Incineroar|Parting Shot|p1a: Milotic
|-unboost|p1a: Milotic|atk|1
|-ability|p1a: Milotic|Competitive|boost
|-boost|p1a: Milotic|spa|2
|-unboost|p1a: Milotic|spa|1
|-ability|p1a: Milotic|Competitive|boost
|-boost|p1a: Milotic|spa|2
|c| pokemonalpha.es|ah va sí estoy algo basadungo se podría decir
|c|☆Jarita Peruano|CAGUÉ
|c| Shishio israeli|oju
|c| Shishio_Ax|Ostia
|
|t:|1783090159
|switch|p2b: Pelipper|Pelipper, L50, F|100/100|[from] Parting Shot
|-weather|RainDance|[from] ability: Drizzle|[of] p2b: Pelipper
|move|p2a: Chimecho|Calm Mind|p2a: Chimecho
|-boost|p2a: Chimecho|spa|1
|-boost|p2a: Chimecho|spd|1
|
|-weather|RainDance|[upkeep]
|upkeep
|turn|2
|c| Shishio israeli|Por estas cosas hay que jugar ditto
|c| Shishio_Ax|Y SACAS A PELI
|c| pokemonalpha.es|Y METE AL PELI
|c| Shishio_Ax|PERO Q COJONES
|c| pokemonalpha.es|tiene la pinga del tamaño de la sagrada familia
|c| Shishio israeli|tiene un plan
|
|t:|1783090198
|move|p2b: Pelipper|Wide Guard|p2b: Pelipper
|-singleturn|p2b: Pelipper|Wide Guard
|move|p1b: Floette|Calm Mind|p1b: Floette
|-boost|p1b: Floette|spa|1
|-boost|p1b: Floette|spd|1
|move|p1a: Milotic|Muddy Water|p2b: Pelipper|[spread] 
|-activate|p2a: Chimecho|move: Wide Guard
|-activate|p2b: Pelipper|move: Wide Guard
|move|p2a: Chimecho|Calm Mind|p2a: Chimecho
|-boost|p2a: Chimecho|spa|1
|-boost|p2a: Chimecho|spd|1
|
|-weather|RainDance|[upkeep]
|upkeep
|turn|3
|c| Shishio israeli|confien
|c| free indy|nada migue eres la polla
|c| Shishio israeli|TENÍA UN PLAN
|c| free indy|le sale
|c| free indy|god
|c| Shishio israeli|DON MIGUE FERNANDEZ IGARTIBUREZ
|
|t:|1783090219
|move|p1b: Floette|Calm Mind|p1b: Floette
|-boost|p1b: Floette|spa|1
|-boost|p1b: Floette|spd|1
|move|p1a: Milotic|Coil|p1a: Milotic
|-boost|p1a: Milotic|atk|1
|-boost|p1a: Milotic|def|1
|-boost|p1a: Milotic|accuracy|1
|move|p2b: Pelipper|Hurricane|p1a: Milotic
|-damage|p1a: Milotic|68/100
|move|p2a: Chimecho|Dazzling Gleam|p1a: Milotic|[spread] p1a,p1b
|-damage|p1a: Milotic|32/100
|-damage|p1b: Floette|82/100
|
|-weather|RainDance|[upkeep]
|-heal|p1a: Milotic|38/100|[from] item: Leftovers
|upkeep
|turn|4
|c| Shishio_Ax|Me pregunto cual sera el plan *el confiable Wide Guard*
|c| pokemonalpha.es|necesito que entreis en el grupo de sevilla y me voteis o voy a quedar muy mal
|c| Shishio israeli|JAJAJAJAJA
|c| free indy|hard reads domain por parte de maik
|c|☆Jarita Peruano|era psyshock soy bobo
|c| pokemonalpha.es|sí era...
|c| Shishio israeli|no se puede ser listo y guapo
|
|t:|1783090264
|move|p2b: Pelipper|Wide Guard|p2b: Pelipper
|-singleturn|p2b: Pelipper|Wide Guard
|move|p1b: Floette|Draining Kiss|p2b: Pelipper
|-enditem|p2b: Pelipper|Focus Sash
|-damage|p2b: Pelipper|1/100
|-heal|p1b: Floette|100/100|[from] drain|[of] p2b: Pelipper
|move|p1a: Milotic|Muddy Water|p2b: Pelipper|[spread] 
|-activate|p2a: Chimecho|move: Wide Guard
|-activate|p2b: Pelipper|move: Wide Guard
|move|p2a: Chimecho|Psyshock|p1a: Milotic
|-damage|p1a: Milotic|0 fnt
|faint|p1a: Milotic
|
|-weather|RainDance|[upkeep]
|upkeep
|l| free indy
|c| Shishio_Ax|En vd aqui Psyshock cocina
|c| Shishio israeli|Don Migue Fernandez y esos huevos que no caben en la sagrada familia
|
|t:|1783090292
|switch|p1a: Incineroar|Incineroar, L50, F|100/100
|-ability|p1a: Incineroar|Intimidate|boost
|-unboost|p2a: Chimecho|atk|1
|-unboost|p2b: Pelipper|atk|1
|turn|5
|j| free indy
|
|t:|1783090316
|switch|p2b: Toxapex|Toxapex, L50, M|100/100
|move|p2a: Chimecho|Protect|p2a: Chimecho
|-singleturn|p2a: Chimecho|Protect
|move|p1a: Incineroar|Fake Out|p2a: Chimecho
|-activate|p2a: Chimecho|move: Protect
|move|p1b: Floette|Draining Kiss|p2b: Toxapex
|-resisted|p2b: Toxapex|1
|-damage|p2b: Toxapex|70/100
|
|-weather|none
|-heal|p2b: Toxapex|76/100|[from] item: Leftovers
|upkeep
|turn|6
|c| free indy|puto floette eh
|c| free indy|es un ataque de 40 de potencia
|c| free indy|a una resist
|c| free indy|y es casi 3hko
|
|t:|1783090351
|-heal|p2b: Toxapex|100/100|[from] ability: Regenerator|[silent]
|switch|p2b: Incineroar|Incineroar, L50, M|100/100
|-ability|p2b: Incineroar|Intimidate|boost
|-unboost|p1a: Incineroar|atk|1
|-unboost|p1b: Floette|atk|1
|move|p1b: Floette|Dazzling Gleam|p2b: Incineroar|[spread] p2a,p2b
|-resisted|p2a: Chimecho|1
|-damage|p2a: Chimecho|82/100
|-damage|p2b: Incineroar|9/100
|move|p1a: Incineroar|Flare Blitz|p2a: Chimecho
|-supereffective|p2a: Chimecho|1
|-damage|p2a: Chimecho|26/100
|-damage|p1a: Incineroar|83/100|[from] Recoil
|move|p2a: Chimecho|Psyshock|p1b: Floette
|-damage|p1b: Floette|9/100
|
|upkeep
|turn|7
|c| Shishio_Ax|Xerneas aprende Draining Kiss?
|c| Shishio israeli|no
|c| Shishio israeli|creo
|c| Shishio israeli|en realidad no lo se
|c| Shishio_Ax|Po tu eres el q ha jugao contra el
|
|t:|1783090386
|switch|p2a: Toxapex|Toxapex, L50, M|100/100
|move|p1b: Floette|Protect|p1b: Floette
|-singleturn|p1b: Floette|Protect
|move|p1a: Incineroar|Flare Blitz|p2a: Toxapex
|-resisted|p2a: Toxapex|1
|-damage|p2a: Toxapex|89/100
|-damage|p1a: Incineroar|80/100|[from] Recoil
|move|p2b: Incineroar|Parting Shot|p1a: Incineroar
|-unboost|p1a: Incineroar|atk|1
|-unboost|p1a: Incineroar|spa|1
|c| Shishio israeli|los pokemon cambian los movimientos que aprenden
|
|t:|1783090395
|switch|p2b: Pelipper|Pelipper, L50, F|1/100|[from] Parting Shot
|-weather|RainDance|[from] ability: Drizzle|[of] p2b: Pelipper
|
|-weather|RainDance|[upkeep]
|-heal|p2a: Toxapex|95/100|[from] item: Leftovers
|upkeep
|turn|8
|
|t:|1783090410
|switch|p1a: Sinistcha|Sinistcha, L50|100/100
|-heal|p1b: Floette|34/100|[from] ability: Hospitality|[of] p1a: Sinistcha
|move|p2b: Pelipper|Wide Guard|p2b: Pelipper
|-singleturn|p2b: Pelipper|Wide Guard
|move|p1b: Floette|Draining Kiss|p2a: Toxapex
|-resisted|p2a: Toxapex|1
|-damage|p2a: Toxapex|66/100
|-heal|p1b: Floette|57/100|[from] drain|[of] p2a: Toxapex
|move|p2a: Toxapex|Infestation|p1b: Floette
|-resisted|p1b: Floette|1
|-damage|p1b: Floette|56/100
|-activate|p1b: Floette|move: Infestation|[of] p2a: Toxapex
|
|-weather|RainDance|[upkeep]
|-heal|p2a: Toxapex|71/100|[from] item: Leftovers
|-damage|p1b: Floette|44/100|[from] move: Infestation|[partiallytrapped]
|upkeep
|turn|9
|c| Shishio_Ax|Vale si lo aprende
|
|t:|1783090430
|move|p1a: Sinistcha|Rage Powder|p1a: Sinistcha
|-singleturn|p1a: Sinistcha|move: Rage Powder
|move|p1b: Floette|Draining Kiss|p2b: Pelipper
|-damage|p2b: Pelipper|0 fnt
|-heal|p1b: Floette|44/100|[from] drain|[of] p2b: Pelipper
|faint|p2b: Pelipper
|move|p2a: Toxapex|Toxic|p1a: Sinistcha
|-status|p1a: Sinistcha|tox
|
|-weather|RainDance|[upkeep]
|-heal|p2a: Toxapex|77/100|[from] item: Leftovers
|-damage|p1a: Sinistcha|93/100 tox|[from] psn
|-damage|p1b: Floette|32/100|[from] move: Infestation|[partiallytrapped]
|upkeep
|
|t:|1783090438
|switch|p2b: Incineroar|Incineroar, L50, M|9/100
|-ability|p2b: Incineroar|Intimidate|boost
|-unboost|p1a: Sinistcha|atk|1
|-unboost|p1b: Floette|atk|1
|turn|10
|c| free indy|no se esta pasando ya de lector?
|c| free indy|todavia la pierde
|c| Shishio israeli|Si darki gana sin sacar a su mega principal en todo el bo3 yo quiero sanción eh
|
|t:|1783090459
|switch|p1a: Incineroar|Incineroar, L50, F|80/100
|-ability|p1a: Incineroar|Intimidate|boost
|-unboost|p2a: Toxapex|atk|1
|-unboost|p2b: Incineroar|atk|1
|move|p1b: Floette|Protect|p1b: Floette
|-singleturn|p1b: Floette|Protect
|move|p2b: Incineroar|Fake Out|p1b: Floette
|-activate|p1b: Floette|move: Protect
|move|p2a: Toxapex|Infestation|p1a: Incineroar
|-damage|p1a: Incineroar|77/100
|-activate|p1a: Incineroar|move: Infestation|[of] p2a: Toxapex
|
|-weather|RainDance|[upkeep]
|-heal|p2a: Toxapex|83/100|[from] item: Leftovers
|-damage|p1b: Floette|20/100y|[from] move: Infestation|[partiallytrapped]
|-damage|p1a: Incineroar|64/100|[from] move: Infestation|[partiallytrapped]
|upkeep
|turn|11
|c| Shishio israeli|@marcdragon haz algo
|c| pokemonalpha.es|se lo dieron en espada y escudo
|
|t:|1783090485
|move|p1a: Incineroar|Fake Out|p2a: Toxapex
|-damage|p2a: Toxapex|76/100
|move|p1b: Floette|Dazzling Gleam|p2a: Toxapex|[spread] p2a,p2b
|-resisted|p2a: Toxapex|1
|-damage|p2a: Toxapex|42/100
|-damage|p2b: Incineroar|0 fnt
|faint|p2b: Incineroar
|cant|p2a: Toxapex|flinch
|
|-weather|none
|-heal|p2a: Toxapex|47/100|[from] item: Leftovers
|-damage|p1b: Floette|8/100|[from] move: Infestation|[partiallytrapped]
|-damage|p1a: Incineroar|52/100|[from] move: Infestation|[partiallytrapped]
|upkeep
|
|t:|1783090490
|switch|p2b: Chimecho|Chimecho-Mega, L50, F|26/100
|turn|12
|l| Jmf_vgc_92
|c| Shishio_Ax|La vd es q sacar a Greninja aqui tmpoco seria tan malo pa el
|j| Jmf_vgc_92
|
|t:|1783090505
|move|p1b: Floette|Dazzling Gleam|p2a: Toxapex|[spread] p2a,p2b
|-resisted|p2a: Toxapex|1
|-resisted|p2b: Chimecho|1
|-damage|p2a: Toxapex|10/100
|-damage|p2b: Chimecho|0 fnt
|faint|p2b: Chimecho
|move|p1a: Incineroar|Parting Shot|p1b: Floette
|-unboost|p1b: Floette|atk|1
|-unboost|p1b: Floette|spa|1
|
|t:|1783090512
|switch|p1a: Sinistcha|Sinistcha, L50|93/100 tox|[from] Parting Shot
|-heal|p1b: Floette|33/100|[from] ability: Hospitality|[of] p1a: Sinistcha
|move|p2a: Toxapex|Toxic|p1b: Floette
|-status|p1b: Floette|tox
|
|-heal|p2a: Toxapex|16/100|[from] item: Leftovers
|-damage|p1b: Floette|27/100 tox|[from] psn
|-damage|p1a: Sinistcha|87/100 tox|[from] psn
|-damage|p1b: Floette|15/100 tox|[from] move: Infestation|[partiallytrapped]
|upkeep
|turn|13
|c| Shishio israeli|???
|c| Shishio_Ax|El unico problema seria el Toxapex realmente
|
|t:|1783090528
|move|p2a: Toxapex|Baneful Bunker|p2a: Toxapex
|-singleturn|p2a: Toxapex|move: Protect
|move|p1b: Floette|Draining Kiss|p1a: Sinistcha
|-damage|p1a: Sinistcha|24/100 tox
|-heal|p1b: Floette|68/100 tox|[from] drain|[of] p1a: Sinistcha
|move|p1a: Sinistcha|Life Dew|p1a: Sinistcha|[spread] p1a,p1b
|-heal|p1a: Sinistcha|49/100 tox
|-heal|p1b: Floette|93/100 tox
|
|-heal|p2a: Toxapex|22/100|[from] item: Leftovers
|-damage|p1b: Floette|82/100 tox|[from] psn
|-damage|p1a: Sinistcha|37/100 tox|[from] psn
|-end|p1b: Floette|Infestation|[partiallytrapped]
|upkeep
|turn|14
|-message|Jarita Peruano forfeited.
|
|win|KnekroGitano
|l| Shishio israeli
|c| pokemonalpha.es|troleada no llevar recover
|c| pokemonalpha.es|la verdad
|l| Shishio_Ax
|l| Jmf_vgc_92
|l| free indy
|l| pokemonalpha.es
