|j|☆FAMILIARCOL
|j|☆Jakobtc
|html|FAMILIARCOLJakobtc    
|uhtml|bestof|Game 3 of a best-of-3
|t:|1757727900
|gametype|doubles
|player|p1|FAMILIARCOL|266|1076
|player|p2|Jakobtc|riley|1167
|gen|9
|tier|[Gen 9] VGC 2025 Reg H (Bo3)
|rated|
|rule|Species Clause: Limit one of each Pokémon
|rule|Item Clause: Limit 1 of each item
|clearpoke
|poke|p1|Amoonguss, L50, F|
|poke|p1|Dragonite, L50, F|
|poke|p1|Incineroar, L50, M|
|poke|p1|Murkrow, L50, M|
|poke|p1|Ursaluna-Bloodmoon, L50, M|
|poke|p1|Garchomp, L50, F|
|poke|p2|Drifblim, L50, F|
|poke|p2|Indeedee, L50, M|
|poke|p2|Arcanine-Hisui, L50, M|
|poke|p2|Garchomp, L50, M|
|poke|p2|Amoonguss, L50, F|
|poke|p2|Magnezone, L50|
|teampreview|4
|showteam|p1|Amoonguss||MentalHerb|Regenerator|Spore,RagePowder,PollenPuff,ClearSmog|||F|||50|,,,,,Water]Dragonite||LoadedDice|Multiscale|ScaleShot,ExtremeSpeed,AerialAce,DragonDance|||F|||50|,,,,,Normal]Incineroar||SitrusBerry|Intimidate|FakeOut,KnockOff,WillOWisp,PartingShot|||M|||50|,,,,,Grass]Murkrow||Eviolite|Prankster|Tailwind,Haze,Taunt,FoulPlay|||M|||50|,,,,,Ghost]Ursaluna-Bloodmoon||AssaultVest|MindsEye|BloodMoon,HyperVoice,EarthPower,VacuumWave|||M|||50|,,,,,Normal]Garchomp||ClearAmulet|RoughSkin|Earthquake,RockSlide,DragonClaw,Protect|||F|||50|,,,,,Ground
|showteam|p2|Drifblim||PsychicSeed|Unburden|Tailwind,StrengthSap,WillOWisp,Acrobatics|||F|||50|,,,,,Grass]Indeedee||FocusSash|PsychicSurge|ExpandingForce,TeraBlast,SkillSwap,Protect|||M|||50|,,,,,Fighting]Arcanine-Hisui||ChoiceBand|Intimidate|RockSlide,FlareBlitz,ExtremeSpeed,CloseCombat|||M|||50|,,,,,Grass]Garchomp||LifeOrb|RoughSkin|StompingTantrum,DragonClaw,Earthquake,Protect|||M|||50|,,,,,Ground]Amoonguss||SitrusBerry|Regenerator|Spore,LeafStorm,RagePowder,Protect|||F|||50|,,,,,Water]Magnezone||ChoiceSpecs|MagnetPull|Thunderbolt,TeraBlast,FlashCannon,VoltSwitch||||||50|,,,,,Flying
|inactive|Battle timer is ON: inactive players will automatically lose when time's up. (requested by FAMILIARCOL)
|
|t:|1757727935
|teamsize|p1|4
|teamsize|p2|4
|start
|switch|p1a: Ursaluna|Ursaluna-Bloodmoon, L50, M|100/100
|switch|p1b: Murkrow|Murkrow, L50, M, shiny|100/100
|switch|p2a: Drifblim|Drifblim, L50, F|100/100
|switch|p2b: Indeedee|Indeedee, L50, M|100/100
|-fieldstart|move: Psychic Terrain|[from] ability: Psychic Surge|[of] p2b: Indeedee
|-enditem|p2a: Drifblim|Psychic Seed
|-boost|p2a: Drifblim|spd|1|[from] item: Psychic Seed
|turn|1
|inactive|FAMILIARCOL has 30 seconds left.
|
|t:|1757727961
|-terastallize|p1a: Ursaluna|Normal
|move|p1b: Murkrow|Tailwind|p1b: Murkrow
|-sidestart|p1: FAMILIARCOL|move: Tailwind
|move|p2a: Drifblim|Tailwind|p2a: Drifblim
|-sidestart|p2: Jakobtc|move: Tailwind
|move|p2b: Indeedee|Skill Swap|p1a: Ursaluna
|-activate|p2b: Indeedee|move: Skill Swap|Mind's Eye|Psychic Surge|[of] p1a: Ursaluna
|move|p1a: Ursaluna|Hyper Voice|p2b: Indeedee|[spread] p2b
|-immune|p2a: Drifblim
|-damage|p2b: Indeedee|23/100
|
|upkeep
|turn|2
|
|t:|1757727982
|move|p1b: Murkrow|Taunt|p2a: Drifblim
|-start|p2a: Drifblim|move: Taunt
|move|p2a: Drifblim|Acrobatics|p1a: Ursaluna
|-damage|p1a: Ursaluna|73/100
|move|p2b: Indeedee|Expanding Force|p1b: Murkrow|[spread] p1a
|-immune|p1b: Murkrow
|-damage|p1a: Ursaluna|30/100
|move|p1a: Ursaluna|Blood Moon|p2a: Drifblim
|-immune|p2a: Drifblim
|
|upkeep
|turn|3
|inactive|Jakobtc has 30 seconds left.
|
|t:|1757728012
|move|p2a: Drifblim|Acrobatics|p1b: Murkrow
|-damage|p1b: Murkrow|64/100
|move|p2b: Indeedee|Expanding Force|p1b: Murkrow|[spread] p1a
|-immune|p1b: Murkrow
|-damage|p1a: Ursaluna|0 fnt
|faint|p1a: Ursaluna
|move|p1b: Murkrow|Foul Play|p2b: Indeedee
|-supereffective|p2b: Indeedee
|-damage|p2b: Indeedee|0 fnt
|faint|p2b: Indeedee
|
|upkeep
|
|t:|1757728032
|switch|p2b: Garchomp|Garchomp, L50, M|100/100
|switch|p1a: Garchomp|Garchomp, L50, F, shiny|100/100
|turn|4
|
|t:|1757728047
|-terastallize|p2b: Garchomp|Ground
|move|p2a: Drifblim|Acrobatics|p1b: Murkrow
|-damage|p1b: Murkrow|26/100
|move|p2b: Garchomp|Dragon Claw|p1b: Murkrow
|-damage|p1b: Murkrow|0 fnt
|faint|p1b: Murkrow
|-damage|p2b: Garchomp|91/100|[from] item: Life Orb
|move|p1a: Garchomp|Rock Slide|p2a: Drifblim|[spread] p2b
|-miss|p1a: Garchomp|p2a: Drifblim
|-resisted|p2b: Garchomp
|-crit|p2b: Garchomp
|-damage|p2b: Garchomp|75/100
|
|-end|p2a: Drifblim|move: Taunt
|-sideend|p1: FAMILIARCOL|move: Tailwind
|-sideend|p2: Jakobtc|move: Tailwind
|upkeep
|
|t:|1757728062
|switch|p1b: Dragonite|Dragonite, L50, F, shiny|100/100
|turn|5
|
|t:|1757728074
|move|p2b: Garchomp|Protect|p2b: Garchomp
|-singleturn|p2b: Garchomp|Protect
|move|p2a: Drifblim|Tailwind|p2a: Drifblim
|-sidestart|p2: Jakobtc|move: Tailwind
|move|p1a: Garchomp|Rock Slide|p2b: Garchomp|[spread] p2a
|-activate|p2b: Garchomp|move: Protect
|-supereffective|p2a: Drifblim
|-damage|p2a: Drifblim|52/100
|move|p1b: Dragonite|Scale Shot|p2a: Drifblim
|-damage|p2a: Drifblim|36/100
|-damage|p2a: Drifblim|21/100
|-damage|p2a: Drifblim|4/100
|-damage|p2a: Drifblim|0 fnt
|faint|p2a: Drifblim
|-hitcount|p2: Drifblim|4
|-unboost|p1b: Dragonite|def|1
|-boost|p1b: Dragonite|spe|1
|
|-fieldend|move: Psychic Terrain
|upkeep
|
|t:|1757728090
|switch|p2a: Magnezone|Magnezone, L50|100/100
|turn|6
|
|t:|1757728110
|move|p1a: Garchomp|Protect|p1a: Garchomp
|-singleturn|p1a: Garchomp|Protect
|move|p2b: Garchomp|Dragon Claw|p1b: Dragonite
|-supereffective|p1b: Dragonite
|-damage|p1b: Dragonite|15/100
|-damage|p2b: Garchomp|65/100|[from] item: Life Orb
|move|p1b: Dragonite|Scale Shot|p2b: Garchomp
|-damage|p2b: Garchomp|50/100
|-damage|p2b: Garchomp|34/100
|-damage|p2b: Garchomp|19/100
|-damage|p2b: Garchomp|4/100
|-damage|p2b: Garchomp|0 fnt
|faint|p2b: Garchomp
|-hitcount|p2: Garchomp|5
|-unboost|p1b: Dragonite|def|1
|-boost|p1b: Dragonite|spe|1
|move|p2a: Magnezone|Thunderbolt|p1b: Dragonite
|-damage|p1b: Dragonite|0 fnt
|faint|p1b: Dragonite
|
|upkeep
|turn|7
|
|t:|1757728131
|move|p2a: Magnezone|Thunderbolt|p1a: Garchomp
|-immune|p1a: Garchomp
|move|p1a: Garchomp|Earthquake|p2a: Magnezone
|-supereffective|p2a: Magnezone
|-damage|p2a: Magnezone|0 fnt
|faint|p2a: Magnezone
|
|win|FAMILIARCOL
|raw|FAMILIARCOL's rating: 1076 → 1112(+36 for winning)
|raw|Jakobtc's rating: 1167 → 1136(-31 for losing)
