|j|☆TCM Zaukepoo
|j|☆tulaptor
|html|TCM Zaukepootulaptor    
|uhtml|bestof|Game 1 of a best-of-3
|t:|1756697045
|gametype|doubles
|player|p1|TCM Zaukepoo|101|1130
|player|p2|tulaptor|2|1000
|gen|9
|tier|[Gen 9] VGC 2025 Reg H (Bo3)
|rated|
|rule|Species Clause: Limit one of each Pokémon
|rule|Item Clause: Limit 1 of each item
|clearpoke
|poke|p1|Tyranitar, L50, F|
|poke|p1|Volcarona, L50, M|
|poke|p1|Ursaluna, L50, F|
|poke|p1|Dragonite, L50, M|
|poke|p1|Incineroar, L50, F|
|poke|p1|Gholdengo, L50|
|poke|p2|Porygon2, L50|
|poke|p2|Hydreigon, L50, F|
|poke|p2|Incineroar, L50, F|
|poke|p2|Garchomp, L50, M|
|poke|p2|Amoonguss, L50, F|
|poke|p2|Gholdengo, L50|
|teampreview|4
|showteam|p1|Tyranitar||AssaultVest|SandStream|RockSlide,KnockOff,TeraBlast,LowKick|||F|||50|,,,,,Flying]Volcarona||CovertCloak|FlameBody|HeatWave,GigaDrain,QuiverDance,Protect|||M|||50|,,,,,Grass]Ursaluna||FlameOrb|Guts|HeadlongRush,Facade,Earthquake,Protect|||F|||50|,,,,,Ghost]Dragonite||LoadedDice|InnerFocus|ScaleShot,ExtremeSpeed,StompingTantrum,Tailwind|||M|||50|,,,,,Steel]Incineroar||SafetyGoggles|Intimidate|FakeOut,KnockOff,PartingShot,FlareBlitz|||F|||50|,,,,,Ghost]Gholdengo||LifeOrb|GoodasGold|NastyPlot,ShadowBall,MakeItRain,Protect||||||50|,,,,,Water
|showteam|p2|Porygon2||Eviolite|Download|TeraBlast,IceBeam,TrickRoom,Recover||||||50|,,,,,Fighting]Hydreigon||SafetyGoggles|Levitate|Snarl,DracoMeteor,Tailwind,Protect|||F|||50|,,,,,Ghost]Incineroar||SitrusBerry|Intimidate|FlareBlitz,KnockOff,PartingShot,FakeOut|||F|||50|,,,,,Grass]Garchomp||LoadedDice|RoughSkin|ScaleShot,Earthquake,StompingTantrum,Protect|||M|||50|,,,,,Fire]Amoonguss||CovertCloak|Regenerator|PollenPuff,Spore,RagePowder,Protect|||F|||50|,,,,,Fire]Gholdengo||MetalCoat|GoodasGold|MakeItRain,ShadowBall,NastyPlot,Protect||||||50|,,,,,Flying
|inactive|Battle timer is ON: inactive players will automatically lose when time's up. (requested by TCM Zaukepoo)
|inactive|tulaptor has 60 seconds left.
|l|☆TCM Zaukepoo
|inactive|TCM Zaukepoo disconnected and has a minute to reconnect!
|player|p1|
|inactive|tulaptor has 30 seconds left.
|inactive|tulaptor has 20 seconds left.
|inactive|tulaptor has 15 seconds left.
|inactive|tulaptor has 10 seconds left.
|inactive|tulaptor has 5 seconds left.
|
|t:|1756697136
|teamsize|p1|4
|teamsize|p2|4
|start
|switch|p1a: Incineroar|Incineroar, L50, F|100/100
|switch|p1b: Volcarona|Volcarona, L50, M|100/100
|switch|p2a: Gholdengo|Gholdengo, L50, shiny|100/100
|switch|p2b: Amoonguss|Amoonguss, L50, F, shiny|100/100
|-ability|p1a: Incineroar|Intimidate|boost
|-unboost|p2a: Gholdengo|atk|1
|-unboost|p2b: Amoonguss|atk|1
|turn|1
|j|☆TCM Zaukepoo
|inactive|TCM Zaukepoo reconnected and has 45 seconds left.
|player|p1|TCM Zaukepoo|101|
|inactive|tulaptor has 30 seconds left.
|inactive|tulaptor has 20 seconds left.
|inactive|tulaptor has 15 seconds left.
|inactive|tulaptor has 10 seconds left.
|inactive|tulaptor has 5 seconds left.
|
|t:|1756697191
|-terastallize|p1b: Volcarona|Grass
|move|p1b: Volcarona|Quiver Dance|p1b: Volcarona
|-boost|p1b: Volcarona|spa|1
|-boost|p1b: Volcarona|spd|1
|-boost|p1b: Volcarona|spe|1
|move|p2a: Gholdengo|Make It Rain|p1a: Incineroar|[spread] p1a,p1b
|-resisted|p1a: Incineroar
|-damage|p1a: Incineroar|72/100
|-damage|p1b: Volcarona|55/100
|-unboost|p2a: Gholdengo|spa|1
|move|p1a: Incineroar|Knock Off|p2a: Gholdengo
|-supereffective|p2a: Gholdengo
|-crit|p2a: Gholdengo
|-damage|p2a: Gholdengo|0 fnt
|-enditem|p2a: Gholdengo|Metal Coat|[from] move: Knock Off|[of] p1a: Incineroar
|faint|p2a: Gholdengo
|move|p2b: Amoonguss|Pollen Puff|p1b: Volcarona
|-supereffective|p1b: Volcarona
|-damage|p1b: Volcarona|28/100
|
|upkeep
|inactive|tulaptor has 30 seconds left.
|
|t:|1756697220
|switch|p2a: Hydreigon|Hydreigon, L50, F, shiny|100/100
|turn|2
|inactive|tulaptor has 30 seconds left.
|
|t:|1756697248
|switch|p2b: Garchomp|Garchomp, L50, M, shiny|100/100
|-terastallize|p2a: Hydreigon|Ghost
|move|p1b: Volcarona|Protect|p1b: Volcarona
|-singleturn|p1b: Volcarona|Protect
|move|p2a: Hydreigon|Tailwind|p2a: Hydreigon
|-sidestart|p2: tulaptor|move: Tailwind
|move|p1a: Incineroar|Parting Shot|p2a: Hydreigon
|-unboost|p2a: Hydreigon|atk|1
|-unboost|p2a: Hydreigon|spa|1
|
|t:|1756697258
|switch|p1a: Ursaluna|Ursaluna, L50, F|100/100|[from] Parting Shot
|
|-status|p1a: Ursaluna|brn|[from] item: Flame Orb
|upkeep
|turn|3
|
|t:|1756697272
|switch|p1a: Incineroar|Incineroar, L50, F|72/100
|-ability|p1a: Incineroar|Intimidate|boost
|-unboost|p2a: Hydreigon|atk|1
|-unboost|p2b: Garchomp|atk|1
|move|p2a: Hydreigon|Draco Meteor|p1b: Volcarona
|-crit|p1b: Volcarona
|-damage|p1b: Volcarona|0 fnt
|-unboost|p2a: Hydreigon|spa|2
|faint|p1b: Volcarona
|move|p2b: Garchomp|Scale Shot|p1a: Incineroar
|-damage|p1a: Incineroar|61/100
|-damage|p1a: Incineroar|50/100
|-damage|p1a: Incineroar|39/100
|-damage|p1a: Incineroar|27/100
|-damage|p1a: Incineroar|15/100
|-hitcount|p1a: Incineroar|5
|-unboost|p2b: Garchomp|def|1
|-boost|p2b: Garchomp|spe|1
|
|upkeep
|
|t:|1756697283
|switch|p1b: Ursaluna|Ursaluna, L50, F|100/100 brn
|turn|4
|
|t:|1756697303
|switch|p2b: Amoonguss|Amoonguss, L50, F, shiny|100/100
|move|p2a: Hydreigon|Draco Meteor|p1a: Incineroar
|-damage|p1a: Incineroar|0 fnt
|-unboost|p2a: Hydreigon|spa|2
|faint|p1a: Incineroar
|move|p1b: Ursaluna|Facade|p2b: Amoonguss
|-damage|p2b: Amoonguss|0 fnt
|faint|p2b: Amoonguss
|
|-damage|p1b: Ursaluna|95/100 brn|[from] brn
|upkeep
|
|t:|1756697317
|switch|p1a: Gholdengo|Gholdengo, L50|100/100
|switch|p2b: Garchomp|Garchomp, L50, M, shiny|100/100
|turn|5
|inactive|tulaptor has 30 seconds left.
|
|t:|1756697350
|move|p2a: Hydreigon|Draco Meteor|p1b: Ursaluna
|-damage|p1b: Ursaluna|78/100 brn
|-unboost|p2a: Hydreigon|spa|1
|move|p2b: Garchomp|Earthquake|p1a: Gholdengo|[spread] p1a,p1b
|-immune|p2a: Hydreigon|[from] ability: Levitate
|-supereffective|p1a: Gholdengo
|-damage|p1a: Gholdengo|10/100
|-damage|p1b: Ursaluna|47/100 brn
|move|p1a: Gholdengo|Shadow Ball|p2a: Hydreigon
|-supereffective|p2a: Hydreigon
|-damage|p2a: Hydreigon|0 fnt
|faint|p2a: Hydreigon
|-damage|p1a: Gholdengo|0 fnt|[from] item: Life Orb
|faint|p1a: Gholdengo
|move|p1b: Ursaluna|Facade|p2b: Garchomp
|-crit|p2b: Garchomp
|-damage|p2b: Garchomp|0 fnt
|-damage|p1b: Ursaluna|35/100 brn|[from] ability: Rough Skin|[of] p2b: Garchomp
|faint|p2b: Garchomp
|
|win|TCM Zaukepoo
|inactive|TCM Zaukepoo has 30 seconds to confirm battle start!
|inactive|tulaptor has 30 seconds to confirm battle start!
||tulaptor is ready for game 2.
||TCM Zaukepoo is ready for game 2.
|uhtml|next|Next: Game 2 of 3
|l|☆TCM Zaukepoo
|player|p1|
