|j|â˜†Littlenap
|j|â˜†PippoLungoCalzino
|html|LittlenapPippoLungoCalzino    
|uhtml|bestof|Game 1 of a best-of-3
|t:|1756221672
|gametype|doubles
|player|p1|Littlenap|dawn|1146
|player|p2|PippoLungoCalzino|1|1148
|gen|9
|tier|[Gen 9] VGC 2025 Reg H (Bo3)
|rated|
|rule|Species Clause: Limit one of each PokÃ©mon
|rule|Item Clause: Limit 1 of each item
|clearpoke
|poke|p1|Garchomp, L50, F|
|poke|p1|Whimsicott, L50, F|
|poke|p1|Incineroar, L50, M|
|poke|p1|Gholdengo, L50|
|poke|p1|Dragonite, L50, F|
|poke|p1|Sneasler, L50, F|
|poke|p2|Dragonite, L50, F|
|poke|p2|Gholdengo, L50|
|poke|p2|Sneasler, L50, M|
|poke|p2|Talonflame, L50, M|
|poke|p2|Archaludon, L50, M|
|poke|p2|Garchomp, L50, F|
|teampreview|4
|showteam|p1|Garchomp||LifeOrb|RoughSkin|StompingTantrum,Earthquake,DragonClaw,Protect|||F|||50|,,,,,Ground]Whimsicott||FocusSash|Prankster|Encore,Tailwind,Moonblast,Protect|||F|||50|,,,,,Ghost]Incineroar||AssaultVest|Intimidate|FakeOut,Uturn,KnockOff,FlareBlitz|||M|||50|,,,,,Grass]Gholdengo||ChoiceScarf|GoodasGold|Trick,MakeItRain,ShadowBall,Protect||||||50|,,,,,Steel]Dragonite||ChoiceBand|InnerFocus|ExtremeSpeed,StompingTantrum,IceSpinner,Outrage|||F|||50|,,,,,Normal]Sneasler||WhiteHerb|Unburden|FakeOut,DireClaw,CloseCombat,Protect|||F|||50|,,,,,Stellar
|showteam|p2|Dragonite||LoadedDice|Multiscale|ScaleShot,ExtremeSpeed,IceSpinner,Haze|||F|||50|,,,,,Fairy]Gholdengo||ChoiceSpecs|GoodasGold|MakeItRain,ShadowBall,PowerGem,Thunderbolt||||||50|,,,,,Steel]Sneasler||FocusSash|Unburden|CloseCombat,DireClaw,FakeOut,Coaching|||M|||50|,,,,,Stellar]Talonflame||CovertCloak|GaleWings|BraveBird,Tailwind,WillOWisp,Taunt|||M|||50|,,,,,Grass]Archaludon||PowerHerb|Sturdy|FlashCannon,DracoMeteor,ElectroShot,Protect|||M|||50|,,,,,Flying]Garchomp||LifeOrb|RoughSkin|DragonClaw,StompingTantrum,Earthquake,Protect|||F|||50|,,,,,Ground
|inactive|Battle timer is ON: inactive players will automatically lose when time's up. (requested by Littlenap)
|inactive|Littlenap has 60 seconds left.
|inactive|PippoLungoCalzino has 60 seconds left.
|
|t:|1756221729
|teamsize|p1|4
|teamsize|p2|4
|start
|switch|p1a: Incineroar|Incineroar, L50, M|100/100
|switch|p1b: Garchomp|Garchomp, L50, F|100/100
|switch|p2a: Talonflame|Talonflame, L50, M|100/100
|switch|p2b: Garchomp|Garchomp, L50, F|100/100
|-ability|p1a: Incineroar|Intimidate|boost
|-unboost|p2a: Talonflame|atk|1
|-unboost|p2b: Garchomp|atk|1
|turn|1
|inactive|Littlenap has 30 seconds left.
|
|t:|1756221758
|switch|p1b: Whimsicott|Whimsicott, L50, F|100/100
|-terastallize|p2b: Garchomp|Ground
|move|p1a: Incineroar|Fake Out|p2b: Garchomp
|-damage|p2b: Garchomp|89/100
|-damage|p1a: Incineroar|88/100|[from] ability: Rough Skin|[of] p2b: Garchomp
|move|p2a: Talonflame|Tailwind|p2a: Talonflame
|-sidestart|p2: PippoLungoCalzino|move: Tailwind
|cant|p2b: Garchomp|flinch
|
|upkeep
|turn|2
|inactive|Littlenap has 30 seconds left.
|inactive|Littlenap has 20 seconds left.
|inactive|Littlenap has 15 seconds left.
|
|t:|1756221799
|-terastallize|p1a: Incineroar|Grass
|move|p2a: Talonflame|Brave Bird|p1b: Whimsicott
|-supereffective|p1b: Whimsicott
|-damage|p1b: Whimsicott|27/100
|-damage|p2a: Talonflame|80/100|[from] Recoil
|move|p1b: Whimsicott|Tailwind|p1b: Whimsicott
|-sidestart|p1: Littlenap|move: Tailwind
|move|p2b: Garchomp|Stomping Tantrum|p1a: Incineroar
|-resisted|p1a: Incineroar
|-damage|p1a: Incineroar|47/100
|-damage|p2b: Garchomp|79/100|[from] item: Life Orb
|move|p1a: Incineroar|U-turn|p2b: Garchomp
|-damage|p2b: Garchomp|55/100
|-damage|p1a: Incineroar|35/100|[from] ability: Rough Skin|[of] p2b: Garchomp
|
|t:|1756221818
|switch|p1a: Garchomp|Garchomp, L50, F|100/100|[from] U-turn
|
|upkeep
|turn|3
|
|t:|1756221836
|switch|p2b: Sneasler|Sneasler, L50, M|100/100
|switch|p1b: Incineroar|Incineroar, L50, M, tera:Grass|35/100
|-ability|p1b: Incineroar|Intimidate|boost
|-unboost|p2a: Talonflame|atk|1
|-unboost|p2b: Sneasler|atk|1
|move|p1a: Garchomp|Protect|p1a: Garchomp
|-singleturn|p1a: Garchomp|Protect
|move|p2a: Talonflame|Brave Bird|p1b: Incineroar
|-supereffective|p1b: Incineroar
|-damage|p1b: Incineroar|0 fnt
|faint|p1b: Incineroar
|-damage|p2a: Talonflame|68/100|[from] Recoil
|
|upkeep
|
|t:|1756221850
|switch|p1b: Gholdengo|Gholdengo, L50|100/100
|turn|4
|inactive|PippoLungoCalzino has 30 seconds left.
|inactive|PippoLungoCalzino has 20 seconds left.
|
|t:|1756221885
|move|p2b: Sneasler|Fake Out|p1a: Garchomp
|-damage|p1a: Garchomp|91/100
|-damage|p2b: Sneasler|88/100|[from] ability: Rough Skin|[of] p1a: Garchomp
|move|p1b: Gholdengo|Shadow Ball|p2a: Talonflame
|-damage|p2a: Talonflame|10/100
|move|p2a: Talonflame|Will-O-Wisp|p1a: Garchomp
|-status|p1a: Garchomp|brn
|cant|p1a: Garchomp|flinch
|
|-damage|p1a: Garchomp|85/100 brn|[from] brn
|-sideend|p2: PippoLungoCalzino|move: Tailwind
|upkeep
|turn|5
|inactive|PippoLungoCalzino has 30 seconds left.
|inactive|PippoLungoCalzino has 20 seconds left.
|inactive|PippoLungoCalzino has 15 seconds left.
|inactive|PippoLungoCalzino has 10 seconds left.
|inactive|PippoLungoCalzino has 5 seconds left.
|
|t:|1756221937
|switch|p2a: Gholdengo|Gholdengo, L50|100/100
|move|p1b: Gholdengo|Shadow Ball|p2a: Gholdengo
|-supereffective|p2a: Gholdengo
|-damage|p2a: Gholdengo|0 fnt
|faint|p2a: Gholdengo
|move|p1a: Garchomp|Stomping Tantrum|p2b: Sneasler
|-supereffective|p2b: Sneasler
|-damage|p2b: Sneasler|0 fnt
|faint|p2b: Sneasler
|-damage|p1a: Garchomp|75/100 brn|[from] item: Life Orb
|
|-damage|p1a: Garchomp|69/100 brn|[from] brn
|-sideend|p1: Littlenap|move: Tailwind
|upkeep
|
|t:|1756221943
|switch|p2b: Talonflame|Talonflame, L50, M|10/100
|switch|p2a: Garchomp|Garchomp, L50, F, tera:Ground|55/100
|turn|6
|
|t:|1756221966
|move|p1a: Garchomp|Protect|p1a: Garchomp
|-singleturn|p1a: Garchomp|Protect
|move|p1b: Gholdengo|Shadow Ball|p2b: Talonflame
|-damage|p2b: Talonflame|0 fnt
|faint|p2b: Talonflame
|move|p2a: Garchomp|Earthquake|p1b: Gholdengo|[spread] p1b
|-activate|p1a: Garchomp|move: Protect
|-supereffective|p1b: Gholdengo
|-damage|p1b: Gholdengo|0 fnt
|faint|p1b: Gholdengo
|-damage|p2a: Garchomp|46/100|[from] item: Life Orb
|
|-damage|p1a: Garchomp|63/100 brn|[from] brn
|upkeep
|
|t:|1756221975
|switch|p1b: Whimsicott|Whimsicott, L50, F|27/100
|turn|7
|inactive|Littlenap has 30 seconds left.
|inactive|Littlenap has 20 seconds left.
|
|t:|1756222015
|move|p1b: Whimsicott|Tailwind|p1b: Whimsicott
|-sidestart|p1: Littlenap|move: Tailwind
|move|p1a: Garchomp|Dragon Claw|p2a: Garchomp
|-damage|p2a: Garchomp|18/100
|-damage|p1a: Garchomp|51/100 brn|[from] ability: Rough Skin|[of] p2a: Garchomp
|-damage|p1a: Garchomp|41/100 brn|[from] item: Life Orb
|move|p2a: Garchomp|Earthquake|p1b: Whimsicott|[spread] p1a,p1b
|-resisted|p1b: Whimsicott
|-damage|p1a: Garchomp|0 fnt
|-damage|p1b: Whimsicott|0 fnt
|faint|p1a: Garchomp
|faint|p1b: Whimsicott
|-damage|p2a: Garchomp|8/100|[from] item: Life Orb
|
|win|PippoLungoCalzino
||PippoLungoCalzino is ready for game 2.
|inactive|Littlenap has 30 seconds to confirm battle start!
||Littlenap is ready for game 2.
|uhtml|next|Next: Game 2 of 3
