|j|☆Mathaqua2.0
|j|☆Can I pet the dog?
|html|Mathaqua2.0Can I pet the dog?    
|uhtml|bestof|Game 1 of a best-of-3
|t:|1783087603
|gametype|doubles
|player|p1|Mathaqua2.0|1|1177
|player|p2|Can I pet the dog?|yancy|1253
|gen|9
|tier|[Gen 9 Champions] VGC 2026 Reg M-B (Bo3)
|rated|
|rule|Species Clause: Limit one of each Pokémon
|rule|Item Clause: Limit 1 of each item
|clearpoke
|poke|p1|Staraptor, L50, F, shiny|
|poke|p1|Grimmsnarl, L50, M, shiny|
|poke|p1|Archaludon, L50, F, shiny|
|poke|p1|Pelipper, L50, M, shiny|
|poke|p1|Swampert, L50, M, shiny|
|poke|p1|Talonflame, L50, M|
|poke|p2|Sinistcha, L50|
|poke|p2|Incineroar, L50, M|
|poke|p2|Milotic, L50, F|
|poke|p2|Raichu, L50, M|
|poke|p2|Floette-Eternal, L50, F|
|poke|p2|Ceruledge, L50, F|
|teampreview|4
|showteam|p1|Staraptor||Staraptite|Intimidate|Protect,BraveBird,CloseCombat,Roost|Jolly||F|||50|]Grimmsnarl||LightClay|Prankster|Reflect,LightScreen,FakeOut,PartingShot|Careful||M|||50|]Archaludon||Leftovers|Stamina|ElectroShot,DracoMeteor,FlashCannon,Protect|Modest||F|||50|]Pelipper||FocusSash|Drizzle|Hurricane,WeatherBall,Tailwind,Protect|Bold||M|||50|]Swampert||Swampertite|Torrent|Protect,Waterfall,HighHorsepower,IcePunch|Adamant||M|||50|]Talonflame||SitrusBerry|GaleWings|Tailwind,Protect,BraveBird,FeatherDance|Jolly||M|||50|
|showteam|p2|Sinistcha||KasibBerry|Hospitality|MatchaGotcha,LifeDew,RagePowder,Protect|Relaxed|||||50|]Incineroar||SitrusBerry|Intimidate|FlareBlitz,ThroatChop,FakeOut,PartingShot|Impish||M|||50|]Milotic||Leftovers|Competitive|MuddyWater,Coil,Hypnosis,Protect|Calm||F|||50|]Raichu||RaichuniteY|LightningRod|ZapCannon,FocusBlast,FakeOut,Protect|Timid||M|||50|]Floette-Eternal||Floettite|FlowerVeil|DazzlingGleam,DrainingKiss,CalmMind,Protect|Timid||F|||50|]Ceruledge||ColburBerry|FlashFire|BitterBlade,ShadowSneak,BulkUp,Protect|Adamant||F|||50|
|inactive|Battle timer is ON: inactive players will automatically lose when time's up. (requested by Can I pet the dog?)
|inactive|Mathaqua2.0 also wants the timer to be on.
|
|t:|1783087621
|teamsize|p1|4
|teamsize|p2|4
|start
|switch|p1a: Pelipper|Pelipper, L50, M, shiny|100/100
|switch|p1b: Archaludon|Archaludon, L50, F, shiny|100/100
|switch|p2a: Incineroar|Incineroar, L50, M|100/100
|switch|p2b: Milotic|Milotic, L50, F|100/100
|-weather|RainDance|[from] ability: Drizzle|[of] p1a: Pelipper
|-ability|p2a: Incineroar|Intimidate|boost
|-unboost|p1a: Pelipper|atk|1
|-unboost|p1b: Archaludon|atk|1
|turn|1
|inactive|Can I pet the dog? has 30 seconds left.
|
|t:|1783087652
|move|p2a: Incineroar|Fake Out|p1a: Pelipper
|-damage|p1a: Pelipper|92/100
|move|p2b: Milotic|Coil|p2b: Milotic
|-boost|p2b: Milotic|atk|1
|-boost|p2b: Milotic|def|1
|-boost|p2b: Milotic|accuracy|1
|move|p1b: Archaludon|Electro Shot||[still]
|-prepare|p1b: Archaludon|Electro Shot
|-boost|p1b: Archaludon|spa|1
|-anim|p1b: Archaludon|Electro Shot|p2b: Milotic
|-supereffective|p2b: Milotic|1
|-damage|p2b: Milotic|9/100
|cant|p1a: Pelipper|flinch
|
|-weather|RainDance|[upkeep]
|-heal|p2b: Milotic|15/100|[from] item: Leftovers
|upkeep
|turn|2
|
|t:|1783087668
|switch|p2a: Sinistcha|Sinistcha, L50|100/100
|-heal|p2b: Milotic|40/100|[from] ability: Hospitality|[of] p2a: Sinistcha
|move|p2b: Milotic|Protect|p2b: Milotic
|-singleturn|p2b: Milotic|Protect
|move|p1b: Archaludon|Electro Shot||[still]
|-prepare|p1b: Archaludon|Electro Shot
|-boost|p1b: Archaludon|spa|1
|-anim|p1b: Archaludon|Electro Shot|p2b: Milotic
|-activate|p2b: Milotic|move: Protect
|move|p1a: Pelipper|Tailwind|p1a: Pelipper
|-sidestart|p1: Mathaqua2.0|move: Tailwind
|
|-weather|RainDance|[upkeep]
|-heal|p2b: Milotic|46/100|[from] item: Leftovers
|upkeep
|turn|3
|
|t:|1783087687
|switch|p2a: Raichu|Raichu, L50, M|100/100
|move|p1b: Archaludon|Electro Shot||[still]
|-activate|p2a: Raichu|ability: Lightning Rod
|-prepare|p1b: Archaludon|Electro Shot
|-boost|p1b: Archaludon|spa|1
|-anim|p1b: Archaludon|Electro Shot|p2a: Raichu
|-ability|p2a: Raichu|Lightning Rod|boost
|-boost|p2a: Raichu|spa|1
|move|p1a: Pelipper|Hurricane|p2a: Raichu
|-resisted|p2a: Raichu|1
|-damage|p2a: Raichu|75/100
|-start|p2a: Raichu|confusion
|move|p2b: Milotic|Coil|p2b: Milotic
|-boost|p2b: Milotic|atk|1
|-boost|p2b: Milotic|def|1
|-boost|p2b: Milotic|accuracy|1
|
|-weather|RainDance|[upkeep]
|-heal|p2b: Milotic|52/100|[from] item: Leftovers
|upkeep
|turn|4
|inactive|Mathaqua2.0 has 30 seconds left.
|
|t:|1783087716
|switch|p1a: Swampert|Swampert, L50, M, shiny|100/100
|switch|p2a: Sinistcha|Sinistcha, L50|100/100
|-heal|p2b: Milotic|77/100|[from] ability: Hospitality|[of] p2a: Sinistcha
|move|p2b: Milotic|Protect|p2b: Milotic
|-singleturn|p2b: Milotic|Protect
|move|p1b: Archaludon|Draco Meteor|p2b: Milotic
|-activate|p2b: Milotic|move: Protect
|
|-weather|RainDance|[upkeep]
|-heal|p2b: Milotic|83/100|[from] item: Leftovers
|upkeep
|turn|5
|inactive|Can I pet the dog? has 30 seconds left.
|
|t:|1783087746
|detailschange|p1a: Swampert|Swampert-Mega, L50, M, shiny
|-mega|p1a: Swampert|Swampert|Swampertite
|move|p2a: Sinistcha|Rage Powder|p2a: Sinistcha
|-singleturn|p2a: Sinistcha|move: Rage Powder
|move|p1a: Swampert|High Horsepower|p2a: Sinistcha
|-resisted|p2a: Sinistcha|1
|-damage|p2a: Sinistcha|73/100
|move|p1b: Archaludon|Electro Shot||[still]
|-prepare|p1b: Archaludon|Electro Shot
|-boost|p1b: Archaludon|spa|1
|-anim|p1b: Archaludon|Electro Shot|p2a: Sinistcha
|-resisted|p2a: Sinistcha|1
|-damage|p2a: Sinistcha|5/100
|move|p2b: Milotic|Hypnosis|p1a: Swampert
|-status|p1a: Swampert|slp|[from] move: Hypnosis
|
|-weather|none
|-heal|p2b: Milotic|89/100|[from] item: Leftovers
|-sideend|p1: Mathaqua2.0|move: Tailwind
|upkeep
|turn|6
|inactive|Mathaqua2.0 has 30 seconds left.
|inactive|Can I pet the dog? has 30 seconds left.
|
|t:|1783087775
|switch|p1a: Pelipper|Pelipper, L50, M, shiny|92/100
|-weather|RainDance|[from] ability: Drizzle|[of] p1a: Pelipper
|switch|p2a: Raichu|Raichu, L50, M|75/100
|move|p2b: Milotic|Hypnosis|p1b: Archaludon
|-status|p1b: Archaludon|slp|[from] move: Hypnosis
|cant|p1b: Archaludon|slp
|
|-weather|RainDance|[upkeep]
|-heal|p2b: Milotic|95/100|[from] item: Leftovers
|upkeep
|turn|7
|
|t:|1783087789
|detailschange|p2a: Raichu|Raichu-Mega-Y, L50, M
|-mega|p2a: Raichu|Raichu|Raichunite Y
|cant|p1b: Archaludon|slp
|move|p2a: Raichu|Focus Blast|p1b: Archaludon
|-supereffective|p1b: Archaludon|1
|-damage|p1b: Archaludon|0 fnt
|faint|p1b: Archaludon
|move|p2b: Milotic|Hypnosis|p1a: Pelipper
|-status|p1a: Pelipper|slp|[from] move: Hypnosis
|cant|p1a: Pelipper|slp
|
|-weather|RainDance|[upkeep]
|-heal|p2b: Milotic|100/100|[from] item: Leftovers
|upkeep
|-message|Mathaqua2.0 forfeited.
|
|win|Can I pet the dog?
|l|☆Mathaqua2.0
|player|p1|
||Can I pet the dog? is ready for game 2.
||Mathaqua2.0 is ready for game 2.
|uhtml|next|Next: Game 2 of 3
