|j|☆A_TerroneVGC
|j|☆FreezyPop439
|html|A_TerroneVGCFreezyPop439    
|uhtml|bestof|Game 2 of a best-of-3
|t:|1783073980
|gametype|doubles
|player|p1|A_TerroneVGC|265|1226
|player|p2|FreezyPop439|collector|1321
|gen|9
|tier|[Gen 9 Champions] VGC 2026 Reg M-B (Bo3)
|rated|
|rule|Species Clause: Limit one of each Pokémon
|rule|Item Clause: Limit 1 of each item
|clearpoke
|poke|p1|Floette-Eternal, L50, F|
|poke|p1|Delphox, L50, F|
|poke|p1|Kingambit, L50, M|
|poke|p1|Sneasler, L50, M|
|poke|p1|Sinistcha, L50|
|poke|p1|Incineroar, L50, M|
|poke|p2|Garchomp, L50, F|
|poke|p2|Staraptor, L50, M|
|poke|p2|Gholdengo, L50|
|poke|p2|Maushold-Four, L50|
|poke|p2|Ceruledge, L50, F|
|poke|p2|Grimmsnarl, L50, M|
|teampreview|4
|showteam|p1|Floette-Eternal||Floettite|FlowerVeil|Moonblast,DazzlingGleam,CalmMind,Protect|Modest||F|||50|]Delphox||Delphoxite|Blaze|HeatWave,Psyshock,NastyPlot,Protect|Timid||F|||50|]Kingambit||BlackGlasses|Defiant|KowtowCleave,SuckerPunch,SwordsDance,Protect|Adamant||M|||50|]Sneasler||FocusSash|PoisonTouch|CloseCombat,DireClaw,FakeOut,QuickGuard|Jolly||M|||50|]Sinistcha||KasibBerry|Hospitality|MatchaGotcha,RagePowder,TrickRoom,Protect|Bold|||||50|]Incineroar||SitrusBerry|Intimidate|FlareBlitz,ThroatChop,FakeOut,PartingShot|Careful||M|||50|
|showteam|p2|Garchomp||WhiteHerb|RoughSkin|Earthquake,DragonClaw,RockSlide,Protect|Jolly||F|||50|]Staraptor||Staraptite|Intimidate|BraveBird,CloseCombat,Roost,Protect|Jolly||M|||50|]Gholdengo||LifeOrb|GoodasGold|MakeItRain,ShadowBall,NastyPlot,Protect|Modest|||||50|]Maushold-Four||FocusSash|FriendGuard|FollowMe,Charm,SuperFang,Protect|Jolly|||||50|]Ceruledge||ColburBerry|FlashFire|ShadowSneak,BulkUp,BitterBlade,Protect|Adamant||F|||50|]Grimmsnarl||LightClay|Prankster|SpiritBreak,LightScreen,Reflect,PartingShot|Careful||M|||50|
|
|t:|1783074002
|teamsize|p1|4
|teamsize|p2|4
|start
|switch|p1a: Incineroar|Incineroar, L50, M|100/100
|switch|p1b: Delphox|Delphox, L50, F|100/100
|switch|p2a: Staraptor|Staraptor, L50, M|100/100
|switch|p2b: Maushold|Maushold-Four, L50|100/100
|-ability|p2a: Staraptor|Intimidate|boost
|-unboost|p1a: Incineroar|atk|1
|-unboost|p1b: Delphox|atk|1
|-ability|p1a: Incineroar|Intimidate|boost
|-unboost|p2a: Staraptor|atk|1
|-unboost|p2b: Maushold|atk|1
|turn|1
|
|t:|1783074028
|detailschange|p2a: Staraptor|Staraptor-Mega, L50, M
|-mega|p2a: Staraptor|Staraptor|Staraptite
|detailschange|p1b: Delphox|Delphox-Mega, L50, F
|-mega|p1b: Delphox|Delphox|Delphoxite
|move|p1a: Incineroar|Fake Out|p2b: Maushold
|-damage|p2b: Maushold|90/100
|move|p1b: Delphox|Nasty Plot|p1b: Delphox
|-boost|p1b: Delphox|spa|2
|cant|p2b: Maushold|flinch
|move|p2a: Staraptor|Close Combat|p1a: Incineroar
|-supereffective|p1a: Incineroar|1
|-damage|p1a: Incineroar|34/100
|-boost|p2a: Staraptor|def|1
|-boost|p2a: Staraptor|spd|1
|-enditem|p1a: Incineroar|Sitrus Berry|[eat]
|-heal|p1a: Incineroar|59/100|[from] item: Sitrus Berry
|
|upkeep
|turn|2
|
|t:|1783074082
|switch|p1a: Sinistcha|Sinistcha, L50|100/100
|move|p2b: Maushold|Follow Me|p2b: Maushold
|-singleturn|p2b: Maushold|move: Follow Me
|move|p1b: Delphox|Heat Wave|p2a: Staraptor|[spread] p2a,p2b
|-damage|p2a: Staraptor|57/100
|-damage|p2b: Maushold|0 fnt
|faint|p2b: Maushold
|move|p2a: Staraptor|Brave Bird|p1b: Delphox
|-damage|p1b: Delphox|59/100
|-damage|p2a: Staraptor|44/100|[from] Recoil
|
|upkeep
|
|t:|1783074101
|switch|p2b: Ceruledge|Ceruledge, L50, F|100/100
|turn|3
|
|t:|1783074129
|move|p1a: Sinistcha|Rage Powder|p1a: Sinistcha
|-singleturn|p1a: Sinistcha|move: Rage Powder
|move|p1b: Delphox|Psyshock|p2b: Ceruledge
|-damage|p2b: Ceruledge|6/100
|move|p2a: Staraptor|Roost|p2a: Staraptor
|-heal|p2a: Staraptor|94/100
|-singleturn|p2a: Staraptor|move: Roost
|move|p2b: Ceruledge|Bitter Blade|p1a: Sinistcha
|-supereffective|p1a: Sinistcha|1
|-damage|p1a: Sinistcha|15/100
|-heal|p2b: Ceruledge|48/100|[from] drain|[of] p1a: Sinistcha
|
|upkeep
|turn|4
|
|t:|1783074164
|switch|p1a: Incineroar|Incineroar, L50, M|59/100
|-ability|p1a: Incineroar|Intimidate|boost
|-boost|p2a: Staraptor|atk|1
|-unboost|p2b: Ceruledge|atk|1
|move|p2b: Ceruledge|Shadow Sneak|p1b: Delphox
|-supereffective|p1b: Delphox|1
|-damage|p1b: Delphox|26/100
|move|p1b: Delphox|Psyshock|p2a: Staraptor
|-supereffective|p2a: Staraptor|1
|-damage|p2a: Staraptor|0 fnt
|faint|p2a: Staraptor
|
|upkeep
|
|t:|1783074188
|switch|p2a: Garchomp|Garchomp, L50, F|100/100
|turn|5
|
|t:|1783074212
|move|p1b: Delphox|Protect|p1b: Delphox
|-singleturn|p1b: Delphox|Protect
|move|p2b: Ceruledge|Protect|p2b: Ceruledge
|-singleturn|p2b: Ceruledge|Protect
|move|p2a: Garchomp|Rock Slide|p1b: Delphox|[spread] p1a
|-activate|p1b: Delphox|move: Protect
|-supereffective|p1a: Incineroar|1
|-damage|p1a: Incineroar|28/100
|move|p1a: Incineroar|Parting Shot|p2a: Garchomp
|-unboost|p2a: Garchomp|atk|1
|-unboost|p2a: Garchomp|spa|1
|
|t:|1783074223
|switch|p1a: Sinistcha|Sinistcha, L50|15/100|[from] Parting Shot
|-enditem|p2a: Garchomp|White Herb
|-clearnegativeboost|p2a: Garchomp|[silent]
|-heal|p1b: Delphox|51/100|[from] ability: Hospitality|[of] p1a: Sinistcha
|
|upkeep
|turn|6
|
|t:|1783074238
|switch|p1a: Incineroar|Incineroar, L50, M|28/100
|-ability|p1a: Incineroar|Intimidate|boost
|-unboost|p2a: Garchomp|atk|1
|-unboost|p2b: Ceruledge|atk|1
|move|p2b: Ceruledge|Shadow Sneak|p1a: Incineroar
|-resisted|p1a: Incineroar|1
|-damage|p1a: Incineroar|24/100
|move|p1b: Delphox|Psyshock|p2b: Ceruledge
|-damage|p2b: Ceruledge|0 fnt
|faint|p2b: Ceruledge
|move|p2a: Garchomp|Rock Slide|p1a: Incineroar|[spread] p1a
|-miss|p2a: Garchomp|p1b: Delphox
|-supereffective|p1a: Incineroar|1
|-damage|p1a: Incineroar|2/100
|
|upkeep
|turn|7
|-message|FreezyPop439 forfeited.
|
|win|A_TerroneVGC
|raw|A_TerroneVGC's rating: 1226 → 1258(+32 for winning)
|raw|FreezyPop439's rating: 1321 → 1296(-25 for losing)
