|j|☆BaimeJoytWeeGeeCee
|j|☆K1rbyChaos
|html|BaimeJoytWeeGeeCeeK1rbyChaos    
|uhtml|bestof|Game 3 of a best-of-3
|t:|1756691211
|gametype|doubles
|player|p1|BaimeJoytWeeGeeCee|dawn|1000
|player|p2|K1rbyChaos|n|1000
|gen|9
|tier|[Gen 9] VGC 2025 Reg H (Bo3)
|rated|
|rule|Species Clause: Limit one of each Pokémon
|rule|Item Clause: Limit 1 of each item
|clearpoke
|poke|p1|Maushold-Four, L50|
|poke|p1|Annihilape, L50, F|
|poke|p1|Pelipper, L50, M|
|poke|p1|Archaludon, L50, F|
|poke|p1|Basculegion, L50, M|
|poke|p1|Kingambit, L50, M|
|poke|p2|Gyarados, L50, F|
|poke|p2|Garchomp, L50, F|
|poke|p2|Annihilape, L50, F|
|poke|p2|Volcarona, L50, M|
|teampreview|4
|showteam|p1|Maushold-Four||SafetyGoggles|FriendGuard|FollowMe,Protect,Taunt,BeatUp||||||50|,,,,,Ghost]Annihilape||Leftovers|Defiant|RageFist,DrainPunch,BulkUp,Protect|||F|||50|,,,,,Fire]Pelipper||FocusSash|Drizzle|Hurricane,WeatherBall,Tailwind,Protect|||M|||50|,,,,,Ghost]Archaludon||AssaultVest|Stamina|DracoMeteor,ElectroShot,BodyPress,FlashCannon|||F|||50|,,,,,Grass]Basculegion||ChoiceBand|SwiftSwim|LastRespects,WaveCrash,AquaJet,FlipTurn|||M|||50|,,,,,Grass]Kingambit||BlackGlasses|Defiant|KowtowCleave,SuckerPunch,IronHead,Protect|||M|||50|,,,,,Dark
|showteam|p2|Gyarados||SitrusBerry|Intimidate|HelpingHand,Protect,Waterfall,ThunderWave|||F|||50|,,,,,Dragon]Garchomp||ClearAmulet|RoughSkin|Earthquake,DragonClaw,StompingTantrum,Protect|||F|||50|,,,,,Fire]Annihilape||ChoiceScarf|Defiant|ShadowClaw,SmackDown,CloseCombat,FinalGambit|||F|||50|,,,,,Grass]Volcarona||SafetyGoggles|FlameBody|HeatWave,QuiverDance,Protect,GigaDrain|||M|||50|,,,,,Grass
|inactive|Battle timer is ON: inactive players will automatically lose when time's up. (requested by BaimeJoytWeeGeeCee)
|inactive|K1rbyChaos also wants the timer to be on.
|
|t:|1756691237
|teamsize|p1|4
|teamsize|p2|4
|start
|switch|p1a: Annihilape|Annihilape, L50, F, shiny|100/100
|switch|p1b: Maushold|Maushold-Four, L50|100/100
|switch|p2a: Garchomp|Garchomp, L50, F|100/100
|switch|p2b: Volcarona|Volcarona, L50, M|100/100
|turn|1
|inactive|BaimeJoytWeeGeeCee has 30 seconds left.
|
|t:|1756691264
|move|p1b: Maushold|Beat Up|p1a: Annihilape
|-damage|p1a: Annihilape|98/100
|-damage|p1a: Annihilape|97/100
|-damage|p1a: Annihilape|96/100
|-damage|p1a: Annihilape|94/100
|-hitcount|p1a: Annihilape|4
|move|p2a: Garchomp|Dragon Claw|p1a: Annihilape
|-damage|p1a: Annihilape|61/100
|move|p2b: Volcarona|Quiver Dance|p2b: Volcarona
|-boost|p2b: Volcarona|spa|1
|-boost|p2b: Volcarona|spd|1
|-boost|p2b: Volcarona|spe|1
|move|p1a: Annihilape|Rage Fist|p2a: Garchomp
|-damage|p2a: Garchomp|0 fnt
|-damage|p1a: Annihilape|49/100|[from] ability: Rough Skin|[of] p2a: Garchomp
|faint|p2a: Garchomp
|
|-heal|p1a: Annihilape|55/100|[from] item: Leftovers
|upkeep
|
|t:|1756691275
|switch|p2a: Gyarados|Gyarados, L50, F|100/100
|-ability|p2a: Gyarados|Intimidate|boost
|-unboost|p1a: Annihilape|atk|1
|-ability|p1a: Annihilape|Defiant|boost
|-boost|p1a: Annihilape|atk|2
|-unboost|p1b: Maushold|atk|1
|turn|2
|
|t:|1756691294
|move|p2b: Volcarona|Protect|p2b: Volcarona
|-singleturn|p2b: Volcarona|Protect
|move|p1a: Annihilape|Protect|p1a: Annihilape
|-singleturn|p1a: Annihilape|Protect
|move|p1b: Maushold|Taunt|p2a: Gyarados
|-start|p2a: Gyarados|move: Taunt
|move|p2a: Gyarados|Waterfall|p1b: Maushold
|-damage|p1b: Maushold|56/100
|
|-heal|p1a: Annihilape|61/100|[from] item: Leftovers
|upkeep
|turn|3
|inactive|BaimeJoytWeeGeeCee has 30 seconds left.
|
|t:|1756691324
|-terastallize|p1a: Annihilape|Fire
|move|p2b: Volcarona|Heat Wave|p1a: Annihilape|[spread] p1a,p1b
|-resisted|p1a: Annihilape
|-damage|p1a: Annihilape|44/100
|-damage|p1b: Maushold|0 fnt
|faint|p1b: Maushold
|move|p1a: Annihilape|Rage Fist|p2a: Gyarados
|-damage|p2a: Gyarados|0 fnt
|faint|p2a: Gyarados
|
|-heal|p1a: Annihilape|50/100|[from] item: Leftovers
|upkeep
|
|t:|1756691337
|switch|p1b: Pelipper|Pelipper, L50, M|100/100
|switch|p2a: Annihilape|Annihilape, L50, F|100/100
|-weather|RainDance|[from] ability: Drizzle|[of] p1b: Pelipper
|turn|4
|inactive|K1rbyChaos has 30 seconds left.
|
|t:|1756691366
|move|p1a: Annihilape|Protect|p1a: Annihilape
|-singleturn|p1a: Annihilape|Protect
|move|p2a: Annihilape|Close Combat|p1a: Annihilape
|-activate|p1a: Annihilape|move: Protect
|move|p2b: Volcarona|Quiver Dance|p2b: Volcarona
|-boost|p2b: Volcarona|spa|1
|-boost|p2b: Volcarona|spd|1
|-boost|p2b: Volcarona|spe|1
|move|p1b: Pelipper|Tailwind|p1b: Pelipper
|-sidestart|p1: BaimeJoytWeeGeeCee|move: Tailwind
|
|-weather|RainDance|[upkeep]
|-heal|p1a: Annihilape|56/100|[from] item: Leftovers
|upkeep
|turn|5
|
|t:|1756691388
|-terastallize|p2b: Volcarona|Grass
|move|p2b: Volcarona|Giga Drain|p1b: Pelipper
|-enditem|p1b: Pelipper|Focus Sash
|-damage|p1b: Pelipper|1/100
|move|p1b: Pelipper|Hurricane|p2b: Volcarona
|-supereffective|p2b: Volcarona
|-damage|p2b: Volcarona|62/100
|move|p1a: Annihilape|Rage Fist|p2a: Annihilape
|-supereffective|p2a: Annihilape
|-damage|p2a: Annihilape|0 fnt
|faint|p2a: Annihilape
|
|-weather|RainDance|[upkeep]
|-heal|p1a: Annihilape|62/100|[from] item: Leftovers
|upkeep
|turn|6
|
|t:|1756691405
|move|p1a: Annihilape|Protect|p1a: Annihilape
|-singleturn|p1a: Annihilape|Protect
|move|p2b: Volcarona|Heat Wave|p1b: Pelipper|[spread] p1b
|-activate|p1a: Annihilape|move: Protect
|-resisted|p1b: Pelipper
|-damage|p1b: Pelipper|0 fnt
|faint|p1b: Pelipper
|
|-weather|RainDance|[upkeep]
|-heal|p1a: Annihilape|68/100|[from] item: Leftovers
|upkeep
|
|t:|1756691410
|switch|p1b: Basculegion|Basculegion, L50, M|100/100
|turn|7
|
|t:|1756691415
|move|p2b: Volcarona|Protect|p2b: Volcarona
|-singleturn|p2b: Volcarona|Protect
|move|p1b: Basculegion|Last Respects|p2b: Volcarona
|-activate|p2b: Volcarona|move: Protect
|move|p1a: Annihilape|Rage Fist|p2b: Volcarona
|-activate|p2b: Volcarona|move: Protect
|
|-weather|RainDance|[upkeep]
|-heal|p1a: Annihilape|74/100|[from] item: Leftovers
|-sideend|p1: BaimeJoytWeeGeeCee|move: Tailwind
|upkeep
|turn|8
|
|t:|1756691425
|move|p2b: Volcarona|Protect||[still]
|-fail|p2b: Volcarona
|move|p1b: Basculegion|Last Respects|p2b: Volcarona
|-damage|p2b: Volcarona|0 fnt
|faint|p2b: Volcarona
|
|win|BaimeJoytWeeGeeCee
|raw|BaimeJoytWeeGeeCee's rating: 1000 → 1040(+40 for winning)
|raw|K1rbyChaos's rating: 1000 → 1000(+0 for losing)
|l|☆K1rbyChaos
|player|p2|
