|j|☆rowlet pesetero
|j|☆yamiseb
|html|rowlet peseteroyamiseb    
|uhtml|bestof|Game 3 of a best-of-3
|t:|1756125526
|gametype|doubles
|player|p1|rowlet pesetero|cheren-gen5bw2|1210
|player|p2|yamiseb|lance|1178
|gen|9
|tier|[Gen 9] VGC 2025 Reg H (Bo3)
|rated|
|rule|Species Clause: Limit one of each Pokémon
|rule|Item Clause: Limit 1 of each item
|clearpoke
|poke|p1|Sneasler, L50, F|
|poke|p1|Indeedee, L50, M|
|poke|p1|Volcarona, L50, M|
|poke|p1|Ursaluna-Bloodmoon, L50, M|
|poke|p1|Annihilape, L50, F|
|poke|p1|Tyranitar, L50, M|
|poke|p2|Tyranitar, L50, M|
|poke|p2|Volcarona, L50, M|
|poke|p2|Talonflame, L50, F|
|poke|p2|Garchomp, L50, F|
|poke|p2|Sinistcha-Masterpiece, L50|
|poke|p2|Gholdengo, L50|
|teampreview|4
|showteam|p1|Sneasler||PsychicSeed|Unburden|CloseCombat,DireClaw,ThroatChop,Protect|||F|||50|,,,,,Dark]Indeedee||ChoiceScarf|PsychicSurge|ExpandingForce,TeraBlast,Trick,Protect|||M|||50|,,,,,Psychic]Volcarona||SitrusBerry|FlameBody|Overheat,StruggleBug,RagePowder,Tailwind|||M|||50|,,,,,Grass]Ursaluna-Bloodmoon||LifeOrb|MindsEye|BloodMoon,HyperVoice,EarthPower,Protect|||M|||50|,,,,,Normal]Annihilape||SafetyGoggles|Defiant|CloseCombat,Taunt,RageFist,FinalGambit|||F|||50|,,,,,Fairy]Tyranitar||AssaultVest|SandStream|RockSlide,KnockOff,LowKick,TeraBlast|||M|||50|,,,,,Flying
|showteam|p2|Tyranitar||AssaultVest|SandStream|RockSlide,KnockOff,LowKick,TeraBlast|||M|||50|,,,,,Flying]Volcarona||Leftovers|FlameBody|FieryDance,StruggleBug,QuiverDance,Protect|||M|||50|,,,,,Grass]Talonflame||CovertCloak|GaleWings|BraveBird,WillOWisp,Tailwind,Taunt|||F|||50|,,,,,Ghost]Garchomp||ClearAmulet|RoughSkin|Earthquake,ScaleShot,SwordsDance,Protect|||F|||50|,,,,,Steel]Sinistcha-Masterpiece||SitrusBerry|Hospitality|MatchaGotcha,Scald,StrengthSap,RagePowder||||||50|,,,,,Water]Gholdengo||LifeOrb|GoodasGold|MakeItRain,ShadowBall,NastyPlot,Protect||||||50|,,,,,Flying
|inactive|Battle timer is ON: inactive players will automatically lose when time's up. (requested by yamiseb)
|
|t:|1756125551
|teamsize|p1|4
|teamsize|p2|4
|start
|switch|p1a: Sneasler|Sneasler, L50, F|100/100
|switch|p1b: Indeedee|Indeedee, L50, M|100/100
|switch|p2a: Tyranitar|Tyranitar, L50, M|100/100
|switch|p2b: Talonflame|Talonflame, L50, F|100/100
|-fieldstart|move: Psychic Terrain|[from] ability: Psychic Surge|[of] p1b: Indeedee
|-enditem|p1a: Sneasler|Psychic Seed
|-boost|p1a: Sneasler|spd|1|[from] item: Psychic Seed
|-weather|Sandstorm|[from] ability: Sand Stream|[of] p2a: Tyranitar
|turn|1
|
|t:|1756125575
|switch|p2a: Gholdengo|Gholdengo, L50|100/100
|-terastallize|p1b: Indeedee|Psychic
|move|p2b: Talonflame|Tailwind|p2b: Talonflame
|-sidestart|p2: yamiseb|move: Tailwind
|move|p1a: Sneasler|Dire Claw|p2a: Gholdengo
|-immune|p2a: Gholdengo
|move|p1b: Indeedee|Expanding Force|p2a: Gholdengo|[spread] p2a,p2b
|-resisted|p2a: Gholdengo
|-damage|p2a: Gholdengo|54/100
|-damage|p2b: Talonflame|0 fnt
|faint|p2b: Talonflame
|
|-weather|Sandstorm|[upkeep]
|-damage|p1a: Sneasler|95/100|[from] Sandstorm
|-damage|p1b: Indeedee|95/100|[from] Sandstorm
|upkeep
|
|t:|1756125592
|switch|p2b: Sinistcha|Sinistcha-Masterpiece, L50|100/100
|-heal|p2a: Gholdengo|78/100|[from] ability: Hospitality|[of] p2b: Sinistcha
|turn|2
|inactive|yamiseb has 30 seconds left.
|
|t:|1756125619
|switch|p1b: Volcarona|Volcarona, L50, M|100/100
|move|p1a: Sneasler|Dire Claw|p2b: Sinistcha
|-damage|p2b: Sinistcha|60/100
|-status|p2b: Sinistcha|psn
|move|p2a: Gholdengo|Shadow Ball|p1b: Volcarona
|-damage|p1b: Volcarona|39/100
|-enditem|p1b: Volcarona|Sitrus Berry|[eat]
|-heal|p1b: Volcarona|64/100|[from] item: Sitrus Berry
|-damage|p2a: Gholdengo|68/100|[from] item: Life Orb
|move|p2b: Sinistcha|Matcha Gotcha|p1a: Sneasler|[spread] p1a,p1b
|-resisted|p1a: Sneasler
|-resisted|p1b: Volcarona
|-damage|p1a: Sneasler|84/100
|-heal|p2b: Sinistcha|65/100 psn|[from] drain|[of] p1a: Sneasler
|-damage|p1b: Volcarona|59/100
|-heal|p2b: Sinistcha|68/100 psn|[from] drain|[of] p1b: Volcarona
|
|-weather|Sandstorm|[upkeep]
|-damage|p1a: Sneasler|78/100|[from] Sandstorm
|-damage|p2b: Sinistcha|62/100 psn|[from] Sandstorm
|-damage|p1b: Volcarona|53/100|[from] Sandstorm
|-damage|p2b: Sinistcha|50/100 psn|[from] psn
|upkeep
|-enditem|p2b: Sinistcha|Sitrus Berry|[eat]
|-heal|p2b: Sinistcha|75/100 psn|[from] item: Sitrus Berry
|turn|3
|inactive|yamiseb has 30 seconds left.
|inactive|rowlet pesetero has 30 seconds left.
|inactive|yamiseb has 20 seconds left.
|inactive|yamiseb has 15 seconds left.
|
|t:|1756125659
|move|p1a: Sneasler|Throat Chop|p2a: Gholdengo
|-supereffective|p2a: Gholdengo
|-damage|p2a: Gholdengo|0 fnt
|faint|p2a: Gholdengo
|move|p2b: Sinistcha|Scald|p1b: Volcarona
|-supereffective|p1b: Volcarona
|-damage|p1b: Volcarona|9/100
|move|p1b: Volcarona|Tailwind|p1b: Volcarona
|-sidestart|p1: rowlet pesetero|move: Tailwind
|
|-weather|Sandstorm|[upkeep]
|-damage|p1a: Sneasler|72/100|[from] Sandstorm
|-damage|p1b: Volcarona|3/100|[from] Sandstorm
|-damage|p2b: Sinistcha|69/100 psn|[from] Sandstorm
|-damage|p2b: Sinistcha|56/100 psn|[from] psn
|upkeep
|
|t:|1756125663
|switch|p2a: Tyranitar|Tyranitar, L50, M|100/100
|turn|4
|
|t:|1756125686
|-terastallize|p2a: Tyranitar|Flying
|move|p1b: Volcarona|Rage Powder|p1b: Volcarona
|-singleturn|p1b: Volcarona|move: Rage Powder
|move|p2b: Sinistcha|Rage Powder|p2b: Sinistcha
|-singleturn|p2b: Sinistcha|move: Rage Powder
|move|p1a: Sneasler|Throat Chop|p2b: Sinistcha
|-supereffective|p2b: Sinistcha
|-damage|p2b: Sinistcha|7/100 psn
|-start|p2b: Sinistcha|Throat Chop|[silent]
|move|p2a: Tyranitar|Tera Blast|p1b: Volcarona|[anim] Tera Blast Flying
|-supereffective|p1b: Volcarona
|-damage|p1b: Volcarona|0 fnt
|faint|p1b: Volcarona
|
|-weather|Sandstorm|[upkeep]
|-damage|p1a: Sneasler|66/100|[from] Sandstorm
|-damage|p2a: Tyranitar|95/100|[from] Sandstorm
|-damage|p2b: Sinistcha|1/100 psn|[from] Sandstorm
|-damage|p2b: Sinistcha|0 fnt|[from] psn
|faint|p2b: Sinistcha
|-sideend|p2: yamiseb|move: Tailwind
|upkeep
|
|t:|1756125705
|switch|p1b: Indeedee|Indeedee, L50, M, tera:Psychic|95/100
|turn|5
|
|t:|1756125727
|move|p1a: Sneasler|Dire Claw|p2a: Tyranitar
|-damage|p2a: Tyranitar|53/100
|-status|p2a: Tyranitar|slp
|move|p1b: Indeedee|Expanding Force|p2a: Tyranitar
|-damage|p2a: Tyranitar|0 fnt
|faint|p2a: Tyranitar
|
|win|rowlet pesetero
|raw|rowlet pesetero's rating: 1210 → 1233(+23 for winning)
|raw|yamiseb's rating: 1178 → 1155(-23 for losing)
|l|☆yamiseb
|player|p2|
