|j|☆aox93
|j|☆Togore Gaming
|html|aox93Togore Gaming    
|uhtml|bestof|Game 3 of a best-of-3
|t:|1756427418
|gametype|doubles
|player|p1|aox93|n|1364
|player|p2|Togore Gaming|richboy-gen4|1258
|gen|9
|tier|[Gen 9] VGC 2025 Reg H (Bo3)
|rated|
|rule|Species Clause: Limit one of each Pokémon
|rule|Item Clause: Limit 1 of each item
|clearpoke
|poke|p1|Talonflame, L50, F|
|poke|p1|Sneasler, L50, F|
|poke|p1|Indeedee, L50, M|
|poke|p1|Gholdengo, L50|
|poke|p1|Garchomp, L50, M|
|poke|p1|Tyranitar, L50, M|
|poke|p2|Indeedee, L50, M|
|poke|p2|Sneasler, L50, M|
|poke|p2|Drifblim, L50, M|
|poke|p2|Ursaluna-Bloodmoon, L50, M|
|poke|p2|Electabuzz, L50, F|
|poke|p2|Corviknight, L50, F|
|teampreview|4
|showteam|p1|Talonflame||CovertCloak|GaleWings|BraveBird,Tailwind,WillOWisp,FlareBlitz|||F|||50|,,,,,Flying]Sneasler||PsychicSeed|Unburden|ThroatChop,CloseCombat,DireClaw,AcidSpray|||F|||50|,,,,,Dark]Indeedee||FocusSash|PsychicSurge|Protect,TrickRoom,Imprison,ExpandingForce|||M|||50|,,,,,Psychic]Gholdengo||ChoiceSpecs|GoodasGold|MakeItRain,ShadowBall,Thunderbolt,SteelBeam||||||50|,,,,,Steel]Garchomp||LifeOrb|RoughSkin|Protect,Earthquake,Outrage,StompingTantrum|||M|||50|,,,,,Ground]Tyranitar||AssaultVest|SandStream|RockSlide,TeraBlast,KnockOff,LowKick|||M|||50|,,,,,Flying
|showteam|p2|Indeedee||FocusSash|PsychicSurge|ExpandingForce,TeraBlast,Imprison,TrickRoom|||M|||50|,,,,,Ground]Sneasler||WhiteHerb|Unburden|DireClaw,CloseCombat,ThroatChop,Protect|||M|||50|,,,,,Dark]Drifblim||PsychicSeed|Unburden|Acrobatics,WillOWisp,Tailwind,Haze|||M|||50|,,,,,Grass]Ursaluna-Bloodmoon||LifeOrb|MindsEye|BloodMoon,HyperVoice,EarthPower,Protect|||M|||50|,,,,,Normal]Electabuzz||Eviolite|VitalSpirit|Electroweb,FollowMe,Taunt,Protect|||F|||50|,,,,,Dragon]Corviknight||SitrusBerry|MirrorArmor|BraveBird,BodyPress,BulkUp,Roost|||F|||50|,,,,,Fire
|inactive|Battle timer is ON: inactive players will automatically lose when time's up. (requested by Togore Gaming)
|
|t:|1756427441
|teamsize|p1|4
|teamsize|p2|4
|start
|switch|p1a: Talonflame|Talonflame, L50, F, shiny|100/100
|switch|p1b: Tyranitar|Tyranitar, L50, M|100/100
|switch|p2a: Indeedee|Indeedee, L50, M|100/100
|switch|p2b: Drifblim|Drifblim, L50, M|100/100
|-fieldstart|move: Psychic Terrain|[from] ability: Psychic Surge|[of] p2a: Indeedee
|-enditem|p2b: Drifblim|Psychic Seed
|-boost|p2b: Drifblim|spd|1|[from] item: Psychic Seed
|-weather|Sandstorm|[from] ability: Sand Stream|[of] p1b: Tyranitar
|turn|1
|inactive|aox93 has 30 seconds left.
|inactive|Togore Gaming has 30 seconds left.
|
|t:|1756427469
|move|p1a: Talonflame|Tailwind|p1a: Talonflame
|-sidestart|p1: aox93|move: Tailwind
|move|p2b: Drifblim|Tailwind|p2b: Drifblim
|-sidestart|p2: Togore Gaming|move: Tailwind
|move|p2a: Indeedee|Expanding Force|p1a: Talonflame|[spread] p1a
|-immune|p1b: Tyranitar
|-crit|p1a: Talonflame
|-damage|p1a: Talonflame|0 fnt
|faint|p1a: Talonflame
|move|p1b: Tyranitar|Knock Off|p2b: Drifblim
|-supereffective|p2b: Drifblim
|-damage|p2b: Drifblim|41/100
|
|-weather|Sandstorm|[upkeep]
|-damage|p2b: Drifblim|35/100|[from] Sandstorm
|-damage|p2a: Indeedee|95/100|[from] Sandstorm
|upkeep
|
|t:|1756427484
|switch|p1a: Sneasler|Sneasler, L50, F, shiny|100/100
|-enditem|p1a: Sneasler|Psychic Seed
|-boost|p1a: Sneasler|spd|1|[from] item: Psychic Seed
|turn|2
|
|t:|1756427495
|-terastallize|p1a: Sneasler|Dark
|move|p1a: Sneasler|Dire Claw|p2b: Drifblim
|-resisted|p2b: Drifblim
|-damage|p2b: Drifblim|16/100
|move|p2b: Drifblim|Will-O-Wisp|p1b: Tyranitar|[miss]
|-miss|p2b: Drifblim|p1b: Tyranitar
|move|p2a: Indeedee|Expanding Force|p1b: Tyranitar|[spread] 
|-immune|p1a: Sneasler
|-immune|p1b: Tyranitar
|move|p1b: Tyranitar|Knock Off|p2a: Indeedee
|-supereffective|p2a: Indeedee
|-damage|p2a: Indeedee|0 fnt
|-enditem|p2a: Indeedee|Focus Sash|[from] move: Knock Off|[of] p1b: Tyranitar
|faint|p2a: Indeedee
|
|-weather|Sandstorm|[upkeep]
|-damage|p1a: Sneasler|95/100|[from] Sandstorm
|-damage|p2b: Drifblim|10/100|[from] Sandstorm
|upkeep
|
|t:|1756427504
|switch|p2a: Sneasler|Sneasler, L50, M|100/100
|turn|3
|inactive|aox93 has 30 seconds left.
|inactive|aox93 has 20 seconds left.
|
|t:|1756427542
|move|p1a: Sneasler|Dire Claw|p2b: Drifblim
|-resisted|p2b: Drifblim
|-damage|p2b: Drifblim|0 fnt
|faint|p2b: Drifblim
|move|p2a: Sneasler|Close Combat|p1a: Sneasler
|-supereffective|p1a: Sneasler
|-damage|p1a: Sneasler|0 fnt
|-unboost|p2a: Sneasler|def|1
|-unboost|p2a: Sneasler|spd|1
|faint|p1a: Sneasler
|-enditem|p2a: Sneasler|White Herb
|-clearnegativeboost|p2a: Sneasler|[silent]
|move|p1b: Tyranitar|Knock Off|p2a: Sneasler
|-resisted|p2a: Sneasler
|-damage|p2a: Sneasler|69/100
|
|-weather|Sandstorm|[upkeep]
|-damage|p2a: Sneasler|64/100|[from] Sandstorm
|upkeep
|
|t:|1756427559
|switch|p1a: Gholdengo|Gholdengo, L50|100/100
|switch|p2b: Corviknight|Corviknight, L50, F|100/100
|turn|4
|inactive|aox93 has 30 seconds left.
|
|t:|1756427585
|-terastallize|p2a: Sneasler|Dark
|move|p2a: Sneasler|Throat Chop|p1a: Gholdengo
|-supereffective|p1a: Gholdengo
|-damage|p1a: Gholdengo|0 fnt
|faint|p1a: Gholdengo
|move|p1b: Tyranitar|Rock Slide|p2b: Corviknight|[spread] p2a,p2b
|-damage|p2a: Sneasler|8/100
|-damage|p2b: Corviknight|76/100
|move|p2b: Corviknight|Bulk Up|p2b: Corviknight
|-boost|p2b: Corviknight|atk|1
|-boost|p2b: Corviknight|def|1
|
|-weather|Sandstorm|[upkeep]
|-damage|p2a: Sneasler|2/100|[from] Sandstorm
|-sideend|p1: aox93|move: Tailwind
|-sideend|p2: Togore Gaming|move: Tailwind
|upkeep
|turn|5
|
|t:|1756427602
|move|p2a: Sneasler|Close Combat|p1b: Tyranitar
|-supereffective|p1b: Tyranitar
|-damage|p1b: Tyranitar|0 fnt
|-unboost|p2a: Sneasler|def|1
|-unboost|p2a: Sneasler|spd|1
|faint|p1b: Tyranitar
|
|win|Togore Gaming
|raw|aox93's rating: 1364 → 1338(-26 for losing)
|raw|Togore Gaming's rating: 1258 → 1290(+32 for winning)
|l|☆aox93
|player|p1|
