|j|☆monsoonisbest
|j|☆Drunk express
|html|monsoonisbestDrunk express    
|uhtml|bestof|Game 1 of a best-of-3
|t:|1783981899
|gametype|doubles
|player|p1|monsoonisbest|102|1182
|player|p2|Drunk express|169|1152
|gen|9
|tier|[Gen 9 Champions] VGC 2026 Reg M-B (Bo3)
|rated|
|rule|Species Clause: Limit one of each Pokémon
|rule|Item Clause: Limit 1 of each item
|clearpoke
|poke|p1|Gengar, L50, F|
|poke|p1|Incineroar, L50, F|
|poke|p1|Politoed, L50, F, shiny|
|poke|p1|Archaludon, L50, F|
|poke|p1|Vivillon, L50, F|
|poke|p1|Swampert, L50, M|
|poke|p2|Chesnaught, L50, F|
|poke|p2|Gholdengo, L50|
|poke|p2|Swampert, L50, F|
|poke|p2|Pelipper, L50, M, shiny|
|poke|p2|Kangaskhan, L50, F|
|poke|p2|Incineroar, L50, F|
|teampreview|4
|showteam|p1|Gengar||Gengarite|CursedBody|ShadowBall,SludgeBomb,PerishSong,Protect|Timid||F|||50|]Incineroar||PasshoBerry|Intimidate|PartingShot,DarkestLariat,Protect,FakeOut|Sassy||F|||50|]Politoed||SitrusBerry|Drizzle|WeatherBall,PerishSong,Encore,Protect|Calm||F|||50|]Archaludon||Leftovers|Stamina|DragonPulse,FlashCannon,ElectroShot,Protect|Bold||F|||50|]Vivillon||FocusSash|CompoundEyes|Hurricane,SleepPowder,RagePowder,Protect|Timid||F|||50|]Swampert||Swampertite|Torrent|WaveCrash,IcePunch,Earthquake,Protect|Adamant||M|||50|
|showteam|p2|Chesnaught||Chesnaughtite|Bulletproof|SpikyShield,BodyPress,LeechSeed,IronDefense|Sassy||F|||50|]Gholdengo||KasibBerry|GoodasGold|NastyPlot,Thunderbolt,MakeItRain,Protect|Timid|||||50|]Swampert||Swampertite|Torrent|Protect,WaveCrash,IcePunch,Earthquake|Adamant||F|||50|]Pelipper||FocusSash|Drizzle|Tailwind,Hurricane,WeatherBall,WideGuard|Modest||M|||50|]Kangaskhan||SilkScarf|Scrappy|FakeOut,DoubleEdge,SuckerPunch,BrickBreak|Adamant||F|||50|]Incineroar||SitrusBerry|Intimidate|DarkestLariat,PartingShot,WillOWisp,FakeOut|Brave||F|||50|
|
|t:|1783981970
|teamsize|p1|4
|teamsize|p2|4
|start
|switch|p1a: Incineroar|Incineroar, L50, F|100/100
|switch|p1b: Politoed|Politoed, L50, F, shiny|100/100
|switch|p2a: Kangaskhan|Kangaskhan, L50, F|100/100
|switch|p2b: Gholdengo|Gholdengo, L50|100/100
|-weather|RainDance|[from] ability: Drizzle|[of] p1b: Politoed
|-ability|p1a: Incineroar|Intimidate|boost
|-fail|p2a: Kangaskhan|unboost|Attack|[from] ability: Scrappy|[of] p2a: Kangaskhan
|-unboost|p2b: Gholdengo|atk|1
|turn|1
|
|t:|1783981981
|move|p1b: Politoed|Protect|p1b: Politoed
|-singleturn|p1b: Politoed|Protect
|move|p2a: Kangaskhan|Fake Out|p1b: Politoed
|-activate|p1b: Politoed|move: Protect
|move|p2b: Gholdengo|Nasty Plot|p2b: Gholdengo
|-boost|p2b: Gholdengo|spa|2
|move|p1a: Incineroar|Darkest Lariat|p2b: Gholdengo
|-supereffective|p2b: Gholdengo|1
|-damage|p2b: Gholdengo|26/100
|
|-weather|RainDance|[upkeep]
|upkeep
|turn|2
|
|t:|1783981994
|move|p2b: Gholdengo|Make It Rain|p1a: Incineroar|[spread] p1a,p1b
|-resisted|p1a: Incineroar|1
|-resisted|p1b: Politoed|1
|-damage|p1a: Incineroar|67/100
|-damage|p1b: Politoed|64/100
|-unboost|p2b: Gholdengo|spa|2
|move|p2a: Kangaskhan|Double-Edge|p1a: Incineroar
|-damage|p1a: Incineroar|11/100
|-damage|p2a: Kangaskhan|79/100|[from] Recoil
|move|p1b: Politoed|Weather Ball|p2b: Gholdengo
|-damage|p2b: Gholdengo|0 fnt
|faint|p2b: Gholdengo
|move|p1a: Incineroar|Parting Shot|p2a: Kangaskhan
|-unboost|p2a: Kangaskhan|atk|1
|-unboost|p2a: Kangaskhan|spa|1
|
|t:|1783982015
|switch|p1a: Vivillon|Vivillon, L50, F|100/100|[from] Parting Shot
|
|-weather|RainDance|[upkeep]
|upkeep
|
|t:|1783982019
|switch|p2b: Incineroar|Incineroar, L50, F|100/100
|-ability|p2b: Incineroar|Intimidate|boost
|-unboost|p1a: Vivillon|atk|1
|-unboost|p1b: Politoed|atk|1
|turn|3
|
|t:|1783982045
|move|p2b: Incineroar|Fake Out|p1a: Vivillon
|-damage|p1a: Vivillon|76/100
|cant|p1a: Vivillon|flinch
|move|p2a: Kangaskhan|Double-Edge|p1a: Vivillon
|-damage|p1a: Vivillon|0 fnt
|faint|p1a: Vivillon
|-damage|p2a: Kangaskhan|58/100|[from] Recoil
|move|p1b: Politoed|Weather Ball|p2b: Incineroar
|-supereffective|p2b: Incineroar|1
|-damage|p2b: Incineroar|15/100
|-enditem|p2b: Incineroar|Sitrus Berry|[eat]
|-heal|p2b: Incineroar|40/100|[from] item: Sitrus Berry
|
|-weather|RainDance|[upkeep]
|upkeep
|
|t:|1783982062
|switch|p1a: Incineroar|Incineroar, L50, F|11/100
|-ability|p1a: Incineroar|Intimidate|boost
|-fail|p2a: Kangaskhan|unboost|Attack|[from] ability: Scrappy|[of] p2a: Kangaskhan
|-unboost|p2b: Incineroar|atk|1
|turn|4
|
|t:|1783982076
|switch|p2a: Chesnaught|Chesnaught, L50, F|100/100
|move|p1a: Incineroar|Fake Out|p2a: Chesnaught
|-damage|p2a: Chesnaught|91/100
|move|p1b: Politoed|Weather Ball|p2a: Chesnaught
|-immune|p2a: Chesnaught|[from] ability: Bulletproof
|move|p2b: Incineroar|Parting Shot|p1b: Politoed
|-unboost|p1b: Politoed|atk|1
|-unboost|p1b: Politoed|spa|1
|
|t:|1783982088
|switch|p2b: Kangaskhan|Kangaskhan, L50, F|58/100|[from] Parting Shot
|
|-weather|RainDance|[upkeep]
|upkeep
|turn|5
|
|t:|1783982096
|switch|p1a: Gengar|Gengar, L50, F|100/100
|detailschange|p2a: Chesnaught|Chesnaught-Mega, L50, F
|-mega|p2a: Chesnaught|Chesnaught|Chesnaughtite
|move|p1b: Politoed|Protect|p1b: Politoed
|-singleturn|p1b: Politoed|Protect
|move|p2b: Kangaskhan|Fake Out|p1b: Politoed
|-activate|p1b: Politoed|move: Protect
|move|p2a: Chesnaught|Iron Defense|p2a: Chesnaught
|-boost|p2a: Chesnaught|def|2
|
|-weather|none
|upkeep
|turn|6
|
|t:|1783982106
|switch|p2b: Incineroar|Incineroar, L50, F|40/100
|-ability|p2b: Incineroar|Intimidate|boost
|-unboost|p1a: Gengar|atk|1
|-unboost|p1b: Politoed|atk|1
|switch|p1b: Incineroar|Incineroar, L50, F|11/100
|-ability|p1b: Incineroar|Intimidate|boost
|-unboost|p2a: Chesnaught|atk|1
|-unboost|p2b: Incineroar|atk|1
|detailschange|p1a: Gengar|Gengar-Mega, L50, F
|-mega|p1a: Gengar|Gengar|Gengarite
|move|p1a: Gengar|Sludge Bomb|p2b: Incineroar
|-damage|p2b: Incineroar|0 fnt
|faint|p2b: Incineroar
|move|p2a: Chesnaught|Body Press|p1b: Incineroar
|-supereffective|p1b: Incineroar|1
|-damage|p1b: Incineroar|0 fnt
|faint|p1b: Incineroar
|
|upkeep
|
|t:|1783982119
|switch|p1b: Politoed|Politoed, L50, F, shiny|64/100
|switch|p2b: Kangaskhan|Kangaskhan, L50, F|58/100
|-weather|RainDance|[from] ability: Drizzle|[of] p1b: Politoed
|turn|7
|
|t:|1783982155
|move|p1a: Gengar|Protect|p1a: Gengar
|-singleturn|p1a: Gengar|Protect
|move|p2b: Kangaskhan|Fake Out|p1a: Gengar
|-activate|p1a: Gengar|move: Protect
|move|p1b: Politoed|Perish Song|p1b: Politoed
|-start|p1a: Gengar|perish3|[silent]
|-start|p1b: Politoed|perish3|[silent]
|-start|p2a: Chesnaught|perish3|[silent]
|-start|p2b: Kangaskhan|perish3|[silent]
|-fieldactivate|move: Perish Song
|move|p2a: Chesnaught|Leech Seed|p1a: Gengar
|-activate|p1a: Gengar|move: Protect
|
|-weather|RainDance|[upkeep]
|-start|p1a: Gengar|perish3
|-start|p2b: Kangaskhan|perish3
|-start|p1b: Politoed|perish3
|-start|p2a: Chesnaught|perish3
|upkeep
|turn|8
|inactive|Battle timer is ON: inactive players will automatically lose when time's up. (requested by Drunk express)
|
|t:|1783982176
|move|p1a: Gengar|Sludge Bomb|p2a: Chesnaught
|-immune|p2a: Chesnaught|[from] ability: Bulletproof
|move|p2b: Kangaskhan|Double-Edge|p1a: Gengar
|-damage|p1a: Gengar|26/100
|-damage|p2b: Kangaskhan|36/100|[from] Recoil
|move|p1b: Politoed|Weather Ball|p2b: Kangaskhan
|-damage|p2b: Kangaskhan|0 fnt
|faint|p2b: Kangaskhan
|move|p2a: Chesnaught|Leech Seed|p1a: Gengar
|-start|p1a: Gengar|move: Leech Seed
|
|-weather|RainDance|[upkeep]
|-damage|p1a: Gengar|14/100|[from] Leech Seed|[of] p2a: Chesnaught
|-heal|p2a: Chesnaught|100/100|[silent]
|-start|p1a: Gengar|perish2
|-start|p1b: Politoed|perish2
|-start|p2a: Chesnaught|perish2
|upkeep
|turn|9
|
|t:|1783982194
|move|p1a: Gengar|Protect|p1a: Gengar
|-singleturn|p1a: Gengar|Protect
|move|p1b: Politoed|Protect|p1b: Politoed
|-singleturn|p1b: Politoed|Protect
|move|p2a: Chesnaught|Body Press|p1b: Politoed
|-activate|p1b: Politoed|move: Protect
|
|-weather|RainDance|[upkeep]
|-damage|p1a: Gengar|2/100|[from] Leech Seed|[of] p2a: Chesnaught
|-start|p1a: Gengar|perish1
|-start|p1b: Politoed|perish1
|-start|p2a: Chesnaught|perish1
|upkeep
|turn|10
|
|t:|1783982198
|move|p1a: Gengar|Sludge Bomb|p2a: Chesnaught
|-immune|p2a: Chesnaught|[from] ability: Bulletproof
|move|p1b: Politoed|Weather Ball|p2a: Chesnaught
|-immune|p2a: Chesnaught|[from] ability: Bulletproof
|move|p2a: Chesnaught|Body Press|p1b: Politoed
|-damage|p1b: Politoed|0 fnt
|faint|p1b: Politoed
|
|-weather|RainDance|[upkeep]
|-damage|p1a: Gengar|0 fnt|[from] Leech Seed|[of] p2a: Chesnaught
|faint|p1a: Gengar
|
|win|Drunk express
