|j|â˜†mertering
|j|â˜†MetaphorCrazyMonk
|html|merteringMetaphorCrazyMonk    
|uhtml|bestof|Game 3 of a best-of-3
|t:|1786194600
|gametype|doubles
|player|p1|mertering|steven|1355
|player|p2|MetaphorCrazyMonk|265|1287
|gen|9
|tier|[Gen 9 Champions] VGC 2026 Reg M-B (Bo3)
|rated|
|rule|Species Clause: Limit one of each PokÃ©mon
|rule|Item Clause: Limit 1 of each item
|clearpoke
|poke|p1|Delphox, L50, F|
|poke|p1|Whimsicott, L50, M|
|poke|p1|Basculegion, L50, M|
|poke|p1|Staraptor, L50, M|
|poke|p1|Garchomp, L50, M|
|poke|p1|Kingambit, L50, M|
|poke|p2|Starmie, L50, shiny|
|poke|p2|Blaziken, L50, M|
|poke|p2|Kingambit, L50, M|
|poke|p2|Garchomp, L50, M|
|poke|p2|Clefable, L50, F|
|poke|p2|Farigiraf, L50, M|
|teampreview|4
|showteam|p1|Delphox||Delphoxite|Blaze|HeatWave,Psychic,Encore,Protect|Modest||F|||50|]Whimsicott||OccaBerry|Prankster|Moonblast,FakeTears,Tailwind,Charm|Bold||M|||50|]Basculegion||FocusSash|Adaptability|Liquidation,LastRespects,AquaJet,Protect|Adamant||M|||50|]Staraptor||Staraptite|Intimidate|CloseCombat,BraveBird,Roost,Protect|Adamant||M|||50|]Garchomp||LifeOrb|RoughSkin|Earthquake,RockSlide,DragonClaw,Protect|Jolly||M|||50|]Kingambit||ChopleBerry|Defiant|KowtowCleave,SuckerPunch,IronHead,LowKick|Adamant||M|||50|
|showteam|p2|Starmie||Starminite|Illuminate|Liquidation,ZenHeadbutt,IceSpinner,Protect|Jolly|||||50|]Blaziken||FocusSash|SpeedBoost|Overheat,AuraSphere,Coaching,Protect|Timid||M|||50|]Kingambit||ChopleBerry|Defiant|KowtowCleave,IronHead,SuckerPunch,Protect|Adamant||M|||50|]Garchomp||LifeOrb|RoughSkin|DragonClaw,StompingTantrum,RockSlide,Protect|Jolly||M|||50|]Clefable||SitrusBerry|Unaware|Moonblast,IcyWind,FollowMe,Protect|Bold||F|||50|]Farigiraf||ColburBerry|ArmorTail|TwinBeam,Roar,TrickRoom,HelpingHand|Bold||M|||50|
|inactive|Battle timer is ON: inactive players will automatically lose when time's up. (requested by mertering)
|
|t:|1786194627
|teamsize|p1|4
|teamsize|p2|4
|start
|switch|p1a: Basculegion|Basculegion, L50, M|100/100
|switch|p1b: Kingambit|Kingambit, L50, M|100/100
|switch|p2a: Al Mattone|Blaziken, L50, M|100/100
|switch|p2b: Apache Kid|Kingambit, L50, M|100/100
|turn|1
|
|t:|1786194650
|move|p2a: Al Mattone|Overheat|p1b: Kingambit|[miss]
|-miss|p2a: Al Mattone|p1b: Kingambit
|move|p1a: Basculegion|Liquidation|p2b: Apache Kid
|-damage|p2b: Apache Kid|53/100
|move|p1b: Kingambit|Low Kick|p2b: Apache Kid
|-supereffective|p2b: Apache Kid|2
|-enditem|p2b: Apache Kid|Chople Berry|[eat]
|-enditem|p2b: Apache Kid|Chople Berry|[weaken]
|-damage|p2b: Apache Kid|5/100
|move|p2b: Apache Kid|Kowtow Cleave|p1a: Basculegion
|-supereffective|p1a: Basculegion|1
|-enditem|p1a: Basculegion|Focus Sash
|-damage|p1a: Basculegion|1/100
|
|-ability|p2a: Al Mattone|Speed Boost|boost
|-boost|p2a: Al Mattone|spe|1
|upkeep
|turn|2
|inactive|mertering has 30 seconds left.
|inactive|MetaphorCrazyMonk has 30 seconds left.
|
|t:|1786194677
|switch|p2b: Presenza|Clefable, L50, F|100/100
|move|p1a: Basculegion|Aqua Jet|p2a: Al Mattone
|-supereffective|p2a: Al Mattone|1
|-damage|p2a: Al Mattone|13/100
|move|p2a: Al Mattone|Overheat|p1b: Kingambit
|-supereffective|p1b: Kingambit|1
|-damage|p1b: Kingambit|6/100
|-unboost|p2a: Al Mattone|spa|2
|move|p1b: Kingambit|Kowtow Cleave|p2b: Presenza
|-resisted|p2b: Presenza|1
|-damage|p2b: Presenza|80/100
|
|-ability|p2a: Al Mattone|Speed Boost|boost
|-boost|p2a: Al Mattone|spe|1
|upkeep
|turn|3
|
|t:|1786194702
|move|p2a: Al Mattone|Coaching|p2b: Presenza
|-boost|p2b: Presenza|atk|1
|-boost|p2b: Presenza|def|1
|move|p1a: Basculegion|Last Respects|p2b: Presenza
|-damage|p2b: Presenza|60/100
|move|p2b: Presenza|Icy Wind|p1a: Basculegion|[spread] p1b
|-miss|p2b: Presenza|p1a: Basculegion
|-resisted|p1b: Kingambit|1
|-damage|p1b: Kingambit|2/100
|-unboost|p1b: Kingambit|spe|1
|-ability|p1b: Kingambit|Defiant|boost
|-boost|p1b: Kingambit|atk|2
|move|p1b: Kingambit|Iron Head|p2a: Al Mattone
|-resisted|p2a: Al Mattone|1
|-damage|p2a: Al Mattone|0 fnt
|faint|p2a: Al Mattone
|
|upkeep
|
|t:|1786194714
|switch|p2a: Vegapunk|Starmie, L50, shiny|100/100
|turn|4
|
|t:|1786194733
|move|p2a: Vegapunk|Protect|p2a: Vegapunk
|-singleturn|p2a: Vegapunk|Protect
|move|p1b: Kingambit|Sucker Punch||[still]
|-fail|p1b: Kingambit
|move|p1a: Basculegion|Last Respects|p2b: Presenza
|-damage|p2b: Presenza|39/100
|-enditem|p2b: Presenza|Sitrus Berry|[eat]
|-heal|p2b: Presenza|64/100|[from] item: Sitrus Berry
|move|p2b: Presenza|Icy Wind|p1b: Kingambit|[spread] p1a,p1b
|-resisted|p1a: Basculegion|1
|-resisted|p1b: Kingambit|1
|-damage|p1a: Basculegion|0 fnt
|-damage|p1b: Kingambit|0 fnt
|faint|p1a: Basculegion
|faint|p1b: Kingambit
|
|upkeep
|
|t:|1786194747
|switch|p1a: Staraptor|Staraptor, L50, M|100/100
|switch|p1b: Garchomp|Garchomp, L50, M|100/100
|-ability|p1a: Staraptor|Intimidate|boost
|-unboost|p2a: Vegapunk|atk|1
|-unboost|p2b: Presenza|atk|1
|turn|5
|
|t:|1786194765
|detailschange|p2a: Vegapunk|Starmie-Mega, L50, shiny
|-mega|p2a: Vegapunk|Starmie|Starminite
|detailschange|p1a: Staraptor|Staraptor-Mega, L50, M
|-mega|p1a: Staraptor|Staraptor|Staraptite
|move|p1b: Garchomp|Protect|p1b: Garchomp
|-singleturn|p1b: Garchomp|Protect
|move|p2a: Vegapunk|Zen Headbutt|p1a: Staraptor
|-supereffective|p1a: Staraptor|1
|-damage|p1a: Staraptor|6/100
|cant|p1a: Staraptor|flinch
|move|p2b: Presenza|Icy Wind|p1b: Garchomp|[spread] p1a
|-activate|p1b: Garchomp|move: Protect
|-supereffective|p1a: Staraptor|1
|-damage|p1a: Staraptor|0 fnt
|faint|p1a: Staraptor
|
|upkeep
|turn|6
|
|t:|1786194781
|move|p2a: Vegapunk|Ice Spinner|p1b: Garchomp
|-supereffective|p1b: Garchomp|2
|-damage|p1b: Garchomp|0 fnt
|-damage|p2a: Vegapunk|87/100|[from] ability: Rough Skin|[of] p1b: Garchomp
|faint|p1b: Garchomp
|
|win|MetaphorCrazyMonk
|raw|mertering's rating: 1355 → 1331(-24 for losing)
|raw|MetaphorCrazyMonk's rating: 1287 → 1317(+30 for winning)
