|j|☆iloveships
|j|☆pokefighter ABCZ
|html|iloveshipspokefighter ABCZ    
|uhtml|bestof|Game 2 of a best-of-3
|t:|1785454093
|gametype|doubles
|player|p1|iloveships|emmet|1171
|player|p2|pokefighter ABCZ|blue-gen1rbchampion|1040
|gen|9
|tier|[Gen 9 Champions] VGC 2026 Reg M-B (Bo3)
|rated|
|rule|Species Clause: Limit one of each Pokémon
|rule|Item Clause: Limit 1 of each item
|clearpoke
|poke|p1|Sinistcha, L50|
|poke|p1|Milotic, L50, M|
|poke|p1|Incineroar, L50, M|
|poke|p1|Raichu, L50, M|
|poke|p1|Mimikyu, L50, M|
|poke|p1|Ninetales-Alola, L50, M|
|poke|p2|Staraptor, L50, M|
|poke|p2|Whimsicott, L50, F|
|poke|p2|Glimmora, L50, F|
|poke|p2|Garchomp, L50, M|
|poke|p2|Delphox, L50, F|
|poke|p2|Kingambit, L50, F|
|teampreview|4
|showteam|p1|Sinistcha||KasibBerry|Hospitality|LifeDew,MatchaGotcha,RagePowder,Hex|Calm|||||50|]Milotic||Leftovers|Competitive|MuddyWater,Hypnosis,Coil,Recover|Calm||M|||50|]Incineroar||SitrusBerry|Intimidate|FakeOut,PartingShot,DarkestLariat,FlareBlitz|Adamant||M|||50|]Raichu||RaichuniteY|LightningRod|ZapCannon,FocusBlast,FakeOut,Protect|Timid||M|||50|]Mimikyu||LifeOrb|Disguise|PlayRough,ShadowSneak,Protect,SwordsDance|Adamant||M|||50|]Ninetales-Alola||FocusSash|SnowWarning|Blizzard,FreezeDry,Protect,Encore|Timid||M|||50|
|showteam|p2|Staraptor||Staraptite|Intimidate|CloseCombat,BraveBird,Protect,Roost|Jolly||M|||50|]Whimsicott||OccaBerry|Prankster|Moonblast,Charm,LightScreen,Tailwind|Timid||F|||50|]Glimmora||FocusSash|ToxicDebris|SludgeBomb,PowerGem,SpikyShield,EarthPower|Timid||F|||50|]Garchomp||LifeOrb|RoughSkin|RockSlide,Earthquake,Protect,DragonClaw|Jolly||M|||50|]Delphox||Delphoxite|Blaze|HeatWave,Psychic,Protect,Substitute|Modest||F|||50|]Kingambit||ChopleBerry|Defiant|KowtowCleave,IronHead,LowKick,SuckerPunch|Adamant||F|||50|
|inactive|Battle timer is ON: inactive players will automatically lose when time's up. (requested by iloveships)
|inactive|iloveships has 60 seconds left.
|inactive|pokefighter ABCZ has 60 seconds left.
|
|t:|1785454143
|teamsize|p1|4
|teamsize|p2|4
|start
|switch|p1a: Milotic|Milotic, L50, M|100/100
|switch|p1b: Raichu|Raichu, L50, M|100/100
|switch|p2a: Garchomp|Garchomp, L50, M|100/100
|switch|p2b: Delphox|Delphox, L50, F|100/100
|turn|1
|inactive|iloveships has 30 seconds left.
|
|t:|1785454172
|switch|p1a: Incineroar|Incineroar, L50, M|100/100
|-ability|p1a: Incineroar|Intimidate|boost
|-unboost|p2a: Garchomp|atk|1
|-unboost|p2b: Delphox|atk|1
|detailschange|p1b: Raichu|Raichu-Mega-Y, L50, M
|-mega|p1b: Raichu|Raichu|Raichunite Y
|detailschange|p2b: Delphox|Delphox-Mega, L50, F
|-mega|p2b: Delphox|Delphox|Delphoxite
|move|p1b: Raichu|Zap Cannon|p2b: Delphox
|-damage|p2b: Delphox|41/100
|-status|p2b: Delphox|par
|move|p2a: Garchomp|Earthquake|p1a: Incineroar|[spread] p1a,p1b
|-immune|p2b: Delphox|[from] ability: Levitate
|-supereffective|p1a: Incineroar|1
|-supereffective|p1b: Raichu|1
|-damage|p1a: Incineroar|36/100
|-damage|p1b: Raichu|5/100
|-enditem|p1a: Incineroar|Sitrus Berry|[eat]
|-heal|p1a: Incineroar|61/100|[from] item: Sitrus Berry
|-damage|p2a: Garchomp|90/100|[from] item: Life Orb
|move|p2b: Delphox|Substitute|p2b: Delphox
|-start|p2b: Delphox|Substitute
|-damage|p2b: Delphox|16/100 par
|
|upkeep
|turn|2
|inactive|iloveships has 30 seconds left.
|inactive|pokefighter ABCZ has 30 seconds left.
|inactive|iloveships has 20 seconds left.
|inactive|iloveships has 15 seconds left.
|inactive|pokefighter ABCZ has 20 seconds left.
|inactive|iloveships has 10 seconds left.
|
|t:|1785454221
|move|p2a: Garchomp|Protect|p2a: Garchomp
|-singleturn|p2a: Garchomp|Protect
|move|p1a: Incineroar|Fake Out|p2a: Garchomp
|-activate|p2a: Garchomp|move: Protect
|move|p1b: Raichu|Zap Cannon|p2b: Delphox
|-end|p2b: Delphox|Substitute
|move|p2b: Delphox|Heat Wave|p1a: Incineroar|[spread] p1a,p1b
|-resisted|p1a: Incineroar|1
|-damage|p1a: Incineroar|43/100
|-damage|p1b: Raichu|0 fnt
|faint|p1b: Raichu
|
|upkeep
|
|t:|1785454235
|switch|p1b: Sinistcha|Sinistcha, L50|100/100
|-heal|p1a: Incineroar|68/100|[from] ability: Hospitality|[of] p1b: Sinistcha
|turn|3
|
|t:|1785454260
|switch|p2a: Glimmora|Glimmora, L50, F|100/100
|move|p2b: Delphox|Protect|p2b: Delphox
|-singleturn|p2b: Delphox|Protect
|move|p1b: Sinistcha|Life Dew||[still]|[spread] p1a,p1b
|-heal|p1a: Incineroar|93/100
|-fail|p1b: Sinistcha|heal
|move|p1a: Incineroar|Parting Shot|p2b: Delphox
|-activate|p2b: Delphox|move: Protect
|
|upkeep
|turn|4
|inactive|iloveships has 30 seconds left.
|
|t:|1785454294
|switch|p1b: Milotic|Milotic, L50, M|100/100
|move|p2a: Glimmora|Power Gem|p1a: Incineroar
|-supereffective|p1a: Incineroar|1
|-damage|p1a: Incineroar|17/100
|move|p2b: Delphox|Heat Wave|p1a: Incineroar|[spread] p1a,p1b
|-resisted|p1a: Incineroar|1
|-resisted|p1b: Milotic|1
|-damage|p1a: Incineroar|0 fnt
|-damage|p1b: Milotic|85/100
|faint|p1a: Incineroar
|
|-heal|p1b: Milotic|91/100|[from] item: Leftovers
|upkeep
|
|t:|1785454305
|switch|p1a: Sinistcha|Sinistcha, L50|100/100
|-heal|p1b: Milotic|100/100|[from] ability: Hospitality|[of] p1a: Sinistcha
|turn|5
|inactive|pokefighter ABCZ has 30 seconds left.
|
|t:|1785454332
|move|p1a: Sinistcha|Rage Powder|p1a: Sinistcha
|-singleturn|p1a: Sinistcha|move: Rage Powder
|move|p2a: Glimmora|Sludge Bomb|p1a: Sinistcha
|-damage|p1a: Sinistcha|58/100
|move|p1b: Milotic|Coil|p1b: Milotic
|-boost|p1b: Milotic|atk|1
|-boost|p1b: Milotic|def|1
|-boost|p1b: Milotic|accuracy|1
|move|p2b: Delphox|Psychic|p1a: Sinistcha
|-damage|p1a: Sinistcha|11/100
|
|upkeep
|turn|6
|
|t:|1785454350
|move|p2a: Glimmora|Sludge Bomb|p1a: Sinistcha
|-damage|p1a: Sinistcha|0 fnt
|faint|p1a: Sinistcha
|move|p1b: Milotic|Muddy Water|p2a: Glimmora|[spread] p2a,p2b
|-supereffective|p2a: Glimmora|1
|-supereffective|p2b: Delphox|1
|-damage|p2a: Glimmora|38/100
|-damage|p2b: Delphox|0 fnt
|-unboost|p2a: Glimmora|accuracy|1
|faint|p2b: Delphox
|
|upkeep
|
|t:|1785454361
|switch|p2b: Garchomp|Garchomp, L50, M|90/100
|turn|7
|
|t:|1785454367
|move|p2b: Garchomp|Dragon Claw|p1b: Milotic
|-damage|p1b: Milotic|71/100
|-damage|p2b: Garchomp|80/100|[from] item: Life Orb
|move|p2a: Glimmora|Sludge Bomb|p1b: Milotic
|-crit|p1b: Milotic
|-damage|p1b: Milotic|26/100
|-status|p1b: Milotic|psn
|move|p1b: Milotic|Muddy Water|p2b: Garchomp|[spread] p2a,p2b
|-supereffective|p2a: Glimmora|1
|-damage|p2a: Glimmora|0 fnt
|-damage|p2b: Garchomp|55/100
|-unboost|p2b: Garchomp|accuracy|1
|faint|p2a: Glimmora
|
|-heal|p1b: Milotic|32/100 psn|[from] item: Leftovers
|-damage|p1b: Milotic|19/100 psn|[from] psn
|upkeep
|
|t:|1785454378
|switch|p2a: Kingambit|Kingambit, L50, F|100/100
|turn|8
|
|t:|1785454388
|move|p2b: Garchomp|Dragon Claw|p1b: Milotic|[miss]
|-miss|p2b: Garchomp|p1b: Milotic
|move|p1b: Milotic|Recover|p1b: Milotic
|-heal|p1b: Milotic|69/100 psn
|move|p2a: Kingambit|Kowtow Cleave|p1b: Milotic
|-damage|p1b: Milotic|45/100 psn
|
|-heal|p1b: Milotic|51/100 psn|[from] item: Leftovers
|-damage|p1b: Milotic|39/100 psn|[from] psn
|upkeep
|turn|9
|
|t:|1785454406
|move|p2b: Garchomp|Dragon Claw|p1b: Milotic
|-damage|p1b: Milotic|8/100 psn
|-damage|p2b: Garchomp|45/100|[from] item: Life Orb
|move|p1b: Milotic|Hypnosis|p2a: Kingambit
|-status|p2a: Kingambit|slp|[from] move: Hypnosis
|cant|p2a: Kingambit|slp
|
|-heal|p1b: Milotic|14/100 psn|[from] item: Leftovers
|-damage|p1b: Milotic|1/100 psn|[from] psn
|upkeep
|turn|10
|
|t:|1785454419
|move|p2b: Garchomp|Dragon Claw|p1b: Milotic
|-damage|p1b: Milotic|0 fnt
|faint|p1b: Milotic
|-damage|p2b: Garchomp|35/100|[from] item: Life Orb
|
|win|pokefighter ABCZ
