|j|☆nagc_17
|j|☆EddyG_7889
|html|nagc_17EddyG_7889    
|uhtml|bestof|Game 2 of a best-of-3
|t:|1785121499
|gametype|doubles
|player|p1|nagc_17|scientist|
|player|p2|EddyG_7889|artist-gen4|
|gen|9
|tier|[Gen 9 Champions] VGC 2026 Reg M-B (Bo3)
|rule|Species Clause: Limit one of each Pokémon
|rule|Item Clause: Limit 1 of each item
|clearpoke
|poke|p1|Charizard, L50, F|
|poke|p1|Garchomp, L50, M|
|poke|p1|Sneasler, L50, F|
|poke|p1|Venusaur, L50, M|
|poke|p1|Milotic, L50, M|
|poke|p1|Ampharos, L50, F|
|poke|p2|Delphox, L50, M|
|poke|p2|Whimsicott, L50, F|
|poke|p2|Alcremie, L50, F|
|poke|p2|Ceruledge, L50, M|
|poke|p2|Pangoro, L50, F|
|poke|p2|Mimikyu, L50, M|
|teampreview|4
|showteam|p1|Charizard||CharizarditeY|Blaze|HeatWave,SolarBeam,Protect,ScorchingSands|Timid||F|||50|]Garchomp||SitrusBerry|RoughSkin|Earthquake,DragonClaw,Protect,RockSlide|Adamant||M|||50|]Sneasler||WhiteHerb|Unburden|CloseCombat,DireClaw,FakeOut,Protect|Adamant||F|||50|]Venusaur||FocusSash|Chlorophyll|SleepPowder,SludgeBomb,Protect,GigaDrain|Timid||M|||50|]Milotic||Leftovers|MarvelScale|IcyWind,Recover,Scald,Protect|Bold||M|||50|]Ampharos||Ampharosite|Static|DragonPulse,ParabolicCharge,Protect,LightScreen|Modest||F|||50|
|showteam|p2|Delphox||Delphoxite|Blaze|HeatWave,Psychic,Encore,Protect|Timid||M|||50|]Whimsicott||FocusSash|Prankster|Moonblast,Tailwind,SunnyDay,Protect|Timid||F|||50|]Alcremie||SitrusBerry|SweetVeil|Decorate,DazzlingGleam,HelpingHand,Protect|Calm||F|||50|]Ceruledge||ColburBerry|FlashFire|BitterBlade,ShadowSneak,BulkUp,Protect|Adamant||M|||50|]Pangoro||CobaBerry|Scrappy|StormThrow,KnockOff,RockSlide,Detect|Adamant||F|||50|]Mimikyu||LifeOrb|Disguise|TrickRoom,PlayRough,WoodHammer,Taunt|Adamant||M|||50|
|
|t:|1785121553
|teamsize|p1|4
|teamsize|p2|4
|start
|switch|p1a: Venusaur|Venusaur, L50, M|100/100
|switch|p1b: Milotic|Milotic, L50, M|100/100
|switch|p2a: Kyubei|Mimikyu, L50, M|100/100
|switch|p2b: Do machete|Ceruledge, L50, M|100/100
|turn|1
|
|t:|1785121613
|switch|p2a: Suspiro|Alcremie, L50, F|100/100
|move|p1a: Venusaur|Protect|p1a: Venusaur
|-singleturn|p1a: Venusaur|Protect
|move|p2b: Do machete|Bitter Blade|p1a: Venusaur
|-activate|p1a: Venusaur|move: Protect
|move|p1b: Milotic|Icy Wind|p2a: Suspiro|[spread] p2a,p2b
|-resisted|p2b: Do machete|1
|-damage|p2a: Suspiro|92/100
|-damage|p2b: Do machete|95/100
|-unboost|p2a: Suspiro|spe|1
|-unboost|p2b: Do machete|spe|1
|
|upkeep
|turn|2
|
|t:|1785121662
|switch|p1a: Garchomp|Garchomp, L50, M|100/100
|move|p1b: Milotic|Scald|p2b: Do machete
|-supereffective|p2b: Do machete|1
|-damage|p2b: Do machete|44/100
|move|p2b: Do machete|Bitter Blade|p1a: Garchomp
|-resisted|p1a: Garchomp|1
|-damage|p1a: Garchomp|78/100
|-heal|p2b: Do machete|57/100|[from] drain|[of] p1a: Garchomp
|-damage|p2b: Do machete|45/100|[from] ability: Rough Skin|[of] p1a: Garchomp
|move|p2a: Suspiro|Decorate|p2b: Do machete
|-boost|p2b: Do machete|atk|2
|-boost|p2b: Do machete|spa|2
|
|upkeep
|turn|3
|
|t:|1785121691
|move|p1b: Milotic|Protect|p1b: Milotic
|-singleturn|p1b: Milotic|Protect
|move|p2b: Do machete|Protect|p2b: Do machete
|-singleturn|p2b: Do machete|Protect
|move|p1a: Garchomp|Earthquake|p2b: Do machete|[spread] p2a
|-activate|p1b: Milotic|move: Protect
|-activate|p2b: Do machete|move: Protect
|-damage|p2a: Suspiro|45/100
|-enditem|p2a: Suspiro|Sitrus Berry|[eat]
|-heal|p2a: Suspiro|70/100|[from] item: Sitrus Berry
|move|p2a: Suspiro|Dazzling Gleam|p1a: Garchomp|[spread] p1a
|-activate|p1b: Milotic|move: Protect
|-supereffective|p1a: Garchomp|1
|-damage|p1a: Garchomp|35/100
|-enditem|p1a: Garchomp|Sitrus Berry|[eat]
|-heal|p1a: Garchomp|60/100|[from] item: Sitrus Berry
|
|upkeep
|turn|4
|
|t:|1785121749
|move|p2a: Suspiro|Helping Hand|p2b: Do machete
|-singleturn|p2b: Do machete|Helping Hand|[of] p2a: Suspiro
|move|p1a: Garchomp|Protect|p1a: Garchomp
|-singleturn|p1a: Garchomp|Protect
|move|p2b: Do machete|Shadow Sneak|p1a: Garchomp
|-activate|p1a: Garchomp|move: Protect
|move|p1b: Milotic|Scald|p2b: Do machete
|-supereffective|p2b: Do machete|1
|-damage|p2b: Do machete|0 fnt
|faint|p2b: Do machete
|
|upkeep
|
|t:|1785121760
|switch|p2b: Kyubei|Mimikyu, L50, M|100/100
|turn|5
|
|t:|1785121802
|switch|p1a: Venusaur|Venusaur, L50, M|100/100
|move|p2b: Kyubei|Play Rough|p1a: Venusaur
|-resisted|p1a: Venusaur|1
|-damage|p1a: Venusaur|64/100
|-damage|p2b: Kyubei|90/100|[from] item: Life Orb
|move|p1b: Milotic|Icy Wind|p2b: Kyubei|[spread] p2a,p2b
|-damage|p2a: Suspiro|62/100
|-activate|p2b: Kyubei|ability: Disguise
|-damage|p2b: Kyubei|90/100
|-unboost|p2a: Suspiro|spe|1
|-unboost|p2b: Kyubei|spe|1
|detailschange|p2b: Kyubei|Mimikyu-Busted, L50, M
|-damage|p2b: Kyubei|77/100|[from] pokemon: Mimikyu-Busted
|move|p2a: Suspiro|Decorate|p2b: Kyubei
|-boost|p2b: Kyubei|atk|2
|-boost|p2b: Kyubei|spa|2
|
|upkeep
|turn|6
|
|t:|1785121853
|move|p1b: Milotic|Protect|p1b: Milotic
|-singleturn|p1b: Milotic|Protect
|move|p1a: Venusaur|Sleep Powder|p2b: Kyubei|[miss]
|-miss|p1a: Venusaur|p2b: Kyubei
|move|p2b: Kyubei|Wood Hammer|p1b: Milotic
|-activate|p1b: Milotic|move: Protect
|move|p2a: Suspiro|Dazzling Gleam|p1a: Venusaur|[spread] p1a
|-activate|p1b: Milotic|move: Protect
|-resisted|p1a: Venusaur|1
|-damage|p1a: Venusaur|50/100g
|
|upkeep
|turn|7
|
|t:|1785121910
|switch|p1b: Garchomp|Garchomp, L50, M|60/100
|move|p1a: Venusaur|Sludge Bomb|p2a: Suspiro
|-supereffective|p2a: Suspiro|1
|-damage|p2a: Suspiro|0 fnt
|faint|p2a: Suspiro
|move|p2b: Kyubei|Wood Hammer|p1b: Garchomp
|-damage|p1b: Garchomp|0 fnt
|-damage|p2b: Kyubei|65/100|[from] ability: Rough Skin|[of] p1b: Garchomp
|faint|p1b: Garchomp
|-damage|p2b: Kyubei|38/100|[from] Recoil
|-damage|p2b: Kyubei|29/100|[from] item: Life Orb
|
|upkeep
|
|t:|1785121925
|switch|p1b: Sneasler|Sneasler, L50, F|100/100
|switch|p2a: Madoka|Delphox, L50, M|100/100
|turn|8
|
|t:|1785121987
|detailschange|p2a: Madoka|Delphox-Mega, L50, M
|-mega|p2a: Madoka|Delphox|Delphoxite
|move|p1b: Sneasler|Fake Out|p2b: Kyubei
|-immune|p2b: Kyubei
|move|p2a: Madoka|Psychic|p1b: Sneasler
|-supereffective|p1b: Sneasler|2
|-damage|p1b: Sneasler|0 fnt
|faint|p1b: Sneasler
|move|p1a: Venusaur|Sludge Bomb|p2b: Kyubei
|-damage|p2b: Kyubei|0 fnt
|faint|p2b: Kyubei
|
|upkeep
|
|t:|1785122014
|switch|p1b: Milotic|Milotic, L50, M|100/100
|turn|9
|
|t:|1785122036
|move|p2a: Madoka|Protect|p2a: Madoka
|-singleturn|p2a: Madoka|Protect
|move|p1a: Venusaur|Protect|p1a: Venusaur
|-singleturn|p1a: Venusaur|Protect
|move|p1b: Milotic|Scald|p2a: Madoka
|-activate|p2a: Madoka|move: Protect
|
|upkeep
|turn|10
|
|t:|1785122078
|move|p2a: Madoka|Heat Wave|p1a: Venusaur|[spread] p1a,p1b
|-supereffective|p1a: Venusaur|1
|-resisted|p1b: Milotic|1
|-damage|p1a: Venusaur|0 fnt
|-damage|p1b: Milotic|87/100
|faint|p1a: Venusaur
|move|p1b: Milotic|Scald|p2a: Madoka
|-supereffective|p2a: Madoka|1
|-damage|p2a: Madoka|42/100
|
|-heal|p1b: Milotic|93/100|[from] item: Leftovers
|upkeep
|turn|11
|c|☆EddyG_7889|Tu milotic no tiene la habilidad que es
|
|t:|1785122105
|move|p2a: Madoka|Psychic|p1b: Milotic
|-damage|p1b: Milotic|55/100
|move|p1b: Milotic|Scald|p2a: Madoka
|-supereffective|p2a: Madoka|1
|-damage|p2a: Madoka|0 fnt
|faint|p2a: Madoka
|
|win|nagc_17
|c|☆EddyG_7889|gg
|l|☆EddyG_7889
|player|p2|
|c|☆nagc_17|eso acabo de ver
|j|☆EddyG_7889
|player|p2|EddyG_7889|artist-gen4|
|l|☆EddyG_7889
|player|p2|
