|j|☆fabiobl7
|j|☆jANMxRin
|html|fabiobl7jANMxRin    
|uhtml|bestof|Game 2 of a best-of-3
|t:|1756294810
|gametype|doubles
|player|p1|fabiobl7|170|1128
|player|p2|jANMxRin|acerola-masters|1017
|gen|9
|tier|[Gen 9] VGC 2025 Reg H (Bo3)
|rated|
|rule|Species Clause: Limit one of each Pokémon
|rule|Item Clause: Limit 1 of each item
|clearpoke
|poke|p1|Kingambit, L50, F|
|poke|p1|Ursaluna, L50, M|
|poke|p1|Sneasler, L50, M|
|poke|p1|Indeedee, L50, M|
|poke|p1|Talonflame, L50, M|
|poke|p1|Volcarona, L50, F|
|poke|p2|Volcarona, L50, F|
|poke|p2|Rillaboom, L50, F|
|poke|p2|Electabuzz, L50, F|
|poke|p2|Dragonite, L50, F|
|poke|p2|Kingambit, L50, M|
|poke|p2|Sneasler, L50, M|
|teampreview|4
|showteam|p1|Kingambit||AssaultVest|Defiant|IronHead,SuckerPunch,KowtowCleave,TeraBlast|||F|||50|,,,,,Flying]Ursaluna||FlameOrb|Guts|Facade,HeadlongRush,Earthquake,Protect|||M|||50|,,,,,Ghost]Sneasler||PsychicSeed|Unburden|DireClaw,CloseCombat,ThroatChop,Protect|||M|||50|,,,,,Stellar]Indeedee||FocusSash|PsychicSurge|ExpandingForce,TrickRoom,Imprison,Protect|||M|||50|,,,,,Psychic]Talonflame||CovertCloak|GaleWings|DualWingbeat,Tailwind,Taunt,WillOWisp|||M|||50|,,,,,Flying]Volcarona||Leftovers|FlameBody|FieryDance,BugBuzz,QuiverDance,Protect|||F|||50|,,,,,Fairy
|showteam|p2|Volcarona||Leftovers|FlameBody|HeatWave,TeraBlast,QuiverDance,Protect|||F|||50|,,,,,Fairy]Rillaboom||AssaultVest|GrassySurge|WoodHammer,GrassyGlide,HighHorsepower,FakeOut|||F|||50|,,,,,Fire]Electabuzz||Eviolite|VitalSpirit|Thunderbolt,FollowMe,Taunt,Protect|||F|||50|,,,,,Ghost]Dragonite||LoadedDice|Multiscale|ScaleShot,ExtremeSpeed,Haze,Protect|||F|||50|,,,,,Steel]Kingambit||BlackGlasses|Defiant|KowtowCleave,SuckerPunch,SwordsDance,Protect|||M|||50|,,,,,Dark]Sneasler||FocusSash|Unburden|CloseCombat,DireClaw,Coaching,Protect|||M|||50|,,,,,Stellar
|
|t:|1756294840
|teamsize|p1|4
|teamsize|p2|4
|start
|switch|p1a: Talonflame|Talonflame, L50, M|100/100
|switch|p1b: Indeedee|Indeedee, L50, M|100/100
|switch|p2a: Dragonite|Dragonite, L50, F|100/100
|switch|p2b: Rillaboom|Rillaboom, L50, F|100/100
|-fieldstart|move: Psychic Terrain|[from] ability: Psychic Surge|[of] p1b: Indeedee
|-fieldstart|move: Grassy Terrain|[from] ability: Grassy Surge|[of] p2b: Rillaboom
|turn|1
|
|t:|1756294875
|switch|p1b: Sneasler|Sneasler, L50, M|100/100
|move|p2b: Rillaboom|Fake Out|p1b: Sneasler
|-damage|p1b: Sneasler|75/100
|move|p2a: Dragonite|Extreme Speed|p1a: Talonflame
|-damage|p1a: Talonflame|52/100
|move|p1a: Talonflame|Will-O-Wisp|p2a: Dragonite
|-status|p2a: Dragonite|brn
|
|-heal|p1b: Sneasler|81/100|[from] Grassy Terrain
|-damage|p2a: Dragonite|95/100 brn|[from] brn
|upkeep
|turn|2
|
|t:|1756294905
|-terastallize|p2b: Rillaboom|Fire
|move|p1a: Talonflame|Tailwind|p1a: Talonflame
|-sidestart|p1: fabiobl7|move: Tailwind
|move|p1b: Sneasler|Dire Claw|p2b: Rillaboom
|-damage|p2b: Rillaboom|57/100
|move|p2a: Dragonite|Scale Shot|p1a: Talonflame
|-damage|p1a: Talonflame|40/100
|-crit|p1a: Talonflame
|-damage|p1a: Talonflame|22/100
|-damage|p1a: Talonflame|10/100
|-crit|p1a: Talonflame
|-damage|p1a: Talonflame|0 fnt
|faint|p1a: Talonflame
|-hitcount|p1: Talonflame|4
|-unboost|p2a: Dragonite|def|1
|-boost|p2a: Dragonite|spe|1
|move|p2b: Rillaboom|High Horsepower|p1b: Sneasler
|-supereffective|p1b: Sneasler
|-damage|p1b: Sneasler|0 fnt
|faint|p1b: Sneasler
|
|-heal|p2b: Rillaboom|63/100|[from] Grassy Terrain
|-damage|p2a: Dragonite|89/100 brn|[from] brn
|upkeep
|
|t:|1756294909
|switch|p1a: Ursaluna|Ursaluna, L50, M|100/100
|switch|p1b: Indeedee|Indeedee, L50, M|100/100
|-fieldstart|move: Psychic Terrain|[from] ability: Psychic Surge|[of] p1b: Indeedee
|turn|3
|
|t:|1756294957
|move|p1b: Indeedee|Expanding Force|p2b: Rillaboom|[spread] p2a,p2b
|-damage|p2a: Dragonite|26/100 brn
|-damage|p2b: Rillaboom|18/100
|move|p2a: Dragonite|Scale Shot|p1a: Ursaluna
|-damage|p1a: Ursaluna|95/100
|-damage|p1a: Ursaluna|89/100
|-damage|p1a: Ursaluna|83/100
|-damage|p1a: Ursaluna|77/100
|-hitcount|p1a: Ursaluna|4
|-unboost|p2a: Dragonite|def|1
|-boost|p2a: Dragonite|spe|1
|move|p1a: Ursaluna|Headlong Rush|p2b: Rillaboom
|-supereffective|p2b: Rillaboom
|-damage|p2b: Rillaboom|0 fnt
|-unboost|p1a: Ursaluna|def|1
|-unboost|p1a: Ursaluna|spd|1
|faint|p2b: Rillaboom
|
|-damage|p2a: Dragonite|20/100 brn|[from] brn
|-status|p1a: Ursaluna|brn|[from] item: Flame Orb
|upkeep
|
|t:|1756294994
|switch|p2b: Electabuzz|Electabuzz, L50, F|100/100
|turn|4
|
|t:|1756295018
|move|p2b: Electabuzz|Protect|p2b: Electabuzz
|-singleturn|p2b: Electabuzz|Protect
|move|p1b: Indeedee|Expanding Force|p2a: Dragonite|[spread] p2a
|-activate|p2b: Electabuzz|move: Protect
|-damage|p2a: Dragonite|0 fnt
|faint|p2a: Dragonite
|move|p1a: Ursaluna|Headlong Rush|p2b: Electabuzz
|-activate|p2b: Electabuzz|move: Protect
|
|-damage|p1a: Ursaluna|71/100 brn|[from] brn
|upkeep
|
|t:|1756295026
|switch|p2a: Volcarona|Volcarona, L50, F|100/100
|turn|5
|
|t:|1756295052
|move|p1b: Indeedee|Protect|p1b: Indeedee
|-singleturn|p1b: Indeedee|Protect
|move|p2b: Electabuzz|Protect|p2b: Electabuzz
|-singleturn|p2b: Electabuzz|Protect
|move|p2a: Volcarona|Protect|p2a: Volcarona
|-singleturn|p2a: Volcarona|Protect
|move|p1a: Ursaluna|Earthquake|p2a: Volcarona|[spread] 
|-activate|p1b: Indeedee|move: Protect
|-activate|p2a: Volcarona|move: Protect
|-activate|p2b: Electabuzz|move: Protect
|
|-damage|p1a: Ursaluna|65/100 brn|[from] brn
|-sideend|p1: fabiobl7|move: Tailwind
|upkeep
|turn|6
|
|t:|1756295081
|move|p1a: Ursaluna|Protect|p1a: Ursaluna
|-singleturn|p1a: Ursaluna|Protect
|move|p2b: Electabuzz|Follow Me|p2b: Electabuzz
|-singleturn|p2b: Electabuzz|move: Follow Me
|move|p1b: Indeedee|Imprison|p1b: Indeedee
|-start|p1b: Indeedee|move: Imprison
|move|p2a: Volcarona|Heat Wave|p1b: Indeedee|[spread] 
|-activate|p1a: Ursaluna|move: Protect
|-miss|p2a: Volcarona|p1b: Indeedee
|
|-damage|p1a: Ursaluna|58/100 brn|[from] brn
|upkeep
|turn|7
|
|t:|1756295109
|move|p1a: Ursaluna|Protect||[still]
|-fail|p1a: Ursaluna
|move|p2b: Electabuzz|Thunderbolt|p1b: Indeedee
|-damage|p1b: Indeedee|62/100
|move|p2a: Volcarona|Heat Wave|p1b: Indeedee|[spread] p1a,p1b
|-damage|p1a: Ursaluna|8/100 brn
|-damage|p1b: Indeedee|11/100
|move|p1b: Indeedee|Trick Room|p1b: Indeedee
|-fieldstart|move: Trick Room|[of] p1b: Indeedee
|
|-damage|p1a: Ursaluna|2/100 brn|[from] brn
|-fieldend|move: Psychic Terrain
|upkeep
|turn|8
|
|t:|1756295130
|move|p2b: Electabuzz|Follow Me|p2b: Electabuzz
|-singleturn|p2b: Electabuzz|move: Follow Me
|move|p1a: Ursaluna|Earthquake|p2a: Volcarona|[spread] p1b,p2a,p2b
|-crit|p2a: Volcarona
|-supereffective|p2b: Electabuzz
|-damage|p1b: Indeedee|0 fnt
|-damage|p2a: Volcarona|0 fnt
|-damage|p2b: Electabuzz|0 fnt
|faint|p1b: Indeedee
|faint|p2a: Volcarona
|faint|p2b: Electabuzz
|
|win|fabiobl7
|raw|fabiobl7's rating: 1128 → 1145(+17 for winning)
|raw|jANMxRin's rating: 1017 → 1008(-9 for losing)
