|j|☆Rage0213
|j|☆Fell Blue
|html|Rage0213Fell Blue    
|uhtml|bestof|Game 1 of a best-of-3
|t:|1782497700
|gametype|doubles
|player|p1|Rage0213|swimmer-gen4|1145
|player|p2|Fell Blue|fantina|1282
|gen|9
|tier|[Gen 9 Champions] VGC 2026 Reg M-B (Bo3)
|rated|
|rule|Species Clause: Limit one of each Pokémon
|rule|Item Clause: Limit 1 of each item
|clearpoke
|poke|p1|Kingambit, L50, F|
|poke|p1|Charizard, L50, M|
|poke|p1|Garchomp, L50, M|
|poke|p1|Annihilape, L50, F|
|poke|p1|Maushold, L50|
|poke|p1|Aerodactyl, L50, M|
|poke|p2|Torkoal, L50, M|
|poke|p2|Scrafty, L50, F|
|poke|p2|Farigiraf, L50, M|
|poke|p2|Mawile, L50, M|
|poke|p2|Vileplume, L50, M|
|poke|p2|Kangaskhan, L50, F|
|teampreview|4
|showteam|p1|Kingambit||ChopleBerry|Defiant|KowtowCleave,SuckerPunch,IronHead,Protect|Adamant||F|||50|]Charizard||CharizarditeY|Blaze|HeatWave,Protect,SolarBeam,WeatherBall|Timid||M|||50|]Garchomp||LifeOrb|RoughSkin|DragonClaw,RockSlide,Earthquake,PoisonJab|Jolly||M|||50|]Annihilape||Leftovers|Defiant|DrainPunch,RageFist,BulkUp,Protect|Adamant||F|||50|]Maushold||WideLens|FriendGuard|FollowMe,SuperFang,Encore,BeatUp|Jolly|||||50|]Aerodactyl||Aerodactylite|Unnerve|Protect,DualWingbeat,RockSlide,Tailwind|Jolly||M|||50|
|showteam|p2|Torkoal||Charcoal|Drought|Eruption,WeatherBall,HelpingHand,Protect|Quiet||M|||50|]Scrafty||Scraftinite|Intimidate|KnockOff,ThunderPunch,BrickBreak,Protect|Brave||F|||50|]Farigiraf||SitrusBerry|ArmorTail|Psychic,TrickRoom,HelpingHand,Protect|Bold||M|||50|]Mawile||Mawilite|HyperCutter|PlayRough,IronHead,SuckerPunch,Protect|Brave||M|||50|]Vileplume||FocusSash|Chlorophyll|SleepPowder,Protect,GigaDrain,AfterYou|Timid||M|||50|]Kangaskhan||SilkScarf|Scrappy|FakeOut,LastResort|Brave||F|||50|
|
|t:|1782497734
|teamsize|p1|4
|teamsize|p2|4
|start
|switch|p1a: Annihilape|Annihilape, L50, F|100/100
|switch|p1b: Maushold|Maushold, L50|100/100
|switch|p2a: Vileplume|Vileplume, L50, M|100/100
|switch|p2b: Torkoal|Torkoal, L50, M|100/100
|-weather|SunnyDay|[from] ability: Drought|[of] p2b: Torkoal
|turn|1
|
|t:|1782497757
|move|p2a: Vileplume|After You|p2b: Torkoal
|-activate|p2b: Torkoal|move: After You
|move|p2b: Torkoal|Eruption|p1a: Annihilape|[spread] p1a,p1b
|-damage|p1a: Annihilape|27/100
|-damage|p1b: Maushold|0 fnt
|faint|p1b: Maushold
|move|p1a: Annihilape|Bulk Up|p1a: Annihilape
|-boost|p1a: Annihilape|atk|1
|-boost|p1a: Annihilape|def|1
|
|-weather|SunnyDay|[upkeep]
|-heal|p1a: Annihilape|33/100|[from] item: Leftovers
|upkeep
|
|t:|1782497764
|switch|p1b: Garchomp|Garchomp, L50, M|100/100
|turn|2
|
|t:|1782497776
|move|p1a: Annihilape|Protect|p1a: Annihilape
|-singleturn|p1a: Annihilape|Protect
|move|p2a: Vileplume|Sleep Powder|p1b: Garchomp
|-status|p1b: Garchomp|slp|[from] move: Sleep Powder
|cant|p1b: Garchomp|slp
|move|p2b: Torkoal|Weather Ball|p1a: Annihilape
|-activate|p1a: Annihilape|move: Protect
|
|-weather|SunnyDay|[upkeep]
|-heal|p1a: Annihilape|39/100|[from] item: Leftovers
|upkeep
|turn|3
|
|t:|1782497795
|move|p2a: Vileplume|After You|p2b: Torkoal
|-activate|p2b: Torkoal|move: After You
|move|p2b: Torkoal|Eruption|p1a: Annihilape|[spread] p1a,p1b
|-resisted|p1b: Garchomp|1
|-damage|p1a: Annihilape|0 fnt
|-damage|p1b: Garchomp|58/100 slp
|faint|p1a: Annihilape
|-curestatus|p1b: Garchomp|slp|[msg]
|move|p1b: Garchomp|Rock Slide|p2b: Torkoal|[spread] p2a,p2b
|-supereffective|p2b: Torkoal|1
|-damage|p2a: Vileplume|63/100
|-damage|p2b: Torkoal|60/100
|-damage|p1b: Garchomp|48/100|[from] item: Life Orb
|
|-weather|SunnyDay|[upkeep]
|upkeep
|
|t:|1782497804
|switch|p1a: Aerodactyl|Aerodactyl, L50, M|100/100
|-ability|p1a: Aerodactyl|Unnerve
|turn|4
|
|t:|1782497812
|detailschange|p1a: Aerodactyl|Aerodactyl-Mega, L50, M
|-mega|p1a: Aerodactyl|Aerodactyl|Aerodactylite
|move|p2a: Vileplume|Sleep Powder|p1a: Aerodactyl|[miss]
|-miss|p2a: Vileplume|p1a: Aerodactyl
|move|p1a: Aerodactyl|Tailwind|p1a: Aerodactyl
|-sidestart|p1: Rage0213|move: Tailwind
|move|p1b: Garchomp|Earthquake|p2a: Vileplume|[spread] p2a,p2b
|-immune|p1a: Aerodactyl
|-crit|p2a: Vileplume
|-supereffective|p2b: Torkoal|1
|-damage|p2a: Vileplume|0 fnt
|-damage|p2b: Torkoal|0 fnt
|faint|p2a: Vileplume
|faint|p2b: Torkoal
|-damage|p1b: Garchomp|38/100|[from] item: Life Orb
|
|-weather|SunnyDay|[upkeep]
|upkeep
|
|t:|1782497816
|switch|p2a: Farigiraf|Farigiraf, L50, M|100/100
|switch|p2b: Mawile|Mawile, L50, M|100/100
|turn|5
|
|t:|1782497832
|detailschange|p2b: Mawile|Mawile-Mega, L50, M
|-mega|p2b: Mawile|Mawile|Mawilite
|move|p2a: Farigiraf|Helping Hand|p2b: Mawile
|-singleturn|p2b: Mawile|Helping Hand|[of] p2a: Farigiraf
|move|p2b: Mawile|Sucker Punch|p1b: Garchomp
|-damage|p1b: Garchomp|0 fnt
|-damage|p2b: Mawile|87/100|[from] ability: Rough Skin|[of] p1b: Garchomp
|faint|p1b: Garchomp
|move|p1a: Aerodactyl|Dual Wingbeat|p2a: Farigiraf
|-damage|p2a: Farigiraf|77/100
|-damage|p2a: Farigiraf|56/100
|-hitcount|p2a: Farigiraf|2
|
|-weather|none
|upkeep
|turn|6
|
|t:|1782497843
|move|p1a: Aerodactyl|Dual Wingbeat|p2a: Farigiraf
|-damage|p2a: Farigiraf|35/100
|-enditem|p2a: Farigiraf|Sitrus Berry|[eat]
|-heal|p2a: Farigiraf|60/100|[from] item: Sitrus Berry
|-damage|p2a: Farigiraf|40/100
|-hitcount|p2a: Farigiraf|2
|move|p2b: Mawile|Iron Head|p1a: Aerodactyl
|-supereffective|p1a: Aerodactyl|1
|-damage|p1a: Aerodactyl|0 fnt
|faint|p1a: Aerodactyl
|
|win|Fell Blue
||Rage0213 is ready for game 2.
|inactive|Fell Blue has 30 seconds to confirm battle start!
