|j|☆smearscat
|j|☆Hivemind125
|html|smearscatHivemind125    
|uhtml|bestof|Game 1 of a best-of-3
|t:|1784606127
|gametype|doubles
|player|p1|smearscat|marlon|
|player|p2|Hivemind125|102|
|gen|9
|tier|[Gen 9 Champions] VGC 2026 Reg M-B (Bo3)
|rule|Species Clause: Limit one of each Pokémon
|rule|Item Clause: Limit 1 of each item
|clearpoke
|poke|p1|Tyranitar, L50, M|
|poke|p1|Excadrill, L50, F|
|poke|p1|Slowbro, L50, F|
|poke|p1|Rotom-Mow, L50|
|poke|p1|Pidgeot, L50, F|
|poke|p1|Gholdengo, L50|
|poke|p2|Palafin, L50, F|
|poke|p2|Metagross, L50|
|poke|p2|Sableye, L50, F|
|poke|p2|Gyarados, L50, M|
|poke|p2|Sylveon, L50, F|
|poke|p2|Zoroark, L50, F|
|teampreview|4
|showteam|p1|Tyranitar||Tyranitarite|SandStream|DragonDance,RockSlide,Crunch,FirePunch|Jolly||M|||50|]Excadrill||FocusSash|SandRush|Earthquake,IronHead,RockSlide,SwordsDance|Jolly||F|||50|]Slowbro||Leftovers|Regenerator|Scald,Flamethrower,SlackOff,ThunderWave|Bold||F|||50|]Rotom-Mow||ChoiceScarf|Levitate|VoltSwitch,Thunderbolt,LeafStorm,Trick|Timid|||||50|]Pidgeot||Pidgeotite|BigPecks|Hurricane,HeatWave,Uturn,Roost|Timid||F|||50|]Gholdengo||ColburBerry|GoodasGold|MakeItRain,ShadowBall,Thunderbolt,Recover|Timid|||||50|
|showteam|p2|Palafin||FocusBand|ZerotoHero|DrainPunch,CloseCombat,FlipTurn,WaveCrash|Jolly||F|||50|]Metagross||Metagrossite|ClearBody|BodyPress,BulletPunch,Earthquake,PsychicFangs|Jolly|||||50|]Sableye||Sablenite|Prankster|Encore,FakeOut,Taunt,ThunderWave|Impish||F|||50|]Gyarados||LumBerry|Intimidate|DragonDance,Waterfall,PowerWhip,IceFang|Jolly||M|||50|]Sylveon||FairyFeather|Pixilate|HyperVoice,HyperBeam,QuickAttack,Detect|Modest||F|||50|]Zoroark||LifeOrb|Illusion|DarkPulse,SludgeBomb,Flamethrower,GrassKnot|Timid||F|||50|
|
|t:|1784606214
|teamsize|p1|4
|teamsize|p2|4
|start
|switch|p1a: lawnmower|Rotom-Mow, L50|100/100
|switch|p1b: mega idiot|Pidgeot, L50, F|100/100
|switch|p2a: Sableye|Sableye, L50, F|100/100
|switch|p2b: Metagross|Metagross, L50|100/100
|turn|1
|
|t:|1784606287
|detailschange|p2b: Metagross|Metagross-Mega, L50
|-mega|p2b: Metagross|Metagross|Metagrossite
|move|p2a: Sableye|Thunder Wave|p1b: mega idiot
|-status|p1b: mega idiot|par
|move|p1a: lawnmower|Thunderbolt|p2a: Sableye
|-damage|p2a: Sableye|31/100
|move|p2b: Metagross|Psychic Fangs|p1a: lawnmower
|-damage|p1a: lawnmower|22/100
|cant|p1b: mega idiot|par
|
|upkeep
|turn|2
|
|t:|1784606347
|switch|p2a: Sableye|Sableye, L50, F|100/100
|detailschange|p1b: mega idiot|Pidgeot-Mega, L50, F
|-mega|p1b: mega idiot|Pidgeot|Pidgeotite
|move|p1a: lawnmower|Thunderbolt|p2a: Sableye
|-damage|p2a: Sableye|20/100y
|replace|p2a: Zoroark|Zoroark, L50, F
|-end|p2a: Zoroark|Illusion
|move|p2b: Metagross|Psychic Fangs|p1a: lawnmower
|-damage|p1a: lawnmower|0 fnt
|faint|p1a: lawnmower
|move|p1b: mega idiot|Heat Wave|p2a: Zoroark|[spread] p2a,p2b
|-supereffective|p2b: Metagross|1
|-damage|p2a: Zoroark|0 fnt
|-damage|p2b: Metagross|46/100
|faint|p2a: Zoroark
|
|upkeep
|
|t:|1784606398
|switch|p2a: Sableye|Sableye, L50, F|31/100
|switch|p1a: Gholdilddy|Gholdengo, L50|100/100
|turn|3
|
|t:|1784606430
|move|p2a: Sableye|Fake Out|p1b: mega idiot
|-damage|p1b: mega idiot|89/100 par
|move|p2b: Metagross|Psychic Fangs|p1b: mega idiot
|-damage|p1b: mega idiot|1/100 par
|move|p1a: Gholdilddy|Shadow Ball|p2b: Metagross
|-supereffective|p2b: Metagross|1
|-damage|p2b: Metagross|0 fnt
|faint|p2b: Metagross
|cant|p1b: mega idiot|flinch
|
|upkeep
|
|t:|1784606440
|switch|p2b: Gyarados|Gyarados, L50, M|100/100
|-ability|p2b: Gyarados|Intimidate|boost
|-unboost|p1a: Gholdilddy|atk|1
|-unboost|p1b: mega idiot|atk|1
|turn|4
|
|t:|1784606467
|move|p2a: Sableye|Encore|p1a: Gholdilddy
|-immune|p1a: Gholdilddy|[from] ability: Good as Gold
|move|p1a: Gholdilddy|Shadow Ball|p2a: Sableye
|-damage|p2a: Sableye|0 fnt
|faint|p2a: Sableye
|move|p2b: Gyarados|Waterfall|p1a: Gholdilddy
|-damage|p1a: Gholdilddy|59/100
|move|p1b: mega idiot|Roost|p1b: mega idiot
|-heal|p1b: mega idiot|50/100g par
|-singleturn|p1b: mega idiot|move: Roost
|
|upkeep
|turn|5
|
|t:|1784606500
|move|p1a: Gholdilddy|Thunderbolt|p2b: Gyarados
|-supereffective|p2b: Gyarados|2
|-damage|p2b: Gyarados|0 fnt
|faint|p2b: Gyarados
|
|win|smearscat
||Hivemind125 is ready for game 2.
