|j|☆Romain093
|j|☆Llama_Llord
|html|Romain093Llama_Llord    
|uhtml|bestof|Game 2 of a best-of-3
|t:|1757031745
|gametype|doubles
|player|p1|Romain093|265|1102
|player|p2|Llama_Llord|170|1127
|gen|9
|tier|[Gen 9] VGC 2025 Reg H (Bo3)
|rated|
|rule|Species Clause: Limit one of each Pokémon
|rule|Item Clause: Limit 1 of each item
|clearpoke
|poke|p1|Incineroar, L50, M|
|poke|p1|Kingambit, L50, F|
|poke|p1|Archaludon, L50, F|
|poke|p1|Pelipper, L50, M|
|poke|p1|Rillaboom, L50, M|
|poke|p1|Sneasler, L50, F|
|poke|p2|Talonflame, L50, F|
|poke|p2|Garchomp, L50, F|
|poke|p2|Gholdengo, L50|
|poke|p2|Tyranitar, L50, F|
|poke|p2|Amoonguss, L50, M|
|poke|p2|Milotic, L50, F|
|teampreview|4
|showteam|p1|Incineroar||SafetyGoggles|Intimidate|FakeOut,FlareBlitz,KnockOff,Taunt|||M|||50|,,,,,Bug]Kingambit||BlackGlasses|Defiant|TeraBlast,Protect,KowtowCleave,SuckerPunch|||F|||50|,,,,,Flying]Archaludon||PowerHerb|Stamina|ElectroShot,DragonPulse,AuraSphere,Protect|||F|||50|,,,,,Grass]Pelipper||CovertCloak|Drizzle|Tailwind,Hurricane,WeatherBall,Protect|||M|||50|,,,,,Ghost]Rillaboom||AssaultVest|GrassySurge|FakeOut,BulletSeed,GrassyGlide,HighHorsepower|||M|||50|,,,,,Fire]Sneasler||GrassySeed|PoisonTouch|FakeOut,CloseCombat,DireClaw,Protect|||F|||50|,,,,,Dark
|showteam|p2|Talonflame||CovertCloak|GaleWings|Tailwind,BraveBird,WillOWisp,Taunt|||F|||50|,,,,,Grass]Garchomp||LifeOrb|RoughSkin|Earthquake,DragonClaw,StompingTantrum,Protect|||F|||50|,,,,,Fairy]Gholdengo||ChoiceSpecs|GoodasGold|MakeItRain,ShadowBall,Thunderbolt,PowerGem||||||50|,,,,,Steel]Tyranitar||AssaultVest|SandStream|RockSlide,KnockOff,TeraBlast,LowKick|||F|||50|,,,,,Flying]Amoonguss||SitrusBerry|Regenerator|PollenPuff,Spore,RagePowder,Protect|||M|||50|,,,,,Water]Milotic||SafetyGoggles|Competitive|Scald,IcyWind,Haze,Protect|||F|||50|,,,,,Dragon
|inactive|Battle timer is ON: inactive players will automatically lose when time's up. (requested by Llama_Llord)
|inactive|Romain093 has 60 seconds left.
|inactive|Llama_Llord has 60 seconds left.
|
|t:|1757031784
|teamsize|p1|4
|teamsize|p2|4
|start
|switch|p1a: Incineroar|Incineroar, L50, M|100/100
|switch|p1b: Rillaboom|Rillaboom, L50, M|100/100
|switch|p2a: Gholdengo|Gholdengo, L50|100/100
|switch|p2b: Milotic|Milotic, L50, F|100/100
|-fieldstart|move: Grassy Terrain|[from] ability: Grassy Surge|[of] p1b: Rillaboom
|-ability|p1a: Incineroar|Intimidate|boost
|-unboost|p2a: Gholdengo|atk|1
|-unboost|p2b: Milotic|atk|1
|-ability|p2b: Milotic|Competitive|boost
|-boost|p2b: Milotic|spa|2
|turn|1
|inactive|Romain093 has 30 seconds left.
|inactive|Llama_Llord has 30 seconds left.
|inactive|Romain093 has 20 seconds left.
|inactive|Romain093 has 15 seconds left.
|
|t:|1757031826
|-terastallize|p1a: Incineroar|Bug
|move|p2b: Milotic|Protect|p2b: Milotic
|-singleturn|p2b: Milotic|Protect
|move|p2a: Gholdengo|Power Gem|p1a: Incineroar
|-supereffective|p1a: Incineroar
|-damage|p1a: Incineroar|33/100
|move|p1b: Rillaboom|High Horsepower|p2a: Gholdengo
|-supereffective|p2a: Gholdengo
|-damage|p2a: Gholdengo|26/100
|move|p1a: Incineroar|Knock Off|p2a: Gholdengo
|-supereffective|p2a: Gholdengo
|-damage|p2a: Gholdengo|0 fnt
|-enditem|p2a: Gholdengo|Choice Specs|[from] move: Knock Off|[of] p1a: Incineroar
|faint|p2a: Gholdengo
|
|-heal|p1a: Incineroar|39/100|[from] Grassy Terrain
|upkeep
|
|t:|1757031838
|switch|p2a: Garchomp|Garchomp, L50, F|100/100
|turn|2
|inactive|Llama_Llord has 30 seconds left.
|
|t:|1757031865
|switch|p1a: Pelipper|Pelipper, L50, M|100/100
|-weather|RainDance|[from] ability: Drizzle|[of] p1a: Pelipper
|move|p1b: Rillaboom|Grassy Glide|p2b: Milotic
|-supereffective|p2b: Milotic
|-damage|p2b: Milotic|13/100
|move|p2a: Garchomp|Dragon Claw|p1b: Rillaboom
|-damage|p1b: Rillaboom|44/100
|-damage|p2a: Garchomp|91/100|[from] item: Life Orb
|move|p2b: Milotic|Icy Wind|p1a: Pelipper|[spread] p1a,p1b
|-supereffective|p1b: Rillaboom
|-damage|p1a: Pelipper|61/100
|-damage|p1b: Rillaboom|5/100
|-unboost|p1b: Rillaboom|spe|1
|
|-weather|RainDance|[upkeep]
|-heal|p2a: Garchomp|97/100|[from] Grassy Terrain
|-heal|p2b: Milotic|19/100|[from] Grassy Terrain
|-heal|p1b: Rillaboom|11/100|[from] Grassy Terrain
|upkeep
|turn|3
|inactive|Romain093 has 30 seconds left.
|
|t:|1757031893
|switch|p1b: Incineroar|Incineroar, L50, M, tera:Bug|39/100
|-ability|p1b: Incineroar|Intimidate|boost
|-unboost|p2a: Garchomp|atk|1
|-unboost|p2b: Milotic|atk|1
|-ability|p2b: Milotic|Competitive|boost
|-boost|p2b: Milotic|spa|2
|move|p2b: Milotic|Protect|p2b: Milotic
|-singleturn|p2b: Milotic|Protect
|move|p2a: Garchomp|Dragon Claw|p1a: Pelipper
|-damage|p1a: Pelipper|9/100
|-damage|p2a: Garchomp|87/100|[from] item: Life Orb
|move|p1a: Pelipper|Tailwind|p1a: Pelipper
|-sidestart|p1: Romain093|move: Tailwind
|
|-weather|RainDance|[upkeep]
|-heal|p2a: Garchomp|93/100|[from] Grassy Terrain
|-heal|p1b: Incineroar|45/100|[from] Grassy Terrain
|-heal|p2b: Milotic|25/100|[from] Grassy Terrain
|upkeep
|turn|4
|inactive|Romain093 has 30 seconds left.
|inactive|Llama_Llord has 30 seconds left.
|
|t:|1757031922
|move|p1a: Pelipper|Hurricane|p2b: Milotic
|-damage|p2b: Milotic|0 fnt
|faint|p2b: Milotic
|move|p2a: Garchomp|Dragon Claw|p1a: Pelipper
|-damage|p1a: Pelipper|0 fnt
|faint|p1a: Pelipper
|-damage|p2a: Garchomp|83/100|[from] item: Life Orb
|move|p1b: Incineroar|Knock Off|p2a: Garchomp
|-damage|p2a: Garchomp|43/100
|-damage|p1b: Incineroar|33/100|[from] ability: Rough Skin|[of] p2a: Garchomp
|-enditem|p2a: Garchomp|Life Orb|[from] move: Knock Off|[of] p1b: Incineroar
|
|-weather|RainDance|[upkeep]
|-heal|p2a: Garchomp|49/100|[from] Grassy Terrain
|-heal|p1b: Incineroar|39/100|[from] Grassy Terrain
|upkeep
|
|t:|1757031939
|switch|p1a: Sneasler|Sneasler, L50, F|100/100
|switch|p2b: Tyranitar|Tyranitar, L50, F|100/100
|-weather|Sandstorm|[from] ability: Sand Stream|[of] p2b: Tyranitar
|-enditem|p1a: Sneasler|Grassy Seed
|-boost|p1a: Sneasler|def|1|[from] item: Grassy Seed
|turn|5
|inactive|Romain093 has 30 seconds left.
|inactive|Romain093 has 20 seconds left.
|
|t:|1757031974
|switch|p1b: Rillaboom|Rillaboom, L50, M|11/100
|-terastallize|p2b: Tyranitar|Flying
|move|p1a: Sneasler|Protect|p1a: Sneasler
|-singleturn|p1a: Sneasler|Protect
|move|p2a: Garchomp|Earthquake|p1a: Sneasler|[spread] p1b
|-activate|p1a: Sneasler|move: Protect
|-immune|p2b: Tyranitar
|-resisted|p1b: Rillaboom
|-damage|p1b: Rillaboom|4/100
|move|p2b: Tyranitar|Rock Slide|p1a: Sneasler|[spread] p1b
|-activate|p1a: Sneasler|move: Protect
|-damage|p1b: Rillaboom|0 fnt
|faint|p1b: Rillaboom
|
|-weather|Sandstorm|[upkeep]
|-damage|p1a: Sneasler|95/100|[from] Sandstorm
|-damage|p2b: Tyranitar|95/100|[from] Sandstorm
|-heal|p1a: Sneasler|100/100|[from] Grassy Terrain
|-heal|p2a: Garchomp|55/100|[from] Grassy Terrain
|-fieldend|move: Grassy Terrain
|upkeep
|
|t:|1757031993
|switch|p1b: Incineroar|Incineroar, L50, M, tera:Bug|39/100
|-ability|p1b: Incineroar|Intimidate|boost
|-unboost|p2a: Garchomp|atk|1
|-unboost|p2b: Tyranitar|atk|1
|turn|6
|inactive|Romain093 has 30 seconds left.
|
|t:|1757032019
|move|p1b: Incineroar|Fake Out|p2b: Tyranitar
|-damage|p2b: Tyranitar|85/100
|move|p1a: Sneasler|Dire Claw|p2a: Garchomp
|-resisted|p2a: Garchomp
|-damage|p2a: Garchomp|34/100
|-damage|p1a: Sneasler|88/100|[from] ability: Rough Skin|[of] p2a: Garchomp
|move|p2a: Garchomp|Earthquake|p1b: Incineroar|[spread] p1a,p1b
|-immune|p2b: Tyranitar
|-supereffective|p1a: Sneasler
|-resisted|p1b: Incineroar
|-damage|p1a: Sneasler|45/100
|-damage|p1b: Incineroar|31/100
|cant|p2b: Tyranitar|flinch
|
|-weather|Sandstorm|[upkeep]
|-damage|p1a: Sneasler|39/100|[from] Sandstorm
|-damage|p2b: Tyranitar|79/100|[from] Sandstorm
|-sideend|p1: Romain093|move: Tailwind
|upkeep
|turn|7
|
|t:|1757032043
|move|p1a: Sneasler|Dire Claw|p2a: Garchomp
|-resisted|p2a: Garchomp
|-damage|p2a: Garchomp|11/100
|-status|p2a: Garchomp|par
|-damage|p1a: Sneasler|27/100|[from] ability: Rough Skin|[of] p2a: Garchomp
|move|p2b: Tyranitar|Rock Slide|p1b: Incineroar|[spread] p1b
|-miss|p2b: Tyranitar|p1a: Sneasler
|-supereffective|p1b: Incineroar
|-damage|p1b: Incineroar|0 fnt
|faint|p1b: Incineroar
|cant|p2a: Garchomp|par
|
|-weather|Sandstorm|[upkeep]
|-damage|p1a: Sneasler|21/100|[from] Sandstorm
|-damage|p2b: Tyranitar|73/100|[from] Sandstorm
|upkeep
|turn|8
|
|t:|1757032061
|move|p1a: Sneasler|Dire Claw|p2b: Tyranitar
|-damage|p2b: Tyranitar|34/100
|move|p2b: Tyranitar|Tera Blast|p1a: Sneasler|[anim] Tera Blast Flying
|-supereffective|p1a: Sneasler
|-damage|p1a: Sneasler|0 fnt
|faint|p1a: Sneasler
|
|win|Llama_Llord
||Romain093 is ready for game 3.
