|j|☆Iceman5687
|j|☆theonlyambipomfan
|html|Iceman5687theonlyambipomfan    
|uhtml|bestof|Game 1 of a best-of-3
|t:|1784005732
|gametype|doubles
|player|p1|Iceman5687|265|1114
|player|p2|theonlyambipomfan|volkner|1136
|gen|9
|tier|[Gen 9 Champions] VGC 2026 Reg M-B (Bo3)
|rated|
|rule|Species Clause: Limit one of each Pokémon
|rule|Item Clause: Limit 1 of each item
|clearpoke
|poke|p1|Sylveon, L50, F, shiny|
|poke|p1|Basculegion, L50, M|
|poke|p1|Kingambit, L50, M, shiny|
|poke|p1|Garchomp, L50, M|
|poke|p1|Charizard, L50, M, shiny|
|poke|p1|Whimsicott, L50, F, shiny|
|poke|p2|Glimmora, L50, F, shiny|
|poke|p2|Whimsicott, L50, F|
|poke|p2|Incineroar, L50, F, shiny|
|poke|p2|Kommo-o, L50, F|
|poke|p2|Basculegion, L50, M, shiny|
|poke|p2|Rotom-Frost, L50|
|teampreview|4
|showteam|p1|Sylveon||FairyFeather|Pixilate|HyperVoice,QuickAttack,Protect,HyperBeam|Modest||F|||50|]Basculegion||LifeOrb|Adaptability|WaveCrash,LastRespects,AquaJet,Protect|Adamant||M|||50|]Kingambit||ChopleBerry|Defiant|KowtowCleave,IronHead,SuckerPunch,LowKick|Adamant||M|||50|]Garchomp||RoseliBerry|RoughSkin|Earthquake,RockSlide,DragonClaw,PoisonJab|Adamant||M|||50|]Charizard||CharizarditeY|Blaze|HeatWave,WeatherBall,SolarBeam,Protect|Modest||M|||50|]Whimsicott||FocusSash|Prankster|Moonblast,Tailwind,Encore,Protect|Timid||F|||50|
|showteam|p2|Glimmora||Glimmoranite|ToxicDebris|SludgeBomb,PowerGem,EnergyBall,SpikyShield|Timid||F|||50|]Whimsicott||FocusSash|Prankster|Tailwind,Encore,GrassKnot,Protect|Bold||F|||50|]Incineroar||ExpertBelt|Intimidate|FakeOut,FlareBlitz,PartingShot,DarkestLariat|Adamant||F|||50|]Kommo-o||SitrusBerry|Bulletproof|ClangorousSoul,ClangingScales,VacuumWave,Protect|Timid||F|||50|]Basculegion||ChoiceScarf|Adaptability|WaveCrash,LastRespects,IceFang,FlipTurn|Jolly||M|||50|]Rotom-Frost||LifeOrb|Levitate|WillOWisp,VoltSwitch,Thunderbolt,Blizzard|Timid|||||50|
|
|t:|1784005767
|teamsize|p1|4
|teamsize|p2|4
|start
|switch|p1a: Whimsicott|Whimsicott, L50, F, shiny|100/100
|switch|p1b: Kingambit|Kingambit, L50, M, shiny|100/100
|switch|p2a: Whimsicott|Whimsicott, L50, F|100/100
|switch|p2b: Rotom|Rotom-Frost, L50|100/100
|turn|1
|
|t:|1784005786
|switch|p1b: Charizard|Charizard, L50, M, shiny|100/100
|move|p1a: Whimsicott|Tailwind|p1a: Whimsicott
|-sidestart|p1: Iceman5687|move: Tailwind
|move|p2a: Whimsicott|Tailwind|p2a: Whimsicott
|-sidestart|p2: theonlyambipomfan|move: Tailwind
|move|p2b: Rotom|Will-O-Wisp|p1b: Charizard
|-immune|p1b: Charizard
|
|upkeep
|turn|2
|
|t:|1784005800
|detailschange|p1b: Charizard|Charizard-Mega-Y, L50, M, shiny
|-mega|p1b: Charizard|Charizard|Charizardite Y
|-weather|SunnyDay|[from] ability: Drought|[of] p1b: Charizard
|move|p2a: Whimsicott|Protect|p2a: Whimsicott
|-singleturn|p2a: Whimsicott|Protect
|move|p1a: Whimsicott|Encore|p2a: Whimsicott
|-activate|p2a: Whimsicott|move: Protect
|move|p2b: Rotom|Volt Switch|p1b: Charizard
|-supereffective|p1b: Charizard|1
|-damage|p1b: Charizard|23/100
|-damage|p2b: Rotom|90/100|[from] item: Life Orb
|
|t:|1784005812
|switch|p2b: Incineroar|Incineroar, L50, F, shiny|100/100|[from] Volt Switch
|-ability|p2b: Incineroar|Intimidate|boost
|-unboost|p1a: Whimsicott|atk|1
|-unboost|p1b: Charizard|atk|1
|move|p1b: Charizard|Heat Wave|p2b: Incineroar|[spread] p2b
|-activate|p2a: Whimsicott|move: Protect
|-resisted|p2b: Incineroar|1
|-damage|p2b: Incineroar|73/100
|
|-weather|SunnyDay|[upkeep]
|upkeep
|turn|3
|
|t:|1784005825
|switch|p2a: Rotom|Rotom-Frost, L50|90/100
|switch|p1b: Garchomp|Garchomp, L50, M|100/100
|move|p1a: Whimsicott|Protect|p1a: Whimsicott
|-singleturn|p1a: Whimsicott|Protect
|move|p2b: Incineroar|Fake Out|p1b: Garchomp
|-damage|p1b: Garchomp|88/100
|-damage|p2b: Incineroar|60/100|[from] ability: Rough Skin|[of] p1b: Garchomp
|
|-weather|SunnyDay|[upkeep]
|upkeep
|turn|4
|
|t:|1784005851
|move|p1a: Whimsicott|Moonblast|p2a: Rotom
|-damage|p2a: Rotom|42/100
|move|p2a: Rotom|Blizzard|p1b: Garchomp|[spread] p1a,p1b
|-supereffective|p1a: Whimsicott|1
|-supereffective|p1b: Garchomp|2
|-enditem|p1a: Whimsicott|Focus Sash
|-damage|p1a: Whimsicott|1/100
|-damage|p1b: Garchomp|0 fnt
|faint|p1b: Garchomp
|-damage|p2a: Rotom|33/100|[from] item: Life Orb
|move|p2b: Incineroar|Darkest Lariat|p1a: Whimsicott
|-resisted|p1a: Whimsicott|1
|-damage|p1a: Whimsicott|0 fnt
|faint|p1a: Whimsicott
|
|-weather|SunnyDay|[upkeep]
|-sideend|p1: Iceman5687|move: Tailwind
|-sideend|p2: theonlyambipomfan|move: Tailwind
|upkeep
|
|t:|1784005863
|switch|p1a: Charizard|Charizard-Mega-Y, L50, M, shiny|23/100
|switch|p1b: Kingambit|Kingambit, L50, M, shiny|100/100
|turn|5
|
|t:|1784005874
|move|p1b: Kingambit|Sucker Punch||[still]
|-fail|p1b: Kingambit
|move|p2a: Rotom|Will-O-Wisp|p1b: Kingambit|[miss]
|-miss|p2a: Rotom|p1b: Kingambit
|move|p1a: Charizard|Weather Ball|p2b: Incineroar
|-resisted|p2b: Incineroar|1
|-damage|p2b: Incineroar|17/100
|move|p2b: Incineroar|Flare Blitz|p1b: Kingambit
|-supereffective|p1b: Kingambit|1
|-damage|p1b: Kingambit|0 fnt
|faint|p1b: Kingambit
|-damage|p2b: Incineroar|0 fnt|[from] Recoil
|faint|p2b: Incineroar
|
|-weather|SunnyDay|[upkeep]
|upkeep
|-message|Iceman5687 forfeited.
|
|win|theonlyambipomfan
