|j|☆Schmixed_007
|j|☆enri07
|html|Schmixed_007enri07    
|uhtml|bestof|Game 2 of a best-of-3
|t:|1782373030
|gametype|doubles
|player|p1|Schmixed_007|2|1242
|player|p2|enri07|iris-gen5bw2|1205
|gen|9
|tier|[Gen 9 Champions] VGC 2026 Reg M-B (Bo3)
|rated|
|rule|Species Clause: Limit one of each Pokémon
|rule|Item Clause: Limit 1 of each item
|clearpoke
|poke|p1|Swampert, L50, M, shiny|
|poke|p1|Pelipper, L50, M|
|poke|p1|Floette-Eternal, L50, F|
|poke|p1|Sinistcha, L50|
|poke|p1|Archaludon, L50, M|
|poke|p1|Grimmsnarl, L50, M|
|poke|p2|Raichu, L50, F|
|poke|p2|Mawile, L50, F|
|poke|p2|Sinistcha, L50|
|poke|p2|Ceruledge, L50, F|
|poke|p2|Milotic, L50, F|
|poke|p2|Incineroar, L50, F|
|teampreview|4
|showteam|p1|Swampert||Swampertite|Torrent|WaveCrash,Earthquake,IcePunch,Protect|Adamant||M|||50|]Pelipper||SitrusBerry|Drizzle|Tailwind,WeatherBall,WideGuard,Hurricane|Modest||M|||50|]Floette-Eternal||Floettite|FlowerVeil|DazzlingGleam,Moonblast,CalmMind,Protect|Modest||F|||50|]Sinistcha||ColburBerry|Hospitality|RagePowder,MatchaGotcha,TrickRoom,Protect|Bold|||||50|]Archaludon||Leftovers|Stamina|ElectroShot,DragonPulse,FlashCannon,Protect|Modest||M|||50|]Grimmsnarl||LightClay|Prankster|PartingShot,LightScreen,Reflect,FoulPlay|Calm||M|||50|
|showteam|p2|Raichu||RaichuniteY|LightningRod|ZapCannon,FocusBlast,FakeOut,Protect|Timid||F|||50|]Mawile||Mawilite|HyperCutter|PlayRough,SuckerPunch,SwordsDance,Protect|Adamant||F|||50|]Sinistcha||KasibBerry|Hospitality|MatchaGotcha,LifeDew,RagePowder,Protect|Relaxed|||||50|]Ceruledge||ColburBerry|FlashFire|BitterBlade,ShadowSneak,BulkUp,Protect|Adamant||F|||50|]Milotic||Leftovers|Competitive|MuddyWater,Coil,Hypnosis,Protect|Calm||F|||50|]Incineroar||SitrusBerry|Intimidate|FlareBlitz,ThroatChop,FakeOut,PartingShot|Impish||F|||50|
|inactive|Battle timer is ON: inactive players will automatically lose when time's up. (requested by enri07)
|
|t:|1782373059
|teamsize|p1|4
|teamsize|p2|4
|start
|switch|p1a: Floette|Floette-Eternal, L50, F|100/100
|switch|p1b: Sinistcha|Sinistcha, L50|100/100
|switch|p2a: Milotic|Milotic, L50, F|100/100
|switch|p2b: Incineroar|Incineroar, L50, F|100/100
|-ability|p2b: Incineroar|Intimidate|boost
|-unboost|p1a: Floette|atk|1
|-block|p1b: Sinistcha|ability: Flower Veil|[of] p1a: Floette
|turn|1
|
|t:|1782373068
|detailschange|p1a: Floette|Floette-Mega, L50, F
|-mega|p1a: Floette|Floette|Floettite
|-ability|p1a: Floette|Fairy Aura
|move|p2b: Incineroar|Fake Out|p1a: Floette
|-damage|p1a: Floette|88/100
|cant|p1a: Floette|flinch
|move|p2a: Milotic|Coil|p2a: Milotic
|-boost|p2a: Milotic|atk|1
|-boost|p2a: Milotic|def|1
|-boost|p2a: Milotic|accuracy|1
|move|p1b: Sinistcha|Matcha Gotcha|p2b: Incineroar|[spread] p2a,p2b
|-supereffective|p2a: Milotic|1
|-resisted|p2b: Incineroar|1
|-damage|p2a: Milotic|67/100
|-damage|p2b: Incineroar|88/100
|-status|p2a: Milotic|brn
|
|-heal|p2a: Milotic|73/100 brn|[from] item: Leftovers
|-damage|p2a: Milotic|67/100 brn|[from] brn
|upkeep
|turn|2
|inactive|Schmixed_007 has 30 seconds left.
|
|t:|1782373096
|move|p1a: Floette|Calm Mind|p1a: Floette
|-boost|p1a: Floette|spa|1
|-boost|p1a: Floette|spd|1
|move|p2a: Milotic|Hypnosis|p1a: Floette|[miss]
|-miss|p2a: Milotic|p1a: Floette
|move|p1b: Sinistcha|Matcha Gotcha|p2a: Milotic|[spread] p2a,p2b
|-supereffective|p2a: Milotic|1
|-resisted|p2b: Incineroar|1
|-damage|p2a: Milotic|34/100 brn
|-damage|p2b: Incineroar|77/100
|move|p2b: Incineroar|Parting Shot|p1a: Floette
|-unboost|p1a: Floette|atk|1
|-unboost|p1a: Floette|spa|1
|
|t:|1782373104
|switch|p2b: Sinistcha|Sinistcha, L50|100/100|[from] Parting Shot
|-heal|p2a: Milotic|59/100 brn|[from] ability: Hospitality|[of] p2b: Sinistcha
|
|-heal|p2a: Milotic|65/100 brn|[from] item: Leftovers
|-damage|p2a: Milotic|59/100 brn|[from] brn
|upkeep
|turn|3
|
|t:|1782373113
|move|p1a: Floette|Protect|p1a: Floette
|-singleturn|p1a: Floette|Protect
|move|p2a: Milotic|Hypnosis|p1a: Floette
|-activate|p1a: Floette|move: Protect
|move|p1b: Sinistcha|Matcha Gotcha|p2b: Sinistcha|[spread] p2a,p2b
|-supereffective|p2a: Milotic|1
|-resisted|p2b: Sinistcha|1
|-crit|p2b: Sinistcha
|-damage|p2a: Milotic|28/100 brn
|-damage|p2b: Sinistcha|83/100
|move|p2b: Sinistcha|Life Dew|p2b: Sinistcha|[spread] p2a,p2b
|-heal|p2a: Milotic|53/100 brn
|-heal|p2b: Sinistcha|100/100
|
|-heal|p2a: Milotic|59/100 brn|[from] item: Leftovers
|-damage|p2a: Milotic|53/100 brn|[from] brn
|upkeep
|turn|4
|
|t:|1782373126
|move|p1a: Floette|Dazzling Gleam|p2b: Sinistcha|[spread] p2a,p2b
|-damage|p2a: Milotic|24/100 brn
|-damage|p2b: Sinistcha|53/100
|move|p2a: Milotic|Hypnosis|p1a: Floette|[miss]
|-miss|p2a: Milotic|p1a: Floette
|move|p1b: Sinistcha|Matcha Gotcha|p2b: Sinistcha|[spread] 
|-miss|p1b: Sinistcha|p2a: Milotic
|-miss|p1b: Sinistcha|p2b: Sinistcha
|move|p2b: Sinistcha|Life Dew|p2b: Sinistcha|[spread] p2a,p2b
|-heal|p2a: Milotic|49/100 brn
|-heal|p2b: Sinistcha|79/100
|
|-heal|p2a: Milotic|55/100 brn|[from] item: Leftovers
|-damage|p2a: Milotic|49/100 brn|[from] brn
|upkeep
|turn|5
|
|t:|1782373138
|move|p1a: Floette|Moonblast|p2a: Milotic
|-damage|p2a: Milotic|2/100 brn
|move|p2a: Milotic|Coil|p2a: Milotic
|-boost|p2a: Milotic|atk|1
|-boost|p2a: Milotic|def|1
|-boost|p2a: Milotic|accuracy|1
|move|p1b: Sinistcha|Matcha Gotcha|p2a: Milotic|[spread] p2b
|-miss|p1b: Sinistcha|p2a: Milotic
|-resisted|p2b: Sinistcha|1
|-damage|p2b: Sinistcha|68/100
|-status|p2b: Sinistcha|brn
|move|p2b: Sinistcha|Life Dew|p2b: Sinistcha|[spread] p2a,p2b
|-heal|p2a: Milotic|28/100 brn
|-heal|p2b: Sinistcha|93/100 brn
|
|-heal|p2a: Milotic|34/100 brn|[from] item: Leftovers
|-damage|p2a: Milotic|28/100 brn|[from] brn
|-damage|p2b: Sinistcha|87/100 brn|[from] brn
|upkeep
|turn|6
|
|t:|1782373157
|switch|p2b: Incineroar|Incineroar, L50, F|77/100
|-ability|p2b: Incineroar|Intimidate|boost
|-unboost|p1a: Floette|atk|1
|-unboost|p1b: Sinistcha|atk|1
|move|p1a: Floette|Protect|p1a: Floette
|-singleturn|p1a: Floette|Protect
|move|p2a: Milotic|Protect|p2a: Milotic
|-singleturn|p2a: Milotic|Protect
|move|p1b: Sinistcha|Matcha Gotcha|p2b: Incineroar|[spread] p2b
|-activate|p2a: Milotic|move: Protect
|-resisted|p2b: Incineroar|1
|-damage|p2b: Incineroar|67/100
|
|-heal|p2a: Milotic|34/100 brn|[from] item: Leftovers
|-damage|p2a: Milotic|28/100 brn|[from] brn
|upkeep
|turn|7
|
|t:|1782373171
|switch|p2b: Sinistcha|Sinistcha, L50|87/100 brn
|-heal|p2a: Milotic|52/100 brn|[from] ability: Hospitality|[of] p2b: Sinistcha
|move|p1a: Floette|Dazzling Gleam|p2a: Milotic|[spread] p2a,p2b
|-damage|p2a: Milotic|19/100 brn
|-damage|p2b: Sinistcha|41/100 brn
|move|p2a: Milotic|Hypnosis|p1a: Floette
|-status|p1a: Floette|slp|[from] move: Hypnosis
|move|p1b: Sinistcha|Matcha Gotcha|p2b: Sinistcha|[spread] p2b
|-miss|p1b: Sinistcha|p2a: Milotic
|-resisted|p2b: Sinistcha|1
|-damage|p2b: Sinistcha|29/100 brn
|
|-heal|p2a: Milotic|25/100 brn|[from] item: Leftovers
|-damage|p2a: Milotic|19/100 brn|[from] brn
|-damage|p2b: Sinistcha|23/100 brn|[from] brn
|upkeep
|turn|8
|
|t:|1782373193
|cant|p1a: Floette|slp
|move|p2a: Milotic|Hypnosis|p1b: Sinistcha
|-status|p1b: Sinistcha|slp|[from] move: Hypnosis
|cant|p1b: Sinistcha|slp
|move|p2b: Sinistcha|Life Dew|p2b: Sinistcha|[spread] p2a,p2b
|-heal|p2a: Milotic|45/100 brn
|-heal|p2b: Sinistcha|48/100 brn
|
|-heal|p2a: Milotic|50/100g brn|[from] item: Leftovers
|-damage|p2a: Milotic|45/100 brn|[from] brn
|-damage|p2b: Sinistcha|42/100 brn|[from] brn
|upkeep
|turn|9
|
|t:|1782373208
|cant|p1a: Floette|slp
|move|p2a: Milotic|Muddy Water|p1b: Sinistcha|[spread] p1a,p1b
|-resisted|p1b: Sinistcha|1
|-damage|p1a: Floette|77/100 slp
|-damage|p1b: Sinistcha|87/100 slp
|cant|p1b: Sinistcha|slp
|move|p2b: Sinistcha|Life Dew|p2b: Sinistcha|[spread] p2a,p2b
|-heal|p2a: Milotic|70/100 brn
|-heal|p2b: Sinistcha|67/100 brn
|
|-heal|p2a: Milotic|76/100 brn|[from] item: Leftovers
|-damage|p2a: Milotic|70/100 brn|[from] brn
|-damage|p2b: Sinistcha|61/100 brn|[from] brn
|upkeep
|turn|10
|
|t:|1782373222
|-curestatus|p1a: Floette|slp|[msg]
|move|p1a: Floette|Calm Mind|p1a: Floette
|-boost|p1a: Floette|spa|1
|-boost|p1a: Floette|spd|1
|move|p2a: Milotic|Hypnosis|p1a: Floette
|-status|p1a: Floette|slp|[from] move: Hypnosis
|-curestatus|p1b: Sinistcha|slp|[msg]
|move|p1b: Sinistcha|Matcha Gotcha|p2a: Milotic|[spread] p2a,p2b
|-supereffective|p2a: Milotic|1
|-resisted|p2b: Sinistcha|1
|-damage|p2a: Milotic|36/100 brn
|-heal|p1b: Sinistcha|100/100|[from] drain|[of] p2a: Milotic
|-damage|p2b: Sinistcha|50/100y brn
|move|p2b: Sinistcha|Life Dew|p2b: Sinistcha|[spread] p2a,p2b
|-heal|p2a: Milotic|61/100 brn
|-heal|p2b: Sinistcha|75/100 brn
|
|-heal|p2a: Milotic|67/100 brn|[from] item: Leftovers
|-damage|p2a: Milotic|61/100 brn|[from] brn
|-damage|p2b: Sinistcha|69/100 brn|[from] brn
|upkeep
|turn|11
|
|t:|1782373235
|switch|p1b: Grimmsnarl|Grimmsnarl, L50, M|100/100
|switch|p2b: Incineroar|Incineroar, L50, F|67/100
|-ability|p2b: Incineroar|Intimidate|boost
|-unboost|p1a: Floette|atk|1
|-unboost|p1b: Grimmsnarl|atk|1
|cant|p1a: Floette|slp
|move|p2a: Milotic|Hypnosis|p1b: Grimmsnarl
|-status|p1b: Grimmsnarl|slp|[from] move: Hypnosis
|
|-heal|p2a: Milotic|67/100 brn|[from] item: Leftovers
|-damage|p2a: Milotic|61/100 brn|[from] brn
|upkeep
|turn|12
|
|t:|1782373248
|cant|p1b: Grimmsnarl|slp
|cant|p1a: Floette|slp
|move|p2a: Milotic|Muddy Water|p1b: Grimmsnarl|[spread] p1a,p1b
|-damage|p1a: Floette|69/100 slp
|-damage|p1b: Grimmsnarl|82/100 slp
|-unboost|p1a: Floette|accuracy|1
|-unboost|p1b: Grimmsnarl|accuracy|1
|move|p2b: Incineroar|Flare Blitz|p1a: Floette
|-damage|p1a: Floette|21/100 slp
|-damage|p2b: Incineroar|53/100|[from] Recoil
|
|-heal|p2a: Milotic|67/100 brn|[from] item: Leftovers
|-damage|p2a: Milotic|61/100 brn|[from] brn
|upkeep
|turn|13
|
|t:|1782373263
|switch|p2b: Sinistcha|Sinistcha, L50|69/100 brn
|-heal|p2a: Milotic|86/100 brn|[from] ability: Hospitality|[of] p2b: Sinistcha
|switch|p1b: Sinistcha|Sinistcha, L50|100/100
|-heal|p1a: Floette|46/100 slp|[from] ability: Hospitality|[of] p1b: Sinistcha
|-curestatus|p1a: Floette|slp|[msg]
|move|p1a: Floette|Moonblast|p2b: Sinistcha|[miss]
|-miss|p1a: Floette|p2b: Sinistcha
|move|p2a: Milotic|Hypnosis|p1a: Floette
|-status|p1a: Floette|slp|[from] move: Hypnosis
|
|-heal|p2a: Milotic|92/100 brn|[from] item: Leftovers
|-damage|p2a: Milotic|86/100 brn|[from] brn
|-damage|p2b: Sinistcha|62/100 brn|[from] brn
|upkeep
|turn|14
|
|t:|1782373283
|switch|p1b: Grimmsnarl|Grimmsnarl, L50, M|82/100 slp
|switch|p2b: Incineroar|Incineroar, L50, F|53/100
|-ability|p2b: Incineroar|Intimidate|boost
|-unboost|p1a: Floette|atk|1
|-unboost|p1b: Grimmsnarl|atk|1
|cant|p1a: Floette|slp
|move|p2a: Milotic|Hypnosis|p1b: Grimmsnarl
|-fail|p1b: Grimmsnarl|slp
|
|-heal|p2a: Milotic|92/100 brn|[from] item: Leftovers
|-damage|p2a: Milotic|86/100 brn|[from] brn
|upkeep
|turn|15
|
|t:|1782373293
|-curestatus|p1b: Grimmsnarl|slp|[msg]
|move|p1b: Grimmsnarl|Reflect|p1b: Grimmsnarl
|-sidestart|p1: Schmixed_007|Reflect
|cant|p1a: Floette|slp
|move|p2a: Milotic|Muddy Water|p1b: Grimmsnarl|[spread] p1a,p1b
|-damage|p1a: Floette|37/100 slp
|-damage|p1b: Grimmsnarl|64/100
|-unboost|p1a: Floette|accuracy|1
|move|p2b: Incineroar|Flare Blitz|p1b: Grimmsnarl
|-damage|p1b: Grimmsnarl|27/100
|-damage|p2b: Incineroar|41/100|[from] Recoil
|-enditem|p2b: Incineroar|Sitrus Berry|[eat]
|-heal|p2b: Incineroar|66/100|[from] item: Sitrus Berry
|
|-heal|p2a: Milotic|92/100 brn|[from] item: Leftovers
|-damage|p2a: Milotic|86/100 brn|[from] brn
|upkeep
|turn|16
|
|t:|1782373312
|-curestatus|p1a: Floette|slp|[msg]
|move|p1a: Floette|Protect|p1a: Floette
|-singleturn|p1a: Floette|Protect
|move|p1b: Grimmsnarl|Light Screen|p1b: Grimmsnarl
|-sidestart|p1: Schmixed_007|move: Light Screen
|move|p2a: Milotic|Muddy Water|p1a: Floette|[spread] p1b
|-activate|p1a: Floette|move: Protect
|-damage|p1b: Grimmsnarl|14/100
|-unboost|p1b: Grimmsnarl|accuracy|1
|move|p2b: Incineroar|Flare Blitz|p1a: Floette
|-activate|p1a: Floette|move: Protect
|
|-heal|p2a: Milotic|92/100 brn|[from] item: Leftovers
|-damage|p2a: Milotic|86/100 brn|[from] brn
|upkeep
|turn|17
|
|t:|1782373327
|switch|p1b: Sinistcha|Sinistcha, L50|100/100
|-heal|p1a: Floette|62/100|[from] ability: Hospitality|[of] p1b: Sinistcha
|move|p1a: Floette|Moonblast|p2b: Incineroar|[miss]
|-miss|p1a: Floette|p2b: Incineroar
|move|p2a: Milotic|Muddy Water|p1a: Floette|[spread] p1a,p1b
|-resisted|p1b: Sinistcha|1
|-damage|p1a: Floette|56/100
|-damage|p1b: Sinistcha|92/100
|move|p2b: Incineroar|Flare Blitz|p1b: Sinistcha
|-supereffective|p1b: Sinistcha|1
|-damage|p1b: Sinistcha|43/100
|-damage|p2b: Incineroar|52/100|[from] Recoil
|
|-heal|p2a: Milotic|92/100 brn|[from] item: Leftovers
|-damage|p2a: Milotic|86/100 brn|[from] brn
|upkeep
|turn|18
|inactive|Schmixed_007 has 30 seconds left.
|
|t:|1782373352
|switch|p1b: Grimmsnarl|Grimmsnarl, L50, M|14/100
|move|p1a: Floette|Moonblast|p2b: Incineroar
|-damage|p2b: Incineroar|0 fnt
|faint|p2b: Incineroar
|move|p2a: Milotic|Hypnosis|p1a: Floette
|-status|p1a: Floette|slp|[from] move: Hypnosis
|
|-heal|p2a: Milotic|92/100 brn|[from] item: Leftovers
|-damage|p2a: Milotic|86/100 brn|[from] brn
|upkeep
|
|t:|1782373363
|switch|p2b: Raichu|Raichu, L50, F|100/100
|turn|19
|
|t:|1782373372
|detailschange|p2b: Raichu|Raichu-Mega-Y, L50, F
|-mega|p2b: Raichu|Raichu|Raichunite Y
|cant|p1a: Floette|slp
|move|p2b: Raichu|Fake Out|p1b: Grimmsnarl
|-damage|p1b: Grimmsnarl|7/100
|cant|p1b: Grimmsnarl|flinch
|move|p2a: Milotic|Muddy Water|p1b: Grimmsnarl|[spread] p1a,p1b
|-damage|p1a: Floette|50/100y slp
|-damage|p1b: Grimmsnarl|0 fnt
|faint|p1b: Grimmsnarl
|
|-heal|p2a: Milotic|92/100 brn|[from] item: Leftovers
|-damage|p2a: Milotic|86/100 brn|[from] brn
|upkeep
|
|t:|1782373378
|switch|p1b: Sinistcha|Sinistcha, L50|43/100
|-heal|p1a: Floette|75/100 slp|[from] ability: Hospitality|[of] p1b: Sinistcha
|turn|20
|inactive|enri07 has 30 seconds left.
|
|t:|1782373406
|move|p2b: Raichu|Protect|p2b: Raichu
|-singleturn|p2b: Raichu|Protect
|cant|p1a: Floette|slp
|move|p2a: Milotic|Hypnosis|p1b: Sinistcha
|-status|p1b: Sinistcha|slp|[from] move: Hypnosis
|cant|p1b: Sinistcha|slp
|
|-heal|p2a: Milotic|92/100 brn|[from] item: Leftovers
|-damage|p2a: Milotic|86/100 brn|[from] brn
|upkeep
|turn|21
|
|t:|1782373425
|-curestatus|p1b: Sinistcha|slp|[msg]
|move|p1b: Sinistcha|Rage Powder|p1b: Sinistcha
|-singleturn|p1b: Sinistcha|move: Rage Powder
|move|p2b: Raichu|Zap Cannon|p1b: Sinistcha
|-resisted|p1b: Sinistcha|1
|-damage|p1b: Sinistcha|22/100
|-status|p1b: Sinistcha|par
|-curestatus|p1a: Floette|slp|[msg]
|move|p1a: Floette|Moonblast|p2b: Raichu
|-damage|p2b: Raichu|0 fnt
|faint|p2b: Raichu
|move|p2a: Milotic|Hypnosis||[still]
|-fail|p2a: Milotic
|
|-heal|p2a: Milotic|92/100 brn|[from] item: Leftovers
|-damage|p2a: Milotic|86/100 brn|[from] brn
|upkeep
|
|t:|1782373433
|switch|p2b: Sinistcha|Sinistcha, L50|62/100 brn
|-heal|p2a: Milotic|100/100 brn|[from] ability: Hospitality|[of] p2b: Sinistcha
|turn|22
|
|t:|1782373444
|move|p1a: Floette|Moonblast|p2a: Milotic
|-damage|p2a: Milotic|27/100 brn
|move|p2a: Milotic|Muddy Water|p1b: Sinistcha|[spread] p1a,p1b
|-resisted|p1b: Sinistcha|1
|-damage|p1a: Floette|68/100
|-damage|p1b: Sinistcha|13/100 par
|move|p2b: Sinistcha|Matcha Gotcha|p1a: Floette|[spread] p1a,p1b
|-resisted|p1b: Sinistcha|1
|-damage|p1a: Floette|62/100
|-heal|p2b: Sinistcha|66/100 brn|[from] drain|[of] p1a: Floette
|-damage|p1b: Sinistcha|4/100 par
|-heal|p2b: Sinistcha|70/100 brn|[from] drain|[of] p1b: Sinistcha
|move|p1b: Sinistcha|Matcha Gotcha|p2b: Sinistcha|[spread] p2a,p2b
|-supereffective|p2a: Milotic|1
|-resisted|p2b: Sinistcha|1
|-damage|p2a: Milotic|0 fnt
|-heal|p1b: Sinistcha|20/100y par|[from] drain|[of] p2a: Milotic
|-damage|p2b: Sinistcha|60/100 brn
|-heal|p1b: Sinistcha|26/100 par|[from] drain|[of] p2b: Sinistcha
|faint|p2a: Milotic
|
|-damage|p2b: Sinistcha|53/100 brn|[from] brn
|-sideend|p1: Schmixed_007|Reflect
|upkeep
|turn|23
|-message|enri07 forfeited.
|
|win|Schmixed_007
||enri07 is ready for game 3.
||Schmixed_007 is ready for game 3.
|uhtml|next|Next: Game 3 of 3
