|j|☆lobitooooo
|j|☆lettitripppp
|html|lobitooooolettitripppp    
|uhtml|bestof|Game 1 of a best-of-3
|t:|1786076676
|gametype|doubles
|player|p1|lobitooooo|linebacker|1229
|player|p2|lettitripppp|lucas|1260
|gen|9
|tier|[Gen 9 Champions] VGC 2026 Reg M-B (Bo3)
|rated|
|rule|Species Clause: Limit one of each Pokémon
|rule|Item Clause: Limit 1 of each item
|clearpoke
|poke|p1|Garchomp, L50, M|
|poke|p1|Tyranitar, L50, M|
|poke|p1|Corviknight, L50, M|
|poke|p1|Scizor, L50, M|
|poke|p1|Basculegion, L50, M|
|poke|p1|Sneasler, L50, M|
|poke|p2|Froslass, L50, F|
|poke|p2|Scovillain, L50, F|
|poke|p2|Basculegion, L50, M|
|poke|p2|Kingambit, L50, M, shiny|
|poke|p2|Lycanroc-Dusk, L50, M, shiny|
|poke|p2|Sneasler, L50, F, shiny|
|teampreview|4
|showteam|p1|Garchomp||Garchompite|RoughSkin|EarthPower,Protect,DracoMeteor,PowerGem|Modest||M|||50|]Tyranitar||ChoiceScarf|SandStream|Superpower,IcePunch,RockSlide,KnockOff|Jolly||M|||50|]Corviknight||Leftovers|MirrorArmor|Protect,IronHead,Tailwind,BraveBird|Impish||M|||50|]Scizor||LifeOrb|Technician|Protect,SwordsDance,BugBite,BulletPunch|Adamant||M|||50|]Basculegion||SitrusBerry|Adaptability|AquaJet,Protect,LastRespects,WaveCrash|Jolly||M|||50|]Sneasler||FocusSash|PoisonTouch|PoisonJab,FakeOut,CloseCombat,Protect|Jolly||M|||50|
|showteam|p2|Froslass||Froslassite|CursedBody|Thunderbolt,ShadowBall,Blizzard,Protect|Timid||F|||50|]Scovillain||Scovillainite|Moody|RagePowder,GigaDrain,Overheat,Protect|Bold||F|||50|]Basculegion||MysticWater|Adaptability|LastRespects,WaveCrash,AquaJet,Protect|Adamant||M|||50|]Kingambit||LifeOrb|Defiant|KowtowCleave,SwordsDance,SuckerPunch,Protect|Adamant||M|||50|]Lycanroc-Dusk||FocusSash|ToughClaws|CloseCombat,Accelerock,RockSlide,Protect|Adamant||M|||50|]Sneasler||WhiteHerb|Unburden|CloseCombat,DireClaw,FakeOut,Protect|Adamant||F|||50|
|inactive|Battle timer is ON: inactive players will automatically lose when time's up. (requested by lettitripppp)
|inactive|lobitooooo has 60 seconds left.
|inactive|lettitripppp has 60 seconds left.
|
|t:|1786076718
|teamsize|p1|4
|teamsize|p2|4
|start
|switch|p1a: Sneasler|Sneasler, L50, M|100/100
|switch|p1b: Garchomp|Garchomp, L50, M|100/100
|switch|p2a: ASKIN|Sneasler, L50, F, shiny|100/100
|switch|p2b: GENERAL BLADUS|Kingambit, L50, M, shiny|100/100
|turn|1
|
|t:|1786076732
|move|p2a: ASKIN|Fake Out|p1a: Sneasler
|-damage|p1a: Sneasler|73/100
|cant|p1a: Sneasler|flinch
|move|p1b: Garchomp|Earth Power|p2a: ASKIN
|-supereffective|p2a: ASKIN|1
|-damage|p2a: ASKIN|0 fnt
|faint|p2a: ASKIN
|move|p2b: GENERAL BLADUS|Swords Dance|p2b: GENERAL BLADUS
|-boost|p2b: GENERAL BLADUS|atk|2
|
|upkeep
|
|t:|1786076739
|switch|p2a: SNOW PHATOM|Froslass, L50, F|100/100
|turn|2
|
|t:|1786076751
|detailschange|p2a: SNOW PHATOM|Froslass-Mega, L50, F
|-mega|p2a: SNOW PHATOM|Froslass|Froslassite
|-weather|Snowscape|[from] ability: Snow Warning|[of] p2a: SNOW PHATOM
|move|p1b: Garchomp|Protect|p1b: Garchomp
|-singleturn|p1b: Garchomp|Protect
|move|p2b: GENERAL BLADUS|Sucker Punch|p1a: Sneasler
|-resisted|p1a: Sneasler|1
|-damage|p1a: Sneasler|0 fnt
|faint|p1a: Sneasler
|-damage|p2b: GENERAL BLADUS|90/100|[from] item: Life Orb
|move|p2a: SNOW PHATOM|Blizzard|p1b: Garchomp
|-activate|p1b: Garchomp|move: Protect
|
|-weather|Snowscape|[upkeep]
|upkeep
|
|t:|1786076766
|switch|p1a: Tyranitar|Tyranitar, L50, M|100/100
|-weather|Sandstorm|[from] ability: Sand Stream|[of] p1a: Tyranitar
|turn|3
|
|t:|1786076777
|switch|p2a: GHOSTWAVE|Basculegion, L50, M|100/100
|detailschange|p1b: Garchomp|Garchomp-Mega, L50, M
|-mega|p1b: Garchomp|Garchomp|Garchompite
|move|p2b: GENERAL BLADUS|Protect|p2b: GENERAL BLADUS
|-singleturn|p2b: GENERAL BLADUS|Protect
|move|p1a: Tyranitar|Superpower|p2b: GENERAL BLADUS
|-activate|p2b: GENERAL BLADUS|move: Protect
|move|p1b: Garchomp|Earth Power|p2b: GENERAL BLADUS
|-activate|p2b: GENERAL BLADUS|move: Protect
|
|-weather|Sandstorm|[upkeep]
|-damage|p2a: GHOSTWAVE|93/100|[from] Sandstorm
|upkeep
|turn|4
|inactive|lettitripppp has 30 seconds left.
|
|t:|1786076805
|switch|p1a: Basculegion|Basculegion, L50, M|100/100
|move|p2b: GENERAL BLADUS|Sucker Punch||[still]
|-fail|p2b: GENERAL BLADUS
|move|p1b: Garchomp|Earth Power|p2b: GENERAL BLADUS
|-supereffective|p2b: GENERAL BLADUS|1
|-damage|p2b: GENERAL BLADUS|0 fnt
|faint|p2b: GENERAL BLADUS
|move|p2a: GHOSTWAVE|Wave Crash|p1a: Basculegion
|-resisted|p1a: Basculegion|1
|-damage|p1a: Basculegion|47/100
|-enditem|p1a: Basculegion|Sitrus Berry|[eat]
|-heal|p1a: Basculegion|72/100|[from] item: Sitrus Berry
|-damage|p2a: GHOSTWAVE|77/100|[from] Recoil
|
|-weather|Sandstorm|[upkeep]
|-damage|p1a: Basculegion|66/100|[from] Sandstorm
|-damage|p2a: GHOSTWAVE|71/100|[from] Sandstorm
|upkeep
|
|t:|1786076815
|switch|p2b: SNOW PHATOM|Froslass-Mega, L50, F|100/100
|-weather|Snowscape|[from] ability: Snow Warning|[of] p2b: SNOW PHATOM
|turn|5
|
|t:|1786076829
|switch|p1b: Tyranitar|Tyranitar, L50, M|100/100
|-weather|Sandstorm|[from] ability: Sand Stream|[of] p1b: Tyranitar
|move|p1a: Basculegion|Protect|p1a: Basculegion
|-singleturn|p1a: Basculegion|Protect
|move|p2b: SNOW PHATOM|Blizzard|p1b: Tyranitar|[spread] 
|-activate|p1a: Basculegion|move: Protect
|-miss|p2b: SNOW PHATOM|p1b: Tyranitar
|move|p2a: GHOSTWAVE|Wave Crash|p1b: Tyranitar
|-supereffective|p1b: Tyranitar|1
|-damage|p1b: Tyranitar|0 fnt
|faint|p1b: Tyranitar
|-damage|p2a: GHOSTWAVE|43/100|[from] Recoil
|
|-weather|Sandstorm|[upkeep]
|-damage|p2b: SNOW PHATOM|93/100|[from] Sandstorm
|-damage|p1a: Basculegion|60/100|[from] Sandstorm
|-damage|p2a: GHOSTWAVE|37/100|[from] Sandstorm
|upkeep
|
|t:|1786076847
|switch|p1b: Garchomp|Garchomp-Mega, L50, M|100/100
|turn|6
|inactive|lobitooooo has 30 seconds left.
|inactive|lobitooooo has 20 seconds left.
|inactive|lobitooooo has 15 seconds left.
|
|t:|1786076888
|move|p1a: Basculegion|Aqua Jet|p2b: SNOW PHATOM
|-damage|p2b: SNOW PHATOM|62/100
|move|p2b: SNOW PHATOM|Shadow Ball|p1a: Basculegion
|-supereffective|p1a: Basculegion|1
|-damage|p1a: Basculegion|0 fnt
|faint|p1a: Basculegion
|move|p1b: Garchomp|Earth Power|p2b: SNOW PHATOM
|-damage|p2b: SNOW PHATOM|0 fnt
|faint|p2b: SNOW PHATOM
|move|p2a: GHOSTWAVE|Last Respects|p1b: Garchomp
|-damage|p1b: Garchomp|0 fnt
|faint|p1b: Garchomp
|
|win|lettitripppp
|inactive|lobitooooo has 30 seconds to confirm battle start!
|inactive|lettitripppp has 30 seconds to confirm battle start!
