|j|☆Astonished25
|j|☆Saga_57
|html|Astonished25Saga_57    
|uhtml|bestof|Game 1 of a best-of-3
|t:|1785859333
|gametype|doubles
|player|p1|Astonished25|102|
|player|p2|Saga_57|iono|
|gen|9
|tier|[Gen 9 Champions] VGC 2026 Reg M-B (Bo3)
|rule|Species Clause: Limit one of each Pokémon
|rule|Item Clause: Limit 1 of each item
|clearpoke
|poke|p1|Sinistcha, L50|
|poke|p1|Incineroar, L50, M|
|poke|p1|Floette-Eternal, L50, F|
|poke|p1|Staraptor, L50, M|
|poke|p1|Kingambit, L50, M|
|poke|p1|Maushold, L50|
|poke|p2|Ampharos, L50, F|
|poke|p2|Runerigus, L50, M|
|poke|p2|Pelipper, L50, M|
|poke|p2|Araquanid, L50, F|
|poke|p2|Hydreigon, L50, M|
|poke|p2|Metagross, L50|
|teampreview|4
|showteam|p1|Sinistcha||ColburBerry|Hospitality|MatchaGotcha,RagePowder,TrickRoom,LifeDew|Relaxed|||||50|]Incineroar||PasshoBerry|Intimidate|ThroatChop,FlareBlitz,PartingShot,FakeOut|Adamant||M|||50|]Floette-Eternal||Floettite|FlowerVeil|Protect,CalmMind,Moonblast,DazzlingGleam|Modest||F|||50|]Staraptor||Staraptite|Intimidate|CloseCombat,DualWingbeat,Roost,Protect|Jolly||M|||50|]Kingambit||LifeOrb|Defiant|SuckerPunch,IronHead,KowtowCleave,Protect|Brave||M|||50|]Maushold||ChopleBerry|FriendGuard|Feint,FollowMe,Protect,BabyDollEyes|Careful|||||50|
|showteam|p2|Ampharos||Ampharosite|Static|Thunderbolt,DragonPulse,ParabolicCharge,Protect|Quiet||F|||50|]Runerigus||PasshoBerry|WanderingSpirit|BodyPress,FakeTears,AllySwitch,TrickRoom|Relaxed||M|||50|]Pelipper||FocusSash|Drizzle|Hurricane,WeatherBall,Tailwind,Protect|Modest||M|||50|]Araquanid||SitrusBerry|WaterBubble|Liquidation,Soak,WideGuard,Protect|Brave||F|||50|]Hydreigon||ChoiceScarf|Levitate|DarkPulse,DracoMeteor,Flamethrower,Snarl|Modest||M|||50|]Metagross||Metagrossite|ClearBody|IronHead,StompingTantrum,BulletPunch,Protect|Jolly|||||50|
|inactive|Battle timer is ON: inactive players will automatically lose when time's up. (requested by Astonished25)
|c|☆Astonished25|gl hf
|inactive|Saga_57 has 60 seconds left.
|
|t:|1785859411
|teamsize|p1|4
|teamsize|p2|4
|start
|switch|p1a: Kingambit|Kingambit, L50, M|100/100
|switch|p1b: Floette|Floette-Eternal, L50, F|100/100
|switch|p2a: Runerigus|Runerigus, L50, M|100/100
|switch|p2b: Pelipper|Pelipper, L50, M|100/100
|-weather|RainDance|[from] ability: Drizzle|[of] p2b: Pelipper
|turn|1
|inactive|Saga_57 has 30 seconds left.
|
|t:|1785859440
|switch|p2a: Araquanid|Araquanid, L50, F|100/100
|detailschange|p1b: Floette|Floette-Mega, L50, F
|-mega|p1b: Floette|Floette|Floettite
|-ability|p1b: Floette|Fairy Aura
|move|p1b: Floette|Moonblast|p2a: Araquanid
|-damage|p2a: Araquanid|39/100
|-unboost|p2a: Araquanid|spa|1
|-enditem|p2a: Araquanid|Sitrus Berry|[eat]
|-heal|p2a: Araquanid|64/100|[from] item: Sitrus Berry
|move|p2b: Pelipper|Tailwind|p2b: Pelipper
|-sidestart|p2: Saga_57|move: Tailwind
|move|p1a: Kingambit|Kowtow Cleave|p2a: Araquanid
|-damage|p2a: Araquanid|0 fnt
|faint|p2a: Araquanid
|-damage|p1a: Kingambit|90/100|[from] item: Life Orb
|
|-weather|RainDance|[upkeep]
|upkeep
|
|t:|1785859457
|switch|p2a: Runerigus|Runerigus, L50, M|100/100
|turn|2
|
|t:|1785859466
|switch|p1a: Sinistcha|Sinistcha, L50|100/100
|move|p2b: Pelipper|Weather Ball|p1a: Sinistcha
|-resisted|p1a: Sinistcha|1
|-damage|p1a: Sinistcha|64/100
|move|p1b: Floette|Calm Mind|p1b: Floette
|-boost|p1b: Floette|spa|1
|-boost|p1b: Floette|spd|1
|move|p2a: Runerigus|Body Press|p1a: Sinistcha
|-immune|p1a: Sinistcha
|
|-weather|RainDance|[upkeep]
|upkeep
|turn|3
|
|t:|1785859481
|move|p2b: Pelipper|Hurricane|p1b: Floette
|-damage|p1b: Floette|73/100
|move|p1b: Floette|Moonblast|p2a: Runerigus
|-damage|p2a: Runerigus|0 fnt
|faint|p2a: Runerigus
|move|p1a: Sinistcha|Matcha Gotcha|p2b: Pelipper
|-damage|p2b: Pelipper|46/100
|-heal|p1a: Sinistcha|85/100|[from] drain|[of] p2b: Pelipper
|
|-weather|RainDance|[upkeep]
|upkeep
|
|t:|1785859487
|switch|p2a: Metagross|Metagross, L50|100/100
|turn|4
|
|t:|1785859493
|detailschange|p2a: Metagross|Metagross-Mega, L50
|-mega|p2a: Metagross|Metagross|Metagrossite
|move|p1a: Sinistcha|Rage Powder|p1a: Sinistcha
|-singleturn|p1a: Sinistcha|move: Rage Powder
|move|p2a: Metagross|Iron Head|p1a: Sinistcha
|-damage|p1a: Sinistcha|38/100
|move|p2b: Pelipper|Hurricane|p1a: Sinistcha
|-supereffective|p1a: Sinistcha|1
|-damage|p1a: Sinistcha|0 fnt
|faint|p1a: Sinistcha
|move|p1b: Floette|Dazzling Gleam|p2a: Metagross|[spread] p2a,p2b
|-resisted|p2a: Metagross|1
|-damage|p2a: Metagross|64/100
|-damage|p2b: Pelipper|0 fnt
|faint|p2b: Pelipper
|
|-weather|RainDance|[upkeep]
|-sideend|p2: Saga_57|move: Tailwind
|upkeep
|
|t:|1785859495
|switch|p1a: Kingambit|Kingambit, L50, M|90/100
|turn|5
|
|t:|1785859509
|switch|p1b: Incineroar|Incineroar, L50, M|100/100
|-ability|p1b: Incineroar|Intimidate|boost
|-unboost|p2a: Metagross|atk|1
|move|p2a: Metagross|Stomping Tantrum|p1a: Kingambit
|-supereffective|p1a: Kingambit|1
|-damage|p1a: Kingambit|50/100g
|move|p1a: Kingambit|Kowtow Cleave|p2a: Metagross
|-supereffective|p2a: Metagross|1
|-crit|p2a: Metagross
|-damage|p2a: Metagross|0 fnt
|faint|p2a: Metagross
|-damage|p1a: Kingambit|40/100|[from] item: Life Orb
|
|win|Astonished25
|inactive|Astonished25 has 30 seconds to confirm battle start!
|inactive|Saga_57 has 30 seconds to confirm battle start!
||Saga_57 is ready for game 2.
||Astonished25 is ready for game 2.
|uhtml|next|Next: Game 2 of 3
|l|☆Saga_57
|player|p2|
