|j|☆bologna23191
|j|☆EastyLiam
|html|bologna23191EastyLiam    
|uhtml|bestof|Game 1 of a best-of-3
|t:|1782409971
|gametype|doubles
|player|p1|bologna23191|102|1048
|player|p2|EastyLiam|266|1040
|gen|9
|tier|[Gen 9 Champions] VGC 2026 Reg M-B (Bo3)
|rated|
|rule|Species Clause: Limit one of each Pokémon
|rule|Item Clause: Limit 1 of each item
|clearpoke
|poke|p1|Gengar, L50, M|
|poke|p1|Incineroar, L50, M|
|poke|p1|Sinistcha, L50|
|poke|p1|Kommo-o, L50, M|
|poke|p1|Kingambit, L50, F|
|poke|p1|Politoed, L50, M|
|poke|p2|Torkoal, L50, M|
|poke|p2|Incineroar, L50, F|
|poke|p2|Farigiraf, L50, M|
|poke|p2|Floette-Eternal, L50, F|
|poke|p2|Basculegion, L50, M|
|poke|p2|Sneasler, L50, F|
|teampreview|4
|showteam|p1|Gengar||Gengarite|CursedBody|PerishSong,Disable,Protect,ShadowBall|Timid||M|||50|]Incineroar||SitrusBerry|Intimidate|FakeOut,PartingShot,FlareBlitz,Protect|Careful||M|||50|]Sinistcha||KasibBerry|Hospitality|Protect,MatchaGotcha,RagePowder,TrickRoom|Relaxed|||||50|]Kommo-o||Leftovers|Soundproof|ClangingScales,ClangorousSoul,Protect,AuraSphere|Timid||M|||50|]Kingambit||LifeOrb|Defiant|SuckerPunch,IronHead,LowKick,Protect|Adamant||F|||50|]Politoed||MentalHerb|Drizzle|PerishSong,WeatherBall,Protect,Encore|Calm||M|||50|
|showteam|p2|Torkoal||Charcoal|Drought|Eruption,WeatherBall,EarthPower,Protect|Quiet||M|||50|]Incineroar||LifeOrb|Intimidate|FlareBlitz,DarkestLariat,CloseCombat,FakeOut|Adamant||F|||50|]Farigiraf||ColburBerry|ArmorTail|Psychic,Thunderbolt,TrickRoom,HelpingHand|Quiet||M|||50|]Floette-Eternal||Floettite|FlowerVeil|Moonblast,DazzlingGleam,LightofRuin,Protect|Timid||F|||50|]Basculegion||ChoiceScarf|Adaptability|WaveCrash,FlipTurn,LastRespects,AquaJet|Jolly||M|||50|]Sneasler||FocusSash|PoisonTouch|CloseCombat,PoisonJab,FakeOut,Protect|Jolly||F|||50|
|inactive|Battle timer is ON: inactive players will automatically lose when time's up. (requested by bologna23191)
|
|t:|1782410032
|teamsize|p1|4
|teamsize|p2|4
|start
|switch|p1a: Kingambit|Kingambit, L50, F|100/100
|switch|p1b: Gengar|Gengar, L50, M|100/100
|switch|p2a: Floette|Floette-Eternal, L50, F|100/100
|switch|p2b: Basculegion|Basculegion, L50, M|100/100
|turn|1
|inactive|bologna23191 has 30 seconds left.
|
|t:|1782410059
|switch|p2b: Incineroar|Incineroar, L50, F|100/100
|-ability|p2b: Incineroar|Intimidate|boost
|-unboost|p1a: Kingambit|atk|1
|-ability|p1a: Kingambit|Defiant|boost
|-boost|p1a: Kingambit|atk|2
|-unboost|p1b: Gengar|atk|1
|detailschange|p2a: Floette|Floette-Mega, L50, F
|-mega|p2a: Floette|Floette|Floettite
|-ability|p2a: Floette|Fairy Aura
|detailschange|p1b: Gengar|Gengar-Mega, L50, M
|-mega|p1b: Gengar|Gengar|Gengarite
|move|p1a: Kingambit|Sucker Punch||[still]
|-fail|p1a: Kingambit
|move|p1b: Gengar|Perish Song|p1b: Gengar
|-start|p1a: Kingambit|perish3|[silent]
|-start|p1b: Gengar|perish3|[silent]
|-start|p2a: Floette|perish3|[silent]
|-start|p2b: Incineroar|perish3|[silent]
|-fieldactivate|move: Perish Song
|move|p2a: Floette|Light of Ruin|p1a: Kingambit
|-damage|p1a: Kingambit|0 fnt
|faint|p1a: Kingambit
|-damage|p2a: Floette|31/100|[from] Recoil
|
|-start|p2a: Floette|perish3
|-start|p1b: Gengar|perish3
|-start|p2b: Incineroar|perish3
|upkeep
|
|t:|1782410081
|switch|p1a: Incineroar|Incineroar, L50, M|100/100
|-ability|p1a: Incineroar|Intimidate|boost
|-unboost|p2a: Floette|atk|1
|-unboost|p2b: Incineroar|atk|1
|turn|2
|
|t:|1782410101
|move|p1b: Gengar|Protect|p1b: Gengar
|-singleturn|p1b: Gengar|Protect
|move|p1a: Incineroar|Protect|p1a: Incineroar
|-singleturn|p1a: Incineroar|Protect
|move|p2b: Incineroar|Fake Out|p1a: Incineroar
|-activate|p1a: Incineroar|move: Protect
|move|p2a: Floette|Moonblast|p1a: Incineroar
|-activate|p1a: Incineroar|move: Protect
|
|-start|p1b: Gengar|perish2
|-start|p2a: Floette|perish2
|-start|p2b: Incineroar|perish2
|upkeep
|turn|3
|inactive|EastyLiam has 30 seconds left.
|
|t:|1782410126
|switch|p1b: Politoed|Politoed, L50, M|100/100
|-weather|RainDance|[from] ability: Drizzle|[of] p1b: Politoed
|move|p2a: Floette|Light of Ruin|p1a: Incineroar
|-damage|p1a: Incineroar|21/100
|-enditem|p1a: Incineroar|Sitrus Berry|[eat]
|-heal|p1a: Incineroar|46/100|[from] item: Sitrus Berry
|-damage|p2a: Floette|0 fnt|[from] Recoil
|faint|p2a: Floette
|move|p2b: Incineroar|Close Combat|p1a: Incineroar
|-supereffective|p1a: Incineroar|1
|-damage|p1a: Incineroar|0 fnt
|-unboost|p2b: Incineroar|def|1
|-unboost|p2b: Incineroar|spd|1
|faint|p1a: Incineroar
|-damage|p2b: Incineroar|90/100|[from] item: Life Orb
|
|-weather|RainDance|[upkeep]
|-start|p2b: Incineroar|perish1
|upkeep
|
|t:|1782410145
|switch|p2a: Basculegion|Basculegion, L50, M|100/100
|switch|p1a: Gengar|Gengar-Mega, L50, M|100/100
|turn|4
|
|t:|1782410169
|move|p1a: Gengar|Protect|p1a: Gengar
|-singleturn|p1a: Gengar|Protect
|move|p1b: Politoed|Protect|p1b: Politoed
|-singleturn|p1b: Politoed|Protect
|move|p2a: Basculegion|Last Respects|p1a: Gengar
|-activate|p1a: Gengar|move: Protect
|move|p2b: Incineroar|Darkest Lariat|p1b: Politoed
|-activate|p1b: Politoed|move: Protect
|
|-weather|RainDance|[upkeep]
|-start|p2b: Incineroar|perish0
|faint|p2b: Incineroar
|upkeep
|
|t:|1782410179
|switch|p2b: Sneasler|Sneasler, L50, F|100/100
|turn|5
|
|t:|1782410194
|move|p2b: Sneasler|Fake Out|p1b: Politoed
|-damage|p1b: Politoed|83/100
|-status|p1b: Politoed|psn|[from] ability: Poison Touch|[of] p2b: Sneasler
|move|p2a: Basculegion|Last Respects|p1a: Gengar
|-supereffective|p1a: Gengar|1
|-damage|p1a: Gengar|0 fnt
|faint|p1a: Gengar
|cant|p1b: Politoed|flinch
|
|-weather|RainDance|[upkeep]
|-damage|p1b: Politoed|71/100 psn|[from] psn
|upkeep
|turn|6
|-message|bologna23191 forfeited.
|
|win|EastyLiam
|l|☆bologna23191
|player|p1|
||bologna23191 is ready for game 2.
||EastyLiam is ready for game 2.
|uhtml|next|Next: Game 2 of 3
