|j|☆azugamer
|j|☆luckycricket0326
|html|azugamerluckycricket0326    
|uhtml|bestof|Game 1 of a best-of-3
|t:|1785421789
|gametype|doubles
|player|p1|azugamer|n|1157
|player|p2|luckycricket0326|102|1103
|gen|9
|tier|[Gen 9 Champions] VGC 2026 Reg M-B (Bo3)
|rated|
|rule|Species Clause: Limit one of each Pokémon
|rule|Item Clause: Limit 1 of each item
|clearpoke
|poke|p1|Sylveon, L50, M|
|poke|p1|Aerodactyl, L50, M|
|poke|p1|Charizard, L50, F, shiny|
|poke|p1|Farigiraf, L50, M|
|poke|p1|Garchomp, L50, M|
|poke|p1|Kingambit, L50, F|
|poke|p2|Vivillon-Marine, L50, M|
|poke|p2|Raichu, L50, M|
|poke|p2|Farigiraf, L50, F|
|poke|p2|Vanilluxe, L50, M|
|poke|p2|Garchomp, L50, M|
|poke|p2|Camerupt, L50, M, shiny|
|teampreview|4
|showteam|p1|Sylveon||FairyFeather|Pixilate|Detect,HyperBeam,HyperVoice,QuickAttack|Modest||M|||50|]Aerodactyl||Aerodactylite|Unnerve|RockSlide,Tailwind,DualWingbeat,Protect|Jolly||M|||50|]Charizard||CharizarditeY|Blaze|HeatWave,WeatherBall,SolarBeam,Protect|Modest||F|||50|]Farigiraf||SitrusBerry|ArmorTail|TwinBeam,TrickRoom,Roar,Thunderbolt|Serious||M|||50|]Garchomp||LifeOrb|RoughSkin|StompingTantrum,RockSlide,DragonClaw,Protect|Jolly||M|||50|]Kingambit||FocusSash|Defiant|IronHead,LowKick,KowtowCleave,SuckerPunch|Adamant||F|||50|
|showteam|p2|Vivillon-Marine||FocusSash|CompoundEyes|SleepPowder,Hurricane,RagePowder,Protect|Timid||M|||50|]Raichu||RaichuniteY|LightningRod|ZapCannon,FocusBlast,FakeOut,Protect|Timid||M|||50|]Farigiraf||ColburBerry|ArmorTail|PsychicFangs,Thunderbolt,TrickRoom,HelpingHand|Bold||F|||50|]Vanilluxe||NeverMeltIce|SnowWarning|Blizzard,FreezeDry,Protect,IceShard|Quiet||M|||50|]Garchomp||LifeOrb|RoughSkin|DragonClaw,Earthquake,RockSlide,Protect|Jolly||M|||50|]Camerupt||Cameruptite|SolidRock|HeatWave,EarthPower,Protect,AncientPower|Quiet||M|||50|
|inactive|Battle timer is ON: inactive players will automatically lose when time's up. (requested by azugamer)
|inactive|azugamer has 60 seconds left.
|
|t:|1785421821
|teamsize|p1|4
|teamsize|p2|4
|start
|switch|p1a: Farigiraf|Farigiraf, L50, M|100/100
|switch|p1b: Sylveon|Sylveon, L50, M|100/100
|switch|p2a: Raichu|Raichu, L50, M|100/100
|switch|p2b: Vivillon|Vivillon-Marine, L50, M|100/100
|turn|1
|inactive|azugamer has 30 seconds left.
|
|t:|1785421850
|detailschange|p2a: Raichu|Raichu-Mega-Y, L50, M
|-mega|p2a: Raichu|Raichu|Raichunite Y
|move|p2a: Raichu|Zap Cannon|p1b: Sylveon
|-damage|p1b: Sylveon|37/100
|-status|p1b: Sylveon|par
|move|p2b: Vivillon|Sleep Powder|p1a: Farigiraf
|-status|p1a: Farigiraf|slp|[from] move: Sleep Powder
|cant|p1b: Sylveon|par
|cant|p1a: Farigiraf|slp
|
|upkeep
|turn|2
|
|t:|1785421873
|move|p2a: Raichu|Zap Cannon|p1a: Farigiraf
|-damage|p1a: Farigiraf|29/100 slp
|-enditem|p1a: Farigiraf|Sitrus Berry|[eat]
|-heal|p1a: Farigiraf|54/100 slp|[from] item: Sitrus Berry
|move|p2b: Vivillon|Hurricane|p1b: Sylveon
|-damage|p1b: Sylveon|10/100 par
|-start|p1b: Sylveon|confusion
|-activate|p1b: Sylveon|confusion
|move|p1b: Sylveon|Hyper Beam|p2a: Raichu
|-damage|p2a: Raichu|0 fnt
|-mustrecharge|p1b: Sylveon
|faint|p2a: Raichu
|-curestatus|p1a: Farigiraf|slp|[msg]
|move|p1a: Farigiraf|Trick Room|p1a: Farigiraf
|-fieldstart|move: Trick Room|[of] p1a: Farigiraf
|
|upkeep
|
|t:|1785421887
|switch|p2a: Vanilluxe|Vanilluxe, L50, M|100/100
|-weather|Snowscape|[from] ability: Snow Warning|[of] p2a: Vanilluxe
|turn|3
|
|t:|1785421911
|cant|p1b: Sylveon|recharge
|move|p1a: Farigiraf|Thunderbolt|p2b: Vivillon
|-supereffective|p2b: Vivillon|1
|-damage|p2b: Vivillon|20/100y
|move|p2a: Vanilluxe|Blizzard|p1b: Sylveon|[spread] p1a,p1b
|-damage|p1a: Farigiraf|10/100
|-damage|p1b: Sylveon|0 fnt
|faint|p1b: Sylveon
|move|p2b: Vivillon|Hurricane|p1a: Farigiraf
|-damage|p1a: Farigiraf|0 fnt
|faint|p1a: Farigiraf
|
|-weather|Snowscape|[upkeep]
|upkeep
|
|t:|1785421924
|switch|p1a: Kingambit|Kingambit, L50, F|100/100
|switch|p1b: Garchomp|Garchomp, L50, M|100/100
|turn|4
|
|t:|1785421936
|move|p2b: Vivillon|Rage Powder|p2b: Vivillon
|-singleturn|p2b: Vivillon|move: Rage Powder
|move|p2a: Vanilluxe|Blizzard|p1b: Garchomp|[spread] p1a,p1b
|-resisted|p1a: Kingambit|1
|-supereffective|p1b: Garchomp|2
|-damage|p1a: Kingambit|70/100
|-damage|p1b: Garchomp|0 fnt
|faint|p1b: Garchomp
|move|p1a: Kingambit|Iron Head|p2b: Vivillon
|-damage|p2b: Vivillon|0 fnt
|faint|p2b: Vivillon
|
|-weather|Snowscape|[upkeep]
|upkeep
|
|t:|1785421945
|switch|p2b: Garchomp|Garchomp, L50, M|100/100
|turn|5
|
|t:|1785421966
|move|p2a: Vanilluxe|Protect|p2a: Vanilluxe
|-singleturn|p2a: Vanilluxe|Protect
|move|p1a: Kingambit|Iron Head|p2a: Vanilluxe
|-activate|p2a: Vanilluxe|move: Protect
|move|p2b: Garchomp|Earthquake|p1a: Kingambit|[spread] p1a
|-activate|p2a: Vanilluxe|move: Protect
|-supereffective|p1a: Kingambit|1
|-damage|p1a: Kingambit|0 fnt
|faint|p1a: Kingambit
|-damage|p2b: Garchomp|90/100|[from] item: Life Orb
|
|win|luckycricket0326
|inactive|azugamer has 30 seconds to confirm battle start!
|inactive|luckycricket0326 has 30 seconds to confirm battle start!
