|j|☆Vlasaraptor33
|j|☆Training4perish
|html|Vlasaraptor33Training4perish    
|uhtml|bestof|Game 2 of a best-of-3
|t:|1756310168
|gametype|doubles
|player|p1|Vlasaraptor33|pokemaniac|1076
|player|p2|Training4perish|scientist|1000
|gen|9
|tier|[Gen 9] VGC 2025 Reg H (Bo3)
|rated|
|rule|Species Clause: Limit one of each Pokémon
|rule|Item Clause: Limit 1 of each item
|clearpoke
|poke|p1|Tyranitar, L50, M|
|poke|p1|Excadrill, L50, F|
|poke|p1|Palafin, L50, F|
|poke|p1|Farigiraf, L50, M|
|poke|p1|Amoonguss, L50, M|
|poke|p1|Dragapult, L50, F|
|poke|p2|Gothitelle, L50, F|
|poke|p2|Gengar, L50, F|
|poke|p2|Murkrow, L50, M|
|poke|p2|Annihilape, L50, F|
|poke|p2|Incineroar, L50, M|
|poke|p2|Amoonguss, L50, F|
|teampreview|4
|showteam|p1|Tyranitar||AssaultVest|SandStream|RockSlide,KnockOff,TeraBlast,LowKick|||M|||50|,,,,,Ghost]Excadrill||FocusSash|SandRush|IronHead,Earthquake,Protect,PoisonJab|||F|||50|,,,,,Stellar]Palafin||MysticWater|ZerotoHero|FlipTurn,WaveCrash,Protect,JetPunch|||F|||50|,,,,,Water]Farigiraf||ThroatSpray|ArmorTail|HelpingHand,HyperVoice,Psychic,Protect|||M|||50|,,,,,Normal]Amoonguss||SitrusBerry|Regenerator|Spore,RagePowder,PollenPuff,Protect|||M|||50|,,,,,Grass]Dragapult||LifeOrb|ClearBody|DragonDarts,PhantomForce,TeraBlast,Protect|||F|||50|,,,,,Fairy
|showteam|p2|Gothitelle||Leftovers|ShadowTag|FakeOut,Protect,Psychic,TrickRoom|||F|||50|,,,,,Water]Gengar||FocusSash|CursedBody|ShadowBall,SludgeBomb,PerishSong,Protect|||F|||50|,,,,,Normal]Murkrow||CovertCloak|Prankster|Tailwind,PerishSong,Protect,ThunderWave|||M|||50|,,,,,Steel]Annihilape||ChoiceScarf|Defiant|CloseCombat,DrainPunch,Uturn,RageFist|||F|||50|,,,,,Fire]Incineroar||SitrusBerry|Intimidate|FakeOut,Protect,KnockOff,PartingShot|||M|||50|,,,,,Grass]Amoonguss||EjectButton|Regenerator|Spore,Protect,PollenPuff,RagePowder|||F|||50|,,,,,Water
|inactive|Battle timer is ON: inactive players will automatically lose when time's up. (requested by Vlasaraptor33)
|inactive|Training4perish also wants the timer to be on.
|inactive|Vlasaraptor33 has 60 seconds left.
|inactive|Training4perish has 60 seconds left.
|
|t:|1756310209
|teamsize|p1|4
|teamsize|p2|4
|start
|switch|p1a: Palafin|Palafin, L50, F|100/100
|switch|p1b: Amoonguss|Amoonguss, L50, M|100/100
|switch|p2a: Incineroar|Incineroar, L50, M, shiny|100/100
|switch|p2b: Gengar|Gengar, L50, F, shiny|100/100
|-ability|p2a: Incineroar|Intimidate|boost
|-unboost|p1a: Palafin|atk|1
|-unboost|p1b: Amoonguss|atk|1
|turn|1
|inactive|Vlasaraptor33 has 30 seconds left.
|inactive|Training4perish has 30 seconds left.
|
|t:|1756310238
|-terastallize|p2a: Incineroar|Grass
|move|p1a: Palafin|Protect|p1a: Palafin
|-singleturn|p1a: Palafin|Protect
|move|p1b: Amoonguss|Protect|p1b: Amoonguss
|-singleturn|p1b: Amoonguss|Protect
|move|p2a: Incineroar|Fake Out|p1b: Amoonguss
|-activate|p1b: Amoonguss|move: Protect
|move|p2b: Gengar|Shadow Ball|p1a: Palafin
|-activate|p1a: Palafin|move: Protect
|
|upkeep
|turn|2
|inactive|Vlasaraptor33 has 30 seconds left.
|inactive|Vlasaraptor33 has 20 seconds left.
|inactive|Vlasaraptor33 has 15 seconds left.
|
|t:|1756310281
|move|p2b: Gengar|Sludge Bomb|p1b: Amoonguss
|-damage|p1b: Amoonguss|60/100
|move|p1a: Palafin|Flip Turn|p2b: Gengar
|-damage|p2b: Gengar|72/100
|
|t:|1756310296
|detailschange|p1a: Palafin|Palafin-Hero, L50, F
|switch|p1a: Farigiraf|Farigiraf, L50, M, shiny|100/100|[from] Flip Turn
|move|p2a: Incineroar|Knock Off|p1b: Amoonguss
|-damage|p1b: Amoonguss|29/100
|-enditem|p1b: Amoonguss|Sitrus Berry|[from] move: Knock Off|[of] p2a: Incineroar
|move|p1b: Amoonguss|Spore|p2b: Gengar
|-status|p2b: Gengar|slp|[from] move: Spore
|
|upkeep
|turn|3
|inactive|Training4perish has 30 seconds left.
|inactive|Training4perish has 20 seconds left.
|
|t:|1756310333
|switch|p2b: Annihilape|Annihilape, L50, F, shiny|100/100
|-terastallize|p1a: Farigiraf|Normal
|move|p1b: Amoonguss|Rage Powder|p1b: Amoonguss
|-singleturn|p1b: Amoonguss|move: Rage Powder
|move|p1a: Farigiraf|Hyper Voice|p2b: Annihilape|[spread] p2a
|-immune|p2b: Annihilape
|-damage|p2a: Incineroar|73/100
|-enditem|p1a: Farigiraf|Throat Spray
|-boost|p1a: Farigiraf|spa|1|[from] item: Throat Spray
|move|p2a: Incineroar|Parting Shot|p1a: Farigiraf
|-unboost|p1a: Farigiraf|atk|1
|-unboost|p1a: Farigiraf|spa|1
|
|t:|1756310350
|switch|p2a: Amoonguss|Amoonguss, L50, F, shiny|100/100|[from] Parting Shot
|
|upkeep
|turn|4
|
|t:|1756310373
|move|p1a: Farigiraf|Protect|p1a: Farigiraf
|-singleturn|p1a: Farigiraf|Protect
|move|p1b: Amoonguss|Protect|p1b: Amoonguss
|-singleturn|p1b: Amoonguss|Protect
|move|p2b: Annihilape|U-turn|p2a: Amoonguss
|-damage|p2a: Amoonguss|81/100
|-enditem|p2a: Amoonguss|Eject Button
|
|t:|1756310378
|switch|p2a: Incineroar|Incineroar, L50, M, shiny, tera:Grass|73/100
|-ability|p2a: Incineroar|Intimidate|boost
|-unboost|p1a: Farigiraf|atk|1
|-unboost|p1b: Amoonguss|atk|1
|
|upkeep
|turn|5
|c|☆Vlasaraptor33|nice play
|c|☆Training4perish|Cheers
|inactive|Vlasaraptor33 has 30 seconds left.
|inactive|Vlasaraptor33 has 20 seconds left.
|inactive|Vlasaraptor33 has 15 seconds left.
|
|t:|1756310421
|switch|p1a: Dragapult|Dragapult, L50, F, shiny|100/100
|move|p2b: Annihilape|U-turn|p1a: Dragapult
|-resisted|p1a: Dragapult
|-damage|p1a: Dragapult|86/100
|
|t:|1756310428
|switch|p2b: Gengar|Gengar, L50, F, shiny|72/100 slp|[from] U-turn
|move|p2a: Incineroar|Knock Off|p1a: Dragapult
|-supereffective|p1a: Dragapult
|-damage|p1a: Dragapult|0 fnt
|-enditem|p1a: Dragapult|Life Orb|[from] move: Knock Off|[of] p2a: Incineroar
|faint|p1a: Dragapult
|move|p1b: Amoonguss|Spore|p2b: Gengar
|-fail|p2b: Gengar|slp
|
|upkeep
|
|t:|1756310448
|switch|p1a: Farigiraf|Farigiraf, L50, M, shiny, tera:Normal|100/100
|turn|6
|inactive|Vlasaraptor33 has 30 seconds left.
|inactive|Training4perish has 30 seconds left.
|inactive|Vlasaraptor33 has 20 seconds left.
|inactive|Training4perish has 20 seconds left.
|
|t:|1756310489
|move|p1b: Amoonguss|Protect|p1b: Amoonguss
|-singleturn|p1b: Amoonguss|Protect
|cant|p2b: Gengar|slp
|move|p1a: Farigiraf|Psychic|p2b: Gengar
|-supereffective|p2b: Gengar
|-damage|p2b: Gengar|0 fnt
|-start|p1a: Farigiraf|Disable|Psychic|[from] ability: Cursed Body|[of] p2b: Gengar
|faint|p2b: Gengar
|move|p2a: Incineroar|Parting Shot|p1a: Farigiraf
|-unboost|p1a: Farigiraf|atk|1
|-unboost|p1a: Farigiraf|spa|1
|
|t:|1756310500
|switch|p2a: Annihilape|Annihilape, L50, F, shiny|100/100|[from] Parting Shot
|
|upkeep
|
|t:|1756310508
|switch|p2b: Amoonguss|Amoonguss, L50, F, shiny|100/100
|turn|7
|
|t:|1756310530
|move|p1a: Farigiraf|Protect|p1a: Farigiraf
|-singleturn|p1a: Farigiraf|Protect
|move|p1b: Amoonguss|Protect||[still]
|-fail|p1b: Amoonguss
|move|p2a: Annihilape|Close Combat|p1b: Amoonguss
|-resisted|p1b: Amoonguss
|-damage|p1b: Amoonguss|5/100
|-unboost|p2a: Annihilape|def|1
|-unboost|p2a: Annihilape|spd|1
|move|p2b: Amoonguss|Spore|p1a: Farigiraf
|-activate|p1a: Farigiraf|move: Protect
|
|upkeep
|turn|8
|inactive|Vlasaraptor33 has 30 seconds left.
|
|t:|1756310565
|switch|p1a: Palafin|Palafin-Hero, L50, F|100/100
|-activate|p1a: Palafin|ability: Zero to Hero
|move|p1b: Amoonguss|Rage Powder|p1b: Amoonguss
|-singleturn|p1b: Amoonguss|move: Rage Powder
|move|p2a: Annihilape|Close Combat|p1b: Amoonguss
|-resisted|p1b: Amoonguss
|-damage|p1b: Amoonguss|0 fnt
|-unboost|p2a: Annihilape|def|1
|-unboost|p2a: Annihilape|spd|1
|faint|p1b: Amoonguss
|move|p2b: Amoonguss|Spore|p1a: Palafin
|-status|p1a: Palafin|slp|[from] move: Spore
|
|upkeep
|inactive|Vlasaraptor33 has 30 seconds left.
|inactive|Vlasaraptor33 has 20 seconds left.
|inactive|Vlasaraptor33 has 15 seconds left.
|
|t:|1756310609
|switch|p1b: Farigiraf|Farigiraf, L50, M, shiny, tera:Normal|100/100
|turn|9
|
|t:|1756310620
|move|p1b: Farigiraf|Protect|p1b: Farigiraf
|-singleturn|p1b: Farigiraf|Protect
|move|p2a: Annihilape|Close Combat|p1b: Farigiraf
|-activate|p1b: Farigiraf|move: Protect
|cant|p1a: Palafin|slp
|move|p2b: Amoonguss|Pollen Puff|p1a: Palafin
|-damage|p1a: Palafin|85/100 slp
|
|upkeep
|turn|10
|inactive|Vlasaraptor33 has 30 seconds left.
|inactive|Vlasaraptor33 has 20 seconds left.
|inactive|Vlasaraptor33 has 15 seconds left.
|
|t:|1756310660
|move|p2b: Amoonguss|Rage Powder|p2b: Amoonguss
|-singleturn|p2b: Amoonguss|move: Rage Powder
|-curestatus|p1a: Palafin|slp|[msg]
|move|p1a: Palafin|Jet Punch|p2b: Amoonguss
|-resisted|p2b: Amoonguss
|-damage|p2b: Amoonguss|84/100
|move|p2a: Annihilape|Close Combat|p1b: Farigiraf
|-supereffective|p1b: Farigiraf
|-damage|p1b: Farigiraf|0 fnt
|-unboost|p2a: Annihilape|def|1
|-unboost|p2a: Annihilape|spd|1
|faint|p1b: Farigiraf
|
|upkeep
|turn|11
|inactive|Vlasaraptor33 has 30 seconds left.
|c|☆Vlasaraptor33|ggs very well played
|
|t:|1756310695
|move|p2b: Amoonguss|Rage Powder|p2b: Amoonguss
|-singleturn|p2b: Amoonguss|move: Rage Powder
|move|p2a: Annihilape|Close Combat|p1a: Palafin
|-damage|p1a: Palafin|36/100
|-unboost|p2a: Annihilape|def|1
|-unboost|p2a: Annihilape|spd|1
|move|p1a: Palafin|Wave Crash|p2b: Amoonguss
|-resisted|p2b: Amoonguss
|-damage|p2b: Amoonguss|50/100
|-damage|p1a: Palafin|24/100|[from] Recoil
|
|upkeep
|turn|12
|c|☆Training4perish|Ggs
|c|☆Training4perish|wp
|inactive|Vlasaraptor33 has 30 seconds left.
|inactive|Vlasaraptor33 has 20 seconds left.
|
|t:|1756310722
|move|p2b: Amoonguss|Rage Powder|p2b: Amoonguss
|-singleturn|p2b: Amoonguss|move: Rage Powder
|move|p2a: Annihilape|Close Combat|p1a: Palafin
|-damage|p1a: Palafin|0 fnt
|-unboost|p2a: Annihilape|def|1
|-unboost|p2a: Annihilape|spd|1
|faint|p1a: Palafin
|
|win|Training4perish
|raw|Vlasaraptor33's rating: 1076 → 1050(-26 for losing)
|raw|Training4perish's rating: 1000 → 1049(+49 for winning)
