|j|☆minasdevilcrobats
|j|☆Something147
|html|minasdevilcrobatsSomething147    
|uhtml|bestof|Game 2 of a best-of-3
|t:|1756827507
|gametype|doubles
|player|p1|minasdevilcrobats|darach-caitlin|1187
|player|p2|Something147|miku-ghost|1227
|gen|9
|tier|[Gen 9] VGC 2025 Reg H (Bo3)
|rated|
|rule|Species Clause: Limit one of each Pokémon
|rule|Item Clause: Limit 1 of each item
|clearpoke
|poke|p1|Indeedee, L50, M|
|poke|p1|Sneasler, L50, F|
|poke|p1|Dondozo, L50, F|
|poke|p1|Tatsugiri, L50, M|
|poke|p1|Talonflame, L50, F|
|poke|p1|Glimmora, L50, F|
|poke|p2|Dragapult, L50, M|
|poke|p2|Electabuzz, L50, M|
|poke|p2|Rillaboom, L50, F|
|poke|p2|Primarina, L50, M|
|poke|p2|Volcarona, L50, F|
|poke|p2|Sneasler, L50, M|
|teampreview|4
|showteam|p1|Indeedee||ChoiceScarf|PsychicSurge|ExpandingForce,DazzlingGleam,Trick,Protect|||M|||50|,,,,,Psychic]Sneasler||PsychicSeed|Unburden|CloseCombat,DireClaw,ThroatChop,Protect|||F|||50|,,,,,Dark]Dondozo||Leftovers|Unaware|WaveCrash,OrderUp,Earthquake,Protect|||F|||50|,,,,,Grass]Tatsugiri||LifeOrb|Commander|MuddyWater,DracoMeteor,DragonPulse,Protect|||M|||50|,,,,,Steel]Talonflame||CovertCloak|GaleWings|FlareBlitz,WillOWisp,Tailwind,Taunt|||F|||50|,,,,,Water]Glimmora||PowerHerb|ToxicDebris|MeteorBeam,SludgeBomb,EarthPower,SpikyShield|||F|||50|,,,,,Grass
|showteam|p2|Dragapult||ChoiceBand|ClearBody|DragonDarts,PhantomForce,Outrage,Uturn|||M|||50|,,,,,Dragon]Electabuzz||Eviolite|VitalSpirit|Electroweb,FollowMe,HelpingHand,Protect|||M|||50|,,,,,Fairy]Rillaboom||AssaultVest|GrassySurge|GrassyGlide,WoodHammer,FakeOut,Uturn|||F|||50|,,,,,Fire]Primarina||ThroatSpray|LiquidVoice|Moonblast,HyperVoice,Protect,Haze|||M|||50|,,,,,Steel]Volcarona||Leftovers|FlameBody|Flamethrower,GigaDrain,QuiverDance,Protect|||F|||50|,,,,,Grass]Sneasler||FocusSash|PoisonTouch|CloseCombat,DireClaw,FakeOut,Protect|||M|||50|,,,,,Stellar
|inactive|Battle timer is ON: inactive players will automatically lose when time's up. (requested by Something147)
|inactive|Something147 has 60 seconds left.
|
|t:|1756827539
|teamsize|p1|4
|teamsize|p2|4
|start
|switch|p1a: Talonflame|Talonflame, L50, F|100/100
|switch|p1b: Glimmora|Glimmora, L50, F|100/100
|switch|p2a: Sneasler|Sneasler, L50, M|100/100
|switch|p2b: Volcarona|Volcarona, L50, F|100/100
|turn|1
|
|t:|1756827547
|move|p1b: Glimmora|Spiky Shield|p1b: Glimmora
|-singleturn|p1b: Glimmora|move: Protect
|move|p2a: Sneasler|Fake Out|p1b: Glimmora
|-activate|p1b: Glimmora|move: Protect
|-damage|p2a: Sneasler|88/100|[from] Spiky Shield|[of] p1b: Glimmora
|move|p1a: Talonflame|Tailwind|p1a: Talonflame
|-sidestart|p1: minasdevilcrobats|move: Tailwind
|move|p2b: Volcarona|Quiver Dance|p2b: Volcarona
|-boost|p2b: Volcarona|spa|1
|-boost|p2b: Volcarona|spd|1
|-boost|p2b: Volcarona|spe|1
|
|upkeep
|turn|2
|
|t:|1756827571
|move|p1a: Talonflame|Will-O-Wisp|p2a: Sneasler
|-status|p2a: Sneasler|brn
|move|p1b: Glimmora|Meteor Beam||[still]
|-prepare|p1b: Glimmora|Meteor Beam
|-boost|p1b: Glimmora|spa|1
|-enditem|p1b: Glimmora|Power Herb
|-anim|p1b: Glimmora|Meteor Beam|p2b: Volcarona
|-supereffective|p2b: Volcarona
|-damage|p2b: Volcarona|0 fnt
|faint|p2b: Volcarona
|move|p2a: Sneasler|Close Combat|p1b: Glimmora
|-damage|p1b: Glimmora|67/100
|-unboost|p2a: Sneasler|def|1
|-unboost|p2a: Sneasler|spd|1
|-activate|p1b: Glimmora|ability: Toxic Debris
|-sidestart|p2: Something147|move: Toxic Spikes
|
|-damage|p2a: Sneasler|82/100 brn|[from] brn
|upkeep
|
|t:|1756827578
|switch|p2b: Rillaboom|Rillaboom, L50, F|100/100
|-status|p2b: Rillaboom|psn
|-fieldstart|move: Grassy Terrain|[from] ability: Grassy Surge|[of] p2b: Rillaboom
|turn|3
|
|t:|1756827591
|switch|p2a: Primarina|Primarina, L50, M|100/100
|-status|p2a: Primarina|psn
|-terastallize|p1b: Glimmora|Grass
|move|p2b: Rillaboom|Fake Out|p1b: Glimmora
|-damage|p1b: Glimmora|52/100
|-activate|p1b: Glimmora|ability: Toxic Debris
|-sidestart|p2: Something147|move: Toxic Spikes
|move|p1a: Talonflame|Will-O-Wisp||[still]
|-fail|p1a: Talonflame
|cant|p1b: Glimmora|flinch
|
|-heal|p1b: Glimmora|58/100|[from] Grassy Terrain
|-damage|p2b: Rillaboom|88/100 psn|[from] psn
|-damage|p2a: Primarina|88/100 psn|[from] psn
|upkeep
|turn|4
|
|t:|1756827604
|switch|p2b: Sneasler|Sneasler, L50, M|82/100 brn
|-sideend|p2: Something147|move: Toxic Spikes|[of] p2b: Sneasler
|move|p2a: Primarina|Protect|p2a: Primarina
|-singleturn|p2a: Primarina|Protect
|move|p1a: Talonflame|Flare Blitz|p2b: Sneasler
|-damage|p2b: Sneasler|6/100 brn
|-damage|p1a: Talonflame|75/100|[from] Recoil
|move|p1b: Glimmora|Sludge Bomb|p2a: Primarina
|-activate|p2a: Primarina|move: Protect
|
|-heal|p1b: Glimmora|64/100|[from] Grassy Terrain
|-heal|p2b: Sneasler|12/100 brn|[from] Grassy Terrain
|-heal|p2a: Primarina|94/100 psn|[from] Grassy Terrain
|-damage|p2a: Primarina|82/100 psn|[from] psn
|-damage|p2b: Sneasler|6/100 brn|[from] brn
|-sideend|p1: minasdevilcrobats|move: Tailwind
|upkeep
|turn|5
|
|t:|1756827617
|move|p1b: Glimmora|Spiky Shield|p1b: Glimmora
|-singleturn|p1b: Glimmora|move: Protect
|move|p2b: Sneasler|Fake Out|p1b: Glimmora
|-activate|p1b: Glimmora|move: Protect
|-damage|p2b: Sneasler|0 fnt|[from] Spiky Shield|[of] p1b: Glimmora
|faint|p2b: Sneasler
|move|p1a: Talonflame|Tailwind|p1a: Talonflame
|-sidestart|p1: minasdevilcrobats|move: Tailwind
|move|p2a: Primarina|Hyper Voice|p1a: Talonflame|[spread] p1a
|-activate|p1b: Glimmora|move: Protect
|-supereffective|p1a: Talonflame
|-damage|p1a: Talonflame|0 fnt
|faint|p1a: Talonflame
|-enditem|p2a: Primarina|Throat Spray
|-boost|p2a: Primarina|spa|1|[from] item: Throat Spray
|
|-heal|p1b: Glimmora|71/100|[from] Grassy Terrain
|-heal|p2a: Primarina|88/100 psn|[from] Grassy Terrain
|-damage|p2a: Primarina|75/100 psn|[from] psn
|upkeep
|
|t:|1756827631
|switch|p1a: Indeedee|Indeedee, L50, M|100/100
|switch|p2b: Rillaboom|Rillaboom, L50, F|88/100 psn
|-fieldstart|move: Psychic Terrain|[from] ability: Psychic Surge|[of] p1a: Indeedee
|-fieldstart|move: Grassy Terrain|[from] ability: Grassy Surge|[of] p2b: Rillaboom
|turn|6
|inactive|Something147 has 30 seconds left.
|inactive|Something147 has 20 seconds left.
|
|t:|1756827670
|switch|p1a: Sneasler|Sneasler, L50, F|100/100
|move|p2b: Rillaboom|Fake Out|p1b: Glimmora
|-damage|p1b: Glimmora|55/100
|-activate|p1b: Glimmora|ability: Toxic Debris
|-sidestart|p2: Something147|move: Toxic Spikes
|cant|p1b: Glimmora|flinch
|move|p2a: Primarina|Hyper Voice|p1b: Glimmora|[spread] p1a,p1b
|-resisted|p1b: Glimmora
|-damage|p1a: Sneasler|25/100
|-damage|p1b: Glimmora|20/100
|
|-heal|p1a: Sneasler|31/100|[from] Grassy Terrain
|-heal|p1b: Glimmora|26/100|[from] Grassy Terrain
|-heal|p2b: Rillaboom|94/100 psn|[from] Grassy Terrain
|-heal|p2a: Primarina|81/100 psn|[from] Grassy Terrain
|-damage|p2b: Rillaboom|82/100 psn|[from] psn
|-damage|p2a: Primarina|69/100 psn|[from] psn
|upkeep
|turn|7
|
|t:|1756827696
|-terastallize|p2a: Primarina|Steel
|move|p2b: Rillaboom|Grassy Glide|p1b: Glimmora
|-resisted|p1b: Glimmora
|-damage|p1b: Glimmora|5/100
|-activate|p1b: Glimmora|ability: Toxic Debris
|-sidestart|p2: Something147|move: Toxic Spikes
|move|p1a: Sneasler|Close Combat|p2a: Primarina
|-supereffective|p2a: Primarina
|-damage|p2a: Primarina|0 fnt
|-unboost|p1a: Sneasler|def|1
|-unboost|p1a: Sneasler|spd|1
|faint|p2a: Primarina
|move|p1b: Glimmora|Sludge Bomb|p2b: Rillaboom
|-supereffective|p2b: Rillaboom
|-damage|p2b: Rillaboom|0 fnt
|faint|p2b: Rillaboom
|
|win|minasdevilcrobats
|raw|minasdevilcrobats's rating: 1187 → 1215(+28 for winning)
|raw|Something147's rating: 1227 → 1199(-28 for losing)
|l|☆Something147
|player|p2|
