|j|☆3rdPlaceTennis
|j|☆keqinamu
|html|3rdPlaceTenniskeqinamu    
|uhtml|bestof|Game 2 of a best-of-3
|t:|1756687828
|gametype|doubles
|player|p1|3rdPlaceTennis|bugcatcher-gen4dp|1093
|player|p2|keqinamu|elesa|1000
|gen|9
|tier|[Gen 9] VGC 2025 Reg H (Bo3)
|rated|
|rule|Species Clause: Limit one of each Pokémon
|rule|Item Clause: Limit 1 of each item
|clearpoke
|poke|p1|Dragonite, L50, M|
|poke|p1|Gholdengo, L50|
|poke|p1|Rillaboom, L50, M|
|poke|p1|Ursaluna-Bloodmoon, L50, M|
|poke|p1|Maushold-Four, L50|
|poke|p1|Annihilape, L50, M|
|poke|p2|Gardevoir, L50, F|
|poke|p2|Indeedee-F, L50, F|
|poke|p2|Sneasler, L50, M|
|poke|p2|Incineroar, L50, M|
|poke|p2|Kingambit, L50, M|
|poke|p2|Veluza, L50, M|
|teampreview|4
|showteam|p1|Dragonite||LoadedDice|Multiscale|Tailwind,Haze,Protect,ScaleShot|||M|||50|,,,,,Fairy]Gholdengo||LifeOrb|GoodasGold|MakeItRain,ShadowBall,NastyPlot,Protect||||||50|,,,,,Water]Rillaboom||MiracleSeed|GrassySurge|WoodHammer,GrassyGlide,FakeOut,HighHorsepower|||M|||50|,,,,,Fire]Ursaluna-Bloodmoon||AssaultVest|MindsEye|BloodMoon,EarthPower,VacuumWave,HyperVoice|||M|||50|,,,,,Water]Maushold-Four||FocusSash|FriendGuard|SuperFang,FollowMe,BeatUp,Protect||||||50|,,,,,Ghost]Annihilape||SitrusBerry|Defiant|RageFist,DrainPunch,BulkUp,Protect|||M|||50|,,,,,Fire
|showteam|p2|Gardevoir||LifeOrb|Trace|Protect,ExpandingForce,TrickRoom,Moonblast|||F|||50|,,,,,Psychic]Indeedee-F||SafetyGoggles|PsychicSurge|HealPulse,FollowMe,TrickRoom,Psyshock|||F|||50|,,,,,Steel]Sneasler||PsychicSeed|Unburden|FakeOut,DireClaw,CloseCombat,Coaching|||M|||50|,,,,,Flying]Incineroar||CovertCloak|Intimidate|FlareBlitz,FakeOut,PartingShot,KnockOff|||M|||50|,,,,,Grass]Kingambit||ChoiceBand|Defiant|SuckerPunch,KowtowCleave,IronHead,ZenHeadbutt|||M|||50|,,,,,Ghost]Veluza||ClearAmulet|Sharpness|PsychoCut,FilletAway,Protect,AquaJet|||M|||50|,,,,,Grass
|inactive|Battle timer is ON: inactive players will automatically lose when time's up. (requested by keqinamu)
|
|t:|1756687842
|teamsize|p1|4
|teamsize|p2|4
|start
|switch|p1a: Rillaboom|Rillaboom, L50, M|100/100
|switch|p1b: Annihilape|Annihilape, L50, M|100/100
|switch|p2a: Indeedee|Indeedee-F, L50, F|100/100
|switch|p2b: Gardevoir|Gardevoir, L50, F|100/100
|-fieldstart|move: Grassy Terrain|[from] ability: Grassy Surge|[of] p1a: Rillaboom
|-fieldstart|move: Psychic Terrain|[from] ability: Psychic Surge|[of] p2a: Indeedee
|-ability|p2b: Gardevoir|Defiant|Trace|[from] ability: Trace|[of] p1b: Annihilape
|turn|1
|inactive|3rdPlaceTennis has 30 seconds left.
|inactive|3rdPlaceTennis has 20 seconds left.
|inactive|3rdPlaceTennis has 15 seconds left.
|
|t:|1756687884
|switch|p1a: Gholdengo|Gholdengo, L50|100/100
|move|p1b: Annihilape|Protect|p1b: Annihilape
|-singleturn|p1b: Annihilape|Protect
|move|p2a: Indeedee|Follow Me|p2a: Indeedee
|-singleturn|p2a: Indeedee|move: Follow Me
|move|p2b: Gardevoir|Expanding Force|p1b: Annihilape|[spread] p1a
|-activate|p1b: Annihilape|move: Protect
|-resisted|p1a: Gholdengo
|-damage|p1a: Gholdengo|55/100
|-damage|p2b: Gardevoir|91/100|[from] item: Life Orb
|
|upkeep
|turn|2
|
|t:|1756687902
|switch|p1b: Rillaboom|Rillaboom, L50, M|100/100
|-fieldstart|move: Grassy Terrain|[from] ability: Grassy Surge|[of] p1b: Rillaboom
|switch|p2b: Kingambit|Kingambit, L50, M|100/100
|move|p1a: Gholdengo|Make It Rain|p2b: Kingambit|[spread] p2a,p2b
|-resisted|p2b: Kingambit
|-damage|p2a: Indeedee|61/100
|-damage|p2b: Kingambit|74/100
|-unboost|p1a: Gholdengo|spa|1
|-damage|p1a: Gholdengo|45/100|[from] item: Life Orb
|move|p2a: Indeedee|Trick Room|p2a: Indeedee
|-fieldstart|move: Trick Room|[of] p2a: Indeedee
|
|-heal|p2b: Kingambit|80/100|[from] Grassy Terrain
|-heal|p2a: Indeedee|67/100|[from] Grassy Terrain
|-heal|p1a: Gholdengo|51/100|[from] Grassy Terrain
|upkeep
|turn|3
|inactive|keqinamu has 30 seconds left.
|
|t:|1756687928
|switch|p1a: Ursaluna|Ursaluna-Bloodmoon, L50, M|100/100
|-terastallize|p2b: Kingambit|Ghost
|move|p1b: Rillaboom|Fake Out|p2b: Kingambit
|-immune|p2b: Kingambit
|move|p2b: Kingambit|Kowtow Cleave|p1a: Ursaluna
|-damage|p1a: Ursaluna|44/100
|move|p2a: Indeedee|Heal Pulse|p2b: Kingambit
|-heal|p2b: Kingambit|100/100
|
|-heal|p1a: Ursaluna|50/100|[from] Grassy Terrain
|-heal|p2a: Indeedee|73/100|[from] Grassy Terrain
|upkeep
|turn|4
|inactive|3rdPlaceTennis has 30 seconds left.
|
|t:|1756687958
|switch|p2a: Incineroar|Incineroar, L50, M|100/100
|-ability|p2a: Incineroar|Intimidate|boost
|-unboost|p1a: Ursaluna|atk|1
|-unboost|p1b: Rillaboom|atk|1
|move|p1b: Rillaboom|Grassy Glide|p2a: Incineroar
|-resisted|p2a: Incineroar
|-damage|p2a: Incineroar|84/100
|move|p2b: Kingambit|Kowtow Cleave|p1a: Ursaluna
|-damage|p1a: Ursaluna|0 fnt
|faint|p1a: Ursaluna
|
|-heal|p2a: Incineroar|90/100|[from] Grassy Terrain
|upkeep
|
|t:|1756687961
|switch|p1a: Annihilape|Annihilape, L50, M|100/100
|turn|5
|inactive|keqinamu has 30 seconds left.
|
|t:|1756687987
|move|p1a: Annihilape|Protect|p1a: Annihilape
|-singleturn|p1a: Annihilape|Protect
|move|p2b: Kingambit|Kowtow Cleave|p1a: Annihilape
|-activate|p1a: Annihilape|move: Protect
|move|p2a: Incineroar|Knock Off|p1a: Annihilape
|-activate|p1a: Annihilape|move: Protect
|move|p1b: Rillaboom|High Horsepower|p2a: Incineroar
|-supereffective|p2a: Incineroar
|-damage|p2a: Incineroar|43/100
|
|-heal|p2a: Incineroar|49/100|[from] Grassy Terrain
|upkeep
|turn|6
|inactive|3rdPlaceTennis has 30 seconds left.
|
|t:|1756688018
|switch|p2a: Indeedee|Indeedee-F, L50, F|73/100
|-fieldstart|move: Psychic Terrain|[from] ability: Psychic Surge|[of] p2a: Indeedee
|move|p2b: Kingambit|Kowtow Cleave|p1a: Annihilape
|-damage|p1a: Annihilape|26/100
|-enditem|p1a: Annihilape|Sitrus Berry|[eat]
|-heal|p1a: Annihilape|51/100|[from] item: Sitrus Berry
|move|p1b: Rillaboom|High Horsepower|p2a: Indeedee
|-damage|p2a: Indeedee|39/100
|move|p1a: Annihilape|Rage Fist|p2b: Kingambit
|-supereffective|p2b: Kingambit
|-damage|p2b: Kingambit|36/100
|
|-fieldend|move: Trick Room
|upkeep
|turn|7
|
|t:|1756688033
|move|p2a: Indeedee|Follow Me|p2a: Indeedee
|-singleturn|p2a: Indeedee|move: Follow Me
|move|p1a: Annihilape|Drain Punch|p2a: Indeedee
|-damage|p2a: Indeedee|0 fnt
|-heal|p1a: Annihilape|68/100|[from] drain|[of] p2a: Indeedee
|faint|p2a: Indeedee
|move|p1b: Rillaboom|Wood Hammer|p2b: Kingambit
|-damage|p2b: Kingambit|0 fnt
|faint|p2b: Kingambit
|-damage|p1b: Rillaboom|87/100|[from] Recoil
|
|upkeep
|
|t:|1756688038
|switch|p2a: Incineroar|Incineroar, L50, M|49/100
|switch|p2b: Gardevoir|Gardevoir, L50, F|91/100
|-ability|p2b: Gardevoir|Defiant|Trace|[from] ability: Trace|[of] p1a: Annihilape
|-ability|p2a: Incineroar|Intimidate|boost
|-unboost|p1a: Annihilape|atk|1
|-ability|p1a: Annihilape|Defiant|boost
|-boost|p1a: Annihilape|atk|2
|-unboost|p1b: Rillaboom|atk|1
|turn|8
|
|t:|1756688046
|switch|p1b: Gholdengo|Gholdengo, L50|51/100
|move|p1a: Annihilape|Protect|p1a: Annihilape
|-singleturn|p1a: Annihilape|Protect
|move|p2a: Incineroar|Fake Out|p1b: Gholdengo
|-activate|p1b: Gholdengo|move: Psychic Terrain
|move|p2b: Gardevoir|Expanding Force|p1b: Gholdengo|[spread] p1b
|-activate|p1a: Annihilape|move: Protect
|-resisted|p1b: Gholdengo
|-damage|p1b: Gholdengo|4/100
|-damage|p2b: Gardevoir|81/100|[from] item: Life Orb
|
|upkeep
|turn|9
|
|t:|1756688063
|-terastallize|p1a: Annihilape|Fire
|move|p2b: Gardevoir|Protect|p2b: Gardevoir
|-singleturn|p2b: Gardevoir|Protect
|move|p1b: Gholdengo|Make It Rain|p2a: Incineroar|[spread] p2a
|-activate|p2b: Gardevoir|move: Protect
|-resisted|p2a: Incineroar
|-crit|p2a: Incineroar
|-damage|p2a: Incineroar|4/100
|-unboost|p1b: Gholdengo|spa|1
|-damage|p1b: Gholdengo|0 fnt|[from] item: Life Orb
|faint|p1b: Gholdengo
|move|p1a: Annihilape|Drain Punch|p2a: Incineroar
|-supereffective|p2a: Incineroar
|-damage|p2a: Incineroar|0 fnt
|-heal|p1a: Annihilape|70/100|[from] drain|[of] p2a: Incineroar
|faint|p2a: Incineroar
|
|upkeep
|
|t:|1756688068
|switch|p1b: Rillaboom|Rillaboom, L50, M|87/100
|-fieldstart|move: Grassy Terrain|[from] ability: Grassy Surge|[of] p1b: Rillaboom
|turn|10
|
|t:|1756688072
|move|p2b: Gardevoir|Protect||[still]
|-fail|p2b: Gardevoir
|move|p1b: Rillaboom|Fake Out|p2b: Gardevoir
|-damage|p2b: Gardevoir|58/100
|move|p1a: Annihilape|Rage Fist|p2b: Gardevoir
|-supereffective|p2b: Gardevoir
|-damage|p2b: Gardevoir|0 fnt
|faint|p2b: Gardevoir
|
|win|3rdPlaceTennis
|raw|3rdPlaceTennis's rating: 1093 → 1112(+19 for winning)
|raw|keqinamu's rating: 1000 → 1000(+0 for losing)
