|j|☆GubGubFan
|j|☆CW-EB9000
|html|GubGubFanCW-EB9000    
|uhtml|bestof|Game 2 of a best-of-3
|t:|1757190528
|gametype|doubles
|player|p1|GubGubFan|gladion-stance|1153
|player|p2|CW-EB9000|170|1108
|gen|9
|tier|[Gen 9] VGC 2025 Reg H (Bo3)
|rated|
|rule|Species Clause: Limit one of each Pokémon
|rule|Item Clause: Limit 1 of each item
|clearpoke
|poke|p1|Tyranitar, L50, F|
|poke|p1|Excadrill, L50, F|
|poke|p1|Basculegion, L50, M|
|poke|p1|Volcarona, L50, F|
|poke|p1|Dragonite, L50, F|
|poke|p1|Magmar, L50, M|
|poke|p2|Amoonguss, L50, M|
|poke|p2|Annihilape, L50, F|
|poke|p2|Whimsicott, L50, F|
|poke|p2|Typhlosion-Hisui, L50, F|
|poke|p2|Garchomp, L50, F|
|poke|p2|Dragonite, L50, F|
|teampreview|4
|showteam|p1|Tyranitar||AssaultVest|SandStream|RockSlide,KnockOff,LowKick,TeraBlast|||F|||50|,,,,,Flying]Excadrill||FocusSash|SandRush|Earthquake,HighHorsepower,IronHead,Protect|||F|||50|,,,,,Ground]Basculegion||ChoiceScarf|Adaptability|WaveCrash,FlipTurn,AquaJet,LastRespects|||M|||50|,,,,,Grass]Volcarona||Leftovers|FlameBody|HeatWave,QuiverDance,TeraBlast,Protect|||F|||50|,,,,,Fairy]Dragonite||LoadedDice|Multiscale|Protect,Tailwind,ScaleShot,Haze|||F|||50|,,,,,Fairy]Magmar||Eviolite|VitalSpirit|FollowMe,Taunt,HeatWave,WillOWisp|||M|||50|,,,,,Grass
|showteam|p2|Amoonguss||RockyHelmet|Regenerator|PollenPuff,Spore,RagePowder,Protect|||M|||50|,,,,,Water]Annihilape||ChoiceScarf|VitalSpirit|CloseCombat,FinalGambit,ShadowClaw,Coaching|||F|||50|,,,,,Normal]Whimsicott||FocusSash|Prankster|Moonblast,Encore,Tailwind,SunnyDay|||F|||50|,,,,,Ghost]Typhlosion-Hisui||LifeOrb|Blaze|Eruption,HeatWave,ShadowBall,Protect|||F|||50|,,,,,Fire]Garchomp||ChoiceBand|RoughSkin|DragonClaw,RockSlide,IronHead,Earthquake|||F|||50|,,,,,Steel]Dragonite||ClearAmulet|Multiscale|ExtremeSpeed,LowKick,Haze,Protect|||F|||50|,,,,,Normal
|inactive|Battle timer is ON: inactive players will automatically lose when time's up. (requested by CW-EB9000)
|
|t:|1757190622
|teamsize|p1|4
|teamsize|p2|4
|start
|switch|p1a: Basculegion|Basculegion, L50, M|100/100
|switch|p1b: Excadrill|Excadrill, L50, F|100/100
|switch|p2a: Whimsicott|Whimsicott, L50, F|100/100
|switch|p2b: Typhlosion|Typhlosion-Hisui, L50, F|100/100
|turn|1
|
|t:|1757190639
|switch|p1a: Tyranitar|Tyranitar, L50, F|100/100
|-weather|Sandstorm|[from] ability: Sand Stream|[of] p1a: Tyranitar
|move|p2b: Typhlosion|Protect|p2b: Typhlosion
|-singleturn|p2b: Typhlosion|Protect
|move|p2a: Whimsicott|Tailwind|p2a: Whimsicott
|-sidestart|p2: CW-EB9000|move: Tailwind
|move|p1b: Excadrill|Iron Head|p2a: Whimsicott
|-supereffective|p2a: Whimsicott
|-enditem|p2a: Whimsicott|Focus Sash
|-damage|p2a: Whimsicott|1/100
|
|-weather|Sandstorm|[upkeep]
|-damage|p2a: Whimsicott|0 fnt|[from] Sandstorm
|-damage|p2b: Typhlosion|94/100|[from] Sandstorm
|faint|p2a: Whimsicott
|upkeep
|inactive|CW-EB9000 has 30 seconds left.
|
|t:|1757190665
|switch|p2a: Dragonite|Dragonite, L50, F|100/100
|turn|2
|inactive|GubGubFan has 30 seconds left.
|
|t:|1757190692
|move|p2a: Dragonite|Extreme Speed|p1a: Tyranitar
|-resisted|p1a: Tyranitar
|-damage|p1a: Tyranitar|87/100
|move|p2b: Typhlosion|Shadow Ball|p1a: Tyranitar
|-resisted|p1a: Tyranitar
|-damage|p1a: Tyranitar|77/100
|-damage|p2b: Typhlosion|85/100|[from] item: Life Orb
|move|p1b: Excadrill|Iron Head|p2a: Dragonite
|-damage|p2a: Dragonite|78/100
|move|p1a: Tyranitar|Rock Slide|p2a: Dragonite|[spread] p2a,p2b
|-supereffective|p2a: Dragonite
|-supereffective|p2b: Typhlosion
|-damage|p2a: Dragonite|16/100
|-damage|p2b: Typhlosion|0 fnt
|faint|p2b: Typhlosion
|
|-weather|Sandstorm|[upkeep]
|-damage|p2a: Dragonite|10/100|[from] Sandstorm
|upkeep
|
|t:|1757190698
|switch|p2b: Garchomp|Garchomp, L50, F|100/100
|turn|3
|c|☆CW-EB9000|gg
|inactive|GubGubFan has 30 seconds left.
|
|t:|1757190727
|move|p1b: Excadrill|Protect|p1b: Excadrill
|-singleturn|p1b: Excadrill|Protect
|move|p2a: Dragonite|Extreme Speed|p1b: Excadrill
|-activate|p1b: Excadrill|move: Protect
|move|p2b: Garchomp|Rock Slide|p1b: Excadrill|[spread] p1a
|-activate|p1b: Excadrill|move: Protect
|-damage|p1a: Tyranitar|52/100
|cant|p1a: Tyranitar|flinch
|
|-weather|Sandstorm|[upkeep]
|-damage|p2a: Dragonite|4/100|[from] Sandstorm
|upkeep
|turn|4
|inactive|GubGubFan has 30 seconds left.
|
|t:|1757190755
|move|p2a: Dragonite|Extreme Speed|p1b: Excadrill
|-resisted|p1b: Excadrill
|-damage|p1b: Excadrill|80/100
|move|p2b: Garchomp|Rock Slide|p1b: Excadrill|[spread] p1b
|-miss|p2b: Garchomp|p1a: Tyranitar
|-resisted|p1b: Excadrill
|-damage|p1b: Excadrill|70/100
|move|p1b: Excadrill|Iron Head|p2a: Dragonite
|-damage|p2a: Dragonite|0 fnt
|faint|p2a: Dragonite
|move|p1a: Tyranitar|Knock Off|p2b: Garchomp
|-damage|p2b: Garchomp|40/100
|-damage|p1a: Tyranitar|40/100|[from] ability: Rough Skin|[of] p2b: Garchomp
|-enditem|p2b: Garchomp|Choice Band|[from] move: Knock Off|[of] p1a: Tyranitar
|
|-weather|Sandstorm|[upkeep]
|-sideend|p2: CW-EB9000|move: Tailwind
|upkeep
|turn|5
|inactive|GubGubFan has 30 seconds left.
|
|t:|1757190780
|move|p1b: Excadrill|Iron Head|p2b: Garchomp
|-damage|p2b: Garchomp|0 fnt
|-damage|p1b: Excadrill|57/100|[from] ability: Rough Skin|[of] p2b: Garchomp
|faint|p2b: Garchomp
|
|win|GubGubFan
|raw|GubGubFan's rating: 1153 → 1175(+22 for winning)
|raw|CW-EB9000's rating: 1108 → 1086(-22 for losing)
|c|☆GubGubFan|gg
