|j|☆oscareox553
|j|☆wodaiogien
|html|oscareox553wodaiogien    
|uhtml|bestof|Game 2 of a best-of-3
|t:|1782318557
|gametype|doubles
|player|p1|oscareox553|ethan|1086
|player|p2|wodaiogien|170|1107
|gen|9
|tier|[Gen 9 Champions] VGC 2026 Reg M-B (Bo3)
|rated|
|rule|Species Clause: Limit one of each Pokémon
|rule|Item Clause: Limit 1 of each item
|clearpoke
|poke|p1|Swampert, L50, F|
|poke|p1|Sceptile, L50, M|
|poke|p1|Rotom-Heat, L50|
|poke|p1|Pelipper, L50, F|
|poke|p1|Archaludon, L50, M, shiny|
|poke|p1|Sylveon, L50, F, shiny|
|poke|p2|Talonflame, L50, M|
|poke|p2|Tsareena, L50, F|
|poke|p2|Raichu, L50, M|
|poke|p2|Basculegion, L50, M|
|poke|p2|Kingambit, L50, M|
|poke|p2|Sneasler, L50, F|
|teampreview|4
|showteam|p1|Swampert||Swampertite|Torrent|Protect,WaveCrash,Earthquake,IcePunch|Adamant||F|||50|]Sceptile||Sceptilite|Overgrow|DragonPulse,EarthPower,EnergyBall,Detect|Timid||M|||50|]Rotom-Heat||ChoiceScarf|Levitate|Overheat,VoltSwitch,Discharge,Trick|Timid|||||50|]Pelipper||FocusSash|Drizzle|WeatherBall,Hurricane,Tailwind,WideGuard|Modest||F|||50|]Archaludon||Leftovers|Stamina|ElectroShot,FlashCannon,Protect,DragonPulse|Modest||M|||50|]Sylveon||FairyFeather|Pixilate|HyperVoice,HyperBeam,Yawn,Detect|Modest||F|||50|
|showteam|p2|Talonflame||FocusSash|FlameBody|DualWingbeat,Tailwind,FlareBlitz,Protect|Jolly||M|||50|]Tsareena||WideLens|QueenlyMajesty|TripleAxel,SeedBomb,HighJumpKick,Protect|Adamant||F|||50|]Raichu||RaichuniteY|LightningRod|ZapCannon,FocusBlast,FakeOut,Protect|Timid||M|||50|]Basculegion||LifeOrb|Adaptability|WaveCrash,AquaJet,LastRespects,Protect|Adamant||M|||50|]Kingambit||ChopleBerry|Defiant|KowtowCleave,SuckerPunch,IronHead,Protect|Adamant||M|||50|]Sneasler||WhiteHerb|Unburden|Protect,DireClaw,CloseCombat,FakeOut|Adamant||F|||50|
|inactive|Battle timer is ON: inactive players will automatically lose when time's up. (requested by oscareox553)
|inactive|oscareox553 has 60 seconds left.
|
|t:|1782318598
|teamsize|p1|4
|teamsize|p2|4
|start
|switch|p1a: Swampert|Swampert, L50, F|100/100
|switch|p1b: Rotom|Rotom-Heat, L50|100/100
|switch|p2a: Raichu|Raichu, L50, M|100/100
|switch|p2b: Talonflame|Talonflame, L50, M|100/100
|turn|1
|inactive|oscareox553 has 30 seconds left.
|
|t:|1782318628
|detailschange|p1a: Swampert|Swampert-Mega, L50, F
|-mega|p1a: Swampert|Swampert|Swampertite
|move|p2a: Raichu|Fake Out|p1a: Swampert
|-damage|p1a: Swampert|93/100
|move|p1b: Rotom|Discharge|p2b: Talonflame|[spread] p2b
|-ability|p2a: Raichu|Lightning Rod|boost
|-boost|p2a: Raichu|spa|1
|-immune|p1a: Swampert
|-supereffective|p2b: Talonflame|1
|-damage|p2b: Talonflame|19/100
|move|p2b: Talonflame|Tailwind|p2b: Talonflame
|-sidestart|p2: wodaiogien|move: Tailwind
|cant|p1a: Swampert|flinch
|
|upkeep
|turn|2
|inactive|wodaiogien has 30 seconds left.
|inactive|wodaiogien has 20 seconds left.
|inactive|wodaiogien has 15 seconds left.
|inactive|wodaiogien has 10 seconds left.
|
|t:|1782318674
|detailschange|p2a: Raichu|Raichu-Mega-Y, L50, M
|-mega|p2a: Raichu|Raichu|Raichunite Y
|move|p2a: Raichu|Zap Cannon|p1b: Rotom
|-resisted|p1b: Rotom|1
|-damage|p1b: Rotom|42/100
|move|p2b: Talonflame|Dual Wingbeat|p1a: Swampert|[miss]
|-miss|p2b: Talonflame|p1a: Swampert
|move|p1b: Rotom|Discharge|p2b: Talonflame|[spread] p2a,p2b
|-immune|p1a: Swampert
|-resisted|p2a: Raichu|1
|-supereffective|p2b: Talonflame|1
|-damage|p2a: Raichu|81/100
|-damage|p2b: Talonflame|0 fnt
|faint|p2b: Talonflame
|move|p1a: Swampert|Earthquake|p2a: Raichu|[spread] p2a
|-immune|p1b: Rotom|[from] ability: Levitate
|-supereffective|p2a: Raichu|1
|-damage|p2a: Raichu|0 fnt
|faint|p2a: Raichu
|
|upkeep
|
|t:|1782318681
|switch|p2a: Basculegion|Basculegion, L50, M|100/100
|switch|p2b: Tsareena|Tsareena, L50, F|100/100
|turn|3
|inactive|oscareox553 has 30 seconds left.
|
|t:|1782318715
|switch|p1b: Archaludon|Archaludon, L50, M, shiny|100/100
|move|p1a: Swampert|Protect|p1a: Swampert
|-singleturn|p1a: Swampert|Protect
|move|p2a: Basculegion|Last Respects|p1b: Archaludon
|-damage|p1b: Archaludon|0 fnt
|faint|p1b: Archaludon
|-damage|p2a: Basculegion|90/100|[from] item: Life Orb
|move|p2b: Tsareena|Seed Bomb|p1a: Swampert
|-activate|p1a: Swampert|move: Protect
|
|upkeep
|inactive|oscareox553 has 30 seconds left.
|
|t:|1782318749
|switch|p1b: Pelipper|Pelipper, L50, F|100/100
|-weather|RainDance|[from] ability: Drizzle|[of] p1b: Pelipper
|turn|4
|inactive|wodaiogien has 30 seconds left.
|
|t:|1782318779
|move|p2b: Tsareena|Triple Axel|p1b: Pelipper
|-damage|p1b: Pelipper|91/100
|-damage|p1b: Pelipper|75/100
|-damage|p1b: Pelipper|50/100g
|-hitcount|p1b: Pelipper|3
|move|p2a: Basculegion|Last Respects|p1a: Swampert
|-damage|p1a: Swampert|0 fnt
|faint|p1a: Swampert
|-damage|p2a: Basculegion|80/100|[from] item: Life Orb
|move|p1b: Pelipper|Tailwind|p1b: Pelipper
|-sidestart|p1: oscareox553|move: Tailwind
|
|-weather|RainDance|[upkeep]
|-sideend|p2: wodaiogien|move: Tailwind
|upkeep
|inactive|oscareox553 has 30 seconds left.
|
|t:|1782318808
|switch|p1a: Rotom|Rotom-Heat, L50|42/100
|turn|5
|
|t:|1782318824
|move|p2a: Basculegion|Aqua Jet|p1a: Rotom
|-supereffective|p1a: Rotom|1
|-damage|p1a: Rotom|0 fnt
|faint|p1a: Rotom
|-damage|p2a: Basculegion|70/100|[from] item: Life Orb
|move|p1b: Pelipper|Hurricane|p2b: Tsareena
|-supereffective|p2b: Tsareena|1
|-damage|p2b: Tsareena|0 fnt
|faint|p2b: Tsareena
|
|-weather|RainDance|[upkeep]
|upkeep
|turn|6
|inactive|oscareox553 has 30 seconds left.
|inactive|wodaiogien has 30 seconds left.
|
|t:|1782318860
|move|p1b: Pelipper|Hurricane|p2a: Basculegion
|-damage|p2a: Basculegion|12/100
|-start|p2a: Basculegion|confusion
|-activate|p2a: Basculegion|confusion
|-damage|p2a: Basculegion|0 fnt|[from] confusion
|faint|p2a: Basculegion
|
|win|oscareox553
|raw|oscareox553's rating: 1086 → 1115(+29 for winning)
|raw|wodaiogien's rating: 1107 → 1080(-27 for losing)
|c|☆wodaiogien|nah
|c|☆wodaiogien|jokes
|c|☆oscareox553|Im sory
|l|☆wodaiogien
|player|p2|
