|j|☆b1kope
|j|☆palle synchro
|html|b1kopepalle synchro    
|uhtml|bestof|Game 1 of a best-of-3
|t:|1757082645
|gametype|doubles
|player|p1|b1kope|266|1212
|player|p2|palle synchro|volkner|1409
|gen|9
|tier|[Gen 9] VGC 2025 Reg H (Bo3)
|rated|
|rule|Species Clause: Limit one of each Pokémon
|rule|Item Clause: Limit 1 of each item
|clearpoke
|poke|p1|Dragonite, L50, F|
|poke|p1|Chandelure, L50, M|
|poke|p1|Incineroar, L50, F|
|poke|p1|Gastrodon, L50, M|
|poke|p1|Snorlax, L50, M|
|poke|p1|Amoonguss, L50, F|
|poke|p2|Whimsicott, L50, M|
|poke|p2|Annihilape, L50, M|
|poke|p2|Indeedee, L50, M|
|poke|p2|Sneasler, L50, F|
|poke|p2|Ursaluna-Bloodmoon, L50, M|
|poke|p2|Archaludon, L50, F|
|teampreview|4
|showteam|p1|Dragonite||LoadedDice|Multiscale|DragonDance,ScaleShot,Protect,Roost|||F|||50|,,,,,Fairy]Chandelure||ChoiceSpecs|FlashFire|HeatWave,Overheat,ShadowBall,EnergyBall|||M|||50|,,,,,Fire]Incineroar||SitrusBerry|Intimidate|FlareBlitz,FakeOut,KnockOff,Taunt|||F|||50|,,,,,Ghost]Gastrodon||ExpertBelt|StormDrain|EarthPower,Yawn,Recover,Protect|||M|||50|,,,,,Poison]Snorlax||AguavBerry|Gluttony|BellyDrum,BodySlam,Recycle,Protect|||M|||50|,,,,,Ghost]Amoonguss||RockyHelmet|Regenerator|Spore,SludgeBomb,RagePowder,Protect|||F|||50|,,,,,Fairy
|showteam|p2|Whimsicott||CovertCloak|Prankster|Moonblast,Taunt,Tailwind,FakeTears|||M|||50|,,,,,Water]Annihilape||SafetyGoggles|Defiant|CloseCombat,RageFist,FinalGambit,Taunt|||M|||50|,,,,,Water]Indeedee||FocusSash|PsychicSurge|ExpandingForce,TeraBlast,Imprison,TrickRoom|||M|||50|,,,,,Psychic]Sneasler||PsychicSeed|Unburden|CloseCombat,DireClaw,ThroatChop,Protect|||F|||50|,,,,,Dark]Ursaluna-Bloodmoon||LifeOrb|MindsEye|HyperVoice,BloodMoon,EarthPower,Protect|||M|||50|,,,,,Normal]Archaludon||PowerHerb|Sturdy|ElectroShot,DragonPulse,Thunderbolt,Protect|||F|||50|,,,,,Electric
|inactive|Battle timer is ON: inactive players will automatically lose when time's up. (requested by palle synchro)
|inactive|b1kope has 60 seconds left.
|
|t:|1757082702
|teamsize|p1|4
|teamsize|p2|4
|start
|switch|p1a: Dragonite|Dragonite, L50, F|100/100
|switch|p1b: Gastrodon|Gastrodon, L50, M|100/100
|switch|p2a: Whimsicott|Whimsicott, L50, M|100/100
|switch|p2b: Ursaluna|Ursaluna-Bloodmoon, L50, M|100/100
|turn|1
|inactive|palle synchro has 30 seconds left.
|
|t:|1757082727
|-terastallize|p2b: Ursaluna|Normal
|move|p1a: Dragonite|Protect|p1a: Dragonite
|-singleturn|p1a: Dragonite|Protect
|move|p2a: Whimsicott|Moonblast|p1a: Dragonite
|-activate|p1a: Dragonite|move: Protect
|move|p2b: Ursaluna|Blood Moon|p1b: Gastrodon
|-damage|p1b: Gastrodon|0 fnt
|faint|p1b: Gastrodon
|-damage|p2b: Ursaluna|91/100|[from] item: Life Orb
|
|upkeep
|
|t:|1757082734
|switch|p1b: Chandelure|Chandelure, L50, M|100/100
|turn|2
|
|t:|1757082740
|move|p2a: Whimsicott|Tailwind|p2a: Whimsicott
|-sidestart|p2: palle synchro|move: Tailwind
|move|p2b: Ursaluna|Hyper Voice|p1b: Chandelure|[spread] p1a,p1b
|-damage|p1a: Dragonite|62/100
|-damage|p1b: Chandelure|9/100
|-damage|p2b: Ursaluna|81/100|[from] item: Life Orb
|move|p1b: Chandelure|Heat Wave|p2a: Whimsicott|[spread] p2a,p2b
|-supereffective|p2a: Whimsicott
|-damage|p2a: Whimsicott|0 fnt
|-damage|p2b: Ursaluna|6/100
|faint|p2a: Whimsicott
|move|p1a: Dragonite|Scale Shot|p2b: Ursaluna
|-damage|p2b: Ursaluna|0 fnt
|faint|p2b: Ursaluna
|-hitcount|p2: Ursaluna|1
|-unboost|p1a: Dragonite|def|1
|-boost|p1a: Dragonite|spe|1
|
|upkeep
|
|t:|1757082743
|switch|p2a: Annihilape|Annihilape, L50, M|100/100
|switch|p2b: Sneasler|Sneasler, L50, F|100/100
|turn|3
|
|t:|1757082756
|switch|p1b: Incineroar|Incineroar, L50, F|100/100
|-ability|p1b: Incineroar|Intimidate|boost
|-unboost|p2a: Annihilape|atk|1
|-ability|p2a: Annihilape|Defiant|boost
|-boost|p2a: Annihilape|atk|2
|-unboost|p2b: Sneasler|atk|1
|move|p1a: Dragonite|Protect|p1a: Dragonite
|-singleturn|p1a: Dragonite|Protect
|move|p2b: Sneasler|Dire Claw|p1a: Dragonite
|-activate|p1a: Dragonite|move: Protect
|move|p2a: Annihilape|Rage Fist|p1b: Incineroar
|-resisted|p1b: Incineroar
|-damage|p1b: Incineroar|87/100
|
|upkeep
|turn|4
|inactive|b1kope has 30 seconds left.
|
|t:|1757082784
|-terastallize|p1b: Incineroar|Ghost
|move|p2b: Sneasler|Protect|p2b: Sneasler
|-singleturn|p2b: Sneasler|Protect
|move|p1b: Incineroar|Fake Out|p2b: Sneasler
|-activate|p2b: Sneasler|move: Protect
|move|p2a: Annihilape|Rage Fist|p1a: Dragonite
|-damage|p1a: Dragonite|8/100
|move|p1a: Dragonite|Roost|p1a: Dragonite
|-heal|p1a: Dragonite|58/100
|-singleturn|p1a: Dragonite|move: Roost
|
|upkeep
|turn|5
|inactive|palle synchro has 30 seconds left.
|
|t:|1757082812
|move|p1a: Dragonite|Protect|p1a: Dragonite
|-singleturn|p1a: Dragonite|Protect
|move|p2b: Sneasler|Throat Chop|p1b: Incineroar
|-supereffective|p1b: Incineroar
|-damage|p1b: Incineroar|51/100
|-start|p1b: Incineroar|Throat Chop|[silent]
|move|p2a: Annihilape|Rage Fist|p1b: Incineroar
|-supereffective|p1b: Incineroar
|-damage|p1b: Incineroar|0 fnt
|faint|p1b: Incineroar
|
|-sideend|p2: palle synchro|move: Tailwind
|upkeep
|
|t:|1757082820
|switch|p1b: Chandelure|Chandelure, L50, M|9/100
|turn|6
|
|t:|1757082830
|move|p1a: Dragonite|Scale Shot|p2b: Sneasler
|-damage|p2b: Sneasler|77/100
|-damage|p2b: Sneasler|54/100
|-damage|p2b: Sneasler|28/100
|-damage|p2b: Sneasler|2/100
|-hitcount|p2b: Sneasler|4
|-unboost|p1a: Dragonite|def|1
|-boost|p1a: Dragonite|spe|1
|move|p2b: Sneasler|Throat Chop|p1b: Chandelure
|-supereffective|p1b: Chandelure
|-damage|p1b: Chandelure|0 fnt
|faint|p1b: Chandelure
|move|p2a: Annihilape|Rage Fist|p1a: Dragonite
|-damage|p1a: Dragonite|0 fnt
|faint|p1a: Dragonite
|
|win|palle synchro
