|j|☆janbenet
|j|☆W.HowardTaftVGC
|html|janbenetW.HowardTaftVGC    
|uhtml|bestof|Game 2 of a best-of-3
|t:|1783527645
|gametype|doubles
|player|p1|janbenet|101|1172
|player|p2|W.HowardTaftVGC|lusamine-nihilego|1246
|gen|9
|tier|[Gen 9 Champions] VGC 2026 Reg M-B (Bo3)
|rated|
|rule|Species Clause: Limit one of each Pokémon
|rule|Item Clause: Limit 1 of each item
|clearpoke
|poke|p1|Kingambit, L50, F|
|poke|p1|Charizard, L50, F|
|poke|p1|Aerodactyl, L50, M|
|poke|p1|Farigiraf, L50, M|
|poke|p1|Garchomp, L50, F|
|poke|p1|Sylveon, L50, M|
|poke|p2|Charizard, L50, M|
|poke|p2|Whimsicott, L50, F, shiny|
|poke|p2|Floette-Eternal, L50, F|
|poke|p2|Garchomp, L50, M|
|poke|p2|Basculegion, L50, M|
|poke|p2|Kingambit, L50, F|
|teampreview|4
|showteam|p1|Kingambit||FocusSash|Defiant|KowtowCleave,IronHead,SuckerPunch,LowKick|Adamant||F|||50|]Charizard||CharizarditeY|SolarPower|Protect,HeatWave,WeatherBall,SolarBeam|Modest||F|||50|]Aerodactyl||Aerodactylite|Unnerve|RockSlide,DualWingbeat,Tailwind,IceFang|Jolly||M|||50|]Farigiraf||SitrusBerry|ArmorTail|Psychic,Thunderbolt,TrickRoom,Roar|Bold||M|||50|]Garchomp||LifeOrb|RoughSkin|Earthquake,StompingTantrum,DragonClaw,Protect|Jolly||F|||50|]Sylveon||FairyFeather|Pixilate|HyperVoice,HyperBeam,QuickAttack,Detect|Modest||M|||50|
|showteam|p2|Charizard||CharizarditeY|Blaze|WeatherBall,HeatWave,SolarBeam,Protect|Modest||M|||50|]Whimsicott||FocusSash|Prankster|Moonblast,Tailwind,Encore,FakeTears|Timid||F|||50|]Floette-Eternal||Floettite|FlowerVeil|LightofRuin,Moonblast,DazzlingGleam,Protect|Timid||F|||50|]Garchomp||LifeOrb|RoughSkin|Earthquake,RockSlide,DragonClaw,Protect|Adamant||M|||50|]Basculegion||ChoiceScarf|Adaptability|WaveCrash,AquaJet,FlipTurn,LastRespects|Jolly||M|||50|]Kingambit||BlackGlasses|Defiant|SuckerPunch,IronHead,LowKick,KowtowCleave|Adamant||F|||50|
|inactive|Battle timer is ON: inactive players will automatically lose when time's up. (requested by W.HowardTaftVGC)
|
|t:|1783527673
|teamsize|p1|4
|teamsize|p2|4
|start
|switch|p1a: Aerodactyl|Aerodactyl, L50, M|100/100
|switch|p1b: Sylveon|Sylveon, L50, M|100/100
|switch|p2a: Battlestorm|Garchomp, L50, M|100/100
|switch|p2b: Whimsigang|Whimsicott, L50, F, shiny|100/100
|-ability|p1a: Aerodactyl|Unnerve
|turn|1
|
|t:|1783527691
|switch|p2a: Wingwambit|Kingambit, L50, F|100/100
|detailschange|p1a: Aerodactyl|Aerodactyl-Mega, L50, M
|-mega|p1a: Aerodactyl|Aerodactyl|Aerodactylite
|move|p2b: Whimsigang|Tailwind|p2b: Whimsigang
|-sidestart|p2: W.HowardTaftVGC|move: Tailwind
|move|p1a: Aerodactyl|Dual Wingbeat|p2b: Whimsigang
|-supereffective|p2b: Whimsigang|1
|-crit|p2b: Whimsigang
|-damage|p2b: Whimsigang|13/100
|-supereffective|p2b: Whimsigang|1
|-damage|p2b: Whimsigang|0 fnt
|faint|p2b: Whimsigang
|-hitcount|p2: Whimsigang|2
|move|p1b: Sylveon|Hyper Voice|p2a: Wingwambit
|-damage|p2a: Wingwambit|37/100
|
|upkeep
|
|t:|1783527707
|switch|p2b: Flower Power|Floette-Eternal, L50, F|100/100
|turn|2
|
|t:|1783527716
|detailschange|p2b: Flower Power|Floette-Mega, L50, F
|-mega|p2b: Flower Power|Floette|Floettite
|-ability|p2b: Flower Power|Fairy Aura
|move|p2b: Flower Power|Moonblast|p1a: Aerodactyl
|-damage|p1a: Aerodactyl|16/100
|-unboost|p1a: Aerodactyl|spa|1
|move|p1a: Aerodactyl|Tailwind|p1a: Aerodactyl
|-sidestart|p1: janbenet|move: Tailwind
|move|p1b: Sylveon|Hyper Voice|p2a: Wingwambit|[spread] p2a,p2b
|-damage|p2a: Wingwambit|0 fnt
|-damage|p2b: Flower Power|50/100g
|faint|p2a: Wingwambit
|
|upkeep
|
|t:|1783527728
|switch|p2a: Battlestorm|Garchomp, L50, M|100/100
|turn|3
|
|t:|1783527748
|move|p2a: Battlestorm|Protect|p2a: Battlestorm
|-singleturn|p2a: Battlestorm|Protect
|move|p1a: Aerodactyl|Ice Fang|p2a: Battlestorm
|-activate|p2a: Battlestorm|move: Protect
|move|p2b: Flower Power|Dazzling Gleam|p1b: Sylveon|[spread] p1a,p1b
|-damage|p1a: Aerodactyl|0 fnt
|-damage|p1b: Sylveon|64/100
|faint|p1a: Aerodactyl
|move|p1b: Sylveon|Hyper Voice|p2b: Flower Power|[spread] p2b
|-activate|p2a: Battlestorm|move: Protect
|-damage|p2b: Flower Power|0 fnt
|faint|p2b: Flower Power
|
|upkeep
|
|t:|1783527765
|switch|p1a: Kingambit|Kingambit, L50, F|100/100
|turn|4
|
|t:|1783527780
|move|p1b: Sylveon|Detect|p1b: Sylveon
|-singleturn|p1b: Sylveon|Protect
|move|p2a: Battlestorm|Earthquake|p1a: Kingambit|[spread] p1a
|-activate|p1b: Sylveon|move: Protect
|-supereffective|p1a: Kingambit|1
|-crit|p1a: Kingambit
|-enditem|p1a: Kingambit|Focus Sash
|-damage|p1a: Kingambit|1/100
|-damage|p2a: Battlestorm|90/100|[from] item: Life Orb
|move|p1a: Kingambit|Kowtow Cleave|p2a: Battlestorm
|-damage|p2a: Battlestorm|43/100
|-damage|p1a: Kingambit|0 fnt|[from] ability: Rough Skin|[of] p2a: Battlestorm
|faint|p1a: Kingambit
|
|-sideend|p2: W.HowardTaftVGC|move: Tailwind
|upkeep
|
|t:|1783527794
|switch|p1a: Farigiraf|Farigiraf, L50, M|100/100
|turn|5
|
|t:|1783527801
|move|p1b: Sylveon|Hyper Voice|p2a: Battlestorm
|-supereffective|p2a: Battlestorm|1
|-damage|p2a: Battlestorm|0 fnt
|faint|p2a: Battlestorm
|
|win|janbenet
|raw|janbenet's rating: 1172 → 1202(+30 for winning)
|raw|W.HowardTaftVGC's rating: 1246 → 1216(-30 for losing)
|l|☆W.HowardTaftVGC
|player|p2|
