|j|☆bdger
|j|☆Fell Blue
|html|bdgerFell Blue    
|uhtml|bestof|Game 2 of a best-of-3
|t:|1784396013
|gametype|doubles
|player|p1|bdger|backpackerf|1234
|player|p2|Fell Blue|fantina|1177
|gen|9
|tier|[Gen 9 Champions] VGC 2026 Reg M-B (Bo3)
|rated|
|rule|Species Clause: Limit one of each Pokémon
|rule|Item Clause: Limit 1 of each item
|clearpoke
|poke|p1|Gengar, L50, F|
|poke|p1|Incineroar, L50, M|
|poke|p1|Kingambit, L50, F|
|poke|p1|Vivillon-Pokeball, L50, M|
|poke|p1|Sneasler, L50, M|
|poke|p1|Ninetales-Alola, L50, M|
|poke|p2|Mawile, L50, M|
|poke|p2|Hydreigon, L50, M|
|poke|p2|Delphox, L50, F|
|poke|p2|Sneasler, L50, F|
|poke|p2|Sinistcha, L50|
|poke|p2|Incineroar, L50, F|
|teampreview|4
|showteam|p1|Gengar||Gengarite|CursedBody|NastyPlot,ShadowBall,SludgeBomb,Protect|Timid||F|||50|]Incineroar||SitrusBerry|Intimidate|FakeOut,PartingShot,FlareBlitz,ThroatChop|Careful||M|||50|]Kingambit||BlackGlasses|Defiant|SwordsDance,SuckerPunch,Protect,KowtowCleave|Adamant||F|||50|]Vivillon-Pokeball||ChoiceScarf|CompoundEyes|SleepPowder,Hurricane,RagePowder,Tailwind|Timid||M|||50|]Sneasler||FocusSash|PoisonTouch|FakeOut,PoisonJab,CloseCombat,QuickGuard|Jolly||M|||50|]Ninetales-Alola||NeverMeltIce|SnowWarning|Blizzard,FreezeDry,AuroraVeil,Encore|Timid||M|||50|
|showteam|p2|Mawile||Mawilite|HyperCutter|SuckerPunch,PlayRough,SwordsDance,Protect|Brave||M|||50|]Hydreigon||ChoiceScarf|Levitate|DarkPulse,DracoMeteor,EarthPower,Snarl|Modest||M|||50|]Delphox||Delphoxite|Blaze|HeatWave,Psychic,NastyPlot,Protect|Timid||F|||50|]Sneasler||FocusSash|PoisonTouch|DireClaw,CloseCombat,QuickGuard,FakeOut|Adamant||F|||50|]Sinistcha||KasibBerry|Hospitality|Protect,TrickRoom,MatchaGotcha,RagePowder|Bold|||||50|]Incineroar||SitrusBerry|Intimidate|FlareBlitz,ThroatChop,PartingShot,FakeOut|Impish||F|||50|
|
|t:|1784396064
|teamsize|p1|4
|teamsize|p2|4
|start
|switch|p1a: Incineroar|Incineroar, L50, M|100/100
|switch|p1b: Vivillon|Vivillon-Pokeball, L50, M|100/100
|switch|p2a: Delphox|Delphox, L50, F|100/100
|switch|p2b: Sinistcha|Sinistcha, L50|100/100
|-ability|p1a: Incineroar|Intimidate|boost
|-unboost|p2a: Delphox|atk|1
|-unboost|p2b: Sinistcha|atk|1
|turn|1
|
|t:|1784396081
|move|p2a: Delphox|Protect|p2a: Delphox
|-singleturn|p2a: Delphox|Protect
|move|p2b: Sinistcha|Protect|p2b: Sinistcha
|-singleturn|p2b: Sinistcha|Protect
|move|p1a: Incineroar|Fake Out|p2a: Delphox
|-activate|p2a: Delphox|move: Protect
|move|p1b: Vivillon|Hurricane|p2b: Sinistcha
|-activate|p2b: Sinistcha|move: Protect
|
|upkeep
|turn|2
|
|t:|1784396112
|switch|p1b: Gengar|Gengar, L50, F|100/100
|detailschange|p2a: Delphox|Delphox-Mega, L50, F
|-mega|p2a: Delphox|Delphox|Delphoxite
|move|p2b: Sinistcha|Rage Powder|p2b: Sinistcha
|-singleturn|p2b: Sinistcha|move: Rage Powder
|move|p2a: Delphox|Nasty Plot|p2a: Delphox
|-boost|p2a: Delphox|spa|2
|move|p1a: Incineroar|Throat Chop|p2b: Sinistcha
|-supereffective|p2b: Sinistcha|1
|-damage|p2b: Sinistcha|49/100
|-start|p2b: Sinistcha|Throat Chop|[silent]
|
|upkeep
|turn|3
|
|t:|1784396134
|switch|p2b: Incineroar|Incineroar, L50, F|100/100
|-ability|p2b: Incineroar|Intimidate|boost
|-unboost|p1a: Incineroar|atk|1
|-unboost|p1b: Gengar|atk|1
|detailschange|p1b: Gengar|Gengar-Mega, L50, F
|-mega|p1b: Gengar|Gengar|Gengarite
|move|p1b: Gengar|Protect|p1b: Gengar
|-singleturn|p1b: Gengar|Protect
|move|p2a: Delphox|Psychic|p1b: Gengar
|-activate|p1b: Gengar|move: Protect
|move|p1a: Incineroar|Parting Shot|p2b: Incineroar
|-unboost|p2b: Incineroar|atk|1
|-unboost|p2b: Incineroar|spa|1
|
|t:|1784396140
|switch|p1a: Vivillon|Vivillon-Pokeball, L50, M|100/100|[from] Parting Shot
|
|upkeep
|turn|4
|
|t:|1784396150
|switch|p1a: Incineroar|Incineroar, L50, M|100/100
|-ability|p1a: Incineroar|Intimidate|boost
|-unboost|p2a: Delphox|atk|1
|-unboost|p2b: Incineroar|atk|1
|move|p2b: Incineroar|Fake Out|p1a: Incineroar
|-damage|p1a: Incineroar|95/100
|move|p2a: Delphox|Heat Wave|p1a: Incineroar|[spread] p1a,p1b
|-resisted|p1a: Incineroar|1
|-damage|p1a: Incineroar|65/100
|-damage|p1b: Gengar|7/100
|-status|p1b: Gengar|brn
|move|p1b: Gengar|Shadow Ball|p2a: Delphox
|-supereffective|p2a: Delphox|1
|-damage|p2a: Delphox|15/100
|
|-damage|p1b: Gengar|1/100 brn|[from] brn
|upkeep
|turn|5
|
|t:|1784396163
|move|p2a: Delphox|Protect|p2a: Delphox
|-singleturn|p2a: Delphox|Protect
|move|p1b: Gengar|Sludge Bomb|p2b: Incineroar
|-damage|p2b: Incineroar|57/100
|move|p1a: Incineroar|Throat Chop|p2a: Delphox
|-activate|p2a: Delphox|move: Protect
|move|p2b: Incineroar|Parting Shot|p1a: Incineroar
|-unboost|p1a: Incineroar|atk|1
|-unboost|p1a: Incineroar|spa|1
|
|t:|1784396174
|switch|p2b: Sinistcha|Sinistcha, L50|49/100|[from] Parting Shot
|-heal|p2a: Delphox|40/100|[from] ability: Hospitality|[of] p2b: Sinistcha
|
|-damage|p1b: Gengar|0 fnt|[from] brn
|faint|p1b: Gengar
|upkeep
|
|t:|1784396178
|switch|p1b: Vivillon|Vivillon-Pokeball, L50, M|100/100
|turn|6
|
|t:|1784396189
|move|p2b: Sinistcha|Rage Powder|p2b: Sinistcha
|-singleturn|p2b: Sinistcha|move: Rage Powder
|move|p1b: Vivillon|Hurricane|p2b: Sinistcha|[miss]
|-miss|p1b: Vivillon|p2b: Sinistcha
|move|p2a: Delphox|Heat Wave|p1b: Vivillon|[spread] p1a,p1b
|-resisted|p1a: Incineroar|1
|-supereffective|p1b: Vivillon|1
|-damage|p1a: Incineroar|36/100
|-damage|p1b: Vivillon|0 fnt
|-enditem|p1a: Incineroar|Sitrus Berry|[eat]
|-heal|p1a: Incineroar|61/100|[from] item: Sitrus Berry
|faint|p1b: Vivillon
|move|p1a: Incineroar|Throat Chop|p2b: Sinistcha
|-supereffective|p2b: Sinistcha|1
|-damage|p2b: Sinistcha|15/100
|-start|p2b: Sinistcha|Throat Chop|[silent]
|
|upkeep
|-message|bdger forfeited.
|
|win|Fell Blue
|raw|bdger's rating: 1234 → 1205(-29 for losing)
|raw|Fell Blue's rating: 1177 → 1206(+29 for winning)
|l|☆bdger
|player|p1|
