|j|☆TrainerRed86
|j|☆washingtongargacha
|html|TrainerRed86washingtongargacha    
|uhtml|bestof|Game 1 of a best-of-3
|t:|1757202898
|gametype|doubles
|player|p1|TrainerRed86|red|1067
|player|p2|washingtongargacha|169|1048
|gen|9
|tier|[Gen 9] VGC 2025 Reg H (Bo3)
|rated|
|rule|Species Clause: Limit one of each Pokémon
|rule|Item Clause: Limit 1 of each item
|clearpoke
|poke|p1|Ceruledge, L50, F|
|poke|p1|Ursaluna-Bloodmoon, L50, M|
|poke|p1|Gyarados, L50, M|
|poke|p1|Rillaboom, L50, F|
|poke|p1|Sneasler, L50, M|
|poke|p1|Whimsicott, L50, F|
|poke|p2|Talonflame, L50, M|
|poke|p2|Gholdengo, L50|
|poke|p2|Dragonite, L50, F|
|poke|p2|Archaludon, L50, M|
|poke|p2|Tyranitar, L50, M|
|poke|p2|Garchomp, L50, F|
|teampreview|4
|showteam|p1|Ceruledge||ClearAmulet|FlashFire|BitterBlade,ShadowSneak,SwordsDance,Protect|||F|||50|,,,,,Grass]Ursaluna-Bloodmoon||LifeOrb|MindsEye|BloodMoon,HyperVoice,EarthPower,Protect|||M|||50|,,,,,Normal]Gyarados||SitrusBerry|Intimidate|Waterfall,Taunt,ThunderWave,HelpingHand|||M|||50|,,,,,Grass]Rillaboom||AssaultVest|GrassySurge|FakeOut,GrassyGlide,WoodHammer,HighHorsepower|||F|||50|,,,,,Fire]Sneasler||GrassySeed|Unburden|FakeOut,DireClaw,CloseCombat,Protect|||M|||50|,,,,,Ghost]Whimsicott||CovertCloak|Prankster|Moonblast,Tailwind,SunnyDay,Encore|||F|||50|,,,,,Water
|showteam|p2|Talonflame||CovertCloak|GaleWings|Tailwind,DualWingbeat,Taunt,FlareBlitz|||M|||50|,,,,,Ghost]Gholdengo||ChoiceSpecs|GoodasGold|MakeItRain,SteelBeam,ShadowBall,PowerGem||||||50|,,,,,Flying]Dragonite||LoadedDice|Multiscale|ScaleShot,IceSpinner,Haze,Protect|||F|||50|,,,,,Steel]Archaludon||PowerHerb|Sturdy|FlashCannon,ElectroShot,DracoMeteor,Protect|||M|||50|,,,,,Flying]Tyranitar||AssaultVest|SandStream|KnockOff,RockSlide,TeraBlast,LowKick|||M|||50|,,,,,Flying]Garchomp||LifeOrb|RoughSkin|DragonClaw,StompingTantrum,Earthquake,Protect|||F|||50|,,,,,Steel
|
|t:|1757202958
|teamsize|p1|4
|teamsize|p2|4
|start
|switch|p1a: Gyarados|Gyarados, L50, M, shiny|100/100
|switch|p1b: Rillaboom|Rillaboom, L50, F|100/100
|switch|p2a: Talonflame|Talonflame, L50, M|100/100
|switch|p2b: Gholdengo|Gholdengo, L50|100/100
|-fieldstart|move: Grassy Terrain|[from] ability: Grassy Surge|[of] p1b: Rillaboom
|-ability|p1a: Gyarados|Intimidate|boost
|-unboost|p2a: Talonflame|atk|1
|-unboost|p2b: Gholdengo|atk|1
|turn|1
|
|t:|1757203004
|move|p2a: Talonflame|Tailwind|p2a: Talonflame
|-sidestart|p2: washingtongargacha|move: Tailwind
|move|p2b: Gholdengo|Make It Rain|p1a: Gyarados|[spread] p1a,p1b
|-resisted|p1a: Gyarados
|-damage|p1a: Gyarados|65/100
|-damage|p1b: Rillaboom|39/100
|-unboost|p2b: Gholdengo|spa|1
|move|p1b: Rillaboom|High Horsepower|p2b: Gholdengo
|-supereffective|p2b: Gholdengo
|-damage|p2b: Gholdengo|24/100
|move|p1a: Gyarados|Thunder Wave|p2a: Talonflame
|-status|p2a: Talonflame|par
|
|-heal|p2b: Gholdengo|30/100|[from] Grassy Terrain
|-heal|p1b: Rillaboom|45/100|[from] Grassy Terrain
|upkeep
|turn|2
|
|t:|1757203031
|move|p2a: Talonflame|Dual Wingbeat|p1b: Rillaboom|[miss]
|-miss|p2a: Talonflame|p1b: Rillaboom
|move|p2b: Gholdengo|Make It Rain|p1b: Rillaboom|[spread] p1a,p1b
|-resisted|p1a: Gyarados
|-damage|p1a: Gyarados|44/100
|-damage|p1b: Rillaboom|8/100
|-unboost|p2b: Gholdengo|spa|1
|-enditem|p1a: Gyarados|Sitrus Berry|[eat]
|-heal|p1a: Gyarados|68/100|[from] item: Sitrus Berry
|move|p1b: Rillaboom|High Horsepower|p2b: Gholdengo
|-supereffective|p2b: Gholdengo
|-damage|p2b: Gholdengo|0 fnt
|faint|p2b: Gholdengo
|move|p1a: Gyarados|Waterfall|p2a: Talonflame
|-supereffective|p2a: Talonflame
|-crit|p2a: Talonflame
|-damage|p2a: Talonflame|0 fnt
|faint|p2a: Talonflame
|
|-heal|p1b: Rillaboom|14/100|[from] Grassy Terrain
|upkeep
|
|t:|1757203049
|switch|p2a: Tyranitar|Tyranitar, L50, M|100/100
|switch|p2b: Garchomp|Garchomp, L50, F|100/100
|-weather|Sandstorm|[from] ability: Sand Stream|[of] p2a: Tyranitar
|turn|3
|
|t:|1757203075
|-terastallize|p2a: Tyranitar|Flying
|move|p2b: Garchomp|Dragon Claw|p1a: Gyarados
|-damage|p1a: Gyarados|20/100
|-damage|p2b: Garchomp|91/100|[from] item: Life Orb
|move|p2a: Tyranitar|Rock Slide|p1a: Gyarados|[spread] p1a,p1b
|-supereffective|p1a: Gyarados
|-damage|p1a: Gyarados|0 fnt
|-damage|p1b: Rillaboom|0 fnt
|faint|p1a: Gyarados
|faint|p1b: Rillaboom
|
|-weather|Sandstorm|[upkeep]
|-damage|p2a: Tyranitar|95/100|[from] Sandstorm
|-heal|p2b: Garchomp|97/100|[from] Grassy Terrain
|upkeep
|
|t:|1757203089
|switch|p1b: Ceruledge|Ceruledge, L50, F, shiny|100/100
|switch|p1a: Sneasler|Sneasler, L50, M|100/100
|-enditem|p1a: Sneasler|Grassy Seed
|-boost|p1a: Sneasler|def|1|[from] item: Grassy Seed
|turn|4
|
|t:|1757203117
|-terastallize|p1b: Ceruledge|Grass
|move|p1a: Sneasler|Fake Out|p2a: Tyranitar
|-damage|p2a: Tyranitar|83/100
|move|p2b: Garchomp|Earthquake|p1b: Ceruledge|[spread] p1a,p1b
|-immune|p2a: Tyranitar
|-supereffective|p1a: Sneasler
|-resisted|p1b: Ceruledge
|-damage|p1a: Sneasler|36/100
|-damage|p1b: Ceruledge|88/100
|-damage|p2b: Garchomp|87/100|[from] item: Life Orb
|cant|p2a: Tyranitar|flinch
|move|p1b: Ceruledge|Swords Dance|p1b: Ceruledge
|-boost|p1b: Ceruledge|atk|2
|
|-weather|Sandstorm|[upkeep]
|-damage|p1a: Sneasler|30/100|[from] Sandstorm
|-damage|p2a: Tyranitar|77/100|[from] Sandstorm
|-damage|p1b: Ceruledge|82/100|[from] Sandstorm
|-heal|p1a: Sneasler|36/100|[from] Grassy Terrain
|-heal|p2b: Garchomp|93/100|[from] Grassy Terrain
|-heal|p1b: Ceruledge|88/100|[from] Grassy Terrain
|-sideend|p2: washingtongargacha|move: Tailwind
|upkeep
|turn|5
|
|t:|1757203144
|move|p1a: Sneasler|Dire Claw|p2b: Garchomp
|-resisted|p2b: Garchomp
|-damage|p2b: Garchomp|71/100
|-damage|p1a: Sneasler|24/100|[from] ability: Rough Skin|[of] p2b: Garchomp
|move|p2b: Garchomp|Earthquake|p1a: Sneasler|[spread] p1a,p1b
|-immune|p2a: Tyranitar
|-supereffective|p1a: Sneasler
|-resisted|p1b: Ceruledge
|-damage|p1a: Sneasler|0 fnt
|-damage|p1b: Ceruledge|75/100
|faint|p1a: Sneasler
|-damage|p2b: Garchomp|61/100|[from] item: Life Orb
|move|p1b: Ceruledge|Bitter Blade|p2a: Tyranitar
|-damage|p2a: Tyranitar|0 fnt
|-heal|p1b: Ceruledge|100/100|[from] drain|[of] p2a: Tyranitar
|faint|p2a: Tyranitar
|
|-weather|Sandstorm|[upkeep]
|-damage|p1b: Ceruledge|94/100|[from] Sandstorm
|-heal|p2b: Garchomp|67/100|[from] Grassy Terrain
|-heal|p1b: Ceruledge|100/100|[from] Grassy Terrain
|-fieldend|move: Grassy Terrain
|upkeep
|turn|6
|
|t:|1757203171
|move|p1b: Ceruledge|Protect|p1b: Ceruledge
|-singleturn|p1b: Ceruledge|Protect
|move|p2b: Garchomp|Dragon Claw|p1b: Ceruledge
|-activate|p1b: Ceruledge|move: Protect
|
|-weather|Sandstorm|[upkeep]
|-damage|p1b: Ceruledge|94/100|[from] Sandstorm
|upkeep
|turn|7
|
|t:|1757203180
|move|p2b: Garchomp|Dragon Claw|p1b: Ceruledge
|-damage|p1b: Ceruledge|35/100
|-damage|p2b: Garchomp|58/100|[from] item: Life Orb
|move|p1b: Ceruledge|Bitter Blade|p2b: Garchomp
|-resisted|p2b: Garchomp
|-damage|p2b: Garchomp|9/100
|-heal|p1b: Ceruledge|59/100|[from] drain|[of] p2b: Garchomp
|-damage|p1b: Ceruledge|47/100|[from] ability: Rough Skin|[of] p2b: Garchomp
|
|-weather|none
|upkeep
|turn|8
|
|t:|1757203193
|move|p1b: Ceruledge|Shadow Sneak|p2b: Garchomp
|-damage|p2b: Garchomp|0 fnt
|-damage|p1b: Ceruledge|35/100|[from] ability: Rough Skin|[of] p2b: Garchomp
|faint|p2b: Garchomp
|
|win|TrainerRed86
