|j|☆Arnau3Kum
|j|☆dont make me walk
|html|Arnau3Kumdont make me walk    
|uhtml|bestof|Game 3 of a best-of-3
|t:|1756127195
|gametype|doubles
|player|p1|Arnau3Kum|265|1177
|player|p2|dont make me walk|red-masters3|1249
|gen|9
|tier|[Gen 9] VGC 2025 Reg H (Bo3)
|rated|
|rule|Species Clause: Limit one of each Pokémon
|rule|Item Clause: Limit 1 of each item
|clearpoke
|poke|p1|Gholdengo, L50|
|poke|p1|Sneasler, L50, F|
|poke|p1|Dragonite, L50, M|
|poke|p1|Talonflame, L50, M|
|poke|p1|Dondozo, L50, M|
|poke|p1|Tatsugiri, L50, M|
|poke|p2|Murkrow, L50, F|
|poke|p2|Ursaluna-Bloodmoon, L50, M|
|poke|p2|Gholdengo, L50|
|poke|p2|Farigiraf, L50, M|
|poke|p2|Incineroar, L50, M|
|poke|p2|Basculegion, L50, M|
|teampreview|4
|showteam|p1|Gholdengo||LifeOrb|GoodasGold|MakeItRain,ShadowBall,NastyPlot,Protect||||||50|,,,,,Steel]Sneasler||FocusSash|PoisonTouch|CloseCombat,DireClaw,FakeOut,Protect|||F|||50|,,,,,Stellar]Dragonite||AssaultVest|InnerFocus|ExtremeSpeed,TeraBlast,DragonClaw,LowKick|||M|||50|,,,,,Normal]Talonflame||SharpBeak|GaleWings|Tailwind,BraveBird,WillOWisp,Protect|||M|||50|,,,,,Ghost]Dondozo||Leftovers|Unaware|WaveCrash,Earthquake,OrderUp,Protect|||M|||50|,,,,,Grass]Tatsugiri||ChoiceScarf|Commander|MuddyWater,DracoMeteor,IcyWind,HydroPump|||M|||50|,,,,,Dragon
|showteam|p2|Murkrow||Eviolite|Prankster|Tailwind,FoulPlay,Haze,RainDance|||F|||50|,,,,,Ghost]Ursaluna-Bloodmoon||LifeOrb|MindsEye|Protect,EarthPower,HyperVoice,BloodMoon|||M|||50|,,,,,Normal]Gholdengo||ChoiceSpecs|GoodasGold|MakeItRain,ShadowBall,Thunderbolt,Trick||||||50|,,,,,Steel]Farigiraf||SafetyGoggles|ArmorTail|TrickRoom,Imprison,TeraBlast,Psychic|||M|||50|,,,,,Fighting]Incineroar||AssaultVest|Intimidate|FakeOut,KnockOff,FlareBlitz,Uturn|||M|||50|,,,,,Grass]Basculegion||ChoiceScarf|Adaptability|WaveCrash,LastRespects,FlipTurn,AquaJet|||M|||50|,,,,,Water
|inactive|Battle timer is ON: inactive players will automatically lose when time's up. (requested by dont make me walk)
|
|t:|1756127225
|teamsize|p1|4
|teamsize|p2|4
|start
|switch|p1a: Talonflame|Talonflame, L50, M|100/100
|switch|p1b: Dragonite|Dragonite, L50, M|100/100
|switch|p2a: Murkrow|Murkrow, L50, F, shiny|100/100
|switch|p2b: Basculegion|Basculegion, L50, M|100/100
|turn|1
|
|t:|1756127248
|move|p2b: Basculegion|Aqua Jet|p1a: Talonflame
|-supereffective|p1a: Talonflame
|-damage|p1a: Talonflame|12/100
|move|p1a: Talonflame|Will-O-Wisp|p2b: Basculegion
|-status|p2b: Basculegion|brn
|move|p1b: Dragonite|Dragon Claw|p2b: Basculegion
|-damage|p2b: Basculegion|40/100 brn
|move|p2a: Murkrow|Foul Play|p1b: Dragonite
|-damage|p1b: Dragonite|55/100
|
|-damage|p2b: Basculegion|34/100 brn|[from] brn
|upkeep
|turn|2
|
|t:|1756127266
|switch|p1a: Gholdengo|Gholdengo, L50|100/100
|move|p2b: Basculegion|Aqua Jet|p1a: Gholdengo
|-damage|p1a: Gholdengo|87/100
|move|p1b: Dragonite|Dragon Claw|p2a: Murkrow
|-damage|p2a: Murkrow|56/100
|move|p2a: Murkrow|Foul Play|p1b: Dragonite
|-damage|p1b: Dragonite|9/100
|
|-damage|p2b: Basculegion|28/100 brn|[from] brn
|upkeep
|turn|3
|
|t:|1756127287
|switch|p2b: Incineroar|Incineroar, L50, M, shiny|100/100
|-ability|p2b: Incineroar|Intimidate|boost
|-unboost|p1a: Gholdengo|atk|1
|-fail|p1b: Dragonite|unboost|Attack|[from] ability: Inner Focus|[of] p1b: Dragonite
|move|p1b: Dragonite|Extreme Speed|p2a: Murkrow
|-damage|p2a: Murkrow|24/100
|move|p2a: Murkrow|Tailwind|p2a: Murkrow
|-sidestart|p2: dont make me walk|move: Tailwind
|move|p1a: Gholdengo|Nasty Plot|p1a: Gholdengo
|-boost|p1a: Gholdengo|spa|2
|
|upkeep
|turn|4
|
|t:|1756127310
|-terastallize|p2a: Murkrow|Ghost
|move|p1a: Gholdengo|Protect|p1a: Gholdengo
|-singleturn|p1a: Gholdengo|Protect
|move|p1b: Dragonite|Extreme Speed|p2a: Murkrow
|-immune|p2a: Murkrow
|move|p2b: Incineroar|Flare Blitz|p1a: Gholdengo
|-activate|p1a: Gholdengo|move: Protect
|move|p2a: Murkrow|Foul Play|p1b: Dragonite
|-damage|p1b: Dragonite|0 fnt
|faint|p1b: Dragonite
|
|upkeep
|
|t:|1756127323
|switch|p1b: Sneasler|Sneasler, L50, F|100/100
|turn|5
|inactive|dont make me walk has 30 seconds left.
|
|t:|1756127357
|move|p1b: Sneasler|Fake Out|p2b: Incineroar
|-damage|p2b: Incineroar|85/100
|cant|p2b: Incineroar|flinch
|move|p2a: Murkrow|Foul Play|p1b: Sneasler
|-resisted|p1b: Sneasler
|-crit|p1b: Sneasler
|-damage|p1b: Sneasler|41/100
|move|p1a: Gholdengo|Make It Rain|p2b: Incineroar|[spread] p2a,p2b
|-resisted|p2b: Incineroar
|-damage|p2a: Murkrow|0 fnt
|-damage|p2b: Incineroar|42/100
|-unboost|p1a: Gholdengo|spa|1
|faint|p2a: Murkrow
|-damage|p1a: Gholdengo|78/100|[from] item: Life Orb
|
|upkeep
|
|t:|1756127370
|switch|p2a: Gholdengo|Gholdengo, L50|100/100
|turn|6
|
|t:|1756127380
|switch|p2b: Basculegion|Basculegion, L50, M|28/100 brn
|switch|p1b: Talonflame|Talonflame, L50, M|12/100
|move|p1a: Gholdengo|Protect|p1a: Gholdengo
|-singleturn|p1a: Gholdengo|Protect
|move|p2a: Gholdengo|Shadow Ball|p1a: Gholdengo
|-activate|p1a: Gholdengo|move: Protect
|
|-damage|p2b: Basculegion|22/100 brn|[from] brn
|-sideend|p2: dont make me walk|move: Tailwind
|upkeep
|turn|7
|
|t:|1756127402
|-terastallize|p1a: Gholdengo|Steel
|move|p2b: Basculegion|Aqua Jet|p1b: Talonflame
|-supereffective|p1b: Talonflame
|-damage|p1b: Talonflame|0 fnt
|faint|p1b: Talonflame
|move|p2a: Gholdengo|Shadow Ball|p1a: Gholdengo
|-damage|p1a: Gholdengo|5/100
|move|p1a: Gholdengo|Shadow Ball|p2a: Gholdengo
|-supereffective|p2a: Gholdengo
|-damage|p2a: Gholdengo|0 fnt
|faint|p2a: Gholdengo
|-damage|p1a: Gholdengo|0 fnt|[from] item: Life Orb
|faint|p1a: Gholdengo
|
|-damage|p2b: Basculegion|16/100 brn|[from] brn
|upkeep
|
|t:|1756127418
|switch|p1b: Sneasler|Sneasler, L50, F|41/100
|switch|p2a: Incineroar|Incineroar, L50, M, shiny|42/100
|-ability|p2a: Incineroar|Intimidate|boost
|-unboost|p1b: Sneasler|atk|1
|turn|8
|
|t:|1756127425
|move|p1b: Sneasler|Protect|p1b: Sneasler
|-singleturn|p1b: Sneasler|Protect
|move|p2a: Incineroar|Fake Out|p1b: Sneasler
|-activate|p1b: Sneasler|move: Protect
|move|p2b: Basculegion|Aqua Jet|p1b: Sneasler
|-activate|p1b: Sneasler|move: Protect
|
|-damage|p2b: Basculegion|10/100 brn|[from] brn
|upkeep
|turn|9
|
|t:|1756127436
|move|p2b: Basculegion|Aqua Jet|p1b: Sneasler
|-damage|p1b: Sneasler|15/100
|move|p1b: Sneasler|Close Combat|p2a: Incineroar
|-supereffective|p2a: Incineroar
|-damage|p2a: Incineroar|0 fnt
|-unboost|p1b: Sneasler|def|1
|-unboost|p1b: Sneasler|spd|1
|faint|p2a: Incineroar
|
|-damage|p2b: Basculegion|4/100 brn|[from] brn
|upkeep
|turn|10
|
|t:|1756127447
|move|p1b: Sneasler|Protect|p1b: Sneasler
|-singleturn|p1b: Sneasler|Protect
|move|p2b: Basculegion|Aqua Jet|p1b: Sneasler
|-activate|p1b: Sneasler|move: Protect
|
|-damage|p2b: Basculegion|0 fnt|[from] brn
|faint|p2b: Basculegion
|
|win|Arnau3Kum
|raw|Arnau3Kum's rating: 1177 → 1207(+30 for winning)
|raw|dont make me walk's rating: 1249 → 1219(-30 for losing)
|c|☆Arnau3Kum|gg
|c|☆dont make me walk|gg
