|j|☆palle synchro
|j|☆KrystalPrism
|html|palle synchroKrystalPrism    
|uhtml|bestof|Game 1 of a best-of-3
|t:|1783351195
|gametype|doubles
|player|p1|palle synchro|volkner|1057
|player|p2|KrystalPrism|palmer|1126
|gen|9
|tier|[Gen 9 Champions] VGC 2026 Reg M-B (Bo3)
|rated|
|rule|Species Clause: Limit one of each Pokémon
|rule|Item Clause: Limit 1 of each item
|clearpoke
|poke|p1|Swampert, L50, F|
|poke|p1|Pelipper, L50, M|
|poke|p1|Archaludon, L50, M|
|poke|p1|Venusaur, L50, M|
|poke|p1|Maushold-Four, L50|
|poke|p1|Gholdengo, L50|
|poke|p2|Slowbro, L50, M|
|poke|p2|Steelix, L50, F|
|poke|p2|Hydrapple, L50, M|
|poke|p2|Volcarona, L50, M|
|poke|p2|Scrafty, L50, F|
|poke|p2|Dragonite, L50, F, shiny|
|teampreview|4
|showteam|p1|Swampert||Swampertite|Torrent|WaveCrash,HighHorsepower,IcePunch,Protect|Adamant||F|||50|]Pelipper||SitrusBerry|Drizzle|WeatherBall,Hurricane,Tailwind,WideGuard|Modest||M|||50|]Archaludon||Leftovers|Stamina|ElectroShot,DragonPulse,FlashCannon,Protect|Calm||M|||50|]Venusaur||Venusaurite|Chlorophyll|GigaDrain,EarthPower,SludgeBomb,Protect|Modest||M|||50|]Maushold-Four||FocusSash|FriendGuard|FollowMe,SuperFang,RainDance,Protect|Timid|||||50|]Gholdengo||LifeOrb|GoodasGold|MakeItRain,ShadowBall,NastyPlot,Protect|Modest|||||50|
|showteam|p2|Slowbro||Slowbronite|Regenerator|CalmMind,MuddyWater,StoredPower,SlackOff|Modest||M|||50|]Steelix||LifeOrb|SheerForce|RockSlide,IronHead,HighHorsepower,WideGuard|Adamant||F|||50|]Hydrapple||YacheBerry|Regenerator|PollenPuff,GigaDrain,FickleBeam,Protect|Modest||M|||50|]Volcarona||SitrusBerry|FlameBody|RagePowder,HeatWave,Tailwind,Protect|Modest||M|||50|]Scrafty||BlackGlasses|Intimidate|FakeOut,KnockOff,CloseCombat,Protect|Adamant||F|||50|]Dragonite||MentalHerb|Multiscale|DragonDance,IceSpinner,RockSlide,ThunderPunch|Adamant||F|||50|
|inactive|Battle timer is ON: inactive players will automatically lose when time's up. (requested by KrystalPrism)
|inactive|palle synchro has 60 seconds left.
|
|t:|1783351255
|teamsize|p1|4
|teamsize|p2|4
|start
|switch|p1a: Pelipper|Pelipper, L50, M|100/100
|switch|p1b: Swampert|Swampert, L50, F|100/100
|switch|p2a: Hydrapple|Hydrapple, L50, M|100/100
|switch|p2b: Dragonite|Dragonite, L50, F, shiny|100/100
|-weather|RainDance|[from] ability: Drizzle|[of] p1a: Pelipper
|turn|1
|
|t:|1783351274
|switch|p1b: Archaludon|Archaludon, L50, M|100/100
|move|p2b: Dragonite|Thunder Punch|p1a: Pelipper
|-supereffective|p1a: Pelipper|2
|-damage|p1a: Pelipper|0 fnt
|faint|p1a: Pelipper
|move|p2a: Hydrapple|Giga Drain|p1b: Archaludon
|-resisted|p1b: Archaludon|2
|-damage|p1b: Archaludon|91/100
|-ability|p1b: Archaludon|Stamina|boost
|-boost|p1b: Archaludon|def|1
|
|-weather|RainDance|[upkeep]
|-heal|p1b: Archaludon|97/100|[from] item: Leftovers
|upkeep
|
|t:|1783351283
|switch|p1a: Maushold|Maushold-Four, L50|100/100
|turn|2
|
|t:|1783351299
|switch|p2b: Steelix|Steelix, L50, F|100/100
|switch|p2a: Slowbro|Slowbro, L50, M|100/100
|move|p1a: Maushold|Protect|p1a: Maushold
|-singleturn|p1a: Maushold|Protect
|move|p1b: Archaludon|Electro Shot||[still]
|-prepare|p1b: Archaludon|Electro Shot
|-boost|p1b: Archaludon|spa|1
|-anim|p1b: Archaludon|Electro Shot|p2b: Steelix
|-immune|p2b: Steelix
|
|-weather|RainDance|[upkeep]
|-heal|p1b: Archaludon|100/100|[from] item: Leftovers
|upkeep
|turn|3
|
|t:|1783351322
|switch|p1a: Swampert|Swampert, L50, F|100/100
|switch|p2a: Hydrapple|Hydrapple, L50, M|100/100
|move|p1b: Archaludon|Electro Shot||[still]
|-prepare|p1b: Archaludon|Electro Shot
|-boost|p1b: Archaludon|spa|1
|-anim|p1b: Archaludon|Electro Shot|p2a: Hydrapple
|-resisted|p2a: Hydrapple|2
|-damage|p2a: Hydrapple|79/100
|move|p2b: Steelix|Iron Head|p1a: Swampert
|-resisted|p1a: Swampert|1
|-damage|p1a: Swampert|68/100
|
|-weather|RainDance|[upkeep]
|upkeep
|turn|4
|
|t:|1783351341
|detailschange|p1a: Swampert|Swampert-Mega, L50, F
|-mega|p1a: Swampert|Swampert|Swampertite
|move|p1a: Swampert|Wave Crash|p2b: Steelix
|-supereffective|p2b: Steelix|1
|-damage|p2b: Steelix|0 fnt
|faint|p2b: Steelix
|-damage|p1a: Swampert|41/100|[from] Recoil
|move|p1b: Archaludon|Dragon Pulse|p2a: Hydrapple
|-supereffective|p2a: Hydrapple|1
|-damage|p2a: Hydrapple|0 fnt
|faint|p2a: Hydrapple
|
|-weather|RainDance|[upkeep]
|upkeep
|l|☆KrystalPrism
|inactive|KrystalPrism disconnected and has a minute to reconnect!
|player|p2|
|j|☆KrystalPrism
|inactive|KrystalPrism reconnected and has 35 seconds left.
|player|p2|KrystalPrism|palmer|
|inactive|KrystalPrism has 30 seconds left.
|
|t:|1783351371
|switch|p2a: Slowbro|Slowbro, L50, M|100/100
|switch|p2b: Dragonite|Dragonite, L50, F, shiny|100/100
|turn|5
|
|t:|1783351392
|detailschange|p2a: Slowbro|Slowbro-Mega, L50, M
|-mega|p2a: Slowbro|Slowbro|Slowbronite
|move|p1a: Swampert|Ice Punch|p2b: Dragonite
|-supereffective|p2b: Dragonite|2
|-damage|p2b: Dragonite|32/100
|move|p2b: Dragonite|Ice Spinner|p1b: Archaludon
|-damage|p1b: Archaludon|84/100
|-ability|p1b: Archaludon|Stamina|boost
|-boost|p1b: Archaludon|def|1
|move|p1b: Archaludon|Electro Shot||[still]
|-prepare|p1b: Archaludon|Electro Shot
|-boost|p1b: Archaludon|spa|1
|-anim|p1b: Archaludon|Electro Shot|p2a: Slowbro
|-supereffective|p2a: Slowbro|1
|-damage|p2a: Slowbro|0 fnt
|faint|p2a: Slowbro
|
|-weather|none
|-heal|p1b: Archaludon|91/100|[from] item: Leftovers
|upkeep
|turn|6
|
|t:|1783351405
|move|p2b: Dragonite|Rock Slide|p1b: Archaludon|[spread] p1a,p1b
|-resisted|p1a: Swampert|1
|-resisted|p1b: Archaludon|1
|-damage|p1a: Swampert|31/100
|-damage|p1b: Archaludon|87/100
|-ability|p1b: Archaludon|Stamina|boost
|-boost|p1b: Archaludon|def|1
|move|p1a: Swampert|Ice Punch|p2b: Dragonite
|-supereffective|p2b: Dragonite|2
|-damage|p2b: Dragonite|0 fnt
|faint|p2b: Dragonite
|
|win|palle synchro
