|j|☆69swagman
|j|☆Kalycgos
|html|69swagmanKalycgos    
|uhtml|bestof|Game 2 of a best-of-3
|t:|1785115896
|gametype|doubles
|player|p1|69swagman|1|1137
|player|p2|Kalycgos|shadowtriad|1149
|gen|9
|tier|[Gen 9 Champions] VGC 2026 Reg M-B (Bo3)
|rated|
|rule|Species Clause: Limit one of each Pokémon
|rule|Item Clause: Limit 1 of each item
|clearpoke
|poke|p1|Chesnaught, L50, M|
|poke|p1|Sinistcha, L50|
|poke|p1|Hydreigon, L50, F|
|poke|p1|Ceruledge, L50, M|
|poke|p1|Milotic, L50, M|
|poke|p1|Blastoise, L50, M|
|poke|p2|Garchomp, L50, M, shiny|
|poke|p2|Charizard, L50, F, shiny|
|poke|p2|Whimsicott, L50, F|
|poke|p2|Floette-Eternal, L50, F|
|poke|p2|Kingambit, L50, M|
|poke|p2|Basculegion, L50, M|
|teampreview|4
|showteam|p1|Chesnaught||Chesnaughtite|Bulletproof|BellyDrum,SeedBomb,DrainPunch,Protect|Relaxed||M|||50|]Sinistcha||SitrusBerry|Hospitality|MatchaGotcha,RagePowder,LifeDew,TrickRoom|Relaxed|||||50|]Hydreigon||ChoiceScarf|Levitate|Snarl,DracoMeteor,HeatWave,DarkPulse|Timid||F|||50|]Ceruledge||ColburBerry|FlashFire|BitterBlade,ShadowSneak,BulkUp,Protect|Adamant||M|||50|]Milotic||Leftovers|Competitive|Coil,Hypnosis,MuddyWater,Protect|Modest||M|||50|]Blastoise||Blastoisinite|Torrent|FakeOut,WaterSpout,DarkPulse,AuraSphere|Quiet||M|||50|
|showteam|p2|Garchomp||LifeOrb|RoughSkin|DragonClaw,Earthquake,RockSlide,Protect|Jolly||M|||50|]Charizard||CharizarditeY|Blaze|HeatWave,SolarBeam,AncientPower,Protect|Timid||F|||50|]Whimsicott||FocusSash|Prankster|Moonblast,Tailwind,Encore,Protect|Jolly||F|||50|]Floette-Eternal||Floettite|FlowerVeil|LightofRuin,Moonblast,DazzlingGleam,Protect|Timid||F|||50|]Kingambit||BlackGlasses|Defiant|KowtowCleave,SuckerPunch,LowKick,Protect|Adamant||M|||50|]Basculegion||MysticWater|Adaptability|LastRespects,WaveCrash,AquaJet,Protect|Jolly||M|||50|
|
|t:|1785115930
|teamsize|p1|4
|teamsize|p2|4
|start
|switch|p1a: Sinistcha|Sinistcha, L50|100/100
|switch|p1b: Blastoise|Blastoise, L50, M|100/100
|switch|p2a: Bard|Whimsicott, L50, F|100/100
|switch|p2b: Sage|Floette-Eternal, L50, F|100/100
|turn|1
|
|t:|1785115957
|detailschange|p2b: Sage|Floette-Mega, L50, F
|-mega|p2b: Sage|Floette|Floettite
|-ability|p2b: Sage|Fairy Aura
|detailschange|p1b: Blastoise|Blastoise-Mega, L50, M
|-mega|p1b: Blastoise|Blastoise|Blastoisinite
|move|p2a: Bard|Encore||[still]
|-fail|p2a: Bard
|move|p2b: Sage|Light of Ruin|p1b: Blastoise
|-damage|p1b: Blastoise|2/100
|-damage|p2b: Sage|39/100|[from] Recoil
|move|p1b: Blastoise|Water Spout|p2b: Sage|[spread] p2a,p2b
|-resisted|p2a: Bard|1
|-crit|p2b: Sage
|-damage|p2a: Bard|98/100
|-damage|p2b: Sage|37/100
|move|p1a: Sinistcha|Trick Room|p1a: Sinistcha
|-fieldstart|move: Trick Room|[of] p1a: Sinistcha
|
|upkeep
|turn|2
|
|t:|1785115986
|switch|p1b: Ceruledge|Ceruledge, L50, M|100/100
|move|p1a: Sinistcha|Rage Powder|p1a: Sinistcha
|-singleturn|p1a: Sinistcha|move: Rage Powder
|move|p2a: Bard|Encore||[still]
|-fail|p2a: Bard
|move|p2b: Sage|Moonblast|p1a: Sinistcha
|-damage|p1a: Sinistcha|29/100
|-enditem|p1a: Sinistcha|Sitrus Berry|[eat]
|-heal|p1a: Sinistcha|53/100|[from] item: Sitrus Berry
|
|upkeep
|turn|3
|
|t:|1785116004
|switch|p2a: Samurai|Kingambit, L50, M|100/100
|move|p1a: Sinistcha|Matcha Gotcha|p2a: Samurai|[spread] p2a,p2b
|-resisted|p2a: Samurai|1
|-damage|p2a: Samurai|88/100
|-heal|p1a: Sinistcha|60/100|[from] drain|[of] p2a: Samurai
|-damage|p2b: Sage|17/100
|-heal|p1a: Sinistcha|69/100|[from] drain|[of] p2b: Sage
|move|p1b: Ceruledge|Bitter Blade|p2a: Samurai
|-supereffective|p2a: Samurai|1
|-damage|p2a: Samurai|19/100
|move|p2b: Sage|Moonblast|p1a: Sinistcha
|-damage|p1a: Sinistcha|5/100
|
|upkeep
|turn|4
|
|t:|1785116023
|move|p2a: Samurai|Sucker Punch|p1b: Ceruledge
|-supereffective|p1b: Ceruledge|1
|-enditem|p1b: Ceruledge|Colbur Berry|[eat]
|-enditem|p1b: Ceruledge|Colbur Berry|[weaken]
|-damage|p1b: Ceruledge|50/100g
|move|p1a: Sinistcha|Matcha Gotcha|p2a: Samurai|[spread] p2b
|-miss|p1a: Sinistcha|p2a: Samurai
|-damage|p2b: Sage|0 fnt
|-heal|p1a: Sinistcha|12/100|[from] drain|[of] p2b: Sage
|faint|p2b: Sage
|move|p1b: Ceruledge|Bitter Blade|p2a: Samurai
|-supereffective|p2a: Samurai|1
|-damage|p2a: Samurai|0 fnt
|-heal|p1b: Ceruledge|61/100|[from] drain|[of] p2a: Samurai
|faint|p2a: Samurai
|
|upkeep
|
|t:|1785116029
|switch|p2a: Reaper|Basculegion, L50, M|100/100
|switch|p2b: Bard|Whimsicott, L50, F|98/100
|turn|5
|
|t:|1785116052
|move|p1b: Ceruledge|Shadow Sneak|p2a: Reaper
|-supereffective|p2a: Reaper|1
|-damage|p2a: Reaper|57/100
|move|p2a: Reaper|Aqua Jet|p1b: Ceruledge
|-supereffective|p1b: Ceruledge|1
|-damage|p1b: Ceruledge|2/100
|move|p1a: Sinistcha|Matcha Gotcha|p2b: Bard|[spread] p2a
|-miss|p1a: Sinistcha|p2b: Bard
|-supereffective|p2a: Reaper|1
|-damage|p2a: Reaper|3/100
|-heal|p1a: Sinistcha|42/100|[from] drain|[of] p2a: Reaper
|move|p2b: Bard|Moonblast|p1a: Sinistcha
|-damage|p1a: Sinistcha|21/100
|
|-fieldend|move: Trick Room
|upkeep
|turn|6
|
|t:|1785116076
|move|p2a: Reaper|Protect|p2a: Reaper
|-singleturn|p2a: Reaper|Protect
|move|p1a: Sinistcha|Rage Powder|p1a: Sinistcha
|-singleturn|p1a: Sinistcha|move: Rage Powder
|move|p2b: Bard|Moonblast|p1a: Sinistcha
|-damage|p1a: Sinistcha|0 fnt
|faint|p1a: Sinistcha
|move|p1b: Ceruledge|Bitter Blade|p2b: Bard
|-supereffective|p2b: Bard|1
|-damage|p2b: Bard|0 fnt
|-heal|p1b: Ceruledge|47/100|[from] drain|[of] p2b: Bard
|faint|p2b: Bard
|
|upkeep
|
|t:|1785116089
|switch|p1a: Milotic|Milotic, L50, M|100/100
|turn|7
|c|☆69swagman|g
|
|t:|1785116097
|move|p2a: Reaper|Aqua Jet|p1b: Ceruledge
|-supereffective|p1b: Ceruledge|1
|-damage|p1b: Ceruledge|0 fnt
|faint|p1b: Ceruledge
|move|p1a: Milotic|Coil|p1a: Milotic
|-boost|p1a: Milotic|atk|1
|-boost|p1a: Milotic|def|1
|-boost|p1a: Milotic|accuracy|1
|
|upkeep
|inactive|Battle timer is ON: inactive players will automatically lose when time's up. (requested by Kalycgos)
|c|☆Kalycgos|I didn't hear no bell lol
|inactive|69swagman has 60 seconds left.
|
|t:|1785116178
|switch|p1b: Blastoise|Blastoise-Mega, L50, M|2/100
|turn|8
|
|t:|1785116189
|move|p2a: Reaper|Last Respects|p1a: Milotic
|-damage|p1a: Milotic|36/100
|move|p1a: Milotic|Muddy Water|p2a: Reaper
|-resisted|p2a: Reaper|1
|-damage|p2a: Reaper|0 fnt
|faint|p2a: Reaper
|
|win|69swagman
|raw|69swagman's rating: 1137 → 1163(+26 for winning)
|raw|Kalycgos's rating: 1149 → 1123(-26 for losing)
|c|☆Kalycgos|gg
|l|☆69swagman
|player|p1|
|c|☆Kalycgos|gl next match
