|j|☆AGreatRobot
|j|☆influxxyyy
|html|AGreatRobotinfluxxyyy    
|uhtml|bestof|Game 2 of a best-of-3
|t:|1757103172
|gametype|doubles
|player|p1|AGreatRobot|wattson|
|player|p2|influxxyyy|miku-fire|
|gen|9
|tier|[Gen 9] VGC 2025 Reg H (Bo3)
|rule|Species Clause: Limit one of each Pokémon
|rule|Item Clause: Limit 1 of each item
|clearpoke
|poke|p1|Bisharp, L50, F|
|poke|p1|Clodsire, L50, F|
|poke|p1|Tatsugiri-Stretchy, L50, F|
|poke|p1|Murkrow, L50, F|
|poke|p1|Oranguru, L50, M|
|poke|p1|Weavile, L50, M|
|poke|p2|Dragalge, L50, F|
|poke|p2|Mimikyu, L50, F|
|poke|p2|Primarina, L50, F|
|poke|p2|Bisharp, L50, F|
|poke|p2|Grimmsnarl, L50, M|
|poke|p2|Scrafty, L50, F|
|teampreview|4
|showteam|p1|Bisharp||Eviolite|Defiant|IronHead,ThroatChop,SuckerPunch,Protect|||F|||50|,,,,,Water]Clodsire||SitrusBerry|WaterAbsorb|BodyPress,AfterYou,Stockpile,Yawn|||F|||50|,,,,,Grass]Tatsugiri-Stretchy||ChoiceSpecs|StormDrain|Surf,DracoMeteor,HydroPump,MuddyWater|||F|||50|,,,,,Water]Murkrow||FocusSash|Prankster|Tailwind,RainDance,Taunt,FoulPlay|||F|||50|,,,,,Ghost]Oranguru||SafetyGoggles|Telepathy|Instruct,TrickRoom,Protect,KnockOff|||M|||50|,,,,,Dark]Weavile||LifeOrb|Pressure|TripleAxel,KnockOff,FakeOut,Protect|||M|||50|,,,,,Ice
|showteam|p2|Dragalge||LifeOrb|Adaptability|Protect,SludgeBomb,DracoMeteor,TeraBlast|||F|||50|,,,,,Ground]Mimikyu||MentalHerb|Disguise|ShadowSneak,PlayRough,DestinyBond,TrickRoom|||F|||50|,,,,,Water]Primarina||FairyFeather|LiquidVoice|Protect,DazzlingGleam,Moonblast,HyperVoice|||F|||50|,,,,,Grass]Bisharp||Eviolite|Defiant|Protect,ThroatChop,SuckerPunch,SwordsDance|||F|||50|,,,,,Dark]Grimmsnarl||LightClay|Prankster|LightScreen,Reflect,FakeTears,SpiritBreak|||M|||50|,,,,,Ghost]Scrafty||SafetyGoggles|Intimidate|FakeOut,KnockOff,CloseCombat,Taunt|||F|||50|,,,,,Fairy
|inactive|Battle timer is ON: inactive players will automatically lose when time's up. (requested by influxxyyy)
|inactive|influxxyyy has 60 seconds left.
|
|t:|1757103222
|teamsize|p1|4
|teamsize|p2|4
|start
|switch|p1a: Just Keep Swimming|Tatsugiri-Stretchy, L50, F|100/100
|switch|p1b: Half a Murder|Murkrow, L50, F, shiny|100/100
|switch|p2a: Mimickyou|Mimikyu, L50, F, shiny|100/100
|switch|p2b: Shaggy|Scrafty, L50, F, shiny|100/100
|-ability|p2b: Shaggy|Intimidate|boost
|-unboost|p1a: Just Keep Swimming|atk|1
|-unboost|p1b: Half a Murder|atk|1
|turn|1
|inactive|AGreatRobot has 30 seconds left.
|inactive|influxxyyy has 30 seconds left.
|inactive|influxxyyy has 20 seconds left.
|inactive|influxxyyy has 15 seconds left.
|inactive|influxxyyy has 10 seconds left.
|
|t:|1757103269
|switch|p1a: fren :)|Clodsire, L50, F|100/100
|-terastallize|p1b: Half a Murder|Ghost
|move|p2b: Shaggy|Fake Out|p1a: fren :)
|-damage|p1a: fren :)|91/100
|move|p1b: Half a Murder|Foul Play|p2a: Mimickyou
|-activate|p2a: Mimickyou|ability: Disguise
|-damage|p2a: Mimickyou|100/100
|detailschange|p2a: Mimickyou|Mimikyu-Busted, L50, F, shiny
|-damage|p2a: Mimickyou|88/100|[from] pokemon: Mimikyu-Busted
|move|p2a: Mimickyou|Play Rough|p1a: fren :)
|-resisted|p1a: fren :)
|-damage|p1a: fren :)|76/100
|
|upkeep
|turn|2
|inactive|AGreatRobot has 30 seconds left.
|inactive|influxxyyy has 30 seconds left.
|
|t:|1757103295
|switch|p2a: Bishop|Bisharp, L50, F, shiny|100/100
|move|p1b: Half a Murder|Tailwind|p1b: Half a Murder
|-sidestart|p1: AGreatRobot|move: Tailwind
|move|p2b: Shaggy|Taunt|p1a: fren :)
|-start|p1a: fren :)|move: Taunt
|move|p1a: fren :)|Body Press|p2b: Shaggy
|-supereffective|p2b: Shaggy
|-damage|p2b: Shaggy|65/100
|
|upkeep
|turn|3
|inactive|influxxyyy has 30 seconds left.
|
|t:|1757103322
|switch|p1b: Just Keep Swimming|Tatsugiri-Stretchy, L50, F|100/100
|move|p2a: Bishop|Protect|p2a: Bishop
|-singleturn|p2a: Bishop|Protect
|move|p2b: Shaggy|Knock Off|p1a: fren :)
|-crit|p1a: fren :)
|-damage|p1a: fren :)|24/100
|-enditem|p1a: fren :)|Sitrus Berry|[from] move: Knock Off|[of] p2b: Shaggy
|move|p1a: fren :)|Body Press|p2a: Bishop
|-activate|p2a: Bishop|move: Protect
|
|upkeep
|turn|4
|inactive|influxxyyy has 30 seconds left.
|inactive|influxxyyy has 20 seconds left.
|
|t:|1757103357
|switch|p2b: Dragalgae|Dragalge, L50, F, shiny|100/100
|move|p1b: Just Keep Swimming|Surf|p2b: Dragalgae|[spread] p2a,p2b
|-heal|p1a: fren :)|49/100|[from] ability: Water Absorb|[of] p1b: Just Keep Swimming
|-resisted|p2b: Dragalgae
|-damage|p2a: Bishop|50/100
|-damage|p2b: Dragalgae|78/100
|move|p2a: Bishop|Throat Chop|p1a: fren :)
|-damage|p1a: fren :)|14/100
|-start|p1a: fren :)|Throat Chop|[silent]
|move|p1a: fren :)|Body Press|p2a: Bishop
|-supereffective|p2a: Bishop
|-damage|p2a: Bishop|3/100
|
|-end|p1a: fren :)|move: Taunt
|upkeep
|turn|5
|inactive|influxxyyy has 30 seconds left.
|inactive|AGreatRobot has 30 seconds left.
|
|t:|1757103389
|switch|p1b: Half a Murder|Murkrow, L50, F, shiny, tera:Ghost|100/100
|move|p2a: Bishop|Sucker Punch||[still]
|-fail|p2a: Bishop
|move|p2b: Dragalgae|Draco Meteor|p1b: Half a Murder
|-enditem|p1b: Half a Murder|Focus Sash
|-damage|p1b: Half a Murder|1/100
|-unboost|p2b: Dragalgae|spa|2
|-damage|p2b: Dragalgae|68/100|[from] item: Life Orb
|move|p1a: fren :)|Yawn|p2b: Dragalgae
|-start|p2b: Dragalgae|move: Yawn|[of] p1a: fren :)
|
|-end|p1a: fren :)|Throat Chop|[silent]
|-sideend|p1: AGreatRobot|move: Tailwind
|upkeep
|turn|6
|
|t:|1757103406
|switch|p2b: Shaggy|Scrafty, L50, F, shiny|65/100
|-ability|p2b: Shaggy|Intimidate|boost
|-unboost|p1a: fren :)|atk|1
|-unboost|p1b: Half a Murder|atk|1
|switch|p1a: Just Keep Swimming|Tatsugiri-Stretchy, L50, F|100/100
|move|p1b: Half a Murder|Tailwind|p1b: Half a Murder
|-sidestart|p1: AGreatRobot|move: Tailwind
|move|p2a: Bishop|Throat Chop|p1a: Just Keep Swimming
|-damage|p1a: Just Keep Swimming|31/100
|-start|p1a: Just Keep Swimming|Throat Chop|[silent]
|
|upkeep
|turn|7
|inactive|influxxyyy has 30 seconds left.
|
|t:|1757103437
|switch|p1a: Ice Ice Baby|Weavile, L50, M|100/100
|-ability|p1a: Ice Ice Baby|Pressure
|move|p2a: Bishop|Sucker Punch||[still]
|-fail|p2a: Bishop
|move|p1b: Half a Murder|Foul Play|p2a: Bishop
|-resisted|p2a: Bishop
|-damage|p2a: Bishop|0 fnt
|faint|p2a: Bishop
|move|p2b: Shaggy|Knock Off|p1b: Half a Murder
|-supereffective|p1b: Half a Murder
|-damage|p1b: Half a Murder|0 fnt
|faint|p1b: Half a Murder
|
|upkeep
|
|t:|1757103450
|switch|p1b: Just Keep Swimming|Tatsugiri-Stretchy, L50, F|31/100
|switch|p2a: Mimickyou|Mimikyu-Busted, L50, F, shiny|88/100
|turn|8
|
|t:|1757103480
|-terastallize|p2a: Mimickyou|Water
|move|p1a: Ice Ice Baby|Knock Off|p2a: Mimickyou
|-damage|p2a: Mimickyou|0 fnt
|-enditem|p2a: Mimickyou|Mental Herb|[from] move: Knock Off|[of] p1a: Ice Ice Baby
|faint|p2a: Mimickyou
|-damage|p1a: Ice Ice Baby|91/100|[from] item: Life Orb
|move|p1b: Just Keep Swimming|Draco Meteor|p2b: Shaggy
|-damage|p2b: Shaggy|0 fnt
|-unboost|p1b: Just Keep Swimming|spa|2
|faint|p2b: Shaggy
|
|upkeep
|
|t:|1757103490
|switch|p2b: Dragalgae|Dragalge, L50, F, shiny|68/100
|turn|9
|
|t:|1757103505
|move|p1a: Ice Ice Baby|Triple Axel|p2b: Dragalgae
|-supereffective|p2b: Dragalgae
|-damage|p2b: Dragalgae|35/100
|-supereffective|p2b: Dragalgae
|-damage|p2b: Dragalgae|0 fnt
|faint|p2b: Dragalgae
|-hitcount|p2: Dragalgae|2
|-damage|p1a: Ice Ice Baby|82/100|[from] item: Life Orb
|
|win|AGreatRobot
||influxxyyy is ready for game 3.
||AGreatRobot is ready for game 3.
|uhtml|next|Next: Game 3 of 3
|l|☆AGreatRobot
|player|p1|
|j|☆AGreatRobot
|player|p1|AGreatRobot|wattson|
|l|☆AGreatRobot
|player|p1|
