|j|☆EBnilla
|j|☆Chocozito
|html|EBnillaChocozito    
|uhtml|bestof|Game 3 of a best-of-3
|t:|1782328863
|gametype|doubles
|player|p1|EBnilla|backpacker|1141
|player|p2|Chocozito|cynthia-gen4|1156
|gen|9
|tier|[Gen 9 Champions] VGC 2026 Reg M-B (Bo3)
|rated|
|rule|Species Clause: Limit one of each Pokémon
|rule|Item Clause: Limit 1 of each item
|clearpoke
|poke|p1|Raichu, L50, M|
|poke|p1|Grimmsnarl, L50, M|
|poke|p1|Annihilape, L50, M|
|poke|p1|Sinistcha, L50|
|poke|p1|Ninetales-Alola, L50, M|
|poke|p1|Incineroar, L50, F|
|poke|p2|Whimsicott, L50, M|
|poke|p2|Staraptor, L50, M|
|poke|p2|Sinistcha, L50|
|poke|p2|Delphox, L50, F|
|poke|p2|Garchomp, L50, F|
|poke|p2|Kingambit, L50, M|
|teampreview|4
|showteam|p1|Raichu||RaichuniteY|LightningRod|ZapCannon,FakeOut,Encore,Protect|Serious||M|||50|]Grimmsnarl||LightClay|Prankster|SpiritBreak,Reflect,LightScreen,PartingShot|Relaxed||M|||50|]Annihilape||Leftovers|Defiant|RageFist,DrainPunch,BulkUp,Protect|Careful||M|||50|]Sinistcha||SitrusBerry|Hospitality|MatchaGotcha,RagePowder,GrassyTerrain,Protect|Calm|||||50|]Ninetales-Alola||FocusSash|SnowWarning|Moonblast,Blizzard,AuroraVeil,Protect|Timid||M|||50|]Incineroar||BlackGlasses|Intimidate|FlareBlitz,ThroatChop,FakeOut,PartingShot|Adamant||F|||50|
|showteam|p2|Whimsicott||FocusSash|Prankster|Moonblast,SunnyDay,Tailwind,Charm|Bold||M|||50|]Staraptor||Staraptite|Intimidate|CloseCombat,Protect,DualWingbeat,Roost|Adamant||M|||50|]Sinistcha||Leftovers|Hospitality|MatchaGotcha,StrengthSap,RagePowder,LifeDew|Bold|||||50|]Delphox||Delphoxite|Blaze|GrassKnot,Protect,Psychic,HeatWave|Timid||F|||50|]Garchomp||LifeOrb|RoughSkin|Earthquake,Protect,DragonClaw,RockSlide|Jolly||F|||50|]Kingambit||ChopleBerry|Defiant|Protect,KowtowCleave,IronHead,SuckerPunch|Adamant||M|||50|
|inactive|Battle timer is ON: inactive players will automatically lose when time's up. (requested by EBnilla)
|
|t:|1782328902
|teamsize|p1|4
|teamsize|p2|4
|start
|switch|p1a: Grimmsnarl|Grimmsnarl, L50, M|100/100
|switch|p1b: Annihilape|Annihilape, L50, M|100/100
|switch|p2a: Whimsicott|Whimsicott, L50, M|100/100
|switch|p2b: Staraptor|Staraptor, L50, M|100/100
|-ability|p2b: Staraptor|Intimidate|boost
|-unboost|p1a: Grimmsnarl|atk|1
|-unboost|p1b: Annihilape|atk|1
|-ability|p1b: Annihilape|Defiant|boost
|-boost|p1b: Annihilape|atk|2
|turn|1
|inactive|EBnilla has 30 seconds left.
|inactive|Chocozito has 30 seconds left.
|
|t:|1782328934
|detailschange|p2b: Staraptor|Staraptor-Mega, L50, M
|-mega|p2b: Staraptor|Staraptor|Staraptite
|move|p2a: Whimsicott|Charm|p2b: Staraptor
|-boost|p2b: Staraptor|atk|2
|move|p1a: Grimmsnarl|Reflect|p1a: Grimmsnarl
|-sidestart|p1: EBnilla|Reflect
|move|p2b: Staraptor|Close Combat|p1a: Grimmsnarl
|-damage|p1a: Grimmsnarl|5/100
|-boost|p2b: Staraptor|def|1
|-boost|p2b: Staraptor|spd|1
|move|p1b: Annihilape|Rage Fist|p2b: Staraptor
|-damage|p2b: Staraptor|82/100
|
|upkeep
|turn|2
|inactive|Chocozito has 30 seconds left.
|
|t:|1782328961
|move|p1a: Grimmsnarl|Light Screen|p1a: Grimmsnarl
|-sidestart|p1: EBnilla|move: Light Screen
|move|p2a: Whimsicott|Moonblast|p1a: Grimmsnarl
|-supereffective|p1a: Grimmsnarl|1
|-damage|p1a: Grimmsnarl|0 fnt
|faint|p1a: Grimmsnarl
|move|p2b: Staraptor|Dual Wingbeat|p1b: Annihilape
|-supereffective|p1b: Annihilape|1
|-damage|p1b: Annihilape|38/100
|-supereffective|p1b: Annihilape|1
|-damage|p1b: Annihilape|0 fnt
|faint|p1b: Annihilape
|-hitcount|p1: Annihilape|2
|
|upkeep
|
|t:|1782328963
|switch|p1b: Ninetales|Ninetales-Alola, L50, M|100/100
|switch|p1a: Incineroar|Incineroar, L50, F|100/100
|-weather|Snowscape|[from] ability: Snow Warning|[of] p1b: Ninetales
|-ability|p1a: Incineroar|Intimidate|boost
|-unboost|p2a: Whimsicott|atk|1
|-boost|p2b: Staraptor|atk|1
|turn|3
|
|t:|1782328981
|move|p2b: Staraptor|Protect|p2b: Staraptor
|-singleturn|p2b: Staraptor|Protect
|move|p1a: Incineroar|Fake Out|p2a: Whimsicott
|-damage|p2a: Whimsicott|86/100
|cant|p2a: Whimsicott|flinch
|move|p1b: Ninetales|Blizzard|p2b: Staraptor|[spread] p2a
|-activate|p2b: Staraptor|move: Protect
|-supereffective|p2a: Whimsicott|1
|-damage|p2a: Whimsicott|0 fnt
|faint|p2a: Whimsicott
|
|-weather|Snowscape|[upkeep]
|upkeep
|
|t:|1782328995
|switch|p2a: Kingambit|Kingambit, L50, M|100/100
|turn|4
|
|t:|1782329008
|move|p1b: Ninetales|Moonblast|p2b: Staraptor
|-supereffective|p2b: Staraptor|1
|-damage|p2b: Staraptor|35/100
|move|p2b: Staraptor|Close Combat|p1a: Incineroar
|-supereffective|p1a: Incineroar|1
|-damage|p1a: Incineroar|0 fnt
|-boost|p2b: Staraptor|def|1
|-boost|p2b: Staraptor|spd|1
|faint|p1a: Incineroar
|move|p2a: Kingambit|Iron Head|p1b: Ninetales
|-supereffective|p1b: Ninetales|2
|-enditem|p1b: Ninetales|Focus Sash
|-damage|p1b: Ninetales|1/100
|
|-weather|Snowscape|[upkeep]
|upkeep
|turn|5
|-message|EBnilla forfeited.
|
|win|Chocozito
|raw|EBnilla's rating: 1141 → 1117(-24 for losing)
|raw|Chocozito's rating: 1156 → 1180(+24 for winning)
|c|☆Chocozito|gg
|l|☆EBnilla
|player|p1|
