|j|☆it's jtam
|j|☆Clankerboys123
|html|it's jtamClankerboys123    
|uhtml|bestof|Game 1 of a best-of-3
|t:|1757903680
|gametype|doubles
|player|p1|it's jtam|265|1127
|player|p2|Clankerboys123|170|1104
|gen|9
|tier|[Gen 9] VGC 2025 Reg H (Bo3)
|rated|
|rule|Species Clause: Limit one of each Pokémon
|rule|Item Clause: Limit 1 of each item
|clearpoke
|poke|p1|Dragonite, L50, F|
|poke|p1|Amoonguss, L50, F|
|poke|p1|Ursaluna, L50, F|
|poke|p1|Gholdengo, L50|
|poke|p1|Tauros-Paldea-Aqua, L50, M|
|poke|p1|Pelipper, L50, F|
|poke|p2|Primarina, L50, M|
|poke|p2|Garchomp, L50, F|
|poke|p2|Mandibuzz, L50, F|
|poke|p2|Tyranitar, L50, M|
|poke|p2|Sneasler, L50, F|
|poke|p2|Indeedee-F, L50, F|
|teampreview|4
|showteam|p1|Dragonite||LoadedDice|Multiscale|ExtremeSpeed,ScaleShot,Tailwind,Protect|||F|||50|,,,,,Normal]Amoonguss||RockyHelmet|Regenerator|Spore,SludgeBomb,RagePowder,Protect|||F|||50|,,,,,Dark]Ursaluna||FlameOrb|Guts|Facade,HeadlongRush,Earthquake,Protect|||F|||50|,,,,,Ghost]Gholdengo||ChoiceSpecs|GoodasGold|MakeItRain,ShadowBall,PowerGem,Trick||||||50|,,,,,Dragon]Tauros-Paldea-Aqua||ClearAmulet|Intimidate|CloseCombat,WaveCrash,AquaJet,Protect|||M|||50|,,,,,Steel]Pelipper||CovertCloak|Drizzle|Hurricane,WeatherBall,WideGuard,Tailwind|||F|||50|,,,,,Ghost
|showteam|p2|Primarina||ThroatSpray|LiquidVoice|HyperVoice,Moonblast,Protect,Haze|||M|||50|,,,,,Poison]Garchomp||ClearAmulet|RoughSkin|Protect,SwordsDance,Earthquake,DragonClaw|||F|||50|,,,,,Steel]Mandibuzz||Leftovers|Overcoat|FoulPlay,Snarl,Tailwind,Protect|||F|||50|,,,,,Ghost]Tyranitar||AssaultVest|SandStream|RockSlide,LowKick,TeraBlast,KnockOff|||M|||50|,,,,,Flying]Sneasler||PsychicSeed|Unburden|ThroatChop,CloseCombat,DireClaw,Protect|||F|||50|,,,,,Dark]Indeedee-F||RockyHelmet|PsychicSurge|FollowMe,DazzlingGleam,Psychic,HelpingHand|||F|||50|,,,,,Fairy
|
|t:|1757903743
|teamsize|p1|4
|teamsize|p2|4
|start
|switch|p1a: Dragonite|Dragonite, L50, F|100/100
|switch|p1b: Ursaluna|Ursaluna, L50, F|100/100
|switch|p2a: Indeedee|Indeedee-F, L50, F|100/100
|switch|p2b: Garchomp|Garchomp, L50, F|100/100
|-fieldstart|move: Psychic Terrain|[from] ability: Psychic Surge|[of] p2a: Indeedee
|turn|1
|
|t:|1757903778
|move|p2b: Garchomp|Protect|p2b: Garchomp
|-singleturn|p2b: Garchomp|Protect
|move|p1a: Dragonite|Scale Shot|p2a: Indeedee
|-damage|p2a: Indeedee|86/100
|-damage|p2a: Indeedee|73/100
|-crit|p2a: Indeedee
|-damage|p2a: Indeedee|52/100
|-damage|p2a: Indeedee|37/100
|-hitcount|p2a: Indeedee|4
|-unboost|p1a: Dragonite|def|1
|-boost|p1a: Dragonite|spe|1
|move|p2a: Indeedee|Dazzling Gleam|p1b: Ursaluna|[spread] p1a,p1b
|-supereffective|p1a: Dragonite
|-damage|p1a: Dragonite|87/100
|-damage|p1b: Ursaluna|89/100
|move|p1b: Ursaluna|Earthquake|p2a: Indeedee|[spread] p2a
|-activate|p2b: Garchomp|move: Protect
|-immune|p1a: Dragonite
|-damage|p2a: Indeedee|0 fnt
|faint|p2a: Indeedee
|
|-status|p1b: Ursaluna|brn|[from] item: Flame Orb
|upkeep
|
|t:|1757903786
|switch|p2a: Mandibuzz|Mandibuzz, L50, F|100/100
|turn|2
|
|t:|1757903810
|-terastallize|p2a: Mandibuzz|Ghost
|move|p1a: Dragonite|Tailwind|p1a: Dragonite
|-sidestart|p1: it's jtam|move: Tailwind
|move|p1b: Ursaluna|Facade|p2a: Mandibuzz
|-immune|p2a: Mandibuzz
|move|p2b: Garchomp|Dragon Claw|p1a: Dragonite
|-supereffective|p1a: Dragonite
|-damage|p1a: Dragonite|0 fnt
|faint|p1a: Dragonite
|move|p2a: Mandibuzz|Foul Play|p1b: Ursaluna
|-damage|p1b: Ursaluna|44/100 brn
|
|-damage|p1b: Ursaluna|38/100 brn|[from] brn
|upkeep
|
|t:|1757903831
|switch|p1a: Tauros|Tauros-Paldea-Aqua, L50, M|100/100
|-ability|p1a: Tauros|Intimidate|boost
|-unboost|p2a: Mandibuzz|atk|1
|-fail|p2b: Garchomp|unboost|[from] item: Clear Amulet|[of] p2b: Garchomp
|turn|3
|
|t:|1757903869
|move|p2b: Garchomp|Protect|p2b: Garchomp
|-singleturn|p2b: Garchomp|Protect
|move|p1a: Tauros|Wave Crash|p2b: Garchomp
|-activate|p2b: Garchomp|move: Protect
|move|p1b: Ursaluna|Headlong Rush|p2a: Mandibuzz
|-damage|p2a: Mandibuzz|26/100
|-unboost|p1b: Ursaluna|def|1
|-unboost|p1b: Ursaluna|spd|1
|move|p2a: Mandibuzz|Foul Play|p1b: Ursaluna
|-damage|p1b: Ursaluna|0 fnt
|faint|p1b: Ursaluna
|
|-heal|p2a: Mandibuzz|32/100|[from] item: Leftovers
|upkeep
|
|t:|1757903882
|switch|p1b: Gholdengo|Gholdengo, L50|100/100
|turn|4
|
|t:|1757903923
|move|p1b: Gholdengo|Shadow Ball|p2a: Mandibuzz
|-supereffective|p2a: Mandibuzz
|-damage|p2a: Mandibuzz|0 fnt
|faint|p2a: Mandibuzz
|move|p1a: Tauros|Wave Crash|p2b: Garchomp
|-damage|p2b: Garchomp|35/100
|-damage|p1a: Tauros|88/100|[from] ability: Rough Skin|[of] p2b: Garchomp
|-damage|p1a: Tauros|64/100|[from] Recoil
|move|p2b: Garchomp|Earthquake|p1a: Tauros|[spread] p1a,p1b
|-supereffective|p1b: Gholdengo
|-damage|p1a: Tauros|20/100
|-damage|p1b: Gholdengo|20/100
|
|upkeep
|
|t:|1757903935
|switch|p2a: Tyranitar|Tyranitar, L50, M|100/100
|-weather|Sandstorm|[from] ability: Sand Stream|[of] p2a: Tyranitar
|turn|5
|
|t:|1757903957
|move|p1b: Gholdengo|Shadow Ball|p2b: Garchomp
|-crit|p2b: Garchomp
|-damage|p2b: Garchomp|0 fnt
|faint|p2b: Garchomp
|move|p1a: Tauros|Close Combat|p2a: Tyranitar
|-supereffective|p2a: Tyranitar
|-damage|p2a: Tyranitar|0 fnt
|-unboost|p1a: Tauros|def|1
|-unboost|p1a: Tauros|spd|1
|faint|p2a: Tyranitar
|
|win|it's jtam
|inactive|it's jtam has 30 seconds to confirm battle start!
|inactive|Clankerboys123 has 30 seconds to confirm battle start!
||Clankerboys123 is ready for game 2.
||it's jtam is ready for game 2.
|uhtml|next|Next: Game 2 of 3
