|j|☆25th_mang
|j|☆jngldiff
|html|25th_mangjngldiff    
|uhtml|bestof|Game 1 of a best-of-3
|t:|1756630104
|gametype|doubles
|player|p1|25th_mang|ballguy|1127
|player|p2|jngldiff|169|1173
|gen|9
|tier|[Gen 9] VGC 2025 Reg H (Bo3)
|rated|
|rule|Species Clause: Limit one of each Pokémon
|rule|Item Clause: Limit 1 of each item
|clearpoke
|poke|p1|Pelipper, L50, F|
|poke|p1|Archaludon, L50, F|
|poke|p1|Quaquaval, L50, F|
|poke|p1|Kingambit, L50, F|
|poke|p1|Rillaboom, L50, F|
|poke|p1|Dragapult, L50, F|
|poke|p2|Sneasler, L50, F|
|poke|p2|Dragonite, L50, M|
|poke|p2|Rillaboom, L50, M|
|poke|p2|Basculegion, L50, M|
|poke|p2|Volcarona, L50, M|
|poke|p2|Kingambit, L50, F|
|teampreview|4
|showteam|p1|Pelipper||ChoiceScarf|Drizzle|Hurricane,WeatherBall,Tailwind,Uturn|||F|||50|,,,,,Ghost]Archaludon||ChoiceSpecs|Sturdy|ElectroShot,FlashCannon,DracoMeteor,DragonPulse|||F|||50|,,,,,Electric]Quaquaval||FocusSash|Moxie|AquaStep,UpperHand,CloseCombat,Protect|||F|||50|,,,,,Water]Kingambit||BlackGlasses|Defiant|KowtowCleave,SuckerPunch,IronHead,Protect|||F|||50|,,,,,Dark]Rillaboom||AssaultVest|GrassySurge|FakeOut,WoodHammer,GrassyGlide,Uturn|||F|||50|,,,,,Fire]Dragapult||ChoiceBand|ClearBody|DragonDarts,Outrage,PhantomForce,Uturn|||F|||50|,,,,,Dragon
|showteam|p2|Sneasler||FocusSash|Unburden|CloseCombat,DireClaw,Coaching,Protect|||F|||50|,,,,,Ghost]Dragonite||LoadedDice|Multiscale|ScaleShot,ExtremeSpeed,Haze,Protect|||M|||50|,,,,,Fairy]Rillaboom||MiracleSeed|GrassySurge|WoodHammer,GrassyGlide,Taunt,FakeOut|||M|||50|,,,,,Fire]Basculegion||ChoiceScarf|Adaptability|WaveCrash,FlipTurn,LastRespects,AquaJet|||M|||50|,,,,,Water]Volcarona||CovertCloak|FlameBody|HeatWave,TeraBlast,QuiverDance,Protect|||M|||50|,,,,,Fairy]Kingambit||AssaultVest|Defiant|KowtowCleave,SuckerPunch,IronHead,LowKick|||F|||50|,,,,,Dragon
|inactive|Battle timer is ON: inactive players will automatically lose when time's up. (requested by 25th_mang)
|inactive|25th_mang has 60 seconds left.
|inactive|jngldiff has 60 seconds left.
|inactive|25th_mang has 30 seconds left.
|inactive|jngldiff has 30 seconds left.
|inactive|jngldiff has 20 seconds left.
|
|t:|1756630175
|teamsize|p1|4
|teamsize|p2|4
|start
|switch|p1a: dahyun|Pelipper, L50, F|100/100
|switch|p1b: jeongsachaeng|Dragapult, L50, F, shiny|100/100
|switch|p2a: Rillaboom|Rillaboom, L50, M|100/100
|switch|p2b: Sneasler|Sneasler, L50, F|100/100
|-weather|RainDance|[from] ability: Drizzle|[of] p1a: dahyun
|-fieldstart|move: Grassy Terrain|[from] ability: Grassy Surge|[of] p2a: Rillaboom
|turn|1
|inactive|25th_mang has 30 seconds left.
|inactive|jngldiff has 30 seconds left.
|inactive|25th_mang has 20 seconds left.
|
|t:|1756630212
|-terastallize|p1a: dahyun|Ghost
|move|p2a: Rillaboom|Grassy Glide|p1a: dahyun
|-damage|p1a: dahyun|41/100
|move|p1b: jeongsachaeng|Dragon Darts|p2a: Rillaboom
|-damage|p2a: Rillaboom|61/100
|-anim|p1b: jeongsachaeng|Dragon Darts|p2b: Sneasler
|-damage|p2b: Sneasler|33/100
|move|p1a: dahyun|Weather Ball|p2b: Sneasler
|-damage|p2b: Sneasler|0 fnt
|faint|p2b: Sneasler
|
|-weather|RainDance|[upkeep]
|-heal|p1a: dahyun|47/100|[from] Grassy Terrain
|-heal|p2a: Rillaboom|67/100|[from] Grassy Terrain
|upkeep
|
|t:|1756630225
|switch|p2b: Kingambit|Kingambit, L50, F|100/100
|turn|2
|
|t:|1756630243
|switch|p1b: tzuyu|Archaludon, L50, F, shiny|100/100
|move|p2a: Rillaboom|Grassy Glide|p1a: dahyun
|-damage|p1a: dahyun|0 fnt
|faint|p1a: dahyun
|move|p2b: Kingambit|Kowtow Cleave|p1b: tzuyu
|-damage|p1b: tzuyu|58/100
|
|-weather|RainDance|[upkeep]
|-heal|p1b: tzuyu|64/100|[from] Grassy Terrain
|-heal|p2a: Rillaboom|73/100|[from] Grassy Terrain
|upkeep
|
|t:|1756630251
|switch|p1a: momo|Quaquaval, L50, F, shiny|100/100
|turn|3
|inactive|jngldiff has 30 seconds left.
|
|t:|1756630279
|-terastallize|p2b: Kingambit|Dragon
|move|p1a: momo|Upper Hand||[still]
|-fail|p1a: momo
|move|p1b: tzuyu|Electro Shot||[still]
|-prepare|p1b: tzuyu|Electro Shot
|-boost|p1b: tzuyu|spa|1
|-anim|p1b: tzuyu|Electro Shot|p2b: Kingambit
|-resisted|p2b: Kingambit
|-damage|p2b: Kingambit|65/100
|move|p2a: Rillaboom|Wood Hammer|p1a: momo
|-supereffective|p1a: momo
|-enditem|p1a: momo|Focus Sash
|-damage|p1a: momo|1/100
|-damage|p2a: Rillaboom|47/100|[from] Recoil
|move|p2b: Kingambit|Low Kick|p1b: tzuyu
|-supereffective|p1b: tzuyu
|-damage|p1b: tzuyu|13/100
|
|-weather|RainDance|[upkeep]
|-heal|p1a: momo|7/100|[from] Grassy Terrain
|-heal|p1b: tzuyu|19/100|[from] Grassy Terrain
|-heal|p2a: Rillaboom|53/100|[from] Grassy Terrain
|-heal|p2b: Kingambit|71/100|[from] Grassy Terrain
|upkeep
|turn|4
|inactive|25th_mang has 30 seconds left.
|inactive|jngldiff has 30 seconds left.
|inactive|25th_mang has 20 seconds left.
|inactive|jngldiff has 20 seconds left.
|inactive|25th_mang has 15 seconds left.
|inactive|jngldiff has 15 seconds left.
|inactive|25th_mang has 10 seconds left.
|
|t:|1756630326
|move|p1a: momo|Upper Hand||[still]
|-fail|p1a: momo
|move|p1b: tzuyu|Electro Shot||[still]
|-prepare|p1b: tzuyu|Electro Shot
|-boost|p1b: tzuyu|spa|1
|-anim|p1b: tzuyu|Electro Shot|p2b: Kingambit
|-resisted|p2b: Kingambit
|-damage|p2b: Kingambit|21/100
|move|p2a: Rillaboom|Wood Hammer|p1a: momo
|-supereffective|p1a: momo
|-damage|p1a: momo|0 fnt
|faint|p1a: momo
|-damage|p2a: Rillaboom|51/100|[from] Recoil
|move|p2b: Kingambit|Kowtow Cleave|p1b: tzuyu
|-damage|p1b: tzuyu|0 fnt
|faint|p1b: tzuyu
|
|-weather|RainDance|[upkeep]
|-heal|p2a: Rillaboom|57/100|[from] Grassy Terrain
|-heal|p2b: Kingambit|27/100|[from] Grassy Terrain
|upkeep
|
|t:|1756630336
|switch|p1b: jeongsachaeng|Dragapult, L50, F, shiny|100/100
|turn|5
|
|t:|1756630350
|move|p2a: Rillaboom|Grassy Glide|p1b: jeongsachaeng
|-resisted|p1b: jeongsachaeng
|-damage|p1b: jeongsachaeng|70/100
|move|p2b: Kingambit|Sucker Punch|p1b: jeongsachaeng
|-supereffective|p1b: jeongsachaeng
|-damage|p1b: jeongsachaeng|0 fnt
|faint|p1b: jeongsachaeng
|
|win|jngldiff
|l|☆25th_mang
|player|p1|
||jngldiff is ready for game 2.
||25th_mang is ready for game 2.
|uhtml|next|Next: Game 2 of 3
