|j|☆Picoti
|j|☆ToastedArt
|html|PicotiToastedArt    
|uhtml|bestof|Game 1 of a best-of-3
|t:|1785636553
|gametype|doubles
|player|p1|Picoti|170|1100
|player|p2|ToastedArt|iris|1105
|gen|9
|tier|[Gen 9 Champions] VGC 2026 Reg M-B (Bo3)
|rated|
|rule|Species Clause: Limit one of each Pokémon
|rule|Item Clause: Limit 1 of each item
|clearpoke
|poke|p1|Araquanid, L50, M|
|poke|p1|Farigiraf, L50, F|
|poke|p1|Camerupt, L50, F|
|poke|p1|Heliolisk, L50, M|
|poke|p1|Victreebel, L50, F|
|poke|p1|Mimikyu, L50, F|
|poke|p2|Staraptor, L50, M|
|poke|p2|Gholdengo, L50|
|poke|p2|Incineroar, L50, F|
|poke|p2|Sinistcha, L50|
|poke|p2|Arcanine-Hisui, L50, F|
|poke|p2|Ninetales-Alola, L50, F|
|teampreview|4
|showteam|p1|Araquanid||MysticWater|WaterBubble|WideGuard,Liquidation,LeechLife,Protect|Brave||M|||50|]Farigiraf||SitrusBerry|ArmorTail|TwinBeam,Thunderbolt,TrickRoom,Protect|Calm||F|||50|]Camerupt||Cameruptite|MagmaArmor|HeatWave,AncientPower,EarthPower,Protect|Quiet||F|||50|]Heliolisk||IronBall|DrySkin|DragonPulse,AllySwitch,Thunderbolt,Protect|Quiet||M|||50|]Victreebel||Victreebelite|Chlorophyll|SludgeBomb,EnergyBall,SleepPowder,StrengthSap|Modest||F|||50|]Mimikyu||MentalHerb|Disguise|ShadowClaw,TrickRoom,DrainPunch,PlayRough|Brave||F|||50|
|showteam|p2|Staraptor||Staraptite|Intimidate|CloseCombat,DualWingbeat,Tailwind,Protect|Jolly||M|||50|]Gholdengo||LifeOrb|GoodasGold|MakeItRain,ShadowBall,NastyPlot,Protect|Modest|||||50|]Incineroar||SitrusBerry|Intimidate|PartingShot,FlareBlitz,ThroatChop,FakeOut|Careful||F|||50|]Sinistcha||ColburBerry|Hospitality|MatchaGotcha,RagePowder,TrickRoom,Protect|Relaxed|||||50|]Arcanine-Hisui||FocusSash|RockHead|FlareBlitz,HeadSmash,ExtremeSpeed,Protect|Jolly||F|||50|]Ninetales-Alola||NeverMeltIce|SnowWarning|Blizzard,FreezeDry,Encore,Protect|Timid||F|||50|
|inactive|Battle timer is ON: inactive players will automatically lose when time's up. (requested by ToastedArt)
|inactive|ToastedArt has 60 seconds left.
|
|t:|1785636607
|teamsize|p1|4
|teamsize|p2|4
|start
|switch|p1a: Farigiraf|Farigiraf, L50, F|100/100
|switch|p1b: Camerupt|Camerupt, L50, F|100/100
|switch|p2a: Staraptor|Staraptor, L50, M|100/100
|switch|p2b: Incineroar|Incineroar, L50, F|100/100
|-ability|p2a: Staraptor|Intimidate|boost
|-unboost|p1a: Farigiraf|atk|1
|-unboost|p1b: Camerupt|atk|1
|-ability|p2b: Incineroar|Intimidate|boost
|-unboost|p1a: Farigiraf|atk|1
|-unboost|p1b: Camerupt|atk|1
|turn|1
|
|t:|1785636631
|detailschange|p2a: Staraptor|Staraptor-Mega, L50, M
|-mega|p2a: Staraptor|Staraptor|Staraptite
|detailschange|p1b: Camerupt|Camerupt-Mega, L50, F
|-mega|p1b: Camerupt|Camerupt|Cameruptite
|move|p2a: Staraptor|Close Combat|p1a: Farigiraf
|-damage|p1a: Farigiraf|52/100
|-boost|p2a: Staraptor|def|1
|-boost|p2a: Staraptor|spd|1
|move|p2b: Incineroar|Parting Shot|p1b: Camerupt
|-unboost|p1b: Camerupt|atk|1
|-unboost|p1b: Camerupt|spa|1
|
|t:|1785636643
|switch|p2b: Sinistcha|Sinistcha, L50|100/100|[from] Parting Shot
|move|p1b: Camerupt|Ancient Power|p2a: Staraptor
|-damage|p2a: Staraptor|85/100
|move|p1a: Farigiraf|Trick Room|p1a: Farigiraf
|-fieldstart|move: Trick Room|[of] p1a: Farigiraf
|
|upkeep
|turn|2
|
|t:|1785636655
|switch|p1b: Mimikyu|Mimikyu, L50, F|100/100
|switch|p2b: Incineroar|Incineroar, L50, F|100/100
|-ability|p2b: Incineroar|Intimidate|boost
|-unboost|p1a: Farigiraf|atk|1
|-unboost|p1b: Mimikyu|atk|1
|move|p1a: Farigiraf|Twin Beam|p2a: Staraptor
|-supereffective|p2a: Staraptor|1
|-damage|p2a: Staraptor|63/100
|-supereffective|p2a: Staraptor|1
|-damage|p2a: Staraptor|42/100
|-hitcount|p2a: Staraptor|2
|move|p2a: Staraptor|Close Combat|p1a: Farigiraf
|-damage|p1a: Farigiraf|1/100
|-boost|p2a: Staraptor|def|1
|-boost|p2a: Staraptor|spd|1
|-enditem|p1a: Farigiraf|Sitrus Berry|[eat]
|-heal|p1a: Farigiraf|26/100|[from] item: Sitrus Berry
|
|upkeep
|turn|3
|
|t:|1785636673
|switch|p2b: Sinistcha|Sinistcha, L50|100/100
|-heal|p2a: Staraptor|67/100|[from] ability: Hospitality|[of] p2b: Sinistcha
|switch|p1b: Araquanid|Araquanid, L50, M|100/100
|move|p2a: Staraptor|Protect|p2a: Staraptor
|-singleturn|p2a: Staraptor|Protect
|move|p1a: Farigiraf|Twin Beam|p2a: Staraptor
|-activate|p2a: Staraptor|move: Protect
|
|upkeep
|turn|4
|
|t:|1785636688
|move|p2b: Sinistcha|Rage Powder|p2b: Sinistcha
|-singleturn|p2b: Sinistcha|move: Rage Powder
|move|p1b: Araquanid|Liquidation|p2b: Sinistcha
|-resisted|p2b: Sinistcha|1
|-damage|p2b: Sinistcha|64/100
|-unboost|p2b: Sinistcha|def|1
|move|p1a: Farigiraf|Twin Beam|p2b: Sinistcha
|-damage|p2b: Sinistcha|49/100
|-damage|p2b: Sinistcha|34/100
|-hitcount|p2b: Sinistcha|2
|move|p2a: Staraptor|Dual Wingbeat|p1b: Araquanid
|-supereffective|p1b: Araquanid|1
|-damage|p1b: Araquanid|52/100
|-supereffective|p1b: Araquanid|1
|-damage|p1b: Araquanid|7/100
|-hitcount|p1b: Araquanid|2
|
|upkeep
|turn|5
|
|t:|1785636707
|switch|p2b: Incineroar|Incineroar, L50, F|100/100
|-ability|p2b: Incineroar|Intimidate|boost
|-unboost|p1a: Farigiraf|atk|1
|-unboost|p1b: Araquanid|atk|1
|move|p1b: Araquanid|Liquidation|p2b: Incineroar
|-supereffective|p2b: Incineroar|1
|-damage|p2b: Incineroar|0 fnt
|faint|p2b: Incineroar
|move|p1a: Farigiraf|Twin Beam|p2a: Staraptor
|-supereffective|p2a: Staraptor|1
|-crit|p2a: Staraptor
|-damage|p2a: Staraptor|20/100y
|-supereffective|p2a: Staraptor|1
|-damage|p2a: Staraptor|3/100
|-hitcount|p2a: Staraptor|2
|move|p2a: Staraptor|Close Combat|p1a: Farigiraf
|-damage|p1a: Farigiraf|0 fnt
|-boost|p2a: Staraptor|def|1
|-boost|p2a: Staraptor|spd|1
|faint|p1a: Farigiraf
|
|-fieldend|move: Trick Room
|upkeep
|
|t:|1785636721
|switch|p2b: Sinistcha|Sinistcha, L50|34/100
|switch|p1a: Mimikyu|Mimikyu, L50, F|100/100
|-heal|p2a: Staraptor|28/100|[from] ability: Hospitality|[of] p2b: Sinistcha
|turn|6
|
|t:|1785636734
|move|p2b: Sinistcha|Rage Powder|p2b: Sinistcha
|-singleturn|p2b: Sinistcha|move: Rage Powder
|move|p2a: Staraptor|Dual Wingbeat|p1a: Mimikyu
|-activate|p1a: Mimikyu|ability: Disguise
|-damage|p1a: Mimikyu|100/100
|detailschange|p1a: Mimikyu|Mimikyu-Busted, L50, F
|-damage|p1a: Mimikyu|87/100|[from] pokemon: Mimikyu-Busted
|-damage|p1a: Mimikyu|59/100
|-hitcount|p1a: Mimikyu|2
|move|p1b: Araquanid|Liquidation|p2b: Sinistcha
|-resisted|p2b: Sinistcha|1
|-damage|p2b: Sinistcha|12/100
|move|p1a: Mimikyu|Trick Room|p1a: Mimikyu
|-fieldstart|move: Trick Room|[of] p1a: Mimikyu
|
|upkeep
|turn|7
|
|t:|1785636750
|move|p2b: Sinistcha|Rage Powder|p2b: Sinistcha
|-singleturn|p2b: Sinistcha|move: Rage Powder
|move|p1b: Araquanid|Liquidation|p2b: Sinistcha
|-resisted|p2b: Sinistcha|1
|-damage|p2b: Sinistcha|0 fnt
|faint|p2b: Sinistcha
|move|p1a: Mimikyu|Shadow Claw|p2a: Staraptor
|-damage|p2a: Staraptor|15/100
|move|p2a: Staraptor|Dual Wingbeat|p1a: Mimikyu
|-damage|p1a: Mimikyu|32/100
|-damage|p1a: Mimikyu|8/100
|-hitcount|p1a: Mimikyu|2
|
|upkeep
|
|t:|1785636755
|switch|p2b: Gholdengo|Gholdengo, L50|100/100
|turn|8
|
|t:|1785636762
|move|p1b: Araquanid|Liquidation|p2b: Gholdengo
|-damage|p2b: Gholdengo|49/100
|move|p1a: Mimikyu|Play Rough|p2a: Staraptor
|-supereffective|p2a: Staraptor|1
|-damage|p2a: Staraptor|0 fnt
|faint|p2a: Staraptor
|move|p2b: Gholdengo|Shadow Ball|p1a: Mimikyu
|-supereffective|p1a: Mimikyu|1
|-damage|p1a: Mimikyu|0 fnt
|faint|p1a: Mimikyu
|-damage|p2b: Gholdengo|40/100|[from] item: Life Orb
|
|upkeep
|
|t:|1785636768
|switch|p1a: Camerupt|Camerupt-Mega, L50, F|100/100
|turn|9
|
|t:|1785636773
|move|p2b: Gholdengo|Protect|p2b: Gholdengo
|-singleturn|p2b: Gholdengo|Protect
|move|p1a: Camerupt|Earth Power|p2b: Gholdengo
|-activate|p2b: Gholdengo|move: Protect
|move|p1b: Araquanid|Liquidation|p2b: Gholdengo
|-activate|p2b: Gholdengo|move: Protect
|
|upkeep
|turn|10
|
|t:|1785636777
|move|p2b: Gholdengo|Protect|p2b: Gholdengo
|-singleturn|p2b: Gholdengo|Protect
|move|p1a: Camerupt|Earth Power|p2b: Gholdengo
|-activate|p2b: Gholdengo|move: Protect
|move|p1b: Araquanid|Liquidation|p2b: Gholdengo
|-activate|p2b: Gholdengo|move: Protect
|
|-fieldend|move: Trick Room
|upkeep
|turn|11
|
|t:|1785636782
|move|p2b: Gholdengo|Make It Rain|p1b: Araquanid|[spread] p1a,p1b
|-resisted|p1a: Camerupt|1
|-resisted|p1b: Araquanid|1
|-damage|p1a: Camerupt|68/100
|-damage|p1b: Araquanid|0 fnt
|-unboost|p2b: Gholdengo|spa|2
|faint|p1b: Araquanid
|-damage|p2b: Gholdengo|30/100|[from] item: Life Orb
|move|p1a: Camerupt|Earth Power|p2b: Gholdengo
|-supereffective|p2b: Gholdengo|1
|-damage|p2b: Gholdengo|0 fnt
|faint|p2b: Gholdengo
|
|win|Picoti
