|j|☆ThunderSt0n3
|j|☆kokomiiiii
|html|ThunderSt0n3kokomiiiii    
|uhtml|bestof|Game 3 of a best-of-3
|t:|1757829948
|gametype|doubles
|player|p1|ThunderSt0n3|pokemaniac|1040
|player|p2|kokomiiiii|lillie-masters|1046
|gen|9
|tier|[Gen 9] VGC 2025 Reg H (Bo3)
|rated|
|rule|Species Clause: Limit one of each Pokémon
|rule|Item Clause: Limit 1 of each item
|clearpoke
|poke|p1|Lilligant-Hisui, L50, F|
|poke|p1|Hatterene, L50, F|
|poke|p1|Ursaluna, L50, F|
|poke|p1|Indeedee-F, L50, F|
|poke|p1|Torkoal, L50, F|
|poke|p1|Gallade, L50, M|
|poke|p2|Gholdengo, L50|
|poke|p2|Ursaluna, L50, F|
|poke|p2|Dragonite, L50, M|
|poke|p2|Porygon2, L50|
|poke|p2|Incineroar, L50, M|
|poke|p2|Amoonguss, L50, M|
|teampreview|4
|showteam|p1|Lilligant-Hisui||FocusSash|Chlorophyll|TripleAxel,AfterYou,CloseCombat,SleepPowder|||F|||50|,,,,,Ghost]Hatterene||CovertCloak|MagicBounce|DazzlingGleam,ExpandingForce,TrickRoom,MysticalFire|||F|||50|,,,,,Fire]Ursaluna||FlameOrb|Guts|Facade,HeadlongRush,Earthquake,Protect|||F|||50|,,,,,Ghost]Indeedee-F||PsychicSeed|PsychicSurge|Psychic,TrickRoom,HelpingHand,FollowMe|||F|||50|,,,,,Dragon]Torkoal||FlamePlate|Drought|Eruption,WeatherBall,HeatWave,Protect|||F|||50|,,,,,Fire]Gallade||ClearAmulet|Sharpness|PsychoCut,SacredSword,TrickRoom,WideGuard|||M|||50|,,,,,Grass
|showteam|p2|Gholdengo||LifeOrb|GoodasGold|MakeItRain,ShadowBall,NastyPlot,Protect||||||50|,,,,,Water]Ursaluna||FlameOrb|Guts|HeadlongRush,Facade,Earthquake,Protect|||F|||50|,,,,,Ghost]Dragonite||LoadedDice|Multiscale|ScaleShot,Haze,Tailwind,Protect|||M|||50|,,,,,Fairy]Porygon2||Eviolite|Download|IceBeam,TeraBlast,TrickRoom,Recover||||||50|,,,,,Fighting]Incineroar||SafetyGoggles|Intimidate|FakeOut,KnockOff,FlareBlitz,PartingShot|||M|||50|,,,,,Ghost]Amoonguss||SitrusBerry|Regenerator|RagePowder,PollenPuff,Spore,Protect|||M|||50|,,,,,Water
|inactive|Battle timer is ON: inactive players will automatically lose when time's up. (requested by ThunderSt0n3)
|inactive|ThunderSt0n3 has 60 seconds left.
|
|t:|1757829983
|teamsize|p1|4
|teamsize|p2|4
|start
|switch|p1a: Hatterene|Hatterene, L50, F|100/100
|switch|p1b: Gallade|Gallade, L50, M|100/100
|switch|p2a: Midcineroar|Incineroar, L50, M, shiny|100/100
|switch|p2b: da king|Gholdengo, L50|100/100
|-ability|p2a: Midcineroar|Intimidate|boost
|-unboost|p1a: Hatterene|atk|1
|-fail|p1b: Gallade|unboost|[from] item: Clear Amulet|[of] p1b: Gallade
|turn|1
|inactive|ThunderSt0n3 has 30 seconds left.
|
|t:|1757830012
|switch|p1a: Indeedee|Indeedee-F, L50, F|100/100
|-fieldstart|move: Psychic Terrain|[from] ability: Psychic Surge|[of] p1a: Indeedee
|-enditem|p1a: Indeedee|Psychic Seed
|-boost|p1a: Indeedee|spd|1|[from] item: Psychic Seed
|-terastallize|p2a: Midcineroar|Ghost
|move|p2a: Midcineroar|Fake Out|p1a: Indeedee
|-activate|p1a: Indeedee|move: Psychic Terrain
|move|p2b: da king|Nasty Plot|p2b: da king
|-boost|p2b: da king|spa|2
|move|p1b: Gallade|Sacred Sword|p2a: Midcineroar
|-immune|p2a: Midcineroar
|
|upkeep
|turn|2
|inactive|kokomiiiii has 30 seconds left.
|
|t:|1757830038
|move|p1b: Gallade|Wide Guard|p1b: Gallade
|-singleturn|p1b: Gallade|Wide Guard
|move|p2b: da king|Make It Rain|p1b: Gallade|[spread] 
|-activate|p1a: Indeedee|move: Wide Guard
|-activate|p1b: Gallade|move: Wide Guard
|move|p2a: Midcineroar|Parting Shot|p1a: Indeedee
|-unboost|p1a: Indeedee|atk|1
|-unboost|p1a: Indeedee|spa|1
|
|t:|1757830040
|switch|p2a: SHROOMSSSS|Amoonguss, L50, M, shiny|100/100|[from] Parting Shot
|move|p1a: Indeedee|Trick Room|p1a: Indeedee
|-fieldstart|move: Trick Room|[of] p1a: Indeedee
|
|upkeep
|turn|3
|
|t:|1757830064
|switch|p1a: Hatterene|Hatterene, L50, F|100/100
|move|p2a: SHROOMSSSS|Protect|p2a: SHROOMSSSS
|-singleturn|p2a: SHROOMSSSS|Protect
|move|p1b: Gallade|Wide Guard|p1b: Gallade
|-singleturn|p1b: Gallade|Wide Guard
|move|p2b: da king|Make It Rain|p1a: Hatterene|[spread] 
|-activate|p1a: Hatterene|move: Wide Guard
|-activate|p1b: Gallade|move: Wide Guard
|
|upkeep
|turn|4
|
|t:|1757830083
|switch|p2a: Midcineroar|Incineroar, L50, M, shiny, tera:Ghost|100/100
|-ability|p2a: Midcineroar|Intimidate|boost
|-unboost|p1a: Hatterene|atk|1
|-fail|p1b: Gallade|unboost|[from] item: Clear Amulet|[of] p1b: Gallade
|switch|p1b: Ursaluna|Ursaluna, L50, F|100/100
|-terastallize|p1a: Hatterene|Fire
|move|p1a: Hatterene|Mystical Fire|p2b: da king
|-supereffective|p2b: da king
|-damage|p2b: da king|3/100
|-unboost|p2b: da king|spa|1
|move|p2b: da king|Shadow Ball|p1b: Ursaluna
|-immune|p1b: Ursaluna
|
|-status|p1b: Ursaluna|brn|[from] item: Flame Orb
|upkeep
|turn|5
|inactive|ThunderSt0n3 has 30 seconds left.
|
|t:|1757830115
|move|p2b: da king|Protect|p2b: da king
|-singleturn|p2b: da king|Protect
|move|p1a: Hatterene|Expanding Force|p2b: da king|[spread] p2a
|-activate|p2b: da king|move: Protect
|-damage|p2a: Midcineroar|47/100
|move|p1b: Ursaluna|Headlong Rush|p2a: Midcineroar
|-damage|p2a: Midcineroar|0 fnt
|-unboost|p1b: Ursaluna|def|1
|-unboost|p1b: Ursaluna|spd|1
|faint|p2a: Midcineroar
|
|-damage|p1b: Ursaluna|95/100 brn|[from] brn
|-fieldend|move: Psychic Terrain
|upkeep
|
|t:|1757830129
|switch|p2a: bam|Ursaluna, L50, F, shiny|100/100
|turn|6
|
|t:|1757830151
|switch|p1b: Gallade|Gallade, L50, M|100/100
|move|p2a: bam|Protect|p2a: bam
|-singleturn|p2a: bam|Protect
|move|p1a: Hatterene|Dazzling Gleam|p2a: bam|[spread] p2b
|-activate|p2a: bam|move: Protect
|-resisted|p2b: da king
|-damage|p2b: da king|0 fnt
|faint|p2b: da king
|
|-fieldend|move: Trick Room
|-status|p2a: bam|brn|[from] item: Flame Orb
|upkeep
|
|t:|1757830153
|switch|p2b: SHROOMSSSS|Amoonguss, L50, M, shiny|100/100
|turn|7
|inactive|ThunderSt0n3 has 30 seconds left.
|inactive|kokomiiiii has 30 seconds left.
|
|t:|1757830193
|switch|p1b: Indeedee|Indeedee-F, L50, F|100/100
|-fieldstart|move: Psychic Terrain|[from] ability: Psychic Surge|[of] p1b: Indeedee
|move|p2a: bam|Protect||[still]
|-fail|p2a: bam
|move|p2b: SHROOMSSSS|Spore|p1a: Hatterene
|move|p1a: Hatterene|Spore|p2b: SHROOMSSSS|[from] ability: Magic Bounce
|-immune|p2b: SHROOMSSSS
|move|p1a: Hatterene|Expanding Force|p2b: SHROOMSSSS|[spread] p2a,p2b
|-supereffective|p2b: SHROOMSSSS
|-damage|p2a: bam|31/100 brn
|-damage|p2b: SHROOMSSSS|0 fnt
|faint|p2b: SHROOMSSSS
|
|-damage|p2a: bam|25/100 brn|[from] brn
|upkeep
|turn|8
|-message|kokomiiiii forfeited.
|
|win|ThunderSt0n3
|raw|ThunderSt0n3's rating: 1040 → 1075(+35 for winning)
|raw|kokomiiiii's rating: 1046 → 1029(-17 for losing)
