|j|☆viatles
|j|☆Screammmmm1
|html|viatlesScreammmmm1    
|uhtml|bestof|Game 2 of a best-of-3
|t:|1783050353
|gametype|doubles
|player|p1|viatles|hiker|1132
|player|p2|Screammmmm1|n|1156
|gen|9
|tier|[Gen 9 Champions] VGC 2026 Reg M-B (Bo3)
|rated|
|rule|Species Clause: Limit one of each Pokémon
|rule|Item Clause: Limit 1 of each item
|clearpoke
|poke|p1|Gholdengo, L50|
|poke|p1|Farigiraf, L50, F|
|poke|p1|Pelipper, L50, F|
|poke|p1|Swampert, L50, F|
|poke|p1|Archaludon, L50, M|
|poke|p1|Aerodactyl, L50, M|
|poke|p2|Blaziken, L50, F, shiny|
|poke|p2|Gholdengo, L50|
|poke|p2|Talonflame, L50, F|
|poke|p2|Hydreigon, L50, M|
|poke|p2|Sceptile, L50, M|
|poke|p2|Garchomp, L50, F|
|teampreview|4
|showteam|p1|Gholdengo||LifeOrb|GoodasGold|MakeItRain,ShadowBall,Protect,NastyPlot|Modest|||||50|]Farigiraf||SitrusBerry|ArmorTail|TrickRoom,Thunderbolt,TwinBeam,Protect|Sassy||F|||50|]Pelipper||DampRock|Drizzle|Hurricane,Tailwind,WeatherBall,Protect|Timid||F|||50|]Swampert||Swampertite|Torrent|Earthquake,WaveCrash,IcePunch,Protect|Adamant||F|||50|]Archaludon||Leftovers|Stamina|ElectroShot,DracoMeteor,Protect,AuraSphere|Modest||M|||50|]Aerodactyl||FocusSash|Unnerve|RainDance,Tailwind,RockSlide,DualWingbeat|Jolly||M|||50|
|showteam|p2|Blaziken||Blazikenite|SpeedBoost|BlazeKick,CloseCombat,RockSlide,Protect|Adamant||F|||50|]Gholdengo||LifeOrb|GoodasGold|MakeItRain,NastyPlot,ShadowBall,Protect|Modest|||||50|]Talonflame|||GaleWings|Tailwind,Acrobatics,Protect,Taunt|Jolly||F|||50|]Hydreigon||FocusSash|Levitate|DragonCheer,DracoMeteor,Tailwind,DarkPulse|Timid||M|||50|]Sceptile||Sceptilite|Overgrow|DragonPulse,EarthPower,EnergyBall,Protect|Timid||M|||50|]Garchomp||SitrusBerry|RoughSkin|Earthquake,DragonClaw,RockSlide,Protect|Serious||F|||50|
|inactive|Battle timer is ON: inactive players will automatically lose when time's up. (requested by Screammmmm1)
|
|t:|1783050378
|teamsize|p1|4
|teamsize|p2|4
|start
|switch|p1a: Farigiraf|Farigiraf, L50, F|100/100
|switch|p1b: Aerodactyl|Aerodactyl, L50, M|100/100
|switch|p2a: Hydreigon|Hydreigon, L50, M|100/100
|switch|p2b: Garchomp|Garchomp, L50, F|100/100
|-ability|p1b: Aerodactyl|Unnerve
|turn|1
|inactive|viatles has 30 seconds left.
|
|t:|1783050404
|switch|p1a: Pelipper|Pelipper, L50, F|100/100
|-weather|RainDance|[from] ability: Drizzle|[of] p1a: Pelipper
|move|p1b: Aerodactyl|Tailwind|p1b: Aerodactyl
|-sidestart|p1: viatles|move: Tailwind
|move|p2a: Hydreigon|Dragon Cheer|p2b: Garchomp
|-start|p2b: Garchomp|move: Dragon Cheer
|move|p2b: Garchomp|Rock Slide|p1a: Pelipper|[spread] p1a,p1b
|-supereffective|p1a: Pelipper|1
|-crit|p1a: Pelipper
|-supereffective|p1b: Aerodactyl|1
|-damage|p1a: Pelipper|22/100
|-damage|p1b: Aerodactyl|38/100
|
|-weather|RainDance|[upkeep]
|upkeep
|turn|2
|
|t:|1783050428
|move|p1b: Aerodactyl|Rock Slide|p2b: Garchomp|[spread] p2a,p2b
|-resisted|p2b: Garchomp|1
|-damage|p2a: Hydreigon|68/100
|-damage|p2b: Garchomp|88/100
|move|p1a: Pelipper|Hurricane|p2a: Hydreigon
|-damage|p2a: Hydreigon|18/100
|move|p2a: Hydreigon|Dark Pulse|p1a: Pelipper
|-damage|p1a: Pelipper|0 fnt
|faint|p1a: Pelipper
|cant|p2b: Garchomp|flinch
|
|-weather|RainDance|[upkeep]
|upkeep
|
|t:|1783050439
|switch|p1a: Swampert|Swampert, L50, F|100/100
|turn|3
|inactive|Screammmmm1 has 30 seconds left.
|
|t:|1783050465
|detailschange|p1a: Swampert|Swampert-Mega, L50, F
|-mega|p1a: Swampert|Swampert|Swampertite
|move|p2b: Garchomp|Protect|p2b: Garchomp
|-singleturn|p2b: Garchomp|Protect
|move|p1a: Swampert|Ice Punch|p2a: Hydreigon
|-supereffective|p2a: Hydreigon|1
|-damage|p2a: Hydreigon|0 fnt
|faint|p2a: Hydreigon
|move|p1b: Aerodactyl|Rock Slide|p2b: Garchomp
|-activate|p2b: Garchomp|move: Protect
|
|-weather|RainDance|[upkeep]
|upkeep
|
|t:|1783050481
|switch|p2a: Sceptile|Sceptile, L50, M|100/100
|turn|4
|
|t:|1783050492
|detailschange|p2a: Sceptile|Sceptile-Mega, L50, M
|-mega|p2a: Sceptile|Sceptile|Sceptilite
|move|p1a: Swampert|Ice Punch|p2b: Garchomp
|-supereffective|p2b: Garchomp|2
|-damage|p2b: Garchomp|0 fnt
|-damage|p1a: Swampert|87/100|[from] ability: Rough Skin|[of] p2b: Garchomp
|faint|p2b: Garchomp
|move|p1b: Aerodactyl|Dual Wingbeat|p2a: Sceptile
|-supereffective|p2a: Sceptile|1
|-damage|p2a: Sceptile|46/100
|-supereffective|p2a: Sceptile|1
|-damage|p2a: Sceptile|0 fnt
|faint|p2a: Sceptile
|-hitcount|p2: Sceptile|2
|
|-weather|RainDance|[upkeep]
|-sideend|p1: viatles|move: Tailwind
|upkeep
|
|t:|1783050505
|switch|p2b: Blaziken|Blaziken, L50, F, shiny|100/100
|turn|5
|
|t:|1783050511
|switch|p1b: Farigiraf|Farigiraf, L50, F|100/100
|move|p2b: Blaziken|Protect|p2b: Blaziken
|-singleturn|p2b: Blaziken|Protect
|move|p1a: Swampert|Wave Crash|p2b: Blaziken
|-activate|p2b: Blaziken|move: Protect
|
|-weather|RainDance|[upkeep]
|-ability|p2b: Blaziken|Speed Boost|boost
|-boost|p2b: Blaziken|spe|1
|upkeep
|turn|6
|
|t:|1783050526
|move|p1a: Swampert|Wave Crash|p2b: Blaziken
|-supereffective|p2b: Blaziken|1
|-damage|p2b: Blaziken|0 fnt
|faint|p2b: Blaziken
|-damage|p1a: Swampert|59/100|[from] Recoil
|
|win|viatles
|raw|viatles's rating: 1132 → 1159(+27 for winning)
|raw|Screammmmm1's rating: 1156 → 1129(-27 for losing)
|l|☆Screammmmm1
|player|p2|
|c|☆viatles|gg wp
