|j|☆marines malevolent
|html|marines malevolentVincykyu    
|uhtml|bestof|Game 2 of a best-of-3
|t:|1785960570
|gametype|doubles
|player|p1|marines malevolent|hiker-gen2|
|player|p2|Vincykyu|elesa|
|gen|9
|tier|[Gen 9 Champions] VGC 2026 Reg M-B (Bo3)
|rule|Species Clause: Limit one of each Pokémon
|rule|Item Clause: Limit 1 of each item
|clearpoke
|poke|p1|Pidgeot, L50, F|
|poke|p1|Ninetales, L50, M|
|poke|p1|Garchomp, L50, F|
|poke|p1|Whimsicott, L50, M, shiny|
|poke|p1|Sinistcha, L50|
|poke|p1|Sneasler, L50, M|
|poke|p2|Feraligatr, L50, M|
|poke|p2|Sinistcha-Masterpiece, L50|
|poke|p2|Sneasler, L50, F|
|poke|p2|Clefable, L50, F|
|poke|p2|Incineroar, L50, F|
|poke|p2|Talonflame, L50, M|
|teampreview|4
|showteam|p1|Pidgeot||Pidgeotite|KeenEye|Hurricane,HeatWave,Protect,Uturn|Timid||F|||50|]Ninetales||HeatRock|Drought|HeatWave,Protect,HelpingHand,WillOWisp|Timid||M|||50|]Garchomp||SitrusBerry|RoughSkin|Earthquake,RockSlide,Protect,DragonClaw|Jolly||F|||50|]Whimsicott||FocusSash|Prankster|Moonblast,Taunt,Tailwind,FakeTears|Timid||M|||50|]Sinistcha||Leftovers|Hospitality|MatchaGotcha,RagePowder,Protect,ShadowBall|Bold|||||50|]Sneasler||WhiteHerb|Unburden|CloseCombat,Protect,FakeOut,GunkShot|Jolly||M|||50|
|showteam|p2|Feraligatr||Feraligite|Torrent|Protect,DoubleEdge,Liquidation,AquaJet|Adamant||M|||50|]Sinistcha-Masterpiece||OccaBerry|Hospitality|MatchaGotcha,LifeDew,Protect,RagePowder|Bold|||||50|]Sneasler||WhiteHerb|Unburden|CloseCombat,ThroatChop,Protect,FakeOut|Adamant||F|||50|]Clefable||Leftovers|MagicGuard|FollowMe,Moonblast,Protect,HelpingHand|Bold||F|||50|]Incineroar||SitrusBerry|Intimidate|FakeOut,PartingShot,ThroatChop,WillOWisp|Careful||F|||50|]Talonflame||SharpBeak|GaleWings|Tailwind,Taunt,FlareBlitz,BraveBird|Adamant||M|||50|
|j| Raspree
|c| Raspree|Potete cominciare. Buona fortuna
|j|☆Vincykyu
|player|p2|Vincykyu|elesa|
|
|t:|1785960825
|teamsize|p1|4
|teamsize|p2|4
|start
|switch|p1a: Sneasler|Sneasler, L50, M|100/100
|switch|p1b: Ninetales|Ninetales, L50, M|100/100
|switch|p2a: Clefable|Clefable, L50, F|100/100
|switch|p2b: Incineroar|Incineroar, L50, F|100/100
|-weather|SunnyDay|[from] ability: Drought|[of] p1b: Ninetales
|-ability|p2b: Incineroar|Intimidate|boost
|-unboost|p1a: Sneasler|atk|1
|-unboost|p1b: Ninetales|atk|1
|-enditem|p1a: Sneasler|White Herb
|-clearnegativeboost|p1a: Sneasler|[silent]
|turn|1
|
|t:|1785960856
|move|p1b: Ninetales|Helping Hand|p1a: Sneasler
|-singleturn|p1a: Sneasler|Helping Hand|[of] p1b: Ninetales
|move|p2b: Incineroar|Fake Out|p1b: Ninetales
|-crit|p1b: Ninetales
|-damage|p1b: Ninetales|79/100
|move|p1a: Sneasler|Close Combat|p2b: Incineroar
|-supereffective|p2b: Incineroar|1
|-damage|p2b: Incineroar|0 fnt
|-unboost|p1a: Sneasler|def|1
|-unboost|p1a: Sneasler|spd|1
|faint|p2b: Incineroar
|move|p2a: Clefable|Moonblast|p1a: Sneasler
|-damage|p1a: Sneasler|39/100
|
|-weather|SunnyDay|[upkeep]
|upkeep
|
|t:|1785960879
|switch|p2b: Sneasler|Sneasler, L50, F|100/100
|turn|2
|
|t:|1785960906
|move|p1b: Ninetales|Helping Hand|p1a: Sneasler
|-singleturn|p1a: Sneasler|Helping Hand|[of] p1b: Ninetales
|move|p2b: Sneasler|Fake Out|p1a: Sneasler
|-damage|p1a: Sneasler|4/100
|move|p2a: Clefable|Follow Me|p2a: Clefable
|-singleturn|p2a: Clefable|move: Follow Me
|cant|p1a: Sneasler|flinch
|
|-weather|SunnyDay|[upkeep]
|upkeep
|turn|3
|
|t:|1785960926
|move|p1a: Sneasler|Protect|p1a: Sneasler
|-singleturn|p1a: Sneasler|Protect
|move|p2b: Sneasler|Close Combat|p1a: Sneasler
|-activate|p1a: Sneasler|move: Protect
|move|p1b: Ninetales|Heat Wave|p2a: Clefable|[spread] p2a,p2b
|-damage|p2a: Clefable|66/100
|-damage|p2b: Sneasler|53/100
|move|p2a: Clefable|Moonblast|p1b: Ninetales
|-resisted|p1b: Ninetales|1
|-damage|p1b: Ninetales|63/100
|
|-weather|SunnyDay|[upkeep]
|-heal|p2a: Clefable|72/100|[from] item: Leftovers
|upkeep
|turn|4
|
|t:|1785960965
|move|p1a: Sneasler|Protect||[still]
|-fail|p1a: Sneasler
|move|p2b: Sneasler|Close Combat|p1a: Sneasler
|-resisted|p1a: Sneasler|1
|-damage|p1a: Sneasler|0 fnt
|-unboost|p2b: Sneasler|def|1
|-unboost|p2b: Sneasler|spd|1
|faint|p1a: Sneasler
|-enditem|p2b: Sneasler|White Herb
|-clearnegativeboost|p2b: Sneasler|[silent]
|move|p1b: Ninetales|Heat Wave|p2a: Clefable|[spread] p2a,p2b
|-damage|p2a: Clefable|40/100
|-damage|p2b: Sneasler|7/100
|move|p2a: Clefable|Moonblast|p1b: Ninetales
|-resisted|p1b: Ninetales|1
|-damage|p1b: Ninetales|46/100
|
|-weather|SunnyDay|[upkeep]
|-heal|p2a: Clefable|46/100|[from] item: Leftovers
|upkeep
|
|t:|1785960982
|switch|p1a: Sinistcha|Sinistcha, L50|100/100
|-heal|p1b: Ninetales|71/100|[from] ability: Hospitality|[of] p1a: Sinistcha
|turn|5
|
|t:|1785961007
|move|p2a: Clefable|Helping Hand|p2b: Sneasler
|-singleturn|p2b: Sneasler|Helping Hand|[of] p2a: Clefable
|move|p2b: Sneasler|Close Combat|p1b: Ninetales
|-damage|p1b: Ninetales|0 fnt
|-unboost|p2b: Sneasler|def|1
|-unboost|p2b: Sneasler|spd|1
|faint|p1b: Ninetales
|move|p1a: Sinistcha|Shadow Ball|p2b: Sneasler
|-damage|p2b: Sneasler|0 fnt
|faint|p2b: Sneasler
|
|-weather|SunnyDay|[upkeep]
|-heal|p2a: Clefable|51/100|[from] item: Leftovers
|upkeep
|
|t:|1785961028
|switch|p2b: Sinistcha|Sinistcha-Masterpiece, L50|100/100
|switch|p1b: Pidgeot|Pidgeot, L50, F|100/100
|-heal|p2a: Clefable|76/100|[from] ability: Hospitality|[of] p2b: Sinistcha
|turn|6
|
|t:|1785961051
|detailschange|p1b: Pidgeot|Pidgeot-Mega, L50, F
|-mega|p1b: Pidgeot|Pidgeot|Pidgeotite
|move|p1b: Pidgeot|Heat Wave|p2a: Clefable|[spread] p2a,p2b
|-supereffective|p2b: Sinistcha|1
|-enditem|p2b: Sinistcha|Occa Berry|[eat]
|-enditem|p2b: Sinistcha|Occa Berry|[weaken]
|-damage|p2a: Clefable|39/100
|-damage|p2b: Sinistcha|60/100
|move|p1a: Sinistcha|Shadow Ball|p2b: Sinistcha
|-supereffective|p2b: Sinistcha|1
|-damage|p2b: Sinistcha|0 fnt
|faint|p2b: Sinistcha
|move|p2a: Clefable|Moonblast|p1a: Sinistcha
|-damage|p1a: Sinistcha|66/100
|
|-weather|SunnyDay|[upkeep]
|-heal|p1a: Sinistcha|72/100|[from] item: Leftovers
|-heal|p2a: Clefable|45/100|[from] item: Leftovers
|upkeep
|turn|7
|
|t:|1785961095
|move|p1a: Sinistcha|Rage Powder|p1a: Sinistcha
|-singleturn|p1a: Sinistcha|move: Rage Powder
|move|p1b: Pidgeot|Heat Wave|p2a: Clefable
|-damage|p2a: Clefable|3/100
|move|p2a: Clefable|Moonblast|p1a: Sinistcha
|-damage|p1a: Sinistcha|33/100
|-unboost|p1a: Sinistcha|spa|1
|
|-weather|SunnyDay|[upkeep]
|-heal|p1a: Sinistcha|39/100|[from] item: Leftovers
|-heal|p2a: Clefable|9/100|[from] item: Leftovers
|upkeep
|turn|8
|
|t:|1785961117
|move|p1b: Pidgeot|Protect|p1b: Pidgeot
|-singleturn|p1b: Pidgeot|Protect
|move|p1a: Sinistcha|Matcha Gotcha|p2a: Clefable
|-damage|p2a: Clefable|0 fnt
|-heal|p1a: Sinistcha|45/100|[from] drain|[of] p2a: Clefable
|faint|p2a: Clefable
|
|win|marines malevolent
