|j|☆KMMULLER2020
|j|☆pranavg_oat
|html|KMMULLER2020pranavg_oat    
|uhtml|bestof|Game 2 of a best-of-3
|t:|1784017002
|gametype|doubles
|player|p1|KMMULLER2020|nate|1107
|player|p2|pranavg_oat|1|1101
|gen|9
|tier|[Gen 9 Champions] VGC 2026 Reg M-B (Bo3)
|rated|
|rule|Species Clause: Limit one of each Pokémon
|rule|Item Clause: Limit 1 of each item
|clearpoke
|poke|p1|Froslass, L50, F|
|poke|p1|Whimsicott, L50, M|
|poke|p1|Glimmora, L50, M|
|poke|p1|Garchomp, L50, F|
|poke|p1|Mawile, L50, F|
|poke|p1|Farigiraf, L50, M|
|poke|p2|Whimsicott, L50, F|
|poke|p2|Staraptor, L50, F|
|poke|p2|Garchomp, L50, F|
|poke|p2|Gholdengo, L50|
|poke|p2|Basculegion, L50, M|
|poke|p2|Kingambit, L50, M|
|teampreview|4
|showteam|p1|Froslass||Froslassite|CursedBody|Protect,AuroraVeil,ShadowBall,Blizzard|Timid||F|||50|]Whimsicott||FairyFeather|Prankster|Protect,Tailwind,Encore,Moonblast|Bold||M|||50|]Glimmora||FocusSash|ToxicDebris|SpikyShield,PowerGem,SludgeBomb,EarthPower|Modest||M|||50|]Garchomp||LifeOrb|RoughSkin|Protect,DragonClaw,StompingTantrum,RockSlide|Adamant||F|||50|]Mawile||Mawilite|Intimidate|Protect,PlayRough,IronHead,KnockOff|Adamant||F|||50|]Farigiraf||SitrusBerry|ArmorTail|TrickRoom,HelpingHand,TwinBeam,Thunderbolt|Relaxed||M|||50|
|showteam|p2|Whimsicott||FocusSash|Prankster|Charm,Tailwind,Moonblast,Taunt|Timid||F|||50|]Staraptor||Staraptite|Intimidate|CloseCombat,BraveBird,Protect,Roost|Jolly||F|||50|]Garchomp||YacheBerry|RoughSkin|Earthquake,StompingTantrum,Protect,RockSlide|Jolly||F|||50|]Gholdengo||LifeOrb|GoodasGold|MakeItRain,ShadowBall,PowerGem,Protect|Modest|||||50|]Basculegion||MysticWater|Adaptability|WaveCrash,LastRespects,AquaJet,Protect|Adamant||M|||50|]Kingambit||BlackGlasses|Defiant|SuckerPunch,KowtowCleave,IronHead,Protect|Brave||M|||50|
|inactive|Battle timer is ON: inactive players will automatically lose when time's up. (requested by KMMULLER2020)
|c|☆pranavg_oat|great ending last game that was cinema
|c|☆KMMULLER2020|g1, gg
|c|☆KMMULLER2020|glhf
|c|☆pranavg_oat|glhf
|inactive|KMMULLER2020 has 60 seconds left.
|
|t:|1784017058
|teamsize|p1|4
|teamsize|p2|4
|start
|switch|p1a: Whimsicott|Whimsicott, L50, M|100/100
|switch|p1b: Froslass|Froslass, L50, F|100/100
|switch|p2a: Kingambit|Kingambit, L50, M|100/100
|switch|p2b: Gholdengo|Gholdengo, L50|100/100
|turn|1
|inactive|pranavg_oat has 30 seconds left.
|
|t:|1784017083
|detailschange|p1b: Froslass|Froslass-Mega, L50, F
|-mega|p1b: Froslass|Froslass|Froslassite
|-weather|Snowscape|[from] ability: Snow Warning|[of] p1b: Froslass
|move|p2b: Gholdengo|Protect|p2b: Gholdengo
|-singleturn|p2b: Gholdengo|Protect
|move|p1a: Whimsicott|Tailwind|p1a: Whimsicott
|-sidestart|p1: KMMULLER2020|move: Tailwind
|move|p2a: Kingambit|Sucker Punch|p1b: Froslass
|-supereffective|p1b: Froslass|1
|-damage|p1b: Froslass|4/100
|move|p1b: Froslass|Shadow Ball|p2b: Gholdengo
|-activate|p2b: Gholdengo|move: Protect
|
|-weather|Snowscape|[upkeep]
|upkeep
|turn|2
|
|t:|1784017104
|switch|p1a: Garchomp|Garchomp, L50, F|100/100
|switch|p2b: Staraptor|Staraptor, L50, F|100/100
|-ability|p2b: Staraptor|Intimidate|boost
|-unboost|p1a: Garchomp|atk|1
|-unboost|p1b: Froslass|atk|1
|move|p1b: Froslass|Aurora Veil|p1b: Froslass
|-sidestart|p1: KMMULLER2020|move: Aurora Veil
|move|p2a: Kingambit|Iron Head|p1a: Garchomp
|-damage|p1a: Garchomp|70/100
|-damage|p2a: Kingambit|87/100|[from] ability: Rough Skin|[of] p1a: Garchomp
|
|-weather|Snowscape|[upkeep]
|upkeep
|turn|3
|inactive|pranavg_oat has 30 seconds left.
|
|t:|1784017133
|switch|p1a: Whimsicott|Whimsicott, L50, M|100/100
|detailschange|p2b: Staraptor|Staraptor-Mega, L50, F
|-mega|p2b: Staraptor|Staraptor|Staraptite
|move|p2b: Staraptor|Protect|p2b: Staraptor
|-singleturn|p2b: Staraptor|Protect
|move|p2a: Kingambit|Protect|p2a: Kingambit
|-singleturn|p2a: Kingambit|Protect
|move|p1b: Froslass|Blizzard|p2a: Kingambit|[spread] 
|-activate|p2a: Kingambit|move: Protect
|-activate|p2b: Staraptor|move: Protect
|
|-weather|Snowscape|[upkeep]
|upkeep
|turn|4
|
|t:|1784017152
|switch|p1b: Garchomp|Garchomp, L50, F|70/100
|move|p1a: Whimsicott|Encore|p2b: Staraptor
|-start|p2b: Staraptor|Encore
|move|p2b: Staraptor|Protect|p2b: Staraptor
|-singleturn|p2b: Staraptor|Protect
|move|p2a: Kingambit|Sucker Punch||[still]
|-fail|p2a: Kingambit
|
|-weather|Snowscape|[upkeep]
|-sideend|p1: KMMULLER2020|move: Tailwind
|upkeep
|turn|5
|inactive|pranavg_oat has 30 seconds left.
|
|t:|1784017186
|switch|p2b: Gholdengo|Gholdengo, L50|100/100
|move|p1b: Garchomp|Stomping Tantrum|p2b: Gholdengo
|-supereffective|p2b: Gholdengo|1
|-damage|p2b: Gholdengo|0 fnt
|faint|p2b: Gholdengo
|-damage|p1b: Garchomp|61/100|[from] item: Life Orb
|move|p1a: Whimsicott|Moonblast|p2a: Kingambit
|-damage|p2a: Kingambit|54/100
|-unboost|p2a: Kingambit|spa|1
|-ability|p2a: Kingambit|Defiant|boost
|-boost|p2a: Kingambit|atk|2
|move|p2a: Kingambit|Iron Head|p1a: Whimsicott
|-supereffective|p1a: Whimsicott|1
|-damage|p1a: Whimsicott|0 fnt
|faint|p1a: Whimsicott
|
|-weather|none
|upkeep
|c|☆pranavg_oat|damn
|c|☆pranavg_oat|read me like a book
|inactive|pranavg_oat has 30 seconds left.
|inactive|pranavg_oat has 20 seconds left.
|inactive|pranavg_oat has 15 seconds left.
|
|t:|1784017226
|switch|p2b: Whimsicott|Whimsicott, L50, F|100/100
|switch|p1a: Glimmora|Glimmora, L50, M|100/100
|turn|6
|c|☆KMMULLER2020|and then the worlds worst Spa came through to make things so much scarier
|c|☆pranavg_oat|LOL
|inactive|pranavg_oat has 30 seconds left.
|inactive|pranavg_oat has 20 seconds left.
|
|t:|1784017262
|switch|p1b: Froslass|Froslass-Mega, L50, F|4/100
|-weather|Snowscape|[from] ability: Snow Warning|[of] p1b: Froslass
|move|p2b: Whimsicott|Tailwind|p2b: Whimsicott
|-sidestart|p2: pranavg_oat|move: Tailwind
|move|p1a: Glimmora|Earth Power|p2a: Kingambit
|-supereffective|p2a: Kingambit|1
|-damage|p2a: Kingambit|0 fnt
|faint|p2a: Kingambit
|
|-weather|Snowscape|[upkeep]
|-sideend|p1: KMMULLER2020|move: Aurora Veil
|upkeep
|c|☆pranavg_oat|fck
|
|t:|1784017274
|switch|p2a: Staraptor|Staraptor-Mega, L50, F|100/100
|turn|7
|
|t:|1784017287
|move|p1a: Glimmora|Spiky Shield|p1a: Glimmora
|-singleturn|p1a: Glimmora|move: Protect
|move|p2b: Whimsicott|Charm|p2a: Staraptor
|-boost|p2a: Staraptor|atk|2
|move|p2a: Staraptor|Brave Bird|p1b: Froslass
|-damage|p1b: Froslass|0 fnt
|faint|p1b: Froslass
|-damage|p2a: Staraptor|98/100|[from] Recoil
|
|-weather|Snowscape|[upkeep]
|upkeep
|
|t:|1784017299
|switch|p1b: Garchomp|Garchomp, L50, F|61/100
|turn|8
|
|t:|1784017312
|move|p2b: Whimsicott|Moonblast|p1b: Garchomp
|-supereffective|p1b: Garchomp|1
|-damage|p1b: Garchomp|0 fnt
|faint|p1b: Garchomp
|move|p2a: Staraptor|Close Combat|p1a: Glimmora
|-enditem|p1a: Glimmora|Focus Sash
|-damage|p1a: Glimmora|1/100
|-boost|p2a: Staraptor|def|1
|-boost|p2a: Staraptor|spd|1
|-activate|p1a: Glimmora|ability: Toxic Debris
|-sidestart|p2: pranavg_oat|move: Toxic Spikes
|move|p1a: Glimmora|Sludge Bomb|p2a: Staraptor
|-damage|p2a: Staraptor|59/100
|-status|p2a: Staraptor|psn
|
|-weather|Snowscape|[upkeep]
|-damage|p2a: Staraptor|46/100 psn|[from] psn
|upkeep
|turn|9
|
|t:|1784017336
|move|p2b: Whimsicott|Moonblast|p1a: Glimmora
|-resisted|p1a: Glimmora|1
|-damage|p1a: Glimmora|0 fnt
|faint|p1a: Glimmora
|
|win|pranavg_oat
||pranavg_oat is ready for game 3.
||KMMULLER2020 is ready for game 3.
|uhtml|next|Next: Game 3 of 3
|l|☆pranavg_oat
|player|p2|
