|j|☆gene takavic
|j|☆eskyur
|html|gene takaviceskyur    
|uhtml|bestof|Game 2 of a best-of-3
|t:|1756509162
|gametype|doubles
|player|p1|gene takavic|pryce|1172
|player|p2|eskyur|steven|1089
|gen|9
|tier|[Gen 9] VGC 2025 Reg H (Bo3)
|rated|
|rule|Species Clause: Limit one of each Pokémon
|rule|Item Clause: Limit 1 of each item
|clearpoke
|poke|p1|Charizard, L50, F|
|poke|p1|Torkoal, L50, F|
|poke|p1|Porygon2, L50|
|poke|p1|Incineroar, L50, M|
|poke|p1|Jumpluff, L50, M|
|poke|p1|Ursaluna, L50, M|
|poke|p2|Charizard, L50, F|
|poke|p2|Garchomp, L50, M|
|poke|p2|Hydreigon, L50, M|
|poke|p2|Whimsicott, L50, M|
|poke|p2|Gyarados, L50, F|
|poke|p2|Maushold-Four, L50|
|teampreview|4
|showteam|p1|Charizard||ChoiceSpecs|SolarPower|HeatWave,Overheat,WeatherBall,AirSlash|||F|||50|,,,,,Ghost]Torkoal||EjectPack|Drought|Eruption,Overheat,HelpingHand,Protect|||F|||50|,,,,,Fire]Porygon2||Eviolite|Download|TeraBlast,IceBeam,Recover,TrickRoom||||||50|,,,,,Fighting]Incineroar||SitrusBerry|Intimidate|FlareBlitz,KnockOff,FakeOut,PartingShot|||M|||50|,,,,,Ghost]Jumpluff||CovertCloak|Chlorophyll|SleepPowder,SunnyDay,RagePowder,Tailwind|||M|||50|,,,,,Water]Ursaluna||FlameOrb|Guts|HeadlongRush,Facade,Earthquake,Protect|||M|||50|,,,,,Ghost
|showteam|p2|Charizard||LifeOrb|SolarPower|HeatWave,Flamethrower,AirSlash,Protect|||F|||50|,,,,,Fire]Garchomp||ChoiceBand|RoughSkin|Earthquake,DragonClaw,RockSlide,IronHead|||M|||50|,,,,,Steel]Hydreigon||ChoiceSpecs|Levitate|HeatWave,DarkPulse,DracoMeteor,Snarl|||M|||50|,,,,,Fire]Whimsicott||FocusSash|Prankster|Moonblast,Tailwind,Protect,SunnyDay|||M|||50|,,,,,Ghost]Gyarados||CovertCloak|Intimidate|Waterfall,Taunt,ThunderWave,IceFang|||F|||50|,,,,,Grass]Maushold-Four||WideLens|Technician|PopulationBomb,Protect,BulletSeed,FollowMe||||||50|,,,,,Normal
|inactive|Battle timer is ON: inactive players will automatically lose when time's up. (requested by gene takavic)
|
|t:|1756509174
|teamsize|p1|4
|teamsize|p2|4
|start
|switch|p1a: Incineroar|Incineroar, L50, M|100/100
|switch|p1b: Porygon2|Porygon2, L50|100/100
|switch|p2a: Gyarados|Gyarados, L50, F|100/100
|switch|p2b: Garchomp|Garchomp, L50, M|100/100
|-ability|p2a: Gyarados|Intimidate|boost
|-unboost|p1a: Incineroar|atk|1
|-unboost|p1b: Porygon2|atk|1
|-ability|p1a: Incineroar|Intimidate|boost
|-unboost|p2a: Gyarados|atk|1
|-unboost|p2b: Garchomp|atk|1
|-ability|p1b: Porygon2|Download|boost
|-boost|p1b: Porygon2|atk|1
|turn|1
|inactive|eskyur has 30 seconds left.
|
|t:|1756509204
|-terastallize|p2b: Garchomp|Steel
|-terastallize|p1b: Porygon2|Fighting
|move|p1a: Incineroar|Fake Out|p2b: Garchomp
|-resisted|p2b: Garchomp
|-damage|p2b: Garchomp|96/100
|-damage|p1a: Incineroar|88/100|[from] ability: Rough Skin|[of] p2b: Garchomp
|cant|p2b: Garchomp|flinch
|move|p2a: Gyarados|Taunt|p1b: Porygon2
|-start|p1b: Porygon2|move: Taunt
|move|p1b: Porygon2|Tera Blast|p2b: Garchomp|[anim] Tera Blast Fighting
|-supereffective|p2b: Garchomp
|-damage|p2b: Garchomp|15/100
|
|upkeep
|turn|2
|inactive|eskyur has 30 seconds left.
|
|t:|1756509229
|switch|p1b: Torkoal|Torkoal, L50, F|100/100
|-weather|SunnyDay|[from] ability: Drought|[of] p1b: Torkoal
|move|p2b: Garchomp|Earthquake|p1b: Torkoal|[spread] p1a,p1b
|-immune|p2a: Gyarados
|-supereffective|p1a: Incineroar
|-supereffective|p1b: Torkoal
|-damage|p1a: Incineroar|17/100
|-damage|p1b: Torkoal|38/100
|-enditem|p1a: Incineroar|Sitrus Berry|[eat]
|-heal|p1a: Incineroar|42/100|[from] item: Sitrus Berry
|move|p2a: Gyarados|Waterfall|p1a: Incineroar
|-supereffective|p1a: Incineroar
|-damage|p1a: Incineroar|18/100
|move|p1a: Incineroar|Flare Blitz|p2b: Garchomp
|-supereffective|p2b: Garchomp
|-damage|p2b: Garchomp|0 fnt
|-damage|p1a: Incineroar|5/100|[from] ability: Rough Skin|[of] p2b: Garchomp
|faint|p2b: Garchomp
|-damage|p1a: Incineroar|1/100|[from] Recoil
|
|-weather|SunnyDay|[upkeep]
|upkeep
|
|t:|1756509251
|switch|p2b: Charizard|Charizard, L50, F|100/100
|turn|3
|
|t:|1756509259
|switch|p2a: Whimsicott|Whimsicott, L50, M|100/100
|move|p2b: Charizard|Heat Wave|p1b: Torkoal|[spread] p1a,p1b
|-resisted|p1a: Incineroar
|-resisted|p1b: Torkoal
|-damage|p1a: Incineroar|0 fnt
|-damage|p1b: Torkoal|0 fnt
|faint|p1a: Incineroar
|faint|p1b: Torkoal
|-damage|p2b: Charizard|91/100|[from] item: Life Orb
|
|-weather|SunnyDay|[upkeep]
|-damage|p2b: Charizard|78/100|[from] ability: Solar Power|[of] p2b: Charizard
|upkeep
|
|t:|1756509261
|switch|p1a: Porygon2|Porygon2, L50, tera:Fighting|100/100
|switch|p1b: Ursaluna|Ursaluna, L50, M|100/100
|-ability|p1a: Porygon2|Download|boost
|-boost|p1a: Porygon2|spa|1
|turn|4
|
|t:|1756509286
|move|p2a: Whimsicott|Moonblast|p1a: Porygon2
|-supereffective|p1a: Porygon2
|-damage|p1a: Porygon2|50/100
|move|p2b: Charizard|Flamethrower|p1a: Porygon2
|-damage|p1a: Porygon2|0 fnt
|faint|p1a: Porygon2
|-damage|p2b: Charizard|69/100|[from] item: Life Orb
|move|p1b: Ursaluna|Facade|p2b: Charizard
|-damage|p2b: Charizard|6/100
|
|-weather|SunnyDay|[upkeep]
|-damage|p2b: Charizard|0 fnt|[from] ability: Solar Power|[of] p2b: Charizard
|faint|p2b: Charizard
|-status|p1b: Ursaluna|brn|[from] item: Flame Orb
|upkeep
|
|t:|1756509302
|switch|p2b: Gyarados|Gyarados, L50, F|100/100
|-ability|p2b: Gyarados|Intimidate|boost
|-unboost|p1b: Ursaluna|atk|1
|turn|5
|
|t:|1756509311
|move|p2a: Whimsicott|Moonblast|p1b: Ursaluna
|-damage|p1b: Ursaluna|68/100 brn
|move|p2b: Gyarados|Waterfall|p1b: Ursaluna
|-supereffective|p1b: Ursaluna
|-damage|p1b: Ursaluna|40/100 brn
|move|p1b: Ursaluna|Facade|p2b: Gyarados
|-damage|p2b: Gyarados|14/100
|
|-weather|SunnyDay|[upkeep]
|-damage|p1b: Ursaluna|35/100 brn|[from] brn
|upkeep
|turn|6
|-message|gene takavic forfeited.
|
|win|eskyur
||gene takavic is ready for game 3.
