|j|☆taillow40
|j|☆roman_legend
|html|taillow40roman_legend    
|uhtml|bestof|Game 1 of a best-of-3
|t:|1756914462
|gametype|doubles
|player|p1|taillow40|170|1027
|player|p2|roman_legend|nate-masters|1080
|gen|9
|tier|[Gen 9] VGC 2025 Reg H (Bo3)
|rated|
|rule|Species Clause: Limit one of each Pokémon
|rule|Item Clause: Limit 1 of each item
|clearpoke
|poke|p1|Pelipper, L50, F|
|poke|p1|Archaludon, L50, M|
|poke|p1|Raichu, L50, M|
|poke|p1|Primarina, L50, M|
|poke|p1|Indeedee-F, L50, F|
|poke|p1|Gyarados, L50, F|
|poke|p2|Gholdengo, L50|
|poke|p2|Sneasler, L50, M|
|poke|p2|Rillaboom, L50, M|
|poke|p2|Dragonite, L50, M|
|poke|p2|Ninetales-Alola, L50, F|
|poke|p2|Arcanine-Hisui, L50, M|
|teampreview|4
|showteam|p1|Pelipper||FocusSash|Drizzle|Uturn,Tailwind,Hurricane,Protect|||F|||50|,,,,,Water]Archaludon||LifeOrb|Stamina|ElectroShot,FlashCannon,DragonPulse,Protect|||M|||50|,,,,,Steel]Raichu||SitrusBerry|LightningRod|Protect,FakeOut,Nuzzle,VoltSwitch|||M|||50|,,,,,Electric]Primarina||AssaultVest|LiquidVoice|HyperVoice,Moonblast,DazzlingGleam,LightScreen|||M|||50|,,,,,Water]Indeedee-F||MentalHerb|PsychicSurge|TrickRoom,Psychic,SkillSwap,HelpingHand|||F|||50|,,,,,Psychic]Gyarados||Leftovers|Intimidate|TeraBlast,Protect,DragonDance,Waterfall|||F|||50|,,,,,Flying
|showteam|p2|Gholdengo||GrassySeed|GoodasGold|NastyPlot,MakeItRain,ShadowBall,Protect||||||50|,,,,,Water]Sneasler||WhiteHerb|Unburden|CloseCombat,DireClaw,Coaching,Protect|||M|||50|,,,,,Ghost]Rillaboom||AssaultVest|GrassySurge|FakeOut,GrassyGlide,DrumBeating,HighHorsepower|||M|||50|,,,,,Fire]Dragonite||LoadedDice|Multiscale|ScaleShot,StompingTantrum,Tailwind,Protect|||M|||50|,,,,,Ground]Ninetales-Alola||FocusSash|SnowWarning|Blizzard,IcyWind,Encore,AuroraVeil|||F|||50|,,,,,Ghost]Arcanine-Hisui||ClearAmulet|Intimidate|RockSlide,FlareBlitz,ExtremeSpeed,Protect|||M|||50|,,,,,Water
|inactive|Battle timer is ON: inactive players will automatically lose when time's up. (requested by taillow40)
|j| takua1495
|inactive|taillow40 has 60 seconds left.
|inactive|roman_legend has 60 seconds left.
|inactive|taillow40 has 30 seconds left.
|inactive|taillow40 has 20 seconds left.
|
|t:|1756914536
|teamsize|p1|4
|teamsize|p2|4
|start
|switch|p1a: Archaludon|Archaludon, L50, M|100/100
|switch|p1b: Gyarados|Gyarados, L50, F|100/100
|switch|p2a: Gholdengo|Gholdengo, L50, shiny|100/100
|switch|p2b: Rillaboom|Rillaboom, L50, M|100/100
|-fieldstart|move: Grassy Terrain|[from] ability: Grassy Surge|[of] p2b: Rillaboom
|-enditem|p2a: Gholdengo|Grassy Seed
|-boost|p2a: Gholdengo|def|1|[from] item: Grassy Seed
|-ability|p1b: Gyarados|Intimidate|boost
|-unboost|p2a: Gholdengo|atk|1
|-unboost|p2b: Rillaboom|atk|1
|turn|1
|inactive|taillow40 has 30 seconds left.
|inactive|roman_legend has 30 seconds left.
|inactive|taillow40 has 20 seconds left.
|inactive|roman_legend has 20 seconds left.
|inactive|taillow40 has 15 seconds left.
|inactive|roman_legend has 15 seconds left.
|inactive|taillow40 has 10 seconds left.
|inactive|roman_legend has 10 seconds left.
|inactive|taillow40 has 5 seconds left.
|
|t:|1756914589
|move|p1b: Gyarados|Protect|p1b: Gyarados
|-singleturn|p1b: Gyarados|Protect
|move|p2b: Rillaboom|Fake Out|p1b: Gyarados
|-activate|p1b: Gyarados|move: Protect
|move|p2a: Gholdengo|Nasty Plot|p2a: Gholdengo
|-boost|p2a: Gholdengo|spa|2
|move|p1a: Archaludon|Electro Shot||[still]
|-prepare|p1a: Archaludon|Electro Shot
|-boost|p1a: Archaludon|spa|1
|
|upkeep
|turn|2
|inactive|taillow40 has 30 seconds left.
|inactive|roman_legend has 30 seconds left.
|
|t:|1756914622
|move|p2a: Gholdengo|Protect|p2a: Gholdengo
|-singleturn|p2a: Gholdengo|Protect
|move|p2b: Rillaboom|Drum Beating|p1a: Archaludon
|-resisted|p1a: Archaludon
|-damage|p1a: Archaludon|94/100
|-unboost|p1a: Archaludon|spe|1
|-ability|p1a: Archaludon|Stamina|boost
|-boost|p1a: Archaludon|def|1
|move|p1b: Gyarados|Waterfall|p2a: Gholdengo
|-activate|p2a: Gholdengo|move: Protect
|move|p1a: Archaludon|Electro Shot|p2a: Gholdengo|[from] lockedmove
|-activate|p2a: Gholdengo|move: Protect
|
|-heal|p1a: Archaludon|100/100|[from] Grassy Terrain
|upkeep
|turn|3
|inactive|taillow40 has 30 seconds left.
|inactive|roman_legend has 30 seconds left.
|
|t:|1756914653
|move|p1b: Gyarados|Protect|p1b: Gyarados
|-singleturn|p1b: Gyarados|Protect
|move|p2b: Rillaboom|High Horsepower|p1a: Archaludon
|-supereffective|p1a: Archaludon
|-damage|p1a: Archaludon|82/100
|-ability|p1a: Archaludon|Stamina|boost
|-boost|p1a: Archaludon|def|1
|move|p2a: Gholdengo|Shadow Ball|p1a: Archaludon
|-damage|p1a: Archaludon|0 fnt
|faint|p1a: Archaludon
|
|upkeep
|
|t:|1756914670
|switch|p1a: Pelipper|Pelipper, L50, F|100/100
|-weather|RainDance|[from] ability: Drizzle|[of] p1a: Pelipper
|turn|4
|
|t:|1756914691
|-terastallize|p2a: Gholdengo|Water
|move|p2b: Rillaboom|Grassy Glide|p1a: Pelipper
|-damage|p1a: Pelipper|77/100
|move|p2a: Gholdengo|Shadow Ball|p1a: Pelipper
|-damage|p1a: Pelipper|0 fnt
|faint|p1a: Pelipper
|move|p1b: Gyarados|Waterfall|p2a: Gholdengo
|-resisted|p2a: Gholdengo
|-damage|p2a: Gholdengo|82/100
|
|-weather|RainDance|[upkeep]
|-heal|p2a: Gholdengo|88/100|[from] Grassy Terrain
|upkeep
|
|t:|1756914702
|switch|p1a: Indeedee|Indeedee-F, L50, F|100/100
|-fieldstart|move: Psychic Terrain|[from] ability: Psychic Surge|[of] p1a: Indeedee
|turn|5
|
|t:|1756914727
|switch|p2b: Ninetales|Ninetales-Alola, L50, F|100/100
|-weather|Snowscape|[from] ability: Snow Warning|[of] p2b: Ninetales
|-terastallize|p1a: Indeedee|Psychic
|move|p2a: Gholdengo|Nasty Plot|p2a: Gholdengo
|-boost|p2a: Gholdengo|spa|2
|move|p1a: Indeedee|Psychic|p2a: Gholdengo
|-damage|p2a: Gholdengo|25/100
|move|p1b: Gyarados|Dragon Dance|p1b: Gyarados
|-boost|p1b: Gyarados|atk|1
|-boost|p1b: Gyarados|spe|1
|
|-weather|Snowscape|[upkeep]
|upkeep
|turn|6
|inactive|taillow40 has 30 seconds left.
|inactive|roman_legend has 30 seconds left.
|inactive|taillow40 has 20 seconds left.
|inactive|roman_legend has 20 seconds left.
|inactive|roman_legend has 15 seconds left.
|
|t:|1756914773
|move|p1a: Indeedee|Helping Hand|p1b: Gyarados
|-singleturn|p1b: Gyarados|Helping Hand|[of] p1a: Indeedee
|move|p2a: Gholdengo|Protect|p2a: Gholdengo
|-singleturn|p2a: Gholdengo|Protect
|move|p2b: Ninetales|Icy Wind|p1a: Indeedee|[spread] p1a,p1b
|-damage|p1a: Indeedee|83/100
|-damage|p1b: Gyarados|84/100
|-unboost|p1a: Indeedee|spe|1
|-unboost|p1b: Gyarados|spe|1
|move|p1b: Gyarados|Tera Blast|p2a: Gholdengo
|-activate|p2a: Gholdengo|move: Protect
|
|-weather|Snowscape|[upkeep]
|-heal|p1b: Gyarados|90/100|[from] item: Leftovers
|upkeep
|turn|7
|inactive|roman_legend has 30 seconds left.
|
|t:|1756914803
|move|p1a: Indeedee|Helping Hand|p1b: Gyarados
|-singleturn|p1b: Gyarados|Helping Hand|[of] p1a: Indeedee
|move|p2b: Ninetales|Encore|p1a: Indeedee
|-start|p1a: Indeedee|Encore
|-enditem|p1a: Indeedee|Mental Herb
|-end|p1a: Indeedee|Encore
|move|p2a: Gholdengo|Shadow Ball|p1b: Gyarados
|-damage|p1b: Gyarados|0 fnt
|faint|p1b: Gyarados
|
|-weather|Snowscape|[upkeep]
|upkeep
|turn|8
|inactive|taillow40 has 30 seconds left.
|
|t:|1756914836
|move|p2b: Ninetales|Blizzard|p1a: Indeedee
|-damage|p1a: Indeedee|39/100
|move|p2a: Gholdengo|Shadow Ball|p1a: Indeedee
|-supereffective|p1a: Indeedee
|-damage|p1a: Indeedee|0 fnt
|faint|p1a: Indeedee
|
|win|roman_legend
||roman_legend is ready for game 2.
||taillow40 is ready for game 2.
|uhtml|next|Next: Game 2 of 3
