|j|☆Bobbo1
|j|☆LeonardPlayz
|html|Bobbo1LeonardPlayz    
|uhtml|bestof|Game 2 of a best-of-3
|t:|1783422423
|gametype|doubles
|player|p1|Bobbo1|ghetsis|1078
|player|p2|LeonardPlayz|hilbert-wonderlauncher|1118
|gen|9
|tier|[Gen 9 Champions] VGC 2026 Reg M-B (Bo3)
|rated|
|rule|Species Clause: Limit one of each Pokémon
|rule|Item Clause: Limit 1 of each item
|clearpoke
|poke|p1|Gyarados, L50, F|
|poke|p1|Metagross, L50|
|poke|p1|Blaziken, L50, M|
|poke|p1|Sinistcha, L50|
|poke|p1|Sneasler, L50, M|
|poke|p1|Sylveon, L50, M|
|poke|p2|Metagross, L50|
|poke|p2|Aerodactyl, L50, F|
|poke|p2|Mamoswine, L50, M|
|poke|p2|Grimmsnarl, L50, M|
|poke|p2|Sinistcha, L50|
|poke|p2|Toxicroak, L50, M|
|teampreview|4
|showteam|p1|Gyarados||Gyaradosite|Intimidate|Protect,Waterfall,Crunch,DragonDance|Adamant||F|||50|]Metagross||Metagrossite|ClearBody|Protect,PsychicFangs,IronHead,StompingTantrum|Adamant|||||50|]Blaziken||FocusSash|SpeedBoost|Protect,HeatWave,AuraSphere,Coaching|Timid||M|||50|]Sinistcha||SitrusBerry|Hospitality|Protect,MatchaGotcha,LifeDew,RagePowder|Bold|||||50|]Sneasler||WhiteHerb|Unburden|CloseCombat,DireClaw,Coaching,FakeOut|Jolly||M|||50|]Sylveon||FairyFeather|Pixilate|Protect,HyperVoice,Yawn,QuickAttack|Modest||M|||50|
|showteam|p2|Metagross||Metagrossite|ClearBody|PsychicFangs,IronHead,RockSlide,Protect|Naughty|||||50|]Aerodactyl||Aerodactylite|RockHead|Tailwind,RockSlide,DualWingbeat,Protect|Jolly||F|||50|]Mamoswine||LifeOrb|Oblivious|IceShard,HighHorsepower,RockSlide,Protect|Adamant||M|||50|]Grimmsnarl||LightClay|Prankster|FoulPlay,PartingShot,Reflect,LightScreen|Impish||M|||50|]Sinistcha||SitrusBerry|Hospitality|RagePowder,MatchaGotcha,TrickRoom,Protect|Modest|||||50|]Toxicroak||WhiteHerb|DrySkin|FakeOut,CloseCombat,PoisonJab,Feint|Adamant||M|||50|
|inactive|Battle timer is ON: inactive players will automatically lose when time's up. (requested by LeonardPlayz)
|inactive|Bobbo1 has 60 seconds left.
|inactive|LeonardPlayz has 60 seconds left.
|inactive|Bobbo1 has 30 seconds left.
|inactive|LeonardPlayz has 30 seconds left.
|
|t:|1783422488
|teamsize|p1|4
|teamsize|p2|4
|start
|switch|p1a: Metagross|Metagross, L50|100/100
|switch|p1b: Sylveon|Sylveon, L50, M|100/100
|switch|p2a: Hot To Go|Sinistcha, L50|100/100
|switch|p2b: Grimmsnarl|Grimmsnarl, L50, M|100/100
|turn|1
|
|t:|1783422499
|switch|p2b: Revenue|Metagross, L50|100/100
|detailschange|p1a: Metagross|Metagross-Mega, L50
|-mega|p1a: Metagross|Metagross|Metagrossite
|move|p1a: Metagross|Iron Head|p2b: Revenue
|-resisted|p2b: Revenue|1
|-damage|p2b: Revenue|73/100
|move|p1b: Sylveon|Hyper Voice|p2a: Hot To Go|[spread] p2a,p2b
|-resisted|p2b: Revenue|1
|-damage|p2a: Hot To Go|56/100
|-damage|p2b: Revenue|45/100
|move|p2a: Hot To Go|Trick Room|p2a: Hot To Go
|-fieldstart|move: Trick Room|[of] p2a: Hot To Go
|
|upkeep
|turn|2
|
|t:|1783422518
|switch|p2a: Grimmsnarl|Grimmsnarl, L50, M|100/100
|move|p1b: Sylveon|Protect|p1b: Sylveon
|-singleturn|p1b: Sylveon|Protect
|move|p2b: Revenue|Protect|p2b: Revenue
|-singleturn|p2b: Revenue|Protect
|move|p1a: Metagross|Stomping Tantrum|p2b: Revenue
|-activate|p2b: Revenue|move: Protect
|
|upkeep
|turn|3
|
|t:|1783422534
|move|p2a: Grimmsnarl|Foul Play|p1a: Metagross
|-supereffective|p1a: Metagross|1
|-damage|p1a: Metagross|34/100
|move|p1b: Sylveon|Hyper Voice|p2a: Grimmsnarl|[spread] p2a,p2b
|-supereffective|p2a: Grimmsnarl|1
|-resisted|p2b: Revenue|1
|-damage|p2a: Grimmsnarl|15/100
|-damage|p2b: Revenue|16/100
|move|p2b: Revenue|Iron Head|p1b: Sylveon
|-supereffective|p1b: Sylveon|1
|-damage|p1b: Sylveon|15/100
|move|p1a: Metagross|Stomping Tantrum|p2b: Revenue
|-supereffective|p2b: Revenue|1
|-damage|p2b: Revenue|0 fnt
|faint|p2b: Revenue
|
|upkeep
|
|t:|1783422546
|switch|p2b: Mamoswine|Mamoswine, L50, M|100/100
|turn|4
|
|t:|1783422564
|move|p2b: Mamoswine|Ice Shard|p1b: Sylveon
|-damage|p1b: Sylveon|0 fnt
|faint|p1b: Sylveon
|-damage|p2b: Mamoswine|90/100|[from] item: Life Orb
|move|p2a: Grimmsnarl|Foul Play|p1a: Metagross
|-supereffective|p1a: Metagross|1
|-damage|p1a: Metagross|0 fnt
|faint|p1a: Metagross
|
|upkeep
|
|t:|1783422568
|switch|p1b: Sneasler|Sneasler, L50, M|100/100
|switch|p1a: Sinistcha|Sinistcha, L50|100/100
|turn|5
|
|t:|1783422587
|move|p2b: Mamoswine|Protect|p2b: Mamoswine
|-singleturn|p2b: Mamoswine|Protect
|move|p1b: Sneasler|Fake Out|p2a: Grimmsnarl
|-damage|p2a: Grimmsnarl|2/100
|cant|p2a: Grimmsnarl|flinch
|move|p1a: Sinistcha|Matcha Gotcha|p2b: Mamoswine|[spread] p2a
|-activate|p2b: Mamoswine|move: Protect
|-damage|p2a: Grimmsnarl|0 fnt
|faint|p2a: Grimmsnarl
|
|-fieldend|move: Trick Room
|upkeep
|
|t:|1783422595
|switch|p2a: Hot To Go|Sinistcha, L50|56/100
|-heal|p2b: Mamoswine|100/100|[from] ability: Hospitality|[of] p2a: Hot To Go
|turn|6
|
|t:|1783422611
|move|p2a: Hot To Go|Rage Powder|p2a: Hot To Go
|-singleturn|p2a: Hot To Go|move: Rage Powder
|move|p1b: Sneasler|Close Combat|p2a: Hot To Go
|-immune|p2a: Hot To Go
|move|p2b: Mamoswine|High Horsepower|p1b: Sneasler
|-supereffective|p1b: Sneasler|1
|-damage|p1b: Sneasler|0 fnt
|faint|p1b: Sneasler
|-damage|p2b: Mamoswine|90/100|[from] item: Life Orb
|move|p1a: Sinistcha|Matcha Gotcha|p2b: Mamoswine|[spread] p2b
|-miss|p1a: Sinistcha|p2a: Hot To Go
|-supereffective|p2b: Mamoswine|1
|-crit|p2b: Mamoswine
|-damage|p2b: Mamoswine|0 fnt
|faint|p2b: Mamoswine
|
|upkeep
|turn|7
|
|t:|1783422625
|move|p1a: Sinistcha|Matcha Gotcha|p2a: Hot To Go|[miss]
|-miss|p1a: Sinistcha|p2a: Hot To Go
|move|p2a: Hot To Go|Matcha Gotcha|p1a: Sinistcha
|-resisted|p1a: Sinistcha|1
|-damage|p1a: Sinistcha|79/100
|-heal|p2a: Hot To Go|67/100|[from] drain|[of] p1a: Sinistcha
|
|upkeep
|turn|8
|
|t:|1783422635
|move|p1a: Sinistcha|Matcha Gotcha|p2a: Hot To Go|[miss]
|-miss|p1a: Sinistcha|p2a: Hot To Go
|move|p2a: Hot To Go|Trick Room|p2a: Hot To Go
|-fieldstart|move: Trick Room|[of] p2a: Hot To Go
|
|upkeep
|turn|9
|
|t:|1783422642
|move|p1a: Sinistcha|Matcha Gotcha|p2a: Hot To Go|[miss]
|-miss|p1a: Sinistcha|p2a: Hot To Go
|move|p2a: Hot To Go|Matcha Gotcha|p1a: Sinistcha|[miss]
|-miss|p2a: Hot To Go|p1a: Sinistcha
|
|upkeep
|turn|10
|c|☆LeonardPlayz|speed tie?
|
|t:|1783422650
|move|p2a: Hot To Go|Matcha Gotcha|p1a: Sinistcha
|-resisted|p1a: Sinistcha|1
|-damage|p1a: Sinistcha|60/100
|-heal|p2a: Hot To Go|78/100|[from] drain|[of] p1a: Sinistcha
|-status|p1a: Sinistcha|brn
|move|p1a: Sinistcha|Matcha Gotcha|p2a: Hot To Go
|-resisted|p2a: Hot To Go|1
|-crit|p2a: Hot To Go
|-damage|p2a: Hot To Go|54/100
|-heal|p1a: Sinistcha|71/100 brn|[from] drain|[of] p2a: Hot To Go
|
|-damage|p1a: Sinistcha|65/100 brn|[from] brn
|upkeep
|turn|11
|
|t:|1783422663
|move|p1a: Sinistcha|Matcha Gotcha|p2a: Hot To Go
|-resisted|p2a: Hot To Go|1
|-damage|p2a: Hot To Go|38/100
|-heal|p1a: Sinistcha|73/100 brn|[from] drain|[of] p2a: Hot To Go
|-enditem|p2a: Hot To Go|Sitrus Berry|[eat]
|-heal|p2a: Hot To Go|63/100|[from] item: Sitrus Berry
|move|p2a: Hot To Go|Matcha Gotcha|p1a: Sinistcha
|-resisted|p1a: Sinistcha|1
|-damage|p1a: Sinistcha|54/100 brn
|-heal|p2a: Hot To Go|73/100|[from] drain|[of] p1a: Sinistcha
|
|-damage|p1a: Sinistcha|48/100 brn|[from] brn
|upkeep
|-enditem|p1a: Sinistcha|Sitrus Berry|[eat]
|-heal|p1a: Sinistcha|73/100 brn|[from] item: Sitrus Berry
|turn|12
|
|t:|1783422674
|move|p2a: Hot To Go|Matcha Gotcha|p1a: Sinistcha
|-resisted|p1a: Sinistcha|1
|-damage|p1a: Sinistcha|54/100 brn
|-heal|p2a: Hot To Go|83/100|[from] drain|[of] p1a: Sinistcha
|move|p1a: Sinistcha|Matcha Gotcha|p2a: Hot To Go
|-resisted|p2a: Hot To Go|1
|-damage|p2a: Hot To Go|66/100
|-heal|p1a: Sinistcha|62/100 brn|[from] drain|[of] p2a: Hot To Go
|
|-damage|p1a: Sinistcha|56/100 brn|[from] brn
|-fieldend|move: Trick Room
|upkeep
|turn|13
|
|t:|1783422690
|move|p2a: Hot To Go|Protect|p2a: Hot To Go
|-singleturn|p2a: Hot To Go|Protect
|move|p1a: Sinistcha|Life Dew|p1a: Sinistcha
|-heal|p1a: Sinistcha|82/100 brn
|
|-damage|p1a: Sinistcha|75/100 brn|[from] brn
|upkeep
|turn|14
|
|t:|1783422697
|move|p1a: Sinistcha|Life Dew|p1a: Sinistcha
|-heal|p1a: Sinistcha|100/100 brn
|move|p2a: Hot To Go|Matcha Gotcha|p1a: Sinistcha
|-resisted|p1a: Sinistcha|1
|-damage|p1a: Sinistcha|80/100 brn
|-heal|p2a: Hot To Go|76/100|[from] drain|[of] p1a: Sinistcha
|
|-damage|p1a: Sinistcha|74/100 brn|[from] brn
|upkeep
|turn|15
|
|t:|1783422706
|move|p2a: Hot To Go|Protect|p2a: Hot To Go
|-singleturn|p2a: Hot To Go|Protect
|move|p1a: Sinistcha|Matcha Gotcha|p2a: Hot To Go
|-activate|p2a: Hot To Go|move: Protect
|
|-damage|p1a: Sinistcha|67/100 brn|[from] brn
|upkeep
|turn|16
|
|t:|1783422713
|move|p1a: Sinistcha|Life Dew|p1a: Sinistcha
|-heal|p1a: Sinistcha|93/100 brn
|move|p2a: Hot To Go|Matcha Gotcha|p1a: Sinistcha
|-resisted|p1a: Sinistcha|1
|-damage|p1a: Sinistcha|73/100 brn
|-heal|p2a: Hot To Go|87/100|[from] drain|[of] p1a: Sinistcha
|
|-damage|p1a: Sinistcha|67/100 brn|[from] brn
|upkeep
|turn|17
|
|t:|1783422720
|move|p2a: Hot To Go|Protect|p2a: Hot To Go
|-singleturn|p2a: Hot To Go|Protect
|move|p1a: Sinistcha|Life Dew|p1a: Sinistcha
|-heal|p1a: Sinistcha|92/100 brn
|
|-damage|p1a: Sinistcha|86/100 brn|[from] brn
|upkeep
|turn|18
|
|t:|1783422725
|move|p2a: Hot To Go|Protect||[still]
|-fail|p2a: Hot To Go
|move|p1a: Sinistcha|Life Dew|p1a: Sinistcha
|-heal|p1a: Sinistcha|100/100 brn
|
|-damage|p1a: Sinistcha|93/100 brn|[from] brn
|upkeep
|turn|19
|
|t:|1783422730
|move|p2a: Hot To Go|Protect|p2a: Hot To Go
|-singleturn|p2a: Hot To Go|Protect
|move|p1a: Sinistcha|Life Dew|p1a: Sinistcha
|-heal|p1a: Sinistcha|100/100 brn
|
|-damage|p1a: Sinistcha|93/100 brn|[from] brn
|upkeep
|turn|20
|
|t:|1783422738
|move|p2a: Hot To Go|Rage Powder|p2a: Hot To Go
|-singleturn|p2a: Hot To Go|move: Rage Powder
|move|p1a: Sinistcha|Matcha Gotcha|p2a: Hot To Go
|-resisted|p2a: Hot To Go|1
|-damage|p2a: Hot To Go|69/100
|-heal|p1a: Sinistcha|100/100 brn|[from] drain|[of] p2a: Hot To Go
|
|-damage|p1a: Sinistcha|93/100 brn|[from] brn
|upkeep
|turn|21
|
|t:|1783422752
|move|p2a: Hot To Go|Matcha Gotcha|p1a: Sinistcha
|-resisted|p1a: Sinistcha|1
|-damage|p1a: Sinistcha|74/100 brn
|-heal|p2a: Hot To Go|79/100|[from] drain|[of] p1a: Sinistcha
|move|p1a: Sinistcha|Life Dew|p1a: Sinistcha
|-heal|p1a: Sinistcha|99/100 brn
|
|-damage|p1a: Sinistcha|93/100 brn|[from] brn
|upkeep
|turn|22
|
|t:|1783422759
|move|p2a: Hot To Go|Matcha Gotcha|p1a: Sinistcha
|-resisted|p1a: Sinistcha|1
|-damage|p1a: Sinistcha|75/100 brn
|-heal|p2a: Hot To Go|89/100|[from] drain|[of] p1a: Sinistcha
|move|p1a: Sinistcha|Life Dew|p1a: Sinistcha
|-heal|p1a: Sinistcha|100/100 brn
|
|-damage|p1a: Sinistcha|93/100 brn|[from] brn
|upkeep
|turn|23
|
|t:|1783422772
|move|p1a: Sinistcha|Life Dew|p1a: Sinistcha
|-heal|p1a: Sinistcha|100/100 brn
|move|p2a: Hot To Go|Matcha Gotcha|p1a: Sinistcha
|-resisted|p1a: Sinistcha|1
|-damage|p1a: Sinistcha|80/100 brn
|-heal|p2a: Hot To Go|99/100|[from] drain|[of] p1a: Sinistcha
|
|-damage|p1a: Sinistcha|74/100 brn|[from] brn
|upkeep
|turn|24
|
|t:|1783422787
|move|p1a: Sinistcha|Life Dew|p1a: Sinistcha
|-heal|p1a: Sinistcha|100/100 brn
|move|p2a: Hot To Go|Trick Room|p2a: Hot To Go
|-fieldstart|move: Trick Room|[of] p2a: Hot To Go
|
|-damage|p1a: Sinistcha|93/100 brn|[from] brn
|upkeep
|turn|25
|
|t:|1783422802
|move|p1a: Sinistcha|Protect|p1a: Sinistcha
|-singleturn|p1a: Sinistcha|Protect
|move|p2a: Hot To Go|Protect||[still]
|-fail|p2a: Hot To Go
|
|-damage|p1a: Sinistcha|87/100 brn|[from] brn
|upkeep
|turn|26
|
|t:|1783422808
|move|p2a: Hot To Go|Rage Powder|p2a: Hot To Go
|-singleturn|p2a: Hot To Go|move: Rage Powder
|move|p1a: Sinistcha|Life Dew|p1a: Sinistcha
|-heal|p1a: Sinistcha|100/100 brn
|
|-damage|p1a: Sinistcha|93/100 brn|[from] brn
|upkeep
|turn|27
|
|t:|1783422813
|move|p1a: Sinistcha|Rage Powder|p1a: Sinistcha
|-singleturn|p1a: Sinistcha|move: Rage Powder
|move|p2a: Hot To Go|Rage Powder|p2a: Hot To Go
|-singleturn|p2a: Hot To Go|move: Rage Powder
|
|-damage|p1a: Sinistcha|87/100 brn|[from] brn
|upkeep
|turn|28
|
|t:|1783422819
|move|p1a: Sinistcha|Rage Powder|p1a: Sinistcha
|-singleturn|p1a: Sinistcha|move: Rage Powder
|move|p2a: Hot To Go|Trick Room|p2a: Hot To Go
|-fieldend|move: Trick Room
|
|-damage|p1a: Sinistcha|81/100 brn|[from] brn
|upkeep
|turn|29
|
|t:|1783422828
|move|p1a: Sinistcha|Rage Powder|p1a: Sinistcha
|-singleturn|p1a: Sinistcha|move: Rage Powder
|move|p2a: Hot To Go|Trick Room|p2a: Hot To Go
|-fieldstart|move: Trick Room|[of] p2a: Hot To Go
|
|-damage|p1a: Sinistcha|75/100 brn|[from] brn
|upkeep
|turn|30
|
|t:|1783422833
|move|p1a: Sinistcha|Life Dew|p1a: Sinistcha
|-heal|p1a: Sinistcha|100/100 brn
|move|p2a: Hot To Go|Trick Room|p2a: Hot To Go
|-fieldend|move: Trick Room
|
|-damage|p1a: Sinistcha|93/100 brn|[from] brn
|upkeep
|turn|31
|
|t:|1783422841
|move|p1a: Sinistcha|Rage Powder|p1a: Sinistcha
|-singleturn|p1a: Sinistcha|move: Rage Powder
|move|p2a: Hot To Go|Trick Room|p2a: Hot To Go
|-fieldstart|move: Trick Room|[of] p2a: Hot To Go
|
|-damage|p1a: Sinistcha|87/100 brn|[from] brn
|upkeep
|turn|32
|
|t:|1783422850
|move|p1a: Sinistcha|Matcha Gotcha|p2a: Hot To Go
|-resisted|p2a: Hot To Go|1
|-damage|p2a: Hot To Go|81/100
|-heal|p1a: Sinistcha|96/100 brn|[from] drain|[of] p2a: Hot To Go
|move|p2a: Hot To Go|Trick Room|p2a: Hot To Go
|-fieldend|move: Trick Room
|
|-damage|p1a: Sinistcha|89/100 brn|[from] brn
|upkeep
|turn|33
|
|t:|1783422860
|move|p2a: Hot To Go|Rage Powder|p2a: Hot To Go
|-singleturn|p2a: Hot To Go|move: Rage Powder
|move|p1a: Sinistcha|Rage Powder|p1a: Sinistcha
|-singleturn|p1a: Sinistcha|move: Rage Powder
|
|-damage|p1a: Sinistcha|83/100 brn|[from] brn
|upkeep
|turn|34
|
|t:|1783422865
|move|p1a: Sinistcha|Matcha Gotcha|p2a: Hot To Go
|-resisted|p2a: Hot To Go|1
|-damage|p2a: Hot To Go|62/100
|-heal|p1a: Sinistcha|92/100 brn|[from] drain|[of] p2a: Hot To Go
|-status|p2a: Hot To Go|brn
|move|p2a: Hot To Go|Matcha Gotcha|p1a: Sinistcha
|-resisted|p1a: Sinistcha|1
|-damage|p1a: Sinistcha|71/100 brn
|-heal|p2a: Hot To Go|73/100 brn|[from] drain|[of] p1a: Sinistcha
|
|-damage|p2a: Hot To Go|68/100 brn|[from] brn
|-damage|p1a: Sinistcha|65/100 brn|[from] brn
|upkeep
|turn|35
|
|t:|1783422879
|move|p2a: Hot To Go|Rage Powder|p2a: Hot To Go
|-singleturn|p2a: Hot To Go|move: Rage Powder
|move|p1a: Sinistcha|Matcha Gotcha|p2a: Hot To Go
|-resisted|p2a: Hot To Go|1
|-damage|p2a: Hot To Go|49/100 brn
|-heal|p1a: Sinistcha|74/100 brn|[from] drain|[of] p2a: Hot To Go
|
|-damage|p2a: Hot To Go|43/100 brn|[from] brn
|-damage|p1a: Sinistcha|68/100 brn|[from] brn
|upkeep
|turn|36
|
|t:|1783422887
|move|p1a: Sinistcha|Matcha Gotcha|p2a: Hot To Go
|-resisted|p2a: Hot To Go|1
|-damage|p2a: Hot To Go|26/100 brn
|-heal|p1a: Sinistcha|76/100 brn|[from] drain|[of] p2a: Hot To Go
|move|p2a: Hot To Go|Matcha Gotcha|p1a: Sinistcha
|-resisted|p1a: Sinistcha|1
|-damage|p1a: Sinistcha|56/100 brn
|-heal|p2a: Hot To Go|36/100 brn|[from] drain|[of] p1a: Sinistcha
|
|-damage|p2a: Hot To Go|30/100 brn|[from] brn
|-damage|p1a: Sinistcha|50/100g brn|[from] brn
|upkeep
|turn|37
|
|t:|1783422898
|move|p2a: Hot To Go|Matcha Gotcha|p1a: Sinistcha
|-resisted|p1a: Sinistcha|1
|-damage|p1a: Sinistcha|32/100 brn
|-heal|p2a: Hot To Go|40/100 brn|[from] drain|[of] p1a: Sinistcha
|move|p1a: Sinistcha|Matcha Gotcha|p2a: Hot To Go
|-resisted|p2a: Hot To Go|1
|-damage|p2a: Hot To Go|23/100 brn
|-heal|p1a: Sinistcha|40/100 brn|[from] drain|[of] p2a: Hot To Go
|
|-damage|p2a: Hot To Go|17/100 brn|[from] brn
|-damage|p1a: Sinistcha|34/100 brn|[from] brn
|upkeep
|turn|38
|
|t:|1783422904
|move|p1a: Sinistcha|Protect|p1a: Sinistcha
|-singleturn|p1a: Sinistcha|Protect
|move|p2a: Hot To Go|Matcha Gotcha|p1a: Sinistcha
|-activate|p1a: Sinistcha|move: Protect
|
|-damage|p2a: Hot To Go|11/100 brn|[from] brn
|-damage|p1a: Sinistcha|28/100 brn|[from] brn
|upkeep
|turn|39
|
|t:|1783422919
|move|p1a: Sinistcha|Matcha Gotcha|p2a: Hot To Go|[miss]
|-miss|p1a: Sinistcha|p2a: Hot To Go
|move|p2a: Hot To Go|Matcha Gotcha|p1a: Sinistcha
|-resisted|p1a: Sinistcha|1
|-damage|p1a: Sinistcha|8/100 brn
|-heal|p2a: Hot To Go|21/100 brn|[from] drain|[of] p1a: Sinistcha
|
|-damage|p2a: Hot To Go|15/100 brn|[from] brn
|-damage|p1a: Sinistcha|2/100 brn|[from] brn
|upkeep
|turn|40
|
|t:|1783422927
|move|p1a: Sinistcha|Protect|p1a: Sinistcha
|-singleturn|p1a: Sinistcha|Protect
|move|p2a: Hot To Go|Protect||[still]
|-fail|p2a: Hot To Go
|
|-damage|p2a: Hot To Go|9/100 brn|[from] brn
|-damage|p1a: Sinistcha|0 fnt|[from] brn
|faint|p1a: Sinistcha
|
|win|LeonardPlayz
||Bobbo1 is ready for game 3.
||LeonardPlayz is ready for game 3.
|uhtml|next|Next: Game 3 of 3
|l|☆Bobbo1
|player|p1|
