|j|☆BreadPudding248
|j|☆private eyeZ
|html|BreadPudding248private eyeZ    
|uhtml|bestof|Game 2 of a best-of-3
|t:|1785204129
|gametype|doubles
|player|p1|BreadPudding248|169|1493
|player|p2|private eyeZ|#dwcopv|1486
|gen|9
|tier|[Gen 9 Champions] VGC 2026 Reg M-B (Bo3)
|rated|
|rule|Species Clause: Limit one of each Pokémon
|rule|Item Clause: Limit 1 of each item
|clearpoke
|poke|p1|Incineroar, L50, M|
|poke|p1|Kingambit, L50, M|
|poke|p1|Sinistcha, L50|
|poke|p1|Sneasler, L50, M|
|poke|p1|Blastoise, L50, F|
|poke|p1|Delphox, L50, F|
|poke|p2|Basculegion, L50, M|
|poke|p2|Venusaur, L50, F|
|poke|p2|Corviknight, L50, F|
|poke|p2|Hydreigon, L50, F|
|poke|p2|Tyranitar, L50, M|
|poke|p2|Arcanine-Hisui, L50, F|
|teampreview|4
|showteam|p1|Incineroar||SitrusBerry|Intimidate|FakeOut,FlareBlitz,ThroatChop,PartingShot|Impish||M|||50|]Kingambit||BlackGlasses|Defiant|KowtowCleave,SuckerPunch,SwordsDance,Protect|Adamant||M|||50|]Sinistcha||ColburBerry|Hospitality|MatchaGotcha,RagePowder,TrickRoom,Protect|Relaxed|||||50|]Sneasler||FocusSash|PoisonTouch|FakeOut,CloseCombat,PoisonJab,QuickGuard|Jolly||M|||50|]Blastoise||Blastoisinite|RainDish|WaterSpout,DarkPulse,ShellSmash,Protect|Modest||F|||50|]Delphox||Delphoxite|Blaze|HeatWave,Psychic,NastyPlot,Protect|Timid||F|||50|
|showteam|p2|Basculegion||SitrusBerry|Adaptability|WaveCrash,LastRespects,AquaJet,Protect|Adamant||M|||50|]Venusaur||Venusaurite|Chlorophyll|GigaDrain,SludgeBomb,EarthPower,Protect|Modest||F|||50|]Corviknight||OccaBerry|MirrorArmor|IronHead,Protect,BraveBird,Tailwind|Adamant||F|||50|]Hydreigon||HabanBerry|Levitate|DarkPulse,DracoMeteor,Protect,EarthPower|Timid||F|||50|]Tyranitar||Tyranitarite|SandStream|RockSlide,KnockOff,LowKick,Protect|Adamant||M|||50|]Arcanine-Hisui||FocusSash|RockHead|HeadSmash,FlareBlitz,Protect,ExtremeSpeed|Jolly||F|||50|
|inactive|Battle timer is ON: inactive players will automatically lose when time's up. (requested by BreadPudding248)
|
|t:|1785204156
|teamsize|p1|4
|teamsize|p2|4
|start
|switch|p1a: Incineroar|Incineroar, L50, M|100/100
|switch|p1b: Blastoise|Blastoise, L50, F|100/100
|switch|p2a: Venusaur|Venusaur, L50, F|100/100
|switch|p2b: Hydreigon|Hydreigon, L50, F|100/100
|-ability|p1a: Incineroar|Intimidate|boost
|-unboost|p2a: Venusaur|atk|1
|-unboost|p2b: Hydreigon|atk|1
|turn|1
|inactive|BreadPudding248 has 30 seconds left.
|inactive|private eyeZ has 30 seconds left.
|inactive|private eyeZ has 20 seconds left.
|
|t:|1785204196
|detailschange|p1b: Blastoise|Blastoise-Mega, L50, F
|-mega|p1b: Blastoise|Blastoise|Blastoisinite
|detailschange|p2a: Venusaur|Venusaur-Mega, L50, F
|-mega|p2a: Venusaur|Venusaur|Venusaurite
|move|p1a: Incineroar|Fake Out|p2a: Venusaur
|-damage|p2a: Venusaur|90/100
|move|p2b: Hydreigon|Dark Pulse|p1b: Blastoise
|-damage|p1b: Blastoise|56/100
|move|p1b: Blastoise|Dark Pulse|p2a: Venusaur
|-damage|p2a: Venusaur|52/100
|cant|p2a: Venusaur|flinch
|
|upkeep
|turn|2
|
|t:|1785204219
|move|p2b: Hydreigon|Earth Power|p1a: Incineroar
|-supereffective|p1a: Incineroar|1
|-damage|p1a: Incineroar|47/100
|-enditem|p1a: Incineroar|Sitrus Berry|[eat]
|-heal|p1a: Incineroar|72/100|[from] item: Sitrus Berry
|move|p1b: Blastoise|Dark Pulse|p2a: Venusaur
|-damage|p2a: Venusaur|14/100
|move|p2a: Venusaur|Earth Power|p1a: Incineroar
|-supereffective|p1a: Incineroar|1
|-damage|p1a: Incineroar|12/100
|move|p1a: Incineroar|Flare Blitz|p2a: Venusaur
|-supereffective|p2a: Venusaur|1
|-damage|p2a: Venusaur|0 fnt
|faint|p2a: Venusaur
|-damage|p1a: Incineroar|8/100|[from] Recoil
|
|upkeep
|
|t:|1785204236
|switch|p2a: Arcanine|Arcanine-Hisui, L50, F|100/100
|turn|3
|
|t:|1785204255
|switch|p1a: Sinistcha|Sinistcha, L50|100/100
|-heal|p1b: Blastoise|81/100|[from] ability: Hospitality|[of] p1a: Sinistcha
|move|p1b: Blastoise|Protect|p1b: Blastoise
|-singleturn|p1b: Blastoise|Protect
|move|p2b: Hydreigon|Earth Power|p1a: Sinistcha
|-resisted|p1a: Sinistcha|1
|-damage|p1a: Sinistcha|84/100
|move|p2a: Arcanine|Head Smash|p1b: Blastoise
|-activate|p1b: Blastoise|move: Protect
|
|upkeep
|turn|4
|inactive|private eyeZ has 30 seconds left.
|
|t:|1785204281
|move|p1a: Sinistcha|Rage Powder|p1a: Sinistcha
|-singleturn|p1a: Sinistcha|move: Rage Powder
|move|p2b: Hydreigon|Dark Pulse|p1a: Sinistcha
|-supereffective|p1a: Sinistcha|1
|-enditem|p1a: Sinistcha|Colbur Berry|[eat]
|-enditem|p1a: Sinistcha|Colbur Berry|[weaken]
|-damage|p1a: Sinistcha|42/100
|move|p2a: Arcanine|Head Smash|p1a: Sinistcha|[miss]
|-miss|p2a: Arcanine|p1a: Sinistcha
|move|p1b: Blastoise|Water Spout|p2a: Arcanine|[spread] p2a,p2b
|-supereffective|p2a: Arcanine|2
|-resisted|p2b: Hydreigon|1
|-crit|p2b: Hydreigon
|-enditem|p2a: Arcanine|Focus Sash
|-damage|p2a: Arcanine|1/100
|-damage|p2b: Hydreigon|50/100g
|
|upkeep
|turn|5
|
|t:|1785204296
|move|p1a: Sinistcha|Rage Powder|p1a: Sinistcha
|-singleturn|p1a: Sinistcha|move: Rage Powder
|move|p2b: Hydreigon|Dark Pulse|p1a: Sinistcha
|-supereffective|p1a: Sinistcha|1
|-damage|p1a: Sinistcha|0 fnt
|faint|p1a: Sinistcha
|move|p2a: Arcanine|Head Smash|p1b: Blastoise
|-damage|p1b: Blastoise|10/100
|move|p1b: Blastoise|Water Spout|p2a: Arcanine|[spread] p2a,p2b
|-supereffective|p2a: Arcanine|2
|-resisted|p2b: Hydreigon|1
|-damage|p2a: Arcanine|0 fnt
|-damage|p2b: Hydreigon|46/100
|faint|p2a: Arcanine
|
|upkeep
|
|t:|1785204306
|switch|p2a: Tyranitar|Tyranitar, L50, M|100/100
|switch|p1a: Sneasler|Sneasler, L50, M|100/100
|-weather|Sandstorm|[from] ability: Sand Stream|[of] p2a: Tyranitar
|turn|6
|
|t:|1785204317
|switch|p1b: Incineroar|Incineroar, L50, M|8/100
|-ability|p1b: Incineroar|Intimidate|boost
|-unboost|p2a: Tyranitar|atk|1
|-unboost|p2b: Hydreigon|atk|1
|move|p2b: Hydreigon|Protect|p2b: Hydreigon
|-singleturn|p2b: Hydreigon|Protect
|move|p1a: Sneasler|Close Combat|p2b: Hydreigon
|-activate|p2b: Hydreigon|move: Protect
|move|p2a: Tyranitar|Rock Slide|p1a: Sneasler|[spread] p1a,p1b
|-resisted|p1a: Sneasler|1
|-supereffective|p1b: Incineroar|1
|-crit|p1b: Incineroar
|-damage|p1a: Sneasler|83/100
|-damage|p1b: Incineroar|0 fnt
|faint|p1b: Incineroar
|
|-weather|Sandstorm|[upkeep]
|-damage|p1a: Sneasler|77/100|[from] Sandstorm
|-damage|p2b: Hydreigon|40/100|[from] Sandstorm
|upkeep
|
|t:|1785204328
|switch|p1b: Blastoise|Blastoise-Mega, L50, F|10/100
|turn|7
|
|t:|1785204334
|move|p2b: Hydreigon|Protect||[still]
|-fail|p2b: Hydreigon
|move|p1a: Sneasler|Close Combat|p2b: Hydreigon
|-supereffective|p2b: Hydreigon|1
|-damage|p2b: Hydreigon|0 fnt
|-unboost|p1a: Sneasler|def|1
|-unboost|p1a: Sneasler|spd|1
|faint|p2b: Hydreigon
|move|p1b: Blastoise|Dark Pulse|p2a: Tyranitar
|-resisted|p2a: Tyranitar|1
|-crit|p2a: Tyranitar
|-damage|p2a: Tyranitar|78/100
|move|p2a: Tyranitar|Rock Slide|p1b: Blastoise|[spread] p1a,p1b
|-resisted|p1a: Sneasler|1
|-damage|p1a: Sneasler|53/100
|-damage|p1b: Blastoise|0 fnt
|faint|p1b: Blastoise
|
|-weather|Sandstorm|[upkeep]
|-damage|p1a: Sneasler|47/100|[from] Sandstorm
|upkeep
|turn|8
|
|t:|1785204347
|move|p1a: Sneasler|Close Combat|p2a: Tyranitar
|-supereffective|p2a: Tyranitar|2
|-damage|p2a: Tyranitar|0 fnt
|-unboost|p1a: Sneasler|def|1
|-unboost|p1a: Sneasler|spd|1
|faint|p2a: Tyranitar
|
|win|BreadPudding248
||BreadPudding248 is ready for game 3.
||private eyeZ is ready for game 3.
|uhtml|next|Next: Game 3 of 3
|l|☆BreadPudding248
|player|p1|
