|j|☆TheLeoj
|j|☆panchotorreess
|html|TheLeojpanchotorreess    
|uhtml|bestof|Game 3 of a best-of-3
|t:|1783690897
|gametype|doubles
|player|p1|TheLeoj|170|1070
|player|p2|panchotorreess|tuber|1072
|gen|9
|tier|[Gen 9 Champions] VGC 2026 Reg M-B (Bo3)
|rated|
|rule|Species Clause: Limit one of each Pokémon
|rule|Item Clause: Limit 1 of each item
|clearpoke
|poke|p1|Gengar, L50, F, shiny|
|poke|p1|Kommo-o, L50, F, shiny|
|poke|p1|Tinkaton, L50, F, shiny|
|poke|p1|Incineroar, L50, M, shiny|
|poke|p1|Politoed, L50, M, shiny|
|poke|p1|Sinistcha, L50, shiny|
|poke|p2|Staraptor, L50, F|
|poke|p2|Whimsicott, L50, M|
|poke|p2|Garchomp, L50, M|
|poke|p2|Basculegion, L50, M|
|poke|p2|Kingambit, L50, F|
|poke|p2|Charizard, L50, M|
|teampreview|4
|showteam|p1|Gengar||Gengarite|CursedBody|Disable,PerishSong,Protect,ShadowBall|Timid||F|||50|]Kommo-o||Leftovers|Soundproof|ClangingScales,ClangorousSoul,AuraSphere,Protect|Modest||F|||50|]Tinkaton||ShucaBerry|MoldBreaker|GigatonHammer,FakeOut,Protect,Encore|Jolly||F|||50|]Incineroar||PasshoBerry|Intimidate|FakeOut,ThroatChop,Protect,PartingShot|Careful||M|||50|]Politoed||SitrusBerry|Drizzle|PerishSong,WeatherBall,Protect,Encore|Bold||M|||50|]Sinistcha||KasibBerry|Hospitality|RagePowder,LifeDew,MatchaGotcha,Protect|Relaxed|||||50|
|showteam|p2|Staraptor||Staraptite|Intimidate|CloseCombat,Uturn,BraveBird,Protect|Jolly||F|||50|]Whimsicott||FocusSash|Prankster|Charm,Encore,Tailwind,Moonblast|Timid||M|||50|]Garchomp||LifeOrb|RoughSkin|Earthquake,DragonClaw,Protect,RockSlide|Jolly||M|||50|]Basculegion||MysticWater|Adaptability|LastRespects,AquaJet,WaveCrash,Protect|Adamant||M|||50|]Kingambit||ChopleBerry|Defiant|IronHead,SuckerPunch,BrickBreak,Protect|Jolly||F|||50|]Charizard||CharizarditeY|Blaze|WeatherBall,HeatWave,SolarBeam,Protect|Modest||M|||50|
|
|t:|1783690954
|teamsize|p1|4
|teamsize|p2|4
|start
|switch|p1a: Gengar|Gengar, L50, F, shiny|100/100
|switch|p1b: Tinkaton|Tinkaton, L50, F, shiny|100/100
|switch|p2a: Garchomp|Garchomp, L50, M|100/100
|switch|p2b: Staraptor|Staraptor, L50, F|100/100
|-ability|p2b: Staraptor|Intimidate|boost
|-unboost|p1a: Gengar|atk|1
|-unboost|p1b: Tinkaton|atk|1
|-ability|p1b: Tinkaton|Mold Breaker
|turn|1
|j| Ctannn
|
|t:|1783691014
|detailschange|p2b: Staraptor|Staraptor-Mega, L50, F
|-mega|p2b: Staraptor|Staraptor|Staraptite
|detailschange|p1a: Gengar|Gengar-Mega, L50, F, shiny
|-mega|p1a: Gengar|Gengar|Gengarite
|move|p1b: Tinkaton|Fake Out|p2a: Garchomp
|-damage|p2a: Garchomp|94/100
|-damage|p1b: Tinkaton|87/100|[from] ability: Rough Skin|[of] p2a: Garchomp
|move|p2b: Staraptor|Brave Bird|p1a: Gengar
|-damage|p1a: Gengar|23/100
|-damage|p2b: Staraptor|74/100|[from] Recoil
|move|p1a: Gengar|Perish Song|p1a: Gengar
|-start|p1a: Gengar|perish3|[silent]
|-start|p1b: Tinkaton|perish3|[silent]
|-start|p2a: Garchomp|perish3|[silent]
|-start|p2b: Staraptor|perish3|[silent]
|-fieldactivate|move: Perish Song
|cant|p2a: Garchomp|flinch
|
|-start|p2b: Staraptor|perish3
|-start|p1a: Gengar|perish3
|-start|p2a: Garchomp|perish3
|-start|p1b: Tinkaton|perish3
|upkeep
|turn|2
|
|t:|1783691046
|move|p2b: Staraptor|Protect|p2b: Staraptor
|-singleturn|p2b: Staraptor|Protect
|move|p1a: Gengar|Protect|p1a: Gengar
|-singleturn|p1a: Gengar|Protect
|move|p2a: Garchomp|Protect|p2a: Garchomp
|-singleturn|p2a: Garchomp|Protect
|move|p1b: Tinkaton|Protect||[still]
|-fail|p1b: Tinkaton
|
|-start|p2b: Staraptor|perish2
|-start|p1a: Gengar|perish2
|-start|p2a: Garchomp|perish2
|-start|p1b: Tinkaton|perish2
|upkeep
|turn|3
|
|t:|1783691114
|switch|p1a: Incineroar|Incineroar, L50, M, shiny|100/100
|-ability|p1a: Incineroar|Intimidate|boost
|-unboost|p2a: Garchomp|atk|1
|-boost|p2b: Staraptor|atk|1
|move|p2b: Staraptor|U-turn|p1b: Tinkaton
|-resisted|p1b: Tinkaton|2
|-damage|p1b: Tinkaton|76/100
|
|t:|1783691130
|switch|p2b: Whimsicott|Whimsicott, L50, M|100/100|[from] U-turn
|move|p2a: Garchomp|Rock Slide|p1a: Incineroar|[spread] p1a,p1b
|-supereffective|p1a: Incineroar|1
|-resisted|p1b: Tinkaton|1
|-damage|p1a: Incineroar|72/100
|-damage|p1b: Tinkaton|66/100
|-damage|p2a: Garchomp|84/100|[from] item: Life Orb
|move|p1b: Tinkaton|Gigaton Hammer|p2b: Whimsicott
|-supereffective|p2b: Whimsicott|1
|-damage|p2b: Whimsicott|6/100
|
|-start|p2a: Garchomp|perish1
|-start|p1b: Tinkaton|perish1
|upkeep
|turn|4
|
|t:|1783691153
|switch|p2b: Basculegion|Basculegion, L50, M|100/100
|switch|p2a: Staraptor|Staraptor-Mega, L50, F|74/100
|switch|p1b: Gengar|Gengar-Mega, L50, F, shiny|23/100
|move|p1a: Incineroar|Fake Out|p2b: Basculegion
|-immune|p2b: Basculegion
|
|upkeep
|turn|5
|
|t:|1783691182
|move|p1b: Gengar|Protect|p1b: Gengar
|-singleturn|p1b: Gengar|Protect
|move|p2b: Basculegion|Aqua Jet|p1b: Gengar
|-activate|p1b: Gengar|move: Protect
|move|p2a: Staraptor|Close Combat|p1a: Incineroar
|-supereffective|p1a: Incineroar|1
|-damage|p1a: Incineroar|0 fnt
|-boost|p2a: Staraptor|def|1
|-boost|p2a: Staraptor|spd|1
|faint|p1a: Incineroar
|
|upkeep
|
|t:|1783691195
|switch|p1a: Tinkaton|Tinkaton, L50, F, shiny|66/100
|-ability|p1a: Tinkaton|Mold Breaker
|turn|6
|
|t:|1783691209
|move|p1a: Tinkaton|Fake Out|p2a: Staraptor
|-damage|p2a: Staraptor|67/100
|move|p2b: Basculegion|Aqua Jet|p1b: Gengar
|-damage|p1b: Gengar|0 fnt
|faint|p1b: Gengar
|cant|p2a: Staraptor|flinch
|
|upkeep
|
|t:|1783691217
|switch|p1b: Politoed|Politoed, L50, M, shiny|100/100
|-weather|RainDance|[from] ability: Drizzle|[of] p1b: Politoed
|turn|7
|
|t:|1783691244
|move|p2a: Staraptor|Close Combat|p1a: Tinkaton
|-damage|p1a: Tinkaton|0 fnt
|-boost|p2a: Staraptor|def|1
|-boost|p2a: Staraptor|spd|1
|faint|p1a: Tinkaton
|move|p2b: Basculegion|Last Respects|p1b: Politoed
|-damage|p1b: Politoed|68/100
|move|p1b: Politoed|Weather Ball|p2a: Staraptor
|-damage|p2a: Staraptor|37/100
|
|-weather|RainDance|[upkeep]
|upkeep
|turn|8
|
|t:|1783691260
|move|p2a: Staraptor|Close Combat|p1b: Politoed
|-damage|p1b: Politoed|16/100
|-boost|p2a: Staraptor|def|1
|-boost|p2a: Staraptor|spd|1
|-enditem|p1b: Politoed|Sitrus Berry|[eat]
|-heal|p1b: Politoed|41/100|[from] item: Sitrus Berry
|move|p2b: Basculegion|Last Respects|p1b: Politoed
|-damage|p1b: Politoed|13/100
|move|p1b: Politoed|Weather Ball|p2a: Staraptor
|-damage|p2a: Staraptor|15/100
|
|-weather|RainDance|[upkeep]
|upkeep
|turn|9
|
|t:|1783691274
|move|p2b: Basculegion|Aqua Jet|p1b: Politoed
|-resisted|p1b: Politoed|1
|-damage|p1b: Politoed|0 fnt
|faint|p1b: Politoed
|
|win|panchotorreess
|raw|TheLeoj's rating: 1070 → 1050(-20 for losing)
|raw|panchotorreess's rating: 1072 → 1101(+29 for winning)
