|j|☆Djjwjwwjj
|j|☆certified urgl
|html|Djjwjwwjjcertified urgl    
|uhtml|bestof|Game 2 of a best-of-3
|t:|1756636085
|gametype|doubles
|player|p1|Djjwjwwjj|1|1342
|player|p2|certified urgl|1|1408
|gen|9
|tier|[Gen 9] VGC 2025 Reg H (Bo3)
|rated|
|rule|Species Clause: Limit one of each Pokémon
|rule|Item Clause: Limit 1 of each item
|clearpoke
|poke|p1|Palafin, L50, M|
|poke|p1|Archaludon, L50, F|
|poke|p1|Pelipper, L50, F|
|poke|p1|Incineroar, L50, M|
|poke|p1|Dragonite, L50, M|
|poke|p1|Amoonguss, L50, F|
|poke|p2|Gholdengo, L50|
|poke|p2|Sneasler, L50, M|
|poke|p2|Rillaboom, L50, M|
|poke|p2|Dragonite, L50, M|
|poke|p2|Ninetales-Alola, L50, F|
|poke|p2|Arcanine-Hisui, L50, F|
|teampreview|4
|showteam|p1|Palafin||SafetyGoggles|ZerotoHero|Protect,FlipTurn,JetPunch,WaveCrash|||M|||50|,,,,,Water]Archaludon||AssaultVest|Stamina|Snarl,BodyPress,ElectroShot,DragonPulse|||F|||50|,,,,,Fighting]Pelipper||CovertCloak|Drizzle|Protect,Uturn,Hurricane,WeatherBall|||F|||50|,,,,,Steel]Incineroar||ChopleBerry|Intimidate|FakeOut,PartingShot,KnockOff,Taunt|||M|||50|,,,,,Grass]Dragonite||LoadedDice|Multiscale|Protect,Tailwind,ScaleShot,Haze|||M|||50|,,,,,Fairy]Amoonguss||SitrusBerry|Regenerator|Protect,Spore,RagePowder,PollenPuff|||F|||50|,,,,,Dark
|showteam|p2|Gholdengo||GrassySeed|GoodasGold|NastyPlot,MakeItRain,ShadowBall,Protect||||||50|,,,,,Dragon]Sneasler||WhiteHerb|Unburden|CloseCombat,DireClaw,Coaching,Protect|||M|||50|,,,,,Ghost]Rillaboom||AssaultVest|GrassySurge|FakeOut,GrassyGlide,DrumBeating,HighHorsepower|||M|||50|,,,,,Fire]Dragonite||LoadedDice|Multiscale|ScaleShot,StompingTantrum,Tailwind,Protect|||M|||50|,,,,,Ground]Ninetales-Alola||FocusSash|SnowWarning|Blizzard,IcyWind,Encore,AuroraVeil|||F|||50|,,,,,Ghost]Arcanine-Hisui||ClearAmulet|Intimidate|RockSlide,FlareBlitz,ExtremeSpeed,Protect|||F|||50|,,,,,Water
|inactive|Battle timer is ON: inactive players will automatically lose when time's up. (requested by certified urgl)
|inactive|Djjwjwwjj also wants the timer to be on.
|l|☆Djjwjwwjj
|inactive|Djjwjwwjj disconnected and has a minute to reconnect!
|player|p1|
|
|t:|1756636114
|teamsize|p1|4
|teamsize|p2|4
|start
|switch|p1a: Archaludon|Archaludon, L50, F|100/100
|switch|p1b: Incineroar|Incineroar, L50, M|100/100
|switch|p2a: Sneasler|Sneasler, L50, M|100/100
|switch|p2b: Gholdengo|Gholdengo, L50|100/100
|-ability|p1b: Incineroar|Intimidate|boost
|-unboost|p2a: Sneasler|atk|1
|-unboost|p2b: Gholdengo|atk|1
|-enditem|p2a: Sneasler|White Herb
|-clearnegativeboost|p2a: Sneasler|[silent]
|turn|1
|j|☆Djjwjwwjj
|inactive|Djjwjwwjj reconnected and has 40 seconds left.
|player|p1|Djjwjwwjj|1|
|inactive|Djjwjwwjj has 30 seconds left.
|inactive|Djjwjwwjj has 20 seconds left.
|inactive|Djjwjwwjj has 15 seconds left.
|inactive|Djjwjwwjj has 10 seconds left.
|
|t:|1756636165
|-terastallize|p1a: Archaludon|Fighting
|move|p2a: Sneasler|Close Combat|p1a: Archaludon
|-damage|p1a: Archaludon|60/100
|-unboost|p2a: Sneasler|def|1
|-unboost|p2a: Sneasler|spd|1
|-ability|p1a: Archaludon|Stamina|boost
|-boost|p1a: Archaludon|def|1
|move|p2b: Gholdengo|Nasty Plot|p2b: Gholdengo
|-boost|p2b: Gholdengo|spa|2
|move|p1b: Incineroar|Parting Shot|p2a: Sneasler
|-unboost|p2a: Sneasler|atk|1
|-unboost|p2a: Sneasler|spa|1
|
|t:|1756636178
|switch|p1b: Amoonguss|Amoonguss, L50, F|100/100|[from] Parting Shot
|move|p1a: Archaludon|Snarl|p2a: Sneasler|[spread] p2a,p2b
|-resisted|p2a: Sneasler
|-supereffective|p2b: Gholdengo
|-damage|p2a: Sneasler|89/100
|-damage|p2b: Gholdengo|75/100
|-unboost|p2a: Sneasler|spa|1
|-unboost|p2b: Gholdengo|spa|1
|
|upkeep
|turn|2
|inactive|certified urgl has 30 seconds left.
|inactive|certified urgl has 20 seconds left.
|
|t:|1756636217
|switch|p2a: Rillaboom|Rillaboom, L50, M|100/100
|-fieldstart|move: Grassy Terrain|[from] ability: Grassy Surge|[of] p2a: Rillaboom
|-enditem|p2b: Gholdengo|Grassy Seed
|-boost|p2b: Gholdengo|def|1|[from] item: Grassy Seed
|move|p2b: Gholdengo|Protect|p2b: Gholdengo
|-singleturn|p2b: Gholdengo|Protect
|move|p1a: Archaludon|Snarl|p2a: Rillaboom|[spread] p2a
|-activate|p2b: Gholdengo|move: Protect
|-damage|p2a: Rillaboom|92/100
|-unboost|p2a: Rillaboom|spa|1
|move|p1b: Amoonguss|Pollen Puff|p1a: Archaludon
|-heal|p1a: Archaludon|100/100
|
|-heal|p2a: Rillaboom|97/100|[from] Grassy Terrain
|-heal|p2b: Gholdengo|82/100|[from] Grassy Terrain
|upkeep
|turn|3
|inactive|Djjwjwwjj has 30 seconds left.
|
|t:|1756636251
|switch|p1b: Incineroar|Incineroar, L50, M|100/100
|-ability|p1b: Incineroar|Intimidate|boost
|-unboost|p2a: Rillaboom|atk|1
|-unboost|p2b: Gholdengo|atk|1
|move|p2a: Rillaboom|Fake Out|p1a: Archaludon
|-damage|p1a: Archaludon|96/100
|-ability|p1a: Archaludon|Stamina|boost
|-boost|p1a: Archaludon|def|1
|move|p2b: Gholdengo|Nasty Plot|p2b: Gholdengo
|-boost|p2b: Gholdengo|spa|2
|cant|p1a: Archaludon|flinch
|
|-heal|p2a: Rillaboom|100/100|[from] Grassy Terrain
|-heal|p2b: Gholdengo|88/100|[from] Grassy Terrain
|-heal|p1a: Archaludon|100/100|[from] Grassy Terrain
|upkeep
|turn|4
|inactive|Djjwjwwjj has 30 seconds left.
|
|t:|1756636276
|switch|p2a: Sneasler|Sneasler, L50, M|89/100
|move|p2b: Gholdengo|Make It Rain|p1b: Incineroar|[spread] p1a,p1b
|-resisted|p1b: Incineroar
|-damage|p1a: Archaludon|30/100
|-damage|p1b: Incineroar|51/100
|-unboost|p2b: Gholdengo|spa|1
|-ability|p1a: Archaludon|Stamina|boost
|-boost|p1a: Archaludon|def|1
|move|p1b: Incineroar|Parting Shot|p2a: Sneasler
|-unboost|p2a: Sneasler|atk|1
|-unboost|p2a: Sneasler|spa|1
|
|t:|1756636289
|switch|p1b: Amoonguss|Amoonguss, L50, F|100/100|[from] Parting Shot
|move|p1a: Archaludon|Snarl|p2b: Gholdengo|[spread] p2a,p2b
|-resisted|p2a: Sneasler
|-supereffective|p2b: Gholdengo
|-crit|p2b: Gholdengo
|-damage|p2a: Sneasler|83/100
|-damage|p2b: Gholdengo|55/100
|-unboost|p2a: Sneasler|spa|1
|-unboost|p2b: Gholdengo|spa|1
|
|-heal|p2a: Sneasler|89/100|[from] Grassy Terrain
|-heal|p2b: Gholdengo|61/100|[from] Grassy Terrain
|-heal|p1a: Archaludon|37/100|[from] Grassy Terrain
|upkeep
|turn|5
|
|t:|1756636307
|move|p1b: Amoonguss|Rage Powder|p1b: Amoonguss
|-singleturn|p1b: Amoonguss|move: Rage Powder
|move|p2a: Sneasler|Dire Claw|p1b: Amoonguss
|-damage|p1b: Amoonguss|77/100
|-status|p1b: Amoonguss|par
|move|p2b: Gholdengo|Make It Rain|p1b: Amoonguss|[spread] p1a,p1b
|-damage|p1a: Archaludon|0 fnt
|-damage|p1b: Amoonguss|29/100 par
|-unboost|p2b: Gholdengo|spa|1
|-enditem|p1b: Amoonguss|Sitrus Berry|[eat]
|-heal|p1b: Amoonguss|54/100 par|[from] item: Sitrus Berry
|faint|p1a: Archaludon
|
|-heal|p2a: Sneasler|95/100|[from] Grassy Terrain
|-heal|p2b: Gholdengo|67/100|[from] Grassy Terrain
|-heal|p1b: Amoonguss|60/100 par|[from] Grassy Terrain
|upkeep
|
|t:|1756636325
|switch|p1a: Pelipper|Pelipper, L50, F|100/100
|-weather|RainDance|[from] ability: Drizzle|[of] p1a: Pelipper
|turn|6
|inactive|certified urgl has 30 seconds left.
|
|t:|1756636351
|switch|p2a: Ninetales|Ninetales-Alola, L50, F|100/100
|-weather|Snowscape|[from] ability: Snow Warning|[of] p2a: Ninetales
|move|p2b: Gholdengo|Nasty Plot|p2b: Gholdengo
|-boost|p2b: Gholdengo|spa|2
|move|p1a: Pelipper|Hurricane|p2b: Gholdengo|[miss]
|-miss|p1a: Pelipper|p2b: Gholdengo
|move|p1b: Amoonguss|Pollen Puff|p2a: Ninetales
|-resisted|p2a: Ninetales
|-damage|p2a: Ninetales|89/100
|
|-weather|Snowscape|[upkeep]
|-heal|p2a: Ninetales|95/100|[from] Grassy Terrain
|-heal|p2b: Gholdengo|73/100|[from] Grassy Terrain
|-heal|p1b: Amoonguss|66/100 par|[from] Grassy Terrain
|-fieldend|move: Grassy Terrain
|upkeep
|turn|7
|
|t:|1756636368
|switch|p1b: Incineroar|Incineroar, L50, M|51/100
|-ability|p1b: Incineroar|Intimidate|boost
|-unboost|p2a: Ninetales|atk|1
|-unboost|p2b: Gholdengo|atk|1
|move|p2a: Ninetales|Blizzard|p1a: Pelipper|[spread] p1a,p1b
|-resisted|p1b: Incineroar
|-damage|p1a: Pelipper|54/100
|-damage|p1b: Incineroar|37/100
|move|p2b: Gholdengo|Make It Rain|p1a: Pelipper|[spread] p1a,p1b
|-resisted|p1a: Pelipper
|-crit|p1a: Pelipper
|-resisted|p1b: Incineroar
|-damage|p1a: Pelipper|0 fnt
|-damage|p1b: Incineroar|0 fnt
|-unboost|p2b: Gholdengo|spa|1
|faint|p1a: Pelipper
|faint|p1b: Incineroar
|
|-weather|Snowscape|[upkeep]
|upkeep
|-message|Djjwjwwjj forfeited.
|raw|Djjwjwwjj's rating: 1342 → 1326(-16 for losing)
|raw|certified urgl's rating: 1408 → 1424(+16 for winning)
|
|win|certified urgl
