|j|☆fleamarketninja
|j|☆moth.o
|html|fleamarketninjamoth.o    
|uhtml|bestof|Game 2 of a best-of-3
|t:|1756657320
|gametype|doubles
|player|p1|fleamarketninja|265|1075
|player|p2|moth.o|roxie|1158
|gen|9
|tier|[Gen 9] VGC 2025 Reg H (Bo3)
|rated|
|rule|Species Clause: Limit one of each Pokémon
|rule|Item Clause: Limit 1 of each item
|clearpoke
|poke|p1|Politoed, L50, F|
|poke|p1|Gothitelle, L50, F|
|poke|p1|Incineroar, L50, M|
|poke|p1|Amoonguss, L50, F|
|poke|p1|Kingdra, L50, F|
|poke|p1|Archaludon, L50, F|
|poke|p2|Arcanine-Hisui, L50, F|
|poke|p2|Indeedee-F, L50, F|
|poke|p2|Gallade, L50, M|
|poke|p2|Gholdengo, L50|
|poke|p2|Whimsicott, L50, M|
|poke|p2|Hydreigon, L50, M|
|teampreview|4
|showteam|p1|Politoed||Leftovers|Drizzle|Protect,WeatherBall,PerishSong,Encore|||F|||50|,,,,,Grass]Gothitelle||SitrusBerry|ShadowTag|Protect,Psychic,FakeOut,TrickRoom|||F|||50|,,,,,Dark]Incineroar||SafetyGoggles|Intimidate|Protect,KnockOff,FakeOut,PartingShot|||M|||50|,,,,,Ghost]Amoonguss||EjectButton|Regenerator|Protect,RagePowder,PollenPuff,Spore|||F|||50|,,,,,Fairy]Kingdra||LifeOrb|SwiftSwim|Protect,WeatherBall,DracoMeteor,MuddyWater|||F|||50|,,,,,Stellar]Archaludon||PowerHerb|Sturdy|Protect,ElectroShot,DragonPulse,FlashCannon|||F|||50|,,,,,Electric
|showteam|p2|Arcanine-Hisui||SafetyGoggles|Intimidate|RockSlide,FlareBlitz,ExtremeSpeed,Protect|||F|||50|,,,,,Fairy]Indeedee-F||SitrusBerry|PsychicSurge|TrickRoom,FollowMe,Psychic,HelpingHand|||F|||50|,,,,,Fairy]Gallade||LifeOrb|Sharpness|Protect,NightSlash,SacredSword,PsychoCut|||M|||50|,,,,,Grass]Gholdengo||ChoiceSpecs|GoodasGold|Trick,ShadowBall,MakeItRain,PowerGem||||||50|,,,,,Water]Whimsicott||CovertCloak|Prankster|SunnyDay,Moonblast,Encore,Tailwind|||M|||50|,,,,,Dark]Hydreigon||AssaultVest|Levitate|Uturn,Snarl,DarkPulse,DracoMeteor|||M|||50|,,,,,Ghost
|inactive|Battle timer is ON: inactive players will automatically lose when time's up. (requested by fleamarketninja)
|
|t:|1756657344
|teamsize|p1|4
|teamsize|p2|4
|start
|switch|p1a: Kingdra|Kingdra, L50, F|100/100
|switch|p1b: Politoed|Politoed, L50, F|100/100
|switch|p2a: Tesorero|Gholdengo, L50|100/100
|switch|p2b: Galantería|Gallade, L50, M, shiny|100/100
|-weather|RainDance|[from] ability: Drizzle|[of] p1b: Politoed
|turn|1
|
|t:|1756657363
|switch|p2b: Triquiñuela|Whimsicott, L50, M, shiny|100/100
|-terastallize|p1a: Kingdra|Stellar
|move|p1b: Politoed|Protect|p1b: Politoed
|-singleturn|p1b: Politoed|Protect
|move|p1a: Kingdra|Weather Ball|p2a: Tesorero
|-damage|p2a: Tesorero|0 fnt
|faint|p2a: Tesorero
|-damage|p1a: Kingdra|91/100|[from] item: Life Orb
|
|-weather|RainDance|[upkeep]
|upkeep
|
|t:|1756657377
|switch|p2a: Galantería|Gallade, L50, M, shiny|100/100
|turn|2
|
|t:|1756657392
|move|p2a: Galantería|Protect|p2a: Galantería
|-singleturn|p2a: Galantería|Protect
|move|p2b: Triquiñuela|Tailwind|p2b: Triquiñuela
|-sidestart|p2: moth.o|move: Tailwind
|move|p1a: Kingdra|Weather Ball|p2a: Galantería
|-activate|p2a: Galantería|move: Protect
|move|p1b: Politoed|Encore|p2b: Triquiñuela
|-start|p2b: Triquiñuela|Encore
|
|-weather|RainDance|[upkeep]
|upkeep
|turn|3
|
|t:|1756657410
|switch|p2b: Servidumbre|Indeedee-F, L50, F|100/100
|-fieldstart|move: Psychic Terrain|[from] ability: Psychic Surge|[of] p2b: Servidumbre
|-terastallize|p2a: Galantería|Grass
|move|p1a: Kingdra|Protect|p1a: Kingdra
|-singleturn|p1a: Kingdra|Protect
|move|p2a: Galantería|Sacred Sword|p1a: Kingdra
|-activate|p1a: Kingdra|move: Protect
|move|p1b: Politoed|Weather Ball|p2a: Galantería
|-resisted|p2a: Galantería
|-damage|p2a: Galantería|76/100
|
|-weather|RainDance|[upkeep]
|upkeep
|turn|4
|
|t:|1756657430
|switch|p1a: Incineroar|Incineroar, L50, M|100/100
|-ability|p1a: Incineroar|Intimidate|boost
|-unboost|p2a: Galantería|atk|1
|-unboost|p2b: Servidumbre|atk|1
|move|p2b: Servidumbre|Follow Me|p2b: Servidumbre
|-singleturn|p2b: Servidumbre|move: Follow Me
|move|p2a: Galantería|Sacred Sword|p1a: Incineroar
|-supereffective|p1a: Incineroar
|-damage|p1a: Incineroar|0 fnt
|faint|p1a: Incineroar
|-damage|p2a: Galantería|66/100|[from] item: Life Orb
|move|p1b: Politoed|Perish Song|p1b: Politoed
|-start|p1b: Politoed|perish3|[silent]
|-start|p2a: Galantería|perish3|[silent]
|-start|p2b: Servidumbre|perish3|[silent]
|-fieldactivate|move: Perish Song
|
|-weather|RainDance|[upkeep]
|-start|p2a: Galantería|perish3
|-start|p2b: Servidumbre|perish3
|-start|p1b: Politoed|perish3
|upkeep
|
|t:|1756657445
|switch|p1a: Gothitelle|Gothitelle, L50, F|100/100
|turn|5
|
|t:|1756657459
|move|p2b: Servidumbre|Helping Hand|p2a: Galantería
|-singleturn|p2a: Galantería|Helping Hand|[of] p2b: Servidumbre
|move|p1b: Politoed|Protect|p1b: Politoed
|-singleturn|p1b: Politoed|Protect
|move|p1a: Gothitelle|Fake Out|p2b: Servidumbre
|-activate|p2b: Servidumbre|move: Psychic Terrain
|move|p2a: Galantería|Night Slash|p1a: Gothitelle
|-supereffective|p1a: Gothitelle
|-damage|p1a: Gothitelle|0 fnt
|faint|p1a: Gothitelle
|-damage|p2a: Galantería|56/100|[from] item: Life Orb
|
|-weather|none
|-start|p2a: Galantería|perish2
|-start|p2b: Servidumbre|perish2
|-start|p1b: Politoed|perish2
|-sideend|p2: moth.o|move: Tailwind
|upkeep
|
|t:|1756657473
|switch|p1a: Kingdra|Kingdra, L50, F, tera:Stellar|91/100
|turn|6
|
|t:|1756657490
|switch|p2a: Triquiñuela|Whimsicott, L50, M, shiny|100/100
|move|p1a: Kingdra|Muddy Water|p2a: Triquiñuela|[spread] p2a,p2b
|-resisted|p2a: Triquiñuela
|-damage|p2a: Triquiñuela|71/100
|-damage|p2b: Servidumbre|63/100
|-unboost|p2b: Servidumbre|accuracy|1
|-damage|p1a: Kingdra|81/100|[from] item: Life Orb
|move|p1b: Politoed|Weather Ball|p2a: Triquiñuela
|-damage|p2a: Triquiñuela|55/100
|move|p2b: Servidumbre|Psychic|p1a: Kingdra
|-damage|p1a: Kingdra|31/100
|
|-start|p1b: Politoed|perish1
|-start|p2b: Servidumbre|perish1
|upkeep
|turn|7
|inactive|fleamarketninja has 30 seconds left.
|
|t:|1756657518
|move|p2b: Servidumbre|Follow Me|p2b: Servidumbre
|-singleturn|p2b: Servidumbre|move: Follow Me
|move|p2a: Triquiñuela|Tailwind|p2a: Triquiñuela
|-sidestart|p2: moth.o|move: Tailwind
|move|p1a: Kingdra|Draco Meteor|p2b: Servidumbre
|-damage|p2b: Servidumbre|0 fnt
|-unboost|p1a: Kingdra|spa|2
|faint|p2b: Servidumbre
|-damage|p1a: Kingdra|21/100|[from] item: Life Orb
|move|p1b: Politoed|Encore|p2a: Triquiñuela
|-start|p2a: Triquiñuela|Encore
|
|-start|p1b: Politoed|perish0
|faint|p1b: Politoed
|-fieldend|move: Psychic Terrain
|upkeep
|
|t:|1756657534
|switch|p2b: Galantería|Gallade, L50, M, shiny, tera:Grass|56/100
|turn|8
|
|t:|1756657539
|move|p1a: Kingdra|Protect|p1a: Kingdra
|-singleturn|p1a: Kingdra|Protect
|move|p2a: Triquiñuela|Tailwind||[still]
|-fail|p2a: Triquiñuela
|move|p2b: Galantería|Sacred Sword|p1a: Kingdra
|-activate|p1a: Kingdra|move: Protect
|
|upkeep
|turn|9
|
|t:|1756657550
|move|p2a: Triquiñuela|Tailwind||[still]
|-fail|p2a: Triquiñuela
|move|p2b: Galantería|Sacred Sword|p1a: Kingdra
|-damage|p1a: Kingdra|0 fnt
|faint|p1a: Kingdra
|-damage|p2b: Galantería|47/100|[from] item: Life Orb
|
|win|moth.o
|raw|fleamarketninja's rating: 1075 → 1059(-16 for losing)
|raw|moth.o's rating: 1158 → 1177(+19 for winning)
|l|☆fleamarketninja
|player|p1|
