|j|‽Ghejeue
|j|☆snailboss
|html|Ghejeuesnailboss    
|uhtml|bestof|Game 3 of a best-of-3
|t:|1756445013
|gametype|doubles
|player|p1|Ghejeue|265|1091
|player|p2|snailboss|hilda-wonderlauncher|1179
|gen|9
|tier|[Gen 9] VGC 2025 Reg H (Bo3)
|rated|
|rule|Species Clause: Limit one of each Pokémon
|rule|Item Clause: Limit 1 of each item
|clearpoke
|poke|p1|Dragapult, L50, M|
|poke|p1|Ursaluna, L50, F|
|poke|p1|Porygon2, L50|
|poke|p1|Gastrodon, L50, M|
|poke|p1|Incineroar, L50, F|
|poke|p1|Sinistcha-Masterpiece, L50|
|poke|p2|Tyranitar, L50, F|
|poke|p2|Excadrill, L50, F|
|poke|p2|Indeedee-F, L50, F|
|poke|p2|Zoroark-Hisui, L50, M|
|poke|p2|Corviknight, L50, M|
|poke|p2|Amoonguss, L50, F|
|teampreview|4
|showteam|p1|Dragapult||EjectPack|ClearBody|DracoMeteor,ShadowBall,Surf,Protect|||M|||50|,,,,,Fairy]Ursaluna||FlameOrb|Guts|HeadlongRush,Facade,Earthquake,Protect|||F|||50|,,,,,Ghost]Porygon2||Eviolite|Download|IceBeam,TeraBlast,TrickRoom,Recover||||||50|,,,,,Ghost]Gastrodon||LifeOrb|StormDrain|EarthPower,Recover,Protect,IceBeam|||M|||50|,,,,,Fairy]Incineroar||SafetyGoggles|Intimidate|FakeOut,PartingShot,FlareBlitz,KnockOff|||F|||50|,,,,,Ghost]Sinistcha-Masterpiece||FocusSash|Hospitality|RagePowder,StrengthSap,TrickRoom,MatchaGotcha||||||50|,,,,,Fire
|showteam|p2|Tyranitar||AssaultVest|SandStream|RockSlide,KnockOff,LowKick,TeraBlast|||F|||50|,,,,,Flying]Excadrill||FocusSash|SandRush|IronHead,Protect,SwordsDance,Earthquake|||F|||50|,,,,,Ground]Indeedee-F||SafetyGoggles|PsychicSurge|TrickRoom,FollowMe,Psychic,HelpingHand|||F|||50|,,,,,Fairy]Zoroark-Hisui||ChoiceSpecs|Illusion|HyperVoice,ShadowBall,HyperBeam,Flamethrower|||M|||50|,,,,,Normal]Corviknight||PsychicSeed|MirrorArmor|BraveBird,PowerTrip,BulkUp,Roost|||M|||50|,,,,,Rock]Amoonguss||SitrusBerry|Regenerator|Spore,RagePowder,Protect,ClearSmog|||F|||50|,,,,,Water
|inactive|Battle timer is ON: inactive players will automatically lose when time's up. (requested by Ghejeue)
|
|t:|1756445031
|teamsize|p1|4
|teamsize|p2|4
|start
|switch|p1a: Dragapult|Dragapult, L50, M|100/100
|switch|p1b: Porygon2|Porygon2, L50, shiny|100/100
|switch|p2a: Tyranitar|Tyranitar, L50, F|100/100
|switch|p2b: Corviknight|Corviknight, L50, M|100/100
|-weather|Sandstorm|[from] ability: Sand Stream|[of] p2a: Tyranitar
|-ability|p1b: Porygon2|Download|boost
|-boost|p1b: Porygon2|spa|1
|turn|1
|inactive|snailboss has 30 seconds left.
|inactive|snailboss has 20 seconds left.
|inactive|snailboss has 15 seconds left.
|inactive|snailboss has 10 seconds left.
|inactive|snailboss has 5 seconds left.
|
|t:|1756445085
|-terastallize|p2a: Tyranitar|Flying
|move|p1a: Dragapult|Draco Meteor|p2a: Tyranitar
|-damage|p2a: Tyranitar|63/100
|-unboost|p1a: Dragapult|spa|2
|-enditem|p1a: Dragapult|Eject Pack
|
|t:|1756445092
|switch|p1a: Ursaluna|Ursaluna, L50, F|100/100
|move|p2a: Tyranitar|Knock Off|p1a: Ursaluna
|-damage|p1a: Ursaluna|59/100
|-enditem|p1a: Ursaluna|Flame Orb|[from] move: Knock Off|[of] p2a: Tyranitar
|move|p2b: Corviknight|Bulk Up|p2b: Corviknight
|-boost|p2b: Corviknight|atk|1
|-boost|p2b: Corviknight|def|1
|move|p1b: Porygon2|Trick Room|p1b: Porygon2
|-fieldstart|move: Trick Room|[of] p1b: Porygon2
|
|-weather|Sandstorm|[upkeep]
|-damage|p1b: Porygon2|94/100|[from] Sandstorm
|-damage|p2a: Tyranitar|57/100|[from] Sandstorm
|upkeep
|turn|2
|
|t:|1756445116
|move|p1b: Porygon2|Ice Beam|p2a: Tyranitar
|-supereffective|p2a: Tyranitar
|-damage|p2a: Tyranitar|6/100
|move|p2b: Corviknight|Bulk Up|p2b: Corviknight
|-boost|p2b: Corviknight|atk|1
|-boost|p2b: Corviknight|def|1
|move|p1a: Ursaluna|Facade|p2a: Tyranitar
|-damage|p2a: Tyranitar|0 fnt
|faint|p2a: Tyranitar
|
|-weather|Sandstorm|[upkeep]
|-damage|p1b: Porygon2|88/100|[from] Sandstorm
|upkeep
|
|t:|1756445136
|switch|p2a: Excadrill|Excadrill, L50, F|100/100
|turn|3
|
|t:|1756445144
|move|p1a: Ursaluna|Protect|p1a: Ursaluna
|-singleturn|p1a: Ursaluna|Protect
|move|p2a: Excadrill|Protect|p2a: Excadrill
|-singleturn|p2a: Excadrill|Protect
|move|p1b: Porygon2|Ice Beam|p2b: Corviknight
|-damage|p2b: Corviknight|70/100
|-status|p2b: Corviknight|frz
|cant|p2b: Corviknight|frz
|
|-weather|Sandstorm|[upkeep]
|-damage|p1b: Porygon2|82/100|[from] Sandstorm
|upkeep
|turn|4
|inactive|snailboss has 30 seconds left.
|inactive|snailboss has 20 seconds left.
|
|t:|1756445180
|move|p1b: Porygon2|Ice Beam|p2a: Excadrill
|-damage|p2a: Excadrill|50/100
|cant|p2b: Corviknight|frz
|move|p1a: Ursaluna|Headlong Rush|p2a: Excadrill
|-supereffective|p2a: Excadrill
|-damage|p2a: Excadrill|0 fnt
|-unboost|p1a: Ursaluna|def|1
|-unboost|p1a: Ursaluna|spd|1
|faint|p2a: Excadrill
|
|-weather|Sandstorm|[upkeep]
|-damage|p1b: Porygon2|75/100|[from] Sandstorm
|upkeep
|
|t:|1756445186
|switch|p2a: Corviknight|Corviknight, L50, M|100/100
|turn|5
|
|t:|1756445206
|move|p1b: Porygon2|Ice Beam|p2a: Corviknight
|-crit|p2a: Corviknight
|-damage|p2a: Corviknight|0 fnt
|replace|p2a: Zoroark|Zoroark-Hisui, L50, M
|-end|p2a: Zoroark|Illusion
|faint|p2a: Zoroark
|cant|p2b: Corviknight|frz
|move|p1a: Ursaluna|Headlong Rush|p2b: Corviknight
|-immune|p2b: Corviknight
|
|-weather|none
|-fieldend|move: Trick Room
|upkeep
|turn|6
|c|☆snailboss|my life is ruined
|
|t:|1756445227
|switch|p1a: Sinistcha|Sinistcha-Masterpiece, L50|100/100
|-heal|p1b: Porygon2|100/100|[from] ability: Hospitality|[of] p1a: Sinistcha
|cant|p2b: Corviknight|frz
|move|p1b: Porygon2|Trick Room|p1b: Porygon2
|-fieldstart|move: Trick Room|[of] p1b: Porygon2
|
|upkeep
|turn|7
|
|t:|1756445241
|move|p1b: Porygon2|Ice Beam|p2b: Corviknight
|-damage|p2b: Corviknight|37/100 frz
|-curestatus|p2b: Corviknight|frz|[msg]
|move|p2b: Corviknight|Brave Bird|p1a: Sinistcha
|-supereffective|p1a: Sinistcha
|-enditem|p1a: Sinistcha|Focus Sash
|-damage|p1a: Sinistcha|1/100
|-damage|p2b: Corviknight|13/100|[from] Recoil
|move|p1a: Sinistcha|Strength Sap|p2b: Corviknight
|-ability|p2b: Corviknight|Mirror Armor
|-unboost|p1a: Sinistcha|atk|1
|-heal|p1a: Sinistcha|100/100
|
|upkeep
|turn|8
|
|t:|1756445264
|move|p1a: Sinistcha|Rage Powder|p1a: Sinistcha
|-singleturn|p1a: Sinistcha|move: Rage Powder
|move|p1b: Porygon2|Ice Beam|p2b: Corviknight
|-damage|p2b: Corviknight|0 fnt
|faint|p2b: Corviknight
|
|win|Ghejeue
|raw|Ghejeue's rating: 1091 → 1124(+33 for winning)
|raw|snailboss's rating: 1179 → 1148(-31 for losing)
|l|‽Ghejeue
|player|p1|
