|j|鈽哾iemond35472
|j|鈽哻rithitraquaza
|html|diemond35472crithitraquaza    
|uhtml|bestof|Game 1 of a best-of-3
|t:|1784971813
|gametype|doubles
|player|p1|diemond35472|2|
|player|p2|crithitraquaza|170|
|gen|9
|tier|[Gen 9 Champions] VGC 2026 Reg M-B (Bo3)
|rule|Species Clause: Limit one of each Pok茅mon
|rule|Item Clause: Limit 1 of each item
|clearpoke
|poke|p1|Sceptile, L50, M|
|poke|p1|Rotom-Heat, L50|
|poke|p1|Basculegion, L50, M|
|poke|p1|Aerodactyl, L50, M|
|poke|p1|Garchomp, L50, M|
|poke|p1|Floette-Eternal, L50, F|
|poke|p2|Raichu, L50, F|
|poke|p2|Basculegion, L50, M|
|poke|p2|Whimsicott, L50, F|
|poke|p2|Garchomp, L50, M|
|poke|p2|Floette-Eternal, L50, F|
|poke|p2|Gholdengo, L50|
|teampreview|4
|showteam|p1|Sceptile||Sceptilite|Overgrow|GrassKnot,DragonPulse,EarthPower,Detect|Timid||M|||50|]Rotom-Heat||ChoiceScarf|Levitate|Thunderbolt,Overheat,VoltSwitch,Discharge|Timid|||||50|]Basculegion||SitrusBerry|Adaptability|WaveCrash,LastRespects,AquaJet,Protect|Adamant||M|||50|]Aerodactyl||FocusSash|Unnerve|RockSlide,DualWingbeat,Tailwind,WideGuard|Jolly||M|||50|]Garchomp||LifeOrb|RoughSkin|DragonClaw,Earthquake,RockSlide,Protect|Jolly||M|||50|]Floette-Eternal||Floettite|FlowerVeil|Moonblast,DazzlingGleam,LightofRuin,Protect|Timid||F|||50|
|showteam|p2|Raichu||RaichuniteY|LightningRod|Protect,ZapCannon,FocusBlast,FakeOut|Modest||F|||50|]Basculegion||MysticWater|Adaptability|Protect,WaveCrash,LastRespects,AquaJet|Adamant||M|||50|]Whimsicott||FocusSash|Prankster|Protect,Moonblast,Tailwind,Encore|Timid||F|||50|]Garchomp||SitrusBerry|RoughSkin|RockSlide,StompingTantrum,DragonClaw,Protect|Adamant||M|||50|]Floette-Eternal||Floettite|FlowerVeil|Protect,Moonblast,LightofRuin,DazzlingGleam|Modest||F|||50|]Gholdengo||LifeOrb|GoodasGold|Protect,MakeItRain,NastyPlot,ShadowBall|Modest|||||50|
|j| deaf_warden
|l| deaf_warden
|j| hello368
|c| hello368|mega scep in the big 2026?
|c|鈽哾iemond35472|he got a buff
|j| SplodgeOfChippy
|c|鈽哾iemond35472|called earth power
|c| hello368|nice teams
|
|t:|1784971870
|teamsize|p1|4
|teamsize|p2|4
|start
|switch|p1a: Aerodactyl|Aerodactyl, L50, M|100/100
|switch|p1b: Garchomp|Garchomp, L50, M|100/100
|switch|p2a: Flower|Floette-Eternal, L50, F|100/100
|switch|p2b: Annoyer|Whimsicott, L50, F|100/100
|-ability|p1a: Aerodactyl|Unnerve
|turn|1
|c|鈽哻rithitraquaza|i prefer rotom wash instead of heat and kingambit instead of dactyl
|c|鈽哻rithitraquaza|on my team
|c| SplodgeOfChippy|since when did the garchomp afd back sprite have a baseball bat
|
|t:|1784971911
|detailschange|p2a: Flower|Floette-Mega, L50, F
|-mega|p2a: Flower|Floette|Floettite
|-ability|p2a: Flower|Fairy Aura
|move|p1b: Garchomp|Protect|p1b: Garchomp
|-singleturn|p1b: Garchomp|Protect
|move|p2b: Annoyer|Tailwind|p2b: Annoyer
|-sidestart|p2: crithitraquaza|move: Tailwind
|move|p2a: Flower|Dazzling Gleam|p1b: Garchomp|[spread] p1a
|-activate|p1b: Garchomp|move: Protect
|-damage|p1a: Aerodactyl|27/100
|move|p1a: Aerodactyl|Tailwind|p1a: Aerodactyl
|-sidestart|p1: diemond35472|move: Tailwind
|
|upkeep
|turn|2
|c|鈽哾iemond35472|i think always
|
|t:|1784971936
|move|p1a: Aerodactyl|Wide Guard|p1a: Aerodactyl
|-singleturn|p1a: Aerodactyl|Wide Guard
|move|p2b: Annoyer|Encore|p1b: Garchomp
|-start|p1b: Garchomp|Encore
|move|p1b: Garchomp|Protect||[still]
|-fail|p1b: Garchomp
|move|p2a: Flower|Dazzling Gleam|p1b: Garchomp|[spread] 
|-activate|p1a: Aerodactyl|move: Wide Guard
|-activate|p1b: Garchomp|move: Wide Guard
|
|upkeep
|turn|3
|c| hello368|uhhh
|
|t:|1784971958
|switch|p1b: Basculegion|Basculegion, L50, M|100/100
|move|p2b: Annoyer|Encore|p1a: Aerodactyl
|-start|p1a: Aerodactyl|Encore
|move|p1a: Aerodactyl|Wide Guard|p1a: Aerodactyl
|-singleturn|p1a: Aerodactyl|Wide Guard
|move|p2a: Flower|Moonblast|p1a: Aerodactyl
|-damage|p1a: Aerodactyl|0 fnt
|faint|p1a: Aerodactyl
|
|upkeep
|
|t:|1784971971
|switch|p1a: Floette|Floette-Eternal, L50, F|100/100
|turn|4
|
|t:|1784972000
|detailschange|p1a: Floette|Floette-Mega, L50, F
|-mega|p1a: Floette|Floette|Floettite
|-ability|p1a: Floette|Fairy Aura
|move|p2b: Annoyer|Moonblast|p1b: Basculegion
|-damage|p1b: Basculegion|49/100
|-enditem|p1b: Basculegion|Sitrus Berry|[eat]
|-heal|p1b: Basculegion|74/100|[from] item: Sitrus Berry
|move|p1a: Floette|Dazzling Gleam|p2a: Flower|[spread] p2a,p2b
|-damage|p2a: Flower|60/100
|-damage|p2b: Annoyer|27/100
|move|p2a: Flower|Dazzling Gleam|p1b: Basculegion|[spread] p1a,p1b
|-damage|p1a: Floette|55/100
|-damage|p1b: Basculegion|15/100
|move|p1b: Basculegion|Last Respects|p2a: Flower
|-damage|p2a: Flower|0 fnt
|faint|p2a: Flower
|
|-sideend|p1: diemond35472|move: Tailwind
|-sideend|p2: crithitraquaza|move: Tailwind
|upkeep
|
|t:|1784972018
|switch|p2a: Soul Reaper|Basculegion, L50, M|100/100
|turn|5
|
|t:|1784972026
|move|p2a: Soul Reaper|Protect|p2a: Soul Reaper
|-singleturn|p2a: Soul Reaper|Protect
|move|p2b: Annoyer|Moonblast|p1b: Basculegion
|-damage|p1b: Basculegion|0 fnt
|faint|p1b: Basculegion
|move|p1a: Floette|Dazzling Gleam|p2a: Soul Reaper|[spread] p2b
|-activate|p2a: Soul Reaper|move: Protect
|-damage|p2b: Annoyer|0 fnt
|faint|p2b: Annoyer
|
|upkeep
|
|t:|1784972041
|switch|p2b: Flincher|Garchomp, L50, M|100/100
|switch|p1b: Garchomp|Garchomp, L50, M|100/100
|turn|6
|
|t:|1784972062
|move|p2b: Flincher|Protect|p2b: Flincher
|-singleturn|p2b: Flincher|Protect
|move|p1a: Floette|Light of Ruin|p2a: Soul Reaper
|-damage|p2a: Soul Reaper|0 fnt
|faint|p2a: Soul Reaper
|-damage|p1a: Floette|0 fnt|[from] Recoil
|faint|p1a: Floette
|move|p1b: Garchomp|Dragon Claw|p2b: Flincher
|-activate|p2b: Flincher|move: Protect
|
|upkeep
|turn|7
|
|t:|1784972074
|move|p1b: Garchomp|Dragon Claw|p2b: Flincher
|-supereffective|p2b: Flincher|1
|-damage|p2b: Flincher|8/100
|-damage|p1b: Garchomp|87/100|[from] ability: Rough Skin|[of] p2b: Flincher
|-enditem|p2b: Flincher|Sitrus Berry|[eat]
|-heal|p2b: Flincher|33/100|[from] item: Sitrus Berry
|-damage|p1b: Garchomp|77/100|[from] item: Life Orb
|move|p2b: Flincher|Dragon Claw|p1b: Garchomp
|-supereffective|p1b: Garchomp|1
|-damage|p1b: Garchomp|0 fnt
|-damage|p2b: Flincher|21/100|[from] ability: Rough Skin|[of] p1b: Garchomp
|faint|p1b: Garchomp
|
|win|crithitraquaza
|c|鈽哾iemond35472|damn.
|c|鈽哾iemond35472|gg
|c|鈽哻rithitraquaza|gg
|inactive|diemond35472 has 30 seconds to confirm battle start!
|inactive|crithitraquaza has 30 seconds to confirm battle start!
