|j|☆DiamondNate
|j|☆Maik03
|html|DiamondNateMaik03    
|uhtml|bestof|Game 1 of a best-of-3
|t:|1782531625
|gametype|doubles
|player|p1|DiamondNate|guitarist|1000
|player|p2|Maik03|burglar|1024
|gen|9
|tier|[Gen 9 Champions] VGC 2026 Reg M-B (Bo3)
|rated|
|rule|Species Clause: Limit one of each Pokémon
|rule|Item Clause: Limit 1 of each item
|clearpoke
|poke|p1|Grimmsnarl, L50, M|
|poke|p1|Swampert, L50, M|
|poke|p1|Pelipper, L50, M|
|poke|p1|Archaludon, L50, M|
|poke|p1|Sinistcha, L50|
|poke|p1|Metagross, L50|
|poke|p2|Eelektross, L50, F|
|poke|p2|Sinistcha, L50|
|poke|p2|Grimmsnarl, L50, M|
|poke|p2|Garchomp, L50, F|
|poke|p2|Aerodactyl, L50, M|
|poke|p2|Sylveon, L50, M|
|teampreview|4
|showteam|p1|Grimmsnarl||LightClay|Prankster|FoulPlay,PartingShot,Reflect,LightScreen|Calm||M|||50|]Swampert||Swampertite|Damp|WaveCrash,Earthquake,IcePunch,Protect|Adamant||M|||50|]Pelipper||SitrusBerry|Drizzle|Hurricane,WeatherBall,Tailwind,WideGuard|Modest||M|||50|]Archaludon||Leftovers|Stamina|ElectroShot,DragonPulse,FlashCannon,Protect|Modest||M|||50|]Sinistcha||CobaBerry|Hospitality|MatchaGotcha,RagePowder,TrickRoom,Protect|Relaxed|||||50|]Metagross||Metagrossite|ClearBody|IronHead,PsychicFangs,BodyPress,Protect|Jolly|||||50|
|showteam|p2|Eelektross||Eelektrossite|Levitate|SupercellSlam,Liquidation,RockSlide,Coil|Jolly||F|||50|]Sinistcha||SitrusBerry|Hospitality|ShadowBall,MatchaGotcha,RagePowder,LifeDew|Bold|||||50|]Grimmsnarl||LightClay|Prankster|PartingShot,Reflect,LightScreen,SpiritBreak|Careful||M|||50|]Garchomp||LifeOrb|RoughSkin|Earthquake,DragonClaw,RockSlide,PoisonJab|Jolly||F|||50|]Aerodactyl||KingsRock|Pressure|RockSlide,DualWingbeat,Tailwind,WideGuard|Jolly||M|||50|]Sylveon||FairyFeather|Pixilate|HyperBeam,DrainingKiss,CalmMind,MysticalFire|Modest||M|||50|
|inactive|Battle timer is ON: inactive players will automatically lose when time's up. (requested by Maik03)
|
|t:|1782531682
|teamsize|p1|4
|teamsize|p2|4
|start
|switch|p1a: Grimmsnarl|Grimmsnarl, L50, M|100/100
|switch|p1b: Swampert|Swampert, L50, M|100/100
|switch|p2a: Eelektross|Eelektross, L50, F|100/100
|switch|p2b: Sinistcha|Sinistcha, L50|100/100
|turn|1
|inactive|DiamondNate has 30 seconds left.
|
|t:|1782531713
|switch|p1b: Archaludon|Archaludon, L50, M|100/100
|detailschange|p2a: Eelektross|Eelektross-Mega, L50, F
|-mega|p2a: Eelektross|Eelektross|Eelektrossite
|move|p1a: Grimmsnarl|Parting Shot|p2a: Eelektross
|-unboost|p2a: Eelektross|atk|1
|-unboost|p2a: Eelektross|spa|1
|
|t:|1782531720
|switch|p1a: Swampert|Swampert, L50, M|100/100|[from] Parting Shot
|move|p2a: Eelektross|Coil|p2a: Eelektross
|-boost|p2a: Eelektross|atk|1
|-boost|p2a: Eelektross|def|1
|-boost|p2a: Eelektross|accuracy|1
|move|p2b: Sinistcha|Matcha Gotcha|p1b: Archaludon|[spread] p1a,p1b
|-supereffective|p1a: Swampert|2
|-resisted|p1b: Archaludon|2
|-damage|p1a: Swampert|6/100
|-damage|p1b: Archaludon|94/100
|-ability|p1b: Archaludon|Stamina|boost
|-boost|p1b: Archaludon|def|1
|
|-heal|p1b: Archaludon|100/100|[from] item: Leftovers
|upkeep
|turn|2
|inactive|DiamondNate has 30 seconds left.
|inactive|Maik03 has 30 seconds left.
|inactive|DiamondNate has 20 seconds left.
|inactive|DiamondNate has 15 seconds left.
|inactive|DiamondNate has 10 seconds left.
|
|t:|1782531769
|switch|p1a: Pelipper|Pelipper, L50, M|100/100
|-weather|RainDance|[from] ability: Drizzle|[of] p1a: Pelipper
|move|p2a: Eelektross|Coil|p2a: Eelektross
|-boost|p2a: Eelektross|atk|1
|-boost|p2a: Eelektross|def|1
|-boost|p2a: Eelektross|accuracy|1
|move|p1b: Archaludon|Electro Shot||[still]
|-prepare|p1b: Archaludon|Electro Shot
|-boost|p1b: Archaludon|spa|1
|-anim|p1b: Archaludon|Electro Shot|p2a: Eelektross
|-resisted|p2a: Eelektross|1
|-damage|p2a: Eelektross|62/100
|move|p2b: Sinistcha|Matcha Gotcha|p1a: Pelipper|[spread] p1a,p1b
|-resisted|p1b: Archaludon|2
|-damage|p1a: Pelipper|67/100
|-damage|p1b: Archaludon|94/100
|-ability|p1b: Archaludon|Stamina|boost
|-boost|p1b: Archaludon|def|1
|
|-weather|RainDance|[upkeep]
|-heal|p1b: Archaludon|100/100|[from] item: Leftovers
|upkeep
|turn|3
|inactive|Maik03 has 30 seconds left.
|inactive|Maik03 has 20 seconds left.
|inactive|Maik03 has 15 seconds left.
|
|t:|1782531810
|move|p2b: Sinistcha|Rage Powder|p2b: Sinistcha
|-singleturn|p2b: Sinistcha|move: Rage Powder
|move|p2a: Eelektross|Supercell Slam|p1a: Pelipper
|-supereffective|p1a: Pelipper|2
|-damage|p1a: Pelipper|0 fnt
|faint|p1a: Pelipper
|-ability|p2a: Eelektross|Eelevate|boost
|-boost|p2a: Eelektross|atk|1
|move|p1b: Archaludon|Electro Shot||[still]
|-prepare|p1b: Archaludon|Electro Shot
|-boost|p1b: Archaludon|spa|1
|-anim|p1b: Archaludon|Electro Shot|p2b: Sinistcha
|-resisted|p2b: Sinistcha|1
|-damage|p2b: Sinistcha|48/100
|-enditem|p2b: Sinistcha|Sitrus Berry|[eat]
|-heal|p2b: Sinistcha|73/100|[from] item: Sitrus Berry
|
|-weather|RainDance|[upkeep]
|upkeep
|
|t:|1782531816
|switch|p1a: Swampert|Swampert, L50, M|6/100
|turn|4
|
|t:|1782531836
|detailschange|p1a: Swampert|Swampert-Mega, L50, M
|-mega|p1a: Swampert|Swampert|Swampertite
|move|p1a: Swampert|Ice Punch|p2b: Sinistcha
|-supereffective|p2b: Sinistcha|1
|-crit|p2b: Sinistcha
|-damage|p2b: Sinistcha|3/100
|move|p2a: Eelektross|Supercell Slam|p1b: Archaludon
|-resisted|p1b: Archaludon|1
|-damage|p1b: Archaludon|79/100
|-ability|p1b: Archaludon|Stamina|boost
|-boost|p1b: Archaludon|def|1
|move|p1b: Archaludon|Electro Shot||[still]
|-prepare|p1b: Archaludon|Electro Shot
|-boost|p1b: Archaludon|spa|1
|-anim|p1b: Archaludon|Electro Shot|p2a: Eelektross
|-resisted|p2a: Eelektross|1
|-damage|p2a: Eelektross|3/100
|move|p2b: Sinistcha|Matcha Gotcha|p1b: Archaludon|[spread] p1a,p1b
|-supereffective|p1a: Swampert|2
|-resisted|p1b: Archaludon|2
|-damage|p1a: Swampert|0 fnt
|-heal|p2b: Sinistcha|7/100|[from] drain|[of] p1a: Swampert
|-damage|p1b: Archaludon|74/100
|-heal|p2b: Sinistcha|10/100|[from] drain|[of] p1b: Archaludon
|-ability|p1b: Archaludon|Stamina|boost
|-boost|p1b: Archaludon|def|1
|faint|p1a: Swampert
|
|-weather|RainDance|[upkeep]
|-heal|p1b: Archaludon|80/100|[from] item: Leftovers
|upkeep
|
|t:|1782531853
|switch|p1a: Grimmsnarl|Grimmsnarl, L50, M|100/100
|turn|5
|inactive|Maik03 has 30 seconds left.
|inactive|Maik03 has 20 seconds left.
|
|t:|1782531891
|move|p2a: Eelektross|Supercell Slam|p1a: Grimmsnarl
|-crit|p1a: Grimmsnarl
|-damage|p1a: Grimmsnarl|0 fnt
|faint|p1a: Grimmsnarl
|-ability|p2a: Eelektross|Eelevate|boost
|-boost|p2a: Eelektross|atk|1
|move|p1b: Archaludon|Electro Shot||[still]
|-prepare|p1b: Archaludon|Electro Shot
|-boost|p1b: Archaludon|spa|1
|-anim|p1b: Archaludon|Electro Shot|p2b: Sinistcha
|-resisted|p2b: Sinistcha|1
|-damage|p2b: Sinistcha|0 fnt
|faint|p2b: Sinistcha
|
|-weather|RainDance|[upkeep]
|-heal|p1b: Archaludon|86/100|[from] item: Leftovers
|upkeep
|
|t:|1782531910
|switch|p2b: Grimmsnarl|Grimmsnarl, L50, M|100/100
|turn|6
|
|t:|1782531919
|move|p2b: Grimmsnarl|Light Screen|p2b: Grimmsnarl
|-sidestart|p2: Maik03|move: Light Screen
|move|p2a: Eelektross|Supercell Slam|p1b: Archaludon
|-resisted|p1b: Archaludon|1
|-damage|p1b: Archaludon|69/100
|-ability|p1b: Archaludon|Stamina|boost
|-boost|p1b: Archaludon|def|1
|move|p1b: Archaludon|Dragon Pulse|p2a: Eelektross
|-damage|p2a: Eelektross|0 fnt
|faint|p2a: Eelektross
|
|-weather|none
|-heal|p1b: Archaludon|75/100|[from] item: Leftovers
|upkeep
|
|t:|1782531930
|switch|p2a: Garchomp|Garchomp, L50, F|100/100
|turn|7
|
|t:|1782531938
|move|p2a: Garchomp|Dragon Claw|p1b: Archaludon
|-damage|p1b: Archaludon|63/100
|-ability|p1b: Archaludon|Stamina|boost
|-boost|p1b: Archaludon|def|1
|-damage|p2a: Garchomp|90/100|[from] item: Life Orb
|move|p1b: Archaludon|Dragon Pulse|p2a: Garchomp
|-supereffective|p2a: Garchomp|1
|-damage|p2a: Garchomp|0 fnt
|faint|p2a: Garchomp
|move|p2b: Grimmsnarl|Spirit Break|p1b: Archaludon
|-damage|p1b: Archaludon|57/100
|-unboost|p1b: Archaludon|spa|1
|
|-heal|p1b: Archaludon|63/100|[from] item: Leftovers
|upkeep
|turn|8
|
|t:|1782531953
|move|p1b: Archaludon|Flash Cannon|p2b: Grimmsnarl
|-supereffective|p2b: Grimmsnarl|1
|-damage|p2b: Grimmsnarl|6/100
|move|p2b: Grimmsnarl|Spirit Break|p1b: Archaludon
|-damage|p1b: Archaludon|57/100
|-unboost|p1b: Archaludon|spa|1
|
|-heal|p1b: Archaludon|63/100|[from] item: Leftovers
|upkeep
|turn|9
|
|t:|1782531963
|move|p1b: Archaludon|Flash Cannon|p2b: Grimmsnarl
|-supereffective|p2b: Grimmsnarl|1
|-damage|p2b: Grimmsnarl|0 fnt
|faint|p2b: Grimmsnarl
|
|win|DiamondNate
||Maik03 is ready for game 2.
|l|☆Maik03
|player|p2|
||DiamondNate is ready for game 2.
|uhtml|next|Next: Game 2 of 3
