|j|☆RamonTheKiller
|j|☆dollartreehero
|html|RamonTheKillerdollartreehero    
|uhtml|bestof|Game 2 of a best-of-3
|t:|1755566936
|gametype|doubles
|player|p1|RamonTheKiller|palmer|1134
|player|p2|dollartreehero|bugcatcher-gen4dp|1266
|gen|9
|tier|[Gen 9] VGC 2025 Reg H (Bo3)
|rated|
|rule|Species Clause: Limit one of each Pokémon
|rule|Item Clause: Limit 1 of each item
|clearpoke
|poke|p1|Incineroar, L50, F|
|poke|p1|Amoonguss, L50, F|
|poke|p1|Gholdengo, L50|
|poke|p1|Dragonite, L50, F|
|poke|p1|Ursaluna-Bloodmoon, L50, M|
|poke|p1|Sneasler, L50, M|
|poke|p2|Tyranitar, L50, M|
|poke|p2|Excadrill, L50, F|
|poke|p2|Houndstone, L50, M|
|poke|p2|Milotic, L50, F|
|poke|p2|Amoonguss, L50, M|
|poke|p2|Volcarona, L50, M|
|teampreview|4
|showteam|p1|Incineroar||SafetyGoggles|Intimidate|KnockOff,FakeOut,PartingShot,FlareBlitz|||F|||50|,,,,,Ghost]Amoonguss||RockyHelmet|Regenerator|RagePowder,PollenPuff,Spore,Protect|||F|||50|,,,,,Fairy]Gholdengo||LifeOrb|GoodasGold|MakeItRain,ShadowBall,NastyPlot,Protect||||||50|,,,,,Water]Dragonite||LoadedDice|Multiscale|ScaleShot,Protect,Tailwind,Haze|||F|||50|,,,,,Fairy]Ursaluna-Bloodmoon||AssaultVest|MindsEye|BloodMoon,EarthPower,HyperVoice,VacuumWave|||M|||50|,,,,,Fairy]Sneasler||FocusSash|Unburden|DireClaw,CloseCombat,Protect,ThroatChop|||M|||50|,,,,,Stellar
|showteam|p2|Tyranitar||AssaultVest|SandStream|KnockOff,RockSlide,TeraBlast,LowKick|||M|||50|,,,,,Flying]Excadrill||FocusSash|SandRush|HighHorsepower,IronHead,Protect,Earthquake|||F|||50|,,,,,Fire]Houndstone||LifeOrb|SandRush|LastRespects,ShadowSneak,BodyPress,Protect|||M|||50|,,,,,Normal]Milotic||SitrusBerry|Competitive|Scald,IcyWind,Protect,Haze|||F|||50|,,,,,Poison]Amoonguss||RockyHelmet|Regenerator|RagePowder,Spore,PollenPuff,SludgeBomb|||M|||50|,,,,,Water]Volcarona||Leftovers|FlameBody|QuiverDance,HeatWave,GigaDrain,Protect|||M|||50|,,,,,Grass
|inactive|Battle timer is ON: inactive players will automatically lose when time's up. (requested by dollartreehero)
|inactive|dollartreehero has 60 seconds left.
|
|t:|1755566988
|teamsize|p1|4
|teamsize|p2|4
|start
|switch|p1a: Incineroar|Incineroar, L50, F|100/100
|switch|p1b: Ursaluna|Ursaluna-Bloodmoon, L50, M|100/100
|switch|p2a: Milotic|Milotic, L50, F|100/100
|switch|p2b: Tyranitar|Tyranitar, L50, M|100/100
|-ability|p1a: Incineroar|Intimidate|boost
|-unboost|p2a: Milotic|atk|1
|-ability|p2a: Milotic|Competitive|boost
|-boost|p2a: Milotic|spa|2
|-unboost|p2b: Tyranitar|atk|1
|-weather|Sandstorm|[from] ability: Sand Stream|[of] p2b: Tyranitar
|turn|1
|inactive|dollartreehero has 30 seconds left.
|inactive|dollartreehero has 20 seconds left.
|
|t:|1755567024
|move|p2a: Milotic|Protect|p2a: Milotic
|-singleturn|p2a: Milotic|Protect
|move|p1a: Incineroar|Fake Out|p2b: Tyranitar
|-resisted|p2b: Tyranitar
|-damage|p2b: Tyranitar|96/100
|move|p1b: Ursaluna|Vacuum Wave|p2b: Tyranitar
|-supereffective|p2b: Tyranitar
|-damage|p2b: Tyranitar|74/100
|cant|p2b: Tyranitar|flinch
|
|-weather|Sandstorm|[upkeep]
|-damage|p2a: Milotic|95/100|[from] Sandstorm
|upkeep
|turn|2
|
|t:|1755567045
|-terastallize|p1a: Incineroar|Ghost
|move|p1a: Incineroar|Knock Off|p2a: Milotic
|-damage|p2a: Milotic|58/100
|-enditem|p2a: Milotic|Sitrus Berry|[from] move: Knock Off|[of] p1a: Incineroar
|move|p2a: Milotic|Scald|p1b: Ursaluna
|-supereffective|p1b: Ursaluna
|-damage|p1b: Ursaluna|0 fnt
|faint|p1b: Ursaluna
|move|p2b: Tyranitar|Rock Slide|p1a: Incineroar|[miss]
|-miss|p2b: Tyranitar|p1a: Incineroar
|
|-weather|Sandstorm|[upkeep]
|-damage|p2a: Milotic|52/100|[from] Sandstorm
|upkeep
|
|t:|1755567067
|switch|p1b: Dragonite|Dragonite, L50, F|100/100
|turn|3
|
|t:|1755567080
|move|p2a: Milotic|Protect|p2a: Milotic
|-singleturn|p2a: Milotic|Protect
|move|p1b: Dragonite|Scale Shot|p2a: Milotic
|-activate|p2a: Milotic|move: Protect
|move|p1a: Incineroar|Parting Shot|p2b: Tyranitar
|-unboost|p2b: Tyranitar|atk|1
|-unboost|p2b: Tyranitar|spa|1
|
|t:|1755567088
|switch|p1a: Sneasler|Sneasler, L50, M|100/100|[from] Parting Shot
|move|p2b: Tyranitar|Knock Off|p1a: Sneasler
|-resisted|p1a: Sneasler
|-damage|p1a: Sneasler|82/100
|-enditem|p1a: Sneasler|Focus Sash|[from] move: Knock Off|[of] p2b: Tyranitar
|
|-weather|Sandstorm|[upkeep]
|-damage|p1a: Sneasler|76/100|[from] Sandstorm
|-damage|p1b: Dragonite|94/100|[from] Sandstorm
|-damage|p2a: Milotic|47/100|[from] Sandstorm
|upkeep
|turn|4
|
|t:|1755567108
|-terastallize|p2a: Milotic|Poison
|move|p1a: Sneasler|Dire Claw|p2b: Tyranitar
|-resisted|p2b: Tyranitar
|-damage|p2b: Tyranitar|56/100
|move|p1b: Dragonite|Scale Shot|p2a: Milotic
|-damage|p2a: Milotic|35/100
|-damage|p2a: Milotic|23/100
|-damage|p2a: Milotic|10/100
|-damage|p2a: Milotic|0 fnt
|faint|p2a: Milotic
|-hitcount|p2: Milotic|4
|-unboost|p1b: Dragonite|def|1
|-boost|p1b: Dragonite|spe|1
|move|p2b: Tyranitar|Rock Slide|p1b: Dragonite|[spread] p1a,p1b
|-resisted|p1a: Sneasler
|-supereffective|p1b: Dragonite
|-damage|p1a: Sneasler|65/100
|-damage|p1b: Dragonite|47/100
|
|-weather|Sandstorm|[upkeep]
|-damage|p1a: Sneasler|59/100|[from] Sandstorm
|-damage|p1b: Dragonite|41/100|[from] Sandstorm
|upkeep
|
|t:|1755567120
|switch|p2a: Houndstone|Houndstone, L50, M|100/100
|turn|5
|
|t:|1755567141
|switch|p1b: Incineroar|Incineroar, L50, F, tera:Ghost|100/100
|-ability|p1b: Incineroar|Intimidate|boost
|-unboost|p2a: Houndstone|atk|1
|-unboost|p2b: Tyranitar|atk|1
|switch|p2b: Excadrill|Excadrill, L50, F|100/100
|move|p1a: Sneasler|Close Combat|p2b: Excadrill
|-supereffective|p2b: Excadrill
|-enditem|p2b: Excadrill|Focus Sash
|-damage|p2b: Excadrill|1/100
|-unboost|p1a: Sneasler|def|1
|-unboost|p1a: Sneasler|spd|1
|move|p2a: Houndstone|Last Respects|p1b: Incineroar
|-supereffective|p1b: Incineroar
|-damage|p1b: Incineroar|21/100
|-damage|p2a: Houndstone|91/100|[from] item: Life Orb
|
|-weather|none
|upkeep
|turn|6
|inactive|dollartreehero has 30 seconds left.
|
|t:|1755567168
|move|p2a: Houndstone|Shadow Sneak|p1b: Incineroar
|-supereffective|p1b: Incineroar
|-damage|p1b: Incineroar|0 fnt
|faint|p1b: Incineroar
|-damage|p2a: Houndstone|82/100|[from] item: Life Orb
|move|p1a: Sneasler|Throat Chop|p2b: Excadrill
|-damage|p2b: Excadrill|0 fnt
|faint|p2b: Excadrill
|
|upkeep
|
|t:|1755567177
|switch|p2b: Tyranitar|Tyranitar, L50, M|56/100
|switch|p1b: Dragonite|Dragonite, L50, F|41/100
|-weather|Sandstorm|[from] ability: Sand Stream|[of] p2b: Tyranitar
|turn|7
|inactive|dollartreehero has 30 seconds left.
|
|t:|1755567203
|move|p1a: Sneasler|Close Combat|p2b: Tyranitar
|-supereffective|p2b: Tyranitar
|-damage|p2b: Tyranitar|0 fnt
|-unboost|p1a: Sneasler|def|1
|-unboost|p1a: Sneasler|spd|1
|faint|p2b: Tyranitar
|move|p2a: Houndstone|Last Respects|p1b: Dragonite
|-damage|p1b: Dragonite|0 fnt
|faint|p1b: Dragonite
|-damage|p2a: Houndstone|72/100|[from] item: Life Orb
|
|-weather|Sandstorm|[upkeep]
|-damage|p1a: Sneasler|54/100|[from] Sandstorm
|upkeep
|turn|8
|
|t:|1755567219
|move|p2a: Houndstone|Shadow Sneak|p1a: Sneasler
|-damage|p1a: Sneasler|9/100
|-damage|p2a: Houndstone|63/100|[from] item: Life Orb
|move|p1a: Sneasler|Throat Chop|p2a: Houndstone
|-supereffective|p2a: Houndstone
|-damage|p2a: Houndstone|0 fnt
|faint|p2a: Houndstone
|
|win|RamonTheKiller
|raw|RamonTheKiller's rating: 1134 → 1168(+34 for winning)
|raw|dollartreehero's rating: 1266 → 1232(-34 for losing)
|l|☆RamonTheKiller
|player|p1|
