|j|☆Reinisra
|j|☆natsukivgc
|html|Reinisranatsukivgc    
|uhtml|bestof|Game 1 of a best-of-3
|t:|1786032278
|gametype|doubles
|player|p1|Reinisra|2|1086
|player|p2|natsukivgc|101|1180
|gen|9
|tier|[Gen 9 Champions] VGC 2026 Reg M-B (Bo3)
|rated|
|rule|Species Clause: Limit one of each Pokémon
|rule|Item Clause: Limit 1 of each item
|clearpoke
|poke|p1|Hydreigon, L50, F|
|poke|p1|Ninetales-Alola, L50, M|
|poke|p1|Ceruledge, L50, F|
|poke|p1|Metagross, L50|
|poke|p1|Sinistcha, L50|
|poke|p1|Milotic, L50, F|
|poke|p2|Garchomp, L50, M|
|poke|p2|Venusaur, L50, F|
|poke|p2|Incineroar, L50, F|
|poke|p2|Charizard, L50, M|
|poke|p2|Toxapex, L50, F|
|poke|p2|Annihilape, L50, M|
|teampreview|4
|showteam|p1|Hydreigon||LifeOrb|Levitate|Protect,DracoMeteor,EarthPower,DarkPulse|Timid||F|||50|]Ninetales-Alola||NeverMeltIce|SnowWarning|Protect,Encore,Blizzard,Moonblast|Timid||M|||50|]Ceruledge||Charcoal|FlashFire|Protect,BulkUp,BitterBlade,ShadowSneak|Adamant||F|||50|]Metagross||Metagrossite|ClearBody|Protect,PsychicFangs,IronHead,BulletPunch|Jolly|||||50|]Sinistcha||SitrusBerry|Hospitality|MatchaGotcha,TrickRoom,LifeDew,RagePowder|Bold|||||50|]Milotic||Leftovers|Competitive|Scald,Coil,Recover,Hypnosis|Calm||F|||50|
|showteam|p2|Garchomp||ChoiceScarf|RoughSkin|Earthquake,DragonClaw,StompingTantrum,RockSlide|Adamant||M|||50|]Venusaur||LifeOrb|Chlorophyll|SolarBeam,SludgeBomb,EarthPower,Protect|Modest||F|||50|]Incineroar||SitrusBerry|Intimidate|FlareBlitz,ThroatChop,FakeOut,PartingShot|Impish||F|||50|]Charizard||CharizarditeY|Blaze|HeatWave,WeatherBall,Protect,HelpingHand|Modest||M|||50|]Toxapex||Leftovers|Regenerator|Infestation,Toxic,WideGuard,BanefulBunker|Bold||F|||50|]Annihilape||FocusSash|Defiant|CloseCombat,PhantomForce,RockTomb,Protect|Jolly||M|||50|
|
|t:|1786032329
|teamsize|p1|4
|teamsize|p2|4
|start
|switch|p1a: Hydreigon|Hydreigon, L50, F|100/100
|switch|p1b: Ninetales|Ninetales-Alola, L50, M|100/100
|switch|p2a: Charizard|Charizard, L50, M|100/100
|switch|p2b: Venusaur|Venusaur, L50, F|100/100
|-weather|Snowscape|[from] ability: Snow Warning|[of] p1b: Ninetales
|turn|1
|
|t:|1786032397
|detailschange|p2a: Charizard|Charizard-Mega-Y, L50, M
|-mega|p2a: Charizard|Charizard|Charizardite Y
|-weather|SunnyDay|[from] ability: Drought|[of] p2a: Charizard
|move|p1b: Ninetales|Protect|p1b: Ninetales
|-singleturn|p1b: Ninetales|Protect
|move|p2b: Venusaur|Sludge Bomb|p1b: Ninetales
|-activate|p1b: Ninetales|move: Protect
|move|p1a: Hydreigon|Draco Meteor|p2a: Charizard|[miss]
|-miss|p1a: Hydreigon|p2a: Charizard
|move|p2a: Charizard|Weather Ball|p1a: Hydreigon
|-resisted|p1a: Hydreigon|1
|-damage|p1a: Hydreigon|48/100
|
|-weather|SunnyDay|[upkeep]
|upkeep
|turn|2
|
|t:|1786032432
|switch|p1b: Metagross|Metagross, L50|100/100
|move|p2b: Venusaur|Sludge Bomb|p1a: Hydreigon
|-damage|p1a: Hydreigon|0 fnt
|faint|p1a: Hydreigon
|-damage|p2b: Venusaur|90/100|[from] item: Life Orb
|move|p2a: Charizard|Heat Wave|p1b: Metagross
|-supereffective|p1b: Metagross|1
|-crit|p1b: Metagross
|-damage|p1b: Metagross|0 fnt
|faint|p1b: Metagross
|
|-weather|SunnyDay|[upkeep]
|upkeep
|
|t:|1786032442
|switch|p1a: Milotic|Milotic, L50, F|100/100
|switch|p1b: Ninetales|Ninetales-Alola, L50, M|100/100
|-weather|Snowscape|[from] ability: Snow Warning|[of] p1b: Ninetales
|turn|3
|
|t:|1786032463
|switch|p2a: Toxapex|Toxapex, L50, F|100/100
|move|p1b: Ninetales|Blizzard|p2a: Toxapex|[spread] p2a,p2b
|-resisted|p2a: Toxapex|1
|-supereffective|p2b: Venusaur|1
|-damage|p2a: Toxapex|85/100
|-damage|p2b: Venusaur|10/100
|move|p2b: Venusaur|Sludge Bomb|p1b: Ninetales
|-supereffective|p1b: Ninetales|1
|-damage|p1b: Ninetales|0 fnt
|faint|p1b: Ninetales
|-damage|p2b: Venusaur|1/100|[from] item: Life Orb
|move|p1a: Milotic|Scald|p2a: Toxapex
|-resisted|p2a: Toxapex|1
|-damage|p2a: Toxapex|75/100
|
|-weather|Snowscape|[upkeep]
|-heal|p2a: Toxapex|81/100|[from] item: Leftovers
|upkeep
|turn|4
|
|t:|1786032483
|switch|p2b: Charizard|Charizard-Mega-Y, L50, M|100/100
|-weather|SunnyDay|[from] ability: Drought|[of] p2b: Charizard
|move|p1a: Milotic|Coil|p1a: Milotic
|-boost|p1a: Milotic|atk|1
|-boost|p1a: Milotic|def|1
|-boost|p1a: Milotic|accuracy|1
|move|p2a: Toxapex|Toxic|p1a: Milotic
|-status|p1a: Milotic|tox
|
|-weather|SunnyDay|[upkeep]
|-heal|p2a: Toxapex|87/100|[from] item: Leftovers
|-damage|p1a: Milotic|94/100 tox|[from] psn
|upkeep
|turn|5
|inactive|Battle timer is ON: inactive players will automatically lose when time's up. (requested by Reinisra)
|
|t:|1786032503
|move|p2b: Charizard|Weather Ball|p1a: Milotic
|-resisted|p1a: Milotic|1
|-damage|p1a: Milotic|68/100 tox
|move|p1a: Milotic|Scald|p2b: Charizard
|-supereffective|p2b: Charizard|1
|-crit|p2b: Charizard
|-damage|p2b: Charizard|65/100
|move|p2a: Toxapex|Infestation|p1a: Milotic
|-damage|p1a: Milotic|66/100 tox
|-activate|p1a: Milotic|move: Infestation|[of] p2a: Toxapex
|
|-weather|SunnyDay|[upkeep]
|-heal|p1a: Milotic|72/100 tox|[from] item: Leftovers
|-heal|p2a: Toxapex|92/100|[from] item: Leftovers
|-damage|p1a: Milotic|60/100 tox|[from] psn
|-damage|p1a: Milotic|48/100 tox|[from] move: Infestation|[partiallytrapped]
|upkeep
|turn|6
|
|t:|1786032525
|move|p2a: Toxapex|Baneful Bunker|p2a: Toxapex
|-singleturn|p2a: Toxapex|move: Protect
|move|p2b: Charizard|Weather Ball|p1a: Milotic
|-resisted|p1a: Milotic|1
|-damage|p1a: Milotic|23/100 tox
|move|p1a: Milotic|Recover|p1a: Milotic
|-heal|p1a: Milotic|73/100 tox
|
|-weather|SunnyDay|[upkeep]
|-heal|p1a: Milotic|79/100 tox|[from] item: Leftovers
|-heal|p2a: Toxapex|98/100|[from] item: Leftovers
|-damage|p1a: Milotic|61/100 tox|[from] psn
|-damage|p1a: Milotic|49/100 tox|[from] move: Infestation|[partiallytrapped]
|upkeep
|turn|7
|
|t:|1786032544
|move|p2b: Charizard|Weather Ball|p1a: Milotic
|-resisted|p1a: Milotic|1
|-damage|p1a: Milotic|19/100 tox
|move|p1a: Milotic|Hypnosis|p2b: Charizard
|-status|p2b: Charizard|slp|[from] move: Hypnosis
|move|p2a: Toxapex|Infestation|p1a: Milotic
|-damage|p1a: Milotic|17/100 tox
|
|-weather|SunnyDay|[upkeep]
|-heal|p1a: Milotic|23/100 tox|[from] item: Leftovers
|-heal|p2a: Toxapex|100/100|[from] item: Leftovers
|-damage|p1a: Milotic|0 fnt|[from] psn
|faint|p1a: Milotic
|
|win|natsukivgc
