|j|☆SFmrmimers
|j|☆mil0battles
|html|SFmrmimersmil0battles    
|uhtml|bestof|Game 1 of a best-of-3
|t:|1756528451
|gametype|doubles
|player|p1|SFmrmimers|n|1109
|player|p2|mil0battles|pokemonranger-gen4|1139
|gen|9
|tier|[Gen 9] VGC 2025 Reg H (Bo3)
|rated|
|rule|Species Clause: Limit one of each Pokémon
|rule|Item Clause: Limit 1 of each item
|clearpoke
|poke|p1|Sneasler, L50, M|
|poke|p1|Kingambit, L50, M|
|poke|p1|Rillaboom, L50, M|
|poke|p1|Basculegion, L50, M|
|poke|p1|Magmar, L50, F|
|poke|p1|Ninetales-Alola, L50, F|
|poke|p2|Inteleon, L50, F|
|poke|p2|Maushold-Four, L50|
|poke|p2|Pelipper, L50, F|
|poke|p2|Archaludon, L50, F|
|poke|p2|Basculegion, L50, M|
|poke|p2|Sneasler, L50, F|
|teampreview|4
|showteam|p1|Sneasler||FocusSash|PoisonTouch|DireClaw,CloseCombat,FakeOut,Protect|||M|||50|,,,,,Ghost]Kingambit||BlackGlasses|Defiant|KowtowCleave,SuckerPunch,SwordsDance,Protect|||M|||50|,,,,,Fire]Rillaboom||AssaultVest|GrassySurge|FakeOut,Uturn,GrassyGlide,WoodHammer|||M|||50|,,,,,Fire]Basculegion||ChoiceScarf|Adaptability|WaveCrash,LastRespects,TeraBlast,FlipTurn|||M|||50|,,,,,Fairy]Magmar||Eviolite|VitalSpirit|FollowMe,HeatWave,Taunt,Protect|||F|||50|,,,,,Ghost]Ninetales-Alola||NeverMeltIce|SnowWarning|Blizzard,FreezeDry,Encore,Protect|||F|||50|,,,,,Ghost
|showteam|p2|Inteleon||MysticWater|Sniper|SnipeShot,IceBeam,Haze,Protect|||F|||50|,,,,,Water]Maushold-Four||WideLens|Technician|PopulationBomb,Taunt,FollowMe,Protect||||||50|,,,,,Ghost]Pelipper||FocusSash|Drizzle|Tailwind,Protect,WeatherBall,Hurricane|||F|||50|,,,,,Ghost]Archaludon||AssaultVest|Stamina|ElectroShot,FlashCannon,BodyPress,DracoMeteor|||F|||50|,,,,,Grass]Basculegion||ChoiceBand|SwiftSwim|WaveCrash,LastRespects,FlipTurn,AquaJet|||M|||50|,,,,,Grass]Sneasler||WhiteHerb|Unburden|DireClaw,CloseCombat,FakeOut,Protect|||F|||50|,,,,,Stellar
|
|t:|1756528505
|teamsize|p1|4
|teamsize|p2|4
|start
|switch|p1a: Rillaboom|Rillaboom, L50, M|100/100
|switch|p1b: Kingambit|Kingambit, L50, M, shiny|100/100
|switch|p2a: Archaludon|Archaludon, L50, F|100/100
|switch|p2b: Inteleon|Inteleon, L50, F|100/100
|-fieldstart|move: Grassy Terrain|[from] ability: Grassy Surge|[of] p1a: Rillaboom
|turn|1
|inactive|Battle timer is ON: inactive players will automatically lose when time's up. (requested by mil0battles)
|
|t:|1756528522
|switch|p2b: Pelipper|Pelipper, L50, F|100/100
|-weather|RainDance|[from] ability: Drizzle|[of] p2b: Pelipper
|move|p1a: Rillaboom|Fake Out|p2b: Pelipper
|-damage|p2b: Pelipper|83/100
|move|p2a: Archaludon|Electro Shot||[still]
|-prepare|p2a: Archaludon|Electro Shot
|-boost|p2a: Archaludon|spa|1
|-anim|p2a: Archaludon|Electro Shot|p1b: Kingambit
|-damage|p1b: Kingambit|40/100
|move|p1b: Kingambit|Swords Dance|p1b: Kingambit
|-boost|p1b: Kingambit|atk|2
|
|-weather|RainDance|[upkeep]
|-heal|p1b: Kingambit|46/100|[from] Grassy Terrain
|upkeep
|turn|2
|
|t:|1756528544
|switch|p1a: Ninetales|Ninetales-Alola, L50, F, shiny|100/100
|-weather|Snowscape|[from] ability: Snow Warning|[of] p1a: Ninetales
|move|p1b: Kingambit|Protect|p1b: Kingambit
|-singleturn|p1b: Kingambit|Protect
|move|p2b: Pelipper|Tailwind|p2b: Pelipper
|-sidestart|p2: mil0battles|move: Tailwind
|move|p2a: Archaludon|Electro Shot||[still]
|-prepare|p2a: Archaludon|Electro Shot
|-boost|p2a: Archaludon|spa|1
|
|-weather|Snowscape|[upkeep]
|-heal|p1b: Kingambit|52/100|[from] Grassy Terrain
|upkeep
|turn|3
|inactive|SFmrmimers has 30 seconds left.
|
|t:|1756528577
|switch|p2b: Sneasler|Sneasler, L50, F|100/100
|-terastallize|p1b: Kingambit|Fire
|move|p2a: Archaludon|Electro Shot|p1b: Kingambit|[from] lockedmove
|-damage|p1b: Kingambit|0 fnt
|faint|p1b: Kingambit
|move|p1a: Ninetales|Freeze-Dry|p2b: Sneasler
|-damage|p2b: Sneasler|56/100
|
|-weather|Snowscape|[upkeep]
|-heal|p2b: Sneasler|61/100|[from] Grassy Terrain
|upkeep
|
|t:|1756528591
|switch|p1b: Sneasler|Sneasler, L50, M|100/100
|turn|4
|
|t:|1756528606
|switch|p2b: Pelipper|Pelipper, L50, F|83/100
|-weather|RainDance|[from] ability: Drizzle|[of] p2b: Pelipper
|move|p1a: Ninetales|Protect|p1a: Ninetales
|-singleturn|p1a: Ninetales|Protect
|move|p2a: Archaludon|Flash Cannon|p1a: Ninetales
|-activate|p1a: Ninetales|move: Protect
|move|p1b: Sneasler|Close Combat|p2a: Archaludon
|-supereffective|p2a: Archaludon
|-damage|p2a: Archaludon|23/100
|-unboost|p1b: Sneasler|def|1
|-unboost|p1b: Sneasler|spd|1
|-ability|p2a: Archaludon|Stamina|boost
|-boost|p2a: Archaludon|def|1
|
|-weather|RainDance|[upkeep]
|-heal|p2a: Archaludon|29/100|[from] Grassy Terrain
|upkeep
|turn|5
|
|t:|1756528623
|switch|p1a: Rillaboom|Rillaboom, L50, M|100/100
|move|p1b: Sneasler|Protect|p1b: Sneasler
|-singleturn|p1b: Sneasler|Protect
|move|p2b: Pelipper|Hurricane|p1a: Rillaboom
|-supereffective|p1a: Rillaboom
|-damage|p1a: Rillaboom|31/100
|move|p2a: Archaludon|Flash Cannon|p1a: Rillaboom
|-damage|p1a: Rillaboom|0 fnt
|faint|p1a: Rillaboom
|
|-weather|RainDance|[upkeep]
|-heal|p2a: Archaludon|36/100|[from] Grassy Terrain
|-sideend|p2: mil0battles|move: Tailwind
|-fieldend|move: Grassy Terrain
|upkeep
|
|t:|1756528635
|switch|p1a: Ninetales|Ninetales-Alola, L50, F, shiny|100/100
|-weather|Snowscape|[from] ability: Snow Warning|[of] p1a: Ninetales
|turn|6
|
|t:|1756528649
|move|p1b: Sneasler|Close Combat|p2a: Archaludon
|-supereffective|p2a: Archaludon
|-damage|p2a: Archaludon|0 fnt
|-unboost|p1b: Sneasler|def|1
|-unboost|p1b: Sneasler|spd|1
|faint|p2a: Archaludon
|move|p1a: Ninetales|Freeze-Dry|p2b: Pelipper
|-supereffective|p2b: Pelipper
|-damage|p2b: Pelipper|0 fnt
|faint|p2b: Pelipper
|
|-weather|Snowscape|[upkeep]
|upkeep
|
|t:|1756528657
|switch|p2b: Sneasler|Sneasler, L50, F|61/100
|switch|p2a: Inteleon|Inteleon, L50, F|100/100
|turn|7
|
|t:|1756528674
|move|p1a: Ninetales|Protect|p1a: Ninetales
|-singleturn|p1a: Ninetales|Protect
|move|p1b: Sneasler|Dire Claw|p2a: Inteleon
|-damage|p2a: Inteleon|24/100
|-status|p2a: Inteleon|slp
|cant|p2a: Inteleon|slp
|move|p2b: Sneasler|Close Combat|p1a: Ninetales
|-activate|p1a: Ninetales|move: Protect
|
|-weather|Snowscape|[upkeep]
|upkeep
|turn|8
|
|t:|1756528688
|move|p1b: Sneasler|Dire Claw|p2b: Sneasler
|-resisted|p2b: Sneasler
|-damage|p2b: Sneasler|26/100
|-status|p2b: Sneasler|par
|move|p1a: Ninetales|Blizzard|p2b: Sneasler|[spread] p2a,p2b
|-resisted|p2a: Inteleon
|-crit|p2a: Inteleon
|-damage|p2a: Inteleon|0 fnt
|-damage|p2b: Sneasler|0 fnt
|faint|p2a: Inteleon
|faint|p2b: Sneasler
|
|win|SFmrmimers
||SFmrmimers is ready for game 2.
