|j|☆Omaruco
|j|☆thebeast4895
|html|Omarucothebeast4895    
|uhtml|bestof|Game 2 of a best-of-3
|t:|1785969362
|gametype|doubles
|player|p1|Omaruco|arven-s|1240
|player|p2|thebeast4895|101|1313
|gen|9
|tier|[Gen 9 Champions] VGC 2026 Reg M-B (Bo3)
|rated|
|rule|Species Clause: Limit one of each Pokémon
|rule|Item Clause: Limit 1 of each item
|clearpoke
|poke|p1|Arcanine-Hisui, L50, F|
|poke|p1|Floette-Eternal, L50, F|
|poke|p1|Kingambit, L50, M|
|poke|p1|Dragonite, L50, M|
|poke|p1|Whimsicott, L50, F|
|poke|p1|Basculegion, L50, M|
|poke|p2|Rotom-Wash, L50|
|poke|p2|Arcanine-Hisui, L50, F|
|poke|p2|Froslass, L50, F|
|poke|p2|Raichu, L50, M|
|poke|p2|Annihilape, L50, M, shiny|
|poke|p2|Dragonite, L50, F|
|teampreview|4
|showteam|p1|Arcanine-Hisui||FocusSash|RockHead|Protect,ExtremeSpeed,FlareBlitz,HeadSmash|Jolly||F|||50|]Floette-Eternal||Floettite|FlowerVeil|Protect,Moonblast,DazzlingGleam,LightofRuin|Modest||F|||50|]Kingambit||BlackGlasses|Defiant|SuckerPunch,IronHead,Protect,KowtowCleave|Adamant||M|||50|]Dragonite||LifeOrb|InnerFocus|Protect,DragonClaw,ExtremeSpeed,LowKick|Adamant||M|||50|]Whimsicott||OccaBerry|Prankster|Protect,Tailwind,Encore,Moonblast|Timid||F|||50|]Basculegion||ChoiceScarf|Adaptability|FlipTurn,WaveCrash,LastRespects,AquaJet|Jolly||M|||50|
|showteam|p2|Rotom-Wash||ChoiceScarf|Levitate|WillOWisp,Thunderbolt,HydroPump,Electroweb|Timid|||||50|]Arcanine-Hisui||FocusSash|RockHead|Protect,FlareBlitz,HeadSmash,ExtremeSpeed|Adamant||F|||50|]Froslass||Froslassite|SnowCloak|Protect,AuroraVeil,ShadowBall,Blizzard|Timid||F|||50|]Raichu||RaichuniteY|Static|FakeOut,ZapCannon,FocusBlast,Protect|Timid||M|||50|]Annihilape||SitrusBerry|Defiant|Protect,RageFist,DrainPunch,BulkUp|Adamant||M|||50|]Dragonite||LifeOrb|InnerFocus|DragonClaw,ExtremeSpeed,LowKick,Protect|Adamant||F|||50|
|inactive|Battle timer is ON: inactive players will automatically lose when time's up. (requested by Omaruco)
|c|☆thebeast4895|breh
|inactive|Omaruco has 60 seconds left.
|inactive|thebeast4895 has 60 seconds left.
|inactive|Omaruco has 30 seconds left.
|inactive|thebeast4895 has 30 seconds left.
|inactive|thebeast4895 has 20 seconds left.
|
|t:|1785969436
|teamsize|p1|4
|teamsize|p2|4
|start
|switch|p1a: Floette|Floette-Eternal, L50, F|100/100
|switch|p1b: Basculegion|Basculegion, L50, M|100/100
|switch|p2a: Rotom|Rotom-Wash, L50|100/100
|switch|p2b: Raichu|Raichu, L50, M|100/100
|turn|1
|
|t:|1785969446
|switch|p1b: Kingambit|Kingambit, L50, M|100/100
|detailschange|p2b: Raichu|Raichu-Mega-Y, L50, M
|-mega|p2b: Raichu|Raichu|Raichunite Y
|move|p1a: Floette|Protect|p1a: Floette
|-singleturn|p1a: Floette|Protect
|move|p2b: Raichu|Fake Out|p1a: Floette
|-activate|p1a: Floette|move: Protect
|move|p2a: Rotom|Electroweb|p1b: Kingambit|[spread] p1b
|-activate|p1a: Floette|move: Protect
|-damage|p1b: Kingambit|84/100
|-unboost|p1b: Kingambit|spe|1
|-ability|p1b: Kingambit|Defiant|boost
|-boost|p1b: Kingambit|atk|2
|
|upkeep
|turn|2
|
|t:|1785969460
|detailschange|p1a: Floette|Floette-Mega, L50, F
|-mega|p1a: Floette|Floette|Floettite
|-ability|p1a: Floette|Fairy Aura
|move|p1b: Kingambit|Sucker Punch|p2b: Raichu
|-damage|p2b: Raichu|0 fnt
|faint|p2b: Raichu
|move|p2a: Rotom|Electroweb|p1b: Kingambit|[spread] p1a,p1b
|-damage|p1a: Floette|84/100
|-damage|p1b: Kingambit|68/100
|-unboost|p1a: Floette|spe|1
|-unboost|p1b: Kingambit|spe|1
|-ability|p1b: Kingambit|Defiant|boost
|-boost|p1b: Kingambit|atk|2
|move|p1a: Floette|Moonblast|p2a: Rotom
|-damage|p2a: Rotom|16/100
|
|upkeep
|
|t:|1785969469
|switch|p2b: Arcanine|Arcanine-Hisui, L50, F|100/100
|turn|3
|
|t:|1785969486
|switch|p1a: Dragonite|Dragonite, L50, M|100/100
|move|p1b: Kingambit|Sucker Punch|p2a: Rotom
|-damage|p2a: Rotom|0 fnt
|faint|p2a: Rotom
|move|p2b: Arcanine|Flare Blitz|p1b: Kingambit
|-supereffective|p1b: Kingambit|1
|-damage|p1b: Kingambit|0 fnt
|faint|p1b: Kingambit
|
|upkeep
|
|t:|1785969496
|switch|p2a: Dragonite|Dragonite, L50, F|100/100
|switch|p1b: Floette|Floette-Mega, L50, F|84/100
|-ability|p1b: Floette|Fairy Aura
|turn|4
|inactive|Omaruco has 30 seconds left.
|inactive|thebeast4895 has 30 seconds left.
|inactive|thebeast4895 has 20 seconds left.
|
|t:|1785969541
|move|p2a: Dragonite|Protect|p2a: Dragonite
|-singleturn|p2a: Dragonite|Protect
|move|p1b: Floette|Dazzling Gleam|p2a: Dragonite|[spread] p2b
|-activate|p2a: Dragonite|move: Protect
|-resisted|p2b: Arcanine|1
|-damage|p2b: Arcanine|69/100
|move|p2b: Arcanine|Head Smash|p1a: Dragonite
|-supereffective|p1a: Dragonite|1
|-damage|p1a: Dragonite|0 fnt
|faint|p1a: Dragonite
|
|upkeep
|
|t:|1785969546
|switch|p1a: Basculegion|Basculegion, L50, M|100/100
|turn|5
|
|t:|1785969557
|move|p2b: Arcanine|Extreme Speed|p1b: Floette
|-damage|p1b: Floette|46/100
|move|p2a: Dragonite|Extreme Speed|p1b: Floette
|-damage|p1b: Floette|0 fnt
|faint|p1b: Floette
|-damage|p2a: Dragonite|90/100|[from] item: Life Orb
|move|p1a: Basculegion|Aqua Jet|p2b: Arcanine
|-supereffective|p2b: Arcanine|2
|-damage|p2b: Arcanine|0 fnt
|faint|p2b: Arcanine
|
|upkeep
|turn|6
|-message|Omaruco forfeited.
|
|win|thebeast4895
