|j|☆daemian_x
|j|☆sparkzevan
|html|daemian_xsparkzevan    
|uhtml|bestof|Game 2 of a best-of-3
|t:|1785368738
|gametype|doubles
|player|p1|daemian_x|blue|1120
|player|p2|sparkzevan|169|1031
|gen|9
|tier|[Gen 9 Champions] VGC 2026 Reg M-B (Bo3)
|rated|
|rule|Species Clause: Limit one of each Pokémon
|rule|Item Clause: Limit 1 of each item
|clearpoke
|poke|p1|Tyranitar, L50, M|
|poke|p1|Excadrill, L50, M|
|poke|p1|Gholdengo, L50|
|poke|p1|Milotic, L50, F|
|poke|p1|Sinistcha, L50|
|poke|p1|Staraptor, L50, M|
|poke|p2|Gardevoir, L50, F, shiny|
|poke|p2|Talonflame, L50, M|
|poke|p2|Rotom-Wash, L50|
|poke|p2|Kommo-o, L50, M|
|poke|p2|Aegislash, L50, F|
|poke|p2|Maushold-Four, L50|
|teampreview|4
|showteam|p1|Tyranitar||Tyranitarite|SandStream|RockSlide,KnockOff,LowKick,Protect|Adamant||M|||50|]Excadrill||FocusSash|SandRush|RockSlide,IronHead,Protect,Earthquake|Adamant||M|||50|]Gholdengo||LifeOrb|GoodasGold|MakeItRain,ShadowBall,NastyPlot,Protect|Modest|||||50|]Milotic||SitrusBerry|Competitive|Scald,IceBeam,Recover,Protect|Modest||F|||50|]Sinistcha||ColburBerry|Hospitality|MatchaGotcha,RagePowder,StrengthSap,Protect|Bold|||||50|]Staraptor||Staraptite|Intimidate|CloseCombat,BraveBird,Tailwind,Protect|Jolly||M|||50|
|showteam|p2|Gardevoir||Gardevoirite|Trace|Protect,Psychic,HyperVoice,Thunderbolt|Modest||F|||50|]Talonflame||FocusSash|GaleWings|Protect,FlareBlitz,DualWingbeat,Tailwind|Jolly||M|||50|]Rotom-Wash||ChoiceScarf|Levitate|Electroweb,HydroPump,WillOWisp,VoltSwitch|Timid|||||50|]Kommo-o||LifeOrb|Soundproof|Protect,ClangingScales,AuraSphere,VacuumWave|Modest||M|||50|]Aegislash||Leftovers|StanceChange|KingsShield,Poltergeist,ShadowSneak,IronHead|Adamant||F|||50|]Maushold-Four||ChopleBerry|FriendGuard|Protect,SuperFang,Taunt,FollowMe|Timid|||||50|
|
|t:|1785368763
|teamsize|p1|4
|teamsize|p2|4
|start
|switch|p1a: Gholdengo|Gholdengo, L50|100/100
|switch|p1b: Excadrill|Excadrill, L50, M|100/100
|switch|p2a: Rotom|Rotom-Wash, L50|100/100
|switch|p2b: Aegislash|Aegislash, L50, F|100/100
|turn|1
|
|t:|1785368788
|move|p1b: Excadrill|Protect|p1b: Excadrill
|-singleturn|p1b: Excadrill|Protect
|move|p2b: Aegislash|King's Shield|p2b: Aegislash
|-singleturn|p2b: Aegislash|Protect
|move|p2a: Rotom|Will-O-Wisp|p1b: Excadrill
|-activate|p1b: Excadrill|move: Protect
|move|p1a: Gholdengo|Shadow Ball|p2a: Rotom
|-damage|p2a: Rotom|42/100
|-unboost|p2a: Rotom|spd|1
|-damage|p1a: Gholdengo|90/100|[from] item: Life Orb
|
|upkeep
|turn|2
|
|t:|1785368850
|switch|p2a: Kommo-o|Kommo-o, L50, M|100/100
|move|p1b: Excadrill|Iron Head|p2b: Aegislash
|-resisted|p2b: Aegislash|1
|-damage|p2b: Aegislash|80/100
|move|p1a: Gholdengo|Shadow Ball|p2b: Aegislash
|-supereffective|p2b: Aegislash|1
|-damage|p2b: Aegislash|0 fnt
|faint|p2b: Aegislash
|-damage|p1a: Gholdengo|81/100|[from] item: Life Orb
|
|upkeep
|inactive|Battle timer is ON: inactive players will automatically lose when time's up. (requested by sparkzevan)
|
|t:|1785368863
|switch|p2b: Rotom|Rotom-Wash, L50|42/100
|turn|3
|inactive|daemian_x has 30 seconds left.
|
|t:|1785368893
|switch|p1a: Tyranitar|Tyranitar, L50, M|100/100
|-weather|Sandstorm|[from] ability: Sand Stream|[of] p1a: Tyranitar
|move|p1b: Excadrill|Iron Head|p2a: Kommo-o
|-damage|p2a: Kommo-o|58/100
|move|p2b: Rotom|Hydro Pump|p1a: Tyranitar
|-supereffective|p1a: Tyranitar|1
|-damage|p1a: Tyranitar|49/100
|move|p2a: Kommo-o|Aura Sphere|p1b: Excadrill
|-supereffective|p1b: Excadrill|1
|-enditem|p1b: Excadrill|Focus Sash
|-damage|p1b: Excadrill|1/100
|-damage|p2a: Kommo-o|49/100|[from] item: Life Orb
|
|-weather|Sandstorm|[upkeep]
|-damage|p2b: Rotom|36/100|[from] Sandstorm
|-damage|p2a: Kommo-o|43/100|[from] Sandstorm
|upkeep
|turn|4
|inactive|daemian_x has 30 seconds left.
|inactive|daemian_x has 20 seconds left.
|inactive|daemian_x has 15 seconds left.
|inactive|daemian_x has 10 seconds left.
|inactive|daemian_x has 5 seconds left.
|
|t:|1785368945
|move|p2a: Kommo-o|Vacuum Wave|p1b: Excadrill
|-supereffective|p1b: Excadrill|1
|-damage|p1b: Excadrill|0 fnt
|faint|p1b: Excadrill
|-damage|p2a: Kommo-o|33/100|[from] item: Life Orb
|move|p2b: Rotom|Hydro Pump|p1a: Tyranitar
|-supereffective|p1a: Tyranitar|1
|-damage|p1a: Tyranitar|0 fnt
|faint|p1a: Tyranitar
|
|-weather|Sandstorm|[upkeep]
|-damage|p2b: Rotom|31/100|[from] Sandstorm
|-damage|p2a: Kommo-o|27/100|[from] Sandstorm
|upkeep
|
|t:|1785368956
|switch|p1b: Sinistcha|Sinistcha, L50|100/100
|switch|p1a: Gholdengo|Gholdengo, L50|81/100
|-heal|p1a: Gholdengo|100/100|[from] ability: Hospitality|[of] p1b: Sinistcha
|turn|5
|
|t:|1785368970
|move|p2a: Kommo-o|Protect|p2a: Kommo-o
|-singleturn|p2a: Kommo-o|Protect
|move|p1b: Sinistcha|Rage Powder|p1b: Sinistcha
|-singleturn|p1b: Sinistcha|move: Rage Powder
|move|p2b: Rotom|Hydro Pump|p1b: Sinistcha|[miss]
|-miss|p2b: Rotom|p1b: Sinistcha
|move|p1a: Gholdengo|Shadow Ball|p2a: Kommo-o
|-activate|p2a: Kommo-o|move: Protect
|
|-weather|Sandstorm|[upkeep]
|-damage|p2b: Rotom|25/100|[from] Sandstorm
|-damage|p2a: Kommo-o|21/100|[from] Sandstorm
|-damage|p1b: Sinistcha|93/100|[from] Sandstorm
|upkeep
|turn|6
|
|t:|1785368988
|move|p1b: Sinistcha|Rage Powder|p1b: Sinistcha
|-singleturn|p1b: Sinistcha|move: Rage Powder
|move|p2b: Rotom|Hydro Pump|p1b: Sinistcha
|-resisted|p1b: Sinistcha|1
|-damage|p1b: Sinistcha|74/100
|move|p1a: Gholdengo|Shadow Ball|p2a: Kommo-o
|-damage|p2a: Kommo-o|0 fnt
|faint|p2a: Kommo-o
|-damage|p1a: Gholdengo|90/100|[from] item: Life Orb
|
|-weather|Sandstorm|[upkeep]
|-damage|p2b: Rotom|19/100|[from] Sandstorm
|-damage|p1b: Sinistcha|67/100|[from] Sandstorm
|upkeep
|
|t:|1785368999
|switch|p2a: Gardevoir|Gardevoir, L50, F, shiny|100/100
|-ability|p2a: Gardevoir|Good as Gold|Trace|[from] ability: Trace|[of] p1a: Gholdengo
|turn|7
|
|t:|1785369011
|detailschange|p2a: Gardevoir|Gardevoir-Mega, L50, F, shiny
|-mega|p2a: Gardevoir|Gardevoir|Gardevoirite
|move|p1a: Gholdengo|Protect|p1a: Gholdengo
|-singleturn|p1a: Gholdengo|Protect
|move|p1b: Sinistcha|Protect|p1b: Sinistcha
|-singleturn|p1b: Sinistcha|Protect
|move|p2b: Rotom|Hydro Pump|p1a: Gholdengo
|-activate|p1a: Gholdengo|move: Protect
|move|p2a: Gardevoir|Hyper Voice|p1b: Sinistcha|[spread] 
|-activate|p1a: Gholdengo|move: Protect
|-activate|p1b: Sinistcha|move: Protect
|
|-weather|none
|upkeep
|turn|8
|inactive|sparkzevan has 30 seconds left.
|
|t:|1785369043
|move|p1b: Sinistcha|Rage Powder|p1b: Sinistcha
|-singleturn|p1b: Sinistcha|move: Rage Powder
|move|p2b: Rotom|Hydro Pump|p1b: Sinistcha
|-resisted|p1b: Sinistcha|1
|-damage|p1b: Sinistcha|48/100
|move|p1a: Gholdengo|Shadow Ball|p2b: Rotom
|-damage|p2b: Rotom|0 fnt
|faint|p2b: Rotom
|-damage|p1a: Gholdengo|81/100|[from] item: Life Orb
|move|p2a: Gardevoir|Hyper Voice|p1a: Gholdengo|[spread] p1a,p1b
|-resisted|p1a: Gholdengo|1
|-damage|p1a: Gholdengo|52/100
|-damage|p1b: Sinistcha|0 fnt
|faint|p1b: Sinistcha
|
|upkeep
|turn|9
|
|t:|1785369061
|move|p2a: Gardevoir|Protect|p2a: Gardevoir
|-singleturn|p2a: Gardevoir|Protect
|move|p1a: Gholdengo|Make It Rain|p2a: Gardevoir
|-activate|p2a: Gardevoir|move: Protect
|
|upkeep
|turn|10
|
|t:|1785369068
|move|p1a: Gholdengo|Make It Rain|p2a: Gardevoir
|-supereffective|p2a: Gardevoir|1
|-damage|p2a: Gardevoir|0 fnt
|-unboost|p1a: Gholdengo|spa|2
|faint|p2a: Gardevoir
|-damage|p1a: Gholdengo|43/100|[from] item: Life Orb
|
|win|daemian_x
||sparkzevan is ready for game 3.
||daemian_x is ready for game 3.
|uhtml|next|Next: Game 3 of 3
|l|☆sparkzevan
|player|p2|
