|j|☆kojay
|j|☆Tzavellas
|html|kojayTzavellas    
|uhtml|bestof|Game 1 of a best-of-3
|t:|1756824299
|gametype|doubles
|player|p1|kojay|kamado-armor|1080
|player|p2|Tzavellas|169|1033
|gen|9
|tier|[Gen 9] VGC 2025 Reg H (Bo3)
|rated|
|rule|Species Clause: Limit one of each Pokémon
|rule|Item Clause: Limit 1 of each item
|clearpoke
|poke|p1|Garchomp, L50, M|
|poke|p1|Sneasler, L50, M|
|poke|p1|Incineroar, L50, M|
|poke|p1|Dragonite, L50, F|
|poke|p1|Gholdengo, L50|
|poke|p1|Vivillon, L50, M|
|poke|p2|Tyranitar, L50, M|
|poke|p2|Garchomp, L50, F|
|poke|p2|Arcanine-Hisui, L50, F|
|poke|p2|Excadrill, L50, M|
|poke|p2|Orthworm, L50, M|
|poke|p2|Corviknight, L50, F|
|teampreview|4
|showteam|p1|Garchomp||LifeOrb|RoughSkin|Earthquake,DragonClaw,StompingTantrum,Protect|||M|||50|,,,,,Ground]Sneasler||WhiteHerb|Unburden|Coaching,Protect,DireClaw,CloseCombat|||M|||50|,,,,,Ghost]Incineroar||SafetyGoggles|Intimidate|FakeOut,FlareBlitz,KnockOff,PartingShot|||M|||50|,,,,,Ghost]Dragonite||LoadedDice|InnerFocus|TeraBlast,ScaleShot,Tailwind,Protect|||F|||50|,,,,,Flying]Gholdengo||ChoiceScarf|GoodasGold|MakeItRain,ShadowBall,Trick,Thunderbolt||||||50|,,,,,Steel]Vivillon||FocusSash|CompoundEyes|Hurricane,SleepPowder,RagePowder,Protect|||M|||50|,,,,,Ghost
|showteam|p2|Tyranitar||AssaultVest|SandStream|KnockOff,RockSlide,TeraBlast,LowKick|||M|||50|,,,,,Flying]Garchomp||FocusSash|SandVeil|Earthquake,RockSlide,SwordsDance,DragonClaw|||F|||50|,,,,,Dragon]Arcanine-Hisui||ChoiceBand|Intimidate|FlareBlitz,RockSlide,ExtremeSpeed,CloseCombat|||F|||50|,,,,,Water]Excadrill||LifeOrb|SandRush|Earthquake,RockSlide,Protect,IronHead|||M|||50|,,,,,Stellar]Orthworm||SitrusBerry|EarthEater|BodyPress,IronDefense,ShedTail,HeavySlam|||M|||50|,,,,,Fairy]Corviknight||Leftovers|MirrorArmor|BodyPress,IronDefense,Tailwind,TeraBlast|||F|||50|,,,,,Stellar
|inactive|Battle timer is ON: inactive players will automatically lose when time's up. (requested by Tzavellas)
|inactive|kojay has 60 seconds left.
|inactive|Tzavellas has 60 seconds left.
|inactive|kojay has 30 seconds left.
|inactive|kojay has 20 seconds left.
|inactive|kojay has 15 seconds left.
|
|t:|1756824375
|teamsize|p1|4
|teamsize|p2|4
|start
|switch|p1a: Vivillon|Vivillon, L50, M|100/100
|switch|p1b: Sneasler|Sneasler, L50, M|100/100
|switch|p2a: Tyranitar|Tyranitar, L50, M|100/100
|switch|p2b: Excadrill|Excadrill, L50, M|100/100
|-weather|Sandstorm|[from] ability: Sand Stream|[of] p2a: Tyranitar
|turn|1
|inactive|kojay has 30 seconds left.
|inactive|kojay has 20 seconds left.
|inactive|kojay has 15 seconds left.
|inactive|kojay has 10 seconds left.
|
|t:|1756824422
|-terastallize|p2a: Tyranitar|Flying
|move|p2b: Excadrill|Rock Slide|p1b: Sneasler|[spread] p1a,p1b
|-supereffective|p1a: Vivillon
|-resisted|p1b: Sneasler
|-enditem|p1a: Vivillon|Focus Sash
|-damage|p1a: Vivillon|1/100
|-damage|p1b: Sneasler|78/100
|-damage|p2b: Excadrill|91/100|[from] item: Life Orb
|move|p1b: Sneasler|Dire Claw|p2a: Tyranitar
|-damage|p2a: Tyranitar|63/100
|-status|p2a: Tyranitar|par
|cant|p1a: Vivillon|flinch
|move|p2a: Tyranitar|Tera Blast|p1b: Sneasler|[anim] Tera Blast Flying
|-supereffective|p1b: Sneasler
|-damage|p1b: Sneasler|0 fnt
|faint|p1b: Sneasler
|
|-weather|Sandstorm|[upkeep]
|-damage|p1a: Vivillon|0 fnt|[from] Sandstorm
|-damage|p2a: Tyranitar|57/100 par|[from] Sandstorm
|faint|p1a: Vivillon
|upkeep
|
|t:|1756824438
|switch|p1b: Kaladin|Garchomp, L50, M, shiny|100/100
|switch|p1a: Dragonite|Dragonite, L50, F, shiny|100/100
|turn|2
|inactive|kojay has 30 seconds left.
|inactive|kojay has 20 seconds left.
|inactive|kojay has 15 seconds left.
|
|t:|1756824479
|move|p2b: Excadrill|Rock Slide|p1a: Dragonite|[spread] p1b
|-miss|p2b: Excadrill|p1a: Dragonite
|-resisted|p1b: Kaladin
|-damage|p1b: Kaladin|88/100
|-damage|p2b: Excadrill|81/100|[from] item: Life Orb
|move|p1b: Kaladin|Earthquake|p2a: Tyranitar|[spread] p2b
|-immune|p1a: Dragonite
|-immune|p2a: Tyranitar
|-supereffective|p2b: Excadrill
|-damage|p2b: Excadrill|0 fnt
|faint|p2b: Excadrill
|-damage|p1b: Kaladin|78/100|[from] item: Life Orb
|move|p1a: Dragonite|Tailwind|p1a: Dragonite
|-sidestart|p1: kojay|move: Tailwind
|move|p2a: Tyranitar|Knock Off|p1b: Kaladin
|-damage|p1b: Kaladin|16/100
|-damage|p2a: Tyranitar|45/100 par|[from] ability: Rough Skin|[of] p1b: Kaladin
|-enditem|p1b: Kaladin|Life Orb|[from] move: Knock Off|[of] p2a: Tyranitar
|
|-weather|Sandstorm|[upkeep]
|-damage|p1a: Dragonite|95/100|[from] Sandstorm
|-damage|p2a: Tyranitar|39/100 par|[from] Sandstorm
|upkeep
|inactive|Tzavellas has 30 seconds left.
|
|t:|1756824513
|switch|p2b: Arcanine|Arcanine-Hisui, L50, F|100/100
|-ability|p2b: Arcanine|Intimidate|boost
|-fail|p1a: Dragonite|unboost|Attack|[from] ability: Inner Focus|[of] p1a: Dragonite
|-unboost|p1b: Kaladin|atk|1
|turn|3
|
|t:|1756824534
|move|p1b: Kaladin|Protect|p1b: Kaladin
|-singleturn|p1b: Kaladin|Protect
|move|p2b: Arcanine|Extreme Speed|p1b: Kaladin
|-activate|p1b: Kaladin|move: Protect
|move|p1a: Dragonite|Scale Shot|p2b: Arcanine|[miss]
|-miss|p1a: Dragonite|p2b: Arcanine
|move|p2a: Tyranitar|Rock Slide|p1a: Dragonite|[spread] p1a
|-activate|p1b: Kaladin|move: Protect
|-supereffective|p1a: Dragonite
|-damage|p1a: Dragonite|23/100
|
|-weather|Sandstorm|[upkeep]
|-damage|p1a: Dragonite|17/100|[from] Sandstorm
|-damage|p2a: Tyranitar|33/100 par|[from] Sandstorm
|upkeep
|turn|4
|
|t:|1756824557
|move|p1b: Kaladin|Protect|p1b: Kaladin
|-singleturn|p1b: Kaladin|Protect
|move|p2b: Arcanine|Extreme Speed|p1b: Kaladin
|-activate|p1b: Kaladin|move: Protect
|move|p1a: Dragonite|Scale Shot|p2b: Arcanine
|-damage|p2b: Arcanine|84/100
|-damage|p2b: Arcanine|68/100
|-damage|p2b: Arcanine|49/100
|-damage|p2b: Arcanine|32/100
|-hitcount|p2b: Arcanine|4
|-unboost|p1a: Dragonite|def|1
|-boost|p1a: Dragonite|spe|1
|move|p2a: Tyranitar|Rock Slide|p1a: Dragonite|[spread] p1a
|-activate|p1b: Kaladin|move: Protect
|-supereffective|p1a: Dragonite
|-damage|p1a: Dragonite|0 fnt
|faint|p1a: Dragonite
|
|-weather|Sandstorm|[upkeep]
|-damage|p2a: Tyranitar|27/100 par|[from] Sandstorm
|upkeep
|turn|5
|-message|kojay forfeited.
|
|win|Tzavellas
