|j|☆twittle twister
|j|☆eggwich69
|html|twittle twistereggwich69    
|uhtml|bestof|Game 1 of a best-of-3
|t:|1757824419
|gametype|doubles
|player|p1|twittle twister|101|1101
|player|p2|eggwich69|266|1173
|gen|9
|tier|[Gen 9] VGC 2025 Reg H (Bo3)
|rated|
|rule|Species Clause: Limit one of each Pokémon
|rule|Item Clause: Limit 1 of each item
|clearpoke
|poke|p1|Ursaluna-Bloodmoon, L50, M|
|poke|p1|Tyranitar, L50, M|
|poke|p1|Sneasler, L50, M|
|poke|p1|Indeedee, L50, M|
|poke|p1|Whimsicott, L50, F|
|poke|p1|Annihilape, L50, F|
|poke|p2|Sneasler, L50, M|
|poke|p2|Indeedee, L50, M|
|poke|p2|Incineroar, L50, F|
|poke|p2|Dragonite, L50, M|
|poke|p2|Ursaluna-Bloodmoon, L50, M|
|poke|p2|Milotic, L50, M|
|teampreview|4
|showteam|p1|Ursaluna-Bloodmoon||ThroatSpray|MindsEye|HyperVoice,BloodMoon,Protect,EarthPower|||M|||50|,,,,,Ghost]Tyranitar||AssaultVest|SandStream|RockSlide,TeraBlast,KnockOff,LowKick|||M|||50|,,,,,Flying]Sneasler||PsychicSeed|Unburden|DireClaw,CloseCombat,Acrobatics,Protect|||M|||50|,,,,,Flying]Indeedee||FocusSash|PsychicSurge|DazzlingGleam,ExpandingForce,Psychic,HelpingHand|||M|||50|,,,,,Fairy]Whimsicott||CovertCloak|Prankster|Tailwind,Encore,Moonblast,WorrySeed|||F|||50|,,,,,Steel]Annihilape||RockyHelmet|Defiant|DrainPunch,RageFist,BulkUp,Protect|||F|||50|,,,,,Fairy
|showteam|p2|Sneasler||PsychicSeed|Unburden|DireClaw,CloseCombat,ThroatChop,Protect|||M|||50|,,,,,Stellar]Indeedee||FocusSash|PsychicSurge|ExpandingForce,TrickRoom,Protect,TeraBlast|||M|||50|,,,,,Fighting]Incineroar||SafetyGoggles|Intimidate|FakeOut,FlareBlitz,KnockOff,PartingShot|||F|||50|,,,,,Water]Dragonite||LoadedDice|Multiscale|ScaleShot,Haze,Protect,Tailwind|||M|||50|,,,,,Fairy]Ursaluna-Bloodmoon||LifeOrb|MindsEye|BloodMoon,HyperVoice,EarthPower,Protect|||M|||50|,,,,,Normal]Milotic||SitrusBerry|Competitive|Scald,IcyWind,Haze,Protect|||M|||50|,,,,,Grass
|inactive|Battle timer is ON: inactive players will automatically lose when time's up. (requested by twittle twister)
|inactive|eggwich69 has 60 seconds left.
|inactive|eggwich69 has 30 seconds left.
|inactive|eggwich69 has 20 seconds left.
|inactive|eggwich69 has 15 seconds left.
|
|t:|1757824520
|teamsize|p1|4
|teamsize|p2|4
|start
|switch|p1a: Indeedee|Indeedee, L50, M|100/100
|switch|p1b: Annihilape|Annihilape, L50, F|100/100
|switch|p2a: Milotic|Milotic, L50, M|100/100
|switch|p2b: Dragonite|Dragonite, L50, M|100/100
|-fieldstart|move: Psychic Terrain|[from] ability: Psychic Surge|[of] p1a: Indeedee
|turn|1
|inactive|eggwich69 has 30 seconds left.
|
|t:|1757824546
|move|p1b: Annihilape|Bulk Up|p1b: Annihilape
|-boost|p1b: Annihilape|atk|1
|-boost|p1b: Annihilape|def|1
|move|p2b: Dragonite|Tailwind|p2b: Dragonite
|-sidestart|p2: eggwich69|move: Tailwind
|move|p2a: Milotic|Scald|p1a: Indeedee
|-damage|p1a: Indeedee|70/100
|move|p1a: Indeedee|Dazzling Gleam|p2b: Dragonite|[spread] p2a,p2b
|-supereffective|p2b: Dragonite
|-damage|p2a: Milotic|86/100
|-damage|p2b: Dragonite|81/100
|
|upkeep
|turn|2
|inactive|twittle twister has 30 seconds left.
|inactive|twittle twister has 20 seconds left.
|
|t:|1757824582
|move|p2b: Dragonite|Scale Shot|p1a: Indeedee
|-damage|p1a: Indeedee|44/100
|-damage|p1a: Indeedee|20/100
|-damage|p1a: Indeedee|0 fnt
|faint|p1a: Indeedee
|-hitcount|p1: Indeedee|3
|-unboost|p2b: Dragonite|def|1
|-boost|p2b: Dragonite|spe|1
|move|p2a: Milotic|Haze|p2a: Milotic
|-clearallboost
|move|p1b: Annihilape|Drain Punch|p2b: Dragonite
|-resisted|p2b: Dragonite
|-damage|p2b: Dragonite|65/100
|
|upkeep
|
|t:|1757824588
|switch|p1a: Sneasler|Sneasler, L50, M|100/100
|-enditem|p1a: Sneasler|Psychic Seed
|-boost|p1a: Sneasler|spd|1|[from] item: Psychic Seed
|turn|3
|inactive|eggwich69 has 30 seconds left.
|
|t:|1757824617
|move|p1a: Sneasler|Dire Claw|p2b: Dragonite
|-damage|p2b: Dragonite|9/100
|-status|p2b: Dragonite|psn
|move|p2b: Dragonite|Scale Shot|p1a: Sneasler
|-damage|p1a: Sneasler|75/100
|-damage|p1a: Sneasler|48/100
|-damage|p1a: Sneasler|22/100
|-damage|p1a: Sneasler|0 fnt
|faint|p1a: Sneasler
|-hitcount|p1: Sneasler|4
|-unboost|p2b: Dragonite|def|1
|-boost|p2b: Dragonite|spe|1
|move|p2a: Milotic|Scald|p1b: Annihilape
|-damage|p1b: Annihilape|72/100
|move|p1b: Annihilape|Rage Fist|p2a: Milotic
|-damage|p2a: Milotic|41/100
|-enditem|p2a: Milotic|Sitrus Berry|[eat]
|-heal|p2a: Milotic|65/100|[from] item: Sitrus Berry
|
|-damage|p2b: Dragonite|0 fnt|[from] psn
|faint|p2b: Dragonite
|upkeep
|
|t:|1757824635
|switch|p1a: Tyranitar|Tyranitar, L50, M|100/100
|switch|p2b: Sneasler|Sneasler, L50, M|100/100
|-weather|Sandstorm|[from] ability: Sand Stream|[of] p1a: Tyranitar
|-enditem|p2b: Sneasler|Psychic Seed
|-boost|p2b: Sneasler|spd|1|[from] item: Psychic Seed
|turn|4
|
|t:|1757824649
|-terastallize|p1a: Tyranitar|Flying
|move|p2b: Sneasler|Protect|p2b: Sneasler
|-singleturn|p2b: Sneasler|Protect
|move|p2a: Milotic|Icy Wind|p1a: Tyranitar|[spread] p1b
|-miss|p2a: Milotic|p1a: Tyranitar
|-damage|p1b: Annihilape|62/100
|-unboost|p1b: Annihilape|spe|1
|-ability|p1b: Annihilape|Defiant|boost
|-boost|p1b: Annihilape|atk|2
|move|p1b: Annihilape|Drain Punch|p2a: Milotic
|-damage|p2a: Milotic|0 fnt
|-heal|p1b: Annihilape|93/100|[from] drain|[of] p2a: Milotic
|faint|p2a: Milotic
|move|p1a: Tyranitar|Tera Blast|p2b: Sneasler|[anim] Tera Blast Flying
|-activate|p2b: Sneasler|move: Protect
|
|-weather|Sandstorm|[upkeep]
|-damage|p2b: Sneasler|95/100|[from] Sandstorm
|-damage|p1b: Annihilape|87/100|[from] Sandstorm
|-damage|p1a: Tyranitar|95/100|[from] Sandstorm
|-sideend|p2: eggwich69|move: Tailwind
|upkeep
|
|t:|1757824659
|switch|p2a: Ursaluna|Ursaluna-Bloodmoon, L50, M|100/100
|turn|5
|inactive|eggwich69 has 30 seconds left.
|inactive|eggwich69 has 20 seconds left.
|
|t:|1757824697
|-terastallize|p2a: Ursaluna|Normal
|move|p2b: Sneasler|Dire Claw|p1a: Tyranitar
|-damage|p1a: Tyranitar|56/100
|-status|p1a: Tyranitar|psn
|move|p2a: Ursaluna|Blood Moon|p1a: Tyranitar
|-damage|p1a: Tyranitar|0 fnt
|faint|p1a: Tyranitar
|-damage|p2a: Ursaluna|91/100|[from] item: Life Orb
|move|p1b: Annihilape|Drain Punch|p2a: Ursaluna
|-supereffective|p2a: Ursaluna
|-damage|p2a: Ursaluna|0 fnt
|-heal|p1b: Annihilape|100/100|[from] drain|[of] p2a: Ursaluna
|faint|p2a: Ursaluna
|
|-weather|Sandstorm|[upkeep]
|-damage|p2b: Sneasler|89/100|[from] Sandstorm
|-damage|p1b: Annihilape|94/100|[from] Sandstorm
|-fieldend|move: Psychic Terrain
|upkeep
|turn|6
|inactive|twittle twister has 30 seconds left.
|inactive|twittle twister has 20 seconds left.
|
|t:|1757824733
|move|p2b: Sneasler|Dire Claw|p1b: Annihilape
|-resisted|p1b: Annihilape
|-damage|p1b: Annihilape|71/100
|-status|p1b: Annihilape|psn
|-damage|p2b: Sneasler|72/100|[from] item: Rocky Helmet|[of] p1b: Annihilape
|move|p1b: Annihilape|Rage Fist|p2b: Sneasler
|-damage|p2b: Sneasler|0 fnt
|faint|p2b: Sneasler
|
|win|twittle twister
||eggwich69 is ready for game 2.
|inactive|twittle twister has 30 seconds to confirm battle start!
||twittle twister is ready for game 2.
|uhtml|next|Next: Game 2 of 3
|l|☆eggwich69
|player|p2|
