|j|☆8therum
|j|☆Silverized
|html|8therumSilverized    
|uhtml|bestof|Game 3 of a best-of-3
|t:|1785093276
|gametype|doubles
|player|p1|8therum|miku-fairy|
|player|p2|Silverized|paxton|
|gen|9
|tier|[Gen 9 Champions] VGC 2026 Reg M-B (Bo3)
|rule|Species Clause: Limit one of each Pokémon
|rule|Item Clause: Limit 1 of each item
|clearpoke
|poke|p1|Gholdengo, L50|
|poke|p1|Tinkaton, L50, F|
|poke|p1|Primarina, L50, F|
|poke|p1|Archaludon, L50, F|
|poke|p1|Sableye, L50, M|
|poke|p1|Aerodactyl, L50, M|
|poke|p2|Aerodactyl, L50, F|
|poke|p2|Kingambit, L50, M|
|poke|p2|Sylveon, L50, M|
|poke|p2|Garchomp, L50, M|
|poke|p2|Charizard, L50, F|
|poke|p2|Incineroar, L50, F|
|teampreview|4
|showteam|p1|Gholdengo||LifeOrb|GoodasGold|ShadowBall,MakeItRain,NastyPlot,Protect|Timid|||||50|]Tinkaton||MetalCoat|MoldBreaker|FakeOut,GigatonHammer,KnockOff,Protect|Adamant||F|||50|]Primarina||Leftovers|LiquidVoice|HyperVoice,Moonblast,CalmMind,Protect|Modest||F|||50|]Archaludon||ChoiceScarf|Stamina|ElectroShot,FlashCannon,AuraSphere,DracoMeteor|Timid||F|||50|]Sableye||RoseliBerry|Prankster|FoulPlay,Quash,Encore,RainDance|Calm||M|||50|]Aerodactyl||Aerodactylite|RockHead|RockSlide,DualWingbeat,Tailwind,Protect|Jolly||M|||50|
|showteam|p2|Aerodactyl||Aerodactylite|Unnerve|RockSlide,IceFang,Tailwind,WideGuard|Jolly||F|||50|]Kingambit||FocusSash|Defiant|KowtowCleave,SuckerPunch,IronHead,Protect|Adamant||M|||50|]Sylveon||FairyFeather|Pixilate|Detect,HyperVoice,HyperBeam,QuickAttack|Modest||M|||50|]Garchomp||LifeOrb|RoughSkin|Earthquake,DragonClaw,StompingTantrum,Protect|Jolly||M|||50|]Charizard||CharizarditeY|Blaze|Protect,HeatWave,SolarBeam,WeatherBall|Modest||F|||50|]Incineroar||SitrusBerry|Intimidate|DarkestLariat,FlareBlitz,FakeOut,PartingShot|Impish||F|||50|
|j| cos(wt)
|inactive|Battle timer is ON: inactive players will automatically lose when time's up. (requested by 8therum)
|inactive|8therum has 60 seconds left.
|
|t:|1785093335
|teamsize|p1|4
|teamsize|p2|4
|start
|switch|p1a: Aerodactyl|Aerodactyl, L50, M|100/100
|switch|p1b: Primarina|Primarina, L50, F|100/100
|switch|p2a: Aerodactyl|Aerodactyl, L50, F|100/100
|switch|p2b: Garchomp|Garchomp, L50, M|100/100
|-ability|p2a: Aerodactyl|Unnerve
|turn|1
|inactive|Silverized has 30 seconds left.
|
|t:|1785093363
|detailschange|p1a: Aerodactyl|Aerodactyl-Mega, L50, M
|-mega|p1a: Aerodactyl|Aerodactyl|Aerodactylite
|move|p1a: Aerodactyl|Dual Wingbeat|p2b: Garchomp
|-damage|p2b: Garchomp|69/100
|-damage|p1a: Aerodactyl|87/100|[from] ability: Rough Skin|[of] p2b: Garchomp
|-damage|p2b: Garchomp|40/100
|-damage|p1a: Aerodactyl|75/100|[from] ability: Rough Skin|[of] p2b: Garchomp
|-hitcount|p2b: Garchomp|2
|move|p2a: Aerodactyl|Rock Slide|p1b: Primarina|[spread] p1a,p1b
|-supereffective|p1a: Aerodactyl|1
|-damage|p1a: Aerodactyl|18/100
|-damage|p1b: Primarina|72/100
|move|p2b: Garchomp|Stomping Tantrum|p1b: Primarina
|-damage|p1b: Primarina|13/100
|-damage|p2b: Garchomp|30/100|[from] item: Life Orb
|move|p1b: Primarina|Calm Mind|p1b: Primarina
|-boost|p1b: Primarina|spa|1
|-boost|p1b: Primarina|spd|1
|
|-heal|p1b: Primarina|19/100|[from] item: Leftovers
|upkeep
|turn|2
|inactive|8therum has 30 seconds left.
|inactive|Silverized has 30 seconds left.
|inactive|Silverized has 20 seconds left.
|inactive|Silverized has 15 seconds left.
|
|t:|1785093404
|move|p1b: Primarina|Protect|p1b: Primarina
|-singleturn|p1b: Primarina|Protect
|move|p1a: Aerodactyl|Tailwind|p1a: Aerodactyl
|-sidestart|p1: 8therum|move: Tailwind
|move|p2a: Aerodactyl|Tailwind|p2a: Aerodactyl
|-sidestart|p2: Silverized|move: Tailwind
|move|p2b: Garchomp|Dragon Claw|p1a: Aerodactyl
|-damage|p1a: Aerodactyl|0 fnt
|faint|p1a: Aerodactyl
|-damage|p2b: Garchomp|20/100y|[from] item: Life Orb
|
|-heal|p1b: Primarina|25/100|[from] item: Leftovers
|upkeep
|
|t:|1785093417
|switch|p1a: Archaludon|Archaludon, L50, F|100/100
|turn|3
|inactive|8therum has 30 seconds left.
|
|t:|1785093450
|move|p2a: Aerodactyl|Wide Guard|p2a: Aerodactyl
|-singleturn|p2a: Aerodactyl|Wide Guard
|move|p1a: Archaludon|Aura Sphere|p2b: Garchomp
|-damage|p2b: Garchomp|0 fnt
|faint|p2b: Garchomp
|move|p1b: Primarina|Hyper Voice|p2a: Aerodactyl
|-activate|p2a: Aerodactyl|move: Wide Guard
|
|-heal|p1b: Primarina|31/100|[from] item: Leftovers
|upkeep
|inactive|Silverized has 30 seconds left.
|
|t:|1785093480
|switch|p2b: Kingambit|Kingambit, L50, M|100/100
|turn|4
|inactive|8therum has 30 seconds left.
|
|t:|1785093507
|move|p2b: Kingambit|Sucker Punch|p1a: Archaludon
|-damage|p1a: Archaludon|63/100
|-ability|p1a: Archaludon|Stamina|boost
|-boost|p1a: Archaludon|def|1
|move|p1a: Archaludon|Aura Sphere|p2b: Kingambit
|-supereffective|p2b: Kingambit|2
|-enditem|p2b: Kingambit|Focus Sash
|-damage|p2b: Kingambit|1/100
|move|p2a: Aerodactyl|Rock Slide|p1a: Archaludon|[spread] p1a,p1b
|-resisted|p1a: Archaludon|1
|-damage|p1a: Archaludon|56/100
|-damage|p1b: Primarina|6/100
|-ability|p1a: Archaludon|Stamina|boost
|-boost|p1a: Archaludon|def|1
|move|p1b: Primarina|Calm Mind|p1b: Primarina
|-boost|p1b: Primarina|spa|1
|-boost|p1b: Primarina|spd|1
|
|-heal|p1b: Primarina|12/100|[from] item: Leftovers
|upkeep
|turn|5
|inactive|8therum has 30 seconds left.
|inactive|Silverized has 30 seconds left.
|
|t:|1785093539
|move|p2b: Kingambit|Sucker Punch|p1a: Archaludon
|-crit|p1a: Archaludon
|-damage|p1a: Archaludon|4/100
|-ability|p1a: Archaludon|Stamina|boost
|-boost|p1a: Archaludon|def|1
|move|p1a: Archaludon|Aura Sphere|p2a: Aerodactyl
|-damage|p2a: Aerodactyl|68/100
|move|p2a: Aerodactyl|Rock Slide|p1b: Primarina|[spread] p1a,p1b
|-resisted|p1a: Archaludon|1
|-damage|p1a: Archaludon|1/100
|-damage|p1b: Primarina|0 fnt
|-ability|p1a: Archaludon|Stamina|boost
|-boost|p1a: Archaludon|def|1
|faint|p1b: Primarina
|
|-sideend|p2: Silverized|move: Tailwind
|-sideend|p1: 8therum|move: Tailwind
|upkeep
|
|t:|1785093551
|switch|p1b: Sableye|Sableye, L50, M|100/100
|turn|6
|l| cos(wt)
|
|t:|1785093565
|move|p2b: Kingambit|Sucker Punch|p1a: Archaludon
|-damage|p1a: Archaludon|0 fnt
|faint|p1a: Archaludon
|move|p2a: Aerodactyl|Rock Slide|p1b: Sableye
|-damage|p1b: Sableye|59/100
|move|p1b: Sableye|Foul Play|p2b: Kingambit
|-resisted|p2b: Kingambit|1
|-damage|p2b: Kingambit|0 fnt
|faint|p2b: Kingambit
|
|upkeep
|c|☆8therum|well that crit hurts
|
|t:|1785093574
|switch|p2b: Charizard|Charizard, L50, F|100/100
|turn|7
|inactive|Silverized has 30 seconds left.
|inactive|Silverized has 20 seconds left.
|
|t:|1785093613
|detailschange|p2b: Charizard|Charizard-Mega-Y, L50, F
|-mega|p2b: Charizard|Charizard|Charizardite Y
|-weather|SunnyDay|[from] ability: Drought|[of] p2b: Charizard
|move|p2a: Aerodactyl|Ice Fang|p1b: Sableye
|-damage|p1b: Sableye|34/100
|move|p2b: Charizard|Weather Ball|p1b: Sableye
|-damage|p1b: Sableye|0 fnt
|faint|p1b: Sableye
|
|win|Silverized
