|j|☆sandy ghost 5
|j|☆EnvySenpai
|html|sandy ghost 5EnvySenpai    
|uhtml|bestof|Game 2 of a best-of-3
|t:|1756985310
|gametype|doubles
|player|p1|sandy ghost 5|baker|1322
|player|p2|EnvySenpai|miku-ground|1078
|gen|9
|tier|[Gen 9] VGC 2025 Reg H (Bo3)
|rated|
|rule|Species Clause: Limit one of each Pokémon
|rule|Item Clause: Limit 1 of each item
|clearpoke
|poke|p1|Tyranitar, L50, M|
|poke|p1|Excadrill, L50, F|
|poke|p1|Sinistcha-Masterpiece, L50|
|poke|p1|Salamence, L50, M|
|poke|p1|Blaziken, L50, M|
|poke|p1|Bruxish, L50, F|
|poke|p2|Incineroar, L50, M|
|poke|p2|Amoonguss, L50, M|
|poke|p2|Mismagius, L50, M|
|poke|p2|Ursaluna, L50, M|
|poke|p2|Gothitelle, L50, M|
|poke|p2|Torkoal, L50, M|
|teampreview|4
|showteam|p1|Tyranitar||ClearAmulet|SandStream|RockSlide,KnockOff,DragonDance,Protect|||M|||50|,,,,,Grass]Excadrill||AssaultVest|SandRush|Earthquake,IronHead,HighHorsepower,RockSlide|||F|||50|,,,,,Ghost]Sinistcha-Masterpiece||SitrusBerry|Hospitality|ShadowBall,MatchaGotcha,RagePowder,Protect||||||50|,,,,,Dark]Salamence||LifeOrb|Intimidate|DracoMeteor,AirSlash,Protect,Tailwind|||M|||50|,,,,,Ghost]Blaziken||CovertCloak|SpeedBoost|AuraSphere,HeatWave,Coaching,WillOWisp|||M|||50|,,,,,Dragon]Bruxish||ChoiceScarf|Dazzling|PsychicFangs,FlipTurn,WaveCrash,SuperFang|||F|||50|,,,,,Water
|showteam|p2|Incineroar||SafetyGoggles|Intimidate|FakeOut,KnockOff,FlareBlitz,PartingShot|||M|||50|,,,,,Ghost]Amoonguss||EjectButton|Regenerator|RagePowder,Spore,PollenPuff,Protect|||M|||50|,,,,,Water]Mismagius||FocusSash|Levitate|ShadowBall,TrickRoom,PerishSong,Protect|||M|||50|,,,,,Fairy]Ursaluna||FlameOrb|Guts|Facade,Earthquake,HeadlongRush,Protect|||M|||50|,,,,,Ghost]Gothitelle||SitrusBerry|ShadowTag|FakeOut,Psychic,Taunt,Protect|||M|||50|,,,,,Dark]Torkoal||Charcoal|Drought|Eruption,HeatWave,Overheat,Protect|||M|||50|,,,,,Grass
|inactive|Battle timer is ON: inactive players will automatically lose when time's up. (requested by EnvySenpai)
|inactive|EnvySenpai has 60 seconds left.
|
|t:|1756985349
|teamsize|p1|4
|teamsize|p2|4
|start
|switch|p1a: Bruxish|Bruxish, L50, F|100/100
|switch|p1b: Tyranitar|Tyranitar, L50, M|100/100
|switch|p2a: Nya|Incineroar, L50, M, shiny|100/100
|switch|p2b: Budget Flutter|Mismagius, L50, M, shiny|100/100
|-weather|Sandstorm|[from] ability: Sand Stream|[of] p1b: Tyranitar
|-ability|p2a: Nya|Intimidate|boost
|-unboost|p1a: Bruxish|atk|1
|-fail|p1b: Tyranitar|unboost|[from] item: Clear Amulet|[of] p1b: Tyranitar
|turn|1
|
|t:|1756985368
|-terastallize|p2a: Nya|Ghost
|move|p2b: Budget Flutter|Protect|p2b: Budget Flutter
|-singleturn|p2b: Budget Flutter|Protect
|move|p1a: Bruxish|Flip Turn|p2b: Budget Flutter
|-activate|p2b: Budget Flutter|move: Protect
|move|p1b: Tyranitar|Rock Slide|p2a: Nya|[spread] p2a
|-activate|p2b: Budget Flutter|move: Protect
|-damage|p2a: Nya|77/100
|move|p2a: Nya|Knock Off|p1b: Tyranitar
|-resisted|p1b: Tyranitar
|-crit|p1b: Tyranitar
|-damage|p1b: Tyranitar|73/100
|-enditem|p1b: Tyranitar|Clear Amulet|[from] move: Knock Off|[of] p2a: Nya
|
|-weather|Sandstorm|[upkeep]
|-damage|p1a: Bruxish|94/100|[from] Sandstorm
|-damage|p2b: Budget Flutter|95/100|[from] Sandstorm
|upkeep
|turn|2
|
|t:|1756985385
|move|p1a: Bruxish|Flip Turn|p2b: Budget Flutter
|-damage|p2b: Budget Flutter|57/100
|
|t:|1756985392
|switch|p1a: Puppet|Sinistcha-Masterpiece, L50|100/100|[from] Flip Turn
|-heal|p1b: Tyranitar|98/100|[from] ability: Hospitality|[of] p1a: Puppet
|move|p2b: Budget Flutter|Perish Song|p2b: Budget Flutter
|-start|p1a: Puppet|perish3|[silent]
|-start|p1b: Tyranitar|perish3|[silent]
|-start|p2a: Nya|perish3|[silent]
|-start|p2b: Budget Flutter|perish3|[silent]
|-fieldactivate|move: Perish Song
|move|p1b: Tyranitar|Rock Slide|p2a: Nya|[spread] p2a,p2b
|-damage|p2a: Nya|52/100
|-damage|p2b: Budget Flutter|0 fnt
|faint|p2b: Budget Flutter
|cant|p2a: Nya|flinch
|
|-weather|Sandstorm|[upkeep]
|-damage|p1a: Puppet|94/100|[from] Sandstorm
|-start|p1b: Tyranitar|perish3
|-start|p1a: Puppet|perish3
|-start|p2a: Nya|perish3
|upkeep
|
|t:|1756985407
|switch|p2b: Nuh Uh|Gothitelle, L50, M, shiny|100/100
|turn|3
|
|t:|1756985418
|switch|p1a: Salamence|Salamence, L50, M|100/100
|-ability|p1a: Salamence|Intimidate|boost
|-unboost|p2a: Nya|atk|1
|-unboost|p2b: Nuh Uh|atk|1
|switch|p2a: Yogi|Ursaluna, L50, M, shiny|100/100
|move|p2b: Nuh Uh|Fake Out|p1b: Tyranitar
|-resisted|p1b: Tyranitar
|-damage|p1b: Tyranitar|97/100
|cant|p1b: Tyranitar|flinch
|
|-weather|Sandstorm|[upkeep]
|-damage|p1a: Salamence|95/100|[from] Sandstorm
|-damage|p2b: Nuh Uh|94/100|[from] Sandstorm
|-start|p1b: Tyranitar|perish2
|-status|p2a: Yogi|brn|[from] item: Flame Orb
|upkeep
|turn|4
|
|t:|1756985440
|move|p2b: Nuh Uh|Protect|p2b: Nuh Uh
|-singleturn|p2b: Nuh Uh|Protect
|move|p2a: Yogi|Protect|p2a: Yogi
|-singleturn|p2a: Yogi|Protect
|move|p1a: Salamence|Draco Meteor|p2a: Yogi
|-activate|p2a: Yogi|move: Protect
|move|p1b: Tyranitar|Knock Off|p2b: Nuh Uh
|-activate|p2b: Nuh Uh|move: Protect
|
|-weather|Sandstorm|[upkeep]
|-damage|p1a: Salamence|89/100|[from] Sandstorm
|-damage|p2b: Nuh Uh|88/100|[from] Sandstorm
|-damage|p2a: Yogi|95/100 brn|[from] brn
|-start|p1b: Tyranitar|perish1
|upkeep
|turn|5
|
|t:|1756985457
|switch|p2b: Nya|Incineroar, L50, M, shiny, tera:Ghost|52/100
|-ability|p2b: Nya|Intimidate|boost
|-unboost|p1a: Salamence|atk|1
|-unboost|p1b: Tyranitar|atk|1
|move|p1a: Salamence|Draco Meteor|p2a: Yogi
|-damage|p2a: Yogi|30/100 brn
|-unboost|p1a: Salamence|spa|2
|-damage|p1a: Salamence|79/100|[from] item: Life Orb
|move|p1b: Tyranitar|Knock Off|p2b: Nya
|-supereffective|p2b: Nya
|-damage|p2b: Nya|0 fnt
|-enditem|p2b: Nya|Safety Goggles|[from] move: Knock Off|[of] p1b: Tyranitar
|faint|p2b: Nya
|move|p2a: Yogi|Facade|p1a: Salamence
|-damage|p1a: Salamence|0 fnt
|faint|p1a: Salamence
|
|-weather|none
|-damage|p2a: Yogi|24/100 brn|[from] brn
|-start|p1b: Tyranitar|perish0
|faint|p1b: Tyranitar
|upkeep
|
|t:|1756985475
|switch|p1a: Puppet|Sinistcha-Masterpiece, L50|94/100
|switch|p1b: Bruxish|Bruxish, L50, F|94/100
|switch|p2b: Nuh Uh|Gothitelle, L50, M, shiny|88/100
|-heal|p1b: Bruxish|100/100|[from] ability: Hospitality|[of] p1a: Puppet
|turn|6
|
|t:|1756985486
|-terastallize|p1a: Puppet|Dark
|move|p2a: Yogi|Protect|p2a: Yogi
|-singleturn|p2a: Yogi|Protect
|move|p1b: Bruxish|Wave Crash|p2a: Yogi
|-activate|p2a: Yogi|move: Protect
|move|p1a: Puppet|Shadow Ball|p2b: Nuh Uh
|-supereffective|p2b: Nuh Uh
|-damage|p2b: Nuh Uh|34/100
|-enditem|p2b: Nuh Uh|Sitrus Berry|[eat]
|-heal|p2b: Nuh Uh|59/100|[from] item: Sitrus Berry
|move|p2b: Nuh Uh|Taunt|p1a: Puppet
|-start|p1a: Puppet|move: Taunt
|
|-damage|p2a: Yogi|18/100 brn|[from] brn
|upkeep
|turn|7
|
|t:|1756985503
|move|p2a: Yogi|Protect||[still]
|-fail|p2a: Yogi
|move|p1b: Bruxish|Wave Crash|p2a: Yogi
|-supereffective|p2a: Yogi
|-damage|p2a: Yogi|0 fnt
|faint|p2a: Yogi
|-damage|p1b: Bruxish|91/100|[from] Recoil
|move|p1a: Puppet|Shadow Ball|p2b: Nuh Uh
|-supereffective|p2b: Nuh Uh
|-damage|p2b: Nuh Uh|0 fnt
|faint|p2b: Nuh Uh
|
|win|sandy ghost 5
|raw|sandy ghost 5's rating: 1322 → 1330(+8 for winning)
|raw|EnvySenpai's rating: 1078 → 1069(-9 for losing)
|l|☆EnvySenpai
|player|p2|
|c|☆sandy ghost 5|gg
