|j|☆Plopy14
|j|☆pati_patout
|html|Plopy14pati_patout    
|uhtml|bestof|Game 2 of a best-of-3
|t:|1783895280
|gametype|doubles
|player|p1|Plopy14|bugcatcher|1212
|player|p2|pati_patout|101|1179
|gen|9
|tier|[Gen 9 Champions] VGC 2026 Reg M-B (Bo3)
|rated|
|rule|Species Clause: Limit one of each Pokémon
|rule|Item Clause: Limit 1 of each item
|clearpoke
|poke|p1|Floette-Eternal, L50, F|
|poke|p1|Incineroar, L50, M|
|poke|p1|Sneasler, L50, M|
|poke|p1|Kingambit, L50, M|
|poke|p1|Sinistcha, L50|
|poke|p1|Delphox, L50, M|
|poke|p2|Gholdengo, L50|
|poke|p2|Incineroar, L50, M|
|poke|p2|Garchomp, L50, F|
|poke|p2|Tyranitar, L50, M|
|poke|p2|Rotom-Wash, L50|
|poke|p2|Scovillain, L50, M|
|teampreview|4
|showteam|p1|Floette-Eternal||Floettite|FlowerVeil|DazzlingGleam,Moonblast,CalmMind,Protect|Modest||F|||50|]Incineroar||SitrusBerry|Intimidate|FakeOut,FlareBlitz,HelpingHand,PartingShot|Careful||M|||50|]Sneasler||FocusSash|PoisonTouch|FakeOut,PoisonJab,CloseCombat,QuickGuard|Jolly||M|||50|]Kingambit||BlackGlasses|Defiant|KowtowCleave,SuckerPunch,SwordsDance,Protect|Adamant||M|||50|]Sinistcha||KasibBerry|Hospitality|MatchaGotcha,RagePowder,TrickRoom,Protect|Bold|||||50|]Delphox||Delphoxite|Blaze|HeatWave,Psyshock,NastyPlot,Protect|Timid||M|||50|
|showteam|p2|Gholdengo||MetalCoat|GoodasGold|Protect,MakeItRain,ShadowBall,NastyPlot|Timid|||||50|]Incineroar||SitrusBerry|Intimidate|FlareBlitz,ThroatChop,FakeOut,PartingShot|Careful||M|||50|]Garchomp||LifeOrb|RoughSkin|Protect,Earthquake,DragonClaw,StompingTantrum|Jolly||F|||50|]Tyranitar||Tyranitarite|SandStream|Protect,RockSlide,KnockOff,LowKick|Adamant||M|||50|]Rotom-Wash||ChoiceScarf|Levitate|HydroPump,Thunderbolt,Electroweb,VoltSwitch|Timid|||||50|]Scovillain||Scovillainite|Moody|Protect,GigaDrain,Overheat,RagePowder|Calm||M|||50|
|
|t:|1783895308
|teamsize|p1|4
|teamsize|p2|4
|start
|switch|p1a: Kingambit|Kingambit, L50, M|100/100
|switch|p1b: Incineroar|Incineroar, L50, M|100/100
|switch|p2a: Rotom|Rotom-Wash, L50|100/100
|switch|p2b: Tyranitar|Tyranitar, L50, M|100/100
|-ability|p1b: Incineroar|Intimidate|boost
|-unboost|p2a: Rotom|atk|1
|-unboost|p2b: Tyranitar|atk|1
|-weather|Sandstorm|[from] ability: Sand Stream|[of] p2b: Tyranitar
|turn|1
|
|t:|1783895360
|detailschange|p2b: Tyranitar|Tyranitar-Mega, L50, M
|-mega|p2b: Tyranitar|Tyranitar|Tyranitarite
|move|p1b: Incineroar|Fake Out|p2b: Tyranitar
|-resisted|p2b: Tyranitar|1
|-damage|p2b: Tyranitar|96/100
|move|p2a: Rotom|Electroweb|p1a: Kingambit|[spread] p1a,p1b
|-damage|p1a: Kingambit|83/100
|-damage|p1b: Incineroar|84/100
|-unboost|p1a: Kingambit|spe|1
|-ability|p1a: Kingambit|Defiant|boost
|-boost|p1a: Kingambit|atk|2
|-unboost|p1b: Incineroar|spe|1
|cant|p2b: Tyranitar|flinch
|move|p1a: Kingambit|Swords Dance|p1a: Kingambit
|-boost|p1a: Kingambit|atk|2
|
|-weather|Sandstorm|[upkeep]
|-damage|p2a: Rotom|94/100|[from] Sandstorm
|-damage|p1b: Incineroar|78/100|[from] Sandstorm
|upkeep
|turn|2
|
|t:|1783895399
|switch|p2a: Garchomp|Garchomp, L50, F|100/100
|move|p1a: Kingambit|Sucker Punch||[still]
|-fail|p1a: Kingambit
|move|p2b: Tyranitar|Low Kick|p1a: Kingambit
|-supereffective|p1a: Kingambit|2
|-damage|p1a: Kingambit|2/100
|move|p1b: Incineroar|Parting Shot|p2b: Tyranitar
|-unboost|p2b: Tyranitar|atk|1
|-unboost|p2b: Tyranitar|spa|1
|
|t:|1783895412
|switch|p1b: Floette|Floette-Eternal, L50, F|100/100|[from] Parting Shot
|
|-weather|Sandstorm|[upkeep]
|-damage|p1b: Floette|93/100|[from] Sandstorm
|upkeep
|turn|3
|
|t:|1783895453
|detailschange|p1b: Floette|Floette-Mega, L50, F
|-mega|p1b: Floette|Floette|Floettite
|-ability|p1b: Floette|Fairy Aura
|move|p2b: Tyranitar|Protect|p2b: Tyranitar
|-singleturn|p2b: Tyranitar|Protect
|move|p1a: Kingambit|Protect|p1a: Kingambit
|-singleturn|p1a: Kingambit|Protect
|move|p2a: Garchomp|Earthquake|p1b: Floette|[spread] p1b
|-activate|p2b: Tyranitar|move: Protect
|-activate|p1a: Kingambit|move: Protect
|-damage|p1b: Floette|42/100
|-damage|p2a: Garchomp|90/100|[from] item: Life Orb
|move|p1b: Floette|Calm Mind|p1b: Floette
|-boost|p1b: Floette|spa|1
|-boost|p1b: Floette|spd|1
|
|-weather|Sandstorm|[upkeep]
|-damage|p1b: Floette|36/100|[from] Sandstorm
|upkeep
|turn|4
|
|t:|1783895474
|switch|p2a: Incineroar|Incineroar, L50, M|100/100
|-ability|p2a: Incineroar|Intimidate|boost
|-unboost|p1a: Kingambit|atk|1
|-ability|p1a: Kingambit|Defiant|boost
|-boost|p1a: Kingambit|atk|2
|-unboost|p1b: Floette|atk|1
|move|p1a: Kingambit|Sucker Punch||[still]
|-fail|p1a: Kingambit
|move|p1b: Floette|Moonblast|p2b: Tyranitar
|-supereffective|p2b: Tyranitar|1
|-damage|p2b: Tyranitar|0 fnt
|faint|p2b: Tyranitar
|
|-weather|Sandstorm|[upkeep]
|-damage|p1b: Floette|30/100|[from] Sandstorm
|-damage|p2a: Incineroar|94/100|[from] Sandstorm
|upkeep
|
|t:|1783895489
|switch|p2b: Garchomp|Garchomp, L50, F|90/100
|turn|5
|
|t:|1783895539
|move|p1b: Floette|Protect|p1b: Floette
|-singleturn|p1b: Floette|Protect
|move|p1a: Kingambit|Protect|p1a: Kingambit
|-singleturn|p1a: Kingambit|Protect
|move|p2a: Incineroar|Fake Out|p1a: Kingambit
|-activate|p1a: Kingambit|move: Protect
|move|p2b: Garchomp|Stomping Tantrum|p1b: Floette
|-activate|p1b: Floette|move: Protect
|
|-weather|none
|upkeep
|turn|6
|
|t:|1783895566
|switch|p2b: Rotom|Rotom-Wash, L50|94/100
|move|p1a: Kingambit|Sucker Punch||[still]
|-fail|p1a: Kingambit
|move|p1b: Floette|Moonblast|p2a: Incineroar
|-damage|p2a: Incineroar|20/100r
|-enditem|p2a: Incineroar|Sitrus Berry|[eat]
|-heal|p2a: Incineroar|45/100|[from] item: Sitrus Berry
|move|p2a: Incineroar|Flare Blitz|p1b: Floette
|-damage|p1b: Floette|0 fnt
|faint|p1b: Floette
|-damage|p2a: Incineroar|37/100|[from] Recoil
|
|upkeep
|
|t:|1783895575
|switch|p1b: Sneasler|Sneasler, L50, M|100/100
|turn|7
|inactive|Battle timer is ON: inactive players will automatically lose when time's up. (requested by Plopy14)
|
|t:|1783895666
|switch|p2b: Garchomp|Garchomp, L50, F|90/100
|move|p1b: Sneasler|Fake Out|p2a: Incineroar
|-damage|p2a: Incineroar|25/100
|move|p1a: Kingambit|Sucker Punch||[still]
|-fail|p1a: Kingambit
|cant|p2a: Incineroar|flinch
|
|upkeep
|turn|8
|
|t:|1783895683
|move|p1a: Kingambit|Sucker Punch|p2b: Garchomp
|-damage|p2b: Garchomp|0 fnt
|-damage|p1a: Kingambit|0 fnt|[from] ability: Rough Skin|[of] p2b: Garchomp
|faint|p2b: Garchomp
|faint|p1a: Kingambit
|move|p1b: Sneasler|Close Combat|p2a: Incineroar
|-supereffective|p2a: Incineroar|1
|-damage|p2a: Incineroar|0 fnt
|-unboost|p1b: Sneasler|def|1
|-unboost|p1b: Sneasler|spd|1
|faint|p2a: Incineroar
|
|upkeep
|
|t:|1783895690
|switch|p2b: Rotom|Rotom-Wash, L50|94/100
|switch|p1a: Incineroar|Incineroar, L50, M|78/100
|-ability|p1a: Incineroar|Intimidate|boost
|-unboost|p2b: Rotom|atk|1
|turn|9
|
|t:|1783895696
|move|p1a: Incineroar|Fake Out|p2b: Rotom
|-damage|p2b: Rotom|80/100
|cant|p2b: Rotom|flinch
|move|p1b: Sneasler|Poison Jab|p2b: Rotom
|-damage|p2b: Rotom|25/100
|-status|p2b: Rotom|psn
|
|-damage|p2b: Rotom|14/100 psn|[from] psn
|upkeep
|turn|10
|
|t:|1783895714
|move|p2b: Rotom|Hydro Pump|p1a: Incineroar
|-supereffective|p1a: Incineroar|1
|-damage|p1a: Incineroar|1/100
|-enditem|p1a: Incineroar|Sitrus Berry|[eat]
|-heal|p1a: Incineroar|26/100|[from] item: Sitrus Berry
|move|p1b: Sneasler|Poison Jab|p2b: Rotom
|-damage|p2b: Rotom|0 fnt
|faint|p2b: Rotom
|
|win|Plopy14
|raw|Plopy14's rating: 1212 → 1235(+23 for winning)
|raw|pati_patout's rating: 1179 → 1156(-23 for losing)
