|j|☆Ianuarius
|j|☆Alecat
|html|IanuariusAlecat    
|uhtml|bestof|Game 3 of a best-of-3
|t:|1756361912
|gametype|doubles
|player|p1|Ianuarius|cynthia-gen4|1000
|player|p2|Alecat|scientistf|1005
|gen|9
|tier|[Gen 9] VGC 2025 Reg H (Bo3)
|rated|
|rule|Species Clause: Limit one of each Pokémon
|rule|Item Clause: Limit 1 of each item
|clearpoke
|poke|p1|Ursaluna-Bloodmoon, L50, M|
|poke|p1|Porygon2, L50|
|poke|p1|Volcarona, L50, F|
|poke|p1|Incineroar, L50, M|
|poke|p1|Dragonite, L50, F|
|poke|p1|Sneasler, L50, F|
|poke|p2|Pawmot, L50, M|
|poke|p2|Gyarados, L50, M|
|poke|p2|Volcarona, L50, F|
|poke|p2|Murkrow, L50, F|
|poke|p2|Incineroar, L50, F|
|poke|p2|Archaludon, L50, F|
|teampreview|4
|showteam|p1|Ursaluna-Bloodmoon||AssaultVest|MindsEye|BloodMoon,HyperVoice,EarthPower,VacuumWave|||M|||50|,,,,,Normal]Porygon2||Eviolite|Trace|IceBeam,Thunderbolt,Recover,TrickRoom||||||50|,,,,,Ghost]Volcarona||SitrusBerry|FlameBody|HeatWave,GigaDrain,QuiverDance,Protect|||F|||50|,,,,,Grass]Incineroar||SafetyGoggles|Intimidate|KnockOff,FakeOut,PartingShot,FlareBlitz|||M|||50|,,,,,Ghost]Dragonite||LoadedDice|Multiscale|ScaleShot,Protect,ExtremeSpeed,Haze|||F|||50|,,,,,Fairy]Sneasler||FocusSash|PoisonTouch|CloseCombat,DireClaw,ThroatChop,FakeOut|||F|||50|,,,,,Dark
|showteam|p2|Pawmot||FocusSash|VoltAbsorb|DoubleShock,Coaching,CloseCombat,Protect|||M|||50|,,,,,Electric]Gyarados||ClearAmulet|Moxie|Waterfall,DragonDance,Earthquake,Protect|||M|||50|,,,,,Ground]Volcarona||SitrusBerry|FlameBody|Overheat,StruggleBug,RagePowder,Tailwind|||F|||50|,,,,,Grass]Murkrow||Eviolite|Prankster|FoulPlay,RainDance,Tailwind,SunnyDay|||F|||50|,,,,,Dark]Incineroar||AssaultVest|Intimidate|FlareBlitz,FakeOut,Taunt,KnockOff|||F|||50|,,,,,Ghost]Archaludon||PowerHerb|Stalwart|DragonTail,FlashCannon,ElectroShot,Protect|||F|||50|,,,,,Grass
|inactive|Battle timer is ON: inactive players will automatically lose when time's up. (requested by Alecat)
|inactive|Alecat has 60 seconds left.
|
|t:|1756361946
|teamsize|p1|4
|teamsize|p2|4
|start
|switch|p1a: Porygon2|Porygon2, L50|100/100
|switch|p1b: Sneasler|Sneasler, L50, F|100/100
|switch|p2a: Volcarona|Volcarona, L50, F|100/100
|switch|p2b: Gyarados|Gyarados, L50, M|100/100
|-ability|p1a: Porygon2|Moxie|Trace|[from] ability: Trace|[of] p2b: Gyarados
|turn|1
|inactive|Ianuarius has 30 seconds left.
|
|t:|1756361979
|move|p1b: Sneasler|Fake Out|p2b: Gyarados
|-damage|p2b: Gyarados|83/100
|-status|p2b: Gyarados|psn|[from] ability: Poison Touch|[of] p1b: Sneasler
|move|p2a: Volcarona|Struggle Bug|p1a: Porygon2|[spread] p1a,p1b
|-resisted|p1b: Sneasler
|-damage|p1a: Porygon2|91/100
|-damage|p1b: Sneasler|94/100
|-unboost|p1a: Porygon2|spa|1
|-unboost|p1b: Sneasler|spa|1
|cant|p2b: Gyarados|flinch
|move|p1a: Porygon2|Thunderbolt|p2b: Gyarados
|-supereffective|p2b: Gyarados
|-damage|p2b: Gyarados|17/100 psn
|
|-damage|p2b: Gyarados|5/100 psn|[from] psn
|upkeep
|turn|2
|inactive|Ianuarius has 30 seconds left.
|
|t:|1756362010
|switch|p2b: Archaludon|Archaludon, L50, F|100/100
|move|p1b: Sneasler|Dire Claw|p2a: Volcarona
|-damage|p2a: Volcarona|52/100
|move|p2a: Volcarona|Tailwind|p2a: Volcarona
|-sidestart|p2: Alecat|move: Tailwind
|move|p1a: Porygon2|Thunderbolt|p2a: Volcarona
|-damage|p2a: Volcarona|37/100
|-status|p2a: Volcarona|par
|-enditem|p2a: Volcarona|Sitrus Berry|[eat]
|-heal|p2a: Volcarona|62/100 par|[from] item: Sitrus Berry
|
|upkeep
|turn|3
|inactive|Ianuarius has 30 seconds left.
|
|t:|1756362043
|-terastallize|p1a: Porygon2|Ghost
|move|p2a: Volcarona|Rage Powder|p2a: Volcarona
|-singleturn|p2a: Volcarona|move: Rage Powder
|move|p2b: Archaludon|Electro Shot||[still]
|-prepare|p2b: Archaludon|Electro Shot
|-boost|p2b: Archaludon|spa|1
|-enditem|p2b: Archaludon|Power Herb
|-anim|p2b: Archaludon|Electro Shot|p1b: Sneasler
|-damage|p1b: Sneasler|6/100
|move|p1b: Sneasler|Close Combat|p2a: Volcarona
|-resisted|p2a: Volcarona
|-damage|p2a: Volcarona|24/100 par
|-unboost|p1b: Sneasler|def|1
|-unboost|p1b: Sneasler|spd|1
|move|p1a: Porygon2|Trick Room|p1a: Porygon2
|-fieldstart|move: Trick Room|[of] p1a: Porygon2
|
|upkeep
|turn|4
|
|t:|1756362065
|cant|p2a: Volcarona|par
|move|p1a: Porygon2|Ice Beam|p2b: Archaludon
|-damage|p2b: Archaludon|76/100
|move|p1b: Sneasler|Close Combat|p2b: Archaludon
|-supereffective|p2b: Archaludon
|-damage|p2b: Archaludon|0 fnt
|-unboost|p1b: Sneasler|def|1
|-unboost|p1b: Sneasler|spd|1
|faint|p2b: Archaludon
|
|upkeep
|
|t:|1756362076
|switch|p2b: Pawmot|Pawmot, L50, M|100/100
|turn|5
|
|t:|1756362092
|move|p1a: Porygon2|Ice Beam|p2b: Pawmot
|-damage|p2b: Pawmot|76/100
|move|p2a: Volcarona|Struggle Bug|p1a: Porygon2|[spread] p1a,p1b
|-resisted|p1a: Porygon2
|-resisted|p1b: Sneasler
|-damage|p1a: Porygon2|86/100
|-damage|p1b: Sneasler|0 fnt
|-unboost|p1a: Porygon2|spa|1
|faint|p1b: Sneasler
|move|p2b: Pawmot|Double Shock|p1a: Porygon2
|-damage|p1a: Porygon2|56/100
|-start|p2b: Pawmot|typechange|???/Fighting|[from] move: Double Shock
|
|-sideend|p2: Alecat|move: Tailwind
|upkeep
|
|t:|1756362107
|switch|p1b: Ursaluna|Ursaluna-Bloodmoon, L50, M|100/100
|turn|6
|
|t:|1756362120
|switch|p1a: Volcarona|Volcarona, L50, F|100/100
|move|p1b: Ursaluna|Hyper Voice|p2b: Pawmot|[spread] p2a,p2b
|-damage|p2a: Volcarona|0 fnt
|-damage|p2b: Pawmot|3/100
|faint|p2a: Volcarona
|move|p2b: Pawmot|Close Combat|p1b: Ursaluna
|-supereffective|p1b: Ursaluna
|-damage|p1b: Ursaluna|16/100
|-unboost|p2b: Pawmot|def|1
|-unboost|p2b: Pawmot|spd|1
|
|upkeep
|
|t:|1756362132
|switch|p2a: Gyarados|Gyarados, L50, M|5/100 psn
|turn|7
|
|t:|1756362139
|move|p1a: Volcarona|Protect|p1a: Volcarona
|-singleturn|p1a: Volcarona|Protect
|move|p1b: Ursaluna|Hyper Voice|p2a: Gyarados|[spread] p2a,p2b
|-damage|p2a: Gyarados|0 fnt
|-damage|p2b: Pawmot|0 fnt
|faint|p2a: Gyarados
|faint|p2b: Pawmot
|
|win|Ianuarius
|raw|Ianuarius's rating: 1000 → 1041(+41 for winning)
|raw|Alecat's rating: 1005 → 1000(-5 for losing)
|l|☆Alecat
|player|p2|
|j|☆Alecat
|player|p2|Alecat|scientistf|
|l|☆Ianuarius
|player|p1|
