|j|☆chzao
|j|☆Truevillany123
|html|chzaoTruevillany123    
|uhtml|bestof|Game 1 of a best-of-3
|t:|1757704672
|gametype|doubles
|player|p1|chzao|clay|1000
|player|p2|Truevillany123|1|1139
|gen|9
|tier|[Gen 9] VGC 2025 Reg H (Bo3)
|rated|
|rule|Species Clause: Limit one of each Pokémon
|rule|Item Clause: Limit 1 of each item
|clearpoke
|poke|p1|Kilowattrel, L50, M|
|poke|p1|Garchomp, L50, M|
|poke|p1|Typhlosion-Hisui, L50, F|
|poke|p1|Toedscruel, L50, M|
|poke|p1|Weezing, L50, M|
|poke|p1|Swampert, L50, F|
|poke|p2|Dragonite, L50, M|
|poke|p2|Ursaluna-Bloodmoon, L50, M|
|poke|p2|Gholdengo, L50|
|poke|p2|Annihilape, L50, M|
|poke|p2|Ninetales-Alola, L50, F|
|poke|p2|Rillaboom, L50, F|
|teampreview|4
|showteam|p1|Kilowattrel||FocusSash|Competitive|Discharge,AirSlash,Tailwind,Protect|||M|||50|,,,,,Ghost]Garchomp||LifeOrb|RoughSkin|Earthquake,StompingTantrum,DragonClaw,Protect|||M|||50|,,,,,Ground]Typhlosion-Hisui||ChoiceScarf|Blaze|Eruption,ShadowBall,Flamethrower,Extrasensory|||F|||50|,,,,,Fire]Toedscruel||CovertCloak|MyceliumMight|EarthPower,AcidSpray,Spore,RagePowder|||M|||50|,,,,,Water]Weezing||RockyHelmet|NeutralizingGas|Protect,SludgeBomb,Flamethrower,Psybeam|||M|||50|,,,,,Dark]Swampert||Leftovers|Torrent|Liquidation,WideGuard,Earthquake,Avalanche|||F|||50|,,,,,Grass
|showteam|p2|Dragonite||LoadedDice|Multiscale|ScaleShot,Protect,Haze,Tailwind|||M|||50|,,,,,Fairy]Ursaluna-Bloodmoon||LifeOrb|MindsEye|BloodMoon,HyperVoice,EarthPower,Protect|||M|||50|,,,,,Normal]Gholdengo||ChoiceSpecs|GoodasGold|MakeItRain,ShadowBall,PowerGem,Trick||||||50|,,,,,Steel]Annihilape||SitrusBerry|Defiant|DrainPunch,RageFist,Protect,BulkUp|||M|||50|,,,,,Fire]Ninetales-Alola||FocusSash|SnowWarning|FreezeDry,AuroraVeil,Encore,IcicleSpear|||F|||50|,,,,,Ghost]Rillaboom||AssaultVest|GrassySurge|FakeOut,WoodHammer,HighHorsepower,Uturn|||F|||50|,,,,,Fire
|inactive|Battle timer is ON: inactive players will automatically lose when time's up. (requested by chzao)
|inactive|Truevillany123 has 60 seconds left.
|
|t:|1757704703
|teamsize|p1|4
|teamsize|p2|4
|start
|switch|p1a: Eletrodo|Weezing, L50, M|100/100
|switch|p1b: Tentacrueu|Toedscruel, L50, M|100/100
|switch|p2a: Dragonite|Dragonite, L50, M, shiny|100/100
|switch|p2b: Gholdengo|Gholdengo, L50|100/100
|-ability|p1a: Eletrodo|Neutralizing Gas
|turn|1
|inactive|Truevillany123 has 30 seconds left.
|
|t:|1757704736
|-terastallize|p2b: Gholdengo|Steel
|move|p1b: Tentacrueu|Spore|p2a: Dragonite
|-status|p2a: Dragonite|slp|[from] move: Spore
|move|p2b: Gholdengo|Make It Rain|p1a: Eletrodo|[spread] p1a,p1b
|-damage|p1a: Eletrodo|0 fnt
|-damage|p1b: Tentacrueu|10/100
|-unboost|p2b: Gholdengo|spa|1
|faint|p1a: Eletrodo
|-end|p1a: Eletrodo|ability: Neutralizing Gas
|cant|p2a: Dragonite|slp
|
|upkeep
|
|t:|1757704752
|switch|p1a: Chandeluri|Typhlosion-Hisui, L50, F|100/100
|turn|2
|
|t:|1757704766
|switch|p2b: Ursaluna|Ursaluna-Bloodmoon, L50, M|100/100
|move|p1a: Chandeluri|Eruption|p2a: Dragonite|[spread] p2a,p2b
|-resisted|p2a: Dragonite
|-crit|p2b: Ursaluna
|-damage|p2a: Dragonite|84/100 slp
|-damage|p2b: Ursaluna|0 fnt
|faint|p2b: Ursaluna
|move|p1b: Tentacrueu|Acid Spray|p2a: Dragonite
|-damage|p2a: Dragonite|74/100 slp
|-unboost|p2a: Dragonite|spd|2
|cant|p2a: Dragonite|slp
|
|upkeep
|
|t:|1757704778
|switch|p2b: Annihilape|Annihilape, L50, M|100/100
|turn|3
|
|t:|1757704797
|move|p2b: Annihilape|Protect|p2b: Annihilape
|-singleturn|p2b: Annihilape|Protect
|move|p1a: Chandeluri|Eruption|p2b: Annihilape|[spread] p2a
|-activate|p2b: Annihilape|move: Protect
|-resisted|p2a: Dragonite
|-damage|p2a: Dragonite|6/100 slp
|move|p1b: Tentacrueu|Acid Spray|p2b: Annihilape
|-activate|p2b: Annihilape|move: Protect
|-curestatus|p2a: Dragonite|slp|[msg]
|move|p2a: Dragonite|Scale Shot|p1a: Chandeluri
|-damage|p1a: Chandeluri|78/100
|-damage|p1a: Chandeluri|55/100
|-damage|p1a: Chandeluri|34/100
|-damage|p1a: Chandeluri|12/100
|-damage|p1a: Chandeluri|0 fnt
|faint|p1a: Chandeluri
|-hitcount|p1: Chandeluri|5
|-unboost|p2a: Dragonite|def|1
|-boost|p2a: Dragonite|spe|1
|
|upkeep
|
|t:|1757704800
|switch|p1a: Whishcash|Swampert, L50, F|100/100
|turn|4
|inactive|Truevillany123 has 30 seconds left.
|
|t:|1757704828
|move|p2a: Dragonite|Scale Shot|p1b: Tentacrueu
|-damage|p1b: Tentacrueu|0 fnt
|faint|p1b: Tentacrueu
|-hitcount|p1: Tentacrueu|1
|-unboost|p2a: Dragonite|def|1
|-boost|p2a: Dragonite|spe|1
|move|p2b: Annihilape|Bulk Up|p2b: Annihilape
|-boost|p2b: Annihilape|atk|1
|-boost|p2b: Annihilape|def|1
|move|p1a: Whishcash|Liquidation|p2b: Annihilape
|-damage|p2b: Annihilape|70/100
|
|upkeep
|turn|5
|
|t:|1757704847
|move|p2a: Dragonite|Scale Shot|p1a: Whishcash
|-damage|p1a: Whishcash|83/100
|-damage|p1a: Whishcash|68/100
|-damage|p1a: Whishcash|52/100
|-damage|p1a: Whishcash|36/100
|-hitcount|p1a: Whishcash|4
|-unboost|p2a: Dragonite|def|1
|-boost|p2a: Dragonite|spe|1
|move|p2b: Annihilape|Rage Fist|p1a: Whishcash
|-damage|p1a: Whishcash|0 fnt
|faint|p1a: Whishcash
|
|win|Truevillany123
|l|☆chzao
|player|p1|
||chzao is ready for game 2.
|inactive|Truevillany123 has 30 seconds to confirm battle start!
