|j|☆grimgarrr
|j|☆ToastedArt
|html|grimgarrrToastedArt    
|uhtml|bestof|Game 1 of a best-of-3
|t:|1785796928
|gametype|doubles
|player|p1|grimgarrr|170|1106
|player|p2|ToastedArt|101|1108
|gen|9
|tier|[Gen 9 Champions] VGC 2026 Reg M-B (Bo3)
|rated|
|rule|Species Clause: Limit one of each Pokémon
|rule|Item Clause: Limit 1 of each item
|clearpoke
|poke|p1|Scovillain, L50, F|
|poke|p1|Lycanroc-Dusk, L50, F|
|poke|p1|Malamar, L50, M|
|poke|p1|Scizor, L50, M|
|poke|p1|Ninetales-Alola, L50, F|
|poke|p1|Sinistcha-Masterpiece, L50|
|poke|p2|Staraptor, L50, F|
|poke|p2|Whimsicott, L50, M|
|poke|p2|Gholdengo, L50|
|poke|p2|Incineroar, L50, F|
|poke|p2|Zoroark-Hisui, L50, M|
|poke|p2|Raichu, L50, M|
|teampreview|4
|showteam|p1|Scovillain||Scovillainite|Moody|RagePowder,Overheat,Protect,GigaDrain|Relaxed||F|||50|]Lycanroc-Dusk||FocusSash|ToughClaws|Accelerock,Protect,CloseCombat,RockSlide|Adamant||F|||50|]Malamar||ChoiceScarf|Contrary|Superpower,Taunt,Switcheroo,KnockOff|Jolly||M|||50|]Scizor||Scizorite|Technician|SwordsDance,BulletPunch,BugBite,Protect|Brave||M|||50|]Ninetales-Alola||NeverMeltIce|SnowWarning|AuroraVeil,HelpingHand,Blizzard,Protect|Timid||F|||50|]Sinistcha-Masterpiece||SitrusBerry|Hospitality|MatchaGotcha,RagePowder,Protect,ShadowBall|Modest|||||50|
|showteam|p2|Staraptor||Staraptite|Intimidate|CloseCombat,DualWingbeat,Roost,Protect|Jolly||F|||50|]Whimsicott||OccaBerry|Prankster|Encore,Tailwind,Charm,Moonblast|Timid||M|||50|]Gholdengo||LifeOrb|GoodasGold|MakeItRain,ShadowBall,NastyPlot,Protect|Modest|||||50|]Incineroar||SitrusBerry|Intimidate|PartingShot,FlareBlitz,ThroatChop,FakeOut|Careful||F|||50|]Zoroark-Hisui||FocusSash|Illusion|BitterMalice,IcyWind,Taunt,FakeTears|Timid||M|||50|]Raichu||RaichuniteX|Static|FakeOut,VoltTackle,Charm,Protect|Jolly||M|||50|
|inactive|Battle timer is ON: inactive players will automatically lose when time's up. (requested by ToastedArt)
|inactive|ToastedArt has 60 seconds left.
|inactive|ToastedArt has 30 seconds left.
|inactive|ToastedArt has 20 seconds left.
|inactive|ToastedArt has 15 seconds left.
|inactive|ToastedArt has 10 seconds left.
|
|t:|1785797011
|teamsize|p1|4
|teamsize|p2|4
|start
|switch|p1a: Malamar|Malamar, L50, M|100/100
|switch|p1b: Ninetales|Ninetales-Alola, L50, F|100/100
|switch|p2a: Staraptor|Staraptor, L50, F|100/100
|switch|p2b: Whimsicott|Whimsicott, L50, M|100/100
|-weather|Snowscape|[from] ability: Snow Warning|[of] p1b: Ninetales
|-ability|p2a: Staraptor|Intimidate|boost
|-boost|p1a: Malamar|atk|1
|-unboost|p1b: Ninetales|atk|1
|turn|1
|inactive|grimgarrr has 30 seconds left.
|inactive|ToastedArt has 30 seconds left.
|inactive|ToastedArt has 20 seconds left.
|l|☆ToastedArt
|inactive|ToastedArt disconnected and has a minute to reconnect!
|player|p2|
|j|☆ToastedArt
|inactive|ToastedArt reconnected and has 20 seconds left.
|player|p2|ToastedArt|101|
|inactive|ToastedArt has 15 seconds left.
|inactive|ToastedArt has 10 seconds left.
|inactive|ToastedArt has 5 seconds left.
|
|t:|1785797063
|detailschange|p2a: Staraptor|Staraptor-Mega, L50, F
|-mega|p2a: Staraptor|Staraptor|Staraptite
|move|p1a: Malamar|Superpower|p2a: Staraptor
|-resisted|p2a: Staraptor|1
|-damage|p2a: Staraptor|75/100
|-boost|p1a: Malamar|atk|1
|-boost|p1a: Malamar|def|1
|move|p2b: Whimsicott|Taunt|p1a: Malamar
|-start|p1a: Malamar|move: Taunt
|move|p1b: Ninetales|Aurora Veil|p1b: Ninetales
|-sidestart|p1: grimgarrr|move: Aurora Veil
|move|p2a: Staraptor|Close Combat|p1a: Malamar
|-damage|p1a: Malamar|69/100
|-boost|p2a: Staraptor|def|1
|-boost|p2a: Staraptor|spd|1
|
|-weather|Snowscape|[upkeep]
|upkeep
|turn|2
|inactive|grimgarrr has 30 seconds left.
|inactive|grimgarrr has 20 seconds left.
|inactive|grimgarrr has 15 seconds left.
|inactive|grimgarrr has 10 seconds left.
|
|t:|1785797112
|switch|p1b: Sinistcha|Sinistcha-Masterpiece, L50|100/100
|-heal|p1a: Malamar|94/100|[from] ability: Hospitality|[of] p1b: Sinistcha
|move|p1a: Malamar|Superpower|p2b: Whimsicott
|-immune|p2b: Whimsicott
|move|p2b: Whimsicott|Fake Tears|p2a: Staraptor
|-boost|p2a: Staraptor|spd|2
|move|p2a: Staraptor|Close Combat|p1b: Sinistcha
|-immune|p1b: Sinistcha
|
|-weather|Snowscape|[upkeep]
|upkeep
|turn|3
|inactive|grimgarrr has 30 seconds left.
|
|t:|1785797138
|move|p1a: Malamar|Superpower|p2a: Staraptor
|-resisted|p2a: Staraptor|1
|-damage|p2a: Staraptor|54/100
|-boost|p1a: Malamar|atk|1
|-boost|p1a: Malamar|def|1
|move|p2b: Whimsicott|Bitter Malice|p1b: Sinistcha
|-supereffective|p1b: Sinistcha|1
|-damage|p1b: Sinistcha|43/100
|-unboost|p1b: Sinistcha|atk|1
|-enditem|p1b: Sinistcha|Sitrus Berry|[eat]
|-heal|p1b: Sinistcha|67/100|[from] item: Sitrus Berry
|move|p2a: Staraptor|Close Combat|p1a: Malamar
|-damage|p1a: Malamar|69/100
|-boost|p2a: Staraptor|def|1
|-boost|p2a: Staraptor|spd|1
|move|p1b: Sinistcha|Matcha Gotcha|p2a: Staraptor|[spread] p2a,p2b
|-resisted|p2a: Staraptor|1
|-damage|p2a: Staraptor|49/100
|-heal|p1b: Sinistcha|70/100|[from] drain|[of] p2a: Staraptor
|-damage|p2b: Whimsicott|29/100
|-heal|p1b: Sinistcha|97/100|[from] drain|[of] p2b: Whimsicott
|-status|p2a: Staraptor|brn
|-status|p2b: Whimsicott|brn
|replace|p2b: Zoroark|Zoroark-Hisui, L50, M
|-end|p2b: Zoroark|Illusion
|
|-weather|Snowscape|[upkeep]
|-damage|p2b: Zoroark|23/100 brn|[from] brn
|-damage|p2a: Staraptor|43/100 brn|[from] brn
|upkeep
|turn|4
|inactive|grimgarrr has 30 seconds left.
|inactive|ToastedArt has 30 seconds left.
|
|t:|1785797172
|move|p1a: Malamar|Superpower|p2a: Staraptor
|-resisted|p2a: Staraptor|1
|-damage|p2a: Staraptor|23/100 brn
|-boost|p1a: Malamar|atk|1
|-boost|p1a: Malamar|def|1
|move|p2b: Zoroark|Bitter Malice|p1b: Sinistcha
|-supereffective|p1b: Sinistcha|1
|-damage|p1b: Sinistcha|29/100
|-unboost|p1b: Sinistcha|atk|1
|move|p2a: Staraptor|Roost|p2a: Staraptor
|-heal|p2a: Staraptor|73/100 brn
|-singleturn|p2a: Staraptor|move: Roost
|move|p1b: Sinistcha|Matcha Gotcha|p2b: Zoroark|[spread] p2a,p2b
|-damage|p2a: Staraptor|61/100 brn
|-heal|p1b: Sinistcha|35/100|[from] drain|[of] p2a: Staraptor
|-damage|p2b: Zoroark|0 fnt
|-heal|p1b: Sinistcha|44/100|[from] drain|[of] p2b: Zoroark
|faint|p2b: Zoroark
|
|-weather|Snowscape|[upkeep]
|-damage|p2a: Staraptor|55/100 brn|[from] brn
|-end|p1a: Malamar|move: Taunt
|upkeep
|
|t:|1785797188
|switch|p2b: Whimsicott|Whimsicott, L50, M|100/100
|turn|5
|
|t:|1785797211
|move|p1b: Sinistcha|Rage Powder|p1b: Sinistcha
|-singleturn|p1b: Sinistcha|move: Rage Powder
|move|p2b: Whimsicott|Charm|p2a: Staraptor
|-boost|p2a: Staraptor|atk|2
|move|p1a: Malamar|Superpower|p2b: Whimsicott
|-resisted|p2b: Whimsicott|1
|-damage|p2b: Whimsicott|35/100
|-boost|p1a: Malamar|atk|1
|-boost|p1a: Malamar|def|1
|move|p2a: Staraptor|Dual Wingbeat|p1b: Sinistcha
|-supereffective|p1b: Sinistcha|1
|-damage|p1b: Sinistcha|17/100
|-supereffective|p1b: Sinistcha|1
|-damage|p1b: Sinistcha|0 fnt
|faint|p1b: Sinistcha
|-hitcount|p1: Sinistcha|2
|
|-weather|none
|-damage|p2a: Staraptor|49/100 brn|[from] brn
|-sideend|p1: grimgarrr|move: Aurora Veil
|upkeep
|
|t:|1785797231
|switch|p1b: Scizor|Scizor, L50, M|100/100
|turn|6
|
|t:|1785797240
|detailschange|p1b: Scizor|Scizor-Mega, L50, M
|-mega|p1b: Scizor|Scizor|Scizorite
|move|p2b: Whimsicott|Charm|p2a: Staraptor
|-boost|p2a: Staraptor|atk|2
|move|p1b: Scizor|Bullet Punch|p2b: Whimsicott
|-supereffective|p2b: Whimsicott|1
|-damage|p2b: Whimsicott|0 fnt
|faint|p2b: Whimsicott
|move|p1a: Malamar|Superpower|p2a: Staraptor
|-resisted|p2a: Staraptor|1
|-damage|p2a: Staraptor|20/100y brn
|-boost|p1a: Malamar|atk|1
|-boost|p1a: Malamar|def|1
|move|p2a: Staraptor|Roost|p2a: Staraptor
|-heal|p2a: Staraptor|70/100 brn
|-singleturn|p2a: Staraptor|move: Roost
|
|-damage|p2a: Staraptor|64/100 brn|[from] brn
|upkeep
|
|t:|1785797256
|switch|p2b: Gholdengo|Gholdengo, L50|100/100
|turn|7
|inactive|grimgarrr has 30 seconds left.
|
|t:|1785797285
|switch|p1b: Ninetales|Ninetales-Alola, L50, F|100/100
|-weather|Snowscape|[from] ability: Snow Warning|[of] p1b: Ninetales
|move|p1a: Malamar|Superpower|p2a: Staraptor
|-resisted|p2a: Staraptor|1
|-damage|p2a: Staraptor|33/100 brn
|-boost|p1a: Malamar|def|1
|move|p2a: Staraptor|Close Combat|p1b: Ninetales
|-damage|p1b: Ninetales|26/100
|-boost|p2a: Staraptor|def|1
|-boost|p2a: Staraptor|spd|1
|move|p2b: Gholdengo|Make It Rain|p1a: Malamar|[spread] p1a,p1b
|-supereffective|p1b: Ninetales|2
|-damage|p1a: Malamar|0 fnt
|-damage|p1b: Ninetales|0 fnt
|-unboost|p2b: Gholdengo|spa|2
|faint|p1a: Malamar
|faint|p1b: Ninetales
|-damage|p2b: Gholdengo|90/100|[from] item: Life Orb
|
|-weather|Snowscape|[upkeep]
|-damage|p2a: Staraptor|27/100 brn|[from] brn
|upkeep
|inactive|grimgarrr has 30 seconds left.
|
|t:|1785797314
|switch|p1b: Scizor|Scizor-Mega, L50, M|100/100
|turn|8
|
|t:|1785797325
|move|p2a: Staraptor|Roost|p2a: Staraptor
|-heal|p2a: Staraptor|77/100 brn
|-singleturn|p2a: Staraptor|move: Roost
|move|p2b: Gholdengo|Nasty Plot|p2b: Gholdengo
|-boost|p2b: Gholdengo|spa|2
|move|p1b: Scizor|Swords Dance|p1b: Scizor
|-boost|p1b: Scizor|atk|2
|
|-weather|Snowscape|[upkeep]
|-damage|p2a: Staraptor|71/100 brn|[from] brn
|upkeep
|turn|9
|inactive|grimgarrr has 30 seconds left.
|
|t:|1785797357
|move|p2a: Staraptor|Close Combat|p1b: Scizor
|-damage|p1b: Scizor|36/100
|-boost|p2a: Staraptor|def|1
|-boost|p2a: Staraptor|spd|1
|move|p2b: Gholdengo|Shadow Ball|p1b: Scizor
|-damage|p1b: Scizor|0 fnt
|faint|p1b: Scizor
|-damage|p2b: Gholdengo|81/100|[from] item: Life Orb
|
|win|ToastedArt
