|j|☆Lord Of Bulky
|j|☆Pokemonkey25
|html|Lord Of BulkyPokemonkey25    
|uhtml|bestof|Game 2 of a best-of-3
|t:|1784478791
|gametype|doubles
|player|p1|Lord Of Bulky|alder|1170
|player|p2|Pokemonkey25|swimmerf|1104
|gen|9
|tier|[Gen 9 Champions] VGC 2026 Reg M-B (Bo3)
|rated|
|rule|Species Clause: Limit one of each Pokémon
|rule|Item Clause: Limit 1 of each item
|clearpoke
|poke|p1|Politoed, L50, M|
|poke|p1|Swampert, L50, M, shiny|
|poke|p1|Incineroar, L50, F|
|poke|p1|Archaludon, L50, M, shiny|
|poke|p1|Gengar, L50, F, shiny|
|poke|p1|Vivillon-Fancy, L50, M, shiny|
|poke|p2|Lucario, L50, M, shiny|
|poke|p2|Sinistcha, L50|
|poke|p2|Pelipper, L50, M|
|poke|p2|Swampert, L50, F|
|poke|p2|Grimmsnarl, L50, M|
|poke|p2|Maushold-Four, L50|
|teampreview|4
|showteam|p1|Politoed||SitrusBerry|Drizzle|WeatherBall,PerishSong,Encore,Protect|Calm||M|||50|]Swampert||Swampertite|Damp|WaveCrash,Earthquake,Protect,IcePunch|Adamant||M|||50|]Incineroar||PasshoBerry|Intimidate|ThroatChop,PartingShot,FakeOut,Protect|Sassy||F|||50|]Archaludon||Leftovers|Stamina|DragonPulse,FlashCannon,ElectroShot,Protect|Bold||M|||50|]Gengar||Gengarite|CursedBody|ShadowBall,PerishSong,SludgeBomb,Protect|Timid||F|||50|]Vivillon-Fancy||FocusSash|CompoundEyes|SleepPowder,Protect,RagePowder,Hurricane|Timid||M|||50|
|showteam|p2|Lucario||Lucarionite|Justified|BulkUp,Detect,DrainPunch,BulletPunch|Careful||M|||50|]Sinistcha||BrightPowder|Hospitality|RagePowder,MatchaGotcha,StrengthSap,Protect|Bold|||||50|]Pelipper||LifeOrb|Drizzle|WideGuard,MuddyWater,Hurricane,Tailwind|Modest||M|||50|]Swampert||Swampertite|Torrent|IcePunch,WaveCrash,Earthquake,Protect|Adamant||F|||50|]Grimmsnarl||LightClay|Prankster|LightScreen,Reflect,Taunt,PartingShot|Careful||M|||50|]Maushold-Four||MentalHerb|FriendGuard|FollowMe,BeatUp,SuperFang,Protect|Impish|||||50|
|inactive|Battle timer is ON: inactive players will automatically lose when time's up. (requested by Lord Of Bulky)
|
|t:|1784478837
|teamsize|p1|4
|teamsize|p2|4
|start
|switch|p1a: Gengar|Gengar, L50, F, shiny|100/100
|switch|p1b: Incineroar|Incineroar, L50, F|100/100
|switch|p2a: Joey|Pelipper, L50, M|100/100
|switch|p2b: Red Ross|Swampert, L50, F|100/100
|-weather|RainDance|[from] ability: Drizzle|[of] p2a: Joey
|-ability|p1b: Incineroar|Intimidate|boost
|-unboost|p2a: Joey|atk|1
|-unboost|p2b: Red Ross|atk|1
|turn|1
|
|t:|1784478859
|detailschange|p1a: Gengar|Gengar-Mega, L50, F, shiny
|-mega|p1a: Gengar|Gengar|Gengarite
|detailschange|p2b: Red Ross|Swampert-Mega, L50, F
|-mega|p2b: Red Ross|Swampert|Swampertite
|move|p1b: Incineroar|Fake Out|p2b: Red Ross
|-damage|p2b: Red Ross|90/100
|cant|p2b: Red Ross|flinch
|move|p1a: Gengar|Perish Song|p1a: Gengar
|-start|p1a: Gengar|perish3|[silent]
|-start|p1b: Incineroar|perish3|[silent]
|-start|p2a: Joey|perish3|[silent]
|-start|p2b: Red Ross|perish3|[silent]
|-fieldactivate|move: Perish Song
|move|p2a: Joey|Muddy Water|p1a: Gengar|[spread] p1a,p1b
|-supereffective|p1b: Incineroar|1
|-enditem|p1b: Incineroar|Passho Berry|[eat]
|-enditem|p1b: Incineroar|Passho Berry|[weaken]
|-damage|p1a: Gengar|49/100
|-damage|p1b: Incineroar|65/100
|-damage|p2a: Joey|90/100|[from] item: Life Orb
|
|-weather|RainDance|[upkeep]
|-start|p2b: Red Ross|perish3
|-start|p1a: Gengar|perish3
|-start|p2a: Joey|perish3
|-start|p1b: Incineroar|perish3
|upkeep
|turn|2
|
|t:|1784478880
|move|p1a: Gengar|Protect|p1a: Gengar
|-singleturn|p1a: Gengar|Protect
|move|p1b: Incineroar|Protect|p1b: Incineroar
|-singleturn|p1b: Incineroar|Protect
|move|p2b: Red Ross|Earthquake|p1b: Incineroar|[spread] 
|-activate|p1a: Gengar|move: Protect
|-activate|p1b: Incineroar|move: Protect
|-immune|p2a: Joey
|move|p2a: Joey|Muddy Water|p1b: Incineroar|[spread] 
|-activate|p1a: Gengar|move: Protect
|-activate|p1b: Incineroar|move: Protect
|
|-weather|RainDance|[upkeep]
|-start|p2b: Red Ross|perish2
|-start|p1a: Gengar|perish2
|-start|p2a: Joey|perish2
|-start|p1b: Incineroar|perish2
|upkeep
|turn|3
|
|t:|1784478903
|switch|p1a: Archaludon|Archaludon, L50, M, shiny|100/100
|move|p2b: Red Ross|Earthquake|p1a: Archaludon|[spread] p1a,p1b
|-immune|p2a: Joey
|-supereffective|p1a: Archaludon|1
|-supereffective|p1b: Incineroar|1
|-damage|p1a: Archaludon|59/100
|-damage|p1b: Incineroar|13/100
|-ability|p1a: Archaludon|Stamina|boost
|-boost|p1a: Archaludon|def|1
|move|p2a: Joey|Muddy Water|p1b: Incineroar|[spread] p1a,p1b
|-resisted|p1a: Archaludon|1
|-supereffective|p1b: Incineroar|1
|-damage|p1a: Archaludon|33/100
|-damage|p1b: Incineroar|0 fnt
|-ability|p1a: Archaludon|Stamina|boost
|-boost|p1a: Archaludon|def|1
|faint|p1b: Incineroar
|-damage|p2a: Joey|80/100|[from] item: Life Orb
|
|-weather|RainDance|[upkeep]
|-heal|p1a: Archaludon|39/100|[from] item: Leftovers
|-start|p2b: Red Ross|perish1
|-start|p2a: Joey|perish1
|upkeep
|
|t:|1784478922
|switch|p1b: Gengar|Gengar-Mega, L50, F, shiny|49/100
|turn|4
|
|t:|1784478933
|move|p1b: Gengar|Protect|p1b: Gengar
|-singleturn|p1b: Gengar|Protect
|move|p1a: Archaludon|Protect|p1a: Archaludon
|-singleturn|p1a: Archaludon|Protect
|move|p2b: Red Ross|Earthquake|p1a: Archaludon|[spread] 
|-activate|p1a: Archaludon|move: Protect
|-activate|p1b: Gengar|move: Protect
|-immune|p2a: Joey
|move|p2a: Joey|Tailwind|p2a: Joey
|-sidestart|p2: Pokemonkey25|move: Tailwind
|
|-weather|RainDance|[upkeep]
|-heal|p1a: Archaludon|45/100|[from] item: Leftovers
|-start|p2b: Red Ross|perish0
|-start|p2a: Joey|perish0
|faint|p2b: Red Ross
|faint|p2a: Joey
|upkeep
|
|t:|1784478949
|switch|p2b: Rachel Greep|Sinistcha, L50|100/100
|switch|p2a: Lucario|Lucario, L50, M, shiny|100/100
|turn|5
|
|t:|1784478972
|move|p2b: Rachel Greep|Rage Powder|p2b: Rachel Greep
|-singleturn|p2b: Rachel Greep|move: Rage Powder
|move|p2a: Lucario|Drain Punch|p1a: Archaludon
|-supereffective|p1a: Archaludon|1
|-damage|p1a: Archaludon|23/100
|-ability|p1a: Archaludon|Stamina|boost
|-boost|p1a: Archaludon|def|1
|move|p1b: Gengar|Shadow Ball|p2b: Rachel Greep
|-supereffective|p2b: Rachel Greep|1
|-damage|p2b: Rachel Greep|16/100
|move|p1a: Archaludon|Electro Shot||[still]
|-prepare|p1a: Archaludon|Electro Shot
|-boost|p1a: Archaludon|spa|1
|-anim|p1a: Archaludon|Electro Shot|p2b: Rachel Greep
|-resisted|p2b: Rachel Greep|1
|-damage|p2b: Rachel Greep|0 fnt
|faint|p2b: Rachel Greep
|
|-weather|none
|-heal|p1a: Archaludon|29/100|[from] item: Leftovers
|upkeep
|turn|6
|-message|Pokemonkey25 forfeited.
|
|win|Lord Of Bulky
|raw|Lord Of Bulky's rating: 1170 → 1190(+20 for winning)
|raw|Pokemonkey25's rating: 1104 → 1084(-20 for losing)
|l|☆Pokemonkey25
|player|p2|
