|j|Ōśåmatrod
|j|Ōśådfdfdfgdfdt
|html|matroddfdfdfgdfdt    
|uhtml|bestof|Game 3 of a best-of-3
|t:|1756268881
|gametype|doubles
|player|p1|matrod|steven|1260
|player|p2|dfdfdfgdfdt|101|1322
|gen|9
|tier|[Gen 9] VGC 2025 Reg H (Bo3)
|rated|
|rule|Species Clause: Limit one of each Pok├®mon
|rule|Item Clause: Limit 1 of each item
|clearpoke
|poke|p1|Incineroar, L50, F|
|poke|p1|Amoonguss, L50, F|
|poke|p1|Pelipper, L50, M|
|poke|p1|Archaludon, L50, F|
|poke|p1|Gholdengo, L50|
|poke|p1|Palafin, L50, F|
|poke|p2|Sneasler, L50, F|
|poke|p2|Dragapult, L50, F|
|poke|p2|Primarina, L50, M|
|poke|p2|Rillaboom, L50, M|
|poke|p2|Kingambit, L50, F|
|poke|p2|Magmar, L50, F|
|teampreview|4
|showteam|p1|Incineroar||SafetyGoggles|Intimidate|KnockOff,FakeOut,FlareBlitz,Uturn|||F|||50|,,,,,Water]Amoonguss||SitrusBerry|Regenerator|Spore,Protect,RagePowder,PollenPuff|||F|||50|,,,,,Psychic]Pelipper||FocusSash|Drizzle|MuddyWater,Hurricane,Tailwind,Protect|||M|||50|,,,,,Ground]Archaludon||AssaultVest|Stamina|ElectroShot,DracoMeteor,Snarl,BodyPress|||F|||50|,,,,,Bug]Gholdengo||LifeOrb|GoodasGold|MakeItRain,ShadowBall,NastyPlot,Protect||||||50|,,,,,Water]Palafin||MysticWater|ZerotoHero|JetPunch,WaveCrash,CloseCombat,Protect|||F|||50|,,,,,Water
|showteam|p2|Sneasler||FocusSash|PoisonTouch|CloseCombat,DireClaw,FakeOut,Protect|||F|||50|,,,,,Stellar]Dragapult||ChoiceBand|ClearBody|DragonDarts,TeraBlast,PhantomForce,Uturn|||F|||50|,,,,,Ghost]Primarina||SitrusBerry|LiquidVoice|HyperVoice,Moonblast,Haze,Protect|||M|||50|,,,,,Water]Rillaboom||AssaultVest|GrassySurge|WoodHammer,GrassyGlide,HighHorsepower,FakeOut|||M|||50|,,,,,Fire]Kingambit||BlackGlasses|Defiant|KowtowCleave,SuckerPunch,SwordsDance,Protect|||F|||50|,,,,,Ghost]Magmar||Eviolite|VitalSpirit|Overheat,WillOWisp,FollowMe,Protect|||F|||50|,,,,,Ghost
|inactive|Battle timer is ON: inactive players will automatically lose when time's up. (requested by matrod)
|c|Ōśådfdfdfgdfdt|you should
|c|Ōśådfdfdfgdfdt|its so much fan
|c|Ōśådfdfdfgdfdt|truly
|c|Ōśådfdfdfgdfdt|fun
|c|Ōśådfdfdfgdfdt|xd
|inactive|matrod has 60 seconds left.
|inactive|dfdfdfgdfdt has 60 seconds left.
|c|Ōśåmatrod|I actually went to 1 back in Reg G and i got absolutely smoked
|inactive|matrod has 30 seconds left.
|c|Ōśådfdfdfgdfdt|thats how you get better
|c|Ōśåmatrod|I was running koraidon but maybe now is different
|inactive|matrod has 20 seconds left.
|inactive|matrod has 15 seconds left.
|inactive|matrod has 10 seconds left.
|inactive|matrod has 5 seconds left.
|
|t:|1756268971
|teamsize|p1|4
|teamsize|p2|4
|start
|switch|p1a: Palafin|Palafin, L50, F|100/100
|switch|p1b: Archaludon|Archaludon, L50, F|100/100
|switch|p2a: Rillaboom|Rillaboom, L50, M|100/100
|switch|p2b: Kingambit|Kingambit, L50, F|100/100
|-fieldstart|move: Grassy Terrain|[from] ability: Grassy Surge|[of] p2a: Rillaboom
|turn|1
|c|Ōśåmatrod|I also just started college again so gonna get a bit busy
|inactive|matrod has 30 seconds left.
|inactive|matrod has 20 seconds left.
|inactive|matrod has 15 seconds left.
|c|Ōśåmatrod|Closest local is like an hour away so its not horrible but i rly gotta go out of my way
|inactive|matrod has 10 seconds left.
|c|Ōśådfdfdfgdfdt|i totally understand
|inactive|matrod has 5 seconds left.
|
|t:|1756269025
|detailschange|p1a: Palafin|Palafin-Hero, L50, F
|switch|p1a: Pelipper|Pelipper, L50, M|100/100
|-weather|RainDance|[from] ability: Drizzle|[of] p1a: Pelipper
|move|p2a: Rillaboom|Fake Out|p1a: Pelipper
|-damage|p1a: Pelipper|81/100
|move|p1b: Archaludon|Electro Shot||[still]
|-prepare|p1b: Archaludon|Electro Shot
|-boost|p1b: Archaludon|spa|1
|-anim|p1b: Archaludon|Electro Shot|p2b: Kingambit
|-damage|p2b: Kingambit|45/100
|move|p2b: Kingambit|Swords Dance|p2b: Kingambit
|-boost|p2b: Kingambit|atk|2
|
|-weather|RainDance|[upkeep]
|-heal|p2b: Kingambit|51/100|[from] Grassy Terrain
|upkeep
|turn|2
|inactive|matrod has 30 seconds left.
|
|t:|1756269052
|switch|p1b: Palafin|Palafin-Hero, L50, F|100/100
|-activate|p1b: Palafin|ability: Zero to Hero
|move|p2b: Kingambit|Sucker Punch||[still]
|-fail|p2b: Kingambit
|move|p1a: Pelipper|Hurricane|p2a: Rillaboom
|-supereffective|p2a: Rillaboom
|-damage|p2a: Rillaboom|23/100
|move|p2a: Rillaboom|Wood Hammer|p1a: Pelipper
|-damage|p1a: Pelipper|0 fnt
|faint|p1a: Pelipper
|-damage|p2a: Rillaboom|5/100|[from] Recoil
|
|-weather|RainDance|[upkeep]
|-heal|p2a: Rillaboom|11/100|[from] Grassy Terrain
|-heal|p2b: Kingambit|57/100|[from] Grassy Terrain
|upkeep
|
|t:|1756269067
|switch|p1a: Amoonguss|Amoonguss, L50, F, shiny|100/100
|turn|3
|
|t:|1756269092
|switch|p2a: Sneasler|Sneasler, L50, F|100/100
|move|p2b: Kingambit|Protect|p2b: Kingambit
|-singleturn|p2b: Kingambit|Protect
|move|p1a: Amoonguss|Protect|p1a: Amoonguss
|-singleturn|p1a: Amoonguss|Protect
|move|p1b: Palafin|Jet Punch|p2a: Sneasler
|-enditem|p2a: Sneasler|Focus Sash
|-damage|p2a: Sneasler|1/100
|
|-weather|RainDance|[upkeep]
|-heal|p2a: Sneasler|7/100|[from] Grassy Terrain
|-heal|p2b: Kingambit|63/100|[from] Grassy Terrain
|upkeep
|turn|4
|
|t:|1756269111
|-terastallize|p1b: Palafin|Water
|move|p2a: Sneasler|Fake Out|p1b: Palafin
|-damage|p1b: Palafin|86/100
|cant|p1b: Palafin|flinch
|move|p2b: Kingambit|Kowtow Cleave|p1a: Amoonguss
|-damage|p1a: Amoonguss|0 fnt
|faint|p1a: Amoonguss
|
|-weather|RainDance|[upkeep]
|-heal|p2a: Sneasler|13/100|[from] Grassy Terrain
|-heal|p1b: Palafin|93/100|[from] Grassy Terrain
|-heal|p2b: Kingambit|70/100|[from] Grassy Terrain
|upkeep
|
|t:|1756269114
|switch|p1a: Archaludon|Archaludon, L50, F|100/100
|turn|5
|
|t:|1756269136
|switch|p2a: Rillaboom|Rillaboom, L50, M|11/100
|move|p2b: Kingambit|Protect|p2b: Kingambit
|-singleturn|p2b: Kingambit|Protect
|move|p1b: Palafin|Jet Punch|p2a: Rillaboom
|-resisted|p2a: Rillaboom
|-damage|p2a: Rillaboom|0 fnt
|faint|p2a: Rillaboom
|move|p1a: Archaludon|Electro Shot||[still]
|-prepare|p1a: Archaludon|Electro Shot
|-boost|p1a: Archaludon|spa|1
|-anim|p1a: Archaludon|Electro Shot|p2b: Kingambit
|-activate|p2b: Kingambit|move: Protect
|
|-weather|none
|-heal|p1b: Palafin|99/100|[from] Grassy Terrain
|-heal|p2b: Kingambit|76/100|[from] Grassy Terrain
|-fieldend|move: Grassy Terrain
|upkeep
|
|t:|1756269144
|switch|p2a: Sneasler|Sneasler, L50, F|13/100
|turn|6
|
|t:|1756269164
|move|p1b: Palafin|Protect|p1b: Palafin
|-singleturn|p1b: Palafin|Protect
|move|p2a: Sneasler|Fake Out|p1b: Palafin
|-activate|p1b: Palafin|move: Protect
|move|p2b: Kingambit|Sucker Punch|p1a: Archaludon
|-damage|p1a: Archaludon|37/100
|-ability|p1a: Archaludon|Stamina|boost
|-boost|p1a: Archaludon|def|1
|move|p1a: Archaludon|Draco Meteor|p2b: Kingambit
|-resisted|p2b: Kingambit
|-damage|p2b: Kingambit|35/100
|-unboost|p1a: Archaludon|spa|2
|
|upkeep
|turn|7
|
|t:|1756269186
|move|p1b: Palafin|Jet Punch|p2a: Sneasler
|-damage|p2a: Sneasler|0 fnt
|faint|p2a: Sneasler
|move|p2b: Kingambit|Sucker Punch|p1a: Archaludon
|-damage|p1a: Archaludon|0 fnt
|faint|p1a: Archaludon
|
|upkeep
|
|t:|1756269191
|switch|p2a: Primarina|Primarina, L50, M|100/100
|turn|8
|
|t:|1756269199
|move|p1b: Palafin|Protect|p1b: Palafin
|-singleturn|p1b: Palafin|Protect
|move|p2a: Primarina|Protect|p2a: Primarina
|-singleturn|p2a: Primarina|Protect
|move|p2b: Kingambit|Protect||[still]
|-fail|p2b: Kingambit
|
|upkeep
|turn|9
|
|t:|1756269212
|move|p1b: Palafin|Jet Punch|p2b: Kingambit
|-damage|p2b: Kingambit|0 fnt
|faint|p2b: Kingambit
|move|p2a: Primarina|Moonblast|p1b: Palafin
|-damage|p1b: Palafin|43/100
|
|upkeep
|turn|10
|c|Ōśåmatrod|And welp
|c|Ōśåmatrod|Im cooked
|
|t:|1756269222
|move|p1b: Palafin|Wave Crash|p2a: Primarina
|-resisted|p2a: Primarina
|-damage|p2a: Primarina|46/100
|-enditem|p2a: Primarina|Sitrus Berry|[eat]
|-heal|p2a: Primarina|71/100|[from] item: Sitrus Berry
|-damage|p1b: Palafin|24/100|[from] Recoil
|move|p2a: Primarina|Moonblast|p1b: Palafin
|-damage|p1b: Palafin|0 fnt
|faint|p1b: Palafin
|
|win|dfdfdfgdfdt
|raw|matrod's rating: 1260 → 1239(-21 for losing)
|raw|dfdfdfgdfdt's rating: 1322 → 1338(+16 for winning)
|c|Ōśådfdfdfgdfdt|gg
|c|Ōśåmatrod|Ggs ggs
|c|Ōśådfdfdfgdfdt|hope u have time to attend a local :)
|c|Ōśåmatrod|Haha thanks
|c|Ōśådfdfdfgdfdt|i usually dont too
|c|Ōśåmatrod|Why not??
|c|Ōśådfdfdfgdfdt|university
|c|Ōśåmatrod|Ahh yup
|c|Ōśådfdfdfgdfdt|im not sure if its equivalent to college
|c|Ōśåmatrod|Yea pretty much the same
|c|Ōśådfdfdfgdfdt|because im not from us
|c|Ōśådfdfdfgdfdt|i thought so
|c|Ōśåmatrod|Oh okok
|c|Ōśåmatrod|Yea just different names same stuff
|c|Ōśådfdfdfgdfdt|well nice to meet you
|c|Ōśådfdfdfgdfdt|see ya
|c|Ōśåmatrod|Ima head out likewise
|c|Ōśåmatrod|See ya
|c|Ōśådfdfdfgdfdt|gg
|l|Ōśåmatrod
|player|p1|
|j|Ōśåmatrod
|player|p1|matrod|steven|
|c|Ōśåmatrod|Gg gg
|l|Ōśåmatrod
|player|p1|
