|j|☆RokketRonnie
|j|☆gloomdrools
|html|RokketRonniegloomdrools    
|uhtml|bestof|Game 2 of a best-of-3
|t:|1783988796
|gametype|doubles
|player|p1|RokketRonnie|steven|
|player|p2|gloomdrools|depotagent|
|gen|9
|tier|[Gen 9 Champions] VGC 2026 Reg M-B (Bo3)
|rule|Species Clause: Limit one of each Pokémon
|rule|Item Clause: Limit 1 of each item
|clearpoke
|poke|p1|Rotom-Heat, L50|
|poke|p1|Sceptile, L50, M, shiny|
|poke|p1|Basculegion, L50, M|
|poke|p1|Grimmsnarl, L50, M|
|poke|p1|Heracross, L50, F|
|poke|p1|Gliscor, L50, M, shiny|
|poke|p2|Incineroar, L50, M|
|poke|p2|Sableye, L50, M|
|poke|p2|Venusaur, L50, M|
|poke|p2|Milotic, L50, F|
|poke|p2|Chandelure, L50, F|
|poke|p2|Wyrdeer, L50, M, shiny|
|teampreview|4
|showteam|p1|Rotom-Heat||ChoiceScarf|Levitate|Electroweb,Discharge,Overheat,Trick|Timid|||||50|]Sceptile||Sceptilite|Overgrow|EarthPower,GrassKnot,DragonPulse,Protect|Modest||M|||50|]Basculegion||SitrusBerry|Adaptability|WaveCrash,LastRespects,AquaJet,Protect|Adamant||M|||50|]Grimmsnarl||BlackGlasses|Prankster|SuckerPunch,Reflect,LightScreen,PartingShot|Adamant||M|||50|]Heracross||OccaBerry|Guts|CloseCombat,Coaching,Detect,HelpingHand|Careful||F|||50|]Gliscor||LifeOrb|HyperCutter|Tailwind,Protect,DualWingbeat,Earthquake|Adamant||M|||50|
|showteam|p2|Incineroar||LifeOrb|Intimidate|FakeOut,FlareBlitz,DarkestLariat,PartingShot|Careful||M|||50|]Sableye||FocusSash|Prankster|WillOWisp,SunnyDay,Encore,Quash|Impish||M|||50|]Venusaur||Venusaurite|Chlorophyll|SleepPowder,EarthPower,SludgeBomb,Protect|Modest||M|||50|]Milotic||RindoBerry|CuteCharm|IceBeam,HelpingHand,Hypnosis,Scald|Sassy||F|||50|]Chandelure||Chandelurite|FlashFire|TrickRoom,HeatWave,ShadowBall,Protect|Sassy||F|||50|]Wyrdeer||ColburBerry|Intimidate|TrickRoom,Gravity,Hypnosis,PsyshieldBash|Sassy||M|||50|
|
|t:|1783988960
|teamsize|p1|4
|teamsize|p2|4
|start
|switch|p1a: Gliscor|Gliscor, L50, M, shiny|100/100
|switch|p1b: EZ Bake|Rotom-Heat, L50|100/100
|switch|p2a: Incinewhar|Incineroar, L50, M|100/100
|switch|p2b: Jyohn|Wyrdeer, L50, M, shiny|100/100
|-ability|p2a: Incinewhar|Intimidate|boost
|-fail|p1a: Gliscor|unboost|Attack|[from] ability: Hyper Cutter|[of] p1a: Gliscor
|-unboost|p1b: EZ Bake|atk|1
|-ability|p2b: Jyohn|Intimidate|boost
|-fail|p1a: Gliscor|unboost|Attack|[from] ability: Hyper Cutter|[of] p1a: Gliscor
|-unboost|p1b: EZ Bake|atk|1
|turn|1
|
|t:|1783989005
|move|p1b: EZ Bake|Trick|p2b: Jyohn
|-activate|p1b: EZ Bake|move: Trick|[of] p2b: Jyohn
|-item|p2b: Jyohn|Choice Scarf|[from] move: Trick
|-item|p1b: EZ Bake|Colbur Berry|[from] move: Trick
|move|p1a: Gliscor|Earthquake|p2a: Incinewhar|[spread] p2a,p2b
|-immune|p1b: EZ Bake|[from] ability: Levitate
|-supereffective|p2a: Incinewhar|1
|-crit|p2a: Incinewhar
|-damage|p2a: Incinewhar|0 fnt
|-damage|p2b: Jyohn|47/100
|faint|p2a: Incinewhar
|-damage|p1a: Gliscor|90/100|[from] item: Life Orb
|move|p2b: Jyohn|Trick Room|p2b: Jyohn
|-fieldstart|move: Trick Room|[of] p2b: Jyohn
|
|upkeep
|
|t:|1783989029
|switch|p2a: Long Fih|Milotic, L50, F|100/100
|turn|2
|
|t:|1783989063
|switch|p2b: Chandewhar|Chandelure, L50, F|100/100
|move|p1a: Gliscor|Protect|p1a: Gliscor
|-singleturn|p1a: Gliscor|Protect
|move|p2a: Long Fih|Ice Beam|p1a: Gliscor
|-activate|p1a: Gliscor|move: Protect
|move|p1b: EZ Bake|Discharge|p2b: Chandewhar|[spread] p2a,p2b
|-activate|p1a: Gliscor|move: Protect
|-supereffective|p2a: Long Fih|1
|-damage|p2a: Long Fih|69/100
|-damage|p2b: Chandewhar|78/100
|
|upkeep
|turn|3
|
|t:|1783989136
|switch|p1a: grrr|Grimmsnarl, L50, M|100/100
|move|p2a: Long Fih|Helping Hand|p2b: Chandewhar
|-singleturn|p2b: Chandewhar|Helping Hand|[of] p2a: Long Fih
|move|p2b: Chandewhar|Shadow Ball|p1a: grrr
|-resisted|p1a: grrr|1
|-damage|p1a: grrr|70/100
|move|p1b: EZ Bake|Trick|p2a: Long Fih
|-activate|p1b: EZ Bake|move: Trick|[of] p2a: Long Fih
|-item|p2a: Long Fih|Colbur Berry|[from] move: Trick
|-item|p1b: EZ Bake|Rindo Berry|[from] move: Trick
|
|upkeep
|turn|4
|
|t:|1783989177
|switch|p1b: Poseidon|Basculegion, L50, M|100/100
|detailschange|p2b: Chandewhar|Chandelure-Mega, L50, F
|-mega|p2b: Chandewhar|Chandelure|Chandelurite
|move|p2a: Long Fih|Helping Hand|p2b: Chandewhar
|-singleturn|p2b: Chandewhar|Helping Hand|[of] p2a: Long Fih
|move|p1a: grrr|Sucker Punch|p2b: Chandewhar
|-supereffective|p2b: Chandewhar|1
|-crit|p2b: Chandewhar
|-damage|p2b: Chandewhar|0 fnt
|faint|p2b: Chandewhar
|
|upkeep
|
|t:|1783989187
|switch|p2b: Jyohn|Wyrdeer, L50, M, shiny|47/100
|-ability|p2b: Jyohn|Intimidate|boost
|-unboost|p1a: grrr|atk|1
|-unboost|p1b: Poseidon|atk|1
|turn|5
|
|t:|1783989236
|move|p1b: Poseidon|Protect|p1b: Poseidon
|-singleturn|p1b: Poseidon|Protect
|move|p1a: grrr|Light Screen|p1a: grrr
|-sidestart|p1: RokketRonnie|move: Light Screen
|move|p2a: Long Fih|Hypnosis|p1b: Poseidon
|-activate|p1b: Poseidon|move: Protect
|move|p2b: Jyohn|Hypnosis|p1a: grrr|[miss]
|-miss|p2b: Jyohn|p1a: grrr
|
|-fieldend|move: Trick Room
|upkeep
|turn|6
|
|t:|1783989280
|move|p1a: grrr|Reflect|p1a: grrr
|-sidestart|p1: RokketRonnie|Reflect
|move|p2b: Jyohn|Hypnosis|p1a: grrr|[miss]
|-miss|p2b: Jyohn|p1a: grrr
|move|p1b: Poseidon|Last Respects|p2a: Long Fih
|-damage|p2a: Long Fih|47/100
|move|p2a: Long Fih|Ice Beam|p1b: Poseidon
|-resisted|p1b: Poseidon|1
|-damage|p1b: Poseidon|94/100
|
|upkeep
|turn|7
|
|t:|1783989299
|move|p1b: Poseidon|Protect|p1b: Poseidon
|-singleturn|p1b: Poseidon|Protect
|move|p1a: grrr|Sucker Punch|p2a: Long Fih
|-damage|p2a: Long Fih|12/100
|-start|p1a: grrr|Attract|[from] ability: Cute Charm|[of] p2a: Long Fih
|move|p2b: Jyohn|Hypnosis|p1b: Poseidon
|-activate|p1b: Poseidon|move: Protect
|move|p2a: Long Fih|Scald|p1b: Poseidon
|-activate|p1b: Poseidon|move: Protect
|
|upkeep
|turn|8
|
|t:|1783989342
|switch|p1b: EZ Bake|Rotom-Heat, L50|100/100
|-activate|p1a: grrr|move: Attract|[of] p2a: Long Fih
|move|p1a: grrr|Parting Shot|p2b: Jyohn
|-unboost|p2b: Jyohn|atk|1
|-unboost|p2b: Jyohn|spa|1
|
|t:|1783989363
|switch|p1a: Gliscor|Gliscor, L50, M, shiny|90/100|[from] Parting Shot
|move|p2b: Jyohn|Hypnosis|p1b: EZ Bake
|-status|p1b: EZ Bake|slp|[from] move: Hypnosis
|move|p2a: Long Fih|Ice Beam|p1b: EZ Bake
|-resisted|p1b: EZ Bake|1
|-damage|p1b: EZ Bake|92/100 slp
|
|upkeep
|turn|9
|
|t:|1783989376
|move|p1a: Gliscor|Earthquake|p2b: Jyohn|[spread] p2a,p2b
|-immune|p1b: EZ Bake|[from] ability: Levitate
|-damage|p2a: Long Fih|0 fnt
|-damage|p2b: Jyohn|0 fnt
|faint|p2a: Long Fih
|faint|p2b: Jyohn
|-damage|p1a: Gliscor|80/100|[from] item: Life Orb
|
|win|RokketRonnie
