|j|☆Schg jk lo
|j|☆pokeopposition
|html|Schg jk lopokeopposition    
|uhtml|bestof|Game 1 of a best-of-3
|t:|1782620838
|gametype|doubles
|player|p1|Schg jk lo|1|1047
|player|p2|pokeopposition|silver|1153
|gen|9
|tier|[Gen 9 Champions] VGC 2026 Reg M-B (Bo3)
|rated|
|rule|Species Clause: Limit one of each Pokémon
|rule|Item Clause: Limit 1 of each item
|clearpoke
|poke|p1|Tyranitar, L50, M|
|poke|p1|Staraptor, L50, F|
|poke|p1|Sableye, L50, F|
|poke|p1|Sneasler, L50, M|
|poke|p1|Ceruledge, L50, F|
|poke|p1|Hydreigon, L50, F|
|poke|p2|Charizard, L50, M, shiny|
|poke|p2|Meowscarada, L50, F, shiny|
|poke|p2|Basculegion, L50, M, shiny|
|poke|p2|Incineroar, L50, M|
|poke|p2|Sneasler, L50, M, shiny|
|poke|p2|Aerodactyl, L50, F, shiny|
|teampreview|4
|showteam|p1|Tyranitar||Tyranitarite|SandStream|RockSlide,DragonDance,Protect,KnockOff|Adamant||M|||50|]Staraptor||Staraptite|Intimidate|Acrobatics,CloseCombat,Protect,Roost|Jolly||F|||50|]Sableye||MentalHerb|Prankster|FoulPlay,LightScreen,SunnyDay,Encore|Relaxed||F|||50|]Sneasler||FocusSash|PoisonTouch|FakeOut,DireClaw,CloseCombat,Protect|Jolly||M|||50|]Ceruledge||LifeOrb|FlashFire|BitterBlade,BulkUp,Protect,ShadowSneak|Adamant||F|||50|]Hydreigon||ChoiceScarf|Levitate|DracoMeteor,DarkPulse,EarthPower,HeatWave|Modest||F|||50|
|showteam|p2|Charizard||CharizarditeX|Blaze|FlareBlitz,DragonClaw,DragonDance,Protect|Adamant||M|||50|]Meowscarada||ChoiceScarf|Protean|TripleAxel,FlowerTrick,Uturn,KnockOff|Jolly||F|||50|]Basculegion||SitrusBerry|Adaptability|WaveCrash,LastRespects,FlipTurn,Protect|Adamant||M|||50|]Incineroar||PasshoBerry|Intimidate|FakeOut,FlareBlitz,Taunt,PartingShot|Impish||M|||50|]Sneasler||FocusSash|Unburden|FakeOut,CloseCombat,DireClaw,Protect|Adamant||M|||50|]Aerodactyl||Aerodactylite|Pressure|RockSlide,DualWingbeat,Tailwind,Protect|Jolly||F|||50|
|inactive|Battle timer is ON: inactive players will automatically lose when time's up. (requested by Schg jk lo)
|
|t:|1782620866
|teamsize|p1|4
|teamsize|p2|4
|start
|switch|p1a: Sneasler|Sneasler, L50, M|100/100
|switch|p1b: Staraptor|Staraptor, L50, F|100/100
|switch|p2a: Charizard|Charizard, L50, M, shiny|100/100
|switch|p2b: Aerodactyl|Aerodactyl, L50, F, shiny|100/100
|-ability|p2b: Aerodactyl|Pressure
|-ability|p1b: Staraptor|Intimidate|boost
|-unboost|p2a: Charizard|atk|1
|-unboost|p2b: Aerodactyl|atk|1
|turn|1
|inactive|pokeopposition has 30 seconds left.
|
|t:|1782620899
|switch|p2a: Incineroar|Incineroar, L50, M|100/100
|-ability|p2a: Incineroar|Intimidate|boost
|-unboost|p1a: Sneasler|atk|1
|-unboost|p1b: Staraptor|atk|1
|detailschange|p1b: Staraptor|Staraptor-Mega, L50, F
|-mega|p1b: Staraptor|Staraptor|Staraptite
|move|p1a: Sneasler|Fake Out|p2b: Aerodactyl
|-resisted|p2b: Aerodactyl|1
|-damage|p2b: Aerodactyl|93/100
|-status|p2b: Aerodactyl|psn|[from] ability: Poison Touch|[of] p1a: Sneasler
|cant|p2b: Aerodactyl|flinch
|move|p1b: Staraptor|Close Combat|p2a: Incineroar
|-supereffective|p2a: Incineroar|1
|-damage|p2a: Incineroar|33/100
|-boost|p1b: Staraptor|def|1
|-boost|p1b: Staraptor|spd|1
|
|-damage|p2b: Aerodactyl|80/100 psn|[from] psn
|upkeep
|turn|2
|inactive|Schg jk lo has 30 seconds left.
|inactive|pokeopposition has 30 seconds left.
|inactive|Schg jk lo has 20 seconds left.
|
|t:|1782620936
|move|p2a: Incineroar|Fake Out|p1b: Staraptor
|-damage|p1b: Staraptor|91/100
|move|p2b: Aerodactyl|Tailwind|p2b: Aerodactyl
|-sidestart|p2: pokeopposition|move: Tailwind
|move|p1a: Sneasler|Close Combat|p2a: Incineroar
|-supereffective|p2a: Incineroar|1
|-damage|p2a: Incineroar|0 fnt
|-unboost|p1a: Sneasler|def|1
|-unboost|p1a: Sneasler|spd|1
|faint|p2a: Incineroar
|cant|p1b: Staraptor|flinch
|
|-damage|p2b: Aerodactyl|68/100 psn|[from] psn
|upkeep
|
|t:|1782620943
|switch|p2a: Charizard|Charizard, L50, M, shiny|100/100
|turn|3
|inactive|Schg jk lo has 30 seconds left.
|inactive|pokeopposition has 30 seconds left.
|
|t:|1782620976
|switch|p1b: Ceruledge|Ceruledge, L50, F|100/100
|detailschange|p2a: Charizard|Charizard-Mega-X, L50, M, shiny
|-mega|p2a: Charizard|Charizard|Charizardite X
|move|p2b: Aerodactyl|Dual Wingbeat|p1a: Sneasler
|-supereffective|p1a: Sneasler|1
|-damage|p1a: Sneasler|46/100
|-supereffective|p1a: Sneasler|1
|-damage|p1a: Sneasler|0 fnt
|faint|p1a: Sneasler
|-hitcount|p1: Sneasler|2
|move|p2a: Charizard|Dragon Claw|p1b: Ceruledge
|-damage|p1b: Ceruledge|35/100
|
|-damage|p2b: Aerodactyl|55/100 psn|[from] psn
|upkeep
|
|t:|1782620999
|switch|p1a: Staraptor|Staraptor-Mega, L50, F|91/100
|turn|4
|
|t:|1782621018
|move|p1b: Ceruledge|Shadow Sneak|p2a: Charizard
|-damage|p2a: Charizard|76/100
|-damage|p1b: Ceruledge|25/100|[from] item: Life Orb
|move|p2b: Aerodactyl|Rock Slide|p1a: Staraptor|[spread] p1a,p1b
|-supereffective|p1b: Ceruledge|1
|-damage|p1a: Staraptor|75/100
|-damage|p1b: Ceruledge|0 fnt
|faint|p1b: Ceruledge
|move|p2a: Charizard|Flare Blitz|p1a: Staraptor
|-damage|p1a: Staraptor|0 fnt
|faint|p1a: Staraptor
|-damage|p2a: Charizard|54/100|[from] Recoil
|
|-damage|p2b: Aerodactyl|43/100 psn|[from] psn
|upkeep
|
|t:|1782621034
|switch|p1a: Hydreigon|Hydreigon, L50, F|100/100
|turn|5
|-message|Schg jk lo forfeited.
|raw|Schg jk lo's rating: 1047 → 1035(-12 for losing)
|raw|pokeopposition's rating: 1153 → 1171(+18 for winning)
|
|win|pokeopposition
|l|☆Schg jk lo
|player|p1|
