|j|☆phuc_lamvgc
|j|☆TorbellinoChamba
|html|phuc_lamvgcTorbellinoChamba    
|uhtml|bestof|Game 2 of a best-of-3
|t:|1785749988
|gametype|doubles
|player|p1|phuc_lamvgc|miku-ghost|1210
|player|p2|TorbellinoChamba|roxie|1071
|gen|9
|tier|[Gen 9 Champions] VGC 2026 Reg M-B (Bo3)
|rated|
|rule|Species Clause: Limit one of each Pokémon
|rule|Item Clause: Limit 1 of each item
|clearpoke
|poke|p1|Froslass, L50, F|
|poke|p1|Scovillain, L50, M|
|poke|p1|Lycanroc-Dusk, L50, F|
|poke|p1|Kingambit, L50, F|
|poke|p1|Sneasler, L50, F|
|poke|p1|Basculegion, L50, M|
|poke|p2|Swampert, L50, M|
|poke|p2|Pelipper, L50, M, shiny|
|poke|p2|Archaludon, L50, M, shiny|
|poke|p2|Sableye, L50, M, shiny|
|poke|p2|Zoroark-Hisui, L50, M, shiny|
|poke|p2|Raichu, L50, M|
|teampreview|4
|showteam|p1|Froslass||Froslassite|CursedBody|Blizzard,ShadowBall,AuroraVeil,Protect|Timid||F|||50|]Scovillain||Scovillainite|Moody|Overheat,GigaDrain,RagePowder,Protect|Bold||M|||50|]Lycanroc-Dusk||FocusSash|ToughClaws|CloseCombat,RockSlide,Accelerock,Protect|Adamant||F|||50|]Kingambit||BlackGlasses|Defiant|SuckerPunch,KowtowCleave,SwordsDance,Protect|Adamant||F|||50|]Sneasler||WhiteHerb|Unburden|CloseCombat,DireClaw,FakeOut,Protect|Jolly||F|||50|]Basculegion||ChoiceScarf|Adaptability|WaveCrash,AquaJet,FlipTurn,LastRespects|Adamant||M|||50|
|showteam|p2|Swampert||Swampertite|Damp|Earthquake,Protect,IcePunch,WaveCrash|Adamant||M|||50|]Pelipper||FocusSash|Drizzle|WeatherBall,Hurricane,Tailwind,WideGuard|Timid||M|||50|]Archaludon||Leftovers|Stamina|ElectroShot,AuraSphere,FlashCannon,Protect|Modest||M|||50|]Sableye||LightClay|Prankster|RainDance,Reflect,LightScreen,Quash|Bold||M|||50|]Zoroark-Hisui||ChoiceScarf|Illusion|BitterMalice,HyperVoice,IcyWind,Trick|Timid||M|||50|]Raichu||RaichuniteY|LightningRod|ZapCannon,GrassKnot,Protect,FakeOut|Timid||M|||50|
|inactive|Battle timer is ON: inactive players will automatically lose when time's up. (requested by TorbellinoChamba)
|j| gshs2
|
|t:|1785750014
|teamsize|p1|4
|teamsize|p2|4
|start
|switch|p1a: Froslass|Froslass, L50, F|100/100
|switch|p1b: Scovillain|Scovillain, L50, M|100/100
|switch|p2a: Archaludon|Archaludon, L50, M, shiny|100/100
|switch|p2b: Raichu|Raichu, L50, M|100/100
|turn|1
|
|t:|1785750027
|detailschange|p2b: Raichu|Raichu-Mega-Y, L50, M
|-mega|p2b: Raichu|Raichu|Raichunite Y
|detailschange|p1a: Froslass|Froslass-Mega, L50, F
|-mega|p1a: Froslass|Froslass|Froslassite
|-weather|Snowscape|[from] ability: Snow Warning|[of] p1a: Froslass
|move|p1b: Scovillain|Rage Powder|p1b: Scovillain
|-singleturn|p1b: Scovillain|move: Rage Powder
|move|p2a: Archaludon|Bitter Malice|p1b: Scovillain
|-damage|p1b: Scovillain|47/100
|-unboost|p1b: Scovillain|atk|1
|move|p2b: Raichu|Zap Cannon|p1b: Scovillain
|-resisted|p1b: Scovillain|1
|-crit|p1b: Scovillain
|-damage|p1b: Scovillain|0 fnt
|faint|p1b: Scovillain
|move|p1a: Froslass|Blizzard|p2a: Archaludon|[spread] p2a,p2b
|-damage|p2a: Archaludon|15/100
|-damage|p2b: Raichu|33/100
|replace|p2a: Zoroark|Zoroark-Hisui, L50, M, shiny
|-end|p2a: Zoroark|Illusion
|
|-weather|Snowscape|[upkeep]
|upkeep
|
|t:|1785750045
|switch|p1b: Sneasler|Sneasler, L50, F|100/100
|turn|2
|
|t:|1785750060
|move|p2b: Raichu|Protect|p2b: Raichu
|-singleturn|p2b: Raichu|Protect
|move|p1a: Froslass|Protect|p1a: Froslass
|-singleturn|p1a: Froslass|Protect
|move|p2a: Zoroark|Bitter Malice|p1a: Froslass
|-activate|p1a: Froslass|move: Protect
|move|p1b: Sneasler|Close Combat|p2b: Raichu
|-activate|p2b: Raichu|move: Protect
|
|-weather|Snowscape|[upkeep]
|upkeep
|turn|3
|
|t:|1785750076
|switch|p2b: Sableye|Sableye, L50, M, shiny|100/100
|switch|p1a: Lycanroc|Lycanroc-Dusk, L50, F|100/100
|move|p2a: Zoroark|Bitter Malice|p1a: Lycanroc
|-damage|p1a: Lycanroc|34/100
|-unboost|p1a: Lycanroc|atk|1
|move|p1b: Sneasler|Close Combat|p2b: Sableye
|-immune|p2b: Sableye
|
|-weather|Snowscape|[upkeep]
|upkeep
|turn|4
|
|t:|1785750094
|switch|p1b: Froslass|Froslass-Mega, L50, F|100/100
|move|p2b: Sableye|Reflect|p2b: Sableye
|-sidestart|p2: TorbellinoChamba|Reflect
|move|p2a: Zoroark|Bitter Malice|p1a: Lycanroc
|-damage|p1a: Lycanroc|0 fnt
|faint|p1a: Lycanroc
|
|-weather|Snowscape|[upkeep]
|upkeep
|
|t:|1785750101
|switch|p1a: Sneasler|Sneasler, L50, F|100/100
|turn|5
|
|t:|1785750109
|move|p2b: Sableye|Light Screen|p2b: Sableye
|-sidestart|p2: TorbellinoChamba|move: Light Screen
|move|p2a: Zoroark|Bitter Malice|p1b: Froslass
|-supereffective|p1b: Froslass|1
|-damage|p1b: Froslass|6/100
|-unboost|p1b: Froslass|atk|1
|move|p1b: Froslass|Blizzard|p2a: Zoroark|[spread] p2a,p2b
|-damage|p2a: Zoroark|0 fnt
|-damage|p2b: Sableye|58/100
|faint|p2a: Zoroark
|move|p1a: Sneasler|Dire Claw|p2b: Sableye
|-resisted|p2b: Sableye|1
|-damage|p2b: Sableye|43/100
|
|-weather|none
|upkeep
|
|t:|1785750116
|switch|p2a: Raichu|Raichu-Mega-Y, L50, M|33/100
|turn|6
|
|t:|1785750123
|move|p1b: Froslass|Protect|p1b: Froslass
|-singleturn|p1b: Froslass|Protect
|move|p2b: Sableye|Rain Dance|p2b: Sableye
|-weather|RainDance
|move|p2a: Raichu|Zap Cannon|p1a: Sneasler
|-damage|p1a: Sneasler|0 fnt
|faint|p1a: Sneasler
|
|-weather|RainDance|[upkeep]
|upkeep
|turn|7
|-message|phuc_lamvgc forfeited.
|
|win|TorbellinoChamba
||TorbellinoChamba is ready for game 3.
||phuc_lamvgc is ready for game 3.
|uhtml|next|Next: Game 3 of 3
|l|☆TorbellinoChamba
|player|p2|
