|j|☆KevtroGameplays
|j|☆cocoralladoquemado
|html|KevtroGameplayscocoralladoquemado    
|uhtml|bestof|Game 1 of a best-of-3
|t:|1756587797
|gametype|doubles
|player|p1|KevtroGameplays|266|
|player|p2|cocoralladoquemado|2|
|gen|9
|tier|[Gen 9] VGC 2025 Reg H (Bo3)
|rule|Species Clause: Limit one of each Pokémon
|rule|Item Clause: Limit 1 of each item
|clearpoke
|poke|p1|Ursaluna, L50, M|
|poke|p1|Torkoal, L50, F|
|poke|p1|Porygon2, L50|
|poke|p1|Charizard, L50, F|
|poke|p1|Jumpluff, L50, M|
|poke|p1|Incineroar, L50, F|
|poke|p2|Pelipper, L50, F|
|poke|p2|Electabuzz, L50, M|
|poke|p2|Archaludon, L50, F|
|poke|p2|Rillaboom, L50, M|
|poke|p2|Basculegion, L50, M|
|poke|p2|Kingambit, L50, M|
|teampreview|4
|showteam|p1|Ursaluna||FlameOrb|Guts|HeadlongRush,Earthquake,Facade,Protect|||M|||50|,,,,,Ghost]Torkoal||EjectPack|Drought|Overheat,HeatWave,Protect,HelpingHand|||F|||50|,,,,,Fire]Porygon2||Eviolite|Download|TeraBlast,Recover,TrickRoom,IceBeam||||||50|,,,,,Fighting]Charizard||ChoiceSpecs|SolarPower|Overheat,HeatWave,AirSlash,WeatherBall|||F|||50|,,,,,Ghost]Jumpluff||CovertCloak|Chlorophyll|SleepPowder,SunnyDay,Tailwind,RagePowder|||M|||50|,,,,,Water]Incineroar||SitrusBerry|Intimidate|FakeOut,KnockOff,FlareBlitz,PartingShot|||F|||50|,,,,,Ghost
|showteam|p2|Pelipper||FocusSash|Drizzle|Protect,Hurricane,WeatherBall,Tailwind|||F|||50|,,,,,Ghost]Electabuzz||Eviolite|VitalSpirit|Protect,Electroweb,Taunt,FollowMe|||M|||50|,,,,,Dragon]Archaludon||AssaultVest|Stamina|ElectroShot,DracoMeteor,FlashCannon,BodyPress|||F|||50|,,,,,Bug]Rillaboom||LoadedDice|GrassySurge|BulletSeed,GrassyGlide,HighHorsepower,FakeOut|||M|||50|,,,,,Fire]Basculegion||ChoiceBand|SwiftSwim|WaveCrash,LastRespects,FlipTurn,AquaJet|||M|||50|,,,,,Water]Kingambit||SafetyGoggles|Defiant|Protect,KowtowCleave,SuckerPunch,SwordsDance|||M|||50|,,,,,Ghost
|j| ZiriuX
|j| geosts
|j| ponje
|inactive|Battle timer is ON: inactive players will automatically lose when time's up. (requested by KevtroGameplays)
|inactive|KevtroGameplays has 30 seconds left.
|inactive|cocoralladoquemado has 60 seconds left.
|
|t:|1756587963
|teamsize|p1|4
|teamsize|p2|4
|start
|switch|p1a: Ursaluna|Ursaluna, L50, M|100/100
|switch|p1b: Jumpluff|Jumpluff, L50, M|100/100
|switch|p2a: Basculegion|Basculegion, L50, M|100/100
|switch|p2b: Rillaboom|Rillaboom, L50, M|100/100
|-fieldstart|move: Grassy Terrain|[from] ability: Grassy Surge|[of] p2b: Rillaboom
|turn|1
|inactive|KevtroGameplays has 30 seconds left.
|inactive|cocoralladoquemado has 30 seconds left.
|inactive|KevtroGameplays has 20 seconds left.
|inactive|cocoralladoquemado has 20 seconds left.
|inactive|KevtroGameplays has 15 seconds left.
|inactive|cocoralladoquemado has 15 seconds left.
|inactive|KevtroGameplays has 10 seconds left.
|inactive|cocoralladoquemado has 10 seconds left.
|inactive|cocoralladoquemado has 5 seconds left.
|
|t:|1756588016
|switch|p2b: Pelipper|Pelipper, L50, F|100/100
|-weather|RainDance|[from] ability: Drizzle|[of] p2b: Pelipper
|move|p1a: Ursaluna|Protect|p1a: Ursaluna
|-singleturn|p1a: Ursaluna|Protect
|move|p2a: Basculegion|Flip Turn|p1b: Jumpluff
|-resisted|p1b: Jumpluff
|-damage|p1b: Jumpluff|65/100
|inactive|cocoralladoquemado has 30 seconds left.
|
|t:|1756588045
|switch|p2a: Archaludon|Archaludon, L50, F|100/100|[from] Flip Turn
|move|p1b: Jumpluff|Sleep Powder|p2a: Archaludon
|-status|p2a: Archaludon|slp|[from] move: Sleep Powder
|
|-weather|RainDance|[upkeep]
|-status|p1a: Ursaluna|brn|[from] item: Flame Orb
|upkeep
|turn|2
|inactive|KevtroGameplays has 30 seconds left.
|inactive|KevtroGameplays has 20 seconds left.
|inactive|KevtroGameplays has 15 seconds left.
|inactive|KevtroGameplays has 10 seconds left.
|inactive|cocoralladoquemado has 30 seconds left.
|
|t:|1756588104
|-terastallize|p2a: Archaludon|Bug
|move|p1b: Jumpluff|Sleep Powder|p2b: Pelipper
|-status|p2b: Pelipper|slp|[from] move: Sleep Powder
|cant|p2a: Archaludon|slp
|cant|p2b: Pelipper|slp
|move|p1a: Ursaluna|Headlong Rush|p2a: Archaludon
|-resisted|p2a: Archaludon
|-damage|p2a: Archaludon|56/100 slp
|-unboost|p1a: Ursaluna|def|1
|-unboost|p1a: Ursaluna|spd|1
|-ability|p2a: Archaludon|Stamina|boost
|-boost|p2a: Archaludon|def|1
|
|-weather|RainDance|[upkeep]
|-heal|p2a: Archaludon|62/100 slp|[from] Grassy Terrain
|-damage|p1a: Ursaluna|95/100 brn|[from] brn
|upkeep
|turn|3
|inactive|KevtroGameplays has 30 seconds left.
|inactive|cocoralladoquemado has 30 seconds left.
|inactive|KevtroGameplays has 20 seconds left.
|inactive|KevtroGameplays has 15 seconds left.
|inactive|cocoralladoquemado has 20 seconds left.
|inactive|cocoralladoquemado has 15 seconds left.
|
|t:|1756588150
|move|p1b: Jumpluff|Tailwind|p1b: Jumpluff
|-sidestart|p1: KevtroGameplays|move: Tailwind
|move|p1a: Ursaluna|Facade|p2a: Archaludon
|-damage|p2a: Archaludon|0 fnt
|faint|p2a: Archaludon
|-curestatus|p2b: Pelipper|slp|[msg]
|move|p2b: Pelipper|Tailwind|p2b: Pelipper
|-sidestart|p2: cocoralladoquemado|move: Tailwind
|
|-weather|RainDance|[upkeep]
|-heal|p1a: Ursaluna|100/100 brn|[from] Grassy Terrain
|-damage|p1a: Ursaluna|95/100 brn|[from] brn
|upkeep
|
|t:|1756588155
|switch|p2a: Basculegion|Basculegion, L50, M|100/100
|turn|4
|
|t:|1756588170
|switch|p1a: Torkoal|Torkoal, L50, F|100/100
|-weather|SunnyDay|[from] ability: Drought|[of] p1a: Torkoal
|move|p1b: Jumpluff|Sleep Powder|p2a: Basculegion
|-status|p2a: Basculegion|slp|[from] move: Sleep Powder
|cant|p2a: Basculegion|slp
|move|p2b: Pelipper|Weather Ball|p1a: Torkoal
|-resisted|p1a: Torkoal
|-damage|p1a: Torkoal|68/100
|
|-weather|SunnyDay|[upkeep]
|-heal|p1a: Torkoal|74/100|[from] Grassy Terrain
|upkeep
|turn|5
|j| ramierdo
|inactive|KevtroGameplays has 30 seconds left.
|
|t:|1756588198
|switch|p1b: Incineroar|Incineroar, L50, F|100/100
|-ability|p1b: Incineroar|Intimidate|boost
|-unboost|p2a: Basculegion|atk|1
|-unboost|p2b: Pelipper|atk|1
|cant|p2a: Basculegion|slp
|move|p2b: Pelipper|Hurricane|p1a: Torkoal
|-damage|p1a: Torkoal|0 fnt
|faint|p1a: Torkoal
|
|-weather|SunnyDay|[upkeep]
|-fieldend|move: Grassy Terrain
|upkeep
|
|t:|1756588217
|switch|p1a: Jumpluff|Jumpluff, L50, M|65/100
|turn|6
|inactive|KevtroGameplays has 30 seconds left.
|inactive|cocoralladoquemado has 30 seconds left.
|
|t:|1756588251
|move|p1a: Jumpluff|Rage Powder|p1a: Jumpluff
|-singleturn|p1a: Jumpluff|move: Rage Powder
|-curestatus|p2a: Basculegion|slp|[msg]
|move|p2a: Basculegion|Wave Crash|p1a: Jumpluff
|-resisted|p1a: Jumpluff
|-damage|p1a: Jumpluff|47/100
|-damage|p2a: Basculegion|95/100|[from] Recoil
|move|p2b: Pelipper|Weather Ball|p1a: Jumpluff
|-supereffective|p1a: Jumpluff
|-damage|p1a: Jumpluff|0 fnt
|faint|p1a: Jumpluff
|move|p1b: Incineroar|Knock Off|p2a: Basculegion
|-supereffective|p2a: Basculegion
|-damage|p2a: Basculegion|3/100
|-enditem|p2a: Basculegion|Choice Band|[from] move: Knock Off|[of] p1b: Incineroar
|
|-weather|SunnyDay|[upkeep]
|-sideend|p2: cocoralladoquemado|move: Tailwind
|-sideend|p1: KevtroGameplays|move: Tailwind
|upkeep
|
|t:|1756588270
|switch|p1a: Ursaluna|Ursaluna, L50, M|95/100 brn
|turn|7
|
|t:|1756588293
|switch|p2b: Rillaboom|Rillaboom, L50, M|100/100
|-fieldstart|move: Grassy Terrain|[from] ability: Grassy Surge|[of] p2b: Rillaboom
|move|p2a: Basculegion|Flip Turn|p1b: Incineroar
|-supereffective|p1b: Incineroar
|-damage|p1b: Incineroar|82/100
|
|t:|1756588300
|switch|p2a: Pelipper|Pelipper, L50, F|100/100|[from] Flip Turn
|-weather|RainDance|[from] ability: Drizzle|[of] p2a: Pelipper
|move|p1b: Incineroar|Knock Off|p2a: Pelipper
|-damage|p2a: Pelipper|43/100
|-enditem|p2a: Pelipper|Focus Sash|[from] move: Knock Off|[of] p1b: Incineroar
|move|p1a: Ursaluna|Facade|p2b: Rillaboom
|-damage|p2b: Rillaboom|0 fnt
|faint|p2b: Rillaboom
|
|-weather|RainDance|[upkeep]
|-heal|p1b: Incineroar|88/100|[from] Grassy Terrain
|-heal|p1a: Ursaluna|100/100 brn|[from] Grassy Terrain
|-damage|p1a: Ursaluna|95/100 brn|[from] brn
|upkeep
|
|t:|1756588302
|switch|p2b: Basculegion|Basculegion, L50, M|3/100
|turn|8
|inactive|KevtroGameplays has 30 seconds left.
|inactive|cocoralladoquemado has 30 seconds left.
|inactive|KevtroGameplays has 20 seconds left.
|inactive|KevtroGameplays has 15 seconds left.
|inactive|KevtroGameplays has 10 seconds left.
|inactive|KevtroGameplays has 5 seconds left.
|inactive|cocoralladoquemado has 20 seconds left.
|
|t:|1756588354
|move|p2b: Basculegion|Wave Crash|p1a: Ursaluna
|-supereffective|p1a: Ursaluna
|-damage|p1a: Ursaluna|0 fnt
|faint|p1a: Ursaluna
|-damage|p2b: Basculegion|0 fnt|[from] Recoil
|faint|p2b: Basculegion
|move|p2a: Pelipper|Weather Ball|p1b: Incineroar
|-supereffective|p1b: Incineroar
|-damage|p1b: Incineroar|0 fnt
|faint|p1b: Incineroar
|
|win|cocoralladoquemado
|inactive|KevtroGameplays has 30 seconds to confirm battle start!
|inactive|cocoralladoquemado has 30 seconds to confirm battle start!
||KevtroGameplays is ready for game 2.
|inactive|cocoralladoquemado has 20 seconds to confirm battle start!
||cocoralladoquemado is ready for game 2.
|uhtml|next|Next: Game 2 of 3
|j| Dhrauren
|l| Dhrauren
|l| ponje
|l|☆KevtroGameplays
|player|p1|
|l| ZiriuX
|l| ramierdo
|l| geosts
