|j|☆belinvgc
|j|☆yizhongchang
|html|belinvgcyizhongchang    
|uhtml|bestof|Game 3 of a best-of-3
|t:|1785163364
|gametype|doubles
|player|p1|belinvgc|2|1191
|player|p2|yizhongchang|101|1271
|gen|9
|tier|[Gen 9 Champions] VGC 2026 Reg M-B (Bo3)
|rated|
|rule|Species Clause: Limit one of each Pokémon
|rule|Item Clause: Limit 1 of each item
|clearpoke
|poke|p1|Tyranitar, L50, M|
|poke|p1|Garchomp, L50, M|
|poke|p1|Gholdengo, L50|
|poke|p1|Milotic, L50, F|
|poke|p1|Sinistcha, L50|
|poke|p1|Staraptor, L50, F|
|poke|p2|Charizard, L50, M|
|poke|p2|Archaludon, L50, F|
|poke|p2|Politoed, L50, F|
|poke|p2|Basculegion, L50, M|
|poke|p2|Venusaur, L50, F|
|poke|p2|Aerodactyl, L50, F|
|teampreview|4
|showteam|p1|Tyranitar||Tyranitarite|SandStream|RockSlide,KnockOff,DragonDance,Protect|Jolly||M|||50|]Garchomp||LifeOrb|RoughSkin|DragonClaw,StompingTantrum,Earthquake,Protect|Jolly||M|||50|]Gholdengo||SitrusBerry|GoodasGold|MakeItRain,ShadowBall,NastyPlot,Protect|Modest|||||50|]Milotic||Leftovers|Competitive|Scald,IcyWind,Recover,Protect|Calm||F|||50|]Sinistcha||ColburBerry|Hospitality|MatchaGotcha,RagePowder,TrickRoom,Protect|Bold|||||50|]Staraptor||Staraptite|Intimidate|BraveBird,CloseCombat,Tailwind,Protect|Jolly||F|||50|
|showteam|p2|Charizard||CharizarditeY|Blaze|HeatWave,WeatherBall,SolarBeam,Protect|Modest||M|||50|]Archaludon||Leftovers|Stamina|FlashCannon,ElectroShot,DragonPulse,Protect|Calm||F|||50|]Politoed||SitrusBerry|Drizzle|WeatherBall,PerishSong,IcyWind,Protect|Bold||F|||50|]Basculegion||FocusSash|Adaptability|Liquidation,AquaJet,LastRespects,Protect|Jolly||M|||50|]Venusaur||LifeOrb|Chlorophyll|SludgeBomb,EarthPower,EnergyBall,Protect|Modest||F|||50|]Aerodactyl||Aerodactylite|Unnerve|RockSlide,DualWingbeat,Tailwind,Protect|Jolly||F|||50|
|
|t:|1785163403
|teamsize|p1|4
|teamsize|p2|4
|start
|switch|p1a: Gholdengo|Gholdengo, L50|100/100
|switch|p1b: Tyranitar|Tyranitar, L50, M|100/100
|switch|p2a: Basculegion|Basculegion, L50, M|100/100
|switch|p2b: Venusaur|Venusaur, L50, F|100/100
|-weather|Sandstorm|[from] ability: Sand Stream|[of] p1b: Tyranitar
|turn|1
|
|t:|1785163456
|detailschange|p1b: Tyranitar|Tyranitar-Mega, L50, M
|-mega|p1b: Tyranitar|Tyranitar|Tyranitarite
|move|p2a: Basculegion|Liquidation|p1b: Tyranitar
|-supereffective|p1b: Tyranitar|1
|-damage|p1b: Tyranitar|23/100
|move|p1b: Tyranitar|Rock Slide|p2a: Basculegion|[spread] p2a
|-miss|p1b: Tyranitar|p2b: Venusaur
|-damage|p2a: Basculegion|54/100
|move|p2b: Venusaur|Energy Ball|p1b: Tyranitar
|-supereffective|p1b: Tyranitar|1
|-damage|p1b: Tyranitar|0 fnt
|faint|p1b: Tyranitar
|-damage|p2b: Venusaur|90/100|[from] item: Life Orb
|move|p1a: Gholdengo|Make It Rain|p2a: Basculegion|[spread] p2a,p2b
|-resisted|p2a: Basculegion|1
|-damage|p2a: Basculegion|28/100
|-damage|p2b: Venusaur|33/100
|-unboost|p1a: Gholdengo|spa|2
|
|-weather|Sandstorm|[upkeep]
|-damage|p2a: Basculegion|22/100|[from] Sandstorm
|-damage|p2b: Venusaur|27/100|[from] Sandstorm
|upkeep
|
|t:|1785163467
|switch|p1b: Garchomp|Garchomp, L50, M|100/100
|turn|2
|
|t:|1785163495
|move|p2a: Basculegion|Protect|p2a: Basculegion
|-singleturn|p2a: Basculegion|Protect
|move|p2b: Venusaur|Protect|p2b: Venusaur
|-singleturn|p2b: Venusaur|Protect
|move|p1b: Garchomp|Dragon Claw|p2a: Basculegion
|-activate|p2a: Basculegion|move: Protect
|move|p1a: Gholdengo|Nasty Plot|p1a: Gholdengo
|-boost|p1a: Gholdengo|spa|2
|
|-weather|Sandstorm|[upkeep]
|-damage|p2a: Basculegion|15/100|[from] Sandstorm
|-damage|p2b: Venusaur|21/100|[from] Sandstorm
|upkeep
|turn|3
|
|t:|1785163548
|move|p1a: Gholdengo|Protect|p1a: Gholdengo
|-singleturn|p1a: Gholdengo|Protect
|move|p2a: Basculegion|Aqua Jet|p1a: Gholdengo
|-activate|p1a: Gholdengo|move: Protect
|move|p1b: Garchomp|Earthquake|p2b: Venusaur|[spread] p2a,p2b
|-activate|p1a: Gholdengo|move: Protect
|-damage|p2a: Basculegion|0 fnt
|-damage|p2b: Venusaur|0 fnt
|faint|p2a: Basculegion
|faint|p2b: Venusaur
|-damage|p1b: Garchomp|90/100|[from] item: Life Orb
|
|-weather|Sandstorm|[upkeep]
|upkeep
|
|t:|1785163551
|switch|p2a: Politoed|Politoed, L50, F|100/100
|switch|p2b: Archaludon|Archaludon, L50, F|100/100
|-weather|RainDance|[from] ability: Drizzle|[of] p2a: Politoed
|turn|4
|
|t:|1785163575
|switch|p1a: Sinistcha|Sinistcha, L50|100/100
|-heal|p1b: Garchomp|100/100|[from] ability: Hospitality|[of] p1a: Sinistcha
|move|p1b: Garchomp|Earthquake|p2b: Archaludon|[spread] p1a,p2a,p2b
|-resisted|p1a: Sinistcha|1
|-crit|p1a: Sinistcha
|-supereffective|p2b: Archaludon|1
|-damage|p1a: Sinistcha|77/100
|-damage|p2a: Politoed|61/100
|-damage|p2b: Archaludon|30/100
|-ability|p2b: Archaludon|Stamina|boost
|-boost|p2b: Archaludon|def|1
|-damage|p1b: Garchomp|90/100|[from] item: Life Orb
|move|p2b: Archaludon|Electro Shot||[still]
|-prepare|p2b: Archaludon|Electro Shot
|-boost|p2b: Archaludon|spa|1
|-anim|p2b: Archaludon|Electro Shot|p1a: Sinistcha
|-resisted|p1a: Sinistcha|1
|-damage|p1a: Sinistcha|44/100
|move|p2a: Politoed|Icy Wind|p1a: Sinistcha|[spread] p1a,p1b
|-supereffective|p1a: Sinistcha|1
|-supereffective|p1b: Garchomp|2
|-damage|p1a: Sinistcha|24/100
|-damage|p1b: Garchomp|55/100
|-unboost|p1a: Sinistcha|spe|1
|-unboost|p1b: Garchomp|spe|1
|
|-weather|RainDance|[upkeep]
|-heal|p2b: Archaludon|36/100|[from] item: Leftovers
|upkeep
|turn|5
|
|t:|1785163612
|move|p1a: Sinistcha|Protect|p1a: Sinistcha
|-singleturn|p1a: Sinistcha|Protect
|move|p2b: Archaludon|Dragon Pulse|p1a: Sinistcha
|-activate|p1a: Sinistcha|move: Protect
|move|p1b: Garchomp|Dragon Claw|p2a: Politoed
|-damage|p2a: Politoed|21/100
|-enditem|p2a: Politoed|Sitrus Berry|[eat]
|-heal|p2a: Politoed|46/100|[from] item: Sitrus Berry
|-damage|p1b: Garchomp|46/100|[from] item: Life Orb
|move|p2a: Politoed|Icy Wind|p1a: Sinistcha|[spread] p1b
|-activate|p1a: Sinistcha|move: Protect
|-supereffective|p1b: Garchomp|2
|-damage|p1b: Garchomp|11/100
|-unboost|p1b: Garchomp|spe|1
|
|-weather|RainDance|[upkeep]
|-heal|p2b: Archaludon|43/100|[from] item: Leftovers
|upkeep
|turn|6
|
|t:|1785163627
|switch|p1a: Gholdengo|Gholdengo, L50|100/100
|move|p2b: Archaludon|Dragon Pulse|p1a: Gholdengo
|-resisted|p1a: Gholdengo|1
|-damage|p1a: Gholdengo|71/100
|move|p2a: Politoed|Weather Ball|p1b: Garchomp
|-damage|p1b: Garchomp|0 fnt
|faint|p1b: Garchomp
|
|-weather|RainDance|[upkeep]
|-heal|p2b: Archaludon|49/100|[from] item: Leftovers
|upkeep
|
|t:|1785163641
|switch|p1b: Sinistcha|Sinistcha, L50|24/100
|-heal|p1a: Gholdengo|96/100|[from] ability: Hospitality|[of] p1b: Sinistcha
|turn|7
|
|t:|1785163661
|move|p1b: Sinistcha|Rage Powder|p1b: Sinistcha
|-singleturn|p1b: Sinistcha|move: Rage Powder
|move|p1a: Gholdengo|Nasty Plot|p1a: Gholdengo
|-boost|p1a: Gholdengo|spa|2
|move|p2b: Archaludon|Electro Shot||[still]
|-prepare|p2b: Archaludon|Electro Shot
|-boost|p2b: Archaludon|spa|1
|-anim|p2b: Archaludon|Electro Shot|p1b: Sinistcha
|-resisted|p1b: Sinistcha|1
|-damage|p1b: Sinistcha|0 fnt
|faint|p1b: Sinistcha
|move|p2a: Politoed|Icy Wind|p1a: Gholdengo
|-resisted|p1a: Gholdengo|1
|-damage|p1a: Gholdengo|90/100
|-unboost|p1a: Gholdengo|spe|1
|
|-weather|RainDance|[upkeep]
|-heal|p2b: Archaludon|55/100|[from] item: Leftovers
|upkeep
|turn|8
|
|t:|1785163677
|move|p1a: Gholdengo|Protect|p1a: Gholdengo
|-singleturn|p1a: Gholdengo|Protect
|move|p2b: Archaludon|Dragon Pulse|p1a: Gholdengo
|-activate|p1a: Gholdengo|move: Protect
|move|p2a: Politoed|Icy Wind|p1a: Gholdengo
|-activate|p1a: Gholdengo|move: Protect
|
|-weather|none
|-heal|p2b: Archaludon|61/100|[from] item: Leftovers
|upkeep
|turn|9
|
|t:|1785163695
|move|p2b: Archaludon|Dragon Pulse|p1a: Gholdengo
|-resisted|p1a: Gholdengo|1
|-damage|p1a: Gholdengo|54/100
|move|p2a: Politoed|Icy Wind|p1a: Gholdengo
|-resisted|p1a: Gholdengo|1
|-damage|p1a: Gholdengo|48/100
|-unboost|p1a: Gholdengo|spe|1
|-enditem|p1a: Gholdengo|Sitrus Berry|[eat]
|-heal|p1a: Gholdengo|73/100|[from] item: Sitrus Berry
|move|p1a: Gholdengo|Shadow Ball|p2b: Archaludon
|-damage|p2b: Archaludon|0 fnt
|faint|p2b: Archaludon
|
|upkeep
|turn|10
|c|☆belinvgc|Ggs
|-message|yizhongchang forfeited.
|
|win|belinvgc
|raw|belinvgc's rating: 1191 → 1222(+31 for winning)
|raw|yizhongchang's rating: 1271 → 1240(-31 for losing)
|l|☆belinvgc
|player|p1|
|l|☆yizhongchang
|player|p2|
|j|☆belinvgc
|player|p1|belinvgc|2|
