|j|☆loganisaiah
|j|☆natsukivgc
|html|loganisaiahnatsukivgc    
|uhtml|bestof|Game 1 of a best-of-3
|t:|1786039299
|gametype|doubles
|player|p1|loganisaiah|2|1197
|player|p2|natsukivgc|101|1219
|gen|9
|tier|[Gen 9 Champions] VGC 2026 Reg M-B (Bo3)
|rated|
|rule|Species Clause: Limit one of each Pokémon
|rule|Item Clause: Limit 1 of each item
|clearpoke
|poke|p1|Charizard, L50, F|
|poke|p1|Gholdengo, L50|
|poke|p1|Milotic, L50, F|
|poke|p1|Incineroar, L50, F|
|poke|p1|Floette-Eternal, L50, F|
|poke|p1|Aerodactyl, L50, F|
|poke|p2|Garchomp, L50, F|
|poke|p2|Venusaur, L50, F|
|poke|p2|Incineroar, L50, F|
|poke|p2|Charizard, L50, F|
|poke|p2|Toxapex, L50, M|
|poke|p2|Annihilape, L50, F|
|teampreview|4
|showteam|p1|Charizard||CharizarditeX|Blaze|DragonClaw,FlameCharge,SwordsDance,Protect|Jolly||F|||50|]Gholdengo||WhiteHerb|GoodasGold|MakeItRain,ShadowBall,FocusBlast,Protect|Modest|||||50|]Milotic||Leftovers|Competitive|Scald,IceBeam,Coil,Recover|Calm||F|||50|]Incineroar||ShucaBerry|Intimidate|ThroatChop,FlareBlitz,FakeOut,PartingShot|Careful||F|||50|]Floette-Eternal||Floettite|FlowerVeil|DazzlingGleam,DrainingKiss,CalmMind,Protect|Modest||F|||50|]Aerodactyl||FocusSash|Unnerve|Tailwind,RockSlide,IceFang,WideGuard|Serious||F|||50|
|showteam|p2|Garchomp||ChoiceScarf|RoughSkin|Earthquake,DragonClaw,StompingTantrum,RockSlide|Adamant||F|||50|]Venusaur||LifeOrb|Chlorophyll|SolarBeam,SludgeBomb,EarthPower,Protect|Modest||F|||50|]Incineroar||SitrusBerry|Intimidate|FlareBlitz,ThroatChop,FakeOut,PartingShot|Impish||F|||50|]Charizard||CharizarditeY|Blaze|HeatWave,WeatherBall,Protect,HelpingHand|Modest||F|||50|]Toxapex||Leftovers|Regenerator|Infestation,Toxic,WideGuard,BanefulBunker|Bold||M|||50|]Annihilape||FocusSash|Defiant|CloseCombat,PhantomForce,RockTomb,Protect|Jolly||F|||50|
|
|t:|1786039349
|teamsize|p1|4
|teamsize|p2|4
|start
|switch|p1a: Milotic|Milotic, L50, F|100/100
|switch|p1b: Aerodactyl|Aerodactyl, L50, F|100/100
|switch|p2a: Toxapex|Toxapex, L50, M|100/100
|switch|p2b: Charizard|Charizard, L50, F|100/100
|-ability|p1b: Aerodactyl|Unnerve
|turn|1
|
|t:|1786039395
|detailschange|p2b: Charizard|Charizard-Mega-Y, L50, F
|-mega|p2b: Charizard|Charizard|Charizardite Y
|-weather|SunnyDay|[from] ability: Drought|[of] p2b: Charizard
|move|p2b: Charizard|Protect|p2b: Charizard
|-singleturn|p2b: Charizard|Protect
|move|p1b: Aerodactyl|Tailwind|p1b: Aerodactyl
|-sidestart|p1: loganisaiah|move: Tailwind
|move|p1a: Milotic|Ice Beam|p2b: Charizard
|-activate|p2b: Charizard|move: Protect
|move|p2a: Toxapex|Toxic|p1a: Milotic
|-status|p1a: Milotic|tox
|
|-weather|SunnyDay|[upkeep]
|-damage|p1a: Milotic|94/100 tox|[from] psn
|upkeep
|turn|2
|
|t:|1786039426
|switch|p1a: Incineroar|Incineroar, L50, F|100/100
|-ability|p1a: Incineroar|Intimidate|boost
|-unboost|p2a: Toxapex|atk|1
|-unboost|p2b: Charizard|atk|1
|move|p2a: Toxapex|Wide Guard|p2a: Toxapex
|-singleturn|p2a: Toxapex|Wide Guard
|move|p1b: Aerodactyl|Rock Slide|p2a: Toxapex|[spread] 
|-activate|p2a: Toxapex|move: Wide Guard
|-activate|p2b: Charizard|move: Wide Guard
|move|p2b: Charizard|Heat Wave|p1a: Incineroar|[spread] p1a,p1b
|-resisted|p1a: Incineroar|1
|-resisted|p1b: Aerodactyl|1
|-damage|p1a: Incineroar|77/100
|-damage|p1b: Aerodactyl|57/100
|
|-weather|SunnyDay|[upkeep]
|upkeep
|turn|3
|
|t:|1786039454
|switch|p2b: Incineroar|Incineroar, L50, F|100/100
|-ability|p2b: Incineroar|Intimidate|boost
|-unboost|p1a: Incineroar|atk|1
|-unboost|p1b: Aerodactyl|atk|1
|move|p1b: Aerodactyl|Rock Slide|p2b: Incineroar|[spread] p2a,p2b
|-supereffective|p2b: Incineroar|1
|-damage|p2a: Toxapex|87/100
|-damage|p2b: Incineroar|75/100
|move|p1a: Incineroar|Throat Chop|p2a: Toxapex
|-damage|p2a: Toxapex|73/100
|-start|p2a: Toxapex|Throat Chop|[silent]
|cant|p2a: Toxapex|flinch
|
|-weather|SunnyDay|[upkeep]
|-heal|p2a: Toxapex|79/100|[from] item: Leftovers
|upkeep
|turn|4
|
|t:|1786039486
|move|p2b: Incineroar|Fake Out|p1a: Incineroar
|-damage|p1a: Incineroar|68/100
|move|p1b: Aerodactyl|Ice Fang|p2a: Toxapex
|-resisted|p2a: Toxapex|1
|-damage|p2a: Toxapex|75/100
|cant|p1a: Incineroar|flinch
|move|p2a: Toxapex|Infestation|p1b: Aerodactyl
|-resisted|p1b: Aerodactyl|1
|-damage|p1b: Aerodactyl|55/100
|-activate|p1b: Aerodactyl|move: Infestation|[of] p2a: Toxapex
|
|-weather|SunnyDay|[upkeep]
|-heal|p2a: Toxapex|80/100|[from] item: Leftovers
|-damage|p1b: Aerodactyl|43/100|[from] move: Infestation|[partiallytrapped]
|-end|p2a: Toxapex|Throat Chop|[silent]
|-sideend|p1: loganisaiah|move: Tailwind
|upkeep
|turn|5
|
|t:|1786039510
|move|p1b: Aerodactyl|Tailwind|p1b: Aerodactyl
|-sidestart|p1: loganisaiah|move: Tailwind
|move|p1a: Incineroar|Parting Shot|p2b: Incineroar
|-unboost|p2b: Incineroar|atk|1
|-unboost|p2b: Incineroar|spa|1
|
|t:|1786039516
|switch|p1a: Charizard|Charizard, L50, F|100/100|[from] Parting Shot
|move|p2b: Incineroar|Throat Chop|p1b: Aerodactyl
|-damage|p1b: Aerodactyl|7/100
|-start|p1b: Aerodactyl|Throat Chop|[silent]
|move|p2a: Toxapex|Toxic|p1a: Charizard
|-status|p1a: Charizard|tox
|
|-weather|none
|-heal|p2a: Toxapex|86/100|[from] item: Leftovers
|-damage|p1a: Charizard|94/100 tox|[from] psn
|-damage|p1b: Aerodactyl|0 fnt|[from] move: Infestation|[partiallytrapped]
|faint|p1b: Aerodactyl
|upkeep
|
|t:|1786039522
|switch|p1b: Incineroar|Incineroar, L50, F|68/100
|-ability|p1b: Incineroar|Intimidate|boost
|-unboost|p2a: Toxapex|atk|1
|-unboost|p2b: Incineroar|atk|1
|turn|6
|
|t:|1786039550
|detailschange|p1a: Charizard|Charizard-Mega-X, L50, F
|-mega|p1a: Charizard|Charizard|Charizardite X
|move|p1b: Incineroar|Fake Out|p2a: Toxapex
|-damage|p2a: Toxapex|79/100
|move|p1a: Charizard|Swords Dance|p1a: Charizard
|-boost|p1a: Charizard|atk|2
|move|p2b: Incineroar|Parting Shot|p1a: Charizard
|-unboost|p1a: Charizard|atk|1
|-unboost|p1a: Charizard|spa|1
|
|t:|1786039560
|switch|p2b: Charizard|Charizard-Mega-Y, L50, F|100/100|[from] Parting Shot
|-weather|SunnyDay|[from] ability: Drought|[of] p2b: Charizard
|cant|p2a: Toxapex|flinch
|
|-weather|SunnyDay|[upkeep]
|-heal|p2a: Toxapex|85/100|[from] item: Leftovers
|-damage|p1a: Charizard|82/100 tox|[from] psn
|upkeep
|turn|7
|
|t:|1786039586
|switch|p2b: Incineroar|Incineroar, L50, F|75/100
|-ability|p2b: Incineroar|Intimidate|boost
|-unboost|p1a: Charizard|atk|1
|-unboost|p1b: Incineroar|atk|1
|move|p1a: Charizard|Swords Dance|p1a: Charizard
|-boost|p1a: Charizard|atk|2
|move|p1b: Incineroar|Parting Shot|p2b: Incineroar
|-unboost|p2b: Incineroar|atk|1
|-unboost|p2b: Incineroar|spa|1
|
|t:|1786039594
|switch|p1b: Milotic|Milotic, L50, F|94/100 tox|[from] Parting Shot
|move|p2a: Toxapex|Infestation|p1a: Charizard
|-resisted|p1a: Charizard|1
|-damage|p1a: Charizard|80/100 tox
|-activate|p1a: Charizard|move: Infestation|[of] p2a: Toxapex
|
|-weather|SunnyDay|[upkeep]
|-heal|p1b: Milotic|100/100 tox|[from] item: Leftovers
|-heal|p2a: Toxapex|91/100|[from] item: Leftovers
|-damage|p1a: Charizard|62/100 tox|[from] psn
|-damage|p1b: Milotic|94/100 tox|[from] psn
|-damage|p1a: Charizard|50/100g tox|[from] move: Infestation|[partiallytrapped]
|upkeep
|turn|8
|
|t:|1786039609
|move|p2b: Incineroar|Fake Out|p1a: Charizard
|-damage|p1a: Charizard|43/100 tox
|cant|p1a: Charizard|flinch
|move|p1b: Milotic|Scald|p2a: Toxapex
|-resisted|p2a: Toxapex|1
|-damage|p2a: Toxapex|85/100
|move|p2a: Toxapex|Infestation|p1b: Milotic
|-damage|p1b: Milotic|92/100 tox
|-activate|p1b: Milotic|move: Infestation|[of] p2a: Toxapex
|
|-weather|SunnyDay|[upkeep]
|-heal|p1b: Milotic|98/100 tox|[from] item: Leftovers
|-heal|p2a: Toxapex|91/100|[from] item: Leftovers
|-damage|p1a: Charizard|20/100r tox|[from] psn
|-damage|p1b: Milotic|86/100 tox|[from] psn
|-damage|p1a: Charizard|7/100 tox|[from] move: Infestation|[partiallytrapped]
|-damage|p1b: Milotic|73/100 tox|[from] move: Infestation|[partiallytrapped]
|-sideend|p1: loganisaiah|move: Tailwind
|upkeep
|turn|9
|
|t:|1786039638
|move|p2a: Toxapex|Baneful Bunker|p2a: Toxapex
|-singleturn|p2a: Toxapex|move: Protect
|move|p1a: Charizard|Dragon Claw|p2a: Toxapex
|-activate|p2a: Toxapex|move: Protect
|move|p1b: Milotic|Scald|p2b: Incineroar
|-supereffective|p2b: Incineroar|1
|-damage|p2b: Incineroar|51/100
|move|p2b: Incineroar|Throat Chop|p1b: Milotic
|-damage|p1b: Milotic|51/100 tox
|-start|p1b: Milotic|Throat Chop|[silent]
|
|-weather|SunnyDay|[upkeep]
|-heal|p1b: Milotic|57/100 tox|[from] item: Leftovers
|-heal|p2a: Toxapex|96/100|[from] item: Leftovers
|-damage|p1a: Charizard|0 fnt|[from] psn
|faint|p1a: Charizard
|-damage|p1b: Milotic|39/100 tox|[from] psn
|-damage|p1b: Milotic|27/100 tox|[from] move: Infestation|[partiallytrapped]
|upkeep
|
|t:|1786039640
|switch|p1a: Incineroar|Incineroar, L50, F|68/100
|-ability|p1a: Incineroar|Intimidate|boost
|-unboost|p2a: Toxapex|atk|1
|-unboost|p2b: Incineroar|atk|1
|turn|10
|-message|loganisaiah forfeited.
|
|win|natsukivgc
