|j|☆HikariVT
|j|☆Avocadobabyyy
|html|HikariVTAvocadobabyyy    
|uhtml|bestof|Game 2 of a best-of-3
|t:|1757751423
|gametype|doubles
|player|p1|HikariVT|lillie-masters2|1166
|player|p2|Avocadobabyyy|dawn|1238
|gen|9
|tier|[Gen 9] VGC 2025 Reg H (Bo3)
|rated|
|rule|Species Clause: Limit one of each Pokémon
|rule|Item Clause: Limit 1 of each item
|clearpoke
|poke|p1|Weavile, L50, F|
|poke|p1|Jumpluff, L50, F|
|poke|p1|Torkoal, L50, F|
|poke|p1|Charizard, L50, F|
|poke|p1|Ursaluna, L50, F|
|poke|p1|Gengar, L50, M|
|poke|p2|Porygon2, L50|
|poke|p2|Sneasler, L50, F|
|poke|p2|Gholdengo, L50|
|poke|p2|Amoonguss, L50, M|
|poke|p2|Garchomp, L50, M|
|poke|p2|Incineroar, L50, F|
|teampreview|4
|showteam|p1|Weavile||WideLens|Pressure|FakeOut,TripleAxel,KnockOff,IcyWind|||F|||50|,,,,,Stellar]Jumpluff||CovertCloak|Chlorophyll|Encore,Tailwind,RagePowder,SunnyDay|||F|||50|,,,,,Poison]Torkoal||EjectPack|Drought|Overheat,Protect,HelpingHand,BodyPress|||F|||50|,,,,,Dragon]Charizard||ChoiceSpecs|SolarPower|HeatWave,SolarBeam,WeatherBall,BlastBurn|||F|||50|,,,,,Fire]Ursaluna||FlameOrb|Guts|Earthquake,Facade,Protect,HeadlongRush|||F|||50|,,,,,Ghost]Gengar||FocusSash|CursedBody|Haze,ShadowBall,SludgeBomb,Protect|||M|||50|,,,,,Fairy
|showteam|p2|Porygon2||Eviolite|Download|TeraBlast,IceBeam,Recover,TrickRoom||||||50|,,,,,Ground]Sneasler||FocusSash|PoisonTouch|CloseCombat,DireClaw,Coaching,Protect|||F|||50|,,,,,Flying]Gholdengo||LifeOrb|GoodasGold|MakeItRain,ShadowBall,NastyPlot,Protect||||||50|,,,,,Water]Amoonguss||SitrusBerry|Regenerator|PollenPuff,Spore,RagePowder,Protect|||M|||50|,,,,,Fairy]Garchomp||ClearAmulet|RoughSkin|Earthquake,StompingTantrum,DragonClaw,Protect|||M|||50|,,,,,Fire]Incineroar||SafetyGoggles|Intimidate|FlareBlitz,KnockOff,FakeOut,PartingShot|||F|||50|,,,,,Ghost
|inactive|Battle timer is ON: inactive players will automatically lose when time's up. (requested by HikariVT)
|
|t:|1757751437
|teamsize|p1|4
|teamsize|p2|4
|start
|switch|p1a: Torkoal|Torkoal, L50, F|100/100
|switch|p1b: Weavile|Weavile, L50, F|100/100
|switch|p2a: Garchomp|Garchomp, L50, M|100/100
|switch|p2b: Incineroar|Incineroar, L50, F|100/100
|-ability|p1b: Weavile|Pressure
|-ability|p2b: Incineroar|Intimidate|boost
|-unboost|p1a: Torkoal|atk|1
|-unboost|p1b: Weavile|atk|1
|-weather|SunnyDay|[from] ability: Drought|[of] p1a: Torkoal
|-enditem|p1a: Torkoal|Eject Pack
|
|t:|1757751458
|switch|p1a: Ursaluna|Ursaluna, L50, F|100/100
|turn|1
|inactive|HikariVT has 30 seconds left.
|inactive|Avocadobabyyy has 30 seconds left.
|
|t:|1757751485
|switch|p1b: Charizard|Charizard, L50, F|100/100
|switch|p2a: Porygon2|Porygon2, L50|100/100
|-ability|p2a: Porygon2|Download|boost
|-boost|p2a: Porygon2|spa|1
|-terastallize|p1a: Ursaluna|Ghost
|-terastallize|p2b: Incineroar|Ghost
|move|p1a: Ursaluna|Earthquake|p2a: Porygon2|[spread] p2a,p2b
|-immune|p1b: Charizard
|-damage|p2a: Porygon2|71/100
|-damage|p2b: Incineroar|63/100
|move|p2b: Incineroar|Knock Off|p1a: Ursaluna
|-supereffective|p1a: Ursaluna
|-damage|p1a: Ursaluna|34/100
|-enditem|p1a: Ursaluna|Flame Orb|[from] move: Knock Off|[of] p2b: Incineroar
|
|-weather|SunnyDay|[upkeep]
|-damage|p1b: Charizard|88/100|[from] ability: Solar Power|[of] p1b: Charizard
|upkeep
|turn|2
|inactive|Avocadobabyyy has 30 seconds left.
|
|t:|1757751516
|switch|p2b: Garchomp|Garchomp, L50, M|100/100
|move|p1b: Charizard|Heat Wave|p2a: Porygon2|[spread] p2a,p2b
|-crit|p2a: Porygon2
|-resisted|p2b: Garchomp
|-damage|p2a: Porygon2|0 fnt
|-damage|p2b: Garchomp|31/100
|-status|p2b: Garchomp|brn
|faint|p2a: Porygon2
|move|p1a: Ursaluna|Earthquake|p2b: Garchomp|[spread] p2b
|-immune|p1b: Charizard
|-damage|p2b: Garchomp|0 fnt
|faint|p2b: Garchomp
|
|-weather|SunnyDay|[upkeep]
|-damage|p1b: Charizard|76/100|[from] ability: Solar Power|[of] p1b: Charizard
|upkeep
|
|t:|1757751529
|switch|p2b: Incineroar|Incineroar, L50, F, tera:Ghost|63/100
|switch|p2a: Sneasler|Sneasler, L50, F|100/100
|-ability|p2b: Incineroar|Intimidate|boost
|-unboost|p1a: Ursaluna|atk|1
|-unboost|p1b: Charizard|atk|1
|turn|3
|
|t:|1757751541
|switch|p1b: Torkoal|Torkoal, L50, F|100/100
|move|p2b: Incineroar|Fake Out|p1b: Torkoal
|-damage|p1b: Torkoal|91/100
|move|p2a: Sneasler|Dire Claw|p1b: Torkoal
|-damage|p1b: Torkoal|60/100
|-status|p1b: Torkoal|slp
|move|p1a: Ursaluna|Headlong Rush|p2a: Sneasler
|-supereffective|p2a: Sneasler
|-enditem|p2a: Sneasler|Focus Sash
|-damage|p2a: Sneasler|1/100
|-unboost|p1a: Ursaluna|def|1
|-unboost|p1a: Ursaluna|spd|1
|
|-weather|SunnyDay|[upkeep]
|upkeep
|turn|4
|inactive|Avocadobabyyy has 30 seconds left.
|inactive|Avocadobabyyy has 20 seconds left.
|inactive|Avocadobabyyy has 15 seconds left.
|
|t:|1757751583
|move|p2a: Sneasler|Close Combat|p1b: Torkoal
|-damage|p1b: Torkoal|16/100 slp
|-unboost|p2a: Sneasler|def|1
|-unboost|p2a: Sneasler|spd|1
|move|p1a: Ursaluna|Earthquake|p2b: Incineroar|[spread] p1b,p2a,p2b
|-supereffective|p1b: Torkoal
|-crit|p1b: Torkoal
|-supereffective|p2a: Sneasler
|-damage|p1b: Torkoal|0 fnt
|-damage|p2a: Sneasler|0 fnt
|-damage|p2b: Incineroar|34/100
|faint|p1b: Torkoal
|faint|p2a: Sneasler
|move|p2b: Incineroar|Knock Off|p1a: Ursaluna
|-supereffective|p1a: Ursaluna
|-damage|p1a: Ursaluna|0 fnt
|faint|p1a: Ursaluna
|
|-weather|SunnyDay|[upkeep]
|upkeep
|
|t:|1757751590
|switch|p1a: Charizard|Charizard, L50, F|76/100
|switch|p1b: Weavile|Weavile, L50, F|100/100
|-ability|p1b: Weavile|Pressure
|turn|5
|
|t:|1757751601
|move|p1b: Weavile|Knock Off|p2b: Incineroar
|-supereffective|p2b: Incineroar
|-damage|p2b: Incineroar|0 fnt
|-enditem|p2b: Incineroar|Safety Goggles|[from] move: Knock Off|[of] p1b: Weavile
|faint|p2b: Incineroar
|
|win|HikariVT
||HikariVT is ready for game 3.
||Avocadobabyyy is ready for game 3.
|uhtml|next|Next: Game 3 of 3
|l|☆HikariVT
|player|p1|
