|j|☆Centiskorch18
|j|☆Plopy14
|html|Centiskorch18Plopy14    
|uhtml|bestof|Game 2 of a best-of-3
|t:|1785985761
|gametype|doubles
|player|p1|Centiskorch18|caitlin|1268
|player|p2|Plopy14|bugcatcher|1264
|gen|9
|tier|[Gen 9 Champions] VGC 2026 Reg M-B (Bo3)
|rated|
|rule|Species Clause: Limit one of each Pokémon
|rule|Item Clause: Limit 1 of each item
|clearpoke
|poke|p1|Staraptor, L50, M|
|poke|p1|Venusaur, L50, F|
|poke|p1|Garchomp, L50, M|
|poke|p1|Gholdengo, L50|
|poke|p1|Ninetales-Alola, L50, F|
|poke|p1|Incineroar, L50, F|
|poke|p2|Floette-Eternal, L50, F|
|poke|p2|Incineroar, L50, F|
|poke|p2|Sneasler, L50, M|
|poke|p2|Kingambit, L50, F|
|poke|p2|Sinistcha, L50|
|poke|p2|Delphox, L50, M|
|teampreview|4
|showteam|p1|Staraptor||Staraptite|Intimidate|CloseCombat,DualWingbeat,Tailwind,Protect|Jolly||M|||50|]Venusaur||Venusaurite|Overgrow|GigaDrain,SludgeBomb,EarthPower,Protect|Modest||F|||50|]Garchomp||ChoiceScarf|SandVeil|Earthquake,DragonClaw,StompingTantrum,RockSlide|Adamant||M|||50|]Gholdengo||LifeOrb|GoodasGold|MakeItRain,ShadowBall,NastyPlot,Protect|Modest|||||50|]Ninetales-Alola||NeverMeltIce|SnowWarning|FreezeDry,Blizzard,Encore,Protect|Timid||F|||50|]Incineroar||SitrusBerry|Intimidate|FlareBlitz,ThroatChop,FakeOut,PartingShot|Careful||F|||50|
|showteam|p2|Floette-Eternal||Floettite|FlowerVeil|Moonblast,DazzlingGleam,CalmMind,Protect|Modest||F|||50|]Incineroar||SitrusBerry|Intimidate|FakeOut,FlareBlitz,HelpingHand,PartingShot|Careful||F|||50|]Sneasler||FocusSash|PoisonTouch|FakeOut,PoisonJab,CloseCombat,QuickGuard|Jolly||M|||50|]Kingambit||BlackGlasses|Defiant|KowtowCleave,SuckerPunch,SwordsDance,Protect|Adamant||F|||50|]Sinistcha||OccaBerry|Hospitality|MatchaGotcha,RagePowder,TrickRoom,Protect|Bold|||||50|]Delphox||Delphoxite|Blaze|HeatWave,Psyshock,NastyPlot,Protect|Timid||M|||50|
|inactive|Battle timer is ON: inactive players will automatically lose when time's up. (requested by Centiskorch18)
|c|☆Centiskorch18|glhf
|inactive|Centiskorch18 has 60 seconds left.
|inactive|Plopy14 has 60 seconds left.
|inactive|Plopy14 has 30 seconds left.
|
|t:|1785985825
|teamsize|p1|4
|teamsize|p2|4
|start
|switch|p1a: Gholdengo|Gholdengo, L50|100/100
|switch|p1b: Incineroar|Incineroar, L50, F|100/100
|switch|p2a: Delphox|Delphox, L50, M|100/100
|switch|p2b: Incineroar|Incineroar, L50, F|100/100
|-ability|p2b: Incineroar|Intimidate|boost
|-unboost|p1a: Gholdengo|atk|1
|-unboost|p1b: Incineroar|atk|1
|-ability|p1b: Incineroar|Intimidate|boost
|-unboost|p2a: Delphox|atk|1
|-unboost|p2b: Incineroar|atk|1
|turn|1
|inactive|Plopy14 has 30 seconds left.
|
|t:|1785985852
|detailschange|p2a: Delphox|Delphox-Mega, L50, M
|-mega|p2a: Delphox|Delphox|Delphoxite
|move|p2b: Incineroar|Helping Hand|p2a: Delphox
|-singleturn|p2a: Delphox|Helping Hand|[of] p2b: Incineroar
|move|p1b: Incineroar|Fake Out|p2b: Incineroar
|-damage|p2b: Incineroar|92/100
|move|p2a: Delphox|Heat Wave|p1b: Incineroar|[spread] p1a,p1b
|-supereffective|p1a: Gholdengo|1
|-resisted|p1b: Incineroar|1
|-damage|p1a: Gholdengo|7/100
|-damage|p1b: Incineroar|79/100
|move|p1a: Gholdengo|Shadow Ball|p2a: Delphox
|-supereffective|p2a: Delphox|1
|-damage|p2a: Delphox|19/100
|-damage|p1a: Gholdengo|0 fnt|[from] item: Life Orb
|faint|p1a: Gholdengo
|
|upkeep
|
|t:|1785985858
|switch|p1a: Staraptor|Staraptor, L50, M|100/100
|-ability|p1a: Staraptor|Intimidate|boost
|-unboost|p2a: Delphox|atk|1
|-unboost|p2b: Incineroar|atk|1
|turn|2
|
|t:|1785985878
|move|p2a: Delphox|Psyshock|p1a: Staraptor
|-damage|p1a: Staraptor|51/100
|move|p1a: Staraptor|Tailwind|p1a: Staraptor
|-sidestart|p1: Centiskorch18|move: Tailwind
|move|p1b: Incineroar|Parting Shot|p2b: Incineroar
|-unboost|p2b: Incineroar|atk|1
|-unboost|p2b: Incineroar|spa|1
|
|t:|1785985882
|switch|p1b: Garchomp|Garchomp, L50, M|100/100|[from] Parting Shot
|move|p2b: Incineroar|Parting Shot|p1b: Garchomp
|-unboost|p1b: Garchomp|atk|1
|-unboost|p1b: Garchomp|spa|1
|
|t:|1785985886
|switch|p2b: Sinistcha|Sinistcha, L50|100/100|[from] Parting Shot
|-heal|p2a: Delphox|43/100|[from] ability: Hospitality|[of] p2b: Sinistcha
|
|upkeep
|turn|3
|
|t:|1785985903
|switch|p1a: Incineroar|Incineroar, L50, F|79/100
|-ability|p1a: Incineroar|Intimidate|boost
|-unboost|p2a: Delphox|atk|1
|-unboost|p2b: Sinistcha|atk|1
|switch|p2a: Incineroar|Incineroar, L50, F|92/100
|-ability|p2a: Incineroar|Intimidate|boost
|-unboost|p1a: Incineroar|atk|1
|-unboost|p1b: Garchomp|atk|1
|move|p2b: Sinistcha|Protect|p2b: Sinistcha
|-singleturn|p2b: Sinistcha|Protect
|move|p1b: Garchomp|Rock Slide|p2b: Sinistcha|[spread] p2a
|-activate|p2b: Sinistcha|move: Protect
|-supereffective|p2a: Incineroar|1
|-damage|p2a: Incineroar|70/100
|
|upkeep
|turn|4
|
|t:|1785985912
|switch|p1b: Staraptor|Staraptor, L50, M|51/100
|-ability|p1b: Staraptor|Intimidate|boost
|-unboost|p2a: Incineroar|atk|1
|-unboost|p2b: Sinistcha|atk|1
|move|p1a: Incineroar|Fake Out|p2a: Incineroar
|-damage|p2a: Incineroar|64/100
|cant|p2a: Incineroar|flinch
|move|p2b: Sinistcha|Matcha Gotcha|p1b: Staraptor|[spread] p1a,p1b
|-resisted|p1a: Incineroar|1
|-resisted|p1b: Staraptor|1
|-damage|p1a: Incineroar|70/100
|-damage|p1b: Staraptor|35/100
|
|upkeep
|turn|5
|
|t:|1785985932
|detailschange|p1b: Staraptor|Staraptor-Mega, L50, M
|-mega|p1b: Staraptor|Staraptor|Staraptite
|move|p2b: Sinistcha|Rage Powder|p2b: Sinistcha
|-singleturn|p2b: Sinistcha|move: Rage Powder
|move|p1b: Staraptor|Dual Wingbeat|p2b: Sinistcha
|-supereffective|p2b: Sinistcha|1
|-damage|p2b: Sinistcha|71/100
|-supereffective|p2b: Sinistcha|1
|-damage|p2b: Sinistcha|40/100
|-hitcount|p2b: Sinistcha|2
|move|p1a: Incineroar|Parting Shot|p2b: Sinistcha
|-unboost|p2b: Sinistcha|atk|1
|-unboost|p2b: Sinistcha|spa|1
|
|t:|1785985937
|switch|p1a: Garchomp|Garchomp, L50, M|100/100|[from] Parting Shot
|move|p2a: Incineroar|Parting Shot|p1a: Garchomp
|-unboost|p1a: Garchomp|atk|1
|-unboost|p1a: Garchomp|spa|1
|
|t:|1785985947
|switch|p2a: Delphox|Delphox-Mega, L50, M|43/100|[from] Parting Shot
|
|-sideend|p1: Centiskorch18|move: Tailwind
|upkeep
|turn|6
|
|t:|1785985971
|switch|p1b: Incineroar|Incineroar, L50, F|70/100
|-ability|p1b: Incineroar|Intimidate|boost
|-unboost|p2a: Delphox|atk|1
|-unboost|p2b: Sinistcha|atk|1
|switch|p2b: Incineroar|Incineroar, L50, F|64/100
|-ability|p2b: Incineroar|Intimidate|boost
|-unboost|p1a: Garchomp|atk|1
|-unboost|p1b: Incineroar|atk|1
|move|p1a: Garchomp|Rock Slide|p2a: Delphox|[spread] p2a,p2b
|-supereffective|p2a: Delphox|1
|-supereffective|p2b: Incineroar|1
|-crit|p2b: Incineroar
|-damage|p2a: Delphox|18/100
|-damage|p2b: Incineroar|0 fnt
|faint|p2b: Incineroar
|move|p2a: Delphox|Psyshock|p1b: Incineroar
|-immune|p1b: Incineroar
|
|upkeep
|
|t:|1785985978
|switch|p2b: Sinistcha|Sinistcha, L50|40/100
|-heal|p2a: Delphox|43/100|[from] ability: Hospitality|[of] p2b: Sinistcha
|turn|7
|
|t:|1785985988
|switch|p1a: Staraptor|Staraptor-Mega, L50, M|35/100
|switch|p2a: Sneasler|Sneasler, L50, M|100/100
|move|p2b: Sinistcha|Protect|p2b: Sinistcha
|-singleturn|p2b: Sinistcha|Protect
|move|p1b: Incineroar|Fake Out|p2a: Sneasler
|-damage|p2a: Sneasler|87/100
|
|upkeep
|turn|8
|
|t:|1785986008
|switch|p2b: Delphox|Delphox-Mega, L50, M|43/100
|move|p2a: Sneasler|Poison Jab|p1a: Staraptor
|-damage|p1a: Staraptor|0 fnt
|faint|p1a: Staraptor
|move|p1b: Incineroar|Parting Shot|p2b: Delphox
|-unboost|p2b: Delphox|atk|1
|-unboost|p2b: Delphox|spa|1
|
|t:|1785986013
|switch|p1b: Garchomp|Garchomp, L50, M|100/100|[from] Parting Shot
|
|upkeep
|
|t:|1785986014
|switch|p1a: Incineroar|Incineroar, L50, F|70/100
|-ability|p1a: Incineroar|Intimidate|boost
|-unboost|p2a: Sneasler|atk|1
|-unboost|p2b: Delphox|atk|1
|turn|9
|j| Tindall64
|
|t:|1785986041
|switch|p2a: Sinistcha|Sinistcha, L50|40/100
|-heal|p2b: Delphox|68/100|[from] ability: Hospitality|[of] p2a: Sinistcha
|move|p2b: Delphox|Protect|p2b: Delphox
|-singleturn|p2b: Delphox|Protect
|move|p1b: Garchomp|Stomping Tantrum|p2a: Sinistcha
|-resisted|p2a: Sinistcha|1
|-damage|p2a: Sinistcha|23/100
|move|p1a: Incineroar|Throat Chop|p2b: Delphox
|-activate|p2b: Delphox|move: Protect
|
|upkeep
|turn|10
|
|t:|1785986059
|switch|p2b: Sneasler|Sneasler, L50, M|87/100
|move|p2a: Sinistcha|Protect|p2a: Sinistcha
|-singleturn|p2a: Sinistcha|Protect
|move|p1b: Garchomp|Stomping Tantrum|p2a: Sinistcha
|-activate|p2a: Sinistcha|move: Protect
|move|p1a: Incineroar|Throat Chop|p2b: Sneasler
|-resisted|p2b: Sneasler|1
|-damage|p2b: Sneasler|60/100
|-start|p2b: Sneasler|Throat Chop|[silent]
|
|upkeep
|turn|11
|
|t:|1785986072
|move|p2a: Sinistcha|Rage Powder|p2a: Sinistcha
|-singleturn|p2a: Sinistcha|move: Rage Powder
|move|p1b: Garchomp|Stomping Tantrum|p2a: Sinistcha
|-resisted|p2a: Sinistcha|1
|-damage|p2a: Sinistcha|6/100
|move|p2b: Sneasler|Close Combat|p1a: Incineroar
|-supereffective|p1a: Incineroar|1
|-damage|p1a: Incineroar|0 fnt
|-unboost|p2b: Sneasler|def|1
|-unboost|p2b: Sneasler|spd|1
|faint|p1a: Incineroar
|
|-end|p2b: Sneasler|Throat Chop|[silent]
|upkeep
|turn|12
|-message|Centiskorch18 forfeited.
|
|win|Plopy14
|raw|Centiskorch18's rating: 1268 → 1243(-25 for losing)
|raw|Plopy14's rating: 1264 → 1289(+25 for winning)
