|j|☆nztala
|j|☆Unpacking fire
|html|nztalaUnpacking fire    
|uhtml|bestof|Game 1 of a best-of-3
|t:|1785765130
|gametype|doubles
|player|p1|nztala|266|1065
|player|p2|Unpacking fire|scientist-gen4|1000
|gen|9
|tier|[Gen 9 Champions] VGC 2026 Reg M-B (Bo3)
|rated|
|rule|Species Clause: Limit one of each Pokémon
|rule|Item Clause: Limit 1 of each item
|clearpoke
|poke|p1|Clefable, L50, F|
|poke|p1|Whimsicott, L50, F|
|poke|p1|Charizard, L50, M|
|poke|p1|Sinistcha, L50|
|poke|p1|Raichu, L50, M|
|poke|p1|Swampert, L50, M|
|poke|p2|Eelektross, L50, M|
|poke|p2|Rotom-Wash, L50, shiny|
|poke|p2|Ditto, L50, shiny|
|poke|p2|Camerupt, L50, M|
|poke|p2|Gengar, L50, M|
|poke|p2|Meowscarada, L50, M|
|teampreview|4
|showteam|p1|Clefable||Leftovers|Unaware|Moonblast,FollowMe,HealPulse,LightScreen|Lax||F|||50|]Whimsicott||FocusSash|Chlorophyll|Moonblast,Tailwind,Encore,Protect|Modest||F|||50|]Charizard||CharizarditeY|Blaze|Flamethrower,SolarBeam,DragonPulse,Protect|Timid||M|||50|]Sinistcha||FocusBand|Hospitality|MatchaGotcha,StrengthSap,RagePowder,PainSplit|Modest|||||50|]Raichu||RaichuniteY|LightningRod|Discharge,VoltSwitch,AlluringVoice,Substitute|Timid||M|||50|]Swampert||Swampertite|Damp|Earthquake,Liquidation,IcePunch,SludgeBomb|Rash||M|||50|
|showteam|p2|Eelektross||Eelektrossite|Levitate|Flamethrower,GigaDrain,Thunder,Waterfall|Hasty||M|||50|]Rotom-Wash||Magnet|Levitate|Thunderbolt,WillOWisp,HydroPump,Protect|Serious|||||50|]Ditto||FocusSash|Imposter|Transform|Serious|||||50|]Camerupt||Cameruptite|AngerPoint|Eruption,Yawn,Earthquake,FlashCannon|Jolly||M|||50|]Gengar||Leftovers|CursedBody|DestinyBond,GunkShot,Poltergeist,Protect|Serious||M|||50|]Meowscarada||ExpertBelt|Protean|EnergyBall,AuraSphere,FlowerTrick,KnockOff|Serious||M|||50|
|inactive|Battle timer is ON: inactive players will automatically lose when time's up. (requested by Unpacking fire)
|
|t:|1785765156
|teamsize|p1|4
|teamsize|p2|4
|start
|switch|p1a: Clefable|Clefable, L50, F|100/100
|switch|p1b: Whimsicott|Whimsicott, L50, F|100/100
|switch|p2a: Ditto|Ditto, L50, shiny|100/100
|switch|p2b: Meowscarada|Meowscarada, L50, M|100/100
|-transform|p2a: Ditto|p1b: Whimsicott|[from] ability: Imposter
|turn|1
|
|t:|1785765181
|move|p2a: Ditto|Moonblast|p1a: Clefable
|-damage|p1a: Clefable|65/100
|-unboost|p1a: Clefable|spa|1
|move|p1b: Whimsicott|Tailwind|p1b: Whimsicott
|-sidestart|p1: nztala|move: Tailwind
|move|p1a: Clefable|Light Screen|p1a: Clefable
|-sidestart|p1: nztala|move: Light Screen
|move|p2b: Meowscarada|Flower Trick|p1a: Clefable
|-start|p2b: Meowscarada|typechange|Grass|[from] ability: Protean
|-crit|p1a: Clefable
|-damage|p1a: Clefable|31/100
|
|-heal|p1a: Clefable|37/100|[from] item: Leftovers
|upkeep
|turn|2
|inactive|nztala has 30 seconds left.
|inactive|nztala has 20 seconds left.
|
|t:|1785765217
|switch|p1b: Swampert|Swampert, L50, M|100/100
|move|p2a: Ditto|Moonblast|p1b: Swampert
|-damage|p1b: Swampert|68/100
|move|p1a: Clefable|Moonblast|p2b: Meowscarada
|-damage|p2b: Meowscarada|74/100
|move|p2b: Meowscarada|Knock Off|p1b: Swampert
|-damage|p1b: Swampert|49/100
|
|-heal|p1a: Clefable|43/100|[from] item: Leftovers
|upkeep
|turn|3
|
|t:|1785765236
|detailschange|p1b: Swampert|Swampert-Mega, L50, M
|-mega|p1b: Swampert|Swampert|Swampertite
|move|p1a: Clefable|Follow Me|p1a: Clefable
|-singleturn|p1a: Clefable|move: Follow Me
|move|p1b: Swampert|Earthquake|p2b: Meowscarada|[spread] p1a,p2a,p2b
|-resisted|p2a: Ditto|1
|-crit|p2a: Ditto
|-resisted|p2b: Meowscarada|1
|-damage|p1a: Clefable|1/100
|-damage|p2a: Ditto|50/100g
|-damage|p2b: Meowscarada|47/100
|move|p2a: Ditto|Moonblast|p1a: Clefable
|-damage|p1a: Clefable|0 fnt
|faint|p1a: Clefable
|move|p2b: Meowscarada|Flower Trick|p1b: Swampert
|-supereffective|p1b: Swampert|2
|-crit|p1b: Swampert
|-damage|p1b: Swampert|0 fnt
|faint|p1b: Swampert
|
|upkeep
|
|t:|1785765257
|switch|p1b: Whimsicott|Whimsicott, L50, F|100/100
|switch|p1a: Sinistcha|Sinistcha, L50|100/100
|turn|4
|
|t:|1785765271
|move|p1b: Whimsicott|Tailwind||[still]
|-fail|p1b: Whimsicott
|move|p1a: Sinistcha|Strength Sap|p2b: Meowscarada
|-unboost|p2b: Meowscarada|atk|1
|move|p2a: Ditto|Moonblast|p1a: Sinistcha
|-damage|p1a: Sinistcha|60/100
|-unboost|p1a: Sinistcha|spa|1
|move|p2b: Meowscarada|Knock Off|p1a: Sinistcha
|-supereffective|p1a: Sinistcha|1
|-damage|p1a: Sinistcha|23/100
|-enditem|p1a: Sinistcha|Focus Band|[from] move: Knock Off|[of] p2b: Meowscarada
|
|-sideend|p1: nztala|move: Tailwind
|upkeep
|turn|5
|inactive|nztala has 30 seconds left.
|
|t:|1785765299
|move|p1b: Whimsicott|Moonblast|p2a: Ditto
|-damage|p2a: Ditto|0 fnt
|faint|p2a: Ditto
|move|p2b: Meowscarada|Flower Trick|p1b: Whimsicott
|-resisted|p1b: Whimsicott|1
|-crit|p1b: Whimsicott
|-damage|p1b: Whimsicott|69/100
|move|p1a: Sinistcha|Pain Split|p2b: Meowscarada
|-sethp|p2b: Meowscarada|33/100|[from] move: Pain Split|[silent]
|-sethp|p1a: Sinistcha|38/100|[from] move: Pain Split
|
|-sideend|p1: nztala|move: Light Screen
|upkeep
|
|t:|1785765312
|switch|p2a: Camerupt|Camerupt, L50, M|100/100
|turn|6
|
|t:|1785765325
|move|p1b: Whimsicott|Moonblast|p2b: Meowscarada
|-damage|p2b: Meowscarada|0 fnt
|faint|p2b: Meowscarada
|move|p2a: Camerupt|Eruption|p1b: Whimsicott|[spread] p1a,p1b
|-supereffective|p1a: Sinistcha|1
|-supereffective|p1b: Whimsicott|1
|-damage|p1a: Sinistcha|0 fnt
|-damage|p1b: Whimsicott|0 fnt
|faint|p1a: Sinistcha
|faint|p1b: Whimsicott
|
|win|Unpacking fire
|inactive|nztala has 30 seconds to confirm battle start!
|inactive|Unpacking fire has 30 seconds to confirm battle start!
||Unpacking fire is ready for game 2.
|inactive|nztala has 20 seconds to confirm battle start!
|l|☆nztala
|player|p1|
|raw|nztala's rating: 1065 → 1042(-23 for losing)
|raw|Unpacking fire's rating: 1000 → 1047(+47 for winning)
