|j|☆JohnDandy
|j|☆AliexVGC
|html|JohnDandyAliexVGC    
|uhtml|bestof|Game 2 of a best-of-3
|t:|1782253485
|gametype|doubles
|player|p1|JohnDandy|veteran|1040
|player|p2|AliexVGC|hilbert-wonderlauncher|1000
|gen|9
|tier|[Gen 9 Champions] VGC 2026 Reg M-B (Bo3)
|rated|
|rule|Species Clause: Limit one of each Pokémon
|rule|Item Clause: Limit 1 of each item
|clearpoke
|poke|p1|Basculegion, L50, M|
|poke|p1|Golurk, L50|
|poke|p1|Gardevoir, L50, F, shiny|
|poke|p1|Zoroark-Hisui, L50, F|
|poke|p1|Goodra-Hisui, L50, F, shiny|
|poke|p1|Maushold-Four, L50|
|poke|p2|Charizard, L50, M|
|poke|p2|Aerodactyl, L50, M|
|poke|p2|Garchomp, L50, M|
|poke|p2|Sylveon, L50, F|
|poke|p2|Farigiraf, L50, F|
|poke|p2|Kingambit, L50, F|
|teampreview|4
|showteam|p1|Basculegion||Leftovers|Adaptability|AquaJet,PhantomForce,WaveCrash,IceFang|Adamant||M|||50|]Golurk||ColburBerry|IronFist|StealthRock,Earthquake,IcePunch,ShadowPunch|Adamant|||||50|]Gardevoir||Gardevoirite|Synchronize|Protect,ShadowBall,HyperVoice,CalmMind|Timid||F|||50|]Zoroark-Hisui||Metronome|Illusion|HyperVoice,Protect,ShadowBall,Flamethrower|Timid||F|||50|]Goodra-Hisui||ChopleBerry|SapSipper|DragonPulse,Surf,Thunderbolt,SludgeBomb|Modest||F|||50|]Maushold-Four||WideLens|FriendGuard|PopulationBomb,FollowMe,HelpingHand,Bite|Jolly|||||50|
|showteam|p2|Charizard||CharizarditeY|Blaze|Protect,HeatWave,WeatherBall,SolarBeam|Modest||M|||50|]Aerodactyl||Aerodactylite|RockHead|RockSlide,DualWingbeat,Tailwind,IceFang|Jolly||M|||50|]Garchomp||LifeOrb|RoughSkin|Earthquake,StompingTantrum,DragonClaw,Protect|Adamant||M|||50|]Sylveon||FairyFeather|Pixilate|HyperVoice,QuickAttack,HyperBeam,Detect|Modest||F|||50|]Farigiraf||SitrusBerry|ArmorTail|TwinBeam,Thunderbolt,Roar,TrickRoom|Quiet||F|||50|]Kingambit||FocusSash|Defiant|KowtowCleave,IronHead,SuckerPunch,LowKick|Docile||F|||50|
|inactive|Battle timer is ON: inactive players will automatically lose when time's up. (requested by AliexVGC)
|
|t:|1782253508
|teamsize|p1|4
|teamsize|p2|4
|start
|switch|p1a: Tatsumaki|Gardevoir, L50, F, shiny|100/100
|switch|p1b: PapuFamilia|Maushold-Four, L50|100/100
|switch|p2a: Charizard|Charizard, L50, M|100/100
|switch|p2b: Kingambit|Kingambit, L50, F|100/100
|turn|1
|
|t:|1782253524
|detailschange|p2a: Charizard|Charizard-Mega-Y, L50, M
|-mega|p2a: Charizard|Charizard|Charizardite Y
|-weather|SunnyDay|[from] ability: Drought|[of] p2a: Charizard
|move|p1b: PapuFamilia|Population Bomb|p2a: Charizard
|-damage|p2a: Charizard|91/100
|-damage|p2a: Charizard|82/100
|-damage|p2a: Charizard|74/100
|-damage|p2a: Charizard|64/100
|-damage|p2a: Charizard|56/100
|-damage|p2a: Charizard|48/100
|-damage|p2a: Charizard|39/100
|-damage|p2a: Charizard|31/100
|-hitcount|p2a: Charizard|8
|move|p1a: Tatsumaki|Hyper Voice|p2b: Kingambit|[spread] p2a,p2b
|-resisted|p2b: Kingambit|1
|-damage|p2a: Charizard|1/100
|-damage|p2b: Kingambit|79/100
|move|p2a: Charizard|Heat Wave|p1b: PapuFamilia|[spread] p1a,p1b
|-damage|p1a: Tatsumaki|9/100
|-damage|p1b: PapuFamilia|4/100
|replace|p1a: Tina|Zoroark-Hisui, L50, F
|-end|p1a: Tina|Illusion
|move|p2b: Kingambit|Low Kick|p1b: PapuFamilia
|-supereffective|p1b: PapuFamilia|1
|-damage|p1b: PapuFamilia|0 fnt
|faint|p1b: PapuFamilia
|
|-weather|SunnyDay|[upkeep]
|upkeep
|inactive|JohnDandy has 30 seconds left.
|
|t:|1782253549
|switch|p1b: Goomyta|Goodra-Hisui, L50, F, shiny|100/100
|turn|2
|
|t:|1782253565
|move|p1a: Tina|Protect|p1a: Tina
|-singleturn|p1a: Tina|Protect
|move|p2b: Kingambit|Sucker Punch||[still]
|-fail|p2b: Kingambit
|move|p2a: Charizard|Heat Wave|p1b: Goomyta|[spread] p1b
|-activate|p1a: Tina|move: Protect
|-damage|p1b: Goomyta|53/100
|move|p1b: Goomyta|Surf|p2b: Kingambit|[spread] p2a,p2b
|-activate|p1a: Tina|move: Protect
|-supereffective|p2a: Charizard|1
|-damage|p2a: Charizard|0 fnt
|-damage|p2b: Kingambit|65/100
|faint|p2a: Charizard
|
|-weather|SunnyDay|[upkeep]
|upkeep
|
|t:|1782253577
|switch|p2a: Sylveon|Sylveon, L50, F|100/100
|turn|3
|inactive|AliexVGC has 30 seconds left.
|
|t:|1782253610
|move|p1a: Tina|Flamethrower|p2b: Kingambit
|-supereffective|p2b: Kingambit|1
|-damage|p2b: Kingambit|0 fnt
|faint|p2b: Kingambit
|move|p2a: Sylveon|Hyper Voice|p1b: Goomyta|[spread] p1a,p1b
|-damage|p1a: Tina|0 fnt
|-damage|p1b: Goomyta|22/100
|faint|p1a: Tina
|move|p1b: Goomyta|Sludge Bomb|p2a: Sylveon
|-supereffective|p2a: Sylveon|1
|-damage|p2a: Sylveon|54/100
|-status|p2a: Sylveon|psn
|
|-weather|SunnyDay|[upkeep]
|-damage|p2a: Sylveon|42/100 psn|[from] psn
|upkeep
|
|t:|1782253622
|switch|p1a: Tatsumaki|Gardevoir, L50, F, shiny|100/100
|switch|p2b: Garchomp|Garchomp, L50, M|100/100
|turn|4
|
|t:|1782253642
|detailschange|p1a: Tatsumaki|Gardevoir-Mega, L50, F, shiny
|-mega|p1a: Tatsumaki|Gardevoir|Gardevoirite
|move|p2a: Sylveon|Detect|p2a: Sylveon
|-singleturn|p2a: Sylveon|Protect
|move|p1a: Tatsumaki|Hyper Voice|p2a: Sylveon|[spread] p2b
|-activate|p2a: Sylveon|move: Protect
|-supereffective|p2b: Garchomp|1
|-damage|p2b: Garchomp|6/100
|move|p2b: Garchomp|Earthquake|p1a: Tatsumaki|[spread] p1a,p1b
|-activate|p2a: Sylveon|move: Protect
|-supereffective|p1b: Goomyta|1
|-damage|p1a: Tatsumaki|16/100
|-damage|p1b: Goomyta|0 fnt
|faint|p1b: Goomyta
|-damage|p2b: Garchomp|0 fnt|[from] item: Life Orb
|faint|p2b: Garchomp
|
|-weather|SunnyDay|[upkeep]
|-damage|p2a: Sylveon|30/100 psn|[from] psn
|upkeep
|turn|5
|
|t:|1782253664
|move|p2a: Sylveon|Quick Attack|p1a: Tatsumaki
|-damage|p1a: Tatsumaki|0 fnt
|faint|p1a: Tatsumaki
|
|win|AliexVGC
|c|☆JohnDandy|gg
||AliexVGC is ready for game 3.
||JohnDandy is ready for game 3.
|uhtml|next|Next: Game 3 of 3
|l|☆JohnDandy
|player|p1|
