|j|☆wenas noches 2
|j|☆lettykings
|html|wenas noches 2lettykings    
|uhtml|bestof|Game 2 of a best-of-3
|t:|1782528429
|gametype|doubles
|player|p1|wenas noches 2|266|1031
|player|p2|lettykings|clair|1114
|gen|9
|tier|[Gen 9 Champions] VGC 2026 Reg M-B (Bo3)
|rated|
|rule|Species Clause: Limit one of each Pokémon
|rule|Item Clause: Limit 1 of each item
|clearpoke
|poke|p1|Scrafty, L50, M|
|poke|p1|Gholdengo, L50|
|poke|p1|Dragalge, L50, M|
|poke|p1|Gallade, L50, M|
|poke|p1|Farigiraf, L50, M|
|poke|p1|Gyarados, L50, M|
|poke|p2|Charizard, L50, F|
|poke|p2|Garchomp, L50, F|
|poke|p2|Basculegion, L50, M|
|poke|p2|Incineroar, L50, F|
|poke|p2|Venusaur, L50, F|
|poke|p2|Whimsicott, L50, F|
|teampreview|4
|showteam|p1|Scrafty||Scraftinite|Intimidate|FakeOut,DrainPunch,Protect,KnockOff|Relaxed||M|||50|]Gholdengo||LifeOrb|GoodasGold|NastyPlot,MakeItRain,ShadowBall,Protect|Modest|||||50|]Dragalge||WhiteHerb|Adaptability|DracoMeteor,SludgeBomb,Protect,Toxic|Quiet||M|||50|]Gallade||ChoiceScarf|Sharpness|SacredSword,RockSlide,PsychoCut,RockTomb|Jolly||M|||50|]Farigiraf||Leftovers|ArmorTail|TwinBeam,TrickRoom,AllySwitch,HelpingHand|Relaxed||M|||50|]Gyarados||SitrusBerry|Intimidate|ThunderWave,Waterfall,IcyWind,Roar|Adamant||M|||50|
|showteam|p2|Charizard||CharizarditeY|Blaze|HeatWave,SolarBeam,WeatherBall,Protect|Modest||F|||50|]Garchomp||LifeOrb|RoughSkin|Earthquake,DragonClaw,RockSlide,Protect|Jolly||F|||50|]Basculegion||MysticWater|Adaptability|WaveCrash,LastRespects,AquaJet,Protect|Adamant||M|||50|]Incineroar||SitrusBerry|Intimidate|ThroatChop,FlareBlitz,PartingShot,FakeOut|Careful||F|||50|]Venusaur||CobaBerry|Chlorophyll|GigaDrain,SludgeBomb,EarthPower,Protect|Modest||F|||50|]Whimsicott||FocusSash|Prankster|Moonblast,Encore,Tailwind,Protect|Timid||F|||50|
|inactive|Battle timer is ON: inactive players will automatically lose when time's up. (requested by wenas noches 2)
|
|t:|1782528456
|teamsize|p1|4
|teamsize|p2|4
|start
|switch|p1a: Gallade|Gallade, L50, M|100/100
|switch|p1b: Scrafty|Scrafty, L50, M|100/100
|switch|p2a: Charizard|Charizard, L50, F|100/100
|switch|p2b: Incineroar|Incineroar, L50, F|100/100
|-ability|p2b: Incineroar|Intimidate|boost
|-unboost|p1a: Gallade|atk|1
|-unboost|p1b: Scrafty|atk|1
|-ability|p1b: Scrafty|Intimidate|boost
|-unboost|p2a: Charizard|atk|1
|-unboost|p2b: Incineroar|atk|1
|turn|1
|inactive|lettykings has 30 seconds left.
|
|t:|1782528486
|switch|p1b: Gyarados|Gyarados, L50, M|100/100
|-ability|p1b: Gyarados|Intimidate|boost
|-unboost|p2a: Charizard|atk|1
|-unboost|p2b: Incineroar|atk|1
|move|p2a: Charizard|Protect|p2a: Charizard
|-singleturn|p2a: Charizard|Protect
|move|p2b: Incineroar|Fake Out|p1a: Gallade
|-damage|p1a: Gallade|91/100
|cant|p1a: Gallade|flinch
|
|upkeep
|turn|2
|inactive|lettykings has 30 seconds left.
|
|t:|1782528513
|switch|p2a: Garchomp|Garchomp, L50, F|100/100
|move|p1a: Gallade|Sacred Sword|p2b: Incineroar
|-supereffective|p2b: Incineroar|1
|-damage|p2b: Incineroar|16/100
|-enditem|p2b: Incineroar|Sitrus Berry|[eat]
|-heal|p2b: Incineroar|41/100|[from] item: Sitrus Berry
|move|p1b: Gyarados|Thunder Wave|p2a: Garchomp
|-immune|p2a: Garchomp
|move|p2b: Incineroar|Parting Shot|p1b: Gyarados
|-unboost|p1b: Gyarados|atk|1
|-unboost|p1b: Gyarados|spa|1
|
|t:|1782528529
|switch|p2b: Charizard|Charizard, L50, F|100/100|[from] Parting Shot
|
|upkeep
|turn|3
|
|t:|1782528541
|switch|p1a: Scrafty|Scrafty, L50, M|100/100
|-ability|p1a: Scrafty|Intimidate|boost
|-unboost|p2a: Garchomp|atk|1
|-unboost|p2b: Charizard|atk|1
|detailschange|p2b: Charizard|Charizard-Mega-Y, L50, F
|-mega|p2b: Charizard|Charizard|Charizardite Y
|-weather|SunnyDay|[from] ability: Drought|[of] p2b: Charizard
|move|p2b: Charizard|Protect|p2b: Charizard
|-singleturn|p2b: Charizard|Protect
|move|p2a: Garchomp|Dragon Claw|p1a: Scrafty
|-damage|p1a: Scrafty|70/100
|-damage|p2a: Garchomp|90/100|[from] item: Life Orb
|move|p1b: Gyarados|Icy Wind|p2b: Charizard|[spread] p2a
|-activate|p2b: Charizard|move: Protect
|-supereffective|p2a: Garchomp|2
|-damage|p2a: Garchomp|70/100
|-unboost|p2a: Garchomp|spe|1
|
|-weather|SunnyDay|[upkeep]
|upkeep
|turn|4
|inactive|lettykings has 30 seconds left.
|inactive|lettykings has 20 seconds left.
|inactive|lettykings has 15 seconds left.
|inactive|lettykings has 10 seconds left.
|inactive|lettykings has 5 seconds left.
|
|t:|1782528596
|switch|p2b: Incineroar|Incineroar, L50, F|41/100
|-ability|p2b: Incineroar|Intimidate|boost
|-unboost|p1a: Scrafty|atk|1
|-unboost|p1b: Gyarados|atk|1
|detailschange|p1a: Scrafty|Scrafty-Mega, L50, M
|-mega|p1a: Scrafty|Scrafty|Scraftinite
|-ability|p1a: Scrafty|Intimidate|boost
|-unboost|p2a: Garchomp|atk|1
|-unboost|p2b: Incineroar|atk|1
|move|p1a: Scrafty|Fake Out|p2b: Incineroar
|-damage|p2b: Incineroar|32/100
|move|p2a: Garchomp|Dragon Claw|p1a: Scrafty
|-damage|p1a: Scrafty|50/100y
|-damage|p2a: Garchomp|61/100|[from] item: Life Orb
|move|p1b: Gyarados|Thunder Wave|p2b: Incineroar|[miss]
|-miss|p1b: Gyarados|p2b: Incineroar
|
|-weather|SunnyDay|[upkeep]
|upkeep
|turn|5
|inactive|lettykings has 30 seconds left.
|inactive|lettykings has 20 seconds left.
|
|t:|1782528632
|switch|p2a: Venusaur|Venusaur, L50, F|100/100
|switch|p1b: Farigiraf|Farigiraf, L50, M|100/100
|move|p2b: Incineroar|Fake Out||[still]
|cant|p1b: Farigiraf|ability: Armor Tail|Fake Out|[of] p2b: Incineroar
|move|p1a: Scrafty|Drain Punch|p2b: Incineroar
|-supereffective|p2b: Incineroar|1
|-damage|p2b: Incineroar|0 fnt
|-heal|p1a: Scrafty|69/100|[from] drain|[of] p2b: Incineroar
|faint|p2b: Incineroar
|
|-weather|SunnyDay|[upkeep]
|upkeep
|
|t:|1782528651
|switch|p2b: Charizard|Charizard-Mega-Y, L50, F|100/100
|turn|6
|inactive|lettykings has 30 seconds left.
|
|t:|1782528678
|switch|p1a: Gyarados|Gyarados, L50, M|100/100
|-ability|p1a: Gyarados|Intimidate|boost
|-unboost|p2a: Venusaur|atk|1
|-unboost|p2b: Charizard|atk|1
|move|p2a: Venusaur|Giga Drain|p1b: Farigiraf
|-damage|p1b: Farigiraf|65/100
|move|p2b: Charizard|Weather Ball|p1a: Gyarados
|-resisted|p1a: Gyarados|1
|-damage|p1a: Gyarados|65/100
|move|p1b: Farigiraf|Trick Room|p1b: Farigiraf
|-fieldstart|move: Trick Room|[of] p1b: Farigiraf
|
|-weather|SunnyDay|[upkeep]
|-heal|p1b: Farigiraf|71/100|[from] item: Leftovers
|upkeep
|turn|7
|inactive|wenas noches 2 has 30 seconds left.
|inactive|lettykings has 30 seconds left.
|
|t:|1782528704
|switch|p2a: Garchomp|Garchomp, L50, F|61/100
|move|p2b: Charizard|Protect|p2b: Charizard
|-singleturn|p2b: Charizard|Protect
|move|p1b: Farigiraf|Twin Beam|p2a: Garchomp
|-damage|p2a: Garchomp|44/100
|-damage|p2a: Garchomp|28/100
|-hitcount|p2a: Garchomp|2
|move|p1a: Gyarados|Thunder Wave|p2b: Charizard
|-activate|p2b: Charizard|move: Protect
|
|-weather|none
|-heal|p1b: Farigiraf|77/100|[from] item: Leftovers
|upkeep
|turn|8
|
|t:|1782528724
|switch|p2b: Venusaur|Venusaur, L50, F|100/100
|move|p1b: Farigiraf|Twin Beam|p2b: Venusaur
|-supereffective|p2b: Venusaur|1
|-damage|p2b: Venusaur|70/100
|-supereffective|p2b: Venusaur|1
|-damage|p2b: Venusaur|41/100
|-hitcount|p2b: Venusaur|2
|move|p1a: Gyarados|Waterfall|p2b: Venusaur
|-resisted|p2b: Venusaur|1
|-damage|p2b: Venusaur|18/100
|move|p2a: Garchomp|Rock Slide|p1a: Gyarados|[spread] p1a,p1b
|-supereffective|p1a: Gyarados|1
|-crit|p1a: Gyarados
|-damage|p1a: Gyarados|0 fnt
|-damage|p1b: Farigiraf|60/100
|faint|p1a: Gyarados
|-damage|p2a: Garchomp|18/100|[from] item: Life Orb
|
|-heal|p1b: Farigiraf|66/100|[from] item: Leftovers
|upkeep
|
|t:|1782528735
|switch|p1a: Scrafty|Scrafty-Mega, L50, M|69/100
|-ability|p1a: Scrafty|Intimidate|boost
|-unboost|p2a: Garchomp|atk|1
|-unboost|p2b: Venusaur|atk|1
|turn|9
|
|t:|1782528757
|move|p2b: Venusaur|Protect|p2b: Venusaur
|-singleturn|p2b: Venusaur|Protect
|move|p1a: Scrafty|Fake Out|p2a: Garchomp
|-damage|p2a: Garchomp|4/100
|-damage|p1a: Scrafty|56/100|[from] ability: Rough Skin|[of] p2a: Garchomp
|move|p1b: Farigiraf|Twin Beam|p2b: Venusaur
|-activate|p2b: Venusaur|move: Protect
|cant|p2a: Garchomp|flinch
|
|-heal|p1b: Farigiraf|73/100|[from] item: Leftovers
|upkeep
|turn|10
|
|t:|1782528778
|switch|p2a: Charizard|Charizard-Mega-Y, L50, F|100/100
|-weather|SunnyDay|[from] ability: Drought|[of] p2a: Charizard
|move|p2b: Venusaur|Protect||[still]
|-fail|p2b: Venusaur
|move|p1b: Farigiraf|Twin Beam|p2b: Venusaur
|-supereffective|p2b: Venusaur|1
|-damage|p2b: Venusaur|0 fnt
|faint|p2b: Venusaur
|-hitcount|p2: Venusaur|1
|move|p1a: Scrafty|Knock Off|p2a: Charizard
|-damage|p2a: Charizard|64/100
|
|-weather|SunnyDay|[upkeep]
|-heal|p1b: Farigiraf|79/100|[from] item: Leftovers
|-fieldend|move: Trick Room
|upkeep
|
|t:|1782528786
|switch|p2b: Garchomp|Garchomp, L50, F|4/100
|turn|11
|
|t:|1782528797
|move|p2b: Garchomp|Earthquake|p1b: Farigiraf|[spread] p1a,p1b
|-immune|p2a: Charizard
|-damage|p1a: Scrafty|23/100
|-damage|p1b: Farigiraf|44/100
|-damage|p2b: Garchomp|0 fnt|[from] item: Life Orb
|faint|p2b: Garchomp
|move|p2a: Charizard|Heat Wave|p1b: Farigiraf|[spread] p1a
|-miss|p2a: Charizard|p1b: Farigiraf
|-damage|p1a: Scrafty|0 fnt
|faint|p1a: Scrafty
|move|p1b: Farigiraf|Twin Beam|p2a: Charizard
|-damage|p2a: Charizard|50/100g
|-damage|p2a: Charizard|36/100
|-hitcount|p2a: Charizard|2
|
|-weather|SunnyDay|[upkeep]
|-heal|p1b: Farigiraf|50/100g|[from] item: Leftovers
|upkeep
|
|t:|1782528810
|switch|p1a: Gallade|Gallade, L50, M|91/100
|turn|12
|
|t:|1782528819
|move|p1b: Farigiraf|Helping Hand|p1a: Gallade
|-singleturn|p1a: Gallade|Helping Hand|[of] p1b: Farigiraf
|move|p1a: Gallade|Rock Tomb|p2a: Charizard
|-supereffective|p2a: Charizard|2
|-damage|p2a: Charizard|0 fnt
|faint|p2a: Charizard
|
|win|wenas noches 2
||wenas noches 2 is ready for game 3.
||lettykings is ready for game 3.
|uhtml|next|Next: Game 3 of 3
