|j|☆ValiantEnjoyer
|j|☆urstepslowbro
|html|ValiantEnjoyerurstepslowbro    
|uhtml|bestof|Game 1 of a best-of-3
|t:|1784786309
|gametype|doubles
|player|p1|ValiantEnjoyer|265|
|player|p2|urstepslowbro|iono-masters|
|gen|9
|tier|[Gen 9 Champions] VGC 2026 Reg M-B (Bo3)
|rule|Species Clause: Limit one of each Pokémon
|rule|Item Clause: Limit 1 of each item
|clearpoke
|poke|p1|Aegislash, L50, F|
|poke|p1|Scovillain, L50, F|
|poke|p1|Tauros-Paldea-Blaze, L50, M|
|poke|p1|Milotic, L50, M|
|poke|p1|Mimikyu, L50, M|
|poke|p1|Blaziken, L50, F|
|poke|p2|Floette-Eternal, L50, F|
|poke|p2|Weavile, L50, F|
|poke|p2|Vivillon-Pokeball, L50, F|
|poke|p2|Ceruledge, L50, F|
|poke|p2|Sinistcha-Masterpiece, L50|
|poke|p2|Glimmora, L50, F|
|teampreview|4
|showteam|p1|Aegislash||OccaBerry|StanceChange|IronHead,KingsShield,Poltergeist,ShadowSneak|Adamant||F|||50|]Scovillain||Scovillainite|Chlorophyll|SuperFang,Protect,RagePowder,Flamethrower|Calm||F|||50|]Tauros-Paldea-Blaze||SitrusBerry|Intimidate|FlareBlitz,CloseCombat,HighHorsepower,Protect|Jolly||M|||50|]Milotic||Leftovers|CuteCharm|Haze,Protect,MirrorCoat,Scald|Calm||M|||50|]Mimikyu||LifeOrb|Disguise|PlayRough,ShadowSneak,TrickRoom,ShadowClaw|Brave||M|||50|]Blaziken||Blazikenite|SpeedBoost|SwordsDance,FlareBlitz,StoneEdge,Protect|Adamant||F|||50|
|showteam|p2|Floette-Eternal||Floettite|FlowerVeil|DazzlingGleam,DrainingKiss,CalmMind,Protect|Modest||F|||50|]Weavile||FocusSash|Pickpocket|FakeOut,FakeTears,KnockOff,Protect|Jolly||F|||50|]Vivillon-Pokeball||ChoiceScarf|CompoundEyes|SleepPowder,Tailwind,Hurricane,PollenPuff|Timid||F|||50|]Ceruledge||KasibBerry|FlashFire|BulkUp,Protect,BitterBlade,ShadowSneak|Adamant||F|||50|]Sinistcha-Masterpiece||SitrusBerry|Hospitality|RagePowder,TrickRoom,Protect,MatchaGotcha|Calm|||||50|]Glimmora||LifeOrb|ToxicDebris|PowerGem,EarthPower,SludgeBomb,SpikyShield|Modest||F|||50|
|
|t:|1784786342
|teamsize|p1|4
|teamsize|p2|4
|start
|switch|p1a: Tauros|Tauros-Paldea-Blaze, L50, M|100/100
|switch|p1b: Blaziken|Blaziken, L50, F|100/100
|switch|p2a: Weavile|Weavile, L50, F|100/100
|switch|p2b: Ceruledge|Ceruledge, L50, F|100/100
|-ability|p1a: Tauros|Intimidate|boost
|-unboost|p2a: Weavile|atk|1
|-unboost|p2b: Ceruledge|atk|1
|turn|1
|
|t:|1784786351
|detailschange|p1b: Blaziken|Blaziken-Mega, L50, F
|-mega|p1b: Blaziken|Blaziken|Blazikenite
|move|p2a: Weavile|Fake Out|p1b: Blaziken
|-crit|p1b: Blaziken
|-damage|p1b: Blaziken|78/100
|move|p1a: Tauros|High Horsepower|p2b: Ceruledge
|-supereffective|p2b: Ceruledge|1
|-damage|p2b: Ceruledge|50/100g
|cant|p1b: Blaziken|flinch
|move|p2b: Ceruledge|Bulk Up|p2b: Ceruledge
|-boost|p2b: Ceruledge|atk|1
|-boost|p2b: Ceruledge|def|1
|
|-ability|p1b: Blaziken|Speed Boost|boost
|-boost|p1b: Blaziken|spe|1
|upkeep
|turn|2
|
|t:|1784786381
|switch|p2a: Sinistcha|Sinistcha-Masterpiece, L50|100/100
|-heal|p2b: Ceruledge|75/100|[from] ability: Hospitality|[of] p2a: Sinistcha
|move|p2b: Ceruledge|Protect|p2b: Ceruledge
|-singleturn|p2b: Ceruledge|Protect
|move|p1b: Blaziken|Stone Edge|p2b: Ceruledge
|-activate|p2b: Ceruledge|move: Protect
|move|p1a: Tauros|Flare Blitz|p2a: Sinistcha
|-supereffective|p2a: Sinistcha|1
|-damage|p2a: Sinistcha|8/100
|-enditem|p2a: Sinistcha|Sitrus Berry|[eat]
|-heal|p2a: Sinistcha|33/100|[from] item: Sitrus Berry
|-damage|p1a: Tauros|64/100|[from] Recoil
|
|-ability|p1b: Blaziken|Speed Boost|boost
|-boost|p1b: Blaziken|spe|1
|upkeep
|turn|3
|
|t:|1784786397
|switch|p2a: Weavile|Weavile, L50, F|100/100
|move|p1b: Blaziken|Stone Edge|p2b: Ceruledge
|-supereffective|p2b: Ceruledge|1
|-crit|p2b: Ceruledge
|-damage|p2b: Ceruledge|0 fnt
|faint|p2b: Ceruledge
|move|p1a: Tauros|Flare Blitz|p2a: Weavile
|-supereffective|p2a: Weavile|1
|-enditem|p2a: Weavile|Focus Sash
|-damage|p2a: Weavile|1/100
|-damage|p1a: Tauros|33/100|[from] Recoil
|-enditem|p1a: Tauros|Sitrus Berry|[eat]
|-heal|p1a: Tauros|57/100|[from] item: Sitrus Berry
|
|-ability|p1b: Blaziken|Speed Boost|boost
|-boost|p1b: Blaziken|spe|1
|upkeep
|
|t:|1784786408
|switch|p2b: Floette|Floette-Eternal, L50, F|100/100
|turn|4
|
|t:|1784786435
|detailschange|p2b: Floette|Floette-Mega, L50, F
|-mega|p2b: Floette|Floette|Floettite
|-ability|p2b: Floette|Fairy Aura
|move|p1b: Blaziken|Protect|p1b: Blaziken
|-singleturn|p1b: Blaziken|Protect
|move|p1a: Tauros|Protect|p1a: Tauros
|-singleturn|p1a: Tauros|Protect
|move|p2a: Weavile|Fake Out|p1b: Blaziken
|-activate|p1b: Blaziken|move: Protect
|move|p2b: Floette|Dazzling Gleam|p1b: Blaziken|[spread] 
|-activate|p1a: Tauros|move: Protect
|-activate|p1b: Blaziken|move: Protect
|
|-ability|p1b: Blaziken|Speed Boost|boost
|-boost|p1b: Blaziken|spe|1
|upkeep
|turn|5
|
|t:|1784786451
|move|p1b: Blaziken|Flare Blitz|p2b: Floette
|-damage|p2b: Floette|28/100
|-damage|p1b: Blaziken|55/100|[from] Recoil
|move|p2a: Weavile|Fake Tears|p1b: Blaziken
|-unboost|p1b: Blaziken|spd|2
|move|p1a: Tauros|Flare Blitz|p2a: Weavile
|-supereffective|p2a: Weavile|1
|-damage|p2a: Weavile|0 fnt
|faint|p2a: Weavile
|-damage|p1a: Tauros|56/100|[from] Recoil
|move|p2b: Floette|Dazzling Gleam|p1a: Tauros|[spread] p1a,p1b
|-damage|p1a: Tauros|0 fnt
|-damage|p1b: Blaziken|0 fnt
|faint|p1a: Tauros
|faint|p1b: Blaziken
|
|upkeep
|
|t:|1784786466
|switch|p2a: Sinistcha|Sinistcha-Masterpiece, L50|33/100
|switch|p1a: Aegislash|Aegislash, L50, F|100/100
|switch|p1b: Mimikyu|Mimikyu, L50, M|100/100
|-heal|p2b: Floette|53/100|[from] ability: Hospitality|[of] p2a: Sinistcha
|turn|6
|
|t:|1784786479
|move|p2a: Sinistcha|Rage Powder|p2a: Sinistcha
|-singleturn|p2a: Sinistcha|move: Rage Powder
|move|p2b: Floette|Calm Mind|p2b: Floette
|-boost|p2b: Floette|spa|1
|-boost|p2b: Floette|spd|1
|move|p1b: Mimikyu|Shadow Claw|p2a: Sinistcha
|-supereffective|p2a: Sinistcha|1
|-damage|p2a: Sinistcha|0 fnt
|faint|p2a: Sinistcha
|-damage|p1b: Mimikyu|90/100|[from] item: Life Orb
|-formechange|p1a: Aegislash|Aegislash-Blade|
|move|p1a: Aegislash|Iron Head|p2b: Floette
|-supereffective|p2b: Floette|1
|-crit|p2b: Floette
|-damage|p2b: Floette|0 fnt
|faint|p2b: Floette
|
|win|ValiantEnjoyer
