|j|☆tr2koblin
|j|☆itzlenaluv
|html|tr2koblinitzlenaluv    
|uhtml|bestof|Game 3 of a best-of-3
|t:|1757668243
|gametype|doubles
|player|p1|tr2koblin|lucas|1050
|player|p2|itzlenaluv|170|1049
|gen|9
|tier|[Gen 9] VGC 2025 Reg H (Bo3)
|rated|
|rule|Species Clause: Limit one of each Pokémon
|rule|Item Clause: Limit 1 of each item
|clearpoke
|poke|p1|Drifblim, L50, M|
|poke|p1|Indeedee, L50, M|
|poke|p1|Decidueye-Hisui, L50, M|
|poke|p1|Gardevoir, L50, F|
|poke|p1|Garchomp, L50, M|
|poke|p1|Corviknight, L50, M|
|poke|p2|Tyranitar, L50, M|
|poke|p2|Excadrill, L50, M|
|poke|p2|Corviknight, L50, F|
|poke|p2|Indeedee, L50, M|
|poke|p2|Sneasler, L50, M|
|poke|p2|Amoonguss, L50, F|
|teampreview|4
|showteam|p1|Drifblim||PsychicSeed|Unburden|Acrobatics,Tailwind,WillOWisp,SunnyDay|||M|||50|,,,,,Grass]Indeedee||FocusSash|PsychicSurge|ExpandingForce,TeraBlast,Imprison,TrickRoom|||M|||50|,,,,,Ground]Decidueye-Hisui||ScopeLens|Scrappy|Protect,LeafBlade,TripleArrows,Haze|||M|||50|,,,,,Fire]Gardevoir||ChoiceScarf|Telepathy|ExpandingForce,DazzlingGleam,Moonblast,Trick|||F|||50|,,,,,Psychic]Garchomp||LifeOrb|RoughSkin|Protect,Earthquake,StompingTantrum,DragonClaw|||M|||50|,,,,,Ground]Corviknight||LumBerry|MirrorArmor|BraveBird,BodyPress,BulkUp,Roost|||M|||50|,,,,,Dragon
|showteam|p2|Tyranitar||AssaultVest|SandStream|RockSlide,KnockOff,TeraBlast,LowKick|||M|||50|,,,,,Flying]Excadrill||FocusSash|SandRush|RockSlide,HighHorsepower,IronHead,Protect|||M|||50|,,,,,Stellar]Corviknight||SafetyGoggles|MirrorArmor|BulkUp,BraveBird,Tailwind,Roost|||F|||50|,,,,,Dragon]Indeedee||ChoiceScarf|PsychicSurge|ExpandingForce,TeraBlast,Protect,Trick|||M|||50|,,,,,Psychic]Sneasler||PsychicSeed|Unburden|ThroatChop,CloseCombat,DireClaw,Protect|||M|||50|,,,,,Dark]Amoonguss||SitrusBerry|Regenerator|PollenPuff,RagePowder,Spore,Protect|||F|||50|,,,,,Ghost
|
|t:|1757668273
|teamsize|p1|4
|teamsize|p2|4
|start
|switch|p1a: Corviknight|Corviknight, L50, M, shiny|100/100
|switch|p1b: Gardevoir|Gardevoir, L50, F, shiny|100/100
|switch|p2a: Indeedee|Indeedee, L50, M|100/100
|switch|p2b: Sneasler|Sneasler, L50, M|100/100
|-fieldstart|move: Psychic Terrain|[from] ability: Psychic Surge|[of] p2a: Indeedee
|-enditem|p2b: Sneasler|Psychic Seed
|-boost|p2b: Sneasler|spd|1|[from] item: Psychic Seed
|turn|1
|
|t:|1757668310
|-terastallize|p2a: Indeedee|Psychic
|move|p2b: Sneasler|Dire Claw|p1b: Gardevoir
|-supereffective|p1b: Gardevoir
|-damage|p1b: Gardevoir|0 fnt
|faint|p1b: Gardevoir
|move|p2a: Indeedee|Expanding Force|p1a: Corviknight
|-resisted|p1a: Corviknight
|-damage|p1a: Corviknight|60/100
|move|p1a: Corviknight|Brave Bird|p2b: Sneasler
|-supereffective|p2b: Sneasler
|-damage|p2b: Sneasler|0 fnt
|faint|p2b: Sneasler
|-damage|p1a: Corviknight|35/100|[from] Recoil
|
|upkeep
|
|t:|1757668344
|switch|p2b: Corviknight|Corviknight, L50, F|100/100
|switch|p1b: Urshi-Hoot|Decidueye-Hisui, L50, M, shiny|100/100
|turn|2
|
|t:|1757668355
|-terastallize|p1b: Urshi-Hoot|Fire
|move|p2a: Indeedee|Expanding Force|p1a: Corviknight|[spread] p1a,p1b
|-resisted|p1a: Corviknight
|-damage|p1a: Corviknight|5/100
|-damage|p1b: Urshi-Hoot|18/100
|move|p1b: Urshi-Hoot|Leaf Blade|p2a: Indeedee
|-crit|p2a: Indeedee
|-damage|p2a: Indeedee|0 fnt
|faint|p2a: Indeedee
|move|p2b: Corviknight|Tailwind|p2b: Corviknight
|-sidestart|p2: itzlenaluv|move: Tailwind
|move|p1a: Corviknight|Brave Bird|p2b: Corviknight
|-resisted|p2b: Corviknight
|-damage|p2b: Corviknight|84/100
|-damage|p1a: Corviknight|0 fnt|[from] Recoil
|faint|p1a: Corviknight
|
|upkeep
|
|t:|1757668367
|switch|p2a: Amoonguss|Amoonguss, L50, F|100/100
|switch|p1a: PCSD|Garchomp, L50, M, shiny|100/100
|turn|3
|
|t:|1757668386
|move|p1b: Urshi-Hoot|Protect|p1b: Urshi-Hoot
|-singleturn|p1b: Urshi-Hoot|Protect
|move|p2a: Amoonguss|Rage Powder|p2a: Amoonguss
|-singleturn|p2a: Amoonguss|move: Rage Powder
|move|p2b: Corviknight|Bulk Up|p2b: Corviknight
|-boost|p2b: Corviknight|atk|1
|-boost|p2b: Corviknight|def|1
|move|p1a: PCSD|Earthquake|p2a: Amoonguss|[spread] p2a
|-activate|p1b: Urshi-Hoot|move: Protect
|-immune|p2b: Corviknight
|-damage|p2a: Amoonguss|59/100
|-damage|p1a: PCSD|91/100|[from] item: Life Orb
|
|upkeep
|turn|4
|
|t:|1757668429
|move|p2a: Amoonguss|Rage Powder|p2a: Amoonguss
|-singleturn|p2a: Amoonguss|move: Rage Powder
|move|p2b: Corviknight|Brave Bird|p1b: Urshi-Hoot
|-damage|p1b: Urshi-Hoot|0 fnt
|faint|p1b: Urshi-Hoot
|-damage|p2b: Corviknight|79/100|[from] Recoil
|move|p1a: PCSD|Stomping Tantrum|p2a: Amoonguss
|-damage|p2a: Amoonguss|16/100
|-enditem|p2a: Amoonguss|Sitrus Berry|[eat]
|-heal|p2a: Amoonguss|40/100|[from] item: Sitrus Berry
|-damage|p1a: PCSD|81/100|[from] item: Life Orb
|
|upkeep
|turn|5
|-message|tr2koblin forfeited.
|
|win|itzlenaluv
|raw|tr2koblin's rating: 1050 → 1032(-18 for losing)
|raw|itzlenaluv's rating: 1049 → 1082(+33 for winning)
|l|☆tr2koblin
|player|p1|
