|j|☆UnluckyTz
|j|☆itangood5
|html|UnluckyTzitangood5    
|uhtml|bestof|Game 2 of a best-of-3
|t:|1783318348
|gametype|doubles
|player|p1|UnluckyTz|hilbert|1056
|player|p2|itangood5|nate|1076
|gen|9
|tier|[Gen 9 Champions] VGC 2026 Reg M-B (Bo3)
|rated|
|rule|Species Clause: Limit one of each Pokémon
|rule|Item Clause: Limit 1 of each item
|clearpoke
|poke|p1|Tyranitar, L50, F, shiny|
|poke|p1|Excadrill, L50, M|
|poke|p1|Rotom-Wash, L50|
|poke|p1|Corviknight, L50, F|
|poke|p1|Garchomp, L50, F|
|poke|p1|Sinistcha, L50|
|poke|p2|Charizard, L50, M, shiny|
|poke|p2|Venusaur, L50, F|
|poke|p2|Floette-Eternal, L50, F|
|poke|p2|Farigiraf, L50, F|
|poke|p2|Incineroar, L50, F, shiny|
|poke|p2|Azumarill, L50, F|
|teampreview|4
|showteam|p1|Tyranitar||Tyranitarite|SandStream|RockSlide,KnockOff,Protect,LowKick|Adamant||F|||50|]Excadrill||FocusSash|SandRush|Earthquake,SwordsDance,RockSlide,Protect|Adamant||M|||50|]Rotom-Wash||ChoiceScarf|Levitate|HydroPump,VoltSwitch,WillOWisp,Protect|Modest|||||50|]Corviknight||Leftovers|MirrorArmor|IronHead,BodyPress,Roost,Tailwind|Impish||F|||50|]Garchomp||LifeOrb|RoughSkin|DragonClaw,Earthquake,RockSlide,Protect|Serious||F|||50|]Sinistcha||SitrusBerry|Hospitality|MatchaGotcha,RagePowder,LifeDew,TrickRoom|Bold|||||50|
|showteam|p2|Charizard||CharizarditeY|SolarPower|HeatWave,Protect,WeatherBall,SolarBeam|Modest||M|||50|]Venusaur||FocusSash|Chlorophyll|LeafStorm,EarthPower,SludgeBomb,SleepPowder|Timid||F|||50|]Floette-Eternal||Floettite|FlowerVeil|Moonblast,CalmMind,DrainingKiss,Protect|Modest||F|||50|]Farigiraf||SitrusBerry|ArmorTail|PsychicNoise,Roar,HelpingHand,TrickRoom|Bold||F|||50|]Incineroar||WhiteHerb|Intimidate|CloseCombat,FlareBlitz,PartingShot,FakeOut|Brave||F|||50|]Azumarill||LifeOrb|HugePower|Liquidation,PlayRough,Protect,AquaJet|Brave||F|||50|
|inactive|Battle timer is ON: inactive players will automatically lose when time's up. (requested by itangood5)
|
|t:|1783318376
|teamsize|p1|4
|teamsize|p2|4
|start
|switch|p1a: Tyranitar|Tyranitar, L50, F, shiny|100/100
|switch|p1b: Excadrill|Excadrill, L50, M|100/100
|switch|p2a: Rookie|Floette-Eternal, L50, F|100/100
|switch|p2b: Boss battle|Incineroar, L50, F, shiny|100/100
|-weather|Sandstorm|[from] ability: Sand Stream|[of] p1a: Tyranitar
|-ability|p2b: Boss battle|Intimidate|boost
|-unboost|p1a: Tyranitar|atk|1
|-unboost|p1b: Excadrill|atk|1
|turn|1
|
|t:|1783318389
|detailschange|p2a: Rookie|Floette-Mega, L50, F
|-mega|p2a: Rookie|Floette|Floettite
|-ability|p2a: Rookie|Fairy Aura
|move|p1b: Excadrill|Protect|p1b: Excadrill
|-singleturn|p1b: Excadrill|Protect
|move|p1a: Tyranitar|Protect|p1a: Tyranitar
|-singleturn|p1a: Tyranitar|Protect
|move|p2a: Rookie|Calm Mind|p2a: Rookie
|-boost|p2a: Rookie|spa|1
|-boost|p2a: Rookie|spd|1
|move|p2b: Boss battle|Close Combat|p1a: Tyranitar
|-activate|p1a: Tyranitar|move: Protect
|
|-weather|Sandstorm|[upkeep]
|-damage|p2a: Rookie|94/100|[from] Sandstorm
|-damage|p2b: Boss battle|94/100|[from] Sandstorm
|upkeep
|turn|2
|inactive|UnluckyTz has 30 seconds left.
|inactive|UnluckyTz has 20 seconds left.
|
|t:|1783318426
|switch|p1a: Corviknight|Corviknight, L50, F|100/100
|move|p1b: Excadrill|Earthquake|p2a: Rookie|[spread] p2a,p2b
|-immune|p1a: Corviknight
|-supereffective|p2b: Boss battle|1
|-damage|p2a: Rookie|60/100
|-damage|p2b: Boss battle|48/100
|move|p2a: Rookie|Moonblast|p1a: Corviknight
|-resisted|p1a: Corviknight|1
|-damage|p1a: Corviknight|46/100
|move|p2b: Boss battle|Flare Blitz|p1b: Excadrill
|-supereffective|p1b: Excadrill|1
|-enditem|p1b: Excadrill|Focus Sash
|-damage|p1b: Excadrill|1/100
|-damage|p2b: Boss battle|18/100|[from] Recoil
|
|-weather|Sandstorm|[upkeep]
|-damage|p2a: Rookie|54/100|[from] Sandstorm
|-damage|p2b: Boss battle|12/100|[from] Sandstorm
|-heal|p1a: Corviknight|52/100|[from] item: Leftovers
|upkeep
|turn|3
|
|t:|1783318449
|move|p1b: Excadrill|Earthquake|p2b: Boss battle|[spread] p2a,p2b
|-immune|p1a: Corviknight
|-supereffective|p2b: Boss battle|1
|-damage|p2a: Rookie|20/100y
|-damage|p2b: Boss battle|0 fnt
|faint|p2b: Boss battle
|move|p2a: Rookie|Moonblast|p1a: Corviknight
|-resisted|p1a: Corviknight|1
|-damage|p1a: Corviknight|0 fnt
|faint|p1a: Corviknight
|
|-weather|Sandstorm|[upkeep]
|-damage|p2a: Rookie|15/100|[from] Sandstorm
|upkeep
|
|t:|1783318459
|switch|p1a: Garchomp|Garchomp, L50, F|100/100
|switch|p2b: Az|Azumarill, L50, F|100/100
|turn|4
|
|t:|1783318475
|move|p1b: Excadrill|Protect|p1b: Excadrill
|-singleturn|p1b: Excadrill|Protect
|move|p2a: Rookie|Protect|p2a: Rookie
|-singleturn|p2a: Rookie|Protect
|move|p1a: Garchomp|Earthquake|p2a: Rookie|[spread] p2b
|-activate|p1b: Excadrill|move: Protect
|-activate|p2a: Rookie|move: Protect
|-damage|p2b: Az|48/100
|-damage|p1a: Garchomp|90/100|[from] item: Life Orb
|move|p2b: Az|Play Rough|p1a: Garchomp
|-supereffective|p1a: Garchomp|1
|-damage|p1a: Garchomp|0 fnt
|-damage|p2b: Az|36/100|[from] ability: Rough Skin|[of] p1a: Garchomp
|faint|p1a: Garchomp
|-damage|p2b: Az|26/100|[from] item: Life Orb
|
|-weather|Sandstorm|[upkeep]
|-damage|p2a: Rookie|9/100|[from] Sandstorm
|-damage|p2b: Az|20/100y|[from] Sandstorm
|upkeep
|
|t:|1783318493
|switch|p1a: Tyranitar|Tyranitar, L50, F, shiny|100/100
|turn|5
|
|t:|1783318499
|detailschange|p1a: Tyranitar|Tyranitar-Mega, L50, F, shiny
|-mega|p1a: Tyranitar|Tyranitar|Tyranitarite
|move|p1a: Tyranitar|Protect|p1a: Tyranitar
|-singleturn|p1a: Tyranitar|Protect
|move|p2b: Az|Aqua Jet|p1b: Excadrill
|-supereffective|p1b: Excadrill|1
|-damage|p1b: Excadrill|0 fnt
|faint|p1b: Excadrill
|-damage|p2b: Az|11/100|[from] item: Life Orb
|move|p2a: Rookie|Draining Kiss|p1a: Tyranitar
|-activate|p1a: Tyranitar|move: Protect
|
|-weather|none
|upkeep
|turn|6
|
|t:|1783318514
|move|p2a: Rookie|Draining Kiss|p1a: Tyranitar
|-supereffective|p1a: Tyranitar|1
|-damage|p1a: Tyranitar|0 fnt
|-heal|p2a: Rookie|93/100|[from] drain|[of] p1a: Tyranitar
|faint|p1a: Tyranitar
|
|win|itangood5
|raw|UnluckyTz's rating: 1056 → 1039(-17 for losing)
|raw|itangood5's rating: 1076 → 1103(+27 for winning)
|l|☆UnluckyTz
|player|p1|
