|j|☆axcoquette
|j|☆breasc11
|html|axcoquettebreasc11    
|uhtml|bestof|Game 1 of a best-of-3
|t:|1784582627
|gametype|doubles
|player|p1|axcoquette|2|1219
|player|p2|breasc11|265|1256
|gen|9
|tier|[Gen 9 Champions] VGC 2026 Reg M-B (Bo3)
|rated|
|rule|Species Clause: Limit one of each Pokémon
|rule|Item Clause: Limit 1 of each item
|clearpoke
|poke|p1|Ceruledge, L50, M|
|poke|p1|Glimmora, L50, M|
|poke|p1|Weavile, L50, F|
|poke|p1|Raichu, L50, M|
|poke|p1|Whimsicott, L50, F|
|poke|p1|Milotic, L50, M|
|poke|p2|Charizard, L50, M|
|poke|p2|Floette-Eternal, L50, F|
|poke|p2|Garchomp, L50, F|
|poke|p2|Basculegion, L50, M|
|poke|p2|Incineroar, L50, M|
|poke|p2|Whimsicott, L50, F|
|teampreview|4
|showteam|p1|Ceruledge||ColburBerry|FlashFire|BitterBlade,ShadowSneak,BulkUp,Protect|Impish||M|||50|]Glimmora||Glimmoranite|ToxicDebris|SpikyShield,PowerGem,EarthPower,SludgeBomb|Timid||M|||50|]Weavile||FocusSash|Pressure|IcePunch,FakeOut,Protect,KnockOff|Jolly||F|||50|]Raichu||RaichuniteY|LightningRod|FakeOut,FocusBlast,ZapCannon,Protect|Timid||M|||50|]Whimsicott||FairyFeather|Prankster|Tailwind,Moonblast,Protect,Encore|Modest||F|||50|]Milotic||Leftovers|Competitive|Coil,Hypnosis,MuddyWater,Recover|Calm||M|||50|
|showteam|p2|Charizard||CharizarditeY|Blaze|HeatWave,WeatherBall,SolarBeam,Protect|Modest||M|||50|]Floette-Eternal||Floettite|FlowerVeil|Moonblast,DazzlingGleam,LightofRuin,Protect|Timid||F|||50|]Garchomp||LifeOrb|RoughSkin|StompingTantrum,DragonClaw,RockSlide,Protect|Jolly||F|||50|]Basculegion||MysticWater|Adaptability|WaveCrash,LastRespects,AquaJet,Protect|Adamant||M|||50|]Incineroar||SitrusBerry|Intimidate|FlareBlitz,ThroatChop,PartingShot,FakeOut|Careful||M|||50|]Whimsicott||FocusSash|Prankster|Moonblast,Tailwind,Encore,Protect|Timid||F|||50|
|inactive|Battle timer is ON: inactive players will automatically lose when time's up. (requested by axcoquette)
|inactive|breasc11 has 60 seconds left.
|inactive|breasc11 has 30 seconds left.
|inactive|breasc11 has 20 seconds left.
|inactive|breasc11 has 15 seconds left.
|inactive|breasc11 has 10 seconds left.
|
|t:|1784582708
|teamsize|p1|4
|teamsize|p2|4
|start
|switch|p1a: Whimsicott|Whimsicott, L50, F|100/100
|switch|p1b: Weavile|Weavile, L50, F|100/100
|switch|p2a: Basculegion|Basculegion, L50, M|100/100
|switch|p2b: Whimsicott|Whimsicott, L50, F|100/100
|-ability|p1b: Weavile|Pressure
|turn|1
|
|t:|1784582720
|switch|p2a: Charizard|Charizard, L50, M|100/100
|move|p1a: Whimsicott|Tailwind|p1a: Whimsicott
|-sidestart|p1: axcoquette|move: Tailwind
|move|p1b: Weavile|Knock Off|p2a: Charizard
|-damage|p2a: Charizard|69/100
|move|p2b: Whimsicott|Moonblast|p1b: Weavile
|-supereffective|p1b: Weavile|1
|-damage|p1b: Weavile|4/100
|
|upkeep
|turn|2
|
|t:|1784582743
|switch|p1a: Glimmora|Glimmora, L50, M|100/100
|detailschange|p2a: Charizard|Charizard-Mega-Y, L50, M
|-mega|p2a: Charizard|Charizard|Charizardite Y
|-weather|SunnyDay|[from] ability: Drought|[of] p2a: Charizard
|move|p1b: Weavile|Protect|p1b: Weavile
|-singleturn|p1b: Weavile|Protect
|move|p2b: Whimsicott|Tailwind|p2b: Whimsicott
|-sidestart|p2: breasc11|move: Tailwind
|move|p2a: Charizard|Heat Wave|p1a: Glimmora|[spread] p1a
|-activate|p1b: Weavile|move: Protect
|-resisted|p1a: Glimmora|1
|-damage|p1a: Glimmora|58/100
|
|-weather|SunnyDay|[upkeep]
|upkeep
|turn|3
|
|t:|1784582761
|switch|p1b: Milotic|Milotic, L50, M|100/100
|switch|p2a: Basculegion|Basculegion, L50, M|100/100
|detailschange|p1a: Glimmora|Glimmora-Mega, L50, M
|-mega|p1a: Glimmora|Glimmora|Glimmoranite
|move|p2b: Whimsicott|Encore||[still]
|-fail|p2b: Whimsicott
|move|p1a: Glimmora|Power Gem|p2a: Basculegion
|-damage|p2a: Basculegion|35/100
|
|-weather|SunnyDay|[upkeep]
|upkeep
|turn|4
|
|t:|1784582786
|move|p2b: Whimsicott|Protect|p2b: Whimsicott
|-singleturn|p2b: Whimsicott|Protect
|move|p2a: Basculegion|Protect|p2a: Basculegion
|-singleturn|p2a: Basculegion|Protect
|move|p1a: Glimmora|Power Gem|p2a: Basculegion
|-activate|p2a: Basculegion|move: Protect
|move|p1b: Milotic|Coil|p1b: Milotic
|-boost|p1b: Milotic|atk|1
|-boost|p1b: Milotic|def|1
|-boost|p1b: Milotic|accuracy|1
|
|-weather|SunnyDay|[upkeep]
|-sideend|p1: axcoquette|move: Tailwind
|upkeep
|turn|5
|inactive|breasc11 has 30 seconds left.
|
|t:|1784582815
|move|p1a: Glimmora|Spiky Shield|p1a: Glimmora
|-singleturn|p1a: Glimmora|move: Protect
|move|p2b: Whimsicott|Encore|p1b: Milotic
|-start|p1b: Milotic|Encore
|move|p2a: Basculegion|Wave Crash|p1a: Glimmora
|-activate|p1a: Glimmora|move: Protect
|-damage|p2a: Basculegion|23/100|[from] Spiky Shield|[of] p1a: Glimmora
|move|p1b: Milotic|Coil|p1b: Milotic
|-boost|p1b: Milotic|atk|1
|-boost|p1b: Milotic|def|1
|-boost|p1b: Milotic|accuracy|1
|
|-weather|SunnyDay|[upkeep]
|-sideend|p2: breasc11|move: Tailwind
|upkeep
|turn|6
|inactive|axcoquette has 30 seconds left.
|
|t:|1784582840
|move|p2b: Whimsicott|Tailwind|p2b: Whimsicott
|-sidestart|p2: breasc11|move: Tailwind
|move|p2a: Basculegion|Wave Crash|p1a: Glimmora
|-supereffective|p1a: Glimmora|1
|-damage|p1a: Glimmora|0 fnt
|faint|p1a: Glimmora
|-damage|p2a: Basculegion|8/100|[from] Recoil
|move|p1b: Milotic|Coil|p1b: Milotic
|-boost|p1b: Milotic|atk|1
|-boost|p1b: Milotic|def|1
|-boost|p1b: Milotic|accuracy|1
|
|-weather|none
|upkeep
|
|t:|1784582853
|switch|p1a: Whimsicott|Whimsicott, L50, F|100/100
|turn|7
|
|t:|1784582860
|move|p2b: Whimsicott|Encore||[still]
|-fail|p2b: Whimsicott
|move|p1a: Whimsicott|Encore||[still]
|-fail|p1a: Whimsicott
|move|p2a: Basculegion|Last Respects|p1a: Whimsicott
|-damage|p1a: Whimsicott|54/100
|move|p1b: Milotic|Coil|p1b: Milotic
|-boost|p1b: Milotic|atk|1
|-boost|p1b: Milotic|def|1
|-boost|p1b: Milotic|accuracy|1
|
|-end|p1b: Milotic|Encore
|upkeep
|turn|8
|
|t:|1784582884
|move|p2b: Whimsicott|Encore|p1b: Milotic
|-start|p1b: Milotic|Encore
|move|p1a: Whimsicott|Tailwind|p1a: Whimsicott
|-sidestart|p1: axcoquette|move: Tailwind
|move|p2a: Basculegion|Wave Crash|p1a: Whimsicott
|-resisted|p1a: Whimsicott|1
|-damage|p1a: Whimsicott|0 fnt
|faint|p1a: Whimsicott
|-damage|p2a: Basculegion|0 fnt|[from] Recoil
|faint|p2a: Basculegion
|move|p1b: Milotic|Coil|p1b: Milotic
|-boost|p1b: Milotic|atk|1
|-boost|p1b: Milotic|def|1
|-boost|p1b: Milotic|accuracy|1
|
|upkeep
|
|t:|1784582897
|switch|p1a: Weavile|Weavile, L50, F|4/100
|switch|p2a: Charizard|Charizard-Mega-Y, L50, M|69/100
|-ability|p1a: Weavile|Pressure
|-weather|SunnyDay|[from] ability: Drought|[of] p2a: Charizard
|turn|9
|
|t:|1784582916
|move|p1a: Weavile|Knock Off|p2b: Whimsicott
|-resisted|p2b: Whimsicott|1
|-damage|p2b: Whimsicott|64/100
|-enditem|p2b: Whimsicott|Focus Sash|[from] move: Knock Off|[of] p1a: Weavile
|move|p2b: Whimsicott|Moonblast|p1a: Weavile
|-supereffective|p1a: Weavile|1
|-damage|p1a: Weavile|0 fnt
|faint|p1a: Weavile
|move|p2a: Charizard|Weather Ball|p1b: Milotic
|-resisted|p1b: Milotic|1
|-damage|p1b: Milotic|73/100
|move|p1b: Milotic|Coil|p1b: Milotic
|-boost|p1b: Milotic|atk|1
|-boost|p1b: Milotic|def|1
|-boost|p1b: Milotic|accuracy|1
|
|-weather|SunnyDay|[upkeep]
|-heal|p1b: Milotic|79/100|[from] item: Leftovers
|-sideend|p2: breasc11|move: Tailwind
|upkeep
|turn|10
|
|t:|1784582932
|move|p1b: Milotic|Coil|p1b: Milotic
|-boost|p1b: Milotic|atk|0
|-boost|p1b: Milotic|def|0
|-boost|p1b: Milotic|accuracy|0
|move|p2b: Whimsicott|Moonblast|p1b: Milotic
|-damage|p1b: Milotic|56/100
|move|p2a: Charizard|Solar Beam||[still]
|-prepare|p2a: Charizard|Solar Beam
|-anim|p2a: Charizard|Solar Beam|p1b: Milotic
|-supereffective|p1b: Milotic|1
|-damage|p1b: Milotic|1/100
|
|-weather|SunnyDay|[upkeep]
|-heal|p1b: Milotic|6/100|[from] item: Leftovers
|-end|p1b: Milotic|Encore
|upkeep
|turn|11
|
|t:|1784582944
|move|p2b: Whimsicott|Encore|p1b: Milotic
|-start|p1b: Milotic|Encore
|move|p1b: Milotic|Coil|p1b: Milotic
|-boost|p1b: Milotic|atk|0
|-boost|p1b: Milotic|def|0
|-boost|p1b: Milotic|accuracy|0
|move|p2a: Charizard|Solar Beam||[still]
|-prepare|p2a: Charizard|Solar Beam
|-anim|p2a: Charizard|Solar Beam|p1b: Milotic
|-supereffective|p1b: Milotic|1
|-damage|p1b: Milotic|0 fnt
|faint|p1b: Milotic
|
|win|breasc11
