|j|☆WhatIsBreadnaught
|j|☆testdigi
|html|WhatIsBreadnaughttestdigi    
|uhtml|bestof|Game 2 of a best-of-3
|t:|1784896964
|gametype|doubles
|player|p1|WhatIsBreadnaught|volkner|1051
|player|p2|testdigi|101|1070
|gen|9
|tier|[Gen 9 Champions] VGC 2026 Reg M-B (Bo3)
|rated|
|rule|Species Clause: Limit one of each Pokémon
|rule|Item Clause: Limit 1 of each item
|clearpoke
|poke|p1|Pyroar, L50, F|
|poke|p1|Vileplume, L50, M|
|poke|p1|Torkoal, L50, M|
|poke|p1|Incineroar, L50, F|
|poke|p1|Floette-Eternal, L50, F|
|poke|p1|Farigiraf, L50, M|
|poke|p2|Raichu, L50, M|
|poke|p2|Tyranitar, L50, F|
|poke|p2|Mamoswine, L50, F|
|poke|p2|Sylveon, L50, M|
|poke|p2|Corviknight, L50, F|
|poke|p2|Basculegion, L50, M|
|teampreview|4
|showteam|p1|Pyroar||Pyroarite|Unnerve|Protect,Overheat,HeatWave,SolarBeam|Timid||F|||50|]Vileplume||FocusSash|Chlorophyll|SleepPowder,AfterYou,SludgeBomb,SolarBeam|Timid||M|||50|]Torkoal||Charcoal|Drought|Protect,HelpingHand,Eruption,WeatherBall|Quiet||M|||50|]Incineroar||WhiteHerb|Intimidate|FakeOut,FlareBlitz,DarkestLariat,CloseCombat|Brave||F|||50|]Floette-Eternal||Floettite|FlowerVeil|Protect,CalmMind,Moonblast,DrainingKiss|Modest||F|||50|]Farigiraf||SitrusBerry|ArmorTail|HelpingHand,TrickRoom,Psychic,Thunderbolt|Relaxed||M|||50|
|showteam|p2|Raichu||RaichuniteY|LightningRod|ZapCannon,FocusBlast,FakeOut,Protect|Timid||M|||50|]Tyranitar||ChoiceScarf|SandStream|KnockOff,RockBlast,IceBeam,LowKick|Adamant||F|||50|]Mamoswine||LifeOrb|Oblivious|StompingTantrum,IceShard,RockSlide,Protect|Adamant||F|||50|]Sylveon||FairyFeather|Pixilate|HyperVoice,QuickAttack,Yawn,Detect|Modest||M|||50|]Corviknight||OccaBerry|MirrorArmor|IronHead,BraveBird,Tailwind,Protect|Adamant||F|||50|]Basculegion||FocusSash|Adaptability|LastRespects,Liquidation,AquaJet,Protect|Jolly||M|||50|
|inactive|Battle timer is ON: inactive players will automatically lose when time's up. (requested by testdigi)
|
|t:|1784897023
|teamsize|p1|4
|teamsize|p2|4
|start
|switch|p1a: Vileplume|Vileplume, L50, M|100/100
|switch|p1b: Torkoal|Torkoal, L50, M|100/100
|switch|p2a: Raichu|Raichu, L50, M|100/100
|switch|p2b: Sylveon|Sylveon, L50, M|100/100
|-weather|SunnyDay|[from] ability: Drought|[of] p1b: Torkoal
|turn|1
|inactive|WhatIsBreadnaught has 30 seconds left.
|inactive|testdigi has 30 seconds left.
|inactive|WhatIsBreadnaught has 20 seconds left.
|
|t:|1784897058
|switch|p2b: Tyranitar|Tyranitar, L50, F|100/100
|-weather|Sandstorm|[from] ability: Sand Stream|[of] p2b: Tyranitar
|detailschange|p2a: Raichu|Raichu-Mega-Y, L50, M
|-mega|p2a: Raichu|Raichu|Raichunite Y
|move|p1b: Torkoal|Protect|p1b: Torkoal
|-singleturn|p1b: Torkoal|Protect
|move|p2a: Raichu|Zap Cannon|p1b: Torkoal
|-activate|p1b: Torkoal|move: Protect
|move|p1a: Vileplume|Sleep Powder|p2b: Tyranitar
|-status|p2b: Tyranitar|slp|[from] move: Sleep Powder
|
|-weather|Sandstorm|[upkeep]
|-damage|p2a: Raichu|93/100|[from] Sandstorm
|-damage|p1a: Vileplume|94/100|[from] Sandstorm
|-damage|p1b: Torkoal|93/100|[from] Sandstorm
|upkeep
|turn|2
|inactive|WhatIsBreadnaught has 30 seconds left.
|inactive|testdigi has 30 seconds left.
|inactive|WhatIsBreadnaught has 20 seconds left.
|inactive|WhatIsBreadnaught has 15 seconds left.
|inactive|WhatIsBreadnaught has 10 seconds left.
|
|t:|1784897104
|switch|p1b: Floette|Floette-Eternal, L50, F|100/100
|move|p2a: Raichu|Zap Cannon|p1b: Floette
|-damage|p1b: Floette|44/100
|-status|p1b: Floette|par
|cant|p2b: Tyranitar|slp
|move|p1a: Vileplume|Sludge Bomb|p2a: Raichu
|-damage|p2a: Raichu|39/100
|-status|p2a: Raichu|psn
|
|-weather|Sandstorm|[upkeep]
|-damage|p2a: Raichu|33/100 psn|[from] Sandstorm
|-damage|p1a: Vileplume|88/100|[from] Sandstorm
|-damage|p1b: Floette|38/100 par|[from] Sandstorm
|-damage|p2a: Raichu|21/100 psn|[from] psn
|upkeep
|turn|3
|inactive|WhatIsBreadnaught has 30 seconds left.
|inactive|testdigi has 30 seconds left.
|
|t:|1784897137
|switch|p2b: Corviknight|Corviknight, L50, F|100/100
|detailschange|p1b: Floette|Floette-Mega, L50, F
|-mega|p1b: Floette|Floette|Floettite
|-ability|p1b: Floette|Fairy Aura
|move|p2a: Raichu|Zap Cannon|p1a: Vileplume
|-resisted|p1a: Vileplume|1
|-damage|p1a: Vileplume|46/100
|-status|p1a: Vileplume|par
|move|p1b: Floette|Draining Kiss|p2b: Corviknight
|-resisted|p2b: Corviknight|1
|-damage|p2b: Corviknight|80/100
|-heal|p1b: Floette|55/100 par|[from] drain|[of] p2b: Corviknight
|move|p1a: Vileplume|Sludge Bomb|p2a: Raichu
|-damage|p2a: Raichu|0 fnt
|faint|p2a: Raichu
|
|-weather|Sandstorm|[upkeep]
|-damage|p1b: Floette|48/100 par|[from] Sandstorm
|-damage|p1a: Vileplume|40/100 par|[from] Sandstorm
|upkeep
|
|t:|1784897150
|switch|p2a: Sylveon|Sylveon, L50, M|100/100
|turn|4
|
|t:|1784897172
|switch|p1a: Torkoal|Torkoal, L50, M|93/100
|-weather|SunnyDay|[from] ability: Drought|[of] p1a: Torkoal
|move|p1b: Floette|Protect|p1b: Floette
|-singleturn|p1b: Floette|Protect
|move|p2b: Corviknight|Iron Head|p1b: Floette
|-activate|p1b: Floette|move: Protect
|move|p2a: Sylveon|Hyper Voice|p1a: Torkoal|[spread] p1a
|-activate|p1b: Floette|move: Protect
|-resisted|p1a: Torkoal|1
|-damage|p1a: Torkoal|55/100
|
|-weather|SunnyDay|[upkeep]
|upkeep
|turn|5
|
|t:|1784897195
|switch|p2b: Tyranitar|Tyranitar, L50, F|100/100 slp
|-weather|Sandstorm|[from] ability: Sand Stream|[of] p2b: Tyranitar
|switch|p1b: Incineroar|Incineroar, L50, F|100/100
|-ability|p1b: Incineroar|Intimidate|boost
|-unboost|p2a: Sylveon|atk|1
|-unboost|p2b: Tyranitar|atk|1
|move|p2a: Sylveon|Hyper Voice|p1b: Incineroar|[spread] p1a,p1b
|-resisted|p1a: Torkoal|1
|-damage|p1a: Torkoal|28/100
|-damage|p1b: Incineroar|56/100
|move|p1a: Torkoal|Weather Ball|p2b: Tyranitar
|-damage|p2b: Tyranitar|81/100 slp
|
|-weather|Sandstorm|[upkeep]
|-damage|p2a: Sylveon|94/100|[from] Sandstorm
|-damage|p1b: Incineroar|50/100g|[from] Sandstorm
|-damage|p1a: Torkoal|22/100|[from] Sandstorm
|upkeep
|turn|6
|inactive|WhatIsBreadnaught has 30 seconds left.
|inactive|testdigi has 30 seconds left.
|
|t:|1784897230
|switch|p2b: Corviknight|Corviknight, L50, F|80/100
|switch|p1a: Vileplume|Vileplume, L50, M|40/100 par
|move|p1b: Incineroar|Fake Out|p2a: Sylveon
|-damage|p2a: Sylveon|79/100
|cant|p2a: Sylveon|flinch
|
|-weather|Sandstorm|[upkeep]
|-damage|p2a: Sylveon|74/100|[from] Sandstorm
|-damage|p1b: Incineroar|44/100|[from] Sandstorm
|-damage|p1a: Vileplume|34/100 par|[from] Sandstorm
|upkeep
|turn|7
|inactive|WhatIsBreadnaught has 30 seconds left.
|
|t:|1784897260
|move|p2b: Corviknight|Brave Bird|p1a: Vileplume
|-supereffective|p1a: Vileplume|1
|-damage|p1a: Vileplume|0 fnt
|faint|p1a: Vileplume
|-damage|p2b: Corviknight|72/100|[from] Recoil
|move|p2a: Sylveon|Hyper Voice|p1b: Incineroar
|-damage|p1b: Incineroar|0 fnt
|faint|p1b: Incineroar
|
|-weather|Sandstorm|[upkeep]
|-damage|p2a: Sylveon|68/100|[from] Sandstorm
|upkeep
|
|t:|1784897271
|switch|p1a: Torkoal|Torkoal, L50, M|22/100
|switch|p1b: Floette|Floette-Mega, L50, F|48/100 par
|-ability|p1b: Floette|Fairy Aura
|-weather|SunnyDay|[from] ability: Drought|[of] p1a: Torkoal
|turn|8
|inactive|WhatIsBreadnaught has 30 seconds left.
|inactive|testdigi has 30 seconds left.
|inactive|testdigi has 20 seconds left.
|inactive|testdigi has 15 seconds left.
|
|t:|1784897314
|switch|p2a: Tyranitar|Tyranitar, L50, F|81/100 slp
|-weather|Sandstorm|[from] ability: Sand Stream|[of] p2a: Tyranitar
|move|p2b: Corviknight|Iron Head|p1a: Torkoal
|-resisted|p1a: Torkoal|1
|-damage|p1a: Torkoal|8/100
|move|p1b: Floette|Draining Kiss|p2b: Corviknight
|-resisted|p2b: Corviknight|1
|-damage|p2b: Corviknight|51/100
|-heal|p1b: Floette|66/100 par|[from] drain|[of] p2b: Corviknight
|move|p1a: Torkoal|Weather Ball|p2a: Tyranitar
|-damage|p2a: Tyranitar|63/100 slp
|
|-weather|Sandstorm|[upkeep]
|-damage|p1b: Floette|60/100 par|[from] Sandstorm
|-damage|p1a: Torkoal|2/100|[from] Sandstorm
|upkeep
|turn|9
|inactive|WhatIsBreadnaught has 30 seconds left.
|inactive|WhatIsBreadnaught has 20 seconds left.
|inactive|WhatIsBreadnaught has 15 seconds left.
|
|t:|1784897359
|cant|p2a: Tyranitar|slp
|move|p2b: Corviknight|Iron Head|p1b: Floette
|-supereffective|p1b: Floette|1
|-damage|p1b: Floette|0 fnt
|faint|p1b: Floette
|move|p1a: Torkoal|Weather Ball|p2b: Corviknight
|-damage|p2b: Corviknight|24/100
|
|-weather|Sandstorm|[upkeep]
|-damage|p1a: Torkoal|0 fnt|[from] Sandstorm
|faint|p1a: Torkoal
|
|win|testdigi
||testdigi is ready for game 3.
|inactive|WhatIsBreadnaught has 30 seconds to confirm battle start!
||WhatIsBreadnaught is ready for game 3.
|uhtml|next|Next: Game 3 of 3
|l|☆WhatIsBreadnaught
|player|p1|
