|j|☆lucky777n
|j|☆lightanight
|html|lucky777nlightanight    
|uhtml|bestof|Game 2 of a best-of-3
|t:|1783749118
|gametype|doubles
|player|p1|lucky777n|boarder|
|player|p2|lightanight|101|
|gen|9
|tier|[Gen 9 Champions] VGC 2026 Reg M-B (Bo3)
|rule|Species Clause: Limit one of each Pokémon
|rule|Item Clause: Limit 1 of each item
|clearpoke
|poke|p1|Gengar, L50, M|
|poke|p1|Incineroar, L50, F|
|poke|p1|Snorlax, L50, F|
|poke|p1|Ninetales-Alola, L50, M|
|poke|p1|Kingambit, L50, F|
|poke|p1|Sneasler, L50, M|
|poke|p2|Charizard, L50, F, shiny|
|poke|p2|Floette-Eternal, L50, F|
|poke|p2|Aegislash, L50, M, shiny|
|poke|p2|Incineroar, L50, F, shiny|
|poke|p2|Garchomp, L50, F, shiny|
|poke|p2|Sinistcha, L50|
|teampreview|4
|showteam|p1|Gengar||Gengarite|CursedBody|ShadowBall,Disable,PerishSong,Protect|Timid||M|||50|]Incineroar||SitrusBerry|Intimidate|FakeOut,FlareBlitz,PartingShot,Protect|Relaxed||F|||50|]Snorlax||Leftovers|ThickFat|Fissure,Encore,Yawn,Protect|Relaxed||F|||50|]Ninetales-Alola||NeverMeltIce|SnowWarning|Blizzard,FreezeDry,Encore,Protect|Timid||M|||50|]Kingambit||BlackGlasses|Defiant|SuckerPunch,KowtowCleave,SwordsDance,Protect|Adamant||F|||50|]Sneasler||WhiteHerb|Unburden|FakeOut,CloseCombat,GunkShot,Protect|Jolly||M|||50|
|showteam|p2|Charizard||CharizarditeY|Blaze|HeatWave,SolarBeam,WeatherBall,Protect|Modest||F|||50|]Floette-Eternal||Floettite|FlowerVeil|DazzlingGleam,DrainingKiss,Protect,CalmMind|Modest||F|||50|]Aegislash||FocusSash|StanceChange|WideGuard,Poltergeist,ShadowSneak,CloseCombat|Adamant||M|||50|]Incineroar||SitrusBerry|Intimidate|FakeOut,FlareBlitz,PartingShot,ThroatChop|Careful||F|||50|]Garchomp||ChoiceScarf|RoughSkin|RockSlide,DragonClaw,Earthquake,StompingTantrum|Adamant||F|||50|]Sinistcha||KasibBerry|Hospitality|MatchaGotcha,Protect,LifeDew,RagePowder|Bold|||||50|
|
|t:|1783749130
|teamsize|p1|4
|teamsize|p2|4
|start
|switch|p1a: Gengar|Gengar, L50, M|100/100
|switch|p1b: Incineroar|Incineroar, L50, F|100/100
|switch|p2a: Charizard|Charizard, L50, F, shiny|100/100
|switch|p2b: Garchomp|Garchomp, L50, F, shiny|100/100
|-ability|p1b: Incineroar|Intimidate|boost
|-unboost|p2a: Charizard|atk|1
|-unboost|p2b: Garchomp|atk|1
|turn|1
|
|t:|1783749151
|switch|p2b: Aegislash|Aegislash, L50, M, shiny|100/100
|detailschange|p1a: Gengar|Gengar-Mega, L50, M
|-mega|p1a: Gengar|Gengar|Gengarite
|detailschange|p2a: Charizard|Charizard-Mega-Y, L50, F, shiny
|-mega|p2a: Charizard|Charizard|Charizardite Y
|-weather|SunnyDay|[from] ability: Drought|[of] p2a: Charizard
|move|p1b: Incineroar|Fake Out|p2a: Charizard
|-damage|p2a: Charizard|88/100
|move|p1a: Gengar|Perish Song|p1a: Gengar
|-start|p1a: Gengar|perish3|[silent]
|-start|p1b: Incineroar|perish3|[silent]
|-start|p2a: Charizard|perish3|[silent]
|-start|p2b: Aegislash|perish3|[silent]
|-fieldactivate|move: Perish Song
|cant|p2a: Charizard|flinch
|
|-weather|SunnyDay|[upkeep]
|-start|p1a: Gengar|perish3
|-start|p2a: Charizard|perish3
|-start|p2b: Aegislash|perish3
|-start|p1b: Incineroar|perish3
|upkeep
|turn|2
|
|t:|1783749172
|move|p1a: Gengar|Protect|p1a: Gengar
|-singleturn|p1a: Gengar|Protect
|move|p1b: Incineroar|Protect|p1b: Incineroar
|-singleturn|p1b: Incineroar|Protect
|move|p2a: Charizard|Heat Wave|p1a: Gengar|[spread] 
|-activate|p1a: Gengar|move: Protect
|-activate|p1b: Incineroar|move: Protect
|-formechange|p2b: Aegislash|Aegislash-Blade|
|move|p2b: Aegislash|Close Combat|p1b: Incineroar
|-activate|p1b: Incineroar|move: Protect
|
|-weather|SunnyDay|[upkeep]
|-start|p1a: Gengar|perish2
|-start|p2a: Charizard|perish2
|-start|p2b: Aegislash|perish2
|-start|p1b: Incineroar|perish2
|upkeep
|turn|3
|
|t:|1783749197
|switch|p1a: Ninetales|Ninetales-Alola, L50, M|100/100
|-weather|Snowscape|[from] ability: Snow Warning|[of] p1a: Ninetales
|move|p2a: Charizard|Weather Ball|p1b: Incineroar
|-resisted|p1b: Incineroar|1
|-damage|p1b: Incineroar|83/100
|move|p2b: Aegislash|Poltergeist|p1a: Ninetales
|-activate|p1a: Ninetales|move: Poltergeist|Never-Melt Ice
|-damage|p1a: Ninetales|34/100
|move|p1b: Incineroar|Parting Shot|p2a: Charizard
|-unboost|p2a: Charizard|atk|1
|-unboost|p2a: Charizard|spa|1
|
|t:|1783749211
|switch|p1b: Gengar|Gengar-Mega, L50, M|100/100|[from] Parting Shot
|
|-weather|Snowscape|[upkeep]
|-start|p2a: Charizard|perish1
|-start|p2b: Aegislash|perish1
|upkeep
|turn|4
|
|t:|1783749225
|switch|p1a: Incineroar|Incineroar, L50, F|83/100
|-ability|p1a: Incineroar|Intimidate|boost
|-unboost|p2a: Charizard|atk|1
|-unboost|p2b: Aegislash|atk|1
|switch|p2b: Incineroar|Incineroar, L50, F, shiny|100/100
|-ability|p2b: Incineroar|Intimidate|boost
|-unboost|p1a: Incineroar|atk|1
|-unboost|p1b: Gengar|atk|1
|move|p1b: Gengar|Protect|p1b: Gengar
|-singleturn|p1b: Gengar|Protect
|move|p2a: Charizard|Heat Wave|p1a: Incineroar|[spread] p1a
|-activate|p1b: Gengar|move: Protect
|-resisted|p1a: Incineroar|1
|-damage|p1a: Incineroar|71/100
|
|-weather|Snowscape|[upkeep]
|-start|p2a: Charizard|perish0
|faint|p2a: Charizard
|upkeep
|
|t:|1783749238
|switch|p2a: Aegislash|Aegislash, L50, M, shiny|100/100
|turn|5
|
|t:|1783749252
|switch|p1b: Kingambit|Kingambit, L50, F|100/100
|-formechange|p2a: Aegislash|Aegislash-Blade|
|move|p2a: Aegislash|Close Combat|p1a: Incineroar
|-supereffective|p1a: Incineroar|1
|-damage|p1a: Incineroar|0 fnt
|-unboost|p2a: Aegislash|def|1
|-unboost|p2a: Aegislash|spd|1
|faint|p1a: Incineroar
|move|p2b: Incineroar|Flare Blitz|p1b: Kingambit
|-supereffective|p1b: Kingambit|1
|-damage|p1b: Kingambit|30/100
|-damage|p2b: Incineroar|76/100|[from] Recoil
|
|-weather|Snowscape|[upkeep]
|upkeep
|
|t:|1783749269
|switch|p1a: Gengar|Gengar-Mega, L50, M|100/100
|turn|6
|
|t:|1783749278
|move|p1b: Kingambit|Protect|p1b: Kingambit
|-singleturn|p1b: Kingambit|Protect
|move|p2a: Aegislash|Shadow Sneak|p1a: Gengar
|-supereffective|p1a: Gengar|1
|-damage|p1a: Gengar|44/100
|move|p1a: Gengar|Shadow Ball|p2a: Aegislash
|-supereffective|p2a: Aegislash|1
|-enditem|p2a: Aegislash|Focus Sash
|-damage|p2a: Aegislash|1/100
|move|p2b: Incineroar|Flare Blitz|p1b: Kingambit
|-activate|p1b: Kingambit|move: Protect
|
|-weather|Snowscape|[upkeep]
|upkeep
|turn|7
|
|t:|1783749297
|move|p2a: Aegislash|Shadow Sneak|p1a: Gengar
|-supereffective|p1a: Gengar|1
|-damage|p1a: Gengar|0 fnt
|faint|p1a: Gengar
|move|p1b: Kingambit|Sucker Punch||[still]
|-fail|p1b: Kingambit
|move|p2b: Incineroar|Flare Blitz|p1b: Kingambit
|-supereffective|p1b: Kingambit|1
|-damage|p1b: Kingambit|0 fnt
|faint|p1b: Kingambit
|-damage|p2b: Incineroar|65/100|[from] Recoil
|
|-weather|none
|upkeep
|
|t:|1783749311
|switch|p1b: Ninetales|Ninetales-Alola, L50, M|34/100
|-weather|Snowscape|[from] ability: Snow Warning|[of] p1b: Ninetales
|turn|8
|
|t:|1783749317
|move|p2a: Aegislash|Wide Guard|p2a: Aegislash
|-singleturn|p2a: Aegislash|Wide Guard
|move|p1b: Ninetales|Blizzard|p2b: Incineroar|[spread] 
|-activate|p2a: Aegislash|move: Wide Guard
|-activate|p2b: Incineroar|move: Wide Guard
|move|p2b: Incineroar|Flare Blitz|p1b: Ninetales
|-supereffective|p1b: Ninetales|1
|-damage|p1b: Ninetales|0 fnt
|faint|p1b: Ninetales
|-damage|p2b: Incineroar|56/100|[from] Recoil
|
|win|lightanight
|l|☆lightanight
|player|p2|
|j| ZoryaPet
|j| Nhatpia
|l| Nhatpia
