|j|☆cal_cvgcl
|j|☆jevg93
|html|cal_cvgcljevg93    
|uhtml|bestof|Game 1 of a best-of-3
|t:|1756406066
|gametype|doubles
|player|p1|cal_cvgcl|169|1124
|player|p2|jevg93|2|1024
|gen|9
|tier|[Gen 9] VGC 2025 Reg H (Bo3)
|rated|
|rule|Species Clause: Limit one of each Pokémon
|rule|Item Clause: Limit 1 of each item
|clearpoke
|poke|p1|Gholdengo, L50|
|poke|p1|Amoonguss, L50, M|
|poke|p1|Basculegion, L50, M|
|poke|p1|Pelipper, L50, F|
|poke|p1|Incineroar, L50, M|
|poke|p1|Archaludon, L50, M|
|poke|p2|Lapras, L50, M|
|poke|p2|Golurk, L50|
|poke|p2|Bronzong, L50|
|poke|p2|Incineroar, L50, F|
|poke|p2|Clefable, L50, M|
|poke|p2|Gothitelle, L50, F|
|teampreview|4
|showteam|p1|Gholdengo||LifeOrb|GoodasGold|MakeItRain,ShadowBall,NastyPlot,Protect||||||50|,,,,,Water]Amoonguss||SitrusBerry|Regenerator|Spore,RagePowder,PollenPuff,Protect|||M|||50|,,,,,Psychic]Basculegion||ChoiceBand|SwiftSwim|WaveCrash,FlipTurn,LastRespects,AquaJet|||M|||50|,,,,,Water]Pelipper||FocusSash|Drizzle|WeatherBall,Hurricane,Tailwind,Protect|||F|||50|,,,,,Ground]Incineroar||SafetyGoggles|Intimidate|FlareBlitz,KnockOff,PartingShot,FakeOut|||M|||50|,,,,,Ghost]Archaludon||AssaultVest|Stamina|ElectroShot,FlashCannon,DracoMeteor,BodyPress|||M|||50|,,,,,Bug
|showteam|p2|Lapras||Leftovers|WaterAbsorb|Substitute,Protect,SheerCold,PerishSong|||M|||50|,,,,,Ghost]Golurk||LightClay|NoGuard|DynamicPunch,Reflect,Curse,Protect||||||50|,,,,,Fighting]Bronzong||MentalHerb|Levitate|SkillSwap,TrickRoom,Hypnosis,Protect||||||50|,,,,,Dark]Incineroar||AssaultVest|Intimidate|FakeOut,FlareBlitz,ThroatChop,Uturn|||F|||50|,,,,,Grass]Clefable||SafetyGoggles|Unaware|Moonblast,FollowMe,SkillSwap,Protect|||M|||50|,,,,,Water]Gothitelle||SitrusBerry|ShadowTag|Protect,FakeOut,HealPulse,Psychic|||F|||50|,,,,,Water
|inactive|Battle timer is ON: inactive players will automatically lose when time's up. (requested by cal_cvgcl)
|inactive|cal_cvgcl has 60 seconds left.
|
|t:|1756406101
|teamsize|p1|4
|teamsize|p2|4
|start
|switch|p1a: Incineroar|Incineroar, L50, M|100/100
|switch|p1b: Gholdengo|Gholdengo, L50|100/100
|switch|p2a: Lapras|Lapras, L50, M|100/100
|switch|p2b: Clefable|Clefable, L50, M|100/100
|-ability|p1a: Incineroar|Intimidate|boost
|-unboost|p2a: Lapras|atk|1
|-unboost|p2b: Clefable|atk|1
|turn|1
|inactive|cal_cvgcl has 30 seconds left.
|inactive|jevg93 has 30 seconds left.
|inactive|jevg93 has 20 seconds left.
|c|☆cal_cvgcl|oh yeah this team
|inactive|jevg93 has 15 seconds left.
|
|t:|1756406144
|switch|p2a: Incineroar|Incineroar, L50, F|100/100
|-ability|p2a: Incineroar|Intimidate|boost
|-unboost|p1a: Incineroar|atk|1
|-unboost|p1b: Gholdengo|atk|1
|move|p1a: Incineroar|Fake Out|p2b: Clefable
|-damage|p2b: Clefable|89/100
|move|p1b: Gholdengo|Nasty Plot|p1b: Gholdengo
|-boost|p1b: Gholdengo|spa|2
|cant|p2b: Clefable|flinch
|
|upkeep
|turn|2
|inactive|cal_cvgcl has 30 seconds left.
|
|t:|1756406175
|move|p1b: Gholdengo|Protect|p1b: Gholdengo
|-singleturn|p1b: Gholdengo|Protect
|move|p2b: Clefable|Follow Me|p2b: Clefable
|-singleturn|p2b: Clefable|move: Follow Me
|move|p2a: Incineroar|Flare Blitz|p1b: Gholdengo
|-activate|p1b: Gholdengo|move: Protect
|move|p1a: Incineroar|Parting Shot|p2b: Clefable
|-unboost|p2b: Clefable|atk|1
|-unboost|p2b: Clefable|spa|1
|
|t:|1756406182
|switch|p1a: Pelipper|Pelipper, L50, F|100/100|[from] Parting Shot
|-weather|RainDance|[from] ability: Drizzle|[of] p1a: Pelipper
|
|-weather|RainDance|[upkeep]
|upkeep
|turn|3
|inactive|jevg93 has 30 seconds left.
|inactive|jevg93 has 20 seconds left.
|inactive|jevg93 has 15 seconds left.
|inactive|jevg93 has 10 seconds left.
|inactive|jevg93 has 5 seconds left.
|
|t:|1756406237
|-terastallize|p1b: Gholdengo|Water
|move|p2a: Incineroar|Fake Out||[still]
|-hint|Fake Out only works on your first turn out.
|-fail|p2a: Incineroar
|move|p1b: Gholdengo|Make It Rain|p2a: Incineroar|[spread] p2a,p2b
|-resisted|p2a: Incineroar
|-supereffective|p2b: Clefable
|-damage|p2a: Incineroar|60/100
|-damage|p2b: Clefable|0 fnt
|-unboost|p1b: Gholdengo|spa|1
|faint|p2b: Clefable
|-damage|p1b: Gholdengo|91/100|[from] item: Life Orb
|move|p1a: Pelipper|Hurricane|p2a: Incineroar
|-damage|p2a: Incineroar|26/100
|-start|p2a: Incineroar|confusion
|
|-weather|RainDance|[upkeep]
|upkeep
|
|t:|1756406255
|switch|p2b: Gothitelle|Gothitelle, L50, F|100/100
|turn|4
|
|t:|1756406270
|switch|p2b: Lapras|Lapras, L50, M|100/100
|move|p1b: Gholdengo|Protect|p1b: Gholdengo
|-singleturn|p1b: Gholdengo|Protect
|move|p1a: Pelipper|Protect|p1a: Pelipper
|-singleturn|p1a: Pelipper|Protect
|-activate|p2a: Incineroar|confusion
|move|p2a: Incineroar|U-turn|p1b: Gholdengo
|-activate|p1b: Gholdengo|move: Protect
|
|-weather|RainDance|[upkeep]
|upkeep
|turn|5
|
|t:|1756406284
|move|p2b: Lapras|Protect|p2b: Lapras
|-singleturn|p2b: Lapras|Protect
|move|p1b: Gholdengo|Nasty Plot|p1b: Gholdengo
|-boost|p1b: Gholdengo|spa|2
|move|p1a: Pelipper|Weather Ball|p2a: Incineroar
|-supereffective|p2a: Incineroar
|-damage|p2a: Incineroar|0 fnt
|faint|p2a: Incineroar
|
|-weather|RainDance|[upkeep]
|upkeep
|
|t:|1756406293
|switch|p2a: Gothitelle|Gothitelle, L50, F|100/100
|turn|6
|
|t:|1756406303
|move|p1b: Gholdengo|Protect|p1b: Gholdengo
|-singleturn|p1b: Gholdengo|Protect
|move|p1a: Pelipper|Protect|p1a: Pelipper
|-singleturn|p1a: Pelipper|Protect
|move|p2a: Gothitelle|Fake Out|p1a: Pelipper
|-activate|p1a: Pelipper|move: Protect
|move|p2b: Lapras|Perish Song|p2b: Lapras
|-start|p1a: Pelipper|perish3|[silent]
|-immune|p1b: Gholdengo|[from] ability: Good as Gold
|-start|p2a: Gothitelle|perish3|[silent]
|-start|p2b: Lapras|perish3|[silent]
|-fieldactivate|move: Perish Song
|
|-weather|none
|-start|p1a: Pelipper|perish3
|-start|p2b: Lapras|perish3
|-start|p2a: Gothitelle|perish3
|upkeep
|turn|7
|c|☆cal_cvgcl|sry
|inactive|jevg93 has 30 seconds left.
|
|t:|1756406329
|move|p1b: Gholdengo|Protect||[still]
|-fail|p1b: Gholdengo
|move|p1a: Pelipper|Protect|p1a: Pelipper
|-singleturn|p1a: Pelipper|Protect
|move|p2b: Lapras|Sheer Cold|p1b: Gholdengo
|-damage|p1b: Gholdengo|0 fnt
|faint|p1b: Gholdengo
|-ohko
|move|p2a: Gothitelle|Heal Pulse|p2b: Lapras
|-fail|p2b: Lapras|heal
|
|-start|p1a: Pelipper|perish2
|-start|p2b: Lapras|perish2
|-start|p2a: Gothitelle|perish2
|upkeep
|
|t:|1756406344
|switch|p1b: Incineroar|Incineroar, L50, M|100/100
|-ability|p1b: Incineroar|Intimidate|boost
|-unboost|p2a: Gothitelle|atk|1
|-unboost|p2b: Lapras|atk|1
|turn|8
|
|t:|1756406355
|move|p1a: Pelipper|Protect||[still]
|-fail|p1a: Pelipper
|move|p1b: Incineroar|Fake Out|p2b: Lapras
|-crit|p2b: Lapras
|-damage|p2b: Lapras|85/100
|cant|p2b: Lapras|flinch
|move|p2a: Gothitelle|Psychic|p1b: Incineroar
|-immune|p1b: Incineroar
|
|-heal|p2b: Lapras|91/100|[from] item: Leftovers
|-start|p1a: Pelipper|perish1
|-start|p2b: Lapras|perish1
|-start|p2a: Gothitelle|perish1
|upkeep
|turn|9
|
|t:|1756406379
|move|p1a: Pelipper|Protect|p1a: Pelipper
|-singleturn|p1a: Pelipper|Protect
|move|p1b: Incineroar|Knock Off|p2a: Gothitelle
|-supereffective|p2a: Gothitelle
|-damage|p2a: Gothitelle|10/100
|-enditem|p2a: Gothitelle|Sitrus Berry|[from] move: Knock Off|[of] p1b: Incineroar
|move|p2b: Lapras|Sheer Cold|p1b: Incineroar|[miss]
|-miss|p2b: Lapras|p1b: Incineroar
|move|p2a: Gothitelle|Psychic|p1a: Pelipper
|-activate|p1a: Pelipper|move: Protect
|
|-heal|p2b: Lapras|97/100|[from] item: Leftovers
|-start|p1a: Pelipper|perish0
|-start|p2b: Lapras|perish0
|-start|p2a: Gothitelle|perish0
|faint|p1a: Pelipper
|faint|p2b: Lapras
|faint|p2a: Gothitelle
|
|win|cal_cvgcl
|raw|cal_cvgcl's rating: 1124 → 1142(+18 for winning)
|raw|jevg93's rating: 1024 → 1014(-10 for losing)
|l|☆jevg93
|player|p2|
