|j|☆eskyur
|j|☆NotNumber1
|html|eskyurNotNumber1    
|uhtml|bestof|Game 1 of a best-of-3
|t:|1785359288
|gametype|doubles
|player|p1|eskyur|steven|1077
|player|p2|NotNumber1|cynthia|1095
|gen|9
|tier|[Gen 9 Champions] VGC 2026 Reg M-B (Bo3)
|rated|
|rule|Species Clause: Limit one of each Pokémon
|rule|Item Clause: Limit 1 of each item
|clearpoke
|poke|p1|Staraptor, L50, M|
|poke|p1|Grimmsnarl, L50, M|
|poke|p1|Sinistcha, L50|
|poke|p1|Incineroar, L50, M|
|poke|p1|Charizard, L50, F|
|poke|p1|Sneasler, L50, F|
|poke|p2|Delphox, L50, M|
|poke|p2|Floette-Eternal, L50, F|
|poke|p2|Sneasler, L50, M|
|poke|p2|Incineroar, L50, M|
|poke|p2|Sinistcha, L50|
|poke|p2|Palafin, L50, F|
|teampreview|4
|showteam|p1|Staraptor||Staraptite|Intimidate|CloseCombat,BraveBird,Roost,Protect|Jolly||M|||50|]Grimmsnarl||LightClay|Prankster|SpiritBreak,PartingShot,Reflect,LightScreen|Bold||M|||50|]Sinistcha||KasibBerry|Hospitality|MatchaGotcha,RagePowder,TrickRoom,LifeDew|Bold|||||50|]Incineroar||SitrusBerry|Intimidate|FlareBlitz,ThroatChop,PartingShot,FakeOut|Careful||M|||50|]Charizard||CharizarditeX|Blaze|FlareBlitz,DragonClaw,DragonDance,Protect|Adamant||F|||50|]Sneasler||FocusSash|PoisonTouch|FakeOut,CloseCombat,DireClaw,Coaching|Jolly||F|||50|
|showteam|p2|Delphox||Delphoxite|Blaze|HeatWave,NastyPlot,Psyshock,Protect|Timid||M|||50|]Floette-Eternal||Floettite|FlowerVeil|DrainingKiss,DazzlingGleam,CalmMind,Protect|Bold||F|||50|]Sneasler||FocusSash|PoisonTouch|FakeOut,PoisonJab,CloseCombat,Protect|Jolly||M|||50|]Incineroar||SitrusBerry|Intimidate|FlareBlitz,FakeOut,DarkestLariat,PartingShot|Careful||M|||50|]Sinistcha||KasibBerry|Hospitality|MatchaGotcha,RagePowder,Protect,TrickRoom|Bold|||||50|]Palafin||Leftovers|ZerotoHero|JetPunch,WaveCrash,BulkUp,Protect|Adamant||F|||50|
|
|t:|1785359319
|teamsize|p1|4
|teamsize|p2|4
|start
|switch|p1a: Grimmsnarl|Grimmsnarl, L50, M|100/100
|switch|p1b: Sneasler|Sneasler, L50, F|100/100
|switch|p2a: Palafin|Palafin, L50, F|100/100
|switch|p2b: Incineroar|Incineroar, L50, M|100/100
|-ability|p2b: Incineroar|Intimidate|boost
|-unboost|p1a: Grimmsnarl|atk|1
|-unboost|p1b: Sneasler|atk|1
|turn|1
|
|t:|1785359339
|switch|p1b: Sinistcha|Sinistcha, L50|100/100
|detailschange|p2a: Palafin|Palafin-Hero, L50, F
|switch|p2a: Sneasler|Sneasler, L50, M|100/100
|move|p1a: Grimmsnarl|Reflect|p1a: Grimmsnarl
|-sidestart|p1: eskyur|Reflect
|move|p2b: Incineroar|Parting Shot|p1b: Sinistcha
|-unboost|p1b: Sinistcha|atk|1
|-unboost|p1b: Sinistcha|spa|1
|
|t:|1785359347
|switch|p2b: Floette|Floette-Eternal, L50, F|100/100|[from] Parting Shot
|
|upkeep
|turn|2
|
|t:|1785359364
|detailschange|p2b: Floette|Floette-Mega, L50, F
|-mega|p2b: Floette|Floette|Floettite
|-ability|p2b: Floette|Fairy Aura
|move|p2a: Sneasler|Fake Out|p1a: Grimmsnarl
|-damage|p1a: Grimmsnarl|91/100
|cant|p1a: Grimmsnarl|flinch
|move|p2b: Floette|Calm Mind|p2b: Floette
|-boost|p2b: Floette|spa|1
|-boost|p2b: Floette|spd|1
|move|p1b: Sinistcha|Matcha Gotcha|p2a: Sneasler|[spread] p2a
|-miss|p1b: Sinistcha|p2b: Floette
|-resisted|p2a: Sneasler|1
|-damage|p2a: Sneasler|88/100
|
|upkeep
|turn|3
|
|t:|1785359390
|move|p1a: Grimmsnarl|Parting Shot|p2b: Floette
|-unboost|p2b: Floette|atk|1
|-unboost|p2b: Floette|spa|1
|
|t:|1785359393
|switch|p1a: Incineroar|Incineroar, L50, M|100/100|[from] Parting Shot
|-ability|p1a: Incineroar|Intimidate|boost
|-unboost|p2a: Sneasler|atk|1
|-unboost|p2b: Floette|atk|1
|move|p2a: Sneasler|Poison Jab|p1b: Sinistcha
|-damage|p1b: Sinistcha|84/100
|move|p2b: Floette|Calm Mind|p2b: Floette
|-boost|p2b: Floette|spa|1
|-boost|p2b: Floette|spd|1
|move|p1b: Sinistcha|Matcha Gotcha|p2a: Sneasler|[spread] p2a,p2b
|-resisted|p2a: Sneasler|1
|-crit|p2a: Sneasler
|-damage|p2a: Sneasler|64/100
|-heal|p1b: Sinistcha|95/100|[from] drain|[of] p2a: Sneasler
|-damage|p2b: Floette|94/100
|-heal|p1b: Sinistcha|98/100|[from] drain|[of] p2b: Floette
|-status|p2b: Floette|brn
|
|-damage|p2b: Floette|88/100 brn|[from] brn
|upkeep
|turn|4
|
|t:|1785359427
|move|p1b: Sinistcha|Rage Powder|p1b: Sinistcha
|-singleturn|p1b: Sinistcha|move: Rage Powder
|move|p2a: Sneasler|Poison Jab|p1b: Sinistcha
|-damage|p1b: Sinistcha|82/100
|-status|p1b: Sinistcha|psn
|move|p2b: Floette|Dazzling Gleam|p1a: Incineroar|[spread] p1a,p1b
|-damage|p1a: Incineroar|53/100
|-damage|p1b: Sinistcha|26/100 psn
|move|p1a: Incineroar|Parting Shot|p2b: Floette
|-unboost|p2b: Floette|atk|1
|-unboost|p2b: Floette|spa|1
|
|t:|1785359438
|switch|p1a: Grimmsnarl|Grimmsnarl, L50, M|91/100|[from] Parting Shot
|
|-damage|p1b: Sinistcha|14/100 psn|[from] psn
|-damage|p2b: Floette|82/100 brn|[from] brn
|upkeep
|turn|5
|
|t:|1785359451
|switch|p1b: Incineroar|Incineroar, L50, M|53/100
|-ability|p1b: Incineroar|Intimidate|boost
|-unboost|p2a: Sneasler|atk|1
|-unboost|p2b: Floette|atk|1
|move|p1a: Grimmsnarl|Light Screen|p1a: Grimmsnarl
|-sidestart|p1: eskyur|move: Light Screen
|move|p2a: Sneasler|Poison Jab|p1a: Grimmsnarl
|-supereffective|p1a: Grimmsnarl|1
|-damage|p1a: Grimmsnarl|61/100
|-status|p1a: Grimmsnarl|psn
|move|p2b: Floette|Draining Kiss|p1a: Grimmsnarl
|-supereffective|p1a: Grimmsnarl|1
|-damage|p1a: Grimmsnarl|21/100 psn
|-heal|p2b: Floette|100/100 brn|[from] drain|[of] p1a: Grimmsnarl
|
|-damage|p1a: Grimmsnarl|8/100 psn|[from] psn
|-damage|p2b: Floette|94/100 brn|[from] brn
|upkeep
|turn|6
|
|t:|1785359472
|switch|p2a: Incineroar|Incineroar, L50, M|100/100
|-ability|p2a: Incineroar|Intimidate|boost
|-unboost|p1a: Grimmsnarl|atk|1
|-unboost|p1b: Incineroar|atk|1
|move|p2b: Floette|Protect|p2b: Floette
|-singleturn|p2b: Floette|Protect
|move|p1a: Grimmsnarl|Parting Shot|p2b: Floette
|-activate|p2b: Floette|move: Protect
|move|p1b: Incineroar|Parting Shot|p2a: Incineroar
|-unboost|p2a: Incineroar|atk|1
|-unboost|p2a: Incineroar|spa|1
|
|t:|1785359485
|switch|p1b: Sneasler|Sneasler, L50, F|100/100|[from] Parting Shot
|
|-damage|p1a: Grimmsnarl|0 fnt|[from] psn
|faint|p1a: Grimmsnarl
|-damage|p2b: Floette|88/100 brn|[from] brn
|upkeep
|
|t:|1785359495
|switch|p1a: Incineroar|Incineroar, L50, M|53/100
|-ability|p1a: Incineroar|Intimidate|boost
|-unboost|p2a: Incineroar|atk|1
|-unboost|p2b: Floette|atk|1
|turn|7
|
|t:|1785359506
|move|p1a: Incineroar|Fake Out|p2b: Floette
|-damage|p2b: Floette|78/100 brn
|move|p2a: Incineroar|Fake Out|p1b: Sneasler
|-damage|p1b: Sneasler|93/100
|cant|p1b: Sneasler|flinch
|cant|p2b: Floette|flinch
|
|-damage|p2b: Floette|72/100 brn|[from] brn
|upkeep
|turn|8
|
|t:|1785359527
|switch|p1a: Sinistcha|Sinistcha, L50|14/100 psn
|-heal|p1b: Sneasler|100/100|[from] ability: Hospitality|[of] p1a: Sinistcha
|move|p2b: Floette|Protect|p2b: Floette
|-singleturn|p2b: Floette|Protect
|move|p1b: Sneasler|Close Combat|p2a: Incineroar
|-supereffective|p2a: Incineroar|1
|-damage|p2a: Incineroar|0 fnt
|-unboost|p1b: Sneasler|def|1
|-unboost|p1b: Sneasler|spd|1
|faint|p2a: Incineroar
|
|-damage|p1a: Sinistcha|1/100 psn|[from] psn
|-damage|p2b: Floette|66/100 brn|[from] brn
|-sideend|p1: eskyur|Reflect
|upkeep
|
|t:|1785359538
|switch|p2a: Palafin|Palafin-Hero, L50, F|100/100
|-activate|p2a: Palafin|ability: Zero to Hero
|turn|9
|
|t:|1785359579
|switch|p2b: Sneasler|Sneasler, L50, M|64/100
|switch|p1a: Incineroar|Incineroar, L50, M|53/100
|-ability|p1a: Incineroar|Intimidate|boost
|-unboost|p2a: Palafin|atk|1
|-unboost|p2b: Sneasler|atk|1
|move|p2a: Palafin|Jet Punch|p1a: Incineroar
|-supereffective|p1a: Incineroar|1
|-damage|p1a: Incineroar|2/100
|-enditem|p1a: Incineroar|Sitrus Berry|[eat]
|-heal|p1a: Incineroar|27/100|[from] item: Sitrus Berry
|move|p1b: Sneasler|Dire Claw|p2b: Sneasler
|-resisted|p2b: Sneasler|1
|-damage|p2b: Sneasler|29/100
|
|upkeep
|turn|10
|
|t:|1785359606
|switch|p1b: Sinistcha|Sinistcha, L50|1/100 psn
|-heal|p1a: Incineroar|52/100|[from] ability: Hospitality|[of] p1b: Sinistcha
|move|p1a: Incineroar|Fake Out|p2a: Palafin
|-damage|p2a: Palafin|89/100
|move|p2b: Sneasler|Poison Jab|p1a: Incineroar
|-damage|p1a: Incineroar|25/100
|cant|p2a: Palafin|flinch
|
|-heal|p2a: Palafin|95/100|[from] item: Leftovers
|-damage|p1b: Sinistcha|0 fnt|[from] psn
|faint|p1b: Sinistcha
|upkeep
|
|t:|1785359621
|switch|p1b: Sneasler|Sneasler, L50, F|100/100
|turn|11
|
|t:|1785359640
|move|p2a: Palafin|Jet Punch|p1a: Incineroar
|-supereffective|p1a: Incineroar|1
|-damage|p1a: Incineroar|0 fnt
|faint|p1a: Incineroar
|move|p2b: Sneasler|Poison Jab|p1b: Sneasler
|-resisted|p1b: Sneasler|1
|-damage|p1b: Sneasler|78/100
|move|p1b: Sneasler|Close Combat|p2a: Palafin
|-damage|p2a: Palafin|40/100
|-unboost|p1b: Sneasler|def|1
|-unboost|p1b: Sneasler|spd|1
|
|-heal|p2a: Palafin|46/100|[from] item: Leftovers
|upkeep
|turn|12
|-message|eskyur forfeited.
|raw|eskyur's rating: 1077 → 1057(-20 for losing)
|raw|NotNumber1's rating: 1095 → 1119(+24 for winning)
|
|win|NotNumber1
|l|☆eskyur
|player|p1|
