|j|☆zweeta
|j|☆Quill86
|html|zweetaQuill86    
|uhtml|bestof|Game 1 of a best-of-3
|t:|1757803049
|gametype|doubles
|player|p1|zweeta|pokekid|1319
|player|p2|Quill86|lucas|1267
|gen|9
|tier|[Gen 9] VGC 2025 Reg H (Bo3)
|rated|
|rule|Species Clause: Limit one of each Pokémon
|rule|Item Clause: Limit 1 of each item
|clearpoke
|poke|p1|Gholdengo, L50|
|poke|p1|Ursaluna, L50, M|
|poke|p1|Sinistcha, L50|
|poke|p1|Sneasler, L50, M|
|poke|p1|Dragonite, L50, F|
|poke|p1|Incineroar, L50, F|
|poke|p2|Incineroar, L50, F|
|poke|p2|Gholdengo, L50|
|poke|p2|Ursaluna-Bloodmoon, L50, M|
|poke|p2|Indeedee-F, L50, F|
|poke|p2|Gallade, L50, M|
|poke|p2|Torkoal, L50, F|
|teampreview|4
|showteam|p1|Gholdengo||LifeOrb|GoodasGold|MakeItRain,ShadowBall,NastyPlot,Protect||||||50|,,,,,Water]Ursaluna||FlameOrb|Guts|Facade,HeadlongRush,Earthquake,Protect|||M|||50|,,,,,Ghost]Sinistcha||SitrusBerry|Hospitality|MatchaGotcha,LifeDew,RagePowder,TrickRoom||||||50|,,,,,Dark]Sneasler||WhiteHerb|Unburden|DireClaw,CloseCombat,Coaching,Protect|||M|||50|,,,,,Ghost]Dragonite||LoadedDice|Multiscale|ScaleShot,Haze,Tailwind,Protect|||F|||50|,,,,,Steel]Incineroar||SafetyGoggles|Intimidate|FlareBlitz,KnockOff,FakeOut,PartingShot|||F|||50|,,,,,Ghost
|showteam|p2|Incineroar||SafetyGoggles|Intimidate|FakeOut,FlareBlitz,KnockOff,PartingShot|||F|||50|,,,,,Ghost]Gholdengo||SitrusBerry|GoodasGold|MakeItRain,ShadowBall,NastyPlot,Protect||||||50|,,,,,Water]Ursaluna-Bloodmoon||LifeOrb|MindsEye|BloodMoon,HyperVoice,EarthPower,Protect|||M|||50|,,,,,Normal]Indeedee-F||PsychicSeed|PsychicSurge|FollowMe,TrickRoom,HelpingHand,DazzlingGleam|||F|||50|,,,,,Fairy]Gallade||ClearAmulet|Sharpness|SacredSword,PsychoCut,WideGuard,TrickRoom|||M|||50|,,,,,Grass]Torkoal||Leftovers|Drought|Eruption,WeatherBall,Yawn,Protect|||F|||50|,,,,,Fire
|inactive|Battle timer is ON: inactive players will automatically lose when time's up. (requested by zweeta)
|inactive|Quill86 has 60 seconds left.
|inactive|Quill86 has 30 seconds left.
|inactive|Quill86 has 20 seconds left.
|
|t:|1757803120
|teamsize|p1|4
|teamsize|p2|4
|start
|switch|p1a: Gholdengo|Gholdengo, L50|100/100
|switch|p1b: Incineroar|Incineroar, L50, F|100/100
|switch|p2a: Incineroar|Incineroar, L50, F|100/100
|switch|p2b: Gholdengo|Gholdengo, L50|100/100
|-ability|p1b: Incineroar|Intimidate|boost
|-unboost|p2a: Incineroar|atk|1
|-unboost|p2b: Gholdengo|atk|1
|-ability|p2a: Incineroar|Intimidate|boost
|-unboost|p1a: Gholdengo|atk|1
|-unboost|p1b: Incineroar|atk|1
|turn|1
|
|t:|1757803129
|move|p2a: Incineroar|Fake Out|p1b: Incineroar
|-damage|p1b: Incineroar|94/100
|move|p1a: Gholdengo|Shadow Ball|p2b: Gholdengo
|-supereffective|p2b: Gholdengo
|-damage|p2b: Gholdengo|0 fnt
|faint|p2b: Gholdengo
|-damage|p1a: Gholdengo|91/100|[from] item: Life Orb
|cant|p1b: Incineroar|flinch
|
|upkeep
|
|t:|1757803136
|switch|p2b: Indeedee|Indeedee-F, L50, F|100/100
|-fieldstart|move: Psychic Terrain|[from] ability: Psychic Surge|[of] p2b: Indeedee
|-enditem|p2b: Indeedee|Psychic Seed
|-boost|p2b: Indeedee|spd|1|[from] item: Psychic Seed
|turn|2
|
|t:|1757803141
|switch|p1b: Ursaluna|Ursaluna, L50, M|100/100
|move|p1a: Gholdengo|Nasty Plot|p1a: Gholdengo
|-boost|p1a: Gholdengo|spa|2
|move|p2a: Incineroar|Knock Off|p1a: Gholdengo
|-supereffective|p1a: Gholdengo
|-damage|p1a: Gholdengo|45/100
|-enditem|p1a: Gholdengo|Life Orb|[from] move: Knock Off|[of] p2a: Incineroar
|move|p2b: Indeedee|Trick Room|p2b: Indeedee
|-fieldstart|move: Trick Room|[of] p2b: Indeedee
|
|-status|p1b: Ursaluna|brn|[from] item: Flame Orb
|upkeep
|turn|3
|
|t:|1757803158
|move|p2b: Indeedee|Helping Hand|p2a: Incineroar
|-singleturn|p2a: Incineroar|Helping Hand|[of] p2b: Indeedee
|move|p1a: Gholdengo|Protect|p1a: Gholdengo
|-singleturn|p1a: Gholdengo|Protect
|move|p2a: Incineroar|Flare Blitz|p1a: Gholdengo
|-activate|p1a: Gholdengo|move: Protect
|move|p1b: Ursaluna|Earthquake|p2a: Incineroar|[spread] p2a,p2b
|-activate|p1a: Gholdengo|move: Protect
|-supereffective|p2a: Incineroar
|-damage|p2a: Incineroar|5/100
|-damage|p2b: Indeedee|37/100
|
|-damage|p1b: Ursaluna|94/100 brn|[from] brn
|upkeep
|turn|4
|
|t:|1757803170
|switch|p1b: Sinistcha|Sinistcha, L50|100/100
|-heal|p1a: Gholdengo|70/100|[from] ability: Hospitality|[of] p1b: Sinistcha
|-terastallize|p1a: Gholdengo|Water
|move|p2b: Indeedee|Helping Hand|p2a: Incineroar
|-singleturn|p2a: Incineroar|Helping Hand|[of] p2b: Indeedee
|move|p2a: Incineroar|Flare Blitz|p1a: Gholdengo
|-resisted|p1a: Gholdengo
|-damage|p1a: Gholdengo|46/100
|-damage|p2a: Incineroar|0 fnt|[from] Recoil
|faint|p2a: Incineroar
|move|p1a: Gholdengo|Make It Rain|p2b: Indeedee
|-crit|p2b: Indeedee
|-damage|p2b: Indeedee|0 fnt
|-unboost|p1a: Gholdengo|spa|1
|faint|p2b: Indeedee
|
|upkeep
|inactive|Quill86 has 30 seconds left.
|
|t:|1757803201
|switch|p2a: Ursaluna|Ursaluna-Bloodmoon, L50, M|100/100
|turn|5
|
|t:|1757803208
|-terastallize|p2a: Ursaluna|Normal
|move|p1a: Gholdengo|Protect|p1a: Gholdengo
|-singleturn|p1a: Gholdengo|Protect
|move|p2a: Ursaluna|Hyper Voice|p1a: Gholdengo|[spread] p1b
|-activate|p1a: Gholdengo|move: Protect
|-damage|p1b: Sinistcha|39/100
|-enditem|p1b: Sinistcha|Sitrus Berry|[eat]
|-heal|p1b: Sinistcha|64/100|[from] item: Sitrus Berry
|-damage|p2a: Ursaluna|90/100|[from] item: Life Orb
|move|p1b: Sinistcha|Matcha Gotcha|p2a: Ursaluna
|-damage|p2a: Ursaluna|51/100
|-heal|p1b: Sinistcha|89/100|[from] drain|[of] p2a: Ursaluna
|
|upkeep
|turn|6
|
|t:|1757803223
|switch|p1a: Incineroar|Incineroar, L50, F|94/100
|-ability|p1a: Incineroar|Intimidate|boost
|-unboost|p2a: Ursaluna|atk|1
|move|p2a: Ursaluna|Hyper Voice|p1a: Incineroar|[spread] p1a,p1b
|-damage|p1a: Incineroar|35/100
|-damage|p1b: Sinistcha|25/100
|-damage|p2a: Ursaluna|41/100|[from] item: Life Orb
|move|p1b: Sinistcha|Matcha Gotcha|p2a: Ursaluna
|-damage|p2a: Ursaluna|4/100
|-heal|p1b: Sinistcha|48/100|[from] drain|[of] p2a: Ursaluna
|
|-fieldend|move: Trick Room
|-fieldend|move: Psychic Terrain
|upkeep
|turn|7
|
|t:|1757803228
|move|p1a: Incineroar|Fake Out|p2a: Ursaluna
|-damage|p2a: Ursaluna|0 fnt
|faint|p2a: Ursaluna
|
|win|zweeta
||zweeta is ready for game 2.
||Quill86 is ready for game 2.
|uhtml|next|Next: Game 2 of 3
|l|☆Quill86
|player|p2|
