|j|☆hartz2112
|j|☆mayor of clowntown
|html|hartz2112mayor of clowntown    
|uhtml|bestof|Game 1 of a best-of-3
|t:|1785376353
|gametype|doubles
|player|p1|hartz2112|101|1164
|player|p2|mayor of clowntown|clown|1084
|gen|9
|tier|[Gen 9 Champions] VGC 2026 Reg M-B (Bo3)
|rated|
|rule|Species Clause: Limit one of each Pokémon
|rule|Item Clause: Limit 1 of each item
|clearpoke
|poke|p1|Tyranitar, L50, F|
|poke|p1|Rotom-Wash, L50|
|poke|p1|Staraptor, L50, M|
|poke|p1|Houndstone, L50, F|
|poke|p1|Venusaur, L50, M|
|poke|p1|Excadrill, L50, F|
|poke|p2|Garchomp, L50, F, shiny|
|poke|p2|Charizard, L50, M, shiny|
|poke|p2|Whimsicott, L50, F|
|poke|p2|Floette-Eternal, L50, F|
|poke|p2|Basculegion, L50, M|
|poke|p2|Kingambit, L50, F, shiny|
|teampreview|4
|showteam|p1|Tyranitar||ChoiceScarf|SandStream|RockSlide,KnockOff,IcePunch,LowKick|Jolly||F|||50|]Rotom-Wash||Magnet|Levitate|Thunderbolt,VoltSwitch,HydroPump,Protect|Serious|||||50|]Staraptor||Staraptite|Intimidate|BraveBird,CloseCombat,Tailwind,Protect|Jolly||M|||50|]Houndstone||SitrusBerry|SandRush|WillOWisp,LastRespects,AllySwitch,Protect|Adamant||F|||50|]Venusaur||Venusaurite|Chlorophyll|SludgeBomb,EarthPower,SleepPowder,Protect|Modest||M|||50|]Excadrill||FocusSash|SandRush|RockSlide,Earthquake,IronHead,Protect|Adamant||F|||50|
|showteam|p2|Garchomp||LifeOrb|RoughSkin|Earthquake,RockSlide,DragonClaw,Protect|Jolly||F|||50|]Charizard||CharizarditeY|Blaze|HeatWave,WeatherBall,SolarBeam,Protect|Modest||M|||50|]Whimsicott||FocusSash|Prankster|Moonblast,Tailwind,Encore,Protect|Timid||F|||50|]Floette-Eternal||Floettite|FlowerVeil|Moonblast,DazzlingGleam,LightofRuin,Protect|Modest||F|||50|]Basculegion||MysticWater|Adaptability|WaveCrash,LastRespects,AquaJet,Protect|Adamant||M|||50|]Kingambit||ChopleBerry|Defiant|KowtowCleave,SuckerPunch,IronHead,LowKick|Adamant||F|||50|
|inactive|Battle timer is ON: inactive players will automatically lose when time's up. (requested by hartz2112)
|inactive|hartz2112 has 60 seconds left.
|inactive|mayor of clowntown has 60 seconds left.
|inactive|hartz2112 has 30 seconds left.
|inactive|mayor of clowntown has 30 seconds left.
|inactive|hartz2112 has 20 seconds left.
|inactive|mayor of clowntown has 20 seconds left.
|inactive|hartz2112 has 15 seconds left.
|inactive|mayor of clowntown has 15 seconds left.
|inactive|mayor of clowntown has 10 seconds left.
|inactive|mayor of clowntown has 5 seconds left.
|
|t:|1785376442
|teamsize|p1|4
|teamsize|p2|4
|start
|switch|p1a: Staraptor|Staraptor, L50, M|100/100
|switch|p1b: Excadrill|Excadrill, L50, F|100/100
|switch|p2a: Kingambit|Kingambit, L50, F, shiny|100/100
|switch|p2b: Whimsicott|Whimsicott, L50, F|100/100
|-ability|p1a: Staraptor|Intimidate|boost
|-unboost|p2a: Kingambit|atk|1
|-ability|p2a: Kingambit|Defiant|boost
|-boost|p2a: Kingambit|atk|2
|-unboost|p2b: Whimsicott|atk|1
|turn|1
|inactive|hartz2112 has 30 seconds left.
|inactive|mayor of clowntown has 30 seconds left.
|inactive|mayor of clowntown has 20 seconds left.
|inactive|mayor of clowntown has 15 seconds left.
|inactive|mayor of clowntown has 10 seconds left.
|inactive|mayor of clowntown has 5 seconds left.
|
|t:|1785376492
|detailschange|p1a: Staraptor|Staraptor-Mega, L50, M
|-mega|p1a: Staraptor|Staraptor|Staraptite
|move|p2a: Kingambit|Sucker Punch|p1b: Excadrill
|-damage|p1b: Excadrill|12/100
|move|p2b: Whimsicott|Moonblast|p1b: Excadrill
|-resisted|p1b: Excadrill|1
|-damage|p1b: Excadrill|0 fnt
|faint|p1b: Excadrill
|move|p1a: Staraptor|Close Combat|p2a: Kingambit
|-supereffective|p2a: Kingambit|2
|-enditem|p2a: Kingambit|Chople Berry|[eat]
|-enditem|p2a: Kingambit|Chople Berry|[weaken]
|-damage|p2a: Kingambit|0 fnt
|-boost|p1a: Staraptor|def|1
|-boost|p1a: Staraptor|spd|1
|faint|p2a: Kingambit
|
|upkeep
|
|t:|1785376516
|switch|p1b: Rotom|Rotom-Wash, L50|100/100
|switch|p2a: Charizard|Charizard, L50, M, shiny|100/100
|turn|2
|inactive|hartz2112 has 30 seconds left.
|inactive|mayor of clowntown has 30 seconds left.
|inactive|mayor of clowntown has 20 seconds left.
|inactive|mayor of clowntown has 15 seconds left.
|inactive|mayor of clowntown has 10 seconds left.
|
|t:|1785376565
|move|p2a: Charizard|Protect|p2a: Charizard
|-singleturn|p2a: Charizard|Protect
|move|p2b: Whimsicott|Tailwind|p2b: Whimsicott
|-sidestart|p2: mayor of clowntown|move: Tailwind
|move|p1a: Staraptor|Close Combat|p2b: Whimsicott
|-resisted|p2b: Whimsicott|1
|-damage|p2b: Whimsicott|62/100
|-boost|p1a: Staraptor|def|1
|-boost|p1a: Staraptor|spd|1
|move|p1b: Rotom|Volt Switch|p2a: Charizard
|-activate|p2a: Charizard|move: Protect
|
|upkeep
|turn|3
|inactive|hartz2112 has 30 seconds left.
|inactive|mayor of clowntown has 30 seconds left.
|inactive|hartz2112 has 20 seconds left.
|inactive|mayor of clowntown has 20 seconds left.
|inactive|hartz2112 has 15 seconds left.
|inactive|mayor of clowntown has 15 seconds left.
|inactive|hartz2112 has 10 seconds left.
|
|t:|1785376611
|detailschange|p2a: Charizard|Charizard-Mega-Y, L50, M, shiny
|-mega|p2a: Charizard|Charizard|Charizardite Y
|-weather|SunnyDay|[from] ability: Drought|[of] p2a: Charizard
|move|p2b: Whimsicott|Moonblast|p1a: Staraptor
|-supereffective|p1a: Staraptor|1
|-damage|p1a: Staraptor|67/100
|move|p2a: Charizard|Weather Ball|p1a: Staraptor
|-crit|p1a: Staraptor
|-damage|p1a: Staraptor|0 fnt
|faint|p1a: Staraptor
|move|p1b: Rotom|Volt Switch|p2a: Charizard
|-supereffective|p2a: Charizard|1
|-damage|p2a: Charizard|35/100
|
|t:|1785376625
|switch|p1b: Tyranitar|Tyranitar, L50, F|100/100|[from] Volt Switch
|-weather|Sandstorm|[from] ability: Sand Stream|[of] p1b: Tyranitar
|
|-weather|Sandstorm|[upkeep]
|-damage|p2b: Whimsicott|56/100|[from] Sandstorm
|-damage|p2a: Charizard|29/100|[from] Sandstorm
|upkeep
|
|t:|1785376632
|switch|p1a: Rotom|Rotom-Wash, L50|100/100
|turn|4
|inactive|mayor of clowntown has 30 seconds left.
|inactive|mayor of clowntown has 20 seconds left.
|
|t:|1785376672
|move|p2b: Whimsicott|Protect|p2b: Whimsicott
|-singleturn|p2b: Whimsicott|Protect
|move|p2a: Charizard|Protect|p2a: Charizard
|-singleturn|p2a: Charizard|Protect
|move|p1b: Tyranitar|Ice Punch|p2b: Whimsicott
|-activate|p2b: Whimsicott|move: Protect
|move|p1a: Rotom|Hydro Pump|p2a: Charizard
|-activate|p2a: Charizard|move: Protect
|
|-weather|Sandstorm|[upkeep]
|-damage|p2b: Whimsicott|51/100|[from] Sandstorm
|-damage|p2a: Charizard|23/100|[from] Sandstorm
|-damage|p1a: Rotom|94/100|[from] Sandstorm
|upkeep
|turn|5
|inactive|mayor of clowntown has 30 seconds left.
|
|t:|1785376702
|move|p2b: Whimsicott|Moonblast|p1b: Tyranitar
|-supereffective|p1b: Tyranitar|1
|-damage|p1b: Tyranitar|52/100
|move|p2a: Charizard|Weather Ball|p1b: Tyranitar
|-damage|p1b: Tyranitar|25/100
|move|p1b: Tyranitar|Ice Punch|p2b: Whimsicott
|-supereffective|p2b: Whimsicott|1
|-damage|p2b: Whimsicott|0 fnt
|faint|p2b: Whimsicott
|move|p1a: Rotom|Hydro Pump|p2a: Charizard
|-supereffective|p2a: Charizard|1
|-damage|p2a: Charizard|0 fnt
|faint|p2a: Charizard
|
|-weather|Sandstorm|[upkeep]
|-damage|p1a: Rotom|88/100|[from] Sandstorm
|-sideend|p2: mayor of clowntown|move: Tailwind
|upkeep
|
|t:|1785376719
|switch|p2a: Garchomp|Garchomp, L50, F, shiny|100/100
|turn|6
|
|t:|1785376740
|move|p1b: Tyranitar|Ice Punch|p2a: Garchomp
|-supereffective|p2a: Garchomp|2
|-damage|p2a: Garchomp|0 fnt
|-damage|p1b: Tyranitar|13/100|[from] ability: Rough Skin|[of] p2a: Garchomp
|faint|p2a: Garchomp
|
|win|hartz2112
||mayor of clowntown is ready for game 2.
