|j|☆giuliofalconio
|j|☆MrPhoenixGC
|html|giuliofalconioMrPhoenixGC    
|uhtml|bestof|Game 1 of a best-of-3
|t:|1783203967
|gametype|doubles
|player|p1|giuliofalconio|170|1098
|player|p2|MrPhoenixGC|steven|1097
|gen|9
|tier|[Gen 9 Champions] VGC 2026 Reg M-B (Bo3)
|rated|
|rule|Species Clause: Limit one of each Pokémon
|rule|Item Clause: Limit 1 of each item
|clearpoke
|poke|p1|Swampert, L50, M|
|poke|p1|Pelipper, L50, M|
|poke|p1|Sinistcha, L50|
|poke|p1|Farigiraf, L50, M|
|poke|p1|Archaludon, L50, M|
|poke|p1|Mawile, L50, M|
|poke|p2|Aerodactyl, L50, F|
|poke|p2|Garchomp, L50, M|
|poke|p2|Kingambit, L50, M|
|poke|p2|Charizard, L50, M|
|poke|p2|Sylveon, L50, F|
|poke|p2|Farigiraf, L50, M|
|teampreview|4
|showteam|p1|Swampert||Swampertite|Torrent|Earthquake,Protect,IcePunch,WaveCrash|Adamant||M|||50|]Pelipper||FocusSash|Drizzle|Hurricane,WeatherBall,Protect,WideGuard|Modest||M|||50|]Sinistcha||OccaBerry|Hospitality|MatchaGotcha,RagePowder,TrickRoom,Protect|Relaxed|||||50|]Farigiraf||SitrusBerry|ArmorTail|TrickRoom,TwinBeam,Protect,Wish|Sassy||M|||50|]Archaludon||Leftovers|Stamina|ElectroShot,DragonPulse,Protect,FlashCannon|Modest||M|||50|]Mawile||Mawilite|HyperCutter|SuckerPunch,PlayRough,Protect,RockSlide|Brave||M|||50|
|showteam|p2|Aerodactyl||Aerodactylite|Unnerve|IceFang,RockSlide,Tailwind,DualWingbeat|Jolly||F|||50|]Garchomp||LifeOrb|RoughSkin|DragonClaw,StompingTantrum,Earthquake,Protect|Jolly||M|||50|]Kingambit||FocusSash|Defiant|SuckerPunch,KowtowCleave,IronHead,LowKick|Adamant||M|||50|]Charizard||CharizarditeY|SolarPower|Protect,WeatherBall,HeatWave,SolarBeam|Modest||M|||50|]Sylveon||FairyFeather|Pixilate|Protect,HyperVoice,HyperBeam,QuickAttack|Modest||F|||50|]Farigiraf||SitrusBerry|ArmorTail|TrickRoom,Thunderbolt,Roar,TwinBeam|Bold||M|||50|
|inactive|Battle timer is ON: inactive players will automatically lose when time's up. (requested by giuliofalconio)
|inactive|MrPhoenixGC has 60 seconds left.
|
|t:|1783204063
|teamsize|p1|4
|teamsize|p2|4
|start
|switch|p1a: Sinistcha|Sinistcha, L50|100/100
|switch|p1b: Mawile|Mawile, L50, M|100/100
|switch|p2a: Charizard|Charizard, L50, M|100/100
|switch|p2b: Kingambit|Kingambit, L50, M|100/100
|turn|1
|inactive|MrPhoenixGC has 30 seconds left.
|
|t:|1783204089
|detailschange|p2a: Charizard|Charizard-Mega-Y, L50, M
|-mega|p2a: Charizard|Charizard|Charizardite Y
|-weather|SunnyDay|[from] ability: Drought|[of] p2a: Charizard
|move|p1b: Mawile|Protect|p1b: Mawile
|-singleturn|p1b: Mawile|Protect
|move|p2a: Charizard|Heat Wave|p1a: Sinistcha|[spread] p1a
|-activate|p1b: Mawile|move: Protect
|-supereffective|p1a: Sinistcha|1
|-enditem|p1a: Sinistcha|Occa Berry|[eat]
|-enditem|p1a: Sinistcha|Occa Berry|[weaken]
|-damage|p1a: Sinistcha|24/100
|move|p2b: Kingambit|Kowtow Cleave|p1a: Sinistcha
|-supereffective|p1a: Sinistcha|1
|-damage|p1a: Sinistcha|0 fnt
|faint|p1a: Sinistcha
|
|-weather|SunnyDay|[upkeep]
|upkeep
|
|t:|1783204106
|switch|p1a: Pelipper|Pelipper, L50, M|100/100
|-weather|RainDance|[from] ability: Drizzle|[of] p1a: Pelipper
|turn|2
|inactive|giuliofalconio has 30 seconds left.
|
|t:|1783204133
|switch|p2a: Sylveon|Sylveon, L50, F|100/100
|detailschange|p1b: Mawile|Mawile-Mega, L50, M
|-mega|p1b: Mawile|Mawile|Mawilite
|move|p2b: Kingambit|Low Kick|p1b: Mawile
|-damage|p1b: Mawile|84/100
|move|p1a: Pelipper|Weather Ball|p2b: Kingambit
|-damage|p2b: Kingambit|29/100
|move|p1b: Mawile|Play Rough|p2a: Sylveon|[miss]
|-miss|p1b: Mawile|p2a: Sylveon
|
|-weather|RainDance|[upkeep]
|upkeep
|turn|3
|inactive|giuliofalconio has 30 seconds left.
|inactive|MrPhoenixGC has 30 seconds left.
|inactive|giuliofalconio has 20 seconds left.
|inactive|MrPhoenixGC has 20 seconds left.
|inactive|MrPhoenixGC has 15 seconds left.
|inactive|MrPhoenixGC has 10 seconds left.
|inactive|MrPhoenixGC has 5 seconds left.
|
|t:|1783204185
|move|p1b: Mawile|Protect|p1b: Mawile
|-singleturn|p1b: Mawile|Protect
|move|p2b: Kingambit|Iron Head|p1b: Mawile
|-activate|p1b: Mawile|move: Protect
|move|p2a: Sylveon|Hyper Beam|p1b: Mawile
|-activate|p1b: Mawile|move: Protect
|move|p1a: Pelipper|Weather Ball|p2b: Kingambit
|-damage|p2b: Kingambit|0 fnt
|faint|p2b: Kingambit
|
|-weather|RainDance|[upkeep]
|upkeep
|
|t:|1783204197
|switch|p2b: Charizard|Charizard-Mega-Y, L50, M|100/100
|-weather|SunnyDay|[from] ability: Drought|[of] p2b: Charizard
|turn|4
|
|t:|1783204220
|move|p1a: Pelipper|Wide Guard|p1a: Pelipper
|-singleturn|p1a: Pelipper|Wide Guard
|move|p1b: Mawile|Sucker Punch|p2b: Charizard
|-crit|p2b: Charizard
|-damage|p2b: Charizard|36/100
|move|p2b: Charizard|Heat Wave|p1a: Pelipper|[spread] 
|-activate|p1a: Pelipper|move: Wide Guard
|-activate|p1b: Mawile|move: Wide Guard
|move|p2a: Sylveon|Hyper Voice|p1a: Pelipper|[spread] 
|-activate|p1a: Pelipper|move: Wide Guard
|-activate|p1b: Mawile|move: Wide Guard
|
|-weather|SunnyDay|[upkeep]
|upkeep
|turn|5
|inactive|giuliofalconio has 30 seconds left.
|inactive|MrPhoenixGC has 30 seconds left.
|
|t:|1783204252
|switch|p1a: Archaludon|Archaludon, L50, M|100/100
|move|p1b: Mawile|Sucker Punch|p2b: Charizard
|-damage|p2b: Charizard|0 fnt
|faint|p2b: Charizard
|move|p2a: Sylveon|Hyper Voice|p1a: Archaludon|[spread] p1a,p1b
|-resisted|p1b: Mawile|1
|-damage|p1a: Archaludon|45/100
|-damage|p1b: Mawile|59/100
|-ability|p1a: Archaludon|Stamina|boost
|-boost|p1a: Archaludon|def|1
|
|-weather|SunnyDay|[upkeep]
|-heal|p1a: Archaludon|51/100|[from] item: Leftovers
|upkeep
|
|t:|1783204267
|switch|p2b: Garchomp|Garchomp, L50, M|100/100
|turn|6
|inactive|giuliofalconio has 30 seconds left.
|
|t:|1783204294
|switch|p1b: Pelipper|Pelipper, L50, M|100/100
|-weather|RainDance|[from] ability: Drizzle|[of] p1b: Pelipper
|move|p1a: Archaludon|Protect|p1a: Archaludon
|-singleturn|p1a: Archaludon|Protect
|move|p2a: Sylveon|Protect|p2a: Sylveon
|-singleturn|p2a: Sylveon|Protect
|move|p2b: Garchomp|Earthquake|p1b: Pelipper|[spread] 
|-activate|p2a: Sylveon|move: Protect
|-activate|p1a: Archaludon|move: Protect
|-immune|p1b: Pelipper
|
|-weather|RainDance|[upkeep]
|-heal|p1a: Archaludon|57/100|[from] item: Leftovers
|upkeep
|turn|7
|inactive|giuliofalconio has 30 seconds left.
|inactive|MrPhoenixGC has 30 seconds left.
|
|t:|1783204328
|move|p1b: Pelipper|Wide Guard|p1b: Pelipper
|-singleturn|p1b: Pelipper|Wide Guard
|move|p2b: Garchomp|Stomping Tantrum|p1a: Archaludon
|-supereffective|p1a: Archaludon|1
|-damage|p1a: Archaludon|0 fnt
|faint|p1a: Archaludon
|-damage|p2b: Garchomp|90/100|[from] item: Life Orb
|move|p2a: Sylveon|Hyper Beam|p1b: Pelipper
|-enditem|p1b: Pelipper|Focus Sash
|-damage|p1b: Pelipper|1/100
|-mustrecharge|p2a: Sylveon
|
|-weather|RainDance|[upkeep]
|upkeep
|
|t:|1783204340
|switch|p1a: Mawile|Mawile-Mega, L50, M|59/100
|turn|8
|inactive|giuliofalconio has 30 seconds left.
|
|t:|1783204366
|move|p2b: Garchomp|Protect|p2b: Garchomp
|-singleturn|p2b: Garchomp|Protect
|move|p1a: Mawile|Protect|p1a: Mawile
|-singleturn|p1a: Mawile|Protect
|cant|p2a: Sylveon|recharge
|move|p1b: Pelipper|Weather Ball|p2b: Garchomp
|-activate|p2b: Garchomp|move: Protect
|
|-weather|RainDance|[upkeep]
|upkeep
|turn|9
|
|t:|1783204380
|move|p1a: Mawile|Sucker Punch|p2b: Garchomp
|-damage|p2b: Garchomp|44/100
|-damage|p1a: Mawile|47/100|[from] ability: Rough Skin|[of] p2b: Garchomp
|move|p2b: Garchomp|Stomping Tantrum|p1a: Mawile
|-supereffective|p1a: Mawile|1
|-damage|p1a: Mawile|0 fnt
|faint|p1a: Mawile
|-damage|p2b: Garchomp|34/100|[from] item: Life Orb
|move|p2a: Sylveon|Hyper Voice|p1b: Pelipper
|-damage|p1b: Pelipper|0 fnt
|faint|p1b: Pelipper
|
|win|MrPhoenixGC
||giuliofalconio is ready for game 2.
|inactive|MrPhoenixGC has 30 seconds to confirm battle start!
||MrPhoenixGC is ready for game 2.
|uhtml|next|Next: Game 2 of 3
|l|☆giuliofalconio
|player|p1|
