|j|☆sbhaga34
|j|☆MitsuruXYukari
|html|sbhaga34MitsuruXYukari    
|uhtml|bestof|Game 2 of a best-of-3
|t:|1782422920
|gametype|doubles
|player|p1|sbhaga34|hugh|1254
|player|p2|MitsuruXYukari|dahlia|1297
|gen|9
|tier|[Gen 9 Champions] VGC 2026 Reg M-B (Bo3)
|rated|
|rule|Species Clause: Limit one of each Pokémon
|rule|Item Clause: Limit 1 of each item
|clearpoke
|poke|p1|Excadrill, L50, M|
|poke|p1|Tyranitar, L50, F|
|poke|p1|Staraptor, L50, F|
|poke|p1|Rotom-Wash, L50|
|poke|p1|Sinistcha, L50|
|poke|p1|Incineroar, L50, F|
|poke|p2|Altaria, L50, M, shiny|
|poke|p2|Gholdengo, L50|
|poke|p2|Incineroar, L50, M|
|poke|p2|Mamoswine, L50, F|
|poke|p2|Glimmora, L50, M|
|poke|p2|Rotom-Wash, L50, shiny|
|teampreview|4
|showteam|p1|Excadrill||FocusSash|SandRush|Earthquake,IronHead,SwordsDance,Protect|Adamant||M|||50|]Tyranitar||Tyranitarite|SandStream|RockSlide,KnockOff,LowKick,Protect|Adamant||F|||50|]Staraptor||Staraptite|Intimidate|CloseCombat,BraveBird,Tailwind,Protect|Jolly||F|||50|]Rotom-Wash||ChoiceScarf|Levitate|VoltSwitch,Thunderbolt,Electroweb,HydroPump|Timid|||||50|]Sinistcha||SitrusBerry|Hospitality|MatchaGotcha,TrickRoom,RagePowder,StrengthSap|Calm|||||50|]Incineroar||Charcoal|Intimidate|FakeOut,FlareBlitz,ThroatChop,PartingShot|Impish||F|||50|
|showteam|p2|Altaria||Altarianite|CloudNine|Tailwind,HyperVoice,FireBlast,Protect|Modest||M|||50|]Gholdengo||Leftovers|GoodasGold|ShadowBall,MakeItRain,NastyPlot,Protect|Timid|||||50|]Incineroar||ChopleBerry|Intimidate|FakeOut,FlareBlitz,ThroatChop,PartingShot|Careful||M|||50|]Mamoswine||FocusSash|Oblivious|IceShard,IcicleCrash,HighHorsepower,Protect|Adamant||F|||50|]Glimmora||Glimmoranite|ToxicDebris|PowerGem,SludgeBomb,EarthPower,SpikyShield|Timid||M|||50|]Rotom-Wash||SitrusBerry|Levitate|HydroPump,Thunderbolt,WillOWisp,Protect|Bold|||||50|
|
|t:|1782422939
|teamsize|p1|4
|teamsize|p2|4
|start
|switch|p1a: Rotom|Rotom-Wash, L50|100/100
|switch|p1b: Tyranitar|Tyranitar, L50, F|100/100
|switch|p2a: Incineroar|Incineroar, L50, M|100/100
|switch|p2b: Altaria|Altaria, L50, M, shiny|100/100
|-weather|Sandstorm|[from] ability: Sand Stream|[of] p1b: Tyranitar
|-ability|p2b: Altaria|Cloud Nine
|-ability|p2a: Incineroar|Intimidate|boost
|-unboost|p1a: Rotom|atk|1
|-unboost|p1b: Tyranitar|atk|1
|turn|1
|inactive|Battle timer is ON: inactive players will automatically lose when time's up. (requested by sbhaga34)
|
|t:|1782422972
|detailschange|p2b: Altaria|Altaria-Mega, L50, M, shiny
|-mega|p2b: Altaria|Altaria|Altarianite
|move|p1b: Tyranitar|Protect|p1b: Tyranitar
|-singleturn|p1b: Tyranitar|Protect
|move|p2a: Incineroar|Fake Out|p1a: Rotom
|-damage|p1a: Rotom|87/100
|cant|p1a: Rotom|flinch
|move|p2b: Altaria|Hyper Voice|p1b: Tyranitar|[spread] p1a
|-activate|p1b: Tyranitar|move: Protect
|-damage|p1a: Rotom|49/100
|
|-weather|Sandstorm|[upkeep]
|-damage|p1a: Rotom|43/100|[from] Sandstorm
|-damage|p2b: Altaria|94/100|[from] Sandstorm
|-damage|p2a: Incineroar|94/100|[from] Sandstorm
|upkeep
|turn|2
|
|t:|1782422985
|detailschange|p1b: Tyranitar|Tyranitar-Mega, L50, F
|-mega|p1b: Tyranitar|Tyranitar|Tyranitarite
|move|p1a: Rotom|Electroweb|p2a: Incineroar|[spread] p2a,p2b
|-resisted|p2b: Altaria|1
|-damage|p2a: Incineroar|81/100
|-damage|p2b: Altaria|86/100
|-unboost|p2a: Incineroar|spe|1
|-unboost|p2b: Altaria|spe|1
|move|p1b: Tyranitar|Rock Slide|p2a: Incineroar|[spread] p2a,p2b
|-supereffective|p2a: Incineroar|1
|-damage|p2a: Incineroar|43/100
|-damage|p2b: Altaria|65/100
|move|p2b: Altaria|Hyper Voice|p1b: Tyranitar|[spread] p1a,p1b
|-supereffective|p1b: Tyranitar|1
|-damage|p1a: Rotom|3/100
|-damage|p1b: Tyranitar|62/100
|move|p2a: Incineroar|Parting Shot|p1b: Tyranitar
|-unboost|p1b: Tyranitar|atk|1
|-unboost|p1b: Tyranitar|spa|1
|
|t:|1782422991
|switch|p2a: Mamoswine|Mamoswine, L50, F|100/100|[from] Parting Shot
|
|-weather|Sandstorm|[upkeep]
|-damage|p1a: Rotom|0 fnt|[from] Sandstorm
|-damage|p2b: Altaria|59/100|[from] Sandstorm
|faint|p1a: Rotom
|upkeep
|
|t:|1782423006
|switch|p1a: Sinistcha|Sinistcha, L50|100/100
|-heal|p1b: Tyranitar|86/100|[from] ability: Hospitality|[of] p1a: Sinistcha
|turn|3
|
|t:|1782423018
|move|p2a: Mamoswine|Icicle Crash|p1a: Sinistcha
|-supereffective|p1a: Sinistcha|1
|-damage|p1a: Sinistcha|1/100
|-enditem|p1a: Sinistcha|Sitrus Berry|[eat]
|-heal|p1a: Sinistcha|25/100|[from] item: Sitrus Berry
|move|p1b: Tyranitar|Rock Slide|p2a: Mamoswine|[spread] p2a,p2b
|-damage|p2a: Mamoswine|80/100
|-damage|p2b: Altaria|44/100
|cant|p1a: Sinistcha|flinch
|move|p2b: Altaria|Hyper Voice|p1a: Sinistcha|[spread] p1a,p1b
|-crit|p1a: Sinistcha
|-supereffective|p1b: Tyranitar|1
|-damage|p1a: Sinistcha|0 fnt
|-damage|p1b: Tyranitar|49/100
|faint|p1a: Sinistcha
|
|-weather|Sandstorm|[upkeep]
|-damage|p2b: Altaria|38/100|[from] Sandstorm
|upkeep
|
|t:|1782423029
|switch|p1a: Excadrill|Excadrill, L50, M|100/100
|turn|4
|
|t:|1782423039
|switch|p2a: Incineroar|Incineroar, L50, M|43/100
|-ability|p2a: Incineroar|Intimidate|boost
|-unboost|p1a: Excadrill|atk|1
|-unboost|p1b: Tyranitar|atk|1
|move|p1a: Excadrill|Iron Head|p2a: Incineroar
|-resisted|p2a: Incineroar|1
|-damage|p2a: Incineroar|29/100
|move|p1b: Tyranitar|Rock Slide|p2b: Altaria|[spread] p2a,p2b
|-supereffective|p2a: Incineroar|1
|-damage|p2a: Incineroar|5/100
|-damage|p2b: Altaria|25/100
|move|p2b: Altaria|Fire Blast|p1a: Excadrill
|-supereffective|p1a: Excadrill|1
|-damage|p1a: Excadrill|1/100
|
|-weather|Sandstorm|[upkeep]
|-damage|p2a: Incineroar|0 fnt|[from] Sandstorm
|-damage|p2b: Altaria|19/100|[from] Sandstorm
|faint|p2a: Incineroar
|upkeep
|
|t:|1782423053
|switch|p2a: Mamoswine|Mamoswine, L50, F|80/100
|turn|5
|-message|sbhaga34 forfeited.
|
|win|MitsuruXYukari
|raw|sbhaga34's rating: 1254 → 1232(-22 for losing)
|raw|MitsuruXYukari's rating: 1297 → 1319(+22 for winning)
