|j|☆Martin201004
|j|☆evilmayheem
|html|Martin201004evilmayheem    
|uhtml|bestof|Game 2 of a best-of-3
|t:|1782466364
|gametype|doubles
|player|p1|Martin201004|brycenman|1095
|player|p2|evilmayheem|crasherwake|1186
|gen|9
|tier|[Gen 9 Champions] VGC 2026 Reg M-B (Bo3)
|rated|
|rule|Species Clause: Limit one of each Pokémon
|rule|Item Clause: Limit 1 of each item
|clearpoke
|poke|p1|Scrafty, L50, M|
|poke|p1|Gholdengo, L50|
|poke|p1|Slowking-Galar, L50, F|
|poke|p1|Scovillain, L50, F|
|poke|p1|Primarina, L50, M|
|poke|p1|Garganacl, L50, F|
|poke|p2|Gengar, L50, M|
|poke|p2|Tyranitar, L50, F|
|poke|p2|Incineroar, L50, F|
|poke|p2|Sinistcha, L50|
|poke|p2|Garchomp, L50, F|
|poke|p2|Corviknight, L50, F|
|teampreview|4
|showteam|p1|Scrafty||Scraftinite|Intimidate|DragonDance,DrainPunch,FakeOut,KnockOff|Adamant||M|||50|]Gholdengo||ChoiceScarf|GoodasGold|FlashCannon,DazzlingGleam,ShadowBall,PowerGem|Modest|||||50|]Slowking-Galar||SitrusBerry|Regenerator|SlackOff,Protect,EerieSpell,SludgeBomb|Bold||F|||50|]Scovillain||Scovillainite|Moody|Protect,Overheat,LeechSeed,GigaDrain|Calm||F|||50|]Primarina||LifeOrb|LiquidVoice|HyperVoice,Protect,IceBeam,Moonblast|Modest||M|||50|]Garganacl||Leftovers|PurifyingSalt|BodyPress,SaltCure,Protect,WideGuard|Impish||F|||50|
|showteam|p2|Gengar||Gengarite|CursedBody|ShadowBall,PerishSong,Protect,Disable|Timid||M|||50|]Tyranitar||Tyranitarite|SandStream|RockSlide,DragonDance,Protect,KnockOff|Adamant||F|||50|]Incineroar||ChopleBerry|Intimidate|Protect,PartingShot,FakeOut,FlareBlitz|Careful||F|||50|]Sinistcha||SitrusBerry|Hospitality|MatchaGotcha,LifeDew,RagePowder,Protect|Bold|||||50|]Garchomp||LifeOrb|RoughSkin|DragonClaw,RockSlide,Earthquake,Protect|Adamant||F|||50|]Corviknight||Leftovers|Pressure|BraveBird,IronHead,Tailwind,Protect|Adamant||F|||50|
|
|t:|1782466382
|teamsize|p1|4
|teamsize|p2|4
|start
|switch|p1a: Scovillain|Scovillain, L50, F|100/100
|switch|p1b: Garganacl|Garganacl, L50, F|100/100
|switch|p2a: Tyranitar|Tyranitar, L50, F|100/100
|switch|p2b: Incineroar|Incineroar, L50, F|100/100
|-weather|Sandstorm|[from] ability: Sand Stream|[of] p2a: Tyranitar
|-ability|p2b: Incineroar|Intimidate|boost
|-unboost|p1a: Scovillain|atk|1
|-unboost|p1b: Garganacl|atk|1
|turn|1
|
|t:|1782466396
|detailschange|p1a: Scovillain|Scovillain-Mega, L50, F
|-mega|p1a: Scovillain|Scovillain|Scovillainite
|detailschange|p2a: Tyranitar|Tyranitar-Mega, L50, F
|-mega|p2a: Tyranitar|Tyranitar|Tyranitarite
|move|p2b: Incineroar|Fake Out|p1b: Garganacl
|-resisted|p1b: Garganacl|1
|-damage|p1b: Garganacl|97/100
|move|p2a: Tyranitar|Dragon Dance|p2a: Tyranitar
|-boost|p2a: Tyranitar|atk|1
|-boost|p2a: Tyranitar|spe|1
|move|p1a: Scovillain|Giga Drain|p2a: Tyranitar
|-supereffective|p2a: Tyranitar|1
|-damage|p2a: Tyranitar|65/100
|cant|p1b: Garganacl|flinch
|
|-weather|Sandstorm|[upkeep]
|-damage|p1a: Scovillain|94/100|[from] Sandstorm
|-damage|p2b: Incineroar|94/100|[from] Sandstorm
|-heal|p1b: Garganacl|100/100|[from] item: Leftovers
|upkeep
|turn|2
|
|t:|1782466419
|move|p2a: Tyranitar|Protect|p2a: Tyranitar
|-singleturn|p2a: Tyranitar|Protect
|move|p1a: Scovillain|Leech Seed|p2b: Incineroar
|-start|p2b: Incineroar|move: Leech Seed
|move|p2b: Incineroar|Parting Shot|p1a: Scovillain
|-unboost|p1a: Scovillain|atk|1
|-unboost|p1a: Scovillain|spa|1
|
|t:|1782466424
|switch|p2b: Sinistcha|Sinistcha, L50|100/100|[from] Parting Shot
|-heal|p2a: Tyranitar|89/100|[from] ability: Hospitality|[of] p2b: Sinistcha
|move|p1b: Garganacl|Body Press|p2a: Tyranitar
|-activate|p2a: Tyranitar|move: Protect
|
|-weather|Sandstorm|[upkeep]
|-damage|p1a: Scovillain|88/100|[from] Sandstorm
|-damage|p2b: Sinistcha|93/100|[from] Sandstorm
|upkeep
|turn|3
|
|t:|1782466447
|switch|p1a: Gholdengo|Gholdengo, L50|100/100
|move|p2b: Sinistcha|Protect|p2b: Sinistcha
|-singleturn|p2b: Sinistcha|Protect
|move|p2a: Tyranitar|Dragon Dance|p2a: Tyranitar
|-boost|p2a: Tyranitar|atk|1
|-boost|p2a: Tyranitar|spe|1
|move|p1b: Garganacl|Salt Cure|p2b: Sinistcha
|-activate|p2b: Sinistcha|move: Protect
|
|-weather|Sandstorm|[upkeep]
|-damage|p2b: Sinistcha|87/100|[from] Sandstorm
|upkeep
|turn|4
|
|t:|1782466466
|move|p2a: Tyranitar|Protect|p2a: Tyranitar
|-singleturn|p2a: Tyranitar|Protect
|move|p1a: Gholdengo|Shadow Ball|p2b: Sinistcha
|-supereffective|p2b: Sinistcha|1
|-damage|p2b: Sinistcha|2/100
|-unboost|p2b: Sinistcha|spd|1
|-enditem|p2b: Sinistcha|Sitrus Berry|[eat]
|-heal|p2b: Sinistcha|26/100|[from] item: Sitrus Berry
|move|p2b: Sinistcha|Matcha Gotcha|p1a: Gholdengo|[spread] p1a,p1b
|-resisted|p1a: Gholdengo|1
|-supereffective|p1b: Garganacl|1
|-damage|p1a: Gholdengo|84/100
|-heal|p2b: Sinistcha|34/100|[from] drain|[of] p1a: Gholdengo
|-damage|p1b: Garganacl|72/100
|-heal|p2b: Sinistcha|50/100y|[from] drain|[of] p1b: Garganacl
|move|p1b: Garganacl|Body Press|p2a: Tyranitar
|-activate|p2a: Tyranitar|move: Protect
|
|-weather|Sandstorm|[upkeep]
|-damage|p2b: Sinistcha|43/100|[from] Sandstorm
|-heal|p1b: Garganacl|78/100|[from] item: Leftovers
|upkeep
|turn|5
|
|t:|1782466489
|switch|p2b: Incineroar|Incineroar, L50, F|94/100
|-ability|p2b: Incineroar|Intimidate|boost
|-unboost|p1a: Gholdengo|atk|1
|-unboost|p1b: Garganacl|atk|1
|move|p2a: Tyranitar|Knock Off|p1b: Garganacl
|-damage|p1b: Garganacl|9/100
|-enditem|p1b: Garganacl|Leftovers|[from] move: Knock Off|[of] p2a: Tyranitar
|move|p1a: Gholdengo|Shadow Ball|p2b: Incineroar
|-resisted|p2b: Incineroar|1
|-damage|p2b: Incineroar|76/100
|move|p1b: Garganacl|Body Press|p2a: Tyranitar
|-supereffective|p2a: Tyranitar|2
|-damage|p2a: Tyranitar|18/100
|
|-weather|none
|upkeep
|turn|6
|
|t:|1782466508
|switch|p2b: Sinistcha|Sinistcha, L50|43/100
|-heal|p2a: Tyranitar|42/100|[from] ability: Hospitality|[of] p2b: Sinistcha
|move|p1a: Gholdengo|Shadow Ball|p2a: Tyranitar
|-resisted|p2a: Tyranitar|1
|-damage|p2a: Tyranitar|24/100
|move|p2a: Tyranitar|Rock Slide|p1b: Garganacl|[spread] p1a,p1b
|-resisted|p1a: Gholdengo|1
|-damage|p1a: Gholdengo|42/100
|-damage|p1b: Garganacl|0 fnt
|faint|p1b: Garganacl
|
|upkeep
|
|t:|1782466512
|switch|p1b: Scovillain|Scovillain-Mega, L50, F|88/100
|turn|7
|
|t:|1782466523
|switch|p1a: Slowking|Slowking-Galar, L50, F|100/100
|move|p2b: Sinistcha|Rage Powder|p2b: Sinistcha
|-singleturn|p2b: Sinistcha|move: Rage Powder
|move|p2a: Tyranitar|Rock Slide|p1a: Slowking|[spread] p1a,p1b
|-supereffective|p1b: Scovillain|1
|-damage|p1a: Slowking|49/100
|-damage|p1b: Scovillain|0 fnt
|-status|p2a: Tyranitar|brn|[from] ability: Spicy Spray|[of] p1b: Scovillain
|-enditem|p1a: Slowking|Sitrus Berry|[eat]
|-heal|p1a: Slowking|73/100|[from] item: Sitrus Berry
|faint|p1b: Scovillain
|
|-damage|p2a: Tyranitar|18/100 brn|[from] brn
|upkeep
|
|t:|1782466533
|switch|p1b: Gholdengo|Gholdengo, L50|42/100
|turn|8
|
|t:|1782466538
|move|p2b: Sinistcha|Rage Powder|p2b: Sinistcha
|-singleturn|p2b: Sinistcha|move: Rage Powder
|move|p1b: Gholdengo|Dazzling Gleam|p2b: Sinistcha|[spread] p2a,p2b
|-supereffective|p2a: Tyranitar|1
|-damage|p2a: Tyranitar|0 fnt
|-damage|p2b: Sinistcha|21/100
|faint|p2a: Tyranitar
|move|p1a: Slowking|Sludge Bomb|p2b: Sinistcha
|-damage|p2b: Sinistcha|0 fnt
|faint|p2b: Sinistcha
|
|upkeep
|
|t:|1782466543
|switch|p2a: Incineroar|Incineroar, L50, F|76/100
|switch|p2b: Garchomp|Garchomp, L50, F|100/100
|-ability|p2a: Incineroar|Intimidate|boost
|-unboost|p1a: Slowking|atk|1
|-unboost|p1b: Gholdengo|atk|1
|turn|9
|
|t:|1782466556
|move|p2b: Garchomp|Protect|p2b: Garchomp
|-singleturn|p2b: Garchomp|Protect
|move|p1a: Slowking|Protect|p1a: Slowking
|-singleturn|p1a: Slowking|Protect
|move|p1b: Gholdengo|Dazzling Gleam|p2a: Incineroar|[spread] p2a
|-activate|p2b: Garchomp|move: Protect
|-damage|p2a: Incineroar|58/100
|move|p2a: Incineroar|Flare Blitz|p1b: Gholdengo
|-supereffective|p1b: Gholdengo|1
|-crit|p1b: Gholdengo
|-damage|p1b: Gholdengo|0 fnt
|faint|p1b: Gholdengo
|-damage|p2a: Incineroar|47/100|[from] Recoil
|
|upkeep
|turn|10
|-message|Martin201004 forfeited.
|
|win|evilmayheem
|raw|Martin201004's rating: 1095 → 1077(-18 for losing)
|raw|evilmayheem's rating: 1186 → 1205(+19 for winning)
|l|☆Martin201004
|player|p1|
