|j|☆jowemama
|j|☆Champ.Braeden
|html|jowemamaChamp.Braeden    
|uhtml|bestof|Game 2 of a best-of-3
|t:|1756564197
|gametype|doubles
|player|p1|jowemama|scientistf|1125
|player|p2|Champ.Braeden|hoopster|1089
|gen|9
|tier|[Gen 9] VGC 2025 Reg H (Bo3)
|rated|
|rule|Species Clause: Limit one of each Pokémon
|rule|Item Clause: Limit 1 of each item
|clearpoke
|poke|p1|Pelipper, L50, M|
|poke|p1|Archaludon, L50, M|
|poke|p1|Dragonite, L50, F|
|poke|p1|Incineroar, L50, M|
|poke|p1|Ursaluna, L50, F|
|poke|p1|Sinistcha, L50|
|poke|p2|Dragonite, L50, F|
|poke|p2|Pelipper, L50, M|
|poke|p2|Archaludon, L50, M|
|poke|p2|Basculegion, L50, M|
|poke|p2|Incineroar, L50, F|
|poke|p2|Farigiraf, L50, M|
|teampreview|4
|showteam|p1|Pelipper||FocusSash|Drizzle|WeatherBall,Hurricane,Tailwind,Protect|||M|||50|,,,,,Ghost]Archaludon||AssaultVest|Stamina|FlashCannon,ElectroShot,BodyPress,Snarl|||M|||50|,,,,,Bug]Dragonite||LoadedDice|Multiscale|ScaleShot,Tailwind,Haze,Protect|||F|||50|,,,,,Fairy]Incineroar||SafetyGoggles|Intimidate|KnockOff,WillOWisp,PartingShot,FakeOut|||M|||50|,,,,,Bug]Ursaluna||FlameOrb|Guts|Facade,HeadlongRush,Earthquake,Protect|||F|||50|,,,,,Ghost]Sinistcha||SitrusBerry|Hospitality|MatchaGotcha,LifeDew,RagePowder,TrickRoom||||||50|,,,,,Dark
|showteam|p2|Dragonite||LoadedDice|InnerFocus|ScaleShot,LowKick,Haze,Protect|||F|||50|,,,,,Fairy]Pelipper||FocusSash|Drizzle|MuddyWater,Hurricane,Tailwind,Protect|||M|||50|,,,,,Dark]Archaludon||AssaultVest|Stamina|ElectroShot,DracoMeteor,FlashCannon,BodyPress|||M|||50|,,,,,Fighting]Basculegion||LifeOrb|SwiftSwim|WaveCrash,LastRespects,AquaJet,Protect|||M|||50|,,,,,Water]Incineroar||SafetyGoggles|Intimidate|KnockOff,Taunt,FakeOut,PartingShot|||F|||50|,,,,,Ghost]Farigiraf||ThroatSpray|ArmorTail|HyperVoice,Imprison,TrickRoom,PsychicNoise|||M|||50|,,,,,Dark
|inactive|Battle timer is ON: inactive players will automatically lose when time's up. (requested by jowemama)
|inactive|jowemama has 60 seconds left.
|
|t:|1756564233
|teamsize|p1|4
|teamsize|p2|4
|start
|switch|p1a: Dragonite|Dragonite, L50, F|100/100
|switch|p1b: Archaludon|Archaludon, L50, M|100/100
|switch|p2a: Archaludon|Archaludon, L50, M|100/100
|switch|p2b: Basculegion|Basculegion, L50, M|100/100
|turn|1
|
|t:|1756564254
|switch|p2b: Incineroar|Incineroar, L50, F|100/100
|-ability|p2b: Incineroar|Intimidate|boost
|-unboost|p1a: Dragonite|atk|1
|-unboost|p1b: Archaludon|atk|1
|move|p1a: Dragonite|Scale Shot|p1b: Archaludon
|-crit|p1b: Archaludon
|-damage|p1b: Archaludon|84/100
|-ability|p1b: Archaludon|Stamina|boost
|-boost|p1b: Archaludon|def|1
|-damage|p1b: Archaludon|80/100
|-ability|p1b: Archaludon|Stamina|boost
|-boost|p1b: Archaludon|def|1
|-damage|p1b: Archaludon|76/100
|-ability|p1b: Archaludon|Stamina|boost
|-boost|p1b: Archaludon|def|1
|-damage|p1b: Archaludon|73/100
|-ability|p1b: Archaludon|Stamina|boost
|-boost|p1b: Archaludon|def|1
|-hitcount|p1b: Archaludon|4
|-unboost|p1a: Dragonite|def|1
|-boost|p1a: Dragonite|spe|1
|move|p2a: Archaludon|Flash Cannon|p1a: Dragonite
|-damage|p1a: Dragonite|82/100
|move|p1b: Archaludon|Body Press|p2a: Archaludon
|-supereffective|p2a: Archaludon
|-damage|p2a: Archaludon|0 fnt
|faint|p2a: Archaludon
|
|upkeep
|
|t:|1756564279
|switch|p2a: Dragonite|Dragonite, L50, F|100/100
|turn|2
|
|t:|1756564293
|switch|p1a: Sinistcha|Sinistcha, L50|100/100
|-heal|p1b: Archaludon|98/100|[from] ability: Hospitality|[of] p1a: Sinistcha
|move|p2b: Incineroar|Fake Out|p1b: Archaludon
|-resisted|p1b: Archaludon
|-damage|p1b: Archaludon|97/100
|-ability|p1b: Archaludon|Stamina|boost
|-boost|p1b: Archaludon|def|1
|move|p2a: Dragonite|Haze|p2a: Dragonite
|-clearallboost
|cant|p1b: Archaludon|flinch
|
|upkeep
|turn|3
|inactive|jowemama has 30 seconds left.
|
|t:|1756564325
|switch|p1a: Incineroar|Incineroar, L50, M|100/100
|-ability|p1a: Incineroar|Intimidate|boost
|-fail|p2a: Dragonite|unboost|Attack|[from] ability: Inner Focus|[of] p2a: Dragonite
|-unboost|p2b: Incineroar|atk|1
|move|p2a: Dragonite|Low Kick|p1b: Archaludon
|-supereffective|p1b: Archaludon
|-damage|p1b: Archaludon|54/100
|-ability|p1b: Archaludon|Stamina|boost
|-boost|p1b: Archaludon|def|1
|move|p1b: Archaludon|Flash Cannon|p2a: Dragonite
|-damage|p2a: Dragonite|66/100
|move|p2b: Incineroar|Parting Shot|p1b: Archaludon
|-unboost|p1b: Archaludon|atk|1
|-unboost|p1b: Archaludon|spa|1
|
|t:|1756564339
|switch|p2b: Basculegion|Basculegion, L50, M|100/100|[from] Parting Shot
|
|upkeep
|turn|4
|
|t:|1756564347
|switch|p1a: Sinistcha|Sinistcha, L50|100/100
|-heal|p1b: Archaludon|79/100|[from] ability: Hospitality|[of] p1a: Sinistcha
|move|p2a: Dragonite|Low Kick|p1b: Archaludon
|-supereffective|p1b: Archaludon
|-damage|p1b: Archaludon|50/100
|-ability|p1b: Archaludon|Stamina|boost
|-boost|p1b: Archaludon|def|1
|move|p2b: Basculegion|Last Respects|p1b: Archaludon
|-damage|p1b: Archaludon|27/100
|-ability|p1b: Archaludon|Stamina|boost
|-boost|p1b: Archaludon|def|1
|-damage|p2b: Basculegion|91/100|[from] item: Life Orb
|move|p1b: Archaludon|Body Press|p2a: Dragonite
|-resisted|p2a: Dragonite
|-damage|p2a: Dragonite|33/100
|
|upkeep
|turn|5
|inactive|Champ.Braeden has 30 seconds left.
|
|t:|1756564380
|move|p1a: Sinistcha|Rage Powder|p1a: Sinistcha
|-singleturn|p1a: Sinistcha|move: Rage Powder
|move|p2a: Dragonite|Haze|p2a: Dragonite
|-clearallboost
|move|p2b: Basculegion|Last Respects|p1a: Sinistcha
|-supereffective|p1a: Sinistcha
|-damage|p1a: Sinistcha|0 fnt
|faint|p1a: Sinistcha
|-damage|p2b: Basculegion|81/100|[from] item: Life Orb
|move|p1b: Archaludon|Body Press|p2a: Dragonite
|-resisted|p2a: Dragonite
|-damage|p2a: Dragonite|20/100
|
|upkeep
|
|t:|1756564392
|switch|p1a: Dragonite|Dragonite, L50, F|82/100
|turn|6
|
|t:|1756564404
|-terastallize|p2a: Dragonite|Fairy
|move|p2a: Dragonite|Low Kick|p1b: Archaludon
|-supereffective|p1b: Archaludon
|-damage|p1b: Archaludon|0 fnt
|faint|p1b: Archaludon
|move|p1a: Dragonite|Scale Shot|p2b: Basculegion|[miss]
|-miss|p1a: Dragonite|p2b: Basculegion
|move|p2b: Basculegion|Last Respects|p1a: Dragonite
|-damage|p1a: Dragonite|7/100
|-damage|p2b: Basculegion|71/100|[from] item: Life Orb
|
|upkeep
|
|t:|1756564410
|switch|p1b: Incineroar|Incineroar, L50, M|100/100
|-ability|p1b: Incineroar|Intimidate|boost
|-fail|p2a: Dragonite|unboost|Attack|[from] ability: Inner Focus|[of] p2a: Dragonite
|-unboost|p2b: Basculegion|atk|1
|turn|7
|
|t:|1756564417
|switch|p2a: Incineroar|Incineroar, L50, F|100/100
|-ability|p2a: Incineroar|Intimidate|boost
|-unboost|p1a: Dragonite|atk|1
|-unboost|p1b: Incineroar|atk|1
|move|p2b: Basculegion|Protect|p2b: Basculegion
|-singleturn|p2b: Basculegion|Protect
|move|p1a: Dragonite|Scale Shot|p2b: Basculegion
|-activate|p2b: Basculegion|move: Protect
|move|p1b: Incineroar|Knock Off|p2a: Incineroar
|-resisted|p2a: Incineroar
|-damage|p2a: Incineroar|90/100
|-enditem|p2a: Incineroar|Safety Goggles|[from] move: Knock Off|[of] p1b: Incineroar
|
|upkeep
|turn|8
|
|t:|1756564436
|move|p2a: Incineroar|Fake Out|p1b: Incineroar
|-damage|p1b: Incineroar|91/100
|move|p1a: Dragonite|Tailwind|p1a: Dragonite
|-sidestart|p1: jowemama|move: Tailwind
|cant|p1b: Incineroar|flinch
|move|p2b: Basculegion|Wave Crash|p1b: Incineroar
|-supereffective|p1b: Incineroar
|-damage|p1b: Incineroar|0 fnt
|faint|p1b: Incineroar
|-damage|p2b: Basculegion|42/100|[from] Recoil
|-damage|p2b: Basculegion|32/100|[from] item: Life Orb
|
|upkeep
|turn|9
|
|t:|1756564447
|move|p2b: Basculegion|Aqua Jet|p1a: Dragonite
|-resisted|p1a: Dragonite
|-damage|p1a: Dragonite|0 fnt
|faint|p1a: Dragonite
|-damage|p2b: Basculegion|22/100|[from] item: Life Orb
|
|win|Champ.Braeden
|raw|jowemama's rating: 1125 → 1097(-28 for losing)
|raw|Champ.Braeden's rating: 1089 → 1118(+29 for winning)
|c|☆jowemama|gg
|c|☆Champ.Braeden|Gg
|l|☆Champ.Braeden
|player|p2|
|j|☆Champ.Braeden
|player|p2|Champ.Braeden|hoopster|
|l|☆Champ.Braeden
|player|p2|
