|j|☆testdigi
|j|☆blazennn
|html|testdigiblazennn    
|uhtml|bestof|Game 3 of a best-of-3
|t:|1782497222
|gametype|doubles
|player|p1|testdigi|1|1066
|player|p2|blazennn|170|1040
|gen|9
|tier|[Gen 9 Champions] VGC 2026 Reg M-B (Bo3)
|rated|
|rule|Species Clause: Limit one of each Pokémon
|rule|Item Clause: Limit 1 of each item
|clearpoke
|poke|p1|Hydreigon, L50, M|
|poke|p1|Garchomp, L50, F|
|poke|p1|Metagross, L50, shiny|
|poke|p1|Grimmsnarl, L50, M, shiny|
|poke|p1|Charizard, L50, F, shiny|
|poke|p1|Toxapex, L50, M, shiny|
|poke|p2|Froslass, L50, F|
|poke|p2|Scovillain, L50, M|
|poke|p2|Sneasler, L50, F|
|poke|p2|Lycanroc, L50, M|
|poke|p2|Kingambit, L50, M|
|poke|p2|Whimsicott, L50, F|
|teampreview|4
|showteam|p1|Hydreigon||ChoiceScarf|Levitate|HeatWave,DarkPulse,DracoMeteor,Snarl|Modest||M|||50|]Garchomp||LifeOrb|RoughSkin|Protect,RockSlide,DragonClaw,Earthquake|Jolly||F|||50|]Metagross||Metagrossite|ClearBody|Protect,HammerArm,BulletPunch,IronHead|Brave|||||50|]Grimmsnarl||RoseliBerry|Prankster|FakeOut,LightScreen,Reflect,PartingShot|Sassy||M|||50|]Charizard||CharizarditeY|Blaze|Protect,HeatWave,SolarBeam,WeatherBall|Timid||F|||50|]Toxapex||Leftovers|Regenerator|Infestation,Toxic,BanefulBunker,WideGuard|Relaxed||M|||50|
|showteam|p2|Froslass||Froslassite|CursedBody|AuroraVeil,Blizzard,Protect,ShadowBall|Modest||F|||50|]Scovillain||Scovillainite|Moody|RagePowder,Overheat,LeafStorm,Protect|Bold||M|||50|]Sneasler||WhiteHerb|Unburden|FakeOut,CloseCombat,DireClaw,Coaching|Adamant||F|||50|]Lycanroc||FocusSash|SandRush|CloseCombat,RockSlide,Accelerock,Protect|Adamant||M|||50|]Kingambit||BlackGlasses|Defiant|KowtowCleave,SuckerPunch,SwordsDance,Protect|Adamant||M|||50|]Whimsicott||CobaBerry|Prankster|Tailwind,Encore,Moonblast,Protect|Bold||F|||50|
|
|t:|1782497236
|teamsize|p1|4
|teamsize|p2|4
|start
|switch|p1a: Grimmsnarl|Grimmsnarl, L50, M, shiny|100/100
|switch|p1b: Charizard|Charizard, L50, F, shiny|100/100
|switch|p2a: Lycanroc|Lycanroc, L50, M|100/100
|switch|p2b: Kingambit|Kingambit, L50, M|100/100
|turn|1
|inactive|Battle timer is ON: inactive players will automatically lose when time's up. (requested by blazennn)
|
|t:|1782497247
|detailschange|p1b: Charizard|Charizard-Mega-Y, L50, F, shiny
|-mega|p1b: Charizard|Charizard|Charizardite Y
|-weather|SunnyDay|[from] ability: Drought|[of] p1b: Charizard
|move|p2b: Kingambit|Protect|p2b: Kingambit
|-singleturn|p2b: Kingambit|Protect
|move|p1a: Grimmsnarl|Fake Out|p2a: Lycanroc
|-resisted|p2a: Lycanroc|1
|-damage|p2a: Lycanroc|91/100
|cant|p2a: Lycanroc|flinch
|move|p1b: Charizard|Weather Ball|p2b: Kingambit
|-activate|p2b: Kingambit|move: Protect
|
|-weather|SunnyDay|[upkeep]
|upkeep
|turn|2
|
|t:|1782497264
|move|p1a: Grimmsnarl|Reflect|p1a: Grimmsnarl
|-sidestart|p1: testdigi|Reflect
|move|p2a: Lycanroc|Rock Slide|p1a: Grimmsnarl|[spread] p1b
|-miss|p2a: Lycanroc|p1a: Grimmsnarl
|-supereffective|p1b: Charizard|2
|-crit|p1b: Charizard
|-damage|p1b: Charizard|0 fnt
|faint|p1b: Charizard
|move|p2b: Kingambit|Swords Dance|p2b: Kingambit
|-boost|p2b: Kingambit|atk|2
|
|-weather|SunnyDay|[upkeep]
|upkeep
|
|t:|1782497270
|switch|p1b: Garchomp|Garchomp, L50, F|100/100
|turn|3
|
|t:|1782497290
|move|p2b: Kingambit|Protect|p2b: Kingambit
|-singleturn|p2b: Kingambit|Protect
|move|p1a: Grimmsnarl|Parting Shot|p2a: Lycanroc
|-unboost|p2a: Lycanroc|atk|1
|-unboost|p2a: Lycanroc|spa|1
|
|t:|1782497293
|switch|p1a: Toxapex|Toxapex, L50, M, shiny|100/100|[from] Parting Shot
|move|p1b: Garchomp|Rock Slide|p2b: Kingambit|[spread] 
|-activate|p2b: Kingambit|move: Protect
|-miss|p1b: Garchomp|p2a: Lycanroc
|move|p2a: Lycanroc|Close Combat|p1b: Garchomp
|-damage|p1b: Garchomp|80/100
|-unboost|p2a: Lycanroc|def|1
|-unboost|p2a: Lycanroc|spd|1
|-damage|p2a: Lycanroc|79/100|[from] ability: Rough Skin|[of] p1b: Garchomp
|
|-weather|SunnyDay|[upkeep]
|upkeep
|turn|4
|
|t:|1782497305
|move|p1a: Toxapex|Wide Guard|p1a: Toxapex
|-singleturn|p1a: Toxapex|Wide Guard
|move|p1b: Garchomp|Earthquake|p2b: Kingambit|[spread] p2a,p2b
|-activate|p1a: Toxapex|move: Wide Guard
|-supereffective|p2a: Lycanroc|1
|-supereffective|p2b: Kingambit|1
|-damage|p2a: Lycanroc|0 fnt
|-damage|p2b: Kingambit|20/100r
|faint|p2a: Lycanroc
|-damage|p1b: Garchomp|70/100|[from] item: Life Orb
|move|p2b: Kingambit|Kowtow Cleave|p1a: Toxapex
|-damage|p1a: Toxapex|46/100
|
|-weather|SunnyDay|[upkeep]
|-heal|p1a: Toxapex|52/100|[from] item: Leftovers
|upkeep
|
|t:|1782497309
|switch|p2a: Scovillain|Scovillain, L50, M|100/100
|turn|5
|
|t:|1782497322
|switch|p1b: Grimmsnarl|Grimmsnarl, L50, M, shiny|100/100
|detailschange|p2a: Scovillain|Scovillain-Mega, L50, M
|-mega|p2a: Scovillain|Scovillain|Scovillainite
|move|p2b: Kingambit|Sucker Punch||[still]
|-fail|p2b: Kingambit
|move|p2a: Scovillain|Leaf Storm|p1a: Toxapex
|-damage|p1a: Toxapex|3/100
|-unboost|p2a: Scovillain|spa|2
|move|p1a: Toxapex|Infestation|p2b: Kingambit
|-damage|p2b: Kingambit|16/100
|-activate|p2b: Kingambit|move: Infestation|[of] p1a: Toxapex
|
|-weather|none
|-heal|p1a: Toxapex|9/100|[from] item: Leftovers
|-damage|p2b: Kingambit|4/100|[from] move: Infestation|[partiallytrapped]
|upkeep
|turn|6
|
|t:|1782497338
|move|p1a: Toxapex|Baneful Bunker|p1a: Toxapex
|-singleturn|p1a: Toxapex|move: Protect
|move|p1b: Grimmsnarl|Light Screen|p1b: Grimmsnarl
|-sidestart|p1: testdigi|move: Light Screen
|move|p2a: Scovillain|Leaf Storm|p1a: Toxapex
|-activate|p1a: Toxapex|move: Protect
|move|p2b: Kingambit|Kowtow Cleave|p1a: Toxapex
|-activate|p1a: Toxapex|move: Protect
|
|-heal|p1a: Toxapex|15/100|[from] item: Leftovers
|-damage|p2b: Kingambit|0 fnt|[from] move: Infestation|[partiallytrapped]
|faint|p2b: Kingambit
|-sideend|p1: testdigi|Reflect
|upkeep
|
|t:|1782497341
|switch|p2b: Sneasler|Sneasler, L50, F|100/100
|turn|7
|
|t:|1782497358
|-heal|p1a: Toxapex|48/100|[from] ability: Regenerator|[silent]
|switch|p1a: Garchomp|Garchomp, L50, F|70/100
|move|p1b: Grimmsnarl|Parting Shot|p2b: Sneasler
|-unboost|p2b: Sneasler|atk|1
|-unboost|p2b: Sneasler|spa|1
|
|t:|1782497365
|switch|p1b: Toxapex|Toxapex, L50, M, shiny|48/100|[from] Parting Shot
|-enditem|p2b: Sneasler|White Herb
|-clearnegativeboost|p2b: Sneasler|[silent]
|move|p2b: Sneasler|Dire Claw|p1b: Toxapex
|-resisted|p1b: Toxapex|1
|-damage|p1b: Toxapex|34/100
|move|p2a: Scovillain|Leaf Storm|p1a: Garchomp
|-damage|p1a: Garchomp|49/100
|-unboost|p2a: Scovillain|spa|2
|
|-heal|p1b: Toxapex|40/100|[from] item: Leftovers
|upkeep
|turn|8
|
|t:|1782497378
|-heal|p1b: Toxapex|73/100|[from] ability: Regenerator|[silent]
|switch|p1b: Grimmsnarl|Grimmsnarl, L50, M, shiny|100/100
|move|p1a: Garchomp|Protect|p1a: Garchomp
|-singleturn|p1a: Garchomp|Protect
|move|p2b: Sneasler|Close Combat|p1a: Garchomp
|-activate|p1a: Garchomp|move: Protect
|move|p2a: Scovillain|Leaf Storm|p1b: Grimmsnarl
|-damage|p1b: Grimmsnarl|87/100
|-unboost|p2a: Scovillain|spa|2
|
|upkeep
|turn|9
|inactive|testdigi has 30 seconds left.
|inactive|blazennn has 30 seconds left.
|
|t:|1782497406
|move|p1b: Grimmsnarl|Fake Out|p2b: Sneasler
|-damage|p2b: Sneasler|85/100
|move|p2a: Scovillain|Rage Powder|p2a: Scovillain
|-singleturn|p2a: Scovillain|move: Rage Powder
|cant|p2b: Sneasler|flinch
|move|p1a: Garchomp|Rock Slide|p2b: Sneasler|[spread] p2a,p2b
|-supereffective|p2a: Scovillain|1
|-resisted|p2b: Sneasler|1
|-damage|p2a: Scovillain|50/100y
|-damage|p2b: Sneasler|69/100
|-status|p1a: Garchomp|brn|[from] ability: Spicy Spray|[of] p2a: Scovillain
|-damage|p1a: Garchomp|40/100 brn|[from] item: Life Orb
|
|-damage|p1a: Garchomp|34/100 brn|[from] brn
|upkeep
|turn|10
|
|t:|1782497421
|move|p2a: Scovillain|Rage Powder|p2a: Scovillain
|-singleturn|p2a: Scovillain|move: Rage Powder
|move|p1b: Grimmsnarl|Parting Shot|p2a: Scovillain
|-unboost|p2a: Scovillain|atk|1
|-unboost|p2a: Scovillain|spa|0
|
|t:|1782497424
|switch|p1b: Toxapex|Toxapex, L50, M, shiny|73/100|[from] Parting Shot
|move|p2b: Sneasler|Dire Claw|p1b: Toxapex
|-resisted|p1b: Toxapex|1
|-damage|p1b: Toxapex|58/100
|move|p1a: Garchomp|Dragon Claw|p2a: Scovillain
|-damage|p2a: Scovillain|23/100
|-damage|p1a: Garchomp|24/100 brn|[from] item: Life Orb
|
|-heal|p1b: Toxapex|64/100|[from] item: Leftovers
|-damage|p1a: Garchomp|19/100 brn|[from] brn
|-sideend|p1: testdigi|move: Light Screen
|upkeep
|turn|11
|
|t:|1782497438
|-heal|p1b: Toxapex|97/100|[from] ability: Regenerator|[silent]
|switch|p1b: Grimmsnarl|Grimmsnarl, L50, M, shiny|87/100
|move|p2a: Scovillain|Rage Powder|p2a: Scovillain
|-singleturn|p2a: Scovillain|move: Rage Powder
|move|p2b: Sneasler|Dire Claw|p1b: Grimmsnarl
|-supereffective|p1b: Grimmsnarl|1
|-damage|p1b: Grimmsnarl|1/100
|move|p1a: Garchomp|Rock Slide|p2a: Scovillain|[spread] p2a,p2b
|-supereffective|p2a: Scovillain|1
|-resisted|p2b: Sneasler|1
|-damage|p2a: Scovillain|1/100
|-damage|p2b: Sneasler|61/100
|-damage|p1a: Garchomp|9/100 brn|[from] item: Life Orb
|
|-damage|p1a: Garchomp|3/100 brn|[from] brn
|upkeep
|turn|12
|
|t:|1782497459
|move|p1b: Grimmsnarl|Parting Shot|p2b: Sneasler
|-unboost|p2b: Sneasler|atk|1
|-unboost|p2b: Sneasler|spa|1
|
|t:|1782497463
|switch|p1b: Toxapex|Toxapex, L50, M, shiny|97/100|[from] Parting Shot
|move|p2b: Sneasler|Dire Claw|p1a: Garchomp
|-resisted|p1a: Garchomp|1
|-crit|p1a: Garchomp
|-damage|p1a: Garchomp|0 fnt
|-damage|p2b: Sneasler|49/100|[from] ability: Rough Skin|[of] p1a: Garchomp
|faint|p1a: Garchomp
|move|p2a: Scovillain|Leaf Storm|p1b: Toxapex
|-damage|p1b: Toxapex|85/100
|
|-heal|p1b: Toxapex|91/100|[from] item: Leftovers
|upkeep
|
|t:|1782497465
|switch|p1a: Grimmsnarl|Grimmsnarl, L50, M, shiny|1/100
|turn|13
|inactive|blazennn has 30 seconds left.
|-message|blazennn forfeited.
|raw|testdigi's rating: 1066 → 1094(+28 for winning)
|raw|blazennn's rating: 1040 → 1025(-15 for losing)
|
|win|testdigi
