|j|☆panijc
|j|☆Stereofloveeee
|html|panijcStereofloveeee    
|uhtml|bestof|Game 1 of a best-of-3
|t:|1785604767
|gametype|doubles
|player|p1|panijc|2|1207
|player|p2|Stereofloveeee|266|1215
|gen|9
|tier|[Gen 9 Champions] VGC 2026 Reg M-B (Bo3)
|rated|
|rule|Species Clause: Limit one of each Pokémon
|rule|Item Clause: Limit 1 of each item
|clearpoke
|poke|p1|Raichu, L50, M|
|poke|p1|Mamoswine, L50, M|
|poke|p1|Sylveon, L50, F|
|poke|p1|Incineroar, L50, F|
|poke|p1|Basculegion, L50, M|
|poke|p1|Whimsicott, L50, F|
|poke|p2|Excadrill, L50, F|
|poke|p2|Tyranitar, L50, M, shiny|
|poke|p2|Sinistcha, L50|
|poke|p2|Milotic, L50, M, shiny|
|poke|p2|Gholdengo, L50|
|poke|p2|Staraptor, L50, F, shiny|
|teampreview|4
|showteam|p1|Raichu||RaichuniteY|LightningRod|ZapCannon,FocusBlast,FakeOut,Protect|Timid||M|||50|]Mamoswine||LifeOrb|Oblivious|IcicleCrash,HighHorsepower,IceShard,Protect|Adamant||M|||50|]Sylveon||FairyFeather|Pixilate|HyperVoice,HyperBeam,Detect,Yawn|Modest||F|||50|]Incineroar||SitrusBerry|Intimidate|ThroatChop,FlareBlitz,FakeOut,PartingShot|Impish||F|||50|]Basculegion||MysticWater|Adaptability|WaveCrash,LastRespects,AquaJet,Protect|Adamant||M|||50|]Whimsicott||FocusSash|Prankster|Moonblast,Tailwind,Protect,Encore|Timid||F|||50|
|showteam|p2|Excadrill||FocusSash|SandRush|HighHorsepower,Protect,RockSlide,IronHead|Adamant||F|||50|]Tyranitar||Tyranitarite|SandStream|RockSlide,KnockOff,Protect,LowKick|Adamant||M|||50|]Sinistcha||SitrusBerry|Hospitality|MatchaGotcha,LifeDew,RagePowder,ShadowBall|Modest|||||50|]Milotic||Leftovers|Competitive|Scald,IceBeam,IcyWind,Protect|Quiet||M|||50|]Gholdengo||LifeOrb|GoodasGold|MakeItRain,NastyPlot,ShadowBall,Protect|Timid|||||50|]Staraptor||Staraptite|Intimidate|BraveBird,CloseCombat,Tailwind,Protect|Jolly||F|||50|
|
|t:|1785604837
|teamsize|p1|4
|teamsize|p2|4
|start
|switch|p1a: Whimsicott|Whimsicott, L50, F|100/100
|switch|p1b: Raichu|Raichu, L50, M|100/100
|switch|p2a: Excadrill|Excadrill, L50, F|100/100
|switch|p2b: Tyranitar|Tyranitar, L50, M, shiny|100/100
|-weather|Sandstorm|[from] ability: Sand Stream|[of] p2b: Tyranitar
|turn|1
|
|t:|1785604875
|detailschange|p1b: Raichu|Raichu-Mega-Y, L50, M
|-mega|p1b: Raichu|Raichu|Raichunite Y
|detailschange|p2b: Tyranitar|Tyranitar-Mega, L50, M, shiny
|-mega|p2b: Tyranitar|Tyranitar|Tyranitarite
|move|p2a: Excadrill|Protect|p2a: Excadrill
|-singleturn|p2a: Excadrill|Protect
|move|p2b: Tyranitar|Protect|p2b: Tyranitar
|-singleturn|p2b: Tyranitar|Protect
|move|p1b: Raichu|Fake Out|p2a: Excadrill
|-activate|p2a: Excadrill|move: Protect
|move|p1a: Whimsicott|Moonblast|p2b: Tyranitar
|-activate|p2b: Tyranitar|move: Protect
|
|-weather|Sandstorm|[upkeep]
|-damage|p1b: Raichu|94/100|[from] Sandstorm
|-damage|p1a: Whimsicott|94/100|[from] Sandstorm
|upkeep
|turn|2
|inactive|Battle timer is ON: inactive players will automatically lose when time's up. (requested by panijc)
|
|t:|1785604923
|switch|p2b: Sinistcha|Sinistcha, L50|100/100
|move|p1a: Whimsicott|Encore|p2a: Excadrill
|-start|p2a: Excadrill|Encore
|move|p2a: Excadrill|Protect||[still]
|-fail|p2a: Excadrill
|move|p1b: Raichu|Focus Blast|p2b: Sinistcha
|-immune|p2b: Sinistcha
|
|-weather|Sandstorm|[upkeep]
|-damage|p1b: Raichu|88/100|[from] Sandstorm
|-damage|p1a: Whimsicott|88/100|[from] Sandstorm
|-damage|p2b: Sinistcha|93/100|[from] Sandstorm
|upkeep
|turn|3
|inactive|Stereofloveeee has 30 seconds left.
|
|t:|1785604954
|switch|p2a: Gholdengo|Gholdengo, L50|100/100
|move|p1b: Raichu|Zap Cannon|p2b: Sinistcha
|-resisted|p2b: Sinistcha|1
|-damage|p2b: Sinistcha|60/100
|-status|p2b: Sinistcha|par
|move|p1a: Whimsicott|Moonblast|p2b: Sinistcha
|-damage|p2b: Sinistcha|23/100 par
|-enditem|p2b: Sinistcha|Sitrus Berry|[eat]
|-heal|p2b: Sinistcha|48/100 par|[from] item: Sitrus Berry
|move|p2b: Sinistcha|Matcha Gotcha|p1b: Raichu|[spread] p1a,p1b
|-resisted|p1a: Whimsicott|1
|-damage|p1a: Whimsicott|64/100
|-heal|p2b: Sinistcha|58/100 par|[from] drain|[of] p1a: Whimsicott
|-damage|p1b: Raichu|41/100
|-heal|p2b: Sinistcha|79/100 par|[from] drain|[of] p1b: Raichu
|
|-weather|Sandstorm|[upkeep]
|-damage|p1b: Raichu|36/100|[from] Sandstorm
|-damage|p1a: Whimsicott|58/100|[from] Sandstorm
|-damage|p2b: Sinistcha|73/100 par|[from] Sandstorm
|upkeep
|turn|4
|inactive|Stereofloveeee has 30 seconds left.
|
|t:|1785604980
|move|p2a: Gholdengo|Protect|p2a: Gholdengo
|-singleturn|p2a: Gholdengo|Protect
|move|p1a: Whimsicott|Tailwind|p1a: Whimsicott
|-sidestart|p1: panijc|move: Tailwind
|move|p1b: Raichu|Zap Cannon|p2a: Gholdengo
|-activate|p2a: Gholdengo|move: Protect
|move|p2b: Sinistcha|Matcha Gotcha|p1a: Whimsicott|[spread] p1a,p1b
|-resisted|p1a: Whimsicott|1
|-damage|p1a: Whimsicott|35/100
|-heal|p2b: Sinistcha|83/100 par|[from] drain|[of] p1a: Whimsicott
|-damage|p1b: Raichu|0 fnt
|-heal|p2b: Sinistcha|99/100 par|[from] drain|[of] p1b: Raichu
|faint|p1b: Raichu
|
|-weather|Sandstorm|[upkeep]
|-damage|p1a: Whimsicott|29/100|[from] Sandstorm
|-damage|p2b: Sinistcha|93/100 par|[from] Sandstorm
|upkeep
|
|t:|1785604998
|switch|p1b: Basculegion|Basculegion, L50, M|100/100
|turn|5
|inactive|Stereofloveeee has 30 seconds left.
|
|t:|1785605023
|move|p1a: Whimsicott|Protect|p1a: Whimsicott
|-singleturn|p1a: Whimsicott|Protect
|move|p2b: Sinistcha|Rage Powder|p2b: Sinistcha
|-singleturn|p2b: Sinistcha|move: Rage Powder
|move|p1b: Basculegion|Last Respects|p2b: Sinistcha
|-supereffective|p2b: Sinistcha|1
|-damage|p2b: Sinistcha|0 fnt
|faint|p2b: Sinistcha
|move|p2a: Gholdengo|Shadow Ball|p1b: Basculegion
|-supereffective|p1b: Basculegion|1
|-damage|p1b: Basculegion|0 fnt
|faint|p1b: Basculegion
|-damage|p2a: Gholdengo|90/100|[from] item: Life Orb
|
|-weather|none
|upkeep
|
|t:|1785605045
|switch|p1b: Mamoswine|Mamoswine, L50, M|100/100
|switch|p2b: Excadrill|Excadrill, L50, F|100/100
|turn|6
|
|t:|1785605060
|move|p1a: Whimsicott|Moonblast|p2b: Excadrill
|-resisted|p2b: Excadrill|1
|-damage|p2b: Excadrill|76/100
|move|p1b: Mamoswine|High Horsepower|p2b: Excadrill
|-supereffective|p2b: Excadrill|1
|-damage|p2b: Excadrill|0 fnt
|faint|p2b: Excadrill
|-damage|p1b: Mamoswine|90/100|[from] item: Life Orb
|move|p2a: Gholdengo|Make It Rain|p1b: Mamoswine|[spread] p1a,p1b
|-supereffective|p1a: Whimsicott|1
|-supereffective|p1b: Mamoswine|1
|-damage|p1a: Whimsicott|0 fnt
|-damage|p1b: Mamoswine|0 fnt
|-unboost|p2a: Gholdengo|spa|2
|faint|p1a: Whimsicott
|faint|p1b: Mamoswine
|-damage|p2a: Gholdengo|80/100|[from] item: Life Orb
|
|win|Stereofloveeee
|inactive|panijc has 30 seconds to confirm battle start!
|inactive|Stereofloveeee has 30 seconds to confirm battle start!
||panijc is ready for game 2.
||Stereofloveeee is ready for game 2.
|uhtml|next|Next: Game 2 of 3
