|j|☆rknsx17
|j|☆BeckVGC
|html|rknsx17BeckVGC    
|uhtml|bestof|Game 1 of a best-of-3
|t:|1783468019
|gametype|doubles
|player|p1|rknsx17|steven|1080
|player|p2|BeckVGC|roughneck-gen4|1156
|gen|9
|tier|[Gen 9 Champions] VGC 2026 Reg M-B (Bo3)
|rated|
|rule|Species Clause: Limit one of each Pokémon
|rule|Item Clause: Limit 1 of each item
|clearpoke
|poke|p1|Blaziken, L50, M|
|poke|p1|Kingambit, L50, M|
|poke|p1|Torkoal, L50, M|
|poke|p1|Aerodactyl, L50, F|
|poke|p1|Primarina, L50, M|
|poke|p1|Scizor, L50, F|
|poke|p2|Raichu, L50, F|
|poke|p2|Mamoswine, L50, M|
|poke|p2|Talonflame, L50, M|
|poke|p2|Gholdengo, L50|
|poke|p2|Sylveon, L50, F|
|poke|p2|Sneasler, L50, M|
|teampreview|4
|showteam|p1|Blaziken||Blazikenite|SpeedBoost|FlareBlitz,CloseCombat,RockSlide,Protect|Adamant||M|||50|]Kingambit||LifeOrb|Defiant|KowtowCleave,IronHead,LowKick,SuckerPunch|Adamant||M|||50|]Torkoal||Leftovers|Drought|BurningJealousy,Yawn,WeatherBall,Protect|Relaxed||M|||50|]Aerodactyl||FocusSash|Unnerve|DualWingbeat,WideGuard,Tailwind,RockSlide|Jolly||F|||50|]Primarina||ExpertBelt|LiquidVoice|CalmMind,HyperVoice,Moonblast,Protect|Modest||M|||50|]Scizor||Scizorite|Technician|BulletPunch,BugBite,SwordsDance,Protect|Adamant||F|||50|
|showteam|p2|Raichu||RaichuniteY|Static|FakeOut,ZapCannon,FocusBlast,Protect|Hasty||F|||50|]Mamoswine||FocusSash|Oblivious|IcicleCrash,IceShard,HighHorsepower,Protect|Jolly||M|||50|]Talonflame||SharpBeak|GaleWings|DualWingbeat,Tailwind,QuickGuard,FlareBlitz|Jolly||M|||50|]Gholdengo||LifeOrb|GoodasGold|MakeItRain,ShadowBall,PowerGem,Protect|Timid|||||50|]Sylveon||FairyFeather|Pixilate|HyperVoice,HyperBeam,QuickAttack,Protect|Modest||F|||50|]Sneasler||WhiteHerb|Unburden|FakeOut,CloseCombat,DireClaw,Protect|Adamant||M|||50|
|inactive|Battle timer is ON: inactive players will automatically lose when time's up. (requested by BeckVGC)
|inactive|rknsx17 has 60 seconds left.
|inactive|BeckVGC has 60 seconds left.
|
|t:|1783468077
|teamsize|p1|4
|teamsize|p2|4
|start
|switch|p1a: Aerodactyl|Aerodactyl, L50, F|100/100
|switch|p1b: Blaziken|Blaziken, L50, M|100/100
|switch|p2a: Sneasler|Sneasler, L50, M|100/100
|switch|p2b: Sylveon|Sylveon, L50, F|100/100
|-ability|p1a: Aerodactyl|Unnerve
|turn|1
|inactive|rknsx17 has 30 seconds left.
|inactive|rknsx17 has 20 seconds left.
|inactive|rknsx17 has 15 seconds left.
|inactive|rknsx17 has 10 seconds left.
|
|t:|1783468124
|detailschange|p1b: Blaziken|Blaziken-Mega, L50, M
|-mega|p1b: Blaziken|Blaziken|Blazikenite
|move|p1b: Blaziken|Protect|p1b: Blaziken
|-singleturn|p1b: Blaziken|Protect
|move|p1a: Aerodactyl|Tailwind|p1a: Aerodactyl
|-sidestart|p1: rknsx17|move: Tailwind
|move|p2a: Sneasler|Close Combat|p1b: Blaziken
|-activate|p1b: Blaziken|move: Protect
|move|p2b: Sylveon|Hyper Voice|p1b: Blaziken|[spread] p1a
|-activate|p1b: Blaziken|move: Protect
|-damage|p1a: Aerodactyl|21/100
|
|-ability|p1b: Blaziken|Speed Boost|boost
|-boost|p1b: Blaziken|spe|1
|upkeep
|turn|2
|inactive|rknsx17 has 30 seconds left.
|inactive|rknsx17 has 20 seconds left.
|
|t:|1783468161
|switch|p1a: Scizor|Scizor, L50, F|100/100
|move|p2a: Sneasler|Protect|p2a: Sneasler
|-singleturn|p2a: Sneasler|Protect
|move|p1b: Blaziken|Flare Blitz|p2b: Sylveon
|-damage|p2b: Sylveon|0 fnt
|faint|p2b: Sylveon
|-damage|p1b: Blaziken|57/100|[from] Recoil
|
|-ability|p1b: Blaziken|Speed Boost|boost
|-boost|p1b: Blaziken|spe|1
|upkeep
|
|t:|1783468178
|switch|p2b: Talonflame|Talonflame, L50, M|100/100
|turn|3
|inactive|rknsx17 has 30 seconds left.
|
|t:|1783468207
|move|p1b: Blaziken|Protect|p1b: Blaziken
|-singleturn|p1b: Blaziken|Protect
|move|p2b: Talonflame|Dual Wingbeat|p1b: Blaziken
|-activate|p1b: Blaziken|move: Protect
|move|p1a: Scizor|Bullet Punch|p2b: Talonflame
|-resisted|p2b: Talonflame|1
|-damage|p2b: Talonflame|72/100
|move|p2a: Sneasler|Close Combat|p1a: Scizor
|-damage|p1a: Scizor|29/100
|-unboost|p2a: Sneasler|def|1
|-unboost|p2a: Sneasler|spd|1
|-enditem|p2a: Sneasler|White Herb
|-clearnegativeboost|p2a: Sneasler|[silent]
|
|-ability|p1b: Blaziken|Speed Boost|boost
|-boost|p1b: Blaziken|spe|1
|upkeep
|turn|4
|
|t:|1783468231
|move|p1a: Scizor|Bullet Punch|p2a: Sneasler
|-damage|p2a: Sneasler|45/100
|move|p1b: Blaziken|Rock Slide|p2b: Talonflame|[spread] p2a,p2b
|-resisted|p2a: Sneasler|1
|-supereffective|p2b: Talonflame|2
|-damage|p2a: Sneasler|22/100
|-damage|p2b: Talonflame|0 fnt
|faint|p2b: Talonflame
|move|p2a: Sneasler|Dire Claw|p1b: Blaziken
|-damage|p1b: Blaziken|0 fnt
|faint|p1b: Blaziken
|
|-sideend|p1: rknsx17|move: Tailwind
|upkeep
|inactive|rknsx17 has 30 seconds left.
|
|t:|1783468258
|switch|p2b: Raichu|Raichu, L50, F|100/100
|switch|p1b: Kingambit|Kingambit, L50, M|100/100
|turn|5
|inactive|rknsx17 has 30 seconds left.
|inactive|rknsx17 has 20 seconds left.
|inactive|rknsx17 has 15 seconds left.
|
|t:|1783468300
|detailschange|p2b: Raichu|Raichu-Mega-Y, L50, F
|-mega|p2b: Raichu|Raichu|Raichunite Y
|move|p2a: Sneasler|Protect|p2a: Sneasler
|-singleturn|p2a: Sneasler|Protect
|move|p1a: Scizor|Bullet Punch|p2a: Sneasler
|-activate|p2a: Sneasler|move: Protect
|move|p2b: Raichu|Focus Blast|p1b: Kingambit
|-supereffective|p1b: Kingambit|2
|-damage|p1b: Kingambit|0 fnt
|faint|p1b: Kingambit
|
|upkeep
|
|t:|1783468307
|switch|p1b: Aerodactyl|Aerodactyl, L50, F|21/100
|-ability|p1b: Aerodactyl|Unnerve
|turn|6
|
|t:|1783468323
|move|p1a: Scizor|Bullet Punch|p2a: Sneasler
|-damage|p2a: Sneasler|0 fnt
|faint|p2a: Sneasler
|move|p1b: Aerodactyl|Rock Slide|p2b: Raichu
|-damage|p2b: Raichu|17/100
|cant|p2b: Raichu|flinch
|
|upkeep
|turn|7
|
|t:|1783468336
|move|p1a: Scizor|Bullet Punch|p2b: Raichu
|-resisted|p2b: Raichu|1
|-damage|p2b: Raichu|0 fnt
|faint|p2b: Raichu
|
|win|rknsx17
