|j|☆Giocostorto
|j|☆Patata Navidenya
|html|GiocostortoPatata Navidenya    
|uhtml|bestof|Game 3 of a best-of-3
|t:|1756933391
|gametype|doubles
|player|p1|Giocostorto|palmer|1229
|player|p2|Patata Navidenya|cilan|1277
|gen|9
|tier|[Gen 9] VGC 2025 Reg H (Bo3)
|rated|
|rule|Species Clause: Limit one of each Pokémon
|rule|Item Clause: Limit 1 of each item
|clearpoke
|poke|p1|Misdreavus, L50, F|
|poke|p1|Gothitelle, L50, F|
|poke|p1|Amoonguss, L50, M|
|poke|p1|Incineroar, L50, M|
|poke|p1|Primarina, L50, F|
|poke|p1|Ursaluna, L50, M|
|poke|p2|Pelipper, L50, F|
|poke|p2|Archaludon, L50, M|
|poke|p2|Sinistcha, L50|
|poke|p2|Incineroar, L50, F|
|poke|p2|Ursaluna, L50, F|
|poke|p2|Dragonite, L50, F|
|teampreview|4
|showteam|p1|Misdreavus||Eviolite|Levitate|Protect,PerishSong,TrickRoom,ShadowBall|||F|||50|,,,,,Fire]Gothitelle||SafetyGoggles|ShadowTag|Protect,Psychic,TrickRoom,FakeOut|||F|||50|,,,,,Water]Amoonguss||MentalHerb|Regenerator|Protect,Spore,RagePowder,PollenPuff|||M|||50|,,,,,Dark]Incineroar||MirrorHerb|Intimidate|Protect,FlareBlitz,FakeOut,PartingShot|||M|||50|,,,,,Grass]Primarina||SitrusBerry|LiquidVoice|Protect,Moonblast,PerishSong,HyperVoice|||F|||50|,,,,,Steel]Ursaluna||FlameOrb|Guts|Protect,HeadlongRush,Earthquake,Facade|||M|||50|,,,,,Ghost
|showteam|p2|Pelipper||FocusSash|Drizzle|MuddyWater,Hurricane,Tailwind,Protect|||F|||50|,,,,,Ghost]Archaludon||AssaultVest|Stamina|FlashCannon,ElectroShot,BodyPress,Snarl|||M|||50|,,,,,Bug]Sinistcha||SitrusBerry|Hospitality|MatchaGotcha,LifeDew,RagePowder,TrickRoom||||||50|,,,,,Fire]Incineroar||SafetyGoggles|Intimidate|KnockOff,Taunt,PartingShot,FakeOut|||F|||50|,,,,,Ghost]Ursaluna||FlameOrb|Guts|HeadlongRush,Earthquake,Facade,Protect|||F|||50|,,,,,Ghost]Dragonite||LoadedDice|Multiscale|ScaleShot,Tailwind,Haze,Protect|||F|||50|,,,,,Steel
|inactive|Battle timer is ON: inactive players will automatically lose when time's up. (requested by Patata Navidenya)
|inactive|Giocostorto also wants the timer to be on.
|
|t:|1756933418
|teamsize|p1|4
|teamsize|p2|4
|start
|switch|p1a: Gothitelle|Gothitelle, L50, F|100/100
|switch|p1b: Primarina|Primarina, L50, F|100/100
|switch|p2a: Sinistcha|Sinistcha, L50|100/100
|switch|p2b: Incineroar|Incineroar, L50, F|100/100
|-ability|p2b: Incineroar|Intimidate|boost
|-unboost|p1a: Gothitelle|atk|1
|-unboost|p1b: Primarina|atk|1
|turn|1
|
|t:|1756933443
|switch|p1b: Ursaluna|Ursaluna, L50, M|100/100
|-terastallize|p2b: Incineroar|Ghost
|move|p1a: Gothitelle|Fake Out|p2b: Incineroar
|-immune|p2b: Incineroar
|move|p2b: Incineroar|Knock Off|p1b: Ursaluna
|-damage|p1b: Ursaluna|74/100
|-enditem|p1b: Ursaluna|Flame Orb|[from] move: Knock Off|[of] p2b: Incineroar
|move|p2a: Sinistcha|Trick Room|p2a: Sinistcha
|-fieldstart|move: Trick Room|[of] p2a: Sinistcha
|
|upkeep
|turn|2
|inactive|Giocostorto has 30 seconds left.
|inactive|Patata Navidenya has 30 seconds left.
|
|t:|1756933472
|switch|p1b: Misdreavus|Misdreavus, L50, F|100/100
|switch|p2b: Pelipper|Pelipper, L50, F|100/100
|-weather|RainDance|[from] ability: Drizzle|[of] p2b: Pelipper
|move|p1a: Gothitelle|Psychic|p2b: Pelipper
|-damage|p2b: Pelipper|47/100
|move|p2a: Sinistcha|Matcha Gotcha|p1a: Gothitelle|[spread] p1a,p1b
|-damage|p1a: Gothitelle|80/100
|-damage|p1b: Misdreavus|79/100
|
|-weather|RainDance|[upkeep]
|upkeep
|turn|3
|inactive|Giocostorto has 30 seconds left.
|inactive|Patata Navidenya has 30 seconds left.
|
|t:|1756933499
|move|p1a: Gothitelle|Psychic|p2b: Pelipper
|-damage|p2b: Pelipper|0 fnt
|faint|p2b: Pelipper
|move|p2a: Sinistcha|Matcha Gotcha|p1a: Gothitelle|[spread] p1b
|-miss|p2a: Sinistcha|p1a: Gothitelle
|-damage|p1b: Misdreavus|57/100
|move|p1b: Misdreavus|Shadow Ball|p2a: Sinistcha
|-supereffective|p2a: Sinistcha
|-damage|p2a: Sinistcha|56/100
|-unboost|p2a: Sinistcha|spd|1
|
|-weather|RainDance|[upkeep]
|upkeep
|
|t:|1756933507
|switch|p2b: Archaludon|Archaludon, L50, M|100/100
|turn|4
|
|t:|1756933523
|switch|p2a: Incineroar|Incineroar, L50, F, tera:Ghost|100/100
|-ability|p2a: Incineroar|Intimidate|boost
|-unboost|p1a: Gothitelle|atk|1
|-unboost|p1b: Misdreavus|atk|1
|switch|p1b: Ursaluna|Ursaluna, L50, M|74/100
|move|p1a: Gothitelle|Psychic|p2a: Incineroar
|-damage|p2a: Incineroar|75/100
|move|p2b: Archaludon|Electro Shot||[still]
|-prepare|p2b: Archaludon|Electro Shot
|-boost|p2b: Archaludon|spa|1
|-anim|p2b: Archaludon|Electro Shot|p1b: Ursaluna
|-immune|p1b: Ursaluna
|
|-weather|RainDance|[upkeep]
|upkeep
|turn|5
|inactive|Giocostorto has 30 seconds left.
|inactive|Patata Navidenya has 30 seconds left.
|inactive|Giocostorto has 20 seconds left.
|
|t:|1756933562
|-terastallize|p1b: Ursaluna|Ghost
|move|p1b: Ursaluna|Headlong Rush|p2a: Incineroar
|-damage|p2a: Incineroar|16/100
|-unboost|p1b: Ursaluna|def|1
|-unboost|p1b: Ursaluna|spd|1
|move|p2a: Incineroar|Knock Off|p1a: Gothitelle
|-supereffective|p1a: Gothitelle
|-damage|p1a: Gothitelle|7/100
|-enditem|p1a: Gothitelle|Safety Goggles|[from] move: Knock Off|[of] p2a: Incineroar
|move|p1a: Gothitelle|Psychic|p2a: Incineroar
|-damage|p2a: Incineroar|0 fnt
|faint|p2a: Incineroar
|move|p2b: Archaludon|Body Press|p1b: Ursaluna
|-immune|p1b: Ursaluna
|
|-weather|RainDance|[upkeep]
|-fieldend|move: Trick Room
|upkeep
|
|t:|1756933570
|switch|p2a: Sinistcha|Sinistcha, L50|56/100
|turn|6
|
|t:|1756933584
|switch|p1a: Misdreavus|Misdreavus, L50, F|57/100
|move|p1b: Ursaluna|Protect|p1b: Ursaluna
|-singleturn|p1b: Ursaluna|Protect
|move|p2b: Archaludon|Electro Shot||[still]
|-prepare|p2b: Archaludon|Electro Shot
|-boost|p2b: Archaludon|spa|1
|-anim|p2b: Archaludon|Electro Shot|p1b: Ursaluna
|-activate|p1b: Ursaluna|move: Protect
|move|p2a: Sinistcha|Matcha Gotcha|p1b: Ursaluna|[spread] p1a
|-activate|p1b: Ursaluna|move: Protect
|-damage|p1a: Misdreavus|33/100
|-heal|p2a: Sinistcha|67/100|[from] drain|[of] p1a: Misdreavus
|
|-weather|none
|upkeep
|turn|7
|
|t:|1756933608
|move|p2b: Archaludon|Snarl|p1a: Misdreavus|[spread] p1a,p1b
|-supereffective|p1a: Misdreavus
|-supereffective|p1b: Ursaluna
|-damage|p1a: Misdreavus|0 fnt
|-damage|p1b: Ursaluna|6/100
|-unboost|p1b: Ursaluna|spa|1
|faint|p1a: Misdreavus
|move|p2a: Sinistcha|Matcha Gotcha|p1b: Ursaluna
|-damage|p1b: Ursaluna|0 fnt
|-heal|p2a: Sinistcha|71/100|[from] drain|[of] p1b: Ursaluna
|faint|p1b: Ursaluna
|
|upkeep
|
|t:|1756933616
|switch|p1a: Gothitelle|Gothitelle, L50, F|7/100
|switch|p1b: Primarina|Primarina, L50, F|100/100
|turn|8
|
|t:|1756933627
|move|p1a: Gothitelle|Fake Out|p2b: Archaludon
|-resisted|p2b: Archaludon
|-damage|p2b: Archaludon|99/100
|-ability|p2b: Archaludon|Stamina|boost
|-boost|p2b: Archaludon|def|1
|cant|p2b: Archaludon|flinch
|move|p2a: Sinistcha|Matcha Gotcha|p1b: Primarina|[spread] p1a,p1b
|-supereffective|p1b: Primarina
|-damage|p1a: Gothitelle|0 fnt
|-heal|p2a: Sinistcha|74/100|[from] drain|[of] p1a: Gothitelle
|-damage|p1b: Primarina|49/100
|-heal|p2a: Sinistcha|100/100|[from] drain|[of] p1b: Primarina
|-enditem|p1b: Primarina|Sitrus Berry|[eat]
|-heal|p1b: Primarina|73/100|[from] item: Sitrus Berry
|faint|p1a: Gothitelle
|move|p1b: Primarina|Perish Song|p1b: Primarina
|-start|p1b: Primarina|perish3|[silent]
|-start|p2a: Sinistcha|perish3|[silent]
|-start|p2b: Archaludon|perish3|[silent]
|-fieldactivate|move: Perish Song
|
|-start|p2b: Archaludon|perish3
|-start|p2a: Sinistcha|perish3
|-start|p1b: Primarina|perish3
|upkeep
|turn|9
|
|t:|1756933649
|move|p1b: Primarina|Protect|p1b: Primarina
|-singleturn|p1b: Primarina|Protect
|move|p2b: Archaludon|Flash Cannon|p1b: Primarina
|-activate|p1b: Primarina|move: Protect
|move|p2a: Sinistcha|Matcha Gotcha|p1b: Primarina
|-activate|p1b: Primarina|move: Protect
|
|-start|p2b: Archaludon|perish2
|-start|p2a: Sinistcha|perish2
|-start|p1b: Primarina|perish2
|upkeep
|turn|10
|
|t:|1756933664
|move|p1b: Primarina|Protect|p1b: Primarina
|-singleturn|p1b: Primarina|Protect
|move|p2b: Archaludon|Flash Cannon|p1b: Primarina
|-activate|p1b: Primarina|move: Protect
|move|p2a: Sinistcha|Trick Room|p2a: Sinistcha
|-fieldstart|move: Trick Room|[of] p2a: Sinistcha
|
|-start|p1b: Primarina|perish1
|-start|p2a: Sinistcha|perish1
|-start|p2b: Archaludon|perish1
|upkeep
|turn|11
|
|t:|1756933673
|move|p1b: Primarina|Protect||[still]
|-fail|p1b: Primarina
|move|p2a: Sinistcha|Matcha Gotcha|p1b: Primarina
|-supereffective|p1b: Primarina
|-damage|p1b: Primarina|4/100
|move|p2b: Archaludon|Flash Cannon|p1b: Primarina
|-crit|p1b: Primarina
|-damage|p1b: Primarina|0 fnt
|faint|p1b: Primarina
|
|win|Patata Navidenya
|raw|Giocostorto's rating: 1229 → 1207(-22 for losing)
|raw|Patata Navidenya's rating: 1277 → 1299(+22 for winning)
|c|☆Patata Navidenya|gg
|c|☆Giocostorto|gg
|c|☆Patata Navidenya|u were dying first either way
|l|☆Giocostorto
|player|p1|
