|j|☆toxiccroc12
|j|☆mawile renaissance
|html|toxiccroc12mawile renaissance    
|uhtml|bestof|Game 2 of a best-of-3
|t:|1784341963
|gametype|doubles
|player|p1|toxiccroc12|101|1090
|player|p2|mawile renaissance|miku-water|1058
|gen|9
|tier|[Gen 9 Champions] VGC 2026 Reg M-B (Bo3)
|rated|
|rule|Species Clause: Limit one of each Pokémon
|rule|Item Clause: Limit 1 of each item
|clearpoke
|poke|p1|Floette-Eternal, L50, F|
|poke|p1|Incineroar, L50, M|
|poke|p1|Sinistcha, L50|
|poke|p1|Delphox, L50, M|
|poke|p1|Sneasler, L50, M|
|poke|p1|Kingambit, L50, F|
|poke|p2|Mawile, L50, M|
|poke|p2|Incineroar, L50, M|
|poke|p2|Basculegion, L50, M|
|poke|p2|Farigiraf, L50, F|
|poke|p2|Mamoswine, L50, M|
|poke|p2|Charizard, L50, M|
|teampreview|4
|showteam|p1|Floette-Eternal||Floettite|FlowerVeil|DazzlingGleam,DrainingKiss,CalmMind,Protect|Modest||F|||50|]Incineroar||SitrusBerry|Intimidate|FlareBlitz,FakeOut,PartingShot,HelpingHand|Impish||M|||50|]Sinistcha||OccaBerry|Hospitality|MatchaGotcha,RagePowder,TrickRoom,Protect|Relaxed|||||50|]Delphox||Delphoxite|Blaze|HeatWave,Psyshock,NastyPlot,Protect|Timid||M|||50|]Sneasler||FocusSash|PoisonTouch|PoisonJab,CloseCombat,FakeOut,QuickGuard|Jolly||M|||50|]Kingambit||BlackGlasses|Defiant|KowtowCleave,SuckerPunch,SwordsDance,Protect|Adamant||F|||50|
|showteam|p2|Mawile||Mawilite|HyperCutter|PlayRough,SuckerPunch,RockSlide,Protect|Brave||M|||50|]Incineroar||LifeOrb|Intimidate|DarkestLariat,FlareBlitz,PartingShot,FakeOut|Brave||M|||50|]Basculegion||SitrusBerry|Adaptability|WaveCrash,LastRespects,AquaJet,Protect|Adamant||M|||50|]Farigiraf||ColburBerry|ArmorTail|Psychic,Thunderbolt,TrickRoom,Protect|Quiet||F|||50|]Mamoswine||FocusSash|Oblivious|IcicleCrash,HighHorsepower,Earthquake,Protect|Adamant||M|||50|]Charizard||CharizarditeY|SolarPower|HeatWave,WeatherBall,SolarBeam,Protect|Modest||M|||50|
|
|t:|1784342035
|teamsize|p1|4
|teamsize|p2|4
|start
|switch|p1a: Delphox|Delphox, L50, M|100/100
|switch|p1b: Incineroar|Incineroar, L50, M|100/100
|switch|p2a: Hades|Incineroar, L50, M|100/100
|switch|p2b: Hera|Farigiraf, L50, F|100/100
|-ability|p1b: Incineroar|Intimidate|boost
|-unboost|p2a: Hades|atk|1
|-unboost|p2b: Hera|atk|1
|-ability|p2a: Hades|Intimidate|boost
|-unboost|p1a: Delphox|atk|1
|-unboost|p1b: Incineroar|atk|1
|turn|1
|
|t:|1784342089
|detailschange|p1a: Delphox|Delphox-Mega, L50, M
|-mega|p1a: Delphox|Delphox|Delphoxite
|move|p1a: Delphox|Protect|p1a: Delphox
|-singleturn|p1a: Delphox|Protect
|move|p1b: Incineroar|Parting Shot|p2a: Hades
|-unboost|p2a: Hades|atk|1
|-unboost|p2a: Hades|spa|1
|
|t:|1784342107
|switch|p1b: Sneasler|Sneasler, L50, M|100/100|[from] Parting Shot
|move|p2a: Hades|Parting Shot|p1b: Sneasler
|-unboost|p1b: Sneasler|atk|1
|-unboost|p1b: Sneasler|spa|1
|
|t:|1784342142
|switch|p2a: Athena|Mawile, L50, M|100/100|[from] Parting Shot
|move|p2b: Hera|Trick Room|p2b: Hera
|-fieldstart|move: Trick Room|[of] p2b: Hera
|
|upkeep
|turn|2
|
|t:|1784342173
|switch|p1b: Incineroar|Incineroar, L50, M|100/100
|-ability|p1b: Incineroar|Intimidate|boost
|-fail|p2a: Athena|unboost|Attack|[from] ability: Hyper Cutter|[of] p2a: Athena
|-unboost|p2b: Hera|atk|1
|detailschange|p2a: Athena|Mawile-Mega, L50, M
|-mega|p2a: Athena|Mawile|Mawilite
|move|p2a: Athena|Rock Slide|p1b: Incineroar|[spread] p1a,p1b
|-supereffective|p1a: Delphox|1
|-supereffective|p1b: Incineroar|1
|-crit|p1b: Incineroar
|-damage|p1a: Delphox|0 fnt
|-damage|p1b: Incineroar|19/100
|-enditem|p1b: Incineroar|Sitrus Berry|[eat]
|-heal|p1b: Incineroar|44/100|[from] item: Sitrus Berry
|faint|p1a: Delphox
|move|p2b: Hera|Psychic|p1b: Incineroar
|-immune|p1b: Incineroar
|
|upkeep
|
|t:|1784342189
|switch|p1a: Sinistcha|Sinistcha, L50|100/100
|-heal|p1b: Incineroar|69/100|[from] ability: Hospitality|[of] p1a: Sinistcha
|turn|3
|inactive|Battle timer is ON: inactive players will automatically lose when time's up. (requested by mawile renaissance)
|
|t:|1784342293
|switch|p1b: Sneasler|Sneasler, L50, M|100/100
|move|p2a: Athena|Rock Slide|p1a: Sinistcha|[spread] p1a
|-miss|p2a: Athena|p1b: Sneasler
|-damage|p1a: Sinistcha|71/100
|move|p2b: Hera|Thunderbolt|p1b: Sneasler
|-damage|p1b: Sneasler|66/100
|-status|p1b: Sneasler|par
|move|p1a: Sinistcha|Matcha Gotcha|p2a: Athena|[spread] p2a,p2b
|-resisted|p2a: Athena|1
|-damage|p2a: Athena|85/100
|-heal|p1a: Sinistcha|78/100|[from] drain|[of] p2a: Athena
|-damage|p2b: Hera|80/100
|-heal|p1a: Sinistcha|91/100|[from] drain|[of] p2b: Hera
|-status|p2a: Athena|brn
|
|-damage|p2a: Athena|79/100 brn|[from] brn
|upkeep
|turn|4
|inactive|toxiccroc12 has 30 seconds left.
|inactive|toxiccroc12 has 20 seconds left.
|
|t:|1784342332
|move|p1a: Sinistcha|Rage Powder|p1a: Sinistcha
|-singleturn|p1a: Sinistcha|move: Rage Powder
|move|p2a: Athena|Play Rough|p1a: Sinistcha
|-damage|p1a: Sinistcha|57/100
|move|p2b: Hera|Thunderbolt|p1a: Sinistcha
|-resisted|p1a: Sinistcha|1
|-crit|p1a: Sinistcha
|-damage|p1a: Sinistcha|39/100
|move|p1b: Sneasler|Close Combat|p2a: Athena
|-damage|p2a: Athena|23/100 brn
|-unboost|p1b: Sneasler|def|1
|-unboost|p1b: Sneasler|spd|1
|
|-damage|p2a: Athena|17/100 brn|[from] brn
|upkeep
|turn|5
|inactive|toxiccroc12 has 30 seconds left.
|inactive|mawile renaissance has 30 seconds left.
|inactive|toxiccroc12 has 20 seconds left.
|inactive|toxiccroc12 has 15 seconds left.
|
|t:|1784342374
|move|p1a: Sinistcha|Rage Powder|p1a: Sinistcha
|-singleturn|p1a: Sinistcha|move: Rage Powder
|move|p2a: Athena|Play Rough|p1a: Sinistcha
|-damage|p1a: Sinistcha|8/100
|-unboost|p1a: Sinistcha|atk|1
|move|p2b: Hera|Psychic|p1a: Sinistcha
|-damage|p1a: Sinistcha|0 fnt
|faint|p1a: Sinistcha
|move|p1b: Sneasler|Close Combat|p2a: Athena
|-damage|p2a: Athena|0 fnt
|-unboost|p1b: Sneasler|def|1
|-unboost|p1b: Sneasler|spd|1
|faint|p2a: Athena
|
|-fieldend|move: Trick Room
|upkeep
|
|t:|1784342384
|switch|p1a: Incineroar|Incineroar, L50, M|69/100
|switch|p2a: Ares|Basculegion, L50, M|100/100
|-ability|p1a: Incineroar|Intimidate|boost
|-unboost|p2a: Ares|atk|1
|-unboost|p2b: Hera|atk|1
|turn|6
|
|t:|1784342395
|move|p1a: Incineroar|Helping Hand|p1b: Sneasler
|-singleturn|p1b: Sneasler|Helping Hand|[of] p1a: Incineroar
|move|p2a: Ares|Wave Crash|p1a: Incineroar
|-supereffective|p1a: Incineroar|1
|-damage|p1a: Incineroar|0 fnt
|faint|p1a: Incineroar
|-damage|p2a: Ares|78/100|[from] Recoil
|move|p1b: Sneasler|Poison Jab|p2a: Ares
|-resisted|p2a: Ares|1
|-damage|p2a: Ares|48/100
|-enditem|p2a: Ares|Sitrus Berry|[eat]
|-heal|p2a: Ares|73/100|[from] item: Sitrus Berry
|move|p2b: Hera|Psychic|p1b: Sneasler
|-supereffective|p1b: Sneasler|2
|-damage|p1b: Sneasler|0 fnt
|faint|p1b: Sneasler
|
|win|mawile renaissance
|raw|toxiccroc12's rating: 1090 → 1067(-23 for losing)
|raw|mawile renaissance's rating: 1103 → 1127(+24 for winning)
|c|☆toxiccroc12|gg
|c|☆toxiccroc12|nice nams
