|j|☆billimagchili
|j|☆Cristante terabug
|html|billimagchiliCristante terabug    
|uhtml|bestof|Game 2 of a best-of-3
|t:|1756396459
|gametype|doubles
|player|p1|billimagchili|red|1030
|player|p2|Cristante terabug|kieran-champion|1117
|gen|9
|tier|[Gen 9] VGC 2025 Reg H (Bo3)
|rated|
|rule|Species Clause: Limit one of each Pokémon
|rule|Item Clause: Limit 1 of each item
|clearpoke
|poke|p1|Incineroar, L50, M|
|poke|p1|Dragonite, L50, M|
|poke|p1|Whimsicott, L50, F|
|poke|p1|Sneasler, L50, F|
|poke|p1|Primarina, L50, F|
|poke|p1|Annihilape, L50, M|
|poke|p2|Incineroar, L50, M|
|poke|p2|Pelipper, L50, M|
|poke|p2|Archaludon, L50, M|
|poke|p2|Dragonite, L50, M|
|poke|p2|Sinistcha, L50|
|poke|p2|Ursaluna, L50, F|
|teampreview|4
|showteam|p1|Incineroar||SafetyGoggles|Intimidate|FakeOut,KnockOff,PartingShot,Taunt|||M|||50|,,,,,Ghost]Dragonite||LoadedDice|InnerFocus|ScaleShot,ExtremeSpeed,Protect,Tailwind|||M|||50|,,,,,Fairy]Whimsicott||CovertCloak|Prankster|Tailwind,Encore,Moonblast,SunnyDay|||F|||50|,,,,,Poison]Sneasler||WhiteHerb|Unburden|DireClaw,CloseCombat,ThroatChop,Protect|||F|||50|,,,,,Stellar]Primarina||ThroatSpray|LiquidVoice|HyperVoice,Moonblast,Haze,Protect|||F|||50|,,,,,Poison]Annihilape||SitrusBerry|Defiant|RageFist,DrainPunch,Protect,BulkUp|||M|||50|,,,,,Fire
|showteam|p2|Incineroar||SafetyGoggles|Intimidate|FakeOut,PartingShot,KnockOff,FlareBlitz|||M|||50|,,,,,Flying]Pelipper||FocusSash|Drizzle|Hurricane,MuddyWater,Tailwind,Protect|||M|||50|,,,,,Ghost]Archaludon||AssaultVest|Stamina|ElectroShot,Snarl,FlashCannon,BodyPress|||M|||50|,,,,,Bug]Dragonite||LoadedDice|Multiscale|ScaleShot,Tailwind,Haze,Protect|||M|||50|,,,,,Fairy]Sinistcha||SitrusBerry|Hospitality|MatchaGotcha,RagePowder,LifeDew,TrickRoom||||||50|,,,,,Dark]Ursaluna||FlameOrb|Guts|Earthquake,Facade,HeadlongRush,Protect|||F|||50|,,,,,Ghost
|
|t:|1756396492
|teamsize|p1|4
|teamsize|p2|4
|start
|switch|p1a: Silvermist|Whimsicott, L50, F, shiny|100/100
|switch|p1b: Rikki|Primarina, L50, F, shiny|100/100
|switch|p2a: Sinistcha|Sinistcha, L50, shiny|100/100
|switch|p2b: Ursaluna|Ursaluna, L50, F|100/100
|turn|1
|inactive|Battle timer is ON: inactive players will automatically lose when time's up. (requested by Cristante terabug)
|
|t:|1756396516
|move|p2b: Ursaluna|Protect|p2b: Ursaluna
|-singleturn|p2b: Ursaluna|Protect
|move|p1a: Silvermist|Moonblast|p2a: Sinistcha
|-damage|p2a: Sinistcha|68/100
|-unboost|p2a: Sinistcha|spa|1
|move|p1b: Rikki|Moonblast|p2a: Sinistcha
|-damage|p2a: Sinistcha|25/100
|-enditem|p2a: Sinistcha|Sitrus Berry|[eat]
|-heal|p2a: Sinistcha|49/100|[from] item: Sitrus Berry
|move|p2a: Sinistcha|Trick Room|p2a: Sinistcha
|-fieldstart|move: Trick Room|[of] p2a: Sinistcha
|
|-status|p2b: Ursaluna|brn|[from] item: Flame Orb
|upkeep
|turn|2
|
|t:|1756396537
|switch|p2b: Archaludon|Archaludon, L50, M|100/100
|move|p1b: Rikki|Protect|p1b: Rikki
|-singleturn|p1b: Rikki|Protect
|move|p1a: Silvermist|Encore|p2a: Sinistcha
|-start|p2a: Sinistcha|Encore
|move|p2a: Sinistcha|Trick Room|p2a: Sinistcha
|-fieldend|move: Trick Room
|
|upkeep
|turn|3
|inactive|billimagchili has 30 seconds left.
|
|t:|1756396569
|switch|p2b: Ursaluna|Ursaluna, L50, F|100/100 brn
|-terastallize|p1b: Rikki|Poison
|move|p1a: Silvermist|Moonblast|p2b: Ursaluna
|-damage|p2b: Ursaluna|63/100 brn
|-unboost|p2b: Ursaluna|spa|1
|move|p1b: Rikki|Moonblast|p2b: Ursaluna
|-damage|p2b: Ursaluna|10/100 brn
|move|p2a: Sinistcha|Trick Room|p2a: Sinistcha
|-fieldstart|move: Trick Room|[of] p2a: Sinistcha
|
|-damage|p2b: Ursaluna|4/100 brn|[from] brn
|upkeep
|turn|4
|inactive|billimagchili has 30 seconds left.
|inactive|Cristante terabug has 30 seconds left.
|
|t:|1756396598
|switch|p2a: Archaludon|Archaludon, L50, M|100/100
|switch|p1a: Bananza|Annihilape, L50, M, shiny|100/100
|move|p1b: Rikki|Protect|p1b: Rikki
|-singleturn|p1b: Rikki|Protect
|move|p2b: Ursaluna|Facade|p1a: Bananza
|-immune|p1a: Bananza
|
|-damage|p2b: Ursaluna|0 fnt|[from] brn
|faint|p2b: Ursaluna
|upkeep
|
|t:|1756396605
|switch|p2b: Sinistcha|Sinistcha, L50, shiny|49/100
|turn|5
|inactive|billimagchili has 30 seconds left.
|
|t:|1756396634
|switch|p1b: Silvermist|Whimsicott, L50, F, shiny|100/100
|move|p2b: Sinistcha|Matcha Gotcha|p1b: Silvermist|[spread] p1a,p1b
|-resisted|p1b: Silvermist
|-damage|p1a: Bananza|75/100
|-heal|p2b: Sinistcha|63/100|[from] drain|[of] p1a: Bananza
|-damage|p1b: Silvermist|80/100
|-heal|p2b: Sinistcha|71/100|[from] drain|[of] p1b: Silvermist
|-status|p1a: Bananza|brn
|move|p2a: Archaludon|Flash Cannon|p1b: Silvermist
|-supereffective|p1b: Silvermist
|-damage|p1b: Silvermist|0 fnt
|faint|p1b: Silvermist
|move|p1a: Bananza|Bulk Up|p1a: Bananza
|-boost|p1a: Bananza|atk|1
|-boost|p1a: Bananza|def|1
|
|-damage|p1a: Bananza|69/100 brn|[from] brn
|upkeep
|
|t:|1756396652
|switch|p1b: Valoo|Dragonite, L50, M|100/100
|turn|6
|
|t:|1756396672
|-terastallize|p2a: Archaludon|Bug
|move|p1a: Bananza|Protect|p1a: Bananza
|-singleturn|p1a: Bananza|Protect
|move|p2b: Sinistcha|Matcha Gotcha|p1b: Valoo|[spread] p1b
|-activate|p1a: Bananza|move: Protect
|-resisted|p1b: Valoo
|-damage|p1b: Valoo|94/100
|-heal|p2b: Sinistcha|75/100|[from] drain|[of] p1b: Valoo
|move|p2a: Archaludon|Flash Cannon|p1a: Bananza
|-activate|p1a: Bananza|move: Protect
|move|p1b: Valoo|Scale Shot|p2b: Sinistcha|[miss]
|-miss|p1b: Valoo|p2b: Sinistcha
|
|-damage|p1a: Bananza|63/100 brn|[from] brn
|upkeep
|turn|7
|
|t:|1756396693
|switch|p1a: Rikki|Primarina, L50, F, shiny, tera:Poison|100/100
|move|p1b: Valoo|Protect|p1b: Valoo
|-singleturn|p1b: Valoo|Protect
|move|p2b: Sinistcha|Matcha Gotcha|p1a: Rikki|[spread] p1a
|-activate|p1b: Valoo|move: Protect
|-resisted|p1a: Rikki
|-damage|p1a: Rikki|90/100
|-heal|p2b: Sinistcha|80/100|[from] drain|[of] p1a: Rikki
|move|p2a: Archaludon|Flash Cannon|p1a: Rikki
|-damage|p1a: Rikki|58/100
|
|-fieldend|move: Trick Room
|upkeep
|turn|8
|inactive|billimagchili has 30 seconds left.
|inactive|Cristante terabug has 30 seconds left.
|
|t:|1756396724
|move|p1b: Valoo|Scale Shot|p2b: Sinistcha
|-damage|p2b: Sinistcha|66/100
|-damage|p2b: Sinistcha|52/100
|-damage|p2b: Sinistcha|39/100
|-damage|p2b: Sinistcha|24/100
|-damage|p2b: Sinistcha|9/100
|-hitcount|p2b: Sinistcha|5
|-unboost|p1b: Valoo|def|1
|-boost|p1b: Valoo|spe|1
|move|p2a: Archaludon|Flash Cannon|p1a: Rikki
|-damage|p1a: Rikki|25/100
|move|p1a: Rikki|Moonblast|p2a: Archaludon
|-damage|p2a: Archaludon|55/100
|-ability|p2a: Archaludon|Stamina|boost
|-boost|p2a: Archaludon|def|1
|move|p2b: Sinistcha|Trick Room|p2b: Sinistcha
|-fieldstart|move: Trick Room|[of] p2b: Sinistcha
|
|upkeep
|turn|9
|inactive|billimagchili has 30 seconds left.
|inactive|billimagchili has 20 seconds left.
|inactive|billimagchili has 15 seconds left.
|
|t:|1756396769
|move|p1a: Rikki|Protect|p1a: Rikki
|-singleturn|p1a: Rikki|Protect
|move|p1b: Valoo|Protect|p1b: Valoo
|-singleturn|p1b: Valoo|Protect
|move|p2b: Sinistcha|Life Dew|p2b: Sinistcha|[spread] p2a,p2b
|-heal|p2a: Archaludon|80/100
|-heal|p2b: Sinistcha|35/100
|move|p2a: Archaludon|Flash Cannon|p1a: Rikki
|-activate|p1a: Rikki|move: Protect
|
|upkeep
|turn|10
|
|t:|1756396781
|switch|p1a: Bananza|Annihilape, L50, M, shiny|63/100 brn
|move|p2b: Sinistcha|Matcha Gotcha|p1a: Bananza|[spread] p1a,p1b
|-resisted|p1b: Valoo
|-damage|p1a: Bananza|37/100 brn
|-heal|p2b: Sinistcha|48/100|[from] drain|[of] p1a: Bananza
|-damage|p1b: Valoo|88/100
|-heal|p2b: Sinistcha|51/100|[from] drain|[of] p1b: Valoo
|-enditem|p1a: Bananza|Sitrus Berry|[eat]
|-heal|p1a: Bananza|62/100 brn|[from] item: Sitrus Berry
|move|p2a: Archaludon|Flash Cannon|p1a: Bananza
|-damage|p1a: Bananza|27/100 brn
|move|p1b: Valoo|Scale Shot|p2b: Sinistcha
|-damage|p2b: Sinistcha|39/100
|-damage|p2b: Sinistcha|25/100
|-damage|p2b: Sinistcha|12/100
|-damage|p2b: Sinistcha|0 fnt
|faint|p2b: Sinistcha
|-hitcount|p2: Sinistcha|4
|-unboost|p1b: Valoo|def|1
|-boost|p1b: Valoo|spe|1
|
|-damage|p1a: Bananza|21/100 brn|[from] brn
|upkeep
|
|t:|1756396796
|switch|p2b: Dragonite|Dragonite, L50, M|100/100
|turn|11
|inactive|billimagchili has 30 seconds left.
|inactive|billimagchili has 20 seconds left.
|
|t:|1756396835
|move|p2a: Archaludon|Flash Cannon|p1a: Bananza
|-damage|p1a: Bananza|0 fnt
|faint|p1a: Bananza
|move|p2b: Dragonite|Scale Shot|p1b: Valoo
|-supereffective|p1b: Valoo
|-damage|p1b: Valoo|23/100
|-supereffective|p1b: Valoo
|-damage|p1b: Valoo|0 fnt
|faint|p1b: Valoo
|-hitcount|p1: Valoo|2
|-unboost|p2b: Dragonite|def|1
|-boost|p2b: Dragonite|spe|1
|
|upkeep
|-message|billimagchili forfeited.
|
|win|Cristante terabug
|raw|billimagchili's rating: 1030 → 1019(-11 for losing)
|raw|Cristante terabug's rating: 1117 → 1136(+19 for winning)
|l|☆billimagchili
|player|p1|
