|j|☆leafeon_2564
|j|☆camala64
|html|leafeon_2564camala64    
|uhtml|bestof|Game 1 of a best-of-3
|t:|1783021274
|gametype|doubles
|player|p1|leafeon_2564|youngcouple-gen4dp|
|player|p2|camala64|lance-masters2|
|gen|9
|tier|[Gen 9 Champions] VGC 2026 Reg M-B (Bo3)
|rule|Species Clause: Limit one of each Pokémon
|rule|Item Clause: Limit 1 of each item
|clearpoke
|poke|p1|Delphox, L50, M, shiny|
|poke|p1|Staraptor, L50, F, shiny|
|poke|p1|Whimsicott, L50, F, shiny|
|poke|p1|Grimmsnarl, L50, M, shiny|
|poke|p1|Garchomp, L50, F, shiny|
|poke|p1|Sinistcha, L50, shiny|
|poke|p2|Floette-Eternal, L50, F|
|poke|p2|Glimmora, L50, F, shiny|
|poke|p2|Talonflame, L50, M, shiny|
|poke|p2|Garchomp, L50, M, shiny|
|poke|p2|Basculegion, L50, M, shiny|
|poke|p2|Kingambit, L50, M, shiny|
|teampreview|4
|showteam|p1|Delphox||Delphoxite|Blaze|HeatWave,Psychic,NastyPlot,Protect|Timid||M|||50|]Staraptor||Staraptite|Intimidate|CloseCombat,BraveBird,Roost,Protect|Jolly||F|||50|]Whimsicott||FocusSash|Prankster|Tailwind,Moonblast,Encore,Protect|Timid||F|||50|]Grimmsnarl||LightClay|Prankster|LightScreen,PartingShot,Reflect,SpiritBreak|Careful||M|||50|]Garchomp||LifeOrb|RoughSkin|DragonClaw,RockSlide,Earthquake,Protect|Jolly||F|||50|]Sinistcha||SitrusBerry|Hospitality|RagePowder,MatchaGotcha,LifeDew,TrickRoom|Bold|||||50|
|showteam|p2|Floette-Eternal||Floettite|FlowerVeil|Moonblast,DazzlingGleam,LightofRuin,Protect|Modest||F|||50|]Glimmora||Glimmoranite|ToxicDebris|PowerGem,SludgeBomb,EarthPower,SpikyShield|Modest||F|||50|]Talonflame||SharpBeak|GaleWings|BraveBird,Tailwind,FlareBlitz,Protect|Jolly||M|||50|]Garchomp||LifeOrb|RoughSkin|Earthquake,RockSlide,DragonClaw,Protect|Adamant||M|||50|]Basculegion||FocusSash|Adaptability|Liquidation,AquaJet,LastRespects,Protect|Adamant||M|||50|]Kingambit||BlackGlasses|Defiant|KowtowCleave,SuckerPunch,IronHead,LowKick|Adamant||M|||50|
|inactive|Battle timer is ON: inactive players will automatically lose when time's up. (requested by leafeon_2564)
|c|☆leafeon_2564|glhf
|c|☆camala64|Glhf
|inactive|camala64 has 60 seconds left.
|
|t:|1783021328
|teamsize|p1|4
|teamsize|p2|4
|start
|switch|p1a: Staraptor|Staraptor, L50, F, shiny|100/100
|switch|p1b: Grimmsnarl|Grimmsnarl, L50, M, shiny|100/100
|switch|p2a: Captain Falcon|Talonflame, L50, M, shiny|100/100
|switch|p2b: Metal Face|Kingambit, L50, M, shiny|100/100
|-ability|p1a: Staraptor|Intimidate|boost
|-unboost|p2a: Captain Falcon|atk|1
|-unboost|p2b: Metal Face|atk|1
|-ability|p2b: Metal Face|Defiant|boost
|-boost|p2b: Metal Face|atk|2
|turn|1
|
|t:|1783021343
|detailschange|p1a: Staraptor|Staraptor-Mega, L50, F, shiny
|-mega|p1a: Staraptor|Staraptor|Staraptite
|move|p2a: Captain Falcon|Tailwind|p2a: Captain Falcon
|-sidestart|p2: camala64|move: Tailwind
|move|p1b: Grimmsnarl|Reflect|p1b: Grimmsnarl
|-sidestart|p1: leafeon_2564|Reflect
|move|p2b: Metal Face|Iron Head|p1a: Staraptor
|-damage|p1a: Staraptor|52/100
|move|p1a: Staraptor|Close Combat|p2b: Metal Face
|-supereffective|p2b: Metal Face|2
|-damage|p2b: Metal Face|0 fnt
|-boost|p1a: Staraptor|def|1
|-boost|p1a: Staraptor|spd|1
|faint|p2b: Metal Face
|
|upkeep
|
|t:|1783021355
|switch|p2b: Void Blossom|Floette-Eternal, L50, F|100/100
|turn|2
|
|t:|1783021366
|detailschange|p2b: Void Blossom|Floette-Mega, L50, F
|-mega|p2b: Void Blossom|Floette|Floettite
|-ability|p2b: Void Blossom|Fairy Aura
|move|p1a: Staraptor|Protect|p1a: Staraptor
|-singleturn|p1a: Staraptor|Protect
|move|p2a: Captain Falcon|Brave Bird|p1a: Staraptor
|-activate|p1a: Staraptor|move: Protect
|move|p1b: Grimmsnarl|Light Screen|p1b: Grimmsnarl
|-sidestart|p1: leafeon_2564|move: Light Screen
|move|p2b: Void Blossom|Dazzling Gleam|p1b: Grimmsnarl|[spread] p1b
|-activate|p1a: Staraptor|move: Protect
|-supereffective|p1b: Grimmsnarl|1
|-damage|p1b: Grimmsnarl|40/100
|
|upkeep
|turn|3
|
|t:|1783021385
|switch|p1a: Garchomp|Garchomp, L50, F, shiny|100/100
|move|p2a: Captain Falcon|Brave Bird|p1a: Garchomp
|-damage|p1a: Garchomp|75/100
|-damage|p2a: Captain Falcon|87/100|[from] ability: Rough Skin|[of] p1a: Garchomp
|-damage|p2a: Captain Falcon|78/100|[from] Recoil
|move|p1b: Grimmsnarl|Parting Shot|p2b: Void Blossom
|-unboost|p2b: Void Blossom|atk|1
|-unboost|p2b: Void Blossom|spa|1
|
|t:|1783021394
|switch|p1b: Whimsicott|Whimsicott, L50, F, shiny|100/100|[from] Parting Shot
|move|p2b: Void Blossom|Moonblast|p1a: Garchomp
|-supereffective|p1a: Garchomp|1
|-damage|p1a: Garchomp|0 fnt
|faint|p1a: Garchomp
|
|upkeep
|
|t:|1783021396
|switch|p1a: Staraptor|Staraptor-Mega, L50, F, shiny|52/100
|turn|4
|
|t:|1783021416
|move|p1b: Whimsicott|Tailwind|p1b: Whimsicott
|-sidestart|p1: leafeon_2564|move: Tailwind
|move|p2a: Captain Falcon|Brave Bird|p1b: Whimsicott
|-supereffective|p1b: Whimsicott|1
|-damage|p1b: Whimsicott|29/100
|-damage|p2a: Captain Falcon|57/100|[from] Recoil
|move|p1a: Staraptor|Close Combat|p2a: Captain Falcon
|-resisted|p2a: Captain Falcon|1
|-damage|p2a: Captain Falcon|14/100
|-boost|p1a: Staraptor|def|1
|-boost|p1a: Staraptor|spd|1
|move|p2b: Void Blossom|Light of Ruin|p1a: Staraptor
|-supereffective|p1a: Staraptor|1
|-damage|p1a: Staraptor|0 fnt
|faint|p1a: Staraptor
|-damage|p2b: Void Blossom|69/100|[from] Recoil
|
|-sideend|p2: camala64|move: Tailwind
|upkeep
|
|t:|1783021426
|switch|p1a: Grimmsnarl|Grimmsnarl, L50, M, shiny|40/100
|turn|5
|
|t:|1783021436
|move|p1b: Whimsicott|Moonblast|p2a: Captain Falcon
|-resisted|p2a: Captain Falcon|1
|-damage|p2a: Captain Falcon|0 fnt
|faint|p2a: Captain Falcon
|move|p1a: Grimmsnarl|Spirit Break|p2b: Void Blossom
|-damage|p2b: Void Blossom|11/100
|-unboost|p2b: Void Blossom|spa|1
|move|p2b: Void Blossom|Dazzling Gleam|p1b: Whimsicott|[spread] p1a,p1b
|-supereffective|p1a: Grimmsnarl|1
|-damage|p1a: Grimmsnarl|12/100
|-damage|p1b: Whimsicott|2/100
|
|upkeep
|
|t:|1783021443
|switch|p2a: Masculin|Basculegion, L50, M, shiny|100/100
|turn|6
|
|t:|1783021452
|move|p2a: Masculin|Aqua Jet|p1a: Grimmsnarl
|-damage|p1a: Grimmsnarl|0 fnt
|faint|p1a: Grimmsnarl
|move|p1b: Whimsicott|Moonblast|p2a: Masculin
|-damage|p2a: Masculin|46/100
|move|p2b: Void Blossom|Dazzling Gleam|p1b: Whimsicott
|-damage|p1b: Whimsicott|0 fnt
|faint|p1b: Whimsicott
|
|win|camala64
||leafeon_2564 is ready for game 2.
|inactive|camala64 has 30 seconds to confirm battle start!
||camala64 is ready for game 2.
|uhtml|next|Next: Game 2 of 3
|l|☆leafeon_2564
|player|p1|
