|j|☆cyclosz
|j|☆yuriquars
|html|cycloszyuriquars    
|uhtml|bestof|Game 2 of a best-of-3
|t:|1757185297
|gametype|doubles
|player|p1|cyclosz|swimmerf-gen4|
|player|p2|yuriquars|lass-gen4dp|
|gen|9
|tier|[Gen 9] VGC 2025 Reg H (Bo3)
|rule|Species Clause: Limit one of each Pokémon
|rule|Item Clause: Limit 1 of each item
|clearpoke
|poke|p1|Ursaluna, L50, F|
|poke|p1|Jumpluff, L50, M|
|poke|p1|Charizard, L50, F|
|poke|p1|Torkoal, L50, M|
|poke|p1|Incineroar, L50, F|
|poke|p1|Porygon2, L50|
|poke|p2|Incineroar, L50, F|
|poke|p2|Ursaluna-Bloodmoon, L50, M|
|poke|p2|Gholdengo, L50|
|poke|p2|Dragonite, L50, M|
|poke|p2|Rillaboom, L50, F|
|poke|p2|Annihilape, L50, F|
|teampreview|4
|showteam|p1|Ursaluna||FlameOrb|Guts|HeadlongRush,Facade,Earthquake,Protect|||F|||50|,,,,,Ghost]Jumpluff||CovertCloak|Chlorophyll|SleepPowder,SunnyDay,Tailwind,RagePowder|||M|||50|,,,,,Water]Charizard||ChoiceSpecs|SolarPower|AirSlash,HeatWave,Overheat,WeatherBall|||F|||50|,,,,,Ghost]Torkoal||EjectPack|Drought|HelpingHand,Eruption,Overheat,Protect|||M|||50|,,,,,Fire]Incineroar||SitrusBerry|Intimidate|FakeOut,FlareBlitz,KnockOff,PartingShot|||F|||50|,,,,,Ghost]Porygon2||Eviolite|Download|TeraBlast,IceBeam,Recover,TrickRoom||||||50|,,,,,Fighting
|showteam|p2|Incineroar||SitrusBerry|Intimidate|FlareBlitz,KnockOff,PartingShot,FakeOut|||F|||50|,,,,,Ghost]Ursaluna-Bloodmoon||AssaultVest|MindsEye|HyperVoice,BloodMoon,EarthPower,VacuumWave|||M|||50|,,,,,Water]Gholdengo||LifeOrb|GoodasGold|MakeItRain,ShadowBall,NastyPlot,Protect||||||50|,,,,,Water]Dragonite||LoadedDice|Multiscale|ScaleShot,Tailwind,Haze,Protect|||M|||50|,,,,,Fairy]Rillaboom||MiracleSeed|GrassySurge|GrassyGlide,FakeOut,WoodHammer,HighHorsepower|||F|||50|,,,,,Fire]Annihilape||FocusSash|Defiant|RageFist,CloseCombat,Taunt,Coaching|||F|||50|,,,,,Stellar
|inactive|Battle timer is ON: inactive players will automatically lose when time's up. (requested by cyclosz)
|
|t:|1757185340
|teamsize|p1|4
|teamsize|p2|4
|start
|switch|p1a: GUGUGAGA TIME|Jumpluff, L50, M, shiny|100/100
|switch|p1b: Aurea|Torkoal, L50, M, shiny|100/100
|switch|p2a: Gholdengo|Gholdengo, L50|100/100
|switch|p2b: Dragonite|Dragonite, L50, M|100/100
|-weather|SunnyDay|[from] ability: Drought|[of] p1b: Aurea
|turn|1
|
|t:|1757185365
|switch|p1b: NYA|Incineroar, L50, F|100/100
|-ability|p1b: NYA|Intimidate|boost
|-unboost|p2a: Gholdengo|atk|1
|-unboost|p2b: Dragonite|atk|1
|-terastallize|p2a: Gholdengo|Water
|move|p1a: GUGUGAGA TIME|Tailwind|p1a: GUGUGAGA TIME
|-sidestart|p1: cyclosz|move: Tailwind
|move|p2a: Gholdengo|Make It Rain|p1a: GUGUGAGA TIME|[spread] p1a,p1b
|-resisted|p1b: NYA
|-damage|p1a: GUGUGAGA TIME|43/100
|-damage|p1b: NYA|80/100
|-unboost|p2a: Gholdengo|spa|1
|-damage|p2a: Gholdengo|91/100|[from] item: Life Orb
|move|p2b: Dragonite|Tailwind|p2b: Dragonite
|-sidestart|p2: yuriquars|move: Tailwind
|
|-weather|SunnyDay|[upkeep]
|upkeep
|turn|2
|inactive|cyclosz has 30 seconds left.
|inactive|yuriquars has 30 seconds left.
|inactive|cyclosz has 20 seconds left.
|
|t:|1757185402
|switch|p1a: Aurea|Torkoal, L50, M, shiny|100/100
|switch|p2a: Incineroar|Incineroar, L50, F|100/100
|-ability|p2a: Incineroar|Intimidate|boost
|-unboost|p1a: Aurea|atk|1
|-unboost|p1b: NYA|atk|1
|-enditem|p1a: Aurea|Eject Pack
|
|t:|1757185423
|switch|p1a: Zard|Charizard, L50, F, shiny|100/100
|move|p2b: Dragonite|Protect|p2b: Dragonite
|-singleturn|p2b: Dragonite|Protect
|move|p1b: NYA|Knock Off|p2a: Incineroar
|-resisted|p2a: Incineroar
|-damage|p2a: Incineroar|90/100
|-enditem|p2a: Incineroar|Sitrus Berry|[from] move: Knock Off|[of] p1b: NYA
|
|-weather|SunnyDay|[upkeep]
|-damage|p1a: Zard|88/100|[from] ability: Solar Power|[of] p1a: Zard
|upkeep
|turn|3
|inactive|cyclosz has 30 seconds left.
|
|t:|1757185450
|switch|p1a: Aurea|Torkoal, L50, M, shiny|100/100
|move|p2b: Dragonite|Scale Shot|p1a: Aurea
|-damage|p1a: Aurea|91/100
|-damage|p1a: Aurea|83/100
|-damage|p1a: Aurea|75/100
|-damage|p1a: Aurea|67/100
|-hitcount|p1a: Aurea|4
|-unboost|p2b: Dragonite|def|1
|-boost|p2b: Dragonite|spe|1
|move|p1b: NYA|Knock Off|p2b: Dragonite
|-damage|p2b: Dragonite|81/100
|-enditem|p2b: Dragonite|Loaded Dice|[from] move: Knock Off|[of] p1b: NYA
|move|p2a: Incineroar|Knock Off|p1a: Aurea
|-damage|p1a: Aurea|46/100
|
|-weather|SunnyDay|[upkeep]
|upkeep
|turn|4
|inactive|cyclosz has 30 seconds left.
|inactive|yuriquars has 30 seconds left.
|
|t:|1757185484
|move|p2b: Dragonite|Protect|p2b: Dragonite
|-singleturn|p2b: Dragonite|Protect
|move|p1a: Aurea|Protect|p1a: Aurea
|-singleturn|p1a: Aurea|Protect
|move|p1b: NYA|Flare Blitz|p2b: Dragonite
|-activate|p2b: Dragonite|move: Protect
|move|p2a: Incineroar|Parting Shot|p1b: NYA
|-unboost|p1b: NYA|atk|1
|-unboost|p1b: NYA|spa|1
|
|t:|1757185487
|switch|p2a: Gholdengo|Gholdengo, L50, tera:Water|91/100|[from] Parting Shot
|
|-weather|SunnyDay|[upkeep]
|-sideend|p1: cyclosz|move: Tailwind
|-sideend|p2: yuriquars|move: Tailwind
|upkeep
|turn|5
|inactive|cyclosz has 30 seconds left.
|
|t:|1757185521
|move|p1a: Aurea|Protect||[still]
|-fail|p1a: Aurea
|move|p2b: Dragonite|Tailwind|p2b: Dragonite
|-sidestart|p2: yuriquars|move: Tailwind
|move|p2a: Gholdengo|Nasty Plot|p2a: Gholdengo
|-boost|p2a: Gholdengo|spa|2
|move|p1b: NYA|Parting Shot|p2b: Dragonite
|-unboost|p2b: Dragonite|atk|1
|-unboost|p2b: Dragonite|spa|1
|
|t:|1757185536
|switch|p1b: GUGUGAGA TIME|Jumpluff, L50, M, shiny|43/100|[from] Parting Shot
|
|-weather|none
|upkeep
|turn|6
|
|t:|1757185552
|switch|p2b: Incineroar|Incineroar, L50, F|90/100
|-ability|p2b: Incineroar|Intimidate|boost
|-unboost|p1a: Aurea|atk|1
|-unboost|p1b: GUGUGAGA TIME|atk|1
|switch|p1a: NYA|Incineroar, L50, F|80/100
|-ability|p1a: NYA|Intimidate|boost
|-unboost|p2a: Gholdengo|atk|1
|-unboost|p2b: Incineroar|atk|1
|-terastallize|p1b: GUGUGAGA TIME|Water
|move|p2a: Gholdengo|Make It Rain|p1a: NYA|[spread] p1a,p1b
|-resisted|p1a: NYA
|-resisted|p1b: GUGUGAGA TIME
|-damage|p1a: NYA|35/100
|-damage|p1b: GUGUGAGA TIME|0 fnt
|-unboost|p2a: Gholdengo|spa|1
|-enditem|p1a: NYA|Sitrus Berry|[eat]
|-heal|p1a: NYA|59/100|[from] item: Sitrus Berry
|faint|p1b: GUGUGAGA TIME
|-damage|p2a: Gholdengo|81/100|[from] item: Life Orb
|
|upkeep
|
|t:|1757185569
|switch|p1b: Aurea|Torkoal, L50, M, shiny|46/100
|-weather|SunnyDay|[from] ability: Drought|[of] p1b: Aurea
|turn|7
|
|t:|1757185584
|move|p2b: Incineroar|Fake Out|p1a: NYA
|-damage|p1a: NYA|52/100
|cant|p1a: NYA|flinch
|move|p2a: Gholdengo|Make It Rain|p1b: Aurea|[spread] p1a,p1b
|-resisted|p1a: NYA
|-resisted|p1b: Aurea
|-damage|p1a: NYA|18/100
|-damage|p1b: Aurea|0 fnt
|-unboost|p2a: Gholdengo|spa|1
|faint|p1b: Aurea
|-damage|p2a: Gholdengo|72/100|[from] item: Life Orb
|
|-weather|SunnyDay|[upkeep]
|upkeep
|
|t:|1757185586
|switch|p1b: Zard|Charizard, L50, F, shiny|88/100
|turn|8
|
|t:|1757185597
|move|p2a: Gholdengo|Shadow Ball|p1b: Zard
|-damage|p1b: Zard|21/100
|-damage|p2a: Gholdengo|62/100|[from] item: Life Orb
|move|p2b: Incineroar|Flare Blitz|p1b: Zard
|-resisted|p1b: Zard
|-damage|p1b: Zard|0 fnt
|faint|p1b: Zard
|-damage|p2b: Incineroar|85/100|[from] Recoil
|move|p1a: NYA|Knock Off|p2a: Gholdengo
|-damage|p2a: Gholdengo|20/100
|-enditem|p2a: Gholdengo|Life Orb|[from] move: Knock Off|[of] p1a: NYA
|
|-weather|SunnyDay|[upkeep]
|-sideend|p2: yuriquars|move: Tailwind
|upkeep
|turn|9
|c|☆cyclosz|ggwp
|c|☆yuriquars|ggwp
|-message|cyclosz forfeited.
|
|win|yuriquars
|l|☆cyclosz
|player|p1|
