|j|‽derainer
|j|☆ToastedArt
|html|derainerToastedArt    
|uhtml|bestof|Game 1 of a best-of-3
|t:|1785423369
|gametype|doubles
|player|p1|derainer|hilbert|1049
|player|p2|ToastedArt|iris|1043
|gen|9
|tier|[Gen 9 Champions] VGC 2026 Reg M-B (Bo3)
|rated|
|rule|Species Clause: Limit one of each Pokémon
|rule|Item Clause: Limit 1 of each item
|clearpoke
|poke|p1|Archaludon, L50, M|
|poke|p1|Grimmsnarl, L50, M|
|poke|p1|Pelipper, L50, M|
|poke|p1|Sinistcha-Masterpiece, L50|
|poke|p1|Swampert, L50, F|
|poke|p1|Sableye, L50, F|
|poke|p2|Pidgeot, L50, F|
|poke|p2|Gholdengo, L50|
|poke|p2|Ninetales, L50, F|
|poke|p2|Talonflame, L50, M|
|poke|p2|Grimmsnarl, L50, M|
|poke|p2|Sneasler, L50, M|
|teampreview|4
|showteam|p1|Archaludon||Leftovers|Stamina|ElectroShot,Protect,FlashCannon,DragonPulse|Timid||M|||50|]Grimmsnarl||LightClay|Prankster|LightScreen,PartingShot,FakeOut,SpiritBreak|Adamant||M|||50|]Pelipper||FocusSash|Drizzle|Tailwind,Soak,Protect,Hurricane|Timid||M|||50|]Sinistcha-Masterpiece||SitrusBerry|Hospitality|MatchaGotcha,RagePowder,LifeDew,ShadowBall|Bold|||||50|]Swampert||Swampertite|Torrent|FlipTurn,Facade,WaveCrash,IcePunch|Adamant||F|||50|]Sableye||RoseliBerry|Prankster|WillOWisp,RainDance,Encore,FakeOut|Careful||F|||50|
|showteam|p2|Pidgeot||Pidgeotite|BigPecks|Hurricane,HeatWave,HyperBeam,Protect|Modest||F|||50|]Gholdengo||FocusSash|GoodasGold|MakeItRain,ShadowBall,NastyPlot,Protect|Modest|||||50|]Ninetales||Charcoal|Drought|HeatWave,WeatherBall,FakeTears,Protect|Timid||F|||50|]Talonflame||SharpBeak|GaleWings|Tailwind,Protect,FlareBlitz,BraveBird|Jolly||M|||50|]Grimmsnarl||LightClay|Prankster|SpiritBreak,LightScreen,Reflect,PartingShot|Careful||M|||50|]Sneasler||LifeOrb|PoisonTouch|FakeOut,CloseCombat,DireClaw,Protect|Adamant||M|||50|
|inactive|Battle timer is ON: inactive players will automatically lose when time's up. (requested by ToastedArt)
|inactive|derainer has 60 seconds left.
|inactive|ToastedArt has 60 seconds left.
|
|t:|1785423420
|teamsize|p1|4
|teamsize|p2|4
|start
|switch|p1a: Grimmsnarl|Grimmsnarl, L50, M|100/100
|switch|p1b: Swampert|Swampert, L50, F|100/100
|switch|p2a: Pidgeot|Pidgeot, L50, F|100/100
|switch|p2b: Grimmsnarl|Grimmsnarl, L50, M|100/100
|turn|1
|
|t:|1785423443
|detailschange|p2a: Pidgeot|Pidgeot-Mega, L50, F
|-mega|p2a: Pidgeot|Pidgeot|Pidgeotite
|detailschange|p1b: Swampert|Swampert-Mega, L50, F
|-mega|p1b: Swampert|Swampert|Swampertite
|move|p1a: Grimmsnarl|Fake Out|p2a: Pidgeot
|-damage|p2a: Pidgeot|80/100
|move|p2b: Grimmsnarl|Parting Shot|p1a: Grimmsnarl
|-hint|Since gen 7, Dark is immune to Prankster moves.
|-immune|p1a: Grimmsnarl
|cant|p2a: Pidgeot|flinch
|move|p1b: Swampert|Wave Crash|p2b: Grimmsnarl
|-damage|p2b: Grimmsnarl|19/100
|-damage|p1b: Swampert|70/100|[from] Recoil
|
|upkeep
|turn|2
|
|t:|1785423468
|move|p1a: Grimmsnarl|Parting Shot|p2a: Pidgeot
|-unboost|p2a: Pidgeot|atk|1
|-unboost|p2a: Pidgeot|spa|1
|
|t:|1785423470
|switch|p1a: Pelipper|Pelipper, L50, M|100/100|[from] Parting Shot
|-weather|RainDance|[from] ability: Drizzle|[of] p1a: Pelipper
|move|p2b: Grimmsnarl|Parting Shot|p1b: Swampert
|-unboost|p1b: Swampert|atk|1
|-unboost|p1b: Swampert|spa|1
|
|t:|1785423477
|switch|p2b: Ninetales|Ninetales, L50, F|100/100|[from] Parting Shot
|-weather|SunnyDay|[from] ability: Drought|[of] p2b: Ninetales
|move|p2a: Pidgeot|Hyper Beam|p1b: Swampert
|-damage|p1b: Swampert|15/100
|-mustrecharge|p2a: Pidgeot
|move|p1b: Swampert|Wave Crash|p2a: Pidgeot
|-damage|p2a: Pidgeot|47/100
|-damage|p1b: Swampert|5/100|[from] Recoil
|
|-weather|SunnyDay|[upkeep]
|upkeep
|turn|3
|inactive|derainer has 30 seconds left.
|
|t:|1785423507
|switch|p1b: Grimmsnarl|Grimmsnarl, L50, M|100/100
|move|p2b: Ninetales|Heat Wave|p1a: Pelipper|[spread] p1a,p1b
|-resisted|p1a: Pelipper|1
|-damage|p1a: Pelipper|64/100
|-damage|p1b: Grimmsnarl|46/100
|cant|p2a: Pidgeot|recharge
|move|p1a: Pelipper|Tailwind|p1a: Pelipper
|-sidestart|p1: derainer|move: Tailwind
|
|-weather|SunnyDay|[upkeep]
|upkeep
|turn|4
|
|t:|1785423519
|move|p1b: Grimmsnarl|Fake Out|p2b: Ninetales
|-damage|p2b: Ninetales|77/100
|move|p1a: Pelipper|Hurricane|p2a: Pidgeot
|-damage|p2a: Pidgeot|3/100
|-start|p2a: Pidgeot|confusion
|cant|p2b: Ninetales|flinch
|-activate|p2a: Pidgeot|confusion
|move|p2a: Pidgeot|Heat Wave|p1b: Grimmsnarl|[spread] p1a,p1b
|-resisted|p1a: Pelipper|1
|-damage|p1a: Pelipper|44/100
|-damage|p1b: Grimmsnarl|18/100
|
|-weather|SunnyDay|[upkeep]
|upkeep
|turn|5
|-message|ToastedArt forfeited.
|
|win|derainer
