|j|☆TheRealMyan
|j|☆fggfedfghgf
|html|TheRealMyanfggfedfghgf    
|uhtml|bestof|Game 1 of a best-of-3
|t:|1782590824
|gametype|doubles
|player|p1|TheRealMyan|shauntal-masters|1031
|player|p2|fggfedfghgf|2|1000
|gen|9
|tier|[Gen 9 Champions] VGC 2026 Reg M-B (Bo3)
|rated|
|rule|Species Clause: Limit one of each Pokémon
|rule|Item Clause: Limit 1 of each item
|clearpoke
|poke|p1|Mawile, L50, F|
|poke|p1|Farigiraf, L50, M|
|poke|p1|Incineroar, L50, M|
|poke|p1|Hydreigon, L50, F|
|poke|p1|Excadrill, L50, M|
|poke|p1|Tyranitar, L50, M|
|poke|p2|Raichu, L50, F|
|poke|p2|Staraptor, L50, M|
|poke|p2|Whimsicott, L50, F|
|poke|p2|Gholdengo, L50|
|poke|p2|Basculegion, L50, M|
|poke|p2|Garchomp, L50, M|
|teampreview|4
|showteam|p1|Mawile||Mawilite|Intimidate|PlayRough,IronHead,Protect,SuckerPunch|Brave||F|||50|]Farigiraf||ColburBerry|ArmorTail|Psychic,TrickRoom,HelpingHand,Thunderbolt|Calm||M|||50|]Incineroar||PasshoBerry|Intimidate|ThroatChop,PartingShot,FakeOut,FlareBlitz|Careful||M|||50|]Hydreigon||RoseliBerry|Levitate|DarkPulse,DracoMeteor,Tailwind,Protect|Modest||F|||50|]Excadrill||FocusSash|SandRush|Earthquake,IronHead,RockSlide,Protect|Adamant||M|||50|]Tyranitar||Tyranitarite|SandStream|KnockOff,LowKick,Protect,RockSlide|Adamant||M|||50|
|showteam|p2|Raichu||RaichuniteY|LightningRod|ZapCannon,FocusBlast,FakeOut,Protect|Modest||F|||50|]Staraptor||Staraptite|Intimidate|CloseCombat,BraveBird,Roost,Protect|Jolly||M|||50|]Whimsicott||FocusSash|Prankster|Moonblast,Tailwind,Charm,Encore|Timid||F|||50|]Gholdengo||LifeOrb|GoodasGold|MakeItRain,ShadowBall,NastyPlot,Protect|Modest|||||50|]Basculegion||MysticWater|Adaptability|WaveCrash,LastRespects,AquaJet,Protect|Adamant||M|||50|]Garchomp||SitrusBerry|RoughSkin|DragonClaw,Earthquake,RockSlide,Protect|Adamant||M|||50|
|
|t:|1782590857
|teamsize|p1|4
|teamsize|p2|4
|start
|switch|p1a: Hydreigon|Hydreigon, L50, F|100/100
|switch|p1b: Excadrill|Excadrill, L50, M|100/100
|switch|p2a: Staraptor|Staraptor, L50, M|100/100
|switch|p2b: Gholdengo|Gholdengo, L50|100/100
|-ability|p2a: Staraptor|Intimidate|boost
|-unboost|p1a: Hydreigon|atk|1
|-unboost|p1b: Excadrill|atk|1
|turn|1
|l|☆TheRealMyan
|player|p1|
|j|☆TheRealMyan
|player|p1|TheRealMyan|shauntal-masters|
|inactive|Battle timer is ON: inactive players will automatically lose when time's up. (requested by TheRealMyan)
|
|t:|1782590978
|switch|p2b: Whimsicott|Whimsicott, L50, F|100/100
|detailschange|p2a: Staraptor|Staraptor-Mega, L50, M
|-mega|p2a: Staraptor|Staraptor|Staraptite
|move|p2a: Staraptor|Close Combat|p1a: Hydreigon
|-supereffective|p1a: Hydreigon|1
|-damage|p1a: Hydreigon|0 fnt
|-boost|p2a: Staraptor|def|1
|-boost|p2a: Staraptor|spd|1
|faint|p1a: Hydreigon
|move|p1b: Excadrill|Earthquake|p2a: Staraptor|[spread] p2b
|-immune|p2a: Staraptor
|-resisted|p2b: Whimsicott|1
|-damage|p2b: Whimsicott|76/100
|
|upkeep
|
|t:|1782591003
|switch|p1a: Tyranitar|Tyranitar, L50, M|100/100
|-weather|Sandstorm|[from] ability: Sand Stream|[of] p1a: Tyranitar
|turn|2
|inactive|TheRealMyan has 30 seconds left.
|
|t:|1782591031
|move|p1a: Tyranitar|Protect|p1a: Tyranitar
|-singleturn|p1a: Tyranitar|Protect
|move|p2b: Whimsicott|Tailwind|p2b: Whimsicott
|-sidestart|p2: fggfedfghgf|move: Tailwind
|move|p2a: Staraptor|Close Combat|p1a: Tyranitar
|-activate|p1a: Tyranitar|move: Protect
|move|p1b: Excadrill|Iron Head|p2b: Whimsicott
|-supereffective|p2b: Whimsicott|1
|-damage|p2b: Whimsicott|0 fnt
|faint|p2b: Whimsicott
|
|-weather|Sandstorm|[upkeep]
|-damage|p2a: Staraptor|93/100|[from] Sandstorm
|upkeep
|
|t:|1782591043
|switch|p2b: Basculegion|Basculegion, L50, M|100/100
|turn|3
|inactive|TheRealMyan has 30 seconds left.
|inactive|TheRealMyan has 20 seconds left.
|
|t:|1782591079
|detailschange|p1a: Tyranitar|Tyranitar-Mega, L50, M
|-mega|p1a: Tyranitar|Tyranitar|Tyranitarite
|move|p2b: Basculegion|Aqua Jet|p1b: Excadrill
|-supereffective|p1b: Excadrill|1
|-damage|p1b: Excadrill|3/100
|move|p2a: Staraptor|Close Combat|p1a: Tyranitar
|-supereffective|p1a: Tyranitar|2
|-damage|p1a: Tyranitar|0 fnt
|-boost|p2a: Staraptor|def|1
|-boost|p2a: Staraptor|spd|1
|faint|p1a: Tyranitar
|move|p1b: Excadrill|Rock Slide|p2b: Basculegion|[spread] p2a,p2b
|-crit|p2a: Staraptor
|-damage|p2a: Staraptor|65/100
|-damage|p2b: Basculegion|82/100
|
|-weather|Sandstorm|[upkeep]
|-damage|p2a: Staraptor|58/100|[from] Sandstorm
|-damage|p2b: Basculegion|76/100|[from] Sandstorm
|upkeep
|
|t:|1782591092
|switch|p1a: Farigiraf|Farigiraf, L50, M|100/100
|turn|4
|
|t:|1782591113
|move|p2a: Staraptor|Close Combat|p1a: Farigiraf
|-damage|p1a: Farigiraf|49/100
|-boost|p2a: Staraptor|def|1
|-boost|p2a: Staraptor|spd|1
|move|p1b: Excadrill|Iron Head|p2a: Staraptor
|-damage|p2a: Staraptor|47/100
|move|p2b: Basculegion|Wave Crash|p1b: Excadrill
|-supereffective|p1b: Excadrill|1
|-damage|p1b: Excadrill|0 fnt
|faint|p1b: Excadrill
|-damage|p2b: Basculegion|75/100|[from] Recoil
|move|p1a: Farigiraf|Psychic|p2a: Staraptor
|-supereffective|p2a: Staraptor|1
|-damage|p2a: Staraptor|19/100
|
|-weather|Sandstorm|[upkeep]
|-damage|p2a: Staraptor|13/100|[from] Sandstorm
|-damage|p2b: Basculegion|69/100|[from] Sandstorm
|-damage|p1a: Farigiraf|43/100|[from] Sandstorm
|upkeep
|turn|5
|-message|TheRealMyan forfeited.
|
|win|fggfedfghgf
|l|☆fggfedfghgf
|player|p2|
