|j|☆Werling
|j|☆Alex Agni
|html|WerlingAlex Agni    
|uhtml|bestof|Game 2 of a best-of-3
|t:|1785957995
|gametype|doubles
|player|p1|Werling|n|
|player|p2|Alex Agni|shadowtriad|
|gen|9
|tier|[Gen 9 Champions] VGC 2026 Reg M-B (Bo3)
|rule|Species Clause: Limit one of each Pokémon
|rule|Item Clause: Limit 1 of each item
|clearpoke
|poke|p1|Pelipper, L50, M|
|poke|p1|Sinistcha, L50, shiny|
|poke|p1|Archaludon, L50, M, shiny|
|poke|p1|Basculegion, L50, M, shiny|
|poke|p1|Garchomp, L50, M, shiny|
|poke|p1|Jolteon, L50, M, shiny|
|poke|p2|Blastoise, L50, F|
|poke|p2|Delphox, L50, F|
|poke|p2|Sinistcha, L50|
|poke|p2|Incineroar, L50, F|
|poke|p2|Sneasler, L50, F|
|poke|p2|Primarina, L50, F|
|teampreview|4
|showteam|p1|Pelipper||FocusSash|Drizzle|WeatherBall,Hurricane,Tailwind,WideGuard|Timid||M|||50|]Sinistcha||SitrusBerry|Hospitality|MatchaGotcha,RagePowder,StrengthSap,LifeDew|Bold|||||50|]Archaludon||Leftovers|Stamina|ElectroShot,FlashCannon,Protect,DragonPulse|Modest||M|||50|]Basculegion||MysticWater|Adaptability|AquaJet,LastRespects,WaveCrash,Protect|Adamant||M|||50|]Garchomp||LifeOrb|RoughSkin|Earthquake,DragonClaw,Protect,RockSlide|Jolly||M|||50|]Jolteon||Magnet|VoltAbsorb|AlluringVoice,Detect,Thunder,HelpingHand|Timid||M|||50|
|showteam|p2|Blastoise||Blastoisinite|Torrent|WaterSpout,DarkPulse,ShellSmash,Protect|Modest||F|||50|]Delphox||Delphoxite|Blaze|HeatWave,Psyshock,NastyPlot,Protect|Timid||F|||50|]Sinistcha||KasibBerry|Hospitality|MatchaGotcha,ShadowBall,RagePowder,Protect|Bold|||||50|]Incineroar||SitrusBerry|Intimidate|FlareBlitz,DarkestLariat,FakeOut,PartingShot|Adamant||F|||50|]Sneasler||FocusSash|PoisonTouch|FakeOut,CloseCombat,PoisonJab,Protect|Jolly||F|||50|]Primarina||Leftovers|LiquidVoice|DrainingKiss,HyperVoice,ShadowBall,Protect|Modest||F|||50|
|j| JinWasHere
|j| Raspree
|c| Raspree|Potete cominciare. Buona fortuna
|j| reifard
|j| MomijiTheTengu
|
|t:|1785958099
|teamsize|p1|4
|teamsize|p2|4
|start
|switch|p1a: Pelipenna|Pelipper, L50, M|100/100
|switch|p1b: Tonnu|Basculegion, L50, M, shiny|100/100
|switch|p2a: Vivarium|Sinistcha, L50|100/100
|switch|p2b: 99 Problem|Sneasler, L50, F|100/100
|-weather|RainDance|[from] ability: Drizzle|[of] p1a: Pelipenna
|turn|1
|
|t:|1785958140
|switch|p1b: Jews' Cannon|Archaludon, L50, M, shiny|100/100
|move|p2b: 99 Problem|Fake Out|p1a: Pelipenna
|-damage|p1a: Pelipenna|86/100
|cant|p1a: Pelipenna|flinch
|move|p2a: Vivarium|Shadow Ball|p1b: Jews' Cannon
|-damage|p1b: Jews' Cannon|65/100
|-ability|p1b: Jews' Cannon|Stamina|boost
|-boost|p1b: Jews' Cannon|def|1
|
|-weather|RainDance|[upkeep]
|-heal|p1b: Jews' Cannon|72/100|[from] item: Leftovers
|upkeep
|turn|2
|
|t:|1785958157
|move|p1b: Jews' Cannon|Protect|p1b: Jews' Cannon
|-singleturn|p1b: Jews' Cannon|Protect
|move|p2a: Vivarium|Rage Powder|p2a: Vivarium
|-singleturn|p2a: Vivarium|move: Rage Powder
|move|p2b: 99 Problem|Close Combat|p1b: Jews' Cannon
|-activate|p1b: Jews' Cannon|move: Protect
|move|p1a: Pelipenna|Tailwind|p1a: Pelipenna
|-sidestart|p1: Werling|move: Tailwind
|
|-weather|RainDance|[upkeep]
|-heal|p1b: Jews' Cannon|78/100|[from] item: Leftovers
|upkeep
|turn|3
|
|t:|1785958186
|move|p2a: Vivarium|Rage Powder|p2a: Vivarium
|-singleturn|p2a: Vivarium|move: Rage Powder
|move|p1a: Pelipenna|Hurricane|p2a: Vivarium
|-supereffective|p2a: Vivarium|1
|-damage|p2a: Vivarium|38/100
|move|p1b: Jews' Cannon|Electro Shot||[still]
|-prepare|p1b: Jews' Cannon|Electro Shot
|-boost|p1b: Jews' Cannon|spa|1
|-anim|p1b: Jews' Cannon|Electro Shot|p2a: Vivarium
|-resisted|p2a: Vivarium|1
|-damage|p2a: Vivarium|11/100
|move|p2b: 99 Problem|Close Combat|p1b: Jews' Cannon
|-supereffective|p1b: Jews' Cannon|1
|-damage|p1b: Jews' Cannon|13/100
|-unboost|p2b: 99 Problem|def|1
|-unboost|p2b: 99 Problem|spd|1
|-ability|p1b: Jews' Cannon|Stamina|boost
|-boost|p1b: Jews' Cannon|def|1
|
|-weather|RainDance|[upkeep]
|-heal|p1b: Jews' Cannon|19/100|[from] item: Leftovers
|upkeep
|turn|4
|
|t:|1785958217
|switch|p1a: Not Avaible|Sinistcha, L50, shiny|100/100
|-heal|p1b: Jews' Cannon|44/100|[from] ability: Hospitality|[of] p1a: Not Avaible
|move|p1b: Jews' Cannon|Protect|p1b: Jews' Cannon
|-singleturn|p1b: Jews' Cannon|Protect
|move|p2a: Vivarium|Protect|p2a: Vivarium
|-singleturn|p2a: Vivarium|Protect
|move|p2b: 99 Problem|Close Combat|p1b: Jews' Cannon
|-activate|p1b: Jews' Cannon|move: Protect
|
|-weather|RainDance|[upkeep]
|-heal|p1b: Jews' Cannon|50/100g|[from] item: Leftovers
|upkeep
|turn|5
|
|t:|1785958255
|switch|p2a: California Gurls|Primarina, L50, F|100/100
|move|p2b: 99 Problem|Protect|p2b: 99 Problem
|-singleturn|p2b: 99 Problem|Protect
|move|p1a: Not Avaible|Rage Powder|p1a: Not Avaible
|-singleturn|p1a: Not Avaible|move: Rage Powder
|move|p1b: Jews' Cannon|Electro Shot||[still]
|-prepare|p1b: Jews' Cannon|Electro Shot
|-boost|p1b: Jews' Cannon|spa|1
|-anim|p1b: Jews' Cannon|Electro Shot|p2a: California Gurls
|-supereffective|p2a: California Gurls|1
|-damage|p2a: California Gurls|0 fnt
|faint|p2a: California Gurls
|
|-weather|none
|-heal|p1b: Jews' Cannon|56/100|[from] item: Leftovers
|-sideend|p1: Werling|move: Tailwind
|upkeep
|
|t:|1785958268
|switch|p2a: Vivarium|Sinistcha, L50|11/100
|turn|6
|
|t:|1785958283
|move|p1b: Jews' Cannon|Protect|p1b: Jews' Cannon
|-singleturn|p1b: Jews' Cannon|Protect
|move|p2a: Vivarium|Rage Powder|p2a: Vivarium
|-singleturn|p2a: Vivarium|move: Rage Powder
|move|p2b: 99 Problem|Poison Jab|p1b: Jews' Cannon
|-activate|p1b: Jews' Cannon|move: Protect
|move|p1a: Not Avaible|Life Dew||[still]|[spread] p1a,p1b
|-fail|p1a: Not Avaible|heal
|-heal|p1b: Jews' Cannon|81/100
|
|-heal|p1b: Jews' Cannon|87/100|[from] item: Leftovers
|upkeep
|turn|7
|
|t:|1785958301
|switch|p1a: Pelipenna|Pelipper, L50, M|86/100
|-weather|RainDance|[from] ability: Drizzle|[of] p1a: Pelipenna
|move|p2a: Vivarium|Rage Powder|p2a: Vivarium
|-singleturn|p2a: Vivarium|move: Rage Powder
|move|p2b: 99 Problem|Close Combat|p1b: Jews' Cannon
|-supereffective|p1b: Jews' Cannon|1
|-damage|p1b: Jews' Cannon|37/100
|-unboost|p2b: 99 Problem|def|1
|-unboost|p2b: 99 Problem|spd|1
|-ability|p1b: Jews' Cannon|Stamina|boost
|-boost|p1b: Jews' Cannon|def|1
|move|p1b: Jews' Cannon|Electro Shot||[still]
|-prepare|p1b: Jews' Cannon|Electro Shot
|-boost|p1b: Jews' Cannon|spa|1
|-anim|p1b: Jews' Cannon|Electro Shot|p2a: Vivarium
|-resisted|p2a: Vivarium|1
|-damage|p2a: Vivarium|0 fnt
|faint|p2a: Vivarium
|
|-weather|RainDance|[upkeep]
|-heal|p1b: Jews' Cannon|43/100|[from] item: Leftovers
|upkeep
|
|t:|1785958318
|switch|p2a: Sonne|Delphox, L50, F|100/100
|turn|8
|
|t:|1785958331
|detailschange|p2a: Sonne|Delphox-Mega, L50, F
|-mega|p2a: Sonne|Delphox|Delphoxite
|move|p2a: Sonne|Protect|p2a: Sonne
|-singleturn|p2a: Sonne|Protect
|move|p1b: Jews' Cannon|Protect|p1b: Jews' Cannon
|-singleturn|p1b: Jews' Cannon|Protect
|move|p2b: 99 Problem|Close Combat|p1b: Jews' Cannon
|-activate|p1b: Jews' Cannon|move: Protect
|move|p1a: Pelipenna|Tailwind|p1a: Pelipenna
|-sidestart|p1: Werling|move: Tailwind
|
|-weather|RainDance|[upkeep]
|-heal|p1b: Jews' Cannon|49/100|[from] item: Leftovers
|upkeep
|turn|9
|
|t:|1785958353
|switch|p1a: Not Avaible|Sinistcha, L50, shiny|100/100
|-heal|p1b: Jews' Cannon|74/100|[from] ability: Hospitality|[of] p1a: Not Avaible
|move|p2b: 99 Problem|Protect|p2b: 99 Problem
|-singleturn|p2b: 99 Problem|Protect
|move|p1b: Jews' Cannon|Electro Shot||[still]
|-prepare|p1b: Jews' Cannon|Electro Shot
|-boost|p1b: Jews' Cannon|spa|1
|-anim|p1b: Jews' Cannon|Electro Shot|p2a: Sonne
|-damage|p2a: Sonne|0 fnt
|faint|p2a: Sonne
|
|-weather|RainDance|[upkeep]
|-heal|p1b: Jews' Cannon|80/100|[from] item: Leftovers
|upkeep
|turn|10
|
|t:|1785958379
|move|p1b: Jews' Cannon|Protect|p1b: Jews' Cannon
|-singleturn|p1b: Jews' Cannon|Protect
|move|p2b: 99 Problem|Close Combat|p1b: Jews' Cannon
|-activate|p1b: Jews' Cannon|move: Protect
|move|p1a: Not Avaible|Strength Sap|p2b: 99 Problem
|-unboost|p2b: 99 Problem|atk|1
|
|-weather|RainDance|[upkeep]
|-heal|p1b: Jews' Cannon|86/100|[from] item: Leftovers
|upkeep
|turn|11
|
|t:|1785958392
|move|p2b: 99 Problem|Protect|p2b: 99 Problem
|-singleturn|p2b: 99 Problem|Protect
|move|p1b: Jews' Cannon|Electro Shot||[still]
|-prepare|p1b: Jews' Cannon|Electro Shot
|-boost|p1b: Jews' Cannon|spa|1
|-anim|p1b: Jews' Cannon|Electro Shot|p2b: 99 Problem
|-activate|p2b: 99 Problem|move: Protect
|move|p1a: Not Avaible|Strength Sap|p2b: 99 Problem
|-activate|p2b: 99 Problem|move: Protect
|
|-weather|none
|-heal|p1b: Jews' Cannon|92/100|[from] item: Leftovers
|-sideend|p1: Werling|move: Tailwind
|upkeep
|turn|12
|
|t:|1785958415
|move|p2b: 99 Problem|Poison Jab|p1a: Not Avaible
|-damage|p1a: Not Avaible|74/100
|move|p1b: Jews' Cannon|Dragon Pulse|p2b: 99 Problem
|-enditem|p2b: 99 Problem|Focus Sash
|-damage|p2b: 99 Problem|1/100
|move|p1a: Not Avaible|Matcha Gotcha|p2b: 99 Problem
|-resisted|p2b: 99 Problem|1
|-damage|p2b: 99 Problem|0 fnt
|-heal|p1a: Not Avaible|74/100|[from] drain|[of] p2b: 99 Problem
|faint|p2b: 99 Problem
|
|win|Werling
