|j|☆Llama_Llord
|j|☆Cristante terabug
|html|Llama_LlordCristante terabug    
|uhtml|bestof|Game 2 of a best-of-3
|t:|1756122456
|gametype|doubles
|player|p1|Llama_Llord|102|1145
|player|p2|Cristante terabug|kieran-champion|1263
|gen|9
|tier|[Gen 9] VGC 2025 Reg H (Bo3)
|rated|
|rule|Species Clause: Limit one of each Pokémon
|rule|Item Clause: Limit 1 of each item
|clearpoke
|poke|p1|Meowscarada, L50, F|
|poke|p1|Primarina, L50, F|
|poke|p1|Indeedee, L50, M|
|poke|p1|Sneasler, L50, M|
|poke|p1|Tatsugiri, L50, M|
|poke|p1|Electabuzz, L50, M|
|poke|p2|Sneasler, L50, M|
|poke|p2|Volcarona, L50, F|
|poke|p2|Rillaboom, L50, M|
|poke|p2|Kommo-o, L50, M|
|poke|p2|Kingambit, L50, M|
|poke|p2|Basculegion, L50, M|
|teampreview|4
|showteam|p1|Meowscarada||FocusSash|Overgrow|GrassPledge,KnockOff,FlowerTrick,Protect|||F|||50|,,,,,Fairy]Primarina||LifeOrb|LiquidVoice|WaterPledge,HyperVoice,Moonblast,Protect|||F|||50|,,,,,Poison]Indeedee||SafetyGoggles|PsychicSurge|ExpandingForce,Protect,TrickRoom,Imprison|||M|||50|,,,,,Fire]Sneasler||PsychicSeed|Unburden|DireClaw,CloseCombat,ThroatChop,Protect|||M|||50|,,,,,Stellar]Tatsugiri||AssaultVest|StormDrain|DracoMeteor,IcyWind,TeraBlast,Surf|||M|||50|,,,,,Ground]Electabuzz||Eviolite|VitalSpirit|FollowMe,Taunt,VoltSwitch,Thunderbolt|||M|||50|,,,,,Electric
|showteam|p2|Sneasler||GrassySeed|Unburden|CloseCombat,DireClaw,Coaching,Protect|||M|||50|,,,,,Stellar]Volcarona||CovertCloak|FlameBody|HeatWave,TeraBlast,QuiverDance,Protect|||F|||50|,,,,,Fairy]Rillaboom||AssaultVest|GrassySurge|FakeOut,GrassyGlide,DrumBeating,HighHorsepower|||M|||50|,,,,,Fire]Kommo-o||Leftovers|Overcoat|BodyPress,IronDefense,Flamethrower,Protect|||M|||50|,,,,,Fire]Kingambit||SafetyGoggles|Defiant|KowtowCleave,SuckerPunch,SwordsDance,Protect|||M|||50|,,,,,Dark]Basculegion||ChoiceScarf|Adaptability|WaveCrash,LastRespects,FlipTurn,TeraBlast|||M|||50|,,,,,Fighting
|inactive|Battle timer is ON: inactive players will automatically lose when time's up. (requested by Llama_Llord)
|inactive|Llama_Llord has 60 seconds left.
|
|t:|1756122492
|teamsize|p1|4
|teamsize|p2|4
|start
|switch|p1a: Fiona|Primarina, L50, F|100/100
|switch|p1b: Puss in Boots|Meowscarada, L50, F|100/100
|switch|p2a: Sneasler|Sneasler, L50, M|100/100
|switch|p2b: Basculegion|Basculegion, L50, M|100/100
|turn|1
|inactive|Cristante terabug has 30 seconds left.
|
|t:|1756122520
|switch|p2b: Kingambit|Kingambit, L50, M|100/100
|switch|p1a: Indeedee|Indeedee, L50, M|100/100
|-fieldstart|move: Psychic Terrain|[from] ability: Psychic Surge|[of] p1a: Indeedee
|move|p1b: Puss in Boots|Knock Off|p2b: Kingambit
|-resisted|p2b: Kingambit
|-damage|p2b: Kingambit|85/100
|-enditem|p2b: Kingambit|Safety Goggles|[from] move: Knock Off|[of] p1b: Puss in Boots
|move|p2a: Sneasler|Dire Claw|p1a: Indeedee
|-damage|p1a: Indeedee|11/100
|-status|p1a: Indeedee|par
|
|upkeep
|turn|2
|inactive|Cristante terabug has 30 seconds left.
|
|t:|1756122547
|switch|p1a: Fiona|Primarina, L50, F|100/100
|move|p2a: Sneasler|Protect|p2a: Sneasler
|-singleturn|p2a: Sneasler|Protect
|move|p1b: Puss in Boots|Knock Off|p2a: Sneasler
|-activate|p2a: Sneasler|move: Protect
|move|p2b: Kingambit|Kowtow Cleave|p1b: Puss in Boots
|-resisted|p1b: Puss in Boots
|-damage|p1b: Puss in Boots|53/100
|
|upkeep
|turn|3
|
|t:|1756122568
|move|p1b: Puss in Boots|Grass Pledge|p2b: Kingambit
|-waiting|p1b: Puss in Boots|p1a: Fiona
|move|p1a: Fiona|Water Pledge|p2b: Kingambit|[from] move: Grass Pledge
|-combine
|-resisted|p2b: Kingambit
|-damage|p2b: Kingambit|32/100
|-sidestart|p2: Cristante terabug|Grass Pledge
|-damage|p1a: Fiona|91/100|[from] item: Life Orb
|move|p2a: Sneasler|Dire Claw|p1b: Puss in Boots
|-supereffective|p1b: Puss in Boots
|-damage|p1b: Puss in Boots|0 fnt
|faint|p1b: Puss in Boots
|move|p2b: Kingambit|Swords Dance|p2b: Kingambit
|-boost|p2b: Kingambit|atk|2
|
|upkeep
|
|t:|1756122578
|switch|p1b: Tatsugiri|Tatsugiri, L50, M|100/100
|turn|4
|
|t:|1756122587
|switch|p2a: Rillaboom|Rillaboom, L50, M|100/100
|-fieldstart|move: Grassy Terrain|[from] ability: Grassy Surge|[of] p2a: Rillaboom
|-terastallize|p1b: Tatsugiri|Ground
|-terastallize|p2b: Kingambit|Dark
|move|p2b: Kingambit|Sucker Punch|p1b: Tatsugiri
|-damage|p1b: Tatsugiri|0 fnt
|faint|p1b: Tatsugiri
|move|p1a: Fiona|Hyper Voice|p2a: Rillaboom|[spread] p2a,p2b
|-resisted|p2a: Rillaboom
|-damage|p2a: Rillaboom|82/100
|-damage|p2b: Kingambit|0 fnt
|faint|p2b: Kingambit
|-damage|p1a: Fiona|81/100|[from] item: Life Orb
|
|-heal|p1a: Fiona|87/100|[from] Grassy Terrain
|-heal|p2a: Rillaboom|88/100|[from] Grassy Terrain
|upkeep
|
|t:|1756122601
|switch|p1b: Indeedee|Indeedee, L50, M|11/100 par
|switch|p2b: Sneasler|Sneasler, L50, M|100/100
|-fieldstart|move: Psychic Terrain|[from] ability: Psychic Surge|[of] p1b: Indeedee
|turn|5
|
|t:|1756122616
|move|p1a: Fiona|Moonblast|p2a: Rillaboom
|-damage|p2a: Rillaboom|31/100
|-damage|p1a: Fiona|77/100|[from] item: Life Orb
|move|p1b: Indeedee|Expanding Force|p2b: Sneasler|[spread] p2a,p2b
|-supereffective|p2b: Sneasler
|-damage|p2a: Rillaboom|0 fnt
|-damage|p2b: Sneasler|0 fnt
|faint|p2a: Rillaboom
|faint|p2b: Sneasler
|
|upkeep
|
|t:|1756122623
|switch|p2b: Basculegion|Basculegion, L50, M|100/100
|turn|6
|
|t:|1756122630
|move|p1a: Fiona|Moonblast|p2b: Basculegion
|-damage|p2b: Basculegion|26/100
|-damage|p1a: Fiona|67/100|[from] item: Life Orb
|move|p1b: Indeedee|Expanding Force|p2b: Basculegion
|-damage|p2b: Basculegion|0 fnt
|faint|p2b: Basculegion
|
|win|Llama_Llord
|raw|Llama_Llord's rating: 1145 → 1178(+33 for winning)
|raw|Cristante terabug's rating: 1263 → 1230(-33 for losing)
|l|☆Cristante terabug
|player|p2|
