|j|☆0001110101k
|j|☆lox1sm
|html|0001110101klox1sm    
|uhtml|bestof|Game 1 of a best-of-3
|t:|1782312313
|gametype|doubles
|player|p1|0001110101k|janitor|1164
|player|p2|lox1sm|veteran|1145
|gen|9
|tier|[Gen 9 Champions] VGC 2026 Reg M-B (Bo3)
|rated|
|rule|Species Clause: Limit one of each Pokémon
|rule|Item Clause: Limit 1 of each item
|clearpoke
|poke|p1|Metagross, L50|
|poke|p1|Kingambit, L50, F|
|poke|p1|Ninetales-Alola, L50, F|
|poke|p1|Talonflame, L50, F|
|poke|p1|Kleavor, L50, F|
|poke|p1|Milotic, L50, F|
|poke|p2|Charizard, L50, M|
|poke|p2|Metagross, L50|
|poke|p2|Aerodactyl, L50, M|
|poke|p2|Garchomp, L50, F|
|poke|p2|Sylveon, L50, M|
|poke|p2|Kingambit, L50, M|
|teampreview|4
|showteam|p1|Metagross||Metagrossite|ClearBody|IronHead,PsychicFangs,BodyPress,Protect|Jolly|||||50|]Kingambit||BlackGlasses|Defiant|KowtowCleave,SuckerPunch,SwordsDance,Protect|Adamant||F|||50|]Ninetales-Alola||LightClay|SnowWarning|Blizzard,AuroraVeil,Encore,Protect|Timid||F|||50|]Talonflame||ChartiBerry|GaleWings|DualWingbeat,Tailwind,Taunt,QuickGuard|Jolly||F|||50|]Kleavor||FocusSash|Sharpness|StoneAxe,CloseCombat,Feint,Protect|Jolly||F|||50|]Milotic||Leftovers|Competitive|MuddyWater,Coil,Hypnosis,Protect|Bold||F|||50|
|showteam|p2|Charizard||CharizarditeY|Blaze|HeatWave,WeatherBall,SolarBeam,Protect|Modest||M|||50|]Metagross||Metagrossite|ClearBody|IronHead,PsychicFangs,StompingTantrum,Protect|Jolly|||||50|]Aerodactyl||SitrusBerry|Unnerve|RockSlide,IceFang,Tailwind,WideGuard|Jolly||M|||50|]Garchomp||LifeOrb|RoughSkin|DragonClaw,Earthquake,RockSlide,Protect|Jolly||F|||50|]Sylveon||FairyFeather|Pixilate|HyperVoice,HyperBeam,QuickAttack,Protect|Modest||M|||50|]Kingambit||FocusSash|Defiant|KowtowCleave,SuckerPunch,IronHead,LowKick|Adamant||M|||50|
|
|t:|1782312367
|teamsize|p1|4
|teamsize|p2|4
|start
|switch|p1a: Talonflame|Talonflame, L50, F|100/100
|switch|p1b: Kleavor|Kleavor, L50, F|100/100
|switch|p2a: Aerodactyl|Aerodactyl, L50, M|100/100
|switch|p2b: Metagross|Metagross, L50|100/100
|-ability|p2a: Aerodactyl|Unnerve
|turn|1
|
|t:|1782312393
|detailschange|p2b: Metagross|Metagross-Mega, L50
|-mega|p2b: Metagross|Metagross|Metagrossite
|move|p1a: Talonflame|Tailwind|p1a: Talonflame
|-sidestart|p1: 0001110101k|move: Tailwind
|move|p1b: Kleavor|Stone Axe|p2a: Aerodactyl
|-supereffective|p2a: Aerodactyl|1
|-damage|p2a: Aerodactyl|0 fnt
|-sidestart|p2: lox1sm|move: Stealth Rock
|faint|p2a: Aerodactyl
|move|p2b: Metagross|Psychic Fangs|p1a: Talonflame
|-damage|p1a: Talonflame|13/100
|
|upkeep
|inactive|Battle timer is ON: inactive players will automatically lose when time's up. (requested by 0001110101k)
|
|t:|1782312438
|switch|p2a: Kingambit|Kingambit, L50, M|100/100
|-damage|p2a: Kingambit|93/100|[from] Stealth Rock
|turn|2
|
|t:|1782312461
|move|p1a: Talonflame|Quick Guard|p1a: Talonflame
|-singleturn|p1a: Talonflame|Quick Guard
|move|p2a: Kingambit|Sucker Punch|p1b: Kleavor
|-activate|p1b: Kleavor|move: Quick Guard
|move|p1b: Kleavor|Close Combat|p2a: Kingambit
|-supereffective|p2a: Kingambit|2
|-damage|p2a: Kingambit|0 fnt
|-unboost|p1b: Kleavor|def|1
|-unboost|p1b: Kleavor|spd|1
|faint|p2a: Kingambit
|move|p2b: Metagross|Iron Head|p1b: Kleavor
|-supereffective|p1b: Kleavor|1
|-enditem|p1b: Kleavor|Focus Sash
|-damage|p1b: Kleavor|1/100
|
|upkeep
|
|t:|1782312482
|switch|p2a: Sylveon|Sylveon, L50, M|100/100
|-damage|p2a: Sylveon|87/100|[from] Stealth Rock
|turn|3
|inactive|0001110101k has 30 seconds left.
|
|t:|1782312508
|move|p2a: Sylveon|Quick Attack|p1b: Kleavor
|-damage|p1b: Kleavor|0 fnt
|faint|p1b: Kleavor
|move|p1a: Talonflame|Dual Wingbeat|p2a: Sylveon
|-damage|p2a: Sylveon|69/100
|-damage|p2a: Sylveon|52/100
|-hitcount|p2a: Sylveon|2
|move|p2b: Metagross|Psychic Fangs|p1a: Talonflame
|-damage|p1a: Talonflame|0 fnt
|faint|p1a: Talonflame
|
|upkeep
|
|t:|1782312514
|switch|p1a: Ninetales|Ninetales-Alola, L50, F|100/100
|switch|p1b: Kingambit|Kingambit, L50, F|100/100
|-weather|Snowscape|[from] ability: Snow Warning|[of] p1a: Ninetales
|turn|4
|inactive|0001110101k has 30 seconds left.
|inactive|0001110101k has 20 seconds left.
|
|t:|1782312551
|move|p2b: Metagross|Protect|p2b: Metagross
|-singleturn|p2b: Metagross|Protect
|move|p1b: Kingambit|Protect|p1b: Kingambit
|-singleturn|p1b: Kingambit|Protect
|move|p2a: Sylveon|Protect|p2a: Sylveon
|-singleturn|p2a: Sylveon|Protect
|move|p1a: Ninetales|Encore|p2b: Metagross
|-activate|p2b: Metagross|move: Protect
|
|-weather|Snowscape|[upkeep]
|-sideend|p1: 0001110101k|move: Tailwind
|upkeep
|turn|5
|inactive|0001110101k has 30 seconds left.
|inactive|lox1sm has 30 seconds left.
|inactive|lox1sm has 20 seconds left.
|inactive|lox1sm has 15 seconds left.
|
|t:|1782312598
|move|p2b: Metagross|Protect|p2b: Metagross
|-singleturn|p2b: Metagross|Protect
|move|p1b: Kingambit|Sucker Punch||[still]
|-fail|p1b: Kingambit
|move|p1a: Ninetales|Encore|p2a: Sylveon
|-start|p2a: Sylveon|Encore
|move|p2a: Sylveon|Protect||[still]
|-fail|p2a: Sylveon
|
|-weather|Snowscape|[upkeep]
|upkeep
|turn|6
|inactive|0001110101k has 30 seconds left.
|inactive|0001110101k has 20 seconds left.
|inactive|lox1sm has 30 seconds left.
|
|t:|1782312651
|move|p2a: Sylveon|Protect|p2a: Sylveon
|-singleturn|p2a: Sylveon|Protect
|move|p1a: Ninetales|Aurora Veil|p1a: Ninetales
|-sidestart|p1: 0001110101k|move: Aurora Veil
|move|p2b: Metagross|Iron Head|p1a: Ninetales
|-supereffective|p1a: Ninetales|2
|-damage|p1a: Ninetales|0 fnt
|faint|p1a: Ninetales
|move|p1b: Kingambit|Kowtow Cleave|p2b: Metagross
|-supereffective|p2b: Metagross|1
|-damage|p2b: Metagross|6/100
|
|-weather|Snowscape|[upkeep]
|upkeep
|turn|7
|inactive|0001110101k has 30 seconds left.
|
|t:|1782312685
|move|p2b: Metagross|Protect|p2b: Metagross
|-singleturn|p2b: Metagross|Protect
|move|p2a: Sylveon|Protect||[still]
|-fail|p2a: Sylveon
|move|p1b: Kingambit|Kowtow Cleave|p2a: Sylveon
|-resisted|p2a: Sylveon|1
|-damage|p2a: Sylveon|7/100
|
|-weather|Snowscape|[upkeep]
|-end|p2a: Sylveon|Encore
|upkeep
|turn|8
|inactive|0001110101k has 30 seconds left.
|
|t:|1782312712
|move|p1b: Kingambit|Sucker Punch|p2b: Metagross
|-supereffective|p2b: Metagross|1
|-damage|p2b: Metagross|0 fnt
|faint|p2b: Metagross
|move|p2a: Sylveon|Hyper Beam|p1b: Kingambit
|-damage|p1b: Kingambit|25/100
|-mustrecharge|p2a: Sylveon
|
|-weather|none
|upkeep
|turn|9
|-message|lox1sm forfeited.
|
|win|0001110101k
||lox1sm is ready for game 2.
||0001110101k is ready for game 2.
|uhtml|next|Next: Game 2 of 3
|l|☆0001110101k
|player|p1|
