|j|☆dondozo ftw
|j|☆TCM Zaukepoo
|html|dondozo ftwTCM Zaukepoo    
|uhtml|bestof|Game 1 of a best-of-3
|t:|1756691724
|gametype|doubles
|player|p1|dondozo ftw|veteranf|1133
|player|p2|TCM Zaukepoo|101|1137
|gen|9
|tier|[Gen 9] VGC 2025 Reg H (Bo3)
|rated|
|rule|Species Clause: Limit one of each Pokémon
|rule|Item Clause: Limit 1 of each item
|clearpoke
|poke|p1|Dondozo, L50, F|
|poke|p1|Tatsugiri, L50, F|
|poke|p1|Talonflame, L50, F|
|poke|p1|Indeedee, L50, M|
|poke|p1|Sneasler, L50, F|
|poke|p1|Ursaluna-Bloodmoon, L50, M|
|poke|p2|Tyranitar, L50, F|
|poke|p2|Volcarona, L50, F|
|poke|p2|Ursaluna, L50, M|
|poke|p2|Dragonite, L50, M|
|poke|p2|Incineroar, L50, F|
|poke|p2|Gholdengo, L50|
|teampreview|4
|showteam|p1|Dondozo||Leftovers|Unaware|WaveCrash,Earthquake,Protect,BodyPress|||F|||50|,,,,,Grass]Tatsugiri||ChoiceScarf|Commander|MuddyWater,IcyWind,DracoMeteor,DragonPulse|||F|||50|,,,,,Water]Talonflame||CovertCloak|GaleWings|BraveBird,FlareBlitz,Tailwind,WillOWisp|||F|||50|,,,,,Ghost]Indeedee||FocusSash|PsychicSurge|ExpandingForce,Protect,HelpingHand,TrickRoom|||M|||50|,,,,,Psychic]Sneasler||PsychicSeed|Unburden|DireClaw,CloseCombat,ThroatChop,Protect|||F|||50|,,,,,Dark]Ursaluna-Bloodmoon||LifeOrb|MindsEye|BloodMoon,HyperVoice,EarthPower,Protect|||M|||50|,,,,,Normal
|showteam|p2|Tyranitar||AssaultVest|SandStream|RockSlide,KnockOff,TeraBlast,LowKick|||F|||50|,,,,,Flying]Volcarona||CovertCloak|FlameBody|HeatWave,GigaDrain,QuiverDance,Protect|||F|||50|,,,,,Grass]Ursaluna||FlameOrb|Guts|HeadlongRush,Facade,Earthquake,Protect|||M|||50|,,,,,Ghost]Dragonite||LoadedDice|InnerFocus|ScaleShot,ExtremeSpeed,StompingTantrum,Tailwind|||M|||50|,,,,,Steel]Incineroar||SafetyGoggles|Intimidate|FakeOut,KnockOff,PartingShot,FlareBlitz|||F|||50|,,,,,Ghost]Gholdengo||LifeOrb|GoodasGold|NastyPlot,ShadowBall,MakeItRain,Protect||||||50|,,,,,Water
|inactive|Battle timer is ON: inactive players will automatically lose when time's up. (requested by TCM Zaukepoo)
|inactive|dondozo ftw also wants the timer to be on.
|inactive|TCM Zaukepoo has 60 seconds left.
|
|t:|1756691759
|teamsize|p1|4
|teamsize|p2|4
|start
|switch|p1a: Indeedee|Indeedee, L50, M|100/100
|switch|p1b: Sneasler|Sneasler, L50, F|100/100
|switch|p2a: Incineroar|Incineroar, L50, F|100/100
|switch|p2b: Volcarona|Volcarona, L50, F|100/100
|-fieldstart|move: Psychic Terrain|[from] ability: Psychic Surge|[of] p1a: Indeedee
|-enditem|p1b: Sneasler|Psychic Seed
|-boost|p1b: Sneasler|spd|1|[from] item: Psychic Seed
|-ability|p2a: Incineroar|Intimidate|boost
|-unboost|p1a: Indeedee|atk|1
|-unboost|p1b: Sneasler|atk|1
|turn|1
|
|t:|1756691781
|switch|p2a: Gholdengo|Gholdengo, L50|100/100
|move|p1a: Indeedee|Helping Hand|p1b: Sneasler
|-singleturn|p1b: Sneasler|Helping Hand|[of] p1a: Indeedee
|move|p1b: Sneasler|Close Combat|p2a: Gholdengo
|-immune|p2a: Gholdengo
|move|p2b: Volcarona|Quiver Dance|p2b: Volcarona
|-boost|p2b: Volcarona|spa|1
|-boost|p2b: Volcarona|spd|1
|-boost|p2b: Volcarona|spe|1
|
|upkeep
|turn|2
|
|t:|1756691798
|switch|p2a: Incineroar|Incineroar, L50, F|100/100
|-ability|p2a: Incineroar|Intimidate|boost
|-unboost|p1a: Indeedee|atk|1
|-unboost|p1b: Sneasler|atk|1
|-terastallize|p1b: Sneasler|Dark
|move|p1b: Sneasler|Throat Chop|p2a: Incineroar
|-resisted|p2a: Incineroar
|-damage|p2a: Incineroar|86/100
|-start|p2a: Incineroar|Throat Chop|[silent]
|move|p2b: Volcarona|Quiver Dance|p2b: Volcarona
|-boost|p2b: Volcarona|spa|1
|-boost|p2b: Volcarona|spd|1
|-boost|p2b: Volcarona|spe|1
|move|p1a: Indeedee|Expanding Force|p2b: Volcarona|[spread] p2b
|-immune|p2a: Incineroar
|-damage|p2b: Volcarona|69/100
|
|upkeep
|turn|3
|
|t:|1756691810
|switch|p2a: Gholdengo|Gholdengo, L50|100/100
|move|p1b: Sneasler|Dire Claw|p2b: Volcarona
|-damage|p2b: Volcarona|41/100
|move|p2b: Volcarona|Heat Wave|p1a: Indeedee|[spread] p1a,p1b
|-enditem|p1a: Indeedee|Focus Sash
|-damage|p1a: Indeedee|1/100
|-damage|p1b: Sneasler|20/100
|-status|p1b: Sneasler|brn
|move|p1a: Indeedee|Expanding Force|p2b: Volcarona|[spread] p2a,p2b
|-resisted|p2a: Gholdengo
|-damage|p2a: Gholdengo|67/100
|-damage|p2b: Volcarona|14/100
|
|-damage|p1b: Sneasler|14/100 brn|[from] brn
|upkeep
|turn|4
|
|t:|1756691822
|move|p2b: Volcarona|Protect|p2b: Volcarona
|-singleturn|p2b: Volcarona|Protect
|move|p1b: Sneasler|Dire Claw|p2b: Volcarona
|-activate|p2b: Volcarona|move: Protect
|move|p1a: Indeedee|Expanding Force|p2a: Gholdengo|[spread] p2a
|-activate|p2b: Volcarona|move: Protect
|-resisted|p2a: Gholdengo
|-damage|p2a: Gholdengo|36/100
|move|p2a: Gholdengo|Make It Rain|p1a: Indeedee|[spread] p1a,p1b
|-damage|p1a: Indeedee|0 fnt
|-damage|p1b: Sneasler|0 fnt
|-unboost|p2a: Gholdengo|spa|1
|faint|p1a: Indeedee
|faint|p1b: Sneasler
|-damage|p2a: Gholdengo|26/100|[from] item: Life Orb
|
|upkeep
|
|t:|1756691832
|switch|p1b: Tatsugiri|Tatsugiri, L50, F|100/100
|switch|p1a: Dondozo|Dondozo, L50, F, shiny|100/100
|-activate|p1b: Tatsugiri|ability: Commander|[of] p1a: Dondozo
|-boost|p1a: Dondozo|atk|2
|-boost|p1a: Dondozo|spa|2
|-boost|p1a: Dondozo|spe|2
|-boost|p1a: Dondozo|def|2
|-boost|p1a: Dondozo|spd|2
|turn|5
|
|t:|1756691848
|switch|p2a: Incineroar|Incineroar, L50, F|86/100
|-ability|p2a: Incineroar|Intimidate|boost
|-unboost|p1a: Dondozo|atk|1
|-unboost|p1b: Tatsugiri|atk|1
|-terastallize|p2b: Volcarona|Grass
|move|p2b: Volcarona|Giga Drain|p1a: Dondozo
|-supereffective|p1a: Dondozo
|-damage|p1a: Dondozo|60/100
|-heal|p2b: Volcarona|43/100|[from] drain|[of] p1a: Dondozo
|move|p1a: Dondozo|Earthquake|p2a: Incineroar|[spread] p2a,p2b
|-miss|p1a: Dondozo|p1b: Tatsugiri
|-supereffective|p2a: Incineroar
|-resisted|p2b: Volcarona
|-damage|p2a: Incineroar|26/100
|-damage|p2b: Volcarona|28/100
|
|-heal|p1a: Dondozo|66/100|[from] item: Leftovers
|-fieldend|move: Psychic Terrain
|upkeep
|turn|6
|-message|dondozo ftw forfeited.
|
|win|TCM Zaukepoo
||dondozo ftw is ready for game 2.
