|j|☆pippobaudobaldo
|j|☆BonnieSSR
|html|pippobaudobaldoBonnieSSR    
|uhtml|bestof|Game 2 of a best-of-3
|t:|1756483123
|gametype|doubles
|player|p1|pippobaudobaldo|266|1087
|player|p2|BonnieSSR|miku-ground|1186
|gen|9
|tier|[Gen 9] VGC 2025 Reg H (Bo3)
|rated|
|rule|Species Clause: Limit one of each Pokémon
|rule|Item Clause: Limit 1 of each item
|clearpoke
|poke|p1|Sneasler, L50, M|
|poke|p1|Gholdengo, L50|
|poke|p1|Dragonite, L50, F|
|poke|p1|Primarina, L50, M|
|poke|p1|Amoonguss, L50, F|
|poke|p1|Incineroar, L50, M|
|poke|p2|Tyranitar, L50, M|
|poke|p2|Amoonguss, L50, M|
|poke|p2|Kilowattrel, L50, F|
|poke|p2|Excadrill, L50, F|
|poke|p2|Kommo-o, L50, F|
|poke|p2|Incineroar, L50, M|
|teampreview|4
|showteam|p1|Sneasler||FocusSash|PoisonTouch|FakeOut,DireClaw,CloseCombat,ThroatChop|||M|||50|,,,,,Stellar]Gholdengo||Leftovers|GoodasGold|Protect,MakeItRain,ShadowBall,NastyPlot||||||50|,,,,,Dragon]Dragonite||LoadedDice|Multiscale|Protect,ScaleShot,Tailwind,IceSpinner|||F|||50|,,,,,Fairy]Primarina||SitrusBerry|LiquidVoice|HyperVoice,Moonblast,Haze,Protect|||M|||50|,,,,,Poison]Amoonguss||RockyHelmet|Regenerator|Protect,Spore,RagePowder,PollenPuff|||F|||50|,,,,,Grass]Incineroar||SafetyGoggles|Intimidate|FakeOut,KnockOff,WillOWisp,PartingShot|||M|||50|,,,,,Fire
|showteam|p2|Tyranitar||AssaultVest|SandStream|LowKick,RockSlide,KnockOff,TeraBlast|||M|||50|,,,,,Flying]Amoonguss||SitrusBerry|Regenerator|Spore,RagePowder,SludgeBomb,Protect|||M|||50|,,,,,Water]Kilowattrel||ChoiceSpecs|Competitive|Thunderbolt,Discharge,VoltSwitch,AirSlash|||F|||50|,,,,,Ghost]Excadrill||FocusSash|SandRush|IronHead,Earthquake,HighHorsepower,Protect|||F|||50|,,,,,Ground]Kommo-o||Leftovers|Overcoat|IronDefense,BodyPress,ThroatChop,Protect|||F|||50|,,,,,Steel]Incineroar||SafetyGoggles|Intimidate|FlareBlitz,KnockOff,PartingShot,FakeOut|||M|||50|,,,,,Ghost
|inactive|Battle timer is ON: inactive players will automatically lose when time's up. (requested by pippobaudobaldo)
|
|t:|1756483148
|teamsize|p1|4
|teamsize|p2|4
|start
|switch|p1a: Dragonite|Dragonite, L50, F|100/100
|switch|p1b: Incineroar|Incineroar, L50, M|100/100
|switch|p2a: Prim|Kilowattrel, L50, F|100/100
|switch|p2b: Transassa|Amoonguss, L50, M, shiny|100/100
|-ability|p1b: Incineroar|Intimidate|boost
|-unboost|p2a: Prim|atk|1
|-ability|p2a: Prim|Competitive|boost
|-boost|p2a: Prim|spa|2
|-unboost|p2b: Transassa|atk|1
|turn|1
|inactive|pippobaudobaldo has 30 seconds left.
|inactive|BonnieSSR has 30 seconds left.
|inactive|pippobaudobaldo has 20 seconds left.
|inactive|BonnieSSR has 20 seconds left.
|
|t:|1756483186
|move|p2a: Prim|Volt Switch|p1b: Incineroar
|-damage|p1b: Incineroar|24/100
|
|t:|1756483192
|switch|p2a: Ouroboros|Tyranitar, L50, M, shiny|100/100|[from] Volt Switch
|-weather|Sandstorm|[from] ability: Sand Stream|[of] p2a: Ouroboros
|move|p1a: Dragonite|Ice Spinner|p2a: Ouroboros
|-damage|p2a: Ouroboros|75/100
|move|p1b: Incineroar|Knock Off|p2a: Ouroboros
|-resisted|p2a: Ouroboros
|-damage|p2a: Ouroboros|57/100
|-enditem|p2a: Ouroboros|Assault Vest|[from] move: Knock Off|[of] p1b: Incineroar
|move|p2b: Transassa|Spore|p1a: Dragonite
|-status|p1a: Dragonite|slp|[from] move: Spore
|
|-weather|Sandstorm|[upkeep]
|-damage|p1a: Dragonite|95/100 slp|[from] Sandstorm
|-damage|p2b: Transassa|95/100|[from] Sandstorm
|upkeep
|turn|2
|
|t:|1756483212
|switch|p1b: Gholdengo|Gholdengo, L50|100/100
|cant|p1a: Dragonite|slp
|move|p2a: Ouroboros|Rock Slide|p1b: Gholdengo|[spread] p1b
|-miss|p2a: Ouroboros|p1a: Dragonite
|-resisted|p1b: Gholdengo
|-damage|p1b: Gholdengo|84/100
|move|p2b: Transassa|Spore|p1b: Gholdengo
|-immune|p1b: Gholdengo|[from] ability: Good as Gold
|
|-weather|Sandstorm|[upkeep]
|-damage|p1a: Dragonite|89/100 slp|[from] Sandstorm
|-damage|p2b: Transassa|89/100|[from] Sandstorm
|-heal|p1b: Gholdengo|90/100|[from] item: Leftovers
|upkeep
|turn|3
|inactive|pippobaudobaldo has 30 seconds left.
|inactive|pippobaudobaldo has 20 seconds left.
|
|t:|1756483248
|move|p1b: Gholdengo|Protect|p1b: Gholdengo
|-singleturn|p1b: Gholdengo|Protect
|-curestatus|p1a: Dragonite|slp|[msg]
|move|p1a: Dragonite|Ice Spinner|p2b: Transassa
|-supereffective|p2b: Transassa
|-damage|p2b: Transassa|30/100
|-enditem|p2b: Transassa|Sitrus Berry|[eat]
|-heal|p2b: Transassa|55/100|[from] item: Sitrus Berry
|move|p2a: Ouroboros|Knock Off|p1b: Gholdengo
|-activate|p1b: Gholdengo|move: Protect
|move|p2b: Transassa|Sludge Bomb|p1a: Dragonite
|-damage|p1a: Dragonite|65/100
|
|-weather|Sandstorm|[upkeep]
|-damage|p1a: Dragonite|60/100|[from] Sandstorm
|-damage|p2b: Transassa|50/100|[from] Sandstorm
|-heal|p1b: Gholdengo|96/100|[from] item: Leftovers
|upkeep
|turn|4
|inactive|pippobaudobaldo has 30 seconds left.
|
|t:|1756483282
|switch|p2a: Prim|Kilowattrel, L50, F|100/100
|move|p2b: Transassa|Protect|p2b: Transassa
|-singleturn|p2b: Transassa|Protect
|move|p1b: Gholdengo|Make It Rain|p2b: Transassa|[spread] p2a
|-activate|p2b: Transassa|move: Protect
|-resisted|p2a: Prim
|-damage|p2a: Prim|67/100
|-unboost|p1b: Gholdengo|spa|1
|move|p1a: Dragonite|Tailwind|p1a: Dragonite
|-sidestart|p1: pippobaudobaldo|move: Tailwind
|
|-weather|Sandstorm|[upkeep]
|-damage|p1a: Dragonite|54/100|[from] Sandstorm
|-damage|p2a: Prim|61/100|[from] Sandstorm
|-damage|p2b: Transassa|44/100|[from] Sandstorm
|-heal|p1b: Gholdengo|100/100|[from] item: Leftovers
|upkeep
|turn|5
|inactive|pippobaudobaldo has 30 seconds left.
|
|t:|1756483309
|move|p2b: Transassa|Rage Powder|p2b: Transassa
|-singleturn|p2b: Transassa|move: Rage Powder
|move|p1b: Gholdengo|Nasty Plot|p1b: Gholdengo
|-boost|p1b: Gholdengo|spa|2
|move|p1a: Dragonite|Scale Shot|p2b: Transassa
|-damage|p2b: Transassa|31/100
|-damage|p2b: Transassa|20/100
|-damage|p2b: Transassa|7/100
|-damage|p2b: Transassa|0 fnt
|faint|p2b: Transassa
|-hitcount|p2: Transassa|4
|-unboost|p1a: Dragonite|def|1
|-boost|p1a: Dragonite|spe|1
|move|p2a: Prim|Discharge|p1a: Dragonite|[spread] p1a,p1b
|-damage|p1a: Dragonite|17/100
|-damage|p1b: Gholdengo|65/100
|-status|p1a: Dragonite|par
|
|-weather|none
|-heal|p1b: Gholdengo|71/100|[from] item: Leftovers
|upkeep
|
|t:|1756483323
|switch|p2b: Lacey|Excadrill, L50, F, shiny|100/100
|turn|6
|inactive|pippobaudobaldo has 30 seconds left.
|
|t:|1756483351
|switch|p2a: Ouroboros|Tyranitar, L50, M, shiny|57/100
|-weather|Sandstorm|[from] ability: Sand Stream|[of] p2a: Ouroboros
|-terastallize|p1b: Gholdengo|Dragon
|-terastallize|p2b: Lacey|Ground
|move|p2b: Lacey|High Horsepower|p1b: Gholdengo
|-damage|p1b: Gholdengo|5/100
|move|p1b: Gholdengo|Shadow Ball|p2b: Lacey
|-damage|p2b: Lacey|24/100
|move|p1a: Dragonite|Ice Spinner|p2b: Lacey
|-supereffective|p2b: Lacey
|-damage|p2b: Lacey|0 fnt
|faint|p2b: Lacey
|
|-weather|Sandstorm|[upkeep]
|-damage|p1b: Gholdengo|0 fnt|[from] Sandstorm
|-damage|p1a: Dragonite|11/100 par|[from] Sandstorm
|faint|p1b: Gholdengo
|upkeep
|
|t:|1756483376
|switch|p2b: Prim|Kilowattrel, L50, F|61/100
|switch|p1b: Primarina|Primarina, L50, M|100/100
|turn|7
|
|t:|1756483396
|move|p2b: Prim|Thunderbolt|p1b: Primarina
|-supereffective|p1b: Primarina
|-damage|p1b: Primarina|3/100
|-enditem|p1b: Primarina|Sitrus Berry|[eat]
|-heal|p1b: Primarina|28/100|[from] item: Sitrus Berry
|move|p1b: Primarina|Moonblast|p2a: Ouroboros
|-supereffective|p2a: Ouroboros
|-damage|p2a: Ouroboros|1/100
|-unboost|p2a: Ouroboros|spa|1
|move|p1a: Dragonite|Ice Spinner|p2b: Prim
|-supereffective|p2b: Prim
|-damage|p2b: Prim|0 fnt
|faint|p2b: Prim
|move|p2a: Ouroboros|Rock Slide|p1a: Dragonite|[spread] p1a,p1b
|-supereffective|p1a: Dragonite
|-damage|p1a: Dragonite|0 fnt
|-damage|p1b: Primarina|0 fnt
|faint|p1a: Dragonite
|faint|p1b: Primarina
|
|-weather|Sandstorm|[upkeep]
|-sideend|p1: pippobaudobaldo|move: Tailwind
|upkeep
|
|t:|1756483419
|switch|p1a: Incineroar|Incineroar, L50, M|24/100
|-ability|p1a: Incineroar|Intimidate|boost
|-unboost|p2a: Ouroboros|atk|1
|turn|8
|
|t:|1756483422
|move|p1a: Incineroar|Fake Out|p2a: Ouroboros
|-resisted|p2a: Ouroboros
|-damage|p2a: Ouroboros|0 fnt
|faint|p2a: Ouroboros
|
|win|pippobaudobaldo
||BonnieSSR is ready for game 3.
||pippobaudobaldo is ready for game 3.
|uhtml|next|Next: Game 3 of 3
|l|☆pippobaudobaldo
|player|p1|
