|j|☆Imissmyturtle
|j|☆furretusedpunch
|html|Imissmyturtlefurretusedpunch    
|uhtml|bestof|Game 2 of a best-of-3
|t:|1757647954
|gametype|doubles
|player|p1|Imissmyturtle|170|1238
|player|p2|furretusedpunch|lacey|1323
|gen|9
|tier|[Gen 9] VGC 2025 Reg H (Bo3)
|rated|
|rule|Species Clause: Limit one of each Pokémon
|rule|Item Clause: Limit 1 of each item
|clearpoke
|poke|p1|Excadrill, L50, M|
|poke|p1|Tyranitar, L50, M|
|poke|p1|Sneasler, L50, F|
|poke|p1|Indeedee, L50, M|
|poke|p1|Annihilape, L50, M|
|poke|p1|Corviknight, L50, M|
|poke|p2|Gholdengo, L50|
|poke|p2|Sneasler, L50, M|
|poke|p2|Rillaboom, L50, F|
|poke|p2|Dragonite, L50, M|
|poke|p2|Ninetales-Alola, L50, M|
|poke|p2|Incineroar, L50, M|
|teampreview|4
|showteam|p1|Excadrill||FocusSash|SandRush|Earthquake,HighHorsepower,IronHead,Protect|||M|||50|,,,,,Stellar]Tyranitar||AssaultVest|SandStream|RockSlide,LowKick,KnockOff,TeraBlast|||M|||50|,,,,,Flying]Sneasler||PsychicSeed|Unburden|CloseCombat,DireClaw,ThroatChop,Protect|||F|||50|,,,,,Dark]Indeedee||ChoiceScarf|PsychicSurge|ExpandingForce,TeraBlast,Trick,Protect|||M|||50|,,,,,Psychic]Annihilape||SafetyGoggles|Defiant|FinalGambit,RageFist,Taunt,CloseCombat|||M|||50|,,,,,Water]Corviknight||SitrusBerry|MirrorArmor|BraveBird,Tailwind,BulkUp,Roost|||M|||50|,,,,,Dragon
|showteam|p2|Gholdengo||LifeOrb|GoodasGold|NastyPlot,MakeItRain,ShadowBall,Protect||||||50|,,,,,Water]Sneasler||WhiteHerb|Unburden|CloseCombat,DireClaw,Coaching,Protect|||M|||50|,,,,,Ghost]Rillaboom||AssaultVest|GrassySurge|FakeOut,GrassyGlide,DrumBeating,HighHorsepower|||F|||50|,,,,,Fire]Dragonite||LoadedDice|Multiscale|ScaleShot,StompingTantrum,Tailwind,Protect|||M|||50|,,,,,Ground]Ninetales-Alola||FocusSash|SnowWarning|IcyWind,Encore,FreezeDry,Blizzard|||M|||50|,,,,,Ghost]Incineroar||SitrusBerry|Intimidate|FlareBlitz,KnockOff,FakeOut,PartingShot|||M|||50|,,,,,Ghost
|
|t:|1757648012
|teamsize|p1|4
|teamsize|p2|4
|start
|switch|p1a: Sneasler|Sneasler, L50, F|100/100
|switch|p1b: Corviknight|Corviknight, L50, M, shiny|100/100
|switch|p2a: Gholdengo|Gholdengo, L50|100/100
|switch|p2b: Sneasler|Sneasler, L50, M|100/100
|turn|1
|
|t:|1757648038
|move|p1a: Sneasler|Throat Chop|p2a: Gholdengo
|-supereffective|p2a: Gholdengo
|-damage|p2a: Gholdengo|35/100
|-start|p2a: Gholdengo|Throat Chop|[silent]
|move|p2b: Sneasler|Close Combat|p1b: Corviknight
|-damage|p1b: Corviknight|49/100
|-unboost|p2b: Sneasler|def|1
|-unboost|p2b: Sneasler|spd|1
|-enditem|p1b: Corviknight|Sitrus Berry|[eat]
|-heal|p1b: Corviknight|74/100|[from] item: Sitrus Berry
|-enditem|p2b: Sneasler|White Herb
|-clearnegativeboost|p2b: Sneasler|[silent]
|move|p2a: Gholdengo|Shadow Ball|p1b: Corviknight
|-damage|p1b: Corviknight|20/100
|-ability|p1b: Corviknight|Mirror Armor
|-unboost|p2a: Gholdengo|spd|1
|-damage|p2a: Gholdengo|25/100|[from] item: Life Orb
|move|p1b: Corviknight|Tailwind|p1b: Corviknight
|-sidestart|p1: Imissmyturtle|move: Tailwind
|
|upkeep
|turn|2
|
|t:|1757648067
|switch|p2a: Dragonite|Dragonite, L50, M|100/100
|move|p1a: Sneasler|Dire Claw|p2b: Sneasler
|-resisted|p2b: Sneasler
|-damage|p2b: Sneasler|74/100
|move|p2b: Sneasler|Close Combat|p1b: Corviknight
|-damage|p1b: Corviknight|0 fnt
|-unboost|p2b: Sneasler|def|1
|-unboost|p2b: Sneasler|spd|1
|faint|p1b: Corviknight
|
|upkeep
|
|t:|1757648076
|switch|p1b: Tyranitar|Tyranitar, L50, M, shiny|100/100
|-weather|Sandstorm|[from] ability: Sand Stream|[of] p1b: Tyranitar
|turn|3
|
|t:|1757648097
|-terastallize|p1b: Tyranitar|Flying
|move|p1a: Sneasler|Dire Claw|p2a: Dragonite
|-damage|p2a: Dragonite|79/100
|-status|p2a: Dragonite|par
|move|p2b: Sneasler|Close Combat|p1b: Tyranitar
|-resisted|p1b: Tyranitar
|-damage|p1b: Tyranitar|75/100
|-unboost|p2b: Sneasler|def|1
|-unboost|p2b: Sneasler|spd|1
|move|p1b: Tyranitar|Rock Slide|p2b: Sneasler|[spread] p2a,p2b
|-supereffective|p2a: Dragonite
|-resisted|p2b: Sneasler
|-damage|p2a: Dragonite|17/100 par
|-damage|p2b: Sneasler|34/100
|move|p2a: Dragonite|Tailwind|p2a: Dragonite
|-sidestart|p2: furretusedpunch|move: Tailwind
|
|-weather|Sandstorm|[upkeep]
|-damage|p2b: Sneasler|27/100|[from] Sandstorm
|-damage|p1a: Sneasler|95/100|[from] Sandstorm
|-damage|p1b: Tyranitar|69/100|[from] Sandstorm
|-damage|p2a: Dragonite|12/100 par|[from] Sandstorm
|upkeep
|turn|4
|
|t:|1757648120
|switch|p1b: Excadrill|Excadrill, L50, M|100/100
|move|p2b: Sneasler|Dire Claw|p1b: Excadrill
|-immune|p1b: Excadrill
|move|p1a: Sneasler|Dire Claw|p2b: Sneasler
|-resisted|p2b: Sneasler
|-damage|p2b: Sneasler|0 fnt
|faint|p2b: Sneasler
|move|p2a: Dragonite|Stomping Tantrum|p1a: Sneasler
|-supereffective|p1a: Sneasler
|-damage|p1a: Sneasler|0 fnt
|faint|p1a: Sneasler
|
|-weather|Sandstorm|[upkeep]
|-damage|p2a: Dragonite|6/100 par|[from] Sandstorm
|-sideend|p1: Imissmyturtle|move: Tailwind
|upkeep
|
|t:|1757648148
|switch|p1a: Tyranitar|Tyranitar, L50, M, shiny, tera:Flying|69/100
|switch|p2b: Rillaboom|Rillaboom, L50, F|100/100
|-fieldstart|move: Grassy Terrain|[from] ability: Grassy Surge|[of] p2b: Rillaboom
|turn|5
|
|t:|1757648155
|move|p2b: Rillaboom|Fake Out|p1b: Excadrill
|-resisted|p1b: Excadrill
|-damage|p1b: Excadrill|92/100
|cant|p1b: Excadrill|flinch
|move|p1a: Tyranitar|Tera Blast|p2b: Rillaboom|[anim] Tera Blast Flying
|-supereffective|p2b: Rillaboom
|-damage|p2b: Rillaboom|13/100
|move|p2a: Dragonite|Scale Shot|p1a: Tyranitar
|-damage|p1a: Tyranitar|57/100
|-damage|p1a: Tyranitar|43/100
|-damage|p1a: Tyranitar|31/100
|-damage|p1a: Tyranitar|17/100
|-damage|p1a: Tyranitar|3/100
|-hitcount|p1a: Tyranitar|5
|-unboost|p2a: Dragonite|def|1
|-boost|p2a: Dragonite|spe|1
|
|-weather|Sandstorm|[upkeep]
|-damage|p2b: Rillaboom|7/100|[from] Sandstorm
|-damage|p2a: Dragonite|0 fnt|[from] Sandstorm
|-damage|p1a: Tyranitar|0 fnt|[from] Sandstorm
|faint|p2a: Dragonite
|faint|p1a: Tyranitar
|-heal|p1b: Excadrill|98/100|[from] Grassy Terrain
|-heal|p2b: Rillaboom|13/100|[from] Grassy Terrain
|upkeep
|
|t:|1757648164
|switch|p2a: Gholdengo|Gholdengo, L50|25/100
|turn|6
|
|t:|1757648183
|-terastallize|p2a: Gholdengo|Water
|move|p2b: Rillaboom|Grassy Glide|p1b: Excadrill
|-damage|p1b: Excadrill|49/100
|move|p1b: Excadrill|Earthquake|p2b: Rillaboom|[spread] p2a,p2b
|-resisted|p2b: Rillaboom
|-damage|p2a: Gholdengo|3/100
|-damage|p2b: Rillaboom|4/100
|move|p2a: Gholdengo|Shadow Ball|p1b: Excadrill
|-damage|p1b: Excadrill|0 fnt
|faint|p1b: Excadrill
|-damage|p2a: Gholdengo|0 fnt|[from] item: Life Orb
|faint|p2a: Gholdengo
|
|win|furretusedpunch
|raw|Imissmyturtle's rating: 1238 → 1219(-19 for losing)
|raw|furretusedpunch's rating: 1323 → 1338(+15 for winning)
