|j|☆BigMamaGaming
|j|☆neuesspielzeug
|html|BigMamaGamingneuesspielzeug    
|uhtml|bestof|Game 3 of a best-of-3
|t:|1782504161
|gametype|doubles
|player|p1|BigMamaGaming|acetrainerf-gen4dp|1062
|player|p2|neuesspielzeug|265|1000
|gen|9
|tier|[Gen 9 Champions] VGC 2026 Reg M-B (Bo3)
|rated|
|rule|Species Clause: Limit one of each Pokémon
|rule|Item Clause: Limit 1 of each item
|clearpoke
|poke|p1|Mimikyu, L50, F|
|poke|p1|Dragonite, L50, F|
|poke|p1|Basculegion, L50, M|
|poke|p1|Garchomp, L50, F|
|poke|p1|Torkoal, L50, M|
|poke|p1|Sylveon, L50, M|
|poke|p2|Mawile, L50, F|
|poke|p2|Ninetales-Alola, L50, M|
|poke|p2|Manectric, L50, F|
|poke|p2|Hydreigon, L50, M|
|poke|p2|Garchomp, L50, M|
|poke|p2|Rotom-Wash, L50|
|teampreview|4
|showteam|p1|Mimikyu||MentalHerb|Disguise|TrickRoom,PlayRough,ShadowSneak,Protect|Adamant||F|||50|]Dragonite||Dragoninite|Multiscale|Protect,Hurricane,DracoMeteor,DragonPulse|Modest||F|||50|]Basculegion||ChoiceScarf|Adaptability|LastRespects,Protect,WaveCrash,Liquidation|Adamant||M|||50|]Garchomp||Garchompite|RoughSkin|Earthquake,RockSlide,Protect,DragonClaw|Adamant||F|||50|]Torkoal||Charcoal|Drought|Protect,WeatherBall,HeatWave,HelpingHand|Bold||M|||50|]Sylveon||FairyFeather|Pixilate|HyperVoice,Detect,QuickAttack,HyperBeam|Sassy||M|||50|
|showteam|p2|Mawile||Mawilite|Intimidate|PlayRough,IronHead,SuckerPunch,Protect|Adamant||F|||50|]Ninetales-Alola||ChoiceScarf|SnowCloak|Blizzard,FreezeDry,Moonblast,Psyshock|Modest||M|||50|]Manectric||Manectite|LightningRod|Snarl,VoltSwitch,Protect,Flamethrower|Timid||F|||50|]Hydreigon||FocusSash|Levitate|DracoMeteor,Protect,Taunt,DarkPulse|Timid||M|||50|]Garchomp||LifeOrb|RoughSkin|DragonClaw,Protect,RockSlide,Earthquake|Adamant||M|||50|]Rotom-Wash||SitrusBerry|Levitate|WillOWisp,Thunderbolt,HydroPump,Protect|Modest|||||50|
|
|t:|1782504193
|teamsize|p1|4
|teamsize|p2|4
|start
|switch|p1a: Mimikyu|Mimikyu, L50, F|100/100
|switch|p1b: Torkoal|Torkoal, L50, M|100/100
|switch|p2a: Mawile|Mawile, L50, F|100/100
|switch|p2b: Rotom|Rotom-Wash, L50|100/100
|-ability|p2a: Mawile|Intimidate|boost
|-unboost|p1a: Mimikyu|atk|1
|-unboost|p1b: Torkoal|atk|1
|-weather|SunnyDay|[from] ability: Drought|[of] p1b: Torkoal
|turn|1
|
|t:|1782504209
|switch|p2a: Hydreigon|Hydreigon, L50, M|100/100
|move|p1b: Torkoal|Protect|p1b: Torkoal
|-singleturn|p1b: Torkoal|Protect
|move|p2b: Rotom|Thunderbolt|p1a: Mimikyu
|-activate|p1a: Mimikyu|ability: Disguise
|-damage|p1a: Mimikyu|100/100
|detailschange|p1a: Mimikyu|Mimikyu-Busted, L50, F
|-damage|p1a: Mimikyu|87/100|[from] pokemon: Mimikyu-Busted
|move|p1a: Mimikyu|Trick Room|p1a: Mimikyu
|-fieldstart|move: Trick Room|[of] p1a: Mimikyu
|
|-weather|SunnyDay|[upkeep]
|upkeep
|turn|2
|
|t:|1782504234
|switch|p1b: Sylveon|Sylveon, L50, M|100/100
|move|p2a: Hydreigon|Protect|p2a: Hydreigon
|-singleturn|p2a: Hydreigon|Protect
|move|p2b: Rotom|Thunderbolt|p1a: Mimikyu
|-damage|p1a: Mimikyu|43/100
|move|p1a: Mimikyu|Play Rough|p2a: Hydreigon
|-activate|p2a: Hydreigon|move: Protect
|
|-weather|SunnyDay|[upkeep]
|upkeep
|turn|3
|
|t:|1782504255
|switch|p2a: Ninetales|Ninetales-Alola, L50, M|100/100
|move|p1b: Sylveon|Hyper Beam|p2b: Rotom
|-damage|p2b: Rotom|22/100
|-mustrecharge|p1b: Sylveon
|-enditem|p2b: Rotom|Sitrus Berry|[eat]
|-heal|p2b: Rotom|47/100|[from] item: Sitrus Berry
|move|p2b: Rotom|Thunderbolt|p1a: Mimikyu
|-damage|p1a: Mimikyu|2/100
|move|p1a: Mimikyu|Play Rough|p2a: Ninetales|[miss]
|-miss|p1a: Mimikyu|p2a: Ninetales
|
|-weather|SunnyDay|[upkeep]
|upkeep
|turn|4
|
|t:|1782504275
|cant|p1b: Sylveon|recharge
|move|p2b: Rotom|Thunderbolt|p1a: Mimikyu
|-damage|p1a: Mimikyu|0 fnt
|faint|p1a: Mimikyu
|move|p2a: Ninetales|Moonblast|p1b: Sylveon
|-damage|p1b: Sylveon|77/100
|
|-weather|SunnyDay|[upkeep]
|upkeep
|
|t:|1782504289
|switch|p1a: Torkoal|Torkoal, L50, M|100/100
|turn|5
|
|t:|1782504302
|move|p1a: Torkoal|Helping Hand|p1b: Sylveon
|-singleturn|p1b: Sylveon|Helping Hand|[of] p1a: Torkoal
|move|p2b: Rotom|Protect|p2b: Rotom
|-singleturn|p2b: Rotom|Protect
|move|p1b: Sylveon|Hyper Voice|p2a: Ninetales|[spread] p2a
|-activate|p2b: Rotom|move: Protect
|-damage|p2a: Ninetales|28/100
|move|p2a: Ninetales|Moonblast|p1b: Sylveon
|-crit|p1b: Sylveon
|-damage|p1b: Sylveon|46/100
|
|-weather|none
|-fieldend|move: Trick Room
|upkeep
|turn|6
|
|t:|1782504325
|move|p1a: Torkoal|Protect|p1a: Torkoal
|-singleturn|p1a: Torkoal|Protect
|move|p1b: Sylveon|Quick Attack|p2a: Ninetales
|-damage|p2a: Ninetales|8/100
|move|p2a: Ninetales|Moonblast|p1b: Sylveon
|-damage|p1b: Sylveon|22/100
|move|p2b: Rotom|Thunderbolt|p1b: Sylveon
|-damage|p1b: Sylveon|1/100
|
|upkeep
|turn|7
|
|t:|1782504349
|move|p1a: Torkoal|Protect|p1a: Torkoal
|-singleturn|p1a: Torkoal|Protect
|move|p1b: Sylveon|Quick Attack|p2b: Rotom
|-damage|p2b: Rotom|33/100
|move|p2a: Ninetales|Moonblast|p1a: Torkoal
|-activate|p1a: Torkoal|move: Protect
|move|p2b: Rotom|Hydro Pump|p1a: Torkoal
|-activate|p1a: Torkoal|move: Protect
|
|upkeep
|turn|8
|
|t:|1782504365
|move|p1b: Sylveon|Quick Attack|p2a: Ninetales
|-damage|p2a: Ninetales|0 fnt
|faint|p2a: Ninetales
|move|p2b: Rotom|Hydro Pump|p1a: Torkoal
|-supereffective|p1a: Torkoal|1
|-damage|p1a: Torkoal|0 fnt
|faint|p1a: Torkoal
|
|upkeep
|
|t:|1782504375
|switch|p2a: Hydreigon|Hydreigon, L50, M|100/100
|switch|p1a: Garchomp|Garchomp, L50, F|100/100
|turn|9
|
|t:|1782504389
|detailschange|p1a: Garchomp|Garchomp-Mega, L50, F
|-mega|p1a: Garchomp|Garchomp|Garchompite
|move|p2a: Hydreigon|Protect|p2a: Hydreigon
|-singleturn|p2a: Hydreigon|Protect
|move|p2b: Rotom|Protect|p2b: Rotom
|-singleturn|p2b: Rotom|Protect
|move|p1b: Sylveon|Detect|p1b: Sylveon
|-singleturn|p1b: Sylveon|Protect
|move|p1a: Garchomp|Dragon Claw|p2a: Hydreigon
|-activate|p2a: Hydreigon|move: Protect
|
|upkeep
|turn|10
|
|t:|1782504415
|move|p1b: Sylveon|Quick Attack|p2a: Hydreigon
|-supereffective|p2a: Hydreigon|2
|-damage|p2a: Hydreigon|28/100
|move|p2a: Hydreigon|Draco Meteor|p1a: Garchomp
|-supereffective|p1a: Garchomp|1
|-damage|p1a: Garchomp|0 fnt
|-unboost|p2a: Hydreigon|spa|2
|faint|p1a: Garchomp
|move|p2b: Rotom|Thunderbolt|p1b: Sylveon
|-damage|p1b: Sylveon|0 fnt
|faint|p1b: Sylveon
|
|win|neuesspielzeug
|raw|BigMamaGaming's rating: 1062 → 1039(-23 for losing)
|raw|neuesspielzeug's rating: 1000 → 1047(+47 for winning)
