|j|☆trchlt1
|j|☆Lucario Palworld
|html|trchlt1Lucario Palworld    
|uhtml|bestof|Game 1 of a best-of-3
|t:|1757702784
|gametype|doubles
|player|p1|trchlt1|265|1395
|player|p2|Lucario Palworld|1|1389
|gen|9
|tier|[Gen 9] VGC 2025 Reg H (Bo3)
|rated|
|rule|Species Clause: Limit one of each Pokémon
|rule|Item Clause: Limit 1 of each item
|clearpoke
|poke|p1|Whimsicott, L50, M|
|poke|p1|Gholdengo, L50|
|poke|p1|Sneasler, L50, M|
|poke|p1|Garchomp, L50, M|
|poke|p1|Dragonite, L50, M|
|poke|p1|Incineroar, L50, M|
|poke|p2|Whimsicott, L50, M|
|poke|p2|Pelipper, L50, F|
|poke|p2|Tatsugiri, L50, F|
|poke|p2|Dondozo, L50, M|
|poke|p2|Gholdengo, L50|
|poke|p2|Perrserker, L50, M|
|teampreview|4
|showteam|p1|Whimsicott||FocusSash|Prankster|Protect,Moonblast,Tailwind,Encore|||M|||50|,,,,,Ghost]Gholdengo||ChoiceSpecs|GoodasGold|MakeItRain,ShadowBall,Trick,PowerGem||||||50|,,,,,Steel]Sneasler||WhiteHerb|Unburden|Protect,DireClaw,CloseCombat,FakeOut|||M|||50|,,,,,Stellar]Garchomp||LifeOrb|RoughSkin|Protect,Earthquake,StompingTantrum,DragonClaw|||M|||50|,,,,,Ground]Dragonite||ChoiceBand|InnerFocus|ExtremeSpeed,Outrage,IceSpinner,StompingTantrum|||M|||50|,,,,,Normal]Incineroar||AssaultVest|Intimidate|FlareBlitz,KnockOff,Uturn,FakeOut|||M|||50|,,,,,Grass
|showteam|p2|Whimsicott||CovertCloak|Prankster|Moonblast,LightScreen,Tailwind,Encore|||M|||50|,,,,,Fire]Pelipper||FocusSash|Drizzle|Hurricane,WeatherBall,Tailwind,WideGuard|||F|||50|,,,,,Ghost]Tatsugiri||ChoiceScarf|Commander|MuddyWater,DracoMeteor,DragonPulse,IcyWind|||F|||50|,,,,,Steel]Dondozo||ClearAmulet|Unaware|Earthquake,WaveCrash,OrderUp,Protect|||M|||50|,,,,,Grass]Gholdengo||ChoiceSpecs|GoodasGold|ShadowBall,MakeItRain,FocusBlast,Thunderbolt||||||50|,,,,,Steel]Perrserker||ChopleBerry|SteelySpirit|FakeOut,IronHead,Taunt,KnockOff|||M|||50|,,,,,Steel
|inactive|Battle timer is ON: inactive players will automatically lose when time's up. (requested by trchlt1)
|inactive|trchlt1 has 60 seconds left.
|
|t:|1757702837
|teamsize|p1|4
|teamsize|p2|4
|start
|switch|p1a: Whimsicott|Whimsicott, L50, M|100/100
|switch|p1b: Gholdengo|Gholdengo, L50|100/100
|switch|p2a: Dondozo|Dondozo, L50, M|100/100
|switch|p2b: Gholdengo|Gholdengo, L50|100/100
|turn|1
|inactive|trchlt1 has 30 seconds left.
|inactive|trchlt1 has 20 seconds left.
|
|t:|1757702874
|-terastallize|p2b: Gholdengo|Steel
|-terastallize|p1b: Gholdengo|Steel
|move|p1a: Whimsicott|Tailwind|p1a: Whimsicott
|-sidestart|p1: trchlt1|move: Tailwind
|move|p1b: Gholdengo|Make It Rain|p2b: Gholdengo|[spread] p2a,p2b
|-resisted|p2a: Dondozo
|-resisted|p2b: Gholdengo
|-damage|p2a: Dondozo|41/100
|-damage|p2b: Gholdengo|40/100
|-unboost|p1b: Gholdengo|spa|1
|move|p2b: Gholdengo|Make It Rain|p1b: Gholdengo|[spread] p1a,p1b
|-supereffective|p1a: Whimsicott
|-resisted|p1b: Gholdengo
|-enditem|p1a: Whimsicott|Focus Sash
|-damage|p1a: Whimsicott|1/100
|-damage|p1b: Gholdengo|37/100
|-unboost|p2b: Gholdengo|spa|1
|move|p2a: Dondozo|Earthquake|p1a: Whimsicott|[spread] p2b,p1a,p1b
|-supereffective|p2b: Gholdengo
|-resisted|p1a: Whimsicott
|-supereffective|p1b: Gholdengo
|-damage|p2b: Gholdengo|0 fnt
|-damage|p1a: Whimsicott|0 fnt
|-damage|p1b: Gholdengo|0 fnt
|faint|p2b: Gholdengo
|faint|p1a: Whimsicott
|faint|p1b: Gholdengo
|
|upkeep
|
|t:|1757702896
|switch|p1a: Incineroar|Incineroar, L50, M|100/100
|switch|p2b: Whimsicott|Whimsicott, L50, M|100/100
|switch|p1b: Sneasler|Sneasler, L50, M|100/100
|-ability|p1a: Incineroar|Intimidate|boost
|-fail|p2a: Dondozo|unboost|[from] item: Clear Amulet|[of] p2a: Dondozo
|-unboost|p2b: Whimsicott|atk|1
|turn|2
|
|t:|1757702912
|move|p2a: Dondozo|Protect|p2a: Dondozo
|-singleturn|p2a: Dondozo|Protect
|move|p1a: Incineroar|Fake Out|p2a: Dondozo
|-activate|p2a: Dondozo|move: Protect
|move|p2b: Whimsicott|Tailwind|p2b: Whimsicott
|-sidestart|p2: Lucario Palworld|move: Tailwind
|move|p1b: Sneasler|Dire Claw|p2b: Whimsicott
|-supereffective|p2b: Whimsicott
|-damage|p2b: Whimsicott|0 fnt
|faint|p2b: Whimsicott
|
|upkeep
|
|t:|1757702920
|switch|p2b: Tatsugiri|Tatsugiri, L50, F|100/100
|-activate|p2b: Tatsugiri|ability: Commander|[of] p2a: Dondozo
|-boost|p2a: Dondozo|atk|2
|-boost|p2a: Dondozo|spa|2
|-boost|p2a: Dondozo|spe|2
|-boost|p2a: Dondozo|def|2
|-boost|p2a: Dondozo|spd|2
|turn|3
|
|t:|1757702931
|move|p1b: Sneasler|Dire Claw|p2a: Dondozo
|-damage|p2a: Dondozo|25/100
|-status|p2a: Dondozo|par
|move|p1a: Incineroar|Knock Off|p2a: Dondozo
|-damage|p2a: Dondozo|9/100 par
|-enditem|p2a: Dondozo|Clear Amulet|[from] move: Knock Off|[of] p1a: Incineroar
|move|p2a: Dondozo|Earthquake|p1a: Incineroar|[spread] p1a,p1b
|-miss|p2a: Dondozo|p2b: Tatsugiri
|-supereffective|p1a: Incineroar
|-supereffective|p1b: Sneasler
|-damage|p1a: Incineroar|13/100
|-damage|p1b: Sneasler|0 fnt
|faint|p1b: Sneasler
|
|upkeep
|turn|4
|
|t:|1757702946
|move|p1a: Incineroar|Knock Off|p2a: Dondozo
|-damage|p2a: Dondozo|0 fnt
|faint|p2a: Dondozo
|
|-sideend|p1: trchlt1|move: Tailwind
|upkeep
|turn|5
|
|t:|1757702952
|move|p2b: Tatsugiri|Dragon Pulse|p1a: Incineroar
|-damage|p1a: Incineroar|0 fnt
|faint|p1a: Incineroar
|
|win|Lucario Palworld
||trchlt1 is ready for game 2.
|inactive|Lucario Palworld has 30 seconds to confirm battle start!
||Lucario Palworld is ready for game 2.
|uhtml|next|Next: Game 2 of 3
