|j|☆bluntmaster9000
|j|☆Gentlefish
|html|bluntmaster9000Gentlefish    
|uhtml|bestof|Game 2 of a best-of-3
|t:|1756582357
|gametype|doubles
|player|p1|bluntmaster9000|101|1139
|player|p2|Gentlefish|burglar-gen1rb|1095
|gen|9
|tier|[Gen 9] VGC 2025 Reg H (Bo3)
|rated|
|rule|Species Clause: Limit one of each Pokémon
|rule|Item Clause: Limit 1 of each item
|clearpoke
|poke|p1|Gholdengo, L50|
|poke|p1|Tyranitar, L50, M|
|poke|p1|Amoonguss, L50, M|
|poke|p1|Sneasler, L50, M|
|poke|p1|Salamence, L50, M|
|poke|p1|Volcarona, L50, M|
|poke|p2|Garchomp, L50, M|
|poke|p2|Weezing-Galar, L50, F|
|poke|p2|Archaludon, L50, F|
|poke|p2|Gholdengo, L50|
|poke|p2|Talonflame, L50, M|
|poke|p2|Annihilape, L50, M|
|teampreview|4
|showteam|p1|Gholdengo||LifeOrb|GoodasGold|MakeItRain,ShadowBall,NastyPlot,Protect||||||50|,,,,,Water]Tyranitar||LoadedDice|SandStream|RockBlast,KnockOff,Taunt,LowKick|||M|||50|,,,,,Ghost]Amoonguss||SitrusBerry|Regenerator|Spore,PollenPuff,Protect,RagePowder|||M|||50|,,,,,Water]Sneasler||WhiteHerb|Unburden|DireClaw,CloseCombat,FakeOut,Protect|||M|||50|,,,,,Stellar]Salamence||AssaultVest|Intimidate|DracoMeteor,DragonPulse,HeatWave,Hurricane|||M|||50|,,,,,Fire]Volcarona||CovertCloak|FlameBody|Overheat,RagePowder,Tailwind,StruggleBug|||M|||50|,,,,,Grass
|showteam|p2|Garchomp||LifeOrb|RoughSkin|DragonClaw,Earthquake,StompingTantrum,Protect|||M|||50|,,,,,Ground]Weezing-Galar||FocusSash|NeutralizingGas|Protect,SludgeBomb,Taunt,StrangeSteam|||F|||50|,,,,,Flying]Archaludon||PowerHerb|Sturdy|ElectroShot,Thunderbolt,DracoMeteor,Protect|||F|||50|,,,,,Electric]Gholdengo||ChoiceSpecs|GoodasGold|ShadowBall,DazzlingGleam,PowerGem,MakeItRain||||||50|,,,,,Fairy]Talonflame||CovertCloak|GaleWings|Tailwind,DualWingbeat,Taunt,FlareBlitz|||M|||50|,,,,,Stellar]Annihilape||AssaultVest|Defiant|CloseCombat,RageFist,FinalGambit,IcePunch|||M|||50|,,,,,Grass
|inactive|Battle timer is ON: inactive players will automatically lose when time's up. (requested by bluntmaster9000)
|inactive|Gentlefish has 60 seconds left.
|
|t:|1756582413
|teamsize|p1|4
|teamsize|p2|4
|start
|switch|p1a: Sneasler|Sneasler, L50, M|100/100
|switch|p1b: Volcarona|Volcarona, L50, M|100/100
|switch|p2a: Talonflame|Talonflame, L50, M|100/100
|switch|p2b: Garchomp|Garchomp, L50, M|100/100
|turn|1
|inactive|Gentlefish has 30 seconds left.
|inactive|Gentlefish has 20 seconds left.
|inactive|Gentlefish has 15 seconds left.
|
|t:|1756582454
|move|p1a: Sneasler|Fake Out|p2b: Garchomp
|-damage|p2b: Garchomp|85/100
|-damage|p1a: Sneasler|88/100|[from] ability: Rough Skin|[of] p2b: Garchomp
|move|p2a: Talonflame|Tailwind|p2a: Talonflame
|-sidestart|p2: Gentlefish|move: Tailwind
|cant|p2b: Garchomp|flinch
|move|p1b: Volcarona|Tailwind|p1b: Volcarona
|-sidestart|p1: bluntmaster9000|move: Tailwind
|
|upkeep
|turn|2
|inactive|bluntmaster9000 has 30 seconds left.
|
|t:|1756582486
|-terastallize|p1a: Sneasler|Stellar
|move|p1b: Volcarona|Rage Powder|p1b: Volcarona
|-singleturn|p1b: Volcarona|move: Rage Powder
|move|p2a: Talonflame|Dual Wingbeat|p1b: Volcarona
|-supereffective|p1b: Volcarona
|-damage|p1b: Volcarona|71/100
|-supereffective|p1b: Volcarona
|-damage|p1b: Volcarona|40/100
|-hitcount|p1b: Volcarona|2
|move|p1a: Sneasler|Close Combat|p2b: Garchomp
|-damage|p2b: Garchomp|0 fnt
|-unboost|p1a: Sneasler|def|1
|-unboost|p1a: Sneasler|spd|1
|-damage|p1a: Sneasler|76/100|[from] ability: Rough Skin|[of] p2b: Garchomp
|faint|p2b: Garchomp
|-enditem|p1a: Sneasler|White Herb
|-clearnegativeboost|p1a: Sneasler|[silent]
|
|upkeep
|
|t:|1756582494
|switch|p2b: Annihilape|Annihilape, L50, M|100/100
|turn|3
|inactive|Gentlefish has 30 seconds left.
|inactive|bluntmaster9000 has 30 seconds left.
|inactive|Gentlefish has 20 seconds left.
|
|t:|1756582529
|switch|p2a: Gholdengo|Gholdengo, L50|100/100
|move|p1b: Volcarona|Rage Powder|p1b: Volcarona
|-singleturn|p1b: Volcarona|move: Rage Powder
|move|p1a: Sneasler|Dire Claw|p2b: Annihilape
|-resisted|p2b: Annihilape
|-damage|p2b: Annihilape|69/100
|move|p2b: Annihilape|Final Gambit|p1b: Volcarona
|-damage|p1b: Volcarona|0 fnt
|faint|p2b: Annihilape
|faint|p1b: Volcarona
|
|upkeep
|
|t:|1756582550
|switch|p2b: Talonflame|Talonflame, L50, M|100/100
|switch|p1b: Salamence|Salamence, L50, M|100/100
|-ability|p1b: Salamence|Intimidate|boost
|-unboost|p2a: Gholdengo|atk|1
|-unboost|p2b: Talonflame|atk|1
|turn|4
|
|t:|1756582565
|-terastallize|p2a: Gholdengo|Fairy
|move|p2b: Talonflame|Dual Wingbeat|p1a: Sneasler|[miss]
|-miss|p2b: Talonflame|p1a: Sneasler
|move|p1a: Sneasler|Dire Claw|p2b: Talonflame
|-damage|p2b: Talonflame|27/100
|move|p1b: Salamence|Heat Wave|p2a: Gholdengo|[spread] p2a,p2b
|-resisted|p2b: Talonflame
|-damage|p2a: Gholdengo|72/100
|-damage|p2b: Talonflame|8/100
|move|p2a: Gholdengo|Dazzling Gleam|p1a: Sneasler|[spread] p1a,p1b
|-supereffective|p1b: Salamence
|-damage|p1a: Sneasler|12/100
|-damage|p1b: Salamence|23/100
|
|-sideend|p1: bluntmaster9000|move: Tailwind
|-sideend|p2: Gentlefish|move: Tailwind
|upkeep
|turn|5
|inactive|bluntmaster9000 has 30 seconds left.
|
|t:|1756582592
|move|p1a: Sneasler|Dire Claw|p2a: Gholdengo
|-supereffective|p2a: Gholdengo
|-damage|p2a: Gholdengo|0 fnt
|faint|p2a: Gholdengo
|move|p2b: Talonflame|Dual Wingbeat|p1b: Salamence
|-damage|p1b: Salamence|9/100
|-damage|p1b: Salamence|0 fnt
|faint|p1b: Salamence
|-hitcount|p1: Salamence|2
|
|upkeep
|
|t:|1756582600
|switch|p1b: Tyranitar|Tyranitar, L50, M|100/100
|-weather|Sandstorm|[from] ability: Sand Stream|[of] p1b: Tyranitar
|turn|6
|-message|Gentlefish forfeited.
|
|win|bluntmaster9000
|raw|bluntmaster9000's rating: 1139 → 1161(+22 for winning)
|raw|Gentlefish's rating: 1095 → 1074(-21 for losing)
