|j|☆erickpoux
|j|☆Lkizzz
|html|erickpouxLkizzz    
|uhtml|bestof|Game 1 of a best-of-3
|t:|1756164306
|gametype|doubles
|player|p1|erickpoux|nate|1112
|player|p2|Lkizzz|swimmer-gen4dp|1108
|gen|9
|tier|[Gen 9] VGC 2025 Reg H (Bo3)
|rated|
|rule|Species Clause: Limit one of each Pokémon
|rule|Item Clause: Limit 1 of each item
|clearpoke
|poke|p1|Volcarona, L50, F|
|poke|p1|Rillaboom, L50, M|
|poke|p1|Electabuzz, L50, M|
|poke|p1|Dragonite, L50, M|
|poke|p1|Ursaluna-Bloodmoon, L50, M|
|poke|p1|Whimsicott, L50, M|
|poke|p2|Porygon2, L50|
|poke|p2|Ursaluna, L50, F|
|poke|p2|Amoonguss, L50, F|
|poke|p2|Incineroar, L50, F|
|poke|p2|Basculegion, L50, M|
|poke|p2|Dragonite, L50, F|
|teampreview|4
|showteam|p1|Volcarona||CovertCloak|FlameBody|GigaDrain,HeatWave,QuiverDance,Protect|||F|||50|,,,,,Grass]Rillaboom||MiracleSeed|GrassySurge|WoodHammer,GrassyGlide,Uturn,FakeOut|||M|||50|,,,,,Grass]Electabuzz||Eviolite|VitalSpirit|FollowMe,Protect,Electroweb,Taunt|||M|||50|,,,,,Ghost]Dragonite||LoadedDice|Multiscale|ScaleShot,Tailwind,Haze,Protect|||M|||50|,,,,,Fairy]Ursaluna-Bloodmoon||LifeOrb|MindsEye|BloodMoon,EarthPower,HyperVoice,Protect|||M|||50|,,,,,Normal]Whimsicott||FocusSash|Prankster|Tailwind,Taunt,Moonblast,FakeTears|||M|||50|,,,,,Ghost
|showteam|p2|Porygon2||Eviolite|Download|TrickRoom,Recover,TeraBlast,IceBeam||||||50|,,,,,Flying]Ursaluna||FlameOrb|Guts|Protect,Facade,HeadlongRush,Earthquake|||F|||50|,,,,,Ghost]Amoonguss||RockyHelmet|Regenerator|Protect,Spore,RagePowder,PollenPuff|||F|||50|,,,,,Water]Incineroar||SafetyGoggles|Intimidate|FakeOut,KnockOff,FlareBlitz,PartingShot|||F|||50|,,,,,Ghost]Basculegion||ChoiceScarf|Adaptability|WaveCrash,AquaJet,LastRespects,FlipTurn|||M|||50|,,,,,Water]Dragonite||LoadedDice|Multiscale|Protect,ScaleShot,Haze,Tailwind|||F|||50|,,,,,Fairy
|
|t:|1756164349
|teamsize|p1|4
|teamsize|p2|4
|start
|switch|p1a: Rillaboom|Rillaboom, L50, M|100/100
|switch|p1b: Electabuzz|Electabuzz, L50, M|100/100
|switch|p2a: Big G|Incineroar, L50, F|100/100
|switch|p2b: Dragonite|Dragonite, L50, F|100/100
|-fieldstart|move: Grassy Terrain|[from] ability: Grassy Surge|[of] p1a: Rillaboom
|-ability|p2a: Big G|Intimidate|boost
|-unboost|p1a: Rillaboom|atk|1
|-unboost|p1b: Electabuzz|atk|1
|turn|1
|
|t:|1756164384
|move|p2b: Dragonite|Protect|p2b: Dragonite
|-singleturn|p2b: Dragonite|Protect
|move|p1a: Rillaboom|Fake Out|p2b: Dragonite
|-activate|p2b: Dragonite|move: Protect
|move|p1b: Electabuzz|Electroweb|p2b: Dragonite|[spread] p2a
|-activate|p2b: Dragonite|move: Protect
|-damage|p2a: Big G|88/100
|-unboost|p2a: Big G|spe|1
|move|p2a: Big G|Knock Off|p1b: Electabuzz
|-damage|p1b: Electabuzz|70/100
|-enditem|p1b: Electabuzz|Eviolite|[from] move: Knock Off|[of] p2a: Big G
|
|-heal|p1b: Electabuzz|76/100|[from] Grassy Terrain
|-heal|p2a: Big G|94/100|[from] Grassy Terrain
|upkeep
|turn|2
|
|t:|1756164414
|switch|p2b: Ursaluna|Ursaluna, L50, F|100/100
|move|p1b: Electabuzz|Protect|p1b: Electabuzz
|-singleturn|p1b: Electabuzz|Protect
|move|p1a: Rillaboom|U-turn|p2b: Ursaluna
|-damage|p2b: Ursaluna|86/100
|
|t:|1756164420
|switch|p1a: Volcarona|Volcarona, L50, F|100/100|[from] U-turn
|move|p2a: Big G|Flare Blitz|p1a: Volcarona
|-damage|p1a: Volcarona|40/100
|-damage|p2a: Big G|78/100|[from] Recoil
|
|-heal|p1b: Electabuzz|82/100|[from] Grassy Terrain
|-heal|p1a: Volcarona|46/100|[from] Grassy Terrain
|-heal|p2b: Ursaluna|93/100|[from] Grassy Terrain
|-heal|p2a: Big G|84/100|[from] Grassy Terrain
|-status|p2b: Ursaluna|brn|[from] item: Flame Orb
|upkeep
|turn|3
|
|t:|1756164453
|-terastallize|p1a: Volcarona|Grass
|move|p1b: Electabuzz|Follow Me|p1b: Electabuzz
|-singleturn|p1b: Electabuzz|move: Follow Me
|move|p1a: Volcarona|Giga Drain|p2b: Ursaluna
|-supereffective|p2b: Ursaluna
|-damage|p2b: Ursaluna|0 fnt
|-heal|p1a: Volcarona|100/100|[from] drain|[of] p2b: Ursaluna
|faint|p2b: Ursaluna
|move|p2a: Big G|Flare Blitz|p1b: Electabuzz
|-damage|p1b: Electabuzz|31/100
|-damage|p2a: Big G|70/100|[from] Recoil
|
|-heal|p1b: Electabuzz|37/100|[from] Grassy Terrain
|-heal|p2a: Big G|76/100|[from] Grassy Terrain
|upkeep
|
|t:|1756164465
|switch|p2b: Dragonite|Dragonite, L50, F|100/100
|turn|4
|
|t:|1756164473
|move|p2b: Dragonite|Scale Shot|p1b: Electabuzz
|-damage|p1b: Electabuzz|23/100
|-damage|p1b: Electabuzz|8/100
|-damage|p1b: Electabuzz|0 fnt
|faint|p1b: Electabuzz
|-hitcount|p1: Electabuzz|3
|-unboost|p2b: Dragonite|def|1
|-boost|p2b: Dragonite|spe|1
|move|p1a: Volcarona|Quiver Dance|p1a: Volcarona
|-boost|p1a: Volcarona|spa|1
|-boost|p1a: Volcarona|spd|1
|-boost|p1a: Volcarona|spe|1
|move|p2a: Big G|Flare Blitz|p1a: Volcarona
|-supereffective|p1a: Volcarona
|-damage|p1a: Volcarona|0 fnt
|faint|p1a: Volcarona
|-damage|p2a: Big G|49/100|[from] Recoil
|
|-heal|p2a: Big G|55/100|[from] Grassy Terrain
|upkeep
|
|t:|1756164476
|switch|p1b: Ursaluna|Ursaluna-Bloodmoon, L50, M|100/100
|switch|p1a: Rillaboom|Rillaboom, L50, M|100/100
|turn|5
|
|t:|1756164542
|move|p2b: Dragonite|Protect|p2b: Dragonite
|-singleturn|p2b: Dragonite|Protect
|move|p1a: Rillaboom|Fake Out|p2b: Dragonite
|-activate|p2b: Dragonite|move: Protect
|move|p1b: Ursaluna|Hyper Voice|p2a: Big G|[spread] p2a
|-activate|p2b: Dragonite|move: Protect
|-crit|p2a: Big G
|-damage|p2a: Big G|0 fnt
|faint|p2a: Big G
|-damage|p1b: Ursaluna|91/100|[from] item: Life Orb
|
|-heal|p1b: Ursaluna|97/100|[from] Grassy Terrain
|-fieldend|move: Grassy Terrain
|upkeep
|
|t:|1756164551
|switch|p2a: Basculegion|Basculegion, L50, M|100/100
|turn|6
|
|t:|1756164573
|-terastallize|p2a: Basculegion|Water
|move|p1b: Ursaluna|Protect|p1b: Ursaluna
|-singleturn|p1b: Ursaluna|Protect
|move|p2b: Dragonite|Scale Shot|p1a: Rillaboom
|-damage|p1a: Rillaboom|83/100
|-damage|p1a: Rillaboom|68/100
|-damage|p1a: Rillaboom|52/100
|-damage|p1a: Rillaboom|37/100
|-hitcount|p1a: Rillaboom|4
|-unboost|p2b: Dragonite|def|1
|-boost|p2b: Dragonite|spe|1
|move|p2a: Basculegion|Wave Crash|p1a: Rillaboom
|-resisted|p1a: Rillaboom
|-damage|p1a: Rillaboom|0 fnt
|faint|p1a: Rillaboom
|-damage|p2a: Basculegion|90/100|[from] Recoil
|
|upkeep
|turn|7
|
|t:|1756164591
|move|p2b: Dragonite|Scale Shot|p1b: Ursaluna
|-damage|p1b: Ursaluna|87/100
|-damage|p1b: Ursaluna|76/100
|-crit|p1b: Ursaluna
|-damage|p1b: Ursaluna|60/100
|-damage|p1b: Ursaluna|49/100
|-hitcount|p1b: Ursaluna|4
|-unboost|p2b: Dragonite|def|1
|-boost|p2b: Dragonite|spe|1
|move|p2a: Basculegion|Wave Crash|p1b: Ursaluna
|-supereffective|p1b: Ursaluna
|-damage|p1b: Ursaluna|0 fnt
|faint|p1b: Ursaluna
|-damage|p2a: Basculegion|74/100|[from] Recoil
|
|win|Lkizzz
||erickpoux is ready for game 2.
|inactive|Lkizzz has 30 seconds to confirm battle start!
||Lkizzz is ready for game 2.
|uhtml|next|Next: Game 2 of 3
|l|☆Lkizzz
|player|p2|
