|j|☆hollowkarma
|j|☆HelgitheLean
|html|hollowkarmaHelgitheLean    
|uhtml|bestof|Game 3 of a best-of-3
|t:|1783177757
|gametype|doubles
|player|p1|hollowkarma|n|1196
|player|p2|HelgitheLean|brawly|1191
|gen|9
|tier|[Gen 9 Champions] VGC 2026 Reg M-B (Bo3)
|rated|
|rule|Species Clause: Limit one of each Pokémon
|rule|Item Clause: Limit 1 of each item
|clearpoke
|poke|p1|Gengar, L50, M, shiny|
|poke|p1|Incineroar, L50, M, shiny|
|poke|p1|Scrafty, L50, M, shiny|
|poke|p1|Gholdengo, L50, shiny|
|poke|p1|Abomasnow, L50, M, shiny|
|poke|p1|Maushold-Four, L50, shiny|
|poke|p2|Swampert, L50, M|
|poke|p2|Archaludon, L50, M|
|poke|p2|Sinistcha-Masterpiece, L50|
|poke|p2|Grimmsnarl, L50, M|
|poke|p2|Pelipper, L50, M|
|poke|p2|Umbreon, L50, M|
|teampreview|4
|showteam|p1|Gengar||Gengarite|CursedBody|ShadowBall,Disable,PerishSong,Protect|Timid||M|||50|]Incineroar||ChopleBerry|Intimidate|FakeOut,ThroatChop,PartingShot,Protect|Careful||M|||50|]Scrafty||SitrusBerry|Intimidate|FakeOut,KnockOff,DrainPunch,Detect|Adamant||M|||50|]Gholdengo||LifeOrb|GoodasGold|MakeItRain,ShadowBall,NastyPlot,Protect|Modest|||||50|]Abomasnow||OccaBerry|SnowWarning|Blizzard,AuroraVeil,EnergyBall,Protect|Modest||M|||50|]Maushold-Four||WideLens|FriendGuard|PopulationBomb,Uturn,FollowMe,Protect|Jolly|||||50|
|showteam|p2|Swampert||Swampertite|Damp|IcePunch,WaveCrash,Earthquake,Protect|Adamant||M|||50|]Archaludon||Leftovers|Stamina|Snarl,ElectroShot,FlashCannon,Protect|Calm||M|||50|]Sinistcha-Masterpiece||KasibBerry|Hospitality|MatchaGotcha,LifeDew,RagePowder,StrengthSap|Bold|||||50|]Grimmsnarl||LightClay|Prankster|PartingShot,Reflect,LightScreen,SpiritBreak|Careful||M|||50|]Pelipper||FocusSash|Drizzle|Hurricane,WeatherBall,Tailwind,Protect|Modest||M|||50|]Umbreon||BrightPowder|InnerFocus|FoulPlay,Toxic,Roar,Taunt|Impish||M|||50|
|inactive|Battle timer is ON: inactive players will automatically lose when time's up. (requested by hollowkarma)
|
|t:|1783177804
|teamsize|p1|4
|teamsize|p2|4
|start
|switch|p1a: Doppio|Gengar, L50, M, shiny|100/100
|switch|p1b: Breve|Maushold-Four, L50, shiny|100/100
|switch|p2a: Pelipper|Pelipper, L50, M|100/100
|switch|p2b: Swampert|Swampert, L50, M|100/100
|-weather|RainDance|[from] ability: Drizzle|[of] p2a: Pelipper
|turn|1
|
|t:|1783177813
|switch|p1b: Piccolo|Scrafty, L50, M, shiny|100/100
|-ability|p1b: Piccolo|Intimidate|boost
|-unboost|p2a: Pelipper|atk|1
|-unboost|p2b: Swampert|atk|1
|detailschange|p1a: Doppio|Gengar-Mega, L50, M, shiny
|-mega|p1a: Doppio|Gengar|Gengarite
|detailschange|p2b: Swampert|Swampert-Mega, L50, M
|-mega|p2b: Swampert|Swampert|Swampertite
|move|p1a: Doppio|Protect|p1a: Doppio
|-singleturn|p1a: Doppio|Protect
|move|p2b: Swampert|Earthquake|p1b: Piccolo|[spread] p1b
|-activate|p1a: Doppio|move: Protect
|-immune|p2a: Pelipper
|-damage|p1b: Piccolo|73/100
|move|p2a: Pelipper|Weather Ball|p1a: Doppio
|-activate|p1a: Doppio|move: Protect
|
|-weather|RainDance|[upkeep]
|upkeep
|turn|2
|
|t:|1783177821
|move|p1b: Piccolo|Fake Out|p2b: Swampert
|-damage|p2b: Swampert|90/100
|cant|p2b: Swampert|flinch
|move|p1a: Doppio|Perish Song|p1a: Doppio
|-start|p1a: Doppio|perish3|[silent]
|-start|p1b: Piccolo|perish3|[silent]
|-start|p2a: Pelipper|perish3|[silent]
|-start|p2b: Swampert|perish3|[silent]
|-fieldactivate|move: Perish Song
|move|p2a: Pelipper|Hurricane|p1b: Piccolo
|-supereffective|p1b: Piccolo|1
|-damage|p1b: Piccolo|0 fnt
|faint|p1b: Piccolo
|
|-weather|RainDance|[upkeep]
|-start|p2b: Swampert|perish3
|-start|p1a: Doppio|perish3
|-start|p2a: Pelipper|perish3
|upkeep
|
|t:|1783177833
|switch|p1b: Wolfey|Incineroar, L50, M, shiny|100/100
|-ability|p1b: Wolfey|Intimidate|boost
|-unboost|p2a: Pelipper|atk|1
|-unboost|p2b: Swampert|atk|1
|turn|3
|
|t:|1783177845
|move|p1a: Doppio|Protect|p1a: Doppio
|-singleturn|p1a: Doppio|Protect
|move|p1b: Wolfey|Protect|p1b: Wolfey
|-singleturn|p1b: Wolfey|Protect
|move|p2b: Swampert|Earthquake|p1a: Doppio|[spread] 
|-activate|p1a: Doppio|move: Protect
|-activate|p1b: Wolfey|move: Protect
|-immune|p2a: Pelipper
|move|p2a: Pelipper|Tailwind|p2a: Pelipper
|-sidestart|p2: HelgitheLean|move: Tailwind
|
|-weather|RainDance|[upkeep]
|-start|p2b: Swampert|perish2
|-start|p2a: Pelipper|perish2
|-start|p1a: Doppio|perish2
|upkeep
|turn|4
|inactive|HelgitheLean has 30 seconds left.
|inactive|HelgitheLean has 20 seconds left.
|inactive|HelgitheLean has 15 seconds left.
|
|t:|1783177889
|switch|p1a: Breve|Maushold-Four, L50, shiny|100/100
|move|p2b: Swampert|Protect|p2b: Swampert
|-singleturn|p2b: Swampert|Protect
|move|p2a: Pelipper|Protect|p2a: Pelipper
|-singleturn|p2a: Pelipper|Protect
|move|p1b: Wolfey|Parting Shot|p1a: Breve
|-unboost|p1a: Breve|atk|1
|-unboost|p1a: Breve|spa|1
|
|t:|1783177897
|switch|p1b: Doppio|Gengar-Mega, L50, M, shiny|100/100|[from] Parting Shot
|
|-weather|RainDance|[upkeep]
|-start|p2b: Swampert|perish1
|-start|p2a: Pelipper|perish1
|upkeep
|turn|5
|-message|HelgitheLean forfeited.
|
|win|hollowkarma
|raw|hollowkarma's rating: 1196 → 1221(+25 for winning)
|raw|HelgitheLean's rating: 1191 → 1166(-25 for losing)
|l|☆HelgitheLean
|player|p2|
|c|☆hollowkarma|BOOM
|c|☆hollowkarma|HAHAHA
