|j|☆ghianystbones
|j|☆endertytar
|html|ghianystbonesendertytar    
|uhtml|bestof|Game 3 of a best-of-3
|t:|1756312687
|gametype|doubles
|player|p1|ghianystbones|101|1122
|player|p2|endertytar|hugh|1171
|gen|9
|tier|[Gen 9] VGC 2025 Reg H (Bo3)
|rated|
|rule|Species Clause: Limit one of each Pokémon
|rule|Item Clause: Limit 1 of each item
|clearpoke
|poke|p1|Incineroar, L50, M|
|poke|p1|Dragonite, L50, M|
|poke|p1|Gholdengo, L50|
|poke|p1|Sneasler, L50, M|
|poke|p1|Rillaboom, L50, M|
|poke|p1|Ursaluna-Bloodmoon, L50, M|
|poke|p2|Tyranitar, L50, M|
|poke|p2|Dondozo, L50, F|
|poke|p2|Sneasler, L50, M|
|poke|p2|Gholdengo, L50|
|poke|p2|Indeedee, L50, M|
|poke|p2|Volcarona, L50, F|
|teampreview|4
|showteam|p1|Incineroar||SafetyGoggles|Intimidate|FlareBlitz,KnockOff,PartingShot,FakeOut|||M|||50|,,,,,Ghost]Dragonite||LoadedDice|Multiscale|ScaleShot,Tailwind,Protect,Haze|||M|||50|,,,,,Fairy]Gholdengo||LifeOrb|GoodasGold|MakeItRain,ShadowBall,NastyPlot,Protect||||||50|,,,,,Water]Sneasler||FocusSash|PoisonTouch|CloseCombat,DireClaw,FakeOut,Coaching|||M|||50|,,,,,Ghost]Rillaboom||AssaultVest|GrassySurge|WoodHammer,FakeOut,GrassyGlide,HighHorsepower|||M|||50|,,,,,Fire]Ursaluna-Bloodmoon||SilkScarf|MindsEye|HyperVoice,EarthPower,BloodMoon,Protect|||M|||50|,,,,,Electric
|showteam|p2|Tyranitar||ClearAmulet|SandStream|Protect,DragonDance,RockSlide,KnockOff|||M|||50|,,,,,Ghost]Dondozo||Leftovers|Unaware|Protect,Yawn,Liquidation,Substitute|||F|||50|,,,,,Grass]Sneasler||PsychicSeed|Unburden|CloseCombat,DireClaw,Coaching,Protect|||M|||50|,,,,,Dark]Gholdengo||MetalCoat|GoodasGold|Protect,NastyPlot,ShadowBall,MakeItRain||||||50|,,,,,Steel]Indeedee||ChoiceScarf|PsychicSurge|Trick,ExpandingForce,TrickRoom,Protect|||M|||50|,,,,,Psychic]Volcarona||SitrusBerry|FlameBody|Tailwind,FieryDance,StruggleBug,RagePowder|||F|||50|,,,,,Grass
|inactive|Battle timer is ON: inactive players will automatically lose when time's up. (requested by ghianystbones)
|inactive|endertytar has 60 seconds left.
|inactive|endertytar has 30 seconds left.
|
|t:|1756312757
|teamsize|p1|4
|teamsize|p2|4
|start
|switch|p1a: Ursaluna|Ursaluna-Bloodmoon, L50, M|100/100
|switch|p1b: Incineroar|Incineroar, L50, M|100/100
|switch|p2a: Indeedee|Indeedee, L50, M|100/100
|switch|p2b: Volcarona|Volcarona, L50, F|100/100
|-fieldstart|move: Psychic Terrain|[from] ability: Psychic Surge|[of] p2a: Indeedee
|-ability|p1b: Incineroar|Intimidate|boost
|-unboost|p2a: Indeedee|atk|1
|-unboost|p2b: Volcarona|atk|1
|turn|1
|inactive|ghianystbones has 30 seconds left.
|inactive|ghianystbones has 20 seconds left.
|inactive|ghianystbones has 15 seconds left.
|
|t:|1756312799
|switch|p1a: Rillaboom|Rillaboom, L50, M|100/100
|-fieldstart|move: Grassy Terrain|[from] ability: Grassy Surge|[of] p1a: Rillaboom
|move|p1b: Incineroar|Fake Out|p2a: Indeedee
|-damage|p2a: Indeedee|73/100
|cant|p2a: Indeedee|flinch
|move|p2b: Volcarona|Tailwind|p2b: Volcarona
|-sidestart|p2: endertytar|move: Tailwind
|
|-heal|p2a: Indeedee|78/100|[from] Grassy Terrain
|upkeep
|turn|2
|
|t:|1756312822
|-terastallize|p1a: Rillaboom|Fire
|move|p1a: Rillaboom|Fake Out|p2a: Indeedee
|-damage|p2a: Indeedee|47/100
|cant|p2a: Indeedee|flinch
|move|p2b: Volcarona|Fiery Dance|p1a: Rillaboom
|-resisted|p1a: Rillaboom
|-damage|p1a: Rillaboom|87/100
|-boost|p2b: Volcarona|spa|1
|move|p1b: Incineroar|Knock Off|p2b: Volcarona
|-damage|p2b: Volcarona|50/100
|-enditem|p2b: Volcarona|Sitrus Berry|[from] move: Knock Off|[of] p1b: Incineroar
|
|-heal|p2a: Indeedee|53/100|[from] Grassy Terrain
|-heal|p2b: Volcarona|56/100|[from] Grassy Terrain
|-heal|p1a: Rillaboom|93/100|[from] Grassy Terrain
|upkeep
|turn|3
|inactive|ghianystbones has 30 seconds left.
|
|t:|1756312856
|move|p1a: Rillaboom|Grassy Glide|p2a: Indeedee
|-damage|p2a: Indeedee|0 fnt
|faint|p2a: Indeedee
|move|p2b: Volcarona|Struggle Bug|p1b: Incineroar|[spread] p1a,p1b
|-resisted|p1a: Rillaboom
|-damage|p1a: Rillaboom|84/100
|-damage|p1b: Incineroar|77/100
|-unboost|p1a: Rillaboom|spa|1
|-unboost|p1b: Incineroar|spa|1
|move|p1b: Incineroar|Knock Off|p2b: Volcarona
|-crit|p2b: Volcarona
|-damage|p2b: Volcarona|5/100
|
|-heal|p2b: Volcarona|11/100|[from] Grassy Terrain
|-heal|p1a: Rillaboom|90/100|[from] Grassy Terrain
|-heal|p1b: Incineroar|83/100|[from] Grassy Terrain
|upkeep
|
|t:|1756312862
|switch|p2a: Dondozo|Dondozo, L50, F|100/100
|turn|4
|
|t:|1756312882
|switch|p1b: Dragonite|Dragonite, L50, M|100/100
|move|p2b: Volcarona|Rage Powder|p2b: Volcarona
|-singleturn|p2b: Volcarona|move: Rage Powder
|move|p1a: Rillaboom|Wood Hammer|p2b: Volcarona
|-resisted|p2b: Volcarona
|-damage|p2b: Volcarona|0 fnt
|faint|p2b: Volcarona
|-damage|p1a: Rillaboom|86/100|[from] Recoil
|move|p2a: Dondozo|Yawn|p1a: Rillaboom
|-start|p1a: Rillaboom|move: Yawn|[of] p2a: Dondozo
|
|-heal|p1a: Rillaboom|92/100|[from] Grassy Terrain
|-sideend|p2: endertytar|move: Tailwind
|upkeep
|
|t:|1756312895
|switch|p2b: Gholdengo|Gholdengo, L50|100/100
|turn|5
|
|t:|1756312908
|switch|p1a: Incineroar|Incineroar, L50, M|83/100
|-ability|p1a: Incineroar|Intimidate|boost
|-unboost|p2a: Dondozo|atk|1
|-unboost|p2b: Gholdengo|atk|1
|move|p1b: Dragonite|Scale Shot|p2a: Dondozo
|-damage|p2a: Dondozo|91/100
|-damage|p2a: Dondozo|82/100
|-damage|p2a: Dondozo|72/100
|-damage|p2a: Dondozo|62/100
|-hitcount|p2a: Dondozo|4
|-unboost|p1b: Dragonite|def|1
|-boost|p1b: Dragonite|spe|1
|move|p2b: Gholdengo|Nasty Plot|p2b: Gholdengo
|-boost|p2b: Gholdengo|spa|2
|move|p2a: Dondozo|Yawn|p1b: Dragonite
|-start|p1b: Dragonite|move: Yawn|[of] p2a: Dondozo
|
|-heal|p1a: Incineroar|89/100|[from] Grassy Terrain
|-heal|p2a: Dondozo|68/100|[from] Grassy Terrain
|-heal|p2a: Dondozo|74/100|[from] item: Leftovers
|-fieldend|move: Grassy Terrain
|upkeep
|turn|6
|inactive|ghianystbones has 30 seconds left.
|inactive|endertytar has 30 seconds left.
|
|t:|1756312935
|move|p2b: Gholdengo|Protect|p2b: Gholdengo
|-singleturn|p2b: Gholdengo|Protect
|move|p1a: Incineroar|Fake Out|p2a: Dondozo
|-damage|p2a: Dondozo|66/100
|move|p1b: Dragonite|Haze|p1b: Dragonite
|-clearallboost
|cant|p2a: Dondozo|flinch
|
|-heal|p2a: Dondozo|72/100|[from] item: Leftovers
|-end|p1b: Dragonite|move: Yawn|[silent]
|-status|p1b: Dragonite|slp
|upkeep
|turn|7
|inactive|endertytar has 30 seconds left.
|
|t:|1756312969
|-terastallize|p2b: Gholdengo|Steel
|cant|p1b: Dragonite|slp
|move|p2b: Gholdengo|Shadow Ball|p1a: Incineroar
|-resisted|p1a: Incineroar
|-damage|p1a: Incineroar|67/100
|move|p1a: Incineroar|Flare Blitz|p2b: Gholdengo
|-supereffective|p2b: Gholdengo
|-damage|p2b: Gholdengo|0 fnt
|faint|p2b: Gholdengo
|-damage|p1a: Incineroar|38/100|[from] Recoil
|move|p2a: Dondozo|Liquidation|p1a: Incineroar
|-supereffective|p1a: Incineroar
|-damage|p1a: Incineroar|0 fnt
|faint|p1a: Incineroar
|
|-heal|p2a: Dondozo|78/100|[from] item: Leftovers
|upkeep
|
|t:|1756312977
|switch|p1a: Rillaboom|Rillaboom, L50, M, tera:Fire|92/100
|-fieldstart|move: Grassy Terrain|[from] ability: Grassy Surge|[of] p1a: Rillaboom
|turn|8
|
|t:|1756312993
|cant|p1b: Dragonite|slp
|move|p1a: Rillaboom|Wood Hammer|p2a: Dondozo
|-supereffective|p2a: Dondozo
|-damage|p2a: Dondozo|0 fnt
|faint|p2a: Dondozo
|-damage|p1a: Rillaboom|61/100|[from] Recoil
|
|win|ghianystbones
|raw|ghianystbones's rating: 1122 → 1151(+29 for winning)
|raw|endertytar's rating: 1171 → 1142(-29 for losing)
|l|☆endertytar
|player|p2|
