|j|â˜†JulesRen
|j|â˜†MinasDevilCrobats
|html|JulesRenMinasDevilCrobats    
|uhtml|bestof|Game 3 of a best-of-3
|t:|1757044695
|gametype|doubles
|player|p1|JulesRen|102|1155
|player|p2|MinasDevilCrobats|darach-caitlin|1204
|gen|9
|tier|[Gen 9] VGC 2025 Reg H (Bo3)
|rated|
|rule|Species Clause: Limit one of each PokÃ©mon
|rule|Item Clause: Limit 1 of each item
|clearpoke
|poke|p1|Tyranitar, L50, F|
|poke|p1|Garchomp, L50, M|
|poke|p1|Murkrow, L50, F|
|poke|p1|Ursaluna-Bloodmoon, L50, M|
|poke|p1|Sneasler, L50, M|
|poke|p1|Farigiraf, L50, F|
|poke|p2|Indeedee, L50, M|
|poke|p2|Sneasler, L50, M|
|poke|p2|Dondozo, L50, M|
|poke|p2|Tatsugiri, L50, M|
|poke|p2|Talonflame, L50, F|
|poke|p2|Glimmora, L50, M|
|teampreview|4
|showteam|p1|Tyranitar||AssaultVest|SandStream|RockSlide,TeraBlast,LowKick,KnockOff|||F|||50|,,,,,Flying]Garchomp||BrightPowder|SandVeil|Earthquake,DragonClaw,StompingTantrum,Protect|||M|||50|,,,,,Fire]Murkrow||Eviolite|Prankster|Haze,Tailwind,FoulPlay,Taunt|||F|||50|,,,,,Ghost]Ursaluna-Bloodmoon||FocusSash|MindsEye|BloodMoon,EarthPower,HyperVoice,Protect|||M|||50|,,,,,Normal]Sneasler||WhiteHerb|Unburden|ThroatChop,CloseCombat,DireClaw,Protect|||M|||50|,,,,,Dark]Farigiraf||ThroatSpray|ArmorTail|HyperVoice,Imprison,TrickRoom,Psychic|||F|||50|,,,,,Fairy
|showteam|p2|Indeedee||ChoiceScarf|PsychicSurge|ExpandingForce,DazzlingGleam,Trick,Protect|||M|||50|,,,,,Fairy]Sneasler||PsychicSeed|Unburden|CloseCombat,DireClaw,ThroatChop,Protect|||M|||50|,,,,,Dark]Dondozo||Leftovers|Unaware|WaveCrash,OrderUp,Earthquake,Protect|||M|||50|,,,,,Grass]Tatsugiri||LifeOrb|Commander|MuddyWater,DracoMeteor,DragonPulse,Protect|||M|||50|,,,,,Steel]Talonflame||CovertCloak|GaleWings|FlareBlitz,WillOWisp,Tailwind,Taunt|||F|||50|,,,,,Grass]Glimmora||PowerHerb|ToxicDebris|MeteorBeam,SludgeBomb,EarthPower,SpikyShield|||M|||50|,,,,,Grass
|inactive|Battle timer is ON: inactive players will automatically lose when time's up. (requested by MinasDevilCrobats)
|inactive|JulesRen has 60 seconds left.
|
|t:|1757044764
|teamsize|p1|4
|teamsize|p2|4
|start
|switch|p1a: Murkrow|Murkrow, L50, F|100/100
|switch|p1b: Ursaluna|Ursaluna-Bloodmoon, L50, M|100/100
|switch|p2a: Dondozo|Dondozo, L50, M|100/100
|switch|p2b: Tatsugiri|Tatsugiri, L50, M|100/100
|-activate|p2b: Tatsugiri|ability: Commander|[of] p2a: Dondozo
|-boost|p2a: Dondozo|atk|2
|-boost|p2a: Dondozo|spa|2
|-boost|p2a: Dondozo|spe|2
|-boost|p2a: Dondozo|def|2
|-boost|p2a: Dondozo|spd|2
|turn|1
|
|t:|1757044780
|move|p1a: Murkrow|Haze|p1a: Murkrow
|-clearallboost
|move|p1b: Ursaluna|Blood Moon|p2a: Dondozo
|-damage|p2a: Dondozo|16/100
|move|p2a: Dondozo|Wave Crash|p1b: Ursaluna
|-supereffective|p1b: Ursaluna
|-damage|p1b: Ursaluna|20/100
|-damage|p2a: Dondozo|0 fnt|[from] Recoil
|faint|p2a: Dondozo
|
|upkeep
|
|t:|1757044784
|switch|p2a: Indeedee|Indeedee, L50, M|100/100
|-fieldstart|move: Psychic Terrain|[from] ability: Psychic Surge|[of] p2a: Indeedee
|turn|2
|
|t:|1757044809
|move|p1b: Ursaluna|Protect|p1b: Ursaluna
|-singleturn|p1b: Ursaluna|Protect
|move|p1a: Murkrow|Tailwind|p1a: Murkrow
|-sidestart|p1: JulesRen|move: Tailwind
|move|p2a: Indeedee|Expanding Force|p1b: Ursaluna|[spread] 
|-activate|p1b: Ursaluna|move: Protect
|-immune|p1a: Murkrow
|move|p2b: Tatsugiri|Draco Meteor|p1a: Murkrow
|-damage|p1a: Murkrow|39/100
|-unboost|p2b: Tatsugiri|spa|2
|-damage|p2b: Tatsugiri|91/100|[from] item: Life Orb
|
|upkeep
|turn|3
|inactive|JulesRen has 30 seconds left.
|
|t:|1757044835
|switch|p1b: Tyranitar|Tyranitar, L50, F|100/100
|-weather|Sandstorm|[from] ability: Sand Stream|[of] p1b: Tyranitar
|switch|p2b: Sneasler|Sneasler, L50, M|100/100
|-enditem|p2b: Sneasler|Psychic Seed
|-boost|p2b: Sneasler|spd|1|[from] item: Psychic Seed
|move|p2a: Indeedee|Expanding Force|p1a: Murkrow|[spread] 
|-immune|p1a: Murkrow
|-immune|p1b: Tyranitar
|move|p1a: Murkrow|Foul Play|p2a: Indeedee
|-supereffective|p2a: Indeedee
|-damage|p2a: Indeedee|21/100
|
|-weather|Sandstorm|[upkeep]
|-damage|p2b: Sneasler|95/100|[from] Sandstorm
|-damage|p2a: Indeedee|15/100|[from] Sandstorm
|-damage|p1a: Murkrow|33/100|[from] Sandstorm
|upkeep
|turn|4
|inactive|JulesRen has 30 seconds left.
|inactive|MinasDevilCrobats has 30 seconds left.
|inactive|JulesRen has 20 seconds left.
|inactive|JulesRen has 15 seconds left.
|inactive|MinasDevilCrobats has 20 seconds left.
|inactive|JulesRen has 10 seconds left.
|inactive|JulesRen has 5 seconds left.
|
|t:|1757044888
|switch|p1b: Garchomp|Garchomp, L50, M|100/100
|-terastallize|p2b: Sneasler|Dark
|move|p2b: Sneasler|Dire Claw|p1b: Garchomp
|-resisted|p1b: Garchomp
|-damage|p1b: Garchomp|81/100
|move|p2a: Indeedee|Expanding Force|p1a: Murkrow|[spread] p1b
|-immune|p1a: Murkrow
|-damage|p1b: Garchomp|28/100
|move|p1a: Murkrow|Foul Play|p2a: Indeedee
|-supereffective|p2a: Indeedee
|-damage|p2a: Indeedee|0 fnt
|faint|p2a: Indeedee
|
|-weather|Sandstorm|[upkeep]
|-damage|p2b: Sneasler|89/100|[from] Sandstorm
|-damage|p1a: Murkrow|27/100|[from] Sandstorm
|upkeep
|
|t:|1757044899
|switch|p2a: Tatsugiri|Tatsugiri, L50, M|91/100
|turn|5
|inactive|JulesRen has 30 seconds left.
|
|t:|1757044929
|move|p2a: Tatsugiri|Protect|p2a: Tatsugiri
|-singleturn|p2a: Tatsugiri|Protect
|move|p2b: Sneasler|Close Combat|p1b: Garchomp
|-damage|p1b: Garchomp|0 fnt
|-unboost|p2b: Sneasler|def|1
|-unboost|p2b: Sneasler|spd|1
|faint|p1b: Garchomp
|move|p1a: Murkrow|Foul Play|p2a: Tatsugiri
|-activate|p2a: Tatsugiri|move: Protect
|
|-weather|Sandstorm|[upkeep]
|-damage|p2b: Sneasler|83/100|[from] Sandstorm
|-damage|p1a: Murkrow|21/100|[from] Sandstorm
|-damage|p2a: Tatsugiri|85/100|[from] Sandstorm
|-sideend|p1: JulesRen|move: Tailwind
|upkeep
|
|t:|1757044933
|switch|p1b: Tyranitar|Tyranitar, L50, F|100/100
|turn|6
|
|t:|1757044954
|-terastallize|p1b: Tyranitar|Flying
|move|p1a: Murkrow|Tailwind|p1a: Murkrow
|-sidestart|p1: JulesRen|move: Tailwind
|move|p2b: Sneasler|Close Combat|p1b: Tyranitar
|-resisted|p1b: Tyranitar
|-damage|p1b: Tyranitar|74/100
|-unboost|p2b: Sneasler|def|1
|-unboost|p2b: Sneasler|spd|1
|move|p1b: Tyranitar|Low Kick|p2b: Sneasler
|-supereffective|p2b: Sneasler
|-damage|p2b: Sneasler|0 fnt
|faint|p2b: Sneasler
|move|p2a: Tatsugiri|Dragon Pulse|p1b: Tyranitar
|-damage|p1b: Tyranitar|42/100
|-damage|p2a: Tatsugiri|76/100|[from] item: Life Orb
|
|-weather|Sandstorm|[upkeep]
|-damage|p1b: Tyranitar|36/100|[from] Sandstorm
|-damage|p1a: Murkrow|15/100|[from] Sandstorm
|-damage|p2a: Tatsugiri|70/100|[from] Sandstorm
|-fieldend|move: Psychic Terrain
|upkeep
|turn|7
|
|t:|1757044970
|move|p2a: Tatsugiri|Protect|p2a: Tatsugiri
|-singleturn|p2a: Tatsugiri|Protect
|move|p1b: Tyranitar|Tera Blast|p2a: Tatsugiri|[anim] Tera Blast Flying
|-activate|p2a: Tatsugiri|move: Protect
|move|p1a: Murkrow|Foul Play|p2a: Tatsugiri
|-activate|p2a: Tatsugiri|move: Protect
|
|-weather|none
|upkeep
|turn|8
|
|t:|1757044975
|move|p1b: Tyranitar|Tera Blast|p2a: Tatsugiri|[anim] Tera Blast Flying
|-damage|p2a: Tatsugiri|17/100
|move|p1a: Murkrow|Foul Play|p2a: Tatsugiri
|-crit|p2a: Tatsugiri
|-damage|p2a: Tatsugiri|0 fnt
|faint|p2a: Tatsugiri
|
|win|JulesRen
|raw|JulesRen's rating: 1155 → 1184(+29 for winning)
|raw|MinasDevilCrobats's rating: 1204 → 1175(-29 for losing)
