|j|☆leafeon03
|j|☆new mental
|html|leafeon03new mental    
|uhtml|bestof|Game 1 of a best-of-3
|t:|1784661715
|gametype|doubles
|player|p1|leafeon03|erika|1220
|player|p2|new mental|volkner|1227
|gen|9
|tier|[Gen 9 Champions] VGC 2026 Reg M-B (Bo3)
|rated|
|rule|Species Clause: Limit one of each Pokémon
|rule|Item Clause: Limit 1 of each item
|clearpoke
|poke|p1|Garchomp, L50, F, shiny|
|poke|p1|Charizard, L50, M, shiny|
|poke|p1|Whimsicott, L50, M|
|poke|p1|Floette-Eternal, L50, F|
|poke|p1|Basculegion, L50, M|
|poke|p1|Kingambit, L50, M, shiny|
|poke|p2|Charizard, L50, F|
|poke|p2|Kingambit, L50, M|
|poke|p2|Sylveon, L50, F|
|poke|p2|Garchomp, L50, M|
|poke|p2|Aerodactyl, L50, F|
|poke|p2|Farigiraf, L50, F|
|teampreview|4
|showteam|p1|Garchomp||LifeOrb|RoughSkin|Earthquake,RockSlide,DragonClaw,Protect|Jolly||F|||50|]Charizard||CharizarditeY|Blaze|HeatWave,WeatherBall,SolarBeam,Protect|Modest||M|||50|]Whimsicott||FocusSash|Prankster|Moonblast,Tailwind,Encore,Protect|Timid||M|||50|]Floette-Eternal||Floettite|FlowerVeil|Moonblast,DazzlingGleam,LightofRuin,Protect|Modest||F|||50|]Basculegion||MysticWater|Adaptability|WaveCrash,LastRespects,AquaJet,Protect|Adamant||M|||50|]Kingambit||ChopleBerry|Defiant|KowtowCleave,SuckerPunch,IronHead,LowKick|Adamant||M|||50|
|showteam|p2|Charizard||CharizarditeY|SolarPower|Protect,HeatWave,SolarBeam,WeatherBall|Modest||F|||50|]Kingambit||FocusSash|Defiant|IronHead,SuckerPunch,KowtowCleave,LowKick|Adamant||M|||50|]Sylveon||FairyFeather|Pixilate|Detect,HyperVoice,HyperBeam,QuickAttack|Modest||F|||50|]Garchomp||LifeOrb|RoughSkin|Protect,DragonClaw,Earthquake,RockSlide|Jolly||M|||50|]Aerodactyl||Aerodactylite|Unnerve|IceFang,RockSlide,Tailwind,DualWingbeat|Jolly||F|||50|]Farigiraf||SitrusBerry|ArmorTail|TrickRoom,Psychic,Thunderbolt,Roar|Bold||F|||50|
|inactive|Battle timer is ON: inactive players will automatically lose when time's up. (requested by leafeon03)
|inactive|leafeon03 has 60 seconds left.
|inactive|new mental has 60 seconds left.
|inactive|leafeon03 has 30 seconds left.
|inactive|leafeon03 has 20 seconds left.
|inactive|leafeon03 has 15 seconds left.
|inactive|leafeon03 has 10 seconds left.
|inactive|leafeon03 has 5 seconds left.
|
|t:|1784661806
|teamsize|p1|4
|teamsize|p2|4
|start
|switch|p1a: Whimsicott|Whimsicott, L50, M|100/100
|switch|p1b: Kingambit|Kingambit, L50, M, shiny|100/100
|switch|p2a: Kingambit|Kingambit, L50, M|100/100
|switch|p2b: Farigiraf|Farigiraf, L50, F|100/100
|turn|1
|inactive|leafeon03 has 30 seconds left.
|
|t:|1784661836
|switch|p2a: Sylveon|Sylveon, L50, F|100/100
|move|p1a: Whimsicott|Moonblast|p2a: Sylveon
|-damage|p2a: Sylveon|72/100
|move|p1b: Kingambit|Low Kick|p2a: Sylveon
|-resisted|p2a: Sylveon|1
|-damage|p2a: Sylveon|63/100
|move|p2b: Farigiraf|Psychic|p1a: Whimsicott
|-damage|p1a: Whimsicott|46/100
|
|upkeep
|turn|2
|inactive|leafeon03 has 30 seconds left.
|inactive|leafeon03 has 20 seconds left.
|inactive|leafeon03 has 15 seconds left.
|inactive|leafeon03 has 10 seconds left.
|
|t:|1784661881
|move|p2a: Sylveon|Detect|p2a: Sylveon
|-singleturn|p2a: Sylveon|Protect
|move|p1a: Whimsicott|Moonblast|p2b: Farigiraf
|-damage|p2b: Farigiraf|68/100
|move|p1b: Kingambit|Kowtow Cleave|p2b: Farigiraf
|-supereffective|p2b: Farigiraf|1
|-damage|p2b: Farigiraf|0 fnt
|faint|p2b: Farigiraf
|
|upkeep
|
|t:|1784661889
|switch|p2b: Charizard|Charizard, L50, F|100/100
|turn|3
|inactive|leafeon03 has 30 seconds left.
|
|t:|1784661923
|switch|p2a: Kingambit|Kingambit, L50, M|100/100
|detailschange|p2b: Charizard|Charizard-Mega-Y, L50, F
|-mega|p2b: Charizard|Charizard|Charizardite Y
|-weather|SunnyDay|[from] ability: Drought|[of] p2b: Charizard
|move|p1a: Whimsicott|Tailwind|p1a: Whimsicott
|-sidestart|p1: leafeon03|move: Tailwind
|move|p1b: Kingambit|Iron Head|p2a: Kingambit
|-resisted|p2a: Kingambit|1
|-damage|p2a: Kingambit|77/100
|move|p2b: Charizard|Heat Wave|p1a: Whimsicott|[spread] p1a
|-miss|p2b: Charizard|p1b: Kingambit
|-supereffective|p1a: Whimsicott|1
|-damage|p1a: Whimsicott|0 fnt
|faint|p1a: Whimsicott
|
|-weather|SunnyDay|[upkeep]
|upkeep
|
|t:|1784661948
|switch|p1a: Basculegion|Basculegion, L50, M|100/100
|turn|4
|
|t:|1784661962
|move|p2a: Kingambit|Sucker Punch|p1a: Basculegion
|-supereffective|p1a: Basculegion|1
|-damage|p1a: Basculegion|16/100
|move|p1a: Basculegion|Wave Crash|p2b: Charizard
|-supereffective|p2b: Charizard|1
|-damage|p2b: Charizard|12/100
|-damage|p1a: Basculegion|0 fnt|[from] Recoil
|faint|p1a: Basculegion
|move|p1b: Kingambit|Low Kick|p2a: Kingambit
|-supereffective|p2a: Kingambit|2
|-damage|p2a: Kingambit|0 fnt
|faint|p2a: Kingambit
|move|p2b: Charizard|Weather Ball|p1b: Kingambit
|-supereffective|p1b: Kingambit|1
|-damage|p1b: Kingambit|0 fnt
|faint|p1b: Kingambit
|
|-weather|SunnyDay|[upkeep]
|upkeep
|
|t:|1784661978
|switch|p1b: Charizard|Charizard, L50, M, shiny|100/100
|switch|p2a: Sylveon|Sylveon, L50, F|63/100
|turn|5
|
|t:|1784661987
|detailschange|p1b: Charizard|Charizard-Mega-Y, L50, M, shiny
|-mega|p1b: Charizard|Charizard|Charizardite Y
|move|p1b: Charizard|Heat Wave|p2b: Charizard|[spread] p2a,p2b
|-resisted|p2b: Charizard|1
|-damage|p2a: Sylveon|12/100
|-damage|p2b: Charizard|0 fnt
|faint|p2b: Charizard
|move|p2a: Sylveon|Hyper Beam|p1b: Charizard
|-resisted|p1b: Charizard|1
|-damage|p1b: Charizard|58/100
|-mustrecharge|p2a: Sylveon
|
|-weather|SunnyDay|[upkeep]
|upkeep
|turn|6
|
|t:|1784661997
|move|p1b: Charizard|Weather Ball|p2a: Sylveon
|-damage|p2a: Sylveon|0 fnt
|faint|p2a: Sylveon
|
|win|leafeon03
