|j|☆playrornds
|j|☆ultrog
|html|playrorndsultrog    
|uhtml|bestof|Game 1 of a best-of-3
|t:|1757203943
|gametype|doubles
|player|p1|playrornds|giovanni-gen1rb|1095
|player|p2|ultrog|fisherman|1112
|gen|9
|tier|[Gen 9] VGC 2025 Reg H (Bo3)
|rated|
|rule|Species Clause: Limit one of each Pokémon
|rule|Item Clause: Limit 1 of each item
|clearpoke
|poke|p1|Ursaluna, L50, F|
|poke|p1|Porygon2, L50|
|poke|p1|Gholdengo, L50|
|poke|p1|Kilowattrel, L50, F|
|poke|p1|Amoonguss, L50, M|
|poke|p1|Incineroar, L50, M|
|poke|p2|Indeedee-F, L50, F|
|poke|p2|Armarouge, L50, M|
|poke|p2|Araquanid, L50, F|
|poke|p2|Pelipper, L50, M|
|poke|p2|Archaludon, L50, M|
|poke|p2|Garchomp, L50, F|
|teampreview|4
|showteam|p1|Ursaluna||FlameOrb|Guts|Facade,HeadlongRush,Earthquake,Protect|||F|||50|,,,,,Ghost]Porygon2||Eviolite|Download|TeraBlast,IceBeam,Recover,TrickRoom||||||50|,,,,,Fighting]Gholdengo||MetalCoat|GoodasGold|MakeItRain,ShadowBall,NastyPlot,Protect||||||50|,,,,,Flying]Kilowattrel||FocusSash|Competitive|Thunderbolt,AirSlash,Tailwind,Protect|||F|||50|,,,,,Ghost]Amoonguss||SitrusBerry|Regenerator|PollenPuff,Spore,RagePowder,Protect|||M|||50|,,,,,Water]Incineroar||SafetyGoggles|Intimidate|FakeOut,FlareBlitz,KnockOff,PartingShot|||M|||50|,,,,,Ghost
|showteam|p2|Indeedee-F||RockyHelmet|PsychicSurge|Psychic,HelpingHand,FollowMe,TrickRoom|||F|||50|,,,,,Fairy]Armarouge||LifeOrb|FlashFire|ExpandingForce,ArmorCannon,TrickRoom,Protect|||M|||50|,,,,,Psychic]Araquanid||MysticWater|WaterBubble|Liquidation,Infestation,WideGuard,Protect|||F|||50|,,,,,Water]Pelipper||FocusSash|Drizzle|Hurricane,WeatherBall,Tailwind,Protect|||M|||50|,,,,,Stellar]Archaludon||PowerHerb|Sturdy|ElectroShot,DragonPulse,TeraBlast,Protect|||M|||50|,,,,,Flying]Garchomp||ClearAmulet|RoughSkin|Earthquake,Outrage,StompingTantrum,Protect|||F|||50|,,,,,Ground
|inactive|Battle timer is ON: inactive players will automatically lose when time's up. (requested by ultrog)
|inactive|playrornds also wants the timer to be on.
|c|☆playrornds|lmao
|c|☆playrornds|gl
|c|☆ultrog|lol hello again
|c|☆ultrog|gl hf
|inactive|playrornds has 60 seconds left.
|inactive|ultrog has 60 seconds left.
|inactive|ultrog has 30 seconds left.
|inactive|playrornds has 30 seconds left.
|inactive|ultrog has 20 seconds left.
|
|t:|1757204016
|teamsize|p1|4
|teamsize|p2|4
|start
|switch|p1a: Incineroar|Incineroar, L50, M|100/100
|switch|p1b: Porygon2|Porygon2, L50|100/100
|switch|p2a: Archaludon|Archaludon, L50, M|100/100
|switch|p2b: Garchomp|Garchomp, L50, F|100/100
|-ability|p1a: Incineroar|Intimidate|boost
|-unboost|p2a: Archaludon|atk|1
|-fail|p2b: Garchomp|unboost|[from] item: Clear Amulet|[of] p2b: Garchomp
|-ability|p1b: Porygon2|Download|boost
|-boost|p1b: Porygon2|spa|1
|turn|1
|inactive|playrornds has 30 seconds left.
|inactive|ultrog has 30 seconds left.
|inactive|ultrog has 20 seconds left.
|
|t:|1757204061
|switch|p2a: Araquanid|Araquanid, L50, F|100/100
|move|p1a: Incineroar|Fake Out|p2a: Araquanid
|-damage|p2a: Araquanid|87/100
|move|p2b: Garchomp|Stomping Tantrum|p1a: Incineroar
|-supereffective|p1a: Incineroar
|-damage|p1a: Incineroar|20/100
|move|p1b: Porygon2|Ice Beam|p2b: Garchomp
|-supereffective|p2b: Garchomp
|-damage|p2b: Garchomp|0 fnt
|faint|p2b: Garchomp
|
|upkeep
|
|t:|1757204072
|switch|p2b: Pelipper|Pelipper, L50, M|100/100
|-weather|RainDance|[from] ability: Drizzle|[of] p2b: Pelipper
|turn|2
|inactive|playrornds has 30 seconds left.
|inactive|playrornds has 20 seconds left.
|inactive|playrornds has 15 seconds left.
|inactive|playrornds has 10 seconds left.
|inactive|playrornds has 5 seconds left.
|
|t:|1757204123
|-terastallize|p2a: Araquanid|Water
|move|p2b: Pelipper|Weather Ball|p1a: Incineroar
|-supereffective|p1a: Incineroar
|-damage|p1a: Incineroar|0 fnt
|faint|p1a: Incineroar
|move|p1b: Porygon2|Tera Blast|p2b: Pelipper
|-damage|p2b: Pelipper|8/100
|move|p2a: Araquanid|Liquidation|p1b: Porygon2
|-damage|p1b: Porygon2|11/100
|
|-weather|RainDance|[upkeep]
|upkeep
|
|t:|1757204145
|switch|p1a: Ursaluna|Ursaluna, L50, F, shiny|100/100
|turn|3
|inactive|playrornds has 30 seconds left.
|inactive|playrornds has 20 seconds left.
|inactive|playrornds has 15 seconds left.
|
|t:|1757204188
|-terastallize|p1a: Ursaluna|Ghost
|move|p2b: Pelipper|Tailwind|p2b: Pelipper
|-sidestart|p2: ultrog|move: Tailwind
|move|p1a: Ursaluna|Facade|p2b: Pelipper
|-damage|p2b: Pelipper|0 fnt
|faint|p2b: Pelipper
|move|p2a: Araquanid|Liquidation|p1b: Porygon2
|-damage|p1b: Porygon2|0 fnt
|faint|p1b: Porygon2
|
|-weather|RainDance|[upkeep]
|-status|p1a: Ursaluna|brn|[from] item: Flame Orb
|upkeep
|
|t:|1757204200
|switch|p2b: Archaludon|Archaludon, L50, M|100/100
|switch|p1b: Amoonguss|Amoonguss, L50, M|100/100
|turn|4
|inactive|playrornds has 30 seconds left.
|
|t:|1757204231
|move|p2a: Araquanid|Protect|p2a: Araquanid
|-singleturn|p2a: Araquanid|Protect
|move|p2b: Archaludon|Electro Shot||[still]
|-prepare|p2b: Archaludon|Electro Shot
|-boost|p2b: Archaludon|spa|1
|-anim|p2b: Archaludon|Electro Shot|p1a: Ursaluna
|-damage|p1a: Ursaluna|38/100 brn
|move|p1a: Ursaluna|Facade|p2a: Araquanid
|-activate|p2a: Araquanid|move: Protect
|move|p1b: Amoonguss|Spore|p2b: Archaludon
|-status|p2b: Archaludon|slp|[from] move: Spore
|
|-weather|RainDance|[upkeep]
|-damage|p1a: Ursaluna|31/100 brn|[from] brn
|upkeep
|turn|5
|inactive|playrornds has 30 seconds left.
|
|t:|1757204258
|cant|p2b: Archaludon|slp
|move|p1a: Ursaluna|Facade|p2a: Araquanid
|-damage|p2a: Araquanid|0 fnt
|faint|p2a: Araquanid
|move|p1b: Amoonguss|Pollen Puff|p1a: Ursaluna
|-heal|p1a: Ursaluna|81/100 brn
|
|-weather|RainDance|[upkeep]
|-damage|p1a: Ursaluna|75/100 brn|[from] brn
|upkeep
|turn|6
|
|t:|1757204269
|cant|p2b: Archaludon|slp
|move|p1a: Ursaluna|Headlong Rush|p2b: Archaludon
|-supereffective|p2b: Archaludon
|-ability|p2b: Archaludon|Sturdy
|-damage|p2b: Archaludon|1/100 slp
|-unboost|p1a: Ursaluna|def|1
|-unboost|p1a: Ursaluna|spd|1
|move|p1b: Amoonguss|Pollen Puff|p2b: Archaludon
|-resisted|p2b: Archaludon
|-crit|p2b: Archaludon
|-damage|p2b: Archaludon|0 fnt
|faint|p2b: Archaludon
|
|win|playrornds
