|j|☆Frakub
|j|☆tessa scarlet
|html|Frakubtessa scarlet    
|uhtml|bestof|Game 2 of a best-of-3
|t:|1756461770
|gametype|doubles
|player|p1|Frakub|acetrainer-gen4dp|1248
|player|p2|tessa scarlet|102|1378
|gen|9
|tier|[Gen 9] VGC 2025 Reg H (Bo3)
|rated|
|rule|Species Clause: Limit one of each Pokémon
|rule|Item Clause: Limit 1 of each item
|clearpoke
|poke|p1|Kingambit, L50, F|
|poke|p1|Rillaboom, L50, M|
|poke|p1|Ninetales-Alola, L50, F|
|poke|p1|Dragonite, L50, F|
|poke|p1|Magmar, L50, F|
|poke|p1|Sneasler, L50, F|
|poke|p2|Gholdengo, L50|
|poke|p2|Sneasler, L50, M|
|poke|p2|Rillaboom, L50, M|
|poke|p2|Dragonite, L50, M|
|poke|p2|Ninetales-Alola, L50, F|
|poke|p2|Arcanine-Hisui, L50, F|
|teampreview|4
|showteam|p1|Kingambit||BlackGlasses|Defiant|KowtowCleave,SuckerPunch,SwordsDance,Protect|||F|||50|,,,,,Dark]Rillaboom||AssaultVest|GrassySurge|WoodHammer,GrassyGlide,HighHorsepower,FakeOut|||M|||50|,,,,,Fire]Ninetales-Alola||LightClay|SnowWarning|Blizzard,FreezeDry,Protect,AuroraVeil|||F|||50|,,,,,Ghost]Dragonite||LoadedDice|Multiscale|ScaleShot,ExtremeSpeed,Haze,Protect|||F|||50|,,,,,Steel]Magmar||Eviolite|VitalSpirit|Taunt,Overheat,FollowMe,Protect|||F|||50|,,,,,Ghost]Sneasler||FocusSash|PoisonTouch|FakeOut,DireClaw,CloseCombat,Protect|||F|||50|,,,,,Ghost
|showteam|p2|Gholdengo||GrassySeed|GoodasGold|NastyPlot,MakeItRain,ShadowBall,Protect||||||50|,,,,,Water]Sneasler||WhiteHerb|Unburden|CloseCombat,DireClaw,Coaching,Protect|||M|||50|,,,,,Ghost]Rillaboom||AssaultVest|GrassySurge|FakeOut,GrassyGlide,DrumBeating,HighHorsepower|||M|||50|,,,,,Fire]Dragonite||LoadedDice|Multiscale|ScaleShot,StompingTantrum,Tailwind,Protect|||M|||50|,,,,,Ground]Ninetales-Alola||FocusSash|SnowWarning|Blizzard,IcyWind,Encore,AuroraVeil|||F|||50|,,,,,Ghost]Arcanine-Hisui||ClearAmulet|Intimidate|RockSlide,FlareBlitz,ExtremeSpeed,Protect|||F|||50|,,,,,Water
|inactive|Battle timer is ON: inactive players will automatically lose when time's up. (requested by Frakub)
|
|t:|1756461799
|teamsize|p1|4
|teamsize|p2|4
|start
|switch|p1a: Kingambit|Kingambit, L50, F|100/100
|switch|p1b: Sneasler|Sneasler, L50, F|100/100
|switch|p2a: Sneasler|Sneasler, L50, M|100/100
|switch|p2b: Dragonite|Dragonite, L50, M|100/100
|turn|1
|inactive|Frakub has 30 seconds left.
|
|t:|1756461828
|switch|p1b: Rillaboom|Rillaboom, L50, M|100/100
|-fieldstart|move: Grassy Terrain|[from] ability: Grassy Surge|[of] p1b: Rillaboom
|move|p1a: Kingambit|Protect|p1a: Kingambit
|-singleturn|p1a: Kingambit|Protect
|move|p2a: Sneasler|Close Combat|p1a: Kingambit
|-activate|p1a: Kingambit|move: Protect
|move|p2b: Dragonite|Scale Shot|p1b: Rillaboom
|-damage|p1b: Rillaboom|88/100
|-damage|p1b: Rillaboom|74/100
|-damage|p1b: Rillaboom|60/100
|-damage|p1b: Rillaboom|45/100
|-hitcount|p1b: Rillaboom|4
|-unboost|p2b: Dragonite|def|1
|-boost|p2b: Dragonite|spe|1
|
|-heal|p1b: Rillaboom|51/100|[from] Grassy Terrain
|upkeep
|turn|2
|inactive|tessa scarlet has 30 seconds left.
|
|t:|1756461861
|-terastallize|p2a: Sneasler|Ghost
|-terastallize|p1a: Kingambit|Dark
|move|p1b: Rillaboom|Fake Out|p2a: Sneasler
|-immune|p2a: Sneasler
|move|p1a: Kingambit|Sucker Punch|p2b: Dragonite
|-damage|p2b: Dragonite|48/100
|move|p2b: Dragonite|Scale Shot|p1b: Rillaboom
|-damage|p1b: Rillaboom|38/100
|-damage|p1b: Rillaboom|23/100
|-damage|p1b: Rillaboom|9/100
|-crit|p1b: Rillaboom
|-damage|p1b: Rillaboom|0 fnt
|faint|p1b: Rillaboom
|-hitcount|p1: Rillaboom|4
|-unboost|p2b: Dragonite|def|1
|-boost|p2b: Dragonite|spe|1
|move|p2a: Sneasler|Close Combat|p1a: Kingambit
|-supereffective|p1a: Kingambit
|-damage|p1a: Kingambit|11/100
|-unboost|p2a: Sneasler|def|1
|-unboost|p2a: Sneasler|spd|1
|-enditem|p2a: Sneasler|White Herb
|-clearnegativeboost|p2a: Sneasler|[silent]
|
|-heal|p1a: Kingambit|16/100|[from] Grassy Terrain
|upkeep
|
|t:|1756461867
|switch|p1b: Sneasler|Sneasler, L50, F|100/100
|turn|3
|
|t:|1756461882
|move|p1b: Sneasler|Fake Out|p2b: Dragonite
|-damage|p2b: Dragonite|15/100
|-status|p2b: Dragonite|psn|[from] ability: Poison Touch|[of] p1b: Sneasler
|move|p2a: Sneasler|Dire Claw|p1a: Kingambit
|-damage|p1a: Kingambit|0 fnt
|faint|p1a: Kingambit
|cant|p2b: Dragonite|flinch
|
|-damage|p2b: Dragonite|3/100 psn|[from] psn
|upkeep
|
|t:|1756461891
|switch|p1a: Magmar|Magmar, L50, F|100/100
|turn|4
|
|t:|1756461900
|move|p1b: Sneasler|Protect|p1b: Sneasler
|-singleturn|p1b: Sneasler|Protect
|move|p1a: Magmar|Protect|p1a: Magmar
|-singleturn|p1a: Magmar|Protect
|move|p2a: Sneasler|Dire Claw|p1a: Magmar
|-activate|p1a: Magmar|move: Protect
|move|p2b: Dragonite|Scale Shot|p1b: Sneasler
|-activate|p1b: Sneasler|move: Protect
|
|-damage|p2b: Dragonite|0 fnt|[from] psn
|faint|p2b: Dragonite
|upkeep
|
|t:|1756461906
|switch|p2b: Arcanine|Arcanine-Hisui, L50, F|100/100
|-ability|p2b: Arcanine|Intimidate|boost
|-unboost|p1a: Magmar|atk|1
|-unboost|p1b: Sneasler|atk|1
|turn|5
|
|t:|1756461916
|move|p2a: Sneasler|Coaching|p2b: Arcanine
|-boost|p2b: Arcanine|atk|1
|-boost|p2b: Arcanine|def|1
|move|p1b: Sneasler|Close Combat|p2b: Arcanine
|-supereffective|p2b: Arcanine
|-damage|p2b: Arcanine|27/100
|-unboost|p1b: Sneasler|def|1
|-unboost|p1b: Sneasler|spd|1
|move|p2b: Arcanine|Rock Slide|p1b: Sneasler|[spread] p1a,p1b
|-supereffective|p1a: Magmar
|-resisted|p1b: Sneasler
|-damage|p1a: Magmar|34/100
|-damage|p1b: Sneasler|44/100
|move|p1a: Magmar|Overheat|p2a: Sneasler
|-damage|p2a: Sneasler|46/100
|-unboost|p1a: Magmar|spa|2
|
|-heal|p2a: Sneasler|52/100|[from] Grassy Terrain
|-heal|p1b: Sneasler|50/100|[from] Grassy Terrain
|-heal|p2b: Arcanine|33/100|[from] Grassy Terrain
|-heal|p1a: Magmar|40/100|[from] Grassy Terrain
|-fieldend|move: Grassy Terrain
|upkeep
|turn|6
|
|t:|1756461933
|move|p2b: Arcanine|Extreme Speed|p1b: Sneasler
|-damage|p1b: Sneasler|0 fnt
|faint|p1b: Sneasler
|move|p1a: Magmar|Follow Me|p1a: Magmar
|-singleturn|p1a: Magmar|move: Follow Me
|move|p2a: Sneasler|Close Combat|p1a: Magmar
|-damage|p1a: Magmar|0 fnt
|-unboost|p2a: Sneasler|def|1
|-unboost|p2a: Sneasler|spd|1
|faint|p1a: Magmar
|
|win|tessa scarlet
|raw|Frakub's rating: 1248 → 1232(-16 for losing)
|raw|tessa scarlet's rating: 1378 → 1391(+13 for winning)
|c|☆Frakub|gg
|c|☆tessa scarlet|gg
|l|☆tessa scarlet
|player|p2|
