|j|☆efwefwefwefweifier
|j|☆the rainy mouse
|html|efwefwefwefweifierthe rainy mouse    
|uhtml|bestof|Game 1 of a best-of-3
|t:|1786178582
|gametype|doubles
|player|p1|efwefwefwefweifier|clown|1415
|player|p2|the rainy mouse|1|1350
|gen|9
|tier|[Gen 9 Champions] VGC 2026 Reg M-B (Bo3)
|rated|
|rule|Species Clause: Limit one of each Pokémon
|rule|Item Clause: Limit 1 of each item
|clearpoke
|poke|p1|Blastoise, L50, F, shiny|
|poke|p1|Sinistcha, L50|
|poke|p1|Incineroar, L50, F, shiny|
|poke|p1|Sneasler, L50, M|
|poke|p1|Hydreigon, L50, M, shiny|
|poke|p1|Delphox, L50, F|
|poke|p2|Charizard, L50, M|
|poke|p2|Garchomp, L50, F|
|poke|p2|Incineroar, L50, M|
|poke|p2|Venusaur, L50, M|
|poke|p2|Toxapex, L50, F|
|poke|p2|Sylveon, L50, F|
|teampreview|4
|showteam|p1|Blastoise||Blastoisinite|RainDish|WaterSpout,DarkPulse,ShellSmash,Protect|Modest||F|||50|]Sinistcha||KasibBerry|Hospitality|MatchaGotcha,RagePowder,TrickRoom,LifeDew|Calm|||||50|]Incineroar||SitrusBerry|Intimidate|FlareBlitz,DarkestLariat,FakeOut,PartingShot|Careful||F|||50|]Sneasler||FocusSash|PoisonTouch|CloseCombat,PoisonJab,FakeOut,QuickGuard|Jolly||M|||50|]Hydreigon||ChoiceScarf|Levitate|DracoMeteor,DarkPulse,Snarl,EarthPower|Modest||M|||50|]Delphox||Delphoxite|Blaze|HeatWave,Psyshock,NastyPlot,Protect|Timid||F|||50|
|showteam|p2|Charizard||CharizarditeY|Blaze|WeatherBall,HeatWave,AncientPower,Protect|Modest||M|||50|]Garchomp||ChoiceScarf|RoughSkin|RockSlide,DragonClaw,Earthquake,StompingTantrum|Adamant||F|||50|]Incineroar||SitrusBerry|Intimidate|FlareBlitz,FakeOut,DarkestLariat,PartingShot|Impish||M|||50|]Venusaur||LifeOrb|Chlorophyll|SludgeBomb,LeafStorm,EarthPower,Protect|Modest||M|||50|]Toxapex||Leftovers|Regenerator|Infestation,Toxic,WideGuard,BanefulBunker|Bold||F|||50|]Sylveon||FairyFeather|Pixilate|HyperVoice,QuickAttack,Yawn,Detect|Modest||F|||50|
|inactive|Battle timer is ON: inactive players will automatically lose when time's up. (requested by efwefwefwefweifier)
|inactive|efwefwefwefweifier has 60 seconds left.
|inactive|efwefwefwefweifier has 30 seconds left.
|inactive|efwefwefwefweifier has 20 seconds left.
|inactive|efwefwefwefweifier has 15 seconds left.
|inactive|efwefwefwefweifier has 10 seconds left.
|inactive|efwefwefwefweifier has 5 seconds left.
|
|t:|1786178668
|teamsize|p1|4
|teamsize|p2|4
|start
|switch|p1a: Poison Foison|Sneasler, L50, M|100/100
|switch|p1b: Macho Nacho|Delphox, L50, F|100/100
|switch|p2a: Charizard|Charizard, L50, M|100/100
|switch|p2b: Venusaur|Venusaur, L50, M|100/100
|turn|1
|inactive|efwefwefwefweifier has 30 seconds left.
|
|t:|1786178695
|switch|p2b: Incineroar|Incineroar, L50, M|100/100
|-ability|p2b: Incineroar|Intimidate|boost
|-unboost|p1a: Poison Foison|atk|1
|-unboost|p1b: Macho Nacho|atk|1
|detailschange|p1b: Macho Nacho|Delphox-Mega, L50, F
|-mega|p1b: Macho Nacho|Delphox|Delphoxite
|detailschange|p2a: Charizard|Charizard-Mega-Y, L50, M
|-mega|p2a: Charizard|Charizard|Charizardite Y
|-weather|SunnyDay|[from] ability: Drought|[of] p2a: Charizard
|move|p1a: Poison Foison|Fake Out|p2a: Charizard
|-damage|p2a: Charizard|89/100
|move|p1b: Macho Nacho|Heat Wave|p2b: Incineroar|[spread] p2a
|-miss|p1b: Macho Nacho|p2b: Incineroar
|-resisted|p2a: Charizard|1
|-damage|p2a: Charizard|62/100
|cant|p2a: Charizard|flinch
|
|-weather|SunnyDay|[upkeep]
|upkeep
|turn|2
|inactive|efwefwefwefweifier has 30 seconds left.
|inactive|efwefwefwefweifier has 20 seconds left.
|inactive|efwefwefwefweifier has 15 seconds left.
|
|t:|1786178736
|switch|p1a: Merry Berry|Incineroar, L50, F, shiny|100/100
|-ability|p1a: Merry Berry|Intimidate|boost
|-unboost|p2a: Charizard|atk|1
|-unboost|p2b: Incineroar|atk|1
|move|p1b: Macho Nacho|Protect|p1b: Macho Nacho
|-singleturn|p1b: Macho Nacho|Protect
|move|p2a: Charizard|Ancient Power|p1b: Macho Nacho
|-activate|p1b: Macho Nacho|move: Protect
|move|p2b: Incineroar|Parting Shot|p1a: Merry Berry
|-unboost|p1a: Merry Berry|atk|1
|-unboost|p1a: Merry Berry|spa|1
|
|t:|1786178746
|switch|p2b: Garchomp|Garchomp, L50, F|100/100|[from] Parting Shot
|
|-weather|SunnyDay|[upkeep]
|upkeep
|turn|3
|inactive|efwefwefwefweifier has 30 seconds left.
|inactive|efwefwefwefweifier has 20 seconds left.
|inactive|efwefwefwefweifier has 15 seconds left.
|inactive|efwefwefwefweifier has 10 seconds left.
|
|t:|1786178793
|switch|p1b: Bartholomews|Hydreigon, L50, M, shiny|100/100
|move|p2b: Garchomp|Rock Slide|p1a: Merry Berry|[spread] p1a,p1b
|-supereffective|p1a: Merry Berry|1
|-damage|p1a: Merry Berry|61/100
|-damage|p1b: Bartholomews|76/100
|move|p2a: Charizard|Ancient Power|p1b: Bartholomews
|-damage|p1b: Bartholomews|49/100
|cant|p1a: Merry Berry|flinch
|
|-weather|SunnyDay|[upkeep]
|upkeep
|turn|4
|inactive|the rainy mouse has 30 seconds left.
|inactive|the rainy mouse has 20 seconds left.
|
|t:|1786178830
|switch|p2b: Incineroar|Incineroar, L50, M|100/100
|-ability|p2b: Incineroar|Intimidate|boost
|-unboost|p1a: Merry Berry|atk|1
|-unboost|p1b: Bartholomews|atk|1
|move|p2a: Charizard|Protect|p2a: Charizard
|-singleturn|p2a: Charizard|Protect
|move|p1b: Bartholomews|Snarl|p2a: Charizard|[spread] p2b
|-activate|p2a: Charizard|move: Protect
|-resisted|p2b: Incineroar|1
|-damage|p2b: Incineroar|91/100
|-unboost|p2b: Incineroar|spa|1
|move|p1a: Merry Berry|Parting Shot|p2b: Incineroar
|-unboost|p2b: Incineroar|atk|1
|-unboost|p2b: Incineroar|spa|1
|
|t:|1786178845
|switch|p1a: Macho Nacho|Delphox-Mega, L50, F|100/100|[from] Parting Shot
|
|-weather|SunnyDay|[upkeep]
|upkeep
|turn|5
|
|t:|1786178867
|switch|p1b: Merry Berry|Incineroar, L50, F, shiny|61/100
|-ability|p1b: Merry Berry|Intimidate|boost
|-unboost|p2a: Charizard|atk|1
|-unboost|p2b: Incineroar|atk|1
|switch|p2a: Garchomp|Garchomp, L50, F|100/100
|move|p2b: Incineroar|Fake Out|p1a: Macho Nacho
|-damage|p1a: Macho Nacho|91/100
|cant|p1a: Macho Nacho|flinch
|
|-weather|none
|upkeep
|turn|6
|
|t:|1786178886
|move|p1b: Merry Berry|Fake Out|p2a: Garchomp
|-damage|p2a: Garchomp|89/100
|-damage|p1b: Merry Berry|49/100|[from] ability: Rough Skin|[of] p2a: Garchomp
|-enditem|p1b: Merry Berry|Sitrus Berry|[eat]
|-heal|p1b: Merry Berry|73/100|[from] item: Sitrus Berry
|cant|p2a: Garchomp|flinch
|move|p1a: Macho Nacho|Nasty Plot|p1a: Macho Nacho
|-boost|p1a: Macho Nacho|spa|2
|move|p2b: Incineroar|Darkest Lariat|p1a: Macho Nacho
|-supereffective|p1a: Macho Nacho|1
|-damage|p1a: Macho Nacho|48/100
|
|upkeep
|turn|7
|
|t:|1786178903
|move|p1a: Macho Nacho|Protect|p1a: Macho Nacho
|-singleturn|p1a: Macho Nacho|Protect
|move|p2a: Garchomp|Rock Slide|p1a: Macho Nacho|[spread] p1b
|-activate|p1a: Macho Nacho|move: Protect
|-supereffective|p1b: Merry Berry|1
|-damage|p1b: Merry Berry|35/100
|move|p1b: Merry Berry|Parting Shot|p2a: Garchomp
|-unboost|p2a: Garchomp|atk|1
|-unboost|p2a: Garchomp|spa|1
|
|t:|1786178911
|switch|p1b: Poison Foison|Sneasler, L50, M|100/100|[from] Parting Shot
|move|p2b: Incineroar|Parting Shot|p1b: Poison Foison
|-unboost|p1b: Poison Foison|atk|1
|-unboost|p1b: Poison Foison|spa|1
|
|t:|1786178916
|switch|p2b: Venusaur|Venusaur, L50, M|100/100|[from] Parting Shot
|
|upkeep
|turn|8
|
|t:|1786178935
|switch|p2b: Incineroar|Incineroar, L50, M|91/100
|-ability|p2b: Incineroar|Intimidate|boost
|-unboost|p1a: Macho Nacho|atk|1
|-unboost|p1b: Poison Foison|atk|1
|move|p1b: Poison Foison|Fake Out|p2b: Incineroar
|-damage|p2b: Incineroar|85/100
|-status|p2b: Incineroar|psn|[from] ability: Poison Touch|[of] p1b: Poison Foison
|move|p2a: Garchomp|Rock Slide|p1b: Poison Foison|[spread] p1a,p1b
|-supereffective|p1a: Macho Nacho|1
|-resisted|p1b: Poison Foison|1
|-damage|p1a: Macho Nacho|6/100
|-damage|p1b: Poison Foison|87/100
|cant|p1a: Macho Nacho|flinch
|
|-damage|p2b: Incineroar|73/100 psn|[from] psn
|upkeep
|turn|9
|inactive|efwefwefwefweifier has 30 seconds left.
|
|t:|1786178969
|switch|p2b: Venusaur|Venusaur, L50, M|100/100
|move|p1a: Macho Nacho|Protect|p1a: Macho Nacho
|-singleturn|p1a: Macho Nacho|Protect
|move|p2a: Garchomp|Rock Slide|p1b: Poison Foison|[spread] 
|-activate|p1a: Macho Nacho|move: Protect
|-miss|p2a: Garchomp|p1b: Poison Foison
|move|p1b: Poison Foison|Close Combat|p2a: Garchomp
|-damage|p2a: Garchomp|60/100
|-unboost|p1b: Poison Foison|def|1
|-unboost|p1b: Poison Foison|spd|1
|-damage|p1b: Poison Foison|75/100|[from] ability: Rough Skin|[of] p2a: Garchomp
|
|upkeep
|turn|10
|
|t:|1786178987
|switch|p1b: Merry Berry|Incineroar, L50, F, shiny|35/100
|-ability|p1b: Merry Berry|Intimidate|boost
|-unboost|p2a: Garchomp|atk|1
|-unboost|p2b: Venusaur|atk|1
|move|p2a: Garchomp|Rock Slide|p1a: Macho Nacho|[spread] p1a,p1b
|-supereffective|p1a: Macho Nacho|1
|-supereffective|p1b: Merry Berry|1
|-damage|p1a: Macho Nacho|0 fnt
|-damage|p1b: Merry Berry|14/100
|faint|p1a: Macho Nacho
|move|p2b: Venusaur|Sludge Bomb|p1b: Merry Berry
|-damage|p1b: Merry Berry|0 fnt
|faint|p1b: Merry Berry
|-damage|p2b: Venusaur|90/100|[from] item: Life Orb
|
|upkeep
|
|t:|1786178993
|switch|p1a: Poison Foison|Sneasler, L50, M|75/100
|switch|p1b: Bartholomews|Hydreigon, L50, M, shiny|49/100
|turn|11
|
|t:|1786179001
|switch|p2a: Incineroar|Incineroar, L50, M|73/100 psn
|-ability|p2a: Incineroar|Intimidate|boost
|-unboost|p1a: Poison Foison|atk|1
|-unboost|p1b: Bartholomews|atk|1
|move|p2b: Venusaur|Protect|p2b: Venusaur
|-singleturn|p2b: Venusaur|Protect
|move|p1a: Poison Foison|Fake Out|p2b: Venusaur
|-activate|p2b: Venusaur|move: Protect
|move|p1b: Bartholomews|Snarl|p2b: Venusaur|[spread] p2a
|-activate|p2b: Venusaur|move: Protect
|-resisted|p2a: Incineroar|1
|-damage|p2a: Incineroar|64/100 psn
|-unboost|p2a: Incineroar|spa|1
|
|-damage|p2a: Incineroar|51/100 psn|[from] psn
|upkeep
|turn|12
|
|t:|1786179011
|move|p1a: Poison Foison|Quick Guard|p1a: Poison Foison
|-singleturn|p1a: Poison Foison|Quick Guard
|move|p2a: Incineroar|Fake Out|p1a: Poison Foison
|-activate|p1a: Poison Foison|move: Quick Guard
|move|p1b: Bartholomews|Snarl|p2a: Incineroar|[spread] p2b
|-miss|p1b: Bartholomews|p2a: Incineroar
|-damage|p2b: Venusaur|65/100
|-unboost|p2b: Venusaur|spa|1
|move|p2b: Venusaur|Earth Power|p1a: Poison Foison
|-supereffective|p1a: Poison Foison|1
|-crit|p1a: Poison Foison
|-damage|p1a: Poison Foison|0 fnt
|faint|p1a: Poison Foison
|-damage|p2b: Venusaur|56/100|[from] item: Life Orb
|
|-damage|p2a: Incineroar|39/100 psn|[from] psn
|upkeep
|-enditem|p2a: Incineroar|Sitrus Berry|[eat]
|-heal|p2a: Incineroar|64/100 psn|[from] item: Sitrus Berry
|turn|13
|
|t:|1786179032
|move|p2b: Venusaur|Protect|p2b: Venusaur
|-singleturn|p2b: Venusaur|Protect
|move|p1b: Bartholomews|Snarl|p2a: Incineroar|[spread] p2a
|-activate|p2b: Venusaur|move: Protect
|-resisted|p2a: Incineroar|1
|-damage|p2a: Incineroar|53/100 psn
|-unboost|p2a: Incineroar|spa|1
|move|p2a: Incineroar|Parting Shot|p1b: Bartholomews
|-unboost|p1b: Bartholomews|atk|1
|-unboost|p1b: Bartholomews|spa|1
|
|t:|1786179034
|switch|p2a: Garchomp|Garchomp, L50, F|60/100|[from] Parting Shot
|
|upkeep
|turn|14
|
|t:|1786179038
|move|p2a: Garchomp|Dragon Claw|p1b: Bartholomews
|-supereffective|p1b: Bartholomews|1
|-damage|p1b: Bartholomews|0 fnt
|faint|p1b: Bartholomews
|
|win|the rainy mouse
||the rainy mouse is ready for game 2.
||efwefwefwefweifier is ready for game 2.
|uhtml|next|Next: Game 2 of 3
