|j|☆Schrodingercatgirl
|j|☆new mental
|html|Schrodingercatgirlnew mental    
|uhtml|bestof|Game 2 of a best-of-3
|t:|1783596905
|gametype|doubles
|player|p1|Schrodingercatgirl|266|1370
|player|p2|new mental|volkner|1336
|gen|9
|tier|[Gen 9 Champions] VGC 2026 Reg M-B (Bo3)
|rated|
|rule|Species Clause: Limit one of each Pokémon
|rule|Item Clause: Limit 1 of each item
|clearpoke
|poke|p1|Blaziken, L50, F|
|poke|p1|Venusaur, L50, M|
|poke|p1|Kingambit, L50, M|
|poke|p1|Grimmsnarl, L50, M|
|poke|p1|Basculegion, L50, M|
|poke|p1|Dragonite, L50, M|
|poke|p2|Charizard, L50, F|
|poke|p2|Kingambit, L50, M|
|poke|p2|Sylveon, L50, M|
|poke|p2|Garchomp, L50, M|
|poke|p2|Aerodactyl, L50, F|
|poke|p2|Farigiraf, L50, F|
|teampreview|4
|showteam|p1|Blaziken||FocusSash|SpeedBoost|HeatWave,FocusBlast,WillOWisp,Detect|Modest||F|||50|]Venusaur||Venusaurite|Chlorophyll|GigaDrain,SludgeBomb,EarthPower,Protect|Modest||M|||50|]Kingambit||LifeOrb|Defiant|IronHead,SuckerPunch,LowKick,Protect|Adamant||M|||50|]Grimmsnarl||LightClay|Prankster|Reflect,LightScreen,SuckerPunch,SpiritBreak|Adamant||M|||50|]Basculegion||MysticWater|Adaptability|LastRespects,WaveCrash,AquaJet,Protect|Adamant||M|||50|]Dragonite||Dragoninite|InnerFocus|Tailwind,Protect,DragonPulse,HeatWave|Modest||M|||50|
|showteam|p2|Charizard||CharizarditeY|SolarPower|Protect,HeatWave,SolarBeam,WeatherBall|Modest||F|||50|]Kingambit||FocusSash|Defiant|IronHead,SuckerPunch,KowtowCleave,LowKick|Adamant||M|||50|]Sylveon||FairyFeather|Pixilate|Detect,HyperVoice,HyperBeam,QuickAttack|Modest||M|||50|]Garchomp||LifeOrb|RoughSkin|Protect,DragonClaw,Earthquake,RockSlide|Jolly||M|||50|]Aerodactyl||Aerodactylite|Unnerve|IceFang,RockSlide,Tailwind,DualWingbeat|Jolly||F|||50|]Farigiraf||SitrusBerry|ArmorTail|TrickRoom,Psychic,Thunderbolt,Roar|Bold||F|||50|
|inactive|Battle timer is ON: inactive players will automatically lose when time's up. (requested by new mental)
|
|t:|1783596953
|teamsize|p1|4
|teamsize|p2|4
|start
|switch|p1a: Grimmsnarl|Grimmsnarl, L50, M|100/100
|switch|p1b: Venusaur|Venusaur, L50, M|100/100
|switch|p2a: Charizard|Charizard, L50, F|100/100
|switch|p2b: Kingambit|Kingambit, L50, M|100/100
|turn|1
|
|t:|1783596976
|detailschange|p2a: Charizard|Charizard-Mega-Y, L50, F
|-mega|p2a: Charizard|Charizard|Charizardite Y
|-weather|SunnyDay|[from] ability: Drought|[of] p2a: Charizard
|detailschange|p1b: Venusaur|Venusaur-Mega, L50, M
|-mega|p1b: Venusaur|Venusaur|Venusaurite
|move|p1a: Grimmsnarl|Light Screen|p1a: Grimmsnarl
|-sidestart|p1: Schrodingercatgirl|move: Light Screen
|move|p2a: Charizard|Heat Wave|p1a: Grimmsnarl|[spread] p1a,p1b
|-supereffective|p1b: Venusaur|1
|-damage|p1a: Grimmsnarl|59/100
|-damage|p1b: Venusaur|63/100
|move|p1b: Venusaur|Sludge Bomb|p2a: Charizard
|-damage|p2a: Charizard|55/100
|-status|p2a: Charizard|psn
|move|p2b: Kingambit|Iron Head|p1a: Grimmsnarl
|-supereffective|p1a: Grimmsnarl|1
|-damage|p1a: Grimmsnarl|0 fnt
|faint|p1a: Grimmsnarl
|
|-weather|SunnyDay|[upkeep]
|-damage|p2a: Charizard|43/100 psn|[from] psn
|upkeep
|
|t:|1783596982
|switch|p1a: Dragonite|Dragonite, L50, M|100/100
|turn|2
|inactive|new mental has 30 seconds left.
|
|t:|1783597009
|move|p2a: Charizard|Protect|p2a: Charizard
|-singleturn|p2a: Charizard|Protect
|move|p1b: Venusaur|Protect|p1b: Venusaur
|-singleturn|p1b: Venusaur|Protect
|move|p2b: Kingambit|Kowtow Cleave|p1a: Dragonite
|-damage|p1a: Dragonite|59/100
|move|p1a: Dragonite|Tailwind|p1a: Dragonite
|-sidestart|p1: Schrodingercatgirl|move: Tailwind
|
|-weather|SunnyDay|[upkeep]
|-damage|p2a: Charizard|31/100 psn|[from] psn
|upkeep
|turn|3
|
|t:|1783597031
|switch|p2a: Farigiraf|Farigiraf, L50, F|100/100
|move|p2b: Kingambit|Sucker Punch|p1b: Venusaur
|-damage|p1b: Venusaur|32/100
|move|p1b: Venusaur|Earth Power|p2b: Kingambit
|-supereffective|p2b: Kingambit|1
|-damage|p2b: Kingambit|28/100
|move|p1a: Dragonite|Heat Wave|p2b: Kingambit|[spread] p2a,p2b
|-supereffective|p2b: Kingambit|1
|-damage|p2a: Farigiraf|66/100
|-damage|p2b: Kingambit|0 fnt
|faint|p2b: Kingambit
|
|-weather|SunnyDay|[upkeep]
|upkeep
|
|t:|1783597042
|switch|p2b: Sylveon|Sylveon, L50, M|100/100
|turn|4
|inactive|new mental has 30 seconds left.
|
|t:|1783597072
|move|p1b: Venusaur|Giga Drain|p2a: Farigiraf
|-damage|p2a: Farigiraf|25/100
|-heal|p1b: Venusaur|57/100|[from] drain|[of] p2a: Farigiraf
|-enditem|p2a: Farigiraf|Sitrus Berry|[eat]
|-heal|p2a: Farigiraf|50/100g|[from] item: Sitrus Berry
|move|p1a: Dragonite|Dragon Pulse|p2a: Farigiraf
|-damage|p2a: Farigiraf|16/100
|move|p2b: Sylveon|Hyper Voice|p1a: Dragonite|[spread] p1a,p1b
|-supereffective|p1a: Dragonite|1
|-resisted|p1b: Venusaur|1
|-damage|p1a: Dragonite|0 fnt
|-damage|p1b: Venusaur|44/100
|faint|p1a: Dragonite
|move|p2a: Farigiraf|Trick Room|p2a: Farigiraf
|-fieldstart|move: Trick Room|[of] p2a: Farigiraf
|
|-weather|SunnyDay|[upkeep]
|upkeep
|
|t:|1783597082
|switch|p1a: Kingambit|Kingambit, L50, M|100/100
|turn|5
|
|t:|1783597091
|move|p1b: Venusaur|Protect|p1b: Venusaur
|-singleturn|p1b: Venusaur|Protect
|move|p2a: Farigiraf|Psychic|p1b: Venusaur
|-activate|p1b: Venusaur|move: Protect
|move|p2b: Sylveon|Hyper Beam|p1a: Kingambit
|-damage|p1a: Kingambit|18/100
|-mustrecharge|p2b: Sylveon
|move|p1a: Kingambit|Iron Head|p2b: Sylveon
|-supereffective|p2b: Sylveon|1
|-damage|p2b: Sylveon|0 fnt
|faint|p2b: Sylveon
|-damage|p1a: Kingambit|8/100|[from] item: Life Orb
|
|-weather|none
|-sideend|p1: Schrodingercatgirl|move: Tailwind
|upkeep
|
|t:|1783597098
|switch|p2b: Charizard|Charizard-Mega-Y, L50, F|31/100 psn
|-weather|SunnyDay|[from] ability: Drought|[of] p2b: Charizard
|turn|6
|
|t:|1783597117
|move|p2b: Charizard|Protect|p2b: Charizard
|-singleturn|p2b: Charizard|Protect
|move|p2a: Farigiraf|Thunderbolt|p1a: Kingambit
|-damage|p1a: Kingambit|0 fnt
|faint|p1a: Kingambit
|move|p1b: Venusaur|Sludge Bomb|p2b: Charizard
|-activate|p2b: Charizard|move: Protect
|
|-weather|SunnyDay|[upkeep]
|-damage|p2b: Charizard|19/100 psn|[from] psn
|upkeep
|turn|7
|
|t:|1783597128
|move|p2a: Farigiraf|Psychic|p1b: Venusaur
|-supereffective|p1b: Venusaur|1
|-damage|p1b: Venusaur|2/100
|move|p1b: Venusaur|Sludge Bomb|p2b: Charizard
|-damage|p2b: Charizard|0 fnt
|faint|p2b: Charizard
|
|-weather|SunnyDay|[upkeep]
|upkeep
|turn|8
|
|t:|1783597135
|move|p1b: Venusaur|Protect|p1b: Venusaur
|-singleturn|p1b: Venusaur|Protect
|move|p2a: Farigiraf|Psychic|p1b: Venusaur
|-activate|p1b: Venusaur|move: Protect
|
|-weather|SunnyDay|[upkeep]
|-sideend|p1: Schrodingercatgirl|move: Light Screen
|-fieldend|move: Trick Room
|upkeep
|turn|9
|
|t:|1783597138
|move|p1b: Venusaur|Giga Drain|p2a: Farigiraf
|-damage|p2a: Farigiraf|0 fnt
|-heal|p1b: Venusaur|13/100|[from] drain|[of] p2a: Farigiraf
|faint|p2a: Farigiraf
|
|win|Schrodingercatgirl
|raw|Schrodingercatgirl's rating: 1370 → 1388(+18 for winning)
|raw|new mental's rating: 1336 → 1318(-18 for losing)
|l|☆Schrodingercatgirl
|player|p1|
