|j|☆ScillyWi11y
|j|☆andrewsp965
|html|ScillyWi11yandrewsp965    
|uhtml|bestof|Game 2 of a best-of-3
|t:|1756164217
|gametype|doubles
|player|p1|ScillyWi11y|101|1063
|player|p2|andrewsp965|266|1042
|gen|9
|tier|[Gen 9] VGC 2025 Reg H (Bo3)
|rated|
|rule|Species Clause: Limit one of each Pokémon
|rule|Item Clause: Limit 1 of each item
|clearpoke
|poke|p1|Garchomp, L50, F|
|poke|p1|Whimsicott, L50, M|
|poke|p1|Incineroar, L50, F|
|poke|p1|Gengar, L50, M|
|poke|p1|Primarina, L50, F|
|poke|p1|Kingambit, L50, F|
|poke|p2|Garchomp, L50, M|
|poke|p2|Typhlosion-Hisui, L50, F|
|poke|p2|Jumpluff, L50, M|
|poke|p2|Torkoal, L50, M|
|poke|p2|Dragonite, L50, M|
|poke|p2|Kingambit, L50, F|
|teampreview|4
|showteam|p1|Garchomp||LifeOrb|RoughSkin|Earthquake,Protect,DragonClaw,StompingTantrum|||F|||50|,,,,,Fairy]Whimsicott||CovertCloak|Prankster|Tailwind,FakeTears,Taunt,Moonblast|||M|||50|,,,,,Fairy]Incineroar||SafetyGoggles|Intimidate|FakeOut,Protect,PartingShot,KnockOff|||F|||50|,,,,,Bug]Gengar||FocusSash|CursedBody|SludgeBomb,ShadowBall,Protect,TrickRoom|||M|||50|,,,,,Grass]Primarina||ThroatSpray|LiquidVoice|Moonblast,HyperVoice,CalmMind,Protect|||F|||50|,,,,,Water]Kingambit||BlackGlasses|Defiant|SuckerPunch,KowtowCleave,Protect,IronHead|||F|||50|,,,,,Flying
|showteam|p2|Garchomp||LifeOrb|RoughSkin|DragonClaw,StompingTantrum,Earthquake,Protect|||M|||50|,,,,,Fairy]Typhlosion-Hisui||ChoiceSpecs|Blaze|Eruption,HeatWave,ShadowBall,Overheat|||F|||50|,,,,,Fire]Jumpluff||CovertCloak|Chlorophyll|Tailwind,SleepPowder,Encore,LeafStorm|||M|||50|,,,,,Dark]Torkoal||EjectPack|Drought|Overheat,HelpingHand,BurningJealousy,Protect|||M|||50|,,,,,Flying]Dragonite||LoadedDice|Multiscale|ScaleShot,ExtremeSpeed,IceSpinner,Protect|||M|||50|,,,,,Fairy]Kingambit||AssaultVest|Defiant|IronHead,SuckerPunch,Assurance,LowKick|||F|||50|,,,,,Flying
|inactive|Battle timer is ON: inactive players will automatically lose when time's up. (requested by ScillyWi11y)
|
|t:|1756164249
|teamsize|p1|4
|teamsize|p2|4
|start
|switch|p1a: Whimsicott|Whimsicott, L50, M|100/100
|switch|p1b: Incineroar|Incineroar, L50, F|100/100
|switch|p2a: Jumpluff|Jumpluff, L50, M|100/100
|switch|p2b: Dragonite|Dragonite, L50, M|100/100
|-ability|p1b: Incineroar|Intimidate|boost
|-unboost|p2a: Jumpluff|atk|1
|-unboost|p2b: Dragonite|atk|1
|turn|1
|inactive|ScillyWi11y has 30 seconds left.
|inactive|andrewsp965 has 30 seconds left.
|
|t:|1756164279
|switch|p2a: Garchomp|Garchomp, L50, M|100/100
|move|p2b: Dragonite|Protect|p2b: Dragonite
|-singleturn|p2b: Dragonite|Protect
|move|p1b: Incineroar|Fake Out|p2b: Dragonite
|-activate|p2b: Dragonite|move: Protect
|move|p1a: Whimsicott|Moonblast|p2a: Garchomp
|-supereffective|p2a: Garchomp
|-damage|p2a: Garchomp|31/100
|
|upkeep
|turn|2
|
|t:|1756164296
|move|p1a: Whimsicott|Tailwind|p1a: Whimsicott
|-sidestart|p1: ScillyWi11y|move: Tailwind
|move|p2a: Garchomp|Earthquake|p1b: Incineroar|[spread] p1a,p1b
|-immune|p2b: Dragonite
|-resisted|p1a: Whimsicott
|-supereffective|p1b: Incineroar
|-damage|p1a: Whimsicott|75/100
|-damage|p1b: Incineroar|8/100
|-damage|p2a: Garchomp|21/100|[from] item: Life Orb
|move|p1b: Incineroar|Knock Off|p2b: Dragonite
|-damage|p2b: Dragonite|80/100
|-enditem|p2b: Dragonite|Loaded Dice|[from] move: Knock Off|[of] p1b: Incineroar
|move|p2b: Dragonite|Ice Spinner|p1a: Whimsicott
|-supereffective|p1a: Whimsicott
|-damage|p1a: Whimsicott|32/100
|
|upkeep
|turn|3
|inactive|ScillyWi11y has 30 seconds left.
|inactive|andrewsp965 has 30 seconds left.
|
|t:|1756164323
|move|p2b: Dragonite|Extreme Speed|p1b: Incineroar
|-damage|p1b: Incineroar|0 fnt
|faint|p1b: Incineroar
|move|p1a: Whimsicott|Moonblast|p2a: Garchomp
|-supereffective|p2a: Garchomp
|-damage|p2a: Garchomp|0 fnt
|faint|p2a: Garchomp
|
|upkeep
|
|t:|1756164333
|switch|p2a: Jumpluff|Jumpluff, L50, M|100/100
|switch|p1b: Primarina|Primarina, L50, F|100/100
|turn|4
|
|t:|1756164356
|-terastallize|p2b: Dragonite|Fairy
|move|p2b: Dragonite|Extreme Speed|p1a: Whimsicott
|-damage|p1a: Whimsicott|14/100
|move|p1a: Whimsicott|Taunt|p2a: Jumpluff
|-start|p2a: Jumpluff|move: Taunt
|move|p2a: Jumpluff|Leaf Storm|p1b: Primarina
|-supereffective|p1b: Primarina
|-damage|p1b: Primarina|48/100
|-unboost|p2a: Jumpluff|spa|2
|move|p1b: Primarina|Calm Mind|p1b: Primarina
|-boost|p1b: Primarina|spa|1
|-boost|p1b: Primarina|spd|1
|
|upkeep
|turn|5
|inactive|ScillyWi11y has 30 seconds left.
|
|t:|1756164390
|switch|p2a: Torkoal|Torkoal, L50, M|100/100
|-weather|SunnyDay|[from] ability: Drought|[of] p2a: Torkoal
|move|p1a: Whimsicott|Fake Tears|p2b: Dragonite
|-unboost|p2b: Dragonite|spd|2
|move|p1b: Primarina|Hyper Voice|p2a: Torkoal|[spread] p2a,p2b
|-supereffective|p2a: Torkoal
|-damage|p2a: Torkoal|30/100
|-damage|p2b: Dragonite|24/100
|-enditem|p1b: Primarina|Throat Spray
|-boost|p1b: Primarina|spa|1|[from] item: Throat Spray
|move|p2b: Dragonite|Ice Spinner|p1a: Whimsicott
|-supereffective|p1a: Whimsicott
|-damage|p1a: Whimsicott|0 fnt
|faint|p1a: Whimsicott
|
|-weather|SunnyDay|[upkeep]
|-sideend|p1: ScillyWi11y|move: Tailwind
|upkeep
|
|t:|1756164403
|switch|p1a: Gengar|Gengar, L50, M|100/100
|turn|6
|
|t:|1756164414
|move|p2a: Torkoal|Helping Hand|p2b: Dragonite
|-singleturn|p2b: Dragonite|Helping Hand|[of] p2a: Torkoal
|move|p2b: Dragonite|Extreme Speed|p1b: Primarina
|-damage|p1b: Primarina|6/100
|move|p1a: Gengar|Sludge Bomb|p2b: Dragonite
|-supereffective|p2b: Dragonite
|-damage|p2b: Dragonite|0 fnt
|faint|p2b: Dragonite
|move|p1b: Primarina|Hyper Voice|p2a: Torkoal
|-supereffective|p2a: Torkoal
|-damage|p2a: Torkoal|0 fnt
|faint|p2a: Torkoal
|
|-weather|SunnyDay|[upkeep]
|upkeep
|
|t:|1756164431
|switch|p2a: Jumpluff|Jumpluff, L50, M|100/100
|turn|7
|
|t:|1756164438
|move|p2a: Jumpluff|Sleep Powder|p1a: Gengar|[miss]
|-miss|p2a: Jumpluff|p1a: Gengar
|move|p1a: Gengar|Sludge Bomb|p2a: Jumpluff
|-supereffective|p2a: Jumpluff
|-damage|p2a: Jumpluff|0 fnt
|faint|p2a: Jumpluff
|
|win|ScillyWi11y
||ScillyWi11y is ready for game 3.
||andrewsp965 is ready for game 3.
|uhtml|next|Next: Game 3 of 3
|l|☆ScillyWi11y
|player|p1|
|l|☆andrewsp965
|player|p2|
|j|☆andrewsp965
|player|p2|andrewsp965|266|
