|j|☆Saecha0
|j|☆SaikoCEO
|html|Saecha0SaikoCEO    
|uhtml|bestof|Game 1 of a best-of-3
|t:|1785439571
|gametype|doubles
|player|p1|Saecha0|265|
|player|p2|SaikoCEO|janitor|
|gen|9
|tier|[Gen 9 Champions] VGC 2026 Reg M-B (Bo3)
|rule|Species Clause: Limit one of each Pokémon
|rule|Item Clause: Limit 1 of each item
|clearpoke
|poke|p1|Greninja, L50, F, shiny|
|poke|p1|Vanilluxe, L50, M, shiny|
|poke|p1|Farigiraf, L50, F|
|poke|p1|Whimsicott, L50, M, shiny|
|poke|p1|Froslass, L50, F|
|poke|p1|Garchomp, L50, F|
|poke|p2|Swampert, L50, F, shiny|
|poke|p2|Basculegion, L50, M|
|poke|p2|Archaludon, L50, F|
|poke|p2|Pelipper, L50, M|
|poke|p2|Greninja, L50, M|
|poke|p2|Sableye, L50, M|
|teampreview|4
|showteam|p1|Greninja||Greninjite|Torrent|HydroPump,Blizzard,DarkPulse,Protect|Modest||F|||50|]Vanilluxe||OccaBerry|SnowWarning|FlashCannon,Blizzard,AuroraVeil,Protect|Modest||M|||50|]Farigiraf||SitrusBerry|ArmorTail|TrickRoom,ThunderWave,HyperVoice,HelpingHand|Bold||F|||50|]Whimsicott||FocusSash|Prankster|Psychic,Tailwind,Moonblast,Encore|Modest||M|||50|]Froslass||Froslassite|CursedBody|Blizzard,Psychic,ShadowBall,Protect|Timid||F|||50|]Garchomp||LifeOrb|RoughSkin|BrickBreak,Earthquake,IronHead,RockSlide|Adamant||F|||50|
|showteam|p2|Swampert||Swampertite|Damp|Earthquake,WaveCrash,HighHorsepower,WideGuard|Adamant||F|||50|]Basculegion||LifeOrb|SwiftSwim|LastRespects,WaveCrash,AquaJet,Protect|Adamant||M|||50|]Archaludon||Leftovers|Stamina|ElectroShot,DragonPulse,FlashCannon,Protect|Modest||F|||50|]Pelipper||DampRock|Drizzle|WeatherBall,Hurricane,Tailwind,HelpingHand|Modest||M|||50|]Greninja||FocusSash|Torrent|WeatherBall,WaterShuriken,DarkPulse,Protect|Timid||M|||50|]Sableye||LightClay|Prankster|RainDance,LightScreen,Reflect,FakeOut|Careful||M|||50|
|
|t:|1785439598
|teamsize|p1|4
|teamsize|p2|4
|start
|switch|p1a: Whimsicott|Whimsicott, L50, M, shiny|100/100
|switch|p1b: Garchomp|Garchomp, L50, F|100/100
|switch|p2a: THE GOAT|Sableye, L50, M|100/100
|switch|p2b: Archaludon|Archaludon, L50, F|100/100
|turn|1
|
|t:|1785439621
|move|p2a: THE GOAT|Fake Out|p1a: Whimsicott
|-damage|p1a: Whimsicott|90/100
|cant|p1a: Whimsicott|flinch
|move|p1b: Garchomp|Earthquake|p2b: Archaludon|[spread] p1a,p2a,p2b
|-resisted|p1a: Whimsicott|1
|-supereffective|p2b: Archaludon|1
|-damage|p1a: Whimsicott|60/100
|-damage|p2a: THE GOAT|20/100y
|-damage|p2b: Archaludon|17/100
|-ability|p2b: Archaludon|Stamina|boost
|-boost|p2b: Archaludon|def|1
|-damage|p1b: Garchomp|90/100|[from] item: Life Orb
|move|p2b: Archaludon|Dragon Pulse|p1b: Garchomp
|-supereffective|p1b: Garchomp|1
|-damage|p1b: Garchomp|10/100
|
|-heal|p2b: Archaludon|23/100|[from] item: Leftovers
|upkeep
|turn|2
|
|t:|1785439651
|move|p2b: Archaludon|Protect|p2b: Archaludon
|-singleturn|p2b: Archaludon|Protect
|move|p1a: Whimsicott|Tailwind|p1a: Whimsicott
|-sidestart|p1: Saecha0|move: Tailwind
|move|p2a: THE GOAT|Light Screen|p2a: THE GOAT
|-sidestart|p2: SaikoCEO|move: Light Screen
|move|p1b: Garchomp|Rock Slide|p2b: Archaludon|[spread] p2a
|-activate|p2b: Archaludon|move: Protect
|-damage|p2a: THE GOAT|0 fnt
|faint|p2a: THE GOAT
|-damage|p1b: Garchomp|1/100|[from] item: Life Orb
|
|-heal|p2b: Archaludon|29/100|[from] item: Leftovers
|upkeep
|c|☆SaikoCEO|bro
|c|☆SaikoCEO|1hp
|
|t:|1785439685
|switch|p2a: Swampert|Swampert, L50, F, shiny|100/100
|turn|3
|inactive|Battle timer is ON: inactive players will automatically lose when time's up. (requested by SaikoCEO)
|
|t:|1785439757
|switch|p2b: Pelipper|Pelipper, L50, M|100/100
|-weather|RainDance|[from] ability: Drizzle|[of] p2b: Pelipper
|detailschange|p2a: Swampert|Swampert-Mega, L50, F, shiny
|-mega|p2a: Swampert|Swampert|Swampertite
|move|p1a: Whimsicott|Moonblast|p2a: Swampert
|-damage|p2a: Swampert|83/100
|move|p1b: Garchomp|Brick Break|p2a: Swampert
|-sideend|p2: SaikoCEO|move: Light Screen
|-damage|p2a: Swampert|53/100
|-damage|p1b: Garchomp|0 fnt|[from] item: Life Orb
|faint|p1b: Garchomp
|move|p2a: Swampert|Earthquake|p1a: Whimsicott|[spread] p1a
|-immune|p2b: Pelipper
|-resisted|p1a: Whimsicott|1
|-damage|p1a: Whimsicott|37/100
|
|-weather|RainDance|[upkeep]
|upkeep
|
|t:|1785439769
|switch|p1b: Vanilluxe|Vanilluxe, L50, M, shiny|100/100
|-weather|Snowscape|[from] ability: Snow Warning|[of] p1b: Vanilluxe
|turn|4
|c|☆Saecha0|Icl
|c|☆Saecha0|I called this
|c|☆Saecha0|but
|c|☆Saecha0|kinda didn’t want that screen
|inactive|SaikoCEO has 30 seconds left.
|inactive|SaikoCEO has 20 seconds left.
|
|t:|1785439807
|switch|p2b: Archaludon|Archaludon, L50, F|29/100
|move|p1a: Whimsicott|Moonblast|p2a: Swampert
|-damage|p2a: Swampert|29/100
|-unboost|p2a: Swampert|spa|1
|move|p1b: Vanilluxe|Blizzard|p2a: Swampert|[spread] p2a,p2b
|-damage|p2a: Swampert|0 fnt
|-damage|p2b: Archaludon|0 fnt
|faint|p2a: Swampert
|faint|p2b: Archaludon
|
|-weather|Snowscape|[upkeep]
|upkeep
|c|☆SaikoCEO|oops
|
|t:|1785439825
|switch|p2b: Pelipper|Pelipper, L50, M|100/100
|-weather|RainDance|[from] ability: Drizzle|[of] p2b: Pelipper
|turn|5
|
|t:|1785439841
|switch|p1b: Greninja|Greninja, L50, F, shiny|100/100
|move|p1a: Whimsicott|Psychic|p2b: Pelipper
|-damage|p2b: Pelipper|80/100
|move|p2b: Pelipper|Hurricane|p1a: Whimsicott
|-supereffective|p1a: Whimsicott|1
|-damage|p1a: Whimsicott|0 fnt
|faint|p1a: Whimsicott
|
|-weather|RainDance|[upkeep]
|-sideend|p1: Saecha0|move: Tailwind
|upkeep
|
|t:|1785439851
|switch|p1a: Vanilluxe|Vanilluxe, L50, M, shiny|100/100
|-weather|Snowscape|[from] ability: Snow Warning|[of] p1a: Vanilluxe
|turn|6
|
|t:|1785439859
|detailschange|p1b: Greninja|Greninja-Mega, L50, F, shiny
|-mega|p1b: Greninja|Greninja|Greninjite
|move|p1b: Greninja|Blizzard|p2b: Pelipper
|-start|p1b: Greninja|typechange|Ice|[from] ability: Protean
|-damage|p2b: Pelipper|8/100
|move|p1a: Vanilluxe|Blizzard|p2b: Pelipper
|-damage|p2b: Pelipper|0 fnt
|faint|p2b: Pelipper
|
|win|Saecha0
||SaikoCEO is ready for game 2.
||Saecha0 is ready for game 2.
|uhtml|next|Next: Game 2 of 3
