|j|☆corndog7
|j|☆minccino fan
|html|corndog7minccino fan    
|uhtml|bestof|Game 1 of a best-of-3
|t:|1756270984
|gametype|doubles
|player|p1|corndog7|roughneck|1166
|player|p2|minccino fan|170|1078
|gen|9
|tier|[Gen 9] VGC 2025 Reg H (Bo3)
|rated|
|rule|Species Clause: Limit one of each Pokémon
|rule|Item Clause: Limit 1 of each item
|clearpoke
|poke|p1|Sneasler, L50, F|
|poke|p1|Milotic, L50, F|
|poke|p1|Volcarona, L50, F|
|poke|p1|Dragapult, L50, F|
|poke|p1|Indeedee, L50, M|
|poke|p1|Clefable, L50, M|
|poke|p2|Charizard, L50, F|
|poke|p2|Torkoal, L50, F|
|poke|p2|Porygon2, L50|
|poke|p2|Incineroar, L50, F|
|poke|p2|Jumpluff, L50, F|
|poke|p2|Ursaluna, L50, F|
|teampreview|4
|showteam|p1|Sneasler||PsychicSeed|Unburden|DireClaw,CloseCombat,ThroatChop,Protect|||F|||50|,,,,,Dark]Milotic||Leftovers|Competitive|Scald,MuddyWater,IceBeam,Protect|||F|||50|,,,,,Dragon]Volcarona||CovertCloak|FlameBody|HeatWave,GigaDrain,QuiverDance,Protect|||F|||50|,,,,,Grass]Dragapult||ChoiceBand|ClearBody|DragonDarts,Outrage,PhantomForce,Uturn|||F|||50|,,,,,Dragon]Indeedee||FocusSash|PsychicSurge|ExpandingForce,TeraBlast,Encore,Protect|||M|||50|,,,,,Fighting]Clefable||SitrusBerry|Unaware|Moonblast,HelpingHand,FollowMe,Protect|||M|||50|,,,,,Steel
|showteam|p2|Charizard||ChoiceSpecs|SolarPower|HeatWave,Overheat,WeatherBall,AirSlash|||F|||50|,,,,,Ghost]Torkoal||EjectPack|Drought|Eruption,Overheat,HelpingHand,Protect|||F|||50|,,,,,Fire]Porygon2||Eviolite|Download|TeraBlast,IceBeam,Recover,TrickRoom||||||50|,,,,,Fighting]Incineroar||SitrusBerry|Intimidate|FlareBlitz,KnockOff,FakeOut,PartingShot|||F|||50|,,,,,Ghost]Jumpluff||CovertCloak|Chlorophyll|SleepPowder,SunnyDay,RagePowder,Tailwind|||F|||50|,,,,,Water]Ursaluna||FlameOrb|Guts|HeadlongRush,Facade,Earthquake,Protect|||F|||50|,,,,,Ghost
|inactive|Battle timer is ON: inactive players will automatically lose when time's up. (requested by minccino fan)
|inactive|corndog7 also wants the timer to be on.
|inactive|minccino fan has 60 seconds left.
|
|t:|1756271024
|teamsize|p1|4
|teamsize|p2|4
|start
|switch|p1a: Sneasler|Sneasler, L50, F|100/100
|switch|p1b: Milotic|Milotic, L50, F|100/100
|switch|p2a: Incineroar|Incineroar, L50, F|100/100
|switch|p2b: Porygon2|Porygon2, L50|100/100
|-ability|p2a: Incineroar|Intimidate|boost
|-unboost|p1a: Sneasler|atk|1
|-unboost|p1b: Milotic|atk|1
|-ability|p1b: Milotic|Competitive|boost
|-boost|p1b: Milotic|spa|2
|-ability|p2b: Porygon2|Download|boost
|-boost|p2b: Porygon2|atk|1
|turn|1
|inactive|minccino fan has 30 seconds left.
|
|t:|1756271054
|switch|p1a: Indeedee|Indeedee, L50, M|100/100
|-fieldstart|move: Psychic Terrain|[from] ability: Psychic Surge|[of] p1a: Indeedee
|-terastallize|p2a: Incineroar|Ghost
|move|p2a: Incineroar|Parting Shot|p1a: Indeedee
|-unboost|p1a: Indeedee|atk|1
|-unboost|p1a: Indeedee|spa|1
|
|t:|1756271077
|switch|p2a: Jumpluff|Jumpluff, L50, F|100/100|[from] Parting Shot
|move|p1b: Milotic|Muddy Water|p2b: Porygon2|[spread] p2a,p2b
|-resisted|p2a: Jumpluff
|-damage|p2a: Jumpluff|72/100
|-damage|p2b: Porygon2|63/100
|move|p2b: Porygon2|Trick Room|p2b: Porygon2
|-fieldstart|move: Trick Room|[of] p2b: Porygon2
|
|upkeep
|turn|2
|inactive|corndog7 has 30 seconds left.
|inactive|corndog7 has 20 seconds left.
|inactive|minccino fan has 30 seconds left.
|l|☆corndog7
|inactive|corndog7 disconnected and has a minute to reconnect!
|player|p1|
|inactive|corndog7 has 15 seconds left.
|inactive|corndog7 has 10 seconds left.
|inactive|corndog7 has 5 seconds left.
|inactive|minccino fan has 20 seconds left.
|j|☆corndog7
|inactive|corndog7 reconnected and has 5 seconds left.
|player|p1|corndog7|roughneck|
|
|t:|1756271132
|switch|p2b: Ursaluna|Ursaluna, L50, F|100/100
|move|p1b: Milotic|Scald|p2a: Jumpluff
|-resisted|p2a: Jumpluff
|-damage|p2a: Jumpluff|39/100
|move|p1a: Indeedee|Expanding Force|p2a: Jumpluff|[spread] p2a,p2b
|-damage|p2a: Jumpluff|0 fnt
|-damage|p2b: Ursaluna|68/100
|faint|p2a: Jumpluff
|
|-status|p2b: Ursaluna|brn|[from] item: Flame Orb
|upkeep
|
|t:|1756271141
|switch|p2a: Porygon2|Porygon2, L50|63/100
|-ability|p2a: Porygon2|Download|boost
|-boost|p2a: Porygon2|atk|1
|turn|3
|
|t:|1756271159
|-terastallize|p1a: Indeedee|Fighting
|move|p1b: Milotic|Protect|p1b: Milotic
|-singleturn|p1b: Milotic|Protect
|move|p2a: Porygon2|Tera Blast|p1a: Indeedee
|-crit|p1a: Indeedee
|-damage|p1a: Indeedee|23/100
|move|p2b: Ursaluna|Facade|p1b: Milotic
|-activate|p1b: Milotic|move: Protect
|move|p1a: Indeedee|Tera Blast|p2b: Ursaluna|[anim] Tera Blast Fighting
|-supereffective|p2b: Ursaluna
|-damage|p2b: Ursaluna|22/100 brn
|
|-damage|p2b: Ursaluna|16/100 brn|[from] brn
|upkeep
|turn|4
|
|t:|1756271174
|move|p2a: Porygon2|Tera Blast|p1a: Indeedee
|-damage|p1a: Indeedee|0 fnt
|faint|p1a: Indeedee
|move|p2b: Ursaluna|Facade|p1b: Milotic
|-damage|p1b: Milotic|0 fnt
|faint|p1b: Milotic
|
|-damage|p2b: Ursaluna|10/100 brn|[from] brn
|upkeep
|
|t:|1756271177
|switch|p1b: Sneasler|Sneasler, L50, F|100/100
|switch|p1a: Volcarona|Volcarona, L50, F|100/100
|-enditem|p1b: Sneasler|Psychic Seed
|-boost|p1b: Sneasler|spd|1|[from] item: Psychic Seed
|turn|5
|
|t:|1756271192
|switch|p2b: Incineroar|Incineroar, L50, F, tera:Ghost|100/100
|-ability|p2b: Incineroar|Intimidate|boost
|-unboost|p1a: Volcarona|atk|1
|-unboost|p1b: Sneasler|atk|1
|move|p1b: Sneasler|Protect|p1b: Sneasler
|-singleturn|p1b: Sneasler|Protect
|move|p2a: Porygon2|Recover|p2a: Porygon2
|-heal|p2a: Porygon2|100/100
|move|p1a: Volcarona|Quiver Dance|p1a: Volcarona
|-boost|p1a: Volcarona|spa|1
|-boost|p1a: Volcarona|spd|1
|-boost|p1a: Volcarona|spe|1
|
|-fieldend|move: Trick Room
|-fieldend|move: Psychic Terrain
|upkeep
|turn|6
|
|t:|1756271208
|move|p1b: Sneasler|Close Combat|p2a: Porygon2
|-supereffective|p2a: Porygon2
|-damage|p2a: Porygon2|49/100
|-unboost|p1b: Sneasler|def|1
|-unboost|p1b: Sneasler|spd|1
|move|p1a: Volcarona|Heat Wave|p2a: Porygon2|[spread] p2a,p2b
|-damage|p2a: Porygon2|13/100
|-damage|p2b: Incineroar|49/100
|-enditem|p2b: Incineroar|Sitrus Berry|[eat]
|-heal|p2b: Incineroar|73/100|[from] item: Sitrus Berry
|move|p2b: Incineroar|Flare Blitz|p1b: Sneasler
|-damage|p1b: Sneasler|0 fnt
|faint|p1b: Sneasler
|-damage|p2b: Incineroar|47/100|[from] Recoil
|move|p2a: Porygon2|Trick Room|p2a: Porygon2
|-fieldstart|move: Trick Room|[of] p2a: Porygon2
|
|upkeep
|turn|7
|
|t:|1756271225
|move|p1a: Volcarona|Protect|p1a: Volcarona
|-singleturn|p1a: Volcarona|Protect
|move|p2a: Porygon2|Recover|p2a: Porygon2
|-heal|p2a: Porygon2|63/100
|move|p2b: Incineroar|Flare Blitz|p1a: Volcarona
|-activate|p1a: Volcarona|move: Protect
|
|upkeep
|turn|8
|
|t:|1756271234
|move|p2a: Porygon2|Tera Blast|p1a: Volcarona
|-damage|p1a: Volcarona|77/100
|move|p2b: Incineroar|Flare Blitz|p1a: Volcarona
|-damage|p1a: Volcarona|3/100
|-damage|p2b: Incineroar|26/100|[from] Recoil
|move|p1a: Volcarona|Heat Wave|p2a: Porygon2|[spread] p2a,p2b
|-damage|p2a: Porygon2|25/100
|-damage|p2b: Incineroar|0 fnt
|faint|p2b: Incineroar
|
|upkeep
|
|t:|1756271239
|switch|p2b: Ursaluna|Ursaluna, L50, F|10/100 brn
|turn|9
|
|t:|1756271244
|move|p1a: Volcarona|Protect|p1a: Volcarona
|-singleturn|p1a: Volcarona|Protect
|move|p2a: Porygon2|Tera Blast|p1a: Volcarona
|-activate|p1a: Volcarona|move: Protect
|move|p2b: Ursaluna|Facade|p1a: Volcarona
|-activate|p1a: Volcarona|move: Protect
|
|-damage|p2b: Ursaluna|5/100 brn|[from] brn
|upkeep
|turn|10
|
|t:|1756271247
|move|p1a: Volcarona|Protect|p1a: Volcarona
|-singleturn|p1a: Volcarona|Protect
|move|p2a: Porygon2|Tera Blast|p1a: Volcarona
|-activate|p1a: Volcarona|move: Protect
|move|p2b: Ursaluna|Facade|p1a: Volcarona
|-activate|p1a: Volcarona|move: Protect
|
|-damage|p2b: Ursaluna|0 fnt|[from] brn
|faint|p2b: Ursaluna
|-fieldend|move: Trick Room
|upkeep
|turn|11
|
|t:|1756271253
|move|p1a: Volcarona|Giga Drain|p2a: Porygon2
|-damage|p2a: Porygon2|2/100
|-heal|p1a: Volcarona|16/100|[from] drain|[of] p2a: Porygon2
|move|p2a: Porygon2|Tera Blast|p1a: Volcarona
|-damage|p1a: Volcarona|0 fnt
|faint|p1a: Volcarona
|
|win|minccino fan
