|j|☆Osogressen
|j|☆Pressinblades
|html|OsogressenPressinblades    
|uhtml|bestof|Game 2 of a best-of-3
|t:|1785794816
|gametype|doubles
|player|p1|Osogressen|1|1184
|player|p2|Pressinblades|170|1122
|gen|9
|tier|[Gen 9 Champions] VGC 2026 Reg M-B (Bo3)
|rated|
|rule|Species Clause: Limit one of each Pokémon
|rule|Item Clause: Limit 1 of each item
|clearpoke
|poke|p1|Whimsicott, L50, M, shiny|
|poke|p1|Kingambit, L50, M|
|poke|p1|Garchomp, L50, M|
|poke|p1|Floette-Eternal, L50, F|
|poke|p1|Basculegion, L50, M|
|poke|p1|Charizard, L50, F|
|poke|p2|Talonflame, L50, F|
|poke|p2|Garchomp, L50, M, shiny|
|poke|p2|Maushold, L50|
|poke|p2|Gardevoir, L50, M, shiny|
|poke|p2|Gyarados, L50, M, shiny|
|poke|p2|Metagross, L50, shiny|
|teampreview|4
|showteam|p1|Whimsicott||FocusSash|Prankster|Tailwind,Moonblast,Encore,Protect|Timid||M|||50|]Kingambit||ChopleBerry|Defiant|SuckerPunch,KowtowCleave,IronHead,Protect|Adamant||M|||50|]Garchomp||SitrusBerry|RoughSkin|DragonClaw,Earthquake,RockSlide,Protect|Adamant||M|||50|]Floette-Eternal||Floettite|FlowerVeil|DazzlingGleam,CalmMind,DrainingKiss,Protect|Modest||F|||50|]Basculegion||MysticWater|Adaptability|WaveCrash,AquaJet,Protect,LastRespects|Adamant||M|||50|]Charizard||CharizarditeY|Blaze|HeatWave,SolarBeam,WeatherBall,Protect|Modest||F|||50|
|showteam|p2|Talonflame||SharpBeak|GaleWings|Protect,Tailwind,DualWingbeat,Overheat|Naive||F|||50|]Garchomp||LifeOrb|RoughSkin|Protect,RockSlide,Earthquake,StompingTantrum|Adamant||M|||50|]Maushold||FocusSash|FriendGuard|Protect,SuperFang,FollowMe,Encore|Timid|||||50|]Gardevoir||Gardevoirite|Telepathy|Protect,TrickRoom,HyperVoice,Psychic|Modest||M|||50|]Gyarados||Gyaradosite|Intimidate|Protect,DragonDance,Waterfall,Crunch|Jolly||M|||50|]Metagross||ColburBerry|ClearBody|Protect,BulletPunch,PsychicFangs,HammerArm|Adamant|||||50|
|
|t:|1785794862
|teamsize|p1|4
|teamsize|p2|4
|start
|switch|p1a: Charizard|Charizard, L50, F|100/100
|switch|p1b: Whimsicott|Whimsicott, L50, M, shiny|100/100
|switch|p2a: Maushold|Maushold, L50|100/100
|switch|p2b: Gardevoir|Gardevoir, L50, M, shiny|100/100
|turn|1
|
|t:|1785794880
|detailschange|p1a: Charizard|Charizard-Mega-Y, L50, F
|-mega|p1a: Charizard|Charizard|Charizardite Y
|-weather|SunnyDay|[from] ability: Drought|[of] p1a: Charizard
|detailschange|p2b: Gardevoir|Gardevoir-Mega, L50, M, shiny
|-mega|p2b: Gardevoir|Gardevoir|Gardevoirite
|move|p1b: Whimsicott|Moonblast|p2b: Gardevoir
|-crit|p2b: Gardevoir
|-damage|p2b: Gardevoir|66/100
|move|p2a: Maushold|Super Fang|p1a: Charizard
|-damage|p1a: Charizard|50/100g
|move|p1a: Charizard|Heat Wave|p2b: Gardevoir|[spread] p2a,p2b
|-damage|p2a: Maushold|17/100
|-damage|p2b: Gardevoir|28/100
|move|p2b: Gardevoir|Psychic|p1a: Charizard
|-damage|p1a: Charizard|0 fnt
|faint|p1a: Charizard
|
|-weather|SunnyDay|[upkeep]
|upkeep
|
|t:|1785794900
|switch|p1a: Garchomp|Garchomp, L50, M|100/100
|turn|2
|
|t:|1785794929
|switch|p2a: Talonflame|Talonflame, L50, F|100/100
|move|p2b: Gardevoir|Protect|p2b: Gardevoir
|-singleturn|p2b: Gardevoir|Protect
|move|p1b: Whimsicott|Tailwind|p1b: Whimsicott
|-sidestart|p1: Osogressen|move: Tailwind
|move|p1a: Garchomp|Earthquake|p2a: Talonflame|[spread] p1b
|-activate|p2b: Gardevoir|move: Protect
|-immune|p2a: Talonflame
|-resisted|p1b: Whimsicott|1
|-damage|p1b: Whimsicott|69/100
|
|-weather|SunnyDay|[upkeep]
|upkeep
|turn|3
|
|t:|1785794955
|switch|p2b: Garchomp|Garchomp, L50, M, shiny|100/100
|move|p1b: Whimsicott|Protect|p1b: Whimsicott
|-singleturn|p1b: Whimsicott|Protect
|move|p2a: Talonflame|Dual Wingbeat|p1b: Whimsicott
|-activate|p1b: Whimsicott|move: Protect
|move|p1a: Garchomp|Rock Slide|p2b: Garchomp|[spread] p2a,p2b
|-supereffective|p2a: Talonflame|2
|-resisted|p2b: Garchomp|1
|-damage|p2a: Talonflame|0 fnt
|-damage|p2b: Garchomp|90/100
|faint|p2a: Talonflame
|
|-weather|SunnyDay|[upkeep]
|upkeep
|
|t:|1785794981
|switch|p2a: Maushold|Maushold, L50|17/100
|turn|4
|
|t:|1785794993
|move|p2a: Maushold|Protect|p2a: Maushold
|-singleturn|p2a: Maushold|Protect
|move|p1b: Whimsicott|Moonblast|p2b: Garchomp
|-supereffective|p2b: Garchomp|1
|-damage|p2b: Garchomp|27/100
|move|p1a: Garchomp|Dragon Claw|p2b: Garchomp
|-supereffective|p2b: Garchomp|1
|-damage|p2b: Garchomp|0 fnt
|-damage|p1a: Garchomp|87/100|[from] ability: Rough Skin|[of] p2b: Garchomp
|faint|p2b: Garchomp
|
|-weather|SunnyDay|[upkeep]
|upkeep
|
|t:|1785795012
|switch|p2b: Gardevoir|Gardevoir-Mega, L50, M, shiny|28/100
|turn|5
|
|t:|1785795019
|move|p1b: Whimsicott|Protect|p1b: Whimsicott
|-singleturn|p1b: Whimsicott|Protect
|move|p2a: Maushold|Protect|p2a: Maushold
|-singleturn|p2a: Maushold|Protect
|move|p1a: Garchomp|Earthquake|p2a: Maushold|[spread] p2b
|-activate|p1b: Whimsicott|move: Protect
|-activate|p2a: Maushold|move: Protect
|-damage|p2b: Gardevoir|0 fnt
|faint|p2b: Gardevoir
|
|-weather|none
|-sideend|p1: Osogressen|move: Tailwind
|upkeep
|turn|6
|
|t:|1785795031
|move|p1b: Whimsicott|Tailwind|p1b: Whimsicott
|-sidestart|p1: Osogressen|move: Tailwind
|move|p1a: Garchomp|Dragon Claw|p2a: Maushold
|-damage|p2a: Maushold|0 fnt
|faint|p2a: Maushold
|
|win|Osogressen
|raw|Osogressen's rating: 1184 → 1205(+21 for winning)
|raw|Pressinblades's rating: 1122 → 1101(-21 for losing)
