|j|☆kartonillo
|j|☆RonaldoPlaysVGC
|html|kartonilloRonaldoPlaysVGC    
|uhtml|bestof|Game 1 of a best-of-3
|t:|1786170206
|gametype|doubles
|player|p1|kartonillo|pokemonranger-gen4|1137
|player|p2|RonaldoPlaysVGC|169|1123
|gen|9
|tier|[Gen 9 Champions] VGC 2026 Reg M-B (Bo3)
|rated|
|rule|Species Clause: Limit one of each Pokémon
|rule|Item Clause: Limit 1 of each item
|clearpoke
|poke|p1|Clefable, L50, F|
|poke|p1|Kingambit, L50, M|
|poke|p1|Torkoal, L50, F|
|poke|p1|Delphox, L50, M|
|poke|p1|Dragapult, L50, F|
|poke|p1|Incineroar, L50, M|
|poke|p2|Aerodactyl, L50, M|
|poke|p2|Kingambit, L50, F|
|poke|p2|Farigiraf, L50, F|
|poke|p2|Sylveon, L50, F|
|poke|p2|Charizard, L50, M|
|poke|p2|Garchomp, L50, M|
|teampreview|4
|showteam|p1|Clefable||LifeOrb|MagicGuard|Moonblast,Moonlight,StealthRock,Flamethrower|Bold||F|||50|]Kingambit||ChopleBerry|Defiant|IronHead,SuckerPunch,KowtowCleave,Protect|Adamant||M|||50|]Torkoal||HeatRock|Drought|BodyPress,Protect,Flamethrower,SunnyDay|Relaxed||F|||50|]Delphox||Delphoxite|Magician|NastyPlot,Protect,HeatWave,Psyshock|Timid||M|||50|]Dragapult||LumBerry|ClearBody|PhantomForce,DragonDarts,SuckerPunch,Protect|Jolly||F|||50|]Incineroar||SitrusBerry|Intimidate|FakeOut,DarkestLariat,BrickBreak,PartingShot|Adamant||M|||50|
|showteam|p2|Aerodactyl||Aerodactylite|Unnerve|RockSlide,DualWingbeat,IceFang,Tailwind|Jolly||M|||50|]Kingambit||FocusSash|Defiant|KowtowCleave,SuckerPunch,IronHead,Protect|Adamant||F|||50|]Farigiraf||SitrusBerry|ArmorTail|Psychic,HelpingHand,TrickRoom,Protect|Calm||F|||50|]Sylveon||FairyFeather|Pixilate|HyperVoice,HyperBeam,QuickAttack,Protect|Modest||F|||50|]Charizard||CharizarditeY|Blaze|HeatWave,WeatherBall,SolarBeam,Protect|Modest||M|||50|]Garchomp||LifeOrb|RoughSkin|StompingTantrum,RockSlide,Earthquake,Protect|Adamant||M|||50|
|inactive|Battle timer is ON: inactive players will automatically lose when time's up. (requested by RonaldoPlaysVGC)
|
|t:|1786170239
|teamsize|p1|4
|teamsize|p2|4
|start
|switch|p1a: Clefable|Clefable, L50, F|100/100
|switch|p1b: Incineroar|Incineroar, L50, M|100/100
|switch|p2a: Aerodactyl|Aerodactyl, L50, M|100/100
|switch|p2b: Sylveon|Sylveon, L50, F|100/100
|-ability|p2a: Aerodactyl|Unnerve
|-ability|p1b: Incineroar|Intimidate|boost
|-unboost|p2a: Aerodactyl|atk|1
|-unboost|p2b: Sylveon|atk|1
|turn|1
|inactive|RonaldoPlaysVGC has 30 seconds left.
|inactive|RonaldoPlaysVGC has 20 seconds left.
|
|t:|1786170276
|detailschange|p2a: Aerodactyl|Aerodactyl-Mega, L50, M
|-mega|p2a: Aerodactyl|Aerodactyl|Aerodactylite
|move|p2a: Aerodactyl|Tailwind|p2a: Aerodactyl
|-sidestart|p2: RonaldoPlaysVGC|move: Tailwind
|move|p2b: Sylveon|Hyper Voice|p1b: Incineroar|[spread] p1a,p1b
|-damage|p1a: Clefable|57/100
|-damage|p1b: Incineroar|57/100
|move|p1b: Incineroar|Parting Shot|p2b: Sylveon
|-unboost|p2b: Sylveon|atk|1
|-unboost|p2b: Sylveon|spa|1
|
|t:|1786170290
|switch|p1b: Delphox|Delphox, L50, M|100/100|[from] Parting Shot
|move|p1a: Clefable|Stealth Rock|p2b: Sylveon
|-sidestart|p2: RonaldoPlaysVGC|move: Stealth Rock
|
|upkeep
|turn|2
|inactive|RonaldoPlaysVGC has 30 seconds left.
|inactive|RonaldoPlaysVGC has 20 seconds left.
|inactive|RonaldoPlaysVGC has 15 seconds left.
|inactive|RonaldoPlaysVGC has 10 seconds left.
|inactive|RonaldoPlaysVGC has 5 seconds left.
|
|t:|1786170341
|switch|p1b: Incineroar|Incineroar, L50, M|57/100
|-ability|p1b: Incineroar|Intimidate|boost
|-unboost|p2a: Aerodactyl|atk|1
|-unboost|p2b: Sylveon|atk|1
|move|p2a: Aerodactyl|Rock Slide|p1b: Incineroar|[spread] p1a,p1b
|-supereffective|p1b: Incineroar|1
|-damage|p1a: Clefable|43/100
|-damage|p1b: Incineroar|34/100
|-enditem|p1b: Incineroar|Sitrus Berry|[eat]
|-heal|p1b: Incineroar|58/100|[from] item: Sitrus Berry
|move|p2b: Sylveon|Hyper Voice|p1b: Incineroar|[spread] p1a,p1b
|-damage|p1a: Clefable|14/100
|-damage|p1b: Incineroar|33/100
|move|p1a: Clefable|Moonlight|p1a: Clefable
|-heal|p1a: Clefable|64/100
|
|upkeep
|turn|3
|inactive|kartonillo has 30 seconds left.
|
|t:|1786170372
|switch|p2a: Charizard|Charizard, L50, M|100/100
|-damage|p2a: Charizard|50/100g|[from] Stealth Rock
|move|p1b: Incineroar|Fake Out|p2a: Charizard
|-damage|p2a: Charizard|38/100
|move|p2b: Sylveon|Hyper Beam|p1b: Incineroar
|-damage|p1b: Incineroar|0 fnt
|-mustrecharge|p2b: Sylveon
|faint|p1b: Incineroar
|move|p1a: Clefable|Moonblast|p2a: Charizard
|-resisted|p2a: Charizard|1
|-damage|p2a: Charizard|15/100
|
|upkeep
|
|t:|1786170393
|switch|p1b: Delphox|Delphox, L50, M|100/100
|turn|4
|
|t:|1786170417
|detailschange|p1b: Delphox|Delphox-Mega, L50, M
|-mega|p1b: Delphox|Delphox|Delphoxite
|move|p2a: Charizard|Heat Wave|p1a: Clefable|[spread] p1a,p1b
|-resisted|p1b: Delphox|1
|-damage|p1a: Clefable|20/100y
|-damage|p1b: Delphox|78/100
|move|p1b: Delphox|Heat Wave|p2b: Sylveon|[spread] p2a,p2b
|-resisted|p2a: Charizard|1
|-damage|p2a: Charizard|0 fnt
|-damage|p2b: Sylveon|68/100
|faint|p2a: Charizard
|cant|p2b: Sylveon|recharge
|move|p1a: Clefable|Moonblast|p2b: Sylveon
|-damage|p2b: Sylveon|33/100
|
|-sideend|p2: RonaldoPlaysVGC|move: Tailwind
|upkeep
|
|t:|1786170430
|switch|p2a: Aerodactyl|Aerodactyl-Mega, L50, M|100/100
|-damage|p2a: Aerodactyl|75/100|[from] Stealth Rock
|turn|5
|
|t:|1786170451
|switch|p1a: Dragapult|Dragapult, L50, F|100/100
|move|p1b: Delphox|Protect|p1b: Delphox
|-singleturn|p1b: Delphox|Protect
|move|p2a: Aerodactyl|Rock Slide|p1b: Delphox|[spread] p1a
|-activate|p1b: Delphox|move: Protect
|-damage|p1a: Dragapult|61/100
|move|p2b: Sylveon|Hyper Beam|p1b: Delphox
|-activate|p1b: Delphox|move: Protect
|
|upkeep
|turn|6
|inactive|kartonillo has 30 seconds left.
|
|t:|1786170485
|switch|p1b: Clefable|Clefable, L50, F|20/100y
|move|p2a: Aerodactyl|Rock Slide|p1a: Dragapult|[spread] p1a,p1b
|-damage|p1a: Dragapult|18/100
|-damage|p1b: Clefable|0 fnt
|faint|p1b: Clefable
|cant|p1a: Dragapult|flinch
|move|p2b: Sylveon|Hyper Voice|p1a: Dragapult
|-supereffective|p1a: Dragapult|1
|-damage|p1a: Dragapult|0 fnt
|faint|p1a: Dragapult
|
|upkeep
|
|t:|1786170500
|switch|p1b: Delphox|Delphox-Mega, L50, M|78/100
|turn|7
|
|t:|1786170503
|move|p2a: Aerodactyl|Rock Slide|p1b: Delphox
|-supereffective|p1b: Delphox|1
|-damage|p1b: Delphox|0 fnt
|faint|p1b: Delphox
|
|win|RonaldoPlaysVGC
||RonaldoPlaysVGC is ready for game 2.
||kartonillo is ready for game 2.
|uhtml|next|Next: Game 2 of 3
