|j|☆Mental patient rx
|j|☆Bergmann VGC
|html|Mental patient rxBergmann VGC    
|uhtml|bestof|Game 2 of a best-of-3
|t:|1754919952
|gametype|doubles
|player|p1|Mental patient rx|1|1195
|player|p2|Bergmann VGC|roark|1264
|gen|9
|tier|[Gen 9] VGC 2025 Reg H (Bo3)
|rated|
|rule|Species Clause: Limit one of each Pokémon
|rule|Item Clause: Limit 1 of each item
|clearpoke
|poke|p1|Torkoal, L50, M|
|poke|p1|Exeggutor, L50, M|
|poke|p1|Indeedee-F, L50, F|
|poke|p1|Charizard, L50, F|
|poke|p1|Ursaluna, L50, F|
|poke|p1|Whimsicott, L50, M|
|poke|p2|Charizard, L50, F|
|poke|p2|Torkoal, L50, M|
|poke|p2|Porygon2, L50|
|poke|p2|Incineroar, L50, F|
|poke|p2|Jumpluff, L50, F|
|poke|p2|Ursaluna, L50, F|
|teampreview|4
|showteam|p1|Torkoal||EjectPack|Drought|Eruption,Overheat,HelpingHand,Protect|||M|||50|,,,,,Fire]Exeggutor||FocusSash|Chlorophyll|ExpandingForce,EnergyBall,TrickRoom,Protect|||M|||50|,,,,,Psychic]Indeedee-F||PsychicSeed|PsychicSurge|Psychic,FollowMe,HelpingHand,TrickRoom|||F|||50|,,,,,Grass]Charizard||ChoiceSpecs|SolarPower|HeatWave,Overheat,WeatherBall,AirSlash|||F|||50|,,,,,Ghost]Ursaluna||FlameOrb|Guts|Facade,HeadlongRush,Earthquake,Protect|||F|||50|,,,,,Ghost]Whimsicott||CovertCloak|Prankster|Moonblast,Tailwind,SunnyDay,Encore|||M|||50|,,,,,Steel
|showteam|p2|Charizard||ChoiceSpecs|SolarPower|HeatWave,Overheat,WeatherBall,AirSlash|||F|||50|,,,,,Ghost]Torkoal||EjectPack|Drought|Eruption,Overheat,HelpingHand,Protect|||M|||50|,,,,,Fire]Porygon2||Eviolite|Download|TeraBlast,IceBeam,Recover,TrickRoom||||||50|,,,,,Fighting]Incineroar||SafetyGoggles|Intimidate|FlareBlitz,KnockOff,FakeOut,PartingShot|||F|||50|,,,,,Ghost]Jumpluff||CovertCloak|Chlorophyll|SleepPowder,SunnyDay,RagePowder,Tailwind|||F|||50|,,,,,Water]Ursaluna||FlameOrb|Guts|HeadlongRush,Facade,Earthquake,Protect|||F|||50|,,,,,Ghost
|inactive|Battle timer is ON: inactive players will automatically lose when time's up. (requested by Mental patient rx)
|
|t:|1754919963
|teamsize|p1|4
|teamsize|p2|4
|start
|switch|p1a: Charizard|Charizard, L50, F|100/100
|switch|p1b: Whimsicott|Whimsicott, L50, M|100/100
|switch|p2a: Ryo|Torkoal, L50, M|100/100
|switch|p2b: Jumpluff|Jumpluff, L50, F|100/100
|-weather|SunnyDay|[from] ability: Drought|[of] p2a: Ryo
|turn|1
|
|t:|1754919977
|switch|p1a: Exeggutor|Exeggutor, L50, M|100/100
|-terastallize|p2b: Jumpluff|Water
|move|p1b: Whimsicott|Tailwind|p1b: Whimsicott
|-sidestart|p1: Mental patient rx|move: Tailwind
|move|p2b: Jumpluff|Sleep Powder|p1a: Exeggutor
|-immune|p1a: Exeggutor
|move|p2a: Ryo|Overheat|p1b: Whimsicott
|-supereffective|p1b: Whimsicott
|-damage|p1b: Whimsicott|0 fnt
|-unboost|p2a: Ryo|spa|2
|faint|p1b: Whimsicott
|-enditem|p2a: Ryo|Eject Pack
|
|t:|1754919991
|switch|p2a: Charizard|Charizard, L50, F, shiny|100/100
|
|-weather|SunnyDay|[upkeep]
|-damage|p2a: Charizard|88/100|[from] ability: Solar Power|[of] p2a: Charizard
|upkeep
|
|t:|1754920000
|switch|p1b: Charizard|Charizard, L50, F|100/100
|turn|2
|
|t:|1754920014
|move|p1a: Exeggutor|Energy Ball|p2b: Jumpluff
|-supereffective|p2b: Jumpluff
|-damage|p2b: Jumpluff|3/100
|move|p2b: Jumpluff|Tailwind|p2b: Jumpluff
|-sidestart|p2: Bergmann VGC|move: Tailwind
|move|p2a: Charizard|Weather Ball|p1b: Charizard
|-resisted|p1b: Charizard
|-crit|p1b: Charizard
|-damage|p1b: Charizard|0 fnt
|faint|p1b: Charizard
|
|-weather|SunnyDay|[upkeep]
|-damage|p2a: Charizard|76/100|[from] ability: Solar Power|[of] p2a: Charizard
|upkeep
|
|t:|1754920022
|switch|p1b: Ursaluna|Ursaluna, L50, F|100/100
|turn|3
|
|t:|1754920044
|move|p2b: Jumpluff|Rage Powder|p2b: Jumpluff
|-singleturn|p2b: Jumpluff|move: Rage Powder
|move|p2a: Charizard|Weather Ball|p1a: Exeggutor
|-supereffective|p1a: Exeggutor
|-enditem|p1a: Exeggutor|Focus Sash
|-damage|p1a: Exeggutor|1/100
|move|p1b: Ursaluna|Facade|p2b: Jumpluff
|-damage|p2b: Jumpluff|0 fnt
|faint|p2b: Jumpluff
|move|p1a: Exeggutor|Trick Room|p1a: Exeggutor
|-fieldstart|move: Trick Room|[of] p1a: Exeggutor
|
|-weather|SunnyDay|[upkeep]
|-damage|p2a: Charizard|63/100|[from] ability: Solar Power|[of] p2a: Charizard
|-status|p1b: Ursaluna|brn|[from] item: Flame Orb
|upkeep
|
|t:|1754920057
|switch|p2b: Ryo|Torkoal, L50, M|100/100
|turn|4
|
|t:|1754920067
|move|p1b: Ursaluna|Protect|p1b: Ursaluna
|-singleturn|p1b: Ursaluna|Protect
|move|p1a: Exeggutor|Protect|p1a: Exeggutor
|-singleturn|p1a: Exeggutor|Protect
|move|p2b: Ryo|Eruption|p1b: Ursaluna|[spread] 
|-activate|p1a: Exeggutor|move: Protect
|-activate|p1b: Ursaluna|move: Protect
|move|p2a: Charizard|Weather Ball|p1a: Exeggutor
|-activate|p1a: Exeggutor|move: Protect
|
|-weather|SunnyDay|[upkeep]
|-damage|p2a: Charizard|51/100|[from] ability: Solar Power|[of] p2a: Charizard
|-damage|p1b: Ursaluna|95/100 brn|[from] brn
|-sideend|p1: Mental patient rx|move: Tailwind
|upkeep
|turn|5
|
|t:|1754920089
|move|p2b: Ryo|Eruption|p1a: Exeggutor|[spread] p1a,p1b
|-supereffective|p1a: Exeggutor
|-damage|p1a: Exeggutor|0 fnt
|-damage|p1b: Ursaluna|28/100 brn
|faint|p1a: Exeggutor
|move|p1b: Ursaluna|Headlong Rush|p2b: Ryo
|-supereffective|p2b: Ryo
|-damage|p2b: Ryo|0 fnt
|-unboost|p1b: Ursaluna|def|1
|-unboost|p1b: Ursaluna|spd|1
|faint|p2b: Ryo
|move|p2a: Charizard|Weather Ball|p1b: Ursaluna
|-damage|p1b: Ursaluna|0 fnt
|faint|p1b: Ursaluna
|
|win|Bergmann VGC
|raw|Mental patient rx's rating: 1195 → 1175(-20 for losing)
|raw|Bergmann VGC's rating: 1264 → 1284(+20 for winning)
