|j|☆Mebbyaids
|j|☆Luks1220
|html|MebbyaidsLuks1220    
|uhtml|bestof|Game 3 of a best-of-3
|t:|1783788791
|gametype|doubles
|player|p1|Mebbyaids|102|
|player|p2|Luks1220|volkner|
|gen|9
|tier|[Gen 9 Champions] VGC 2026 Reg M-B (Bo3)
|rule|Species Clause: Limit one of each Pokémon
|rule|Item Clause: Limit 1 of each item
|clearpoke
|poke|p1|Starmie, L50|
|poke|p1|Pelipper, L50, F|
|poke|p1|Archaludon, L50, M|
|poke|p1|Meowscarada, L50, M|
|poke|p1|Annihilape, L50, M|
|poke|p1|Raichu, L50, M|
|poke|p2|Falinks, L50|
|poke|p2|Sinistcha, L50|
|poke|p2|Incineroar, L50, M|
|poke|p2|Rotom-Wash, L50|
|poke|p2|Dragalge, L50, M|
|poke|p2|Glimmora, L50, F|
|teampreview|4
|showteam|p1|Starmie||Starminite|Illuminate|RapidSpin,IceSpinner,Liquidation,ZenHeadbutt|Jolly|||||50|]Pelipper||MysticWater|Drizzle|Hurricane,Surf,Protect,Tailwind|Bold||F|||50|]Archaludon||LifeOrb|Stamina|ElectroShot,DragonPulse,FlashCannon,MirrorCoat|Timid||M|||50|]Meowscarada||ChoiceScarf|Protean|FlowerTrick,KnockOff,PlayRough,Uturn|Jolly||M|||50|]Annihilape||ExpertBelt|Defiant|DrainPunch,RageFist,Earthquake,SeedBomb|Jolly||M|||50|]Raichu||RaichuniteY|Static|FocusBlast,ZapCannon,Surf,AlluringVoice|Timid||M|||50|
|showteam|p2|Falinks||Falinksite|Defiant|NoRetreat,CloseCombat,IronHead,Protect|Adamant|||||50|]Sinistcha||KasibBerry|Hospitality|MatchaGotcha,Protect,RagePowder,StrengthSap|Bold|||||50|]Incineroar||ChopleBerry|Intimidate|FakeOut,PartingShot,DarkestLariat,FlareBlitz|Impish||M|||50|]Rotom-Wash||SitrusBerry|Levitate|Thunderbolt,WillOWisp,HydroPump,LightScreen|Bold|||||50|]Dragalge||Dragalgite|Adaptability|SludgeBomb,FlipTurn,Protect,DracoMeteor|Serious||M|||50|]Glimmora||FocusSash|ToxicDebris|SpikyShield,EarthPower,PowerGem,SludgeBomb|Timid||F|||50|
|
|t:|1783788814
|teamsize|p1|4
|teamsize|p2|4
|start
|switch|p1a: Annihilape|Annihilape, L50, M|100/100
|switch|p1b: Pelipper|Pelipper, L50, F|100/100
|switch|p2a: PredictableCreatur|Falinks, L50|100/100
|switch|p2b: Jarona!|Incineroar, L50, M|100/100
|-weather|RainDance|[from] ability: Drizzle|[of] p1b: Pelipper
|-ability|p2b: Jarona!|Intimidate|boost
|-unboost|p1a: Annihilape|atk|1
|-ability|p1a: Annihilape|Defiant|boost
|-boost|p1a: Annihilape|atk|2
|-unboost|p1b: Pelipper|atk|1
|turn|1
|
|t:|1783788835
|detailschange|p2a: PredictableCreatur|Falinks-Mega, L50
|-mega|p2a: PredictableCreatur|Falinks|Falinksite
|move|p2a: PredictableCreatur|Protect|p2a: PredictableCreatur
|-singleturn|p2a: PredictableCreatur|Protect
|move|p2b: Jarona!|Fake Out|p1b: Pelipper
|-damage|p1b: Pelipper|89/100
|move|p1a: Annihilape|Drain Punch|p2a: PredictableCreatur
|-activate|p2a: PredictableCreatur|move: Protect
|cant|p1b: Pelipper|flinch
|
|-weather|RainDance|[upkeep]
|upkeep
|turn|2
|
|t:|1783788862
|move|p1a: Annihilape|Drain Punch|p2b: Jarona!
|-supereffective|p2b: Jarona!|1
|-enditem|p2b: Jarona!|Chople Berry|[eat]
|-enditem|p2b: Jarona!|Chople Berry|[weaken]
|-damage|p2b: Jarona!|48/100
|move|p2a: PredictableCreatur|Iron Head|p1a: Annihilape
|-damage|p1a: Annihilape|63/100
|move|p1b: Pelipper|Hurricane|p2a: PredictableCreatur
|-supereffective|p2a: PredictableCreatur|1
|-damage|p2a: PredictableCreatur|0 fnt
|faint|p2a: PredictableCreatur
|move|p2b: Jarona!|Darkest Lariat|p1b: Pelipper
|-damage|p1b: Pelipper|58/100
|
|-weather|RainDance|[upkeep]
|upkeep
|
|t:|1783788877
|switch|p2a: It's me Flowery!|Sinistcha, L50|100/100
|-heal|p2b: Jarona!|73/100|[from] ability: Hospitality|[of] p2a: It's me Flowery!
|turn|3
|
|t:|1783788888
|move|p1a: Annihilape|Rage Fist|p2a: It's me Flowery!
|-supereffective|p2a: It's me Flowery!|1
|-enditem|p2a: It's me Flowery!|Kasib Berry|[eat]
|-enditem|p2a: It's me Flowery!|Kasib Berry|[weaken]
|-damage|p2a: It's me Flowery!|39/100
|move|p2a: It's me Flowery!|Matcha Gotcha|p1b: Pelipper|[spread] p1a,p1b
|-damage|p1a: Annihilape|35/100
|-heal|p2a: It's me Flowery!|53/100|[from] drain|[of] p1a: Annihilape
|-damage|p1b: Pelipper|23/100
|-heal|p2a: It's me Flowery!|70/100|[from] drain|[of] p1b: Pelipper
|move|p1b: Pelipper|Hurricane|p2a: It's me Flowery!
|-supereffective|p2a: It's me Flowery!|1
|-damage|p2a: It's me Flowery!|0 fnt
|faint|p2a: It's me Flowery!
|move|p2b: Jarona!|Flare Blitz|p1a: Annihilape
|-damage|p1a: Annihilape|3/100
|-status|p1a: Annihilape|brn
|-damage|p2b: Jarona!|62/100|[from] Recoil
|
|-weather|RainDance|[upkeep]
|-damage|p1a: Annihilape|0 fnt|[from] brn
|faint|p1a: Annihilape
|upkeep
|
|t:|1783788911
|switch|p1a: Starmie|Starmie, L50|100/100
|switch|p2a: Sastingus|Glimmora, L50, F|100/100
|turn|4
|
|t:|1783788927
|detailschange|p1a: Starmie|Starmie-Mega, L50
|-mega|p1a: Starmie|Starmie|Starminite
|move|p1a: Starmie|Liquidation|p2b: Jarona!
|-supereffective|p2b: Jarona!|1
|-damage|p2b: Jarona!|0 fnt
|faint|p2b: Jarona!
|move|p2a: Sastingus|Power Gem|p1b: Pelipper
|-supereffective|p1b: Pelipper|1
|-damage|p1b: Pelipper|0 fnt
|faint|p1b: Pelipper
|
|-weather|RainDance|[upkeep]
|upkeep
|
|t:|1783788931
|switch|p1b: Meowscarada|Meowscarada, L50, M|100/100
|turn|5
|
|t:|1783788946
|move|p2a: Sastingus|Spiky Shield|p2a: Sastingus
|-singleturn|p2a: Sastingus|move: Protect
|move|p1b: Meowscarada|Flower Trick|p2a: Sastingus
|-start|p1b: Meowscarada|typechange|Grass|[from] ability: Protean
|-activate|p2a: Sastingus|move: Protect
|move|p1a: Starmie|Liquidation|p2a: Sastingus
|-activate|p2a: Sastingus|move: Protect
|-damage|p1a: Starmie|87/100|[from] Spiky Shield|[of] p2a: Sastingus
|
|-weather|none
|upkeep
|turn|6
|
|t:|1783788958
|move|p1b: Meowscarada|Flower Trick|p2a: Sastingus
|-crit|p2a: Sastingus
|-damage|p2a: Sastingus|40/100
|-activate|p2a: Sastingus|ability: Toxic Debris
|-sidestart|p1: Mebbyaids|move: Toxic Spikes
|move|p1a: Starmie|Liquidation|p2a: Sastingus
|-supereffective|p2a: Sastingus|1
|-damage|p2a: Sastingus|0 fnt
|-activate|p2a: Sastingus|ability: Toxic Debris
|-sidestart|p1: Mebbyaids|move: Toxic Spikes
|faint|p2a: Sastingus
|
|win|Mebbyaids
|c|☆Mebbyaids|ggs
|c|☆Luks1220|oh my god bruh
|c|☆Luks1220|You're so lucky
