|j|☆alkittxn
|j|☆cassio258123
|html|alkittxncassio258123    
|uhtml|bestof|Game 1 of a best-of-3
|t:|1782687197
|gametype|doubles
|player|p1|alkittxn|aaron|1037
|player|p2|cassio258123|101|1022
|gen|9
|tier|[Gen 9 Champions] VGC 2026 Reg M-B (Bo3)
|rated|
|rule|Species Clause: Limit one of each Pokémon
|rule|Item Clause: Limit 1 of each item
|clearpoke
|poke|p1|Gallade, L50, M|
|poke|p1|Camerupt, L50, F|
|poke|p1|Farigiraf, L50, F|
|poke|p1|Kingambit, L50, F|
|poke|p1|Gyarados, L50, M|
|poke|p1|Sylveon, L50, F|
|poke|p2|Staraptor, L50, M|
|poke|p2|Gholdengo, L50|
|poke|p2|Whimsicott, L50, M|
|poke|p2|Typhlosion-Hisui, L50, M|
|poke|p2|Garchomp, L50, M|
|poke|p2|Basculegion, L50, M, shiny|
|teampreview|4
|showteam|p1|Gallade||FocusSash|Sharpness|SacredSword,PsychoCut,LeafBlade,WideGuard|Adamant||M|||50|]Camerupt||Cameruptite|SolidRock|HeatWave,AncientPower,EarthPower,Protect|Quiet||F|||50|]Farigiraf||ColburBerry|ArmorTail|TwinBeam,TrickRoom,Protect,Thunderbolt|Bold||F|||50|]Kingambit||ChopleBerry|Defiant|SuckerPunch,IronHead,KowtowCleave,LowKick|Brave||F|||50|]Gyarados||Gyaradosite|Intimidate|Waterfall,IceFang,Protect,Taunt|Adamant||M|||50|]Sylveon||FairyFeather|Pixilate|HyperVoice,Protect,QuickAttack,HyperBeam|Quiet||F|||50|
|showteam|p2|Staraptor||Staraptite|Intimidate|DualWingbeat,CloseCombat,BraveBird,Protect|Serious||M|||50|]Gholdengo||LifeOrb|GoodasGold|PowerGem,ShadowBall,MakeItRain,Protect|Serious|||||50|]Whimsicott||FocusSash|Prankster|Moonblast,Tailwind,Tickle,FakeTears|Serious||M|||50|]Typhlosion-Hisui||ChoiceScarf|Frisk|BurnUp,Eruption,HeatWave,ShadowBall|Serious||M|||50|]Garchomp||MuscleBand|RoughSkin|DragonClaw,StompingTantrum,RockSlide,Protect|Serious||M|||50|]Basculegion||MysticWater|Adaptability|WaveCrash,LastRespects,AquaJet,Protect|Serious||M|||50|
|
|t:|1782687242
|teamsize|p1|4
|teamsize|p2|4
|start
|switch|p1a: Gallade|Gallade, L50, M|100/100
|switch|p1b: Farigiraf|Farigiraf, L50, F|100/100
|switch|p2a: Staraptor|Staraptor, L50, M|100/100
|switch|p2b: Whimsicott|Whimsicott, L50, M|100/100
|-ability|p2a: Staraptor|Intimidate|boost
|-unboost|p1a: Gallade|atk|1
|-unboost|p1b: Farigiraf|atk|1
|turn|1
|
|t:|1782687288
|detailschange|p2a: Staraptor|Staraptor-Mega, L50, M
|-mega|p2a: Staraptor|Staraptor|Staraptite
|move|p1b: Farigiraf|Protect|p1b: Farigiraf
|-singleturn|p1b: Farigiraf|Protect
|move|p2b: Whimsicott|Moonblast|p1a: Gallade
|-supereffective|p1a: Gallade|1
|-damage|p1a: Gallade|25/100
|-unboost|p1a: Gallade|spa|1
|move|p2a: Staraptor|Close Combat|p1b: Farigiraf
|-activate|p1b: Farigiraf|move: Protect
|move|p1a: Gallade|Psycho Cut|p2a: Staraptor
|-supereffective|p2a: Staraptor|1
|-damage|p2a: Staraptor|20/100y
|
|upkeep
|turn|2
|
|t:|1782687318
|switch|p1a: Camerupt|Camerupt, L50, F|100/100
|move|p2b: Whimsicott|Tailwind|p2b: Whimsicott
|-sidestart|p2: cassio258123|move: Tailwind
|move|p2a: Staraptor|Close Combat|p1b: Farigiraf
|-damage|p1b: Farigiraf|47/100
|-boost|p2a: Staraptor|def|1
|-boost|p2a: Staraptor|spd|1
|move|p1b: Farigiraf|Trick Room|p1b: Farigiraf
|-fieldstart|move: Trick Room|[of] p1b: Farigiraf
|
|upkeep
|turn|3
|
|t:|1782687340
|detailschange|p1a: Camerupt|Camerupt-Mega, L50, F
|-mega|p1a: Camerupt|Camerupt|Cameruptite
|move|p1a: Camerupt|Heat Wave|p2a: Staraptor|[spread] p2a,p2b
|-supereffective|p2b: Whimsicott|1
|-damage|p2a: Staraptor|0 fnt
|-enditem|p2b: Whimsicott|Focus Sash
|-damage|p2b: Whimsicott|1/100
|faint|p2a: Staraptor
|move|p1b: Farigiraf|Twin Beam|p2b: Whimsicott
|-damage|p2b: Whimsicott|0 fnt
|faint|p2b: Whimsicott
|-hitcount|p2: Whimsicott|1
|
|upkeep
|
|t:|1782687352
|switch|p2a: Garchomp|Garchomp, L50, M|100/100
|switch|p2b: Basculegion|Basculegion, L50, M, shiny|100/100
|turn|4
|
|t:|1782687383
|move|p1b: Farigiraf|Protect|p1b: Farigiraf
|-singleturn|p1b: Farigiraf|Protect
|move|p2b: Basculegion|Aqua Jet||[still]
|cant|p1b: Farigiraf|ability: Armor Tail|Aqua Jet|[of] p2b: Basculegion
|move|p1a: Camerupt|Earth Power|p2a: Garchomp
|-damage|p2a: Garchomp|15/100
|move|p2a: Garchomp|Rock Slide|p1a: Camerupt|[spread] p1a
|-activate|p1b: Farigiraf|move: Protect
|-damage|p1a: Camerupt|78/100
|
|upkeep
|turn|5
|
|t:|1782687417
|switch|p1a: Sylveon|Sylveon, L50, F|100/100
|move|p2a: Garchomp|Protect|p2a: Garchomp
|-singleturn|p2a: Garchomp|Protect
|move|p1b: Farigiraf|Thunderbolt|p2b: Basculegion
|-supereffective|p2b: Basculegion|1
|-damage|p2b: Basculegion|47/100
|move|p2b: Basculegion|Wave Crash|p1a: Sylveon
|-damage|p1a: Sylveon|0 fnt
|faint|p1a: Sylveon
|-damage|p2b: Basculegion|14/100|[from] Recoil
|
|-sideend|p2: cassio258123|move: Tailwind
|upkeep
|-message|cassio258123 forfeited.
|raw|alkittxn's rating: 1037 → 1070(+33 for winning)
|raw|cassio258123's rating: 1022 → 1009(-13 for losing)
|
|win|alkittxn
|l|☆cassio258123
|player|p2|
