|j|☆Blitzball Ace
|j|☆ggttmmhh
|html|Blitzball Aceggttmmhh    
|uhtml|bestof|Game 3 of a best-of-3
|t:|1755719114
|gametype|doubles
|player|p1|Blitzball Ace|kamado-armor|1309
|player|p2|ggttmmhh|2|1217
|gen|9
|tier|[Gen 9] VGC 2025 Reg H (Bo3)
|rated|
|rule|Species Clause: Limit one of each Pokémon
|rule|Item Clause: Limit 1 of each item
|clearpoke
|poke|p1|Garchomp, L50, F|
|poke|p1|Incineroar, L50, M|
|poke|p1|Gholdengo, L50|
|poke|p1|Porygon2, L50|
|poke|p1|Vivillon-Polar, L50, M|
|poke|p1|Rotom-Wash, L50|
|poke|p2|Annihilape, L50, F|
|poke|p2|Dragonite, L50, F|
|poke|p2|Gholdengo, L50|
|poke|p2|Porygon2, L50|
|poke|p2|Ursaluna, L50, M|
|poke|p2|Incineroar, L50, F|
|teampreview|4
|showteam|p1|Garchomp||LifeOrb|RoughSkin|Earthquake,DragonClaw,StompingTantrum,Protect|||F|||50|,,,,,Steel]Incineroar||SafetyGoggles|Intimidate|FakeOut,FlareBlitz,KnockOff,PartingShot|||M|||50|,,,,,Ghost]Gholdengo||MetalCoat|GoodasGold|MakeItRain,ShadowBall,NastyPlot,Protect||||||50|,,,,,Dragon]Porygon2||Eviolite|Download|TeraBlast,IceBeam,TrickRoom,Recover||||||50|,,,,,Fighting]Vivillon-Polar||FocusSash|CompoundEyes|Hurricane,SleepPowder,Protect,RagePowder|||M|||50|,,,,,Ghost]Rotom-Wash||SitrusBerry|Levitate|HydroPump,Thunderbolt,VoltSwitch,Electroweb||||||50|,,,,,Ghost
|showteam|p2|Annihilape||FocusSash|Defiant|RageFist,CloseCombat,Coaching,FinalGambit|||F|||50|,,,,,Stellar]Dragonite||LoadedDice|Multiscale|ScaleShot,Haze,Tailwind,Protect|||F|||50|,,,,,Fairy]Gholdengo||LifeOrb|GoodasGold|ShadowBall,MakeItRain,NastyPlot,Protect||||||50|,,,,,Water]Porygon2||Eviolite|Download|IceBeam,TeraBlast,Recover,TrickRoom||||||50|,,,,,Fighting]Ursaluna||FlameOrb|Guts|Facade,Earthquake,HeadlongRush,Protect|||M|||50|,,,,,Ghost]Incineroar||SafetyGoggles|Intimidate|FakeOut,KnockOff,FlareBlitz,PartingShot|||F|||50|,,,,,Ghost
|inactive|Battle timer is ON: inactive players will automatically lose when time's up. (requested by Blitzball Ace)
|
|t:|1755719184
|teamsize|p1|4
|teamsize|p2|4
|start
|switch|p1a: Rotom|Rotom-Wash, L50|100/100
|switch|p1b: Adolin|Gholdengo, L50|100/100
|switch|p2a: Gholdengo|Gholdengo, L50|100/100
|switch|p2b: Incineroar|Incineroar, L50, F|100/100
|-ability|p2b: Incineroar|Intimidate|boost
|-unboost|p1a: Rotom|atk|1
|-unboost|p1b: Adolin|atk|1
|turn|1
|inactive|Blitzball Ace has 30 seconds left.
|inactive|ggttmmhh has 30 seconds left.
|inactive|Blitzball Ace has 20 seconds left.
|inactive|ggttmmhh has 20 seconds left.
|inactive|Blitzball Ace has 15 seconds left.
|inactive|Blitzball Ace has 10 seconds left.
|inactive|Blitzball Ace has 5 seconds left.
|
|t:|1755719235
|-terastallize|p1b: Adolin|Dragon
|-terastallize|p2a: Gholdengo|Water
|move|p2b: Incineroar|Fake Out|p1a: Rotom
|-damage|p1a: Rotom|89/100
|move|p1b: Adolin|Nasty Plot|p1b: Adolin
|-boost|p1b: Adolin|spa|2
|cant|p1a: Rotom|flinch
|move|p2a: Gholdengo|Nasty Plot|p2a: Gholdengo
|-boost|p2a: Gholdengo|spa|2
|
|upkeep
|turn|2
|inactive|Blitzball Ace has 30 seconds left.
|
|t:|1755719266
|move|p2a: Gholdengo|Protect|p2a: Gholdengo
|-singleturn|p2a: Gholdengo|Protect
|move|p1b: Adolin|Make It Rain|p2b: Incineroar|[spread] p2b
|-activate|p2a: Gholdengo|move: Protect
|-resisted|p2b: Incineroar
|-crit|p2b: Incineroar
|-damage|p2b: Incineroar|35/100
|-unboost|p1b: Adolin|spa|1
|move|p1a: Rotom|Hydro Pump|p2b: Incineroar
|-supereffective|p2b: Incineroar
|-damage|p2b: Incineroar|0 fnt
|faint|p2b: Incineroar
|
|upkeep
|
|t:|1755719279
|switch|p2b: Dragonite|Dragonite, L50, F|100/100
|turn|3
|
|t:|1755719303
|move|p1b: Adolin|Make It Rain|p2b: Dragonite|[spread] p2a,p2b
|-resisted|p2a: Gholdengo
|-crit|p2a: Gholdengo
|-damage|p2a: Gholdengo|46/100
|-damage|p2b: Dragonite|59/100
|-unboost|p1b: Adolin|spa|1
|move|p2b: Dragonite|Tailwind|p2b: Dragonite
|-sidestart|p2: ggttmmhh|move: Tailwind
|move|p2a: Gholdengo|Shadow Ball|p1a: Rotom
|-damage|p1a: Rotom|0 fnt
|faint|p1a: Rotom
|-damage|p2a: Gholdengo|37/100|[from] item: Life Orb
|
|upkeep
|
|t:|1755719320
|switch|p1a: Dalinar|Incineroar, L50, M, shiny|100/100
|-ability|p1a: Dalinar|Intimidate|boost
|-unboost|p2a: Gholdengo|atk|1
|-unboost|p2b: Dragonite|atk|1
|turn|4
|inactive|ggttmmhh has 30 seconds left.
|
|t:|1755719348
|switch|p2b: Annihilape|Annihilape, L50, F|100/100
|move|p2a: Gholdengo|Protect|p2a: Gholdengo
|-singleturn|p2a: Gholdengo|Protect
|move|p1a: Dalinar|Fake Out|p2b: Annihilape
|-immune|p2b: Annihilape
|move|p1b: Adolin|Nasty Plot|p1b: Adolin
|-boost|p1b: Adolin|spa|2
|
|upkeep
|turn|5
|inactive|Blitzball Ace has 30 seconds left.
|
|t:|1755719379
|move|p1b: Adolin|Protect|p1b: Adolin
|-singleturn|p1b: Adolin|Protect
|move|p2b: Annihilape|Close Combat|p1a: Dalinar
|-supereffective|p1a: Dalinar
|-damage|p1a: Dalinar|1/100
|-unboost|p2b: Annihilape|def|1
|-unboost|p2b: Annihilape|spd|1
|move|p2a: Gholdengo|Make It Rain|p1b: Adolin|[spread] p1a
|-activate|p1b: Adolin|move: Protect
|-resisted|p1a: Dalinar
|-damage|p1a: Dalinar|0 fnt
|-unboost|p2a: Gholdengo|spa|1
|faint|p1a: Dalinar
|-damage|p2a: Gholdengo|27/100|[from] item: Life Orb
|
|upkeep
|
|t:|1755719390
|switch|p1a: Kaladin|Garchomp, L50, F, shiny|100/100
|turn|6
|inactive|Blitzball Ace has 30 seconds left.
|inactive|ggttmmhh has 30 seconds left.
|
|t:|1755719417
|move|p1a: Kaladin|Protect|p1a: Kaladin
|-singleturn|p1a: Kaladin|Protect
|move|p2b: Annihilape|Close Combat|p1b: Adolin
|-damage|p1b: Adolin|45/100
|-unboost|p2b: Annihilape|def|1
|-unboost|p2b: Annihilape|spd|1
|move|p2a: Gholdengo|Make It Rain|p1a: Kaladin|[spread] p1b
|-activate|p1a: Kaladin|move: Protect
|-damage|p1b: Adolin|0 fnt
|-unboost|p2a: Gholdengo|spa|1
|faint|p1b: Adolin
|-damage|p2a: Gholdengo|17/100|[from] item: Life Orb
|
|-sideend|p2: ggttmmhh|move: Tailwind
|upkeep
|turn|7
|inactive|ggttmmhh has 30 seconds left.
|inactive|ggttmmhh has 20 seconds left.
|inactive|ggttmmhh has 15 seconds left.
|inactive|ggttmmhh has 10 seconds left.
|
|t:|1755719467
|switch|p2a: Dragonite|Dragonite, L50, F|59/100
|move|p1a: Kaladin|Dragon Claw|p2b: Annihilape
|-enditem|p2b: Annihilape|Focus Sash
|-damage|p2b: Annihilape|1/100
|-damage|p1a: Kaladin|91/100|[from] item: Life Orb
|move|p2b: Annihilape|Coaching|p2a: Dragonite
|-boost|p2a: Dragonite|atk|1
|-boost|p2a: Dragonite|def|1
|
|upkeep
|turn|8
|
|t:|1755719489
|move|p2a: Dragonite|Protect|p2a: Dragonite
|-singleturn|p2a: Dragonite|Protect
|move|p1a: Kaladin|Dragon Claw|p2a: Dragonite
|-activate|p2a: Dragonite|move: Protect
|move|p2b: Annihilape|Close Combat|p1a: Kaladin
|-damage|p1a: Kaladin|32/100
|-unboost|p2b: Annihilape|def|1
|-unboost|p2b: Annihilape|spd|1
|-damage|p2b: Annihilape|0 fnt|[from] ability: Rough Skin|[of] p1a: Kaladin
|faint|p2b: Annihilape
|
|upkeep
|
|t:|1755719497
|switch|p2b: Gholdengo|Gholdengo, L50, tera:Water|17/100
|turn|9
|
|t:|1755719512
|move|p1a: Kaladin|Dragon Claw|p2a: Dragonite
|-supereffective|p2a: Dragonite
|-damage|p2a: Dragonite|0 fnt
|faint|p2a: Dragonite
|-damage|p1a: Kaladin|22/100|[from] item: Life Orb
|move|p2b: Gholdengo|Make It Rain|p1a: Kaladin
|-damage|p1a: Kaladin|0 fnt
|-unboost|p2b: Gholdengo|spa|1
|faint|p1a: Kaladin
|-damage|p2b: Gholdengo|7/100|[from] item: Life Orb
|
|win|ggttmmhh
|raw|Blitzball Ace's rating: 1309 → 1285(-24 for losing)
|raw|ggttmmhh's rating: 1237 → 1267(+30 for winning)
