|j|☆beeetch
|j|☆Slackermaru
|html|beeetchSlackermaru    
|uhtml|bestof|Game 3 of a best-of-3
|t:|1754656613
|gametype|doubles
|player|p1|beeetch|beauty-gen4dp|1272
|player|p2|Slackermaru|workerice|1321
|gen|9
|tier|[Gen 9] VGC 2025 Reg H (Bo3)
|rated|
|rule|Species Clause: Limit one of each Pokémon
|rule|Item Clause: Limit 1 of each item
|clearpoke
|poke|p1|Toedscruel, L50, F|
|poke|p1|Weezing-Galar, L50, M|
|poke|p1|Corviknight, L50, M|
|poke|p1|Pawmot, L50, M|
|poke|p1|Garchomp, L50, M|
|poke|p1|Typhlosion-Hisui, L50, M|
|poke|p2|Porygon2, L50|
|poke|p2|Hydreigon, L50, M|
|poke|p2|Incineroar, L50, F|
|poke|p2|Ursaluna, L50, M|
|poke|p2|Amoonguss, L50, F|
|poke|p2|Gholdengo, L50|
|teampreview|4
|showteam|p1|Toedscruel||CovertCloak|MyceliumMight|Spore,EarthPower,AcidSpray,RagePowder|||F|||50|,,,,,Water]Weezing-Galar||ChoiceSpecs|NeutralizingGas|DazzlingGleam,SludgeBomb,StrangeSteam,Flamethrower|||M|||50|,,,,,Fire]Corviknight||SitrusBerry|MirrorArmor|Protect,Tailwind,Roost,BraveBird|||M|||50|,,,,,Dragon]Pawmot||FocusSash|NaturalCure|Protect,CloseCombat,DoubleShock,FakeOut|||M|||50|,,,,,Electric]Garchomp||LifeOrb|RoughSkin|Protect,Earthquake,DragonClaw,StompingTantrum|||M|||50|,,,,,Ground]Typhlosion-Hisui||ChoiceScarf|Blaze|Eruption,SleepTalk,HeatWave,ShadowBall|||M|||50|,,,,,Fire
|showteam|p2|Porygon2||Eviolite|Download|TeraBlast,IceBeam,TrickRoom,Recover||||||50|,,,,,Fighting]Hydreigon||SafetyGoggles|Levitate|Snarl,DracoMeteor,Tailwind,Protect|||M|||50|,,,,,Ghost]Incineroar||SitrusBerry|Intimidate|FlareBlitz,KnockOff,PartingShot,FakeOut|||F|||50|,,,,,Grass]Ursaluna||FlameOrb|Guts|Facade,HeadlongRush,Earthquake,Protect|||M|||50|,,,,,Ghost]Amoonguss||CovertCloak|Regenerator|PollenPuff,Spore,RagePowder,Protect|||F|||50|,,,,,Fire]Gholdengo||MetalCoat|GoodasGold|MakeItRain,ShadowBall,NastyPlot,Protect||||||50|,,,,,Flying
|
|t:|1754656641
|teamsize|p1|4
|teamsize|p2|4
|start
|switch|p1a: Pawmot|Pawmot, L50, M|100/100
|switch|p1b: Typhlosion|Typhlosion-Hisui, L50, M|100/100
|switch|p2a: Ursaluna|Ursaluna, L50, M|100/100
|switch|p2b: Amoonguss|Amoonguss, L50, F, shiny|100/100
|turn|1
|
|t:|1754656661
|-terastallize|p2a: Ursaluna|Ghost
|move|p2b: Amoonguss|Protect|p2b: Amoonguss
|-singleturn|p2b: Amoonguss|Protect
|move|p1b: Typhlosion|Eruption|p2a: Ursaluna|[spread] p2a
|-activate|p2b: Amoonguss|move: Protect
|-damage|p2a: Ursaluna|38/100
|move|p1a: Pawmot|Close Combat|p2a: Ursaluna
|-immune|p2a: Ursaluna
|move|p2a: Ursaluna|Earthquake|p1a: Pawmot|[spread] p1a,p1b
|-activate|p2b: Amoonguss|move: Protect
|-supereffective|p1a: Pawmot
|-supereffective|p1b: Typhlosion
|-enditem|p1a: Pawmot|Focus Sash
|-damage|p1a: Pawmot|1/100
|-damage|p1b: Typhlosion|0 fnt
|faint|p1b: Typhlosion
|
|-status|p2a: Ursaluna|brn|[from] item: Flame Orb
|upkeep
|
|t:|1754656674
|switch|p1b: Corviknight|Corviknight, L50, M|100/100
|turn|2
|
|t:|1754656702
|-terastallize|p1a: Pawmot|Electric
|move|p1a: Pawmot|Double Shock|p2a: Ursaluna
|-damage|p2a: Ursaluna|0 fnt
|-start|p1a: Pawmot|typechange|Electric|[from] move: Double Shock
|faint|p2a: Ursaluna
|move|p1b: Corviknight|Brave Bird|p2b: Amoonguss
|-supereffective|p2b: Amoonguss
|-damage|p2b: Amoonguss|18/100
|-damage|p1b: Corviknight|72/100|[from] Recoil
|move|p2b: Amoonguss|Spore|p1a: Pawmot
|-status|p1a: Pawmot|slp|[from] move: Spore
|
|upkeep
|
|t:|1754656715
|switch|p2a: Gholdengo|Gholdengo, L50|100/100
|turn|3
|
|t:|1754656725
|-curestatus|p1a: Pawmot|slp|[from] ability: Natural Cure
|switch|p1a: Garchomp|Garchomp, L50, M|100/100
|move|p2b: Amoonguss|Protect|p2b: Amoonguss
|-singleturn|p2b: Amoonguss|Protect
|move|p2a: Gholdengo|Make It Rain|p1a: Garchomp|[spread] p1a,p1b
|-resisted|p1b: Corviknight
|-damage|p1a: Garchomp|36/100
|-damage|p1b: Corviknight|44/100
|-unboost|p2a: Gholdengo|spa|1
|-enditem|p1b: Corviknight|Sitrus Berry|[eat]
|-heal|p1b: Corviknight|69/100|[from] item: Sitrus Berry
|move|p1b: Corviknight|Brave Bird|p2b: Amoonguss
|-activate|p2b: Amoonguss|move: Protect
|
|upkeep
|turn|4
|
|t:|1754656747
|switch|p2b: Porygon2|Porygon2, L50, shiny|100/100
|-ability|p2b: Porygon2|Download|boost
|-boost|p2b: Porygon2|spa|1
|move|p2a: Gholdengo|Protect|p2a: Gholdengo
|-singleturn|p2a: Gholdengo|Protect
|move|p1a: Garchomp|Earthquake|p2a: Gholdengo|[spread] p2b
|-activate|p2a: Gholdengo|move: Protect
|-immune|p1b: Corviknight
|-damage|p2b: Porygon2|68/100
|-damage|p1a: Garchomp|27/100|[from] item: Life Orb
|move|p1b: Corviknight|Brave Bird|p2b: Porygon2
|-damage|p2b: Porygon2|37/100
|-damage|p1b: Corviknight|59/100|[from] Recoil
|
|upkeep
|turn|5
|
|t:|1754656802
|move|p1a: Garchomp|Earthquake|p2b: Porygon2|[spread] p2a,p2b
|-immune|p1b: Corviknight
|-supereffective|p2a: Gholdengo
|-damage|p2a: Gholdengo|1/100
|-damage|p2b: Porygon2|0 fnt
|faint|p2b: Porygon2
|-damage|p1a: Garchomp|17/100|[from] item: Life Orb
|move|p2a: Gholdengo|Make It Rain|p1a: Garchomp|[spread] p1a,p1b
|-crit|p1a: Garchomp
|-resisted|p1b: Corviknight
|-damage|p1a: Garchomp|0 fnt
|-damage|p1b: Corviknight|41/100
|-unboost|p2a: Gholdengo|spa|1
|faint|p1a: Garchomp
|move|p1b: Corviknight|Brave Bird|p2a: Gholdengo
|-resisted|p2a: Gholdengo
|-damage|p2a: Gholdengo|0 fnt
|faint|p2a: Gholdengo
|-damage|p1b: Corviknight|41/100|[from] Recoil
|
|upkeep
|
|t:|1754656820
|switch|p1a: Pawmot|Pawmot, L50, M, tera:Electric|1/100
|switch|p2b: Amoonguss|Amoonguss, L50, F, shiny|52/100
|turn|6
|
|t:|1754656830
|move|p2b: Amoonguss|Protect|p2b: Amoonguss
|-singleturn|p2b: Amoonguss|Protect
|move|p1a: Pawmot|Double Shock|p2b: Amoonguss
|-activate|p2b: Amoonguss|move: Protect
|move|p1b: Corviknight|Brave Bird|p2b: Amoonguss
|-activate|p2b: Amoonguss|move: Protect
|
|upkeep
|turn|7
|
|t:|1754656851
|move|p1a: Pawmot|Double Shock|p2b: Amoonguss
|-resisted|p2b: Amoonguss
|-damage|p2b: Amoonguss|14/100
|-start|p1a: Pawmot|typechange|Electric|[from] move: Double Shock
|move|p1b: Corviknight|Brave Bird|p2b: Amoonguss
|-supereffective|p2b: Amoonguss
|-damage|p2b: Amoonguss|0 fnt
|faint|p2b: Amoonguss
|-damage|p1b: Corviknight|36/100|[from] Recoil
|
|win|beeetch
|raw|beeetch's rating: 1272 → 1301(+29 for winning)
|raw|Slackermaru's rating: 1321 → 1298(-23 for losing)
