|j|☆Volanr
|j|☆ryoshino19
|html|Volanrryoshino19    
|uhtml|bestof|Game 2 of a best-of-3
|t:|1756235205
|gametype|doubles
|player|p1|Volanr|veteranf|1329
|player|p2|ryoshino19|1|1295
|gen|9
|tier|[Gen 9] VGC 2025 Reg H (Bo3)
|rated|
|rule|Species Clause: Limit one of each Pokémon
|rule|Item Clause: Limit 1 of each item
|clearpoke
|poke|p1|Archaludon, L50, M|
|poke|p1|Sinistcha-Masterpiece, L50|
|poke|p1|Dragonite, L50, M|
|poke|p1|Pelipper, L50, M|
|poke|p1|Ursaluna, L50, F|
|poke|p1|Gholdengo, L50|
|poke|p2|Gholdengo, L50|
|poke|p2|Rillaboom, L50, F|
|poke|p2|Incineroar, L50, F|
|poke|p2|Porygon2, L50|
|poke|p2|Garchomp, L50, M|
|poke|p2|Clefable, L50, M|
|teampreview|4
|showteam|p1|Archaludon||AssaultVest|Stamina|BodyPress,Snarl,ElectroShot,FlashCannon|||M|||50|,,,,,Grass]Sinistcha-Masterpiece||SitrusBerry|Hospitality|MatchaGotcha,RagePowder,TrickRoom,LifeDew||||||50|,,,,,Dark]Dragonite||LoadedDice|Multiscale|ScaleShot,Protect,Tailwind,Haze|||M|||50|,,,,,Steel]Pelipper||FocusSash|Drizzle|WeatherBall,Hurricane,Tailwind,Protect|||M|||50|,,,,,Ground]Ursaluna||FlameOrb|Guts|Facade,HeadlongRush,Earthquake,Protect|||F|||50|,,,,,Ghost]Gholdengo||ChoiceScarf|GoodasGold|MakeItRain,TeraBlast,ShadowBall,Trick||||||50|,,,,,Water
|showteam|p2|Gholdengo||Leftovers|GoodasGold|MakeItRain,ShadowBall,NastyPlot,Protect||||||50|,,,,,Water]Rillaboom||AssaultVest|GrassySurge|WoodHammer,GrassyGlide,Uturn,FakeOut|||F|||50|,,,,,Fire]Incineroar||SafetyGoggles|Intimidate|FlareBlitz,KnockOff,PartingShot,FakeOut|||F|||50|,,,,,Ghost]Porygon2||Eviolite|Download|TeraBlast,IceBeam,Recover,TrickRoom||||||50|,,,,,Fighting]Garchomp||LifeOrb|RoughSkin|StompingTantrum,DragonClaw,RockSlide,Protect|||M|||50|,,,,,Fairy]Clefable||RockyHelmet|Unaware|Moonblast,FollowMe,Encore,Protect|||M|||50|,,,,,Ground
|inactive|Battle timer is ON: inactive players will automatically lose when time's up. (requested by ryoshino19)
|inactive|Volanr has 60 seconds left.
|
|t:|1756235237
|teamsize|p1|4
|teamsize|p2|4
|start
|switch|p1a: Gholdengo|Gholdengo, L50|100/100
|switch|p1b: Pelipper|Pelipper, L50, M|100/100
|switch|p2a: Gholdengo|Gholdengo, L50|100/100
|switch|p2b: Clefable|Clefable, L50, M|100/100
|-weather|RainDance|[from] ability: Drizzle|[of] p1b: Pelipper
|turn|1
|
|t:|1756235253
|-terastallize|p2a: Gholdengo|Water
|move|p2b: Clefable|Follow Me|p2b: Clefable
|-singleturn|p2b: Clefable|move: Follow Me
|move|p1a: Gholdengo|Shadow Ball|p2b: Clefable
|-damage|p2b: Clefable|61/100
|move|p2a: Gholdengo|Shadow Ball|p1a: Gholdengo
|-supereffective|p1a: Gholdengo
|-damage|p1a: Gholdengo|0 fnt
|faint|p1a: Gholdengo
|move|p1b: Pelipper|Weather Ball|p2b: Clefable
|-damage|p2b: Clefable|9/100
|
|-weather|RainDance|[upkeep]
|upkeep
|
|t:|1756235263
|switch|p1a: Sinistcha|Sinistcha-Masterpiece, L50|100/100
|turn|2
|
|t:|1756235279
|-terastallize|p1a: Sinistcha|Dark
|move|p2b: Clefable|Follow Me|p2b: Clefable
|-singleturn|p2b: Clefable|move: Follow Me
|move|p2a: Gholdengo|Nasty Plot|p2a: Gholdengo
|-boost|p2a: Gholdengo|spa|2
|move|p1b: Pelipper|Tailwind|p1b: Pelipper
|-sidestart|p1: Volanr|move: Tailwind
|move|p1a: Sinistcha|Matcha Gotcha|p2b: Clefable|[spread] p2a
|-miss|p1a: Sinistcha|p2b: Clefable
|-supereffective|p2a: Gholdengo
|-damage|p2a: Gholdengo|46/100
|
|-weather|RainDance|[upkeep]
|-heal|p2a: Gholdengo|52/100|[from] item: Leftovers
|upkeep
|turn|3
|
|t:|1756235294
|move|p2a: Gholdengo|Protect|p2a: Gholdengo
|-singleturn|p2a: Gholdengo|Protect
|move|p1b: Pelipper|Weather Ball|p2b: Clefable
|-damage|p2b: Clefable|0 fnt
|faint|p2b: Clefable
|move|p1a: Sinistcha|Matcha Gotcha|p2a: Gholdengo
|-activate|p2a: Gholdengo|move: Protect
|
|-weather|RainDance|[upkeep]
|-heal|p2a: Gholdengo|58/100|[from] item: Leftovers
|upkeep
|
|t:|1756235302
|switch|p2b: Rillaboom|Rillaboom, L50, F, shiny|100/100
|-fieldstart|move: Grassy Terrain|[from] ability: Grassy Surge|[of] p2b: Rillaboom
|turn|4
|
|t:|1756235307
|move|p2b: Rillaboom|Fake Out|p1a: Sinistcha
|-damage|p1a: Sinistcha|88/100
|move|p1b: Pelipper|Hurricane|p2a: Gholdengo
|-damage|p2a: Gholdengo|8/100
|cant|p1a: Sinistcha|flinch
|move|p2a: Gholdengo|Make It Rain|p1b: Pelipper|[spread] p1a,p1b
|-resisted|p1b: Pelipper
|-damage|p1a: Sinistcha|3/100
|-damage|p1b: Pelipper|19/100
|-unboost|p2a: Gholdengo|spa|1
|-enditem|p1a: Sinistcha|Sitrus Berry|[eat]
|-heal|p1a: Sinistcha|28/100|[from] item: Sitrus Berry
|
|-weather|RainDance|[upkeep]
|-heal|p1a: Sinistcha|34/100|[from] Grassy Terrain
|-heal|p2a: Gholdengo|15/100|[from] Grassy Terrain
|-heal|p2a: Gholdengo|21/100|[from] item: Leftovers
|upkeep
|turn|5
|
|t:|1756235320
|switch|p1a: Archaludon|Archaludon, L50, M|100/100
|move|p2a: Gholdengo|Protect|p2a: Gholdengo
|-singleturn|p2a: Gholdengo|Protect
|move|p2b: Rillaboom|Grassy Glide|p1b: Pelipper
|-damage|p1b: Pelipper|0 fnt
|faint|p1b: Pelipper
|
|-weather|none
|-heal|p2a: Gholdengo|27/100|[from] Grassy Terrain
|-heal|p2a: Gholdengo|33/100|[from] item: Leftovers
|-sideend|p1: Volanr|move: Tailwind
|upkeep
|
|t:|1756235327
|switch|p1b: Sinistcha|Sinistcha-Masterpiece, L50, tera:Dark|34/100
|turn|6
|
|t:|1756235340
|move|p2a: Gholdengo|Protect||[still]
|-fail|p2a: Gholdengo
|move|p2b: Rillaboom|U-turn|p1b: Sinistcha
|-supereffective|p1b: Sinistcha
|-damage|p1b: Sinistcha|0 fnt
|faint|p1b: Sinistcha
|
|t:|1756235345
|switch|p2b: Incineroar|Incineroar, L50, F, shiny|100/100|[from] U-turn
|-ability|p2b: Incineroar|Intimidate|boost
|-unboost|p1a: Archaludon|atk|1
|move|p1a: Archaludon|Body Press|p2a: Gholdengo
|-damage|p2a: Gholdengo|3/100
|
|-heal|p2a: Gholdengo|9/100|[from] Grassy Terrain
|-heal|p2a: Gholdengo|15/100|[from] item: Leftovers
|upkeep
|turn|7
|
|t:|1756235354
|move|p2b: Incineroar|Fake Out|p1a: Archaludon
|-resisted|p1a: Archaludon
|-crit|p1a: Archaludon
|-damage|p1a: Archaludon|96/100
|-ability|p1a: Archaludon|Stamina|boost
|-boost|p1a: Archaludon|def|1
|move|p2a: Gholdengo|Nasty Plot|p2a: Gholdengo
|-boost|p2a: Gholdengo|spa|2
|cant|p1a: Archaludon|flinch
|
|-heal|p2a: Gholdengo|22/100|[from] Grassy Terrain
|-heal|p2a: Gholdengo|28/100|[from] item: Leftovers
|-heal|p1a: Archaludon|100/100|[from] Grassy Terrain
|upkeep
|turn|8
|
|t:|1756235359
|move|p2a: Gholdengo|Protect|p2a: Gholdengo
|-singleturn|p2a: Gholdengo|Protect
|move|p1a: Archaludon|Body Press|p2a: Gholdengo
|-activate|p2a: Gholdengo|move: Protect
|move|p2b: Incineroar|Parting Shot|p1a: Archaludon
|-unboost|p1a: Archaludon|atk|1
|-unboost|p1a: Archaludon|spa|1
|
|t:|1756235361
|switch|p2b: Rillaboom|Rillaboom, L50, F, shiny|100/100|[from] Parting Shot
|
|-heal|p2a: Gholdengo|34/100|[from] Grassy Terrain
|-heal|p2a: Gholdengo|40/100|[from] item: Leftovers
|-fieldend|move: Grassy Terrain
|upkeep
|turn|9
|
|t:|1756235367
|move|p2b: Rillaboom|Fake Out|p1a: Archaludon
|-resisted|p1a: Archaludon
|-damage|p1a: Archaludon|97/100
|-ability|p1a: Archaludon|Stamina|boost
|-boost|p1a: Archaludon|def|1
|move|p2a: Gholdengo|Shadow Ball|p1a: Archaludon
|-damage|p1a: Archaludon|15/100
|-ability|p1a: Archaludon|Stamina|boost
|-boost|p1a: Archaludon|def|1
|cant|p1a: Archaludon|flinch
|
|-heal|p2a: Gholdengo|47/100|[from] item: Leftovers
|upkeep
|turn|10
|-message|Volanr forfeited.
|
|win|ryoshino19
|raw|Volanr's rating: 1329 → 1307(-22 for losing)
|raw|ryoshino19's rating: 1295 → 1322(+27 for winning)
|l|☆Volanr
|player|p1|
|l|☆ryoshino19
|player|p2|
|j|☆Volanr
|player|p1|Volanr|veteranf|
