|j|☆AirBloom
|j|☆Rhoads03193
|html|AirBloomRhoads03193    
|uhtml|bestof|Game 1 of a best-of-3
|t:|1783084342
|gametype|doubles
|player|p1|AirBloom|sabrina|1135
|player|p2|Rhoads03193|red|1156
|gen|9
|tier|[Gen 9 Champions] VGC 2026 Reg M-B (Bo3)
|rated|
|rule|Species Clause: Limit one of each Pokémon
|rule|Item Clause: Limit 1 of each item
|clearpoke
|poke|p1|Pelipper, L50, M|
|poke|p1|Archaludon, L50, M|
|poke|p1|Sneasler, L50, F|
|poke|p1|Swampert, L50, F|
|poke|p1|Venusaur, L50, F|
|poke|p1|Grimmsnarl, L50, M, shiny|
|poke|p2|Charizard, L50, M|
|poke|p2|Garchomp, L50, M|
|poke|p2|Basculegion, L50, M|
|poke|p2|Whimsicott, L50, M|
|poke|p2|Sylveon, L50, F|
|poke|p2|Incineroar, L50, F|
|teampreview|4
|showteam|p1|Pelipper||SitrusBerry|Drizzle|Hurricane,WeatherBall,Tailwind,WideGuard|Timid||M|||50|]Archaludon||Leftovers|Stamina|DragonPulse,FlashCannon,ElectroShot,Protect|Modest||M|||50|]Sneasler||FocusSash|PoisonTouch|FakeOut,CloseCombat,Protect,DireClaw|Adamant||F|||50|]Swampert||Swampertite|Damp|WaveCrash,Earthquake,FlipTurn,Protect|Adamant||F|||50|]Venusaur||Venusaurite|Overgrow|GigaDrain,Protect,LeechSeed,SludgeBomb|Modest||F|||50|]Grimmsnarl||LightClay|Prankster|Reflect,LightScreen,PartingShot,SpiritBreak|Careful||M|||50|
|showteam|p2|Charizard||CharizarditeY|Blaze|HeatWave,SolarBeam,WeatherBall,Protect|Timid||M|||50|]Garchomp||LifeOrb|RoughSkin|Earthquake,DragonClaw,RockSlide,Protect|Jolly||M|||50|]Basculegion||MysticWater|Adaptability|LastRespects,WaveCrash,AquaJet,Protect|Adamant||M|||50|]Whimsicott||FocusSash|Prankster|EnergyBall,Protect,Encore,Tailwind|Timid||M|||50|]Sylveon||FairyFeather|Pixilate|HyperVoice,Moonblast,HyperBeam,Detect|Modest||F|||50|]Incineroar||PasshoBerry|Intimidate|ThroatChop,FlareBlitz,FakeOut,PartingShot|Impish||F|||50|
|inactive|Battle timer is ON: inactive players will automatically lose when time's up. (requested by AirBloom)
|inactive|AirBloom has 60 seconds left.
|inactive|Rhoads03193 has 60 seconds left.
|inactive|AirBloom has 30 seconds left.
|
|t:|1783084414
|teamsize|p1|4
|teamsize|p2|4
|start
|switch|p1a: Grimmsnarl|Grimmsnarl, L50, M, shiny|100/100
|switch|p1b: Archaludon|Archaludon, L50, M|100/100
|switch|p2a: Sylveon|Sylveon, L50, F|100/100
|switch|p2b: Incineroar|Incineroar, L50, F|100/100
|-ability|p2b: Incineroar|Intimidate|boost
|-unboost|p1a: Grimmsnarl|atk|1
|-unboost|p1b: Archaludon|atk|1
|turn|1
|inactive|AirBloom has 30 seconds left.
|
|t:|1783084448
|move|p2b: Incineroar|Fake Out|p1b: Archaludon
|-resisted|p1b: Archaludon|1
|-damage|p1b: Archaludon|96/100
|-ability|p1b: Archaludon|Stamina|boost
|-boost|p1b: Archaludon|def|1
|move|p1a: Grimmsnarl|Light Screen|p1a: Grimmsnarl
|-sidestart|p1: AirBloom|move: Light Screen
|cant|p1b: Archaludon|flinch
|move|p2a: Sylveon|Hyper Voice|p1b: Archaludon|[spread] p1a,p1b
|-supereffective|p1a: Grimmsnarl|1
|-damage|p1a: Grimmsnarl|46/100
|-damage|p1b: Archaludon|59/100
|-ability|p1b: Archaludon|Stamina|boost
|-boost|p1b: Archaludon|def|1
|
|-heal|p1b: Archaludon|65/100|[from] item: Leftovers
|upkeep
|turn|2
|
|t:|1783084470
|move|p1a: Grimmsnarl|Parting Shot|p2a: Sylveon
|-unboost|p2a: Sylveon|atk|1
|-unboost|p2a: Sylveon|spa|1
|
|t:|1783084473
|switch|p1a: Pelipper|Pelipper, L50, M|100/100|[from] Parting Shot
|-weather|RainDance|[from] ability: Drizzle|[of] p1a: Pelipper
|move|p1b: Archaludon|Electro Shot||[still]
|-prepare|p1b: Archaludon|Electro Shot
|-boost|p1b: Archaludon|spa|1
|-anim|p1b: Archaludon|Electro Shot|p2b: Incineroar
|-damage|p2b: Incineroar|46/100
|move|p2a: Sylveon|Moonblast|p1b: Archaludon
|-damage|p1b: Archaludon|40/100
|-ability|p1b: Archaludon|Stamina|boost
|-boost|p1b: Archaludon|def|1
|move|p2b: Incineroar|Parting Shot|p1a: Pelipper
|-unboost|p1a: Pelipper|atk|1
|-unboost|p1a: Pelipper|spa|1
|
|t:|1783084491
|switch|p2b: Charizard|Charizard, L50, M|100/100|[from] Parting Shot
|
|-weather|RainDance|[upkeep]
|-heal|p1b: Archaludon|46/100|[from] item: Leftovers
|upkeep
|turn|3
|
|t:|1783084515
|detailschange|p2b: Charizard|Charizard-Mega-Y, L50, M
|-mega|p2b: Charizard|Charizard|Charizardite Y
|-weather|SunnyDay|[from] ability: Drought|[of] p2b: Charizard
|move|p1a: Pelipper|Wide Guard|p1a: Pelipper
|-singleturn|p1a: Pelipper|Wide Guard
|move|p2b: Charizard|Heat Wave|p1b: Archaludon|[spread] 
|-activate|p1a: Pelipper|move: Wide Guard
|-activate|p1b: Archaludon|move: Wide Guard
|move|p1b: Archaludon|Flash Cannon|p2a: Sylveon
|-supereffective|p2a: Sylveon|1
|-damage|p2a: Sylveon|10/100
|move|p2a: Sylveon|Hyper Beam|p1b: Archaludon
|-damage|p1b: Archaludon|0 fnt
|-mustrecharge|p2a: Sylveon
|faint|p1b: Archaludon
|
|-weather|SunnyDay|[upkeep]
|upkeep
|inactive|AirBloom has 30 seconds left.
|inactive|AirBloom has 20 seconds left.
|inactive|AirBloom has 15 seconds left.
|
|t:|1783084557
|switch|p1b: Grimmsnarl|Grimmsnarl, L50, M, shiny|46/100
|turn|4
|
|t:|1783084565
|switch|p1a: Swampert|Swampert, L50, F|100/100
|move|p2b: Charizard|Protect|p2b: Charizard
|-singleturn|p2b: Charizard|Protect
|move|p1b: Grimmsnarl|Parting Shot|p2b: Charizard
|-activate|p2b: Charizard|move: Protect
|cant|p2a: Sylveon|recharge
|
|-weather|SunnyDay|[upkeep]
|upkeep
|turn|5
|
|t:|1783084589
|switch|p2b: Incineroar|Incineroar, L50, F|46/100
|-ability|p2b: Incineroar|Intimidate|boost
|-unboost|p1a: Swampert|atk|1
|-unboost|p1b: Grimmsnarl|atk|1
|detailschange|p1a: Swampert|Swampert-Mega, L50, F
|-mega|p1a: Swampert|Swampert|Swampertite
|move|p1b: Grimmsnarl|Parting Shot|p2b: Incineroar
|-hint|Since gen 7, Dark is immune to Prankster moves.
|-immune|p2b: Incineroar
|move|p1a: Swampert|Flip Turn|p2a: Sylveon
|-damage|p2a: Sylveon|0 fnt
|faint|p2a: Sylveon
|
|t:|1783084600
|switch|p1a: Pelipper|Pelipper, L50, M|100/100|[from] Flip Turn
|-weather|RainDance|[from] ability: Drizzle|[of] p1a: Pelipper
|
|-weather|RainDance|[upkeep]
|upkeep
|
|t:|1783084610
|switch|p2a: Charizard|Charizard-Mega-Y, L50, M|100/100
|-weather|SunnyDay|[from] ability: Drought|[of] p2a: Charizard
|turn|6
|inactive|AirBloom has 30 seconds left.
|
|t:|1783084639
|move|p2b: Incineroar|Fake Out|p1b: Grimmsnarl
|-damage|p1b: Grimmsnarl|36/100
|cant|p1b: Grimmsnarl|flinch
|move|p2a: Charizard|Heat Wave|p1b: Grimmsnarl|[spread] p1a,p1b
|-resisted|p1a: Pelipper|1
|-damage|p1a: Pelipper|62/100
|-damage|p1b: Grimmsnarl|1/100
|move|p1a: Pelipper|Tailwind|p1a: Pelipper
|-sidestart|p1: AirBloom|move: Tailwind
|
|-weather|SunnyDay|[upkeep]
|upkeep
|turn|7
|inactive|AirBloom has 30 seconds left.
|inactive|Rhoads03193 has 30 seconds left.
|inactive|Rhoads03193 has 20 seconds left.
|inactive|Rhoads03193 has 15 seconds left.
|
|t:|1783084682
|switch|p1a: Swampert|Swampert-Mega, L50, F|100/100
|move|p2a: Charizard|Protect|p2a: Charizard
|-singleturn|p2a: Charizard|Protect
|move|p1b: Grimmsnarl|Parting Shot|p2a: Charizard
|-activate|p2a: Charizard|move: Protect
|move|p2b: Incineroar|Throat Chop|p1b: Grimmsnarl
|-resisted|p1b: Grimmsnarl|2
|-damage|p1b: Grimmsnarl|0 fnt
|faint|p1b: Grimmsnarl
|
|-weather|SunnyDay|[upkeep]
|upkeep
|
|t:|1783084689
|switch|p1b: Pelipper|Pelipper, L50, M|62/100
|-weather|RainDance|[from] ability: Drizzle|[of] p1b: Pelipper
|turn|8
|
|t:|1783084707
|switch|p2a: Basculegion|Basculegion, L50, M|100/100
|move|p1a: Swampert|Wave Crash|p2a: Basculegion
|-resisted|p2a: Basculegion|1
|-damage|p2a: Basculegion|33/100
|-damage|p1a: Swampert|76/100|[from] Recoil
|move|p1b: Pelipper|Weather Ball|p2b: Incineroar
|-supereffective|p2b: Incineroar|1
|-enditem|p2b: Incineroar|Passho Berry|[eat]
|-enditem|p2b: Incineroar|Passho Berry|[weaken]
|-damage|p2b: Incineroar|0 fnt
|faint|p2b: Incineroar
|
|-weather|RainDance|[upkeep]
|-sideend|p1: AirBloom|move: Light Screen
|upkeep
|
|t:|1783084721
|switch|p2b: Charizard|Charizard-Mega-Y, L50, M|100/100
|-weather|SunnyDay|[from] ability: Drought|[of] p2b: Charizard
|turn|9
|
|t:|1783084738
|move|p2b: Charizard|Protect|p2b: Charizard
|-singleturn|p2b: Charizard|Protect
|move|p2a: Basculegion|Protect|p2a: Basculegion
|-singleturn|p2a: Basculegion|Protect
|move|p1b: Pelipper|Hurricane|p2b: Charizard
|-activate|p2b: Charizard|move: Protect
|move|p1a: Swampert|Earthquake|p2b: Charizard|[spread] 
|-activate|p2a: Basculegion|move: Protect
|-activate|p2b: Charizard|move: Protect
|-immune|p1b: Pelipper
|
|-weather|SunnyDay|[upkeep]
|-sideend|p1: AirBloom|move: Tailwind
|upkeep
|turn|10
|
|t:|1783084752
|move|p2b: Charizard|Solar Beam||[still]
|-prepare|p2b: Charizard|Solar Beam
|-anim|p2b: Charizard|Solar Beam|p1a: Swampert
|-supereffective|p1a: Swampert|2
|-damage|p1a: Swampert|0 fnt
|faint|p1a: Swampert
|move|p1b: Pelipper|Hurricane|p2b: Charizard
|-damage|p2b: Charizard|54/100
|move|p2a: Basculegion|Last Respects|p1b: Pelipper
|-damage|p1b: Pelipper|0 fnt
|faint|p1b: Pelipper
|
|win|Rhoads03193
|l|☆AirBloom
|player|p1|
||AirBloom is ready for game 2.
|inactive|Rhoads03193 has 30 seconds to confirm battle start!
||Rhoads03193 is ready for game 2.
|uhtml|next|Next: Game 2 of 3
