|j|☆noah100800
|j|☆cancelledface
|html|noah100800cancelledface    
|uhtml|bestof|Game 1 of a best-of-3
|t:|1783786237
|gametype|doubles
|player|p1|noah100800|266|1101
|player|p2|cancelledface|1|1000
|gen|9
|tier|[Gen 9 Champions] VGC 2026 Reg M-B (Bo3)
|rated|
|rule|Species Clause: Limit one of each Pokémon
|rule|Item Clause: Limit 1 of each item
|clearpoke
|poke|p1|Delphox, L50, F|
|poke|p1|Blastoise, L50, M|
|poke|p1|Sneasler, L50, M|
|poke|p1|Incineroar, L50, F|
|poke|p1|Sinistcha, L50|
|poke|p1|Maushold-Four, L50|
|poke|p2|Starmie, L50|
|poke|p2|Pelipper, L50, M|
|poke|p2|Overqwil, L50, M|
|poke|p2|Basculegion, L50, M|
|poke|p2|Milotic, L50, F, shiny|
|poke|p2|Floette-Eternal, L50, F|
|teampreview|4
|showteam|p1|Delphox||Delphoxite|Blaze|Protect,NastyPlot,HeatWave,Psyshock|Modest||F|||50|]Blastoise||Blastoisinite|RainDish|Protect,ShellSmash,WaterSpout,DarkPulse|Modest||M|||50|]Sneasler||WhiteHerb|Unburden|CloseCombat,GunkShot,FakeOut,RainDance|Jolly||M|||50|]Incineroar||SitrusBerry|Intimidate|FlareBlitz,FakeOut,ThroatChop,PartingShot|Impish||F|||50|]Sinistcha||KasibBerry|Hospitality|Protect,MatchaGotcha,RagePowder,LifeDew|Bold|||||50|]Maushold-Four||FocusSash|FriendGuard|Protect,FollowMe,SuperFang,Feint|Jolly|||||50|
|showteam|p2|Starmie||Starminite|Analytic|AquaJet,BulkUp,Waterfall,Substitute|Brave|||||50|]Pelipper||DampRock|Drizzle|Hurricane,WideGuard,Tailwind,FeatherDance|Jolly||M|||50|]Overqwil||FocusSash|Intimidate|Crunch,BarbBarrage,ToxicSpikes,Taunt|Hasty||M|||50|]Basculegion||LifeOrb|SwiftSwim|WaveCrash,IceFang,Crunch,LastRespects|Jolly||M|||50|]Milotic||Leftovers|Competitive|Scald,Coil,Hypnosis,Protect|Calm||F|||50|]Floette-Eternal||Floettite|FlowerVeil|LightofRuin,DrainingKiss,CalmMind,Protect|Modest||F|||50|
|
|t:|1783786272
|teamsize|p1|4
|teamsize|p2|4
|start
|switch|p1a: Blastoise|Blastoise, L50, M|100/100
|switch|p1b: Sinistcha|Sinistcha, L50|100/100
|switch|p2a: Pelipper|Pelipper, L50, M|100/100
|switch|p2b: Overqwil|Overqwil, L50, M|100/100
|-ability|p2b: Overqwil|Intimidate|boost
|-unboost|p1a: Blastoise|atk|1
|-unboost|p1b: Sinistcha|atk|1
|-weather|RainDance|[from] ability: Drizzle|[of] p2a: Pelipper
|turn|1
|
|t:|1783786322
|detailschange|p1a: Blastoise|Blastoise-Mega, L50, M
|-mega|p1a: Blastoise|Blastoise|Blastoisinite
|move|p1b: Sinistcha|Rage Powder|p1b: Sinistcha
|-singleturn|p1b: Sinistcha|move: Rage Powder
|move|p2b: Overqwil|Barb Barrage|p1b: Sinistcha
|-damage|p1b: Sinistcha|80/100
|-status|p1b: Sinistcha|psn
|move|p1a: Blastoise|Shell Smash|p1a: Blastoise
|-unboost|p1a: Blastoise|def|1
|-unboost|p1a: Blastoise|spd|1
|-boost|p1a: Blastoise|atk|2
|-boost|p1a: Blastoise|spa|2
|-boost|p1a: Blastoise|spe|2
|move|p2a: Pelipper|Tailwind|p2a: Pelipper
|-sidestart|p2: cancelledface|move: Tailwind
|
|-weather|RainDance|[upkeep]
|-damage|p1b: Sinistcha|68/100 psn|[from] psn
|upkeep
|turn|2
|
|t:|1783786343
|switch|p1b: Maushold|Maushold-Four, L50|100/100
|move|p1a: Blastoise|Protect|p1a: Blastoise
|-singleturn|p1a: Blastoise|Protect
|move|p2a: Pelipper|Wide Guard|p2a: Pelipper
|-singleturn|p2a: Pelipper|Wide Guard
|move|p2b: Overqwil|Taunt|p1b: Maushold
|-start|p1b: Maushold|move: Taunt
|
|-weather|RainDance|[upkeep]
|upkeep
|turn|3
|
|t:|1783786396
|move|p1b: Maushold|Feint|p2b: Overqwil
|-damage|p2b: Overqwil|90/100
|move|p2b: Overqwil|Toxic Spikes|p1a: Blastoise
|-sidestart|p1: noah100800|move: Toxic Spikes
|move|p1a: Blastoise|Water Spout|p2b: Overqwil|[spread] p2a,p2b
|-resisted|p2a: Pelipper|1
|-damage|p2a: Pelipper|0 fnt
|-damage|p2b: Overqwil|0 fnt
|faint|p2a: Pelipper
|faint|p2b: Overqwil
|
|-weather|RainDance|[upkeep]
|upkeep
|
|t:|1783786409
|switch|p2b: Basculegion|Basculegion, L50, M|100/100
|switch|p2a: Starmie|Starmie, L50|100/100
|turn|4
|
|t:|1783786433
|switch|p1b: Sinistcha|Sinistcha, L50|68/100 psn
|detailschange|p2a: Starmie|Starmie-Mega, L50
|-mega|p2a: Starmie|Starmie|Starminite
|move|p1a: Blastoise|Protect|p1a: Blastoise
|-singleturn|p1a: Blastoise|Protect
|move|p2b: Basculegion|Last Respects|p1a: Blastoise
|-activate|p1a: Blastoise|move: Protect
|move|p2a: Starmie|Waterfall|p1a: Blastoise
|-activate|p1a: Blastoise|move: Protect
|
|-weather|RainDance|[upkeep]
|-damage|p1b: Sinistcha|56/100 psn|[from] psn
|-sideend|p2: cancelledface|move: Tailwind
|upkeep
|turn|5
|
|t:|1783786457
|move|p1b: Sinistcha|Rage Powder|p1b: Sinistcha
|-singleturn|p1b: Sinistcha|move: Rage Powder
|move|p2b: Basculegion|Last Respects|p1b: Sinistcha
|-supereffective|p1b: Sinistcha|1
|-enditem|p1b: Sinistcha|Kasib Berry|[eat]
|-enditem|p1b: Sinistcha|Kasib Berry|[weaken]
|-damage|p1b: Sinistcha|0 fnt
|faint|p1b: Sinistcha
|-damage|p2b: Basculegion|90/100|[from] item: Life Orb
|move|p1a: Blastoise|Dark Pulse|p2b: Basculegion
|-supereffective|p2b: Basculegion|1
|-crit|p2b: Basculegion
|-damage|p2b: Basculegion|0 fnt
|faint|p2b: Basculegion
|move|p2a: Starmie|Substitute|p2a: Starmie
|-start|p2a: Starmie|Substitute
|-damage|p2a: Starmie|75/100
|
|-weather|RainDance|[upkeep]
|upkeep
|
|t:|1783786474
|switch|p1b: Maushold|Maushold-Four, L50|100/100
|-status|p1b: Maushold|psn
|turn|6
|
|t:|1783786485
|move|p1b: Maushold|Follow Me|p1b: Maushold
|-singleturn|p1b: Maushold|move: Follow Me
|move|p1a: Blastoise|Water Spout|p2a: Starmie
|-resisted|p2a: Starmie|1
|-end|p2a: Starmie|Substitute
|move|p2a: Starmie|Bulk Up|p2a: Starmie
|-boost|p2a: Starmie|atk|1
|-boost|p2a: Starmie|def|1
|
|-weather|RainDance|[upkeep]
|-damage|p1b: Maushold|87/100 psn|[from] psn
|upkeep
|turn|7
|
|t:|1783786499
|move|p1b: Maushold|Follow Me|p1b: Maushold
|-singleturn|p1b: Maushold|move: Follow Me
|move|p2a: Starmie|Aqua Jet|p1b: Maushold
|-damage|p1b: Maushold|0 fnt
|faint|p1b: Maushold
|move|p1a: Blastoise|Dark Pulse|p2a: Starmie
|-supereffective|p2a: Starmie|1
|-damage|p2a: Starmie|0 fnt
|faint|p2a: Starmie
|
|win|noah100800
|inactive|noah100800 has 30 seconds to confirm battle start!
|inactive|cancelledface has 30 seconds to confirm battle start!
||cancelledface is ready for game 2.
