|j|☆krscrossapplesauce
|j|☆teslobo
|html|krscrossapplesauceteslobo    
|uhtml|bestof|Game 3 of a best-of-3
|t:|1756556729
|gametype|doubles
|player|p1|krscrossapplesauce|green|
|player|p2|teslobo|norman|
|gen|9
|tier|[Gen 9] VGC 2025 Reg H (Bo3)
|rule|Species Clause: Limit one of each Pokémon
|rule|Item Clause: Limit 1 of each item
|clearpoke
|poke|p1|Sneasler, L50, M|
|poke|p1|Gholdengo, L50|
|poke|p1|Dondozo, L50, M|
|poke|p1|Rillaboom, L50, M|
|poke|p1|Volcarona, L50, F|
|poke|p1|Electabuzz, L50, M|
|poke|p2|Kommo-o, L50, F|
|poke|p2|Gholdengo, L50|
|poke|p2|Tyranitar, L50, M|
|poke|p2|Volcarona, L50, M|
|poke|p2|Rillaboom, L50, M|
|poke|p2|Weezing-Galar, L50, M|
|teampreview|4
|showteam|p1|Sneasler||FocusSash|PoisonTouch|FakeOut,DireClaw,CloseCombat,Protect|||M|||50|,,,,,Dark]Gholdengo||LifeOrb|GoodasGold|MakeItRain,ShadowBall,NastyPlot,Protect||||||50|,,,,,Water]Dondozo||Leftovers|Unaware|WaveCrash,Yawn,Fissure,Protect|||M|||50|,,,,,Steel]Rillaboom||AssaultVest|GrassySurge|FakeOut,WoodHammer,GrassyGlide,HighHorsepower|||M|||50|,,,,,Fire]Volcarona||CovertCloak|FlameBody|HeatWave,QuiverDance,TeraBlast,Protect|||F|||50|,,,,,Fairy]Electabuzz||Eviolite|VitalSpirit|Thunderbolt,FollowMe,Taunt,Protect|||M|||50|,,,,,Ghost
|showteam|p2|Kommo-o||Leftovers|Overcoat|BodyPress,IronDefense,ShadowClaw,Protect|||F|||50|,,,,,Steel]Gholdengo||GrassySeed|GoodasGold|MakeItRain,ShadowBall,NastyPlot,Protect||||||50|,,,,,Normal]Tyranitar||AssaultVest|SandStream|RockSlide,KnockOff,TeraBlast,LowKick|||M|||50|,,,,,Flying]Volcarona||SafetyGoggles|FlameBody|Overheat,StruggleBug,Tailwind,RagePowder|||M|||50|,,,,,Fairy]Rillaboom||AbilityShield|GrassySurge|WoodHammer,GrassyGlide,FakeOut,HighHorsepower|||M|||50|,,,,,Fire]Weezing-Galar||SitrusBerry|NeutralizingGas|StrangeSteam,PoisonGas,Taunt,Protect|||M|||50|,,,,,Water
|
|t:|1756556762
|teamsize|p1|4
|teamsize|p2|4
|start
|switch|p1a: Gholdengo|Gholdengo, L50|100/100
|switch|p1b: Sneasler|Sneasler, L50, M|100/100
|switch|p2a: Gholdengo|Gholdengo, L50|100/100
|switch|p2b: Volcarona|Volcarona, L50, M|100/100
|turn|1
|j| shadow193
|inactive|Battle timer is ON: inactive players will automatically lose when time's up. (requested by krscrossapplesauce)
|
|t:|1756556792
|move|p2a: Gholdengo|Protect|p2a: Gholdengo
|-singleturn|p2a: Gholdengo|Protect
|move|p1b: Sneasler|Fake Out|p2b: Volcarona
|-damage|p2b: Volcarona|85/100
|-status|p2b: Volcarona|psn|[from] ability: Poison Touch|[of] p1b: Sneasler
|cant|p2b: Volcarona|flinch
|move|p1a: Gholdengo|Shadow Ball|p2a: Gholdengo
|-activate|p2a: Gholdengo|move: Protect
|
|-damage|p2b: Volcarona|72/100 psn|[from] psn
|upkeep
|turn|2
|inactive|krscrossapplesauce has 30 seconds left.
|inactive|teslobo has 30 seconds left.
|
|t:|1756556823
|-terastallize|p1a: Gholdengo|Water
|move|p1b: Sneasler|Close Combat|p2a: Gholdengo
|-immune|p2a: Gholdengo
|move|p2b: Volcarona|Struggle Bug|p1b: Sneasler|[spread] p1a,p1b
|-crit|p1a: Gholdengo
|-resisted|p1b: Sneasler
|-damage|p1a: Gholdengo|72/100
|-damage|p1b: Sneasler|95/100
|-unboost|p1a: Gholdengo|spa|1
|-unboost|p1b: Sneasler|spa|1
|move|p1a: Gholdengo|Shadow Ball|p2a: Gholdengo
|-supereffective|p2a: Gholdengo
|-damage|p2a: Gholdengo|30/100
|-unboost|p2a: Gholdengo|spd|1
|-damage|p1a: Gholdengo|62/100|[from] item: Life Orb
|move|p2a: Gholdengo|Nasty Plot|p2a: Gholdengo
|-boost|p2a: Gholdengo|spa|2
|
|-damage|p2b: Volcarona|60/100 psn|[from] psn
|upkeep
|turn|3
|inactive|teslobo has 30 seconds left.
|
|t:|1756556848
|switch|p1a: Electabuzz|Electabuzz, L50, M|100/100
|move|p1b: Sneasler|Dire Claw|p2b: Volcarona
|-damage|p2b: Volcarona|12/100 psn
|-status|p1b: Sneasler|brn|[from] ability: Flame Body|[of] p2b: Volcarona
|move|p2b: Volcarona|Tailwind|p2b: Volcarona
|-sidestart|p2: teslobo|move: Tailwind
|move|p2a: Gholdengo|Shadow Ball|p1a: Electabuzz
|-damage|p1a: Electabuzz|39/100
|-unboost|p1a: Electabuzz|spd|1
|
|-damage|p2b: Volcarona|0 fnt|[from] psn
|faint|p2b: Volcarona
|-damage|p1b: Sneasler|89/100 brn|[from] brn
|upkeep
|inactive|teslobo has 30 seconds left.
|
|t:|1756556877
|switch|p2b: Rillaboom|Rillaboom, L50, M|100/100
|-fieldstart|move: Grassy Terrain|[from] ability: Grassy Surge|[of] p2b: Rillaboom
|-enditem|p2a: Gholdengo|Grassy Seed
|-boost|p2a: Gholdengo|def|1|[from] item: Grassy Seed
|turn|4
|
|t:|1756556889
|move|p1a: Electabuzz|Protect|p1a: Electabuzz
|-singleturn|p1a: Electabuzz|Protect
|move|p2b: Rillaboom|Fake Out|p1a: Electabuzz
|-activate|p1a: Electabuzz|move: Protect
|move|p2a: Gholdengo|Nasty Plot|p2a: Gholdengo
|-boost|p2a: Gholdengo|spa|2
|move|p1b: Sneasler|Dire Claw|p2b: Rillaboom
|-supereffective|p2b: Rillaboom
|-damage|p2b: Rillaboom|57/100
|-status|p2b: Rillaboom|psn
|
|-heal|p2b: Rillaboom|64/100 psn|[from] Grassy Terrain
|-heal|p2a: Gholdengo|36/100|[from] Grassy Terrain
|-heal|p1b: Sneasler|95/100 brn|[from] Grassy Terrain
|-heal|p1a: Electabuzz|45/100|[from] Grassy Terrain
|-damage|p2b: Rillaboom|51/100 psn|[from] psn
|-damage|p1b: Sneasler|89/100 brn|[from] brn
|upkeep
|turn|5
|
|t:|1756556906
|switch|p2b: Weezing|Weezing-Galar, L50, M|100/100
|-ability|p2b: Weezing|Neutralizing Gas
|move|p2a: Gholdengo|Make It Rain|p1b: Sneasler|[spread] p1a,p1b
|-resisted|p1a: Electabuzz
|-damage|p1a: Electabuzz|0 fnt
|-damage|p1b: Sneasler|0 fnt
|-unboost|p2a: Gholdengo|spa|1
|faint|p1a: Electabuzz
|faint|p1b: Sneasler
|
|-heal|p2a: Gholdengo|43/100|[from] Grassy Terrain
|upkeep
|
|t:|1756556912
|switch|p1b: Gholdengo|Gholdengo, L50, tera:Water|62/100
|switch|p1a: Rillaboom|Rillaboom, L50, M|100/100
|turn|6
|
|t:|1756556935
|move|p1b: Gholdengo|Protect|p1b: Gholdengo
|-singleturn|p1b: Gholdengo|Protect
|move|p1a: Rillaboom|Fake Out|p2b: Weezing
|-damage|p2b: Weezing|88/100
|move|p2a: Gholdengo|Make It Rain|p1b: Gholdengo|[spread] p1a
|-activate|p1b: Gholdengo|move: Protect
|-crit|p1a: Rillaboom
|-damage|p1a: Rillaboom|0 fnt
|-unboost|p2a: Gholdengo|spa|1
|faint|p1a: Rillaboom
|cant|p2b: Weezing|flinch
|
|-heal|p2a: Gholdengo|49/100|[from] Grassy Terrain
|-heal|p2b: Weezing|94/100|[from] Grassy Terrain
|-heal|p1b: Gholdengo|69/100|[from] Grassy Terrain
|-sideend|p2: teslobo|move: Tailwind
|upkeep
|turn|7
|
|t:|1756556959
|move|p1b: Gholdengo|Shadow Ball|p2a: Gholdengo
|-supereffective|p2a: Gholdengo
|-damage|p2a: Gholdengo|0 fnt
|faint|p2a: Gholdengo
|-damage|p1b: Gholdengo|59/100|[from] item: Life Orb
|move|p2b: Weezing|Taunt|p1b: Gholdengo
|-start|p1b: Gholdengo|move: Taunt
|
|-heal|p1b: Gholdengo|65/100|[from] Grassy Terrain
|-heal|p2b: Weezing|99/100|[from] Grassy Terrain
|upkeep
|
|t:|1756556969
|switch|p2a: Rillaboom|Rillaboom, L50, M|51/100 psn
|turn|8
|
|t:|1756556984
|move|p2a: Rillaboom|Fake Out|p1b: Gholdengo
|-damage|p1b: Gholdengo|47/100
|cant|p1b: Gholdengo|flinch
|move|p2b: Weezing|Strange Steam|p1b: Gholdengo
|-damage|p1b: Gholdengo|12/100
|
|-heal|p1b: Gholdengo|18/100|[from] Grassy Terrain
|-heal|p2a: Rillaboom|57/100 psn|[from] Grassy Terrain
|-heal|p2b: Weezing|100/100|[from] Grassy Terrain
|-damage|p2a: Rillaboom|45/100 psn|[from] psn
|-fieldend|move: Grassy Terrain
|upkeep
|turn|9
|
|t:|1756557001
|-terastallize|p2b: Weezing|Water
|move|p1b: Gholdengo|Make It Rain|p2a: Rillaboom|[spread] p2a,p2b
|-resisted|p2b: Weezing
|-damage|p2a: Rillaboom|0 fnt
|-damage|p2b: Weezing|68/100
|-unboost|p1b: Gholdengo|spa|1
|faint|p2a: Rillaboom
|-damage|p1b: Gholdengo|8/100|[from] item: Life Orb
|move|p2b: Weezing|Strange Steam|p1b: Gholdengo
|-damage|p1b: Gholdengo|0 fnt
|faint|p1b: Gholdengo
|
|win|teslobo
|c|☆krscrossapplesauce|ggs
|c|☆teslobo|gg
|l| shadow193
|c|☆krscrossapplesauce|probs shouldnt have tried to read the tera so hard LMAO
|c|☆krscrossapplesauce|ok lunch ends in 2 whole minutes cheers for the battle
|c|☆teslobo|tera normal dengo is great pressure
|c|☆teslobo|gg
|l|☆krscrossapplesauce
|player|p1|
