|j|☆char_labs
|j|☆samworldwide
|html|char_labssamworldwide    
|uhtml|bestof|Game 2 of a best-of-3
|t:|1757811539
|gametype|doubles
|player|p1|char_labs|clerkf|1138
|player|p2|samworldwide|psychic-gen3|1103
|gen|9
|tier|[Gen 9] VGC 2025 Reg H (Bo3)
|rated|
|rule|Species Clause: Limit one of each Pokémon
|rule|Item Clause: Limit 1 of each item
|clearpoke
|poke|p1|Dragonite, L50, F|
|poke|p1|Vivillon, L50, F|
|poke|p1|Ursaluna, L50, F|
|poke|p1|Gholdengo, L50|
|poke|p1|Incineroar, L50, F|
|poke|p1|Primarina, L50, F|
|poke|p2|Garchomp, L50, F|
|poke|p2|Hydreigon, L50, F|
|poke|p2|Typhlosion-Hisui, L50, F|
|poke|p2|Venusaur, L50, F|
|poke|p2|Torkoal, L50, M|
|poke|p2|Whimsicott, L50, F|
|teampreview|4
|showteam|p1|Dragonite||LoadedDice|Multiscale|ScaleShot,Protect,Haze,LowKick|||F|||50|,,,,,Fairy]Vivillon||FocusSash|CompoundEyes|Tailwind,Protect,Hurricane,SleepPowder|||F|||50|,,,,,Ghost]Ursaluna||FlameOrb|Guts|Protect,Facade,Earthquake,HeadlongRush|||F|||50|,,,,,Ghost]Gholdengo||Leftovers|GoodasGold|MakeItRain,ShadowBall,NastyPlot,Protect||||||50|,,,,,Water]Incineroar||SafetyGoggles|Intimidate|FakeOut,PartingShot,KnockOff,FlareBlitz|||F|||50|,,,,,Dragon]Primarina||SitrusBerry|LiquidVoice|Protect,DazzlingGleam,Moonblast,HyperVoice|||F|||50|,,,,,Steel
|showteam|p2|Garchomp||ClearAmulet|RoughSkin|StompingTantrum,DragonClaw,Earthquake,Protect|||F|||50|,,,,,Steel]Hydreigon||LifeOrb|Levitate|DracoMeteor,DarkPulse,HeatWave,Protect|||F|||50|,,,,,Poison]Typhlosion-Hisui||ChoiceSpecs|Blaze|Eruption,HeatWave,SolarBeam,ShadowBall|||F|||50|,,,,,Fire]Venusaur||FocusSash|Chlorophyll|GrassKnot,WeatherBall,SleepPowder,Protect|||F|||50|,,,,,Fire]Torkoal||EjectPack|Drought|Overheat,Eruption,HelpingHand,Protect|||M|||50|,,,,,Flying]Whimsicott||CovertCloak|Prankster|Moonblast,SunnyDay,Tailwind,Encore|||F|||50|,,,,,Water
|inactive|Battle timer is ON: inactive players will automatically lose when time's up. (requested by char_labs)
|inactive|char_labs has 60 seconds left.
|
|t:|1757811598
|teamsize|p1|4
|teamsize|p2|4
|start
|switch|p1a: Vivillon|Vivillon, L50, F|100/100
|switch|p1b: Dragonite|Dragonite, L50, F|100/100
|switch|p2a: Garchomp|Garchomp, L50, F|100/100
|switch|p2b: Torkoal|Torkoal, L50, M|100/100
|-weather|SunnyDay|[from] ability: Drought|[of] p2b: Torkoal
|turn|1
|inactive|samworldwide has 30 seconds left.
|
|t:|1757811631
|-terastallize|p2a: Garchomp|Steel
|-terastallize|p1b: Dragonite|Fairy
|move|p2a: Garchomp|Dragon Claw|p1a: Vivillon
|-damage|p1a: Vivillon|13/100
|move|p1a: Vivillon|Sleep Powder|p2a: Garchomp
|-status|p2a: Garchomp|slp|[from] move: Sleep Powder
|move|p1b: Dragonite|Scale Shot|p2b: Torkoal
|-damage|p2b: Torkoal|90/100
|-damage|p2b: Torkoal|79/100
|-damage|p2b: Torkoal|68/100
|-damage|p2b: Torkoal|57/100
|-hitcount|p2b: Torkoal|4
|-unboost|p1b: Dragonite|def|1
|-boost|p1b: Dragonite|spe|1
|move|p2b: Torkoal|Overheat|p1a: Vivillon
|-supereffective|p1a: Vivillon
|-damage|p1a: Vivillon|0 fnt
|-unboost|p2b: Torkoal|spa|2
|faint|p1a: Vivillon
|-enditem|p2b: Torkoal|Eject Pack
|
|t:|1757811653
|switch|p2b: Venusaur|Venusaur, L50, F|100/100
|
|-weather|SunnyDay|[upkeep]
|upkeep
|
|t:|1757811656
|switch|p1a: Incineroar|Incineroar, L50, F|100/100
|-ability|p1a: Incineroar|Intimidate|boost
|-fail|p2a: Garchomp|unboost|[from] item: Clear Amulet|[of] p2a: Garchomp
|-unboost|p2b: Venusaur|atk|1
|turn|2
|
|t:|1757811672
|switch|p2a: Torkoal|Torkoal, L50, M|57/100
|move|p2b: Venusaur|Protect|p2b: Venusaur
|-singleturn|p2b: Venusaur|Protect
|move|p1b: Dragonite|Scale Shot|p2b: Venusaur
|-activate|p2b: Venusaur|move: Protect
|move|p1a: Incineroar|Flare Blitz|p2a: Torkoal
|-resisted|p2a: Torkoal
|-damage|p2a: Torkoal|33/100
|-damage|p1a: Incineroar|94/100|[from] Recoil
|
|-weather|SunnyDay|[upkeep]
|upkeep
|turn|3
|inactive|samworldwide has 30 seconds left.
|inactive|samworldwide has 20 seconds left.
|
|t:|1757811710
|move|p1b: Dragonite|Protect|p1b: Dragonite
|-singleturn|p1b: Dragonite|Protect
|move|p2b: Venusaur|Sleep Powder|p1b: Dragonite
|-activate|p1b: Dragonite|move: Protect
|move|p1a: Incineroar|Flare Blitz|p2b: Venusaur
|-supereffective|p2b: Venusaur
|-enditem|p2b: Venusaur|Focus Sash
|-damage|p2b: Venusaur|1/100
|-damage|p1a: Incineroar|68/100|[from] Recoil
|move|p2a: Torkoal|Eruption|p1a: Incineroar|[spread] p1a
|-activate|p1b: Dragonite|move: Protect
|-resisted|p1a: Incineroar
|-damage|p1a: Incineroar|61/100
|
|-weather|SunnyDay|[upkeep]
|upkeep
|turn|4
|
|t:|1757811727
|move|p2b: Venusaur|Grass Knot|p1b: Dragonite
|-damage|p1b: Dragonite|73/100
|move|p1b: Dragonite|Scale Shot|p2b: Venusaur
|-damage|p2b: Venusaur|0 fnt
|faint|p2b: Venusaur
|-hitcount|p2: Venusaur|1
|-unboost|p1b: Dragonite|def|1
|-boost|p1b: Dragonite|spe|1
|move|p1a: Incineroar|Knock Off|p2a: Torkoal
|-damage|p2a: Torkoal|15/100
|move|p2a: Torkoal|Overheat|p1b: Dragonite|[miss]
|-miss|p2a: Torkoal|p1b: Dragonite
|
|-weather|SunnyDay|[upkeep]
|upkeep
|
|t:|1757811743
|switch|p2b: Hydreigon|Hydreigon, L50, F|100/100
|turn|5
|
|t:|1757811753
|move|p2b: Hydreigon|Protect|p2b: Hydreigon
|-singleturn|p2b: Hydreigon|Protect
|move|p1b: Dragonite|Scale Shot|p2b: Hydreigon
|-activate|p2b: Hydreigon|move: Protect
|move|p1a: Incineroar|Parting Shot|p2a: Torkoal
|-unboost|p2a: Torkoal|atk|1
|-unboost|p2a: Torkoal|spa|1
|
|t:|1757811755
|switch|p1a: Primarina|Primarina, L50, F|100/100|[from] Parting Shot
|move|p2a: Torkoal|Overheat|p1b: Dragonite
|-damage|p1b: Dragonite|28/100
|-unboost|p2a: Torkoal|spa|2
|
|-weather|none
|upkeep
|turn|6
|inactive|samworldwide has 30 seconds left.
|
|t:|1757811785
|switch|p2a: Garchomp|Garchomp, L50, F, tera:Steel|100/100 slp
|move|p1b: Dragonite|Protect|p1b: Dragonite
|-singleturn|p1b: Dragonite|Protect
|move|p2b: Hydreigon|Draco Meteor|p1b: Dragonite
|-activate|p1b: Dragonite|move: Protect
|move|p1a: Primarina|Dazzling Gleam|p2a: Garchomp|[spread] p2a,p2b
|-resisted|p2a: Garchomp
|-supereffective|p2b: Hydreigon
|-damage|p2a: Garchomp|86/100 slp
|-damage|p2b: Hydreigon|0 fnt
|faint|p2b: Hydreigon
|
|upkeep
|
|t:|1757811793
|switch|p2b: Torkoal|Torkoal, L50, M|15/100
|-weather|SunnyDay|[from] ability: Drought|[of] p2b: Torkoal
|turn|7
|
|t:|1757811812
|move|p2b: Torkoal|Protect|p2b: Torkoal
|-singleturn|p2b: Torkoal|Protect
|move|p1b: Dragonite|Low Kick|p2a: Garchomp
|-supereffective|p2a: Garchomp
|-damage|p2a: Garchomp|21/100 slp
|-damage|p1b: Dragonite|16/100|[from] ability: Rough Skin|[of] p2a: Garchomp
|cant|p2a: Garchomp|slp
|move|p1a: Primarina|Hyper Voice|p2b: Torkoal|[spread] p2a
|-activate|p2b: Torkoal|move: Protect
|-damage|p2a: Garchomp|5/100 slp
|
|-weather|SunnyDay|[upkeep]
|upkeep
|turn|8
|-message|samworldwide forfeited.
|
|win|char_labs
|l|☆samworldwide
|player|p2|
||samworldwide is ready for game 3.
||char_labs is ready for game 3.
|uhtml|next|Next: Game 3 of 3
