|j|☆manikman
|j|☆lolgz
|html|manikmanlolgz    
|uhtml|bestof|Game 2 of a best-of-3
|t:|1784834453
|gametype|doubles
|player|p1|manikman|steven|1169
|player|p2|lolgz|dawn|1145
|gen|9
|tier|[Gen 9 Champions] VGC 2026 Reg M-B (Bo3)
|rated|
|rule|Species Clause: Limit one of each Pokémon
|rule|Item Clause: Limit 1 of each item
|clearpoke
|poke|p1|Scolipede, L50, M|
|poke|p1|Raichu, L50, M|
|poke|p1|Sinistcha, L50|
|poke|p1|Weavile, L50, M|
|poke|p1|Ceruledge, L50, F|
|poke|p1|Milotic, L50, F|
|poke|p2|Blastoise, L50, F|
|poke|p2|Vivillon, L50, M|
|poke|p2|Farigiraf, L50, M|
|poke|p2|Gallade, L50, M|
|poke|p2|Kingambit, L50, F|
|poke|p2|Camerupt, L50, F|
|teampreview|4
|showteam|p1|Scolipede||Scolipite|SpeedBoost|LeechLife,PoisonJab,SwordsDance,Protect|Jolly||M|||50|]Raichu||RaichuniteY|LightningRod|ZapCannon,FocusBlast,Protect,FakeOut|Timid||M|||50|]Sinistcha||KasibBerry|Hospitality|MatchaGotcha,LifeDew,Protect,RagePowder|Relaxed|||||50|]Weavile||FocusSash|Pickpocket|KnockOff,TripleAxel,LowKick,FakeOut|Jolly||M|||50|]Ceruledge||ColburBerry|FlashFire|BitterBlade,ShadowSneak,Protect,BulkUp|Adamant||F|||50|]Milotic||Leftovers|Competitive|MuddyWater,Coil,Protect,Hypnosis|Calm||F|||50|
|showteam|p2|Blastoise||Blastoisinite|Torrent|WaterSpout,DarkPulse,FakeOut,ShellSmash|Modest||F|||50|]Vivillon||ChoiceScarf|CompoundEyes|SleepPowder,RagePowder,Tailwind,Hurricane|Timid||M|||50|]Farigiraf||SitrusBerry|ArmorTail|TrickRoom,Psychic,HelpingHand,Protect|Relaxed||M|||50|]Gallade||IronBall|Sharpness|SacredSword,PsychoCut,LeafBlade,TrickRoom|Brave||M|||50|]Kingambit||BlackGlasses|Defiant|SuckerPunch,KowtowCleave,IronHead,Protect|Brave||F|||50|]Camerupt||Cameruptite|MagmaArmor|HeatWave,EarthPower,AncientPower,Protect|Quiet||F|||50|
|inactive|Battle timer is ON: inactive players will automatically lose when time's up. (requested by lolgz)
|inactive|manikman has 60 seconds left.
|
|t:|1784834485
|teamsize|p1|4
|teamsize|p2|4
|start
|switch|p1a: Milotic|Milotic, L50, F|100/100
|switch|p1b: Sinistcha|Sinistcha, L50|100/100
|switch|p2a: Farigiraf|Farigiraf, L50, M|100/100
|switch|p2b: Gallade|Gallade, L50, M|100/100
|turn|1
|
|t:|1784834501
|move|p1b: Sinistcha|Rage Powder|p1b: Sinistcha
|-singleturn|p1b: Sinistcha|move: Rage Powder
|move|p1a: Milotic|Coil|p1a: Milotic
|-boost|p1a: Milotic|atk|1
|-boost|p1a: Milotic|def|1
|-boost|p1a: Milotic|accuracy|1
|move|p2b: Gallade|Psycho Cut|p1b: Sinistcha
|-damage|p1b: Sinistcha|52/100
|move|p2a: Farigiraf|Trick Room|p2a: Farigiraf
|-fieldstart|move: Trick Room|[of] p2a: Farigiraf
|
|upkeep
|turn|2
|
|t:|1784834515
|move|p2a: Farigiraf|Helping Hand|p2b: Gallade
|-singleturn|p2b: Gallade|Helping Hand|[of] p2a: Farigiraf
|move|p1b: Sinistcha|Rage Powder|p1b: Sinistcha
|-singleturn|p1b: Sinistcha|move: Rage Powder
|move|p2b: Gallade|Psycho Cut|p1b: Sinistcha
|-damage|p1b: Sinistcha|0 fnt
|faint|p1b: Sinistcha
|move|p1a: Milotic|Hypnosis|p2b: Gallade|[miss]
|-miss|p1a: Milotic|p2b: Gallade
|
|upkeep
|
|t:|1784834526
|switch|p1b: Raichu|Raichu, L50, M|100/100
|turn|3
|
|t:|1784834536
|detailschange|p1b: Raichu|Raichu-Mega-Y, L50, M
|-mega|p1b: Raichu|Raichu|Raichunite Y
|move|p2a: Farigiraf|Helping Hand|p2b: Gallade
|-singleturn|p2b: Gallade|Helping Hand|[of] p2a: Farigiraf
|move|p1a: Milotic|Protect|p1a: Milotic
|-singleturn|p1a: Milotic|Protect
|move|p2b: Gallade|Leaf Blade|p1a: Milotic
|-activate|p1a: Milotic|move: Protect
|move|p1b: Raichu|Zap Cannon|p2b: Gallade
|-damage|p2b: Gallade|41/100
|-status|p2b: Gallade|par
|
|upkeep
|turn|4
|
|t:|1784834556
|move|p2a: Farigiraf|Helping Hand|p2b: Gallade
|-singleturn|p2b: Gallade|Helping Hand|[of] p2a: Farigiraf
|move|p2b: Gallade|Leaf Blade|p1a: Milotic
|-supereffective|p1a: Milotic|1
|-damage|p1a: Milotic|5/100
|move|p1a: Milotic|Hypnosis|p2a: Farigiraf
|-status|p2a: Farigiraf|slp|[from] move: Hypnosis
|move|p1b: Raichu|Zap Cannon|p2b: Gallade
|-damage|p2b: Gallade|0 fnt
|faint|p2b: Gallade
|
|-heal|p1a: Milotic|11/100|[from] item: Leftovers
|upkeep
|
|t:|1784834565
|switch|p2b: Camerupt|Camerupt, L50, F|100/100
|turn|5
|
|t:|1784834570
|detailschange|p2b: Camerupt|Camerupt-Mega, L50, F
|-mega|p2b: Camerupt|Camerupt|Cameruptite
|cant|p2a: Farigiraf|slp
|move|p1a: Milotic|Protect|p1a: Milotic
|-singleturn|p1a: Milotic|Protect
|move|p1b: Raichu|Protect|p1b: Raichu
|-singleturn|p1b: Raichu|Protect
|move|p2b: Camerupt|Heat Wave|p1b: Raichu|[spread] 
|-activate|p1a: Milotic|move: Protect
|-activate|p1b: Raichu|move: Protect
|
|-heal|p1a: Milotic|17/100|[from] item: Leftovers
|-fieldend|move: Trick Room
|upkeep
|turn|6
|
|t:|1784834590
|move|p2b: Camerupt|Protect|p2b: Camerupt
|-singleturn|p2b: Camerupt|Protect
|move|p1b: Raichu|Focus Blast|p2a: Farigiraf
|-crit|p2a: Farigiraf
|-damage|p2a: Farigiraf|38/100 slp
|-unboost|p2a: Farigiraf|spd|1
|-enditem|p2a: Farigiraf|Sitrus Berry|[eat]
|-heal|p2a: Farigiraf|63/100 slp|[from] item: Sitrus Berry
|move|p1a: Milotic|Muddy Water|p2a: Farigiraf|[spread] p2a
|-activate|p2b: Camerupt|move: Protect
|-damage|p2a: Farigiraf|31/100 slp
|cant|p2a: Farigiraf|slp
|
|-heal|p1a: Milotic|23/100|[from] item: Leftovers
|upkeep
|turn|7
|
|t:|1784834609
|switch|p2b: Kingambit|Kingambit, L50, F|100/100
|move|p1b: Raichu|Focus Blast|p2a: Farigiraf
|-damage|p2a: Farigiraf|0 fnt
|faint|p2a: Farigiraf
|move|p1a: Milotic|Muddy Water|p2b: Kingambit
|-damage|p2b: Kingambit|67/100
|
|-heal|p1a: Milotic|29/100|[from] item: Leftovers
|upkeep
|
|t:|1784834615
|switch|p2a: Camerupt|Camerupt-Mega, L50, F|100/100
|turn|8
|
|t:|1784834634
|move|p2b: Kingambit|Sucker Punch|p1a: Milotic
|-damage|p1a: Milotic|0 fnt
|faint|p1a: Milotic
|move|p1b: Raichu|Focus Blast|p2b: Kingambit
|-supereffective|p2b: Kingambit|2
|-damage|p2b: Kingambit|0 fnt
|faint|p2b: Kingambit
|move|p2a: Camerupt|Earth Power|p1b: Raichu
|-supereffective|p1b: Raichu|1
|-damage|p1b: Raichu|0 fnt
|faint|p1b: Raichu
|
|upkeep
|
|t:|1784834638
|switch|p1a: Weavile|Weavile, L50, M|100/100
|turn|9
|
|t:|1784834648
|move|p2a: Camerupt|Protect|p2a: Camerupt
|-singleturn|p2a: Camerupt|Protect
|move|p1a: Weavile|Fake Out|p2a: Camerupt
|-activate|p2a: Camerupt|move: Protect
|
|upkeep
|turn|10
|
|t:|1784834655
|move|p1a: Weavile|Low Kick|p2a: Camerupt
|-damage|p2a: Camerupt|61/100
|move|p2a: Camerupt|Ancient Power|p1a: Weavile
|-supereffective|p1a: Weavile|1
|-damage|p1a: Weavile|16/100
|
|upkeep
|turn|11
|
|t:|1784834662
|move|p1a: Weavile|Triple Axel|p2a: Camerupt
|-damage|p2a: Camerupt|49/100
|-damage|p2a: Camerupt|28/100
|-damage|p2a: Camerupt|0 fnt
|faint|p2a: Camerupt
|-hitcount|p2: Camerupt|3
|
|win|manikman
