|j|☆funntymann
|j|☆eklyst
|html|funntymanneklyst    
|uhtml|bestof|Game 1 of a best-of-3
|t:|1783379404
|gametype|doubles
|player|p1|funntymann|2|1034
|player|p2|eklyst|pokemaniac|1092
|gen|9
|tier|[Gen 9 Champions] VGC 2026 Reg M-B (Bo3)
|rated|
|rule|Species Clause: Limit one of each Pokémon
|rule|Item Clause: Limit 1 of each item
|clearpoke
|poke|p1|Whimsicott, L50, F|
|poke|p1|Garchomp, L50, F|
|poke|p1|Gholdengo, L50|
|poke|p1|Floette-Eternal, L50, F|
|poke|p1|Raichu, L50, F|
|poke|p1|Basculegion, L50, M|
|poke|p2|Metagross, L50|
|poke|p2|Floette-Eternal, L50, F|
|poke|p2|Garchomp, L50, M|
|poke|p2|Aerodactyl, L50, M|
|poke|p2|Sinistcha, L50|
|poke|p2|Incineroar, L50, F|
|teampreview|4
|showteam|p1|Whimsicott||FocusSash|Prankster|Tailwind,Encore,Moonblast,Protect|Timid||F|||50|]Garchomp||SitrusBerry|RoughSkin|RockSlide,StompingTantrum,DragonClaw,Protect|Jolly||F|||50|]Gholdengo||LifeOrb|GoodasGold|Protect,MakeItRain,ShadowBall,NastyPlot|Modest|||||50|]Floette-Eternal||Floettite|FlowerVeil|Moonblast,DazzlingGleam,LightofRuin,Protect|Timid||F|||50|]Raichu||RaichuniteY|LightningRod|FakeOut,ZapCannon,FocusBlast,Protect|Timid||F|||50|]Basculegion||MysticWater|Adaptability|WaveCrash,AquaJet,LastRespects,Protect|Adamant||M|||50|
|showteam|p2|Metagross||Metagrossite|ClearBody|IronHead,BulletPunch,PsychicFangs,Protect|Adamant|||||50|]Floette-Eternal||Floettite|FlowerVeil|Moonblast,DazzlingGleam,CalmMind,Protect|Modest||F|||50|]Garchomp||LifeOrb|RoughSkin|RockSlide,StompingTantrum,DragonClaw,Protect|Jolly||M|||50|]Aerodactyl||FocusSash|Unnerve|RockSlide,DualWingbeat,Tailwind,Protect|Jolly||M|||50|]Sinistcha||KasibBerry|Hospitality|MatchaGotcha,TrickRoom,RagePowder,Protect|Relaxed|||||50|]Incineroar||SitrusBerry|Intimidate|FakeOut,FlareBlitz,ThroatChop,PartingShot|Adamant||F|||50|
|inactive|Battle timer is ON: inactive players will automatically lose when time's up. (requested by eklyst)
|inactive|funntymann has 60 seconds left.
|inactive|eklyst has 60 seconds left.
|
|t:|1783379458
|teamsize|p1|4
|teamsize|p2|4
|start
|switch|p1a: PotentialMan|Raichu, L50, F|100/100
|switch|p1b: Garchomp|Garchomp, L50, F|100/100
|switch|p2a: Incineroar|Incineroar, L50, F|100/100
|switch|p2b: Floette|Floette-Eternal, L50, F|100/100
|-ability|p2a: Incineroar|Intimidate|boost
|-unboost|p1a: PotentialMan|atk|1
|-unboost|p1b: Garchomp|atk|1
|turn|1
|inactive|funntymann has 30 seconds left.
|
|t:|1783379486
|detailschange|p1a: PotentialMan|Raichu-Mega-Y, L50, F
|-mega|p1a: PotentialMan|Raichu|Raichunite Y
|detailschange|p2b: Floette|Floette-Mega, L50, F
|-mega|p2b: Floette|Floette|Floettite
|-ability|p2b: Floette|Fairy Aura
|move|p1a: PotentialMan|Fake Out|p2b: Floette
|-damage|p2b: Floette|94/100
|move|p2a: Incineroar|Fake Out|p1a: PotentialMan
|-damage|p1a: PotentialMan|84/100
|move|p1b: Garchomp|Stomping Tantrum|p2b: Floette
|-damage|p2b: Floette|70/100
|cant|p2b: Floette|flinch
|
|upkeep
|turn|2
|
|t:|1783379510
|move|p2b: Floette|Protect|p2b: Floette
|-singleturn|p2b: Floette|Protect
|move|p1a: PotentialMan|Zap Cannon|p2b: Floette
|-activate|p2b: Floette|move: Protect
|move|p1b: Garchomp|Stomping Tantrum|p2b: Floette
|-activate|p2b: Floette|move: Protect
|move|p2a: Incineroar|Parting Shot|p1a: PotentialMan
|-unboost|p1a: PotentialMan|atk|1
|-unboost|p1a: PotentialMan|spa|1
|
|t:|1783379520
|switch|p2a: Sinistcha|Sinistcha, L50|100/100|[from] Parting Shot
|-heal|p2b: Floette|95/100|[from] ability: Hospitality|[of] p2a: Sinistcha
|
|upkeep
|turn|3
|
|t:|1783379545
|switch|p1a: TheMoney|Gholdengo, L50|100/100
|move|p1b: Garchomp|Protect|p1b: Garchomp
|-singleturn|p1b: Garchomp|Protect
|move|p2a: Sinistcha|Rage Powder|p2a: Sinistcha
|-singleturn|p2a: Sinistcha|move: Rage Powder
|move|p2b: Floette|Calm Mind|p2b: Floette
|-boost|p2b: Floette|spa|1
|-boost|p2b: Floette|spd|1
|
|upkeep
|turn|4
|
|t:|1783379567
|switch|p2a: Incineroar|Incineroar, L50, F|100/100
|-ability|p2a: Incineroar|Intimidate|boost
|-unboost|p1a: TheMoney|atk|1
|-unboost|p1b: Garchomp|atk|1
|move|p2b: Floette|Protect|p2b: Floette
|-singleturn|p2b: Floette|Protect
|move|p1b: Garchomp|Rock Slide|p2b: Floette|[spread] p2a
|-activate|p2b: Floette|move: Protect
|-supereffective|p2a: Incineroar|1
|-damage|p2a: Incineroar|82/100
|move|p1a: TheMoney|Make It Rain|p2b: Floette|[spread] p2a
|-activate|p2b: Floette|move: Protect
|-resisted|p2a: Incineroar|1
|-damage|p2a: Incineroar|51/100
|-unboost|p1a: TheMoney|spa|2
|-damage|p1a: TheMoney|90/100|[from] item: Life Orb
|
|upkeep
|turn|5
|inactive|funntymann has 30 seconds left.
|
|t:|1783379601
|switch|p1b: Lilfluffymurderer|Whimsicott, L50, F|100/100
|move|p1a: TheMoney|Protect|p1a: TheMoney
|-singleturn|p1a: TheMoney|Protect
|move|p2b: Floette|Dazzling Gleam|p1a: TheMoney|[spread] p1b
|-activate|p1a: TheMoney|move: Protect
|-enditem|p1b: Lilfluffymurderer|Focus Sash
|-damage|p1b: Lilfluffymurderer|1/100
|move|p2a: Incineroar|Throat Chop|p1a: TheMoney
|-activate|p1a: TheMoney|move: Protect
|
|upkeep
|turn|6
|
|t:|1783379620
|switch|p2a: Sinistcha|Sinistcha, L50|100/100
|-heal|p2b: Floette|100/100|[from] ability: Hospitality|[of] p2a: Sinistcha
|move|p1b: Lilfluffymurderer|Tailwind|p1b: Lilfluffymurderer
|-sidestart|p1: funntymann|move: Tailwind
|move|p1a: TheMoney|Nasty Plot|p1a: TheMoney
|-boost|p1a: TheMoney|spa|2
|move|p2b: Floette|Dazzling Gleam|p1b: Lilfluffymurderer|[spread] p1a,p1b
|-resisted|p1a: TheMoney|1
|-damage|p1a: TheMoney|53/100
|-damage|p1b: Lilfluffymurderer|0 fnt
|faint|p1b: Lilfluffymurderer
|
|upkeep
|inactive|funntymann has 30 seconds left.
|
|t:|1783379647
|switch|p1b: PotentialMan|Raichu-Mega-Y, L50, F|84/100
|turn|7
|
|t:|1783379660
|move|p2b: Floette|Protect|p2b: Floette
|-singleturn|p2b: Floette|Protect
|move|p1b: PotentialMan|Fake Out|p2b: Floette
|-activate|p2b: Floette|move: Protect
|move|p1a: TheMoney|Nasty Plot|p1a: TheMoney
|-boost|p1a: TheMoney|spa|2
|move|p2a: Sinistcha|Trick Room|p2a: Sinistcha
|-fieldstart|move: Trick Room|[of] p2a: Sinistcha
|
|upkeep
|turn|8
|
|t:|1783379681
|move|p1b: PotentialMan|Protect|p1b: PotentialMan
|-singleturn|p1b: PotentialMan|Protect
|move|p2a: Sinistcha|Matcha Gotcha|p1b: PotentialMan|[spread] p1a
|-activate|p1b: PotentialMan|move: Protect
|-resisted|p1a: TheMoney|1
|-damage|p1a: TheMoney|42/100
|-status|p1a: TheMoney|brn
|move|p2b: Floette|Moonblast|p1a: TheMoney
|-resisted|p1a: TheMoney|1
|-damage|p1a: TheMoney|0 fnt
|faint|p1a: TheMoney
|
|upkeep
|inactive|funntymann has 30 seconds left.
|
|t:|1783379709
|switch|p1a: Garchomp|Garchomp, L50, F|100/100
|turn|9
|
|t:|1783379717
|switch|p2a: Incineroar|Incineroar, L50, F|51/100
|-ability|p2a: Incineroar|Intimidate|boost
|-unboost|p1a: Garchomp|atk|1
|-unboost|p1b: PotentialMan|atk|1
|move|p2b: Floette|Dazzling Gleam|p1b: PotentialMan|[spread] p1a,p1b
|-supereffective|p1a: Garchomp|1
|-damage|p1a: Garchomp|0 fnt
|-damage|p1b: PotentialMan|0 fnt
|faint|p1a: Garchomp
|faint|p1b: PotentialMan
|
|win|eklyst
||eklyst is ready for game 2.
||funntymann is ready for game 2.
|uhtml|next|Next: Game 2 of 3
|l|☆funntymann
|player|p1|
