|j|☆b(r)2
|j|☆zidani
|html|b(r)2zidani    
|uhtml|bestof|Game 1 of a best-of-3
|t:|1783118646
|gametype|doubles
|player|p1|b(r)2|265|1068
|player|p2|zidani|buck|1078
|gen|9
|tier|[Gen 9 Champions] VGC 2026 Reg M-B (Bo3)
|rated|
|rule|Species Clause: Limit one of each Pokémon
|rule|Item Clause: Limit 1 of each item
|clearpoke
|poke|p1|Hydreigon, L50, F|
|poke|p1|Garchomp, L50, M|
|poke|p1|Metagross, L50|
|poke|p1|Charizard, L50, F|
|poke|p1|Grimmsnarl, L50, M|
|poke|p1|Toxapex, L50, F|
|poke|p2|Charizard, L50, M|
|poke|p2|Incineroar, L50, F|
|poke|p2|Basculegion, L50, M|
|poke|p2|Sneasler, L50, F|
|poke|p2|Garchomp, L50, M|
|poke|p2|Aerodactyl, L50, M|
|teampreview|4
|showteam|p1|Hydreigon||ChoiceScarf|Levitate|HeatWave,DarkPulse,DracoMeteor,Snarl|Modest||F|||50|]Garchomp||SitrusBerry|RoughSkin|Earthquake,RockSlide,DragonClaw,Protect|Adamant||M|||50|]Metagross||Metagrossite|ClearBody|IronHead,HammerArm,BulletPunch,Protect|Adamant|||||50|]Charizard||CharizarditeY|Blaze|Protect,HeatWave,SolarBeam,WeatherBall|Timid||F|||50|]Grimmsnarl||RoseliBerry|Prankster|FakeOut,FoulPlay,Reflect,PartingShot|Sassy||M|||50|]Toxapex||Leftovers|Regenerator|Infestation,Toxic,BanefulBunker,WideGuard|Bold||F|||50|
|showteam|p2|Charizard||CharizarditeY|SolarPower|HeatWave,SolarBeam,WeatherBall,Protect|Modest||M|||50|]Incineroar||SitrusBerry|Intimidate|FakeOut,PartingShot,FlareBlitz,ThroatChop|Serious||F|||50|]Basculegion||ChoiceScarf|Adaptability|AquaJet,WaveCrash,LastRespects,FlipTurn|Jolly||M|||50|]Sneasler||FocusSash|PoisonTouch|DireClaw,FakeOut,CloseCombat,Protect|Jolly||F|||50|]Garchomp||RoseliBerry|RoughSkin|Earthquake,RockSlide,DragonClaw,Protect|Jolly||M|||50|]Aerodactyl||Aerodactylite|Unnerve|Tailwind,IceFang,RockSlide,WideGuard|Jolly||M|||50|
|
|t:|1783118670
|teamsize|p1|4
|teamsize|p2|4
|start
|switch|p1a: Grimmsnarl|Grimmsnarl, L50, M|100/100
|switch|p1b: Toxapex|Toxapex, L50, F|100/100
|switch|p2a: Aerodactyl|Aerodactyl, L50, M|100/100
|switch|p2b: Sneasler|Sneasler, L50, F|100/100
|-ability|p2a: Aerodactyl|Unnerve
|turn|1
|inactive|Battle timer is ON: inactive players will automatically lose when time's up. (requested by zidani)
|
|t:|1783118694
|move|p2b: Sneasler|Fake Out|p1a: Grimmsnarl
|-damage|p1a: Grimmsnarl|84/100
|cant|p1a: Grimmsnarl|flinch
|move|p2a: Aerodactyl|Tailwind|p2a: Aerodactyl
|-sidestart|p2: zidani|move: Tailwind
|move|p1b: Toxapex|Infestation|p2b: Sneasler
|-resisted|p2b: Sneasler|2
|-damage|p2b: Sneasler|99/100
|-activate|p2b: Sneasler|move: Infestation|[of] p1b: Toxapex
|
|-damage|p2b: Sneasler|87/100|[from] move: Infestation|[partiallytrapped]
|upkeep
|turn|2
|
|t:|1783118716
|move|p1a: Grimmsnarl|Parting Shot|p2b: Sneasler
|-unboost|p2b: Sneasler|atk|1
|-unboost|p2b: Sneasler|spa|1
|
|t:|1783118719
|switch|p1a: Garchomp|Garchomp, L50, M|100/100|[from] Parting Shot
|move|p2a: Aerodactyl|Rock Slide|p1b: Toxapex|[spread] p1b
|-miss|p2a: Aerodactyl|p1a: Garchomp
|-damage|p1b: Toxapex|84/100
|move|p2b: Sneasler|Dire Claw|p1a: Garchomp
|-resisted|p1a: Garchomp|1
|-damage|p1a: Garchomp|88/100
|-damage|p2b: Sneasler|75/100|[from] ability: Rough Skin|[of] p1a: Garchomp
|-status|p1a: Garchomp|psn|[from] ability: Poison Touch|[of] p2b: Sneasler
|cant|p1b: Toxapex|flinch
|
|-heal|p1b: Toxapex|89/100|[from] item: Leftovers
|-damage|p1a: Garchomp|76/100 psn|[from] psn
|-damage|p2b: Sneasler|63/100|[from] move: Infestation|[partiallytrapped]
|upkeep
|turn|3
|inactive|b(r)2 has 30 seconds left.
|inactive|zidani has 30 seconds left.
|inactive|zidani has 20 seconds left.
|
|t:|1783118759
|detailschange|p2a: Aerodactyl|Aerodactyl-Mega, L50, M
|-mega|p2a: Aerodactyl|Aerodactyl|Aerodactylite
|move|p2b: Sneasler|Protect|p2b: Sneasler
|-singleturn|p2b: Sneasler|Protect
|move|p1a: Garchomp|Protect|p1a: Garchomp
|-singleturn|p1a: Garchomp|Protect
|move|p2a: Aerodactyl|Ice Fang|p1a: Garchomp
|-activate|p1a: Garchomp|move: Protect
|move|p1b: Toxapex|Infestation|p2a: Aerodactyl
|-resisted|p2a: Aerodactyl|1
|-damage|p2a: Aerodactyl|98/100
|-activate|p2a: Aerodactyl|move: Infestation|[of] p1b: Toxapex
|
|-heal|p1b: Toxapex|95/100|[from] item: Leftovers
|-damage|p1a: Garchomp|64/100 psn|[from] psn
|-damage|p2a: Aerodactyl|85/100|[from] move: Infestation|[partiallytrapped]
|-damage|p2b: Sneasler|50/100g|[from] move: Infestation|[partiallytrapped]
|upkeep
|turn|4
|inactive|zidani has 30 seconds left.
|
|t:|1783118788
|switch|p1a: Charizard|Charizard, L50, F|100/100
|move|p2a: Aerodactyl|Ice Fang|p1a: Charizard
|-damage|p1a: Charizard|68/100
|move|p2b: Sneasler|Dire Claw|p1a: Charizard
|-damage|p1a: Charizard|37/100
|-status|p1a: Charizard|psn|[from] ability: Poison Touch|[of] p2b: Sneasler
|move|p1b: Toxapex|Toxic|p2a: Aerodactyl
|-status|p2a: Aerodactyl|tox
|
|-heal|p1b: Toxapex|100/100|[from] item: Leftovers
|-damage|p2a: Aerodactyl|80/100 tox|[from] psn
|-damage|p1a: Charizard|25/100 psn|[from] psn
|-damage|p2a: Aerodactyl|68/100 tox|[from] move: Infestation|[partiallytrapped]
|-damage|p2b: Sneasler|38/100|[from] move: Infestation|[partiallytrapped]
|-sideend|p2: zidani|move: Tailwind
|upkeep
|turn|5
|
|t:|1783118811
|detailschange|p1a: Charizard|Charizard-Mega-Y, L50, F
|-mega|p1a: Charizard|Charizard|Charizardite Y
|-weather|SunnyDay|[from] ability: Drought|[of] p1a: Charizard
|move|p1b: Toxapex|Wide Guard|p1b: Toxapex
|-singleturn|p1b: Toxapex|Wide Guard
|move|p2a: Aerodactyl|Tailwind|p2a: Aerodactyl
|-sidestart|p2: zidani|move: Tailwind
|move|p2b: Sneasler|Dire Claw|p1a: Charizard
|-damage|p1a: Charizard|0 fnt
|faint|p1a: Charizard
|
|-weather|SunnyDay|[upkeep]
|-damage|p2a: Aerodactyl|56/100 tox|[from] psn
|-damage|p2a: Aerodactyl|44/100 tox|[from] move: Infestation|[partiallytrapped]
|-end|p2b: Sneasler|Infestation|[partiallytrapped]
|upkeep
|
|t:|1783118826
|switch|p1a: Garchomp|Garchomp, L50, M|64/100 psn
|turn|6
|
|t:|1783118842
|switch|p2b: Garchomp|Garchomp, L50, M|100/100
|switch|p1b: Grimmsnarl|Grimmsnarl, L50, M|84/100
|move|p1a: Garchomp|Protect|p1a: Garchomp
|-singleturn|p1a: Garchomp|Protect
|move|p2a: Aerodactyl|Rock Slide|p1a: Garchomp|[spread] p1b
|-activate|p1a: Garchomp|move: Protect
|-damage|p1b: Grimmsnarl|53/100
|
|-weather|SunnyDay|[upkeep]
|-damage|p2a: Aerodactyl|27/100 tox|[from] psn
|-damage|p1a: Garchomp|52/100 psn|[from] psn
|-end|p2a: Aerodactyl|Infestation|[partiallytrapped]|[silent]
|upkeep
|turn|7
|
|t:|1783118861
|move|p1b: Grimmsnarl|Fake Out|p2a: Aerodactyl
|-resisted|p2a: Aerodactyl|1
|-damage|p2a: Aerodactyl|20/100y tox
|cant|p2a: Aerodactyl|flinch
|move|p2b: Garchomp|Dragon Claw|p1a: Garchomp
|-supereffective|p1a: Garchomp|1
|-damage|p1a: Garchomp|0 fnt
|-damage|p2b: Garchomp|87/100|[from] ability: Rough Skin|[of] p1a: Garchomp
|faint|p1a: Garchomp
|
|-weather|SunnyDay|[upkeep]
|-damage|p2a: Aerodactyl|0 fnt|[from] psn
|faint|p2a: Aerodactyl
|upkeep
|
|t:|1783118875
|switch|p2a: Sneasler|Sneasler, L50, F|38/100
|switch|p1a: Toxapex|Toxapex, L50, F|100/100
|turn|8
|
|t:|1783118894
|move|p1a: Toxapex|Wide Guard|p1a: Toxapex
|-singleturn|p1a: Toxapex|Wide Guard
|move|p1b: Grimmsnarl|Reflect|p1b: Grimmsnarl
|-sidestart|p1: b(r)2|Reflect
|move|p2a: Sneasler|Dire Claw|p1b: Grimmsnarl
|-supereffective|p1b: Grimmsnarl|1
|-damage|p1b: Grimmsnarl|0 fnt
|faint|p1b: Grimmsnarl
|move|p2b: Garchomp|Rock Slide|p1a: Toxapex
|-activate|p1a: Toxapex|move: Wide Guard
|
|-weather|SunnyDay|[upkeep]
|-sideend|p2: zidani|move: Tailwind
|upkeep
|turn|9
|
|t:|1783118909
|move|p2a: Sneasler|Protect|p2a: Sneasler
|-singleturn|p2a: Sneasler|Protect
|move|p2b: Garchomp|Earthquake|p1a: Toxapex|[spread] p1a
|-activate|p2a: Sneasler|move: Protect
|-supereffective|p1a: Toxapex|1
|-damage|p1a: Toxapex|66/100
|move|p1a: Toxapex|Toxic|p2b: Garchomp
|-status|p2b: Garchomp|tox
|
|-weather|none
|-heal|p1a: Toxapex|72/100|[from] item: Leftovers
|-damage|p2b: Garchomp|81/100 tox|[from] psn
|upkeep
|turn|10
|
|t:|1783118923
|move|p2a: Sneasler|Close Combat|p1a: Toxapex
|-resisted|p1a: Toxapex|1
|-damage|p1a: Toxapex|59/100
|-unboost|p2a: Sneasler|def|1
|-unboost|p2a: Sneasler|spd|1
|move|p2b: Garchomp|Earthquake|p1a: Toxapex|[spread] p2a,p1a
|-supereffective|p2a: Sneasler|1
|-supereffective|p1a: Toxapex|1
|-damage|p2a: Sneasler|0 fnt
|-damage|p1a: Toxapex|28/100
|faint|p2a: Sneasler
|move|p1a: Toxapex|Infestation|p2b: Garchomp
|-damage|p2b: Garchomp|77/100 tox
|-activate|p2b: Garchomp|move: Infestation|[of] p1a: Toxapex
|-damage|p1a: Toxapex|15/100|[from] ability: Rough Skin|[of] p2b: Garchomp
|
|-heal|p1a: Toxapex|21/100|[from] item: Leftovers
|-damage|p2b: Garchomp|65/100 tox|[from] psn
|-damage|p2b: Garchomp|53/100 tox|[from] move: Infestation|[partiallytrapped]
|upkeep
|
|t:|1783118930
|switch|p2a: Incineroar|Incineroar, L50, F|100/100
|-ability|p2a: Incineroar|Intimidate|boost
|-unboost|p1a: Toxapex|atk|1
|turn|11
|
|t:|1783118944
|move|p1a: Toxapex|Baneful Bunker|p1a: Toxapex
|-singleturn|p1a: Toxapex|move: Protect
|move|p2a: Incineroar|Fake Out|p1a: Toxapex
|-activate|p1a: Toxapex|move: Protect
|-status|p2a: Incineroar|psn
|move|p2b: Garchomp|Earthquake|p1a: Toxapex|[spread] p2a
|-activate|p1a: Toxapex|move: Protect
|-supereffective|p2a: Incineroar|1
|-damage|p2a: Incineroar|22/100 psn
|-enditem|p2a: Incineroar|Sitrus Berry|[eat]
|-heal|p2a: Incineroar|47/100 psn|[from] item: Sitrus Berry
|
|-heal|p1a: Toxapex|27/100|[from] item: Leftovers
|-damage|p2b: Garchomp|35/100 tox|[from] psn
|-damage|p2a: Incineroar|35/100 psn|[from] psn
|-damage|p2b: Garchomp|23/100 tox|[from] move: Infestation|[partiallytrapped]
|upkeep
|turn|12
|inactive|zidani has 30 seconds left.
|
|t:|1783118980
|move|p1a: Toxapex|Wide Guard|p1a: Toxapex
|-singleturn|p1a: Toxapex|Wide Guard
|move|p2b: Garchomp|Earthquake|p1a: Toxapex|[spread] p2a
|-activate|p1a: Toxapex|move: Wide Guard
|-supereffective|p2a: Incineroar|1
|-damage|p2a: Incineroar|0 fnt
|faint|p2a: Incineroar
|
|-heal|p1a: Toxapex|33/100|[from] item: Leftovers
|-damage|p2b: Garchomp|0 fnt|[from] psn
|faint|p2b: Garchomp
|
|win|b(r)2
||zidani is ready for game 2.
|inactive|b(r)2 has 30 seconds to confirm battle start!
|inactive|b(r)2 has 20 seconds to confirm battle start!
||b(r)2 is ready for game 2.
|uhtml|next|Next: Game 2 of 3
