|j|☆TreyBayBay
|j|☆DrDroopy
|html|TreyBayBayDrDroopy    
|uhtml|bestof|Game 2 of a best-of-3
|t:|1757633543
|gametype|doubles
|player|p1|TreyBayBay|ninjaboy|1115
|player|p2|DrDroopy|lucas|1043
|gen|9
|tier|[Gen 9] VGC 2025 Reg H (Bo3)
|rated|
|rule|Species Clause: Limit one of each Pokémon
|rule|Item Clause: Limit 1 of each item
|clearpoke
|poke|p1|Ninetales-Alola, L50, M|
|poke|p1|Farigiraf, L50, M|
|poke|p1|Sneasler, L50, F|
|poke|p1|Incineroar, L50, M|
|poke|p1|Archaludon, L50, M|
|poke|p1|Hydreigon, L50, F|
|poke|p2|Gholdengo, L50|
|poke|p2|Flamigo, L50, M|
|poke|p2|Incineroar, L50, F|
|poke|p2|Ursaluna, L50, M|
|poke|p2|Porygon2, L50|
|poke|p2|Amoonguss, L50, F|
|teampreview|4
|showteam|p1|Ninetales-Alola||LightClay|SnowWarning|Protect,Blizzard,Moonblast,AuroraVeil|||M|||50|,,,,,Ghost]Farigiraf||ThroatSpray|ArmorTail|ExpandingForce,HyperVoice,TrickRoom,Imprison|||M|||50|,,,,,Fairy]Sneasler||FocusSash|PoisonTouch|FakeOut,DireClaw,CloseCombat,Taunt|||F|||50|,,,,,Stellar]Incineroar||SafetyGoggles|Intimidate|FakeOut,FlareBlitz,KnockOff,WillOWisp|||M|||50|,,,,,Ghost]Archaludon||AssaultVest|Stamina|DracoMeteor,FlashCannon,BodyPress,Snarl|||M|||50|,,,,,Bug]Hydreigon||CovertCloak|Levitate|DarkPulse,EarthPower,NastyPlot,Tailwind|||F|||50|,,,,,Ghost
|showteam|p2|Gholdengo||LifeOrb|GoodasGold|MakeItRain,ShadowBall,NastyPlot,Protect||||||50|,,,,,Dragon]Flamigo||FocusSash|Scrappy|CloseCombat,BraveBird,WideGuard,Protect|||M|||50|,,,,,Ghost]Incineroar||SafetyGoggles|Intimidate|KnockOff,FlareBlitz,PartingShot,FakeOut|||F|||50|,,,,,Ghost]Ursaluna||FlameOrb|Guts|HeadlongRush,Facade,Earthquake,Protect|||M|||50|,,,,,Normal]Porygon2||Eviolite|Download|TeraBlast,IceBeam,TrickRoom,Recover||||||50|,,,,,Fighting]Amoonguss||MentalHerb|EffectSpore|Spore,RagePowder,PollenPuff,SludgeBomb|||F|||50|,,,,,Water
|
|t:|1757633564
|teamsize|p1|4
|teamsize|p2|4
|start
|switch|p1a: Farigiraf|Farigiraf, L50, M, shiny|100/100
|switch|p1b: Ninetales|Ninetales-Alola, L50, M, shiny|100/100
|switch|p2a: Flamigo|Flamigo, L50, M|100/100
|switch|p2b: Gholdengo|Gholdengo, L50|100/100
|-weather|Snowscape|[from] ability: Snow Warning|[of] p1b: Ninetales
|turn|1
|
|t:|1757633595
|switch|p1a: Archaludon|Archaludon, L50, M, shiny|100/100
|move|p2a: Flamigo|Wide Guard|p2a: Flamigo
|-singleturn|p2a: Flamigo|Wide Guard
|move|p1b: Ninetales|Aurora Veil|p1b: Ninetales
|-sidestart|p1: TreyBayBay|move: Aurora Veil
|move|p2b: Gholdengo|Nasty Plot|p2b: Gholdengo
|-boost|p2b: Gholdengo|spa|2
|
|-weather|Snowscape|[upkeep]
|upkeep
|turn|2
|
|t:|1757633634
|-terastallize|p1a: Archaludon|Bug
|move|p1b: Ninetales|Moonblast|p2a: Flamigo
|-supereffective|p2a: Flamigo
|-enditem|p2a: Flamigo|Focus Sash
|-damage|p2a: Flamigo|1/100
|move|p2a: Flamigo|Brave Bird|p1a: Archaludon
|-supereffective|p1a: Archaludon
|-damage|p1a: Archaludon|41/100
|-ability|p1a: Archaludon|Stamina|boost
|-boost|p1a: Archaludon|def|1
|-damage|p2a: Flamigo|0 fnt|[from] Recoil
|faint|p2a: Flamigo
|move|p2b: Gholdengo|Shadow Ball|p1a: Archaludon
|-damage|p1a: Archaludon|0 fnt
|faint|p1a: Archaludon
|-damage|p2b: Gholdengo|91/100|[from] item: Life Orb
|
|-weather|Snowscape|[upkeep]
|upkeep
|
|t:|1757633653
|switch|p2a: Incineroar|Incineroar, L50, F|100/100
|switch|p1a: Incineroar|Incineroar, L50, M|100/100
|-ability|p2a: Incineroar|Intimidate|boost
|-unboost|p1a: Incineroar|atk|1
|-unboost|p1b: Ninetales|atk|1
|-ability|p1a: Incineroar|Intimidate|boost
|-unboost|p2a: Incineroar|atk|1
|-unboost|p2b: Gholdengo|atk|1
|turn|3
|
|t:|1757633685
|switch|p1b: Farigiraf|Farigiraf, L50, M, shiny|100/100
|move|p2a: Incineroar|Fake Out||[still]
|cant|p1b: Farigiraf|ability: Armor Tail|Fake Out|[of] p2a: Incineroar
|move|p2b: Gholdengo|Shadow Ball|p1a: Incineroar
|-resisted|p1a: Incineroar
|-damage|p1a: Incineroar|72/100
|-unboost|p1a: Incineroar|spd|1
|-damage|p2b: Gholdengo|81/100|[from] item: Life Orb
|move|p1a: Incineroar|Flare Blitz|p2b: Gholdengo
|-supereffective|p2b: Gholdengo
|-damage|p2b: Gholdengo|3/100
|-damage|p1a: Incineroar|51/100|[from] Recoil
|
|-weather|Snowscape|[upkeep]
|upkeep
|turn|4
|
|t:|1757633711
|-terastallize|p2a: Incineroar|Ghost
|move|p2b: Gholdengo|Make It Rain|p1a: Incineroar|[spread] p1a,p1b
|-resisted|p1a: Incineroar
|-damage|p1a: Incineroar|0 fnt
|-damage|p1b: Farigiraf|16/100
|-unboost|p2b: Gholdengo|spa|1
|faint|p1a: Incineroar
|-damage|p2b: Gholdengo|0 fnt|[from] item: Life Orb
|faint|p2b: Gholdengo
|move|p2a: Incineroar|Flare Blitz|p1b: Farigiraf
|-damage|p1b: Farigiraf|0 fnt
|faint|p1b: Farigiraf
|-damage|p2a: Incineroar|95/100|[from] Recoil
|
|-weather|Snowscape|[upkeep]
|upkeep
|
|t:|1757633726
|switch|p2b: Amoonguss|Amoonguss, L50, F|100/100
|switch|p1b: Ninetales|Ninetales-Alola, L50, M, shiny|100/100
|turn|5
|
|t:|1757633739
|move|p1b: Ninetales|Blizzard|p2a: Incineroar|[spread] p2a,p2b
|-supereffective|p2b: Amoonguss
|-damage|p2a: Incineroar|63/100
|-damage|p2b: Amoonguss|50/100
|move|p2a: Incineroar|Flare Blitz|p1b: Ninetales
|-supereffective|p1b: Ninetales
|-damage|p1b: Ninetales|52/100
|-damage|p2a: Incineroar|51/100|[from] Recoil
|move|p2b: Amoonguss|Spore|p1b: Ninetales
|-status|p1b: Ninetales|slp|[from] move: Spore
|
|-weather|none
|upkeep
|turn|6
|
|t:|1757633755
|cant|p1b: Ninetales|slp
|move|p2a: Incineroar|Flare Blitz|p1b: Ninetales
|-supereffective|p1b: Ninetales
|-damage|p1b: Ninetales|0 fnt
|faint|p1b: Ninetales
|-damage|p2a: Incineroar|39/100|[from] Recoil
|
|win|DrDroopy
