|j|☆twittle twister
|j|☆G-Force898
|html|twittle twisterG-Force898    
|uhtml|bestof|Game 3 of a best-of-3
|t:|1757823864
|gametype|doubles
|player|p1|twittle twister|101|1110
|player|p2|G-Force898|170|1000
|gen|9
|tier|[Gen 9] VGC 2025 Reg H (Bo3)
|rated|
|rule|Species Clause: Limit one of each Pokémon
|rule|Item Clause: Limit 1 of each item
|clearpoke
|poke|p1|Ursaluna-Bloodmoon, L50, M|
|poke|p1|Tyranitar, L50, M|
|poke|p1|Sneasler, L50, M|
|poke|p1|Indeedee, L50, M|
|poke|p1|Whimsicott, L50, F|
|poke|p1|Annihilape, L50, F|
|poke|p2|Archaludon, L50, M|
|poke|p2|Basculegion, L50, M|
|poke|p2|Pelipper, L50, F|
|poke|p2|Amoonguss, L50, F|
|poke|p2|Incineroar, L50, M|
|poke|p2|Maushold, L50|
|teampreview|4
|showteam|p1|Ursaluna-Bloodmoon||ThroatSpray|MindsEye|HyperVoice,BloodMoon,Protect,EarthPower|||M|||50|,,,,,Ghost]Tyranitar||AssaultVest|SandStream|RockSlide,TeraBlast,KnockOff,LowKick|||M|||50|,,,,,Flying]Sneasler||PsychicSeed|Unburden|DireClaw,CloseCombat,Acrobatics,Protect|||M|||50|,,,,,Flying]Indeedee||FocusSash|PsychicSurge|DazzlingGleam,ExpandingForce,Psychic,HelpingHand|||M|||50|,,,,,Fairy]Whimsicott||SafetyGoggles|Prankster|Tailwind,Encore,Moonblast,WorrySeed|||F|||50|,,,,,Steel]Annihilape||RockyHelmet|Defiant|DrainPunch,RageFist,BulkUp,Protect|||F|||50|,,,,,Fairy
|showteam|p2|Archaludon||AssaultVest|Stamina|ElectroShot,DragonPulse,FlashCannon,BodyPress|||M|||50|,,,,,Grass]Basculegion||MysticWater|SwiftSwim|Protect,WaveCrash,AquaJet,LastRespects|||M|||50|,,,,,Water]Pelipper||FocusSash|Drizzle|Hurricane,WeatherBall,Tailwind,Protect|||F|||50|,,,,,Ghost]Amoonguss||SitrusBerry|Regenerator|Spore,RagePowder,PollenPuff,ClearSmog|||F|||50|,,,,,Water]Incineroar||SafetyGoggles|Intimidate|FakeOut,FlareBlitz,KnockOff,PartingShot|||M|||50|,,,,,Ghost]Maushold||WideLens|Technician|PopulationBomb,FollowMe,Taunt,Protect||||||50|,,,,,Grass
|
|t:|1757823895
|teamsize|p1|4
|teamsize|p2|4
|start
|switch|p1a: Annihilape|Annihilape, L50, F|100/100
|switch|p1b: Indeedee|Indeedee, L50, M|100/100
|switch|p2a: Pelipper|Pelipper, L50, F|100/100
|switch|p2b: Archaludon|Archaludon, L50, M|100/100
|-weather|RainDance|[from] ability: Drizzle|[of] p2a: Pelipper
|-fieldstart|move: Psychic Terrain|[from] ability: Psychic Surge|[of] p1b: Indeedee
|turn|1
|
|t:|1757823923
|switch|p1b: Tyranitar|Tyranitar, L50, M|100/100
|-weather|Sandstorm|[from] ability: Sand Stream|[of] p1b: Tyranitar
|move|p1a: Annihilape|Drain Punch|p2b: Archaludon
|-supereffective|p2b: Archaludon
|-damage|p2b: Archaludon|57/100
|-ability|p2b: Archaludon|Stamina|boost
|-boost|p2b: Archaludon|def|1
|move|p2a: Pelipper|Hurricane|p1a: Annihilape
|-supereffective|p1a: Annihilape
|-damage|p1a: Annihilape|21/100
|-start|p1a: Annihilape|confusion
|move|p2b: Archaludon|Electro Shot||[still]
|-prepare|p2b: Archaludon|Electro Shot
|-boost|p2b: Archaludon|spa|1
|
|-weather|Sandstorm|[upkeep]
|-damage|p1a: Annihilape|15/100|[from] Sandstorm
|-damage|p2a: Pelipper|95/100|[from] Sandstorm
|upkeep
|turn|2
|
|t:|1757823943
|switch|p2a: Amoonguss|Amoonguss, L50, F|100/100
|-activate|p1a: Annihilape|confusion
|-damage|p1a: Annihilape|4/100|[from] confusion
|move|p2b: Archaludon|Electro Shot|p1b: Tyranitar|[from] lockedmove
|-damage|p1b: Tyranitar|79/100
|move|p1b: Tyranitar|Rock Slide|p2a: Amoonguss|[spread] p2a,p2b
|-resisted|p2b: Archaludon
|-damage|p2a: Amoonguss|78/100
|-damage|p2b: Archaludon|49/100
|-ability|p2b: Archaludon|Stamina|boost
|-boost|p2b: Archaludon|def|1
|
|-weather|Sandstorm|[upkeep]
|-damage|p1a: Annihilape|0 fnt|[from] Sandstorm
|-damage|p2a: Amoonguss|72/100|[from] Sandstorm
|faint|p1a: Annihilape
|upkeep
|
|t:|1757823955
|switch|p1a: Indeedee|Indeedee, L50, M|100/100
|turn|3
|
|t:|1757823967
|switch|p1b: Ursaluna|Ursaluna-Bloodmoon, L50, M|100/100
|switch|p2a: Pelipper|Pelipper, L50, F|95/100
|-weather|RainDance|[from] ability: Drizzle|[of] p2a: Pelipper
|move|p1a: Indeedee|Expanding Force|p2a: Pelipper|[spread] p2a,p2b
|-resisted|p2b: Archaludon
|-damage|p2a: Pelipper|0 fnt
|-damage|p2b: Archaludon|23/100
|-ability|p2b: Archaludon|Stamina|boost
|-boost|p2b: Archaludon|def|1
|faint|p2a: Pelipper
|move|p2b: Archaludon|Flash Cannon|p1b: Ursaluna
|-damage|p1b: Ursaluna|21/100
|
|-weather|RainDance|[upkeep]
|upkeep
|
|t:|1757823980
|switch|p2a: Maushold|Maushold, L50|100/100
|turn|4
|
|t:|1757823992
|move|p1b: Ursaluna|Protect|p1b: Ursaluna
|-singleturn|p1b: Ursaluna|Protect
|move|p2a: Maushold|Population Bomb|p1a: Indeedee
|-damage|p1a: Indeedee|81/100
|-crit|p1a: Indeedee
|-damage|p1a: Indeedee|51/100
|-damage|p1a: Indeedee|33/100
|-damage|p1a: Indeedee|15/100
|-damage|p1a: Indeedee|0 fnt
|faint|p1a: Indeedee
|-hitcount|p1: Indeedee|5
|move|p2b: Archaludon|Dragon Pulse|p1b: Ursaluna
|-activate|p1b: Ursaluna|move: Protect
|
|-weather|RainDance|[upkeep]
|upkeep
|
|t:|1757823998
|switch|p1a: Tyranitar|Tyranitar, L50, M|79/100
|-weather|Sandstorm|[from] ability: Sand Stream|[of] p1a: Tyranitar
|turn|5
|
|t:|1757824013
|switch|p2b: Amoonguss|Amoonguss, L50, F|100/100
|move|p2a: Maushold|Population Bomb|p1b: Ursaluna
|-damage|p1b: Ursaluna|13/100
|-damage|p1b: Ursaluna|5/100
|-damage|p1b: Ursaluna|0 fnt
|faint|p1b: Ursaluna
|-hitcount|p1: Ursaluna|3
|move|p1a: Tyranitar|Knock Off|p2a: Maushold
|-damage|p2a: Maushold|18/100
|-enditem|p2a: Maushold|Wide Lens|[from] move: Knock Off|[of] p1a: Tyranitar
|
|-weather|Sandstorm|[upkeep]
|-damage|p2a: Maushold|12/100|[from] Sandstorm
|-damage|p2b: Amoonguss|95/100|[from] Sandstorm
|-fieldend|move: Psychic Terrain
|upkeep
|turn|6
|
|t:|1757824036
|switch|p2b: Archaludon|Archaludon, L50, M|23/100
|move|p2a: Maushold|Population Bomb|p2b: Archaludon
|-resisted|p2b: Archaludon
|-damage|p2b: Archaludon|19/100
|-ability|p2b: Archaludon|Stamina|boost
|-boost|p2b: Archaludon|def|1
|-resisted|p2b: Archaludon
|-damage|p2b: Archaludon|16/100
|-ability|p2b: Archaludon|Stamina|boost
|-boost|p2b: Archaludon|def|1
|-resisted|p2b: Archaludon
|-damage|p2b: Archaludon|14/100
|-ability|p2b: Archaludon|Stamina|boost
|-boost|p2b: Archaludon|def|1
|-resisted|p2b: Archaludon
|-crit|p2b: Archaludon
|-damage|p2b: Archaludon|7/100
|-ability|p2b: Archaludon|Stamina|boost
|-boost|p2b: Archaludon|def|1
|-resisted|p2b: Archaludon
|-damage|p2b: Archaludon|6/100
|-ability|p2b: Archaludon|Stamina|boost
|-boost|p2b: Archaludon|def|1
|-resisted|p2b: Archaludon
|-damage|p2b: Archaludon|4/100
|-ability|p2b: Archaludon|Stamina|boost
|-boost|p2b: Archaludon|def|1
|-resisted|p2b: Archaludon
|-damage|p2b: Archaludon|3/100
|-resisted|p2b: Archaludon
|-damage|p2b: Archaludon|2/100
|-resisted|p2b: Archaludon
|-damage|p2b: Archaludon|1/100
|-resisted|p2b: Archaludon
|-damage|p2b: Archaludon|0 fnt
|faint|p2b: Archaludon
|-hitcount|p2: Archaludon|10
|move|p1a: Tyranitar|Rock Slide|p2a: Maushold
|-damage|p2a: Maushold|0 fnt
|faint|p2a: Maushold
|
|-weather|Sandstorm|[upkeep]
|upkeep
|c|☆G-Force898|Ops
|
|t:|1757824052
|switch|p2b: Amoonguss|Amoonguss, L50, F|100/100
|turn|7
|c|☆twittle twister|thats no good
|
|t:|1757824067
|move|p1a: Tyranitar|Knock Off|p2b: Amoonguss
|-damage|p2b: Amoonguss|62/100
|-enditem|p2b: Amoonguss|Sitrus Berry|[from] move: Knock Off|[of] p1a: Tyranitar
|move|p2b: Amoonguss|Pollen Puff|p1a: Tyranitar
|-supereffective|p1a: Tyranitar
|-damage|p1a: Tyranitar|67/100
|
|-weather|Sandstorm|[upkeep]
|-damage|p2b: Amoonguss|56/100|[from] Sandstorm
|upkeep
|turn|8
|-message|G-Force898 forfeited.
|
|win|twittle twister
|raw|twittle twister's rating: 1110 → 1127(+17 for winning)
|raw|G-Force898's rating: 1000 → 1000(+0 for losing)
|l|☆G-Force898
|player|p2|
