|j|☆dogwitdaglasses
|j|☆monkewitdamaice
|html|dogwitdaglassesmonkewitdamaice    
|uhtml|bestof|Game 1 of a best-of-3
|t:|1756525568
|gametype|doubles
|player|p1|dogwitdaglasses|guzma|
|player|p2|monkewitdamaice|1|
|gen|9
|tier|[Gen 9] VGC 2025 Reg H (Bo3)
|rule|Species Clause: Limit one of each Pokémon
|rule|Item Clause: Limit 1 of each item
|clearpoke
|poke|p1|Rillaboom, L50, M|
|poke|p1|Dragonite, L50, F|
|poke|p1|Sneasler, L50, M|
|poke|p1|Ninetales-Alola, L50, M|
|poke|p1|Kingambit, L50, M|
|poke|p1|Magmar, L50, F|
|poke|p2|Annihilape, L50, F|
|poke|p2|Maushold, L50|
|poke|p2|Basculegion, L50, M|
|poke|p2|Pelipper, L50, M|
|poke|p2|Archaludon, L50, M|
|poke|p2|Sinistcha, L50|
|teampreview|4
|showteam|p1|Rillaboom||AssaultVest|GrassySurge|WoodHammer,GrassyGlide,HighHorsepower,FakeOut|||M|||50|,,,,,Fire]Dragonite||LoadedDice|Multiscale|Protect,ScaleShot,LowKick,Haze|||F|||50|,,,,,Fairy]Sneasler||WhiteHerb|Unburden|Protect,DireClaw,CloseCombat,Coaching|||M|||50|,,,,,Ghost]Ninetales-Alola||ChoiceSpecs|SnowWarning|Blizzard,IcyWind,Moonblast,FreezeDry|||M|||50|,,,,,Ghost]Kingambit||SafetyGoggles|Defiant|Protect,KowtowCleave,SuckerPunch,SwordsDance|||M|||50|,,,,,Dark]Magmar||Eviolite|VitalSpirit|Protect,FollowMe,Overheat,WillOWisp|||F|||50|,,,,,Dragon
|showteam|p2|Annihilape||Leftovers|Defiant|Protect,DrainPunch,RageFist,BulkUp|||F|||50|,,,,,Fire]Maushold||SafetyGoggles|FriendGuard|Protect,FollowMe,BeatUp,Taunt||||||50|,,,,,Ghost]Basculegion||ChoiceBand|SwiftSwim|WaveCrash,AquaJet,FlipTurn,LastRespects|||M|||50|,,,,,Water]Pelipper||FocusSash|Drizzle|Protect,Hurricane,WeatherBall,Tailwind|||M|||50|,,,,,Stellar]Archaludon||AssaultVest|Stamina|ElectroShot,Snarl,BodyPress,DragonPulse|||M|||50|,,,,,Bug]Sinistcha||SitrusBerry|Hospitality|MatchaGotcha,RagePowder,LifeDew,TrickRoom||||||50|,,,,,Water
|
|t:|1756525580
|teamsize|p1|4
|teamsize|p2|4
|start
|switch|p1a: Noah's BFF|Sneasler, L50, M, shiny|100/100
|switch|p1b: 90% = 50%|Dragonite, L50, F, shiny|100/100
|switch|p2a: Basculegion|Basculegion, L50, M|100/100
|switch|p2b: Archaludon|Archaludon, L50, M|100/100
|turn|1
|
|t:|1756525595
|switch|p2b: Pelipper|Pelipper, L50, M|100/100
|-weather|RainDance|[from] ability: Drizzle|[of] p2b: Pelipper
|move|p2a: Basculegion|Flip Turn|p1a: Noah's BFF
|-damage|p1a: Noah's BFF|0 fnt
|faint|p1a: Noah's BFF
|
|t:|1756525607
|switch|p2a: Archaludon|Archaludon, L50, M|100/100|[from] Flip Turn
|move|p1b: 90% = 50%|Scale Shot|p2a: Archaludon
|-damage|p2a: Archaludon|90/100
|-ability|p2a: Archaludon|Stamina|boost
|-boost|p2a: Archaludon|def|1
|-damage|p2a: Archaludon|83/100
|-ability|p2a: Archaludon|Stamina|boost
|-boost|p2a: Archaludon|def|1
|-damage|p2a: Archaludon|77/100
|-ability|p2a: Archaludon|Stamina|boost
|-boost|p2a: Archaludon|def|1
|-damage|p2a: Archaludon|72/100
|-ability|p2a: Archaludon|Stamina|boost
|-boost|p2a: Archaludon|def|1
|-damage|p2a: Archaludon|68/100
|-ability|p2a: Archaludon|Stamina|boost
|-boost|p2a: Archaludon|def|1
|-hitcount|p2a: Archaludon|5
|-unboost|p1b: 90% = 50%|def|1
|-boost|p1b: 90% = 50%|spe|1
|
|-weather|RainDance|[upkeep]
|upkeep
|
|t:|1756525617
|switch|p1a: Hi peli|Ninetales-Alola, L50, M, shiny|100/100
|-weather|Snowscape|[from] ability: Snow Warning|[of] p1a: Hi peli
|turn|2
|
|t:|1756525650
|switch|p2b: Sinistcha|Sinistcha, L50|100/100
|-heal|p2a: Archaludon|93/100|[from] ability: Hospitality|[of] p2b: Sinistcha
|move|p1b: 90% = 50%|Haze|p1b: 90% = 50%
|-clearallboost
|move|p1a: Hi peli|Blizzard|p2a: Archaludon|[spread] p2a,p2b
|-supereffective|p2b: Sinistcha
|-damage|p2a: Archaludon|55/100
|-damage|p2b: Sinistcha|26/100
|-ability|p2a: Archaludon|Stamina|boost
|-boost|p2a: Archaludon|def|1
|-enditem|p2b: Sinistcha|Sitrus Berry|[eat]
|-heal|p2b: Sinistcha|51/100|[from] item: Sitrus Berry
|move|p2a: Archaludon|Electro Shot||[still]
|-prepare|p2a: Archaludon|Electro Shot
|-boost|p2a: Archaludon|spa|1
|
|-weather|Snowscape|[upkeep]
|upkeep
|turn|3
|
|t:|1756525689
|switch|p1a: Kingambling|Kingambit, L50, M, shiny|100/100
|move|p1b: 90% = 50%|Scale Shot|p2b: Sinistcha
|-damage|p2b: Sinistcha|39/100
|-damage|p2b: Sinistcha|26/100
|-damage|p2b: Sinistcha|13/100
|-damage|p2b: Sinistcha|0 fnt
|faint|p2b: Sinistcha
|-hitcount|p2: Sinistcha|4
|-unboost|p1b: 90% = 50%|def|1
|-boost|p1b: 90% = 50%|spe|1
|move|p2a: Archaludon|Electro Shot|p1b: 90% = 50%|[from] lockedmove
|-damage|p1b: 90% = 50%|68/100
|
|-weather|Snowscape|[upkeep]
|upkeep
|
|t:|1756525707
|switch|p2b: Basculegion|Basculegion, L50, M|100/100
|turn|4
|
|t:|1756525726
|switch|p2a: Pelipper|Pelipper, L50, M|100/100
|-weather|RainDance|[from] ability: Drizzle|[of] p2a: Pelipper
|switch|p1a: Hi peli|Ninetales-Alola, L50, M, shiny|100/100
|-weather|Snowscape|[from] ability: Snow Warning|[of] p1a: Hi peli
|-terastallize|p1b: 90% = 50%|Fairy
|move|p1b: 90% = 50%|Scale Shot|p2b: Basculegion
|-damage|p2b: Basculegion|84/100
|-damage|p2b: Basculegion|65/100
|-damage|p2b: Basculegion|48/100
|-damage|p2b: Basculegion|30/100
|-hitcount|p2b: Basculegion|4
|-unboost|p1b: 90% = 50%|def|1
|-boost|p1b: 90% = 50%|spe|1
|move|p2b: Basculegion|Last Respects|p1b: 90% = 50%
|-damage|p1b: 90% = 50%|0 fnt
|faint|p1b: 90% = 50%
|
|-weather|Snowscape|[upkeep]
|upkeep
|
|t:|1756525744
|switch|p1b: Kingambling|Kingambit, L50, M, shiny|100/100
|turn|5
|
|t:|1756525758
|switch|p2a: Archaludon|Archaludon, L50, M|55/100
|move|p1a: Hi peli|Freeze-Dry|p2b: Basculegion
|-supereffective|p2b: Basculegion
|-damage|p2b: Basculegion|0 fnt
|faint|p2b: Basculegion
|move|p1b: Kingambling|Swords Dance|p1b: Kingambling
|-boost|p1b: Kingambling|atk|2
|
|-weather|Snowscape|[upkeep]
|upkeep
|
|t:|1756525768
|switch|p2b: Pelipper|Pelipper, L50, M|100/100
|-weather|RainDance|[from] ability: Drizzle|[of] p2b: Pelipper
|turn|6
|
|t:|1756525779
|move|p1b: Kingambling|Sucker Punch|p2a: Archaludon
|-damage|p2a: Archaludon|0 fnt
|faint|p2a: Archaludon
|move|p1a: Hi peli|Freeze-Dry|p2b: Pelipper
|-supereffective|p2b: Pelipper
|-enditem|p2b: Pelipper|Focus Sash
|-damage|p2b: Pelipper|1/100
|move|p2b: Pelipper|Weather Ball|p1b: Kingambling
|-crit|p1b: Kingambling
|-damage|p1b: Kingambling|7/100
|
|-weather|RainDance|[upkeep]
|upkeep
|turn|7
|
|t:|1756525793
|move|p1b: Kingambling|Sucker Punch|p2b: Pelipper
|-crit|p2b: Pelipper
|-damage|p2b: Pelipper|0 fnt
|faint|p2b: Pelipper
|
|win|dogwitdaglasses
