|j|☆naibot2814
|j|☆alex candal
|html|naibot2814alex candal    
|uhtml|bestof|Game 1 of a best-of-3
|t:|1783775374
|gametype|doubles
|player|p1|naibot2814|ghetsis|1285
|player|p2|alex candal|2|1284
|gen|9
|tier|[Gen 9 Champions] VGC 2026 Reg M-B (Bo3)
|rated|
|rule|Species Clause: Limit one of each Pokémon
|rule|Item Clause: Limit 1 of each item
|clearpoke
|poke|p1|Blastoise, L50, M|
|poke|p1|Incineroar, L50, M|
|poke|p1|Sneasler, L50, M|
|poke|p1|Sinistcha, L50|
|poke|p1|Kingambit, L50, M, shiny|
|poke|p1|Floette-Eternal, L50, F|
|poke|p2|Mawile, L50, M|
|poke|p2|Delphox, L50, M|
|poke|p2|Sinistcha, L50|
|poke|p2|Incineroar, L50, F|
|poke|p2|Sneasler, L50, M|
|poke|p2|Maushold, L50|
|teampreview|4
|showteam|p1|Blastoise||Blastoisinite|Torrent|WaterSpout,DarkPulse,ShellSmash,Protect|Modest||M|||50|]Incineroar||SitrusBerry|Intimidate|FakeOut,FlareBlitz,DarkestLariat,PartingShot|Careful||M|||50|]Sneasler||FocusSash|PoisonTouch|FakeOut,CloseCombat,PoisonJab,RockTomb|Jolly||M|||50|]Sinistcha||KasibBerry|Hospitality|MatchaGotcha,TrickRoom,RagePowder,Protect|Bold|||||50|]Kingambit||BlackGlasses|Defiant|KowtowCleave,SuckerPunch,SwordsDance,Protect|Adamant||M|||50|]Floette-Eternal||Floettite|FlowerVeil|DrainingKiss,DazzlingGleam,CalmMind,Protect|Modest||F|||50|
|showteam|p2|Mawile||Mawilite|HyperCutter|PlayRough,SuckerPunch,SwordsDance,Protect|Brave||M|||50|]Delphox||Delphoxite|Blaze|Protect,NastyPlot,HeatWave,Psyshock|Timid||M|||50|]Sinistcha||SitrusBerry|Hospitality|MatchaGotcha,RagePowder,Protect,TrickRoom|Calm|||||50|]Incineroar||PasshoBerry|Intimidate|FakeOut,PartingShot,DarkestLariat,FlareBlitz|Impish||F|||50|]Sneasler||FocusSash|PoisonTouch|CloseCombat,DireClaw,Protect,FakeOut|Jolly||M|||50|]Maushold||ChopleBerry|FriendGuard|HelpingHand,FollowMe,Protect,SuperFang|Careful|||||50|
|inactive|Battle timer is ON: inactive players will automatically lose when time's up. (requested by alex candal)
|
|t:|1783775433
|teamsize|p1|4
|teamsize|p2|4
|start
|switch|p1a: Blastoise|Blastoise, L50, M|100/100
|switch|p1b: Sneasler|Sneasler, L50, M|100/100
|switch|p2a: Mawile|Mawile, L50, M|100/100
|switch|p2b: Sneasler|Sneasler, L50, M|100/100
|turn|1
|
|t:|1783775447
|detailschange|p1a: Blastoise|Blastoise-Mega, L50, M
|-mega|p1a: Blastoise|Blastoise|Blastoisinite
|detailschange|p2a: Mawile|Mawile-Mega, L50, M
|-mega|p2a: Mawile|Mawile|Mawilite
|move|p2b: Sneasler|Fake Out|p1b: Sneasler
|-damage|p1b: Sneasler|76/100
|cant|p1b: Sneasler|flinch
|move|p1a: Blastoise|Water Spout|p2b: Sneasler|[spread] p2a,p2b
|-damage|p2a: Mawile|27/100
|-damage|p2b: Sneasler|10/100
|move|p2a: Mawile|Play Rough|p1a: Blastoise
|-damage|p1a: Blastoise|11/100
|
|upkeep
|turn|2
|inactive|naibot2814 has 30 seconds left.
|
|t:|1783775474
|move|p2a: Mawile|Protect|p2a: Mawile
|-singleturn|p2a: Mawile|Protect
|move|p1b: Sneasler|Poison Jab|p2b: Sneasler
|-resisted|p2b: Sneasler|1
|-damage|p2b: Sneasler|0 fnt
|faint|p2b: Sneasler
|move|p1a: Blastoise|Shell Smash|p1a: Blastoise
|-unboost|p1a: Blastoise|def|1
|-unboost|p1a: Blastoise|spd|1
|-boost|p1a: Blastoise|atk|2
|-boost|p1a: Blastoise|spa|2
|-boost|p1a: Blastoise|spe|2
|
|upkeep
|
|t:|1783775484
|switch|p2b: Maushold|Maushold, L50|100/100
|turn|3
|
|t:|1783775494
|switch|p1b: Sinistcha|Sinistcha, L50|100/100
|-heal|p1a: Blastoise|36/100|[from] ability: Hospitality|[of] p1b: Sinistcha
|move|p1a: Blastoise|Protect|p1a: Blastoise
|-singleturn|p1a: Blastoise|Protect
|move|p2b: Maushold|Follow Me|p2b: Maushold
|-singleturn|p2b: Maushold|move: Follow Me
|move|p2a: Mawile|Play Rough|p1b: Sinistcha
|-damage|p1b: Sinistcha|20/100y
|
|upkeep
|turn|4
|
|t:|1783775510
|switch|p2b: Incineroar|Incineroar, L50, F|100/100
|-ability|p2b: Incineroar|Intimidate|boost
|-unboost|p1a: Blastoise|atk|1
|-unboost|p1b: Sinistcha|atk|1
|move|p2a: Mawile|Protect|p2a: Mawile
|-singleturn|p2a: Mawile|Protect
|move|p1b: Sinistcha|Rage Powder|p1b: Sinistcha
|-singleturn|p1b: Sinistcha|move: Rage Powder
|move|p1a: Blastoise|Dark Pulse|p2a: Mawile
|-activate|p2a: Mawile|move: Protect
|
|upkeep
|turn|5
|
|t:|1783775521
|switch|p1b: Incineroar|Incineroar, L50, M|100/100
|-ability|p1b: Incineroar|Intimidate|boost
|-unboost|p2a: Mawile|atk|1
|-unboost|p2b: Incineroar|atk|1
|move|p1a: Blastoise|Protect|p1a: Blastoise
|-singleturn|p1a: Blastoise|Protect
|move|p2b: Incineroar|Fake Out|p1a: Blastoise
|-activate|p1a: Blastoise|move: Protect
|move|p2a: Mawile|Play Rough|p1b: Incineroar
|-damage|p1b: Incineroar|47/100
|-unboost|p1b: Incineroar|atk|1
|-enditem|p1b: Incineroar|Sitrus Berry|[eat]
|-heal|p1b: Incineroar|72/100|[from] item: Sitrus Berry
|
|upkeep
|turn|6
|inactive|naibot2814 has 30 seconds left.
|
|t:|1783775553
|move|p2a: Mawile|Protect|p2a: Mawile
|-singleturn|p2a: Mawile|Protect
|move|p1a: Blastoise|Dark Pulse|p2a: Mawile
|-activate|p2a: Mawile|move: Protect
|move|p2b: Incineroar|Flare Blitz|p1b: Incineroar
|-resisted|p1b: Incineroar|1
|-damage|p1b: Incineroar|59/100
|-damage|p2b: Incineroar|95/100|[from] Recoil
|move|p1b: Incineroar|Parting Shot|p2b: Incineroar
|-unboost|p2b: Incineroar|atk|1
|-unboost|p2b: Incineroar|spa|1
|
|t:|1783775557
|switch|p1b: Sinistcha|Sinistcha, L50|20/100y|[from] Parting Shot
|-heal|p1a: Blastoise|61/100|[from] ability: Hospitality|[of] p1b: Sinistcha
|
|upkeep
|turn|7
|
|t:|1783775571
|switch|p2a: Maushold|Maushold, L50|100/100
|move|p1b: Sinistcha|Rage Powder|p1b: Sinistcha
|-singleturn|p1b: Sinistcha|move: Rage Powder
|move|p1a: Blastoise|Water Spout|p2a: Maushold|[spread] p2a,p2b
|-supereffective|p2b: Incineroar|1
|-enditem|p2b: Incineroar|Passho Berry|[eat]
|-enditem|p2b: Incineroar|Passho Berry|[weaken]
|-damage|p2a: Maushold|21/100
|-damage|p2b: Incineroar|34/100
|move|p2b: Incineroar|Parting Shot|p1b: Sinistcha
|-unboost|p1b: Sinistcha|atk|1
|-unboost|p1b: Sinistcha|spa|1
|
|t:|1783775577
|switch|p2b: Mawile|Mawile-Mega, L50, M|27/100|[from] Parting Shot
|
|upkeep
|turn|8
|-message|alex candal forfeited.
|
|win|naibot2814
|l|☆alex candal
|player|p2|
||alex candal is ready for game 2.
||naibot2814 is ready for game 2.
|uhtml|next|Next: Game 2 of 3
