|j|☆wowiekazowee
|j|☆KingV1337
|html|wowiekazoweeKingV1337    
|uhtml|bestof|Game 1 of a best-of-3
|t:|1757187538
|gametype|doubles
|player|p1|wowiekazowee|idol|1130
|player|p2|KingV1337|cynthia-gen4|1217
|gen|9
|tier|[Gen 9] VGC 2025 Reg H (Bo3)
|rated|
|rule|Species Clause: Limit one of each Pokémon
|rule|Item Clause: Limit 1 of each item
|clearpoke
|poke|p1|Incineroar, L50, F|
|poke|p1|Rillaboom, L50, M|
|poke|p1|Sneasler, L50, F|
|poke|p1|Gholdengo, L50|
|poke|p1|Ninetales-Alola, L50, F|
|poke|p1|Electabuzz, L50, F|
|poke|p2|Tyranitar, L50, F|
|poke|p2|Garchomp, L50, M|
|poke|p2|Gholdengo, L50|
|poke|p2|Primarina, L50, M|
|poke|p2|Talonflame, L50, F|
|poke|p2|Sneasler, L50, F|
|teampreview|4
|showteam|p1|Incineroar||SafetyGoggles|Intimidate|FakeOut,FlareBlitz,KnockOff,PartingShot|||F|||50|,,,,,Water]Rillaboom||AssaultVest|GrassySurge|WoodHammer,GrassyGlide,FakeOut,Uturn|||M|||50|,,,,,Fire]Sneasler||GrassySeed|Unburden|CloseCombat,DireClaw,FakeOut,Protect|||F|||50|,,,,,Dark]Gholdengo||LifeOrb|GoodasGold|MakeItRain,ShadowBall,NastyPlot,Protect||||||50|,,,,,Dragon]Ninetales-Alola||LightClay|SnowWarning|Moonblast,AuroraVeil,Blizzard,Protect|||F|||50|,,,,,Fire]Electabuzz||Eviolite|Static|Electroweb,VoltSwitch,FollowMe,Protect|||F|||50|,,,,,Grass
|showteam|p2|Tyranitar||AssaultVest|SandStream|KnockOff,StoneEdge,TeraBlast,LowKick|||F|||50|,,,,,Flying]Garchomp||ClearAmulet|SandVeil|StompingTantrum,DragonClaw,SwordsDance,Protect|||M|||50|,,,,,Ground]Gholdengo||LifeOrb|GoodasGold|MakeItRain,ShadowBall,NastyPlot,Protect||||||50|,,,,,Water]Primarina||Leftovers|LiquidVoice|HyperVoice,Moonblast,Haze,Protect|||M|||50|,,,,,Poison]Talonflame||SafetyGoggles|GaleWings|DualWingbeat,Tailwind,Taunt,WillOWisp|||F|||50|,,,,,Ghost]Sneasler||WhiteHerb|Unburden|FakeOut,CloseCombat,DireClaw,Coaching|||F|||50|,,,,,Dark
|inactive|Battle timer is ON: inactive players will automatically lose when time's up. (requested by KingV1337)
|inactive|wowiekazowee has 60 seconds left.
|
|t:|1757187579
|teamsize|p1|4
|teamsize|p2|4
|start
|switch|p1a: Ninetales|Ninetales-Alola, L50, F|100/100
|switch|p1b: Drone|Electabuzz, L50, F|100/100
|switch|p2a: Talonflame|Talonflame, L50, F|100/100
|switch|p2b: Sneasler|Sneasler, L50, F|100/100
|-weather|Snowscape|[from] ability: Snow Warning|[of] p1a: Ninetales
|turn|1
|
|t:|1757187595
|switch|p2b: Tyranitar|Tyranitar, L50, F|100/100
|-weather|Sandstorm|[from] ability: Sand Stream|[of] p2b: Tyranitar
|move|p2a: Talonflame|Tailwind|p2a: Talonflame
|-sidestart|p2: KingV1337|move: Tailwind
|move|p1a: Ninetales|Aurora Veil||[still]
|-fail|p1a: Ninetales
|move|p1b: Drone|Volt Switch|p2a: Talonflame
|-supereffective|p2a: Talonflame
|-damage|p2a: Talonflame|36/100
|
|t:|1757187609
|switch|p1b: Pyre|Incineroar, L50, F, shiny|100/100|[from] Volt Switch
|-ability|p1b: Pyre|Intimidate|boost
|-unboost|p2a: Talonflame|atk|1
|-unboost|p2b: Tyranitar|atk|1
|
|-weather|Sandstorm|[upkeep]
|-damage|p1a: Ninetales|94/100|[from] Sandstorm
|upkeep
|turn|2
|
|t:|1757187634
|switch|p2a: Sneasler|Sneasler, L50, F|100/100
|switch|p1a: Drone|Electabuzz, L50, F|100/100
|move|p1b: Pyre|Fake Out|p2a: Sneasler
|-damage|p2a: Sneasler|75/100
|move|p2b: Tyranitar|Stone Edge|p1a: Drone|[miss]
|-miss|p2b: Tyranitar|p1a: Drone
|
|-weather|Sandstorm|[upkeep]
|-damage|p2a: Sneasler|69/100|[from] Sandstorm
|-damage|p1a: Drone|94/100|[from] Sandstorm
|upkeep
|turn|3
|
|t:|1757187653
|switch|p2b: Talonflame|Talonflame, L50, F|36/100
|move|p2a: Sneasler|Close Combat|p1b: Pyre
|-supereffective|p1b: Pyre
|-crit|p1b: Pyre
|-damage|p1b: Pyre|0 fnt
|-unboost|p2a: Sneasler|def|1
|-unboost|p2a: Sneasler|spd|1
|faint|p1b: Pyre
|-enditem|p2a: Sneasler|White Herb
|-clearnegativeboost|p2a: Sneasler|[silent]
|move|p1a: Drone|Electroweb|p2a: Sneasler|[spread] p2a,p2b
|-supereffective|p2b: Talonflame
|-damage|p2a: Sneasler|51/100
|-damage|p2b: Talonflame|0 fnt
|-unboost|p2a: Sneasler|spe|1
|faint|p2b: Talonflame
|
|-weather|Sandstorm|[upkeep]
|-damage|p2a: Sneasler|46/100|[from] Sandstorm
|-damage|p1a: Drone|88/100|[from] Sandstorm
|upkeep
|
|t:|1757187671
|switch|p2b: Garchomp|Garchomp, L50, M|100/100
|switch|p1b: Sale|Gholdengo, L50|100/100
|turn|4
|
|t:|1757187685
|switch|p1a: Ninetales|Ninetales-Alola, L50, F|94/100
|-weather|Snowscape|[from] ability: Snow Warning|[of] p1a: Ninetales
|-terastallize|p1b: Sale|Dragon
|move|p2a: Sneasler|Coaching|p2b: Garchomp
|-boost|p2b: Garchomp|atk|1
|-boost|p2b: Garchomp|def|1
|move|p2b: Garchomp|Stomping Tantrum|p1a: Ninetales
|-damage|p1a: Ninetales|48/100
|move|p1b: Sale|Nasty Plot|p1b: Sale
|-boost|p1b: Sale|spa|2
|
|-weather|Snowscape|[upkeep]
|-sideend|p2: KingV1337|move: Tailwind
|upkeep
|turn|5
|
|t:|1757187704
|move|p2a: Sneasler|Dire Claw|p1a: Ninetales
|-supereffective|p1a: Ninetales
|-damage|p1a: Ninetales|0 fnt
|faint|p1a: Ninetales
|move|p2b: Garchomp|Dragon Claw|p1b: Sale
|-supereffective|p1b: Sale
|-damage|p1b: Sale|0 fnt
|faint|p1b: Sale
|
|-weather|Snowscape|[upkeep]
|upkeep
|
|t:|1757187714
|switch|p1b: Drone|Electabuzz, L50, F|88/100
|turn|6
|
|t:|1757187722
|move|p2a: Sneasler|Coaching|p2b: Garchomp
|-boost|p2b: Garchomp|atk|1
|-boost|p2b: Garchomp|def|1
|move|p2b: Garchomp|Stomping Tantrum|p1b: Drone
|-supereffective|p1b: Drone
|-damage|p1b: Drone|0 fnt
|faint|p1b: Drone
|
|win|KingV1337
