|j|☆Uninspire
|j|☆subert
|html|Uninspiresubert    
|uhtml|bestof|Game 2 of a best-of-3
|t:|1757704415
|gametype|doubles
|player|p1|Uninspire|gentleman-gen4|1142
|player|p2|subert|2|1125
|gen|9
|tier|[Gen 9] VGC 2025 Reg H (Bo3)
|rated|
|rule|Species Clause: Limit one of each Pokémon
|rule|Item Clause: Limit 1 of each item
|clearpoke
|poke|p1|Porygon2, L50|
|poke|p1|Incineroar, L50, M|
|poke|p1|Ursaluna, L50, M|
|poke|p1|Jumpluff, L50, M|
|poke|p1|Charizard, L50, F|
|poke|p1|Torkoal, L50, M|
|poke|p2|Hatterene, L50, F|
|poke|p2|Indeedee-F, L50, F|
|poke|p2|Armarouge, L50, M|
|poke|p2|Luvdisc, L50, M|
|poke|p2|Ursaluna, L50, F|
|poke|p2|Sneasler, L50, M|
|teampreview|4
|showteam|p1|Porygon2||Eviolite|Download|TeraBlast,IceBeam,TrickRoom,Recover||||||50|,,,,,Fighting]Incineroar||SitrusBerry|Intimidate|FakeOut,KnockOff,FlareBlitz,PartingShot|||M|||50|,,,,,Ghost]Ursaluna||FlameOrb|Guts|HeadlongRush,Facade,Earthquake,Protect|||M|||50|,,,,,Ghost]Jumpluff||CovertCloak|Chlorophyll|RagePowder,SunnyDay,Tailwind,SleepPowder|||M|||50|,,,,,Fire]Charizard||ChoiceSpecs|SolarPower|HeatWave,Overheat,WeatherBall,DragonPulse|||F|||50|,,,,,Ghost]Torkoal||EjectPack|Drought|Overheat,Eruption,HelpingHand,Protect|||M|||50|,,,,,Fire
|showteam|p2|Hatterene||Leftovers|MagicBounce|DazzlingGleam,TrickRoom,ExpandingForce,Protect|||F|||50|,,,,,Psychic]Indeedee-F||MentalHerb|PsychicSurge|FollowMe,HelpingHand,TrickRoom,Protect|||F|||50|,,,,,Psychic]Armarouge||WeaknessPolicy|WeakArmor|ArmorCannon,ExpandingForce,ScorchingSands,Protect|||M|||50|,,,,,Fairy]Luvdisc||FocusSash|SwiftSwim|FlipTurn,IcyWind,Endeavor,Protect|||M|||50|,,,,,Fire]Ursaluna||FlameOrb|Guts|Earthquake,Facade,ShadowClaw,Protect|||F|||50|,,,,,Ghost]Sneasler||PsychicSeed|Unburden|DireClaw,CloseCombat,RockSlide,Protect|||M|||50|,,,,,Rock
|
|t:|1757704425
|teamsize|p1|4
|teamsize|p2|4
|start
|switch|p1a: Ursaluna|Ursaluna, L50, M, shiny|100/100
|switch|p1b: Jumpluff|Jumpluff, L50, M, shiny|100/100
|switch|p2a: Luvdisc|Luvdisc, L50, M|100/100
|switch|p2b: Armarouge|Armarouge, L50, M|100/100
|turn|1
|
|t:|1757704436
|move|p1b: Jumpluff|Rage Powder|p1b: Jumpluff
|-singleturn|p1b: Jumpluff|move: Rage Powder
|move|p2a: Luvdisc|Flip Turn|p1b: Jumpluff
|-resisted|p1b: Jumpluff
|-damage|p1b: Jumpluff|95/100
|
|t:|1757704441
|switch|p2a: Indeedee|Indeedee-F, L50, F|100/100|[from] Flip Turn
|-fieldstart|move: Psychic Terrain|[from] ability: Psychic Surge|[of] p2a: Indeedee
|move|p2b: Armarouge|Expanding Force|p1b: Jumpluff|[spread] p1a,p1b
|-crit|p1a: Ursaluna
|-damage|p1a: Ursaluna|18/100
|-damage|p1b: Jumpluff|30/100
|move|p1a: Ursaluna|Earthquake|p2b: Armarouge|[spread] p2a,p2b
|-immune|p1b: Jumpluff
|-supereffective|p2b: Armarouge
|-damage|p2a: Indeedee|33/100
|-damage|p2b: Armarouge|0 fnt
|faint|p2b: Armarouge
|
|-status|p1a: Ursaluna|brn|[from] item: Flame Orb
|upkeep
|
|t:|1757704454
|switch|p2b: Sneasler|Sneasler, L50, M|100/100
|-enditem|p2b: Sneasler|Psychic Seed
|-boost|p2b: Sneasler|spd|1|[from] item: Psychic Seed
|turn|2
|
|t:|1757704478
|-terastallize|p2b: Sneasler|Rock
|move|p2a: Indeedee|Protect|p2a: Indeedee
|-singleturn|p2a: Indeedee|Protect
|move|p1b: Jumpluff|Rage Powder|p1b: Jumpluff
|-singleturn|p1b: Jumpluff|move: Rage Powder
|move|p2b: Sneasler|Rock Slide|p1a: Ursaluna|[spread] p1a
|-miss|p2b: Sneasler|p1b: Jumpluff
|-resisted|p1a: Ursaluna
|-damage|p1a: Ursaluna|5/100 brn
|move|p1a: Ursaluna|Earthquake|p2a: Indeedee|[spread] p2b
|-activate|p2a: Indeedee|move: Protect
|-immune|p1b: Jumpluff
|-supereffective|p2b: Sneasler
|-damage|p2b: Sneasler|0 fnt
|faint|p2b: Sneasler
|
|-damage|p1a: Ursaluna|0 fnt|[from] brn
|faint|p1a: Ursaluna
|upkeep
|
|t:|1757704494
|switch|p2b: Luvdisc|Luvdisc, L50, M|100/100
|switch|p1a: Porygon2|Porygon2, L50|100/100
|-ability|p1a: Porygon2|Download|boost
|-boost|p1a: Porygon2|atk|1
|turn|3
|
|t:|1757704505
|-terastallize|p1b: Jumpluff|Fire
|move|p2a: Indeedee|Helping Hand|p2b: Luvdisc
|-singleturn|p2b: Luvdisc|Helping Hand|[of] p2a: Indeedee
|move|p1b: Jumpluff|Tailwind|p1b: Jumpluff
|-sidestart|p1: Uninspire|move: Tailwind
|move|p1a: Porygon2|Tera Blast|p2a: Indeedee
|-damage|p2a: Indeedee|0 fnt
|faint|p2a: Indeedee
|move|p2b: Luvdisc|Icy Wind|p1b: Jumpluff|[spread] p1a,p1b
|-resisted|p1b: Jumpluff
|-damage|p1a: Porygon2|96/100
|-damage|p1b: Jumpluff|27/100
|-unboost|p1a: Porygon2|spe|1
|
|upkeep
|turn|4
|inactive|Battle timer is ON: inactive players will automatically lose when time's up. (requested by Uninspire)
|
|t:|1757704520
|move|p1b: Jumpluff|Sleep Powder|p2b: Luvdisc
|-status|p2b: Luvdisc|slp|[from] move: Sleep Powder
|cant|p2b: Luvdisc|slp
|move|p1a: Porygon2|Tera Blast|p2b: Luvdisc
|-damage|p2b: Luvdisc|42/100 slp
|
|upkeep
|turn|5
|
|t:|1757704529
|move|p1b: Jumpluff|Sunny Day|p1b: Jumpluff
|-weather|SunnyDay
|cant|p2b: Luvdisc|slp
|move|p1a: Porygon2|Tera Blast|p2b: Luvdisc
|-damage|p2b: Luvdisc|0 fnt
|faint|p2b: Luvdisc
|
|win|Uninspire
||Uninspire is ready for game 3.
||subert is ready for game 3.
|uhtml|next|Next: Game 3 of 3
