|j|☆szczurek2137
|j|☆yosiel
|html|szczurek2137yosiel    
|uhtml|bestof|Game 1 of a best-of-3
|t:|1783884748
|gametype|doubles
|player|p1|szczurek2137|170|1092
|player|p2|yosiel|acetrainersnow|1000
|gen|9
|tier|[Gen 9 Champions] VGC 2026 Reg M-B (Bo3)
|rated|
|rule|Species Clause: Limit one of each Pokémon
|rule|Item Clause: Limit 1 of each item
|clearpoke
|poke|p1|Gengar, L50, M, shiny|
|poke|p1|Politoed, L50, M|
|poke|p1|Incineroar, L50, M|
|poke|p1|Archaludon, L50, M|
|poke|p1|Swampert, L50, F|
|poke|p1|Vivillon, L50, M|
|poke|p2|Dragonite, L50, M, shiny|
|poke|p2|Garchomp, L50, M, shiny|
|poke|p2|Archaludon, L50, M, shiny|
|poke|p2|Dragapult, L50, M, shiny|
|poke|p2|Ampharos, L50, M, shiny|
|poke|p2|Hydrapple, L50, M, shiny|
|teampreview|4
|showteam|p1|Gengar||Gengarite|CursedBody|PerishSong,Protect,SludgeBomb,ShadowBall|Modest||M|||50|]Politoed||SitrusBerry|Drizzle|RainDance,PerishSong,Protect,WeatherBall|Calm||M|||50|]Incineroar||ChopleBerry|Intimidate|Protect,FakeOut,PartingShot,ThroatChop|Calm||M|||50|]Archaludon||Leftovers|Stamina|ElectroShot,Protect,DragonPulse,FlashCannon|Bold||M|||50|]Swampert||Swampertite|Damp|WaveCrash,Protect,Earthquake,IcePunch|Adamant||F|||50|]Vivillon||FocusSash|CompoundEyes|SleepPowder,Hurricane,Protect,RagePowder|Timid||M|||50|
|showteam|p2|Dragonite||YacheBerry|InnerFocus|Protect,Tailwind,RainDance,BreakingSwipe|Adamant||M|||50|]Garchomp||RoseliBerry|RoughSkin|Protect,IronHead,RockSlide,StompingTantrum|Jolly||M|||50|]Archaludon||ChopleBerry|Stamina|Protect,AuraSphere,Thunderbolt,FlashCannon|Calm||M|||50|]Dragapult||LightClay|ClearBody|Reflect,LightScreen,DragonDarts,DragonCheer|Jolly||M|||50|]Ampharos||Ampharosite|Static|Protect,PowerGem,ZapCannon,DazzlingGleam|Modest||M|||50|]Hydrapple||LifeOrb|SupersweetSyrup|DracoMeteor,Protect,EarthPower,HydroPump|Quiet||M|||50|
|inactive|Battle timer is ON: inactive players will automatically lose when time's up. (requested by yosiel)
|inactive|szczurek2137 has 60 seconds left.
|
|t:|1783884818
|teamsize|p1|4
|teamsize|p2|4
|start
|switch|p1a: Gengar|Gengar, L50, M, shiny|100/100
|switch|p1b: Incineroar|Incineroar, L50, M|100/100
|switch|p2a: Dragapult|Dragapult, L50, M, shiny|100/100
|switch|p2b: Dragonite|Dragonite, L50, M, shiny|100/100
|-ability|p1b: Incineroar|Intimidate|boost
|-fail|p2a: Dragapult|unboost|[from] ability: Clear Body|[of] p2a: Dragapult
|-fail|p2b: Dragonite|unboost|Attack|[from] ability: Inner Focus|[of] p2b: Dragonite
|turn|1
|
|t:|1783884842
|detailschange|p1a: Gengar|Gengar-Mega, L50, M, shiny
|-mega|p1a: Gengar|Gengar|Gengarite
|move|p1b: Incineroar|Fake Out|p2b: Dragonite
|-damage|p2b: Dragonite|90/100
|move|p2a: Dragapult|Light Screen|p2a: Dragapult
|-sidestart|p2: yosiel|move: Light Screen
|move|p1a: Gengar|Perish Song|p1a: Gengar
|-start|p1a: Gengar|perish3|[silent]
|-start|p1b: Incineroar|perish3|[silent]
|-start|p2a: Dragapult|perish3|[silent]
|-start|p2b: Dragonite|perish3|[silent]
|-fieldactivate|move: Perish Song
|move|p2b: Dragonite|Tailwind|p2b: Dragonite
|-sidestart|p2: yosiel|move: Tailwind
|
|-start|p2a: Dragapult|perish3
|-start|p2b: Dragonite|perish3
|-start|p1a: Gengar|perish3
|-start|p1b: Incineroar|perish3
|upkeep
|turn|2
|
|t:|1783884862
|move|p1a: Gengar|Protect|p1a: Gengar
|-singleturn|p1a: Gengar|Protect
|move|p1b: Incineroar|Protect|p1b: Incineroar
|-singleturn|p1b: Incineroar|Protect
|move|p2a: Dragapult|Dragon Darts|p1a: Gengar
|-activate|p1b: Incineroar|move: Protect
|move|p2b: Dragonite|Breaking Swipe|p1b: Incineroar|[spread] 
|-activate|p1a: Gengar|move: Protect
|-activate|p1b: Incineroar|move: Protect
|
|-start|p2a: Dragapult|perish2
|-start|p2b: Dragonite|perish2
|-start|p1a: Gengar|perish2
|-start|p1b: Incineroar|perish2
|upkeep
|turn|3
|inactive|szczurek2137 has 30 seconds left.
|inactive|szczurek2137 has 20 seconds left.
|
|t:|1783884901
|switch|p1a: Politoed|Politoed, L50, M|100/100
|-weather|RainDance|[from] ability: Drizzle|[of] p1a: Politoed
|move|p2a: Dragapult|Reflect|p2a: Dragapult
|-sidestart|p2: yosiel|Reflect
|move|p2b: Dragonite|Rain Dance||[still]
|-fail|p2b: Dragonite
|move|p1b: Incineroar|Parting Shot|p2a: Dragapult
|-fail|p2a: Dragapult|unboost|[from] ability: Clear Body|[of] p2a: Dragapult
|
|-weather|RainDance|[upkeep]
|-start|p2a: Dragapult|perish1
|-start|p2b: Dragonite|perish1
|-start|p1b: Incineroar|perish1
|upkeep
|turn|4
|
|t:|1783884923
|switch|p2a: Ampharos|Ampharos, L50, M, shiny|100/100
|switch|p2b: Hydrapple|Hydrapple, L50, M, shiny|100/100
|-ability|p2b: Hydrapple|Supersweet Syrup
|-unboost|p1a: Politoed|evasion|1
|-unboost|p1b: Incineroar|evasion|1
|switch|p1a: Gengar|Gengar-Mega, L50, M, shiny|100/100
|move|p1b: Incineroar|Parting Shot|p2a: Ampharos
|-unboost|p2a: Ampharos|atk|1
|-unboost|p2a: Ampharos|spa|1
|
|t:|1783884936
|switch|p1b: Archaludon|Archaludon, L50, M|100/100|[from] Parting Shot
|
|-weather|RainDance|[upkeep]
|-sideend|p2: yosiel|move: Tailwind
|upkeep
|turn|5
|inactive|szczurek2137 has 30 seconds left.
|
|t:|1783884963
|detailschange|p2a: Ampharos|Ampharos-Mega, L50, M, shiny
|-mega|p2a: Ampharos|Ampharos|Ampharosite
|-ability|p2a: Ampharos|Mold Breaker
|move|p1a: Gengar|Sludge Bomb|p2b: Hydrapple
|-supereffective|p2b: Hydrapple|1
|-damage|p2b: Hydrapple|26/100
|move|p1b: Archaludon|Dragon Pulse|p2a: Ampharos
|-supereffective|p2a: Ampharos|1
|-damage|p2a: Ampharos|50/100g
|move|p2a: Ampharos|Zap Cannon|p1b: Archaludon
|-resisted|p1b: Archaludon|1
|-crit|p1b: Archaludon
|-damage|p1b: Archaludon|22/100
|-status|p1b: Archaludon|par
|-ability|p1b: Archaludon|Stamina|boost
|-boost|p1b: Archaludon|def|1
|move|p2b: Hydrapple|Earth Power|p1b: Archaludon
|-supereffective|p1b: Archaludon|1
|-damage|p1b: Archaludon|0 fnt
|faint|p1b: Archaludon
|-damage|p2b: Hydrapple|16/100|[from] item: Life Orb
|
|-weather|RainDance|[upkeep]
|upkeep
|
|t:|1783884982
|switch|p1b: Incineroar|Incineroar, L50, M|100/100
|-ability|p1b: Incineroar|Intimidate|boost
|-unboost|p2a: Ampharos|atk|1
|-unboost|p2b: Hydrapple|atk|1
|turn|6
|
|t:|1783884994
|move|p2a: Ampharos|Protect|p2a: Ampharos
|-singleturn|p2a: Ampharos|Protect
|move|p2b: Hydrapple|Protect|p2b: Hydrapple
|-singleturn|p2b: Hydrapple|Protect
|move|p1b: Incineroar|Fake Out|p2a: Ampharos
|-activate|p2a: Ampharos|move: Protect
|move|p1a: Gengar|Shadow Ball|p2b: Hydrapple
|-activate|p2b: Hydrapple|move: Protect
|
|-weather|RainDance|[upkeep]
|upkeep
|turn|7
|inactive|szczurek2137 has 30 seconds left.
|
|t:|1783885021
|move|p1a: Gengar|Shadow Ball|p2b: Hydrapple
|-damage|p2b: Hydrapple|0 fnt
|faint|p2b: Hydrapple
|move|p1b: Incineroar|Throat Chop|p2a: Ampharos
|-damage|p2a: Ampharos|36/100
|-start|p2a: Ampharos|Throat Chop|[silent]
|move|p2a: Ampharos|Zap Cannon|p1a: Gengar
|-damage|p1a: Gengar|44/100
|-status|p1a: Gengar|par
|
|-weather|none
|upkeep
|
|t:|1783885036
|switch|p2b: Dragonite|Dragonite, L50, M, shiny|90/100
|turn|8
|
|t:|1783885054
|switch|p1b: Politoed|Politoed, L50, M|100/100
|-weather|RainDance|[from] ability: Drizzle|[of] p1b: Politoed
|move|p2b: Dragonite|Breaking Swipe|p1b: Politoed|[spread] p1a,p1b
|-damage|p1a: Gengar|18/100 par
|-damage|p1b: Politoed|75/100
|-unboost|p1a: Gengar|atk|1
|-unboost|p1b: Politoed|atk|1
|cant|p1a: Gengar|par
|move|p2a: Ampharos|Power Gem|p1b: Politoed
|-damage|p1b: Politoed|56/100
|
|-weather|RainDance|[upkeep]
|-end|p2a: Ampharos|Throat Chop|[silent]
|-sideend|p2: yosiel|move: Light Screen
|upkeep
|turn|9
|-message|szczurek2137 forfeited.
|
|win|yosiel
