|j|☆ZaVGC
|j|☆elmono11
|html|ZaVGCelmono11    
|uhtml|bestof|Game 3 of a best-of-3
|t:|1785603702
|gametype|doubles
|player|p1|ZaVGC|steven|1214
|player|p2|elmono11|101|1385
|gen|9
|tier|[Gen 9 Champions] VGC 2026 Reg M-B (Bo3)
|rated|
|rule|Species Clause: Limit one of each Pokémon
|rule|Item Clause: Limit 1 of each item
|clearpoke
|poke|p1|Charizard, L50, M|
|poke|p1|Floette-Eternal, L50, F|
|poke|p1|Garchomp, L50, M|
|poke|p1|Basculegion, L50, M|
|poke|p1|Incineroar, L50, M|
|poke|p1|Whimsicott, L50, F|
|poke|p2|Charizard, L50, M|
|poke|p2|Floette-Eternal, L50, F|
|poke|p2|Garchomp, L50, F|
|poke|p2|Kingambit, L50, M|
|poke|p2|Basculegion, L50, M|
|poke|p2|Whimsicott, L50, M|
|teampreview|4
|showteam|p1|Charizard||CharizarditeY|Blaze|HeatWave,WeatherBall,SolarBeam,Protect|Timid||M|||50|]Floette-Eternal||Floettite|FlowerVeil|Moonblast,DazzlingGleam,LightofRuin,Protect|Timid||F|||50|]Garchomp||LifeOrb|RoughSkin|Earthquake,DragonClaw,RockSlide,Protect|Adamant||M|||50|]Basculegion||MysticWater|Adaptability|WaveCrash,LastRespects,AquaJet,Protect|Adamant||M|||50|]Incineroar||SitrusBerry|Intimidate|FlareBlitz,ThroatChop,PartingShot,FakeOut|Adamant||M|||50|]Whimsicott||FocusSash|Prankster|Moonblast,Tailwind,Encore,Protect|Timid||F|||50|
|showteam|p2|Charizard||CharizarditeY|Blaze|HeatWave,WeatherBall,SolarBeam,Protect|Modest||M|||50|]Floette-Eternal||Floettite|FlowerVeil|Moonblast,DazzlingGleam,LightofRuin,Protect|Modest||F|||50|]Garchomp||LifeOrb|RoughSkin|Earthquake,DragonClaw,RockSlide,Protect|Jolly||F|||50|]Kingambit||OccaBerry|Defiant|KowtowCleave,SuckerPunch,IronHead,LowKick|Adamant||M|||50|]Basculegion||MysticWater|Adaptability|WaveCrash,LastRespects,AquaJet,Protect|Adamant||M|||50|]Whimsicott||FocusSash|Prankster|Moonblast,Tailwind,Encore,Protect|Timid||M|||50|
|inactive|Battle timer is ON: inactive players will automatically lose when time's up. (requested by elmono11)
|j| robinmuister
|c| robinmuister|Neither of the crits mattered ofc
|inactive|ZaVGC has 60 seconds left.
|inactive|elmono11 has 60 seconds left.
|j| MegaHappyDragonite
|
|t:|1785603764
|teamsize|p1|4
|teamsize|p2|4
|start
|switch|p1a: Charizard|Charizard, L50, M|100/100
|switch|p1b: Incineroar|Incineroar, L50, M|100/100
|switch|p2a: Garchomp|Garchomp, L50, F|100/100
|switch|p2b: Whimsicott|Whimsicott, L50, M|100/100
|-ability|p1b: Incineroar|Intimidate|boost
|-unboost|p2a: Garchomp|atk|1
|-unboost|p2b: Whimsicott|atk|1
|turn|1
|inactive|ZaVGC has 30 seconds left.
|inactive|elmono11 has 30 seconds left.
|c| robinmuister|Timid zard
|c| robinmuister|Wtf
|inactive|ZaVGC has 20 seconds left.
|c| robinmuister|Zard runs like 5 speed points modest
|inactive|ZaVGC has 15 seconds left.
|inactive|elmono11 has 20 seconds left.
|
|t:|1785603805
|switch|p2b: Basculegion|Basculegion, L50, M|100/100
|switch|p1a: Garchomp|Garchomp, L50, M|100/100
|switch|p1b: Whimsicott|Whimsicott, L50, F|100/100
|move|p2a: Garchomp|Rock Slide|p1a: Garchomp|[spread] p1a,p1b
|-resisted|p1a: Garchomp|1
|-crit|p1b: Whimsicott
|-damage|p1a: Garchomp|91/100
|-damage|p1b: Whimsicott|38/100
|-damage|p2a: Garchomp|90/100|[from] item: Life Orb
|
|upkeep
|turn|2
|
|t:|1785603827
|switch|p2a: Whimsicott|Whimsicott, L50, M|100/100
|move|p1b: Whimsicott|Encore||[still]
|-fail|p1b: Whimsicott
|move|p1a: Garchomp|Dragon Claw|p2a: Whimsicott
|-immune|p2a: Whimsicott
|move|p2b: Basculegion|Wave Crash|p1a: Garchomp
|-damage|p1a: Garchomp|4/100
|-damage|p2b: Basculegion|87/100|[from] ability: Rough Skin|[of] p1a: Garchomp
|-damage|p2b: Basculegion|61/100|[from] Recoil
|
|upkeep
|turn|3
|c|☆ZaVGC|...
|inactive|ZaVGC has 30 seconds left.
|
|t:|1785603857
|move|p1b: Whimsicott|Tailwind|p1b: Whimsicott
|-sidestart|p1: ZaVGC|move: Tailwind
|move|p2b: Basculegion|Aqua Jet|p1a: Garchomp
|-damage|p1a: Garchomp|0 fnt
|-damage|p2b: Basculegion|49/100|[from] ability: Rough Skin|[of] p1a: Garchomp
|faint|p1a: Garchomp
|move|p2a: Whimsicott|Moonblast|p1b: Whimsicott
|-damage|p1b: Whimsicott|0 fnt
|faint|p1b: Whimsicott
|
|upkeep
|
|t:|1785603866
|switch|p1b: Charizard|Charizard, L50, M|100/100
|switch|p1a: Incineroar|Incineroar, L50, M|100/100
|-ability|p1a: Incineroar|Intimidate|boost
|-unboost|p2a: Whimsicott|atk|1
|-unboost|p2b: Basculegion|atk|1
|turn|4
|
|t:|1785603881
|detailschange|p1b: Charizard|Charizard-Mega-Y, L50, M
|-mega|p1b: Charizard|Charizard|Charizardite Y
|-weather|SunnyDay|[from] ability: Drought|[of] p1b: Charizard
|move|p2a: Whimsicott|Protect|p2a: Whimsicott
|-singleturn|p2a: Whimsicott|Protect
|move|p1a: Incineroar|Fake Out|p2a: Whimsicott
|-activate|p2a: Whimsicott|move: Protect
|move|p1b: Charizard|Heat Wave|p2b: Basculegion|[spread] p2b
|-activate|p2a: Whimsicott|move: Protect
|-resisted|p2b: Basculegion|1
|-damage|p2b: Basculegion|11/100
|move|p2b: Basculegion|Wave Crash|p1a: Incineroar
|-supereffective|p1a: Incineroar|1
|-damage|p1a: Incineroar|38/100
|-enditem|p1a: Incineroar|Sitrus Berry|[eat]
|-heal|p1a: Incineroar|63/100|[from] item: Sitrus Berry
|-damage|p2b: Basculegion|0 fnt|[from] Recoil
|faint|p2b: Basculegion
|
|-weather|SunnyDay|[upkeep]
|upkeep
|
|t:|1785603894
|switch|p2b: Garchomp|Garchomp, L50, F|90/100
|turn|5
|c|☆ZaVGC|gg
|c|☆ZaVGC|this comes down to luck
|c| robinmuister|It can miss
|inactive|ZaVGC has 30 seconds left.
|
|t:|1785603925
|move|p1b: Charizard|Protect|p1b: Charizard
|-singleturn|p1b: Charizard|Protect
|move|p2a: Whimsicott|Tailwind|p2a: Whimsicott
|-sidestart|p2: elmono11|move: Tailwind
|move|p2b: Garchomp|Rock Slide|p1b: Charizard|[spread] p1a
|-activate|p1b: Charizard|move: Protect
|-supereffective|p1a: Incineroar|1
|-damage|p1a: Incineroar|14/100
|-damage|p2b: Garchomp|80/100|[from] item: Life Orb
|cant|p1a: Incineroar|flinch
|
|-weather|SunnyDay|[upkeep]
|upkeep
|turn|6
|c| robinmuister|30 hp 30 def zard is the most common spread
|c| robinmuister|To live this move
|c|☆ZaVGC|wow
|c|☆ZaVGC|...
|c| robinmuister|Then 5 speed
|c| robinmuister|Ahd 1 spA
|c| MegaHappyDragonite|dw i dont run that either lol
|inactive|ZaVGC has 30 seconds left.
|c| robinmuister|With modest nature
|c| robinmuister|And bro is timid
|c|☆elmono11|what would change you made an autoloss play cause now i can encore
|
|t:|1785603959
|move|p2a: Whimsicott|Encore|p1b: Charizard
|-start|p1b: Charizard|Encore
|move|p1b: Charizard|Protect|p1b: Charizard
|-singleturn|p1b: Charizard|Protect
|move|p2b: Garchomp|Dragon Claw|p1a: Incineroar
|-damage|p1a: Incineroar|0 fnt
|faint|p1a: Incineroar
|-damage|p2b: Garchomp|70/100|[from] item: Life Orb
|
|-weather|SunnyDay|[upkeep]
|-sideend|p1: ZaVGC|move: Tailwind
|upkeep
|turn|7
|c|☆ZaVGC|yeah low kee
|c|☆ZaVGC|did not think that was that win able
|inactive|ZaVGC has 30 seconds left.
|c| robinmuister|Ig flare blitz crit
|c| robinmuister|On whims
|c| robinmuister|I mean burn
|c|☆elmono11|i could have missed every rock slide
|c|☆ZaVGC|yeah
|inactive|ZaVGC has 20 seconds left.
|
|t:|1785603997
|move|p1b: Charizard|Protect||[still]
|-fail|p1b: Charizard
|move|p2a: Whimsicott|Moonblast|p1b: Charizard
|-resisted|p1b: Charizard|1
|-damage|p1b: Charizard|83/100
|move|p2b: Garchomp|Rock Slide|p1b: Charizard
|-supereffective|p1b: Charizard|2
|-damage|p1b: Charizard|0 fnt
|faint|p1b: Charizard
|-damage|p2b: Garchomp|61/100|[from] item: Life Orb
|
|win|elmono11
|raw|ZaVGC's rating: 1214 → 1200(-14 for losing)
|raw|elmono11's rating: 1385 → 1396(+11 for winning)
