|j|☆theminesoftagawa
|j|☆Kampfstube
|html|theminesoftagawaKampfstube    
|uhtml|bestof|Game 2 of a best-of-3
|t:|1757782398
|gametype|doubles
|player|p1|theminesoftagawa|101|
|player|p2|Kampfstube|n|
|gen|9
|tier|[Gen 9] VGC 2025 Reg H (Bo3)
|rule|Species Clause: Limit one of each Pokémon
|rule|Item Clause: Limit 1 of each item
|clearpoke
|poke|p1|Dondozo, L50, F|
|poke|p1|Tatsugiri, L50, M|
|poke|p1|Whimsicott, L50, M|
|poke|p1|Ursaluna-Bloodmoon, L50, M|
|poke|p1|Indeedee, L50, M|
|poke|p1|Sneasler, L50, F|
|poke|p2|Grimmsnarl, L50, M|
|poke|p2|Volcarona, L50, F|
|poke|p2|Annihilape, L50, F|
|poke|p2|Ursaluna-Bloodmoon, L50, M|
|poke|p2|Sneasler, L50, M|
|poke|p2|Dragonite, L50, M|
|teampreview|4
|showteam|p1|Dondozo||Leftovers|Unaware|Protect,HeavySlam,WaveCrash,OrderUp|||F|||50|,,,,,Steel]Tatsugiri||FocusSash|Commander|MuddyWater,DracoMeteor,IcyWind,Protect|||M|||50|,,,,,Fairy]Whimsicott||CovertCloak|Prankster|Moonblast,Tailwind,HelpingHand,LightScreen|||M|||50|,,,,,Water]Ursaluna-Bloodmoon||LifeOrb|MindsEye|Protect,HyperVoice,BloodMoon,EarthPower|||M|||50|,,,,,Normal]Indeedee||ChoiceScarf|PsychicSurge|SkillSwap,Trick,ExpandingForce,TeraBlast|||M|||50|,,,,,Psychic]Sneasler||PsychicSeed|Unburden|Protect,DireClaw,CloseCombat,ThroatChop|||F|||50|,,,,,Dark
|showteam|p2|Grimmsnarl||CovertCloak|Prankster|SpiritBreak,LightScreen,Reflect,ThunderWave|||M|||50|,,,,,Steel]Volcarona||SitrusBerry|FlameBody|GigaDrain,QuiverDance,FieryDance,Protect|||F|||50|,,,,,Grass]Annihilape||SafetyGoggles|Defiant|BulkUp,DrainPunch,Protect,RageFist|||F|||50|,,,,,Fire]Ursaluna-Bloodmoon||AssaultVest|MindsEye|EarthPower,BloodMoon,HyperVoice,VacuumWave|||M|||50|,,,,,Water]Sneasler||FocusSash|Unburden|FakeOut,Coaching,CloseCombat,DireClaw|||M|||50|,,,,,Ghost]Dragonite||LoadedDice|Multiscale|ScaleShot,Protect,Haze,ExtremeSpeed|||M|||50|,,,,,Steel
|inactive|Battle timer is ON: inactive players will automatically lose when time's up. (requested by Kampfstube)
|
|t:|1757782413
|teamsize|p1|4
|teamsize|p2|4
|start
|switch|p1a: Indeedee|Indeedee, L50, M|100/100
|switch|p1b: Sneasler|Sneasler, L50, F|100/100
|switch|p2a: Grimmsnarl|Grimmsnarl, L50, M|100/100
|switch|p2b: Volcarona|Volcarona, L50, F, shiny|100/100
|-fieldstart|move: Psychic Terrain|[from] ability: Psychic Surge|[of] p1a: Indeedee
|-enditem|p1b: Sneasler|Psychic Seed
|-boost|p1b: Sneasler|spd|1|[from] item: Psychic Seed
|turn|1
|
|t:|1757782437
|move|p2a: Grimmsnarl|Light Screen|p2a: Grimmsnarl
|-sidestart|p2: Kampfstube|move: Light Screen
|move|p1b: Sneasler|Dire Claw|p2a: Grimmsnarl
|-supereffective|p2a: Grimmsnarl
|-damage|p2a: Grimmsnarl|16/100
|move|p1a: Indeedee|Expanding Force|p2b: Volcarona|[spread] p2b
|-immune|p2a: Grimmsnarl
|-damage|p2b: Volcarona|69/100
|move|p2b: Volcarona|Quiver Dance|p2b: Volcarona
|-boost|p2b: Volcarona|spa|1
|-boost|p2b: Volcarona|spd|1
|-boost|p2b: Volcarona|spe|1
|
|upkeep
|turn|2
|
|t:|1757782453
|move|p2a: Grimmsnarl|Reflect|p2a: Grimmsnarl
|-sidestart|p2: Kampfstube|Reflect
|move|p1b: Sneasler|Dire Claw|p2b: Volcarona
|-damage|p2b: Volcarona|40/100
|-status|p2b: Volcarona|par
|-enditem|p2b: Volcarona|Sitrus Berry|[eat]
|-heal|p2b: Volcarona|65/100 par|[from] item: Sitrus Berry
|move|p1a: Indeedee|Expanding Force|p2a: Grimmsnarl|[spread] p2b
|-immune|p2a: Grimmsnarl
|-damage|p2b: Volcarona|44/100 par
|cant|p2b: Volcarona|par
|
|upkeep
|turn|3
|inactive|Kampfstube has 30 seconds left.
|
|t:|1757782481
|move|p1b: Sneasler|Dire Claw|p2a: Grimmsnarl
|-supereffective|p2a: Grimmsnarl
|-damage|p2a: Grimmsnarl|0 fnt
|faint|p2a: Grimmsnarl
|move|p1a: Indeedee|Expanding Force|p2b: Volcarona
|-damage|p2b: Volcarona|10/100 par
|move|p2b: Volcarona|Giga Drain|p1a: Indeedee
|-damage|p1a: Indeedee|57/100
|-heal|p2b: Volcarona|26/100 par|[from] drain|[of] p1a: Indeedee
|
|upkeep
|
|t:|1757782495
|switch|p2a: Annihilape|Annihilape, L50, F|100/100
|turn|4
|
|t:|1757782516
|-terastallize|p1a: Indeedee|Psychic
|-terastallize|p2a: Annihilape|Fire
|move|p1b: Sneasler|Dire Claw|p2a: Annihilape
|-damage|p2a: Annihilape|70/100
|move|p1a: Indeedee|Expanding Force|p2b: Volcarona|[spread] p2a,p2b
|-damage|p2a: Annihilape|34/100
|-damage|p2b: Volcarona|0 fnt
|faint|p2b: Volcarona
|move|p2a: Annihilape|Rage Fist|p1b: Sneasler
|-damage|p1b: Sneasler|0 fnt
|faint|p1b: Sneasler
|
|upkeep
|
|t:|1757782533
|switch|p1b: Dondozo|Dondozo, L50, F|100/100
|switch|p2b: Dragonite|Dragonite, L50, M|100/100
|turn|5
|
|t:|1757782550
|move|p2a: Annihilape|Protect|p2a: Annihilape
|-singleturn|p2a: Annihilape|Protect
|move|p1b: Dondozo|Protect|p1b: Dondozo
|-singleturn|p1b: Dondozo|Protect
|move|p1a: Indeedee|Expanding Force|p2b: Dragonite|[spread] p2b
|-activate|p2a: Annihilape|move: Protect
|-damage|p2b: Dragonite|75/100
|move|p2b: Dragonite|Scale Shot|p1a: Indeedee
|-damage|p1a: Indeedee|29/100
|-damage|p1a: Indeedee|0 fnt
|faint|p1a: Indeedee
|-hitcount|p1: Indeedee|2
|-unboost|p2b: Dragonite|def|1
|-boost|p2b: Dragonite|spe|1
|
|-sideend|p2: Kampfstube|move: Light Screen
|-fieldend|move: Psychic Terrain
|upkeep
|
|t:|1757782559
|switch|p1a: Tatsugiri|Tatsugiri, L50, M|100/100
|-activate|p1a: Tatsugiri|ability: Commander|[of] p1b: Dondozo
|-boost|p1b: Dondozo|atk|2
|-boost|p1b: Dondozo|spa|2
|-boost|p1b: Dondozo|spe|2
|-boost|p1b: Dondozo|def|2
|-boost|p1b: Dondozo|spd|2
|turn|6
|inactive|Kampfstube has 30 seconds left.
|
|t:|1757782590
|move|p2b: Dragonite|Haze|p2b: Dragonite
|-clearallboost
|move|p2a: Annihilape|Rage Fist|p1b: Dondozo
|-damage|p1b: Dondozo|55/100
|move|p1b: Dondozo|Order Up|p2b: Dragonite
|-supereffective|p2b: Dragonite
|-damage|p2b: Dragonite|40/100
|-boost|p1b: Dondozo|atk|1
|
|-heal|p1b: Dondozo|62/100|[from] item: Leftovers
|-sideend|p2: Kampfstube|Reflect
|upkeep
|turn|7
|inactive|theminesoftagawa has 30 seconds left.
|
|t:|1757782616
|move|p2b: Dragonite|Scale Shot|p1b: Dondozo
|-crit|p1b: Dondozo
|-damage|p1b: Dondozo|47/100
|-damage|p1b: Dondozo|37/100
|-damage|p1b: Dondozo|27/100
|-damage|p1b: Dondozo|16/100
|-hitcount|p1b: Dondozo|4
|-unboost|p2b: Dragonite|def|1
|-boost|p2b: Dragonite|spe|1
|move|p2a: Annihilape|Rage Fist|p1b: Dondozo
|-damage|p1b: Dondozo|0 fnt
|faint|p1b: Dondozo
|
|upkeep
|turn|8
|
|t:|1757782639
|move|p2b: Dragonite|Scale Shot|p1a: Tatsugiri
|-supereffective|p1a: Tatsugiri
|-damage|p1a: Tatsugiri|50/100
|-supereffective|p1a: Tatsugiri
|-damage|p1a: Tatsugiri|0 fnt
|faint|p1a: Tatsugiri
|-hitcount|p1: Tatsugiri|2
|
|win|Kampfstube
