|j|☆randomguy1114s
|j|☆pastapastayumyum
|html|randomguy1114spastapastayumyum    
|uhtml|bestof|Game 2 of a best-of-3
|t:|1756176922
|gametype|doubles
|player|p1|randomguy1114s|lillie-masters|1091
|player|p2|pastapastayumyum|101|1082
|gen|9
|tier|[Gen 9] VGC 2025 Reg H (Bo3)
|rated|
|rule|Species Clause: Limit one of each Pokémon
|rule|Item Clause: Limit 1 of each item
|clearpoke
|poke|p1|Sneasler, L50, F|
|poke|p1|Indeedee, L50, M|
|poke|p1|Tyranitar, L50, M|
|poke|p1|Excadrill, L50, F|
|poke|p1|Dragapult, L50, F|
|poke|p1|Talonflame, L50, M|
|poke|p2|Dragonite, L50, F|
|poke|p2|Electabuzz, L50, M|
|poke|p2|Incineroar, L50, F|
|poke|p2|Gholdengo, L50|
|poke|p2|Rillaboom, L50, M|
|poke|p2|Sneasler, L50, F|
|teampreview|4
|showteam|p1|Sneasler||PsychicSeed|Unburden|CloseCombat,DireClaw,ThroatChop,Protect|||F|||50|,,,,,Dark]Indeedee||ChoiceScarf|PsychicSurge|ExpandingForce,TeraBlast,Trick,Protect|||M|||50|,,,,,Psychic]Tyranitar||AssaultVest|SandStream|RockSlide,KnockOff,TeraBlast,LowKick|||M|||50|,,,,,Flying]Excadrill||FocusSash|SandRush|Earthquake,HighHorsepower,IronHead,Protect|||F|||50|,,,,,Ground]Dragapult||ChoiceBand|ClearBody|DragonDarts,SuckerPunch,PhantomForce,Uturn|||F|||50|,,,,,Dragon]Talonflame||SharpBeak|GaleWings|DualWingbeat,FlareBlitz,Tailwind,Protect|||M|||50|,,,,,Ghost
|showteam|p2|Dragonite||LoadedDice|Multiscale|Protect,ScaleShot,Tailwind,Haze|||F|||50|,,,,,Fairy]Electabuzz||Eviolite|VitalSpirit|Protect,Electroweb,VoltSwitch,FollowMe|||M|||50|,,,,,Dragon]Incineroar||SitrusBerry|Intimidate|KnockOff,FlareBlitz,FakeOut,PartingShot|||F|||50|,,,,,Ghost]Gholdengo||LifeOrb|GoodasGold|Protect,NastyPlot,MakeItRain,ShadowBall||||||50|,,,,,Water]Rillaboom||AssaultVest|GrassySurge|GrassyGlide,WoodHammer,FakeOut,Uturn|||M|||50|,,,,,Fire]Sneasler||FocusSash|PoisonTouch|DireClaw,CloseCombat,Protect,ThroatChop|||F|||50|,,,,,Stellar
|j| tadphantom
|
|t:|1756176956
|teamsize|p1|4
|teamsize|p2|4
|start
|switch|p1a: BIRDDD|Talonflame, L50, M, shiny|100/100
|switch|p1b: tank this|Dragapult, L50, F, shiny|100/100
|switch|p2a: Dragonite|Dragonite, L50, F|100/100
|switch|p2b: Rillaboom|Rillaboom, L50, M|100/100
|-fieldstart|move: Grassy Terrain|[from] ability: Grassy Surge|[of] p2b: Rillaboom
|turn|1
|
|t:|1756176980
|-terastallize|p1a: BIRDDD|Ghost
|-terastallize|p2a: Dragonite|Fairy
|move|p2b: Rillaboom|Fake Out|p1a: BIRDDD
|-immune|p1a: BIRDDD
|move|p1a: BIRDDD|Dual Wingbeat|p2b: Rillaboom|[miss]
|-miss|p1a: BIRDDD|p2b: Rillaboom
|move|p1b: tank this|Dragon Darts|p2b: Rillaboom
|-damage|p2b: Rillaboom|65/100
|-anim|p1b: tank this|Dragon Darts|p2b: Rillaboom
|-damage|p2b: Rillaboom|26/100
|move|p2a: Dragonite|Scale Shot|p1b: tank this
|-supereffective|p1b: tank this
|-damage|p1b: tank this|59/100
|-supereffective|p1b: tank this
|-damage|p1b: tank this|18/100
|-supereffective|p1b: tank this
|-damage|p1b: tank this|0 fnt
|faint|p1b: tank this
|-hitcount|p1: tank this|3
|-unboost|p2a: Dragonite|def|1
|-boost|p2a: Dragonite|spe|1
|
|-heal|p2b: Rillaboom|32/100|[from] Grassy Terrain
|upkeep
|
|t:|1756176993
|switch|p1b: im just sand|Excadrill, L50, F, shiny|100/100
|turn|2
|
|t:|1756177023
|move|p1a: BIRDDD|Tailwind|p1a: BIRDDD
|-sidestart|p1: randomguy1114s|move: Tailwind
|move|p2b: Rillaboom|Grassy Glide|p1b: im just sand
|-damage|p1b: im just sand|45/100
|move|p1b: im just sand|Iron Head|p2a: Dragonite
|-supereffective|p2a: Dragonite
|-damage|p2a: Dragonite|14/100
|move|p2a: Dragonite|Scale Shot|p1a: BIRDDD
|-damage|p1a: BIRDDD|78/100
|-damage|p1a: BIRDDD|56/100
|-damage|p1a: BIRDDD|33/100
|-damage|p1a: BIRDDD|11/100
|-hitcount|p1a: BIRDDD|4
|-unboost|p2a: Dragonite|def|1
|-boost|p2a: Dragonite|spe|1
|
|-heal|p1a: BIRDDD|17/100|[from] Grassy Terrain
|-heal|p1b: im just sand|51/100|[from] Grassy Terrain
|-heal|p2a: Dragonite|20/100|[from] Grassy Terrain
|-heal|p2b: Rillaboom|38/100|[from] Grassy Terrain
|upkeep
|turn|3
|
|t:|1756177047
|move|p2a: Dragonite|Protect|p2a: Dragonite
|-singleturn|p2a: Dragonite|Protect
|move|p1a: BIRDDD|Dual Wingbeat|p2b: Rillaboom
|-supereffective|p2b: Rillaboom
|-damage|p2b: Rillaboom|0 fnt
|faint|p2b: Rillaboom
|-hitcount|p2: Rillaboom|1
|move|p1b: im just sand|Earthquake|p2a: Dragonite|[spread] p1a
|-activate|p2a: Dragonite|move: Protect
|-damage|p1a: BIRDDD|0 fnt
|faint|p1a: BIRDDD
|
|-heal|p1b: im just sand|57/100|[from] Grassy Terrain
|-heal|p2a: Dragonite|26/100|[from] Grassy Terrain
|upkeep
|
|t:|1756177065
|switch|p1a: the tank|Tyranitar, L50, M, shiny|100/100
|switch|p2b: Incineroar|Incineroar, L50, F|100/100
|-weather|Sandstorm|[from] ability: Sand Stream|[of] p1a: the tank
|-ability|p2b: Incineroar|Intimidate|boost
|-unboost|p1a: the tank|atk|1
|-unboost|p1b: im just sand|atk|1
|turn|4
|
|t:|1756177089
|move|p2b: Incineroar|Fake Out|p1a: the tank
|-resisted|p1a: the tank
|-damage|p1a: the tank|96/100
|move|p1b: im just sand|Iron Head|p2a: Dragonite
|-supereffective|p2a: Dragonite
|-damage|p2a: Dragonite|0 fnt
|faint|p2a: Dragonite
|cant|p1a: the tank|flinch
|
|-weather|Sandstorm|[upkeep]
|-damage|p2b: Incineroar|95/100|[from] Sandstorm
|-heal|p1b: im just sand|63/100|[from] Grassy Terrain
|-heal|p1a: the tank|100/100|[from] Grassy Terrain
|-heal|p2b: Incineroar|100/100|[from] Grassy Terrain
|upkeep
|
|t:|1756177095
|switch|p2a: Gholdengo|Gholdengo, L50|100/100
|turn|5
|
|t:|1756177124
|move|p1b: im just sand|High Horsepower|p2b: Incineroar
|-supereffective|p2b: Incineroar
|-damage|p2b: Incineroar|34/100
|-enditem|p2b: Incineroar|Sitrus Berry|[eat]
|-heal|p2b: Incineroar|59/100|[from] item: Sitrus Berry
|move|p1a: the tank|Rock Slide|p2b: Incineroar|[spread] p2a
|-miss|p1a: the tank|p2b: Incineroar
|-resisted|p2a: Gholdengo
|-damage|p2a: Gholdengo|90/100
|cant|p2a: Gholdengo|flinch
|move|p2b: Incineroar|Parting Shot|p1b: im just sand
|-unboost|p1b: im just sand|atk|1
|-unboost|p1b: im just sand|spa|1
|
|-weather|Sandstorm|[upkeep]
|-damage|p2b: Incineroar|53/100|[from] Sandstorm
|-heal|p1b: im just sand|69/100|[from] Grassy Terrain
|-heal|p2a: Gholdengo|96/100|[from] Grassy Terrain
|-heal|p2b: Incineroar|59/100|[from] Grassy Terrain
|-sideend|p1: randomguy1114s|move: Tailwind
|-fieldend|move: Grassy Terrain
|upkeep
|turn|6
|
|t:|1756177145
|move|p1b: im just sand|High Horsepower|p2a: Gholdengo
|-supereffective|p2a: Gholdengo
|-damage|p2a: Gholdengo|41/100
|move|p2a: Gholdengo|Nasty Plot|p2a: Gholdengo
|-boost|p2a: Gholdengo|spa|2
|move|p1a: the tank|Knock Off|p2a: Gholdengo
|-supereffective|p2a: Gholdengo
|-damage|p2a: Gholdengo|0 fnt
|-enditem|p2a: Gholdengo|Life Orb|[from] move: Knock Off|[of] p1a: the tank
|faint|p2a: Gholdengo
|move|p2b: Incineroar|Parting Shot|p1a: the tank
|-unboost|p1a: the tank|atk|1
|-unboost|p1a: the tank|spa|1
|
|-weather|Sandstorm|[upkeep]
|-damage|p2b: Incineroar|53/100|[from] Sandstorm
|upkeep
|turn|7
|
|t:|1756177159
|move|p1b: im just sand|High Horsepower|p2b: Incineroar
|-supereffective|p2b: Incineroar
|-damage|p2b: Incineroar|5/100
|move|p1a: the tank|Rock Slide|p2b: Incineroar
|-supereffective|p2b: Incineroar
|-damage|p2b: Incineroar|0 fnt
|faint|p2b: Incineroar
|
|win|randomguy1114s
||pastapastayumyum is ready for game 3.
