|j|☆crystal pratice
|j|☆Venonzinha
|html|crystal praticeVenonzinha    
|uhtml|bestof|Game 3 of a best-of-3
|t:|1782740952
|gametype|doubles
|player|p1|crystal pratice|barry|
|player|p2|Venonzinha|dawn-gen4pt|
|gen|9
|tier|[Gen 9 Champions] VGC 2026 Reg M-B (Bo3)
|rule|Species Clause: Limit one of each Pokémon
|rule|Item Clause: Limit 1 of each item
|clearpoke
|poke|p1|Gengar, L50, F|
|poke|p1|Sableye, L50, F|
|poke|p1|Incineroar, L50, F|
|poke|p1|Politoed, L50, F|
|poke|p1|Archaludon, L50, M|
|poke|p1|Toxapex, L50, F|
|poke|p2|Charizard, L50, F|
|poke|p2|Sneasler, L50, F|
|poke|p2|Incineroar, L50, M|
|poke|p2|Basculegion, L50, M|
|poke|p2|Whimsicott, L50, F|
|poke|p2|Aegislash, L50, F|
|teampreview|4
|showteam|p1|Gengar||Gengarite|CursedBody|Taunt,Disable,PerishSong,Protect|Timid||F|||50|]Sableye||FocusSash|Prankster|Encore,FakeOut,Disable,Protect|Bold||F|||50|]Incineroar||SitrusBerry|Intimidate|FakeOut,FlareBlitz,PartingShot,ThroatChop|Impish||F|||50|]Politoed||MentalHerb|Drizzle|WeatherBall,PerishSong,Encore,Protect|Modest||F|||50|]Archaludon||Magnet|Sturdy|ElectroShot,FlashCannon,Protect,Reflect|Modest||M|||50|]Toxapex||Leftovers|Regenerator|Lunge,Protect,LightScreen,WideGuard|Brave||F|||50|
|showteam|p2|Charizard||CharizarditeY|Blaze|HeatWave,SolarBeam,Protect,WeatherBall|Timid||F|||50|]Sneasler||WhiteHerb|Unburden|CloseCombat,FakeOut,DireClaw,Protect|Jolly||F|||50|]Incineroar||SitrusBerry|Intimidate|FakeOut,DarkestLariat,FlareBlitz,Protect|Adamant||M|||50|]Basculegion||ChoiceScarf|MoldBreaker|AquaJet,LastRespects,WaveCrash,FlipTurn|Adamant||M|||50|]Whimsicott||MentalHerb|Prankster|Moonblast,Protect,Tailwind,Encore|Timid||F|||50|]Aegislash||FocusSash|StanceChange|RockSlide,IronHead,WideGuard,Protect|Adamant||F|||50|
|
|t:|1782741012
|teamsize|p1|4
|teamsize|p2|4
|start
|switch|p1a: Incineroar|Incineroar, L50, F|100/100
|switch|p1b: Sableye|Sableye, L50, F|100/100
|switch|p2a: Charizard|Charizard, L50, F|100/100
|switch|p2b: Whimsicott|Whimsicott, L50, F|100/100
|-ability|p1a: Incineroar|Intimidate|boost
|-unboost|p2a: Charizard|atk|1
|-unboost|p2b: Whimsicott|atk|1
|turn|1
|
|t:|1782741039
|detailschange|p2a: Charizard|Charizard-Mega-Y, L50, F
|-mega|p2a: Charizard|Charizard|Charizardite Y
|-weather|SunnyDay|[from] ability: Drought|[of] p2a: Charizard
|move|p1b: Sableye|Protect|p1b: Sableye
|-singleturn|p1b: Sableye|Protect
|move|p1a: Incineroar|Fake Out|p2b: Whimsicott
|-damage|p2b: Whimsicott|84/100
|cant|p2b: Whimsicott|flinch
|move|p2a: Charizard|Weather Ball|p1a: Incineroar
|-resisted|p1a: Incineroar|1
|-damage|p1a: Incineroar|61/100
|
|-weather|SunnyDay|[upkeep]
|upkeep
|turn|2
|
|t:|1782741065
|move|p1b: Sableye|Encore|p2a: Charizard
|-start|p2a: Charizard|Encore
|move|p2b: Whimsicott|Moonblast|p1b: Sableye
|-supereffective|p1b: Sableye|1
|-damage|p1b: Sableye|26/100
|-unboost|p1b: Sableye|spa|1
|move|p2a: Charizard|Weather Ball|p1a: Incineroar
|-resisted|p1a: Incineroar|1
|-damage|p1a: Incineroar|19/100
|-enditem|p1a: Incineroar|Sitrus Berry|[eat]
|-heal|p1a: Incineroar|44/100|[from] item: Sitrus Berry
|move|p1a: Incineroar|Flare Blitz|p2b: Whimsicott
|-supereffective|p2b: Whimsicott|1
|-damage|p2b: Whimsicott|0 fnt
|faint|p2b: Whimsicott
|-damage|p1a: Incineroar|23/100|[from] Recoil
|
|-weather|SunnyDay|[upkeep]
|upkeep
|
|t:|1782741084
|switch|p2b: Incineroar|Incineroar, L50, M|100/100
|-ability|p2b: Incineroar|Intimidate|boost
|-unboost|p1a: Incineroar|atk|1
|-unboost|p1b: Sableye|atk|1
|turn|3
|
|t:|1782741101
|switch|p1a: Gengar|Gengar, L50, F|100/100
|move|p2b: Incineroar|Fake Out|p1a: Gengar
|-immune|p1a: Gengar
|move|p1b: Sableye|Disable|p2a: Charizard
|-start|p2a: Charizard|Disable|Weather Ball
|cant|p2a: Charizard|Disable|Weather Ball
|
|-weather|SunnyDay|[upkeep]
|upkeep
|turn|4
|
|t:|1782741134
|switch|p2a: Aegislash|Aegislash, L50, F|100/100
|switch|p1b: Toxapex|Toxapex, L50, F|100/100
|detailschange|p1a: Gengar|Gengar-Mega, L50, F
|-mega|p1a: Gengar|Gengar|Gengarite
|move|p1a: Gengar|Perish Song|p1a: Gengar
|-start|p1a: Gengar|perish3|[silent]
|-start|p1b: Toxapex|perish3|[silent]
|-start|p2a: Aegislash|perish3|[silent]
|-start|p2b: Incineroar|perish3|[silent]
|-fieldactivate|move: Perish Song
|move|p2b: Incineroar|Flare Blitz|p1b: Toxapex
|-resisted|p1b: Toxapex|1
|-damage|p1b: Toxapex|64/100
|-damage|p2b: Incineroar|90/100|[from] Recoil
|
|-weather|SunnyDay|[upkeep]
|-heal|p1b: Toxapex|70/100|[from] item: Leftovers
|-start|p1a: Gengar|perish3
|-start|p2a: Aegislash|perish3
|-start|p2b: Incineroar|perish3
|-start|p1b: Toxapex|perish3
|upkeep
|turn|5
|
|t:|1782741160
|move|p1a: Gengar|Protect|p1a: Gengar
|-singleturn|p1a: Gengar|Protect
|-formechange|p2a: Aegislash|Aegislash-Blade|
|move|p2a: Aegislash|Iron Head|p1a: Gengar
|-activate|p1a: Gengar|move: Protect
|move|p2b: Incineroar|Darkest Lariat|p1a: Gengar
|-activate|p1a: Gengar|move: Protect
|move|p1b: Toxapex|Lunge|p2b: Incineroar
|-damage|p2b: Incineroar|72/100
|-unboost|p2b: Incineroar|atk|1
|
|-weather|none
|-heal|p1b: Toxapex|75/100|[from] item: Leftovers
|-start|p1a: Gengar|perish2
|-start|p2a: Aegislash|perish2
|-start|p2b: Incineroar|perish2
|-start|p1b: Toxapex|perish2
|upkeep
|turn|6
|
|t:|1782741216
|move|p1a: Gengar|Disable|p2a: Aegislash
|-start|p2a: Aegislash|Disable|Iron Head
|cant|p2a: Aegislash|Disable|Iron Head
|move|p2b: Incineroar|Darkest Lariat|p1a: Gengar
|-supereffective|p1a: Gengar|1
|-damage|p1a: Gengar|22/100
|move|p1b: Toxapex|Lunge|p2b: Incineroar
|-damage|p2b: Incineroar|57/100
|-unboost|p2b: Incineroar|atk|1
|
|-heal|p1b: Toxapex|81/100|[from] item: Leftovers
|-start|p1a: Gengar|perish1
|-start|p2a: Aegislash|perish1
|-start|p2b: Incineroar|perish1
|-start|p1b: Toxapex|perish1
|upkeep
|turn|7
|
|t:|1782741262
|switch|p1a: Incineroar|Incineroar, L50, F|23/100
|-ability|p1a: Incineroar|Intimidate|boost
|-unboost|p2a: Aegislash|atk|1
|-unboost|p2b: Incineroar|atk|1
|switch|p2a: Charizard|Charizard-Mega-Y, L50, F|100/100
|-weather|SunnyDay|[from] ability: Drought|[of] p2a: Charizard
|-heal|p1b: Toxapex|100/100|[from] ability: Regenerator|[silent]
|switch|p1b: Sableye|Sableye, L50, F|26/100
|move|p2b: Incineroar|Darkest Lariat|p1a: Incineroar
|-resisted|p1a: Incineroar|1
|-damage|p1a: Incineroar|17/100
|
|-weather|SunnyDay|[upkeep]
|-start|p2b: Incineroar|perish0
|upkeep
|faint|p2b: Incineroar
|
|t:|1782741277
|switch|p2b: Aegislash|Aegislash, L50, F|100/100
|turn|8
|
|t:|1782741291
|move|p1b: Sableye|Protect|p1b: Sableye
|-singleturn|p1b: Sableye|Protect
|move|p1a: Incineroar|Fake Out|p2a: Charizard
|-damage|p2a: Charizard|86/100
|cant|p2a: Charizard|flinch
|-formechange|p2b: Aegislash|Aegislash-Blade|
|move|p2b: Aegislash|Rock Slide|p1a: Incineroar|[spread] p1a
|-activate|p1b: Sableye|move: Protect
|-supereffective|p1a: Incineroar|1
|-damage|p1a: Incineroar|0 fnt
|faint|p1a: Incineroar
|
|-weather|SunnyDay|[upkeep]
|upkeep
|
|t:|1782741311
|switch|p1a: Toxapex|Toxapex, L50, F|100/100
|turn|9
|
|t:|1782741329
|move|p2b: Aegislash|Wide Guard|p2b: Aegislash
|-singleturn|p2b: Aegislash|Wide Guard
|move|p1a: Toxapex|Wide Guard|p1a: Toxapex
|-singleturn|p1a: Toxapex|Wide Guard
|move|p1b: Sableye|Disable||[still]
|-fail|p1b: Sableye
|move|p2a: Charizard|Solar Beam||[still]
|-prepare|p2a: Charizard|Solar Beam
|-anim|p2a: Charizard|Solar Beam|p1a: Toxapex
|-damage|p1a: Toxapex|59/100
|
|-weather|SunnyDay|[upkeep]
|-heal|p1a: Toxapex|64/100|[from] item: Leftovers
|upkeep
|turn|10
|
|t:|1782741362
|move|p1a: Toxapex|Protect|p1a: Toxapex
|-singleturn|p1a: Toxapex|Protect
|move|p1b: Sableye|Encore|p2b: Aegislash
|-start|p2b: Aegislash|Encore
|move|p2b: Aegislash|Wide Guard|p2b: Aegislash
|-singleturn|p2b: Aegislash|Wide Guard
|move|p2a: Charizard|Solar Beam||[still]
|-prepare|p2a: Charizard|Solar Beam
|-anim|p2a: Charizard|Solar Beam|p1a: Toxapex
|-activate|p1a: Toxapex|move: Protect
|
|-weather|SunnyDay|[upkeep]
|-heal|p1a: Toxapex|70/100|[from] item: Leftovers
|upkeep
|turn|11
|
|t:|1782741381
|move|p2b: Aegislash|Wide Guard|p2b: Aegislash
|-singleturn|p2b: Aegislash|Wide Guard
|move|p1b: Sableye|Disable|p2a: Charizard
|-start|p2a: Charizard|Disable|Solar Beam
|cant|p2a: Charizard|Disable|Solar Beam
|move|p1a: Toxapex|Lunge|p2a: Charizard
|-resisted|p2a: Charizard|2
|-damage|p2a: Charizard|80/100
|-unboost|p2a: Charizard|atk|1
|
|-weather|none
|-heal|p1a: Toxapex|76/100|[from] item: Leftovers
|upkeep
|turn|12
|
|t:|1782741410
|move|p2b: Aegislash|Wide Guard|p2b: Aegislash
|-singleturn|p2b: Aegislash|Wide Guard
|move|p1b: Sableye|Encore|p2a: Charizard
|-start|p2a: Charizard|Encore
|cant|p2a: Charizard|Disable|Solar Beam
|move|p1a: Toxapex|Lunge|p2b: Aegislash
|-resisted|p2b: Aegislash|2
|-damage|p2b: Aegislash|90/100
|-unboost|p2b: Aegislash|atk|1
|
|-heal|p1a: Toxapex|82/100|[from] item: Leftovers
|-end|p2b: Aegislash|Encore
|upkeep
|turn|13
|
|t:|1782741431
|move|p1b: Sableye|Protect|p1b: Sableye
|-singleturn|p1b: Sableye|Protect
|-activate|p2a: Charizard|move: Struggle
|move|p2a: Charizard|Struggle|p1a: Toxapex
|-damage|p1a: Toxapex|76/100
|-damage|p2a: Charizard|55/100|[from] recoil
|move|p2b: Aegislash|Rock Slide|p1a: Toxapex|[spread] 
|-activate|p1b: Sableye|move: Protect
|-miss|p2b: Aegislash|p1a: Toxapex
|move|p1a: Toxapex|Lunge|p2b: Aegislash
|-resisted|p2b: Aegislash|2
|-damage|p2b: Aegislash|81/100
|-unboost|p2b: Aegislash|atk|1
|
|-heal|p1a: Toxapex|82/100|[from] item: Leftovers
|upkeep
|turn|14
|
|t:|1782741460
|move|p1a: Toxapex|Wide Guard|p1a: Toxapex
|-singleturn|p1a: Toxapex|Wide Guard
|move|p1b: Sableye|Encore|p2b: Aegislash
|-start|p2b: Aegislash|Encore
|-activate|p2a: Charizard|move: Struggle
|move|p2a: Charizard|Struggle|p1b: Sableye
|-damage|p1b: Sableye|15/100
|-damage|p2a: Charizard|30/100|[from] recoil
|move|p2b: Aegislash|Rock Slide|p1b: Sableye|[spread] 
|-activate|p1a: Toxapex|move: Wide Guard
|-activate|p1b: Sableye|move: Wide Guard
|
|-heal|p1a: Toxapex|87/100|[from] item: Leftovers
|-end|p2a: Charizard|Encore
|-end|p2a: Charizard|Disable
|upkeep
|turn|15
|
|t:|1782741488
|move|p1a: Toxapex|Wide Guard|p1a: Toxapex
|-singleturn|p1a: Toxapex|Wide Guard
|move|p1b: Sableye|Disable|p2b: Aegislash
|-start|p2b: Aegislash|Disable|Rock Slide
|move|p2a: Charizard|Solar Beam||[still]
|-prepare|p2a: Charizard|Solar Beam
|cant|p2b: Aegislash|Disable|Rock Slide
|
|-heal|p1a: Toxapex|93/100|[from] item: Leftovers
|upkeep
|turn|16
|
|t:|1782741505
|move|p1b: Sableye|Disable|p2a: Charizard
|-start|p2a: Charizard|Disable|Solar Beam
|cant|p2a: Charizard|Disable|Solar Beam
|-activate|p2b: Aegislash|move: Struggle
|move|p2b: Aegislash|Struggle|p1b: Sableye
|-damage|p1b: Sableye|1/100
|-damage|p2b: Aegislash|56/100|[from] recoil
|move|p1a: Toxapex|Lunge|p2b: Aegislash
|-resisted|p2b: Aegislash|2
|-damage|p2b: Aegislash|45/100
|-unboost|p2b: Aegislash|atk|1
|
|-heal|p1a: Toxapex|99/100|[from] item: Leftovers
|-end|p2b: Aegislash|Encore
|upkeep
|turn|17
|
|t:|1782741532
|move|p1b: Sableye|Encore|p2a: Charizard
|-start|p2a: Charizard|Encore
|cant|p2a: Charizard|Disable|Solar Beam
|move|p2b: Aegislash|Iron Head|p1b: Sableye
|-damage|p1b: Sableye|0 fnt
|faint|p1b: Sableye
|move|p1a: Toxapex|Lunge|p2b: Aegislash
|-resisted|p2b: Aegislash|2
|-damage|p2b: Aegislash|36/100
|-unboost|p2b: Aegislash|atk|1
|
|-heal|p1a: Toxapex|100/100|[from] item: Leftovers
|upkeep
|
|t:|1782741546
|switch|p1b: Gengar|Gengar-Mega, L50, F|22/100
|turn|18
|
|t:|1782741557
|move|p1b: Gengar|Protect|p1b: Gengar
|-singleturn|p1b: Gengar|Protect
|-activate|p2a: Charizard|move: Struggle
|move|p2a: Charizard|Struggle|p1a: Toxapex
|-damage|p1a: Toxapex|93/100
|-damage|p2a: Charizard|5/100|[from] recoil
|move|p2b: Aegislash|Iron Head|p1b: Gengar
|-activate|p1b: Gengar|move: Protect
|move|p1a: Toxapex|Lunge|p2b: Aegislash
|-resisted|p2b: Aegislash|2
|-damage|p2b: Aegislash|26/100
|-unboost|p2b: Aegislash|atk|1
|
|-heal|p1a: Toxapex|99/100|[from] item: Leftovers
|-end|p2b: Aegislash|Disable
|upkeep
|turn|19
|
|t:|1782741608
|move|p1a: Toxapex|Wide Guard|p1a: Toxapex
|-singleturn|p1a: Toxapex|Wide Guard
|move|p1b: Gengar|Taunt|p2b: Aegislash
|-start|p2b: Aegislash|move: Taunt
|-activate|p2a: Charizard|move: Struggle
|move|p2a: Charizard|Struggle|p1b: Gengar
|-damage|p1b: Gengar|11/100
|-damage|p2a: Charizard|0 fnt|[from] recoil
|faint|p2a: Charizard
|move|p2b: Aegislash|Iron Head|p1b: Gengar
|-damage|p1b: Gengar|0 fnt
|faint|p1b: Gengar
|
|-heal|p1a: Toxapex|100/100|[from] item: Leftovers
|upkeep
|turn|20
|
|t:|1782741628
|move|p2b: Aegislash|Rock Slide|p1a: Toxapex
|-damage|p1a: Toxapex|92/100
|move|p1a: Toxapex|Lunge|p2b: Aegislash
|-resisted|p2b: Aegislash|2
|-damage|p2b: Aegislash|18/100
|-unboost|p2b: Aegislash|atk|1
|
|-heal|p1a: Toxapex|98/100|[from] item: Leftovers
|upkeep
|turn|21
|
|t:|1782741640
|move|p2b: Aegislash|Rock Slide|p1a: Toxapex
|-damage|p1a: Toxapex|92/100
|move|p1a: Toxapex|Lunge|p2b: Aegislash
|-resisted|p2b: Aegislash|2
|-damage|p2b: Aegislash|9/100
|
|-heal|p1a: Toxapex|98/100|[from] item: Leftovers
|-end|p2b: Aegislash|move: Taunt
|upkeep
|turn|22
|
|t:|1782741650
|move|p2b: Aegislash|Protect|p2b: Aegislash
|-singleturn|p2b: Aegislash|Protect
|move|p1a: Toxapex|Lunge|p2b: Aegislash
|-activate|p2b: Aegislash|move: Protect
|
|-heal|p1a: Toxapex|100/100|[from] item: Leftovers
|upkeep
|turn|23
|
|t:|1782741661
|move|p2b: Aegislash|Iron Head|p2: Charizard|[notarget]
|-fail|p2b: Aegislash
|move|p1a: Toxapex|Lunge|p2b: Aegislash
|-resisted|p2b: Aegislash|2
|-damage|p2b: Aegislash|0 fnt
|faint|p2b: Aegislash
|
|win|crystal pratice
|l|☆Venonzinha
|player|p2|
