|j|☆PizzaSanwitch
|j|☆newtopokemonteehee
|html|PizzaSanwitchnewtopokemonteehee    
|uhtml|bestof|Game 1 of a best-of-3
|t:|1783555643
|gametype|doubles
|player|p1|PizzaSanwitch|2|1000
|player|p2|newtopokemonteehee|170|1117
|gen|9
|tier|[Gen 9 Champions] VGC 2026 Reg M-B (Bo3)
|rated|
|rule|Species Clause: Limit one of each Pokémon
|rule|Item Clause: Limit 1 of each item
|clearpoke
|poke|p1|Pelipper, L50, M|
|poke|p1|Archaludon, L50, M|
|poke|p1|Swampert, L50, M|
|poke|p1|Venusaur, L50, M|
|poke|p1|Basculegion, L50, M|
|poke|p1|Grimmsnarl, L50, M|
|poke|p2|Basculegion, L50, M|
|poke|p2|Spiritomb, L50, F|
|poke|p2|Conkeldurr, L50, M|
|poke|p2|Mawile, L50, M|
|poke|p2|Aegislash, L50, F|
|poke|p2|Dragonite, L50, F|
|teampreview|4
|showteam|p1|Pelipper||FocusSash|Drizzle|WeatherBall,Hurricane,Tailwind,Protect|Modest||M|||50|]Archaludon||Leftovers|Stamina|ElectroShot,FlashCannon,DragonPulse,Protect|Modest||M|||50|]Swampert||Swampertite|Damp|WaveCrash,Earthquake,IcePunch,Protect|Adamant||M|||50|]Venusaur||Venusaurite|Chlorophyll|GigaDrain,SludgeBomb,EarthPower,Protect|Modest||M|||50|]Basculegion||ChoiceScarf|Adaptability|WaveCrash,LastRespects,AquaJet,FlipTurn|Jolly||M|||50|]Grimmsnarl||LightClay|Prankster|SpiritBreak,Reflect,LightScreen,PartingShot|Careful||M|||50|
|showteam|p2|Basculegion||ChoiceScarf|Adaptability|LastRespects,FlipTurn,WaveCrash,IceFang|Jolly||M|||50|]Spiritomb||RoseliBerry|Infiltrator|TrickRoom,DestinyBond,WillOWisp,DarkPulse|Relaxed||F|||50|]Conkeldurr||LifeOrb|Guts|DrainPunch,MachPunch,RockSlide,Protect|Relaxed||M|||50|]Mawile||Mawilite|HyperCutter|PlayRough,SwordsDance,IronHead,Protect|Brave||M|||50|]Aegislash||Leftovers|StanceChange|WideGuard,ShadowBall,RainDance,KingsShield|Quiet||F|||50|]Dragonite||Dragoninite|InnerFocus|IceBeam,Protect,DracoMeteor,ThunderWave|Serious||F|||50|
|inactive|Battle timer is ON: inactive players will automatically lose when time's up. (requested by newtopokemonteehee)
|inactive|PizzaSanwitch has 60 seconds left.
|inactive|PizzaSanwitch has 30 seconds left.
|inactive|PizzaSanwitch has 20 seconds left.
|
|t:|1783555772
|teamsize|p1|4
|teamsize|p2|4
|start
|switch|p1a: Grimmsnarl|Grimmsnarl, L50, M|100/100
|switch|p1b: Venusaur|Venusaur, L50, M|100/100
|switch|p2a: Basculegion|Basculegion, L50, M|100/100
|switch|p2b: Spiritomb|Spiritomb, L50, F|100/100
|turn|1
|inactive|PizzaSanwitch has 30 seconds left.
|
|t:|1783555799
|detailschange|p1b: Venusaur|Venusaur-Mega, L50, M
|-mega|p1b: Venusaur|Venusaur|Venusaurite
|move|p2a: Basculegion|Flip Turn|p1a: Grimmsnarl
|-damage|p1a: Grimmsnarl|57/100
|
|t:|1783555803
|switch|p2a: Aegislash|Aegislash, L50, F|100/100|[from] Flip Turn
|move|p1b: Venusaur|Earth Power|p2a: Aegislash
|-supereffective|p2a: Aegislash|1
|-damage|p2a: Aegislash|47/100
|move|p1a: Grimmsnarl|Spirit Break|p2a: Aegislash
|-resisted|p2a: Aegislash|1
|-damage|p2a: Aegislash|34/100
|-unboost|p2a: Aegislash|spa|1
|move|p2b: Spiritomb|Trick Room|p2b: Spiritomb
|-fieldstart|move: Trick Room|[of] p2b: Spiritomb
|
|-heal|p2a: Aegislash|40/100|[from] item: Leftovers
|upkeep
|turn|2
|inactive|PizzaSanwitch has 30 seconds left.
|inactive|newtopokemonteehee has 30 seconds left.
|inactive|PizzaSanwitch has 20 seconds left.
|inactive|PizzaSanwitch has 15 seconds left.
|
|t:|1783555845
|move|p2a: Aegislash|King's Shield|p2a: Aegislash
|-singleturn|p2a: Aegislash|Protect
|move|p1a: Grimmsnarl|Parting Shot|p2a: Aegislash
|-unboost|p2a: Aegislash|atk|1
|-unboost|p2a: Aegislash|spa|1
|
|t:|1783555852
|switch|p1a: Archaludon|Archaludon, L50, M|100/100|[from] Parting Shot
|move|p2b: Spiritomb|Dark Pulse|p1b: Venusaur
|-damage|p1b: Venusaur|77/100
|move|p1b: Venusaur|Earth Power|p2b: Spiritomb
|-damage|p2b: Spiritomb|66/100
|
|-heal|p2a: Aegislash|46/100|[from] item: Leftovers
|upkeep
|turn|3
|
|t:|1783555874
|switch|p2a: Basculegion|Basculegion, L50, M|100/100
|switch|p1b: Pelipper|Pelipper, L50, M|100/100
|-weather|RainDance|[from] ability: Drizzle|[of] p1b: Pelipper
|move|p2b: Spiritomb|Dark Pulse|p1b: Pelipper
|-damage|p1b: Pelipper|53/100
|move|p1a: Archaludon|Electro Shot||[still]
|-prepare|p1a: Archaludon|Electro Shot
|-boost|p1a: Archaludon|spa|1
|-anim|p1a: Archaludon|Electro Shot|p2b: Spiritomb
|-damage|p2b: Spiritomb|5/100
|
|-weather|RainDance|[upkeep]
|upkeep
|turn|4
|
|t:|1783555898
|move|p1b: Pelipper|Protect|p1b: Pelipper
|-singleturn|p1b: Pelipper|Protect
|move|p1a: Archaludon|Electro Shot||[still]
|-prepare|p1a: Archaludon|Electro Shot
|-boost|p1a: Archaludon|spa|1
|-anim|p1a: Archaludon|Electro Shot|p2a: Basculegion
|-supereffective|p2a: Basculegion|1
|-damage|p2a: Basculegion|0 fnt
|faint|p2a: Basculegion
|move|p2b: Spiritomb|Trick Room|p2b: Spiritomb
|-fieldend|move: Trick Room
|
|-weather|RainDance|[upkeep]
|upkeep
|c|☆newtopokemonteehee|oops
|
|t:|1783555913
|switch|p2a: Aegislash|Aegislash, L50, F|46/100
|turn|5
|
|t:|1783555924
|move|p2a: Aegislash|Wide Guard|p2a: Aegislash
|-singleturn|p2a: Aegislash|Wide Guard
|move|p1b: Pelipper|Weather Ball|p2b: Spiritomb
|-damage|p2b: Spiritomb|0 fnt
|faint|p2b: Spiritomb
|move|p1a: Archaludon|Electro Shot||[still]
|-prepare|p1a: Archaludon|Electro Shot
|-boost|p1a: Archaludon|spa|1
|-anim|p1a: Archaludon|Electro Shot|p2a: Aegislash
|-damage|p2a: Aegislash|0 fnt
|faint|p2a: Aegislash
|
|-weather|RainDance|[upkeep]
|upkeep
|
|t:|1783555936
|switch|p2b: Dragonite|Dragonite, L50, F|100/100
|turn|6
|
|t:|1783555949
|detailschange|p2b: Dragonite|Dragonite-Mega, L50, F
|-mega|p2b: Dragonite|Dragonite|Dragoninite
|move|p2b: Dragonite|Draco Meteor|p1a: Archaludon
|-damage|p1a: Archaludon|26/100
|-unboost|p2b: Dragonite|spa|2
|-ability|p1a: Archaludon|Stamina|boost
|-boost|p1a: Archaludon|def|1
|move|p1b: Pelipper|Tailwind|p1b: Pelipper
|-sidestart|p1: PizzaSanwitch|move: Tailwind
|move|p1a: Archaludon|Dragon Pulse|p2b: Dragonite
|-supereffective|p2b: Dragonite|1
|-damage|p2b: Dragonite|13/100
|
|-weather|RainDance|[upkeep]
|-heal|p1a: Archaludon|32/100|[from] item: Leftovers
|upkeep
|turn|7
|
|t:|1783555968
|move|p1b: Pelipper|Hurricane|p2b: Dragonite
|-damage|p2b: Dragonite|0 fnt
|faint|p2b: Dragonite
|
|win|PizzaSanwitch
||newtopokemonteehee is ready for game 2.
||PizzaSanwitch is ready for game 2.
|uhtml|next|Next: Game 2 of 3
|l|☆newtopokemonteehee
|player|p2|
