|j|☆QUELON
|j|☆jirkunow
|html|QUELONjirkunow    
|uhtml|bestof|Game 2 of a best-of-3
|t:|1756214587
|gametype|doubles
|player|p1|QUELON|cyrus|1153
|player|p2|jirkunow|1|1102
|gen|9
|tier|[Gen 9] VGC 2025 Reg H (Bo3)
|rated|
|rule|Species Clause: Limit one of each Pokémon
|rule|Item Clause: Limit 1 of each item
|clearpoke
|poke|p1|Gholdengo, L50|
|poke|p1|Sneasler, L50, F|
|poke|p1|Incineroar, L50, F|
|poke|p1|Amoonguss, L50, F|
|poke|p1|Dragonite, L50, M|
|poke|p1|Ursaluna-Bloodmoon, L50, M|
|poke|p2|Sneasler, L50, M|
|poke|p2|Gholdengo, L50|
|poke|p2|Rillaboom, L50, F|
|poke|p2|Incineroar, L50, F|
|poke|p2|Ursaluna, L50, F|
|poke|p2|Electabuzz, L50, M|
|teampreview|4
|showteam|p1|Gholdengo||LifeOrb|GoodasGold|MakeItRain,ShadowBall,NastyPlot,Protect||||||50|,,,,,Steel]Sneasler||FocusSash|PoisonTouch|FakeOut,CloseCombat,DireClaw,Protect|||F|||50|,,,,,Stellar]Incineroar||SafetyGoggles|Intimidate|FakeOut,FlareBlitz,KnockOff,PartingShot|||F|||50|,,,,,Ghost]Amoonguss||SitrusBerry|Regenerator|Spore,RagePowder,SludgeBomb,Protect|||F|||50|,,,,,Water]Dragonite||LoadedDice|Multiscale|ScaleShot,Haze,Tailwind,ExtremeSpeed|||M|||50|,,,,,Fairy]Ursaluna-Bloodmoon||AssaultVest|MindsEye|HyperVoice,BloodMoon,EarthPower,VacuumWave|||M|||50|,,,,,Normal
|showteam|p2|Sneasler||WhiteHerb|Unburden|Protect,CloseCombat,Taunt,DireClaw|||M|||50|,,,,,Fighting]Gholdengo||LifeOrb|GoodasGold|MakeItRain,Protect,ShadowBall,NastyPlot||||||50|,,,,,Water]Rillaboom||AssaultVest|GrassySurge|Uturn,GrassyGlide,FakeOut,DrumBeating|||F|||50|,,,,,Fire]Incineroar||SafetyGoggles|Intimidate|FakeOut,WillOWisp,PartingShot,KnockOff|||F|||50|,,,,,Ghost]Ursaluna||FlameOrb|Guts|DrainPunch,HeadlongRush,Facade,Protect|||F|||50|,,,,,Normal]Electabuzz||Eviolite|Static|Electroweb,FollowMe,Protect,HelpingHand|||M|||50|,,,,,Flying
|
|t:|1756214651
|teamsize|p1|4
|teamsize|p2|4
|start
|switch|p1a: Incineroar|Incineroar, L50, F, shiny|100/100
|switch|p1b: Gholdengo|Gholdengo, L50|100/100
|switch|p2a: Gholdengo|Gholdengo, L50|100/100
|switch|p2b: Incineroar|Incineroar, L50, F|100/100
|-ability|p2b: Incineroar|Intimidate|boost
|-unboost|p1a: Incineroar|atk|1
|-unboost|p1b: Gholdengo|atk|1
|-ability|p1a: Incineroar|Intimidate|boost
|-unboost|p2a: Gholdengo|atk|1
|-unboost|p2b: Incineroar|atk|1
|turn|1
|inactive|Battle timer is ON: inactive players will automatically lose when time's up. (requested by jirkunow)
|l|☆jirkunow
|inactive|jirkunow disconnected and has a minute to reconnect!
|player|p2|
|
|t:|1756214721
|-terastallize|p1b: Gholdengo|Steel
|-terastallize|p2a: Gholdengo|Water
|move|p2b: Incineroar|Fake Out|p1a: Incineroar
|-damage|p1a: Incineroar|94/100
|move|p1b: Gholdengo|Shadow Ball|p2a: Gholdengo
|-damage|p2a: Gholdengo|47/100
|-damage|p1b: Gholdengo|91/100|[from] item: Life Orb
|move|p2a: Gholdengo|Nasty Plot|p2a: Gholdengo
|-boost|p2a: Gholdengo|spa|2
|cant|p1a: Incineroar|flinch
|
|upkeep
|turn|2
|j|☆jirkunow
|inactive|jirkunow reconnected and has 50 seconds left.
|player|p2|jirkunow|1|
|inactive|QUELON has 30 seconds left.
|inactive|QUELON has 20 seconds left.
|
|t:|1756214757
|switch|p2b: Rillaboom|Rillaboom, L50, F|100/100
|-fieldstart|move: Grassy Terrain|[from] ability: Grassy Surge|[of] p2b: Rillaboom
|move|p1b: Gholdengo|Protect|p1b: Gholdengo
|-singleturn|p1b: Gholdengo|Protect
|move|p2a: Gholdengo|Protect|p2a: Gholdengo
|-singleturn|p2a: Gholdengo|Protect
|move|p1a: Incineroar|Parting Shot|p2b: Rillaboom
|-unboost|p2b: Rillaboom|atk|1
|-unboost|p2b: Rillaboom|spa|1
|
|t:|1756214766
|switch|p1a: Sneasler|Sneasler, L50, F|100/100|[from] Parting Shot
|
|-heal|p1b: Gholdengo|97/100|[from] Grassy Terrain
|-heal|p2a: Gholdengo|53/100|[from] Grassy Terrain
|upkeep
|turn|3
|inactive|jirkunow has 30 seconds left.
|inactive|jirkunow has 20 seconds left.
|
|t:|1756214801
|move|p1a: Sneasler|Fake Out|p2b: Rillaboom
|-damage|p2b: Rillaboom|87/100
|-status|p2b: Rillaboom|psn|[from] ability: Poison Touch|[of] p1a: Sneasler
|cant|p2b: Rillaboom|flinch
|move|p1b: Gholdengo|Shadow Ball|p2a: Gholdengo
|-damage|p2a: Gholdengo|0 fnt
|faint|p2a: Gholdengo
|-damage|p1b: Gholdengo|87/100|[from] item: Life Orb
|
|-heal|p1b: Gholdengo|93/100|[from] Grassy Terrain
|-heal|p2b: Rillaboom|93/100 psn|[from] Grassy Terrain
|-damage|p2b: Rillaboom|81/100 psn|[from] psn
|upkeep
|
|t:|1756214810
|switch|p2a: Incineroar|Incineroar, L50, F|100/100
|-ability|p2a: Incineroar|Intimidate|boost
|-unboost|p1a: Sneasler|atk|1
|-unboost|p1b: Gholdengo|atk|1
|turn|4
|
|t:|1756214833
|switch|p1a: Incineroar|Incineroar, L50, F, shiny|94/100
|-ability|p1a: Incineroar|Intimidate|boost
|-unboost|p2a: Incineroar|atk|1
|-unboost|p2b: Rillaboom|atk|1
|move|p1b: Gholdengo|Nasty Plot|p1b: Gholdengo
|-boost|p1b: Gholdengo|spa|2
|move|p2a: Incineroar|Parting Shot|p1a: Incineroar
|-unboost|p1a: Incineroar|atk|1
|-unboost|p1a: Incineroar|spa|1
|
|t:|1756214843
|switch|p2a: Sneasler|Sneasler, L50, M|100/100|[from] Parting Shot
|move|p2b: Rillaboom|U-turn|p1b: Gholdengo
|-resisted|p1b: Gholdengo
|-damage|p1b: Gholdengo|86/100
|
|t:|1756214849
|switch|p2b: Incineroar|Incineroar, L50, F|100/100|[from] U-turn
|-ability|p2b: Incineroar|Intimidate|boost
|-unboost|p1a: Incineroar|atk|1
|-unboost|p1b: Gholdengo|atk|1
|
|-heal|p1b: Gholdengo|92/100|[from] Grassy Terrain
|-heal|p1a: Incineroar|99/100|[from] Grassy Terrain
|upkeep
|turn|5
|inactive|QUELON has 30 seconds left.
|
|t:|1756214878
|switch|p1a: Dragonite|Dragonite, L50, M|100/100
|move|p2a: Sneasler|Protect|p2a: Sneasler
|-singleturn|p2a: Sneasler|Protect
|move|p1b: Gholdengo|Protect|p1b: Gholdengo
|-singleturn|p1b: Gholdengo|Protect
|move|p2b: Incineroar|Fake Out|p1b: Gholdengo
|-activate|p1b: Gholdengo|move: Protect
|
|-heal|p1b: Gholdengo|99/100|[from] Grassy Terrain
|upkeep
|turn|6
|
|t:|1756214892
|switch|p1b: Incineroar|Incineroar, L50, F, shiny|99/100
|-ability|p1b: Incineroar|Intimidate|boost
|-unboost|p2a: Sneasler|atk|1
|-unboost|p2b: Incineroar|atk|1
|-enditem|p2a: Sneasler|White Herb
|-clearnegativeboost|p2a: Sneasler|[silent]
|move|p2a: Sneasler|Close Combat|p1b: Incineroar
|-supereffective|p1b: Incineroar
|-damage|p1b: Incineroar|0 fnt
|-unboost|p2a: Sneasler|def|1
|-unboost|p2a: Sneasler|spd|1
|faint|p1b: Incineroar
|move|p1a: Dragonite|Scale Shot|p2a: Sneasler
|-damage|p2a: Sneasler|70/100
|-damage|p2a: Sneasler|36/100
|-damage|p2a: Sneasler|8/100
|-damage|p2a: Sneasler|0 fnt
|faint|p2a: Sneasler
|-hitcount|p2: Sneasler|4
|-unboost|p1a: Dragonite|def|1
|-boost|p1a: Dragonite|spe|1
|move|p2b: Incineroar|Will-O-Wisp|p1a: Dragonite
|-status|p1a: Dragonite|brn
|
|-damage|p1a: Dragonite|95/100 brn|[from] brn
|-fieldend|move: Grassy Terrain
|upkeep
|inactive|QUELON has 30 seconds left.
|
|t:|1756214927
|switch|p2a: Rillaboom|Rillaboom, L50, F|81/100 psn
|switch|p1b: Sneasler|Sneasler, L50, F|100/100
|-fieldstart|move: Grassy Terrain|[from] ability: Grassy Surge|[of] p2a: Rillaboom
|turn|7
|inactive|QUELON has 30 seconds left.
|
|t:|1756214955
|move|p1b: Sneasler|Protect|p1b: Sneasler
|-singleturn|p1b: Sneasler|Protect
|move|p2a: Rillaboom|Fake Out|p1b: Sneasler
|-activate|p1b: Sneasler|move: Protect
|move|p1a: Dragonite|Scale Shot|p2a: Rillaboom
|-damage|p2a: Rillaboom|73/100 psn
|-damage|p2a: Rillaboom|66/100 psn
|-damage|p2a: Rillaboom|59/100 psn
|-damage|p2a: Rillaboom|50/100 psn
|-damage|p2a: Rillaboom|42/100 psn
|-hitcount|p2a: Rillaboom|5
|-unboost|p1a: Dragonite|def|1
|-boost|p1a: Dragonite|spe|1
|move|p2b: Incineroar|Knock Off|p1a: Dragonite
|-damage|p1a: Dragonite|35/100 brn
|-enditem|p1a: Dragonite|Loaded Dice|[from] move: Knock Off|[of] p2b: Incineroar
|
|-heal|p2a: Rillaboom|48/100 psn|[from] Grassy Terrain
|-damage|p2a: Rillaboom|35/100 psn|[from] psn
|-damage|p1a: Dragonite|29/100 brn|[from] brn
|upkeep
|turn|8
|
|t:|1756214974
|move|p2a: Rillaboom|Grassy Glide|p1a: Dragonite
|-resisted|p1a: Dragonite
|-damage|p1a: Dragonite|9/100 brn
|move|p1a: Dragonite|Scale Shot|p2b: Incineroar
|-damage|p2b: Incineroar|94/100
|-damage|p2b: Incineroar|86/100
|-hitcount|p2b: Incineroar|2
|-unboost|p1a: Dragonite|def|1
|-boost|p1a: Dragonite|spe|1
|move|p1b: Sneasler|Dire Claw|p2a: Rillaboom
|-supereffective|p2a: Rillaboom
|-damage|p2a: Rillaboom|0 fnt
|faint|p2a: Rillaboom
|move|p2b: Incineroar|Knock Off|p1b: Sneasler
|-resisted|p1b: Sneasler
|-damage|p1b: Sneasler|81/100
|-enditem|p1b: Sneasler|Focus Sash|[from] move: Knock Off|[of] p2b: Incineroar
|
|-heal|p1b: Sneasler|87/100|[from] Grassy Terrain
|-heal|p2b: Incineroar|92/100|[from] Grassy Terrain
|-damage|p1a: Dragonite|3/100 brn|[from] brn
|upkeep
|turn|9
|
|t:|1756214995
|move|p1a: Dragonite|Scale Shot|p2b: Incineroar
|-damage|p2b: Incineroar|85/100
|-damage|p2b: Incineroar|78/100
|-damage|p2b: Incineroar|70/100
|-damage|p2b: Incineroar|63/100
|-hitcount|p2b: Incineroar|4
|-unboost|p1a: Dragonite|def|1
|-boost|p1a: Dragonite|spe|1
|move|p1b: Sneasler|Close Combat|p2b: Incineroar
|-supereffective|p2b: Incineroar
|-damage|p2b: Incineroar|0 fnt
|-unboost|p1b: Sneasler|def|1
|-unboost|p1b: Sneasler|spd|1
|faint|p2b: Incineroar
|
|win|QUELON
|raw|QUELON's rating: 1153 → 1174(+21 for winning)
|raw|jirkunow's rating: 1102 → 1081(-21 for losing)
|c|☆jirkunow|ggwp
|c|☆QUELON|gg
|l|☆jirkunow
|player|p2|
|c|☆QUELON|we thought the same
