|j|☆squallo
|j|☆noah100800
|html|squallonoah100800    
|uhtml|bestof|Game 1 of a best-of-3
|t:|1783830593
|gametype|doubles
|player|p1|squallo|169|1090
|player|p2|noah100800|101|1227
|gen|9
|tier|[Gen 9 Champions] VGC 2026 Reg M-B (Bo3)
|rated|
|rule|Species Clause: Limit one of each Pokémon
|rule|Item Clause: Limit 1 of each item
|clearpoke
|poke|p1|Raichu, L50, M|
|poke|p1|Scrafty, L50, M|
|poke|p1|Pelipper, L50, M|
|poke|p1|Manectric, L50, F|
|poke|p1|Garchomp, L50, F|
|poke|p1|Zoroark-Hisui, L50, F|
|poke|p2|Delphox, L50, F|
|poke|p2|Blastoise, L50, F|
|poke|p2|Sneasler, L50, M|
|poke|p2|Incineroar, L50, F|
|poke|p2|Sinistcha, L50|
|poke|p2|Maushold-Four, L50|
|teampreview|4
|showteam|p1|Raichu||RaichuniteX|LightningRod|FakeOut,RisingVoltage,VoltSwitch,NastyPlot|Jolly||M|||50|]Scrafty||Scraftinite|Intimidate|FakeOut,DrainPunch,KnockOff,HelpingHand|Careful||M|||50|]Pelipper||FocusSash|Drizzle|WeatherBall,WideGuard,Tailwind,Hurricane|Modest||M|||50|]Manectric||ShucaBerry|LightningRod|Discharge,Overheat,VoltSwitch,Protect|Timid||F|||50|]Garchomp||YacheBerry|RoughSkin|RockSlide,DracoMeteor,StompingTantrum,Earthquake|Naive||F|||50|]Zoroark-Hisui||ExpertBelt|Illusion|BitterMalice,HyperVoice,HyperBeam,Protect|Timid||F|||50|
|showteam|p2|Delphox||Delphoxite|Blaze|Protect,NastyPlot,HeatWave,Psyshock|Modest||F|||50|]Blastoise||Blastoisinite|RainDish|Protect,ShellSmash,WaterSpout,DarkPulse|Modest||F|||50|]Sneasler||WhiteHerb|Unburden|CloseCombat,GunkShot,FakeOut,Feint|Jolly||M|||50|]Incineroar||SitrusBerry|Intimidate|FlareBlitz,FakeOut,ThroatChop,PartingShot|Impish||F|||50|]Sinistcha||KasibBerry|Hospitality|Protect,MatchaGotcha,RagePowder,LifeDew|Bold|||||50|]Maushold-Four||FocusSash|FriendGuard|Protect,FollowMe,SuperFang,Feint|Jolly|||||50|
|
|t:|1783830643
|teamsize|p1|4
|teamsize|p2|4
|start
|switch|p1a: Raichu|Raichu, L50, M|100/100
|switch|p1b: Scrafty|Scrafty, L50, M|100/100
|switch|p2a: Incineroar|Incineroar, L50, F|100/100
|switch|p2b: Delphox|Delphox, L50, F|100/100
|-ability|p2a: Incineroar|Intimidate|boost
|-unboost|p1a: Raichu|atk|1
|-unboost|p1b: Scrafty|atk|1
|-ability|p1b: Scrafty|Intimidate|boost
|-unboost|p2a: Incineroar|atk|1
|-unboost|p2b: Delphox|atk|1
|turn|1
|
|t:|1783830675
|switch|p1a: Garchomp|Garchomp, L50, F|100/100
|detailschange|p2b: Delphox|Delphox-Mega, L50, F
|-mega|p2b: Delphox|Delphox|Delphoxite
|move|p2b: Delphox|Protect|p2b: Delphox
|-singleturn|p2b: Delphox|Protect
|move|p2a: Incineroar|Parting Shot|p1a: Garchomp
|-unboost|p1a: Garchomp|atk|1
|-unboost|p1a: Garchomp|spa|1
|
|t:|1783830686
|switch|p2a: Sinistcha|Sinistcha, L50|100/100|[from] Parting Shot
|move|p1b: Scrafty|Knock Off|p2b: Delphox
|-activate|p2b: Delphox|move: Protect
|
|upkeep
|turn|2
|
|t:|1783830725
|switch|p2a: Incineroar|Incineroar, L50, F|100/100
|-ability|p2a: Incineroar|Intimidate|boost
|-unboost|p1a: Garchomp|atk|1
|-unboost|p1b: Scrafty|atk|1
|move|p2b: Delphox|Nasty Plot|p2b: Delphox
|-boost|p2b: Delphox|spa|2
|move|p1a: Garchomp|Rock Slide|p2b: Delphox|[spread] p2a,p2b
|-supereffective|p2a: Incineroar|1
|-supereffective|p2b: Delphox|1
|-damage|p2a: Incineroar|85/100
|-damage|p2b: Delphox|73/100
|move|p1b: Scrafty|Knock Off|p2a: Incineroar
|-resisted|p2a: Incineroar|1
|-damage|p2a: Incineroar|78/100
|-enditem|p2a: Incineroar|Sitrus Berry|[from] move: Knock Off|[of] p1b: Scrafty
|
|upkeep
|turn|3
|
|t:|1783830750
|switch|p1a: Manectric|Manectric, L50, F|100/100
|switch|p1b: Raichu|Raichu, L50, M|100/100
|move|p2a: Incineroar|Fake Out|p1b: Raichu
|-damage|p1b: Raichu|78/100
|move|p2b: Delphox|Heat Wave|p1a: Manectric|[spread] p1a,p1b
|-damage|p1a: Manectric|0 fnt
|-damage|p1b: Raichu|0 fnt
|faint|p1a: Manectric
|faint|p1b: Raichu
|
|upkeep
|
|t:|1783830764
|switch|p1b: Scrafty|Scrafty, L50, M|100/100
|switch|p1a: Garchomp|Garchomp, L50, F|100/100
|-ability|p1b: Scrafty|Intimidate|boost
|-unboost|p2a: Incineroar|atk|1
|-unboost|p2b: Delphox|atk|1
|turn|4
|
|t:|1783830780
|switch|p2a: Sinistcha|Sinistcha, L50|100/100
|-heal|p2b: Delphox|98/100|[from] ability: Hospitality|[of] p2a: Sinistcha
|move|p2b: Delphox|Protect|p2b: Delphox
|-singleturn|p2b: Delphox|Protect
|move|p1b: Scrafty|Fake Out|p2b: Delphox
|-activate|p2b: Delphox|move: Protect
|move|p1a: Garchomp|Stomping Tantrum|p2a: Sinistcha
|-resisted|p2a: Sinistcha|1
|-damage|p2a: Sinistcha|84/100
|
|upkeep
|turn|5
|
|t:|1783830801
|move|p2a: Sinistcha|Rage Powder|p2a: Sinistcha
|-singleturn|p2a: Sinistcha|move: Rage Powder
|move|p2b: Delphox|Heat Wave|p1a: Garchomp|[spread] p1a,p1b
|-resisted|p1a: Garchomp|1
|-damage|p1a: Garchomp|40/100
|-damage|p1b: Scrafty|34/100
|move|p1a: Garchomp|Stomping Tantrum|p2a: Sinistcha
|-resisted|p2a: Sinistcha|1
|-damage|p2a: Sinistcha|69/100
|move|p1b: Scrafty|Knock Off|p2a: Sinistcha
|-supereffective|p2a: Sinistcha|1
|-damage|p2a: Sinistcha|14/100
|-enditem|p2a: Sinistcha|Kasib Berry|[from] move: Knock Off|[of] p1b: Scrafty
|
|upkeep
|turn|6
|
|t:|1783830824
|switch|p2a: Incineroar|Incineroar, L50, F|78/100
|-ability|p2a: Incineroar|Intimidate|boost
|-unboost|p1a: Garchomp|atk|1
|-unboost|p1b: Scrafty|atk|1
|move|p1b: Scrafty|Helping Hand|p1a: Garchomp
|-singleturn|p1a: Garchomp|Helping Hand|[of] p1b: Scrafty
|move|p2b: Delphox|Heat Wave|p1b: Scrafty|[spread] p1a,p1b
|-resisted|p1a: Garchomp|1
|-damage|p1a: Garchomp|0 fnt
|-damage|p1b: Scrafty|0 fnt
|faint|p1a: Garchomp
|faint|p1b: Scrafty
|
|win|noah100800
|inactive|squallo has 30 seconds to confirm battle start!
|inactive|noah100800 has 30 seconds to confirm battle start!
||squallo is ready for game 2.
||noah100800 is ready for game 2.
|uhtml|next|Next: Game 2 of 3
|l|☆squallo
|player|p1|
