|j|☆new mental
|j|☆Dr_Cups
|html|new mentalDr_Cups    
|uhtml|bestof|Game 2 of a best-of-3
|t:|1784918459
|gametype|doubles
|player|p1|new mental|volkner|1304
|player|p2|Dr_Cups|102|1269
|gen|9
|tier|[Gen 9 Champions] VGC 2026 Reg M-B (Bo3)
|rated|
|rule|Species Clause: Limit one of each Pokémon
|rule|Item Clause: Limit 1 of each item
|clearpoke
|poke|p1|Charizard, L50, F|
|poke|p1|Garchomp, L50, M|
|poke|p1|Incineroar, L50, M|
|poke|p1|Venusaur, L50, M|
|poke|p1|Toxapex, L50, M|
|poke|p1|Sylveon, L50, F|
|poke|p2|Staraptor, L50, F|
|poke|p2|Vanilluxe, L50, F|
|poke|p2|Farigiraf, L50, F|
|poke|p2|Blastoise, L50, F|
|poke|p2|Kingambit, L50, M|
|poke|p2|Camerupt, L50, F|
|teampreview|4
|showteam|p1|Charizard||CharizarditeY|SolarPower|WeatherBall,HeatWave,AncientPower,Protect|Modest||F|||50|]Garchomp||ChoiceScarf|RoughSkin|RockSlide,DragonClaw,Earthquake,StompingTantrum|Adamant||M|||50|]Incineroar||SitrusBerry|Intimidate|FlareBlitz,FakeOut,DarkestLariat,PartingShot|Impish||M|||50|]Venusaur||LifeOrb|Chlorophyll|SludgeBomb,LeafStorm,EarthPower,Protect|Modest||M|||50|]Toxapex||Leftovers|Regenerator|Infestation,Toxic,WideGuard,BanefulBunker|Bold||M|||50|]Sylveon||FairyFeather|Pixilate|HyperVoice,QuickAttack,Yawn,Detect|Modest||F|||50|
|showteam|p2|Staraptor||ChoiceScarf|Intimidate|FinalGambit,BraveBird,CloseCombat,Uturn|Jolly||F|||50|]Vanilluxe||NeverMeltIce|SnowWarning|Blizzard,FreezeDry,Protect,IceShard|Quiet||F|||50|]Farigiraf||SitrusBerry|ArmorTail|PsychicFangs,HyperVoice,HelpingHand,TrickRoom|Relaxed||F|||50|]Blastoise||Blastoisinite|RainDish|FakeOut,WaterSpout,AuraSphere,DarkPulse|Quiet||F|||50|]Kingambit||LifeOrb|Defiant|KowtowCleave,IronHead,Protect,SuckerPunch|Brave||M|||50|]Camerupt||Cameruptite|SolidRock|HeatWave,EarthPower,Protect,AncientPower|Quiet||F|||50|
|inactive|Battle timer is ON: inactive players will automatically lose when time's up. (requested by new mental)
|
|t:|1784918494
|teamsize|p1|4
|teamsize|p2|4
|start
|switch|p1a: Charizard|Charizard, L50, F|100/100
|switch|p1b: Garchomp|Garchomp, L50, M|100/100
|switch|p2a: Farigiraf|Farigiraf, L50, F|100/100
|switch|p2b: Kingambit|Kingambit, L50, M|100/100
|turn|1
|inactive|Dr_Cups has 30 seconds left.
|
|t:|1784918519
|detailschange|p1a: Charizard|Charizard-Mega-Y, L50, F
|-mega|p1a: Charizard|Charizard|Charizardite Y
|-weather|SunnyDay|[from] ability: Drought|[of] p1a: Charizard
|move|p2b: Kingambit|Protect|p2b: Kingambit
|-singleturn|p2b: Kingambit|Protect
|move|p1b: Garchomp|Earthquake|p2a: Farigiraf|[spread] p2a
|-activate|p2b: Kingambit|move: Protect
|-immune|p1a: Charizard
|-damage|p2a: Farigiraf|69/100
|move|p1a: Charizard|Heat Wave|p2a: Farigiraf|[spread] p2a
|-activate|p2b: Kingambit|move: Protect
|-damage|p2a: Farigiraf|19/100
|-enditem|p2a: Farigiraf|Sitrus Berry|[eat]
|-heal|p2a: Farigiraf|44/100|[from] item: Sitrus Berry
|move|p2a: Farigiraf|Trick Room|p2a: Farigiraf
|-fieldstart|move: Trick Room|[of] p2a: Farigiraf
|
|-weather|SunnyDay|[upkeep]
|upkeep
|turn|2
|inactive|Dr_Cups has 30 seconds left.
|
|t:|1784918550
|switch|p2b: Camerupt|Camerupt, L50, F|100/100
|move|p1a: Charizard|Protect|p1a: Charizard
|-singleturn|p1a: Charizard|Protect
|move|p2a: Farigiraf|Hyper Voice|p1a: Charizard|[spread] p1b
|-activate|p1a: Charizard|move: Protect
|-damage|p1b: Garchomp|69/100
|move|p1b: Garchomp|Earthquake|p2b: Camerupt|[spread] p2a,p2b
|-activate|p1a: Charizard|move: Protect
|-supereffective|p2b: Camerupt|1
|-damage|p2a: Farigiraf|10/100
|-damage|p2b: Camerupt|20/100y
|
|-weather|SunnyDay|[upkeep]
|upkeep
|turn|3
|inactive|new mental has 30 seconds left.
|inactive|Dr_Cups has 30 seconds left.
|
|t:|1784918576
|detailschange|p2b: Camerupt|Camerupt-Mega, L50, F
|-mega|p2b: Camerupt|Camerupt|Cameruptite
|move|p2b: Camerupt|Heat Wave|p1b: Garchomp|[spread] p1a,p1b
|-resisted|p1a: Charizard|1
|-resisted|p1b: Garchomp|1
|-damage|p1a: Charizard|61/100
|-damage|p1b: Garchomp|25/100
|move|p2a: Farigiraf|Hyper Voice|p1b: Garchomp|[spread] p1a,p1b
|-damage|p1a: Charizard|41/100
|-damage|p1b: Garchomp|0 fnt
|faint|p1b: Garchomp
|move|p1a: Charizard|Heat Wave|p2b: Camerupt|[spread] p2a,p2b
|-resisted|p2b: Camerupt|1
|-damage|p2a: Farigiraf|0 fnt
|-damage|p2b: Camerupt|0 fnt
|faint|p2a: Farigiraf
|faint|p2b: Camerupt
|
|-weather|SunnyDay|[upkeep]
|upkeep
|
|t:|1784918588
|switch|p2b: Vanilluxe|Vanilluxe, L50, F|100/100
|switch|p2a: Kingambit|Kingambit, L50, M|100/100
|switch|p1b: Incineroar|Incineroar, L50, M|100/100
|-ability|p1b: Incineroar|Intimidate|boost
|-unboost|p2a: Kingambit|atk|1
|-ability|p2a: Kingambit|Defiant|boost
|-boost|p2a: Kingambit|atk|2
|-unboost|p2b: Vanilluxe|atk|1
|-weather|Snowscape|[from] ability: Snow Warning|[of] p2b: Vanilluxe
|turn|4
|
|t:|1784918611
|switch|p1a: Toxapex|Toxapex, L50, M|100/100
|move|p1b: Incineroar|Fake Out|p2a: Kingambit
|-resisted|p2a: Kingambit|1
|-damage|p2a: Kingambit|96/100
|cant|p2a: Kingambit|flinch
|move|p2b: Vanilluxe|Blizzard|p1a: Toxapex|[spread] p1a,p1b
|-resisted|p1a: Toxapex|1
|-resisted|p1b: Incineroar|1
|-damage|p1a: Toxapex|80/100
|-damage|p1b: Incineroar|77/100
|
|-weather|Snowscape|[upkeep]
|-heal|p1a: Toxapex|86/100|[from] item: Leftovers
|upkeep
|turn|5
|
|t:|1784918634
|-heal|p1a: Toxapex|100/100|[from] ability: Regenerator|[silent]
|switch|p1a: Charizard|Charizard-Mega-Y, L50, F|41/100
|-weather|SunnyDay|[from] ability: Drought|[of] p1a: Charizard
|move|p2a: Kingambit|Kowtow Cleave|p1b: Incineroar
|-resisted|p1b: Incineroar|1
|-damage|p1b: Incineroar|41/100
|-enditem|p1b: Incineroar|Sitrus Berry|[eat]
|-heal|p1b: Incineroar|65/100|[from] item: Sitrus Berry
|-damage|p2a: Kingambit|86/100|[from] item: Life Orb
|move|p1b: Incineroar|Flare Blitz|p2b: Vanilluxe
|-supereffective|p2b: Vanilluxe|1
|-damage|p2b: Vanilluxe|0 fnt
|faint|p2b: Vanilluxe
|-damage|p1b: Incineroar|36/100|[from] Recoil
|
|-weather|SunnyDay|[upkeep]
|-fieldend|move: Trick Room
|upkeep
|turn|6
|
|t:|1784918648
|move|p1a: Charizard|Weather Ball|p2a: Kingambit
|-supereffective|p2a: Kingambit|1
|-damage|p2a: Kingambit|0 fnt
|faint|p2a: Kingambit
|
|win|new mental
