|j|☆lfitz10
|j|☆C0ozer
|html|lfitz10C0ozer    
|uhtml|bestof|Game 1 of a best-of-3
|t:|1782259595
|gametype|doubles
|player|p1|lfitz10|101|1122
|player|p2|C0ozer|lucas|1102
|gen|9
|tier|[Gen 9 Champions] VGC 2026 Reg M-B (Bo3)
|rated|
|rule|Species Clause: Limit one of each Pokémon
|rule|Item Clause: Limit 1 of each item
|clearpoke
|poke|p1|Raichu, L50, F|
|poke|p1|Sinistcha, L50|
|poke|p1|Milotic, L50, M|
|poke|p1|Incineroar, L50, F|
|poke|p1|Floette-Eternal, L50, F|
|poke|p1|Ceruledge, L50, M|
|poke|p2|Charizard, L50, F|
|poke|p2|Scrafty, L50, M|
|poke|p2|Gholdengo, L50|
|poke|p2|Whimsicott, L50, F|
|poke|p2|Toxapex, L50, M|
|poke|p2|Garchomp, L50, F|
|teampreview|4
|showteam|p1|Raichu||RaichuniteY|Static|ZapCannon,FocusBlast,FakeOut,Protect|Timid||F|||50|]Sinistcha||KasibBerry|Hospitality|MatchaGotcha,RagePowder,LifeDew,Protect|Relaxed|||||50|]Milotic||Leftovers|Competitive|MuddyWater,Coil,Hypnosis,Protect|Calm||M|||50|]Incineroar||SitrusBerry|Intimidate|FakeOut,PartingShot,FlareBlitz,ThroatChop|Impish||F|||50|]Floette-Eternal||Floettite|FlowerVeil|DazzlingGleam,DrainingKiss,CalmMind,Protect|Timid||F|||50|]Ceruledge||ColburBerry|FlashFire|BitterBlade,ShadowSneak,BulkUp,Protect|Adamant||M|||50|
|showteam|p2|Charizard||CharizarditeY|Blaze|HeatWave,WeatherBall,SolarBeam,Protect|Timid||F|||50|]Scrafty||Scraftinite|Intimidate|FakeOut,KnockOff,CloseCombat,Detect|Impish||M|||50|]Gholdengo||LifeOrb|GoodasGold|FlashCannon,ShadowBall,NastyPlot,Protect|Timid|||||50|]Whimsicott||FocusSash|Prankster|Moonblast,Encore,Tailwind,Protect|Timid||F|||50|]Toxapex||Leftovers|Regenerator|Toxic,Haze,Infestation,BanefulBunker|Bold||M|||50|]Garchomp||SitrusBerry|RoughSkin|BreakingSwipe,RockSlide,StompingTantrum,Protect|Adamant||F|||50|
|inactive|Battle timer is ON: inactive players will automatically lose when time's up. (requested by C0ozer)
|inactive|lfitz10 has 60 seconds left.
|inactive|C0ozer has 60 seconds left.
|
|t:|1782259632
|teamsize|p1|4
|teamsize|p2|4
|start
|switch|p1a: Raichu|Raichu, L50, F|100/100
|switch|p1b: Incineroar|Incineroar, L50, F|100/100
|switch|p2a: Scrafty|Scrafty, L50, M|100/100
|switch|p2b: Toxapex|Toxapex, L50, M|100/100
|-ability|p1b: Incineroar|Intimidate|boost
|-unboost|p2a: Scrafty|atk|1
|-unboost|p2b: Toxapex|atk|1
|-ability|p2a: Scrafty|Intimidate|boost
|-unboost|p1a: Raichu|atk|1
|-unboost|p1b: Incineroar|atk|1
|turn|1
|inactive|lfitz10 has 30 seconds left.
|inactive|C0ozer has 30 seconds left.
|inactive|C0ozer has 20 seconds left.
|
|t:|1782259671
|switch|p2b: Garchomp|Garchomp, L50, F|100/100
|detailschange|p1a: Raichu|Raichu-Mega-Y, L50, F
|-mega|p1a: Raichu|Raichu|Raichunite Y
|detailschange|p2a: Scrafty|Scrafty-Mega, L50, M
|-mega|p2a: Scrafty|Scrafty|Scraftinite
|-ability|p2a: Scrafty|Intimidate|boost
|-unboost|p1a: Raichu|atk|1
|-unboost|p1b: Incineroar|atk|1
|move|p1a: Raichu|Zap Cannon|p2b: Garchomp
|-immune|p2b: Garchomp
|move|p2a: Scrafty|Close Combat|p1a: Raichu
|-damage|p1a: Raichu|45/100
|-unboost|p2a: Scrafty|def|1
|-unboost|p2a: Scrafty|spd|1
|move|p1b: Incineroar|Parting Shot|p2a: Scrafty
|-unboost|p2a: Scrafty|atk|1
|-unboost|p2a: Scrafty|spa|1
|
|t:|1782259687
|switch|p1b: Ceruledge|Ceruledge, L50, M|100/100|[from] Parting Shot
|
|upkeep
|turn|2
|inactive|C0ozer has 30 seconds left.
|
|t:|1782259719
|move|p2a: Scrafty|Detect|p2a: Scrafty
|-singleturn|p2a: Scrafty|Protect
|move|p1a: Raichu|Focus Blast|p2b: Garchomp
|-damage|p2b: Garchomp|59/100
|move|p2b: Garchomp|Rock Slide|p1b: Ceruledge|[spread] p1a,p1b
|-supereffective|p1b: Ceruledge|1
|-damage|p1a: Raichu|16/100
|-damage|p1b: Ceruledge|60/100
|cant|p1b: Ceruledge|flinch
|
|upkeep
|turn|3
|inactive|lfitz10 has 30 seconds left.
|inactive|C0ozer has 30 seconds left.
|
|t:|1782259745
|switch|p2a: Toxapex|Toxapex, L50, M|100/100
|move|p1a: Raichu|Focus Blast|p2b: Garchomp
|-damage|p2b: Garchomp|18/100
|-enditem|p2b: Garchomp|Sitrus Berry|[eat]
|-heal|p2b: Garchomp|42/100|[from] item: Sitrus Berry
|move|p2b: Garchomp|Rock Slide|p1b: Ceruledge|[spread] p1a
|-miss|p2b: Garchomp|p1b: Ceruledge
|-damage|p1a: Raichu|0 fnt
|faint|p1a: Raichu
|move|p1b: Ceruledge|Bulk Up|p1b: Ceruledge
|-boost|p1b: Ceruledge|atk|1
|-boost|p1b: Ceruledge|def|1
|
|upkeep
|
|t:|1782259759
|switch|p1a: Incineroar|Incineroar, L50, F|100/100
|-ability|p1a: Incineroar|Intimidate|boost
|-unboost|p2a: Toxapex|atk|1
|-unboost|p2b: Garchomp|atk|1
|turn|4
|
|t:|1782259775
|move|p2b: Garchomp|Protect|p2b: Garchomp
|-singleturn|p2b: Garchomp|Protect
|move|p1a: Incineroar|Fake Out|p2b: Garchomp
|-activate|p2b: Garchomp|move: Protect
|move|p1b: Ceruledge|Bulk Up|p1b: Ceruledge
|-boost|p1b: Ceruledge|atk|1
|-boost|p1b: Ceruledge|def|1
|move|p2a: Toxapex|Haze|p2a: Toxapex
|-clearallboost
|
|upkeep
|turn|5
|
|t:|1782259795
|move|p1b: Ceruledge|Shadow Sneak|p2b: Garchomp
|-damage|p2b: Garchomp|22/100
|-damage|p1b: Ceruledge|48/100|[from] ability: Rough Skin|[of] p2b: Garchomp
|move|p2b: Garchomp|Breaking Swipe|p1a: Incineroar|[spread] p1a,p1b
|-damage|p1a: Incineroar|81/100
|-damage|p1b: Ceruledge|20/100y
|-unboost|p1a: Incineroar|atk|1
|-unboost|p1b: Ceruledge|atk|1
|move|p1a: Incineroar|Throat Chop|p2b: Garchomp
|-damage|p2b: Garchomp|4/100
|-start|p2b: Garchomp|Throat Chop|[silent]
|-damage|p1a: Incineroar|69/100|[from] ability: Rough Skin|[of] p2b: Garchomp
|move|p2a: Toxapex|Toxic|p1a: Incineroar
|-status|p1a: Incineroar|tox
|
|-damage|p1a: Incineroar|63/100 tox|[from] psn
|upkeep
|turn|6
|inactive|C0ozer has 30 seconds left.
|inactive|lfitz10 has 30 seconds left.
|inactive|C0ozer has 20 seconds left.
|inactive|lfitz10 has 20 seconds left.
|
|t:|1782259837
|switch|p1a: Sinistcha|Sinistcha, L50|100/100
|-heal|p1b: Ceruledge|45/100|[from] ability: Hospitality|[of] p1a: Sinistcha
|move|p1b: Ceruledge|Protect|p1b: Ceruledge
|-singleturn|p1b: Ceruledge|Protect
|move|p2b: Garchomp|Rock Slide|p1a: Sinistcha|[spread] p1a
|-activate|p1b: Ceruledge|move: Protect
|-damage|p1a: Sinistcha|84/100
|move|p2a: Toxapex|Infestation|p1a: Sinistcha
|-damage|p1a: Sinistcha|81/100
|-activate|p1a: Sinistcha|move: Infestation|[of] p2a: Toxapex
|
|-damage|p1a: Sinistcha|69/100|[from] move: Infestation|[partiallytrapped]
|-end|p2b: Garchomp|Throat Chop|[silent]
|upkeep
|turn|7
|inactive|lfitz10 has 30 seconds left.
|
|t:|1782259862
|move|p2b: Garchomp|Stomping Tantrum|p1b: Ceruledge
|-supereffective|p1b: Ceruledge|1
|-damage|p1b: Ceruledge|0 fnt
|faint|p1b: Ceruledge
|move|p1a: Sinistcha|Matcha Gotcha|p2b: Garchomp|[spread] p2a,p2b
|-damage|p2a: Toxapex|80/100
|-heal|p1a: Sinistcha|78/100|[from] drain|[of] p2a: Toxapex
|-damage|p2b: Garchomp|0 fnt
|-heal|p1a: Sinistcha|80/100|[from] drain|[of] p2b: Garchomp
|faint|p2b: Garchomp
|move|p2a: Toxapex|Toxic|p1a: Sinistcha
|-status|p1a: Sinistcha|tox
|
|-heal|p2a: Toxapex|85/100|[from] item: Leftovers
|-damage|p1a: Sinistcha|74/100 tox|[from] psn
|-damage|p1a: Sinistcha|62/100 tox|[from] move: Infestation|[partiallytrapped]
|upkeep
|
|t:|1782259880
|switch|p2b: Scrafty|Scrafty-Mega, L50, M|100/100
|switch|p1b: Incineroar|Incineroar, L50, F|63/100 tox
|-ability|p2b: Scrafty|Intimidate|boost
|-unboost|p1a: Sinistcha|atk|1
|-unboost|p1b: Incineroar|atk|1
|-ability|p1b: Incineroar|Intimidate|boost
|-unboost|p2a: Toxapex|atk|1
|-unboost|p2b: Scrafty|atk|1
|turn|8
|
|t:|1782259895
|move|p2b: Scrafty|Detect|p2b: Scrafty
|-singleturn|p2b: Scrafty|Protect
|move|p2a: Toxapex|Baneful Bunker|p2a: Toxapex
|-singleturn|p2a: Toxapex|move: Protect
|move|p1b: Incineroar|Fake Out|p2a: Toxapex
|-activate|p2a: Toxapex|move: Protect
|move|p1a: Sinistcha|Rage Powder|p1a: Sinistcha
|-singleturn|p1a: Sinistcha|move: Rage Powder
|
|-heal|p2a: Toxapex|91/100|[from] item: Leftovers
|-damage|p1b: Incineroar|57/100 tox|[from] psn
|-damage|p1a: Sinistcha|50/100y tox|[from] psn
|-damage|p1a: Sinistcha|37/100 tox|[from] move: Infestation|[partiallytrapped]
|upkeep
|turn|9
|l|☆lfitz10
|inactive|lfitz10 disconnected and has a minute to reconnect!
|player|p1|
|inactive|lfitz10 has 30 seconds left.
|inactive|lfitz10 has 20 seconds left.
|inactive|lfitz10 has 15 seconds left.
|inactive|lfitz10 has 10 seconds left.
|inactive|lfitz10 has 5 seconds left.
|-message|lfitz10 lost due to inactivity.
|
|win|C0ozer
||C0ozer is ready for game 2.
|inactive|lfitz10 has 15 seconds to reconnect!
