|j|☆pollonetor
|j|☆tax the homeless
|html|pollonetortax the homeless    
|uhtml|bestof|Game 2 of a best-of-3
|t:|1756781315
|gametype|doubles
|player|p1|pollonetor|170|1067
|player|p2|tax the homeless|265|1082
|gen|9
|tier|[Gen 9] VGC 2025 Reg H (Bo3)
|rated|
|rule|Species Clause: Limit one of each Pokémon
|rule|Item Clause: Limit 1 of each item
|clearpoke
|poke|p1|Snorlax, L50, M|
|poke|p1|Indeedee-F, L50, F|
|poke|p1|Armarouge, L50, F|
|poke|p1|Primarina, L50, F|
|poke|p1|Sneasler, L50, F|
|poke|p1|Meowscarada, L50, M|
|poke|p2|Excadrill, L50, M|
|poke|p2|Incineroar, L50, M|
|poke|p2|Tyranitar, L50, M|
|poke|p2|Amoonguss, L50, M|
|poke|p2|Kommo-o, L50, F|
|poke|p2|Reuniclus, L50, F|
|teampreview|4
|showteam|p1|Snorlax||WikiBerry|Gluttony|Curse,Recycle,Crunch,BodySlam|||M|||50|,,,,,Dragon]Indeedee-F||SafetyGoggles|PsychicSurge|FollowMe,TrickRoom,HealPulse,Psychic|||F|||50|,,,,,Ghost]Armarouge||LifeOrb|FlashFire|ExpandingForce,ArmorCannon,TrickRoom,Protect|||F|||50|,,,,,Grass]Primarina||ThroatSpray|LiquidVoice|LifeDew,Protect,HyperVoice,Moonblast|||F|||50|,,,,,Poison]Sneasler||PsychicSeed|Unburden|FakeOut,DireClaw,CloseCombat,Coaching|||F|||50|,,,,,Fighting]Meowscarada||FocusSash|Overgrow|Uturn,TrickRoom,FlowerTrick,FoulPlay|||M|||50|,,,,,Grass
|showteam|p2|Excadrill||FocusSash|SandRush|Protect,Earthquake,HighHorsepower,IronHead|||M|||50|,,,,,Ground]Incineroar||SafetyGoggles|Intimidate|FakeOut,KnockOff,FlareBlitz,PartingShot|||M|||50|,,,,,Ghost]Tyranitar||AssaultVest|SandStream|RockSlide,KnockOff,LowKick,TeraBlast|||M|||50|,,,,,Flying]Amoonguss||SitrusBerry|Regenerator|PollenPuff,RagePowder,ClearSmog,Spore|||M|||50|,,,,,Water]Kommo-o||ThroatSpray|Overcoat|Protect,ClangingScales,ClangorousSoul,AuraSphere|||F|||50|,,,,,Steel]Reuniclus||LifeOrb|MagicGuard|Protect,TrickRoom,ExpandingForce,FlashCannon|||F|||50|,,,,,Dark
|j| teamthief420
|l| teamthief420
|
|t:|1756781345
|teamsize|p1|4
|teamsize|p2|4
|start
|switch|p1a: Snorlax|Snorlax, L50, M, shiny|100/100
|switch|p1b: Indeedee|Indeedee-F, L50, F, shiny|100/100
|switch|p2a: Kamina|Tyranitar, L50, M, shiny|100/100
|switch|p2b: Incineroar|Incineroar, L50, M|100/100
|-weather|Sandstorm|[from] ability: Sand Stream|[of] p2a: Kamina
|-ability|p2b: Incineroar|Intimidate|boost
|-unboost|p1a: Snorlax|atk|1
|-unboost|p1b: Indeedee|atk|1
|-fieldstart|move: Psychic Terrain|[from] ability: Psychic Surge|[of] p1b: Indeedee
|turn|1
|
|t:|1756781370
|switch|p1b: Sneasler|Sneasler, L50, F|100/100
|-enditem|p1b: Sneasler|Psychic Seed
|-boost|p1b: Sneasler|spd|1|[from] item: Psychic Seed
|move|p2a: Kamina|Low Kick|p1a: Snorlax
|-supereffective|p1a: Snorlax
|-damage|p1a: Snorlax|21/100
|-enditem|p1a: Snorlax|Wiki Berry|[eat]
|-heal|p1a: Snorlax|54/100|[from] item: Wiki Berry
|move|p2b: Incineroar|Knock Off|p1a: Snorlax
|-crit|p1a: Snorlax
|-damage|p1a: Snorlax|18/100
|move|p1a: Snorlax|Curse|p1a: Snorlax
|-unboost|p1a: Snorlax|spe|1
|-boost|p1a: Snorlax|atk|1
|-boost|p1a: Snorlax|def|1
|
|-weather|Sandstorm|[upkeep]
|-damage|p1b: Sneasler|94/100|[from] Sandstorm
|-damage|p1a: Snorlax|12/100|[from] Sandstorm
|upkeep
|turn|2
|
|t:|1756781398
|-terastallize|p2a: Kamina|Flying
|move|p1b: Sneasler|Close Combat|p2b: Incineroar
|-supereffective|p2b: Incineroar
|-damage|p2b: Incineroar|0 fnt
|-unboost|p1b: Sneasler|def|1
|-unboost|p1b: Sneasler|spd|1
|faint|p2b: Incineroar
|move|p2a: Kamina|Tera Blast|p1b: Sneasler|[anim] Tera Blast Flying
|-supereffective|p1b: Sneasler
|-damage|p1b: Sneasler|0 fnt
|faint|p1b: Sneasler
|move|p1a: Snorlax|Recycle|p1a: Snorlax
|-item|p1a: Snorlax|Wiki Berry|[from] move: Recycle
|-enditem|p1a: Snorlax|Wiki Berry|[eat]
|-heal|p1a: Snorlax|46/100|[from] item: Wiki Berry
|
|-weather|Sandstorm|[upkeep]
|-damage|p2a: Kamina|95/100|[from] Sandstorm
|-damage|p1a: Snorlax|40/100|[from] Sandstorm
|upkeep
|
|t:|1756781417
|switch|p1b: Armarouge|Armarouge, L50, F|100/100
|switch|p2b: Reuniclus|Reuniclus, L50, F, shiny|100/100
|turn|3
|
|t:|1756781446
|switch|p2b: Amoonguss|Amoonguss, L50, M, shiny|100/100
|move|p1b: Armarouge|Protect|p1b: Armarouge
|-singleturn|p1b: Armarouge|Protect
|move|p2a: Kamina|Low Kick|p1a: Snorlax
|-supereffective|p1a: Snorlax
|-damage|p1a: Snorlax|0 fnt
|faint|p1a: Snorlax
|
|-weather|Sandstorm|[upkeep]
|-damage|p2a: Kamina|89/100|[from] Sandstorm
|-damage|p1b: Armarouge|94/100|[from] Sandstorm
|-damage|p2b: Amoonguss|94/100|[from] Sandstorm
|upkeep
|
|t:|1756781453
|switch|p1a: Indeedee|Indeedee-F, L50, F, shiny|100/100
|turn|4
|
|t:|1756781472
|move|p1a: Indeedee|Follow Me|p1a: Indeedee
|-singleturn|p1a: Indeedee|move: Follow Me
|move|p2a: Kamina|Knock Off|p1a: Indeedee
|-supereffective|p1a: Indeedee
|-damage|p1a: Indeedee|0 fnt
|-enditem|p1a: Indeedee|Safety Goggles|[from] move: Knock Off|[of] p2a: Kamina
|faint|p1a: Indeedee
|move|p1b: Armarouge|Expanding Force|p2b: Amoonguss|[spread] p2a,p2b
|-supereffective|p2b: Amoonguss
|-damage|p2a: Kamina|41/100
|-damage|p2b: Amoonguss|0 fnt
|faint|p2b: Amoonguss
|-damage|p1b: Armarouge|84/100|[from] item: Life Orb
|
|-weather|Sandstorm|[upkeep]
|-damage|p2a: Kamina|35/100|[from] Sandstorm
|-damage|p1b: Armarouge|78/100|[from] Sandstorm
|upkeep
|
|t:|1756781483
|switch|p2b: Reuniclus|Reuniclus, L50, F, shiny|100/100
|turn|5
|
|t:|1756781499
|move|p2a: Kamina|Knock Off|p1b: Armarouge
|-supereffective|p1b: Armarouge
|-damage|p1b: Armarouge|0 fnt
|-enditem|p1b: Armarouge|Life Orb|[from] move: Knock Off|[of] p2a: Kamina
|faint|p1b: Armarouge
|
|win|tax the homeless
|raw|pollonetor's rating: 1067 → 1048(-19 for losing)
|raw|tax the homeless's rating: 1082 → 1109(+27 for winning)
