|j|☆NotNumber1
|j|☆Eggbro999
|html|NotNumber1Eggbro999    
|uhtml|bestof|Game 1 of a best-of-3
|t:|1785180375
|gametype|doubles
|player|p1|NotNumber1|cynthia|1000
|player|p2|Eggbro999|bianca|1000
|gen|9
|tier|[Gen 9 Champions] VGC 2026 Reg M-B (Bo3)
|rated|
|rule|Species Clause: Limit one of each Pokémon
|rule|Item Clause: Limit 1 of each item
|clearpoke
|poke|p1|Delphox, L50, F|
|poke|p1|Floette-Eternal, L50, F|
|poke|p1|Sneasler, L50, M|
|poke|p1|Incineroar, L50, F|
|poke|p1|Sinistcha, L50|
|poke|p1|Palafin, L50, F|
|poke|p2|Falinks, L50|
|poke|p2|Kangaskhan, L50, F|
|poke|p2|Garchomp, L50, M|
|poke|p2|Scrafty, L50, M|
|poke|p2|Sneasler, L50, M|
|poke|p2|Vivillon-Pokeball, L50, F|
|teampreview|4
|showteam|p1|Delphox||Delphoxite|Blaze|HeatWave,NastyPlot,Psyshock,Protect|Timid||F|||50|]Floette-Eternal||Floettite|FlowerVeil|DrainingKiss,DazzlingGleam,CalmMind,Protect|Bold||F|||50|]Sneasler||FocusSash|PoisonTouch|FakeOut,PoisonJab,CloseCombat,Protect|Jolly||M|||50|]Incineroar||SitrusBerry|Intimidate|FlareBlitz,FakeOut,DarkestLariat,PartingShot|Careful||F|||50|]Sinistcha||KasibBerry|Hospitality|MatchaGotcha,RagePowder,Protect,TrickRoom|Impish|||||50|]Palafin||Leftovers|ZerotoHero|JetPunch,WaveCrash,BulkUp,Protect|Adamant||F|||50|
|showteam|p2|Falinks||Falinksite|Defiant|NoRetreat,RockSlide,BrickBreak,Protect|Adamant|||||50|]Kangaskhan||Metronome|Scrappy|FakeOut,LastResort|Adamant||F|||50|]Garchomp||LifeOrb|RoughSkin|DragonTail,Protect,RockSlide,StompingTantrum|Jolly||M|||50|]Scrafty||Scraftinite|Intimidate|DrainPunch,Protect,IronHead,Crunch|Impish||M|||50|]Sneasler||WhiteHerb|Unburden|CloseCombat,DireClaw,Protect,BrickBreak|Adamant||M|||50|]Vivillon-Pokeball||FocusSash|CompoundEyes|Tailwind,LightScreen,SleepPowder,Substitute|Timid||F|||50|
|inactive|Battle timer is ON: inactive players will automatically lose when time's up. (requested by Eggbro999)
|
|t:|1785180404
|teamsize|p1|4
|teamsize|p2|4
|start
|switch|p1a: Floette|Floette-Eternal, L50, F|100/100
|switch|p1b: Incineroar|Incineroar, L50, F|100/100
|switch|p2a: Vivillon|Vivillon-Pokeball, L50, F|100/100
|switch|p2b: Kangaskhan|Kangaskhan, L50, F|100/100
|-ability|p1b: Incineroar|Intimidate|boost
|-unboost|p2a: Vivillon|atk|1
|-fail|p2b: Kangaskhan|unboost|Attack|[from] ability: Scrappy|[of] p2b: Kangaskhan
|turn|1
|inactive|NotNumber1 has 30 seconds left.
|
|t:|1785180438
|detailschange|p1a: Floette|Floette-Mega, L50, F
|-mega|p1a: Floette|Floette|Floettite
|-ability|p1a: Floette|Fairy Aura
|move|p2b: Kangaskhan|Fake Out|p1b: Incineroar
|-damage|p1b: Incineroar|85/100
|cant|p1b: Incineroar|flinch
|move|p2a: Vivillon|Sleep Powder|p1b: Incineroar
|-status|p1b: Incineroar|slp|[from] move: Sleep Powder
|move|p1a: Floette|Dazzling Gleam|p2b: Kangaskhan|[spread] p2a,p2b
|-damage|p2a: Vivillon|34/100
|-damage|p2b: Kangaskhan|48/100
|
|upkeep
|turn|2
|
|t:|1785180458
|switch|p1b: Sinistcha|Sinistcha, L50|100/100
|move|p1a: Floette|Protect|p1a: Floette
|-singleturn|p1a: Floette|Protect
|move|p2a: Vivillon|Sleep Powder|p1a: Floette
|-activate|p1a: Floette|move: Protect
|move|p2b: Kangaskhan|Last Resort|p1a: Floette
|-activate|p1a: Floette|move: Protect
|
|upkeep
|turn|3
|
|t:|1785180470
|move|p1b: Sinistcha|Rage Powder|p1b: Sinistcha
|-singleturn|p1b: Sinistcha|move: Rage Powder
|move|p2a: Vivillon|Sleep Powder|p1b: Sinistcha
|-immune|p1b: Sinistcha
|move|p2b: Kangaskhan|Last Resort|p1b: Sinistcha
|-damage|p1b: Sinistcha|47/100
|move|p1a: Floette|Calm Mind|p1a: Floette
|-boost|p1a: Floette|spa|1
|-boost|p1a: Floette|spd|1
|
|upkeep
|turn|4
|
|t:|1785180483
|move|p1b: Sinistcha|Rage Powder|p1b: Sinistcha
|-singleturn|p1b: Sinistcha|move: Rage Powder
|move|p2a: Vivillon|Tailwind|p2a: Vivillon
|-sidestart|p2: Eggbro999|move: Tailwind
|move|p2b: Kangaskhan|Last Resort|p1b: Sinistcha
|-damage|p1b: Sinistcha|0 fnt
|faint|p1b: Sinistcha
|move|p1a: Floette|Dazzling Gleam|p2a: Vivillon|[spread] p2a,p2b
|-damage|p2a: Vivillon|0 fnt
|-damage|p2b: Kangaskhan|0 fnt
|faint|p2a: Vivillon
|faint|p2b: Kangaskhan
|
|upkeep
|
|t:|1785180490
|switch|p2a: Falinks|Falinks, L50|100/100
|switch|p2b: Garchomp|Garchomp, L50, M|100/100
|switch|p1b: Sneasler|Sneasler, L50, M|100/100
|turn|5
|
|t:|1785180501
|detailschange|p2a: Falinks|Falinks-Mega, L50
|-mega|p2a: Falinks|Falinks|Falinksite
|move|p1b: Sneasler|Fake Out|p2a: Falinks
|-damage|p2a: Falinks|87/100
|move|p2b: Garchomp|Rock Slide|p1a: Floette|[spread] p1a,p1b
|-resisted|p1b: Sneasler|1
|-damage|p1a: Floette|78/100
|-damage|p1b: Sneasler|80/100
|-damage|p2b: Garchomp|90/100|[from] item: Life Orb
|cant|p2a: Falinks|flinch
|move|p1a: Floette|Draining Kiss|p2b: Garchomp
|-supereffective|p2b: Garchomp|1
|-damage|p2b: Garchomp|0 fnt
|-heal|p1a: Floette|100/100|[from] drain|[of] p2b: Garchomp
|-damage|p1a: Floette|88/100|[from] ability: Rough Skin|[of] p2b: Garchomp
|faint|p2b: Garchomp
|
|upkeep
|turn|6
|
|t:|1785180518
|move|p2a: Falinks|Rock Slide|p1b: Sneasler|[spread] p1a,p1b
|-resisted|p1b: Sneasler|1
|-damage|p1a: Floette|70/100
|-damage|p1b: Sneasler|62/100
|move|p1b: Sneasler|Close Combat|p2a: Falinks
|-damage|p2a: Falinks|27/100
|-unboost|p1b: Sneasler|def|1
|-unboost|p1b: Sneasler|spd|1
|cant|p1a: Floette|flinch
|
|upkeep
|turn|7
|
|t:|1785180523
|move|p2a: Falinks|Rock Slide|p1b: Sneasler|[spread] p1a,p1b
|-resisted|p1b: Sneasler|1
|-damage|p1a: Floette|52/100
|-damage|p1b: Sneasler|35/100
|move|p1b: Sneasler|Poison Jab|p2a: Falinks
|-damage|p2a: Falinks|0 fnt
|faint|p2a: Falinks
|
|win|NotNumber1
||NotNumber1 is ready for game 2.
||Eggbro999 is ready for game 2.
|uhtml|next|Next: Game 2 of 3
|l|☆Eggbro999
|player|p2|
