|j|☆Jetboy57
|j|☆Testacc203
|html|Jetboy57Testacc203    
|uhtml|bestof|Game 2 of a best-of-3
|t:|1756581863
|gametype|doubles
|player|p1|Jetboy57|n|1082
|player|p2|Testacc203|dawn-gen4pt|1096
|gen|9
|tier|[Gen 9] VGC 2025 Reg H (Bo3)
|rated|
|rule|Species Clause: Limit one of each Pokémon
|rule|Item Clause: Limit 1 of each item
|clearpoke
|poke|p1|Tyranitar, L50, F|
|poke|p1|Corviknight, L50, F|
|poke|p1|Indeedee, L50, M|
|poke|p1|Amoonguss, L50, F|
|poke|p1|Sneasler, L50, F|
|poke|p1|Garchomp, L50, F|
|poke|p2|Archaludon, L50, M|
|poke|p2|Pelipper, L50, F|
|poke|p2|Basculegion, L50, M|
|poke|p2|Sinistcha, L50|
|poke|p2|Incineroar, L50, M|
|poke|p2|Primarina, L50, M|
|teampreview|4
|showteam|p1|Tyranitar||AssaultVest|SandStream|RockSlide,KnockOff,TeraBlast,LowKick|||F|||50|,,,,,Flying]Corviknight||Leftovers|MirrorArmor|BulkUp,BraveBird,Tailwind,Roost|||F|||50|,,,,,Dragon]Indeedee||FocusSash|PsychicSurge|TrickRoom,ExpandingForce,Imprison,Protect|||M|||50|,,,,,Psychic]Amoonguss||RockyHelmet|Regenerator|Spore,RagePowder,ClearSmog,Protect|||F|||50|,,,,,Water]Sneasler||PsychicSeed|Unburden|ThroatChop,DireClaw,CloseCombat,Protect|||F|||50|,,,,,Dark]Garchomp||LifeOrb|SandVeil|Earthquake,DragonClaw,RockSlide,Protect|||F|||50|,,,,,Fairy
|showteam|p2|Archaludon||AssaultVest|Stamina|ElectroShot,FlashCannon,BodyPress,DracoMeteor|||M|||50|,,,,,Grass]Pelipper||FocusSash|Drizzle|WeatherBall,Hurricane,Tailwind,Protect|||F|||50|,,,,,Ground]Basculegion||ChoiceBand|SwiftSwim|LastRespects,WaveCrash,AquaJet,FlipTurn|||M|||50|,,,,,Water]Sinistcha||SitrusBerry|Hospitality|MatchaGotcha,RagePowder,Protect,LifeDew||||||50|,,,,,Fairy]Incineroar||SafetyGoggles|Intimidate|FakeOut,KnockOff,Taunt,PartingShot|||M|||50|,,,,,Ghost]Primarina||Leftovers|LiquidVoice|HyperVoice,Moonblast,Protect,CalmMind|||M|||50|,,,,,Poison
|inactive|Battle timer is ON: inactive players will automatically lose when time's up. (requested by Testacc203)
|inactive|Jetboy57 has 60 seconds left.
|inactive|Testacc203 has 60 seconds left.
|
|t:|1756581913
|teamsize|p1|4
|teamsize|p2|4
|start
|switch|p1a: Corviknight|Corviknight, L50, F|100/100
|switch|p1b: Indeedee|Indeedee, L50, M|100/100
|switch|p2a: Archaludon|Archaludon, L50, M|100/100
|switch|p2b: Incineroar|Incineroar, L50, M|100/100
|-fieldstart|move: Psychic Terrain|[from] ability: Psychic Surge|[of] p1b: Indeedee
|-ability|p2b: Incineroar|Intimidate|boost
|-ability|p1a: Corviknight|Mirror Armor
|-unboost|p2b: Incineroar|atk|1
|-unboost|p1b: Indeedee|atk|1
|turn|1
|inactive|Jetboy57 has 30 seconds left.
|inactive|Jetboy57 has 20 seconds left.
|inactive|Jetboy57 has 15 seconds left.
|inactive|Jetboy57 has 10 seconds left.
|inactive|Jetboy57 has 5 seconds left.
|
|t:|1756581964
|switch|p2b: Pelipper|Pelipper, L50, F|100/100
|-weather|RainDance|[from] ability: Drizzle|[of] p2b: Pelipper
|switch|p1a: Garchomp|Garchomp, L50, F|100/100
|move|p1b: Indeedee|Expanding Force|p2a: Archaludon|[spread] p2a,p2b
|-resisted|p2a: Archaludon
|-damage|p2a: Archaludon|84/100
|-damage|p2b: Pelipper|14/100
|-ability|p2a: Archaludon|Stamina|boost
|-boost|p2a: Archaludon|def|1
|move|p2a: Archaludon|Electro Shot||[still]
|-prepare|p2a: Archaludon|Electro Shot
|-boost|p2a: Archaludon|spa|1
|-anim|p2a: Archaludon|Electro Shot|p1a: Garchomp
|-immune|p1a: Garchomp
|
|-weather|RainDance|[upkeep]
|upkeep
|turn|2
|inactive|Jetboy57 has 30 seconds left.
|inactive|Jetboy57 has 20 seconds left.
|inactive|Jetboy57 has 15 seconds left.
|inactive|Jetboy57 has 10 seconds left.
|
|t:|1756582014
|switch|p1b: Corviknight|Corviknight, L50, F|100/100
|switch|p2b: Incineroar|Incineroar, L50, M|100/100
|-ability|p2b: Incineroar|Intimidate|boost
|-unboost|p1a: Garchomp|atk|1
|-ability|p1b: Corviknight|Mirror Armor
|-unboost|p2b: Incineroar|atk|1
|move|p1a: Garchomp|Earthquake|p2a: Archaludon|[spread] p2a,p2b
|-immune|p1b: Corviknight
|-supereffective|p2a: Archaludon
|-supereffective|p2b: Incineroar
|-damage|p2a: Archaludon|52/100
|-damage|p2b: Incineroar|44/100
|-ability|p2a: Archaludon|Stamina|boost
|-boost|p2a: Archaludon|def|1
|-damage|p1a: Garchomp|91/100|[from] item: Life Orb
|move|p2a: Archaludon|Electro Shot||[still]
|-prepare|p2a: Archaludon|Electro Shot
|-boost|p2a: Archaludon|spa|1
|-anim|p2a: Archaludon|Electro Shot|p1b: Corviknight
|-supereffective|p1b: Corviknight
|-damage|p1b: Corviknight|0 fnt
|faint|p1b: Corviknight
|
|-weather|RainDance|[upkeep]
|upkeep
|
|t:|1756582035
|switch|p1b: Indeedee|Indeedee, L50, M|100/100
|turn|3
|
|t:|1756582047
|switch|p1a: Tyranitar|Tyranitar, L50, F|100/100
|-weather|Sandstorm|[from] ability: Sand Stream|[of] p1a: Tyranitar
|switch|p2b: Sinistcha|Sinistcha, L50|100/100
|-heal|p2a: Archaludon|77/100|[from] ability: Hospitality|[of] p2b: Sinistcha
|-terastallize|p1b: Indeedee|Psychic
|move|p1b: Indeedee|Expanding Force|p2b: Sinistcha|[spread] p2a,p2b
|-resisted|p2a: Archaludon
|-damage|p2a: Archaludon|54/100
|-damage|p2b: Sinistcha|14/100
|-ability|p2a: Archaludon|Stamina|boost
|-boost|p2a: Archaludon|def|1
|-enditem|p2b: Sinistcha|Sitrus Berry|[eat]
|-heal|p2b: Sinistcha|39/100|[from] item: Sitrus Berry
|move|p2a: Archaludon|Flash Cannon|p1a: Tyranitar
|-supereffective|p1a: Tyranitar
|-damage|p1a: Tyranitar|32/100
|-unboost|p1a: Tyranitar|spd|1
|
|-weather|Sandstorm|[upkeep]
|-damage|p1b: Indeedee|94/100|[from] Sandstorm
|-damage|p2b: Sinistcha|33/100|[from] Sandstorm
|upkeep
|turn|4
|inactive|Jetboy57 has 30 seconds left.
|
|t:|1756582074
|switch|p2b: Incineroar|Incineroar, L50, M|44/100
|-ability|p2b: Incineroar|Intimidate|boost
|-unboost|p1a: Tyranitar|atk|1
|-unboost|p1b: Indeedee|atk|1
|move|p1b: Indeedee|Expanding Force|p2a: Archaludon|[spread] p2a
|-immune|p2b: Incineroar
|-resisted|p2a: Archaludon
|-damage|p2a: Archaludon|32/100
|-ability|p2a: Archaludon|Stamina|boost
|-boost|p2a: Archaludon|def|1
|move|p1a: Tyranitar|Low Kick|p2a: Archaludon
|-supereffective|p2a: Archaludon
|-damage|p2a: Archaludon|22/100
|-ability|p2a: Archaludon|Stamina|boost
|-boost|p2a: Archaludon|def|1
|move|p2a: Archaludon|Flash Cannon|p1b: Indeedee
|-damage|p1b: Indeedee|0 fnt
|faint|p1b: Indeedee
|
|-weather|Sandstorm|[upkeep]
|upkeep
|
|t:|1756582088
|switch|p1b: Garchomp|Garchomp, L50, F|91/100
|turn|5
|
|t:|1756582108
|switch|p2b: Sinistcha|Sinistcha, L50|33/100
|-heal|p2a: Archaludon|47/100|[from] ability: Hospitality|[of] p2b: Sinistcha
|-terastallize|p2a: Archaludon|Grass
|move|p1b: Garchomp|Dragon Claw|p2a: Archaludon
|-crit|p2a: Archaludon
|-damage|p2a: Archaludon|0 fnt
|faint|p2a: Archaludon
|-damage|p1b: Garchomp|81/100|[from] item: Life Orb
|move|p1a: Tyranitar|Knock Off|p2b: Sinistcha
|-supereffective|p2b: Sinistcha
|-damage|p2b: Sinistcha|0 fnt
|faint|p2b: Sinistcha
|
|-weather|Sandstorm|[upkeep]
|-fieldend|move: Psychic Terrain
|upkeep
|c|☆Testacc203|real classy
|-message|Testacc203 forfeited.
|
|win|Jetboy57
|l|☆Testacc203
|player|p2|
||Testacc203 is ready for game 3.
