|j|☆Rorox641
|j|☆anderitur
|html|Rorox641anderitur    
|uhtml|bestof|Game 2 of a best-of-3
|t:|1756289342
|gametype|doubles
|player|p1|Rorox641|wulfric|1174
|player|p2|anderitur|265|1174
|gen|9
|tier|[Gen 9] VGC 2025 Reg H (Bo3)
|rated|
|rule|Species Clause: Limit one of each Pokémon
|rule|Item Clause: Limit 1 of each item
|clearpoke
|poke|p1|Ninetales-Alola, L50, M|
|poke|p1|Rillaboom, L50, F|
|poke|p1|Magmar, L50, M|
|poke|p1|Sneasler, L50, F|
|poke|p1|Kingambit, L50, M|
|poke|p1|Basculegion, L50, M|
|poke|p2|Grimmsnarl, L50, M|
|poke|p2|Sinistcha, L50|
|poke|p2|Archaludon, L50, F|
|poke|p2|Maushold, L50|
|poke|p2|Pelipper, L50, M|
|poke|p2|Annihilape, L50, F|
|teampreview|4
|showteam|p1|Ninetales-Alola||NeverMeltIce|SnowWarning|Blizzard,FreezeDry,Encore,Protect|||M|||50|,,,,,Ghost]Rillaboom||AssaultVest|GrassySurge|WoodHammer,FakeOut,Uturn,GrassyGlide|||F|||50|,,,,,Ghost]Magmar||Eviolite|VitalSpirit|Protect,HeatWave,WillOWisp,FollowMe|||M|||50|,,,,,Ghost]Sneasler||FocusSash|PoisonTouch|FakeOut,DireClaw,CloseCombat,Protect|||F|||50|,,,,,Ghost]Kingambit||BlackGlasses|Defiant|KowtowCleave,SwordsDance,SuckerPunch,Protect|||M|||50|,,,,,Fire]Basculegion||ChoiceScarf|Adaptability|WaveCrash,FlipTurn,TeraBlast,LastRespects|||M|||50|,,,,,Fighting
|showteam|p2|Grimmsnarl||LightClay|Prankster|SpiritBreak,ThunderWave,Reflect,LightScreen|||M|||50|,,,,,Ghost]Sinistcha||SitrusBerry|Hospitality|MatchaGotcha,LifeDew,RagePowder,TrickRoom||||||50|,,,,,Dark]Archaludon||AssaultVest|Stamina|ElectroShot,FlashCannon,BodyPress,Snarl|||F|||50|,,,,,Grass]Maushold||SafetyGoggles|FriendGuard|BeatUp,Taunt,FollowMe,Protect||||||50|,,,,,Ghost]Pelipper||FocusSash|Drizzle|Hurricane,WeatherBall,Tailwind,Protect|||M|||50|,,,,,Ghost]Annihilape||Leftovers|Defiant|DrainPunch,RageFist,BulkUp,Protect|||F|||50|,,,,,Water
|inactive|Battle timer is ON: inactive players will automatically lose when time's up. (requested by Rorox641)
|inactive|anderitur also wants the timer to be on.
|inactive|Rorox641 has 60 seconds left.
|
|t:|1756289380
|teamsize|p1|4
|teamsize|p2|4
|start
|switch|p1a: Kingambit|Kingambit, L50, M|100/100
|switch|p1b: Basculegion|Basculegion, L50, M|100/100
|switch|p2a: Maushold|Maushold, L50|100/100
|switch|p2b: Annihilape|Annihilape, L50, F|100/100
|turn|1
|
|t:|1756289401
|-terastallize|p2b: Annihilape|Water
|move|p1a: Kingambit|Sucker Punch||[still]
|-fail|p1a: Kingambit
|move|p1b: Basculegion|Wave Crash|p2b: Annihilape
|-resisted|p2b: Annihilape
|-damage|p2b: Annihilape|70/100
|-damage|p1b: Basculegion|90/100|[from] Recoil
|move|p2a: Maushold|Beat Up|p2b: Annihilape
|-damage|p2b: Annihilape|68/100
|-damage|p2b: Annihilape|65/100
|-damage|p2b: Annihilape|63/100
|-damage|p2b: Annihilape|61/100
|-hitcount|p2b: Annihilape|4
|move|p2b: Annihilape|Bulk Up|p2b: Annihilape
|-boost|p2b: Annihilape|atk|1
|-boost|p2b: Annihilape|def|1
|
|-heal|p2b: Annihilape|67/100|[from] item: Leftovers
|upkeep
|turn|2
|inactive|anderitur has 30 seconds left.
|
|t:|1756289430
|switch|p2a: Sinistcha|Sinistcha, L50|100/100
|-heal|p2b: Annihilape|92/100|[from] ability: Hospitality|[of] p2a: Sinistcha
|move|p2b: Annihilape|Protect|p2b: Annihilape
|-singleturn|p2b: Annihilape|Protect
|move|p1a: Kingambit|Sucker Punch||[still]
|-fail|p1a: Kingambit
|move|p1b: Basculegion|Wave Crash|p2a: Sinistcha
|-resisted|p2a: Sinistcha
|-damage|p2a: Sinistcha|62/100
|-damage|p1b: Basculegion|79/100|[from] Recoil
|
|-heal|p2b: Annihilape|98/100|[from] item: Leftovers
|upkeep
|turn|3
|
|t:|1756289455
|-terastallize|p1a: Kingambit|Fire
|move|p2a: Sinistcha|Rage Powder|p2a: Sinistcha
|-singleturn|p2a: Sinistcha|move: Rage Powder
|move|p1b: Basculegion|Wave Crash|p2a: Sinistcha
|-resisted|p2a: Sinistcha
|-damage|p2a: Sinistcha|27/100
|-enditem|p2a: Sinistcha|Sitrus Berry|[eat]
|-heal|p2a: Sinistcha|52/100|[from] item: Sitrus Berry
|-damage|p1b: Basculegion|68/100|[from] Recoil
|move|p2b: Annihilape|Drain Punch|p1a: Kingambit
|-damage|p1a: Kingambit|65/100
|-heal|p2b: Annihilape|100/100|[from] drain|[of] p1a: Kingambit
|move|p1a: Kingambit|Kowtow Cleave|p2a: Sinistcha
|-supereffective|p2a: Sinistcha
|-damage|p2a: Sinistcha|0 fnt
|faint|p2a: Sinistcha
|
|upkeep
|
|t:|1756289475
|switch|p2a: Maushold|Maushold, L50|100/100
|turn|4
|
|t:|1756289485
|switch|p1b: Rillaboom|Rillaboom, L50, F|100/100
|-fieldstart|move: Grassy Terrain|[from] ability: Grassy Surge|[of] p1b: Rillaboom
|move|p2a: Maushold|Follow Me|p2a: Maushold
|-singleturn|p2a: Maushold|move: Follow Me
|move|p2b: Annihilape|Rage Fist|p1a: Kingambit
|-damage|p1a: Kingambit|0 fnt
|faint|p1a: Kingambit
|
|upkeep
|
|t:|1756289498
|switch|p1a: Basculegion|Basculegion, L50, M|68/100
|turn|5
|
|t:|1756289511
|switch|p2b: Archaludon|Archaludon, L50, F|100/100
|switch|p1b: Sneasler|Sneasler, L50, F|100/100
|move|p1a: Basculegion|Wave Crash|p2a: Maushold
|-damage|p2a: Maushold|0 fnt
|faint|p2a: Maushold
|-damage|p1a: Basculegion|37/100|[from] Recoil
|
|-heal|p1a: Basculegion|43/100|[from] Grassy Terrain
|upkeep
|
|t:|1756289524
|switch|p2a: Annihilape|Annihilape, L50, F, tera:Water|100/100
|turn|6
|
|t:|1756289537
|switch|p1a: Rillaboom|Rillaboom, L50, F|100/100
|move|p1b: Sneasler|Fake Out|p2a: Annihilape
|-damage|p2a: Annihilape|85/100
|cant|p2a: Annihilape|flinch
|move|p2b: Archaludon|Flash Cannon|p1b: Sneasler
|-damage|p1b: Sneasler|53/100
|-unboost|p1b: Sneasler|spd|1
|
|-heal|p1b: Sneasler|59/100|[from] Grassy Terrain
|-heal|p2a: Annihilape|91/100|[from] Grassy Terrain
|-heal|p2a: Annihilape|97/100|[from] item: Leftovers
|upkeep
|turn|7
|
|t:|1756289558
|switch|p1b: Basculegion|Basculegion, L50, M|43/100
|move|p2a: Annihilape|Protect|p2a: Annihilape
|-singleturn|p2a: Annihilape|Protect
|move|p1a: Rillaboom|Fake Out|p2a: Annihilape
|-activate|p2a: Annihilape|move: Protect
|move|p2b: Archaludon|Flash Cannon|p1b: Basculegion
|-resisted|p1b: Basculegion
|-damage|p1b: Basculegion|23/100
|
|-heal|p1b: Basculegion|30/100|[from] Grassy Terrain
|-heal|p2a: Annihilape|100/100|[from] Grassy Terrain
|upkeep
|turn|8
|inactive|anderitur has 30 seconds left.
|
|t:|1756289588
|move|p1b: Basculegion|Last Respects|p2a: Annihilape
|-damage|p2a: Annihilape|33/100
|move|p2a: Annihilape|Rage Fist|p1b: Basculegion
|-supereffective|p1b: Basculegion
|-damage|p1b: Basculegion|0 fnt
|faint|p1b: Basculegion
|move|p1a: Rillaboom|Wood Hammer|p2a: Annihilape
|-supereffective|p2a: Annihilape
|-damage|p2a: Annihilape|0 fnt
|faint|p2a: Annihilape
|-damage|p1a: Rillaboom|90/100|[from] Recoil
|move|p2b: Archaludon|Flash Cannon|p1a: Rillaboom
|-damage|p1a: Rillaboom|66/100
|
|-heal|p1a: Rillaboom|72/100|[from] Grassy Terrain
|-fieldend|move: Grassy Terrain
|upkeep
|
|t:|1756289595
|switch|p1b: Sneasler|Sneasler, L50, F|59/100
|turn|9
|
|t:|1756289604
|move|p1b: Sneasler|Close Combat|p2b: Archaludon
|-supereffective|p2b: Archaludon
|-damage|p2b: Archaludon|24/100
|-unboost|p1b: Sneasler|def|1
|-unboost|p1b: Sneasler|spd|1
|-ability|p2b: Archaludon|Stamina|boost
|-boost|p2b: Archaludon|def|1
|move|p1a: Rillaboom|Wood Hammer|p2b: Archaludon
|-resisted|p2b: Archaludon
|-damage|p2b: Archaludon|19/100
|-ability|p2b: Archaludon|Stamina|boost
|-boost|p2b: Archaludon|def|1
|-damage|p1a: Rillaboom|70/100|[from] Recoil
|move|p2b: Archaludon|Flash Cannon|p1b: Sneasler
|-damage|p1b: Sneasler|0 fnt
|faint|p1b: Sneasler
|
|upkeep
|turn|10
|
|t:|1756289626
|move|p1a: Rillaboom|Wood Hammer|p2b: Archaludon
|-resisted|p2b: Archaludon
|-damage|p2b: Archaludon|14/100
|-ability|p2b: Archaludon|Stamina|boost
|-boost|p2b: Archaludon|def|1
|-damage|p1a: Rillaboom|68/100|[from] Recoil
|move|p2b: Archaludon|Body Press|p1a: Rillaboom
|-damage|p1a: Rillaboom|3/100
|
|upkeep
|turn|11
|
|t:|1756289637
|move|p1a: Rillaboom|Wood Hammer|p2b: Archaludon
|-resisted|p2b: Archaludon
|-damage|p2b: Archaludon|11/100
|-ability|p2b: Archaludon|Stamina|boost
|-boost|p2b: Archaludon|def|1
|-damage|p1a: Rillaboom|2/100|[from] Recoil
|move|p2b: Archaludon|Body Press|p1a: Rillaboom
|-damage|p1a: Rillaboom|0 fnt
|faint|p1a: Rillaboom
|
|win|anderitur
|raw|Rorox641's rating: 1174 → 1149(-25 for losing)
|raw|anderitur's rating: 1174 → 1199(+25 for winning)
|l|☆Rorox641
|player|p1|
