|j|☆J4yz1lla
|j|☆ninha1600
|html|J4yz1llaninha1600    
|uhtml|bestof|Game 3 of a best-of-3
|t:|1757738062
|gametype|doubles
|player|p1|J4yz1lla|1|1166
|player|p2|ninha1600|101|1078
|gen|9
|tier|[Gen 9] VGC 2025 Reg H (Bo3)
|rated|
|rule|Species Clause: Limit one of each Pokémon
|rule|Item Clause: Limit 1 of each item
|clearpoke
|poke|p1|Garchomp, L50, F|
|poke|p1|Tyranitar, L50, M|
|poke|p1|Corviknight, L50, F|
|poke|p1|Gastrodon, L50, M|
|poke|p1|Annihilape, L50, F|
|poke|p1|Grimmsnarl, L50, M|
|poke|p2|Dragonite, L50, M|
|poke|p2|Gholdengo, L50|
|poke|p2|Rillaboom, L50, F|
|poke|p2|Arcanine-Hisui, L50, F|
|poke|p2|Annihilape, L50, M|
|poke|p2|Murkrow, L50, M|
|teampreview|4
|showteam|p1|Garchomp||ClearAmulet|RoughSkin|Earthquake,SwordsDance,Protect,IronHead|||F|||50|,,,,,Steel]Tyranitar||AssaultVest|SandStream|LowKick,RockSlide,KnockOff,HighHorsepower|||M|||50|,,,,,Flying]Corviknight||SitrusBerry|MirrorArmor|BodyPress,BulkUp,BraveBird,Tailwind|||F|||50|,,,,,Dragon]Gastrodon||CovertCloak|StormDrain|Yawn,MuddyWater,Protect,EarthPower|||M|||50|,,,,,Poison]Annihilape||Leftovers|Defiant|BulkUp,RageFist,DrainPunch,Protect|||F|||50|,,,,,Water]Grimmsnarl||LightClay|Prankster|Reflect,LightScreen,MistyTerrain,SpiritBreak|||M|||50|,,,,,Ghost
|showteam|p2|Dragonite||LoadedDice|Multiscale|Protect,ScaleShot,LowKick,ExtremeSpeed|||M|||50|,,,,,Fairy]Gholdengo||ChoiceSpecs|GoodasGold|Thunderbolt,PowerGem,MakeItRain,ShadowBall||||||50|,,,,,Steel]Rillaboom||AssaultVest|GrassySurge|FakeOut,HighHorsepower,WoodHammer,GrassyGlide|||F|||50|,,,,,Fire]Arcanine-Hisui||ClearAmulet|Intimidate|Protect,FlareBlitz,RockSlide,ExtremeSpeed|||F|||50|,,,,,Water]Annihilape||FocusSash|Defiant|Coaching,CloseCombat,RageFist,FinalGambit|||M|||50|,,,,,Electric]Murkrow||Eviolite|Prankster|Haze,Tailwind,FoulPlay,Taunt|||M|||50|,,,,,Ghost
|
|t:|1757738130
|teamsize|p1|4
|teamsize|p2|4
|start
|switch|p1a: Tyranitar|Tyranitar, L50, M|100/100
|switch|p1b: Grimmsnarl|Grimmsnarl, L50, M|100/100
|switch|p2a: Murkrow|Murkrow, L50, M, shiny|100/100
|switch|p2b: Dragonite|Dragonite, L50, M|100/100
|-weather|Sandstorm|[from] ability: Sand Stream|[of] p1a: Tyranitar
|turn|1
|
|t:|1757738230
|switch|p1a: Corviknight|Corviknight, L50, F|100/100
|move|p2a: Murkrow|Tailwind|p2a: Murkrow
|-sidestart|p2: ninha1600|move: Tailwind
|move|p2b: Dragonite|Low Kick|p1a: Corviknight
|-damage|p1a: Corviknight|80/100
|move|p1b: Grimmsnarl|Spirit Break|p2b: Dragonite
|-supereffective|p2b: Dragonite
|-damage|p2b: Dragonite|66/100
|-unboost|p2b: Dragonite|spa|1
|
|-weather|Sandstorm|[upkeep]
|-damage|p2b: Dragonite|60/100|[from] Sandstorm
|-damage|p2a: Murkrow|95/100|[from] Sandstorm
|-damage|p1b: Grimmsnarl|95/100|[from] Sandstorm
|upkeep
|turn|2
|
|t:|1757738261
|switch|p2a: Gholdengo|Gholdengo, L50|100/100
|move|p2b: Dragonite|Protect|p2b: Dragonite
|-singleturn|p2b: Dragonite|Protect
|move|p1b: Grimmsnarl|Reflect|p1b: Grimmsnarl
|-sidestart|p1: J4yz1lla|Reflect
|move|p1a: Corviknight|Brave Bird|p2b: Dragonite
|-activate|p2b: Dragonite|move: Protect
|
|-weather|Sandstorm|[upkeep]
|-damage|p2b: Dragonite|54/100|[from] Sandstorm
|-damage|p1b: Grimmsnarl|89/100|[from] Sandstorm
|upkeep
|turn|3
|
|t:|1757738287
|switch|p2b: Murkrow|Murkrow, L50, M, shiny|95/100
|-terastallize|p2a: Gholdengo|Steel
|move|p1b: Grimmsnarl|Light Screen|p1b: Grimmsnarl
|-sidestart|p1: J4yz1lla|move: Light Screen
|move|p2a: Gholdengo|Make It Rain|p1b: Grimmsnarl|[spread] p1a,p1b
|-resisted|p1a: Corviknight
|-supereffective|p1b: Grimmsnarl
|-damage|p1a: Corviknight|56/100
|-damage|p1b: Grimmsnarl|0 fnt
|-unboost|p2a: Gholdengo|spa|1
|faint|p1b: Grimmsnarl
|move|p1a: Corviknight|Tailwind|p1a: Corviknight
|-sidestart|p1: J4yz1lla|move: Tailwind
|
|-weather|Sandstorm|[upkeep]
|-damage|p2b: Murkrow|89/100|[from] Sandstorm
|upkeep
|
|t:|1757738302
|switch|p1b: Garchomp|Garchomp, L50, F|100/100
|turn|4
|
|t:|1757738315
|switch|p2a: Dragonite|Dragonite, L50, M|54/100
|-terastallize|p1b: Garchomp|Steel
|move|p2b: Murkrow|Tailwind||[still]
|-fail|p2b: Murkrow
|move|p1b: Garchomp|Iron Head|p2b: Murkrow
|-damage|p2b: Murkrow|33/100
|move|p1a: Corviknight|Brave Bird|p2b: Murkrow
|-damage|p2b: Murkrow|0 fnt
|faint|p2b: Murkrow
|-damage|p1a: Corviknight|47/100|[from] Recoil
|-enditem|p1a: Corviknight|Sitrus Berry|[eat]
|-heal|p1a: Corviknight|72/100|[from] item: Sitrus Berry
|
|-weather|Sandstorm|[upkeep]
|-damage|p2a: Dragonite|48/100|[from] Sandstorm
|-sideend|p2: ninha1600|move: Tailwind
|upkeep
|
|t:|1757738336
|switch|p2b: Annihilape|Annihilape, L50, M|100/100
|turn|5
|
|t:|1757738350
|move|p2a: Dragonite|Protect|p2a: Dragonite
|-singleturn|p2a: Dragonite|Protect
|move|p1b: Garchomp|Iron Head|p2a: Dragonite
|-activate|p2a: Dragonite|move: Protect
|move|p1a: Corviknight|Bulk Up|p1a: Corviknight
|-boost|p1a: Corviknight|atk|1
|-boost|p1a: Corviknight|def|1
|move|p2b: Annihilape|Coaching|p2a: Dragonite
|-boost|p2a: Dragonite|atk|1
|-boost|p2a: Dragonite|def|1
|
|-weather|none
|upkeep
|turn|6
|
|t:|1757738379
|move|p1b: Garchomp|Iron Head|p2a: Dragonite
|-damage|p2a: Dragonite|16/100
|move|p1a: Corviknight|Brave Bird|p2b: Annihilape
|-supereffective|p2b: Annihilape
|-enditem|p2b: Annihilape|Focus Sash
|-damage|p2b: Annihilape|1/100
|-damage|p1a: Corviknight|37/100|[from] Recoil
|move|p2b: Annihilape|Final Gambit|p1a: Corviknight
|-damage|p1a: Corviknight|37/100
|faint|p2b: Annihilape
|cant|p2a: Dragonite|flinch
|
|-sideend|p1: J4yz1lla|move: Tailwind
|upkeep
|
|t:|1757738394
|switch|p2b: Gholdengo|Gholdengo, L50, tera:Steel|100/100
|turn|7
|
|t:|1757738436
|move|p1b: Garchomp|Iron Head|p2a: Dragonite
|-crit|p2a: Dragonite
|-damage|p2a: Dragonite|0 fnt
|faint|p2a: Dragonite
|move|p2b: Gholdengo|Make It Rain|p1b: Garchomp|[spread] p1a,p1b
|-resisted|p1a: Corviknight
|-resisted|p1b: Garchomp
|-damage|p1a: Corviknight|14/100
|-damage|p1b: Garchomp|68/100
|-unboost|p2b: Gholdengo|spa|1
|move|p1a: Corviknight|Tailwind|p1a: Corviknight
|-sidestart|p1: J4yz1lla|move: Tailwind
|
|upkeep
|turn|8
|-message|ninha1600 forfeited.
|raw|J4yz1lla's rating: 1166 → 1185(+19 for winning)
|raw|ninha1600's rating: 1078 → 1062(-16 for losing)
|
|win|J4yz1lla
|l|☆ninha1600
|player|p2|
|l|☆J4yz1lla
|player|p1|
