|j|☆psychic system
|j|☆Vuultur
|html|psychic systemVuultur    
|uhtml|bestof|Game 1 of a best-of-3
|t:|1756917399
|gametype|doubles
|player|p1|psychic system|lucas|1150
|player|p2|Vuultur|hilbert-wonderlauncher|1173
|gen|9
|tier|[Gen 9] VGC 2025 Reg H (Bo3)
|rated|
|rule|Species Clause: Limit one of each Pokémon
|rule|Item Clause: Limit 1 of each item
|clearpoke
|poke|p1|Rillaboom, L50, F|
|poke|p1|Florges, L50, F|
|poke|p1|Amoonguss, L50, F|
|poke|p1|Kingambit, L50, F|
|poke|p1|Incineroar, L50, F|
|poke|p1|Pelipper, L50, M|
|poke|p2|Gholdengo, L50|
|poke|p2|Amoonguss, L50, M|
|poke|p2|Basculegion, L50, M|
|poke|p2|Pelipper, L50, M|
|poke|p2|Incineroar, L50, M|
|poke|p2|Archaludon, L50, F|
|teampreview|4
|showteam|p1|Rillaboom||AssaultVest|GrassySurge|FakeOut,GrassyGlide,DrumBeating,Uturn|||F|||50|,,,,,Fire]Florges||Leftovers|FlowerVeil|Moonblast,DazzlingGleam,CalmMind,Protect|||F|||50|,,,,,Grass]Amoonguss||SitrusBerry|Regenerator|ClearSmog,Spore,PollenPuff,RagePowder|||F|||50|,,,,,Water]Kingambit||BlackGlasses|Defiant|Protect,KowtowCleave,SuckerPunch,SwordsDance|||F|||50|,,,,,Ghost]Incineroar||SafetyGoggles|Intimidate|FakeOut,KnockOff,FlareBlitz,PartingShot|||F|||50|,,,,,Ghost]Pelipper||ChoiceScarf|Drizzle|MuddyWater,Hurricane,IcyWind,WeatherBall|||M|||50|,,,,,Water
|showteam|p2|Gholdengo||LifeOrb|GoodasGold|MakeItRain,ShadowBall,NastyPlot,Protect||||||50|,,,,,Water]Amoonguss||SitrusBerry|Regenerator|Spore,RagePowder,PollenPuff,ClearSmog|||M|||50|,,,,,Psychic]Basculegion||ChoiceBand|SwiftSwim|WaveCrash,FlipTurn,LastRespects,AquaJet|||M|||50|,,,,,Water]Pelipper||FocusSash|Drizzle|WeatherBall,Hurricane,Tailwind,Protect|||M|||50|,,,,,Ground]Incineroar||SafetyGoggles|Intimidate|FlareBlitz,KnockOff,PartingShot,FakeOut|||M|||50|,,,,,Ghost]Archaludon||AssaultVest|Stamina|ElectroShot,FlashCannon,DracoMeteor,BodyPress|||F|||50|,,,,,Bug
|inactive|Battle timer is ON: inactive players will automatically lose when time's up. (requested by psychic system)
|inactive|psychic system has 60 seconds left.
|inactive|Vuultur has 60 seconds left.
|inactive|Vuultur has 30 seconds left.
|inactive|Vuultur has 20 seconds left.
|inactive|Vuultur has 15 seconds left.
|inactive|Vuultur has 10 seconds left.
|inactive|Vuultur has 5 seconds left.
|
|t:|1756917489
|teamsize|p1|4
|teamsize|p2|4
|start
|switch|p1a: Florges|Florges, L50, F|100/100
|switch|p1b: Kingambit|Kingambit, L50, F|100/100
|switch|p2a: Pelipper|Pelipper, L50, M|100/100
|switch|p2b: Archaludon|Archaludon, L50, F|100/100
|-weather|RainDance|[from] ability: Drizzle|[of] p2a: Pelipper
|turn|1
|inactive|psychic system has 30 seconds left.
|inactive|Vuultur has 30 seconds left.
|
|t:|1756917522
|move|p2b: Archaludon|Electro Shot||[still]
|-prepare|p2b: Archaludon|Electro Shot
|-boost|p2b: Archaludon|spa|1
|-anim|p2b: Archaludon|Electro Shot|p1b: Kingambit
|-damage|p1b: Kingambit|36/100
|move|p2a: Pelipper|Tailwind|p2a: Pelipper
|-sidestart|p2: Vuultur|move: Tailwind
|move|p1a: Florges|Calm Mind|p1a: Florges
|-boost|p1a: Florges|spa|1
|-boost|p1a: Florges|spd|1
|move|p1b: Kingambit|Kowtow Cleave|p2a: Pelipper
|-damage|p2a: Pelipper|27/100
|
|-weather|RainDance|[upkeep]
|upkeep
|turn|2
|inactive|Vuultur has 30 seconds left.
|inactive|psychic system has 30 seconds left.
|
|t:|1756917561
|switch|p2a: Amoonguss|Amoonguss, L50, M|100/100
|switch|p1b: Amoonguss|Amoonguss, L50, F|100/100
|move|p2b: Archaludon|Electro Shot||[still]
|-prepare|p2b: Archaludon|Electro Shot
|-boost|p2b: Archaludon|spa|1
|-anim|p2b: Archaludon|Electro Shot|p1b: Amoonguss
|-resisted|p1b: Amoonguss
|-damage|p1b: Amoonguss|66/100
|move|p1a: Florges|Calm Mind|p1a: Florges
|-boost|p1a: Florges|spa|1
|-boost|p1a: Florges|spd|1
|
|-weather|RainDance|[upkeep]
|upkeep
|turn|3
|inactive|Vuultur has 30 seconds left.
|inactive|psychic system has 30 seconds left.
|
|t:|1756917597
|switch|p2b: Gholdengo|Gholdengo, L50|100/100
|-terastallize|p1a: Florges|Grass
|move|p1a: Florges|Moonblast|p2b: Gholdengo
|-resisted|p2b: Gholdengo
|-damage|p2b: Gholdengo|58/100
|move|p2a: Amoonguss|Clear Smog|p1a: Florges
|-supereffective|p1a: Florges
|-crit|p1a: Florges
|-damage|p1a: Florges|69/100
|-clearboost|p1a: Florges
|move|p1b: Amoonguss|Spore|p2b: Gholdengo
|-immune|p2b: Gholdengo|[from] ability: Good as Gold
|
|-weather|RainDance|[upkeep]
|-heal|p1a: Florges|75/100|[from] item: Leftovers
|upkeep
|turn|4
|inactive|psychic system has 30 seconds left.
|inactive|Vuultur has 30 seconds left.
|inactive|psychic system has 20 seconds left.
|inactive|psychic system has 15 seconds left.
|inactive|psychic system has 10 seconds left.
|inactive|psychic system has 5 seconds left.
|
|t:|1756917650
|switch|p1b: Kingambit|Kingambit, L50, F|36/100
|move|p2b: Gholdengo|Nasty Plot|p2b: Gholdengo
|-boost|p2b: Gholdengo|spa|2
|move|p2a: Amoonguss|Pollen Puff|p2b: Gholdengo
|-heal|p2b: Gholdengo|100/100
|move|p1a: Florges|Moonblast|p2b: Gholdengo
|-resisted|p2b: Gholdengo
|-damage|p2b: Gholdengo|76/100
|
|-weather|RainDance|[upkeep]
|-heal|p1a: Florges|81/100|[from] item: Leftovers
|-sideend|p2: Vuultur|move: Tailwind
|upkeep
|turn|5
|
|t:|1756917669
|move|p1a: Florges|Protect|p1a: Florges
|-singleturn|p1a: Florges|Protect
|move|p1b: Kingambit|Protect|p1b: Kingambit
|-singleturn|p1b: Kingambit|Protect
|move|p2a: Amoonguss|Rage Powder|p2a: Amoonguss
|-singleturn|p2a: Amoonguss|move: Rage Powder
|move|p2b: Gholdengo|Make It Rain|p1a: Florges|[spread] 
|-activate|p1a: Florges|move: Protect
|-activate|p1b: Kingambit|move: Protect
|
|-weather|none
|-heal|p1a: Florges|87/100|[from] item: Leftovers
|upkeep
|turn|6
|
|t:|1756917684
|move|p2a: Amoonguss|Rage Powder|p2a: Amoonguss
|-singleturn|p2a: Amoonguss|move: Rage Powder
|move|p1b: Kingambit|Sucker Punch||[still]
|-fail|p1b: Kingambit
|move|p2b: Gholdengo|Nasty Plot|p2b: Gholdengo
|-boost|p2b: Gholdengo|spa|2
|move|p1a: Florges|Calm Mind|p1a: Florges
|-boost|p1a: Florges|spa|1
|-boost|p1a: Florges|spd|1
|
|-heal|p1a: Florges|94/100|[from] item: Leftovers
|upkeep
|turn|7
|j| roman_legend
|
|t:|1756917709
|move|p2a: Amoonguss|Rage Powder|p2a: Amoonguss
|-singleturn|p2a: Amoonguss|move: Rage Powder
|move|p2b: Gholdengo|Make It Rain|p1b: Kingambit|[spread] p1a,p1b
|-resisted|p1b: Kingambit
|-damage|p1a: Florges|16/100
|-damage|p1b: Kingambit|0 fnt
|-unboost|p2b: Gholdengo|spa|1
|faint|p1b: Kingambit
|-damage|p2b: Gholdengo|67/100|[from] item: Life Orb
|move|p1a: Florges|Calm Mind|p1a: Florges
|-boost|p1a: Florges|spa|1
|-boost|p1a: Florges|spd|1
|
|-heal|p1a: Florges|23/100|[from] item: Leftovers
|upkeep
|
|t:|1756917719
|switch|p1b: Rillaboom|Rillaboom, L50, F|100/100
|-fieldstart|move: Grassy Terrain|[from] ability: Grassy Surge|[of] p1b: Rillaboom
|turn|8
|l| roman_legend
|
|t:|1756917727
|move|p2b: Gholdengo|Protect|p2b: Gholdengo
|-singleturn|p2b: Gholdengo|Protect
|move|p1a: Florges|Protect|p1a: Florges
|-singleturn|p1a: Florges|Protect
|move|p1b: Rillaboom|Drum Beating|p2b: Gholdengo
|-activate|p2b: Gholdengo|move: Protect
|move|p2a: Amoonguss|Clear Smog|p1a: Florges
|-activate|p1a: Florges|move: Protect
|
|-heal|p2b: Gholdengo|73/100|[from] Grassy Terrain
|-heal|p1a: Florges|29/100|[from] Grassy Terrain
|-heal|p1a: Florges|35/100|[from] item: Leftovers
|upkeep
|turn|9
|
|t:|1756917748
|switch|p2b: Pelipper|Pelipper, L50, M|27/100
|-weather|RainDance|[from] ability: Drizzle|[of] p2b: Pelipper
|move|p1b: Rillaboom|Drum Beating|p2b: Pelipper
|-damage|p2b: Pelipper|0 fnt
|faint|p2b: Pelipper
|move|p1a: Florges|Moonblast|p2a: Amoonguss
|-resisted|p2a: Amoonguss
|-damage|p2a: Amoonguss|66/100
|move|p2a: Amoonguss|Clear Smog|p1a: Florges
|-supereffective|p1a: Florges
|-damage|p1a: Florges|24/100
|-clearboost|p1a: Florges
|
|-weather|RainDance|[upkeep]
|-heal|p1a: Florges|30/100|[from] Grassy Terrain
|-heal|p1a: Florges|36/100|[from] item: Leftovers
|-heal|p2a: Amoonguss|72/100|[from] Grassy Terrain
|upkeep
|
|t:|1756917773
|switch|p2b: Archaludon|Archaludon, L50, F|100/100
|turn|10
|
|t:|1756917790
|switch|p1b: Amoonguss|Amoonguss, L50, F|99/100
|switch|p2a: Gholdengo|Gholdengo, L50|73/100
|move|p1a: Florges|Protect|p1a: Florges
|-singleturn|p1a: Florges|Protect
|move|p2b: Archaludon|Electro Shot||[still]
|-prepare|p2b: Archaludon|Electro Shot
|-boost|p2b: Archaludon|spa|1
|-anim|p2b: Archaludon|Electro Shot|p1a: Florges
|-activate|p1a: Florges|move: Protect
|
|-weather|RainDance|[upkeep]
|-heal|p2a: Gholdengo|79/100|[from] Grassy Terrain
|-heal|p1a: Florges|43/100|[from] Grassy Terrain
|-heal|p1a: Florges|49/100|[from] item: Leftovers
|-heal|p1b: Amoonguss|100/100|[from] Grassy Terrain
|upkeep
|turn|11
|
|t:|1756917810
|move|p2a: Gholdengo|Nasty Plot|p2a: Gholdengo
|-boost|p2a: Gholdengo|spa|2
|move|p2b: Archaludon|Electro Shot||[still]
|-prepare|p2b: Archaludon|Electro Shot
|-boost|p2b: Archaludon|spa|1
|-anim|p2b: Archaludon|Electro Shot|p1a: Florges
|-resisted|p1a: Florges
|-damage|p1a: Florges|20/100
|move|p1a: Florges|Calm Mind|p1a: Florges
|-boost|p1a: Florges|spa|1
|-boost|p1a: Florges|spd|1
|move|p1b: Amoonguss|Spore|p2b: Archaludon
|-status|p2b: Archaludon|slp|[from] move: Spore
|
|-weather|RainDance|[upkeep]
|-heal|p2a: Gholdengo|85/100|[from] Grassy Terrain
|-heal|p1a: Florges|27/100|[from] Grassy Terrain
|-heal|p1a: Florges|33/100|[from] item: Leftovers
|upkeep
|turn|12
|
|t:|1756917831
|switch|p1b: Rillaboom|Rillaboom, L50, F|100/100
|move|p1a: Florges|Protect|p1a: Florges
|-singleturn|p1a: Florges|Protect
|move|p2a: Gholdengo|Nasty Plot|p2a: Gholdengo
|-boost|p2a: Gholdengo|spa|2
|cant|p2b: Archaludon|slp
|
|-weather|RainDance|[upkeep]
|-heal|p2a: Gholdengo|90/100|[from] Grassy Terrain
|-heal|p1a: Florges|39/100|[from] Grassy Terrain
|-heal|p1a: Florges|45/100|[from] item: Leftovers
|-fieldend|move: Grassy Terrain
|upkeep
|turn|13
|
|t:|1756917851
|move|p2a: Gholdengo|Make It Rain|p1b: Rillaboom|[spread] p1a,p1b
|-damage|p1a: Florges|0 fnt
|-damage|p1b: Rillaboom|0 fnt
|-unboost|p2a: Gholdengo|spa|1
|faint|p1a: Florges
|faint|p1b: Rillaboom
|-damage|p2a: Gholdengo|81/100|[from] item: Life Orb
|-curestatus|p2b: Archaludon|slp|[msg]
|move|p2b: Archaludon|Draco Meteor|p1: Florges|[notarget]
|-fail|p2b: Archaludon
|
|-weather|none
|upkeep
|-message|psychic system forfeited.
|
|win|Vuultur
||Vuultur is ready for game 2.
