|j|☆Atrix MJ
|j|☆Capravolante97
|html|Atrix MJCapravolante97    
|uhtml|bestof|Game 1 of a best-of-3
|t:|1756648603
|gametype|doubles
|player|p1|Atrix MJ|miku-fire|1387
|player|p2|Capravolante97|102|1311
|gen|9
|tier|[Gen 9] VGC 2025 Reg H (Bo3)
|rated|
|rule|Species Clause: Limit one of each Pokémon
|rule|Item Clause: Limit 1 of each item
|clearpoke
|poke|p1|Kommo-o, L50, F|
|poke|p1|Mimikyu, L50, M|
|poke|p1|Tyranitar, L50, M|
|poke|p1|Incineroar, L50, M|
|poke|p1|Ursaluna, L50, F|
|poke|p1|Amoonguss, L50, F|
|poke|p2|Grimmsnarl, L50, M|
|poke|p2|Gholdengo, L50|
|poke|p2|Rillaboom, L50, F|
|poke|p2|Incineroar, L50, M|
|poke|p2|Annihilape, L50, F|
|poke|p2|Sinistcha-Masterpiece, L50|
|teampreview|4
|showteam|p1|Kommo-o||ThroatSpray|Soundproof|ClangingScales,Flamethrower,ClangorousSoul,Protect|||F|||50|,,,,,Fire]Mimikyu||LifeOrb|Disguise|PlayRough,TrickRoom,ShadowSneak,Curse|||M|||50|,,,,,Steel]Tyranitar||AssaultVest|SandStream|RockSlide,KnockOff,LowKick,TeraBlast|||M|||50|,,,,,Flying]Incineroar||SafetyGoggles|Intimidate|FakeOut,PartingShot,KnockOff,FlareBlitz|||M|||50|,,,,,Ghost]Ursaluna||FlameOrb|Guts|Facade,HeadlongRush,Earthquake,Protect|||F|||50|,,,,,Ghost]Amoonguss||RockyHelmet|Regenerator|Spore,RagePowder,Protect,SludgeBomb|||F|||50|,,,,,Dark
|showteam|p2|Grimmsnarl||LightClay|Prankster|Reflect,LightScreen,ThunderWave,SpiritBreak|||M|||50|,,,,,Ghost]Gholdengo||GrassySeed|GoodasGold|MakeItRain,ShadowBall,NastyPlot,Protect||||||50|,,,,,Water]Rillaboom||AssaultVest|GrassySurge|HighHorsepower,WoodHammer,GrassyGlide,FakeOut|||F|||50|,,,,,Water]Incineroar||SitrusBerry|Intimidate|FakeOut,KnockOff,FlareBlitz,PartingShot|||M|||50|,,,,,Grass]Annihilape||SafetyGoggles|Defiant|RageFist,Protect,DrainPunch,BulkUp|||F|||50|,,,,,Fire]Sinistcha-Masterpiece||RockyHelmet|Hospitality|MatchaGotcha,RagePowder,TrickRoom,Curse||||||50|,,,,,Dark
|inactive|Battle timer is ON: inactive players will automatically lose when time's up. (requested by Atrix MJ)
|inactive|Atrix MJ has 60 seconds left.
|
|t:|1756648640
|teamsize|p1|4
|teamsize|p2|4
|start
|switch|p1a: SOVREIGNTY|Tyranitar, L50, M|100/100
|switch|p1b: DEPARTURE|Ursaluna, L50, F, shiny|100/100
|switch|p2a: Annihilape|Annihilape, L50, F|100/100
|switch|p2b: Grimmsnarl|Grimmsnarl, L50, M|100/100
|-weather|Sandstorm|[from] ability: Sand Stream|[of] p1a: SOVREIGNTY
|turn|1
|
|t:|1756648658
|-terastallize|p1a: SOVREIGNTY|Flying
|move|p2b: Grimmsnarl|Reflect|p2b: Grimmsnarl
|-sidestart|p2: Capravolante97|Reflect
|move|p2a: Annihilape|Bulk Up|p2a: Annihilape
|-boost|p2a: Annihilape|atk|1
|-boost|p2a: Annihilape|def|1
|move|p1a: SOVREIGNTY|Tera Blast|p2a: Annihilape|[anim] Tera Blast Flying
|-supereffective|p2a: Annihilape
|-damage|p2a: Annihilape|52/100
|move|p1b: DEPARTURE|Headlong Rush|p2a: Annihilape
|-damage|p2a: Annihilape|14/100
|-unboost|p1b: DEPARTURE|def|1
|-unboost|p1b: DEPARTURE|spd|1
|
|-weather|Sandstorm|[upkeep]
|-damage|p1a: SOVREIGNTY|95/100|[from] Sandstorm
|-damage|p2b: Grimmsnarl|95/100|[from] Sandstorm
|-status|p1b: DEPARTURE|brn|[from] item: Flame Orb
|upkeep
|turn|2
|
|t:|1756648682
|switch|p2b: Sinistcha|Sinistcha-Masterpiece, L50|100/100
|-heal|p2a: Annihilape|39/100|[from] ability: Hospitality|[of] p2b: Sinistcha
|switch|p1b: GEAR 5|Kommo-o, L50, F|100/100
|move|p2a: Annihilape|Protect|p2a: Annihilape
|-singleturn|p2a: Annihilape|Protect
|move|p1a: SOVREIGNTY|Tera Blast|p2a: Annihilape|[anim] Tera Blast Flying
|-activate|p2a: Annihilape|move: Protect
|
|-weather|Sandstorm|[upkeep]
|-damage|p1b: GEAR 5|94/100|[from] Sandstorm
|-damage|p2b: Sinistcha|94/100|[from] Sandstorm
|-damage|p1a: SOVREIGNTY|89/100|[from] Sandstorm
|upkeep
|turn|3
|inactive|Capravolante97 has 30 seconds left.
|
|t:|1756648713
|move|p2b: Sinistcha|Rage Powder|p2b: Sinistcha
|-singleturn|p2b: Sinistcha|move: Rage Powder
|move|p1b: GEAR 5|Clangorous Soul|p1b: GEAR 5
|-boost|p1b: GEAR 5|atk|1
|-boost|p1b: GEAR 5|def|1
|-boost|p1b: GEAR 5|spa|1
|-boost|p1b: GEAR 5|spd|1
|-boost|p1b: GEAR 5|spe|1
|-damage|p1b: GEAR 5|62/100
|-enditem|p1b: GEAR 5|Throat Spray
|-boost|p1b: GEAR 5|spa|1|[from] item: Throat Spray
|move|p2a: Annihilape|Drain Punch|p1b: GEAR 5
|-damage|p1b: GEAR 5|27/100
|-heal|p2a: Annihilape|52/100|[from] drain|[of] p1b: GEAR 5
|move|p1a: SOVREIGNTY|Knock Off|p2b: Sinistcha
|-supereffective|p2b: Sinistcha
|-damage|p2b: Sinistcha|30/100
|-damage|p1a: SOVREIGNTY|72/100|[from] item: Rocky Helmet|[of] p2b: Sinistcha
|-enditem|p2b: Sinistcha|Rocky Helmet|[from] move: Knock Off|[of] p1a: SOVREIGNTY
|
|-weather|Sandstorm|[upkeep]
|-damage|p1b: GEAR 5|21/100|[from] Sandstorm
|-damage|p2b: Sinistcha|24/100|[from] Sandstorm
|-damage|p1a: SOVREIGNTY|67/100|[from] Sandstorm
|upkeep
|turn|4
|
|t:|1756648735
|switch|p2b: Grimmsnarl|Grimmsnarl, L50, M|95/100
|switch|p1a: PUNK ROTTEN|Incineroar, L50, M|100/100
|-ability|p1a: PUNK ROTTEN|Intimidate|boost
|-unboost|p2a: Annihilape|atk|1
|-ability|p2a: Annihilape|Defiant|boost
|-boost|p2a: Annihilape|atk|2
|-unboost|p2b: Grimmsnarl|atk|1
|move|p2a: Annihilape|Protect|p2a: Annihilape
|-singleturn|p2a: Annihilape|Protect
|move|p1b: GEAR 5|Clanging Scales|p2b: Grimmsnarl|[spread] 
|-activate|p2a: Annihilape|move: Protect
|-immune|p2b: Grimmsnarl
|
|-weather|Sandstorm|[upkeep]
|-damage|p1b: GEAR 5|15/100|[from] Sandstorm
|-damage|p2b: Grimmsnarl|89/100|[from] Sandstorm
|upkeep
|turn|5
|inactive|Capravolante97 has 30 seconds left.
|inactive|Capravolante97 has 20 seconds left.
|inactive|Capravolante97 has 15 seconds left.
|inactive|Capravolante97 has 10 seconds left.
|
|t:|1756648783
|move|p1a: PUNK ROTTEN|Fake Out|p2b: Grimmsnarl
|-damage|p2b: Grimmsnarl|80/100
|cant|p2b: Grimmsnarl|flinch
|move|p1b: GEAR 5|Clanging Scales|p2a: Annihilape|[spread] p2a
|-immune|p2b: Grimmsnarl
|-damage|p2a: Annihilape|0 fnt
|faint|p2a: Annihilape
|-unboost|p1b: GEAR 5|def|1
|
|-weather|none
|upkeep
|
|t:|1756648795
|switch|p2a: Incineroar|Incineroar, L50, M|100/100
|-ability|p2a: Incineroar|Intimidate|boost
|-unboost|p1a: PUNK ROTTEN|atk|1
|-unboost|p1b: GEAR 5|atk|1
|turn|6
|
|t:|1756648815
|move|p1b: GEAR 5|Protect|p1b: GEAR 5
|-singleturn|p1b: GEAR 5|Protect
|move|p1a: PUNK ROTTEN|Knock Off|p2a: Incineroar
|-resisted|p2a: Incineroar
|-crit|p2a: Incineroar
|-damage|p2a: Incineroar|72/100
|-enditem|p2a: Incineroar|Sitrus Berry|[from] move: Knock Off|[of] p1a: PUNK ROTTEN
|move|p2a: Incineroar|Parting Shot|p1a: PUNK ROTTEN
|-unboost|p1a: PUNK ROTTEN|atk|1
|-unboost|p1a: PUNK ROTTEN|spa|1
|
|t:|1756648817
|switch|p2a: Sinistcha|Sinistcha-Masterpiece, L50|24/100|[from] Parting Shot
|-heal|p2b: Grimmsnarl|100/100|[from] ability: Hospitality|[of] p2a: Sinistcha
|move|p2b: Grimmsnarl|Spirit Break|p1b: GEAR 5
|-activate|p1b: GEAR 5|move: Protect
|
|upkeep
|turn|7
|
|t:|1756648838
|switch|p2a: Incineroar|Incineroar, L50, M|72/100
|-ability|p2a: Incineroar|Intimidate|boost
|-unboost|p1a: PUNK ROTTEN|atk|1
|-unboost|p1b: GEAR 5|atk|1
|move|p1b: GEAR 5|Flamethrower|p2b: Grimmsnarl
|-damage|p2b: Grimmsnarl|56/100
|-status|p2b: Grimmsnarl|brn
|move|p1a: PUNK ROTTEN|Flare Blitz|p2a: Incineroar
|-resisted|p2a: Incineroar
|-damage|p2a: Incineroar|66/100
|-damage|p1a: PUNK ROTTEN|98/100|[from] Recoil
|move|p2b: Grimmsnarl|Spirit Break|p1b: GEAR 5
|-supereffective|p1b: GEAR 5
|-damage|p1b: GEAR 5|0 fnt
|faint|p1b: GEAR 5
|
|-damage|p2b: Grimmsnarl|50/100 brn|[from] brn
|upkeep
|
|t:|1756648843
|switch|p1b: SOVREIGNTY|Tyranitar, L50, M, tera:Flying|67/100
|-weather|Sandstorm|[from] ability: Sand Stream|[of] p1b: SOVREIGNTY
|turn|8
|
|t:|1756648856
|move|p2a: Incineroar|Fake Out|p1b: SOVREIGNTY
|-damage|p1b: SOVREIGNTY|56/100
|move|p2b: Grimmsnarl|Thunder Wave|p1b: SOVREIGNTY
|-status|p1b: SOVREIGNTY|par
|move|p1a: PUNK ROTTEN|Parting Shot|p2a: Incineroar
|-unboost|p2a: Incineroar|atk|1
|-unboost|p2a: Incineroar|spa|1
|
|t:|1756648859
|switch|p1a: DEPARTURE|Ursaluna, L50, F, shiny|100/100 brn|[from] Parting Shot
|cant|p1b: SOVREIGNTY|flinch
|
|-weather|Sandstorm|[upkeep]
|-damage|p2a: Incineroar|60/100|[from] Sandstorm
|-damage|p2b: Grimmsnarl|45/100 brn|[from] Sandstorm
|-damage|p1b: SOVREIGNTY|50/100 par|[from] Sandstorm
|-damage|p2b: Grimmsnarl|39/100 brn|[from] brn
|-damage|p1a: DEPARTURE|95/100 brn|[from] brn
|-sideend|p2: Capravolante97|Reflect
|upkeep
|turn|9
|
|t:|1756648872
|switch|p2b: Sinistcha|Sinistcha-Masterpiece, L50|24/100
|-heal|p2a: Incineroar|85/100|[from] ability: Hospitality|[of] p2b: Sinistcha
|-terastallize|p2a: Incineroar|Grass
|move|p2a: Incineroar|Parting Shot|p1b: SOVREIGNTY
|-unboost|p1b: SOVREIGNTY|atk|1
|-unboost|p1b: SOVREIGNTY|spa|1
|
|t:|1756648881
|switch|p2a: Grimmsnarl|Grimmsnarl, L50, M|39/100 brn|[from] Parting Shot
|move|p1a: DEPARTURE|Earthquake|p2a: Grimmsnarl|[spread] p2a,p2b
|-immune|p1b: SOVREIGNTY
|-resisted|p2b: Sinistcha
|-damage|p2a: Grimmsnarl|0 fnt
|-damage|p2b: Sinistcha|0 fnt
|faint|p2a: Grimmsnarl
|faint|p2b: Sinistcha
|move|p1b: SOVREIGNTY|Rock Slide|p2: Grimmsnarl|[notarget]
|-fail|p1b: SOVREIGNTY
|
|-weather|Sandstorm|[upkeep]
|-damage|p1b: SOVREIGNTY|44/100 par|[from] Sandstorm
|-damage|p1a: DEPARTURE|89/100 brn|[from] brn
|upkeep
|
|t:|1756648888
|switch|p2b: Incineroar|Incineroar, L50, M, tera:Grass|85/100
|-ability|p2b: Incineroar|Intimidate|boost
|-unboost|p1a: DEPARTURE|atk|1
|-unboost|p1b: SOVREIGNTY|atk|1
|turn|10
|-message|Capravolante97 forfeited.
|
|win|Atrix MJ
|l|☆Capravolante97
|player|p2|
