|j|â˜†JeanChasuble
|j|â˜†DioXyPKMN
|html|JeanChasubleDioXyPKMN    
|uhtml|bestof|Game 1 of a best-of-3
|t:|1757002438
|gametype|doubles
|player|p1|JeanChasuble|cheren-gen5bw2|
|player|p2|DioXyPKMN|steven|
|gen|9
|tier|[Gen 9] VGC 2025 Reg H (Bo3)
|rule|Species Clause: Limit one of each PokÃ©mon
|rule|Item Clause: Limit 1 of each item
|clearpoke
|poke|p1|Talonflame, L50, M|
|poke|p1|Garchomp, L50, M|
|poke|p1|Incineroar, L50, F|
|poke|p1|Gholdengo, L50|
|poke|p1|Tyranitar, L50, M|
|poke|p1|Amoonguss, L50, F|
|poke|p2|Torkoal, L50, F|
|poke|p2|Armarouge, L50, F|
|poke|p2|Indeedee-F, L50, F|
|poke|p2|Ursaluna, L50, M|
|poke|p2|Typhlosion-Hisui, L50, F|
|poke|p2|Sneasler, L50, M|
|teampreview|4
|showteam|p1|Talonflame||CovertCloak|GaleWings|BraveBird,Taunt,Tailwind,WillOWisp|||M|||50|,,,,,Ghost]Garchomp||ClearAmulet|RoughSkin|DragonClaw,Earthquake,StompingTantrum,Protect|||M|||50|,,,,,Fairy]Incineroar||SafetyGoggles|Intimidate|FlareBlitz,KnockOff,FakeOut,PartingShot|||F|||50|,,,,,Ghost]Gholdengo||LifeOrb|GoodasGold|MakeItRain,ShadowBall,NastyPlot,Protect||||||50|,,,,,Water]Tyranitar||AssaultVest|SandStream|KnockOff,TeraBlast,RockSlide,LowKick|||M|||50|,,,,,Flying]Amoonguss||SitrusBerry|Regenerator|SludgeBomb,RagePowder,Spore,Protect|||F|||50|,,,,,Water
|showteam|p2|Torkoal||Charcoal|Drought|HeatWave,Eruption,EarthPower,Protect|||F|||50|,,,,,Fire]Armarouge||CovertCloak|FlashFire|ExpandingForce,HeatWave,ArmorCannon,TrickRoom|||F|||50|,,,,,Grass]Indeedee-F||SafetyGoggles|PsychicSurge|TrickRoom,FollowMe,HelpingHand,Psychic|||F|||50|,,,,,Dark]Ursaluna||FlameOrb|Guts|Protect,Facade,Earthquake,HeadlongRush|||M|||50|,,,,,Ghost]Typhlosion-Hisui||ChoiceScarf|Blaze|Eruption,ShadowBall,HeatWave,ThunderPunch|||F|||50|,,,,,Fire]Sneasler||PsychicSeed|Unburden|DireClaw,CloseCombat,Acrobatics,Protect|||M|||50|,,,,,Flying
|inactive|Battle timer is ON: inactive players will automatically lose when time's up. (requested by DioXyPKMN)
|c|â˜†JeanChasuble|GLHF!
|c|â˜†DioXyPKMN|gl !
|inactive|JeanChasuble has 60 seconds left.
|inactive|DioXyPKMN has 60 seconds left.
|inactive|JeanChasuble has 30 seconds left.
|inactive|DioXyPKMN has 30 seconds left.
|inactive|JeanChasuble has 20 seconds left.
|inactive|DioXyPKMN has 20 seconds left.
|inactive|JeanChasuble has 15 seconds left.
|inactive|DioXyPKMN has 15 seconds left.
|inactive|JeanChasuble has 10 seconds left.
|inactive|DioXyPKMN has 10 seconds left.
|
|t:|1757002528
|teamsize|p1|4
|teamsize|p2|4
|start
|switch|p1a: Talonflame|Talonflame, L50, M|100/100
|switch|p1b: Garchomp|Garchomp, L50, M, shiny|100/100
|switch|p2a: Indeedee|Indeedee-F, L50, F|100/100
|switch|p2b: Sneasler|Sneasler, L50, M|100/100
|-fieldstart|move: Psychic Terrain|[from] ability: Psychic Surge|[of] p2a: Indeedee
|-enditem|p2b: Sneasler|Psychic Seed
|-boost|p2b: Sneasler|spd|1|[from] item: Psychic Seed
|turn|1
|inactive|JeanChasuble has 30 seconds left.
|inactive|DioXyPKMN has 30 seconds left.
|inactive|DioXyPKMN has 20 seconds left.
|inactive|DioXyPKMN has 15 seconds left.
|inactive|DioXyPKMN has 10 seconds left.
|inactive|DioXyPKMN has 5 seconds left.
|
|t:|1757002583
|move|p1b: Garchomp|Protect|p1b: Garchomp
|-singleturn|p1b: Garchomp|Protect
|move|p1a: Talonflame|Tailwind|p1a: Talonflame
|-sidestart|p1: JeanChasuble|move: Tailwind
|move|p2b: Sneasler|Dire Claw|p1b: Garchomp
|-activate|p1b: Garchomp|move: Protect
|move|p2a: Indeedee|Trick Room|p2a: Indeedee
|-fieldstart|move: Trick Room|[of] p2a: Indeedee
|
|upkeep
|turn|2
|inactive|DioXyPKMN has 30 seconds left.
|
|t:|1757002615
|switch|p1b: Incineroar|Incineroar, L50, F, shiny|100/100
|-ability|p1b: Incineroar|Intimidate|boost
|-unboost|p2a: Indeedee|atk|1
|-unboost|p2b: Sneasler|atk|1
|move|p2a: Indeedee|Follow Me|p2a: Indeedee
|-singleturn|p2a: Indeedee|move: Follow Me
|move|p1a: Talonflame|Will-O-Wisp|p2a: Indeedee
|-status|p2a: Indeedee|brn
|move|p2b: Sneasler|Dire Claw|p1b: Incineroar
|-damage|p1b: Incineroar|73/100
|-status|p1b: Incineroar|slp
|
|-damage|p2a: Indeedee|94/100 brn|[from] brn
|upkeep
|turn|3
|inactive|JeanChasuble has 30 seconds left.
|
|t:|1757002644
|switch|p2a: Armarouge|Armarouge, L50, F|100/100
|switch|p1b: Garchomp|Garchomp, L50, M, shiny|100/100
|switch|p2b: Torkoal|Torkoal, L50, F|100/100
|-weather|SunnyDay|[from] ability: Drought|[of] p2b: Torkoal
|move|p1a: Talonflame|Taunt|p2a: Armarouge
|-start|p2a: Armarouge|move: Taunt
|
|-weather|SunnyDay|[upkeep]
|upkeep
|turn|4
|inactive|JeanChasuble has 30 seconds left.
|inactive|DioXyPKMN has 30 seconds left.
|
|t:|1757002674
|switch|p1a: Tyranitar|Tyranitar, L50, M|100/100
|-weather|Sandstorm|[from] ability: Sand Stream|[of] p1a: Tyranitar
|move|p1b: Garchomp|Protect|p1b: Garchomp
|-singleturn|p1b: Garchomp|Protect
|move|p2b: Torkoal|Earth Power|p1a: Tyranitar
|-supereffective|p1a: Tyranitar
|-damage|p1a: Tyranitar|80/100
|move|p2a: Armarouge|Expanding Force|p1a: Tyranitar|[spread] 
|-activate|p1b: Garchomp|move: Protect
|-immune|p1a: Tyranitar
|
|-weather|Sandstorm|[upkeep]
|-damage|p2b: Torkoal|94/100|[from] Sandstorm
|-damage|p2a: Armarouge|94/100|[from] Sandstorm
|-sideend|p1: JeanChasuble|move: Tailwind
|upkeep
|turn|5
|inactive|JeanChasuble has 30 seconds left.
|inactive|DioXyPKMN has 30 seconds left.
|inactive|JeanChasuble has 20 seconds left.
|inactive|DioXyPKMN has 20 seconds left.
|inactive|JeanChasuble has 15 seconds left.
|inactive|DioXyPKMN has 15 seconds left.
|inactive|JeanChasuble has 10 seconds left.
|inactive|DioXyPKMN has 10 seconds left.
|inactive|DioXyPKMN has 5 seconds left.
|
|t:|1757002728
|switch|p1b: Incineroar|Incineroar, L50, F, shiny|73/100 slp
|-ability|p1b: Incineroar|Intimidate|boost
|-unboost|p2a: Armarouge|atk|1
|-unboost|p2b: Torkoal|atk|1
|move|p2b: Torkoal|Eruption|p1b: Incineroar|[spread] p1a,p1b
|-resisted|p1a: Tyranitar
|-resisted|p1b: Incineroar
|-damage|p1a: Tyranitar|71/100
|-damage|p1b: Incineroar|46/100 slp
|move|p2a: Armarouge|Expanding Force|p1b: Incineroar|[spread] 
|-immune|p1a: Tyranitar
|-immune|p1b: Incineroar
|move|p1a: Tyranitar|Rock Slide|p2b: Torkoal|[spread] p2a,p2b
|-supereffective|p2a: Armarouge
|-supereffective|p2b: Torkoal
|-damage|p2a: Armarouge|35/100
|-damage|p2b: Torkoal|43/100
|
|-weather|Sandstorm|[upkeep]
|-damage|p2b: Torkoal|37/100|[from] Sandstorm
|-damage|p2a: Armarouge|29/100|[from] Sandstorm
|-end|p2a: Armarouge|move: Taunt
|-fieldend|move: Trick Room
|-fieldend|move: Psychic Terrain
|upkeep
|turn|6
|inactive|JeanChasuble has 30 seconds left.
|inactive|DioXyPKMN has 30 seconds left.
|
|t:|1757002757
|switch|p2a: Sneasler|Sneasler, L50, M|100/100
|switch|p2b: Indeedee|Indeedee-F, L50, F|94/100 brn
|-fieldstart|move: Psychic Terrain|[from] ability: Psychic Surge|[of] p2b: Indeedee
|cant|p1b: Incineroar|slp
|move|p1a: Tyranitar|Rock Slide|p2b: Indeedee|[spread] p2a,p2b
|-resisted|p2a: Sneasler
|-damage|p2a: Sneasler|75/100
|-damage|p2b: Indeedee|57/100 brn
|
|-weather|Sandstorm|[upkeep]
|-damage|p2a: Sneasler|69/100|[from] Sandstorm
|-damage|p2b: Indeedee|51/100 brn|[from] brn
|upkeep
|turn|7
|inactive|JeanChasuble has 30 seconds left.
|inactive|DioXyPKMN has 30 seconds left.
|inactive|JeanChasuble has 20 seconds left.
|inactive|JeanChasuble has 15 seconds left.
|inactive|DioXyPKMN has 20 seconds left.
|inactive|DioXyPKMN has 15 seconds left.
|inactive|DioXyPKMN has 10 seconds left.
|inactive|DioXyPKMN has 5 seconds left.
|
|t:|1757002815
|-terastallize|p1a: Tyranitar|Flying
|move|p2a: Sneasler|Close Combat|p1a: Tyranitar
|-resisted|p1a: Tyranitar
|-damage|p1a: Tyranitar|44/100
|-unboost|p2a: Sneasler|def|1
|-unboost|p2a: Sneasler|spd|1
|-curestatus|p1b: Incineroar|slp|[msg]
|move|p1b: Incineroar|Parting Shot|p2a: Sneasler
|-unboost|p2a: Sneasler|atk|1
|-unboost|p2a: Sneasler|spa|1
|
|t:|1757002826
|switch|p1b: Talonflame|Talonflame, L50, M|100/100|[from] Parting Shot
|move|p1a: Tyranitar|Knock Off|p2b: Indeedee
|-supereffective|p2b: Indeedee
|-damage|p2b: Indeedee|0 fnt
|-enditem|p2b: Indeedee|Safety Goggles|[from] move: Knock Off|[of] p1a: Tyranitar
|faint|p2b: Indeedee
|
|-weather|Sandstorm|[upkeep]
|-damage|p2a: Sneasler|63/100|[from] Sandstorm
|-damage|p1b: Talonflame|94/100|[from] Sandstorm
|-damage|p1a: Tyranitar|38/100|[from] Sandstorm
|upkeep
|
|t:|1757002845
|switch|p2b: Torkoal|Torkoal, L50, F|37/100
|-weather|SunnyDay|[from] ability: Drought|[of] p2b: Torkoal
|turn|8
|
|t:|1757002866
|switch|p2a: Armarouge|Armarouge, L50, F|29/100
|switch|p1a: Incineroar|Incineroar, L50, F, shiny|46/100
|-ability|p1a: Incineroar|Intimidate|boost
|-unboost|p2a: Armarouge|atk|1
|-unboost|p2b: Torkoal|atk|1
|move|p1b: Talonflame|Tailwind|p1b: Talonflame
|-sidestart|p1: JeanChasuble|move: Tailwind
|move|p2b: Torkoal|Heat Wave|p1b: Talonflame|[spread] p1a,p1b
|-resisted|p1a: Incineroar
|-resisted|p1b: Talonflame
|-damage|p1a: Incineroar|17/100
|-damage|p1b: Talonflame|59/100
|
|-weather|SunnyDay|[upkeep]
|upkeep
|turn|9
|inactive|DioXyPKMN has 30 seconds left.
|
|t:|1757002895
|switch|p1b: Tyranitar|Tyranitar, L50, M, tera:Flying|38/100
|-weather|Sandstorm|[from] ability: Sand Stream|[of] p1b: Tyranitar
|move|p1a: Incineroar|Knock Off|p2a: Armarouge
|-supereffective|p2a: Armarouge
|-damage|p2a: Armarouge|0 fnt
|-enditem|p2a: Armarouge|Covert Cloak|[from] move: Knock Off|[of] p1a: Incineroar
|faint|p2a: Armarouge
|move|p2b: Torkoal|Heat Wave|p1b: Tyranitar|[spread] p1b
|-miss|p2b: Torkoal|p1a: Incineroar
|-damage|p1b: Tyranitar|17/100
|
|-weather|Sandstorm|[upkeep]
|-damage|p1b: Tyranitar|11/100|[from] Sandstorm
|-damage|p2b: Torkoal|31/100|[from] Sandstorm
|upkeep
|
|t:|1757002905
|switch|p2a: Sneasler|Sneasler, L50, M|63/100
|turn|10
|
|t:|1757002929
|-terastallize|p2a: Sneasler|Flying
|move|p1a: Incineroar|Flare Blitz|p2a: Sneasler
|-damage|p2a: Sneasler|0 fnt
|faint|p2a: Sneasler
|-damage|p1a: Incineroar|1/100|[from] Recoil
|move|p1b: Tyranitar|Rock Slide|p2b: Torkoal|[miss]
|-miss|p1b: Tyranitar|p2b: Torkoal
|move|p2b: Torkoal|Earth Power|p1a: Incineroar
|-supereffective|p1a: Incineroar
|-damage|p1a: Incineroar|0 fnt
|faint|p1a: Incineroar
|
|-weather|Sandstorm|[upkeep]
|-damage|p1b: Tyranitar|5/100|[from] Sandstorm
|-damage|p2b: Torkoal|25/100|[from] Sandstorm
|-fieldend|move: Psychic Terrain
|upkeep
|
|t:|1757002942
|switch|p1a: Garchomp|Garchomp, L50, M, shiny|100/100
|turn|11
|
|t:|1757002952
|move|p1a: Garchomp|Stomping Tantrum|p2b: Torkoal
|-supereffective|p2b: Torkoal
|-damage|p2b: Torkoal|0 fnt
|faint|p2b: Torkoal
|
|win|JeanChasuble
||DioXyPKMN is ready for game 2.
||JeanChasuble is ready for game 2.
|uhtml|next|Next: Game 2 of 3
