|j|☆shudaonan
|j|☆maish
|html|shudaonanmaish    
|uhtml|bestof|Game 3 of a best-of-3
|t:|1756502189
|gametype|doubles
|player|p1|shudaonan|170|1207
|player|p2|maish|roxie|1109
|gen|9
|tier|[Gen 9] VGC 2025 Reg H (Bo3)
|rated|
|rule|Species Clause: Limit one of each Pokémon
|rule|Item Clause: Limit 1 of each item
|clearpoke
|poke|p1|Whimsicott, L50, M|
|poke|p1|Garchomp, L50, F|
|poke|p1|Gholdengo, L50|
|poke|p1|Incineroar, L50, M|
|poke|p1|Sneasler, L50, M|
|poke|p1|Dragonite, L50, M|
|poke|p2|Pelipper, L50, M|
|poke|p2|Archaludon, L50, M|
|poke|p2|Basculegion, L50, M|
|poke|p2|Amoonguss, L50, F|
|poke|p2|Incineroar, L50, M|
|poke|p2|Gholdengo, L50|
|teampreview|4
|showteam|p1|Whimsicott||FocusSash|Prankster|Moonblast,Tailwind,Encore,Protect|||M|||50|,,,,,Ghost]Garchomp||LifeOrb|RoughSkin|Earthquake,DragonClaw,StompingTantrum,Protect|||F|||50|,,,,,Ground]Gholdengo||ChoiceSpecs|GoodasGold|MakeItRain,ShadowBall,Trick,Protect||||||50|,,,,,Steel]Incineroar||AssaultVest|Intimidate|FakeOut,FlareBlitz,KnockOff,Uturn|||M|||50|,,,,,Grass]Sneasler||WhiteHerb|Unburden|FakeOut,DireClaw,CloseCombat,Protect|||M|||50|,,,,,Stellar]Dragonite||ChoiceBand|InnerFocus|ExtremeSpeed,Outrage,IceSpinner,StompingTantrum|||M|||50|,,,,,Normal
|showteam|p2|Pelipper||FocusSash|Drizzle|WeatherBall,Hurricane,Tailwind,Protect|||M|||50|,,,,,Ghost]Archaludon||AssaultVest|Stamina|DragonPulse,ElectroShot,Snarl,BodyPress|||M|||50|,,,,,Grass]Basculegion||ChoiceBand|SwiftSwim|WaveCrash,AquaJet,LastRespects,FlipTurn|||M|||50|,,,,,Grass]Amoonguss||RockyHelmet|Regenerator|RagePowder,PollenPuff,Spore,Protect|||F|||50|,,,,,Water]Incineroar||SafetyGoggles|Intimidate|FakeOut,FlareBlitz,PartingShot,KnockOff|||M|||50|,,,,,Water]Gholdengo||LifeOrb|GoodasGold|MakeItRain,ShadowBall,NastyPlot,Protect||||||50|,,,,,Dragon
|inactive|Battle timer is ON: inactive players will automatically lose when time's up. (requested by maish)
|inactive|maish has 60 seconds left.
|
|t:|1756502231
|teamsize|p1|4
|teamsize|p2|4
|start
|switch|p1a: Whimsicott|Whimsicott, L50, M|100/100
|switch|p1b: Gholdengo|Gholdengo, L50|100/100
|switch|p2a: Archaludon|Archaludon, L50, M, shiny|100/100
|switch|p2b: Incineroar|Incineroar, L50, M, shiny|100/100
|-ability|p2b: Incineroar|Intimidate|boost
|-unboost|p1a: Whimsicott|atk|1
|-unboost|p1b: Gholdengo|atk|1
|turn|1
|inactive|shudaonan has 30 seconds left.
|inactive|shudaonan has 20 seconds left.
|
|t:|1756502268
|move|p2b: Incineroar|Fake Out|p1a: Whimsicott
|-damage|p1a: Whimsicott|83/100
|cant|p1a: Whimsicott|flinch
|move|p1b: Gholdengo|Shadow Ball|p2a: Archaludon
|-damage|p2a: Archaludon|56/100
|-ability|p2a: Archaludon|Stamina|boost
|-boost|p2a: Archaludon|def|1
|move|p2a: Archaludon|Snarl|p1a: Whimsicott|[spread] p1a,p1b
|-resisted|p1a: Whimsicott
|-supereffective|p1b: Gholdengo
|-damage|p1a: Whimsicott|72/100
|-damage|p1b: Gholdengo|71/100
|-unboost|p1a: Whimsicott|spa|1
|-unboost|p1b: Gholdengo|spa|1
|
|upkeep
|turn|2
|inactive|maish has 30 seconds left.
|inactive|maish has 20 seconds left.
|inactive|shudaonan has 30 seconds left.
|inactive|maish has 15 seconds left.
|inactive|maish has 10 seconds left.
|
|t:|1756502318
|move|p1a: Whimsicott|Moonblast|p2a: Archaludon
|-damage|p2a: Archaludon|39/100
|-ability|p2a: Archaludon|Stamina|boost
|-boost|p2a: Archaludon|def|1
|move|p1b: Gholdengo|Shadow Ball|p2a: Archaludon
|-damage|p2a: Archaludon|10/100
|-ability|p2a: Archaludon|Stamina|boost
|-boost|p2a: Archaludon|def|1
|move|p2a: Archaludon|Snarl|p1b: Gholdengo|[spread] p1a,p1b
|-resisted|p1a: Whimsicott
|-supereffective|p1b: Gholdengo
|-damage|p1a: Whimsicott|61/100
|-damage|p1b: Gholdengo|38/100
|-unboost|p1a: Whimsicott|spa|1
|-unboost|p1b: Gholdengo|spa|1
|move|p2b: Incineroar|Flare Blitz|p1a: Whimsicott
|-supereffective|p1a: Whimsicott
|-crit|p1a: Whimsicott
|-damage|p1a: Whimsicott|0 fnt
|faint|p1a: Whimsicott
|-damage|p2b: Incineroar|87/100|[from] Recoil
|
|upkeep
|inactive|shudaonan has 30 seconds left.
|
|t:|1756502345
|switch|p1a: Sneasler|Sneasler, L50, M|100/100
|turn|3
|inactive|maish has 30 seconds left.
|
|t:|1756502376
|-terastallize|p2b: Incineroar|Water
|move|p1a: Sneasler|Dire Claw|p2b: Incineroar
|-damage|p2b: Incineroar|59/100
|move|p1b: Gholdengo|Shadow Ball|p2a: Archaludon
|-damage|p2a: Archaludon|0 fnt
|faint|p2a: Archaludon
|move|p2b: Incineroar|Flare Blitz|p1b: Gholdengo
|-supereffective|p1b: Gholdengo
|-damage|p1b: Gholdengo|0 fnt
|faint|p1b: Gholdengo
|-damage|p2b: Incineroar|49/100|[from] Recoil
|
|upkeep
|l|☆shudaonan
|inactive|shudaonan disconnected and has a minute to reconnect!
|player|p1|
|j|☆shudaonan
|inactive|shudaonan reconnected and has 45 seconds left.
|player|p1|shudaonan|170|
|
|t:|1756502393
|switch|p1b: Garchomp|Garchomp, L50, F|100/100
|switch|p2a: Basculegion|Basculegion, L50, M, shiny|100/100
|turn|4
|
|t:|1756502415
|switch|p2b: Pelipper|Pelipper, L50, M, shiny|100/100
|-weather|RainDance|[from] ability: Drizzle|[of] p2b: Pelipper
|move|p1b: Garchomp|Protect|p1b: Garchomp
|-singleturn|p1b: Garchomp|Protect
|move|p2a: Basculegion|Wave Crash|p1b: Garchomp
|-activate|p1b: Garchomp|move: Protect
|move|p1a: Sneasler|Dire Claw|p2a: Basculegion
|-resisted|p2a: Basculegion
|-damage|p2a: Basculegion|72/100
|
|-weather|RainDance|[upkeep]
|upkeep
|turn|5
|
|t:|1756502437
|move|p1b: Garchomp|Protect|p1b: Garchomp
|-singleturn|p1b: Garchomp|Protect
|move|p2a: Basculegion|Wave Crash|p1b: Garchomp
|-activate|p1b: Garchomp|move: Protect
|move|p1a: Sneasler|Dire Claw|p2a: Basculegion
|-resisted|p2a: Basculegion
|-damage|p2a: Basculegion|47/100
|-status|p2a: Basculegion|slp
|move|p2b: Pelipper|Hurricane|p1a: Sneasler
|-supereffective|p1a: Sneasler
|-damage|p1a: Sneasler|0 fnt
|faint|p1a: Sneasler
|
|-weather|RainDance|[upkeep]
|upkeep
|turn|6
|
|t:|1756502461
|switch|p2a: Incineroar|Incineroar, L50, M, shiny, tera:Water|49/100
|-ability|p2a: Incineroar|Intimidate|boost
|-unboost|p1b: Garchomp|atk|1
|move|p1b: Garchomp|Dragon Claw|p2b: Pelipper
|-damage|p2b: Pelipper|56/100
|-damage|p1b: Garchomp|91/100|[from] item: Life Orb
|move|p2b: Pelipper|Hurricane|p1b: Garchomp
|-damage|p1b: Garchomp|29/100
|
|-weather|RainDance|[upkeep]
|upkeep
|turn|7
|-message|shudaonan forfeited.
|
|win|maish
|raw|shudaonan's rating: 1207 → 1175(-32 for losing)
|raw|maish's rating: 1109 → 1141(+32 for winning)
