|j|☆TeyVgc
|j|☆Mikellyvgc3
|html|TeyVgcMikellyvgc3    
|uhtml|bestof|Game 3 of a best-of-3
|t:|1783044430
|gametype|doubles
|player|p1|TeyVgc|rood|1164
|player|p2|Mikellyvgc3|266|1228
|gen|9
|tier|[Gen 9 Champions] VGC 2026 Reg M-B (Bo3)
|rated|
|rule|Species Clause: Limit one of each Pokémon
|rule|Item Clause: Limit 1 of each item
|clearpoke
|poke|p1|Tyranitar, L50, M|
|poke|p1|Excadrill, L50, F|
|poke|p1|Rotom-Wash, L50|
|poke|p1|Sinistcha, L50|
|poke|p1|Corviknight, L50, M|
|poke|p1|Houndstone, L50, F|
|poke|p2|Basculegion, L50, M|
|poke|p2|Pelipper, L50, F|
|poke|p2|Archaludon, L50, M|
|poke|p2|Staraptor, L50, M|
|poke|p2|Venusaur, L50, F|
|poke|p2|Hydreigon, L50, F|
|teampreview|4
|showteam|p1|Tyranitar||Tyranitarite|SandStream|RockSlide,KnockOff,LowKick,Protect|Adamant||M|||50|]Excadrill||FocusSash|SandRush|IronHead,Protect,Earthquake,RockSlide|Adamant||F|||50|]Rotom-Wash||ChoiceScarf|Levitate|VoltSwitch,HydroPump,Electroweb,Thunderbolt|Modest|||||50|]Sinistcha||SitrusBerry|Hospitality|RagePowder,MatchaGotcha,StrengthSap,TrickRoom|Bold|||||50|]Corviknight||Leftovers|MirrorArmor|BulkUp,BraveBird,Roost,Tailwind|Careful||M|||50|]Houndstone||SpellTag|SandRush|LastRespects,PhantomForce,WillOWisp,Protect|Adamant||F|||50|
|showteam|p2|Basculegion||LifeOrb|SwiftSwim|WaveCrash,LastRespects,AquaJet,Protect|Adamant||M|||50|]Pelipper||SitrusBerry|Drizzle|Hurricane,WeatherBall,Tailwind,WideGuard|Modest||F|||50|]Archaludon||Leftovers|Stamina|ElectroShot,DragonPulse,FlashCannon,Protect|Modest||M|||50|]Staraptor||Staraptite|Intimidate|BraveBird,CloseCombat,Roost,Protect|Jolly||M|||50|]Venusaur||Venusaurite|Chlorophyll|SludgeBomb,EarthPower,LeechSeed,Protect|Modest||F|||50|]Hydreigon||ChoiceScarf|Levitate|DarkPulse,DracoMeteor,Snarl,HeatWave|Modest||F|||50|
|
|t:|1783044479
|teamsize|p1|4
|teamsize|p2|4
|start
|switch|p1a: Corviknight|Corviknight, L50, M|100/100
|switch|p1b: Sinistcha|Sinistcha, L50|100/100
|switch|p2a: Staraptor|Staraptor, L50, M|100/100
|switch|p2b: Pelipper|Pelipper, L50, F|100/100
|-ability|p2a: Staraptor|Intimidate|boost
|-ability|p1a: Corviknight|Mirror Armor
|-unboost|p2a: Staraptor|atk|1
|-unboost|p1b: Sinistcha|atk|1
|-weather|RainDance|[from] ability: Drizzle|[of] p2b: Pelipper
|turn|1
|
|t:|1783044512
|switch|p2a: Archaludon|Archaludon, L50, M|100/100
|move|p1b: Sinistcha|Rage Powder|p1b: Sinistcha
|-singleturn|p1b: Sinistcha|move: Rage Powder
|move|p1a: Corviknight|Tailwind|p1a: Corviknight
|-sidestart|p1: TeyVgc|move: Tailwind
|move|p2b: Pelipper|Hurricane|p1b: Sinistcha
|-supereffective|p1b: Sinistcha|1
|-damage|p1b: Sinistcha|0 fnt
|faint|p1b: Sinistcha
|
|-weather|RainDance|[upkeep]
|upkeep
|
|t:|1783044523
|switch|p1b: Tyranitar|Tyranitar, L50, M|100/100
|-weather|Sandstorm|[from] ability: Sand Stream|[of] p1b: Tyranitar
|turn|2
|
|t:|1783044543
|switch|p2b: Hydreigon|Hydreigon, L50, F|100/100
|move|p1a: Corviknight|Bulk Up|p1a: Corviknight
|-boost|p1a: Corviknight|atk|1
|-boost|p1a: Corviknight|def|1
|move|p1b: Tyranitar|Low Kick|p2a: Archaludon
|-supereffective|p2a: Archaludon|1
|-damage|p2a: Archaludon|61/100
|-ability|p2a: Archaludon|Stamina|boost
|-boost|p2a: Archaludon|def|1
|move|p2a: Archaludon|Flash Cannon|p1b: Tyranitar
|-supereffective|p1b: Tyranitar|1
|-damage|p1b: Tyranitar|55/100
|
|-weather|Sandstorm|[upkeep]
|-damage|p2b: Hydreigon|94/100|[from] Sandstorm
|-heal|p2a: Archaludon|67/100|[from] item: Leftovers
|upkeep
|turn|3
|
|t:|1783044577
|move|p2b: Hydreigon|Heat Wave|p1a: Corviknight|[spread] p1a,p1b
|-supereffective|p1a: Corviknight|1
|-resisted|p1b: Tyranitar|1
|-damage|p1a: Corviknight|49/100
|-damage|p1b: Tyranitar|48/100
|move|p1a: Corviknight|Brave Bird|p2b: Hydreigon
|-damage|p2b: Hydreigon|24/100
|-damage|p1a: Corviknight|29/100|[from] Recoil
|move|p1b: Tyranitar|Low Kick|p2a: Archaludon
|-supereffective|p2a: Archaludon|1
|-damage|p2a: Archaludon|40/100
|-ability|p2a: Archaludon|Stamina|boost
|-boost|p2a: Archaludon|def|1
|move|p2a: Archaludon|Flash Cannon|p1b: Tyranitar
|-supereffective|p1b: Tyranitar|1
|-damage|p1b: Tyranitar|1/100
|
|-weather|Sandstorm|[upkeep]
|-damage|p2b: Hydreigon|18/100|[from] Sandstorm
|-heal|p1a: Corviknight|35/100|[from] item: Leftovers
|-heal|p2a: Archaludon|46/100|[from] item: Leftovers
|upkeep
|turn|4
|
|t:|1783044608
|move|p1b: Tyranitar|Protect|p1b: Tyranitar
|-singleturn|p1b: Tyranitar|Protect
|move|p2b: Hydreigon|Heat Wave|p1b: Tyranitar|[spread] p1a
|-activate|p1b: Tyranitar|move: Protect
|-supereffective|p1a: Corviknight|1
|-damage|p1a: Corviknight|0 fnt
|faint|p1a: Corviknight
|move|p2a: Archaludon|Flash Cannon|p1b: Tyranitar
|-activate|p1b: Tyranitar|move: Protect
|
|-weather|Sandstorm|[upkeep]
|-damage|p2b: Hydreigon|12/100|[from] Sandstorm
|-heal|p2a: Archaludon|52/100|[from] item: Leftovers
|-sideend|p1: TeyVgc|move: Tailwind
|upkeep
|
|t:|1783044614
|switch|p1a: Excadrill|Excadrill, L50, F|100/100
|turn|5
|
|t:|1783044633
|detailschange|p1b: Tyranitar|Tyranitar-Mega, L50, M
|-mega|p1b: Tyranitar|Tyranitar|Tyranitarite
|move|p1b: Tyranitar|Protect||[still]
|-fail|p1b: Tyranitar
|move|p1a: Excadrill|Earthquake|p2b: Hydreigon|[spread] p1b,p2a
|-immune|p2b: Hydreigon|[from] ability: Levitate
|-supereffective|p1b: Tyranitar|1
|-supereffective|p2a: Archaludon|1
|-damage|p1b: Tyranitar|0 fnt
|-damage|p2a: Archaludon|17/100
|-ability|p2a: Archaludon|Stamina|boost
|-boost|p2a: Archaludon|def|1
|faint|p1b: Tyranitar
|move|p2b: Hydreigon|Heat Wave|p1a: Excadrill
|-supereffective|p1a: Excadrill|1
|-damage|p1a: Excadrill|7/100
|move|p2a: Archaludon|Flash Cannon|p1a: Excadrill
|-resisted|p1a: Excadrill|1
|-damage|p1a: Excadrill|0 fnt
|faint|p1a: Excadrill
|
|win|Mikellyvgc3
|raw|TeyVgc's rating: 1164 → 1144(-20 for losing)
|raw|Mikellyvgc3's rating: 1228 → 1248(+20 for winning)
