|j|☆JWaffleB
|j|☆TalonMasterJ
|html|JWaffleBTalonMasterJ    
|uhtml|bestof|Game 1 of a best-of-3
|t:|1782227107
|gametype|doubles
|player|p1|JWaffleB|benga|1027
|player|p2|TalonMasterJ|steven|1072
|gen|9
|tier|[Gen 9 Champions] VGC 2026 Reg M-B (Bo3)
|rated|
|rule|Species Clause: Limit one of each Pokémon
|rule|Item Clause: Limit 1 of each item
|clearpoke
|poke|p1|Staraptor, L50, M, shiny|
|poke|p1|Whimsicott, L50, M, shiny|
|poke|p1|Garchomp, L50, M|
|poke|p1|Grimmsnarl, L50, M, shiny|
|poke|p1|Gholdengo, L50, shiny|
|poke|p1|Incineroar, L50, M, shiny|
|poke|p2|Swampert, L50, F|
|poke|p2|Pelipper, L50, M|
|poke|p2|Archaludon, L50, F|
|poke|p2|Sinistcha, L50|
|poke|p2|Sableye, L50, M|
|poke|p2|Sneasler, L50, M|
|teampreview|4
|showteam|p1|Staraptor||Staraptite|Intimidate|CloseCombat,BraveBird,Protect,SteelWing|Jolly||M|||50|]Whimsicott||FocusSash|Prankster|Moonblast,Protect,Tailwind,Charm|Timid||M|||50|]Garchomp||ChoiceScarf|RoughSkin|DragonClaw,RockSlide,Earthquake,IronHead|Jolly||M|||50|]Grimmsnarl||LightClay|Prankster|Reflect,LightScreen,Protect,SpiritBreak|Careful||M|||50|]Gholdengo||LifeOrb|GoodasGold|MakeItRain,ShadowBall,NastyPlot,Protect|Timid|||||50|]Incineroar||SitrusBerry|Intimidate|FakeOut,Protect,DarkestLariat,PartingShot|Careful||M|||50|
|showteam|p2|Swampert||Swampertite|Torrent|WaveCrash,Earthquake,IcePunch,Protect|Adamant||F|||50|]Pelipper||SitrusBerry|Drizzle|Hurricane,WeatherBall,HelpingHand,Tailwind|Bold||M|||50|]Archaludon||Leftovers|Stamina|DragonPulse,FlashCannon,ElectroShot,Protect|Modest||F|||50|]Sinistcha||KasibBerry|Hospitality|MatchaGotcha,RagePowder,LifeDew,Protect|Bold|||||50|]Sableye||LightClay|Prankster|WillOWisp,Reflect,LightScreen,RainDance|Relaxed||M|||50|]Sneasler||WhiteHerb|Unburden|FakeOut,CloseCombat,DireClaw,Protect|Jolly||M|||50|
|inactive|Battle timer is ON: inactive players will automatically lose when time's up. (requested by JWaffleB)
|
|t:|1782227165
|teamsize|p1|4
|teamsize|p2|4
|start
|switch|p1a: Grimmsnarl|Grimmsnarl, L50, M, shiny|100/100
|switch|p1b: Gholdengo|Gholdengo, L50, shiny|100/100
|switch|p2a: Sableye|Sableye, L50, M|100/100
|switch|p2b: Archaludon|Archaludon, L50, F|100/100
|turn|1
|
|t:|1782227187
|move|p1a: Grimmsnarl|Light Screen|p1a: Grimmsnarl
|-sidestart|p1: JWaffleB|move: Light Screen
|move|p2a: Sableye|Rain Dance|p2a: Sableye
|-weather|RainDance
|move|p1b: Gholdengo|Nasty Plot|p1b: Gholdengo
|-boost|p1b: Gholdengo|spa|2
|move|p2b: Archaludon|Electro Shot||[still]
|-prepare|p2b: Archaludon|Electro Shot
|-boost|p2b: Archaludon|spa|1
|-anim|p2b: Archaludon|Electro Shot|p1b: Gholdengo
|-damage|p1b: Gholdengo|54/100
|
|-weather|RainDance|[upkeep]
|upkeep
|turn|2
|
|t:|1782227205
|move|p2a: Sableye|Light Screen|p2a: Sableye
|-sidestart|p2: TalonMasterJ|move: Light Screen
|move|p1b: Gholdengo|Shadow Ball|p2b: Archaludon
|-damage|p2b: Archaludon|25/100
|-ability|p2b: Archaludon|Stamina|boost
|-boost|p2b: Archaludon|def|1
|-damage|p1b: Gholdengo|44/100|[from] item: Life Orb
|move|p2b: Archaludon|Electro Shot||[still]
|-prepare|p2b: Archaludon|Electro Shot
|-boost|p2b: Archaludon|spa|1
|-anim|p2b: Archaludon|Electro Shot|p1a: Grimmsnarl
|-damage|p1a: Grimmsnarl|57/100
|move|p1a: Grimmsnarl|Spirit Break|p2a: Sableye
|-supereffective|p2a: Sableye|1
|-damage|p2a: Sableye|31/100
|-unboost|p2a: Sableye|spa|1
|
|-weather|RainDance|[upkeep]
|-heal|p2b: Archaludon|31/100|[from] item: Leftovers
|upkeep
|turn|3
|inactive|JWaffleB has 30 seconds left.
|
|t:|1782227231
|move|p2b: Archaludon|Protect|p2b: Archaludon
|-singleturn|p2b: Archaludon|Protect
|move|p1a: Grimmsnarl|Reflect|p1a: Grimmsnarl
|-sidestart|p1: JWaffleB|Reflect
|move|p2a: Sableye|Reflect|p2a: Sableye
|-sidestart|p2: TalonMasterJ|Reflect
|move|p1b: Gholdengo|Make It Rain|p2b: Archaludon|[spread] p2a
|-activate|p2b: Archaludon|move: Protect
|-damage|p2a: Sableye|0 fnt
|-unboost|p1b: Gholdengo|spa|2
|faint|p2a: Sableye
|-damage|p1b: Gholdengo|34/100|[from] item: Life Orb
|
|-weather|RainDance|[upkeep]
|-heal|p2b: Archaludon|38/100|[from] item: Leftovers
|upkeep
|
|t:|1782227237
|switch|p2a: Swampert|Swampert, L50, F|100/100
|turn|4
|
|t:|1782227257
|detailschange|p2a: Swampert|Swampert-Mega, L50, F
|-mega|p2a: Swampert|Swampert|Swampertite
|move|p1b: Gholdengo|Protect|p1b: Gholdengo
|-singleturn|p1b: Gholdengo|Protect
|move|p2a: Swampert|Wave Crash|p1b: Gholdengo
|-activate|p1b: Gholdengo|move: Protect
|move|p2b: Archaludon|Flash Cannon|p1a: Grimmsnarl
|-supereffective|p1a: Grimmsnarl|1
|-damage|p1a: Grimmsnarl|0 fnt
|faint|p1a: Grimmsnarl
|
|-weather|RainDance|[upkeep]
|-heal|p2b: Archaludon|44/100|[from] item: Leftovers
|upkeep
|
|t:|1782227268
|switch|p1a: Whimsicott|Whimsicott, L50, M, shiny|100/100
|turn|5
|
|t:|1782227280
|move|p1a: Whimsicott|Tailwind|p1a: Whimsicott
|-sidestart|p1: JWaffleB|move: Tailwind
|move|p1b: Gholdengo|Shadow Ball|p2b: Archaludon
|-damage|p2b: Archaludon|9/100
|-ability|p2b: Archaludon|Stamina|boost
|-boost|p2b: Archaludon|def|1
|-damage|p1b: Gholdengo|25/100|[from] item: Life Orb
|move|p2a: Swampert|Wave Crash|p1b: Gholdengo
|-damage|p1b: Gholdengo|0 fnt
|faint|p1b: Gholdengo
|-damage|p2a: Swampert|92/100|[from] Recoil
|move|p2b: Archaludon|Flash Cannon|p1a: Whimsicott
|-supereffective|p1a: Whimsicott|1
|-enditem|p1a: Whimsicott|Focus Sash
|-damage|p1a: Whimsicott|1/100
|
|-weather|none
|-heal|p2b: Archaludon|15/100|[from] item: Leftovers
|upkeep
|
|t:|1782227296
|switch|p1b: Staraptor|Staraptor, L50, M, shiny|100/100
|-ability|p1b: Staraptor|Intimidate|boost
|-unboost|p2a: Swampert|atk|1
|-unboost|p2b: Archaludon|atk|1
|turn|6
|
|t:|1782227311
|detailschange|p1b: Staraptor|Staraptor-Mega, L50, M, shiny
|-mega|p1b: Staraptor|Staraptor|Staraptite
|move|p2b: Archaludon|Protect|p2b: Archaludon
|-singleturn|p2b: Archaludon|Protect
|move|p1a: Whimsicott|Charm|p1b: Staraptor
|-boost|p1b: Staraptor|atk|2
|move|p1b: Staraptor|Close Combat|p2a: Swampert
|-damage|p2a: Swampert|10/100
|-boost|p1b: Staraptor|def|1
|-boost|p1b: Staraptor|spd|1
|move|p2a: Swampert|Wave Crash|p1a: Whimsicott
|-resisted|p1a: Whimsicott|1
|-damage|p1a: Whimsicott|0 fnt
|faint|p1a: Whimsicott
|-damage|p2a: Swampert|10/100|[from] Recoil
|
|-heal|p2b: Archaludon|21/100|[from] item: Leftovers
|upkeep
|turn|7
|inactive|TalonMasterJ has 30 seconds left.
|inactive|JWaffleB has 30 seconds left.
|
|t:|1782227344
|switch|p2a: Pelipper|Pelipper, L50, M|100/100
|-weather|RainDance|[from] ability: Drizzle|[of] p2a: Pelipper
|move|p1b: Staraptor|Close Combat|p2b: Archaludon
|-supereffective|p2b: Archaludon|1
|-damage|p2b: Archaludon|0 fnt
|-boost|p1b: Staraptor|def|1
|-boost|p1b: Staraptor|spd|1
|faint|p2b: Archaludon
|
|-weather|RainDance|[upkeep]
|upkeep
|
|t:|1782227350
|switch|p2b: Swampert|Swampert-Mega, L50, F|10/100
|turn|8
|
|t:|1782227360
|move|p1b: Staraptor|Brave Bird|p2a: Pelipper
|-damage|p2a: Pelipper|22/100
|-enditem|p2a: Pelipper|Sitrus Berry|[eat]
|-heal|p2a: Pelipper|46/100|[from] item: Sitrus Berry
|-damage|p1b: Staraptor|73/100|[from] Recoil
|move|p2b: Swampert|Ice Punch|p1b: Staraptor
|-supereffective|p1b: Staraptor|1
|-damage|p1b: Staraptor|50/100g
|move|p2a: Pelipper|Hurricane|p1b: Staraptor
|-supereffective|p1b: Staraptor|1
|-damage|p1b: Staraptor|21/100
|
|-weather|RainDance|[upkeep]
|-sideend|p1: JWaffleB|move: Light Screen
|-sideend|p1: JWaffleB|move: Tailwind
|upkeep
|turn|9
|
|t:|1782227379
|move|p2a: Pelipper|Helping Hand|p2b: Swampert
|-singleturn|p2b: Swampert|Helping Hand|[of] p2a: Pelipper
|move|p2b: Swampert|Ice Punch|p1b: Staraptor
|-supereffective|p1b: Staraptor|1
|-damage|p1b: Staraptor|0 fnt
|faint|p1b: Staraptor
|
|win|TalonMasterJ
||JWaffleB is ready for game 2.
||TalonMasterJ is ready for game 2.
|uhtml|next|Next: Game 2 of 3
|l|☆JWaffleB
|player|p1|
