|j|☆ladderingwithcalys
|j|☆Qicide
|html|ladderingwithcalysQicide    
|uhtml|bestof|Game 2 of a best-of-3
|t:|1757085460
|gametype|doubles
|player|p1|ladderingwithcalys|170|1256
|player|p2|Qicide|red|1255
|gen|9
|tier|[Gen 9] VGC 2025 Reg H (Bo3)
|rated|
|rule|Species Clause: Limit one of each Pokémon
|rule|Item Clause: Limit 1 of each item
|clearpoke
|poke|p1|Archaludon, L50, F|
|poke|p1|Pelipper, L50, M|
|poke|p1|Kingdra, L50, F|
|poke|p1|Toedscruel, L50, M|
|poke|p1|Comfey, L50, F|
|poke|p1|Weezing-Galar, L50, F|
|poke|p2|Porygon2, L50|
|poke|p2|Incineroar, L50, M|
|poke|p2|Ursaluna, L50, M|
|poke|p2|Jumpluff, L50, M|
|poke|p2|Charizard, L50, M|
|poke|p2|Torkoal, L50, M|
|teampreview|4
|showteam|p1|Archaludon||AssaultVest|Stamina|ElectroShot,BodyPress,FlashCannon,Snarl|||F|||50|,,,,,Grass]Pelipper||ChoiceScarf|Drizzle|Tailwind,Hurricane,WeatherBall,Uturn|||M|||50|,,,,,Ghost]Kingdra||LifeOrb|SwiftSwim|Protect,WeatherBall,DracoMeteor,Surf|||F|||50|,,,,,Stellar]Toedscruel||CovertCloak|MyceliumMight|Spore,EarthPower,BulletSeed,Protect|||M|||50|,,,,,Water]Comfey||SafetyGoggles|Triage|DrainingKiss,FloralHealing,LightScreen,Protect|||F|||50|,,,,,Steel]Weezing-Galar||SitrusBerry|NeutralizingGas|Protect,SludgeBomb,Taunt,DazzlingGleam|||F|||50|,,,,,Ghost
|showteam|p2|Porygon2||Eviolite|Download|TeraBlast,IceBeam,TrickRoom,Recover||||||50|,,,,,Fighting]Incineroar||SitrusBerry|Intimidate|FakeOut,KnockOff,FlareBlitz,PartingShot|||M|||50|,,,,,Ghost]Ursaluna||FlameOrb|Guts|HeadlongRush,Facade,Earthquake,Protect|||M|||50|,,,,,Ghost]Jumpluff||CovertCloak|Chlorophyll|RagePowder,SunnyDay,Tailwind,SleepPowder|||M|||50|,,,,,Water]Charizard||ChoiceSpecs|SolarPower|HeatWave,Overheat,WeatherBall,SolarBeam|||M|||50|,,,,,Ghost]Torkoal||EjectPack|Drought|Overheat,Eruption,HelpingHand,Protect|||M|||50|,,,,,Fire
|inactive|Battle timer is ON: inactive players will automatically lose when time's up. (requested by Qicide)
|inactive|ladderingwithcalys has 60 seconds left.
|inactive|ladderingwithcalys has 30 seconds left.
|inactive|ladderingwithcalys has 20 seconds left.
|
|t:|1757085534
|teamsize|p1|4
|teamsize|p2|4
|start
|switch|p1a: Toedscruel|Toedscruel, L50, M|100/100
|switch|p1b: Weezing|Weezing-Galar, L50, F|100/100
|switch|p2a: Porygon2|Porygon2, L50, shiny|100/100
|switch|p2b: Incineroar|Incineroar, L50, M|100/100
|-ability|p1b: Weezing|Neutralizing Gas
|turn|1
|
|t:|1757085554
|switch|p2a: Ursaluna|Ursaluna, L50, M|100/100
|move|p1a: Toedscruel|Spore|p2a: Ursaluna
|-status|p2a: Ursaluna|slp|[from] move: Spore
|move|p2b: Incineroar|Knock Off|p1b: Weezing
|-resisted|p1b: Weezing
|-damage|p1b: Weezing|77/100
|-enditem|p1b: Weezing|Sitrus Berry|[from] move: Knock Off|[of] p2b: Incineroar
|move|p1b: Weezing|Sludge Bomb|p2b: Incineroar
|-damage|p2b: Incineroar|65/100
|-status|p2b: Incineroar|psn
|
|-damage|p2b: Incineroar|52/100 psn|[from] psn
|upkeep
|turn|2
|
|t:|1757085578
|-end|p1b: Weezing|ability: Neutralizing Gas
|-ability|p2b: Incineroar|Intimidate|boost
|-unboost|p1a: Toedscruel|atk|1
|-unboost|p1b: Weezing|atk|1
|switch|p1b: Archaludon|Archaludon, L50, F|100/100
|move|p1a: Toedscruel|Bullet Seed|p1b: Archaludon
|-resisted|p1b: Archaludon
|-damage|p1b: Archaludon|99/100
|-ability|p1b: Archaludon|Stamina|boost
|-boost|p1b: Archaludon|def|1
|-resisted|p1b: Archaludon
|-damage|p1b: Archaludon|99/100
|-ability|p1b: Archaludon|Stamina|boost
|-boost|p1b: Archaludon|def|1
|-resisted|p1b: Archaludon
|-damage|p1b: Archaludon|99/100
|-ability|p1b: Archaludon|Stamina|boost
|-boost|p1b: Archaludon|def|1
|-resisted|p1b: Archaludon
|-damage|p1b: Archaludon|98/100
|-ability|p1b: Archaludon|Stamina|boost
|-boost|p1b: Archaludon|def|1
|-resisted|p1b: Archaludon
|-damage|p1b: Archaludon|98/100
|-ability|p1b: Archaludon|Stamina|boost
|-boost|p1b: Archaludon|def|1
|-hitcount|p1b: Archaludon|5
|cant|p2a: Ursaluna|slp
|move|p2b: Incineroar|Flare Blitz|p1a: Toedscruel
|-supereffective|p1a: Toedscruel
|-damage|p1a: Toedscruel|0 fnt
|faint|p1a: Toedscruel
|-damage|p2b: Incineroar|22/100 psn|[from] Recoil
|-enditem|p2b: Incineroar|Sitrus Berry|[eat]
|-heal|p2b: Incineroar|47/100 psn|[from] item: Sitrus Berry
|
|-damage|p2b: Incineroar|34/100 psn|[from] psn
|upkeep
|
|t:|1757085590
|switch|p1a: Weezing|Weezing-Galar, L50, F|77/100
|-ability|p1a: Weezing|Neutralizing Gas
|turn|3
|
|t:|1757085601
|move|p1b: Archaludon|Body Press|p2a: Ursaluna
|-supereffective|p2a: Ursaluna
|-damage|p2a: Ursaluna|0 fnt
|faint|p2a: Ursaluna
|move|p2b: Incineroar|Knock Off|p1b: Archaludon
|-damage|p1b: Archaludon|87/100
|-enditem|p1b: Archaludon|Assault Vest|[from] move: Knock Off|[of] p2b: Incineroar
|move|p1a: Weezing|Sludge Bomb|p2b: Incineroar
|-damage|p2b: Incineroar|0 fnt
|faint|p2b: Incineroar
|
|upkeep
|
|t:|1757085611
|switch|p2a: Porygon2|Porygon2, L50, shiny|100/100
|switch|p2b: Torkoal|Torkoal, L50, M|100/100
|turn|4
|
|t:|1757085622
|-terastallize|p2a: Porygon2|Fighting
|move|p1b: Archaludon|Body Press|p2a: Porygon2
|-damage|p2a: Porygon2|47/100
|move|p2a: Porygon2|Tera Blast|p1b: Archaludon|[anim] Tera Blast Fighting
|-supereffective|p1b: Archaludon
|-damage|p1b: Archaludon|15/100
|move|p1a: Weezing|Sludge Bomb|p2b: Torkoal
|-damage|p2b: Torkoal|52/100
|move|p2b: Torkoal|Eruption|p1b: Archaludon|[spread] p1a,p1b
|-damage|p1a: Weezing|45/100
|-damage|p1b: Archaludon|0 fnt
|faint|p1b: Archaludon
|
|upkeep
|
|t:|1757085637
|switch|p1b: Pelipper|Pelipper, L50, M|100/100
|turn|5
|
|t:|1757085661
|move|p2b: Torkoal|Protect|p2b: Torkoal
|-singleturn|p2b: Torkoal|Protect
|move|p1b: Pelipper|Hurricane|p2a: Porygon2
|-supereffective|p2a: Porygon2
|-damage|p2a: Porygon2|0 fnt
|faint|p2a: Porygon2
|move|p1a: Weezing|Sludge Bomb|p2b: Torkoal
|-activate|p2b: Torkoal|move: Protect
|
|upkeep
|turn|6
|
|t:|1757085668
|move|p1b: Pelipper|Hurricane|p2b: Torkoal
|-damage|p2b: Torkoal|0 fnt
|faint|p2b: Torkoal
|
|win|ladderingwithcalys
