|j|☆castoriceball
|j|☆Billie Eiscue
|html|castoriceballBillie Eiscue    
|uhtml|bestof|Game 1 of a best-of-3
|t:|1783725377
|gametype|doubles
|player|p1|castoriceball|miku-flying|
|player|p2|Billie Eiscue|lebanne|
|gen|9
|tier|[Gen 9 Champions] VGC 2026 Reg M-B (Bo3)
|rule|Species Clause: Limit one of each Pokémon
|rule|Item Clause: Limit 1 of each item
|clearpoke
|poke|p1|Garchomp, L50, M|
|poke|p1|Floette-Eternal, L50, F|
|poke|p1|Talonflame, L50, M|
|poke|p1|Rotom-Wash, L50, shiny|
|poke|p1|Ceruledge, L50, M|
|poke|p1|Sneasler, L50, M|
|poke|p2|Blaziken, L50, F|
|poke|p2|Venusaur, L50, M|
|poke|p2|Ninetales-Alola, L50, F|
|poke|p2|Lycanroc-Dusk, L50, M|
|poke|p2|Kingambit, L50, M|
|poke|p2|Basculegion, L50, M|
|teampreview|4
|showteam|p1|Garchomp||LifeOrb|RoughSkin|DragonClaw,Earthquake,RockSlide,Protect|Adamant||M|||50|]Floette-Eternal||Floettite|FlowerVeil|Moonblast,DazzlingGleam,LightofRuin,Protect|Modest||F|||50|]Talonflame||SharpBeak|GaleWings|Tailwind,DualWingbeat,QuickGuard,Protect|Jolly||M|||50|]Rotom-Wash||Magnet|Levitate|Thunderbolt,HydroPump,Electroweb,Protect|Modest|||||50|]Ceruledge||ColburBerry|FlashFire|Poltergeist,BitterBlade,ShadowSneak,Protect|Adamant||M|||50|]Sneasler||FocusSash|PoisonTouch|FakeOut,CloseCombat,DireClaw,Feint|Adamant||M|||50|
|showteam|p2|Blaziken||Blazikenite|SpeedBoost|CloseCombat,FlareBlitz,StoneEdge,Detect|Adamant||F|||50|]Venusaur||Venusaurite|Chlorophyll|GigaDrain,SludgeBomb,EarthPower,Protect|Modest||M|||50|]Ninetales-Alola||NeverMeltIce|SnowWarning|Blizzard,FreezeDry,Encore,Protect|Timid||F|||50|]Lycanroc-Dusk||FocusSash|ToughClaws|Accelerock,RockSlide,CloseCombat,Protect|Adamant||M|||50|]Kingambit||LifeOrb|Defiant|KowtowCleave,SuckerPunch,IronHead,Protect|Adamant||M|||50|]Basculegion||ChoiceScarf|Adaptability|WaveCrash,LastRespects,FlipTurn,AquaJet|Jolly||M|||50|
|j| Merisan
|j| not_a_penguin81
|
|t:|1783725449
|teamsize|p1|4
|teamsize|p2|4
|start
|switch|p1a: BIRDD|Talonflame, L50, M|100/100
|switch|p1b: Laundry List|Rotom-Wash, L50, shiny|100/100
|switch|p2a: Rainy boots|Basculegion, L50, M|100/100
|switch|p2b: Water the roses|Venusaur, L50, M|100/100
|turn|1
|c| Merisan|heyup
|c|☆castoriceball|wsg
|
|t:|1783725502
|detailschange|p2b: Water the roses|Venusaur-Mega, L50, M
|-mega|p2b: Water the roses|Venusaur|Venusaurite
|move|p1a: BIRDD|Protect|p1a: BIRDD
|-singleturn|p1a: BIRDD|Protect
|move|p2a: Rainy boots|Aqua Jet|p1a: BIRDD
|-activate|p1a: BIRDD|move: Protect
|move|p1b: Laundry List|Thunderbolt|p2a: Rainy boots
|-supereffective|p2a: Rainy boots|1
|-damage|p2a: Rainy boots|0 fnt
|faint|p2a: Rainy boots
|move|p2b: Water the roses|Giga Drain|p1b: Laundry List
|-supereffective|p1b: Laundry List|1
|-damage|p1b: Laundry List|8/100
|
|upkeep
|
|t:|1783725514
|switch|p2a: RUMA|Lycanroc-Dusk, L50, M|100/100
|turn|2
|
|t:|1783725523
|move|p2b: Water the roses|Protect|p2b: Water the roses
|-singleturn|p2b: Water the roses|Protect
|move|p1a: BIRDD|Tailwind|p1a: BIRDD
|-sidestart|p1: castoriceball|move: Tailwind
|move|p2a: RUMA|Accelerock|p1b: Laundry List
|-damage|p1b: Laundry List|0 fnt
|faint|p1b: Laundry List
|
|upkeep
|
|t:|1783725537
|switch|p1b: Swords4Hands|Ceruledge, L50, M|100/100
|turn|3
|
|t:|1783725557
|move|p1a: BIRDD|Dual Wingbeat|p2a: RUMA
|-resisted|p2a: RUMA|1
|-damage|p2a: RUMA|84/100
|-resisted|p2a: RUMA|1
|-damage|p2a: RUMA|69/100
|-hitcount|p2a: RUMA|2
|move|p2a: RUMA|Accelerock|p1a: BIRDD
|-supereffective|p1a: BIRDD|2
|-damage|p1a: BIRDD|0 fnt
|faint|p1a: BIRDD
|move|p1b: Swords4Hands|Poltergeist|p2a: RUMA
|-activate|p2a: RUMA|move: Poltergeist|Focus Sash
|-damage|p2a: RUMA|0 fnt
|faint|p2a: RUMA
|move|p2b: Water the roses|Earth Power|p1b: Swords4Hands
|-supereffective|p1b: Swords4Hands|1
|-damage|p1b: Swords4Hands|35/100
|
|upkeep
|
|t:|1783725572
|switch|p1a: $70 flutter|Floette-Eternal, L50, F|100/100
|switch|p2a: Alice in freezer|Ninetales-Alola, L50, F|100/100
|-weather|Snowscape|[from] ability: Snow Warning|[of] p2a: Alice in freezer
|turn|4
|c|☆Billie Eiscue|btw
|
|t:|1783725628
|detailschange|p1a: $70 flutter|Floette-Mega, L50, F
|-mega|p1a: $70 flutter|Floette|Floettite
|-ability|p1a: $70 flutter|Fairy Aura
|move|p2a: Alice in freezer|Protect|p2a: Alice in freezer
|-singleturn|p2a: Alice in freezer|Protect
|move|p1a: $70 flutter|Moonblast|p2a: Alice in freezer
|-activate|p2a: Alice in freezer|move: Protect
|move|p1b: Swords4Hands|Bitter Blade|p2b: Water the roses
|-supereffective|p2b: Water the roses|1
|-damage|p2b: Water the roses|61/100
|-heal|p1b: Swords4Hands|54/100|[from] drain|[of] p2b: Water the roses
|move|p2b: Water the roses|Earth Power|p1b: Swords4Hands
|-supereffective|p1b: Swords4Hands|1
|-damage|p1b: Swords4Hands|0 fnt
|faint|p1b: Swords4Hands
|
|-weather|Snowscape|[upkeep]
|upkeep
|turn|5
|c|☆Billie Eiscue|I don't believe in this team
|c|☆Billie Eiscue|but snorlaxpikachu does
|
|t:|1783725647
|move|p1a: $70 flutter|Moonblast|p2a: Alice in freezer
|-damage|p2a: Alice in freezer|14/100
|move|p2a: Alice in freezer|Blizzard|p1a: $70 flutter
|-damage|p1a: $70 flutter|65/100
|-status|p1a: $70 flutter|frz
|move|p2b: Water the roses|Sludge Bomb|p1a: $70 flutter
|-supereffective|p1a: $70 flutter|1
|-damage|p1a: $70 flutter|0 fnt
|faint|p1a: $70 flutter
|
|win|Billie Eiscue
|c|☆castoriceball|y'all I fucking hate mega venu
||Billie Eiscue is ready for game 2.
|c| Merisan|its mine actually
