|j|☆KodeBeast0526
|j|‽TransGirlChomp1
|html|KodeBeast0526TransGirlChomp1    
|uhtml|bestof|Game 1 of a best-of-3
|t:|1785030885
|gametype|doubles
|player|p1|KodeBeast0526|hiker|1199
|player|p2|TransGirlChomp1|skierf|1338
|gen|9
|tier|[Gen 9 Champions] VGC 2026 Reg M-B (Bo3)
|rated|
|rule|Species Clause: Limit one of each Pokémon
|rule|Item Clause: Limit 1 of each item
|clearpoke
|poke|p1|Tyranitar, L50, M|
|poke|p1|Excadrill, L50, M|
|poke|p1|Milotic, L50, F|
|poke|p1|Sinistcha, L50|
|poke|p1|Staraptor, L50, M|
|poke|p1|Gholdengo, L50|
|poke|p2|Garchomp, L50, F|
|poke|p2|Tyranitar, L50, F|
|poke|p2|Gholdengo, L50|
|poke|p2|Venusaur, L50, M|
|poke|p2|Incineroar, L50, M|
|poke|p2|Talonflame, L50, F|
|teampreview|4
|showteam|p1|Tyranitar||Tyranitarite|SandStream|KnockOff,RockSlide,HighHorsepower,Protect|Jolly||M|||50|]Excadrill||FocusSash|SandRush|Earthquake,IronHead,RockSlide,Protect|Adamant||M|||50|]Milotic||SitrusBerry|Competitive|Scald,IcyWind,Haze,Protect|Calm||F|||50|]Sinistcha||ColburBerry|Hospitality|MatchaGotcha,ShadowBall,Protect,RagePowder|Bold|||||50|]Staraptor||Staraptite|Intimidate|CloseCombat,BraveBird,Tailwind,Protect|Jolly||M|||50|]Gholdengo||LifeOrb|GoodasGold|MakeItRain,ShadowBall,NastyPlot,Protect|Modest|||||50|
|showteam|p2|Garchomp||Garchompite|SandVeil|EarthPower,DragonPulse,PowerGem,Protect|Modest||F|||50|]Tyranitar||ChoiceScarf|SandStream|RockSlide,KnockOff,LowKick,IcyWind|Jolly||F|||50|]Gholdengo||LifeOrb|GoodasGold|MakeItRain,ShadowBall,NastyPlot,Protect|Modest|||||50|]Venusaur||Venusaurite|Chlorophyll|GigaDrain,SludgeBomb,EarthPower,Protect|Modest||M|||50|]Incineroar||PasshoBerry|Intimidate|FakeOut,FlareBlitz,ThroatChop,PartingShot|Careful||M|||50|]Talonflame||SharpBeak|GaleWings|BraveBird,FlareBlitz,Tailwind,QuickGuard|Jolly||F|||50|
|inactive|Battle timer is ON: inactive players will automatically lose when time's up. (requested by TransGirlChomp1)
|inactive|TransGirlChomp1 has 60 seconds left.
|
|t:|1785030928
|teamsize|p1|4
|teamsize|p2|4
|start
|switch|p1a: Milotic|Milotic, L50, F|100/100
|switch|p1b: Staraptor|Staraptor, L50, M|100/100
|switch|p2a: Gholdengo|Gholdengo, L50|100/100
|switch|p2b: Incineroar|Incineroar, L50, M|100/100
|-ability|p1b: Staraptor|Intimidate|boost
|-unboost|p2a: Gholdengo|atk|1
|-unboost|p2b: Incineroar|atk|1
|-ability|p2b: Incineroar|Intimidate|boost
|-unboost|p1a: Milotic|atk|1
|-ability|p1a: Milotic|Competitive|boost
|-boost|p1a: Milotic|spa|2
|-unboost|p1b: Staraptor|atk|1
|turn|1
|
|t:|1785030938
|detailschange|p1b: Staraptor|Staraptor-Mega, L50, M
|-mega|p1b: Staraptor|Staraptor|Staraptite
|move|p2b: Incineroar|Fake Out|p1a: Milotic
|-damage|p1a: Milotic|93/100
|move|p1b: Staraptor|Close Combat|p2b: Incineroar
|-supereffective|p2b: Incineroar|1
|-damage|p2b: Incineroar|34/100
|-boost|p1b: Staraptor|def|1
|-boost|p1b: Staraptor|spd|1
|move|p2a: Gholdengo|Nasty Plot|p2a: Gholdengo
|-boost|p2a: Gholdengo|spa|2
|cant|p1a: Milotic|flinch
|
|upkeep
|turn|2
|
|t:|1785030959
|move|p1b: Staraptor|Tailwind|p1b: Staraptor
|-sidestart|p1: KodeBeast0526|move: Tailwind
|move|p1a: Milotic|Scald|p2a: Gholdengo
|-damage|p2a: Gholdengo|36/100
|move|p2a: Gholdengo|Shadow Ball|p1b: Staraptor
|-damage|p1b: Staraptor|23/100
|-damage|p2a: Gholdengo|26/100|[from] item: Life Orb
|move|p2b: Incineroar|Flare Blitz|p1b: Staraptor
|-damage|p1b: Staraptor|4/100
|-damage|p2b: Incineroar|28/100|[from] Recoil
|
|upkeep
|turn|3
|
|t:|1785030977
|move|p2a: Gholdengo|Protect|p2a: Gholdengo
|-singleturn|p2a: Gholdengo|Protect
|move|p1b: Staraptor|Close Combat|p2b: Incineroar
|-supereffective|p2b: Incineroar|1
|-damage|p2b: Incineroar|0 fnt
|-boost|p1b: Staraptor|def|1
|-boost|p1b: Staraptor|spd|1
|faint|p2b: Incineroar
|move|p1a: Milotic|Scald|p2a: Gholdengo
|-activate|p2a: Gholdengo|move: Protect
|
|upkeep
|
|t:|1785030982
|switch|p2b: Talonflame|Talonflame, L50, F|100/100
|turn|4
|
|t:|1785031003
|move|p1b: Staraptor|Protect|p1b: Staraptor
|-singleturn|p1b: Staraptor|Protect
|move|p2b: Talonflame|Tailwind|p2b: Talonflame
|-sidestart|p2: TransGirlChomp1|move: Tailwind
|move|p2a: Gholdengo|Shadow Ball|p1a: Milotic
|-damage|p1a: Milotic|15/100
|-enditem|p1a: Milotic|Sitrus Berry|[eat]
|-heal|p1a: Milotic|40/100|[from] item: Sitrus Berry
|-damage|p2a: Gholdengo|16/100|[from] item: Life Orb
|move|p1a: Milotic|Scald|p2a: Gholdengo
|-damage|p2a: Gholdengo|0 fnt
|faint|p2a: Gholdengo
|
|upkeep
|
|t:|1785031014
|switch|p2a: Venusaur|Venusaur, L50, M|100/100
|turn|5
|
|t:|1785031019
|switch|p1b: Sinistcha|Sinistcha, L50|100/100
|-heal|p1a: Milotic|64/100|[from] ability: Hospitality|[of] p1b: Sinistcha
|detailschange|p2a: Venusaur|Venusaur-Mega, L50, M
|-mega|p2a: Venusaur|Venusaur|Venusaurite
|move|p2b: Talonflame|Brave Bird|p1b: Sinistcha
|-supereffective|p1b: Sinistcha|1
|-damage|p1b: Sinistcha|13/100
|-damage|p2b: Talonflame|67/100|[from] Recoil
|move|p1a: Milotic|Scald|p2b: Talonflame
|-supereffective|p2b: Talonflame|1
|-damage|p2b: Talonflame|0 fnt
|faint|p2b: Talonflame
|move|p2a: Venusaur|Giga Drain|p1a: Milotic
|-supereffective|p1a: Milotic|1
|-damage|p1a: Milotic|13/100
|
|-sideend|p1: KodeBeast0526|move: Tailwind
|upkeep
|turn|6
|
|t:|1785031037
|switch|p1b: Staraptor|Staraptor-Mega, L50, M|4/100
|move|p1a: Milotic|Protect|p1a: Milotic
|-singleturn|p1a: Milotic|Protect
|move|p2a: Venusaur|Giga Drain|p1a: Milotic
|-activate|p1a: Milotic|move: Protect
|
|upkeep
|turn|7
|
|t:|1785031043
|move|p2a: Venusaur|Giga Drain|p1a: Milotic
|-supereffective|p1a: Milotic|1
|-damage|p1a: Milotic|0 fnt
|faint|p1a: Milotic
|move|p1b: Staraptor|Brave Bird|p2a: Venusaur
|-supereffective|p2a: Venusaur|1
|-damage|p2a: Venusaur|19/100
|-damage|p1b: Staraptor|0 fnt|[from] Recoil
|faint|p1b: Staraptor
|
|-sideend|p2: TransGirlChomp1|move: Tailwind
|upkeep
|
|t:|1785031047
|switch|p1b: Gholdengo|Gholdengo, L50|100/100
|switch|p1a: Sinistcha|Sinistcha, L50|13/100
|turn|8
|-message|TransGirlChomp1 forfeited.
|
|win|KodeBeast0526
||TransGirlChomp1 is ready for game 2.
