|j|☆Chatter Mane
|j|☆Fairy Juice Jay
|html|Chatter ManeFairy Juice Jay    
|uhtml|bestof|Game 1 of a best-of-3
|t:|1783201524
|gametype|doubles
|player|p1|Chatter Mane|zinnia|
|player|p2|Fairy Juice Jay|burgh-masters|
|gen|9
|tier|[Gen 9 Champions] VGC 2026 Reg M-B (Bo3)
|rule|Species Clause: Limit one of each Pokémon
|rule|Item Clause: Limit 1 of each item
|clearpoke
|poke|p1|Froslass, L50, F, shiny|
|poke|p1|Scovillain, L50, M, shiny|
|poke|p1|Rotom-Wash, L50, shiny|
|poke|p1|Glimmora, L50, F, shiny|
|poke|p1|Aegislash, L50, M, shiny|
|poke|p1|Kommo-o, L50, M|
|poke|p2|Tyranitar, L50, F|
|poke|p2|Venusaur, L50, M|
|poke|p2|Excadrill, L50, F|
|poke|p2|Rotom-Heat, L50|
|poke|p2|Aegislash, L50, F|
|poke|p2|Primarina, L50, M|
|teampreview|4
|showteam|p1|Froslass||Froslassite|CursedBody|Blizzard,ShadowBall,AuroraVeil,Protect|Modest||F|||50|]Scovillain||Scovillainite|Moody|Overheat,GigaDrain,RagePowder,Protect|Calm||M|||50|]Rotom-Wash||ChoiceScarf|Levitate|HydroPump,Thunderbolt,Electroweb,Trick|Timid|||||50|]Glimmora||FocusSash|ToxicDebris|SludgeBomb,PowerGem,EarthPower,SpikyShield|Modest||F|||50|]Aegislash||LifeOrb|StanceChange|Poltergeist,IronHead,ShadowSneak,KingsShield|Adamant||M|||50|]Kommo-o||Leftovers|Bulletproof|ClangingScales,AuraSphere,ClangorousSoul,Protect|Modest||M|||50|
|showteam|p2|Tyranitar||Tyranitarite|SandStream|RockSlide,KnockOff,Superpower,Protect|Adamant||F|||50|]Venusaur||Venusaurite|Chlorophyll|GigaDrain,SludgeBomb,LeechSeed,Protect|Bold||M|||50|]Excadrill||FocusSash|SandRush|HighHorsepower,IronHead,RockSlide,Protect|Adamant||F|||50|]Rotom-Heat||SitrusBerry|Levitate|Thunderbolt,Overheat,WillOWisp,Protect|Modest|||||50|]Aegislash||WhiteHerb|StanceChange|IronHead,Poltergeist,ShadowSneak,KingsShield|Adamant||F|||50|]Primarina||Leftovers|LiquidVoice|HyperVoice,Moonblast,AquaJet,Protect|Modest||M|||50|
|inactive|Battle timer is ON: inactive players will automatically lose when time's up. (requested by Fairy Juice Jay)
|c|☆Fairy Juice Jay|GLHF
|inactive|Fairy Juice Jay has 60 seconds left.
|c|☆Chatter Mane|U2
|
|t:|1783201584
|teamsize|p1|4
|teamsize|p2|4
|start
|switch|p1a: Scovillain|Scovillain, L50, M, shiny|100/100
|switch|p1b: Aegislash|Aegislash, L50, M, shiny|100/100
|switch|p2a: Petal|Venusaur, L50, M|100/100
|switch|p2b: Demeter|Excadrill, L50, F|100/100
|turn|1
|inactive|Chatter Mane has 30 seconds left.
|inactive|Fairy Juice Jay has 30 seconds left.
|
|t:|1783201625
|detailschange|p2a: Petal|Venusaur-Mega, L50, M
|-mega|p2a: Petal|Venusaur|Venusaurite
|detailschange|p1a: Scovillain|Scovillain-Mega, L50, M, shiny
|-mega|p1a: Scovillain|Scovillain|Scovillainite
|move|p2b: Demeter|Protect|p2b: Demeter
|-singleturn|p2b: Demeter|Protect
|move|p2a: Petal|Sludge Bomb|p1a: Scovillain
|-supereffective|p1a: Scovillain|1
|-damage|p1a: Scovillain|37/100
|-status|p2a: Petal|brn|[from] ability: Spicy Spray|[of] p1a: Scovillain
|move|p1a: Scovillain|Overheat|p2a: Petal
|-supereffective|p2a: Petal|1
|-damage|p2a: Petal|54/100 brn
|-unboost|p1a: Scovillain|spa|2
|-formechange|p1b: Aegislash|Aegislash-Blade|
|move|p1b: Aegislash|Poltergeist|p2a: Petal
|-activate|p2a: Petal|move: Poltergeist|Venusaurite
|-damage|p2a: Petal|0 fnt
|faint|p2a: Petal
|-damage|p1b: Aegislash|90/100|[from] item: Life Orb
|
|upkeep
|
|t:|1783201643
|switch|p2a: Primarina|Primarina, L50, M|100/100
|turn|2
|inactive|Fairy Juice Jay has 30 seconds left.
|
|t:|1783201672
|switch|p2b: Aegislash|Aegislash, L50, F|100/100
|move|p1a: Scovillain|Protect|p1a: Scovillain
|-singleturn|p1a: Scovillain|Protect
|-formechange|p1b: Aegislash|Aegislash|
|move|p1b: Aegislash|King's Shield|p1b: Aegislash
|-singleturn|p1b: Aegislash|Protect
|move|p2a: Primarina|Hyper Voice|p1b: Aegislash|[spread] 
|-activate|p1a: Scovillain|move: Protect
|-activate|p1b: Aegislash|move: Protect
|
|upkeep
|turn|3
|inactive|Fairy Juice Jay has 30 seconds left.
|
|t:|1783201702
|move|p2b: Aegislash|King's Shield|p2b: Aegislash
|-singleturn|p2b: Aegislash|Protect
|move|p1a: Scovillain|Rage Powder|p1a: Scovillain
|-singleturn|p1a: Scovillain|move: Rage Powder
|-formechange|p1b: Aegislash|Aegislash-Blade|
|move|p1b: Aegislash|Poltergeist|p2a: Primarina|[miss]
|-miss|p1b: Aegislash|p2a: Primarina
|move|p2a: Primarina|Hyper Voice|p1a: Scovillain|[spread] p1a,p1b
|-crit|p1a: Scovillain
|-damage|p1a: Scovillain|0 fnt
|-damage|p1b: Aegislash|22/100
|-status|p2a: Primarina|brn|[from] ability: Spicy Spray|[of] p1a: Scovillain
|faint|p1a: Scovillain
|
|-damage|p2a: Primarina|94/100 brn|[from] brn
|upkeep
|
|t:|1783201708
|switch|p1a: Glimmora|Glimmora, L50, F, shiny|100/100
|turn|4
|
|t:|1783201719
|move|p2a: Primarina|Protect|p2a: Primarina
|-singleturn|p2a: Primarina|Protect
|move|p1b: Aegislash|Shadow Sneak|p2a: Primarina
|-activate|p2a: Primarina|move: Protect
|move|p1a: Glimmora|Sludge Bomb|p2a: Primarina
|-activate|p2a: Primarina|move: Protect
|-formechange|p2b: Aegislash|Aegislash-Blade|
|move|p2b: Aegislash|Iron Head|p1a: Glimmora
|-supereffective|p1a: Glimmora|1
|-enditem|p1a: Glimmora|Focus Sash
|-damage|p1a: Glimmora|1/100
|-activate|p1a: Glimmora|ability: Toxic Debris
|-sidestart|p2: Fairy Juice Jay|move: Toxic Spikes
|
|-heal|p2a: Primarina|100/100 brn|[from] item: Leftovers
|-damage|p2a: Primarina|94/100 brn|[from] brn
|upkeep
|turn|5
|
|t:|1783201733
|move|p1a: Glimmora|Spiky Shield|p1a: Glimmora
|-singleturn|p1a: Glimmora|move: Protect
|move|p2b: Aegislash|Shadow Sneak|p1b: Aegislash
|-supereffective|p1b: Aegislash|1
|-damage|p1b: Aegislash|0 fnt
|faint|p1b: Aegislash
|move|p2a: Primarina|Aqua Jet|p1a: Glimmora
|-activate|p1a: Glimmora|move: Protect
|-damage|p2a: Primarina|81/100 brn|[from] Spiky Shield|[of] p1a: Glimmora
|
|-heal|p2a: Primarina|87/100 brn|[from] item: Leftovers
|-damage|p2a: Primarina|81/100 brn|[from] brn
|upkeep
|
|t:|1783201737
|switch|p1b: Kommo-o|Kommo-o, L50, M|100/100
|turn|6
|
|t:|1783201747
|move|p2b: Aegislash|Shadow Sneak|p1a: Glimmora
|-damage|p1a: Glimmora|0 fnt
|-activate|p1a: Glimmora|ability: Toxic Debris
|-sidestart|p2: Fairy Juice Jay|move: Toxic Spikes
|faint|p1a: Glimmora
|move|p1b: Kommo-o|Clanging Scales|p2a: Primarina|[spread] p2b
|-immune|p2a: Primarina
|-resisted|p2b: Aegislash|1
|-damage|p2b: Aegislash|67/100
|-unboost|p1b: Kommo-o|def|1
|move|p2a: Primarina|Moonblast|p1b: Kommo-o
|-supereffective|p1b: Kommo-o|2
|-damage|p1b: Kommo-o|0 fnt
|faint|p1b: Kommo-o
|
|win|Fairy Juice Jay
