|j|Ōśåvbcsx
|j|ŌśåPuniHina
|html|vbcsxPuniHina    
|uhtml|bestof|Game 2 of a best-of-3
|t:|1783314764
|gametype|doubles
|player|p1|vbcsx|1|1057
|player|p2|PuniHina|lacey|1048
|gen|9
|tier|[Gen 9 Champions] VGC 2026 Reg M-B (Bo3)
|rated|
|rule|Species Clause: Limit one of each Pok├®mon
|rule|Item Clause: Limit 1 of each item
|clearpoke
|poke|p1|Floette-Eternal, L50, F, shiny|
|poke|p1|Garchomp, L50, M, shiny|
|poke|p1|Vivillon-Pokeball, L50, F, shiny|
|poke|p1|Gholdengo, L50, shiny|
|poke|p1|Ninetales-Alola, L50, F, shiny|
|poke|p1|Raichu, L50, M, shiny|
|poke|p2|Meganium, L50, F, shiny|
|poke|p2|Altaria, L50, M|
|poke|p2|Scrafty, L50, F|
|poke|p2|Gholdengo, L50|
|poke|p2|Basculegion, L50, M|
|poke|p2|Garchomp, L50, M|
|teampreview|4
|showteam|p1|Floette-Eternal||Floettite|FlowerVeil|LightofRuin,Moonblast,DazzlingGleam,Protect|Modest||F|||50|]Garchomp||SoftSand|RoughSkin|Earthquake,StompingTantrum,RockSlide,Protect|Adamant||M|||50|]Vivillon-Pokeball||ChoiceScarf|CompoundEyes|SleepPowder,LightScreen,PollenPuff,Hurricane|Timid||F|||50|]Gholdengo||LifeOrb|GoodasGold|MakeItRain,ShadowBall,Protect,NastyPlot|Bold|||||50|]Ninetales-Alola||LightClay|SnowWarning|AuroraVeil,FreezeDry,Encore,DazzlingGleam|Timid||F|||50|]Raichu||RaichuniteY|Static|ZapCannon,Protect,FakeOut,FocusBlast|Timid||M|||50|
|showteam|p2|Meganium||Meganiumite|LeafGuard|SolarBeam,DazzlingGleam,Protect,WeatherBall|Modest||F|||50|]Altaria||RoseliBerry|CloudNine|BraveBird,Roost,Tailwind,WillOWisp|Impish||M|||50|]Scrafty||Scraftinite|Intimidate|CloseCombat,KnockOff,FakeOut,Protect|Careful||F|||50|]Gholdengo||MetalCoat|GoodasGold|MakeItRain,ShadowBall,NastyPlot,Protect|Modest|||||50|]Basculegion||SitrusBerry|Adaptability|WaveCrash,LastRespects,AquaJet,Protect|Adamant||M|||50|]Garchomp||LifeOrb|RoughSkin|StompingTantrum,DragonClaw,RockSlide,Protect|Jolly||M|||50|
|inactive|Battle timer is ON: inactive players will automatically lose when time's up. (requested by vbcsx)
|
|t:|1783314795
|teamsize|p1|4
|teamsize|p2|4
|start
|switch|p1a: Floette|Floette-Eternal, L50, F, shiny|100/100
|switch|p1b: Garchomp|Garchomp, L50, M, shiny|100/100
|switch|p2a: StellaŌØż’ĖÄ|Meganium, L50, F, shiny|100/100
|switch|p2b: Scrafty|Scrafty, L50, F|100/100
|-ability|p2b: Scrafty|Intimidate|boost
|-unboost|p1a: Floette|atk|1
|-unboost|p1b: Garchomp|atk|1
|turn|1
|inactive|PuniHina has 30 seconds left.
|
|t:|1783314825
|switch|p1b: Gholdengo|Gholdengo, L50, shiny|100/100
|switch|p2b: Altaria|Altaria, L50, M|100/100
|-ability|p2b: Altaria|Cloud Nine
|detailschange|p2a: StellaŌØż’ĖÄ|Meganium-Mega, L50, F, shiny
|-mega|p2a: StellaŌØż’ĖÄ|Meganium|Meganiumite
|move|p1a: Floette|Protect|p1a: Floette
|-singleturn|p1a: Floette|Protect
|move|p2a: StellaŌØż’ĖÄ|Dazzling Gleam|p1a: Floette|[spread] p1b
|-activate|p1a: Floette|move: Protect
|-resisted|p1b: Gholdengo|1
|-damage|p1b: Gholdengo|85/100
|
|upkeep
|turn|2
|
|t:|1783314848
|detailschange|p1a: Floette|Floette-Mega, L50, F, shiny
|-mega|p1a: Floette|Floette|Floettite
|-ability|p1a: Floette|Fairy Aura
|move|p2a: StellaŌØż’ĖÄ|Protect|p2a: StellaŌØż’ĖÄ
|-singleturn|p2a: StellaŌØż’ĖÄ|Protect
|move|p1a: Floette|Dazzling Gleam|p2b: Altaria|[spread] p2b
|-activate|p2a: StellaŌØż’ĖÄ|move: Protect
|-supereffective|p2b: Altaria|1
|-enditem|p2b: Altaria|Roseli Berry|[eat]
|-enditem|p2b: Altaria|Roseli Berry|[weaken]
|-damage|p2b: Altaria|54/100
|move|p1b: Gholdengo|Make It Rain|p2a: StellaŌØż’ĖÄ|[spread] p2b
|-activate|p2a: StellaŌØż’ĖÄ|move: Protect
|-damage|p2b: Altaria|9/100
|-unboost|p1b: Gholdengo|spa|2
|-damage|p1b: Gholdengo|76/100|[from] item: Life Orb
|move|p2b: Altaria|Tailwind|p2b: Altaria
|-sidestart|p2: PuniHina|move: Tailwind
|
|upkeep
|turn|3
|
|t:|1783314872
|move|p2a: StellaŌØż’ĖÄ|Solar Beam||[still]
|-prepare|p2a: StellaŌØż’ĖÄ|Solar Beam
|-activate|p2a: StellaŌØż’ĖÄ|ability: Mega Sol
|-anim|p2a: StellaŌØż’ĖÄ|Solar Beam|p1a: Floette
|-damage|p1a: Floette|41/100
|move|p2b: Altaria|Brave Bird|p1a: Floette
|-damage|p1a: Floette|0 fnt
|faint|p1a: Floette
|-damage|p2b: Altaria|0 fnt|[from] Recoil
|faint|p2b: Altaria
|move|p1b: Gholdengo|Make It Rain|p2a: StellaŌØż’ĖÄ
|-supereffective|p2a: StellaŌØż’ĖÄ|1
|-damage|p2a: StellaŌØż’ĖÄ|41/100
|-unboost|p1b: Gholdengo|spa|2
|-damage|p1b: Gholdengo|66/100|[from] item: Life Orb
|
|upkeep
|
|t:|1783314888
|switch|p1a: Vivillon|Vivillon-Pokeball, L50, F, shiny|100/100
|switch|p2b: Scrafty|Scrafty, L50, F|100/100
|-ability|p2b: Scrafty|Intimidate|boost
|-unboost|p1a: Vivillon|atk|1
|-unboost|p1b: Gholdengo|atk|1
|turn|4
|
|t:|1783314904
|move|p1b: Gholdengo|Protect|p1b: Gholdengo
|-singleturn|p1b: Gholdengo|Protect
|move|p2b: Scrafty|Fake Out|p1a: Vivillon
|-damage|p1a: Vivillon|81/100
|move|p2a: StellaŌØż’ĖÄ|Weather Ball|p1a: Vivillon
|-supereffective|p1a: Vivillon|1
|-damage|p1a: Vivillon|0 fnt
|faint|p1a: Vivillon
|
|upkeep
|
|t:|1783314909
|switch|p1a: Garchomp|Garchomp, L50, M, shiny|100/100
|turn|5
|-message|vbcsx forfeited.
|
|win|PuniHina
|raw|vbcsx's rating: 1057 → 1038(-19 for losing)
|raw|PuniHina's rating: 1048 → 1082(+34 for winning)
|l|Ōśåvbcsx
|player|p1|
