|j|â˜†Bulbi43
|j|â˜†KrsCrossAppleSauce
|html|Bulbi43KrsCrossAppleSauce    
|uhtml|bestof|Game 2 of a best-of-3
|t:|1756282379
|gametype|doubles
|player|p1|Bulbi43|170|1144
|player|p2|KrsCrossAppleSauce|green|1169
|gen|9
|tier|[Gen 9] VGC 2025 Reg H (Bo3)
|rated|
|rule|Species Clause: Limit one of each PokÃ©mon
|rule|Item Clause: Limit 1 of each item
|clearpoke
|poke|p1|Indeedee, L50, M|
|poke|p1|Garchomp, L50, M|
|poke|p1|Tyranitar, L50, M|
|poke|p1|Archaludon, L50, F|
|poke|p1|Murkrow, L50, M|
|poke|p1|Primarina, L50, F|
|poke|p2|Sneasler, L50, F|
|poke|p2|Gholdengo, L50|
|poke|p2|Dondozo, L50, F|
|poke|p2|Rillaboom, L50, F|
|poke|p2|Volcarona, L50, M|
|poke|p2|Electabuzz, L50, F|
|teampreview|4
|showteam|p1|Indeedee||ChoiceScarf|PsychicSurge|ExpandingForce,ShadowBall,Protect,Trick|||M|||50|,,,,,Fairy]Garchomp||ClearAmulet|RoughSkin|Earthquake,DragonClaw,IronHead,Protect|||M|||50|,,,,,Steel]Tyranitar||AssaultVest|SandStream|RockSlide,KnockOff,ThunderPunch,TeraBlast|||M|||50|,,,,,Flying]Archaludon||PowerHerb|Stamina|ElectroShot,DragonPulse,BodyPress,Protect|||F|||50|,,,,,Flying]Murkrow||Eviolite|Prankster|Tailwind,Taunt,FoulPlay,RainDance|||M|||50|,,,,,Ghost]Primarina||SitrusBerry|LiquidVoice|HyperVoice,Moonblast,WeatherBall,Protect|||F|||50|,,,,,Grass
|showteam|p2|Sneasler||FocusSash|PoisonTouch|FakeOut,DireClaw,CloseCombat,Protect|||F|||50|,,,,,Dark]Gholdengo||LifeOrb|GoodasGold|MakeItRain,ShadowBall,NastyPlot,Protect||||||50|,,,,,Water]Dondozo||Leftovers|Unaware|WaveCrash,Yawn,Fissure,Protect|||F|||50|,,,,,Psychic]Rillaboom||AssaultVest|GrassySurge|FakeOut,WoodHammer,GrassyGlide,Uturn|||F|||50|,,,,,Fire]Volcarona||CovertCloak|FlameBody|HeatWave,QuiverDance,TeraBlast,Protect|||M|||50|,,,,,Fairy]Electabuzz||Eviolite|VitalSpirit|Thunderbolt,FollowMe,Taunt,Protect|||F|||50|,,,,,Ghost
|inactive|Battle timer is ON: inactive players will automatically lose when time's up. (requested by Bulbi43)
|inactive|Bulbi43 has 60 seconds left.
|inactive|KrsCrossAppleSauce has 60 seconds left.
|inactive|KrsCrossAppleSauce has 30 seconds left.
|
|t:|1756282442
|teamsize|p1|4
|teamsize|p2|4
|start
|switch|p1a: Tyranitar|Tyranitar, L50, M|100/100
|switch|p1b: Garchomp|Garchomp, L50, M|100/100
|switch|p2a: Rillaboom|Rillaboom, L50, F|100/100
|switch|p2b: Gholdengo|Gholdengo, L50|100/100
|-fieldstart|move: Grassy Terrain|[from] ability: Grassy Surge|[of] p2a: Rillaboom
|-weather|Sandstorm|[from] ability: Sand Stream|[of] p1a: Tyranitar
|turn|1
|inactive|Bulbi43 has 30 seconds left.
|inactive|KrsCrossAppleSauce has 30 seconds left.
|
|t:|1756282472
|switch|p1b: Indeedee|Indeedee, L50, M|100/100
|-fieldstart|move: Psychic Terrain|[from] ability: Psychic Surge|[of] p1b: Indeedee
|-terastallize|p1a: Tyranitar|Flying
|move|p2a: Rillaboom|Fake Out|p1a: Tyranitar
|-hint|Psychic Terrain doesn't affect PokÃ©mon immune to Ground.
|-damage|p1a: Tyranitar|90/100
|move|p2b: Gholdengo|Make It Rain|p1a: Tyranitar|[spread] p1a,p1b
|-damage|p1a: Tyranitar|50/100
|-damage|p1b: Indeedee|13/100
|-unboost|p2b: Gholdengo|spa|1
|-damage|p2b: Gholdengo|91/100|[from] item: Life Orb
|cant|p1a: Tyranitar|flinch
|
|-weather|Sandstorm|[upkeep]
|-damage|p1b: Indeedee|7/100|[from] Sandstorm
|-damage|p2a: Rillaboom|94/100|[from] Sandstorm
|-damage|p1a: Tyranitar|44/100|[from] Sandstorm
|upkeep
|turn|2
|
|t:|1756282496
|move|p2b: Gholdengo|Protect|p2b: Gholdengo
|-singleturn|p2b: Gholdengo|Protect
|move|p1b: Indeedee|Shadow Ball|p2b: Gholdengo
|-activate|p2b: Gholdengo|move: Protect
|move|p2a: Rillaboom|U-turn|p1a: Tyranitar
|-resisted|p1a: Tyranitar
|-damage|p1a: Tyranitar|35/100
|
|t:|1756282502
|switch|p2a: Dondozo|Dondozo, L50, F|100/100|[from] U-turn
|move|p1a: Tyranitar|Tera Blast|p2a: Dondozo|[anim] Tera Blast Flying
|-damage|p2a: Dondozo|77/100
|
|-weather|Sandstorm|[upkeep]
|-damage|p1b: Indeedee|1/100|[from] Sandstorm
|-damage|p1a: Tyranitar|29/100|[from] Sandstorm
|-damage|p2a: Dondozo|71/100|[from] Sandstorm
|-heal|p2a: Dondozo|77/100|[from] item: Leftovers
|upkeep
|turn|3
|
|t:|1756282520
|move|p1b: Indeedee|Shadow Ball|p2b: Gholdengo
|-supereffective|p2b: Gholdengo
|-damage|p2b: Gholdengo|28/100
|move|p2b: Gholdengo|Make It Rain|p1b: Indeedee|[spread] p1a,p1b
|-damage|p1a: Tyranitar|0 fnt
|-damage|p1b: Indeedee|0 fnt
|-unboost|p2b: Gholdengo|spa|1
|faint|p1a: Tyranitar
|faint|p1b: Indeedee
|-damage|p2b: Gholdengo|18/100|[from] item: Life Orb
|move|p2a: Dondozo|Yawn|p1: Tyranitar|[notarget]
|-fail|p2a: Dondozo
|
|-weather|Sandstorm|[upkeep]
|-damage|p2a: Dondozo|71/100|[from] Sandstorm
|-heal|p2a: Dondozo|77/100|[from] item: Leftovers
|upkeep
|
|t:|1756282536
|switch|p1b: Garchomp|Garchomp, L50, M|100/100
|switch|p1a: Murkrow|Murkrow, L50, M|100/100
|turn|4
|
|t:|1756282553
|switch|p2b: Rillaboom|Rillaboom, L50, F|94/100
|-fieldstart|move: Grassy Terrain|[from] ability: Grassy Surge|[of] p2b: Rillaboom
|move|p1a: Murkrow|Taunt|p2a: Dondozo
|-start|p2a: Dondozo|move: Taunt
|move|p1b: Garchomp|Earthquake|p2b: Rillaboom|[spread] p2a,p2b
|-immune|p1a: Murkrow
|-resisted|p2b: Rillaboom
|-damage|p2a: Dondozo|66/100
|-damage|p2b: Rillaboom|84/100
|move|p2a: Dondozo|Wave Crash|p1b: Garchomp
|-damage|p1b: Garchomp|57/100
|-damage|p2a: Dondozo|53/100|[from] ability: Rough Skin|[of] p1b: Garchomp
|-damage|p2a: Dondozo|43/100|[from] Recoil
|
|-weather|Sandstorm|[upkeep]
|-damage|p2b: Rillaboom|78/100|[from] Sandstorm
|-damage|p1a: Murkrow|95/100|[from] Sandstorm
|-damage|p2a: Dondozo|36/100|[from] Sandstorm
|-heal|p1b: Garchomp|63/100|[from] Grassy Terrain
|-heal|p2b: Rillaboom|84/100|[from] Grassy Terrain
|-heal|p2a: Dondozo|43/100|[from] Grassy Terrain
|-heal|p2a: Dondozo|49/100|[from] item: Leftovers
|upkeep
|turn|5
|
|t:|1756282576
|move|p1b: Garchomp|Protect|p1b: Garchomp
|-singleturn|p1b: Garchomp|Protect
|move|p2b: Rillaboom|Wood Hammer|p1b: Garchomp
|-activate|p1b: Garchomp|move: Protect
|move|p1a: Murkrow|Foul Play|p2a: Dondozo
|-damage|p2a: Dondozo|31/100
|move|p2a: Dondozo|Fissure|p1b: Garchomp
|-activate|p1b: Garchomp|move: Protect
|
|-weather|none
|-heal|p1b: Garchomp|69/100|[from] Grassy Terrain
|-heal|p2b: Rillaboom|90/100|[from] Grassy Terrain
|-heal|p2a: Dondozo|38/100|[from] Grassy Terrain
|-heal|p2a: Dondozo|44/100|[from] item: Leftovers
|upkeep
|turn|6
|
|t:|1756282596
|move|p1b: Garchomp|Dragon Claw|p2b: Rillaboom
|-damage|p2b: Rillaboom|45/100
|move|p2b: Rillaboom|Wood Hammer|p1b: Garchomp
|-damage|p1b: Garchomp|0 fnt
|-damage|p2b: Rillaboom|33/100|[from] ability: Rough Skin|[of] p1b: Garchomp
|faint|p1b: Garchomp
|-damage|p2b: Rillaboom|12/100|[from] Recoil
|move|p1a: Murkrow|Foul Play|p2b: Rillaboom
|-damage|p2b: Rillaboom|0 fnt
|faint|p2b: Rillaboom
|move|p2a: Dondozo|Wave Crash|p1a: Murkrow
|-damage|p1a: Murkrow|35/100
|-damage|p2a: Dondozo|30/100|[from] Recoil
|
|-heal|p2a: Dondozo|36/100|[from] Grassy Terrain
|-heal|p2a: Dondozo|43/100|[from] item: Leftovers
|-end|p2a: Dondozo|move: Taunt
|upkeep
|
|t:|1756282611
|switch|p2b: Gholdengo|Gholdengo, L50|18/100
|turn|7
|-message|Bulbi43 forfeited.
|raw|Bulbi43's rating: 1144 → 1121(-23 for losing)
|raw|KrsCrossAppleSauce's rating: 1169 → 1192(+23 for winning)
|
|win|KrsCrossAppleSauce
|l|â˜†Bulbi43
|player|p1|
