|j|☆dogggybears
|j|☆surprise blissey
|html|dogggybearssurprise blissey    
|uhtml|bestof|Game 1 of a best-of-3
|t:|1757119493
|gametype|doubles
|player|p1|dogggybears|roxie|1230
|player|p2|surprise blissey|lucian|1000
|gen|9
|tier|[Gen 9] VGC 2025 Reg H (Bo3)
|rated|
|rule|Species Clause: Limit one of each Pokémon
|rule|Item Clause: Limit 1 of each item
|clearpoke
|poke|p1|Sneasler, L50, M|
|poke|p1|Indeedee, L50, M|
|poke|p1|Volcarona, L50, F|
|poke|p1|Ursaluna-Bloodmoon, L50, M|
|poke|p1|Annihilape, L50, M|
|poke|p1|Tyranitar, L50, M|
|poke|p2|Ninetales-Alola, L50, F|
|poke|p2|Glaceon, L50, F|
|poke|p2|Indeedee-F, L50, F|
|poke|p2|Armarouge, L50, M|
|poke|p2|Whimsicott, L50, F|
|poke|p2|Sneasler, L50, F|
|teampreview|4
|showteam|p1|Sneasler||PsychicSeed|Unburden|CloseCombat,DireClaw,ThroatChop,Protect|||M|||50|,,,,,Dark]Indeedee||ChoiceScarf|PsychicSurge|ExpandingForce,TeraBlast,Trick,Protect|||M|||50|,,,,,Psychic]Volcarona||SitrusBerry|FlameBody|Overheat,StruggleBug,RagePowder,Tailwind|||F|||50|,,,,,Grass]Ursaluna-Bloodmoon||LifeOrb|MindsEye|BloodMoon,HyperVoice,EarthPower,Protect|||M|||50|,,,,,Normal]Annihilape||SafetyGoggles|Defiant|CloseCombat,RageFist,Taunt,FinalGambit|||M|||50|,,,,,Fairy]Tyranitar||AssaultVest|SandStream|RockSlide,KnockOff,TeraBlast,LowKick|||M|||50|,,,,,Flying
|showteam|p2|Ninetales-Alola||LightClay|SnowWarning|Blizzard,AuroraVeil,DazzlingGleam,Snowscape|||F|||50|,,,,,Ghost]Glaceon||BrightPowder|SnowCloak|Blizzard,FreezeDry,IceShard,TeraBlast|||F|||50|,,,,,Water]Indeedee-F||SafetyGoggles|PsychicSurge|TrickRoom,Psychic,HelpingHand,FollowMe|||F|||50|,,,,,Fairy]Armarouge||WeaknessPolicy|FlashFire|ArmorCannon,ExpandingForce,TrickRoom,Protect|||M|||50|,,,,,Psychic]Whimsicott||MentalHerb|Prankster|Moonblast,TrickRoom,Tailwind,HelpingHand|||F|||50|,,,,,Ghost]Sneasler||PsychicSeed|Unburden|CloseCombat,DireClaw,ThroatChop,Protect|||F|||50|,,,,,Dark
|inactive|Battle timer is ON: inactive players will automatically lose when time's up. (requested by surprise blissey)
|inactive|dogggybears has 60 seconds left.
|inactive|surprise blissey has 60 seconds left.
|
|t:|1757119534
|teamsize|p1|4
|teamsize|p2|4
|start
|switch|p1a: Volcarona|Volcarona, L50, F|100/100
|switch|p1b: Ursaluna|Ursaluna-Bloodmoon, L50, M|100/100
|switch|p2a: Sneasler|Sneasler, L50, F|100/100
|switch|p2b: Ninetales|Ninetales-Alola, L50, F|100/100
|-weather|Snowscape|[from] ability: Snow Warning|[of] p2b: Ninetales
|turn|1
|
|t:|1757119557
|move|p1b: Ursaluna|Protect|p1b: Ursaluna
|-singleturn|p1b: Ursaluna|Protect
|move|p2b: Ninetales|Aurora Veil|p2b: Ninetales
|-sidestart|p2: surprise blissey|move: Aurora Veil
|move|p2a: Sneasler|Close Combat|p1b: Ursaluna
|-activate|p1b: Ursaluna|move: Protect
|move|p1a: Volcarona|Tailwind|p1a: Volcarona
|-sidestart|p1: dogggybears|move: Tailwind
|
|-weather|Snowscape|[upkeep]
|upkeep
|turn|2
|
|t:|1757119576
|-terastallize|p1b: Ursaluna|Normal
|move|p2a: Sneasler|Protect|p2a: Sneasler
|-singleturn|p2a: Sneasler|Protect
|move|p1a: Volcarona|Struggle Bug|p2a: Sneasler|[spread] p2b
|-activate|p2a: Sneasler|move: Protect
|-resisted|p2b: Ninetales
|-damage|p2b: Ninetales|95/100
|-unboost|p2b: Ninetales|spa|1
|move|p1b: Ursaluna|Blood Moon|p2a: Sneasler
|-activate|p2a: Sneasler|move: Protect
|move|p2b: Ninetales|Blizzard|p1a: Volcarona|[spread] p1a,p1b
|-resisted|p1a: Volcarona
|-damage|p1a: Volcarona|93/100
|-damage|p1b: Ursaluna|80/100
|
|-weather|Snowscape|[upkeep]
|upkeep
|turn|3
|
|t:|1757119598
|switch|p1b: Annihilape|Annihilape, L50, M|100/100
|switch|p2b: Whimsicott|Whimsicott, L50, F|100/100
|move|p1a: Volcarona|Struggle Bug|p2a: Sneasler|[spread] p2a,p2b
|-resisted|p2a: Sneasler
|-damage|p2a: Sneasler|97/100
|-damage|p2b: Whimsicott|87/100
|-unboost|p2a: Sneasler|spa|1
|-unboost|p2b: Whimsicott|spa|1
|move|p2a: Sneasler|Close Combat|p1b: Annihilape
|-immune|p1b: Annihilape
|
|-weather|Snowscape|[upkeep]
|upkeep
|turn|4
|
|t:|1757119618
|move|p1a: Volcarona|Overheat|p2b: Whimsicott
|-supereffective|p2b: Whimsicott
|-damage|p2b: Whimsicott|0 fnt
|-unboost|p1a: Volcarona|spa|2
|faint|p2b: Whimsicott
|move|p1b: Annihilape|Final Gambit|p2a: Sneasler
|-damage|p2a: Sneasler|0 fnt
|faint|p1b: Annihilape
|faint|p2a: Sneasler
|
|-weather|Snowscape|[upkeep]
|-sideend|p1: dogggybears|move: Tailwind
|upkeep
|
|t:|1757119627
|switch|p2a: Ninetales|Ninetales-Alola, L50, F|95/100
|switch|p1b: Ursaluna|Ursaluna-Bloodmoon, L50, M, tera:Normal|80/100
|switch|p2b: Glaceon|Glaceon, L50, F|100/100
|turn|5
|
|t:|1757119633
|-terastallize|p2b: Glaceon|Water
|move|p1b: Ursaluna|Protect|p1b: Ursaluna
|-singleturn|p1b: Ursaluna|Protect
|move|p2a: Ninetales|Blizzard|p1a: Volcarona|[spread] p1a
|-activate|p1b: Ursaluna|move: Protect
|-resisted|p1a: Volcarona
|-damage|p1a: Volcarona|82/100
|move|p1a: Volcarona|Tailwind|p1a: Volcarona
|-sidestart|p1: dogggybears|move: Tailwind
|move|p2b: Glaceon|Tera Blast|p1a: Volcarona|[anim] Tera Blast Water
|-supereffective|p1a: Volcarona
|-crit|p1a: Volcarona
|-damage|p1a: Volcarona|0 fnt
|faint|p1a: Volcarona
|
|-weather|none
|upkeep
|
|t:|1757119637
|switch|p1a: Tyranitar|Tyranitar, L50, M|100/100
|-weather|Sandstorm|[from] ability: Sand Stream|[of] p1a: Tyranitar
|turn|6
|
|t:|1757119656
|move|p1a: Tyranitar|Rock Slide|p2a: Ninetales|[spread] p2a,p2b
|-supereffective|p2a: Ninetales
|-damage|p2a: Ninetales|46/100
|-damage|p2b: Glaceon|80/100
|move|p1b: Ursaluna|Blood Moon|p2a: Ninetales
|-damage|p2a: Ninetales|0 fnt
|faint|p2a: Ninetales
|-damage|p1b: Ursaluna|70/100|[from] item: Life Orb
|move|p2b: Glaceon|Tera Blast|p1a: Tyranitar|[anim] Tera Blast Water
|-supereffective|p1a: Tyranitar
|-damage|p1a: Tyranitar|63/100
|
|-weather|Sandstorm|[upkeep]
|-damage|p1b: Ursaluna|65/100|[from] Sandstorm
|-damage|p2b: Glaceon|74/100|[from] Sandstorm
|upkeep
|turn|7
|
|t:|1757119668
|move|p1a: Tyranitar|Knock Off|p2b: Glaceon|[miss]
|-miss|p1a: Tyranitar|p2b: Glaceon
|move|p1b: Ursaluna|Hyper Voice|p2b: Glaceon
|-damage|p2b: Glaceon|12/100
|-damage|p1b: Ursaluna|55/100|[from] item: Life Orb
|move|p2b: Glaceon|Blizzard|p1b: Ursaluna|[spread] p1a
|-miss|p2b: Glaceon|p1b: Ursaluna
|-damage|p1a: Tyranitar|45/100
|
|-weather|Sandstorm|[upkeep]
|-damage|p1b: Ursaluna|49/100|[from] Sandstorm
|-damage|p2b: Glaceon|6/100|[from] Sandstorm
|upkeep
|turn|8
|
|t:|1757119681
|move|p1a: Tyranitar|Knock Off|p2b: Glaceon
|-damage|p2b: Glaceon|0 fnt
|-enditem|p2b: Glaceon|Bright Powder|[from] move: Knock Off|[of] p1a: Tyranitar
|faint|p2b: Glaceon
|
|win|dogggybears
||dogggybears is ready for game 2.
||surprise blissey is ready for game 2.
|uhtml|next|Next: Game 2 of 3
|l|☆surprise blissey
|player|p2|
