|j|☆Fake TR
|j|☆WowieKazowee
|html|Fake TRWowieKazowee    
|uhtml|bestof|Game 1 of a best-of-3
|t:|1757154840
|gametype|doubles
|player|p1|Fake TR|1|1000
|player|p2|WowieKazowee|idol|1078
|gen|9
|tier|[Gen 9] VGC 2025 Reg H (Bo3)
|rated|
|rule|Species Clause: Limit one of each Pokémon
|rule|Item Clause: Limit 1 of each item
|clearpoke
|poke|p1|Indeedee-F, L50, F|
|poke|p1|Farigiraf, L50, M|
|poke|p1|Torkoal, L50, M|
|poke|p1|Hatterene, L50, F|
|poke|p1|Incineroar, L50, M|
|poke|p1|Lilligant-Hisui, L50, F|
|poke|p2|Pelipper, L50, F|
|poke|p2|Archaludon, L50, F|
|poke|p2|Basculegion, L50, M|
|poke|p2|Ursaluna, L50, M|
|poke|p2|Sinistcha, L50|
|poke|p2|Ditto, L50|
|teampreview|4
|showteam|p1|Indeedee-F||PsychicSeed|PsychicSurge|Psychic,HelpingHand,FollowMe,TrickRoom|||F|||50|,,,,,Grass]Farigiraf||ThroatSpray|ArmorTail|Protect,ExpandingForce,HyperVoice,TrickRoom|||M|||50|,,,,,Dragon]Torkoal||Charcoal|Drought|Eruption,WeatherBall,ClearSmog,EarthPower|||M|||50|,,,,,Fire]Hatterene||LifeOrb|MagicBounce|ExpandingForce,DazzlingGleam,TrickRoom,Protect|||F|||50|,,,,,Water]Incineroar||ClearAmulet|Intimidate|FakeOut,KnockOff,CloseCombat,FlareBlitz|||M|||50|,,,,,Fire]Lilligant-Hisui||FocusSash|Chlorophyll|SolarBlade,CloseCombat,SleepPowder,AfterYou|||F|||50|,,,,,Ghost
|showteam|p2|Pelipper||FocusSash|Drizzle|WeatherBall,Hurricane,RainDance,WideGuard|||F|||50|,,,,,Ghost]Archaludon||AssaultVest|Stamina|ElectroShot,DracoMeteor,FlashCannon,BodyPress|||F|||50|,,,,,Grass]Basculegion||MysticWater|SwiftSwim|WaveCrash,LastRespects,AquaJet,Protect|||M|||50|,,,,,Water]Ursaluna||FlameOrb|Guts|Facade,HeadlongRush,SwordsDance,Protect|||M|||50|,,,,,Ghost]Sinistcha||SitrusBerry|Hospitality|MatchaGotcha,NastyPlot,TrickRoom,RagePowder||||||50|,,,,,Water]Ditto||MirrorHerb|Imposter|Transform||||||50|,,,,,Fairy
|
|t:|1757154874
|teamsize|p1|4
|teamsize|p2|4
|start
|switch|p1a: Indeedee|Indeedee-F, L50, F|100/100
|switch|p1b: Farigiraf|Farigiraf, L50, M|100/100
|switch|p2a: Ursaluna|Ursaluna, L50, M|100/100
|switch|p2b: Sinistcha|Sinistcha, L50|100/100
|-fieldstart|move: Psychic Terrain|[from] ability: Psychic Surge|[of] p1a: Indeedee
|-enditem|p1a: Indeedee|Psychic Seed
|-boost|p1a: Indeedee|spd|1|[from] item: Psychic Seed
|turn|1
|inactive|Battle timer is ON: inactive players will automatically lose when time's up. (requested by Fake TR)
|
|t:|1757154888
|-terastallize|p1b: Farigiraf|Dragon
|move|p1a: Indeedee|Helping Hand|p1b: Farigiraf
|-singleturn|p1b: Farigiraf|Helping Hand|[of] p1a: Indeedee
|move|p2b: Sinistcha|Nasty Plot|p2b: Sinistcha
|-boost|p2b: Sinistcha|spa|2
|move|p2a: Ursaluna|Swords Dance|p2a: Ursaluna
|-boost|p2a: Ursaluna|atk|2
|move|p1b: Farigiraf|Expanding Force|p2b: Sinistcha|[spread] p2a,p2b
|-damage|p2a: Ursaluna|29/100
|-damage|p2b: Sinistcha|15/100
|-enditem|p2b: Sinistcha|Sitrus Berry|[eat]
|-heal|p2b: Sinistcha|40/100|[from] item: Sitrus Berry
|
|-status|p2a: Ursaluna|brn|[from] item: Flame Orb
|upkeep
|turn|2
|
|t:|1757154913
|move|p2a: Ursaluna|Protect|p2a: Ursaluna
|-singleturn|p2a: Ursaluna|Protect
|move|p1a: Indeedee|Follow Me|p1a: Indeedee
|-singleturn|p1a: Indeedee|move: Follow Me
|move|p2b: Sinistcha|Matcha Gotcha|p1b: Farigiraf|[spread] p1a,p1b
|-resisted|p1b: Farigiraf
|-damage|p1a: Indeedee|67/100
|-heal|p2b: Sinistcha|57/100|[from] drain|[of] p1a: Indeedee
|-damage|p1b: Farigiraf|74/100
|-heal|p2b: Sinistcha|73/100|[from] drain|[of] p1b: Farigiraf
|move|p1b: Farigiraf|Expanding Force|p2b: Sinistcha|[spread] p2b
|-activate|p2a: Ursaluna|move: Protect
|-damage|p2b: Sinistcha|25/100
|
|-damage|p2a: Ursaluna|23/100 brn|[from] brn
|upkeep
|turn|3
|inactive|WowieKazowee has 30 seconds left.
|inactive|WowieKazowee has 20 seconds left.
|inactive|WowieKazowee has 15 seconds left.
|
|t:|1757154956
|switch|p2a: Archaludon|Archaludon, L50, F|100/100
|move|p2b: Sinistcha|Matcha Gotcha|p1a: Indeedee|[spread] p1a,p1b
|-resisted|p1b: Farigiraf
|-damage|p1a: Indeedee|33/100
|-heal|p2b: Sinistcha|42/100|[from] drain|[of] p1a: Indeedee
|-damage|p1b: Farigiraf|50/100
|-heal|p2b: Sinistcha|56/100|[from] drain|[of] p1b: Farigiraf
|move|p1b: Farigiraf|Expanding Force|p2a: Archaludon|[spread] p2a,p2b
|-resisted|p2a: Archaludon
|-damage|p2a: Archaludon|78/100
|-damage|p2b: Sinistcha|2/100
|-ability|p2a: Archaludon|Stamina|boost
|-boost|p2a: Archaludon|def|1
|move|p1a: Indeedee|Trick Room|p1a: Indeedee
|-fieldstart|move: Trick Room|[of] p1a: Indeedee
|
|upkeep
|turn|4
|
|t:|1757154980
|switch|p1a: Torkoal|Torkoal, L50, M|100/100
|-weather|SunnyDay|[from] ability: Drought|[of] p1a: Torkoal
|move|p1b: Farigiraf|Hyper Voice|p2b: Sinistcha|[spread] p2a
|-immune|p2b: Sinistcha
|-resisted|p2a: Archaludon
|-damage|p2a: Archaludon|67/100
|-ability|p2a: Archaludon|Stamina|boost
|-boost|p2a: Archaludon|def|1
|-enditem|p1b: Farigiraf|Throat Spray
|-boost|p1b: Farigiraf|spa|1|[from] item: Throat Spray
|move|p2b: Sinistcha|Matcha Gotcha|p1a: Torkoal|[spread] p1a,p1b
|-resisted|p1a: Torkoal
|-resisted|p1b: Farigiraf
|-damage|p1a: Torkoal|62/100
|-heal|p2b: Sinistcha|22/100|[from] drain|[of] p1a: Torkoal
|-damage|p1b: Farigiraf|26/100
|-heal|p2b: Sinistcha|36/100|[from] drain|[of] p1b: Farigiraf
|move|p2a: Archaludon|Body Press|p1b: Farigiraf
|-damage|p1b: Farigiraf|0 fnt
|faint|p1b: Farigiraf
|
|-weather|SunnyDay|[upkeep]
|upkeep
|
|t:|1757154990
|switch|p1b: Hatterene|Hatterene, L50, F|100/100
|turn|5
|
|t:|1757155004
|switch|p2b: Pelipper|Pelipper, L50, F|100/100
|-weather|RainDance|[from] ability: Drizzle|[of] p2b: Pelipper
|move|p1a: Torkoal|Eruption|p2a: Archaludon|[spread] p2a,p2b
|-resisted|p2b: Pelipper
|-damage|p2a: Archaludon|54/100
|-damage|p2b: Pelipper|89/100
|-ability|p2a: Archaludon|Stamina|boost
|-boost|p2a: Archaludon|def|1
|move|p1b: Hatterene|Dazzling Gleam|p2b: Pelipper|[spread] p2a,p2b
|-damage|p2a: Archaludon|19/100
|-damage|p2b: Pelipper|23/100
|-ability|p2a: Archaludon|Stamina|boost
|-boost|p2a: Archaludon|def|1
|-damage|p1b: Hatterene|91/100|[from] item: Life Orb
|move|p2a: Archaludon|Electro Shot||[still]
|-prepare|p2a: Archaludon|Electro Shot
|-boost|p2a: Archaludon|spa|1
|-anim|p2a: Archaludon|Electro Shot|p1b: Hatterene
|-damage|p1b: Hatterene|16/100
|
|-weather|RainDance|[upkeep]
|-fieldend|move: Psychic Terrain
|upkeep
|turn|6
|inactive|WowieKazowee has 30 seconds left.
|
|t:|1757155035
|switch|p1a: Indeedee|Indeedee-F, L50, F|33/100
|-fieldstart|move: Psychic Terrain|[from] ability: Psychic Surge|[of] p1a: Indeedee
|move|p1b: Hatterene|Protect|p1b: Hatterene
|-singleturn|p1b: Hatterene|Protect
|move|p2b: Pelipper|Weather Ball|p1a: Indeedee
|-damage|p1a: Indeedee|0 fnt
|faint|p1a: Indeedee
|move|p2a: Archaludon|Electro Shot||[still]
|-prepare|p2a: Archaludon|Electro Shot
|-boost|p2a: Archaludon|spa|1
|-anim|p2a: Archaludon|Electro Shot|p1b: Hatterene
|-activate|p1b: Hatterene|move: Protect
|
|-weather|RainDance|[upkeep]
|upkeep
|
|t:|1757155044
|switch|p1a: Torkoal|Torkoal, L50, M|62/100
|-weather|SunnyDay|[from] ability: Drought|[of] p1a: Torkoal
|turn|7
|
|t:|1757155054
|move|p2b: Pelipper|Wide Guard|p2b: Pelipper
|-singleturn|p2b: Pelipper|Wide Guard
|move|p1a: Torkoal|Eruption|p2b: Pelipper|[spread] 
|-activate|p2a: Archaludon|move: Wide Guard
|-activate|p2b: Pelipper|move: Wide Guard
|move|p1b: Hatterene|Expanding Force|p2b: Pelipper|[spread] 
|-activate|p2a: Archaludon|move: Wide Guard
|-activate|p2b: Pelipper|move: Wide Guard
|move|p2a: Archaludon|Draco Meteor|p1a: Torkoal
|-damage|p1a: Torkoal|0 fnt
|-unboost|p2a: Archaludon|spa|2
|faint|p1a: Torkoal
|
|-weather|SunnyDay|[upkeep]
|-fieldend|move: Trick Room
|upkeep
|turn|8
|-message|Fake TR forfeited.
|
|win|WowieKazowee
|l|☆Fake TR
|player|p1|
||Fake TR is ready for game 2.
