|j|☆KingNoahC17
|j|☆rizz430
|html|KingNoahC17rizz430    
|uhtml|bestof|Game 3 of a best-of-3
|t:|1782980303
|gametype|doubles
|player|p1|KingNoahC17|169|
|player|p2|rizz430|mars|
|gen|9
|tier|[Gen 9 Champions] VGC 2026 Reg M-B (Bo3)
|rule|Species Clause: Limit one of each Pokémon
|rule|Item Clause: Limit 1 of each item
|clearpoke
|poke|p1|Grimmsnarl, L50, M|
|poke|p1|Incineroar, L50, M|
|poke|p1|Gholdengo, L50|
|poke|p1|Dragonite, L50, M|
|poke|p1|Floette-Eternal, L50, F|
|poke|p1|Kingambit, L50, F|
|poke|p2|Staraptor, L50, M, shiny|
|poke|p2|Garchomp, L50, M|
|poke|p2|Ninetales-Alola, L50, M|
|poke|p2|Kingambit, L50, M|
|poke|p2|Sinistcha, L50|
|poke|p2|Whimsicott, L50, M|
|teampreview|4
|showteam|p1|Grimmsnarl||LightClay|Prankster|SpiritBreak,Reflect,LightScreen,PartingShot|Careful||M|||50|]Incineroar||SitrusBerry|Intimidate|FlareBlitz,ThroatChop,FakeOut,PartingShot|Adamant||M|||50|]Gholdengo||Leftovers|GoodasGold|MakeItRain,ShadowBall,NastyPlot,Protect|Modest|||||50|]Dragonite||DragonFang|Multiscale|ScaleShot,ExtremeSpeed,LowKick,Protect|Adamant||M|||50|]Floette-Eternal||Floettite|FlowerVeil|DrainingKiss,DazzlingGleam,CalmMind,Protect|Modest||F|||50|]Kingambit||BlackGlasses|Defiant|KowtowCleave,SuckerPunch,SwordsDance,Protect|Adamant||F|||50|
|showteam|p2|Staraptor||Staraptite|Intimidate|CloseCombat,BraveBird,Roost,Protect|Jolly||M|||50|]Garchomp||LifeOrb|RoughSkin|Earthquake,DragonClaw,PoisonJab,Protect|Jolly||M|||50|]Ninetales-Alola||LightClay|SnowWarning|Charm,AuroraVeil,FreezeDry,Moonblast|Timid||M|||50|]Kingambit||ChopleBerry|Defiant|SuckerPunch,KowtowCleave,Protect,IronHead|Adamant||M|||50|]Sinistcha||SitrusBerry|Hospitality|MatchaGotcha,TrickRoom,Imprison,Protect|Bold|||||50|]Whimsicott||FocusSash|Prankster|Charm,Moonblast,Tailwind,Protect|Modest||M|||50|
|inactive|Battle timer is ON: inactive players will automatically lose when time's up. (requested by rizz430)
|inactive|KingNoahC17 also wants the timer to be on.
|c|☆rizz430|Phase right before runners high
|inactive|KingNoahC17 has 60 seconds left.
|c|☆rizz430|runners high here we come
|
|t:|1782980348
|teamsize|p1|4
|teamsize|p2|4
|start
|switch|p1a: Grimmsnarl|Grimmsnarl, L50, M|100/100
|switch|p1b: Floette|Floette-Eternal, L50, F|100/100
|switch|p2a: Whimsicott|Whimsicott, L50, M|100/100
|switch|p2b: Kingambit|Kingambit, L50, M|100/100
|turn|1
|c|☆rizz430|I think this team would be so much better without ninetales idk
|
|t:|1782980365
|detailschange|p1b: Floette|Floette-Mega, L50, F
|-mega|p1b: Floette|Floette|Floettite
|-ability|p1b: Floette|Fairy Aura
|move|p2a: Whimsicott|Tailwind|p2a: Whimsicott
|-sidestart|p2: rizz430|move: Tailwind
|move|p1a: Grimmsnarl|Reflect|p1a: Grimmsnarl
|-sidestart|p1: KingNoahC17|Reflect
|move|p2b: Kingambit|Iron Head|p1b: Floette
|-supereffective|p1b: Floette|1
|-damage|p1b: Floette|44/100
|cant|p1b: Floette|flinch
|
|upkeep
|turn|2
|
|t:|1782980388
|switch|p1b: Dragonite|Dragonite, L50, M|100/100
|move|p1a: Grimmsnarl|Parting Shot|p2a: Whimsicott
|-unboost|p2a: Whimsicott|atk|1
|-unboost|p2a: Whimsicott|spa|1
|
|t:|1782980395
|switch|p1a: Gholdengo|Gholdengo, L50|100/100|[from] Parting Shot
|move|p2a: Whimsicott|Moonblast|p1a: Gholdengo
|-resisted|p1a: Gholdengo|1
|-crit|p1a: Gholdengo
|-damage|p1a: Gholdengo|73/100
|move|p2b: Kingambit|Iron Head|p1b: Dragonite
|-damage|p1b: Dragonite|85/100
|
|-heal|p1a: Gholdengo|79/100|[from] item: Leftovers
|upkeep
|turn|3
|
|t:|1782980415
|move|p2a: Whimsicott|Charm|p1b: Dragonite
|-unboost|p1b: Dragonite|atk|2
|move|p2b: Kingambit|Kowtow Cleave|p1a: Gholdengo
|-supereffective|p1a: Gholdengo|1
|-damage|p1a: Gholdengo|15/100
|move|p1b: Dragonite|Low Kick|p2b: Kingambit
|-supereffective|p2b: Kingambit|2
|-enditem|p2b: Kingambit|Chople Berry|[eat]
|-enditem|p2b: Kingambit|Chople Berry|[weaken]
|-damage|p2b: Kingambit|71/100
|move|p1a: Gholdengo|Make It Rain|p2a: Whimsicott|[spread] p2a,p2b
|-supereffective|p2a: Whimsicott|1
|-resisted|p2b: Kingambit|1
|-enditem|p2a: Whimsicott|Focus Sash
|-damage|p2a: Whimsicott|1/100
|-damage|p2b: Kingambit|47/100
|-unboost|p1a: Gholdengo|spa|2
|
|-heal|p1a: Gholdengo|21/100|[from] item: Leftovers
|upkeep
|turn|4
|inactive|rizz430 has 30 seconds left.
|inactive|rizz430 has 20 seconds left.
|
|t:|1782980450
|switch|p2a: Garchomp|Garchomp, L50, M|100/100
|move|p2b: Kingambit|Protect|p2b: Kingambit
|-singleturn|p2b: Kingambit|Protect
|move|p1a: Gholdengo|Protect|p1a: Gholdengo
|-singleturn|p1a: Gholdengo|Protect
|move|p1b: Dragonite|Extreme Speed|p2a: Garchomp
|-damage|p2a: Garchomp|84/100
|-damage|p1b: Dragonite|73/100|[from] ability: Rough Skin|[of] p2a: Garchomp
|
|-heal|p1a: Gholdengo|27/100|[from] item: Leftovers
|-sideend|p2: rizz430|move: Tailwind
|upkeep
|turn|5
|inactive|KingNoahC17 has 30 seconds left.
|inactive|rizz430 has 30 seconds left.
|inactive|KingNoahC17 has 20 seconds left.
|inactive|KingNoahC17 has 15 seconds left.
|
|t:|1782980491
|switch|p1b: Grimmsnarl|Grimmsnarl, L50, M|100/100
|move|p2a: Garchomp|Poison Jab|p1b: Grimmsnarl
|-supereffective|p1b: Grimmsnarl|1
|-damage|p1b: Grimmsnarl|51/100
|-damage|p2a: Garchomp|74/100|[from] item: Life Orb
|move|p1a: Gholdengo|Nasty Plot|p1a: Gholdengo
|-boost|p1a: Gholdengo|spa|2
|move|p2b: Kingambit|Kowtow Cleave|p1a: Gholdengo
|-supereffective|p1a: Gholdengo|1
|-damage|p1a: Gholdengo|0 fnt
|faint|p1a: Gholdengo
|
|upkeep
|
|t:|1782980504
|switch|p1a: Dragonite|Dragonite, L50, M|73/100
|turn|6
|inactive|rizz430 has 30 seconds left.
|
|t:|1782980536
|move|p2a: Garchomp|Protect|p2a: Garchomp
|-singleturn|p2a: Garchomp|Protect
|move|p2b: Kingambit|Protect|p2b: Kingambit
|-singleturn|p2b: Kingambit|Protect
|move|p1a: Dragonite|Low Kick|p2b: Kingambit
|-activate|p2b: Kingambit|move: Protect
|move|p1b: Grimmsnarl|Spirit Break|p2a: Garchomp
|-activate|p2a: Garchomp|move: Protect
|
|upkeep
|turn|7
|
|t:|1782980554
|move|p1b: Grimmsnarl|Parting Shot|p2a: Garchomp
|-unboost|p2a: Garchomp|atk|1
|-unboost|p2a: Garchomp|spa|1
|
|t:|1782980556
|switch|p1b: Floette|Floette-Mega, L50, F|44/100|[from] Parting Shot
|-ability|p1b: Floette|Fairy Aura
|move|p2b: Kingambit|Sucker Punch|p1a: Dragonite
|-damage|p1a: Dragonite|44/100
|move|p2a: Garchomp|Dragon Claw|p1a: Dragonite
|-supereffective|p1a: Dragonite|1
|-damage|p1a: Dragonite|0 fnt
|faint|p1a: Dragonite
|-damage|p2a: Garchomp|64/100|[from] item: Life Orb
|
|upkeep
|
|t:|1782980558
|switch|p1a: Grimmsnarl|Grimmsnarl, L50, M|51/100
|turn|8
|inactive|rizz430 has 30 seconds left.
|inactive|KingNoahC17 has 30 seconds left.
|
|t:|1782980592
|move|p1b: Floette|Protect|p1b: Floette
|-singleturn|p1b: Floette|Protect
|move|p1a: Grimmsnarl|Parting Shot|p2a: Garchomp
|-unboost|p2a: Garchomp|atk|1
|-unboost|p2a: Garchomp|spa|1
|move|p2a: Garchomp|Poison Jab|p1b: Floette
|-activate|p1b: Floette|move: Protect
|move|p2b: Kingambit|Iron Head|p1b: Floette
|-activate|p1b: Floette|move: Protect
|
|-sideend|p1: KingNoahC17|Reflect
|upkeep
|turn|9
|inactive|KingNoahC17 has 30 seconds left.
|c|☆rizz430|omg
|inactive|KingNoahC17 has 20 seconds left.
|inactive|KingNoahC17 has 15 seconds left.
|inactive|KingNoahC17 has 10 seconds left.
|
|t:|1782980641
|move|p1a: Grimmsnarl|Reflect|p1a: Grimmsnarl
|-sidestart|p1: KingNoahC17|Reflect
|move|p2a: Garchomp|Poison Jab|p1b: Floette
|-supereffective|p1b: Floette|1
|-damage|p1b: Floette|20/100y
|-damage|p2a: Garchomp|55/100|[from] item: Life Orb
|move|p1b: Floette|Draining Kiss|p2a: Garchomp
|-supereffective|p2a: Garchomp|1
|-damage|p2a: Garchomp|0 fnt
|-heal|p1b: Floette|63/100|[from] drain|[of] p2a: Garchomp
|-damage|p1b: Floette|51/100|[from] ability: Rough Skin|[of] p2a: Garchomp
|faint|p2a: Garchomp
|move|p2b: Kingambit|Iron Head|p1b: Floette
|-supereffective|p1b: Floette|1
|-crit|p1b: Floette
|-damage|p1b: Floette|0 fnt
|faint|p1b: Floette
|
|upkeep
|c|☆KingNoahC17|I don’t wanna hear shit
|
|t:|1782980660
|switch|p2a: Whimsicott|Whimsicott, L50, M|1/100
|turn|10
|c|☆KingNoahC17|you can’t even make it up you got lucky with the mu
|c|☆KingNoahC17|that chomp
|c|☆rizz430|you're gonna hear it
|c|☆KingNoahC17|HITS ALL MY MONS FOR SE
|c|☆KingNoahC17|that’s bullshit
|c|☆rizz430|buddy you had to raptor hard counters 😭😭
|inactive|KingNoahC17 has 30 seconds left.
|c|☆rizz430|two
|c|☆KingNoahC17|you just get rolled
|c|☆KingNoahC17|raptor isn’t the problem
|inactive|KingNoahC17 has 20 seconds left.
|c|☆KingNoahC17|raptor is ass
|inactive|KingNoahC17 has 15 seconds left.
|c|☆KingNoahC17|chomp gambit is the problem
|inactive|KingNoahC17 has 10 seconds left.
|
|t:|1782980706
|move|p2a: Whimsicott|Moonblast|p1a: Grimmsnarl
|-supereffective|p1a: Grimmsnarl|1
|-damage|p1a: Grimmsnarl|0 fnt
|faint|p1a: Grimmsnarl
|
|win|rizz430
|c|☆rizz430|and then I had 2 raptor raptor counters
|l|☆KingNoahC17
|player|p1|
