|j|☆Llama_Llord
|j|‽pablittoo
|html|Llama_Llordpablittoo    
|uhtml|bestof|Game 1 of a best-of-3
|t:|1756800526
|gametype|doubles
|player|p1|Llama_Llord|1|1094
|player|p2|pablittoo|blackbelt-gen4dp|1164
|gen|9
|tier|[Gen 9] VGC 2025 Reg H (Bo3)
|rated|
|rule|Species Clause: Limit one of each Pokémon
|rule|Item Clause: Limit 1 of each item
|clearpoke
|poke|p1|Talonflame, L50, F|
|poke|p1|Garchomp, L50, M|
|poke|p1|Gholdengo, L50|
|poke|p1|Tyranitar, L50, F|
|poke|p1|Amoonguss, L50, M|
|poke|p1|Milotic, L50, M|
|poke|p2|Baxcalibur, L50, M|
|poke|p2|Typhlosion-Hisui, L50, F|
|poke|p2|Murkrow, L50, M|
|poke|p2|Garchomp, L50, M|
|poke|p2|Flamigo, L50, M|
|poke|p2|Rillaboom, L50, F|
|teampreview|4
|showteam|p1|Talonflame||CovertCloak|GaleWings|Tailwind,BraveBird,WillOWisp,Taunt|||F|||50|,,,,,Grass]Garchomp||LifeOrb|RoughSkin|Earthquake,DragonClaw,StompingTantrum,Protect|||M|||50|,,,,,Fairy]Gholdengo||ChoiceSpecs|GoodasGold|MakeItRain,ShadowBall,Thunderbolt,PowerGem||||||50|,,,,,Steel]Tyranitar||AssaultVest|SandStream|RockSlide,KnockOff,TeraBlast,LowKick|||F|||50|,,,,,Flying]Amoonguss||SitrusBerry|Regenerator|PollenPuff,Spore,RagePowder,Protect|||M|||50|,,,,,Grass]Milotic||SafetyGoggles|Competitive|Scald,IcyWind,Haze,Protect|||M|||50|,,,,,Dragon
|showteam|p2|Baxcalibur||ClearAmulet|ThermalExchange|IcicleCrash,GlaiveRush,Protect,SwordsDance|||M|||50|,,,,,Water]Typhlosion-Hisui||ChoiceScarf|Blaze|LavaPlume,Eruption,HeatWave,ShadowBall|||F|||50|,,,,,Fire]Murkrow||Eviolite|Prankster|Tailwind,SunnyDay,Haze,FoulPlay|||M|||50|,,,,,Ghost]Garchomp||LifeOrb|RoughSkin|Earthquake,DragonClaw,Protect,StompingTantrum|||M|||50|,,,,,Ground]Flamigo||FocusSash|Scrappy|CloseCombat,DualWingbeat,Protect,WideGuard|||M|||50|,,,,,Ghost]Rillaboom||AssaultVest|GrassySurge|Uturn,FakeOut,GrassyGlide,WoodHammer|||F|||50|,,,,,Fire
|inactive|Battle timer is ON: inactive players will automatically lose when time's up. (requested by Llama_Llord)
|
|t:|1756800552
|teamsize|p1|4
|teamsize|p2|4
|start
|switch|p1a: Talonflame|Talonflame, L50, F|100/100
|switch|p1b: Gholdengo|Gholdengo, L50|100/100
|switch|p2a: Murkrow|Murkrow, L50, M|100/100
|switch|p2b: Garchomp|Garchomp, L50, M|100/100
|turn|1
|
|t:|1756800570
|move|p1a: Talonflame|Tailwind|p1a: Talonflame
|-sidestart|p1: Llama_Llord|move: Tailwind
|move|p2a: Murkrow|Tailwind|p2a: Murkrow
|-sidestart|p2: pablittoo|move: Tailwind
|move|p2b: Garchomp|Earthquake|p1a: Talonflame|[spread] p1b
|-immune|p2a: Murkrow
|-immune|p1a: Talonflame
|-supereffective|p1b: Gholdengo
|-damage|p1b: Gholdengo|0 fnt
|faint|p1b: Gholdengo
|-damage|p2b: Garchomp|91/100|[from] item: Life Orb
|
|upkeep
|
|t:|1756800580
|switch|p1b: Garchomp|Garchomp, L50, M|100/100
|turn|2
|
|t:|1756800602
|move|p1b: Garchomp|Protect|p1b: Garchomp
|-singleturn|p1b: Garchomp|Protect
|move|p2b: Garchomp|Protect|p2b: Garchomp
|-singleturn|p2b: Garchomp|Protect
|move|p1a: Talonflame|Will-O-Wisp|p2b: Garchomp
|-activate|p2b: Garchomp|move: Protect
|move|p2a: Murkrow|Foul Play|p1b: Garchomp
|-activate|p1b: Garchomp|move: Protect
|
|upkeep
|turn|3
|inactive|Llama_Llord has 30 seconds left.
|inactive|pablittoo has 30 seconds left.
|inactive|pablittoo has 20 seconds left.
|
|t:|1756800639
|-terastallize|p1b: Garchomp|Fairy
|move|p1a: Talonflame|Will-O-Wisp|p2b: Garchomp
|-status|p2b: Garchomp|brn
|move|p1b: Garchomp|Dragon Claw|p2b: Garchomp
|-supereffective|p2b: Garchomp
|-damage|p2b: Garchomp|0 fnt
|-damage|p1b: Garchomp|88/100|[from] ability: Rough Skin|[of] p2b: Garchomp
|faint|p2b: Garchomp
|-damage|p1b: Garchomp|79/100|[from] item: Life Orb
|move|p2a: Murkrow|Foul Play|p1b: Garchomp
|-resisted|p1b: Garchomp
|-damage|p1b: Garchomp|54/100
|-damage|p2a: Murkrow|89/100|[from] ability: Rough Skin|[of] p1b: Garchomp
|
|upkeep
|
|t:|1756800657
|switch|p2b: Typhlosion|Typhlosion-Hisui, L50, F|100/100
|turn|4
|
|t:|1756800672
|move|p1a: Talonflame|Brave Bird|p2b: Typhlosion
|-damage|p2b: Typhlosion|52/100
|-damage|p1a: Talonflame|88/100|[from] Recoil
|move|p2a: Murkrow|Sunny Day|p2a: Murkrow
|-weather|SunnyDay
|move|p2b: Typhlosion|Heat Wave|p1b: Garchomp|[spread] p1a,p1b
|-resisted|p1a: Talonflame
|-damage|p1a: Talonflame|51/100
|-damage|p1b: Garchomp|0 fnt
|faint|p1b: Garchomp
|
|-weather|SunnyDay|[upkeep]
|-sideend|p1: Llama_Llord|move: Tailwind
|-sideend|p2: pablittoo|move: Tailwind
|upkeep
|
|t:|1756800680
|switch|p1b: Tyranitar|Tyranitar, L50, F|100/100
|-weather|Sandstorm|[from] ability: Sand Stream|[of] p1b: Tyranitar
|turn|5
|
|t:|1756800691
|move|p2a: Murkrow|Tailwind|p2a: Murkrow
|-sidestart|p2: pablittoo|move: Tailwind
|move|p2b: Typhlosion|Heat Wave|p1b: Tyranitar|[spread] p1a
|-miss|p2b: Typhlosion|p1b: Tyranitar
|-resisted|p1a: Talonflame
|-damage|p1a: Talonflame|26/100
|move|p1a: Talonflame|Brave Bird|p2b: Typhlosion
|-damage|p2b: Typhlosion|3/100
|-damage|p1a: Talonflame|13/100|[from] Recoil
|move|p1b: Tyranitar|Rock Slide|p2a: Murkrow|[spread] p2a,p2b
|-supereffective|p2a: Murkrow
|-supereffective|p2b: Typhlosion
|-crit|p2b: Typhlosion
|-damage|p2a: Murkrow|31/100
|-damage|p2b: Typhlosion|0 fnt
|faint|p2b: Typhlosion
|
|-weather|Sandstorm|[upkeep]
|-damage|p2a: Murkrow|25/100|[from] Sandstorm
|-damage|p1a: Talonflame|8/100|[from] Sandstorm
|upkeep
|
|t:|1756800706
|switch|p2b: Flamigo|Flamigo, L50, M|100/100
|turn|6
|
|t:|1756800716
|move|p2b: Flamigo|Close Combat|p1b: Tyranitar
|-supereffective|p1b: Tyranitar
|-damage|p1b: Tyranitar|0 fnt
|-unboost|p2b: Flamigo|def|1
|-unboost|p2b: Flamigo|spd|1
|faint|p1b: Tyranitar
|move|p2a: Murkrow|Foul Play|p1a: Talonflame
|-crit|p1a: Talonflame
|-damage|p1a: Talonflame|0 fnt
|faint|p1a: Talonflame
|
|win|pablittoo
