|j|☆Priestia
|j|☆satandagiii2005
|html|Priestiasatandagiii2005    
|uhtml|bestof|Game 1 of a best-of-3
|t:|1783213942
|gametype|doubles
|player|p1|Priestia|iris-gen5bw2|1136
|player|p2|satandagiii2005|byron|1164
|gen|9
|tier|[Gen 9 Champions] VGC 2026 Reg M-B (Bo3)
|rated|
|rule|Species Clause: Limit one of each Pokémon
|rule|Item Clause: Limit 1 of each item
|clearpoke
|poke|p1|Charizard, L50, M|
|poke|p1|Aerodactyl, L50, M|
|poke|p1|Farigiraf, L50, M|
|poke|p1|Kingambit, L50, F|
|poke|p1|Sylveon, L50, F|
|poke|p1|Garchomp, L50, M|
|poke|p2|Venusaur, L50, M|
|poke|p2|Swampert, L50, M|
|poke|p2|Pelipper, L50, M|
|poke|p2|Archaludon, L50, M|
|poke|p2|Maushold, L50|
|poke|p2|Gholdengo, L50|
|teampreview|4
|showteam|p1|Charizard||CharizarditeY|Blaze|WeatherBall,HeatWave,Protect,SolarBeam|Timid||M|||50|]Aerodactyl||Aerodactylite|Unnerve|RockSlide,IceFang,Tailwind,DualWingbeat|Jolly||M|||50|]Farigiraf||SitrusBerry|ArmorTail|TwinBeam,Thunderbolt,GrassKnot,TrickRoom|Modest||M|||50|]Kingambit||FocusSash|Defiant|IronHead,KowtowCleave,SuckerPunch,LowKick|Adamant||F|||50|]Sylveon||FairyFeather|Pixilate|HyperVoice,HyperBeam,Detect,QuickAttack|Modest||F|||50|]Garchomp||LifeOrb|RoughSkin|Earthquake,StompingTantrum,DragonClaw,Protect|Jolly||M|||50|
|showteam|p2|Venusaur||Venusaurite|Overgrow|SludgeBomb,EarthPower,GigaDrain,Protect|Modest||M|||50|]Swampert||Swampertite|Torrent|WaveCrash,Earthquake,IcePunch,Protect|Adamant||M|||50|]Pelipper||SitrusBerry|Drizzle|Hurricane,WeatherBall,Tailwind,WideGuard|Modest||M|||50|]Archaludon||Leftovers|Stamina|ElectroShot,DragonPulse,FlashCannon,Protect|Modest||M|||50|]Maushold||FocusSash|FriendGuard|FollowMe,SuperFang,RainDance,Protect|Jolly|||||50|]Gholdengo||LifeOrb|GoodasGold|MakeItRain,ShadowBall,PowerGem,Protect|Timid|||||50|
|inactive|Battle timer is ON: inactive players will automatically lose when time's up. (requested by satandagiii2005)
|
|t:|1783213994
|teamsize|p1|4
|teamsize|p2|4
|start
|switch|p1a: Sylveon|Sylveon, L50, F|100/100
|switch|p1b: Farigiraf|Farigiraf, L50, M|100/100
|switch|p2a: Venusaur|Venusaur, L50, M|100/100
|switch|p2b: Maushold|Maushold, L50|100/100
|turn|1
|inactive|satandagiii2005 has 30 seconds left.
|
|t:|1783214019
|detailschange|p2a: Venusaur|Venusaur-Mega, L50, M
|-mega|p2a: Venusaur|Venusaur|Venusaurite
|move|p1a: Sylveon|Detect|p1a: Sylveon
|-singleturn|p1a: Sylveon|Protect
|move|p2b: Maushold|Super Fang|p1b: Farigiraf
|-damage|p1b: Farigiraf|50/100g
|move|p2a: Venusaur|Sludge Bomb|p1b: Farigiraf
|-damage|p1b: Farigiraf|6/100
|-status|p1b: Farigiraf|psn
|-enditem|p1b: Farigiraf|Sitrus Berry|[eat]
|-heal|p1b: Farigiraf|30/100 psn|[from] item: Sitrus Berry
|move|p1b: Farigiraf|Trick Room|p1b: Farigiraf
|-fieldstart|move: Trick Room|[of] p1b: Farigiraf
|
|-damage|p1b: Farigiraf|18/100 psn|[from] psn
|upkeep
|turn|2
|
|t:|1783214044
|move|p2b: Maushold|Protect|p2b: Maushold
|-singleturn|p2b: Maushold|Protect
|move|p1a: Sylveon|Hyper Voice|p2b: Maushold|[spread] p2a
|-activate|p2b: Maushold|move: Protect
|-resisted|p2a: Venusaur|1
|-damage|p2a: Venusaur|86/100
|move|p1b: Farigiraf|Twin Beam|p2a: Venusaur
|-supereffective|p2a: Venusaur|1
|-damage|p2a: Venusaur|65/100
|-supereffective|p2a: Venusaur|1
|-damage|p2a: Venusaur|42/100
|-hitcount|p2a: Venusaur|2
|move|p2a: Venusaur|Sludge Bomb|p1a: Sylveon
|-supereffective|p1a: Sylveon|1
|-damage|p1a: Sylveon|39/100
|
|-damage|p1b: Farigiraf|6/100 psn|[from] psn
|upkeep
|turn|3
|inactive|satandagiii2005 has 30 seconds left.
|inactive|satandagiii2005 has 20 seconds left.
|
|t:|1783214084
|move|p2b: Maushold|Follow Me|p2b: Maushold
|-singleturn|p2b: Maushold|move: Follow Me
|move|p1a: Sylveon|Hyper Voice|p2a: Venusaur|[spread] p2a,p2b
|-resisted|p2a: Venusaur|1
|-crit|p2a: Venusaur
|-damage|p2a: Venusaur|20/100y
|-damage|p2b: Maushold|32/100
|move|p1b: Farigiraf|Twin Beam|p2b: Maushold
|-damage|p2b: Maushold|10/100
|-damage|p2b: Maushold|0 fnt
|faint|p2b: Maushold
|-hitcount|p2: Maushold|2
|move|p2a: Venusaur|Sludge Bomb|p1a: Sylveon
|-supereffective|p1a: Sylveon|1
|-damage|p1a: Sylveon|0 fnt
|faint|p1a: Sylveon
|
|-damage|p1b: Farigiraf|0 fnt|[from] psn
|faint|p1b: Farigiraf
|upkeep
|
|t:|1783214106
|switch|p1a: Charizard|Charizard, L50, M|100/100
|switch|p1b: Garchomp|Garchomp, L50, M|100/100
|switch|p2b: Pelipper|Pelipper, L50, M|100/100
|-weather|RainDance|[from] ability: Drizzle|[of] p2b: Pelipper
|turn|4
|inactive|satandagiii2005 has 30 seconds left.
|
|t:|1783214133
|move|p1a: Charizard|Protect|p1a: Charizard
|-singleturn|p1a: Charizard|Protect
|move|p2b: Pelipper|Wide Guard|p2b: Pelipper
|-singleturn|p2b: Pelipper|Wide Guard
|move|p2a: Venusaur|Giga Drain|p1b: Garchomp
|-damage|p1b: Garchomp|55/100
|-heal|p2a: Venusaur|44/100|[from] drain|[of] p1b: Garchomp
|move|p1b: Garchomp|Dragon Claw|p2a: Venusaur
|-damage|p2a: Venusaur|0 fnt
|faint|p2a: Venusaur
|-damage|p1b: Garchomp|45/100|[from] item: Life Orb
|
|-weather|RainDance|[upkeep]
|upkeep
|
|t:|1783214146
|switch|p2a: Archaludon|Archaludon, L50, M|100/100
|turn|5
|
|t:|1783214155
|detailschange|p1a: Charizard|Charizard-Mega-Y, L50, M
|-mega|p1a: Charizard|Charizard|Charizardite Y
|-weather|SunnyDay|[from] ability: Drought|[of] p1a: Charizard
|move|p2b: Pelipper|Tailwind|p2b: Pelipper
|-sidestart|p2: satandagiii2005|move: Tailwind
|move|p1a: Charizard|Heat Wave|p2b: Pelipper|[spread] p2b
|-miss|p1a: Charizard|p2a: Archaludon
|-resisted|p2b: Pelipper|1
|-damage|p2b: Pelipper|58/100
|move|p1b: Garchomp|Earthquake|p2b: Pelipper|[spread] p2a
|-immune|p1a: Charizard
|-immune|p2b: Pelipper
|-supereffective|p2a: Archaludon|1
|-damage|p2a: Archaludon|20/100y
|-ability|p2a: Archaludon|Stamina|boost
|-boost|p2a: Archaludon|def|1
|-damage|p1b: Garchomp|36/100|[from] item: Life Orb
|move|p2a: Archaludon|Dragon Pulse|p1b: Garchomp
|-supereffective|p1b: Garchomp|1
|-damage|p1b: Garchomp|0 fnt
|faint|p1b: Garchomp
|
|-weather|SunnyDay|[upkeep]
|-heal|p2a: Archaludon|26/100|[from] item: Leftovers
|-fieldend|move: Trick Room
|upkeep
|turn|6
|inactive|Priestia has 30 seconds left.
|
|t:|1783214182
|move|p2a: Archaludon|Dragon Pulse|p1a: Charizard
|-damage|p1a: Charizard|57/100
|move|p2b: Pelipper|Weather Ball|p1a: Charizard
|-resisted|p1a: Charizard|1
|-damage|p1a: Charizard|38/100
|move|p1a: Charizard|Weather Ball|p2a: Archaludon
|-damage|p2a: Archaludon|0 fnt
|faint|p2a: Archaludon
|
|-weather|SunnyDay|[upkeep]
|upkeep
|turn|7
|
|t:|1783214195
|move|p2b: Pelipper|Weather Ball|p1a: Charizard
|-resisted|p1a: Charizard|1
|-damage|p1a: Charizard|17/100
|move|p1a: Charizard|Solar Beam||[still]
|-prepare|p1a: Charizard|Solar Beam
|-anim|p1a: Charizard|Solar Beam|p2b: Pelipper
|-damage|p2b: Pelipper|0 fnt
|faint|p2b: Pelipper
|
|win|Priestia
||satandagiii2005 is ready for game 2.
||Priestia is ready for game 2.
|uhtml|next|Next: Game 2 of 3
