|j|☆eneko jauregi
|j|☆Diegoelsocorrista
|html|eneko jauregiDiegoelsocorrista    
|uhtml|bestof|Game 3 of a best-of-3
|t:|1756496528
|gametype|doubles
|player|p1|eneko jauregi|steven|1192
|player|p2|Diegoelsocorrista|blaine-lgpe|1153
|gen|9
|tier|[Gen 9] VGC 2025 Reg H (Bo3)
|rated|
|rule|Species Clause: Limit one of each Pokémon
|rule|Item Clause: Limit 1 of each item
|clearpoke
|poke|p1|Grimmsnarl, L50, M|
|poke|p1|Archaludon, L50, F|
|poke|p1|Sinistcha, L50|
|poke|p1|Pelipper, L50, M|
|poke|p1|Maushold, L50|
|poke|p1|Annihilape, L50, F|
|poke|p2|Archaludon, L50, F|
|poke|p2|Rillaboom, L50, M|
|poke|p2|Basculegion, L50, M|
|poke|p2|Kingambit, L50, F|
|poke|p2|Pelipper, L50, M|
|poke|p2|Electabuzz, L50, F|
|teampreview|4
|showteam|p1|Grimmsnarl||LightClay|Prankster|SpiritBreak,ThunderWave,Reflect,LightScreen|||M|||50|,,,,,Ghost]Archaludon||AssaultVest|Stamina|ElectroShot,FlashCannon,BodyPress,Snarl|||F|||50|,,,,,Grass]Sinistcha||SitrusBerry|Hospitality|MatchaGotcha,LifeDew,RagePowder,TrickRoom||||||50|,,,,,Dark]Pelipper||FocusSash|Drizzle|Hurricane,WeatherBall,Tailwind,Protect|||M|||50|,,,,,Ghost]Maushold||SafetyGoggles|FriendGuard|BeatUp,Taunt,FollowMe,Protect||||||50|,,,,,Ghost]Annihilape||Leftovers|Defiant|DrainPunch,RageFist,BulkUp,Protect|||F|||50|,,,,,Water
|showteam|p2|Archaludon||AssaultVest|Stamina|ElectroShot,DracoMeteor,FlashCannon,BodyPress|||F|||50|,,,,,Fairy]Rillaboom||LoadedDice|GrassySurge|BulletSeed,GrassyGlide,FakeOut,HighHorsepower|||M|||50|,,,,,Fire]Basculegion||ChoiceBand|SwiftSwim|WaveCrash,LastRespects,FlipTurn,AquaJet|||M|||50|,,,,,Grass]Kingambit||BlackGlasses|Defiant|KowtowCleave,SuckerPunch,SwordsDance,Protect|||F|||50|,,,,,Dark]Pelipper||FocusSash|Drizzle|WeatherBall,Hurricane,Tailwind,Protect|||M|||50|,,,,,Ghost]Electabuzz||Eviolite|VitalSpirit|Electroweb,Taunt,FollowMe,Protect|||F|||50|,,,,,Ghost
|
|t:|1756496551
|teamsize|p1|4
|teamsize|p2|4
|start
|switch|p1a: Grimmsnarl|Grimmsnarl, L50, M|100/100
|switch|p1b: Archaludon|Archaludon, L50, F|100/100
|switch|p2a: Kingambit|Kingambit, L50, F, shiny|100/100
|switch|p2b: Electabuzz|Electabuzz, L50, F|100/100
|turn|1
|inactive|Battle timer is ON: inactive players will automatically lose when time's up. (requested by Diegoelsocorrista)
|
|t:|1756496606
|switch|p1a: Maushold|Maushold, L50|100/100
|move|p2b: Electabuzz|Follow Me|p2b: Electabuzz
|-singleturn|p2b: Electabuzz|move: Follow Me
|move|p1b: Archaludon|Body Press|p2b: Electabuzz
|-damage|p2b: Electabuzz|81/100
|move|p2a: Kingambit|Swords Dance|p2a: Kingambit
|-boost|p2a: Kingambit|atk|2
|
|upkeep
|turn|2
|
|t:|1756496625
|-terastallize|p2a: Kingambit|Dark
|move|p2b: Electabuzz|Follow Me|p2b: Electabuzz
|-singleturn|p2b: Electabuzz|move: Follow Me
|move|p1a: Maushold|Taunt|p2b: Electabuzz
|-start|p2b: Electabuzz|move: Taunt
|move|p1b: Archaludon|Body Press|p2b: Electabuzz
|-damage|p2b: Electabuzz|60/100
|move|p2a: Kingambit|Kowtow Cleave|p1a: Maushold
|-damage|p1a: Maushold|0 fnt
|faint|p1a: Maushold
|
|upkeep
|
|t:|1756496638
|switch|p1a: Grimmsnarl|Grimmsnarl, L50, M|100/100
|turn|3
|
|t:|1756496651
|switch|p2b: Rillaboom|Rillaboom, L50, M|100/100
|-fieldstart|move: Grassy Terrain|[from] ability: Grassy Surge|[of] p2b: Rillaboom
|move|p2a: Kingambit|Protect|p2a: Kingambit
|-singleturn|p2a: Kingambit|Protect
|move|p1a: Grimmsnarl|Reflect|p1a: Grimmsnarl
|-sidestart|p1: eneko jauregi|Reflect
|move|p1b: Archaludon|Body Press|p2a: Kingambit
|-activate|p2a: Kingambit|move: Protect
|
|upkeep
|turn|4
|
|t:|1756496668
|move|p2b: Rillaboom|Fake Out|p1a: Grimmsnarl
|-damage|p1a: Grimmsnarl|90/100
|cant|p1a: Grimmsnarl|flinch
|move|p1b: Archaludon|Body Press|p2a: Kingambit
|-supereffective|p2a: Kingambit
|-damage|p2a: Kingambit|58/100
|move|p2a: Kingambit|Swords Dance|p2a: Kingambit
|-boost|p2a: Kingambit|atk|2
|
|-heal|p1a: Grimmsnarl|96/100|[from] Grassy Terrain
|-heal|p2a: Kingambit|63/100|[from] Grassy Terrain
|upkeep
|turn|5
|
|t:|1756496683
|switch|p2b: Electabuzz|Electabuzz, L50, F|60/100
|move|p2a: Kingambit|Protect|p2a: Kingambit
|-singleturn|p2a: Kingambit|Protect
|move|p1b: Archaludon|Body Press|p2a: Kingambit
|-activate|p2a: Kingambit|move: Protect
|move|p1a: Grimmsnarl|Spirit Break|p2a: Kingambit
|-activate|p2a: Kingambit|move: Protect
|
|-heal|p2b: Electabuzz|65/100|[from] Grassy Terrain
|-heal|p1a: Grimmsnarl|100/100|[from] Grassy Terrain
|-heal|p2a: Kingambit|69/100|[from] Grassy Terrain
|upkeep
|turn|6
|
|t:|1756496698
|move|p2b: Electabuzz|Follow Me|p2b: Electabuzz
|-singleturn|p2b: Electabuzz|move: Follow Me
|move|p1b: Archaludon|Body Press|p2b: Electabuzz
|-damage|p2b: Electabuzz|44/100
|move|p1a: Grimmsnarl|Spirit Break|p2b: Electabuzz
|-damage|p2b: Electabuzz|22/100
|-unboost|p2b: Electabuzz|spa|1
|move|p2a: Kingambit|Swords Dance|p2a: Kingambit
|-boost|p2a: Kingambit|atk|2
|
|-heal|p2b: Electabuzz|27/100|[from] Grassy Terrain
|-heal|p2a: Kingambit|75/100|[from] Grassy Terrain
|upkeep
|turn|7
|
|t:|1756496714
|move|p2b: Electabuzz|Follow Me|p2b: Electabuzz
|-singleturn|p2b: Electabuzz|move: Follow Me
|move|p2a: Kingambit|Sucker Punch|p1b: Archaludon
|-damage|p1b: Archaludon|0 fnt
|faint|p1b: Archaludon
|move|p1a: Grimmsnarl|Spirit Break|p2b: Electabuzz
|-damage|p2b: Electabuzz|1/100
|-unboost|p2b: Electabuzz|spa|1
|
|-heal|p2b: Electabuzz|7/100|[from] Grassy Terrain
|-heal|p2a: Kingambit|81/100|[from] Grassy Terrain
|-fieldend|move: Grassy Terrain
|upkeep
|-message|eneko jauregi forfeited.
|
|win|Diegoelsocorrista
|raw|eneko jauregi's rating: 1192 → 1164(-28 for losing)
|raw|Diegoelsocorrista's rating: 1153 → 1181(+28 for winning)
|l|☆eneko jauregi
|player|p1|
