|j|☆capravgc
|j|☆Tsbassddf
|html|capravgcTsbassddf    
|uhtml|bestof|Game 1 of a best-of-3
|t:|1757926903
|gametype|doubles
|player|p1|capravgc|backpackerf|1098
|player|p2|Tsbassddf|101|1059
|gen|9
|tier|[Gen 9] VGC 2025 Reg H (Bo3)
|rated|
|rule|Species Clause: Limit one of each Pokémon
|rule|Item Clause: Limit 1 of each item
|clearpoke
|poke|p1|Garchomp, L50, M|
|poke|p1|Dragonite, L50, F|
|poke|p1|Kingambit, L50, M|
|poke|p1|Ninetales-Alola, L50, F|
|poke|p1|Incineroar, L50, F|
|poke|p1|Amoonguss, L50, M|
|poke|p2|Weavile, L50, M|
|poke|p2|Ursaluna-Bloodmoon, L50, M|
|poke|p2|Skeledirge, L50, F|
|poke|p2|Gastrodon, L50, M|
|poke|p2|Sneasler, L50, M|
|poke|p2|Sinistcha, L50|
|teampreview|4
|showteam|p1|Garchomp||ChoiceBand|RoughSkin|RockSlide,StompingTantrum,DragonClaw,Earthquake|||M|||50|,,,,,Steel]Dragonite||LumBerry|Multiscale|Protect,ExtremeSpeed,LowKick,TeraBlast|||F|||50|,,,,,Flying]Kingambit||AssaultVest|Defiant|KowtowCleave,IronHead,SuckerPunch,LowKick|||M|||50|,,,,,Dark]Ninetales-Alola||ChoiceSpecs|SnowWarning|Blizzard,Moonblast,FreezeDry,IceBeam|||F|||50|,,,,,Ice]Incineroar||SafetyGoggles|Intimidate|PartingShot,FlareBlitz,KnockOff,FakeOut|||F|||50|,,,,,Ghost]Amoonguss||SitrusBerry|Regenerator|Spore,RagePowder,PollenPuff,ClearSmog|||M|||50|,,,,,Water
|showteam|p2|Weavile||FocusSash|Pressure|IceSpinner,IcicleSpear,KnockOff,Protect|||M|||50|,,,,,Ghost]Ursaluna-Bloodmoon||LifeOrb|MindsEye|BloodMoon,EarthPower,HyperVoice,Protect|||M|||50|,,,,,Ghost]Skeledirge||Leftovers|Unaware|AlluringVoice,TorchSong,ShadowBall,Protect|||F|||50|,,,,,Grass]Gastrodon||SitrusBerry|StormDrain|IcyWind,EarthPower,Yawn,MuddyWater|||M|||50|,,,,,Fire]Sneasler||WhiteHerb|Unburden|FakeOut,CloseCombat,DireClaw,Protect|||M|||50|,,,,,Ghost]Sinistcha||RockyHelmet|Hospitality|RagePowder,MatchaGotcha,ShadowBall,LifeDew||||||50|,,,,,Dark
|
|t:|1757926929
|teamsize|p1|4
|teamsize|p2|4
|start
|switch|p1a: Ninetales|Ninetales-Alola, L50, F|100/100
|switch|p1b: Incineroar|Incineroar, L50, F|100/100
|switch|p2a: Skeledirge|Skeledirge, L50, F|100/100
|switch|p2b: Sneasler|Sneasler, L50, M|100/100
|-weather|Snowscape|[from] ability: Snow Warning|[of] p1a: Ninetales
|-ability|p1b: Incineroar|Intimidate|boost
|-unboost|p2a: Skeledirge|atk|1
|-unboost|p2b: Sneasler|atk|1
|-enditem|p2b: Sneasler|White Herb
|-clearnegativeboost|p2b: Sneasler|[silent]
|turn|1
|inactive|Battle timer is ON: inactive players will automatically lose when time's up. (requested by capravgc)
|
|t:|1757926950
|switch|p1a: Garchomp|Garchomp, L50, M|100/100
|-terastallize|p2a: Skeledirge|Grass
|move|p2b: Sneasler|Fake Out|p1a: Garchomp
|-damage|p1a: Garchomp|87/100
|-damage|p2b: Sneasler|88/100|[from] ability: Rough Skin|[of] p1a: Garchomp
|move|p2a: Skeledirge|Torch Song|p1a: Garchomp
|-resisted|p1a: Garchomp
|-damage|p1a: Garchomp|66/100
|-boost|p2a: Skeledirge|spa|1
|move|p1b: Incineroar|Knock Off|p2a: Skeledirge
|-damage|p2a: Skeledirge|60/100
|-enditem|p2a: Skeledirge|Leftovers|[from] move: Knock Off|[of] p1b: Incineroar
|
|-weather|Snowscape|[upkeep]
|upkeep
|turn|2
|inactive|capravgc has 30 seconds left.
|
|t:|1757926981
|move|p2b: Sneasler|Protect|p2b: Sneasler
|-singleturn|p2b: Sneasler|Protect
|move|p1a: Garchomp|Stomping Tantrum|p2b: Sneasler
|-activate|p2b: Sneasler|move: Protect
|move|p2a: Skeledirge|Alluring Voice|p1a: Garchomp
|-supereffective|p1a: Garchomp
|-damage|p1a: Garchomp|0 fnt
|faint|p1a: Garchomp
|move|p1b: Incineroar|Flare Blitz|p2a: Skeledirge
|-supereffective|p2a: Skeledirge
|-damage|p2a: Skeledirge|0 fnt
|faint|p2a: Skeledirge
|-damage|p1b: Incineroar|80/100|[from] Recoil
|
|-weather|Snowscape|[upkeep]
|upkeep
|
|t:|1757927000
|switch|p1a: Ninetales|Ninetales-Alola, L50, F|100/100
|switch|p2a: Gastrodon|Gastrodon, L50, M|100/100
|turn|3
|
|t:|1757927014
|-terastallize|p1a: Ninetales|Ice
|move|p2b: Sneasler|Dire Claw|p1a: Ninetales
|-damage|p1a: Ninetales|64/100
|move|p1a: Ninetales|Blizzard|p2b: Sneasler|[spread] p2a,p2b
|-damage|p2a: Gastrodon|41/100
|-damage|p2b: Sneasler|4/100
|-enditem|p2a: Gastrodon|Sitrus Berry|[eat]
|-heal|p2a: Gastrodon|66/100|[from] item: Sitrus Berry
|move|p1b: Incineroar|Flare Blitz|p2b: Sneasler
|-damage|p2b: Sneasler|0 fnt
|faint|p2b: Sneasler
|-damage|p1b: Incineroar|79/100|[from] Recoil
|move|p2a: Gastrodon|Muddy Water|p1b: Incineroar|[spread] p1a,p1b
|-supereffective|p1b: Incineroar
|-damage|p1a: Ninetales|30/100
|-damage|p1b: Incineroar|28/100
|
|-weather|Snowscape|[upkeep]
|upkeep
|
|t:|1757927030
|switch|p2b: Weavile|Weavile, L50, M|100/100
|-ability|p2b: Weavile|Pressure
|turn|4
|
|t:|1757927051
|move|p2b: Weavile|Protect|p2b: Weavile
|-singleturn|p2b: Weavile|Protect
|move|p1a: Ninetales|Blizzard|p2a: Gastrodon|[spread] p2a
|-activate|p2b: Weavile|move: Protect
|-damage|p2a: Gastrodon|10/100
|move|p1b: Incineroar|Flare Blitz|p2b: Weavile
|-activate|p2b: Weavile|move: Protect
|move|p2a: Gastrodon|Icy Wind|p1a: Ninetales|[spread] p1a,p1b
|-resisted|p1a: Ninetales
|-resisted|p1b: Incineroar
|-damage|p1a: Ninetales|23/100
|-damage|p1b: Incineroar|23/100
|-unboost|p1a: Ninetales|spe|1
|-unboost|p1b: Incineroar|spe|1
|
|-weather|Snowscape|[upkeep]
|upkeep
|turn|5
|
|t:|1757927067
|move|p2b: Weavile|Knock Off|p1a: Ninetales
|-damage|p1a: Ninetales|0 fnt
|-enditem|p1a: Ninetales|Choice Specs|[from] move: Knock Off|[of] p2b: Weavile
|faint|p1a: Ninetales
|move|p2a: Gastrodon|Earth Power|p1b: Incineroar
|-supereffective|p1b: Incineroar
|-damage|p1b: Incineroar|0 fnt
|faint|p1b: Incineroar
|
|-weather|none
|upkeep
|
|t:|1757927074
|switch|p1b: Kingambit|Kingambit, L50, M|100/100
|turn|6
|
|t:|1757927083
|move|p2b: Weavile|Protect|p2b: Weavile
|-singleturn|p2b: Weavile|Protect
|move|p1b: Kingambit|Iron Head|p2a: Gastrodon
|-resisted|p2a: Gastrodon
|-damage|p2a: Gastrodon|0 fnt
|faint|p2a: Gastrodon
|
|upkeep
|turn|7
|
|t:|1757927093
|move|p2b: Weavile|Knock Off|p1b: Kingambit
|-resisted|p1b: Kingambit
|-damage|p1b: Kingambit|82/100
|-enditem|p1b: Kingambit|Assault Vest|[from] move: Knock Off|[of] p2b: Weavile
|move|p1b: Kingambit|Low Kick|p2b: Weavile
|-supereffective|p2b: Weavile
|-enditem|p2b: Weavile|Focus Sash
|-damage|p2b: Weavile|1/100
|
|upkeep
|turn|8
|
|t:|1757927099
|move|p1b: Kingambit|Sucker Punch|p2b: Weavile
|-resisted|p2b: Weavile
|-crit|p2b: Weavile
|-damage|p2b: Weavile|0 fnt
|faint|p2b: Weavile
|
|win|capravgc
||capravgc is ready for game 2.
||Tsbassddf is ready for game 2.
|uhtml|next|Next: Game 2 of 3
|l|☆Tsbassddf
|player|p2|
|l|☆capravgc
|player|p1|
