|j|☆ToastedArt
|j|☆panikd
|html|ToastedArtpanikd    
|uhtml|bestof|Game 3 of a best-of-3
|t:|1785257512
|gametype|doubles
|player|p1|ToastedArt|iris|1092
|player|p2|panikd|1|1013
|gen|9
|tier|[Gen 9 Champions] VGC 2026 Reg M-B (Bo3)
|rated|
|rule|Species Clause: Limit one of each Pokémon
|rule|Item Clause: Limit 1 of each item
|clearpoke
|poke|p1|Vanilluxe, L50, M, shiny|
|poke|p1|Sneasler, L50, M|
|poke|p1|Sinistcha, L50, shiny|
|poke|p1|Raichu, L50, F|
|poke|p1|Incineroar, L50, M|
|poke|p1|Azumarill, L50, F|
|poke|p2|Falinks, L50|
|poke|p2|Garchomp, L50, M|
|poke|p2|Kingambit, L50, F|
|poke|p2|Scovillain, L50, F, shiny|
|poke|p2|Dragalge, L50, M, shiny|
|poke|p2|Farigiraf, L50, M|
|teampreview|4
|showteam|p1|Vanilluxe||ChoiceScarf|SnowWarning|Blizzard,FreezeDry,IcyWind,SheerCold|Timid||M|||50|]Sneasler||FocusSash|PoisonTouch|PoisonJab,CloseCombat,FakeOut,Taunt|Adamant||M|||50|]Sinistcha||ColburBerry|Hospitality|MatchaGotcha,RagePowder,TrickRoom,Protect|Bold|||||50|]Raichu||RaichuniteY|LightningRod|ZapCannon,FocusBlast,Substitute,Protect|Timid||F|||50|]Incineroar||Charcoal|Intimidate|FlareBlitz,ThroatChop,FakeOut,PartingShot|Adamant||M|||50|]Azumarill||SitrusBerry|HugePower|PlayRough,AquaJet,BellyDrum,Protect|Adamant||F|||50|
|showteam|p2|Falinks||Falinksite|Defiant|CloseCombat,NoRetreat,Megahorn,RockSlide|Jolly|||||50|]Garchomp||LifeOrb|RoughSkin|Earthquake,DragonClaw,RockSlide,Protect|Jolly||M|||50|]Kingambit||BlackGlasses|SupremeOverlord|SuckerPunch,IronHead,PoisonJab,Protect|Adamant||F|||50|]Scovillain||Leftovers|Moody|RagePowder,HelpingHand,LeechSeed,SuperFang|Calm||F|||50|]Dragalge||Dragalgite|Adaptability|SludgeWave,ShadowBall,DracoMeteor,Protect|Modest||M|||50|]Farigiraf||MentalHerb|ArmorTail|TrickRoom,DazzlingGleam,CalmMind,Thunderbolt|Quiet||M|||50|
|inactive|Battle timer is ON: inactive players will automatically lose when time's up. (requested by ToastedArt)
|
|t:|1785257539
|teamsize|p1|4
|teamsize|p2|4
|start
|switch|p1a: Ol' Betsy|Raichu, L50, F|100/100
|switch|p1b: Pickle Cup|Sinistcha, L50, shiny|100/100
|switch|p2a: Buford|Scovillain, L50, F, shiny|100/100
|switch|p2b: Doofenshmirtz|Dragalge, L50, M, shiny|100/100
|turn|1
|
|t:|1785257555
|detailschange|p1a: Ol' Betsy|Raichu-Mega-Y, L50, F
|-mega|p1a: Ol' Betsy|Raichu|Raichunite Y
|detailschange|p2b: Doofenshmirtz|Dragalge-Mega, L50, M, shiny
|-mega|p2b: Doofenshmirtz|Dragalge|Dragalgite
|move|p2a: Buford|Helping Hand|p2b: Doofenshmirtz
|-singleturn|p2b: Doofenshmirtz|Helping Hand|[of] p2a: Buford
|move|p1b: Pickle Cup|Rage Powder|p1b: Pickle Cup
|-singleturn|p1b: Pickle Cup|move: Rage Powder
|move|p1a: Ol' Betsy|Zap Cannon|p2b: Doofenshmirtz
|-resisted|p2b: Doofenshmirtz|1
|-damage|p2b: Doofenshmirtz|77/100
|-status|p2b: Doofenshmirtz|par
|move|p2b: Doofenshmirtz|Sludge Wave|p1a: Ol' Betsy|[spread] p2a,p1a,p1b
|-supereffective|p2a: Buford|1
|-damage|p2a: Buford|0 fnt
|-damage|p1a: Ol' Betsy|29/100
|-damage|p1b: Pickle Cup|47/100
|-status|p1a: Ol' Betsy|psn
|faint|p2a: Buford
|
|-damage|p1a: Ol' Betsy|17/100 psn|[from] psn
|upkeep
|
|t:|1785257571
|switch|p2a: Ferb|Garchomp, L50, M|100/100
|turn|2
|
|t:|1785257585
|move|p1a: Ol' Betsy|Protect|p1a: Ol' Betsy
|-singleturn|p1a: Ol' Betsy|Protect
|move|p1b: Pickle Cup|Protect|p1b: Pickle Cup
|-singleturn|p1b: Pickle Cup|Protect
|move|p2b: Doofenshmirtz|Protect|p2b: Doofenshmirtz
|-singleturn|p2b: Doofenshmirtz|Protect
|move|p2a: Ferb|Rock Slide|p1a: Ol' Betsy|[spread] 
|-activate|p1a: Ol' Betsy|move: Protect
|-activate|p1b: Pickle Cup|move: Protect
|
|-damage|p1a: Ol' Betsy|5/100 psn|[from] psn
|upkeep
|turn|3
|
|t:|1785257599
|switch|p1b: Sneasler|Sneasler, L50, M|100/100
|move|p2b: Doofenshmirtz|Protect||[still]
|-fail|p2b: Doofenshmirtz
|move|p1a: Ol' Betsy|Focus Blast|p2a: Ferb
|-damage|p2a: Ferb|57/100
|-unboost|p2a: Ferb|spd|1
|move|p2a: Ferb|Rock Slide|p1a: Ol' Betsy|[spread] p1a,p1b
|-resisted|p1b: Sneasler|1
|-damage|p1a: Ol' Betsy|0 fnt
|-damage|p1b: Sneasler|78/100
|faint|p1a: Ol' Betsy
|-damage|p2a: Ferb|47/100|[from] item: Life Orb
|
|upkeep
|
|t:|1785257609
|switch|p1a: Vanilluxe|Vanilluxe, L50, M, shiny|100/100
|-weather|Snowscape|[from] ability: Snow Warning|[of] p1a: Vanilluxe
|turn|4
|
|t:|1785257623
|move|p2a: Ferb|Protect|p2a: Ferb
|-singleturn|p2a: Ferb|Protect
|move|p1b: Sneasler|Fake Out|p2b: Doofenshmirtz
|-damage|p2b: Doofenshmirtz|60/100 par
|move|p1a: Vanilluxe|Blizzard|p2a: Ferb|[spread] p2b
|-activate|p2a: Ferb|move: Protect
|-supereffective|p2b: Doofenshmirtz|1
|-damage|p2b: Doofenshmirtz|10/100 par
|cant|p2b: Doofenshmirtz|flinch
|
|-weather|Snowscape|[upkeep]
|upkeep
|turn|5
|
|t:|1785257639
|switch|p2a: Phineas|Kingambit, L50, F|100/100
|-activate|p2a: Phineas|ability: Supreme Overlord
|-start|p2a: Phineas|fallen1|[silent]
|move|p2b: Doofenshmirtz|Protect|p2b: Doofenshmirtz
|-singleturn|p2b: Doofenshmirtz|Protect
|move|p1a: Vanilluxe|Blizzard|p2a: Phineas|[spread] p2a
|-activate|p2b: Doofenshmirtz|move: Protect
|-resisted|p2a: Phineas|1
|-damage|p2a: Phineas|81/100
|move|p1b: Sneasler|Poison Jab|p2a: Phineas
|-immune|p2a: Phineas
|
|-weather|Snowscape|[upkeep]
|upkeep
|turn|6
|
|t:|1785257662
|move|p1a: Vanilluxe|Blizzard|p2a: Phineas|[spread] p2a,p2b
|-resisted|p2a: Phineas|1
|-supereffective|p2b: Doofenshmirtz|1
|-damage|p2a: Phineas|64/100
|-damage|p2b: Doofenshmirtz|0 fnt
|faint|p2b: Doofenshmirtz
|move|p1b: Sneasler|Close Combat|p2a: Phineas
|-supereffective|p2a: Phineas|2
|-damage|p2a: Phineas|0 fnt
|-unboost|p1b: Sneasler|def|1
|-unboost|p1b: Sneasler|spd|1
|faint|p2a: Phineas
|-end|p2a: Phineas|fallen1|[silent]
|
|-weather|Snowscape|[upkeep]
|upkeep
|
|t:|1785257673
|switch|p2a: Ferb|Garchomp, L50, M|47/100
|turn|7
|
|t:|1785257677
|move|p1a: Vanilluxe|Blizzard|p2a: Ferb
|-supereffective|p2a: Ferb|2
|-damage|p2a: Ferb|0 fnt
|faint|p2a: Ferb
|
|win|ToastedArt
|raw|ToastedArt's rating: 1092 → 1112(+20 for winning)
|raw|panikd's rating: 1013 → 1004(-9 for losing)
