|j|☆zachlobbed
|j|☆J4yz1lla
|html|zachlobbedJ4yz1lla    
|uhtml|bestof|Game 1 of a best-of-3
|t:|1784516538
|gametype|doubles
|player|p1|zachlobbed|brock|1294
|player|p2|J4yz1lla|riley|1223
|gen|9
|tier|[Gen 9 Champions] VGC 2026 Reg M-B (Bo3)
|rated|
|rule|Species Clause: Limit one of each Pokémon
|rule|Item Clause: Limit 1 of each item
|clearpoke
|poke|p1|Charizard, L50, M|
|poke|p1|Floette-Eternal, L50, F|
|poke|p1|Whimsicott, L50, F|
|poke|p1|Garchomp, L50, M|
|poke|p1|Basculegion, L50, M|
|poke|p1|Kingambit, L50, M|
|poke|p2|Tyranitar, L50, M|
|poke|p2|Farigiraf, L50, F|
|poke|p2|Rotom-Wash, L50|
|poke|p2|Aegislash, L50, M|
|poke|p2|Aerodactyl, L50, F|
|poke|p2|Scovillain, L50, M|
|teampreview|4
|showteam|p1|Charizard||CharizarditeY|Blaze|Protect,HeatWave,SolarBeam,WeatherBall|Modest||M|||50|]Floette-Eternal||Floettite|FlowerVeil|Protect,LightofRuin,Moonblast,DazzlingGleam|Timid||F|||50|]Whimsicott||FocusSash|Prankster|Protect,Tailwind,Moonblast,Encore|Timid||F|||50|]Garchomp||LifeOrb|RoughSkin|Protect,DragonClaw,Earthquake,RockSlide|Jolly||M|||50|]Basculegion||MysticWater|Adaptability|Protect,AquaJet,WaveCrash,LastRespects|Adamant||M|||50|]Kingambit||BlackGlasses|Defiant|Protect,LowKick,SuckerPunch,KowtowCleave|Adamant||M|||50|
|showteam|p2|Tyranitar||Tyranitarite|SandStream|Crunch,Earthquake,Protect,RockSlide|Adamant||M|||50|]Farigiraf||SitrusBerry|ArmorTail|TrickRoom,Roar,Psychic,HyperVoice|Quiet||F|||50|]Rotom-Wash||Magnet|Levitate|LightScreen,Thunderbolt,WillOWisp,HydroPump|Calm|||||50|]Aegislash||SpellTag|StanceChange|KingsShield,ShadowSneak,IronHead,SacredSword|Adamant||M|||50|]Aerodactyl||FocusSash|Unnerve|StealthRock,Tailwind,DualWingbeat,WideGuard|Jolly||F|||50|]Scovillain||Scovillainite|Moody|RagePowder,LeechSeed,Protect,Overheat|Calm||M|||50|
|inactive|Battle timer is ON: inactive players will automatically lose when time's up. (requested by zachlobbed)
|
|t:|1784516564
|teamsize|p1|4
|teamsize|p2|4
|start
|switch|p1a: Whimsicott|Whimsicott, L50, F|100/100
|switch|p1b: Basculegion|Basculegion, L50, M|100/100
|switch|p2a: Aerodactyl|Aerodactyl, L50, F|100/100
|switch|p2b: Scovillain|Scovillain, L50, M|100/100
|-ability|p2a: Aerodactyl|Unnerve
|turn|1
|
|t:|1784516584
|detailschange|p2b: Scovillain|Scovillain-Mega, L50, M
|-mega|p2b: Scovillain|Scovillain|Scovillainite
|move|p1a: Whimsicott|Protect|p1a: Whimsicott
|-singleturn|p1a: Whimsicott|Protect
|move|p2a: Aerodactyl|Stealth Rock|p1b: Basculegion
|-sidestart|p1: zachlobbed|move: Stealth Rock
|move|p1b: Basculegion|Wave Crash|p2b: Scovillain
|-damage|p2b: Scovillain|0 fnt
|-status|p1b: Basculegion|brn|[from] ability: Spicy Spray|[of] p2b: Scovillain
|faint|p2b: Scovillain
|-damage|p1b: Basculegion|71/100 brn|[from] Recoil
|
|-damage|p1b: Basculegion|65/100 brn|[from] brn
|upkeep
|
|t:|1784516602
|switch|p2b: Rotom|Rotom-Wash, L50|100/100
|turn|2
|
|t:|1784516610
|move|p1a: Whimsicott|Encore|p2a: Aerodactyl
|-start|p2a: Aerodactyl|Encore
|move|p2a: Aerodactyl|Stealth Rock||[still]
|-fail|p2a: Aerodactyl
|move|p2b: Rotom|Thunderbolt|p1b: Basculegion
|-supereffective|p1b: Basculegion|1
|-damage|p1b: Basculegion|0 fnt
|faint|p1b: Basculegion
|
|upkeep
|
|t:|1784516618
|switch|p1b: Charizard|Charizard, L50, M|100/100
|-damage|p1b: Charizard|50/100g|[from] Stealth Rock
|turn|3
|
|t:|1784516629
|switch|p2a: Tyranitar|Tyranitar, L50, M|100/100
|-weather|Sandstorm|[from] ability: Sand Stream|[of] p2a: Tyranitar
|detailschange|p1b: Charizard|Charizard-Mega-Y, L50, M
|-mega|p1b: Charizard|Charizard|Charizardite Y
|-weather|SunnyDay|[from] ability: Drought|[of] p1b: Charizard
|move|p1a: Whimsicott|Moonblast|p2b: Rotom
|-damage|p2b: Rotom|66/100
|move|p1b: Charizard|Solar Beam||[still]
|-prepare|p1b: Charizard|Solar Beam
|-anim|p1b: Charizard|Solar Beam|p2b: Rotom
|-supereffective|p2b: Rotom|1
|-damage|p2b: Rotom|0 fnt
|faint|p2b: Rotom
|
|-weather|SunnyDay|[upkeep]
|upkeep
|
|t:|1784516632
|switch|p2b: Aerodactyl|Aerodactyl, L50, F|100/100
|-ability|p2b: Aerodactyl|Unnerve
|turn|4
|inactive|J4yz1lla has 30 seconds left.
|
|t:|1784516662
|switch|p1b: Kingambit|Kingambit, L50, M|100/100
|-damage|p1b: Kingambit|94/100|[from] Stealth Rock
|move|p2a: Tyranitar|Protect|p2a: Tyranitar
|-singleturn|p2a: Tyranitar|Protect
|move|p2b: Aerodactyl|Dual Wingbeat|p1a: Whimsicott
|-supereffective|p1a: Whimsicott|1
|-damage|p1a: Whimsicott|45/100
|-supereffective|p1a: Whimsicott|1
|-damage|p1a: Whimsicott|0 fnt
|faint|p1a: Whimsicott
|-hitcount|p1: Whimsicott|2
|
|-weather|SunnyDay|[upkeep]
|upkeep
|
|t:|1784516665
|switch|p1a: Charizard|Charizard-Mega-Y, L50, M|50/100g
|-damage|p1a: Charizard|1/100|[from] Stealth Rock
|turn|5
|
|t:|1784516680
|move|p1a: Charizard|Protect|p1a: Charizard
|-singleturn|p1a: Charizard|Protect
|move|p2b: Aerodactyl|Dual Wingbeat|p1a: Charizard
|-activate|p1a: Charizard|move: Protect
|move|p2a: Tyranitar|Earthquake|p1a: Charizard|[spread] p1b
|-activate|p1a: Charizard|move: Protect
|-immune|p2b: Aerodactyl
|-supereffective|p1b: Kingambit|1
|-damage|p1b: Kingambit|48/100
|move|p1b: Kingambit|Low Kick|p2a: Tyranitar
|-supereffective|p2a: Tyranitar|2
|-damage|p2a: Tyranitar|0 fnt
|faint|p2a: Tyranitar
|
|-weather|SunnyDay|[upkeep]
|upkeep
|turn|6
|
|t:|1784516698
|move|p2b: Aerodactyl|Dual Wingbeat|p1a: Charizard
|-damage|p1a: Charizard|0 fnt
|faint|p1a: Charizard
|-hitcount|p1: Charizard|1
|move|p1b: Kingambit|Kowtow Cleave|p2b: Aerodactyl
|-crit|p2b: Aerodactyl
|-enditem|p2b: Aerodactyl|Focus Sash
|-damage|p2b: Aerodactyl|1/100
|
|-weather|SunnyDay|[upkeep]
|upkeep
|turn|7
|
|t:|1784516707
|move|p2b: Aerodactyl|Tailwind|p2b: Aerodactyl
|-sidestart|p2: J4yz1lla|move: Tailwind
|move|p1b: Kingambit|Kowtow Cleave|p2b: Aerodactyl
|-damage|p2b: Aerodactyl|0 fnt
|faint|p2b: Aerodactyl
|
|win|zachlobbed
