|j|☆sbhaga34
|j|☆I am the Sweeper
|html|sbhaga34I am the Sweeper    
|uhtml|bestof|Game 3 of a best-of-3
|t:|1756961677
|gametype|doubles
|player|p1|sbhaga34|hugh|1189
|player|p2|I am the Sweeper|janitor|1121
|gen|9
|tier|[Gen 9] VGC 2025 Reg H (Bo3)
|rated|
|rule|Species Clause: Limit one of each Pokémon
|rule|Item Clause: Limit 1 of each item
|clearpoke
|poke|p1|Indeedee-F, L50, F|
|poke|p1|Talonflame, L50, M|
|poke|p1|Tyranitar, L50, F|
|poke|p1|Excadrill, L50, M|
|poke|p1|Gardevoir, L50, M|
|poke|p1|Clefable, L50, F|
|poke|p2|Annihilape, L50, F|
|poke|p2|Archaludon, L50, F|
|poke|p2|Pelipper, L50, F|
|poke|p2|Maushold-Four, L50|
|poke|p2|Sinistcha, L50|
|poke|p2|Grimmsnarl, L50, M|
|teampreview|4
|showteam|p1|Indeedee-F||SafetyGoggles|PsychicSurge|FollowMe,TrickRoom,Imprison,Psychic|||F|||50|,,,,,Fairy]Talonflame||CovertCloak|GaleWings|Tailwind,Taunt,BraveBird,Uturn|||M|||50|,,,,,Dark]Tyranitar||WeaknessPolicy|SandStream|RockSlide,KnockOff,LowKick,Protect|||F|||50|,,,,,Flying]Excadrill||FocusSash|SandRush|Earthquake,IronHead,SwordsDance,Protect|||M|||50|,,,,,Ground]Gardevoir||ChoiceScarf|Telepathy|ExpandingForce,DazzlingGleam,Moonblast,IcyWind|||M|||50|,,,,,Psychic]Clefable||RockyHelmet|Unaware|FollowMe,Moonblast,Flamethrower,Protect|||F|||50|,,,,,Fire
|showteam|p2|Annihilape||Leftovers|Defiant|RageFist,DrainPunch,BulkUp,Protect|||F|||50|,,,,,Fire]Archaludon||AssaultVest|Stamina|ElectroShot,DragonPulse,Snarl,BodyPress|||F|||50|,,,,,Bug]Pelipper||LifeOrb|Drizzle|Tailwind,Hurricane,WeatherBall,Protect|||F|||50|,,,,,Stellar]Maushold-Four||SafetyGoggles|FriendGuard|SuperFang,FollowMe,BeatUp,Protect||||||50|,,,,,Ghost]Sinistcha||SitrusBerry|Hospitality|LifeDew,TrickRoom,StrengthSap,MatchaGotcha||||||50|,,,,,Water]Grimmsnarl||LightClay|Prankster|ThunderWave,LightScreen,Reflect,SpiritBreak|||M|||50|,,,,,Ghost
|inactive|Battle timer is ON: inactive players will automatically lose when time's up. (requested by sbhaga34)
|
|t:|1756961796
|teamsize|p1|4
|teamsize|p2|4
|start
|switch|p1a: Indeedee|Indeedee-F, L50, F|100/100
|switch|p1b: Excadrill|Excadrill, L50, M, shiny|100/100
|switch|p2a: Annihilape|Annihilape, L50, F|100/100
|switch|p2b: Grimmsnarl|Grimmsnarl, L50, M|100/100
|-fieldstart|move: Psychic Terrain|[from] ability: Psychic Surge|[of] p1a: Indeedee
|turn|1
|inactive|I am the Sweeper has 30 seconds left.
|inactive|I am the Sweeper has 20 seconds left.
|
|t:|1756961835
|move|p1a: Indeedee|Follow Me|p1a: Indeedee
|-singleturn|p1a: Indeedee|move: Follow Me
|move|p2b: Grimmsnarl|Reflect|p2b: Grimmsnarl
|-sidestart|p2: I am the Sweeper|Reflect
|move|p2a: Annihilape|Bulk Up|p2a: Annihilape
|-boost|p2a: Annihilape|atk|1
|-boost|p2a: Annihilape|def|1
|move|p1b: Excadrill|Swords Dance|p1b: Excadrill
|-boost|p1b: Excadrill|atk|2
|
|upkeep
|turn|2
|inactive|I am the Sweeper has 30 seconds left.
|inactive|I am the Sweeper has 20 seconds left.
|inactive|I am the Sweeper has 15 seconds left.
|
|t:|1756961877
|move|p1a: Indeedee|Follow Me|p1a: Indeedee
|-singleturn|p1a: Indeedee|move: Follow Me
|move|p2a: Annihilape|Bulk Up|p2a: Annihilape
|-boost|p2a: Annihilape|atk|1
|-boost|p2a: Annihilape|def|1
|move|p1b: Excadrill|Iron Head|p2b: Grimmsnarl
|-supereffective|p2b: Grimmsnarl
|-damage|p2b: Grimmsnarl|0 fnt
|faint|p2b: Grimmsnarl
|
|upkeep
|
|t:|1756961886
|switch|p2b: Archaludon|Archaludon, L50, F|100/100
|turn|3
|
|t:|1756961902
|move|p1a: Indeedee|Follow Me|p1a: Indeedee
|-singleturn|p1a: Indeedee|move: Follow Me
|move|p2a: Annihilape|Drain Punch|p1a: Indeedee
|-damage|p1a: Indeedee|34/100
|move|p1b: Excadrill|Iron Head|p2a: Annihilape
|-damage|p2a: Annihilape|68/100
|move|p2b: Archaludon|Snarl|p1a: Indeedee|[spread] p1a,p1b
|-supereffective|p1a: Indeedee
|-damage|p1a: Indeedee|10/100
|-damage|p1b: Excadrill|84/100
|-unboost|p1a: Indeedee|spa|1
|-unboost|p1b: Excadrill|spa|1
|
|-heal|p2a: Annihilape|75/100|[from] item: Leftovers
|upkeep
|turn|4
|inactive|I am the Sweeper has 30 seconds left.
|
|t:|1756961929
|-terastallize|p1b: Excadrill|Ground
|-terastallize|p2b: Archaludon|Bug
|move|p1a: Indeedee|Follow Me|p1a: Indeedee
|-singleturn|p1a: Indeedee|move: Follow Me
|move|p2a: Annihilape|Bulk Up|p2a: Annihilape
|-boost|p2a: Annihilape|atk|1
|-boost|p2a: Annihilape|def|1
|move|p1b: Excadrill|Earthquake|p2a: Annihilape|[spread] p1a,p2a,p2b
|-resisted|p2b: Archaludon
|-damage|p1a: Indeedee|0 fnt
|-damage|p2a: Annihilape|44/100
|-damage|p2b: Archaludon|72/100
|-ability|p2b: Archaludon|Stamina|boost
|-boost|p2b: Archaludon|def|1
|faint|p1a: Indeedee
|move|p2b: Archaludon|Snarl|p1b: Excadrill
|-damage|p1b: Excadrill|59/100
|-unboost|p1b: Excadrill|spa|1
|
|-heal|p2a: Annihilape|50/100|[from] item: Leftovers
|upkeep
|
|t:|1756961946
|switch|p1a: Gardevoir|Gardevoir, L50, M, shiny|100/100
|turn|5
|
|t:|1756961966
|move|p2a: Annihilape|Protect|p2a: Annihilape
|-singleturn|p2a: Annihilape|Protect
|move|p1a: Gardevoir|Expanding Force|p2a: Annihilape|[spread] p2b
|-activate|p2a: Annihilape|move: Protect
|-damage|p2b: Archaludon|35/100
|-ability|p2b: Archaludon|Stamina|boost
|-boost|p2b: Archaludon|def|1
|move|p1b: Excadrill|Iron Head|p2b: Archaludon
|-damage|p2b: Archaludon|10/100
|-ability|p2b: Archaludon|Stamina|boost
|-boost|p2b: Archaludon|def|1
|cant|p2b: Archaludon|flinch
|
|-heal|p2a: Annihilape|57/100|[from] item: Leftovers
|-fieldend|move: Psychic Terrain
|upkeep
|turn|6
|inactive|sbhaga34 has 30 seconds left.
|inactive|I am the Sweeper has 30 seconds left.
|inactive|I am the Sweeper has 20 seconds left.
|inactive|I am the Sweeper has 15 seconds left.
|
|t:|1756962008
|move|p1a: Gardevoir|Expanding Force|p2a: Annihilape
|-supereffective|p2a: Annihilape
|-damage|p2a: Annihilape|0 fnt
|faint|p2a: Annihilape
|move|p1b: Excadrill|Iron Head|p2b: Archaludon
|-damage|p2b: Archaludon|0 fnt
|faint|p2b: Archaludon
|
|upkeep
|
|t:|1756962016
|switch|p2a: Pelipper|Pelipper, L50, F|100/100
|-weather|RainDance|[from] ability: Drizzle|[of] p2a: Pelipper
|turn|7
|inactive|I am the Sweeper has 30 seconds left.
|inactive|I am the Sweeper has 20 seconds left.
|
|t:|1756962052
|switch|p1a: Tyranitar|Tyranitar, L50, F|100/100
|-weather|Sandstorm|[from] ability: Sand Stream|[of] p1a: Tyranitar
|move|p1b: Excadrill|Iron Head|p2a: Pelipper
|-resisted|p2a: Pelipper
|-damage|p2a: Pelipper|57/100
|move|p2a: Pelipper|Hurricane|p1a: Tyranitar
|-resisted|p1a: Tyranitar
|-damage|p1a: Tyranitar|78/100
|-damage|p2a: Pelipper|48/100|[from] item: Life Orb
|
|-weather|Sandstorm|[upkeep]
|-damage|p2a: Pelipper|42/100|[from] Sandstorm
|upkeep
|turn|8
|
|t:|1756962069
|move|p1b: Excadrill|Iron Head|p2a: Pelipper
|-resisted|p2a: Pelipper
|-damage|p2a: Pelipper|0 fnt
|faint|p2a: Pelipper
|
|win|sbhaga34
|raw|sbhaga34's rating: 1189 → 1209(+20 for winning)
|raw|I am the Sweeper's rating: 1121 → 1101(-20 for losing)
|l|☆sbhaga34
|player|p1|
