|j|☆Qnibi
|j|☆Theaminus
|html|QnibiTheaminus    
|uhtml|bestof|Game 3 of a best-of-3
|t:|1783804570
|gametype|doubles
|player|p1|Qnibi|wallace|
|player|p2|Theaminus|101|
|gen|9
|tier|[Gen 9 Champions] VGC 2026 Reg M-B (Bo3)
|rule|Species Clause: Limit one of each Pokémon
|rule|Item Clause: Limit 1 of each item
|clearpoke
|poke|p1|Dragalge, L50, M|
|poke|p1|Skarmory, L50, M|
|poke|p1|Heliolisk, L50, M|
|poke|p1|Sinistcha-Masterpiece, L50|
|poke|p1|Incineroar, L50, F|
|poke|p1|Mudsdale, L50, M|
|poke|p2|Swampert, L50, M|
|poke|p2|Maushold-Four, L50|
|poke|p2|Klefki, L50, F, shiny|
|poke|p2|Metagross, L50, shiny|
|poke|p2|Raichu, L50, M|
|poke|p2|Staraptor, L50, F|
|teampreview|4
|showteam|p1|Dragalge||Dragalgite|PoisonPoint|Thunder,DracoMeteor,FlipTurn,Protect|Calm||M|||50|]Skarmory||Skarmorite|WeakArmor|SwordsDance,BraveBird,IronHead,Protect|Brave||M|||50|]Heliolisk||FocusSash|DrySkin|GrassKnot,RainDance,Thunder,Protect|Quiet||M|||50|]Sinistcha-Masterpiece||CobaBerry|Hospitality|RagePowder,TrickRoom,MatchaGotcha,LifeDew|Relaxed|||||50|]Incineroar||SitrusBerry|Blaze|FakeOut,PartingShot,Protect,WillOWisp|Careful||F|||50|]Mudsdale||Leftovers|OwnTempo|HighHorsepower,IronDefense,BodyPress,Protect|Careful||M|||50|
|showteam|p2|Swampert||Swampertite|Damp|IcePunch,StompingTantrum,WaveCrash,Protect|Adamant||M|||50|]Maushold-Four||WideLens|Technician|PopulationBomb,Charm,Protect,FollowMe|Jolly|||||50|]Klefki||DampRock|Prankster|RainDance,FlashCannon,Protect,ThunderWave|Bold||F|||50|]Metagross||OccaBerry|ClearBody|PsychicFangs,Protect,BulletPunch,StompingTantrum|Adamant|||||50|]Raichu||ShucaBerry|LightningRod|Charm,FakeOut,Electroweb,VoltSwitch|Hasty||M|||50|]Staraptor||Staraptite|Intimidate|BlazeKick,CloseCombat,BraveBird,Protect|Jolly||F|||50|
|j| MZMG
|
|t:|1783804619
|teamsize|p1|4
|teamsize|p2|4
|start
|switch|p1a: performative male|Sinistcha-Masterpiece, L50|100/100
|switch|p1b: mr hands|Mudsdale, L50, M|100/100
|switch|p2a: Raichu|Raichu, L50, M|100/100
|switch|p2b: Staraptor|Staraptor, L50, F|100/100
|-ability|p2b: Staraptor|Intimidate|boost
|-unboost|p1a: performative male|atk|1
|-fail|p1b: mr hands|unboost|Attack|[from] ability: Own Tempo|[of] p1b: mr hands
|turn|1
|
|t:|1783804650
|detailschange|p2b: Staraptor|Staraptor-Mega, L50, F
|-mega|p2b: Staraptor|Staraptor|Staraptite
|move|p2b: Staraptor|Brave Bird|p1a: performative male
|-supereffective|p1a: performative male|1
|-enditem|p1a: performative male|Coba Berry|[eat]
|-enditem|p1a: performative male|Coba Berry|[weaken]
|-damage|p1a: performative male|55/100
|-damage|p2b: Staraptor|83/100|[from] Recoil
|move|p2a: Raichu|Charm|p2b: Staraptor
|-boost|p2b: Staraptor|atk|2
|move|p1b: mr hands|Iron Defense|p1b: mr hands
|-boost|p1b: mr hands|def|2
|move|p1a: performative male|Trick Room|p1a: performative male
|-fieldstart|move: Trick Room|[of] p1a: performative male
|
|upkeep
|turn|2
|
|t:|1783804738
|move|p1a: performative male|Rage Powder|p1a: performative male
|-singleturn|p1a: performative male|move: Rage Powder
|move|p1b: mr hands|High Horsepower|p2a: Raichu
|-supereffective|p2a: Raichu|1
|-enditem|p2a: Raichu|Shuca Berry|[eat]
|-enditem|p2a: Raichu|Shuca Berry|[weaken]
|-damage|p2a: Raichu|1/100
|move|p2a: Raichu|Charm|p1a: performative male
|-unboost|p1a: performative male|atk|2
|move|p2b: Staraptor|Close Combat|p1a: performative male
|-immune|p1a: performative male
|
|upkeep
|turn|3
|c|☆Theaminus|I DIDNT HIT THAT
|c|☆Theaminus|I FAT FINGERED YOURE KIDDING ME
|c|☆Theaminus|Actually no, it was rage powder, wasn't it
|
|t:|1783804806
|move|p1a: performative male|Rage Powder|p1a: performative male
|-singleturn|p1a: performative male|move: Rage Powder
|move|p1b: mr hands|Iron Defense|p1b: mr hands
|-boost|p1b: mr hands|def|2
|move|p2a: Raichu|Charm|p1a: performative male
|-unboost|p1a: performative male|atk|2
|move|p2b: Staraptor|Brave Bird|p1a: performative male
|-supereffective|p1a: performative male|1
|-damage|p1a: performative male|0 fnt
|faint|p1a: performative male
|-damage|p2b: Staraptor|63/100|[from] Recoil
|
|upkeep
|
|t:|1783804823
|switch|p1a: caw caw|Skarmory, L50, M|100/100
|turn|4
|
|t:|1783804852
|switch|p2a: Maushold|Maushold-Four, L50|100/100
|detailschange|p1a: caw caw|Skarmory-Mega, L50, M
|-mega|p1a: caw caw|Skarmory|Skarmorite
|move|p1a: caw caw|Protect|p1a: caw caw
|-singleturn|p1a: caw caw|Protect
|move|p1b: mr hands|High Horsepower|p2a: Maushold
|-damage|p2a: Maushold|45/100
|move|p2b: Staraptor|Blaze Kick|p1a: caw caw
|-activate|p1a: caw caw|move: Protect
|
|upkeep
|turn|5
|
|t:|1783804872
|move|p2a: Maushold|Follow Me|p2a: Maushold
|-singleturn|p2a: Maushold|move: Follow Me
|move|p1b: mr hands|Body Press|p2a: Maushold
|-supereffective|p2a: Maushold|1
|-crit|p2a: Maushold
|-damage|p2a: Maushold|0 fnt
|faint|p2a: Maushold
|move|p1a: caw caw|Brave Bird|p2b: Staraptor
|-supereffective|p2b: Staraptor|1
|-damage|p2b: Staraptor|0 fnt
|faint|p2b: Staraptor
|-damage|p1a: caw caw|80/100|[from] Recoil
|
|-fieldend|move: Trick Room
|upkeep
|
|t:|1783804884
|switch|p2a: Klefki|Klefki, L50, F, shiny|100/100
|switch|p2b: Raichu|Raichu, L50, M|1/100
|turn|6
|c|☆Qnibi|mega skarm has stalwart
|
|t:|1783804914
|move|p1a: caw caw|Protect|p1a: caw caw
|-singleturn|p1a: caw caw|Protect
|move|p2b: Raichu|Electroweb|p1b: mr hands|[spread] 
|-activate|p1a: caw caw|move: Protect
|-immune|p1b: mr hands
|move|p2a: Klefki|Flash Cannon|p1b: mr hands
|-damage|p1b: mr hands|82/100
|move|p1b: mr hands|High Horsepower|p2b: Raichu
|-supereffective|p2b: Raichu|1
|-damage|p2b: Raichu|0 fnt
|faint|p2b: Raichu
|
|-heal|p1b: mr hands|88/100|[from] item: Leftovers
|upkeep
|turn|7
|c| MZMG|damn is he the goat
|c|☆Theaminus|Ggs
|inactive|Battle timer is ON: inactive players will automatically lose when time's up. (requested by Theaminus)
|c|☆Theaminus|Finish me
|
|t:|1783804951
|move|p1a: caw caw|Iron Head|p2a: Klefki
|-damage|p2a: Klefki|60/100
|cant|p2a: Klefki|flinch
|move|p1b: mr hands|High Horsepower|p2a: Klefki
|-supereffective|p2a: Klefki|1
|-damage|p2a: Klefki|0 fnt
|faint|p2a: Klefki
|
|win|Qnibi
|c| MZMG|bro can't even ff
|c| MZMG|wp
|c|☆Qnibi|gg
|c| MZMG|gg
|l| MZMG
|l|☆Theaminus
|player|p2|
