|j|☆Ng010394
|j|☆pala97
|html|Ng010394pala97    
|uhtml|bestof|Game 2 of a best-of-3
|t:|1782377658
|gametype|doubles
|player|p1|Ng010394|102|1130
|player|p2|pala97|skyla|1000
|gen|9
|tier|[Gen 9 Champions] VGC 2026 Reg M-B (Bo3)
|rated|
|rule|Species Clause: Limit one of each Pokémon
|rule|Item Clause: Limit 1 of each item
|clearpoke
|poke|p1|Corviknight, L50, F|
|poke|p1|Raichu, L50, F|
|poke|p1|Primarina, L50, F|
|poke|p1|Dragapult, L50, M|
|poke|p1|Incineroar, L50, M|
|poke|p1|Starmie, L50|
|poke|p2|Staraptor, L50, F, shiny|
|poke|p2|Whimsicott, L50, M|
|poke|p2|Incineroar, L50, M|
|poke|p2|Sinistcha, L50|
|poke|p2|Gholdengo, L50|
|poke|p2|Raichu, L50, F|
|teampreview|4
|showteam|p1|Corviknight||Leftovers|MirrorArmor|Tailwind,BodyPress,IronHead,BulkUp|Impish||F|||50|]Raichu||RaichuniteY|LightningRod|ZapCannon,FocusBlast,FakeOut,Protect|Hasty||F|||50|]Primarina||MysticWater|LiquidVoice|Moonblast,Protect,HyperVoice,EnergyBall|Modest||F|||50|]Dragapult||LifeOrb|ClearBody|DragonDarts,ShadowBall,Flamethrower,Protect|Hasty||M|||50|]Incineroar||SitrusBerry|Intimidate|FakeOut,PartingShot,ThroatChop,FlareBlitz|Careful||M|||50|]Starmie||Starminite|NaturalCure|AquaJet,Waterfall,ZenHeadbutt,IceSpinner|Jolly|||||50|
|showteam|p2|Staraptor||Staraptite|Intimidate|Protect,CloseCombat,Roost,BraveBird|Jolly||F|||50|]Whimsicott||FocusSash|Prankster|Charm,Tailwind,Moonblast,Encore|Timid||M|||50|]Incineroar||SitrusBerry|Intimidate|FakeOut,FlareBlitz,PartingShot,ThroatChop|Careful||M|||50|]Sinistcha||KasibBerry|Hospitality|Protect,MatchaGotcha,RagePowder,LifeDew|Bold|||||50|]Gholdengo||LifeOrb|GoodasGold|MakeItRain,Protect,PowerGem,ShadowBall|Timid|||||50|]Raichu||RaichuniteY|LightningRod|FakeOut,FocusBlast,Protect,ZapCannon|Timid||F|||50|
|
|t:|1782377701
|teamsize|p1|4
|teamsize|p2|4
|start
|switch|p1a: Incineroar|Incineroar, L50, M|100/100
|switch|p1b: Starmie|Starmie, L50|100/100
|switch|p2a: Giulio|Incineroar, L50, M|100/100
|switch|p2b: Rodoacre|Raichu, L50, F|100/100
|-ability|p2a: Giulio|Intimidate|boost
|-unboost|p1a: Incineroar|atk|1
|-unboost|p1b: Starmie|atk|1
|-ability|p1a: Incineroar|Intimidate|boost
|-unboost|p2a: Giulio|atk|1
|-unboost|p2b: Rodoacre|atk|1
|turn|1
|
|t:|1782377728
|switch|p1b: Dragapult|Dragapult, L50, M|100/100
|detailschange|p2b: Rodoacre|Raichu-Mega-Y, L50, F
|-mega|p2b: Rodoacre|Raichu|Raichunite Y
|move|p2a: Giulio|Fake Out|p1a: Incineroar
|-damage|p1a: Incineroar|92/100
|cant|p1a: Incineroar|flinch
|move|p2b: Rodoacre|Zap Cannon|p1b: Dragapult
|-resisted|p1b: Dragapult|1
|-damage|p1b: Dragapult|49/100
|-status|p1b: Dragapult|par
|
|upkeep
|turn|2
|
|t:|1782377747
|cant|p1b: Dragapult|par
|move|p2b: Rodoacre|Focus Blast|p1a: Incineroar
|-supereffective|p1a: Incineroar|1
|-damage|p1a: Incineroar|20/100y
|-enditem|p1a: Incineroar|Sitrus Berry|[eat]
|-heal|p1a: Incineroar|45/100|[from] item: Sitrus Berry
|move|p2a: Giulio|Throat Chop|p1b: Dragapult
|-supereffective|p1b: Dragapult|1
|-damage|p1b: Dragapult|0 fnt
|faint|p1b: Dragapult
|move|p1a: Incineroar|Parting Shot|p2b: Rodoacre
|-unboost|p2b: Rodoacre|atk|1
|-unboost|p2b: Rodoacre|spa|1
|
|t:|1782377761
|switch|p1a: Starmie|Starmie, L50|100/100|[from] Parting Shot
|
|upkeep
|
|t:|1782377766
|switch|p1b: Incineroar|Incineroar, L50, M|45/100
|-ability|p1b: Incineroar|Intimidate|boost
|-unboost|p2a: Giulio|atk|1
|-unboost|p2b: Rodoacre|atk|1
|turn|3
|inactive|Battle timer is ON: inactive players will automatically lose when time's up. (requested by pala97)
|
|t:|1782377781
|switch|p2b: Charles|Sinistcha, L50|100/100
|detailschange|p1a: Starmie|Starmie-Mega, L50
|-mega|p1a: Starmie|Starmie|Starminite
|move|p1b: Incineroar|Fake Out|p2b: Charles
|-immune|p2b: Charles
|move|p1a: Starmie|Waterfall|p2a: Giulio
|-supereffective|p2a: Giulio|1
|-damage|p2a: Giulio|0 fnt
|faint|p2a: Giulio
|
|upkeep
|
|t:|1782377794
|switch|p2a: Rodoacre|Raichu-Mega-Y, L50, F|100/100
|turn|4
|
|t:|1782377806
|move|p2b: Charles|Rage Powder|p2b: Charles
|-singleturn|p2b: Charles|move: Rage Powder
|move|p2a: Rodoacre|Zap Cannon|p1a: Starmie
|-supereffective|p1a: Starmie|1
|-damage|p1a: Starmie|0 fnt
|faint|p1a: Starmie
|move|p1b: Incineroar|Parting Shot|p2b: Charles
|-unboost|p2b: Charles|atk|1
|-unboost|p2b: Charles|spa|1
|
|t:|1782377811
|switch|p1b: Corviknight|Corviknight, L50, F|100/100|[from] Parting Shot
|
|upkeep
|
|t:|1782377816
|switch|p1a: Incineroar|Incineroar, L50, M|45/100
|-ability|p1a: Incineroar|Intimidate|boost
|-unboost|p2a: Rodoacre|atk|1
|-unboost|p2b: Charles|atk|1
|turn|5
|
|t:|1782377827
|move|p2a: Rodoacre|Protect|p2a: Rodoacre
|-singleturn|p2a: Rodoacre|Protect
|move|p1a: Incineroar|Fake Out|p2a: Rodoacre
|-activate|p2a: Rodoacre|move: Protect
|move|p2b: Charles|Matcha Gotcha|p1a: Incineroar|[spread] p1a,p1b
|-resisted|p1a: Incineroar|1
|-resisted|p1b: Corviknight|2
|-damage|p1a: Incineroar|40/100
|-damage|p1b: Corviknight|97/100
|move|p1b: Corviknight|Iron Head|p2b: Charles
|-damage|p2b: Charles|78/100
|
|-heal|p1b: Corviknight|100/100|[from] item: Leftovers
|upkeep
|turn|6
|
|t:|1782377847
|move|p2b: Charles|Rage Powder|p2b: Charles
|-singleturn|p2b: Charles|move: Rage Powder
|move|p2a: Rodoacre|Zap Cannon|p1b: Corviknight
|-supereffective|p1b: Corviknight|1
|-crit|p1b: Corviknight
|-damage|p1b: Corviknight|0 fnt
|faint|p1b: Corviknight
|move|p1a: Incineroar|Flare Blitz|p2b: Charles
|-supereffective|p2b: Charles|1
|-damage|p2b: Charles|0 fnt
|faint|p2b: Charles
|-damage|p1a: Incineroar|17/100|[from] Recoil
|
|upkeep
|c|☆pala97|gg
|
|t:|1782377859
|switch|p2b: Tommasino|Whimsicott, L50, M|100/100
|turn|7
|
|t:|1782377863
|move|p2a: Rodoacre|Focus Blast|p1a: Incineroar
|-supereffective|p1a: Incineroar|1
|-damage|p1a: Incineroar|0 fnt
|faint|p1a: Incineroar
|
|win|pala97
|raw|Ng010394's rating: 1130 → 1096(-34 for losing)
|raw|pala97's rating: 1000 → 1054(+54 for winning)
