|j|☆Shalude
|j|☆dambro222
|html|Shaludedambro222    
|uhtml|bestof|Game 1 of a best-of-3
|t:|1756812691
|gametype|doubles
|player|p1|Shalude|bugcatcher-gen4dp|1201
|player|p2|dambro222|ethan|1121
|gen|9
|tier|[Gen 9] VGC 2025 Reg H (Bo3)
|rated|
|rule|Species Clause: Limit one of each Pokémon
|rule|Item Clause: Limit 1 of each item
|clearpoke
|poke|p1|Rillaboom, L50, M|
|poke|p1|Gholdengo, L50|
|poke|p1|Incineroar, L50, F|
|poke|p1|Annihilape, L50, F|
|poke|p1|Tyranitar, L50, F|
|poke|p1|Electabuzz, L50, F|
|poke|p2|Dragonite, L50, M|
|poke|p2|Volcarona, L50, F|
|poke|p2|Sneasler, L50, M|
|poke|p2|Rillaboom, L50, M|
|poke|p2|Electabuzz, L50, M|
|poke|p2|Kingambit, L50, M|
|teampreview|4
|showteam|p1|Rillaboom||AssaultVest|GrassySurge|GrassyGlide,WoodHammer,FakeOut,Uturn|||M|||50|,,,,,Fire]Gholdengo||GrassySeed|GoodasGold|MakeItRain,ShadowBall,NastyPlot,Protect||||||50|,,,,,Water]Incineroar||SitrusBerry|Intimidate|FakeOut,KnockOff,FlareBlitz,PartingShot|||F|||50|,,,,,Ghost]Annihilape||ChoiceScarf|Defiant|RageFist,FinalGambit,CloseCombat,Coaching|||F|||50|,,,,,Stellar]Tyranitar||ChoiceBand|SandStream|TeraBlast,RockSlide,KnockOff,LowKick|||F|||50|,,,,,Flying]Electabuzz||Eviolite|VitalSpirit|FollowMe,Protect,Taunt,Electroweb|||F|||50|,,,,,Ghost
|showteam|p2|Dragonite||LoadedDice|Multiscale|ScaleShot,ExtremeSpeed,Haze,Protect|||M|||50|,,,,,Fairy]Volcarona||CovertCloak|FlameBody|HeatWave,TeraBlast,QuiverDance,Protect|||F|||50|,,,,,Fairy]Sneasler||FocusSash|Unburden|CloseCombat,DireClaw,RockSlide,Protect|||M|||50|,,,,,Stellar]Rillaboom||AssaultVest|GrassySurge|WoodHammer,GrassyGlide,HighHorsepower,FakeOut|||M|||50|,,,,,Water]Electabuzz||Eviolite|VitalSpirit|Electroweb,FollowMe,Taunt,Protect|||M|||50|,,,,,Ghost]Kingambit||BlackGlasses|Defiant|KowtowCleave,SuckerPunch,SwordsDance,Protect|||M|||50|,,,,,Dark
|inactive|Battle timer is ON: inactive players will automatically lose when time's up. (requested by dambro222)
|inactive|Shalude also wants the timer to be on.
|inactive|Shalude has 60 seconds left.
|inactive|dambro222 has 60 seconds left.
|
|t:|1756812743
|teamsize|p1|4
|teamsize|p2|4
|start
|switch|p1a: Annihilape|Annihilape, L50, F, shiny|100/100
|switch|p1b: Gholdengo|Gholdengo, L50|100/100
|switch|p2a: Kingambit|Kingambit, L50, M, shiny|100/100
|switch|p2b: Electabuzz|Electabuzz, L50, M|100/100
|turn|1
|inactive|Shalude has 30 seconds left.
|
|t:|1756812778
|switch|p1a: Rillaboom|Rillaboom, L50, M|100/100
|-fieldstart|move: Grassy Terrain|[from] ability: Grassy Surge|[of] p1a: Rillaboom
|-enditem|p1b: Gholdengo|Grassy Seed
|-boost|p1b: Gholdengo|def|1|[from] item: Grassy Seed
|-terastallize|p2b: Electabuzz|Ghost
|-terastallize|p1b: Gholdengo|Water
|move|p2b: Electabuzz|Follow Me|p2b: Electabuzz
|-singleturn|p2b: Electabuzz|move: Follow Me
|move|p1b: Gholdengo|Nasty Plot|p1b: Gholdengo
|-boost|p1b: Gholdengo|spa|2
|move|p2a: Kingambit|Swords Dance|p2a: Kingambit
|-boost|p2a: Kingambit|atk|2
|
|upkeep
|turn|2
|inactive|Shalude has 30 seconds left.
|inactive|dambro222 has 30 seconds left.
|
|t:|1756812805
|switch|p1a: Annihilape|Annihilape, L50, F, shiny|100/100
|move|p2b: Electabuzz|Protect|p2b: Electabuzz
|-singleturn|p2b: Electabuzz|Protect
|move|p2a: Kingambit|Protect|p2a: Kingambit
|-singleturn|p2a: Kingambit|Protect
|move|p1b: Gholdengo|Shadow Ball|p2b: Electabuzz
|-activate|p2b: Electabuzz|move: Protect
|
|upkeep
|turn|3
|inactive|Shalude has 30 seconds left.
|
|t:|1756812833
|switch|p1a: Rillaboom|Rillaboom, L50, M|100/100
|move|p2b: Electabuzz|Protect||[still]
|-fail|p2b: Electabuzz
|move|p2a: Kingambit|Sucker Punch||[still]
|-fail|p2a: Kingambit
|move|p1b: Gholdengo|Shadow Ball|p2b: Electabuzz
|-supereffective|p2b: Electabuzz
|-damage|p2b: Electabuzz|0 fnt
|faint|p2b: Electabuzz
|
|upkeep
|
|t:|1756812848
|switch|p2b: Sneasler|Sneasler, L50, M|100/100
|turn|4
|
|t:|1756812865
|move|p1a: Rillaboom|Fake Out|p2a: Kingambit
|-resisted|p2a: Kingambit
|-damage|p2a: Kingambit|96/100
|cant|p2a: Kingambit|flinch
|move|p2b: Sneasler|Dire Claw|p1b: Gholdengo
|-damage|p1b: Gholdengo|73/100
|move|p1b: Gholdengo|Make It Rain|p2a: Kingambit|[spread] p2a,p2b
|-resisted|p2a: Kingambit
|-damage|p2a: Kingambit|55/100
|-enditem|p2b: Sneasler|Focus Sash
|-damage|p2b: Sneasler|1/100
|-unboost|p1b: Gholdengo|spa|1
|
|-heal|p2b: Sneasler|7/100|[from] Grassy Terrain
|-heal|p1b: Gholdengo|80/100|[from] Grassy Terrain
|-heal|p2a: Kingambit|61/100|[from] Grassy Terrain
|upkeep
|turn|5
|inactive|dambro222 has 30 seconds left.
|
|t:|1756812899
|move|p2b: Sneasler|Protect|p2b: Sneasler
|-singleturn|p2b: Sneasler|Protect
|move|p1a: Rillaboom|Grassy Glide|p2b: Sneasler
|-activate|p2b: Sneasler|move: Protect
|move|p1b: Gholdengo|Make It Rain|p2b: Sneasler|[spread] p2a
|-activate|p2b: Sneasler|move: Protect
|-resisted|p2a: Kingambit
|-damage|p2a: Kingambit|34/100
|-unboost|p1b: Gholdengo|spa|1
|move|p2a: Kingambit|Kowtow Cleave|p1a: Rillaboom
|-damage|p1a: Rillaboom|0 fnt
|faint|p1a: Rillaboom
|
|-heal|p2b: Sneasler|14/100|[from] Grassy Terrain
|-heal|p1b: Gholdengo|86/100|[from] Grassy Terrain
|-heal|p2a: Kingambit|40/100|[from] Grassy Terrain
|-fieldend|move: Grassy Terrain
|upkeep
|
|t:|1756812902
|switch|p1a: Annihilape|Annihilape, L50, F, shiny|100/100
|turn|6
|inactive|dambro222 has 30 seconds left.
|
|t:|1756812936
|switch|p1a: Tyranitar|Tyranitar, L50, F, shiny|100/100
|-weather|Sandstorm|[from] ability: Sand Stream|[of] p1a: Tyranitar
|move|p2a: Kingambit|Sucker Punch||[still]
|-fail|p2a: Kingambit
|move|p2b: Sneasler|Dire Claw|p1b: Gholdengo
|-damage|p1b: Gholdengo|57/100
|move|p1b: Gholdengo|Make It Rain|p2b: Sneasler|[spread] p2a,p2b
|-resisted|p2a: Kingambit
|-damage|p2a: Kingambit|21/100
|-damage|p2b: Sneasler|0 fnt
|-unboost|p1b: Gholdengo|spa|1
|faint|p2b: Sneasler
|
|-weather|Sandstorm|[upkeep]
|-damage|p1b: Gholdengo|51/100|[from] Sandstorm
|upkeep
|
|t:|1756812947
|switch|p2b: Rillaboom|Rillaboom, L50, M|100/100
|-fieldstart|move: Grassy Terrain|[from] ability: Grassy Surge|[of] p2b: Rillaboom
|turn|7
|
|t:|1756812975
|move|p2a: Kingambit|Sucker Punch||[still]
|-fail|p2a: Kingambit
|move|p1b: Gholdengo|Nasty Plot|p1b: Gholdengo
|-boost|p1b: Gholdengo|spa|2
|move|p2b: Rillaboom|Wood Hammer|p1a: Tyranitar
|-supereffective|p1a: Tyranitar
|-damage|p1a: Tyranitar|0 fnt
|faint|p1a: Tyranitar
|-damage|p2b: Rillaboom|70/100|[from] Recoil
|
|-weather|Sandstorm|[upkeep]
|-damage|p1b: Gholdengo|45/100|[from] Sandstorm
|-damage|p2b: Rillaboom|64/100|[from] Sandstorm
|-heal|p1b: Gholdengo|51/100|[from] Grassy Terrain
|-heal|p2b: Rillaboom|70/100|[from] Grassy Terrain
|-heal|p2a: Kingambit|27/100|[from] Grassy Terrain
|upkeep
|
|t:|1756812981
|switch|p1a: Annihilape|Annihilape, L50, F, shiny|100/100
|turn|8
|inactive|dambro222 has 30 seconds left.
|
|t:|1756813015
|move|p2b: Rillaboom|Grassy Glide|p1b: Gholdengo
|-supereffective|p1b: Gholdengo
|-damage|p1b: Gholdengo|0 fnt
|faint|p1b: Gholdengo
|move|p2a: Kingambit|Sucker Punch|p1a: Annihilape
|-damage|p1a: Annihilape|9/100
|move|p1a: Annihilape|Close Combat|p2b: Rillaboom
|-damage|p2b: Rillaboom|17/100
|-unboost|p1a: Annihilape|def|1
|-unboost|p1a: Annihilape|spd|1
|
|-weather|Sandstorm|[upkeep]
|-damage|p1a: Annihilape|3/100|[from] Sandstorm
|-damage|p2b: Rillaboom|11/100|[from] Sandstorm
|-heal|p1a: Annihilape|9/100|[from] Grassy Terrain
|-heal|p2b: Rillaboom|17/100|[from] Grassy Terrain
|-heal|p2a: Kingambit|33/100|[from] Grassy Terrain
|upkeep
|turn|9
|inactive|Shalude has 30 seconds left.
|-message|Shalude forfeited.
|
|win|dambro222
|l|☆Shalude
|player|p1|
||Shalude is ready for game 2.
||dambro222 is ready for game 2.
|uhtml|next|Next: Game 2 of 3
