|j|☆Nhatpia
|j|‽Nhan0111
|html|NhatpiaNhan0111    
|uhtml|bestof|Game 3 of a best-of-3
|t:|1783775854
|gametype|doubles
|player|p1|Nhatpia|swimmerf|
|player|p2|Nhan0111|101|
|gen|9
|tier|[Gen 9 Champions] VGC 2026 Reg M-B (Bo3)
|rule|Species Clause: Limit one of each Pokémon
|rule|Item Clause: Limit 1 of each item
|clearpoke
|poke|p1|Charizard, L50, F, shiny|
|poke|p1|Aerodactyl, L50, F, shiny|
|poke|p1|Garchomp, L50, F, shiny|
|poke|p1|Sylveon, L50, M, shiny|
|poke|p1|Kingambit, L50, F|
|poke|p1|Farigiraf, L50, M, shiny|
|poke|p2|Raichu, L50, M|
|poke|p2|Farigiraf, L50, F|
|poke|p2|Grimmsnarl, L50, M|
|poke|p2|Weavile, L50, M|
|poke|p2|Floette-Eternal, L50, F|
|poke|p2|Incineroar, L50, F|
|teampreview|4
|showteam|p1|Charizard||CharizarditeY|Blaze|Protect,HeatWave,WeatherBall,SolarBeam|Modest||F|||50|]Aerodactyl||Aerodactylite|Unnerve|RockSlide,DualWingbeat,Tailwind,IceFang|Jolly||F|||50|]Garchomp||LifeOrb|RoughSkin|StompingTantrum,Protect,Earthquake,DragonClaw|Jolly||F|||50|]Sylveon||FairyFeather|Pixilate|HyperVoice,QuickAttack,HyperBeam,Detect|Modest||M|||50|]Kingambit||FocusSash|Defiant|SuckerPunch,KowtowCleave,LowKick,IronHead|Adamant||F|||50|]Farigiraf||SitrusBerry|ArmorTail|TwinBeam,TrickRoom,Thunderbolt,HelpingHand|Bold||M|||50|
|showteam|p2|Raichu||RaichuniteY|LightningRod|ZapCannon,FocusBlast,GrassKnot,Protect|Timid||M|||50|]Farigiraf||ColburBerry|ArmorTail|Psychic,TrickRoom,HelpingHand,Imprison|Bold||F|||50|]Grimmsnarl||LightClay|Prankster|SpiritBreak,LightScreen,Reflect,PartingShot|Impish||M|||50|]Weavile||FocusSash|Pickpocket|TripleAxel,KnockOff,LowKick,FakeOut|Jolly||M|||50|]Floette-Eternal||Floettite|FlowerVeil|LightofRuin,Moonblast,Protect,DazzlingGleam|Timid||F|||50|]Incineroar||SitrusBerry|Intimidate|FlareBlitz,FakeOut,DarkestLariat,PartingShot|Adamant||F|||50|
|j| chimbuotza
|inactive|Battle timer is ON: inactive players will automatically lose when time's up. (requested by Nhan0111)
|inactive|Nhatpia has 60 seconds left.
|
|t:|1783775912
|teamsize|p1|4
|teamsize|p2|4
|start
|switch|p1a: Sylveon|Sylveon, L50, M, shiny|100/100
|switch|p1b: Farigiraf|Farigiraf, L50, M, shiny|100/100
|switch|p2a: Grimmsnarl|Grimmsnarl, L50, M|100/100
|switch|p2b: Weavile|Weavile, L50, M|100/100
|turn|1
|
|t:|1783775933
|move|p1b: Farigiraf|Helping Hand|p1a: Sylveon
|-singleturn|p1a: Sylveon|Helping Hand|[of] p1b: Farigiraf
|move|p2a: Grimmsnarl|Light Screen|p2a: Grimmsnarl
|-sidestart|p2: Nhan0111|move: Light Screen
|move|p2b: Weavile|Knock Off|p1a: Sylveon
|-resisted|p1a: Sylveon|1
|-damage|p1a: Sylveon|73/100
|-enditem|p1a: Sylveon|Fairy Feather|[from] move: Knock Off|[of] p2b: Weavile
|move|p1a: Sylveon|Hyper Voice|p2a: Grimmsnarl|[spread] p2a,p2b
|-supereffective|p2a: Grimmsnarl|1
|-supereffective|p2b: Weavile|1
|-damage|p2a: Grimmsnarl|34/100
|-enditem|p2b: Weavile|Focus Sash
|-damage|p2b: Weavile|1/100
|
|upkeep
|turn|2
|inactive|Nhan0111 has 30 seconds left.
|inactive|Nhan0111 has 20 seconds left.
|inactive|Nhan0111 has 15 seconds left.
|
|t:|1783775976
|switch|p2a: Farigiraf|Farigiraf, L50, F|100/100
|move|p2b: Weavile|Triple Axel|p1a: Sylveon|[miss]
|-miss|p2b: Weavile|p1a: Sylveon
|move|p1a: Sylveon|Hyper Voice|p2b: Weavile|[spread] p2a,p2b
|-supereffective|p2b: Weavile|1
|-damage|p2a: Farigiraf|74/100
|-damage|p2b: Weavile|0 fnt
|faint|p2b: Weavile
|move|p1b: Farigiraf|Trick Room|p1b: Farigiraf
|-fieldstart|move: Trick Room|[of] p1b: Farigiraf
|
|upkeep
|
|t:|1783775990
|switch|p2b: Grimmsnarl|Grimmsnarl, L50, M|34/100
|turn|3
|
|t:|1783776000
|switch|p1a: Kingambit|Kingambit, L50, F|100/100
|move|p1b: Farigiraf|Thunderbolt|p2b: Grimmsnarl
|-damage|p2b: Grimmsnarl|20/100y
|move|p2b: Grimmsnarl|Spirit Break|p1a: Kingambit
|-damage|p1a: Kingambit|75/100
|-unboost|p1a: Kingambit|spa|1
|-ability|p1a: Kingambit|Defiant|boost
|-boost|p1a: Kingambit|atk|2
|move|p2a: Farigiraf|Trick Room|p2a: Farigiraf
|-fieldend|move: Trick Room
|
|upkeep
|turn|4
|
|t:|1783776020
|move|p2b: Grimmsnarl|Reflect|p2b: Grimmsnarl
|-sidestart|p2: Nhan0111|Reflect
|move|p1a: Kingambit|Kowtow Cleave|p2a: Farigiraf
|-supereffective|p2a: Farigiraf|1
|-enditem|p2a: Farigiraf|Colbur Berry|[eat]
|-enditem|p2a: Farigiraf|Colbur Berry|[weaken]
|-damage|p2a: Farigiraf|19/100
|move|p2a: Farigiraf|Imprison|p2a: Farigiraf
|-start|p2a: Farigiraf|move: Imprison
|cant|p1b: Farigiraf|move: Imprison|Trick Room
|
|upkeep
|turn|5
|
|t:|1783776043
|move|p2a: Farigiraf|Helping Hand|p2b: Grimmsnarl
|-singleturn|p2b: Grimmsnarl|Helping Hand|[of] p2a: Farigiraf
|move|p1a: Kingambit|Kowtow Cleave|p2a: Farigiraf
|-supereffective|p2a: Farigiraf|1
|-damage|p2a: Farigiraf|0 fnt
|faint|p2a: Farigiraf
|move|p2b: Grimmsnarl|Spirit Break|p1b: Farigiraf
|-damage|p1b: Farigiraf|66/100
|-unboost|p1b: Farigiraf|spa|1
|move|p1b: Farigiraf|Thunderbolt|p2b: Grimmsnarl
|-damage|p2b: Grimmsnarl|10/100
|
|upkeep
|
|t:|1783776060
|switch|p2a: Floette|Floette-Eternal, L50, F|100/100
|turn|6
|
|t:|1783776077
|switch|p1a: Sylveon|Sylveon, L50, M, shiny|73/100
|detailschange|p2a: Floette|Floette-Mega, L50, F
|-mega|p2a: Floette|Floette|Floettite
|-ability|p2a: Floette|Fairy Aura
|move|p2a: Floette|Light of Ruin|p1a: Sylveon
|-damage|p1a: Sylveon|0 fnt
|faint|p1a: Sylveon
|-damage|p2a: Floette|56/100|[from] Recoil
|move|p2b: Grimmsnarl|Spirit Break|p1b: Farigiraf
|-damage|p1b: Farigiraf|37/100
|-unboost|p1b: Farigiraf|spa|1
|-enditem|p1b: Farigiraf|Sitrus Berry|[eat]
|-heal|p1b: Farigiraf|62/100|[from] item: Sitrus Berry
|move|p1b: Farigiraf|Trick Room|p1b: Farigiraf
|-fieldstart|move: Trick Room|[of] p1b: Farigiraf
|
|upkeep
|
|t:|1783776093
|switch|p1a: Kingambit|Kingambit, L50, F|75/100
|turn|7
|
|t:|1783776099
|move|p2a: Floette|Protect|p2a: Floette
|-singleturn|p2a: Floette|Protect
|move|p1b: Farigiraf|Thunderbolt|p2b: Grimmsnarl
|-damage|p2b: Grimmsnarl|4/100
|move|p2b: Grimmsnarl|Spirit Break|p1b: Farigiraf
|-damage|p1b: Farigiraf|29/100
|-unboost|p1b: Farigiraf|spa|1
|move|p1a: Kingambit|Iron Head|p2a: Floette
|-activate|p2a: Floette|move: Protect
|
|upkeep
|turn|8
|
|t:|1783776116
|move|p1b: Farigiraf|Thunderbolt|p2b: Grimmsnarl
|-damage|p2b: Grimmsnarl|0 fnt
|faint|p2b: Grimmsnarl
|move|p1a: Kingambit|Iron Head|p2a: Floette
|-supereffective|p2a: Floette|1
|-damage|p2a: Floette|0 fnt
|faint|p2a: Floette
|
|win|Nhatpia
|l| chimbuotza
|l|‽Nhan0111
|player|p2|
