|j|☆Marcored87
|j|☆sparrow.d.ace
|html|Marcored87sparrow.d.ace    
|uhtml|bestof|Game 2 of a best-of-3
|t:|1756501471
|gametype|doubles
|player|p1|Marcored87|266|1176
|player|p2|sparrow.d.ace|benga|1158
|gen|9
|tier|[Gen 9] VGC 2025 Reg H (Bo3)
|rated|
|rule|Species Clause: Limit one of each Pokémon
|rule|Item Clause: Limit 1 of each item
|clearpoke
|poke|p1|Indeedee-F, L50, F|
|poke|p1|Hatterene, L50, F|
|poke|p1|Torkoal, L50, F|
|poke|p1|Gallade, L50, M|
|poke|p1|Lilligant-Hisui, L50, F|
|poke|p1|Ursaluna, L50, M|
|poke|p2|Basculegion, L50, M|
|poke|p2|Pelipper, L50, M|
|poke|p2|Archaludon, L50, F|
|poke|p2|Sneasler, L50, F|
|poke|p2|Rillaboom, L50, F|
|poke|p2|Incineroar, L50, M|
|teampreview|4
|showteam|p1|Indeedee-F||PsychicSeed|PsychicSurge|FollowMe,HelpingHand,Psychic,TrickRoom|||F|||50|,,,,,Grass]Hatterene||LifeOrb|MagicBounce|ExpandingForce,DazzlingGleam,TrickRoom,MysticalFire|||F|||50|,,,,,Fire]Torkoal||ChoiceSpecs|Drought|Eruption,HeatWave,EarthPower,WeatherBall|||F|||50|,,,,,Fire]Gallade||ClearAmulet|Sharpness|WideGuard,SacredSword,PsychoCut,TrickRoom|||M|||50|,,,,,Grass]Lilligant-Hisui||FocusSash|Chlorophyll|AfterYou,SolarBlade,CloseCombat,SleepPowder|||F|||50|,,,,,Ghost]Ursaluna||FlameOrb|Guts|Facade,HeadlongRush,Earthquake,Protect|||M|||50|,,,,,Ghost
|showteam|p2|Basculegion||ChoiceBand|SwiftSwim|WaveCrash,FlipTurn,LastRespects,AquaJet|||M|||50|,,,,,Water]Pelipper||CovertCloak|Drizzle|WeatherBall,Hurricane,Tailwind,Protect|||M|||50|,,,,,Stellar]Archaludon||AssaultVest|Stamina|ElectroShot,DragonPulse,FlashCannon,BodyPress|||F|||50|,,,,,Bug]Sneasler||FocusSash|PoisonTouch|DireClaw,CloseCombat,ThroatChop,Protect|||F|||50|,,,,,Ghost]Rillaboom||MiracleSeed|GrassySurge|WoodHammer,GrassyGlide,Uturn,FakeOut|||F|||50|,,,,,Fire]Incineroar||SafetyGoggles|Intimidate|FakeOut,Taunt,KnockOff,PartingShot|||M|||50|,,,,,Ghost
|inactive|Battle timer is ON: inactive players will automatically lose when time's up. (requested by Marcored87)
|inactive|sparrow.d.ace has 60 seconds left.
|
|t:|1756501522
|teamsize|p1|4
|teamsize|p2|4
|start
|switch|p1a: Indeedee|Indeedee-F, L50, F|100/100
|switch|p1b: Hatterene|Hatterene, L50, F|100/100
|switch|p2a: Basculegion|Basculegion, L50, M, shiny|100/100
|switch|p2b: Incineroar|Incineroar, L50, M, shiny|100/100
|-ability|p2b: Incineroar|Intimidate|boost
|-unboost|p1a: Indeedee|atk|1
|-unboost|p1b: Hatterene|atk|1
|-fieldstart|move: Psychic Terrain|[from] ability: Psychic Surge|[of] p1a: Indeedee
|-enditem|p1a: Indeedee|Psychic Seed
|-boost|p1a: Indeedee|spd|1|[from] item: Psychic Seed
|turn|1
|
|t:|1756501547
|-terastallize|p2a: Basculegion|Water
|move|p1a: Indeedee|Follow Me|p1a: Indeedee
|-singleturn|p1a: Indeedee|move: Follow Me
|move|p2a: Basculegion|Wave Crash|p1a: Indeedee
|-damage|p1a: Indeedee|0 fnt
|faint|p1a: Indeedee
|-damage|p2a: Basculegion|71/100|[from] Recoil
|move|p2b: Incineroar|Taunt|p1b: Hatterene
|move|p1b: Hatterene|Taunt|p2b: Incineroar|[from] ability: Magic Bounce
|-start|p2b: Incineroar|move: Taunt
|move|p1b: Hatterene|Trick Room|p1b: Hatterene
|-fieldstart|move: Trick Room|[of] p1b: Hatterene
|
|upkeep
|
|t:|1756501561
|switch|p1a: Torkoal|Torkoal, L50, F|100/100
|-weather|SunnyDay|[from] ability: Drought|[of] p1a: Torkoal
|turn|2
|
|t:|1756501580
|switch|p2a: Pelipper|Pelipper, L50, M, shiny|100/100
|-weather|RainDance|[from] ability: Drizzle|[of] p2a: Pelipper
|move|p1a: Torkoal|Eruption|p2b: Incineroar|[spread] p2a,p2b
|-resisted|p2a: Pelipper
|-resisted|p2b: Incineroar
|-damage|p2a: Pelipper|69/100
|-damage|p2b: Incineroar|86/100
|move|p1b: Hatterene|Expanding Force|p2a: Pelipper|[spread] p2a
|-immune|p2b: Incineroar
|-damage|p2a: Pelipper|0 fnt
|faint|p2a: Pelipper
|-damage|p1b: Hatterene|91/100|[from] item: Life Orb
|move|p2b: Incineroar|Knock Off|p1b: Hatterene
|-damage|p1b: Hatterene|48/100
|-enditem|p1b: Hatterene|Life Orb|[from] move: Knock Off|[of] p2b: Incineroar
|
|-weather|RainDance|[upkeep]
|upkeep
|
|t:|1756501599
|switch|p2a: Basculegion|Basculegion, L50, M, shiny, tera:Water|71/100
|turn|3
|
|t:|1756501613
|switch|p1a: Ursaluna|Ursaluna, L50, M|100/100
|switch|p2b: Rillaboom|Rillaboom, L50, F|100/100
|-fieldstart|move: Grassy Terrain|[from] ability: Grassy Surge|[of] p2b: Rillaboom
|move|p1b: Hatterene|Expanding Force|p2a: Basculegion
|-damage|p2a: Basculegion|20/100
|move|p2a: Basculegion|Flip Turn|p1a: Ursaluna
|-supereffective|p1a: Ursaluna
|-damage|p1a: Ursaluna|0 fnt
|faint|p1a: Ursaluna
|
|t:|1756501625
|switch|p2a: Incineroar|Incineroar, L50, M, shiny|86/100|[from] Flip Turn
|-ability|p2a: Incineroar|Intimidate|boost
|-unboost|p1b: Hatterene|atk|1
|
|-weather|RainDance|[upkeep]
|-heal|p1b: Hatterene|53/100|[from] Grassy Terrain
|-heal|p2a: Incineroar|92/100|[from] Grassy Terrain
|upkeep
|
|t:|1756501632
|switch|p1a: Torkoal|Torkoal, L50, F|100/100
|-weather|SunnyDay|[from] ability: Drought|[of] p1a: Torkoal
|turn|4
|inactive|sparrow.d.ace has 30 seconds left.
|
|t:|1756501666
|move|p2b: Rillaboom|Fake Out|p1a: Torkoal
|-damage|p1a: Torkoal|89/100
|cant|p1a: Torkoal|flinch
|move|p1b: Hatterene|Mystical Fire|p2b: Rillaboom
|-supereffective|p2b: Rillaboom
|-damage|p2b: Rillaboom|6/100
|-unboost|p2b: Rillaboom|spa|1
|move|p2a: Incineroar|Knock Off|p1a: Torkoal
|-damage|p1a: Torkoal|58/100
|-enditem|p1a: Torkoal|Choice Specs|[from] move: Knock Off|[of] p2a: Incineroar
|
|-weather|SunnyDay|[upkeep]
|-heal|p1a: Torkoal|64/100|[from] Grassy Terrain
|-heal|p1b: Hatterene|59/100|[from] Grassy Terrain
|-heal|p2a: Incineroar|98/100|[from] Grassy Terrain
|-heal|p2b: Rillaboom|12/100|[from] Grassy Terrain
|upkeep
|turn|5
|inactive|sparrow.d.ace has 30 seconds left.
|
|t:|1756501692
|move|p2b: Rillaboom|Grassy Glide|p1b: Hatterene
|-damage|p1b: Hatterene|8/100
|move|p1a: Torkoal|Earth Power|p2a: Incineroar
|-supereffective|p2a: Incineroar
|-damage|p2a: Incineroar|53/100
|move|p1b: Hatterene|Dazzling Gleam|p2b: Rillaboom|[spread] p2a,p2b
|-damage|p2a: Incineroar|23/100
|-damage|p2b: Rillaboom|0 fnt
|faint|p2b: Rillaboom
|move|p2a: Incineroar|Knock Off|p1a: Torkoal
|-damage|p1a: Torkoal|45/100
|
|-weather|SunnyDay|[upkeep]
|-heal|p1a: Torkoal|51/100|[from] Grassy Terrain
|-heal|p1b: Hatterene|14/100|[from] Grassy Terrain
|-heal|p2a: Incineroar|29/100|[from] Grassy Terrain
|-fieldend|move: Trick Room
|upkeep
|
|t:|1756501702
|switch|p2b: Basculegion|Basculegion, L50, M, shiny, tera:Water|20/100
|turn|6
|
|t:|1756501714
|-terastallize|p1a: Torkoal|Fire
|move|p2b: Basculegion|Last Respects|p1a: Torkoal
|-damage|p1a: Torkoal|0 fnt
|faint|p1a: Torkoal
|move|p2a: Incineroar|Knock Off|p1b: Hatterene
|-damage|p1b: Hatterene|0 fnt
|faint|p1b: Hatterene
|
|win|sparrow.d.ace
||Marcored87 is ready for game 3.
|inactive|sparrow.d.ace has 30 seconds to confirm battle start!
|inactive|sparrow.d.ace has 20 seconds to confirm battle start!
||sparrow.d.ace is ready for game 3.
|uhtml|next|Next: Game 3 of 3
|l|☆Marcored87
|player|p1|
