|j|☆totaldestroy
|j|☆NahuuH
|html|totaldestroyNahuuH    
|uhtml|bestof|Game 3 of a best-of-3
|t:|1782975358
|gametype|doubles
|player|p1|totaldestroy|gambler|1183
|player|p2|NahuuH|2|1140
|gen|9
|tier|[Gen 9 Champions] VGC 2026 Reg M-B (Bo3)
|rated|
|rule|Species Clause: Limit one of each Pokémon
|rule|Item Clause: Limit 1 of each item
|clearpoke
|poke|p1|Zoroark-Hisui, L50, F|
|poke|p1|Glimmora, L50, F|
|poke|p1|Basculegion, L50, M|
|poke|p1|Sinistcha, L50|
|poke|p1|Kingambit, L50, F|
|poke|p1|Dragonite, L50, M|
|poke|p2|Blastoise, L50, F|
|poke|p2|Incineroar, L50, F|
|poke|p2|Kingambit, L50, F|
|poke|p2|Sneasler, L50, M|
|poke|p2|Sinistcha, L50|
|poke|p2|Delphox, L50, F|
|teampreview|4
|showteam|p1|Zoroark-Hisui||FocusSash|Illusion|Protect,IcyWind,BitterMalice,FocusBlast|Timid||F|||50|]Glimmora||LifeOrb|ToxicDebris|DazzlingGleam,PowerGem,SludgeBomb,Protect|Modest||F|||50|]Basculegion||SitrusBerry|Adaptability|WaveCrash,AquaJet,LastRespects,Protect|Adamant||M|||50|]Sinistcha||OccaBerry|Hospitality|TrickRoom,MatchaGotcha,RagePowder,Protect|Relaxed|||||50|]Kingambit||ExpertBelt|Defiant|LowKick,IronHead,Protect,KowtowCleave|Jolly||F|||50|]Dragonite||Dragoninite|Multiscale|Tailwind,DragonPulse,Thunderbolt,Protect|Modest||M|||50|
|showteam|p2|Blastoise||Blastoisinite|RainDish|WaterSpout,ShellSmash,Protect,DarkPulse|Modest||F|||50|]Incineroar||SitrusBerry|Intimidate|FlareBlitz,FakeOut,PartingShot,HelpingHand|Impish||F|||50|]Kingambit||BlackGlasses|Defiant|KowtowCleave,SuckerPunch,SwordsDance,Protect|Adamant||F|||50|]Sneasler||FocusSash|PoisonTouch|DireClaw,CloseCombat,FakeOut,QuickGuard|Jolly||M|||50|]Sinistcha||OccaBerry|Hospitality|MatchaGotcha,RagePowder,TrickRoom,Protect|Bold|||||50|]Delphox||Delphoxite|Blaze|HeatWave,Psyshock,NastyPlot,Protect|Timid||F|||50|
|
|t:|1782975378
|teamsize|p1|4
|teamsize|p2|4
|start
|switch|p1a: head|Kingambit, L50, F|100/100
|switch|p1b: feesh|Basculegion, L50, M|100/100
|switch|p2a: Delphox|Delphox, L50, F|100/100
|switch|p2b: Sinistcha|Sinistcha, L50|100/100
|turn|1
|
|t:|1782975402
|detailschange|p2a: Delphox|Delphox-Mega, L50, F
|-mega|p2a: Delphox|Delphox|Delphoxite
|move|p2b: Sinistcha|Rage Powder|p2b: Sinistcha
|-singleturn|p2b: Sinistcha|move: Rage Powder
|move|p2a: Delphox|Heat Wave|p1a: head|[spread] p1a,p1b
|-supereffective|p1a: head|1
|-resisted|p1b: feesh|1
|-damage|p1a: head|3/100
|-damage|p1b: feesh|79/100
|move|p1a: head|Kowtow Cleave|p2b: Sinistcha
|-supereffective|p2b: Sinistcha|1
|-damage|p2b: Sinistcha|18/100
|move|p1b: feesh|Last Respects|p2b: Sinistcha
|-supereffective|p2b: Sinistcha|1
|-damage|p2b: Sinistcha|0 fnt
|faint|p2b: Sinistcha
|
|upkeep
|
|t:|1782975422
|switch|p2b: Sneasler|Sneasler, L50, M|100/100
|turn|2
|
|t:|1782975454
|move|p1b: feesh|Protect|p1b: feesh
|-singleturn|p1b: feesh|Protect
|move|p2b: Sneasler|Fake Out|p1a: head
|-resisted|p1a: head|1
|-damage|p1a: head|0 fnt
|faint|p1a: head
|move|p2a: Delphox|Psyshock|p1b: feesh
|-activate|p1b: feesh|move: Protect
|
|upkeep
|
|t:|1782975463
|switch|p1a: the shiggy wiggy|Glimmora, L50, F|100/100
|turn|3
|
|t:|1782975482
|switch|p1b: the shiggy wiggy|Glimmora, L50, F|100/100
|move|p2a: Delphox|Protect|p2a: Delphox
|-singleturn|p2a: Delphox|Protect
|move|p2b: Sneasler|Dire Claw|p1b: the shiggy wiggy
|-resisted|p1b: the shiggy wiggy|2
|-damage|p1b: the shiggy wiggy|89/100
|-activate|p1b: the shiggy wiggy|ability: Toxic Debris
|-sidestart|p2: NahuuH|move: Toxic Spikes
|move|p1a: the shiggy wiggy|Icy Wind|p2b: Sneasler|[spread] p2b
|-activate|p2a: Delphox|move: Protect
|-damage|p2b: Sneasler|79/100
|-unboost|p2b: Sneasler|spe|1
|
|upkeep
|turn|4
|
|t:|1782975507
|move|p2a: Delphox|Psyshock|p1b: the shiggy wiggy
|-supereffective|p1b: the shiggy wiggy|1
|-crit|p1b: the shiggy wiggy
|-damage|p1b: the shiggy wiggy|0 fnt
|faint|p1b: the shiggy wiggy
|move|p1a: the shiggy wiggy|Icy Wind|p2a: Delphox|[spread] p2b
|-miss|p1a: the shiggy wiggy|p2a: Delphox
|-damage|p2b: Sneasler|59/100
|-unboost|p2b: Sneasler|spe|1
|move|p2b: Sneasler|Dire Claw|p1a: the shiggy wiggy
|-resisted|p1a: the shiggy wiggy|1
|-damage|p1a: the shiggy wiggy|59/100
|-status|p1a: the shiggy wiggy|psn
|replace|p1a: fantastic mr|Zoroark-Hisui, L50, F
|-end|p1a: fantastic mr|Illusion
|
|-damage|p1a: fantastic mr|46/100 psn|[from] psn
|upkeep
|
|t:|1782975524
|switch|p1b: feesh|Basculegion, L50, M|79/100
|turn|5
|
|t:|1782975532
|move|p2a: Delphox|Protect|p2a: Delphox
|-singleturn|p2a: Delphox|Protect
|move|p1b: feesh|Aqua Jet|p2a: Delphox
|-activate|p2a: Delphox|move: Protect
|move|p1a: fantastic mr|Bitter Malice|p2b: Sneasler
|-damage|p2b: Sneasler|9/100
|-unboost|p2b: Sneasler|atk|1
|move|p2b: Sneasler|Dire Claw|p1b: feesh
|-resisted|p1b: feesh|1
|-damage|p1b: feesh|64/100
|
|-damage|p1a: fantastic mr|34/100 psn|[from] psn
|upkeep
|turn|6
|
|t:|1782975560
|move|p2b: Sneasler|Quick Guard|p2b: Sneasler
|-singleturn|p2b: Sneasler|Quick Guard
|move|p2a: Delphox|Psyshock|p1b: feesh
|-damage|p1b: feesh|11/100
|-enditem|p1b: feesh|Sitrus Berry|[eat]
|-heal|p1b: feesh|36/100|[from] item: Sitrus Berry
|move|p1a: fantastic mr|Bitter Malice|p2b: Sneasler
|-damage|p2b: Sneasler|0 fnt
|faint|p2b: Sneasler
|move|p1b: feesh|Last Respects|p2a: Delphox
|-supereffective|p2a: Delphox|1
|-damage|p2a: Delphox|0 fnt
|faint|p2a: Delphox
|
|-damage|p1a: fantastic mr|22/100 psn|[from] psn
|upkeep
|
|t:|1782975580
|switch|p2b: Kingambit|Kingambit, L50, F|100/100
|turn|7
|
|t:|1782975596
|move|p1b: feesh|Protect|p1b: feesh
|-singleturn|p1b: feesh|Protect
|move|p2b: Kingambit|Protect|p2b: Kingambit
|-singleturn|p2b: Kingambit|Protect
|move|p1a: fantastic mr|Focus Blast|p2b: Kingambit
|-activate|p2b: Kingambit|move: Protect
|
|-damage|p1a: fantastic mr|10/100 psn|[from] psn
|upkeep
|turn|8
|
|t:|1782975608
|move|p1b: feesh|Aqua Jet|p2b: Kingambit
|-damage|p2b: Kingambit|79/100
|move|p2b: Kingambit|Sucker Punch||[still]
|-fail|p2b: Kingambit
|move|p1a: fantastic mr|Focus Blast|p2b: Kingambit
|-supereffective|p2b: Kingambit|2
|-damage|p2b: Kingambit|0 fnt
|faint|p2b: Kingambit
|
|win|totaldestroy
|raw|totaldestroy's rating: 1183 → 1205(+22 for winning)
|raw|NahuuH's rating: 1140 → 1118(-22 for losing)
