|j|☆spellbreakvgc
|j|☆friesejung
|html|spellbreakvgcfriesejung    
|uhtml|bestof|Game 1 of a best-of-3
|t:|1757803233
|gametype|doubles
|player|p1|spellbreakvgc|lance|1079
|player|p2|friesejung|crasherwake|1178
|gen|9
|tier|[Gen 9] VGC 2025 Reg H (Bo3)
|rated|
|rule|Species Clause: Limit one of each Pokémon
|rule|Item Clause: Limit 1 of each item
|clearpoke
|poke|p1|Dachsbun, L50, M|
|poke|p1|Typhlosion-Hisui, L50, M|
|poke|p1|Whimsicott, L50, F|
|poke|p1|Baxcalibur, L50, M|
|poke|p1|Ninetales-Alola, L50, M|
|poke|p1|Dondozo, L50, M|
|poke|p2|Armarouge, L50, F|
|poke|p2|Indeedee-F, L50, F|
|poke|p2|Ursaluna-Bloodmoon, L50, M|
|poke|p2|Gallade, L50, M|
|poke|p2|Torkoal, L50, F|
|poke|p2|Talonflame, L50, F|
|teampreview|4
|showteam|p1|Dachsbun||Leftovers|WellBakedBody|BodyPress,Snarl,Substitute,Protect|||M|||50|,,,,,Steel]Typhlosion-Hisui||ChoiceScarf|Frisk|Eruption,ShadowBall,Flamethrower,LavaPlume|||M|||50|,,,,,Fire]Whimsicott||CovertCloak|Prankster|Moonblast,Tailwind,LightScreen,SunnyDay|||F|||50|,,,,,Poison]Baxcalibur||LoadedDice|ThermalExchange|ScaleShot,IcicleSpear,IceShard,Protect|||M|||50|,,,,,Water]Ninetales-Alola||LightClay|SnowWarning|AuroraVeil,FreezeDry,Blizzard,Protect|||M|||50|,,,,,Ghost]Dondozo||SitrusBerry|Unaware|Yawn,Fissure,Liquidation,Protect|||M|||50|,,,,,Water
|showteam|p2|Armarouge||WeaknessPolicy|FlashFire|ArmorCannon,ExpandingForce,AuraSphere,TrickRoom|||F|||50|,,,,,Grass]Indeedee-F||PsychicSeed|PsychicSurge|Psychic,FollowMe,HelpingHand,TrickRoom|||F|||50|,,,,,Grass]Ursaluna-Bloodmoon||LifeOrb|MindsEye|EarthPower,HyperVoice,Protect,BloodMoon|||M|||50|,,,,,Normal]Gallade||ClearAmulet|Sharpness|PsychoCut,SacredSword,Protect,TrickRoom|||M|||50|,,,,,Fire]Torkoal||Charcoal|Drought|Eruption,HeatWave,WeatherBall,ClearSmog|||F|||50|,,,,,Fire]Talonflame||CovertCloak|GaleWings|DualWingbeat,Tailwind,WillOWisp,Protect|||F|||50|,,,,,Fairy
|inactive|Battle timer is ON: inactive players will automatically lose when time's up. (requested by spellbreakvgc)
|
|t:|1757803253
|teamsize|p1|4
|teamsize|p2|4
|start
|switch|p1a: Typhlosion|Typhlosion-Hisui, L50, M|100/100
|switch|p1b: Whimsicott|Whimsicott, L50, F|100/100
|switch|p2a: Talonflame|Talonflame, L50, F|100/100
|switch|p2b: Ursaluna|Ursaluna-Bloodmoon, L50, M|100/100
|-item|p2a: Talonflame|Covert Cloak|[from] ability: Frisk|[of] p1a: Typhlosion
|-item|p2b: Ursaluna|Life Orb|[from] ability: Frisk|[of] p1a: Typhlosion
|turn|1
|inactive|friesejung has 30 seconds left.
|
|t:|1757803281
|-terastallize|p1a: Typhlosion|Fire
|move|p2a: Talonflame|Dual Wingbeat|p1b: Whimsicott|[miss]
|-miss|p2a: Talonflame|p1b: Whimsicott
|move|p1b: Whimsicott|Sunny Day|p1b: Whimsicott
|-weather|SunnyDay
|move|p1a: Typhlosion|Eruption|p2b: Ursaluna|[spread] p2a,p2b
|-resisted|p2a: Talonflame
|-damage|p2a: Talonflame|12/100
|-damage|p2b: Ursaluna|0 fnt
|faint|p2b: Ursaluna
|
|-weather|SunnyDay|[upkeep]
|upkeep
|
|t:|1757803304
|switch|p2b: Indeedee|Indeedee-F, L50, F|100/100
|-fieldstart|move: Psychic Terrain|[from] ability: Psychic Surge|[of] p2b: Indeedee
|-enditem|p2b: Indeedee|Psychic Seed
|-boost|p2b: Indeedee|spd|1|[from] item: Psychic Seed
|turn|2
|
|t:|1757803328
|move|p1a: Typhlosion|Eruption|p2a: Talonflame|[spread] p2a,p2b
|-resisted|p2a: Talonflame
|-damage|p2a: Talonflame|0 fnt
|-damage|p2b: Indeedee|19/100
|faint|p2a: Talonflame
|move|p1b: Whimsicott|Moonblast|p2b: Indeedee
|-damage|p2b: Indeedee|2/100
|move|p2b: Indeedee|Trick Room|p2b: Indeedee
|-fieldstart|move: Trick Room|[of] p2b: Indeedee
|
|-weather|SunnyDay|[upkeep]
|upkeep
|
|t:|1757803331
|switch|p2a: Torkoal|Torkoal, L50, F|100/100
|turn|3
|
|t:|1757803347
|switch|p1a: Ninetales|Ninetales-Alola, L50, M|100/100
|-weather|Snowscape|[from] ability: Snow Warning|[of] p1a: Ninetales
|-terastallize|p2a: Torkoal|Fire
|move|p1b: Whimsicott|Light Screen|p1b: Whimsicott
|-sidestart|p1: spellbreakvgc|move: Light Screen
|move|p2a: Torkoal|Eruption|p1b: Whimsicott|[spread] p1a,p1b
|-supereffective|p1a: Ninetales
|-supereffective|p1b: Whimsicott
|-damage|p1a: Ninetales|0 fnt
|-damage|p1b: Whimsicott|0 fnt
|faint|p1a: Ninetales
|faint|p1b: Whimsicott
|move|p2b: Indeedee|Psychic|p1: Ninetales|[notarget]
|-fail|p2b: Indeedee
|
|-weather|Snowscape|[upkeep]
|upkeep
|
|t:|1757803361
|switch|p1b: Typhlosion|Typhlosion-Hisui, L50, M, tera:Fire|100/100
|switch|p1a: Baxcalibur|Baxcalibur, L50, M|100/100
|-item|p2a: Torkoal|Charcoal|[from] ability: Frisk|[of] p1b: Typhlosion
|turn|4
|
|t:|1757803372
|move|p2b: Indeedee|Follow Me|p2b: Indeedee
|-singleturn|p2b: Indeedee|move: Follow Me
|move|p1a: Baxcalibur|Ice Shard|p2b: Indeedee
|-activate|p2b: Indeedee|move: Psychic Terrain
|move|p2a: Torkoal|Eruption|p1b: Typhlosion|[spread] p1a,p1b
|-resisted|p1b: Typhlosion
|-damage|p1a: Baxcalibur|63/100
|-damage|p1b: Typhlosion|65/100
|-ability|p1a: Baxcalibur|Thermal Exchange|boost
|-boost|p1a: Baxcalibur|atk|1
|move|p1b: Typhlosion|Shadow Ball|p2b: Indeedee
|-immune|p2b: Indeedee
|
|-weather|Snowscape|[upkeep]
|upkeep
|turn|5
|
|t:|1757803393
|move|p2b: Indeedee|Helping Hand|p2a: Torkoal
|-singleturn|p2a: Torkoal|Helping Hand|[of] p2b: Indeedee
|move|p2a: Torkoal|Eruption|p1a: Baxcalibur|[spread] p1a,p1b
|-resisted|p1b: Typhlosion
|-damage|p1a: Baxcalibur|2/100
|-damage|p1b: Typhlosion|11/100
|-ability|p1a: Baxcalibur|Thermal Exchange|boost
|-boost|p1a: Baxcalibur|atk|1
|move|p1a: Baxcalibur|Icicle Spear|p2a: Torkoal
|-resisted|p2a: Torkoal
|-damage|p2a: Torkoal|91/100
|-resisted|p2a: Torkoal
|-damage|p2a: Torkoal|83/100
|-resisted|p2a: Torkoal
|-damage|p2a: Torkoal|73/100
|-resisted|p2a: Torkoal
|-damage|p2a: Torkoal|65/100
|-hitcount|p2a: Torkoal|4
|move|p1b: Typhlosion|Shadow Ball|p2a: Torkoal
|-crit|p2a: Torkoal
|-damage|p2a: Torkoal|0 fnt
|faint|p2a: Torkoal
|
|-weather|Snowscape|[upkeep]
|upkeep
|turn|6
|
|t:|1757803408
|move|p1a: Baxcalibur|Protect|p1a: Baxcalibur
|-singleturn|p1a: Baxcalibur|Protect
|move|p2b: Indeedee|Psychic|p1a: Baxcalibur
|-activate|p1a: Baxcalibur|move: Protect
|move|p1b: Typhlosion|Shadow Ball|p2b: Indeedee
|-immune|p2b: Indeedee
|
|-weather|Snowscape|[upkeep]
|-fieldend|move: Trick Room
|-fieldend|move: Psychic Terrain
|upkeep
|turn|7
|
|t:|1757803427
|move|p1a: Baxcalibur|Ice Shard|p2b: Indeedee
|-damage|p2b: Indeedee|0 fnt
|faint|p2b: Indeedee
|
|win|spellbreakvgc
||spellbreakvgc is ready for game 2.
||friesejung is ready for game 2.
|uhtml|next|Next: Game 2 of 3
