|j|☆sadnessvgc
|j|☆wade connects
|html|sadnessvgcwade connects    
|uhtml|bestof|Game 1 of a best-of-3
|t:|1785642148
|gametype|doubles
|player|p1|sadnessvgc|chase|1288
|player|p2|wade connects|101|1240
|gen|9
|tier|[Gen 9 Champions] VGC 2026 Reg M-B (Bo3)
|rated|
|rule|Species Clause: Limit one of each Pokémon
|rule|Item Clause: Limit 1 of each item
|clearpoke
|poke|p1|Floette-Eternal, L50, F|
|poke|p1|Whimsicott, L50, M, shiny|
|poke|p1|Garchomp, L50, F, shiny|
|poke|p1|Kingambit, L50, M, shiny|
|poke|p1|Basculegion, L50, M, shiny|
|poke|p1|Charizard, L50, M, shiny|
|poke|p2|Gholdengo, L50|
|poke|p2|Clefable, L50, M|
|poke|p2|Blaziken, L50, M, shiny|
|poke|p2|Sceptile, L50, F|
|poke|p2|Gyarados, L50, F, shiny|
|poke|p2|Aerodactyl, L50, F|
|teampreview|4
|showteam|p1|Floette-Eternal||Floettite|FlowerVeil|DazzlingGleam,Moonblast,Protect,LightofRuin|Timid||F|||50|]Whimsicott||FocusSash|Prankster|Moonblast,Protect,Encore,Tailwind|Timid||M|||50|]Garchomp||RoseliBerry|RoughSkin|Earthquake,DragonClaw,PoisonJab,RockSlide|Jolly||F|||50|]Kingambit||ChopleBerry|Defiant|KowtowCleave,LowKick,SuckerPunch,IronHead|Adamant||M|||50|]Basculegion||LifeOrb|Adaptability|LastRespects,WaveCrash,AquaJet,Protect|Adamant||M|||50|]Charizard||CharizarditeY|Blaze|HeatWave,WeatherBall,SolarBeam,Protect|Modest||M|||50|
|showteam|p2|Gholdengo||MetalCoat|GoodasGold|Protect,NastyPlot,ShadowBall,MakeItRain|Modest|||||50|]Clefable||Leftovers|Unaware|Protect,FollowMe,LifeDew,Moonblast|Bold||M|||50|]Blaziken||LifeOrb|SpeedBoost|Detect,CloseCombat,FlareBlitz,RockSlide|Adamant||M|||50|]Sceptile||Sceptilite|Overgrow|Detect,EnergyBall,DragonPulse,EarthPower|Timid||F|||50|]Gyarados||Gyaradosite|Intimidate|Protect,DragonDance,Waterfall,Crunch|Adamant||F|||50|]Aerodactyl||FocusSash|Unnerve|Protect,Tailwind,DualWingbeat,RockSlide|Jolly||F|||50|
|inactive|Battle timer is ON: inactive players will automatically lose when time's up. (requested by sadnessvgc)
|inactive|sadnessvgc has 60 seconds left.
|inactive|sadnessvgc has 30 seconds left.
|inactive|sadnessvgc has 20 seconds left.
|inactive|sadnessvgc has 15 seconds left.
|inactive|sadnessvgc has 10 seconds left.
|
|t:|1785642240
|teamsize|p1|4
|teamsize|p2|4
|start
|switch|p1a: Whimsicott|Whimsicott, L50, M, shiny|100/100
|switch|p1b: Garchomp|Garchomp, L50, F, shiny|100/100
|switch|p2a: Blaziken|Blaziken, L50, M, shiny|100/100
|switch|p2b: Aerodactyl|Aerodactyl, L50, F|100/100
|-ability|p2b: Aerodactyl|Unnerve
|turn|1
|
|t:|1785642259
|switch|p2a: Gyarados|Gyarados, L50, F, shiny|100/100
|-ability|p2a: Gyarados|Intimidate|boost
|-unboost|p1a: Whimsicott|atk|1
|-unboost|p1b: Garchomp|atk|1
|move|p1a: Whimsicott|Tailwind|p1a: Whimsicott
|-sidestart|p1: sadnessvgc|move: Tailwind
|move|p1b: Garchomp|Rock Slide|p2b: Aerodactyl|[spread] p2a,p2b
|-supereffective|p2a: Gyarados|1
|-supereffective|p2b: Aerodactyl|1
|-damage|p2a: Gyarados|73/100
|-damage|p2b: Aerodactyl|57/100
|move|p2b: Aerodactyl|Tailwind|p2b: Aerodactyl
|-sidestart|p2: wade connects|move: Tailwind
|
|upkeep
|turn|2
|
|t:|1785642282
|move|p2b: Aerodactyl|Dual Wingbeat|p1a: Whimsicott
|-supereffective|p1a: Whimsicott|1
|-damage|p1a: Whimsicott|38/100
|-supereffective|p1a: Whimsicott|1
|-damage|p1a: Whimsicott|0 fnt
|faint|p1a: Whimsicott
|-hitcount|p1: Whimsicott|2
|move|p1b: Garchomp|Rock Slide|p2a: Gyarados|[spread] p2a,p2b
|-supereffective|p2a: Gyarados|1
|-supereffective|p2b: Aerodactyl|1
|-damage|p2a: Gyarados|46/100
|-damage|p2b: Aerodactyl|21/100
|move|p2a: Gyarados|Dragon Dance|p2a: Gyarados
|-boost|p2a: Gyarados|atk|1
|-boost|p2a: Gyarados|spe|1
|
|upkeep
|
|t:|1785642299
|switch|p1a: Basculegion|Basculegion, L50, M, shiny|100/100
|turn|3
|
|t:|1785642307
|detailschange|p2a: Gyarados|Gyarados-Mega, L50, F, shiny
|-mega|p2a: Gyarados|Gyarados|Gyaradosite
|-ability|p2a: Gyarados|Mold Breaker
|move|p1a: Basculegion|Aqua Jet|p2b: Aerodactyl
|-supereffective|p2b: Aerodactyl|1
|-damage|p2b: Aerodactyl|0 fnt
|faint|p2b: Aerodactyl
|-damage|p1a: Basculegion|90/100|[from] item: Life Orb
|move|p2a: Gyarados|Crunch|p1a: Basculegion
|-supereffective|p1a: Basculegion|1
|-damage|p1a: Basculegion|0 fnt
|faint|p1a: Basculegion
|move|p1b: Garchomp|Rock Slide|p2a: Gyarados
|-damage|p2a: Gyarados|32/100
|
|upkeep
|
|t:|1785642324
|switch|p2b: Blaziken|Blaziken, L50, M, shiny|100/100
|switch|p1a: Floette|Floette-Eternal, L50, F|100/100
|turn|4
|
|t:|1785642333
|detailschange|p1a: Floette|Floette-Mega, L50, F
|-mega|p1a: Floette|Floette|Floettite
|-ability|p1a: Floette|Fairy Aura
|move|p2b: Blaziken|Detect|p2b: Blaziken
|-singleturn|p2b: Blaziken|Protect
|move|p2a: Gyarados|Waterfall|p1a: Floette
|-damage|p1a: Floette|4/100
|move|p1b: Garchomp|Rock Slide|p2a: Gyarados|[spread] p2a
|-activate|p2b: Blaziken|move: Protect
|-damage|p2a: Gyarados|21/100
|cant|p1a: Floette|flinch
|
|-sideend|p2: wade connects|move: Tailwind
|-sideend|p1: sadnessvgc|move: Tailwind
|-ability|p2b: Blaziken|Speed Boost|boost
|-boost|p2b: Blaziken|spe|1
|upkeep
|turn|5
|-message|sadnessvgc forfeited.
|
|win|wade connects
||sadnessvgc is ready for game 2.
||wade connects is ready for game 2.
|uhtml|next|Next: Game 2 of 3
|l|☆sadnessvgc
|player|p1|
