|j|☆Imreesithink
|j|☆25th_mang
|html|Imreesithink25th_mang    
|uhtml|bestof|Game 3 of a best-of-3
|t:|1785911598
|gametype|doubles
|player|p1|Imreesithink|1|1283
|player|p2|25th_mang|ballguy|1250
|gen|9
|tier|[Gen 9 Champions] VGC 2026 Reg M-B (Bo3)
|rated|
|rule|Species Clause: Limit one of each Pokémon
|rule|Item Clause: Limit 1 of each item
|clearpoke
|poke|p1|Staraptor, L50, F, shiny|
|poke|p1|Raichu, L50, F, shiny|
|poke|p1|Sylveon, L50, M, shiny|
|poke|p1|Farigiraf, L50, F, shiny|
|poke|p1|Arcanine-Hisui, L50, F, shiny|
|poke|p1|Kingambit, L50, M, shiny|
|poke|p2|Staraptor, L50, M|
|poke|p2|Milotic, L50, F|
|poke|p2|Tyranitar, L50, M, shiny|
|poke|p2|Gholdengo, L50, shiny|
|poke|p2|Excadrill, L50, M|
|poke|p2|Sinistcha, L50|
|teampreview|4
|showteam|p1|Staraptor||Staraptite|Intimidate|Tailwind,Protect,CloseCombat,DualWingbeat|Jolly||F|||50|]Raichu||RaichuniteY|LightningRod|FakeOut,ZapCannon,FocusBlast,Protect|Timid||F|||50|]Sylveon||FairyFeather|Pixilate|Detect,HyperVoice,QuickAttack,HyperBeam|Modest||M|||50|]Farigiraf||SitrusBerry|ArmorTail|Psychic,TrickRoom,HelpingHand,Protect|Sassy||F|||50|]Arcanine-Hisui||FocusSash|RockHead|Protect,ExtremeSpeed,HeadSmash,FlareBlitz|Jolly||F|||50|]Kingambit||LifeOrb|Defiant|Protect,KowtowCleave,SwordsDance,SuckerPunch|Adamant||M|||50|
|showteam|p2|Staraptor||Staraptite|Intimidate|BraveBird,CloseCombat,Tailwind,Protect|Jolly||M|||50|]Milotic||SitrusBerry|Competitive|Scald,IceBeam,IcyWind,Recover|Modest||F|||50|]Tyranitar||Tyranitarite|SandStream|RockSlide,KnockOff,LowKick,Protect|Jolly||M|||50|]Gholdengo||LifeOrb|GoodasGold|ShadowBall,MakeItRain,NastyPlot,Protect|Modest|||||50|]Excadrill||FocusSash|SandRush|HighHorsepower,IronHead,RockSlide,Protect|Adamant||M|||50|]Sinistcha||ColburBerry|Hospitality|MatchaGotcha,RagePowder,TrickRoom,Protect|Bold|||||50|
|inactive|Battle timer is ON: inactive players will automatically lose when time's up. (requested by Imreesithink)
|inactive|25th_mang also wants the timer to be on.
|inactive|25th_mang has 60 seconds left.
|inactive|25th_mang has 30 seconds left.
|
|t:|1785911665
|teamsize|p1|4
|teamsize|p2|4
|start
|switch|p1a: Raichu|Raichu, L50, F, shiny|100/100
|switch|p1b: Kingambit|Kingambit, L50, M, shiny|100/100
|switch|p2a: Milotic|Milotic, L50, F|100/100
|switch|p2b: Staraptor|Staraptor, L50, M|100/100
|-ability|p2b: Staraptor|Intimidate|boost
|-unboost|p1a: Raichu|atk|1
|-unboost|p1b: Kingambit|atk|1
|-ability|p1b: Kingambit|Defiant|boost
|-boost|p1b: Kingambit|atk|2
|turn|1
|inactive|Imreesithink has 30 seconds left.
|inactive|25th_mang has 30 seconds left.
|inactive|25th_mang has 20 seconds left.
|
|t:|1785911705
|detailschange|p1a: Raichu|Raichu-Mega-Y, L50, F, shiny
|-mega|p1a: Raichu|Raichu|Raichunite Y
|move|p2b: Staraptor|Protect|p2b: Staraptor
|-singleturn|p2b: Staraptor|Protect
|move|p1a: Raichu|Zap Cannon|p2b: Staraptor
|-activate|p2b: Staraptor|move: Protect
|move|p2a: Milotic|Scald|p1b: Kingambit
|-damage|p1b: Kingambit|69/100
|-status|p1b: Kingambit|brn
|move|p1b: Kingambit|Kowtow Cleave|p2a: Milotic
|-damage|p2a: Milotic|58/100
|-damage|p1b: Kingambit|59/100 brn|[from] item: Life Orb
|
|-damage|p1b: Kingambit|54/100 brn|[from] brn
|upkeep
|turn|2
|inactive|25th_mang has 30 seconds left.
|inactive|25th_mang has 20 seconds left.
|
|t:|1785911742
|switch|p2b: Excadrill|Excadrill, L50, M|100/100
|move|p1a: Raichu|Zap Cannon|p2b: Excadrill
|-immune|p2b: Excadrill
|move|p2a: Milotic|Scald|p1a: Raichu
|-damage|p1a: Raichu|53/100
|move|p1b: Kingambit|Kowtow Cleave|p2a: Milotic
|-damage|p2a: Milotic|17/100
|-enditem|p2a: Milotic|Sitrus Berry|[eat]
|-heal|p2a: Milotic|42/100|[from] item: Sitrus Berry
|-damage|p1b: Kingambit|44/100 brn|[from] item: Life Orb
|
|-damage|p1b: Kingambit|38/100 brn|[from] brn
|upkeep
|turn|3
|
|t:|1785911767
|switch|p1a: Staraptor|Staraptor, L50, F, shiny|100/100
|-ability|p1a: Staraptor|Intimidate|boost
|-unboost|p2a: Milotic|atk|1
|-ability|p2a: Milotic|Competitive|boost
|-boost|p2a: Milotic|spa|2
|-unboost|p2b: Excadrill|atk|1
|move|p2b: Excadrill|Protect|p2b: Excadrill
|-singleturn|p2b: Excadrill|Protect
|move|p1b: Kingambit|Sucker Punch||[still]
|-fail|p1b: Kingambit
|move|p2a: Milotic|Recover|p2a: Milotic
|-heal|p2a: Milotic|92/100
|
|-damage|p1b: Kingambit|32/100 brn|[from] brn
|upkeep
|turn|4
|inactive|25th_mang has 30 seconds left.
|inactive|Imreesithink has 30 seconds left.
|
|t:|1785911806
|switch|p2b: Sinistcha|Sinistcha, L50|100/100
|-heal|p2a: Milotic|100/100|[from] ability: Hospitality|[of] p2b: Sinistcha
|move|p1a: Staraptor|Tailwind|p1a: Staraptor
|-sidestart|p1: Imreesithink|move: Tailwind
|move|p1b: Kingambit|Swords Dance|p1b: Kingambit
|-boost|p1b: Kingambit|atk|2
|move|p2a: Milotic|Ice Beam|p1a: Staraptor
|-supereffective|p1a: Staraptor|1
|-damage|p1a: Staraptor|0 fnt
|faint|p1a: Staraptor
|
|-damage|p1b: Kingambit|27/100 brn|[from] brn
|upkeep
|
|t:|1785911818
|switch|p1a: Arcanine|Arcanine-Hisui, L50, F, shiny|100/100
|turn|5
|inactive|25th_mang has 30 seconds left.
|inactive|25th_mang has 20 seconds left.
|inactive|25th_mang has 15 seconds left.
|inactive|25th_mang has 10 seconds left.
|
|t:|1785911865
|move|p1b: Kingambit|Protect|p1b: Kingambit
|-singleturn|p1b: Kingambit|Protect
|move|p2b: Sinistcha|Rage Powder|p2b: Sinistcha
|-singleturn|p2b: Sinistcha|move: Rage Powder
|move|p1a: Arcanine|Flare Blitz|p2b: Sinistcha
|-supereffective|p2b: Sinistcha|1
|-damage|p2b: Sinistcha|0 fnt
|faint|p2b: Sinistcha
|move|p2a: Milotic|Scald|p1b: Kingambit
|-activate|p1b: Kingambit|move: Protect
|
|-damage|p1b: Kingambit|21/100 brn|[from] brn
|upkeep
|
|t:|1785911879
|switch|p2b: Excadrill|Excadrill, L50, M|100/100
|turn|6
|inactive|Imreesithink has 30 seconds left.
|inactive|25th_mang has 30 seconds left.
|inactive|25th_mang has 20 seconds left.
|inactive|25th_mang has 15 seconds left.
|
|t:|1785911919
|move|p2b: Excadrill|Protect|p2b: Excadrill
|-singleturn|p2b: Excadrill|Protect
|move|p1a: Arcanine|Extreme Speed|p2b: Excadrill
|-activate|p2b: Excadrill|move: Protect
|move|p1b: Kingambit|Sucker Punch||[still]
|-fail|p1b: Kingambit
|move|p2a: Milotic|Scald|p1a: Arcanine
|-supereffective|p1a: Arcanine|2
|-enditem|p1a: Arcanine|Focus Sash
|-damage|p1a: Arcanine|1/100
|
|-damage|p1b: Kingambit|15/100 brn|[from] brn
|upkeep
|turn|7
|inactive|Imreesithink has 30 seconds left.
|inactive|25th_mang has 30 seconds left.
|inactive|Imreesithink has 20 seconds left.
|
|t:|1785911958
|move|p2b: Excadrill|Protect||[still]
|-fail|p2b: Excadrill
|move|p1a: Arcanine|Flare Blitz|p2b: Excadrill
|-supereffective|p2b: Excadrill|1
|-enditem|p2b: Excadrill|Focus Sash
|-damage|p2b: Excadrill|1/100
|move|p1b: Kingambit|Kowtow Cleave|p2a: Milotic
|-damage|p2a: Milotic|26/100
|-damage|p1b: Kingambit|5/100 brn|[from] item: Life Orb
|move|p2a: Milotic|Icy Wind|p1b: Kingambit|[spread] p1a,p1b
|-resisted|p1a: Arcanine|1
|-resisted|p1b: Kingambit|1
|-damage|p1a: Arcanine|0 fnt
|-damage|p1b: Kingambit|0 fnt
|faint|p1a: Arcanine
|faint|p1b: Kingambit
|
|-sideend|p1: Imreesithink|move: Tailwind
|upkeep
|
|t:|1785911968
|switch|p1b: Raichu|Raichu-Mega-Y, L50, F, shiny|53/100
|turn|8
|-message|Imreesithink forfeited.
|raw|Imreesithink's rating: 1283 → 1256(-27 for losing)
|raw|25th_mang's rating: 1250 → 1277(+27 for winning)
|
|win|25th_mang
|l|☆Imreesithink
|player|p1|
|l|☆25th_mang
|player|p2|
|j|☆25th_mang
|player|p2|25th_mang|ballguy|
|l|☆25th_mang
|player|p2|
|j|☆25th_mang
|player|p2|25th_mang|ballguy|
