|j|☆cocacolaindahhouse
|j|☆gianisking
|html|cocacolaindahhousegianisking    
|uhtml|bestof|Game 3 of a best-of-3
|t:|1756895226
|gametype|doubles
|player|p1|cocacolaindahhouse|170|1514
|player|p2|gianisking|bugcatcher-gen4dp|1451
|gen|9
|tier|[Gen 9] VGC 2025 Reg H (Bo3)
|rated|
|rule|Species Clause: Limit one of each Pokémon
|rule|Item Clause: Limit 1 of each item
|clearpoke
|poke|p1|Ursaluna, L50, M|
|poke|p1|Dragonite, L50, M|
|poke|p1|Archaludon, L50, M|
|poke|p1|Sinistcha, L50|
|poke|p1|Pelipper, L50, M|
|poke|p1|Gholdengo, L50|
|poke|p2|Archaludon, L50, M|
|poke|p2|Pelipper, L50, F|
|poke|p2|Ursaluna, L50, M|
|poke|p2|Amoonguss, L50, M|
|poke|p2|Incineroar, L50, M|
|poke|p2|Kommo-o, L50, F|
|teampreview|4
|showteam|p1|Ursaluna||FlameOrb|Guts|Facade,Protect,HeadlongRush,Earthquake|||M|||50|,,,,,Ghost]Dragonite||LoadedDice|Multiscale|ScaleShot,Protect,Haze,Tailwind|||M|||50|,,,,,Fairy]Archaludon||AssaultVest|Stamina|FlashCannon,BodyPress,ElectroShot,Snarl|||M|||50|,,,,,Fighting]Sinistcha||SitrusBerry|Hospitality|LifeDew,MatchaGotcha,TrickRoom,RagePowder||||||50|,,,,,Dark]Pelipper||FocusSash|Drizzle|Hurricane,Tailwind,MuddyWater,Protect|||M|||50|,,,,,Ghost]Gholdengo||ChoiceScarf|GoodasGold|MakeItRain,ShadowBall,Trick,TeraBlast||||||50|,,,,,Water
|showteam|p2|Archaludon||AssaultVest|Stamina|ElectroShot,BodyPress,FlashCannon,DragonPulse|||M|||50|,,,,,Bug]Pelipper||FocusSash|Drizzle|WeatherBall,Tailwind,Hurricane,Protect|||F|||50|,,,,,Ghost]Ursaluna||FlameOrb|Guts|Facade,HeadlongRush,Earthquake,Protect|||M|||50|,,,,,Ghost]Amoonguss||SitrusBerry|Regenerator|Spore,RagePowder,PollenPuff,Protect|||M|||50|,,,,,Water]Incineroar||SafetyGoggles|Intimidate|KnockOff,PartingShot,FakeOut,FlareBlitz|||M|||50|,,,,,Ghost]Kommo-o||ThroatSpray|Overcoat|Protect,ClangorousSoul,AuraSphere,ClangingScales|||F|||50|,,,,,Fairy
|
|t:|1756895276
|teamsize|p1|4
|teamsize|p2|4
|start
|switch|p1a: Ursaluna|Ursaluna, L50, M|100/100
|switch|p1b: Dragonite|Dragonite, L50, M|100/100
|switch|p2a: Incineroar|Incineroar, L50, M|100/100
|switch|p2b: Kommo-o|Kommo-o, L50, F|100/100
|-ability|p2a: Incineroar|Intimidate|boost
|-unboost|p1a: Ursaluna|atk|1
|-unboost|p1b: Dragonite|atk|1
|turn|1
|
|t:|1756895294
|move|p1b: Dragonite|Protect|p1b: Dragonite
|-singleturn|p1b: Dragonite|Protect
|move|p1a: Ursaluna|Protect|p1a: Ursaluna
|-singleturn|p1a: Ursaluna|Protect
|move|p2a: Incineroar|Fake Out|p1b: Dragonite
|-activate|p1b: Dragonite|move: Protect
|move|p2b: Kommo-o|Clangorous Soul|p2b: Kommo-o
|-boost|p2b: Kommo-o|atk|1
|-boost|p2b: Kommo-o|def|1
|-boost|p2b: Kommo-o|spa|1
|-boost|p2b: Kommo-o|spd|1
|-boost|p2b: Kommo-o|spe|1
|-damage|p2b: Kommo-o|68/100
|-enditem|p2b: Kommo-o|Throat Spray
|-boost|p2b: Kommo-o|spa|1|[from] item: Throat Spray
|
|-status|p1a: Ursaluna|brn|[from] item: Flame Orb
|upkeep
|turn|2
|
|t:|1756895342
|switch|p1a: Archaludon|Archaludon, L50, M|100/100
|-terastallize|p1b: Dragonite|Fairy
|-terastallize|p2a: Incineroar|Ghost
|move|p2b: Kommo-o|Clanging Scales|p1a: Archaludon|[spread] p1a
|-immune|p1b: Dragonite
|-damage|p1a: Archaludon|49/100
|-ability|p1a: Archaludon|Stamina|boost
|-boost|p1a: Archaludon|def|1
|-unboost|p2b: Kommo-o|def|1
|move|p1b: Dragonite|Haze|p1b: Dragonite
|-clearallboost
|move|p2a: Incineroar|Knock Off|p1a: Archaludon
|-damage|p1a: Archaludon|27/100
|-ability|p1a: Archaludon|Stamina|boost
|-boost|p1a: Archaludon|def|1
|-enditem|p1a: Archaludon|Assault Vest|[from] move: Knock Off|[of] p2a: Incineroar
|
|upkeep
|turn|3
|
|t:|1756895399
|move|p2b: Kommo-o|Protect|p2b: Kommo-o
|-singleturn|p2b: Kommo-o|Protect
|move|p1b: Dragonite|Scale Shot|p2a: Incineroar
|-damage|p2a: Incineroar|89/100
|-damage|p2a: Incineroar|77/100
|-damage|p2a: Incineroar|65/100
|-damage|p2a: Incineroar|53/100
|-hitcount|p2a: Incineroar|4
|-unboost|p1b: Dragonite|def|1
|-boost|p1b: Dragonite|spe|1
|move|p1a: Archaludon|Snarl|p2b: Kommo-o|[spread] p2a
|-activate|p2b: Kommo-o|move: Protect
|-supereffective|p2a: Incineroar
|-damage|p2a: Incineroar|30/100
|-unboost|p2a: Incineroar|spa|1
|move|p2a: Incineroar|Parting Shot|p1b: Dragonite
|-unboost|p1b: Dragonite|atk|1
|-unboost|p1b: Dragonite|spa|1
|
|t:|1756895406
|switch|p2a: Amoonguss|Amoonguss, L50, M|100/100|[from] Parting Shot
|
|upkeep
|turn|4
|
|t:|1756895447
|switch|p2b: Incineroar|Incineroar, L50, M, tera:Ghost|30/100
|-ability|p2b: Incineroar|Intimidate|boost
|-unboost|p1a: Archaludon|atk|1
|-unboost|p1b: Dragonite|atk|1
|switch|p1a: Gholdengo|Gholdengo, L50|100/100
|move|p1b: Dragonite|Protect|p1b: Dragonite
|-singleturn|p1b: Dragonite|Protect
|move|p2a: Amoonguss|Spore|p1a: Gholdengo
|-immune|p1a: Gholdengo|[from] ability: Good as Gold
|
|upkeep
|turn|5
|
|t:|1756895476
|switch|p2b: Archaludon|Archaludon, L50, M|100/100
|move|p1a: Gholdengo|Make It Rain|p2a: Amoonguss|[spread] p2a,p2b
|-resisted|p2b: Archaludon
|-damage|p2a: Amoonguss|53/100
|-damage|p2b: Archaludon|81/100
|-unboost|p1a: Gholdengo|spa|1
|-ability|p2b: Archaludon|Stamina|boost
|-boost|p2b: Archaludon|def|1
|move|p1b: Dragonite|Tailwind|p1b: Dragonite
|-sidestart|p1: cocacolaindahhouse|move: Tailwind
|move|p2a: Amoonguss|Pollen Puff|p2b: Archaludon
|-heal|p2b: Archaludon|100/100
|
|upkeep
|turn|6
|
|t:|1756895505
|switch|p1a: Ursaluna|Ursaluna, L50, M|100/100 brn
|move|p1b: Dragonite|Haze|p1b: Dragonite
|-clearallboost
|move|p2b: Archaludon|Flash Cannon|p1b: Dragonite
|-supereffective|p1b: Dragonite
|-damage|p1b: Dragonite|57/100
|move|p2a: Amoonguss|Pollen Puff|p2b: Archaludon
|
|-damage|p1a: Ursaluna|95/100 brn|[from] brn
|upkeep
|turn|7
|
|t:|1756895561
|move|p1b: Dragonite|Protect|p1b: Dragonite
|-singleturn|p1b: Dragonite|Protect
|move|p2a: Amoonguss|Rage Powder|p2a: Amoonguss
|-singleturn|p2a: Amoonguss|move: Rage Powder
|move|p1a: Ursaluna|Earthquake|p2a: Amoonguss|[spread] p2a,p2b
|-activate|p1b: Dragonite|move: Protect
|-supereffective|p2b: Archaludon
|-damage|p2a: Amoonguss|0 fnt
|-damage|p2b: Archaludon|5/100
|-ability|p2b: Archaludon|Stamina|boost
|-boost|p2b: Archaludon|def|1
|faint|p2a: Amoonguss
|move|p2b: Archaludon|Flash Cannon|p1b: Dragonite
|-activate|p1b: Dragonite|move: Protect
|
|-damage|p1a: Ursaluna|89/100 brn|[from] brn
|upkeep
|
|t:|1756895577
|switch|p2a: Kommo-o|Kommo-o, L50, F|68/100
|turn|8
|
|t:|1756895596
|switch|p2b: Incineroar|Incineroar, L50, M, tera:Ghost|30/100
|-ability|p2b: Incineroar|Intimidate|boost
|-unboost|p1a: Ursaluna|atk|1
|-unboost|p1b: Dragonite|atk|1
|move|p2a: Kommo-o|Protect|p2a: Kommo-o
|-singleturn|p2a: Kommo-o|Protect
|move|p1b: Dragonite|Scale Shot|p2b: Incineroar
|-damage|p2b: Incineroar|22/100
|-damage|p2b: Incineroar|14/100
|-damage|p2b: Incineroar|7/100
|-damage|p2b: Incineroar|0 fnt
|faint|p2b: Incineroar
|-hitcount|p2: Incineroar|4
|-unboost|p1b: Dragonite|def|1
|-boost|p1b: Dragonite|spe|1
|move|p1a: Ursaluna|Headlong Rush|p2a: Kommo-o
|-activate|p2a: Kommo-o|move: Protect
|
|-damage|p1a: Ursaluna|83/100 brn|[from] brn
|-sideend|p1: cocacolaindahhouse|move: Tailwind
|upkeep
|
|t:|1756895607
|switch|p2b: Archaludon|Archaludon, L50, M|5/100
|turn|9
|
|t:|1756895645
|move|p1b: Dragonite|Tailwind|p1b: Dragonite
|-sidestart|p1: cocacolaindahhouse|move: Tailwind
|move|p1a: Ursaluna|Headlong Rush|p2b: Archaludon
|-supereffective|p2b: Archaludon
|-damage|p2b: Archaludon|0 fnt
|-unboost|p1a: Ursaluna|def|1
|-unboost|p1a: Ursaluna|spd|1
|faint|p2b: Archaludon
|move|p2a: Kommo-o|Aura Sphere|p1a: Ursaluna
|-supereffective|p1a: Ursaluna
|-damage|p1a: Ursaluna|0 fnt
|faint|p1a: Ursaluna
|
|upkeep
|-message|gianisking forfeited.
|
|win|cocacolaindahhouse
|raw|cocacolaindahhouse's rating: 1514 → 1530(+16 for winning)
|raw|gianisking's rating: 1451 → 1435(-16 for losing)
|l|☆gianisking
|player|p2|
