|j|☆Awammy
|j|☆JoJoel&Jesus
|html|AwammyJoJoel&Jesus    
|uhtml|bestof|Game 1 of a best-of-3
|t:|1782568128
|gametype|doubles
|player|p1|Awammy|colress|1000
|player|p2|JoJoel&Jesus|roughneck-gen4|1007
|gen|9
|tier|[Gen 9 Champions] VGC 2026 Reg M-B (Bo3)
|rated|
|rule|Species Clause: Limit one of each Pokémon
|rule|Item Clause: Limit 1 of each item
|clearpoke
|poke|p1|Mawile, L50, F|
|poke|p1|Staraptor, L50, M|
|poke|p1|Torkoal, L50, F|
|poke|p1|Farigiraf, L50, M|
|poke|p1|Mudsdale, L50, M|
|poke|p1|Abomasnow, L50, M|
|poke|p2|Farigiraf, L50, M|
|poke|p2|Garchomp, L50, M|
|poke|p2|Grimmsnarl, L50, M|
|poke|p2|Gholdengo, L50|
|poke|p2|Kangaskhan, L50, F|
|poke|p2|Charizard, L50, F|
|teampreview|4
|showteam|p1|Mawile||Mawilite|Intimidate|PlayRough,RockSlide,SuckerPunch,Protect|Brave||F|||50|]Staraptor||ChoiceScarf|Intimidate|FinalGambit,BraveBird,CloseCombat,Uturn|Jolly||M|||50|]Torkoal||Charcoal|Drought|Eruption,WeatherBall,SolarBeam,Protect|Quiet||F|||50|]Farigiraf||SitrusBerry|ArmorTail|Psychic,Thunderbolt,TrickRoom,HelpingHand|Sassy||M|||50|]Mudsdale||LifeOrb|InnerFocus|HighHorsepower,RockSlide,HeavySlam,Protect|Brave||M|||50|]Abomasnow||Abomasite|SnowWarning|Blizzard,EnergyBall,EarthPower,Protect|Quiet||M|||50|
|showteam|p2|Farigiraf||Leftovers|ArmorTail|HelpingHand,Roar,TrickRoom,TwinBeam|Bold||M|||50|]Garchomp||SitrusBerry|RoughSkin|SwordsDance,Earthquake,DragonClaw,RockSlide|Adamant||M|||50|]Grimmsnarl||LightClay|Prankster|Reflect,LightScreen,PartingShot,SpiritBreak|Bold||M|||50|]Gholdengo||LifeOrb|GoodasGold|MakeItRain,ShadowBall,Thunderbolt,Protect|Modest|||||50|]Kangaskhan||SilkScarf|Scrappy|DoubleEdge,FakeOut,IcePunch,HammerArm|Adamant||F|||50|]Charizard||CharizarditeX|Blaze|BrutalSwing,FlareBlitz,BrickBreak,Protect|Brave||F|||50|
|inactive|Battle timer is ON: inactive players will automatically lose when time's up. (requested by JoJoel&Jesus)
|
|t:|1782568190
|teamsize|p1|4
|teamsize|p2|4
|start
|switch|p1a: Staraptor|Staraptor, L50, M|100/100
|switch|p1b: Farigiraf|Farigiraf, L50, M|100/100
|switch|p2a: Charizard|Charizard, L50, F|100/100
|switch|p2b: Guts|Farigiraf, L50, M|100/100
|-ability|p1a: Staraptor|Intimidate|boost
|-unboost|p2a: Charizard|atk|1
|-unboost|p2b: Guts|atk|1
|turn|1
|
|t:|1782568206
|detailschange|p2a: Charizard|Charizard-Mega-X, L50, F
|-mega|p2a: Charizard|Charizard|Charizardite X
|move|p1a: Staraptor|Final Gambit|p2b: Guts
|-damage|p2b: Guts|1/100
|faint|p1a: Staraptor
|move|p2a: Charizard|Flare Blitz|p1b: Farigiraf
|-damage|p1b: Farigiraf|50/100g
|-damage|p2a: Charizard|78/100|[from] Recoil
|move|p2b: Guts|Roar|p1b: Farigiraf
|drag|p1b: Mudsdale|Mudsdale, L50, M|100/100
|
|-heal|p2b: Guts|7/100|[from] item: Leftovers
|upkeep
|
|t:|1782568226
|switch|p1a: Farigiraf|Farigiraf, L50, M|50/100g
|turn|2
|
|t:|1782568248
|move|p2b: Guts|Helping Hand|p2a: Charizard
|-singleturn|p2a: Charizard|Helping Hand|[of] p2b: Guts
|move|p2a: Charizard|Flare Blitz|p1a: Farigiraf
|-crit|p1a: Farigiraf
|-damage|p1a: Farigiraf|0 fnt
|faint|p1a: Farigiraf
|-damage|p2a: Charizard|57/100|[from] Recoil
|move|p1b: Mudsdale|Rock Slide|p2a: Charizard|[spread] p2a,p2b
|-supereffective|p2a: Charizard|1
|-damage|p2a: Charizard|6/100
|-damage|p2b: Guts|0 fnt
|faint|p2b: Guts
|-damage|p1b: Mudsdale|90/100|[from] item: Life Orb
|
|upkeep
|
|t:|1782568260
|switch|p2b: Gonk|Grimmsnarl, L50, M|100/100
|switch|p1a: Mawile|Mawile, L50, F|100/100
|-ability|p1a: Mawile|Intimidate|boost
|-unboost|p2a: Charizard|atk|1
|-unboost|p2b: Gonk|atk|1
|turn|3
|inactive|Awammy has 30 seconds left.
|inactive|Awammy has 20 seconds left.
|
|t:|1782568295
|detailschange|p1a: Mawile|Mawile-Mega, L50, F
|-mega|p1a: Mawile|Mawile|Mawilite
|move|p2a: Charizard|Protect|p2a: Charizard
|-singleturn|p2a: Charizard|Protect
|move|p2b: Gonk|Parting Shot|p1a: Mawile
|-unboost|p1a: Mawile|atk|1
|-unboost|p1a: Mawile|spa|1
|
|t:|1782568302
|switch|p2b: Kangaskhan|Kangaskhan, L50, F|100/100|[from] Parting Shot
|move|p1a: Mawile|Rock Slide|p2a: Charizard|[spread] p2b
|-activate|p2a: Charizard|move: Protect
|-damage|p2b: Kangaskhan|74/100
|move|p1b: Mudsdale|High Horsepower|p2a: Charizard
|-activate|p2a: Charizard|move: Protect
|
|upkeep
|turn|4
|
|t:|1782568318
|switch|p2a: Gonk|Grimmsnarl, L50, M|100/100
|move|p1a: Mawile|Protect|p1a: Mawile
|-singleturn|p1a: Mawile|Protect
|move|p2b: Kangaskhan|Fake Out|p1a: Mawile
|-activate|p1a: Mawile|move: Protect
|move|p1b: Mudsdale|Rock Slide|p2b: Kangaskhan|[spread] p2a,p2b
|-damage|p2a: Gonk|75/100
|-damage|p2b: Kangaskhan|45/100
|-damage|p1b: Mudsdale|80/100|[from] item: Life Orb
|
|upkeep
|turn|5
|
|t:|1782568344
|move|p2a: Gonk|Parting Shot|p1a: Mawile
|-unboost|p1a: Mawile|atk|1
|-unboost|p1a: Mawile|spa|1
|
|t:|1782568346
|switch|p2a: Charizard|Charizard-Mega-X, L50, F|6/100|[from] Parting Shot
|move|p2b: Kangaskhan|Ice Punch|p1b: Mudsdale
|-supereffective|p1b: Mudsdale|1
|-damage|p1b: Mudsdale|41/100
|move|p1a: Mawile|Play Rough|p2a: Charizard
|-damage|p2a: Charizard|0 fnt
|faint|p2a: Charizard
|move|p1b: Mudsdale|High Horsepower|p2b: Kangaskhan
|-damage|p2b: Kangaskhan|0 fnt
|faint|p2b: Kangaskhan
|-damage|p1b: Mudsdale|31/100|[from] item: Life Orb
|
|upkeep
|-message|JoJoel&Jesus forfeited.
|
|win|Awammy
