|j|☆sturmkitten69
|j|☆Davixd2532
|html|sturmkitten69Davixd2532    
|uhtml|bestof|Game 1 of a best-of-3
|t:|1784705633
|gametype|doubles
|player|p1|sturmkitten69|fisherman-gen4|1155
|player|p2|Davixd2532|clemont|1122
|gen|9
|tier|[Gen 9 Champions] VGC 2026 Reg M-B (Bo3)
|rated|
|rule|Species Clause: Limit one of each Pokémon
|rule|Item Clause: Limit 1 of each item
|clearpoke
|poke|p1|Incineroar, L50, M, shiny|
|poke|p1|Rotom-Wash, L50, shiny|
|poke|p1|Delphox, L50, M|
|poke|p1|Altaria, L50, M|
|poke|p1|Sinistcha, L50|
|poke|p1|Chesnaught, L50, M, shiny|
|poke|p2|Basculegion, L50, M, shiny|
|poke|p2|Dragonite, L50, M, shiny|
|poke|p2|Gholdengo, L50|
|poke|p2|Pelipper, L50, M, shiny|
|poke|p2|Grimmsnarl, L50, M, shiny|
|poke|p2|Swampert, L50, M, shiny|
|teampreview|4
|showteam|p1|Incineroar||PasshoBerry|Intimidate|FakeOut,PartingShot,ThroatChop,FlareBlitz|Impish||M|||50|]Rotom-Wash||ChoiceScarf|Levitate|VoltSwitch,Electroweb,WillOWisp,HydroPump|Timid|||||50|]Delphox||Delphoxite|Blaze|HeatWave,CalmMind,Psychic,Protect|Timid||M|||50|]Altaria||RoseliBerry|CloudNine|Tailwind,Roost,WillOWisp,DragonPulse|Bold||M|||50|]Sinistcha||SitrusBerry|Hospitality|Protect,RagePowder,LifeDew,MatchaGotcha|Bold|||||50|]Chesnaught||Leftovers|Bulletproof|WideGuard,BodyPress,WoodHammer,SpikyShield|Impish||M|||50|
|showteam|p2|Basculegion||ChoiceScarf|Adaptability|WaveCrash,FlipTurn,LastRespects,AquaJet|Adamant||M|||50|]Dragonite||Dragoninite|Multiscale|DragonPulse,Protect,Hurricane,DracoMeteor|Modest||M|||50|]Gholdengo||LifeOrb|GoodasGold|NastyPlot,MakeItRain,ShadowBall,DazzlingGleam|Modest|||||50|]Pelipper||DampRock|Drizzle|Tailwind,Hurricane,HelpingHand,Protect|Quiet||M|||50|]Grimmsnarl||IronBall|Prankster|Trick,FakeOut,PartingShot,SpiritBreak|Adamant||M|||50|]Swampert||Swampertite|Torrent|WaveCrash,HighHorsepower,Protect,FlipTurn|Adamant||M|||50|
|inactive|Battle timer is ON: inactive players will automatically lose when time's up. (requested by sturmkitten69)
|inactive|sturmkitten69 has 60 seconds left.
|
|t:|1784705726
|teamsize|p1|4
|teamsize|p2|4
|start
|switch|p1a: Incineroar|Incineroar, L50, M, shiny|100/100
|switch|p1b: Delphox|Delphox, L50, M|100/100
|switch|p2a: Pelipper|Pelipper, L50, M, shiny|100/100
|switch|p2b: Grimmsnarl|Grimmsnarl, L50, M, shiny|100/100
|-ability|p1a: Incineroar|Intimidate|boost
|-unboost|p2a: Pelipper|atk|1
|-unboost|p2b: Grimmsnarl|atk|1
|-weather|RainDance|[from] ability: Drizzle|[of] p2a: Pelipper
|turn|1
|inactive|sturmkitten69 has 30 seconds left.
|
|t:|1784705756
|switch|p1a: Altaria|Altaria, L50, M|100/100
|-ability|p1a: Altaria|Cloud Nine
|detailschange|p1b: Delphox|Delphox-Mega, L50, M
|-mega|p1b: Delphox|Delphox|Delphoxite
|move|p2b: Grimmsnarl|Fake Out|p1b: Delphox
|-damage|p1b: Delphox|87/100
|cant|p1b: Delphox|flinch
|move|p2a: Pelipper|Tailwind|p2a: Pelipper
|-sidestart|p2: Davixd2532|move: Tailwind
|
|-weather|RainDance|[upkeep]
|upkeep
|turn|2
|inactive|Davixd2532 has 30 seconds left.
|inactive|Davixd2532 has 20 seconds left.
|inactive|Davixd2532 has 15 seconds left.
|inactive|Davixd2532 has 10 seconds left.
|inactive|Davixd2532 has 5 seconds left.
|
|t:|1784705809
|move|p1b: Delphox|Calm Mind|p1b: Delphox
|-boost|p1b: Delphox|spa|1
|-boost|p1b: Delphox|spd|1
|move|p2a: Pelipper|Hurricane|p1b: Delphox
|-damage|p1b: Delphox|64/100
|move|p1a: Altaria|Will-O-Wisp|p2b: Grimmsnarl
|-status|p2b: Grimmsnarl|brn
|move|p2b: Grimmsnarl|Spirit Break|p1b: Delphox
|-resisted|p1b: Delphox|1
|-damage|p1b: Delphox|56/100
|-unboost|p1b: Delphox|spa|1
|
|-weather|RainDance|[upkeep]
|-damage|p2b: Grimmsnarl|94/100 brn|[from] brn
|upkeep
|turn|3
|inactive|Davixd2532 has 30 seconds left.
|
|t:|1784705835
|move|p2b: Grimmsnarl|Parting Shot|p1b: Delphox
|-unboost|p1b: Delphox|atk|1
|-unboost|p1b: Delphox|spa|1
|
|t:|1784705837
|switch|p2b: Dragonite|Dragonite, L50, M, shiny|100/100|[from] Parting Shot
|move|p1b: Delphox|Psychic|p2a: Pelipper
|-damage|p2a: Pelipper|67/100
|move|p2a: Pelipper|Hurricane|p1a: Altaria
|-damage|p1a: Altaria|60/100
|move|p1a: Altaria|Tailwind|p1a: Altaria
|-sidestart|p1: sturmkitten69|move: Tailwind
|
|-weather|RainDance|[upkeep]
|upkeep
|turn|4
|inactive|sturmkitten69 has 30 seconds left.
|inactive|Davixd2532 has 30 seconds left.
|inactive|Davixd2532 has 20 seconds left.
|inactive|Davixd2532 has 15 seconds left.
|inactive|Davixd2532 has 10 seconds left.
|
|t:|1784705883
|detailschange|p2b: Dragonite|Dragonite-Mega, L50, M, shiny
|-mega|p2b: Dragonite|Dragonite|Dragoninite
|move|p1b: Delphox|Calm Mind|p1b: Delphox
|-boost|p1b: Delphox|spa|1
|-boost|p1b: Delphox|spd|1
|move|p2b: Dragonite|Dragon Pulse|p1a: Altaria
|-supereffective|p1a: Altaria|1
|-damage|p1a: Altaria|0 fnt
|faint|p1a: Altaria
|move|p2a: Pelipper|Hurricane|p1b: Delphox
|-damage|p1b: Delphox|36/100
|
|-weather|RainDance|[upkeep]
|-sideend|p2: Davixd2532|move: Tailwind
|upkeep
|
|t:|1784705897
|switch|p1a: Incineroar|Incineroar, L50, M, shiny|100/100
|-ability|p1a: Incineroar|Intimidate|boost
|-unboost|p2a: Pelipper|atk|1
|-unboost|p2b: Dragonite|atk|1
|turn|5
|
|t:|1784705911
|move|p2b: Dragonite|Protect|p2b: Dragonite
|-singleturn|p2b: Dragonite|Protect
|move|p1a: Incineroar|Fake Out|p2a: Pelipper
|-damage|p2a: Pelipper|55/100
|move|p1b: Delphox|Calm Mind|p1b: Delphox
|-boost|p1b: Delphox|spa|1
|-boost|p1b: Delphox|spd|1
|cant|p2a: Pelipper|flinch
|
|-weather|RainDance|[upkeep]
|upkeep
|turn|6
|
|t:|1784705934
|move|p1b: Delphox|Psychic|p2a: Pelipper
|-damage|p2a: Pelipper|0 fnt
|faint|p2a: Pelipper
|move|p1a: Incineroar|Parting Shot|p2b: Dragonite
|-unboost|p2b: Dragonite|atk|1
|-unboost|p2b: Dragonite|spa|1
|
|t:|1784705940
|switch|p1a: Chesnaught|Chesnaught, L50, M, shiny|100/100|[from] Parting Shot
|move|p2b: Dragonite|Hurricane|p1a: Chesnaught
|-supereffective|p1a: Chesnaught|2
|-damage|p1a: Chesnaught|0 fnt
|faint|p1a: Chesnaught
|
|-weather|RainDance|[upkeep]
|-sideend|p1: sturmkitten69|move: Tailwind
|upkeep
|
|t:|1784705954
|switch|p1a: Incineroar|Incineroar, L50, M, shiny|100/100
|switch|p2a: Basculegion|Basculegion, L50, M, shiny|100/100
|-ability|p1a: Incineroar|Intimidate|boost
|-unboost|p2a: Basculegion|atk|1
|-unboost|p2b: Dragonite|atk|1
|turn|7
|
|t:|1784705977
|move|p1b: Delphox|Protect|p1b: Delphox
|-singleturn|p1b: Delphox|Protect
|move|p2a: Basculegion|Wave Crash|p1b: Delphox
|-activate|p1b: Delphox|move: Protect
|move|p2b: Dragonite|Hurricane|p1a: Incineroar
|-damage|p1a: Incineroar|59/100
|move|p1a: Incineroar|Throat Chop|p2a: Basculegion
|-supereffective|p2a: Basculegion|1
|-damage|p2a: Basculegion|20/100y
|-start|p2a: Basculegion|Throat Chop|[silent]
|
|-weather|RainDance|[upkeep]
|upkeep
|turn|8
|inactive|sturmkitten69 has 30 seconds left.
|
|t:|1784706007
|move|p1b: Delphox|Psychic|p2a: Basculegion
|-damage|p2a: Basculegion|0 fnt
|faint|p2a: Basculegion
|move|p2b: Dragonite|Draco Meteor|p1a: Incineroar
|-damage|p1a: Incineroar|5/100
|-unboost|p2b: Dragonite|spa|2
|move|p1a: Incineroar|Parting Shot|p2b: Dragonite
|-unboost|p2b: Dragonite|atk|1
|-unboost|p2b: Dragonite|spa|1
|
|-weather|none
|upkeep
|
|t:|1784706013
|switch|p2a: Grimmsnarl|Grimmsnarl, L50, M, shiny|94/100 brn
|turn|9
|
|t:|1784706026
|move|p1b: Delphox|Protect|p1b: Delphox
|-singleturn|p1b: Delphox|Protect
|move|p2a: Grimmsnarl|Fake Out|p1a: Incineroar
|-damage|p1a: Incineroar|0 fnt
|faint|p1a: Incineroar
|move|p2b: Dragonite|Dragon Pulse|p1b: Delphox
|-activate|p1b: Delphox|move: Protect
|
|-damage|p2a: Grimmsnarl|88/100 brn|[from] brn
|upkeep
|turn|10
|
|t:|1784706049
|move|p2a: Grimmsnarl|Parting Shot|p1b: Delphox
|-unboost|p1b: Delphox|atk|1
|-unboost|p1b: Delphox|spa|1
|move|p1b: Delphox|Heat Wave|p2a: Grimmsnarl|[spread] p2a,p2b
|-resisted|p2b: Dragonite|1
|-damage|p2a: Grimmsnarl|45/100 brn
|-damage|p2b: Dragonite|93/100
|-status|p2b: Dragonite|brn
|move|p2b: Dragonite|Dragon Pulse|p1b: Delphox
|-damage|p1b: Delphox|28/100
|
|-damage|p2b: Dragonite|87/100 brn|[from] brn
|-damage|p2a: Grimmsnarl|39/100 brn|[from] brn
|upkeep
|turn|11
|
|t:|1784706062
|move|p2a: Grimmsnarl|Parting Shot|p1b: Delphox
|-unboost|p1b: Delphox|atk|1
|-unboost|p1b: Delphox|spa|1
|move|p1b: Delphox|Heat Wave|p2b: Dragonite|[spread] p2a,p2b
|-resisted|p2b: Dragonite|1
|-damage|p2a: Grimmsnarl|12/100 brn
|-damage|p2b: Dragonite|79/100 brn
|move|p2b: Dragonite|Dragon Pulse|p1b: Delphox
|-damage|p1b: Delphox|22/100
|
|-damage|p2b: Dragonite|73/100 brn|[from] brn
|-damage|p2a: Grimmsnarl|6/100 brn|[from] brn
|upkeep
|turn|12
|
|t:|1784706075
|move|p1b: Delphox|Protect|p1b: Delphox
|-singleturn|p1b: Delphox|Protect
|move|p2a: Grimmsnarl|Parting Shot|p1b: Delphox
|-activate|p1b: Delphox|move: Protect
|move|p2b: Dragonite|Dragon Pulse|p1b: Delphox
|-activate|p1b: Delphox|move: Protect
|
|-damage|p2b: Dragonite|67/100 brn|[from] brn
|-damage|p2a: Grimmsnarl|1/100 brn|[from] brn
|upkeep
|turn|13
|inactive|Davixd2532 has 30 seconds left.
|
|t:|1784706101
|move|p2a: Grimmsnarl|Parting Shot|p1b: Delphox
|-unboost|p1b: Delphox|atk|1
|-unboost|p1b: Delphox|spa|1
|move|p1b: Delphox|Psychic|p2b: Dragonite
|-damage|p2b: Dragonite|50/100g brn
|move|p2b: Dragonite|Dragon Pulse|p1b: Delphox
|-damage|p1b: Delphox|16/100
|
|-damage|p2b: Dragonite|44/100 brn|[from] brn
|-damage|p2a: Grimmsnarl|0 fnt|[from] brn
|faint|p2a: Grimmsnarl
|upkeep
|turn|14
|
|t:|1784706113
|move|p1b: Delphox|Calm Mind|p1b: Delphox
|-boost|p1b: Delphox|spa|1
|-boost|p1b: Delphox|spd|1
|move|p2b: Dragonite|Draco Meteor|p1b: Delphox
|-damage|p1b: Delphox|7/100
|-unboost|p2b: Dragonite|spa|2
|
|-damage|p2b: Dragonite|38/100 brn|[from] brn
|upkeep
|turn|15
|
|t:|1784706122
|move|p1b: Delphox|Protect|p1b: Delphox
|-singleturn|p1b: Delphox|Protect
|move|p2b: Dragonite|Draco Meteor|p1b: Delphox
|-activate|p1b: Delphox|move: Protect
|
|-damage|p2b: Dragonite|32/100 brn|[from] brn
|upkeep
|turn|16
|
|t:|1784706131
|move|p1b: Delphox|Calm Mind|p1b: Delphox
|-boost|p1b: Delphox|spa|1
|-boost|p1b: Delphox|spd|1
|move|p2b: Dragonite|Draco Meteor|p1b: Delphox
|-damage|p1b: Delphox|1/100
|
|-damage|p2b: Dragonite|26/100 brn|[from] brn
|upkeep
|turn|17
|
|t:|1784706145
|move|p1b: Delphox|Protect|p1b: Delphox
|-singleturn|p1b: Delphox|Protect
|move|p2b: Dragonite|Draco Meteor|p1b: Delphox
|-activate|p1b: Delphox|move: Protect
|
|-damage|p2b: Dragonite|20/100y brn|[from] brn
|upkeep
|turn|18
|
|t:|1784706153
|move|p1b: Delphox|Psychic|p2b: Dragonite
|-damage|p2b: Dragonite|0 fnt
|faint|p2b: Dragonite
|
|win|sturmkitten69
|l|☆Davixd2532
|player|p2|
