|j|☆lolgz
|j|☆foodieexe123
|html|lolgzfoodieexe123    
|uhtml|bestof|Game 1 of a best-of-3
|t:|1782527345
|gametype|doubles
|player|p1|lolgz|dawn|1136
|player|p2|foodieexe123|miku-fairy|1060
|gen|9
|tier|[Gen 9 Champions] VGC 2026 Reg M-B (Bo3)
|rated|
|rule|Species Clause: Limit one of each Pokémon
|rule|Item Clause: Limit 1 of each item
|clearpoke
|poke|p1|Torkoal, L50, F|
|poke|p1|Vileplume, L50, M|
|poke|p1|Farigiraf, L50, M|
|poke|p1|Scrafty, L50, M|
|poke|p1|Gallade, L50, M|
|poke|p1|Mawile, L50, M|
|poke|p2|Swampert, L50, M|
|poke|p2|Pelipper, L50, F|
|poke|p2|Archaludon, L50, M|
|poke|p2|Incineroar, L50, M, shiny|
|poke|p2|Scolipede, L50, M|
|poke|p2|Sinistcha, L50, shiny|
|teampreview|4
|showteam|p1|Torkoal||Charcoal|Drought|Eruption,WeatherBall,EarthPower,Protect|Quiet||F|||50|]Vileplume||FocusSash|Chlorophyll|EnergyBall,SludgeBomb,SleepPowder,AfterYou|Timid||M|||50|]Farigiraf||SitrusBerry|ArmorTail|TrickRoom,Thunderbolt,Psychic,HelpingHand|Relaxed||M|||50|]Scrafty||Scraftinite|Intimidate|FakeOut,CloseCombat,KnockOff,RockTomb|Brave||M|||50|]Gallade||IronBall|Sharpness|SacredSword,PsychoCut,WideGuard,TrickRoom|Brave||M|||50|]Mawile||Mawilite|HyperCutter|SuckerPunch,PlayRough,SwordsDance,Protect|Brave||M|||50|
|showteam|p2|Swampert||Swampertite|Damp|WaveCrash,Earthquake,PoisonJab,Protect|Adamant||M|||50|]Pelipper||FocusSash|Drizzle|Hurricane,Tailwind,WeatherBall,Protect|Timid||F|||50|]Archaludon||Leftovers|Stalwart|ElectroShot,DracoMeteor,FlashCannon,Protect|Modest||M|||50|]Incineroar||ChopleBerry|Intimidate|PartingShot,FakeOut,DarkestLariat,FlareBlitz|Relaxed||M|||50|]Scolipede||Scolipite|SpeedBoost|PoisonJab,LeechLife,SwordsDance,Protect|Adamant||M|||50|]Sinistcha||ColburBerry|Hospitality|Protect,LifeDew,RagePowder,MatchaGotcha|Sassy|||||50|
|inactive|Battle timer is ON: inactive players will automatically lose when time's up. (requested by lolgz)
|inactive|foodieexe123 has 60 seconds left.
|
|t:|1782527382
|teamsize|p1|4
|teamsize|p2|4
|start
|switch|p1a: Farigiraf|Farigiraf, L50, M|100/100
|switch|p1b: Scrafty|Scrafty, L50, M|100/100
|switch|p2a: Candy cane|Incineroar, L50, M, shiny|100/100
|switch|p2b: 🌉|Archaludon, L50, M|100/100
|-ability|p2a: Candy cane|Intimidate|boost
|-unboost|p1a: Farigiraf|atk|1
|-unboost|p1b: Scrafty|atk|1
|-ability|p1b: Scrafty|Intimidate|boost
|-unboost|p2a: Candy cane|atk|1
|-unboost|p2b: 🌉|atk|1
|turn|1
|inactive|foodieexe123 has 30 seconds left.
|
|t:|1782527413
|switch|p1b: Gallade|Gallade, L50, M|100/100
|move|p2b: 🌉|Draco Meteor|p1b: Gallade
|-damage|p1b: Gallade|38/100
|-unboost|p2b: 🌉|spa|2
|move|p2a: Candy cane|Parting Shot|p1b: Gallade
|-unboost|p1b: Gallade|atk|1
|-unboost|p1b: Gallade|spa|1
|
|t:|1782527424
|switch|p2a: Macho man|Swampert, L50, M|100/100|[from] Parting Shot
|move|p1a: Farigiraf|Trick Room|p1a: Farigiraf
|-fieldstart|move: Trick Room|[of] p1a: Farigiraf
|
|upkeep
|turn|2
|
|t:|1782527444
|switch|p2b: Candy cane|Incineroar, L50, M, shiny|100/100
|-ability|p2b: Candy cane|Intimidate|boost
|-unboost|p1a: Farigiraf|atk|1
|-unboost|p1b: Gallade|atk|1
|detailschange|p2a: Macho man|Swampert-Mega, L50, M
|-mega|p2a: Macho man|Swampert|Swampertite
|move|p1b: Gallade|Sacred Sword|p2a: Macho man
|-damage|p2a: Macho man|69/100
|move|p1a: Farigiraf|Psychic|p2a: Macho man
|-damage|p2a: Macho man|41/100
|move|p2a: Macho man|Wave Crash|p1a: Farigiraf
|-damage|p1a: Farigiraf|37/100
|-enditem|p1a: Farigiraf|Sitrus Berry|[eat]
|-heal|p1a: Farigiraf|62/100|[from] item: Sitrus Berry
|-damage|p2a: Macho man|16/100|[from] Recoil
|
|upkeep
|turn|3
|
|t:|1782527465
|switch|p1b: Scrafty|Scrafty, L50, M|100/100
|-ability|p1b: Scrafty|Intimidate|boost
|-unboost|p2a: Macho man|atk|1
|-unboost|p2b: Candy cane|atk|1
|move|p2a: Macho man|Protect|p2a: Macho man
|-singleturn|p2a: Macho man|Protect
|move|p1a: Farigiraf|Psychic|p2a: Macho man
|-activate|p2a: Macho man|move: Protect
|move|p2b: Candy cane|Darkest Lariat|p1a: Farigiraf
|-supereffective|p1a: Farigiraf|1
|-damage|p1a: Farigiraf|25/100
|
|upkeep
|turn|4
|
|t:|1782527478
|switch|p2a: 🌉|Archaludon, L50, M|100/100
|detailschange|p1b: Scrafty|Scrafty-Mega, L50, M
|-mega|p1b: Scrafty|Scrafty|Scraftinite
|-ability|p1b: Scrafty|Intimidate|boost
|-unboost|p2a: 🌉|atk|1
|-unboost|p2b: Candy cane|atk|1
|move|p1b: Scrafty|Fake Out|p2b: Candy cane
|-damage|p2b: Candy cane|87/100
|cant|p2b: Candy cane|flinch
|move|p1a: Farigiraf|Psychic|p2a: 🌉
|-resisted|p2a: 🌉|1
|-damage|p2a: 🌉|75/100
|
|-heal|p2a: 🌉|81/100|[from] item: Leftovers
|upkeep
|turn|5
|
|t:|1782527493
|switch|p2b: Pelipper toilet|Pelipper, L50, F|100/100
|-weather|RainDance|[from] ability: Drizzle|[of] p2b: Pelipper toilet
|move|p1a: Farigiraf|Helping Hand|p1b: Scrafty
|-singleturn|p1b: Scrafty|Helping Hand|[of] p1a: Farigiraf
|move|p1b: Scrafty|Close Combat|p2b: Pelipper toilet
|-resisted|p2b: Pelipper toilet|1
|-damage|p2b: Pelipper toilet|34/100
|-unboost|p1b: Scrafty|def|1
|-unboost|p1b: Scrafty|spd|1
|move|p2a: 🌉|Electro Shot||[still]
|-prepare|p2a: 🌉|Electro Shot
|-boost|p2a: 🌉|spa|1
|-anim|p2a: 🌉|Electro Shot|p1a: Farigiraf
|-damage|p1a: Farigiraf|0 fnt
|faint|p1a: Farigiraf
|
|-weather|RainDance|[upkeep]
|-heal|p2a: 🌉|87/100|[from] item: Leftovers
|-fieldend|move: Trick Room
|upkeep
|
|t:|1782527496
|switch|p1a: Torkoal|Torkoal, L50, F|100/100
|-weather|SunnyDay|[from] ability: Drought|[of] p1a: Torkoal
|turn|6
|
|t:|1782527519
|switch|p2b: Candy cane|Incineroar, L50, M, shiny|87/100
|-ability|p2b: Candy cane|Intimidate|boost
|-unboost|p1a: Torkoal|atk|1
|-unboost|p1b: Scrafty|atk|1
|switch|p1b: Gallade|Gallade, L50, M|38/100
|move|p2a: 🌉|Protect|p2a: 🌉
|-singleturn|p2a: 🌉|Protect
|move|p1a: Torkoal|Earth Power|p2b: Candy cane
|-supereffective|p2b: Candy cane|1
|-damage|p2b: Candy cane|44/100
|
|-weather|SunnyDay|[upkeep]
|-heal|p2a: 🌉|93/100|[from] item: Leftovers
|upkeep
|turn|7
|inactive|foodieexe123 has 30 seconds left.
|
|t:|1782527554
|switch|p2b: Pelipper toilet|Pelipper, L50, F|34/100
|-weather|RainDance|[from] ability: Drizzle|[of] p2b: Pelipper toilet
|move|p2a: 🌉|Electro Shot||[still]
|-prepare|p2a: 🌉|Electro Shot
|-boost|p2a: 🌉|spa|1
|-anim|p2a: 🌉|Electro Shot|p1b: Gallade
|-damage|p1b: Gallade|0 fnt
|faint|p1b: Gallade
|move|p1a: Torkoal|Earth Power|p2b: Pelipper toilet
|-immune|p2b: Pelipper toilet
|
|-weather|RainDance|[upkeep]
|-heal|p2a: 🌉|98/100|[from] item: Leftovers
|upkeep
|
|t:|1782527557
|switch|p1b: Scrafty|Scrafty-Mega, L50, M|100/100
|-ability|p1b: Scrafty|Intimidate|boost
|-unboost|p2a: 🌉|atk|1
|-unboost|p2b: Pelipper toilet|atk|1
|turn|8
|-message|lolgz forfeited.
|
|win|foodieexe123
