|j|☆WASHINGTONGARGACHA
|j|☆Light 1503
|html|WASHINGTONGARGACHALight 1503    
|uhtml|bestof|Game 1 of a best-of-3
|t:|1756422348
|gametype|doubles
|player|p1|WASHINGTONGARGACHA|265|1000
|player|p2|Light 1503|1|1000
|gen|9
|tier|[Gen 9] VGC 2025 Reg H (Bo3)
|rated|
|rule|Species Clause: Limit one of each Pokémon
|rule|Item Clause: Limit 1 of each item
|clearpoke
|poke|p1|Farigiraf, L50, M|
|poke|p1|Incineroar, L50, F|
|poke|p1|Rillaboom, L50, F|
|poke|p1|Gholdengo, L50|
|poke|p1|Blaziken, L50, M|
|poke|p1|Sneasler, L50, M|
|poke|p2|Archaludon, L50, M|
|poke|p2|Pelipper, L50, M|
|poke|p2|Salamence, L50, F|
|poke|p2|Farigiraf, L50, F|
|poke|p2|Ursaluna-Bloodmoon, L50, M|
|poke|p2|Amoonguss, L50, F|
|teampreview|4
|showteam|p1|Farigiraf||ThroatSpray|ArmorTail|HyperVoice,Psychic,TrickRoom,Protect|||M|||50|,,,,,Fairy]Incineroar||SafetyGoggles|Intimidate|FlareBlitz,FakeOut,KnockOff,PartingShot|||F|||50|,,,,,Ghost]Rillaboom||AssaultVest|GrassySurge|FakeOut,GrassyGlide,Uturn,WoodHammer|||F|||50|,,,,,Fire]Gholdengo||SitrusBerry|GoodasGold|MakeItRain,NastyPlot,ShadowBall,Protect||||||50|,,,,,Water]Blaziken||FocusSash|SpeedBoost|CloseCombat,FlareBlitz,Protect,SwordsDance|||M|||50|,,,,,Stellar]Sneasler||GrassySeed|Unburden|DireClaw,CloseCombat,Protect,ThroatChop|||M|||50|,,,,,Stellar
|showteam|p2|Archaludon||AssaultVest|Stamina|BodyPress,DracoMeteor,ElectroShot,FlashCannon|||M|||50|,,,,,Steel]Pelipper||FocusSash|Drizzle|WideGuard,Hurricane,WeatherBall,Protect|||M|||50|,,,,,Ghost]Salamence||ChoiceScarf|Intimidate|DracoMeteor,Hurricane,AirSlash,Tailwind|||F|||50|,,,,,Flying]Farigiraf||Leftovers|ArmorTail|TrickRoom,AllySwitch,HyperVoice,Psyshock|||F|||50|,,,,,Normal]Ursaluna-Bloodmoon||LifeOrb|MindsEye|EarthPower,HyperVoice,BloodMoon,Protect|||M|||50|,,,,,Ghost]Amoonguss||SitrusBerry|Regenerator|Spore,RagePowder,PollenPuff,Protect|||F|||50|,,,,,Fairy
|inactive|Battle timer is ON: inactive players will automatically lose when time's up. (requested by Light 1503)
|
|t:|1756422378
|teamsize|p1|4
|teamsize|p2|4
|start
|switch|p1a: Rillaboom|Rillaboom, L50, F|100/100
|switch|p1b: Blaziken|Blaziken, L50, M|100/100
|switch|p2a: Pelipper|Pelipper, L50, M|100/100
|switch|p2b: Farigiraf|Farigiraf, L50, F|100/100
|-fieldstart|move: Grassy Terrain|[from] ability: Grassy Surge|[of] p1a: Rillaboom
|-weather|RainDance|[from] ability: Drizzle|[of] p2a: Pelipper
|turn|1
|inactive|WASHINGTONGARGACHA has 30 seconds left.
|
|t:|1756422410
|move|p1b: Blaziken|Protect|p1b: Blaziken
|-singleturn|p1b: Blaziken|Protect
|move|p2a: Pelipper|Protect|p2a: Pelipper
|-singleturn|p2a: Pelipper|Protect
|move|p1a: Rillaboom|U-turn|p2b: Farigiraf
|-supereffective|p2b: Farigiraf
|-damage|p2b: Farigiraf|55/100
|
|t:|1756422417
|switch|p1a: Incineroar|Incineroar, L50, F|100/100|[from] U-turn
|-ability|p1a: Incineroar|Intimidate|boost
|-unboost|p2a: Pelipper|atk|1
|-unboost|p2b: Farigiraf|atk|1
|move|p2b: Farigiraf|Trick Room|p2b: Farigiraf
|-fieldstart|move: Trick Room|[of] p2b: Farigiraf
|
|-weather|RainDance|[upkeep]
|-heal|p2b: Farigiraf|61/100|[from] Grassy Terrain
|-heal|p2b: Farigiraf|67/100|[from] item: Leftovers
|-ability|p1b: Blaziken|Speed Boost|boost
|-boost|p1b: Blaziken|spe|1
|upkeep
|turn|2
|
|t:|1756422439
|switch|p2b: Ursaluna|Ursaluna-Bloodmoon, L50, M|100/100
|switch|p1b: Rillaboom|Rillaboom, L50, F|100/100
|move|p1a: Incineroar|Knock Off|p2b: Ursaluna
|-damage|p2b: Ursaluna|66/100
|-enditem|p2b: Ursaluna|Life Orb|[from] move: Knock Off|[of] p1a: Incineroar
|move|p2a: Pelipper|Weather Ball|p1b: Rillaboom
|-resisted|p1b: Rillaboom
|-damage|p1b: Rillaboom|67/100
|
|-weather|RainDance|[upkeep]
|-heal|p2b: Ursaluna|72/100|[from] Grassy Terrain
|-heal|p1b: Rillaboom|72/100|[from] Grassy Terrain
|upkeep
|turn|3
|
|t:|1756422460
|switch|p2b: Farigiraf|Farigiraf, L50, F|67/100
|move|p1a: Incineroar|Parting Shot|p2b: Farigiraf
|-unboost|p2b: Farigiraf|atk|1
|-unboost|p2b: Farigiraf|spa|1
|
|t:|1756422465
|switch|p1a: Sneasler|Sneasler, L50, M|100/100|[from] Parting Shot
|-enditem|p1a: Sneasler|Grassy Seed
|-boost|p1a: Sneasler|def|1|[from] item: Grassy Seed
|move|p2a: Pelipper|Weather Ball|p1a: Sneasler
|-crit|p1a: Sneasler
|-damage|p1a: Sneasler|0 fnt
|faint|p1a: Sneasler
|move|p1b: Rillaboom|Wood Hammer|p2b: Farigiraf
|-damage|p2b: Farigiraf|0 fnt
|faint|p2b: Farigiraf
|-damage|p1b: Rillaboom|44/100|[from] Recoil
|
|-weather|RainDance|[upkeep]
|-heal|p1b: Rillaboom|50/100|[from] Grassy Terrain
|upkeep
|
|t:|1756422488
|switch|p2b: Archaludon|Archaludon, L50, M|100/100
|switch|p1a: Incineroar|Incineroar, L50, F|100/100
|-ability|p1a: Incineroar|Intimidate|boost
|-unboost|p2a: Pelipper|atk|1
|-unboost|p2b: Archaludon|atk|1
|turn|4
|
|t:|1756422500
|move|p1a: Incineroar|Fake Out|p2a: Pelipper
|-damage|p2a: Pelipper|80/100
|move|p2b: Archaludon|Electro Shot||[still]
|-prepare|p2b: Archaludon|Electro Shot
|-boost|p2b: Archaludon|spa|1
|-anim|p2b: Archaludon|Electro Shot|p1a: Incineroar
|-damage|p1a: Incineroar|31/100
|cant|p2a: Pelipper|flinch
|move|p1b: Rillaboom|Wood Hammer|p2a: Pelipper
|-damage|p2a: Pelipper|0 fnt
|faint|p2a: Pelipper
|-damage|p1b: Rillaboom|29/100|[from] Recoil
|
|-weather|RainDance|[upkeep]
|-heal|p1a: Incineroar|37/100|[from] Grassy Terrain
|-heal|p1b: Rillaboom|35/100|[from] Grassy Terrain
|upkeep
|
|t:|1756422512
|switch|p2a: Ursaluna|Ursaluna-Bloodmoon, L50, M|72/100
|turn|5
|inactive|WASHINGTONGARGACHA has 30 seconds left.
|inactive|WASHINGTONGARGACHA has 20 seconds left.
|
|t:|1756422547
|-terastallize|p2a: Ursaluna|Ghost
|move|p1b: Rillaboom|Grassy Glide|p2a: Ursaluna
|-damage|p2a: Ursaluna|45/100
|move|p2a: Ursaluna|Hyper Voice|p1b: Rillaboom|[spread] p1a,p1b
|-damage|p1a: Incineroar|0 fnt
|-damage|p1b: Rillaboom|0 fnt
|faint|p1a: Incineroar
|faint|p1b: Rillaboom
|move|p2b: Archaludon|Electro Shot||[still]
|-prepare|p2b: Archaludon|Electro Shot
|-boost|p2b: Archaludon|spa|1
|-anim|p2b: Archaludon|Electro Shot|p1: Incineroar|[notarget]
|-fail|p2b: Archaludon
|
|-weather|none
|-heal|p2a: Ursaluna|51/100|[from] Grassy Terrain
|-fieldend|move: Trick Room
|-fieldend|move: Grassy Terrain
|upkeep
|
|t:|1756422561
|switch|p1b: Blaziken|Blaziken, L50, M|100/100
|turn|6
|
|t:|1756422572
|-terastallize|p1b: Blaziken|Stellar
|move|p1b: Blaziken|Flare Blitz|p2b: Archaludon
|-damage|p2b: Archaludon|44/100
|-ability|p2b: Archaludon|Stamina|boost
|-boost|p2b: Archaludon|def|1
|-damage|p1b: Blaziken|80/100|[from] Recoil
|move|p2b: Archaludon|Body Press|p1b: Blaziken
|-crit|p1b: Blaziken
|-damage|p1b: Blaziken|0 fnt
|faint|p1b: Blaziken
|
|win|Light 1503
