|j|☆dawnenen
|j|☆Schmixed_007
|html|dawnenenSchmixed_007    
|uhtml|bestof|Game 1 of a best-of-3
|t:|1784841882
|gametype|doubles
|player|p1|dawnenen|galacticgruntf|1135
|player|p2|Schmixed_007|169|1248
|gen|9
|tier|[Gen 9 Champions] VGC 2026 Reg M-B (Bo3)
|rated|
|rule|Species Clause: Limit one of each Pokémon
|rule|Item Clause: Limit 1 of each item
|clearpoke
|poke|p1|Venusaur, L50, M|
|poke|p1|Charizard, L50, M|
|poke|p1|Grimmsnarl, L50, M|
|poke|p1|Archaludon, L50, F|
|poke|p1|Basculegion, L50, M|
|poke|p1|Pelipper, L50, F|
|poke|p2|Raichu, L50, M|
|poke|p2|Ceruledge, L50, F|
|poke|p2|Kingambit, L50, M|
|poke|p2|Mamoswine, L50, M|
|poke|p2|Sinistcha-Masterpiece, L50|
|poke|p2|Sylveon, L50, F|
|teampreview|4
|showteam|p1|Venusaur||FocusSash|Chlorophyll|SludgeBomb,EarthPower,SleepPowder,Protect|Modest||M|||50|]Charizard||CharizarditeY|Blaze|Protect,HeatWave,SolarBeam,WeatherBall|Modest||M|||50|]Grimmsnarl||LightClay|Prankster|SpiritBreak,LightScreen,Reflect,PartingShot|Sassy||M|||50|]Archaludon||Leftovers|Stamina|ElectroShot,DragonPulse,FlashCannon,Protect|Calm||F|||50|]Basculegion||ChoiceScarf|Adaptability|WaveCrash,LastRespects,AquaJet,FlipTurn|Jolly||M|||50|]Pelipper||SitrusBerry|Drizzle|Hurricane,WeatherBall,Tailwind,WideGuard|Modest||F|||50|
|showteam|p2|Raichu||RaichuniteY|LightningRod|FakeOut,ZapCannon,FocusBlast,Protect|Timid||M|||50|]Ceruledge||ColburBerry|FlashFire|BulkUp,ShadowSneak,BitterBlade,Protect|Adamant||F|||50|]Kingambit||FocusSash|Defiant|IronHead,KowtowCleave,SuckerPunch,LowKick|Adamant||M|||50|]Mamoswine||LifeOrb|Oblivious|IceShard,IcicleCrash,HighHorsepower,Protect|Jolly||M|||50|]Sinistcha-Masterpiece||SitrusBerry|Hospitality|RagePowder,MatchaGotcha,TrickRoom,Protect|Sassy|||||50|]Sylveon||FairyFeather|Pixilate|HyperVoice,Yawn,QuickAttack,Protect|Modest||F|||50|
|inactive|Battle timer is ON: inactive players will automatically lose when time's up. (requested by dawnenen)
|inactive|dawnenen has 60 seconds left.
|inactive|Schmixed_007 has 60 seconds left.
|
|t:|1784841927
|teamsize|p1|4
|teamsize|p2|4
|start
|switch|p1a: Basculegion|Basculegion, L50, M|100/100
|switch|p1b: Archaludon|Archaludon, L50, F|100/100
|switch|p2a: Ceruledge|Ceruledge, L50, F|100/100
|switch|p2b: Kingambit|Kingambit, L50, M|100/100
|turn|1
|inactive|dawnenen has 30 seconds left.
|inactive|Schmixed_007 has 30 seconds left.
|
|t:|1784841964
|move|p2b: Kingambit|Sucker Punch|p1a: Basculegion
|-supereffective|p1a: Basculegion|1
|-damage|p1a: Basculegion|9/100
|move|p1a: Basculegion|Flip Turn|p2b: Kingambit
|-damage|p2b: Kingambit|69/100
|
|t:|1784841971
|switch|p1a: Pelipper|Pelipper, L50, F|100/100|[from] Flip Turn
|-weather|RainDance|[from] ability: Drizzle|[of] p1a: Pelipper
|move|p1b: Archaludon|Electro Shot||[still]
|-prepare|p1b: Archaludon|Electro Shot
|-boost|p1b: Archaludon|spa|1
|-anim|p1b: Archaludon|Electro Shot|p2a: Ceruledge
|-damage|p2a: Ceruledge|47/100
|move|p2a: Ceruledge|Bulk Up|p2a: Ceruledge
|-boost|p2a: Ceruledge|atk|1
|-boost|p2a: Ceruledge|def|1
|
|-weather|RainDance|[upkeep]
|upkeep
|turn|2
|inactive|dawnenen has 30 seconds left.
|
|t:|1784841996
|switch|p2b: Sylveon|Sylveon, L50, F|100/100
|move|p2a: Ceruledge|Shadow Sneak|p1a: Pelipper
|-damage|p1a: Pelipper|65/100
|move|p1b: Archaludon|Electro Shot||[still]
|-prepare|p1b: Archaludon|Electro Shot
|-boost|p1b: Archaludon|spa|1
|-anim|p1b: Archaludon|Electro Shot|p2a: Ceruledge
|-damage|p2a: Ceruledge|0 fnt
|faint|p2a: Ceruledge
|move|p1a: Pelipper|Tailwind|p1a: Pelipper
|-sidestart|p1: dawnenen|move: Tailwind
|
|-weather|RainDance|[upkeep]
|upkeep
|
|t:|1784842003
|switch|p2a: Raichu|Raichu, L50, M|100/100
|turn|3
|inactive|dawnenen has 30 seconds left.
|
|t:|1784842028
|switch|p1a: Charizard|Charizard, L50, M|100/100
|detailschange|p2a: Raichu|Raichu-Mega-Y, L50, M
|-mega|p2a: Raichu|Raichu|Raichunite Y
|move|p1b: Archaludon|Protect|p1b: Archaludon
|-singleturn|p1b: Archaludon|Protect
|move|p2a: Raichu|Fake Out|p1b: Archaludon
|-activate|p1b: Archaludon|move: Protect
|move|p2b: Sylveon|Hyper Voice|p1a: Charizard|[spread] p1a
|-activate|p1b: Archaludon|move: Protect
|-resisted|p1a: Charizard|1
|-damage|p1a: Charizard|75/100
|
|-weather|RainDance|[upkeep]
|upkeep
|turn|4
|inactive|dawnenen has 30 seconds left.
|
|t:|1784842054
|switch|p2a: Kingambit|Kingambit, L50, M|69/100
|move|p2b: Sylveon|Protect|p2b: Sylveon
|-singleturn|p2b: Sylveon|Protect
|move|p1a: Charizard|Weather Ball|p2a: Kingambit
|-damage|p2a: Kingambit|22/100
|move|p1b: Archaludon|Electro Shot||[still]
|-prepare|p1b: Archaludon|Electro Shot
|-boost|p1b: Archaludon|spa|1
|-anim|p1b: Archaludon|Electro Shot|p2b: Sylveon
|-activate|p2b: Sylveon|move: Protect
|
|-weather|RainDance|[upkeep]
|upkeep
|turn|5
|inactive|dawnenen has 30 seconds left.
|
|t:|1784842081
|detailschange|p1a: Charizard|Charizard-Mega-Y, L50, M
|-mega|p1a: Charizard|Charizard|Charizardite Y
|-weather|SunnyDay|[from] ability: Drought|[of] p1a: Charizard
|move|p2a: Kingambit|Sucker Punch|p1b: Archaludon
|-crit|p1b: Archaludon
|-damage|p1b: Archaludon|58/100
|-ability|p1b: Archaludon|Stamina|boost
|-boost|p1b: Archaludon|def|1
|move|p1a: Charizard|Heat Wave|p2a: Kingambit|[spread] p2a,p2b
|-supereffective|p2a: Kingambit|1
|-damage|p2a: Kingambit|0 fnt
|-damage|p2b: Sylveon|50/100g
|-status|p2b: Sylveon|brn
|faint|p2a: Kingambit
|move|p1b: Archaludon|Flash Cannon|p2b: Sylveon
|-supereffective|p2b: Sylveon|1
|-damage|p2b: Sylveon|0 fnt
|faint|p2b: Sylveon
|
|-weather|SunnyDay|[upkeep]
|-heal|p1b: Archaludon|64/100|[from] item: Leftovers
|-sideend|p1: dawnenen|move: Tailwind
|upkeep
|-message|Schmixed_007 forfeited.
|
|win|dawnenen
|l|☆Schmixed_007
|player|p2|
||Schmixed_007 is ready for game 2.
|inactive|dawnenen has 30 seconds to confirm battle start!
||dawnenen is ready for game 2.
|uhtml|next|Next: Game 2 of 3
