|j|☆buf0722shito
|j|☆mackerjuan
|html|buf0722shitomackerjuan    
|uhtml|bestof|Game 3 of a best-of-3
|t:|1756298407
|gametype|doubles
|player|p1|buf0722shito|266|1209
|player|p2|mackerjuan|266|1242
|gen|9
|tier|[Gen 9] VGC 2025 Reg H (Bo3)
|rated|
|rule|Species Clause: Limit one of each Pokémon
|rule|Item Clause: Limit 1 of each item
|clearpoke
|poke|p1|Talonflame, L50, M|
|poke|p1|Glimmora, L50, F|
|poke|p1|Dondozo, L50, F|
|poke|p1|Tatsugiri-Droopy, L50, M|
|poke|p1|Dragonite, L50, F|
|poke|p1|Gholdengo, L50|
|poke|p2|Incineroar, L50, M|
|poke|p2|Gholdengo, L50|
|poke|p2|Porygon2, L50|
|poke|p2|Ursaluna, L50, M|
|poke|p2|Amoonguss, L50, M|
|poke|p2|Hydreigon, L50, F|
|teampreview|4
|showteam|p1|Talonflame||LifeOrb|GaleWings|BraveBird,FlareBlitz,Tailwind,WillOWisp|||M|||50|,,,,,Ghost]Glimmora||PowerHerb|ToxicDebris|MeteorBeam,SludgeBomb,SpikyShield,EarthPower|||F|||50|,,,,,Grass]Dondozo||Leftovers|Unaware|WaveCrash,Protect,BodyPress,Earthquake|||F|||50|,,,,,Grass]Tatsugiri-Droopy||FocusSash|Commander|MuddyWater,Protect,DracoMeteor,DragonPulse|||M|||50|,,,,,Stellar]Dragonite||ChoiceBand|InnerFocus|ExtremeSpeed,Outrage,LowKick,StompingTantrum|||F|||50|,,,,,Normal]Gholdengo||ChoiceSpecs|GoodasGold|Thunderbolt,PowerGem,ShadowBall,MakeItRain||||||50|,,,,,Steel
|showteam|p2|Incineroar||SafetyGoggles|Intimidate|FlareBlitz,KnockOff,FakeOut,PartingShot|||M|||50|,,,,,Ghost]Gholdengo||LifeOrb|GoodasGold|MakeItRain,ShadowBall,NastyPlot,Protect||||||50|,,,,,Water]Porygon2||Eviolite|Download|TeraBlast,IceBeam,Recover,TrickRoom||||||50|,,,,,Fighting]Ursaluna||FlameOrb|Guts|Facade,HeadlongRush,Earthquake,Protect|||M|||50|,,,,,Ghost]Amoonguss||SitrusBerry|Regenerator|PollenPuff,Spore,RagePowder,Protect|||M|||50|,,,,,Water]Hydreigon||CovertCloak|Levitate|Taunt,Tailwind,DracoMeteor,Snarl|||F|||50|,,,,,Steel
|inactive|Battle timer is ON: inactive players will automatically lose when time's up. (requested by mackerjuan)
|
|t:|1756298430
|teamsize|p1|4
|teamsize|p2|4
|start
|switch|p1a: Dragonite|Dragonite, L50, F|100/100
|switch|p1b: Glimmora|Glimmora, L50, F|100/100
|switch|p2a: Incineroar|Incineroar, L50, M|100/100
|switch|p2b: Porygon2|Porygon2, L50|100/100
|-ability|p2a: Incineroar|Intimidate|boost
|-fail|p1a: Dragonite|unboost|Attack|[from] ability: Inner Focus|[of] p1a: Dragonite
|-unboost|p1b: Glimmora|atk|1
|-ability|p2b: Porygon2|Download|boost
|-boost|p2b: Porygon2|spa|1
|turn|1
|
|t:|1756298451
|-terastallize|p1a: Dragonite|Normal
|move|p2a: Incineroar|Fake Out|p1b: Glimmora
|-resisted|p1b: Glimmora
|-damage|p1b: Glimmora|93/100
|-activate|p1b: Glimmora|ability: Toxic Debris
|-sidestart|p2: mackerjuan|move: Toxic Spikes
|move|p1a: Dragonite|Extreme Speed|p2a: Incineroar
|-damage|p2a: Incineroar|41/100
|cant|p1b: Glimmora|flinch
|move|p2b: Porygon2|Ice Beam|p1a: Dragonite
|-damage|p1a: Dragonite|64/100
|
|upkeep
|turn|2
|inactive|mackerjuan has 30 seconds left.
|
|t:|1756298477
|switch|p2a: Amoonguss|Amoonguss, L50, M|100/100
|-sideend|p2: mackerjuan|move: Toxic Spikes|[of] p2a: Amoonguss
|move|p1a: Dragonite|Extreme Speed|p2b: Porygon2
|-damage|p2b: Porygon2|54/100
|move|p1b: Glimmora|Meteor Beam||[still]
|-prepare|p1b: Glimmora|Meteor Beam
|-boost|p1b: Glimmora|spa|1
|-enditem|p1b: Glimmora|Power Herb
|-anim|p1b: Glimmora|Meteor Beam|p2a: Amoonguss
|-damage|p2a: Amoonguss|32/100
|-enditem|p2a: Amoonguss|Sitrus Berry|[eat]
|-heal|p2a: Amoonguss|56/100|[from] item: Sitrus Berry
|move|p2b: Porygon2|Trick Room|p2b: Porygon2
|-fieldstart|move: Trick Room|[of] p2b: Porygon2
|
|upkeep
|turn|3
|inactive|buf0722shito has 30 seconds left.
|
|t:|1756298508
|move|p1a: Dragonite|Extreme Speed|p2a: Amoonguss
|-damage|p2a: Amoonguss|0 fnt
|faint|p2a: Amoonguss
|move|p2b: Porygon2|Recover|p2b: Porygon2
|-heal|p2b: Porygon2|100/100
|move|p1b: Glimmora|Sludge Bomb|p2b: Porygon2
|-damage|p2b: Porygon2|58/100
|
|upkeep
|
|t:|1756298517
|switch|p2a: Ursaluna|Ursaluna, L50, M|100/100
|turn|4
|inactive|buf0722shito has 30 seconds left.
|
|t:|1756298544
|-terastallize|p2a: Ursaluna|Ghost
|move|p1a: Dragonite|Extreme Speed|p2b: Porygon2
|-damage|p2b: Porygon2|11/100
|move|p2b: Porygon2|Recover|p2b: Porygon2
|-heal|p2b: Porygon2|62/100
|move|p2a: Ursaluna|Headlong Rush|p1b: Glimmora
|-supereffective|p1b: Glimmora
|-damage|p1b: Glimmora|0 fnt
|-unboost|p2a: Ursaluna|def|1
|-unboost|p2a: Ursaluna|spd|1
|-activate|p1b: Glimmora|ability: Toxic Debris
|-sidestart|p2: mackerjuan|move: Toxic Spikes
|faint|p1b: Glimmora
|
|-status|p2a: Ursaluna|brn|[from] item: Flame Orb
|upkeep
|
|t:|1756298558
|switch|p1b: Dondozo|Dondozo, L50, F, shiny|100/100
|turn|5
|
|t:|1756298582
|switch|p2b: Incineroar|Incineroar, L50, M|41/100
|-status|p2b: Incineroar|psn
|-ability|p2b: Incineroar|Intimidate|boost
|-fail|p1a: Dragonite|unboost|Attack|[from] ability: Inner Focus|[of] p1a: Dragonite
|-unboost|p1b: Dondozo|atk|1
|move|p1b: Dondozo|Protect|p1b: Dondozo
|-singleturn|p1b: Dondozo|Protect
|move|p1a: Dragonite|Extreme Speed|p2b: Incineroar
|-damage|p2b: Incineroar|0 fnt
|faint|p2b: Incineroar
|move|p2a: Ursaluna|Facade|p1a: Dragonite
|-damage|p1a: Dragonite|0 fnt
|faint|p1a: Dragonite
|
|-damage|p2a: Ursaluna|95/100 brn|[from] brn
|upkeep
|
|t:|1756298597
|switch|p2b: Porygon2|Porygon2, L50|62/100
|switch|p1a: Tatsugiri|Tatsugiri-Droopy, L50, M|100/100
|-status|p2b: Porygon2|psn
|-ability|p2b: Porygon2|Download|boost
|-boost|p2b: Porygon2|spa|1
|-activate|p1a: Tatsugiri|ability: Commander|[of] p1b: Dondozo
|-boost|p1b: Dondozo|atk|2
|-boost|p1b: Dondozo|spa|2
|-boost|p1b: Dondozo|spe|2
|-boost|p1b: Dondozo|def|2
|-boost|p1b: Dondozo|spd|2
|turn|6
|
|t:|1756298611
|move|p1b: Dondozo|Protect|p1b: Dondozo
|-singleturn|p1b: Dondozo|Protect
|move|p2b: Porygon2|Recover|p2b: Porygon2
|-heal|p2b: Porygon2|100/100 psn
|move|p2a: Ursaluna|Facade|p1b: Dondozo
|-activate|p1b: Dondozo|move: Protect
|
|-damage|p2b: Porygon2|88/100 psn|[from] psn
|-damage|p2a: Ursaluna|89/100 brn|[from] brn
|-fieldend|move: Trick Room
|upkeep
|turn|7
|
|t:|1756298618
|move|p1b: Dondozo|Earthquake|p2a: Ursaluna|[spread] p2a,p2b
|-miss|p1b: Dondozo|p1a: Tatsugiri
|-damage|p2a: Ursaluna|63/100 brn
|-damage|p2b: Porygon2|67/100 psn
|move|p2a: Ursaluna|Facade|p1b: Dondozo
|-damage|p1b: Dondozo|55/100
|move|p2b: Porygon2|Trick Room|p2b: Porygon2
|-fieldstart|move: Trick Room|[of] p2b: Porygon2
|
|-heal|p1b: Dondozo|61/100|[from] item: Leftovers
|-damage|p2b: Porygon2|55/100 psn|[from] psn
|-damage|p2a: Ursaluna|57/100 brn|[from] brn
|upkeep
|turn|8
|
|t:|1756298631
|move|p1b: Dondozo|Protect|p1b: Dondozo
|-singleturn|p1b: Dondozo|Protect
|move|p2b: Porygon2|Recover|p2b: Porygon2
|-heal|p2b: Porygon2|100/100 psn
|move|p2a: Ursaluna|Facade|p1b: Dondozo
|-activate|p1b: Dondozo|move: Protect
|
|-heal|p1b: Dondozo|67/100|[from] item: Leftovers
|-damage|p2b: Porygon2|88/100 psn|[from] psn
|-damage|p2a: Ursaluna|52/100 brn|[from] brn
|upkeep
|turn|9
|
|t:|1756298644
|move|p2b: Porygon2|Tera Blast|p1b: Dondozo
|-damage|p1b: Dondozo|47/100
|move|p2a: Ursaluna|Facade|p1b: Dondozo
|-damage|p1b: Dondozo|1/100
|move|p1b: Dondozo|Wave Crash|p2a: Ursaluna
|-damage|p2a: Ursaluna|0 fnt
|faint|p2a: Ursaluna
|-damage|p1b: Dondozo|0 fnt|[from] Recoil
|faint|p1b: Dondozo
|
|-damage|p2b: Porygon2|76/100 psn|[from] psn
|upkeep
|turn|10
|
|t:|1756298660
|move|p2b: Porygon2|Ice Beam|p1a: Tatsugiri
|-damage|p1a: Tatsugiri|51/100
|move|p1a: Tatsugiri|Muddy Water|p2b: Porygon2
|-damage|p2b: Porygon2|48/100 psn
|
|-damage|p2b: Porygon2|36/100 psn|[from] psn
|upkeep
|turn|11
|
|t:|1756298672
|move|p2b: Porygon2|Recover|p2b: Porygon2
|-heal|p2b: Porygon2|86/100 psn
|move|p1a: Tatsugiri|Muddy Water|p2b: Porygon2
|-damage|p2b: Porygon2|60/100 psn
|
|-damage|p2b: Porygon2|48/100 psn|[from] psn
|-fieldend|move: Trick Room
|upkeep
|turn|12
|
|t:|1756298684
|move|p1a: Tatsugiri|Dragon Pulse|p2b: Porygon2
|-damage|p2b: Porygon2|20/100 psn
|move|p2b: Porygon2|Tera Blast|p1a: Tatsugiri
|-damage|p1a: Tatsugiri|0 fnt
|faint|p1a: Tatsugiri
|
|win|mackerjuan
|raw|buf0722shito's rating: 1209 → 1186(-23 for losing)
|raw|mackerjuan's rating: 1242 → 1265(+23 for winning)
|l|☆buf0722shito
|player|p1|
