|j|☆teyvgc
|j|☆babydimelavelda
|html|teyvgcbabydimelavelda    
|uhtml|bestof|Game 1 of a best-of-3
|t:|1785198309
|gametype|doubles
|player|p1|teyvgc|rood|1295
|player|p2|babydimelavelda|265|1217
|gen|9
|tier|[Gen 9 Champions] VGC 2026 Reg M-B (Bo3)
|rated|
|rule|Species Clause: Limit one of each Pokémon
|rule|Item Clause: Limit 1 of each item
|clearpoke
|poke|p1|Kingambit, L50, F|
|poke|p1|Garchomp, L50, F|
|poke|p1|Farigiraf, L50, F|
|poke|p1|Charizard, L50, M|
|poke|p1|Sylveon, L50, F|
|poke|p1|Aerodactyl, L50, M|
|poke|p2|Mawile, L50, F|
|poke|p2|Farigiraf, L50, M|
|poke|p2|Milotic, L50, M|
|poke|p2|Incineroar, L50, M|
|poke|p2|Garchomp, L50, M|
|poke|p2|Aerodactyl, L50, M|
|teampreview|4
|showteam|p1|Kingambit||BlackGlasses|Defiant|Protect,IronHead,SuckerPunch,KowtowCleave|Brave||F|||50|]Garchomp||LifeOrb|RoughSkin|DragonClaw,Earthquake,RockSlide,Protect|Jolly||F|||50|]Farigiraf||SitrusBerry|ArmorTail|TwinBeam,Thunderbolt,TrickRoom,HelpingHand|Bold||F|||50|]Charizard||CharizarditeY|Blaze|Protect,HeatWave,SolarBeam,WeatherBall|Modest||M|||50|]Sylveon||FairyFeather|Pixilate|Detect,HyperBeam,HyperVoice,QuickAttack|Modest||F|||50|]Aerodactyl||Aerodactylite|Unnerve|WideGuard,RockSlide,DualWingbeat,Tailwind|Jolly||M|||50|
|showteam|p2|Mawile||Mawilite|HyperCutter|Protect,BrickBreak,PlayRough,RockSlide|Brave||F|||50|]Farigiraf||ColburBerry|ArmorTail|TrickRoom,TwinBeam,Protect,GrassKnot|Bold||M|||50|]Milotic||Leftovers|MarvelScale|Scald,IceBeam,Haze,Protect|Modest||M|||50|]Incineroar||SitrusBerry|Intimidate|FlareBlitz,DarkestLariat,FakeOut,PartingShot|Adamant||M|||50|]Garchomp||LifeOrb|RoughSkin|Earthquake,DragonClaw,RockSlide,Protect|Jolly||M|||50|]Aerodactyl||Aerodactylite|Unnerve|RockSlide,DualWingbeat,Tailwind,Protect|Adamant||M|||50|
|
|t:|1785198344
|teamsize|p1|4
|teamsize|p2|4
|start
|switch|p1a: Obsession|Aerodactyl, L50, M|100/100
|switch|p1b: Ian|Garchomp, L50, F|100/100
|switch|p2a: Garchomp|Garchomp, L50, M|100/100
|switch|p2b: Milotic|Milotic, L50, M|100/100
|-ability|p1a: Obsession|Unnerve
|turn|1
|
|t:|1785198366
|switch|p2a: Incineroar|Incineroar, L50, M|100/100
|-ability|p2a: Incineroar|Intimidate|boost
|-unboost|p1a: Obsession|atk|1
|-unboost|p1b: Ian|atk|1
|move|p1a: Obsession|Tailwind|p1a: Obsession
|-sidestart|p1: teyvgc|move: Tailwind
|move|p1b: Ian|Dragon Claw|p2a: Incineroar
|-damage|p2a: Incineroar|68/100
|-damage|p1b: Ian|90/100|[from] item: Life Orb
|move|p2b: Milotic|Scald|p1a: Obsession
|-supereffective|p1a: Obsession|1
|-damage|p1a: Obsession|8/100
|
|upkeep
|turn|2
|
|t:|1785198389
|switch|p1a: Bear|Kingambit, L50, F|100/100
|switch|p2a: Farigiraf|Farigiraf, L50, M|100/100
|move|p1b: Ian|Rock Slide|p2b: Milotic|[spread] p2b
|-miss|p1b: Ian|p2a: Farigiraf
|-damage|p2b: Milotic|82/100
|-damage|p1b: Ian|80/100|[from] item: Life Orb
|move|p2b: Milotic|Ice Beam|p1b: Ian
|-supereffective|p1b: Ian|2
|-damage|p1b: Ian|0 fnt
|faint|p1b: Ian
|
|-heal|p2b: Milotic|88/100|[from] item: Leftovers
|upkeep
|
|t:|1785198400
|switch|p1b: Nikki|Charizard, L50, M|100/100
|turn|3
|
|t:|1785198427
|detailschange|p1b: Nikki|Charizard-Mega-Y, L50, M
|-mega|p1b: Nikki|Charizard|Charizardite Y
|-weather|SunnyDay|[from] ability: Drought|[of] p1b: Nikki
|move|p2a: Farigiraf|Protect|p2a: Farigiraf
|-singleturn|p2a: Farigiraf|Protect
|move|p1b: Nikki|Solar Beam||[still]
|-prepare|p1b: Nikki|Solar Beam
|-anim|p1b: Nikki|Solar Beam|p2b: Milotic
|-supereffective|p2b: Milotic|1
|-damage|p2b: Milotic|23/100
|move|p1a: Bear|Kowtow Cleave|p2a: Farigiraf
|-activate|p2a: Farigiraf|move: Protect
|move|p2b: Milotic|Scald|p1a: Bear
|-damage|p1a: Bear|85/100
|
|-weather|SunnyDay|[upkeep]
|-heal|p2b: Milotic|29/100|[from] item: Leftovers
|upkeep
|turn|4
|
|t:|1785198458
|move|p1b: Nikki|Weather Ball|p2a: Farigiraf
|-damage|p2a: Farigiraf|17/100
|move|p1a: Bear|Kowtow Cleave|p2b: Milotic
|-damage|p2b: Milotic|0 fnt
|faint|p2b: Milotic
|move|p2a: Farigiraf|Twin Beam|p1b: Nikki
|-damage|p1b: Nikki|86/100
|-damage|p1b: Nikki|72/100
|-hitcount|p1b: Nikki|2
|
|-weather|SunnyDay|[upkeep]
|-sideend|p1: teyvgc|move: Tailwind
|upkeep
|
|t:|1785198464
|switch|p2b: Garchomp|Garchomp, L50, M|100/100
|turn|5
|
|t:|1785198482
|move|p2a: Farigiraf|Protect|p2a: Farigiraf
|-singleturn|p2a: Farigiraf|Protect
|move|p2b: Garchomp|Earthquake|p1b: Nikki|[spread] p1a
|-activate|p2a: Farigiraf|move: Protect
|-immune|p1b: Nikki
|-supereffective|p1a: Bear|1
|-damage|p1a: Bear|12/100
|-damage|p2b: Garchomp|90/100|[from] item: Life Orb
|move|p1b: Nikki|Heat Wave|p2a: Farigiraf|[spread] p2b
|-activate|p2a: Farigiraf|move: Protect
|-resisted|p2b: Garchomp|1
|-damage|p2b: Garchomp|57/100
|move|p1a: Bear|Kowtow Cleave|p2b: Garchomp
|-damage|p2b: Garchomp|0 fnt
|-damage|p1a: Bear|0 fnt|[from] ability: Rough Skin|[of] p2b: Garchomp
|faint|p2b: Garchomp
|faint|p1a: Bear
|
|-weather|SunnyDay|[upkeep]
|upkeep
|
|t:|1785198500
|switch|p2b: Incineroar|Incineroar, L50, M|68/100
|switch|p1a: Obsession|Aerodactyl, L50, M|8/100
|-ability|p1a: Obsession|Unnerve
|-ability|p2b: Incineroar|Intimidate|boost
|-unboost|p1a: Obsession|atk|1
|-unboost|p1b: Nikki|atk|1
|turn|6
|
|t:|1785198522
|move|p2b: Incineroar|Fake Out|p1a: Obsession
|-resisted|p1a: Obsession|1
|-damage|p1a: Obsession|1/100
|cant|p1a: Obsession|flinch
|move|p1b: Nikki|Heat Wave|p2b: Incineroar|[spread] p2a,p2b
|-resisted|p2b: Incineroar|1
|-damage|p2a: Farigiraf|0 fnt
|-damage|p2b: Incineroar|41/100
|faint|p2a: Farigiraf
|
|-weather|SunnyDay|[upkeep]
|upkeep
|turn|7
|-message|babydimelavelda forfeited.
|
|win|teyvgc
