|j|☆cowboy octopus
|j|☆FunkleVGC
|html|cowboy octopusFunkleVGC    
|uhtml|bestof|Game 1 of a best-of-3
|t:|1782517769
|gametype|doubles
|player|p1|cowboy octopus|bellelba|1176
|player|p2|FunkleVGC|fisherman-gen4|1211
|gen|9
|tier|[Gen 9 Champions] VGC 2026 Reg M-B (Bo3)
|rated|
|rule|Species Clause: Limit one of each Pokémon
|rule|Item Clause: Limit 1 of each item
|clearpoke
|poke|p1|Meganium, L50, M|
|poke|p1|Tyranitar, L50, F|
|poke|p1|Excadrill, L50, F|
|poke|p1|Volcarona, L50, F|
|poke|p1|Rotom-Wash, L50|
|poke|p1|Sneasler, L50, M|
|poke|p2|Froslass, L50, F, shiny|
|poke|p2|Scovillain, L50, M, shiny|
|poke|p2|Lycanroc-Dusk, L50, M|
|poke|p2|Kingambit, L50, M, shiny|
|poke|p2|Basculegion, L50, M, shiny|
|poke|p2|Sneasler, L50, M|
|teampreview|4
|showteam|p1|Meganium||Meganiumite|Overgrow|Protect,SolarBeam,WeatherBall,Synthesis|Modest||M|||50|]Tyranitar||Tyranitarite|SandStream|RockSlide,KnockOff,Protect,LowKick|Adamant||F|||50|]Excadrill||LifeOrb|SandRush|IronHead,Earthquake,RockSlide,Protect|Adamant||F|||50|]Volcarona||SitrusBerry|FlameBody|HeatWave,RagePowder,WillOWisp,Protect|Calm||F|||50|]Rotom-Wash||Leftovers|Levitate|HydroPump,Thunderbolt,ThunderWave,Protect|Bold|||||50|]Sneasler||WhiteHerb|Unburden|FakeOut,CloseCombat,DireClaw,Protect|Jolly||M|||50|
|showteam|p2|Froslass||Froslassite|CursedBody|Blizzard,ShadowBall,AuroraVeil,Protect|Modest||F|||50|]Scovillain||Scovillainite|Moody|Overheat,GigaDrain,RagePowder,Protect|Bold||M|||50|]Lycanroc-Dusk||FocusSash|ToughClaws|RockSlide,CloseCombat,Accelerock,Protect|Adamant||M|||50|]Kingambit||BlackGlasses|Defiant|KowtowCleave,SuckerPunch,SwordsDance,Protect|Adamant||M|||50|]Basculegion||SitrusBerry|Adaptability|WaveCrash,LastRespects,AquaJet,Protect|Adamant||M|||50|]Sneasler||WhiteHerb|Unburden|DireClaw,CloseCombat,FakeOut,Protect|Adamant||M|||50|
|inactive|Battle timer is ON: inactive players will automatically lose when time's up. (requested by cowboy octopus)
|inactive|cowboy octopus has 60 seconds left.
|inactive|cowboy octopus has 30 seconds left.
|
|t:|1782517836
|teamsize|p1|4
|teamsize|p2|4
|start
|switch|p1a: Meganium|Meganium, L50, M|100/100
|switch|p1b: Volcarona|Volcarona, L50, F|100/100
|switch|p2a: Scovillain|Scovillain, L50, M, shiny|100/100
|switch|p2b: Sneasler|Sneasler, L50, M|100/100
|turn|1
|
|t:|1782517852
|switch|p2b: Lycanroc|Lycanroc-Dusk, L50, M|100/100
|switch|p1a: Tyranitar|Tyranitar, L50, F|100/100
|-weather|Sandstorm|[from] ability: Sand Stream|[of] p1a: Tyranitar
|detailschange|p2a: Scovillain|Scovillain-Mega, L50, M, shiny
|-mega|p2a: Scovillain|Scovillain|Scovillainite
|move|p1b: Volcarona|Will-O-Wisp|p2b: Lycanroc
|-status|p2b: Lycanroc|brn
|move|p2a: Scovillain|Overheat|p1a: Tyranitar
|-resisted|p1a: Tyranitar|1
|-damage|p1a: Tyranitar|82/100
|-unboost|p2a: Scovillain|spa|2
|
|-weather|Sandstorm|[upkeep]
|-damage|p1b: Volcarona|93/100|[from] Sandstorm
|-damage|p2a: Scovillain|94/100|[from] Sandstorm
|-damage|p2b: Lycanroc|94/100 brn|[from] brn
|upkeep
|turn|2
|
|t:|1782517877
|switch|p2a: Sneasler|Sneasler, L50, M|100/100
|move|p1b: Volcarona|Rage Powder|p1b: Volcarona
|-singleturn|p1b: Volcarona|move: Rage Powder
|move|p2b: Lycanroc|Rock Slide|p1a: Tyranitar|[spread] p1a
|-miss|p2b: Lycanroc|p1b: Volcarona
|-damage|p1a: Tyranitar|70/100
|move|p1a: Tyranitar|Rock Slide|p2a: Sneasler|[spread] p2a,p2b
|-resisted|p2a: Sneasler|1
|-damage|p2a: Sneasler|81/100
|-damage|p2b: Lycanroc|40/100 brn
|
|-weather|Sandstorm|[upkeep]
|-damage|p2a: Sneasler|75/100|[from] Sandstorm
|-damage|p1b: Volcarona|87/100|[from] Sandstorm
|-damage|p2b: Lycanroc|34/100 brn|[from] brn
|upkeep
|turn|3
|inactive|FunkleVGC has 30 seconds left.
|
|t:|1782517909
|move|p1b: Volcarona|Protect|p1b: Volcarona
|-singleturn|p1b: Volcarona|Protect
|move|p1a: Tyranitar|Protect|p1a: Tyranitar
|-singleturn|p1a: Tyranitar|Protect
|move|p2a: Sneasler|Fake Out|p1a: Tyranitar
|-activate|p1a: Tyranitar|move: Protect
|move|p2b: Lycanroc|Rock Slide|p1b: Volcarona|[spread] 
|-activate|p1a: Tyranitar|move: Protect
|-activate|p1b: Volcarona|move: Protect
|
|-weather|Sandstorm|[upkeep]
|-damage|p2a: Sneasler|69/100|[from] Sandstorm
|-damage|p1b: Volcarona|81/100|[from] Sandstorm
|-damage|p2b: Lycanroc|28/100 brn|[from] brn
|upkeep
|turn|4
|
|t:|1782517929
|move|p1b: Volcarona|Rage Powder|p1b: Volcarona
|-singleturn|p1b: Volcarona|move: Rage Powder
|move|p2b: Lycanroc|Rock Slide|p1b: Volcarona|[spread] p1a,p1b
|-supereffective|p1b: Volcarona|2
|-damage|p1a: Tyranitar|58/100
|-damage|p1b: Volcarona|8/100
|-enditem|p1b: Volcarona|Sitrus Berry|[eat]
|-heal|p1b: Volcarona|33/100|[from] item: Sitrus Berry
|move|p2a: Sneasler|Close Combat|p1b: Volcarona
|-resisted|p1b: Volcarona|1
|-damage|p1b: Volcarona|0 fnt
|-unboost|p2a: Sneasler|def|1
|-unboost|p2a: Sneasler|spd|1
|-status|p2a: Sneasler|brn|[from] ability: Flame Body|[of] p1b: Volcarona
|faint|p1b: Volcarona
|-enditem|p2a: Sneasler|White Herb
|-clearnegativeboost|p2a: Sneasler|[silent]
|move|p1a: Tyranitar|Rock Slide|p2a: Sneasler|[spread] p2a,p2b
|-resisted|p2a: Sneasler|1
|-damage|p2a: Sneasler|49/100 brn
|-damage|p2b: Lycanroc|0 fnt
|faint|p2b: Lycanroc
|
|-weather|Sandstorm|[upkeep]
|-damage|p2a: Sneasler|43/100 brn|[from] Sandstorm
|-damage|p2a: Sneasler|37/100 brn|[from] brn
|upkeep
|inactive|cowboy octopus has 30 seconds left.
|inactive|FunkleVGC has 30 seconds left.
|
|t:|1782517960
|switch|p2b: Scovillain|Scovillain-Mega, L50, M, shiny|94/100
|switch|p1b: Rotom|Rotom-Wash, L50|100/100
|turn|5
|inactive|cowboy octopus has 30 seconds left.
|
|t:|1782517986
|switch|p1a: Meganium|Meganium, L50, M|100/100
|move|p2a: Sneasler|Close Combat|p1a: Meganium
|-crit|p1a: Meganium
|-damage|p1a: Meganium|58/100
|-unboost|p2a: Sneasler|def|1
|-unboost|p2a: Sneasler|spd|1
|move|p1b: Rotom|Thunder Wave|p2b: Scovillain
|-status|p2b: Scovillain|par
|move|p2b: Scovillain|Giga Drain|p1b: Rotom
|-supereffective|p1b: Rotom|1
|-damage|p1b: Rotom|29/100
|-heal|p2b: Scovillain|100/100 par|[from] drain|[of] p1b: Rotom
|
|-weather|none
|-heal|p1b: Rotom|35/100|[from] item: Leftovers
|-damage|p2a: Sneasler|31/100 brn|[from] brn
|upkeep
|turn|6
|inactive|cowboy octopus has 30 seconds left.
|
|t:|1782518020
|move|p1a: Meganium|Protect|p1a: Meganium
|-singleturn|p1a: Meganium|Protect
|move|p2a: Sneasler|Dire Claw|p1a: Meganium
|-activate|p1a: Meganium|move: Protect
|move|p1b: Rotom|Thunderbolt|p2a: Sneasler
|-damage|p2a: Sneasler|0 fnt
|faint|p2a: Sneasler
|move|p2b: Scovillain|Giga Drain|p1b: Rotom
|-supereffective|p1b: Rotom|1
|-damage|p1b: Rotom|0 fnt
|faint|p1b: Rotom
|
|upkeep
|
|t:|1782518033
|switch|p2a: Basculegion|Basculegion, L50, M, shiny|100/100
|switch|p1b: Tyranitar|Tyranitar, L50, F|58/100
|-weather|Sandstorm|[from] ability: Sand Stream|[of] p1b: Tyranitar
|turn|7
|
|t:|1782518054
|detailschange|p1a: Meganium|Meganium-Mega, L50, M
|-mega|p1a: Meganium|Meganium|Meganiumite
|move|p2a: Basculegion|Protect|p2a: Basculegion
|-singleturn|p2a: Basculegion|Protect
|move|p1a: Meganium|Solar Beam||[still]
|-prepare|p1a: Meganium|Solar Beam
|-activate|p1a: Meganium|ability: Mega Sol
|-anim|p1a: Meganium|Solar Beam|p2a: Basculegion
|-activate|p2a: Basculegion|move: Protect
|move|p1b: Tyranitar|Knock Off|p2a: Basculegion
|-activate|p2a: Basculegion|move: Protect
|move|p2b: Scovillain|Overheat|p1a: Meganium
|-supereffective|p1a: Meganium|1
|-damage|p1a: Meganium|0 fnt
|-unboost|p2b: Scovillain|spa|2
|faint|p1a: Meganium
|
|-weather|Sandstorm|[upkeep]
|-damage|p2a: Basculegion|94/100|[from] Sandstorm
|-damage|p2b: Scovillain|94/100 par|[from] Sandstorm
|upkeep
|turn|8
|
|t:|1782518076
|move|p2b: Scovillain|Rage Powder|p2b: Scovillain
|-singleturn|p2b: Scovillain|move: Rage Powder
|move|p2a: Basculegion|Wave Crash|p1b: Tyranitar
|-supereffective|p1b: Tyranitar|1
|-damage|p1b: Tyranitar|0 fnt
|faint|p1b: Tyranitar
|-damage|p2a: Basculegion|75/100|[from] Recoil
|
|win|FunkleVGC
