|j|☆znivs
|j|☆lobitooooo
|html|znivslobitooooo    
|uhtml|bestof|Game 2 of a best-of-3
|t:|1784388611
|gametype|doubles
|player|p1|znivs|169|1118
|player|p2|lobitooooo|linebacker|1112
|gen|9
|tier|[Gen 9 Champions] VGC 2026 Reg M-B (Bo3)
|rated|
|rule|Species Clause: Limit one of each Pokémon
|rule|Item Clause: Limit 1 of each item
|clearpoke
|poke|p1|Venusaur, L50, M|
|poke|p1|Charizard, L50, F|
|poke|p1|Grimmsnarl, L50, M|
|poke|p1|Archaludon, L50, F|
|poke|p1|Basculegion, L50, M|
|poke|p1|Pelipper, L50, M|
|poke|p2|Incineroar, L50, M|
|poke|p2|Gengar, L50, M|
|poke|p2|Sneasler, L50, M|
|poke|p2|Kommo-o, L50, F|
|poke|p2|Sinistcha, L50|
|poke|p2|Blastoise, L50, F|
|teampreview|4
|showteam|p1|Venusaur||FocusSash|Chlorophyll|SludgeBomb,EarthPower,Protect,SleepPowder|Modest||M|||50|]Charizard||CharizarditeY|SolarPower|Protect,HeatWave,SolarBeam,WeatherBall|Modest||F|||50|]Grimmsnarl||LightClay|Prankster|SpiritBreak,Reflect,LightScreen,PartingShot|Sassy||M|||50|]Archaludon||Leftovers|Stamina|ElectroShot,Protect,FlashCannon,DragonPulse|Calm||F|||50|]Basculegion||ChoiceScarf|Adaptability|WaveCrash,LastRespects,AquaJet,FlipTurn|Jolly||M|||50|]Pelipper||SitrusBerry|Drizzle|WeatherBall,Hurricane,Tailwind,WideGuard|Modest||M|||50|
|showteam|p2|Incineroar||Charcoal|Intimidate|CloseCombat,FakeOut,FlareBlitz,PartingShot|Adamant||M|||50|]Gengar||Gengarite|CursedBody|Protect,PerishSong,Disable,ShadowBall|Timid||M|||50|]Sneasler||WhiteHerb|Unburden|FakeOut,DireClaw,CloseCombat,Protect|Jolly||M|||50|]Kommo-o||Leftovers|Soundproof|AuraSphere,Protect,ClangingScales,ClangorousSoul|Timid||F|||50|]Sinistcha||ColburBerry|Hospitality|LifeDew,MatchaGotcha,Protect,RagePowder|Serious|||||50|]Blastoise||Blastoisinite|RainDish|WaterSpout,ShellSmash,Protect,DarkPulse|Modest||F|||50|
|
|t:|1784388699
|teamsize|p1|4
|teamsize|p2|4
|start
|switch|p1a: Grimmsnarl|Grimmsnarl, L50, M|100/100
|switch|p1b: Charizard|Charizard, L50, F|100/100
|switch|p2a: Kommo-o|Kommo-o, L50, F|100/100
|switch|p2b: Sneasler|Sneasler, L50, M|100/100
|turn|1
|inactive|Battle timer is ON: inactive players will automatically lose when time's up. (requested by lobitooooo)
|
|t:|1784388735
|detailschange|p1b: Charizard|Charizard-Mega-Y, L50, F
|-mega|p1b: Charizard|Charizard|Charizardite Y
|-weather|SunnyDay|[from] ability: Drought|[of] p1b: Charizard
|move|p2b: Sneasler|Fake Out|p1a: Grimmsnarl
|-damage|p1a: Grimmsnarl|86/100
|cant|p1a: Grimmsnarl|flinch
|move|p1b: Charizard|Heat Wave|p2b: Sneasler|[spread] p2b
|-miss|p1b: Charizard|p2a: Kommo-o
|-damage|p2b: Sneasler|36/100
|move|p2a: Kommo-o|Clangorous Soul|p2a: Kommo-o
|-boost|p2a: Kommo-o|atk|1
|-boost|p2a: Kommo-o|def|1
|-boost|p2a: Kommo-o|spa|1
|-boost|p2a: Kommo-o|spd|1
|-boost|p2a: Kommo-o|spe|1
|-damage|p2a: Kommo-o|67/100
|
|-weather|SunnyDay|[upkeep]
|-heal|p2a: Kommo-o|73/100|[from] item: Leftovers
|upkeep
|turn|2
|inactive|znivs has 30 seconds left.
|inactive|lobitooooo has 30 seconds left.
|
|t:|1784388763
|switch|p2b: Incineroar|Incineroar, L50, M|100/100
|-ability|p2b: Incineroar|Intimidate|boost
|-unboost|p1a: Grimmsnarl|atk|1
|-unboost|p1b: Charizard|atk|1
|move|p1a: Grimmsnarl|Parting Shot|p2a: Kommo-o
|-immune|p2a: Kommo-o|[from] ability: Soundproof
|move|p2a: Kommo-o|Clanging Scales|p1b: Charizard|[spread] p1b
|-immune|p1a: Grimmsnarl
|-damage|p1b: Charizard|60/100
|-unboost|p2a: Kommo-o|def|1
|move|p1b: Charizard|Heat Wave|p2b: Incineroar|[spread] p2a,p2b
|-resisted|p2a: Kommo-o|1
|-resisted|p2b: Incineroar|1
|-damage|p2a: Kommo-o|54/100
|-damage|p2b: Incineroar|67/100
|
|-weather|SunnyDay|[upkeep]
|-heal|p2a: Kommo-o|60/100|[from] item: Leftovers
|upkeep
|turn|3
|inactive|lobitooooo has 30 seconds left.
|
|t:|1784388796
|switch|p1b: Venusaur|Venusaur, L50, M|100/100
|switch|p1a: Basculegion|Basculegion, L50, M|100/100
|move|p2a: Kommo-o|Clanging Scales|p1a: Basculegion|[spread] p1a,p1b
|-damage|p1a: Basculegion|46/100
|-damage|p1b: Venusaur|52/100
|-unboost|p2a: Kommo-o|def|1
|move|p2b: Incineroar|Flare Blitz|p1a: Basculegion
|-resisted|p1a: Basculegion|1
|-damage|p1a: Basculegion|0 fnt
|faint|p1a: Basculegion
|-damage|p2b: Incineroar|52/100|[from] Recoil
|
|-weather|SunnyDay|[upkeep]
|-heal|p2a: Kommo-o|67/100|[from] item: Leftovers
|upkeep
|
|t:|1784388810
|switch|p1a: Grimmsnarl|Grimmsnarl, L50, M|86/100
|turn|4
|
|t:|1784388819
|switch|p2b: Sinistcha|Sinistcha, L50|100/100
|-heal|p2a: Kommo-o|91/100|[from] ability: Hospitality|[of] p2b: Sinistcha
|move|p2a: Kommo-o|Protect|p2a: Kommo-o
|-singleturn|p2a: Kommo-o|Protect
|move|p1a: Grimmsnarl|Light Screen|p1a: Grimmsnarl
|-sidestart|p1: znivs|move: Light Screen
|move|p1b: Venusaur|Earth Power|p2b: Sinistcha
|-resisted|p2b: Sinistcha|1
|-damage|p2b: Sinistcha|85/100
|
|-weather|SunnyDay|[upkeep]
|-heal|p2a: Kommo-o|97/100|[from] item: Leftovers
|upkeep
|turn|5
|
|t:|1784388841
|move|p2b: Sinistcha|Rage Powder|p2b: Sinistcha
|-singleturn|p2b: Sinistcha|move: Rage Powder
|move|p1b: Venusaur|Sleep Powder|p2a: Kommo-o
|-status|p2a: Kommo-o|slp|[from] move: Sleep Powder
|cant|p2a: Kommo-o|slp
|move|p1a: Grimmsnarl|Spirit Break|p2b: Sinistcha
|-damage|p2b: Sinistcha|59/100
|-unboost|p2b: Sinistcha|spa|1
|
|-weather|none
|-heal|p2a: Kommo-o|100/100 slp|[from] item: Leftovers
|upkeep
|turn|6
|
|t:|1784388856
|switch|p1b: Charizard|Charizard-Mega-Y, L50, F|60/100
|-weather|SunnyDay|[from] ability: Drought|[of] p1b: Charizard
|switch|p2b: Incineroar|Incineroar, L50, M|52/100
|-ability|p2b: Incineroar|Intimidate|boost
|-unboost|p1a: Grimmsnarl|atk|1
|-unboost|p1b: Charizard|atk|1
|cant|p2a: Kommo-o|slp
|move|p1a: Grimmsnarl|Spirit Break|p2a: Kommo-o
|-supereffective|p2a: Kommo-o|2
|-damage|p2a: Kommo-o|7/100 slp
|-unboost|p2a: Kommo-o|spa|1
|
|-weather|SunnyDay|[upkeep]
|-heal|p2a: Kommo-o|13/100 slp|[from] item: Leftovers
|upkeep
|turn|7
|
|t:|1784388879
|-curestatus|p2a: Kommo-o|slp|[msg]
|move|p2a: Kommo-o|Protect|p2a: Kommo-o
|-singleturn|p2a: Kommo-o|Protect
|move|p2b: Incineroar|Fake Out|p1b: Charizard
|-damage|p1b: Charizard|46/100
|move|p1a: Grimmsnarl|Reflect|p1a: Grimmsnarl
|-sidestart|p1: znivs|Reflect
|cant|p1b: Charizard|flinch
|
|-weather|SunnyDay|[upkeep]
|-heal|p2a: Kommo-o|19/100|[from] item: Leftovers
|upkeep
|turn|8
|inactive|lobitooooo has 30 seconds left.
|
|t:|1784388907
|move|p2a: Kommo-o|Clanging Scales|p1b: Charizard|[spread] p1b
|-immune|p1a: Grimmsnarl
|-damage|p1b: Charizard|30/100
|-unboost|p2a: Kommo-o|def|1
|move|p1b: Charizard|Heat Wave|p2b: Incineroar|[spread] p2b
|-miss|p1b: Charizard|p2a: Kommo-o
|-resisted|p2b: Incineroar|1
|-damage|p2b: Incineroar|24/100
|move|p2b: Incineroar|Flare Blitz|p1b: Charizard
|-resisted|p1b: Charizard|1
|-damage|p1b: Charizard|0 fnt
|faint|p1b: Charizard
|-damage|p2b: Incineroar|15/100|[from] Recoil
|move|p1a: Grimmsnarl|Spirit Break|p2b: Incineroar
|-damage|p2b: Incineroar|0 fnt
|faint|p2b: Incineroar
|
|-weather|SunnyDay|[upkeep]
|-heal|p2a: Kommo-o|25/100|[from] item: Leftovers
|upkeep
|
|t:|1784388931
|switch|p1b: Venusaur|Venusaur, L50, M|52/100
|switch|p2b: Sinistcha|Sinistcha, L50|59/100
|-heal|p2a: Kommo-o|50/100g|[from] ability: Hospitality|[of] p2b: Sinistcha
|turn|9
|
|t:|1784388946
|move|p2a: Kommo-o|Protect|p2a: Kommo-o
|-singleturn|p2a: Kommo-o|Protect
|move|p1b: Venusaur|Sleep Powder|p2a: Kommo-o
|-activate|p2a: Kommo-o|move: Protect
|move|p2b: Sinistcha|Life Dew|p2b: Sinistcha|[spread] p2a,p2b
|-heal|p2a: Kommo-o|75/100
|-heal|p2b: Sinistcha|84/100
|move|p1a: Grimmsnarl|Spirit Break|p2a: Kommo-o
|-activate|p2a: Kommo-o|move: Protect
|
|-weather|SunnyDay|[upkeep]
|-heal|p2a: Kommo-o|81/100|[from] item: Leftovers
|upkeep
|turn|10
|inactive|znivs has 30 seconds left.
|
|t:|1784388981
|move|p1b: Venusaur|Sleep Powder|p2a: Kommo-o
|-status|p2a: Kommo-o|slp|[from] move: Sleep Powder
|cant|p2a: Kommo-o|slp
|move|p2b: Sinistcha|Matcha Gotcha|p1b: Venusaur|[spread] p1a,p1b
|-resisted|p1b: Venusaur|2
|-damage|p1a: Grimmsnarl|71/100
|-heal|p2b: Sinistcha|93/100|[from] drain|[of] p1a: Grimmsnarl
|-damage|p1b: Venusaur|47/100
|-heal|p2b: Sinistcha|95/100|[from] drain|[of] p1b: Venusaur
|-status|p1b: Venusaur|brn
|move|p1a: Grimmsnarl|Spirit Break|p2a: Kommo-o
|-supereffective|p2a: Kommo-o|2
|-damage|p2a: Kommo-o|0 fnt
|faint|p2a: Kommo-o
|
|-weather|none
|-damage|p1b: Venusaur|41/100 brn|[from] brn
|upkeep
|
|t:|1784389001
|switch|p2a: Sneasler|Sneasler, L50, M|36/100
|turn|11
|
|t:|1784389006
|move|p2a: Sneasler|Fake Out|p1b: Venusaur
|-damage|p1b: Venusaur|29/100 brn
|cant|p1b: Venusaur|flinch
|move|p2b: Sinistcha|Life Dew|p2b: Sinistcha|[spread] p2a,p2b
|-heal|p2a: Sneasler|61/100
|-heal|p2b: Sinistcha|100/100
|move|p1a: Grimmsnarl|Spirit Break|p2a: Sneasler
|-damage|p2a: Sneasler|32/100
|-unboost|p2a: Sneasler|spa|1
|-enditem|p2a: Sneasler|White Herb
|-clearnegativeboost|p2a: Sneasler|[silent]
|
|-damage|p1b: Venusaur|24/100 brn|[from] brn
|-sideend|p1: znivs|move: Light Screen
|upkeep
|turn|12
|
|t:|1784389025
|move|p2a: Sneasler|Dire Claw|p1a: Grimmsnarl
|-supereffective|p1a: Grimmsnarl|1
|-damage|p1a: Grimmsnarl|26/100
|-status|p1a: Grimmsnarl|slp
|move|p1b: Venusaur|Earth Power|p2a: Sneasler
|-supereffective|p2a: Sneasler|1
|-damage|p2a: Sneasler|0 fnt
|faint|p2a: Sneasler
|move|p2b: Sinistcha|Life Dew||[still]
|-fail|p2b: Sinistcha|heal
|cant|p1a: Grimmsnarl|slp
|
|-damage|p1b: Venusaur|18/100 brn|[from] brn
|upkeep
|turn|13
|
|t:|1784389041
|cant|p1a: Grimmsnarl|slp
|move|p1b: Venusaur|Sludge Bomb|p2b: Sinistcha
|-damage|p2b: Sinistcha|53/100
|move|p2b: Sinistcha|Matcha Gotcha|p1a: Grimmsnarl|[spread] p1a
|-miss|p2b: Sinistcha|p1b: Venusaur
|-damage|p1a: Grimmsnarl|5/100 slp
|-heal|p2b: Sinistcha|65/100|[from] drain|[of] p1a: Grimmsnarl
|
|-damage|p1b: Venusaur|12/100 brn|[from] brn
|upkeep
|turn|14
|
|t:|1784389055
|-curestatus|p1a: Grimmsnarl|slp|[msg]
|move|p1a: Grimmsnarl|Light Screen|p1a: Grimmsnarl
|-sidestart|p1: znivs|move: Light Screen
|move|p1b: Venusaur|Sludge Bomb|p2b: Sinistcha
|-damage|p2b: Sinistcha|21/100
|move|p2b: Sinistcha|Matcha Gotcha|p1a: Grimmsnarl|[spread] p1b
|-miss|p2b: Sinistcha|p1a: Grimmsnarl
|-resisted|p1b: Venusaur|2
|-damage|p1b: Venusaur|8/100 brn
|-heal|p2b: Sinistcha|24/100|[from] drain|[of] p1b: Venusaur
|
|-damage|p1b: Venusaur|2/100 brn|[from] brn
|-sideend|p1: znivs|Reflect
|upkeep
|turn|15
|
|t:|1784389077
|move|p2b: Sinistcha|Protect|p2b: Sinistcha
|-singleturn|p2b: Sinistcha|Protect
|move|p1b: Venusaur|Sludge Bomb|p2b: Sinistcha
|-activate|p2b: Sinistcha|move: Protect
|move|p1a: Grimmsnarl|Spirit Break|p2b: Sinistcha
|-activate|p2b: Sinistcha|move: Protect
|
|-damage|p1b: Venusaur|0 fnt|[from] brn
|faint|p1b: Venusaur
|upkeep
|turn|16
|inactive|znivs has 30 seconds left.
|
|t:|1784389107
|move|p2b: Sinistcha|Life Dew|p2b: Sinistcha
|-heal|p2b: Sinistcha|49/100
|move|p1a: Grimmsnarl|Spirit Break|p2b: Sinistcha
|-damage|p2b: Sinistcha|33/100
|-unboost|p2b: Sinistcha|spa|1
|
|upkeep
|turn|17
|
|t:|1784389120
|move|p2b: Sinistcha|Matcha Gotcha|p1a: Grimmsnarl
|-damage|p1a: Grimmsnarl|0 fnt
|-heal|p2b: Sinistcha|37/100|[from] drain|[of] p1a: Grimmsnarl
|faint|p1a: Grimmsnarl
|
|win|lobitooooo
||znivs is ready for game 3.
||lobitooooo is ready for game 3.
|uhtml|next|Next: Game 3 of 3
|l|☆lobitooooo
|player|p2|
