|j|☆new mental
|j|☆imsochove
|html|new mentalimsochove    
|uhtml|bestof|Game 1 of a best-of-3
|t:|1786125358
|gametype|doubles
|player|p1|new mental|volkner|1254
|player|p2|imsochove|102|1267
|gen|9
|tier|[Gen 9 Champions] VGC 2026 Reg M-B (Bo3)
|rated|
|rule|Species Clause: Limit one of each Pokémon
|rule|Item Clause: Limit 1 of each item
|clearpoke
|poke|p1|Charizard, L50, M|
|poke|p1|Garchomp, L50, M|
|poke|p1|Incineroar, L50, M|
|poke|p1|Venusaur, L50, F|
|poke|p1|Toxapex, L50, M|
|poke|p1|Sylveon, L50, M|
|poke|p2|Bellibolt, L50, M|
|poke|p2|Grimmsnarl, L50, M|
|poke|p2|Staraptor, L50, M|
|poke|p2|Hippowdon, L50, M|
|poke|p2|Sinistcha-Masterpiece, L50|
|poke|p2|Raichu, L50, F|
|teampreview|4
|showteam|p1|Charizard||CharizarditeY|Blaze|WeatherBall,HeatWave,AncientPower,Protect|Modest||M|||50|]Garchomp||ChoiceScarf|RoughSkin|RockSlide,DragonClaw,Earthquake,StompingTantrum|Adamant||M|||50|]Incineroar||SitrusBerry|Intimidate|FlareBlitz,FakeOut,DarkestLariat,PartingShot|Impish||M|||50|]Venusaur||LifeOrb|Chlorophyll|SludgeBomb,LeafStorm,EarthPower,Protect|Modest||F|||50|]Toxapex||Leftovers|Regenerator|Infestation,Toxic,WideGuard,BanefulBunker|Bold||M|||50|]Sylveon||FairyFeather|Pixilate|HyperVoice,QuickAttack,Yawn,Detect|Modest||M|||50|
|showteam|p2|Bellibolt||SitrusBerry|Electromorphosis|ParabolicCharge,Thunderbolt,Soak,Protect|Modest||M|||50|]Grimmsnarl||LightClay|Prankster|LightScreen,FoulPlay,Reflect,PartingShot|Sassy||M|||50|]Staraptor||Staraptite|Intimidate|BraveBird,CloseCombat,Roost,Protect|Jolly||M|||50|]Hippowdon||IronBall|SandStream|HighHorsepower,IceFang,HeavySlam,Protect|Brave||M|||50|]Sinistcha-Masterpiece||ColburBerry|Hospitality|MatchaGotcha,RagePowder,TrickRoom,Protect|Bold|||||50|]Raichu||RaichuniteX|LightningRod|VoltTackle,VoltSwitch,FakeOut,Protect|Jolly||F|||50|
|inactive|Battle timer is ON: inactive players will automatically lose when time's up. (requested by new mental)
|
|t:|1786125384
|teamsize|p1|4
|teamsize|p2|4
|start
|switch|p1a: Charizard|Charizard, L50, M|100/100
|switch|p1b: Sylveon|Sylveon, L50, M|100/100
|switch|p2a: Grimmsnarl|Grimmsnarl, L50, M|100/100
|switch|p2b: Raichu|Raichu, L50, F|100/100
|turn|1
|
|t:|1786125400
|detailschange|p2b: Raichu|Raichu-Mega-X, L50, F
|-mega|p2b: Raichu|Raichu|Raichunite X
|-fieldstart|move: Electric Terrain|[from] ability: Electric Surge|[of] p2b: Raichu
|detailschange|p1a: Charizard|Charizard-Mega-Y, L50, M
|-mega|p1a: Charizard|Charizard|Charizardite Y
|-weather|SunnyDay|[from] ability: Drought|[of] p1a: Charizard
|move|p1a: Charizard|Protect|p1a: Charizard
|-singleturn|p1a: Charizard|Protect
|move|p2a: Grimmsnarl|Light Screen|p2a: Grimmsnarl
|-sidestart|p2: imsochove|move: Light Screen
|move|p2b: Raichu|Volt Tackle|p1a: Charizard
|-activate|p1a: Charizard|move: Protect
|move|p1b: Sylveon|Hyper Voice|p2b: Raichu|[spread] p2a,p2b
|-supereffective|p2a: Grimmsnarl|1
|-damage|p2a: Grimmsnarl|43/100
|-damage|p2b: Raichu|58/100
|
|-weather|SunnyDay|[upkeep]
|upkeep
|turn|2
|
|t:|1786125418
|switch|p1a: Garchomp|Garchomp, L50, M|100/100
|move|p2a: Grimmsnarl|Parting Shot|p1b: Sylveon
|-unboost|p1b: Sylveon|atk|1
|-unboost|p1b: Sylveon|spa|1
|
|t:|1786125424
|switch|p2a: Sinistcha|Sinistcha-Masterpiece, L50|100/100|[from] Parting Shot
|-heal|p2b: Raichu|83/100|[from] ability: Hospitality|[of] p2a: Sinistcha
|move|p2b: Raichu|Volt Switch|p1a: Garchomp
|-immune|p1a: Garchomp
|move|p1b: Sylveon|Hyper Voice|p2b: Raichu|[spread] p2a,p2b
|-damage|p2a: Sinistcha|79/100
|-damage|p2b: Raichu|56/100
|
|-weather|SunnyDay|[upkeep]
|upkeep
|turn|3
|
|t:|1786125442
|move|p2b: Raichu|Protect|p2b: Raichu
|-singleturn|p2b: Raichu|Protect
|move|p1a: Garchomp|Earthquake|p2a: Sinistcha|[spread] p1b,p2a
|-activate|p2b: Raichu|move: Protect
|-resisted|p2a: Sinistcha|1
|-damage|p1b: Sylveon|61/100
|-damage|p2a: Sinistcha|62/100
|move|p1b: Sylveon|Hyper Voice|p2a: Sinistcha|[spread] p2a
|-activate|p2b: Raichu|move: Protect
|-damage|p2a: Sinistcha|42/100
|move|p2a: Sinistcha|Trick Room|p2a: Sinistcha
|-fieldstart|move: Trick Room|[of] p2a: Sinistcha
|
|-weather|SunnyDay|[upkeep]
|upkeep
|turn|4
|
|t:|1786125459
|switch|p1b: Charizard|Charizard-Mega-Y, L50, M|100/100
|move|p2a: Sinistcha|Matcha Gotcha|p1a: Garchomp|[spread] p1a,p1b
|-resisted|p1b: Charizard|2
|-damage|p1a: Garchomp|71/100
|-heal|p2a: Sinistcha|57/100|[from] drain|[of] p1a: Garchomp
|-damage|p1b: Charizard|94/100
|-heal|p2a: Sinistcha|60/100|[from] drain|[of] p1b: Charizard
|move|p2b: Raichu|Volt Switch|p1b: Charizard
|-supereffective|p1b: Charizard|1
|-damage|p1b: Charizard|43/100
|
|t:|1786125473
|switch|p2b: Grimmsnarl|Grimmsnarl, L50, M|43/100|[from] Volt Switch
|move|p1a: Garchomp|Earthquake|p2b: Grimmsnarl|[spread] p2a,p2b
|-immune|p1b: Charizard
|-resisted|p2a: Sinistcha|1
|-damage|p2a: Sinistcha|42/100
|-damage|p2b: Grimmsnarl|1/100
|
|-weather|SunnyDay|[upkeep]
|upkeep
|turn|5
|
|t:|1786125486
|switch|p1a: Toxapex|Toxapex, L50, M|100/100
|move|p2b: Grimmsnarl|Reflect|p2b: Grimmsnarl
|-sidestart|p2: imsochove|Reflect
|move|p2a: Sinistcha|Matcha Gotcha|p1a: Toxapex|[spread] p1b
|-miss|p2a: Sinistcha|p1a: Toxapex
|-resisted|p1b: Charizard|2
|-damage|p1b: Charizard|38/100
|-heal|p2a: Sinistcha|45/100|[from] drain|[of] p1b: Charizard
|move|p1b: Charizard|Heat Wave|p2a: Sinistcha|[spread] p2a,p2b
|-supereffective|p2a: Sinistcha|1
|-damage|p2a: Sinistcha|0 fnt
|-damage|p2b: Grimmsnarl|0 fnt
|faint|p2a: Sinistcha
|faint|p2b: Grimmsnarl
|
|-weather|none
|-fieldend|move: Electric Terrain
|upkeep
|
|t:|1786125493
|switch|p2b: Raichu|Raichu-Mega-X, L50, F|56/100
|switch|p2a: Bellibolt|Bellibolt, L50, M|100/100
|-fieldstart|move: Electric Terrain|[from] ability: Electric Surge|[of] p2b: Raichu
|turn|6
|
|t:|1786125510
|move|p1a: Toxapex|Toxic|p2b: Raichu
|-status|p2b: Raichu|tox
|move|p2a: Bellibolt|Thunderbolt|p1b: Charizard
|-supereffective|p1b: Charizard|1
|-damage|p1b: Charizard|0 fnt
|faint|p1b: Charizard
|move|p2b: Raichu|Volt Tackle|p1a: Toxapex
|-supereffective|p1a: Toxapex|1
|-damage|p1a: Toxapex|0 fnt
|faint|p1a: Toxapex
|-damage|p2b: Raichu|18/100 tox|[from] Recoil
|
|-damage|p2b: Raichu|13/100 tox|[from] psn
|upkeep
|
|t:|1786125514
|switch|p1a: Garchomp|Garchomp, L50, M|71/100
|switch|p1b: Sylveon|Sylveon, L50, M|61/100
|turn|7
|
|t:|1786125526
|move|p2a: Bellibolt|Soak|p1a: Garchomp
|-start|p1a: Garchomp|typechange|Water
|move|p1b: Sylveon|Hyper Voice|p2b: Raichu|[spread] p2a,p2b
|-damage|p2a: Bellibolt|74/100
|-damage|p2b: Raichu|0 fnt
|-start|p2a: Bellibolt|Charge|Hyper Voice|[from] ability: Electromorphosis
|faint|p2b: Raichu
|move|p1a: Garchomp|Stomping Tantrum|p2a: Bellibolt
|-supereffective|p2a: Bellibolt|1
|-damage|p2a: Bellibolt|44/100
|-start|p2a: Bellibolt|Charge|Stomping Tantrum|[from] ability: Electromorphosis
|-enditem|p2a: Bellibolt|Sitrus Berry|[eat]
|-heal|p2a: Bellibolt|69/100|[from] item: Sitrus Berry
|
|-fieldend|move: Trick Room
|upkeep
|turn|8
|
|t:|1786125535
|move|p1a: Garchomp|Stomping Tantrum|p2a: Bellibolt
|-supereffective|p2a: Bellibolt|1
|-damage|p2a: Bellibolt|37/100
|-start|p2a: Bellibolt|Charge|Stomping Tantrum|[from] ability: Electromorphosis
|move|p1b: Sylveon|Hyper Voice|p2a: Bellibolt
|-damage|p2a: Bellibolt|5/100
|-start|p2a: Bellibolt|Charge|Hyper Voice|[from] ability: Electromorphosis
|move|p2a: Bellibolt|Parabolic Charge|p1b: Sylveon|[spread] p1a,p1b
|-supereffective|p1a: Garchomp|1
|-crit|p1b: Sylveon
|-damage|p1a: Garchomp|0 fnt
|-heal|p2a: Bellibolt|36/100|[from] drain|[of] p1a: Garchomp
|-damage|p1b: Sylveon|3/100
|-heal|p2a: Bellibolt|62/100|[from] drain|[of] p1b: Sylveon
|faint|p1a: Garchomp
|-end|p2a: Bellibolt|Charge|[silent]
|
|-sideend|p2: imsochove|move: Light Screen
|upkeep
|turn|9
|
|t:|1786125556
|move|p1b: Sylveon|Hyper Voice|p2a: Bellibolt
|-damage|p2a: Bellibolt|11/100
|-start|p2a: Bellibolt|Charge|Hyper Voice|[from] ability: Electromorphosis
|move|p2a: Bellibolt|Thunderbolt|p1b: Sylveon
|-damage|p1b: Sylveon|0 fnt
|faint|p1b: Sylveon
|-end|p2a: Bellibolt|Charge|[silent]
|
|win|imsochove
