|j|☆littlemungil
|j|☆yunsen
|html|littlemungilyunsen    
|uhtml|bestof|Game 3 of a best-of-3
|t:|1782481560
|gametype|doubles
|player|p1|littlemungil|1|1048
|player|p2|yunsen|n|1073
|gen|9
|tier|[Gen 9 Champions] VGC 2026 Reg M-B (Bo3)
|rated|
|rule|Species Clause: Limit one of each Pokémon
|rule|Item Clause: Limit 1 of each item
|clearpoke
|poke|p1|Staraptor, L50, M|
|poke|p1|Grimmsnarl, L50, M|
|poke|p1|Talonflame, L50, F|
|poke|p1|Tsareena, L50, F|
|poke|p1|Raichu, L50, M|
|poke|p1|Milotic, L50, M|
|poke|p2|Raichu, L50, M|
|poke|p2|Whimsicott, L50, M|
|poke|p2|Basculegion, L50, M|
|poke|p2|Garchomp, L50, M|
|poke|p2|Floette-Eternal, L50, F|
|poke|p2|Gholdengo, L50|
|teampreview|4
|showteam|p1|Staraptor||Staraptite|Intimidate|Uturn,CloseCombat,DualWingbeat,Protect|Jolly||M|||50|]Grimmsnarl||FocusSash|Prankster|Protect,PlayRough,PartingShot,ScaryFace|Careful||M|||50|]Talonflame||BrightPowder|GaleWings|FeatherDance,Protect,DualWingbeat,Roost|Jolly||F|||50|]Tsareena||ChoiceScarf|QueenlyMajesty|HighJumpKick,TripleAxel,TropKick,KnockOff|Jolly||F|||50|]Raichu||RaichuniteY|Static|ZapCannon,FocusBlast,Electroweb,FakeOut|Serious||M|||50|]Milotic||Leftovers|MarvelScale|Protect,Hypnosis,Coil,Scald|Bold||M|||50|
|showteam|p2|Raichu||RaichuniteY|LightningRod|Protect,ZapCannon,FocusBlast,FakeOut|Modest||M|||50|]Whimsicott||FocusSash|Prankster|Protect,Moonblast,Tailwind,Encore|Timid||M|||50|]Basculegion||MysticWater|Adaptability|Protect,WaveCrash,LastRespects,AquaJet|Adamant||M|||50|]Garchomp||SitrusBerry|RoughSkin|RockSlide,StompingTantrum,DragonClaw,Protect|Jolly||M|||50|]Floette-Eternal||Floettite|FlowerVeil|Protect,Moonblast,DazzlingGleam,Psychic|Timid||F|||50|]Gholdengo||LifeOrb|GoodasGold|Protect,MakeItRain,NastyPlot,ShadowBall|Timid|||||50|
|inactive|Battle timer is ON: inactive players will automatically lose when time's up. (requested by yunsen)
|inactive|littlemungil has 60 seconds left.
|inactive|yunsen has 60 seconds left.
|
|t:|1782481598
|teamsize|p1|4
|teamsize|p2|4
|start
|switch|p1a: Talonflame|Talonflame, L50, F|100/100
|switch|p1b: Staraptor|Staraptor, L50, M|100/100
|switch|p2a: Floette|Floette-Eternal, L50, F|100/100
|switch|p2b: Whimsicott|Whimsicott, L50, M|100/100
|-ability|p1b: Staraptor|Intimidate|boost
|-unboost|p2a: Floette|atk|1
|-block|p2b: Whimsicott|ability: Flower Veil|[of] p2a: Floette
|turn|1
|inactive|littlemungil has 30 seconds left.
|inactive|littlemungil has 20 seconds left.
|inactive|littlemungil has 15 seconds left.
|
|t:|1782481640
|detailschange|p1b: Staraptor|Staraptor-Mega, L50, M
|-mega|p1b: Staraptor|Staraptor|Staraptite
|detailschange|p2a: Floette|Floette-Mega, L50, F
|-mega|p2a: Floette|Floette|Floettite
|-ability|p2a: Floette|Fairy Aura
|move|p1a: Talonflame|Feather Dance|p1b: Staraptor
|-boost|p1b: Staraptor|atk|2
|move|p2b: Whimsicott|Tailwind|p2b: Whimsicott
|-sidestart|p2: yunsen|move: Tailwind
|move|p2a: Floette|Dazzling Gleam|p1b: Staraptor|[spread] p1a,p1b
|-resisted|p1a: Talonflame|1
|-supereffective|p1b: Staraptor|1
|-damage|p1a: Talonflame|70/100
|-damage|p1b: Staraptor|0 fnt
|faint|p1b: Staraptor
|
|upkeep
|
|t:|1782481654
|switch|p1b: Milotic|Milotic, L50, M|100/100
|turn|2
|
|t:|1782481666
|move|p2b: Whimsicott|Moonblast|p1a: Talonflame
|-resisted|p1a: Talonflame|1
|-damage|p1a: Talonflame|43/100
|move|p2a: Floette|Moonblast|p1a: Talonflame
|-resisted|p1a: Talonflame|1
|-damage|p1a: Talonflame|0 fnt
|faint|p1a: Talonflame
|move|p1b: Milotic|Coil|p1b: Milotic
|-boost|p1b: Milotic|atk|1
|-boost|p1b: Milotic|def|1
|-boost|p1b: Milotic|accuracy|1
|
|upkeep
|
|t:|1782481676
|switch|p1a: Tsareena|Tsareena, L50, F|100/100
|turn|3
|
|t:|1782481685
|move|p2b: Whimsicott|Encore||[still]
|cant|p1a: Tsareena|ability: Queenly Majesty|Encore|[of] p2b: Whimsicott
|move|p2a: Floette|Moonblast|p1a: Tsareena
|-damage|p1a: Tsareena|5/100
|move|p1a: Tsareena|Triple Axel|p2b: Whimsicott
|-supereffective|p2b: Whimsicott|1
|-damage|p2b: Whimsicott|78/100
|-supereffective|p2b: Whimsicott|1
|-damage|p2b: Whimsicott|38/100
|-supereffective|p2b: Whimsicott|1
|-damage|p2b: Whimsicott|0 fnt
|faint|p2b: Whimsicott
|-hitcount|p2: Whimsicott|3
|move|p1b: Milotic|Hypnosis|p2a: Floette
|-status|p2a: Floette|slp|[from] move: Hypnosis
|
|upkeep
|
|t:|1782481691
|switch|p2b: Basculegion|Basculegion, L50, M|100/100
|turn|4
|
|t:|1782481713
|move|p2b: Basculegion|Aqua Jet||[still]
|cant|p1a: Tsareena|ability: Queenly Majesty|Aqua Jet|[of] p2b: Basculegion
|cant|p2a: Floette|slp
|move|p1a: Tsareena|Triple Axel|p2a: Floette
|-damage|p2a: Floette|91/100 slp
|-hitcount|p2a: Floette|1
|move|p1b: Milotic|Hypnosis|p2b: Basculegion
|-status|p2b: Basculegion|slp|[from] move: Hypnosis
|
|-sideend|p2: yunsen|move: Tailwind
|upkeep
|turn|5
|
|t:|1782481730
|move|p1a: Tsareena|Triple Axel|p2a: Floette
|-damage|p2a: Floette|82/100 slp
|-damage|p2a: Floette|62/100 slp
|-damage|p2a: Floette|38/100 slp
|-hitcount|p2a: Floette|3
|cant|p2a: Floette|slp
|cant|p2b: Basculegion|slp
|move|p1b: Milotic|Scald|p2a: Floette
|-damage|p2a: Floette|14/100 slp
|
|upkeep
|turn|6
|
|t:|1782481753
|-curestatus|p2a: Floette|slp|[msg]
|move|p2a: Floette|Protect|p2a: Floette
|-singleturn|p2a: Floette|Protect
|move|p1a: Tsareena|Triple Axel|p2a: Floette
|-activate|p2a: Floette|move: Protect
|cant|p2b: Basculegion|slp
|move|p1b: Milotic|Scald|p2a: Floette
|-activate|p2a: Floette|move: Protect
|
|upkeep
|turn|7
|
|t:|1782481772
|switch|p2a: Gholdengo|Gholdengo, L50|100/100
|move|p1a: Tsareena|Triple Axel|p2a: Gholdengo
|-resisted|p2a: Gholdengo|1
|-damage|p2a: Gholdengo|96/100
|-resisted|p2a: Gholdengo|1
|-damage|p2a: Gholdengo|90/100
|-resisted|p2a: Gholdengo|1
|-damage|p2a: Gholdengo|80/100
|-hitcount|p2a: Gholdengo|3
|-curestatus|p2b: Basculegion|slp|[msg]
|move|p2b: Basculegion|Last Respects|p1a: Tsareena
|-damage|p1a: Tsareena|0 fnt
|faint|p1a: Tsareena
|move|p1b: Milotic|Scald|p2b: Basculegion
|-resisted|p2b: Basculegion|1
|-damage|p2b: Basculegion|83/100
|
|upkeep
|turn|8
|
|t:|1782481791
|move|p2a: Gholdengo|Shadow Ball|p1b: Milotic
|-damage|p1b: Milotic|60/100
|-damage|p2a: Gholdengo|70/100|[from] item: Life Orb
|move|p2b: Basculegion|Last Respects|p1b: Milotic
|-damage|p1b: Milotic|25/100
|move|p1b: Milotic|Scald|p2a: Gholdengo
|-damage|p2a: Gholdengo|43/100
|-status|p2a: Gholdengo|brn
|
|-heal|p1b: Milotic|31/100|[from] item: Leftovers
|-damage|p2a: Gholdengo|37/100 brn|[from] brn
|upkeep
|turn|9
|
|t:|1782481805
|move|p1b: Milotic|Protect|p1b: Milotic
|-singleturn|p1b: Milotic|Protect
|move|p2a: Gholdengo|Shadow Ball|p1b: Milotic
|-activate|p1b: Milotic|move: Protect
|move|p2b: Basculegion|Last Respects|p1b: Milotic
|-activate|p1b: Milotic|move: Protect
|
|-heal|p1b: Milotic|37/100|[from] item: Leftovers
|-damage|p2a: Gholdengo|31/100 brn|[from] brn
|upkeep
|turn|10
|
|t:|1782481817
|move|p2a: Gholdengo|Shadow Ball|p1b: Milotic
|-damage|p1b: Milotic|1/100
|-damage|p2a: Gholdengo|21/100 brn|[from] item: Life Orb
|move|p2b: Basculegion|Last Respects|p1b: Milotic
|-damage|p1b: Milotic|0 fnt
|faint|p1b: Milotic
|
|win|yunsen
|raw|littlemungil's rating: 1048 → 1032(-16 for losing)
|raw|yunsen's rating: 1073 → 1100(+27 for winning)
|l|☆littlemungil
|player|p1|
|c|☆yunsen|ggs
