|j|☆Foffa
|j|☆Slo-mmo-o
|html|FoffaSlo-mmo-o    
|uhtml|bestof|Game 2 of a best-of-3
|t:|1756907017
|gametype|doubles
|player|p1|Foffa|266|1307
|player|p2|Slo-mmo-o|lucas|1378
|gen|9
|tier|[Gen 9] VGC 2025 Reg H (Bo3)
|rated|
|rule|Species Clause: Limit one of each Pokémon
|rule|Item Clause: Limit 1 of each item
|clearpoke
|poke|p1|Chesnaught, L50, M|
|poke|p1|Ninetales-Alola, L50, F|
|poke|p1|Incineroar, L50, F|
|poke|p1|Gholdengo, L50|
|poke|p1|Garchomp, L50, F|
|poke|p1|Glimmora, L50, M|
|poke|p2|Kommo-o, L50, F|
|poke|p2|Ninetales-Alola, L50, F|
|poke|p2|Rillaboom, L50, M|
|poke|p2|Electabuzz, L50, M|
|poke|p2|Annihilape, L50, M|
|poke|p2|Kingambit, L50, F|
|teampreview|4
|showteam|p1|Chesnaught||Leftovers|Bulletproof|SpikyShield,IronDefense,BodyPress,LeechSeed|||M|||50|,,,,,Steel]Ninetales-Alola||LightClay|SnowWarning|Protect,AuroraVeil,Blizzard,IcyWind|||F|||50|,,,,,Fire]Incineroar||RockyHelmet|Intimidate|FlareBlitz,FakeOut,KnockOff,PartingShot|||F|||50|,,,,,Fairy]Gholdengo||ChoiceScarf|GoodasGold|MakeItRain,ShadowBall,Trick,PowerGem||||||50|,,,,,Steel]Garchomp||ClearAmulet|RoughSkin|DragonClaw,Protect,StompingTantrum,Earthquake|||F|||50|,,,,,Fire]Glimmora||AssaultVest|ToxicDebris|PowerGem,EarthPower,SludgeBomb,MortalSpin|||M|||50|,,,,,Grass
|showteam|p2|Kommo-o||LifeOrb|Soundproof|ClangingScales,AuraSphere,Flamethrower,Protect|||F|||50|,,,,,Fire]Ninetales-Alola||NeverMeltIce|SnowWarning|Blizzard,FreezeDry,Encore,Protect|||F|||50|,,,,,Ice]Rillaboom||AssaultVest|GrassySurge|WoodHammer,GrassyGlide,HighHorsepower,FakeOut|||M|||50|,,,,,Ghost]Electabuzz||Eviolite|VitalSpirit|Electroweb,HelpingHand,FollowMe,Protect|||M|||50|,,,,,Ghost]Annihilape||FocusSash|Defiant|CloseCombat,ShadowClaw,FinalGambit,Taunt|||M|||50|,,,,,Stellar]Kingambit||BlackGlasses|Defiant|KowtowCleave,SuckerPunch,SwordsDance,Protect|||F|||50|,,,,,Dark
|
|t:|1756907044
|teamsize|p1|4
|teamsize|p2|4
|start
|switch|p1a: Garchomp|Garchomp, L50, F|100/100
|switch|p1b: Gholdengo|Gholdengo, L50|100/100
|switch|p2a: Monkey Gong|Rillaboom, L50, M|100/100
|switch|p2b: Queen Goober|Kingambit, L50, F, shiny|100/100
|-fieldstart|move: Grassy Terrain|[from] ability: Grassy Surge|[of] p2a: Monkey Gong
|turn|1
|
|t:|1756907074
|switch|p1b: Ninetales|Ninetales-Alola, L50, F|100/100
|-weather|Snowscape|[from] ability: Snow Warning|[of] p1b: Ninetales
|move|p2b: Queen Goober|Protect|p2b: Queen Goober
|-singleturn|p2b: Queen Goober|Protect
|move|p1a: Garchomp|Stomping Tantrum|p2b: Queen Goober
|-activate|p2b: Queen Goober|move: Protect
|move|p2a: Monkey Gong|High Horsepower|p1b: Ninetales
|-damage|p1b: Ninetales|75/100
|
|-weather|Snowscape|[upkeep]
|-heal|p1b: Ninetales|81/100|[from] Grassy Terrain
|upkeep
|turn|2
|
|t:|1756907105
|-terastallize|p2b: Queen Goober|Dark
|move|p2a: Monkey Gong|Grassy Glide|p1a: Garchomp
|-damage|p1a: Garchomp|69/100
|-damage|p2a: Monkey Gong|88/100|[from] ability: Rough Skin|[of] p1a: Garchomp
|move|p2b: Queen Goober|Sucker Punch|p1a: Garchomp
|-damage|p1a: Garchomp|12/100
|-damage|p2b: Queen Goober|88/100|[from] ability: Rough Skin|[of] p1a: Garchomp
|move|p1b: Ninetales|Aurora Veil|p1b: Ninetales
|-sidestart|p1: Foffa|move: Aurora Veil
|move|p1a: Garchomp|Stomping Tantrum|p2b: Queen Goober
|-damage|p2b: Queen Goober|61/100
|
|-weather|Snowscape|[upkeep]
|-heal|p1b: Ninetales|87/100|[from] Grassy Terrain
|-heal|p1a: Garchomp|18/100|[from] Grassy Terrain
|-heal|p2a: Monkey Gong|94/100|[from] Grassy Terrain
|-heal|p2b: Queen Goober|67/100|[from] Grassy Terrain
|upkeep
|turn|3
|
|t:|1756907130
|move|p1a: Garchomp|Protect|p1a: Garchomp
|-singleturn|p1a: Garchomp|Protect
|move|p1b: Ninetales|Blizzard|p2b: Queen Goober|[spread] p2a,p2b
|-supereffective|p2a: Monkey Gong
|-crit|p2a: Monkey Gong
|-damage|p2a: Monkey Gong|43/100
|-damage|p2b: Queen Goober|43/100
|-status|p2b: Queen Goober|frz
|move|p2a: Monkey Gong|Wood Hammer|p1b: Ninetales
|-damage|p1b: Ninetales|44/100
|-damage|p2a: Monkey Gong|31/100|[from] Recoil
|cant|p2b: Queen Goober|frz
|
|-weather|Snowscape|[upkeep]
|-heal|p1b: Ninetales|50/100|[from] Grassy Terrain
|-heal|p1a: Garchomp|24/100|[from] Grassy Terrain
|-heal|p2a: Monkey Gong|37/100|[from] Grassy Terrain
|-heal|p2b: Queen Goober|49/100 frz|[from] Grassy Terrain
|upkeep
|turn|4
|
|t:|1756907164
|move|p2a: Monkey Gong|Grassy Glide|p1a: Garchomp
|-damage|p1a: Garchomp|4/100
|-damage|p2a: Monkey Gong|25/100|[from] ability: Rough Skin|[of] p1a: Garchomp
|cant|p2b: Queen Goober|frz
|move|p1b: Ninetales|Blizzard|p2a: Monkey Gong|[spread] p2a,p2b
|-supereffective|p2a: Monkey Gong
|-damage|p2a: Monkey Gong|0 fnt
|-damage|p2b: Queen Goober|26/100 frz
|faint|p2a: Monkey Gong
|move|p1a: Garchomp|Dragon Claw|p2b: Queen Goober
|-damage|p2b: Queen Goober|0 fnt
|faint|p2b: Queen Goober
|
|-weather|Snowscape|[upkeep]
|-heal|p1b: Ninetales|56/100|[from] Grassy Terrain
|-heal|p1a: Garchomp|10/100|[from] Grassy Terrain
|upkeep
|
|t:|1756907168
|switch|p2a: Buzz Lightyear|Electabuzz, L50, M|100/100
|switch|p2b: Kommodo-Moʻo|Kommo-o, L50, F, shiny|100/100
|turn|5
|
|t:|1756907188
|move|p1a: Garchomp|Protect|p1a: Garchomp
|-singleturn|p1a: Garchomp|Protect
|move|p2b: Kommodo-Moʻo|Protect|p2b: Kommodo-Moʻo
|-singleturn|p2b: Kommodo-Moʻo|Protect
|move|p1b: Ninetales|Blizzard|p2b: Kommodo-Moʻo|[spread] p2a
|-activate|p2b: Kommodo-Moʻo|move: Protect
|-damage|p2a: Buzz Lightyear|80/100
|move|p2a: Buzz Lightyear|Electroweb|p1b: Ninetales|[spread] p1b
|-activate|p1a: Garchomp|move: Protect
|-crit|p1b: Ninetales
|-damage|p1b: Ninetales|33/100
|-unboost|p1b: Ninetales|spe|1
|
|-weather|none
|-heal|p2a: Buzz Lightyear|86/100|[from] Grassy Terrain
|-heal|p1a: Garchomp|16/100|[from] Grassy Terrain
|-heal|p1b: Ninetales|39/100|[from] Grassy Terrain
|-fieldend|move: Grassy Terrain
|upkeep
|turn|6
|
|t:|1756907213
|move|p1b: Ninetales|Protect|p1b: Ninetales
|-singleturn|p1b: Ninetales|Protect
|move|p2a: Buzz Lightyear|Follow Me|p2a: Buzz Lightyear
|-singleturn|p2a: Buzz Lightyear|move: Follow Me
|move|p1a: Garchomp|Earthquake|p2b: Kommodo-Moʻo|[spread] p2a,p2b
|-activate|p1b: Ninetales|move: Protect
|-supereffective|p2a: Buzz Lightyear
|-damage|p2a: Buzz Lightyear|21/100
|-damage|p2b: Kommodo-Moʻo|64/100
|move|p2b: Kommodo-Moʻo|Flamethrower|p1b: Ninetales
|-activate|p1b: Ninetales|move: Protect
|
|upkeep
|turn|7
|
|t:|1756907246
|move|p2a: Buzz Lightyear|Protect|p2a: Buzz Lightyear
|-singleturn|p2a: Buzz Lightyear|Protect
|move|p1a: Garchomp|Dragon Claw|p2b: Kommodo-Moʻo
|-supereffective|p2b: Kommodo-Moʻo
|-damage|p2b: Kommodo-Moʻo|0 fnt
|faint|p2b: Kommodo-Moʻo
|move|p1b: Ninetales|Icy Wind|p2a: Buzz Lightyear
|-activate|p2a: Buzz Lightyear|move: Protect
|
|upkeep
|turn|8
|
|t:|1756907276
|move|p2a: Buzz Lightyear|Helping Hand|p2: Kommodo-Moʻo|[notarget]
|-fail|p2a: Buzz Lightyear
|move|p1b: Ninetales|Protect|p1b: Ninetales
|-singleturn|p1b: Ninetales|Protect
|move|p1a: Garchomp|Stomping Tantrum|p2a: Buzz Lightyear
|-supereffective|p2a: Buzz Lightyear
|-damage|p2a: Buzz Lightyear|0 fnt
|faint|p2a: Buzz Lightyear
|
|win|Foffa
||Slo-mmo-o is ready for game 3.
|inactive|Foffa has 30 seconds to confirm battle start!
||Foffa is ready for game 3.
|uhtml|next|Next: Game 3 of 3
|l|☆Foffa
|player|p1|
