|j|☆testaremerdate
|j|☆Lewis94
|html|testaremerdateLewis94    
|uhtml|bestof|Game 2 of a best-of-3
|t:|1755788106
|gametype|doubles
|player|p1|testaremerdate|102|1168
|player|p2|Lewis94|ethan-gen2|1222
|gen|9
|tier|[Gen 9] VGC 2025 Reg H (Bo3)
|rated|
|rule|Species Clause: Limit one of each Pokémon
|rule|Item Clause: Limit 1 of each item
|clearpoke
|poke|p1|Incineroar, L50, M|
|poke|p1|Pelipper, L50, M|
|poke|p1|Archaludon, L50, F|
|poke|p1|Amoonguss, L50, M|
|poke|p1|Basculegion, L50, M|
|poke|p1|Gholdengo, L50|
|poke|p2|Garchomp, L50, F|
|poke|p2|Whimsicott, L50, F|
|poke|p2|Dragonite, L50, M|
|poke|p2|Kingambit, L50, F|
|poke|p2|Typhlosion-Hisui, L50, F|
|poke|p2|Torkoal, L50, M|
|teampreview|4
|showteam|p1|Incineroar||SafetyGoggles|Intimidate|KnockOff,FlareBlitz,FakeOut,PartingShot|||M|||50|,,,,,Ghost]Pelipper||FocusSash|Drizzle|WeatherBall,Hurricane,Tailwind,WideGuard|||M|||50|,,,,,Ghost]Archaludon||AssaultVest|Stamina|FlashCannon,DracoMeteor,BodyPress,ElectroShot|||F|||50|,,,,,Grass]Amoonguss||SitrusBerry|Regenerator|Spore,PollenPuff,ClearSmog,RagePowder|||M|||50|,,,,,Dark]Basculegion||ChoiceBand|SwiftSwim|WaveCrash,LastRespects,FlipTurn,AquaJet|||M|||50|,,,,,Water]Gholdengo||LifeOrb|GoodasGold|MakeItRain,ShadowBall,NastyPlot,Protect||||||50|,,,,,Steel
|showteam|p2|Garchomp||LifeOrb|RoughSkin|DragonClaw,StompingTantrum,Earthquake,Protect|||F|||50|,,,,,Ground]Whimsicott||CovertCloak|Prankster|Tailwind,SunnyDay,Moonblast,Encore|||F|||50|,,,,,Dark]Dragonite||LoadedDice|Multiscale|ExtremeSpeed,ScaleShot,Tailwind,Protect|||M|||50|,,,,,Normal]Kingambit||AssaultVest|Defiant|IronHead,SuckerPunch,KowtowCleave,LowKick|||F|||50|,,,,,Flying]Typhlosion-Hisui||ChoiceSpecs|Blaze|Eruption,ShadowBall,HeatWave,Overheat|||F|||50|,,,,,Fire]Torkoal||EjectPack|Drought|Overheat,Flamethrower,HelpingHand,Protect|||M|||50|,,,,,Flying
|inactive|Battle timer is ON: inactive players will automatically lose when time's up. (requested by Lewis94)
|inactive|testaremerdate also wants the timer to be on.
|
|t:|1755788132
|teamsize|p1|4
|teamsize|p2|4
|start
|switch|p1a: Amoonguss|Amoonguss, L50, M, shiny|100/100
|switch|p1b: Basculegion|Basculegion, L50, M, shiny|100/100
|switch|p2a: Torkoal|Torkoal, L50, M|100/100
|switch|p2b: Typhlosion|Typhlosion-Hisui, L50, F|100/100
|-weather|SunnyDay|[from] ability: Drought|[of] p2a: Torkoal
|turn|1
|inactive|testaremerdate has 30 seconds left.
|inactive|Lewis94 has 30 seconds left.
|
|t:|1755788163
|switch|p1a: Pelipper|Pelipper, L50, M, shiny|100/100
|-weather|RainDance|[from] ability: Drizzle|[of] p1a: Pelipper
|-terastallize|p2b: Typhlosion|Fire
|-terastallize|p1b: Basculegion|Water
|move|p1b: Basculegion|Flip Turn|p2b: Typhlosion
|-supereffective|p2b: Typhlosion
|-damage|p2b: Typhlosion|0 fnt
|faint|p2b: Typhlosion
|
|t:|1755788182
|switch|p1b: Incineroar|Incineroar, L50, M, shiny|100/100|[from] Flip Turn
|-ability|p1b: Incineroar|Intimidate|boost
|-unboost|p2a: Torkoal|atk|1
|-enditem|p2a: Torkoal|Eject Pack
|
|t:|1755788187
|switch|p2a: Dragonite|Dragonite, L50, M|100/100
|
|-weather|RainDance|[upkeep]
|upkeep
|
|t:|1755788191
|switch|p2b: Torkoal|Torkoal, L50, M|100/100
|-weather|SunnyDay|[from] ability: Drought|[of] p2b: Torkoal
|turn|2
|
|t:|1755788215
|switch|p1a: Amoonguss|Amoonguss, L50, M, shiny|100/100
|move|p1b: Incineroar|Fake Out|p2b: Torkoal
|-damage|p2b: Torkoal|92/100
|move|p2a: Dragonite|Scale Shot|p1a: Amoonguss
|-damage|p1a: Amoonguss|87/100
|-damage|p1a: Amoonguss|73/100
|-damage|p1a: Amoonguss|58/100
|-damage|p1a: Amoonguss|44/100
|-enditem|p1a: Amoonguss|Sitrus Berry|[eat]
|-heal|p1a: Amoonguss|69/100|[from] item: Sitrus Berry
|-damage|p1a: Amoonguss|55/100
|-hitcount|p1a: Amoonguss|5
|-unboost|p2a: Dragonite|def|1
|-boost|p2a: Dragonite|spe|1
|cant|p2b: Torkoal|flinch
|
|-weather|SunnyDay|[upkeep]
|upkeep
|turn|3
|inactive|testaremerdate has 30 seconds left.
|inactive|Lewis94 has 30 seconds left.
|inactive|testaremerdate has 20 seconds left.
|inactive|testaremerdate has 15 seconds left.
|
|t:|1755788258
|switch|p1a: Pelipper|Pelipper, L50, M, shiny|100/100
|-weather|RainDance|[from] ability: Drizzle|[of] p1a: Pelipper
|move|p2a: Dragonite|Scale Shot|p1b: Incineroar|[miss]
|-miss|p2a: Dragonite|p1b: Incineroar
|move|p1b: Incineroar|Parting Shot|p2a: Dragonite
|-unboost|p2a: Dragonite|atk|1
|-unboost|p2a: Dragonite|spa|1
|
|t:|1755788281
|switch|p1b: Basculegion|Basculegion, L50, M, shiny, tera:Water|100/100|[from] Parting Shot
|move|p2b: Torkoal|Flamethrower|p1a: Pelipper
|-resisted|p1a: Pelipper
|-damage|p1a: Pelipper|84/100
|
|-weather|RainDance|[upkeep]
|upkeep
|turn|4
|
|t:|1755788297
|move|p2b: Torkoal|Protect|p2b: Torkoal
|-singleturn|p2b: Torkoal|Protect
|move|p1b: Basculegion|Flip Turn|p2b: Torkoal
|-activate|p2b: Torkoal|move: Protect
|move|p2a: Dragonite|Tailwind|p2a: Dragonite
|-sidestart|p2: Lewis94|move: Tailwind
|move|p1a: Pelipper|Tailwind|p1a: Pelipper
|-sidestart|p1: testaremerdate|move: Tailwind
|
|-weather|RainDance|[upkeep]
|upkeep
|turn|5
|
|t:|1755788321
|switch|p2b: Kingambit|Kingambit, L50, F|100/100
|move|p2a: Dragonite|Extreme Speed|p1b: Basculegion
|-damage|p1b: Basculegion|76/100
|move|p1b: Basculegion|Flip Turn|p2a: Dragonite
|-resisted|p2a: Dragonite
|-damage|p2a: Dragonite|64/100
|
|t:|1755788333
|switch|p1b: Amoonguss|Amoonguss, L50, M, shiny|88/100|[from] Flip Turn
|move|p1a: Pelipper|Weather Ball|p2b: Kingambit
|-damage|p2b: Kingambit|60/100
|
|-weather|RainDance|[upkeep]
|upkeep
|turn|6
|inactive|testaremerdate has 30 seconds left.
|inactive|Lewis94 has 30 seconds left.
|inactive|testaremerdate has 20 seconds left.
|inactive|testaremerdate has 15 seconds left.
|
|t:|1755788375
|move|p2a: Dragonite|Scale Shot|p1b: Amoonguss
|-damage|p1b: Amoonguss|79/100
|-damage|p1b: Amoonguss|69/100
|-damage|p1b: Amoonguss|59/100
|-damage|p1b: Amoonguss|50/100
|-hitcount|p1b: Amoonguss|4
|-unboost|p2a: Dragonite|def|1
|-boost|p2a: Dragonite|spe|1
|move|p1a: Pelipper|Weather Ball|p2b: Kingambit
|-damage|p2b: Kingambit|22/100
|move|p2b: Kingambit|Iron Head|p1b: Amoonguss
|-damage|p1b: Amoonguss|3/100
|move|p1b: Amoonguss|Spore|p2b: Kingambit
|-status|p2b: Kingambit|slp|[from] move: Spore
|
|-weather|RainDance|[upkeep]
|upkeep
|turn|7
|
|t:|1755788397
|switch|p2b: Torkoal|Torkoal, L50, M|92/100
|-weather|SunnyDay|[from] ability: Drought|[of] p2b: Torkoal
|switch|p1b: Incineroar|Incineroar, L50, M, shiny|100/100
|-ability|p1b: Incineroar|Intimidate|boost
|-unboost|p2a: Dragonite|atk|1
|-unboost|p2b: Torkoal|atk|1
|move|p2a: Dragonite|Protect|p2a: Dragonite
|-singleturn|p2a: Dragonite|Protect
|move|p1a: Pelipper|Weather Ball|p2b: Torkoal
|-resisted|p2b: Torkoal
|-damage|p2b: Torkoal|64/100
|
|-weather|SunnyDay|[upkeep]
|-sideend|p2: Lewis94|move: Tailwind
|-sideend|p1: testaremerdate|move: Tailwind
|upkeep
|turn|8
|inactive|Lewis94 has 30 seconds left.
|
|t:|1755788423
|switch|p2a: Kingambit|Kingambit, L50, F|22/100 slp
|move|p2b: Torkoal|Protect|p2b: Torkoal
|-singleturn|p2b: Torkoal|Protect
|move|p1b: Incineroar|Fake Out|p2a: Kingambit
|-resisted|p2a: Kingambit
|-damage|p2a: Kingambit|18/100 slp
|move|p1a: Pelipper|Tailwind|p1a: Pelipper
|-sidestart|p1: testaremerdate|move: Tailwind
|
|-weather|SunnyDay|[upkeep]
|upkeep
|turn|9
|inactive|testaremerdate has 30 seconds left.
|inactive|Lewis94 has 30 seconds left.
|
|t:|1755788449
|switch|p2b: Dragonite|Dragonite, L50, M|64/100
|move|p1a: Pelipper|Weather Ball|p2b: Dragonite
|-resisted|p2b: Dragonite
|-damage|p2b: Dragonite|42/100
|move|p1b: Incineroar|Flare Blitz|p2a: Kingambit
|-supereffective|p2a: Kingambit
|-damage|p2a: Kingambit|0 fnt
|faint|p2a: Kingambit
|-damage|p1b: Incineroar|94/100|[from] Recoil
|
|-weather|SunnyDay|[upkeep]
|upkeep
|
|t:|1755788460
|switch|p2a: Torkoal|Torkoal, L50, M|64/100
|turn|10
|
|t:|1755788470
|move|p2a: Torkoal|Helping Hand|p2b: Dragonite
|-singleturn|p2b: Dragonite|Helping Hand|[of] p2a: Torkoal
|move|p1a: Pelipper|Weather Ball|p2a: Torkoal
|-resisted|p2a: Torkoal
|-damage|p2a: Torkoal|38/100
|move|p1b: Incineroar|Flare Blitz|p2a: Torkoal
|-resisted|p2a: Torkoal
|-damage|p2a: Torkoal|7/100
|-damage|p1b: Incineroar|86/100|[from] Recoil
|move|p2b: Dragonite|Scale Shot|p1a: Pelipper|[miss]
|-miss|p2b: Dragonite|p1a: Pelipper
|
|-weather|SunnyDay|[upkeep]
|upkeep
|turn|11
|
|t:|1755788491
|move|p2b: Dragonite|Protect|p2b: Dragonite
|-singleturn|p2b: Dragonite|Protect
|move|p2a: Torkoal|Protect|p2a: Torkoal
|-singleturn|p2a: Torkoal|Protect
|move|p1a: Pelipper|Weather Ball|p2a: Torkoal
|-activate|p2a: Torkoal|move: Protect
|move|p1b: Incineroar|Knock Off|p2b: Dragonite
|-activate|p2b: Dragonite|move: Protect
|
|-weather|none
|-sideend|p1: testaremerdate|move: Tailwind
|upkeep
|turn|12
|
|t:|1755788504
|move|p2a: Torkoal|Helping Hand|p2b: Dragonite
|-singleturn|p2b: Dragonite|Helping Hand|[of] p2a: Torkoal
|move|p2b: Dragonite|Scale Shot|p1a: Pelipper
|-damage|p1a: Pelipper|57/100
|-damage|p1a: Pelipper|33/100
|-damage|p1a: Pelipper|8/100
|-damage|p1a: Pelipper|0 fnt
|faint|p1a: Pelipper
|-hitcount|p1: Pelipper|4
|-unboost|p2b: Dragonite|def|1
|-boost|p2b: Dragonite|spe|1
|move|p1b: Incineroar|Knock Off|p2b: Dragonite
|-damage|p2b: Dragonite|0 fnt
|-enditem|p2b: Dragonite|Loaded Dice|[from] move: Knock Off|[of] p1b: Incineroar
|faint|p2b: Dragonite
|
|upkeep
|c|☆Lewis94|ggs
|
|t:|1755788521
|switch|p1a: Basculegion|Basculegion, L50, M, shiny, tera:Water|76/100
|turn|13
|-message|Lewis94 forfeited.
|
|win|testaremerdate
|raw|testaremerdate's rating: 1168 → 1197(+29 for winning)
|raw|Lewis94's rating: 1222 → 1193(-29 for losing)
|c|☆testaremerdate|ggs
|c|☆testaremerdate|terrible match up
|c|☆Lewis94|yeah rough lol
|l|☆testaremerdate
|player|p1|
