|j|☆lettitripppp
|j|☆Sleator999
|html|lettitrippppSleator999    
|uhtml|bestof|Game 2 of a best-of-3
|t:|1783027272
|gametype|doubles
|player|p1|lettitripppp|lucas|1133
|player|p2|Sleator999|fisherman-gen4|1244
|gen|9
|tier|[Gen 9 Champions] VGC 2026 Reg M-B (Bo3)
|rated|
|rule|Species Clause: Limit one of each Pokémon
|rule|Item Clause: Limit 1 of each item
|clearpoke
|poke|p1|Charizard, L50, F|
|poke|p1|Floette-Eternal, L50, F|
|poke|p1|Basculegion, L50, M, shiny|
|poke|p1|Garchomp, L50, M|
|poke|p1|Whimsicott, L50, F, shiny|
|poke|p1|Kingambit, L50, M|
|poke|p2|Charizard, L50, M|
|poke|p2|Incineroar, L50, M|
|poke|p2|Staraptor, L50, F|
|poke|p2|Whimsicott, L50, M|
|poke|p2|Garchomp, L50, F|
|poke|p2|Basculegion, L50, M|
|teampreview|4
|showteam|p1|Charizard||CharizarditeY|Blaze|WeatherBall,SolarBeam,HeatWave,Protect|Modest||F|||50|]Floette-Eternal||Floettite|FlowerVeil|DazzlingGleam,LightofRuin,Moonblast,Protect|Timid||F|||50|]Basculegion||MysticWater|Adaptability|LastRespects,WaveCrash,AquaJet,Protect|Adamant||M|||50|]Garchomp||LifeOrb|RoughSkin|DragonClaw,Earthquake,RockSlide,Protect|Jolly||M|||50|]Whimsicott||FocusSash|Prankster|Moonblast,Tailwind,Encore,Protect|Timid||F|||50|]Kingambit||ChopleBerry|Defiant|KowtowCleave,SuckerPunch,IronHead,LowKick|Adamant||M|||50|
|showteam|p2|Charizard||CharizarditeY|Blaze|HeatWave,SolarBeam,WeatherBall,Protect|Timid||M|||50|]Incineroar||SitrusBerry|Intimidate|FakeOut,FlareBlitz,DarkestLariat,PartingShot|Adamant||M|||50|]Staraptor||Staraptite|Intimidate|CloseCombat,Roost,BraveBird,Protect|Careful||F|||50|]Whimsicott||FocusSash|Prankster|Moonblast,Tailwind,Charm,FakeTears|Timid||M|||50|]Garchomp||LifeOrb|RoughSkin|Earthquake,DragonClaw,RockSlide,Protect|Adamant||F|||50|]Basculegion||ChoiceScarf|Adaptability|LastRespects,WaveCrash,AquaJet,FlipTurn|Jolly||M|||50|
|inactive|Battle timer is ON: inactive players will automatically lose when time's up. (requested by lettitripppp)
|inactive|Sleator999 also wants the timer to be on.
|inactive|Sleator999 has 60 seconds left.
|inactive|Sleator999 has 30 seconds left.
|inactive|Sleator999 has 20 seconds left.
|inactive|Sleator999 has 15 seconds left.
|inactive|Sleator999 has 10 seconds left.
|inactive|Sleator999 has 5 seconds left.
|
|t:|1783027361
|teamsize|p1|4
|teamsize|p2|4
|start
|switch|p1a: GHOSTWAVE|Basculegion, L50, M, shiny|100/100
|switch|p1b: LETS GO GO|Whimsicott, L50, F, shiny|100/100
|switch|p2a: Whimsicott|Whimsicott, L50, M|100/100
|switch|p2b: Garchomp|Garchomp, L50, F|100/100
|turn|1
|
|t:|1783027382
|move|p2a: Whimsicott|Tailwind|p2a: Whimsicott
|-sidestart|p2: Sleator999|move: Tailwind
|move|p2b: Garchomp|Earthquake|p1a: GHOSTWAVE|[spread] p2a,p1a,p1b
|-resisted|p2a: Whimsicott|1
|-resisted|p1b: LETS GO GO|1
|-damage|p2a: Whimsicott|60/100
|-damage|p1a: GHOSTWAVE|50/100y
|-damage|p1b: LETS GO GO|63/100
|-damage|p2b: Garchomp|90/100|[from] item: Life Orb
|move|p1b: LETS GO GO|Moonblast|p2b: Garchomp
|-supereffective|p2b: Garchomp|1
|-damage|p2b: Garchomp|26/100
|move|p1a: GHOSTWAVE|Wave Crash|p2b: Garchomp
|-damage|p2b: Garchomp|0 fnt
|-damage|p1a: GHOSTWAVE|37/100|[from] ability: Rough Skin|[of] p2b: Garchomp
|faint|p2b: Garchomp
|-damage|p1a: GHOSTWAVE|29/100|[from] Recoil
|
|upkeep
|
|t:|1783027395
|switch|p2b: Charizard|Charizard, L50, M|100/100
|turn|2
|
|t:|1783027409
|detailschange|p2b: Charizard|Charizard-Mega-Y, L50, M
|-mega|p2b: Charizard|Charizard|Charizardite Y
|-weather|SunnyDay|[from] ability: Drought|[of] p2b: Charizard
|move|p1a: GHOSTWAVE|Protect|p1a: GHOSTWAVE
|-singleturn|p1a: GHOSTWAVE|Protect
|move|p1b: LETS GO GO|Tailwind|p1b: LETS GO GO
|-sidestart|p1: lettitripppp|move: Tailwind
|move|p2a: Whimsicott|Moonblast|p1b: LETS GO GO
|-damage|p1b: LETS GO GO|18/100
|move|p2b: Charizard|Heat Wave|p1a: GHOSTWAVE|[spread] p1b
|-activate|p1a: GHOSTWAVE|move: Protect
|-supereffective|p1b: LETS GO GO|1
|-damage|p1b: LETS GO GO|0 fnt
|faint|p1b: LETS GO GO
|
|-weather|SunnyDay|[upkeep]
|upkeep
|
|t:|1783027419
|switch|p1b: CRUSH SHARK|Garchomp, L50, M|100/100
|turn|3
|
|t:|1783027439
|switch|p2a: Incineroar|Incineroar, L50, M|100/100
|-ability|p2a: Incineroar|Intimidate|boost
|-unboost|p1a: GHOSTWAVE|atk|1
|-unboost|p1b: CRUSH SHARK|atk|1
|move|p2b: Charizard|Protect|p2b: Charizard
|-singleturn|p2b: Charizard|Protect
|move|p1b: CRUSH SHARK|Rock Slide|p2a: Incineroar|[spread] p2a
|-activate|p2b: Charizard|move: Protect
|-supereffective|p2a: Incineroar|1
|-damage|p2a: Incineroar|66/100
|-damage|p1b: CRUSH SHARK|90/100|[from] item: Life Orb
|move|p1a: GHOSTWAVE|Last Respects|p2a: Incineroar
|-resisted|p2a: Incineroar|1
|-damage|p2a: Incineroar|48/100
|-enditem|p2a: Incineroar|Sitrus Berry|[eat]
|-heal|p2a: Incineroar|73/100|[from] item: Sitrus Berry
|
|-weather|SunnyDay|[upkeep]
|upkeep
|turn|4
|inactive|Sleator999 has 30 seconds left.
|
|t:|1783027472
|move|p2a: Incineroar|Fake Out|p1b: CRUSH SHARK
|-crit|p1b: CRUSH SHARK
|-damage|p1b: CRUSH SHARK|71/100
|-damage|p2a: Incineroar|60/100|[from] ability: Rough Skin|[of] p1b: CRUSH SHARK
|cant|p1b: CRUSH SHARK|flinch
|move|p2b: Charizard|Solar Beam||[still]
|-prepare|p2b: Charizard|Solar Beam
|-anim|p2b: Charizard|Solar Beam|p1a: GHOSTWAVE
|-supereffective|p1a: GHOSTWAVE|1
|-damage|p1a: GHOSTWAVE|0 fnt
|faint|p1a: GHOSTWAVE
|
|-weather|SunnyDay|[upkeep]
|-sideend|p2: Sleator999|move: Tailwind
|upkeep
|
|t:|1783027483
|switch|p1a: RUINOUS LIGHT|Floette-Eternal, L50, F|100/100
|turn|5
|
|t:|1783027493
|detailschange|p1a: RUINOUS LIGHT|Floette-Mega, L50, F
|-mega|p1a: RUINOUS LIGHT|Floette|Floettite
|-ability|p1a: RUINOUS LIGHT|Fairy Aura
|move|p2b: Charizard|Protect|p2b: Charizard
|-singleturn|p2b: Charizard|Protect
|move|p1b: CRUSH SHARK|Rock Slide|p2b: Charizard|[spread] p2a
|-activate|p2b: Charizard|move: Protect
|-supereffective|p2a: Incineroar|1
|-damage|p2a: Incineroar|28/100
|-damage|p1b: CRUSH SHARK|61/100|[from] item: Life Orb
|move|p1a: RUINOUS LIGHT|Light of Ruin|p2a: Incineroar|[miss]
|-miss|p1a: RUINOUS LIGHT|p2a: Incineroar
|cant|p2a: Incineroar|flinch
|
|-weather|SunnyDay|[upkeep]
|-sideend|p1: lettitripppp|move: Tailwind
|upkeep
|turn|6
|inactive|Sleator999 has 30 seconds left.
|
|t:|1783027521
|switch|p2b: Whimsicott|Whimsicott, L50, M|60/100
|move|p1b: CRUSH SHARK|Rock Slide|p2b: Whimsicott|[spread] p2a,p2b
|-supereffective|p2a: Incineroar|1
|-damage|p2a: Incineroar|0 fnt
|-damage|p2b: Whimsicott|34/100
|faint|p2a: Incineroar
|-damage|p1b: CRUSH SHARK|52/100|[from] item: Life Orb
|move|p1a: RUINOUS LIGHT|Dazzling Gleam|p2b: Whimsicott
|-damage|p2b: Whimsicott|0 fnt
|faint|p2b: Whimsicott
|
|-weather|none
|upkeep
|
|t:|1783027532
|switch|p2a: Charizard|Charizard-Mega-Y, L50, M|100/100
|-weather|SunnyDay|[from] ability: Drought|[of] p2a: Charizard
|turn|7
|
|t:|1783027538
|move|p1b: CRUSH SHARK|Rock Slide|p2a: Charizard
|-supereffective|p2a: Charizard|2
|-damage|p2a: Charizard|0 fnt
|faint|p2a: Charizard
|-damage|p1b: CRUSH SHARK|42/100|[from] item: Life Orb
|
|win|lettitripppp
|raw|lettitripppp's rating: 1133 → 1166(+33 for winning)
|raw|Sleator999's rating: 1244 → 1211(-33 for losing)
