|j|☆RagCheese
|j|☆Kyooby
|html|RagCheeseKyooby    
|uhtml|bestof|Game 1 of a best-of-3
|t:|1757803422
|gametype|doubles
|player|p1|RagCheese|bellelba|1077
|player|p2|Kyooby|volkner|1149
|gen|9
|tier|[Gen 9] VGC 2025 Reg H (Bo3)
|rated|
|rule|Species Clause: Limit one of each Pokémon
|rule|Item Clause: Limit 1 of each item
|clearpoke
|poke|p1|Tyranitar, L50, F|
|poke|p1|Gholdengo, L50|
|poke|p1|Salamence, L50, F|
|poke|p1|Gallade, L50, M|
|poke|p1|Whimsicott, L50, M|
|poke|p1|Clefairy, L50, M|
|poke|p2|Pelipper, L50, M|
|poke|p2|Archaludon, L50, F|
|poke|p2|Comfey, L50, F|
|poke|p2|Kingdra, L50, M|
|poke|p2|Weezing-Galar, L50, F|
|poke|p2|Toedscruel, L50, F|
|teampreview|4
|showteam|p1|Tyranitar||ClearAmulet|SandStream|Protect,DragonDance,KnockOff,RockSlide|||F|||50|,,,,,Ghost]Gholdengo||AirBalloon|GoodasGold|Protect,NastyPlot,MakeItRain,ShadowBall||||||50|,,,,,Ghost]Salamence||SitrusBerry|Intimidate|DualWingbeat,Earthquake,Tailwind,DracoMeteor|||F|||50|,,,,,Ground]Gallade||ChoiceScarf|Sharpness|SacredSword,IcyWind,RockSlide,Trick|||M|||50|,,,,,Grass]Whimsicott||CovertCloak|Prankster|LightScreen,Tailwind,Moonblast,Encore|||M|||50|,,,,,Dark]Clefairy||Eviolite|FriendGuard|FollowMe,AfterYou,HelpingHand,Protect|||M|||50|,,,,,Fairy
|showteam|p2|Pelipper||ChoiceScarf|Drizzle|WeatherBall,Hurricane,Uturn,Tailwind|||M|||50|,,,,,Ghost]Archaludon||AssaultVest|Stamina|ElectroShot,FlashCannon,BodyPress,Snarl|||F|||50|,,,,,Grass]Comfey||SafetyGoggles|Triage|DrainingKiss,FloralHealing,LightScreen,Protect|||F|||50|,,,,,Steel]Kingdra||LifeOrb|SwiftSwim|WeatherBall,DracoMeteor,Surf,Protect|||M|||50|,,,,,Steel]Weezing-Galar||SitrusBerry|NeutralizingGas|SludgeBomb,DazzlingGleam,Taunt,Protect|||F|||50|,,,,,Ghost]Toedscruel||CovertCloak|MyceliumMight|EarthPower,BulletSeed,Spore,Protect|||F|||50|,,,,,Water
|inactive|Battle timer is ON: inactive players will automatically lose when time's up. (requested by Kyooby)
|inactive|RagCheese has 60 seconds left.
|inactive|Kyooby has 60 seconds left.
|inactive|RagCheese has 30 seconds left.
|inactive|Kyooby has 30 seconds left.
|inactive|RagCheese has 20 seconds left.
|inactive|RagCheese has 15 seconds left.
|inactive|Kyooby has 20 seconds left.
|inactive|RagCheese has 10 seconds left.
|inactive|Kyooby has 15 seconds left.
|inactive|Kyooby has 10 seconds left.
|inactive|Kyooby has 5 seconds left.
|
|t:|1757803514
|teamsize|p1|4
|teamsize|p2|4
|start
|switch|p1a: Tyranitar|Tyranitar, L50, F|100/100
|switch|p1b: Gallade|Gallade, L50, M|100/100
|switch|p2a: Pelipper|Pelipper, L50, M|100/100
|switch|p2b: Kingdra|Kingdra, L50, M, shiny|100/100
|-weather|RainDance|[from] ability: Drizzle|[of] p2a: Pelipper
|-weather|Sandstorm|[from] ability: Sand Stream|[of] p1a: Tyranitar
|turn|1
|inactive|RagCheese has 30 seconds left.
|inactive|Kyooby has 30 seconds left.
|inactive|RagCheese has 20 seconds left.
|inactive|Kyooby has 20 seconds left.
|inactive|Kyooby has 15 seconds left.
|
|t:|1757803556
|move|p1b: Gallade|Rock Slide|p2a: Pelipper|[spread] p2a,p2b
|-supereffective|p2a: Pelipper
|-damage|p2a: Pelipper|61/100
|-damage|p2b: Kingdra|84/100
|move|p2a: Pelipper|U-turn|p1a: Tyranitar
|-supereffective|p1a: Tyranitar
|-damage|p1a: Tyranitar|86/100
|
|t:|1757803565
|switch|p2a: Archaludon|Archaludon, L50, F|100/100|[from] U-turn
|move|p2b: Kingdra|Surf|p1b: Gallade|[spread] p2a,p1a,p1b
|-resisted|p2a: Archaludon
|-supereffective|p1a: Tyranitar
|-damage|p2a: Archaludon|85/100
|-damage|p1a: Tyranitar|40/100
|-damage|p1b: Gallade|62/100
|-ability|p2a: Archaludon|Stamina|boost
|-boost|p2a: Archaludon|def|1
|-damage|p2b: Kingdra|74/100|[from] item: Life Orb
|move|p1a: Tyranitar|Dragon Dance|p1a: Tyranitar
|-boost|p1a: Tyranitar|atk|1
|-boost|p1a: Tyranitar|spe|1
|
|-weather|Sandstorm|[upkeep]
|-damage|p1b: Gallade|56/100|[from] Sandstorm
|-damage|p2b: Kingdra|69/100|[from] Sandstorm
|upkeep
|turn|2
|inactive|RagCheese has 30 seconds left.
|inactive|RagCheese has 20 seconds left.
|inactive|RagCheese has 15 seconds left.
|inactive|RagCheese has 10 seconds left.
|
|t:|1757803614
|switch|p2a: Pelipper|Pelipper, L50, M|61/100
|-weather|RainDance|[from] ability: Drizzle|[of] p2a: Pelipper
|move|p1a: Tyranitar|Protect|p1a: Tyranitar
|-singleturn|p1a: Tyranitar|Protect
|move|p2b: Kingdra|Surf|p1b: Gallade|[spread] p2a,p1b
|-activate|p1a: Tyranitar|move: Protect
|-resisted|p2a: Pelipper
|-damage|p2a: Pelipper|9/100
|-damage|p1b: Gallade|2/100
|-damage|p2b: Kingdra|59/100|[from] item: Life Orb
|move|p1b: Gallade|Rock Slide|p2b: Kingdra|[spread] p2a,p2b
|-supereffective|p2a: Pelipper
|-damage|p2a: Pelipper|0 fnt
|-damage|p2b: Kingdra|40/100
|faint|p2a: Pelipper
|
|-weather|RainDance|[upkeep]
|upkeep
|
|t:|1757803629
|switch|p2a: Weezing|Weezing-Galar, L50, F|100/100
|-ability|p2a: Weezing|Neutralizing Gas
|turn|3
|
|t:|1757803653
|switch|p1a: Clefairy|Clefairy, L50, M|100/100
|move|p2a: Weezing|Protect|p2a: Weezing
|-singleturn|p2a: Weezing|Protect
|move|p1b: Gallade|Rock Slide|p2b: Kingdra|[spread] p2b
|-activate|p2a: Weezing|move: Protect
|-damage|p2b: Kingdra|23/100
|move|p2b: Kingdra|Surf|p1a: Clefairy|[spread] p1a,p1b
|-activate|p2a: Weezing|move: Protect
|-damage|p1a: Clefairy|46/100
|-damage|p1b: Gallade|0 fnt
|faint|p1b: Gallade
|-damage|p2b: Kingdra|14/100|[from] item: Life Orb
|
|-weather|RainDance|[upkeep]
|upkeep
|inactive|RagCheese has 30 seconds left.
|
|t:|1757803685
|switch|p1b: Gholdengo|Gholdengo, L50|100/100
|-item|p1b: Gholdengo|Air Balloon
|turn|4
|inactive|Kyooby has 30 seconds left.
|inactive|Kyooby has 20 seconds left.
|inactive|Kyooby has 15 seconds left.
|inactive|Kyooby has 10 seconds left.
|inactive|Kyooby has 5 seconds left.
|
|t:|1757803739
|switch|p1a: Tyranitar|Tyranitar, L50, F|40/100
|move|p1b: Gholdengo|Make It Rain|p2b: Kingdra|[spread] p2a,p2b
|-supereffective|p2a: Weezing
|-resisted|p2b: Kingdra
|-damage|p2a: Weezing|0 fnt
|-damage|p2b: Kingdra|0 fnt
|-unboost|p1b: Gholdengo|spa|1
|faint|p2a: Weezing
|-end|p2a: Weezing|ability: Neutralizing Gas
|-weather|Sandstorm|[from] ability: Sand Stream|[of] p1a: Tyranitar
|faint|p2b: Kingdra
|
|-weather|Sandstorm|[upkeep]
|upkeep
|
|t:|1757803745
|switch|p2b: Archaludon|Archaludon, L50, F|85/100
|turn|5
|inactive|RagCheese has 30 seconds left.
|inactive|Kyooby has 30 seconds left.
|
|t:|1757803777
|move|p1b: Gholdengo|Nasty Plot|p1b: Gholdengo
|-boost|p1b: Gholdengo|spa|2
|move|p2b: Archaludon|Flash Cannon|p1b: Gholdengo
|-resisted|p1b: Gholdengo
|-damage|p1b: Gholdengo|76/100
|-enditem|p1b: Gholdengo|Air Balloon
|move|p1a: Tyranitar|Knock Off|p2b: Archaludon
|-damage|p2b: Archaludon|48/100
|-ability|p2b: Archaludon|Stamina|boost
|-boost|p2b: Archaludon|def|1
|-enditem|p2b: Archaludon|Assault Vest|[from] move: Knock Off|[of] p1a: Tyranitar
|
|-weather|Sandstorm|[upkeep]
|upkeep
|turn|6
|
|t:|1757803797
|-terastallize|p1b: Gholdengo|Ghost
|move|p1b: Gholdengo|Shadow Ball|p2b: Archaludon
|-damage|p2b: Archaludon|0 fnt
|faint|p2b: Archaludon
|
|win|RagCheese
