|j|☆SabinoRaw
|j|☆vilan333
|html|SabinoRawvilan333    
|uhtml|bestof|Game 1 of a best-of-3
|t:|1786039670
|gametype|doubles
|player|p1|SabinoRaw|noland-gen3|1195
|player|p2|vilan333|marshal|1288
|gen|9
|tier|[Gen 9 Champions] VGC 2026 Reg M-B (Bo3)
|rated|
|rule|Species Clause: Limit one of each Pokémon
|rule|Item Clause: Limit 1 of each item
|clearpoke
|poke|p1|Swampert, L50, F|
|poke|p1|Floette-Eternal, L50, F|
|poke|p1|Pelipper, L50, M|
|poke|p1|Grimmsnarl, L50, M|
|poke|p1|Sinistcha, L50|
|poke|p1|Archaludon, L50, F|
|poke|p2|Tyranitar, L50, M, shiny|
|poke|p2|Excadrill, L50, M|
|poke|p2|Floette-Eternal, L50, F|
|poke|p2|Whimsicott, L50, M|
|poke|p2|Incineroar, L50, F|
|poke|p2|Sinistcha, L50|
|teampreview|4
|showteam|p1|Swampert||Swampertite|Torrent|WaveCrash,Earthquake,IcePunch,Protect|Adamant||F|||50|]Floette-Eternal||Floettite|FlowerVeil|Moonblast,DazzlingGleam,CalmMind,Protect|Modest||F|||50|]Pelipper||SitrusBerry|Drizzle|Hurricane,WeatherBall,Tailwind,WideGuard|Modest||M|||50|]Grimmsnarl||LightClay|Prankster|LightScreen,Reflect,FoulPlay,PartingShot|Calm||M|||50|]Sinistcha||CobaBerry|Hospitality|MatchaGotcha,LifeDew,TrickRoom,RagePowder|Relaxed|||||50|]Archaludon||Leftovers|Stamina|ElectroShot,DragonPulse,FlashCannon,Protect|Modest||F|||50|
|showteam|p2|Tyranitar||FocusSash|SandStream|Protect,RockSlide,KnockOff,LowKick|Adamant||M|||50|]Excadrill||LifeOrb|SandRush|RockSlide,Protect,IronHead,Earthquake|Adamant||M|||50|]Floette-Eternal||Floettite|FlowerVeil|Protect,Moonblast,DazzlingGleam,CalmMind|Modest||F|||50|]Whimsicott||OccaBerry|Prankster|Moonblast,Encore,Tailwind,Protect|Calm||M|||50|]Incineroar||SitrusBerry|Intimidate|PartingShot,FakeOut,FlareBlitz,HelpingHand|Adamant||F|||50|]Sinistcha||Leftovers|Hospitality|ShadowBall,RagePowder,TrickRoom,Protect|Calm|||||50|
|inactive|Battle timer is ON: inactive players will automatically lose when time's up. (requested by vilan333)
|
|t:|1786039702
|teamsize|p1|4
|teamsize|p2|4
|start
|switch|p1a: Swampert|Swampert, L50, F|100/100
|switch|p1b: Grimmsnarl|Grimmsnarl, L50, M|100/100
|switch|p2a: Floette|Floette-Eternal, L50, F|100/100
|switch|p2b: Incineroar|Incineroar, L50, F|100/100
|-ability|p2b: Incineroar|Intimidate|boost
|-unboost|p1a: Swampert|atk|1
|-unboost|p1b: Grimmsnarl|atk|1
|turn|1
|
|t:|1786039718
|detailschange|p2a: Floette|Floette-Mega, L50, F
|-mega|p2a: Floette|Floette|Floettite
|-ability|p2a: Floette|Fairy Aura
|detailschange|p1a: Swampert|Swampert-Mega, L50, F
|-mega|p1a: Swampert|Swampert|Swampertite
|move|p2b: Incineroar|Fake Out|p1a: Swampert
|-damage|p1a: Swampert|89/100
|move|p1b: Grimmsnarl|Light Screen|p1b: Grimmsnarl
|-sidestart|p1: SabinoRaw|move: Light Screen
|move|p2a: Floette|Calm Mind|p2a: Floette
|-boost|p2a: Floette|spa|1
|-boost|p2a: Floette|spd|1
|cant|p1a: Swampert|flinch
|
|upkeep
|turn|2
|inactive|SabinoRaw has 30 seconds left.
|
|t:|1786039747
|move|p2a: Floette|Protect|p2a: Floette
|-singleturn|p2a: Floette|Protect
|move|p1b: Grimmsnarl|Reflect|p1b: Grimmsnarl
|-sidestart|p1: SabinoRaw|Reflect
|move|p1a: Swampert|Earthquake|p2a: Floette|[spread] p1b,p2b
|-activate|p2a: Floette|move: Protect
|-supereffective|p2b: Incineroar|1
|-damage|p1b: Grimmsnarl|73/100
|-damage|p2b: Incineroar|42/100
|-enditem|p2b: Incineroar|Sitrus Berry|[eat]
|-heal|p2b: Incineroar|67/100|[from] item: Sitrus Berry
|move|p2b: Incineroar|Parting Shot|p1a: Swampert
|-unboost|p1a: Swampert|atk|1
|-unboost|p1a: Swampert|spa|1
|
|t:|1786039760
|switch|p2b: Excadrill|Excadrill, L50, M|100/100|[from] Parting Shot
|
|upkeep
|turn|3
|
|t:|1786039776
|switch|p2b: Incineroar|Incineroar, L50, F|67/100
|-ability|p2b: Incineroar|Intimidate|boost
|-unboost|p1a: Swampert|atk|1
|-unboost|p1b: Grimmsnarl|atk|1
|switch|p1b: Pelipper|Pelipper, L50, M|100/100
|-weather|RainDance|[from] ability: Drizzle|[of] p1b: Pelipper
|move|p1a: Swampert|Protect|p1a: Swampert
|-singleturn|p1a: Swampert|Protect
|move|p2a: Floette|Dazzling Gleam|p1b: Pelipper|[spread] p1b
|-activate|p1a: Swampert|move: Protect
|-damage|p1b: Pelipper|42/100
|-enditem|p1b: Pelipper|Sitrus Berry|[eat]
|-heal|p1b: Pelipper|67/100|[from] item: Sitrus Berry
|
|-weather|RainDance|[upkeep]
|upkeep
|turn|4
|inactive|SabinoRaw has 30 seconds left.
|inactive|vilan333 has 30 seconds left.
|
|t:|1786039804
|move|p2b: Incineroar|Fake Out|p1a: Swampert
|-damage|p1a: Swampert|81/100
|cant|p1a: Swampert|flinch
|move|p2a: Floette|Moonblast|p1b: Pelipper
|-damage|p1b: Pelipper|0 fnt
|faint|p1b: Pelipper
|
|-weather|RainDance|[upkeep]
|upkeep
|
|t:|1786039809
|switch|p1b: Grimmsnarl|Grimmsnarl, L50, M|73/100
|turn|5
|
|t:|1786039830
|switch|p1a: Sinistcha|Sinistcha, L50|100/100
|-heal|p1b: Grimmsnarl|98/100|[from] ability: Hospitality|[of] p1a: Sinistcha
|switch|p2b: Tyranitar|Tyranitar, L50, M, shiny|100/100
|-weather|Sandstorm|[from] ability: Sand Stream|[of] p2b: Tyranitar
|move|p1b: Grimmsnarl|Parting Shot|p2b: Tyranitar
|-hint|Since gen 7, Dark is immune to Prankster moves.
|-immune|p2b: Tyranitar
|move|p2a: Floette|Moonblast|p1b: Grimmsnarl
|-supereffective|p1b: Grimmsnarl|1
|-damage|p1b: Grimmsnarl|0 fnt
|faint|p1b: Grimmsnarl
|
|-weather|Sandstorm|[upkeep]
|-damage|p2a: Floette|94/100|[from] Sandstorm
|-damage|p1a: Sinistcha|93/100|[from] Sandstorm
|upkeep
|
|t:|1786039833
|switch|p1b: Swampert|Swampert-Mega, L50, F|81/100
|turn|6
|
|t:|1786039854
|switch|p2b: Incineroar|Incineroar, L50, F|67/100
|-ability|p2b: Incineroar|Intimidate|boost
|-unboost|p1a: Sinistcha|atk|1
|-unboost|p1b: Swampert|atk|1
|move|p2a: Floette|Calm Mind|p2a: Floette
|-boost|p2a: Floette|spa|1
|-boost|p2a: Floette|spd|1
|move|p1b: Swampert|Earthquake|p2b: Incineroar|[spread] p1a,p2a,p2b
|-resisted|p1a: Sinistcha|1
|-supereffective|p2b: Incineroar|1
|-damage|p1a: Sinistcha|85/100
|-damage|p2a: Floette|56/100
|-damage|p2b: Incineroar|13/100
|move|p1a: Sinistcha|Matcha Gotcha|p2a: Floette|[spread] p2a,p2b
|-resisted|p2b: Incineroar|1
|-damage|p2a: Floette|46/100
|-heal|p1a: Sinistcha|90/100|[from] drain|[of] p2a: Floette
|-damage|p2b: Incineroar|2/100
|-heal|p1a: Sinistcha|96/100|[from] drain|[of] p2b: Incineroar
|-status|p2a: Floette|brn
|
|-weather|Sandstorm|[upkeep]
|-damage|p2a: Floette|41/100 brn|[from] Sandstorm
|-damage|p2b: Incineroar|0 fnt|[from] Sandstorm
|-damage|p1a: Sinistcha|90/100|[from] Sandstorm
|faint|p2b: Incineroar
|-damage|p2a: Floette|35/100 brn|[from] brn
|upkeep
|inactive|vilan333 has 30 seconds left.
|
|t:|1786039879
|switch|p2b: Excadrill|Excadrill, L50, M|100/100
|turn|7
|
|t:|1786039889
|move|p1a: Sinistcha|Rage Powder|p1a: Sinistcha
|-singleturn|p1a: Sinistcha|move: Rage Powder
|move|p2b: Excadrill|Iron Head|p1a: Sinistcha
|-damage|p1a: Sinistcha|56/100
|-damage|p2b: Excadrill|90/100|[from] item: Life Orb
|move|p2a: Floette|Moonblast|p1a: Sinistcha
|-damage|p1a: Sinistcha|0 fnt
|faint|p1a: Sinistcha
|move|p1b: Swampert|Earthquake|p2a: Floette|[spread] p2a,p2b
|-supereffective|p2b: Excadrill|1
|-damage|p2a: Floette|0 fnt
|-damage|p2b: Excadrill|0 fnt
|faint|p2a: Floette
|faint|p2b: Excadrill
|
|-weather|Sandstorm|[upkeep]
|upkeep
|
|t:|1786039906
|switch|p2a: Tyranitar|Tyranitar, L50, M, shiny|100/100
|turn|8
|
|t:|1786039915
|move|p1b: Swampert|Earthquake|p2a: Tyranitar
|-supereffective|p2a: Tyranitar|1
|-damage|p2a: Tyranitar|24/100
|move|p2a: Tyranitar|Low Kick|p1b: Swampert
|-damage|p1b: Swampert|56/100
|
|-weather|Sandstorm|[upkeep]
|-sideend|p1: SabinoRaw|move: Light Screen
|upkeep
|turn|9
|-message|vilan333 forfeited.
|
|win|SabinoRaw
|l|☆vilan333
|player|p2|
|j|☆vilan333
|player|p2|vilan333|marshal|
||SabinoRaw is ready for game 2.
