|j|☆RamiformSphinx
|j|☆Cristante terabug
|html|RamiformSphinxCristante terabug    
|uhtml|bestof|Game 1 of a best-of-3
|t:|1756160302
|gametype|doubles
|player|p1|RamiformSphinx|2|1136
|player|p2|Cristante terabug|kieran-champion|1256
|gen|9
|tier|[Gen 9] VGC 2025 Reg H (Bo3)
|rated|
|rule|Species Clause: Limit one of each Pokémon
|rule|Item Clause: Limit 1 of each item
|clearpoke
|poke|p1|Porygon2, L50|
|poke|p1|Sneasler, L50, F|
|poke|p1|Gholdengo, L50|
|poke|p1|Amoonguss, L50, F|
|poke|p1|Garchomp, L50, F|
|poke|p1|Incineroar, L50, M|
|poke|p2|Kommo-o, L50, M|
|poke|p2|Gholdengo, L50|
|poke|p2|Sneasler, L50, F|
|poke|p2|Rillaboom, L50, F|
|poke|p2|Dondozo, L50, M|
|poke|p2|Electabuzz, L50, F|
|teampreview|4
|showteam|p1|Porygon2||Eviolite|Download|TeraBlast,IceBeam,Recover,TrickRoom||||||50|,,,,,Ground]Sneasler||FocusSash|PoisonTouch|CloseCombat,DireClaw,Coaching,Protect|||F|||50|,,,,,Flying]Gholdengo||LifeOrb|GoodasGold|MakeItRain,ShadowBall,NastyPlot,Protect||||||50|,,,,,Water]Amoonguss||CovertCloak|Regenerator|SludgeBomb,Spore,RagePowder,Protect|||F|||50|,,,,,Fairy]Garchomp||ClearAmulet|RoughSkin|StompingTantrum,Earthquake,DragonClaw,Protect|||F|||50|,,,,,Fire]Incineroar||SafetyGoggles|Intimidate|FakeOut,KnockOff,FlareBlitz,PartingShot|||M|||50|,,,,,Water
|showteam|p2|Kommo-o||ThroatSpray|Soundproof|ClangorousSoul,ClangingScales,Flamethrower,Protect|||M|||50|,,,,,Fire]Gholdengo||ChoiceSpecs|GoodasGold|MakeItRain,ShadowBall,DazzlingGleam,PowerGem||||||50|,,,,,Fairy]Sneasler||FocusSash|Unburden|FakeOut,DireClaw,CloseCombat,Protect|||F|||50|,,,,,Stellar]Rillaboom||AssaultVest|GrassySurge|FakeOut,WoodHammer,GrassyGlide,HighHorsepower|||F|||50|,,,,,Fire]Dondozo||Leftovers|Unaware|WaveCrash,Fissure,Yawn,Protect|||M|||50|,,,,,Flying]Electabuzz||Eviolite|VitalSpirit|Electroweb,FollowMe,HelpingHand,Protect|||F|||50|,,,,,Grass
|
|t:|1756160339
|teamsize|p1|4
|teamsize|p2|4
|start
|switch|p1a: Sneasler|Sneasler, L50, F|100/100
|switch|p1b: Porygon2|Porygon2, L50|100/100
|switch|p2a: Sneasler|Sneasler, L50, F|100/100
|switch|p2b: Kommo-o|Kommo-o, L50, M|100/100
|-ability|p1b: Porygon2|Download|boost
|-boost|p1b: Porygon2|spa|1
|turn|1
|inactive|Battle timer is ON: inactive players will automatically lose when time's up. (requested by Cristante terabug)
|
|t:|1756160363
|switch|p2b: Gholdengo|Gholdengo, L50|100/100
|-terastallize|p1b: Porygon2|Ground
|move|p2a: Sneasler|Fake Out|p1b: Porygon2
|-damage|p1b: Porygon2|92/100
|move|p1a: Sneasler|Coaching|p1b: Porygon2
|-boost|p1b: Porygon2|atk|1
|-boost|p1b: Porygon2|def|1
|cant|p1b: Porygon2|flinch
|
|upkeep
|turn|2
|inactive|Cristante terabug has 30 seconds left.
|
|t:|1756160391
|move|p2a: Sneasler|Close Combat|p1b: Porygon2
|-crit|p1b: Porygon2
|-damage|p1b: Porygon2|33/100
|-unboost|p2a: Sneasler|def|1
|-unboost|p2a: Sneasler|spd|1
|move|p1a: Sneasler|Dire Claw|p2b: Gholdengo
|-immune|p2b: Gholdengo
|move|p2b: Gholdengo|Make It Rain|p1a: Sneasler|[spread] p1a,p1b
|-damage|p1a: Sneasler|8/100
|-damage|p1b: Porygon2|0 fnt
|-unboost|p2b: Gholdengo|spa|1
|faint|p1b: Porygon2
|
|upkeep
|
|t:|1756160406
|switch|p1b: Garchomp|Garchomp, L50, F|100/100
|turn|3
|
|t:|1756160419
|switch|p2b: Dondozo|Dondozo, L50, M|100/100
|move|p1a: Sneasler|Protect|p1a: Sneasler
|-singleturn|p1a: Sneasler|Protect
|move|p2a: Sneasler|Dire Claw|p1a: Sneasler
|-activate|p1a: Sneasler|move: Protect
|move|p1b: Garchomp|Earthquake|p2a: Sneasler|[spread] p2a,p2b
|-activate|p1a: Sneasler|move: Protect
|-supereffective|p2a: Sneasler
|-enditem|p2a: Sneasler|Focus Sash
|-damage|p2a: Sneasler|1/100
|-damage|p2b: Dondozo|79/100
|
|-heal|p2b: Dondozo|85/100|[from] item: Leftovers
|upkeep
|turn|4
|
|t:|1756160438
|switch|p1a: Gholdengo|Gholdengo, L50|100/100
|move|p2a: Sneasler|Dire Claw|p1a: Gholdengo
|-immune|p1a: Gholdengo
|move|p1b: Garchomp|Dragon Claw|p2a: Sneasler
|-damage|p2a: Sneasler|0 fnt
|faint|p2a: Sneasler
|move|p2b: Dondozo|Yawn|p1b: Garchomp
|-start|p1b: Garchomp|move: Yawn|[of] p2b: Dondozo
|
|-heal|p2b: Dondozo|91/100|[from] item: Leftovers
|upkeep
|
|t:|1756160452
|switch|p2a: Kommo-o|Kommo-o, L50, M|100/100
|turn|5
|
|t:|1756160469
|move|p2a: Kommo-o|Protect|p2a: Kommo-o
|-singleturn|p2a: Kommo-o|Protect
|move|p1b: Garchomp|Stomping Tantrum|p2a: Kommo-o
|-activate|p2a: Kommo-o|move: Protect
|move|p1a: Gholdengo|Nasty Plot|p1a: Gholdengo
|-boost|p1a: Gholdengo|spa|2
|move|p2b: Dondozo|Wave Crash|p1a: Gholdengo
|-crit|p1a: Gholdengo
|-damage|p1a: Gholdengo|22/100
|-damage|p2b: Dondozo|71/100|[from] Recoil
|
|-heal|p2b: Dondozo|77/100|[from] item: Leftovers
|-end|p1b: Garchomp|move: Yawn|[silent]
|-status|p1b: Garchomp|slp
|upkeep
|turn|6
|
|t:|1756160488
|switch|p1b: Sneasler|Sneasler, L50, F|8/100
|-terastallize|p2a: Kommo-o|Fire
|move|p2a: Kommo-o|Clangorous Soul|p2a: Kommo-o
|-boost|p2a: Kommo-o|atk|1
|-boost|p2a: Kommo-o|def|1
|-boost|p2a: Kommo-o|spa|1
|-boost|p2a: Kommo-o|spd|1
|-boost|p2a: Kommo-o|spe|1
|-damage|p2a: Kommo-o|68/100
|-enditem|p2a: Kommo-o|Throat Spray
|-boost|p2a: Kommo-o|spa|1|[from] item: Throat Spray
|move|p1a: Gholdengo|Shadow Ball|p2a: Kommo-o
|-damage|p2a: Kommo-o|0 fnt
|faint|p2a: Kommo-o
|-damage|p1a: Gholdengo|13/100|[from] item: Life Orb
|move|p2b: Dondozo|Wave Crash|p1a: Gholdengo
|-damage|p1a: Gholdengo|0 fnt
|faint|p1a: Gholdengo
|-damage|p2b: Dondozo|74/100|[from] Recoil
|
|-heal|p2b: Dondozo|80/100|[from] item: Leftovers
|upkeep
|
|t:|1756160507
|switch|p2a: Gholdengo|Gholdengo, L50|100/100
|switch|p1a: Garchomp|Garchomp, L50, F|100/100 slp
|turn|7
|
|t:|1756160516
|cant|p1a: Garchomp|slp
|move|p1b: Sneasler|Coaching|p1a: Garchomp
|-boost|p1a: Garchomp|atk|1
|-boost|p1a: Garchomp|def|1
|move|p2a: Gholdengo|Make It Rain|p1b: Sneasler|[spread] p1a,p1b
|-damage|p1a: Garchomp|20/100 slp
|-damage|p1b: Sneasler|0 fnt
|-unboost|p2a: Gholdengo|spa|1
|faint|p1b: Sneasler
|move|p2b: Dondozo|Wave Crash|p1a: Garchomp
|-damage|p1a: Garchomp|0 fnt
|-damage|p2b: Dondozo|68/100|[from] ability: Rough Skin|[of] p1a: Garchomp
|faint|p1a: Garchomp
|-damage|p2b: Dondozo|62/100|[from] Recoil
|
|win|Cristante terabug
