|j|☆Ace Trainer Gaby
|j|☆vgc_eon
|html|Ace Trainer Gabyvgc_eon    
|uhtml|bestof|Game 2 of a best-of-3
|t:|1756206495
|gametype|doubles
|player|p1|Ace Trainer Gaby|acetrainersnow|1065
|player|p2|vgc_eon|green|1166
|gen|9
|tier|[Gen 9] VGC 2025 Reg H (Bo3)
|rated|
|rule|Species Clause: Limit one of each Pokémon
|rule|Item Clause: Limit 1 of each item
|clearpoke
|poke|p1|Tyranitar, L50, F|
|poke|p1|Excadrill, L50, F|
|poke|p1|Talonflame, L50, F|
|poke|p1|Gastrodon, L50, M|
|poke|p1|Dragonite, L50, M|
|poke|p1|Sneasler, L50, F|
|poke|p2|Sneasler, L50, M|
|poke|p2|Dragonite, L50, M|
|poke|p2|Dondozo, L50, F|
|poke|p2|Rillaboom, L50, M|
|poke|p2|Volcarona, L50, F|
|poke|p2|Electabuzz, L50, M|
|teampreview|4
|showteam|p1|Tyranitar||ClearAmulet|SandStream|Protect,KnockOff,RockSlide,TeraBlast|||F|||50|,,,,,Grass]Excadrill||LifeOrb|SandForce|Earthquake,RockSlide,IronHead,Protect|||F|||50|,,,,,Ground]Talonflame||FocusSash|GaleWings|Tailwind,BraveBird,WillOWisp,FlareBlitz|||F|||50|,,,,,Fire]Gastrodon||SitrusBerry|StormDrain|EarthPower,IcyWind,Protect,MuddyWater|||M|||50|,,,,,Fire]Dragonite||SafetyGoggles|Multiscale|Protect,IceSpinner,Outrage,Facade|||M|||50|,,,,,Normal]Sneasler||WhiteHerb|Unburden|DireClaw,FakeOut,BrickBreak,Protect|||F|||50|,,,,,Flying
|showteam|p2|Sneasler||FocusSash|PoisonTouch|FakeOut,DireClaw,CloseCombat,Protect|||M|||50|,,,,,Dark]Dragonite||LoadedDice|Multiscale|ExtremeSpeed,ScaleShot,StompingTantrum,Protect|||M|||50|,,,,,Steel]Dondozo||Leftovers|Unaware|WaveCrash,Yawn,Fissure,Protect|||F|||50|,,,,,Poison]Rillaboom||AssaultVest|GrassySurge|FakeOut,WoodHammer,GrassyGlide,Uturn|||M|||50|,,,,,Fire]Volcarona||CovertCloak|FlameBody|HeatWave,QuiverDance,TeraBlast,Protect|||F|||50|,,,,,Fairy]Electabuzz||Eviolite|VitalSpirit|Thunderbolt,FollowMe,Taunt,Protect|||M|||50|,,,,,Ghost
|
|t:|1756206527
|teamsize|p1|4
|teamsize|p2|4
|start
|switch|p1a: Excadrill|Excadrill, L50, F, shiny|100/100
|switch|p1b: Tyranitar|Tyranitar, L50, F, shiny|100/100
|switch|p2a: Rillaboom|Rillaboom, L50, M|100/100
|switch|p2b: Dragonite|Dragonite, L50, M|100/100
|-fieldstart|move: Grassy Terrain|[from] ability: Grassy Surge|[of] p2a: Rillaboom
|-weather|Sandstorm|[from] ability: Sand Stream|[of] p1b: Tyranitar
|turn|1
|
|t:|1756206559
|-terastallize|p2b: Dragonite|Steel
|move|p2a: Rillaboom|Fake Out|p1a: Excadrill
|-resisted|p1a: Excadrill
|-damage|p1a: Excadrill|92/100
|cant|p1a: Excadrill|flinch
|move|p2b: Dragonite|Scale Shot|p1b: Tyranitar
|-damage|p1b: Tyranitar|88/100
|-damage|p1b: Tyranitar|76/100
|-crit|p1b: Tyranitar
|-damage|p1b: Tyranitar|61/100
|-damage|p1b: Tyranitar|48/100
|-hitcount|p1b: Tyranitar|4
|-unboost|p2b: Dragonite|def|1
|-boost|p2b: Dragonite|spe|1
|move|p1b: Tyranitar|Knock Off|p2b: Dragonite
|-damage|p2b: Dragonite|59/100
|-enditem|p2b: Dragonite|Loaded Dice|[from] move: Knock Off|[of] p1b: Tyranitar
|
|-weather|Sandstorm|[upkeep]
|-damage|p2a: Rillaboom|94/100|[from] Sandstorm
|-heal|p2b: Dragonite|65/100|[from] Grassy Terrain
|-heal|p1a: Excadrill|98/100|[from] Grassy Terrain
|-heal|p2a: Rillaboom|100/100|[from] Grassy Terrain
|-heal|p1b: Tyranitar|54/100|[from] Grassy Terrain
|upkeep
|turn|2
|
|t:|1756206594
|move|p1b: Tyranitar|Protect|p1b: Tyranitar
|-singleturn|p1b: Tyranitar|Protect
|move|p2a: Rillaboom|Grassy Glide|p1a: Excadrill
|-damage|p1a: Excadrill|53/100
|move|p2b: Dragonite|Stomping Tantrum|p1a: Excadrill
|-supereffective|p1a: Excadrill
|-damage|p1a: Excadrill|0 fnt
|faint|p1a: Excadrill
|
|-weather|Sandstorm|[upkeep]
|-damage|p2a: Rillaboom|94/100|[from] Sandstorm
|-heal|p2b: Dragonite|71/100|[from] Grassy Terrain
|-heal|p2a: Rillaboom|100/100|[from] Grassy Terrain
|-heal|p1b: Tyranitar|60/100|[from] Grassy Terrain
|upkeep
|
|t:|1756206610
|switch|p1a: Talonflame|Talonflame, L50, F|100/100
|turn|3
|
|t:|1756206622
|move|p2b: Dragonite|Extreme Speed|p1b: Tyranitar
|-resisted|p1b: Tyranitar
|-damage|p1b: Tyranitar|49/100
|move|p1a: Talonflame|Tailwind|p1a: Talonflame
|-sidestart|p1: Ace Trainer Gaby|move: Tailwind
|move|p1b: Tyranitar|Rock Slide|p2b: Dragonite|[spread] p2a,p2b
|-resisted|p2b: Dragonite
|-damage|p2a: Rillaboom|70/100
|-damage|p2b: Dragonite|45/100
|move|p2a: Rillaboom|Wood Hammer|p1b: Tyranitar
|-supereffective|p1b: Tyranitar
|-damage|p1b: Tyranitar|0 fnt
|faint|p1b: Tyranitar
|-damage|p2a: Rillaboom|54/100|[from] Recoil
|
|-weather|Sandstorm|[upkeep]
|-damage|p1a: Talonflame|95/100|[from] Sandstorm
|-damage|p2a: Rillaboom|48/100|[from] Sandstorm
|-heal|p2b: Dragonite|51/100|[from] Grassy Terrain
|-heal|p2a: Rillaboom|54/100|[from] Grassy Terrain
|upkeep
|
|t:|1756206642
|switch|p1b: Gastrodon|Gastrodon, L50, M|100/100
|turn|4
|
|t:|1756206658
|move|p1b: Gastrodon|Protect|p1b: Gastrodon
|-singleturn|p1b: Gastrodon|Protect
|move|p2b: Dragonite|Extreme Speed|p1a: Talonflame
|-damage|p1a: Talonflame|43/100
|move|p2a: Rillaboom|Grassy Glide|p1a: Talonflame
|-resisted|p1a: Talonflame
|-damage|p1a: Talonflame|29/100
|move|p1a: Talonflame|Flare Blitz|p2b: Dragonite
|-supereffective|p2b: Dragonite
|-damage|p2b: Dragonite|0 fnt
|faint|p2b: Dragonite
|-damage|p1a: Talonflame|11/100|[from] Recoil
|
|-weather|Sandstorm|[upkeep]
|-damage|p1a: Talonflame|5/100|[from] Sandstorm
|-damage|p2a: Rillaboom|48/100|[from] Sandstorm
|-heal|p2a: Rillaboom|54/100|[from] Grassy Terrain
|upkeep
|
|t:|1756206668
|switch|p2b: Sneasler|Sneasler, L50, M|100/100
|turn|5
|
|t:|1756206695
|move|p2b: Sneasler|Fake Out|p1b: Gastrodon
|-damage|p1b: Gastrodon|85/100
|move|p2a: Rillaboom|Grassy Glide|p1a: Talonflame
|-resisted|p1a: Talonflame
|-damage|p1a: Talonflame|0 fnt
|faint|p1a: Talonflame
|cant|p1b: Gastrodon|flinch
|
|-weather|none
|-heal|p2a: Rillaboom|60/100|[from] Grassy Terrain
|-heal|p1b: Gastrodon|91/100|[from] Grassy Terrain
|-fieldend|move: Grassy Terrain
|upkeep
|turn|6
|
|t:|1756206714
|-terastallize|p1b: Gastrodon|Fire
|move|p2b: Sneasler|Close Combat|p1b: Gastrodon
|-damage|p1b: Gastrodon|31/100
|-unboost|p2b: Sneasler|def|1
|-unboost|p2b: Sneasler|spd|1
|-enditem|p1b: Gastrodon|Sitrus Berry|[eat]
|-heal|p1b: Gastrodon|56/100|[from] item: Sitrus Berry
|move|p2a: Rillaboom|Wood Hammer|p1b: Gastrodon
|-resisted|p1b: Gastrodon
|-damage|p1b: Gastrodon|27/100
|-damage|p2a: Rillaboom|50/100|[from] Recoil
|move|p1b: Gastrodon|Muddy Water|p2b: Sneasler|[spread] p2a,p2b
|-resisted|p2a: Rillaboom
|-damage|p2a: Rillaboom|40/100
|-damage|p2b: Sneasler|50/100
|
|-sideend|p1: Ace Trainer Gaby|move: Tailwind
|upkeep
|turn|7
|
|t:|1756206732
|move|p2b: Sneasler|Close Combat|p1b: Gastrodon
|-damage|p1b: Gastrodon|0 fnt
|-unboost|p2b: Sneasler|def|1
|-unboost|p2b: Sneasler|spd|1
|faint|p1b: Gastrodon
|
|win|vgc_eon
|raw|Ace Trainer Gaby's rating: 1065 → 1051(-14 for losing)
|raw|vgc_eon's rating: 1166 → 1184(+18 for winning)
