|j|☆SupernovaSZ8
|j|☆lukoog
|html|SupernovaSZ8lukoog    
|uhtml|bestof|Game 2 of a best-of-3
|t:|1785729959
|gametype|doubles
|player|p1|SupernovaSZ8|canari|1298
|player|p2|lukoog|170|1229
|gen|9
|tier|[Gen 9 Champions] VGC 2026 Reg M-B (Bo3)
|rated|
|rule|Species Clause: Limit one of each Pokémon
|rule|Item Clause: Limit 1 of each item
|clearpoke
|poke|p1|Whimsicott, L50, F, shiny|
|poke|p1|Charizard, L50, F|
|poke|p1|Floette-Eternal, L50, F|
|poke|p1|Basculegion, L50, M|
|poke|p1|Garchomp, L50, M|
|poke|p1|Farigiraf, L50, M, shiny|
|poke|p2|Raichu, L50, M|
|poke|p2|Gholdengo, L50|
|poke|p2|Garchomp, L50, F|
|poke|p2|Delphox, L50, M|
|poke|p2|Basculegion, L50, M|
|poke|p2|Ninetales-Alola, L50, F|
|teampreview|4
|showteam|p1|Whimsicott||FocusSash|Prankster|Moonblast,FakeTears,SunnyDay,Tailwind|Modest||F|||50|]Charizard||CharizarditeY|SolarPower|HeatWave,WeatherBall,SolarBeam,Protect|Modest||F|||50|]Floette-Eternal||Floettite|FlowerVeil|Moonblast,LightofRuin,DazzlingGleam,Protect|Modest||F|||50|]Basculegion||ChoiceScarf|Adaptability|LastRespects,WaveCrash,FlipTurn,AquaJet|Adamant||M|||50|]Garchomp||WhiteHerb|RoughSkin|Earthquake,StompingTantrum,RockSlide,Protect|Jolly||M|||50|]Farigiraf||ColburBerry|ArmorTail|HyperVoice,TwinBeam,TrickRoom,Protect|Modest||M|||50|
|showteam|p2|Raichu||RaichuniteY|LightningRod|ZapCannon,FocusBlast,FakeOut,Protect|Timid||M|||50|]Gholdengo||LifeOrb|GoodasGold|MakeItRain,ShadowBall,NastyPlot,Protect|Timid|||||50|]Garchomp||SoftSand|RoughSkin|Earthquake,StompingTantrum,RockSlide,Protect|Adamant||F|||50|]Delphox||Delphoxite|Blaze|Protect,HeatWave,Psyshock,GrassKnot|Timid||M|||50|]Basculegion||MysticWater|Adaptability|FlipTurn,WaveCrash,LastRespects,Protect|Careful||M|||50|]Ninetales-Alola||LightClay|SnowWarning|AuroraVeil,Protect,IcyWind,Encore|Timid||F|||50|
|inactive|Battle timer is ON: inactive players will automatically lose when time's up. (requested by lukoog)
|
|t:|1785729994
|teamsize|p1|4
|teamsize|p2|4
|start
|switch|p1a: Whimsicott|Whimsicott, L50, F, shiny|100/100
|switch|p1b: Charizard|Charizard, L50, F|100/100
|switch|p2a: Gholdengo|Gholdengo, L50|100/100
|switch|p2b: Ninetales|Ninetales-Alola, L50, F|100/100
|-weather|Snowscape|[from] ability: Snow Warning|[of] p2b: Ninetales
|turn|1
|inactive|lukoog has 30 seconds left.
|inactive|lukoog has 20 seconds left.
|inactive|lukoog has 15 seconds left.
|inactive|lukoog has 10 seconds left.
|
|t:|1785730039
|detailschange|p1b: Charizard|Charizard-Mega-Y, L50, F
|-mega|p1b: Charizard|Charizard|Charizardite Y
|-weather|SunnyDay|[from] ability: Drought|[of] p1b: Charizard
|move|p2a: Gholdengo|Protect|p2a: Gholdengo
|-singleturn|p2a: Gholdengo|Protect
|move|p1a: Whimsicott|Tailwind|p1a: Whimsicott
|-sidestart|p1: SupernovaSZ8|move: Tailwind
|move|p1b: Charizard|Heat Wave|p2a: Gholdengo|[spread] 
|-activate|p2a: Gholdengo|move: Protect
|-miss|p1b: Charizard|p2b: Ninetales
|move|p2b: Ninetales|Icy Wind|p1b: Charizard|[spread] p1a,p1b
|-supereffective|p1a: Whimsicott|1
|-damage|p1a: Whimsicott|54/100
|-damage|p1b: Charizard|89/100
|-unboost|p1a: Whimsicott|spe|1
|-unboost|p1b: Charizard|spe|1
|
|-weather|SunnyDay|[upkeep]
|upkeep
|turn|2
|inactive|lukoog has 30 seconds left.
|
|t:|1785730070
|switch|p1a: Garchomp|Garchomp, L50, M|100/100
|switch|p2a: Garchomp|Garchomp, L50, F|100/100
|move|p1b: Charizard|Heat Wave|p2b: Ninetales|[spread] p2b
|-miss|p1b: Charizard|p2a: Garchomp
|-supereffective|p2b: Ninetales|1
|-damage|p2b: Ninetales|0 fnt
|faint|p2b: Ninetales
|
|-weather|SunnyDay|[upkeep]
|upkeep
|
|t:|1785730083
|switch|p2b: Raichu|Raichu, L50, M|100/100
|turn|3
|
|t:|1785730091
|detailschange|p2b: Raichu|Raichu-Mega-Y, L50, M
|-mega|p2b: Raichu|Raichu|Raichunite Y
|move|p1a: Garchomp|Protect|p1a: Garchomp
|-singleturn|p1a: Garchomp|Protect
|move|p1b: Charizard|Protect|p1b: Charizard
|-singleturn|p1b: Charizard|Protect
|move|p2b: Raichu|Fake Out|p1a: Garchomp
|-activate|p1a: Garchomp|move: Protect
|move|p2a: Garchomp|Rock Slide|p1a: Garchomp|[spread] 
|-activate|p1a: Garchomp|move: Protect
|-activate|p1b: Charizard|move: Protect
|
|-weather|SunnyDay|[upkeep]
|upkeep
|turn|4
|
|t:|1785730102
|move|p2b: Raichu|Protect|p2b: Raichu
|-singleturn|p2b: Raichu|Protect
|move|p1a: Garchomp|Earthquake|p2b: Raichu|[spread] p2a
|-activate|p2b: Raichu|move: Protect
|-immune|p1b: Charizard
|-damage|p2a: Garchomp|67/100
|move|p1b: Charizard|Heat Wave|p2a: Garchomp|[spread] 
|-activate|p2b: Raichu|move: Protect
|-miss|p1b: Charizard|p2a: Garchomp
|move|p2a: Garchomp|Rock Slide|p1a: Garchomp|[spread] p1a,p1b
|-resisted|p1a: Garchomp|1
|-supereffective|p1b: Charizard|2
|-damage|p1a: Garchomp|89/100
|-damage|p1b: Charizard|0 fnt
|faint|p1b: Charizard
|
|-weather|SunnyDay|[upkeep]
|-sideend|p1: SupernovaSZ8|move: Tailwind
|upkeep
|
|t:|1785730107
|switch|p1b: Whimsicott|Whimsicott, L50, F, shiny|54/100
|turn|5
|inactive|lukoog has 30 seconds left.
|inactive|lukoog has 20 seconds left.
|inactive|lukoog has 15 seconds left.
|inactive|lukoog has 10 seconds left.
|inactive|lukoog has 5 seconds left.
|
|t:|1785730162
|move|p1b: Whimsicott|Tailwind|p1b: Whimsicott
|-sidestart|p1: SupernovaSZ8|move: Tailwind
|move|p1a: Garchomp|Stomping Tantrum|p2b: Raichu
|-supereffective|p2b: Raichu|1
|-crit|p2b: Raichu
|-damage|p2b: Raichu|0 fnt
|faint|p2b: Raichu
|move|p2a: Garchomp|Earthquake|p1a: Garchomp|[spread] p1a,p1b
|-resisted|p1b: Whimsicott|1
|-damage|p1a: Garchomp|32/100
|-damage|p1b: Whimsicott|15/100
|
|-weather|none
|upkeep
|
|t:|1785730166
|switch|p2b: Gholdengo|Gholdengo, L50|100/100
|turn|6
|c|☆lukoog|gg
|
|t:|1785730173
|move|p2b: Gholdengo|Protect|p2b: Gholdengo
|-singleturn|p2b: Gholdengo|Protect
|move|p1a: Garchomp|Stomping Tantrum|p2b: Gholdengo
|-activate|p2b: Gholdengo|move: Protect
|move|p1b: Whimsicott|Moonblast|p2a: Garchomp
|-supereffective|p2a: Garchomp|1
|-damage|p2a: Garchomp|0 fnt
|faint|p2a: Garchomp
|
|upkeep
|turn|7
|c|☆SupernovaSZ8|gg
|
|t:|1785730181
|move|p1a: Garchomp|Stomping Tantrum|p2b: Gholdengo
|-supereffective|p2b: Gholdengo|1
|-damage|p2b: Gholdengo|34/100
|move|p1b: Whimsicott|Moonblast|p2b: Gholdengo
|-resisted|p2b: Gholdengo|1
|-crit|p2b: Gholdengo
|-damage|p2b: Gholdengo|6/100
|move|p2b: Gholdengo|Make It Rain|p1b: Whimsicott|[spread] p1a,p1b
|-supereffective|p1b: Whimsicott|1
|-damage|p1a: Garchomp|0 fnt
|-damage|p1b: Whimsicott|0 fnt
|-unboost|p2b: Gholdengo|spa|2
|faint|p1a: Garchomp
|faint|p1b: Whimsicott
|-damage|p2b: Gholdengo|0 fnt|[from] item: Life Orb
|faint|p2b: Gholdengo
|
|win|SupernovaSZ8
|raw|SupernovaSZ8's rating: 1298 → 1318(+20 for winning)
|raw|lukoog's rating: 1229 → 1209(-20 for losing)
