|j|☆Lorido
|j|☆pl2
|html|Loridopl2    
|uhtml|bestof|Game 2 of a best-of-3
|t:|1782476099
|gametype|doubles
|player|p1|Lorido|170|1168
|player|p2|pl2|depotagent|1224
|gen|9
|tier|[Gen 9 Champions] VGC 2026 Reg M-B (Bo3)
|rated|
|rule|Species Clause: Limit one of each Pokémon
|rule|Item Clause: Limit 1 of each item
|clearpoke
|poke|p1|Charizard, L50, M|
|poke|p1|Floette-Eternal, L50, F|
|poke|p1|Whimsicott, L50, F|
|poke|p1|Kingambit, L50, F|
|poke|p1|Garchomp, L50, F|
|poke|p1|Basculegion, L50, M|
|poke|p2|Swampert, L50, M|
|poke|p2|Politoed, L50, M|
|poke|p2|Gengar, L50, F|
|poke|p2|Archaludon, L50, F|
|poke|p2|Sinistcha, L50|
|poke|p2|Grimmsnarl, L50, M|
|teampreview|4
|showteam|p1|Charizard||CharizarditeY|Blaze|HeatWave,WeatherBall,SolarBeam,Protect|Modest||M|||50|]Floette-Eternal||Floettite|FlowerVeil|DazzlingGleam,Protect,Moonblast,LightofRuin|Modest||F|||50|]Whimsicott||FocusSash|Prankster|Moonblast,Protect,Tailwind,Encore|Timid||F|||50|]Kingambit||ChopleBerry|Defiant|KowtowCleave,SuckerPunch,IronHead,LowKick|Adamant||F|||50|]Garchomp||LifeOrb|RoughSkin|DragonClaw,StompingTantrum,RockSlide,Protect|Jolly||F|||50|]Basculegion||MysticWater|Adaptability|WaveCrash,LastRespects,AquaJet,Protect|Adamant||M|||50|
|showteam|p2|Swampert||Swampertite|Torrent|WaveCrash,FlipTurn,Protect,KnockOff|Adamant||M|||50|]Politoed||SitrusBerry|Drizzle|WeatherBall,IcyWind,Protect,PerishSong|Bold||M|||50|]Gengar||Gengarite|CursedBody|SludgeBomb,Protect,ShadowBall,Substitute|Timid||F|||50|]Archaludon||Leftovers|Stamina|ElectroShot,Protect,DragonPulse,FlashCannon|Timid||F|||50|]Sinistcha||FocusSash|Hospitality|MatchaGotcha,Imprison,Protect,ShadowBall|Timid|||||50|]Grimmsnarl||LightClay|Prankster|SpiritBreak,LightScreen,PartingShot,FakeOut|Careful||M|||50|
|inactive|Battle timer is ON: inactive players will automatically lose when time's up. (requested by pl2)
|
|t:|1782476128
|teamsize|p1|4
|teamsize|p2|4
|start
|switch|p1a: Basculegion|Basculegion, L50, M|100/100
|switch|p1b: Kingambit|Kingambit, L50, F|100/100
|switch|p2a: Politoed|Politoed, L50, M|100/100
|switch|p2b: Archaludon|Archaludon, L50, F|100/100
|-weather|RainDance|[from] ability: Drizzle|[of] p2a: Politoed
|turn|1
|inactive|Lorido has 30 seconds left.
|inactive|Lorido has 20 seconds left.
|inactive|Lorido has 15 seconds left.
|inactive|Lorido has 10 seconds left.
|
|t:|1782476177
|move|p1b: Kingambit|Sucker Punch|p2a: Politoed
|-damage|p2a: Politoed|68/100
|move|p2b: Archaludon|Electro Shot||[still]
|-prepare|p2b: Archaludon|Electro Shot
|-boost|p2b: Archaludon|spa|1
|-anim|p2b: Archaludon|Electro Shot|p1b: Kingambit
|-damage|p1b: Kingambit|40/100
|move|p1a: Basculegion|Wave Crash|p2a: Politoed
|-resisted|p2a: Politoed|1
|-damage|p2a: Politoed|9/100
|-enditem|p2a: Politoed|Sitrus Berry|[eat]
|-heal|p2a: Politoed|34/100|[from] item: Sitrus Berry
|-damage|p1a: Basculegion|80/100|[from] Recoil
|move|p2a: Politoed|Weather Ball|p1b: Kingambit
|-damage|p1b: Kingambit|0 fnt
|faint|p1b: Kingambit
|
|-weather|RainDance|[upkeep]
|upkeep
|
|t:|1782476191
|switch|p1b: Charizard|Charizard, L50, M|100/100
|turn|2
|
|t:|1782476203
|switch|p2a: Grimmsnarl|Grimmsnarl, L50, M|100/100
|detailschange|p1b: Charizard|Charizard-Mega-Y, L50, M
|-mega|p1b: Charizard|Charizard|Charizardite Y
|-weather|SunnyDay|[from] ability: Drought|[of] p1b: Charizard
|move|p2b: Archaludon|Protect|p2b: Archaludon
|-singleturn|p2b: Archaludon|Protect
|move|p1b: Charizard|Weather Ball|p2b: Archaludon
|-activate|p2b: Archaludon|move: Protect
|move|p1a: Basculegion|Last Respects|p2a: Grimmsnarl
|-resisted|p2a: Grimmsnarl|1
|-damage|p2a: Grimmsnarl|60/100
|
|-weather|SunnyDay|[upkeep]
|upkeep
|turn|3
|inactive|pl2 has 30 seconds left.
|inactive|pl2 has 20 seconds left.
|
|t:|1782476238
|switch|p1b: Garchomp|Garchomp, L50, F|100/100
|move|p2a: Grimmsnarl|Parting Shot|p1a: Basculegion
|-unboost|p1a: Basculegion|atk|1
|-unboost|p1a: Basculegion|spa|1
|
|t:|1782476244
|switch|p2a: Politoed|Politoed, L50, M|34/100|[from] Parting Shot
|-weather|RainDance|[from] ability: Drizzle|[of] p2a: Politoed
|move|p2b: Archaludon|Dragon Pulse|p1a: Basculegion
|-damage|p1a: Basculegion|17/100
|move|p1a: Basculegion|Last Respects|p2a: Politoed
|-damage|p2a: Politoed|0 fnt
|faint|p2a: Politoed
|
|-weather|RainDance|[upkeep]
|upkeep
|
|t:|1782476257
|switch|p2a: Grimmsnarl|Grimmsnarl, L50, M|60/100
|turn|4
|inactive|Lorido has 30 seconds left.
|inactive|pl2 has 30 seconds left.
|inactive|Lorido has 20 seconds left.
|inactive|pl2 has 20 seconds left.
|inactive|Lorido has 15 seconds left.
|inactive|pl2 has 15 seconds left.
|
|t:|1782476301
|move|p2b: Archaludon|Protect|p2b: Archaludon
|-singleturn|p2b: Archaludon|Protect
|move|p2a: Grimmsnarl|Parting Shot|p1a: Basculegion
|-unboost|p1a: Basculegion|atk|1
|-unboost|p1a: Basculegion|spa|1
|
|t:|1782476305
|switch|p2a: Gengar|Gengar, L50, F|100/100|[from] Parting Shot
|move|p1b: Garchomp|Stomping Tantrum|p2b: Archaludon
|-activate|p2b: Archaludon|move: Protect
|move|p1a: Basculegion|Wave Crash|p2a: Gengar
|-damage|p2a: Gengar|0 fnt
|faint|p2a: Gengar
|-damage|p1a: Basculegion|0 fnt|[from] Recoil
|faint|p1a: Basculegion
|
|-weather|RainDance|[upkeep]
|upkeep
|
|t:|1782476316
|switch|p2a: Grimmsnarl|Grimmsnarl, L50, M|60/100
|switch|p1a: Charizard|Charizard-Mega-Y, L50, M|100/100
|-weather|SunnyDay|[from] ability: Drought|[of] p1a: Charizard
|turn|5
|
|t:|1782476328
|move|p1a: Charizard|Protect|p1a: Charizard
|-singleturn|p1a: Charizard|Protect
|move|p2a: Grimmsnarl|Fake Out|p1a: Charizard
|-activate|p1a: Charizard|move: Protect
|move|p1b: Garchomp|Stomping Tantrum|p2a: Grimmsnarl
|-damage|p2a: Grimmsnarl|4/100
|-damage|p1b: Garchomp|90/100|[from] item: Life Orb
|move|p2b: Archaludon|Dragon Pulse|p1b: Garchomp
|-supereffective|p1b: Garchomp|1
|-damage|p1b: Garchomp|0 fnt
|faint|p1b: Garchomp
|
|-weather|SunnyDay|[upkeep]
|upkeep
|turn|6
|inactive|pl2 has 30 seconds left.
|
|t:|1782476362
|move|p2b: Archaludon|Protect|p2b: Archaludon
|-singleturn|p2b: Archaludon|Protect
|move|p2a: Grimmsnarl|Light Screen|p2a: Grimmsnarl
|-sidestart|p2: pl2|move: Light Screen
|move|p1a: Charizard|Heat Wave|p2a: Grimmsnarl|[spread] p2a
|-activate|p2b: Archaludon|move: Protect
|-damage|p2a: Grimmsnarl|0 fnt
|faint|p2a: Grimmsnarl
|
|-weather|SunnyDay|[upkeep]
|upkeep
|turn|7
|
|t:|1782476372
|move|p1a: Charizard|Weather Ball|p2b: Archaludon
|-damage|p2b: Archaludon|17/100
|-ability|p2b: Archaludon|Stamina|boost
|-boost|p2b: Archaludon|def|1
|move|p2b: Archaludon|Dragon Pulse|p1a: Charizard
|-damage|p1a: Charizard|39/100
|
|-weather|SunnyDay|[upkeep]
|-heal|p2b: Archaludon|23/100|[from] item: Leftovers
|upkeep
|turn|8
|c|☆pl2|gg
|
|t:|1782476380
|move|p1a: Charizard|Weather Ball|p2b: Archaludon
|-damage|p2b: Archaludon|0 fnt
|faint|p2b: Archaludon
|
|win|Lorido
|raw|Lorido's rating: 1168 → 1197(+29 for winning)
|raw|pl2's rating: 1224 → 1195(-29 for losing)
