|j|☆PickledogVGC
|j|☆ApolloLou
|html|PickledogVGCApolloLou    
|uhtml|bestof|Game 2 of a best-of-3
|t:|1756731373
|gametype|doubles
|player|p1|PickledogVGC|roughneck|
|player|p2|ApolloLou|birch|
|gen|9
|tier|[Gen 9] VGC 2025 Reg H (Bo3)
|rule|Species Clause: Limit one of each Pokémon
|rule|Item Clause: Limit 1 of each item
|clearpoke
|poke|p1|Gholdengo, L50|
|poke|p1|Amoonguss, L50, M|
|poke|p1|Incineroar, L50, M|
|poke|p1|Rillaboom, L50, M|
|poke|p1|Primarina, L50, F|
|poke|p1|Dragonite, L50, M|
|poke|p2|Sneasler, L50, M|
|poke|p2|Indeedee, L50, M|
|poke|p2|Annihilape, L50, M|
|poke|p2|Electabuzz, L50, M|
|poke|p2|Ursaluna, L50, F|
|poke|p2|Primarina, L50, F|
|teampreview|4
|showteam|p1|Gholdengo||SitrusBerry|GoodasGold|MakeItRain,Protect,NastyPlot,ShadowBall||||||50|,,,,,Water]Amoonguss||MentalHerb|Regenerator|SludgeBomb,RagePowder,Spore,PollenPuff|||M|||50|,,,,,Water]Incineroar||SafetyGoggles|Intimidate|KnockOff,FakeOut,PartingShot,FlareBlitz|||M|||50|,,,,,Ghost]Rillaboom||AssaultVest|GrassySurge|GrassyGlide,WoodHammer,FakeOut,Uturn|||M|||50|,,,,,Fire]Primarina||ThroatSpray|LiquidVoice|HyperVoice,Moonblast,Protect,CalmMind|||F|||50|,,,,,Steel]Dragonite||ChoiceBand|InnerFocus|ExtremeSpeed,Outrage,StompingTantrum,IronHead|||M|||50|,,,,,Normal
|showteam|p2|Sneasler||PsychicSeed|Unburden|DireClaw,Protect,ThroatChop,CloseCombat|||M|||50|,,,,,Dark]Indeedee||FocusSash|PsychicSurge|ExpandingForce,TrickRoom,TeraBlast,Protect|||M|||50|,,,,,Ground]Annihilape||SitrusBerry|Defiant|RageFist,DrainPunch,BulkUp,Protect|||M|||50|,,,,,Steel]Electabuzz||Eviolite|VitalSpirit|FollowMe,Electroweb,Protect,Taunt|||M|||50|,,,,,Fairy]Ursaluna||FlameOrb|Guts|Facade,HeadlongRush,Earthquake,Protect|||F|||50|,,,,,Normal]Primarina||RoomService|LiquidVoice|Protect,HyperVoice,Moonblast,Haze|||F|||50|,,,,,Normal
|inactive|Battle timer is ON: inactive players will automatically lose when time's up. (requested by PickledogVGC)
|inactive|PickledogVGC has 60 seconds left.
|inactive|PickledogVGC has 30 seconds left.
|j| don zaloog is real
|
|t:|1756731441
|teamsize|p1|4
|teamsize|p2|4
|start
|switch|p1a: Oooh banana|Rillaboom, L50, M, shiny|100/100
|switch|p1b: Kraaaabs|Gholdengo, L50|100/100
|switch|p2a: Indeedee|Indeedee, L50, M|100/100
|switch|p2b: Annihilape|Annihilape, L50, M|100/100
|-fieldstart|move: Psychic Terrain|[from] ability: Psychic Surge|[of] p2a: Indeedee
|-fieldstart|move: Grassy Terrain|[from] ability: Grassy Surge|[of] p1a: Oooh banana
|turn|1
|inactive|PickledogVGC has 30 seconds left.
|inactive|ApolloLou has 30 seconds left.
|inactive|PickledogVGC has 20 seconds left.
|inactive|PickledogVGC has 15 seconds left.
|inactive|PickledogVGC has 10 seconds left.
|inactive|ApolloLou has 20 seconds left.
|
|t:|1756731489
|move|p2a: Indeedee|Protect|p2a: Indeedee
|-singleturn|p2a: Indeedee|Protect
|move|p1a: Oooh banana|Wood Hammer|p2a: Indeedee
|-activate|p2a: Indeedee|move: Protect
|move|p1b: Kraaaabs|Shadow Ball|p2b: Annihilape
|-supereffective|p2b: Annihilape
|-damage|p2b: Annihilape|35/100
|-unboost|p2b: Annihilape|spd|1
|-ability|p2b: Annihilape|Defiant|boost
|-boost|p2b: Annihilape|atk|2
|-enditem|p2b: Annihilape|Sitrus Berry|[eat]
|-heal|p2b: Annihilape|60/100|[from] item: Sitrus Berry
|move|p2b: Annihilape|Drain Punch|p1a: Oooh banana
|-damage|p1a: Oooh banana|23/100
|-heal|p2b: Annihilape|98/100|[from] drain|[of] p1a: Oooh banana
|
|-heal|p1a: Oooh banana|29/100|[from] Grassy Terrain
|-heal|p2b: Annihilape|100/100|[from] Grassy Terrain
|upkeep
|turn|2
|inactive|PickledogVGC has 30 seconds left.
|inactive|ApolloLou has 30 seconds left.
|inactive|PickledogVGC has 20 seconds left.
|inactive|ApolloLou has 20 seconds left.
|inactive|PickledogVGC has 15 seconds left.
|inactive|ApolloLou has 15 seconds left.
|
|t:|1756731533
|switch|p2a: Sneasler|Sneasler, L50, M|100/100
|-terastallize|p2b: Annihilape|Steel
|move|p1b: Kraaaabs|Protect|p1b: Kraaaabs
|-singleturn|p1b: Kraaaabs|Protect
|move|p1a: Oooh banana|U-turn|p2a: Sneasler
|-resisted|p2a: Sneasler
|-crit|p2a: Sneasler
|-damage|p2a: Sneasler|87/100
|
|t:|1756731551
|switch|p1a: Dragonite|Dragonite, L50, M|100/100|[from] U-turn
|move|p2b: Annihilape|Rage Fist|p1b: Kraaaabs
|-activate|p1b: Kraaaabs|move: Protect
|
|-heal|p2a: Sneasler|93/100|[from] Grassy Terrain
|upkeep
|turn|3
|inactive|PickledogVGC has 30 seconds left.
|inactive|ApolloLou has 30 seconds left.
|
|t:|1756731587
|move|p2a: Sneasler|Protect|p2a: Sneasler
|-singleturn|p2a: Sneasler|Protect
|move|p1a: Dragonite|Stomping Tantrum|p2b: Annihilape
|-supereffective|p2b: Annihilape
|-damage|p2b: Annihilape|7/100
|move|p1b: Kraaaabs|Make It Rain|p2b: Annihilape|[spread] p2b
|-activate|p2a: Sneasler|move: Protect
|-resisted|p2b: Annihilape
|-damage|p2b: Annihilape|0 fnt
|-unboost|p1b: Kraaaabs|spa|1
|faint|p2b: Annihilape
|
|-heal|p2a: Sneasler|99/100|[from] Grassy Terrain
|upkeep
|
|t:|1756731602
|switch|p2b: Ursaluna|Ursaluna, L50, F|100/100
|turn|4
|
|t:|1756731624
|move|p2a: Sneasler|Dire Claw|p1a: Dragonite
|-damage|p1a: Dragonite|46/100
|-status|p1a: Dragonite|par
|move|p1b: Kraaaabs|Make It Rain|p2a: Sneasler|[spread] p2a,p2b
|-damage|p2a: Sneasler|60/100
|-damage|p2b: Ursaluna|75/100
|-unboost|p1b: Kraaaabs|spa|1
|move|p1a: Dragonite|Stomping Tantrum|p2a: Sneasler
|-supereffective|p2a: Sneasler
|-damage|p2a: Sneasler|0 fnt
|faint|p2a: Sneasler
|move|p2b: Ursaluna|Headlong Rush|p1b: Kraaaabs
|-supereffective|p1b: Kraaaabs
|-damage|p1b: Kraaaabs|0 fnt
|-unboost|p2b: Ursaluna|def|1
|-unboost|p2b: Ursaluna|spd|1
|faint|p1b: Kraaaabs
|
|-heal|p2b: Ursaluna|81/100|[from] Grassy Terrain
|-status|p2b: Ursaluna|brn|[from] item: Flame Orb
|upkeep
|
|t:|1756731646
|switch|p2a: Indeedee|Indeedee, L50, M|100/100
|switch|p1b: Oooh banana|Rillaboom, L50, M, shiny|29/100
|-fieldstart|move: Psychic Terrain|[from] ability: Psychic Surge|[of] p2a: Indeedee
|-fieldstart|move: Grassy Terrain|[from] ability: Grassy Surge|[of] p1b: Oooh banana
|turn|5
|inactive|PickledogVGC has 30 seconds left.
|inactive|PickledogVGC has 20 seconds left.
|inactive|PickledogVGC has 15 seconds left.
|
|t:|1756731689
|switch|p1a: Amoongussy|Amoonguss, L50, M|100/100
|move|p1b: Oooh banana|Grassy Glide|p2b: Ursaluna
|-supereffective|p2b: Ursaluna
|-damage|p2b: Ursaluna|4/100 brn
|move|p2a: Indeedee|Expanding Force|p1b: Oooh banana
|-damage|p1b: Oooh banana|0 fnt
|faint|p1b: Oooh banana
|move|p2b: Ursaluna|Facade|p1a: Amoongussy
|-damage|p1a: Amoongussy|0 fnt
|faint|p1a: Amoongussy
|
|-heal|p2b: Ursaluna|10/100 brn|[from] Grassy Terrain
|-damage|p2b: Ursaluna|4/100 brn|[from] brn
|upkeep
|
|t:|1756731701
|switch|p1a: Dragonite|Dragonite, L50, M|46/100 par
|turn|6
|
|t:|1756731721
|move|p1a: Dragonite|Extreme Speed|p2b: Ursaluna
|-damage|p2b: Ursaluna|0 fnt
|faint|p2b: Ursaluna
|move|p2a: Indeedee|Expanding Force|p1a: Dragonite
|-damage|p1a: Dragonite|4/100 par
|
|upkeep
|turn|7
|
|t:|1756731728
|move|p1a: Dragonite|Extreme Speed|p2a: Indeedee
|-damage|p2a: Indeedee|5/100
|move|p2a: Indeedee|Expanding Force|p1a: Dragonite
|-damage|p1a: Dragonite|0 fnt
|faint|p1a: Dragonite
|
|win|ApolloLou
||PickledogVGC is ready for game 3.
|inactive|ApolloLou has 30 seconds to confirm battle start!
||ApolloLou is ready for game 3.
|uhtml|next|Next: Game 3 of 3
|l| don zaloog is real
|l|☆ApolloLou
|player|p2|
