|j|☆SunshineTufo
|j|☆ENDERLANDA
|html|SunshineTufoENDERLANDA    
|uhtml|bestof|Game 1 of a best-of-3
|t:|1785437785
|gametype|doubles
|player|p1|SunshineTufo|li|1326
|player|p2|ENDERLANDA|265|1228
|gen|9
|tier|[Gen 9 Champions] VGC 2026 Reg M-B (Bo3)
|rated|
|rule|Species Clause: Limit one of each Pokémon
|rule|Item Clause: Limit 1 of each item
|clearpoke
|poke|p1|Raichu, L50, M, shiny|
|poke|p1|Decidueye-Hisui, L50, M|
|poke|p1|Floette-Eternal, L50, F|
|poke|p1|Aerodactyl, L50, M, shiny|
|poke|p1|Kingambit, L50, M, shiny|
|poke|p1|Basculegion, L50, M, shiny|
|poke|p2|Charizard, L50, M|
|poke|p2|Milotic, L50, M|
|poke|p2|Floette-Eternal, L50, F|
|poke|p2|Grimmsnarl, L50, M|
|poke|p2|Sinistcha, L50|
|poke|p2|Incineroar, L50, F|
|teampreview|4
|showteam|p1|Raichu||RaichuniteY|Static|ZapCannon,FocusBlast,FakeOut,Protect|Timid||M|||50|]Decidueye-Hisui||ScopeLens|Scrappy|TripleArrows,LeafBlade,Protect,Taunt|Adamant||M|||50|]Floette-Eternal||Floettite|FlowerVeil|Moonblast,DazzlingGleam,LightofRuin,Protect|Timid||F|||50|]Aerodactyl||FocusSash|Unnerve|RockSlide,DualWingbeat,Tailwind,Protect|Jolly||M|||50|]Kingambit||ChopleBerry|Defiant|KowtowCleave,IronHead,SuckerPunch,LowKick|Adamant||M|||50|]Basculegion||LifeOrb|Adaptability|WaveCrash,AquaJet,LastRespects,Protect|Adamant||M|||50|
|showteam|p2|Charizard||CharizarditeX|Blaze|Protect,DragonDance,DragonRush,FlareBlitz|Adamant||M|||50|]Milotic||Leftovers|Competitive|Coil,MuddyWater,Hypnosis,Protect|Calm||M|||50|]Floette-Eternal||Floettite|FlowerVeil|Moonblast,DazzlingGleam,Protect,CalmMind|Modest||F|||50|]Grimmsnarl||LightClay|Prankster|LightScreen,Reflect,SpiritBreak,PartingShot|Impish||M|||50|]Sinistcha||ColburBerry|Hospitality|MatchaGotcha,TrickRoom,RagePowder,Protect|Calm|||||50|]Incineroar||SitrusBerry|Intimidate|FakeOut,FlareBlitz,PartingShot,ThroatChop|Adamant||F|||50|
|inactive|Battle timer is ON: inactive players will automatically lose when time's up. (requested by SunshineTufo)
|inactive|ENDERLANDA has 60 seconds left.
|
|t:|1785437832
|teamsize|p1|4
|teamsize|p2|4
|start
|switch|p1a: Floette|Floette-Eternal, L50, F|100/100
|switch|p1b: Decidueye|Decidueye-Hisui, L50, M|100/100
|switch|p2a: Grimmsnarl|Grimmsnarl, L50, M|100/100
|switch|p2b: Charizard|Charizard, L50, M|100/100
|turn|1
|inactive|ENDERLANDA has 30 seconds left.
|inactive|ENDERLANDA has 20 seconds left.
|inactive|ENDERLANDA has 15 seconds left.
|inactive|ENDERLANDA has 10 seconds left.
|inactive|ENDERLANDA has 5 seconds left.
|
|t:|1785437887
|detailschange|p1a: Floette|Floette-Mega, L50, F
|-mega|p1a: Floette|Floette|Floettite
|-ability|p1a: Floette|Fairy Aura
|move|p2b: Charizard|Protect|p2b: Charizard
|-singleturn|p2b: Charizard|Protect
|move|p2a: Grimmsnarl|Light Screen|p2a: Grimmsnarl
|-sidestart|p2: ENDERLANDA|move: Light Screen
|move|p1a: Floette|Dazzling Gleam|p2a: Grimmsnarl|[spread] p2a
|-activate|p2b: Charizard|move: Protect
|-supereffective|p2a: Grimmsnarl|1
|-damage|p2a: Grimmsnarl|42/100
|move|p1b: Decidueye|Triple Arrows|p2a: Grimmsnarl
|-crit|p2a: Grimmsnarl
|-damage|p2a: Grimmsnarl|0 fnt
|faint|p2a: Grimmsnarl
|
|upkeep
|
|t:|1785437901
|switch|p2a: Sinistcha|Sinistcha, L50|100/100
|turn|2
|
|t:|1785437906
|move|p1a: Floette|Dazzling Gleam|p2b: Charizard|[spread] p2a,p2b
|-resisted|p2b: Charizard|1
|-damage|p2a: Sinistcha|71/100
|-damage|p2b: Charizard|83/100
|move|p2b: Charizard|Dragon Dance|p2b: Charizard
|-boost|p2b: Charizard|atk|1
|-boost|p2b: Charizard|spe|1
|move|p1b: Decidueye|Triple Arrows|p2b: Charizard
|-resisted|p2b: Charizard|1
|-crit|p2b: Charizard
|-damage|p2b: Charizard|40/100
|move|p2a: Sinistcha|Matcha Gotcha|p1b: Decidueye|[spread] p1a,p1b
|-resisted|p1b: Decidueye|1
|-damage|p1a: Floette|78/100
|-heal|p2a: Sinistcha|80/100|[from] drain|[of] p1a: Floette
|-damage|p1b: Decidueye|86/100
|-heal|p2a: Sinistcha|87/100|[from] drain|[of] p1b: Decidueye
|
|upkeep
|turn|3
|
|t:|1785437925
|switch|p2a: Milotic|Milotic, L50, M|100/100
|move|p2b: Charizard|Protect|p2b: Charizard
|-singleturn|p2b: Charizard|Protect
|move|p1a: Floette|Protect|p1a: Floette
|-singleturn|p1a: Floette|Protect
|move|p1b: Decidueye|Triple Arrows|p2b: Charizard
|-activate|p2b: Charizard|move: Protect
|
|upkeep
|turn|4
|l|☆ENDERLANDA
|inactive|ENDERLANDA disconnected and has a minute to reconnect!
|player|p2|
|inactive|ENDERLANDA has 30 seconds left.
|inactive|ENDERLANDA has 20 seconds left.
|inactive|ENDERLANDA has 15 seconds left.
|inactive|ENDERLANDA has 10 seconds left.
|j|☆ENDERLANDA
|inactive|ENDERLANDA reconnected and has 10 seconds left.
|player|p2|ENDERLANDA|265|
|inactive|ENDERLANDA has 5 seconds left.
|
|t:|1785437978
|switch|p1a: Basculegion|Basculegion, L50, M, shiny|100/100
|switch|p2a: Sinistcha|Sinistcha, L50|87/100
|-heal|p2b: Charizard|64/100|[from] ability: Hospitality|[of] p2a: Sinistcha
|detailschange|p2b: Charizard|Charizard-Mega-X, L50, M
|-mega|p2b: Charizard|Charizard|Charizardite X
|move|p2b: Charizard|Dragon Rush|p1b: Decidueye
|-damage|p1b: Decidueye|0 fnt
|faint|p1b: Decidueye
|
|upkeep
|
|t:|1785437989
|switch|p1b: Aerodactyl|Aerodactyl, L50, M, shiny|100/100
|-ability|p1b: Aerodactyl|Unnerve
|turn|5
|
|t:|1785438007
|move|p1a: Basculegion|Protect|p1a: Basculegion
|-singleturn|p1a: Basculegion|Protect
|move|p2b: Charizard|Dragon Rush|p1a: Basculegion
|-activate|p1a: Basculegion|move: Protect
|move|p1b: Aerodactyl|Tailwind|p1b: Aerodactyl
|-sidestart|p1: SunshineTufo|move: Tailwind
|move|p2a: Sinistcha|Trick Room|p2a: Sinistcha
|-fieldstart|move: Trick Room|[of] p2a: Sinistcha
|
|upkeep
|turn|6
|
|t:|1785438022
|switch|p1a: Floette|Floette-Mega, L50, F|78/100
|-ability|p1a: Floette|Fairy Aura
|move|p2a: Sinistcha|Matcha Gotcha|p1b: Aerodactyl|[spread] 
|-miss|p2a: Sinistcha|p1a: Floette
|-miss|p2a: Sinistcha|p1b: Aerodactyl
|move|p2b: Charizard|Dragon Rush|p1b: Aerodactyl|[miss]
|-miss|p2b: Charizard|p1b: Aerodactyl
|move|p1b: Aerodactyl|Rock Slide|p2a: Sinistcha|[spread] p2a,p2b
|-supereffective|p2b: Charizard|1
|-damage|p2a: Sinistcha|62/100
|-damage|p2b: Charizard|19/100
|
|upkeep
|turn|7
|
|t:|1785438036
|move|p1a: Floette|Protect|p1a: Floette
|-singleturn|p1a: Floette|Protect
|move|p1b: Aerodactyl|Protect|p1b: Aerodactyl
|-singleturn|p1b: Aerodactyl|Protect
|move|p2a: Sinistcha|Matcha Gotcha|p1b: Aerodactyl|[spread] 
|-activate|p1a: Floette|move: Protect
|-activate|p1b: Aerodactyl|move: Protect
|move|p2b: Charizard|Flare Blitz|p1a: Floette
|-activate|p1a: Floette|move: Protect
|
|upkeep
|turn|8
|
|t:|1785438043
|switch|p1a: Basculegion|Basculegion, L50, M, shiny|100/100
|move|p2a: Sinistcha|Matcha Gotcha|p1b: Aerodactyl|[spread] p1a,p1b
|-supereffective|p1a: Basculegion|1
|-damage|p1a: Basculegion|48/100
|-heal|p2a: Sinistcha|92/100|[from] drain|[of] p1a: Basculegion
|-damage|p1b: Aerodactyl|63/100
|-heal|p2a: Sinistcha|100/100|[from] drain|[of] p1b: Aerodactyl
|move|p2b: Charizard|Dragon Rush|p1b: Aerodactyl
|-damage|p1b: Aerodactyl|0 fnt
|faint|p1b: Aerodactyl
|
|-sideend|p2: ENDERLANDA|move: Light Screen
|-sideend|p1: SunshineTufo|move: Tailwind
|upkeep
|
|t:|1785438048
|switch|p1b: Floette|Floette-Mega, L50, F|78/100
|-ability|p1b: Floette|Fairy Aura
|turn|9
|
|t:|1785438064
|move|p1a: Basculegion|Protect|p1a: Basculegion
|-singleturn|p1a: Basculegion|Protect
|move|p2a: Sinistcha|Matcha Gotcha|p1b: Floette|[spread] p1b
|-activate|p1a: Basculegion|move: Protect
|-damage|p1b: Floette|55/100
|move|p1b: Floette|Light of Ruin|p2a: Sinistcha
|-damage|p2a: Sinistcha|1/100
|-damage|p1b: Floette|0 fnt|[from] Recoil
|faint|p1b: Floette
|move|p2b: Charizard|Dragon Dance|p2b: Charizard
|-boost|p2b: Charizard|atk|1
|-boost|p2b: Charizard|spe|1
|
|-fieldend|move: Trick Room
|upkeep
|turn|10
|
|t:|1785438075
|move|p2a: Sinistcha|Rage Powder|p2a: Sinistcha
|-singleturn|p2a: Sinistcha|move: Rage Powder
|move|p1a: Basculegion|Aqua Jet|p2a: Sinistcha
|-resisted|p2a: Sinistcha|1
|-damage|p2a: Sinistcha|0 fnt
|faint|p2a: Sinistcha
|-damage|p1a: Basculegion|38/100|[from] item: Life Orb
|move|p2b: Charizard|Flare Blitz|p1a: Basculegion
|-resisted|p1a: Basculegion|1
|-damage|p1a: Basculegion|0 fnt
|faint|p1a: Basculegion
|-damage|p2b: Charizard|4/100|[from] Recoil
|
|win|ENDERLANDA
