|j|☆DSH513
|j|☆aus10
|html|DSH513aus10    
|uhtml|bestof|Game 1 of a best-of-3
|t:|1756399078
|gametype|doubles
|player|p1|DSH513|2|1000
|player|p2|aus10|steven|1083
|gen|9
|tier|[Gen 9] VGC 2025 Reg H (Bo3)
|rated|
|rule|Species Clause: Limit one of each Pokémon
|rule|Item Clause: Limit 1 of each item
|clearpoke
|poke|p1|Gengar, L50, M|
|poke|p1|Rillaboom, L50, M|
|poke|p1|Ursaluna-Bloodmoon, L50, M|
|poke|p1|Dondozo, L50, F|
|poke|p1|Tatsugiri-Droopy, L50, M|
|poke|p1|Talonflame, L50, F|
|poke|p2|Sneasler, L50, M|
|poke|p2|Ursaluna-Bloodmoon, L50, M|
|poke|p2|Dragonite, L50, M|
|poke|p2|Electabuzz, L50, M|
|poke|p2|Gholdengo, L50|
|poke|p2|Rillaboom, L50, F|
|teampreview|4
|showteam|p1|Gengar||ChoiceSpecs|CursedBody|SludgeBomb,DazzlingGleam,ShadowBall,Thunderbolt|||M|||50|,,,,,Fairy]Rillaboom||MiracleSeed|GrassySurge|FakeOut,GrassyGlide,WoodHammer,HighHorsepower|||M|||50|,,,,,Ground]Ursaluna-Bloodmoon||LifeOrb|MindsEye|BloodMoon,HyperVoice,EarthPower,Protect|||M|||50|,,,,,Normal]Dondozo||Leftovers|Unaware|WaveCrash,OrderUp,Earthquake,Protect|||F|||50|,,,,,Grass]Tatsugiri-Droopy||ChoiceScarf|Commander|DracoMeteor,MuddyWater,IcyWind,HelpingHand|||M|||50|,,,,,Dragon]Talonflame||CovertCloak|GaleWings|BraveBird,FlareBlitz,Tailwind,Protect|||F|||50|,,,,,Stellar
|showteam|p2|Sneasler||FocusSash|Unburden|CloseCombat,DireClaw,FakeOut,Protect|||M|||50|,,,,,Stellar]Ursaluna-Bloodmoon||LifeOrb|MindsEye|BloodMoon,HyperVoice,EarthPower,Protect|||M|||50|,,,,,Normal]Dragonite||LoadedDice|Multiscale|ScaleShot,Tailwind,Haze,Protect|||M|||50|,,,,,Fairy]Electabuzz||Eviolite|VitalSpirit|Thunderbolt,FollowMe,Taunt,Protect|||M|||50|,,,,,Ghost]Gholdengo||MetalCoat|GoodasGold|MakeItRain,ShadowBall,NastyPlot,Protect||||||50|,,,,,Water]Rillaboom||AssaultVest|GrassySurge|WoodHammer,GrassyGlide,HighHorsepower,FakeOut|||F|||50|,,,,,Fire
|inactive|Battle timer is ON: inactive players will automatically lose when time's up. (requested by DSH513)
|
|t:|1756399136
|teamsize|p1|4
|teamsize|p2|4
|start
|switch|p1a: Tatsugiri|Tatsugiri-Droopy, L50, M|100/100
|switch|p1b: Gengar|Gengar, L50, M|100/100
|switch|p2a: Electabuzz|Electabuzz, L50, M, shiny|100/100
|switch|p2b: Sneasler|Sneasler, L50, M, shiny|100/100
|turn|1
|inactive|DSH513 has 30 seconds left.
|inactive|aus10 has 30 seconds left.
|inactive|DSH513 has 20 seconds left.
|inactive|DSH513 has 15 seconds left.
|
|t:|1756399179
|move|p2b: Sneasler|Protect|p2b: Sneasler
|-singleturn|p2b: Sneasler|Protect
|move|p1a: Tatsugiri|Icy Wind|p2a: Electabuzz|[spread] p2a
|-activate|p2b: Sneasler|move: Protect
|-damage|p2a: Electabuzz|87/100
|-unboost|p2a: Electabuzz|spe|1
|move|p1b: Gengar|Thunderbolt|p2b: Sneasler
|-activate|p2b: Sneasler|move: Protect
|move|p2a: Electabuzz|Thunderbolt|p1a: Tatsugiri
|-damage|p1a: Tatsugiri|63/100
|
|upkeep
|turn|2
|inactive|aus10 has 30 seconds left.
|
|t:|1756399214
|switch|p2b: Rillaboom|Rillaboom, L50, F, shiny|100/100
|-fieldstart|move: Grassy Terrain|[from] ability: Grassy Surge|[of] p2b: Rillaboom
|move|p1a: Tatsugiri|Icy Wind|p2a: Electabuzz|[spread] p2a,p2b
|-supereffective|p2b: Rillaboom
|-damage|p2a: Electabuzz|75/100
|-damage|p2b: Rillaboom|80/100
|-unboost|p2a: Electabuzz|spe|1
|-unboost|p2b: Rillaboom|spe|1
|move|p1b: Gengar|Thunderbolt|p2b: Rillaboom
|-resisted|p2b: Rillaboom
|-damage|p2b: Rillaboom|59/100
|move|p2a: Electabuzz|Thunderbolt|p1a: Tatsugiri
|-damage|p1a: Tatsugiri|26/100
|
|-heal|p1a: Tatsugiri|32/100|[from] Grassy Terrain
|-heal|p2b: Rillaboom|65/100|[from] Grassy Terrain
|-heal|p2a: Electabuzz|81/100|[from] Grassy Terrain
|upkeep
|turn|3
|inactive|DSH513 has 30 seconds left.
|inactive|DSH513 has 20 seconds left.
|
|t:|1756399250
|switch|p1b: Dondozo|Dondozo, L50, F|100/100
|-activate|p1a: Tatsugiri|ability: Commander|[of] p1b: Dondozo
|-boost|p1b: Dondozo|atk|2
|-boost|p1b: Dondozo|spa|2
|-boost|p1b: Dondozo|spe|2
|-boost|p1b: Dondozo|def|2
|-boost|p1b: Dondozo|spd|2
|move|p2b: Rillaboom|Grassy Glide|p1a: Tatsugiri|[miss]
|-miss|p2b: Rillaboom|p1a: Tatsugiri
|move|p2a: Electabuzz|Thunderbolt|p1b: Dondozo
|-supereffective|p1b: Dondozo
|-damage|p1b: Dondozo|82/100
|
|-heal|p1a: Tatsugiri|38/100|[from] Grassy Terrain
|-heal|p1b: Dondozo|88/100|[from] Grassy Terrain
|-heal|p1b: Dondozo|94/100|[from] item: Leftovers
|-heal|p2b: Rillaboom|71/100|[from] Grassy Terrain
|-heal|p2a: Electabuzz|87/100|[from] Grassy Terrain
|upkeep
|turn|4
|inactive|DSH513 has 30 seconds left.
|
|t:|1756399277
|switch|p2b: Dragonite|Dragonite, L50, M, shiny|100/100
|-terastallize|p1b: Dondozo|Grass
|move|p2a: Electabuzz|Protect|p2a: Electabuzz
|-singleturn|p2a: Electabuzz|Protect
|move|p1b: Dondozo|Earthquake|p2a: Electabuzz|[spread] 
|-miss|p1b: Dondozo|p1a: Tatsugiri
|-activate|p2a: Electabuzz|move: Protect
|-immune|p2b: Dragonite
|
|-heal|p1a: Tatsugiri|43/100|[from] Grassy Terrain
|-heal|p1b: Dondozo|100/100|[from] Grassy Terrain
|-heal|p2a: Electabuzz|93/100|[from] Grassy Terrain
|upkeep
|turn|5
|
|t:|1756399291
|move|p2a: Electabuzz|Follow Me|p2a: Electabuzz
|-singleturn|p2a: Electabuzz|move: Follow Me
|move|p2b: Dragonite|Haze|p2b: Dragonite
|-clearallboost
|move|p1b: Dondozo|Order Up|p2a: Electabuzz
|-damage|p2a: Electabuzz|78/100
|-boost|p1b: Dondozo|def|1
|
|-heal|p1a: Tatsugiri|49/100|[from] Grassy Terrain
|-heal|p2a: Electabuzz|84/100|[from] Grassy Terrain
|upkeep
|turn|6
|
|t:|1756399307
|move|p2a: Electabuzz|Follow Me|p2a: Electabuzz
|-singleturn|p2a: Electabuzz|move: Follow Me
|move|p2b: Dragonite|Scale Shot|p1b: Dondozo
|-damage|p1b: Dondozo|94/100
|-damage|p1b: Dondozo|87/100
|-damage|p1b: Dondozo|81/100
|-crit|p1b: Dondozo
|-damage|p1b: Dondozo|68/100
|-damage|p1b: Dondozo|62/100
|-hitcount|p1b: Dondozo|5
|-unboost|p2b: Dragonite|def|1
|-boost|p2b: Dragonite|spe|1
|move|p1b: Dondozo|Earthquake|p2b: Dragonite|[spread] p2a
|-miss|p1b: Dondozo|p1a: Tatsugiri
|-immune|p2b: Dragonite
|-supereffective|p2a: Electabuzz
|-damage|p2a: Electabuzz|67/100
|
|-heal|p1a: Tatsugiri|54/100|[from] Grassy Terrain
|-heal|p2a: Electabuzz|73/100|[from] Grassy Terrain
|-heal|p1b: Dondozo|68/100|[from] Grassy Terrain
|-heal|p1b: Dondozo|74/100|[from] item: Leftovers
|-fieldend|move: Grassy Terrain
|upkeep
|turn|7
|-message|DSH513 forfeited.
|
|win|aus10
|l|☆DSH513
|player|p1|
||aus10 is ready for game 2.
||DSH513 is ready for game 2.
|uhtml|next|Next: Game 2 of 3
|l|☆aus10
|player|p2|
|j|☆aus10
|player|p2|aus10|steven|
