|j|â˜†Dippiedaan
|j|â˜†pedriesta
|html|Dippiedaanpedriesta    
|uhtml|bestof|Game 1 of a best-of-3
|t:|1783196034
|gametype|doubles
|player|p1|Dippiedaan|skyla|
|player|p2|pedriesta|169|
|gen|9
|tier|[Gen 9 Champions] VGC 2026 Reg M-B (Bo3)
|rule|Species Clause: Limit one of each PokÃ©mon
|rule|Item Clause: Limit 1 of each item
|clearpoke
|poke|p1|Basculegion, L50, M|
|poke|p1|Garchomp, L50, F|
|poke|p1|Kingambit, L50, M|
|poke|p1|Sylveon, L50, F|
|poke|p1|Aerodactyl, L50, F|
|poke|p1|Charizard, L50, F|
|poke|p2|Aerodactyl, L50, M|
|poke|p2|Sylveon, L50, M|
|poke|p2|Charizard, L50, M|
|poke|p2|Garchomp, L50, F|
|poke|p2|Farigiraf, L50, F|
|poke|p2|Incineroar, L50, F|
|teampreview|4
|showteam|p1|Basculegion||FocusSash|Adaptability|Protect,LastRespects,AquaJet,Liquidation|Jolly||M|||50|]Garchomp||LifeOrb|RoughSkin|RockTomb,Earthquake,DragonClaw,Protect|Jolly||F|||50|]Kingambit||ChopleBerry|Defiant|SuckerPunch,KowtowCleave,LowKick,IronHead|Adamant||M|||50|]Sylveon||FairyFeather|Pixilate|Detect,HyperVoice,Moonblast,QuickAttack|Modest||F|||50|]Aerodactyl||Aerodactylite|Unnerve|Tailwind,DualWingbeat,RockSlide,Protect|Jolly||F|||50|]Charizard||CharizarditeY|Blaze|HeatWave,SolarBeam,WeatherBall,Protect|Modest||F|||50|
|showteam|p2|Aerodactyl||FocusSash|Unnerve|RockSlide,Tailwind,Sandstorm,WideGuard|Jolly||M|||50|]Sylveon||LifeOrb|Pixilate|HyperVoice,HyperBeam,QuickAttack,Detect|Modest||M|||50|]Charizard||CharizarditeY|Blaze|HeatWave,WeatherBall,SolarBeam,Protect|Modest||M|||50|]Garchomp||Garchompite|RoughSkin|StompingTantrum,DragonClaw,Earthquake,Protect|Adamant||F|||50|]Farigiraf||SitrusBerry|ArmorTail|TwinBeam,Thunderbolt,TrickRoom,HelpingHand|Quiet||F|||50|]Incineroar||PasshoBerry|Intimidate|FlareBlitz,ThroatChop,PartingShot,FakeOut|Adamant||F|||50|
|inactive|Battle timer is ON: inactive players will automatically lose when time's up. (requested by pedriesta)
|
|t:|1783196051
|teamsize|p1|4
|teamsize|p2|4
|start
|switch|p1a: Aerodactyl|Aerodactyl, L50, F|100/100
|switch|p1b: Sylveon|Sylveon, L50, F|100/100
|switch|p2a: Sylveon|Sylveon, L50, M|100/100
|switch|p2b: Farigiraf|Farigiraf, L50, F|100/100
|-ability|p1a: Aerodactyl|Unnerve
|turn|1
|inactive|pedriesta has 30 seconds left.
|
|t:|1783196084
|detailschange|p1a: Aerodactyl|Aerodactyl-Mega, L50, F
|-mega|p1a: Aerodactyl|Aerodactyl|Aerodactylite
|move|p1a: Aerodactyl|Dual Wingbeat|p2b: Farigiraf
|-damage|p2b: Farigiraf|74/100
|-damage|p2b: Farigiraf|46/100
|-enditem|p2b: Farigiraf|Sitrus Berry|[eat]
|-heal|p2b: Farigiraf|70/100|[from] item: Sitrus Berry
|-hitcount|p2b: Farigiraf|2
|move|p2a: Sylveon|Hyper Voice|p1a: Aerodactyl|[spread] p1a,p1b
|-damage|p1a: Aerodactyl|49/100
|-damage|p1b: Sylveon|61/100
|-damage|p2a: Sylveon|90/100|[from] item: Life Orb
|move|p1b: Sylveon|Hyper Voice|p2a: Sylveon|[spread] p2a,p2b
|-damage|p2a: Sylveon|58/100
|-damage|p2b: Farigiraf|32/100
|move|p2b: Farigiraf|Trick Room|p2b: Farigiraf
|-fieldstart|move: Trick Room|[of] p2b: Farigiraf
|
|upkeep
|turn|2
|
|t:|1783196108
|move|p2b: Farigiraf|Helping Hand|p2a: Sylveon
|-singleturn|p2a: Sylveon|Helping Hand|[of] p2b: Farigiraf
|move|p1a: Aerodactyl|Protect|p1a: Aerodactyl
|-singleturn|p1a: Aerodactyl|Protect
|move|p1b: Sylveon|Hyper Voice|p2b: Farigiraf|[spread] p2a,p2b
|-damage|p2a: Sylveon|19/100
|-damage|p2b: Farigiraf|0 fnt
|faint|p2b: Farigiraf
|move|p2a: Sylveon|Hyper Voice|p1b: Sylveon|[spread] p1b
|-activate|p1a: Aerodactyl|move: Protect
|-damage|p1b: Sylveon|7/100
|-damage|p2a: Sylveon|10/100|[from] item: Life Orb
|
|upkeep
|inactive|pedriesta has 30 seconds left.
|
|t:|1783196141
|switch|p2b: Charizard|Charizard, L50, M|100/100
|turn|3
|
|t:|1783196149
|switch|p2a: Incineroar|Incineroar, L50, F|100/100
|-ability|p2a: Incineroar|Intimidate|boost
|-unboost|p1a: Aerodactyl|atk|1
|-unboost|p1b: Sylveon|atk|1
|switch|p1a: Garchomp|Garchomp, L50, F|100/100
|detailschange|p2b: Charizard|Charizard-Mega-Y, L50, M
|-mega|p2b: Charizard|Charizard|Charizardite Y
|-weather|SunnyDay|[from] ability: Drought|[of] p2b: Charizard
|move|p1b: Sylveon|Quick Attack|p2a: Incineroar
|-damage|p2a: Incineroar|92/100
|move|p2b: Charizard|Solar Beam||[still]
|-prepare|p2b: Charizard|Solar Beam
|-anim|p2b: Charizard|Solar Beam|p1a: Garchomp
|-damage|p1a: Garchomp|56/100
|
|-weather|SunnyDay|[upkeep]
|upkeep
|turn|4
|inactive|Dippiedaan has 30 seconds left.
|inactive|pedriesta has 30 seconds left.
|inactive|pedriesta has 20 seconds left.
|inactive|pedriesta has 15 seconds left.
|
|t:|1783196190
|switch|p1b: Basculegion|Basculegion, L50, M|100/100
|move|p1a: Garchomp|Protect|p1a: Garchomp
|-singleturn|p1a: Garchomp|Protect
|move|p2a: Incineroar|Parting Shot|p1b: Basculegion
|-unboost|p1b: Basculegion|atk|1
|-unboost|p1b: Basculegion|spa|1
|
|t:|1783196197
|switch|p2a: Sylveon|Sylveon, L50, M|10/100|[from] Parting Shot
|move|p2b: Charizard|Heat Wave|p1b: Basculegion|[spread] p1b
|-activate|p1a: Garchomp|move: Protect
|-resisted|p1b: Basculegion|1
|-damage|p1b: Basculegion|65/100
|-status|p1b: Basculegion|brn
|
|-weather|SunnyDay|[upkeep]
|-damage|p1b: Basculegion|58/100 brn|[from] brn
|upkeep
|turn|5
|c|â˜†Dippiedaan|sigh
|c|â˜†pedriesta|lol what is happening with this luck
|inactive|pedriesta has 30 seconds left.
|inactive|Dippiedaan has 30 seconds left.
|inactive|pedriesta has 20 seconds left.
|inactive|pedriesta has 15 seconds left.
|c|â˜†Dippiedaan|yeah
|inactive|Dippiedaan has 20 seconds left.
|inactive|pedriesta has 10 seconds left.
|inactive|pedriesta has 5 seconds left.
|
|t:|1783196252
|move|p1b: Basculegion|Aqua Jet|p2a: Sylveon
|-damage|p2a: Sylveon|5/100
|move|p2a: Sylveon|Hyper Voice|p1b: Basculegion|[spread] p1a,p1b
|-supereffective|p1a: Garchomp|1
|-damage|p1a: Garchomp|0 fnt
|-damage|p1b: Basculegion|0 fnt
|faint|p1a: Garchomp
|faint|p1b: Basculegion
|-damage|p2a: Sylveon|0 fnt|[from] item: Life Orb
|faint|p2a: Sylveon
|move|p2b: Charizard|Heat Wave|p1: Garchomp|[notarget]
|-fail|p2b: Charizard
|
|-weather|SunnyDay|[upkeep]
|-fieldend|move: Trick Room
|upkeep
|
|t:|1783196259
|switch|p1a: Aerodactyl|Aerodactyl-Mega, L50, F|49/100
|switch|p1b: Sylveon|Sylveon, L50, F|7/100
|switch|p2a: Incineroar|Incineroar, L50, F|92/100
|-ability|p2a: Incineroar|Intimidate|boost
|-unboost|p1a: Aerodactyl|atk|1
|-unboost|p1b: Sylveon|atk|1
|turn|6
|
|t:|1783196284
|move|p1a: Aerodactyl|Protect|p1a: Aerodactyl
|-singleturn|p1a: Aerodactyl|Protect
|move|p1b: Sylveon|Detect|p1b: Sylveon
|-singleturn|p1b: Sylveon|Protect
|move|p2a: Incineroar|Fake Out|p1a: Aerodactyl
|-activate|p1a: Aerodactyl|move: Protect
|move|p2b: Charizard|Weather Ball|p1b: Sylveon
|-activate|p1b: Sylveon|move: Protect
|
|-weather|SunnyDay|[upkeep]
|upkeep
|turn|7
|
|t:|1783196307
|move|p2b: Charizard|Protect|p2b: Charizard
|-singleturn|p2b: Charizard|Protect
|move|p1a: Aerodactyl|Rock Slide|p2b: Charizard|[spread] p2a
|-activate|p2b: Charizard|move: Protect
|-supereffective|p2a: Incineroar|1
|-damage|p2a: Incineroar|56/100
|move|p2a: Incineroar|Throat Chop|p1a: Aerodactyl
|-damage|p1a: Aerodactyl|5/100
|-start|p1a: Aerodactyl|Throat Chop|[silent]
|move|p1b: Sylveon|Hyper Voice|p2b: Charizard|[spread] p2a
|-activate|p2b: Charizard|move: Protect
|-damage|p2a: Incineroar|9/100
|
|-weather|none
|upkeep
|turn|8
|c|â˜†pedriesta|you still win i think
|inactive|pedriesta has 30 seconds left.
|c|â˜†Dippiedaan|rock slide doesnt kill
|
|t:|1783196336
|move|p1a: Aerodactyl|Rock Slide|p2b: Charizard|[spread] p2a,p2b
|-supereffective|p2a: Incineroar|1
|-supereffective|p2b: Charizard|2
|-damage|p2a: Incineroar|0 fnt
|-damage|p2b: Charizard|32/100
|faint|p2a: Incineroar
|cant|p2b: Charizard|flinch
|move|p1b: Sylveon|Hyper Voice|p2b: Charizard
|-resisted|p2b: Charizard|1
|-crit|p2b: Charizard
|-damage|p2b: Charizard|0 fnt
|faint|p2b: Charizard
|
|win|Dippiedaan
|c|â˜†Dippiedaan|or that can happen
|inactive|Dippiedaan has 30 seconds to confirm battle start!
|inactive|pedriesta has 30 seconds to confirm battle start!
|c|â˜†pedriesta|deserved flinch haha
|c|â˜†Dippiedaan|holy shit
|c|â˜†Dippiedaan|hahaha
|c|â˜†Dippiedaan|and a crit lol
|inactive|Dippiedaan has 20 seconds to confirm battle start!
|inactive|pedriesta has 20 seconds to confirm battle start!
||Dippiedaan is ready for game 2.
||pedriesta is ready for game 2.
|uhtml|next|Next: Game 2 of 3
|l|â˜†Dippiedaan
|player|p1|
