|j|☆m00nless
|j|☆joshez
|html|m00nlessjoshez    
|uhtml|bestof|Game 3 of a best-of-3
|t:|1756272090
|gametype|doubles
|player|p1|m00nless|clair|1015
|player|p2|joshez|102|1000
|gen|9
|tier|[Gen 9] VGC 2025 Reg H (Bo3)
|rated|
|rule|Species Clause: Limit one of each Pokémon
|rule|Item Clause: Limit 1 of each item
|clearpoke
|poke|p1|Archaludon, L50, F|
|poke|p1|Bronzong, L50|
|poke|p1|Ursaluna, L50, M|
|poke|p1|Politoed, L50, M|
|poke|p1|Incineroar, L50, F|
|poke|p1|Basculegion, L50, M|
|poke|p2|Amoonguss, L50, F|
|poke|p2|Sneasler, L50, F|
|poke|p2|Gholdengo, L50|
|poke|p2|Incineroar, L50, F|
|poke|p2|Ursaluna-Bloodmoon, L50, M|
|poke|p2|Dragonite, L50, F|
|teampreview|4
|showteam|p1|Archaludon||PowerHerb|Sturdy|ElectroShot,DragonPulse,FlashCannon,Protect|||F|||50|,,,,,Electric]Bronzong||SafetyGoggles|Levitate|TrickRoom,GyroBall,IronDefense,BodyPress||||||50|,,,,,Dark]Ursaluna||FlameOrb|Guts|HeadlongRush,Facade,Earthquake,Protect|||M|||50|,,,,,Ghost]Politoed||Leftovers|Drizzle|WeatherBall,Haze,Encore,Protect|||M|||50|,,,,,Grass]Incineroar||AssaultVest|Intimidate|Uturn,FakeOut,KnockOff,FlareBlitz|||F|||50|,,,,,Grass]Basculegion||LifeOrb|SwiftSwim|WaveCrash,LastRespects,AquaJet,Protect|||M|||50|,,,,,Ghost
|showteam|p2|Amoonguss||SitrusBerry|Regenerator|RagePowder,Spore,PollenPuff,Protect|||F|||50|,,,,,Psychic]Sneasler||FocusSash|Unburden|Protect,DireClaw,CloseCombat,ThroatChop|||F|||50|,,,,,Stellar]Gholdengo||LifeOrb|GoodasGold|Protect,MakeItRain,ShadowBall,NastyPlot||||||50|,,,,,Water]Incineroar||SafetyGoggles|Intimidate|KnockOff,PartingShot,FlareBlitz,FakeOut|||F|||50|,,,,,Ghost]Ursaluna-Bloodmoon||AssaultVest|MindsEye|BloodMoon,EarthPower,VacuumWave,HyperVoice|||M|||50|,,,,,Water]Dragonite||LoadedDice|Multiscale|ScaleShot,Tailwind,Haze,Protect|||F|||50|,,,,,Fairy
|
|t:|1756272121
|teamsize|p1|4
|teamsize|p2|4
|start
|switch|p1a: COUGHING BABY|Politoed, L50, M|100/100
|switch|p1b: Basculegion|Basculegion, L50, M|100/100
|switch|p2a: Incineroar|Incineroar, L50, F|100/100
|switch|p2b: Gholdengo|Gholdengo, L50|100/100
|-ability|p2a: Incineroar|Intimidate|boost
|-unboost|p1a: COUGHING BABY|atk|1
|-unboost|p1b: Basculegion|atk|1
|-weather|RainDance|[from] ability: Drizzle|[of] p1a: COUGHING BABY
|turn|1
|
|t:|1756272147
|move|p2b: Gholdengo|Protect|p2b: Gholdengo
|-singleturn|p2b: Gholdengo|Protect
|move|p1b: Basculegion|Aqua Jet|p2a: Incineroar
|-supereffective|p2a: Incineroar
|-damage|p2a: Incineroar|43/100
|-damage|p1b: Basculegion|91/100|[from] item: Life Orb
|move|p1a: COUGHING BABY|Weather Ball|p2a: Incineroar
|-supereffective|p2a: Incineroar
|-damage|p2a: Incineroar|0 fnt
|faint|p2a: Incineroar
|
|-weather|RainDance|[upkeep]
|upkeep
|
|t:|1756272160
|switch|p2a: Ursaluna|Ursaluna-Bloodmoon, L50, M|100/100
|turn|2
|
|t:|1756272182
|-terastallize|p2a: Ursaluna|Water
|move|p1b: Basculegion|Wave Crash|p2b: Gholdengo
|-damage|p2b: Gholdengo|11/100
|-damage|p1b: Basculegion|65/100|[from] Recoil
|-damage|p1b: Basculegion|56/100|[from] item: Life Orb
|move|p2b: Gholdengo|Nasty Plot|p2b: Gholdengo
|-boost|p2b: Gholdengo|spa|2
|move|p1a: COUGHING BABY|Weather Ball|p2b: Gholdengo
|-damage|p2b: Gholdengo|0 fnt
|faint|p2b: Gholdengo
|move|p2a: Ursaluna|Blood Moon|p1b: Basculegion
|-damage|p1b: Basculegion|0 fnt
|faint|p1b: Basculegion
|
|-weather|RainDance|[upkeep]
|upkeep
|
|t:|1756272198
|switch|p2b: Dragonite|Dragonite, L50, F|100/100
|switch|p1b: NUCLEAR BOMB|Archaludon, L50, F|100/100
|turn|3
|
|t:|1756272226
|switch|p1a: THE AGENDA|Incineroar, L50, F|100/100
|-ability|p1a: THE AGENDA|Intimidate|boost
|-unboost|p2a: Ursaluna|atk|1
|-unboost|p2b: Dragonite|atk|1
|-terastallize|p1b: NUCLEAR BOMB|Electric
|move|p2a: Ursaluna|Vacuum Wave|p1b: NUCLEAR BOMB
|-damage|p1b: NUCLEAR BOMB|78/100
|move|p1b: NUCLEAR BOMB|Electro Shot||[still]
|-prepare|p1b: NUCLEAR BOMB|Electro Shot
|-boost|p1b: NUCLEAR BOMB|spa|1
|-anim|p1b: NUCLEAR BOMB|Electro Shot|p2b: Dragonite
|-damage|p2b: Dragonite|45/100
|move|p2b: Dragonite|Scale Shot|p1b: NUCLEAR BOMB
|-damage|p1b: NUCLEAR BOMB|70/100
|-damage|p1b: NUCLEAR BOMB|61/100
|-crit|p1b: NUCLEAR BOMB
|-damage|p1b: NUCLEAR BOMB|43/100
|-damage|p1b: NUCLEAR BOMB|34/100
|-hitcount|p1b: NUCLEAR BOMB|4
|-unboost|p2b: Dragonite|def|1
|-boost|p2b: Dragonite|spe|1
|
|-weather|RainDance|[upkeep]
|upkeep
|turn|4
|
|t:|1756272251
|switch|p1b: COUGHING BABY|Politoed, L50, M|100/100
|move|p1a: THE AGENDA|Fake Out|p2b: Dragonite
|-damage|p2b: Dragonite|28/100
|cant|p2b: Dragonite|flinch
|move|p2a: Ursaluna|Hyper Voice|p1a: THE AGENDA|[spread] p1a,p1b
|-damage|p1a: THE AGENDA|79/100
|-damage|p1b: COUGHING BABY|71/100
|
|-weather|RainDance|[upkeep]
|-heal|p1b: COUGHING BABY|77/100|[from] item: Leftovers
|upkeep
|turn|5
|
|t:|1756272269
|move|p2b: Dragonite|Scale Shot|p1a: THE AGENDA
|-damage|p1a: THE AGENDA|72/100
|-damage|p1a: THE AGENDA|64/100
|-damage|p1a: THE AGENDA|56/100
|-damage|p1a: THE AGENDA|49/100
|-hitcount|p1a: THE AGENDA|4
|-unboost|p2b: Dragonite|def|1
|-boost|p2b: Dragonite|spe|1
|move|p1b: COUGHING BABY|Weather Ball|p2a: Ursaluna
|-resisted|p2a: Ursaluna
|-damage|p2a: Ursaluna|84/100
|move|p2a: Ursaluna|Blood Moon|p1b: COUGHING BABY
|-damage|p1b: COUGHING BABY|19/100
|move|p1a: THE AGENDA|Knock Off|p2b: Dragonite
|-damage|p2b: Dragonite|0 fnt
|-enditem|p2b: Dragonite|Loaded Dice|[from] move: Knock Off|[of] p1a: THE AGENDA
|faint|p2b: Dragonite
|
|-weather|none
|-heal|p1b: COUGHING BABY|25/100|[from] item: Leftovers
|upkeep
|turn|6
|
|t:|1756272304
|move|p1b: COUGHING BABY|Protect|p1b: COUGHING BABY
|-singleturn|p1b: COUGHING BABY|Protect
|move|p2a: Ursaluna|Hyper Voice|p1b: COUGHING BABY|[spread] p1a
|-activate|p1b: COUGHING BABY|move: Protect
|-damage|p1a: THE AGENDA|29/100
|move|p1a: THE AGENDA|U-turn|p2a: Ursaluna
|-damage|p2a: Ursaluna|70/100
|
|t:|1756272312
|switch|p1a: NUCLEAR BOMB|Archaludon, L50, F, tera:Electric|34/100|[from] U-turn
|
|-heal|p1b: COUGHING BABY|31/100|[from] item: Leftovers
|upkeep
|turn|7
|
|t:|1756272332
|move|p2a: Ursaluna|Vacuum Wave|p1a: NUCLEAR BOMB
|-damage|p1a: NUCLEAR BOMB|13/100
|move|p1a: NUCLEAR BOMB|Electro Shot||[still]
|-prepare|p1a: NUCLEAR BOMB|Electro Shot
|-boost|p1a: NUCLEAR BOMB|spa|1
|-enditem|p1a: NUCLEAR BOMB|Power Herb
|-anim|p1a: NUCLEAR BOMB|Electro Shot|p2a: Ursaluna
|-supereffective|p2a: Ursaluna
|-damage|p2a: Ursaluna|0 fnt
|faint|p2a: Ursaluna
|
|win|m00nless
|raw|m00nless's rating: 1015 → 1051(+36 for winning)
|raw|joshez's rating: 1000 → 1000(+0 for losing)
|l|☆joshez
|player|p2|
|c|☆m00nless|g freaking gs
