|j|☆CretaceousDraconid
|j|☆LetherOCE
|html|CretaceousDraconidLetherOCE    
|uhtml|bestof|Game 1 of a best-of-3
|t:|1757750716
|gametype|doubles
|player|p1|CretaceousDraconid|zinnia-masters|
|player|p2|LetherOCE|steven|
|gen|9
|tier|[Gen 9] VGC 2025 Reg H (Bo3)
|rule|Species Clause: Limit one of each Pokémon
|rule|Item Clause: Limit 1 of each item
|clearpoke
|poke|p1|Whimsicott, L50, F|
|poke|p1|Incineroar, L50, F|
|poke|p1|Salamence, L50, M|
|poke|p1|Garchomp, L50, F|
|poke|p1|Sneasler, L50, F|
|poke|p1|Decidueye-Hisui, L50, F|
|poke|p2|Sneasler, L50, F|
|poke|p2|Garchomp, L50, M|
|poke|p2|Corviknight, L50, M|
|poke|p2|Volcarona, L50, F|
|poke|p2|Primarina, L50, F|
|poke|p2|Rillaboom, L50, M|
|teampreview|4
|showteam|p1|Whimsicott||CovertCloak|Prankster|Tailwind,Moonblast,Encore,Taunt|||F|||50|,,,,,Water]Incineroar||SafetyGoggles|Intimidate|FakeOut,Taunt,PartingShot,KnockOff|||F|||50|,,,,,Ghost]Salamence||ChoiceSpecs|Intimidate|Hurricane,HeatWave,DracoMeteor,HydroPump|||M|||50|,,,,,Fire]Garchomp||LoadedDice|RoughSkin|StompingTantrum,Earthquake,ScaleShot,Protect|||F|||50|,,,,,Ghost]Sneasler||FocusSash|PoisonTouch|DireClaw,CloseCombat,Coaching,Protect|||F|||50|,,,,,Fairy]Decidueye-Hisui||ScopeLens|Scrappy|TripleArrows,Protect,LeafBlade,DualWingbeat|||F|||50|,,,,,Flying
|showteam|p2|Sneasler||FocusSash|PoisonTouch|FakeOut,DireClaw,CloseCombat,Coaching|||F|||50|,,,,,Ghost]Garchomp||LifeOrb|RoughSkin|Protect,SwordsDance,StompingTantrum,DragonClaw|||M|||50|,,,,,Fairy]Corviknight||Leftovers|MirrorArmor|BraveBird,BodyPress,BulkUp,Roost|||M|||50|,,,,,Dragon]Volcarona||SafetyGoggles|FlameBody|FieryDance,Tailwind,RagePowder,StruggleBug|||F|||50|,,,,,Steel]Primarina||SitrusBerry|LiquidVoice|Protect,HyperVoice,Moonblast,Haze|||F|||50|,,,,,Poison]Rillaboom||AssaultVest|GrassySurge|FakeOut,GrassyGlide,HighHorsepower,WoodHammer|||M|||50|,,,,,Fire
|
|t:|1757750795
|teamsize|p1|4
|teamsize|p2|4
|start
|switch|p1a: Garchomp|Garchomp, L50, F|100/100
|switch|p1b: TheFuckYouGuy|Sneasler, L50, F|100/100
|switch|p2a: Sneasler|Sneasler, L50, F|100/100
|switch|p2b: Primarina|Primarina, L50, F|100/100
|turn|1
|
|t:|1757750811
|move|p1b: TheFuckYouGuy|Protect|p1b: TheFuckYouGuy
|-singleturn|p1b: TheFuckYouGuy|Protect
|move|p1a: Garchomp|Protect|p1a: Garchomp
|-singleturn|p1a: Garchomp|Protect
|move|p2a: Sneasler|Fake Out|p1b: TheFuckYouGuy
|-activate|p1b: TheFuckYouGuy|move: Protect
|move|p2b: Primarina|Moonblast|p1a: Garchomp
|-activate|p1a: Garchomp|move: Protect
|
|upkeep
|turn|2
|j| TheMaoriGamer
|
|t:|1757750845
|switch|p2a: Volcarona|Volcarona, L50, F|100/100
|switch|p2b: Corviknight|Corviknight, L50, M|100/100
|-terastallize|p1a: Garchomp|Ghost
|move|p1b: TheFuckYouGuy|Dire Claw|p2b: Corviknight
|-immune|p2b: Corviknight
|move|p1a: Garchomp|Scale Shot|p2a: Volcarona
|-damage|p2a: Volcarona|86/100
|-damage|p2a: Volcarona|72/100
|-damage|p2a: Volcarona|56/100
|-damage|p2a: Volcarona|41/100
|-damage|p2a: Volcarona|27/100
|-hitcount|p2a: Volcarona|5
|-unboost|p1a: Garchomp|def|1
|-boost|p1a: Garchomp|spe|1
|
|upkeep
|turn|3
|
|t:|1757750889
|switch|p1b: Salamence|Salamence, L50, M|100/100
|-ability|p1b: Salamence|Intimidate|boost
|-unboost|p2a: Volcarona|atk|1
|-ability|p2b: Corviknight|Mirror Armor
|-unboost|p1b: Salamence|atk|1
|move|p1a: Garchomp|Earthquake|p2a: Volcarona|[spread] p2a
|-immune|p1b: Salamence
|-immune|p2b: Corviknight
|-damage|p2a: Volcarona|0 fnt
|faint|p2a: Volcarona
|move|p2b: Corviknight|Bulk Up|p2b: Corviknight
|-boost|p2b: Corviknight|atk|1
|-boost|p2b: Corviknight|def|1
|
|upkeep
|
|t:|1757750904
|switch|p2a: Sneasler|Sneasler, L50, F|100/100
|turn|4
|
|t:|1757750914
|move|p2a: Sneasler|Fake Out|p1b: Salamence
|-damage|p1b: Salamence|80/100
|move|p1a: Garchomp|Scale Shot|p2a: Sneasler|[miss]
|-miss|p1a: Garchomp|p2a: Sneasler
|cant|p1b: Salamence|flinch
|move|p2b: Corviknight|Brave Bird|p1b: Salamence
|-damage|p1b: Salamence|9/100
|-damage|p2b: Corviknight|80/100|[from] Recoil
|
|-heal|p2b: Corviknight|86/100|[from] item: Leftovers
|upkeep
|turn|5
|
|t:|1757750939
|switch|p2a: Primarina|Primarina, L50, F|100/100
|move|p1a: Garchomp|Scale Shot|p2a: Primarina
|-immune|p2a: Primarina
|move|p1b: Salamence|Heat Wave|p2b: Corviknight|[spread] p2a,p2b
|-resisted|p2a: Primarina
|-supereffective|p2b: Corviknight
|-damage|p2a: Primarina|84/100
|-damage|p2b: Corviknight|29/100
|-status|p2a: Primarina|brn
|move|p2b: Corviknight|Brave Bird|p1b: Salamence
|-damage|p1b: Salamence|0 fnt
|faint|p1b: Salamence
|-damage|p2b: Corviknight|26/100|[from] Recoil
|
|-heal|p2b: Corviknight|32/100|[from] item: Leftovers
|-damage|p2a: Primarina|79/100 brn|[from] brn
|upkeep
|
|t:|1757750969
|switch|p1b: TheFuckYouGuy|Sneasler, L50, F|100/100
|turn|6
|
|t:|1757750998
|move|p1a: Garchomp|Stomping Tantrum|p2a: Primarina
|-damage|p2a: Primarina|0 fnt
|faint|p2a: Primarina
|move|p1b: TheFuckYouGuy|Close Combat|p2b: Corviknight
|-damage|p2b: Corviknight|0 fnt
|-unboost|p1b: TheFuckYouGuy|def|1
|-unboost|p1b: TheFuckYouGuy|spd|1
|faint|p2b: Corviknight
|
|upkeep
|
|t:|1757751008
|switch|p2b: Sneasler|Sneasler, L50, F|100/100
|turn|7
|
|t:|1757751020
|move|p1a: Garchomp|Scale Shot|p2b: Sneasler
|-damage|p2b: Sneasler|77/100
|-damage|p2b: Sneasler|52/100
|-damage|p2b: Sneasler|31/100
|-damage|p2b: Sneasler|10/100
|-damage|p2b: Sneasler|0 fnt
|faint|p2b: Sneasler
|-hitcount|p2: Sneasler|5
|
|win|CretaceousDraconid
||LetherOCE is ready for game 2.
||CretaceousDraconid is ready for game 2.
|uhtml|next|Next: Game 2 of 3
|j| arrascaxeira
|l| TheMaoriGamer
|j| neonkarearea
