|j|☆DavoDiCompota
|j|☆mertering
|html|DavoDiCompotamertering    
|uhtml|bestof|Game 2 of a best-of-3
|t:|1782281721
|gametype|doubles
|player|p1|DavoDiCompota|iris|1162
|player|p2|mertering|steven|1454
|gen|9
|tier|[Gen 9 Champions] VGC 2026 Reg M-B (Bo3)
|rated|
|rule|Species Clause: Limit one of each Pokémon
|rule|Item Clause: Limit 1 of each item
|clearpoke
|poke|p1|Pyroar, L50, M|
|poke|p1|Whimsicott, L50, M|
|poke|p1|Ninetales, L50, M|
|poke|p1|Farigiraf, L50, F|
|poke|p1|Basculegion, L50, M|
|poke|p1|Floette-Eternal, L50, F|
|poke|p2|Blaziken, L50, F|
|poke|p2|Kingambit, L50, F|
|poke|p2|Basculegion, L50, M|
|poke|p2|Farigiraf, L50, F|
|poke|p2|Floette-Eternal, L50, F|
|poke|p2|Whimsicott, L50, F|
|teampreview|4
|showteam|p1|Pyroar||Pyroarite|Rivalry|HeatWave,Flamethrower,Overheat,Protect|Timid||M|||50|]Whimsicott||FocusSash|Prankster|Moonblast,Tailwind,SunnyDay,Protect|Timid||M|||50|]Ninetales||ChoiceScarf|Drought|Overheat,HeatWave,SolarBeam,FakeTears|Modest||M|||50|]Farigiraf||SitrusBerry|ArmorTail|Thunderbolt,TwinBeam,TrickRoom,HelpingHand|Bold||F|||50|]Basculegion||LifeOrb|Adaptability|WaveCrash,LastRespects,AquaJet,Protect|Adamant||M|||50|]Floette-Eternal||Floettite|FlowerVeil|Moonblast,DazzlingGleam,LightofRuin,Protect|Timid||F|||50|
|showteam|p2|Blaziken||Blazikenite|SpeedBoost|CloseCombat,FlareBlitz,RockSlide,Protect|Adamant||F|||50|]Kingambit||BlackGlasses|Defiant|KowtowCleave,SuckerPunch,IronHead,LowKick|Adamant||F|||50|]Basculegion||LifeOrb|Adaptability|WaveCrash,LastRespects,AquaJet,Protect|Jolly||M|||50|]Farigiraf||SitrusBerry|ArmorTail|Imprison,Psychic,Protect,TrickRoom|Bold||F|||50|]Floette-Eternal||Floettite|FlowerVeil|DazzlingGleam,Moonblast,LightofRuin,Protect|Modest||F|||50|]Whimsicott||FocusSash|Prankster|Moonblast,Tailwind,Encore,Protect|Timid||F|||50|
|inactive|Battle timer is ON: inactive players will automatically lose when time's up. (requested by DavoDiCompota)
|inactive|mertering also wants the timer to be on.
|inactive|DavoDiCompota has 60 seconds left.
|
|t:|1782281764
|teamsize|p1|4
|teamsize|p2|4
|start
|switch|p1a: Floette|Floette-Eternal, L50, F|100/100
|switch|p1b: Whimsicott|Whimsicott, L50, M|100/100
|switch|p2a: Blaziken|Blaziken, L50, F|100/100
|switch|p2b: Kingambit|Kingambit, L50, F|100/100
|turn|1
|
|t:|1782281782
|detailschange|p1a: Floette|Floette-Mega, L50, F
|-mega|p1a: Floette|Floette|Floettite
|-ability|p1a: Floette|Fairy Aura
|detailschange|p2a: Blaziken|Blaziken-Mega, L50, F
|-mega|p2a: Blaziken|Blaziken|Blazikenite
|move|p1b: Whimsicott|Tailwind|p1b: Whimsicott
|-sidestart|p1: DavoDiCompota|move: Tailwind
|move|p1a: Floette|Light of Ruin|p2b: Kingambit
|-damage|p2b: Kingambit|0 fnt
|faint|p2b: Kingambit
|-damage|p1a: Floette|37/100|[from] Recoil
|move|p2a: Blaziken|Rock Slide|p1a: Floette|[spread] p1a,p1b
|-damage|p1a: Floette|6/100
|-damage|p1b: Whimsicott|60/100
|
|-ability|p2a: Blaziken|Speed Boost|boost
|-boost|p2a: Blaziken|spe|1
|upkeep
|
|t:|1782281800
|switch|p2b: Basculegion|Basculegion, L50, M|100/100
|turn|2
|inactive|mertering has 30 seconds left.
|
|t:|1782281833
|switch|p1a: Basculegion|Basculegion, L50, M|100/100
|move|p2a: Blaziken|Protect|p2a: Blaziken
|-singleturn|p2a: Blaziken|Protect
|move|p2b: Basculegion|Protect|p2b: Basculegion
|-singleturn|p2b: Basculegion|Protect
|move|p1b: Whimsicott|Moonblast|p2b: Basculegion
|-activate|p2b: Basculegion|move: Protect
|
|-ability|p2a: Blaziken|Speed Boost|boost
|-boost|p2a: Blaziken|spe|1
|upkeep
|turn|3
|inactive|mertering has 30 seconds left.
|
|t:|1782281860
|switch|p1b: Ninetales|Ninetales, L50, M|100/100
|-weather|SunnyDay|[from] ability: Drought|[of] p1b: Ninetales
|switch|p2b: Whimsicott|Whimsicott, L50, F|100/100
|move|p2a: Blaziken|Flare Blitz|p1b: Ninetales
|-resisted|p1b: Ninetales|1
|-damage|p1b: Ninetales|8/100
|-damage|p2a: Blaziken|71/100|[from] Recoil
|move|p1a: Basculegion|Wave Crash|p2a: Blaziken
|-supereffective|p2a: Blaziken|1
|-damage|p2a: Blaziken|0 fnt
|faint|p2a: Blaziken
|-damage|p1a: Basculegion|80/100|[from] Recoil
|-damage|p1a: Basculegion|70/100|[from] item: Life Orb
|
|-weather|SunnyDay|[upkeep]
|upkeep
|
|t:|1782281877
|switch|p2a: Basculegion|Basculegion, L50, M|100/100
|turn|4
|
|t:|1782281891
|switch|p1a: Whimsicott|Whimsicott, L50, M|60/100
|move|p2b: Whimsicott|Encore||[still]
|-fail|p2b: Whimsicott
|move|p2a: Basculegion|Aqua Jet|p1b: Ninetales
|-supereffective|p1b: Ninetales|1
|-damage|p1b: Ninetales|0 fnt
|faint|p1b: Ninetales
|-damage|p2a: Basculegion|90/100|[from] item: Life Orb
|
|-weather|SunnyDay|[upkeep]
|-sideend|p1: DavoDiCompota|move: Tailwind
|upkeep
|
|t:|1782281899
|switch|p1b: Basculegion|Basculegion, L50, M|70/100
|turn|5
|
|t:|1782281905
|move|p2b: Whimsicott|Tailwind|p2b: Whimsicott
|-sidestart|p2: mertering|move: Tailwind
|move|p1a: Whimsicott|Tailwind|p1a: Whimsicott
|-sidestart|p1: DavoDiCompota|move: Tailwind
|move|p2a: Basculegion|Last Respects|p1b: Basculegion
|-supereffective|p1b: Basculegion|1
|-damage|p1b: Basculegion|0 fnt
|faint|p1b: Basculegion
|-damage|p2a: Basculegion|80/100|[from] item: Life Orb
|
|-weather|SunnyDay|[upkeep]
|upkeep
|
|t:|1782281910
|switch|p1b: Floette|Floette-Mega, L50, F|6/100
|-ability|p1b: Floette|Fairy Aura
|turn|6
|-message|DavoDiCompota forfeited.
|
|win|mertering
|raw|DavoDiCompota's rating: 1162 → 1154(-8 for losing)
|raw|mertering's rating: 1454 → 1460(+6 for winning)
|l|☆DavoDiCompota
|player|p1|
