|j|☆Quill86
|j|☆Helio list
|html|Quill86Helio list    
|uhtml|bestof|Game 2 of a best-of-3
|t:|1756858173
|gametype|doubles
|player|p1|Quill86|lucas|1247
|player|p2|Helio list|2|1386
|gen|9
|tier|[Gen 9] VGC 2025 Reg H (Bo3)
|rated|
|rule|Species Clause: Limit one of each Pokémon
|rule|Item Clause: Limit 1 of each item
|clearpoke
|poke|p1|Indeedee-F, L50, F|
|poke|p1|Gallade, L50, M|
|poke|p1|Torkoal, L50, M|
|poke|p1|Ursaluna, L50, M|
|poke|p1|Hatterene, L50, F|
|poke|p1|Hydreigon, L50, M|
|poke|p2|Rillaboom, L50, F|
|poke|p2|Sneasler, L50, F|
|poke|p2|Dondozo, L50, M|
|poke|p2|Tatsugiri, L50, F|
|poke|p2|Ninetales-Alola, L50, M|
|poke|p2|Annihilape, L50, F|
|teampreview|4
|showteam|p1|Indeedee-F||PsychicSeed|PsychicSurge|FollowMe,TrickRoom,HelpingHand,DazzlingGleam|||F|||50|,,,,,Fairy]Gallade||ClearAmulet|Sharpness|SacredSword,WideGuard,TrickRoom,PsychoCut|||M|||50|,,,,,Grass]Torkoal||ChoiceSpecs|Drought|Eruption,WeatherBall,EarthPower,HeatWave|||M|||50|,,,,,Fire]Ursaluna||FlameOrb|Guts|Protect,HeadlongRush,Facade,Earthquake|||M|||50|,,,,,Ghost]Hatterene||LifeOrb|MagicBounce|DazzlingGleam,ExpandingForce,MysticalFire,TrickRoom|||F|||50|,,,,,Fire]Hydreigon||CovertCloak|Levitate|DracoMeteor,Snarl,Taunt,Protect|||M|||50|,,,,,Dark
|showteam|p2|Rillaboom||AssaultVest|GrassySurge|FakeOut,WoodHammer,GrassyGlide,HighHorsepower|||F|||50|,,,,,Water]Sneasler||GrassySeed|Unburden|CloseCombat,DireClaw,ThroatChop,Protect|||F|||50|,,,,,Dark]Dondozo||Leftovers|Unaware|OrderUp,Yawn,Protect,WaveCrash|||M|||50|,,,,,Steel]Tatsugiri||ChoiceScarf|Commander|MuddyWater,IcyWind,DracoMeteor,DragonPulse|||F|||50|,,,,,Stellar]Ninetales-Alola||ChoiceSpecs|SnowWarning|Blizzard,Moonblast,FreezeDry,IcicleSpear|||M|||50|,,,,,Water]Annihilape||SafetyGoggles|Defiant|CloseCombat,RageFist,BulkUp,Protect|||F|||50|,,,,,Fire
|inactive|Battle timer is ON: inactive players will automatically lose when time's up. (requested by Helio list)
|inactive|Helio list has 60 seconds left.
|
|t:|1756858228
|teamsize|p1|4
|teamsize|p2|4
|start
|switch|p1a: Indeedee|Indeedee-F, L50, F|100/100
|switch|p1b: Gallade|Gallade, L50, M|100/100
|switch|p2a: Ninetales|Ninetales-Alola, L50, M|100/100
|switch|p2b: Dondozo|Dondozo, L50, M|100/100
|-weather|Snowscape|[from] ability: Snow Warning|[of] p2a: Ninetales
|-fieldstart|move: Psychic Terrain|[from] ability: Psychic Surge|[of] p1a: Indeedee
|-enditem|p1a: Indeedee|Psychic Seed
|-boost|p1a: Indeedee|spd|1|[from] item: Psychic Seed
|turn|1
|
|t:|1756858243
|switch|p2a: Tatsugiri|Tatsugiri, L50, F|100/100
|-activate|p2a: Tatsugiri|ability: Commander|[of] p2b: Dondozo
|-boost|p2b: Dondozo|atk|2
|-boost|p2b: Dondozo|spa|2
|-boost|p2b: Dondozo|spe|2
|-boost|p2b: Dondozo|def|2
|-boost|p2b: Dondozo|spd|2
|switch|p1b: Torkoal|Torkoal, L50, M|100/100
|-weather|SunnyDay|[from] ability: Drought|[of] p1b: Torkoal
|move|p2b: Dondozo|Wave Crash|p1a: Indeedee
|-damage|p1a: Indeedee|51/100
|-damage|p2b: Dondozo|88/100|[from] Recoil
|move|p1a: Indeedee|Trick Room|p1a: Indeedee
|-fieldstart|move: Trick Room|[of] p1a: Indeedee
|
|-weather|SunnyDay|[upkeep]
|-heal|p2b: Dondozo|95/100|[from] item: Leftovers
|upkeep
|turn|2
|
|t:|1756858257
|move|p1a: Indeedee|Helping Hand|p1b: Torkoal
|-singleturn|p1b: Torkoal|Helping Hand|[of] p1a: Indeedee
|move|p1b: Torkoal|Weather Ball|p2b: Dondozo
|-resisted|p2b: Dondozo
|-damage|p2b: Dondozo|65/100
|move|p2b: Dondozo|Order Up|p1a: Indeedee
|-damage|p1a: Indeedee|10/100
|-boost|p2b: Dondozo|atk|1
|
|-weather|SunnyDay|[upkeep]
|-heal|p2b: Dondozo|71/100|[from] item: Leftovers
|upkeep
|turn|3
|
|t:|1756858270
|switch|p1b: Gallade|Gallade, L50, M|100/100
|switch|p1a: Hatterene|Hatterene, L50, F|100/100
|move|p2b: Dondozo|Order Up|p1b: Gallade
|-damage|p1b: Gallade|16/100
|-boost|p2b: Dondozo|atk|1
|
|-weather|SunnyDay|[upkeep]
|-heal|p2b: Dondozo|77/100|[from] item: Leftovers
|upkeep
|turn|4
|
|t:|1756858280
|move|p1a: Hatterene|Expanding Force|p2b: Dondozo|[spread] p2b
|-miss|p1a: Hatterene|p2a: Tatsugiri
|-damage|p2b: Dondozo|40/100
|-damage|p1a: Hatterene|91/100|[from] item: Life Orb
|move|p1b: Gallade|Sacred Sword|p2b: Dondozo
|-damage|p2b: Dondozo|0 fnt
|faint|p2b: Dondozo
|
|-weather|SunnyDay|[upkeep]
|upkeep
|
|t:|1756858282
|switch|p2b: Rillaboom|Rillaboom, L50, F|100/100
|-fieldstart|move: Grassy Terrain|[from] ability: Grassy Surge|[of] p2b: Rillaboom
|turn|5
|
|t:|1756858301
|switch|p1b: Indeedee|Indeedee-F, L50, F|10/100
|-fieldstart|move: Psychic Terrain|[from] ability: Psychic Surge|[of] p1b: Indeedee
|move|p1a: Hatterene|Expanding Force|p2a: Tatsugiri|[spread] p2a,p2b
|-damage|p2a: Tatsugiri|0 fnt
|-damage|p2b: Rillaboom|34/100
|faint|p2a: Tatsugiri
|-damage|p1a: Hatterene|81/100|[from] item: Life Orb
|move|p2b: Rillaboom|Wood Hammer|p1a: Hatterene
|-damage|p1a: Hatterene|7/100
|-damage|p2b: Rillaboom|14/100|[from] Recoil
|
|-weather|none
|-fieldend|move: Trick Room
|upkeep
|
|t:|1756858303
|switch|p2a: Ninetales|Ninetales-Alola, L50, M|100/100
|-weather|Snowscape|[from] ability: Snow Warning|[of] p2a: Ninetales
|turn|6
|inactive|Quill86 has 30 seconds left.
|
|t:|1756858335
|move|p2a: Ninetales|Moonblast|p1a: Hatterene
|-damage|p1a: Hatterene|0 fnt
|faint|p1a: Hatterene
|move|p2b: Rillaboom|High Horsepower|p1b: Indeedee
|-damage|p1b: Indeedee|0 fnt
|faint|p1b: Indeedee
|
|-weather|Snowscape|[upkeep]
|upkeep
|
|t:|1756858339
|switch|p1b: Gallade|Gallade, L50, M|16/100
|switch|p1a: Torkoal|Torkoal, L50, M|100/100
|-weather|SunnyDay|[from] ability: Drought|[of] p1a: Torkoal
|turn|7
|
|t:|1756858349
|-terastallize|p2a: Ninetales|Water
|-terastallize|p1a: Torkoal|Fire
|move|p2a: Ninetales|Moonblast|p1b: Gallade
|-supereffective|p1b: Gallade
|-damage|p1b: Gallade|0 fnt
|faint|p1b: Gallade
|move|p2b: Rillaboom|High Horsepower|p1a: Torkoal
|-supereffective|p1a: Torkoal
|-damage|p1a: Torkoal|46/100
|move|p1a: Torkoal|Heat Wave|p2a: Ninetales|[spread] p2a,p2b
|-resisted|p2a: Ninetales
|-supereffective|p2b: Rillaboom
|-damage|p2a: Ninetales|49/100
|-damage|p2b: Rillaboom|0 fnt
|faint|p2b: Rillaboom
|
|-weather|SunnyDay|[upkeep]
|upkeep
|turn|8
|
|t:|1756858361
|move|p2a: Ninetales|Moonblast|p1a: Torkoal
|-resisted|p1a: Torkoal
|-damage|p1a: Torkoal|7/100
|move|p1a: Torkoal|Heat Wave|p2a: Ninetales
|-resisted|p2a: Ninetales
|-damage|p2a: Ninetales|0 fnt
|faint|p2a: Ninetales
|
|win|Quill86
|raw|Quill86's rating: 1247 → 1282(+35 for winning)
|raw|Helio list's rating: 1386 → 1358(-28 for losing)
|l|☆Helio list
|player|p2|
|c|☆Quill86|ggs
