|j|☆goatdengo77
|j|☆Bruthathechosen
|html|goatdengo77Bruthathechosen    
|uhtml|bestof|Game 1 of a best-of-3
|t:|1756583325
|gametype|doubles
|player|p1|goatdengo77|2|1029
|player|p2|Bruthathechosen|lady-gen4|1078
|gen|9
|tier|[Gen 9] VGC 2025 Reg H (Bo3)
|rated|
|rule|Species Clause: Limit one of each Pokémon
|rule|Item Clause: Limit 1 of each item
|clearpoke
|poke|p1|Indeedee, L50, M|
|poke|p1|Corviknight, L50, F|
|poke|p1|Toedscruel, L50, M|
|poke|p1|Tyranitar, L50, M|
|poke|p1|Garchomp, L50, F|
|poke|p1|Incineroar, L50, F|
|poke|p2|Annihilape, L50, F|
|poke|p2|Maushold, L50|
|poke|p2|Incineroar, L50, M|
|poke|p2|Sinistcha-Masterpiece, L50|
|poke|p2|Inteleon, L50, M|
|poke|p2|Hydreigon, L50, F|
|teampreview|4
|showteam|p1|Indeedee||ChoiceScarf|PsychicSurge|ExpandingForce,TeraBlast,HyperVoice,Trick|||M|||50|,,,,,Psychic]Corviknight||PsychicSeed|MirrorArmor|BraveBird,PowerTrip,BulkUp,Roost|||F|||50|,,,,,Water]Toedscruel||FocusSash|MyceliumMight|EarthPower,EnergyBall,Spore,RagePowder|||M|||50|,,,,,Ghost]Tyranitar||AssaultVest|SandStream|KnockOff,RockSlide,DragonClaw,IcePunch|||M|||50|,,,,,Fairy]Garchomp||ClearAmulet|SandVeil|DragonClaw,StompingTantrum,Earthquake,Protect|||F|||50|,,,,,Fire]Incineroar||SafetyGoggles|Intimidate|FakeOut,FlareBlitz,KnockOff,PartingShot|||F|||50|,,,,,Bug
|showteam|p2|Annihilape||Leftovers|Defiant|BulkUp,RageFist,DrainPunch,Protect|||F|||50|,,,,,Fire]Maushold||SafetyGoggles|FriendGuard|Taunt,BeatUp,FollowMe,Protect||||||50|,,,,,Ghost]Incineroar||AssaultVest|Intimidate|FakeOut,FlareBlitz,KnockOff,Uturn|||M|||50|,,,,,Grass]Sinistcha-Masterpiece||RockyHelmet|Hospitality|MatchaGotcha,RagePowder,TrickRoom,Protect||||||50|,,,,,Water]Inteleon||FocusSash|Torrent|MuddyWater,IceBeam,Uturn,Protect|||M|||50|,,,,,Ghost]Hydreigon||SitrusBerry|Levitate|Snarl,DracoMeteor,Tailwind,Protect|||F|||50|,,,,,Ghost
|
|t:|1756583377
|teamsize|p1|4
|teamsize|p2|4
|start
|switch|p1a: Toedscruel|Toedscruel, L50, M|100/100
|switch|p1b: Corviknight|Corviknight, L50, F|100/100
|switch|p2a: Incineroar|Incineroar, L50, M|100/100
|switch|p2b: Hydreigon|Hydreigon, L50, F|100/100
|-ability|p2a: Incineroar|Intimidate|boost
|-unboost|p1a: Toedscruel|atk|1
|-ability|p1b: Corviknight|Mirror Armor
|-unboost|p2a: Incineroar|atk|1
|turn|1
|
|t:|1756583411
|move|p2b: Hydreigon|Protect|p2b: Hydreigon
|-singleturn|p2b: Hydreigon|Protect
|move|p1b: Corviknight|Bulk Up|p1b: Corviknight
|-boost|p1b: Corviknight|atk|1
|-boost|p1b: Corviknight|def|1
|move|p2a: Incineroar|U-turn|p1a: Toedscruel
|-supereffective|p1a: Toedscruel
|-damage|p1a: Toedscruel|50/100
|
|t:|1756583419
|switch|p2a: Sinistcha|Sinistcha-Masterpiece, L50|100/100|[from] U-turn
|move|p1a: Toedscruel|Spore|p2b: Hydreigon
|-activate|p2b: Hydreigon|move: Protect
|
|upkeep
|turn|2
|
|t:|1756583436
|move|p2b: Hydreigon|Draco Meteor|p1a: Toedscruel
|-damage|p1a: Toedscruel|0 fnt
|-unboost|p2b: Hydreigon|spa|2
|faint|p1a: Toedscruel
|move|p2a: Sinistcha|Matcha Gotcha|p1b: Corviknight
|-resisted|p1b: Corviknight
|-damage|p1b: Corviknight|92/100
|move|p1b: Corviknight|Brave Bird|p2a: Sinistcha
|-supereffective|p2a: Sinistcha
|-damage|p2a: Sinistcha|0 fnt
|-damage|p1b: Corviknight|75/100|[from] item: Rocky Helmet|[of] p2a: Sinistcha
|faint|p2a: Sinistcha
|-damage|p1b: Corviknight|50/100|[from] Recoil
|
|upkeep
|
|t:|1756583452
|switch|p1a: Tyranitar|Tyranitar, L50, M|100/100
|switch|p2a: Inteleon|Inteleon, L50, M|100/100
|-weather|Sandstorm|[from] ability: Sand Stream|[of] p1a: Tyranitar
|turn|3
|
|t:|1756583496
|switch|p2b: Incineroar|Incineroar, L50, M|100/100
|-ability|p2b: Incineroar|Intimidate|boost
|-unboost|p1a: Tyranitar|atk|1
|-ability|p1b: Corviknight|Mirror Armor
|-unboost|p2b: Incineroar|atk|1
|-terastallize|p1a: Tyranitar|Fairy
|move|p2a: Inteleon|Muddy Water|p1a: Tyranitar|[spread] p1a,p1b
|-damage|p1a: Tyranitar|81/100
|-damage|p1b: Corviknight|17/100
|-ability|p1b: Corviknight|Mirror Armor
|-unboost|p2a: Inteleon|accuracy|1
|move|p1b: Corviknight|Roost|p1b: Corviknight
|-heal|p1b: Corviknight|67/100
|-singleturn|p1b: Corviknight|move: Roost
|move|p1a: Tyranitar|Knock Off|p2a: Inteleon
|-damage|p2a: Inteleon|30/100
|-enditem|p2a: Inteleon|Focus Sash|[from] move: Knock Off|[of] p1a: Tyranitar
|
|-weather|Sandstorm|[upkeep]
|-damage|p2a: Inteleon|24/100|[from] Sandstorm
|-damage|p1a: Tyranitar|75/100|[from] Sandstorm
|-damage|p2b: Incineroar|95/100|[from] Sandstorm
|upkeep
|turn|4
|
|t:|1756583543
|switch|p2a: Hydreigon|Hydreigon, L50, F|100/100
|switch|p1a: Indeedee|Indeedee, L50, M|100/100
|-fieldstart|move: Psychic Terrain|[from] ability: Psychic Surge|[of] p1a: Indeedee
|-enditem|p1b: Corviknight|Psychic Seed
|-boost|p1b: Corviknight|spd|1|[from] item: Psychic Seed
|move|p1b: Corviknight|Brave Bird|p2a: Hydreigon
|-damage|p2a: Hydreigon|25/100
|-enditem|p2a: Hydreigon|Sitrus Berry|[eat]
|-heal|p2a: Hydreigon|50/100|[from] item: Sitrus Berry
|-damage|p1b: Corviknight|43/100|[from] Recoil
|move|p2b: Incineroar|Flare Blitz|p1b: Corviknight
|-supereffective|p1b: Corviknight
|-damage|p1b: Corviknight|0 fnt
|faint|p1b: Corviknight
|-damage|p2b: Incineroar|81/100|[from] Recoil
|
|-weather|Sandstorm|[upkeep]
|-damage|p1a: Indeedee|95/100|[from] Sandstorm
|-damage|p2a: Hydreigon|44/100|[from] Sandstorm
|-damage|p2b: Incineroar|75/100|[from] Sandstorm
|upkeep
|
|t:|1756583558
|switch|p1b: Tyranitar|Tyranitar, L50, M, tera:Fairy|75/100
|turn|5
|
|t:|1756583575
|move|p2a: Hydreigon|Protect|p2a: Hydreigon
|-singleturn|p2a: Hydreigon|Protect
|move|p1a: Indeedee|Hyper Voice|p2a: Hydreigon|[spread] p2b
|-activate|p2a: Hydreigon|move: Protect
|-damage|p2b: Incineroar|54/100
|move|p1b: Tyranitar|Rock Slide|p2a: Hydreigon|[spread] p2b
|-activate|p2a: Hydreigon|move: Protect
|-supereffective|p2b: Incineroar
|-crit|p2b: Incineroar
|-damage|p2b: Incineroar|0 fnt
|faint|p2b: Incineroar
|
|-weather|Sandstorm|[upkeep]
|-damage|p1a: Indeedee|89/100|[from] Sandstorm
|-damage|p2a: Hydreigon|38/100|[from] Sandstorm
|-damage|p1b: Tyranitar|70/100|[from] Sandstorm
|upkeep
|
|t:|1756583589
|switch|p2b: Inteleon|Inteleon, L50, M|24/100
|turn|6
|
|t:|1756583604
|-terastallize|p2b: Inteleon|Ghost
|move|p1a: Indeedee|Hyper Voice|p2b: Inteleon|[spread] p2a
|-immune|p2b: Inteleon
|-damage|p2a: Hydreigon|7/100
|move|p2b: Inteleon|Muddy Water|p1a: Indeedee|[spread] p1a,p1b
|-damage|p1a: Indeedee|20/100
|-damage|p1b: Tyranitar|39/100
|move|p2a: Hydreigon|Draco Meteor|p1a: Indeedee
|-damage|p1a: Indeedee|0 fnt
|-unboost|p2a: Hydreigon|spa|2
|faint|p1a: Indeedee
|move|p1b: Tyranitar|Rock Slide|p2a: Hydreigon|[spread] p2a,p2b
|-damage|p2a: Hydreigon|0 fnt
|-damage|p2b: Inteleon|0 fnt
|faint|p2a: Hydreigon
|faint|p2b: Inteleon
|
|win|goatdengo77
|inactive|goatdengo77 has 30 seconds to confirm battle start!
|inactive|Bruthathechosen has 30 seconds to confirm battle start!
||goatdengo77 is ready for game 2.
||Bruthathechosen is ready for game 2.
|uhtml|next|Next: Game 2 of 3
|l|☆goatdengo77
|player|p1|
