|j|☆wefgrjcnc
|j|☆merrypasta
|html|wefgrjcncmerrypasta    
|uhtml|bestof|Game 1 of a best-of-3
|t:|1756704733
|gametype|doubles
|player|p1|wefgrjcnc|lucian|1029
|player|p2|merrypasta|carmine|1084
|gen|9
|tier|[Gen 9] VGC 2025 Reg H (Bo3)
|rated|
|rule|Species Clause: Limit one of each Pokémon
|rule|Item Clause: Limit 1 of each item
|clearpoke
|poke|p1|Torkoal, L50, F|
|poke|p1|Exeggutor, L50, F|
|poke|p1|Indeedee-F, L50, F|
|poke|p1|Blaziken, L50, F|
|poke|p1|Ursaluna, L50, F|
|poke|p1|Kommo-o, L50, M|
|poke|p2|Gothitelle, L50, F|
|poke|p2|Politoed, L50, F|
|poke|p2|Annihilape, L50, M|
|poke|p2|Incineroar, L50, M|
|poke|p2|Sinistcha, L50|
|poke|p2|Ursaluna, L50, F|
|teampreview|4
|showteam|p1|Torkoal||EjectPack|Drought|Overheat,Protect,Eruption,HelpingHand|||F|||50|,,,,,Water]Exeggutor||TwistedSpoon|Chlorophyll|SleepPowder,Protect,ExpandingForce,LeafStorm|||F|||50|,,,,,Psychic]Indeedee-F||Leftovers|PsychicSurge|FollowMe,HelpingHand,TrickRoom,Psychic|||F|||50|,,,,,Fire]Blaziken||ClearAmulet|SpeedBoost|Protect,CloseCombat,FlareBlitz,SwordsDance|||F|||50|,,,,,Ghost]Ursaluna||FlameOrb|Guts|Protect,Facade,Earthquake,HeadlongRush|||F|||50|,,,,,Ghost]Kommo-o||PsychicSeed|Bulletproof|IronDefense,BodyPress,Protect,IronHead|||M|||50|,,,,,Steel
|showteam|p2|Gothitelle||SitrusBerry|ShadowTag|Psychic,FakeOut,Protect,TrickRoom|||F|||50|,,,,,Water]Politoed||CovertCloak|Drizzle|WeatherBall,PerishSong,Protect,HelpingHand|||F|||50|,,,,,Grass]Annihilape||SafetyGoggles|Defiant|RageFist,DrainPunch,Protect,BulkUp|||M|||50|,,,,,Fairy]Incineroar||RockyHelmet|Intimidate|KnockOff,FakeOut,Protect,PartingShot|||M|||50|,,,,,Bug]Sinistcha||LifeOrb|Hospitality|MatchaGotcha,RagePowder,Protect,TrickRoom||||||50|,,,,,Water]Ursaluna||FlameOrb|Guts|Facade,HeadlongRush,Protect,SwordsDance|||F|||50|,,,,,Ghost
|
|t:|1756704799
|teamsize|p1|4
|teamsize|p2|4
|start
|switch|p1a: Torkoal|Torkoal, L50, F|100/100
|switch|p1b: Exeggutor|Exeggutor, L50, F|100/100
|switch|p2a: Gothitelle|Gothitelle, L50, F|100/100
|switch|p2b: Incineroar|Incineroar, L50, M|100/100
|-ability|p2b: Incineroar|Intimidate|boost
|-unboost|p1a: Torkoal|atk|1
|-unboost|p1b: Exeggutor|atk|1
|-weather|SunnyDay|[from] ability: Drought|[of] p1a: Torkoal
|-enditem|p1a: Torkoal|Eject Pack
|
|t:|1756704819
|switch|p1a: Blaziken|Blaziken, L50, F|100/100
|turn|1
|
|t:|1756704864
|switch|p2b: Sinistcha|Sinistcha, L50|100/100
|-terastallize|p1a: Blaziken|Ghost
|move|p1b: Exeggutor|Protect|p1b: Exeggutor
|-singleturn|p1b: Exeggutor|Protect
|move|p1a: Blaziken|Swords Dance|p1a: Blaziken
|-boost|p1a: Blaziken|atk|2
|move|p2a: Gothitelle|Psychic|p1a: Blaziken
|-damage|p1a: Blaziken|54/100
|
|-weather|SunnyDay|[upkeep]
|-ability|p1a: Blaziken|Speed Boost|boost
|-boost|p1a: Blaziken|spe|1
|upkeep
|turn|2
|
|t:|1756704892
|-terastallize|p2b: Sinistcha|Water
|move|p2a: Gothitelle|Protect|p2a: Gothitelle
|-singleturn|p2a: Gothitelle|Protect
|move|p1a: Blaziken|Flare Blitz|p2b: Sinistcha
|-resisted|p2b: Sinistcha
|-damage|p2b: Sinistcha|21/100
|-damage|p1a: Blaziken|25/100|[from] Recoil
|move|p1b: Exeggutor|Sleep Powder|p2a: Gothitelle
|-activate|p2a: Gothitelle|move: Protect
|move|p2b: Sinistcha|Trick Room|p2b: Sinistcha
|-fieldstart|move: Trick Room|[of] p2b: Sinistcha
|
|-weather|SunnyDay|[upkeep]
|-ability|p1a: Blaziken|Speed Boost|boost
|-boost|p1a: Blaziken|spe|1
|upkeep
|turn|3
|
|t:|1756704920
|switch|p2a: Politoed|Politoed, L50, F|100/100
|-weather|RainDance|[from] ability: Drizzle|[of] p2a: Politoed
|move|p1a: Blaziken|Protect|p1a: Blaziken
|-singleturn|p1a: Blaziken|Protect
|move|p2b: Sinistcha|Matcha Gotcha|p1b: Exeggutor|[spread] p1b
|-activate|p1a: Blaziken|move: Protect
|-resisted|p1b: Exeggutor
|-damage|p1b: Exeggutor|79/100
|-heal|p2b: Sinistcha|33/100|[from] drain|[of] p1b: Exeggutor
|-damage|p2b: Sinistcha|23/100|[from] item: Life Orb
|move|p1b: Exeggutor|Sleep Powder|p2a: Politoed|[miss]
|-miss|p1b: Exeggutor|p2a: Politoed
|
|-weather|RainDance|[upkeep]
|-ability|p1a: Blaziken|Speed Boost|boost
|-boost|p1a: Blaziken|spe|1
|upkeep
|turn|4
|
|t:|1756704975
|switch|p2b: Gothitelle|Gothitelle, L50, F|100/100
|move|p2a: Politoed|Perish Song|p2a: Politoed
|-start|p1a: Blaziken|perish3|[silent]
|-start|p1b: Exeggutor|perish3|[silent]
|-start|p2a: Politoed|perish3|[silent]
|-start|p2b: Gothitelle|perish3|[silent]
|-fieldactivate|move: Perish Song
|move|p1b: Exeggutor|Leaf Storm|p2b: Gothitelle
|-damage|p2b: Gothitelle|45/100
|-unboost|p1b: Exeggutor|spa|2
|-enditem|p2b: Gothitelle|Sitrus Berry|[eat]
|-heal|p2b: Gothitelle|69/100|[from] item: Sitrus Berry
|move|p1a: Blaziken|Close Combat|p2a: Politoed
|-damage|p2a: Politoed|7/100
|-unboost|p1a: Blaziken|def|1
|-unboost|p1a: Blaziken|spd|1
|
|-weather|RainDance|[upkeep]
|-start|p2a: Politoed|perish3
|-start|p2b: Gothitelle|perish3
|-start|p1b: Exeggutor|perish3
|-start|p1a: Blaziken|perish3
|-ability|p1a: Blaziken|Speed Boost|boost
|-boost|p1a: Blaziken|spe|1
|upkeep
|turn|5
|
|t:|1756705003
|switch|p2a: Incineroar|Incineroar, L50, M|100/100
|-ability|p2a: Incineroar|Intimidate|boost
|-fail|p1a: Blaziken|unboost|[from] item: Clear Amulet|[of] p1a: Blaziken
|-unboost|p1b: Exeggutor|atk|1
|move|p2b: Gothitelle|Protect|p2b: Gothitelle
|-singleturn|p2b: Gothitelle|Protect
|move|p1a: Blaziken|Protect|p1a: Blaziken
|-singleturn|p1a: Blaziken|Protect
|move|p1b: Exeggutor|Expanding Force|p2a: Incineroar
|-immune|p2a: Incineroar
|
|-weather|RainDance|[upkeep]
|-start|p2b: Gothitelle|perish2
|-start|p1b: Exeggutor|perish2
|-start|p1a: Blaziken|perish2
|-ability|p1a: Blaziken|Speed Boost|boost
|-boost|p1a: Blaziken|spe|1
|upkeep
|turn|6
|
|t:|1756705040
|move|p1a: Blaziken|Protect|p1a: Blaziken
|-singleturn|p1a: Blaziken|Protect
|move|p2a: Incineroar|Parting Shot|p1b: Exeggutor
|-unboost|p1b: Exeggutor|atk|1
|-unboost|p1b: Exeggutor|spa|1
|
|t:|1756705044
|switch|p2a: Sinistcha|Sinistcha, L50, tera:Water|23/100|[from] Parting Shot
|-heal|p2b: Gothitelle|94/100|[from] ability: Hospitality|[of] p2a: Sinistcha
|move|p2b: Gothitelle|Psychic|p1a: Blaziken
|-activate|p1a: Blaziken|move: Protect
|move|p1b: Exeggutor|Sleep Powder|p2a: Sinistcha
|-status|p2a: Sinistcha|slp|[from] move: Sleep Powder
|
|-weather|RainDance|[upkeep]
|-start|p2b: Gothitelle|perish1
|-start|p1b: Exeggutor|perish1
|-start|p1a: Blaziken|perish1
|-fieldend|move: Trick Room
|-ability|p1a: Blaziken|Speed Boost|boost
|-boost|p1a: Blaziken|spe|1
|upkeep
|turn|7
|
|t:|1756705066
|switch|p2b: Incineroar|Incineroar, L50, M|100/100
|-ability|p2b: Incineroar|Intimidate|boost
|-fail|p1a: Blaziken|unboost|[from] item: Clear Amulet|[of] p1a: Blaziken
|-unboost|p1b: Exeggutor|atk|1
|cant|p2a: Sinistcha|slp
|move|p1a: Blaziken|Flare Blitz|p2b: Incineroar
|-resisted|p2b: Incineroar
|-damage|p2b: Incineroar|78/100
|-damage|p1a: Blaziken|9/100|[from] item: Rocky Helmet|[of] p2b: Incineroar
|-damage|p1a: Blaziken|0 fnt|[from] Recoil
|faint|p1a: Blaziken
|move|p1b: Exeggutor|Expanding Force|p2a: Sinistcha
|-damage|p2a: Sinistcha|4/100 slp
|
|-weather|none
|-start|p1b: Exeggutor|perish0
|upkeep
|faint|p1b: Exeggutor
|
|t:|1756705078
|switch|p1a: Torkoal|Torkoal, L50, F|100/100
|switch|p1b: Kommo-o|Kommo-o, L50, M|100/100
|-weather|SunnyDay|[from] ability: Drought|[of] p1a: Torkoal
|turn|8
|
|t:|1756705100
|move|p2b: Incineroar|Fake Out|p1b: Kommo-o
|-damage|p1b: Kommo-o|93/100
|cant|p1b: Kommo-o|flinch
|-curestatus|p2a: Sinistcha|slp|[msg]
|move|p2a: Sinistcha|Matcha Gotcha|p1b: Kommo-o|[spread] p1b
|-miss|p2a: Sinistcha|p1a: Torkoal
|-resisted|p1b: Kommo-o
|-damage|p1b: Kommo-o|79/100
|-heal|p2a: Sinistcha|11/100|[from] drain|[of] p1b: Kommo-o
|-damage|p2a: Sinistcha|2/100|[from] item: Life Orb
|move|p1a: Torkoal|Eruption|p2a: Sinistcha|[spread] p2a,p2b
|-resisted|p2a: Sinistcha
|-resisted|p2b: Incineroar
|-damage|p2a: Sinistcha|0 fnt
|-damage|p2b: Incineroar|57/100
|faint|p2a: Sinistcha
|
|-weather|SunnyDay|[upkeep]
|upkeep
|
|t:|1756705115
|switch|p2a: Politoed|Politoed, L50, F|7/100
|-weather|RainDance|[from] ability: Drizzle|[of] p2a: Politoed
|turn|9
|
|t:|1756705140
|move|p1b: Kommo-o|Body Press|p2b: Incineroar
|-supereffective|p2b: Incineroar
|-damage|p2b: Incineroar|0 fnt
|-damage|p1b: Kommo-o|63/100|[from] item: Rocky Helmet|[of] p2b: Incineroar
|faint|p2b: Incineroar
|move|p2a: Politoed|Perish Song|p2a: Politoed
|-start|p1a: Torkoal|perish3|[silent]
|-start|p1b: Kommo-o|perish3|[silent]
|-start|p2a: Politoed|perish3|[silent]
|-fieldactivate|move: Perish Song
|move|p1a: Torkoal|Overheat|p2a: Politoed
|-resisted|p2a: Politoed
|-damage|p2a: Politoed|0 fnt
|-unboost|p1a: Torkoal|spa|2
|faint|p2a: Politoed
|
|-weather|RainDance|[upkeep]
|-start|p1b: Kommo-o|perish3
|-start|p1a: Torkoal|perish3
|upkeep
|
|t:|1756705153
|switch|p2b: Gothitelle|Gothitelle, L50, F|94/100
|turn|10
|
|t:|1756705170
|move|p2b: Gothitelle|Fake Out|p1b: Kommo-o
|-damage|p1b: Kommo-o|59/100
|cant|p1b: Kommo-o|flinch
|move|p1a: Torkoal|Eruption|p2b: Gothitelle
|-damage|p2b: Gothitelle|85/100
|
|-weather|RainDance|[upkeep]
|-start|p1b: Kommo-o|perish2
|-start|p1a: Torkoal|perish2
|upkeep
|turn|11
|
|t:|1756705185
|move|p1a: Torkoal|Helping Hand|p1b: Kommo-o
|-singleturn|p1b: Kommo-o|Helping Hand|[of] p1a: Torkoal
|move|p1b: Kommo-o|Iron Head|p2b: Gothitelle
|-damage|p2b: Gothitelle|60/100
|move|p2b: Gothitelle|Psychic|p1b: Kommo-o
|-supereffective|p1b: Kommo-o
|-damage|p1b: Kommo-o|3/100
|
|-weather|RainDance|[upkeep]
|-start|p1b: Kommo-o|perish1
|-start|p1a: Torkoal|perish1
|upkeep
|turn|12
|
|t:|1756705197
|move|p2b: Gothitelle|Protect|p2b: Gothitelle
|-singleturn|p2b: Gothitelle|Protect
|move|p1b: Kommo-o|Iron Head|p2b: Gothitelle
|-activate|p2b: Gothitelle|move: Protect
|move|p1a: Torkoal|Eruption|p2b: Gothitelle
|-activate|p2b: Gothitelle|move: Protect
|
|-weather|RainDance|[upkeep]
|-start|p1b: Kommo-o|perish0
|-start|p1a: Torkoal|perish0
|faint|p1b: Kommo-o
|faint|p1a: Torkoal
|
|win|merrypasta
||merrypasta is ready for game 2.
||wefgrjcnc is ready for game 2.
|uhtml|next|Next: Game 2 of 3
|l|☆merrypasta
|player|p2|
|j|☆merrypasta
|player|p2|merrypasta|carmine|
|l|☆merrypasta
|player|p2|
|l|☆wefgrjcnc
|player|p1|
|j|☆wefgrjcnc
|player|p1|wefgrjcnc|lucian|
