|j|☆elitetweet
|j|☆MCZenith
|html|elitetweetMCZenith    
|uhtml|bestof|Game 2 of a best-of-3
|t:|1785176484
|gametype|doubles
|player|p1|elitetweet|korrina|1151
|player|p2|MCZenith|102|1046
|gen|9
|tier|[Gen 9 Champions] VGC 2026 Reg M-B (Bo3)
|rated|
|rule|Species Clause: Limit one of each Pokémon
|rule|Item Clause: Limit 1 of each item
|clearpoke
|poke|p1|Gallade, L50, M|
|poke|p1|Kingambit, L50, F|
|poke|p1|Aerodactyl, L50, F|
|poke|p1|Sylveon, L50, M|
|poke|p1|Slowking-Galar, L50, M|
|poke|p1|Weavile, L50, M|
|poke|p2|Staraptor, L50, M|
|poke|p2|Whimsicott, L50, M|
|poke|p2|Venusaur, L50, M|
|poke|p2|Basculegion, L50, M|
|poke|p2|Pyroar, L50, M|
|poke|p2|Farigiraf, L50, M|
|teampreview|4
|showteam|p1|Gallade||Galladite|Steadfast|CloseCombat,KnockOff,Protect,PsychoCut|Jolly||M|||50|]Kingambit||BlackGlasses|Defiant|KowtowCleave,SuckerPunch,IronHead,Protect|Adamant||F|||50|]Aerodactyl||Aerodactylite|Unnerve|RockSlide,DualWingbeat,Tailwind,WideGuard|Jolly||F|||50|]Sylveon||FairyFeather|Pixilate|HyperVoice,Moonblast,QuickAttack,Detect|Quiet||M|||50|]Slowking-Galar||ColburBerry|Regenerator|SludgeBomb,Flamethrower,ChillyReception,TrickRoom|Quiet||M|||50|]Weavile||FocusSash|Pickpocket|FakeOut,IcicleCrash,KnockOff,LowKick|Jolly||M|||50|
|showteam|p2|Staraptor||Staraptite|Intimidate|CloseCombat,BraveBird,Roost,Protect|Adamant||M|||50|]Whimsicott||MentalHerb|Prankster|Tailwind,Taunt,Charm,SunnyDay|Bold||M|||50|]Venusaur||WideLens|Chlorophyll|SleepPowder,EarthPower,WeatherBall,SolarBeam|Modest||M|||50|]Basculegion||ChoiceScarf|Adaptability|AquaJet,FlipTurn,WaveCrash,LastRespects|Adamant||M|||50|]Pyroar||Pyroarite|Unnerve|HeatWave,ScorchingSands,DarkPulse,Protect|Timid||M|||50|]Farigiraf||Leftovers|ArmorTail|CalmMind,PsychicNoise,TrickRoom,Imprison|Relaxed||M|||50|
|inactive|Battle timer is ON: inactive players will automatically lose when time's up. (requested by elitetweet)
|inactive|MCZenith also wants the timer to be on.
|
|t:|1785176505
|teamsize|p1|4
|teamsize|p2|4
|start
|switch|p1a: Slowking|Slowking-Galar, L50, M|100/100
|switch|p1b: Aerodactyl|Aerodactyl, L50, F|100/100
|switch|p2a: Whimsicott|Whimsicott, L50, M|100/100
|switch|p2b: Pyroar|Pyroar, L50, M|100/100
|-ability|p1b: Aerodactyl|Unnerve
|-ability|p2b: Pyroar|Unnerve
|turn|1
|inactive|MCZenith has 30 seconds left.
|
|t:|1785176533
|move|p2a: Whimsicott|Charm|p1b: Aerodactyl
|-unboost|p1b: Aerodactyl|atk|2
|move|p1b: Aerodactyl|Rock Slide|p2a: Whimsicott|[spread] p2a,p2b
|-supereffective|p2b: Pyroar|1
|-damage|p2a: Whimsicott|87/100
|-damage|p2b: Pyroar|61/100
|move|p2b: Pyroar|Dark Pulse|p1a: Slowking
|-supereffective|p1a: Slowking|1
|-damage|p1a: Slowking|62/100
|move|p1a: Slowking|Sludge Bomb|p2a: Whimsicott
|-supereffective|p2a: Whimsicott|2
|-damage|p2a: Whimsicott|0 fnt
|faint|p2a: Whimsicott
|
|upkeep
|
|t:|1785176542
|switch|p2a: Venusaur|Venusaur, L50, M|100/100
|turn|2
|inactive|elitetweet has 30 seconds left.
|
|t:|1785176571
|switch|p1b: Kingambit|Kingambit, L50, F|100/100
|move|p2b: Pyroar|Dark Pulse|p1a: Slowking
|-supereffective|p1a: Slowking|1
|-damage|p1a: Slowking|23/100
|move|p2a: Venusaur|Sleep Powder|p1b: Kingambit
|-status|p1b: Kingambit|slp|[from] move: Sleep Powder
|-prepare|p1a: Slowking|Chilly Reception|[premajor]
|move|p1a: Slowking|Chilly Reception|p1a: Slowking
|-weather|Snowscape
|
|t:|1785176580
|-heal|p1a: Slowking|56/100|[from] ability: Regenerator|[silent]
|switch|p1a: Aerodactyl|Aerodactyl, L50, F|100/100|[from] Chilly Reception
|-ability|p1a: Aerodactyl|Unnerve
|
|-weather|Snowscape|[upkeep]
|upkeep
|turn|3
|
|t:|1785176592
|switch|p1b: Slowking|Slowking-Galar, L50, M|56/100
|move|p1a: Aerodactyl|Rock Slide|p2b: Pyroar|[spread] p2a,p2b
|-supereffective|p2b: Pyroar|1
|-damage|p2a: Venusaur|70/100
|-damage|p2b: Pyroar|0 fnt
|faint|p2b: Pyroar
|move|p2a: Venusaur|Weather Ball|p1a: Aerodactyl
|-supereffective|p1a: Aerodactyl|1
|-damage|p1a: Aerodactyl|13/100
|
|-weather|Snowscape|[upkeep]
|upkeep
|
|t:|1785176597
|switch|p2b: Staraptor|Staraptor, L50, M|100/100
|-ability|p2b: Staraptor|Intimidate|boost
|-unboost|p1a: Aerodactyl|atk|1
|-unboost|p1b: Slowking|atk|1
|turn|4
|
|t:|1785176619
|-heal|p1b: Slowking|90/100|[from] ability: Regenerator|[silent]
|switch|p1b: Kingambit|Kingambit, L50, F|100/100 slp
|move|p1a: Aerodactyl|Tailwind|p1a: Aerodactyl
|-sidestart|p1: elitetweet|move: Tailwind
|move|p2b: Staraptor|Close Combat|p1a: Aerodactyl
|-crit|p1a: Aerodactyl
|-damage|p1a: Aerodactyl|0 fnt
|-unboost|p2b: Staraptor|def|1
|-unboost|p2b: Staraptor|spd|1
|faint|p1a: Aerodactyl
|move|p2a: Venusaur|Earth Power|p1b: Kingambit
|-supereffective|p1b: Kingambit|1
|-damage|p1b: Kingambit|45/100 slp
|-unboost|p1b: Kingambit|spd|1
|-ability|p1b: Kingambit|Defiant|boost
|-boost|p1b: Kingambit|atk|2
|
|-weather|Snowscape|[upkeep]
|upkeep
|
|t:|1785176634
|switch|p1a: Gallade|Gallade, L50, M|100/100
|turn|5
|j| tedidn
|
|t:|1785176657
|detailschange|p1a: Gallade|Gallade-Mega, L50, M
|-mega|p1a: Gallade|Gallade|Galladite
|detailschange|p2b: Staraptor|Staraptor-Mega, L50, M
|-mega|p2b: Staraptor|Staraptor|Staraptite
|cant|p1b: Kingambit|slp
|move|p1a: Gallade|Psycho Cut|p2b: Staraptor
|-supereffective|p2b: Staraptor|1
|-damage|p2b: Staraptor|0 fnt
|faint|p2b: Staraptor
|move|p2a: Venusaur|Sleep Powder|p1a: Gallade
|-status|p1a: Gallade|slp|[from] move: Sleep Powder
|
|-weather|Snowscape|[upkeep]
|upkeep
|turn|6
|
|t:|1785176670
|switch|p1b: Slowking|Slowking-Galar, L50, M|90/100
|cant|p1a: Gallade|slp
|move|p2a: Venusaur|Earth Power|p1b: Slowking
|-supereffective|p1b: Slowking|1
|-damage|p1b: Slowking|48/100
|-unboost|p1b: Slowking|spd|1
|
|-weather|none
|upkeep
|turn|7
|
|t:|1785176682
|cant|p1a: Gallade|slp
|move|p2a: Venusaur|Earth Power|p1b: Slowking
|-supereffective|p1b: Slowking|1
|-damage|p1b: Slowking|0 fnt
|faint|p1b: Slowking
|
|-sideend|p1: elitetweet|move: Tailwind
|upkeep
|
|t:|1785176685
|switch|p1b: Kingambit|Kingambit, L50, F|45/100 slp
|turn|8
|
|t:|1785176690
|cant|p1b: Kingambit|slp
|-curestatus|p1a: Gallade|slp|[msg]
|move|p1a: Gallade|Psycho Cut|p2a: Venusaur
|-supereffective|p2a: Venusaur|1
|-damage|p2a: Venusaur|0 fnt
|faint|p2a: Venusaur
|
|win|elitetweet
|raw|elitetweet's rating: 1151 → 1169(+18 for winning)
|raw|MCZenith's rating: 1046 → 1034(-12 for losing)
