|j|☆macrameee
|j|☆spodermees
|html|macrameeespodermees    
|uhtml|bestof|Game 2 of a best-of-3
|t:|1785078417
|gametype|doubles
|player|p1|macrameee|roark|1321
|player|p2|spodermees|sailor|1351
|gen|9
|tier|[Gen 9 Champions] VGC 2026 Reg M-B (Bo3)
|rated|
|rule|Species Clause: Limit one of each Pokémon
|rule|Item Clause: Limit 1 of each item
|clearpoke
|poke|p1|Floette-Eternal, L50, F|
|poke|p1|Incineroar, L50, M, shiny|
|poke|p1|Sinistcha, L50|
|poke|p1|Ceruledge, L50, F|
|poke|p1|Raichu, L50, F|
|poke|p1|Milotic, L50, F|
|poke|p2|Charizard, L50, M|
|poke|p2|Staraptor, L50, F|
|poke|p2|Whimsicott, L50, F|
|poke|p2|Basculegion, L50, M|
|poke|p2|Garchomp, L50, M|
|poke|p2|Incineroar, L50, M|
|teampreview|4
|showteam|p1|Floette-Eternal||Floettite|FlowerVeil|Protect,CalmMind,DazzlingGleam,DrainingKiss|Modest||F|||50|]Incineroar||SitrusBerry|Intimidate|FakeOut,FlareBlitz,PartingShot,DarkestLariat|Impish||M|||50|]Sinistcha||KasibBerry|Hospitality|MatchaGotcha,TrickRoom,RagePowder,Protect|Bold|||||50|]Ceruledge||ColburBerry|FlashFire|Protect,BulkUp,BitterBlade,ShadowSneak|Adamant||F|||50|]Raichu||RaichuniteY|Static|Protect,FakeOut,ZapCannon,FocusBlast|Timid||F|||50|]Milotic||Leftovers|Competitive|Protect,Scald,IcyWind,LifeDew|Modest||F|||50|
|showteam|p2|Charizard||CharizarditeY|Blaze|HeatWave,WeatherBall,SolarBeam,Protect|Modest||M|||50|]Staraptor||Staraptite|Intimidate|CloseCombat,BraveBird,Roost,Protect|Jolly||F|||50|]Whimsicott||FocusSash|Prankster|Moonblast,Tickle,Tailwind,Encore|Timid||F|||50|]Basculegion||MysticWater|Adaptability|WaveCrash,LastRespects,AquaJet,Protect|Jolly||M|||50|]Garchomp||LifeOrb|RoughSkin|Protect,Earthquake,RockSlide,DragonClaw|Jolly||M|||50|]Incineroar||SitrusBerry|Intimidate|FakeOut,FlareBlitz,DarkestLariat,PartingShot|Careful||M|||50|
|inactive|Battle timer is ON: inactive players will automatically lose when time's up. (requested by spodermees)
|inactive|macrameee has 60 seconds left.
|inactive|macrameee has 30 seconds left.
|
|t:|1785078482
|teamsize|p1|4
|teamsize|p2|4
|start
|switch|p1a: Raichu|Raichu, L50, F|100/100
|switch|p1b: Ceruledge|Ceruledge, L50, F|100/100
|switch|p2a: Charizard|Charizard, L50, M|100/100
|switch|p2b: Whimsicott|Whimsicott, L50, F|100/100
|turn|1
|
|t:|1785078502
|detailschange|p1a: Raichu|Raichu-Mega-Y, L50, F
|-mega|p1a: Raichu|Raichu|Raichunite Y
|detailschange|p2a: Charizard|Charizard-Mega-Y, L50, M
|-mega|p2a: Charizard|Charizard|Charizardite Y
|-weather|SunnyDay|[from] ability: Drought|[of] p2a: Charizard
|move|p1a: Raichu|Protect|p1a: Raichu
|-singleturn|p1a: Raichu|Protect
|move|p2b: Whimsicott|Tickle|p1b: Ceruledge
|-unboost|p1b: Ceruledge|atk|1
|-unboost|p1b: Ceruledge|def|1
|move|p2a: Charizard|Weather Ball|p1a: Raichu
|-activate|p1a: Raichu|move: Protect
|move|p1b: Ceruledge|Bulk Up|p1b: Ceruledge
|-boost|p1b: Ceruledge|atk|1
|-boost|p1b: Ceruledge|def|1
|
|-weather|SunnyDay|[upkeep]
|upkeep
|turn|2
|
|t:|1785078524
|switch|p1a: Incineroar|Incineroar, L50, M, shiny|100/100
|-ability|p1a: Incineroar|Intimidate|boost
|-unboost|p2a: Charizard|atk|1
|-unboost|p2b: Whimsicott|atk|1
|switch|p2a: Garchomp|Garchomp, L50, M|100/100
|move|p2b: Whimsicott|Encore|p1b: Ceruledge
|-start|p1b: Ceruledge|Encore
|move|p1b: Ceruledge|Bulk Up|p1b: Ceruledge
|-boost|p1b: Ceruledge|atk|1
|-boost|p1b: Ceruledge|def|1
|
|-weather|SunnyDay|[upkeep]
|upkeep
|turn|3
|
|t:|1785078541
|move|p1a: Incineroar|Fake Out|p2a: Garchomp
|-damage|p2a: Garchomp|88/100
|-damage|p1a: Incineroar|87/100|[from] ability: Rough Skin|[of] p2a: Garchomp
|move|p2b: Whimsicott|Tailwind|p2b: Whimsicott
|-sidestart|p2: spodermees|move: Tailwind
|cant|p2a: Garchomp|flinch
|move|p1b: Ceruledge|Bulk Up|p1b: Ceruledge
|-boost|p1b: Ceruledge|atk|1
|-boost|p1b: Ceruledge|def|1
|
|-weather|SunnyDay|[upkeep]
|upkeep
|turn|4
|
|t:|1785078554
|switch|p1a: Milotic|Milotic, L50, F|100/100
|move|p2b: Whimsicott|Tickle|p1b: Ceruledge
|-unboost|p1b: Ceruledge|atk|1
|-unboost|p1b: Ceruledge|def|1
|move|p2a: Garchomp|Earthquake|p1a: Milotic|[spread] p2b,p1a,p1b
|-resisted|p2b: Whimsicott|1
|-supereffective|p1b: Ceruledge|1
|-damage|p2b: Whimsicott|71/100
|-damage|p1a: Milotic|51/100
|-damage|p1b: Ceruledge|16/100
|-damage|p2a: Garchomp|78/100|[from] item: Life Orb
|move|p1b: Ceruledge|Bulk Up|p1b: Ceruledge
|-boost|p1b: Ceruledge|atk|1
|-boost|p1b: Ceruledge|def|1
|
|-weather|SunnyDay|[upkeep]
|-heal|p1a: Milotic|57/100|[from] item: Leftovers
|-end|p1b: Ceruledge|Encore
|upkeep
|turn|5
|
|t:|1785078576
|switch|p1a: Incineroar|Incineroar, L50, M, shiny|87/100
|-ability|p1a: Incineroar|Intimidate|boost
|-unboost|p2a: Garchomp|atk|1
|-unboost|p2b: Whimsicott|atk|1
|move|p2a: Garchomp|Protect|p2a: Garchomp
|-singleturn|p2a: Garchomp|Protect
|move|p1b: Ceruledge|Protect|p1b: Ceruledge
|-singleturn|p1b: Ceruledge|Protect
|move|p2b: Whimsicott|Moonblast|p1a: Incineroar
|-damage|p1a: Incineroar|64/100
|
|-weather|none
|upkeep
|turn|6
|
|t:|1785078598
|switch|p2a: Basculegion|Basculegion, L50, M|100/100
|move|p1a: Incineroar|Fake Out|p2a: Basculegion
|-immune|p2a: Basculegion
|move|p2b: Whimsicott|Encore|p1b: Ceruledge
|-start|p1b: Ceruledge|Encore
|move|p1b: Ceruledge|Protect||[still]
|-fail|p1b: Ceruledge
|
|-sideend|p2: spodermees|move: Tailwind
|upkeep
|turn|7
|
|t:|1785078613
|switch|p1b: Milotic|Milotic, L50, F|57/100
|move|p2b: Whimsicott|Tickle|p1b: Milotic
|-unboost|p1b: Milotic|atk|1
|-ability|p1b: Milotic|Competitive|boost
|-boost|p1b: Milotic|spa|2
|-unboost|p1b: Milotic|def|1
|-ability|p1b: Milotic|Competitive|boost
|-boost|p1b: Milotic|spa|2
|move|p2a: Basculegion|Wave Crash|p1a: Incineroar
|-supereffective|p1a: Incineroar|1
|-crit|p1a: Incineroar
|-damage|p1a: Incineroar|0 fnt
|faint|p1a: Incineroar
|-damage|p2a: Basculegion|79/100|[from] Recoil
|
|-heal|p1b: Milotic|63/100|[from] item: Leftovers
|upkeep
|
|t:|1785078637
|switch|p1a: Raichu|Raichu-Mega-Y, L50, F|100/100
|turn|8
|
|t:|1785078649
|move|p2b: Whimsicott|Tailwind|p2b: Whimsicott
|-sidestart|p2: spodermees|move: Tailwind
|move|p2a: Basculegion|Wave Crash|p1a: Raichu
|-damage|p1a: Raichu|0 fnt
|faint|p1a: Raichu
|-damage|p2a: Basculegion|56/100|[from] Recoil
|move|p1b: Milotic|Icy Wind|p2a: Basculegion|[spread] p2a,p2b
|-resisted|p2a: Basculegion|1
|-supereffective|p2b: Whimsicott|1
|-damage|p2a: Basculegion|37/100
|-damage|p2b: Whimsicott|0 fnt
|-unboost|p2a: Basculegion|spe|1
|faint|p2b: Whimsicott
|
|-heal|p1b: Milotic|70/100|[from] item: Leftovers
|upkeep
|inactive|macrameee has 30 seconds left.
|
|t:|1785078676
|switch|p1a: Ceruledge|Ceruledge, L50, F|16/100
|switch|p2b: Garchomp|Garchomp, L50, M|78/100
|turn|9
|
|t:|1785078686
|move|p2a: Basculegion|Aqua Jet|p1a: Ceruledge
|-supereffective|p1a: Ceruledge|1
|-damage|p1a: Ceruledge|0 fnt
|faint|p1a: Ceruledge
|move|p2b: Garchomp|Dragon Claw|p1b: Milotic
|-damage|p1b: Milotic|0 fnt
|faint|p1b: Milotic
|-damage|p2b: Garchomp|68/100|[from] item: Life Orb
|
|win|spodermees
||macrameee is ready for game 3.
||macrameee is ready for game 3.
|l|☆spodermees
|player|p2|
|inactive|spodermees has 30 seconds to confirm battle start!
||spodermees is ready for game 3.
|uhtml|next|Next: Game 3 of 3
|j|☆spodermees
|player|p2|spodermees|sailor|
