|j|☆mzasquare
|j|☆doingVGCthings
|html|mzasquaredoingVGCthings    
|uhtml|bestof|Game 2 of a best-of-3
|t:|1755961418
|gametype|doubles
|player|p1|mzasquare|worker-gen4|1211
|player|p2|doingVGCthings|swimmer-gen4dp|1212
|gen|9
|tier|[Gen 9] VGC 2025 Reg H (Bo3)
|rated|
|rule|Species Clause: Limit one of each Pokémon
|rule|Item Clause: Limit 1 of each item
|clearpoke
|poke|p1|Gallade, L50, M|
|poke|p1|Grimmsnarl, L50, M|
|poke|p1|Archaludon, L50, M|
|poke|p1|Pelipper, L50, M|
|poke|p1|Incineroar, L50, M|
|poke|p1|Dragapult, L50, F|
|poke|p2|Volcarona, L50, F|
|poke|p2|Electabuzz, L50, M|
|poke|p2|Tyranitar, L50, F|
|poke|p2|Amoonguss, L50, M|
|poke|p2|Annihilape, L50, F|
|poke|p2|Mamoswine, L50, F|
|teampreview|4
|showteam|p1|Gallade||ClearAmulet|Sharpness|HelpingHand,SacredSword,PsychoCut,Protect|||M|||50|,,,,,Fairy]Grimmsnarl||LightClay|Prankster|ThunderWave,LightScreen,Reflect,SpiritBreak|||M|||50|,,,,,Ghost]Archaludon||AssaultVest|Stamina|ElectroShot,BodyPress,DracoMeteor,Snarl|||M|||50|,,,,,Bug]Pelipper||CovertCloak|Drizzle|Hurricane,Tailwind,WeatherBall,Protect|||M|||50|,,,,,Grass]Incineroar||SafetyGoggles|Intimidate|KnockOff,Taunt,PartingShot,FakeOut|||M|||50|,,,,,Bug]Dragapult||ChoiceBand|ClearBody|DragonDarts,PhantomForce,Uturn,TeraBlast|||F|||50|,,,,,Flying
|showteam|p2|Volcarona||CovertCloak|FlameBody|Protect,HeatWave,GigaDrain,QuiverDance|||F|||50|,,,,,Grass]Electabuzz||Eviolite|VitalSpirit|Protect,Electroweb,Taunt,FollowMe|||M|||50|,,,,,Ghost]Tyranitar||AssaultVest|SandStream|RockSlide,KnockOff,LowKick,TeraBlast|||F|||50|,,,,,Flying]Amoonguss||SitrusBerry|Regenerator|Protect,PollenPuff,Spore,RagePowder|||M|||50|,,,,,Water]Annihilape||SafetyGoggles|Defiant|Protect,RageFist,CloseCombat,Coaching|||F|||50|,,,,,Water]Mamoswine||FocusSash|Oblivious|Protect,IcicleCrash,HighHorsepower,IceShard|||F|||50|,,,,,Stellar
|inactive|Battle timer is ON: inactive players will automatically lose when time's up. (requested by doingVGCthings)
|inactive|mzasquare has 60 seconds left.
|inactive|doingVGCthings has 60 seconds left.
|
|t:|1755961457
|teamsize|p1|4
|teamsize|p2|4
|start
|switch|p1a: Dragapult|Dragapult, L50, F|100/100
|switch|p1b: Grimmsnarl|Grimmsnarl, L50, M|100/100
|switch|p2a: Electabuzz|Electabuzz, L50, M|100/100
|switch|p2b: Annihilape|Annihilape, L50, F|100/100
|turn|1
|
|t:|1755961473
|-terastallize|p1a: Dragapult|Flying
|move|p2a: Electabuzz|Follow Me|p2a: Electabuzz
|-singleturn|p2a: Electabuzz|move: Follow Me
|move|p1b: Grimmsnarl|Reflect|p1b: Grimmsnarl
|-sidestart|p1: mzasquare|Reflect
|move|p1a: Dragapult|Tera Blast|p2a: Electabuzz|[anim] Tera Blast Flying
|-resisted|p2a: Electabuzz
|-damage|p2a: Electabuzz|73/100
|move|p2b: Annihilape|Rage Fist|p1a: Dragapult
|-damage|p1a: Dragapult|78/100
|
|upkeep
|turn|2
|inactive|mzasquare has 30 seconds left.
|inactive|doingVGCthings has 30 seconds left.
|
|t:|1755961500
|switch|p2a: Tyranitar|Tyranitar, L50, F|100/100
|-weather|Sandstorm|[from] ability: Sand Stream|[of] p2a: Tyranitar
|-terastallize|p2b: Annihilape|Water
|move|p1b: Grimmsnarl|Light Screen|p1b: Grimmsnarl
|-sidestart|p1: mzasquare|move: Light Screen
|move|p1a: Dragapult|Tera Blast|p2b: Annihilape|[anim] Tera Blast Flying
|-damage|p2b: Annihilape|44/100
|move|p2b: Annihilape|Coaching|p2a: Tyranitar
|-boost|p2a: Tyranitar|atk|1
|-boost|p2a: Tyranitar|def|1
|
|-weather|Sandstorm|[upkeep]
|-damage|p1a: Dragapult|72/100|[from] Sandstorm
|-damage|p1b: Grimmsnarl|94/100|[from] Sandstorm
|upkeep
|turn|3
|
|t:|1755961522
|move|p1a: Dragapult|Tera Blast|p2b: Annihilape|[anim] Tera Blast Flying
|-damage|p2b: Annihilape|0 fnt
|faint|p2b: Annihilape
|move|p2a: Tyranitar|Rock Slide|p1b: Grimmsnarl|[spread] p1a,p1b
|-supereffective|p1a: Dragapult
|-damage|p1a: Dragapult|0 fnt
|-damage|p1b: Grimmsnarl|61/100
|faint|p1a: Dragapult
|move|p1b: Grimmsnarl|Spirit Break|p2a: Tyranitar
|-supereffective|p2a: Tyranitar
|-damage|p2a: Tyranitar|71/100
|-unboost|p2a: Tyranitar|spa|1
|
|-weather|Sandstorm|[upkeep]
|-damage|p1b: Grimmsnarl|55/100|[from] Sandstorm
|upkeep
|inactive|mzasquare has 30 seconds left.
|
|t:|1755961551
|switch|p1a: Incineroar|Incineroar, L50, M|100/100
|switch|p2b: Electabuzz|Electabuzz, L50, M|73/100
|-ability|p1a: Incineroar|Intimidate|boost
|-unboost|p2a: Tyranitar|atk|1
|-unboost|p2b: Electabuzz|atk|1
|turn|4
|
|t:|1755961570
|move|p2b: Electabuzz|Taunt|p1a: Incineroar
|-start|p1a: Incineroar|move: Taunt
|cant|p1a: Incineroar|move: Taunt|Taunt
|move|p2a: Tyranitar|Rock Slide|p1a: Incineroar|[spread] p1a,p1b
|-supereffective|p1a: Incineroar
|-damage|p1a: Incineroar|62/100
|-damage|p1b: Grimmsnarl|32/100
|move|p1b: Grimmsnarl|Spirit Break|p2a: Tyranitar
|-supereffective|p2a: Tyranitar
|-damage|p2a: Tyranitar|36/100
|-unboost|p2a: Tyranitar|spa|1
|
|-weather|Sandstorm|[upkeep]
|-damage|p2b: Electabuzz|67/100|[from] Sandstorm
|-damage|p1b: Grimmsnarl|26/100|[from] Sandstorm
|upkeep
|turn|5
|inactive|mzasquare has 30 seconds left.
|inactive|doingVGCthings has 30 seconds left.
|
|t:|1755961596
|switch|p1a: Pelipper|Pelipper, L50, M|100/100
|-weather|RainDance|[from] ability: Drizzle|[of] p1a: Pelipper
|move|p2b: Electabuzz|Electroweb|p1b: Grimmsnarl|[spread] p1a,p1b
|-supereffective|p1a: Pelipper
|-damage|p1a: Pelipper|43/100
|-damage|p1b: Grimmsnarl|18/100
|-unboost|p1b: Grimmsnarl|spe|1
|move|p2a: Tyranitar|Rock Slide|p1b: Grimmsnarl|[spread] p1a,p1b
|-supereffective|p1a: Pelipper
|-damage|p1a: Pelipper|0 fnt
|-damage|p1b: Grimmsnarl|0 fnt
|faint|p1a: Pelipper
|faint|p1b: Grimmsnarl
|
|-weather|RainDance|[upkeep]
|upkeep
|-message|mzasquare forfeited.
|
|win|doingVGCthings
|raw|mzasquare's rating: 1211 → 1186(-25 for losing)
|raw|doingVGCthings's rating: 1212 → 1237(+25 for winning)
