|j|☆Theompz
|j|☆Rat Rizzo
|html|TheompzRat Rizzo    
|uhtml|bestof|Game 1 of a best-of-3
|t:|1756980525
|gametype|doubles
|player|p1|Theompz|colress|1029
|player|p2|Rat Rizzo|2|1113
|gen|9
|tier|[Gen 9] VGC 2025 Reg H (Bo3)
|rated|
|rule|Species Clause: Limit one of each Pokémon
|rule|Item Clause: Limit 1 of each item
|clearpoke
|poke|p1|Meowscarada, L50, M|
|poke|p1|Ursaluna-Bloodmoon, L50, M|
|poke|p1|Incineroar, L50, F|
|poke|p1|Whimsicott, L50, M|
|poke|p1|Typhlosion-Hisui, L50, M|
|poke|p1|Sneasler, L50, M|
|poke|p2|Garchomp, L50, F|
|poke|p2|Jumpluff, L50, F|
|poke|p2|Torkoal, L50, M|
|poke|p2|Dragonite, L50, F|
|poke|p2|Kingambit, L50, M|
|poke|p2|Typhlosion-Hisui, L50, M|
|teampreview|4
|showteam|p1|Meowscarada||ChoiceBand|Protean|FlowerTrick,KnockOff,TripleAxel,Uturn|||M|||50|,,,,,Ghost]Ursaluna-Bloodmoon||ThroatSpray|MindsEye|BloodMoon,HyperVoice,EarthPower,Protect|||M|||50|,,,,,Normal]Incineroar||SafetyGoggles|Intimidate|FakeOut,PartingShot,KnockOff,FlareBlitz|||F|||50|,,,,,Ghost]Whimsicott||CovertCloak|Prankster|Tailwind,SunnyDay,Encore,Moonblast|||M|||50|,,,,,Water]Typhlosion-Hisui||FocusSash|Blaze|Eruption,HeatWave,ShadowBall,Protect|||M|||50|,,,,,Stellar]Sneasler||LifeOrb|PoisonTouch|FakeOut,DireClaw,CloseCombat,Protect|||M|||50|,,,,,Ghost
|showteam|p2|Garchomp||LifeOrb|RoughSkin|DragonClaw,StompingTantrum,Earthquake,Protect|||F|||50|,,,,,Fire]Jumpluff||CovertCloak|Chlorophyll|LeafStorm,SleepPowder,Encore,Tailwind|||F|||50|,,,,,Poison]Torkoal||EjectPack|Drought|Overheat,BurningJealousy,HelpingHand,Protect|||M|||50|,,,,,Flying]Dragonite||LoadedDice|Multiscale|ScaleShot,ExtremeSpeed,IceSpinner,Protect|||F|||50|,,,,,Fairy]Kingambit||AssaultVest|Defiant|IronHead,SuckerPunch,KowtowCleave,LowKick|||M|||50|,,,,,Flying]Typhlosion-Hisui||ChoiceScarf|Blaze|Eruption,ShadowBall,HeatWave,Overheat|||M|||50|,,,,,Fire
|inactive|Battle timer is ON: inactive players will automatically lose when time's up. (requested by Rat Rizzo)
|inactive|Theompz also wants the timer to be on.
|inactive|Rat Rizzo has 60 seconds left.
|inactive|Rat Rizzo has 30 seconds left.
|
|t:|1756980590
|teamsize|p1|4
|teamsize|p2|4
|start
|switch|p1a: Meowscarada|Meowscarada, L50, M, shiny|100/100
|switch|p1b: Whimsicott|Whimsicott, L50, M, shiny|100/100
|switch|p2a: Kingambit|Kingambit, L50, M|100/100
|switch|p2b: Garchomp|Garchomp, L50, F|100/100
|turn|1
|inactive|Theompz has 30 seconds left.
|inactive|Rat Rizzo has 30 seconds left.
|inactive|Theompz has 20 seconds left.
|inactive|Theompz has 15 seconds left.
|inactive|Theompz has 10 seconds left.
|inactive|Theompz has 5 seconds left.
|
|t:|1756980643
|-terastallize|p2a: Kingambit|Flying
|move|p2b: Garchomp|Protect|p2b: Garchomp
|-singleturn|p2b: Garchomp|Protect
|move|p1b: Whimsicott|Tailwind|p1b: Whimsicott
|-sidestart|p1: Theompz|move: Tailwind
|move|p1a: Meowscarada|U-turn|p2a: Kingambit
|-start|p1a: Meowscarada|typechange|Bug|[from] ability: Protean
|-resisted|p2a: Kingambit
|-damage|p2a: Kingambit|82/100
|
|t:|1756980657
|switch|p1a: Ursaluna|Ursaluna-Bloodmoon, L50, M|100/100|[from] U-turn
|move|p2a: Kingambit|Iron Head|p1b: Whimsicott
|-supereffective|p1b: Whimsicott
|-damage|p1b: Whimsicott|0 fnt
|faint|p1b: Whimsicott
|
|upkeep
|
|t:|1756980666
|switch|p1b: Meowscarada|Meowscarada, L50, M, shiny|100/100
|turn|2
|
|t:|1756980680
|-terastallize|p1a: Ursaluna|Normal
|move|p2a: Kingambit|Sucker Punch|p1a: Ursaluna
|-damage|p1a: Ursaluna|73/100
|move|p1b: Meowscarada|Triple Axel|p2b: Garchomp
|-start|p1b: Meowscarada|typechange|Ice|[from] ability: Protean
|-supereffective|p2b: Garchomp
|-damage|p2b: Garchomp|33/100
|-damage|p1b: Meowscarada|89/100|[from] ability: Rough Skin|[of] p2b: Garchomp
|-supereffective|p2b: Garchomp
|-damage|p2b: Garchomp|0 fnt
|-damage|p1b: Meowscarada|77/100|[from] ability: Rough Skin|[of] p2b: Garchomp
|faint|p2b: Garchomp
|-hitcount|p2: Garchomp|2
|move|p1a: Ursaluna|Blood Moon|p2a: Kingambit
|-damage|p2a: Kingambit|2/100
|
|upkeep
|
|t:|1756980685
|switch|p2b: Typhlosion|Typhlosion-Hisui, L50, M|100/100
|turn|3
|inactive|Rat Rizzo has 30 seconds left.
|
|t:|1756980719
|move|p2a: Kingambit|Sucker Punch|p1b: Meowscarada
|-damage|p1b: Meowscarada|20/100
|move|p1b: Meowscarada|Triple Axel|p2b: Typhlosion
|-resisted|p2b: Typhlosion
|-damage|p2b: Typhlosion|89/100
|-resisted|p2b: Typhlosion
|-damage|p2b: Typhlosion|68/100
|-resisted|p2b: Typhlosion
|-damage|p2b: Typhlosion|37/100
|-hitcount|p2b: Typhlosion|3
|move|p2b: Typhlosion|Eruption|p1a: Ursaluna|[spread] p1a,p1b
|-supereffective|p1b: Meowscarada
|-damage|p1a: Ursaluna|49/100
|-damage|p1b: Meowscarada|0 fnt
|faint|p1b: Meowscarada
|move|p1a: Ursaluna|Hyper Voice|p2b: Typhlosion|[spread] p2a,p2b
|-damage|p2a: Kingambit|0 fnt
|-damage|p2b: Typhlosion|0 fnt
|faint|p2a: Kingambit
|faint|p2b: Typhlosion
|-enditem|p1a: Ursaluna|Throat Spray
|-boost|p1a: Ursaluna|spa|1|[from] item: Throat Spray
|
|upkeep
|
|t:|1756980739
|switch|p1b: Sneasler|Sneasler, L50, M|100/100
|switch|p2b: Dragonite|Dragonite, L50, F|100/100
|turn|4
|
|t:|1756980753
|move|p1b: Sneasler|Protect|p1b: Sneasler
|-singleturn|p1b: Sneasler|Protect
|move|p1a: Ursaluna|Protect|p1a: Ursaluna
|-singleturn|p1a: Ursaluna|Protect
|move|p2b: Dragonite|Protect||[still]
|-fail|p2b: Dragonite
|
|-sideend|p1: Theompz|move: Tailwind
|upkeep
|turn|5
|
|t:|1756980764
|move|p1b: Sneasler|Dire Claw|p2b: Dragonite
|-damage|p2b: Dragonite|65/100
|-status|p2b: Dragonite|slp
|-damage|p1b: Sneasler|91/100|[from] item: Life Orb
|cant|p2b: Dragonite|slp
|move|p1a: Ursaluna|Blood Moon|p2b: Dragonite
|-damage|p2b: Dragonite|0 fnt
|faint|p2b: Dragonite
|
|win|Theompz
||Rat Rizzo is ready for game 2.
|inactive|Theompz has 30 seconds to confirm battle start!
||Theompz is ready for game 2.
|uhtml|next|Next: Game 2 of 3
