|j|☆the flow boii
|j|☆TheGayOne420
|html|the flow boiiTheGayOne420    
|uhtml|bestof|Game 1 of a best-of-3
|t:|1785898524
|gametype|doubles
|player|p1|the flow boii|1|1000
|player|p2|TheGayOne420|266|1041
|gen|9
|tier|[Gen 9 Champions] VGC 2026 Reg M-B (Bo3)
|rated|
|rule|Species Clause: Limit one of each Pokémon
|rule|Item Clause: Limit 1 of each item
|clearpoke
|poke|p1|Meowstic, L50, M|
|poke|p1|Kingambit, L50, F|
|poke|p1|Gardevoir, L50, F|
|poke|p1|Torkoal, L50, M|
|poke|p1|Sinistcha, L50|
|poke|p1|Ariados, L50, M, shiny|
|poke|p2|Eelektross, L50, F|
|poke|p2|Sinistcha, L50|
|poke|p2|Staraptor, L50, F|
|poke|p2|Talonflame, L50, M|
|poke|p2|Incineroar, L50, F|
|poke|p2|Garchomp, L50, F|
|teampreview|4
|showteam|p1|Meowstic||FocusSash|Prankster|FakeOut,PsychicTerrain,LightScreen,Reflect|Careful||M|||50|]Kingambit||BlackGlasses|Defiant|SuckerPunch,KowtowCleave,IronHead,Protect|Brave||F|||50|]Gardevoir||Gardevoirite|Trace|HyperVoice,ExpandingForce,TrickRoom,Protect|Serious||F|||50|]Torkoal||Charcoal|Drought|Eruption,HeatWave,WeatherBall,Protect|Serious||M|||50|]Sinistcha||SitrusBerry|Hospitality|MatchaGotcha,RagePowder,LifeDew,TrickRoom|Serious|||||50|]Ariados||MuscleBand|Insomnia|RagePowder,Megahorn,StringShot,Protect|Serious||M|||50|
|showteam|p2|Eelektross||LifeOrb|Levitate|Thunderbolt,Flamethrower,Protect,GigaDrain|Modest||F|||50|]Sinistcha||OccaBerry|Hospitality|ShadowBall,MatchaGotcha,LifeDew,RagePowder|Modest|||||50|]Staraptor||Staraptite|Intimidate|CloseCombat,Roost,Protect,BraveBird|Jolly||F|||50|]Talonflame||FocusSash|GaleWings|DualWingbeat,FeatherDance,Protect,Tailwind|Adamant||M|||50|]Incineroar||SitrusBerry|Intimidate|FakeOut,FlareBlitz,PartingShot,DarkestLariat|Adamant||F|||50|]Garchomp||WideLens|SandVeil|RockSlide,DragonRush,Protect,Earthquake|Jolly||F|||50|
|inactive|Battle timer is ON: inactive players will automatically lose when time's up. (requested by the flow boii)
|inactive|TheGayOne420 has 60 seconds left.
|inactive|TheGayOne420 has 30 seconds left.
|inactive|TheGayOne420 has 20 seconds left.
|inactive|TheGayOne420 has 15 seconds left.
|
|t:|1785898603
|teamsize|p1|4
|teamsize|p2|4
|start
|switch|p1a: Meowstic|Meowstic, L50, M|100/100
|switch|p1b: Gardevoir|Gardevoir, L50, F|100/100
|switch|p2a: Staraptor|Staraptor, L50, F|100/100
|switch|p2b: Talonflame|Talonflame, L50, M|100/100
|-ability|p2a: Staraptor|Intimidate|boost
|-unboost|p1a: Meowstic|atk|1
|-unboost|p1b: Gardevoir|atk|1
|-ability|p1b: Gardevoir|Gale Wings|Trace|[from] ability: Trace|[of] p2b: Talonflame
|turn|1
|inactive|the flow boii has 30 seconds left.
|inactive|TheGayOne420 has 30 seconds left.
|
|t:|1785898633
|switch|p2a: Incineroar|Incineroar, L50, F|100/100
|-ability|p2a: Incineroar|Intimidate|boost
|-unboost|p1a: Meowstic|atk|1
|-unboost|p1b: Gardevoir|atk|1
|detailschange|p1b: Gardevoir|Gardevoir-Mega, L50, F
|-mega|p1b: Gardevoir|Gardevoir|Gardevoirite
|move|p2b: Talonflame|Protect|p2b: Talonflame
|-singleturn|p2b: Talonflame|Protect
|move|p1a: Meowstic|Fake Out|p2a: Incineroar
|-damage|p2a: Incineroar|97/100
|move|p1b: Gardevoir|Hyper Voice|p2a: Incineroar|[spread] p2a
|-activate|p2b: Talonflame|move: Protect
|-damage|p2a: Incineroar|55/100
|
|upkeep
|turn|2
|inactive|the flow boii has 30 seconds left.
|inactive|TheGayOne420 has 30 seconds left.
|inactive|TheGayOne420 has 20 seconds left.
|
|t:|1785898669
|move|p1b: Gardevoir|Protect|p1b: Gardevoir
|-singleturn|p1b: Gardevoir|Protect
|move|p2a: Incineroar|Fake Out|p1b: Gardevoir
|-activate|p1b: Gardevoir|move: Protect
|move|p2b: Talonflame|Dual Wingbeat|p1b: Gardevoir
|-activate|p1b: Gardevoir|move: Protect
|move|p1a: Meowstic|Psychic Terrain|p1a: Meowstic
|-fieldstart|move: Psychic Terrain
|
|upkeep
|turn|3
|inactive|TheGayOne420 has 30 seconds left.
|inactive|TheGayOne420 has 20 seconds left.
|
|t:|1785898706
|move|p2b: Talonflame|Tailwind|p2b: Talonflame
|-sidestart|p2: TheGayOne420|move: Tailwind
|move|p1a: Meowstic|Reflect|p1a: Meowstic
|-sidestart|p1: the flow boii|Reflect
|move|p2a: Incineroar|Darkest Lariat|p1a: Meowstic
|-supereffective|p1a: Meowstic|1
|-damage|p1a: Meowstic|38/100
|move|p1b: Gardevoir|Hyper Voice|p2b: Talonflame|[spread] p2a,p2b
|-resisted|p2b: Talonflame|1
|-crit|p2b: Talonflame
|-damage|p2a: Incineroar|11/100
|-damage|p2b: Talonflame|41/100
|-enditem|p2a: Incineroar|Sitrus Berry|[eat]
|-heal|p2a: Incineroar|36/100|[from] item: Sitrus Berry
|
|upkeep
|turn|4
|
|t:|1785898728
|move|p1a: Meowstic|Light Screen|p1a: Meowstic
|-sidestart|p1: the flow boii|move: Light Screen
|move|p2b: Talonflame|Dual Wingbeat|p1a: Meowstic
|-damage|p1a: Meowstic|25/100
|-damage|p1a: Meowstic|12/100
|-hitcount|p1a: Meowstic|2
|move|p2a: Incineroar|Flare Blitz|p1b: Gardevoir
|-damage|p1b: Gardevoir|41/100
|-damage|p2a: Incineroar|21/100|[from] Recoil
|move|p1b: Gardevoir|Hyper Voice|p2b: Talonflame|[spread] p2a,p2b
|-resisted|p2b: Talonflame|1
|-damage|p2a: Incineroar|0 fnt
|-damage|p2b: Talonflame|0 fnt
|faint|p2a: Incineroar
|faint|p2b: Talonflame
|
|upkeep
|
|t:|1785898742
|switch|p2b: Garchomp|Garchomp, L50, F|100/100
|switch|p2a: Staraptor|Staraptor, L50, F|100/100
|-ability|p2a: Staraptor|Intimidate|boost
|-unboost|p1a: Meowstic|atk|1
|-unboost|p1b: Gardevoir|atk|1
|turn|5
|
|t:|1785898762
|switch|p1a: Sinistcha|Sinistcha, L50|100/100
|-heal|p1b: Gardevoir|66/100|[from] ability: Hospitality|[of] p1a: Sinistcha
|detailschange|p2a: Staraptor|Staraptor-Mega, L50, F
|-mega|p2a: Staraptor|Staraptor|Staraptite
|move|p1b: Gardevoir|Protect|p1b: Gardevoir
|-singleturn|p1b: Gardevoir|Protect
|move|p2a: Staraptor|Brave Bird|p1b: Gardevoir
|-activate|p1b: Gardevoir|move: Protect
|move|p2b: Garchomp|Earthquake|p1a: Sinistcha|[spread] p1a
|-activate|p1b: Gardevoir|move: Protect
|-immune|p2a: Staraptor
|-resisted|p1a: Sinistcha|1
|-damage|p1a: Sinistcha|86/100
|
|upkeep
|turn|6
|inactive|the flow boii has 30 seconds left.
|inactive|TheGayOne420 has 30 seconds left.
|inactive|TheGayOne420 has 20 seconds left.
|
|t:|1785898801
|move|p2a: Staraptor|Brave Bird|p1a: Sinistcha
|-supereffective|p1a: Sinistcha|1
|-damage|p1a: Sinistcha|0 fnt
|faint|p1a: Sinistcha
|-damage|p2a: Staraptor|70/100|[from] Recoil
|move|p2b: Garchomp|Rock Slide|p1b: Gardevoir
|-damage|p1b: Gardevoir|35/100
|move|p1b: Gardevoir|Hyper Voice|p2a: Staraptor|[spread] p2a,p2b
|-supereffective|p2a: Staraptor|1
|-supereffective|p2b: Garchomp|1
|-damage|p2a: Staraptor|0 fnt
|-damage|p2b: Garchomp|0 fnt
|faint|p2a: Staraptor
|faint|p2b: Garchomp
|
|win|the flow boii
|inactive|the flow boii has 30 seconds to confirm battle start!
|inactive|TheGayOne420 has 30 seconds to confirm battle start!
||TheGayOne420 is ready for game 2.
|inactive|the flow boii has 20 seconds to confirm battle start!
||the flow boii is ready for game 2.
|uhtml|next|Next: Game 2 of 3
|l|☆the flow boii
|player|p1|
