|j|☆kengo19
|j|☆NorthernVGC
|html|kengo19NorthernVGC    
|uhtml|bestof|Game 2 of a best-of-3
|t:|1784590974
|gametype|doubles
|player|p1|kengo19|102|
|player|p2|NorthernVGC|sabrina|
|gen|9
|tier|[Gen 9 Champions] VGC 2026 Reg M-B (Bo3)
|rule|Species Clause: Limit one of each Pokémon
|rule|Item Clause: Limit 1 of each item
|clearpoke
|poke|p1|Meowstic, L50, M|
|poke|p1|Basculegion, L50, M|
|poke|p1|Archaludon, L50, F|
|poke|p1|Meganium, L50, M|
|poke|p1|Swampert, L50, M|
|poke|p1|Zoroark, L50, F|
|poke|p2|Scovillain, L50, F|
|poke|p2|Umbreon, L50, M|
|poke|p2|Froslass, L50, F|
|poke|p2|Aegislash, L50, F|
|poke|p2|Qwilfish, L50, F|
|poke|p2|Vivillon-Fancy, L50, M|
|teampreview|4
|showteam|p1|Meowstic||LightClay|Prankster|Psychic,Reflect,LightScreen,RainDance|Bold||M|||50|]Basculegion||LifeOrb|SwiftSwim|AquaJet,WaveCrash,HeadSmash,LastRespects|Adamant||M|||50|]Archaludon||FocusSash|Stalwart|ElectroShot,SteelBeam,DracoMeteor,Protect|Modest||F|||50|]Meganium||Meganiumite|Overgrow|SolarBeam,DazzlingGleam,WeatherBall,Protect|Modest||M|||50|]Swampert||Swampertite|Torrent|WaveCrash,HighHorsepower,IcePunch,Protect|Adamant||M|||50|]Zoroark||ChoiceScarf|Illusion|NightDaze,Flamethrower,BrickBreak,Uturn|Modest||F|||50|
|showteam|p2|Scovillain||Scovillainite|Moody|GigaDrain,RagePowder,LeechSeed,Protect|Bold||F|||50|]Umbreon||Leftovers|InnerFocus|Yawn,Protect,Wish,Snarl|Bold||M|||50|]Froslass||Froslassite|CursedBody|Blizzard,Protect,AuroraVeil,ShadowBall|Modest||F|||50|]Aegislash||LifeOrb|StanceChange|ShadowSneak,KingsShield,IronHead,SacredSword|Adamant||F|||50|]Qwilfish||ChoiceScarf|Intimidate|Acupressure,FlipTurn,IcyWind,Whirlpool|Jolly||F|||50|]Vivillon-Fancy||FocusSash|CompoundEyes|SleepPowder,Hurricane,RagePowder,SunnyDay|Timid||M|||50|
|
|t:|1784591021
|teamsize|p1|4
|teamsize|p2|4
|start
|switch|p1a: Meowstic|Meowstic, L50, M|100/100
|switch|p1b: Archaludon|Archaludon, L50, F|100/100
|switch|p2a: Scovillain|Scovillain, L50, F|100/100
|switch|p2b: Aegislash|Aegislash, L50, F|100/100
|turn|1
|
|t:|1784591038
|detailschange|p2a: Scovillain|Scovillain-Mega, L50, F
|-mega|p2a: Scovillain|Scovillain|Scovillainite
|move|p1b: Archaludon|Protect|p1b: Archaludon
|-singleturn|p1b: Archaludon|Protect
|move|p2a: Scovillain|Rage Powder|p2a: Scovillain
|-singleturn|p2a: Scovillain|move: Rage Powder
|move|p1a: Meowstic|Reflect|p1a: Meowstic
|-sidestart|p1: kengo19|Reflect
|-formechange|p2b: Aegislash|Aegislash-Blade|
|move|p2b: Aegislash|Sacred Sword|p1b: Archaludon
|-activate|p1b: Archaludon|move: Protect
|
|upkeep
|turn|2
|
|t:|1784591055
|move|p2a: Scovillain|Rage Powder|p2a: Scovillain
|-singleturn|p2a: Scovillain|move: Rage Powder
|move|p1a: Meowstic|Rain Dance|p1a: Meowstic
|-weather|RainDance
|move|p1b: Archaludon|Electro Shot||[still]
|-prepare|p1b: Archaludon|Electro Shot
|-boost|p1b: Archaludon|spa|1
|-anim|p1b: Archaludon|Electro Shot|p2b: Aegislash
|-damage|p2b: Aegislash|0 fnt
|faint|p2b: Aegislash
|
|-weather|RainDance|[upkeep]
|upkeep
|
|t:|1784591069
|switch|p2b: Umbreon|Umbreon, L50, M|100/100
|turn|3
|
|t:|1784591079
|move|p1a: Meowstic|Light Screen|p1a: Meowstic
|-sidestart|p1: kengo19|move: Light Screen
|move|p1b: Archaludon|Electro Shot||[still]
|-prepare|p1b: Archaludon|Electro Shot
|-boost|p1b: Archaludon|spa|1
|-anim|p1b: Archaludon|Electro Shot|p2b: Umbreon
|-damage|p2b: Umbreon|41/100
|move|p2a: Scovillain|Leech Seed|p1b: Archaludon
|-start|p1b: Archaludon|move: Leech Seed
|move|p2b: Umbreon|Snarl|p1a: Meowstic|[spread] p1a,p1b
|-supereffective|p1a: Meowstic|1
|-damage|p1a: Meowstic|88/100
|-damage|p1b: Archaludon|89/100
|-unboost|p1a: Meowstic|spa|1
|-unboost|p1b: Archaludon|spa|1
|
|-weather|RainDance|[upkeep]
|-heal|p2b: Umbreon|47/100|[from] item: Leftovers
|-damage|p1b: Archaludon|77/100|[from] Leech Seed|[of] p2a: Scovillain
|upkeep
|turn|4
|
|t:|1784591123
|move|p2b: Umbreon|Protect|p2b: Umbreon
|-singleturn|p2b: Umbreon|Protect
|move|p1b: Archaludon|Electro Shot||[still]
|-prepare|p1b: Archaludon|Electro Shot
|-boost|p1b: Archaludon|spa|1
|-anim|p1b: Archaludon|Electro Shot|p2b: Umbreon
|-activate|p2b: Umbreon|move: Protect
|move|p1a: Meowstic|Psychic|p2a: Scovillain
|-damage|p2a: Scovillain|81/100
|-status|p1a: Meowstic|brn|[from] ability: Spicy Spray|[of] p2a: Scovillain
|move|p2a: Scovillain|Giga Drain|p1b: Archaludon
|-resisted|p1b: Archaludon|2
|-damage|p1b: Archaludon|69/100
|-heal|p2a: Scovillain|86/100|[from] drain|[of] p1b: Archaludon
|
|-weather|RainDance|[upkeep]
|-heal|p2b: Umbreon|53/100|[from] item: Leftovers
|-damage|p1b: Archaludon|57/100|[from] Leech Seed|[of] p2a: Scovillain
|-heal|p2a: Scovillain|97/100|[silent]
|-damage|p1a: Meowstic|82/100 brn|[from] brn
|upkeep
|turn|5
|
|t:|1784591150
|move|p1b: Archaludon|Electro Shot||[still]
|-prepare|p1b: Archaludon|Electro Shot
|-boost|p1b: Archaludon|spa|1
|-anim|p1b: Archaludon|Electro Shot|p2b: Umbreon
|-damage|p2b: Umbreon|0 fnt
|faint|p2b: Umbreon
|move|p1a: Meowstic|Psychic|p2a: Scovillain
|-crit|p2a: Scovillain
|-damage|p2a: Scovillain|51/100
|move|p2a: Scovillain|Giga Drain|p1b: Archaludon
|-resisted|p1b: Archaludon|2
|-damage|p1b: Archaludon|48/100
|-heal|p2a: Scovillain|56/100|[from] drain|[of] p1b: Archaludon
|
|-weather|RainDance|[upkeep]
|-damage|p1b: Archaludon|36/100|[from] Leech Seed|[of] p2a: Scovillain
|-heal|p2a: Scovillain|68/100|[silent]
|-damage|p1a: Meowstic|76/100 brn|[from] brn
|upkeep
|
|t:|1784591167
|switch|p2b: Vivillon|Vivillon-Fancy, L50, M|100/100
|turn|6
|
|t:|1784591177
|move|p2b: Vivillon|Sleep Powder|p1b: Archaludon
|-status|p1b: Archaludon|slp|[from] move: Sleep Powder
|cant|p1b: Archaludon|slp
|move|p1a: Meowstic|Psychic|p2a: Scovillain
|-damage|p2a: Scovillain|50/100y
|move|p2a: Scovillain|Giga Drain|p1a: Meowstic
|-damage|p1a: Meowstic|53/100 brn
|-heal|p2a: Scovillain|62/100|[from] drain|[of] p1a: Meowstic
|
|-weather|none
|-damage|p1b: Archaludon|24/100 slp|[from] Leech Seed|[of] p2a: Scovillain
|-heal|p2a: Scovillain|73/100|[silent]
|-damage|p1a: Meowstic|46/100 brn|[from] brn
|upkeep
|turn|7
|
|t:|1784591213
|move|p2b: Vivillon|Hurricane|p1a: Meowstic
|-damage|p1a: Meowstic|16/100 brn
|cant|p1b: Archaludon|slp
|move|p1a: Meowstic|Psychic|p2a: Scovillain
|-damage|p2a: Scovillain|54/100
|-unboost|p2a: Scovillain|spd|1
|move|p2a: Scovillain|Giga Drain|p1b: Archaludon
|-resisted|p1b: Archaludon|2
|-damage|p1b: Archaludon|15/100 slp
|-heal|p2a: Scovillain|58/100|[from] drain|[of] p1b: Archaludon
|
|-damage|p1b: Archaludon|3/100 slp|[from] Leech Seed|[of] p2a: Scovillain
|-heal|p2a: Scovillain|70/100|[silent]
|-damage|p1a: Meowstic|10/100 brn|[from] brn
|upkeep
|turn|8
|
|t:|1784591235
|move|p2a: Scovillain|Protect|p2a: Scovillain
|-singleturn|p2a: Scovillain|Protect
|move|p2b: Vivillon|Hurricane|p1a: Meowstic
|-damage|p1a: Meowstic|0 fnt
|faint|p1a: Meowstic
|-curestatus|p1b: Archaludon|slp|[msg]
|move|p1b: Archaludon|Electro Shot||[still]
|-prepare|p1b: Archaludon|Electro Shot
|-boost|p1b: Archaludon|spa|1
|
|-damage|p1b: Archaludon|0 fnt|[from] Leech Seed|[of] p2a: Scovillain
|-heal|p2a: Scovillain|73/100|[silent]
|faint|p1b: Archaludon
|-sideend|p1: kengo19|Reflect
|upkeep
|
|t:|1784591254
|switch|p1b: Basculegion|Basculegion, L50, M|100/100
|switch|p1a: Swampert|Swampert, L50, M|100/100
|turn|9
|
|t:|1784591294
|detailschange|p1a: Swampert|Swampert-Mega, L50, M
|-mega|p1a: Swampert|Swampert|Swampertite
|move|p1a: Swampert|Protect|p1a: Swampert
|-singleturn|p1a: Swampert|Protect
|move|p2b: Vivillon|Sleep Powder|p1b: Basculegion
|-status|p1b: Basculegion|slp|[from] move: Sleep Powder
|cant|p1b: Basculegion|slp
|move|p2a: Scovillain|Giga Drain|p1a: Swampert
|-activate|p1a: Swampert|move: Protect
|
|upkeep
|turn|10
|
|t:|1784591330
|move|p2a: Scovillain|Protect|p2a: Scovillain
|-singleturn|p2a: Scovillain|Protect
|move|p2b: Vivillon|Hurricane|p1b: Basculegion
|-damage|p1b: Basculegion|65/100 slp
|cant|p1b: Basculegion|slp
|move|p1a: Swampert|Ice Punch|p2b: Vivillon
|-supereffective|p2b: Vivillon|1
|-enditem|p2b: Vivillon|Focus Sash
|-damage|p2b: Vivillon|1/100
|
|-sideend|p1: kengo19|move: Light Screen
|upkeep
|turn|11
|
|t:|1784591375
|-curestatus|p1b: Basculegion|slp|[msg]
|move|p1b: Basculegion|Aqua Jet|p2b: Vivillon
|-damage|p2b: Vivillon|0 fnt
|faint|p2b: Vivillon
|-damage|p1b: Basculegion|55/100|[from] item: Life Orb
|move|p1a: Swampert|Wave Crash|p2a: Scovillain
|-damage|p2a: Scovillain|1/100
|-status|p1a: Swampert|brn|[from] ability: Spicy Spray|[of] p2a: Scovillain
|-damage|p1a: Swampert|76/100 brn|[from] Recoil
|move|p2a: Scovillain|Giga Drain|p1a: Swampert
|-supereffective|p1a: Swampert|2
|-damage|p1a: Swampert|0 fnt
|-heal|p2a: Scovillain|40/100|[from] drain|[of] p1a: Swampert
|faint|p1a: Swampert
|
|upkeep
|turn|12
|
|t:|1784591394
|move|p2a: Scovillain|Protect|p2a: Scovillain
|-singleturn|p2a: Scovillain|Protect
|move|p1b: Basculegion|Head Smash|p2a: Scovillain
|-activate|p2a: Scovillain|move: Protect
|
|upkeep
|turn|13
|
|t:|1784591406
|move|p1b: Basculegion|Last Respects|p2a: Scovillain
|-damage|p2a: Scovillain|0 fnt
|-status|p1b: Basculegion|brn|[from] ability: Spicy Spray|[of] p2a: Scovillain
|faint|p2a: Scovillain
|-damage|p1b: Basculegion|46/100 brn|[from] item: Life Orb
|
|win|kengo19
||NorthernVGC is ready for game 3.
||kengo19 is ready for game 3.
|uhtml|next|Next: Game 3 of 3
