|j|☆dialghite
|j|☆Sonja Hilmer
|html|dialghiteSonja Hilmer    
|uhtml|bestof|Game 1 of a best-of-3
|t:|1756731600
|gametype|doubles
|player|p1|dialghite|volkner|1414
|player|p2|Sonja Hilmer|lady|1596
|gen|9
|tier|[Gen 9] VGC 2025 Reg H (Bo3)
|rated|
|rule|Species Clause: Limit one of each Pokémon
|rule|Item Clause: Limit 1 of each item
|clearpoke
|poke|p1|Whimsicott, L50, M|
|poke|p1|Corviknight, L50, F|
|poke|p1|Indeedee, L50, M|
|poke|p1|Sneasler, L50, M|
|poke|p1|Ursaluna-Bloodmoon, L50, M|
|poke|p1|Archaludon, L50, F|
|poke|p2|Dachsbun, L50, M|
|poke|p2|Typhlosion-Hisui, L50, F|
|poke|p2|Kingambit, L50, M|
|poke|p2|Jumpluff, L50, M|
|poke|p2|Rillaboom, L50, M|
|poke|p2|Torkoal, L50, F|
|teampreview|4
|showteam|p1|Whimsicott||CovertCloak|Prankster|Moonblast,Taunt,Tailwind,FakeTears|||M|||50|,,,,,Water]Corviknight||Leftovers|MirrorArmor|BraveBird,BodyPress,Tailwind,BulkUp|||F|||50|,,,,,Dragon]Indeedee||FocusSash|PsychicSurge|ExpandingForce,TeraBlast,Imprison,TrickRoom|||M|||50|,,,,,Psychic]Sneasler||PsychicSeed|Unburden|CloseCombat,DireClaw,ThroatChop,Protect|||M|||50|,,,,,Dark]Ursaluna-Bloodmoon||LifeOrb|MindsEye|HyperVoice,BloodMoon,EarthPower,Protect|||M|||50|,,,,,Normal]Archaludon||PowerHerb|Stalwart|ElectroShot,DragonPulse,Thunderbolt,Protect|||F|||50|,,,,,Electric
|showteam|p2|Dachsbun||Leftovers|WellBakedBody|BodyPress,Snarl,HelpingHand,Protect|||M|||50|,,,,,Steel]Typhlosion-Hisui||ChoiceSpecs|Blaze|Eruption,LavaPlume,Overheat,ShadowBall|||F|||50|,,,,,Fire]Kingambit||SafetyGoggles|Defiant|Protect,KowtowCleave,SuckerPunch,SwordsDance|||M|||50|,,,,,Dark]Jumpluff||CovertCloak|Chlorophyll|SleepPowder,SunnyDay,RagePowder,Tailwind|||M|||50|,,,,,Water]Rillaboom||AssaultVest|GrassySurge|WoodHammer,GrassyGlide,FakeOut,HighHorsepower|||M|||50|,,,,,Water]Torkoal||SitrusBerry|Drought|HeatWave,LavaPlume,ClearSmog,Protect|||F|||50|,,,,,Fairy
|inactive|Battle timer is ON: inactive players will automatically lose when time's up. (requested by Sonja Hilmer)
|inactive|dialghite also wants the timer to be on.
|inactive|Sonja Hilmer has 60 seconds left.
|
|t:|1756731647
|teamsize|p1|4
|teamsize|p2|4
|start
|switch|p1a: Whimsicott|Whimsicott, L50, M|100/100
|switch|p1b: Ursaluna|Ursaluna-Bloodmoon, L50, M|100/100
|switch|p2a: Rillaboom|Rillaboom, L50, M|100/100
|switch|p2b: Torkoal|Torkoal, L50, F|100/100
|-fieldstart|move: Grassy Terrain|[from] ability: Grassy Surge|[of] p2a: Rillaboom
|-weather|SunnyDay|[from] ability: Drought|[of] p2b: Torkoal
|turn|1
|
|t:|1756731659
|move|p1b: Ursaluna|Protect|p1b: Ursaluna
|-singleturn|p1b: Ursaluna|Protect
|move|p2a: Rillaboom|Fake Out|p1b: Ursaluna
|-activate|p1b: Ursaluna|move: Protect
|move|p1a: Whimsicott|Tailwind|p1a: Whimsicott
|-sidestart|p1: dialghite|move: Tailwind
|move|p2b: Torkoal|Heat Wave|p1b: Ursaluna|[spread] p1a
|-activate|p1b: Ursaluna|move: Protect
|-supereffective|p1a: Whimsicott
|-damage|p1a: Whimsicott|24/100
|
|-weather|SunnyDay|[upkeep]
|-heal|p1a: Whimsicott|29/100|[from] Grassy Terrain
|upkeep
|turn|2
|
|t:|1756731676
|-terastallize|p1b: Ursaluna|Normal
|move|p1a: Whimsicott|Fake Tears|p2a: Rillaboom
|-unboost|p2a: Rillaboom|spd|2
|move|p2a: Rillaboom|Grassy Glide|p1b: Ursaluna
|-damage|p1b: Ursaluna|73/100
|move|p1b: Ursaluna|Blood Moon|p2a: Rillaboom
|-damage|p2a: Rillaboom|0 fnt
|faint|p2a: Rillaboom
|-damage|p1b: Ursaluna|63/100|[from] item: Life Orb
|move|p2b: Torkoal|Heat Wave|p1b: Ursaluna|[spread] p1a
|-miss|p2b: Torkoal|p1b: Ursaluna
|-supereffective|p1a: Whimsicott
|-crit|p1a: Whimsicott
|-damage|p1a: Whimsicott|0 fnt
|faint|p1a: Whimsicott
|
|-weather|SunnyDay|[upkeep]
|-heal|p1b: Ursaluna|69/100|[from] Grassy Terrain
|upkeep
|
|t:|1756731691
|switch|p1a: Indeedee|Indeedee, L50, M|100/100
|switch|p2a: Dachsbun|Dachsbun, L50, M|100/100
|-fieldstart|move: Psychic Terrain|[from] ability: Psychic Surge|[of] p1a: Indeedee
|turn|3
|
|t:|1756731700
|move|p2a: Dachsbun|Protect|p2a: Dachsbun
|-singleturn|p2a: Dachsbun|Protect
|move|p2b: Torkoal|Protect|p2b: Torkoal
|-singleturn|p2b: Torkoal|Protect
|move|p1a: Indeedee|Expanding Force|p2b: Torkoal|[spread] 
|-activate|p2a: Dachsbun|move: Protect
|-activate|p2b: Torkoal|move: Protect
|move|p1b: Ursaluna|Hyper Voice|p2b: Torkoal|[spread] 
|-activate|p2a: Dachsbun|move: Protect
|-activate|p2b: Torkoal|move: Protect
|
|-weather|SunnyDay|[upkeep]
|upkeep
|turn|4
|
|t:|1756731706
|-terastallize|p2a: Dachsbun|Steel
|move|p1a: Indeedee|Expanding Force|p2b: Torkoal|[spread] p2a,p2b
|-resisted|p2a: Dachsbun
|-damage|p2a: Dachsbun|66/100
|-damage|p2b: Torkoal|48/100
|-enditem|p2b: Torkoal|Sitrus Berry|[eat]
|-heal|p2b: Torkoal|73/100|[from] item: Sitrus Berry
|move|p1b: Ursaluna|Earth Power|p2a: Dachsbun
|-supereffective|p2a: Dachsbun
|-damage|p2a: Dachsbun|0 fnt
|faint|p2a: Dachsbun
|-damage|p1b: Ursaluna|60/100|[from] item: Life Orb
|move|p2b: Torkoal|Lava Plume|p1a: Indeedee|[spread] p1a,p1b
|-damage|p1a: Indeedee|65/100
|-damage|p1b: Ursaluna|22/100
|
|-weather|SunnyDay|[upkeep]
|-sideend|p1: dialghite|move: Tailwind
|upkeep
|
|t:|1756731715
|switch|p2a: Typhlosion|Typhlosion-Hisui, L50, F|100/100
|turn|5
|
|t:|1756731728
|move|p1b: Ursaluna|Protect|p1b: Ursaluna
|-singleturn|p1b: Ursaluna|Protect
|move|p1a: Indeedee|Expanding Force|p2b: Torkoal|[spread] p2a,p2b
|-damage|p2a: Typhlosion|32/100
|-damage|p2b: Torkoal|14/100
|move|p2a: Typhlosion|Eruption|p1b: Ursaluna|[spread] p1a
|-activate|p1b: Ursaluna|move: Protect
|-damage|p1a: Indeedee|0 fnt
|faint|p1a: Indeedee
|move|p2b: Torkoal|Heat Wave|p1b: Ursaluna
|-activate|p1b: Ursaluna|move: Protect
|
|-weather|none
|upkeep
|
|t:|1756731733
|switch|p1a: Sneasler|Sneasler, L50, M|100/100
|-enditem|p1a: Sneasler|Psychic Seed
|-boost|p1a: Sneasler|spd|1|[from] item: Psychic Seed
|turn|6
|-message|Sonja Hilmer forfeited.
|
|win|dialghite
