|j|☆TheMMalt
|j|☆lordtentacle69
|html|TheMMaltlordtentacle69    
|uhtml|bestof|Game 3 of a best-of-3
|t:|1782974509
|gametype|doubles
|player|p1|TheMMalt|doctor|1215
|player|p2|lordtentacle69|corbeau|1156
|gen|9
|tier|[Gen 9 Champions] VGC 2026 Reg M-B (Bo3)
|rated|
|rule|Species Clause: Limit one of each Pokémon
|rule|Item Clause: Limit 1 of each item
|clearpoke
|poke|p1|Grimmsnarl, L50, M|
|poke|p1|Metagross, L50|
|poke|p1|Hydreigon, L50, M|
|poke|p1|Toxapex, L50, F, shiny|
|poke|p1|Charizard, L50, M|
|poke|p1|Garchomp, L50, M|
|poke|p2|Aerodactyl, L50, F|
|poke|p2|Charizard, L50, M|
|poke|p2|Kingambit, L50, M|
|poke|p2|Sylveon, L50, M|
|poke|p2|Farigiraf, L50, M|
|poke|p2|Garchomp, L50, F|
|teampreview|4
|showteam|p1|Grimmsnarl||LightClay|Prankster|Reflect,LightScreen,FakeOut,FoulPlay|Sassy||M|||50|]Metagross||Metagrossite|ClearBody|Protect,IronHead,HammerArm,BulletPunch|Adamant|||||50|]Hydreigon||ChoiceScarf|Levitate|HeatWave,Snarl,DarkPulse,DracoMeteor|Modest||M|||50|]Toxapex||Leftovers|Regenerator|Toxic,Infestation,BanefulBunker,WideGuard|Bold||F|||50|]Charizard||CharizarditeY|Blaze|Protect,HeatWave,SolarBeam,WeatherBall|Timid||M|||50|]Garchomp||SitrusBerry|RoughSkin|Protect,Earthquake,DragonClaw,RockSlide|Adamant||M|||50|
|showteam|p2|Aerodactyl||Aerodactylite|Unnerve|RockSlide,DualWingbeat,IceFang,Tailwind|Jolly||F|||50|]Charizard||CharizarditeY|Blaze|HeatWave,Protect,SolarBeam,WeatherBall|Modest||M|||50|]Kingambit||FocusSash|Defiant|KowtowCleave,SuckerPunch,LowKick,IronHead|Adamant||M|||50|]Sylveon||FairyFeather|Pixilate|HyperVoice,HyperBeam,QuickAttack,Protect|Modest||M|||50|]Farigiraf||SitrusBerry|ArmorTail|Psychic,Protect,TrickRoom,Thunderbolt|Bold||M|||50|]Garchomp||LifeOrb|RoughSkin|Earthquake,StompingTantrum,DragonClaw,Protect|Jolly||F|||50|
|
|t:|1782974550
|teamsize|p1|4
|teamsize|p2|4
|start
|switch|p1a: Metagross|Metagross, L50|100/100
|switch|p1b: Grimmsnarl|Grimmsnarl, L50, M|100/100
|switch|p2a: Sylveon|Sylveon, L50, M|100/100
|switch|p2b: Farigiraf|Farigiraf, L50, M|100/100
|turn|1
|
|t:|1782974580
|switch|p2a: Garchomp|Garchomp, L50, F|100/100
|detailschange|p1a: Metagross|Metagross-Mega, L50
|-mega|p1a: Metagross|Metagross|Metagrossite
|move|p1b: Grimmsnarl|Light Screen|p1b: Grimmsnarl
|-sidestart|p1: TheMMalt|move: Light Screen
|move|p1a: Metagross|Hammer Arm|p2a: Garchomp
|-damage|p2a: Garchomp|43/100
|-unboost|p1a: Metagross|spe|1
|-damage|p1a: Metagross|87/100|[from] ability: Rough Skin|[of] p2a: Garchomp
|move|p2b: Farigiraf|Trick Room|p2b: Farigiraf
|-fieldstart|move: Trick Room|[of] p2b: Farigiraf
|
|upkeep
|turn|2
|
|t:|1782974605
|move|p1b: Grimmsnarl|Foul Play|p2b: Farigiraf
|-supereffective|p2b: Farigiraf|1
|-damage|p2b: Farigiraf|61/100
|move|p2b: Farigiraf|Thunderbolt|p1a: Metagross
|-damage|p1a: Metagross|73/100
|move|p1a: Metagross|Hammer Arm|p2a: Garchomp
|-crit|p2a: Garchomp
|-damage|p2a: Garchomp|0 fnt
|-unboost|p1a: Metagross|spe|1
|-damage|p1a: Metagross|61/100|[from] ability: Rough Skin|[of] p2a: Garchomp
|faint|p2a: Garchomp
|
|upkeep
|
|t:|1782974616
|switch|p2a: Kingambit|Kingambit, L50, M|100/100
|turn|3
|
|t:|1782974631
|switch|p2b: Sylveon|Sylveon, L50, M|100/100
|move|p1a: Metagross|Protect|p1a: Metagross
|-singleturn|p1a: Metagross|Protect
|move|p1b: Grimmsnarl|Reflect|p1b: Grimmsnarl
|-sidestart|p1: TheMMalt|Reflect
|move|p2a: Kingambit|Sucker Punch||[still]
|-fail|p2a: Kingambit
|
|upkeep
|turn|4
|
|t:|1782974676
|move|p2a: Kingambit|Sucker Punch|p1a: Metagross
|-supereffective|p1a: Metagross|1
|-damage|p1a: Metagross|24/100
|move|p1a: Metagross|Hammer Arm|p2a: Kingambit|[miss]
|-miss|p1a: Metagross|p2a: Kingambit
|move|p1b: Grimmsnarl|Foul Play|p2a: Kingambit
|-resisted|p2a: Kingambit|1
|-damage|p2a: Kingambit|76/100
|move|p2b: Sylveon|Hyper Voice|p1b: Grimmsnarl|[spread] p1a,p1b
|-resisted|p1a: Metagross|1
|-supereffective|p1b: Grimmsnarl|1
|-damage|p1a: Metagross|8/100
|-damage|p1b: Grimmsnarl|41/100
|
|upkeep
|turn|5
|
|t:|1782974706
|switch|p1b: Toxapex|Toxapex, L50, F, shiny|100/100
|switch|p2a: Farigiraf|Farigiraf, L50, M|61/100
|move|p1a: Metagross|Bullet Punch||[still]
|cant|p2a: Farigiraf|ability: Armor Tail|Bullet Punch|[of] p1a: Metagross
|move|p2b: Sylveon|Hyper Voice|p1b: Toxapex|[spread] p1a,p1b
|-resisted|p1a: Metagross|1
|-resisted|p1b: Toxapex|1
|-damage|p1a: Metagross|0 fnt
|-damage|p1b: Toxapex|88/100
|faint|p1a: Metagross
|
|-heal|p1b: Toxapex|94/100|[from] item: Leftovers
|-fieldend|move: Trick Room
|upkeep
|
|t:|1782974728
|switch|p1a: Grimmsnarl|Grimmsnarl, L50, M|41/100
|turn|6
|
|t:|1782974748
|move|p2b: Sylveon|Hyper Voice|p1b: Toxapex|[spread] p1a,p1b
|-supereffective|p1a: Grimmsnarl|1
|-resisted|p1b: Toxapex|1
|-damage|p1a: Grimmsnarl|0 fnt
|-damage|p1b: Toxapex|82/100
|faint|p1a: Grimmsnarl
|move|p2a: Farigiraf|Psychic|p1b: Toxapex
|-supereffective|p1b: Toxapex|1
|-damage|p1b: Toxapex|49/100
|move|p1b: Toxapex|Toxic|p2b: Sylveon
|-status|p2b: Sylveon|tox
|
|-heal|p1b: Toxapex|54/100|[from] item: Leftovers
|-damage|p2b: Sylveon|93/100 tox|[from] psn
|upkeep
|
|t:|1782974751
|switch|p1a: Hydreigon|Hydreigon, L50, M|100/100
|turn|7
|
|t:|1782974768
|move|p2a: Farigiraf|Protect|p2a: Farigiraf
|-singleturn|p2a: Farigiraf|Protect
|move|p1a: Hydreigon|Dark Pulse|p2b: Sylveon
|-resisted|p2b: Sylveon|1
|-damage|p2b: Sylveon|77/100 tox
|move|p2b: Sylveon|Hyper Beam|p1a: Hydreigon
|-supereffective|p1a: Hydreigon|2
|-damage|p1a: Hydreigon|0 fnt
|-mustrecharge|p2b: Sylveon
|faint|p1a: Hydreigon
|move|p1b: Toxapex|Toxic|p2a: Farigiraf
|-activate|p2a: Farigiraf|move: Protect
|
|-heal|p1b: Toxapex|60/100|[from] item: Leftovers
|-damage|p2b: Sylveon|64/100 tox|[from] psn
|upkeep
|turn|8
|
|t:|1782974783
|cant|p2b: Sylveon|recharge
|move|p2a: Farigiraf|Psychic|p1b: Toxapex
|-supereffective|p1b: Toxapex|1
|-damage|p1b: Toxapex|26/100
|move|p1b: Toxapex|Toxic|p2a: Farigiraf
|-status|p2a: Farigiraf|tox
|
|-heal|p1b: Toxapex|32/100|[from] item: Leftovers
|-damage|p2b: Sylveon|46/100 tox|[from] psn
|-damage|p2a: Farigiraf|56/100 tox|[from] psn
|-sideend|p1: TheMMalt|move: Light Screen
|upkeep
|turn|9
|
|t:|1782974792
|move|p1b: Toxapex|Baneful Bunker|p1b: Toxapex
|-singleturn|p1b: Toxapex|move: Protect
|move|p2b: Sylveon|Hyper Voice|p1b: Toxapex
|-activate|p1b: Toxapex|move: Protect
|move|p2a: Farigiraf|Psychic|p1b: Toxapex
|-activate|p1b: Toxapex|move: Protect
|
|-heal|p1b: Toxapex|38/100|[from] item: Leftovers
|-damage|p2b: Sylveon|21/100 tox|[from] psn
|-damage|p2a: Farigiraf|44/100 tox|[from] psn
|upkeep
|-enditem|p2a: Farigiraf|Sitrus Berry|[eat]
|-heal|p2a: Farigiraf|69/100 tox|[from] item: Sitrus Berry
|turn|10
|
|t:|1782974796
|move|p2b: Sylveon|Hyper Beam|p1b: Toxapex
|-resisted|p1b: Toxapex|1
|-damage|p1b: Toxapex|0 fnt
|-mustrecharge|p2b: Sylveon
|faint|p1b: Toxapex
|
|win|lordtentacle69
|raw|TheMMalt's rating: 1215 → 1186(-29 for losing)
|raw|lordtentacle69's rating: 1156 → 1185(+29 for winning)
