|j|☆MuseigenTest
|j|☆zaharba
|html|MuseigenTestzaharba    
|uhtml|bestof|Game 1 of a best-of-3
|t:|1782252348
|gametype|doubles
|player|p1|MuseigenTest|102|1000
|player|p2|zaharba|265|1055
|gen|9
|tier|[Gen 9 Champions] VGC 2026 Reg M-B (Bo3)
|rated|
|rule|Species Clause: Limit one of each Pokémon
|rule|Item Clause: Limit 1 of each item
|clearpoke
|poke|p1|Sinistcha, L50, shiny|
|poke|p1|Incineroar, L50, M, shiny|
|poke|p1|Milotic, L50, F|
|poke|p1|Metagross, L50|
|poke|p1|Floette-Eternal, L50, F|
|poke|p1|Ceruledge, L50, M, shiny|
|poke|p2|Raichu, L50, F|
|poke|p2|Gholdengo, L50, shiny|
|poke|p2|Ninetales-Alola, L50, F|
|poke|p2|Talonflame, L50, F|
|poke|p2|Roserade, L50, F|
|poke|p2|Aurorus, L50, F|
|teampreview|4
|showteam|p1|Sinistcha||KasibBerry|Hospitality|Protect,RagePowder,MatchaGotcha,LifeDew|Calm|||||50|]Incineroar||SitrusBerry|Intimidate|FakeOut,ThroatChop,FlareBlitz,PartingShot|Impish||M|||50|]Milotic||Leftovers|Competitive|Coil,MuddyWater,Hypnosis,Protect|Bold||F|||50|]Metagross||Metagrossite|ClearBody|PsychicFangs,IronHead,StompingTantrum,Protect|Adamant|||||50|]Floette-Eternal||Floettite|FlowerVeil|Protect,DrainingKiss,CalmMind,DazzlingGleam|Timid||F|||50|]Ceruledge||ColburBerry|FlashFire|BulkUp,Protect,ShadowSneak,BitterBlade|Adamant||M|||50|
|showteam|p2|Raichu||RaichuniteY|LightningRod|ZapCannon,HelpingHand,FocusBlast,FakeOut|Timid||F|||50|]Gholdengo||WhiteHerb|GoodasGold|MakeItRain,Hex,Protect,PowerGem|Naive|||||50|]Ninetales-Alola||LightClay|SnowWarning|AuroraVeil,FreezeDry,IcyWind,Encore|Timid||F|||50|]Talonflame||LifeOrb|GaleWings|Tailwind,BraveBird,FlareBlitz,Whirlwind|Jolly||F|||50|]Roserade||ChoiceScarf|PoisonPoint|SleepPowder,LeafStorm,SludgeBomb,DazzlingGleam|Timid||F|||50|]Aurorus||FocusSash|Refrigerate|HyperVoice,Protect,AncientPower,EarthPower|Modest||F|||50|
|inactive|Battle timer is ON: inactive players will automatically lose when time's up. (requested by zaharba)
|inactive|MuseigenTest also wants the timer to be on.
|c|☆MuseigenTest|gl hf
|inactive|MuseigenTest has 60 seconds left.
|inactive|zaharba has 60 seconds left.
|inactive|MuseigenTest has 30 seconds left.
|inactive|MuseigenTest has 20 seconds left.
|inactive|MuseigenTest has 15 seconds left.
|inactive|MuseigenTest has 10 seconds left.
|inactive|MuseigenTest has 5 seconds left.
|
|t:|1782252435
|teamsize|p1|4
|teamsize|p2|4
|start
|switch|p1a: Incineroar|Incineroar, L50, M, shiny|100/100
|switch|p1b: Metagross|Metagross, L50|100/100
|switch|p2a: Raichu|Raichu, L50, F|100/100
|switch|p2b: Roserade|Roserade, L50, F|100/100
|-ability|p1a: Incineroar|Intimidate|boost
|-unboost|p2a: Raichu|atk|1
|-unboost|p2b: Roserade|atk|1
|turn|1
|
|t:|1782252454
|detailschange|p2a: Raichu|Raichu-Mega-Y, L50, F
|-mega|p2a: Raichu|Raichu|Raichunite Y
|detailschange|p1b: Metagross|Metagross-Mega, L50
|-mega|p1b: Metagross|Metagross|Metagrossite
|move|p2a: Raichu|Fake Out|p1a: Incineroar
|-damage|p1a: Incineroar|95/100
|cant|p1a: Incineroar|flinch
|move|p2b: Roserade|Sleep Powder|p1b: Metagross
|-status|p1b: Metagross|slp|[from] move: Sleep Powder
|cant|p1b: Metagross|slp
|
|upkeep
|turn|2
|
|t:|1782252473
|switch|p1a: Sinistcha|Sinistcha, L50, shiny|100/100
|move|p2b: Roserade|Sleep Powder|p1a: Sinistcha
|-immune|p1a: Sinistcha
|move|p2a: Raichu|Zap Cannon|p1b: Metagross
|-damage|p1b: Metagross|18/100 slp
|cant|p1b: Metagross|slp
|
|upkeep
|turn|3
|
|t:|1782252498
|switch|p2b: Ninetales|Ninetales-Alola, L50, F|100/100
|-weather|Snowscape|[from] ability: Snow Warning|[of] p2b: Ninetales
|move|p1a: Sinistcha|Rage Powder|p1a: Sinistcha
|-singleturn|p1a: Sinistcha|move: Rage Powder
|move|p2a: Raichu|Zap Cannon|p1a: Sinistcha
|-resisted|p1a: Sinistcha|1
|-damage|p1a: Sinistcha|64/100
|-status|p1a: Sinistcha|par
|-curestatus|p1b: Metagross|slp|[msg]
|move|p1b: Metagross|Stomping Tantrum|p2a: Raichu
|-supereffective|p2a: Raichu|1
|-damage|p2a: Raichu|0 fnt
|faint|p2a: Raichu
|
|-weather|Snowscape|[upkeep]
|upkeep
|
|t:|1782252514
|switch|p2a: Aurorus|Aurorus, L50, F|100/100
|turn|4
|
|t:|1782252538
|switch|p1a: Incineroar|Incineroar, L50, M, shiny|95/100
|-ability|p1a: Incineroar|Intimidate|boost
|-unboost|p2a: Aurorus|atk|1
|-unboost|p2b: Ninetales|atk|1
|move|p1b: Metagross|Protect|p1b: Metagross
|-singleturn|p1b: Metagross|Protect
|move|p2a: Aurorus|Protect|p2a: Aurorus
|-singleturn|p2a: Aurorus|Protect
|move|p2b: Ninetales|Aurora Veil|p2b: Ninetales
|-sidestart|p2: zaharba|move: Aurora Veil
|
|-weather|Snowscape|[upkeep]
|upkeep
|turn|5
|inactive|MuseigenTest has 30 seconds left.
|
|t:|1782252567
|move|p1a: Incineroar|Fake Out|p2b: Ninetales
|-damage|p2b: Ninetales|93/100
|cant|p2b: Ninetales|flinch
|move|p1b: Metagross|Iron Head|p2a: Aurorus
|-supereffective|p2a: Aurorus|2
|-enditem|p2a: Aurorus|Focus Sash
|-damage|p2a: Aurorus|1/100
|move|p2a: Aurorus|Earth Power|p1a: Incineroar
|-supereffective|p1a: Incineroar|1
|-damage|p1a: Incineroar|44/100
|-enditem|p1a: Incineroar|Sitrus Berry|[eat]
|-heal|p1a: Incineroar|68/100|[from] item: Sitrus Berry
|
|-weather|Snowscape|[upkeep]
|upkeep
|turn|6
|inactive|MuseigenTest has 30 seconds left.
|inactive|MuseigenTest has 20 seconds left.
|inactive|MuseigenTest has 15 seconds left.
|
|t:|1782252608
|move|p1b: Metagross|Protect|p1b: Metagross
|-singleturn|p1b: Metagross|Protect
|move|p2a: Aurorus|Protect|p2a: Aurorus
|-singleturn|p2a: Aurorus|Protect
|move|p2b: Ninetales|Encore|p1a: Incineroar
|-start|p1a: Incineroar|Encore
|move|p1a: Incineroar|Fake Out||[still]
|-hint|Fake Out only works on your first turn out.
|-fail|p1a: Incineroar
|
|-weather|Snowscape|[upkeep]
|upkeep
|turn|7
|inactive|MuseigenTest has 30 seconds left.
|
|t:|1782252639
|switch|p1b: Sinistcha|Sinistcha, L50, shiny|64/100 par
|-heal|p1a: Incineroar|93/100|[from] ability: Hospitality|[of] p1b: Sinistcha
|switch|p1a: Ceruledge|Ceruledge, L50, M, shiny|100/100
|move|p2b: Ninetales|Encore||[still]
|-fail|p2b: Ninetales
|move|p2a: Aurorus|Earth Power|p1b: Sinistcha
|-resisted|p1b: Sinistcha|1
|-damage|p1b: Sinistcha|50/100g par
|
|-weather|none
|upkeep
|turn|8
|inactive|MuseigenTest has 30 seconds left.
|
|t:|1782252669
|switch|p1b: Incineroar|Incineroar, L50, M, shiny|93/100
|-ability|p1b: Incineroar|Intimidate|boost
|-unboost|p2a: Aurorus|atk|1
|-unboost|p2b: Ninetales|atk|1
|move|p2a: Aurorus|Protect|p2a: Aurorus
|-singleturn|p2a: Aurorus|Protect
|move|p2b: Ninetales|Icy Wind|p1b: Incineroar|[spread] p1a,p1b
|-resisted|p1a: Ceruledge|1
|-resisted|p1b: Incineroar|1
|-damage|p1a: Ceruledge|92/100
|-damage|p1b: Incineroar|87/100
|-unboost|p1a: Ceruledge|spe|1
|-unboost|p1b: Incineroar|spe|1
|move|p1a: Ceruledge|Bitter Blade|p2b: Ninetales
|-supereffective|p2b: Ninetales|1
|-damage|p2b: Ninetales|8/100
|-heal|p1a: Ceruledge|100/100|[from] drain|[of] p2b: Ninetales
|
|upkeep
|turn|9
|inactive|MuseigenTest has 30 seconds left.
|
|t:|1782252701
|switch|p2a: Roserade|Roserade, L50, F|100/100
|move|p1b: Incineroar|Fake Out|p2a: Roserade
|-damage|p2a: Roserade|86/100
|-status|p1b: Incineroar|psn|[from] ability: Poison Point|[of] p2a: Roserade
|move|p2b: Ninetales|Encore|p1b: Incineroar
|-start|p1b: Incineroar|Encore
|move|p1a: Ceruledge|Bitter Blade|p2a: Roserade
|-supereffective|p2a: Roserade|1
|-damage|p2a: Roserade|0 fnt
|faint|p2a: Roserade
|
|-damage|p1b: Incineroar|74/100 psn|[from] psn
|upkeep
|
|t:|1782252716
|switch|p2a: Aurorus|Aurorus, L50, F|1/100
|turn|10
|
|t:|1782252739
|switch|p1a: Sinistcha|Sinistcha, L50, shiny|50/100g par
|-heal|p1b: Incineroar|99/100 psn|[from] ability: Hospitality|[of] p1a: Sinistcha
|switch|p1b: Metagross|Metagross-Mega, L50|18/100
|move|p2b: Ninetales|Icy Wind|p1a: Sinistcha|[spread] p1a,p1b
|-supereffective|p1a: Sinistcha|1
|-resisted|p1b: Metagross|1
|-damage|p1a: Sinistcha|23/100 par
|-damage|p1b: Metagross|10/100
|-unboost|p1a: Sinistcha|spe|1
|-unboost|p1b: Metagross|spe|1
|move|p2a: Aurorus|Ancient Power|p1a: Sinistcha
|-damage|p1a: Sinistcha|0 fnt
|faint|p1a: Sinistcha
|
|upkeep
|
|t:|1782252759
|switch|p1a: Ceruledge|Ceruledge, L50, M, shiny|100/100
|turn|11
|
|t:|1782252781
|move|p2b: Ninetales|Freeze-Dry|p1b: Metagross
|-resisted|p1b: Metagross|1
|-damage|p1b: Metagross|0 fnt
|faint|p1b: Metagross
|move|p1a: Ceruledge|Bitter Blade|p2b: Ninetales
|-supereffective|p2b: Ninetales|1
|-damage|p2b: Ninetales|0 fnt
|faint|p2b: Ninetales
|move|p2a: Aurorus|Ancient Power|p1a: Ceruledge
|-supereffective|p1a: Ceruledge|1
|-damage|p1a: Ceruledge|35/100
|
|-sideend|p2: zaharba|move: Aurora Veil
|upkeep
|
|t:|1782252790
|switch|p1b: Incineroar|Incineroar, L50, M, shiny|99/100 psn
|-ability|p1b: Incineroar|Intimidate|boost
|-unboost|p2a: Aurorus|atk|1
|turn|12
|-message|zaharba forfeited.
|raw|MuseigenTest's rating: 1000 → 1046(+46 for winning)
|raw|zaharba's rating: 1055 → 1034(-21 for losing)
|
|win|MuseigenTest
|l|☆zaharba
|player|p2|
