|j|☆scottedstone
|j|☆Chally101
|html|scottedstoneChally101    
|uhtml|bestof|Game 2 of a best-of-3
|t:|1755757220
|gametype|doubles
|player|p1|scottedstone|266|1210
|player|p2|Chally101|101|1309
|gen|9
|tier|[Gen 9] VGC 2025 Reg H (Bo3)
|rated|
|rule|Species Clause: Limit one of each Pokémon
|rule|Item Clause: Limit 1 of each item
|clearpoke
|poke|p1|Pelipper, L50, M|
|poke|p1|Basculegion, L50, M|
|poke|p1|Archaludon, L50, F|
|poke|p1|Amoonguss, L50, F|
|poke|p1|Gholdengo, L50|
|poke|p1|Incineroar, L50, M|
|poke|p2|Archaludon, L50, M|
|poke|p2|Pelipper, L50, M|
|poke|p2|Incineroar, L50, F|
|poke|p2|Amoonguss, L50, F|
|poke|p2|Gholdengo, L50|
|poke|p2|Basculegion, L50, M|
|teampreview|4
|showteam|p1|Pelipper||FocusSash|Drizzle|WeatherBall,Hurricane,Tailwind,Protect|||M|||50|,,,,,Grass]Basculegion||LifeOrb|SwiftSwim|WaveCrash,LastRespects,AquaJet,Protect|||M|||50|,,,,,Water]Archaludon||AssaultVest|Stamina|DracoMeteor,ElectroShot,FlashCannon,BodyPress|||F|||50|,,,,,Grass]Amoonguss||SitrusBerry|Regenerator|PollenPuff,RagePowder,Spore,Protect|||F|||50|,,,,,Psychic]Gholdengo||Leftovers|GoodasGold|NastyPlot,MakeItRain,ShadowBall,Protect||||||50|,,,,,Dragon]Incineroar||SafetyGoggles|Intimidate|KnockOff,FakeOut,PartingShot,Taunt|||M|||50|,,,,,Water
|showteam|p2|Archaludon||AssaultVest|Stamina|ElectroShot,DragonPulse,FlashCannon,BodyPress|||M|||50|,,,,,Bug]Pelipper||FocusSash|Drizzle|MuddyWater,Hurricane,Tailwind,Protect|||M|||50|,,,,,Ghost]Incineroar||SafetyGoggles|Intimidate|KnockOff,FlareBlitz,PartingShot,FakeOut|||F|||50|,,,,,Ghost]Amoonguss||SitrusBerry|Regenerator|RagePowder,Spore,SludgeBomb,Protect|||F|||50|,,,,,Dark]Gholdengo||LifeOrb|GoodasGold|MakeItRain,ShadowBall,NastyPlot,Protect||||||50|,,,,,Dragon]Basculegion||ChoiceBand|SwiftSwim|WaveCrash,AquaJet,LastRespects,FlipTurn|||M|||50|,,,,,Water
|inactive|Battle timer is ON: inactive players will automatically lose when time's up. (requested by Chally101)
|inactive|scottedstone has 60 seconds left.
|inactive|Chally101 has 60 seconds left.
|
|t:|1755757258
|teamsize|p1|4
|teamsize|p2|4
|start
|switch|p1a: Pelipper|Pelipper, L50, M|100/100
|switch|p1b: Archaludon|Archaludon, L50, F|100/100
|switch|p2a: Amoonguss|Amoonguss, L50, F|100/100
|switch|p2b: Gholdengo|Gholdengo, L50|100/100
|-weather|RainDance|[from] ability: Drizzle|[of] p1a: Pelipper
|turn|1
|inactive|scottedstone has 30 seconds left.
|inactive|Chally101 has 30 seconds left.
|inactive|scottedstone has 20 seconds left.
|inactive|scottedstone has 15 seconds left.
|
|t:|1755757299
|-terastallize|p1b: Archaludon|Grass
|move|p2b: Gholdengo|Nasty Plot|p2b: Gholdengo
|-boost|p2b: Gholdengo|spa|2
|move|p1a: Pelipper|Tailwind|p1a: Pelipper
|-sidestart|p1: scottedstone|move: Tailwind
|move|p1b: Archaludon|Electro Shot||[still]
|-prepare|p1b: Archaludon|Electro Shot
|-boost|p1b: Archaludon|spa|1
|-anim|p1b: Archaludon|Electro Shot|p2b: Gholdengo
|-damage|p2b: Gholdengo|27/100
|move|p2a: Amoonguss|Sludge Bomb|p1a: Pelipper
|-damage|p1a: Pelipper|54/100
|-status|p1a: Pelipper|psn
|
|-weather|RainDance|[upkeep]
|-damage|p1a: Pelipper|42/100 psn|[from] psn
|upkeep
|turn|2
|inactive|Chally101 has 30 seconds left.
|inactive|Chally101 has 20 seconds left.
|inactive|Chally101 has 15 seconds left.
|inactive|scottedstone has 30 seconds left.
|inactive|Chally101 has 10 seconds left.
|inactive|Chally101 has 5 seconds left.
|
|t:|1755757350
|switch|p1a: Incineroar|Incineroar, L50, M|100/100
|-ability|p1a: Incineroar|Intimidate|boost
|-unboost|p2a: Amoonguss|atk|1
|-unboost|p2b: Gholdengo|atk|1
|move|p2b: Gholdengo|Protect|p2b: Gholdengo
|-singleturn|p2b: Gholdengo|Protect
|move|p1b: Archaludon|Electro Shot||[still]
|-prepare|p1b: Archaludon|Electro Shot
|-boost|p1b: Archaludon|spa|1
|-anim|p1b: Archaludon|Electro Shot|p2b: Gholdengo
|-activate|p2b: Gholdengo|move: Protect
|move|p2a: Amoonguss|Sludge Bomb|p1b: Archaludon
|-supereffective|p1b: Archaludon
|-damage|p1b: Archaludon|61/100
|-status|p1b: Archaludon|psn
|-ability|p1b: Archaludon|Stamina|boost
|-boost|p1b: Archaludon|def|1
|
|-weather|RainDance|[upkeep]
|-damage|p1b: Archaludon|49/100 psn|[from] psn
|upkeep
|turn|3
|inactive|Chally101 has 30 seconds left.
|inactive|Chally101 has 20 seconds left.
|inactive|Chally101 has 15 seconds left.
|inactive|Chally101 has 10 seconds left.
|inactive|Chally101 has 5 seconds left.
|
|t:|1755757403
|move|p2a: Amoonguss|Protect|p2a: Amoonguss
|-singleturn|p2a: Amoonguss|Protect
|move|p1b: Archaludon|Draco Meteor|p2a: Amoonguss
|-activate|p2a: Amoonguss|move: Protect
|move|p1a: Incineroar|Knock Off|p2b: Gholdengo
|-supereffective|p2b: Gholdengo
|-damage|p2b: Gholdengo|0 fnt
|-enditem|p2b: Gholdengo|Life Orb|[from] move: Knock Off|[of] p1a: Incineroar
|faint|p2b: Gholdengo
|
|-weather|RainDance|[upkeep]
|-damage|p1b: Archaludon|37/100 psn|[from] psn
|upkeep
|
|t:|1755757422
|switch|p2b: Basculegion|Basculegion, L50, M|100/100
|turn|4
|inactive|scottedstone has 30 seconds left.
|inactive|scottedstone has 20 seconds left.
|
|t:|1755757459
|switch|p2a: Archaludon|Archaludon, L50, M|100/100
|move|p2b: Basculegion|Last Respects|p1b: Archaludon
|-damage|p1b: Archaludon|0 fnt
|faint|p1b: Archaludon
|move|p1a: Incineroar|Taunt|p2a: Archaludon
|-start|p2a: Archaludon|move: Taunt
|
|-weather|RainDance|[upkeep]
|-sideend|p1: scottedstone|move: Tailwind
|upkeep
|
|t:|1755757474
|switch|p1b: Basculegion|Basculegion, L50, M|100/100
|turn|5
|inactive|Chally101 has 30 seconds left.
|
|t:|1755757500
|-terastallize|p2b: Basculegion|Water
|move|p1b: Basculegion|Protect|p1b: Basculegion
|-singleturn|p1b: Basculegion|Protect
|move|p2b: Basculegion|Last Respects|p1b: Basculegion
|-activate|p1b: Basculegion|move: Protect
|move|p2a: Archaludon|Electro Shot||[still]
|-prepare|p2a: Archaludon|Electro Shot
|-boost|p2a: Archaludon|spa|1
|-anim|p2a: Archaludon|Electro Shot|p1b: Basculegion
|-activate|p1b: Basculegion|move: Protect
|move|p1a: Incineroar|Knock Off|p2b: Basculegion
|-damage|p2b: Basculegion|54/100
|-enditem|p2b: Basculegion|Choice Band|[from] move: Knock Off|[of] p1a: Incineroar
|
|-weather|none
|upkeep
|turn|6
|inactive|scottedstone has 30 seconds left.
|inactive|Chally101 has 30 seconds left.
|inactive|scottedstone has 20 seconds left.
|inactive|Chally101 has 20 seconds left.
|inactive|Chally101 has 15 seconds left.
|inactive|Chally101 has 10 seconds left.
|inactive|Chally101 has 5 seconds left.
|
|t:|1755757551
|switch|p1a: Pelipper|Pelipper, L50, M|42/100 psn
|-weather|RainDance|[from] ability: Drizzle|[of] p1a: Pelipper
|move|p1b: Basculegion|Last Respects|p2b: Basculegion
|-damage|p2b: Basculegion|0 fnt
|faint|p2b: Basculegion
|-damage|p1b: Basculegion|91/100|[from] item: Life Orb
|move|p2a: Archaludon|Dragon Pulse|p1b: Basculegion
|-damage|p1b: Basculegion|28/100
|
|-weather|RainDance|[upkeep]
|-damage|p1a: Pelipper|30/100 psn|[from] psn
|-end|p2a: Archaludon|move: Taunt
|upkeep
|
|t:|1755757558
|switch|p2b: Amoonguss|Amoonguss, L50, F|100/100
|turn|7
|inactive|scottedstone has 30 seconds left.
|inactive|scottedstone has 20 seconds left.
|inactive|scottedstone has 15 seconds left.
|inactive|scottedstone has 10 seconds left.
|
|t:|1755757604
|switch|p1b: Incineroar|Incineroar, L50, M|100/100
|-ability|p1b: Incineroar|Intimidate|boost
|-unboost|p2a: Archaludon|atk|1
|-unboost|p2b: Amoonguss|atk|1
|move|p2b: Amoonguss|Protect|p2b: Amoonguss
|-singleturn|p2b: Amoonguss|Protect
|move|p1a: Pelipper|Hurricane|p2b: Amoonguss
|-activate|p2b: Amoonguss|move: Protect
|move|p2a: Archaludon|Electro Shot||[still]
|-prepare|p2a: Archaludon|Electro Shot
|-boost|p2a: Archaludon|spa|1
|-anim|p2a: Archaludon|Electro Shot|p1b: Incineroar
|-damage|p1b: Incineroar|33/100
|
|-weather|RainDance|[upkeep]
|-damage|p1a: Pelipper|18/100 psn|[from] psn
|upkeep
|turn|8
|inactive|Chally101 has 30 seconds left.
|
|t:|1755757636
|move|p1b: Incineroar|Fake Out|p2b: Amoonguss
|-damage|p2b: Amoonguss|93/100
|move|p1a: Pelipper|Hurricane|p2b: Amoonguss
|-supereffective|p2b: Amoonguss
|-damage|p2b: Amoonguss|0 fnt
|faint|p2b: Amoonguss
|move|p2a: Archaludon|Electro Shot||[still]
|-prepare|p2a: Archaludon|Electro Shot
|-boost|p2a: Archaludon|spa|1
|-anim|p2a: Archaludon|Electro Shot|p1b: Incineroar
|-damage|p1b: Incineroar|0 fnt
|faint|p1b: Incineroar
|
|-weather|RainDance|[upkeep]
|-damage|p1a: Pelipper|6/100 psn|[from] psn
|upkeep
|
|t:|1755757644
|switch|p1b: Basculegion|Basculegion, L50, M|28/100
|turn|9
|
|t:|1755757663
|move|p1b: Basculegion|Protect|p1b: Basculegion
|-singleturn|p1b: Basculegion|Protect
|move|p1a: Pelipper|Weather Ball|p2a: Archaludon
|-resisted|p2a: Archaludon
|-damage|p2a: Archaludon|77/100
|-ability|p2a: Archaludon|Stamina|boost
|-boost|p2a: Archaludon|def|1
|move|p2a: Archaludon|Electro Shot||[still]
|-prepare|p2a: Archaludon|Electro Shot
|-boost|p2a: Archaludon|spa|1
|-anim|p2a: Archaludon|Electro Shot|p1b: Basculegion
|-activate|p1b: Basculegion|move: Protect
|
|-weather|RainDance|[upkeep]
|-damage|p1a: Pelipper|0 fnt|[from] psn
|faint|p1a: Pelipper
|upkeep
|turn|10
|
|t:|1755757683
|move|p1b: Basculegion|Last Respects|p2a: Archaludon
|-damage|p2a: Archaludon|15/100
|-ability|p2a: Archaludon|Stamina|boost
|-boost|p2a: Archaludon|def|1
|-damage|p1b: Basculegion|18/100|[from] item: Life Orb
|move|p2a: Archaludon|Electro Shot||[still]
|-prepare|p2a: Archaludon|Electro Shot
|-boost|p2a: Archaludon|spa|1
|-anim|p2a: Archaludon|Electro Shot|p1b: Basculegion
|-supereffective|p1b: Basculegion
|-damage|p1b: Basculegion|0 fnt
|faint|p1b: Basculegion
|
|win|Chally101
|raw|scottedstone's rating: 1210 → 1192(-18 for losing)
|raw|Chally101's rating: 1309 → 1323(+14 for winning)
