|j|☆sybe123
|j|☆precisiondepicasso
|html|sybe123precisiondepicasso    
|uhtml|bestof|Game 1 of a best-of-3
|t:|1782670062
|gametype|doubles
|player|p1|sybe123|2|1181
|player|p2|precisiondepicasso|cyclistf-gen4|1233
|gen|9
|tier|[Gen 9 Champions] VGC 2026 Reg M-B (Bo3)
|rated|
|rule|Species Clause: Limit one of each Pokémon
|rule|Item Clause: Limit 1 of each item
|clearpoke
|poke|p1|Raichu, L50, M|
|poke|p1|Whimsicott, L50, M|
|poke|p1|Maushold, L50|
|poke|p1|Ceruledge, L50, M|
|poke|p1|Annihilape, L50, M|
|poke|p1|Ninetales-Alola, L50, F|
|poke|p2|Aerodactyl, L50, M|
|poke|p2|Garchomp, L50, M|
|poke|p2|Kingambit, L50, M|
|poke|p2|Charizard, L50, M|
|poke|p2|Sylveon, L50, M|
|poke|p2|Farigiraf, L50, M|
|teampreview|4
|showteam|p1|Raichu||RaichuniteY|Static|ZapCannon,FocusBlast,Encore,Protect|Timid||M|||50|]Whimsicott||FairyFeather|Prankster|Moonblast,GrassKnot,Tailwind,Protect|Modest||M|||50|]Maushold||FocusSash|FriendGuard|SuperFang,FollowMe,BeatUp,Protect|Timid|||||50|]Ceruledge||LifeOrb|FlashFire|BitterBlade,ShadowSneak,BulkUp,Protect|Adamant||M|||50|]Annihilape||SitrusBerry|Defiant|RageFist,DrainPunch,Coaching,Protect|Adamant||M|||50|]Ninetales-Alola||NeverMeltIce|SnowWarning|Blizzard,FreezeDry,AuroraVeil,Protect|Timid||F|||50|
|showteam|p2|Aerodactyl||Aerodactylite|Unnerve|IceFang,RockSlide,Tailwind,DualWingbeat|Jolly||M|||50|]Garchomp||LifeOrb|RoughSkin|DragonClaw,StompingTantrum,Earthquake,Protect|Jolly||M|||50|]Kingambit||FocusSash|Defiant|SuckerPunch,KowtowCleave,IronHead,LowKick|Adamant||M|||50|]Charizard||CharizarditeY|Blaze|Protect,WeatherBall,HeatWave,SolarBeam|Modest||M|||50|]Sylveon||FairyFeather|Pixilate|Protect,HyperVoice,HyperBeam,QuickAttack|Modest||M|||50|]Farigiraf||SitrusBerry|ArmorTail|TrickRoom,Thunderbolt,Roar,TwinBeam|Bold||M|||50|
|inactive|Battle timer is ON: inactive players will automatically lose when time's up. (requested by precisiondepicasso)
|inactive|sybe123 has 60 seconds left.
|inactive|precisiondepicasso has 60 seconds left.
|inactive|precisiondepicasso has 30 seconds left.
|inactive|precisiondepicasso has 20 seconds left.
|
|t:|1782670133
|teamsize|p1|4
|teamsize|p2|4
|start
|switch|p1a: Whimsicott|Whimsicott, L50, M|100/100
|switch|p1b: Ceruledge|Ceruledge, L50, M|100/100
|switch|p2a: Charizard|Charizard, L50, M|100/100
|switch|p2b: Kingambit|Kingambit, L50, M|100/100
|turn|1
|inactive|sybe123 has 30 seconds left.
|inactive|sybe123 has 20 seconds left.
|inactive|precisiondepicasso has 30 seconds left.
|inactive|sybe123 has 15 seconds left.
|
|t:|1782670178
|detailschange|p2a: Charizard|Charizard-Mega-Y, L50, M
|-mega|p2a: Charizard|Charizard|Charizardite Y
|-weather|SunnyDay|[from] ability: Drought|[of] p2a: Charizard
|move|p1a: Whimsicott|Tailwind|p1a: Whimsicott
|-sidestart|p1: sybe123|move: Tailwind
|move|p1b: Ceruledge|Bulk Up|p1b: Ceruledge
|-boost|p1b: Ceruledge|atk|1
|-boost|p1b: Ceruledge|def|1
|move|p2a: Charizard|Weather Ball|p1a: Whimsicott
|-supereffective|p1a: Whimsicott|1
|-damage|p1a: Whimsicott|0 fnt
|faint|p1a: Whimsicott
|move|p2b: Kingambit|Kowtow Cleave|p1b: Ceruledge
|-supereffective|p1b: Ceruledge|1
|-damage|p1b: Ceruledge|31/100
|
|-weather|SunnyDay|[upkeep]
|upkeep
|
|t:|1782670193
|switch|p1a: Maushold|Maushold, L50|100/100
|turn|2
|
|t:|1782670205
|move|p1a: Maushold|Super Fang|p2b: Kingambit
|-damage|p2b: Kingambit|50/100y
|move|p1b: Ceruledge|Bitter Blade|p2b: Kingambit
|-supereffective|p2b: Kingambit|1
|-damage|p2b: Kingambit|0 fnt
|-heal|p1b: Ceruledge|56/100|[from] drain|[of] p2b: Kingambit
|faint|p2b: Kingambit
|-damage|p1b: Ceruledge|46/100|[from] item: Life Orb
|move|p2a: Charizard|Weather Ball|p1a: Maushold
|-damage|p1a: Maushold|1/100
|
|-weather|SunnyDay|[upkeep]
|upkeep
|
|t:|1782670225
|switch|p2b: Garchomp|Garchomp, L50, M|100/100
|turn|3
|inactive|sybe123 has 30 seconds left.
|
|t:|1782670259
|move|p1a: Maushold|Super Fang|p2b: Garchomp
|-damage|p2b: Garchomp|50/100g
|-damage|p1a: Maushold|0 fnt|[from] ability: Rough Skin|[of] p2b: Garchomp
|faint|p1a: Maushold
|move|p1b: Ceruledge|Bitter Blade|p2b: Garchomp
|-resisted|p2b: Garchomp|1
|-damage|p2b: Garchomp|0 fnt
|-heal|p1b: Ceruledge|73/100|[from] drain|[of] p2b: Garchomp
|-damage|p1b: Ceruledge|61/100|[from] ability: Rough Skin|[of] p2b: Garchomp
|faint|p2b: Garchomp
|-damage|p1b: Ceruledge|51/100|[from] item: Life Orb
|move|p2a: Charizard|Weather Ball|p1b: Ceruledge
|-start|p1b: Ceruledge|ability: Flash Fire
|
|-weather|SunnyDay|[upkeep]
|upkeep
|
|t:|1782670273
|switch|p1a: Raichu|Raichu, L50, M|100/100
|switch|p2b: Farigiraf|Farigiraf, L50, M|100/100
|turn|4
|
|t:|1782670285
|detailschange|p1a: Raichu|Raichu-Mega-Y, L50, M
|-mega|p1a: Raichu|Raichu|Raichunite Y
|move|p2a: Charizard|Protect|p2a: Charizard
|-singleturn|p2a: Charizard|Protect
|move|p1a: Raichu|Zap Cannon|p2a: Charizard
|-activate|p2a: Charizard|move: Protect
|move|p1b: Ceruledge|Bitter Blade|p2b: Farigiraf
|-damage|p2b: Farigiraf|0 fnt
|-heal|p1b: Ceruledge|100/100|[from] drain|[of] p2b: Farigiraf
|faint|p2b: Farigiraf
|-damage|p1b: Ceruledge|90/100|[from] item: Life Orb
|
|-weather|SunnyDay|[upkeep]
|-sideend|p1: sybe123|move: Tailwind
|upkeep
|turn|5
|-message|precisiondepicasso forfeited.
|
|win|sybe123
||precisiondepicasso is ready for game 2.
||sybe123 is ready for game 2.
|uhtml|next|Next: Game 2 of 3
|l|☆sybe123
|player|p1|
