|j|☆huezinhu
|j|☆chefbenboyrd
|html|huezinhuchefbenboyrd    
|uhtml|bestof|Game 2 of a best-of-3
|t:|1756849701
|gametype|doubles
|player|p1|huezinhu|169|1086
|player|p2|chefbenboyrd|brawly|1075
|gen|9
|tier|[Gen 9] VGC 2025 Reg H (Bo3)
|rated|
|rule|Species Clause: Limit one of each Pokémon
|rule|Item Clause: Limit 1 of each item
|clearpoke
|poke|p1|Whimsicott, L50, M|
|poke|p1|Primarina, L50, M|
|poke|p1|Indeedee-F, L50, F|
|poke|p1|Ursaluna-Bloodmoon, L50, M|
|poke|p1|Dragapult, L50, F|
|poke|p1|Sneasler, L50, M|
|poke|p2|Whimsicott, L50, F|
|poke|p2|Hydreigon, L50, F|
|poke|p2|Grimmsnarl, L50, M|
|poke|p2|Incineroar, L50, M|
|poke|p2|Gholdengo, L50|
|poke|p2|Annihilape, L50, F|
|teampreview|4
|showteam|p1|Whimsicott||CovertCloak|Prankster|EnergyBall,Tailwind,Encore,Taunt|||M|||50|,,,,,Dark]Primarina||SitrusBerry|LiquidVoice|Moonblast,HyperVoice,Protect,Haze|||M|||50|,,,,,Poison]Indeedee-F||SafetyGoggles|PsychicSurge|Psychic,FollowMe,HelpingHand,TrickRoom|||F|||50|,,,,,Fairy]Ursaluna-Bloodmoon||AssaultVest|MindsEye|BloodMoon,EarthPower,HyperVoice,Uproar|||M|||50|,,,,,Normal]Dragapult||ChoiceBand|ClearBody|DragonDarts,PhantomForce,Uturn,PsychicFangs|||F|||50|,,,,,Dragon]Sneasler||PsychicSeed|Unburden|DireClaw,CloseCombat,Protect,Acrobatics|||M|||50|,,,,,Stellar
|showteam|p2|Whimsicott||FocusSash|Prankster|SunnyDay,Encore,Tailwind,Moonblast|||F|||50|,,,,,Ghost]Hydreigon||ChoiceSpecs|Levitate|HeatWave,DracoMeteor,Snarl,DarkPulse|||F|||50|,,,,,Fire]Grimmsnarl||LightClay|Prankster|SpiritBreak,Reflect,LightScreen,ThunderWave|||M|||50|,,,,,Steel]Incineroar||SafetyGoggles|Intimidate|KnockOff,FakeOut,PartingShot,FlareBlitz|||M|||50|,,,,,Ghost]Gholdengo||LifeOrb|GoodasGold|Protect,MakeItRain,ShadowBall,NastyPlot||||||50|,,,,,Water]Annihilape||SitrusBerry|Defiant|Protect,Taunt,RageFist,DrainPunch|||F|||50|,,,,,Fairy
|j| jables412
|
|t:|1756849713
|teamsize|p1|4
|teamsize|p2|4
|start
|switch|p1a: Indeedee|Indeedee-F, L50, F, shiny|100/100
|switch|p1b: Dragapult|Dragapult, L50, F, shiny|100/100
|switch|p2a: Whimsicott|Whimsicott, L50, F|100/100
|switch|p2b: Hydreigon|Hydreigon, L50, F|100/100
|-fieldstart|move: Psychic Terrain|[from] ability: Psychic Surge|[of] p1a: Indeedee
|turn|1
|inactive|Battle timer is ON: inactive players will automatically lose when time's up. (requested by huezinhu)
|inactive|huezinhu has 60 seconds left.
|
|t:|1756849766
|-terastallize|p2b: Hydreigon|Fire
|move|p1a: Indeedee|Follow Me|p1a: Indeedee
|-singleturn|p1a: Indeedee|move: Follow Me
|move|p2a: Whimsicott|Tailwind|p2a: Whimsicott
|-sidestart|p2: chefbenboyrd|move: Tailwind
|move|p2b: Hydreigon|Dark Pulse|p1a: Indeedee
|-supereffective|p1a: Indeedee
|-damage|p1a: Indeedee|0 fnt
|faint|p1a: Indeedee
|move|p1b: Dragapult|Dragon Darts|p2b: Hydreigon
|-damage|p2b: Hydreigon|56/100
|-anim|p1b: Dragapult|Dragon Darts|p2b: Hydreigon
|-damage|p2b: Hydreigon|11/100
|
|upkeep
|
|t:|1756849779
|switch|p1a: Sneasler|Sneasler, L50, M, shiny|100/100
|-enditem|p1a: Sneasler|Psychic Seed
|-boost|p1a: Sneasler|spd|1|[from] item: Psychic Seed
|turn|2
|
|t:|1756849791
|switch|p2b: Incineroar|Incineroar, L50, M|100/100
|-ability|p2b: Incineroar|Intimidate|boost
|-unboost|p1a: Sneasler|atk|1
|-fail|p1b: Dragapult|unboost|[from] ability: Clear Body|[of] p1b: Dragapult
|move|p2a: Whimsicott|Moonblast|p1b: Dragapult
|-supereffective|p1b: Dragapult
|-damage|p1b: Dragapult|4/100
|move|p1a: Sneasler|Dire Claw|p2a: Whimsicott
|-supereffective|p2a: Whimsicott
|-enditem|p2a: Whimsicott|Focus Sash
|-damage|p2a: Whimsicott|1/100
|-status|p2a: Whimsicott|psn
|move|p1b: Dragapult|Dragon Darts|p2b: Incineroar
|-damage|p2b: Incineroar|61/100
|-anim|p1b: Dragapult|Dragon Darts|p2b: Incineroar
|-damage|p2b: Incineroar|24/100
|
|-damage|p2a: Whimsicott|0 fnt|[from] psn
|faint|p2a: Whimsicott
|upkeep
|
|t:|1756849810
|switch|p2a: Hydreigon|Hydreigon, L50, F, tera:Fire|11/100
|turn|3
|
|t:|1756849822
|switch|p1b: Primarina|Primarina, L50, M, shiny|100/100
|move|p1a: Sneasler|Protect|p1a: Sneasler
|-singleturn|p1a: Sneasler|Protect
|move|p2b: Incineroar|Fake Out|p1a: Sneasler
|-activate|p1a: Sneasler|move: Psychic Terrain
|move|p2a: Hydreigon|Snarl|p1a: Sneasler|[spread] p1b
|-activate|p1a: Sneasler|move: Protect
|-resisted|p1b: Primarina
|-damage|p1b: Primarina|85/100
|-unboost|p1b: Primarina|spa|1
|
|upkeep
|turn|4
|inactive|huezinhu has 30 seconds left.
|inactive|huezinhu has 20 seconds left.
|inactive|huezinhu has 15 seconds left.
|inactive|huezinhu has 10 seconds left.
|inactive|huezinhu has 5 seconds left.
|
|t:|1756849874
|switch|p2a: Gholdengo|Gholdengo, L50|100/100
|move|p1a: Sneasler|Acrobatics|p2a: Gholdengo
|-resisted|p2a: Gholdengo
|-damage|p2a: Gholdengo|85/100
|move|p2b: Incineroar|Knock Off|p1b: Primarina
|-resisted|p1b: Primarina
|-damage|p1b: Primarina|59/100
|-enditem|p1b: Primarina|Sitrus Berry|[from] move: Knock Off|[of] p2b: Incineroar
|move|p1b: Primarina|Hyper Voice|p2a: Gholdengo|[spread] p2a,p2b
|-supereffective|p2b: Incineroar
|-damage|p2a: Gholdengo|60/100
|-damage|p2b: Incineroar|0 fnt
|faint|p2b: Incineroar
|
|-sideend|p2: chefbenboyrd|move: Tailwind
|upkeep
|
|t:|1756849884
|switch|p2b: Hydreigon|Hydreigon, L50, F, tera:Fire|11/100
|turn|5
|inactive|huezinhu has 30 seconds left.
|inactive|huezinhu has 20 seconds left.
|
|t:|1756849920
|-terastallize|p1a: Sneasler|Stellar
|move|p1a: Sneasler|Acrobatics|p2a: Gholdengo
|-resisted|p2a: Gholdengo
|-damage|p2a: Gholdengo|41/100
|move|p2b: Hydreigon|Heat Wave|p1b: Primarina|[spread] p1a
|-miss|p2b: Hydreigon|p1b: Primarina
|-damage|p1a: Sneasler|52/100
|move|p2a: Gholdengo|Make It Rain|p1a: Sneasler|[spread] p1a,p1b
|-damage|p1a: Sneasler|0 fnt
|-damage|p1b: Primarina|12/100
|-unboost|p2a: Gholdengo|spa|1
|faint|p1a: Sneasler
|-damage|p2a: Gholdengo|31/100|[from] item: Life Orb
|move|p1b: Primarina|Hyper Voice|p2a: Gholdengo|[spread] p2a,p2b
|-supereffective|p2b: Hydreigon
|-damage|p2a: Gholdengo|8/100
|-damage|p2b: Hydreigon|0 fnt
|faint|p2b: Hydreigon
|
|-fieldend|move: Psychic Terrain
|upkeep
|
|t:|1756849938
|switch|p1a: Dragapult|Dragapult, L50, F, shiny|4/100
|turn|6
|
|t:|1756849951
|move|p1b: Primarina|Protect|p1b: Primarina
|-singleturn|p1b: Primarina|Protect
|move|p1a: Dragapult|Phantom Force||[still]
|-prepare|p1a: Dragapult|Phantom Force
|move|p2a: Gholdengo|Make It Rain|p1a: Dragapult|[spread] 
|-miss|p2a: Gholdengo|p1a: Dragapult
|-activate|p1b: Primarina|move: Protect
|
|upkeep
|turn|7
|
|t:|1756849964
|move|p1a: Dragapult|Phantom Force|p2a: Gholdengo|[from] lockedmove
|-supereffective|p2a: Gholdengo
|-damage|p2a: Gholdengo|0 fnt
|faint|p2a: Gholdengo
|
|win|huezinhu
