|j|☆gallium1005
|j|☆ghjk09
|html|gallium1005ghjk09    
|uhtml|bestof|Game 1 of a best-of-3
|t:|1784250362
|gametype|doubles
|player|p1|gallium1005|hilbert|1136
|player|p2|ghjk09|hilbert|1037
|gen|9
|tier|[Gen 9 Champions] VGC 2026 Reg M-B (Bo3)
|rated|
|rule|Species Clause: Limit one of each Pokémon
|rule|Item Clause: Limit 1 of each item
|clearpoke
|poke|p1|Swampert, L50, M|
|poke|p1|Archaludon, L50, M|
|poke|p1|Pelipper, L50, M|
|poke|p1|Sneasler, L50, F|
|poke|p1|Floette-Eternal, L50, F|
|poke|p1|Sinistcha, L50|
|poke|p2|Tauros-Paldea-Blaze, L50, M|
|poke|p2|Meowscarada, L50, F|
|poke|p2|Glalie, L50, F|
|poke|p2|Whimsicott, L50, M|
|poke|p2|Pelipper, L50, M|
|poke|p2|Basculegion, L50, M|
|teampreview|4
|showteam|p1|Swampert||Swampertite|Torrent|WaveCrash,Earthquake,KnockOff,Protect|Adamant||M|||50|]Archaludon||Leftovers|Stamina|ElectroShot,DragonPulse,FlashCannon,Protect|Modest||M|||50|]Pelipper||FocusSash|Drizzle|Tailwind,Hurricane,WeatherBall,Protect|Timid||M|||50|]Sneasler||WhiteHerb|Unburden|FakeOut,DireClaw,CloseCombat,Protect|Jolly||F|||50|]Floette-Eternal||Floettite|FlowerVeil|DrainingKiss,DazzlingGleam,CalmMind,Protect|Modest||F|||50|]Sinistcha||SitrusBerry|Hospitality|MatchaGotcha,RagePowder,TrickRoom,Protect|Bold|||||50|
|showteam|p2|Tauros-Paldea-Blaze||ShucaBerry|AngerPoint|Earthquake,FlameCharge,RockSlide,Protect|Jolly||M|||50|]Meowscarada||ChoiceScarf|Protean|FlowerTrick,ThunderPunch,TripleAxel,Uturn|Timid||F|||50|]Glalie||Glalitite|InnerFocus|FrostBreath,Explosion,Protect,BodySlam|Adamant||F|||50|]Whimsicott||MentalHerb|Prankster|Moonblast,Tailwind,Encore,Protect|Bold||M|||50|]Pelipper||SitrusBerry|Drizzle|WeatherBall,Hurricane,Protect,Tailwind|Modest||M|||50|]Basculegion||FocusSash|Adaptability|AquaJet,FlipTurn,LastRespects,WaveCrash|Adamant||M|||50|
|l|☆ghjk09
|player|p2|
|j|☆ghjk09
|player|p2|ghjk09|hilbert|
|
|t:|1784250477
|teamsize|p1|4
|teamsize|p2|4
|start
|switch|p1a: Archaludon|Archaludon, L50, M|100/100
|switch|p1b: Sneasler|Sneasler, L50, F|100/100
|switch|p2a: Glalie|Glalie, L50, F|100/100
|switch|p2b: Whimsicott|Whimsicott, L50, M|100/100
|turn|1
|l|☆ghjk09
|player|p2|
|j|☆ghjk09
|player|p2|ghjk09|hilbert|
|
|t:|1784250527
|detailschange|p2a: Glalie|Glalie-Mega, L50, F
|-mega|p2a: Glalie|Glalie|Glalitite
|move|p1b: Sneasler|Fake Out|p2a: Glalie
|-damage|p2a: Glalie|81/100
|move|p2b: Whimsicott|Tailwind|p2b: Whimsicott
|-sidestart|p2: ghjk09|move: Tailwind
|cant|p2a: Glalie|flinch
|move|p1a: Archaludon|Flash Cannon|p2b: Whimsicott
|-supereffective|p2b: Whimsicott|1
|-crit|p2b: Whimsicott
|-damage|p2b: Whimsicott|0 fnt
|faint|p2b: Whimsicott
|
|upkeep
|
|t:|1784250544
|switch|p2b: Tauros|Tauros-Paldea-Blaze, L50, M|100/100
|turn|2
|
|t:|1784250559
|move|p2b: Tauros|Protect|p2b: Tauros
|-singleturn|p2b: Tauros|Protect
|move|p1b: Sneasler|Protect|p1b: Sneasler
|-singleturn|p1b: Sneasler|Protect
|move|p1a: Archaludon|Protect|p1a: Archaludon
|-singleturn|p1a: Archaludon|Protect
|move|p2a: Glalie|Explosion|p1a: Archaludon|[spread] 
|-activate|p2b: Tauros|move: Protect
|-activate|p1a: Archaludon|move: Protect
|-activate|p1b: Sneasler|move: Protect
|faint|p2a: Glalie
|
|upkeep
|
|t:|1784250579
|switch|p2a: Meowscarada|Meowscarada, L50, F|100/100
|turn|3
|
|t:|1784250607
|switch|p1a: Swampert|Swampert, L50, M|100/100
|move|p2a: Meowscarada|Flower Trick|p2b: Tauros
|-start|p2a: Meowscarada|typechange|Grass|[from] ability: Protean
|-resisted|p2b: Tauros|1
|-crit|p2b: Tauros
|-damage|p2b: Tauros|78/100
|-setboost|p2b: Tauros|atk|6|[from] ability: Anger Point
|move|p2b: Tauros|Earthquake|p1a: Swampert|[spread] p2a,p1a,p1b
|-resisted|p2a: Meowscarada|1
|-supereffective|p1b: Sneasler|1
|-damage|p2a: Meowscarada|44/100
|-damage|p1a: Swampert|0 fnt
|-damage|p1b: Sneasler|0 fnt
|faint|p1a: Swampert
|faint|p1b: Sneasler
|
|upkeep
|
|t:|1784250621
|switch|p1b: Archaludon|Archaludon, L50, M|100/100
|switch|p1a: Pelipper|Pelipper, L50, M|100/100
|-weather|RainDance|[from] ability: Drizzle|[of] p1a: Pelipper
|turn|4
|
|t:|1784250648
|move|p1b: Archaludon|Protect|p1b: Archaludon
|-singleturn|p1b: Archaludon|Protect
|move|p2a: Meowscarada|Flower Trick|p1a: Pelipper
|-crit|p1a: Pelipper
|-damage|p1a: Pelipper|51/100
|move|p2b: Tauros|Rock Slide|p1b: Archaludon|[spread] p1a
|-activate|p1b: Archaludon|move: Protect
|-supereffective|p1a: Pelipper|1
|-damage|p1a: Pelipper|0 fnt
|faint|p1a: Pelipper
|
|-weather|RainDance|[upkeep]
|-sideend|p2: ghjk09|move: Tailwind
|upkeep
|turn|5
|
|t:|1784250663
|move|p2a: Meowscarada|Flower Trick|p1b: Archaludon
|-resisted|p1b: Archaludon|2
|-crit|p1b: Archaludon
|-damage|p1b: Archaludon|93/100
|-ability|p1b: Archaludon|Stamina|boost
|-boost|p1b: Archaludon|def|1
|move|p2b: Tauros|Earthquake|p1b: Archaludon|[spread] p2a,p1b
|-resisted|p2a: Meowscarada|1
|-supereffective|p1b: Archaludon|1
|-damage|p2a: Meowscarada|0 fnt
|-damage|p1b: Archaludon|0 fnt
|faint|p2a: Meowscarada
|faint|p1b: Archaludon
|
|win|ghjk09
||gallium1005 is ready for game 2.
|inactive|ghjk09 has 30 seconds to confirm battle start!
|l|☆ghjk09
|player|p2|
|inactive|ghjk09 has 20 seconds to confirm battle start!
|inactive|ghjk09 has 10 seconds to confirm battle start!
|uhtml|next|Next: Game 2 of 3
