|j|☆JvinsVGC
|j|‽CaratroncoSun
|html|JvinsVGCCaratroncoSun    
|uhtml|bestof|Game 2 of a best-of-3
|t:|1782204876
|gametype|doubles
|player|p1|JvinsVGC|170|1091
|player|p2|CaratroncoSun|juan|1073
|gen|9
|tier|[Gen 9 Champions] VGC 2026 Reg M-B (Bo3)
|rated|
|rule|Species Clause: Limit one of each Pokémon
|rule|Item Clause: Limit 1 of each item
|clearpoke
|poke|p1|Staraptor, L50, F|
|poke|p1|Grimmsnarl, L50, M|
|poke|p1|Arcanine-Hisui, L50, F|
|poke|p1|Garchomp, L50, M|
|poke|p1|Gholdengo, L50|
|poke|p1|Primarina, L50, M|
|poke|p2|Overqwil, L50, F, shiny|
|poke|p2|Swampert, L50, F|
|poke|p2|Pelipper, L50, M|
|poke|p2|Metagross, L50, shiny|
|poke|p2|Sneasler, L50, F|
|poke|p2|Sinistcha-Masterpiece, L50|
|teampreview|4
|showteam|p1|Staraptor||Staraptite|Intimidate|CloseCombat,BraveBird,Tailwind,Roost|Adamant||F|||50|]Grimmsnarl||LightClay|Prankster|SpiritBreak,Reflect,LightScreen,PartingShot|Careful||M|||50|]Arcanine-Hisui||Charcoal|RockHead|FlareBlitz,RockSlide,HeadSmash,Protect|Adamant||F|||50|]Garchomp||LifeOrb|RoughSkin|Earthquake,DragonClaw,SwordsDance,Protect|Jolly||M|||50|]Gholdengo||SitrusBerry|GoodasGold|MakeItRain,ShadowBall,NastyPlot,Protect|Serious|||||50|]Primarina||Leftovers|LiquidVoice|HyperVoice,Moonblast,CalmMind,Protect|Modest||M|||50|
|showteam|p2|Overqwil||LifeOrb|SwiftSwim|Protect,PoisonJab,ThroatChop,Liquidation|Adamant||F|||50|]Swampert||Swampertite|Damp|Protect,WaveCrash,HighHorsepower,IcePunch|Adamant||F|||50|]Pelipper||FocusSash|Drizzle|Protect,Tailwind,Hurricane,WeatherBall|Modest||M|||50|]Metagross||Metagrossite|ClearBody|Protect,PsychicFangs,MeteorMash,IcePunch|Jolly|||||50|]Sneasler||WhiteHerb|Unburden|Coaching,FakeOut,DireClaw,CloseCombat|Jolly||F|||50|]Sinistcha-Masterpiece||SitrusBerry|Hospitality|MatchaGotcha,TrickRoom,LifeDew,RagePowder|Bold|||||50|
|
|t:|1782204888
|teamsize|p1|4
|teamsize|p2|4
|start
|switch|p1a: Grimmsnarl|Grimmsnarl, L50, M|100/100
|switch|p1b: Gholdengo|Gholdengo, L50|100/100
|switch|p2a: Overqwil|Overqwil, L50, F, shiny|100/100
|switch|p2b: Sneasler|Sneasler, L50, F|100/100
|turn|1
|
|t:|1782204905
|switch|p1b: Staraptor|Staraptor, L50, F|100/100
|-ability|p1b: Staraptor|Intimidate|boost
|-unboost|p2a: Overqwil|atk|1
|-unboost|p2b: Sneasler|atk|1
|-enditem|p2b: Sneasler|White Herb
|-clearnegativeboost|p2b: Sneasler|[silent]
|move|p2b: Sneasler|Fake Out|p1a: Grimmsnarl
|-damage|p1a: Grimmsnarl|84/100
|cant|p1a: Grimmsnarl|flinch
|move|p2a: Overqwil|Poison Jab|p1a: Grimmsnarl
|-supereffective|p1a: Grimmsnarl|1
|-damage|p1a: Grimmsnarl|0 fnt
|faint|p1a: Grimmsnarl
|-damage|p2a: Overqwil|90/100|[from] item: Life Orb
|
|upkeep
|
|t:|1782204920
|switch|p1a: Garchomp|Garchomp, L50, M|100/100
|turn|2
|
|t:|1782204948
|switch|p2a: Metagross|Metagross, L50, shiny|100/100
|detailschange|p1b: Staraptor|Staraptor-Mega, L50, F
|-mega|p1b: Staraptor|Staraptor|Staraptite
|move|p2b: Sneasler|Coaching|p2a: Metagross
|-boost|p2a: Metagross|atk|1
|-boost|p2a: Metagross|def|1
|move|p1a: Garchomp|Swords Dance|p1a: Garchomp
|-boost|p1a: Garchomp|atk|2
|move|p1b: Staraptor|Tailwind|p1b: Staraptor
|-sidestart|p1: JvinsVGC|move: Tailwind
|
|upkeep
|turn|3
|
|t:|1782204966
|move|p2a: Metagross|Protect|p2a: Metagross
|-singleturn|p2a: Metagross|Protect
|move|p2b: Sneasler|Coaching|p2a: Metagross
|-boost|p2a: Metagross|atk|1
|-boost|p2a: Metagross|def|1
|move|p1a: Garchomp|Earthquake|p2b: Sneasler|[spread] p2b
|-activate|p2a: Metagross|move: Protect
|-immune|p1b: Staraptor
|-supereffective|p2b: Sneasler|1
|-damage|p2b: Sneasler|0 fnt
|faint|p2b: Sneasler
|-damage|p1a: Garchomp|90/100|[from] item: Life Orb
|move|p1b: Staraptor|Close Combat|p2a: Metagross
|-activate|p2a: Metagross|move: Protect
|
|upkeep
|
|t:|1782204981
|switch|p2b: Pelipper|Pelipper, L50, M|100/100
|-weather|RainDance|[from] ability: Drizzle|[of] p2b: Pelipper
|turn|4
|
|t:|1782204993
|detailschange|p2a: Metagross|Metagross-Mega, L50, shiny
|-mega|p2a: Metagross|Metagross|Metagrossite
|move|p1a: Garchomp|Earthquake|p2a: Metagross|[spread] p2a
|-immune|p1b: Staraptor
|-immune|p2b: Pelipper
|-supereffective|p2a: Metagross|1
|-damage|p2a: Metagross|9/100
|-damage|p1a: Garchomp|80/100|[from] item: Life Orb
|move|p1b: Staraptor|Close Combat|p2a: Metagross
|-damage|p2a: Metagross|0 fnt
|-boost|p1b: Staraptor|def|1
|-boost|p1b: Staraptor|spd|1
|faint|p2a: Metagross
|move|p2b: Pelipper|Tailwind|p2b: Pelipper
|-sidestart|p2: CaratroncoSun|move: Tailwind
|
|-weather|RainDance|[upkeep]
|upkeep
|
|t:|1782205007
|switch|p2a: Overqwil|Overqwil, L50, F, shiny|90/100
|turn|5
|
|t:|1782205019
|move|p2a: Overqwil|Protect|p2a: Overqwil
|-singleturn|p2a: Overqwil|Protect
|move|p2b: Pelipper|Protect|p2b: Pelipper
|-singleturn|p2b: Pelipper|Protect
|move|p1a: Garchomp|Dragon Claw|p2b: Pelipper
|-activate|p2b: Pelipper|move: Protect
|move|p1b: Staraptor|Close Combat|p2b: Pelipper
|-activate|p2b: Pelipper|move: Protect
|
|-weather|RainDance|[upkeep]
|-sideend|p1: JvinsVGC|move: Tailwind
|upkeep
|turn|6
|
|t:|1782205039
|move|p2a: Overqwil|Liquidation|p1b: Staraptor
|-damage|p1b: Staraptor|67/100
|-boost|p1b: Staraptor|def|1
|-damage|p2a: Overqwil|80/100|[from] item: Life Orb
|move|p2b: Pelipper|Hurricane|p1b: Staraptor
|-supereffective|p1b: Staraptor|1
|-damage|p1b: Staraptor|11/100
|move|p1a: Garchomp|Earthquake|p2b: Pelipper|[spread] p2a
|-immune|p1b: Staraptor
|-immune|p2b: Pelipper
|-supereffective|p2a: Overqwil|1
|-damage|p2a: Overqwil|0 fnt
|faint|p2a: Overqwil
|-damage|p1a: Garchomp|70/100|[from] item: Life Orb
|move|p1b: Staraptor|Close Combat|p2b: Pelipper
|-resisted|p2b: Pelipper|1
|-damage|p2b: Pelipper|62/100
|-boost|p1b: Staraptor|def|1
|-boost|p1b: Staraptor|spd|1
|
|-weather|RainDance|[upkeep]
|upkeep
|turn|7
|
|t:|1782205064
|move|p2b: Pelipper|Weather Ball|p1a: Garchomp
|-damage|p1a: Garchomp|0 fnt
|faint|p1a: Garchomp
|move|p1b: Staraptor|Tailwind|p1b: Staraptor
|-sidestart|p1: JvinsVGC|move: Tailwind
|
|-weather|RainDance|[upkeep]
|-sideend|p2: CaratroncoSun|move: Tailwind
|upkeep
|
|t:|1782205069
|switch|p1a: Gholdengo|Gholdengo, L50|100/100
|turn|8
|
|t:|1782205077
|move|p1a: Gholdengo|Shadow Ball|p2b: Pelipper
|-damage|p2b: Pelipper|0 fnt
|faint|p2b: Pelipper
|
|win|JvinsVGC
|raw|JvinsVGC's rating: 1091 → 1116(+25 for winning)
|raw|CaratroncoSun's rating: 1073 → 1053(-20 for losing)
