|j|☆Gentlefish
|j|☆wekapippo
|html|Gentlefishwekapippo    
|uhtml|bestof|Game 1 of a best-of-3
|t:|1757724322
|gametype|doubles
|player|p1|Gentlefish|burglar-gen1rb|1139
|player|p2|wekapippo|1|1070
|gen|9
|tier|[Gen 9] VGC 2025 Reg H (Bo3)
|rated|
|rule|Species Clause: Limit one of each Pokémon
|rule|Item Clause: Limit 1 of each item
|clearpoke
|poke|p1|Garchomp, L50, M|
|poke|p1|Gholdengo, L50|
|poke|p1|Talonflame, L50, F|
|poke|p1|Annihilape, L50, F|
|poke|p1|Weezing-Galar, L50, M|
|poke|p1|Archaludon, L50, M|
|poke|p2|Tyranitar, L50, M|
|poke|p2|Incineroar, L50, M|
|poke|p2|Gastrodon, L50, M|
|poke|p2|Sinistcha, L50|
|poke|p2|Archaludon, L50, F|
|poke|p2|Sneasler, L50, M|
|teampreview|4
|showteam|p1|Garchomp||LifeOrb|RoughSkin|StompingTantrum,Earthquake,DragonClaw,Protect|||M|||50|,,,,,Ground]Gholdengo||ChoiceSpecs|GoodasGold|MakeItRain,ShadowBall,DazzlingGleam,PowerGem||||||50|,,,,,Fairy]Talonflame||CovertCloak|GaleWings|DualWingbeat,FlareBlitz,Tailwind,Taunt|||F|||50|,,,,,Grass]Annihilape||AssaultVest|Defiant|CloseCombat,RageFist,FinalGambit,IcePunch|||F|||50|,,,,,Grass]Weezing-Galar||FocusSash|NeutralizingGas|SludgeBomb,StrangeSteam,Taunt,Protect|||M|||50|,,,,,Flying]Archaludon||PowerHerb|Sturdy|Thunderbolt,ElectroShot,DracoMeteor,Protect|||M|||50|,,,,,Electric
|showteam|p2|Tyranitar||AssaultVest|SandStream|RockSlide,KnockOff,TeraBlast,LowKick|||M|||50|,,,,,Flying]Incineroar||SafetyGoggles|Intimidate|FlareBlitz,KnockOff,FakeOut,PartingShot|||M|||50|,,,,,Ghost]Gastrodon||Leftovers|StormDrain|MuddyWater,EarthPower,Yawn,Protect|||M|||50|,,,,,Fire]Sinistcha||SitrusBerry|Hospitality|MatchaGotcha,RagePowder,LifeDew,TrickRoom||||||50|,,,,,Water]Archaludon||PowerHerb|Sturdy|DragonPulse,ElectroShot,FlashCannon,Protect|||F|||50|,,,,,Stellar]Sneasler||WhiteHerb|Unburden|FakeOut,DireClaw,CloseCombat,Protect|||M|||50|,,,,,Grass
|inactive|Battle timer is ON: inactive players will automatically lose when time's up. (requested by wekapippo)
|inactive|Gentlefish has 60 seconds left.
|
|t:|1757724410
|teamsize|p1|4
|teamsize|p2|4
|start
|switch|p1a: Talonflame|Talonflame, L50, F|100/100
|switch|p1b: Annihilape|Annihilape, L50, F|100/100
|switch|p2a: Tyranitar|Tyranitar, L50, M|100/100
|switch|p2b: Sneasler|Sneasler, L50, M|100/100
|-weather|Sandstorm|[from] ability: Sand Stream|[of] p2a: Tyranitar
|turn|1
|inactive|Gentlefish has 30 seconds left.
|inactive|wekapippo has 30 seconds left.
|
|t:|1757724439
|switch|p2a: Sinistcha|Sinistcha, L50|100/100
|move|p1a: Talonflame|Tailwind|p1a: Talonflame
|-sidestart|p1: Gentlefish|move: Tailwind
|move|p1b: Annihilape|Close Combat|p2a: Sinistcha
|-immune|p2a: Sinistcha
|move|p2b: Sneasler|Dire Claw|p1a: Talonflame
|-damage|p1a: Talonflame|35/100
|
|-weather|Sandstorm|[upkeep]
|-damage|p1a: Talonflame|29/100|[from] Sandstorm
|-damage|p1b: Annihilape|94/100|[from] Sandstorm
|-damage|p2b: Sneasler|95/100|[from] Sandstorm
|-damage|p2a: Sinistcha|94/100|[from] Sandstorm
|upkeep
|turn|2
|inactive|Gentlefish has 30 seconds left.
|inactive|wekapippo has 30 seconds left.
|inactive|wekapippo has 20 seconds left.
|inactive|wekapippo has 15 seconds left.
|
|t:|1757724481
|move|p1a: Talonflame|Taunt|p2a: Sinistcha
|-start|p2a: Sinistcha|move: Taunt
|move|p1b: Annihilape|Rage Fist|p2a: Sinistcha
|-supereffective|p2a: Sinistcha
|-damage|p2a: Sinistcha|54/100
|move|p2b: Sneasler|Dire Claw|p1a: Talonflame
|-damage|p1a: Talonflame|0 fnt
|faint|p1a: Talonflame
|cant|p2a: Sinistcha|move: Taunt|Trick Room
|
|-weather|Sandstorm|[upkeep]
|-damage|p1b: Annihilape|88/100|[from] Sandstorm
|-damage|p2b: Sneasler|89/100|[from] Sandstorm
|-damage|p2a: Sinistcha|48/100|[from] Sandstorm
|-enditem|p2a: Sinistcha|Sitrus Berry|[eat]
|-heal|p2a: Sinistcha|72/100|[from] item: Sitrus Berry
|upkeep
|
|t:|1757724493
|switch|p1a: Garchomp|Garchomp, L50, M|100/100
|turn|3
|
|t:|1757724509
|-terastallize|p1b: Annihilape|Grass
|-terastallize|p2b: Sneasler|Grass
|move|p1a: Garchomp|Earthquake|p2b: Sneasler|[spread] p1b,p2a,p2b
|-resisted|p1b: Annihilape
|-resisted|p2a: Sinistcha
|-resisted|p2b: Sneasler
|-damage|p1b: Annihilape|62/100
|-damage|p2a: Sinistcha|50/100
|-damage|p2b: Sneasler|47/100
|-damage|p1a: Garchomp|91/100|[from] item: Life Orb
|move|p1b: Annihilape|Rage Fist|p2a: Sinistcha
|-supereffective|p2a: Sinistcha
|-damage|p2a: Sinistcha|0 fnt
|faint|p2a: Sinistcha
|move|p2b: Sneasler|Close Combat|p1a: Garchomp
|-damage|p1a: Garchomp|17/100
|-unboost|p2b: Sneasler|def|1
|-unboost|p2b: Sneasler|spd|1
|-damage|p2b: Sneasler|34/100|[from] ability: Rough Skin|[of] p1a: Garchomp
|-enditem|p2b: Sneasler|White Herb
|-clearnegativeboost|p2b: Sneasler|[silent]
|
|-weather|Sandstorm|[upkeep]
|-damage|p2b: Sneasler|29/100|[from] Sandstorm
|-damage|p1b: Annihilape|56/100|[from] Sandstorm
|upkeep
|
|t:|1757724532
|switch|p2a: Incineroar|Incineroar, L50, M|100/100
|-ability|p2a: Incineroar|Intimidate|boost
|-unboost|p1a: Garchomp|atk|1
|-unboost|p1b: Annihilape|atk|1
|-ability|p1b: Annihilape|Defiant|boost
|-boost|p1b: Annihilape|atk|2
|turn|4
|inactive|Gentlefish has 30 seconds left.
|inactive|Gentlefish has 20 seconds left.
|
|t:|1757724572
|switch|p1a: Weezing|Weezing-Galar, L50, M|100/100
|-ability|p1a: Weezing|Neutralizing Gas
|move|p2b: Sneasler|Protect|p2b: Sneasler
|-singleturn|p2b: Sneasler|Protect
|move|p2a: Incineroar|Fake Out|p1b: Annihilape
|-damage|p1b: Annihilape|44/100
|cant|p1b: Annihilape|flinch
|
|-weather|Sandstorm|[upkeep]
|-damage|p1b: Annihilape|38/100|[from] Sandstorm
|-damage|p1a: Weezing|95/100|[from] Sandstorm
|-damage|p2b: Sneasler|23/100|[from] Sandstorm
|-sideend|p1: Gentlefish|move: Tailwind
|upkeep
|turn|5
|inactive|Gentlefish has 30 seconds left.
|inactive|wekapippo has 30 seconds left.
|inactive|Gentlefish has 20 seconds left.
|
|t:|1757724610
|move|p2b: Sneasler|Close Combat|p1b: Annihilape
|-damage|p1b: Annihilape|0 fnt
|-unboost|p2b: Sneasler|def|1
|-unboost|p2b: Sneasler|spd|1
|faint|p1b: Annihilape
|move|p1a: Weezing|Strange Steam|p2b: Sneasler
|-damage|p2b: Sneasler|0 fnt
|faint|p2b: Sneasler
|move|p2a: Incineroar|Flare Blitz|p1a: Weezing
|-damage|p1a: Weezing|41/100
|-damage|p2a: Incineroar|88/100|[from] Recoil
|
|-weather|none
|upkeep
|
|t:|1757724621
|switch|p2b: Tyranitar|Tyranitar, L50, M|100/100
|switch|p1b: Garchomp|Garchomp, L50, M|17/100
|turn|6
|
|t:|1757724635
|move|p1a: Weezing|Protect|p1a: Weezing
|-singleturn|p1a: Weezing|Protect
|move|p1b: Garchomp|Earthquake|p2a: Incineroar|[spread] p2a,p2b
|-activate|p1a: Weezing|move: Protect
|-supereffective|p2a: Incineroar
|-supereffective|p2b: Tyranitar
|-damage|p2a: Incineroar|0 fnt
|-damage|p2b: Tyranitar|28/100
|faint|p2a: Incineroar
|-damage|p1b: Garchomp|8/100|[from] item: Life Orb
|move|p2b: Tyranitar|Knock Off|p1b: Garchomp
|-damage|p1b: Garchomp|0 fnt
|-enditem|p1b: Garchomp|Life Orb|[from] move: Knock Off|[of] p2b: Tyranitar
|faint|p1b: Garchomp
|
|upkeep
|turn|7
|
|t:|1757724650
|move|p1a: Weezing|Strange Steam|p2b: Tyranitar
|-supereffective|p2b: Tyranitar
|-damage|p2b: Tyranitar|0 fnt
|faint|p2b: Tyranitar
|
|win|Gentlefish
||Gentlefish is ready for game 2.
||wekapippo is ready for game 2.
|uhtml|next|Next: Game 2 of 3
|l|☆wekapippo
|player|p2|
