|j|☆gobblemyflobble
|j|☆itsuduka
|html|gobblemyflobbleitsuduka    
|uhtml|bestof|Game 2 of a best-of-3
|t:|1782748158
|gametype|doubles
|player|p1|gobblemyflobble|101|1027
|player|p2|itsuduka|cheryl|1054
|gen|9
|tier|[Gen 9 Champions] VGC 2026 Reg M-B (Bo3)
|rated|
|rule|Species Clause: Limit one of each Pokémon
|rule|Item Clause: Limit 1 of each item
|clearpoke
|poke|p1|Swampert, L50, M|
|poke|p1|Gengar, L50, F|
|poke|p1|Politoed, L50, F|
|poke|p1|Hydreigon, L50, F|
|poke|p1|Archaludon, L50, F|
|poke|p1|Incineroar, L50, F|
|poke|p2|Blaziken, L50, M|
|poke|p2|Whimsicott, L50, F|
|poke|p2|Garchomp, L50, M|
|poke|p2|Kingambit, L50, M|
|poke|p2|Froslass, L50, F|
|poke|p2|Sylveon, L50, F|
|teampreview|4
|showteam|p1|Swampert||Swampertite|Torrent|Protect,WaveCrash,HighHorsepower,KnockOff|Adamant||M|||50|]Gengar||Gengarite|CursedBody|PerishSong,Disable,SludgeBomb,Protect|Modest||F|||50|]Politoed||Leftovers|Drizzle|WeatherBall,IceBeam,PerishSong,Protect|Quiet||F|||50|]Hydreigon||ChoiceScarf|Levitate|DracoMeteor,Snarl,DarkPulse,Tailwind|Timid||F|||50|]Archaludon||ChopleBerry|Stamina|ElectroShot,FlashCannon,DragonPulse,Protect|Timid||F|||50|]Incineroar||SitrusBerry|Intimidate|ThroatChop,PartingShot,Protect,FakeOut|Impish||F|||50|
|showteam|p2|Blaziken||Blazikenite|SpeedBoost|CloseCombat,FlareBlitz,StoneEdge,Detect|Adamant||M|||50|]Whimsicott||FocusSash|Prankster|EnergyBall,Tailwind,Encore,Protect|Timid||F|||50|]Garchomp||LifeOrb|RoughSkin|DragonClaw,Earthquake,StoneEdge,Protect|Jolly||M|||50|]Kingambit||BlackGlasses|Defiant|IronHead,SuckerPunch,KowtowCleave,Protect|Adamant||M|||50|]Froslass||Froslassite|SnowCloak|Blizzard,ShadowBall,AuroraVeil,Protect|Timid||F|||50|]Sylveon||FairyFeather|Pixilate|Moonblast,HyperVoice,CalmMind,Detect|Modest||F|||50|
|inactive|Battle timer is ON: inactive players will automatically lose when time's up. (requested by gobblemyflobble)
|inactive|itsuduka also wants the timer to be on.
|
|t:|1782748181
|teamsize|p1|4
|teamsize|p2|4
|start
|switch|p1a: Incineroar|Incineroar, L50, F|100/100
|switch|p1b: Swampert|Swampert, L50, M|100/100
|switch|p2a: Blaziken|Blaziken, L50, M|100/100
|switch|p2b: Whimsicott|Whimsicott, L50, F|100/100
|-ability|p1a: Incineroar|Intimidate|boost
|-unboost|p2a: Blaziken|atk|1
|-unboost|p2b: Whimsicott|atk|1
|turn|1
|inactive|gobblemyflobble has 30 seconds left.
|inactive|itsuduka has 30 seconds left.
|inactive|itsuduka has 20 seconds left.
|
|t:|1782748219
|switch|p2a: Garchomp|Garchomp, L50, M|100/100
|detailschange|p1b: Swampert|Swampert-Mega, L50, M
|-mega|p1b: Swampert|Swampert|Swampertite
|move|p2b: Whimsicott|Protect|p2b: Whimsicott
|-singleturn|p2b: Whimsicott|Protect
|move|p1a: Incineroar|Fake Out|p2b: Whimsicott
|-activate|p2b: Whimsicott|move: Protect
|move|p1b: Swampert|Wave Crash|p2a: Garchomp
|-damage|p2a: Garchomp|16/100
|-damage|p1b: Swampert|87/100|[from] ability: Rough Skin|[of] p2a: Garchomp
|-damage|p1b: Swampert|58/100|[from] Recoil
|
|upkeep
|turn|2
|inactive|itsuduka has 30 seconds left.
|
|t:|1782748250
|move|p2a: Garchomp|Protect|p2a: Garchomp
|-singleturn|p2a: Garchomp|Protect
|move|p1b: Swampert|Protect|p1b: Swampert
|-singleturn|p1b: Swampert|Protect
|move|p2b: Whimsicott|Tailwind|p2b: Whimsicott
|-sidestart|p2: itsuduka|move: Tailwind
|move|p1a: Incineroar|Parting Shot|p2a: Garchomp
|-activate|p2a: Garchomp|move: Protect
|
|upkeep
|turn|3
|inactive|gobblemyflobble has 30 seconds left.
|
|t:|1782748277
|switch|p1b: Archaludon|Archaludon, L50, F|100/100
|switch|p1a: Politoed|Politoed, L50, F|100/100
|-weather|RainDance|[from] ability: Drizzle|[of] p1a: Politoed
|move|p2b: Whimsicott|Energy Ball|p1b: Archaludon
|-resisted|p1b: Archaludon|2
|-damage|p1b: Archaludon|86/100
|-unboost|p1b: Archaludon|spd|1
|-ability|p1b: Archaludon|Stamina|boost
|-boost|p1b: Archaludon|def|1
|move|p2a: Garchomp|Stone Edge|p1a: Politoed
|-damage|p1a: Politoed|47/100
|-damage|p2a: Garchomp|7/100|[from] item: Life Orb
|
|-weather|RainDance|[upkeep]
|-heal|p1a: Politoed|53/100|[from] item: Leftovers
|upkeep
|turn|4
|inactive|gobblemyflobble has 30 seconds left.
|
|t:|1782748303
|move|p2b: Whimsicott|Protect|p2b: Whimsicott
|-singleturn|p2b: Whimsicott|Protect
|move|p2a: Garchomp|Earthquake|p1a: Politoed|[spread] p1a,p1b
|-activate|p2b: Whimsicott|move: Protect
|-supereffective|p1b: Archaludon|1
|-damage|p1a: Politoed|0 fnt
|-damage|p1b: Archaludon|34/100
|-ability|p1b: Archaludon|Stamina|boost
|-boost|p1b: Archaludon|def|1
|faint|p1a: Politoed
|-damage|p2a: Garchomp|0 fnt|[from] item: Life Orb
|faint|p2a: Garchomp
|move|p1b: Archaludon|Electro Shot||[still]
|-prepare|p1b: Archaludon|Electro Shot
|-boost|p1b: Archaludon|spa|1
|-anim|p1b: Archaludon|Electro Shot|p2b: Whimsicott
|-activate|p2b: Whimsicott|move: Protect
|
|-weather|RainDance|[upkeep]
|upkeep
|
|t:|1782748321
|switch|p2a: Sylveon|Sylveon, L50, F|100/100
|switch|p1a: Swampert|Swampert-Mega, L50, M|58/100
|turn|5
|
|t:|1782748344
|move|p2b: Whimsicott|Energy Ball|p1a: Swampert
|-supereffective|p1a: Swampert|2
|-crit|p1a: Swampert
|-damage|p1a: Swampert|0 fnt
|faint|p1a: Swampert
|move|p2a: Sylveon|Moonblast|p1b: Archaludon
|-damage|p1b: Archaludon|0 fnt
|faint|p1b: Archaludon
|
|-weather|RainDance|[upkeep]
|-sideend|p2: itsuduka|move: Tailwind
|upkeep
|
|t:|1782748352
|switch|p1a: Incineroar|Incineroar, L50, F|100/100
|-ability|p1a: Incineroar|Intimidate|boost
|-unboost|p2a: Sylveon|atk|1
|-unboost|p2b: Whimsicott|atk|1
|turn|6
|-message|gobblemyflobble forfeited.
|
|win|itsuduka
|raw|gobblemyflobble's rating: 1027 → 1014(-13 for losing)
|raw|itsuduka's rating: 1054 → 1083(+29 for winning)
|l|☆gobblemyflobble
|player|p1|
