|j|☆dominicex
|j|☆TheDoomDraogn
|html|dominicexTheDoomDraogn    
|uhtml|bestof|Game 2 of a best-of-3
|t:|1785216274
|gametype|doubles
|player|p1|dominicex|#smogonxnpa2026draftee|1410
|player|p2|TheDoomDraogn|gentleman-gen4|1322
|gen|9
|tier|[Gen 9 Champions] VGC 2026 Reg M-B (Bo3)
|rated|
|rule|Species Clause: Limit one of each Pokémon
|rule|Item Clause: Limit 1 of each item
|clearpoke
|poke|p1|Charizard, L50, M|
|poke|p1|Incineroar, L50, F|
|poke|p1|Gholdengo, L50|
|poke|p1|Whimsicott, L50, F|
|poke|p1|Garchomp, L50, M|
|poke|p1|Toxapex, L50, F, shiny|
|poke|p2|Staraptor, L50, M|
|poke|p2|Sinistcha, L50|
|poke|p2|Arcanine-Hisui, L50, F|
|poke|p2|Ninetales-Alola, L50, F|
|poke|p2|Glaceon, L50, F|
|poke|p2|Milotic, L50, M|
|teampreview|4
|showteam|p1|Charizard||CharizarditeY|Blaze|HeatWave,WeatherBall,SolarBeam,Protect|Modest||M|||50|]Incineroar||SitrusBerry|Intimidate|FakeOut,FlareBlitz,ThroatChop,PartingShot|Impish||F|||50|]Gholdengo||SpellTag|GoodasGold|MakeItRain,ShadowBall,NastyPlot,Protect|Modest|||||50|]Whimsicott||FocusSash|Prankster|Moonblast,Tailwind,Encore,Protect|Timid||F|||50|]Garchomp||LifeOrb|RoughSkin|DragonClaw,RockSlide,Earthquake,Protect|Jolly||M|||50|]Toxapex||Leftovers|Regenerator|Infestation,Toxic,WideGuard,BanefulBunker|Bold||F|||50|
|showteam|p2|Staraptor||Staraptite|Intimidate|CloseCombat,DualWingbeat,Tailwind,Protect|Jolly||M|||50|]Sinistcha||ColburBerry|Hospitality|MatchaGotcha,RagePowder,TrickRoom,StrengthSap|Calm|||||50|]Arcanine-Hisui||FocusSash|RockHead|FlareBlitz,HeadSmash,ExtremeSpeed,Protect|Jolly||F|||50|]Ninetales-Alola||LightClay|SnowWarning|IcyWind,Moonblast,FakeTears,AuroraVeil|Timid||F|||50|]Glaceon||NeverMeltIce|SnowCloak|Blizzard,FreezeDry,Wish,Protect|Modest||F|||50|]Milotic||Leftovers|Competitive|Scald,IcyWind,LifeDew,Protect|Modest||M|||50|
|
|t:|1785216294
|teamsize|p1|4
|teamsize|p2|4
|start
|switch|p1a: Gholdengo|Gholdengo, L50|100/100
|switch|p1b: Toxapex|Toxapex, L50, F, shiny|100/100
|switch|p2a: Arcanine|Arcanine-Hisui, L50, F|100/100
|switch|p2b: Milotic|Milotic, L50, M|100/100
|turn|1
|
|t:|1785216317
|move|p2a: Arcanine|Protect|p2a: Arcanine
|-singleturn|p2a: Arcanine|Protect
|move|p1a: Gholdengo|Protect|p1a: Gholdengo
|-singleturn|p1a: Gholdengo|Protect
|move|p2b: Milotic|Protect|p2b: Milotic
|-singleturn|p2b: Milotic|Protect
|move|p1b: Toxapex|Infestation|p2a: Arcanine
|-activate|p2a: Arcanine|move: Protect
|
|upkeep
|turn|2
|
|t:|1785216327
|switch|p1a: Garchomp|Garchomp, L50, M|100/100
|move|p1b: Toxapex|Wide Guard|p1b: Toxapex
|-singleturn|p1b: Toxapex|Wide Guard
|move|p2a: Arcanine|Flare Blitz|p1a: Garchomp
|-resisted|p1a: Garchomp|1
|-damage|p1a: Garchomp|70/100
|-damage|p2a: Arcanine|87/100|[from] ability: Rough Skin|[of] p1a: Garchomp
|move|p2b: Milotic|Scald|p1a: Garchomp
|-damage|p1a: Garchomp|31/100
|
|upkeep
|turn|3
|
|t:|1785216391
|move|p1a: Garchomp|Protect|p1a: Garchomp
|-singleturn|p1a: Garchomp|Protect
|move|p2a: Arcanine|Protect|p2a: Arcanine
|-singleturn|p2a: Arcanine|Protect
|move|p2b: Milotic|Scald|p1a: Garchomp
|-activate|p1a: Garchomp|move: Protect
|move|p1b: Toxapex|Toxic|p2b: Milotic
|-status|p2b: Milotic|tox
|
|-damage|p2b: Milotic|94/100 tox|[from] psn
|upkeep
|turn|4
|
|t:|1785216409
|switch|p1a: Gholdengo|Gholdengo, L50|100/100
|switch|p2a: Staraptor|Staraptor, L50, M|100/100
|-ability|p2a: Staraptor|Intimidate|boost
|-unboost|p1a: Gholdengo|atk|1
|-unboost|p1b: Toxapex|atk|1
|move|p2b: Milotic|Scald|p1a: Gholdengo
|-damage|p1a: Gholdengo|62/100
|move|p1b: Toxapex|Infestation|p2a: Staraptor
|-resisted|p2a: Staraptor|1
|-damage|p2a: Staraptor|97/100
|-activate|p2a: Staraptor|move: Infestation|[of] p1b: Toxapex
|
|-heal|p2b: Milotic|100/100 tox|[from] item: Leftovers
|-damage|p2b: Milotic|88/100 tox|[from] psn
|-damage|p2a: Staraptor|84/100|[from] move: Infestation|[partiallytrapped]
|upkeep
|turn|5
|
|t:|1785216466
|detailschange|p2a: Staraptor|Staraptor-Mega, L50, M
|-mega|p2a: Staraptor|Staraptor|Staraptite
|move|p1a: Gholdengo|Protect|p1a: Gholdengo
|-singleturn|p1a: Gholdengo|Protect
|move|p2a: Staraptor|Close Combat|p1b: Toxapex
|-resisted|p1b: Toxapex|1
|-damage|p1b: Toxapex|81/100
|-boost|p2a: Staraptor|def|1
|-boost|p2a: Staraptor|spd|1
|move|p2b: Milotic|Scald|p1a: Gholdengo
|-activate|p1a: Gholdengo|move: Protect
|move|p1b: Toxapex|Infestation|p2b: Milotic
|-damage|p2b: Milotic|85/100 tox
|-activate|p2b: Milotic|move: Infestation|[of] p1b: Toxapex
|
|-heal|p2b: Milotic|91/100 tox|[from] item: Leftovers
|-heal|p1b: Toxapex|87/100|[from] item: Leftovers
|-damage|p2b: Milotic|73/100 tox|[from] psn
|-damage|p2a: Staraptor|72/100|[from] move: Infestation|[partiallytrapped]
|-damage|p2b: Milotic|61/100 tox|[from] move: Infestation|[partiallytrapped]
|upkeep
|turn|6
|
|t:|1785216488
|move|p2a: Staraptor|Dual Wingbeat|p1a: Gholdengo
|-resisted|p1a: Gholdengo|1
|-damage|p1a: Gholdengo|51/100
|-resisted|p1a: Gholdengo|1
|-damage|p1a: Gholdengo|40/100
|-hitcount|p1a: Gholdengo|2
|move|p1a: Gholdengo|Make It Rain|p2b: Milotic|[spread] p2a,p2b
|-resisted|p2b: Milotic|1
|-damage|p2a: Staraptor|33/100
|-damage|p2b: Milotic|42/100 tox
|-unboost|p1a: Gholdengo|spa|2
|move|p2b: Milotic|Scald|p1a: Gholdengo
|-damage|p1a: Gholdengo|5/100
|move|p1b: Toxapex|Toxic|p2a: Staraptor
|-status|p2a: Staraptor|tox
|
|-heal|p2b: Milotic|48/100 tox|[from] item: Leftovers
|-heal|p1b: Toxapex|92/100|[from] item: Leftovers
|-damage|p2a: Staraptor|28/100 tox|[from] psn
|-damage|p2b: Milotic|24/100 tox|[from] psn
|-damage|p2a: Staraptor|15/100 tox|[from] move: Infestation|[partiallytrapped]
|-damage|p2b: Milotic|11/100 tox|[from] move: Infestation|[partiallytrapped]
|upkeep
|turn|7
|
|t:|1785216523
|move|p2a: Staraptor|Dual Wingbeat|p1a: Gholdengo
|-resisted|p1a: Gholdengo|1
|-damage|p1a: Gholdengo|0 fnt
|faint|p1a: Gholdengo
|-hitcount|p1: Gholdengo|1
|move|p2b: Milotic|Life Dew|p2b: Milotic|[spread] p2a,p2b
|-heal|p2a: Staraptor|40/100 tox
|-heal|p2b: Milotic|37/100 tox
|move|p1b: Toxapex|Infestation|p2a: Staraptor
|-resisted|p2a: Staraptor|2
|-damage|p2a: Staraptor|40/100 tox
|
|-heal|p2b: Milotic|43/100 tox|[from] item: Leftovers
|-heal|p1b: Toxapex|98/100|[from] item: Leftovers
|-damage|p2a: Staraptor|28/100 tox|[from] psn
|-damage|p2b: Milotic|13/100 tox|[from] psn
|-damage|p2a: Staraptor|16/100 tox|[from] move: Infestation|[partiallytrapped]
|-damage|p2b: Milotic|1/100 tox|[from] move: Infestation|[partiallytrapped]
|upkeep
|
|t:|1785216551
|switch|p1a: Charizard|Charizard, L50, M|100/100
|turn|8
|
|t:|1785216563
|detailschange|p1a: Charizard|Charizard-Mega-Y, L50, M
|-mega|p1a: Charizard|Charizard|Charizardite Y
|-weather|SunnyDay|[from] ability: Drought|[of] p1a: Charizard
|move|p2a: Staraptor|Tailwind|p2a: Staraptor
|-sidestart|p2: TheDoomDraogn|move: Tailwind
|move|p2b: Milotic|Life Dew|p2b: Milotic|[spread] p2a,p2b
|-heal|p2a: Staraptor|41/100 tox
|-heal|p2b: Milotic|26/100 tox
|move|p1a: Charizard|Weather Ball|p2a: Staraptor
|-damage|p2a: Staraptor|0 fnt
|faint|p2a: Staraptor
|move|p1b: Toxapex|Infestation|p2b: Milotic
|-damage|p2b: Milotic|23/100 tox
|
|-weather|SunnyDay|[upkeep]
|-heal|p2b: Milotic|29/100 tox|[from] item: Leftovers
|-heal|p1b: Toxapex|100/100|[from] item: Leftovers
|-damage|p2b: Milotic|0 fnt|[from] psn
|faint|p2b: Milotic
|upkeep
|
|t:|1785216576
|switch|p2a: Arcanine|Arcanine-Hisui, L50, F|87/100
|switch|p2b: Sinistcha|Sinistcha, L50|100/100
|-heal|p2a: Arcanine|100/100|[from] ability: Hospitality|[of] p2b: Sinistcha
|turn|9
|
|t:|1785216592
|move|p1a: Charizard|Protect|p1a: Charizard
|-singleturn|p1a: Charizard|Protect
|move|p1b: Toxapex|Baneful Bunker|p1b: Toxapex
|-singleturn|p1b: Toxapex|move: Protect
|move|p2b: Sinistcha|Rage Powder|p2b: Sinistcha
|-singleturn|p2b: Sinistcha|move: Rage Powder
|move|p2a: Arcanine|Head Smash|p1a: Charizard
|-activate|p1a: Charizard|move: Protect
|
|-weather|SunnyDay|[upkeep]
|upkeep
|turn|10
|
|t:|1785216605
|move|p2a: Arcanine|Head Smash|p1a: Charizard|[miss]
|-miss|p2a: Arcanine|p1a: Charizard
|move|p2b: Sinistcha|Matcha Gotcha|p1a: Charizard|[spread] p1a,p1b
|-resisted|p1a: Charizard|2
|-damage|p1a: Charizard|94/100
|-damage|p1b: Toxapex|80/100
|move|p1a: Charizard|Weather Ball|p2b: Sinistcha
|-supereffective|p2b: Sinistcha|1
|-crit|p2b: Sinistcha
|-damage|p2b: Sinistcha|0 fnt
|faint|p2b: Sinistcha
|move|p1b: Toxapex|Toxic|p2a: Arcanine
|-status|p2a: Arcanine|tox
|
|-weather|SunnyDay|[upkeep]
|-heal|p1b: Toxapex|86/100|[from] item: Leftovers
|-damage|p2a: Arcanine|94/100 tox|[from] psn
|upkeep
|turn|11
|
|t:|1785216615
|move|p2a: Arcanine|Head Smash|p1a: Charizard
|-supereffective|p1a: Charizard|2
|-damage|p1a: Charizard|0 fnt
|faint|p1a: Charizard
|move|p1b: Toxapex|Infestation|p2a: Arcanine
|-resisted|p2a: Arcanine|1
|-damage|p2a: Arcanine|92/100 tox
|-activate|p2a: Arcanine|move: Infestation|[of] p1b: Toxapex
|
|-weather|SunnyDay|[upkeep]
|-heal|p1b: Toxapex|92/100|[from] item: Leftovers
|-damage|p2a: Arcanine|80/100 tox|[from] psn
|-damage|p2a: Arcanine|68/100 tox|[from] move: Infestation|[partiallytrapped]
|-sideend|p2: TheDoomDraogn|move: Tailwind
|upkeep
|
|t:|1785216619
|switch|p1a: Garchomp|Garchomp, L50, M|31/100
|turn|12
|
|t:|1785216622
|move|p1a: Garchomp|Protect|p1a: Garchomp
|-singleturn|p1a: Garchomp|Protect
|move|p1b: Toxapex|Baneful Bunker|p1b: Toxapex
|-singleturn|p1b: Toxapex|move: Protect
|move|p2a: Arcanine|Extreme Speed|p1a: Garchomp
|-activate|p1a: Garchomp|move: Protect
|
|-weather|none
|-heal|p1b: Toxapex|98/100|[from] item: Leftovers
|-damage|p2a: Arcanine|51/100 tox|[from] psn
|-damage|p2a: Arcanine|38/100 tox|[from] move: Infestation|[partiallytrapped]
|upkeep
|turn|13
|
|t:|1785216629
|move|p2a: Arcanine|Extreme Speed|p1a: Garchomp
|-damage|p1a: Garchomp|4/100
|-damage|p2a: Arcanine|26/100 tox|[from] ability: Rough Skin|[of] p1a: Garchomp
|move|p1a: Garchomp|Dragon Claw|p2a: Arcanine
|-damage|p2a: Arcanine|0 fnt
|faint|p2a: Arcanine
|-damage|p1a: Garchomp|0 fnt|[from] item: Life Orb
|faint|p1a: Garchomp
|
|win|dominicex
||TheDoomDraogn is ready for game 3.
||dominicex is ready for game 3.
|uhtml|next|Next: Game 3 of 3
|l|☆dominicex
|player|p1|
