|j|☆Prepucio Santos
|j|☆Pzgoo
|html|Prepucio SantosPzgoo    
|uhtml|bestof|Game 2 of a best-of-3
|t:|1784109490
|gametype|doubles
|player|p1|Prepucio Santos|striker|1309
|player|p2|Pzgoo|101|1259
|gen|9
|tier|[Gen 9 Champions] VGC 2026 Reg M-B (Bo3)
|rated|
|rule|Species Clause: Limit one of each Pokémon
|rule|Item Clause: Limit 1 of each item
|clearpoke
|poke|p1|Charizard, L50, M|
|poke|p1|Kingambit, L50, F|
|poke|p1|Sylveon, L50, F|
|poke|p1|Garchomp, L50, F|
|poke|p1|Aerodactyl, L50, F|
|poke|p1|Farigiraf, L50, F|
|poke|p2|Sinistcha, L50|
|poke|p2|Incineroar, L50, M|
|poke|p2|Milotic, L50, M|
|poke|p2|Raichu, L50, M|
|poke|p2|Floette-Eternal, L50, F|
|poke|p2|Ceruledge, L50, M|
|teampreview|4
|showteam|p1|Charizard||CharizarditeY|SolarPower|WeatherBall,HeatWave,SolarBeam,Protect|Modest||M|||50|]Kingambit||FocusSash|Defiant|IronHead,SuckerPunch,KowtowCleave,LowKick|Adamant||F|||50|]Sylveon||FairyFeather|Pixilate|Protect,HyperVoice,HyperBeam,QuickAttack|Modest||F|||50|]Garchomp||LifeOrb|RoughSkin|Protect,DragonClaw,Earthquake,RockSlide|Jolly||F|||50|]Aerodactyl||Aerodactylite|Unnerve|IceFang,RockSlide,Tailwind,DualWingbeat|Jolly||F|||50|]Farigiraf||SitrusBerry|ArmorTail|TrickRoom,Psychic,Thunderbolt,SunnyDay|Bold||F|||50|
|showteam|p2|Sinistcha||KasibBerry|Hospitality|MatchaGotcha,LifeDew,RagePowder,Protect|Relaxed|||||50|]Incineroar||SitrusBerry|Intimidate|FlareBlitz,ThroatChop,FakeOut,PartingShot|Impish||M|||50|]Milotic||Leftovers|Competitive|MuddyWater,Coil,Hypnosis,Protect|Calm||M|||50|]Raichu||RaichuniteY|LightningRod|ZapCannon,FocusBlast,FakeOut,Protect|Timid||M|||50|]Floette-Eternal||Floettite|FlowerVeil|DazzlingGleam,DrainingKiss,CalmMind,Protect|Timid||F|||50|]Ceruledge||ColburBerry|FlashFire|BitterBlade,ShadowSneak,BulkUp,Protect|Adamant||M|||50|
|inactive|Battle timer is ON: inactive players will automatically lose when time's up. (requested by Prepucio Santos)
|inactive|Pzgoo has 60 seconds left.
|
|t:|1784109541
|teamsize|p1|4
|teamsize|p2|4
|start
|switch|p1a: Aerodactyl|Aerodactyl, L50, F|100/100
|switch|p1b: Kingambit|Kingambit, L50, F|100/100
|switch|p2a: Milotic|Milotic, L50, M|100/100
|switch|p2b: Floette|Floette-Eternal, L50, F|100/100
|-ability|p1a: Aerodactyl|Unnerve
|turn|1
|inactive|Prepucio Santos has 30 seconds left.
|inactive|Prepucio Santos has 20 seconds left.
|inactive|Prepucio Santos has 15 seconds left.
|inactive|Prepucio Santos has 10 seconds left.
|
|t:|1784109588
|detailschange|p1a: Aerodactyl|Aerodactyl-Mega, L50, F
|-mega|p1a: Aerodactyl|Aerodactyl|Aerodactylite
|detailschange|p2b: Floette|Floette-Mega, L50, F
|-mega|p2b: Floette|Floette|Floettite
|-ability|p2b: Floette|Fairy Aura
|move|p2b: Floette|Protect|p2b: Floette
|-singleturn|p2b: Floette|Protect
|move|p1a: Aerodactyl|Tailwind|p1a: Aerodactyl
|-sidestart|p1: Prepucio Santos|move: Tailwind
|move|p1b: Kingambit|Kowtow Cleave|p2a: Milotic
|-damage|p2a: Milotic|59/100
|move|p2a: Milotic|Coil|p2a: Milotic
|-boost|p2a: Milotic|atk|1
|-boost|p2a: Milotic|def|1
|-boost|p2a: Milotic|accuracy|1
|
|-heal|p2a: Milotic|65/100|[from] item: Leftovers
|upkeep
|turn|2
|
|t:|1784109608
|switch|p2b: Sinistcha|Sinistcha, L50|100/100
|-heal|p2a: Milotic|90/100|[from] ability: Hospitality|[of] p2b: Sinistcha
|move|p1a: Aerodactyl|Rock Slide|p2a: Milotic|[spread] p2a,p2b
|-crit|p2a: Milotic
|-damage|p2a: Milotic|52/100
|-damage|p2b: Sinistcha|77/100
|move|p1b: Kingambit|Iron Head|p2b: Sinistcha
|-crit|p2b: Sinistcha
|-damage|p2b: Sinistcha|15/100
|move|p2a: Milotic|Coil|p2a: Milotic
|-boost|p2a: Milotic|atk|1
|-boost|p2a: Milotic|def|1
|-boost|p2a: Milotic|accuracy|1
|
|-heal|p2a: Milotic|58/100|[from] item: Leftovers
|upkeep
|turn|3
|inactive|Prepucio Santos has 30 seconds left.
|inactive|Pzgoo has 30 seconds left.
|
|t:|1784109636
|switch|p1b: Farigiraf|Farigiraf, L50, F|100/100
|move|p2a: Milotic|Protect|p2a: Milotic
|-singleturn|p2a: Milotic|Protect
|move|p1a: Aerodactyl|Rock Slide|p2b: Sinistcha|[spread] p2b
|-activate|p2a: Milotic|move: Protect
|-damage|p2b: Sinistcha|0 fnt
|faint|p2b: Sinistcha
|
|-heal|p2a: Milotic|64/100|[from] item: Leftovers
|upkeep
|
|t:|1784109646
|switch|p2b: Incineroar|Incineroar, L50, M|100/100
|-ability|p2b: Incineroar|Intimidate|boost
|-unboost|p1a: Aerodactyl|atk|1
|-unboost|p1b: Farigiraf|atk|1
|turn|4
|
|t:|1784109665
|move|p1a: Aerodactyl|Rock Slide|p2b: Incineroar|[spread] p2a,p2b
|-supereffective|p2b: Incineroar|1
|-damage|p2a: Milotic|56/100
|-damage|p2b: Incineroar|76/100
|move|p1b: Farigiraf|Thunderbolt|p2a: Milotic
|-supereffective|p2a: Milotic|1
|-damage|p2a: Milotic|28/100
|move|p2a: Milotic|Hypnosis|p1b: Farigiraf
|-status|p1b: Farigiraf|slp|[from] move: Hypnosis
|cant|p2b: Incineroar|flinch
|
|-heal|p2a: Milotic|34/100|[from] item: Leftovers
|-sideend|p1: Prepucio Santos|move: Tailwind
|upkeep
|turn|5
|
|t:|1784109689
|move|p1a: Aerodactyl|Tailwind|p1a: Aerodactyl
|-sidestart|p1: Prepucio Santos|move: Tailwind
|cant|p1b: Farigiraf|slp
|move|p2a: Milotic|Muddy Water|p1a: Aerodactyl|[spread] p1a,p1b
|-supereffective|p1a: Aerodactyl|1
|-damage|p1a: Aerodactyl|48/100
|-damage|p1b: Farigiraf|77/100 slp
|move|p2b: Incineroar|Parting Shot|p1b: Farigiraf
|-unboost|p1b: Farigiraf|atk|1
|-unboost|p1b: Farigiraf|spa|1
|
|t:|1784109696
|switch|p2b: Floette|Floette-Mega, L50, F|100/100|[from] Parting Shot
|-ability|p2b: Floette|Fairy Aura
|
|-heal|p2a: Milotic|40/100|[from] item: Leftovers
|upkeep
|turn|6
|
|t:|1784109712
|switch|p2b: Incineroar|Incineroar, L50, M|76/100
|-ability|p2b: Incineroar|Intimidate|boost
|-unboost|p1a: Aerodactyl|atk|1
|-unboost|p1b: Farigiraf|atk|1
|move|p1a: Aerodactyl|Rock Slide|p2b: Incineroar|[spread] p2a,p2b
|-supereffective|p2b: Incineroar|1
|-damage|p2a: Milotic|34/100
|-damage|p2b: Incineroar|57/100
|cant|p1b: Farigiraf|slp
|move|p2a: Milotic|Coil|p2a: Milotic
|-boost|p2a: Milotic|atk|1
|-boost|p2a: Milotic|def|1
|-boost|p2a: Milotic|accuracy|1
|
|-heal|p2a: Milotic|40/100|[from] item: Leftovers
|upkeep
|turn|7
|
|t:|1784109733
|switch|p1a: Kingambit|Kingambit, L50, F|100/100
|-curestatus|p1b: Farigiraf|slp|[msg]
|move|p1b: Farigiraf|Thunderbolt|p2a: Milotic
|-supereffective|p2a: Milotic|1
|-damage|p2a: Milotic|19/100
|move|p2a: Milotic|Muddy Water|p1b: Farigiraf|[spread] p1a,p1b
|-crit|p1a: Kingambit
|-damage|p1a: Kingambit|60/100
|-damage|p1b: Farigiraf|55/100
|move|p2b: Incineroar|Throat Chop|p1b: Farigiraf
|-supereffective|p1b: Farigiraf|1
|-damage|p1b: Farigiraf|4/100
|-start|p1b: Farigiraf|Throat Chop|[silent]
|-enditem|p1b: Farigiraf|Sitrus Berry|[eat]
|-heal|p1b: Farigiraf|29/100|[from] item: Sitrus Berry
|
|-heal|p2a: Milotic|25/100|[from] item: Leftovers
|upkeep
|turn|8
|inactive|Prepucio Santos has 30 seconds left.
|inactive|Prepucio Santos has 20 seconds left.
|
|t:|1784109770
|move|p2a: Milotic|Protect|p2a: Milotic
|-singleturn|p2a: Milotic|Protect
|move|p1a: Kingambit|Iron Head|p2b: Incineroar
|-resisted|p2b: Incineroar|1
|-crit|p2b: Incineroar
|-damage|p2b: Incineroar|32/100
|-enditem|p2b: Incineroar|Sitrus Berry|[eat]
|-heal|p2b: Incineroar|57/100|[from] item: Sitrus Berry
|move|p1b: Farigiraf|Thunderbolt|p2a: Milotic
|-activate|p2a: Milotic|move: Protect
|move|p2b: Incineroar|Flare Blitz|p1a: Kingambit
|-supereffective|p1a: Kingambit|1
|-damage|p1a: Kingambit|0 fnt
|faint|p1a: Kingambit
|-damage|p2b: Incineroar|40/100|[from] Recoil
|
|-heal|p2a: Milotic|31/100|[from] item: Leftovers
|-end|p1b: Farigiraf|Throat Chop|[silent]
|-sideend|p1: Prepucio Santos|move: Tailwind
|upkeep
|
|t:|1784109781
|switch|p1a: Aerodactyl|Aerodactyl-Mega, L50, F|48/100
|turn|9
|
|t:|1784109795
|move|p1a: Aerodactyl|Tailwind|p1a: Aerodactyl
|-sidestart|p1: Prepucio Santos|move: Tailwind
|move|p1b: Farigiraf|Thunderbolt|p2a: Milotic
|-supereffective|p2a: Milotic|1
|-damage|p2a: Milotic|11/100
|move|p2a: Milotic|Muddy Water|p1a: Aerodactyl|[spread] p1a,p1b
|-supereffective|p1a: Aerodactyl|1
|-crit|p1a: Aerodactyl
|-damage|p1a: Aerodactyl|0 fnt
|-damage|p1b: Farigiraf|5/100
|faint|p1a: Aerodactyl
|move|p2b: Incineroar|Throat Chop|p1b: Farigiraf
|-supereffective|p1b: Farigiraf|1
|-damage|p1b: Farigiraf|0 fnt
|faint|p1b: Farigiraf
|
|-heal|p2a: Milotic|17/100|[from] item: Leftovers
|upkeep
|
|t:|1784109801
|switch|p1b: Sylveon|Sylveon, L50, F|100/100
|turn|10
|
|t:|1784109810
|move|p2a: Milotic|Protect|p2a: Milotic
|-singleturn|p2a: Milotic|Protect
|move|p1b: Sylveon|Hyper Voice|p2b: Incineroar|[spread] p2b
|-activate|p2a: Milotic|move: Protect
|-damage|p2b: Incineroar|0 fnt
|faint|p2b: Incineroar
|
|-heal|p2a: Milotic|23/100|[from] item: Leftovers
|upkeep
|
|t:|1784109816
|switch|p2b: Floette|Floette-Mega, L50, F|100/100
|-ability|p2b: Floette|Fairy Aura
|turn|11
|
|t:|1784109822
|move|p1b: Sylveon|Hyper Voice|p2a: Milotic|[spread] p2a,p2b
|-damage|p2a: Milotic|0 fnt
|-damage|p2b: Floette|49/100
|faint|p2a: Milotic
|move|p2b: Floette|Calm Mind|p2b: Floette
|-boost|p2b: Floette|spa|1
|-boost|p2b: Floette|spd|1
|
|upkeep
|turn|12
|
|t:|1784109831
|move|p2b: Floette|Protect|p2b: Floette
|-singleturn|p2b: Floette|Protect
|move|p1b: Sylveon|Hyper Beam|p2b: Floette
|-activate|p2b: Floette|move: Protect
|
|-sideend|p1: Prepucio Santos|move: Tailwind
|upkeep
|turn|13
|
|t:|1784109835
|move|p2b: Floette|Draining Kiss|p1b: Sylveon
|-damage|p1b: Sylveon|57/100
|-heal|p2b: Floette|85/100|[from] drain|[of] p1b: Sylveon
|move|p1b: Sylveon|Hyper Beam|p2b: Floette|[miss]
|-miss|p1b: Sylveon|p2b: Floette
|
|upkeep
|turn|14
|
|t:|1784109845
|move|p2b: Floette|Dazzling Gleam|p1b: Sylveon
|-damage|p1b: Sylveon|0 fnt
|faint|p1b: Sylveon
|
|win|Pzgoo
