|j|☆underlinegui
|j|☆Ma maybe
|html|underlineguiMa maybe    
|uhtml|bestof|Game 3 of a best-of-3
|t:|1784399242
|gametype|doubles
|player|p1|underlinegui|265|1089
|player|p2|Ma maybe|265|1040
|gen|9
|tier|[Gen 9 Champions] VGC 2026 Reg M-B (Bo3)
|rated|
|rule|Species Clause: Limit one of each Pokémon
|rule|Item Clause: Limit 1 of each item
|clearpoke
|poke|p1|Garchomp, L50, F|
|poke|p1|Whimsicott, L50, F|
|poke|p1|Annihilape, L50, F|
|poke|p1|Charizard, L50, F|
|poke|p1|Maushold, L50|
|poke|p1|Floette-Eternal, L50, F|
|poke|p2|Mawile, L50, M|
|poke|p2|Sinistcha, L50|
|poke|p2|Archaludon, L50, F|
|poke|p2|Pelipper, L50, M|
|poke|p2|Swampert, L50, M|
|poke|p2|Incineroar, L50, F|
|teampreview|4
|showteam|p1|Garchomp||ChoiceScarf|RoughSkin|Earthquake,StompingTantrum,RockSlide,DragonClaw|Adamant||F|||50|]Whimsicott||FocusSash|Prankster|EnergyBall,Tailwind,Encore,Protect|Timid||F|||50|]Annihilape||Leftovers|Defiant|Protect,RageFist,CloseCombat,BulkUp|Jolly||F|||50|]Charizard||CharizarditeY|Blaze|Protect,HeatWave,WeatherBall,SolarBeam|Timid||F|||50|]Maushold||WideLens|Technician|PopulationBomb,FollowMe,Uturn,Protect|Jolly|||||50|]Floette-Eternal||Floettite|FlowerVeil|Protect,LightofRuin,Moonblast,DazzlingGleam|Timid||F|||50|
|showteam|p2|Mawile||Mawilite|Intimidate|PlayRough,Protect,SwordsDance,SuckerPunch|Brave||M|||50|]Sinistcha||CobaBerry|Hospitality|TrickRoom,MatchaGotcha,LifeDew,RagePowder|Relaxed|||||50|]Archaludon||Leftovers|Stamina|FlashCannon,ElectroShot,Protect,DragonPulse|Modest||F|||50|]Pelipper||FocusSash|Drizzle|HydroPump,Tailwind,Protect,Hurricane|Bold||M|||50|]Swampert||Swampertite|Damp|Protect,WaveCrash,Earthquake,HighHorsepower|Adamant||M|||50|]Incineroar||SitrusBerry|Intimidate|FakeOut,PartingShot,DarkestLariat,FlareBlitz|Impish||F|||50|
|inactive|Battle timer is ON: inactive players will automatically lose when time's up. (requested by underlinegui)
|
|t:|1784399266
|teamsize|p1|4
|teamsize|p2|4
|start
|switch|p1a: Garchomp|Garchomp, L50, F|100/100
|switch|p1b: Annihilape|Annihilape, L50, F|100/100
|switch|p2a: Sinistcha|Sinistcha, L50|100/100
|switch|p2b: Mawile|Mawile, L50, M|100/100
|-ability|p2b: Mawile|Intimidate|boost
|-unboost|p1a: Garchomp|atk|1
|-unboost|p1b: Annihilape|atk|1
|-ability|p1b: Annihilape|Defiant|boost
|-boost|p1b: Annihilape|atk|2
|turn|1
|inactive|Ma maybe has 30 seconds left.
|
|t:|1784399300
|move|p2b: Mawile|Protect|p2b: Mawile
|-singleturn|p2b: Mawile|Protect
|move|p1a: Garchomp|Earthquake|p2b: Mawile|[spread] p1b,p2a
|-activate|p2b: Mawile|move: Protect
|-resisted|p2a: Sinistcha|1
|-damage|p1b: Annihilape|65/100
|-damage|p2a: Sinistcha|87/100
|move|p1b: Annihilape|Rage Fist|p2a: Sinistcha
|-supereffective|p2a: Sinistcha|1
|-damage|p2a: Sinistcha|0 fnt
|faint|p2a: Sinistcha
|
|-heal|p1b: Annihilape|71/100|[from] item: Leftovers
|upkeep
|
|t:|1784399314
|switch|p2a: Archaludon|Archaludon, L50, F|100/100
|turn|2
|
|t:|1784399322
|detailschange|p2b: Mawile|Mawile-Mega, L50, M
|-mega|p2b: Mawile|Mawile|Mawilite
|move|p2b: Mawile|Sucker Punch|p1b: Annihilape
|-damage|p1b: Annihilape|30/100
|move|p1a: Garchomp|Earthquake|p2a: Archaludon|[spread] p1b,p2a,p2b
|-supereffective|p2a: Archaludon|1
|-supereffective|p2b: Mawile|1
|-damage|p1b: Annihilape|0 fnt
|-damage|p2a: Archaludon|57/100
|-damage|p2b: Mawile|49/100
|-ability|p2a: Archaludon|Stamina|boost
|-boost|p2a: Archaludon|def|1
|faint|p1b: Annihilape
|move|p2a: Archaludon|Dragon Pulse|p1a: Garchomp
|-supereffective|p1a: Garchomp|1
|-damage|p1a: Garchomp|1/100
|
|-heal|p2a: Archaludon|63/100|[from] item: Leftovers
|upkeep
|
|t:|1784399331
|switch|p1b: Maushold|Maushold, L50|100/100
|turn|3
|inactive|Ma maybe has 30 seconds left.
|inactive|Ma maybe has 20 seconds left.
|
|t:|1784399367
|switch|p1a: Charizard|Charizard, L50, F|100/100
|switch|p2b: Pelipper|Pelipper, L50, M|100/100
|-weather|RainDance|[from] ability: Drizzle|[of] p2b: Pelipper
|move|p1b: Maushold|Population Bomb|p2b: Pelipper
|-damage|p2b: Pelipper|90/100
|-crit|p2b: Pelipper
|-damage|p2b: Pelipper|74/100
|-damage|p2b: Pelipper|63/100
|-damage|p2b: Pelipper|52/100
|-damage|p2b: Pelipper|42/100
|-damage|p2b: Pelipper|30/100
|-damage|p2b: Pelipper|20/100y
|-damage|p2b: Pelipper|9/100
|-damage|p2b: Pelipper|0 fnt
|faint|p2b: Pelipper
|-hitcount|p2: Pelipper|9
|move|p2a: Archaludon|Electro Shot||[still]
|-prepare|p2a: Archaludon|Electro Shot
|-boost|p2a: Archaludon|spa|1
|-anim|p2a: Archaludon|Electro Shot|p1b: Maushold
|-damage|p1b: Maushold|6/100
|
|-weather|RainDance|[upkeep]
|-heal|p2a: Archaludon|69/100|[from] item: Leftovers
|upkeep
|
|t:|1784399377
|switch|p2b: Mawile|Mawile-Mega, L50, M|49/100
|turn|4
|
|t:|1784399395
|detailschange|p1a: Charizard|Charizard-Mega-Y, L50, F
|-mega|p1a: Charizard|Charizard|Charizardite Y
|-weather|SunnyDay|[from] ability: Drought|[of] p1a: Charizard
|move|p2b: Mawile|Protect|p2b: Mawile
|-singleturn|p2b: Mawile|Protect
|move|p1b: Maushold|Follow Me|p1b: Maushold
|-singleturn|p1b: Maushold|move: Follow Me
|move|p1a: Charizard|Heat Wave|p2a: Archaludon|[spread] p2a
|-activate|p2b: Mawile|move: Protect
|-damage|p2a: Archaludon|0 fnt
|faint|p2a: Archaludon
|
|-weather|SunnyDay|[upkeep]
|upkeep
|turn|5
|-message|Ma maybe forfeited.
|
|win|underlinegui
|raw|underlinegui's rating: 1089 → 1112(+23 for winning)
|raw|Ma maybe's rating: 1040 → 1026(-14 for losing)
|l|☆Ma maybe
|player|p2|
