|j|☆TobiYume
|j|☆spacesnake11
|html|TobiYumespacesnake11    
|uhtml|bestof|Game 2 of a best-of-3
|t:|1757180898
|gametype|doubles
|player|p1|TobiYume|roxie|1141
|player|p2|spacesnake11|169|1185
|gen|9
|tier|[Gen 9] VGC 2025 Reg H (Bo3)
|rated|
|rule|Species Clause: Limit one of each Pokémon
|rule|Item Clause: Limit 1 of each item
|clearpoke
|poke|p1|Garchomp, L50, M|
|poke|p1|Talonflame, L50, F|
|poke|p1|Sylveon, L50, F|
|poke|p1|Tyranitar, L50, M|
|poke|p1|Decidueye-Hisui, L50, F|
|poke|p1|Gholdengo, L50|
|poke|p2|Porygon2, L50|
|poke|p2|Ursaluna, L50, F|
|poke|p2|Incineroar, L50, F|
|poke|p2|Amoonguss, L50, F|
|poke|p2|Gholdengo, L50|
|poke|p2|Hydreigon, L50, F|
|teampreview|4
|showteam|p1|Garchomp||LifeOrb|RoughSkin|DragonClaw,StompingTantrum,Earthquake,Protect|||M|||50|,,,,,Steel]Talonflame||CovertCloak|GaleWings|Tailwind,WillOWisp,BraveBird,Taunt|||F|||50|,,,,,Grass]Sylveon||ThroatSpray|Pixilate|HyperVoice,HyperBeam,TeraBlast,Protect|||F|||50|,,,,,Water]Tyranitar||AssaultVest|SandStream|RockSlide,KnockOff,TeraBlast,LowKick|||M|||50|,,,,,Flying]Decidueye-Hisui||RazorClaw|Scrappy|TripleArrows,LeafBlade,SuckerPunch,Protect|||F|||50|,,,,,Fire]Gholdengo||Leftovers|GoodasGold|MakeItRain,ShadowBall,NastyPlot,Protect||||||50|,,,,,Dragon
|showteam|p2|Porygon2||Eviolite|Download|TeraBlast,IceBeam,TrickRoom,Recover||||||50|,,,,,Fighting]Ursaluna||FlameOrb|Guts|Facade,HeadlongRush,Earthquake,Protect|||F|||50|,,,,,Ghost]Incineroar||SitrusBerry|Intimidate|FakeOut,KnockOff,FlareBlitz,PartingShot|||F|||50|,,,,,Ghost]Amoonguss||RockyHelmet|Regenerator|Spore,RagePowder,PollenPuff,Protect|||F|||50|,,,,,Fairy]Gholdengo||MetalCoat|GoodasGold|MakeItRain,ShadowBall,NastyPlot,Protect||||||50|,,,,,Water]Hydreigon||SafetyGoggles|Levitate|DracoMeteor,Snarl,Tailwind,Protect|||F|||50|,,,,,Ghost
|inactive|Battle timer is ON: inactive players will automatically lose when time's up. (requested by TobiYume)
|inactive|spacesnake11 has 60 seconds left.
|
|t:|1757180959
|teamsize|p1|4
|teamsize|p2|4
|start
|switch|p1a: Elie|Talonflame, L50, F|100/100
|switch|p1b: Noel|Decidueye-Hisui, L50, F|100/100
|switch|p2a: Porygon2|Porygon2, L50|100/100
|switch|p2b: Incineroar|Incineroar, L50, F|100/100
|-ability|p2b: Incineroar|Intimidate|boost
|-unboost|p1a: Elie|atk|1
|-fail|p1b: Noel|unboost|Attack|[from] ability: Scrappy|[of] p1b: Noel
|-ability|p2a: Porygon2|Download|boost
|-boost|p2a: Porygon2|spa|1
|turn|1
|
|t:|1757180983
|move|p1b: Noel|Protect|p1b: Noel
|-singleturn|p1b: Noel|Protect
|move|p1a: Elie|Taunt|p2a: Porygon2
|-start|p2a: Porygon2|move: Taunt
|move|p2b: Incineroar|Parting Shot|p1b: Noel
|-activate|p1b: Noel|move: Protect
|cant|p2a: Porygon2|move: Taunt|Trick Room
|
|upkeep
|turn|2
|
|t:|1757181003
|-terastallize|p1b: Noel|Fire
|-terastallize|p2a: Porygon2|Fighting
|move|p1a: Elie|Tailwind|p1a: Elie
|-sidestart|p1: TobiYume|move: Tailwind
|move|p1b: Noel|Triple Arrows|p2b: Incineroar
|-supereffective|p2b: Incineroar
|-damage|p2b: Incineroar|31/100
|-enditem|p2b: Incineroar|Sitrus Berry|[eat]
|-heal|p2b: Incineroar|56/100|[from] item: Sitrus Berry
|move|p2b: Incineroar|Parting Shot|p1a: Elie
|-unboost|p1a: Elie|atk|1
|-unboost|p1a: Elie|spa|1
|
|t:|1757181020
|switch|p2b: Hydreigon|Hydreigon, L50, F|100/100|[from] Parting Shot
|move|p2a: Porygon2|Ice Beam|p1b: Noel
|-resisted|p1b: Noel
|-damage|p1b: Noel|80/100
|
|upkeep
|turn|3
|
|t:|1757181027
|switch|p1a: Tio|Sylveon, L50, F|100/100
|switch|p2b: Incineroar|Incineroar, L50, F|56/100
|-ability|p2b: Incineroar|Intimidate|boost
|-unboost|p1a: Tio|atk|1
|-fail|p1b: Noel|unboost|Attack|[from] ability: Scrappy|[of] p1b: Noel
|move|p1b: Noel|Triple Arrows|p2b: Incineroar
|-supereffective|p2b: Incineroar
|-damage|p2b: Incineroar|0 fnt
|faint|p2b: Incineroar
|move|p2a: Porygon2|Tera Blast|p1b: Noel|[anim] Tera Blast Fighting
|-damage|p1b: Noel|21/100
|
|-end|p2a: Porygon2|move: Taunt
|upkeep
|
|t:|1757181040
|switch|p2b: Ursaluna|Ursaluna, L50, F|100/100
|turn|4
|
|t:|1757181073
|switch|p2b: Hydreigon|Hydreigon, L50, F|100/100
|move|p1b: Noel|Triple Arrows|p2b: Hydreigon
|-supereffective|p2b: Hydreigon
|-damage|p2b: Hydreigon|0 fnt
|faint|p2b: Hydreigon
|move|p1a: Tio|Hyper Beam|p2a: Porygon2|[miss]
|-miss|p1a: Tio|p2a: Porygon2
|move|p2a: Porygon2|Trick Room|p2a: Porygon2
|-fieldstart|move: Trick Room|[of] p2a: Porygon2
|
|upkeep
|
|t:|1757181085
|switch|p2b: Ursaluna|Ursaluna, L50, F|100/100
|turn|5
|
|t:|1757181108
|move|p2b: Ursaluna|Earthquake|p1b: Noel|[spread] p2a,p1a,p1b
|-supereffective|p1b: Noel
|-damage|p2a: Porygon2|72/100
|-damage|p1a: Tio|46/100
|-damage|p1b: Noel|0 fnt
|faint|p1b: Noel
|move|p2a: Porygon2|Ice Beam|p1a: Tio
|-damage|p1a: Tio|16/100
|move|p1a: Tio|Hyper Voice|p2b: Ursaluna|[spread] p2a,p2b
|-supereffective|p2a: Porygon2
|-damage|p2a: Porygon2|21/100
|-damage|p2b: Ursaluna|68/100
|-enditem|p1a: Tio|Throat Spray
|-boost|p1a: Tio|spa|1|[from] item: Throat Spray
|
|-sideend|p1: TobiYume|move: Tailwind
|-status|p2b: Ursaluna|brn|[from] item: Flame Orb
|upkeep
|
|t:|1757181121
|switch|p1b: Elie|Talonflame, L50, F|100/100
|turn|6
|inactive|spacesnake11 has 30 seconds left.
|
|t:|1757181147
|move|p1a: Tio|Protect|p1a: Tio
|-singleturn|p1a: Tio|Protect
|move|p1b: Elie|Brave Bird|p2a: Porygon2
|-supereffective|p2a: Porygon2
|-damage|p2a: Porygon2|0 fnt
|faint|p2a: Porygon2
|-damage|p1b: Elie|93/100|[from] Recoil
|move|p2b: Ursaluna|Facade|p1a: Tio
|-activate|p1a: Tio|move: Protect
|
|-damage|p2b: Ursaluna|62/100 brn|[from] brn
|upkeep
|turn|7
|
|t:|1757181166
|switch|p1a: Randy|Tyranitar, L50, M|100/100
|-weather|Sandstorm|[from] ability: Sand Stream|[of] p1a: Randy
|move|p2b: Ursaluna|Facade|p1b: Elie
|-damage|p1b: Elie|0 fnt
|faint|p1b: Elie
|
|-weather|Sandstorm|[upkeep]
|-damage|p2b: Ursaluna|56/100 brn|[from] brn
|upkeep
|
|t:|1757181174
|switch|p1b: Tio|Sylveon, L50, F|16/100
|turn|8
|
|t:|1757181188
|move|p1b: Tio|Protect|p1b: Tio
|-singleturn|p1b: Tio|Protect
|move|p2b: Ursaluna|Earthquake|p1a: Randy|[spread] p1a
|-activate|p1b: Tio|move: Protect
|-supereffective|p1a: Randy
|-damage|p1a: Randy|0 fnt
|faint|p1a: Randy
|
|-weather|Sandstorm|[upkeep]
|-damage|p1b: Tio|10/100|[from] Sandstorm
|-damage|p2b: Ursaluna|50/100 brn|[from] brn
|-fieldend|move: Trick Room
|upkeep
|turn|9
|
|t:|1757181197
|move|p1b: Tio|Hyper Beam|p2b: Ursaluna
|-damage|p2b: Ursaluna|0 fnt
|-mustrecharge|p1b: Tio
|faint|p2b: Ursaluna
|
|win|TobiYume
||TobiYume is ready for game 3.
|l|☆spacesnake11
|player|p2|
|inactive|spacesnake11 has 30 seconds to confirm battle start!
||spacesnake11 is ready for game 3.
|uhtml|next|Next: Game 3 of 3
