|j|☆P0trak
|j|☆NinjaMeerkat
|html|P0trakNinjaMeerkat    
|uhtml|bestof|Game 2 of a best-of-3
|t:|1783196185
|gametype|doubles
|player|p1|P0trak|ethan-masters|
|player|p2|NinjaMeerkat|beni-ninja|
|gen|9
|tier|[Gen 9 Champions] VGC 2026 Reg M-B (Bo3)
|rule|Species Clause: Limit one of each Pokémon
|rule|Item Clause: Limit 1 of each item
|clearpoke
|poke|p1|Lycanroc-Dusk, L50, M|
|poke|p1|Froslass, L50, F|
|poke|p1|Scovillain, L50, F|
|poke|p1|Basculegion, L50, M|
|poke|p1|Kingambit, L50, F|
|poke|p1|Sneasler, L50, F|
|poke|p2|Sinistcha, L50|
|poke|p2|Incineroar, L50, M|
|poke|p2|Milotic, L50, F|
|poke|p2|Raichu, L50, M|
|poke|p2|Floette-Eternal, L50, F|
|poke|p2|Ceruledge, L50, F|
|teampreview|4
|showteam|p1|Lycanroc-Dusk||FocusSash|ToughClaws|RockSlide,CloseCombat,Accelerock,Protect|Adamant||M|||50|]Froslass||Froslassite|SnowCloak|Blizzard,ShadowBall,AuroraVeil,Protect|Modest||F|||50|]Scovillain||Scovillainite|Chlorophyll|Overheat,GigaDrain,RagePowder,Protect|Bold||F|||50|]Basculegion||SitrusBerry|Adaptability|WaveCrash,LastRespects,AquaJet,Protect|Adamant||M|||50|]Kingambit||BlackGlasses|Defiant|KowtowCleave,SuckerPunch,SwordsDance,Protect|Adamant||F|||50|]Sneasler||WhiteHerb|Unburden|CloseCombat,DireClaw,FakeOut,Protect|Adamant||F|||50|
|showteam|p2|Sinistcha||KasibBerry|Hospitality|MatchaGotcha,LifeDew,RagePowder,Protect|Relaxed|||||50|]Incineroar||SitrusBerry|Intimidate|FlareBlitz,ThroatChop,FakeOut,PartingShot|Impish||M|||50|]Milotic||Leftovers|Competitive|MuddyWater,Coil,Hypnosis,Protect|Calm||F|||50|]Raichu||RaichuniteY|LightningRod|ZapCannon,FocusBlast,FakeOut,Protect|Timid||M|||50|]Floette-Eternal||Floettite|FlowerVeil|DazzlingGleam,DrainingKiss,CalmMind,Protect|Timid||F|||50|]Ceruledge||ColburBerry|FlashFire|BitterBlade,ShadowSneak,BulkUp,Protect|Adamant||F|||50|
|j| teslobo
|j| Cerebellibrarian
|j| mew mew season 2
|j| Mawilemann
|l| mew mew season 2
|j| mew mew season 2
|
|t:|1783196340
|teamsize|p1|4
|teamsize|p2|4
|start
|switch|p1a: can't see?|Froslass, L50, F|100/100
|switch|p1b: no mercy|Sneasler, L50, F|100/100
|switch|p2a: Raichu|Raichu, L50, M|100/100
|switch|p2b: Milotic|Milotic, L50, F|100/100
|turn|1
|
|t:|1783196398
|detailschange|p2a: Raichu|Raichu-Mega-Y, L50, M
|-mega|p2a: Raichu|Raichu|Raichunite Y
|detailschange|p1a: can't see?|Froslass-Mega, L50, F
|-mega|p1a: can't see?|Froslass|Froslassite
|-weather|Snowscape|[from] ability: Snow Warning|[of] p1a: can't see?
|move|p2a: Raichu|Fake Out|p1b: no mercy
|-damage|p1b: no mercy|90/100
|cant|p1b: no mercy|flinch
|move|p1a: can't see?|Blizzard|p2a: Raichu|[spread] p2a,p2b
|-resisted|p2b: Milotic|1
|-damage|p2a: Raichu|31/100
|-damage|p2b: Milotic|84/100
|move|p2b: Milotic|Coil|p2b: Milotic
|-boost|p2b: Milotic|atk|1
|-boost|p2b: Milotic|def|1
|-boost|p2b: Milotic|accuracy|1
|
|-weather|Snowscape|[upkeep]
|-heal|p2b: Milotic|90/100|[from] item: Leftovers
|upkeep
|turn|2
|l| mew mew season 2
|j| mew mew season 2
|
|t:|1783196488
|move|p1a: can't see?|Protect|p1a: can't see?
|-singleturn|p1a: can't see?|Protect
|move|p2a: Raichu|Zap Cannon|p1a: can't see?
|-activate|p1a: can't see?|move: Protect
|move|p1b: no mercy|Dire Claw|p2a: Raichu
|-damage|p2a: Raichu|0 fnt
|faint|p2a: Raichu
|move|p2b: Milotic|Coil|p2b: Milotic
|-boost|p2b: Milotic|atk|1
|-boost|p2b: Milotic|def|1
|-boost|p2b: Milotic|accuracy|1
|
|-weather|Snowscape|[upkeep]
|-heal|p2b: Milotic|96/100|[from] item: Leftovers
|upkeep
|
|t:|1783196509
|switch|p2a: Ceruledge|Ceruledge, L50, F|100/100
|turn|3
|
|t:|1783196535
|move|p2a: Ceruledge|Protect|p2a: Ceruledge
|-singleturn|p2a: Ceruledge|Protect
|move|p1a: can't see?|Aurora Veil|p1a: can't see?
|-sidestart|p1: P0trak|move: Aurora Veil
|move|p1b: no mercy|Dire Claw|p2b: Milotic
|-damage|p2b: Milotic|79/100
|-status|p2b: Milotic|psn
|move|p2b: Milotic|Hypnosis|p1a: can't see?
|-status|p1a: can't see?|slp|[from] move: Hypnosis
|
|-weather|Snowscape|[upkeep]
|-heal|p2b: Milotic|85/100 psn|[from] item: Leftovers
|-damage|p2b: Milotic|73/100 psn|[from] psn
|upkeep
|turn|4
|
|t:|1783196583
|cant|p1a: can't see?|slp
|move|p1b: no mercy|Dire Claw|p2b: Milotic
|-damage|p2b: Milotic|57/100 psn
|move|p2a: Ceruledge|Bulk Up|p2a: Ceruledge
|-boost|p2a: Ceruledge|atk|1
|-boost|p2a: Ceruledge|def|1
|move|p2b: Milotic|Muddy Water|p1a: can't see?|[spread] p1a,p1b
|-damage|p1a: can't see?|84/100 slp
|-damage|p1b: no mercy|70/100
|-unboost|p1a: can't see?|accuracy|1
|
|-weather|Snowscape|[upkeep]
|-heal|p2b: Milotic|63/100 psn|[from] item: Leftovers
|-damage|p2b: Milotic|51/100 psn|[from] psn
|upkeep
|turn|5
|
|t:|1783196617
|switch|p1a: strike hard|Basculegion, L50, M|100/100
|move|p1b: no mercy|Dire Claw|p2b: Milotic
|-damage|p2b: Milotic|34/100 psn
|move|p2a: Ceruledge|Bitter Blade|p1a: strike hard
|-resisted|p1a: strike hard|1
|-damage|p1a: strike hard|72/100
|move|p2b: Milotic|Hypnosis|p1b: no mercy
|-status|p1b: no mercy|slp|[from] move: Hypnosis
|
|-weather|none
|-heal|p2b: Milotic|40/100 psn|[from] item: Leftovers
|-damage|p2b: Milotic|28/100 psn|[from] psn
|upkeep
|turn|6
|
|t:|1783196752
|move|p1a: strike hard|Aqua Jet|p2a: Ceruledge
|-supereffective|p2a: Ceruledge|1
|-damage|p2a: Ceruledge|52/100
|cant|p1b: no mercy|slp
|move|p2a: Ceruledge|Bulk Up|p2a: Ceruledge
|-boost|p2a: Ceruledge|atk|1
|-boost|p2a: Ceruledge|def|1
|move|p2b: Milotic|Hypnosis|p1a: strike hard
|-status|p1a: strike hard|slp|[from] move: Hypnosis
|
|-heal|p2b: Milotic|34/100 psn|[from] item: Leftovers
|-damage|p2b: Milotic|22/100 psn|[from] psn
|upkeep
|turn|7
|
|t:|1783196795
|cant|p1a: strike hard|slp
|cant|p1b: no mercy|slp
|move|p2a: Ceruledge|Bitter Blade|p1b: no mercy
|-damage|p1b: no mercy|0 fnt
|-heal|p2a: Ceruledge|86/100|[from] drain|[of] p1b: no mercy
|faint|p1b: no mercy
|move|p2b: Milotic|Muddy Water|p1a: strike hard
|-resisted|p1a: strike hard|1
|-damage|p1a: strike hard|62/100 slp
|
|-heal|p2b: Milotic|28/100 psn|[from] item: Leftovers
|-damage|p2b: Milotic|16/100 psn|[from] psn
|-sideend|p1: P0trak|move: Aurora Veil
|upkeep
|
|t:|1783196822
|switch|p1b: can't stand?|Kingambit, L50, F|100/100
|turn|8
|
|t:|1783196863
|switch|p1b: can't see?|Froslass-Mega, L50, F|84/100 slp
|-weather|Snowscape|[from] ability: Snow Warning|[of] p1b: can't see?
|cant|p1a: strike hard|slp
|move|p2a: Ceruledge|Shadow Sneak|p1a: strike hard
|-supereffective|p1a: strike hard|1
|-damage|p1a: strike hard|0 fnt
|faint|p1a: strike hard
|move|p2b: Milotic|Hypnosis|p1b: can't see?
|-fail|p1b: can't see?|slp
|
|-weather|Snowscape|[upkeep]
|-heal|p2b: Milotic|22/100 psn|[from] item: Leftovers
|-damage|p2b: Milotic|10/100 psn|[from] psn
|upkeep
|
|t:|1783196872
|switch|p1a: can't stand?|Kingambit, L50, F|100/100
|turn|9
|
|t:|1783196957
|move|p2a: Ceruledge|Shadow Sneak|p1b: can't see?
|-supereffective|p1b: can't see?|1
|-damage|p1b: can't see?|5/100 slp
|cant|p1b: can't see?|slp
|move|p2b: Milotic|Muddy Water|p1b: can't see?|[spread] p1a,p1b
|-damage|p1a: can't stand?|75/100
|-damage|p1b: can't see?|0 fnt
|faint|p1b: can't see?
|move|p1a: can't stand?|Swords Dance|p1a: can't stand?
|-boost|p1a: can't stand?|atk|2
|
|-weather|Snowscape|[upkeep]
|-heal|p2b: Milotic|16/100 psn|[from] item: Leftovers
|-damage|p2b: Milotic|4/100 psn|[from] psn
|upkeep
|turn|10
|
|t:|1783196972
|move|p1a: can't stand?|Protect|p1a: can't stand?
|-singleturn|p1a: can't stand?|Protect
|move|p2a: Ceruledge|Bitter Blade|p1a: can't stand?
|-activate|p1a: can't stand?|move: Protect
|move|p2b: Milotic|Hypnosis|p1a: can't stand?
|-activate|p1a: can't stand?|move: Protect
|
|-weather|Snowscape|[upkeep]
|-heal|p2b: Milotic|10/100 psn|[from] item: Leftovers
|-damage|p2b: Milotic|0 fnt|[from] psn
|faint|p2b: Milotic
|upkeep
|
|t:|1783196974
|switch|p2b: Sinistcha|Sinistcha, L50|100/100
|-heal|p2a: Ceruledge|100/100|[from] ability: Hospitality|[of] p2b: Sinistcha
|turn|11
|c|☆P0trak|gg
|c|☆NinjaMeerkat|ggs!
|
|t:|1783196981
|move|p2b: Sinistcha|Rage Powder|p2b: Sinistcha
|-singleturn|p2b: Sinistcha|move: Rage Powder
|move|p1a: can't stand?|Sucker Punch||[still]
|-fail|p1a: can't stand?
|move|p2a: Ceruledge|Bitter Blade|p1a: can't stand?
|-supereffective|p1a: can't stand?|1
|-damage|p1a: can't stand?|0 fnt
|faint|p1a: can't stand?
|
|win|NinjaMeerkat
|l| mew mew season 2
|l| Cerebellibrarian
|c|☆NinjaMeerkat|i can get replays
|c|☆P0trak|ty
|l| Mawilemann
|j| Cerebellibrarian
|l| Cerebellibrarian
|j| Cerebellibrarian
|l| Cerebellibrarian
