|j|☆J4yz1lla
|j|☆vincioooo
|html|J4yz1llavincioooo    
|uhtml|bestof|Game 2 of a best-of-3
|t:|1757664991
|gametype|doubles
|player|p1|J4yz1lla|1|1095
|player|p2|vincioooo|101|1130
|gen|9
|tier|[Gen 9] VGC 2025 Reg H (Bo3)
|rated|
|rule|Species Clause: Limit one of each Pokémon
|rule|Item Clause: Limit 1 of each item
|clearpoke
|poke|p1|Garchomp, L50, F|
|poke|p1|Tyranitar, L50, F|
|poke|p1|Corviknight, L50, M|
|poke|p1|Gastrodon, L50, M|
|poke|p1|Annihilape, L50, F|
|poke|p1|Grimmsnarl, L50, M|
|poke|p2|Incineroar, L50, F|
|poke|p2|Dragonite, L50, F|
|poke|p2|Sinistcha, L50|
|poke|p2|Sylveon, L50, M|
|poke|p2|Gholdengo, L50|
|poke|p2|Basculegion, L50, M|
|teampreview|4
|showteam|p1|Garchomp||ClearAmulet|RoughSkin|Earthquake,SwordsDance,Protect,IronHead|||F|||50|,,,,,Steel]Tyranitar||AssaultVest|SandStream|LowKick,RockSlide,KnockOff,HighHorsepower|||F|||50|,,,,,Flying]Corviknight||SitrusBerry|MirrorArmor|BodyPress,BulkUp,BraveBird,Tailwind|||M|||50|,,,,,Dragon]Gastrodon||CovertCloak|StormDrain|Yawn,MuddyWater,Protect,EarthPower|||M|||50|,,,,,Poison]Annihilape||Leftovers|Defiant|BulkUp,RageFist,DrainPunch,Protect|||F|||50|,,,,,Water]Grimmsnarl||LightClay|Prankster|Reflect,LightScreen,MistyTerrain,SpiritBreak|||M|||50|,,,,,Ghost
|showteam|p2|Incineroar||SafetyGoggles|Intimidate|FakeOut,FlareBlitz,KnockOff,PartingShot|||F|||50|,,,,,Ghost]Dragonite||LoadedDice|Multiscale|ScaleShot,Encore,Tailwind,Protect|||F|||50|,,,,,Steel]Sinistcha||SitrusBerry|Hospitality|RagePowder,MatchaGotcha,StrengthSap,TrickRoom||||||50|,,,,,Dark]Sylveon||LifeOrb|Pixilate|TeraBlast,HyperVoice,CalmMind,Protect|||M|||50|,,,,,Fire]Gholdengo||ChoiceSpecs|GoodasGold|MakeItRain,ShadowBall,Trick,Protect||||||50|,,,,,Dragon]Basculegion||ChoiceScarf|SwiftSwim|WaveCrash,LastRespects,IcyWind,FlipTurn|||M|||50|,,,,,Dark
|
|t:|1757665051
|teamsize|p1|4
|teamsize|p2|4
|start
|switch|p1a: Tyranitar|Tyranitar, L50, F|100/100
|switch|p1b: Gastrodon|Gastrodon, L50, M|100/100
|switch|p2a: Sylveon|Sylveon, L50, M|100/100
|switch|p2b: Incineroar|Incineroar, L50, F|100/100
|-weather|Sandstorm|[from] ability: Sand Stream|[of] p1a: Tyranitar
|-ability|p2b: Incineroar|Intimidate|boost
|-unboost|p1a: Tyranitar|atk|1
|-unboost|p1b: Gastrodon|atk|1
|turn|1
|
|t:|1757665079
|switch|p1a: Corviknight|Corviknight, L50, M|100/100
|move|p2b: Incineroar|Fake Out|p1b: Gastrodon
|-damage|p1b: Gastrodon|88/100
|move|p2a: Sylveon|Calm Mind|p2a: Sylveon
|-boost|p2a: Sylveon|spa|1
|-boost|p2a: Sylveon|spd|1
|move|p1b: Gastrodon|Muddy Water|p2b: Incineroar|[spread] p2b
|-miss|p1b: Gastrodon|p2a: Sylveon
|-supereffective|p2b: Incineroar
|-damage|p2b: Incineroar|61/100
|
|-weather|Sandstorm|[upkeep]
|-damage|p2a: Sylveon|94/100|[from] Sandstorm
|upkeep
|turn|2
|
|t:|1757665108
|switch|p2b: Sinistcha|Sinistcha, L50|100/100
|-heal|p2a: Sylveon|100/100|[from] ability: Hospitality|[of] p2b: Sinistcha
|move|p2a: Sylveon|Hyper Voice|p1b: Gastrodon|[spread] p1a,p1b
|-resisted|p1a: Corviknight
|-damage|p1a: Corviknight|68/100
|-damage|p1b: Gastrodon|29/100
|-damage|p2a: Sylveon|91/100|[from] item: Life Orb
|move|p1a: Corviknight|Tailwind|p1a: Corviknight
|-sidestart|p1: J4yz1lla|move: Tailwind
|move|p1b: Gastrodon|Muddy Water|p2b: Sinistcha|[spread] p2a,p2b
|-resisted|p2b: Sinistcha
|-damage|p2a: Sylveon|80/100
|-damage|p2b: Sinistcha|90/100
|-unboost|p2a: Sylveon|accuracy|1
|
|-weather|Sandstorm|[upkeep]
|-damage|p2a: Sylveon|74/100|[from] Sandstorm
|-damage|p2b: Sinistcha|84/100|[from] Sandstorm
|upkeep
|turn|3
|
|t:|1757665145
|move|p1b: Gastrodon|Protect|p1b: Gastrodon
|-singleturn|p1b: Gastrodon|Protect
|move|p1a: Corviknight|Brave Bird|p2b: Sinistcha
|-supereffective|p2b: Sinistcha
|-damage|p2b: Sinistcha|22/100
|-enditem|p2b: Sinistcha|Sitrus Berry|[eat]
|-heal|p2b: Sinistcha|47/100|[from] item: Sitrus Berry
|-damage|p1a: Corviknight|51/100|[from] Recoil
|move|p2a: Sylveon|Hyper Voice|p1a: Corviknight|[spread] p1a
|-activate|p1b: Gastrodon|move: Protect
|-resisted|p1a: Corviknight
|-damage|p1a: Corviknight|20/100
|-enditem|p1a: Corviknight|Sitrus Berry|[eat]
|-heal|p1a: Corviknight|45/100|[from] item: Sitrus Berry
|-damage|p2a: Sylveon|65/100|[from] item: Life Orb
|move|p2b: Sinistcha|Trick Room|p2b: Sinistcha
|-fieldstart|move: Trick Room|[of] p2b: Sinistcha
|
|-weather|Sandstorm|[upkeep]
|-damage|p2b: Sinistcha|41/100|[from] Sandstorm
|-damage|p2a: Sylveon|59/100|[from] Sandstorm
|upkeep
|turn|4
|
|t:|1757665176
|-terastallize|p1b: Gastrodon|Poison
|move|p2b: Sinistcha|Matcha Gotcha|p1b: Gastrodon|[spread] p1b
|-miss|p2b: Sinistcha|p1a: Corviknight
|-resisted|p1b: Gastrodon
|-damage|p1b: Gastrodon|19/100
|-heal|p2b: Sinistcha|47/100|[from] drain|[of] p1b: Gastrodon
|move|p2a: Sylveon|Hyper Voice|p1b: Gastrodon|[spread] p1b
|-miss|p2a: Sylveon|p1a: Corviknight
|-resisted|p1b: Gastrodon
|-damage|p1b: Gastrodon|0 fnt
|faint|p1b: Gastrodon
|-damage|p2a: Sylveon|49/100|[from] item: Life Orb
|move|p1a: Corviknight|Brave Bird|p2b: Sinistcha
|-supereffective|p2b: Sinistcha
|-damage|p2b: Sinistcha|0 fnt
|faint|p2b: Sinistcha
|-damage|p1a: Corviknight|32/100|[from] Recoil
|
|-weather|Sandstorm|[upkeep]
|-damage|p2a: Sylveon|43/100|[from] Sandstorm
|upkeep
|
|t:|1757665209
|switch|p1b: Annihilape|Annihilape, L50, F|100/100
|switch|p2b: Incineroar|Incineroar, L50, F|61/100
|-ability|p2b: Incineroar|Intimidate|boost
|-ability|p1a: Corviknight|Mirror Armor
|-unboost|p2b: Incineroar|atk|1
|-unboost|p1b: Annihilape|atk|1
|-ability|p1b: Annihilape|Defiant|boost
|-boost|p1b: Annihilape|atk|2
|turn|5
|
|t:|1757665238
|switch|p1b: Tyranitar|Tyranitar, L50, F|100/100
|move|p2b: Incineroar|Flare Blitz|p1a: Corviknight
|-supereffective|p1a: Corviknight
|-damage|p1a: Corviknight|0 fnt
|faint|p1a: Corviknight
|-damage|p2b: Incineroar|50/100|[from] Recoil
|move|p2a: Sylveon|Tera Blast|p1b: Tyranitar
|-supereffective|p1b: Tyranitar
|-damage|p1b: Tyranitar|29/100
|-damage|p2a: Sylveon|33/100|[from] item: Life Orb
|
|-weather|none
|-sideend|p1: J4yz1lla|move: Tailwind
|upkeep
|
|t:|1757665246
|switch|p1a: Annihilape|Annihilape, L50, F|100/100
|turn|6
|
|t:|1757665265
|move|p2b: Incineroar|Parting Shot|p1b: Tyranitar
|-unboost|p1b: Tyranitar|atk|1
|-unboost|p1b: Tyranitar|spa|1
|
|t:|1757665268
|switch|p2b: Gholdengo|Gholdengo, L50|100/100|[from] Parting Shot
|move|p1b: Tyranitar|Rock Slide|p2b: Gholdengo|[spread] p2a
|-miss|p1b: Tyranitar|p2b: Gholdengo
|-damage|p2a: Sylveon|6/100
|cant|p2a: Sylveon|flinch
|move|p1a: Annihilape|Drain Punch|p2b: Gholdengo
|-immune|p2b: Gholdengo
|
|upkeep
|turn|7
|
|t:|1757665295
|switch|p2a: Incineroar|Incineroar, L50, F|50/100
|-ability|p2a: Incineroar|Intimidate|boost
|-unboost|p1a: Annihilape|atk|1
|-ability|p1a: Annihilape|Defiant|boost
|-boost|p1a: Annihilape|atk|2
|-unboost|p1b: Tyranitar|atk|1
|-terastallize|p2b: Gholdengo|Dragon
|move|p1a: Annihilape|Protect|p1a: Annihilape
|-singleturn|p1a: Annihilape|Protect
|move|p1b: Tyranitar|Rock Slide|p2a: Incineroar|[spread] p2a,p2b
|-supereffective|p2a: Incineroar
|-damage|p2a: Incineroar|23/100
|-damage|p2b: Gholdengo|83/100
|move|p2b: Gholdengo|Make It Rain|p1b: Tyranitar|[spread] p1b
|-activate|p1a: Annihilape|move: Protect
|-supereffective|p1b: Tyranitar
|-damage|p1b: Tyranitar|0 fnt
|-unboost|p2b: Gholdengo|spa|1
|faint|p1b: Tyranitar
|
|-fieldend|move: Trick Room
|upkeep
|turn|8
|
|t:|1757665334
|switch|p2b: Sylveon|Sylveon, L50, M|6/100
|move|p1a: Annihilape|Drain Punch|p2a: Incineroar
|-supereffective|p2a: Incineroar
|-damage|p2a: Incineroar|0 fnt
|faint|p2a: Incineroar
|
|upkeep
|
|t:|1757665341
|switch|p2a: Gholdengo|Gholdengo, L50, tera:Dragon|83/100
|turn|9
|
|t:|1757665351
|move|p2a: Gholdengo|Shadow Ball|p1a: Annihilape
|-supereffective|p1a: Annihilape
|-damage|p1a: Annihilape|0 fnt
|faint|p1a: Annihilape
|
|win|vincioooo
|l|☆J4yz1lla
|player|p1|
||J4yz1lla is ready for game 3.
||vincioooo is ready for game 3.
|uhtml|next|Next: Game 3 of 3
|l|☆vincioooo
|player|p2|
