|j|☆Jakobtc
|j|‽derainer
|html|Jakobtcderainer    
|uhtml|bestof|Game 1 of a best-of-3
|t:|1785034125
|gametype|doubles
|player|p1|Jakobtc|riley|1212
|player|p2|derainer|hilbert|1128
|gen|9
|tier|[Gen 9 Champions] VGC 2026 Reg M-B (Bo3)
|rated|
|rule|Species Clause: Limit one of each Pokémon
|rule|Item Clause: Limit 1 of each item
|clearpoke
|poke|p1|Floette-Eternal, L50, F|
|poke|p1|Kangaskhan, L50, F|
|poke|p1|Azumarill, L50, F|
|poke|p1|Sinistcha, L50|
|poke|p1|Incineroar, L50, M|
|poke|p1|Annihilape, L50, F|
|poke|p2|Charizard, L50, F|
|poke|p2|Venusaur, L50, F|
|poke|p2|Pelipper, L50, F|
|poke|p2|Incineroar, L50, M|
|poke|p2|Whimsicott, L50, F|
|poke|p2|Sylveon, L50, F|
|teampreview|4
|showteam|p1|Floette-Eternal||Floettite|FlowerVeil|Moonblast,DazzlingGleam,LightofRuin,Protect|Timid||F|||50|]Kangaskhan||Kangaskhanite|Scrappy|FakeOut,DrainPunch,IcePunch,DoubleEdge|Adamant||F|||50|]Azumarill||SitrusBerry|HugePower|AquaJet,PlayRough,BellyDrum,Protect|Adamant||F|||50|]Sinistcha||ColburBerry|Hospitality|MatchaGotcha,RagePowder,TrickRoom,Protect|Bold|||||50|]Incineroar||ChopleBerry|Intimidate|FakeOut,FlareBlitz,ThroatChop,PartingShot|Bold||M|||50|]Annihilape||Leftovers|Defiant|RageFist,DrainPunch,BulkUp,Protect|Adamant||F|||50|
|showteam|p2|Charizard||CharizarditeY|Blaze|SolarBeam,HeatWave,Protect,WeatherBall|Timid||F|||50|]Venusaur||LifeOrb|Chlorophyll|Protect,GigaDrain,SludgeBomb,WeatherBall|Modest||F|||50|]Pelipper||FocusSash|Drizzle|Tailwind,WideGuard,Hurricane,WeatherBall|Modest||F|||50|]Incineroar||WhiteHerb|Intimidate|FakeOut,CloseCombat,DarkestLariat,PartingShot|Adamant||M|||50|]Whimsicott||CobaBerry|Prankster|Tailwind,Encore,DazzlingGleam,SunnyDay|Bold||F|||50|]Sylveon||FairyFeather|Pixilate|HyperVoice,HyperBeam,QuickAttack,Moonblast|Sassy||F|||50|
|inactive|Battle timer is ON: inactive players will automatically lose when time's up. (requested by Jakobtc)
|inactive|Jakobtc has 60 seconds left.
|inactive|derainer has 60 seconds left.
|
|t:|1785034178
|teamsize|p1|4
|teamsize|p2|4
|start
|switch|p1a: Floette|Floette-Eternal, L50, F|100/100
|switch|p1b: Incineroar|Incineroar, L50, M|100/100
|switch|p2a: Whimsicott|Whimsicott, L50, F|100/100
|switch|p2b: Sylveon|Sylveon, L50, F|100/100
|-ability|p1b: Incineroar|Intimidate|boost
|-unboost|p2a: Whimsicott|atk|1
|-unboost|p2b: Sylveon|atk|1
|turn|1
|
|t:|1785034195
|detailschange|p1a: Floette|Floette-Mega, L50, F
|-mega|p1a: Floette|Floette|Floettite
|-ability|p1a: Floette|Fairy Aura
|move|p1b: Incineroar|Fake Out|p2b: Sylveon
|-damage|p2b: Sylveon|87/100
|move|p2a: Whimsicott|Tailwind|p2a: Whimsicott
|-sidestart|p2: derainer|move: Tailwind
|move|p1a: Floette|Moonblast|p2b: Sylveon
|-damage|p2b: Sylveon|50/100g
|cant|p2b: Sylveon|flinch
|
|upkeep
|turn|2
|inactive|derainer has 30 seconds left.
|inactive|derainer has 20 seconds left.
|inactive|derainer has 15 seconds left.
|inactive|derainer has 10 seconds left.
|
|t:|1785034244
|switch|p2a: Venusaur|Venusaur, L50, F|100/100
|switch|p1a: Azumarill|Azumarill, L50, F|100/100
|move|p2b: Sylveon|Hyper Beam|p1b: Incineroar
|-damage|p1b: Incineroar|38/100
|-mustrecharge|p2b: Sylveon
|move|p1b: Incineroar|Parting Shot|p2b: Sylveon
|-unboost|p2b: Sylveon|atk|1
|-unboost|p2b: Sylveon|spa|1
|
|t:|1785034259
|switch|p1b: Floette|Floette-Mega, L50, F|100/100|[from] Parting Shot
|-ability|p1b: Floette|Fairy Aura
|
|upkeep
|turn|3
|inactive|Jakobtc has 30 seconds left.
|inactive|Jakobtc has 20 seconds left.
|
|t:|1785034298
|move|p2a: Venusaur|Sludge Bomb|p1b: Floette
|-supereffective|p1b: Floette|1
|-damage|p1b: Floette|10/100
|-damage|p2a: Venusaur|90/100|[from] item: Life Orb
|move|p1b: Floette|Moonblast|p2b: Sylveon
|-damage|p2b: Sylveon|7/100
|cant|p2b: Sylveon|recharge
|move|p1a: Azumarill|Play Rough|p2b: Sylveon
|-damage|p2b: Sylveon|0 fnt
|faint|p2b: Sylveon
|
|upkeep
|
|t:|1785034310
|switch|p2b: Whimsicott|Whimsicott, L50, F|100/100
|turn|4
|
|t:|1785034318
|switch|p1a: Sinistcha|Sinistcha, L50|100/100
|-heal|p1b: Floette|34/100|[from] ability: Hospitality|[of] p1a: Sinistcha
|move|p1b: Floette|Protect|p1b: Floette
|-singleturn|p1b: Floette|Protect
|move|p2b: Whimsicott|Sunny Day|p2b: Whimsicott
|-weather|SunnyDay
|move|p2a: Venusaur|Giga Drain|p1a: Sinistcha
|-resisted|p1a: Sinistcha|1
|-crit|p1a: Sinistcha
|-damage|p1a: Sinistcha|66/100
|-heal|p2a: Venusaur|100/100|[from] drain|[of] p1a: Sinistcha
|-damage|p2a: Venusaur|90/100|[from] item: Life Orb
|
|-weather|SunnyDay|[upkeep]
|-sideend|p2: derainer|move: Tailwind
|upkeep
|turn|5
|inactive|derainer has 30 seconds left.
|
|t:|1785034344
|switch|p1b: Incineroar|Incineroar, L50, M|38/100
|-ability|p1b: Incineroar|Intimidate|boost
|-unboost|p2a: Venusaur|atk|1
|-unboost|p2b: Whimsicott|atk|1
|move|p2b: Whimsicott|Encore|p1b: Incineroar
|-hint|Since gen 7, Dark is immune to Prankster moves.
|-immune|p1b: Incineroar
|move|p2a: Venusaur|Weather Ball|p1a: Sinistcha
|-supereffective|p1a: Sinistcha|1
|-damage|p1a: Sinistcha|0 fnt
|faint|p1a: Sinistcha
|-damage|p2a: Venusaur|80/100|[from] item: Life Orb
|
|-weather|SunnyDay|[upkeep]
|upkeep
|
|t:|1785034357
|switch|p1a: Floette|Floette-Mega, L50, F|34/100
|-ability|p1a: Floette|Fairy Aura
|turn|6
|
|t:|1785034371
|switch|p2b: Incineroar|Incineroar, L50, M|100/100
|-ability|p2b: Incineroar|Intimidate|boost
|-unboost|p1a: Floette|atk|1
|-unboost|p1b: Incineroar|atk|1
|move|p2a: Venusaur|Protect|p2a: Venusaur
|-singleturn|p2a: Venusaur|Protect
|move|p1a: Floette|Moonblast|p2b: Incineroar
|-damage|p2b: Incineroar|24/100
|-unboost|p2b: Incineroar|spa|1
|-enditem|p2b: Incineroar|White Herb
|-clearnegativeboost|p2b: Incineroar|[silent]
|move|p1b: Incineroar|Parting Shot|p2b: Incineroar
|-unboost|p2b: Incineroar|atk|1
|-unboost|p2b: Incineroar|spa|1
|
|t:|1785034383
|switch|p1b: Azumarill|Azumarill, L50, F|100/100|[from] Parting Shot
|
|-weather|SunnyDay|[upkeep]
|upkeep
|turn|7
|
|t:|1785034408
|move|p1a: Floette|Protect|p1a: Floette
|-singleturn|p1a: Floette|Protect
|move|p1b: Azumarill|Protect|p1b: Azumarill
|-singleturn|p1b: Azumarill|Protect
|move|p2a: Venusaur|Giga Drain|p1b: Azumarill
|-activate|p1b: Azumarill|move: Protect
|move|p2b: Incineroar|Close Combat|p1a: Floette
|-activate|p1a: Floette|move: Protect
|
|-weather|SunnyDay|[upkeep]
|upkeep
|turn|8
|
|t:|1785034428
|switch|p2b: Whimsicott|Whimsicott, L50, F|100/100
|move|p2a: Venusaur|Sludge Bomb|p1a: Floette
|-supereffective|p1a: Floette|1
|-damage|p1a: Floette|0 fnt
|faint|p1a: Floette
|-damage|p2a: Venusaur|71/100|[from] item: Life Orb
|move|p1b: Azumarill|Play Rough|p2a: Venusaur
|-resisted|p2a: Venusaur|1
|-damage|p2a: Venusaur|30/100
|
|-weather|none
|upkeep
|
|t:|1785034439
|switch|p1a: Incineroar|Incineroar, L50, M|38/100
|-ability|p1a: Incineroar|Intimidate|boost
|-unboost|p2a: Venusaur|atk|1
|-unboost|p2b: Whimsicott|atk|1
|turn|9
|
|t:|1785034449
|move|p2a: Venusaur|Protect|p2a: Venusaur
|-singleturn|p2a: Venusaur|Protect
|move|p2b: Whimsicott|Tailwind|p2b: Whimsicott
|-sidestart|p2: derainer|move: Tailwind
|move|p1a: Incineroar|Flare Blitz|p2b: Whimsicott
|-supereffective|p2b: Whimsicott|1
|-crit|p2b: Whimsicott
|-damage|p2b: Whimsicott|0 fnt
|faint|p2b: Whimsicott
|-damage|p1a: Incineroar|11/100|[from] Recoil
|move|p1b: Azumarill|Belly Drum|p1b: Azumarill
|-damage|p1b: Azumarill|50/100y
|-setboost|p1b: Azumarill|atk|6|[from] move: Belly Drum
|-enditem|p1b: Azumarill|Sitrus Berry|[eat]
|-heal|p1b: Azumarill|75/100|[from] item: Sitrus Berry
|
|upkeep
|
|t:|1785034453
|switch|p2b: Incineroar|Incineroar, L50, M|24/100
|-ability|p2b: Incineroar|Intimidate|boost
|-unboost|p1a: Incineroar|atk|1
|-unboost|p1b: Azumarill|atk|1
|turn|10
|
|t:|1785034472
|move|p1b: Azumarill|Protect|p1b: Azumarill
|-singleturn|p1b: Azumarill|Protect
|move|p2b: Incineroar|Fake Out|p1b: Azumarill
|-activate|p1b: Azumarill|move: Protect
|move|p2a: Venusaur|Giga Drain|p1b: Azumarill
|-activate|p1b: Azumarill|move: Protect
|move|p1a: Incineroar|Flare Blitz|p2a: Venusaur
|-supereffective|p2a: Venusaur|1
|-damage|p2a: Venusaur|0 fnt
|faint|p2a: Venusaur
|-damage|p1a: Incineroar|3/100|[from] Recoil
|
|upkeep
|turn|11
|
|t:|1785034485
|move|p1b: Azumarill|Aqua Jet|p2b: Incineroar
|-supereffective|p2b: Incineroar|1
|-damage|p2b: Incineroar|0 fnt
|faint|p2b: Incineroar
|
|win|Jakobtc
||derainer is ready for game 2.
