|j|☆bluefox08
|j|☆harrybxrry
|html|bluefox08harrybxrry    
|uhtml|bestof|Game 2 of a best-of-3
|t:|1785270794
|gametype|doubles
|player|p1|bluefox08|hugh|
|player|p2|harrybxrry|ingo|
|gen|9
|tier|[Gen 9 Champions] VGC 2026 Reg M-B (Bo3)
|rule|Species Clause: Limit one of each Pokémon
|rule|Item Clause: Limit 1 of each item
|clearpoke
|poke|p1|Garchomp, L50, F|
|poke|p1|Talonflame, L50, M|
|poke|p1|Floette-Eternal, L50, F|
|poke|p1|Lucario, L50, M|
|poke|p1|Ariados, L50, M|
|poke|p1|Rotom-Wash, L50|
|poke|p2|Blastoise, L50, M|
|poke|p2|Orthworm, L50, F|
|poke|p2|Sylveon, L50, F, shiny|
|poke|p2|Incineroar, L50, M|
|poke|p2|Banette, L50, F|
|poke|p2|Kleavor, L50, M, shiny|
|teampreview|4
|showteam|p1|Garchomp||LifeOrb|RoughSkin|RockSlide,Earthquake,StompingTantrum,Protect|Jolly||F|||50|]Talonflame||PasshoBerry|GaleWings|FlareBlitz,BraveBird,Tailwind,Protect|Jolly||M|||50|]Floette-Eternal||Floettite|FlowerVeil|DazzlingGleam,Protect,Psychic,Moonblast|Timid||F|||50|]Lucario||Lucarionite|Steadfast|CloseCombat,MeteorMash,BulletPunch,Protect|Jolly||M|||50|]Ariados||SitrusBerry|Swarm|RagePowder,PoisonJab,StringShot,FoulPlay|Impish||M|||50|]Rotom-Wash||Leftovers|Levitate|Electroweb,HydroPump,Thunderbolt,ThunderWave|Calm|||||50|
|showteam|p2|Blastoise||Blastoisinite|RainDish|WaterSpout,DarkPulse,FakeOut,ShellSmash|Modest||M|||50|]Orthworm||OccaBerry|EarthEater|BodyPress,ShedTail,HeavySlam,Protect|Careful||F|||50|]Sylveon||FairyFeather|Pixilate|HyperVoice,Detect,HyperBeam,QuickAttack|Modest||F|||50|]Incineroar||SitrusBerry|Intimidate|FakeOut,PartingShot,FlareBlitz,DarkestLariat|Careful||M|||50|]Banette||Banettite|Frisk|Disable,Encore,TrickRoom,Poltergeist|Adamant||F|||50|]Kleavor||FocusSash|Sharpness|StoneAxe,Protect,XScissor,Tailwind|Adamant||M|||50|
|
|t:|1785270812
|teamsize|p1|4
|teamsize|p2|4
|start
|switch|p1a: Talonflame|Talonflame, L50, M|100/100
|switch|p1b: Garchomp|Garchomp, L50, F|100/100
|switch|p2a: Wolfe|Incineroar, L50, M|100/100
|switch|p2b: Ruin|Kleavor, L50, M, shiny|100/100
|-ability|p2a: Wolfe|Intimidate|boost
|-unboost|p1a: Talonflame|atk|1
|-unboost|p1b: Garchomp|atk|1
|turn|1
|
|t:|1785270824
|move|p1a: Talonflame|Protect|p1a: Talonflame
|-singleturn|p1a: Talonflame|Protect
|move|p2a: Wolfe|Fake Out|p1a: Talonflame
|-activate|p1a: Talonflame|move: Protect
|move|p1b: Garchomp|Earthquake|p2a: Wolfe|[spread] p2a,p2b
|-activate|p1a: Talonflame|move: Protect
|-supereffective|p2a: Wolfe|1
|-damage|p2a: Wolfe|38/100
|-damage|p2b: Ruin|57/100
|-enditem|p2a: Wolfe|Sitrus Berry|[eat]
|-heal|p2a: Wolfe|62/100|[from] item: Sitrus Berry
|-damage|p1b: Garchomp|90/100|[from] item: Life Orb
|move|p2b: Ruin|Tailwind|p2b: Ruin
|-sidestart|p2: harrybxrry|move: Tailwind
|
|upkeep
|turn|2
|
|t:|1785270844
|switch|p2a: Sally|Orthworm, L50, F|100/100
|move|p1a: Talonflame|Tailwind|p1a: Talonflame
|-sidestart|p1: bluefox08|move: Tailwind
|move|p1b: Garchomp|Earthquake|p2b: Ruin|[spread] p2b
|-immune|p2a: Sally|[from] ability: Earth Eater
|-immune|p1a: Talonflame
|-damage|p2b: Ruin|17/100
|-damage|p1b: Garchomp|80/100|[from] item: Life Orb
|move|p2b: Ruin|Stone Axe|p1a: Talonflame
|-supereffective|p1a: Talonflame|2
|-damage|p1a: Talonflame|0 fnt
|-sidestart|p1: bluefox08|move: Stealth Rock
|faint|p1a: Talonflame
|
|upkeep
|
|t:|1785270858
|switch|p1a: Lucario|Lucario, L50, M|100/100
|-damage|p1a: Lucario|97/100|[from] Stealth Rock
|turn|3
|
|t:|1785270890
|detailschange|p1a: Lucario|Lucario-Mega, L50, M
|-mega|p1a: Lucario|Lucario|Lucarionite
|move|p2b: Ruin|Protect|p2b: Ruin
|-singleturn|p2b: Ruin|Protect
|move|p1a: Lucario|Close Combat|p2a: Sally
|-supereffective|p2a: Sally|1
|-damage|p2a: Sally|0 fnt
|-unboost|p1a: Lucario|def|1
|-unboost|p1a: Lucario|spd|1
|faint|p2a: Sally
|move|p1b: Garchomp|Stomping Tantrum|p2b: Ruin
|-activate|p2b: Ruin|move: Protect
|
|upkeep
|c|☆harrybxrry|i meant to be chople omd
|
|t:|1785270907
|switch|p2a: Caravan|Blastoise, L50, M|100/100
|turn|4
|
|t:|1785270917
|switch|p2b: Wolfe|Incineroar, L50, M|62/100
|-ability|p2b: Wolfe|Intimidate|boost
|-unboost|p1a: Lucario|atk|1
|-unboost|p1b: Garchomp|atk|1
|detailschange|p2a: Caravan|Blastoise-Mega, L50, M
|-mega|p2a: Caravan|Blastoise|Blastoisinite
|move|p1a: Lucario|Protect|p1a: Lucario
|-singleturn|p1a: Lucario|Protect
|move|p1b: Garchomp|Protect|p1b: Garchomp
|-singleturn|p1b: Garchomp|Protect
|move|p2a: Caravan|Fake Out|p1a: Lucario
|-activate|p1a: Lucario|move: Protect
|
|-sideend|p2: harrybxrry|move: Tailwind
|upkeep
|turn|5
|
|t:|1785270938
|switch|p1a: Rotom|Rotom-Wash, L50|100/100
|-damage|p1a: Rotom|87/100|[from] Stealth Rock
|move|p2b: Wolfe|Fake Out|p1a: Rotom
|-damage|p1a: Rotom|75/100
|move|p1b: Garchomp|Earthquake|p2a: Caravan|[spread] p2a,p2b
|-immune|p1a: Rotom|[from] ability: Levitate
|-supereffective|p2b: Wolfe|1
|-damage|p2a: Caravan|79/100
|-damage|p2b: Wolfe|20/100y
|-damage|p1b: Garchomp|70/100|[from] item: Life Orb
|move|p2a: Caravan|Water Spout|p1b: Garchomp|[spread] p1a,p1b
|-resisted|p1a: Rotom|1
|-damage|p1a: Rotom|55/100
|-damage|p1b: Garchomp|16/100
|
|-heal|p1a: Rotom|61/100|[from] item: Leftovers
|-sideend|p1: bluefox08|move: Tailwind
|upkeep
|turn|6
|
|t:|1785270965
|move|p1b: Garchomp|Earthquake|p2b: Wolfe|[spread] p2a,p2b
|-immune|p1a: Rotom|[from] ability: Levitate
|-supereffective|p2b: Wolfe|1
|-damage|p2a: Caravan|59/100
|-damage|p2b: Wolfe|0 fnt
|faint|p2b: Wolfe
|-damage|p1b: Garchomp|7/100|[from] item: Life Orb
|move|p1a: Rotom|Thunderbolt|p2a: Caravan
|-supereffective|p2a: Caravan|1
|-damage|p2a: Caravan|3/100
|move|p2a: Caravan|Water Spout|p1a: Rotom|[spread] p1a,p1b
|-resisted|p1a: Rotom|1
|-damage|p1a: Rotom|60/100
|-damage|p1b: Garchomp|4/100
|
|-heal|p1a: Rotom|66/100|[from] item: Leftovers
|upkeep
|
|t:|1785270975
|switch|p2b: Ruin|Kleavor, L50, M, shiny|17/100
|turn|7
|
|t:|1785270985
|move|p1b: Garchomp|Earthquake|p2b: Ruin|[spread] p2a,p2b
|-immune|p1a: Rotom|[from] ability: Levitate
|-damage|p2a: Caravan|0 fnt
|-damage|p2b: Ruin|0 fnt
|faint|p2a: Caravan
|faint|p2b: Ruin
|-damage|p1b: Garchomp|0 fnt|[from] item: Life Orb
|faint|p1b: Garchomp
|
|win|bluefox08
||bluefox08 is ready for game 3.
