|j|☆jaymoo
|j|☆papitwig
|html|jaymoopapitwig    
|uhtml|bestof|Game 2 of a best-of-3
|t:|1785289228
|gametype|doubles
|player|p1|jaymoo|schoolkid-gen4|
|player|p2|papitwig|101|
|gen|9
|tier|[Gen 9 Champions] VGC 2026 Reg M-B (Bo3)
|rule|Species Clause: Limit one of each Pokémon
|rule|Item Clause: Limit 1 of each item
|clearpoke
|poke|p1|Kangaskhan, L50, F|
|poke|p1|Sneasler, L50, F|
|poke|p1|Rotom-Wash, L50|
|poke|p1|Vanilluxe, L50, M|
|poke|p1|Gyarados, L50, M|
|poke|p1|Aegislash, L50, F|
|poke|p2|Swampert, L50, M|
|poke|p2|Raichu, L50, M|
|poke|p2|Pelipper, L50, F|
|poke|p2|Grimmsnarl, L50, M|
|poke|p2|Mimikyu, L50, M|
|poke|p2|Corviknight, L50, M|
|teampreview|4
|showteam|p1|Kangaskhan||Kangaskhanite|EarlyBird|FakeOut,BodySlam,SuckerPunch,BrickBreak|Jolly||F|||50|]Sneasler||FocusSash|Unburden|FakeOut,DireClaw,Trailblaze,Coaching|Adamant||F|||50|]Rotom-Wash||SitrusBerry|Levitate|HydroPump,WillOWisp,Thunder,PainSplit|Bold|||||50|]Vanilluxe||ChoiceScarf|SnowWarning|Blizzard,FreezeDry,IceShard,IcyWind|Hasty||M|||50|]Gyarados||Gyaradosite|Intimidate|Waterfall,Crunch,Taunt,DragonDance|Jolly||M|||50|]Aegislash||Leftovers|StanceChange|Poltergeist,IronHead,KingsShield,WideGuard|Bold||F|||50|
|showteam|p2|Swampert||Swampertite|Torrent|Earthquake,WaveCrash,Protect,IcePunch|Adamant||M|||50|]Raichu||RaichuniteY|LightningRod|FocusBlast,Protect,FakeOut,ZapCannon|Timid||M|||50|]Pelipper||Leftovers|Drizzle|Tailwind,Hurricane,WideGuard,WeatherBall|Timid||F|||50|]Grimmsnarl||FocusSash|Prankster|FakeOut,SuckerPunch,PartingShot,SpiritBreak|Impish||M|||50|]Mimikyu||SitrusBerry|Disguise|SwordsDance,Protect,PlayRough,ShadowSneak|Adamant||M|||50|]Corviknight||WhiteHerb|MirrorArmor|BodyPress,IronDefense,Roost,Protect|Impish||M|||50|
|
|t:|1785289267
|teamsize|p1|4
|teamsize|p2|4
|start
|switch|p1a: Sneasler|Sneasler, L50, F|100/100
|switch|p1b: Gyarados|Gyarados, L50, M|100/100
|switch|p2a: Swampert|Swampert, L50, M|100/100
|switch|p2b: Pelipper|Pelipper, L50, F|100/100
|-ability|p1b: Gyarados|Intimidate|boost
|-unboost|p2a: Swampert|atk|1
|-unboost|p2b: Pelipper|atk|1
|-weather|RainDance|[from] ability: Drizzle|[of] p2b: Pelipper
|turn|1
|
|t:|1785289294
|detailschange|p2a: Swampert|Swampert-Mega, L50, M
|-mega|p2a: Swampert|Swampert|Swampertite
|move|p2a: Swampert|Protect|p2a: Swampert
|-singleturn|p2a: Swampert|Protect
|move|p1a: Sneasler|Fake Out|p2a: Swampert
|-activate|p2a: Swampert|move: Protect
|move|p1b: Gyarados|Taunt|p2b: Pelipper
|-start|p2b: Pelipper|move: Taunt
|cant|p2b: Pelipper|move: Taunt|Tailwind
|
|-weather|RainDance|[upkeep]
|upkeep
|turn|2
|
|t:|1785289315
|move|p2a: Swampert|Earthquake|p1b: Gyarados|[spread] p1a
|-immune|p2b: Pelipper
|-immune|p1b: Gyarados
|-supereffective|p1a: Sneasler|1
|-damage|p1a: Sneasler|13/100
|move|p1a: Sneasler|Trailblaze|p2a: Swampert
|-supereffective|p2a: Swampert|2
|-damage|p2a: Swampert|26/100
|-boost|p1a: Sneasler|spe|1
|move|p1b: Gyarados|Dragon Dance|p1b: Gyarados
|-boost|p1b: Gyarados|atk|1
|-boost|p1b: Gyarados|spe|1
|move|p2b: Pelipper|Hurricane|p1a: Sneasler
|-supereffective|p1a: Sneasler|1
|-damage|p1a: Sneasler|0 fnt
|faint|p1a: Sneasler
|
|-weather|RainDance|[upkeep]
|upkeep
|
|t:|1785289337
|switch|p1a: Rotom|Rotom-Wash, L50|100/100
|turn|3
|
|t:|1785289361
|switch|p2b: Mimikyu|Mimikyu, L50, M|100/100
|move|p2a: Swampert|Protect|p2a: Swampert
|-singleturn|p2a: Swampert|Protect
|move|p1b: Gyarados|Dragon Dance|p1b: Gyarados
|-boost|p1b: Gyarados|atk|1
|-boost|p1b: Gyarados|spe|1
|move|p1a: Rotom|Thunder|p2b: Mimikyu
|-activate|p2b: Mimikyu|ability: Disguise
|-damage|p2b: Mimikyu|100/100
|-status|p2b: Mimikyu|par
|detailschange|p2b: Mimikyu|Mimikyu-Busted, L50, M
|-damage|p2b: Mimikyu|87/100 par|[from] pokemon: Mimikyu-Busted
|
|-weather|RainDance|[upkeep]
|upkeep
|turn|4
|j| LChallenger
|l| LChallenger
|
|t:|1785289399
|move|p1b: Gyarados|Waterfall|p2b: Mimikyu
|-damage|p2b: Mimikyu|0 fnt
|faint|p2b: Mimikyu
|move|p2a: Swampert|Ice Punch|p1a: Rotom
|-resisted|p1a: Rotom|1
|-damage|p1a: Rotom|92/100
|move|p1a: Rotom|Thunder|p2a: Swampert
|-immune|p2a: Swampert
|
|-weather|RainDance|[upkeep]
|upkeep
|
|t:|1785289414
|switch|p2b: Corviknight|Corviknight, L50, M|100/100
|turn|5
|j| LChallenger
|
|t:|1785289429
|move|p1b: Gyarados|Taunt|p2b: Corviknight
|-start|p2b: Corviknight|move: Taunt
|move|p2a: Swampert|Wave Crash|p1b: Gyarados
|-resisted|p1b: Gyarados|1
|-damage|p1b: Gyarados|63/100
|-damage|p2a: Swampert|13/100|[from] Recoil
|move|p1a: Rotom|Thunder|p2b: Corviknight
|-supereffective|p2b: Corviknight|1
|-damage|p2b: Corviknight|6/100
|cant|p2b: Corviknight|move: Taunt|Iron Defense
|
|-weather|none
|upkeep
|turn|6
|
|t:|1785289457
|move|p2a: Swampert|Protect|p2a: Swampert
|-singleturn|p2a: Swampert|Protect
|move|p1b: Gyarados|Waterfall|p2b: Corviknight
|-damage|p2b: Corviknight|0 fnt
|faint|p2b: Corviknight
|move|p1a: Rotom|Hydro Pump|p2a: Swampert
|-activate|p2a: Swampert|move: Protect
|
|upkeep
|
|t:|1785289466
|switch|p2b: Pelipper|Pelipper, L50, F|100/100
|-weather|RainDance|[from] ability: Drizzle|[of] p2b: Pelipper
|turn|7
|
|t:|1785289481
|move|p1b: Gyarados|Waterfall|p2a: Swampert
|-damage|p2a: Swampert|0 fnt
|faint|p2a: Swampert
|move|p1a: Rotom|Thunder|p2b: Pelipper
|-supereffective|p2b: Pelipper|2
|-damage|p2b: Pelipper|0 fnt
|faint|p2b: Pelipper
|
|win|jaymoo
|c|☆jaymoo|gg
|l|☆papitwig
|player|p2|
