|j|☆Rosey13uwu
|j|☆Northgdh
|html|Rosey13uwuNorthgdh    
|uhtml|bestof|Game 3 of a best-of-3
|t:|1783637842
|gametype|doubles
|player|p1|Rosey13uwu|170|1104
|player|p2|Northgdh|2|1000
|gen|9
|tier|[Gen 9 Champions] VGC 2026 Reg M-B (Bo3)
|rated|
|rule|Species Clause: Limit one of each Pokémon
|rule|Item Clause: Limit 1 of each item
|clearpoke
|poke|p1|Charizard, L50, M|
|poke|p1|Floette-Eternal, L50, F|
|poke|p1|Whimsicott, L50, F|
|poke|p1|Basculegion, L50, M|
|poke|p1|Kingambit, L50, F|
|poke|p1|Garchomp, L50, M|
|poke|p2|Floette-Eternal, L50, F|
|poke|p2|Sinistcha, L50|
|poke|p2|Sneasler, L50, M|
|poke|p2|Incineroar, L50, F, shiny|
|poke|p2|Kingambit, L50, M, shiny|
|poke|p2|Blastoise, L50, M, shiny|
|teampreview|4
|showteam|p1|Charizard||CharizarditeY|Blaze|HeatWave,WeatherBall,SolarBeam,Protect|Modest||M|||50|]Floette-Eternal||Floettite|FlowerVeil|Protect,Moonblast,DazzlingGleam,LightofRuin|Modest||F|||50|]Whimsicott||FocusSash|Prankster|Moonblast,Tailwind,Encore,Protect|Timid||F|||50|]Basculegion||MysticWater|Adaptability|WaveCrash,LastRespects,AquaJet,Protect|Adamant||M|||50|]Kingambit||ChopleBerry|Defiant|KowtowCleave,SuckerPunch,IronHead,LowKick|Adamant||F|||50|]Garchomp||LifeOrb|RoughSkin|Earthquake,RockSlide,DragonClaw,Protect|Jolly||M|||50|
|showteam|p2|Floette-Eternal||Floettite|FlowerVeil|Moonblast,DazzlingGleam,CalmMind,Protect|Modest||F|||50|]Sinistcha||OccaBerry|Hospitality|MatchaGotcha,LifeDew,RagePowder,Protect|Calm|||||50|]Sneasler||FocusSash|PoisonTouch|CloseCombat,PoisonJab,FakeOut,QuickGuard|Jolly||M|||50|]Incineroar||SitrusBerry|Intimidate|FlareBlitz,FakeOut,HelpingHand,PartingShot|Impish||F|||50|]Kingambit||BlackGlasses|Defiant|KowtowCleave,SuckerPunch,SwordsDance,Protect|Adamant||M|||50|]Blastoise||Blastoisinite|RainDish|WaterSpout,DarkPulse,ShellSmash,Protect|Modest||M|||50|
|inactive|Battle timer is ON: inactive players will automatically lose when time's up. (requested by Northgdh)
|inactive|Rosey13uwu has 60 seconds left.
|inactive|Northgdh has 60 seconds left.
|inactive|Rosey13uwu has 30 seconds left.
|
|t:|1783637910
|teamsize|p1|4
|teamsize|p2|4
|start
|switch|p1a: Basculegion|Basculegion, L50, M|100/100
|switch|p1b: Charizard|Charizard, L50, M|100/100
|switch|p2a: honeybee|Sneasler, L50, M|100/100
|switch|p2b: begged|Blastoise, L50, M, shiny|100/100
|turn|1
|inactive|Rosey13uwu has 30 seconds left.
|
|t:|1783637938
|detailschange|p2b: begged|Blastoise-Mega, L50, M, shiny
|-mega|p2b: begged|Blastoise|Blastoisinite
|move|p1b: Charizard|Protect|p1b: Charizard
|-singleturn|p1b: Charizard|Protect
|move|p2a: honeybee|Fake Out|p1b: Charizard
|-activate|p1b: Charizard|move: Protect
|move|p2b: begged|Shell Smash|p2b: begged
|-unboost|p2b: begged|def|1
|-unboost|p2b: begged|spd|1
|-boost|p2b: begged|atk|2
|-boost|p2b: begged|spa|2
|-boost|p2b: begged|spe|2
|move|p1a: Basculegion|Wave Crash|p2a: honeybee
|-enditem|p2a: honeybee|Focus Sash
|-damage|p2a: honeybee|1/100
|-damage|p1a: Basculegion|73/100|[from] Recoil
|
|upkeep
|turn|2
|inactive|Rosey13uwu has 30 seconds left.
|inactive|Rosey13uwu has 20 seconds left.
|
|t:|1783637976
|detailschange|p1b: Charizard|Charizard-Mega-Y, L50, M
|-mega|p1b: Charizard|Charizard|Charizardite Y
|-weather|SunnyDay|[from] ability: Drought|[of] p1b: Charizard
|move|p2a: honeybee|Quick Guard|p2a: honeybee
|-singleturn|p2a: honeybee|Quick Guard
|move|p2b: begged|Water Spout|p1a: Basculegion|[spread] p1a,p1b
|-resisted|p1a: Basculegion|1
|-crit|p1a: Basculegion
|-supereffective|p1b: Charizard|1
|-damage|p1a: Basculegion|13/100
|-damage|p1b: Charizard|0 fnt
|faint|p1b: Charizard
|move|p1a: Basculegion|Wave Crash|p2a: honeybee
|-damage|p2a: honeybee|0 fnt
|faint|p2a: honeybee
|-damage|p1a: Basculegion|13/100|[from] Recoil
|
|-weather|SunnyDay|[upkeep]
|upkeep
|
|t:|1783637985
|switch|p2a: drop dead|Kingambit, L50, M, shiny|100/100
|switch|p1b: Kingambit|Kingambit, L50, F|100/100
|turn|3
|
|t:|1783638005
|switch|p1a: Garchomp|Garchomp, L50, M|100/100
|switch|p2a: the cure|Sinistcha, L50|100/100
|move|p2b: begged|Protect|p2b: begged
|-singleturn|p2b: begged|Protect
|move|p1b: Kingambit|Sucker Punch||[still]
|-fail|p1b: Kingambit
|
|-weather|SunnyDay|[upkeep]
|upkeep
|turn|4
|inactive|Rosey13uwu has 30 seconds left.
|inactive|Northgdh has 30 seconds left.
|inactive|Rosey13uwu has 20 seconds left.
|
|t:|1783638041
|move|p2a: the cure|Rage Powder|p2a: the cure
|-singleturn|p2a: the cure|move: Rage Powder
|move|p2b: begged|Dark Pulse|p1a: Garchomp
|-damage|p1a: Garchomp|0 fnt
|faint|p1a: Garchomp
|move|p1b: Kingambit|Kowtow Cleave|p2a: the cure
|-supereffective|p2a: the cure|1
|-damage|p2a: the cure|11/100
|
|-weather|SunnyDay|[upkeep]
|upkeep
|
|t:|1783638048
|switch|p1a: Basculegion|Basculegion, L50, M|13/100
|turn|5
|
|t:|1783638061
|move|p2a: the cure|Rage Powder|p2a: the cure
|-singleturn|p2a: the cure|move: Rage Powder
|move|p2b: begged|Water Spout|p1a: Basculegion|[spread] p1a,p1b
|-resisted|p1a: Basculegion|1
|-damage|p1a: Basculegion|0 fnt
|-damage|p1b: Kingambit|31/100
|faint|p1a: Basculegion
|move|p1b: Kingambit|Kowtow Cleave|p2a: the cure
|-supereffective|p2a: the cure|1
|-damage|p2a: the cure|0 fnt
|faint|p2a: the cure
|
|-weather|SunnyDay|[upkeep]
|upkeep
|
|t:|1783638065
|switch|p2a: drop dead|Kingambit, L50, M, shiny|100/100
|turn|6
|c|☆Northgdh|ggwp
|inactive|Rosey13uwu has 30 seconds left.
|
|t:|1783638091
|move|p1b: Kingambit|Sucker Punch|p2b: begged
|-damage|p2b: begged|41/100
|move|p2b: begged|Water Spout|p1b: Kingambit
|-damage|p1b: Kingambit|0 fnt
|faint|p1b: Kingambit
|
|win|Northgdh
|raw|Rosey13uwu's rating: 1104 → 1072(-32 for losing)
|raw|Northgdh's rating: 1000 → 1052(+52 for winning)
|l|☆Rosey13uwu
|player|p1|
