|j|☆KptainFr
|j|☆r4ka
|html|KptainFrr4ka    
|uhtml|bestof|Game 2 of a best-of-3
|t:|1756749768
|gametype|doubles
|player|p1|KptainFr|steven|1027
|player|p2|r4ka|2|1035
|gen|9
|tier|[Gen 9] VGC 2025 Reg H (Bo3)
|rated|
|rule|Species Clause: Limit one of each Pokémon
|rule|Item Clause: Limit 1 of each item
|clearpoke
|poke|p1|Annihilape, L50, M|
|poke|p1|Maushold-Four, L50|
|poke|p1|Ursaluna-Bloodmoon, L50, M|
|poke|p1|Volcarona, L50, M|
|poke|p1|Sinistcha, L50|
|poke|p1|Rillaboom, L50, M|
|poke|p2|Rillaboom, L50, F|
|poke|p2|Dragonite, L50, F|
|poke|p2|Sneasler, L50, F|
|poke|p2|Kingambit, L50, F|
|poke|p2|Electabuzz, L50, M|
|poke|p2|Volcarona, L50, M|
|teampreview|4
|showteam|p1|Annihilape||Leftovers|Defiant|RageFist,DrainPunch,BulkUp,Protect|||M|||50|,,,,,Fire]Maushold-Four||RockyHelmet|FriendGuard|BeatUp,Taunt,HelpingHand,FollowMe||||||50|,,,,,Ghost]Ursaluna-Bloodmoon||LifeOrb|MindsEye|BloodMoon,HyperVoice,EarthPower,Protect|||M|||50|,,,,,Normal]Volcarona||SafetyGoggles|FlameBody|Overheat,StruggleBug,Tailwind,RagePowder|||M|||50|,,,,,Water]Sinistcha||SitrusBerry|Hospitality|MatchaGotcha,LifeDew,RagePowder,TrickRoom||||||50|,,,,,Water]Rillaboom||AssaultVest|GrassySurge|WoodHammer,GrassyGlide,HighHorsepower,FakeOut|||M|||50|,,,,,Fire
|showteam|p2|Rillaboom||AssaultVest|GrassySurge|FakeOut,HighHorsepower,WoodHammer,GrassyGlide|||F|||50|,,,,,Fire]Dragonite||LoadedDice|Multiscale|ExtremeSpeed,ScaleShot,Protect,Haze|||F|||50|,,,,,Steel]Sneasler||FocusSash|Unburden|DireClaw,CloseCombat,FakeOut,Protect|||F|||50|,,,,,Stellar]Kingambit||SafetyGoggles|Defiant|KowtowCleave,SuckerPunch,SwordsDance,Protect|||F|||50|,,,,,Dark]Electabuzz||Eviolite|VitalSpirit|Thunderbolt,Taunt,FollowMe,Protect|||M|||50|,,,,,Ghost]Volcarona||Leftovers|FlameBody|HeatWave,TeraBlast,QuiverDance,Protect|||M|||50|,,,,,Fairy
|inactive|Battle timer is ON: inactive players will automatically lose when time's up. (requested by KptainFr)
|
|t:|1756749783
|teamsize|p1|4
|teamsize|p2|4
|start
|switch|p1a: Annihilape|Annihilape, L50, M|100/100
|switch|p1b: Volcarona|Volcarona, L50, M|100/100
|switch|p2a: Sneasler|Sneasler, L50, F|100/100
|switch|p2b: Volcarona|Volcarona, L50, M|100/100
|turn|1
|inactive|r4ka has 30 seconds left.
|
|t:|1756749811
|-terastallize|p1a: Annihilape|Fire
|move|p2a: Sneasler|Fake Out|p1b: Volcarona
|-damage|p1b: Volcarona|87/100
|move|p2b: Volcarona|Quiver Dance|p2b: Volcarona
|-boost|p2b: Volcarona|spa|1
|-boost|p2b: Volcarona|spd|1
|-boost|p2b: Volcarona|spe|1
|cant|p1b: Volcarona|flinch
|move|p1a: Annihilape|Bulk Up|p1a: Annihilape
|-boost|p1a: Annihilape|atk|1
|-boost|p1a: Annihilape|def|1
|
|upkeep
|turn|2
|
|t:|1756749833
|move|p2b: Volcarona|Heat Wave|p1a: Annihilape|[spread] p1a,p1b
|-resisted|p1a: Annihilape
|-damage|p1a: Annihilape|78/100
|-damage|p1b: Volcarona|39/100
|move|p2a: Sneasler|Close Combat|p1a: Annihilape
|-damage|p1a: Annihilape|35/100
|-unboost|p2a: Sneasler|def|1
|-unboost|p2a: Sneasler|spd|1
|move|p1b: Volcarona|Tailwind|p1b: Volcarona
|-sidestart|p1: KptainFr|move: Tailwind
|move|p1a: Annihilape|Bulk Up|p1a: Annihilape
|-boost|p1a: Annihilape|atk|1
|-boost|p1a: Annihilape|def|1
|
|-heal|p1a: Annihilape|41/100|[from] item: Leftovers
|upkeep
|turn|3
|
|t:|1756749848
|-terastallize|p2b: Volcarona|Fairy
|move|p1b: Volcarona|Overheat|p2a: Sneasler
|-enditem|p2a: Sneasler|Focus Sash
|-damage|p2a: Sneasler|1/100
|-unboost|p1b: Volcarona|spa|2
|move|p2a: Sneasler|Dire Claw|p1b: Volcarona
|-damage|p1b: Volcarona|0 fnt
|-status|p2a: Sneasler|brn|[from] ability: Flame Body|[of] p1b: Volcarona
|faint|p1b: Volcarona
|move|p1a: Annihilape|Drain Punch|p2b: Volcarona
|-resisted|p2b: Volcarona
|-damage|p2b: Volcarona|58/100
|-heal|p1a: Annihilape|59/100|[from] drain|[of] p2b: Volcarona
|move|p2b: Volcarona|Heat Wave|p1a: Annihilape
|-resisted|p1a: Annihilape
|-damage|p1a: Annihilape|25/100
|
|-heal|p1a: Annihilape|32/100|[from] item: Leftovers
|-heal|p2b: Volcarona|65/100|[from] item: Leftovers
|-damage|p2a: Sneasler|0 fnt|[from] brn
|faint|p2a: Sneasler
|upkeep
|
|t:|1756749869
|switch|p2a: Rillaboom|Rillaboom, L50, F|100/100
|switch|p1b: Sinistcha|Sinistcha, L50|100/100
|-fieldstart|move: Grassy Terrain|[from] ability: Grassy Surge|[of] p2a: Rillaboom
|-heal|p1a: Annihilape|57/100|[from] ability: Hospitality|[of] p1b: Sinistcha
|turn|4
|
|t:|1756749889
|move|p2a: Rillaboom|Fake Out|p1a: Annihilape
|-damage|p1a: Annihilape|50/100
|cant|p1a: Annihilape|flinch
|move|p2b: Volcarona|Quiver Dance|p2b: Volcarona
|-boost|p2b: Volcarona|spa|1
|-boost|p2b: Volcarona|spd|1
|-boost|p2b: Volcarona|spe|1
|move|p1b: Sinistcha|Matcha Gotcha|p2a: Rillaboom|[spread] p2a,p2b
|-resisted|p2a: Rillaboom
|-damage|p2a: Rillaboom|86/100
|-damage|p2b: Volcarona|46/100
|
|-heal|p2b: Volcarona|52/100|[from] Grassy Terrain
|-heal|p2b: Volcarona|58/100|[from] item: Leftovers
|-heal|p1a: Annihilape|56/100|[from] Grassy Terrain
|-heal|p1a: Annihilape|62/100|[from] item: Leftovers
|-heal|p2a: Rillaboom|92/100|[from] Grassy Terrain
|upkeep
|turn|5
|
|t:|1756749909
|switch|p2a: Dragonite|Dragonite, L50, F|100/100
|move|p2b: Volcarona|Heat Wave|p1b: Sinistcha|[spread] p1a,p1b
|-resisted|p1a: Annihilape
|-supereffective|p1b: Sinistcha
|-damage|p1a: Annihilape|34/100
|-damage|p1b: Sinistcha|0 fnt
|faint|p1b: Sinistcha
|move|p1a: Annihilape|Rage Fist|p2a: Dragonite
|-damage|p2a: Dragonite|0 fnt
|faint|p2a: Dragonite
|
|-heal|p2b: Volcarona|65/100|[from] Grassy Terrain
|-heal|p2b: Volcarona|71/100|[from] item: Leftovers
|-heal|p1a: Annihilape|40/100|[from] Grassy Terrain
|-heal|p1a: Annihilape|46/100|[from] item: Leftovers
|-sideend|p1: KptainFr|move: Tailwind
|upkeep
|
|t:|1756749925
|switch|p2a: Rillaboom|Rillaboom, L50, F|92/100
|switch|p1b: Ursaluna|Ursaluna-Bloodmoon, L50, M|100/100
|turn|6
|
|t:|1756749939
|move|p1a: Annihilape|Protect|p1a: Annihilape
|-singleturn|p1a: Annihilape|Protect
|move|p1b: Ursaluna|Protect|p1b: Ursaluna
|-singleturn|p1b: Ursaluna|Protect
|move|p2a: Rillaboom|Fake Out|p1a: Annihilape
|-activate|p1a: Annihilape|move: Protect
|move|p2b: Volcarona|Quiver Dance|p2b: Volcarona
|-boost|p2b: Volcarona|spa|1
|-boost|p2b: Volcarona|spd|1
|-boost|p2b: Volcarona|spe|1
|
|-heal|p2b: Volcarona|77/100|[from] Grassy Terrain
|-heal|p2b: Volcarona|83/100|[from] item: Leftovers
|-heal|p1a: Annihilape|52/100|[from] Grassy Terrain
|-heal|p2a: Rillaboom|98/100|[from] Grassy Terrain
|-heal|p1a: Annihilape|59/100|[from] item: Leftovers
|upkeep
|turn|7
|inactive|r4ka has 30 seconds left.
|
|t:|1756749967
|move|p2b: Volcarona|Heat Wave|p1a: Annihilape|[spread] p1a,p1b
|-resisted|p1a: Annihilape
|-damage|p1a: Annihilape|21/100
|-damage|p1b: Ursaluna|0 fnt
|faint|p1b: Ursaluna
|move|p1a: Annihilape|Rage Fist|p2b: Volcarona
|-damage|p2b: Volcarona|0 fnt
|faint|p2b: Volcarona
|move|p2a: Rillaboom|Wood Hammer|p1a: Annihilape
|-resisted|p1a: Annihilape
|-damage|p1a: Annihilape|1/100
|-damage|p2a: Rillaboom|92/100|[from] Recoil
|
|-heal|p1a: Annihilape|8/100|[from] Grassy Terrain
|-heal|p2a: Rillaboom|98/100|[from] Grassy Terrain
|-heal|p1a: Annihilape|14/100|[from] item: Leftovers
|upkeep
|turn|8
|
|t:|1756749982
|move|p1a: Annihilape|Protect|p1a: Annihilape
|-singleturn|p1a: Annihilape|Protect
|move|p2a: Rillaboom|Grassy Glide|p1a: Annihilape
|-activate|p1a: Annihilape|move: Protect
|
|-heal|p2a: Rillaboom|100/100|[from] Grassy Terrain
|-heal|p1a: Annihilape|20/100|[from] Grassy Terrain
|-heal|p1a: Annihilape|26/100|[from] item: Leftovers
|-fieldend|move: Grassy Terrain
|upkeep
|turn|9
|
|t:|1756749989
|move|p2a: Rillaboom|Wood Hammer|p1a: Annihilape
|-resisted|p1a: Annihilape
|-damage|p1a: Annihilape|12/100
|-damage|p2a: Rillaboom|96/100|[from] Recoil
|move|p1a: Annihilape|Rage Fist|p2a: Rillaboom
|-damage|p2a: Rillaboom|0 fnt
|faint|p2a: Rillaboom
|
|win|KptainFr
|raw|KptainFr's rating: 1027 → 1064(+37 for winning)
|raw|r4ka's rating: 1035 → 1019(-16 for losing)
|l|☆KptainFr
|player|p1|
