|j|☆Pokediamond155
|j|☆balancebro
|html|Pokediamond155balancebro    
|uhtml|bestof|Game 3 of a best-of-3
|t:|1756441157
|gametype|doubles
|player|p1|Pokediamond155|265|1137
|player|p2|balancebro|buck|1071
|gen|9
|tier|[Gen 9] VGC 2025 Reg H (Bo3)
|rated|
|rule|Species Clause: Limit one of each Pokémon
|rule|Item Clause: Limit 1 of each item
|clearpoke
|poke|p1|Archaludon, L50, M|
|poke|p1|Rillaboom, L50, M|
|poke|p1|Basculegion, L50, M|
|poke|p1|Kingambit, L50, M|
|poke|p1|Pelipper, L50, M|
|poke|p1|Electabuzz, L50, F|
|poke|p2|Pelipper, L50, F|
|poke|p2|Basculegion, L50, M|
|poke|p2|Bronzong, L50|
|poke|p2|Amoonguss, L50, M|
|poke|p2|Ursaluna, L50, M|
|poke|p2|Hydreigon, L50, M|
|teampreview|4
|showteam|p1|Archaludon||AssaultVest|Stamina|ElectroShot,DracoMeteor,FlashCannon,BodyPress|||M|||50|,,,,,Fairy]Rillaboom||LoadedDice|GrassySurge|BulletSeed,GrassyGlide,FakeOut,HighHorsepower|||M|||50|,,,,,Fire]Basculegion||ChoiceBand|SwiftSwim|WaveCrash,LastRespects,FlipTurn,AquaJet|||M|||50|,,,,,Grass]Kingambit||BlackGlasses|Defiant|KowtowCleave,SuckerPunch,SwordsDance,Protect|||M|||50|,,,,,Dark]Pelipper||FocusSash|Drizzle|WeatherBall,Hurricane,Tailwind,Protect|||M|||50|,,,,,Ghost]Electabuzz||Eviolite|VitalSpirit|Electroweb,Taunt,FollowMe,Protect|||F|||50|,,,,,Ghost
|showteam|p2|Pelipper||FocusSash|Drizzle|MuddyWater,Hurricane,Tailwind,Protect|||F|||50|,,,,,Stellar]Basculegion||ChoiceBand|SwiftSwim|WaveCrash,LastRespects,AquaJet,FlipTurn|||M|||50|,,,,,Water]Bronzong||Leftovers|Levitate|BodyPress,GyroBall,IronDefense,TrickRoom||||||50|,,,,,Fighting]Amoonguss||RockyHelmet|Regenerator|RagePowder,Spore,PollenPuff,ClearSmog|||M|||50|,,,,,Water]Ursaluna||FlameOrb|Guts|Facade,Earthquake,HeadlongRush,Protect|||M|||50|,,,,,Ghost]Hydreigon||ChoiceSpecs|Levitate|Snarl,DarkPulse,DracoMeteor,EarthPower|||M|||50|,,,,,Ghost
|inactive|Battle timer is ON: inactive players will automatically lose when time's up. (requested by Pokediamond155)
|
|t:|1756441178
|teamsize|p1|4
|teamsize|p2|4
|start
|switch|p1a: Archaludon|Archaludon, L50, M|100/100
|switch|p1b: Rillaboom|Rillaboom, L50, M|100/100
|switch|p2a: Hydreigon|Hydreigon, L50, M|100/100
|switch|p2b: Basculegion|Basculegion, L50, M|100/100
|-fieldstart|move: Grassy Terrain|[from] ability: Grassy Surge|[of] p1b: Rillaboom
|turn|1
|inactive|Pokediamond155 has 30 seconds left.
|inactive|balancebro has 30 seconds left.
|inactive|Pokediamond155 has 20 seconds left.
|inactive|balancebro has 20 seconds left.
|inactive|balancebro has 15 seconds left.
|inactive|balancebro has 10 seconds left.
|
|t:|1756441225
|move|p2a: Hydreigon|Draco Meteor|p1b: Rillaboom
|-damage|p1b: Rillaboom|0 fnt
|-unboost|p2a: Hydreigon|spa|2
|faint|p1b: Rillaboom
|move|p2b: Basculegion|Wave Crash|p1a: Archaludon
|-resisted|p1a: Archaludon
|-damage|p1a: Archaludon|72/100
|-ability|p1a: Archaludon|Stamina|boost
|-boost|p1a: Archaludon|def|1
|-damage|p2b: Basculegion|91/100|[from] Recoil
|move|p1a: Archaludon|Draco Meteor|p2a: Hydreigon
|-supereffective|p2a: Hydreigon
|-damage|p2a: Hydreigon|0 fnt
|-unboost|p1a: Archaludon|spa|2
|faint|p2a: Hydreigon
|
|-heal|p2b: Basculegion|97/100|[from] Grassy Terrain
|-heal|p1a: Archaludon|78/100|[from] Grassy Terrain
|upkeep
|
|t:|1756441241
|switch|p2a: Bronzong|Bronzong, L50|100/100
|switch|p1b: Pelipper|Pelipper, L50, M|100/100
|-weather|RainDance|[from] ability: Drizzle|[of] p1b: Pelipper
|turn|2
|
|t:|1756441255
|move|p2b: Basculegion|Wave Crash|p1b: Pelipper
|-resisted|p1b: Pelipper
|-damage|p1b: Pelipper|14/100
|-damage|p2b: Basculegion|77/100|[from] Recoil
|move|p1a: Archaludon|Electro Shot||[still]
|-prepare|p1a: Archaludon|Electro Shot
|-boost|p1a: Archaludon|spa|1
|-anim|p1a: Archaludon|Electro Shot|p2a: Bronzong
|-damage|p2a: Bronzong|75/100
|move|p1b: Pelipper|Weather Ball|p2a: Bronzong
|-damage|p2a: Bronzong|13/100
|move|p2a: Bronzong|Trick Room|p2a: Bronzong
|-fieldstart|move: Trick Room|[of] p2a: Bronzong
|
|-weather|RainDance|[upkeep]
|-heal|p2a: Bronzong|18/100|[from] item: Leftovers
|-heal|p1a: Archaludon|84/100|[from] Grassy Terrain
|-heal|p2b: Basculegion|84/100|[from] Grassy Terrain
|upkeep
|turn|3
|inactive|Pokediamond155 has 30 seconds left.
|inactive|balancebro has 30 seconds left.
|
|t:|1756441283
|switch|p2a: Amoonguss|Amoonguss, L50, M|100/100
|move|p1b: Pelipper|Protect|p1b: Pelipper
|-singleturn|p1b: Pelipper|Protect
|move|p1a: Archaludon|Electro Shot||[still]
|-prepare|p1a: Archaludon|Electro Shot
|-boost|p1a: Archaludon|spa|1
|-anim|p1a: Archaludon|Electro Shot|p2a: Amoonguss
|-resisted|p2a: Amoonguss
|-damage|p2a: Amoonguss|85/100
|move|p2b: Basculegion|Wave Crash|p1b: Pelipper
|-activate|p1b: Pelipper|move: Protect
|
|-weather|RainDance|[upkeep]
|-heal|p2a: Amoonguss|90/100|[from] Grassy Terrain
|-heal|p1a: Archaludon|91/100|[from] Grassy Terrain
|-heal|p2b: Basculegion|90/100|[from] Grassy Terrain
|upkeep
|turn|4
|
|t:|1756441303
|switch|p1a: Electabuzz|Electabuzz, L50, F|100/100
|-terastallize|p2a: Amoonguss|Water
|move|p2a: Amoonguss|Spore|p1a: Electabuzz
|-immune|p1a: Electabuzz|[from] ability: Vital Spirit
|move|p1b: Pelipper|Hurricane|p2a: Amoonguss
|-damage|p2a: Amoonguss|54/100
|move|p2b: Basculegion|Wave Crash|p1b: Pelipper
|-resisted|p1b: Pelipper
|-damage|p1b: Pelipper|0 fnt
|faint|p1b: Pelipper
|-damage|p2b: Basculegion|87/100|[from] Recoil
|
|-weather|RainDance|[upkeep]
|-heal|p2a: Amoonguss|60/100|[from] Grassy Terrain
|-heal|p2b: Basculegion|93/100|[from] Grassy Terrain
|upkeep
|
|t:|1756441316
|switch|p1b: Archaludon|Archaludon, L50, M|91/100
|turn|5
|
|t:|1756441335
|move|p2a: Amoonguss|Rage Powder|p2a: Amoonguss
|-singleturn|p2a: Amoonguss|move: Rage Powder
|move|p1a: Electabuzz|Follow Me|p1a: Electabuzz
|-singleturn|p1a: Electabuzz|move: Follow Me
|move|p1b: Archaludon|Electro Shot||[still]
|-prepare|p1b: Archaludon|Electro Shot
|-boost|p1b: Archaludon|spa|1
|-anim|p1b: Archaludon|Electro Shot|p2a: Amoonguss
|-supereffective|p2a: Amoonguss
|-damage|p2a: Amoonguss|0 fnt
|faint|p2a: Amoonguss
|move|p2b: Basculegion|Wave Crash|p1a: Electabuzz
|-damage|p1a: Electabuzz|0 fnt
|faint|p1a: Electabuzz
|-damage|p2b: Basculegion|64/100|[from] Recoil
|
|-weather|RainDance|[upkeep]
|-heal|p1b: Archaludon|97/100|[from] Grassy Terrain
|-heal|p2b: Basculegion|70/100|[from] Grassy Terrain
|-fieldend|move: Grassy Terrain
|upkeep
|j| redshoes7
|
|t:|1756441349
|switch|p2a: Bronzong|Bronzong, L50|18/100
|turn|6
|
|t:|1756441360
|move|p2a: Bronzong|Body Press|p1b: Archaludon
|-supereffective|p1b: Archaludon
|-damage|p1b: Archaludon|57/100
|-ability|p1b: Archaludon|Stamina|boost
|-boost|p1b: Archaludon|def|1
|move|p1b: Archaludon|Electro Shot||[still]
|-prepare|p1b: Archaludon|Electro Shot
|-boost|p1b: Archaludon|spa|1
|-anim|p1b: Archaludon|Electro Shot|p2b: Basculegion
|-supereffective|p2b: Basculegion
|-damage|p2b: Basculegion|0 fnt
|faint|p2b: Basculegion
|
|-weather|none
|-heal|p2a: Bronzong|24/100|[from] item: Leftovers
|-fieldend|move: Trick Room
|upkeep
|turn|7
|
|t:|1756441377
|move|p1b: Archaludon|Body Press|p2a: Bronzong
|-damage|p2a: Bronzong|1/100
|move|p2a: Bronzong|Body Press|p1b: Archaludon
|-supereffective|p1b: Archaludon
|-damage|p1b: Archaludon|27/100
|-ability|p1b: Archaludon|Stamina|boost
|-boost|p1b: Archaludon|def|1
|
|-heal|p2a: Bronzong|7/100|[from] item: Leftovers
|upkeep
|turn|8
|
|t:|1756441390
|move|p1b: Archaludon|Body Press|p2a: Bronzong
|-damage|p2a: Bronzong|0 fnt
|faint|p2a: Bronzong
|
|win|Pokediamond155
|raw|Pokediamond155's rating: 1137 → 1157(+20 for winning)
|raw|balancebro's rating: 1071 → 1054(-17 for losing)
