|j|☆randomguy1114s
|j|☆Cm3112
|html|randomguy1114sCm3112    
|uhtml|bestof|Game 1 of a best-of-3
|t:|1756747412
|gametype|doubles
|player|p1|randomguy1114s|lillie-masters|1159
|player|p2|Cm3112|266|1220
|gen|9
|tier|[Gen 9] VGC 2025 Reg H (Bo3)
|rated|
|rule|Species Clause: Limit one of each Pokémon
|rule|Item Clause: Limit 1 of each item
|clearpoke
|poke|p1|Gholdengo, L50|
|poke|p1|Incineroar, L50, M|
|poke|p1|Sinistcha, L50|
|poke|p1|Sneasler, L50, F|
|poke|p1|Rillaboom, L50, F|
|poke|p1|Dragonite, L50, M|
|poke|p2|Archaludon, L50, F|
|poke|p2|Annihilape, L50, F|
|poke|p2|Maushold-Four, L50|
|poke|p2|Pelipper, L50, M|
|poke|p2|Basculegion, L50, M|
|poke|p2|Sinistcha, L50|
|teampreview|4
|showteam|p1|Gholdengo||LifeOrb|GoodasGold|NastyPlot,MakeItRain,ShadowBall,Protect||||||50|,,,,,Dragon]Incineroar||SafetyGoggles|Intimidate|FakeOut,KnockOff,Taunt,PartingShot|||M|||50|,,,,,Ghost]Sinistcha||MentalHerb|Hospitality|RagePowder,TrickRoom,MatchaGotcha,Protect||||||50|,,,,,Water]Sneasler||GrassySeed|Unburden|CloseCombat,DireClaw,ThroatChop,Protect|||F|||50|,,,,,Dark]Rillaboom||AssaultVest|GrassySurge|FakeOut,WoodHammer,GrassyGlide,Uturn|||F|||50|,,,,,Fire]Dragonite||LoadedDice|Multiscale|ScaleShot,StompingTantrum,Tailwind,Protect|||M|||50|,,,,,Ground
|showteam|p2|Archaludon||AssaultVest|Stamina|FlashCannon,ElectroShot,DracoMeteor,BodyPress|||F|||50|,,,,,Fairy]Annihilape||SafetyGoggles|Defiant|DrainPunch,RageFist,BulkUp,Protect|||F|||50|,,,,,Dragon]Maushold-Four||WideLens|Technician|PopulationBomb,BeatUp,FollowMe,Protect||||||50|,,,,,Ghost]Pelipper||FocusSash|Drizzle|MuddyWater,Hurricane,WideGuard,Tailwind|||M|||50|,,,,,Water]Basculegion||ChoiceBand|SwiftSwim|WaveCrash,FlipTurn,AquaJet,LastRespects|||M|||50|,,,,,Dark]Sinistcha||RockyHelmet|Hospitality|MatchaGotcha,RagePowder,StrengthSap,TrickRoom||||||50|,,,,,Fairy
|
|t:|1756747454
|teamsize|p1|4
|teamsize|p2|4
|start
|switch|p1a: monke|Rillaboom, L50, F, shiny|100/100
|switch|p1b: cheese man|Gholdengo, L50, shiny|100/100
|switch|p2a: Pelipper|Pelipper, L50, M|100/100
|switch|p2b: Maushold|Maushold-Four, L50|100/100
|-fieldstart|move: Grassy Terrain|[from] ability: Grassy Surge|[of] p1a: monke
|-weather|RainDance|[from] ability: Drizzle|[of] p2a: Pelipper
|turn|1
|inactive|Battle timer is ON: inactive players will automatically lose when time's up. (requested by Cm3112)
|
|t:|1756747469
|switch|p2a: Archaludon|Archaludon, L50, F|100/100
|-terastallize|p2b: Maushold|Ghost
|move|p1a: monke|Fake Out|p2a: Archaludon
|-resisted|p2a: Archaludon
|-damage|p2a: Archaludon|96/100
|-ability|p2a: Archaludon|Stamina|boost
|-boost|p2a: Archaludon|def|1
|move|p2b: Maushold|Population Bomb|p1a: monke
|-damage|p1a: monke|90/100
|-damage|p1a: monke|81/100
|-damage|p1a: monke|71/100
|-damage|p1a: monke|62/100
|-damage|p1a: monke|51/100
|-damage|p1a: monke|40/100
|-damage|p1a: monke|29/100
|-damage|p1a: monke|19/100
|-damage|p1a: monke|10/100
|-damage|p1a: monke|0 fnt
|faint|p1a: monke
|-hitcount|p1: monke|10
|move|p1b: cheese man|Nasty Plot|p1b: cheese man
|-boost|p1b: cheese man|spa|2
|
|-weather|RainDance|[upkeep]
|-heal|p2a: Archaludon|100/100|[from] Grassy Terrain
|upkeep
|inactive|randomguy1114s has 30 seconds left.
|
|t:|1756747498
|switch|p1a: menacetosociety|Sneasler, L50, F, shiny|100/100
|-enditem|p1a: menacetosociety|Grassy Seed
|-boost|p1a: menacetosociety|def|1|[from] item: Grassy Seed
|turn|2
|
|t:|1756747521
|-terastallize|p1a: menacetosociety|Dark
|move|p2b: Maushold|Protect|p2b: Maushold
|-singleturn|p2b: Maushold|Protect
|move|p1a: menacetosociety|Throat Chop|p2b: Maushold
|-activate|p2b: Maushold|move: Protect
|move|p1b: cheese man|Shadow Ball|p2a: Archaludon
|-damage|p2a: Archaludon|34/100
|-unboost|p2a: Archaludon|spd|1
|-ability|p2a: Archaludon|Stamina|boost
|-boost|p2a: Archaludon|def|1
|-damage|p1b: cheese man|91/100|[from] item: Life Orb
|move|p2a: Archaludon|Electro Shot||[still]
|-prepare|p2a: Archaludon|Electro Shot
|-boost|p2a: Archaludon|spa|1
|-anim|p2a: Archaludon|Electro Shot|p1b: cheese man
|-damage|p1b: cheese man|29/100
|
|-weather|RainDance|[upkeep]
|-heal|p1b: cheese man|35/100|[from] Grassy Terrain
|-heal|p2a: Archaludon|40/100|[from] Grassy Terrain
|upkeep
|turn|3
|
|t:|1756747544
|move|p2b: Maushold|Follow Me|p2b: Maushold
|-singleturn|p2b: Maushold|move: Follow Me
|move|p1a: menacetosociety|Throat Chop|p2b: Maushold
|-supereffective|p2b: Maushold
|-damage|p2b: Maushold|0 fnt
|faint|p2b: Maushold
|move|p1b: cheese man|Shadow Ball|p2a: Archaludon
|-damage|p2a: Archaludon|0 fnt
|faint|p2a: Archaludon
|-damage|p1b: cheese man|25/100|[from] item: Life Orb
|
|-weather|RainDance|[upkeep]
|-heal|p1b: cheese man|31/100|[from] Grassy Terrain
|upkeep
|
|t:|1756747550
|switch|p2b: Pelipper|Pelipper, L50, M|100/100
|switch|p2a: Basculegion|Basculegion, L50, M|100/100
|turn|4
|
|t:|1756747563
|move|p2a: Basculegion|Aqua Jet|p1a: menacetosociety
|-damage|p1a: menacetosociety|58/100
|move|p1a: menacetosociety|Throat Chop|p2a: Basculegion
|-supereffective|p2a: Basculegion
|-damage|p2a: Basculegion|0 fnt
|faint|p2a: Basculegion
|move|p1b: cheese man|Make It Rain|p2b: Pelipper
|-resisted|p2b: Pelipper
|-enditem|p2b: Pelipper|Focus Sash
|-damage|p2b: Pelipper|1/100
|-unboost|p1b: cheese man|spa|1
|-damage|p1b: cheese man|21/100|[from] item: Life Orb
|move|p2b: Pelipper|Muddy Water|p1b: cheese man|[spread] p1a,p1b
|-damage|p1a: menacetosociety|5/100
|-damage|p1b: cheese man|0 fnt
|faint|p1b: cheese man
|
|-weather|RainDance|[upkeep]
|-heal|p1a: menacetosociety|11/100|[from] Grassy Terrain
|upkeep
|
|t:|1756747573
|switch|p1b: IM SHEDDING|Dragonite, L50, M|100/100
|turn|5
|
|t:|1756747578
|move|p1a: menacetosociety|Dire Claw|p2b: Pelipper
|-damage|p2b: Pelipper|0 fnt
|faint|p2b: Pelipper
|
|win|randomguy1114s
||Cm3112 is ready for game 2.
