|j|‽aceccam56
|j|☆BaimeJoytWeeGeeCee
|html|aceccam56BaimeJoytWeeGeeCee    
|uhtml|bestof|Game 2 of a best-of-3
|t:|1756692068
|gametype|doubles
|player|p1|aceccam56|101|1073
|player|p2|BaimeJoytWeeGeeCee|dawn|1025
|gen|9
|tier|[Gen 9] VGC 2025 Reg H (Bo3)
|rated|
|rule|Species Clause: Limit one of each Pokémon
|rule|Item Clause: Limit 1 of each item
|clearpoke
|poke|p1|Hydreigon, L50, F|
|poke|p1|Volcarona, L50, F|
|poke|p1|Gholdengo, L50|
|poke|p1|Sneasler, L50, M|
|poke|p1|Whimsicott, L50, M|
|poke|p1|Rillaboom, L50, M|
|poke|p2|Maushold-Four, L50|
|poke|p2|Annihilape, L50, F|
|poke|p2|Pelipper, L50, M|
|poke|p2|Archaludon, L50, F|
|poke|p2|Basculegion, L50, M|
|poke|p2|Kingambit, L50, F|
|teampreview|4
|showteam|p1|Hydreigon||ScopeLens|Levitate|DracoMeteor,Protect,EarthPower,FocusEnergy|||F|||50|,,,,,Ghost]Volcarona||CovertCloak|FlameBody|HeatWave,Tailwind,RagePowder,GigaDrain|||F|||50|,,,,,Grass]Gholdengo||LifeOrb|GoodasGold|MakeItRain,ShadowBall,Protect,NastyPlot||||||50|,,,,,Water]Sneasler||FocusSash|Unburden|CloseCombat,DireClaw,ThroatChop,Protect|||M|||50|,,,,,Fighting]Whimsicott||RockyHelmet|Prankster|Tailwind,TrickRoom,Encore,Moonblast|||M|||50|,,,,,Grass]Rillaboom||AssaultVest|GrassySurge|FakeOut,GrassyGlide,WoodHammer,Uturn|||M|||50|,,,,,Grass
|showteam|p2|Maushold-Four||SafetyGoggles|FriendGuard|FollowMe,Protect,Taunt,BeatUp||||||50|,,,,,Ghost]Annihilape||Leftovers|Defiant|RageFist,DrainPunch,BulkUp,Protect|||F|||50|,,,,,Fire]Pelipper||FocusSash|Drizzle|Hurricane,WeatherBall,Tailwind,Protect|||M|||50|,,,,,Ghost]Archaludon||AssaultVest|Stamina|DracoMeteor,ElectroShot,BodyPress,FlashCannon|||F|||50|,,,,,Grass]Basculegion||ChoiceBand|SwiftSwim|LastRespects,WaveCrash,AquaJet,FlipTurn|||M|||50|,,,,,Grass]Kingambit||BlackGlasses|Defiant|KowtowCleave,SuckerPunch,IronHead,Protect|||F|||50|,,,,,Dark
|inactive|Battle timer is ON: inactive players will automatically lose when time's up. (requested by BaimeJoytWeeGeeCee)
|
|t:|1756692088
|teamsize|p1|4
|teamsize|p2|4
|start
|switch|p1a: Rillaboom|Rillaboom, L50, M|100/100
|switch|p1b: Sneasler|Sneasler, L50, M|100/100
|switch|p2a: Annihilape|Annihilape, L50, F, shiny|100/100
|switch|p2b: Maushold|Maushold-Four, L50|100/100
|-fieldstart|move: Grassy Terrain|[from] ability: Grassy Surge|[of] p1a: Rillaboom
|turn|1
|
|t:|1756692112
|move|p2b: Maushold|Beat Up|p2a: Annihilape
|-damage|p2a: Annihilape|98/100
|-damage|p2a: Annihilape|97/100
|-damage|p2a: Annihilape|95/100
|-damage|p2a: Annihilape|94/100
|-hitcount|p2a: Annihilape|4
|move|p1b: Sneasler|Throat Chop|p2a: Annihilape
|-damage|p2a: Annihilape|69/100
|-start|p2a: Annihilape|Throat Chop|[silent]
|move|p2a: Annihilape|Rage Fist|p1a: Rillaboom
|-damage|p1a: Rillaboom|0 fnt
|faint|p1a: Rillaboom
|
|-heal|p2a: Annihilape|75/100|[from] Grassy Terrain
|-heal|p2a: Annihilape|81/100|[from] item: Leftovers
|upkeep
|
|t:|1756692130
|switch|p1a: Hydreigon|Hydreigon, L50, F|100/100
|turn|2
|inactive|aceccam56 has 30 seconds left.
|inactive|BaimeJoytWeeGeeCee has 30 seconds left.
|
|t:|1756692160
|move|p2b: Maushold|Beat Up|p1b: Sneasler
|-resisted|p1b: Sneasler
|-damage|p1b: Sneasler|99/100
|-resisted|p1b: Sneasler
|-damage|p1b: Sneasler|97/100
|-resisted|p1b: Sneasler
|-damage|p1b: Sneasler|95/100
|-resisted|p1b: Sneasler
|-damage|p1b: Sneasler|93/100
|-hitcount|p1b: Sneasler|4
|move|p1b: Sneasler|Throat Chop|p2b: Maushold
|-damage|p2b: Maushold|59/100
|-start|p2b: Maushold|Throat Chop|[silent]
|move|p1a: Hydreigon|Draco Meteor|p2a: Annihilape
|-damage|p2a: Annihilape|34/100
|-unboost|p1a: Hydreigon|spa|2
|move|p2a: Annihilape|Rage Fist|p1b: Sneasler
|-damage|p1b: Sneasler|0 fnt
|faint|p1b: Sneasler
|
|-heal|p2b: Maushold|65/100|[from] Grassy Terrain
|-heal|p2a: Annihilape|40/100|[from] Grassy Terrain
|-heal|p2a: Annihilape|46/100|[from] item: Leftovers
|-end|p2a: Annihilape|Throat Chop|[silent]
|upkeep
|
|t:|1756692180
|switch|p1b: Volcarona|Volcarona, L50, F|100/100
|turn|3
|
|t:|1756692192
|-terastallize|p2a: Annihilape|Fire
|move|p1b: Volcarona|Rage Powder|p1b: Volcarona
|-singleturn|p1b: Volcarona|move: Rage Powder
|move|p2b: Maushold|Taunt|p1b: Volcarona
|-start|p1b: Volcarona|move: Taunt
|move|p1a: Hydreigon|Focus Energy|p1a: Hydreigon
|-start|p1a: Hydreigon|move: Focus Energy
|move|p2a: Annihilape|Drain Punch|p1b: Volcarona
|-resisted|p1b: Volcarona
|-damage|p1b: Volcarona|79/100
|-heal|p2a: Annihilape|57/100|[from] drain|[of] p1b: Volcarona
|
|-heal|p2b: Maushold|71/100|[from] Grassy Terrain
|-heal|p1b: Volcarona|85/100|[from] Grassy Terrain
|-heal|p2a: Annihilape|63/100|[from] Grassy Terrain
|-heal|p2a: Annihilape|69/100|[from] item: Leftovers
|-end|p2b: Maushold|Throat Chop|[silent]
|upkeep
|turn|4
|inactive|aceccam56 has 30 seconds left.
|
|t:|1756692218
|move|p2b: Maushold|Follow Me|p2b: Maushold
|-singleturn|p2b: Maushold|move: Follow Me
|move|p1b: Volcarona|Heat Wave|p2a: Annihilape|[spread] p2a,p2b
|-resisted|p2a: Annihilape
|-damage|p2a: Annihilape|60/100
|-damage|p2b: Maushold|31/100
|move|p1a: Hydreigon|Earth Power|p2b: Maushold
|-crit|p2b: Maushold
|-damage|p2b: Maushold|0 fnt
|faint|p2b: Maushold
|move|p2a: Annihilape|Rage Fist|p1a: Hydreigon
|-resisted|p1a: Hydreigon
|-damage|p1a: Hydreigon|11/100
|
|-heal|p1b: Volcarona|92/100|[from] Grassy Terrain
|-heal|p2a: Annihilape|66/100|[from] Grassy Terrain
|-heal|p2a: Annihilape|72/100|[from] item: Leftovers
|upkeep
|
|t:|1756692232
|switch|p2b: Kingambit|Kingambit, L50, F|100/100
|turn|5
|
|t:|1756692239
|move|p1a: Hydreigon|Protect|p1a: Hydreigon
|-singleturn|p1a: Hydreigon|Protect
|move|p2b: Kingambit|Sucker Punch||[still]
|-fail|p2b: Kingambit
|move|p1b: Volcarona|Heat Wave|p2b: Kingambit|[spread] p2a,p2b
|-resisted|p2a: Annihilape
|-supereffective|p2b: Kingambit
|-damage|p2a: Annihilape|57/100
|-damage|p2b: Kingambit|34/100
|-status|p2b: Kingambit|brn
|move|p2a: Annihilape|Rage Fist|p1b: Volcarona
|-damage|p1b: Volcarona|0 fnt
|faint|p1b: Volcarona
|
|-heal|p2a: Annihilape|63/100|[from] Grassy Terrain
|-heal|p2a: Annihilape|69/100|[from] item: Leftovers
|-heal|p2b: Kingambit|40/100 brn|[from] Grassy Terrain
|-damage|p2b: Kingambit|34/100 brn|[from] brn
|-fieldend|move: Grassy Terrain
|upkeep
|turn|6
|inactive|aceccam56 has 30 seconds left.
|inactive|aceccam56 has 20 seconds left.
|inactive|aceccam56 has 15 seconds left.
|inactive|aceccam56 has 10 seconds left.
|
|t:|1756692286
|-terastallize|p1a: Hydreigon|Ghost
|move|p2b: Kingambit|Sucker Punch|p1a: Hydreigon
|-supereffective|p1a: Hydreigon
|-crit|p1a: Hydreigon
|-damage|p1a: Hydreigon|0 fnt
|faint|p1a: Hydreigon
|
|win|BaimeJoytWeeGeeCee
|raw|aceccam56's rating: 1073 → 1049(-24 for losing)
|raw|BaimeJoytWeeGeeCee's rating: 1025 → 1066(+41 for winning)
|l|‽aceccam56
|player|p1|
