|j|☆Assassinator.dr
|j|☆theboyparris
|html|Assassinator.drtheboyparris    
|uhtml|bestof|Game 1 of a best-of-3
|t:|1785954652
|gametype|doubles
|player|p1|Assassinator.dr|youngster-gen4dp|1168
|player|p2|theboyparris|102|1311
|gen|9
|tier|[Gen 9 Champions] VGC 2026 Reg M-B (Bo3)
|rated|
|rule|Species Clause: Limit one of each Pokémon
|rule|Item Clause: Limit 1 of each item
|clearpoke
|poke|p1|Kangaskhan, L50, F|
|poke|p1|Swampert, L50, M|
|poke|p1|Beedrill, L50, M|
|poke|p1|Pelipper, L50, F|
|poke|p1|Sableye, L50, M|
|poke|p1|Sylveon, L50, F|
|poke|p2|Metagross, L50|
|poke|p2|Ceruledge, L50, F|
|poke|p2|Kommo-o, L50, F|
|poke|p2|Serperior, L50, M|
|poke|p2|Weavile, L50, M|
|poke|p2|Swampert, L50, F|
|teampreview|4
|showteam|p1|Kangaskhan||SilkScarf|Scrappy|FakeOut,LastResort|Adamant||F|||50|]Swampert||Swampertite|Torrent|Protect,WaveCrash,Earthquake,IcePunch|Adamant||M|||50|]Beedrill||Beedrillite|Sniper|Protect,PoisonJab,DrillRun,Uturn|Adamant||M|||50|]Pelipper||FocusSash|Drizzle|WideGuard,Tailwind,WeatherBall,Hurricane|Modest||F|||50|]Sableye||SitrusBerry|Prankster|Quash,FoulPlay,RainDance,WillOWisp|Careful||M|||50|]Sylveon||LifeOrb|Pixilate|HyperVoice,HyperBeam,Protect,QuickAttack|Quiet||F|||50|
|showteam|p2|Metagross||Metagrossite|ClearBody|HardPress,BodyPress,PsychicFangs,Protect|Jolly|||||50|]Ceruledge||LifeOrb|FlashFire|BitterBlade,ShadowSneak,BulkUp,Protect|Adamant||F|||50|]Kommo-o||DragonFang|Bulletproof|ClangingScales,Flamethrower,ClangorousSoul,Protect|Timid||F|||50|]Serperior||WideLens|Contrary|LeafStorm,LightScreen,Reflect,Glare|Timid||M|||50|]Weavile||FocusSash|Pickpocket|KnockOff,IceSpinner,LowKick,FakeOut|Jolly||M|||50|]Swampert||SitrusBerry|Damp|HighHorsepower,IcePunch,WideGuard,Yawn|Adamant||F|||50|
|inactive|Battle timer is ON: inactive players will automatically lose when time's up. (requested by theboyparris)
|c|☆Assassinator.dr|gl
|inactive|Assassinator.dr has 60 seconds left.
|inactive|theboyparris has 60 seconds left.
|inactive|Assassinator.dr has 30 seconds left.
|inactive|Assassinator.dr has 20 seconds left.
|inactive|Assassinator.dr has 15 seconds left.
|inactive|Assassinator.dr has 10 seconds left.
|
|t:|1785954733
|teamsize|p1|4
|teamsize|p2|4
|start
|switch|p1a: Kangaskhan|Kangaskhan, L50, F|100/100
|switch|p1b: Sylveon|Sylveon, L50, F|100/100
|switch|p2a: Weavile|Weavile, L50, M|100/100
|switch|p2b: Metagross|Metagross, L50|100/100
|turn|1
|
|t:|1785954743
|detailschange|p2b: Metagross|Metagross-Mega, L50
|-mega|p2b: Metagross|Metagross|Metagrossite
|move|p2a: Weavile|Fake Out|p1a: Kangaskhan
|-damage|p1a: Kangaskhan|86/100
|cant|p1a: Kangaskhan|flinch
|move|p2b: Metagross|Hard Press|p1b: Sylveon
|-supereffective|p1b: Sylveon|1
|-damage|p1b: Sylveon|0 fnt
|faint|p1b: Sylveon
|
|upkeep
|
|t:|1785954753
|switch|p1b: Swampert|Swampert, L50, M|100/100
|turn|2
|
|t:|1785954771
|switch|p1a: Pelipper|Pelipper, L50, F|100/100
|-weather|RainDance|[from] ability: Drizzle|[of] p1a: Pelipper
|detailschange|p1b: Swampert|Swampert-Mega, L50, M
|-mega|p1b: Swampert|Swampert|Swampertite
|move|p2b: Metagross|Protect|p2b: Metagross
|-singleturn|p2b: Metagross|Protect
|move|p1b: Swampert|Earthquake|p2b: Metagross|[spread] p2a
|-activate|p2b: Metagross|move: Protect
|-immune|p1a: Pelipper
|-damage|p2a: Weavile|20/100y
|move|p2a: Weavile|Knock Off|p1a: Pelipper
|-damage|p1a: Pelipper|33/100
|-enditem|p1a: Pelipper|Focus Sash|[from] move: Knock Off|[of] p2a: Weavile
|
|-weather|RainDance|[upkeep]
|upkeep
|turn|3
|
|t:|1785954791
|move|p1b: Swampert|Earthquake|p2b: Metagross|[spread] p2a,p2b
|-immune|p1a: Pelipper
|-supereffective|p2b: Metagross|1
|-damage|p2a: Weavile|0 fnt
|-damage|p2b: Metagross|35/100
|faint|p2a: Weavile
|move|p2b: Metagross|Psychic Fangs|p1a: Pelipper
|-damage|p1a: Pelipper|0 fnt
|faint|p1a: Pelipper
|
|-weather|RainDance|[upkeep]
|upkeep
|
|t:|1785954800
|switch|p2a: Kommo-o|Kommo-o, L50, F|100/100
|switch|p1a: Kangaskhan|Kangaskhan, L50, F|86/100
|turn|4
|
|t:|1785954816
|move|p2b: Metagross|Protect|p2b: Metagross
|-singleturn|p2b: Metagross|Protect
|move|p2a: Kommo-o|Protect|p2a: Kommo-o
|-singleturn|p2a: Kommo-o|Protect
|move|p1a: Kangaskhan|Fake Out|p2a: Kommo-o
|-activate|p2a: Kommo-o|move: Protect
|move|p1b: Swampert|Ice Punch|p2a: Kommo-o
|-activate|p2a: Kommo-o|move: Protect
|
|-weather|RainDance|[upkeep]
|upkeep
|turn|5
|
|t:|1785954831
|move|p1b: Swampert|Earthquake|p2a: Kommo-o|[spread] p1a,p2a,p2b
|-supereffective|p2b: Metagross|1
|-damage|p1a: Kangaskhan|41/100
|-damage|p2a: Kommo-o|52/100
|-damage|p2b: Metagross|0 fnt
|faint|p2b: Metagross
|move|p2a: Kommo-o|Clanging Scales|p1a: Kangaskhan|[spread] p1a,p1b
|-damage|p1a: Kangaskhan|1/100
|-damage|p1b: Swampert|65/100
|-unboost|p2a: Kommo-o|def|1
|move|p1a: Kangaskhan|Last Resort|p2a: Kommo-o
|-damage|p2a: Kommo-o|0 fnt
|faint|p2a: Kommo-o
|
|-weather|RainDance|[upkeep]
|upkeep
|
|t:|1785954836
|switch|p2b: Serperior|Serperior, L50, M|100/100
|turn|6
|
|t:|1785954851
|move|p1b: Swampert|Ice Punch|p2b: Serperior
|-supereffective|p2b: Serperior|1
|-damage|p2b: Serperior|32/100
|move|p2b: Serperior|Leaf Storm|p1a: Kangaskhan
|-damage|p1a: Kangaskhan|0 fnt
|-boost|p2b: Serperior|spa|2
|faint|p1a: Kangaskhan
|
|-weather|none
|upkeep
|turn|7
|
|t:|1785954863
|move|p2b: Serperior|Leaf Storm|p1b: Swampert
|-supereffective|p1b: Swampert|2
|-damage|p1b: Swampert|0 fnt
|-boost|p2b: Serperior|spa|2
|faint|p1b: Swampert
|
|win|theboyparris
||Assassinator.dr is ready for game 2.
||theboyparris is ready for game 2.
|uhtml|next|Next: Game 2 of 3
|l|☆Assassinator.dr
|player|p1|
