|j|☆zoan lover
|j|☆endK649
|html|zoan loverendK649    
|uhtml|bestof|Game 2 of a best-of-3
|t:|1756945257
|gametype|doubles
|player|p1|zoan lover|blackbelt-gen4dp|1107
|player|p2|endK649|gambler|1119
|gen|9
|tier|[Gen 9] VGC 2025 Reg H (Bo3)
|rated|
|rule|Species Clause: Limit one of each Pokémon
|rule|Item Clause: Limit 1 of each item
|clearpoke
|poke|p1|Sneasler, L50, F|
|poke|p1|Indeedee, L50, M|
|poke|p1|Volcarona, L50, F|
|poke|p1|Ursaluna-Bloodmoon, L50, M|
|poke|p1|Annihilape, L50, M|
|poke|p1|Tyranitar, L50, M|
|poke|p2|Feraligatr, L50, F|
|poke|p2|Kommo-o, L50, M|
|poke|p2|Politoed, L50, F|
|poke|p2|Rillaboom, L50, M|
|poke|p2|Incineroar, L50, M|
|poke|p2|Electabuzz, L50, F|
|teampreview|4
|showteam|p1|Sneasler||PsychicSeed|Unburden|CloseCombat,DireClaw,ThroatChop,Protect|||F|||50|,,,,,Dark]Indeedee||ChoiceScarf|PsychicSurge|ExpandingForce,TeraBlast,Trick,Protect|||M|||50|,,,,,Psychic]Volcarona||SitrusBerry|FlameBody|Overheat,StruggleBug,RagePowder,Tailwind|||F|||50|,,,,,Grass]Ursaluna-Bloodmoon||LifeOrb|MindsEye|BloodMoon,HyperVoice,EarthPower,Protect|||M|||50|,,,,,Normal]Annihilape||SafetyGoggles|Defiant|CloseCombat,RageFist,Taunt,FinalGambit|||M|||50|,,,,,Fairy]Tyranitar||AssaultVest|SandStream|RockSlide,KnockOff,TeraBlast,LowKick|||M|||50|,,,,,Flying
|showteam|p2|Feraligatr||LifeOrb|SheerForce|Liquidation,Crunch,DragonDance,Protect|||F|||50|,,,,,Dark]Kommo-o||ThroatSpray|Overcoat|ClangingScales,AuraSphere,ClangorousSoul,Protect|||M|||50|,,,,,Fairy]Politoed||SitrusBerry|Drizzle|WeatherBall,IcyWind,Haze,Protect|||F|||50|,,,,,Grass]Rillaboom||AssaultVest|GrassySurge|WoodHammer,GrassyGlide,FakeOut,Uturn|||M|||50|,,,,,Fire]Incineroar||SafetyGoggles|Intimidate|KnockOff,FakeOut,HelpingHand,PartingShot|||M|||50|,,,,,Ghost]Electabuzz||Eviolite|VitalSpirit|Electroweb,Taunt,FollowMe,VoltSwitch|||F|||50|,,,,,Ghost
|inactive|Battle timer is ON: inactive players will automatically lose when time's up. (requested by zoan lover)
|
|t:|1756945292
|teamsize|p1|4
|teamsize|p2|4
|start
|switch|p1a: Annihilape|Annihilape, L50, M|100/100
|switch|p1b: Tyranitar|Tyranitar, L50, M|100/100
|switch|p2a: Feraligatr|Feraligatr, L50, F, shiny|100/100
|switch|p2b: Electabuzz|Electabuzz, L50, F, shiny|100/100
|-weather|Sandstorm|[from] ability: Sand Stream|[of] p1b: Tyranitar
|turn|1
|inactive|zoan lover has 30 seconds left.
|
|t:|1756945320
|move|p1a: Annihilape|Taunt|p2b: Electabuzz
|-start|p2b: Electabuzz|move: Taunt
|move|p2b: Electabuzz|Volt Switch|p1a: Annihilape
|-damage|p1a: Annihilape|80/100
|
|t:|1756945325
|switch|p2b: Politoed|Politoed, L50, F|100/100|[from] Volt Switch
|-weather|RainDance|[from] ability: Drizzle|[of] p2b: Politoed
|move|p2a: Feraligatr|Dragon Dance|p2a: Feraligatr
|-boost|p2a: Feraligatr|atk|1
|-boost|p2a: Feraligatr|spe|1
|move|p1b: Tyranitar|Knock Off|p2a: Feraligatr
|-damage|p2a: Feraligatr|44/100
|-enditem|p2a: Feraligatr|Life Orb|[from] move: Knock Off|[of] p1b: Tyranitar
|
|-weather|RainDance|[upkeep]
|upkeep
|turn|2
|inactive|zoan lover has 30 seconds left.
|inactive|endK649 has 30 seconds left.
|inactive|zoan lover has 20 seconds left.
|inactive|zoan lover has 15 seconds left.
|
|t:|1756945365
|switch|p1b: Indeedee|Indeedee, L50, M|100/100
|-fieldstart|move: Psychic Terrain|[from] ability: Psychic Surge|[of] p1b: Indeedee
|move|p2a: Feraligatr|Liquidation|p1a: Annihilape
|-damage|p1a: Annihilape|0 fnt
|faint|p1a: Annihilape
|move|p2b: Politoed|Weather Ball|p1b: Indeedee
|-damage|p1b: Indeedee|3/100
|
|-weather|RainDance|[upkeep]
|upkeep
|
|t:|1756945375
|switch|p1a: Sneasler|Sneasler, L50, F|100/100
|-enditem|p1a: Sneasler|Psychic Seed
|-boost|p1a: Sneasler|spd|1|[from] item: Psychic Seed
|turn|3
|
|t:|1756945398
|switch|p2a: Rillaboom|Rillaboom, L50, M, shiny|100/100
|-fieldstart|move: Grassy Terrain|[from] ability: Grassy Surge|[of] p2a: Rillaboom
|move|p1a: Sneasler|Close Combat|p2a: Rillaboom
|-damage|p2a: Rillaboom|39/100
|-unboost|p1a: Sneasler|def|1
|-unboost|p1a: Sneasler|spd|1
|move|p1b: Indeedee|Expanding Force|p2b: Politoed
|-damage|p2b: Politoed|63/100
|move|p2b: Politoed|Icy Wind|p1a: Sneasler|[spread] p1a,p1b
|-damage|p1a: Sneasler|86/100
|-damage|p1b: Indeedee|0 fnt
|-unboost|p1a: Sneasler|spe|1
|faint|p1b: Indeedee
|
|-weather|RainDance|[upkeep]
|-heal|p1a: Sneasler|91/100|[from] Grassy Terrain
|-heal|p2b: Politoed|69/100|[from] Grassy Terrain
|-heal|p2a: Rillaboom|45/100|[from] Grassy Terrain
|upkeep
|
|t:|1756945406
|switch|p1b: Tyranitar|Tyranitar, L50, M|100/100
|-weather|Sandstorm|[from] ability: Sand Stream|[of] p1b: Tyranitar
|turn|4
|inactive|zoan lover has 30 seconds left.
|
|t:|1756945435
|switch|p2b: Electabuzz|Electabuzz, L50, F, shiny|100/100
|-terastallize|p1b: Tyranitar|Flying
|move|p1a: Sneasler|Protect|p1a: Sneasler
|-singleturn|p1a: Sneasler|Protect
|move|p2a: Rillaboom|Fake Out|p1a: Sneasler
|-activate|p1a: Sneasler|move: Protect
|move|p1b: Tyranitar|Rock Slide|p2b: Electabuzz|[spread] p2a,p2b
|-damage|p2a: Rillaboom|14/100
|-damage|p2b: Electabuzz|72/100
|
|-weather|Sandstorm|[upkeep]
|-damage|p1a: Sneasler|86/100|[from] Sandstorm
|-damage|p2b: Electabuzz|66/100|[from] Sandstorm
|-damage|p2a: Rillaboom|8/100|[from] Sandstorm
|-damage|p1b: Tyranitar|95/100|[from] Sandstorm
|-heal|p1a: Sneasler|91/100|[from] Grassy Terrain
|-heal|p2b: Electabuzz|72/100|[from] Grassy Terrain
|-heal|p2a: Rillaboom|14/100|[from] Grassy Terrain
|upkeep
|turn|5
|
|t:|1756945460
|switch|p2b: Politoed|Politoed, L50, F|69/100
|-weather|RainDance|[from] ability: Drizzle|[of] p2b: Politoed
|move|p1a: Sneasler|Dire Claw|p2a: Rillaboom
|-supereffective|p2a: Rillaboom
|-damage|p2a: Rillaboom|0 fnt
|faint|p2a: Rillaboom
|move|p1b: Tyranitar|Knock Off|p2b: Politoed
|-damage|p2b: Politoed|0 fnt
|-enditem|p2b: Politoed|Sitrus Berry|[from] move: Knock Off|[of] p1b: Tyranitar
|faint|p2b: Politoed
|
|-weather|RainDance|[upkeep]
|-heal|p1a: Sneasler|97/100|[from] Grassy Terrain
|upkeep
|
|t:|1756945466
|switch|p2b: Feraligatr|Feraligatr, L50, F, shiny|44/100
|switch|p2a: Electabuzz|Electabuzz, L50, F, shiny|72/100
|turn|6
|
|t:|1756945491
|move|p2a: Electabuzz|Follow Me|p2a: Electabuzz
|-singleturn|p2a: Electabuzz|move: Follow Me
|move|p1a: Sneasler|Dire Claw|p2a: Electabuzz
|-damage|p2a: Electabuzz|29/100
|move|p2b: Feraligatr|Liquidation|p1a: Sneasler
|-damage|p1a: Sneasler|0 fnt
|faint|p1a: Sneasler
|move|p1b: Tyranitar|Rock Slide|p2b: Feraligatr|[spread] p2a,p2b
|-damage|p2a: Electabuzz|0 fnt
|-damage|p2b: Feraligatr|8/100
|faint|p2a: Electabuzz
|
|-weather|RainDance|[upkeep]
|-heal|p2b: Feraligatr|14/100|[from] Grassy Terrain
|upkeep
|turn|7
|
|t:|1756945507
|move|p2b: Feraligatr|Protect|p2b: Feraligatr
|-singleturn|p2b: Feraligatr|Protect
|move|p1b: Tyranitar|Tera Blast|p2b: Feraligatr|[anim] Tera Blast Flying
|-activate|p2b: Feraligatr|move: Protect
|
|-weather|RainDance|[upkeep]
|-heal|p2b: Feraligatr|20/100|[from] Grassy Terrain
|-fieldend|move: Grassy Terrain
|upkeep
|turn|8
|
|t:|1756945514
|move|p2b: Feraligatr|Liquidation|p1b: Tyranitar
|-damage|p1b: Tyranitar|34/100
|move|p1b: Tyranitar|Tera Blast|p2b: Feraligatr|[anim] Tera Blast Flying
|-damage|p2b: Feraligatr|0 fnt
|faint|p2b: Feraligatr
|
|win|zoan lover
|raw|zoan lover's rating: 1107 → 1133(+26 for winning)
|raw|endK649's rating: 1119 → 1093(-26 for losing)
