|j|☆hugoggg
|j|☆b1kope
|html|hugogggb1kope    
|uhtml|bestof|Game 1 of a best-of-3
|t:|1783594703
|gametype|doubles
|player|p1|hugoggg|1|1101
|player|p2|b1kope|101|1304
|gen|9
|tier|[Gen 9 Champions] VGC 2026 Reg M-B (Bo3)
|rated|
|rule|Species Clause: Limit one of each Pokémon
|rule|Item Clause: Limit 1 of each item
|clearpoke
|poke|p1|Meowstic, L50, M|
|poke|p1|Overqwil, L50, M|
|poke|p1|Sableye, L50, F|
|poke|p1|Delphox, L50, M|
|poke|p1|Sneasler, L50, M|
|poke|p1|Falinks, L50|
|poke|p2|Gengar, L50, F|
|poke|p2|Volcarona, L50, F|
|poke|p2|Sinistcha-Masterpiece, L50|
|poke|p2|Tyranitar, L50, M|
|poke|p2|Dragalge, L50, F|
|poke|p2|Excadrill, L50, F|
|teampreview|4
|showteam|p1|Meowstic||BrightPowder|Prankster|FakeOut,SunnyDay,Yawn,LightScreen|Careful||M|||50|]Overqwil||Leftovers|Intimidate|BarbBarrage,Minimize,Stockpile,Protect|Careful||M|||50|]Sableye||LightClay|Prankster|LightScreen,Reflect,Encore,Disable|Bold||F|||50|]Delphox||Delphoxite|Blaze|HeatWave,StoredPower,PsychUp,Protect|Timid||M|||50|]Sneasler||FocusSash|PoisonTouch|CloseCombat,DireClaw,QuickGuard,FakeOut|Jolly||M|||50|]Falinks||SitrusBerry|BattleArmor|BodyPress,PsychUp,Rest,ThroatChop|Impish|||||50|
|showteam|p2|Gengar||Gengarite|CursedBody|ShadowBall,SludgeBomb,WillOWisp,Disable|Timid||F|||50|]Volcarona||Leftovers|FlameBody|QuiverDance,HeatWave,GigaDrain,Protect|Bold||F|||50|]Sinistcha-Masterpiece||OccaBerry|Hospitality|RagePowder,MatchaGotcha,TrickRoom,Protect|Modest|||||50|]Tyranitar||Tyranitarite|SandStream|RockSlide,LowKick,IcePunch,Protect|Adamant||M|||50|]Dragalge||LifeOrb|Adaptability|SludgeBomb,DracoMeteor,Scald,Protect|Quiet||F|||50|]Excadrill||FocusSash|SandRush|HighHorsepower,IronHead,Protect,RockSlide|Adamant||F|||50|
|
|t:|1783594758
|teamsize|p1|4
|teamsize|p2|4
|start
|switch|p1a: Overqwil|Overqwil, L50, M|100/100
|switch|p1b: Sableye|Sableye, L50, F|100/100
|switch|p2a: Excadrill|Excadrill, L50, F|100/100
|switch|p2b: Gengar|Gengar, L50, F|100/100
|-ability|p1a: Overqwil|Intimidate|boost
|-unboost|p2a: Excadrill|atk|1
|-unboost|p2b: Gengar|atk|1
|turn|1
|
|t:|1783594772
|move|p1a: Overqwil|Protect|p1a: Overqwil
|-singleturn|p1a: Overqwil|Protect
|move|p1b: Sableye|Reflect|p1b: Sableye
|-sidestart|p1: hugoggg|Reflect
|move|p2b: Gengar|Shadow Ball|p1b: Sableye
|-damage|p1b: Sableye|43/100
|move|p2a: Excadrill|High Horsepower|p1a: Overqwil
|-activate|p1a: Overqwil|move: Protect
|
|upkeep
|turn|2
|
|t:|1783594785
|move|p1b: Sableye|Disable|p2a: Excadrill
|-start|p2a: Excadrill|Disable|High Horsepower
|move|p2b: Gengar|Will-O-Wisp|p1a: Overqwil
|-status|p1a: Overqwil|brn
|cant|p2a: Excadrill|Disable|High Horsepower
|move|p1a: Overqwil|Minimize|p1a: Overqwil
|-boost|p1a: Overqwil|evasion|2
|
|-damage|p1a: Overqwil|93/100 brn|[from] brn
|upkeep
|turn|3
|
|t:|1783594806
|switch|p2a: Tyranitar|Tyranitar, L50, M|100/100
|-weather|Sandstorm|[from] ability: Sand Stream|[of] p2a: Tyranitar
|move|p1b: Sableye|Encore|p2b: Gengar
|-start|p2b: Gengar|Encore
|move|p2b: Gengar|Will-O-Wisp|p1b: Sableye
|-status|p1b: Sableye|brn
|move|p1a: Overqwil|Minimize|p1a: Overqwil
|-boost|p1a: Overqwil|evasion|2
|
|-weather|Sandstorm|[upkeep]
|-damage|p2b: Gengar|94/100|[from] Sandstorm
|-damage|p1a: Overqwil|87/100 brn|[from] Sandstorm
|-damage|p1b: Sableye|38/100 brn|[from] Sandstorm
|-heal|p1a: Overqwil|93/100 brn|[from] item: Leftovers
|-damage|p1a: Overqwil|87/100 brn|[from] brn
|-damage|p1b: Sableye|32/100 brn|[from] brn
|upkeep
|turn|4
|
|t:|1783594829
|switch|p2b: Excadrill|Excadrill, L50, F|100/100
|move|p1b: Sableye|Light Screen|p1b: Sableye
|-sidestart|p1: hugoggg|move: Light Screen
|move|p1a: Overqwil|Minimize|p1a: Overqwil
|-boost|p1a: Overqwil|evasion|2
|move|p2a: Tyranitar|Ice Punch|p1a: Overqwil|[miss]
|-miss|p2a: Tyranitar|p1a: Overqwil
|
|-weather|Sandstorm|[upkeep]
|-damage|p1a: Overqwil|81/100 brn|[from] Sandstorm
|-damage|p1b: Sableye|26/100 brn|[from] Sandstorm
|-heal|p1a: Overqwil|87/100 brn|[from] item: Leftovers
|-damage|p1a: Overqwil|81/100 brn|[from] brn
|-damage|p1b: Sableye|21/100 brn|[from] brn
|upkeep
|turn|5
|
|t:|1783594855
|move|p1b: Sableye|Disable||[still]
|-fail|p1b: Sableye
|move|p2b: Excadrill|High Horsepower|p1a: Overqwil
|-supereffective|p1a: Overqwil|1
|-damage|p1a: Overqwil|16/100 brn
|move|p1a: Overqwil|Stockpile|p1a: Overqwil
|-start|p1a: Overqwil|stockpile1
|-boost|p1a: Overqwil|def|1
|-boost|p1a: Overqwil|spd|1
|move|p2a: Tyranitar|Ice Punch|p1a: Overqwil
|-crit|p1a: Overqwil
|-damage|p1a: Overqwil|0 fnt
|faint|p1a: Overqwil
|
|-weather|Sandstorm|[upkeep]
|-damage|p1b: Sableye|15/100 brn|[from] Sandstorm
|-damage|p1b: Sableye|9/100 brn|[from] brn
|upkeep
|
|t:|1783594876
|switch|p1a: Falinks|Falinks, L50|100/100
|turn|6
|
|t:|1783594892
|switch|p2a: Sinistcha|Sinistcha-Masterpiece, L50|100/100
|move|p1b: Sableye|Disable|p2b: Excadrill
|-start|p2b: Excadrill|Disable|High Horsepower
|cant|p2b: Excadrill|Disable|High Horsepower
|move|p1a: Falinks|Body Press|p2a: Sinistcha
|-immune|p2a: Sinistcha
|
|-weather|Sandstorm|[upkeep]
|-damage|p1a: Falinks|94/100|[from] Sandstorm
|-damage|p2a: Sinistcha|93/100|[from] Sandstorm
|-damage|p1b: Sableye|3/100 brn|[from] Sandstorm
|-damage|p1b: Sableye|0 fnt|[from] brn
|faint|p1b: Sableye
|upkeep
|
|t:|1783594896
|switch|p1b: Delphox|Delphox, L50, M|100/100
|turn|7
|
|t:|1783594912
|detailschange|p1b: Delphox|Delphox-Mega, L50, M
|-mega|p1b: Delphox|Delphox|Delphoxite
|move|p2a: Sinistcha|Protect|p2a: Sinistcha
|-singleturn|p2a: Sinistcha|Protect
|move|p2b: Excadrill|Rock Slide|p1a: Falinks|[spread] p1a,p1b
|-resisted|p1a: Falinks|1
|-supereffective|p1b: Delphox|1
|-damage|p1a: Falinks|87/100
|-damage|p1b: Delphox|64/100
|move|p1b: Delphox|Heat Wave|p2a: Sinistcha|[spread] 
|-activate|p2a: Sinistcha|move: Protect
|-miss|p1b: Delphox|p2b: Excadrill
|move|p1a: Falinks|Body Press|p2b: Excadrill
|-supereffective|p2b: Excadrill|1
|-damage|p2b: Excadrill|13/100
|
|-weather|none
|upkeep
|turn|8
|
|t:|1783594935
|switch|p2a: Tyranitar|Tyranitar, L50, M|100/100
|-weather|Sandstorm|[from] ability: Sand Stream|[of] p2a: Tyranitar
|move|p2b: Excadrill|Rock Slide|p1a: Falinks|[spread] p1a
|-miss|p2b: Excadrill|p1b: Delphox
|-resisted|p1a: Falinks|1
|-damage|p1a: Falinks|81/100
|move|p1b: Delphox|Heat Wave|p2a: Tyranitar|[spread] p2a,p2b
|-resisted|p2a: Tyranitar|1
|-supereffective|p2b: Excadrill|1
|-damage|p2a: Tyranitar|89/100
|-damage|p2b: Excadrill|0 fnt
|faint|p2b: Excadrill
|cant|p1a: Falinks|flinch
|
|-weather|Sandstorm|[upkeep]
|-damage|p1b: Delphox|58/100|[from] Sandstorm
|-damage|p1a: Falinks|75/100|[from] Sandstorm
|-sideend|p1: hugoggg|Reflect
|upkeep
|
|t:|1783594960
|switch|p2b: Sinistcha|Sinistcha-Masterpiece, L50|93/100
|-heal|p2a: Tyranitar|100/100|[from] ability: Hospitality|[of] p2b: Sinistcha
|turn|9
|
|t:|1783594969
|detailschange|p2a: Tyranitar|Tyranitar-Mega, L50, M
|-mega|p2a: Tyranitar|Tyranitar|Tyranitarite
|move|p1b: Delphox|Protect|p1b: Delphox
|-singleturn|p1b: Delphox|Protect
|move|p2b: Sinistcha|Rage Powder|p2b: Sinistcha
|-singleturn|p2b: Sinistcha|move: Rage Powder
|move|p1a: Falinks|Throat Chop|p2b: Sinistcha
|-supereffective|p2b: Sinistcha|1
|-crit|p2b: Sinistcha
|-damage|p2b: Sinistcha|38/100
|-start|p2b: Sinistcha|Throat Chop|[silent]
|move|p2a: Tyranitar|Rock Slide|p1a: Falinks|[spread] p1a
|-activate|p1b: Delphox|move: Protect
|-resisted|p1a: Falinks|1
|-damage|p1a: Falinks|59/100
|
|-weather|Sandstorm|[upkeep]
|-damage|p1b: Delphox|52/100|[from] Sandstorm
|-damage|p1a: Falinks|53/100|[from] Sandstorm
|-damage|p2b: Sinistcha|32/100|[from] Sandstorm
|upkeep
|turn|10
|
|t:|1783594987
|move|p2b: Sinistcha|Protect|p2b: Sinistcha
|-singleturn|p2b: Sinistcha|Protect
|move|p1b: Delphox|Heat Wave|p2a: Tyranitar|[spread] p2a
|-activate|p2b: Sinistcha|move: Protect
|-resisted|p2a: Tyranitar|1
|-damage|p2a: Tyranitar|91/100
|move|p1a: Falinks|Body Press|p2a: Tyranitar
|-supereffective|p2a: Tyranitar|2
|-damage|p2a: Tyranitar|2/100
|move|p2a: Tyranitar|Rock Slide|p1a: Falinks|[spread] p1a,p1b
|-resisted|p1a: Falinks|1
|-supereffective|p1b: Delphox|1
|-damage|p1a: Falinks|35/100
|-damage|p1b: Delphox|0 fnt
|-enditem|p1a: Falinks|Sitrus Berry|[eat]
|-heal|p1a: Falinks|60/100|[from] item: Sitrus Berry
|faint|p1b: Delphox
|
|-weather|Sandstorm|[upkeep]
|-damage|p1a: Falinks|54/100|[from] Sandstorm
|-damage|p2b: Sinistcha|26/100|[from] Sandstorm
|-end|p2b: Sinistcha|Throat Chop|[silent]
|upkeep
|turn|11
|
|t:|1783595008
|move|p1a: Falinks|Throat Chop|p2a: Tyranitar
|-resisted|p2a: Tyranitar|1
|-damage|p2a: Tyranitar|0 fnt
|faint|p2a: Tyranitar
|move|p2b: Sinistcha|Matcha Gotcha|p1a: Falinks
|-damage|p1a: Falinks|25/100
|-heal|p2b: Sinistcha|40/100|[from] drain|[of] p1a: Falinks
|
|-weather|Sandstorm|[upkeep]
|-damage|p1a: Falinks|19/100|[from] Sandstorm
|-damage|p2b: Sinistcha|34/100|[from] Sandstorm
|-sideend|p1: hugoggg|move: Light Screen
|upkeep
|
|t:|1783595012
|switch|p2a: Gengar|Gengar, L50, F|94/100
|turn|12
|
|t:|1783595017
|move|p2b: Sinistcha|Rage Powder|p2b: Sinistcha
|-singleturn|p2b: Sinistcha|move: Rage Powder
|move|p2a: Gengar|Sludge Bomb|p1a: Falinks
|-damage|p1a: Falinks|0 fnt
|faint|p1a: Falinks
|
|win|b1kope
||hugoggg is ready for game 2.
||b1kope is ready for game 2.
|uhtml|next|Next: Game 2 of 3
|n|‽b1kope|b1kope
|l|‽b1kope
|player|p2|
