|j|☆NinjaMeerkat
|j|☆CGVtna-tuM
|html|NinjaMeerkatCGVtna-tuM    
|uhtml|bestof|Game 2 of a best-of-3
|t:|1785163813
|gametype|doubles
|player|p1|NinjaMeerkat|beni-ninja|1106
|player|p2|CGVtna-tuM|hexmaniac-gen6|1042
|gen|9
|tier|[Gen 9 Champions] VGC 2026 Reg M-B (Bo3)
|rated|
|rule|Species Clause: Limit one of each Pokémon
|rule|Item Clause: Limit 1 of each item
|clearpoke
|poke|p1|Tyranitar, L50, M|
|poke|p1|Excadrill, L50, F|
|poke|p1|Milotic, L50, F|
|poke|p1|Sinistcha, L50|
|poke|p1|Staraptor, L50, M|
|poke|p1|Gholdengo, L50|
|poke|p2|Floette-Eternal, L50, F|
|poke|p2|Milotic, L50, F|
|poke|p2|Ceruledge, L50, M|
|poke|p2|Sinistcha, L50|
|poke|p2|Grimmsnarl, L50, M|
|poke|p2|Incineroar, L50, M|
|teampreview|4
|showteam|p1|Tyranitar||Tyranitarite|SandStream|KnockOff,RockSlide,LowKick,Protect|Jolly||M|||50|]Excadrill||FocusSash|SandRush|HighHorsepower,IronHead,RockSlide,Protect|Adamant||F|||50|]Milotic||SitrusBerry|Competitive|Scald,IcyWind,Haze,Protect|Calm||F|||50|]Sinistcha||ColburBerry|Hospitality|MatchaGotcha,ShadowBall,Protect,RagePowder|Bold|||||50|]Staraptor||Staraptite|Intimidate|CloseCombat,BraveBird,Tailwind,Protect|Jolly||M|||50|]Gholdengo||LifeOrb|GoodasGold|MakeItRain,ShadowBall,NastyPlot,Protect|Modest|||||50|
|showteam|p2|Floette-Eternal||Floettite|FlowerVeil|DrainingKiss,DazzlingGleam,CalmMind,Protect|Timid||F|||50|]Milotic||Leftovers|Competitive|MuddyWater,Hypnosis,Coil,Recover|Calm||F|||50|]Ceruledge||ColburBerry|FlashFire|BitterBlade,ShadowSneak,BulkUp,Protect|Adamant||M|||50|]Sinistcha||SitrusBerry|Hospitality|MatchaGotcha,RagePowder,TrickRoom,Protect|Bold|||||50|]Grimmsnarl||LightClay|Prankster|FoulPlay,LightScreen,Reflect,PartingShot|Calm||M|||50|]Incineroar||PasshoBerry|Intimidate|FlareBlitz,DarkestLariat,PartingShot,FakeOut|Adamant||M|||50|
|
|t:|1785163894
|teamsize|p1|4
|teamsize|p2|4
|start
|switch|p1a: Staraptor|Staraptor, L50, M|100/100
|switch|p1b: Gholdengo|Gholdengo, L50|100/100
|switch|p2a: Milotic|Milotic, L50, F|100/100
|switch|p2b: Ceruledge|Ceruledge, L50, M|100/100
|-ability|p1a: Staraptor|Intimidate|boost
|-unboost|p2a: Milotic|atk|1
|-ability|p2a: Milotic|Competitive|boost
|-boost|p2a: Milotic|spa|2
|-unboost|p2b: Ceruledge|atk|1
|turn|1
|
|t:|1785163931
|detailschange|p1a: Staraptor|Staraptor-Mega, L50, M
|-mega|p1a: Staraptor|Staraptor|Staraptite
|move|p1a: Staraptor|Close Combat|p2a: Milotic
|-damage|p2a: Milotic|51/100
|-boost|p1a: Staraptor|def|1
|-boost|p1a: Staraptor|spd|1
|move|p1b: Gholdengo|Nasty Plot|p1b: Gholdengo
|-boost|p1b: Gholdengo|spa|2
|move|p2b: Ceruledge|Bitter Blade|p1b: Gholdengo
|-supereffective|p1b: Gholdengo|1
|-damage|p1b: Gholdengo|42/100
|move|p2a: Milotic|Muddy Water|p1b: Gholdengo|[spread] p1a,p1b
|-damage|p1a: Staraptor|69/100
|-damage|p1b: Gholdengo|3/100
|-unboost|p1b: Gholdengo|accuracy|1
|
|-heal|p2a: Milotic|57/100|[from] item: Leftovers
|upkeep
|turn|2
|
|t:|1785163951
|move|p1b: Gholdengo|Protect|p1b: Gholdengo
|-singleturn|p1b: Gholdengo|Protect
|move|p2b: Ceruledge|Shadow Sneak|p1b: Gholdengo
|-activate|p1b: Gholdengo|move: Protect
|move|p1a: Staraptor|Close Combat|p2a: Milotic
|-damage|p2a: Milotic|9/100
|-boost|p1a: Staraptor|def|1
|-boost|p1a: Staraptor|spd|1
|move|p2a: Milotic|Muddy Water|p1a: Staraptor|[spread] p1a
|-activate|p1b: Gholdengo|move: Protect
|-damage|p1a: Staraptor|48/100
|-boost|p1a: Staraptor|accuracy|1
|
|-heal|p2a: Milotic|15/100|[from] item: Leftovers
|upkeep
|turn|3
|
|t:|1785163971
|switch|p1b: Tyranitar|Tyranitar, L50, M|100/100
|-weather|Sandstorm|[from] ability: Sand Stream|[of] p1b: Tyranitar
|switch|p2a: Sinistcha|Sinistcha, L50|100/100
|move|p2b: Ceruledge|Shadow Sneak|p1b: Tyranitar
|-resisted|p1b: Tyranitar|1
|-damage|p1b: Tyranitar|92/100
|move|p1a: Staraptor|Close Combat|p2a: Sinistcha
|-immune|p2a: Sinistcha
|
|-weather|Sandstorm|[upkeep]
|-damage|p1a: Staraptor|42/100|[from] Sandstorm
|-damage|p2b: Ceruledge|93/100|[from] Sandstorm
|-damage|p2a: Sinistcha|93/100|[from] Sandstorm
|upkeep
|turn|4
|
|t:|1785163991
|switch|p2b: Milotic|Milotic, L50, F|15/100
|move|p2a: Sinistcha|Protect|p2a: Sinistcha
|-singleturn|p2a: Sinistcha|Protect
|move|p1a: Staraptor|Brave Bird|p2a: Sinistcha
|-activate|p2a: Sinistcha|move: Protect
|move|p1b: Tyranitar|Rock Slide|p2b: Milotic|[spread] p2b
|-activate|p2a: Sinistcha|move: Protect
|-damage|p2b: Milotic|0 fnt
|faint|p2b: Milotic
|
|-weather|Sandstorm|[upkeep]
|-damage|p1a: Staraptor|37/100|[from] Sandstorm
|-damage|p2a: Sinistcha|87/100|[from] Sandstorm
|upkeep
|
|t:|1785163996
|switch|p2b: Floette|Floette-Eternal, L50, F|100/100
|turn|5
|
|t:|1785164010
|switch|p2a: Ceruledge|Ceruledge, L50, M|93/100
|detailschange|p2b: Floette|Floette-Mega, L50, F
|-mega|p2b: Floette|Floette|Floettite
|-ability|p2b: Floette|Fairy Aura
|move|p1a: Staraptor|Tailwind|p1a: Staraptor
|-sidestart|p1: NinjaMeerkat|move: Tailwind
|move|p1b: Tyranitar|Rock Slide|p2a: Ceruledge|[spread] p2a,p2b
|-supereffective|p2a: Ceruledge|1
|-damage|p2a: Ceruledge|31/100
|-damage|p2b: Floette|73/100
|move|p2b: Floette|Dazzling Gleam|p1b: Tyranitar|[spread] p1a,p1b
|-supereffective|p1a: Staraptor|1
|-supereffective|p1b: Tyranitar|1
|-damage|p1a: Staraptor|0 fnt
|-damage|p1b: Tyranitar|45/100
|faint|p1a: Staraptor
|
|-weather|Sandstorm|[upkeep]
|-damage|p2b: Floette|68/100|[from] Sandstorm
|-damage|p2a: Ceruledge|25/100|[from] Sandstorm
|upkeep
|
|t:|1785164023
|switch|p1a: Excadrill|Excadrill, L50, F|100/100
|turn|6
|
|t:|1785164040
|switch|p2a: Sinistcha|Sinistcha, L50|87/100
|-heal|p2b: Floette|92/100|[from] ability: Hospitality|[of] p2a: Sinistcha
|move|p2b: Floette|Protect|p2b: Floette
|-singleturn|p2b: Floette|Protect
|move|p1a: Excadrill|Iron Head|p2b: Floette
|-activate|p2b: Floette|move: Protect
|move|p1b: Tyranitar|Knock Off|p2a: Sinistcha
|-supereffective|p2a: Sinistcha|1
|-damage|p2a: Sinistcha|16/100
|-enditem|p2a: Sinistcha|Sitrus Berry|[from] move: Knock Off|[of] p1b: Tyranitar
|
|-weather|Sandstorm|[upkeep]
|-damage|p2b: Floette|86/100|[from] Sandstorm
|-damage|p2a: Sinistcha|10/100|[from] Sandstorm
|upkeep
|turn|7
|
|t:|1785164049
|move|p2a: Sinistcha|Rage Powder|p2a: Sinistcha
|-singleturn|p2a: Sinistcha|move: Rage Powder
|move|p1a: Excadrill|Rock Slide|p2b: Floette|[spread] p2b
|-miss|p1a: Excadrill|p2a: Sinistcha
|-damage|p2b: Floette|66/100
|move|p1b: Tyranitar|Rock Slide|p2a: Sinistcha|[spread] p2a,p2b
|-damage|p2a: Sinistcha|0 fnt
|-damage|p2b: Floette|40/100
|faint|p2a: Sinistcha
|cant|p2b: Floette|flinch
|
|-weather|none
|upkeep
|
|t:|1785164060
|switch|p2a: Ceruledge|Ceruledge, L50, M|25/100
|turn|8
|j| tedidn
|
|t:|1785164065
|switch|p1b: Gholdengo|Gholdengo, L50|3/100
|move|p1a: Excadrill|Protect|p1a: Excadrill
|-singleturn|p1a: Excadrill|Protect
|move|p2b: Floette|Protect|p2b: Floette
|-singleturn|p2b: Floette|Protect
|move|p2a: Ceruledge|Protect||[still]
|-fail|p2a: Ceruledge
|
|-sideend|p1: NinjaMeerkat|move: Tailwind
|upkeep
|turn|9
|
|t:|1785164096
|move|p2b: Floette|Dazzling Gleam|p1b: Gholdengo|[spread] p1a,p1b
|-resisted|p1a: Excadrill|1
|-resisted|p1b: Gholdengo|1
|-damage|p1a: Excadrill|71/100
|-damage|p1b: Gholdengo|0 fnt
|faint|p1b: Gholdengo
|move|p1a: Excadrill|High Horsepower|p2a: Ceruledge
|-supereffective|p2a: Ceruledge|1
|-damage|p2a: Ceruledge|0 fnt
|faint|p2a: Ceruledge
|
|upkeep
|
|t:|1785164099
|switch|p1b: Tyranitar|Tyranitar, L50, M|45/100
|-weather|Sandstorm|[from] ability: Sand Stream|[of] p1b: Tyranitar
|turn|10
|
|t:|1785164105
|move|p1a: Excadrill|Iron Head|p2b: Floette
|-supereffective|p2b: Floette|1
|-damage|p2b: Floette|0 fnt
|faint|p2b: Floette
|
|win|NinjaMeerkat
|raw|NinjaMeerkat's rating: 1106 → 1126(+20 for winning)
|raw|CGVtna-tuM's rating: 1042 → 1029(-13 for losing)
