|j|☆Youax55
|j|☆morphiusdoorphius
|html|Youax55morphiusdoorphius    
|uhtml|bestof|Game 2 of a best-of-3
|t:|1783641467
|gametype|doubles
|player|p1|Youax55|nate|
|player|p2|morphiusdoorphius|2|
|gen|9
|tier|[Gen 9 Champions] VGC 2026 Reg M-B (Bo3)
|rule|Species Clause: Limit one of each Pokémon
|rule|Item Clause: Limit 1 of each item
|clearpoke
|poke|p1|Arcanine-Hisui, L50, M|
|poke|p1|Pidgeot, L50, M|
|poke|p1|Weavile, L50, F|
|poke|p1|Ariados, L50, F|
|poke|p1|Hawlucha, L50, M|
|poke|p1|Vanilluxe, L50, F|
|poke|p2|Charizard, L50, M|
|poke|p2|Talonflame, L50, F|
|poke|p2|Primarina, L50, M|
|poke|p2|Kingambit, L50, M|
|poke|p2|Kleavor, L50, F|
|poke|p2|Scrafty, L50, F|
|teampreview|4
|showteam|p1|Arcanine-Hisui||MuscleBand|Intimidate|RockSlide,ExtremeSpeed,FlareBlitz,Protect|Jolly||M|||50|]Pidgeot||Pidgeotite|BigPecks|Hurricane,HeatWave,Tailwind,Protect|Modest||M|||50|]Weavile||FocusSash|Pressure|FakeOut,KnockOff,TripleAxel,Protect|Jolly||F|||50|]Ariados||ChartiBerry|Insomnia|RagePowder,StringShot,SuckerPunch,Protect|Impish||F|||50|]Hawlucha||Hawluchanite|Limber|Entrainment,Protect,DrainPunch,DualWingbeat|Jolly||M|||50|]Vanilluxe||ChoiceScarf|SnowWarning|FlashCannon,Blizzard,IcyWind,SheerCold|Bold||F|||50|
|showteam|p2|Charizard||CharizarditeY|Blaze|HeatWave,Protect,WeatherBall,SolarBeam|Modest||M|||50|]Talonflame||FocusSash|GaleWings|Tailwind,Protect,FlareBlitz,BraveBird|Jolly||F|||50|]Primarina||MysticWater|LiquidVoice|IceBeam,Moonblast,Protect,HyperVoice|Naive||M|||50|]Kingambit||ChopleBerry|Defiant|IronHead,Protect,SuckerPunch,SwordsDance|Adamant||M|||50|]Kleavor||WideLens|Sharpness|StoneAxe,XScissor,RockSlide,Protect|Adamant||F|||50|]Scrafty||Scraftinite|Intimidate|SuperFang,FakeOut,Protect,CloseCombat|Adamant||F|||50|
|j| clare_chan1738
|j| budster16
|
|t:|1783641525
|teamsize|p1|4
|teamsize|p2|4
|start
|switch|p1a: Hawlucha|Hawlucha, L50, M|100/100
|switch|p1b: Weavile|Weavile, L50, F|100/100
|switch|p2a: Scrafty|Scrafty, L50, F|100/100
|switch|p2b: Charizard|Charizard, L50, M|100/100
|-ability|p1b: Weavile|Pressure
|-ability|p2a: Scrafty|Intimidate|boost
|-unboost|p1a: Hawlucha|atk|1
|-unboost|p1b: Weavile|atk|1
|turn|1
|
|t:|1783641566
|switch|p1a: Arcanine|Arcanine-Hisui, L50, M|100/100
|-ability|p1a: Arcanine|Intimidate|boost
|-unboost|p2a: Scrafty|atk|1
|-unboost|p2b: Charizard|atk|1
|detailschange|p2b: Charizard|Charizard-Mega-Y, L50, M
|-mega|p2b: Charizard|Charizard|Charizardite Y
|-weather|SunnyDay|[from] ability: Drought|[of] p2b: Charizard
|move|p1b: Weavile|Fake Out|p2b: Charizard
|-damage|p2b: Charizard|86/100
|move|p2a: Scrafty|Fake Out|p1a: Arcanine
|-resisted|p1a: Arcanine|1
|-damage|p1a: Arcanine|95/100
|cant|p2b: Charizard|flinch
|
|-weather|SunnyDay|[upkeep]
|upkeep
|turn|2
|j| InfiniKnight
|
|t:|1783641627
|move|p1b: Weavile|Protect|p1b: Weavile
|-singleturn|p1b: Weavile|Protect
|move|p2b: Charizard|Protect|p2b: Charizard
|-singleturn|p2b: Charizard|Protect
|move|p1a: Arcanine|Flare Blitz|p2a: Scrafty
|-damage|p2a: Scrafty|4/100
|-damage|p1a: Arcanine|65/100|[from] Recoil
|move|p2a: Scrafty|Close Combat|p1a: Arcanine
|-supereffective|p1a: Arcanine|1
|-damage|p1a: Arcanine|0 fnt
|-unboost|p2a: Scrafty|def|1
|-unboost|p2a: Scrafty|spd|1
|faint|p1a: Arcanine
|
|-weather|SunnyDay|[upkeep]
|upkeep
|
|t:|1783641644
|switch|p1a: Vanilluxe|Vanilluxe, L50, F|100/100
|-weather|Snowscape|[from] ability: Snow Warning|[of] p1a: Vanilluxe
|turn|3
|
|t:|1783641689
|switch|p1b: Hawlucha|Hawlucha, L50, M|100/100
|switch|p2b: Kingambit|Kingambit, L50, M|100/100
|switch|p2a: Kleavor|Kleavor, L50, F|100/100
|move|p1a: Vanilluxe|Blizzard|p2b: Kingambit|[spread] p2a,p2b
|-resisted|p2b: Kingambit|1
|-damage|p2a: Kleavor|51/100
|-damage|p2b: Kingambit|84/100
|
|-weather|Snowscape|[upkeep]
|upkeep
|turn|4
|j| ChocoHammy
|
|t:|1783641777
|detailschange|p1b: Hawlucha|Hawlucha-Mega, L50, M
|-mega|p1b: Hawlucha|Hawlucha|Hawluchanite
|move|p2a: Kleavor|Protect|p2a: Kleavor
|-singleturn|p2a: Kleavor|Protect
|move|p1b: Hawlucha|Drain Punch|p2b: Kingambit
|-supereffective|p2b: Kingambit|2
|-crit|p2b: Kingambit
|-enditem|p2b: Kingambit|Chople Berry|[eat]
|-enditem|p2b: Kingambit|Chople Berry|[weaken]
|-damage|p2b: Kingambit|1/100
|move|p1a: Vanilluxe|Blizzard|p2a: Kleavor|[spread] p2b
|-activate|p2a: Kleavor|move: Protect
|-resisted|p2b: Kingambit|1
|-damage|p2b: Kingambit|0 fnt
|faint|p2b: Kingambit
|
|-weather|Snowscape|[upkeep]
|upkeep
|
|t:|1783641798
|switch|p2b: Charizard|Charizard-Mega-Y, L50, M|86/100
|-weather|SunnyDay|[from] ability: Drought|[of] p2b: Charizard
|turn|5
|
|t:|1783641823
|switch|p1a: Weavile|Weavile, L50, F|100/100
|-ability|p1a: Weavile|Pressure
|move|p1b: Hawlucha|Entrainment|p2b: Charizard
|-ability|p2b: Charizard|No Guard|Drought|[from] move: Entrainment|[of] p1b: Hawlucha
|move|p2b: Charizard|Heat Wave|p1b: Hawlucha|[spread] p1a,p1b
|-supereffective|p1a: Weavile|1
|-enditem|p1a: Weavile|Focus Sash
|-damage|p1a: Weavile|1/100
|-damage|p1b: Hawlucha|29/100
|move|p2a: Kleavor|Stone Axe|p1b: Hawlucha
|-damage|p1b: Hawlucha|0 fnt
|-sidestart|p1: Youax55|move: Stealth Rock
|faint|p1b: Hawlucha
|
|-weather|SunnyDay|[upkeep]
|upkeep
|
|t:|1783641836
|switch|p1b: Vanilluxe|Vanilluxe, L50, F|100/100
|-damage|p1b: Vanilluxe|75/100|[from] Stealth Rock
|-weather|Snowscape|[from] ability: Snow Warning|[of] p1b: Vanilluxe
|turn|6
|
|t:|1783641878
|switch|p2b: Scrafty|Scrafty, L50, F|4/100
|-ability|p2b: Scrafty|Intimidate|boost
|-unboost|p1a: Weavile|atk|1
|-unboost|p1b: Vanilluxe|atk|1
|move|p1a: Weavile|Fake Out|p2a: Kleavor
|-resisted|p2a: Kleavor|1
|-damage|p2a: Kleavor|44/100
|move|p1b: Vanilluxe|Sheer Cold|p2b: Scrafty|[miss]
|-miss|p1b: Vanilluxe|p2b: Scrafty
|cant|p2a: Kleavor|flinch
|
|-weather|Snowscape|[upkeep]
|upkeep
|turn|7
|
|t:|1783641901
|move|p1a: Weavile|Protect|p1a: Weavile
|-singleturn|p1a: Weavile|Protect
|move|p2b: Scrafty|Fake Out|p1a: Weavile
|-activate|p1a: Weavile|move: Protect
|move|p1b: Vanilluxe|Sheer Cold|p2a: Kleavor|[miss]
|-miss|p1b: Vanilluxe|p2a: Kleavor
|move|p2a: Kleavor|Stone Axe|p1b: Vanilluxe
|-supereffective|p1b: Vanilluxe|1
|-damage|p1b: Vanilluxe|0 fnt
|faint|p1b: Vanilluxe
|
|-weather|Snowscape|[upkeep]
|upkeep
|turn|8
|
|t:|1783641923
|move|p1a: Weavile|Triple Axel|p2a: Kleavor
|-damage|p2a: Kleavor|36/100
|-damage|p2a: Kleavor|19/100
|-crit|p2a: Kleavor
|-damage|p2a: Kleavor|0 fnt
|faint|p2a: Kleavor
|-hitcount|p2: Kleavor|3
|move|p2b: Scrafty|Close Combat|p1a: Weavile
|-supereffective|p1a: Weavile|2
|-damage|p1a: Weavile|0 fnt
|-unboost|p2b: Scrafty|def|1
|-unboost|p2b: Scrafty|spd|1
|faint|p1a: Weavile
|
|win|morphiusdoorphius
