|j|☆sergimacaco
|j|☆DeewompostYT
|html|sergimacacoDeewompostYT    
|uhtml|bestof|Game 2 of a best-of-3
|t:|1783187347
|gametype|doubles
|player|p1|sergimacaco|102|1218
|player|p2|DeewompostYT|guitarist|1307
|gen|9
|tier|[Gen 9 Champions] VGC 2026 Reg M-B (Bo3)
|rated|
|rule|Species Clause: Limit one of each Pokémon
|rule|Item Clause: Limit 1 of each item
|clearpoke
|poke|p1|Metagross, L50|
|poke|p1|Charizard, L50, M|
|poke|p1|Aerodactyl, L50, M|
|poke|p1|Garchomp, L50, M|
|poke|p1|Sylveon, L50, F|
|poke|p1|Incineroar, L50, F|
|poke|p2|Scovillain, L50, F|
|poke|p2|Grimmsnarl, L50, M|
|poke|p2|Basculegion, L50, M|
|poke|p2|Kingambit, L50, F|
|poke|p2|Garchomp, L50, M|
|poke|p2|Floette-Eternal, L50, F|
|teampreview|4
|showteam|p1|Metagross||Metagrossite|ClearBody|BodyPress,BulletPunch,PsychicFangs,Protect|Adamant|||||50|]Charizard||CharizarditeY|SolarPower|HeatWave,WeatherBall,SolarBeam,Protect|Modest||M|||50|]Aerodactyl||FocusSash|Unnerve|RockSlide,DualWingbeat,Tailwind,Protect|Jolly||M|||50|]Garchomp||LifeOrb|RoughSkin|Earthquake,RockSlide,DragonClaw,Protect|Jolly||M|||50|]Sylveon||FairyFeather|Pixilate|QuickAttack,HyperBeam,HyperVoice,Detect|Modest||F|||50|]Incineroar||SitrusBerry|Intimidate|FlareBlitz,DarkestLariat,FakeOut,PartingShot|Careful||F|||50|
|showteam|p2|Scovillain||Scovillainite|Moody|RagePowder,Flamethrower,GigaDrain,Protect|Calm||F|||50|]Grimmsnarl||LightClay|Prankster|LightScreen,Reflect,SpiritBreak,PartingShot|Careful||M|||50|]Basculegion||MysticWater|Adaptability|WaveCrash,LastRespects,AquaJet,Protect|Adamant||M|||50|]Kingambit||BlackGlasses|Defiant|KowtowCleave,SuckerPunch,IronHead,Protect|Brave||F|||50|]Garchomp||LifeOrb|RoughSkin|Earthquake,DragonClaw,RockSlide,Protect|Jolly||M|||50|]Floette-Eternal||Floettite|FlowerVeil|DrainingKiss,CalmMind,Moonblast,Protect|Modest||F|||50|
|
|t:|1783187408
|teamsize|p1|4
|teamsize|p2|4
|start
|switch|p1a: Aerodactyl|Aerodactyl, L50, M|100/100
|switch|p1b: Sylveon|Sylveon, L50, F|100/100
|switch|p2a: Grimmsnarl|Grimmsnarl, L50, M|100/100
|switch|p2b: Garchomp|Garchomp, L50, M|100/100
|-ability|p1a: Aerodactyl|Unnerve
|turn|1
|
|t:|1783187451
|move|p2b: Garchomp|Protect|p2b: Garchomp
|-singleturn|p2b: Garchomp|Protect
|move|p2a: Grimmsnarl|Light Screen|p2a: Grimmsnarl
|-sidestart|p2: DeewompostYT|move: Light Screen
|move|p1a: Aerodactyl|Tailwind|p1a: Aerodactyl
|-sidestart|p1: sergimacaco|move: Tailwind
|move|p1b: Sylveon|Hyper Voice|p2b: Garchomp|[spread] p2a
|-activate|p2b: Garchomp|move: Protect
|-supereffective|p2a: Grimmsnarl|1
|-damage|p2a: Grimmsnarl|55/100
|
|upkeep
|turn|2
|
|t:|1783187482
|switch|p1a: Incineroar|Incineroar, L50, F|100/100
|-ability|p1a: Incineroar|Intimidate|boost
|-unboost|p2a: Grimmsnarl|atk|1
|-unboost|p2b: Garchomp|atk|1
|move|p2a: Grimmsnarl|Parting Shot|p1b: Sylveon
|-unboost|p1b: Sylveon|atk|1
|-unboost|p1b: Sylveon|spa|1
|
|t:|1783187500
|switch|p2a: Basculegion|Basculegion, L50, M|100/100|[from] Parting Shot
|move|p1b: Sylveon|Hyper Voice|p2b: Garchomp|[spread] p2a,p2b
|-supereffective|p2b: Garchomp|1
|-damage|p2a: Basculegion|77/100
|-damage|p2b: Garchomp|50/100g
|move|p2b: Garchomp|Rock Slide|p1a: Incineroar|[spread] p1a,p1b
|-supereffective|p1a: Incineroar|1
|-damage|p1a: Incineroar|72/100
|-damage|p1b: Sylveon|80/100
|-damage|p2b: Garchomp|40/100|[from] item: Life Orb
|
|upkeep
|turn|3
|
|t:|1783187567
|switch|p2a: Grimmsnarl|Grimmsnarl, L50, M|55/100
|move|p2b: Garchomp|Protect|p2b: Garchomp
|-singleturn|p2b: Garchomp|Protect
|move|p1b: Sylveon|Hyper Voice|p2a: Grimmsnarl|[spread] p2a
|-activate|p2b: Garchomp|move: Protect
|-supereffective|p2a: Grimmsnarl|1
|-damage|p2a: Grimmsnarl|25/100
|move|p1a: Incineroar|Darkest Lariat|p2a: Grimmsnarl
|-resisted|p2a: Grimmsnarl|2
|-damage|p2a: Grimmsnarl|14/100
|
|upkeep
|turn|4
|
|t:|1783187607
|switch|p2b: Basculegion|Basculegion, L50, M|77/100
|move|p1b: Sylveon|Quick Attack|p2a: Grimmsnarl
|-supereffective|p2a: Grimmsnarl|1
|-damage|p2a: Grimmsnarl|0 fnt
|faint|p2a: Grimmsnarl
|move|p1a: Incineroar|Parting Shot|p2b: Basculegion
|-unboost|p2b: Basculegion|atk|1
|-unboost|p2b: Basculegion|spa|1
|
|t:|1783187623
|switch|p1a: Charizard|Charizard, L50, M|100/100|[from] Parting Shot
|
|-sideend|p1: sergimacaco|move: Tailwind
|upkeep
|
|t:|1783187628
|switch|p2a: Garchomp|Garchomp, L50, M|40/100
|turn|5
|
|t:|1783187670
|switch|p1b: Incineroar|Incineroar, L50, F|72/100
|-ability|p1b: Incineroar|Intimidate|boost
|-unboost|p2a: Garchomp|atk|1
|-unboost|p2b: Basculegion|atk|1
|detailschange|p1a: Charizard|Charizard-Mega-Y, L50, M
|-mega|p1a: Charizard|Charizard|Charizardite Y
|-weather|SunnyDay|[from] ability: Drought|[of] p1a: Charizard
|move|p2a: Garchomp|Rock Slide|p1a: Charizard|[spread] p1a,p1b
|-supereffective|p1a: Charizard|2
|-supereffective|p1b: Incineroar|1
|-damage|p1a: Charizard|12/100
|-damage|p1b: Incineroar|44/100
|-enditem|p1b: Incineroar|Sitrus Berry|[eat]
|-heal|p1b: Incineroar|69/100|[from] item: Sitrus Berry
|-damage|p2a: Garchomp|30/100|[from] item: Life Orb
|move|p1a: Charizard|Heat Wave|p2b: Basculegion|[spread] p2a,p2b
|-resisted|p2a: Garchomp|1
|-resisted|p2b: Basculegion|1
|-damage|p2a: Garchomp|9/100
|-damage|p2b: Basculegion|58/100
|move|p2b: Basculegion|Last Respects|p1b: Incineroar
|-resisted|p1b: Incineroar|1
|-damage|p1b: Incineroar|54/100
|
|-weather|SunnyDay|[upkeep]
|upkeep
|turn|6
|
|t:|1783187728
|switch|p1a: Aerodactyl|Aerodactyl, L50, M|100/100
|-ability|p1a: Aerodactyl|Unnerve
|switch|p1b: Sylveon|Sylveon, L50, F|80/100
|move|p2b: Basculegion|Aqua Jet|p1a: Aerodactyl
|-supereffective|p1a: Aerodactyl|1
|-damage|p1a: Aerodactyl|71/100
|move|p2a: Garchomp|Rock Slide|p1a: Aerodactyl|[spread] p1a,p1b
|-supereffective|p1a: Aerodactyl|1
|-damage|p1a: Aerodactyl|15/100
|-damage|p1b: Sylveon|62/100
|-damage|p2a: Garchomp|0 fnt|[from] item: Life Orb
|faint|p2a: Garchomp
|
|-weather|SunnyDay|[upkeep]
|upkeep
|
|t:|1783187739
|switch|p2a: Kingambit|Kingambit, L50, F|100/100
|turn|7
|
|t:|1783187783
|move|p2b: Basculegion|Aqua Jet|p1a: Aerodactyl
|-supereffective|p1a: Aerodactyl|1
|-damage|p1a: Aerodactyl|0 fnt
|faint|p1a: Aerodactyl
|move|p1b: Sylveon|Hyper Beam|p2a: Kingambit
|-damage|p2a: Kingambit|31/100
|-mustrecharge|p1b: Sylveon
|move|p2a: Kingambit|Iron Head|p1b: Sylveon
|-supereffective|p1b: Sylveon|1
|-damage|p1b: Sylveon|0 fnt
|faint|p1b: Sylveon
|
|-weather|SunnyDay|[upkeep]
|upkeep
|
|t:|1783187794
|switch|p1a: Charizard|Charizard-Mega-Y, L50, M|12/100
|switch|p1b: Incineroar|Incineroar, L50, F|54/100
|-ability|p1b: Incineroar|Intimidate|boost
|-unboost|p2a: Kingambit|atk|1
|-ability|p2a: Kingambit|Defiant|boost
|-boost|p2a: Kingambit|atk|2
|-unboost|p2b: Basculegion|atk|1
|turn|8
|
|t:|1783187823
|move|p2b: Basculegion|Protect|p2b: Basculegion
|-singleturn|p2b: Basculegion|Protect
|move|p2a: Kingambit|Protect|p2a: Kingambit
|-singleturn|p2a: Kingambit|Protect
|move|p1b: Incineroar|Fake Out|p2a: Kingambit
|-activate|p2a: Kingambit|move: Protect
|move|p1a: Charizard|Solar Beam||[still]
|-prepare|p1a: Charizard|Solar Beam
|-anim|p1a: Charizard|Solar Beam|p2b: Basculegion
|-activate|p2b: Basculegion|move: Protect
|
|-weather|SunnyDay|[upkeep]
|-sideend|p2: DeewompostYT|move: Light Screen
|upkeep
|turn|9
|
|t:|1783187851
|move|p1a: Charizard|Protect|p1a: Charizard
|-singleturn|p1a: Charizard|Protect
|move|p2a: Kingambit|Sucker Punch||[still]
|-fail|p2a: Kingambit
|move|p2b: Basculegion|Wave Crash|p1b: Incineroar
|-supereffective|p1b: Incineroar|1
|-damage|p1b: Incineroar|18/100
|-damage|p2b: Basculegion|48/100|[from] Recoil
|move|p1b: Incineroar|Flare Blitz|p2a: Kingambit
|-supereffective|p2a: Kingambit|1
|-damage|p2a: Kingambit|0 fnt
|faint|p2a: Kingambit
|-damage|p1b: Incineroar|7/100|[from] Recoil
|
|-weather|none
|upkeep
|turn|10
|
|t:|1783187887
|move|p2b: Basculegion|Aqua Jet|p1b: Incineroar
|-supereffective|p1b: Incineroar|1
|-damage|p1b: Incineroar|0 fnt
|faint|p1b: Incineroar
|move|p1a: Charizard|Heat Wave|p2b: Basculegion
|-resisted|p2b: Basculegion|1
|-damage|p2b: Basculegion|18/100
|
|upkeep
|turn|11
|
|t:|1783187895
|move|p2b: Basculegion|Aqua Jet|p1a: Charizard
|-supereffective|p1a: Charizard|1
|-damage|p1a: Charizard|0 fnt
|faint|p1a: Charizard
|
|win|DeewompostYT
|raw|sergimacaco's rating: 1218 → 1199(-19 for losing)
|raw|DeewompostYT's rating: 1307 → 1322(+15 for winning)
|c|☆DeewompostYT|ggwp
|l|☆sergimacaco
|player|p1|
