|j|☆NyulaDraws
|j|‽Ddhhdhey
|html|NyulaDrawsDdhhdhey    
|uhtml|bestof|Game 1 of a best-of-3
|t:|1783350387
|gametype|doubles
|player|p1|NyulaDraws|brawly|1064
|player|p2|Ddhhdhey|169|1000
|gen|9
|tier|[Gen 9 Champions] VGC 2026 Reg M-B (Bo3)
|rated|
|rule|Species Clause: Limit one of each Pokémon
|rule|Item Clause: Limit 1 of each item
|clearpoke
|poke|p1|Grimmsnarl, L50, M|
|poke|p1|Swampert, L50, M|
|poke|p1|Pelipper, L50, F|
|poke|p1|Archaludon, L50, F, shiny|
|poke|p1|Mawile, L50, F|
|poke|p1|Farigiraf, L50, M, shiny|
|poke|p2|Gardevoir, L50, F|
|poke|p2|Meowstic, L50, M|
|poke|p2|Incineroar, L50, F|
|poke|p2|Aerodactyl, L50, M|
|poke|p2|Metagross, L50|
|poke|p2|Sinistcha-Masterpiece, L50|
|teampreview|4
|showteam|p1|Grimmsnarl||LightClay|Prankster|FoulPlay,PartingShot,LightScreen,Reflect|Calm||M|||50|]Swampert||Swampertite|Damp|Protect,IcePunch,WaveCrash,Earthquake|Adamant||M|||50|]Pelipper||SitrusBerry|Drizzle|WideGuard,Tailwind,WeatherBall,Hurricane|Modest||F|||50|]Archaludon||Leftovers|Stamina|Protect,ElectroShot,FlashCannon,DragonPulse|Modest||F|||50|]Mawile||Mawilite|HyperCutter|PlayRough,BrickBreak,SuckerPunch,Protect|Adamant||F|||50|]Farigiraf||ColburBerry|ArmorTail|Psychic,Thunderbolt,TrickRoom,Protect|Quiet||M|||50|
|showteam|p2|Gardevoir||Gardevoirite|Trace|HyperVoice,ExpandingForce,TrickRoom,Protect|Quiet||F|||50|]Meowstic||FocusSash|Prankster|FakeOut,ExpandingForce,PsychicTerrain,Reflect|Quiet||M|||50|]Incineroar||SitrusBerry|Intimidate|FlareBlitz,FakeOut,ThroatChop,PartingShot|Adamant||F|||50|]Aerodactyl||LifeOrb|Unnerve|RockSlide,Tailwind,DualWingbeat,Protect|Adamant||M|||50|]Metagross||Metagrossite|ClearBody|ThunderPunch,IronHead,PsychicFangs,Protect|Jolly|||||50|]Sinistcha-Masterpiece||Leftovers|Hospitality|MatchaGotcha,TrickRoom,LifeDew,RagePowder|Relaxed|||||50|
|
|t:|1783350424
|teamsize|p1|4
|teamsize|p2|4
|start
|switch|p1a: Pelipper|Pelipper, L50, F|100/100
|switch|p1b: Swampert|Swampert, L50, M|100/100
|switch|p2a: Meowstic|Meowstic, L50, M|100/100
|switch|p2b: Gardevoir|Gardevoir, L50, F|100/100
|-weather|RainDance|[from] ability: Drizzle|[of] p1a: Pelipper
|-ability|p2b: Gardevoir|Damp|Trace|[from] ability: Trace|[of] p1b: Swampert
|turn|1
|inactive|Battle timer is ON: inactive players will automatically lose when time's up. (requested by Ddhhdhey)
|
|t:|1783350449
|detailschange|p1b: Swampert|Swampert-Mega, L50, M
|-mega|p1b: Swampert|Swampert|Swampertite
|detailschange|p2b: Gardevoir|Gardevoir-Mega, L50, F
|-mega|p2b: Gardevoir|Gardevoir|Gardevoirite
|move|p2a: Meowstic|Fake Out|p1b: Swampert
|-damage|p1b: Swampert|95/100
|cant|p1b: Swampert|flinch
|move|p1a: Pelipper|Weather Ball|p2b: Gardevoir
|-damage|p2b: Gardevoir|49/100
|move|p2b: Gardevoir|Trick Room|p2b: Gardevoir
|-fieldstart|move: Trick Room|[of] p2b: Gardevoir
|
|-weather|RainDance|[upkeep]
|upkeep
|turn|2
|inactive|Ddhhdhey has 30 seconds left.
|
|t:|1783350475
|switch|p2a: Sinistcha|Sinistcha-Masterpiece, L50|100/100
|-heal|p2b: Gardevoir|73/100|[from] ability: Hospitality|[of] p2a: Sinistcha
|move|p1a: Pelipper|Wide Guard|p1a: Pelipper
|-singleturn|p1a: Pelipper|Wide Guard
|move|p2b: Gardevoir|Expanding Force|p1a: Pelipper
|-damage|p1a: Pelipper|31/100
|-enditem|p1a: Pelipper|Sitrus Berry|[eat]
|-heal|p1a: Pelipper|55/100|[from] item: Sitrus Berry
|move|p1b: Swampert|Earthquake|p2a: Sinistcha|[spread] p2a,p2b
|-activate|p1a: Pelipper|move: Wide Guard
|-resisted|p2a: Sinistcha|1
|-damage|p2a: Sinistcha|82/100
|-damage|p2b: Gardevoir|10/100
|
|-weather|RainDance|[upkeep]
|-heal|p2a: Sinistcha|88/100|[from] item: Leftovers
|upkeep
|turn|3
|inactive|NyulaDraws has 30 seconds left.
|
|t:|1783350501
|switch|p1a: Archaludon|Archaludon, L50, F, shiny|100/100
|move|p2b: Gardevoir|Protect|p2b: Gardevoir
|-singleturn|p2b: Gardevoir|Protect
|move|p1b: Swampert|Protect|p1b: Swampert
|-singleturn|p1b: Swampert|Protect
|move|p2a: Sinistcha|Life Dew|p2a: Sinistcha|[spread] p2a,p2b
|-heal|p2a: Sinistcha|100/100
|-heal|p2b: Gardevoir|35/100
|
|-weather|RainDance|[upkeep]
|upkeep
|turn|4
|inactive|NyulaDraws has 30 seconds left.
|inactive|Ddhhdhey has 30 seconds left.
|
|t:|1783350536
|switch|p2a: Incineroar|Incineroar, L50, F|100/100
|-ability|p2a: Incineroar|Intimidate|boost
|-unboost|p1a: Archaludon|atk|1
|-unboost|p1b: Swampert|atk|1
|switch|p2b: Meowstic|Meowstic, L50, M|100/100
|switch|p1b: Grimmsnarl|Grimmsnarl, L50, M|100/100
|move|p1a: Archaludon|Electro Shot||[still]
|-prepare|p1a: Archaludon|Electro Shot
|-boost|p1a: Archaludon|spa|1
|-anim|p1a: Archaludon|Electro Shot|p2b: Meowstic
|-damage|p2b: Meowstic|35/100
|
|-weather|RainDance|[upkeep]
|upkeep
|turn|5
|
|t:|1783350555
|move|p1a: Archaludon|Protect|p1a: Archaludon
|-singleturn|p1a: Archaludon|Protect
|move|p2a: Incineroar|Fake Out|p1b: Grimmsnarl
|-damage|p1b: Grimmsnarl|88/100
|cant|p1b: Grimmsnarl|flinch
|move|p2b: Meowstic|Psychic Terrain|p2b: Meowstic
|-fieldstart|move: Psychic Terrain
|
|-weather|none
|-fieldend|move: Trick Room
|upkeep
|turn|6
|inactive|NyulaDraws has 30 seconds left.
|
|t:|1783350585
|move|p2b: Meowstic|Reflect|p2b: Meowstic
|-sidestart|p2: Ddhhdhey|Reflect
|move|p1b: Grimmsnarl|Light Screen|p1b: Grimmsnarl
|-sidestart|p1: NyulaDraws|move: Light Screen
|move|p1a: Archaludon|Flash Cannon|p2b: Meowstic
|-damage|p2b: Meowstic|0 fnt
|faint|p2b: Meowstic
|move|p2a: Incineroar|Parting Shot|p1a: Archaludon
|-unboost|p1a: Archaludon|atk|1
|-unboost|p1a: Archaludon|spa|1
|
|t:|1783350591
|switch|p2a: Gardevoir|Gardevoir-Mega, L50, F|35/100|[from] Parting Shot
|
|upkeep
|
|t:|1783350593
|switch|p2b: Sinistcha|Sinistcha-Masterpiece, L50|100/100
|-heal|p2a: Gardevoir|60/100|[from] ability: Hospitality|[of] p2b: Sinistcha
|turn|7
|
|t:|1783350608
|move|p2b: Sinistcha|Rage Powder|p2b: Sinistcha
|-singleturn|p2b: Sinistcha|move: Rage Powder
|move|p1b: Grimmsnarl|Parting Shot|p2b: Sinistcha
|-activate|p2b: Sinistcha|move: Psychic Terrain
|move|p1a: Archaludon|Flash Cannon|p2b: Sinistcha
|-damage|p2b: Sinistcha|55/100
|move|p2a: Gardevoir|Hyper Voice|p1b: Grimmsnarl|[spread] p1a,p1b
|-supereffective|p1b: Grimmsnarl|1
|-damage|p1a: Archaludon|65/100
|-damage|p1b: Grimmsnarl|26/100
|-ability|p1a: Archaludon|Stamina|boost
|-boost|p1a: Archaludon|def|1
|
|-heal|p1a: Archaludon|72/100|[from] item: Leftovers
|-heal|p2b: Sinistcha|61/100|[from] item: Leftovers
|upkeep
|turn|8
|
|t:|1783350630
|switch|p1b: Pelipper|Pelipper, L50, F|55/100
|-weather|RainDance|[from] ability: Drizzle|[of] p1b: Pelipper
|move|p1a: Archaludon|Protect|p1a: Archaludon
|-singleturn|p1a: Archaludon|Protect
|move|p2b: Sinistcha|Rage Powder|p2b: Sinistcha
|-singleturn|p2b: Sinistcha|move: Rage Powder
|move|p2a: Gardevoir|Expanding Force|p1a: Archaludon|[spread] p1b
|-activate|p1a: Archaludon|move: Protect
|-damage|p1b: Pelipper|0 fnt
|faint|p1b: Pelipper
|
|-weather|RainDance|[upkeep]
|-heal|p1a: Archaludon|78/100|[from] item: Leftovers
|-heal|p2b: Sinistcha|67/100|[from] item: Leftovers
|upkeep
|
|t:|1783350644
|switch|p1b: Swampert|Swampert-Mega, L50, M|95/100
|turn|9
|
|t:|1783350656
|move|p2b: Sinistcha|Rage Powder|p2b: Sinistcha
|-singleturn|p2b: Sinistcha|move: Rage Powder
|move|p1b: Swampert|Ice Punch|p2b: Sinistcha
|-supereffective|p2b: Sinistcha|1
|-damage|p2b: Sinistcha|38/100
|move|p1a: Archaludon|Electro Shot||[still]
|-prepare|p1a: Archaludon|Electro Shot
|-boost|p1a: Archaludon|spa|1
|-anim|p1a: Archaludon|Electro Shot|p2b: Sinistcha
|-resisted|p2b: Sinistcha|1
|-damage|p2b: Sinistcha|3/100
|move|p2a: Gardevoir|Expanding Force|p1a: Archaludon|[spread] p1a,p1b
|-resisted|p1a: Archaludon|1
|-damage|p1a: Archaludon|52/100
|-damage|p1b: Swampert|53/100
|-ability|p1a: Archaludon|Stamina|boost
|-boost|p1a: Archaludon|def|1
|
|-weather|RainDance|[upkeep]
|-heal|p1a: Archaludon|58/100|[from] item: Leftovers
|-heal|p2b: Sinistcha|9/100|[from] item: Leftovers
|-fieldend|move: Psychic Terrain
|upkeep
|turn|10
|
|t:|1783350674
|move|p1a: Archaludon|Protect|p1a: Archaludon
|-singleturn|p1a: Archaludon|Protect
|move|p1b: Swampert|Earthquake|p2b: Sinistcha|[spread] p2a,p2b
|-activate|p1a: Archaludon|move: Protect
|-crit|p2a: Gardevoir
|-resisted|p2b: Sinistcha|1
|-damage|p2a: Gardevoir|0 fnt
|-damage|p2b: Sinistcha|0 fnt
|faint|p2a: Gardevoir
|faint|p2b: Sinistcha
|
|-weather|RainDance|[upkeep]
|-heal|p1a: Archaludon|64/100|[from] item: Leftovers
|-sideend|p2: Ddhhdhey|Reflect
|upkeep
|-message|Ddhhdhey forfeited.
|
|win|NyulaDraws
|l|‽Ddhhdhey
|player|p2|
||NyulaDraws is ready for game 2.
