|j|☆Slo-mmo-o
|j|☆kronblake
|html|Slo-mmo-okronblake    
|uhtml|bestof|Game 2 of a best-of-3
|t:|1756486674
|gametype|doubles
|player|p1|Slo-mmo-o|lance|1166
|player|p2|kronblake|265|1177
|gen|9
|tier|[Gen 9] VGC 2025 Reg H (Bo3)
|rated|
|rule|Species Clause: Limit one of each Pokémon
|rule|Item Clause: Limit 1 of each item
|clearpoke
|poke|p1|Kommo-o, L50, F|
|poke|p1|Ninetales-Alola, L50, F|
|poke|p1|Rillaboom, L50, M|
|poke|p1|Electabuzz, L50, M|
|poke|p1|Annihilape, L50, M|
|poke|p1|Kingambit, L50, F|
|poke|p2|Arcanine-Hisui, L50, F|
|poke|p2|Whimsicott, L50, M|
|poke|p2|Sneasler, L50, M|
|poke|p2|Indeedee, L50, M|
|poke|p2|Ursaluna-Bloodmoon, L50, M|
|poke|p2|Amoonguss, L50, F|
|teampreview|4
|showteam|p1|Kommo-o||LifeOrb|Soundproof|ClangingScales,AuraSphere,Flamethrower,Protect|||F|||50|,,,,,Fire]Ninetales-Alola||NeverMeltIce|SnowWarning|Blizzard,FreezeDry,Encore,Protect|||F|||50|,,,,,Ice]Rillaboom||AssaultVest|GrassySurge|WoodHammer,GrassyGlide,HighHorsepower,FakeOut|||M|||50|,,,,,Poison]Electabuzz||Eviolite|VitalSpirit|Electroweb,HelpingHand,FollowMe,Protect|||M|||50|,,,,,Ghost]Annihilape||FocusSash|Defiant|CloseCombat,ShadowClaw,FinalGambit,Taunt|||M|||50|,,,,,Stellar]Kingambit||BlackGlasses|Defiant|KowtowCleave,SuckerPunch,SwordsDance,Protect|||F|||50|,,,,,Dark
|showteam|p2|Arcanine-Hisui||ChoiceBand|Intimidate|RockSlide,FlareBlitz,CloseCombat,ExtremeSpeed|||F|||50|,,,,,Grass]Whimsicott||CovertCloak|Prankster|Tailwind,SunnyDay,Encore,Moonblast|||M|||50|,,,,,Water]Sneasler||PsychicSeed|Unburden|Protect,CloseCombat,DireClaw,ThroatChop|||M|||50|,,,,,Dark]Indeedee||FocusSash|PsychicSurge|ExpandingForce,Imprison,TrickRoom,TeraBlast|||M|||50|,,,,,Fighting]Ursaluna-Bloodmoon||LifeOrb|MindsEye|Protect,HyperVoice,EarthPower,BloodMoon|||M|||50|,,,,,Normal]Amoonguss||RockyHelmet|Regenerator|RagePowder,Spore,Protect,ClearSmog|||F|||50|,,,,,Fairy
|inactive|Battle timer is ON: inactive players will automatically lose when time's up. (requested by Slo-mmo-o)
|
|t:|1756486685
|teamsize|p1|4
|teamsize|p2|4
|start
|switch|p1a: Buzz Lightyear|Electabuzz, L50, M|100/100
|switch|p1b: Queen Goober|Kingambit, L50, F, shiny|100/100
|switch|p2a: Sneasler|Sneasler, L50, M|100/100
|switch|p2b: Whimsicott|Whimsicott, L50, M|100/100
|turn|1
|inactive|kronblake has 30 seconds left.
|inactive|kronblake has 20 seconds left.
|inactive|kronblake has 15 seconds left.
|
|t:|1756486727
|move|p1a: Buzz Lightyear|Follow Me|p1a: Buzz Lightyear
|-singleturn|p1a: Buzz Lightyear|move: Follow Me
|move|p2b: Whimsicott|Tailwind|p2b: Whimsicott
|-sidestart|p2: kronblake|move: Tailwind
|move|p2a: Sneasler|Dire Claw|p1a: Buzz Lightyear
|-damage|p1a: Buzz Lightyear|61/100
|move|p1b: Queen Goober|Swords Dance|p1b: Queen Goober
|-boost|p1b: Queen Goober|atk|2
|
|upkeep
|turn|2
|
|t:|1756486750
|move|p1b: Queen Goober|Protect|p1b: Queen Goober
|-singleturn|p1b: Queen Goober|Protect
|move|p2a: Sneasler|Close Combat|p1b: Queen Goober
|-activate|p1b: Queen Goober|move: Protect
|move|p2b: Whimsicott|Moonblast|p1b: Queen Goober
|-activate|p1b: Queen Goober|move: Protect
|move|p1a: Buzz Lightyear|Electroweb|p2a: Sneasler|[spread] p2a,p2b
|-resisted|p2b: Whimsicott
|-damage|p2a: Sneasler|81/100
|-damage|p2b: Whimsicott|91/100
|-unboost|p2a: Sneasler|spe|1
|
|upkeep
|turn|3
|
|t:|1756486768
|-terastallize|p1a: Buzz Lightyear|Ghost
|move|p1a: Buzz Lightyear|Follow Me|p1a: Buzz Lightyear
|-singleturn|p1a: Buzz Lightyear|move: Follow Me
|move|p2b: Whimsicott|Encore|p1a: Buzz Lightyear
|-start|p1a: Buzz Lightyear|Encore
|move|p2a: Sneasler|Dire Claw|p1a: Buzz Lightyear
|-resisted|p1a: Buzz Lightyear
|-damage|p1a: Buzz Lightyear|43/100
|-status|p1a: Buzz Lightyear|par
|move|p1b: Queen Goober|Kowtow Cleave|p2b: Whimsicott
|-resisted|p2b: Whimsicott
|-damage|p2b: Whimsicott|30/100
|
|upkeep
|turn|4
|
|t:|1756486794
|switch|p1a: Monkey Gong|Rillaboom, L50, M|100/100
|-fieldstart|move: Grassy Terrain|[from] ability: Grassy Surge|[of] p1a: Monkey Gong
|move|p1b: Queen Goober|Sucker Punch|p2a: Sneasler
|-resisted|p2a: Sneasler
|-damage|p2a: Sneasler|8/100
|move|p2b: Whimsicott|Moonblast|p1b: Queen Goober
|-damage|p1b: Queen Goober|72/100
|move|p2a: Sneasler|Throat Chop|p1a: Monkey Gong
|-damage|p1a: Monkey Gong|74/100
|-start|p1a: Monkey Gong|Throat Chop|[silent]
|
|-heal|p2b: Whimsicott|36/100|[from] Grassy Terrain
|-heal|p2a: Sneasler|14/100|[from] Grassy Terrain
|-heal|p1a: Monkey Gong|80/100|[from] Grassy Terrain
|-heal|p1b: Queen Goober|77/100|[from] Grassy Terrain
|-sideend|p2: kronblake|move: Tailwind
|upkeep
|turn|5
|
|t:|1756486816
|switch|p1a: Buzz Lightyear|Electabuzz, L50, M, tera:Ghost|43/100 par
|move|p2a: Sneasler|Protect|p2a: Sneasler
|-singleturn|p2a: Sneasler|Protect
|move|p1b: Queen Goober|Protect|p1b: Queen Goober
|-singleturn|p1b: Queen Goober|Protect
|move|p2b: Whimsicott|Tailwind|p2b: Whimsicott
|-sidestart|p2: kronblake|move: Tailwind
|
|-heal|p2b: Whimsicott|41/100|[from] Grassy Terrain
|-heal|p2a: Sneasler|20/100|[from] Grassy Terrain
|-heal|p1a: Buzz Lightyear|49/100 par|[from] Grassy Terrain
|-heal|p1b: Queen Goober|83/100|[from] Grassy Terrain
|upkeep
|turn|6
|
|t:|1756486832
|move|p1a: Buzz Lightyear|Follow Me|p1a: Buzz Lightyear
|-singleturn|p1a: Buzz Lightyear|move: Follow Me
|move|p2b: Whimsicott|Moonblast|p1a: Buzz Lightyear
|-damage|p1a: Buzz Lightyear|27/100 par
|move|p2a: Sneasler|Dire Claw|p1a: Buzz Lightyear
|-resisted|p1a: Buzz Lightyear
|-damage|p1a: Buzz Lightyear|8/100 par
|move|p1b: Queen Goober|Kowtow Cleave|p2b: Whimsicott
|-resisted|p2b: Whimsicott
|-crit|p2b: Whimsicott
|-damage|p2b: Whimsicott|0 fnt
|faint|p2b: Whimsicott
|
|-heal|p2a: Sneasler|25/100|[from] Grassy Terrain
|-heal|p1a: Buzz Lightyear|14/100 par|[from] Grassy Terrain
|-heal|p1b: Queen Goober|89/100|[from] Grassy Terrain
|upkeep
|
|t:|1756486841
|switch|p2b: Ursaluna|Ursaluna-Bloodmoon, L50, M|100/100
|turn|7
|inactive|Slo-mmo-o has 30 seconds left.
|inactive|Slo-mmo-o has 20 seconds left.
|
|t:|1756486878
|switch|p2a: Indeedee|Indeedee, L50, M|100/100
|-fieldstart|move: Psychic Terrain|[from] ability: Psychic Surge|[of] p2a: Indeedee
|-terastallize|p2b: Ursaluna|Normal
|move|p1a: Buzz Lightyear|Protect|p1a: Buzz Lightyear
|-singleturn|p1a: Buzz Lightyear|Protect
|move|p1b: Queen Goober|Protect|p1b: Queen Goober
|-singleturn|p1b: Queen Goober|Protect
|move|p2b: Ursaluna|Hyper Voice|p1b: Queen Goober|[spread] 
|-activate|p1a: Buzz Lightyear|move: Protect
|-activate|p1b: Queen Goober|move: Protect
|
|upkeep
|turn|8
|inactive|kronblake has 30 seconds left.
|
|t:|1756486906
|switch|p1a: Monkey Gong|Rillaboom, L50, M|80/100
|-fieldstart|move: Grassy Terrain|[from] ability: Grassy Surge|[of] p1a: Monkey Gong
|move|p1b: Queen Goober|Sucker Punch|p2b: Ursaluna
|-damage|p2b: Ursaluna|27/100
|move|p2a: Indeedee|Expanding Force|p1a: Monkey Gong
|-crit|p1a: Monkey Gong
|-damage|p1a: Monkey Gong|44/100
|move|p2b: Ursaluna|Blood Moon|p1b: Queen Goober
|-resisted|p1b: Queen Goober
|-damage|p1b: Queen Goober|14/100
|-damage|p2b: Ursaluna|17/100|[from] item: Life Orb
|
|-heal|p2b: Ursaluna|23/100|[from] Grassy Terrain
|-heal|p1a: Monkey Gong|50/100|[from] Grassy Terrain
|-heal|p1b: Queen Goober|20/100|[from] Grassy Terrain
|-sideend|p2: kronblake|move: Tailwind
|upkeep
|turn|9
|inactive|kronblake has 30 seconds left.
|
|t:|1756486935
|switch|p1a: Buzz Lightyear|Electabuzz, L50, M, tera:Ghost|14/100 par
|switch|p2b: Sneasler|Sneasler, L50, M|25/100
|move|p1b: Queen Goober|Sucker Punch||[still]
|-fail|p1b: Queen Goober
|move|p2a: Indeedee|Expanding Force|p1a: Buzz Lightyear
|-damage|p1a: Buzz Lightyear|0 fnt
|faint|p1a: Buzz Lightyear
|
|-heal|p2b: Sneasler|31/100|[from] Grassy Terrain
|-heal|p1b: Queen Goober|26/100|[from] Grassy Terrain
|upkeep
|
|t:|1756486945
|switch|p1a: Monkey Gong|Rillaboom, L50, M|50/100
|turn|10
|inactive|kronblake has 30 seconds left.
|
|t:|1756486973
|move|p1a: Monkey Gong|Grassy Glide|p2a: Indeedee
|-damage|p2a: Indeedee|18/100
|move|p1b: Queen Goober|Sucker Punch|p2a: Indeedee
|-supereffective|p2a: Indeedee
|-damage|p2a: Indeedee|0 fnt
|faint|p2a: Indeedee
|move|p2b: Sneasler|Close Combat|p1b: Queen Goober
|-supereffective|p1b: Queen Goober
|-damage|p1b: Queen Goober|0 fnt
|-unboost|p2b: Sneasler|def|1
|-unboost|p2b: Sneasler|spd|1
|faint|p1b: Queen Goober
|
|-heal|p2b: Sneasler|37/100|[from] Grassy Terrain
|-heal|p1a: Monkey Gong|56/100|[from] Grassy Terrain
|upkeep
|
|t:|1756486981
|switch|p2a: Ursaluna|Ursaluna-Bloodmoon, L50, M, tera:Normal|23/100
|switch|p1b: Lumi|Ninetales-Alola, L50, F, shiny|100/100
|-weather|Snowscape|[from] ability: Snow Warning|[of] p1b: Lumi
|turn|11
|inactive|kronblake has 30 seconds left.
|inactive|kronblake has 20 seconds left.
|inactive|kronblake has 15 seconds left.
|inactive|kronblake has 10 seconds left.
|
|t:|1756487030
|move|p1a: Monkey Gong|Grassy Glide|p2a: Ursaluna
|-damage|p2a: Ursaluna|0 fnt
|faint|p2a: Ursaluna
|move|p2b: Sneasler|Dire Claw|p1a: Monkey Gong
|-supereffective|p1a: Monkey Gong
|-damage|p1a: Monkey Gong|0 fnt
|faint|p1a: Monkey Gong
|move|p1b: Lumi|Blizzard|p2b: Sneasler
|-damage|p2b: Sneasler|0 fnt
|faint|p2b: Sneasler
|
|win|Slo-mmo-o
|raw|Slo-mmo-o's rating: 1166 → 1192(+26 for winning)
|raw|kronblake's rating: 1177 → 1151(-26 for losing)
