|j|☆wlejunc
|j|☆Refanner
|html|wlejuncRefanner    
|uhtml|bestof|Game 1 of a best-of-3
|t:|1782734373
|gametype|doubles
|player|p1|wlejunc|1|1104
|player|p2|Refanner|102|1000
|gen|9
|tier|[Gen 9 Champions] VGC 2026 Reg M-B (Bo3)
|rated|
|rule|Species Clause: Limit one of each Pokémon
|rule|Item Clause: Limit 1 of each item
|clearpoke
|poke|p1|Starmie, L50|
|poke|p1|Raichu, L50, F|
|poke|p1|Sableye, L50, F|
|poke|p1|Incineroar, L50, F|
|poke|p1|Pelipper, L50, M|
|poke|p1|Tsareena, L50, F|
|poke|p2|Staraptor, L50, F|
|poke|p2|Raichu, L50, F|
|poke|p2|Sinistcha-Masterpiece, L50|
|poke|p2|Incineroar, L50, F|
|poke|p2|Metagross, L50|
|poke|p2|Hydreigon, L50, F|
|teampreview|4
|showteam|p1|Starmie||Starminite|NaturalCure|Liquidation,IceSpinner,FlipTurn,Protect|Adamant|||||50|]Raichu||RaichuniteY|LightningRod|ZapCannon,FocusBlast,VoltSwitch,Protect|Modest||F|||50|]Sableye||RoseliBerry|Prankster|FoulPlay,FakeOut,RainDance,ThunderWave|Sassy||F|||50|]Incineroar||SitrusBerry|Intimidate|DarkestLariat,FakeOut,Roar,PartingShot|Careful||F|||50|]Pelipper||Leftovers|Drizzle|Hurricane,Uturn,Tailwind,Protect|Sassy||M|||50|]Tsareena||MiracleSeed|QueenlyMajesty|TropKick,Uturn,HelpingHand,Protect|Sassy||F|||50|
|showteam|p2|Staraptor||Staraptite|Intimidate|CloseCombat,BraveBird,Roost,Protect|Adamant||F|||50|]Raichu||RaichuniteX|Static|VoltTackle,VoltSwitch,PlayRough,FakeOut|Hasty||F|||50|]Sinistcha-Masterpiece||KasibBerry|Hospitality|MatchaGotcha,RagePowder,TrickRoom,Protect|Bold|||||50|]Incineroar||SitrusBerry|Intimidate|FlareBlitz,FakeOut,DarkestLariat,PartingShot|Adamant||F|||50|]Metagross||MetalCoat|ClearBody|IronHead,PsychicFangs,StompingTantrum,Protect|Adamant|||||50|]Hydreigon||ChoiceScarf|Levitate|DarkPulse,Snarl,DracoMeteor,EarthPower|Timid||F|||50|
|
|t:|1782734420
|teamsize|p1|4
|teamsize|p2|4
|start
|switch|p1a: Raichu|Raichu, L50, F|100/100
|switch|p1b: Incineroar|Incineroar, L50, F|100/100
|switch|p2a: Staraptor|Staraptor, L50, F|100/100
|switch|p2b: Raichu|Raichu, L50, F|100/100
|-ability|p2a: Staraptor|Intimidate|boost
|-unboost|p1a: Raichu|atk|1
|-unboost|p1b: Incineroar|atk|1
|-ability|p1b: Incineroar|Intimidate|boost
|-unboost|p2a: Staraptor|atk|1
|-unboost|p2b: Raichu|atk|1
|turn|1
|
|t:|1782734459
|detailschange|p2a: Staraptor|Staraptor-Mega, L50, F
|-mega|p2a: Staraptor|Staraptor|Staraptite
|move|p1a: Raichu|Protect|p1a: Raichu
|-singleturn|p1a: Raichu|Protect
|move|p2b: Raichu|Fake Out|p1b: Incineroar
|-damage|p1b: Incineroar|94/100
|move|p2a: Staraptor|Close Combat|p1b: Incineroar
|-supereffective|p1b: Incineroar|1
|-damage|p1b: Incineroar|26/100
|-boost|p2a: Staraptor|def|1
|-boost|p2a: Staraptor|spd|1
|-enditem|p1b: Incineroar|Sitrus Berry|[eat]
|-heal|p1b: Incineroar|50/100g|[from] item: Sitrus Berry
|cant|p1b: Incineroar|flinch
|
|upkeep
|turn|2
|
|t:|1782734490
|switch|p1b: Sableye|Sableye, L50, F|100/100
|detailschange|p1a: Raichu|Raichu-Mega-Y, L50, F
|-mega|p1a: Raichu|Raichu|Raichunite Y
|move|p1a: Raichu|Focus Blast|p2b: Raichu
|-damage|p2b: Raichu|15/100
|move|p2b: Raichu|Play Rough|p1a: Raichu
|-damage|p1a: Raichu|71/100
|move|p2a: Staraptor|Close Combat|p1b: Sableye
|-immune|p1b: Sableye
|
|upkeep
|turn|3
|
|t:|1782734522
|switch|p2b: Sinistcha|Sinistcha-Masterpiece, L50|100/100
|move|p2a: Staraptor|Protect|p2a: Staraptor
|-singleturn|p2a: Staraptor|Protect
|move|p1b: Sableye|Fake Out|p2a: Staraptor
|-activate|p2a: Staraptor|move: Protect
|move|p1a: Raichu|Focus Blast|p2b: Sinistcha
|-immune|p2b: Sinistcha
|
|upkeep
|turn|4
|
|t:|1782734552
|switch|p1a: Pelipper|Pelipper, L50, M|100/100
|-weather|RainDance|[from] ability: Drizzle|[of] p1a: Pelipper
|move|p2b: Sinistcha|Rage Powder|p2b: Sinistcha
|-singleturn|p2b: Sinistcha|move: Rage Powder
|move|p2a: Staraptor|Close Combat|p1a: Pelipper
|-resisted|p1a: Pelipper|1
|-damage|p1a: Pelipper|78/100
|-boost|p2a: Staraptor|def|1
|-boost|p2a: Staraptor|spd|1
|move|p1b: Sableye|Foul Play|p2b: Sinistcha
|-supereffective|p2b: Sinistcha|1
|-damage|p2b: Sinistcha|65/100
|
|-weather|RainDance|[upkeep]
|-heal|p1a: Pelipper|84/100|[from] item: Leftovers
|upkeep
|turn|5
|
|t:|1782734594
|move|p2a: Staraptor|Close Combat|p1a: Pelipper
|-resisted|p1a: Pelipper|1
|-damage|p1a: Pelipper|64/100
|-boost|p2a: Staraptor|def|1
|-boost|p2a: Staraptor|spd|1
|move|p2b: Sinistcha|Matcha Gotcha|p1a: Pelipper|[spread] p1a,p1b
|-damage|p1a: Pelipper|38/100
|-heal|p2b: Sinistcha|77/100|[from] drain|[of] p1a: Pelipper
|-damage|p1b: Sableye|71/100
|-heal|p2b: Sinistcha|90/100|[from] drain|[of] p1b: Sableye
|-status|p1a: Pelipper|brn
|move|p1a: Pelipper|Hurricane|p2b: Sinistcha
|-supereffective|p2b: Sinistcha|1
|-damage|p2b: Sinistcha|6/100
|-start|p2b: Sinistcha|confusion
|move|p1b: Sableye|Foul Play|p2a: Staraptor
|-resisted|p2a: Staraptor|1
|-damage|p2a: Staraptor|93/100
|
|-weather|RainDance|[upkeep]
|-heal|p1a: Pelipper|44/100 brn|[from] item: Leftovers
|-damage|p1a: Pelipper|38/100 brn|[from] brn
|upkeep
|turn|6
|
|t:|1782734623
|switch|p2b: Incineroar|Incineroar, L50, F|100/100
|-ability|p2b: Incineroar|Intimidate|boost
|-unboost|p1a: Pelipper|atk|1
|-unboost|p1b: Sableye|atk|1
|move|p2a: Staraptor|Close Combat|p1a: Pelipper
|-resisted|p1a: Pelipper|1
|-damage|p1a: Pelipper|14/100 brn
|-boost|p2a: Staraptor|def|1
|-boost|p2a: Staraptor|spd|1
|move|p1a: Pelipper|U-turn|p2a: Staraptor
|-resisted|p2a: Staraptor|2
|-damage|p2a: Staraptor|93/100
|
|t:|1782734635
|switch|p1a: Raichu|Raichu-Mega-Y, L50, F|71/100|[from] U-turn
|move|p1b: Sableye|Foul Play|p2b: Incineroar
|-resisted|p2b: Incineroar|1
|-damage|p2b: Incineroar|79/100
|
|-weather|RainDance|[upkeep]
|upkeep
|turn|7
|
|t:|1782734674
|move|p1a: Raichu|Protect|p1a: Raichu
|-singleturn|p1a: Raichu|Protect
|move|p2a: Staraptor|Brave Bird|p1b: Sableye
|-damage|p1b: Sableye|17/100
|-damage|p2a: Staraptor|78/100|[from] Recoil
|move|p2b: Incineroar|Darkest Lariat|p1b: Sableye
|-damage|p1b: Sableye|0 fnt
|faint|p1b: Sableye
|
|-weather|RainDance|[upkeep]
|upkeep
|
|t:|1782734685
|switch|p1b: Incineroar|Incineroar, L50, F|50/100g
|-ability|p1b: Incineroar|Intimidate|boost
|-boost|p2a: Staraptor|atk|1
|-unboost|p2b: Incineroar|atk|1
|turn|8
|
|t:|1782734696
|switch|p2b: Raichu|Raichu, L50, F|15/100
|move|p2a: Staraptor|Protect|p2a: Staraptor
|-singleturn|p2a: Staraptor|Protect
|move|p1b: Incineroar|Fake Out|p2a: Staraptor
|-activate|p2a: Staraptor|move: Protect
|move|p1a: Raichu|Focus Blast|p2b: Raichu
|-damage|p2b: Raichu|0 fnt
|faint|p2b: Raichu
|
|-weather|none
|upkeep
|
|t:|1782734705
|switch|p2b: Incineroar|Incineroar, L50, F|79/100
|-ability|p2b: Incineroar|Intimidate|boost
|-unboost|p1a: Raichu|atk|1
|-unboost|p1b: Incineroar|atk|1
|turn|9
|
|t:|1782734711
|switch|p1b: Pelipper|Pelipper, L50, M|14/100 brn
|-weather|RainDance|[from] ability: Drizzle|[of] p1b: Pelipper
|move|p1a: Raichu|Protect|p1a: Raichu
|-singleturn|p1a: Raichu|Protect
|move|p2b: Incineroar|Fake Out|p1a: Raichu
|-activate|p1a: Raichu|move: Protect
|move|p2a: Staraptor|Close Combat|p1b: Pelipper
|-resisted|p1b: Pelipper|1
|-damage|p1b: Pelipper|0 fnt
|-boost|p2a: Staraptor|def|1
|-boost|p2a: Staraptor|spd|1
|faint|p1b: Pelipper
|
|-weather|RainDance|[upkeep]
|upkeep
|
|t:|1782734722
|switch|p1b: Incineroar|Incineroar, L50, F|50/100g
|-ability|p1b: Incineroar|Intimidate|boost
|-boost|p2a: Staraptor|atk|1
|-unboost|p2b: Incineroar|atk|1
|turn|10
|
|t:|1782734760
|move|p2a: Staraptor|Protect|p2a: Staraptor
|-singleturn|p2a: Staraptor|Protect
|move|p1a: Raichu|Zap Cannon|p2b: Incineroar
|-damage|p2b: Incineroar|16/100
|-status|p2b: Incineroar|par
|-enditem|p2b: Incineroar|Sitrus Berry|[eat]
|-heal|p2b: Incineroar|41/100 par|[from] item: Sitrus Berry
|move|p2b: Incineroar|Parting Shot|p1a: Raichu
|-unboost|p1a: Raichu|atk|1
|-unboost|p1a: Raichu|spa|1
|
|t:|1782734770
|switch|p2b: Sinistcha|Sinistcha-Masterpiece, L50|6/100|[from] Parting Shot
|-heal|p2a: Staraptor|100/100|[from] ability: Hospitality|[of] p2b: Sinistcha
|move|p1b: Incineroar|Roar|p2b: Sinistcha
|drag|p2b: Incineroar|Incineroar, L50, F|41/100 par
|-ability|p2b: Incineroar|Intimidate|boost
|-unboost|p1a: Raichu|atk|1
|-unboost|p1b: Incineroar|atk|1
|
|-weather|RainDance|[upkeep]
|upkeep
|turn|11
|
|t:|1782734795
|move|p2b: Incineroar|Fake Out|p1a: Raichu
|-damage|p1a: Raichu|43/100
|cant|p1a: Raichu|flinch
|move|p2a: Staraptor|Close Combat|p1b: Incineroar
|-supereffective|p1b: Incineroar|1
|-damage|p1b: Incineroar|0 fnt
|-boost|p2a: Staraptor|def|1
|-boost|p2a: Staraptor|spd|1
|faint|p1b: Incineroar
|
|-weather|RainDance|[upkeep]
|upkeep
|turn|12
|
|t:|1782734814
|move|p1a: Raichu|Zap Cannon|p2b: Incineroar
|-damage|p2b: Incineroar|0 fnt
|faint|p2b: Incineroar
|move|p2a: Staraptor|Brave Bird|p1a: Raichu
|-resisted|p1a: Raichu|1
|-damage|p1a: Raichu|0 fnt
|faint|p1a: Raichu
|-damage|p2a: Staraptor|90/100|[from] Recoil
|
|win|Refanner
||wlejunc is ready for game 2.
|inactive|Refanner has 30 seconds to confirm battle start!
||Refanner is ready for game 2.
|uhtml|next|Next: Game 2 of 3
|l|☆wlejunc
|player|p1|
