|j|☆Its Sushiii
|j|☆WochienuineProphet
|html|Its SushiiiWochienuineProphet    
|uhtml|bestof|Game 2 of a best-of-3
|t:|1785281776
|gametype|doubles
|player|p1|Its Sushiii|102|1399
|player|p2|WochienuineProphet|1|1266
|gen|9
|tier|[Gen 9 Champions] VGC 2026 Reg M-B (Bo3)
|rated|
|rule|Species Clause: Limit one of each Pokémon
|rule|Item Clause: Limit 1 of each item
|clearpoke
|poke|p1|Excadrill, L50, M, shiny|
|poke|p1|Tyranitar, L50, M|
|poke|p1|Farigiraf, L50, M|
|poke|p1|Sylveon, L50, M|
|poke|p1|Charizard, L50, F|
|poke|p1|Garchomp, L50, F|
|poke|p2|Garchomp, L50, F|
|poke|p2|Floette-Eternal, L50, F|
|poke|p2|Incineroar, L50, F|
|poke|p2|Sinistcha-Masterpiece, L50|
|poke|p2|Sneasler, L50, F|
|poke|p2|Kingambit, L50, F|
|teampreview|4
|showteam|p1|Excadrill||FocusSash|SandRush|IronHead,HighHorsepower,RockSlide,Protect|Adamant||M|||50|]Tyranitar||ChopleBerry|SandStream|RockSlide,KnockOff,HighHorsepower,Protect|Adamant||M|||50|]Farigiraf||SitrusBerry|ArmorTail|Psychic,Thunderbolt,TrickRoom,Protect|Relaxed||M|||50|]Sylveon||LifeOrb|Pixilate|HyperVoice,HyperBeam,QuickAttack,Detect|Modest||M|||50|]Charizard||CharizarditeY|Blaze|HeatWave,SolarBeam,WeatherBall,Protect|Modest||F|||50|]Garchomp||Garchompite|RoughSkin|EarthPower,DracoMeteor,PowerGem,Protect|Modest||F|||50|
|showteam|p2|Garchomp||Garchompite|SandVeil|Earthquake,StompingTantrum,RockSlide,Protect|Adamant||F|||50|]Floette-Eternal||Floettite|FlowerVeil|DazzlingGleam,DrainingKiss,CalmMind,Protect|Timid||F|||50|]Incineroar||Leftovers|Intimidate|FlareBlitz,HelpingHand,PartingShot,FakeOut|Sassy||F|||50|]Sinistcha-Masterpiece||SitrusBerry|Hospitality|MatchaGotcha,RagePowder,TrickRoom,Protect|Bold|||||50|]Sneasler||FocusSash|PoisonTouch|PoisonJab,CloseCombat,FakeOut,Coaching|Jolly||F|||50|]Kingambit||ChopleBerry|Defiant|KowtowCleave,SuckerPunch,IronHead,Protect|Adamant||F|||50|
|inactive|Battle timer is ON: inactive players will automatically lose when time's up. (requested by Its Sushiii)
|
|t:|1785281790
|teamsize|p1|4
|teamsize|p2|4
|start
|switch|p1a: Farigiraf|Farigiraf, L50, M|100/100
|switch|p1b: Sylveon|Sylveon, L50, M|100/100
|switch|p2a: Floette|Floette-Eternal, L50, F|100/100
|switch|p2b: Incineroar|Incineroar, L50, F|100/100
|-ability|p2b: Incineroar|Intimidate|boost
|-unboost|p1a: Farigiraf|atk|1
|-unboost|p1b: Sylveon|atk|1
|turn|1
|
|t:|1785281812
|move|p2a: Floette|Calm Mind|p2a: Floette
|-boost|p2a: Floette|spa|1
|-boost|p2a: Floette|spd|1
|move|p1b: Sylveon|Hyper Voice|p2b: Incineroar|[spread] p2a,p2b
|-damage|p2a: Floette|69/100
|-damage|p2b: Incineroar|58/100
|-damage|p1b: Sylveon|90/100|[from] item: Life Orb
|move|p2b: Incineroar|Parting Shot|p1a: Farigiraf
|-unboost|p1a: Farigiraf|atk|1
|-unboost|p1a: Farigiraf|spa|1
|
|t:|1785281820
|switch|p2b: Sinistcha|Sinistcha-Masterpiece, L50|100/100|[from] Parting Shot
|-heal|p2a: Floette|94/100|[from] ability: Hospitality|[of] p2b: Sinistcha
|move|p1a: Farigiraf|Trick Room|p1a: Farigiraf
|-fieldstart|move: Trick Room|[of] p1a: Farigiraf
|
|upkeep
|turn|2
|
|t:|1785281834
|switch|p1a: Excadrill|Excadrill, L50, M, shiny|100/100
|move|p2a: Floette|Protect|p2a: Floette
|-singleturn|p2a: Floette|Protect
|move|p1b: Sylveon|Hyper Beam|p2b: Sinistcha
|-damage|p2b: Sinistcha|0 fnt
|-mustrecharge|p1b: Sylveon
|faint|p2b: Sinistcha
|-damage|p1b: Sylveon|80/100|[from] item: Life Orb
|
|upkeep
|
|t:|1785281836
|switch|p2b: Incineroar|Incineroar, L50, F|58/100
|-ability|p2b: Incineroar|Intimidate|boost
|-unboost|p1a: Excadrill|atk|1
|-unboost|p1b: Sylveon|atk|1
|turn|3
|
|t:|1785281858
|move|p2b: Incineroar|Fake Out|p1a: Excadrill
|-resisted|p1a: Excadrill|1
|-damage|p1a: Excadrill|93/100
|cant|p1b: Sylveon|recharge
|cant|p1a: Excadrill|flinch
|move|p2a: Floette|Calm Mind|p2a: Floette
|-boost|p2a: Floette|spa|1
|-boost|p2a: Floette|spd|1
|
|-heal|p2b: Incineroar|64/100|[from] item: Leftovers
|upkeep
|turn|4
|inactive|Its Sushiii has 30 seconds left.
|inactive|WochienuineProphet has 30 seconds left.
|
|t:|1785281891
|detailschange|p2a: Floette|Floette-Mega, L50, F
|-mega|p2a: Floette|Floette|Floettite
|-ability|p2a: Floette|Fairy Aura
|move|p2b: Incineroar|Flare Blitz|p1a: Excadrill
|-supereffective|p1a: Excadrill|1
|-damage|p1a: Excadrill|0 fnt
|faint|p1a: Excadrill
|-damage|p2b: Incineroar|36/100|[from] Recoil
|move|p1b: Sylveon|Hyper Beam|p2b: Incineroar
|-damage|p2b: Incineroar|0 fnt
|-mustrecharge|p1b: Sylveon
|faint|p2b: Incineroar
|-damage|p1b: Sylveon|70/100|[from] item: Life Orb
|move|p2a: Floette|Dazzling Gleam|p1b: Sylveon
|-damage|p1b: Sylveon|0 fnt
|faint|p1b: Sylveon
|
|upkeep
|
|t:|1785281908
|switch|p2b: Garchomp|Garchomp, L50, F|100/100
|switch|p1b: Tyranitar|Tyranitar, L50, M|100/100
|switch|p1a: Farigiraf|Farigiraf, L50, M|100/100
|-weather|Sandstorm|[from] ability: Sand Stream|[of] p1b: Tyranitar
|turn|5
|inactive|WochienuineProphet has 30 seconds left.
|inactive|WochienuineProphet has 20 seconds left.
|inactive|WochienuineProphet has 15 seconds left.
|inactive|WochienuineProphet has 10 seconds left.
|
|t:|1785281954
|move|p2b: Garchomp|Protect|p2b: Garchomp
|-singleturn|p2b: Garchomp|Protect
|move|p2a: Floette|Protect|p2a: Floette
|-singleturn|p2a: Floette|Protect
|move|p1a: Farigiraf|Psychic|p2b: Garchomp
|-activate|p2b: Garchomp|move: Protect
|move|p1b: Tyranitar|Rock Slide|p2a: Floette|[spread] 
|-activate|p2a: Floette|move: Protect
|-activate|p2b: Garchomp|move: Protect
|
|-weather|Sandstorm|[upkeep]
|-damage|p1a: Farigiraf|94/100|[from] Sandstorm
|-damage|p2a: Floette|88/100|[from] Sandstorm
|-fieldend|move: Trick Room
|upkeep
|turn|6
|
|t:|1785281974
|move|p1b: Tyranitar|Protect|p1b: Tyranitar
|-singleturn|p1b: Tyranitar|Protect
|move|p2a: Floette|Dazzling Gleam|p1b: Tyranitar|[spread] p1a
|-activate|p1b: Tyranitar|move: Protect
|-damage|p1a: Farigiraf|23/100
|-enditem|p1a: Farigiraf|Sitrus Berry|[eat]
|-heal|p1a: Farigiraf|48/100|[from] item: Sitrus Berry
|move|p2b: Garchomp|Stomping Tantrum|p1a: Farigiraf
|-damage|p1a: Farigiraf|18/100
|move|p1a: Farigiraf|Trick Room|p1a: Farigiraf
|-fieldstart|move: Trick Room|[of] p1a: Farigiraf
|
|-weather|Sandstorm|[upkeep]
|-damage|p1a: Farigiraf|13/100|[from] Sandstorm
|-damage|p2a: Floette|82/100|[from] Sandstorm
|upkeep
|turn|7
|
|t:|1785281992
|move|p2a: Floette|Protect|p2a: Floette
|-singleturn|p2a: Floette|Protect
|move|p1a: Farigiraf|Psychic|p2b: Garchomp
|-damage|p2b: Garchomp|67/100
|move|p1b: Tyranitar|Rock Slide|p2b: Garchomp|[spread] p2b
|-activate|p2a: Floette|move: Protect
|-resisted|p2b: Garchomp|1
|-damage|p2b: Garchomp|56/100
|move|p2b: Garchomp|Earthquake|p1b: Tyranitar|[spread] p1a,p1b
|-activate|p2a: Floette|move: Protect
|-supereffective|p1b: Tyranitar|1
|-damage|p1a: Farigiraf|0 fnt
|-damage|p1b: Tyranitar|38/100
|faint|p1a: Farigiraf
|
|-weather|Sandstorm|[upkeep]
|-damage|p2a: Floette|76/100|[from] Sandstorm
|upkeep
|turn|8
|inactive|WochienuineProphet has 30 seconds left.
|
|t:|1785282018
|move|p1b: Tyranitar|Rock Slide|p2b: Garchomp|[spread] p2a,p2b
|-resisted|p2b: Garchomp|1
|-damage|p2a: Floette|47/100
|-damage|p2b: Garchomp|44/100
|cant|p2b: Garchomp|flinch
|cant|p2a: Floette|flinch
|
|-weather|Sandstorm|[upkeep]
|-damage|p2a: Floette|41/100|[from] Sandstorm
|upkeep
|turn|9
|
|t:|1785282027
|move|p2b: Garchomp|Protect|p2b: Garchomp
|-singleturn|p2b: Garchomp|Protect
|move|p2a: Floette|Protect|p2a: Floette
|-singleturn|p2a: Floette|Protect
|move|p1b: Tyranitar|Rock Slide|p2a: Floette|[spread] 
|-activate|p2a: Floette|move: Protect
|-activate|p2b: Garchomp|move: Protect
|
|-weather|none
|upkeep
|turn|10
|
|t:|1785282037
|move|p1b: Tyranitar|Rock Slide|p2b: Garchomp|[spread] p2a,p2b
|-resisted|p2b: Garchomp|1
|-damage|p2a: Floette|12/100
|-damage|p2b: Garchomp|32/100
|move|p2b: Garchomp|Stomping Tantrum|p1b: Tyranitar
|-supereffective|p1b: Tyranitar|1
|-damage|p1b: Tyranitar|0 fnt
|faint|p1b: Tyranitar
|
|win|WochienuineProphet
|raw|Its Sushiii's rating: 1399 → 1372(-27 for losing)
|raw|WochienuineProphet's rating: 1266 → 1300(+34 for winning)
|l|☆WochienuineProphet
|player|p2|
