|j|☆Delacruso
|j|☆ScuffedDestroya
|html|DelacrusoScuffedDestroya    
|uhtml|bestof|Game 1 of a best-of-3
|t:|1756625047
|gametype|doubles
|player|p1|Delacruso|red|1049
|player|p2|ScuffedDestroya|101|1000
|gen|9
|tier|[Gen 9] VGC 2025 Reg H (Bo3)
|rated|
|rule|Species Clause: Limit one of each Pokémon
|rule|Item Clause: Limit 1 of each item
|clearpoke
|poke|p1|Ninetales, L50, M|
|poke|p1|Charizard, L50, M|
|poke|p1|Jumpluff, L50, F|
|poke|p1|Ursaluna-Bloodmoon, L50, M|
|poke|p1|Incineroar, L50, F|
|poke|p1|Porygon2, L50|
|poke|p2|Slaking, L50, F|
|poke|p2|Weezing, L50, F|
|poke|p2|Dragonite, L50, F|
|poke|p2|Rillaboom, L50, F|
|poke|p2|Gholdengo, L50|
|poke|p2|Quaquaval, L50, F|
|teampreview|4
|showteam|p1|Ninetales||Charcoal|Drought|BatonPass,CalmMind,WeatherBall,HeatWave|||M|||50|,,,,,Grass]Charizard||ChoiceSpecs|SolarPower|DragonPulse,HeatWave,Overheat,WeatherBall|||M|||50|,,,,,Ghost]Jumpluff||CovertCloak|Chlorophyll|SleepPowder,SunnyDay,Tailwind,RagePowder|||F|||50|,,,,,Water]Ursaluna-Bloodmoon||AssaultVest|MindsEye|EarthPower,BloodMoon,HyperVoice,VacuumWave|||M|||50|,,,,,Normal]Incineroar||SafetyGoggles|Intimidate|FakeOut,FlareBlitz,KnockOff,PartingShot|||F|||50|,,,,,Ghost]Porygon2||Eviolite|Download|Thunderbolt,IceBeam,Recover,TrickRoom||||||50|,,,,,Electric
|showteam|p2|Slaking||LifeOrb|Truant|Protect,DoubleEdge,SuckerPunch,HighHorsepower|||F|||50|,,,,,Ghost]Weezing||SitrusBerry|NeutralizingGas|Protect,SludgeBomb,Taunt,WillOWisp|||F|||50|,,,,,Ghost]Dragonite||ChoiceBand|InnerFocus|ExtremeSpeed,Outrage,RockSlide,StompingTantrum|||F|||50|,,,,,Normal]Rillaboom||AssaultVest|GrassySurge|WoodHammer,GrassyGlide,FakeOut,HighHorsepower|||F|||50|,,,,,Fire]Gholdengo||ChoiceScarf|GoodasGold|MakeItRain,ShadowBall,PowerGem,Trick||||||50|,,,,,Steel]Quaquaval||FocusSash|Moxie|Protect,CloseCombat,AquaStep,AquaJet|||F|||50|,,,,,Stellar
|
|t:|1756625158
|teamsize|p1|4
|teamsize|p2|4
|start
|switch|p1a: Incineroar|Incineroar, L50, F, shiny|100/100
|switch|p1b: Ninetales|Ninetales, L50, M|100/100
|switch|p2a: Weezing|Weezing, L50, F|100/100
|switch|p2b: Gholdengo|Gholdengo, L50|100/100
|-ability|p2a: Weezing|Neutralizing Gas
|turn|1
|inactive|Battle timer is ON: inactive players will automatically lose when time's up. (requested by Delacruso)
|
|t:|1756625254
|-terastallize|p2b: Gholdengo|Steel
|move|p2b: Gholdengo|Power Gem|p1a: Incineroar
|-supereffective|p1a: Incineroar
|-damage|p1a: Incineroar|45/100
|move|p1b: Ninetales|Calm Mind|p1b: Ninetales
|-boost|p1b: Ninetales|spa|1
|-boost|p1b: Ninetales|spd|1
|move|p2a: Weezing|Sludge Bomb|p1a: Incineroar
|-damage|p1a: Incineroar|21/100
|-status|p1a: Incineroar|psn
|move|p1a: Incineroar|Parting Shot|p2b: Gholdengo
|-unboost|p2b: Gholdengo|atk|1
|-unboost|p2b: Gholdengo|spa|1
|inactive|Delacruso has 30 seconds left.
|
|t:|1756625289
|switch|p1a: Charizard|Charizard, L50, M, shiny|100/100|[from] Parting Shot
|
|upkeep
|turn|2
|
|t:|1756625312
|move|p2a: Weezing|Protect|p2a: Weezing
|-singleturn|p2a: Weezing|Protect
|move|p2b: Gholdengo|Power Gem|p1a: Charizard
|-supereffective|p1a: Charizard
|-damage|p1a: Charizard|0 fnt
|faint|p1a: Charizard
|move|p1b: Ninetales|Baton Pass|p1b: Ninetales
|
|t:|1756625320
|switch|p1b: Ursaluna|Ursaluna-Bloodmoon, L50, M|100/100|[from] Baton Pass
|
|upkeep
|
|t:|1756625323
|switch|p1a: Ninetales|Ninetales, L50, M|100/100
|turn|3
|
|t:|1756625343
|switch|p2b: Dragonite|Dragonite, L50, F|100/100
|move|p1a: Ninetales|Calm Mind|p1a: Ninetales
|-boost|p1a: Ninetales|spa|1
|-boost|p1a: Ninetales|spd|1
|move|p2a: Weezing|Sludge Bomb|p1a: Ninetales
|-damage|p1a: Ninetales|83/100
|-status|p1a: Ninetales|psn
|move|p1b: Ursaluna|Earth Power|p2b: Dragonite
|-immune|p2b: Dragonite
|
|-damage|p1a: Ninetales|71/100 psn|[from] psn
|upkeep
|turn|4
|inactive|Delacruso has 30 seconds left.
|inactive|ScuffedDestroya has 30 seconds left.
|inactive|Delacruso has 20 seconds left.
|
|t:|1756625388
|-terastallize|p1b: Ursaluna|Normal
|move|p2a: Weezing|Protect|p2a: Weezing
|-singleturn|p2a: Weezing|Protect
|move|p1a: Ninetales|Heat Wave|p2b: Dragonite|[spread] p2b
|-activate|p2a: Weezing|move: Protect
|-resisted|p2b: Dragonite
|-crit|p2b: Dragonite
|-damage|p2b: Dragonite|75/100
|move|p2b: Dragonite|Stomping Tantrum|p1a: Ninetales
|-supereffective|p1a: Ninetales
|-crit|p1a: Ninetales
|-damage|p1a: Ninetales|0 fnt
|faint|p1a: Ninetales
|move|p1b: Ursaluna|Hyper Voice|p2b: Dragonite|[spread] p2b
|-activate|p2a: Weezing|move: Protect
|-damage|p2b: Dragonite|0 fnt
|faint|p2b: Dragonite
|
|upkeep
|
|t:|1756625412
|switch|p1a: Incineroar|Incineroar, L50, F, shiny|21/100 psn
|switch|p2b: Quaquaval|Quaquaval, L50, F|100/100
|turn|5
|inactive|Delacruso has 30 seconds left.
|
|t:|1756625439
|move|p2b: Quaquaval|Protect|p2b: Quaquaval
|-singleturn|p2b: Quaquaval|Protect
|move|p1a: Incineroar|Fake Out|p2b: Quaquaval
|-activate|p2b: Quaquaval|move: Protect
|move|p2a: Weezing|Taunt|p1a: Incineroar
|-start|p1a: Incineroar|move: Taunt
|move|p1b: Ursaluna|Hyper Voice|p2a: Weezing|[spread] p2a
|-activate|p2b: Quaquaval|move: Protect
|-damage|p2a: Weezing|0 fnt
|faint|p2a: Weezing
|-end|p2a: Weezing|ability: Neutralizing Gas
|-ability|p1a: Incineroar|Intimidate|boost
|-unboost|p2b: Quaquaval|atk|1
|
|-damage|p1a: Incineroar|8/100 psn|[from] psn
|upkeep
|
|t:|1756625456
|switch|p2a: Gholdengo|Gholdengo, L50, tera:Steel|100/100
|turn|6
|
|t:|1756625473
|move|p2b: Quaquaval|Aqua Jet|p1a: Incineroar
|-supereffective|p1a: Incineroar
|-damage|p1a: Incineroar|0 fnt
|faint|p1a: Incineroar
|-ability|p2b: Quaquaval|Moxie|boost
|-boost|p2b: Quaquaval|atk|1
|move|p2a: Gholdengo|Make It Rain|p1b: Ursaluna
|-damage|p1b: Ursaluna|41/100
|-unboost|p2a: Gholdengo|spa|1
|move|p1b: Ursaluna|Hyper Voice|p2a: Gholdengo|[spread] p2a,p2b
|-resisted|p2a: Gholdengo
|-damage|p2a: Gholdengo|55/100
|-enditem|p2b: Quaquaval|Focus Sash
|-damage|p2b: Quaquaval|1/100
|
|upkeep
|turn|7
|
|t:|1756625493
|move|p2a: Gholdengo|Make It Rain|p1b: Ursaluna
|-damage|p1b: Ursaluna|4/100
|-unboost|p2a: Gholdengo|spa|1
|move|p2b: Quaquaval|Close Combat|p1b: Ursaluna
|-supereffective|p1b: Ursaluna
|-damage|p1b: Ursaluna|0 fnt
|-unboost|p2b: Quaquaval|def|1
|-unboost|p2b: Quaquaval|spd|1
|faint|p1b: Ursaluna
|
|win|ScuffedDestroya
|inactive|Delacruso has 30 seconds to confirm battle start!
|inactive|ScuffedDestroya has 30 seconds to confirm battle start!
||Delacruso is ready for game 2.
|l|☆ScuffedDestroya
|player|p2|
