|j|☆Juno48
|j|☆quailfish
|html|Juno48quailfish    
|uhtml|bestof|Game 1 of a best-of-3
|t:|1784791886
|gametype|doubles
|player|p1|Juno48|265|1136
|player|p2|quailfish|266|1164
|gen|9
|tier|[Gen 9 Champions] VGC 2026 Reg M-B (Bo3)
|rated|
|rule|Species Clause: Limit one of each Pokémon
|rule|Item Clause: Limit 1 of each item
|clearpoke
|poke|p1|Aerodactyl, L50, F|
|poke|p1|Kingambit, L50, F|
|poke|p1|Sylveon, L50, F|
|poke|p1|Garchomp, L50, F|
|poke|p1|Charizard, L50, F|
|poke|p1|Incineroar, L50, F|
|poke|p2|Swampert, L50, M|
|poke|p2|Pelipper, L50, F|
|poke|p2|Grimmsnarl, L50, M|
|poke|p2|Orthworm, L50, M|
|poke|p2|Chimecho, L50, F|
|poke|p2|Dragapult, L50, F|
|teampreview|4
|showteam|p1|Aerodactyl||Aerodactylite|Unnerve|RockSlide,IceFang,Tailwind,WideGuard|Jolly||F|||50|]Kingambit||FocusSash|Defiant|KowtowCleave,SuckerPunch,IronHead,Protect|Adamant||F|||50|]Sylveon||FairyFeather|Pixilate|Detect,HyperVoice,HyperBeam,QuickAttack|Modest||F|||50|]Garchomp||LifeOrb|RoughSkin|Earthquake,DragonClaw,StompingTantrum,Protect|Jolly||F|||50|]Charizard||CharizarditeY|Blaze|Protect,HeatWave,SolarBeam,WeatherBall|Modest||F|||50|]Incineroar||SitrusBerry|Intimidate|DarkestLariat,FlareBlitz,FakeOut,PartingShot|Impish||F|||50|
|showteam|p2|Swampert||Swampertite|Torrent|Earthquake,WaveCrash,Protect,FlipTurn|Adamant||M|||50|]Pelipper||FocusSash|Drizzle|Hurricane,Protect,MuddyWater,Tailwind|Modest||F|||50|]Grimmsnarl||LightClay|Prankster|PartingShot,Reflect,LightScreen,FakeOut|Careful||M|||50|]Orthworm||SitrusBerry|EarthEater|Protect,ShedTail,RockTomb,BodyPress|Impish||M|||50|]Chimecho||Chimechite|Levitate|Gravity,Psychic,Protect,Hypnosis|Modest||F|||50|]Dragapult||Leftovers|ClearBody|DragonDarts,WillOWisp,Uturn,Disable|Jolly||F|||50|
|inactive|Battle timer is ON: inactive players will automatically lose when time's up. (requested by quailfish)
|
|t:|1784791976
|teamsize|p1|4
|teamsize|p2|4
|start
|switch|p1a: Charizard|Charizard, L50, F|100/100
|switch|p1b: Garchomp|Garchomp, L50, F|100/100
|switch|p2a: Grimmsnarl|Grimmsnarl, L50, M|100/100
|switch|p2b: Swampert|Swampert, L50, M|100/100
|turn|1
|inactive|Juno48 has 30 seconds left.
|
|t:|1784792006
|switch|p1a: Incineroar|Incineroar, L50, F|100/100
|-ability|p1a: Incineroar|Intimidate|boost
|-unboost|p2a: Grimmsnarl|atk|1
|-unboost|p2b: Swampert|atk|1
|detailschange|p2b: Swampert|Swampert-Mega, L50, M
|-mega|p2b: Swampert|Swampert|Swampertite
|move|p2a: Grimmsnarl|Parting Shot|p1a: Incineroar
|-hint|Since gen 7, Dark is immune to Prankster moves.
|-immune|p1a: Incineroar
|move|p1b: Garchomp|Dragon Claw|p2b: Swampert
|-damage|p2b: Swampert|57/100
|-damage|p1b: Garchomp|90/100|[from] item: Life Orb
|move|p2b: Swampert|Flip Turn|p1a: Incineroar
|-supereffective|p1a: Incineroar|1
|-damage|p1a: Incineroar|64/100
|
|t:|1784792025
|switch|p2b: Dragapult|Dragapult, L50, F|100/100|[from] Flip Turn
|
|upkeep
|turn|2
|inactive|Juno48 has 30 seconds left.
|inactive|Juno48 has 20 seconds left.
|
|t:|1784792063
|move|p1b: Garchomp|Protect|p1b: Garchomp
|-singleturn|p1b: Garchomp|Protect
|move|p2a: Grimmsnarl|Parting Shot|p1b: Garchomp
|-activate|p1b: Garchomp|move: Protect
|move|p2b: Dragapult|Dragon Darts|p1a: Incineroar
|-damage|p1a: Incineroar|49/100
|-enditem|p1a: Incineroar|Sitrus Berry|[eat]
|-heal|p1a: Incineroar|73/100|[from] item: Sitrus Berry
|-anim|p2b: Dragapult|Dragon Darts|p1a: Incineroar
|-damage|p1a: Incineroar|60/100
|move|p1a: Incineroar|Parting Shot|p2a: Grimmsnarl
|-unboost|p2a: Grimmsnarl|atk|1
|-unboost|p2a: Grimmsnarl|spa|1
|
|t:|1784792076
|switch|p1a: Kingambit|Kingambit, L50, F|100/100|[from] Parting Shot
|
|upkeep
|turn|3
|inactive|Juno48 has 30 seconds left.
|
|t:|1784792107
|switch|p1b: Incineroar|Incineroar, L50, F|60/100
|-ability|p1b: Incineroar|Intimidate|boost
|-unboost|p2a: Grimmsnarl|atk|1
|-fail|p2b: Dragapult|unboost|[from] ability: Clear Body|[of] p2b: Dragapult
|move|p2a: Grimmsnarl|Reflect|p2a: Grimmsnarl
|-sidestart|p2: quailfish|Reflect
|move|p2b: Dragapult|Will-O-Wisp|p1a: Kingambit
|-status|p1a: Kingambit|brn
|move|p1a: Kingambit|Kowtow Cleave|p2b: Dragapult
|-supereffective|p2b: Dragapult|1
|-damage|p2b: Dragapult|69/100
|
|-heal|p2b: Dragapult|75/100|[from] item: Leftovers
|-damage|p1a: Kingambit|94/100 brn|[from] brn
|upkeep
|turn|4
|inactive|quailfish has 30 seconds left.
|inactive|quailfish has 20 seconds left.
|
|t:|1784792147
|move|p2a: Grimmsnarl|Light Screen|p2a: Grimmsnarl
|-sidestart|p2: quailfish|move: Light Screen
|move|p2b: Dragapult|U-turn|p1a: Kingambit
|-damage|p1a: Kingambit|78/100 brn
|
|t:|1784792153
|switch|p2b: Swampert|Swampert-Mega, L50, M|57/100|[from] U-turn
|move|p1a: Kingambit|Iron Head|p2a: Grimmsnarl
|-supereffective|p2a: Grimmsnarl|1
|-damage|p2a: Grimmsnarl|73/100
|move|p1b: Incineroar|Darkest Lariat|p2b: Swampert
|-damage|p2b: Swampert|40/100
|
|-damage|p1a: Kingambit|72/100 brn|[from] brn
|upkeep
|turn|5
|inactive|Juno48 has 30 seconds left.
|inactive|quailfish has 30 seconds left.
|
|t:|1784792187
|switch|p1b: Charizard|Charizard, L50, F|100/100
|switch|p2a: Pelipper|Pelipper, L50, F|100/100
|-weather|RainDance|[from] ability: Drizzle|[of] p2a: Pelipper
|move|p2b: Swampert|Flip Turn|p1a: Kingambit
|-damage|p1a: Kingambit|24/100 brn
|
|t:|1784792198
|switch|p2b: Dragapult|Dragapult, L50, F|75/100|[from] Flip Turn
|move|p1a: Kingambit|Kowtow Cleave|p2b: Dragapult
|-supereffective|p2b: Dragapult|1
|-damage|p2b: Dragapult|41/100
|
|-weather|RainDance|[upkeep]
|-heal|p2b: Dragapult|47/100|[from] item: Leftovers
|-damage|p1a: Kingambit|18/100 brn|[from] brn
|upkeep
|turn|6
|inactive|Juno48 has 30 seconds left.
|
|t:|1784792228
|detailschange|p1b: Charizard|Charizard-Mega-Y, L50, F
|-mega|p1b: Charizard|Charizard|Charizardite Y
|-weather|SunnyDay|[from] ability: Drought|[of] p1b: Charizard
|move|p1a: Kingambit|Sucker Punch||[still]
|-fail|p1a: Kingambit
|move|p2b: Dragapult|Disable|p1a: Kingambit
|-start|p1a: Kingambit|Disable|Sucker Punch
|move|p1b: Charizard|Heat Wave|p2b: Dragapult|[spread] p2a,p2b
|-resisted|p2a: Pelipper|1
|-crit|p2a: Pelipper
|-resisted|p2b: Dragapult|1
|-damage|p2a: Pelipper|28/100
|-damage|p2b: Dragapult|27/100
|move|p2a: Pelipper|Muddy Water|p1b: Charizard|[spread] p1a,p1b
|-supereffective|p1b: Charizard|1
|-damage|p1a: Kingambit|2/100 brn
|-damage|p1b: Charizard|71/100
|
|-weather|SunnyDay|[upkeep]
|-heal|p2b: Dragapult|33/100|[from] item: Leftovers
|-damage|p1a: Kingambit|0 fnt|[from] brn
|faint|p1a: Kingambit
|upkeep
|
|t:|1784792244
|switch|p1a: Incineroar|Incineroar, L50, F|60/100
|-ability|p1a: Incineroar|Intimidate|boost
|-unboost|p2a: Pelipper|atk|1
|-fail|p2b: Dragapult|unboost|[from] ability: Clear Body|[of] p2b: Dragapult
|turn|7
|
|t:|1784792262
|move|p2a: Pelipper|Protect|p2a: Pelipper
|-singleturn|p2a: Pelipper|Protect
|move|p2b: Dragapult|Disable|p1b: Charizard
|-start|p1b: Charizard|Disable|Heat Wave
|cant|p1b: Charizard|Disable|Heat Wave
|move|p1a: Incineroar|Parting Shot|p2b: Dragapult
|-fail|p2b: Dragapult|unboost|[from] ability: Clear Body|[of] p2b: Dragapult
|
|-weather|SunnyDay|[upkeep]
|-heal|p2b: Dragapult|40/100|[from] item: Leftovers
|upkeep
|turn|8
|
|t:|1784792286
|switch|p2a: Grimmsnarl|Grimmsnarl, L50, M|73/100
|move|p2b: Dragapult|Dragon Darts|p1b: Charizard
|-damage|p1b: Charizard|50/100g
|-anim|p2b: Dragapult|Dragon Darts|p1a: Incineroar
|-damage|p1a: Incineroar|45/100
|move|p1b: Charizard|Solar Beam||[still]
|-prepare|p1b: Charizard|Solar Beam
|-anim|p1b: Charizard|Solar Beam|p2a: Grimmsnarl
|-damage|p2a: Grimmsnarl|43/100
|move|p1a: Incineroar|Darkest Lariat|p2b: Dragapult
|-supereffective|p2b: Dragapult|1
|-damage|p2b: Dragapult|0 fnt
|faint|p2b: Dragapult
|
|-weather|SunnyDay|[upkeep]
|upkeep
|
|t:|1784792304
|switch|p2b: Swampert|Swampert-Mega, L50, M|40/100
|turn|9
|
|t:|1784792318
|switch|p2a: Pelipper|Pelipper, L50, F|28/100
|-weather|RainDance|[from] ability: Drizzle|[of] p2a: Pelipper
|switch|p1a: Garchomp|Garchomp, L50, F|90/100
|move|p1b: Charizard|Protect|p1b: Charizard
|-singleturn|p1b: Charizard|Protect
|move|p2b: Swampert|Flip Turn|p1b: Charizard
|-activate|p1b: Charizard|move: Protect
|
|-weather|RainDance|[upkeep]
|upkeep
|turn|10
|inactive|Juno48 has 30 seconds left.
|inactive|Juno48 has 20 seconds left.
|inactive|Juno48 has 15 seconds left.
|
|t:|1784792359
|switch|p1b: Incineroar|Incineroar, L50, F|45/100
|-ability|p1b: Incineroar|Intimidate|boost
|-unboost|p2a: Pelipper|atk|1
|-unboost|p2b: Swampert|atk|1
|move|p2b: Swampert|Wave Crash|p1a: Garchomp
|-damage|p1a: Garchomp|9/100
|-damage|p2b: Swampert|28/100|[from] ability: Rough Skin|[of] p1a: Garchomp
|-damage|p2b: Swampert|4/100|[from] Recoil
|move|p1a: Garchomp|Dragon Claw|p2a: Pelipper
|-damage|p2a: Pelipper|0 fnt
|faint|p2a: Pelipper
|-damage|p1a: Garchomp|0 fnt|[from] item: Life Orb
|faint|p1a: Garchomp
|
|-weather|RainDance|[upkeep]
|-sideend|p2: quailfish|Reflect
|upkeep
|
|t:|1784792377
|switch|p1a: Charizard|Charizard-Mega-Y, L50, F|50/100g
|switch|p2a: Grimmsnarl|Grimmsnarl, L50, M|43/100
|-weather|SunnyDay|[from] ability: Drought|[of] p1a: Charizard
|turn|11
|inactive|Juno48 has 30 seconds left.
|
|t:|1784792411
|move|p2b: Swampert|Protect|p2b: Swampert
|-singleturn|p2b: Swampert|Protect
|move|p2a: Grimmsnarl|Fake Out|p1a: Charizard
|-damage|p1a: Charizard|39/100
|move|p1b: Incineroar|Fake Out|p2a: Grimmsnarl
|-damage|p2a: Grimmsnarl|33/100
|cant|p1a: Charizard|flinch
|
|-weather|SunnyDay|[upkeep]
|-sideend|p2: quailfish|move: Light Screen
|upkeep
|turn|12
|inactive|Juno48 has 30 seconds left.
|
|t:|1784792436
|move|p2a: Grimmsnarl|Light Screen|p2a: Grimmsnarl
|-sidestart|p2: quailfish|move: Light Screen
|move|p1a: Charizard|Weather Ball|p2b: Swampert
|-resisted|p2b: Swampert|1
|-damage|p2b: Swampert|0 fnt
|faint|p2b: Swampert
|move|p1b: Incineroar|Flare Blitz|p2a: Grimmsnarl
|-damage|p2a: Grimmsnarl|0 fnt
|faint|p2a: Grimmsnarl
|-damage|p1b: Incineroar|34/100|[from] Recoil
|
|win|Juno48
|l|☆quailfish
|player|p2|
||quailfish is ready for game 2.
|inactive|Juno48 has 30 seconds to confirm battle start!
||Juno48 is ready for game 2.
|uhtml|next|Next: Game 2 of 3
