|j|☆jumeninja
|j|☆Worsuhluna
|html|jumeninjaWorsuhluna    
|uhtml|bestof|Game 1 of a best-of-3
|t:|1783097121
|gametype|doubles
|player|p1|jumeninja|gambler|1102
|player|p2|Worsuhluna|lance|1000
|gen|9
|tier|[Gen 9 Champions] VGC 2026 Reg M-B (Bo3)
|rated|
|rule|Species Clause: Limit one of each Pokémon
|rule|Item Clause: Limit 1 of each item
|clearpoke
|poke|p1|Beedrill, L50, F|
|poke|p1|Swampert, L50, M|
|poke|p1|Farigiraf, L50, M|
|poke|p1|Archaludon, L50, M|
|poke|p1|Pelipper, L50, F|
|poke|p1|Incineroar, L50, F|
|poke|p2|Staraptor, L50, F|
|poke|p2|Farigiraf, L50, F|
|poke|p2|Vileplume, L50, F|
|poke|p2|Aerodactyl, L50, F, shiny|
|poke|p2|Mawile, L50, M, shiny|
|poke|p2|Torkoal, L50, F, shiny|
|teampreview|4
|showteam|p1|Beedrill||Beedrillite|Swarm|PoisonJab,DrillRun,Uturn,Protect|Jolly||F|||50|]Swampert||Swampertite|Torrent|WaveCrash,HighHorsepower,RockSlide,Protect|Adamant||M|||50|]Farigiraf||SitrusBerry|ArmorTail|RainDance,Psychic,TrickRoom,HelpingHand|Bold||M|||50|]Archaludon||Leftovers|Stamina|FlashCannon,DragonPulse,ElectroShot,Protect|Modest||M|||50|]Pelipper||LifeOrb|Drizzle|WeatherBall,Hurricane,WideGuard,Tailwind|Modest||F|||50|]Incineroar||PasshoBerry|Intimidate|ThroatChop,FlareBlitz,PartingShot,FakeOut|Adamant||F|||50|
|showteam|p2|Staraptor||ChoiceScarf|Intimidate|FinalGambit,DualWingbeat,CloseCombat,Uturn|Jolly||F|||50|]Farigiraf||ColburBerry|ArmorTail|Psychic,TrickRoom,HelpingHand,Protect|Calm||F|||50|]Vileplume||FocusSash|Chlorophyll|SludgeBomb,SleepPowder,SolarBeam,AfterYou|Timid||F|||50|]Aerodactyl||Aerodactylite|Unnerve|RockSlide,DualWingbeat,Tailwind,WideGuard|Jolly||F|||50|]Mawile||Mawilite|Intimidate|IronHead,PlayRough,KnockOff,Protect|Adamant||M|||50|]Torkoal||Charcoal|Drought|Eruption,HeatWave,AncientPower,Protect|Quiet||F|||50|
|inactive|Battle timer is ON: inactive players will automatically lose when time's up. (requested by Worsuhluna)
|inactive|jumeninja has 60 seconds left.
|inactive|Worsuhluna has 60 seconds left.
|
|t:|1783097173
|teamsize|p1|4
|teamsize|p2|4
|start
|switch|p1a: Pelipper|Pelipper, L50, F|100/100
|switch|p1b: Incineroar|Incineroar, L50, F|100/100
|switch|p2a: Farigiraf|Farigiraf, L50, F|100/100
|switch|p2b: Aerodactyl|Aerodactyl, L50, F, shiny|100/100
|-ability|p2b: Aerodactyl|Unnerve
|-weather|RainDance|[from] ability: Drizzle|[of] p1a: Pelipper
|-ability|p1b: Incineroar|Intimidate|boost
|-unboost|p2a: Farigiraf|atk|1
|-unboost|p2b: Aerodactyl|atk|1
|turn|1
|
|t:|1783097191
|detailschange|p2b: Aerodactyl|Aerodactyl-Mega, L50, F, shiny
|-mega|p2b: Aerodactyl|Aerodactyl|Aerodactylite
|move|p1b: Incineroar|Fake Out||[still]
|cant|p2a: Farigiraf|ability: Armor Tail|Fake Out|[of] p1b: Incineroar
|move|p2b: Aerodactyl|Rock Slide|p1b: Incineroar|[spread] p1a,p1b
|-supereffective|p1a: Pelipper|1
|-supereffective|p1b: Incineroar|1
|-damage|p1a: Pelipper|55/100
|-damage|p1b: Incineroar|69/100
|move|p1a: Pelipper|Tailwind|p1a: Pelipper
|-sidestart|p1: jumeninja|move: Tailwind
|move|p2a: Farigiraf|Trick Room|p2a: Farigiraf
|-fieldstart|move: Trick Room|[of] p2a: Farigiraf
|
|-weather|RainDance|[upkeep]
|upkeep
|turn|2
|
|t:|1783097216
|move|p2a: Farigiraf|Psychic|p1a: Pelipper
|-damage|p1a: Pelipper|7/100
|move|p1b: Incineroar|Parting Shot|p2b: Aerodactyl
|-unboost|p2b: Aerodactyl|atk|1
|-unboost|p2b: Aerodactyl|spa|1
|
|t:|1783097221
|switch|p1b: Archaludon|Archaludon, L50, M|100/100|[from] Parting Shot
|move|p1a: Pelipper|Hurricane|p2a: Farigiraf
|-crit|p2a: Farigiraf
|-damage|p2a: Farigiraf|22/100
|-start|p2a: Farigiraf|confusion
|-damage|p1a: Pelipper|0 fnt|[from] item: Life Orb
|faint|p1a: Pelipper
|move|p2b: Aerodactyl|Dual Wingbeat|p1b: Archaludon
|-resisted|p1b: Archaludon|1
|-damage|p1b: Archaludon|95/100
|-ability|p1b: Archaludon|Stamina|boost
|-boost|p1b: Archaludon|def|1
|-resisted|p1b: Archaludon|1
|-damage|p1b: Archaludon|91/100
|-ability|p1b: Archaludon|Stamina|boost
|-boost|p1b: Archaludon|def|1
|-hitcount|p1b: Archaludon|2
|
|-weather|RainDance|[upkeep]
|-heal|p1b: Archaludon|97/100|[from] item: Leftovers
|upkeep
|
|t:|1783097234
|switch|p1a: Incineroar|Incineroar, L50, F|69/100
|-ability|p1a: Incineroar|Intimidate|boost
|-unboost|p2a: Farigiraf|atk|1
|-unboost|p2b: Aerodactyl|atk|1
|turn|3
|
|t:|1783097253
|-activate|p2a: Farigiraf|confusion
|move|p2a: Farigiraf|Protect|p2a: Farigiraf
|-singleturn|p2a: Farigiraf|Protect
|move|p1a: Incineroar|Throat Chop|p2a: Farigiraf
|-activate|p2a: Farigiraf|move: Protect
|move|p1b: Archaludon|Electro Shot||[still]
|-prepare|p1b: Archaludon|Electro Shot
|-boost|p1b: Archaludon|spa|1
|-anim|p1b: Archaludon|Electro Shot|p2b: Aerodactyl
|-supereffective|p2b: Aerodactyl|1
|-damage|p2b: Aerodactyl|0 fnt
|faint|p2b: Aerodactyl
|
|-weather|RainDance|[upkeep]
|-heal|p1b: Archaludon|100/100|[from] item: Leftovers
|upkeep
|
|t:|1783097263
|switch|p2b: Torkoal|Torkoal, L50, F, shiny|100/100
|-weather|SunnyDay|[from] ability: Drought|[of] p2b: Torkoal
|turn|4
|
|t:|1783097275
|-activate|p2a: Farigiraf|confusion
|-damage|p2a: Farigiraf|18/100|[from] confusion
|move|p2b: Torkoal|Eruption|p1a: Incineroar|[spread] p1a,p1b
|-resisted|p1a: Incineroar|1
|-damage|p1a: Incineroar|29/100
|-damage|p1b: Archaludon|26/100
|-ability|p1b: Archaludon|Stamina|boost
|-boost|p1b: Archaludon|def|1
|move|p1a: Incineroar|Parting Shot|p2b: Torkoal
|-unboost|p2b: Torkoal|atk|1
|-unboost|p2b: Torkoal|spa|1
|
|t:|1783097285
|switch|p1a: Beedrill|Beedrill, L50, F|100/100|[from] Parting Shot
|move|p1b: Archaludon|Electro Shot||[still]
|-prepare|p1b: Archaludon|Electro Shot
|-boost|p1b: Archaludon|spa|1
|
|-weather|SunnyDay|[upkeep]
|-heal|p1b: Archaludon|32/100|[from] item: Leftovers
|-sideend|p1: jumeninja|move: Tailwind
|upkeep
|turn|5
|
|t:|1783097297
|move|p1a: Beedrill|Protect|p1a: Beedrill
|-singleturn|p1a: Beedrill|Protect
|move|p2b: Torkoal|Eruption|p1b: Archaludon|[spread] p1b
|-activate|p1a: Beedrill|move: Protect
|-damage|p1b: Archaludon|0 fnt
|faint|p1b: Archaludon
|-activate|p2a: Farigiraf|confusion
|move|p2a: Farigiraf|Psychic|p1a: Beedrill
|-activate|p1a: Beedrill|move: Protect
|
|-weather|SunnyDay|[upkeep]
|-fieldend|move: Trick Room
|upkeep
|
|t:|1783097298
|switch|p1b: Incineroar|Incineroar, L50, F|29/100
|-ability|p1b: Incineroar|Intimidate|boost
|-unboost|p2a: Farigiraf|atk|1
|-unboost|p2b: Torkoal|atk|1
|turn|6
|
|t:|1783097311
|detailschange|p1a: Beedrill|Beedrill-Mega, L50, F
|-mega|p1a: Beedrill|Beedrill|Beedrillite
|-activate|p2a: Farigiraf|confusion
|-damage|p2a: Farigiraf|15/100|[from] confusion
|move|p1a: Beedrill|Drill Run|p2b: Torkoal
|-supereffective|p2b: Torkoal|1
|-damage|p2b: Torkoal|51/100
|move|p1b: Incineroar|Throat Chop|p2a: Farigiraf
|-supereffective|p2a: Farigiraf|1
|-enditem|p2a: Farigiraf|Colbur Berry|[eat]
|-enditem|p2a: Farigiraf|Colbur Berry|[weaken]
|-damage|p2a: Farigiraf|0 fnt
|faint|p2a: Farigiraf
|move|p2b: Torkoal|Heat Wave|p1a: Beedrill|[spread] p1a,p1b
|-supereffective|p1a: Beedrill|1
|-resisted|p1b: Incineroar|1
|-damage|p1a: Beedrill|0 fnt
|-damage|p1b: Incineroar|12/100
|faint|p1a: Beedrill
|
|-weather|SunnyDay|[upkeep]
|upkeep
|-message|jumeninja forfeited.
|
|win|Worsuhluna
|l|☆jumeninja
|player|p1|
||jumeninja is ready for game 2.
|c|☆Worsuhluna|gr
|inactive|Worsuhluna has 30 seconds to confirm battle start!
