|j|☆OdieVGC
|j|☆cesspollon
|html|OdieVGCcesspollon    
|uhtml|bestof|Game 1 of a best-of-3
|t:|1783277703
|gametype|doubles
|player|p1|OdieVGC|2|1111
|player|p2|cesspollon|tuberf|1049
|gen|9
|tier|[Gen 9 Champions] VGC 2026 Reg M-B (Bo3)
|rated|
|rule|Species Clause: Limit one of each Pokémon
|rule|Item Clause: Limit 1 of each item
|clearpoke
|poke|p1|Primarina, L50, F|
|poke|p1|Staraptor, L50, M, shiny|
|poke|p1|Delphox, L50, M, shiny|
|poke|p1|Garchomp, L50, M|
|poke|p1|Grimmsnarl, L50, M|
|poke|p1|Sinistcha-Masterpiece, L50, shiny|
|poke|p2|Ninetales, L50, F|
|poke|p2|Blaziken, L50, M|
|poke|p2|Torkoal, L50, M|
|poke|p2|Venusaur, L50, M|
|poke|p2|Overqwil, L50, M|
|poke|p2|Scovillain, L50, M|
|teampreview|4
|showteam|p1|Primarina||Leftovers|LiquidVoice|Protect,HyperVoice,CalmMind,Moonblast|Modest||F|||50|]Staraptor||Staraptite|Intimidate|Protect,BraveBird,Tailwind,CloseCombat|Jolly||M|||50|]Delphox||Delphoxite|Blaze|Protect,HeatWave,Encore,Psychic|Timid||M|||50|]Garchomp||LifeOrb|RoughSkin|Protect,DragonClaw,RockSlide,StompingTantrum|Jolly||M|||50|]Grimmsnarl||LightClay|Prankster|SpiritBreak,Reflect,LightScreen,PartingShot|Careful||M|||50|]Sinistcha-Masterpiece||KasibBerry|Hospitality|Protect,MatchaGotcha,RagePowder,StrengthSap|Bold|||||50|
|showteam|p2|Ninetales||Charcoal|Drought|HeatWave,SolarBeam,Psyshock,Protect|Modest||F|||50|]Blaziken||Blazikenite|SpeedBoost|BlazeKick,CloseCombat,RockSlide,Protect|Adamant||M|||50|]Torkoal||WiseGlasses|Drought|Eruption,HeatWave,BodyPress,Protect|Relaxed||M|||50|]Venusaur||ZoomLens|Chlorophyll|EnergyBall,SludgeBomb,SleepPowder,Synthesis|Serious||M|||50|]Overqwil||Leftovers|Intimidate|ThroatChop,PoisonJab,Waterfall,Protect|Serious||M|||50|]Scovillain||SitrusBerry|Chlorophyll|FlareBlitz,SolarBeam,ZenHeadbutt,RagePowder|Lonely||M|||50|
|inactive|Battle timer is ON: inactive players will automatically lose when time's up. (requested by cesspollon)
|inactive|OdieVGC has 60 seconds left.
|inactive|OdieVGC has 30 seconds left.
|inactive|OdieVGC has 20 seconds left.
|inactive|OdieVGC has 15 seconds left.
|inactive|OdieVGC has 10 seconds left.
|inactive|OdieVGC has 5 seconds left.
|
|t:|1783277799
|teamsize|p1|4
|teamsize|p2|4
|start
|switch|p1a: Delphox|Delphox, L50, M, shiny|100/100
|switch|p1b: Grimmsnarl|Grimmsnarl, L50, M|100/100
|switch|p2a: Ninetales|Ninetales, L50, F|100/100
|switch|p2b: Venusaur|Venusaur, L50, M|100/100
|-weather|SunnyDay|[from] ability: Drought|[of] p2a: Ninetales
|turn|1
|inactive|OdieVGC has 30 seconds left.
|inactive|OdieVGC has 20 seconds left.
|
|t:|1783277835
|detailschange|p1a: Delphox|Delphox-Mega, L50, M, shiny
|-mega|p1a: Delphox|Delphox|Delphoxite
|move|p1b: Grimmsnarl|Light Screen|p1b: Grimmsnarl
|-sidestart|p1: OdieVGC|move: Light Screen
|move|p2b: Venusaur|Sleep Powder|p1a: Delphox
|-status|p1a: Delphox|slp|[from] move: Sleep Powder
|cant|p1a: Delphox|slp
|move|p2a: Ninetales|Heat Wave|p1a: Delphox|[spread] p1a,p1b
|-resisted|p1a: Delphox|1
|-damage|p1a: Delphox|83/100 slp
|-damage|p1b: Grimmsnarl|68/100
|
|-weather|SunnyDay|[upkeep]
|upkeep
|turn|2
|inactive|OdieVGC has 30 seconds left.
|
|t:|1783277863
|move|p2b: Venusaur|Sludge Bomb|p1b: Grimmsnarl
|-supereffective|p1b: Grimmsnarl|1
|-damage|p1b: Grimmsnarl|21/100
|-curestatus|p1a: Delphox|slp|[msg]
|move|p1a: Delphox|Heat Wave|p2a: Ninetales|[spread] p2b
|-miss|p1a: Delphox|p2a: Ninetales
|-supereffective|p2b: Venusaur|1
|-damage|p2b: Venusaur|0 fnt
|faint|p2b: Venusaur
|move|p2a: Ninetales|Heat Wave|p1b: Grimmsnarl|[spread] p1b
|-miss|p2a: Ninetales|p1a: Delphox
|-damage|p1b: Grimmsnarl|0 fnt
|faint|p1b: Grimmsnarl
|
|-weather|SunnyDay|[upkeep]
|upkeep
|
|t:|1783277887
|switch|p2b: Scovillain|Scovillain, L50, M|100/100
|switch|p1b: Primarina|Primarina, L50, F|100/100
|turn|3
|
|t:|1783277910
|move|p1a: Delphox|Protect|p1a: Delphox
|-singleturn|p1a: Delphox|Protect
|move|p1b: Primarina|Protect|p1b: Primarina
|-singleturn|p1b: Primarina|Protect
|move|p2b: Scovillain|Solar Beam||[still]
|-prepare|p2b: Scovillain|Solar Beam
|-anim|p2b: Scovillain|Solar Beam|p1b: Primarina
|-activate|p1b: Primarina|move: Protect
|move|p2a: Ninetales|Heat Wave|p1b: Primarina|[spread] 
|-activate|p1a: Delphox|move: Protect
|-activate|p1b: Primarina|move: Protect
|
|-weather|SunnyDay|[upkeep]
|upkeep
|turn|4
|inactive|OdieVGC has 30 seconds left.
|
|t:|1783277937
|switch|p1b: Sinistcha|Sinistcha-Masterpiece, L50, shiny|100/100
|-heal|p1a: Delphox|100/100|[from] ability: Hospitality|[of] p1b: Sinistcha
|move|p2b: Scovillain|Solar Beam||[still]
|-prepare|p2b: Scovillain|Solar Beam
|-anim|p2b: Scovillain|Solar Beam|p1b: Sinistcha
|-resisted|p1b: Sinistcha|1
|-damage|p1b: Sinistcha|82/100
|move|p1a: Delphox|Encore|p2b: Scovillain
|-start|p2b: Scovillain|Encore
|move|p2a: Ninetales|Heat Wave|p1b: Sinistcha|[spread] p1a,p1b
|-resisted|p1a: Delphox|1
|-supereffective|p1b: Sinistcha|1
|-damage|p1a: Delphox|84/100
|-damage|p1b: Sinistcha|6/100
|
|-weather|SunnyDay|[upkeep]
|upkeep
|turn|5
|inactive|OdieVGC has 30 seconds left.
|
|t:|1783277967
|move|p1b: Sinistcha|Protect|p1b: Sinistcha
|-singleturn|p1b: Sinistcha|Protect
|move|p2b: Scovillain|Solar Beam||[still]
|-prepare|p2b: Scovillain|Solar Beam
|-anim|p2b: Scovillain|Solar Beam|p1a: Delphox
|-resisted|p1a: Delphox|1
|-damage|p1a: Delphox|70/100
|move|p1a: Delphox|Psychic|p2a: Ninetales
|-damage|p2a: Ninetales|52/100
|move|p2a: Ninetales|Heat Wave|p1a: Delphox|[spread] 
|-activate|p1b: Sinistcha|move: Protect
|-miss|p2a: Ninetales|p1a: Delphox
|
|-weather|none
|upkeep
|turn|6
|inactive|OdieVGC has 30 seconds left.
|inactive|OdieVGC has 20 seconds left.
|inactive|OdieVGC has 15 seconds left.
|inactive|cesspollon has 30 seconds left.
|inactive|OdieVGC has 10 seconds left.
|inactive|OdieVGC has 5 seconds left.
|
|t:|1783278019
|switch|p2b: Blaziken|Blaziken, L50, M|100/100
|move|p1b: Sinistcha|Protect||[still]
|-fail|p1b: Sinistcha
|move|p1a: Delphox|Heat Wave|p2b: Blaziken|[spread] p2a,p2b
|-resisted|p2a: Ninetales|1
|-resisted|p2b: Blaziken|1
|-damage|p2a: Ninetales|32/100
|-damage|p2b: Blaziken|75/100
|move|p2a: Ninetales|Heat Wave|p1b: Sinistcha|[spread] p1a,p1b
|-resisted|p1a: Delphox|1
|-supereffective|p1b: Sinistcha|1
|-damage|p1a: Delphox|59/100
|-damage|p1b: Sinistcha|0 fnt
|faint|p1b: Sinistcha
|
|upkeep
|
|t:|1783278029
|switch|p1b: Primarina|Primarina, L50, F|100/100
|turn|7
|
|t:|1783278041
|detailschange|p2b: Blaziken|Blaziken-Mega, L50, M
|-mega|p2b: Blaziken|Blaziken|Blazikenite
|move|p1a: Delphox|Protect|p1a: Delphox
|-singleturn|p1a: Delphox|Protect
|move|p2b: Blaziken|Protect|p2b: Blaziken
|-singleturn|p2b: Blaziken|Protect
|move|p2a: Ninetales|Solar Beam||[still]
|-prepare|p2a: Ninetales|Solar Beam
|move|p1b: Primarina|Calm Mind|p1b: Primarina
|-boost|p1b: Primarina|spa|1
|-boost|p1b: Primarina|spd|1
|
|-ability|p2b: Blaziken|Speed Boost|boost
|-boost|p2b: Blaziken|spe|1
|upkeep
|turn|8
|
|t:|1783278064
|move|p1b: Primarina|Protect|p1b: Primarina
|-singleturn|p1b: Primarina|Protect
|move|p1a: Delphox|Psychic|p2b: Blaziken
|-supereffective|p2b: Blaziken|1
|-crit|p2b: Blaziken
|-damage|p2b: Blaziken|0 fnt
|faint|p2b: Blaziken
|move|p2a: Ninetales|Solar Beam|p1b: Primarina|[from] lockedmove
|-activate|p1b: Primarina|move: Protect
|
|-sideend|p1: OdieVGC|move: Light Screen
|upkeep
|
|t:|1783278072
|switch|p2b: Scovillain|Scovillain, L50, M|100/100
|turn|9
|-message|cesspollon forfeited.
|
|win|OdieVGC
|l|☆cesspollon
|player|p2|
||cesspollon is ready for game 2.
||OdieVGC is ready for game 2.
|uhtml|next|Next: Game 2 of 3
