|j|☆TapuYolo VGC
|j|☆Adrinhoo
|html|TapuYolo VGCAdrinhoo    
|uhtml|bestof|Game 2 of a best-of-3
|t:|1756319701
|gametype|doubles
|player|p1|TapuYolo VGC|iris|
|player|p2|Adrinhoo|pokekid|
|gen|9
|tier|[Gen 9] VGC 2025 Reg H (Bo3)
|rule|Species Clause: Limit one of each Pokémon
|rule|Item Clause: Limit 1 of each item
|clearpoke
|poke|p1|Gholdengo, L50|
|poke|p1|Weezing-Galar, L50, M|
|poke|p1|Toedscruel, L50, M|
|poke|p1|Slaking, L50, F|
|poke|p1|Electrode, L50|
|poke|p1|Smeargle, L50, F|
|poke|p2|Gholdengo, L50|
|poke|p2|Incineroar, L50, M|
|poke|p2|Ursaluna, L50, F|
|poke|p2|Sinistcha, L50|
|poke|p2|Sneasler, L50, M|
|poke|p2|Dragonite, L50, F|
|teampreview|4
|showteam|p1|Gholdengo||ChoiceSpecs|GoodasGold|MakeItRain,ShadowBall,Thunderbolt,PowerGem||||||50|,,,,,Steel]Weezing-Galar||SitrusBerry|NeutralizingGas|StrangeSteam,ClearSmog,Taunt,Protect|||M|||50|,,,,,Grass]Toedscruel||CovertCloak|MyceliumMight|EarthPower,Spore,RagePowder,Protect|||M|||50|,,,,,Water]Slaking||Leftovers|Truant|BodySlam,KnockOff,BulkUp,Protect|||F|||50|,,,,,Poison]Electrode||WideLens|Static|Electroweb,VoltSwitch,MetalSound,Protect||||||50|,,,,,Ghost]Smeargle||FocusSash|Moody|FakeOut,FollowMe,SkillSwap,Spore|||F|||50|,,,,,Ghost
|showteam|p2|Gholdengo||LifeOrb|GoodasGold|MakeItRain,ShadowBall,NastyPlot,Protect||||||50|,,,,,Water]Incineroar||AssaultVest|Intimidate|FakeOut,Uturn,KnockOff,FlareBlitz|||M|||50|,,,,,Ghost]Ursaluna||FlameOrb|Guts|Earthquake,Facade,HeadlongRush,Protect|||F|||50|,,,,,Ghost]Sinistcha||SitrusBerry|Hospitality|MatchaGotcha,LifeDew,RagePowder,TrickRoom||||||50|,,,,,Dark]Sneasler||FocusSash|PoisonTouch|DireClaw,CloseCombat,Coaching,Protect|||M|||50|,,,,,Flying]Dragonite||LoadedDice|Multiscale|ScaleShot,Haze,Tailwind,Protect|||F|||50|,,,,,Fairy
|inactive|Battle timer is ON: inactive players will automatically lose when time's up. (requested by Adrinhoo)
|inactive|TapuYolo VGC also wants the timer to be on.
|
|t:|1756319718
|teamsize|p1|4
|teamsize|p2|4
|start
|switch|p1a: Gholdengo|Gholdengo, L50|100/100
|switch|p1b: Electrode|Electrode, L50|100/100
|switch|p2a: Sinistcha|Sinistcha, L50|100/100
|switch|p2b: Incineroar|Incineroar, L50, M|100/100
|-ability|p2b: Incineroar|Intimidate|boost
|-unboost|p1a: Gholdengo|atk|1
|-unboost|p1b: Electrode|atk|1
|turn|1
|inactive|Adrinhoo has 30 seconds left.
|inactive|TapuYolo VGC has 30 seconds left.
|
|t:|1756319757
|switch|p2a: Gholdengo|Gholdengo, L50, shiny|100/100
|-terastallize|p1a: Gholdengo|Steel
|move|p1b: Electrode|Volt Switch|p2b: Incineroar
|-damage|p2b: Incineroar|82/100
|
|t:|1756319764
|switch|p1b: Slaking|Slaking, L50, F|100/100|[from] Volt Switch
|move|p1a: Gholdengo|Make It Rain|p2b: Incineroar|[spread] p2a,p2b
|-resisted|p2a: Gholdengo
|-resisted|p2b: Incineroar
|-damage|p2a: Gholdengo|41/100
|-damage|p2b: Incineroar|50/100
|-unboost|p1a: Gholdengo|spa|1
|move|p2b: Incineroar|Flare Blitz|p1a: Gholdengo
|-supereffective|p1a: Gholdengo
|-damage|p1a: Gholdengo|0 fnt
|faint|p1a: Gholdengo
|-damage|p2b: Incineroar|23/100|[from] Recoil
|
|upkeep
|
|t:|1756319777
|switch|p1a: Electrode|Electrode, L50|100/100
|turn|2
|
|t:|1756319802
|move|p2a: Gholdengo|Protect|p2a: Gholdengo
|-singleturn|p2a: Gholdengo|Protect
|move|p1a: Electrode|Volt Switch|p2a: Gholdengo
|-activate|p2a: Gholdengo|move: Protect
|move|p1b: Slaking|Body Slam|p2b: Incineroar
|-damage|p2b: Incineroar|0 fnt
|faint|p2b: Incineroar
|
|upkeep
|
|t:|1756319806
|switch|p2b: Sinistcha|Sinistcha, L50|100/100
|-heal|p2a: Gholdengo|66/100|[from] ability: Hospitality|[of] p2b: Sinistcha
|turn|3
|inactive|Adrinhoo has 30 seconds left.
|inactive|Adrinhoo has 20 seconds left.
|
|t:|1756319845
|-terastallize|p2b: Sinistcha|Dark
|move|p1a: Electrode|Volt Switch|p2a: Gholdengo
|-damage|p2a: Gholdengo|38/100
|
|t:|1756319850
|switch|p1a: Weezing|Weezing-Galar, L50, M|100/100|[from] Volt Switch
|-ability|p1a: Weezing|Neutralizing Gas
|move|p2a: Gholdengo|Make It Rain|p1b: Slaking|[spread] p1a,p1b
|-supereffective|p1a: Weezing
|-crit|p1a: Weezing
|-crit|p1b: Slaking
|-damage|p1a: Weezing|0 fnt
|-damage|p1b: Slaking|21/100
|-unboost|p2a: Gholdengo|spa|1
|faint|p1a: Weezing
|-end|p1a: Weezing|ability: Neutralizing Gas
|-heal|p2a: Gholdengo|63/100|[from] ability: Hospitality|[of] p2b: Sinistcha
|-damage|p2a: Gholdengo|54/100|[from] item: Life Orb
|move|p1b: Slaking|Knock Off|p2b: Sinistcha
|-resisted|p2b: Sinistcha
|-damage|p2b: Sinistcha|83/100
|-enditem|p2b: Sinistcha|Sitrus Berry|[from] move: Knock Off|[of] p1b: Slaking
|move|p2b: Sinistcha|Trick Room|p2b: Sinistcha
|-fieldstart|move: Trick Room|[of] p2b: Sinistcha
|
|-heal|p1b: Slaking|27/100|[from] item: Leftovers
|upkeep
|
|t:|1756319860
|switch|p1a: Electrode|Electrode, L50|100/100
|turn|4
|
|t:|1756319867
|cant|p1b: Slaking|ability: Truant
|move|p2b: Sinistcha|Matcha Gotcha|p1b: Slaking|[spread] 
|-miss|p2b: Sinistcha|p1a: Electrode
|-miss|p2b: Sinistcha|p1b: Slaking
|move|p2a: Gholdengo|Nasty Plot|p2a: Gholdengo
|-boost|p2a: Gholdengo|spa|2
|move|p1a: Electrode|Volt Switch|p2a: Gholdengo
|-damage|p2a: Gholdengo|22/100
|
|-heal|p1b: Slaking|33/100|[from] item: Leftovers
|upkeep
|turn|5
|
|t:|1756319884
|move|p1b: Slaking|Protect|p1b: Slaking
|-singleturn|p1b: Slaking|Protect
|move|p2b: Sinistcha|Matcha Gotcha|p1a: Electrode|[spread] p1a
|-activate|p1b: Slaking|move: Protect
|-damage|p1a: Electrode|63/100
|-heal|p2b: Sinistcha|98/100|[from] drain|[of] p1a: Electrode
|move|p2a: Gholdengo|Make It Rain|p1b: Slaking|[spread] p1a
|-activate|p1b: Slaking|move: Protect
|-resisted|p1a: Electrode
|-damage|p1a: Electrode|0 fnt
|-unboost|p2a: Gholdengo|spa|1
|faint|p1a: Electrode
|-damage|p2a: Gholdengo|12/100|[from] item: Life Orb
|
|-heal|p1b: Slaking|40/100|[from] item: Leftovers
|upkeep
|turn|6
|
|t:|1756319898
|move|p2b: Sinistcha|Matcha Gotcha|p1b: Slaking
|-damage|p1b: Slaking|4/100
|-heal|p2b: Sinistcha|100/100|[from] drain|[of] p1b: Slaking
|cant|p1b: Slaking|ability: Truant
|move|p2a: Gholdengo|Make It Rain|p1b: Slaking
|-damage|p1b: Slaking|0 fnt
|-unboost|p2a: Gholdengo|spa|1
|faint|p1b: Slaking
|-damage|p2a: Gholdengo|3/100|[from] item: Life Orb
|
|win|Adrinhoo
|c|☆TapuYolo VGC|GGs
|c|☆Adrinhoo|GGWP
|c|☆Adrinhoo|ya le paso las replays
