|j|☆grapejuiceplaysyt
|j|☆merrypasta
|html|grapejuiceplaysytmerrypasta    
|uhtml|bestof|Game 2 of a best-of-3
|t:|1756707259
|gametype|doubles
|player|p1|grapejuiceplaysyt|roughneck-gen4|1080
|player|p2|merrypasta|carmine|1125
|gen|9
|tier|[Gen 9] VGC 2025 Reg H (Bo3)
|rated|
|rule|Species Clause: Limit one of each Pokémon
|rule|Item Clause: Limit 1 of each item
|clearpoke
|poke|p1|Charizard, L50, F|
|poke|p1|Torkoal, L50, M|
|poke|p1|Porygon2, L50|
|poke|p1|Incineroar, L50, M|
|poke|p1|Jumpluff, L50, F|
|poke|p1|Ursaluna, L50, M|
|poke|p2|Gothitelle, L50, F|
|poke|p2|Politoed, L50, F|
|poke|p2|Annihilape, L50, M|
|poke|p2|Incineroar, L50, M|
|poke|p2|Sinistcha, L50|
|poke|p2|Ursaluna, L50, F|
|teampreview|4
|showteam|p1|Charizard||ChoiceSpecs|SolarPower|HeatWave,Overheat,WeatherBall,AirSlash|||F|||50|,,,,,Ghost]Torkoal||EjectPack|Drought|Eruption,Overheat,HelpingHand,Protect|||M|||50|,,,,,Fire]Porygon2||Eviolite|Download|TeraBlast,IceBeam,Recover,TrickRoom||||||50|,,,,,Fighting]Incineroar||SitrusBerry|Intimidate|FlareBlitz,KnockOff,FakeOut,PartingShot|||M|||50|,,,,,Ghost]Jumpluff||CovertCloak|Chlorophyll|SleepPowder,SunnyDay,RagePowder,Tailwind|||F|||50|,,,,,Water]Ursaluna||FlameOrb|Guts|HeadlongRush,Facade,Earthquake,Protect|||M|||50|,,,,,Ghost
|showteam|p2|Gothitelle||SitrusBerry|ShadowTag|Psychic,FakeOut,Protect,TrickRoom|||F|||50|,,,,,Water]Politoed||CovertCloak|Drizzle|WeatherBall,PerishSong,Protect,HelpingHand|||F|||50|,,,,,Grass]Annihilape||SafetyGoggles|Defiant|RageFist,DrainPunch,Protect,BulkUp|||M|||50|,,,,,Fairy]Incineroar||RockyHelmet|Intimidate|KnockOff,FakeOut,Protect,PartingShot|||M|||50|,,,,,Bug]Sinistcha||LifeOrb|Hospitality|MatchaGotcha,RagePowder,Protect,TrickRoom||||||50|,,,,,Dark]Ursaluna||FlameOrb|Guts|Facade,HeadlongRush,Protect,Earthquake|||F|||50|,,,,,Ghost
|
|t:|1756707278
|teamsize|p1|4
|teamsize|p2|4
|start
|switch|p1a: Jumpluff|Jumpluff, L50, F|100/100
|switch|p1b: Torkoal|Torkoal, L50, M|100/100
|switch|p2a: Annihilape|Annihilape, L50, M|100/100
|switch|p2b: Gothitelle|Gothitelle, L50, F|100/100
|-weather|SunnyDay|[from] ability: Drought|[of] p1b: Torkoal
|turn|1
|inactive|Battle timer is ON: inactive players will automatically lose when time's up. (requested by grapejuiceplaysyt)
|
|t:|1756707304
|move|p2b: Gothitelle|Fake Out|p1b: Torkoal
|-damage|p1b: Torkoal|96/100
|move|p1a: Jumpluff|Sleep Powder|p2b: Gothitelle|[miss]
|-miss|p1a: Jumpluff|p2b: Gothitelle
|move|p2a: Annihilape|Bulk Up|p2a: Annihilape
|-boost|p2a: Annihilape|atk|1
|-boost|p2a: Annihilape|def|1
|cant|p1b: Torkoal|flinch
|
|-weather|SunnyDay|[upkeep]
|upkeep
|turn|2
|
|t:|1756707321
|switch|p2b: Politoed|Politoed, L50, F|100/100
|-weather|RainDance|[from] ability: Drizzle|[of] p2b: Politoed
|move|p1a: Jumpluff|Tailwind|p1a: Jumpluff
|-sidestart|p1: grapejuiceplaysyt|move: Tailwind
|move|p2a: Annihilape|Rage Fist|p1a: Jumpluff
|-damage|p1a: Jumpluff|64/100
|move|p1b: Torkoal|Overheat|p2a: Annihilape
|-damage|p2a: Annihilape|77/100
|-unboost|p1b: Torkoal|spa|2
|-enditem|p1b: Torkoal|Eject Pack
|
|t:|1756707334
|switch|p1b: Ursaluna|Ursaluna, L50, M|100/100
|
|-weather|RainDance|[upkeep]
|-status|p1b: Ursaluna|brn|[from] item: Flame Orb
|upkeep
|turn|3
|inactive|grapejuiceplaysyt has 30 seconds left.
|
|t:|1756707361
|move|p1a: Jumpluff|Rage Powder|p1a: Jumpluff
|-singleturn|p1a: Jumpluff|move: Rage Powder
|move|p1b: Ursaluna|Facade|p2b: Politoed
|-crit|p2b: Politoed
|-damage|p2b: Politoed|0 fnt
|faint|p2b: Politoed
|move|p2a: Annihilape|Rage Fist|p1b: Ursaluna
|-immune|p1b: Ursaluna
|
|-weather|RainDance|[upkeep]
|-damage|p1b: Ursaluna|95/100 brn|[from] brn
|upkeep
|c|☆merrypasta|oof
|
|t:|1756707374
|switch|p2b: Gothitelle|Gothitelle, L50, F|100/100
|turn|4
|
|t:|1756707390
|move|p1b: Ursaluna|Protect|p1b: Ursaluna
|-singleturn|p1b: Ursaluna|Protect
|move|p2b: Gothitelle|Fake Out|p1b: Ursaluna
|-activate|p1b: Ursaluna|move: Protect
|move|p1a: Jumpluff|Sleep Powder|p2b: Gothitelle
|-status|p2b: Gothitelle|slp|[from] move: Sleep Powder
|move|p2a: Annihilape|Rage Fist|p1b: Ursaluna
|-activate|p1b: Ursaluna|move: Protect
|
|-weather|RainDance|[upkeep]
|-damage|p1b: Ursaluna|89/100 brn|[from] brn
|upkeep
|turn|5
|
|t:|1756707412
|move|p1a: Jumpluff|Sunny Day|p1a: Jumpluff
|-weather|SunnyDay
|move|p1b: Ursaluna|Facade|p2b: Gothitelle
|-damage|p2b: Gothitelle|0 fnt
|faint|p2b: Gothitelle
|move|p2a: Annihilape|Drain Punch|p1b: Ursaluna
|-supereffective|p1b: Ursaluna
|-crit|p1b: Ursaluna
|-damage|p1b: Ursaluna|0 fnt
|-heal|p2a: Annihilape|100/100|[from] drain|[of] p1b: Ursaluna
|faint|p1b: Ursaluna
|
|-weather|SunnyDay|[upkeep]
|-sideend|p1: grapejuiceplaysyt|move: Tailwind
|upkeep
|
|t:|1756707418
|switch|p2b: Ursaluna|Ursaluna, L50, F|100/100
|switch|p1b: Porygon2|Porygon2, L50|100/100
|-ability|p1b: Porygon2|Download|boost
|-boost|p1b: Porygon2|spa|1
|turn|6
|inactive|grapejuiceplaysyt has 30 seconds left.
|
|t:|1756707443
|move|p2b: Ursaluna|Protect|p2b: Ursaluna
|-singleturn|p2b: Ursaluna|Protect
|move|p1a: Jumpluff|Tailwind|p1a: Jumpluff
|-sidestart|p1: grapejuiceplaysyt|move: Tailwind
|move|p1b: Porygon2|Ice Beam|p2b: Ursaluna
|-activate|p2b: Ursaluna|move: Protect
|move|p2a: Annihilape|Rage Fist|p1a: Jumpluff
|-damage|p1a: Jumpluff|0 fnt
|faint|p1a: Jumpluff
|
|-weather|SunnyDay|[upkeep]
|-status|p2b: Ursaluna|brn|[from] item: Flame Orb
|upkeep
|
|t:|1756707446
|switch|p1a: Torkoal|Torkoal, L50, M|96/100
|turn|7
|
|t:|1756707462
|-terastallize|p1b: Porygon2|Fighting
|-terastallize|p2b: Ursaluna|Ghost
|move|p1b: Porygon2|Ice Beam|p2b: Ursaluna
|-damage|p2b: Ursaluna|62/100 brn
|move|p2a: Annihilape|Drain Punch|p1b: Porygon2
|-damage|p1b: Porygon2|72/100
|move|p2b: Ursaluna|Headlong Rush|p1a: Torkoal
|-supereffective|p1a: Torkoal
|-damage|p1a: Torkoal|0 fnt
|-unboost|p2b: Ursaluna|def|1
|-unboost|p2b: Ursaluna|spd|1
|faint|p1a: Torkoal
|
|-weather|SunnyDay|[upkeep]
|-damage|p2b: Ursaluna|56/100 brn|[from] brn
|upkeep
|turn|8
|
|t:|1756707483
|move|p1b: Porygon2|Ice Beam|p2b: Ursaluna
|-damage|p2b: Ursaluna|0 fnt
|faint|p2b: Ursaluna
|move|p2a: Annihilape|Bulk Up|p2a: Annihilape
|-boost|p2a: Annihilape|atk|1
|-boost|p2a: Annihilape|def|1
|
|-weather|SunnyDay|[upkeep]
|upkeep
|turn|9
|
|t:|1756707494
|move|p1b: Porygon2|Ice Beam|p2a: Annihilape
|-damage|p2a: Annihilape|59/100
|move|p2a: Annihilape|Rage Fist|p1b: Porygon2
|-damage|p1b: Porygon2|0 fnt
|faint|p1b: Porygon2
|
|win|merrypasta
||grapejuiceplaysyt is ready for game 3.
||merrypasta is ready for game 3.
|uhtml|next|Next: Game 3 of 3
|l|☆merrypasta
|player|p2|
