|j|☆Rustic_Moose
|j|☆EchoShadowYT
|html|Rustic_MooseEchoShadowYT    
|uhtml|bestof|Game 2 of a best-of-3
|t:|1786046559
|gametype|doubles
|player|p1|Rustic_Moose|102|1214
|player|p2|EchoShadowYT|skierf|1360
|gen|9
|tier|[Gen 9 Champions] VGC 2026 Reg M-B (Bo3)
|rated|
|rule|Species Clause: Limit one of each Pokémon
|rule|Item Clause: Limit 1 of each item
|clearpoke
|poke|p1|Rotom-Mow, L50|
|poke|p1|Crabominable, L50, F|
|poke|p1|Farigiraf, L50, M|
|poke|p1|Camerupt, L50, F|
|poke|p1|Sneasler, L50, M|
|poke|p1|Basculegion, L50, M|
|poke|p2|Delphox, L50, M|
|poke|p2|Sneasler, L50, F|
|poke|p2|Blastoise, L50, M|
|poke|p2|Kingambit, L50, F|
|poke|p2|Incineroar, L50, M|
|poke|p2|Sinistcha, L50|
|teampreview|4
|showteam|p1|Rotom-Mow||ExpertBelt|Levitate|Thunderbolt,LeafStorm,HyperVoice,WillOWisp|Modest|||||50|]Crabominable||Crabominite|AngerPoint|MachPunch,IcePunch,DrainPunch,Protect|Brave||F|||50|]Farigiraf||FocusSash|ArmorTail|TrickRoom,HyperVoice,Psychic,Protect|Relaxed||M|||50|]Camerupt||Cameruptite|SolidRock|Eruption,Flamethrower,EarthPower,Protect|Quiet||F|||50|]Sneasler||PoisonBarb|PoisonTouch|CloseCombat,DireClaw,FakeOut,Protect|Jolly||M|||50|]Basculegion||ChoiceScarf|Adaptability|AquaJet,WaveCrash,FlipTurn,LastRespects|Jolly||M|||50|
|showteam|p2|Delphox||Delphoxite|Blaze|HeatWave,Psyshock,NastyPlot,Protect|Timid||M|||50|]Sneasler||FocusSash|PoisonTouch|DireClaw,CloseCombat,FakeOut,Protect|Jolly||F|||50|]Blastoise||Blastoisinite|Torrent|WaterSpout,Protect,DarkPulse,ShellSmash|Modest||M|||50|]Kingambit||BlackGlasses|Defiant|KowtowCleave,SuckerPunch,SwordsDance,Protect|Adamant||F|||50|]Incineroar||SitrusBerry|Intimidate|ThroatChop,FlareBlitz,PartingShot,FakeOut|Impish||M|||50|]Sinistcha||KasibBerry|Hospitality|MatchaGotcha,RagePowder,TrickRoom,Protect|Calm|||||50|
|inactive|Battle timer is ON: inactive players will automatically lose when time's up. (requested by EchoShadowYT)
|
|t:|1786046584
|teamsize|p1|4
|teamsize|p2|4
|start
|switch|p1a: Farigiraf|Farigiraf, L50, M|100/100
|switch|p1b: Sneasler|Sneasler, L50, M|100/100
|switch|p2a: Blastoise|Blastoise, L50, M|100/100
|switch|p2b: Sinistcha|Sinistcha, L50|100/100
|turn|1
|
|t:|1786046607
|detailschange|p2a: Blastoise|Blastoise-Mega, L50, M
|-mega|p2a: Blastoise|Blastoise|Blastoisinite
|move|p1b: Sneasler|Fake Out|p2a: Blastoise
|-damage|p2a: Blastoise|85/100
|cant|p2a: Blastoise|flinch
|move|p2b: Sinistcha|Matcha Gotcha|p1a: Farigiraf|[spread] p1a,p1b
|-resisted|p1b: Sneasler|1
|-damage|p1a: Farigiraf|78/100
|-damage|p1b: Sneasler|82/100
|-status|p1a: Farigiraf|brn
|move|p1a: Farigiraf|Trick Room|p1a: Farigiraf
|-fieldstart|move: Trick Room|[of] p1a: Farigiraf
|
|-damage|p1a: Farigiraf|72/100 brn|[from] brn
|upkeep
|turn|2
|inactive|EchoShadowYT has 30 seconds left.
|
|t:|1786046632
|move|p2b: Sinistcha|Rage Powder|p2b: Sinistcha
|-singleturn|p2b: Sinistcha|move: Rage Powder
|move|p1a: Farigiraf|Psychic|p2b: Sinistcha
|-damage|p2b: Sinistcha|67/100
|move|p2a: Blastoise|Water Spout|p1b: Sneasler|[spread] p1a,p1b
|-damage|p1a: Farigiraf|23/100 brn
|-damage|p1b: Sneasler|6/100
|move|p1b: Sneasler|Dire Claw|p2b: Sinistcha
|-crit|p2b: Sinistcha
|-damage|p2b: Sinistcha|0 fnt
|faint|p2b: Sinistcha
|
|-damage|p1a: Farigiraf|17/100 brn|[from] brn
|upkeep
|
|t:|1786046645
|switch|p2b: Kingambit|Kingambit, L50, F|100/100
|turn|3
|
|t:|1786046654
|move|p1a: Farigiraf|Psychic|p2a: Blastoise
|-damage|p2a: Blastoise|53/100
|move|p2b: Kingambit|Swords Dance|p2b: Kingambit
|-boost|p2b: Kingambit|atk|2
|move|p2a: Blastoise|Water Spout|p1b: Sneasler|[spread] p1a,p1b
|-damage|p1a: Farigiraf|0 fnt
|-damage|p1b: Sneasler|0 fnt
|faint|p1a: Farigiraf
|faint|p1b: Sneasler
|
|upkeep
|
|t:|1786046659
|switch|p1a: Crabominable|Crabominable, L50, F|100/100
|switch|p1b: Basculegion|Basculegion, L50, M|100/100
|turn|4
|
|t:|1786046678
|detailschange|p1a: Crabominable|Crabominable-Mega, L50, F
|-mega|p1a: Crabominable|Crabominable|Crabominite
|move|p2b: Kingambit|Protect|p2b: Kingambit
|-singleturn|p2b: Kingambit|Protect
|move|p1a: Crabominable|Drain Punch|p2b: Kingambit
|-activate|p2b: Kingambit|move: Protect
|move|p2a: Blastoise|Dark Pulse|p1b: Basculegion
|-supereffective|p1b: Basculegion|1
|-damage|p1b: Basculegion|0 fnt
|faint|p1b: Basculegion
|
|upkeep
|turn|5
|
|t:|1786046693
|move|p2b: Kingambit|Sucker Punch|p1a: Crabominable
|-resisted|p1a: Crabominable|1
|-damage|p1a: Crabominable|61/100
|move|p1a: Crabominable|Drain Punch|p2b: Kingambit
|-supereffective|p2b: Kingambit|2
|-damage|p2b: Kingambit|0 fnt
|-heal|p1a: Crabominable|100/100|[from] drain|[of] p2b: Kingambit
|faint|p2b: Kingambit
|move|p2a: Blastoise|Water Spout|p1a: Crabominable
|-crit|p1a: Crabominable
|-damage|p1a: Crabominable|49/100
|
|-fieldend|move: Trick Room
|upkeep
|
|t:|1786046704
|switch|p2b: Incineroar|Incineroar, L50, M|100/100
|-ability|p2b: Incineroar|Intimidate|boost
|-unboost|p1a: Crabominable|atk|1
|turn|6
|
|t:|1786046710
|move|p1a: Crabominable|Protect|p1a: Crabominable
|-singleturn|p1a: Crabominable|Protect
|move|p2b: Incineroar|Fake Out|p1a: Crabominable
|-activate|p1a: Crabominable|move: Protect
|move|p2a: Blastoise|Shell Smash|p2a: Blastoise
|-unboost|p2a: Blastoise|def|1
|-unboost|p2a: Blastoise|spd|1
|-boost|p2a: Blastoise|atk|2
|-boost|p2a: Blastoise|spa|2
|-boost|p2a: Blastoise|spe|2
|
|upkeep
|turn|7
|
|t:|1786046721
|move|p1a: Crabominable|Mach Punch|p2a: Blastoise
|-damage|p2a: Blastoise|25/100
|move|p2a: Blastoise|Water Spout|p1a: Crabominable
|-damage|p1a: Crabominable|15/100
|move|p2b: Incineroar|Flare Blitz|p1a: Crabominable
|-supereffective|p1a: Crabominable|1
|-damage|p1a: Crabominable|0 fnt
|faint|p1a: Crabominable
|-damage|p2b: Incineroar|94/100|[from] Recoil
|
|win|EchoShadowYT
|raw|Rustic_Moose's rating: 1214 → 1199(-15 for losing)
|raw|EchoShadowYT's rating: 1360 → 1372(+12 for winning)
|l|☆Rustic_Moose
|player|p1|
