|j|☆Direvrau
|j|☆snailboss
|html|Direvrausnailboss    
|uhtml|bestof|Game 1 of a best-of-3
|t:|1756342862
|gametype|doubles
|player|p1|Direvrau|dancer|1182
|player|p2|snailboss|1|1267
|gen|9
|tier|[Gen 9] VGC 2025 Reg H (Bo3)
|rated|
|rule|Species Clause: Limit one of each Pokémon
|rule|Item Clause: Limit 1 of each item
|clearpoke
|poke|p1|Maushold, L50|
|poke|p1|Sinistcha, L50|
|poke|p1|Pelipper, L50, F|
|poke|p1|Annihilape, L50, M|
|poke|p1|Basculegion, L50, M|
|poke|p1|Archaludon, L50, F|
|poke|p2|Kingambit, L50, M|
|poke|p2|Ninetales-Alola, L50, F|
|poke|p2|Rillaboom, L50, M|
|poke|p2|Volcarona, L50, F|
|poke|p2|Tauros-Paldea-Aqua, L50, M|
|poke|p2|Electabuzz, L50, F|
|teampreview|4
|showteam|p1|Maushold||SafetyGoggles|FriendGuard|BeatUp,FollowMe,Feint,Protect||||||50|,,,,,Ghost]Sinistcha||RockyHelmet|Hospitality|MatchaGotcha,RagePowder,LifeDew,TrickRoom||||||50|,,,,,Fairy]Pelipper||FocusSash|Drizzle|WeatherBall,Hurricane,Tailwind,Protect|||F|||50|,,,,,Ghost]Annihilape||SitrusBerry|Defiant|DrainPunch,RageFist,BulkUp,Protect|||M|||50|,,,,,Fire]Basculegion||ChoiceBand|SwiftSwim|WaveCrash,AquaJet,LastRespects,FlipTurn|||M|||50|,,,,,Water]Archaludon||AssaultVest|Stamina|BodyPress,DracoMeteor,ElectroShot,FlashCannon|||F|||50|,,,,,Fighting
|showteam|p2|Kingambit||BlackGlasses|Defiant|SuckerPunch,KowtowCleave,SwordsDance,Protect|||M|||50|,,,,,Ghost]Ninetales-Alola||FocusSash|SnowWarning|Moonblast,FreezeDry,Encore,Disable|||F|||50|,,,,,Ghost]Rillaboom||AssaultVest|GrassySurge|FakeOut,GrassyGlide,WoodHammer,HighHorsepower|||M|||50|,,,,,Fire]Volcarona||CovertCloak|FlameBody|QuiverDance,HeatWave,GigaDrain,Protect|||F|||50|,,,,,Grass]Tauros-Paldea-Aqua||GrassySeed|Intimidate|WaveCrash,BodyPress,Protect,AquaJet|||M|||50|,,,,,Fire]Electabuzz||Eviolite|VitalSpirit|FollowMe,Electroweb,HelpingHand,Protect|||F|||50|,,,,,Ghost
|
|t:|1756342910
|teamsize|p1|4
|teamsize|p2|4
|start
|switch|p1a: Maushold|Maushold, L50|100/100
|switch|p1b: Annihilape|Annihilape, L50, M|100/100
|switch|p2a: Kingambit|Kingambit, L50, M|100/100
|switch|p2b: Ninetales|Ninetales-Alola, L50, F|100/100
|-weather|Snowscape|[from] ability: Snow Warning|[of] p2b: Ninetales
|turn|1
|
|t:|1756342965
|-terastallize|p1b: Annihilape|Fire
|move|p2a: Kingambit|Protect|p2a: Kingambit
|-singleturn|p2a: Kingambit|Protect
|move|p1a: Maushold|Beat Up|p1b: Annihilape
|-damage|p1b: Annihilape|99/100
|-damage|p1b: Annihilape|96/100
|-damage|p1b: Annihilape|94/100
|-damage|p1b: Annihilape|92/100
|-hitcount|p1b: Annihilape|4
|move|p2b: Ninetales|Moonblast|p1b: Annihilape
|-resisted|p1b: Annihilape
|-damage|p1b: Annihilape|81/100
|move|p1b: Annihilape|Drain Punch|p2a: Kingambit
|-activate|p2a: Kingambit|move: Protect
|
|-weather|Snowscape|[upkeep]
|upkeep
|turn|2
|inactive|Battle timer is ON: inactive players will automatically lose when time's up. (requested by snailboss)
|
|t:|1756342990
|-terastallize|p2a: Kingambit|Ghost
|move|p1a: Maushold|Follow Me|p1a: Maushold
|-singleturn|p1a: Maushold|move: Follow Me
|move|p2b: Ninetales|Encore|p1a: Maushold
|-start|p1a: Maushold|Encore
|move|p1b: Annihilape|Rage Fist|p2b: Ninetales
|-enditem|p2b: Ninetales|Focus Sash
|-damage|p2b: Ninetales|1/100
|move|p2a: Kingambit|Swords Dance|p2a: Kingambit
|-boost|p2a: Kingambit|atk|2
|
|-weather|Snowscape|[upkeep]
|upkeep
|turn|3
|
|t:|1756343014
|move|p2a: Kingambit|Protect|p2a: Kingambit
|-singleturn|p2a: Kingambit|Protect
|move|p1a: Maushold|Follow Me|p1a: Maushold
|-singleturn|p1a: Maushold|move: Follow Me
|move|p2b: Ninetales|Disable|p1a: Maushold
|-start|p1a: Maushold|Disable|Follow Me
|move|p1b: Annihilape|Rage Fist|p2a: Kingambit
|-activate|p2a: Kingambit|move: Protect
|
|-weather|Snowscape|[upkeep]
|upkeep
|turn|4
|
|t:|1756343028
|move|p1b: Annihilape|Protect|p1b: Annihilape
|-singleturn|p1b: Annihilape|Protect
|move|p2a: Kingambit|Sucker Punch||[still]
|-fail|p2a: Kingambit
|-activate|p1a: Maushold|move: Struggle
|move|p1a: Maushold|Struggle|p2b: Ninetales
|-damage|p2b: Ninetales|0 fnt
|faint|p2b: Ninetales
|-damage|p1a: Maushold|76/100|[from] recoil
|
|-weather|Snowscape|[upkeep]
|upkeep
|
|t:|1756343041
|switch|p2b: Rillaboom|Rillaboom, L50, M|100/100
|-fieldstart|move: Grassy Terrain|[from] ability: Grassy Surge|[of] p2b: Rillaboom
|turn|5
|
|t:|1756343055
|switch|p1b: Archaludon|Archaludon, L50, F|100/100
|move|p2b: Rillaboom|Fake Out|p1b: Archaludon
|-resisted|p1b: Archaludon
|-damage|p1b: Archaludon|96/100
|-ability|p1b: Archaludon|Stamina|boost
|-boost|p1b: Archaludon|def|1
|-activate|p1a: Maushold|move: Struggle
|move|p1a: Maushold|Struggle|p2a: Kingambit
|-damage|p2a: Kingambit|92/100
|-damage|p1a: Maushold|51/100|[from] recoil
|move|p2a: Kingambit|Kowtow Cleave|p1b: Archaludon
|-crit|p1b: Archaludon
|-damage|p1b: Archaludon|5/100
|-ability|p1b: Archaludon|Stamina|boost
|-boost|p1b: Archaludon|def|1
|
|-weather|none
|-heal|p1a: Maushold|57/100|[from] Grassy Terrain
|-heal|p1b: Archaludon|11/100|[from] Grassy Terrain
|-heal|p2a: Kingambit|98/100|[from] Grassy Terrain
|-end|p1a: Maushold|Encore
|upkeep
|turn|6
|inactive|Direvrau has 30 seconds left.
|
|t:|1756343090
|switch|p1b: Sinistcha|Sinistcha, L50|100/100
|-heal|p1a: Maushold|82/100|[from] ability: Hospitality|[of] p1b: Sinistcha
|move|p1a: Maushold|Protect|p1a: Maushold
|-singleturn|p1a: Maushold|Protect
|move|p2a: Kingambit|Sucker Punch||[still]
|-fail|p2a: Kingambit
|move|p2b: Rillaboom|Wood Hammer|p1a: Maushold
|-activate|p1a: Maushold|move: Protect
|
|-heal|p1a: Maushold|88/100|[from] Grassy Terrain
|-heal|p2a: Kingambit|100/100|[from] Grassy Terrain
|upkeep
|turn|7
|inactive|Direvrau has 30 seconds left.
|
|t:|1756343118
|move|p1a: Maushold|Feint|p2a: Kingambit
|-immune|p2a: Kingambit
|move|p2b: Rillaboom|Wood Hammer|p1a: Maushold
|-damage|p1a: Maushold|0 fnt
|faint|p1a: Maushold
|-damage|p2b: Rillaboom|75/100|[from] Recoil
|move|p2a: Kingambit|Kowtow Cleave|p1b: Sinistcha
|-supereffective|p1b: Sinistcha
|-damage|p1b: Sinistcha|0 fnt
|-damage|p2a: Kingambit|84/100|[from] item: Rocky Helmet|[of] p1b: Sinistcha
|faint|p1b: Sinistcha
|
|-heal|p2b: Rillaboom|81/100|[from] Grassy Terrain
|-heal|p2a: Kingambit|90/100|[from] Grassy Terrain
|upkeep
|
|t:|1756343124
|switch|p1a: Annihilape|Annihilape, L50, M, tera:Fire|81/100
|switch|p1b: Archaludon|Archaludon, L50, F|11/100
|turn|8
|
|t:|1756343136
|move|p2a: Kingambit|Protect|p2a: Kingambit
|-singleturn|p2a: Kingambit|Protect
|move|p1a: Annihilape|Rage Fist|p2a: Kingambit
|-activate|p2a: Kingambit|move: Protect
|move|p2b: Rillaboom|High Horsepower|p1b: Archaludon
|-supereffective|p1b: Archaludon
|-damage|p1b: Archaludon|0 fnt
|faint|p1b: Archaludon
|
|-heal|p1a: Annihilape|87/100|[from] Grassy Terrain
|-heal|p2b: Rillaboom|87/100|[from] Grassy Terrain
|-heal|p2a: Kingambit|96/100|[from] Grassy Terrain
|upkeep
|turn|9
|-message|Direvrau forfeited.
|
|win|snailboss
||Direvrau is ready for game 2.
||Direvrau is ready for game 2.
