|j|☆OOF? YEE?
|j|☆CrystalGem02
|html|OOF? YEE?CrystalGem02    
|uhtml|bestof|Game 1 of a best-of-3
|t:|1756299644
|gametype|doubles
|player|p1|OOF? YEE?|265|1369
|player|p2|CrystalGem02|valerie|1236
|gen|9
|tier|[Gen 9] VGC 2025 Reg H (Bo3)
|rated|
|rule|Species Clause: Limit one of each Pokémon
|rule|Item Clause: Limit 1 of each item
|clearpoke
|poke|p1|Archaludon, L50, F|
|poke|p1|Pelipper, L50, F|
|poke|p1|Basculegion, L50, M|
|poke|p1|Toedscruel, L50, F|
|poke|p1|Comfey, L50, F|
|poke|p1|Weezing, L50, F|
|poke|p2|Ursaluna, L50, M|
|poke|p2|Porygon2, L50|
|poke|p2|Incineroar, L50, F|
|poke|p2|Yanmega, L50, M|
|poke|p2|Sneasler, L50, M|
|poke|p2|Archaludon, L50, M|
|teampreview|4
|showteam|p1|Archaludon||AssaultVest|Stamina|ElectroShot,BodyPress,FlashCannon,Snarl|||F|||50|,,,,,Grass]Pelipper||ChoiceScarf|Drizzle|Tailwind,Hurricane,WeatherBall,Uturn|||F|||50|,,,,,Ghost]Basculegion||MysticWater|SwiftSwim|Protect,FlipTurn,WaveCrash,LastRespects|||M|||50|,,,,,Dragon]Toedscruel||CovertCloak|MyceliumMight|Spore,EarthPower,BulletSeed,RagePowder|||F|||50|,,,,,Water]Comfey||SafetyGoggles|Triage|DrainingKiss,FloralHealing,Taunt,Protect|||F|||50|,,,,,Steel]Weezing||ChoiceSpecs|NeutralizingGas|DarkPulse,DestinyBond,ClearSmog,SludgeBomb|||F|||50|,,,,,Ghost
|showteam|p2|Ursaluna||FlameOrb|Guts|Facade,HeadlongRush,Earthquake,Protect|||M|||50|,,,,,Ghost]Porygon2||Eviolite|Download|TeraBlast,IceBeam,Recover,TrickRoom||||||50|,,,,,Flying]Incineroar||SafetyGoggles|Intimidate|FlareBlitz,KnockOff,PartingShot,FakeOut|||F|||50|,,,,,Ghost]Yanmega||FocusSash|SpeedBoost|BugBuzz,AirSlash,Tailwind,Protect|||M|||50|,,,,,Ghost]Sneasler||WhiteHerb|Unburden|DireClaw,CloseCombat,ThroatChop,Protect|||M|||50|,,,,,Stellar]Archaludon||PowerHerb|Stalwart|ElectroShot,DragonPulse,Thunderbolt,Protect|||M|||50|,,,,,Electric
|inactive|Battle timer is ON: inactive players will automatically lose when time's up. (requested by OOF? YEE?)
|
|t:|1756299740
|teamsize|p1|4
|teamsize|p2|4
|start
|switch|p1a: Pelipper|Pelipper, L50, F|100/100
|switch|p1b: Basculegion|Basculegion, L50, M|100/100
|switch|p2a: Porygon2|Porygon2, L50, shiny|100/100
|switch|p2b: Sneasler|Sneasler, L50, M|100/100
|-weather|RainDance|[from] ability: Drizzle|[of] p1a: Pelipper
|-ability|p2a: Porygon2|Download|boost
|-boost|p2a: Porygon2|spa|1
|turn|1
|
|t:|1756299763
|move|p1b: Basculegion|Wave Crash|p2a: Porygon2
|-damage|p2a: Porygon2|25/100
|-damage|p1b: Basculegion|78/100|[from] Recoil
|move|p1a: Pelipper|Weather Ball|p2a: Porygon2
|-damage|p2a: Porygon2|0 fnt
|faint|p2a: Porygon2
|move|p2b: Sneasler|Throat Chop|p1b: Basculegion
|-supereffective|p1b: Basculegion
|-damage|p1b: Basculegion|13/100
|-start|p1b: Basculegion|Throat Chop|[silent]
|
|-weather|RainDance|[upkeep]
|upkeep
|
|t:|1756299775
|switch|p2a: Yanmega|Yanmega, L50, M, shiny|100/100
|turn|2
|
|t:|1756299788
|move|p2b: Sneasler|Protect|p2b: Sneasler
|-singleturn|p2b: Sneasler|Protect
|move|p2a: Yanmega|Protect|p2a: Yanmega
|-singleturn|p2a: Yanmega|Protect
|move|p1b: Basculegion|Flip Turn|p2a: Yanmega
|-activate|p2a: Yanmega|move: Protect
|move|p1a: Pelipper|Weather Ball|p2b: Sneasler
|-activate|p2b: Sneasler|move: Protect
|
|-weather|RainDance|[upkeep]
|-end|p1b: Basculegion|Throat Chop|[silent]
|-ability|p2a: Yanmega|Speed Boost|boost
|-boost|p2a: Yanmega|spe|1
|upkeep
|turn|3
|inactive|CrystalGem02 has 30 seconds left.
|
|t:|1756299817
|switch|p1b: Archaludon|Archaludon, L50, F|100/100
|move|p2a: Yanmega|Tailwind|p2a: Yanmega
|-sidestart|p2: CrystalGem02|move: Tailwind
|move|p2b: Sneasler|Dire Claw|p1a: Pelipper
|-damage|p1a: Pelipper|42/100
|-status|p1a: Pelipper|slp
|cant|p1a: Pelipper|slp
|
|-weather|RainDance|[upkeep]
|-ability|p2a: Yanmega|Speed Boost|boost
|-boost|p2a: Yanmega|spe|1
|upkeep
|turn|4
|inactive|OOF? YEE? has 30 seconds left.
|
|t:|1756299846
|switch|p1a: Comfey|Comfey, L50, F|100/100
|-terastallize|p2b: Sneasler|Stellar
|move|p2a: Yanmega|Bug Buzz|p1b: Archaludon
|-resisted|p1b: Archaludon
|-damage|p1b: Archaludon|85/100
|-ability|p1b: Archaludon|Stamina|boost
|-boost|p1b: Archaludon|def|1
|move|p2b: Sneasler|Close Combat|p1b: Archaludon
|-supereffective|p1b: Archaludon
|-damage|p1b: Archaludon|7/100
|-unboost|p2b: Sneasler|def|1
|-unboost|p2b: Sneasler|spd|1
|-ability|p1b: Archaludon|Stamina|boost
|-boost|p1b: Archaludon|def|1
|-enditem|p2b: Sneasler|White Herb
|-clearnegativeboost|p2b: Sneasler|[silent]
|move|p1b: Archaludon|Electro Shot||[still]
|-prepare|p1b: Archaludon|Electro Shot
|-boost|p1b: Archaludon|spa|1
|-anim|p1b: Archaludon|Electro Shot|p2b: Sneasler
|-damage|p2b: Sneasler|27/100
|
|-weather|RainDance|[upkeep]
|-ability|p2a: Yanmega|Speed Boost|boost
|-boost|p2a: Yanmega|spe|1
|upkeep
|turn|5
|inactive|CrystalGem02 has 30 seconds left.
|
|t:|1756299879
|move|p1a: Comfey|Floral Healing|p1b: Archaludon
|-heal|p1b: Archaludon|57/100
|move|p2a: Yanmega|Bug Buzz|p1b: Archaludon
|-resisted|p1b: Archaludon
|-damage|p1b: Archaludon|43/100
|-ability|p1b: Archaludon|Stamina|boost
|-boost|p1b: Archaludon|def|1
|move|p2b: Sneasler|Close Combat|p1b: Archaludon
|-supereffective|p1b: Archaludon
|-damage|p1b: Archaludon|8/100
|-unboost|p2b: Sneasler|def|1
|-unboost|p2b: Sneasler|spd|1
|-ability|p1b: Archaludon|Stamina|boost
|-boost|p1b: Archaludon|def|1
|move|p1b: Archaludon|Electro Shot||[still]
|-prepare|p1b: Archaludon|Electro Shot
|-boost|p1b: Archaludon|spa|1
|-anim|p1b: Archaludon|Electro Shot|p2b: Sneasler
|-damage|p2b: Sneasler|0 fnt
|faint|p2b: Sneasler
|
|-weather|none
|-ability|p2a: Yanmega|Speed Boost|boost
|-boost|p2a: Yanmega|spe|1
|upkeep
|
|t:|1756299889
|switch|p2b: Archaludon|Archaludon, L50, M|100/100
|turn|6
|
|t:|1756299897
|move|p1a: Comfey|Floral Healing|p1b: Archaludon
|-heal|p1b: Archaludon|58/100
|move|p2a: Yanmega|Air Slash|p1a: Comfey|[miss]
|-miss|p2a: Yanmega|p1a: Comfey
|move|p2b: Archaludon|Electro Shot||[still]
|-prepare|p2b: Archaludon|Electro Shot
|-boost|p2b: Archaludon|spa|1
|-enditem|p2b: Archaludon|Power Herb
|-anim|p2b: Archaludon|Electro Shot|p1b: Archaludon
|-resisted|p1b: Archaludon
|-damage|p1b: Archaludon|38/100
|-ability|p1b: Archaludon|Stamina|boost
|-boost|p1b: Archaludon|def|1
|move|p1b: Archaludon|Snarl|p2b: Archaludon|[spread] p2a,p2b
|-damage|p2a: Yanmega|61/100
|-damage|p2b: Archaludon|72/100
|-unboost|p2a: Yanmega|spa|1
|-unboost|p2b: Archaludon|spa|1
|
|-sideend|p2: CrystalGem02|move: Tailwind
|-ability|p2a: Yanmega|Speed Boost|boost
|-boost|p2a: Yanmega|spe|1
|upkeep
|turn|7
|
|t:|1756299914
|move|p1a: Comfey|Floral Healing|p1b: Archaludon
|-heal|p1b: Archaludon|88/100
|move|p2a: Yanmega|Air Slash|p1b: Archaludon
|-resisted|p1b: Archaludon
|-damage|p1b: Archaludon|79/100
|-ability|p1b: Archaludon|Stamina|boost
|-boost|p1b: Archaludon|def|1
|move|p2b: Archaludon|Dragon Pulse|p1b: Archaludon
|-damage|p1b: Archaludon|51/100
|move|p1b: Archaludon|Body Press|p2b: Archaludon
|-supereffective|p2b: Archaludon
|-damage|p2b: Archaludon|0 fnt
|faint|p2b: Archaludon
|
|-ability|p2a: Yanmega|Speed Boost|boost
|-boost|p2a: Yanmega|spe|1
|upkeep
|turn|8
|-message|CrystalGem02 forfeited.
|
|win|OOF? YEE?
