|j|☆Genn22Vgc
|j|☆Advertisementish
|html|Genn22VgcAdvertisementish    
|uhtml|bestof|Game 1 of a best-of-3
|t:|1785243458
|gametype|doubles
|player|p1|Genn22Vgc|1|1460
|player|p2|Advertisementish|ghetsis|1387
|gen|9
|tier|[Gen 9 Champions] VGC 2026 Reg M-B (Bo3)
|rated|
|rule|Species Clause: Limit one of each Pokémon
|rule|Item Clause: Limit 1 of each item
|clearpoke
|poke|p1|Medicham, L50, M|
|poke|p1|Farigiraf, L50, F|
|poke|p1|Basculegion, L50, M|
|poke|p1|Kingambit, L50, F|
|poke|p1|Talonflame, L50, M|
|poke|p1|Floette-Eternal, L50, F|
|poke|p2|Froslass, L50, F|
|poke|p2|Scovillain, L50, M|
|poke|p2|Lycanroc-Dusk, L50, M, shiny|
|poke|p2|Kingambit, L50, F|
|poke|p2|Sneasler, L50, F|
|poke|p2|Basculegion, L50, M|
|teampreview|4
|showteam|p1|Medicham||Medichamite|PurePower|CloseCombat,PsychoCut,FakeOut,RockSlide|Adamant||M|||50|]Farigiraf||ColburBerry|ArmorTail|Thunderbolt,TwinBeam,HelpingHand,TrickRoom|Calm||F|||50|]Basculegion||MysticWater|Adaptability|LastRespects,WaveCrash,AquaJet,Protect|Adamant||M|||50|]Kingambit||FocusSash|Defiant|LowKick,IronHead,KowtowCleave,SuckerPunch|Adamant||F|||50|]Talonflame||LifeOrb|GaleWings|DualWingbeat,Tailwind,FlareBlitz,Taunt|Jolly||M|||50|]Floette-Eternal||Floettite|FlowerVeil|LightofRuin,Moonblast,DazzlingGleam,Protect|Modest||F|||50|
|showteam|p2|Froslass||Froslassite|CursedBody|Blizzard,ShadowBall,AuroraVeil,Protect|Modest||F|||50|]Scovillain||Scovillainite|Moody|Overheat,GigaDrain,RagePowder,Protect|Bold||M|||50|]Lycanroc-Dusk||FocusSash|ToughClaws|RockSlide,CloseCombat,Accelerock,Protect|Adamant||M|||50|]Kingambit||BlackGlasses|Defiant|KowtowCleave,SuckerPunch,SwordsDance,Protect|Adamant||F|||50|]Sneasler||WhiteHerb|Unburden|FakeOut,CloseCombat,GunkShot,Protect|Adamant||F|||50|]Basculegion||SitrusBerry|Adaptability|WaveCrash,LastRespects,AquaJet,Protect|Adamant||M|||50|
|inactive|Battle timer is ON: inactive players will automatically lose when time's up. (requested by Advertisementish)
|inactive|Genn22Vgc has 60 seconds left.
|inactive|Advertisementish has 60 seconds left.
|
|t:|1785243490
|teamsize|p1|4
|teamsize|p2|4
|start
|switch|p1a: Talonflame|Talonflame, L50, M|100/100
|switch|p1b: Medicham|Medicham, L50, M|100/100
|switch|p2a: Scovillain|Scovillain, L50, M|100/100
|switch|p2b: Lycanroc|Lycanroc-Dusk, L50, M, shiny|100/100
|turn|1
|
|t:|1785243510
|detailschange|p2a: Scovillain|Scovillain-Mega, L50, M
|-mega|p2a: Scovillain|Scovillain|Scovillainite
|detailschange|p1b: Medicham|Medicham-Mega, L50, M
|-mega|p1b: Medicham|Medicham|Medichamite
|move|p1b: Medicham|Fake Out|p2b: Lycanroc
|-resisted|p2b: Lycanroc|1
|-damage|p2b: Lycanroc|80/100
|move|p2a: Scovillain|Rage Powder|p2a: Scovillain
|-singleturn|p2a: Scovillain|move: Rage Powder
|move|p1a: Talonflame|Dual Wingbeat|p2a: Scovillain
|-supereffective|p2a: Scovillain|1
|-damage|p2a: Scovillain|63/100
|-immune|p1a: Talonflame
|-supereffective|p2a: Scovillain|1
|-damage|p2a: Scovillain|23/100
|-immune|p1a: Talonflame
|-hitcount|p2a: Scovillain|2
|-damage|p1a: Talonflame|90/100|[from] item: Life Orb
|cant|p2b: Lycanroc|flinch
|
|upkeep
|turn|2
|inactive|Genn22Vgc has 30 seconds left.
|
|t:|1785243535
|switch|p1a: Kingambit|Kingambit, L50, F|100/100
|move|p2a: Scovillain|Protect|p2a: Scovillain
|-singleturn|p2a: Scovillain|Protect
|move|p2b: Lycanroc|Accelerock|p1a: Kingambit
|-resisted|p1a: Kingambit|1
|-damage|p1a: Kingambit|87/100
|move|p1b: Medicham|Rock Slide|p2b: Lycanroc|[spread] p2b
|-activate|p2a: Scovillain|move: Protect
|-damage|p2b: Lycanroc|23/100
|
|upkeep
|turn|3
|
|t:|1785243552
|switch|p1a: Basculegion|Basculegion, L50, M|100/100
|move|p2a: Scovillain|Rage Powder|p2a: Scovillain
|-singleturn|p2a: Scovillain|move: Rage Powder
|move|p2b: Lycanroc|Close Combat|p1a: Basculegion
|-immune|p1a: Basculegion
|move|p1b: Medicham|Rock Slide|p2a: Scovillain|[spread] p2a,p2b
|-supereffective|p2a: Scovillain|1
|-damage|p2a: Scovillain|0 fnt
|-damage|p2b: Lycanroc|0 fnt
|-status|p1b: Medicham|brn|[from] ability: Spicy Spray|[of] p2a: Scovillain
|faint|p2a: Scovillain
|faint|p2b: Lycanroc
|
|-damage|p1b: Medicham|93/100 brn|[from] brn
|upkeep
|
|t:|1785243557
|switch|p2b: Sneasler|Sneasler, L50, F|100/100
|switch|p2a: Kingambit|Kingambit, L50, F|100/100
|turn|4
|
|t:|1785243577
|switch|p1a: Talonflame|Talonflame, L50, M|90/100
|move|p2b: Sneasler|Fake Out|p1b: Medicham
|-damage|p1b: Medicham|75/100 brn
|move|p2a: Kingambit|Sucker Punch||[still]
|-fail|p2a: Kingambit
|cant|p1b: Medicham|flinch
|
|-damage|p1b: Medicham|69/100 brn|[from] brn
|upkeep
|turn|5
|
|t:|1785243593
|move|p2a: Kingambit|Sucker Punch|p1b: Medicham
|-damage|p1b: Medicham|12/100 brn
|move|p1a: Talonflame|Tailwind|p1a: Talonflame
|-sidestart|p1: Genn22Vgc|move: Tailwind
|move|p1b: Medicham|Psycho Cut|p2b: Sneasler
|-supereffective|p2b: Sneasler|2
|-damage|p2b: Sneasler|0 fnt
|faint|p2b: Sneasler
|
|-damage|p1b: Medicham|6/100 brn|[from] brn
|upkeep
|turn|6
|
|t:|1785243605
|move|p2a: Kingambit|Protect|p2a: Kingambit
|-singleturn|p2a: Kingambit|Protect
|move|p1a: Talonflame|Flare Blitz|p2a: Kingambit
|-activate|p2a: Kingambit|move: Protect
|move|p1b: Medicham|Close Combat|p2a: Kingambit
|-activate|p2a: Kingambit|move: Protect
|
|-damage|p1b: Medicham|1/100 brn|[from] brn
|upkeep
|turn|7
|-message|Advertisementish forfeited.
|
|win|Genn22Vgc
|l|☆Advertisementish
|player|p2|
||Advertisementish is ready for game 2.
||Genn22Vgc is ready for game 2.
|uhtml|next|Next: Game 2 of 3
