|j|☆That1Morpecko
|j|☆risciaven
|html|That1Morpeckorisciaven    
|uhtml|bestof|Game 1 of a best-of-3
|t:|1782415522
|gametype|doubles
|player|p1|That1Morpecko|hiker-gen4|1122
|player|p2|risciaven|harlequin|1069
|gen|9
|tier|[Gen 9 Champions] VGC 2026 Reg M-B (Bo3)
|rated|
|rule|Species Clause: Limit one of each Pokémon
|rule|Item Clause: Limit 1 of each item
|clearpoke
|poke|p1|Froslass, L50, F|
|poke|p1|Scovillain, L50, F, shiny|
|poke|p1|Basculegion, L50, M|
|poke|p1|Kingambit, L50, F|
|poke|p1|Sneasler, L50, M|
|poke|p1|Lycanroc-Dusk, L50, M|
|poke|p2|Sableye, L50, M|
|poke|p2|Audino, L50, M|
|poke|p2|Raichu, L50, F|
|poke|p2|Reuniclus, L50, M|
|poke|p2|Decidueye-Hisui, L50, F|
|poke|p2|Palafin, L50, F|
|teampreview|4
|showteam|p1|Froslass||Froslassite|CursedBody|Blizzard,ShadowBall,AuroraVeil,Protect|Modest||F|||50|]Scovillain||Scovillainite|Moody|GigaDrain,Overheat,RagePowder,Protect|Bold||F|||50|]Basculegion||SitrusBerry|Adaptability|WaveCrash,LastRespects,AquaJet,Protect|Adamant||M|||50|]Kingambit||BlackGlasses|Defiant|KowtowCleave,SuckerPunch,SwordsDance,Protect|Adamant||F|||50|]Sneasler||WhiteHerb|Unburden|CloseCombat,GunkShot,Protect,FakeOut|Adamant||M|||50|]Lycanroc-Dusk||FocusSash|ToughClaws|CloseCombat,Accelerock,RockSlide,Protect|Adamant||M|||50|
|showteam|p2|Sableye||FocusSash|Prankster|FakeOut,Encore,WillOWisp,FoulPlay|Careful||M|||50|]Audino||SitrusBerry|Regenerator|Wish,AllySwitch,Encore,HyperVoice|Bold||M|||50|]Raichu||RaichuniteX|LightningRod|Protect,KnockOff,UpperHand,VoltTackle|Jolly||F|||50|]Reuniclus||LifeOrb|MagicGuard|Protect,CalmMind,ShadowBall,Psychic|Modest||M|||50|]Decidueye-Hisui||ScopeLens|Scrappy|Protect,Tailwind,LeafBlade,TripleArrows|Adamant||F|||50|]Palafin||MysticWater|ZerotoHero|Protect,FlipTurn,JetPunch,WaveCrash|Adamant||F|||50|
|inactive|Battle timer is ON: inactive players will automatically lose when time's up. (requested by That1Morpecko)
|inactive|risciaven also wants the timer to be on.
|
|t:|1782415552
|teamsize|p1|4
|teamsize|p2|4
|start
|switch|p1a: Kingambit|Kingambit, L50, F|100/100
|switch|p1b: Sneasler|Sneasler, L50, M|100/100
|switch|p2a: Audino|Audino, L50, M|100/100
|switch|p2b: Palafin|Palafin, L50, F|100/100
|turn|1
|
|t:|1782415581
|detailschange|p2b: Palafin|Palafin-Hero, L50, F
|switch|p2b: Decidueye|Decidueye-Hisui, L50, F|100/100
|move|p1b: Sneasler|Fake Out|p2b: Decidueye
|-damage|p2b: Decidueye|85/100
|move|p1a: Kingambit|Swords Dance|p1a: Kingambit
|-boost|p1a: Kingambit|atk|2
|move|p2a: Audino|Wish|p2a: Audino
|
|upkeep
|turn|2
|
|t:|1782415601
|move|p1a: Kingambit|Protect|p1a: Kingambit
|-singleturn|p1a: Kingambit|Protect
|move|p2a: Audino|Ally Switch|p2a: Audino
|swap|p2a: Audino|1|[from] move: Ally Switch
|move|p1b: Sneasler|Gunk Shot|p2b: Audino
|-damage|p2b: Audino|63/100
|move|p2a: Decidueye|Triple Arrows|p1a: Kingambit
|-activate|p1a: Kingambit|move: Protect
|
|-heal|p2a: Decidueye|100/100|[from] move: Wish|[wisher] Audino
|upkeep
|turn|3
|inactive|That1Morpecko has 30 seconds left.
|inactive|That1Morpecko has 20 seconds left.
|
|t:|1782415639
|-heal|p2b: Audino|97/100|[from] ability: Regenerator|[silent]
|switch|p2b: Palafin|Palafin-Hero, L50, F|100/100
|-activate|p2b: Palafin|ability: Zero to Hero
|move|p1a: Kingambit|Sucker Punch||[still]
|-fail|p1a: Kingambit
|move|p1b: Sneasler|Gunk Shot|p2a: Decidueye|[miss]
|-miss|p1b: Sneasler|p2a: Decidueye
|move|p2a: Decidueye|Triple Arrows|p1a: Kingambit
|-supereffective|p1a: Kingambit|2
|-damage|p1a: Kingambit|0 fnt
|faint|p1a: Kingambit
|
|upkeep
|
|t:|1782415650
|switch|p1a: Froslass|Froslass, L50, F|100/100
|turn|4
|
|t:|1782415668
|switch|p2a: Audino|Audino, L50, M|97/100
|detailschange|p1a: Froslass|Froslass-Mega, L50, F
|-mega|p1a: Froslass|Froslass|Froslassite
|-weather|Snowscape|[from] ability: Snow Warning|[of] p1a: Froslass
|move|p2b: Palafin|Jet Punch|p1b: Sneasler
|-damage|p1b: Sneasler|44/100
|move|p1a: Froslass|Blizzard|p2a: Audino|[spread] p2a,p2b
|-resisted|p2b: Palafin|1
|-damage|p2a: Audino|56/100
|-damage|p2b: Palafin|78/100
|-status|p2a: Audino|frz
|-status|p2b: Palafin|frz
|move|p1b: Sneasler|Close Combat|p2b: Palafin
|-damage|p2b: Palafin|24/100 frz
|-unboost|p1b: Sneasler|def|1
|-unboost|p1b: Sneasler|spd|1
|-enditem|p1b: Sneasler|White Herb
|-clearnegativeboost|p1b: Sneasler|[silent]
|
|-weather|Snowscape|[upkeep]
|upkeep
|turn|5
|
|t:|1782415689
|cant|p2b: Palafin|frz
|move|p1b: Sneasler|Gunk Shot|p2a: Audino|[miss]
|-miss|p1b: Sneasler|p2a: Audino
|move|p1a: Froslass|Blizzard|p2a: Audino|[spread] p2a,p2b
|-resisted|p2b: Palafin|1
|-damage|p2a: Audino|11/100 frz
|-damage|p2b: Palafin|2/100 frz
|-enditem|p2a: Audino|Sitrus Berry|[eat]
|-heal|p2a: Audino|36/100 frz|[from] item: Sitrus Berry
|-curestatus|p2a: Audino|frz|[msg]
|move|p2a: Audino|Wish|p2a: Audino
|
|-weather|Snowscape|[upkeep]
|upkeep
|turn|6
|
|t:|1782415706
|move|p2a: Audino|Ally Switch|p2a: Audino
|swap|p2a: Audino|1|[from] move: Ally Switch
|cant|p2a: Palafin|frz
|move|p1b: Sneasler|Close Combat|p2a: Palafin
|-damage|p2a: Palafin|0 fnt
|-unboost|p1b: Sneasler|def|1
|-unboost|p1b: Sneasler|spd|1
|faint|p2a: Palafin
|move|p1a: Froslass|Blizzard|p2b: Audino
|-damage|p2b: Audino|0 fnt
|faint|p2b: Audino
|
|-weather|Snowscape|[upkeep]
|upkeep
|
|t:|1782415713
|switch|p2a: Raichu|Raichu, L50, F|100/100
|switch|p2b: Decidueye|Decidueye-Hisui, L50, F|100/100
|turn|7
|inactive|That1Morpecko has 30 seconds left.
|
|t:|1782415740
|detailschange|p2a: Raichu|Raichu-Mega-X, L50, F
|-mega|p2a: Raichu|Raichu|Raichunite X
|-fieldstart|move: Electric Terrain|[from] ability: Electric Surge|[of] p2a: Raichu
|move|p2b: Decidueye|Protect|p2b: Decidueye
|-singleturn|p2b: Decidueye|Protect
|move|p1b: Sneasler|Close Combat|p2a: Raichu
|-damage|p2a: Raichu|25/100
|-unboost|p1b: Sneasler|def|1
|-unboost|p1b: Sneasler|spd|1
|move|p2a: Raichu|Volt Tackle|p1a: Froslass
|-damage|p1a: Froslass|19/100
|-damage|p2a: Raichu|0 fnt|[from] Recoil
|faint|p2a: Raichu
|move|p1a: Froslass|Blizzard|p2b: Decidueye
|-activate|p2b: Decidueye|move: Protect
|
|-weather|Snowscape|[upkeep]
|upkeep
|turn|8
|-message|risciaven forfeited.
|
|win|That1Morpecko
|l|☆risciaven
|player|p2|
||risciaven is ready for game 2.
||That1Morpecko is ready for game 2.
|uhtml|next|Next: Game 2 of 3
