|j|☆irluke
|j|☆404elephants
|html|irluke404elephants    
|uhtml|bestof|Game 2 of a best-of-3
|t:|1785147086
|gametype|doubles
|player|p1|irluke|n|
|player|p2|404elephants|dawn|
|gen|9
|tier|[Gen 9 Champions] VGC 2026 Reg M-B (Bo3)
|rule|Species Clause: Limit one of each Pokémon
|rule|Item Clause: Limit 1 of each item
|clearpoke
|poke|p1|Tyranitar, L50, F|
|poke|p1|Excadrill, L50, M|
|poke|p1|Milotic, L50, F|
|poke|p1|Sinistcha, L50|
|poke|p1|Staraptor, L50, F|
|poke|p1|Gholdengo, L50|
|poke|p2|Pelipper, L50, F|
|poke|p2|Swampert, L50, F|
|poke|p2|Archaludon, L50, F|
|poke|p2|Sableye, L50, M|
|poke|p2|Sinistcha, L50|
|poke|p2|Metagross, L50|
|teampreview|4
|showteam|p1|Tyranitar||Tyranitarite|SandStream|RockSlide,KnockOff,HighHorsepower,Protect|Jolly||F|||50|]Excadrill||FocusSash|SandRush|RockSlide,Earthquake,IronHead,Protect|Jolly||M|||50|]Milotic||SitrusBerry|MarvelScale|Scald,IcyWind,Haze,Protect|Calm||F|||50|]Sinistcha||ColburBerry|Hospitality|MatchaGotcha,ShadowBall,RagePowder,Protect|Bold|||||50|]Staraptor||Staraptite|Intimidate|CloseCombat,DualWingbeat,Roost,Protect|Jolly||F|||50|]Gholdengo||LifeOrb|GoodasGold|MakeItRain,ShadowBall,NastyPlot,Protect|Modest|||||50|
|showteam|p2|Pelipper||FocusSash|Drizzle|Protect,WeatherBall,Tailwind,Hurricane|Modest||F|||50|]Swampert||Swampertite|Torrent|Protect,WaveCrash,Earthquake,HighHorsepower|Adamant||F|||50|]Archaludon||Leftovers|Stamina|Protect,ElectroShot,DracoMeteor,FlashCannon|Calm||F|||50|]Sableye||RoseliBerry|Prankster|FoulPlay,ThunderWave,LightScreen,RainDance|Sassy||M|||50|]Sinistcha||SitrusBerry|Hospitality|RagePowder,MatchaGotcha,TrickRoom,LifeDew|Bold|||||50|]Metagross||Metagrossite|ClearBody|Protect,IronHead,BodyPress,PsychicFangs|Jolly|||||50|
|j| ninjameerkat
|j| FullCrimp
|j| monsoonisbest
|j| girlschoicebandcry
|j| Cerebellibrarian
|
|t:|1785147136
|teamsize|p1|4
|teamsize|p2|4
|start
|switch|p1a: Excadrill|Excadrill, L50, M|100/100
|switch|p1b: Sinistcha|Sinistcha, L50|100/100
|switch|p2a: Sableye|Sableye, L50, M|100/100
|switch|p2b: Swampert|Swampert, L50, F|100/100
|turn|1
|j| 5wamp
|
|t:|1785147187
|detailschange|p2b: Swampert|Swampert-Mega, L50, F
|-mega|p2b: Swampert|Swampert|Swampertite
|move|p2a: Sableye|Light Screen|p2a: Sableye
|-sidestart|p2: 404elephants|move: Light Screen
|move|p1a: Excadrill|Rock Slide|p2a: Sableye|[spread] p2a,p2b
|-resisted|p2b: Swampert|1
|-damage|p2a: Sableye|70/100
|-damage|p2b: Swampert|90/100
|move|p2b: Swampert|Earthquake|p1b: Sinistcha|[spread] p2a,p1a,p1b
|-supereffective|p1a: Excadrill|1
|-resisted|p1b: Sinistcha|1
|-damage|p2a: Sableye|3/100
|-enditem|p1a: Excadrill|Focus Sash
|-damage|p1a: Excadrill|1/100
|-damage|p1b: Sinistcha|81/100
|move|p1b: Sinistcha|Matcha Gotcha|p2b: Swampert|[spread] p2a
|-miss|p1b: Sinistcha|p2b: Swampert
|-damage|p2a: Sableye|0 fnt
|-heal|p1b: Sinistcha|82/100|[from] drain|[of] p2a: Sableye
|faint|p2a: Sableye
|
|upkeep
|
|t:|1785147224
|switch|p2a: Archaludon|Archaludon, L50, F|100/100
|turn|2
|
|t:|1785147254
|move|p2b: Swampert|Protect|p2b: Swampert
|-singleturn|p2b: Swampert|Protect
|move|p1a: Excadrill|Earthquake|p2b: Swampert|[spread] p1b,p2a
|-activate|p2b: Swampert|move: Protect
|-resisted|p1b: Sinistcha|1
|-supereffective|p2a: Archaludon|1
|-damage|p1b: Sinistcha|66/100
|-damage|p2a: Archaludon|36/100
|-ability|p2a: Archaludon|Stamina|boost
|-boost|p2a: Archaludon|def|1
|move|p2a: Archaludon|Flash Cannon|p1b: Sinistcha
|-damage|p1b: Sinistcha|28/100
|move|p1b: Sinistcha|Matcha Gotcha|p2a: Archaludon|[spread] p2a
|-activate|p2b: Swampert|move: Protect
|-resisted|p2a: Archaludon|2
|-damage|p2a: Archaludon|32/100
|-heal|p1b: Sinistcha|30/100|[from] drain|[of] p2a: Archaludon
|-ability|p2a: Archaludon|Stamina|boost
|-boost|p2a: Archaludon|def|1
|
|-heal|p2a: Archaludon|38/100|[from] item: Leftovers
|upkeep
|turn|3
|
|t:|1785147293
|move|p1a: Excadrill|Protect|p1a: Excadrill
|-singleturn|p1a: Excadrill|Protect
|move|p2b: Swampert|Wave Crash|p1a: Excadrill
|-activate|p1a: Excadrill|move: Protect
|move|p2a: Archaludon|Flash Cannon|p1b: Sinistcha
|-damage|p1b: Sinistcha|0 fnt
|faint|p1b: Sinistcha
|
|-heal|p2a: Archaludon|44/100|[from] item: Leftovers
|upkeep
|
|t:|1785147307
|switch|p1b: Milotic|Milotic, L50, F|100/100
|turn|4
|
|t:|1785147322
|switch|p2b: Pelipper|Pelipper, L50, F|100/100
|-weather|RainDance|[from] ability: Drizzle|[of] p2b: Pelipper
|move|p1a: Excadrill|Earthquake|p2b: Pelipper|[spread] p1b,p2a
|-immune|p2b: Pelipper
|-supereffective|p2a: Archaludon|1
|-damage|p1b: Milotic|61/100
|-damage|p2a: Archaludon|13/100
|-ability|p2a: Archaludon|Stamina|boost
|-boost|p2a: Archaludon|def|1
|move|p1b: Milotic|Scald|p2b: Pelipper
|-resisted|p2b: Pelipper|1
|-damage|p2b: Pelipper|73/100
|move|p2a: Archaludon|Electro Shot||[still]
|-prepare|p2a: Archaludon|Electro Shot
|-boost|p2a: Archaludon|spa|1
|-anim|p2a: Archaludon|Electro Shot|p1b: Milotic
|-supereffective|p1b: Milotic|1
|-damage|p1b: Milotic|0 fnt
|faint|p1b: Milotic
|
|-weather|RainDance|[upkeep]
|-heal|p2a: Archaludon|19/100|[from] item: Leftovers
|upkeep
|l| ninjameerkat
|
|t:|1785147338
|switch|p1b: Tyranitar|Tyranitar, L50, F|100/100
|-weather|Sandstorm|[from] ability: Sand Stream|[of] p1b: Tyranitar
|turn|5
|
|t:|1785147348
|switch|p2b: Swampert|Swampert-Mega, L50, F|90/100
|move|p2a: Archaludon|Protect|p2a: Archaludon
|-singleturn|p2a: Archaludon|Protect
|move|p1a: Excadrill|Rock Slide|p2a: Archaludon|[spread] p2b
|-activate|p2a: Archaludon|move: Protect
|-resisted|p2b: Swampert|1
|-damage|p2b: Swampert|82/100
|move|p1b: Tyranitar|High Horsepower|p2a: Archaludon
|-activate|p2a: Archaludon|move: Protect
|
|-weather|Sandstorm|[upkeep]
|-heal|p2a: Archaludon|25/100|[from] item: Leftovers
|-sideend|p2: 404elephants|move: Light Screen
|upkeep
|turn|6
|
|t:|1785147365
|switch|p2b: Pelipper|Pelipper, L50, F|73/100
|-weather|RainDance|[from] ability: Drizzle|[of] p2b: Pelipper
|move|p1a: Excadrill|Protect|p1a: Excadrill
|-singleturn|p1a: Excadrill|Protect
|move|p1b: Tyranitar|Protect|p1b: Tyranitar
|-singleturn|p1b: Tyranitar|Protect
|move|p2a: Archaludon|Flash Cannon|p1b: Tyranitar
|-activate|p1b: Tyranitar|move: Protect
|
|-weather|RainDance|[upkeep]
|-heal|p2a: Archaludon|31/100|[from] item: Leftovers
|upkeep
|turn|7
|
|t:|1785147384
|detailschange|p1b: Tyranitar|Tyranitar-Mega, L50, F
|-mega|p1b: Tyranitar|Tyranitar|Tyranitarite
|-weather|Sandstorm|[from] ability: Sand Stream|[of] p1b: Tyranitar
|move|p1a: Excadrill|Rock Slide|p2a: Archaludon|[spread] p2a,p2b
|-resisted|p2a: Archaludon|1
|-supereffective|p2b: Pelipper|1
|-damage|p2a: Archaludon|28/100
|-damage|p2b: Pelipper|22/100
|-ability|p2a: Archaludon|Stamina|boost
|-boost|p2a: Archaludon|def|1
|move|p1b: Tyranitar|High Horsepower|p2a: Archaludon
|-supereffective|p2a: Archaludon|1
|-damage|p2a: Archaludon|11/100
|-ability|p2a: Archaludon|Stamina|boost
|-boost|p2a: Archaludon|def|1
|cant|p2b: Pelipper|flinch
|move|p2a: Archaludon|Flash Cannon|p1b: Tyranitar
|-supereffective|p1b: Tyranitar|1
|-damage|p1b: Tyranitar|40/100
|
|-weather|Sandstorm|[upkeep]
|-damage|p2b: Pelipper|17/100|[from] Sandstorm
|-heal|p2a: Archaludon|17/100|[from] item: Leftovers
|upkeep
|turn|8
|
|t:|1785147407
|move|p2a: Archaludon|Protect|p2a: Archaludon
|-singleturn|p2a: Archaludon|Protect
|move|p1a: Excadrill|Rock Slide|p2b: Pelipper|[spread] p2b
|-activate|p2a: Archaludon|move: Protect
|-supereffective|p2b: Pelipper|1
|-damage|p2b: Pelipper|0 fnt
|faint|p2b: Pelipper
|move|p1b: Tyranitar|High Horsepower|p2a: Archaludon
|-activate|p2a: Archaludon|move: Protect
|
|-weather|Sandstorm|[upkeep]
|-heal|p2a: Archaludon|23/100|[from] item: Leftovers
|upkeep
|
|t:|1785147412
|switch|p2b: Swampert|Swampert-Mega, L50, F|82/100
|turn|9
|
|t:|1785147430
|move|p1b: Tyranitar|Protect|p1b: Tyranitar
|-singleturn|p1b: Tyranitar|Protect
|move|p1a: Excadrill|Earthquake|p2b: Swampert|[spread] p2a,p2b
|-activate|p1b: Tyranitar|move: Protect
|-supereffective|p2a: Archaludon|1
|-damage|p2a: Archaludon|7/100
|-damage|p2b: Swampert|45/100
|-ability|p2a: Archaludon|Stamina|boost
|-boost|p2a: Archaludon|def|1
|move|p2b: Swampert|Wave Crash|p1b: Tyranitar
|-activate|p1b: Tyranitar|move: Protect
|move|p2a: Archaludon|Flash Cannon|p1a: Excadrill
|-resisted|p1a: Excadrill|1
|-damage|p1a: Excadrill|0 fnt
|faint|p1a: Excadrill
|
|-weather|Sandstorm|[upkeep]
|-heal|p2a: Archaludon|13/100|[from] item: Leftovers
|upkeep
|turn|10
|
|t:|1785147448
|move|p2b: Swampert|Protect|p2b: Swampert
|-singleturn|p2b: Swampert|Protect
|move|p2a: Archaludon|Protect|p2a: Archaludon
|-singleturn|p2a: Archaludon|Protect
|move|p1b: Tyranitar|High Horsepower|p2a: Archaludon
|-activate|p2a: Archaludon|move: Protect
|
|-weather|Sandstorm|[upkeep]
|-heal|p2a: Archaludon|19/100|[from] item: Leftovers
|upkeep
|turn|11
|c|☆irluke|ggs
|-message|irluke forfeited.
|
|win|404elephants
|c|☆404elephants|ggs
|l| Cerebellibrarian
|l| FullCrimp
|l|☆irluke
|player|p1|
|l| monsoonisbest
|j|☆irluke
|player|p1|irluke|n|
|l| 5wamp
|l|☆irluke
|player|p1|
|j|☆irluke
|player|p1|irluke|n|
|l|☆irluke
|player|p1|
|j|☆irluke
|player|p1|irluke|n|
|l|☆irluke
|player|p1|
