|j|☆Iche8647/5
|j|☆Glaxx
|html|Iche8647/5Glaxx    
|uhtml|bestof|Game 1 of a best-of-3
|t:|1785409567
|gametype|doubles
|player|p1|Iche8647/5|266|1049
|player|p2|Glaxx|red|1000
|gen|9
|tier|[Gen 9 Champions] VGC 2026 Reg M-B (Bo3)
|rated|
|rule|Species Clause: Limit one of each Pokémon
|rule|Item Clause: Limit 1 of each item
|clearpoke
|poke|p1|Pikachu, L50, M|
|poke|p1|Tyranitar, L50, F|
|poke|p1|Blaziken, L50, M|
|poke|p1|Excadrill, L50, M|
|poke|p1|Milotic, L50, F|
|poke|p1|Sinistcha-Masterpiece, L50|
|poke|p2|Sceptile, L50, M, shiny|
|poke|p2|Metagross, L50, shiny|
|poke|p2|Milotic, L50, F, shiny|
|poke|p2|Arcanine-Hisui, L50, M, shiny|
|poke|p2|Gardevoir, L50, F, shiny|
|poke|p2|Rotom, L50, shiny|
|teampreview|4
|showteam|p1|Pikachu||LightBall|LightningRod|FakeOut,Thunderbolt,VoltSwitch,AlluringVoice|Hasty||M|||50|]Tyranitar||Tyranitarite|SandStream|KnockOff,RockSlide,Protect,HighHorsepower|Jolly||F|||50|]Blaziken||Blazikenite|SpeedBoost|FlareBlitz,CloseCombat,PoisonJab,Protect|Adamant||M|||50|]Excadrill||FocusSash|SandRush|HighHorsepower,IronHead,RockSlide,Protect|Jolly||M|||50|]Milotic||SitrusBerry|Competitive|Scald,IcyWind,IceBeam,Protect|Calm||F|||50|]Sinistcha-Masterpiece||KasibBerry|Hospitality|MatchaGotcha,ShadowBall,RagePowder,Protect|Bold|||||50|
|showteam|p2|Sceptile||Sceptilite|Unburden|DragonPulse,LeafStorm,Protect,EarthPower|Timid||M|||50|]Metagross||Metagrossite|ClearBody|Trailblaze,IcePunch,PsychicFangs,MeteorMash|Jolly|||||50|]Milotic||Leftovers|Competitive|IcyWind,AlluringVoice,Scald,RainDance|Modest||F|||50|]Arcanine-Hisui||ExpertBelt|RockHead|ExtremeSpeed,FlareBlitz,HeadSmash,WildCharge|Adamant||M|||50|]Gardevoir||ZoomLens|Trace|Psyshock,AuraSphere,DazzlingGleam,SkillSwap|Quiet||F|||50|]Rotom||ChoiceScarf|Levitate|Discharge,ShadowBall,WillOWisp,Trick|Timid|||||50|
|inactive|Battle timer is ON: inactive players will automatically lose when time's up. (requested by Glaxx)
|
|t:|1785409600
|teamsize|p1|4
|teamsize|p2|4
|start
|switch|p1a: Tyranitar|Tyranitar, L50, F|100/100
|switch|p1b: Excadrill|Excadrill, L50, M|100/100
|switch|p2a: Sceptile|Sceptile, L50, M, shiny|100/100
|switch|p2b: Milotic|Milotic, L50, F, shiny|100/100
|-weather|Sandstorm|[from] ability: Sand Stream|[of] p1a: Tyranitar
|turn|1
|inactive|Iche8647/5 has 30 seconds left.
|
|t:|1785409630
|detailschange|p2a: Sceptile|Sceptile-Mega, L50, M, shiny
|-mega|p2a: Sceptile|Sceptile|Sceptilite
|move|p2a: Sceptile|Protect|p2a: Sceptile
|-singleturn|p2a: Sceptile|Protect
|move|p1a: Tyranitar|Protect|p1a: Tyranitar
|-singleturn|p1a: Tyranitar|Protect
|move|p1b: Excadrill|Iron Head|p2a: Sceptile
|-activate|p2a: Sceptile|move: Protect
|move|p2b: Milotic|Icy Wind|p1b: Excadrill|[spread] p1b
|-activate|p1a: Tyranitar|move: Protect
|-damage|p1b: Excadrill|83/100
|-unboost|p1b: Excadrill|spe|1
|
|-weather|Sandstorm|[upkeep]
|-damage|p2a: Sceptile|93/100|[from] Sandstorm
|-damage|p2b: Milotic|94/100|[from] Sandstorm
|-heal|p2b: Milotic|100/100|[from] item: Leftovers
|upkeep
|turn|2
|
|t:|1785409653
|switch|p2a: Metagross|Metagross, L50, shiny|100/100
|move|p1b: Excadrill|High Horsepower|p2b: Milotic
|-damage|p2b: Milotic|52/100
|move|p1a: Tyranitar|Knock Off|p2b: Milotic
|-damage|p2b: Milotic|5/100
|-enditem|p2b: Milotic|Leftovers|[from] move: Knock Off|[of] p1a: Tyranitar
|move|p2b: Milotic|Scald|p1b: Excadrill
|-supereffective|p1b: Excadrill|1
|-damage|p1b: Excadrill|0 fnt
|faint|p1b: Excadrill
|
|-weather|Sandstorm|[upkeep]
|-damage|p2b: Milotic|0 fnt|[from] Sandstorm
|faint|p2b: Milotic
|upkeep
|
|t:|1785409677
|switch|p1b: Blaziken|Blaziken, L50, M|100/100
|switch|p2b: Rotom|Rotom, L50, shiny|100/100
|turn|3
|
|t:|1785409701
|move|p1b: Blaziken|Protect|p1b: Blaziken
|-singleturn|p1b: Blaziken|Protect
|move|p1a: Tyranitar|Protect|p1a: Tyranitar
|-singleturn|p1a: Tyranitar|Protect
|move|p2b: Rotom|Shadow Ball|p1b: Blaziken
|-activate|p1b: Blaziken|move: Protect
|move|p2a: Metagross|Trailblaze|p1a: Tyranitar
|-activate|p1a: Tyranitar|move: Protect
|
|-weather|Sandstorm|[upkeep]
|-damage|p2b: Rotom|94/100|[from] Sandstorm
|-damage|p1b: Blaziken|94/100|[from] Sandstorm
|-ability|p1b: Blaziken|Speed Boost|boost
|-boost|p1b: Blaziken|spe|1
|upkeep
|turn|4
|
|t:|1785409722
|detailschange|p1b: Blaziken|Blaziken-Mega, L50, M
|-mega|p1b: Blaziken|Blaziken|Blazikenite
|move|p2b: Rotom|Shadow Ball|p1b: Blaziken
|-damage|p1b: Blaziken|46/100
|move|p1b: Blaziken|Flare Blitz|p2a: Metagross
|-supereffective|p2a: Metagross|1
|-damage|p2a: Metagross|0 fnt
|faint|p2a: Metagross
|-damage|p1b: Blaziken|14/100|[from] Recoil
|move|p1a: Tyranitar|Knock Off|p2b: Rotom
|-supereffective|p2b: Rotom|1
|-damage|p2b: Rotom|0 fnt
|-enditem|p2b: Rotom|Choice Scarf|[from] move: Knock Off|[of] p1a: Tyranitar
|faint|p2b: Rotom
|
|-weather|Sandstorm|[upkeep]
|-damage|p1b: Blaziken|8/100|[from] Sandstorm
|-ability|p1b: Blaziken|Speed Boost|boost
|-boost|p1b: Blaziken|spe|1
|upkeep
|
|t:|1785409730
|switch|p2a: Sceptile|Sceptile-Mega, L50, M, shiny|93/100
|turn|5
|
|t:|1785409755
|switch|p1b: Milotic|Milotic, L50, F|100/100
|move|p2a: Sceptile|Protect|p2a: Sceptile
|-singleturn|p2a: Sceptile|Protect
|move|p1a: Tyranitar|Knock Off|p2a: Sceptile
|-activate|p2a: Sceptile|move: Protect
|
|-weather|none
|upkeep
|turn|6
|
|t:|1785409775
|move|p1b: Milotic|Protect|p1b: Milotic
|-singleturn|p1b: Milotic|Protect
|move|p2a: Sceptile|Leaf Storm|p1b: Milotic
|-activate|p1b: Milotic|move: Protect
|move|p1a: Tyranitar|Knock Off|p2a: Sceptile
|-damage|p2a: Sceptile|46/100
|
|upkeep
|turn|7
|
|t:|1785409784
|move|p2a: Sceptile|Earth Power|p1a: Tyranitar
|-supereffective|p1a: Tyranitar|1
|-damage|p1a: Tyranitar|33/100
|move|p1a: Tyranitar|Knock Off|p2a: Sceptile
|-damage|p2a: Sceptile|0 fnt
|faint|p2a: Sceptile
|
|win|Iche8647/5
|l|☆Glaxx
|player|p2|
|l|☆Iche8647/5
|player|p1|
||Glaxx is ready for game 2.
|inactive|Iche8647/5 has 30 seconds to confirm battle start!
||Iche8647/5 is ready for game 2.
|uhtml|next|Next: Game 2 of 3
|j|☆Iche8647/5
|player|p1|Iche8647/5|266|
