|j|☆Abhi504
|j|☆raksbach
|html|Abhi504raksbach    
|uhtml|bestof|Game 1 of a best-of-3
|t:|1783603736
|gametype|doubles
|player|p1|Abhi504|170|1080
|player|p2|raksbach|170|1046
|gen|9
|tier|[Gen 9 Champions] VGC 2026 Reg M-B (Bo3)
|rated|
|rule|Species Clause: Limit one of each Pokémon
|rule|Item Clause: Limit 1 of each item
|clearpoke
|poke|p1|Dragonite, L50, F|
|poke|p1|Basculegion, L50, M|
|poke|p1|Scizor, L50, F|
|poke|p1|Incineroar, L50, F|
|poke|p1|Pelipper, L50, F|
|poke|p1|Archaludon, L50, F|
|poke|p2|Incineroar, L50, M|
|poke|p2|Maushold, L50|
|poke|p2|Sinistcha, L50|
|poke|p2|Sneasler, L50, M|
|poke|p2|Blastoise, L50, F|
|poke|p2|Delphox, L50, M|
|teampreview|4
|showteam|p1|Dragonite||Dragoninite|InnerFocus|DragonPulse,Flamethrower,Tailwind,Protect|Timid||F|||50|]Basculegion||ChoiceScarf|Adaptability|WaveCrash,LastRespects,AquaJet,FlipTurn|Jolly||M|||50|]Scizor||Scizorite|Technician|BulletPunch,CloseCombat,SwordsDance,Protect|Adamant||F|||50|]Incineroar||SitrusBerry|Intimidate|FakeOut,FlareBlitz,ThroatChop,PartingShot|Adamant||F|||50|]Pelipper||FocusSash|Drizzle|WeatherBall,Protect,Tailwind,Hurricane|Bold||F|||50|]Archaludon||ChopleBerry|Stamina|AuraSphere,Protect,ElectroShot,DragonPulse|Timid||F|||50|
|showteam|p2|Incineroar||SitrusBerry|Intimidate|FakeOut,FlareBlitz,DarkestLariat,PartingShot|Impish||M|||50|]Maushold||ChopleBerry|FriendGuard|SuperFang,FollowMe,Protect,Feint|Impish|||||50|]Sinistcha||OccaBerry|Hospitality|MatchaGotcha,LifeDew,RagePowder,Protect|Bold|||||50|]Sneasler||FocusSash|PoisonTouch|FakeOut,CloseCombat,DireClaw,QuickGuard|Jolly||M|||50|]Blastoise||Blastoisinite|Torrent|WaterSpout,DarkPulse,ShellSmash,Protect|Modest||F|||50|]Delphox||Delphoxite|Blaze|HeatWave,Psychic,NastyPlot,Protect|Timid||M|||50|
|inactive|Battle timer is ON: inactive players will automatically lose when time's up. (requested by raksbach)
|inactive|raksbach has 60 seconds left.
|
|t:|1783603779
|teamsize|p1|4
|teamsize|p2|4
|start
|switch|p1a: Basculegion|Basculegion, L50, M|100/100
|switch|p1b: Incineroar|Incineroar, L50, F|100/100
|switch|p2a: Blastoise|Blastoise, L50, F|100/100
|switch|p2b: Maushold|Maushold, L50|100/100
|-ability|p1b: Incineroar|Intimidate|boost
|-unboost|p2a: Blastoise|atk|1
|-unboost|p2b: Maushold|atk|1
|turn|1
|inactive|Abhi504 has 30 seconds left.
|
|t:|1783603808
|detailschange|p2a: Blastoise|Blastoise-Mega, L50, F
|-mega|p2a: Blastoise|Blastoise|Blastoisinite
|move|p2a: Blastoise|Protect|p2a: Blastoise
|-singleturn|p2a: Blastoise|Protect
|move|p1b: Incineroar|Fake Out|p2a: Blastoise
|-activate|p2a: Blastoise|move: Protect
|move|p1a: Basculegion|Wave Crash|p2b: Maushold
|-damage|p2b: Maushold|30/100
|-damage|p1a: Basculegion|78/100|[from] Recoil
|move|p2b: Maushold|Super Fang|p1b: Incineroar
|-damage|p1b: Incineroar|50/100y
|-enditem|p1b: Incineroar|Sitrus Berry|[eat]
|-heal|p1b: Incineroar|74/100|[from] item: Sitrus Berry
|
|upkeep
|turn|2
|
|t:|1783603832
|switch|p1b: Pelipper|Pelipper, L50, F|100/100
|-weather|RainDance|[from] ability: Drizzle|[of] p1b: Pelipper
|move|p2b: Maushold|Follow Me|p2b: Maushold
|-singleturn|p2b: Maushold|move: Follow Me
|move|p1a: Basculegion|Wave Crash|p2b: Maushold
|-damage|p2b: Maushold|0 fnt
|faint|p2b: Maushold
|-damage|p1a: Basculegion|69/100|[from] Recoil
|move|p2a: Blastoise|Dark Pulse|p1a: Basculegion
|-supereffective|p1a: Basculegion|1
|-damage|p1a: Basculegion|0 fnt
|faint|p1a: Basculegion
|
|-weather|RainDance|[upkeep]
|upkeep
|
|t:|1783603848
|switch|p1a: Archaludon|Archaludon, L50, F|100/100
|switch|p2b: Sinistcha|Sinistcha, L50|100/100
|turn|3
|
|t:|1783603861
|move|p2b: Sinistcha|Rage Powder|p2b: Sinistcha
|-singleturn|p2b: Sinistcha|move: Rage Powder
|move|p1a: Archaludon|Electro Shot||[still]
|-prepare|p1a: Archaludon|Electro Shot
|-boost|p1a: Archaludon|spa|1
|-anim|p1a: Archaludon|Electro Shot|p2b: Sinistcha
|-resisted|p2b: Sinistcha|1
|-damage|p2b: Sinistcha|66/100
|move|p2a: Blastoise|Shell Smash|p2a: Blastoise
|-unboost|p2a: Blastoise|def|1
|-unboost|p2a: Blastoise|spd|1
|-boost|p2a: Blastoise|atk|2
|-boost|p2a: Blastoise|spa|2
|-boost|p2a: Blastoise|spe|2
|move|p1b: Pelipper|Hurricane|p2b: Sinistcha
|-supereffective|p2b: Sinistcha|1
|-damage|p2b: Sinistcha|2/100
|
|-weather|RainDance|[upkeep]
|upkeep
|turn|4
|inactive|Abhi504 has 30 seconds left.
|inactive|raksbach has 30 seconds left.
|inactive|raksbach has 20 seconds left.
|inactive|raksbach has 15 seconds left.
|inactive|raksbach has 10 seconds left.
|
|t:|1783603909
|move|p1a: Archaludon|Protect|p1a: Archaludon
|-singleturn|p1a: Archaludon|Protect
|move|p2b: Sinistcha|Rage Powder|p2b: Sinistcha
|-singleturn|p2b: Sinistcha|move: Rage Powder
|move|p2a: Blastoise|Water Spout|p1b: Pelipper|[spread] p1b
|-activate|p1a: Archaludon|move: Protect
|-resisted|p1b: Pelipper|1
|-enditem|p1b: Pelipper|Focus Sash
|-damage|p1b: Pelipper|1/100
|move|p1b: Pelipper|Tailwind|p1b: Pelipper
|-sidestart|p1: Abhi504|move: Tailwind
|
|-weather|RainDance|[upkeep]
|upkeep
|turn|5
|
|t:|1783603930
|move|p2b: Sinistcha|Rage Powder|p2b: Sinistcha
|-singleturn|p2b: Sinistcha|move: Rage Powder
|move|p1a: Archaludon|Electro Shot||[still]
|-prepare|p1a: Archaludon|Electro Shot
|-boost|p1a: Archaludon|spa|1
|-anim|p1a: Archaludon|Electro Shot|p2b: Sinistcha
|-resisted|p2b: Sinistcha|1
|-damage|p2b: Sinistcha|0 fnt
|faint|p2b: Sinistcha
|move|p2a: Blastoise|Water Spout|p1a: Archaludon|[spread] p1a,p1b
|-resisted|p1a: Archaludon|1
|-resisted|p1b: Pelipper|1
|-damage|p1a: Archaludon|0 fnt
|-damage|p1b: Pelipper|0 fnt
|faint|p1a: Archaludon
|faint|p1b: Pelipper
|
|-weather|RainDance|[upkeep]
|upkeep
|
|t:|1783603951
|switch|p2b: Sneasler|Sneasler, L50, M|100/100
|switch|p1b: Incineroar|Incineroar, L50, F|74/100
|-ability|p1b: Incineroar|Intimidate|boost
|-unboost|p2a: Blastoise|atk|1
|-unboost|p2b: Sneasler|atk|1
|turn|6
|
|t:|1783603959
|move|p2b: Sneasler|Fake Out|p1b: Incineroar
|-damage|p1b: Incineroar|65/100
|move|p2a: Blastoise|Water Spout|p1b: Incineroar
|-supereffective|p1b: Incineroar|1
|-damage|p1b: Incineroar|0 fnt
|faint|p1b: Incineroar
|
|win|raksbach
