|j|☆Crystneel
|j|☆Maxblueface
|html|CrystneelMaxblueface    
|uhtml|bestof|Game 2 of a best-of-3
|t:|1756925557
|gametype|doubles
|player|p1|Crystneel|101|1110
|player|p2|Maxblueface|265|1045
|gen|9
|tier|[Gen 9] VGC 2025 Reg H (Bo3)
|rated|
|rule|Species Clause: Limit one of each Pokémon
|rule|Item Clause: Limit 1 of each item
|clearpoke
|poke|p1|Volcarona, L50, F|
|poke|p1|Electabuzz, L50, F|
|poke|p1|Sneasler, L50, M|
|poke|p1|Rillaboom, L50, F|
|poke|p1|Dragonite, L50, F|
|poke|p1|Ursaluna-Bloodmoon, L50, M|
|poke|p2|Annihilape, L50, F|
|poke|p2|Whimsicott, L50, F|
|poke|p2|Garchomp, L50, M|
|poke|p2|Clefable, L50, F|
|poke|p2|Hydreigon, L50, M|
|poke|p2|Gholdengo, L50|
|teampreview|4
|showteam|p1|Volcarona||Leftovers|FlameBody|FieryDance,QuiverDance,GigaDrain,Protect|||F|||50|,,,,,Water]Electabuzz||Eviolite|Static|FollowMe,Electroweb,VoltSwitch,Taunt|||F|||50|,,,,,Fairy]Sneasler||GrassySeed|Unburden|DireClaw,CloseCombat,ThroatChop,Protect|||M|||50|,,,,,Dark]Rillaboom||AssaultVest|GrassySurge|FakeOut,GrassyGlide,WoodHammer,Uturn|||F|||50|,,,,,Fire]Dragonite||LoadedDice|Multiscale|ExtremeSpeed,ScaleShot,IceSpinner,LowKick|||F|||50|,,,,,Normal]Ursaluna-Bloodmoon||ThroatSpray|MindsEye|BloodMoon,HyperVoice,EarthPower,Protect|||M|||50|,,,,,Poison
|showteam|p2|Annihilape||SafetyGoggles|Defiant|Protect,BulkUp,DrainPunch,RageFist|||F|||50|,,,,,Water]Whimsicott||FocusSash|Prankster|SunnyDay,Encore,Tailwind,Moonblast|||F|||50|,,,,,Ghost]Garchomp||LifeOrb|RoughSkin|Protect,StompingTantrum,DragonClaw,Earthquake|||M|||50|,,,,,Steel]Clefable||SitrusBerry|Unaware|Protect,FollowMe,MistyTerrain,Moonblast|||F|||50|,,,,,Water]Hydreigon||ChoiceSpecs|Levitate|HeatWave,Snarl,DarkPulse,DracoMeteor|||M|||50|,,,,,Fire]Gholdengo||MetalCoat|GoodasGold|Protect,NastyPlot,ShadowBall,MakeItRain||||||50|,,,,,Steel
|inactive|Battle timer is ON: inactive players will automatically lose when time's up. (requested by Crystneel)
|
|t:|1756925619
|teamsize|p1|4
|teamsize|p2|4
|start
|switch|p1a: Rillaboom|Rillaboom, L50, F|100/100
|switch|p1b: Sneasler|Sneasler, L50, M|100/100
|switch|p2a: Hydreigon|Hydreigon, L50, M|100/100
|switch|p2b: Whimsicott|Whimsicott, L50, F|100/100
|-fieldstart|move: Grassy Terrain|[from] ability: Grassy Surge|[of] p1a: Rillaboom
|-enditem|p1b: Sneasler|Grassy Seed
|-boost|p1b: Sneasler|def|1|[from] item: Grassy Seed
|turn|1
|inactive|Maxblueface has 30 seconds left.
|inactive|Maxblueface has 20 seconds left.
|
|t:|1756925658
|-terastallize|p2a: Hydreigon|Fire
|move|p1a: Rillaboom|Fake Out|p2b: Whimsicott
|-damage|p2b: Whimsicott|80/100
|cant|p2b: Whimsicott|flinch
|move|p1b: Sneasler|Close Combat|p2a: Hydreigon
|-damage|p2a: Hydreigon|25/100
|-unboost|p1b: Sneasler|def|1
|-unboost|p1b: Sneasler|spd|1
|move|p2a: Hydreigon|Heat Wave|p1a: Rillaboom|[spread] p1a,p1b
|-supereffective|p1a: Rillaboom
|-damage|p1a: Rillaboom|9/100
|-damage|p1b: Sneasler|0 fnt
|faint|p1b: Sneasler
|
|-heal|p2b: Whimsicott|86/100|[from] Grassy Terrain
|-heal|p1a: Rillaboom|15/100|[from] Grassy Terrain
|upkeep
|
|t:|1756925677
|switch|p1b: Volcarona|Volcarona, L50, F|100/100
|turn|2
|
|t:|1756925695
|switch|p2a: Garchomp|Garchomp, L50, M|100/100
|switch|p1a: Electabuzz|Electabuzz, L50, F|100/100
|move|p2b: Whimsicott|Encore||[still]
|-fail|p2b: Whimsicott
|move|p1b: Volcarona|Fiery Dance|p2b: Whimsicott
|-supereffective|p2b: Whimsicott
|-damage|p2b: Whimsicott|0 fnt
|faint|p2b: Whimsicott
|
|upkeep
|
|t:|1756925709
|switch|p2b: Hydreigon|Hydreigon, L50, M, tera:Fire|25/100
|turn|3
|
|t:|1756925727
|-terastallize|p1a: Electabuzz|Fairy
|move|p1b: Volcarona|Protect|p1b: Volcarona
|-singleturn|p1b: Volcarona|Protect
|move|p2a: Garchomp|Dragon Claw|p1a: Electabuzz
|-immune|p1a: Electabuzz
|move|p2b: Hydreigon|Snarl|p1a: Electabuzz|[spread] p1a
|-activate|p1b: Volcarona|move: Protect
|-resisted|p1a: Electabuzz
|-damage|p1a: Electabuzz|90/100
|-unboost|p1a: Electabuzz|spa|1
|move|p1a: Electabuzz|Electroweb|p2b: Hydreigon|[spread] p2b
|-immune|p2a: Garchomp
|-damage|p2b: Hydreigon|15/100
|-unboost|p2b: Hydreigon|spe|1
|
|-heal|p1a: Electabuzz|96/100|[from] Grassy Terrain
|upkeep
|turn|4
|inactive|Crystneel has 30 seconds left.
|inactive|Maxblueface has 30 seconds left.
|
|t:|1756925754
|move|p1a: Electabuzz|Follow Me|p1a: Electabuzz
|-singleturn|p1a: Electabuzz|move: Follow Me
|move|p2a: Garchomp|Earthquake|p1a: Electabuzz|[spread] p1a,p1b
|-immune|p2b: Hydreigon|[from] ability: Levitate
|-damage|p1a: Electabuzz|73/100
|-damage|p1b: Volcarona|71/100
|-damage|p2a: Garchomp|91/100|[from] item: Life Orb
|move|p1b: Volcarona|Quiver Dance|p1b: Volcarona
|-boost|p1b: Volcarona|spa|1
|-boost|p1b: Volcarona|spd|1
|-boost|p1b: Volcarona|spe|1
|move|p2b: Hydreigon|Snarl|p1b: Volcarona|[spread] p1a,p1b
|-resisted|p1a: Electabuzz
|-damage|p1a: Electabuzz|62/100
|-damage|p1b: Volcarona|52/100
|-unboost|p1a: Electabuzz|spa|1
|-unboost|p1b: Volcarona|spa|1
|
|-heal|p1b: Volcarona|58/100|[from] Grassy Terrain
|-heal|p1b: Volcarona|64/100|[from] item: Leftovers
|-heal|p2a: Garchomp|97/100|[from] Grassy Terrain
|-heal|p1a: Electabuzz|68/100|[from] Grassy Terrain
|upkeep
|turn|5
|
|t:|1756925779
|move|p1b: Volcarona|Giga Drain|p2a: Garchomp
|-damage|p2a: Garchomp|65/100
|-heal|p1b: Volcarona|79/100|[from] drain|[of] p2a: Garchomp
|move|p2a: Garchomp|Earthquake|p1b: Volcarona|[spread] p1a,p1b
|-immune|p2b: Hydreigon|[from] ability: Levitate
|-damage|p1a: Electabuzz|43/100
|-damage|p1b: Volcarona|47/100
|-damage|p2a: Garchomp|55/100|[from] item: Life Orb
|move|p1a: Electabuzz|Electroweb|p2b: Hydreigon|[spread] 
|-immune|p2a: Garchomp
|-miss|p1a: Electabuzz|p2b: Hydreigon
|move|p2b: Hydreigon|Snarl|p1b: Volcarona|[spread] p1a,p1b
|-resisted|p1a: Electabuzz
|-damage|p1a: Electabuzz|33/100
|-damage|p1b: Volcarona|27/100
|-unboost|p1a: Electabuzz|spa|1
|-unboost|p1b: Volcarona|spa|1
|
|-heal|p1b: Volcarona|33/100|[from] Grassy Terrain
|-heal|p1b: Volcarona|39/100|[from] item: Leftovers
|-heal|p2a: Garchomp|61/100|[from] Grassy Terrain
|-heal|p1a: Electabuzz|39/100|[from] Grassy Terrain
|-fieldend|move: Grassy Terrain
|upkeep
|turn|6
|inactive|Maxblueface has 30 seconds left.
|inactive|Maxblueface has 20 seconds left.
|inactive|Maxblueface has 15 seconds left.
|
|t:|1756925821
|switch|p1a: Rillaboom|Rillaboom, L50, F|15/100
|-fieldstart|move: Grassy Terrain|[from] ability: Grassy Surge|[of] p1a: Rillaboom
|move|p1b: Volcarona|Protect|p1b: Volcarona
|-singleturn|p1b: Volcarona|Protect
|move|p2a: Garchomp|Earthquake|p1a: Rillaboom|[spread] p1a
|-activate|p1b: Volcarona|move: Protect
|-immune|p2b: Hydreigon|[from] ability: Levitate
|-resisted|p1a: Rillaboom
|-damage|p1a: Rillaboom|2/100
|-damage|p2a: Garchomp|51/100|[from] item: Life Orb
|move|p2b: Hydreigon|Snarl|p1a: Rillaboom|[spread] 
|-activate|p1b: Volcarona|move: Protect
|-miss|p2b: Hydreigon|p1a: Rillaboom
|
|-heal|p1b: Volcarona|44/100|[from] Grassy Terrain
|-heal|p1b: Volcarona|50/100|[from] item: Leftovers
|-heal|p2a: Garchomp|57/100|[from] Grassy Terrain
|-heal|p1a: Rillaboom|8/100|[from] Grassy Terrain
|upkeep
|turn|7
|inactive|Crystneel has 30 seconds left.
|inactive|Maxblueface has 30 seconds left.
|inactive|Maxblueface has 20 seconds left.
|
|t:|1756925860
|switch|p2b: Annihilape|Annihilape, L50, F|100/100
|move|p1a: Rillaboom|Fake Out|p2b: Annihilape
|-immune|p2b: Annihilape
|move|p1b: Volcarona|Giga Drain|p2a: Garchomp
|-damage|p2a: Garchomp|36/100
|-heal|p1b: Volcarona|61/100|[from] drain|[of] p2a: Garchomp
|move|p2a: Garchomp|Stomping Tantrum|p1b: Volcarona
|-damage|p1b: Volcarona|3/100
|-damage|p2a: Garchomp|26/100|[from] item: Life Orb
|
|-heal|p1b: Volcarona|9/100|[from] Grassy Terrain
|-heal|p1b: Volcarona|15/100|[from] item: Leftovers
|-heal|p2a: Garchomp|32/100|[from] Grassy Terrain
|-heal|p1a: Rillaboom|14/100|[from] Grassy Terrain
|upkeep
|turn|8
|
|t:|1756925881
|switch|p2b: Hydreigon|Hydreigon, L50, M, tera:Fire|15/100
|move|p1b: Volcarona|Protect|p1b: Volcarona
|-singleturn|p1b: Volcarona|Protect
|move|p1a: Rillaboom|Grassy Glide|p2a: Garchomp
|-damage|p2a: Garchomp|0 fnt
|-damage|p1a: Rillaboom|2/100|[from] ability: Rough Skin|[of] p2a: Garchomp
|faint|p2a: Garchomp
|
|-heal|p1b: Volcarona|20/100|[from] Grassy Terrain
|-heal|p1b: Volcarona|26/100|[from] item: Leftovers
|-heal|p1a: Rillaboom|8/100|[from] Grassy Terrain
|upkeep
|
|t:|1756925896
|switch|p2a: Annihilape|Annihilape, L50, F|100/100
|turn|9
|
|t:|1756925914
|move|p1a: Rillaboom|Grassy Glide|p2b: Hydreigon
|-resisted|p2b: Hydreigon
|-damage|p2b: Hydreigon|0 fnt
|faint|p2b: Hydreigon
|move|p1b: Volcarona|Giga Drain|p2a: Annihilape
|-damage|p2a: Annihilape|81/100
|-heal|p1b: Volcarona|37/100|[from] drain|[of] p2a: Annihilape
|move|p2a: Annihilape|Rage Fist|p1b: Volcarona
|-damage|p1b: Volcarona|0 fnt
|-status|p2a: Annihilape|brn|[from] ability: Flame Body|[of] p1b: Volcarona
|faint|p1b: Volcarona
|
|-heal|p2a: Annihilape|87/100 brn|[from] Grassy Terrain
|-heal|p1a: Rillaboom|14/100|[from] Grassy Terrain
|-damage|p2a: Annihilape|81/100 brn|[from] brn
|upkeep
|
|t:|1756925931
|switch|p1b: Electabuzz|Electabuzz, L50, F, tera:Fairy|39/100
|turn|10
|
|t:|1756925940
|move|p1b: Electabuzz|Follow Me|p1b: Electabuzz
|-singleturn|p1b: Electabuzz|move: Follow Me
|move|p2a: Annihilape|Bulk Up|p2a: Annihilape
|-boost|p2a: Annihilape|atk|1
|-boost|p2a: Annihilape|def|1
|move|p1a: Rillaboom|Wood Hammer|p2a: Annihilape
|-damage|p2a: Annihilape|21/100 brn
|-damage|p1a: Rillaboom|0 fnt|[from] Recoil
|faint|p1a: Rillaboom
|
|-heal|p2a: Annihilape|27/100 brn|[from] Grassy Terrain
|-heal|p1b: Electabuzz|45/100|[from] Grassy Terrain
|-damage|p2a: Annihilape|21/100 brn|[from] brn
|-fieldend|move: Grassy Terrain
|upkeep
|turn|11
|inactive|Maxblueface has 30 seconds left.
|
|t:|1756925969
|move|p2a: Annihilape|Drain Punch|p1b: Electabuzz
|-resisted|p1b: Electabuzz
|-damage|p1b: Electabuzz|35/100
|-heal|p2a: Annihilape|25/100 brn|[from] drain|[of] p1b: Electabuzz
|move|p1b: Electabuzz|Volt Switch|p2a: Annihilape
|-damage|p2a: Annihilape|4/100 brn
|
|-damage|p2a: Annihilape|0 fnt|[from] brn
|faint|p2a: Annihilape
|
|win|Crystneel
|raw|Crystneel's rating: 1110 → 1130(+20 for winning)
|raw|Maxblueface's rating: 1045 → 1031(-14 for losing)
