|j|☆mashuno
|j|☆Sticky55
|html|mashunoSticky55    
|uhtml|bestof|Game 3 of a best-of-3
|t:|1782498622
|gametype|doubles
|player|p1|mashuno|harlequin|1099
|player|p2|Sticky55|169|1235
|gen|9
|tier|[Gen 9 Champions] VGC 2026 Reg M-B (Bo3)
|rated|
|rule|Species Clause: Limit one of each Pokémon
|rule|Item Clause: Limit 1 of each item
|clearpoke
|poke|p1|Pelipper, L50, F|
|poke|p1|Metagross, L50|
|poke|p1|Gyarados, L50, F|
|poke|p1|Incineroar, L50, F|
|poke|p1|Rotom-Mow, L50|
|poke|p1|Garchomp, L50, M|
|poke|p2|Blaziken, L50, F|
|poke|p2|Grimmsnarl, L50, M|
|poke|p2|Aerodactyl, L50, M|
|poke|p2|Sinistcha, L50|
|poke|p2|Kingambit, L50, M|
|poke|p2|Floette-Eternal, L50, F|
|teampreview|4
|showteam|p1|Pelipper||DampRock|Drizzle|WeatherBall,Hurricane,Tailwind,RainDance|Calm||F|||50|]Metagross||Metagrossite|ClearBody|Protect,PsychicFangs,BulletPunch,StompingTantrum|Jolly|||||50|]Gyarados||Gyaradosite|Moxie|Protect,Crunch,Waterfall,DragonDance|Jolly||F|||50|]Incineroar||PasshoBerry|Intimidate|FakeOut,FlareBlitz,ThroatChop,PartingShot|Impish||F|||50|]Rotom-Mow||SitrusBerry|Levitate|Protect,LeafStorm,VoltSwitch,WillOWisp|Calm|||||50|]Garchomp||LifeOrb|RoughSkin|Protect,DragonClaw,Earthquake,RockSlide|Jolly||M|||50|
|showteam|p2|Blaziken||LifeOrb|SpeedBoost|FlareBlitz,CloseCombat,Protect,RockSlide|Adamant||F|||50|]Grimmsnarl||LightClay|Prankster|PartingShot,LightScreen,SpiritBreak,Reflect|Adamant||M|||50|]Aerodactyl||Aerodactylite|Unnerve|IceFang,Tailwind,DualWingbeat,RockSlide|Jolly||M|||50|]Sinistcha||SitrusBerry|Hospitality|MatchaGotcha,Protect,TrickRoom,RagePowder|Bold|||||50|]Kingambit||BlackGlasses|Defiant|Protect,SuckerPunch,KowtowCleave,SwordsDance|Adamant||M|||50|]Floette-Eternal||Floettite|FlowerVeil|DazzlingGleam,Moonblast,Protect,CalmMind|Modest||F|||50|
|inactive|Battle timer is ON: inactive players will automatically lose when time's up. (requested by Sticky55)
|inactive|mashuno has 60 seconds left.
|inactive|Sticky55 has 60 seconds left.
|
|t:|1782498662
|teamsize|p1|4
|teamsize|p2|4
|start
|switch|p1a: Metagross|Metagross, L50|100/100
|switch|p1b: Rotom|Rotom-Mow, L50|100/100
|switch|p2a: Aerodactyl|Aerodactyl, L50, M|100/100
|switch|p2b: Floette|Floette-Eternal, L50, F|100/100
|-ability|p2a: Aerodactyl|Unnerve
|turn|1
|inactive|mashuno has 30 seconds left.
|inactive|Sticky55 has 30 seconds left.
|inactive|Sticky55 has 20 seconds left.
|inactive|Sticky55 has 15 seconds left.
|
|t:|1782498704
|switch|p2a: Sinistcha|Sinistcha, L50|100/100
|switch|p1b: Pelipper|Pelipper, L50, F|100/100
|-weather|RainDance|[from] ability: Drizzle|[of] p1b: Pelipper
|detailschange|p1a: Metagross|Metagross-Mega, L50
|-mega|p1a: Metagross|Metagross|Metagrossite
|move|p2b: Floette|Protect|p2b: Floette
|-singleturn|p2b: Floette|Protect
|move|p1a: Metagross|Stomping Tantrum|p2b: Floette
|-activate|p2b: Floette|move: Protect
|
|-weather|RainDance|[upkeep]
|upkeep
|turn|2
|inactive|mashuno has 30 seconds left.
|inactive|Sticky55 has 30 seconds left.
|inactive|mashuno has 20 seconds left.
|inactive|Sticky55 has 20 seconds left.
|inactive|Sticky55 has 15 seconds left.
|
|t:|1782498748
|switch|p2a: Kingambit|Kingambit, L50, M|100/100
|detailschange|p2b: Floette|Floette-Mega, L50, F
|-mega|p2b: Floette|Floette|Floettite
|-ability|p2b: Floette|Fairy Aura
|move|p1a: Metagross|Bullet Punch|p2b: Floette
|-supereffective|p2b: Floette|1
|-damage|p2b: Floette|25/100
|move|p2b: Floette|Dazzling Gleam|p1a: Metagross|[spread] p1a,p1b
|-resisted|p1a: Metagross|1
|-damage|p1a: Metagross|73/100
|-damage|p1b: Pelipper|45/100
|move|p1b: Pelipper|Hurricane|p2a: Kingambit
|-resisted|p2a: Kingambit|1
|-damage|p2a: Kingambit|79/100
|-start|p2a: Kingambit|confusion
|
|-weather|RainDance|[upkeep]
|upkeep
|turn|3
|inactive|mashuno has 30 seconds left.
|inactive|Sticky55 has 30 seconds left.
|inactive|mashuno has 20 seconds left.
|inactive|Sticky55 has 20 seconds left.
|inactive|Sticky55 has 15 seconds left.
|inactive|Sticky55 has 10 seconds left.
|
|t:|1782498797
|switch|p1a: Garchomp|Garchomp, L50, M|100/100
|switch|p1b: Rotom|Rotom-Mow, L50|100/100
|-activate|p2a: Kingambit|confusion
|-damage|p2a: Kingambit|67/100|[from] confusion
|move|p2b: Floette|Moonblast|p1b: Rotom
|-damage|p1b: Rotom|24/100
|-enditem|p1b: Rotom|Sitrus Berry|[eat]
|-heal|p1b: Rotom|49/100|[from] item: Sitrus Berry
|
|-weather|RainDance|[upkeep]
|upkeep
|turn|4
|inactive|mashuno has 30 seconds left.
|
|t:|1782498824
|switch|p2a: Sinistcha|Sinistcha, L50|100/100
|-heal|p2b: Floette|50/100g|[from] ability: Hospitality|[of] p2a: Sinistcha
|move|p2b: Floette|Protect|p2b: Floette
|-singleturn|p2b: Floette|Protect
|move|p1a: Garchomp|Earthquake|p2a: Sinistcha|[spread] p2a
|-activate|p2b: Floette|move: Protect
|-immune|p1b: Rotom|[from] ability: Levitate
|-resisted|p2a: Sinistcha|1
|-damage|p2a: Sinistcha|80/100
|-damage|p1a: Garchomp|90/100|[from] item: Life Orb
|move|p1b: Rotom|Will-O-Wisp|p2a: Sinistcha|[miss]
|-miss|p1b: Rotom|p2a: Sinistcha
|
|-weather|RainDance|[upkeep]
|upkeep
|turn|5
|inactive|mashuno has 30 seconds left.
|inactive|Sticky55 has 30 seconds left.
|
|t:|1782498859
|switch|p2b: Aerodactyl|Aerodactyl, L50, M|100/100
|-ability|p2b: Aerodactyl|Unnerve
|move|p1a: Garchomp|Protect|p1a: Garchomp
|-singleturn|p1a: Garchomp|Protect
|move|p1b: Rotom|Volt Switch|p2b: Aerodactyl
|-supereffective|p2b: Aerodactyl|1
|-damage|p2b: Aerodactyl|31/100
|
|t:|1782498868
|switch|p1b: Metagross|Metagross-Mega, L50|73/100|[from] Volt Switch
|move|p2a: Sinistcha|Matcha Gotcha|p1b: Metagross|[spread] p1b
|-activate|p1a: Garchomp|move: Protect
|-resisted|p1b: Metagross|1
|-damage|p1b: Metagross|60/100
|-heal|p2a: Sinistcha|86/100|[from] drain|[of] p1b: Metagross
|
|-weather|RainDance|[upkeep]
|upkeep
|turn|6
|inactive|mashuno has 30 seconds left.
|inactive|Sticky55 has 30 seconds left.
|inactive|Sticky55 has 20 seconds left.
|inactive|mashuno has 20 seconds left.
|inactive|Sticky55 has 15 seconds left.
|inactive|mashuno has 15 seconds left.
|inactive|Sticky55 has 10 seconds left.
|inactive|mashuno has 10 seconds left.
|inactive|Sticky55 has 5 seconds left.
|inactive|mashuno has 5 seconds left.
|
|t:|1782498925
|move|p1b: Metagross|Bullet Punch|p2b: Aerodactyl
|-supereffective|p2b: Aerodactyl|1
|-damage|p2b: Aerodactyl|0 fnt
|faint|p2b: Aerodactyl
|move|p1a: Garchomp|Dragon Claw|p2a: Sinistcha
|-damage|p2a: Sinistcha|44/100
|-enditem|p2a: Sinistcha|Sitrus Berry|[eat]
|-heal|p2a: Sinistcha|69/100|[from] item: Sitrus Berry
|-damage|p1a: Garchomp|80/100|[from] item: Life Orb
|move|p2a: Sinistcha|Matcha Gotcha|p1b: Metagross|[spread] p1a,p1b
|-resisted|p1b: Metagross|1
|-crit|p1b: Metagross
|-damage|p1a: Garchomp|52/100
|-heal|p2a: Sinistcha|84/100|[from] drain|[of] p1a: Garchomp
|-damage|p1b: Metagross|42/100
|-heal|p2a: Sinistcha|93/100|[from] drain|[of] p1b: Metagross
|-status|p1b: Metagross|brn
|
|-weather|RainDance|[upkeep]
|-damage|p1b: Metagross|36/100 brn|[from] brn
|upkeep
|
|t:|1782498949
|switch|p2b: Floette|Floette-Mega, L50, F|50/100g
|-ability|p2b: Floette|Fairy Aura
|turn|7
|inactive|mashuno has 30 seconds left.
|inactive|mashuno has 20 seconds left.
|
|t:|1782498984
|move|p2b: Floette|Protect|p2b: Floette
|-singleturn|p2b: Floette|Protect
|move|p1b: Metagross|Bullet Punch|p2b: Floette
|-activate|p2b: Floette|move: Protect
|move|p1a: Garchomp|Earthquake|p2a: Sinistcha|[spread] p1b,p2a
|-activate|p2b: Floette|move: Protect
|-supereffective|p1b: Metagross|1
|-resisted|p2a: Sinistcha|1
|-crit|p2a: Sinistcha
|-damage|p1b: Metagross|0 fnt
|-damage|p2a: Sinistcha|64/100
|faint|p1b: Metagross
|-damage|p1a: Garchomp|42/100|[from] item: Life Orb
|move|p2a: Sinistcha|Trick Room|p2a: Sinistcha
|-fieldstart|move: Trick Room|[of] p2a: Sinistcha
|
|-weather|RainDance|[upkeep]
|upkeep
|c|☆mashuno|gg
|-message|mashuno forfeited.
|
|win|Sticky55
|raw|mashuno's rating: 1099 → 1083(-16 for losing)
|raw|Sticky55's rating: 1235 → 1251(+16 for winning)
|c|☆Sticky55|ggs
|l|☆Sticky55
|player|p2|
