|j|☆kbcao
|j|☆shiroblast
|html|kbcaoshiroblast    
|uhtml|bestof|Game 1 of a best-of-3
|t:|1785294214
|gametype|doubles
|player|p1|kbcao|2|
|player|p2|shiroblast|benga|
|gen|9
|tier|[Gen 9 Champions] VGC 2026 Reg M-B (Bo3)
|rule|Species Clause: Limit one of each Pokémon
|rule|Item Clause: Limit 1 of each item
|clearpoke
|poke|p1|Garchomp, L50, F|
|poke|p1|Venusaur, L50, M|
|poke|p1|Incineroar, L50, F|
|poke|p1|Charizard, L50, M|
|poke|p1|Toxapex, L50, F|
|poke|p1|Annihilape, L50, M|
|poke|p2|Raichu, L50, M|
|poke|p2|Charizard, L50, F|
|poke|p2|Incineroar, L50, M|
|poke|p2|Farigiraf, L50, M|
|poke|p2|Sylveon, L50, M|
|poke|p2|Kingambit, L50, M|
|teampreview|4
|showteam|p1|Garchomp||ChoiceScarf|RoughSkin|Earthquake,RockSlide,DragonClaw,StompingTantrum|Adamant||F|||50|]Venusaur||LifeOrb|Chlorophyll|SludgeBomb,SolarBeam,EarthPower,Protect|Modest||M|||50|]Incineroar||SitrusBerry|Intimidate|FakeOut,FlareBlitz,ThroatChop,PartingShot|Impish||F|||50|]Charizard||CharizarditeY|Blaze|HeatWave,WeatherBall,Protect,HelpingHand|Modest||M|||50|]Toxapex||Leftovers|Regenerator|Infestation,Toxic,WideGuard,BanefulBunker|Impish||F|||50|]Annihilape||FocusSash|Defiant|CloseCombat,PhantomForce,RockTomb,Protect|Jolly||M|||50|
|showteam|p2|Raichu||RaichuniteY|LightningRod|FakeOut,ZapCannon,FocusBlast,Protect|Timid||M|||50|]Charizard||CharizarditeY|Blaze|HeatWave,WeatherBall,SolarBeam,Protect|Modest||F|||50|]Incineroar||SitrusBerry|Intimidate|FakeOut,FlareBlitz,DarkestLariat,PartingShot|Impish||M|||50|]Farigiraf||ColburBerry|ArmorTail|Psychic,Thunderbolt,HelpingHand,TrickRoom|Modest||M|||50|]Sylveon||FairyFeather|Pixilate|HyperVoice,Moonblast,Detect,CalmMind|Modest||M|||50|]Kingambit||LifeOrb|Defiant|SuckerPunch,KowtowCleave,Protect,SwordsDance|Adamant||M|||50|
|
|t:|1785295404
|teamsize|p1|4
|teamsize|p2|4
|start
|switch|p1a: Venusaur|Venusaur, L50, M|100/100
|switch|p1b: Charizard|Charizard, L50, M|100/100
|switch|p2a: Farigiraf|Farigiraf, L50, M|100/100
|switch|p2b: Charizard|Charizard, L50, F|100/100
|turn|1
|
|t:|1785295432
|detailschange|p1b: Charizard|Charizard-Mega-Y, L50, M
|-mega|p1b: Charizard|Charizard|Charizardite Y
|-weather|SunnyDay|[from] ability: Drought|[of] p1b: Charizard
|detailschange|p2b: Charizard|Charizard-Mega-Y, L50, F
|-mega|p2b: Charizard|Charizard|Charizardite Y
|move|p2a: Farigiraf|Helping Hand|p2b: Charizard
|-singleturn|p2b: Charizard|Helping Hand|[of] p2a: Farigiraf
|move|p1a: Venusaur|Sludge Bomb|p2b: Charizard
|-damage|p2b: Charizard|52/100
|-status|p2b: Charizard|psn
|-damage|p1a: Venusaur|90/100|[from] item: Life Orb
|move|p1b: Charizard|Weather Ball|p2b: Charizard
|-resisted|p2b: Charizard|1
|-damage|p2b: Charizard|15/100 psn
|move|p2b: Charizard|Heat Wave|p1a: Venusaur|[spread] p1b
|-miss|p2b: Charizard|p1a: Venusaur
|-resisted|p1b: Charizard|1
|-damage|p1b: Charizard|56/100
|
|-weather|SunnyDay|[upkeep]
|-damage|p2b: Charizard|3/100 psn|[from] psn
|upkeep
|turn|2
|
|t:|1785295471
|move|p1a: Venusaur|Protect|p1a: Venusaur
|-singleturn|p1a: Venusaur|Protect
|move|p1b: Charizard|Protect|p1b: Charizard
|-singleturn|p1b: Charizard|Protect
|move|p2b: Charizard|Heat Wave|p1b: Charizard|[spread] 
|-activate|p1a: Venusaur|move: Protect
|-activate|p1b: Charizard|move: Protect
|move|p2a: Farigiraf|Thunderbolt|p1b: Charizard
|-activate|p1b: Charizard|move: Protect
|
|-weather|SunnyDay|[upkeep]
|-damage|p2b: Charizard|0 fnt|[from] psn
|faint|p2b: Charizard
|upkeep
|
|t:|1785295485
|switch|p2b: Sylveon|Sylveon, L50, M|100/100
|turn|3
|
|t:|1785295511
|move|p2b: Sylveon|Detect|p2b: Sylveon
|-singleturn|p2b: Sylveon|Protect
|move|p1a: Venusaur|Sludge Bomb|p2b: Sylveon
|-activate|p2b: Sylveon|move: Protect
|move|p1b: Charizard|Heat Wave|p2b: Sylveon|[spread] p2a
|-activate|p2b: Sylveon|move: Protect
|-damage|p2a: Farigiraf|44/100
|-status|p2a: Farigiraf|brn
|move|p2a: Farigiraf|Trick Room|p2a: Farigiraf
|-fieldstart|move: Trick Room|[of] p2a: Farigiraf
|
|-weather|SunnyDay|[upkeep]
|-damage|p2a: Farigiraf|38/100 brn|[from] brn
|upkeep
|turn|4
|
|t:|1785295539
|switch|p2b: Incineroar|Incineroar, L50, M|100/100
|-ability|p2b: Incineroar|Intimidate|boost
|-unboost|p1a: Venusaur|atk|1
|-unboost|p1b: Charizard|atk|1
|switch|p1b: Toxapex|Toxapex, L50, F|100/100
|move|p2a: Farigiraf|Thunderbolt|p1a: Venusaur
|-resisted|p1a: Venusaur|1
|-damage|p1a: Venusaur|76/100
|move|p1a: Venusaur|Sludge Bomb|p2b: Incineroar
|-damage|p2b: Incineroar|54/100
|-damage|p1a: Venusaur|66/100|[from] item: Life Orb
|
|-weather|SunnyDay|[upkeep]
|-damage|p2a: Farigiraf|32/100 brn|[from] brn
|upkeep
|turn|5
|
|t:|1785295576
|move|p2b: Incineroar|Fake Out|p1a: Venusaur
|-damage|p1a: Venusaur|52/100
|move|p1b: Toxapex|Toxic|p2b: Incineroar
|-status|p2b: Incineroar|tox
|move|p2a: Farigiraf|Thunderbolt|p1b: Toxapex
|-supereffective|p1b: Toxapex|1
|-damage|p1b: Toxapex|61/100
|cant|p1a: Venusaur|flinch
|
|-weather|none
|-heal|p1b: Toxapex|67/100|[from] item: Leftovers
|-damage|p2b: Incineroar|49/100 tox|[from] psn
|-damage|p2a: Farigiraf|26/100 brn|[from] brn
|upkeep
|-enditem|p2b: Incineroar|Sitrus Berry|[eat]
|-heal|p2b: Incineroar|73/100 tox|[from] item: Sitrus Berry
|turn|6
|
|t:|1785295622
|switch|p1a: Charizard|Charizard-Mega-Y, L50, M|56/100
|-weather|SunnyDay|[from] ability: Drought|[of] p1a: Charizard
|move|p1b: Toxapex|Infestation|p2a: Farigiraf
|-supereffective|p2a: Farigiraf|1
|-damage|p2a: Farigiraf|20/100r brn
|-activate|p2a: Farigiraf|move: Infestation|[of] p1b: Toxapex
|move|p2a: Farigiraf|Psychic|p1a: Charizard
|-damage|p1a: Charizard|24/100
|move|p2b: Incineroar|Parting Shot|p1b: Toxapex
|-unboost|p1b: Toxapex|atk|1
|-unboost|p1b: Toxapex|spa|1
|
|t:|1785295633
|switch|p2b: Sylveon|Sylveon, L50, M|100/100|[from] Parting Shot
|
|-weather|SunnyDay|[upkeep]
|-heal|p1b: Toxapex|73/100|[from] item: Leftovers
|-damage|p2a: Farigiraf|13/100 brn|[from] brn
|-damage|p2a: Farigiraf|1/100 brn|[from] move: Infestation|[partiallytrapped]
|upkeep
|turn|7
|
|t:|1785295647
|move|p2a: Farigiraf|Helping Hand|p2b: Sylveon
|-singleturn|p2b: Sylveon|Helping Hand|[of] p2a: Farigiraf
|move|p1b: Toxapex|Baneful Bunker|p1b: Toxapex
|-singleturn|p1b: Toxapex|move: Protect
|move|p1a: Charizard|Protect|p1a: Charizard
|-singleturn|p1a: Charizard|Protect
|move|p2b: Sylveon|Hyper Voice|p1b: Toxapex|[spread] 
|-activate|p1a: Charizard|move: Protect
|-activate|p1b: Toxapex|move: Protect
|
|-weather|SunnyDay|[upkeep]
|-heal|p1b: Toxapex|78/100|[from] item: Leftovers
|-damage|p2a: Farigiraf|0 fnt|[from] brn
|faint|p2a: Farigiraf
|-fieldend|move: Trick Room
|upkeep
|
|t:|1785295660
|switch|p2a: Incineroar|Incineroar, L50, M|73/100 tox
|-ability|p2a: Incineroar|Intimidate|boost
|-unboost|p1a: Charizard|atk|1
|-unboost|p1b: Toxapex|atk|1
|turn|8
|
|t:|1785295673
|switch|p1a: Venusaur|Venusaur, L50, M|52/100
|move|p2a: Incineroar|Fake Out|p1b: Toxapex
|-damage|p1b: Toxapex|70/100
|move|p2b: Sylveon|Hyper Voice|p1a: Venusaur|[spread] p1a,p1b
|-resisted|p1a: Venusaur|1
|-resisted|p1b: Toxapex|1
|-damage|p1a: Venusaur|28/100
|-damage|p1b: Toxapex|54/100
|cant|p1b: Toxapex|flinch
|
|-weather|SunnyDay|[upkeep]
|-heal|p1b: Toxapex|60/100|[from] item: Leftovers
|-damage|p2a: Incineroar|67/100 tox|[from] psn
|upkeep
|turn|9
|
|t:|1785295693
|move|p2b: Sylveon|Detect|p2b: Sylveon
|-singleturn|p2b: Sylveon|Protect
|move|p1a: Venusaur|Earth Power|p2a: Incineroar
|-supereffective|p2a: Incineroar|1
|-crit|p2a: Incineroar
|-damage|p2a: Incineroar|0 fnt
|faint|p2a: Incineroar
|-damage|p1a: Venusaur|19/100|[from] item: Life Orb
|move|p1b: Toxapex|Toxic|p2b: Sylveon
|-activate|p2b: Sylveon|move: Protect
|
|-weather|SunnyDay|[upkeep]
|-heal|p1b: Toxapex|66/100|[from] item: Leftovers
|upkeep
|turn|10
|
|t:|1785295723
|move|p1a: Venusaur|Sludge Bomb|p2b: Sylveon
|-supereffective|p2b: Sylveon|1
|-damage|p2b: Sylveon|17/100
|-status|p2b: Sylveon|psn
|-damage|p1a: Venusaur|10/100|[from] item: Life Orb
|move|p2b: Sylveon|Moonblast|p1b: Toxapex
|-resisted|p1b: Toxapex|1
|-damage|p1b: Toxapex|46/100
|move|p1b: Toxapex|Toxic||[still]
|-fail|p1b: Toxapex
|
|-weather|none
|-heal|p1b: Toxapex|52/100|[from] item: Leftovers
|-damage|p2b: Sylveon|5/100 psn|[from] psn
|upkeep
|turn|11
|
|t:|1785295741
|move|p1a: Venusaur|Sludge Bomb|p2b: Sylveon
|-supereffective|p2b: Sylveon|1
|-damage|p2b: Sylveon|0 fnt
|faint|p2b: Sylveon
|-damage|p1a: Venusaur|1/100|[from] item: Life Orb
|
|win|kbcao
