|j|‽ALXlor
|j|☆saboyita
|html|ALXlorsaboyita    
|uhtml|bestof|Game 2 of a best-of-3
|t:|1756348040
|gametype|doubles
|player|p1|ALXlor|101|1059
|player|p2|saboyita|grimsley|1128
|gen|9
|tier|[Gen 9] VGC 2025 Reg H (Bo3)
|rated|
|rule|Species Clause: Limit one of each Pokémon
|rule|Item Clause: Limit 1 of each item
|clearpoke
|poke|p1|Gholdengo, L50|
|poke|p1|Incineroar, L50, F|
|poke|p1|Amoonguss, L50, F|
|poke|p1|Archaludon, L50, F|
|poke|p1|Pelipper, L50, M|
|poke|p1|Basculegion, L50, M|
|poke|p2|Amoonguss, L50, M|
|poke|p2|Hydreigon, L50, F|
|poke|p2|Whimsicott, L50, F|
|poke|p2|Maushold-Four, L50|
|poke|p2|Annihilape, L50, M|
|poke|p2|Ursaluna-Bloodmoon, L50, M|
|teampreview|4
|showteam|p1|Gholdengo||LifeOrb|GoodasGold|MakeItRain,ShadowBall,NastyPlot,Protect||||||50|,,,,,Water]Incineroar||SafetyGoggles|Intimidate|FakeOut,FlareBlitz,KnockOff,PartingShot|||F|||50|,,,,,Ghost]Amoonguss||SitrusBerry|Regenerator|Spore,RagePowder,SludgeBomb,Protect|||F|||50|,,,,,Dark]Archaludon||AssaultVest|Stamina|FlashCannon,ElectroShot,DracoMeteor,BodyPress|||F|||50|,,,,,Electric]Pelipper||CovertCloak|Drizzle|WeatherBall,Hurricane,Tailwind,Protect|||M|||50|,,,,,Dragon]Basculegion||MysticWater|SwiftSwim|WaveCrash,AquaJet,LastRespects,Protect|||M|||50|,,,,,Water
|showteam|p2|Amoonguss||MentalHerb|Regenerator|ClearSmog,Spore,RagePowder,Protect|||M|||50|,,,,,Water]Hydreigon||ChoiceSpecs|Levitate|Snarl,HeatWave,DarkPulse,DracoMeteor|||F|||50|,,,,,Ghost]Whimsicott||CovertCloak|Prankster|BeatUp,Encore,HelpingHand,Tailwind|||F|||50|,,,,,Dark]Maushold-Four||WideLens|Technician|PopulationBomb,Taunt,FollowMe,Protect||||||50|,,,,,Ghost]Annihilape||Leftovers|Defiant|RageFist,CloseCombat,FinalGambit,Protect|||M|||50|,,,,,Water]Ursaluna-Bloodmoon||LifeOrb|MindsEye|HyperVoice,EarthPower,BloodMoon,Protect|||M|||50|,,,,,Water
|inactive|Battle timer is ON: inactive players will automatically lose when time's up. (requested by saboyita)
|
|t:|1756348067
|teamsize|p1|4
|teamsize|p2|4
|start
|switch|p1a: Pelipper|Pelipper, L50, M|100/100
|switch|p1b: Amoonguss|Amoonguss, L50, F|100/100
|switch|p2a: Hydreigon|Hydreigon, L50, F|100/100
|switch|p2b: Whimsicott|Whimsicott, L50, F|100/100
|-weather|RainDance|[from] ability: Drizzle|[of] p1a: Pelipper
|turn|1
|inactive|ALXlor has 30 seconds left.
|inactive|saboyita has 30 seconds left.
|
|t:|1756348093
|move|p2b: Whimsicott|Helping Hand|p2a: Hydreigon
|-singleturn|p2a: Hydreigon|Helping Hand|[of] p2b: Whimsicott
|move|p2a: Hydreigon|Draco Meteor|p1b: Amoonguss|[miss]
|-miss|p2a: Hydreigon|p1b: Amoonguss
|move|p1a: Pelipper|Tailwind|p1a: Pelipper
|-sidestart|p1: ALXlor|move: Tailwind
|move|p1b: Amoonguss|Spore|p2a: Hydreigon
|-status|p2a: Hydreigon|slp|[from] move: Spore
|
|-weather|RainDance|[upkeep]
|upkeep
|turn|2
|
|t:|1756348116
|switch|p1a: Archaludon|Archaludon, L50, F|100/100
|switch|p2a: Annihilape|Annihilape, L50, M|100/100
|move|p2b: Whimsicott|Beat Up|p2a: Annihilape
|-damage|p2a: Annihilape|97/100
|-damage|p2a: Annihilape|95/100
|-damage|p2a: Annihilape|93/100
|-hitcount|p2a: Annihilape|3
|move|p1b: Amoonguss|Sludge Bomb|p2b: Whimsicott
|-supereffective|p2b: Whimsicott
|-damage|p2b: Whimsicott|0 fnt
|faint|p2b: Whimsicott
|
|-weather|RainDance|[upkeep]
|-heal|p2a: Annihilape|99/100|[from] item: Leftovers
|upkeep
|
|t:|1756348135
|switch|p2b: Maushold|Maushold-Four, L50|100/100
|turn|3
|
|t:|1756348152
|move|p2b: Maushold|Follow Me|p2b: Maushold
|-singleturn|p2b: Maushold|move: Follow Me
|move|p1b: Amoonguss|Rage Powder|p1b: Amoonguss
|-singleturn|p1b: Amoonguss|move: Rage Powder
|move|p1a: Archaludon|Electro Shot||[still]
|-prepare|p1a: Archaludon|Electro Shot
|-boost|p1a: Archaludon|spa|1
|-anim|p1a: Archaludon|Electro Shot|p2b: Maushold
|-damage|p2b: Maushold|0 fnt
|faint|p2b: Maushold
|move|p2a: Annihilape|Rage Fist|p1b: Amoonguss
|-damage|p1b: Amoonguss|15/100
|-enditem|p1b: Amoonguss|Sitrus Berry|[eat]
|-heal|p1b: Amoonguss|40/100|[from] item: Sitrus Berry
|
|-weather|RainDance|[upkeep]
|-heal|p2a: Annihilape|100/100|[from] item: Leftovers
|upkeep
|
|t:|1756348167
|switch|p2b: Hydreigon|Hydreigon, L50, F|100/100 slp
|turn|4
|
|t:|1756348179
|move|p1b: Amoonguss|Rage Powder|p1b: Amoonguss
|-singleturn|p1b: Amoonguss|move: Rage Powder
|move|p1a: Archaludon|Body Press|p2b: Hydreigon
|-supereffective|p2b: Hydreigon
|-damage|p2b: Hydreigon|47/100 slp
|move|p2a: Annihilape|Rage Fist|p1b: Amoonguss
|-damage|p1b: Amoonguss|0 fnt
|faint|p1b: Amoonguss
|cant|p2b: Hydreigon|slp
|
|-weather|RainDance|[upkeep]
|-sideend|p1: ALXlor|move: Tailwind
|upkeep
|
|t:|1756348194
|switch|p1b: Basculegion|Basculegion, L50, M|100/100
|turn|5
|
|t:|1756348218
|-terastallize|p2a: Annihilape|Water
|move|p1b: Basculegion|Wave Crash|p2a: Annihilape
|-resisted|p2a: Annihilape
|-damage|p2a: Annihilape|41/100
|-damage|p1b: Basculegion|81/100|[from] Recoil
|cant|p2b: Hydreigon|slp
|move|p2a: Annihilape|Rage Fist|p1b: Basculegion
|-supereffective|p1b: Basculegion
|-damage|p1b: Basculegion|0 fnt
|faint|p1b: Basculegion
|move|p1a: Archaludon|Body Press|p2b: Hydreigon
|-supereffective|p2b: Hydreigon
|-damage|p2b: Hydreigon|0 fnt
|faint|p2b: Hydreigon
|
|-weather|none
|-heal|p2a: Annihilape|47/100|[from] item: Leftovers
|upkeep
|
|t:|1756348239
|switch|p1b: Pelipper|Pelipper, L50, M|100/100
|-weather|RainDance|[from] ability: Drizzle|[of] p1b: Pelipper
|turn|6
|
|t:|1756348262
|move|p2a: Annihilape|Protect|p2a: Annihilape
|-singleturn|p2a: Annihilape|Protect
|move|p1a: Archaludon|Electro Shot||[still]
|-prepare|p1a: Archaludon|Electro Shot
|-boost|p1a: Archaludon|spa|1
|-anim|p1a: Archaludon|Electro Shot|p2a: Annihilape
|-activate|p2a: Annihilape|move: Protect
|move|p1b: Pelipper|Tailwind|p1b: Pelipper
|-sidestart|p1: ALXlor|move: Tailwind
|
|-weather|RainDance|[upkeep]
|-heal|p2a: Annihilape|54/100|[from] item: Leftovers
|upkeep
|turn|7
|
|t:|1756348278
|move|p1a: Archaludon|Electro Shot||[still]
|-prepare|p1a: Archaludon|Electro Shot
|-boost|p1a: Archaludon|spa|1
|-anim|p1a: Archaludon|Electro Shot|p2a: Annihilape
|-supereffective|p2a: Annihilape
|-damage|p2a: Annihilape|0 fnt
|faint|p2a: Annihilape
|
|win|ALXlor
|raw|ALXlor's rating: 1059 → 1096(+37 for winning)
|raw|saboyita's rating: 1128 → 1098(-30 for losing)
