|j|☆nazunabpd
|j|☆Anchor7
|html|nazunabpdAnchor7    
|uhtml|bestof|Game 2 of a best-of-3
|t:|1757772661
|gametype|doubles
|player|p1|nazunabpd|roxie|
|player|p2|Anchor7|fisherman-gen4|
|gen|9
|tier|[Gen 9] VGC 2025 Reg H (Bo3)
|rule|Species Clause: Limit one of each Pokémon
|rule|Item Clause: Limit 1 of each item
|clearpoke
|poke|p1|Ursaluna, L50, F|
|poke|p1|Farigiraf, L50, M|
|poke|p1|Sneasler, L50, F|
|poke|p1|Torkoal, L50, F|
|poke|p1|Whimsicott, L50, F|
|poke|p1|Dragapult, L50, F|
|poke|p2|Tauros-Paldea-Blaze, L50, M|
|poke|p2|Froslass, L50, F|
|poke|p2|Camerupt, L50, M|
|poke|p2|Crabominable, L50, M|
|poke|p2|Oranguru, L50, M|
|poke|p2|Meowscarada, L50, F|
|teampreview|4
|showteam|p1|Ursaluna||FlameOrb|Guts|Facade,Earthquake,HighHorsepower,Protect|||F|||50|,,,,,Ground]Farigiraf||ThroatSpray|ArmorTail|TrickRoom,HelpingHand,HyperVoice,Protect|||M|||50|,,,,,Normal]Sneasler||WhiteHerb|Unburden|DireClaw,CloseCombat,Protect,FakeOut|||F|||50|,,,,,Stellar]Torkoal||Charcoal|Drought|Eruption,ClearSmog,EarthPower,Protect|||F|||50|,,,,,Grass]Whimsicott||CovertCloak|Prankster|Tailwind,LightScreen,Taunt,Encore|||F|||50|,,,,,Steel]Dragapult||LifeOrb|ClearBody|SuckerPunch,DragonDarts,DragonClaw,Protect|||F|||50|,,,,,Fire
|showteam|p2|Tauros-Paldea-Blaze||AssaultVest|AngerPoint|RagingBull,Earthquake,RockSlide,FlameCharge|||M|||50|,,,,,Ground]Froslass||ChoiceScarf|CursedBody|FrostBreath,Trick,WillOWisp,Protect|||F|||50|,,,,,Steel]Camerupt||LifeOrb|AngerPoint|Earthquake,RockSlide,FlareBlitz,Protect|||M|||50|,,,,,Grass]Crabominable||FocusSash|AngerPoint|DrainPunch,IceHammer,UpperHand,Protect|||M|||50|,,,,,Steel]Oranguru||Leftovers|Telepathy|Instruct,FoulPlay,TrickRoom,Taunt|||M|||50|,,,,,Fairy]Meowscarada||CovertCloak|Protean|FlowerTrick,TrickRoom,Taunt,PollenPuff|||F|||50|,,,,,Flying
|
|t:|1757772701
|teamsize|p1|4
|teamsize|p2|4
|start
|switch|p1a: Sneasler|Sneasler, L50, F|100/100
|switch|p1b: Whimsicott|Whimsicott, L50, F|100/100
|switch|p2a: jeep|Crabominable, L50, M|100/100
|switch|p2b: Whatsapp|Froslass, L50, F|100/100
|turn|1
|
|t:|1757772746
|move|p1a: Sneasler|Protect|p1a: Sneasler
|-singleturn|p1a: Sneasler|Protect
|move|p1b: Whimsicott|Taunt|p2b: Whatsapp
|-start|p2b: Whatsapp|move: Taunt
|cant|p2b: Whatsapp|move: Taunt|Trick
|move|p2a: jeep|Ice Hammer|p1b: Whimsicott|[miss]
|-miss|p2a: jeep|p1b: Whimsicott
|
|upkeep
|turn|2
|
|t:|1757772774
|move|p1b: Whimsicott|Encore||[still]
|-fail|p1b: Whimsicott
|move|p2b: Whatsapp|Frost Breath|p2a: jeep
|-resisted|p2a: jeep
|-crit|p2a: jeep
|-damage|p2a: jeep|86/100
|-setboost|p2a: jeep|atk|6|[from] ability: Anger Point
|move|p1a: Sneasler|Close Combat|p2a: jeep
|-supereffective|p2a: jeep
|-damage|p2a: jeep|0 fnt
|-unboost|p1a: Sneasler|def|1
|-unboost|p1a: Sneasler|spd|1
|faint|p2a: jeep
|-enditem|p1a: Sneasler|White Herb
|-clearnegativeboost|p1a: Sneasler|[silent]
|
|upkeep
|
|t:|1757772800
|switch|p2a: just camerupt|Camerupt, L50, M|100/100
|turn|3
|
|t:|1757772813
|move|p1b: Whimsicott|Light Screen|p1b: Whimsicott
|-sidestart|p1: nazunabpd|move: Light Screen
|move|p1a: Sneasler|Dire Claw|p2a: just camerupt
|-resisted|p2a: just camerupt
|-damage|p2a: just camerupt|67/100
|move|p2b: Whatsapp|Frost Breath|p2a: just camerupt
|-crit|p2a: just camerupt
|-damage|p2a: just camerupt|35/100
|-setboost|p2a: just camerupt|atk|6|[from] ability: Anger Point
|move|p2a: just camerupt|Rock Slide|p1b: Whimsicott|[spread] p1a
|-miss|p2a: just camerupt|p1b: Whimsicott
|-resisted|p1a: Sneasler
|-damage|p1a: Sneasler|15/100
|-damage|p2a: just camerupt|25/100|[from] item: Life Orb
|
|-end|p2b: Whatsapp|move: Taunt
|upkeep
|turn|4
|
|t:|1757772865
|switch|p2b: Dunkey Kung|Oranguru, L50, M|100/100
|move|p2a: just camerupt|Protect|p2a: just camerupt
|-singleturn|p2a: just camerupt|Protect
|move|p1b: Whimsicott|Tailwind|p1b: Whimsicott
|-sidestart|p1: nazunabpd|move: Tailwind
|move|p1a: Sneasler|Dire Claw|p2a: just camerupt
|-activate|p2a: just camerupt|move: Protect
|
|upkeep
|turn|5
|
|t:|1757772901
|move|p2a: just camerupt|Protect||[still]
|-fail|p2a: just camerupt
|move|p1b: Whimsicott|Taunt|p2b: Dunkey Kung
|-start|p2b: Dunkey Kung|move: Taunt
|move|p1a: Sneasler|Dire Claw|p2a: just camerupt
|-resisted|p2a: just camerupt
|-damage|p2a: just camerupt|0 fnt
|faint|p2a: just camerupt
|cant|p2b: Dunkey Kung|move: Taunt|Trick Room
|
|upkeep
|
|t:|1757772912
|switch|p2a: Whatsapp|Froslass, L50, F|100/100
|turn|6
|
|t:|1757772927
|move|p1b: Whimsicott|Taunt|p2a: Whatsapp
|-start|p2a: Whatsapp|move: Taunt
|move|p1a: Sneasler|Dire Claw|p2a: Whatsapp
|-resisted|p2a: Whatsapp
|-damage|p2a: Whatsapp|72/100
|-status|p2a: Whatsapp|par
|move|p2a: Whatsapp|Frost Breath|p1a: Sneasler
|-crit|p1a: Sneasler
|-damage|p1a: Sneasler|0 fnt
|faint|p1a: Sneasler
|move|p2b: Dunkey Kung|Foul Play|p1b: Whimsicott
|-resisted|p1b: Whimsicott
|-damage|p1b: Whimsicott|93/100
|
|upkeep
|
|t:|1757772943
|switch|p1a: Farigiraf|Farigiraf, L50, M|100/100
|turn|7
|
|t:|1757772974
|move|p1b: Whimsicott|Encore|p2b: Dunkey Kung
|-start|p2b: Dunkey Kung|Encore
|cant|p2a: Whatsapp|par
|move|p2b: Dunkey Kung|Foul Play|p1a: Farigiraf
|-supereffective|p1a: Farigiraf
|-damage|p1a: Farigiraf|70/100
|move|p1a: Farigiraf|Trick Room|p1a: Farigiraf
|-fieldstart|move: Trick Room|[of] p1a: Farigiraf
|
|-end|p2b: Dunkey Kung|move: Taunt
|-sideend|p1: nazunabpd|move: Light Screen
|-sideend|p1: nazunabpd|move: Tailwind
|upkeep
|turn|8
|
|t:|1757772993
|move|p1b: Whimsicott|Taunt|p2b: Dunkey Kung
|-start|p2b: Dunkey Kung|move: Taunt
|move|p2b: Dunkey Kung|Foul Play|p1a: Farigiraf
|-supereffective|p1a: Farigiraf
|-damage|p1a: Farigiraf|36/100
|move|p1a: Farigiraf|Hyper Voice|p2a: Whatsapp|[spread] p2b
|-immune|p2a: Whatsapp
|-damage|p2b: Dunkey Kung|79/100
|-enditem|p1a: Farigiraf|Throat Spray
|-boost|p1a: Farigiraf|spa|1|[from] item: Throat Spray
|move|p2a: Whatsapp|Frost Breath|p1b: Whimsicott
|-supereffective|p1b: Whimsicott
|-crit|p1b: Whimsicott
|-damage|p1b: Whimsicott|28/100
|
|-heal|p2b: Dunkey Kung|85/100|[from] item: Leftovers
|-end|p2a: Whatsapp|move: Taunt
|upkeep
|turn|9
|
|t:|1757773027
|switch|p1b: Ursaluna|Ursaluna, L50, F|100/100
|move|p1a: Farigiraf|Hyper Voice|p2b: Dunkey Kung|[spread] p2b
|-immune|p2a: Whatsapp
|-damage|p2b: Dunkey Kung|50/100
|move|p2b: Dunkey Kung|Foul Play|p1a: Farigiraf
|-supereffective|p1a: Farigiraf
|-damage|p1a: Farigiraf|6/100
|move|p2a: Whatsapp|Frost Breath|p1b: Ursaluna
|-supereffective|p1b: Ursaluna
|-crit|p1b: Ursaluna
|-damage|p1b: Ursaluna|62/100
|
|-heal|p2b: Dunkey Kung|56/100|[from] item: Leftovers
|-end|p2b: Dunkey Kung|Encore
|-status|p1b: Ursaluna|brn|[from] item: Flame Orb
|upkeep
|turn|10
|
|t:|1757773049
|-terastallize|p1b: Ursaluna|Ground
|move|p1a: Farigiraf|Helping Hand|p1b: Ursaluna
|-singleturn|p1b: Ursaluna|Helping Hand|[of] p1a: Farigiraf
|move|p1b: Ursaluna|Earthquake|p2b: Dunkey Kung|[spread] p1a,p2a,p2b
|-damage|p1a: Farigiraf|0 fnt
|-damage|p2a: Whatsapp|0 fnt
|-damage|p2b: Dunkey Kung|0 fnt
|faint|p1a: Farigiraf
|faint|p2a: Whatsapp
|faint|p2b: Dunkey Kung
|
|win|nazunabpd
||nazunabpd is ready for game 3.
|inactive|Anchor7 has 30 seconds to confirm battle start!
||Anchor7 is ready for game 3.
|uhtml|next|Next: Game 3 of 3
