|j|☆TheMarrsterVGC
|j|☆tomnumbers
|html|TheMarrsterVGCtomnumbers    
|uhtml|bestof|Game 1 of a best-of-3
|t:|1756281441
|gametype|doubles
|player|p1|TheMarrsterVGC|1|1335
|player|p2|tomnumbers|gambler|1296
|gen|9
|tier|[Gen 9] VGC 2025 Reg H (Bo3)
|rated|
|rule|Species Clause: Limit one of each Pokémon
|rule|Item Clause: Limit 1 of each item
|clearpoke
|poke|p1|Ursaluna, L50, F|
|poke|p1|Pelipper, L50, F|
|poke|p1|Archaludon, L50, F|
|poke|p1|Sinistcha, L50|
|poke|p1|Dragonite, L50, M|
|poke|p1|Gholdengo, L50|
|poke|p2|Electabuzz, L50, F|
|poke|p2|Volcarona, L50, F|
|poke|p2|Dragonite, L50, F|
|poke|p2|Rillaboom, L50, M|
|poke|p2|Gholdengo, L50|
|poke|p2|Ursaluna-Bloodmoon, L50, M|
|teampreview|4
|showteam|p1|Ursaluna||FlameOrb|Guts|Facade,HeadlongRush,Earthquake,Protect|||F|||50|,,,,,Ghost]Pelipper||FocusSash|Drizzle|MuddyWater,Hurricane,Tailwind,Protect|||F|||50|,,,,,Ghost]Archaludon||AssaultVest|Stamina|ElectroShot,Snarl,BodyPress,DragonPulse|||F|||50|,,,,,Grass]Sinistcha||SitrusBerry|Hospitality|MatchaGotcha,RagePowder,TrickRoom,LifeDew||||||50|,,,,,Dark]Dragonite||LoadedDice|Multiscale|ScaleShot,Tailwind,Haze,Protect|||M|||50|,,,,,Fairy]Gholdengo||ChoiceScarf|GoodasGold|MakeItRain,ShadowBall,PowerGem,Trick||||||50|,,,,,Steel
|showteam|p2|Electabuzz||Eviolite|VitalSpirit|Electroweb,FollowMe,Taunt,Protect|||F|||50|,,,,,Dragon]Volcarona||Leftovers|FlameBody|HeatWave,TeraBlast,QuiverDance,Protect|||F|||50|,,,,,Fairy]Dragonite||LoadedDice|Multiscale|ScaleShot,ExtremeSpeed,Tailwind,Protect|||F|||50|,,,,,Fairy]Rillaboom||AssaultVest|GrassySurge|FakeOut,WoodHammer,GrassyGlide,HighHorsepower|||M|||50|,,,,,Fire]Gholdengo||GrassySeed|GoodasGold|NastyPlot,MakeItRain,ShadowBall,Protect||||||50|,,,,,Water]Ursaluna-Bloodmoon||LifeOrb|MindsEye|BloodMoon,HyperVoice,EarthPower,Protect|||M|||50|,,,,,Normal
|inactive|Battle timer is ON: inactive players will automatically lose when time's up. (requested by tomnumbers)
|inactive|tomnumbers has 60 seconds left.
|
|t:|1756281474
|teamsize|p1|4
|teamsize|p2|4
|start
|switch|p1a: Dragonite|Dragonite, L50, M|100/100
|switch|p1b: Ursaluna|Ursaluna, L50, F|100/100
|switch|p2a: Electabuzz|Electabuzz, L50, F|100/100
|switch|p2b: Ursaluna|Ursaluna-Bloodmoon, L50, M|100/100
|turn|1
|
|t:|1756281495
|switch|p1a: Archaludon|Archaludon, L50, F|100/100
|move|p2a: Electabuzz|Electroweb|p1b: Ursaluna|[spread] p1a
|-immune|p1b: Ursaluna
|-resisted|p1a: Archaludon
|-damage|p1a: Archaludon|96/100
|-unboost|p1a: Archaludon|spe|1
|-ability|p1a: Archaludon|Stamina|boost
|-boost|p1a: Archaludon|def|1
|move|p2b: Ursaluna|Blood Moon|p1a: Archaludon
|-resisted|p1a: Archaludon
|-damage|p1a: Archaludon|58/100
|-ability|p1a: Archaludon|Stamina|boost
|-boost|p1a: Archaludon|def|1
|-damage|p2b: Ursaluna|91/100|[from] item: Life Orb
|move|p1b: Ursaluna|Earthquake|p2a: Electabuzz|[spread] p1a,p2a,p2b
|-supereffective|p1a: Archaludon
|-supereffective|p2a: Electabuzz
|-damage|p1a: Archaludon|31/100
|-damage|p2a: Electabuzz|23/100
|-damage|p2b: Ursaluna|53/100
|-ability|p1a: Archaludon|Stamina|boost
|-boost|p1a: Archaludon|def|1
|
|-status|p1b: Ursaluna|brn|[from] item: Flame Orb
|upkeep
|turn|2
|inactive|TheMarrsterVGC has 30 seconds left.
|inactive|tomnumbers has 30 seconds left.
|
|t:|1756281528
|switch|p1a: Dragonite|Dragonite, L50, M|100/100
|move|p2a: Electabuzz|Follow Me|p2a: Electabuzz
|-singleturn|p2a: Electabuzz|move: Follow Me
|move|p2b: Ursaluna|Earth Power|p1a: Dragonite
|-immune|p1a: Dragonite
|move|p1b: Ursaluna|Earthquake|p2b: Ursaluna|[spread] p2a,p2b
|-immune|p1a: Dragonite
|-supereffective|p2a: Electabuzz
|-crit|p2a: Electabuzz
|-damage|p2a: Electabuzz|0 fnt
|-damage|p2b: Ursaluna|2/100
|faint|p2a: Electabuzz
|
|-damage|p1b: Ursaluna|95/100 brn|[from] brn
|upkeep
|
|t:|1756281533
|switch|p2a: Dragonite|Dragonite, L50, F|100/100
|turn|3
|inactive|TheMarrsterVGC has 30 seconds left.
|inactive|tomnumbers has 30 seconds left.
|
|t:|1756281567
|-terastallize|p1a: Dragonite|Fairy
|move|p2a: Dragonite|Tailwind|p2a: Dragonite
|-sidestart|p2: tomnumbers|move: Tailwind
|move|p2b: Ursaluna|Hyper Voice|p1a: Dragonite|[spread] p1a,p1b
|-damage|p1a: Dragonite|72/100
|-damage|p1b: Ursaluna|47/100 brn
|-damage|p2b: Ursaluna|0 fnt|[from] item: Life Orb
|faint|p2b: Ursaluna
|move|p1a: Dragonite|Scale Shot|p2a: Dragonite
|-supereffective|p2a: Dragonite
|-damage|p2a: Dragonite|84/100
|-supereffective|p2a: Dragonite
|-damage|p2a: Dragonite|48/100
|-supereffective|p2a: Dragonite
|-damage|p2a: Dragonite|15/100
|-supereffective|p2a: Dragonite
|-damage|p2a: Dragonite|0 fnt
|faint|p2a: Dragonite
|-hitcount|p2: Dragonite|4
|-unboost|p1a: Dragonite|def|1
|-boost|p1a: Dragonite|spe|1
|move|p1b: Ursaluna|Facade|p2: Dragonite|[notarget]
|-fail|p1b: Ursaluna
|
|-damage|p1b: Ursaluna|41/100 brn|[from] brn
|upkeep
|
|t:|1756281574
|switch|p2b: Gholdengo|Gholdengo, L50|100/100
|turn|4
|inactive|TheMarrsterVGC has 30 seconds left.
|
|t:|1756281605
|switch|p1b: Archaludon|Archaludon, L50, F|31/100
|move|p1a: Dragonite|Protect|p1a: Dragonite
|-singleturn|p1a: Dragonite|Protect
|move|p2b: Gholdengo|Make It Rain|p1b: Archaludon|[spread] p1b
|-activate|p1a: Dragonite|move: Protect
|-resisted|p1b: Archaludon
|-crit|p1b: Archaludon
|-damage|p1b: Archaludon|6/100
|-unboost|p2b: Gholdengo|spa|1
|-ability|p1b: Archaludon|Stamina|boost
|-boost|p1b: Archaludon|def|1
|
|upkeep
|turn|5
|
|t:|1756281626
|switch|p1a: Gholdengo|Gholdengo, L50|100/100
|move|p2b: Gholdengo|Make It Rain|p1a: Gholdengo|[spread] p1a,p1b
|-resisted|p1a: Gholdengo
|-resisted|p1b: Archaludon
|-crit|p1b: Archaludon
|-damage|p1a: Gholdengo|83/100
|-damage|p1b: Archaludon|0 fnt
|-unboost|p2b: Gholdengo|spa|1
|faint|p1b: Archaludon
|
|upkeep
|
|t:|1756281647
|switch|p1b: Ursaluna|Ursaluna, L50, F|41/100 brn
|turn|6
|
|t:|1756281656
|-terastallize|p2b: Gholdengo|Water
|move|p2b: Gholdengo|Shadow Ball|p1a: Gholdengo
|-supereffective|p1a: Gholdengo
|-damage|p1a: Gholdengo|38/100
|move|p1a: Gholdengo|Shadow Ball|p2b: Gholdengo
|-crit|p2b: Gholdengo
|-damage|p2b: Gholdengo|30/100
|move|p1b: Ursaluna|Facade|p2b: Gholdengo
|-damage|p2b: Gholdengo|0 fnt
|faint|p2b: Gholdengo
|
|win|TheMarrsterVGC
||tomnumbers is ready for game 2.
|inactive|TheMarrsterVGC has 30 seconds to confirm battle start!
|inactive|TheMarrsterVGC has 20 seconds to confirm battle start!
||TheMarrsterVGC is ready for game 2.
|uhtml|next|Next: Game 2 of 3
