|j|☆Sculked
|j|☆puffinbee
|html|Sculkedpuffinbee    
|uhtml|bestof|Game 1 of a best-of-3
|t:|1784398121
|gametype|doubles
|player|p1|Sculked|will|
|player|p2|puffinbee|1|
|gen|9
|tier|[Gen 9 Champions] VGC 2026 Reg M-B (Bo3)
|rule|Species Clause: Limit one of each Pokémon
|rule|Item Clause: Limit 1 of each item
|clearpoke
|poke|p1|Blastoise, L50, F|
|poke|p1|Meowstic, L50, M|
|poke|p1|Raichu, L50, F|
|poke|p1|Dragonite, L50, F|
|poke|p1|Farigiraf, L50, M, shiny|
|poke|p1|Staraptor, L50, M, shiny|
|poke|p2|Mawile, L50, F|
|poke|p2|Incineroar, L50, M|
|poke|p2|Staraptor, L50, F|
|poke|p2|Farigiraf, L50, M|
|poke|p2|Ampharos, L50, M|
|poke|p2|Basculegion, L50, M|
|teampreview|4
|showteam|p1|Blastoise||WhiteHerb|RainDish|ShellSmash,TerrainPulse,AuraSphere,Protect|Modest||F|||50|]Meowstic||BrightPowder|Prankster|PsychicTerrain,ExpandingForce,BatonPass,CalmMind|Modest||M|||50|]Raichu||RaichuniteY|LightningRod|ZapCannon,Discharge,Protect,FocusBlast|Bold||F|||50|]Dragonite||LifeOrb|Multiscale|IceSpinner,DragonDance,ExtremeSpeed,Earthquake|Jolly||F|||50|]Farigiraf||SitrusBerry|CudChew|PsychicTerrain,EnergyBall,ExpandingForce,Wish|Bold||M|||50|]Staraptor||BlackBelt|Intimidate|CloseCombat,Roost,SteelWing,BlazeKick|Jolly||M|||50|
|showteam|p2|Mawile||Mawilite|HyperCutter|IronHead,PlayRough,SuckerPunch,Protect|Brave||F|||50|]Incineroar||Charcoal|Intimidate|FlareBlitz,PartingShot,FakeOut,DarkestLariat|Adamant||M|||50|]Staraptor||ChoiceScarf|Intimidate|BraveBird,CloseCombat,Uturn,FinalGambit|Bashful||F|||50|]Farigiraf||SitrusBerry|ArmorTail|Psychic,GrassKnot,TrickRoom,HelpingHand|Quiet||M|||50|]Ampharos||Ampharosite|Static|Thunderbolt,DragonPulse,FocusBlast,Protect|Quiet||M|||50|]Basculegion||FocusSash|Adaptability|Liquidation,LastRespects,AquaJet,Protect|Adamant||M|||50|
|
|t:|1784398168
|teamsize|p1|4
|teamsize|p2|4
|start
|switch|p1a: Meowstic|Meowstic, L50, M|100/100
|switch|p1b: Ryu|Blastoise, L50, F|100/100
|switch|p2a: Staraptor|Staraptor, L50, F|100/100
|switch|p2b: Farigiraf|Farigiraf, L50, M|100/100
|-ability|p2a: Staraptor|Intimidate|boost
|-unboost|p1a: Meowstic|atk|1
|-unboost|p1b: Ryu|atk|1
|-enditem|p1b: Ryu|White Herb
|-clearnegativeboost|p1b: Ryu|[silent]
|turn|1
|
|t:|1784398195
|move|p1a: Meowstic|Calm Mind|p1a: Meowstic
|-boost|p1a: Meowstic|spa|1
|-boost|p1a: Meowstic|spd|1
|move|p2a: Staraptor|Final Gambit|p1a: Meowstic
|-damage|p1a: Meowstic|0 fnt
|faint|p2a: Staraptor
|faint|p1a: Meowstic
|move|p1b: Ryu|Shell Smash|p1b: Ryu
|-unboost|p1b: Ryu|def|1
|-unboost|p1b: Ryu|spd|1
|-boost|p1b: Ryu|atk|2
|-boost|p1b: Ryu|spa|2
|-boost|p1b: Ryu|spe|2
|move|p2b: Farigiraf|Trick Room|p2b: Farigiraf
|-fieldstart|move: Trick Room|[of] p2b: Farigiraf
|
|upkeep
|j| M00ncell
|
|t:|1784398210
|switch|p1a: Rhubarb|Farigiraf, L50, M, shiny|100/100
|switch|p2a: Mawile|Mawile, L50, F|100/100
|turn|2
|
|t:|1784398238
|detailschange|p2a: Mawile|Mawile-Mega, L50, F
|-mega|p2a: Mawile|Mawile|Mawilite
|move|p2a: Mawile|Sucker Punch||[still]
|-fail|p2a: Mawile
|move|p2b: Farigiraf|Grass Knot|p1b: Ryu
|-supereffective|p1b: Ryu|1
|-damage|p1b: Ryu|33/100
|move|p1a: Rhubarb|Psychic Terrain|p1a: Rhubarb
|-fieldstart|move: Psychic Terrain
|move|p1b: Ryu|Aura Sphere|p2a: Mawile
|-crit|p2a: Mawile
|-damage|p2a: Mawile|17/100
|
|upkeep
|turn|3
|
|t:|1784398259
|switch|p2a: Incineroar|Incineroar, L50, M|100/100
|-ability|p2a: Incineroar|Intimidate|boost
|-unboost|p1a: Rhubarb|atk|1
|-unboost|p1b: Ryu|atk|1
|move|p2b: Farigiraf|Grass Knot|p1b: Ryu
|-supereffective|p1b: Ryu|1
|-damage|p1b: Ryu|0 fnt
|faint|p1b: Ryu
|move|p1a: Rhubarb|Expanding Force|p2b: Farigiraf|[spread] p2b
|-immune|p2a: Incineroar
|-resisted|p2b: Farigiraf|1
|-damage|p2b: Farigiraf|81/100
|
|upkeep
|
|t:|1784398270
|switch|p1b: Maple|Raichu, L50, F|100/100
|turn|4
|
|t:|1784398283
|detailschange|p1b: Maple|Raichu-Mega-Y, L50, F
|-mega|p1b: Maple|Raichu|Raichunite Y
|move|p2b: Farigiraf|Psychic|p1b: Maple
|-damage|p1b: Maple|32/100
|move|p2a: Incineroar|Darkest Lariat|p1a: Rhubarb
|-supereffective|p1a: Rhubarb|1
|-damage|p1a: Rhubarb|20/100y
|-enditem|p1a: Rhubarb|Sitrus Berry|[eat]
|-heal|p1a: Rhubarb|45/100|[from] item: Sitrus Berry
|move|p1a: Rhubarb|Energy Ball|p2b: Farigiraf
|-damage|p2b: Farigiraf|58/100
|move|p1b: Maple|Focus Blast|p2a: Incineroar
|-supereffective|p2a: Incineroar|1
|-damage|p2a: Incineroar|21/100
|-unboost|p2a: Incineroar|spd|1
|
|upkeep
|turn|5
|
|t:|1784398302
|move|p1b: Maple|Protect|p1b: Maple
|-singleturn|p1b: Maple|Protect
|move|p2b: Farigiraf|Psychic|p1b: Maple
|-activate|p1b: Maple|move: Protect
|move|p1a: Rhubarb|Wish|p1a: Rhubarb
|move|p2a: Incineroar|Darkest Lariat|p1a: Rhubarb
|-supereffective|p1a: Rhubarb|1
|-damage|p1a: Rhubarb|0 fnt
|faint|p1a: Rhubarb
|
|-fieldend|move: Trick Room
|upkeep
|turn|6
|
|t:|1784398320
|move|p1b: Maple|Protect||[still]
|-fail|p1b: Maple
|move|p2a: Incineroar|Flare Blitz|p1b: Maple
|-damage|p1b: Maple|0 fnt
|faint|p1b: Maple
|-damage|p2a: Incineroar|12/100|[from] Recoil
|
|win|puffinbee
|c|☆puffinbee|gg
|inactive|Sculked has 30 seconds to confirm battle start!
|inactive|puffinbee has 30 seconds to confirm battle start!
|c|☆Sculked|hh
|c|☆Sculked|gg
||Sculked is ready for game 2.
||puffinbee is ready for game 2.
|uhtml|next|Next: Game 2 of 3
