|j|☆Ferran Tiburon
|j|☆efwefwefwefweifier
|html|Ferran Tiburonefwefwefwefweifier    
|uhtml|bestof|Game 2 of a best-of-3
|t:|1784793049
|gametype|doubles
|player|p1|Ferran Tiburon|265|1281
|player|p2|efwefwefwefweifier|clown|1335
|gen|9
|tier|[Gen 9 Champions] VGC 2026 Reg M-B (Bo3)
|rated|
|rule|Species Clause: Limit one of each Pokémon
|rule|Item Clause: Limit 1 of each item
|clearpoke
|poke|p1|Hydreigon, L50, M|
|poke|p1|Charizard, L50, F|
|poke|p1|Toxapex, L50, M|
|poke|p1|Incineroar, L50, M|
|poke|p1|Venusaur, L50, M|
|poke|p1|Garchomp, L50, F|
|poke|p2|Blastoise, L50, F|
|poke|p2|Sinistcha, L50|
|poke|p2|Floette-Eternal, L50, F|
|poke|p2|Incineroar, L50, M, shiny|
|poke|p2|Sneasler, L50, M|
|poke|p2|Hydreigon, L50, M|
|teampreview|4
|showteam|p1|Hydreigon||ChoiceScarf|Levitate|DracoMeteor,Snarl,EarthPower,DarkPulse|Modest||M|||50|]Charizard||CharizarditeY|Blaze|HeatWave,WeatherBall,SolarBeam,Protect|Modest||F|||50|]Toxapex||Leftovers|Regenerator|Toxic,Infestation,WideGuard,BanefulBunker|Bold||M|||50|]Incineroar||SitrusBerry|Intimidate|FakeOut,DarkestLariat,PartingShot,FlareBlitz|Impish||M|||50|]Venusaur||FocusSash|Chlorophyll|LeafStorm,SleepPowder,SludgeBomb,Protect|Modest||M|||50|]Garchomp||LifeOrb|RoughSkin|Protect,DragonClaw,Earthquake,StompingTantrum|Jolly||F|||50|
|showteam|p2|Blastoise||Blastoisinite|RainDish|WaterSpout,DarkPulse,ShellSmash,Protect|Modest||F|||50|]Sinistcha||KasibBerry|Hospitality|MatchaGotcha,RagePowder,TrickRoom,LifeDew|Calm|||||50|]Floette-Eternal||Floettite|FlowerVeil|DazzlingGleam,DrainingKiss,CalmMind,Protect|Modest||F|||50|]Incineroar||SitrusBerry|Intimidate|FlareBlitz,DarkestLariat,FakeOut,PartingShot|Careful||M|||50|]Sneasler||FocusSash|PoisonTouch|CloseCombat,PoisonJab,FakeOut,QuickGuard|Jolly||M|||50|]Hydreigon||ChoiceScarf|Levitate|DracoMeteor,DarkPulse,Snarl,EarthPower|Modest||M|||50|
|inactive|Battle timer is ON: inactive players will automatically lose when time's up. (requested by efwefwefwefweifier)
|inactive|efwefwefwefweifier has 60 seconds left.
|inactive|efwefwefwefweifier has 30 seconds left.
|
|t:|1784793110
|teamsize|p1|4
|teamsize|p2|4
|start
|switch|p1a: Toxapex|Toxapex, L50, M|100/100
|switch|p1b: Incineroar|Incineroar, L50, M|100/100
|switch|p2a: Spouty Outy|Blastoise, L50, F|100/100
|switch|p2b: Poison Foison|Sneasler, L50, M|100/100
|-ability|p1b: Incineroar|Intimidate|boost
|-unboost|p2a: Spouty Outy|atk|1
|-unboost|p2b: Poison Foison|atk|1
|turn|1
|
|t:|1784793127
|detailschange|p2a: Spouty Outy|Blastoise-Mega, L50, F
|-mega|p2a: Spouty Outy|Blastoise|Blastoisinite
|move|p2b: Poison Foison|Fake Out|p1b: Incineroar
|-damage|p1b: Incineroar|93/100
|cant|p1b: Incineroar|flinch
|move|p2a: Spouty Outy|Shell Smash|p2a: Spouty Outy
|-unboost|p2a: Spouty Outy|def|1
|-unboost|p2a: Spouty Outy|spd|1
|-boost|p2a: Spouty Outy|atk|2
|-boost|p2a: Spouty Outy|spa|2
|-boost|p2a: Spouty Outy|spe|2
|move|p1a: Toxapex|Toxic|p2a: Spouty Outy
|-status|p2a: Spouty Outy|tox
|
|-damage|p2a: Spouty Outy|94/100 tox|[from] psn
|upkeep
|turn|2
|inactive|Ferran Tiburon has 30 seconds left.
|inactive|Ferran Tiburon has 20 seconds left.
|inactive|Ferran Tiburon has 15 seconds left.
|
|t:|1784793169
|move|p1a: Toxapex|Wide Guard|p1a: Toxapex
|-singleturn|p1a: Toxapex|Wide Guard
|move|p2a: Spouty Outy|Dark Pulse|p1a: Toxapex
|-damage|p1a: Toxapex|36/100
|move|p2b: Poison Foison|Close Combat|p1b: Incineroar
|-supereffective|p1b: Incineroar|1
|-damage|p1b: Incineroar|27/100
|-unboost|p2b: Poison Foison|def|1
|-unboost|p2b: Poison Foison|spd|1
|-status|p1b: Incineroar|psn|[from] ability: Poison Touch|[of] p2b: Poison Foison
|-enditem|p1b: Incineroar|Sitrus Berry|[eat]
|-heal|p1b: Incineroar|52/100 psn|[from] item: Sitrus Berry
|move|p1b: Incineroar|Darkest Lariat|p2a: Spouty Outy
|-damage|p2a: Spouty Outy|68/100 tox
|
|-heal|p1a: Toxapex|42/100|[from] item: Leftovers
|-damage|p2a: Spouty Outy|56/100 tox|[from] psn
|-damage|p1b: Incineroar|40/100 psn|[from] psn
|upkeep
|turn|3
|inactive|efwefwefwefweifier has 30 seconds left.
|
|t:|1784793195
|move|p1a: Toxapex|Baneful Bunker||[still]
|-fail|p1a: Toxapex
|move|p2a: Spouty Outy|Dark Pulse|p1a: Toxapex
|-damage|p1a: Toxapex|0 fnt
|faint|p1a: Toxapex
|move|p2b: Poison Foison|Close Combat|p1b: Incineroar
|-supereffective|p1b: Incineroar|1
|-damage|p1b: Incineroar|0 fnt
|-unboost|p2b: Poison Foison|def|1
|-unboost|p2b: Poison Foison|spd|1
|faint|p1b: Incineroar
|
|-damage|p2a: Spouty Outy|38/100 tox|[from] psn
|upkeep
|
|t:|1784793203
|switch|p1b: Charizard|Charizard, L50, F|100/100
|switch|p1a: Hydreigon|Hydreigon, L50, M|100/100
|turn|4
|inactive|Ferran Tiburon has 30 seconds left.
|inactive|efwefwefwefweifier has 30 seconds left.
|inactive|Ferran Tiburon has 20 seconds left.
|inactive|Ferran Tiburon has 15 seconds left.
|
|t:|1784793245
|switch|p2b: Spinny Sinny|Sinistcha, L50|100/100
|-heal|p2a: Spouty Outy|63/100 tox|[from] ability: Hospitality|[of] p2b: Spinny Sinny
|detailschange|p1b: Charizard|Charizard-Mega-Y, L50, F
|-mega|p1b: Charizard|Charizard|Charizardite Y
|-weather|SunnyDay|[from] ability: Drought|[of] p1b: Charizard
|move|p1b: Charizard|Protect|p1b: Charizard
|-singleturn|p1b: Charizard|Protect
|move|p2a: Spouty Outy|Water Spout|p1b: Charizard|[spread] p1a
|-activate|p1b: Charizard|move: Protect
|-resisted|p1a: Hydreigon|1
|-damage|p1a: Hydreigon|79/100
|move|p1a: Hydreigon|Snarl|p2b: Spinny Sinny|[spread] p2a,p2b
|-supereffective|p2b: Spinny Sinny|1
|-damage|p2a: Spouty Outy|35/100 tox
|-damage|p2b: Spinny Sinny|58/100
|-unboost|p2a: Spouty Outy|spa|1
|-unboost|p2b: Spinny Sinny|spa|1
|
|-weather|SunnyDay|[upkeep]
|-damage|p2a: Spouty Outy|11/100 tox|[from] psn
|upkeep
|turn|5
|
|t:|1784793269
|switch|p2b: Bartholomews|Hydreigon, L50, M|100/100
|move|p2a: Spouty Outy|Dark Pulse|p1b: Charizard
|-damage|p1b: Charizard|40/100
|move|p1a: Hydreigon|Snarl|p2b: Bartholomews|[spread] p2a,p2b
|-resisted|p2b: Bartholomews|1
|-damage|p2a: Spouty Outy|0 fnt
|-damage|p2b: Bartholomews|87/100
|-unboost|p2b: Bartholomews|spa|1
|faint|p2a: Spouty Outy
|move|p1b: Charizard|Heat Wave|p2b: Bartholomews|[miss]
|-miss|p1b: Charizard|p2b: Bartholomews
|
|-weather|SunnyDay|[upkeep]
|upkeep
|
|t:|1784793278
|switch|p2a: Poison Foison|Sneasler, L50, M|100/100
|turn|6
|
|t:|1784793283
|move|p2b: Bartholomews|Snarl|p1a: Hydreigon|[spread] p1a,p1b
|-resisted|p1a: Hydreigon|1
|-damage|p1a: Hydreigon|70/100
|-damage|p1b: Charizard|27/100
|-unboost|p1a: Hydreigon|spa|1
|-unboost|p1b: Charizard|spa|1
|move|p1a: Hydreigon|Snarl|p2b: Bartholomews|[spread] p2a,p2b
|-resisted|p2a: Poison Foison|1
|-resisted|p2b: Bartholomews|1
|-damage|p2a: Poison Foison|88/100
|-damage|p2b: Bartholomews|78/100
|-unboost|p2a: Poison Foison|spa|1
|-unboost|p2b: Bartholomews|spa|1
|move|p2a: Poison Foison|Close Combat|p1a: Hydreigon
|-supereffective|p1a: Hydreigon|1
|-damage|p1a: Hydreigon|0 fnt
|-unboost|p2a: Poison Foison|def|1
|-unboost|p2a: Poison Foison|spd|1
|faint|p1a: Hydreigon
|move|p1b: Charizard|Heat Wave|p2b: Bartholomews|[spread] p2a,p2b
|-resisted|p2b: Bartholomews|1
|-damage|p2a: Poison Foison|0 fnt
|-damage|p2b: Bartholomews|53/100
|faint|p2a: Poison Foison
|
|-weather|SunnyDay|[upkeep]
|upkeep
|
|t:|1784793288
|switch|p2a: Spinny Sinny|Sinistcha, L50|58/100
|-heal|p2b: Bartholomews|78/100|[from] ability: Hospitality|[of] p2a: Spinny Sinny
|turn|7
|
|t:|1784793295
|move|p2b: Bartholomews|Snarl|p1b: Charizard
|-damage|p1b: Charizard|12/100
|-unboost|p1b: Charizard|spa|1
|move|p1b: Charizard|Heat Wave|p2a: Spinny Sinny|[spread] p2a,p2b
|-supereffective|p2a: Spinny Sinny|1
|-resisted|p2b: Bartholomews|1
|-damage|p2a: Spinny Sinny|1/100
|-damage|p2b: Bartholomews|60/100
|move|p2a: Spinny Sinny|Life Dew|p2a: Spinny Sinny|[spread] p2a,p2b
|-heal|p2a: Spinny Sinny|25/100
|-heal|p2b: Bartholomews|85/100
|
|-weather|SunnyDay|[upkeep]
|upkeep
|turn|8
|
|t:|1784793309
|move|p2b: Bartholomews|Snarl|p1b: Charizard
|-damage|p1b: Charizard|0 fnt
|faint|p1b: Charizard
|
|win|efwefwefwefweifier
||efwefwefwefweifier is ready for game 3.
||Ferran Tiburon is ready for game 3.
|uhtml|next|Next: Game 3 of 3
|l|☆efwefwefwefweifier
|player|p2|
