|j|☆shikoguard
|j|☆I am the Sweeper
|html|shikoguardI am the Sweeper    
|uhtml|bestof|Game 2 of a best-of-3
|t:|1756277900
|gametype|doubles
|player|p1|shikoguard|170|
|player|p2|I am the Sweeper|janitor|
|gen|9
|tier|[Gen 9] VGC 2025 Reg H (Bo3)
|rule|Species Clause: Limit one of each Pokémon
|rule|Item Clause: Limit 1 of each item
|clearpoke
|poke|p1|Whimsicott, L50, M|
|poke|p1|Gholdengo, L50|
|poke|p1|Ursaluna-Bloodmoon, L50, M|
|poke|p1|Pelipper, L50, F|
|poke|p1|Archaludon, L50, F|
|poke|p1|Basculegion, L50, M|
|poke|p2|Garganacl, L50, M|
|poke|p2|Dondozo, L50, F|
|poke|p2|Sneasler, L50, M|
|poke|p2|Gholdengo, L50|
|poke|p2|Ninetales-Alola, L50, M|
|poke|p2|Incineroar, L50, M|
|teampreview|4
|showteam|p1|Whimsicott||CovertCloak|Prankster|Moonblast,Taunt,FakeTears,Tailwind|||M|||50|,,,,,Steel]Gholdengo||LifeOrb|GoodasGold|MakeItRain,ShadowBall,TeraBlast,Protect||||||50|,,,,,Fighting]Ursaluna-Bloodmoon||AssaultVest|MindsEye|HyperVoice,BloodMoon,EarthPower,VacuumWave|||M|||50|,,,,,Fighting]Pelipper||FocusSash|Drizzle|WeatherBall,Hurricane,Protect,WideGuard|||F|||50|,,,,,Steel]Archaludon||PowerHerb|Sturdy|ElectroShot,DracoMeteor,FlashCannon,Protect|||F|||50|,,,,,Electric]Basculegion||ChoiceBand|SwiftSwim|FlipTurn,LastRespects,AquaJet,WaveCrash|||M|||50|,,,,,Water
|showteam|p2|Garganacl||MarangaBerry|PurifyingSalt|SaltCure,StealthRock,Protect,Recover|||M|||50|,,,,,Flying]Dondozo||Leftovers|Unaware|Liquidation,Yawn,Curse,Protect|||F|||50|,,,,,Poison]Sneasler||FocusSash|PoisonTouch|DireClaw,CloseCombat,Coaching,Protect|||M|||50|,,,,,Ghost]Gholdengo||ChoiceScarf|GoodasGold|MakeItRain,ShadowBall,Trick,PowerGem||||||50|,,,,,Steel]Ninetales-Alola||NeverMeltIce|SnowWarning|Blizzard,FreezeDry,Protect,AuroraVeil|||M|||50|,,,,,Ice]Incineroar||AssaultVest|Intimidate|FlareBlitz,KnockOff,FakeOut,DrainPunch|||M|||50|,,,,,Grass
|inactive|Battle timer is ON: inactive players will automatically lose when time's up. (requested by shikoguard)
|
|t:|1756277929
|teamsize|p1|4
|teamsize|p2|4
|start
|switch|p1a: Whimsicott|Whimsicott, L50, M|100/100
|switch|p1b: Gholdengo|Gholdengo, L50|100/100
|switch|p2a: Garganacl|Garganacl, L50, M|100/100
|switch|p2b: Gholdengo|Gholdengo, L50|100/100
|turn|1
|inactive|shikoguard has 30 seconds left.
|inactive|I am the Sweeper has 30 seconds left.
|inactive|shikoguard has 20 seconds left.
|inactive|I am the Sweeper has 20 seconds left.
|inactive|shikoguard has 15 seconds left.
|inactive|shikoguard has 10 seconds left.
|
|t:|1756277978
|-terastallize|p1b: Gholdengo|Fighting
|-terastallize|p2a: Garganacl|Flying
|move|p1a: Whimsicott|Tailwind|p1a: Whimsicott
|-sidestart|p1: shikoguard|move: Tailwind
|move|p1b: Gholdengo|Tera Blast|p2b: Gholdengo|[anim] Tera Blast Fighting
|-immune|p2b: Gholdengo
|move|p2b: Gholdengo|Trick|p1a: Whimsicott
|-activate|p2b: Gholdengo|move: Trick|[of] p1a: Whimsicott
|-item|p1a: Whimsicott|Choice Scarf|[from] move: Trick
|-item|p2b: Gholdengo|Covert Cloak|[from] move: Trick
|move|p2a: Garganacl|Stealth Rock|p1a: Whimsicott
|-sidestart|p1: shikoguard|move: Stealth Rock
|
|upkeep
|turn|2
|inactive|I am the Sweeper has 30 seconds left.
|inactive|shikoguard has 30 seconds left.
|inactive|I am the Sweeper has 20 seconds left.
|inactive|I am the Sweeper has 15 seconds left.
|inactive|I am the Sweeper has 10 seconds left.
|
|t:|1756278023
|move|p1a: Whimsicott|Fake Tears|p2a: Garganacl
|-unboost|p2a: Garganacl|spd|2
|move|p1b: Gholdengo|Make It Rain|p2a: Garganacl|[spread] p2a,p2b
|-resisted|p2b: Gholdengo
|-damage|p2a: Garganacl|2/100
|-damage|p2b: Gholdengo|63/100
|-unboost|p1b: Gholdengo|spa|1
|-enditem|p2a: Garganacl|Maranga Berry|[eat]
|-boost|p2a: Garganacl|spd|1|[from] item: Maranga Berry
|-damage|p1b: Gholdengo|91/100|[from] item: Life Orb
|move|p2b: Gholdengo|Make It Rain|p1a: Whimsicott|[spread] p1a,p1b
|-supereffective|p1a: Whimsicott
|-damage|p1a: Whimsicott|0 fnt
|-damage|p1b: Gholdengo|31/100
|-unboost|p2b: Gholdengo|spa|1
|faint|p1a: Whimsicott
|move|p2a: Garganacl|Salt Cure|p1b: Gholdengo
|-resisted|p1b: Gholdengo
|-damage|p1b: Gholdengo|23/100
|-start|p1b: Gholdengo|Salt Cure
|
|-damage|p1b: Gholdengo|10/100|[from] Salt Cure
|upkeep
|
|t:|1756278048
|switch|p1a: Archaludon|Archaludon, L50, F|100/100
|-damage|p1a: Archaludon|94/100|[from] Stealth Rock
|turn|3
|inactive|I am the Sweeper has 30 seconds left.
|inactive|I am the Sweeper has 20 seconds left.
|inactive|I am the Sweeper has 15 seconds left.
|
|t:|1756278092
|move|p1a: Archaludon|Electro Shot||[still]
|-prepare|p1a: Archaludon|Electro Shot
|-boost|p1a: Archaludon|spa|1
|-enditem|p1a: Archaludon|Power Herb
|-anim|p1a: Archaludon|Electro Shot|p2b: Gholdengo
|-damage|p2b: Gholdengo|0 fnt
|faint|p2b: Gholdengo
|move|p1b: Gholdengo|Shadow Ball|p2a: Garganacl
|-damage|p2a: Garganacl|0 fnt
|faint|p2a: Garganacl
|-damage|p1b: Gholdengo|0 fnt|[from] item: Life Orb
|faint|p1b: Gholdengo
|
|upkeep
|
|t:|1756278104
|switch|p2b: Ninetales|Ninetales-Alola, L50, M|100/100
|switch|p1b: Pelipper|Pelipper, L50, F|100/100
|switch|p2a: Sneasler|Sneasler, L50, M|100/100
|-damage|p1b: Pelipper|76/100|[from] Stealth Rock
|-weather|RainDance|[from] ability: Drizzle|[of] p1b: Pelipper
|-weather|Snowscape|[from] ability: Snow Warning|[of] p2b: Ninetales
|turn|4
|inactive|shikoguard has 30 seconds left.
|inactive|I am the Sweeper has 30 seconds left.
|inactive|shikoguard has 20 seconds left.
|inactive|I am the Sweeper has 20 seconds left.
|inactive|I am the Sweeper has 15 seconds left.
|
|t:|1756278148
|move|p1a: Archaludon|Flash Cannon|p2b: Ninetales
|-supereffective|p2b: Ninetales
|-damage|p2b: Ninetales|0 fnt
|faint|p2b: Ninetales
|move|p1b: Pelipper|Hurricane|p2a: Sneasler
|-supereffective|p2a: Sneasler
|-enditem|p2a: Sneasler|Focus Sash
|-damage|p2a: Sneasler|1/100
|move|p2a: Sneasler|Close Combat|p1a: Archaludon
|-supereffective|p1a: Archaludon
|-damage|p1a: Archaludon|0 fnt
|-unboost|p2a: Sneasler|def|1
|-unboost|p2a: Sneasler|spd|1
|faint|p1a: Archaludon
|
|-weather|Snowscape|[upkeep]
|-sideend|p1: shikoguard|move: Tailwind
|upkeep
|turn|5
|inactive|I am the Sweeper has 30 seconds left.
|
|t:|1756278175
|move|p2a: Sneasler|Dire Claw|p1b: Pelipper
|-damage|p1b: Pelipper|29/100
|-status|p1b: Pelipper|psn
|move|p1b: Pelipper|Weather Ball|p2a: Sneasler
|-crit|p2a: Sneasler
|-damage|p2a: Sneasler|0 fnt
|faint|p2a: Sneasler
|
|win|shikoguard
||shikoguard is ready for game 3.
||I am the Sweeper is ready for game 3.
|uhtml|next|Next: Game 3 of 3
|l|☆shikoguard
|player|p1|
