|j|☆huyfgj
|j|☆matrod
|html|huyfgjmatrod    
|uhtml|bestof|Game 2 of a best-of-3
|t:|1756185458
|gametype|doubles
|player|p1|huyfgj|101|1193
|player|p2|matrod|steven|1296
|gen|9
|tier|[Gen 9] VGC 2025 Reg H (Bo3)
|rated|
|rule|Species Clause: Limit one of each Pokémon
|rule|Item Clause: Limit 1 of each item
|clearpoke
|poke|p1|Torkoal, L50, F|
|poke|p1|Indeedee-F, L50, F|
|poke|p1|Hatterene, L50, F|
|poke|p1|Ursaluna, L50, M|
|poke|p1|Garganacl, L50, M|
|poke|p1|Annihilape, L50, M|
|poke|p2|Incineroar, L50, M|
|poke|p2|Amoonguss, L50, M|
|poke|p2|Pelipper, L50, F|
|poke|p2|Archaludon, L50, M|
|poke|p2|Gholdengo, L50|
|poke|p2|Palafin, L50, M|
|teampreview|4
|showteam|p1|Torkoal||ChoiceSpecs|Drought|Eruption,WeatherBall,SolarBeam,EarthPower|||F|||50|,,,,,Fire]Indeedee-F||MentalHerb|PsychicSurge|TrickRoom,HelpingHand,DazzlingGleam,FollowMe|||F|||50|,,,,,Fairy]Hatterene||FocusSash|MagicBounce|ExpandingForce,TrickRoom,Protect,DazzlingGleam|||F|||50|,,,,,Water]Ursaluna||FlameOrb|Guts|Earthquake,Facade,Protect,HeadlongRush|||M|||50|,,,,,Fairy]Garganacl||Leftovers|PurifyingSalt|SaltCure,WideGuard,Recover,Protect|||M|||50|,,,,,Rock]Annihilape||ChoiceScarf|VitalSpirit|FinalGambit,CloseCombat,RageFist,Curse|||M|||50|,,,,,Fighting
|showteam|p2|Incineroar||SafetyGoggles|Intimidate|KnockOff,FakeOut,FlareBlitz,Uturn|||M|||50|,,,,,Water]Amoonguss||SitrusBerry|Regenerator|Spore,Protect,RagePowder,PollenPuff|||M|||50|,,,,,Psychic]Pelipper||FocusSash|Drizzle|MuddyWater,Hurricane,Tailwind,Protect|||F|||50|,,,,,Ground]Archaludon||AssaultVest|Stamina|ElectroShot,DracoMeteor,FlashCannon,BodyPress|||M|||50|,,,,,Bug]Gholdengo||LifeOrb|GoodasGold|MakeItRain,ShadowBall,NastyPlot,Protect||||||50|,,,,,Water]Palafin||MysticWater|ZerotoHero|WaveCrash,JetPunch,Haze,Protect|||M|||50|,,,,,Water
|inactive|Battle timer is ON: inactive players will automatically lose when time's up. (requested by matrod)
|
|t:|1756185479
|teamsize|p1|4
|teamsize|p2|4
|start
|switch|p1a: Indeedee|Indeedee-F, L50, F|100/100
|switch|p1b: Hatterene|Hatterene, L50, F, shiny|100/100
|switch|p2a: Gholdengo|Gholdengo, L50|100/100
|switch|p2b: Incineroar|Incineroar, L50, M|100/100
|-fieldstart|move: Psychic Terrain|[from] ability: Psychic Surge|[of] p1a: Indeedee
|-ability|p2b: Incineroar|Intimidate|boost
|-unboost|p1a: Indeedee|atk|1
|-unboost|p1b: Hatterene|atk|1
|turn|1
|inactive|huyfgj has 30 seconds left.
|
|t:|1756185504
|move|p1a: Indeedee|Follow Me|p1a: Indeedee
|-singleturn|p1a: Indeedee|move: Follow Me
|move|p2a: Gholdengo|Nasty Plot|p2a: Gholdengo
|-boost|p2a: Gholdengo|spa|2
|move|p2b: Incineroar|U-turn|p1a: Indeedee
|-supereffective|p1a: Indeedee
|-damage|p1a: Indeedee|50/100
|inactive|matrod has 30 seconds left.
|inactive|matrod has 20 seconds left.
|inactive|matrod has 15 seconds left.
|inactive|matrod has 10 seconds left.
|inactive|matrod has 5 seconds left.
|
|t:|1756185557
|switch|p2b: Amoonguss|Amoonguss, L50, M, shiny|100/100|[from] U-turn
|move|p1b: Hatterene|Trick Room|p1b: Hatterene
|-fieldstart|move: Trick Room|[of] p1b: Hatterene
|
|upkeep
|turn|2
|
|t:|1756185577
|switch|p1a: Torkoal|Torkoal, L50, F|100/100
|-weather|SunnyDay|[from] ability: Drought|[of] p1a: Torkoal
|-terastallize|p2b: Amoonguss|Psychic
|move|p1b: Hatterene|Expanding Force|p2b: Amoonguss|[spread] p2a,p2b
|-resisted|p2a: Gholdengo
|-resisted|p2b: Amoonguss
|-damage|p2a: Gholdengo|68/100
|-damage|p2b: Amoonguss|75/100
|move|p2b: Amoonguss|Spore|p1a: Torkoal
|-status|p1a: Torkoal|slp|[from] move: Spore
|move|p2a: Gholdengo|Nasty Plot|p2a: Gholdengo
|-boost|p2a: Gholdengo|spa|2
|
|-weather|SunnyDay|[upkeep]
|upkeep
|turn|3
|l|☆matrod
|inactive|matrod disconnected and has a minute to reconnect!
|player|p2|
|inactive|matrod has 30 seconds left.
|inactive|matrod has 20 seconds left.
|j|☆matrod
|inactive|matrod reconnected and has 20 seconds left.
|player|p2|matrod|steven|
|inactive|matrod has 15 seconds left.
|inactive|matrod has 10 seconds left.
|
|t:|1756185625
|move|p1b: Hatterene|Protect|p1b: Hatterene
|-singleturn|p1b: Hatterene|Protect
|cant|p1a: Torkoal|slp
|move|p2b: Amoonguss|Pollen Puff|p2a: Gholdengo
|-heal|p2a: Gholdengo|100/100
|move|p2a: Gholdengo|Make It Rain|p1a: Torkoal|[spread] p1a
|-activate|p1b: Hatterene|move: Protect
|-resisted|p1a: Torkoal
|-damage|p1a: Torkoal|0 fnt
|-unboost|p2a: Gholdengo|spa|1
|faint|p1a: Torkoal
|-damage|p2a: Gholdengo|91/100|[from] item: Life Orb
|
|-weather|SunnyDay|[upkeep]
|upkeep
|
|t:|1756185636
|switch|p1a: Indeedee|Indeedee-F, L50, F|50/100
|turn|4
|
|t:|1756185642
|move|p1a: Indeedee|Helping Hand|p1b: Hatterene
|-singleturn|p1b: Hatterene|Helping Hand|[of] p1a: Indeedee
|move|p1b: Hatterene|Expanding Force|p2b: Amoonguss|[spread] p2a,p2b
|-resisted|p2a: Gholdengo
|-resisted|p2b: Amoonguss
|-damage|p2a: Gholdengo|43/100
|-damage|p2b: Amoonguss|42/100
|-enditem|p2b: Amoonguss|Sitrus Berry|[eat]
|-heal|p2b: Amoonguss|66/100|[from] item: Sitrus Berry
|move|p2b: Amoonguss|Pollen Puff|p2a: Gholdengo
|-heal|p2a: Gholdengo|93/100
|move|p2a: Gholdengo|Make It Rain|p1a: Indeedee|[spread] p1a,p1b
|-supereffective|p1b: Hatterene
|-damage|p1a: Indeedee|0 fnt
|-enditem|p1b: Hatterene|Focus Sash
|-damage|p1b: Hatterene|1/100
|-unboost|p2a: Gholdengo|spa|1
|faint|p1a: Indeedee
|-damage|p2a: Gholdengo|83/100|[from] item: Life Orb
|
|-weather|SunnyDay|[upkeep]
|upkeep
|
|t:|1756185645
|switch|p1a: Ursaluna|Ursaluna, L50, M|100/100
|turn|5
|
|t:|1756185654
|move|p1b: Hatterene|Protect|p1b: Hatterene
|-singleturn|p1b: Hatterene|Protect
|move|p2b: Amoonguss|Rage Powder|p2b: Amoonguss
|-singleturn|p2b: Amoonguss|move: Rage Powder
|move|p1a: Ursaluna|Earthquake|p2b: Amoonguss|[spread] p2a,p2b
|-activate|p1b: Hatterene|move: Protect
|-supereffective|p2a: Gholdengo
|-damage|p2a: Gholdengo|3/100
|-damage|p2b: Amoonguss|23/100
|move|p2a: Gholdengo|Make It Rain|p1b: Hatterene|[spread] p1a
|-activate|p1b: Hatterene|move: Protect
|-damage|p1a: Ursaluna|0 fnt
|-unboost|p2a: Gholdengo|spa|1
|faint|p1a: Ursaluna
|-damage|p2a: Gholdengo|0 fnt|[from] item: Life Orb
|faint|p2a: Gholdengo
|
|-weather|SunnyDay|[upkeep]
|-fieldend|move: Trick Room
|-fieldend|move: Psychic Terrain
|upkeep
|
|t:|1756185656
|switch|p2a: Pelipper|Pelipper, L50, F|100/100
|-weather|RainDance|[from] ability: Drizzle|[of] p2a: Pelipper
|turn|6
|
|t:|1756185661
|move|p2a: Pelipper|Hurricane|p1b: Hatterene
|-damage|p1b: Hatterene|0 fnt
|faint|p1b: Hatterene
|
|win|matrod
|raw|huyfgj's rating: 1193 → 1175(-18 for losing)
|raw|matrod's rating: 1296 → 1314(+18 for winning)
|l|☆huyfgj
|player|p1|
|l|☆matrod
|player|p2|
|j|☆huyfgj
|player|p1|huyfgj|101|
