|j|☆andiom123
|j|☆baggedchikin
|html|andiom123baggedchikin    
|uhtml|bestof|Game 2 of a best-of-3
|t:|1785868159
|gametype|doubles
|player|p1|andiom123|red|1257
|player|p2|baggedchikin|170|1300
|gen|9
|tier|[Gen 9 Champions] VGC 2026 Reg M-B (Bo3)
|rated|
|rule|Species Clause: Limit one of each Pokémon
|rule|Item Clause: Limit 1 of each item
|clearpoke
|poke|p1|Incineroar, L50, M|
|poke|p1|Farigiraf, L50, F|
|poke|p1|Sylveon, L50, F|
|poke|p1|Torkoal, L50, F|
|poke|p1|Kangaskhan, L50, F|
|poke|p1|Mudsdale, L50, M|
|poke|p2|Tyranitar, L50, M|
|poke|p2|Excadrill, L50, M|
|poke|p2|Whimsicott, L50, M|
|poke|p2|Gholdengo, L50|
|poke|p2|Milotic, L50, F|
|poke|p2|Delphox, L50, F|
|teampreview|4
|showteam|p1|Incineroar||MuscleBand|Intimidate|ThroatChop,FlareBlitz,FakeOut,PartingShot|Brave||M|||50|]Farigiraf||SitrusBerry|ArmorTail|FoulPlay,PsychicNoise,TrickRoom,HelpingHand|Relaxed||F|||50|]Sylveon||FairyFeather|Pixilate|HyperVoice,HyperBeam,Yawn,Detect|Modest||F|||50|]Torkoal||Charcoal|Drought|Eruption,EarthPower,Flamethrower,Protect|Quiet||F|||50|]Kangaskhan||Kangaskhanite|Scrappy|DoubleEdge,FakeOut,IcePunch,HammerArm|Brave||F|||50|]Mudsdale||LifeOrb|InnerFocus|HighHorsepower,Earthquake,RockSlide,HeavySlam|Brave||M|||50|
|showteam|p2|Tyranitar||Tyranitarite|SandStream|Protect,RockSlide,KnockOff,DragonDance|Jolly||M|||50|]Excadrill||LifeOrb|SandRush|Protect,IronHead,HighHorsepower,Earthquake|Adamant||M|||50|]Whimsicott||FocusSash|Prankster|Protect,Tailwind,Moonblast,Encore|Timid||M|||50|]Gholdengo||ColburBerry|GoodasGold|Protect,NastyPlot,MakeItRain,ShadowBall|Modest|||||50|]Milotic||Leftovers|Competitive|Protect,Coil,Hypnosis,MuddyWater|Bold||F|||50|]Delphox||Delphoxite|Blaze|Protect,HeatWave,Psychic,NastyPlot|Timid||F|||50|
|
|t:|1785868194
|teamsize|p1|4
|teamsize|p2|4
|start
|switch|p1a: Farigiraf|Farigiraf, L50, F|100/100
|switch|p1b: Kangaskhan|Kangaskhan, L50, F|100/100
|switch|p2a: Milotic|Milotic, L50, F|100/100
|switch|p2b: Delphox|Delphox, L50, F|100/100
|turn|1
|
|t:|1785868212
|detailschange|p1b: Kangaskhan|Kangaskhan-Mega, L50, F
|-mega|p1b: Kangaskhan|Kangaskhan|Kangaskhanite
|move|p1b: Kangaskhan|Fake Out|p2a: Milotic
|-damage|p2a: Milotic|84/100
|-damage|p2a: Milotic|81/100
|-hitcount|p2a: Milotic|2
|move|p2b: Delphox|Heat Wave|p1a: Farigiraf|[spread] p1b
|-miss|p2b: Delphox|p1a: Farigiraf
|-damage|p1b: Kangaskhan|74/100
|cant|p2a: Milotic|flinch
|move|p1a: Farigiraf|Trick Room|p1a: Farigiraf
|-fieldstart|move: Trick Room|[of] p1a: Farigiraf
|
|-heal|p2a: Milotic|87/100|[from] item: Leftovers
|upkeep
|turn|2
|
|t:|1785868234
|switch|p1a: Sylveon|Sylveon, L50, F|100/100
|move|p2a: Milotic|Protect|p2a: Milotic
|-singleturn|p2a: Milotic|Protect
|move|p1b: Kangaskhan|Hammer Arm|p2a: Milotic
|-activate|p2a: Milotic|move: Protect
|move|p2b: Delphox|Heat Wave|p1a: Sylveon|[spread] p1a,p1b
|-damage|p1a: Sylveon|74/100
|-damage|p1b: Kangaskhan|47/100
|
|-heal|p2a: Milotic|93/100|[from] item: Leftovers
|upkeep
|turn|3
|
|t:|1785868263
|move|p2b: Delphox|Protect|p2b: Delphox
|-singleturn|p2b: Delphox|Protect
|move|p1a: Sylveon|Yawn|p2a: Milotic
|-start|p2a: Milotic|move: Yawn|[of] p1a: Sylveon
|move|p2a: Milotic|Muddy Water|p1a: Sylveon|[spread] p1a,p1b
|-damage|p1a: Sylveon|56/100
|-damage|p1b: Kangaskhan|26/100
|-unboost|p1a: Sylveon|accuracy|1
|move|p1b: Kangaskhan|Double-Edge|p2b: Delphox
|-activate|p2b: Delphox|move: Protect
|
|-heal|p2a: Milotic|99/100|[from] item: Leftovers
|upkeep
|turn|4
|
|t:|1785868285
|switch|p1a: Mudsdale|Mudsdale, L50, M|100/100
|switch|p2b: Excadrill|Excadrill, L50, M|100/100
|move|p2a: Milotic|Coil|p2a: Milotic
|-boost|p2a: Milotic|atk|1
|-boost|p2a: Milotic|def|1
|-boost|p2a: Milotic|accuracy|1
|move|p1b: Kangaskhan|Double-Edge|p2b: Excadrill
|-resisted|p2b: Excadrill|1
|-damage|p2b: Excadrill|50/100g
|-resisted|p2b: Excadrill|1
|-damage|p2b: Excadrill|39/100
|-hitcount|p2b: Excadrill|2
|-damage|p1b: Kangaskhan|9/100|[from] Recoil
|
|-heal|p2a: Milotic|100/100|[from] item: Leftovers
|-end|p2a: Milotic|move: Yawn|[silent]
|-status|p2a: Milotic|slp
|upkeep
|turn|5
|
|t:|1785868317
|move|p2b: Excadrill|Protect|p2b: Excadrill
|-singleturn|p2b: Excadrill|Protect
|move|p1a: Mudsdale|Earthquake|p2b: Excadrill|[spread] p1b,p2a
|-activate|p2b: Excadrill|move: Protect
|-damage|p1b: Kangaskhan|0 fnt
|-damage|p2a: Milotic|71/100 slp
|faint|p1b: Kangaskhan
|-damage|p1a: Mudsdale|90/100|[from] item: Life Orb
|cant|p2a: Milotic|slp
|
|-heal|p2a: Milotic|77/100 slp|[from] item: Leftovers
|-fieldend|move: Trick Room
|upkeep
|
|t:|1785868328
|switch|p1b: Farigiraf|Farigiraf, L50, F|100/100
|turn|6
|
|t:|1785868338
|move|p2b: Excadrill|Iron Head|p1b: Farigiraf
|-damage|p1b: Farigiraf|54/100
|-damage|p2b: Excadrill|29/100|[from] item: Life Orb
|cant|p2a: Milotic|slp
|move|p1a: Mudsdale|Earthquake|p2a: Milotic|[spread] p1b,p2a,p2b
|-supereffective|p2b: Excadrill|1
|-damage|p1b: Farigiraf|14/100
|-damage|p2a: Milotic|51/100 slp
|-damage|p2b: Excadrill|0 fnt
|-enditem|p1b: Farigiraf|Sitrus Berry|[eat]
|-heal|p1b: Farigiraf|39/100|[from] item: Sitrus Berry
|faint|p2b: Excadrill
|-damage|p1a: Mudsdale|80/100|[from] item: Life Orb
|move|p1b: Farigiraf|Trick Room|p1b: Farigiraf
|-fieldstart|move: Trick Room|[of] p1b: Farigiraf
|
|-heal|p2a: Milotic|57/100 slp|[from] item: Leftovers
|upkeep
|
|t:|1785868345
|switch|p2b: Delphox|Delphox, L50, F|100/100
|turn|7
|
|t:|1785868366
|switch|p2b: Tyranitar|Tyranitar, L50, M|100/100
|-weather|Sandstorm|[from] ability: Sand Stream|[of] p2b: Tyranitar
|-curestatus|p2a: Milotic|slp|[msg]
|move|p2a: Milotic|Protect|p2a: Milotic
|-singleturn|p2a: Milotic|Protect
|move|p1a: Mudsdale|High Horsepower|p2a: Milotic
|-activate|p2a: Milotic|move: Protect
|move|p1b: Farigiraf|Psychic Noise|p2a: Milotic
|-activate|p2a: Milotic|move: Protect
|
|-weather|Sandstorm|[upkeep]
|-damage|p1b: Farigiraf|33/100|[from] Sandstorm
|-damage|p2a: Milotic|51/100|[from] Sandstorm
|-heal|p2a: Milotic|57/100|[from] item: Leftovers
|upkeep
|turn|8
|
|t:|1785868386
|move|p2b: Tyranitar|Protect|p2b: Tyranitar
|-singleturn|p2b: Tyranitar|Protect
|move|p1a: Mudsdale|High Horsepower|p2a: Milotic
|-damage|p2a: Milotic|22/100
|-damage|p1a: Mudsdale|71/100|[from] item: Life Orb
|move|p1b: Farigiraf|Psychic Noise|p2a: Milotic
|-damage|p2a: Milotic|2/100
|-start|p2a: Milotic|move: Heal Block
|move|p2a: Milotic|Muddy Water|p1b: Farigiraf|[spread] p1a,p1b
|-supereffective|p1a: Mudsdale|1
|-damage|p1a: Mudsdale|27/100
|-damage|p1b: Farigiraf|10/100
|
|-weather|Sandstorm|[upkeep]
|-damage|p1b: Farigiraf|4/100|[from] Sandstorm
|-damage|p2a: Milotic|0 fnt|[from] Sandstorm
|faint|p2a: Milotic
|upkeep
|
|t:|1785868396
|switch|p2a: Delphox|Delphox, L50, F|100/100
|turn|9
|
|t:|1785868411
|detailschange|p2a: Delphox|Delphox-Mega, L50, F
|-mega|p2a: Delphox|Delphox|Delphoxite
|move|p1a: Mudsdale|High Horsepower|p2b: Tyranitar
|-supereffective|p2b: Tyranitar|1
|-damage|p2b: Tyranitar|0 fnt
|faint|p2b: Tyranitar
|-damage|p1a: Mudsdale|17/100|[from] item: Life Orb
|move|p1b: Farigiraf|Foul Play|p2a: Delphox
|-supereffective|p2a: Delphox|1
|-crit|p2a: Delphox
|-damage|p2a: Delphox|31/100
|move|p2a: Delphox|Heat Wave|p1a: Mudsdale|[spread] p1a,p1b
|-damage|p1a: Mudsdale|0 fnt
|-damage|p1b: Farigiraf|0 fnt
|faint|p1a: Mudsdale
|faint|p1b: Farigiraf
|
|-weather|Sandstorm|[upkeep]
|-damage|p2a: Delphox|25/100|[from] Sandstorm
|upkeep
|
|t:|1785868428
|switch|p1a: Sylveon|Sylveon, L50, F|56/100
|turn|10
|
|t:|1785868434
|move|p2a: Delphox|Protect|p2a: Delphox
|-singleturn|p2a: Delphox|Protect
|move|p1a: Sylveon|Yawn|p2a: Delphox
|-activate|p2a: Delphox|move: Protect
|
|-weather|Sandstorm|[upkeep]
|-damage|p1a: Sylveon|50/100g|[from] Sandstorm
|-damage|p2a: Delphox|19/100|[from] Sandstorm
|-fieldend|move: Trick Room
|upkeep
|turn|11
|
|t:|1785868448
|move|p2a: Delphox|Psychic|p1a: Sylveon
|-damage|p1a: Sylveon|10/100
|move|p1a: Sylveon|Yawn|p2a: Delphox
|-start|p2a: Delphox|move: Yawn|[of] p1a: Sylveon
|
|-weather|none
|upkeep
|turn|12
|
|t:|1785868459
|move|p1a: Sylveon|Detect|p1a: Sylveon
|-singleturn|p1a: Sylveon|Protect
|move|p2a: Delphox|Nasty Plot|p2a: Delphox
|-boost|p2a: Delphox|spa|2
|
|-end|p2a: Delphox|move: Yawn|[silent]
|-status|p2a: Delphox|slp
|upkeep
|turn|13
|
|t:|1785868466
|cant|p2a: Delphox|slp
|move|p1a: Sylveon|Hyper Voice|p2a: Delphox
|-resisted|p2a: Delphox|1
|-damage|p2a: Delphox|0 fnt
|faint|p2a: Delphox
|
|win|andiom123
||baggedchikin is ready for game 3.
||andiom123 is ready for game 3.
|uhtml|next|Next: Game 3 of 3
|l|☆baggedchikin
|player|p2|
