|j|☆Kuronohwei
|j|☆ScaryQwQ
|html|KuronohweiScaryQwQ    
|uhtml|bestof|Game 1 of a best-of-3
|t:|1784365036
|gametype|doubles
|player|p1|Kuronohwei|archer|
|player|p2|ScaryQwQ|170|
|gen|9
|tier|[Gen 9 Champions] VGC 2026 Reg M-B (Bo3)
|rule|Species Clause: Limit one of each Pokémon
|rule|Item Clause: Limit 1 of each item
|clearpoke
|poke|p1|Kingambit, L50, F|
|poke|p1|Delphox, L50, M|
|poke|p1|Sinistcha, L50|
|poke|p1|Sneasler, L50, M|
|poke|p1|Incineroar, L50, F|
|poke|p1|Blastoise, L50, M|
|poke|p2|Froslass, L50, F|
|poke|p2|Scovillain, L50, F|
|poke|p2|Kingambit, L50, M|
|poke|p2|Sneasler, L50, F|
|poke|p2|Basculegion, L50, M|
|poke|p2|Lycanroc-Dusk, L50, M|
|teampreview|4
|showteam|p1|Kingambit||BlackGlasses|Defiant|KowtowCleave,SuckerPunch,SwordsDance,Protect|Adamant||F|||50|]Delphox||Delphoxite|Blaze|HeatWave,NastyPlot,Psychic,Protect|Timid||M|||50|]Sinistcha||OccaBerry|Hospitality|MatchaGotcha,RagePowder,TrickRoom,Protect|Bold|||||50|]Sneasler||FocusSash|PoisonTouch|PoisonJab,CloseCombat,FakeOut,QuickGuard|Jolly||M|||50|]Incineroar||SitrusBerry|Intimidate|FlareBlitz,HelpingHand,PartingShot,FakeOut|Careful||F|||50|]Blastoise||Blastoisinite|RainDish|DarkPulse,WaterSpout,ShellSmash,Protect|Modest||M|||50|
|showteam|p2|Froslass||Froslassite|CursedBody|Blizzard,ShadowBall,AuroraVeil,Protect|Timid||F|||50|]Scovillain||Scovillainite|Moody|GigaDrain,Overheat,RagePowder,Protect|Calm||F|||50|]Kingambit||LifeOrb|Defiant|KowtowCleave,SuckerPunch,SwordsDance,Protect|Adamant||M|||50|]Sneasler||WhiteHerb|Unburden|CloseCombat,GunkShot,FakeOut,Protect|Jolly||F|||50|]Basculegion||SitrusBerry|Adaptability|WaveCrash,LastRespects,AquaJet,Protect|Adamant||M|||50|]Lycanroc-Dusk||FocusSash|ToughClaws|RockSlide,Accelerock,CloseCombat,Protect|Adamant||M|||50|
|inactive|Battle timer is ON: inactive players will automatically lose when time's up. (requested by Kuronohwei)
|c|☆ScaryQwQ|glhf
|c|☆Kuronohwei|u2
|inactive|ScaryQwQ has 60 seconds left.
|j| xscorpzz
|inactive|ScaryQwQ has 30 seconds left.
|inactive|ScaryQwQ has 20 seconds left.
|inactive|ScaryQwQ has 15 seconds left.
|j| RobinKaos
|inactive|ScaryQwQ has 10 seconds left.
|
|t:|1784365120
|teamsize|p1|4
|teamsize|p2|4
|start
|switch|p1a: Sneasler|Sneasler, L50, M|100/100
|switch|p1b: Blastoise|Blastoise, L50, M|100/100
|switch|p2a: Kingambit|Kingambit, L50, M|100/100
|switch|p2b: Basculegion|Basculegion, L50, M|100/100
|turn|1
|
|t:|1784365137
|detailschange|p1b: Blastoise|Blastoise-Mega, L50, M
|-mega|p1b: Blastoise|Blastoise|Blastoisinite
|move|p1a: Sneasler|Fake Out|p2a: Kingambit
|-resisted|p2a: Kingambit|1
|-crit|p2a: Kingambit
|-damage|p2a: Kingambit|91/100
|move|p1b: Blastoise|Dark Pulse|p2b: Basculegion
|-supereffective|p2b: Basculegion|1
|-damage|p2b: Basculegion|21/100
|-enditem|p2b: Basculegion|Sitrus Berry|[eat]
|-heal|p2b: Basculegion|46/100|[from] item: Sitrus Berry
|move|p2b: Basculegion|Wave Crash|p1a: Sneasler
|-enditem|p1a: Sneasler|Focus Sash
|-damage|p1a: Sneasler|1/100
|-damage|p2b: Basculegion|20/100y|[from] Recoil
|cant|p2a: Kingambit|flinch
|
|upkeep
|turn|2
|j| celaerity
|inactive|ScaryQwQ has 30 seconds left.
|inactive|ScaryQwQ has 20 seconds left.
|inactive|ScaryQwQ has 15 seconds left.
|inactive|ScaryQwQ has 10 seconds left.
|
|t:|1784365186
|switch|p1a: Sinistcha|Sinistcha, L50|100/100
|move|p2b: Basculegion|Protect|p2b: Basculegion
|-singleturn|p2b: Basculegion|Protect
|move|p1b: Blastoise|Water Spout|p2b: Basculegion|[spread] p2a
|-activate|p2b: Basculegion|move: Protect
|-damage|p2a: Kingambit|23/100
|move|p2a: Kingambit|Kowtow Cleave|p1b: Blastoise
|-damage|p1b: Blastoise|34/100
|-damage|p2a: Kingambit|14/100|[from] item: Life Orb
|
|upkeep
|turn|3
|
|t:|1784365207
|switch|p2b: Sneasler|Sneasler, L50, F|100/100
|move|p2a: Kingambit|Protect|p2a: Kingambit
|-singleturn|p2a: Kingambit|Protect
|move|p1b: Blastoise|Dark Pulse|p2b: Sneasler
|-resisted|p2b: Sneasler|1
|-damage|p2b: Sneasler|69/100
|move|p1a: Sinistcha|Matcha Gotcha|p2b: Sneasler|[spread] p2b
|-activate|p2a: Kingambit|move: Protect
|-resisted|p2b: Sneasler|1
|-damage|p2b: Sneasler|54/100
|
|upkeep
|turn|4
|inactive|ScaryQwQ has 30 seconds left.
|
|t:|1784365238
|switch|p2a: Froslass|Froslass, L50, F|100/100
|move|p1b: Blastoise|Protect|p1b: Blastoise
|-singleturn|p1b: Blastoise|Protect
|move|p1a: Sinistcha|Protect|p1a: Sinistcha
|-singleturn|p1a: Sinistcha|Protect
|move|p2b: Sneasler|Fake Out|p1b: Blastoise
|-activate|p1b: Blastoise|move: Protect
|
|upkeep
|turn|5
|inactive|ScaryQwQ has 30 seconds left.
|inactive|ScaryQwQ has 20 seconds left.
|inactive|ScaryQwQ has 15 seconds left.
|
|t:|1784365279
|move|p2a: Froslass|Protect|p2a: Froslass
|-singleturn|p2a: Froslass|Protect
|move|p1a: Sinistcha|Rage Powder|p1a: Sinistcha
|-singleturn|p1a: Sinistcha|move: Rage Powder
|move|p2b: Sneasler|Gunk Shot|p1a: Sinistcha
|-crit|p1a: Sinistcha
|-damage|p1a: Sinistcha|18/100
|move|p1b: Blastoise|Shell Smash|p1b: Blastoise
|-unboost|p1b: Blastoise|def|1
|-unboost|p1b: Blastoise|spd|1
|-boost|p1b: Blastoise|atk|2
|-boost|p1b: Blastoise|spa|2
|-boost|p1b: Blastoise|spe|2
|
|upkeep
|turn|6
|inactive|ScaryQwQ has 30 seconds left.
|
|t:|1784365312
|switch|p2a: Basculegion|Basculegion, L50, M|20/100y
|move|p1a: Sinistcha|Rage Powder|p1a: Sinistcha
|-singleturn|p1a: Sinistcha|move: Rage Powder
|move|p1b: Blastoise|Dark Pulse|p2a: Basculegion
|-supereffective|p2a: Basculegion|1
|-damage|p2a: Basculegion|0 fnt
|faint|p2a: Basculegion
|move|p2b: Sneasler|Gunk Shot|p1a: Sinistcha|[miss]
|-miss|p2b: Sneasler|p1a: Sinistcha
|
|upkeep
|inactive|ScaryQwQ has 30 seconds left.
|inactive|ScaryQwQ has 20 seconds left.
|inactive|ScaryQwQ has 15 seconds left.
|inactive|ScaryQwQ has 10 seconds left.
|inactive|ScaryQwQ has 5 seconds left.
|
|t:|1784365364
|switch|p2a: Froslass|Froslass, L50, F|100/100
|turn|7
|inactive|ScaryQwQ has 30 seconds left.
|
|t:|1784365393
|move|p2a: Froslass|Protect|p2a: Froslass
|-singleturn|p2a: Froslass|Protect
|move|p1a: Sinistcha|Rage Powder|p1a: Sinistcha
|-singleturn|p1a: Sinistcha|move: Rage Powder
|move|p1b: Blastoise|Dark Pulse|p2a: Froslass
|-activate|p2a: Froslass|move: Protect
|move|p2b: Sneasler|Gunk Shot|p1a: Sinistcha
|-damage|p1a: Sinistcha|0 fnt
|faint|p1a: Sinistcha
|
|upkeep
|
|t:|1784365397
|switch|p1a: Sneasler|Sneasler, L50, M|1/100
|turn|8
|inactive|ScaryQwQ has 30 seconds left.
|inactive|ScaryQwQ has 20 seconds left.
|
|t:|1784365435
|move|p2a: Froslass|Protect||[still]
|-fail|p2a: Froslass
|move|p1a: Sneasler|Fake Out|p2b: Sneasler
|-damage|p2b: Sneasler|29/100
|move|p1b: Blastoise|Dark Pulse|p2a: Froslass
|-supereffective|p2a: Froslass|1
|-damage|p2a: Froslass|0 fnt
|faint|p2a: Froslass
|cant|p2b: Sneasler|flinch
|
|upkeep
|
|t:|1784365439
|switch|p2a: Kingambit|Kingambit, L50, M|14/100
|turn|9
|
|t:|1784365463
|move|p2a: Kingambit|Protect|p2a: Kingambit
|-singleturn|p2a: Kingambit|Protect
|move|p1a: Sneasler|Quick Guard|p1a: Sneasler
|-singleturn|p1a: Sneasler|Quick Guard
|move|p1b: Blastoise|Water Spout|p2b: Sneasler|[spread] p2b
|-activate|p2a: Kingambit|move: Protect
|-damage|p2b: Sneasler|0 fnt
|faint|p2b: Sneasler
|
|upkeep
|turn|10
|-message|ScaryQwQ forfeited.
|
|win|Kuronohwei
||Kuronohwei is ready for game 2.
||ScaryQwQ is ready for game 2.
|uhtml|next|Next: Game 2 of 3
|j| Genesis77
|l| Genesis77
|l| RobinKaos
|l|☆ScaryQwQ
|player|p2|
|l| xscorpzz
|l|☆Kuronohwei
|player|p1|
|j|☆Kuronohwei
|player|p1|Kuronohwei|archer|
