|j|☆KPR21
|j|☆MaxwellBaker
|html|KPR21MaxwellBaker    
|uhtml|bestof|Game 2 of a best-of-3
|t:|1784924833
|gametype|doubles
|player|p1|KPR21|marshal|1166
|player|p2|MaxwellBaker|102|1067
|gen|9
|tier|[Gen 9 Champions] VGC 2026 Reg M-B (Bo3)
|rated|
|rule|Species Clause: Limit one of each Pokémon
|rule|Item Clause: Limit 1 of each item
|clearpoke
|poke|p1|Annihilape, L50, F|
|poke|p1|Milotic, L50, M|
|poke|p1|Aerodactyl, L50, F, shiny|
|poke|p1|Farigiraf, L50, F, shiny|
|poke|p1|Mawile, L50, M|
|poke|p1|Sinistcha, L50|
|poke|p2|Decidueye-Hisui, L50, M|
|poke|p2|Florges, L50, F|
|poke|p2|Raichu, L50, M|
|poke|p2|Incineroar, L50, M|
|poke|p2|Staraptor, L50, F|
|poke|p2|Milotic, L50, M|
|teampreview|4
|showteam|p1|Annihilape||ExpertBelt|Defiant|Protect,RockTomb,PhantomForce,DrainPunch|Adamant||F|||50|]Milotic||Leftovers|Competitive|IceBeam,MuddyWater,Protect,Scald|Modest||M|||50|]Aerodactyl||FocusSash|Unnerve|Protect,Tailwind,DualWingbeat,RockSlide|Jolly||F|||50|]Farigiraf||SitrusBerry|ArmorTail|Protect,Imprison,TrickRoom,Thunderbolt|Serious||F|||50|]Mawile||Mawilite|Intimidate|Protect,PlayRough,IronHead,SuckerPunch|Adamant||M|||50|]Sinistcha||OccaBerry|Hospitality|ShadowBall,RagePowder,MatchaGotcha,Protect|Bold|||||50|
|showteam|p2|Decidueye-Hisui||ScopeLens|Scrappy|TripleArrows,LeafBlade,SuckerPunch,Protect|Jolly||M|||50|]Florges||LifeOrb|FlowerVeil|Moonblast,Psychic,PollenPuff,Protect|Modest||F|||50|]Raichu||RaichuniteY|LightningRod|FakeOut,ZapCannon,FocusBlast,Protect|Timid||M|||50|]Incineroar||SitrusBerry|Intimidate|FakeOut,FlareBlitz,ThroatChop,PartingShot|Careful||M|||50|]Staraptor||Staraptite|Intimidate|BraveBird,CloseCombat,Tailwind,Protect|Jolly||F|||50|]Milotic||Leftovers|Competitive|Scald,IceBeam,Haze,Protect|Bold||M|||50|
|
|t:|1784924876
|teamsize|p1|4
|teamsize|p2|4
|start
|switch|p1a: Farigiraf|Farigiraf, L50, F, shiny|100/100
|switch|p1b: Sinistcha|Sinistcha, L50|100/100
|switch|p2a: Raichu|Raichu, L50, M|100/100
|switch|p2b: Florges|Florges, L50, F|100/100
|turn|1
|inactive|Battle timer is ON: inactive players will automatically lose when time's up. (requested by KPR21)
|
|t:|1784924900
|detailschange|p2a: Raichu|Raichu-Mega-Y, L50, M
|-mega|p2a: Raichu|Raichu|Raichunite Y
|move|p1b: Sinistcha|Rage Powder|p1b: Sinistcha
|-singleturn|p1b: Sinistcha|move: Rage Powder
|move|p2a: Raichu|Zap Cannon|p1b: Sinistcha
|-resisted|p1b: Sinistcha|1
|-damage|p1b: Sinistcha|66/100
|-status|p1b: Sinistcha|par
|move|p2b: Florges|Pollen Puff|p1b: Sinistcha
|-damage|p1b: Sinistcha|22/100 par
|-damage|p2b: Florges|90/100|[from] item: Life Orb
|move|p1a: Farigiraf|Trick Room|p1a: Farigiraf
|-fieldstart|move: Trick Room|[of] p1a: Farigiraf
|
|upkeep
|turn|2
|inactive|KPR21 has 30 seconds left.
|inactive|KPR21 has 20 seconds left.
|inactive|KPR21 has 15 seconds left.
|
|t:|1784924944
|switch|p1b: Mawile|Mawile, L50, M|100/100
|-ability|p1b: Mawile|Intimidate|boost
|-unboost|p2a: Raichu|atk|1
|-unboost|p2b: Florges|atk|1
|move|p1a: Farigiraf|Thunderbolt|p2b: Florges
|-damage|p2b: Florges|69/100
|move|p2b: Florges|Pollen Puff|p1a: Farigiraf
|-supereffective|p1a: Farigiraf|1
|-damage|p1a: Farigiraf|19/100
|-enditem|p1a: Farigiraf|Sitrus Berry|[eat]
|-heal|p1a: Farigiraf|44/100|[from] item: Sitrus Berry
|-damage|p2b: Florges|59/100|[from] item: Life Orb
|move|p2a: Raichu|Zap Cannon|p1a: Farigiraf
|-damage|p1a: Farigiraf|0 fnt
|faint|p1a: Farigiraf
|
|upkeep
|
|t:|1784924947
|switch|p1a: Annihilape|Annihilape, L50, F|100/100
|turn|3
|inactive|MaxwellBaker has 30 seconds left.
|
|t:|1784924976
|switch|p2b: Milotic|Milotic, L50, M|100/100
|detailschange|p1b: Mawile|Mawile-Mega, L50, M
|-mega|p1b: Mawile|Mawile|Mawilite
|move|p1b: Mawile|Play Rough|p2a: Raichu
|-damage|p2a: Raichu|0 fnt
|faint|p2a: Raichu
|move|p1a: Annihilape|Phantom Force||[still]
|-prepare|p1a: Annihilape|Phantom Force
|
|upkeep
|
|t:|1784924988
|switch|p2a: Florges|Florges, L50, F|59/100
|turn|4
|
|t:|1784925005
|move|p2a: Florges|Protect|p2a: Florges
|-singleturn|p2a: Florges|Protect
|move|p1b: Mawile|Play Rough|p2b: Milotic
|-damage|p2b: Milotic|26/100
|move|p2b: Milotic|Scald|p1b: Mawile
|-damage|p1b: Mawile|65/100
|move|p1a: Annihilape|Phantom Force|p2b: Milotic|[from] lockedmove
|-damage|p2b: Milotic|0 fnt
|faint|p2b: Milotic
|
|upkeep
|
|t:|1784925017
|switch|p2b: Decidueye|Decidueye-Hisui, L50, M|100/100
|turn|5
|
|t:|1784925039
|move|p2a: Florges|Protect||[still]
|-fail|p2a: Florges
|move|p1b: Mawile|Iron Head|p2a: Florges
|-supereffective|p2a: Florges|1
|-damage|p2a: Florges|0 fnt
|faint|p2a: Florges
|move|p1a: Annihilape|Rock Tomb|p2b: Decidueye
|-resisted|p2b: Decidueye|1
|-damage|p2b: Decidueye|86/100
|-unboost|p2b: Decidueye|spe|1
|move|p2b: Decidueye|Triple Arrows|p1b: Mawile
|-damage|p1b: Mawile|26/100
|-unboost|p1b: Mawile|def|1
|
|-fieldend|move: Trick Room
|upkeep
|turn|6
|inactive|KPR21 has 30 seconds left.
|
|t:|1784925073
|move|p1b: Mawile|Sucker Punch|p2b: Decidueye
|-resisted|p2b: Decidueye|1
|-damage|p2b: Decidueye|60/100
|move|p1a: Annihilape|Phantom Force||[still]
|-prepare|p1a: Annihilape|Phantom Force
|move|p2b: Decidueye|Triple Arrows|p1a: Annihilape|[miss]
|-miss|p2b: Decidueye|p1a: Annihilape
|
|upkeep
|turn|7
|
|t:|1784925086
|move|p1b: Mawile|Sucker Punch|p2b: Decidueye
|-resisted|p2b: Decidueye|1
|-damage|p2b: Decidueye|33/100
|move|p1a: Annihilape|Phantom Force|p2b: Decidueye|[from] lockedmove
|-crit|p2b: Decidueye
|-damage|p2b: Decidueye|0 fnt
|faint|p2b: Decidueye
|
|win|KPR21
