|j|☆dunknut2
|j|☆root2iris
|html|dunknut2root2iris    
|uhtml|bestof|Game 1 of a best-of-3
|t:|1756214765
|gametype|doubles
|player|p1|dunknut2|2|1170
|player|p2|root2iris|guitarist|1239
|gen|9
|tier|[Gen 9] VGC 2025 Reg H (Bo3)
|rated|
|rule|Species Clause: Limit one of each Pokémon
|rule|Item Clause: Limit 1 of each item
|clearpoke
|poke|p1|Annihilape, L50, F|
|poke|p1|Sinistcha, L50|
|poke|p1|Maushold-Four, L50|
|poke|p1|Klefki, L50, M|
|poke|p1|Ursaluna-Bloodmoon, L50, M|
|poke|p1|Ninetales-Alola, L50, F|
|poke|p2|Archaludon, L50, F|
|poke|p2|Pelipper, L50, M|
|poke|p2|Amoonguss, L50, F|
|poke|p2|Incineroar, L50, M|
|poke|p2|Baxcalibur, L50, F|
|poke|p2|Annihilape, L50, F|
|teampreview|4
|showteam|p1|Annihilape||Leftovers|Defiant|Protect,BulkUp,DrainPunch,RageFist|||F|||50|,,,,,Fire]Sinistcha||SitrusBerry|Hospitality|MatchaGotcha,TrickRoom,LifeDew,RagePowder||||||50|,,,,,Water]Maushold-Four||FocusSash|FriendGuard|FollowMe,Taunt,BeatUp,Protect||||||50|,,,,,Ghost]Klefki||LightClay|Prankster|Reflect,LightScreen,MistyTerrain,DazzlingGleam|||M|||50|,,,,,Ghost]Ursaluna-Bloodmoon||AssaultVest|MindsEye|BloodMoon,HyperVoice,EarthPower,VacuumWave|||M|||50|,,,,,Water]Ninetales-Alola||NeverMeltIce|SnowWarning|Protect,AuroraVeil,FreezeDry,Blizzard|||F|||50|,,,,,Ghost
|showteam|p2|Archaludon||AssaultVest|Stamina|DragonPulse,ElectroShot,BodyPress,Thunderbolt|||F|||50|,,,,,Bug]Pelipper||FocusSash|Drizzle|MuddyWater,Hurricane,Tailwind,Protect|||M|||50|,,,,,Ghost]Amoonguss||CovertCloak|Regenerator|PollenPuff,RagePowder,Spore,Protect|||F|||50|,,,,,Fairy]Incineroar||SafetyGoggles|Intimidate|KnockOff,BurningJealousy,PartingShot,FakeOut|||M|||50|,,,,,Ghost]Baxcalibur||LoadedDice|ThermalExchange|IcicleSpear,ScaleShot,HighHorsepower,Protect|||F|||50|,,,,,Ghost]Annihilape||SitrusBerry|Defiant|RageFist,FinalGambit,Coaching,Taunt|||F|||50|,,,,,Fire
|inactive|Battle timer is ON: inactive players will automatically lose when time's up. (requested by root2iris)
|inactive|dunknut2 has 60 seconds left.
|inactive|root2iris has 60 seconds left.
|
|t:|1756214824
|teamsize|p1|4
|teamsize|p2|4
|start
|switch|p1a: Annihilape|Annihilape, L50, F, shiny|100/100
|switch|p1b: Maushold|Maushold-Four, L50|100/100
|switch|p2a: Roxas|Archaludon, L50, F|100/100
|switch|p2b: Oathkeeper|Pelipper, L50, M, shiny|100/100
|-weather|RainDance|[from] ability: Drizzle|[of] p2b: Oathkeeper
|turn|1
|inactive|dunknut2 has 30 seconds left.
|
|t:|1756214859
|move|p1b: Maushold|Beat Up|p1a: Annihilape
|-damage|p1a: Annihilape|99/100
|-damage|p1a: Annihilape|97/100
|-damage|p1a: Annihilape|95/100
|-damage|p1a: Annihilape|93/100
|-hitcount|p1a: Annihilape|4
|move|p1a: Annihilape|Rage Fist|p2a: Roxas
|-damage|p2a: Roxas|36/100
|-ability|p2a: Roxas|Stamina|boost
|-boost|p2a: Roxas|def|1
|move|p2a: Roxas|Electro Shot||[still]
|-prepare|p2a: Roxas|Electro Shot
|-boost|p2a: Roxas|spa|1
|-anim|p2a: Roxas|Electro Shot|p1b: Maushold
|-damage|p1b: Maushold|32/100
|move|p2b: Oathkeeper|Tailwind|p2b: Oathkeeper
|-sidestart|p2: root2iris|move: Tailwind
|
|-weather|RainDance|[upkeep]
|-heal|p1a: Annihilape|99/100|[from] item: Leftovers
|upkeep
|turn|2
|inactive|dunknut2 has 30 seconds left.
|inactive|root2iris has 30 seconds left.
|inactive|root2iris has 20 seconds left.
|inactive|root2iris has 15 seconds left.
|
|t:|1756214901
|move|p1b: Maushold|Follow Me|p1b: Maushold
|-singleturn|p1b: Maushold|move: Follow Me
|move|p2a: Roxas|Dragon Pulse|p1b: Maushold
|-damage|p1b: Maushold|0 fnt
|faint|p1b: Maushold
|move|p2b: Oathkeeper|Hurricane|p1a: Annihilape
|-supereffective|p1a: Annihilape
|-damage|p1a: Annihilape|7/100
|move|p1a: Annihilape|Rage Fist|p2a: Roxas
|-damage|p2a: Roxas|0 fnt
|faint|p2a: Roxas
|
|-weather|RainDance|[upkeep]
|-heal|p1a: Annihilape|13/100|[from] item: Leftovers
|upkeep
|
|t:|1756214917
|switch|p1b: Sinistcha|Sinistcha, L50|100/100
|switch|p2a: Air Combo++|Baxcalibur, L50, F|100/100
|-heal|p1a: Annihilape|38/100|[from] ability: Hospitality|[of] p1b: Sinistcha
|turn|3
|
|t:|1756214940
|-terastallize|p1b: Sinistcha|Water
|move|p1a: Annihilape|Protect|p1a: Annihilape
|-singleturn|p1a: Annihilape|Protect
|move|p2a: Air Combo++|Scale Shot|p1a: Annihilape
|-activate|p1a: Annihilape|move: Protect
|move|p2b: Oathkeeper|Muddy Water|p1a: Annihilape|[spread] p1b
|-activate|p1a: Annihilape|move: Protect
|-resisted|p1b: Sinistcha
|-damage|p1b: Sinistcha|77/100
|move|p1b: Sinistcha|Trick Room|p1b: Sinistcha
|-fieldstart|move: Trick Room|[of] p1b: Sinistcha
|
|-weather|RainDance|[upkeep]
|-heal|p1a: Annihilape|44/100|[from] item: Leftovers
|upkeep
|turn|4
|inactive|dunknut2 has 30 seconds left.
|
|t:|1756214971
|switch|p2b: Mikael Mouse|Amoonguss, L50, F|100/100
|move|p2a: Air Combo++|Protect|p2a: Air Combo++
|-singleturn|p2a: Air Combo++|Protect
|move|p1b: Sinistcha|Rage Powder|p1b: Sinistcha
|-singleturn|p1b: Sinistcha|move: Rage Powder
|move|p1a: Annihilape|Rage Fist|p2a: Air Combo++
|-activate|p2a: Air Combo++|move: Protect
|
|-weather|RainDance|[upkeep]
|-heal|p1a: Annihilape|50/100|[from] item: Leftovers
|-sideend|p2: root2iris|move: Tailwind
|upkeep
|turn|5
|inactive|dunknut2 has 30 seconds left.
|
|t:|1756215003
|move|p1a: Annihilape|Protect|p1a: Annihilape
|-singleturn|p1a: Annihilape|Protect
|move|p2b: Mikael Mouse|Spore|p1a: Annihilape
|-activate|p1a: Annihilape|move: Protect
|move|p2a: Air Combo++|Scale Shot|p1b: Sinistcha|[miss]
|-miss|p2a: Air Combo++|p1b: Sinistcha
|move|p1b: Sinistcha|Trick Room|p1b: Sinistcha
|-fieldend|move: Trick Room
|
|-weather|none
|-heal|p1a: Annihilape|57/100|[from] item: Leftovers
|upkeep
|turn|6
|inactive|dunknut2 has 30 seconds left.
|
|t:|1756215037
|move|p1a: Annihilape|Rage Fist|p2a: Air Combo++
|-damage|p2a: Air Combo++|0 fnt
|faint|p2a: Air Combo++
|move|p1b: Sinistcha|Matcha Gotcha|p2b: Mikael Mouse
|-resisted|p2b: Mikael Mouse
|-damage|p2b: Mikael Mouse|94/100
|-heal|p1b: Sinistcha|81/100|[from] drain|[of] p2b: Mikael Mouse
|move|p2b: Mikael Mouse|Spore|p1a: Annihilape
|-status|p1a: Annihilape|slp|[from] move: Spore
|
|-heal|p1a: Annihilape|63/100 slp|[from] item: Leftovers
|upkeep
|
|t:|1756215042
|switch|p2a: Oathkeeper|Pelipper, L50, M, shiny|100/100
|-weather|RainDance|[from] ability: Drizzle|[of] p2a: Oathkeeper
|turn|7
|inactive|dunknut2 has 30 seconds left.
|
|t:|1756215068
|switch|p1a: Ninetales|Ninetales-Alola, L50, F, shiny|100/100
|-weather|Snowscape|[from] ability: Snow Warning|[of] p1a: Ninetales
|move|p2a: Oathkeeper|Tailwind|p2a: Oathkeeper
|-sidestart|p2: root2iris|move: Tailwind
|move|p2b: Mikael Mouse|Spore|p1b: Sinistcha
|-status|p1b: Sinistcha|slp|[from] move: Spore
|cant|p1b: Sinistcha|slp
|
|-weather|Snowscape|[upkeep]
|upkeep
|turn|8
|inactive|dunknut2 has 30 seconds left.
|
|t:|1756215098
|-terastallize|p2b: Mikael Mouse|Fairy
|move|p1a: Ninetales|Protect|p1a: Ninetales
|-singleturn|p1a: Ninetales|Protect
|move|p2a: Oathkeeper|Muddy Water|p1b: Sinistcha|[spread] p1b
|-activate|p1a: Ninetales|move: Protect
|-resisted|p1b: Sinistcha
|-damage|p1b: Sinistcha|66/100 slp
|-unboost|p1b: Sinistcha|accuracy|1
|move|p2b: Mikael Mouse|Spore|p1a: Ninetales
|-activate|p1a: Ninetales|move: Protect
|cant|p1b: Sinistcha|slp
|
|-weather|Snowscape|[upkeep]
|upkeep
|turn|9
|inactive|dunknut2 has 30 seconds left.
|
|t:|1756215124
|move|p2a: Oathkeeper|Hurricane|p1b: Sinistcha
|-damage|p1b: Sinistcha|15/100 slp
|-start|p1b: Sinistcha|confusion
|-enditem|p1b: Sinistcha|Sitrus Berry|[eat]
|-heal|p1b: Sinistcha|40/100 slp|[from] item: Sitrus Berry
|move|p1a: Ninetales|Blizzard|p2b: Mikael Mouse|[spread] p2a,p2b
|-damage|p2a: Oathkeeper|43/100
|-damage|p2b: Mikael Mouse|66/100
|move|p2b: Mikael Mouse|Spore|p1a: Ninetales
|-status|p1a: Ninetales|slp|[from] move: Spore
|cant|p1b: Sinistcha|slp
|
|-weather|Snowscape|[upkeep]
|upkeep
|turn|10
|
|t:|1756215148
|move|p2a: Oathkeeper|Hurricane|p1b: Sinistcha
|-damage|p1b: Sinistcha|0 fnt
|faint|p1b: Sinistcha
|cant|p1a: Ninetales|slp
|move|p2b: Mikael Mouse|Pollen Puff|p2a: Oathkeeper
|-heal|p2a: Oathkeeper|93/100
|
|-weather|Snowscape|[upkeep]
|-sideend|p2: root2iris|move: Tailwind
|upkeep
|
|t:|1756215157
|switch|p1b: Annihilape|Annihilape, L50, F, shiny|63/100 slp
|turn|11
|inactive|root2iris has 30 seconds left.
|inactive|root2iris has 20 seconds left.
|
|t:|1756215196
|move|p2b: Mikael Mouse|Rage Powder|p2b: Mikael Mouse
|-singleturn|p2b: Mikael Mouse|move: Rage Powder
|-curestatus|p1a: Ninetales|slp|[msg]
|move|p1a: Ninetales|Freeze-Dry|p2b: Mikael Mouse
|-damage|p2b: Mikael Mouse|39/100
|cant|p1b: Annihilape|slp
|move|p2a: Oathkeeper|Tailwind|p2a: Oathkeeper
|-sidestart|p2: root2iris|move: Tailwind
|
|-weather|none
|-heal|p1b: Annihilape|69/100 slp|[from] item: Leftovers
|upkeep
|turn|12
|
|t:|1756215215
|move|p2a: Oathkeeper|Hurricane|p1b: Annihilape
|-supereffective|p1b: Annihilape
|-damage|p1b: Annihilape|0 fnt
|faint|p1b: Annihilape
|move|p1a: Ninetales|Freeze-Dry|p2a: Oathkeeper
|-supereffective|p2a: Oathkeeper
|-damage|p2a: Oathkeeper|0 fnt
|faint|p2a: Oathkeeper
|move|p2b: Mikael Mouse|Spore|p1a: Ninetales
|-status|p1a: Ninetales|slp|[from] move: Spore
|
|upkeep
|turn|13
|
|t:|1756215227
|cant|p1a: Ninetales|slp
|move|p2b: Mikael Mouse|Pollen Puff|p1a: Ninetales
|-resisted|p1a: Ninetales
|-damage|p1a: Ninetales|88/100 slp
|
|upkeep
|turn|14
|
|t:|1756215237
|-curestatus|p1a: Ninetales|slp|[msg]
|move|p1a: Ninetales|Freeze-Dry|p2b: Mikael Mouse
|-damage|p2b: Mikael Mouse|13/100
|move|p2b: Mikael Mouse|Pollen Puff|p1a: Ninetales
|-resisted|p1a: Ninetales
|-damage|p1a: Ninetales|78/100
|
|-sideend|p2: root2iris|move: Tailwind
|upkeep
|turn|15
|-message|root2iris forfeited.
|
|win|dunknut2
||root2iris is ready for game 2.
|inactive|dunknut2 has 30 seconds to confirm battle start!
|inactive|dunknut2 has 20 seconds to confirm battle start!
||dunknut2 is ready for game 2.
|uhtml|next|Next: Game 2 of 3
