|j|☆xenit9e
|j|☆Sunside
|html|xenit9eSunside    
|uhtml|bestof|Game 2 of a best-of-3
|t:|1785776381
|gametype|doubles
|player|p1|xenit9e|cynthia|1098
|player|p2|Sunside|pokemonbreeder-gen4|1213
|gen|9
|tier|[Gen 9 Champions] VGC 2026 Reg M-B (Bo3)
|rated|
|rule|Species Clause: Limit one of each Pokémon
|rule|Item Clause: Limit 1 of each item
|clearpoke
|poke|p1|Talonflame, L50, F|
|poke|p1|Swampert, L50, F|
|poke|p1|Annihilape, L50, F|
|poke|p1|Archaludon, L50, M|
|poke|p1|Tyranitar, L50, F|
|poke|p1|Grimmsnarl, L50, M|
|poke|p2|Dragapult, L50, F|
|poke|p2|Ninetales-Alola, L50, M|
|poke|p2|Lycanroc-Dusk, L50, F|
|poke|p2|Kingambit, L50, M|
|poke|p2|Scovillain, L50, M|
|poke|p2|Raichu, L50, M|
|teampreview|4
|showteam|p1|Talonflame||SharpBeak|GaleWings|DualWingbeat,FlareBlitz,Tailwind,Taunt|Jolly||F|||50|]Swampert||Swampertite|Damp|WaveCrash,HighHorsepower,BulkUp,Protect|Adamant||F|||50|]Annihilape||LifeOrb|Defiant|DrainPunch,RageFist,StormThrow,Protect|Jolly||F|||50|]Archaludon||Leftovers|Stalwart|FlashCannon,DragonPulse,Thunderbolt,Snarl|Modest||M|||50|]Tyranitar||Tyranitarite|SandStream|KnockOff,RockSlide,DragonDance,Protect|Adamant||F|||50|]Grimmsnarl||FairyFeather|Prankster|PlayRough,FakeOut,LightScreen,SuckerPunch|Brave||M|||50|
|showteam|p2|Dragapult||DragonFang|ClearBody|DragonDance,DragonDarts,PhantomForce,Protect|Jolly||F|||50|]Ninetales-Alola||NeverMeltIce|SnowWarning|Blizzard,FreezeDry,AuroraVeil,Protect|Timid||M|||50|]Lycanroc-Dusk||FocusSash|ToughClaws|RockSlide,CloseCombat,Accelerock,Protect|Jolly||F|||50|]Kingambit||LifeOrb|Defiant|KowtowCleave,IronHead,SuckerPunch,Protect|Adamant||M|||50|]Scovillain||Scovillainite|Moody|RagePowder,Overheat,GigaDrain,Protect|Bold||M|||50|]Raichu||RaichuniteY|Static|FakeOut,ZapCannon,FocusBlast,Protect|Timid||M|||50|
|inactive|Battle timer is ON: inactive players will automatically lose when time's up. (requested by xenit9e)
|inactive|xenit9e has 60 seconds left.
|inactive|Sunside has 60 seconds left.
|
|t:|1785776428
|teamsize|p1|4
|teamsize|p2|4
|start
|switch|p1a: Talonflame|Talonflame, L50, F|100/100
|switch|p1b: Archaludon|Archaludon, L50, M|100/100
|switch|p2a: Raichu|Raichu, L50, M|100/100
|switch|p2b: Lycanroc|Lycanroc-Dusk, L50, F|100/100
|turn|1
|
|t:|1785776443
|detailschange|p2a: Raichu|Raichu-Mega-Y, L50, M
|-mega|p2a: Raichu|Raichu|Raichunite Y
|move|p1a: Talonflame|Tailwind|p1a: Talonflame
|-sidestart|p1: xenit9e|move: Tailwind
|move|p2b: Lycanroc|Accelerock|p1a: Talonflame
|-supereffective|p1a: Talonflame|2
|-damage|p1a: Talonflame|0 fnt
|faint|p1a: Talonflame
|move|p1b: Archaludon|Snarl|p2a: Raichu|[spread] p2a,p2b
|-damage|p2a: Raichu|76/100
|-damage|p2b: Lycanroc|73/100
|-unboost|p2a: Raichu|spa|1
|-unboost|p2b: Lycanroc|spa|1
|move|p2a: Raichu|Focus Blast|p1b: Archaludon
|-supereffective|p1b: Archaludon|1
|-damage|p1b: Archaludon|19/100
|
|-heal|p1b: Archaludon|25/100|[from] item: Leftovers
|upkeep
|
|t:|1785776449
|switch|p1a: Swampert|Swampert, L50, F|100/100
|turn|2
|
|t:|1785776463
|switch|p1b: Annihilape|Annihilape, L50, F|100/100
|switch|p2b: Kingambit|Kingambit, L50, M|100/100
|detailschange|p1a: Swampert|Swampert-Mega, L50, F
|-mega|p1a: Swampert|Swampert|Swampertite
|move|p2a: Raichu|Protect|p2a: Raichu
|-singleturn|p2a: Raichu|Protect
|move|p1a: Swampert|High Horsepower|p2a: Raichu
|-activate|p2a: Raichu|move: Protect
|
|upkeep
|turn|3
|
|t:|1785776481
|switch|p2a: Ninetales|Ninetales-Alola, L50, M|100/100
|-weather|Snowscape|[from] ability: Snow Warning|[of] p2a: Ninetales
|move|p1b: Annihilape|Protect|p1b: Annihilape
|-singleturn|p1b: Annihilape|Protect
|move|p2b: Kingambit|Protect|p2b: Kingambit
|-singleturn|p2b: Kingambit|Protect
|move|p1a: Swampert|High Horsepower|p2a: Ninetales
|-damage|p2a: Ninetales|41/100
|
|-weather|Snowscape|[upkeep]
|upkeep
|turn|4
|
|t:|1785776499
|move|p2a: Ninetales|Protect|p2a: Ninetales
|-singleturn|p2a: Ninetales|Protect
|move|p2b: Kingambit|Sucker Punch|p1b: Annihilape
|-damage|p1b: Annihilape|39/100
|-damage|p2b: Kingambit|90/100|[from] item: Life Orb
|move|p1b: Annihilape|Rage Fist|p2a: Ninetales
|-activate|p2a: Ninetales|move: Protect
|move|p1a: Swampert|High Horsepower|p2b: Kingambit
|-supereffective|p2b: Kingambit|1
|-damage|p2b: Kingambit|2/100
|
|-weather|Snowscape|[upkeep]
|-sideend|p1: xenit9e|move: Tailwind
|upkeep
|turn|5
|inactive|xenit9e has 30 seconds left.
|inactive|xenit9e has 20 seconds left.
|inactive|xenit9e has 15 seconds left.
|
|t:|1785776543
|switch|p1b: Archaludon|Archaludon, L50, M|25/100
|move|p2b: Kingambit|Sucker Punch||[still]
|-fail|p2b: Kingambit
|move|p2a: Ninetales|Freeze-Dry|p1a: Swampert
|-supereffective|p1a: Swampert|2
|-damage|p1a: Swampert|0 fnt
|faint|p1a: Swampert
|
|-weather|Snowscape|[upkeep]
|-heal|p1b: Archaludon|31/100|[from] item: Leftovers
|upkeep
|
|t:|1785776555
|switch|p1a: Annihilape|Annihilape, L50, F|39/100
|turn|6
|-message|xenit9e forfeited.
|raw|xenit9e's rating: 1098 → 1081(-17 for losing)
|raw|Sunside's rating: 1213 → 1230(+17 for winning)
|
|win|Sunside
|l|☆xenit9e
|player|p1|
