|j|☆KodeBeast0526
|j|☆threekfive
|html|KodeBeast0526threekfive    
|uhtml|bestof|Game 1 of a best-of-3
|t:|1785125816
|gametype|doubles
|player|p1|KodeBeast0526|hiker|1271
|player|p2|threekfive|266|1131
|gen|9
|tier|[Gen 9 Champions] VGC 2026 Reg M-B (Bo3)
|rated|
|rule|Species Clause: Limit one of each Pokémon
|rule|Item Clause: Limit 1 of each item
|clearpoke
|poke|p1|Staraptor, L50, F, shiny|
|poke|p1|Gholdengo, L50|
|poke|p1|Whimsicott, L50, F, shiny|
|poke|p1|Incineroar, L50, M, shiny|
|poke|p1|Basculegion, L50, M|
|poke|p1|Garchomp, L50, M, shiny|
|poke|p2|Charizard, L50, M, shiny|
|poke|p2|Floette-Eternal, L50, F|
|poke|p2|Farigiraf, L50, F|
|poke|p2|Mamoswine, L50, M|
|poke|p2|Glimmora, L50, F|
|poke|p2|Whimsicott, L50, F|
|teampreview|4
|showteam|p1|Staraptor||Staraptite|Intimidate|BraveBird,CloseCombat,Tailwind,Protect|Jolly||F|||50|]Gholdengo||Leftovers|GoodasGold|MakeItRain,ShadowBall,NastyPlot,Protect|Modest|||||50|]Whimsicott||FocusSash|Prankster|Moonblast,Tailwind,Encore,FakeTears|Timid||F|||50|]Incineroar||SitrusBerry|Intimidate|DarkestLariat,FlareBlitz,FakeOut,PartingShot|Impish||M|||50|]Basculegion||ChoiceScarf|Adaptability|FlipTurn,WaveCrash,LastRespects,AquaJet|Adamant||M|||50|]Garchomp||LifeOrb|RoughSkin|Earthquake,DragonClaw,RockSlide,Protect|Jolly||M|||50|
|showteam|p2|Charizard||CharizarditeY|Blaze|Protect,WeatherBall,SolarBeam,HeatWave|Modest||M|||50|]Floette-Eternal||Floettite|FlowerVeil|Protect,LightofRuin,DazzlingGleam,Moonblast|Timid||F|||50|]Farigiraf||ColburBerry|ArmorTail|Roar,Psychic,HelpingHand,TrickRoom|Modest||F|||50|]Mamoswine||LifeOrb|Oblivious|IceShard,HighHorsepower,RockSlide,Protect|Adamant||M|||50|]Glimmora||FocusSash|ToxicDebris|SpikyShield,PowerGem,EarthPower,SludgeBomb|Modest||F|||50|]Whimsicott||FairyFeather|Prankster|Protect,Moonblast,Tailwind,Encore|Timid||F|||50|
|inactive|Battle timer is ON: inactive players will automatically lose when time's up. (requested by threekfive)
|
|t:|1785125838
|teamsize|p1|4
|teamsize|p2|4
|start
|switch|p1a: Basculegion|Basculegion, L50, M|100/100
|switch|p1b: Whimsicott|Whimsicott, L50, F, shiny|100/100
|switch|p2a: Whimsicott|Whimsicott, L50, F|100/100
|switch|p2b: Charizard|Charizard, L50, M, shiny|100/100
|turn|1
|
|t:|1785125852
|detailschange|p2b: Charizard|Charizard-Mega-Y, L50, M, shiny
|-mega|p2b: Charizard|Charizard|Charizardite Y
|-weather|SunnyDay|[from] ability: Drought|[of] p2b: Charizard
|move|p2a: Whimsicott|Tailwind|p2a: Whimsicott
|-sidestart|p2: threekfive|move: Tailwind
|move|p1b: Whimsicott|Tailwind|p1b: Whimsicott
|-sidestart|p1: KodeBeast0526|move: Tailwind
|move|p1a: Basculegion|Flip Turn|p2b: Charizard
|-supereffective|p2b: Charizard|1
|-damage|p2b: Charizard|52/100
|
|t:|1785125862
|switch|p1a: Staraptor|Staraptor, L50, F, shiny|100/100|[from] Flip Turn
|-ability|p1a: Staraptor|Intimidate|boost
|-unboost|p2a: Whimsicott|atk|1
|-unboost|p2b: Charizard|atk|1
|move|p2b: Charizard|Solar Beam||[still]
|-prepare|p2b: Charizard|Solar Beam
|-anim|p2b: Charizard|Solar Beam|p1a: Staraptor
|-resisted|p1a: Staraptor|1
|-damage|p1a: Staraptor|61/100
|
|-weather|SunnyDay|[upkeep]
|upkeep
|turn|2
|
|t:|1785125884
|detailschange|p1a: Staraptor|Staraptor-Mega, L50, F, shiny
|-mega|p1a: Staraptor|Staraptor|Staraptite
|move|p1b: Whimsicott|Encore|p2a: Whimsicott
|-start|p2a: Whimsicott|Encore
|move|p2a: Whimsicott|Tailwind||[still]
|-fail|p2a: Whimsicott
|move|p1a: Staraptor|Close Combat|p2b: Charizard
|-resisted|p2b: Charizard|1
|-damage|p2b: Charizard|13/100
|-boost|p1a: Staraptor|def|1
|-boost|p1a: Staraptor|spd|1
|move|p2b: Charizard|Weather Ball|p1a: Staraptor
|-damage|p1a: Staraptor|0 fnt
|faint|p1a: Staraptor
|
|-weather|SunnyDay|[upkeep]
|upkeep
|
|t:|1785125904
|switch|p1a: Gholdengo|Gholdengo, L50|100/100
|turn|3
|
|t:|1785125920
|move|p2b: Charizard|Protect|p2b: Charizard
|-singleturn|p2b: Charizard|Protect
|move|p2a: Whimsicott|Tailwind||[still]
|-fail|p2a: Whimsicott
|move|p1b: Whimsicott|Moonblast|p2b: Charizard
|-activate|p2b: Charizard|move: Protect
|move|p1a: Gholdengo|Nasty Plot|p1a: Gholdengo
|-boost|p1a: Gholdengo|spa|2
|
|-weather|SunnyDay|[upkeep]
|upkeep
|turn|4
|inactive|threekfive has 30 seconds left.
|
|t:|1785125945
|move|p2b: Charizard|Protect|p2b: Charizard
|-singleturn|p2b: Charizard|Protect
|move|p1b: Whimsicott|Fake Tears|p2b: Charizard
|-activate|p2b: Charizard|move: Protect
|move|p2a: Whimsicott|Tailwind||[still]
|-fail|p2a: Whimsicott
|move|p1a: Gholdengo|Make It Rain|p2a: Whimsicott|[spread] p2a
|-activate|p2b: Charizard|move: Protect
|-supereffective|p2a: Whimsicott|1
|-damage|p2a: Whimsicott|0 fnt
|-unboost|p1a: Gholdengo|spa|2
|faint|p2a: Whimsicott
|
|-weather|SunnyDay|[upkeep]
|-sideend|p2: threekfive|move: Tailwind
|-sideend|p1: KodeBeast0526|move: Tailwind
|upkeep
|
|t:|1785125967
|switch|p2a: Mamoswine|Mamoswine, L50, M|100/100
|turn|5
|
|t:|1785125977
|move|p1b: Whimsicott|Fake Tears|p2a: Mamoswine
|-unboost|p2a: Mamoswine|spd|2
|move|p2b: Charizard|Heat Wave|p1a: Gholdengo|[spread] p1a,p1b
|-supereffective|p1a: Gholdengo|1
|-supereffective|p1b: Whimsicott|1
|-crit|p1b: Whimsicott
|-damage|p1a: Gholdengo|0 fnt
|-enditem|p1b: Whimsicott|Focus Sash
|-damage|p1b: Whimsicott|1/100
|faint|p1a: Gholdengo
|move|p2a: Mamoswine|High Horsepower|p1b: Whimsicott
|-resisted|p1b: Whimsicott|1
|-damage|p1b: Whimsicott|0 fnt
|faint|p1b: Whimsicott
|-damage|p2a: Mamoswine|90/100|[from] item: Life Orb
|
|-weather|none
|upkeep
|
|t:|1785125983
|switch|p1b: Basculegion|Basculegion, L50, M|100/100
|turn|6
|inactive|threekfive has 30 seconds left.
|
|t:|1785126014
|switch|p2b: Glimmora|Glimmora, L50, F|100/100
|move|p1b: Basculegion|Last Respects|p2a: Mamoswine
|-damage|p2a: Mamoswine|0 fnt
|faint|p2a: Mamoswine
|
|upkeep
|
|t:|1785126020
|switch|p2a: Charizard|Charizard-Mega-Y, L50, M, shiny|13/100
|-weather|SunnyDay|[from] ability: Drought|[of] p2a: Charizard
|turn|7
|
|t:|1785126027
|move|p1b: Basculegion|Last Respects|p2a: Charizard
|-damage|p2a: Charizard|0 fnt
|faint|p2a: Charizard
|move|p2b: Glimmora|Power Gem|p1b: Basculegion
|-damage|p1b: Basculegion|45/100
|
|-weather|SunnyDay|[upkeep]
|upkeep
|turn|8
|
|t:|1785126034
|move|p1b: Basculegion|Last Respects|p2b: Glimmora
|-enditem|p2b: Glimmora|Focus Sash
|-damage|p2b: Glimmora|1/100
|-activate|p2b: Glimmora|ability: Toxic Debris
|-sidestart|p1: KodeBeast0526|move: Toxic Spikes
|move|p2b: Glimmora|Power Gem|p1b: Basculegion
|-damage|p1b: Basculegion|0 fnt
|faint|p1b: Basculegion
|
|win|threekfive
