|j|☆Sizzle2466
|j|☆tmjp01
|html|Sizzle2466tmjp01    
|uhtml|bestof|Game 2 of a best-of-3
|t:|1782253365
|gametype|doubles
|player|p1|Sizzle2466|2|1152
|player|p2|tmjp01|102|1173
|gen|9
|tier|[Gen 9 Champions] VGC 2026 Reg M-B (Bo3)
|rated|
|rule|Species Clause: Limit one of each Pokémon
|rule|Item Clause: Limit 1 of each item
|clearpoke
|poke|p1|Scrafty, L50, F|
|poke|p1|Reuniclus, L50, M|
|poke|p1|Gholdengo, L50|
|poke|p1|Sylveon, L50, M|
|poke|p1|Pidgeot, L50, F|
|poke|p1|Garchomp, L50, M|
|poke|p2|Corviknight, L50, M|
|poke|p2|Tyranitar, L50, M|
|poke|p2|Hydreigon, L50, F|
|poke|p2|Froslass, L50, F|
|poke|p2|Garchomp, L50, M|
|poke|p2|Arcanine-Hisui, L50, M|
|teampreview|4
|showteam|p1|Scrafty||Scraftinite|Intimidate|FakeOut,KnockOff,CloseCombat,Protect|Brave||F|||50|]Reuniclus||LifeOrb|MagicGuard|Psychic,Recover,TrickRoom,Protect|Quiet||M|||50|]Gholdengo||Leftovers|GoodasGold|NastyPlot,MakeItRain,ShadowBall,Protect|Modest|||||50|]Sylveon||FairyFeather|Pixilate|HyperVoice,Moonblast,Substitute,Protect|Modest||M|||50|]Pidgeot||Pidgeotite|KeenEye|Hurricane,HeatWave,Tailwind,Protect|Timid||F|||50|]Garchomp||SitrusBerry|RoughSkin|DragonClaw,StompingTantrum,RockSlide,Protect|Adamant||M|||50|
|showteam|p2|Corviknight||OccaBerry|MirrorArmor|BraveBird,Protect,IronHead,Tailwind|Adamant||M|||50|]Tyranitar||Tyranitarite|SandStream|Protect,KnockOff,RockSlide,DragonDance|Adamant||M|||50|]Hydreigon||ChoiceScarf|Levitate|DarkPulse,DracoMeteor,EarthPower,ZenHeadbutt|Timid||F|||50|]Froslass||Froslassite|SnowCloak|Blizzard,Protect,ShadowBall,WeatherBall|Timid||F|||50|]Garchomp||LifeOrb|RoughSkin|Protect,DragonClaw,RockSlide,Earthquake|Jolly||M|||50|]Arcanine-Hisui||FocusSash|RockHead|Protect,HeadSmash,ExtremeSpeed,FlareBlitz|Adamant||M|||50|
|j| BIGEDWARDPOKEMONC
|
|t:|1782253432
|teamsize|p1|4
|teamsize|p2|4
|start
|switch|p1a: Reuniclus|Reuniclus, L50, M|100/100
|switch|p1b: Scrafty|Scrafty, L50, F|100/100
|switch|p2a: Corviknight|Corviknight, L50, M|100/100
|switch|p2b: Froslass|Froslass, L50, F|100/100
|-ability|p1b: Scrafty|Intimidate|boost
|-ability|p2a: Corviknight|Mirror Armor
|-unboost|p1b: Scrafty|atk|1
|-unboost|p2b: Froslass|atk|1
|turn|1
|
|t:|1782253459
|detailschange|p2b: Froslass|Froslass-Mega, L50, F
|-mega|p2b: Froslass|Froslass|Froslassite
|-weather|Snowscape|[from] ability: Snow Warning|[of] p2b: Froslass
|move|p1b: Scrafty|Fake Out|p2a: Corviknight
|-resisted|p2a: Corviknight|1
|-damage|p2a: Corviknight|96/100
|move|p2b: Froslass|Shadow Ball|p1a: Reuniclus
|-supereffective|p1a: Reuniclus|1
|-damage|p1a: Reuniclus|28/100
|cant|p2a: Corviknight|flinch
|move|p1a: Reuniclus|Trick Room|p1a: Reuniclus
|-fieldstart|move: Trick Room|[of] p1a: Reuniclus
|
|-weather|Snowscape|[upkeep]
|upkeep
|turn|2
|
|t:|1782253502
|move|p1a: Reuniclus|Recover|p1a: Reuniclus
|-heal|p1a: Reuniclus|78/100
|move|p1b: Scrafty|Knock Off|p2b: Froslass
|-supereffective|p2b: Froslass|1
|-damage|p2b: Froslass|61/100
|move|p2a: Corviknight|Brave Bird|p1a: Reuniclus
|-damage|p1a: Reuniclus|39/100
|-damage|p2a: Corviknight|82/100|[from] Recoil
|move|p2b: Froslass|Blizzard|p1b: Scrafty|[spread] p1a,p1b
|-damage|p1a: Reuniclus|0 fnt
|-damage|p1b: Scrafty|61/100
|faint|p1a: Reuniclus
|
|-weather|Snowscape|[upkeep]
|upkeep
|
|t:|1782253515
|switch|p1a: Sylveon|Sylveon, L50, M|100/100
|turn|3
|
|t:|1782253537
|move|p2b: Froslass|Protect|p2b: Froslass
|-singleturn|p2b: Froslass|Protect
|move|p1b: Scrafty|Close Combat|p2a: Corviknight
|-damage|p2a: Corviknight|57/100
|-unboost|p1b: Scrafty|def|1
|-unboost|p1b: Scrafty|spd|1
|move|p1a: Sylveon|Hyper Voice|p2b: Froslass|[spread] p2a
|-activate|p2b: Froslass|move: Protect
|-resisted|p2a: Corviknight|1
|-damage|p2a: Corviknight|37/100
|move|p2a: Corviknight|Iron Head|p1a: Sylveon
|-supereffective|p1a: Sylveon|1
|-damage|p1a: Sylveon|42/100
|
|-weather|Snowscape|[upkeep]
|upkeep
|turn|4
|
|t:|1782253584
|detailschange|p1b: Scrafty|Scrafty-Mega, L50, F
|-mega|p1b: Scrafty|Scrafty|Scraftinite
|-ability|p1b: Scrafty|Intimidate|boost
|-ability|p2a: Corviknight|Mirror Armor
|-unboost|p1b: Scrafty|atk|1
|-unboost|p2b: Froslass|atk|1
|move|p2a: Corviknight|Protect|p2a: Corviknight
|-singleturn|p2a: Corviknight|Protect
|move|p1b: Scrafty|Knock Off|p2a: Corviknight
|-activate|p2a: Corviknight|move: Protect
|move|p1a: Sylveon|Hyper Voice|p2a: Corviknight|[spread] p2b
|-activate|p2a: Corviknight|move: Protect
|-damage|p2b: Froslass|8/100
|move|p2b: Froslass|Blizzard|p1b: Scrafty|[spread] p1a,p1b
|-damage|p1a: Sylveon|7/100
|-damage|p1b: Scrafty|9/100
|-status|p1a: Sylveon|frz
|
|-weather|Snowscape|[upkeep]
|upkeep
|turn|5
|
|t:|1782253609
|move|p1b: Scrafty|Close Combat|p2a: Corviknight
|-damage|p2a: Corviknight|9/100
|-unboost|p1b: Scrafty|def|1
|-unboost|p1b: Scrafty|spd|1
|-curestatus|p1a: Sylveon|frz|[msg]
|move|p1a: Sylveon|Hyper Voice|p2a: Corviknight|[spread] p2a,p2b
|-resisted|p2a: Corviknight|1
|-damage|p2a: Corviknight|0 fnt
|-damage|p2b: Froslass|0 fnt
|faint|p2a: Corviknight
|faint|p2b: Froslass
|
|-weather|none
|-fieldend|move: Trick Room
|upkeep
|
|t:|1782253623
|switch|p2b: Arcanine|Arcanine-Hisui, L50, M|100/100
|switch|p2a: Garchomp|Garchomp, L50, M|100/100
|turn|6
|
|t:|1782253647
|switch|p1b: Garchomp|Garchomp, L50, M|100/100
|move|p2b: Arcanine|Protect|p2b: Arcanine
|-singleturn|p2b: Arcanine|Protect
|move|p1a: Sylveon|Protect|p1a: Sylveon
|-singleturn|p1a: Sylveon|Protect
|move|p2a: Garchomp|Earthquake|p1b: Garchomp|[spread] p1b
|-activate|p2b: Arcanine|move: Protect
|-activate|p1a: Sylveon|move: Protect
|-damage|p1b: Garchomp|54/100
|-damage|p2a: Garchomp|90/100|[from] item: Life Orb
|
|upkeep
|turn|7
|
|t:|1782253665
|switch|p1a: Scrafty|Scrafty-Mega, L50, F|9/100
|-ability|p1a: Scrafty|Intimidate|boost
|-unboost|p2a: Garchomp|atk|1
|-unboost|p2b: Arcanine|atk|1
|move|p1b: Garchomp|Protect|p1b: Garchomp
|-singleturn|p1b: Garchomp|Protect
|move|p2b: Arcanine|Extreme Speed|p1a: Scrafty
|-damage|p1a: Scrafty|0 fnt
|faint|p1a: Scrafty
|move|p2a: Garchomp|Dragon Claw|p1b: Garchomp
|-activate|p1b: Garchomp|move: Protect
|
|upkeep
|
|t:|1782253677
|switch|p1a: Sylveon|Sylveon, L50, M|7/100
|turn|8
|
|t:|1782253689
|move|p2b: Arcanine|Extreme Speed|p1a: Sylveon
|-damage|p1a: Sylveon|0 fnt
|faint|p1a: Sylveon
|move|p2a: Garchomp|Dragon Claw|p1b: Garchomp
|-supereffective|p1b: Garchomp|1
|-damage|p1b: Garchomp|0 fnt
|-damage|p2a: Garchomp|78/100|[from] ability: Rough Skin|[of] p1b: Garchomp
|faint|p1b: Garchomp
|-damage|p2a: Garchomp|68/100|[from] item: Life Orb
|
|win|tmjp01
||Sizzle2466 is ready for game 3.
||tmjp01 is ready for game 3.
|uhtml|next|Next: Game 3 of 3
|l| BIGEDWARDPOKEMONC
|l|☆Sizzle2466
|player|p1|
