|j|☆2BStellar
|j|☆Dabigmurph
|html|2BStellarDabigmurph    
|uhtml|bestof|Game 1 of a best-of-3
|t:|1785983390
|gametype|doubles
|player|p1|2BStellar|hilbert-wonderlauncher|1168
|player|p2|Dabigmurph|hiker-gen4|1099
|gen|9
|tier|[Gen 9 Champions] VGC 2026 Reg M-B (Bo3)
|rated|
|rule|Species Clause: Limit one of each Pokémon
|rule|Item Clause: Limit 1 of each item
|clearpoke
|poke|p1|Sylveon, L50, F, shiny|
|poke|p1|Garchomp, L50, M, shiny|
|poke|p1|Kingambit, L50, M, shiny|
|poke|p1|Charizard, L50, M, shiny|
|poke|p1|Aerodactyl, L50, M, shiny|
|poke|p1|Farigiraf, L50, F, shiny|
|poke|p2|Pyroar, L50, M|
|poke|p2|Torkoal, L50, F|
|poke|p2|Incineroar, L50, F|
|poke|p2|Vileplume, L50, F|
|poke|p2|Farigiraf, L50, M|
|poke|p2|Crabominable, L50, F|
|teampreview|4
|showteam|p1|Sylveon||FairyFeather|Pixilate|Detect,HyperVoice,QuickAttack,HyperBeam|Modest||F|||50|]Garchomp||LifeOrb|RoughSkin|Protect,Earthquake,DragonClaw,StoneEdge|Jolly||M|||50|]Kingambit||FocusSash|Defiant|SuckerPunch,KowtowCleave,IronHead,BrickBreak|Jolly||M|||50|]Charizard||CharizarditeY|Blaze|Protect,HeatWave,SolarBeam,WeatherBall|Modest||M|||50|]Aerodactyl||Aerodactylite|Unnerve|Tailwind,RockSlide,IceFang,DualWingbeat|Jolly||M|||50|]Farigiraf||SitrusBerry|ArmorTail|Protect,Thunderbolt,TwinBeam,TrickRoom|Bold||F|||50|
|showteam|p2|Pyroar||Pyroarite|Moxie|HeatWave,HyperVoice,Flamethrower,Protect|Timid||M|||50|]Torkoal||Charcoal|Drought|Eruption,EarthPower,HelpingHand,Protect|Quiet||F|||50|]Incineroar||WhiteHerb|Intimidate|FakeOut,FlareBlitz,DarkestLariat,CloseCombat|Adamant||F|||50|]Vileplume||LifeOrb|Chlorophyll|SludgeBomb,SolarBeam,SleepPowder,AfterYou|Modest||F|||50|]Farigiraf||SitrusBerry|ArmorTail|TwinBeam,Protect,TrickRoom,HelpingHand|Relaxed||M|||50|]Crabominable||Crabominite|HyperCutter|IceHammer,DrainPunch,MachPunch,Protect|Adamant||F|||50|
|j| Energiesole
|inactive|Battle timer is ON: inactive players will automatically lose when time's up. (requested by Dabigmurph)
|
|t:|1785983431
|teamsize|p1|4
|teamsize|p2|4
|start
|switch|p1a: AAAAAA|Aerodactyl, L50, M, shiny|100/100
|switch|p1b: e4e5f4|Kingambit, L50, M, shiny|100/100
|switch|p2a: Farigiraf|Farigiraf, L50, M|100/100
|switch|p2b: Crabominable|Crabominable, L50, F|100/100
|-ability|p1a: AAAAAA|Unnerve
|turn|1
|inactive|2BStellar has 30 seconds left.
|inactive|2BStellar has 20 seconds left.
|
|t:|1785983471
|detailschange|p1a: AAAAAA|Aerodactyl-Mega, L50, M, shiny
|-mega|p1a: AAAAAA|Aerodactyl|Aerodactylite
|detailschange|p2b: Crabominable|Crabominable-Mega, L50, F
|-mega|p2b: Crabominable|Crabominable|Crabominite
|move|p2a: Farigiraf|Protect|p2a: Farigiraf
|-singleturn|p2a: Farigiraf|Protect
|move|p1a: AAAAAA|Rock Slide|p2a: Farigiraf|[spread] p2b
|-activate|p2a: Farigiraf|move: Protect
|-damage|p2b: Crabominable|78/100
|move|p1b: e4e5f4|Iron Head|p2b: Crabominable
|-supereffective|p2b: Crabominable|1
|-damage|p2b: Crabominable|10/100
|move|p2b: Crabominable|Drain Punch|p1b: e4e5f4
|-supereffective|p1b: e4e5f4|2
|-enditem|p1b: e4e5f4|Focus Sash
|-damage|p1b: e4e5f4|1/100
|-heal|p2b: Crabominable|53/100|[from] drain|[of] p1b: e4e5f4
|
|upkeep
|turn|2
|inactive|2BStellar has 30 seconds left.
|
|t:|1785983502
|switch|p1b: giraf|Farigiraf, L50, F, shiny|100/100
|move|p2b: Crabominable|Mach Punch||[still]
|cant|p1b: giraf|ability: Armor Tail|Mach Punch|[of] p2b: Crabominable
|move|p1a: AAAAAA|Dual Wingbeat|p2b: Crabominable
|-supereffective|p2b: Crabominable|1
|-damage|p2b: Crabominable|8/100
|-supereffective|p2b: Crabominable|1
|-damage|p2b: Crabominable|0 fnt
|faint|p2b: Crabominable
|-hitcount|p2: Crabominable|2
|move|p2a: Farigiraf|Trick Room|p2a: Farigiraf
|-fieldstart|move: Trick Room|[of] p2a: Farigiraf
|
|upkeep
|
|t:|1785983512
|switch|p2b: Torkoal|Torkoal, L50, F|100/100
|-weather|SunnyDay|[from] ability: Drought|[of] p2b: Torkoal
|turn|3
|inactive|2BStellar has 30 seconds left.
|inactive|2BStellar has 20 seconds left.
|inactive|2BStellar has 15 seconds left.
|
|t:|1785983554
|move|p1b: giraf|Protect|p1b: giraf
|-singleturn|p1b: giraf|Protect
|move|p2b: Torkoal|Eruption|p1b: giraf|[spread] p1a
|-activate|p1b: giraf|move: Protect
|-resisted|p1a: AAAAAA|1
|-damage|p1a: AAAAAA|48/100
|move|p2a: Farigiraf|Twin Beam|p1a: AAAAAA
|-damage|p1a: AAAAAA|28/100
|-damage|p1a: AAAAAA|8/100
|-hitcount|p1a: AAAAAA|2
|move|p1a: AAAAAA|Rock Slide|p2a: Farigiraf|[spread] p2a,p2b
|-supereffective|p2b: Torkoal|1
|-damage|p2a: Farigiraf|81/100
|-damage|p2b: Torkoal|54/100
|
|-weather|SunnyDay|[upkeep]
|upkeep
|turn|4
|inactive|2BStellar has 30 seconds left.
|
|t:|1785983582
|switch|p1a: piano|Garchomp, L50, M, shiny|100/100
|move|p2a: Farigiraf|Helping Hand|p2b: Torkoal
|-singleturn|p2b: Torkoal|Helping Hand|[of] p2a: Farigiraf
|move|p2b: Torkoal|Eruption|p1a: piano|[spread] p1a,p1b
|-resisted|p1a: piano|1
|-damage|p1a: piano|63/100
|-damage|p1b: giraf|37/100
|-enditem|p1b: giraf|Sitrus Berry|[eat]
|-heal|p1b: giraf|62/100|[from] item: Sitrus Berry
|move|p1b: giraf|Trick Room|p1b: giraf
|-fieldend|move: Trick Room
|
|-weather|SunnyDay|[upkeep]
|upkeep
|turn|5
|l|☆Dabigmurph
|inactive|Dabigmurph disconnected and has a minute to reconnect!
|player|p2|
|j|☆Dabigmurph
|inactive|Dabigmurph reconnected and has 45 seconds left.
|player|p2|Dabigmurph|hiker-gen4|
|inactive|2BStellar has 30 seconds left.
|
|t:|1785983607
|switch|p2b: Incineroar|Incineroar, L50, F|100/100
|-ability|p2b: Incineroar|Intimidate|boost
|-unboost|p1a: piano|atk|1
|-unboost|p1b: giraf|atk|1
|move|p1a: piano|Earthquake|p2a: Farigiraf|[spread] p1b,p2a,p2b
|-supereffective|p2b: Incineroar|1
|-damage|p1b: giraf|34/100
|-damage|p2a: Farigiraf|59/100
|-damage|p2b: Incineroar|33/100
|-damage|p1a: piano|54/100|[from] item: Life Orb
|move|p1b: giraf|Thunderbolt|p2a: Farigiraf
|-damage|p2a: Farigiraf|37/100
|-enditem|p2a: Farigiraf|Sitrus Berry|[eat]
|-heal|p2a: Farigiraf|61/100|[from] item: Sitrus Berry
|move|p2a: Farigiraf|Trick Room|p2a: Farigiraf
|-fieldstart|move: Trick Room|[of] p2a: Farigiraf
|
|-weather|SunnyDay|[upkeep]
|upkeep
|turn|6
|inactive|2BStellar has 30 seconds left.
|inactive|Dabigmurph has 30 seconds left.
|inactive|2BStellar has 20 seconds left.
|inactive|2BStellar has 15 seconds left.
|
|t:|1785983648
|move|p1b: giraf|Protect|p1b: giraf
|-singleturn|p1b: giraf|Protect
|move|p2a: Farigiraf|Twin Beam|p1a: piano
|-crit|p1a: piano
|-damage|p1a: piano|26/100
|-damage|p1a: piano|9/100
|-hitcount|p1a: piano|2
|move|p2b: Incineroar|Darkest Lariat|p1b: giraf
|-activate|p1b: giraf|move: Protect
|move|p1a: piano|Earthquake|p2b: Incineroar|[spread] p2a,p2b
|-activate|p1b: giraf|move: Protect
|-supereffective|p2b: Incineroar|1
|-damage|p2a: Farigiraf|38/100
|-damage|p2b: Incineroar|0 fnt
|faint|p2b: Incineroar
|-damage|p1a: piano|0 fnt|[from] item: Life Orb
|faint|p1a: piano
|
|-weather|SunnyDay|[upkeep]
|upkeep
|
|t:|1785983667
|switch|p2b: Torkoal|Torkoal, L50, F|54/100
|switch|p1a: e4e5f4|Kingambit, L50, M, shiny|1/100
|turn|7
|inactive|2BStellar has 30 seconds left.
|inactive|2BStellar has 20 seconds left.
|inactive|2BStellar has 15 seconds left.
|
|t:|1785983711
|move|p2a: Farigiraf|Helping Hand|p2b: Torkoal
|-singleturn|p2b: Torkoal|Helping Hand|[of] p2a: Farigiraf
|move|p2b: Torkoal|Eruption|p1b: giraf|[spread] p1a,p1b
|-supereffective|p1a: e4e5f4|1
|-damage|p1a: e4e5f4|0 fnt
|-damage|p1b: giraf|0 fnt
|faint|p1a: e4e5f4
|faint|p1b: giraf
|
|-weather|none
|upkeep
|
|t:|1785983717
|switch|p1a: AAAAAA|Aerodactyl-Mega, L50, M, shiny|8/100
|turn|8
|-message|2BStellar forfeited.
|
|win|Dabigmurph
||2BStellar is ready for game 2.
||Dabigmurph is ready for game 2.
|uhtml|next|Next: Game 2 of 3
|l| Energiesole
