|j|☆GlitchXDGOAT
|j|☆ilikecsr
|html|GlitchXDGOATilikecsr    
|uhtml|bestof|Game 1 of a best-of-3
|t:|1783947262
|gametype|doubles
|player|p1|GlitchXDGOAT|169|1248
|player|p2|ilikecsr|n|1335
|gen|9
|tier|[Gen 9 Champions] VGC 2026 Reg M-B (Bo3)
|rated|
|rule|Species Clause: Limit one of each Pokémon
|rule|Item Clause: Limit 1 of each item
|clearpoke
|poke|p1|Charizard, L50, F|
|poke|p1|Tyranitar, L50, F|
|poke|p1|Excadrill, L50, F|
|poke|p1|Sinistcha, L50|
|poke|p1|Hydreigon, L50, F|
|poke|p1|Sylveon, L50, F|
|poke|p2|Swampert, L50, F|
|poke|p2|Archaludon, L50, M|
|poke|p2|Sableye, L50, F|
|poke|p2|Sinistcha-Masterpiece, L50|
|poke|p2|Pelipper, L50, F|
|poke|p2|Floette-Eternal, L50, F|
|teampreview|4
|showteam|p1|Charizard||CharizarditeY|Blaze|HeatWave,WeatherBall,SolarBeam,Protect|Timid||F|||50|]Tyranitar||Tyranitarite|SandStream|RockSlide,Crunch,IcePunch,Protect|Adamant||F|||50|]Excadrill||FocusSash|SandRush|IronHead,RockSlide,HighHorsepower,Protect|Adamant||F|||50|]Sinistcha||OccaBerry|Hospitality|MatchaGotcha,RagePowder,StrengthSap,TrickRoom|Bold|||||50|]Hydreigon||ChoiceScarf|Levitate|DracoMeteor,DarkPulse,HeatWave,Tailwind|Modest||F|||50|]Sylveon||FairyFeather|Pixilate|HyperVoice,HyperBeam,QuickAttack,Detect|Modest||F|||50|
|showteam|p2|Swampert||Swampertite|Torrent|WaveCrash,Earthquake,IcePunch,Protect|Adamant||F|||50|]Archaludon||Leftovers|Stamina|ElectroShot,DragonPulse,FlashCannon,Protect|Modest||M|||50|]Sableye||LightClay|Prankster|Reflect,LightScreen,RainDance,Encore|Sassy||F|||50|]Sinistcha-Masterpiece||ColburBerry|Hospitality|MatchaGotcha,RagePowder,TrickRoom,Protect|Sassy|||||50|]Pelipper||FocusSash|Drizzle|WeatherBall,Hurricane,Tailwind,Protect|Modest||F|||50|]Floette-Eternal||Floettite|FlowerVeil|Moonblast,DazzlingGleam,LightofRuin,Protect|Modest||F|||50|
|inactive|Battle timer is ON: inactive players will automatically lose when time's up. (requested by GlitchXDGOAT)
|inactive|GlitchXDGOAT has 60 seconds left.
|
|t:|1783947303
|teamsize|p1|4
|teamsize|p2|4
|start
|switch|p1a: Sinistcha|Sinistcha, L50|100/100
|switch|p1b: Sylveon|Sylveon, L50, F|100/100
|switch|p2a: Sableye|Sableye, L50, F|100/100
|switch|p2b: Bahubali|Swampert, L50, F|100/100
|turn|1
|
|t:|1783947313
|move|p2b: Bahubali|Protect|p2b: Bahubali
|-singleturn|p2b: Bahubali|Protect
|move|p2a: Sableye|Light Screen|p2a: Sableye
|-sidestart|p2: ilikecsr|move: Light Screen
|move|p1b: Sylveon|Hyper Voice|p2a: Sableye|[spread] p2a
|-activate|p2b: Bahubali|move: Protect
|-supereffective|p2a: Sableye|1
|-damage|p2a: Sableye|23/100
|move|p1a: Sinistcha|Matcha Gotcha|p2a: Sableye|[spread] 
|-activate|p2b: Bahubali|move: Protect
|-miss|p1a: Sinistcha|p2a: Sableye
|
|upkeep
|turn|2
|inactive|GlitchXDGOAT has 30 seconds left.
|
|t:|1783947338
|detailschange|p2b: Bahubali|Swampert-Mega, L50, F
|-mega|p2b: Bahubali|Swampert|Swampertite
|move|p1b: Sylveon|Detect|p1b: Sylveon
|-singleturn|p1b: Sylveon|Protect
|move|p2a: Sableye|Rain Dance|p2a: Sableye
|-weather|RainDance
|move|p2b: Bahubali|Wave Crash|p1b: Sylveon
|-activate|p1b: Sylveon|move: Protect
|move|p1a: Sinistcha|Matcha Gotcha|p2b: Bahubali|[spread] p2a,p2b
|-supereffective|p2b: Bahubali|2
|-damage|p2a: Sableye|5/100
|-damage|p2b: Bahubali|39/100
|
|-weather|RainDance|[upkeep]
|upkeep
|turn|3
|
|t:|1783947354
|switch|p2a: Maithan Steel|Archaludon, L50, M|100/100
|move|p2b: Bahubali|Protect|p2b: Bahubali
|-singleturn|p2b: Bahubali|Protect
|move|p1b: Sylveon|Quick Attack|p2a: Maithan Steel
|-damage|p2a: Maithan Steel|90/100
|-ability|p2a: Maithan Steel|Stamina|boost
|-boost|p2a: Maithan Steel|def|1
|move|p1a: Sinistcha|Matcha Gotcha|p2b: Bahubali|[spread] p2a
|-activate|p2b: Bahubali|move: Protect
|-resisted|p2a: Maithan Steel|2
|-damage|p2a: Maithan Steel|86/100
|-ability|p2a: Maithan Steel|Stamina|boost
|-boost|p2a: Maithan Steel|def|1
|
|-weather|RainDance|[upkeep]
|-heal|p2a: Maithan Steel|92/100|[from] item: Leftovers
|upkeep
|turn|4
|
|t:|1783947363
|switch|p2b: Katappa|Pelipper, L50, F|100/100
|move|p1a: Sinistcha|Rage Powder|p1a: Sinistcha
|-singleturn|p1a: Sinistcha|move: Rage Powder
|move|p2a: Maithan Steel|Flash Cannon|p1a: Sinistcha
|-damage|p1a: Sinistcha|64/100
|move|p1b: Sylveon|Hyper Voice|p2a: Maithan Steel|[spread] p2a,p2b
|-damage|p2a: Maithan Steel|63/100
|-damage|p2b: Katappa|42/100
|-ability|p2a: Maithan Steel|Stamina|boost
|-boost|p2a: Maithan Steel|def|1
|
|-weather|RainDance|[upkeep]
|-heal|p2a: Maithan Steel|70/100|[from] item: Leftovers
|upkeep
|turn|5
|
|t:|1783947376
|move|p1a: Sinistcha|Rage Powder|p1a: Sinistcha
|-singleturn|p1a: Sinistcha|move: Rage Powder
|move|p2b: Katappa|Hurricane|p1a: Sinistcha
|-supereffective|p1a: Sinistcha|1
|-damage|p1a: Sinistcha|0 fnt
|faint|p1a: Sinistcha
|move|p2a: Maithan Steel|Electro Shot||[still]
|-prepare|p2a: Maithan Steel|Electro Shot
|-boost|p2a: Maithan Steel|spa|1
|-anim|p2a: Maithan Steel|Electro Shot|p1b: Sylveon
|-damage|p1b: Sylveon|46/100
|move|p1b: Sylveon|Hyper Voice|p2a: Maithan Steel|[spread] p2a,p2b
|-damage|p2a: Maithan Steel|38/100
|-damage|p2b: Katappa|0 fnt
|-ability|p2a: Maithan Steel|Stamina|boost
|-boost|p2a: Maithan Steel|def|1
|faint|p2b: Katappa
|
|-weather|RainDance|[upkeep]
|-heal|p2a: Maithan Steel|44/100|[from] item: Leftovers
|upkeep
|
|t:|1783947388
|switch|p2b: Bahubali|Swampert-Mega, L50, F|39/100
|switch|p1a: Charizard|Charizard, L50, F|100/100
|turn|6
|
|t:|1783947412
|detailschange|p1a: Charizard|Charizard-Mega-Y, L50, F
|-mega|p1a: Charizard|Charizard|Charizardite Y
|-weather|SunnyDay|[from] ability: Drought|[of] p1a: Charizard
|move|p2a: Maithan Steel|Protect|p2a: Maithan Steel
|-singleturn|p2a: Maithan Steel|Protect
|move|p1a: Charizard|Solar Beam||[still]
|-prepare|p1a: Charizard|Solar Beam
|-anim|p1a: Charizard|Solar Beam|p2b: Bahubali
|-supereffective|p2b: Bahubali|2
|-damage|p2b: Bahubali|0 fnt
|faint|p2b: Bahubali
|move|p1b: Sylveon|Hyper Beam|p2a: Maithan Steel
|-activate|p2a: Maithan Steel|move: Protect
|
|-weather|SunnyDay|[upkeep]
|-heal|p2a: Maithan Steel|50/100g|[from] item: Leftovers
|upkeep
|
|t:|1783947421
|switch|p2b: Sableye|Sableye, L50, F|5/100
|turn|7
|
|t:|1783947427
|move|p2b: Sableye|Rain Dance|p2b: Sableye
|-weather|RainDance
|move|p1a: Charizard|Heat Wave|p2a: Maithan Steel|[spread] p2a
|-miss|p1a: Charizard|p2b: Sableye
|-damage|p2a: Maithan Steel|36/100
|-ability|p2a: Maithan Steel|Stamina|boost
|-boost|p2a: Maithan Steel|def|1
|move|p2a: Maithan Steel|Electro Shot||[still]
|-prepare|p2a: Maithan Steel|Electro Shot
|-boost|p2a: Maithan Steel|spa|1
|-anim|p2a: Maithan Steel|Electro Shot|p1b: Sylveon
|-damage|p1b: Sylveon|0 fnt
|faint|p1b: Sylveon
|
|-weather|RainDance|[upkeep]
|-heal|p2a: Maithan Steel|42/100|[from] item: Leftovers
|upkeep
|
|t:|1783947439
|switch|p1b: Hydreigon|Hydreigon, L50, F|100/100
|turn|8
|
|t:|1783947448
|move|p2b: Sableye|Encore|p1a: Charizard
|-start|p1a: Charizard|Encore
|move|p1b: Hydreigon|Draco Meteor|p2a: Maithan Steel
|-damage|p2a: Maithan Steel|0 fnt
|-unboost|p1b: Hydreigon|spa|2
|faint|p2a: Maithan Steel
|move|p1a: Charizard|Heat Wave|p2b: Sableye|[miss]
|-miss|p1a: Charizard|p2b: Sableye
|
|-weather|RainDance|[upkeep]
|-sideend|p2: ilikecsr|move: Light Screen
|upkeep
|turn|9
|-message|ilikecsr forfeited.
|
|win|GlitchXDGOAT
|c|☆GlitchXDGOAT|GG
|l|☆ilikecsr
|player|p2|
|j|☆ilikecsr
|player|p2|ilikecsr|n|
||GlitchXDGOAT is ready for game 2.
||ilikecsr is ready for game 2.
|uhtml|next|Next: Game 2 of 3
