|j|‽daniiivgc
|j|☆sadnessvgc
|html|daniiivgcsadnessvgc    
|uhtml|bestof|Game 1 of a best-of-3
|t:|1784908536
|gametype|doubles
|player|p1|daniiivgc|giovanni|1411
|player|p2|sadnessvgc|agatha-gen1rb|1357
|gen|9
|tier|[Gen 9 Champions] VGC 2026 Reg M-B (Bo3)
|rated|
|rule|Species Clause: Limit one of each Pokémon
|rule|Item Clause: Limit 1 of each item
|clearpoke
|poke|p1|Raichu, L50, M|
|poke|p1|Sinistcha, L50|
|poke|p1|Corviknight, L50, F|
|poke|p1|Sylveon, L50, M|
|poke|p1|Garchomp, L50, M|
|poke|p1|Tyranitar, L50, F|
|poke|p2|Floette-Eternal, L50, F|
|poke|p2|Sinistcha, L50, shiny|
|poke|p2|Sneasler, L50, M, shiny|
|poke|p2|Incineroar, L50, F, shiny|
|poke|p2|Garchomp, L50, F, shiny|
|poke|p2|Kingambit, L50, M, shiny|
|teampreview|4
|showteam|p1|Raichu||RaichuniteY|LightningRod|ZapCannon,FocusBlast,FakeOut,Protect|Timid||M|||50|]Sinistcha||KasibBerry|Hospitality|MatchaGotcha,ShadowBall,RagePowder,Protect|Modest|||||50|]Corviknight||Leftovers|MirrorArmor|IronHead,BraveBird,Tailwind,Protect|Adamant||F|||50|]Sylveon||FairyFeather|Pixilate|HyperVoice,QuickAttack,Yawn,Detect|Modest||M|||50|]Garchomp||SitrusBerry|RoughSkin|DragonClaw,StompingTantrum,RockSlide,Protect|Adamant||M|||50|]Tyranitar||FocusSash|SandStream|RockSlide,KnockOff,Superpower,Protect|Adamant||F|||50|
|showteam|p2|Floette-Eternal||Floettite|FlowerVeil|DazzlingGleam,DrainingKiss,Protect,CalmMind|Timid||F|||50|]Sinistcha||SitrusBerry|Hospitality|MatchaGotcha,Protect,TrickRoom,RagePowder|Bold|||||50|]Sneasler||FocusSash|Unburden|DireClaw,FakeOut,CloseCombat,Coaching|Naive||M|||50|]Incineroar||Leftovers|Intimidate|FlareBlitz,FakeOut,PartingShot,HelpingHand|Sassy||F|||50|]Garchomp||Garchompite|RoughSkin|Earthquake,StompingTantrum,RockSlide,Protect|Adamant||F|||50|]Kingambit||ChopleBerry|Defiant|KowtowCleave,SuckerPunch,IronHead,Protect|Adamant||M|||50|
|inactive|Battle timer is ON: inactive players will automatically lose when time's up. (requested by sadnessvgc)
|inactive|daniiivgc has 60 seconds left.
|inactive|sadnessvgc has 60 seconds left.
|
|t:|1784908577
|teamsize|p1|4
|teamsize|p2|4
|start
|switch|p1a: Corviknight|Corviknight, L50, F|100/100
|switch|p1b: Raichu|Raichu, L50, M|100/100
|switch|p2a: Sneasler|Sneasler, L50, M, shiny|100/100
|switch|p2b: Garchomp|Garchomp, L50, F, shiny|100/100
|turn|1
|inactive|daniiivgc has 30 seconds left.
|inactive|daniiivgc has 20 seconds left.
|inactive|daniiivgc has 15 seconds left.
|
|t:|1784908619
|detailschange|p1b: Raichu|Raichu-Mega-Y, L50, M
|-mega|p1b: Raichu|Raichu|Raichunite Y
|detailschange|p2b: Garchomp|Garchomp-Mega, L50, F, shiny
|-mega|p2b: Garchomp|Garchomp|Garchompite
|move|p1b: Raichu|Fake Out|p2a: Sneasler
|-damage|p2a: Sneasler|84/100
|cant|p2a: Sneasler|flinch
|move|p2b: Garchomp|Rock Slide|p1a: Corviknight|[spread] p1a,p1b
|-damage|p1a: Corviknight|78/100
|-damage|p1b: Raichu|64/100
|move|p1a: Corviknight|Tailwind|p1a: Corviknight
|-sidestart|p1: daniiivgc|move: Tailwind
|
|-heal|p1a: Corviknight|84/100|[from] item: Leftovers
|upkeep
|turn|2
|inactive|daniiivgc has 30 seconds left.
|
|t:|1784908646
|switch|p1b: Sylveon|Sylveon, L50, M|100/100
|switch|p2a: Sinistcha|Sinistcha, L50, shiny|100/100
|move|p1a: Corviknight|Brave Bird|p2a: Sinistcha
|-supereffective|p2a: Sinistcha|1
|-damage|p2a: Sinistcha|19/100
|-enditem|p2a: Sinistcha|Sitrus Berry|[eat]
|-heal|p2a: Sinistcha|43/100|[from] item: Sitrus Berry
|-damage|p1a: Corviknight|59/100|[from] Recoil
|move|p2b: Garchomp|Stomping Tantrum|p1b: Sylveon
|-damage|p1b: Sylveon|47/100
|
|-heal|p1a: Corviknight|66/100|[from] item: Leftovers
|upkeep
|turn|3
|inactive|daniiivgc has 30 seconds left.
|inactive|sadnessvgc has 30 seconds left.
|inactive|sadnessvgc has 20 seconds left.
|
|t:|1784908682
|switch|p2a: Incineroar|Incineroar, L50, F, shiny|100/100
|-ability|p2a: Incineroar|Intimidate|boost
|-ability|p1a: Corviknight|Mirror Armor
|-unboost|p2a: Incineroar|atk|1
|-unboost|p1b: Sylveon|atk|1
|move|p2b: Garchomp|Protect|p2b: Garchomp
|-singleturn|p2b: Garchomp|Protect
|move|p1a: Corviknight|Brave Bird|p2a: Incineroar
|-damage|p2a: Incineroar|53/100
|-damage|p1a: Corviknight|50/100y|[from] Recoil
|move|p1b: Sylveon|Hyper Voice|p2b: Garchomp|[spread] p2a
|-activate|p2b: Garchomp|move: Protect
|-damage|p2a: Incineroar|22/100
|
|-heal|p1a: Corviknight|56/100|[from] item: Leftovers
|-heal|p2a: Incineroar|28/100|[from] item: Leftovers
|upkeep
|turn|4
|inactive|daniiivgc has 30 seconds left.
|inactive|sadnessvgc has 30 seconds left.
|inactive|daniiivgc has 20 seconds left.
|
|t:|1784908720
|move|p2a: Incineroar|Helping Hand|p2b: Garchomp
|-singleturn|p2b: Garchomp|Helping Hand|[of] p2a: Incineroar
|move|p1b: Sylveon|Detect|p1b: Sylveon
|-singleturn|p1b: Sylveon|Protect
|move|p1a: Corviknight|Brave Bird|p2a: Incineroar
|-damage|p2a: Incineroar|0 fnt
|faint|p2a: Incineroar
|-damage|p1a: Corviknight|46/100|[from] Recoil
|move|p2b: Garchomp|Rock Slide|p1a: Corviknight|[spread] p1a
|-activate|p1b: Sylveon|move: Protect
|-damage|p1a: Corviknight|10/100
|
|-heal|p1a: Corviknight|17/100|[from] item: Leftovers
|-sideend|p1: daniiivgc|move: Tailwind
|upkeep
|
|t:|1784908736
|switch|p2a: Sneasler|Sneasler, L50, M, shiny|84/100
|turn|5
|
|t:|1784908758
|switch|p1a: Garchomp|Garchomp, L50, M|100/100
|move|p2a: Sneasler|Close Combat|p1a: Garchomp
|-damage|p1a: Garchomp|45/100
|-unboost|p2a: Sneasler|def|1
|-unboost|p2a: Sneasler|spd|1
|-damage|p2a: Sneasler|72/100|[from] ability: Rough Skin|[of] p1a: Garchomp
|-enditem|p1a: Garchomp|Sitrus Berry|[eat]
|-heal|p1a: Garchomp|70/100|[from] item: Sitrus Berry
|move|p2b: Garchomp|Stomping Tantrum|p1b: Sylveon
|-damage|p1b: Sylveon|0 fnt
|faint|p1b: Sylveon
|
|upkeep
|inactive|daniiivgc has 30 seconds left.
|
|t:|1784908790
|switch|p1b: Raichu|Raichu-Mega-Y, L50, M|64/100
|turn|6
|inactive|sadnessvgc has 30 seconds left.
|inactive|sadnessvgc has 20 seconds left.
|inactive|sadnessvgc has 15 seconds left.
|
|t:|1784908833
|move|p1b: Raichu|Protect|p1b: Raichu
|-singleturn|p1b: Raichu|Protect
|move|p2a: Sneasler|Coaching|p2b: Garchomp
|-boost|p2b: Garchomp|atk|1
|-boost|p2b: Garchomp|def|1
|move|p1a: Garchomp|Dragon Claw|p2b: Garchomp
|-supereffective|p2b: Garchomp|1
|-damage|p2b: Garchomp|53/100
|move|p2b: Garchomp|Earthquake|p1b: Raichu|[spread] p2a,p1a
|-activate|p1b: Raichu|move: Protect
|-supereffective|p2a: Sneasler|1
|-damage|p2a: Sneasler|0 fnt
|-damage|p1a: Garchomp|9/100
|faint|p2a: Sneasler
|
|upkeep
|
|t:|1784908847
|switch|p2a: Sinistcha|Sinistcha, L50, shiny|43/100
|-heal|p2b: Garchomp|78/100|[from] ability: Hospitality|[of] p2a: Sinistcha
|turn|7
|inactive|daniiivgc has 30 seconds left.
|
|t:|1784908875
|move|p1a: Garchomp|Protect|p1a: Garchomp
|-singleturn|p1a: Garchomp|Protect
|move|p2a: Sinistcha|Rage Powder|p2a: Sinistcha
|-singleturn|p2a: Sinistcha|move: Rage Powder
|move|p1b: Raichu|Zap Cannon|p2a: Sinistcha
|-resisted|p2a: Sinistcha|1
|-damage|p2a: Sinistcha|14/100
|-status|p2a: Sinistcha|par
|move|p2b: Garchomp|Rock Slide|p1b: Raichu|[spread] p1b
|-activate|p1a: Garchomp|move: Protect
|-damage|p1b: Raichu|11/100
|
|upkeep
|turn|8
|inactive|sadnessvgc has 30 seconds left.
|
|t:|1784908906
|move|p1b: Raichu|Protect|p1b: Raichu
|-singleturn|p1b: Raichu|Protect
|move|p2a: Sinistcha|Protect|p2a: Sinistcha
|-singleturn|p2a: Sinistcha|Protect
|move|p1a: Garchomp|Rock Slide|p2a: Sinistcha|[spread] p2b
|-activate|p2a: Sinistcha|move: Protect
|-resisted|p2b: Garchomp|1
|-damage|p2b: Garchomp|73/100
|move|p2b: Garchomp|Rock Slide|p1a: Garchomp|[spread] p1a
|-activate|p1b: Raichu|move: Protect
|-resisted|p1a: Garchomp|1
|-damage|p1a: Garchomp|0 fnt
|faint|p1a: Garchomp
|
|upkeep
|
|t:|1784908921
|switch|p1a: Corviknight|Corviknight, L50, F|17/100
|turn|9
|
|t:|1784908935
|move|p1b: Raichu|Protect||[still]
|-fail|p1b: Raichu
|cant|p2a: Sinistcha|par
|move|p2b: Garchomp|Rock Slide|p1b: Raichu|[spread] p1a,p1b
|-damage|p1a: Corviknight|0 fnt
|-damage|p1b: Raichu|0 fnt
|faint|p1a: Corviknight
|faint|p1b: Raichu
|
|win|sadnessvgc
||daniiivgc is ready for game 2.
||sadnessvgc is ready for game 2.
|uhtml|next|Next: Game 2 of 3
