|j|☆spearow's nest
|j|☆noriaki kasai
|html|spearow's nestnoriaki kasai    
|uhtml|bestof|Game 2 of a best-of-3
|t:|1757001725
|gametype|doubles
|player|p1|spearow's nest|lance|1223
|player|p2|noriaki kasai|swimmer-gen4dp|1293
|gen|9
|tier|[Gen 9] VGC 2025 Reg H (Bo3)
|rated|
|rule|Species Clause: Limit one of each Pokémon
|rule|Item Clause: Limit 1 of each item
|clearpoke
|poke|p1|Rillaboom, L50, M|
|poke|p1|Dragonite, L50, M|
|poke|p1|Sneasler, L50, M|
|poke|p1|Ninetales-Alola, L50, F|
|poke|p1|Kingambit, L50, M|
|poke|p1|Volcarona, L50, M|
|poke|p2|Annihilape, L50, F|
|poke|p2|Sinistcha, L50|
|poke|p2|Maushold-Four, L50|
|poke|p2|Klefki, L50, M|
|poke|p2|Ursaluna-Bloodmoon, L50, M|
|poke|p2|Ninetales-Alola, L50, F|
|teampreview|4
|showteam|p1|Rillaboom||AssaultVest|GrassySurge|WoodHammer,GrassyGlide,HighHorsepower,FakeOut|||M|||50|,,,,,Fire]Dragonite||LoadedDice|Multiscale|Protect,ScaleShot,LowKick,Haze|||M|||50|,,,,,Fairy]Sneasler||WhiteHerb|Unburden|Protect,DireClaw,CloseCombat,Coaching|||M|||50|,,,,,Ghost]Ninetales-Alola||ChoiceSpecs|SnowWarning|Blizzard,IcyWind,Moonblast,FreezeDry|||F|||50|,,,,,Ghost]Kingambit||SafetyGoggles|Defiant|Protect,KowtowCleave,SuckerPunch,SwordsDance|||M|||50|,,,,,Dark]Volcarona||CovertCloak|FlameBody|StruggleBug,RagePowder,Overheat,WillOWisp|||M|||50|,,,,,Fairy
|showteam|p2|Annihilape||Leftovers|Defiant|Protect,BulkUp,DrainPunch,RageFist|||F|||50|,,,,,Fire]Sinistcha||SitrusBerry|Hospitality|MatchaGotcha,TrickRoom,LifeDew,RagePowder||||||50|,,,,,Water]Maushold-Four||FocusSash|FriendGuard|FollowMe,Taunt,BeatUp,Protect||||||50|,,,,,Ghost]Klefki||LightClay|Prankster|Reflect,LightScreen,MistyTerrain,DazzlingGleam|||M|||50|,,,,,Ghost]Ursaluna-Bloodmoon||AssaultVest|MindsEye|BloodMoon,HyperVoice,EarthPower,VacuumWave|||M|||50|,,,,,Water]Ninetales-Alola||ChoiceSpecs|SnowWarning|Blizzard,IcyWind,FreezeDry,Moonblast|||F|||50|,,,,,Ghost
|inactive|Battle timer is ON: inactive players will automatically lose when time's up. (requested by noriaki kasai)
|
|t:|1757001746
|teamsize|p1|4
|teamsize|p2|4
|start
|switch|p1a: Ninetales|Ninetales-Alola, L50, F|100/100
|switch|p1b: Sneasler|Sneasler, L50, M|100/100
|switch|p2a: Ursaluna|Ursaluna-Bloodmoon, L50, M|100/100
|switch|p2b: Ninetales|Ninetales-Alola, L50, F, shiny|100/100
|-weather|Snowscape|[from] ability: Snow Warning|[of] p2b: Ninetales
|turn|1
|inactive|noriaki kasai has 30 seconds left.
|
|t:|1757001778
|-terastallize|p2a: Ursaluna|Water
|move|p1b: Sneasler|Close Combat|p2a: Ursaluna
|-damage|p2a: Ursaluna|62/100
|-unboost|p1b: Sneasler|def|1
|-unboost|p1b: Sneasler|spd|1
|-enditem|p1b: Sneasler|White Herb
|-clearnegativeboost|p1b: Sneasler|[silent]
|move|p2b: Ninetales|Moonblast|p1a: Ninetales
|-damage|p1a: Ninetales|38/100
|move|p1a: Ninetales|Freeze-Dry|p2a: Ursaluna
|-supereffective|p2a: Ursaluna
|-damage|p2a: Ursaluna|13/100
|move|p2a: Ursaluna|Earth Power|p1b: Sneasler
|-supereffective|p1b: Sneasler
|-damage|p1b: Sneasler|0 fnt
|faint|p1b: Sneasler
|
|-weather|Snowscape|[upkeep]
|upkeep
|j| bananapower63
|
|t:|1757001801
|switch|p1b: Rillaboom|Rillaboom, L50, M|100/100
|-fieldstart|move: Grassy Terrain|[from] ability: Grassy Surge|[of] p1b: Rillaboom
|turn|2
|inactive|noriaki kasai has 30 seconds left.
|
|t:|1757001832
|move|p1b: Rillaboom|Fake Out|p2b: Ninetales
|-damage|p2b: Ninetales|86/100
|move|p2a: Ursaluna|Vacuum Wave|p1b: Rillaboom
|-damage|p1b: Rillaboom|88/100
|cant|p2b: Ninetales|flinch
|move|p1a: Ninetales|Freeze-Dry|p2a: Ursaluna
|-supereffective|p2a: Ursaluna
|-damage|p2a: Ursaluna|0 fnt
|faint|p2a: Ursaluna
|
|-weather|Snowscape|[upkeep]
|-heal|p1a: Ninetales|44/100|[from] Grassy Terrain
|-heal|p2b: Ninetales|92/100|[from] Grassy Terrain
|-heal|p1b: Rillaboom|94/100|[from] Grassy Terrain
|upkeep
|
|t:|1757001846
|switch|p2a: Annihilape|Annihilape, L50, F, shiny|100/100
|turn|3
|inactive|noriaki kasai has 30 seconds left.
|
|t:|1757001880
|move|p2a: Annihilape|Protect|p2a: Annihilape
|-singleturn|p2a: Annihilape|Protect
|move|p1a: Ninetales|Freeze-Dry|p2a: Annihilape
|-activate|p2a: Annihilape|move: Protect
|move|p2b: Ninetales|Moonblast|p1a: Ninetales
|-damage|p1a: Ninetales|0 fnt
|faint|p1a: Ninetales
|move|p1b: Rillaboom|Wood Hammer|p2a: Annihilape
|-activate|p2a: Annihilape|move: Protect
|
|-weather|Snowscape|[upkeep]
|-heal|p2b: Ninetales|98/100|[from] Grassy Terrain
|-heal|p1b: Rillaboom|100/100|[from] Grassy Terrain
|upkeep
|
|t:|1757001885
|switch|p1a: Dragonite|Dragonite, L50, M|100/100
|turn|4
|inactive|noriaki kasai has 30 seconds left.
|inactive|noriaki kasai has 20 seconds left.
|
|t:|1757001923
|-terastallize|p1a: Dragonite|Fairy
|move|p1b: Rillaboom|Grassy Glide|p2a: Annihilape
|-damage|p2a: Annihilape|62/100
|move|p2b: Ninetales|Moonblast|p1b: Rillaboom
|-damage|p1b: Rillaboom|62/100
|move|p2a: Annihilape|Drain Punch|p1b: Rillaboom
|-damage|p1b: Rillaboom|31/100
|-heal|p2a: Annihilape|76/100|[from] drain|[of] p1b: Rillaboom
|move|p1a: Dragonite|Scale Shot|p2a: Annihilape
|-damage|p2a: Annihilape|61/100
|-damage|p2a: Annihilape|45/100
|-damage|p2a: Annihilape|28/100
|-damage|p2a: Annihilape|12/100
|-damage|p2a: Annihilape|0 fnt
|faint|p2a: Annihilape
|-hitcount|p2: Annihilape|5
|-unboost|p1a: Dragonite|def|1
|-boost|p1a: Dragonite|spe|1
|
|-weather|Snowscape|[upkeep]
|-heal|p2b: Ninetales|100/100|[from] Grassy Terrain
|-heal|p1b: Rillaboom|37/100|[from] Grassy Terrain
|upkeep
|
|t:|1757001935
|switch|p2a: Sinistcha|Sinistcha, L50|100/100
|turn|5
|inactive|spearow's nest has 30 seconds left.
|inactive|noriaki kasai has 30 seconds left.
|
|t:|1757001960
|move|p1b: Rillaboom|Grassy Glide|p2b: Ninetales
|-damage|p2b: Ninetales|68/100
|move|p1a: Dragonite|Scale Shot|p2a: Sinistcha
|-damage|p2a: Sinistcha|88/100
|-damage|p2a: Sinistcha|76/100
|-damage|p2a: Sinistcha|64/100
|-crit|p2a: Sinistcha
|-damage|p2a: Sinistcha|45/100
|-enditem|p2a: Sinistcha|Sitrus Berry|[eat]
|-heal|p2a: Sinistcha|70/100|[from] item: Sitrus Berry
|-hitcount|p2a: Sinistcha|4
|-unboost|p1a: Dragonite|def|1
|-boost|p1a: Dragonite|spe|1
|move|p2b: Ninetales|Moonblast|p1b: Rillaboom
|-damage|p1b: Rillaboom|0 fnt
|faint|p1b: Rillaboom
|move|p2a: Sinistcha|Life Dew|p2a: Sinistcha|[spread] p2a,p2b
|-heal|p2a: Sinistcha|95/100
|-heal|p2b: Ninetales|92/100
|
|-weather|none
|-heal|p2b: Ninetales|98/100|[from] Grassy Terrain
|-heal|p2a: Sinistcha|100/100|[from] Grassy Terrain
|upkeep
|turn|6
|
|t:|1757001977
|move|p2a: Sinistcha|Rage Powder|p2a: Sinistcha
|-singleturn|p2a: Sinistcha|move: Rage Powder
|move|p1a: Dragonite|Scale Shot|p2a: Sinistcha
|-damage|p2a: Sinistcha|89/100
|-damage|p2a: Sinistcha|78/100
|-damage|p2a: Sinistcha|67/100
|-damage|p2a: Sinistcha|56/100
|-hitcount|p2a: Sinistcha|4
|-unboost|p1a: Dragonite|def|1
|-boost|p1a: Dragonite|spe|1
|move|p2b: Ninetales|Moonblast|p1a: Dragonite
|-damage|p1a: Dragonite|72/100
|
|-heal|p1a: Dragonite|78/100|[from] Grassy Terrain
|-heal|p2b: Ninetales|100/100|[from] Grassy Terrain
|-heal|p2a: Sinistcha|62/100|[from] Grassy Terrain
|-fieldend|move: Grassy Terrain
|upkeep
|turn|7
|
|t:|1757002000
|move|p2a: Sinistcha|Rage Powder|p2a: Sinistcha
|-singleturn|p2a: Sinistcha|move: Rage Powder
|move|p1a: Dragonite|Scale Shot|p2a: Sinistcha
|-damage|p2a: Sinistcha|50/100
|-damage|p2a: Sinistcha|39/100
|-damage|p2a: Sinistcha|27/100
|-damage|p2a: Sinistcha|15/100
|-hitcount|p2a: Sinistcha|4
|-unboost|p1a: Dragonite|def|1
|-boost|p1a: Dragonite|spe|1
|move|p2b: Ninetales|Moonblast|p1a: Dragonite
|-damage|p1a: Dragonite|20/100
|-unboost|p1a: Dragonite|spa|1
|
|upkeep
|turn|8
|
|t:|1757002008
|move|p2a: Sinistcha|Rage Powder|p2a: Sinistcha
|-singleturn|p2a: Sinistcha|move: Rage Powder
|move|p1a: Dragonite|Scale Shot|p2a: Sinistcha
|-damage|p2a: Sinistcha|3/100
|-crit|p2a: Sinistcha
|-damage|p2a: Sinistcha|0 fnt
|faint|p2a: Sinistcha
|-hitcount|p2: Sinistcha|2
|-unboost|p1a: Dragonite|def|1
|-boost|p1a: Dragonite|spe|1
|move|p2b: Ninetales|Moonblast|p1a: Dragonite
|-damage|p1a: Dragonite|0 fnt
|faint|p1a: Dragonite
|
|win|noriaki kasai
|raw|spearow's nest's rating: 1223 → 1203(-20 for losing)
|raw|noriaki kasai's rating: 1293 → 1313(+20 for winning)
|c|☆spearow's nest|gg
