|j|☆HikariVT
|j|☆Notaplaceofhonor
|html|HikariVTNotaplaceofhonor    
|uhtml|bestof|Game 1 of a best-of-3
|t:|1757804060
|gametype|doubles
|player|p1|HikariVT|lillie-masters2|1216
|player|p2|Notaplaceofhonor|juan-gen3|1113
|gen|9
|tier|[Gen 9] VGC 2025 Reg H (Bo3)
|rated|
|rule|Species Clause: Limit one of each Pokémon
|rule|Item Clause: Limit 1 of each item
|clearpoke
|poke|p1|Weavile, L50, M|
|poke|p1|Jumpluff, L50, M|
|poke|p1|Torkoal, L50, M|
|poke|p1|Charizard, L50, F|
|poke|p1|Ursaluna, L50, M|
|poke|p1|Gholdengo, L50|
|poke|p2|Ursaluna, L50, M|
|poke|p2|Incineroar, L50, M|
|poke|p2|Archaludon, L50, M|
|poke|p2|Pelipper, L50, M|
|poke|p2|Basculegion, L50, M|
|poke|p2|Sinistcha, L50|
|teampreview|4
|showteam|p1|Weavile||WideLens|Pressure|FakeOut,TripleAxel,KnockOff,IcyWind|||M|||50|,,,,,Stellar]Jumpluff||CovertCloak|Chlorophyll|Encore,Tailwind,RagePowder,SunnyDay|||M|||50|,,,,,Poison]Torkoal||EjectPack|Drought|Overheat,Protect,HelpingHand,BodyPress|||M|||50|,,,,,Dragon]Charizard||ChoiceSpecs|SolarPower|HeatWave,SolarBeam,WeatherBall,BlastBurn|||F|||50|,,,,,Fire]Ursaluna||FlameOrb|Guts|Earthquake,Facade,Protect,HeadlongRush|||M|||50|,,,,,Ghost]Gholdengo||ChoiceScarf|GoodasGold|ShadowBall,MakeItRain,Thunderbolt,Trick||||||50|,,,,,Steel
|showteam|p2|Ursaluna||FlameOrb|Guts|Protect,Facade,Earthquake,HeadlongRush|||M|||50|,,,,,Ghost]Incineroar||SafetyGoggles|Intimidate|Taunt,FakeOut,KnockOff,PartingShot|||M|||50|,,,,,Ghost]Archaludon||AssaultVest|Stamina|ElectroShot,Snarl,DracoMeteor,BodyPress|||M|||50|,,,,,Grass]Pelipper||FocusSash|Drizzle|Hurricane,WeatherBall,Tailwind,Protect|||M|||50|,,,,,Ghost]Basculegion||ChoiceScarf|Adaptability|WaveCrash,LastRespects,FlipTurn,AquaJet|||M|||50|,,,,,Water]Sinistcha||SitrusBerry|Hospitality|MatchaGotcha,TrickRoom,RagePowder,LifeDew||||||50|,,,,,Water
|inactive|Battle timer is ON: inactive players will automatically lose when time's up. (requested by HikariVT)
|inactive|HikariVT has 60 seconds left.
|inactive|Notaplaceofhonor has 60 seconds left.
|inactive|Notaplaceofhonor has 30 seconds left.
|inactive|Notaplaceofhonor has 20 seconds left.
|inactive|Notaplaceofhonor has 15 seconds left.
|inactive|Notaplaceofhonor has 10 seconds left.
|
|t:|1757804144
|teamsize|p1|4
|teamsize|p2|4
|start
|switch|p1a: Gholdengo|Gholdengo, L50|100/100
|switch|p1b: Jumpluff|Jumpluff, L50, M|100/100
|switch|p2a: Archaludon|Archaludon, L50, M|100/100
|switch|p2b: Incineroar|Incineroar, L50, M|100/100
|-ability|p2b: Incineroar|Intimidate|boost
|-unboost|p1a: Gholdengo|atk|1
|-unboost|p1b: Jumpluff|atk|1
|turn|1
|inactive|HikariVT has 30 seconds left.
|inactive|HikariVT has 20 seconds left.
|
|t:|1757804181
|move|p1a: Gholdengo|Trick|p2a: Archaludon
|-activate|p1a: Gholdengo|move: Trick|[of] p2a: Archaludon
|-item|p2a: Archaludon|Choice Scarf|[from] move: Trick
|-item|p1a: Gholdengo|Assault Vest|[from] move: Trick
|move|p1b: Jumpluff|Tailwind|p1b: Jumpluff
|-sidestart|p1: HikariVT|move: Tailwind
|move|p2a: Archaludon|Snarl|p1b: Jumpluff|[spread] p1a,p1b
|-supereffective|p1a: Gholdengo
|-damage|p1a: Gholdengo|80/100
|-damage|p1b: Jumpluff|87/100
|-unboost|p1a: Gholdengo|spa|1
|move|p2b: Incineroar|Knock Off|p1a: Gholdengo
|-supereffective|p1a: Gholdengo
|-damage|p1a: Gholdengo|0 fnt
|-enditem|p1a: Gholdengo|Assault Vest|[from] move: Knock Off|[of] p2b: Incineroar
|faint|p1a: Gholdengo
|
|upkeep
|
|t:|1757804194
|switch|p1a: Charizard|Charizard, L50, F|100/100
|turn|2
|
|t:|1757804212
|switch|p2a: Ursaluna|Ursaluna, L50, M|100/100
|-terastallize|p1a: Charizard|Fire
|move|p1b: Jumpluff|Sunny Day|p1b: Jumpluff
|-weather|SunnyDay
|move|p1a: Charizard|Heat Wave|p2a: Ursaluna|[spread] p2a
|-miss|p1a: Charizard|p2b: Incineroar
|-damage|p2a: Ursaluna|0 fnt
|faint|p2a: Ursaluna
|move|p2b: Incineroar|Parting Shot|p1a: Charizard
|-unboost|p1a: Charizard|atk|1
|-unboost|p1a: Charizard|spa|1
|inactive|Notaplaceofhonor has 30 seconds left.
|
|t:|1757804238
|switch|p2b: Archaludon|Archaludon, L50, M|100/100|[from] Parting Shot
|
|-weather|SunnyDay|[upkeep]
|-damage|p1a: Charizard|88/100|[from] ability: Solar Power|[of] p1a: Charizard
|upkeep
|
|t:|1757804252
|switch|p2a: Pelipper|Pelipper, L50, M|100/100
|-weather|RainDance|[from] ability: Drizzle|[of] p2a: Pelipper
|turn|3
|
|t:|1757804263
|move|p1b: Jumpluff|Sunny Day|p1b: Jumpluff
|-weather|SunnyDay
|move|p1a: Charizard|Heat Wave|p2a: Pelipper|[spread] p2a,p2b
|-resisted|p2a: Pelipper
|-damage|p2a: Pelipper|9/100
|-damage|p2b: Archaludon|0 fnt
|-status|p2a: Pelipper|brn
|faint|p2b: Archaludon
|move|p2a: Pelipper|Weather Ball|p1b: Jumpluff
|-supereffective|p1b: Jumpluff
|-damage|p1b: Jumpluff|0 fnt
|faint|p1b: Jumpluff
|
|-weather|SunnyDay|[upkeep]
|-damage|p1a: Charizard|76/100|[from] ability: Solar Power|[of] p1a: Charizard
|-damage|p2a: Pelipper|3/100 brn|[from] brn
|upkeep
|
|t:|1757804276
|switch|p1b: Torkoal|Torkoal, L50, M|100/100
|switch|p2b: Incineroar|Incineroar, L50, M|100/100
|-ability|p2b: Incineroar|Intimidate|boost
|-unboost|p1a: Charizard|atk|1
|-unboost|p1b: Torkoal|atk|1
|turn|4
|
|t:|1757804293
|move|p2b: Incineroar|Fake Out|p1a: Charizard
|-damage|p1a: Charizard|59/100
|cant|p1a: Charizard|flinch
|move|p2a: Pelipper|Weather Ball|p1a: Charizard
|-resisted|p1a: Charizard
|-damage|p1a: Charizard|27/100
|move|p1b: Torkoal|Body Press|p2b: Incineroar
|-supereffective|p2b: Incineroar
|-damage|p2b: Incineroar|65/100
|
|-weather|SunnyDay|[upkeep]
|-damage|p1a: Charizard|14/100|[from] ability: Solar Power|[of] p1a: Charizard
|-damage|p2a: Pelipper|0 fnt|[from] brn
|faint|p2a: Pelipper
|-sideend|p1: HikariVT|move: Tailwind
|upkeep
|turn|5
|
|t:|1757804309
|move|p1a: Charizard|Heat Wave|p2b: Incineroar
|-resisted|p2b: Incineroar
|-damage|p2b: Incineroar|3/100
|move|p2b: Incineroar|Knock Off|p1b: Torkoal
|-damage|p1b: Torkoal|73/100
|-enditem|p1b: Torkoal|Eject Pack|[from] move: Knock Off|[of] p2b: Incineroar
|move|p1b: Torkoal|Body Press|p2b: Incineroar
|-supereffective|p2b: Incineroar
|-damage|p2b: Incineroar|0 fnt
|faint|p2b: Incineroar
|
|win|HikariVT
