|j|☆exessvgc
|j|☆xNimxZ
|html|exessvgcxNimxZ    
|uhtml|bestof|Game 1 of a best-of-3
|t:|1783782622
|gametype|doubles
|player|p1|exessvgc|lucas|1183
|player|p2|xNimxZ|101|1129
|gen|9
|tier|[Gen 9 Champions] VGC 2026 Reg M-B (Bo3)
|rated|
|rule|Species Clause: Limit one of each Pokémon
|rule|Item Clause: Limit 1 of each item
|clearpoke
|poke|p1|Aerodactyl, L50, M|
|poke|p1|Raichu, L50, F|
|poke|p1|Charizard, L50, F|
|poke|p1|Whimsicott, L50, M|
|poke|p1|Basculegion, L50, M|
|poke|p1|Garchomp, L50, F|
|poke|p2|Metagross, L50|
|poke|p2|Incineroar, L50, F|
|poke|p2|Sylveon, L50, F|
|poke|p2|Aerodactyl, L50, M|
|poke|p2|Charizard, L50, M|
|poke|p2|Garchomp, L50, F|
|teampreview|4
|showteam|p1|Aerodactyl||Aerodactylite|Unnerve|IceFang,DualWingbeat,RockSlide,WideGuard|Jolly||M|||50|]Raichu||RaichuniteY|LightningRod|FocusBlast,ZapCannon,FakeOut,Protect|Timid||F|||50|]Charizard||CharizarditeY|SolarPower|WeatherBall,HeatWave,SolarBeam,Protect|Modest||F|||50|]Whimsicott||FocusSash|Prankster|Moonblast,Tailwind,SunnyDay,Protect|Timid||M|||50|]Basculegion||MysticWater|Adaptability|WaveCrash,LastRespects,AquaJet,Protect|Adamant||M|||50|]Garchomp||LifeOrb|RoughSkin|Protect,DragonClaw,StompingTantrum,Earthquake|Adamant||F|||50|
|showteam|p2|Metagross||Metagrossite|ClearBody|BulletPunch,BodyPress,PsychicFangs,Protect|Adamant|||||50|]Incineroar||SitrusBerry|Intimidate|FakeOut,FlareBlitz,DarkestLariat,PartingShot|Careful||F|||50|]Sylveon||FairyFeather|Pixilate|QuickAttack,HyperBeam,HyperVoice,Detect|Modest||F|||50|]Aerodactyl||FocusSash|Unnerve|Tailwind,RockSlide,DualWingbeat,Protect|Jolly||M|||50|]Charizard||CharizarditeY|Blaze|HeatWave,WeatherBall,SolarBeam,Protect|Modest||M|||50|]Garchomp||LifeOrb|RoughSkin|Earthquake,DragonClaw,RockSlide,Protect|Jolly||F|||50|
|
|t:|1783782669
|teamsize|p1|4
|teamsize|p2|4
|start
|switch|p1a: EXESS|Charizard, L50, F|100/100
|switch|p1b: Pietro|Raichu, L50, F|100/100
|switch|p2a: Aerodactyl|Aerodactyl, L50, M|100/100
|switch|p2b: Garchomp|Garchomp, L50, F|100/100
|-ability|p2a: Aerodactyl|Unnerve
|turn|1
|inactive|Battle timer is ON: inactive players will automatically lose when time's up. (requested by xNimxZ)
|
|t:|1783782712
|detailschange|p1a: EXESS|Charizard-Mega-Y, L50, F
|-mega|p1a: EXESS|Charizard|Charizardite Y
|-weather|SunnyDay|[from] ability: Drought|[of] p1a: EXESS
|move|p2a: Aerodactyl|Protect|p2a: Aerodactyl
|-singleturn|p2a: Aerodactyl|Protect
|move|p2b: Garchomp|Protect|p2b: Garchomp
|-singleturn|p2b: Garchomp|Protect
|move|p1b: Pietro|Fake Out|p2a: Aerodactyl
|-activate|p2a: Aerodactyl|move: Protect
|move|p1a: EXESS|Solar Beam||[still]
|-prepare|p1a: EXESS|Solar Beam
|-anim|p1a: EXESS|Solar Beam|p2a: Aerodactyl
|-activate|p2a: Aerodactyl|move: Protect
|
|-weather|SunnyDay|[upkeep]
|upkeep
|turn|2
|l|☆xNimxZ
|inactive|xNimxZ disconnected and has a minute to reconnect!
|player|p2|
|j|☆xNimxZ
|inactive|xNimxZ reconnected and has 50 seconds left.
|player|p2|xNimxZ|101|
|inactive|exessvgc has 30 seconds left.
|inactive|xNimxZ has 30 seconds left.
|inactive|exessvgc has 20 seconds left.
|
|t:|1783782750
|move|p2a: Aerodactyl|Tailwind|p2a: Aerodactyl
|-sidestart|p2: xNimxZ|move: Tailwind
|move|p2b: Garchomp|Rock Slide|p1b: Pietro|[spread] 
|-miss|p2b: Garchomp|p1a: EXESS
|-miss|p2b: Garchomp|p1b: Pietro
|move|p1b: Pietro|Focus Blast|p2b: Garchomp
|-damage|p2b: Garchomp|60/100
|move|p1a: EXESS|Heat Wave|p2b: Garchomp|[spread] p2b
|-miss|p1a: EXESS|p2a: Aerodactyl
|-resisted|p2b: Garchomp|1
|-damage|p2b: Garchomp|27/100
|
|-weather|SunnyDay|[upkeep]
|upkeep
|turn|3
|inactive|exessvgc has 30 seconds left.
|
|t:|1783782776
|move|p1a: EXESS|Protect|p1a: EXESS
|-singleturn|p1a: EXESS|Protect
|move|p2a: Aerodactyl|Rock Slide|p1b: Pietro|[spread] p1b
|-activate|p1a: EXESS|move: Protect
|-damage|p1b: Pietro|47/100
|move|p2b: Garchomp|Earthquake|p1b: Pietro|[spread] p1b
|-activate|p1a: EXESS|move: Protect
|-immune|p2a: Aerodactyl
|-supereffective|p1b: Pietro|1
|-damage|p1b: Pietro|0 fnt
|faint|p1b: Pietro
|-damage|p2b: Garchomp|18/100|[from] item: Life Orb
|
|-weather|SunnyDay|[upkeep]
|upkeep
|
|t:|1783782786
|switch|p1b: Marianela|Garchomp, L50, F|100/100
|turn|4
|
|t:|1783782803
|switch|p1a: NEMO|Basculegion, L50, M|100/100
|move|p2a: Aerodactyl|Rock Slide|p1a: NEMO|[spread] p1a,p1b
|-resisted|p1b: Marianela|1
|-damage|p1a: NEMO|74/100
|-damage|p1b: Marianela|88/100
|move|p2b: Garchomp|Dragon Claw|p1b: Marianela
|-supereffective|p1b: Marianela|1
|-damage|p1b: Marianela|0 fnt
|-damage|p2b: Garchomp|6/100|[from] ability: Rough Skin|[of] p1b: Marianela
|faint|p1b: Marianela
|-damage|p2b: Garchomp|0 fnt|[from] item: Life Orb
|faint|p2b: Garchomp
|
|-weather|SunnyDay|[upkeep]
|upkeep
|
|t:|1783782818
|switch|p2b: Incineroar|Incineroar, L50, F|100/100
|switch|p1b: EXESS|Charizard-Mega-Y, L50, F|100/100
|-ability|p2b: Incineroar|Intimidate|boost
|-unboost|p1a: NEMO|atk|1
|-unboost|p1b: EXESS|atk|1
|turn|5
|
|t:|1783782831
|move|p1b: EXESS|Protect|p1b: EXESS
|-singleturn|p1b: EXESS|Protect
|move|p1a: NEMO|Protect|p1a: NEMO
|-singleturn|p1a: NEMO|Protect
|move|p2a: Aerodactyl|Rock Slide|p1a: NEMO|[spread] 
|-activate|p1a: NEMO|move: Protect
|-activate|p1b: EXESS|move: Protect
|move|p2b: Incineroar|Darkest Lariat|p1a: NEMO
|-activate|p1a: NEMO|move: Protect
|
|-weather|none
|-sideend|p2: xNimxZ|move: Tailwind
|upkeep
|turn|6
|
|t:|1783782852
|move|p2a: Aerodactyl|Rock Slide|p1b: EXESS|[spread] p1a
|-miss|p2a: Aerodactyl|p1b: EXESS
|-damage|p1a: NEMO|49/100
|move|p1b: EXESS|Heat Wave|p2a: Aerodactyl|[spread] p2a,p2b
|-resisted|p2a: Aerodactyl|1
|-resisted|p2b: Incineroar|1
|-damage|p2a: Aerodactyl|69/100
|-damage|p2b: Incineroar|83/100
|move|p1a: NEMO|Wave Crash|p2b: Incineroar
|-supereffective|p2b: Incineroar|1
|-damage|p2b: Incineroar|0 fnt
|faint|p2b: Incineroar
|-damage|p1a: NEMO|22/100|[from] Recoil
|
|upkeep
|
|t:|1783782857
|switch|p2b: Charizard|Charizard, L50, M|100/100
|turn|7
|
|t:|1783782881
|detailschange|p2b: Charizard|Charizard-Mega-Y, L50, M
|-mega|p2b: Charizard|Charizard|Charizardite Y
|-weather|SunnyDay|[from] ability: Drought|[of] p2b: Charizard
|move|p1a: NEMO|Protect|p1a: NEMO
|-singleturn|p1a: NEMO|Protect
|move|p2a: Aerodactyl|Rock Slide|p1a: NEMO|[spread] 
|-activate|p1a: NEMO|move: Protect
|-miss|p2a: Aerodactyl|p1b: EXESS
|move|p2b: Charizard|Heat Wave|p1a: NEMO|[spread] p1b
|-activate|p1a: NEMO|move: Protect
|-resisted|p1b: EXESS|1
|-damage|p1b: EXESS|73/100
|move|p1b: EXESS|Heat Wave|p2a: Aerodactyl|[spread] p2a,p2b
|-resisted|p2a: Aerodactyl|1
|-resisted|p2b: Charizard|1
|-damage|p2a: Aerodactyl|23/100
|-damage|p2b: Charizard|71/100
|
|-weather|SunnyDay|[upkeep]
|upkeep
|turn|8
|c|☆xNimxZ|THRICE
|c|☆xNimxZ|OMG
|inactive|exessvgc has 30 seconds left.
|
|t:|1783782906
|move|p1a: NEMO|Aqua Jet|p2a: Aerodactyl
|-supereffective|p2a: Aerodactyl|1
|-damage|p2a: Aerodactyl|0 fnt
|faint|p2a: Aerodactyl
|move|p2b: Charizard|Heat Wave|p1a: NEMO|[spread] p1a,p1b
|-resisted|p1a: NEMO|1
|-resisted|p1b: EXESS|1
|-damage|p1a: NEMO|0 fnt
|-damage|p1b: EXESS|47/100
|faint|p1a: NEMO
|move|p1b: EXESS|Weather Ball|p2b: Charizard
|-resisted|p2b: Charizard|1
|-damage|p2b: Charizard|32/100
|
|-weather|SunnyDay|[upkeep]
|upkeep
|turn|9
|
|t:|1783782919
|move|p2b: Charizard|Weather Ball|p1b: EXESS
|-resisted|p1b: EXESS|1
|-damage|p1b: EXESS|6/100
|move|p1b: EXESS|Weather Ball|p2b: Charizard
|-resisted|p2b: Charizard|1
|-damage|p2b: Charizard|0 fnt
|faint|p2b: Charizard
|
|win|exessvgc
||xNimxZ is ready for game 2.
||exessvgc is ready for game 2.
|uhtml|next|Next: Game 2 of 3
|l|☆exessvgc
|player|p1|
|j|☆exessvgc
|player|p1|exessvgc|lucas|
