|badge|p2|silver|gen9ou|30-6
|uhtml|medal-msg|Curious what those medals under the avatar are? PS now has Ladder Seasons! For more information, check out the thread on Smogon.
|j|☆Slowjow
|j|☆JackRG1
|html|SlowjowJackRG1    
|uhtml|bestof|Game 2 of a best-of-3
|t:|1757795057
|gametype|doubles
|player|p1|Slowjow|102|1214
|player|p2|JackRG1|dawn-gen4pt|1203
|gen|9
|tier|[Gen 9] VGC 2025 Reg H (Bo3)
|rated|
|rule|Species Clause: Limit one of each Pokémon
|rule|Item Clause: Limit 1 of each item
|clearpoke
|poke|p1|Gliscor, L50, M|
|poke|p1|Electabuzz, L50, M|
|poke|p1|Tauros-Paldea-Blaze, L50, M|
|poke|p1|Gastrodon, L50, F|
|poke|p1|Kingambit, L50, F|
|poke|p1|Ninetales-Alola, L50, F|
|poke|p2|Tyranitar, L50, F|
|poke|p2|Excadrill, L50, M|
|poke|p2|Corviknight, L50, M|
|poke|p2|Glimmora, L50, F|
|poke|p2|Indeedee-F, L50, F|
|poke|p2|Hatterene, L50, F|
|teampreview|4
|showteam|p1|Gliscor||ToxicOrb|PoisonHeal|HighHorsepower,DualWingbeat,SwordsDance,Protect|||M|||50|,,,,,Water]Electabuzz||Eviolite|VitalSpirit|Electroweb,Taunt,FollowMe,Protect|||M|||50|,,,,,Ghost]Tauros-Paldea-Blaze||MirrorHerb|Intimidate|RagingBull,CloseCombat,WillOWisp,Protect|||M|||50|,,,,,Grass]Gastrodon||Leftovers|StormDrain|MuddyWater,ClearSmog,Yawn,Protect|||F|||50|,,,,,Fire]Kingambit||BlackGlasses|Defiant|KowtowCleave,SuckerPunch,SwordsDance,Protect|||F|||50|,,,,,Dark]Ninetales-Alola||LightClay|SnowWarning|AuroraVeil,FreezeDry,Encore,Protect|||F|||50|,,,,,Water
|showteam|p2|Tyranitar||AssaultVest|SandStream|RockSlide,KnockOff,TeraBlast,LowKick|||F|||50|,,,,,Flying]Excadrill||FocusSash|SandRush|Earthquake,HighHorsepower,IronHead,Protect|||M|||50|,,,,,Stellar]Corviknight||PsychicSeed|MirrorArmor|BraveBird,PowerTrip,BulkUp,Roost|||M|||50|,,,,,Dragon]Glimmora||ChoiceScarf|ToxicDebris|DazzlingGleam,PowerGem,EarthPower,SludgeBomb|||F|||50|,,,,,Fairy]Indeedee-F||SafetyGoggles|PsychicSurge|FollowMe,Psychic,TrickRoom,Protect|||F|||50|,,,,,Poison]Hatterene||LifeOrb|MagicBounce|TrickRoom,Protect,ExpandingForce,DazzlingGleam|||F|||50|,,,,,Fairy
|inactive|Battle timer is ON: inactive players will automatically lose when time's up. (requested by JackRG1)
|inactive|Slowjow has 60 seconds left.
|
|t:|1757795103
|teamsize|p1|4
|teamsize|p2|4
|start
|switch|p1a: Gliscor|Gliscor, L50, M|100/100
|switch|p1b: Electabuzz|Electabuzz, L50, M|100/100
|switch|p2a: Corviknight|Corviknight, L50, M|100/100
|switch|p2b: Excadrill|Excadrill, L50, M|100/100
|turn|1
|
|t:|1757795120
|switch|p2a: Indeedee|Indeedee-F, L50, F|100/100
|-fieldstart|move: Psychic Terrain|[from] ability: Psychic Surge|[of] p2a: Indeedee
|move|p2b: Excadrill|High Horsepower|p1b: Electabuzz
|-supereffective|p1b: Electabuzz
|-damage|p1b: Electabuzz|24/100
|move|p1a: Gliscor|Swords Dance|p1a: Gliscor
|-boost|p1a: Gliscor|atk|2
|move|p1b: Electabuzz|Taunt|p2a: Indeedee
|-start|p2a: Indeedee|move: Taunt
|
|-status|p1a: Gliscor|tox|[from] item: Toxic Orb
|upkeep
|turn|2
|
|t:|1757795139
|move|p1b: Electabuzz|Follow Me|p1b: Electabuzz
|-singleturn|p1b: Electabuzz|move: Follow Me
|move|p2b: Excadrill|Iron Head|p1b: Electabuzz
|-resisted|p1b: Electabuzz
|-damage|p1b: Electabuzz|6/100
|move|p1a: Gliscor|High Horsepower|p2b: Excadrill
|-supereffective|p2b: Excadrill
|-enditem|p2b: Excadrill|Focus Sash
|-damage|p2b: Excadrill|1/100
|move|p2a: Indeedee|Psychic|p1b: Electabuzz
|-damage|p1b: Electabuzz|0 fnt
|faint|p1b: Electabuzz
|
|upkeep
|
|t:|1757795155
|switch|p1b: Kingambit|Kingambit, L50, F|100/100
|turn|3
|
|t:|1757795165
|switch|p2a: Corviknight|Corviknight, L50, M|100/100
|-enditem|p2a: Corviknight|Psychic Seed
|-boost|p2a: Corviknight|spd|1|[from] item: Psychic Seed
|move|p2b: Excadrill|Protect|p2b: Excadrill
|-singleturn|p2b: Excadrill|Protect
|move|p1a: Gliscor|Dual Wingbeat|p2b: Excadrill
|-activate|p2b: Excadrill|move: Protect
|move|p1b: Kingambit|Kowtow Cleave|p2a: Corviknight
|-damage|p2a: Corviknight|54/100
|
|upkeep
|turn|4
|
|t:|1757795183
|switch|p2b: Indeedee|Indeedee-F, L50, F|100/100
|move|p1a: Gliscor|Dual Wingbeat|p2b: Indeedee
|-damage|p2b: Indeedee|63/100
|-damage|p2b: Indeedee|25/100
|-hitcount|p2b: Indeedee|2
|move|p2a: Corviknight|Bulk Up|p2a: Corviknight
|-boost|p2a: Corviknight|atk|1
|-boost|p2a: Corviknight|def|1
|move|p1b: Kingambit|Kowtow Cleave|p2a: Corviknight
|-damage|p2a: Corviknight|19/100
|
|upkeep
|turn|5
|inactive|Slowjow has 30 seconds left.
|
|t:|1757795212
|move|p2b: Indeedee|Follow Me|p2b: Indeedee
|-singleturn|p2b: Indeedee|move: Follow Me
|move|p1a: Gliscor|Dual Wingbeat|p2b: Indeedee
|-damage|p2b: Indeedee|0 fnt
|faint|p2b: Indeedee
|-hitcount|p2: Indeedee|1
|move|p2a: Corviknight|Roost|p2a: Corviknight
|-heal|p2a: Corviknight|69/100
|-singleturn|p2a: Corviknight|move: Roost
|move|p1b: Kingambit|Swords Dance|p1b: Kingambit
|-boost|p1b: Kingambit|atk|2
|
|-fieldend|move: Psychic Terrain
|upkeep
|
|t:|1757795217
|switch|p2b: Tyranitar|Tyranitar, L50, F|100/100
|-weather|Sandstorm|[from] ability: Sand Stream|[of] p2b: Tyranitar
|turn|6
|inactive|Slowjow has 30 seconds left.
|
|t:|1757795252
|-terastallize|p1b: Kingambit|Dark
|move|p1a: Gliscor|High Horsepower|p2b: Tyranitar
|-supereffective|p2b: Tyranitar
|-damage|p2b: Tyranitar|0 fnt
|faint|p2b: Tyranitar
|move|p2a: Corviknight|Bulk Up|p2a: Corviknight
|-boost|p2a: Corviknight|atk|1
|-boost|p2a: Corviknight|def|1
|move|p1b: Kingambit|Kowtow Cleave|p2a: Corviknight
|-damage|p2a: Corviknight|7/100
|
|-weather|Sandstorm|[upkeep]
|-damage|p1b: Kingambit|95/100|[from] Sandstorm
|upkeep
|
|t:|1757795257
|switch|p2b: Excadrill|Excadrill, L50, M|1/100
|turn|7
|-message|JackRG1 forfeited.
|
|win|Slowjow
|l|☆JackRG1
|player|p2|
||JackRG1 is ready for game 3.
|inactive|Slowjow has 30 seconds to confirm battle start!
||Slowjow is ready for game 3.
|uhtml|next|Next: Game 3 of 3
