|j|☆yintaro!
|j|☆ToastedArt
|html|yintaro!ToastedArt    
|uhtml|bestof|Game 2 of a best-of-3
|t:|1784389753
|gametype|doubles
|player|p1|yintaro!|alder|1169
|player|p2|ToastedArt|iris|1063
|gen|9
|tier|[Gen 9 Champions] VGC 2026 Reg M-B (Bo3)
|rated|
|rule|Species Clause: Limit one of each Pokémon
|rule|Item Clause: Limit 1 of each item
|clearpoke
|poke|p1|Gengar, L50, M|
|poke|p1|Incineroar, L50, M|
|poke|p1|Tsareena, L50, F|
|poke|p1|Politoed, L50, M|
|poke|p1|Swampert, L50, F|
|poke|p1|Dragonite, L50, F|
|poke|p2|Sinistcha, L50, shiny|
|poke|p2|Hydreigon, L50, M, shiny|
|poke|p2|Sneasler, L50, F|
|poke|p2|Talonflame, L50, F, shiny|
|poke|p2|Gholdengo, L50|
|poke|p2|Falinks, L50, shiny|
|teampreview|4
|showteam|p1|Gengar||Gengarite|CursedBody|SludgeBomb,PerishSong,Substitute,Protect|Timid||M|||50|]Incineroar||ShucaBerry|Intimidate|FakeOut,PartingShot,ThroatChop,Protect|Careful||M|||50|]Tsareena||MiracleSeed|QueenlyMajesty|TropKick,HighJumpKick,Taunt,Protect|Adamant||F|||50|]Politoed||SitrusBerry|Drizzle|MuddyWater,IceBeam,PerishSong,Protect|Bold||M|||50|]Swampert||Swampertite|Torrent|WaveCrash,HighHorsepower,WideGuard,Protect|Adamant||F|||50|]Dragonite||WiseGlasses|Multiscale|Hurricane,DracoMeteor,ExtremeSpeed,Protect|Mild||F|||50|
|showteam|p2|Sinistcha||OccaBerry|Hospitality|MatchaGotcha,RagePowder,LifeDew,Protect|Bold|||||50|]Hydreigon||LifeOrb|Levitate|Snarl,DarkPulse,EarthPower,DracoMeteor|Modest||M|||50|]Sneasler||FocusSash|PoisonTouch|FakeOut,PoisonJab,CloseCombat,QuickGuard|Jolly||F|||50|]Talonflame||SharpBeak|GaleWings|Tailwind,FlareBlitz,BraveBird,QuickGuard|Jolly||F|||50|]Gholdengo||SpellTag|GoodasGold|ShadowBall,MakeItRain,NastyPlot,Protect|Timid|||||50|]Falinks||Falinksite|Defiant|NoRetreat,SwordsDance,CloseCombat,Protect|Adamant|||||50|
|inactive|Battle timer is ON: inactive players will automatically lose when time's up. (requested by ToastedArt)
|
|t:|1784389776
|teamsize|p1|4
|teamsize|p2|4
|start
|switch|p1a: Swampert|Swampert, L50, F|100/100
|switch|p1b: Incineroar|Incineroar, L50, M|100/100
|switch|p2a: Falinks|Falinks, L50, shiny|100/100
|switch|p2b: Sneasler|Sneasler, L50, F|100/100
|-ability|p1b: Incineroar|Intimidate|boost
|-unboost|p2a: Falinks|atk|1
|-ability|p2a: Falinks|Defiant|boost
|-boost|p2a: Falinks|atk|2
|-unboost|p2b: Sneasler|atk|1
|turn|1
|inactive|yintaro! has 30 seconds left.
|inactive|yintaro! has 20 seconds left.
|inactive|yintaro! has 15 seconds left.
|inactive|yintaro! has 10 seconds left.
|
|t:|1784389824
|detailschange|p1a: Swampert|Swampert-Mega, L50, F
|-mega|p1a: Swampert|Swampert|Swampertite
|detailschange|p2a: Falinks|Falinks-Mega, L50, shiny
|-mega|p2a: Falinks|Falinks|Falinksite
|move|p2b: Sneasler|Fake Out|p1a: Swampert
|-damage|p1a: Swampert|90/100
|-status|p1a: Swampert|psn|[from] ability: Poison Touch|[of] p2b: Sneasler
|move|p1b: Incineroar|Fake Out|p2a: Falinks
|-damage|p2a: Falinks|90/100
|cant|p2a: Falinks|flinch
|cant|p1a: Swampert|flinch
|
|-damage|p1a: Swampert|78/100 psn|[from] psn
|upkeep
|turn|2
|
|t:|1784389852
|switch|p1b: Politoed|Politoed, L50, M|100/100
|-weather|RainDance|[from] ability: Drizzle|[of] p1b: Politoed
|move|p1a: Swampert|Wave Crash|p2a: Falinks
|-damage|p2a: Falinks|0 fnt
|faint|p2a: Falinks
|-damage|p1a: Swampert|53/100 psn|[from] Recoil
|move|p2b: Sneasler|Close Combat|p1b: Politoed
|-damage|p1b: Politoed|64/100
|-unboost|p2b: Sneasler|def|1
|-unboost|p2b: Sneasler|spd|1
|
|-weather|RainDance|[upkeep]
|-damage|p1a: Swampert|40/100 psn|[from] psn
|upkeep
|
|t:|1784389865
|switch|p2a: Sinistcha|Sinistcha, L50, shiny|100/100
|turn|3
|inactive|yintaro! has 30 seconds left.
|
|t:|1784389897
|move|p1a: Swampert|Protect|p1a: Swampert
|-singleturn|p1a: Swampert|Protect
|move|p2b: Sneasler|Poison Jab|p1b: Politoed
|-damage|p1b: Politoed|40/100
|-status|p1b: Politoed|psn|[from] ability: Poison Touch|[of] p2b: Sneasler
|-enditem|p1b: Politoed|Sitrus Berry|[eat]
|-heal|p1b: Politoed|64/100 psn|[from] item: Sitrus Berry
|move|p2a: Sinistcha|Matcha Gotcha|p1a: Swampert|[spread] p1b
|-activate|p1a: Swampert|move: Protect
|-supereffective|p1b: Politoed|1
|-damage|p1b: Politoed|22/100 psn
|move|p1b: Politoed|Ice Beam|p2b: Sneasler
|-damage|p2b: Sneasler|62/100
|
|-weather|RainDance|[upkeep]
|-damage|p1a: Swampert|28/100 psn|[from] psn
|-damage|p1b: Politoed|10/100 psn|[from] psn
|upkeep
|turn|4
|inactive|yintaro! has 30 seconds left.
|
|t:|1784389929
|switch|p1a: Incineroar|Incineroar, L50, M|100/100
|-ability|p1a: Incineroar|Intimidate|boost
|-unboost|p2a: Sinistcha|atk|1
|-unboost|p2b: Sneasler|atk|1
|switch|p2b: Gholdengo|Gholdengo, L50|100/100
|move|p2a: Sinistcha|Rage Powder|p2a: Sinistcha
|-singleturn|p2a: Sinistcha|move: Rage Powder
|move|p1b: Politoed|Muddy Water|p2b: Gholdengo|[spread] p2a,p2b
|-resisted|p2a: Sinistcha|1
|-damage|p2a: Sinistcha|83/100
|-damage|p2b: Gholdengo|63/100
|-unboost|p2a: Sinistcha|accuracy|1
|
|-weather|RainDance|[upkeep]
|-damage|p1b: Politoed|0 fnt|[from] psn
|faint|p1b: Politoed
|upkeep
|
|t:|1784389953
|switch|p1b: Dragonite|Dragonite, L50, F|100/100
|turn|5
|
|t:|1784389966
|switch|p2a: Sneasler|Sneasler, L50, F|62/100
|move|p2b: Gholdengo|Nasty Plot|p2b: Gholdengo
|-boost|p2b: Gholdengo|spa|2
|move|p1b: Dragonite|Hurricane|p2a: Sneasler
|-supereffective|p2a: Sneasler|1
|-damage|p2a: Sneasler|0 fnt
|faint|p2a: Sneasler
|move|p1a: Incineroar|Throat Chop|p2b: Gholdengo
|-supereffective|p2b: Gholdengo|1
|-damage|p2b: Gholdengo|0 fnt
|faint|p2b: Gholdengo
|
|-weather|RainDance|[upkeep]
|upkeep
|-message|ToastedArt forfeited.
|
|win|yintaro!
