|j|☆boykie629
|j|☆Giocostorto
|html|boykie629Giocostorto    
|uhtml|bestof|Game 2 of a best-of-3
|t:|1756938696
|gametype|doubles
|player|p1|boykie629|102|1109
|player|p2|Giocostorto|palmer|1207
|gen|9
|tier|[Gen 9] VGC 2025 Reg H (Bo3)
|rated|
|rule|Species Clause: Limit one of each Pokémon
|rule|Item Clause: Limit 1 of each item
|clearpoke
|poke|p1|Pelipper, L50, F|
|poke|p1|Palafin, L50, F|
|poke|p1|Archaludon, L50, M|
|poke|p1|Gholdengo, L50|
|poke|p1|Rillaboom, L50, M|
|poke|p1|Incineroar, L50, F|
|poke|p2|Misdreavus, L50, F|
|poke|p2|Gothitelle, L50, M|
|poke|p2|Amoonguss, L50, M|
|poke|p2|Incineroar, L50, M|
|poke|p2|Primarina, L50, F|
|poke|p2|Ursaluna, L50, M|
|teampreview|4
|showteam|p1|Pelipper||FocusSash|Drizzle|Hurricane,WeatherBall,Tailwind,Protect|||F|||50|,,,,,Stellar]Palafin||MysticWater|ZerotoHero|JetPunch,WaveCrash,Haze,Protect|||F|||50|,,,,,Water]Archaludon||AssaultVest|Stamina|FlashCannon,DracoMeteor,ElectroShot,BodyPress|||M|||50|,,,,,Bug]Gholdengo||GrassySeed|GoodasGold|MakeItRain,ShadowBall,NastyPlot,Protect||||||50|,,,,,Water]Rillaboom||LoadedDice|GrassySurge|BulletSeed,GrassyGlide,Uturn,FakeOut|||M|||50|,,,,,Water]Incineroar||SafetyGoggles|Intimidate|FlareBlitz,PartingShot,KnockOff,FakeOut|||F|||50|,,,,,Ghost
|showteam|p2|Misdreavus||Eviolite|Levitate|Protect,PerishSong,TrickRoom,ShadowBall|||F|||50|,,,,,Fire]Gothitelle||SafetyGoggles|ShadowTag|Protect,Psychic,TrickRoom,FakeOut|||M|||50|,,,,,Water]Amoonguss||MentalHerb|Regenerator|Protect,Spore,RagePowder,PollenPuff|||M|||50|,,,,,Dark]Incineroar||MirrorHerb|Intimidate|Protect,FlareBlitz,FakeOut,PartingShot|||M|||50|,,,,,Grass]Primarina||SitrusBerry|LiquidVoice|Protect,Moonblast,PerishSong,HyperVoice|||F|||50|,,,,,Steel]Ursaluna||FlameOrb|Guts|Protect,HeadlongRush,Earthquake,Facade|||M|||50|,,,,,Ghost
|inactive|Battle timer is ON: inactive players will automatically lose when time's up. (requested by Giocostorto)
|inactive|Giocostorto has 60 seconds left.
|
|t:|1756938738
|teamsize|p1|4
|teamsize|p2|4
|start
|switch|p1a: Rillaboom|Rillaboom, L50, M|100/100
|switch|p1b: Palafin|Palafin, L50, F|100/100
|switch|p2a: Misdreavus|Misdreavus, L50, F|100/100
|switch|p2b: Incineroar|Incineroar, L50, M|100/100
|-fieldstart|move: Grassy Terrain|[from] ability: Grassy Surge|[of] p1a: Rillaboom
|-ability|p2b: Incineroar|Intimidate|boost
|-unboost|p1a: Rillaboom|atk|1
|-unboost|p1b: Palafin|atk|1
|turn|1
|inactive|boykie629 has 30 seconds left.
|inactive|Giocostorto has 30 seconds left.
|
|t:|1756938768
|detailschange|p1b: Palafin|Palafin-Hero, L50, F
|switch|p1b: Gholdengo|Gholdengo, L50|100/100
|-enditem|p1b: Gholdengo|Grassy Seed
|-boost|p1b: Gholdengo|def|1|[from] item: Grassy Seed
|-enditem|p2b: Incineroar|Mirror Herb
|-boost|p2b: Incineroar|def|1|[from] item: Mirror Herb
|move|p1a: Rillaboom|U-turn|p2b: Incineroar
|-damage|p2b: Incineroar|91/100
|
|t:|1756938776
|switch|p1a: Palafin|Palafin-Hero, L50, F|100/100|[from] U-turn
|-activate|p1a: Palafin|ability: Zero to Hero
|move|p2b: Incineroar|Parting Shot|p1a: Palafin
|-unboost|p1a: Palafin|atk|1
|-unboost|p1a: Palafin|spa|1
|
|t:|1756938783
|switch|p2b: Ursaluna|Ursaluna, L50, M|100/100|[from] Parting Shot
|move|p2a: Misdreavus|Trick Room|p2a: Misdreavus
|-fieldstart|move: Trick Room|[of] p2a: Misdreavus
|
|-status|p2b: Ursaluna|brn|[from] item: Flame Orb
|upkeep
|turn|2
|inactive|Giocostorto has 30 seconds left.
|inactive|Giocostorto has 20 seconds left.
|
|t:|1756938821
|switch|p1b: Pelipper|Pelipper, L50, F|100/100
|-weather|RainDance|[from] ability: Drizzle|[of] p1b: Pelipper
|move|p1a: Palafin|Jet Punch|p2b: Ursaluna
|-supereffective|p2b: Ursaluna
|-damage|p2b: Ursaluna|36/100 brn
|move|p2b: Ursaluna|Facade|p1a: Palafin
|-damage|p1a: Palafin|0 fnt
|faint|p1a: Palafin
|move|p2a: Misdreavus|Shadow Ball|p1b: Pelipper
|-damage|p1b: Pelipper|56/100
|
|-weather|RainDance|[upkeep]
|-heal|p2b: Ursaluna|42/100 brn|[from] Grassy Terrain
|-damage|p2b: Ursaluna|36/100 brn|[from] brn
|upkeep
|
|t:|1756938831
|switch|p1a: Rillaboom|Rillaboom, L50, M|100/100
|turn|3
|inactive|Giocostorto has 30 seconds left.
|inactive|Giocostorto has 20 seconds left.
|inactive|boykie629 has 30 seconds left.
|inactive|Giocostorto has 15 seconds left.
|
|t:|1756938874
|switch|p1a: Gholdengo|Gholdengo, L50|100/100
|-terastallize|p2b: Ursaluna|Ghost
|move|p2a: Misdreavus|Protect|p2a: Misdreavus
|-singleturn|p2a: Misdreavus|Protect
|move|p2b: Ursaluna|Facade|p1a: Gholdengo
|-immune|p1a: Gholdengo
|move|p1b: Pelipper|Weather Ball|p2b: Ursaluna
|-damage|p2b: Ursaluna|0 fnt
|faint|p2b: Ursaluna
|
|-weather|RainDance|[upkeep]
|upkeep
|
|t:|1756938889
|switch|p2b: Gothitelle|Gothitelle, L50, M|100/100
|turn|4
|
|t:|1756938908
|move|p1b: Pelipper|Protect|p1b: Pelipper
|-singleturn|p1b: Pelipper|Protect
|move|p2b: Gothitelle|Psychic|p1a: Gholdengo
|-resisted|p1a: Gholdengo
|-damage|p1a: Gholdengo|83/100
|move|p2a: Misdreavus|Shadow Ball|p1a: Gholdengo
|-supereffective|p1a: Gholdengo
|-damage|p1a: Gholdengo|28/100
|-unboost|p1a: Gholdengo|spd|1
|move|p1a: Gholdengo|Nasty Plot|p1a: Gholdengo
|-boost|p1a: Gholdengo|spa|2
|
|-weather|RainDance|[upkeep]
|-heal|p1a: Gholdengo|34/100|[from] Grassy Terrain
|upkeep
|turn|5
|
|t:|1756938922
|move|p1a: Gholdengo|Protect|p1a: Gholdengo
|-singleturn|p1a: Gholdengo|Protect
|move|p1b: Pelipper|Weather Ball|p2a: Misdreavus
|-damage|p2a: Misdreavus|43/100
|move|p2b: Gothitelle|Trick Room|p2b: Gothitelle
|-fieldend|move: Trick Room
|move|p2a: Misdreavus|Trick Room|p2a: Misdreavus
|-fieldstart|move: Trick Room|[of] p2a: Misdreavus
|
|-weather|RainDance|[upkeep]
|-heal|p1a: Gholdengo|40/100|[from] Grassy Terrain
|-fieldend|move: Grassy Terrain
|upkeep
|turn|6
|
|t:|1756938941
|move|p2b: Gothitelle|Psychic|p1b: Pelipper
|-damage|p1b: Pelipper|5/100
|move|p2a: Misdreavus|Shadow Ball|p1a: Gholdengo
|-supereffective|p1a: Gholdengo
|-damage|p1a: Gholdengo|0 fnt
|faint|p1a: Gholdengo
|move|p1b: Pelipper|Weather Ball|p2a: Misdreavus
|-damage|p2a: Misdreavus|0 fnt
|faint|p2a: Misdreavus
|
|-weather|none
|upkeep
|
|t:|1756938952
|switch|p2a: Incineroar|Incineroar, L50, M|91/100
|switch|p1a: Rillaboom|Rillaboom, L50, M|100/100
|-ability|p2a: Incineroar|Intimidate|boost
|-unboost|p1a: Rillaboom|atk|1
|-unboost|p1b: Pelipper|atk|1
|-fieldstart|move: Grassy Terrain|[from] ability: Grassy Surge|[of] p1a: Rillaboom
|turn|7
|
|t:|1756938970
|-terastallize|p1b: Pelipper|Stellar
|move|p1a: Rillaboom|Fake Out|p2b: Gothitelle
|-damage|p2b: Gothitelle|91/100
|cant|p2b: Gothitelle|flinch
|move|p2a: Incineroar|Flare Blitz|p1a: Rillaboom
|-supereffective|p1a: Rillaboom
|-damage|p1a: Rillaboom|16/100
|-damage|p2a: Incineroar|63/100|[from] Recoil
|move|p1b: Pelipper|Hurricane|p2a: Incineroar
|-damage|p2a: Incineroar|3/100
|
|-heal|p2b: Gothitelle|98/100|[from] Grassy Terrain
|-heal|p2a: Incineroar|9/100|[from] Grassy Terrain
|-heal|p1a: Rillaboom|22/100|[from] Grassy Terrain
|upkeep
|turn|8
|
|t:|1756938986
|move|p1a: Rillaboom|Grassy Glide|p2a: Incineroar
|-resisted|p2a: Incineroar
|-damage|p2a: Incineroar|0 fnt
|faint|p2a: Incineroar
|move|p2b: Gothitelle|Psychic|p1b: Pelipper
|-damage|p1b: Pelipper|0 fnt
|faint|p1b: Pelipper
|
|-heal|p2b: Gothitelle|100/100|[from] Grassy Terrain
|-heal|p1a: Rillaboom|28/100|[from] Grassy Terrain
|upkeep
|turn|9
|
|t:|1756938995
|move|p1a: Rillaboom|Grassy Glide|p2b: Gothitelle
|-damage|p2b: Gothitelle|78/100
|move|p2b: Gothitelle|Psychic|p1a: Rillaboom
|-damage|p1a: Rillaboom|0 fnt
|faint|p1a: Rillaboom
|
|win|Giocostorto
|raw|boykie629's rating: 1109 → 1091(-18 for losing)
|raw|Giocostorto's rating: 1207 → 1225(+18 for winning)
|l|☆boykie629
|player|p1|
