|j|☆bingbongwhoosh
|j|‽informtech
|html|bingbongwhooshinformtech    
|uhtml|bestof|Game 1 of a best-of-3
|t:|1783008072
|gametype|doubles
|player|p1|bingbongwhoosh|169|1104
|player|p2|informtech|170|1163
|gen|9
|tier|[Gen 9 Champions] VGC 2026 Reg M-B (Bo3)
|rated|
|rule|Species Clause: Limit one of each Pokémon
|rule|Item Clause: Limit 1 of each item
|clearpoke
|poke|p1|Whimsicott, L50, M|
|poke|p1|Charizard, L50, M|
|poke|p1|Incineroar, L50, F|
|poke|p1|Basculegion, L50, M|
|poke|p1|Mawile, L50, F|
|poke|p1|Farigiraf, L50, F|
|poke|p2|Staraptor, L50, M|
|poke|p2|Whimsicott, L50, F|
|poke|p2|Basculegion, L50, M|
|poke|p2|Garchomp, L50, M|
|poke|p2|Charizard, L50, F|
|poke|p2|Kingambit, L50, F|
|teampreview|4
|showteam|p1|Whimsicott||FocusSash|Prankster|Tailwind,Moonblast,Encore,Protect|Timid||M|||50|]Charizard||CharizarditeY|Blaze|Protect,HeatWave,WeatherBall,SolarBeam|Timid||M|||50|]Incineroar||SitrusBerry|Intimidate|FlareBlitz,ThroatChop,PartingShot,FakeOut|Impish||F|||50|]Basculegion||ChoiceScarf|Adaptability|LastRespects,FlipTurn,WaveCrash,AquaJet|Adamant||M|||50|]Mawile||Mawilite|HyperCutter|PlayRough,IronHead,Protect,SuckerPunch|Adamant||F|||50|]Farigiraf||ColburBerry|ArmorTail|HyperVoice,TrickRoom,HelpingHand,Psychic|Relaxed||F|||50|
|showteam|p2|Staraptor||Staraptite|Intimidate|CloseCombat,DualWingbeat,Protect,Roost|Adamant||M|||50|]Whimsicott||FocusSash|Prankster|Tailwind,TrickRoom,Moonblast,Tickle|Quiet||F|||50|]Basculegion||LifeOrb|Adaptability|LastRespects,Protect,AquaJet,WaveCrash|Jolly||M|||50|]Garchomp||ExpertBelt|RoughSkin|DragonClaw,RockTomb,Earthquake,Protect|Adamant||M|||50|]Charizard||CharizarditeY|SolarPower|HeatWave,AirSlash,SolarBeam,Protect|Modest||F|||50|]Kingambit||BlackGlasses|Defiant|KowtowCleave,SuckerPunch,Protect,IronHead|Adamant||F|||50|
|
|t:|1783008109
|teamsize|p1|4
|teamsize|p2|4
|start
|switch|p1a: Charizard|Charizard, L50, M|100/100
|switch|p1b: Whimsicott|Whimsicott, L50, M|100/100
|switch|p2a: Staraptor|Staraptor, L50, M|100/100
|switch|p2b: Whimsicott|Whimsicott, L50, F|100/100
|-ability|p2a: Staraptor|Intimidate|boost
|-unboost|p1a: Charizard|atk|1
|-unboost|p1b: Whimsicott|atk|1
|turn|1
|
|t:|1783008129
|detailschange|p1a: Charizard|Charizard-Mega-Y, L50, M
|-mega|p1a: Charizard|Charizard|Charizardite Y
|-weather|SunnyDay|[from] ability: Drought|[of] p1a: Charizard
|detailschange|p2a: Staraptor|Staraptor-Mega, L50, M
|-mega|p2a: Staraptor|Staraptor|Staraptite
|move|p1b: Whimsicott|Tailwind|p1b: Whimsicott
|-sidestart|p1: bingbongwhoosh|move: Tailwind
|move|p2b: Whimsicott|Tailwind|p2b: Whimsicott
|-sidestart|p2: informtech|move: Tailwind
|move|p1a: Charizard|Heat Wave|p2a: Staraptor|[spread] p2a,p2b
|-supereffective|p2b: Whimsicott|1
|-damage|p2a: Staraptor|36/100
|-enditem|p2b: Whimsicott|Focus Sash
|-damage|p2b: Whimsicott|1/100
|move|p2a: Staraptor|Dual Wingbeat|p1b: Whimsicott
|-supereffective|p1b: Whimsicott|1
|-damage|p1b: Whimsicott|24/100
|-supereffective|p1b: Whimsicott|1
|-damage|p1b: Whimsicott|0 fnt
|faint|p1b: Whimsicott
|-hitcount|p1: Whimsicott|2
|
|-weather|SunnyDay|[upkeep]
|upkeep
|
|t:|1783008146
|switch|p1b: Farigiraf|Farigiraf, L50, F|100/100
|turn|2
|
|t:|1783008162
|move|p2b: Whimsicott|Tickle|p2a: Staraptor
|-boost|p2a: Staraptor|atk|1
|-boost|p2a: Staraptor|def|1
|move|p1a: Charizard|Heat Wave|p2a: Staraptor|[spread] p2a,p2b
|-supereffective|p2b: Whimsicott|1
|-damage|p2a: Staraptor|0 fnt
|-damage|p2b: Whimsicott|0 fnt
|faint|p2a: Staraptor
|faint|p2b: Whimsicott
|move|p1b: Farigiraf|Hyper Voice|p2: Staraptor|[notarget]
|-fail|p1b: Farigiraf
|
|-weather|SunnyDay|[upkeep]
|upkeep
|
|t:|1783008168
|switch|p2a: Garchomp|Garchomp, L50, M|100/100
|switch|p2b: Basculegion|Basculegion, L50, M|100/100
|turn|3
|
|t:|1783008177
|move|p1a: Charizard|Protect|p1a: Charizard
|-singleturn|p1a: Charizard|Protect
|move|p2a: Garchomp|Rock Tomb|p1a: Charizard
|-activate|p1a: Charizard|move: Protect
|move|p2b: Basculegion|Wave Crash|p1b: Farigiraf
|-damage|p1b: Farigiraf|63/100
|-damage|p2b: Basculegion|87/100|[from] Recoil
|-damage|p2b: Basculegion|78/100|[from] item: Life Orb
|move|p1b: Farigiraf|Hyper Voice|p2b: Basculegion|[spread] p2a
|-immune|p2b: Basculegion
|-damage|p2a: Garchomp|78/100
|
|-weather|SunnyDay|[upkeep]
|upkeep
|turn|4
|
|t:|1783008197
|move|p1a: Charizard|Solar Beam||[still]
|-prepare|p1a: Charizard|Solar Beam
|-anim|p1a: Charizard|Solar Beam|p2b: Basculegion
|-supereffective|p2b: Basculegion|1
|-damage|p2b: Basculegion|0 fnt
|faint|p2b: Basculegion
|move|p2a: Garchomp|Dragon Claw|p1b: Farigiraf
|-damage|p1b: Farigiraf|25/100
|move|p1b: Farigiraf|Psychic|p2a: Garchomp
|-damage|p2a: Garchomp|48/100
|
|-weather|SunnyDay|[upkeep]
|-sideend|p1: bingbongwhoosh|move: Tailwind
|-sideend|p2: informtech|move: Tailwind
|upkeep
|turn|5
|
|t:|1783008207
|move|p1a: Charizard|Solar Beam||[still]
|-prepare|p1a: Charizard|Solar Beam
|-anim|p1a: Charizard|Solar Beam|p2a: Garchomp
|-damage|p2a: Garchomp|2/100
|move|p2a: Garchomp|Rock Tomb|p1a: Charizard
|-supereffective|p1a: Charizard|2
|-damage|p1a: Charizard|0 fnt
|faint|p1a: Charizard
|move|p1b: Farigiraf|Psychic|p2a: Garchomp
|-damage|p2a: Garchomp|0 fnt
|faint|p2a: Garchomp
|
|win|bingbongwhoosh
