|j|☆crullvgc
|j|☆eskyur
|html|crullvgceskyur    
|uhtml|bestof|Game 1 of a best-of-3
|t:|1757174028
|gametype|doubles
|player|p1|crullvgc|janitor|1124
|player|p2|eskyur|steven|1143
|gen|9
|tier|[Gen 9] VGC 2025 Reg H (Bo3)
|rated|
|rule|Species Clause: Limit one of each Pokémon
|rule|Item Clause: Limit 1 of each item
|clearpoke
|poke|p1|Garchomp, L50, M|
|poke|p1|Talonflame, L50, F|
|poke|p1|Primarina, L50, F|
|poke|p1|Electabuzz, L50, F|
|poke|p1|Rillaboom, L50, M|
|poke|p1|Gholdengo, L50|
|poke|p2|Charizard, L50, F|
|poke|p2|Whimsicott, L50, M|
|poke|p2|Maushold-Four, L50|
|poke|p2|Incineroar, L50, M|
|poke|p2|Rillaboom, L50, F|
|poke|p2|Dragapult, L50, F|
|teampreview|4
|showteam|p1|Garchomp||LifeOrb|RoughSkin|StompingTantrum,Earthquake,DragonClaw,Protect|||M|||50|,,,,,Fire]Talonflame||CovertCloak|GaleWings|Tailwind,WillOWisp,DualWingbeat,Taunt|||F|||50|,,,,,Dark]Primarina||ThroatSpray|LiquidVoice|HyperVoice,Moonblast,Haze,Protect|||F|||50|,,,,,Poison]Electabuzz||Eviolite|VitalSpirit|FollowMe,Electroweb,HelpingHand,Protect|||F|||50|,,,,,Ghost]Rillaboom||AssaultVest|GrassySurge|FakeOut,GrassyGlide,WoodHammer,HighHorsepower|||M|||50|,,,,,Fire]Gholdengo||MetalCoat|GoodasGold|MakeItRain,ShadowBall,NastyPlot,Protect||||||50|,,,,,Steel
|showteam|p2|Charizard||LifeOrb|SolarPower|HeatWave,Flamethrower,AirSlash,Protect|||F|||50|,,,,,Fire]Whimsicott||FocusSash|Prankster|Moonblast,Tailwind,Protect,SunnyDay|||M|||50|,,,,,Ghost]Maushold-Four||WideLens|Technician|PopulationBomb,Protect,Taunt,FollowMe||||||50|,,,,,Ghost]Incineroar||SafetyGoggles|Intimidate|KnockOff,PartingShot,FakeOut,FlareBlitz|||M|||50|,,,,,Ghost]Rillaboom||AssaultVest|GrassySurge|FakeOut,Uturn,GrassyGlide,WoodHammer|||F|||50|,,,,,Fire]Dragapult||ChoiceBand|ClearBody|DragonDarts,Outrage,PhantomForce,Uturn|||F|||50|,,,,,Dragon
|
|t:|1757174076
|teamsize|p1|4
|teamsize|p2|4
|start
|switch|p1a: Rillaboom|Rillaboom, L50, M|100/100
|switch|p1b: Gholdengo|Gholdengo, L50|100/100
|switch|p2a: Whimsicott|Whimsicott, L50, M|100/100
|switch|p2b: Dragapult|Dragapult, L50, F|100/100
|-fieldstart|move: Grassy Terrain|[from] ability: Grassy Surge|[of] p1a: Rillaboom
|turn|1
|
|t:|1757174103
|switch|p2a: Incineroar|Incineroar, L50, M|100/100
|-ability|p2a: Incineroar|Intimidate|boost
|-unboost|p1a: Rillaboom|atk|1
|-unboost|p1b: Gholdengo|atk|1
|move|p1a: Rillaboom|Fake Out|p2a: Incineroar
|-damage|p2a: Incineroar|92/100
|move|p2b: Dragapult|Phantom Force||[still]
|-prepare|p2b: Dragapult|Phantom Force
|move|p1b: Gholdengo|Make It Rain|p2a: Incineroar|[spread] p2a
|-miss|p1b: Gholdengo|p2b: Dragapult
|-resisted|p2a: Incineroar
|-damage|p2a: Incineroar|69/100
|-unboost|p1b: Gholdengo|spa|1
|
|-heal|p2a: Incineroar|75/100|[from] Grassy Terrain
|upkeep
|turn|2
|
|t:|1757174137
|-terastallize|p1b: Gholdengo|Steel
|move|p2b: Dragapult|Phantom Force|p1b: Gholdengo|[from] lockedmove
|-damage|p1b: Gholdengo|23/100
|move|p1b: Gholdengo|Shadow Ball|p2b: Dragapult
|-supereffective|p2b: Dragapult
|-damage|p2b: Dragapult|8/100
|move|p1a: Rillaboom|High Horsepower|p2a: Incineroar
|-supereffective|p2a: Incineroar
|-damage|p2a: Incineroar|40/100
|move|p2a: Incineroar|Parting Shot|p1a: Rillaboom
|-unboost|p1a: Rillaboom|atk|1
|-unboost|p1a: Rillaboom|spa|1
|l|☆crullvgc
|player|p1|
|
|t:|1757174154
|switch|p2a: Maushold|Maushold-Four, L50|100/100|[from] Parting Shot
|
|-heal|p2b: Dragapult|14/100|[from] Grassy Terrain
|-heal|p1b: Gholdengo|29/100|[from] Grassy Terrain
|upkeep
|turn|3
|j|☆crullvgc
|player|p1|crullvgc|janitor|
|inactive|Battle timer is ON: inactive players will automatically lose when time's up. (requested by eskyur)
|
|t:|1757174207
|move|p1a: Rillaboom|Grassy Glide|p2b: Dragapult
|-resisted|p2b: Dragapult
|-damage|p2b: Dragapult|3/100
|move|p2b: Dragapult|Phantom Force||[still]
|-prepare|p2b: Dragapult|Phantom Force
|move|p2a: Maushold|Population Bomb|p1a: Rillaboom
|-damage|p1a: Rillaboom|90/100
|-damage|p1a: Rillaboom|78/100
|-damage|p1a: Rillaboom|66/100
|-damage|p1a: Rillaboom|56/100
|-damage|p1a: Rillaboom|44/100
|-damage|p1a: Rillaboom|32/100
|-damage|p1a: Rillaboom|21/100
|-damage|p1a: Rillaboom|9/100
|-damage|p1a: Rillaboom|0 fnt
|faint|p1a: Rillaboom
|-hitcount|p1: Rillaboom|9
|move|p1b: Gholdengo|Make It Rain|p2a: Maushold|[spread] p2a
|-miss|p1b: Gholdengo|p2b: Dragapult
|-damage|p2a: Maushold|10/100
|-unboost|p1b: Gholdengo|spa|1
|
|-heal|p2a: Maushold|16/100|[from] Grassy Terrain
|-heal|p1b: Gholdengo|35/100|[from] Grassy Terrain
|upkeep
|
|t:|1757174229
|switch|p1a: Garchomp|Garchomp, L50, M|100/100
|turn|4
|
|t:|1757174253
|switch|p2a: Incineroar|Incineroar, L50, M|40/100
|-ability|p2a: Incineroar|Intimidate|boost
|-unboost|p1a: Garchomp|atk|1
|-unboost|p1b: Gholdengo|atk|1
|move|p1b: Gholdengo|Protect|p1b: Gholdengo
|-singleturn|p1b: Gholdengo|Protect
|move|p2b: Dragapult|Phantom Force|p1b: Gholdengo|[from] lockedmove
|-activate|p1b: Gholdengo|move: Phantom Force|[broken]
|-damage|p1b: Gholdengo|0 fnt
|faint|p1b: Gholdengo
|move|p1a: Garchomp|Earthquake|p2a: Incineroar|[spread] p2a,p2b
|-supereffective|p2a: Incineroar
|-damage|p2a: Incineroar|9/100
|-damage|p2b: Dragapult|0 fnt
|faint|p2b: Dragapult
|-damage|p1a: Garchomp|91/100|[from] item: Life Orb
|
|-heal|p1a: Garchomp|97/100|[from] Grassy Terrain
|-heal|p2a: Incineroar|15/100|[from] Grassy Terrain
|upkeep
|inactive|eskyur has 30 seconds left.
|
|t:|1757174279
|switch|p2b: Maushold|Maushold-Four, L50|16/100
|switch|p1b: Primarina|Primarina, L50, F|100/100
|turn|5
|inactive|eskyur has 30 seconds left.
|
|t:|1757174305
|switch|p2a: Whimsicott|Whimsicott, L50, M|100/100
|move|p1b: Primarina|Protect|p1b: Primarina
|-singleturn|p1b: Primarina|Protect
|move|p2b: Maushold|Population Bomb|p1b: Primarina
|-activate|p1b: Primarina|move: Protect
|move|p1a: Garchomp|Stomping Tantrum|p2b: Maushold
|-damage|p2b: Maushold|0 fnt
|faint|p2b: Maushold
|-damage|p1a: Garchomp|87/100|[from] item: Life Orb
|
|-heal|p1a: Garchomp|93/100|[from] Grassy Terrain
|-fieldend|move: Grassy Terrain
|upkeep
|
|t:|1757174322
|switch|p2b: Incineroar|Incineroar, L50, M|15/100
|-ability|p2b: Incineroar|Intimidate|boost
|-unboost|p1a: Garchomp|atk|1
|-unboost|p1b: Primarina|atk|1
|turn|6
|
|t:|1757174330
|move|p2b: Incineroar|Fake Out|p1b: Primarina
|-damage|p1b: Primarina|88/100
|move|p2a: Whimsicott|Moonblast|p1a: Garchomp
|-supereffective|p1a: Garchomp
|-damage|p1a: Garchomp|17/100
|-unboost|p1a: Garchomp|spa|1
|move|p1a: Garchomp|Stomping Tantrum|p2b: Incineroar
|-supereffective|p2b: Incineroar
|-damage|p2b: Incineroar|0 fnt
|faint|p2b: Incineroar
|-damage|p1a: Garchomp|7/100|[from] item: Life Orb
|cant|p1b: Primarina|flinch
|
|upkeep
|turn|7
|
|t:|1757174349
|move|p1a: Garchomp|Protect|p1a: Garchomp
|-singleturn|p1a: Garchomp|Protect
|move|p2a: Whimsicott|Moonblast|p1b: Primarina
|-damage|p1b: Primarina|55/100
|-unboost|p1b: Primarina|spa|1
|move|p1b: Primarina|Moonblast|p2a: Whimsicott
|-damage|p2a: Whimsicott|53/100
|
|upkeep
|turn|8
|
|t:|1757174359
|move|p2a: Whimsicott|Moonblast|p1b: Primarina
|-damage|p1b: Primarina|22/100
|move|p1a: Garchomp|Stomping Tantrum|p2a: Whimsicott
|-resisted|p2a: Whimsicott
|-damage|p2a: Whimsicott|35/100
|-damage|p1a: Garchomp|0 fnt|[from] item: Life Orb
|faint|p1a: Garchomp
|move|p1b: Primarina|Moonblast|p2a: Whimsicott
|-damage|p2a: Whimsicott|0 fnt
|faint|p2a: Whimsicott
|
|win|crullvgc
||crullvgc is ready for game 2.
