|j|☆princeofunderworld
|j|☆Lev001
|html|princeofunderworldLev001    
|uhtml|bestof|Game 2 of a best-of-3
|t:|1785426029
|gametype|doubles
|player|p1|princeofunderworld|169|1082
|player|p2|Lev001|169|1140
|gen|9
|tier|[Gen 9 Champions] VGC 2026 Reg M-B (Bo3)
|rated|
|rule|Species Clause: Limit one of each Pokémon
|rule|Item Clause: Limit 1 of each item
|clearpoke
|poke|p1|Blastoise, L50, F|
|poke|p1|Kingambit, L50, M|
|poke|p1|Whimsicott, L50, M|
|poke|p1|Incineroar, L50, M|
|poke|p1|Farigiraf, L50, M|
|poke|p1|Garchomp, L50, M|
|poke|p2|Raichu, L50, F|
|poke|p2|Garchomp, L50, M|
|poke|p2|Tyranitar, L50, M|
|poke|p2|Charizard, L50, M|
|poke|p2|Sinistcha, L50|
|poke|p2|Corviknight, L50, F|
|teampreview|4
|showteam|p1|Blastoise||Blastoisinite|Torrent|MuddyWater,AuraSphere,Protect,IceBeam|Modest||F|||50|]Kingambit||LifeOrb|Defiant|KowtowCleave,SuckerPunch,Protect,IronHead|Adamant||M|||50|]Whimsicott||FocusSash|Prankster|Moonblast,Tailwind,Taunt,WorrySeed|Timid||M|||50|]Incineroar||ChopleBerry|Intimidate|PartingShot,FlareBlitz,ThroatChop,FakeOut|Adamant||M|||50|]Farigiraf||SitrusBerry|ArmorTail|TwinBeam,Thunderbolt,Protect,HelpingHand|Sassy||M|||50|]Garchomp||Garchompite|SandVeil|PowerGem,EarthPower,Protect,DracoMeteor|Modest||M|||50|
|showteam|p2|Raichu||FocusSash|LightningRod|FakeOut,HelpingHand,BrickBreak,ThunderPunch|Jolly||F|||50|]Garchomp||LifeOrb|RoughSkin|Earthquake,StompingTantrum,DragonClaw,Protect|Jolly||M|||50|]Tyranitar||ChoiceScarf|SandStream|RockSlide,KnockOff,LowKick,IcePunch|Jolly||M|||50|]Charizard||CharizarditeY|Blaze|HeatWave,WeatherBall,SolarBeam,Protect|Modest||M|||50|]Sinistcha||KasibBerry|Hospitality|MatchaGotcha,RagePowder,ShadowBall,Protect|Modest|||||50|]Corviknight||Leftovers|MirrorArmor|IronHead,BraveBird,Roost,Tailwind|Adamant||F|||50|
|inactive|Battle timer is ON: inactive players will automatically lose when time's up. (requested by princeofunderworld)
|inactive|Lev001 has 60 seconds left.
|
|t:|1785426070
|teamsize|p1|4
|teamsize|p2|4
|start
|switch|p1a: Blastoise|Blastoise, L50, F|100/100
|switch|p1b: Whimsicott|Whimsicott, L50, M|100/100
|switch|p2a: Raichu|Raichu, L50, F|100/100
|switch|p2b: Garchomp|Garchomp, L50, M|100/100
|turn|1
|
|t:|1785426094
|switch|p2b: Tyranitar|Tyranitar, L50, M|100/100
|-weather|Sandstorm|[from] ability: Sand Stream|[of] p2b: Tyranitar
|move|p1a: Blastoise|Protect|p1a: Blastoise
|-singleturn|p1a: Blastoise|Protect
|move|p2a: Raichu|Fake Out|p1b: Whimsicott
|-damage|p1b: Whimsicott|86/100
|cant|p1b: Whimsicott|flinch
|
|-weather|Sandstorm|[upkeep]
|-damage|p1b: Whimsicott|80/100|[from] Sandstorm
|-damage|p2a: Raichu|94/100|[from] Sandstorm
|-damage|p1a: Blastoise|94/100|[from] Sandstorm
|upkeep
|turn|2
|inactive|Lev001 has 30 seconds left.
|
|t:|1785426126
|move|p1b: Whimsicott|Tailwind|p1b: Whimsicott
|-sidestart|p1: princeofunderworld|move: Tailwind
|move|p1a: Blastoise|Aura Sphere|p2b: Tyranitar
|-supereffective|p2b: Tyranitar|2
|-damage|p2b: Tyranitar|33/100
|move|p2b: Tyranitar|Rock Slide|p1a: Blastoise|[spread] p1a,p1b
|-damage|p1a: Blastoise|63/100
|-damage|p1b: Whimsicott|40/100
|move|p2a: Raichu|Thunder Punch|p1a: Blastoise
|-supereffective|p1a: Blastoise|1
|-damage|p1a: Blastoise|0 fnt
|faint|p1a: Blastoise
|
|-weather|Sandstorm|[upkeep]
|-damage|p1b: Whimsicott|34/100|[from] Sandstorm
|-damage|p2a: Raichu|88/100|[from] Sandstorm
|upkeep
|
|t:|1785426132
|switch|p1a: Garchomp|Garchomp, L50, M|100/100
|turn|3
|
|t:|1785426157
|switch|p2b: Charizard|Charizard, L50, M|100/100
|switch|p2a: Garchomp|Garchomp, L50, M|100/100
|detailschange|p1a: Garchomp|Garchomp-Mega, L50, M
|-mega|p1a: Garchomp|Garchomp|Garchompite
|move|p1b: Whimsicott|Moonblast|p2a: Garchomp
|-supereffective|p2a: Garchomp|1
|-damage|p2a: Garchomp|40/100
|move|p1a: Garchomp|Earth Power|p2b: Charizard
|-immune|p2b: Charizard
|
|-weather|Sandstorm|[upkeep]
|-damage|p1b: Whimsicott|28/100|[from] Sandstorm
|-damage|p2b: Charizard|93/100|[from] Sandstorm
|upkeep
|turn|4
|inactive|Lev001 has 30 seconds left.
|inactive|Lev001 has 20 seconds left.
|inactive|Lev001 has 15 seconds left.
|inactive|Lev001 has 10 seconds left.
|
|t:|1785426204
|switch|p2a: Raichu|Raichu, L50, F|88/100
|detailschange|p2b: Charizard|Charizard-Mega-Y, L50, M
|-mega|p2b: Charizard|Charizard|Charizardite Y
|-weather|SunnyDay|[from] ability: Drought|[of] p2b: Charizard
|move|p2b: Charizard|Protect|p2b: Charizard
|-singleturn|p2b: Charizard|Protect
|move|p1b: Whimsicott|Moonblast|p2a: Raichu
|-damage|p2a: Raichu|44/100
|-unboost|p2a: Raichu|spa|1
|move|p1a: Garchomp|Power Gem|p2b: Charizard
|-activate|p2b: Charizard|move: Protect
|
|-weather|SunnyDay|[upkeep]
|upkeep
|turn|5
|
|t:|1785426228
|move|p2a: Raichu|Fake Out|p1a: Garchomp
|-damage|p1a: Garchomp|91/100
|move|p1b: Whimsicott|Moonblast|p2a: Raichu
|-damage|p2a: Raichu|2/100
|cant|p1a: Garchomp|flinch
|move|p2b: Charizard|Heat Wave|p1b: Whimsicott|[spread] p1b
|-miss|p2b: Charizard|p1a: Garchomp
|-supereffective|p1b: Whimsicott|1
|-damage|p1b: Whimsicott|0 fnt
|faint|p1b: Whimsicott
|
|-weather|SunnyDay|[upkeep]
|-sideend|p1: princeofunderworld|move: Tailwind
|upkeep
|
|t:|1785426232
|switch|p1b: Kingambit|Kingambit, L50, M|100/100
|turn|6
|
|t:|1785426247
|move|p2a: Raichu|Helping Hand|p2b: Charizard
|-singleturn|p2b: Charizard|Helping Hand|[of] p2a: Raichu
|move|p1b: Kingambit|Protect|p1b: Kingambit
|-singleturn|p1b: Kingambit|Protect
|move|p2b: Charizard|Heat Wave|p1b: Kingambit|[spread] 
|-activate|p1b: Kingambit|move: Protect
|-miss|p2b: Charizard|p1a: Garchomp
|move|p1a: Garchomp|Power Gem|p2b: Charizard
|-supereffective|p2b: Charizard|2
|-damage|p2b: Charizard|0 fnt
|faint|p2b: Charizard
|
|-weather|SunnyDay|[upkeep]
|upkeep
|
|t:|1785426267
|switch|p2b: Garchomp|Garchomp, L50, M|40/100
|turn|7
|
|t:|1785426277
|switch|p2a: Tyranitar|Tyranitar, L50, M|33/100
|-weather|Sandstorm|[from] ability: Sand Stream|[of] p2a: Tyranitar
|move|p1b: Kingambit|Sucker Punch|p2b: Garchomp
|-damage|p2b: Garchomp|0 fnt
|-damage|p1b: Kingambit|87/100|[from] ability: Rough Skin|[of] p2b: Garchomp
|faint|p2b: Garchomp
|-damage|p1b: Kingambit|78/100|[from] item: Life Orb
|move|p1a: Garchomp|Earth Power|p2a: Tyranitar
|-supereffective|p2a: Tyranitar|1
|-damage|p2a: Tyranitar|0 fnt
|faint|p2a: Tyranitar
|
|-weather|Sandstorm|[upkeep]
|upkeep
|-message|Lev001 forfeited.
|
|win|princeofunderworld
|raw|princeofunderworld's rating: 1082 → 1114(+32 for winning)
|raw|Lev001's rating: 1140 → 1111(-29 for losing)
|l|☆Lev001
|player|p2|
|l|☆princeofunderworld
|player|p1|
|j|☆Lev001
|player|p2|Lev001|169|
