|j|☆noahguyvgc
|j|☆glofer
|html|noahguyvgcglofer    
|uhtml|bestof|Game 1 of a best-of-3
|t:|1783443535
|gametype|doubles
|player|p1|noahguyvgc|roxie|1208
|player|p2|glofer|blackbelt|1140
|gen|9
|tier|[Gen 9 Champions] VGC 2026 Reg M-B (Bo3)
|rated|
|rule|Species Clause: Limit one of each Pokémon
|rule|Item Clause: Limit 1 of each item
|clearpoke
|poke|p1|Whimsicott, L50, F, shiny|
|poke|p1|Froslass, L50, F, shiny|
|poke|p1|Sneasler, L50, F, shiny|
|poke|p1|Ditto, L50, shiny|
|poke|p1|Kleavor, L50, F|
|poke|p1|Charizard, L50, F, shiny|
|poke|p2|Lopunny, L50, M|
|poke|p2|Farigiraf, L50, F|
|poke|p2|Snorlax, L50, M|
|poke|p2|Drampa, L50, F|
|poke|p2|Maushold-Four, L50|
|poke|p2|Kangaskhan, L50, F|
|teampreview|4
|showteam|p1|Whimsicott||LifeOrb|Prankster|Tailwind,Moonblast,EnergyBall,Protect|Timid||F|||50|]Froslass||Froslassite|CursedBody|Blizzard,ShadowBall,Thunderbolt,Protect|Modest||F|||50|]Sneasler||WhiteHerb|Unburden|FakeOut,DireClaw,CloseCombat,Protect|Jolly||F|||50|]Ditto||ChoiceScarf|Imposter|Transform|Timid|||||50|]Kleavor||FocusSash|Sharpness|StoneAxe,CloseCombat,Feint,Protect|Jolly||F|||50|]Charizard||CharizarditeY|SolarPower|HeatWave,WeatherBall,SolarBeam,Protect|Modest||F|||50|
|showteam|p2|Lopunny||Lopunnite|Limber|CloseCombat,MachPunch,SwordsDance,FakeOut|Jolly||M|||50|]Farigiraf||SitrusBerry|ArmorTail|TwinBeam,HyperVoice,CalmMind,TrickRoom|Quiet||F|||50|]Snorlax||ChestoBerry|ThickFat|BodySlam,RockSlide,BellyDrum,Rest|Sassy||M|||50|]Drampa||LifeOrb|CloudNine|HyperBeam,DracoMeteor,Snarl,Protect|Modest||F|||50|]Maushold-Four||WideLens|FriendGuard|PopulationBomb,Encore,Taunt,Protect|Jolly|||||50|]Kangaskhan||Kangaskhanite|InnerFocus|DoubleEdge,SuckerPunch,Earthquake,Protect|Adamant||F|||50|
|inactive|Battle timer is ON: inactive players will automatically lose when time's up. (requested by noahguyvgc)
|inactive|noahguyvgc has 60 seconds left.
|inactive|glofer has 60 seconds left.
|inactive|noahguyvgc has 30 seconds left.
|inactive|glofer has 30 seconds left.
|
|t:|1783443600
|teamsize|p1|4
|teamsize|p2|4
|start
|switch|p1a: Froslass|Froslass, L50, F, shiny|100/100
|switch|p1b: Lotus|Whimsicott, L50, F, shiny|100/100
|switch|p2a: Lopunny|Lopunny, L50, M|100/100
|switch|p2b: Farigiraf|Farigiraf, L50, F|100/100
|turn|1
|inactive|noahguyvgc has 30 seconds left.
|
|t:|1783443628
|switch|p1a: Ditto|Ditto, L50, shiny|100/100
|-transform|p1a: Ditto|p2b: Farigiraf|[from] ability: Imposter
|detailschange|p2a: Lopunny|Lopunny-Mega, L50, M
|-mega|p2a: Lopunny|Lopunny|Lopunnite
|move|p2a: Lopunny|Fake Out||[still]
|cant|p1a: Ditto|ability: Armor Tail|Fake Out|[of] p2a: Lopunny
|move|p1b: Lotus|Moonblast|p2a: Lopunny
|-supereffective|p2a: Lopunny|1
|-damage|p2a: Lopunny|0 fnt
|faint|p2a: Lopunny
|-damage|p1b: Lotus|90/100|[from] item: Life Orb
|move|p2b: Farigiraf|Trick Room|p2b: Farigiraf
|-fieldstart|move: Trick Room|[of] p2b: Farigiraf
|
|upkeep
|
|t:|1783443640
|switch|p2a: Snorlax|Snorlax, L50, M|100/100
|turn|2
|
|t:|1783443655
|switch|p1b: Froslass|Froslass, L50, F, shiny|100/100
|move|p2a: Snorlax|Belly Drum|p2a: Snorlax
|-damage|p2a: Snorlax|50/100g
|-setboost|p2a: Snorlax|atk|6|[from] move: Belly Drum
|move|p2b: Farigiraf|Calm Mind|p2b: Farigiraf
|-boost|p2b: Farigiraf|spa|1
|-boost|p2b: Farigiraf|spd|1
|move|p1a: Ditto|Trick Room|p1a: Ditto
|-fieldend|move: Trick Room
|
|upkeep
|turn|3
|inactive|glofer has 30 seconds left.
|
|t:|1783443680
|switch|p1a: Lotus|Whimsicott, L50, F, shiny|90/100
|detailschange|p1b: Froslass|Froslass-Mega, L50, F, shiny
|-mega|p1b: Froslass|Froslass|Froslassite
|-weather|Snowscape|[from] ability: Snow Warning|[of] p1b: Froslass
|move|p1b: Froslass|Blizzard|p2b: Farigiraf|[spread] p2a,p2b
|-damage|p2a: Snorlax|37/100
|-damage|p2b: Farigiraf|70/100
|move|p2b: Farigiraf|Hyper Voice|p1a: Lotus|[spread] p1a
|-immune|p1b: Froslass
|-damage|p1a: Lotus|21/100
|move|p2a: Snorlax|Rock Slide|p1b: Froslass|[spread] p1a,p1b
|-supereffective|p1b: Froslass|1
|-damage|p1a: Lotus|0 fnt
|-damage|p1b: Froslass|0 fnt
|faint|p1a: Lotus
|faint|p1b: Froslass
|
|-weather|Snowscape|[upkeep]
|upkeep
|
|t:|1783443695
|switch|p1a: Kleavor|Kleavor, L50, F|100/100
|switch|p1b: Ditto|Ditto, L50, shiny|100/100
|-transform|p1b: Ditto|p2a: Snorlax|[from] ability: Imposter
|turn|4
|inactive|noahguyvgc has 30 seconds left.
|
|t:|1783443725
|move|p1a: Kleavor|Close Combat|p2a: Snorlax
|-supereffective|p2a: Snorlax|1
|-damage|p2a: Snorlax|0 fnt
|-unboost|p1a: Kleavor|def|1
|-unboost|p1a: Kleavor|spd|1
|faint|p2a: Snorlax
|move|p1b: Ditto|Body Slam|p2b: Farigiraf
|-damage|p2b: Farigiraf|0 fnt
|faint|p2b: Farigiraf
|
|-weather|Snowscape|[upkeep]
|upkeep
|
|t:|1783443729
|switch|p2b: Drampa|Drampa, L50, F|100/100
|-ability|p2b: Drampa|Cloud Nine
|turn|5
|
|t:|1783443737
|move|p1a: Kleavor|Stone Axe|p2b: Drampa
|-damage|p2b: Drampa|45/100
|-sidestart|p2: glofer|move: Stealth Rock
|move|p1b: Ditto|Body Slam|p2b: Drampa
|-damage|p2b: Drampa|0 fnt
|faint|p2b: Drampa
|
|win|noahguyvgc
