|j|☆Vgc4200
|j|☆Alecat
|html|Vgc4200Alecat    
|uhtml|bestof|Game 2 of a best-of-3
|t:|1756354988
|gametype|doubles
|player|p1|Vgc4200|silver|1074
|player|p2|Alecat|scientistf|1096
|gen|9
|tier|[Gen 9] VGC 2025 Reg H (Bo3)
|rated|
|rule|Species Clause: Limit one of each Pokémon
|rule|Item Clause: Limit 1 of each item
|clearpoke
|poke|p1|Pelipper, L50, F|
|poke|p1|Comfey, L50, F|
|poke|p1|Annihilape, L50, F|
|poke|p1|Archaludon, L50, M|
|poke|p1|Electabuzz, L50, M|
|poke|p1|Ursaluna-Bloodmoon, L50, M|
|poke|p2|Pawmot, L50, M|
|poke|p2|Gyarados, L50, F|
|poke|p2|Volcarona, L50, M|
|poke|p2|Murkrow, L50, F|
|poke|p2|Incineroar, L50, F|
|poke|p2|Archaludon, L50, F|
|teampreview|4
|showteam|p1|Pelipper||FocusSash|Drizzle|Hurricane,Uturn,Tailwind,Protect|||F|||50|,,,,,Ghost]Comfey||MentalHerb|Triage|TrickRoom,FloralHealing,DrainingKiss,Protect|||F|||50|,,,,,Steel]Annihilape||WeaknessPolicy|Defiant|DrainPunch,RageFist,BulkUp,Protect|||F|||50|,,,,,Fire]Archaludon||AssaultVest|Stamina|DragonPulse,Snarl,BodyPress,ElectroShot|||M|||50|,,,,,Grass]Electabuzz||Eviolite|VitalSpirit|FollowMe,Electroweb,Taunt,Protect|||M|||50|,,,,,Ghost]Ursaluna-Bloodmoon||ThroatSpray|MindsEye|BloodMoon,HyperVoice,Protect,EarthPower|||M|||50|,,,,,Normal
|showteam|p2|Pawmot||FocusSash|VoltAbsorb|DoubleShock,Coaching,CloseCombat,Protect|||M|||50|,,,,,Electric]Gyarados||ClearAmulet|Moxie|Waterfall,DragonDance,Earthquake,Protect|||F|||50|,,,,,Ground]Volcarona||SitrusBerry|FlameBody|Overheat,StruggleBug,RagePowder,Tailwind|||M|||50|,,,,,Grass]Murkrow||Eviolite|Prankster|FoulPlay,RainDance,Taunt,SunnyDay|||F|||50|,,,,,Dark]Incineroar||AssaultVest|Intimidate|FlareBlitz,FakeOut,Bulldoze,KnockOff|||F|||50|,,,,,Ghost]Archaludon||PowerHerb|Stalwart|DragonTail,FlashCannon,ElectroShot,Protect|||F|||50|,,,,,Grass
|inactive|Battle timer is ON: inactive players will automatically lose when time's up. (requested by Alecat)
|inactive|Alecat has 60 seconds left.
|
|t:|1756355031
|teamsize|p1|4
|teamsize|p2|4
|start
|switch|p1a: Electabuzz|Electabuzz, L50, M|100/100
|switch|p1b: Ursaluna|Ursaluna-Bloodmoon, L50, M|100/100
|switch|p2a: Pawmot|Pawmot, L50, M|100/100
|switch|p2b: Gyarados|Gyarados, L50, F|100/100
|turn|1
|
|t:|1756355048
|-terastallize|p2b: Gyarados|Ground
|move|p1b: Ursaluna|Protect|p1b: Ursaluna
|-singleturn|p1b: Ursaluna|Protect
|move|p2a: Pawmot|Coaching|p2b: Gyarados
|-boost|p2b: Gyarados|atk|1
|-boost|p2b: Gyarados|def|1
|move|p2b: Gyarados|Earthquake|p1b: Ursaluna|[spread] p2a,p1a
|-activate|p1b: Ursaluna|move: Protect
|-supereffective|p2a: Pawmot
|-supereffective|p1a: Electabuzz
|-enditem|p2a: Pawmot|Focus Sash
|-damage|p2a: Pawmot|1/100
|-damage|p1a: Electabuzz|1/100
|move|p1a: Electabuzz|Electroweb|p2b: Gyarados|[spread] 
|-heal|p2a: Pawmot|26/100|[from] ability: Volt Absorb|[of] p1a: Electabuzz
|-immune|p2b: Gyarados
|
|upkeep
|turn|2
|
|t:|1756355072
|switch|p1b: Pelipper|Pelipper, L50, F|100/100
|-weather|RainDance|[from] ability: Drizzle|[of] p1b: Pelipper
|move|p2a: Pawmot|Protect|p2a: Pawmot
|-singleturn|p2a: Pawmot|Protect
|move|p2b: Gyarados|Waterfall|p1b: Pelipper
|-resisted|p1b: Pelipper
|-damage|p1b: Pelipper|50/100
|move|p1a: Electabuzz|Electroweb|p2b: Gyarados|[spread] 
|-activate|p2a: Pawmot|move: Protect
|-immune|p2b: Gyarados
|
|-weather|RainDance|[upkeep]
|upkeep
|turn|3
|
|t:|1756355097
|move|p1a: Electabuzz|Follow Me|p1a: Electabuzz
|-singleturn|p1a: Electabuzz|move: Follow Me
|move|p2a: Pawmot|Double Shock|p1a: Electabuzz
|-resisted|p1a: Electabuzz
|-damage|p1a: Electabuzz|0 fnt
|-start|p2a: Pawmot|typechange|???/Fighting|[from] move: Double Shock
|faint|p1a: Electabuzz
|move|p2b: Gyarados|Dragon Dance|p2b: Gyarados
|-boost|p2b: Gyarados|atk|1
|-boost|p2b: Gyarados|spe|1
|move|p1b: Pelipper|Tailwind|p1b: Pelipper
|-sidestart|p1: Vgc4200|move: Tailwind
|
|-weather|RainDance|[upkeep]
|upkeep
|
|t:|1756355110
|switch|p1a: Archaludon|Archaludon, L50, M|100/100
|turn|4
|
|t:|1756355136
|-terastallize|p1a: Archaludon|Grass
|move|p1a: Archaludon|Electro Shot||[still]
|-prepare|p1a: Archaludon|Electro Shot
|-boost|p1a: Archaludon|spa|1
|-anim|p1a: Archaludon|Electro Shot|p2a: Pawmot
|-heal|p2a: Pawmot|51/100|[from] ability: Volt Absorb|[of] p1a: Archaludon
|move|p1b: Pelipper|U-turn|p2b: Gyarados
|-damage|p2b: Gyarados|94/100
|
|t:|1756355146
|switch|p1b: Ursaluna|Ursaluna-Bloodmoon, L50, M|100/100|[from] U-turn
|move|p2b: Gyarados|Waterfall|p1b: Ursaluna
|-supereffective|p1b: Ursaluna
|-damage|p1b: Ursaluna|0 fnt
|faint|p1b: Ursaluna
|-ability|p2b: Gyarados|Moxie|boost
|-boost|p2b: Gyarados|atk|1
|move|p2a: Pawmot|Close Combat|p1a: Archaludon
|-damage|p1a: Archaludon|50/100
|-unboost|p2a: Pawmot|def|1
|-unboost|p2a: Pawmot|spd|1
|-ability|p1a: Archaludon|Stamina|boost
|-boost|p1a: Archaludon|def|1
|
|-weather|RainDance|[upkeep]
|upkeep
|
|t:|1756355148
|switch|p1b: Pelipper|Pelipper, L50, F|50/100
|turn|5
|
|t:|1756355168
|switch|p2a: Volcarona|Volcarona, L50, M|100/100
|move|p2b: Gyarados|Protect|p2b: Gyarados
|-singleturn|p2b: Gyarados|Protect
|move|p1a: Archaludon|Dragon Pulse|p2b: Gyarados
|-activate|p2b: Gyarados|move: Protect
|move|p1b: Pelipper|Hurricane|p2a: Volcarona
|-supereffective|p2a: Volcarona
|-damage|p2a: Volcarona|33/100
|-enditem|p2a: Volcarona|Sitrus Berry|[eat]
|-heal|p2a: Volcarona|58/100|[from] item: Sitrus Berry
|
|-weather|RainDance|[upkeep]
|upkeep
|turn|6
|
|t:|1756355184
|move|p2a: Volcarona|Rage Powder|p2a: Volcarona
|-singleturn|p2a: Volcarona|move: Rage Powder
|move|p1a: Archaludon|Dragon Pulse|p2b: Gyarados
|-damage|p2b: Gyarados|23/100
|move|p1b: Pelipper|Hurricane|p2a: Volcarona
|-supereffective|p2a: Volcarona
|-damage|p2a: Volcarona|0 fnt
|faint|p2a: Volcarona
|move|p2b: Gyarados|Waterfall|p1b: Pelipper
|-resisted|p1b: Pelipper
|-damage|p1b: Pelipper|0 fnt
|faint|p1b: Pelipper
|-ability|p2b: Gyarados|Moxie|boost
|-boost|p2b: Gyarados|atk|1
|
|-weather|none
|-sideend|p1: Vgc4200|move: Tailwind
|upkeep
|
|t:|1756355208
|switch|p2a: Murkrow|Murkrow, L50, F|100/100
|turn|7
|inactive|Vgc4200 has 30 seconds left.
|inactive|Alecat has 30 seconds left.
|inactive|Vgc4200 has 20 seconds left.
|
|t:|1756355248
|move|p2a: Murkrow|Rain Dance|p2a: Murkrow
|-weather|RainDance
|move|p2b: Gyarados|Waterfall|p1a: Archaludon
|-resisted|p1a: Archaludon
|-damage|p1a: Archaludon|0 fnt
|faint|p1a: Archaludon
|
|win|Alecat
||Alecat is ready for game 3.
|l|☆Vgc4200
|player|p1|
|inactive|Vgc4200 has 30 seconds to confirm battle start!
|inactive|Vgc4200 has 20 seconds to confirm battle start!
||Vgc4200 is ready for game 3.
|uhtml|next|Next: Game 3 of 3
