|j|☆f49 buffchary
|j|☆Chelicerate1
|html|f49 buffcharyChelicerate1    
|uhtml|bestof|Game 1 of a best-of-3
|t:|1785394394
|gametype|doubles
|player|p1|f49 buffchary|266|1333
|player|p2|Chelicerate1|ethan|1416
|gen|9
|tier|[Gen 9 Champions] VGC 2026 Reg M-B (Bo3)
|rated|
|rule|Species Clause: Limit one of each Pokémon
|rule|Item Clause: Limit 1 of each item
|clearpoke
|poke|p1|Staraptor, L50, M|
|poke|p1|Arcanine-Hisui, L50, F|
|poke|p1|Kingambit, L50, F|
|poke|p1|Raichu, L50, M|
|poke|p1|Farigiraf, L50, F|
|poke|p1|Sylveon, L50, M|
|poke|p2|Grimmsnarl, L50, M|
|poke|p2|Basculegion, L50, M|
|poke|p2|Charizard, L50, F|
|poke|p2|Pelipper, L50, M|
|poke|p2|Venusaur, L50, M|
|poke|p2|Archaludon, L50, M|
|teampreview|4
|showteam|p1|Staraptor||Staraptite|Intimidate|DualWingbeat,CloseCombat,Tailwind,Protect|Jolly||M|||50|]Arcanine-Hisui||FocusSash|RockHead|FlareBlitz,HeadSmash,ExtremeSpeed,Protect|Jolly||F|||50|]Kingambit||LifeOrb|Defiant|KowtowCleave,SuckerPunch,SwordsDance,Protect|Adamant||F|||50|]Raichu||RaichuniteY|Static|ZapCannon,FocusBlast,FakeOut,Protect|Timid||M|||50|]Farigiraf||SitrusBerry|ArmorTail|Psychic,HelpingHand,TrickRoom,Protect|Calm||F|||50|]Sylveon||FairyFeather|Pixilate|HyperVoice,HyperBeam,QuickAttack,Detect|Modest||M|||50|
|showteam|p2|Grimmsnarl||LightClay|Prankster|SpiritBreak,PartingShot,Reflect,LightScreen|Sassy||M|||50|]Basculegion||ChoiceScarf|Adaptability|LastRespects,WaveCrash,AquaJet,FlipTurn|Jolly||M|||50|]Charizard||CharizarditeY|Blaze|Protect,HeatWave,WeatherBall,SolarBeam|Modest||F|||50|]Pelipper||SitrusBerry|Drizzle|Hurricane,WeatherBall,Tailwind,WideGuard|Modest||M|||50|]Venusaur||FocusSash|Chlorophyll|SludgeBomb,SleepPowder,EarthPower,Protect|Modest||M|||50|]Archaludon||Leftovers|Stamina|ElectroShot,DragonPulse,FlashCannon,Protect|Calm||M|||50|
|inactive|Battle timer is ON: inactive players will automatically lose when time's up. (requested by Chelicerate1)
|inactive|f49 buffchary has 60 seconds left.
|inactive|Chelicerate1 has 60 seconds left.
|inactive|f49 buffchary has 30 seconds left.
|
|t:|1785394457
|teamsize|p1|4
|teamsize|p2|4
|start
|switch|p1a: Raichu|Raichu, L50, M|100/100
|switch|p1b: Arcanine|Arcanine-Hisui, L50, F|100/100
|switch|p2a: Charizard|Charizard, L50, F|100/100
|switch|p2b: Grimmsnarl|Grimmsnarl, L50, M|100/100
|turn|1
|
|t:|1785394469
|switch|p2a: Archaludon|Archaludon, L50, M|100/100
|detailschange|p1a: Raichu|Raichu-Mega-Y, L50, M
|-mega|p1a: Raichu|Raichu|Raichunite Y
|move|p1a: Raichu|Fake Out|p2b: Grimmsnarl
|-damage|p2b: Grimmsnarl|90/100
|cant|p2b: Grimmsnarl|flinch
|move|p1b: Arcanine|Head Smash|p2a: Archaludon
|-resisted|p2a: Archaludon|1
|-damage|p2a: Archaludon|72/100
|-ability|p2a: Archaludon|Stamina|boost
|-boost|p2a: Archaludon|def|1
|
|-heal|p2a: Archaludon|78/100|[from] item: Leftovers
|upkeep
|turn|2
|
|t:|1785394484
|move|p2a: Archaludon|Protect|p2a: Archaludon
|-singleturn|p2a: Archaludon|Protect
|move|p2b: Grimmsnarl|Light Screen|p2b: Grimmsnarl
|-sidestart|p2: Chelicerate1|move: Light Screen
|move|p1a: Raichu|Focus Blast|p2a: Archaludon
|-activate|p2a: Archaludon|move: Protect
|move|p1b: Arcanine|Flare Blitz|p2a: Archaludon
|-activate|p2a: Archaludon|move: Protect
|
|-heal|p2a: Archaludon|84/100|[from] item: Leftovers
|upkeep
|turn|3
|
|t:|1785394503
|switch|p2a: Pelipper|Pelipper, L50, M|100/100
|-weather|RainDance|[from] ability: Drizzle|[of] p2a: Pelipper
|move|p2b: Grimmsnarl|Reflect|p2b: Grimmsnarl
|-sidestart|p2: Chelicerate1|Reflect
|move|p1a: Raichu|Focus Blast|p2a: Pelipper
|-resisted|p2a: Pelipper|1
|-damage|p2a: Pelipper|80/100
|move|p1b: Arcanine|Flare Blitz|p2a: Pelipper
|-resisted|p2a: Pelipper|1
|-damage|p2a: Pelipper|71/100
|-status|p2a: Pelipper|brn
|
|-weather|RainDance|[upkeep]
|-damage|p2a: Pelipper|65/100 brn|[from] brn
|upkeep
|turn|4
|
|t:|1785394521
|switch|p2a: Archaludon|Archaludon, L50, M|84/100
|move|p1a: Raichu|Protect|p1a: Raichu
|-singleturn|p1a: Raichu|Protect
|move|p2b: Grimmsnarl|Parting Shot|p1a: Raichu
|-activate|p1a: Raichu|move: Protect
|move|p1b: Arcanine|Head Smash|p2a: Archaludon
|-resisted|p2a: Archaludon|1
|-damage|p2a: Archaludon|67/100
|-ability|p2a: Archaludon|Stamina|boost
|-boost|p2a: Archaludon|def|1
|
|-weather|RainDance|[upkeep]
|-heal|p2a: Archaludon|74/100|[from] item: Leftovers
|upkeep
|turn|5
|inactive|Chelicerate1 has 30 seconds left.
|inactive|Chelicerate1 has 20 seconds left.
|inactive|Chelicerate1 has 15 seconds left.
|inactive|Chelicerate1 has 10 seconds left.
|
|t:|1785394569
|switch|p1a: Kingambit|Kingambit, L50, F|100/100
|move|p1b: Arcanine|Protect|p1b: Arcanine
|-singleturn|p1b: Arcanine|Protect
|move|p2a: Archaludon|Protect|p2a: Archaludon
|-singleturn|p2a: Archaludon|Protect
|move|p2b: Grimmsnarl|Light Screen||[still]
|-fail|p2b: Grimmsnarl
|
|-weather|RainDance|[upkeep]
|-heal|p2a: Archaludon|80/100|[from] item: Leftovers
|upkeep
|turn|6
|inactive|f49 buffchary has 30 seconds left.
|
|t:|1785394595
|move|p1b: Arcanine|Flare Blitz|p2b: Grimmsnarl
|-damage|p2b: Grimmsnarl|70/100
|-status|p2b: Grimmsnarl|brn
|move|p2a: Archaludon|Electro Shot||[still]
|-prepare|p2a: Archaludon|Electro Shot
|-boost|p2a: Archaludon|spa|1
|-anim|p2a: Archaludon|Electro Shot|p1a: Kingambit
|-damage|p1a: Kingambit|57/100
|move|p2b: Grimmsnarl|Spirit Break|p1b: Arcanine
|-resisted|p1b: Arcanine|1
|-damage|p1b: Arcanine|91/100
|-unboost|p1b: Arcanine|spa|1
|move|p1a: Kingambit|Swords Dance|p1a: Kingambit
|-boost|p1a: Kingambit|atk|2
|
|-weather|RainDance|[upkeep]
|-heal|p2a: Archaludon|86/100|[from] item: Leftovers
|-damage|p2b: Grimmsnarl|64/100 brn|[from] brn
|upkeep
|turn|7
|
|t:|1785394621
|move|p1b: Arcanine|Protect|p1b: Arcanine
|-singleturn|p1b: Arcanine|Protect
|move|p1a: Kingambit|Sucker Punch|p2a: Archaludon
|-damage|p2a: Archaludon|55/100
|-ability|p2a: Archaludon|Stamina|boost
|-boost|p2a: Archaludon|def|1
|-damage|p1a: Kingambit|47/100|[from] item: Life Orb
|move|p2a: Archaludon|Electro Shot||[still]
|-prepare|p2a: Archaludon|Electro Shot
|-boost|p2a: Archaludon|spa|1
|-anim|p2a: Archaludon|Electro Shot|p1a: Kingambit
|-damage|p1a: Kingambit|0 fnt
|faint|p1a: Kingambit
|move|p2b: Grimmsnarl|Spirit Break|p1b: Arcanine
|-activate|p1b: Arcanine|move: Protect
|
|-weather|none
|-heal|p2a: Archaludon|61/100|[from] item: Leftovers
|-damage|p2b: Grimmsnarl|58/100 brn|[from] brn
|upkeep
|
|t:|1785394635
|switch|p1a: Sylveon|Sylveon, L50, M|100/100
|turn|8
|
|t:|1785394646
|move|p2b: Grimmsnarl|Parting Shot|p1a: Sylveon
|-unboost|p1a: Sylveon|atk|1
|-unboost|p1a: Sylveon|spa|1
|
|t:|1785394648
|switch|p2b: Pelipper|Pelipper, L50, M|65/100 brn|[from] Parting Shot
|-weather|RainDance|[from] ability: Drizzle|[of] p2b: Pelipper
|move|p1b: Arcanine|Head Smash|p2b: Pelipper
|-supereffective|p2b: Pelipper|1
|-damage|p2b: Pelipper|0 fnt
|faint|p2b: Pelipper
|move|p2a: Archaludon|Electro Shot||[still]
|-prepare|p2a: Archaludon|Electro Shot
|-boost|p2a: Archaludon|spa|1
|-anim|p2a: Archaludon|Electro Shot|p1b: Arcanine
|-damage|p1b: Arcanine|0 fnt
|faint|p1b: Arcanine
|move|p1a: Sylveon|Hyper Voice|p2a: Archaludon
|-damage|p2a: Archaludon|33/100
|-ability|p2a: Archaludon|Stamina|boost
|-boost|p2a: Archaludon|def|1
|
|-weather|RainDance|[upkeep]
|-heal|p2a: Archaludon|39/100|[from] item: Leftovers
|upkeep
|
|t:|1785394664
|switch|p1b: Raichu|Raichu-Mega-Y, L50, M|100/100
|switch|p2b: Charizard|Charizard, L50, F|100/100
|turn|9
|
|t:|1785394674
|move|p1b: Raichu|Protect|p1b: Raichu
|-singleturn|p1b: Raichu|Protect
|move|p2b: Charizard|Protect|p2b: Charizard
|-singleturn|p2b: Charizard|Protect
|move|p2a: Archaludon|Protect|p2a: Archaludon
|-singleturn|p2a: Archaludon|Protect
|move|p1a: Sylveon|Detect||[still]
|-fail|p1a: Sylveon
|
|-weather|RainDance|[upkeep]
|-heal|p2a: Archaludon|46/100|[from] item: Leftovers
|-sideend|p2: Chelicerate1|move: Light Screen
|upkeep
|turn|10
|
|t:|1785394691
|detailschange|p2b: Charizard|Charizard-Mega-Y, L50, F
|-mega|p2b: Charizard|Charizard|Charizardite Y
|-weather|SunnyDay|[from] ability: Drought|[of] p2b: Charizard
|move|p1b: Raichu|Focus Blast|p2a: Archaludon
|-supereffective|p2a: Archaludon|1
|-damage|p2a: Archaludon|0 fnt
|faint|p2a: Archaludon
|move|p2b: Charizard|Weather Ball|p1b: Raichu
|-damage|p1b: Raichu|0 fnt
|faint|p1b: Raichu
|move|p1a: Sylveon|Hyper Voice|p2b: Charizard
|-resisted|p2b: Charizard|1
|-damage|p2b: Charizard|81/100
|
|-weather|SunnyDay|[upkeep]
|-sideend|p2: Chelicerate1|Reflect
|upkeep
|
|t:|1785394701
|switch|p2a: Grimmsnarl|Grimmsnarl, L50, M|58/100 brn
|turn|11
|
|t:|1785394706
|move|p2a: Grimmsnarl|Light Screen|p2a: Grimmsnarl
|-sidestart|p2: Chelicerate1|move: Light Screen
|move|p2b: Charizard|Weather Ball|p1a: Sylveon
|-damage|p1a: Sylveon|33/100
|move|p1a: Sylveon|Hyper Voice|p2a: Grimmsnarl|[spread] p2a,p2b
|-supereffective|p2a: Grimmsnarl|1
|-resisted|p2b: Charizard|1
|-damage|p2a: Grimmsnarl|18/100 brn
|-damage|p2b: Charizard|70/100
|
|-weather|SunnyDay|[upkeep]
|-damage|p2a: Grimmsnarl|12/100 brn|[from] brn
|upkeep
|turn|12
|inactive|f49 buffchary has 30 seconds left.
|inactive|f49 buffchary has 20 seconds left.
|inactive|f49 buffchary has 15 seconds left.
|
|t:|1785394749
|move|p1a: Sylveon|Detect|p1a: Sylveon
|-singleturn|p1a: Sylveon|Protect
|move|p2b: Charizard|Weather Ball|p1a: Sylveon
|-activate|p1a: Sylveon|move: Protect
|move|p2a: Grimmsnarl|Spirit Break|p1a: Sylveon
|-activate|p1a: Sylveon|move: Protect
|
|-weather|SunnyDay|[upkeep]
|-damage|p2a: Grimmsnarl|6/100 brn|[from] brn
|upkeep
|turn|13
|
|t:|1785394756
|move|p2a: Grimmsnarl|Parting Shot|p1a: Sylveon
|-unboost|p1a: Sylveon|atk|1
|-unboost|p1a: Sylveon|spa|1
|move|p2b: Charizard|Weather Ball|p1a: Sylveon
|-damage|p1a: Sylveon|0 fnt
|faint|p1a: Sylveon
|
|win|Chelicerate1
