|j|☆Il Mule
|j|☆swarley3000
|html|Il Muleswarley3000    
|uhtml|bestof|Game 3 of a best-of-3
|t:|1785851163
|gametype|doubles
|player|p1|Il Mule|salvatore|1467
|player|p2|swarley3000|arven-s|1397
|gen|9
|tier|[Gen 9 Champions] VGC 2026 Reg M-B (Bo3)
|rated|
|rule|Species Clause: Limit one of each Pokémon
|rule|Item Clause: Limit 1 of each item
|clearpoke
|poke|p1|Excadrill, L50, F|
|poke|p1|Tyranitar, L50, M|
|poke|p1|Sneasler, L50, M|
|poke|p1|Incineroar, L50, M|
|poke|p1|Delphox, L50, M|
|poke|p1|Sinistcha, L50|
|poke|p2|Charizard, L50, M|
|poke|p2|Sneasler, L50, M|
|poke|p2|Kingambit, L50, M|
|poke|p2|Dragonite, L50, F|
|poke|p2|Floette-Eternal, L50, F|
|poke|p2|Whimsicott, L50, M|
|teampreview|4
|showteam|p1|Excadrill||FocusSash|SandRush|HighHorsepower,IronHead,RockSlide,Protect|Adamant||F|||50|]Tyranitar||Tyranitarite|SandStream|KnockOff,RockSlide,DragonDance,Protect|Jolly||M|||50|]Sneasler||WhiteHerb|Unburden|CloseCombat,DireClaw,Coaching,FakeOut|Jolly||M|||50|]Incineroar||PasshoBerry|Intimidate|FlareBlitz,ThroatChop,PartingShot,FakeOut|Impish||M|||50|]Delphox||Delphoxite|Blaze|HeatWave,Psychic,NastyPlot,Protect|Timid||M|||50|]Sinistcha||SitrusBerry|Hospitality|ShadowBall,MatchaGotcha,RagePowder,Protect|Bold|||||50|
|showteam|p2|Charizard||CharizarditeY|SolarPower|HeatWave,SolarBeam,WeatherBall,Protect|Modest||M|||50|]Sneasler||WhiteHerb|Unburden|CloseCombat,DireClaw,FakeOut,Coaching|Jolly||M|||50|]Kingambit||BlackGlasses|Defiant|KowtowCleave,SuckerPunch,SwordsDance,Protect|Adamant||M|||50|]Dragonite||LifeOrb|InnerFocus|DragonClaw,LowKick,ExtremeSpeed,Protect|Adamant||F|||50|]Floette-Eternal||Floettite|FlowerVeil|Moonblast,DazzlingGleam,LightofRuin,Protect|Modest||F|||50|]Whimsicott||FocusSash|Prankster|Moonblast,Tailwind,Encore,Protect|Timid||M|||50|
|inactive|Battle timer is ON: inactive players will automatically lose when time's up. (requested by swarley3000)
|j| chef orte
|j| rovesciaporci
|j| kelso shrug
|j| lakaka siuuu
|inactive|swarley3000 has 60 seconds left.
|
|t:|1785851200
|teamsize|p1|4
|teamsize|p2|4
|start
|switch|p1a: Gervasoni|Excadrill, L50, F|100/100
|switch|p1b: Quando provo|Tyranitar, L50, M|100/100
|switch|p2a: Dragonite|Dragonite, L50, F|100/100
|switch|p2b: Whimsicott|Whimsicott, L50, M|100/100
|-weather|Sandstorm|[from] ability: Sand Stream|[of] p1b: Quando provo
|turn|1
|j| Spadello
|l| chef orte
|
|t:|1785851229
|switch|p1b: Las brulè|Sinistcha, L50|100/100
|move|p2a: Dragonite|Protect|p2a: Dragonite
|-singleturn|p2a: Dragonite|Protect
|move|p2b: Whimsicott|Tailwind|p2b: Whimsicott
|-sidestart|p2: swarley3000|move: Tailwind
|move|p1a: Gervasoni|Iron Head|p2b: Whimsicott
|-supereffective|p2b: Whimsicott|1
|-enditem|p2b: Whimsicott|Focus Sash
|-damage|p2b: Whimsicott|1/100
|
|-weather|Sandstorm|[upkeep]
|-damage|p2b: Whimsicott|0 fnt|[from] Sandstorm
|-damage|p2a: Dragonite|93/100|[from] Sandstorm
|-damage|p1b: Las brulè|93/100|[from] Sandstorm
|faint|p2b: Whimsicott
|upkeep
|
|t:|1785851237
|switch|p2b: Charizard|Charizard, L50, M|100/100
|turn|2
|
|t:|1785851253
|switch|p1b: Sidy|Incineroar, L50, M|100/100
|-ability|p1b: Sidy|Intimidate|boost
|-fail|p2a: Dragonite|unboost|Attack|[from] ability: Inner Focus|[of] p2a: Dragonite
|-unboost|p2b: Charizard|atk|1
|move|p1a: Gervasoni|Protect|p1a: Gervasoni
|-singleturn|p1a: Gervasoni|Protect
|move|p2b: Charizard|Protect|p2b: Charizard
|-singleturn|p2b: Charizard|Protect
|move|p2a: Dragonite|Dragon Claw|p1b: Sidy
|-damage|p1b: Sidy|50/100y
|-damage|p2a: Dragonite|84/100|[from] item: Life Orb
|
|-weather|Sandstorm|[upkeep]
|-damage|p2b: Charizard|94/100|[from] Sandstorm
|-damage|p2a: Dragonite|78/100|[from] Sandstorm
|-damage|p1b: Sidy|44/100|[from] Sandstorm
|upkeep
|turn|3
|inactive|swarley3000 has 30 seconds left.
|inactive|Il Mule has 30 seconds left.
|c|☆Il Mule|mi prudono le mani
|inactive|swarley3000 has 20 seconds left.
|inactive|swarley3000 has 15 seconds left.
|inactive|swarley3000 has 10 seconds left.
|
|t:|1785851299
|detailschange|p2b: Charizard|Charizard-Mega-Y, L50, M
|-mega|p2b: Charizard|Charizard|Charizardite Y
|-weather|SunnyDay|[from] ability: Drought|[of] p2b: Charizard
|move|p1b: Sidy|Fake Out|p2b: Charizard
|-damage|p2b: Charizard|82/100
|cant|p2b: Charizard|flinch
|move|p2a: Dragonite|Low Kick|p1a: Gervasoni
|-supereffective|p1a: Gervasoni|1
|-damage|p1a: Gervasoni|16/100
|-damage|p2a: Dragonite|68/100|[from] item: Life Orb
|move|p1a: Gervasoni|High Horsepower|p2b: Charizard
|-immune|p2b: Charizard
|
|-weather|SunnyDay|[upkeep]
|upkeep
|turn|4
|c|☆Il Mule|non mi pento di nulla
|c| lakaka siuuu|giusto
|j| tirannosauro
|
|t:|1785851322
|switch|p2b: Kingambit|Kingambit, L50, M|100/100
|move|p1a: Gervasoni|Protect|p1a: Gervasoni
|-singleturn|p1a: Gervasoni|Protect
|move|p2a: Dragonite|Dragon Claw|p1b: Sidy
|-damage|p1b: Sidy|0 fnt
|faint|p1b: Sidy
|-damage|p2a: Dragonite|59/100|[from] item: Life Orb
|
|-weather|SunnyDay|[upkeep]
|-sideend|p2: swarley3000|move: Tailwind
|upkeep
|
|t:|1785851333
|switch|p1b: Quando provo|Tyranitar, L50, M|100/100
|-weather|Sandstorm|[from] ability: Sand Stream|[of] p1b: Quando provo
|turn|5
|j| estupinanthepuledr
|inactive|Il Mule has 30 seconds left.
|c| rovesciaporci|scivolata del tutto ora
|inactive|Il Mule has 20 seconds left.
|inactive|Il Mule has 15 seconds left.
|inactive|Il Mule has 10 seconds left.
|
|t:|1785851379
|switch|p1a: Las brulè|Sinistcha, L50|93/100
|detailschange|p1b: Quando provo|Tyranitar-Mega, L50, M
|-mega|p1b: Quando provo|Tyranitar|Tyranitarite
|move|p2b: Kingambit|Sucker Punch||[still]
|-fail|p2b: Kingambit
|move|p1b: Quando provo|Rock Slide|p2b: Kingambit|[spread] p2a,p2b
|-supereffective|p2a: Dragonite|1
|-resisted|p2b: Kingambit|1
|-damage|p2a: Dragonite|0 fnt
|-damage|p2b: Kingambit|88/100
|faint|p2a: Dragonite
|
|-weather|Sandstorm|[upkeep]
|-damage|p1a: Las brulè|87/100|[from] Sandstorm
|upkeep
|
|t:|1785851384
|switch|p2a: Charizard|Charizard-Mega-Y, L50, M|82/100
|-weather|SunnyDay|[from] ability: Drought|[of] p2a: Charizard
|turn|6
|c| kelso shrug|Gambero frecante
|
|t:|1785851407
|switch|p1b: Gervasoni|Excadrill, L50, F|16/100
|move|p2a: Charizard|Protect|p2a: Charizard
|-singleturn|p2a: Charizard|Protect
|move|p1a: Las brulè|Protect|p1a: Las brulè
|-singleturn|p1a: Las brulè|Protect
|move|p2b: Kingambit|Kowtow Cleave|p1a: Las brulè
|-activate|p1a: Las brulè|move: Protect
|
|-weather|SunnyDay|[upkeep]
|upkeep
|turn|7
|inactive|Il Mule has 30 seconds left.
|c|☆Il Mule|avrei preferito il free willy sapete
|
|t:|1785851438
|switch|p1a: Quando provo|Tyranitar-Mega, L50, M|100/100
|-weather|Sandstorm|[from] ability: Sand Stream|[of] p1a: Quando provo
|move|p2b: Kingambit|Sucker Punch|p1b: Gervasoni
|-damage|p1b: Gervasoni|0 fnt
|faint|p1b: Gervasoni
|move|p2a: Charizard|Heat Wave|p1a: Quando provo|[miss]
|-miss|p2a: Charizard|p1a: Quando provo
|
|-weather|Sandstorm|[upkeep]
|-damage|p2a: Charizard|76/100|[from] Sandstorm
|upkeep
|l| tirannosauro
|j| tirannosauro
|
|t:|1785851446
|switch|p1b: Las brulè|Sinistcha, L50|87/100
|turn|8
|
|t:|1785851458
|move|p1b: Las brulè|Protect|p1b: Las brulè
|-singleturn|p1b: Las brulè|Protect
|move|p2a: Charizard|Heat Wave|p1b: Las brulè|[spread] 
|-activate|p1b: Las brulè|move: Protect
|-miss|p2a: Charizard|p1a: Quando provo
|move|p1a: Quando provo|Dragon Dance|p1a: Quando provo
|-boost|p1a: Quando provo|atk|1
|-boost|p1a: Quando provo|spe|1
|move|p2b: Kingambit|Swords Dance|p2b: Kingambit
|-boost|p2b: Kingambit|atk|2
|
|-weather|Sandstorm|[upkeep]
|-damage|p2a: Charizard|70/100|[from] Sandstorm
|-damage|p1b: Las brulè|81/100|[from] Sandstorm
|upkeep
|turn|9
|
|t:|1785851467
|move|p1a: Quando provo|Rock Slide|p2a: Charizard|[spread] p2a,p2b
|-supereffective|p2a: Charizard|2
|-resisted|p2b: Kingambit|1
|-damage|p2a: Charizard|0 fnt
|-damage|p2b: Kingambit|70/100
|faint|p2a: Charizard
|move|p1b: Las brulè|Matcha Gotcha|p2b: Kingambit
|-resisted|p2b: Kingambit|1
|-damage|p2b: Kingambit|56/100
|-heal|p1b: Las brulè|89/100|[from] drain|[of] p2b: Kingambit
|move|p2b: Kingambit|Kowtow Cleave|p1b: Las brulè
|-supereffective|p1b: Las brulè|1
|-damage|p1b: Las brulè|0 fnt
|faint|p1b: Las brulè
|
|-weather|Sandstorm|[upkeep]
|upkeep
|turn|10
|c| kelso shrug|Persa dall 1v1 con colui che freca
|c| lakaka siuuu|tutt’altro
|
|t:|1785851488
|move|p1a: Quando provo|Rock Slide|p2b: Kingambit
|-resisted|p2b: Kingambit|1
|-damage|p2b: Kingambit|33/100
|move|p2b: Kingambit|Swords Dance|p2b: Kingambit
|-boost|p2b: Kingambit|atk|2
|
|-weather|Sandstorm|[upkeep]
|upkeep
|turn|11
|c| estupinanthepuledr|mai un burn
|l| tirannosauro
|
|t:|1785851494
|move|p1a: Quando provo|Knock Off|p2b: Kingambit
|-resisted|p2b: Kingambit|1
|-damage|p2b: Kingambit|3/100
|-enditem|p2b: Kingambit|Black Glasses|[from] move: Knock Off|[of] p1a: Quando provo
|move|p2b: Kingambit|Kowtow Cleave|p1a: Quando provo
|-resisted|p1a: Quando provo|1
|-damage|p1a: Quando provo|62/100
|
|-weather|none
|upkeep
|turn|12
|
|t:|1785851498
|move|p1a: Quando provo|Knock Off|p2b: Kingambit
|-resisted|p2b: Kingambit|1
|-damage|p2b: Kingambit|0 fnt
|faint|p2b: Kingambit
|
|win|Il Mule
|raw|Il Mule's rating: 1467 → 1483(+16 for winning)
|raw|swarley3000's rating: 1397 → 1381(-16 for losing)
