|j|☆Snowball_seer
|j|☆liamvgc1
|html|Snowball_seerliamvgc1    
|uhtml|bestof|Game 2 of a best-of-3
|t:|1783534387
|gametype|doubles
|player|p1|Snowball_seer|allister-masters|
|player|p2|liamvgc1|giovanni|
|gen|9
|tier|[Gen 9 Champions] VGC 2026 Reg M-B (Bo3)
|rule|Species Clause: Limit one of each Pokémon
|rule|Item Clause: Limit 1 of each item
|clearpoke
|poke|p1|Froslass, L50, F, shiny|
|poke|p1|Sneasler, L50, M, shiny|
|poke|p1|Kingambit, L50, F, shiny|
|poke|p1|Garchomp, L50, F|
|poke|p1|Talonflame, L50, F, shiny|
|poke|p1|Rotom-Wash, L50|
|poke|p2|Basculegion, L50, M|
|poke|p2|Floette-Eternal, L50, F|
|poke|p2|Whimsicott, L50, M|
|poke|p2|Garchomp, L50, M|
|poke|p2|Charizard, L50, M|
|poke|p2|Kingambit, L50, M|
|teampreview|4
|showteam|p1|Froslass||Froslassite|CursedBody|Protect,Blizzard,ShadowBall,AuroraVeil|Modest||F|||50|]Sneasler||WhiteHerb|Unburden|Protect,CloseCombat,DireClaw,FakeOut|Adamant||M|||50|]Kingambit||ChopleBerry|Defiant|Protect,KowtowCleave,SuckerPunch,IronHead|Adamant||F|||50|]Garchomp||LifeOrb|RoughSkin|Protect,DragonClaw,Earthquake,RockSlide|Jolly||F|||50|]Talonflame||SharpBeak|GaleWings|Protect,FlareBlitz,BraveBird,Tailwind|Jolly||F|||50|]Rotom-Wash||SitrusBerry|Levitate|Thunderbolt,VoltSwitch,HydroPump,WillOWisp|Modest|||||50|
|showteam|p2|Basculegion||MysticWater|Adaptability|WaveCrash,LastRespects,AquaJet,Protect|Adamant||M|||50|]Floette-Eternal||Floettite|FlowerVeil|Moonblast,DazzlingGleam,LightofRuin,Protect|Timid||F|||50|]Whimsicott||FocusSash|Prankster|Moonblast,Tailwind,Encore,Protect|Timid||M|||50|]Garchomp||LifeOrb|RoughSkin|Earthquake,DragonClaw,RockSlide,Protect|Jolly||M|||50|]Charizard||CharizarditeY|Blaze|HeatWave,SolarBeam,WeatherBall,Protect|Modest||M|||50|]Kingambit||ChopleBerry|Defiant|SuckerPunch,KowtowCleave,IronHead,LowKick|Adamant||M|||50|
|inactive|Battle timer is ON: inactive players will automatically lose when time's up. (requested by Snowball_seer)
|inactive|Snowball_seer has 60 seconds left.
|inactive|liamvgc1 has 60 seconds left.
|
|t:|1783534428
|teamsize|p1|4
|teamsize|p2|4
|start
|switch|p1a: Garchomp|Garchomp, L50, F|100/100
|switch|p1b: Rotom|Rotom-Wash, L50|100/100
|switch|p2a: Whimsicott|Whimsicott, L50, M|100/100
|switch|p2b: Garchomp|Garchomp, L50, M|100/100
|turn|1
|
|t:|1783534436
|move|p1a: Garchomp|Protect|p1a: Garchomp
|-singleturn|p1a: Garchomp|Protect
|move|p2a: Whimsicott|Tailwind|p2a: Whimsicott
|-sidestart|p2: liamvgc1|move: Tailwind
|move|p2b: Garchomp|Dragon Claw|p1a: Garchomp
|-activate|p1a: Garchomp|move: Protect
|move|p1b: Rotom|Volt Switch|p2a: Whimsicott
|-resisted|p2a: Whimsicott|1
|-damage|p2a: Whimsicott|72/100
|
|t:|1783534445
|switch|p1b: Froslass|Froslass, L50, F, shiny|100/100|[from] Volt Switch
|
|upkeep
|turn|2
|
|t:|1783534455
|switch|p2b: Kingambit|Kingambit, L50, M|100/100
|switch|p1a: Rotom|Rotom-Wash, L50|100/100
|detailschange|p1b: Froslass|Froslass-Mega, L50, F, shiny
|-mega|p1b: Froslass|Froslass|Froslassite
|-weather|Snowscape|[from] ability: Snow Warning|[of] p1b: Froslass
|move|p2a: Whimsicott|Protect|p2a: Whimsicott
|-singleturn|p2a: Whimsicott|Protect
|move|p1b: Froslass|Blizzard|p2b: Kingambit|[spread] p2b
|-activate|p2a: Whimsicott|move: Protect
|-resisted|p2b: Kingambit|1
|-damage|p2b: Kingambit|79/100
|
|-weather|Snowscape|[upkeep]
|upkeep
|turn|3
|inactive|Snowball_seer has 30 seconds left.
|inactive|Snowball_seer has 20 seconds left.
|inactive|Snowball_seer has 15 seconds left.
|inactive|Snowball_seer has 10 seconds left.
|inactive|Snowball_seer has 5 seconds left.
|
|t:|1783534507
|move|p1b: Froslass|Protect|p1b: Froslass
|-singleturn|p1b: Froslass|Protect
|move|p2a: Whimsicott|Moonblast|p1b: Froslass
|-activate|p1b: Froslass|move: Protect
|move|p2b: Kingambit|Kowtow Cleave|p1b: Froslass
|-activate|p1b: Froslass|move: Protect
|move|p1a: Rotom|Volt Switch|p2a: Whimsicott
|-resisted|p2a: Whimsicott|1
|-damage|p2a: Whimsicott|43/100
|
|t:|1783534523
|switch|p1a: Talonflame|Talonflame, L50, F, shiny|100/100|[from] Volt Switch
|
|-weather|Snowscape|[upkeep]
|upkeep
|turn|4
|
|t:|1783534540
|switch|p1b: Rotom|Rotom-Wash, L50|100/100
|move|p1a: Talonflame|Protect|p1a: Talonflame
|-singleturn|p1a: Talonflame|Protect
|move|p2a: Whimsicott|Encore||[still]
|-fail|p2a: Whimsicott
|move|p2b: Kingambit|Kowtow Cleave|p1a: Talonflame
|-activate|p1a: Talonflame|move: Protect
|
|-weather|Snowscape|[upkeep]
|-sideend|p2: liamvgc1|move: Tailwind
|upkeep
|turn|5
|
|t:|1783534557
|move|p2a: Whimsicott|Protect|p2a: Whimsicott
|-singleturn|p2a: Whimsicott|Protect
|move|p1a: Talonflame|Tailwind|p1a: Talonflame
|-sidestart|p1: Snowball_seer|move: Tailwind
|move|p1b: Rotom|Will-O-Wisp|p2b: Kingambit
|-status|p2b: Kingambit|brn
|move|p2b: Kingambit|Kowtow Cleave|p1a: Talonflame
|-damage|p1a: Talonflame|63/100
|
|-weather|Snowscape|[upkeep]
|-damage|p2b: Kingambit|73/100 brn|[from] brn
|upkeep
|turn|6
|inactive|liamvgc1 has 30 seconds left.
|
|t:|1783534586
|move|p2a: Whimsicott|Encore|p1a: Talonflame
|-start|p1a: Talonflame|Encore
|move|p1a: Talonflame|Tailwind||[still]
|-fail|p1a: Talonflame
|move|p1b: Rotom|Volt Switch|p2b: Kingambit
|-damage|p2b: Kingambit|41/100 brn
|
|t:|1783534599
|switch|p1b: Garchomp|Garchomp, L50, F|100/100|[from] Volt Switch
|move|p2b: Kingambit|Kowtow Cleave|p1b: Garchomp
|-damage|p1b: Garchomp|75/100
|-damage|p2b: Kingambit|29/100 brn|[from] ability: Rough Skin|[of] p1b: Garchomp
|
|-weather|none
|-damage|p2b: Kingambit|23/100 brn|[from] brn
|upkeep
|turn|7
|inactive|Snowball_seer has 30 seconds left.
|inactive|Snowball_seer has 20 seconds left.
|inactive|Snowball_seer has 15 seconds left.
|
|t:|1783534642
|switch|p1a: Froslass|Froslass-Mega, L50, F, shiny|100/100
|-weather|Snowscape|[from] ability: Snow Warning|[of] p1a: Froslass
|switch|p1b: Rotom|Rotom-Wash, L50|100/100
|switch|p2b: Charizard|Charizard, L50, M|100/100
|move|p2a: Whimsicott|Moonblast|p1b: Rotom
|-damage|p1b: Rotom|63/100
|-unboost|p1b: Rotom|spa|1
|
|-weather|Snowscape|[upkeep]
|upkeep
|turn|8
|inactive|Snowball_seer has 30 seconds left.
|
|t:|1783534674
|switch|p1a: Talonflame|Talonflame, L50, F, shiny|63/100
|detailschange|p2b: Charizard|Charizard-Mega-Y, L50, M
|-mega|p2b: Charizard|Charizard|Charizardite Y
|-weather|SunnyDay|[from] ability: Drought|[of] p2b: Charizard
|move|p2a: Whimsicott|Tailwind|p2a: Whimsicott
|-sidestart|p2: liamvgc1|move: Tailwind
|move|p2b: Charizard|Solar Beam||[still]
|-prepare|p2b: Charizard|Solar Beam
|-anim|p2b: Charizard|Solar Beam|p1b: Rotom
|-supereffective|p1b: Rotom|1
|-damage|p1b: Rotom|0 fnt
|faint|p1b: Rotom
|
|-weather|SunnyDay|[upkeep]
|-sideend|p1: Snowball_seer|move: Tailwind
|upkeep
|
|t:|1783534697
|switch|p1b: Froslass|Froslass-Mega, L50, F, shiny|100/100
|-weather|Snowscape|[from] ability: Snow Warning|[of] p1b: Froslass
|turn|9
|
|t:|1783534722
|switch|p1b: Garchomp|Garchomp, L50, F|75/100
|move|p2a: Whimsicott|Moonblast|p1a: Talonflame
|-resisted|p1a: Talonflame|1
|-damage|p1a: Talonflame|35/100
|-unboost|p1a: Talonflame|spa|1
|move|p2b: Charizard|Weather Ball|p1a: Talonflame
|-damage|p1a: Talonflame|0 fnt
|faint|p1a: Talonflame
|
|-weather|Snowscape|[upkeep]
|upkeep
|
|t:|1783534728
|switch|p1a: Froslass|Froslass-Mega, L50, F, shiny|100/100
|turn|10
|
|t:|1783534731
|move|p2a: Whimsicott|Protect|p2a: Whimsicott
|-singleturn|p2a: Whimsicott|Protect
|move|p2b: Charizard|Weather Ball|p1b: Garchomp
|-supereffective|p1b: Garchomp|2
|-damage|p1b: Garchomp|0 fnt
|faint|p1b: Garchomp
|move|p1a: Froslass|Blizzard|p2a: Whimsicott|[spread] p2b
|-activate|p2a: Whimsicott|move: Protect
|-damage|p2b: Charizard|63/100
|
|-weather|Snowscape|[upkeep]
|upkeep
|turn|11
|
|t:|1783534738
|switch|p2a: Kingambit|Kingambit, L50, M|23/100 brn
|move|p2b: Charizard|Heat Wave|p1a: Froslass
|-supereffective|p1a: Froslass|1
|-damage|p1a: Froslass|0 fnt
|faint|p1a: Froslass
|
|win|liamvgc1
|l|☆Snowball_seer
|player|p1|
