|j|☆FlypFlupppp
|j|☆Mashuno
|html|FlypFluppppMashuno    
|uhtml|bestof|Game 2 of a best-of-3
|t:|1784035961
|gametype|doubles
|player|p1|FlypFlupppp|lance|1107
|player|p2|Mashuno|harlequin|1148
|gen|9
|tier|[Gen 9 Champions] VGC 2026 Reg M-B (Bo3)
|rated|
|rule|Species Clause: Limit one of each Pokémon
|rule|Item Clause: Limit 1 of each item
|clearpoke
|poke|p1|Swampert, L50, F, shiny|
|poke|p1|Pelipper, L50, F|
|poke|p1|Dragalge, L50, M|
|poke|p1|Archaludon, L50, M|
|poke|p1|Heliolisk, L50, F|
|poke|p1|Garchomp, L50, M|
|poke|p2|Pelipper, L50, M|
|poke|p2|Archaludon, L50, M|
|poke|p2|Blastoise, L50, M|
|poke|p2|Sinistcha, L50|
|poke|p2|Sableye, L50, F|
|poke|p2|Sneasler, L50, M|
|teampreview|4
|showteam|p1|Swampert||Swampertite|Damp|Earthquake,Protect,IcePunch,WaveCrash|Adamant||F|||50|]Pelipper||LifeOrb|Drizzle|WeatherBall,Hurricane,Protect,Tailwind|Bold||F|||50|]Dragalge||Dragalgite|Adaptability|DracoMeteor,Scald,SludgeWave,Protect|Bold||M|||50|]Archaludon||ChopleBerry|Stamina|DracoMeteor,ElectroShot,FlashCannon,Protect|Timid||M|||50|]Heliolisk||FocusSash|DrySkin|VoltSwitch,HyperVoice,Protect,Thunder|Timid||F|||50|]Garchomp||ChoiceScarf|RoughSkin|DragonClaw,Earthquake,RockSlide,Crunch|Jolly||M|||50|
|showteam|p2|Pelipper||FocusSash|Drizzle|WeatherBall,Hurricane,Tailwind,RainDance|Calm||M|||50|]Archaludon||Magnet|Stamina|Protect,DracoMeteor,FlashCannon,ElectroShot|Modest||M|||50|]Blastoise||Blastoisinite|RainDish|Protect,FakeOut,WaterSpout,DarkPulse|Modest||M|||50|]Sinistcha||SitrusBerry|Hospitality|MatchaGotcha,RagePowder,LifeDew,TrickRoom|Bold|||||50|]Sableye||Leftovers|Prankster|FoulPlay,LightScreen,Reflect,RainDance|Impish||F|||50|]Sneasler||WhiteHerb|Unburden|FakeOut,DireClaw,CloseCombat,RockSlide|Jolly||M|||50|
|
|t:|1784036015
|teamsize|p1|4
|teamsize|p2|4
|start
|switch|p1a: Swampert|Swampert, L50, F, shiny|100/100
|switch|p1b: Pelipper|Pelipper, L50, F|100/100
|switch|p2a: Blastoise|Blastoise, L50, M|100/100
|switch|p2b: Iroh|Sinistcha, L50|100/100
|-weather|RainDance|[from] ability: Drizzle|[of] p1b: Pelipper
|turn|1
|
|t:|1784036039
|detailschange|p2a: Blastoise|Blastoise-Mega, L50, M
|-mega|p2a: Blastoise|Blastoise|Blastoisinite
|move|p1a: Swampert|Protect|p1a: Swampert
|-singleturn|p1a: Swampert|Protect
|move|p2a: Blastoise|Fake Out|p1b: Pelipper
|-damage|p1b: Pelipper|92/100
|cant|p1b: Pelipper|flinch
|move|p2b: Iroh|Trick Room|p2b: Iroh
|-fieldstart|move: Trick Room|[of] p2b: Iroh
|
|-weather|RainDance|[upkeep]
|upkeep
|turn|2
|
|t:|1784036056
|switch|p1a: Heliolisk|Heliolisk, L50, F|100/100
|move|p2b: Iroh|Rage Powder|p2b: Iroh
|-singleturn|p2b: Iroh|move: Rage Powder
|move|p1b: Pelipper|Hurricane|p2b: Iroh
|-supereffective|p2b: Iroh|1
|-damage|p2b: Iroh|2/100
|-enditem|p2b: Iroh|Sitrus Berry|[eat]
|-heal|p2b: Iroh|26/100|[from] item: Sitrus Berry
|-damage|p1b: Pelipper|83/100|[from] item: Life Orb
|move|p2a: Blastoise|Water Spout|p1b: Pelipper|[spread] p1b
|-immune|p1a: Heliolisk|[from] ability: Dry Skin
|-resisted|p1b: Pelipper|1
|-damage|p1b: Pelipper|11/100
|
|-weather|RainDance|[upkeep]
|upkeep
|turn|3
|
|t:|1784036077
|switch|p2b: Sableye|Sableye, L50, F|100/100
|move|p1b: Pelipper|Protect|p1b: Pelipper
|-singleturn|p1b: Pelipper|Protect
|move|p2a: Blastoise|Protect|p2a: Blastoise
|-singleturn|p2a: Blastoise|Protect
|move|p1a: Heliolisk|Volt Switch|p2a: Blastoise
|-activate|p2a: Blastoise|move: Protect
|
|-weather|RainDance|[upkeep]
|upkeep
|turn|4
|
|t:|1784036135
|move|p2b: Sableye|Light Screen|p2b: Sableye
|-sidestart|p2: Mashuno|move: Light Screen
|move|p1b: Pelipper|Hurricane|p2a: Blastoise
|-damage|p2a: Blastoise|72/100
|-damage|p1b: Pelipper|2/100|[from] item: Life Orb
|move|p2a: Blastoise|Dark Pulse|p1a: Heliolisk
|-damage|p1a: Heliolisk|36/100
|cant|p1a: Heliolisk|flinch
|
|-weather|RainDance|[upkeep]
|-heal|p1a: Heliolisk|48/100|[from] ability: Dry Skin
|upkeep
|turn|5
|
|t:|1784036163
|move|p1a: Heliolisk|Protect|p1a: Heliolisk
|-singleturn|p1a: Heliolisk|Protect
|move|p2b: Sableye|Foul Play|p1b: Pelipper
|-damage|p1b: Pelipper|0 fnt
|faint|p1b: Pelipper
|move|p2a: Blastoise|Dark Pulse|p1a: Heliolisk
|-activate|p1a: Heliolisk|move: Protect
|
|-weather|none
|-fieldend|move: Trick Room
|upkeep
|
|t:|1784036172
|switch|p1b: Archaludon|Archaludon, L50, M|100/100
|turn|6
|
|t:|1784036224
|switch|p2b: Iroh|Sinistcha, L50|26/100
|-heal|p2a: Blastoise|97/100|[from] ability: Hospitality|[of] p2b: Iroh
|move|p2a: Blastoise|Protect|p2a: Blastoise
|-singleturn|p2a: Blastoise|Protect
|move|p1a: Heliolisk|Thunder|p2b: Iroh
|-resisted|p2b: Iroh|1
|-damage|p2b: Iroh|8/100
|move|p1b: Archaludon|Electro Shot||[still]
|-prepare|p1b: Archaludon|Electro Shot
|-boost|p1b: Archaludon|spa|1
|
|upkeep
|turn|7
|
|t:|1784036249
|move|p2b: Iroh|Rage Powder|p2b: Iroh
|-singleturn|p2b: Iroh|move: Rage Powder
|move|p1a: Heliolisk|Volt Switch|p2b: Iroh
|-resisted|p2b: Iroh|1
|-damage|p2b: Iroh|0 fnt
|faint|p2b: Iroh
|
|t:|1784036255
|switch|p1a: Swampert|Swampert, L50, F, shiny|100/100|[from] Volt Switch
|move|p1b: Archaludon|Electro Shot|p2a: Blastoise|[from] lockedmove
|-supereffective|p2a: Blastoise|1
|-damage|p2a: Blastoise|23/100
|move|p2a: Blastoise|Dark Pulse|p1b: Archaludon
|-damage|p1b: Archaludon|28/100
|-ability|p1b: Archaludon|Stamina|boost
|-boost|p1b: Archaludon|def|1
|
|upkeep
|
|t:|1784036266
|switch|p2b: Sableye|Sableye, L50, F|100/100
|turn|8
|
|t:|1784036279
|detailschange|p1a: Swampert|Swampert-Mega, L50, F, shiny
|-mega|p1a: Swampert|Swampert|Swampertite
|move|p2b: Sableye|Reflect|p2b: Sableye
|-sidestart|p2: Mashuno|Reflect
|move|p1b: Archaludon|Electro Shot||[still]
|-prepare|p1b: Archaludon|Electro Shot
|-boost|p1b: Archaludon|spa|1
|move|p2a: Blastoise|Dark Pulse|p1a: Swampert
|-damage|p1a: Swampert|61/100
|move|p1a: Swampert|Wave Crash|p2b: Sableye
|-damage|p2b: Sableye|39/100
|-damage|p1a: Swampert|46/100|[from] Recoil
|
|-heal|p2b: Sableye|45/100|[from] item: Leftovers
|-sideend|p2: Mashuno|move: Light Screen
|upkeep
|turn|9
|
|t:|1784036303
|switch|p2b: Archaludon|Archaludon, L50, M|100/100
|move|p2a: Blastoise|Protect|p2a: Blastoise
|-singleturn|p2a: Blastoise|Protect
|move|p1a: Swampert|Protect|p1a: Swampert
|-singleturn|p1a: Swampert|Protect
|move|p1b: Archaludon|Electro Shot|p2a: Blastoise|[from] lockedmove
|-activate|p2a: Blastoise|move: Protect
|
|upkeep
|turn|10
|
|t:|1784036362
|switch|p2a: Sableye|Sableye, L50, F|45/100
|move|p1b: Archaludon|Draco Meteor|p2b: Archaludon
|-damage|p2b: Archaludon|0 fnt
|-unboost|p1b: Archaludon|spa|2
|faint|p2b: Archaludon
|move|p1a: Swampert|Earthquake|p2a: Sableye|[spread] p1b,p2a
|-supereffective|p1b: Archaludon|1
|-damage|p1b: Archaludon|0 fnt
|-damage|p2a: Sableye|5/100
|faint|p1b: Archaludon
|
|-heal|p2a: Sableye|11/100|[from] item: Leftovers
|upkeep
|
|t:|1784036375
|switch|p1b: Heliolisk|Heliolisk, L50, F|48/100
|switch|p2b: Blastoise|Blastoise-Mega, L50, M|23/100
|turn|11
|c|☆Mashuno|man, you got me
|c|☆Mashuno|ggs
|c|☆FlypFlupppp|gg
|
|t:|1784036414
|move|p1b: Heliolisk|Volt Switch|p2b: Blastoise
|-supereffective|p2b: Blastoise|1
|-damage|p2b: Blastoise|0 fnt
|faint|p2b: Blastoise
|move|p1a: Swampert|Ice Punch|p2a: Sableye
|-damage|p2a: Sableye|0 fnt
|faint|p2a: Sableye
|
|win|FlypFlupppp
|raw|FlypFlupppp's rating: 1107 → 1135(+28 for winning)
|raw|Mashuno's rating: 1148 → 1120(-28 for losing)
|c|☆Mashuno|do you have any tips? that was really hard for me
|c|☆Mashuno|anything i did that looked really bad?
|l|☆FlypFlupppp
|player|p1|
