|j|☆ninjakhanhh
|j|☆Sylviana GL
|html|ninjakhanhhSylviana GL    
|uhtml|bestof|Game 1 of a best-of-3
|t:|1784190345
|gametype|doubles
|player|p1|ninjakhanhh|2|1121
|player|p2|Sylviana GL|caitlin|1165
|gen|9
|tier|[Gen 9 Champions] VGC 2026 Reg M-B (Bo3)
|rated|
|rule|Species Clause: Limit one of each Pokémon
|rule|Item Clause: Limit 1 of each item
|clearpoke
|poke|p1|Floette-Eternal, L50, F|
|poke|p1|Meowstic, L50, M|
|poke|p1|Sinistcha-Masterpiece, L50|
|poke|p1|Delphox, L50, M|
|poke|p1|Garchomp, L50, F|
|poke|p1|Orthworm, L50, M|
|poke|p2|Aerodactyl, L50, M, shiny|
|poke|p2|Charizard, L50, F|
|poke|p2|Sylveon, L50, F|
|poke|p2|Garchomp, L50, M|
|poke|p2|Kingambit, L50, F|
|poke|p2|Incineroar, L50, F|
|teampreview|4
|showteam|p1|Floette-Eternal||Floettite|FlowerVeil|CalmMind,DrainingKiss,LightofRuin,Protect|Modest||F|||50|]Meowstic||LightClay|Prankster|ThunderWave,FakeOut,LightScreen,Reflect|Bold||M|||50|]Sinistcha-Masterpiece||Leftovers|Hospitality|MatchaGotcha,ShadowBall,RagePowder,LifeDew|Calm|||||50|]Delphox||Delphoxite|Magician|NastyPlot,HeatWave,Psychic,Protect|Timid||M|||50|]Garchomp||LifeOrb|RoughSkin|Earthquake,DragonClaw,RockSlide,Protect|Jolly||F|||50|]Orthworm||SitrusBerry|EarthEater|BodyPress,IronDefense,ShedTail,IronHead|Impish||M|||50|
|showteam|p2|Aerodactyl||Aerodactylite|Unnerve|RockSlide,IceFang,Tailwind,WideGuard|Jolly||M|||50|]Charizard||CharizarditeY|Blaze|HeatWave,WeatherBall,SolarBeam,Protect|Modest||F|||50|]Sylveon||FairyFeather|Pixilate|HyperVoice,HyperBeam,QuickAttack,Detect|Modest||F|||50|]Garchomp||LifeOrb|RoughSkin|DragonClaw,Earthquake,StompingTantrum,Protect|Jolly||M|||50|]Kingambit||FocusSash|Defiant|SuckerPunch,KowtowCleave,IronHead,Protect|Adamant||F|||50|]Incineroar||SitrusBerry|Intimidate|FlareBlitz,ThroatChop,FakeOut,PartingShot|Impish||F|||50|
|inactive|Battle timer is ON: inactive players will automatically lose when time's up. (requested by ninjakhanhh)
|inactive|Sylviana GL has 60 seconds left.
|
|t:|1784190391
|teamsize|p1|4
|teamsize|p2|4
|start
|switch|p1a: Garchomp|Garchomp, L50, F|100/100
|switch|p1b: Meowstic|Meowstic, L50, M|100/100
|switch|p2a: Kingambit|Kingambit, L50, F|100/100
|switch|p2b: Aerodactyl|Aerodactyl, L50, M, shiny|100/100
|-ability|p2b: Aerodactyl|Unnerve
|turn|1
|
|t:|1784190413
|switch|p2a: Incineroar|Incineroar, L50, F|100/100
|-ability|p2a: Incineroar|Intimidate|boost
|-unboost|p1a: Garchomp|atk|1
|-unboost|p1b: Meowstic|atk|1
|detailschange|p2b: Aerodactyl|Aerodactyl-Mega, L50, M, shiny
|-mega|p2b: Aerodactyl|Aerodactyl|Aerodactylite
|move|p2b: Aerodactyl|Wide Guard|p2b: Aerodactyl
|-singleturn|p2b: Aerodactyl|Wide Guard
|move|p1b: Meowstic|Fake Out|p2b: Aerodactyl
|-resisted|p2b: Aerodactyl|1
|-damage|p2b: Aerodactyl|97/100
|move|p1a: Garchomp|Rock Slide|p2b: Aerodactyl|[spread] 
|-activate|p2a: Incineroar|move: Wide Guard
|-activate|p2b: Aerodactyl|move: Wide Guard
|
|upkeep
|turn|2
|
|t:|1784190435
|move|p1a: Garchomp|Protect|p1a: Garchomp
|-singleturn|p1a: Garchomp|Protect
|move|p2a: Incineroar|Fake Out|p1b: Meowstic
|-damage|p1b: Meowstic|90/100
|cant|p1b: Meowstic|flinch
|move|p2b: Aerodactyl|Ice Fang|p1a: Garchomp
|-activate|p1a: Garchomp|move: Protect
|
|upkeep
|turn|3
|
|t:|1784190455
|switch|p1a: Floette|Floette-Eternal, L50, F|100/100
|switch|p2a: Sylveon|Sylveon, L50, F|100/100
|move|p1b: Meowstic|Reflect|p1b: Meowstic
|-sidestart|p1: ninjakhanhh|Reflect
|move|p2b: Aerodactyl|Tailwind|p2b: Aerodactyl
|-sidestart|p2: Sylviana GL|move: Tailwind
|
|upkeep
|turn|4
|
|t:|1784190469
|detailschange|p1a: Floette|Floette-Mega, L50, F
|-mega|p1a: Floette|Floette|Floettite
|-ability|p1a: Floette|Fairy Aura
|move|p1a: Floette|Protect|p1a: Floette
|-singleturn|p1a: Floette|Protect
|move|p1b: Meowstic|Light Screen|p1b: Meowstic
|-sidestart|p1: ninjakhanhh|move: Light Screen
|move|p2b: Aerodactyl|Rock Slide|p1a: Floette|[spread] p1b
|-activate|p1a: Floette|move: Protect
|-damage|p1b: Meowstic|74/100
|move|p2a: Sylveon|Hyper Beam|p1a: Floette
|-activate|p1a: Floette|move: Protect
|
|upkeep
|turn|5
|inactive|ninjakhanhh has 30 seconds left.
|inactive|ninjakhanhh has 20 seconds left.
|inactive|Sylviana GL has 30 seconds left.
|inactive|Sylviana GL has 20 seconds left.
|inactive|Sylviana GL has 15 seconds left.
|inactive|Sylviana GL has 10 seconds left.
|
|t:|1784190534
|move|p1b: Meowstic|Thunder Wave|p2a: Sylveon
|-status|p2a: Sylveon|par
|move|p2b: Aerodactyl|Rock Slide|p1a: Floette|[spread] p1a,p1b
|-damage|p1a: Floette|82/100
|-damage|p1b: Meowstic|57/100
|cant|p1a: Floette|flinch
|move|p2a: Sylveon|Hyper Beam|p1a: Floette
|-damage|p1a: Floette|23/100
|-mustrecharge|p2a: Sylveon
|
|upkeep
|turn|6
|
|t:|1784190551
|move|p1b: Meowstic|Thunder Wave|p2b: Aerodactyl
|-status|p2b: Aerodactyl|par
|move|p2b: Aerodactyl|Rock Slide|p1a: Floette|[spread] p1a,p1b
|-damage|p1a: Floette|6/100
|-damage|p1b: Meowstic|39/100
|move|p1a: Floette|Draining Kiss|p2b: Aerodactyl
|-damage|p2b: Aerodactyl|61/100 par
|-heal|p1a: Floette|34/100|[from] drain|[of] p2b: Aerodactyl
|cant|p2a: Sylveon|recharge
|
|-sideend|p2: Sylviana GL|move: Tailwind
|upkeep
|turn|7
|inactive|ninjakhanhh has 30 seconds left.
|
|t:|1784190585
|switch|p1b: Sinistcha|Sinistcha-Masterpiece, L50|100/100
|-heal|p1a: Floette|59/100|[from] ability: Hospitality|[of] p1b: Sinistcha
|move|p1a: Floette|Calm Mind|p1a: Floette
|-boost|p1a: Floette|spa|1
|-boost|p1a: Floette|spd|1
|move|p2b: Aerodactyl|Tailwind|p2b: Aerodactyl
|-sidestart|p2: Sylviana GL|move: Tailwind
|move|p2a: Sylveon|Hyper Voice|p1b: Sinistcha|[spread] p1a,p1b
|-damage|p1a: Floette|39/100
|-damage|p1b: Sinistcha|61/100
|
|-heal|p1b: Sinistcha|67/100|[from] item: Leftovers
|upkeep
|turn|8
|
|t:|1784190600
|move|p2b: Aerodactyl|Rock Slide|p1b: Sinistcha|[spread] 
|-miss|p2b: Aerodactyl|p1a: Floette
|-miss|p2b: Aerodactyl|p1b: Sinistcha
|move|p1a: Floette|Draining Kiss|p2b: Aerodactyl
|-damage|p2b: Aerodactyl|2/100 par
|-heal|p1a: Floette|83/100|[from] drain|[of] p2b: Aerodactyl
|move|p2a: Sylveon|Hyper Voice|p1b: Sinistcha|[spread] p1a,p1b
|-damage|p1a: Floette|66/100
|-damage|p1b: Sinistcha|32/100
|move|p1b: Sinistcha|Life Dew|p1b: Sinistcha|[spread] p1a,p1b
|-heal|p1a: Floette|91/100
|-heal|p1b: Sinistcha|57/100
|
|-heal|p1b: Sinistcha|63/100|[from] item: Leftovers
|upkeep
|turn|9
|
|t:|1784190618
|move|p2b: Aerodactyl|Rock Slide|p1b: Sinistcha|[spread] p1a,p1b
|-damage|p1a: Floette|75/100
|-damage|p1b: Sinistcha|47/100
|move|p1a: Floette|Draining Kiss|p2a: Sylveon
|-damage|p2a: Sylveon|56/100 par
|-heal|p1a: Floette|100/100|[from] drain|[of] p2a: Sylveon
|move|p2a: Sylveon|Hyper Voice|p1a: Floette|[spread] p1a,p1b
|-damage|p1a: Floette|80/100
|-damage|p1b: Sinistcha|8/100
|cant|p1b: Sinistcha|flinch
|
|-heal|p1b: Sinistcha|15/100|[from] item: Leftovers
|upkeep
|turn|10
|
|t:|1784190638
|move|p2b: Aerodactyl|Rock Slide|p1a: Floette|[spread] p1a,p1b
|-crit|p1a: Floette
|-damage|p1a: Floette|43/100
|-damage|p1b: Sinistcha|0 fnt
|faint|p1b: Sinistcha
|move|p1a: Floette|Draining Kiss|p2a: Sylveon
|-damage|p2a: Sylveon|13/100 par
|-heal|p1a: Floette|76/100|[from] drain|[of] p2a: Sylveon
|move|p2a: Sylveon|Hyper Voice|p1a: Floette
|-damage|p1a: Floette|48/100
|
|-sideend|p1: ninjakhanhh|Reflect
|-sideend|p2: Sylviana GL|move: Tailwind
|upkeep
|
|t:|1784190644
|switch|p1b: Garchomp|Garchomp, L50, F|100/100
|turn|11
|
|t:|1784190651
|move|p1b: Garchomp|Dragon Claw|p2b: Aerodactyl
|-crit|p2b: Aerodactyl
|-damage|p2b: Aerodactyl|0 fnt
|faint|p2b: Aerodactyl
|-damage|p1b: Garchomp|90/100|[from] item: Life Orb
|move|p1a: Floette|Draining Kiss|p2a: Sylveon
|-damage|p2a: Sylveon|0 fnt
|-heal|p1a: Floette|59/100|[from] drain|[of] p2a: Sylveon
|faint|p2a: Sylveon
|
|-sideend|p1: ninjakhanhh|move: Light Screen
|upkeep
|
|t:|1784190653
|switch|p2b: Kingambit|Kingambit, L50, F|100/100
|switch|p2a: Incineroar|Incineroar, L50, F|100/100
|-ability|p2a: Incineroar|Intimidate|boost
|-unboost|p1a: Floette|atk|1
|-unboost|p1b: Garchomp|atk|1
|turn|12
|
|t:|1784190667
|move|p1b: Garchomp|Protect|p1b: Garchomp
|-singleturn|p1b: Garchomp|Protect
|move|p1a: Floette|Protect|p1a: Floette
|-singleturn|p1a: Floette|Protect
|move|p2a: Incineroar|Fake Out|p1b: Garchomp
|-activate|p1b: Garchomp|move: Protect
|move|p2b: Kingambit|Iron Head|p1a: Floette
|-activate|p1a: Floette|move: Protect
|
|upkeep
|turn|13
|-message|Sylviana GL forfeited.
|
|win|ninjakhanhh
||Sylviana GL is ready for game 2.
||ninjakhanhh is ready for game 2.
|uhtml|next|Next: Game 2 of 3
