|j|☆Gayangos
|j|☆spernerslemma
|html|Gayangosspernerslemma    
|uhtml|bestof|Game 2 of a best-of-3
|t:|1784813705
|gametype|doubles
|player|p1|Gayangos|1|1284
|player|p2|spernerslemma|pokekid|1376
|gen|9
|tier|[Gen 9 Champions] VGC 2026 Reg M-B (Bo3)
|rated|
|rule|Species Clause: Limit one of each Pokémon
|rule|Item Clause: Limit 1 of each item
|clearpoke
|poke|p1|Sneasler, L50, F|
|poke|p1|Froslass, L50, F|
|poke|p1|Dragonite, L50, F|
|poke|p1|Arcanine-Hisui, L50, F|
|poke|p1|Gholdengo, L50|
|poke|p1|Kingambit, L50, M|
|poke|p2|Swampert, L50, F|
|poke|p2|Grimmsnarl, L50, M|
|poke|p2|Archaludon, L50, F|
|poke|p2|Pelipper, L50, F|
|poke|p2|Venusaur, L50, F|
|poke|p2|Sneasler, L50, M|
|teampreview|4
|showteam|p1|Sneasler||WhiteHerb|Unburden|FakeOut,CloseCombat,GunkShot,Protect|Jolly||F|||50|]Froslass||Froslassite|CursedBody|Blizzard,ShadowBall,AuroraVeil,Protect|Timid||F|||50|]Dragonite||DragonFang|Multiscale|ScaleShot,LowKick,Tailwind,Protect|Adamant||F|||50|]Arcanine-Hisui||FocusSash|RockHead|HeadSmash,FlareBlitz,ExtremeSpeed,Protect|Adamant||F|||50|]Gholdengo||ChoiceScarf|GoodasGold|MakeItRain,ShadowBall,PowerGem,Trick|Modest|||||50|]Kingambit||LifeOrb|Defiant|KowtowCleave,SuckerPunch,SwordsDance,Protect|Adamant||M|||50|
|showteam|p2|Swampert||Swampertite|Torrent|WaveCrash,Protect,Earthquake,IcePunch|Adamant||F|||50|]Grimmsnarl||LightClay|Prankster|FoulPlay,Reflect,LightScreen,PartingShot|Careful||M|||50|]Archaludon||Leftovers|Stamina|ElectroShot,DragonPulse,FlashCannon,Protect|Modest||F|||50|]Pelipper||SitrusBerry|Drizzle|WeatherBall,Hurricane,Tailwind,Protect|Modest||F|||50|]Venusaur||Venusaurite|Chlorophyll|SludgeBomb,Protect,GigaDrain,EarthPower|Modest||F|||50|]Sneasler||FocusSash|PoisonTouch|FakeOut,DireClaw,CloseCombat,Protect|Jolly||M|||50|
|inactive|Battle timer is ON: inactive players will automatically lose when time's up. (requested by spernerslemma)
|
|t:|1784813750
|teamsize|p1|4
|teamsize|p2|4
|start
|switch|p1a: Gholdengo|Gholdengo, L50|100/100
|switch|p1b: Froslass|Froslass, L50, F|100/100
|switch|p2a: Swampert|Swampert, L50, F|100/100
|switch|p2b: Grimmsnarl|Grimmsnarl, L50, M|100/100
|turn|1
|
|t:|1784813763
|detailschange|p1b: Froslass|Froslass-Mega, L50, F
|-mega|p1b: Froslass|Froslass|Froslassite
|-weather|Snowscape|[from] ability: Snow Warning|[of] p1b: Froslass
|detailschange|p2a: Swampert|Swampert-Mega, L50, F
|-mega|p2a: Swampert|Swampert|Swampertite
|move|p2b: Grimmsnarl|Light Screen|p2b: Grimmsnarl
|-sidestart|p2: spernerslemma|move: Light Screen
|move|p1a: Gholdengo|Make It Rain|p2b: Grimmsnarl|[spread] p2a,p2b
|-resisted|p2a: Swampert|1
|-supereffective|p2b: Grimmsnarl|1
|-damage|p2a: Swampert|84/100
|-damage|p2b: Grimmsnarl|38/100
|-unboost|p1a: Gholdengo|spa|2
|move|p1b: Froslass|Aurora Veil|p1b: Froslass
|-sidestart|p1: Gayangos|move: Aurora Veil
|move|p2a: Swampert|Earthquake|p1a: Gholdengo|[spread] p2b,p1a,p1b
|-supereffective|p1a: Gholdengo|1
|-damage|p2b: Grimmsnarl|0 fnt
|-damage|p1a: Gholdengo|28/100
|-damage|p1b: Froslass|71/100
|faint|p2b: Grimmsnarl
|
|-weather|Snowscape|[upkeep]
|upkeep
|
|t:|1784813780
|switch|p2b: Pelipper|Pelipper, L50, F|100/100
|-weather|RainDance|[from] ability: Drizzle|[of] p2b: Pelipper
|turn|2
|
|t:|1784813788
|switch|p1b: Kingambit|Kingambit, L50, M|100/100
|move|p2a: Swampert|Earthquake|p1b: Kingambit|[spread] p1a,p1b
|-immune|p2b: Pelipper
|-supereffective|p1a: Gholdengo|1
|-supereffective|p1b: Kingambit|1
|-damage|p1a: Gholdengo|0 fnt
|-damage|p1b: Kingambit|48/100
|faint|p1a: Gholdengo
|move|p2b: Pelipper|Tailwind|p2b: Pelipper
|-sidestart|p2: spernerslemma|move: Tailwind
|
|-weather|RainDance|[upkeep]
|upkeep
|
|t:|1784813802
|switch|p1a: Arcanine|Arcanine-Hisui, L50, F|100/100
|turn|3
|inactive|spernerslemma has 30 seconds left.
|
|t:|1784813833
|move|p1a: Arcanine|Extreme Speed|p2b: Pelipper
|-crit|p2b: Pelipper
|-damage|p2b: Pelipper|52/100
|move|p1b: Kingambit|Sucker Punch|p2b: Pelipper
|-damage|p2b: Pelipper|0 fnt
|faint|p2b: Pelipper
|-damage|p1b: Kingambit|38/100|[from] item: Life Orb
|move|p2a: Swampert|Earthquake|p1b: Kingambit|[spread] p1a,p1b
|-supereffective|p1a: Arcanine|2
|-supereffective|p1b: Kingambit|1
|-enditem|p1a: Arcanine|Focus Sash
|-damage|p1a: Arcanine|1/100
|-damage|p1b: Kingambit|0 fnt
|faint|p1b: Kingambit
|
|-weather|RainDance|[upkeep]
|upkeep
|
|t:|1784813846
|switch|p2b: Archaludon|Archaludon, L50, F|100/100
|switch|p1b: Froslass|Froslass-Mega, L50, F|71/100
|-weather|Snowscape|[from] ability: Snow Warning|[of] p1b: Froslass
|turn|4
|
|t:|1784813870
|move|p1a: Arcanine|Protect|p1a: Arcanine
|-singleturn|p1a: Arcanine|Protect
|move|p2a: Swampert|Wave Crash|p1b: Froslass
|-damage|p1b: Froslass|23/100
|-damage|p2a: Swampert|68/100|[from] Recoil
|move|p2b: Archaludon|Flash Cannon|p1b: Froslass
|-supereffective|p1b: Froslass|1
|-damage|p1b: Froslass|0 fnt
|faint|p1b: Froslass
|
|-weather|Snowscape|[upkeep]
|upkeep
|turn|5
|-message|Gayangos forfeited.
|
|win|spernerslemma
||Gayangos is ready for game 3.
|inactive|spernerslemma has 30 seconds to confirm battle start!
||spernerslemma is ready for game 3.
|uhtml|next|Next: Game 3 of 3
|l|☆Gayangos
|player|p1|
