|j|☆Crystneel
|j|☆beans14
|html|Crystneelbeans14    
|uhtml|bestof|Game 1 of a best-of-3
|t:|1756660136
|gametype|doubles
|player|p1|Crystneel|101|1095
|player|p2|beans14|102|1164
|gen|9
|tier|[Gen 9] VGC 2025 Reg H (Bo3)
|rated|
|rule|Species Clause: Limit one of each Pokémon
|rule|Item Clause: Limit 1 of each item
|clearpoke
|poke|p1|Volcarona, L50, F|
|poke|p1|Electabuzz, L50, M|
|poke|p1|Sneasler, L50, M|
|poke|p1|Rillaboom, L50, M|
|poke|p1|Dragonite, L50, M|
|poke|p1|Ursaluna-Bloodmoon, L50, M|
|poke|p2|Politoed, L50, M|
|poke|p2|Archaludon, L50, M|
|poke|p2|Kingdra, L50, M|
|poke|p2|Incineroar, L50, M|
|poke|p2|Amoonguss, L50, M|
|poke|p2|Gothitelle, L50, M|
|teampreview|4
|showteam|p1|Volcarona||Leftovers|FlameBody|FieryDance,QuiverDance,GigaDrain,Protect|||F|||50|,,,,,Water]Electabuzz||Eviolite|Static|FollowMe,Electroweb,VoltSwitch,Taunt|||M|||50|,,,,,Fairy]Sneasler||GrassySeed|Unburden|DireClaw,CloseCombat,ThroatChop,Protect|||M|||50|,,,,,Dark]Rillaboom||AssaultVest|GrassySurge|FakeOut,GrassyGlide,WoodHammer,Uturn|||M|||50|,,,,,Fire]Dragonite||LoadedDice|Multiscale|ExtremeSpeed,ScaleShot,IceSpinner,LowKick|||M|||50|,,,,,Normal]Ursaluna-Bloodmoon||ThroatSpray|MindsEye|BloodMoon,HyperVoice,EarthPower,Protect|||M|||50|,,,,,Poison
|showteam|p2|Politoed||Leftovers|Drizzle|Protect,WeatherBall,PerishSong,Encore|||M|||50|,,,,,Grass]Archaludon||PowerHerb|Sturdy|Protect,ElectroShot,FlashCannon,DragonPulse|||M|||50|,,,,,Electric]Kingdra||LifeOrb|SwiftSwim|Protect,DracoMeteor,WeatherBall,MuddyWater|||M|||50|,,,,,Stellar]Incineroar||SafetyGoggles|Intimidate|FakeOut,KnockOff,PartingShot,Protect|||M|||50|,,,,,Ghost]Amoonguss||EjectButton|Regenerator|Protect,RagePowder,Spore,PollenPuff|||M|||50|,,,,,Fairy]Gothitelle||SitrusBerry|ShadowTag|Protect,Psychic,FakeOut,TrickRoom|||M|||50|,,,,,Dark
|inactive|Battle timer is ON: inactive players will automatically lose when time's up. (requested by Crystneel)
|
|t:|1756660182
|teamsize|p1|4
|teamsize|p2|4
|start
|switch|p1a: Electabuzz|Electabuzz, L50, M|100/100
|switch|p1b: Rillaboom|Rillaboom, L50, M|100/100
|switch|p2a: Politoed|Politoed, L50, M|100/100
|switch|p2b: Kingdra|Kingdra, L50, M|100/100
|-fieldstart|move: Grassy Terrain|[from] ability: Grassy Surge|[of] p1b: Rillaboom
|-weather|RainDance|[from] ability: Drizzle|[of] p2a: Politoed
|turn|1
|inactive|Crystneel has 30 seconds left.
|inactive|Crystneel has 20 seconds left.
|
|t:|1756660221
|switch|p2b: Archaludon|Archaludon, L50, M|100/100
|move|p1b: Rillaboom|Fake Out|p2b: Archaludon
|-resisted|p2b: Archaludon
|-damage|p2b: Archaludon|94/100
|move|p1a: Electabuzz|Taunt|p2a: Politoed
|-start|p2a: Politoed|move: Taunt
|cant|p2a: Politoed|move: Taunt|Encore
|
|-weather|RainDance|[upkeep]
|-heal|p2b: Archaludon|99/100|[from] Grassy Terrain
|upkeep
|turn|2
|inactive|beans14 has 30 seconds left.
|
|t:|1756660254
|switch|p2a: Incineroar|Incineroar, L50, M|100/100
|-ability|p2a: Incineroar|Intimidate|boost
|-unboost|p1a: Electabuzz|atk|1
|-unboost|p1b: Rillaboom|atk|1
|move|p1b: Rillaboom|Grassy Glide|p2a: Incineroar
|-resisted|p2a: Incineroar
|-damage|p2a: Incineroar|88/100
|move|p2b: Archaludon|Electro Shot||[still]
|-prepare|p2b: Archaludon|Electro Shot
|-boost|p2b: Archaludon|spa|1
|-anim|p2b: Archaludon|Electro Shot|p1b: Rillaboom
|-resisted|p1b: Rillaboom
|-damage|p1b: Rillaboom|74/100
|move|p1a: Electabuzz|Volt Switch|p2a: Incineroar
|-damage|p2a: Incineroar|70/100
|
|t:|1756660269
|switch|p1a: Sneasler|Sneasler, L50, M|100/100|[from] Volt Switch
|-enditem|p1a: Sneasler|Grassy Seed
|-boost|p1a: Sneasler|def|1|[from] item: Grassy Seed
|
|-weather|RainDance|[upkeep]
|-heal|p2b: Archaludon|100/100|[from] Grassy Terrain
|-heal|p1b: Rillaboom|80/100|[from] Grassy Terrain
|-heal|p2a: Incineroar|76/100|[from] Grassy Terrain
|upkeep
|turn|3
|
|t:|1756660283
|move|p1a: Sneasler|Protect|p1a: Sneasler
|-singleturn|p1a: Sneasler|Protect
|move|p2a: Incineroar|Fake Out|p1a: Sneasler
|-activate|p1a: Sneasler|move: Protect
|move|p2b: Archaludon|Electro Shot||[still]
|-prepare|p2b: Archaludon|Electro Shot
|-boost|p2b: Archaludon|spa|1
|-anim|p2b: Archaludon|Electro Shot|p1a: Sneasler
|-activate|p1a: Sneasler|move: Protect
|move|p1b: Rillaboom|U-turn|p2a: Incineroar
|-damage|p2a: Incineroar|60/100
|
|t:|1756660300
|switch|p1b: Electabuzz|Electabuzz, L50, M|100/100|[from] U-turn
|
|-weather|RainDance|[upkeep]
|-heal|p2a: Incineroar|66/100|[from] Grassy Terrain
|upkeep
|turn|4
|
|t:|1756660309
|move|p2a: Incineroar|Protect|p2a: Incineroar
|-singleturn|p2a: Incineroar|Protect
|move|p1b: Electabuzz|Follow Me|p1b: Electabuzz
|-singleturn|p1b: Electabuzz|move: Follow Me
|move|p1a: Sneasler|Close Combat|p2b: Archaludon
|-supereffective|p2b: Archaludon
|-ability|p2b: Archaludon|Sturdy
|-damage|p2b: Archaludon|1/100
|-unboost|p1a: Sneasler|def|1
|-unboost|p1a: Sneasler|spd|1
|move|p2b: Archaludon|Electro Shot||[still]
|-prepare|p2b: Archaludon|Electro Shot
|-boost|p2b: Archaludon|spa|1
|-anim|p2b: Archaludon|Electro Shot|p1b: Electabuzz
|-resisted|p1b: Electabuzz
|-damage|p1b: Electabuzz|64/100
|
|-weather|RainDance|[upkeep]
|-heal|p2b: Archaludon|7/100|[from] Grassy Terrain
|-heal|p1b: Electabuzz|70/100|[from] Grassy Terrain
|-heal|p2a: Incineroar|72/100|[from] Grassy Terrain
|upkeep
|turn|5
|
|t:|1756660332
|switch|p2a: Kingdra|Kingdra, L50, M|100/100
|move|p2b: Archaludon|Protect|p2b: Archaludon
|-singleturn|p2b: Archaludon|Protect
|move|p1b: Electabuzz|Follow Me|p1b: Electabuzz
|-singleturn|p1b: Electabuzz|move: Follow Me
|move|p1a: Sneasler|Dire Claw|p2a: Kingdra
|-damage|p2a: Kingdra|50/100
|
|-weather|none
|-heal|p2a: Kingdra|56/100|[from] Grassy Terrain
|-heal|p2b: Archaludon|13/100|[from] Grassy Terrain
|-heal|p1b: Electabuzz|75/100|[from] Grassy Terrain
|-fieldend|move: Grassy Terrain
|upkeep
|turn|6
|
|t:|1756660361
|switch|p2b: Politoed|Politoed, L50, M|100/100
|-weather|RainDance|[from] ability: Drizzle|[of] p2b: Politoed
|move|p1b: Electabuzz|Follow Me|p1b: Electabuzz
|-singleturn|p1b: Electabuzz|move: Follow Me
|move|p1a: Sneasler|Close Combat|p2b: Politoed
|-damage|p2b: Politoed|38/100
|-unboost|p1a: Sneasler|def|1
|-unboost|p1a: Sneasler|spd|1
|move|p2a: Kingdra|Muddy Water|p1a: Sneasler|[spread] p1a,p1b
|-damage|p1a: Sneasler|0 fnt
|-damage|p1b: Electabuzz|41/100
|faint|p1a: Sneasler
|-damage|p2a: Kingdra|46/100|[from] item: Life Orb
|
|-weather|RainDance|[upkeep]
|-heal|p2b: Politoed|44/100|[from] item: Leftovers
|upkeep
|
|t:|1756660373
|switch|p1a: Rillaboom|Rillaboom, L50, M|80/100
|-fieldstart|move: Grassy Terrain|[from] ability: Grassy Surge|[of] p1a: Rillaboom
|turn|7
|
|t:|1756660383
|switch|p2b: Incineroar|Incineroar, L50, M|72/100
|-ability|p2b: Incineroar|Intimidate|boost
|-unboost|p1a: Rillaboom|atk|1
|-unboost|p1b: Electabuzz|atk|1
|move|p1a: Rillaboom|Fake Out|p2a: Kingdra
|-damage|p2a: Kingdra|34/100
|cant|p2a: Kingdra|flinch
|move|p1b: Electabuzz|Electroweb|p2b: Incineroar|[spread] p2a
|-miss|p1b: Electabuzz|p2b: Incineroar
|-damage|p2a: Kingdra|18/100
|-unboost|p2a: Kingdra|spe|1
|
|-weather|RainDance|[upkeep]
|-heal|p2a: Kingdra|24/100|[from] Grassy Terrain
|-heal|p1b: Electabuzz|46/100|[from] Grassy Terrain
|-heal|p1a: Rillaboom|85/100|[from] Grassy Terrain
|-heal|p2b: Incineroar|78/100|[from] Grassy Terrain
|upkeep
|turn|8
|inactive|Crystneel has 30 seconds left.
|
|t:|1756660409
|move|p2b: Incineroar|Fake Out|p1a: Rillaboom
|-damage|p1a: Rillaboom|75/100
|move|p1b: Electabuzz|Follow Me|p1b: Electabuzz
|-singleturn|p1b: Electabuzz|move: Follow Me
|move|p2a: Kingdra|Muddy Water|p1b: Electabuzz|[spread] p1a
|-miss|p2a: Kingdra|p1b: Electabuzz
|-resisted|p1a: Rillaboom
|-damage|p1a: Rillaboom|55/100
|-unboost|p1a: Rillaboom|accuracy|1
|-damage|p2a: Kingdra|14/100|[from] item: Life Orb
|cant|p1a: Rillaboom|flinch
|
|-weather|RainDance|[upkeep]
|-heal|p2a: Kingdra|20/100|[from] Grassy Terrain
|-heal|p1b: Electabuzz|52/100|[from] Grassy Terrain
|-heal|p1a: Rillaboom|61/100|[from] Grassy Terrain
|-heal|p2b: Incineroar|84/100|[from] Grassy Terrain
|upkeep
|turn|9
|
|t:|1756660421
|switch|p2a: Archaludon|Archaludon, L50, M|13/100
|move|p1a: Rillaboom|Grassy Glide|p2a: Archaludon
|-resisted|p2a: Archaludon
|-damage|p2a: Archaludon|8/100
|move|p1b: Electabuzz|Volt Switch|p2b: Incineroar
|-damage|p2b: Incineroar|67/100
|
|t:|1756660429
|switch|p1b: Volcarona|Volcarona, L50, F|100/100|[from] Volt Switch
|move|p2b: Incineroar|Knock Off|p1a: Rillaboom
|-crit|p1a: Rillaboom
|-damage|p1a: Rillaboom|7/100
|-enditem|p1a: Rillaboom|Assault Vest|[from] move: Knock Off|[of] p2b: Incineroar
|
|-weather|RainDance|[upkeep]
|-heal|p2a: Archaludon|14/100|[from] Grassy Terrain
|-heal|p1a: Rillaboom|13/100|[from] Grassy Terrain
|-heal|p2b: Incineroar|73/100|[from] Grassy Terrain
|upkeep
|turn|10
|inactive|Crystneel has 30 seconds left.
|
|t:|1756660461
|switch|p1a: Electabuzz|Electabuzz, L50, M|52/100
|move|p2a: Archaludon|Electro Shot||[still]
|-prepare|p2a: Archaludon|Electro Shot
|-boost|p2a: Archaludon|spa|1
|-anim|p2a: Archaludon|Electro Shot|p1a: Electabuzz
|-resisted|p1a: Electabuzz
|-damage|p1a: Electabuzz|32/100
|move|p1b: Volcarona|Quiver Dance|p1b: Volcarona
|-boost|p1b: Volcarona|spa|1
|-boost|p1b: Volcarona|spd|1
|-boost|p1b: Volcarona|spe|1
|move|p2b: Incineroar|Knock Off|p1a: Electabuzz
|-damage|p1a: Electabuzz|0 fnt
|-enditem|p1a: Electabuzz|Eviolite|[from] move: Knock Off|[of] p2b: Incineroar
|faint|p1a: Electabuzz
|
|-weather|none
|-heal|p2a: Archaludon|20/100|[from] Grassy Terrain
|-heal|p2b: Incineroar|79/100|[from] Grassy Terrain
|upkeep
|
|t:|1756660476
|switch|p1a: Rillaboom|Rillaboom, L50, M|13/100
|turn|11
|
|t:|1756660484
|switch|p2a: Politoed|Politoed, L50, M|44/100
|-weather|RainDance|[from] ability: Drizzle|[of] p2a: Politoed
|move|p1a: Rillaboom|Fake Out|p2b: Incineroar
|-damage|p2b: Incineroar|63/100
|move|p1b: Volcarona|Fiery Dance|p2a: Politoed
|-resisted|p2a: Politoed
|-damage|p2a: Politoed|35/100
|cant|p2b: Incineroar|flinch
|
|-weather|RainDance|[upkeep]
|-heal|p1a: Rillaboom|19/100|[from] Grassy Terrain
|-heal|p2a: Politoed|41/100|[from] Grassy Terrain
|-heal|p2a: Politoed|47/100|[from] item: Leftovers
|-heal|p2b: Incineroar|69/100|[from] Grassy Terrain
|-fieldend|move: Grassy Terrain
|upkeep
|turn|12
|inactive|Crystneel has 30 seconds left.
|
|t:|1756660509
|move|p2a: Politoed|Protect|p2a: Politoed
|-singleturn|p2a: Politoed|Protect
|move|p1b: Volcarona|Quiver Dance|p1b: Volcarona
|-boost|p1b: Volcarona|spa|1
|-boost|p1b: Volcarona|spd|1
|-boost|p1b: Volcarona|spe|1
|move|p1a: Rillaboom|Wood Hammer|p2a: Politoed
|-activate|p2a: Politoed|move: Protect
|move|p2b: Incineroar|Knock Off|p1a: Rillaboom
|-damage|p1a: Rillaboom|0 fnt
|faint|p1a: Rillaboom
|
|-weather|RainDance|[upkeep]
|-heal|p2a: Politoed|53/100|[from] item: Leftovers
|upkeep
|turn|13
|
|t:|1756660538
|switch|p2a: Archaludon|Archaludon, L50, M|20/100
|-terastallize|p1b: Volcarona|Water
|move|p1b: Volcarona|Giga Drain|p2a: Archaludon
|-resisted|p2a: Archaludon
|-damage|p2a: Archaludon|3/100
|move|p2b: Incineroar|Parting Shot|p1b: Volcarona
|-unboost|p1b: Volcarona|atk|1
|-unboost|p1b: Volcarona|spa|1
|
|t:|1756660547
|switch|p2b: Politoed|Politoed, L50, M|53/100|[from] Parting Shot
|
|-weather|RainDance|[upkeep]
|-heal|p2b: Politoed|59/100|[from] item: Leftovers
|upkeep
|turn|14
|
|t:|1756660558
|-terastallize|p2b: Politoed|Grass
|move|p1b: Volcarona|Fiery Dance|p2a: Archaludon
|-damage|p2a: Archaludon|0 fnt
|-boost|p1b: Volcarona|spa|1
|faint|p2a: Archaludon
|move|p2b: Politoed|Encore|p1b: Volcarona
|-start|p1b: Volcarona|Encore
|
|-weather|RainDance|[upkeep]
|-heal|p2b: Politoed|65/100|[from] item: Leftovers
|upkeep
|
|t:|1756660562
|switch|p2a: Incineroar|Incineroar, L50, M|69/100
|-ability|p2a: Incineroar|Intimidate|boost
|-unboost|p1b: Volcarona|atk|1
|turn|15
|
|t:|1756660570
|move|p2a: Incineroar|Fake Out|p1b: Volcarona
|-damage|p1b: Volcarona|87/100
|cant|p1b: Volcarona|flinch
|move|p2b: Politoed|Perish Song|p2b: Politoed
|-start|p1b: Volcarona|perish3|[silent]
|-start|p2a: Incineroar|perish3|[silent]
|-start|p2b: Politoed|perish3|[silent]
|-fieldactivate|move: Perish Song
|
|-weather|none
|-heal|p1b: Volcarona|93/100|[from] item: Leftovers
|-heal|p2b: Politoed|71/100|[from] item: Leftovers
|-start|p1b: Volcarona|perish3
|-start|p2b: Politoed|perish3
|-start|p2a: Incineroar|perish3
|upkeep
|turn|16
|
|t:|1756660578
|move|p2b: Politoed|Protect|p2b: Politoed
|-singleturn|p2b: Politoed|Protect
|move|p2a: Incineroar|Protect|p2a: Incineroar
|-singleturn|p2a: Incineroar|Protect
|move|p1b: Volcarona|Fiery Dance|p2b: Politoed
|-activate|p2b: Politoed|move: Protect
|
|-heal|p1b: Volcarona|98/100|[from] item: Leftovers
|-heal|p2b: Politoed|77/100|[from] item: Leftovers
|-start|p1b: Volcarona|perish2
|-start|p2b: Politoed|perish2
|-start|p2a: Incineroar|perish2
|upkeep
|turn|17
|
|t:|1756660585
|move|p1b: Volcarona|Fiery Dance|p2b: Politoed
|-supereffective|p2b: Politoed
|-damage|p2b: Politoed|0 fnt
|-boost|p1b: Volcarona|spa|1
|faint|p2b: Politoed
|move|p2a: Incineroar|Knock Off|p1b: Volcarona
|-damage|p1b: Volcarona|52/100
|-enditem|p1b: Volcarona|Leftovers|[from] move: Knock Off|[of] p2a: Incineroar
|
|-end|p1b: Volcarona|Encore
|-start|p1b: Volcarona|perish1
|-start|p2a: Incineroar|perish1
|upkeep
|
|t:|1756660587
|switch|p2b: Kingdra|Kingdra, L50, M|20/100
|turn|18
|
|t:|1756660600
|move|p2b: Kingdra|Protect|p2b: Kingdra
|-singleturn|p2b: Kingdra|Protect
|move|p2a: Incineroar|Protect|p2a: Incineroar
|-singleturn|p2a: Incineroar|Protect
|move|p1b: Volcarona|Giga Drain|p2b: Kingdra
|-activate|p2b: Kingdra|move: Protect
|
|-start|p1b: Volcarona|perish0
|-start|p2a: Incineroar|perish0
|faint|p1b: Volcarona
|faint|p2a: Incineroar
|
|win|beans14
||Crystneel is ready for game 2.
||beans14 is ready for game 2.
|uhtml|next|Next: Game 2 of 3
