|j|☆lettitripppp
|j|☆auraltamer
|html|lettitrippppauraltamer    
|uhtml|bestof|Game 1 of a best-of-3
|t:|1783734150
|gametype|doubles
|player|p1|lettitripppp|lucas|1234
|player|p2|auraltamer|169|1157
|gen|9
|tier|[Gen 9 Champions] VGC 2026 Reg M-B (Bo3)
|rated|
|rule|Species Clause: Limit one of each Pokémon
|rule|Item Clause: Limit 1 of each item
|clearpoke
|poke|p1|Blastoise, L50, F|
|poke|p1|Delphox, L50, M|
|poke|p1|Incineroar, L50, M|
|poke|p1|Sinistcha, L50, shiny|
|poke|p1|Sneasler, L50, F, shiny|
|poke|p1|Kingambit, L50, M, shiny|
|poke|p2|Scrafty, L50, F|
|poke|p2|Ceruledge, L50, M|
|poke|p2|Sinistcha-Masterpiece, L50|
|poke|p2|Milotic, L50, F|
|poke|p2|Incineroar, L50, F|
|poke|p2|Raichu, L50, M|
|teampreview|4
|showteam|p1|Blastoise||Blastoisinite|RainDish|WaterSpout,ShellSmash,DarkPulse,Protect|Modest||F|||50|]Delphox||Delphoxite|Blaze|HeatWave,NastyPlot,Psyshock,Protect|Timid||M|||50|]Incineroar||PasshoBerry|Intimidate|HelpingHand,PartingShot,FlareBlitz,FakeOut|Careful||M|||50|]Sinistcha||SitrusBerry|Hospitality|MatchaGotcha,RagePowder,TrickRoom,Protect|Bold|||||50|]Sneasler||FocusSash|PoisonTouch|CloseCombat,QuickGuard,DireClaw,FakeOut|Jolly||F|||50|]Kingambit||BlackGlasses|Defiant|KowtowCleave,SwordsDance,SuckerPunch,Protect|Adamant||M|||50|
|showteam|p2|Scrafty||Scraftinite|Intimidate|CloseCombat,KnockOff,FakeOut,IcePunch|Brave||F|||50|]Ceruledge||ColburBerry|FlashFire|BitterBlade,ShadowSneak,BulkUp,Protect|Careful||M|||50|]Sinistcha-Masterpiece||BrightPowder|Hospitality|MatchaGotcha,TrickRoom,RagePowder,Protect|Calm|||||50|]Milotic||Leftovers|MarvelScale|MuddyWater,Coil,Hypnosis,Protect|Calm||F|||50|]Incineroar||SitrusBerry|Intimidate|FlareBlitz,ThroatChop,PartingShot,FakeOut|Impish||F|||50|]Raichu||RaichuniteY|LightningRod|ZapCannon,FocusBlast,FakeOut,Protect|Hasty||M|||50|
|inactive|Battle timer is ON: inactive players will automatically lose when time's up. (requested by lettitripppp)
|inactive|lettitripppp has 60 seconds left.
|inactive|auraltamer has 60 seconds left.
|
|t:|1783734210
|teamsize|p1|4
|teamsize|p2|4
|start
|switch|p1a: LET IT RAIN BIH|Blastoise, L50, F|100/100
|switch|p1b: ASKIN|Sneasler, L50, F, shiny|100/100
|switch|p2a: Scrafty|Scrafty, L50, F|100/100
|switch|p2b: Ceruledge|Ceruledge, L50, M|100/100
|-ability|p2a: Scrafty|Intimidate|boost
|-unboost|p1a: LET IT RAIN BIH|atk|1
|-unboost|p1b: ASKIN|atk|1
|turn|1
|
|t:|1783734229
|detailschange|p2a: Scrafty|Scrafty-Mega, L50, F
|-mega|p2a: Scrafty|Scrafty|Scraftinite
|-ability|p2a: Scrafty|Intimidate|boost
|-unboost|p1a: LET IT RAIN BIH|atk|1
|-unboost|p1b: ASKIN|atk|1
|move|p1b: ASKIN|Fake Out|p2a: Scrafty
|-damage|p2a: Scrafty|93/100
|-status|p2a: Scrafty|psn|[from] ability: Poison Touch|[of] p1b: ASKIN
|cant|p2a: Scrafty|flinch
|move|p2b: Ceruledge|Bulk Up|p2b: Ceruledge
|-boost|p2b: Ceruledge|atk|1
|-boost|p2b: Ceruledge|def|1
|move|p1a: LET IT RAIN BIH|Shell Smash|p1a: LET IT RAIN BIH
|-unboost|p1a: LET IT RAIN BIH|def|1
|-unboost|p1a: LET IT RAIN BIH|spd|1
|-boost|p1a: LET IT RAIN BIH|atk|2
|-boost|p1a: LET IT RAIN BIH|spa|2
|-boost|p1a: LET IT RAIN BIH|spe|2
|
|-damage|p2a: Scrafty|81/100 psn|[from] psn
|upkeep
|turn|2
|inactive|auraltamer has 30 seconds left.
|
|t:|1783734257
|switch|p2a: Sinistcha|Sinistcha-Masterpiece, L50|100/100
|move|p1b: ASKIN|Quick Guard|p1b: ASKIN
|-singleturn|p1b: ASKIN|Quick Guard
|move|p2b: Ceruledge|Shadow Sneak|p1a: LET IT RAIN BIH
|-activate|p1a: LET IT RAIN BIH|move: Quick Guard
|move|p1a: LET IT RAIN BIH|Water Spout|p2a: Sinistcha|[spread] p2a,p2b
|-resisted|p2a: Sinistcha|1
|-supereffective|p2b: Ceruledge|1
|-damage|p2a: Sinistcha|58/100
|-damage|p2b: Ceruledge|0 fnt
|faint|p2b: Ceruledge
|
|upkeep
|
|t:|1783734267
|switch|p2b: Scrafty|Scrafty-Mega, L50, F|81/100 psn
|-ability|p2b: Scrafty|Intimidate|boost
|-unboost|p1a: LET IT RAIN BIH|atk|1
|-unboost|p1b: ASKIN|atk|1
|turn|3
|
|t:|1783734279
|move|p1b: ASKIN|Quick Guard|p1b: ASKIN
|-singleturn|p1b: ASKIN|Quick Guard
|move|p2b: Scrafty|Fake Out|p1a: LET IT RAIN BIH
|-activate|p1a: LET IT RAIN BIH|move: Quick Guard
|move|p1a: LET IT RAIN BIH|Dark Pulse|p2a: Sinistcha
|-supereffective|p2a: Sinistcha|1
|-damage|p2a: Sinistcha|0 fnt
|faint|p2a: Sinistcha
|
|-damage|p2b: Scrafty|69/100 psn|[from] psn
|upkeep
|
|t:|1783734286
|switch|p2a: Milotic|Milotic, L50, F|100/100
|turn|4
|
|t:|1783734300
|switch|p1b: HEALROOM|Sinistcha, L50, shiny|100/100
|move|p1a: LET IT RAIN BIH|Water Spout|p2b: Scrafty|[spread] p2a,p2b
|-resisted|p2a: Milotic|1
|-crit|p2b: Scrafty
|-damage|p2a: Milotic|71/100
|-damage|p2b: Scrafty|0 fnt
|faint|p2b: Scrafty
|move|p2a: Milotic|Muddy Water|p1b: HEALROOM|[spread] p1a,p1b
|-resisted|p1a: LET IT RAIN BIH|1
|-resisted|p1b: HEALROOM|1
|-damage|p1a: LET IT RAIN BIH|83/100
|-damage|p1b: HEALROOM|89/100
|
|-heal|p2a: Milotic|77/100|[from] item: Leftovers
|upkeep
|turn|5
|inactive|auraltamer has 30 seconds left.
|
|t:|1783734330
|detailschange|p1a: LET IT RAIN BIH|Blastoise-Mega, L50, F
|-mega|p1a: LET IT RAIN BIH|Blastoise|Blastoisinite
|move|p1a: LET IT RAIN BIH|Dark Pulse|p2a: Milotic
|-damage|p2a: Milotic|27/100
|cant|p2a: Milotic|flinch
|move|p1b: HEALROOM|Matcha Gotcha|p2a: Milotic
|-supereffective|p2a: Milotic|1
|-damage|p2a: Milotic|0 fnt
|-heal|p1b: HEALROOM|100/100|[from] drain|[of] p2a: Milotic
|faint|p2a: Milotic
|
|win|lettitripppp
||auraltamer is ready for game 2.
