|j|☆d1mo22
|j|☆dripminister1
|html|d1mo22dripminister1    
|uhtml|bestof|Game 3 of a best-of-3
|t:|1785512485
|gametype|doubles
|player|p1|d1mo22|169|1300
|player|p2|dripminister1|101|1313
|gen|9
|tier|[Gen 9 Champions] VGC 2026 Reg M-B (Bo3)
|rated|
|rule|Species Clause: Limit one of each Pokémon
|rule|Item Clause: Limit 1 of each item
|clearpoke
|poke|p1|Tyranitar, L50, M|
|poke|p1|Milotic, L50, F|
|poke|p1|Gholdengo, L50|
|poke|p1|Staraptor, L50, F, shiny|
|poke|p1|Sinistcha, L50|
|poke|p1|Excadrill, L50, F, shiny|
|poke|p2|Swampert, L50, F, shiny|
|poke|p2|Gholdengo, L50|
|poke|p2|Archaludon, L50, M, shiny|
|poke|p2|Pelipper, L50, M|
|poke|p2|Grimmsnarl, L50, M|
|poke|p2|Sinistcha-Masterpiece, L50|
|teampreview|4
|showteam|p1|Tyranitar||Tyranitarite|SandStream|KnockOff,RockSlide,LowKick,Protect|Jolly||M|||50|]Milotic||SitrusBerry|Competitive|Scald,IcyWind,IceBeam,Protect|Calm||F|||50|]Gholdengo||LifeOrb|GoodasGold|MakeItRain,ShadowBall,NastyPlot,Protect|Modest|||||50|]Staraptor||Staraptite|Intimidate|CloseCombat,BraveBird,Tailwind,Protect|Jolly||F|||50|]Sinistcha||ColburBerry|Hospitality|MatchaGotcha,ShadowBall,Protect,RagePowder|Bold|||||50|]Excadrill||FocusSash|SandRush|HighHorsepower,IronHead,RockSlide,Protect|Jolly||F|||50|
|showteam|p2|Swampert||Swampertite|Damp|Earthquake,IcePunch,WaveCrash,Protect|Adamant||F|||50|]Gholdengo||LifeOrb|GoodasGold|MakeItRain,ShadowBall,NastyPlot,Protect|Modest|||||50|]Archaludon||Leftovers|Stamina|ElectroShot,DragonPulse,FlashCannon,Protect|Modest||M|||50|]Pelipper||SitrusBerry|Drizzle|Hurricane,Tailwind,WeatherBall,WideGuard|Bold||M|||50|]Grimmsnarl||LightClay|Prankster|Reflect,LightScreen,FoulPlay,PartingShot|Careful||M|||50|]Sinistcha-Masterpiece||CobaBerry|Hospitality|Protect,RagePowder,MatchaGotcha,LifeDew|Bold|||||50|
|inactive|Battle timer is ON: inactive players will automatically lose when time's up. (requested by dripminister1)
|inactive|d1mo22 also wants the timer to be on.
|
|t:|1785512506
|teamsize|p1|4
|teamsize|p2|4
|start
|switch|p1a: Sinistcha|Sinistcha, L50|100/100
|switch|p1b: Staraptor|Staraptor, L50, F, shiny|100/100
|switch|p2a: Pelipper|Pelipper, L50, M|100/100
|switch|p2b: Archaludon|Archaludon, L50, M, shiny|100/100
|-ability|p1b: Staraptor|Intimidate|boost
|-unboost|p2a: Pelipper|atk|1
|-unboost|p2b: Archaludon|atk|1
|-weather|RainDance|[from] ability: Drizzle|[of] p2a: Pelipper
|turn|1
|
|t:|1785512528
|switch|p1a: Tyranitar|Tyranitar, L50, M|100/100
|-weather|Sandstorm|[from] ability: Sand Stream|[of] p1a: Tyranitar
|move|p1b: Staraptor|Tailwind|p1b: Staraptor
|-sidestart|p1: d1mo22|move: Tailwind
|move|p2b: Archaludon|Electro Shot||[still]
|-prepare|p2b: Archaludon|Electro Shot
|-boost|p2b: Archaludon|spa|1
|move|p2a: Pelipper|Tailwind|p2a: Pelipper
|-sidestart|p2: dripminister1|move: Tailwind
|
|-weather|Sandstorm|[upkeep]
|-damage|p1b: Staraptor|94/100|[from] Sandstorm
|-damage|p2a: Pelipper|94/100|[from] Sandstorm
|upkeep
|turn|2
|inactive|d1mo22 has 30 seconds left.
|
|t:|1785512553
|switch|p2a: Gholdengo|Gholdengo, L50|100/100
|detailschange|p1b: Staraptor|Staraptor-Mega, L50, F, shiny
|-mega|p1b: Staraptor|Staraptor|Staraptite
|move|p1b: Staraptor|Close Combat|p2a: Gholdengo
|-immune|p2a: Gholdengo
|move|p1a: Tyranitar|Knock Off|p2b: Archaludon
|-damage|p2b: Archaludon|66/100
|-ability|p2b: Archaludon|Stamina|boost
|-boost|p2b: Archaludon|def|1
|-enditem|p2b: Archaludon|Leftovers|[from] move: Knock Off|[of] p1a: Tyranitar
|move|p2b: Archaludon|Electro Shot|p1b: Staraptor|[from] lockedmove
|-supereffective|p1b: Staraptor|1
|-damage|p1b: Staraptor|0 fnt
|faint|p1b: Staraptor
|
|-weather|Sandstorm|[upkeep]
|upkeep
|
|t:|1785512568
|switch|p1b: Gholdengo|Gholdengo, L50|100/100
|turn|3
|
|t:|1785512584
|move|p2a: Gholdengo|Shadow Ball|p1b: Gholdengo
|-supereffective|p1b: Gholdengo|1
|-damage|p1b: Gholdengo|0 fnt
|faint|p1b: Gholdengo
|-damage|p2a: Gholdengo|90/100|[from] item: Life Orb
|move|p1a: Tyranitar|Knock Off|p2a: Gholdengo
|-supereffective|p2a: Gholdengo|1
|-damage|p2a: Gholdengo|0 fnt
|-enditem|p2a: Gholdengo|Life Orb|[from] move: Knock Off|[of] p1a: Tyranitar
|faint|p2a: Gholdengo
|move|p2b: Archaludon|Flash Cannon|p1a: Tyranitar
|-supereffective|p1a: Tyranitar|1
|-damage|p1a: Tyranitar|37/100
|
|-weather|Sandstorm|[upkeep]
|upkeep
|c|☆d1mo22|ggs
|c|☆d1mo22|you are insane
|
|t:|1785512598
|switch|p2a: Pelipper|Pelipper, L50, M|94/100
|switch|p1b: Sinistcha|Sinistcha, L50|100/100
|-weather|RainDance|[from] ability: Drizzle|[of] p2a: Pelipper
|-heal|p1a: Tyranitar|62/100|[from] ability: Hospitality|[of] p1b: Sinistcha
|turn|4
|
|t:|1785512607
|move|p1a: Tyranitar|Low Kick|p2b: Archaludon
|-supereffective|p2b: Archaludon|1
|-damage|p2b: Archaludon|40/100
|-ability|p2b: Archaludon|Stamina|boost
|-boost|p2b: Archaludon|def|1
|move|p2b: Archaludon|Flash Cannon|p1a: Tyranitar
|-supereffective|p1a: Tyranitar|1
|-damage|p1a: Tyranitar|0 fnt
|faint|p1a: Tyranitar
|move|p2a: Pelipper|Hurricane|p1b: Sinistcha
|-supereffective|p1b: Sinistcha|1
|-damage|p1b: Sinistcha|21/100
|-start|p1b: Sinistcha|confusion
|-activate|p1b: Sinistcha|confusion
|-damage|p1b: Sinistcha|16/100|[from] confusion
|
|-weather|RainDance|[upkeep]
|-sideend|p1: d1mo22|move: Tailwind
|-sideend|p2: dripminister1|move: Tailwind
|upkeep
|turn|5
|
|t:|1785512627
|-activate|p1b: Sinistcha|confusion
|-damage|p1b: Sinistcha|11/100|[from] confusion
|move|p2b: Archaludon|Dragon Pulse|p1b: Sinistcha
|-crit|p1b: Sinistcha
|-damage|p1b: Sinistcha|0 fnt
|faint|p1b: Sinistcha
|
|win|dripminister1
|raw|d1mo22's rating: 1300 → 1276(-24 for losing)
|raw|dripminister1's rating: 1313 → 1332(+19 for winning)
