|j|☆crosseczek
|j|☆chocokoala vgc
|html|crosseczekchocokoala vgc    
|uhtml|bestof|Game 2 of a best-of-3
|t:|1784814892
|gametype|doubles
|player|p1|crosseczek|2|1360
|player|p2|chocokoala vgc|benga|1281
|gen|9
|tier|[Gen 9 Champions] VGC 2026 Reg M-B (Bo3)
|rated|
|rule|Species Clause: Limit one of each Pokémon
|rule|Item Clause: Limit 1 of each item
|clearpoke
|poke|p1|Mawile, L50, M|
|poke|p1|Maushold, L50|
|poke|p1|Whimsicott, L50, M|
|poke|p1|Raichu, L50, M|
|poke|p1|Incineroar, L50, F|
|poke|p1|Farigiraf, L50, F|
|poke|p2|Scovillain, L50, M|
|poke|p2|Primarina, L50, F|
|poke|p2|Aerodactyl, L50, M|
|poke|p2|Garchomp, L50, F|
|poke|p2|Gholdengo, L50|
|poke|p2|Grimmsnarl, L50, M|
|teampreview|4
|showteam|p1|Mawile||Mawilite|HyperCutter|PlayRough,SuckerPunch,SwordsDance,Protect|Brave||M|||50|]Maushold||WideLens|Technician|PopulationBomb,Taunt,FollowMe,Protect|Adamant|||||50|]Whimsicott||FocusSash|Prankster|Moonblast,Encore,Tailwind,Protect|Modest||M|||50|]Raichu||RaichuniteY|LightningRod|ZapCannon,FocusBlast,GrassKnot,Protect|Modest||M|||50|]Incineroar||Charcoal|Intimidate|FlareBlitz,DarkestLariat,PartingShot,FakeOut|Adamant||F|||50|]Farigiraf||ColburBerry|ArmorTail|Psychic,Imprison,TrickRoom,Protect|Modest||F|||50|
|showteam|p2|Scovillain||Scovillainite|Moody|Flamethrower,GigaDrain,Protect,RagePowder|Bold||M|||50|]Primarina||Leftovers|LiquidVoice|HyperVoice,Moonblast,Protect,CalmMind|Modest||F|||50|]Aerodactyl||Aerodactylite|Unnerve|RockSlide,DualWingbeat,Protect,Tailwind|Jolly||M|||50|]Garchomp||SoftSand|RoughSkin|Earthquake,StompingTantrum,Protect,DragonClaw|Jolly||F|||50|]Gholdengo||LifeOrb|GoodasGold|MakeItRain,ShadowBall,Protect,NastyPlot|Modest|||||50|]Grimmsnarl||LightClay|Prankster|LightScreen,Reflect,FakeOut,FoulPlay|Sassy||M|||50|
|inactive|Battle timer is ON: inactive players will automatically lose when time's up. (requested by chocokoala vgc)
|
|t:|1784814909
|teamsize|p1|4
|teamsize|p2|4
|start
|switch|p1a: Raichu|Raichu, L50, M|100/100
|switch|p1b: Whimsicott|Whimsicott, L50, M|100/100
|switch|p2a: Primarina|Primarina, L50, F|100/100
|switch|p2b: Grimmsnarl|Grimmsnarl, L50, M|100/100
|turn|1
|inactive|chocokoala vgc has 30 seconds left.
|
|t:|1784814942
|move|p1a: Raichu|Protect|p1a: Raichu
|-singleturn|p1a: Raichu|Protect
|move|p2b: Grimmsnarl|Fake Out|p1a: Raichu
|-activate|p1a: Raichu|move: Protect
|move|p1b: Whimsicott|Moonblast|p2a: Primarina
|-damage|p2a: Primarina|67/100
|move|p2a: Primarina|Calm Mind|p2a: Primarina
|-boost|p2a: Primarina|spa|1
|-boost|p2a: Primarina|spd|1
|
|-heal|p2a: Primarina|73/100|[from] item: Leftovers
|upkeep
|turn|2
|
|t:|1784814962
|detailschange|p1a: Raichu|Raichu-Mega-Y, L50, M
|-mega|p1a: Raichu|Raichu|Raichunite Y
|move|p1b: Whimsicott|Encore|p2a: Primarina
|-start|p2a: Primarina|Encore
|move|p2b: Grimmsnarl|Light Screen|p2b: Grimmsnarl
|-sidestart|p2: chocokoala vgc|move: Light Screen
|move|p1a: Raichu|Zap Cannon|p2b: Grimmsnarl
|-damage|p2b: Grimmsnarl|57/100
|-status|p2b: Grimmsnarl|par
|move|p2a: Primarina|Calm Mind|p2a: Primarina
|-boost|p2a: Primarina|spa|1
|-boost|p2a: Primarina|spd|1
|
|-heal|p2a: Primarina|79/100|[from] item: Leftovers
|upkeep
|turn|3
|
|t:|1784814974
|move|p1a: Raichu|Zap Cannon|p2a: Primarina
|-supereffective|p2a: Primarina|1
|-damage|p2a: Primarina|36/100
|-status|p2a: Primarina|par
|move|p1b: Whimsicott|Moonblast|p2a: Primarina
|-damage|p2a: Primarina|25/100 par
|cant|p2a: Primarina|par
|move|p2b: Grimmsnarl|Foul Play|p1a: Raichu
|-damage|p1a: Raichu|56/100
|
|-heal|p2a: Primarina|31/100 par|[from] item: Leftovers
|upkeep
|turn|4
|
|t:|1784814989
|move|p1a: Raichu|Zap Cannon|p2a: Primarina
|-supereffective|p2a: Primarina|1
|-damage|p2a: Primarina|0 fnt
|faint|p2a: Primarina
|move|p1b: Whimsicott|Moonblast|p2b: Grimmsnarl
|-supereffective|p2b: Grimmsnarl|1
|-damage|p2b: Grimmsnarl|11/100 par
|move|p2b: Grimmsnarl|Foul Play|p1a: Raichu
|-damage|p1a: Raichu|16/100
|
|upkeep
|
|t:|1784814994
|switch|p2a: Scovillain|Scovillain, L50, M|100/100
|turn|5
|
|t:|1784815007
|detailschange|p2a: Scovillain|Scovillain-Mega, L50, M
|-mega|p2a: Scovillain|Scovillain|Scovillainite
|move|p1a: Raichu|Protect|p1a: Raichu
|-singleturn|p1a: Raichu|Protect
|move|p1b: Whimsicott|Tailwind|p1b: Whimsicott
|-sidestart|p1: crosseczek|move: Tailwind
|move|p2a: Scovillain|Flamethrower|p1b: Whimsicott
|-supereffective|p1b: Whimsicott|1
|-enditem|p1b: Whimsicott|Focus Sash
|-damage|p1b: Whimsicott|1/100
|move|p2b: Grimmsnarl|Foul Play|p1a: Raichu
|-activate|p1a: Raichu|move: Protect
|
|upkeep
|turn|6
|
|t:|1784815027
|move|p1a: Raichu|Zap Cannon|p2a: Scovillain
|-resisted|p2a: Scovillain|1
|-damage|p2a: Scovillain|77/100
|-status|p2a: Scovillain|par
|-status|p1a: Raichu|brn|[from] ability: Spicy Spray|[of] p2a: Scovillain
|move|p1b: Whimsicott|Moonblast|p2b: Grimmsnarl
|-supereffective|p2b: Grimmsnarl|1
|-damage|p2b: Grimmsnarl|0 fnt
|faint|p2b: Grimmsnarl
|cant|p2a: Scovillain|par
|
|-damage|p1a: Raichu|10/100 brn|[from] brn
|upkeep
|
|t:|1784815035
|switch|p2b: Garchomp|Garchomp, L50, F|100/100
|turn|7
|
|t:|1784815041
|move|p2b: Garchomp|Protect|p2b: Garchomp
|-singleturn|p2b: Garchomp|Protect
|move|p1a: Raichu|Focus Blast|p2b: Garchomp
|-activate|p2b: Garchomp|move: Protect
|move|p1b: Whimsicott|Moonblast|p2b: Garchomp
|-activate|p2b: Garchomp|move: Protect
|move|p2a: Scovillain|Giga Drain|p1b: Whimsicott
|-resisted|p1b: Whimsicott|1
|-damage|p1b: Whimsicott|0 fnt
|-heal|p2a: Scovillain|78/100 par|[from] drain|[of] p1b: Whimsicott
|faint|p1b: Whimsicott
|
|-damage|p1a: Raichu|4/100 brn|[from] brn
|upkeep
|
|t:|1784815044
|switch|p1b: Incineroar|Incineroar, L50, F|100/100
|-ability|p1b: Incineroar|Intimidate|boost
|-unboost|p2a: Scovillain|atk|1
|-unboost|p2b: Garchomp|atk|1
|turn|8
|
|t:|1784815064
|cant|p2a: Scovillain|par
|move|p1a: Raichu|Focus Blast|p2b: Garchomp
|-damage|p2b: Garchomp|65/100
|move|p2b: Garchomp|Earthquake|p1a: Raichu|[spread] p2a,p1a,p1b
|-supereffective|p1a: Raichu|1
|-supereffective|p1b: Incineroar|1
|-damage|p2a: Scovillain|47/100 par
|-damage|p1a: Raichu|0 fnt
|-damage|p1b: Incineroar|37/100
|-status|p2b: Garchomp|brn|[from] ability: Spicy Spray|[of] p2a: Scovillain
|faint|p1a: Raichu
|move|p1b: Incineroar|Flare Blitz|p2a: Scovillain
|-damage|p2a: Scovillain|0 fnt
|-immune|p1b: Incineroar
|faint|p2a: Scovillain
|-damage|p1b: Incineroar|24/100|[from] Recoil
|
|-damage|p2b: Garchomp|59/100 brn|[from] brn
|-sideend|p1: crosseczek|move: Tailwind
|upkeep
|
|t:|1784815071
|switch|p1a: Maushold|Maushold, L50|100/100
|turn|9
|
|t:|1784815078
|move|p2b: Garchomp|Earthquake|p1a: Maushold|[spread] p1a,p1b
|-supereffective|p1b: Incineroar|1
|-damage|p1a: Maushold|79/100
|-damage|p1b: Incineroar|0 fnt
|faint|p1b: Incineroar
|move|p1a: Maushold|Population Bomb|p2b: Garchomp
|-damage|p2b: Garchomp|47/100 brn
|-damage|p1a: Maushold|66/100|[from] ability: Rough Skin|[of] p2b: Garchomp
|-damage|p2b: Garchomp|35/100 brn
|-damage|p1a: Maushold|54/100|[from] ability: Rough Skin|[of] p2b: Garchomp
|-damage|p2b: Garchomp|22/100 brn
|-damage|p1a: Maushold|41/100|[from] ability: Rough Skin|[of] p2b: Garchomp
|-damage|p2b: Garchomp|11/100 brn
|-damage|p1a: Maushold|29/100|[from] ability: Rough Skin|[of] p2b: Garchomp
|-damage|p2b: Garchomp|0 fnt
|-damage|p1a: Maushold|16/100|[from] ability: Rough Skin|[of] p2b: Garchomp
|faint|p2b: Garchomp
|-hitcount|p2: Garchomp|5
|
|win|crosseczek
