|j|☆Nonnyvibrant
|j|☆Matiublanco
|html|NonnyvibrantMatiublanco    
|uhtml|bestof|Game 1 of a best-of-3
|t:|1786015874
|gametype|doubles
|player|p1|Nonnyvibrant|101|1119
|player|p2|Matiublanco|266|1179
|gen|9
|tier|[Gen 9 Champions] VGC 2026 Reg M-B (Bo3)
|rated|
|rule|Species Clause: Limit one of each Pokémon
|rule|Item Clause: Limit 1 of each item
|clearpoke
|poke|p1|Blaziken, L50, M, shiny|
|poke|p1|Kingambit, L50, F, shiny|
|poke|p1|Basculegion, L50, M, shiny|
|poke|p1|Sylveon, L50, M|
|poke|p1|Torkoal, L50, F|
|poke|p1|Aerodactyl, L50, M|
|poke|p2|Tyranitar, L50, M|
|poke|p2|Excadrill, L50, F|
|poke|p2|Sinistcha, L50|
|poke|p2|Gholdengo, L50|
|poke|p2|Milotic, L50, F|
|poke|p2|Staraptor, L50, M|
|teampreview|4
|showteam|p1|Blaziken||Blazikenite|SpeedBoost|FlareBlitz,Protect,CloseCombat,RockSlide|Adamant||M|||50|]Kingambit||LifeOrb|Defiant|KowtowCleave,SuckerPunch,IronHead,Protect|Adamant||F|||50|]Basculegion||FocusSash|Adaptability|Liquidation,AquaJet,LastRespects,Protect|Adamant||M|||50|]Sylveon||FairyFeather|Pixilate|HyperVoice,HyperBeam,QuickAttack,Protect|Modest||M|||50|]Torkoal||Leftovers|Drought|BurningJealousy,WeatherBall,Yawn,Protect|Relaxed||F|||50|]Aerodactyl||Aerodactylite|RockHead|RockSlide,DualWingbeat,Tailwind,IceFang|Jolly||M|||50|
|showteam|p2|Tyranitar||Tyranitarite|SandStream|Protect,RockSlide,KnockOff,LowKick|Adamant||M|||50|]Excadrill||FocusSash|SandRush|Protect,HighHorsepower,RockSlide,IronHead|Adamant||F|||50|]Sinistcha||SitrusBerry|Hospitality|Protect,RagePowder,MatchaGotcha,TrickRoom|Bold|||||50|]Gholdengo||LifeOrb|GoodasGold|Protect,MakeItRain,ShadowBall,NastyPlot|Modest|||||50|]Milotic||Leftovers|Competitive|Protect,Scald,IceBeam,IcyWind|Modest||F|||50|]Staraptor||Staraptite|Intimidate|Protect,CloseCombat,BraveBird,Tailwind|Jolly||M|||50|
|inactive|Battle timer is ON: inactive players will automatically lose when time's up. (requested by Nonnyvibrant)
|inactive|Nonnyvibrant has 60 seconds left.
|
|t:|1786015975
|teamsize|p1|4
|teamsize|p2|4
|start
|switch|p1a: Blaziken|Blaziken, L50, M, shiny|100/100
|switch|p1b: Kingambit|Kingambit, L50, F, shiny|100/100
|switch|p2a: Excadrill|Excadrill, L50, F|100/100
|switch|p2b: Milotic|Milotic, L50, F|100/100
|turn|1
|inactive|Nonnyvibrant has 30 seconds left.
|inactive|Matiublanco has 30 seconds left.
|inactive|Matiublanco has 20 seconds left.
|inactive|Matiublanco has 15 seconds left.
|inactive|Matiublanco has 10 seconds left.
|
|t:|1786016021
|detailschange|p1a: Blaziken|Blaziken-Mega, L50, M, shiny
|-mega|p1a: Blaziken|Blaziken|Blazikenite
|move|p1a: Blaziken|Protect|p1a: Blaziken
|-singleturn|p1a: Blaziken|Protect
|move|p2a: Excadrill|High Horsepower|p1a: Blaziken
|-activate|p1a: Blaziken|move: Protect
|move|p2b: Milotic|Scald|p1b: Kingambit
|-damage|p1b: Kingambit|66/100
|-status|p1b: Kingambit|brn
|move|p1b: Kingambit|Kowtow Cleave|p2b: Milotic
|-damage|p2b: Milotic|72/100
|-damage|p1b: Kingambit|57/100 brn|[from] item: Life Orb
|
|-heal|p2b: Milotic|78/100|[from] item: Leftovers
|-damage|p1b: Kingambit|51/100 brn|[from] brn
|-ability|p1a: Blaziken|Speed Boost|boost
|-boost|p1a: Blaziken|spe|1
|upkeep
|turn|2
|inactive|Nonnyvibrant has 30 seconds left.
|inactive|Nonnyvibrant has 20 seconds left.
|inactive|Nonnyvibrant has 15 seconds left.
|inactive|Nonnyvibrant has 10 seconds left.
|
|t:|1786016069
|move|p2a: Excadrill|Protect|p2a: Excadrill
|-singleturn|p2a: Excadrill|Protect
|move|p1b: Kingambit|Sucker Punch||[still]
|-fail|p1b: Kingambit
|move|p1a: Blaziken|Flare Blitz|p2a: Excadrill
|-activate|p2a: Excadrill|move: Protect
|move|p2b: Milotic|Scald|p1a: Blaziken
|-supereffective|p1a: Blaziken|1
|-damage|p1a: Blaziken|22/100
|
|-heal|p2b: Milotic|84/100|[from] item: Leftovers
|-damage|p1b: Kingambit|45/100 brn|[from] brn
|-ability|p1a: Blaziken|Speed Boost|boost
|-boost|p1a: Blaziken|spe|1
|upkeep
|turn|3
|inactive|Nonnyvibrant has 30 seconds left.
|
|t:|1786016096
|switch|p2a: Sinistcha|Sinistcha, L50|100/100
|-heal|p2b: Milotic|100/100|[from] ability: Hospitality|[of] p2a: Sinistcha
|move|p1a: Blaziken|Close Combat|p2b: Milotic
|-damage|p2b: Milotic|30/100
|-unboost|p1a: Blaziken|def|1
|-unboost|p1a: Blaziken|spd|1
|move|p2b: Milotic|Scald|p1a: Blaziken
|-supereffective|p1a: Blaziken|1
|-damage|p1a: Blaziken|0 fnt
|faint|p1a: Blaziken
|move|p1b: Kingambit|Kowtow Cleave|p2b: Milotic
|-damage|p2b: Milotic|2/100
|-damage|p1b: Kingambit|35/100 brn|[from] item: Life Orb
|
|-heal|p2b: Milotic|8/100|[from] item: Leftovers
|-damage|p1b: Kingambit|29/100 brn|[from] brn
|upkeep
|
|t:|1786016113
|switch|p1a: Sylveon|Sylveon, L50, M|100/100
|turn|4
|inactive|Matiublanco has 30 seconds left.
|
|t:|1786016142
|switch|p2a: Excadrill|Excadrill, L50, F|100/100
|move|p2b: Milotic|Protect|p2b: Milotic
|-singleturn|p2b: Milotic|Protect
|move|p1a: Sylveon|Hyper Voice|p2a: Excadrill|[spread] p2a
|-activate|p2b: Milotic|move: Protect
|-resisted|p2a: Excadrill|1
|-damage|p2a: Excadrill|64/100
|move|p1b: Kingambit|Kowtow Cleave|p2a: Excadrill
|-damage|p2a: Excadrill|18/100
|-damage|p1b: Kingambit|20/100y brn|[from] item: Life Orb
|
|-heal|p2b: Milotic|14/100|[from] item: Leftovers
|-damage|p1b: Kingambit|14/100 brn|[from] brn
|upkeep
|turn|5
|inactive|Nonnyvibrant has 30 seconds left.
|inactive|Matiublanco has 30 seconds left.
|inactive|Matiublanco has 20 seconds left.
|
|t:|1786016180
|switch|p2b: Tyranitar|Tyranitar, L50, M|100/100
|-weather|Sandstorm|[from] ability: Sand Stream|[of] p2b: Tyranitar
|move|p1b: Kingambit|Sucker Punch|p2a: Excadrill
|-damage|p2a: Excadrill|0 fnt
|faint|p2a: Excadrill
|-damage|p1b: Kingambit|4/100 brn|[from] item: Life Orb
|move|p1a: Sylveon|Hyper Voice|p2b: Tyranitar
|-supereffective|p2b: Tyranitar|1
|-damage|p2b: Tyranitar|24/100
|
|-weather|Sandstorm|[upkeep]
|-damage|p1a: Sylveon|93/100|[from] Sandstorm
|-damage|p1b: Kingambit|0 fnt|[from] brn
|faint|p1b: Kingambit
|upkeep
|
|t:|1786016196
|switch|p2a: Sinistcha|Sinistcha, L50|100/100
|switch|p1b: Basculegion|Basculegion, L50, M, shiny|100/100
|-heal|p2b: Tyranitar|49/100|[from] ability: Hospitality|[of] p2a: Sinistcha
|turn|6
|
|t:|1786016215
|detailschange|p2b: Tyranitar|Tyranitar-Mega, L50, M
|-mega|p2b: Tyranitar|Tyranitar|Tyranitarite
|move|p1b: Basculegion|Protect|p1b: Basculegion
|-singleturn|p1b: Basculegion|Protect
|move|p2b: Tyranitar|Protect|p2b: Tyranitar
|-singleturn|p2b: Tyranitar|Protect
|move|p1a: Sylveon|Hyper Voice|p2b: Tyranitar|[spread] p2a
|-activate|p2b: Tyranitar|move: Protect
|-damage|p2a: Sinistcha|57/100
|move|p2a: Sinistcha|Trick Room|p2a: Sinistcha
|-fieldstart|move: Trick Room|[of] p2a: Sinistcha
|
|-weather|Sandstorm|[upkeep]
|-damage|p2a: Sinistcha|51/100|[from] Sandstorm
|-damage|p1a: Sylveon|87/100|[from] Sandstorm
|-damage|p1b: Basculegion|93/100|[from] Sandstorm
|upkeep
|turn|7
|
|t:|1786016235
|move|p2a: Sinistcha|Matcha Gotcha|p1b: Basculegion|[spread] p1a,p1b
|-supereffective|p1b: Basculegion|1
|-damage|p1a: Sylveon|67/100
|-heal|p2a: Sinistcha|61/100|[from] drain|[of] p1a: Sylveon
|-damage|p1b: Basculegion|40/100
|-heal|p2a: Sinistcha|91/100|[from] drain|[of] p1b: Basculegion
|-status|p1b: Basculegion|brn
|move|p1a: Sylveon|Hyper Voice|p2a: Sinistcha|[spread] p2a,p2b
|-supereffective|p2b: Tyranitar|1
|-damage|p2a: Sinistcha|44/100
|-damage|p2b: Tyranitar|2/100
|-enditem|p2a: Sinistcha|Sitrus Berry|[eat]
|-heal|p2a: Sinistcha|69/100|[from] item: Sitrus Berry
|move|p2b: Tyranitar|Knock Off|p1b: Basculegion
|-supereffective|p1b: Basculegion|1
|-damage|p1b: Basculegion|0 fnt
|-enditem|p1b: Basculegion|Focus Sash|[from] move: Knock Off|[of] p2b: Tyranitar
|faint|p1b: Basculegion
|
|-weather|Sandstorm|[upkeep]
|-damage|p2a: Sinistcha|63/100|[from] Sandstorm
|-damage|p1a: Sylveon|61/100|[from] Sandstorm
|upkeep
|turn|8
|inactive|Matiublanco has 30 seconds left.
|inactive|Matiublanco has 20 seconds left.
|
|t:|1786016272
|move|p2a: Sinistcha|Matcha Gotcha|p1a: Sylveon
|-damage|p1a: Sylveon|35/100
|-heal|p2a: Sinistcha|76/100|[from] drain|[of] p1a: Sylveon
|move|p1a: Sylveon|Hyper Voice|p2b: Tyranitar|[spread] p2a,p2b
|-supereffective|p2b: Tyranitar|1
|-damage|p2a: Sinistcha|33/100
|-damage|p2b: Tyranitar|0 fnt
|faint|p2b: Tyranitar
|
|-weather|Sandstorm|[upkeep]
|-damage|p2a: Sinistcha|27/100|[from] Sandstorm
|-damage|p1a: Sylveon|29/100|[from] Sandstorm
|upkeep
|
|t:|1786016284
|switch|p2b: Milotic|Milotic, L50, F|14/100
|turn|9
|inactive|Matiublanco has 30 seconds left.
|inactive|Matiublanco has 20 seconds left.
|inactive|Matiublanco has 15 seconds left.
|inactive|Matiublanco has 10 seconds left.
|
|t:|1786016329
|move|p2b: Milotic|Protect|p2b: Milotic
|-singleturn|p2b: Milotic|Protect
|move|p2a: Sinistcha|Matcha Gotcha|p1a: Sylveon|[miss]
|-miss|p2a: Sinistcha|p1a: Sylveon
|move|p1a: Sylveon|Hyper Voice|p2a: Sinistcha|[spread] p2a
|-activate|p2b: Milotic|move: Protect
|-damage|p2a: Sinistcha|0 fnt
|faint|p2a: Sinistcha
|
|-weather|none
|-heal|p2b: Milotic|20/100y|[from] item: Leftovers
|upkeep
|turn|10
|
|t:|1786016343
|move|p1a: Sylveon|Hyper Voice|p2b: Milotic
|-damage|p2b: Milotic|0 fnt
|faint|p2b: Milotic
|
|win|Nonnyvibrant
||Matiublanco is ready for game 2.
