|j|☆fayzginger
|j|☆KaiserBN1
|html|fayzgingerKaiserBN1    
|uhtml|bestof|Game 2 of a best-of-3
|t:|1756587724
|gametype|doubles
|player|p1|fayzginger|benga|1130
|player|p2|KaiserBN1|n|1141
|gen|9
|tier|[Gen 9] VGC 2025 Reg H (Bo3)
|rated|
|rule|Species Clause: Limit one of each Pokémon
|rule|Item Clause: Limit 1 of each item
|clearpoke
|poke|p1|Tyranitar, L50, M|
|poke|p1|Ursaluna-Bloodmoon, L50, M|
|poke|p1|Sneasler, L50, M|
|poke|p1|Indeedee, L50, M|
|poke|p1|Volcarona, L50, M|
|poke|p1|Annihilape, L50, M|
|poke|p2|Amoonguss, L50, F|
|poke|p2|Sneasler, L50, M|
|poke|p2|Gholdengo, L50|
|poke|p2|Incineroar, L50, M|
|poke|p2|Ursaluna-Bloodmoon, L50, M|
|poke|p2|Dragonite, L50, F|
|teampreview|4
|showteam|p1|Tyranitar||AssaultVest|SandStream|TeraBlast,KnockOff,RockSlide,LowKick|||M|||50|,,,,,Flying]Ursaluna-Bloodmoon||LifeOrb|MindsEye|Protect,BloodMoon,HyperVoice,EarthPower|||M|||50|,,,,,Normal]Sneasler||PsychicSeed|Unburden|Protect,CloseCombat,DireClaw,ThroatChop|||M|||50|,,,,,Dark]Indeedee||ChoiceScarf|PsychicSurge|ExpandingForce,TeraBlast,Trick,Protect|||M|||50|,,,,,Psychic]Volcarona||SitrusBerry|FlameBody|Overheat,RagePowder,StruggleBug,Tailwind|||M|||50|,,,,,Grass]Annihilape||SafetyGoggles|Defiant|CloseCombat,RageFist,FinalGambit,Taunt|||M|||50|,,,,,Fairy
|showteam|p2|Amoonguss||SitrusBerry|Regenerator|RagePowder,Spore,PollenPuff,Protect|||F|||50|,,,,,Psychic]Sneasler||FocusSash|Unburden|Protect,DireClaw,CloseCombat,ThroatChop|||M|||50|,,,,,Stellar]Gholdengo||LifeOrb|GoodasGold|Protect,MakeItRain,ShadowBall,NastyPlot||||||50|,,,,,Water]Incineroar||SafetyGoggles|Intimidate|KnockOff,PartingShot,FlareBlitz,FakeOut|||M|||50|,,,,,Ghost]Ursaluna-Bloodmoon||AssaultVest|MindsEye|BloodMoon,EarthPower,VacuumWave,HyperVoice|||M|||50|,,,,,Water]Dragonite||LoadedDice|Multiscale|ScaleShot,Tailwind,Haze,Protect|||F|||50|,,,,,Fairy
|inactive|Battle timer is ON: inactive players will automatically lose when time's up. (requested by KaiserBN1)
|
|t:|1756587751
|teamsize|p1|4
|teamsize|p2|4
|start
|switch|p1a: Volcarona|Volcarona, L50, M, shiny|100/100
|switch|p1b: Annihilape|Annihilape, L50, M, shiny|100/100
|switch|p2a: Golden Wind|Dragonite, L50, F|100/100
|switch|p2b: Luffy|Incineroar, L50, M|100/100
|-ability|p2b: Luffy|Intimidate|boost
|-unboost|p1a: Volcarona|atk|1
|-unboost|p1b: Annihilape|atk|1
|-ability|p1b: Annihilape|Defiant|boost
|-boost|p1b: Annihilape|atk|2
|turn|1
|inactive|KaiserBN1 has 30 seconds left.
|
|t:|1756587777
|move|p1a: Volcarona|Tailwind|p1a: Volcarona
|-sidestart|p1: fayzginger|move: Tailwind
|move|p1b: Annihilape|Taunt|p2a: Golden Wind
|-start|p2a: Golden Wind|move: Taunt
|cant|p2a: Golden Wind|move: Taunt|Tailwind
|move|p2b: Luffy|Knock Off|p1a: Volcarona
|-damage|p1a: Volcarona|43/100
|-enditem|p1a: Volcarona|Sitrus Berry|[from] move: Knock Off|[of] p2b: Luffy
|
|upkeep
|turn|2
|inactive|KaiserBN1 has 30 seconds left.
|inactive|fayzginger has 30 seconds left.
|inactive|KaiserBN1 has 20 seconds left.
|inactive|KaiserBN1 has 15 seconds left.
|inactive|KaiserBN1 has 10 seconds left.
|
|t:|1756587827
|switch|p1a: Sneasler|Sneasler, L50, M, shiny|100/100
|-terastallize|p1b: Annihilape|Fairy
|-terastallize|p2b: Luffy|Ghost
|move|p1b: Annihilape|Close Combat|p2b: Luffy
|-immune|p2b: Luffy
|move|p2a: Golden Wind|Scale Shot|p1a: Sneasler
|-damage|p1a: Sneasler|77/100
|-damage|p1a: Sneasler|53/100
|-damage|p1a: Sneasler|26/100
|-damage|p1a: Sneasler|0 fnt
|faint|p1a: Sneasler
|-hitcount|p1: Sneasler|4
|-unboost|p2a: Golden Wind|def|1
|-boost|p2a: Golden Wind|spe|1
|move|p2b: Luffy|Flare Blitz|p1b: Annihilape
|-damage|p1b: Annihilape|48/100
|-damage|p2b: Luffy|83/100|[from] Recoil
|
|upkeep
|
|t:|1756587844
|switch|p1a: Indeedee|Indeedee, L50, M, shiny|100/100
|-fieldstart|move: Psychic Terrain|[from] ability: Psychic Surge|[of] p1a: Indeedee
|turn|3
|
|t:|1756587863
|switch|p2b: Tony|Ursaluna-Bloodmoon, L50, M|100/100
|move|p1a: Indeedee|Expanding Force|p2a: Golden Wind|[spread] p2a,p2b
|-damage|p2a: Golden Wind|69/100
|-damage|p2b: Tony|62/100
|move|p1b: Annihilape|Rage Fist|p2b: Tony
|-immune|p2b: Tony
|move|p2a: Golden Wind|Scale Shot|p1a: Indeedee|[miss]
|-miss|p2a: Golden Wind|p1a: Indeedee
|
|-end|p2a: Golden Wind|move: Taunt
|upkeep
|turn|4
|inactive|KaiserBN1 has 30 seconds left.
|inactive|KaiserBN1 has 20 seconds left.
|inactive|KaiserBN1 has 15 seconds left.
|inactive|KaiserBN1 has 10 seconds left.
|inactive|KaiserBN1 has 5 seconds left.
|
|t:|1756587918
|move|p1a: Indeedee|Expanding Force|p2a: Golden Wind|[spread] p2a,p2b
|-damage|p2a: Golden Wind|11/100
|-damage|p2b: Tony|26/100
|move|p1b: Annihilape|Close Combat|p2b: Tony
|-supereffective|p2b: Tony
|-crit|p2b: Tony
|-damage|p2b: Tony|0 fnt
|-unboost|p1b: Annihilape|def|1
|-unboost|p1b: Annihilape|spd|1
|faint|p2b: Tony
|move|p2a: Golden Wind|Scale Shot|p1a: Indeedee
|-damage|p1a: Indeedee|67/100
|-damage|p1a: Indeedee|38/100
|-damage|p1a: Indeedee|4/100
|-damage|p1a: Indeedee|0 fnt
|faint|p1a: Indeedee
|-hitcount|p1: Indeedee|4
|-unboost|p2a: Golden Wind|def|1
|-boost|p2a: Golden Wind|spe|1
|
|-sideend|p1: fayzginger|move: Tailwind
|upkeep
|
|t:|1756587941
|switch|p1a: Volcarona|Volcarona, L50, M, shiny|43/100
|switch|p2b: 8|Sneasler, L50, M|100/100
|turn|5
|
|t:|1756587962
|move|p2a: Golden Wind|Protect|p2a: Golden Wind
|-singleturn|p2a: Golden Wind|Protect
|move|p1a: Volcarona|Rage Powder|p1a: Volcarona
|-singleturn|p1a: Volcarona|move: Rage Powder
|move|p2b: 8|Dire Claw|p1a: Volcarona
|-damage|p1a: Volcarona|0 fnt
|faint|p1a: Volcarona
|move|p1b: Annihilape|Rage Fist|p2b: 8
|-enditem|p2b: 8|Focus Sash
|-damage|p2b: 8|1/100
|
|upkeep
|turn|6
|
|t:|1756587983
|move|p2b: 8|Dire Claw|p1b: Annihilape
|-supereffective|p1b: Annihilape
|-damage|p1b: Annihilape|0 fnt
|faint|p1b: Annihilape
|
|win|KaiserBN1
||fayzginger is ready for game 3.
||KaiserBN1 is ready for game 3.
|uhtml|next|Next: Game 3 of 3
