|j|☆Konafor
|j|‽Slackermaru
|html|KonaforSlackermaru    
|uhtml|bestof|Game 2 of a best-of-3
|t:|1754510829
|gametype|doubles
|player|p1|Konafor|flannery|1161
|player|p2|Slackermaru|workerice|1333
|gen|9
|tier|[Gen 9] VGC 2025 Reg H (Bo3)
|rated|
|rule|Species Clause: Limit one of each Pokémon
|rule|Item Clause: Limit 1 of each item
|clearpoke
|poke|p1|Sneasler, L50, M|
|poke|p1|Indeedee, L50, M|
|poke|p1|Volcarona, L50, F|
|poke|p1|Ursaluna-Bloodmoon, L50, M|
|poke|p1|Annihilape, L50, F|
|poke|p1|Tyranitar, L50, F|
|poke|p2|Porygon2, L50|
|poke|p2|Hydreigon, L50, F|
|poke|p2|Incineroar, L50, F|
|poke|p2|Garchomp, L50, F|
|poke|p2|Amoonguss, L50, F|
|poke|p2|Gholdengo, L50|
|teampreview|4
|showteam|p1|Sneasler||PsychicSeed|Unburden|CloseCombat,DireClaw,ThroatChop,Protect|||M|||50|,,,,,Dark]Indeedee||ChoiceScarf|PsychicSurge|ExpandingForce,TeraBlast,Trick,Protect|||M|||50|,,,,,Psychic]Volcarona||SitrusBerry|FlameBody|Overheat,StruggleBug,RagePowder,Tailwind|||F|||50|,,,,,Grass]Ursaluna-Bloodmoon||LifeOrb|MindsEye|BloodMoon,HyperVoice,EarthPower,Protect|||M|||50|,,,,,Normal]Annihilape||SafetyGoggles|Defiant|Taunt,CloseCombat,FinalGambit,RageFist|||F|||50|,,,,,Fairy]Tyranitar||AssaultVest|SandStream|TeraBlast,RockSlide,LowKick,KnockOff|||F|||50|,,,,,Flying
|showteam|p2|Porygon2||Eviolite|Download|TeraBlast,IceBeam,TrickRoom,Recover||||||50|,,,,,Fighting]Hydreigon||SafetyGoggles|Levitate|Snarl,DracoMeteor,Tailwind,Protect|||F|||50|,,,,,Ghost]Incineroar||SitrusBerry|Intimidate|FlareBlitz,KnockOff,PartingShot,FakeOut|||F|||50|,,,,,Grass]Garchomp||LoadedDice|RoughSkin|ScaleShot,Earthquake,StompingTantrum,Protect|||F|||50|,,,,,Fire]Amoonguss||CovertCloak|Regenerator|PollenPuff,Spore,RagePowder,Protect|||F|||50|,,,,,Fire]Gholdengo||MetalCoat|GoodasGold|MakeItRain,ShadowBall,NastyPlot,Protect||||||50|,,,,,Flying
|inactive|Battle timer is ON: inactive players will automatically lose when time's up. (requested by Konafor)
|inactive|Konafor has 60 seconds left.
|
|t:|1754510869
|teamsize|p1|4
|teamsize|p2|4
|start
|switch|p1a: Indeedee|Indeedee, L50, M|100/100
|switch|p1b: Annihilape|Annihilape, L50, F|100/100
|switch|p2a: Hydreigon|Hydreigon, L50, F, shiny|100/100
|switch|p2b: Garchomp|Garchomp, L50, F, shiny|100/100
|-fieldstart|move: Psychic Terrain|[from] ability: Psychic Surge|[of] p1a: Indeedee
|turn|1
|inactive|Konafor has 30 seconds left.
|inactive|Konafor has 20 seconds left.
|inactive|Konafor has 15 seconds left.
|
|t:|1754510914
|switch|p1a: Sneasler|Sneasler, L50, M|100/100
|-enditem|p1a: Sneasler|Psychic Seed
|-boost|p1a: Sneasler|spd|1|[from] item: Psychic Seed
|move|p2b: Garchomp|Protect|p2b: Garchomp
|-singleturn|p2b: Garchomp|Protect
|move|p2a: Hydreigon|Tailwind|p2a: Hydreigon
|-sidestart|p2: Slackermaru|move: Tailwind
|move|p1b: Annihilape|Final Gambit|p2b: Garchomp
|-activate|p2b: Garchomp|move: Protect
|
|upkeep
|turn|2
|inactive|Konafor has 30 seconds left.
|
|t:|1754510940
|move|p1a: Sneasler|Dire Claw|p2b: Garchomp
|-resisted|p2b: Garchomp
|-damage|p2b: Garchomp|79/100
|-status|p2b: Garchomp|slp
|-damage|p1a: Sneasler|88/100|[from] ability: Rough Skin|[of] p2b: Garchomp
|move|p2a: Hydreigon|Draco Meteor|p1b: Annihilape
|-damage|p1b: Annihilape|43/100
|-unboost|p2a: Hydreigon|spa|2
|cant|p2b: Garchomp|slp
|move|p1b: Annihilape|Close Combat|p2a: Hydreigon
|-supereffective|p2a: Hydreigon
|-crit|p2a: Hydreigon
|-damage|p2a: Hydreigon|0 fnt
|-unboost|p1b: Annihilape|def|1
|-unboost|p1b: Annihilape|spd|1
|faint|p2a: Hydreigon
|
|upkeep
|
|t:|1754510958
|switch|p2a: Incineroar|Incineroar, L50, F, shiny|100/100
|-ability|p2a: Incineroar|Intimidate|boost
|-unboost|p1a: Sneasler|atk|1
|-unboost|p1b: Annihilape|atk|1
|-ability|p1b: Annihilape|Defiant|boost
|-boost|p1b: Annihilape|atk|2
|turn|3
|
|t:|1754510975
|move|p1a: Sneasler|Protect|p1a: Sneasler
|-singleturn|p1a: Sneasler|Protect
|-curestatus|p2b: Garchomp|slp|[msg]
|move|p2b: Garchomp|Scale Shot|p1a: Sneasler
|-activate|p1a: Sneasler|move: Protect
|move|p2a: Incineroar|Flare Blitz|p1b: Annihilape
|-damage|p1b: Annihilape|0 fnt
|faint|p1b: Annihilape
|-damage|p2a: Incineroar|86/100|[from] Recoil
|
|upkeep
|
|t:|1754510992
|switch|p1b: Tyranitar|Tyranitar, L50, F|100/100
|-weather|Sandstorm|[from] ability: Sand Stream|[of] p1b: Tyranitar
|turn|4
|inactive|Konafor has 30 seconds left.
|inactive|Konafor has 20 seconds left.
|
|t:|1754511031
|-terastallize|p1b: Tyranitar|Flying
|move|p1a: Sneasler|Close Combat|p2a: Incineroar
|-supereffective|p2a: Incineroar
|-damage|p2a: Incineroar|0 fnt
|-unboost|p1a: Sneasler|def|1
|-unboost|p1a: Sneasler|spd|1
|faint|p2a: Incineroar
|move|p2b: Garchomp|Scale Shot|p1a: Sneasler
|-damage|p1a: Sneasler|51/100
|-damage|p1a: Sneasler|14/100
|-crit|p1a: Sneasler
|-damage|p1a: Sneasler|0 fnt
|faint|p1a: Sneasler
|-hitcount|p1: Sneasler|3
|-unboost|p2b: Garchomp|def|1
|-boost|p2b: Garchomp|spe|1
|move|p1b: Tyranitar|Knock Off|p2b: Garchomp
|-damage|p2b: Garchomp|0 fnt
|-damage|p1b: Tyranitar|88/100|[from] ability: Rough Skin|[of] p2b: Garchomp
|-enditem|p2b: Garchomp|Loaded Dice|[from] move: Knock Off|[of] p1b: Tyranitar
|faint|p2b: Garchomp
|
|-weather|Sandstorm|[upkeep]
|-damage|p1b: Tyranitar|83/100|[from] Sandstorm
|-sideend|p2: Slackermaru|move: Tailwind
|upkeep
|
|t:|1754511053
|switch|p1a: Indeedee|Indeedee, L50, M|100/100
|switch|p2b: Porygon2|Porygon2, L50, shiny|100/100
|-ability|p2b: Porygon2|Download|boost
|-boost|p2b: Porygon2|atk|1
|turn|5
|
|t:|1754511076
|move|p1a: Indeedee|Trick|p2b: Porygon2
|-activate|p1a: Indeedee|move: Trick|[of] p2b: Porygon2
|-item|p2b: Porygon2|Choice Scarf|[from] move: Trick
|-item|p1a: Indeedee|Eviolite|[from] move: Trick
|move|p2b: Porygon2|Tera Blast|p1a: Indeedee
|-damage|p1a: Indeedee|52/100
|move|p1b: Tyranitar|Tera Blast|p2b: Porygon2|[anim] Tera Blast Flying
|-damage|p2b: Porygon2|53/100
|
|-weather|Sandstorm|[upkeep]
|-damage|p1a: Indeedee|46/100|[from] Sandstorm
|-damage|p2b: Porygon2|47/100|[from] Sandstorm
|-damage|p1b: Tyranitar|77/100|[from] Sandstorm
|-fieldend|move: Psychic Terrain
|upkeep
|turn|6
|
|t:|1754511092
|move|p1a: Indeedee|Tera Blast|p2b: Porygon2
|-damage|p2b: Porygon2|9/100
|move|p2b: Porygon2|Tera Blast|p1a: Indeedee
|-damage|p1a: Indeedee|0 fnt
|faint|p1a: Indeedee
|move|p1b: Tyranitar|Knock Off|p2b: Porygon2
|-damage|p2b: Porygon2|0 fnt
|-enditem|p2b: Porygon2|Choice Scarf|[from] move: Knock Off|[of] p1b: Tyranitar
|faint|p2b: Porygon2
|
|win|Konafor
|raw|Konafor's rating: 1161 → 1197(+36 for winning)
|raw|Slackermaru's rating: 1333 → 1304(-29 for losing)
|l|‽Slackermaru
|player|p2|
