|j|☆enrico20022002
|j|☆Como Se Dice Ben
|html|enrico20022002Como Se Dice Ben    
|uhtml|bestof|Game 1 of a best-of-3
|t:|1757786486
|gametype|doubles
|player|p1|enrico20022002|266|1308
|player|p2|Como Se Dice Ben|li|1320
|gen|9
|tier|[Gen 9] VGC 2025 Reg H (Bo3)
|rated|
|rule|Species Clause: Limit one of each Pokémon
|rule|Item Clause: Limit 1 of each item
|clearpoke
|poke|p1|Meowscarada, L50, F|
|poke|p1|Primarina, L50, F|
|poke|p1|Magmar, L50, F|
|poke|p1|Zoroark-Hisui, L50, M|
|poke|p1|Garchomp, L50, M|
|poke|p1|Gholdengo, L50|
|poke|p2|Baxcalibur, L50, M|
|poke|p2|Weezing-Galar, L50, F|
|poke|p2|Corviknight, L50, M|
|poke|p2|Typhlosion-Hisui, L50, M|
|poke|p2|Toedscruel, L50, F|
|poke|p2|Annihilape, L50, F|
|teampreview|4
|showteam|p1|Meowscarada||FocusSash|Overgrow|KnockOff,SuckerPunch,FlowerTrick,Protect|||F|||50|,,,,,Grass]Primarina||SitrusBerry|LiquidVoice|HyperVoice,Moonblast,Haze,Protect|||F|||50|,,,,,Poison]Magmar||Eviolite|VitalSpirit|Overheat,Taunt,FollowMe,Protect|||F|||50|,,,,,Ghost]Zoroark-Hisui||ChoiceSpecs|Illusion|HyperVoice,ShadowBall,BitterMalice,FocusBlast|||M|||50|,,,,,Stellar]Garchomp||LifeOrb|RoughSkin|StompingTantrum,Earthquake,DragonClaw,Protect|||M|||50|,,,,,Ground]Gholdengo||Leftovers|GoodasGold|MakeItRain,ShadowBall,NastyPlot,Protect||||||50|,,,,,Water
|showteam|p2|Baxcalibur||LifeOrb|ThermalExchange|GlaiveRush,IcicleCrash,IceShard,Protect|||M|||50|,,,,,Water]Weezing-Galar||ChoiceSpecs|NeutralizingGas|DazzlingGleam,SludgeBomb,StrangeSteam,Flamethrower|||F|||50|,,,,,Fire]Corviknight||SitrusBerry|MirrorArmor|BraveBird,Tailwind,Roost,Protect|||M|||50|,,,,,Dragon]Typhlosion-Hisui||ChoiceScarf|Blaze|Eruption,HeatWave,SleepTalk,ShadowBall|||M|||50|,,,,,Fire]Toedscruel||CovertCloak|MyceliumMight|Spore,AcidSpray,EarthPower,BulletSeed|||F|||50|,,,,,Poison]Annihilape||SafetyGoggles|Defiant|RageFist,CloseCombat,Coaching,Protect|||F|||50|,,,,,Stellar
|inactive|Battle timer is ON: inactive players will automatically lose when time's up. (requested by enrico20022002)
|inactive|Como Se Dice Ben has 60 seconds left.
|inactive|Como Se Dice Ben has 30 seconds left.
|
|t:|1757786554
|teamsize|p1|4
|teamsize|p2|4
|start
|switch|p1a: Meowscarada|Meowscarada, L50, F, shiny|100/100
|switch|p1b: Garchomp|Garchomp, L50, M|100/100
|switch|p2a: Martin|Corviknight, L50, M|100/100
|switch|p2b: NoEnemies|Annihilape, L50, F|100/100
|turn|1
|
|t:|1757786567
|move|p2b: NoEnemies|Protect|p2b: NoEnemies
|-singleturn|p2b: NoEnemies|Protect
|move|p1a: Meowscarada|Flower Trick|p2b: NoEnemies
|-activate|p2b: NoEnemies|move: Protect
|move|p1b: Garchomp|Dragon Claw|p2b: NoEnemies
|-activate|p2b: NoEnemies|move: Protect
|move|p2a: Martin|Tailwind|p2a: Martin
|-sidestart|p2: Como Se Dice Ben|move: Tailwind
|
|upkeep
|turn|2
|
|t:|1757786589
|move|p2b: NoEnemies|Rage Fist|p1a: Meowscarada
|-resisted|p1a: Meowscarada
|-damage|p1a: Meowscarada|81/100
|move|p2a: Martin|Brave Bird|p1a: Meowscarada
|-supereffective|p1a: Meowscarada
|-damage|p1a: Meowscarada|0 fnt
|faint|p1a: Meowscarada
|-damage|p2a: Martin|81/100|[from] Recoil
|move|p1b: Garchomp|Dragon Claw|p2b: NoEnemies
|-damage|p2b: NoEnemies|41/100
|-damage|p1b: Garchomp|91/100|[from] item: Life Orb
|
|upkeep
|
|t:|1757786597
|switch|p1a: Primarina|Primarina, L50, F, shiny|100/100
|turn|3
|
|t:|1757786613
|move|p1b: Garchomp|Protect|p1b: Garchomp
|-singleturn|p1b: Garchomp|Protect
|move|p2b: NoEnemies|Coaching|p2a: Martin
|-boost|p2a: Martin|atk|1
|-boost|p2a: Martin|def|1
|move|p2a: Martin|Brave Bird|p1a: Primarina
|-damage|p1a: Primarina|43/100
|-enditem|p1a: Primarina|Sitrus Berry|[eat]
|-heal|p1a: Primarina|67/100|[from] item: Sitrus Berry
|-damage|p2a: Martin|63/100|[from] Recoil
|move|p1a: Primarina|Moonblast|p2b: NoEnemies
|-supereffective|p2b: NoEnemies
|-damage|p2b: NoEnemies|0 fnt
|faint|p2b: NoEnemies
|
|upkeep
|inactive|Como Se Dice Ben has 30 seconds left.
|
|t:|1757786646
|switch|p2b: SDIYBT|Baxcalibur, L50, M, shiny|100/100
|turn|4
|inactive|Como Se Dice Ben has 30 seconds left.
|inactive|Como Se Dice Ben has 20 seconds left.
|
|t:|1757786683
|switch|p1b: Garchomp|Garchomp, L50, M|100/100
|-terastallize|p2b: SDIYBT|Water
|move|p2b: SDIYBT|Icicle Crash|p1a: Primarina
|-resisted|p1a: Primarina
|-damage|p1a: Primarina|36/100
|-damage|p2b: SDIYBT|90/100|[from] item: Life Orb
|move|p2a: Martin|Brave Bird|p1a: Primarina
|-damage|p1a: Primarina|0 fnt
|faint|p1a: Primarina
|-damage|p2a: Martin|52/100|[from] Recoil
|
|-sideend|p2: Como Se Dice Ben|move: Tailwind
|upkeep
|
|t:|1757786701
|switch|p1a: Garchomp|Garchomp, L50, M|91/100
|turn|5
|
|t:|1757786721
|-terastallize|p1b: Garchomp|Stellar
|move|p2b: SDIYBT|Protect|p2b: SDIYBT
|-singleturn|p2b: SDIYBT|Protect
|move|p2a: Martin|Protect|p2a: Martin
|-singleturn|p2a: Martin|Protect
|move|p1b: Garchomp|Shadow Ball|p2a: Martin
|-activate|p2a: Martin|move: Protect
|move|p1a: Garchomp|Dragon Claw|p2a: Martin
|-activate|p2a: Martin|move: Protect
|
|upkeep
|turn|6
|inactive|Como Se Dice Ben has 30 seconds left.
|inactive|Como Se Dice Ben has 20 seconds left.
|
|t:|1757786758
|move|p1a: Garchomp|Protect|p1a: Garchomp
|-singleturn|p1a: Garchomp|Protect
|move|p2b: SDIYBT|Ice Shard|p1a: Garchomp
|-activate|p1a: Garchomp|move: Protect
|move|p1b: Garchomp|Shadow Ball|p2a: Martin
|-damage|p2a: Martin|0 fnt
|faint|p2a: Martin
|
|upkeep
|
|t:|1757786760
|switch|p2a: Wagwan|Typhlosion-Hisui, L50, M, shiny|100/100
|turn|7
|
|t:|1757786775
|move|p2b: SDIYBT|Ice Shard|p1a: Garchomp
|-supereffective|p1a: Garchomp
|-damage|p1a: Garchomp|0 fnt
|faint|p1a: Garchomp
|-damage|p2b: SDIYBT|80/100|[from] item: Life Orb
|move|p2a: Wagwan|Eruption|p1b: Garchomp
|-damage|p1b: Garchomp|0 fnt
|replace|p1b: Zoroark|Zoroark-Hisui, L50, M
|-end|p1b: Zoroark|Illusion
|faint|p1b: Zoroark
|
|win|Como Se Dice Ben
|l|☆enrico20022002
|player|p1|
||Como Se Dice Ben is ready for game 2.
||enrico20022002 is ready for game 2.
|uhtml|next|Next: Game 2 of 3
