|j|☆r1999 larper
|j|☆catatataus
|html|r1999 larpercatatataus    
|uhtml|bestof|Game 1 of a best-of-3
|t:|1785329729
|gametype|doubles
|player|p1|r1999 larper|lucas|1106
|player|p2|catatataus|170|1078
|gen|9
|tier|[Gen 9 Champions] VGC 2026 Reg M-B (Bo3)
|rated|
|rule|Species Clause: Limit one of each Pokémon
|rule|Item Clause: Limit 1 of each item
|clearpoke
|poke|p1|Gengar, L50, F|
|poke|p1|Incineroar, L50, M|
|poke|p1|Kommo-o, L50, F|
|poke|p1|Ninetales-Alola, L50, F|
|poke|p1|Rotom-Wash, L50|
|poke|p1|Sinistcha, L50|
|poke|p2|Gardevoir, L50, F, shiny|
|poke|p2|Rotom-Heat, L50|
|poke|p2|Aegislash, L50, F, shiny|
|poke|p2|Tauros-Paldea-Aqua, L50, M, shiny|
|poke|p2|Aerodactyl, L50, F|
|poke|p2|Hydreigon, L50, M|
|teampreview|4
|showteam|p1|Gengar||Gengarite|CursedBody|Protect,ShadowBall,Taunt,SludgeBomb|Modest||F|||50|]Incineroar||SitrusBerry|Intimidate|FakeOut,PartingShot,ThroatChop,FlareBlitz|Impish||M|||50|]Kommo-o||DragonFang|Soundproof|Protect,AuraSphere,ClangingScales,ClangorousSoul|Timid||F|||50|]Ninetales-Alola||ChoiceScarf|SnowWarning|Moonblast,FreezeDry,IcyWind,Blizzard|Timid||F|||50|]Rotom-Wash||Leftovers|Levitate|HydroPump,VoltSwitch,WillOWisp,Thunderbolt|Bold|||||50|]Sinistcha||KasibBerry|Hospitality|TrickRoom,MatchaGotcha,Protect,RagePowder|Relaxed|||||50|
|showteam|p2|Gardevoir||Gardevoirite|Trace|Psyshock,HyperVoice,CalmMind,Protect|Modest||F|||50|]Rotom-Heat||ChoiceScarf|Levitate|VoltSwitch,Overheat,Thunderbolt,Electroweb|Timid|||||50|]Aegislash||SpellTag|StanceChange|IronHead,Poltergeist,ShadowSneak,KingsShield|Adamant||F|||50|]Tauros-Paldea-Aqua||MysticWater|Intimidate|CloseCombat,WaveCrash,AquaJet,Protect|Careful||M|||50|]Aerodactyl||FocusSash|Unnerve|RockSlide,DualWingbeat,Tailwind,Protect|Jolly||F|||50|]Hydreigon||ChopleBerry|Levitate|DarkPulse,DracoMeteor,EarthPower,Protect|Modest||M|||50|
|inactive|Battle timer is ON: inactive players will automatically lose when time's up. (requested by r1999 larper)
|inactive|r1999 larper has 60 seconds left.
|inactive|r1999 larper has 30 seconds left.
|inactive|r1999 larper has 20 seconds left.
|inactive|r1999 larper has 15 seconds left.
|inactive|r1999 larper has 10 seconds left.
|
|t:|1785329812
|teamsize|p1|4
|teamsize|p2|4
|start
|switch|p1a: Ninetales|Ninetales-Alola, L50, F|100/100
|switch|p1b: Incineroar|Incineroar, L50, M|100/100
|switch|p2a: Gardevoir|Gardevoir, L50, F, shiny|100/100
|switch|p2b: Aerodactyl|Aerodactyl, L50, F|100/100
|-ability|p2b: Aerodactyl|Unnerve
|-weather|Snowscape|[from] ability: Snow Warning|[of] p1a: Ninetales
|-ability|p2a: Gardevoir|Intimidate|Trace|[from] ability: Trace|[of] p1b: Incineroar
|-ability|p2a: Gardevoir|Intimidate|boost
|-unboost|p1a: Ninetales|atk|1
|-unboost|p1b: Incineroar|atk|1
|-ability|p1b: Incineroar|Intimidate|boost
|-unboost|p2a: Gardevoir|atk|1
|-unboost|p2b: Aerodactyl|atk|1
|turn|1
|inactive|catatataus has 30 seconds left.
|inactive|catatataus has 20 seconds left.
|
|t:|1785329851
|move|p2a: Gardevoir|Protect|p2a: Gardevoir
|-singleturn|p2a: Gardevoir|Protect
|move|p1b: Incineroar|Fake Out|p2b: Aerodactyl
|-resisted|p2b: Aerodactyl|1
|-damage|p2b: Aerodactyl|93/100
|move|p1a: Ninetales|Blizzard|p2b: Aerodactyl|[spread] p2b
|-activate|p2a: Gardevoir|move: Protect
|-supereffective|p2b: Aerodactyl|1
|-damage|p2b: Aerodactyl|8/100
|cant|p2b: Aerodactyl|flinch
|
|-weather|Snowscape|[upkeep]
|upkeep
|turn|2
|
|t:|1785329868
|detailschange|p2a: Gardevoir|Gardevoir-Mega, L50, F, shiny
|-mega|p2a: Gardevoir|Gardevoir|Gardevoirite
|move|p1a: Ninetales|Blizzard|p2b: Aerodactyl|[spread] p2a,p2b
|-crit|p2a: Gardevoir
|-supereffective|p2b: Aerodactyl|1
|-damage|p2a: Gardevoir|66/100
|-damage|p2b: Aerodactyl|0 fnt
|faint|p2b: Aerodactyl
|move|p2a: Gardevoir|Hyper Voice|p1b: Incineroar|[spread] p1a,p1b
|-damage|p1a: Ninetales|50/100g
|-damage|p1b: Incineroar|58/100
|move|p1b: Incineroar|Parting Shot|p2a: Gardevoir
|-unboost|p2a: Gardevoir|atk|1
|-unboost|p2a: Gardevoir|spa|1
|
|t:|1785329875
|switch|p1b: Gengar|Gengar, L50, F|100/100|[from] Parting Shot
|
|-weather|Snowscape|[upkeep]
|upkeep
|
|t:|1785329885
|switch|p2b: Rotom|Rotom-Heat, L50|100/100
|turn|3
|inactive|r1999 larper has 30 seconds left.
|inactive|r1999 larper has 20 seconds left.
|inactive|catatataus has 30 seconds left.
|
|t:|1785329935
|switch|p2a: Tauros|Tauros-Paldea-Aqua, L50, M, shiny|100/100
|-ability|p2a: Tauros|Intimidate|boost
|-unboost|p1a: Ninetales|atk|1
|-unboost|p1b: Gengar|atk|1
|detailschange|p1b: Gengar|Gengar-Mega, L50, F
|-mega|p1b: Gengar|Gengar|Gengarite
|move|p1a: Ninetales|Blizzard|p2a: Tauros|[spread] p2a,p2b
|-resisted|p2a: Tauros|1
|-resisted|p2b: Rotom|1
|-damage|p2a: Tauros|86/100
|-damage|p2b: Rotom|81/100
|move|p2b: Rotom|Electroweb|p1b: Gengar|[spread] p1a,p1b
|-damage|p1a: Ninetales|30/100
|-damage|p1b: Gengar|82/100
|-unboost|p1a: Ninetales|spe|1
|-unboost|p1b: Gengar|spe|1
|move|p1b: Gengar|Sludge Bomb|p2b: Rotom
|-damage|p2b: Rotom|17/100
|
|-weather|Snowscape|[upkeep]
|upkeep
|turn|4
|inactive|r1999 larper has 30 seconds left.
|inactive|catatataus has 30 seconds left.
|
|t:|1785329966
|switch|p1b: Sinistcha|Sinistcha, L50|100/100
|-heal|p1a: Ninetales|55/100|[from] ability: Hospitality|[of] p1b: Sinistcha
|move|p2b: Rotom|Electroweb|p1a: Ninetales|[spread] p1a,p1b
|-resisted|p1b: Sinistcha|1
|-damage|p1a: Ninetales|37/100
|-damage|p1b: Sinistcha|90/100
|-unboost|p1a: Ninetales|spe|1
|-unboost|p1b: Sinistcha|spe|1
|move|p2a: Tauros|Wave Crash|p1b: Sinistcha
|-resisted|p1b: Sinistcha|1
|-damage|p1b: Sinistcha|69/100
|-damage|p2a: Tauros|80/100|[from] Recoil
|move|p1a: Ninetales|Blizzard|p2b: Rotom|[spread] p2a,p2b
|-resisted|p2a: Tauros|1
|-resisted|p2b: Rotom|1
|-damage|p2a: Tauros|66/100
|-damage|p2b: Rotom|0 fnt
|faint|p2b: Rotom
|
|-weather|Snowscape|[upkeep]
|upkeep
|
|t:|1785329984
|switch|p2b: Gardevoir|Gardevoir-Mega, L50, F, shiny|66/100
|turn|5
|inactive|catatataus has 30 seconds left.
|
|t:|1785330011
|switch|p1a: Incineroar|Incineroar, L50, M|58/100
|-ability|p1a: Incineroar|Intimidate|boost
|-unboost|p2a: Tauros|atk|1
|-unboost|p2b: Gardevoir|atk|1
|move|p2a: Tauros|Aqua Jet|p1a: Incineroar
|-supereffective|p1a: Incineroar|1
|-damage|p1a: Incineroar|39/100
|-enditem|p1a: Incineroar|Sitrus Berry|[eat]
|-heal|p1a: Incineroar|64/100|[from] item: Sitrus Berry
|move|p2b: Gardevoir|Calm Mind|p2b: Gardevoir
|-boost|p2b: Gardevoir|spa|1
|-boost|p2b: Gardevoir|spd|1
|move|p1b: Sinistcha|Matcha Gotcha|p2a: Tauros|[spread] p2b
|-miss|p1b: Sinistcha|p2a: Tauros
|-damage|p2b: Gardevoir|52/100
|-heal|p1b: Sinistcha|76/100|[from] drain|[of] p2b: Gardevoir
|
|-weather|none
|upkeep
|turn|6
|inactive|catatataus has 30 seconds left.
|
|t:|1785330036
|move|p1a: Incineroar|Fake Out|p2b: Gardevoir
|-damage|p2b: Gardevoir|38/100
|cant|p2b: Gardevoir|flinch
|move|p2a: Tauros|Wave Crash|p1a: Incineroar
|-supereffective|p1a: Incineroar|1
|-crit|p1a: Incineroar
|-damage|p1a: Incineroar|0 fnt
|faint|p1a: Incineroar
|-damage|p2a: Tauros|43/100|[from] Recoil
|move|p1b: Sinistcha|Matcha Gotcha|p2a: Tauros|[spread] p2a,p2b
|-supereffective|p2a: Tauros|1
|-crit|p2b: Gardevoir
|-damage|p2a: Tauros|0 fnt
|-heal|p1b: Sinistcha|98/100|[from] drain|[of] p2a: Tauros
|-damage|p2b: Gardevoir|9/100
|-heal|p1b: Sinistcha|100/100|[from] drain|[of] p2b: Gardevoir
|-status|p2b: Gardevoir|brn
|faint|p2a: Tauros
|
|-damage|p2b: Gardevoir|4/100 brn|[from] brn
|upkeep
|
|t:|1785330049
|switch|p1a: Gengar|Gengar-Mega, L50, F|82/100
|turn|7
|
|t:|1785330056
|move|p1a: Gengar|Sludge Bomb|p2b: Gardevoir
|-supereffective|p2b: Gardevoir|1
|-damage|p2b: Gardevoir|0 fnt
|faint|p2b: Gardevoir
|
|win|r1999 larper
||r1999 larper is ready for game 2.
||catatataus is ready for game 2.
|uhtml|next|Next: Game 2 of 3
