|j|☆llufamistica
|j|☆MSAtlos
|html|llufamisticaMSAtlos    
|uhtml|bestof|Game 2 of a best-of-3
|t:|1756892121
|gametype|doubles
|player|p1|llufamistica|169|1063
|player|p2|MSAtlos|169|1101
|gen|9
|tier|[Gen 9] VGC 2025 Reg H (Bo3)
|rated|
|rule|Species Clause: Limit one of each Pokémon
|rule|Item Clause: Limit 1 of each item
|clearpoke
|poke|p1|Murkrow, L50, M|
|poke|p1|Garchomp, L50, M|
|poke|p1|Toxtricity, L50, M|
|poke|p1|Zoroark-Hisui, L50, F|
|poke|p1|Indeedee-F, L50, F|
|poke|p1|Annihilape, L50, M|
|poke|p2|Baxcalibur, L50, F|
|poke|p2|Rillaboom, L50, M|
|poke|p2|Sneasler, L50, F|
|poke|p2|Volcarona, L50, M|
|poke|p2|Annihilape, L50, F|
|poke|p2|Maushold-Four, L50|
|teampreview|4
|showteam|p1|Murkrow||Eviolite|Prankster|Tailwind,BraveBird,Quash,Haze|||M|||50|,,,,,Ghost]Garchomp||LifeOrb|RoughSkin|Earthquake,IronHead,RockSlide,Protect|||M|||50|,,,,,Steel]Toxtricity||ChoiceSpecs|PunkRock|Boomburst,Overdrive,VoltSwitch,SludgeBomb|||M|||50|,,,,,Normal]Zoroark-Hisui||FocusSash|Illusion|ShadowBall,Protect,HyperVoice,NastyPlot|||F|||50|,,,,,Stellar]Indeedee-F||SafetyGoggles|Synchronize|FollowMe,HelpingHand,FakeOut,ShadowBall|||F|||50|,,,,,Ghost]Annihilape||ChoiceScarf|Defiant|FinalGambit,HelpingHand,ShadowClaw,CloseCombat|||M|||50|,,,,,Grass
|showteam|p2|Baxcalibur||LoadedDice|ThermalExchange|Protect,IcicleSpear,ScaleShot,IceShard|||F|||50|,,,,,Poison]Rillaboom||AssaultVest|GrassySurge|WoodHammer,GrassyGlide,FakeOut,HighHorsepower|||M|||50|,,,,,Water]Sneasler||FocusSash|Unburden|Protect,CloseCombat,DireClaw,Coaching|||F|||50|,,,,,Stellar]Volcarona||CovertCloak|FlameBody|HeatWave,TeraBlast,QuiverDance,RagePowder|||M|||50|,,,,,Fairy]Annihilape||SitrusBerry|Defiant|DrainPunch,RageFist,BulkUp,Protect|||F|||50|,,,,,Fire]Maushold-Four||SafetyGoggles|FriendGuard|BeatUp,Taunt,FollowMe,Protect||||||50|,,,,,Ghost
|inactive|Battle timer is ON: inactive players will automatically lose when time's up. (requested by llufamistica)
|inactive|llufamistica has 60 seconds left.
|inactive|MSAtlos has 60 seconds left.
|
|t:|1756892172
|teamsize|p1|4
|teamsize|p2|4
|start
|switch|p1a: Murkrow|Murkrow, L50, M, shiny|100/100
|switch|p1b: Garchomp|Garchomp, L50, M, shiny|100/100
|switch|p2a: Baxcalibur|Baxcalibur, L50, F|100/100
|switch|p2b: Sneasler|Sneasler, L50, F|100/100
|turn|1
|inactive|llufamistica has 30 seconds left.
|
|t:|1756892204
|move|p1b: Garchomp|Protect|p1b: Garchomp
|-singleturn|p1b: Garchomp|Protect
|move|p2b: Sneasler|Coaching|p2a: Baxcalibur
|-boost|p2a: Baxcalibur|atk|1
|-boost|p2a: Baxcalibur|def|1
|move|p2a: Baxcalibur|Scale Shot|p1a: Murkrow
|-damage|p1a: Murkrow|79/100
|-damage|p1a: Murkrow|60/100
|-damage|p1a: Murkrow|41/100
|-damage|p1a: Murkrow|19/100
|-damage|p1a: Murkrow|0 fnt
|faint|p1a: Murkrow
|-hitcount|p1: Murkrow|5
|-unboost|p2a: Baxcalibur|def|1
|-boost|p2a: Baxcalibur|spe|1
|
|upkeep
|
|t:|1756892221
|switch|p1a: Indeedee|Indeedee-F, L50, F|100/100
|turn|2
|
|t:|1756892236
|move|p2a: Baxcalibur|Protect|p2a: Baxcalibur
|-singleturn|p2a: Baxcalibur|Protect
|move|p1a: Indeedee|Fake Out|p2a: Baxcalibur
|-activate|p2a: Baxcalibur|move: Protect
|move|p2b: Sneasler|Coaching|p2a: Baxcalibur
|-boost|p2a: Baxcalibur|atk|1
|-boost|p2a: Baxcalibur|def|1
|move|p1b: Garchomp|Nasty Plot|p1b: Garchomp
|-boost|p1b: Garchomp|spa|2
|
|upkeep
|turn|3
|inactive|llufamistica has 30 seconds left.
|inactive|MSAtlos has 30 seconds left.
|
|t:|1756892265
|switch|p2b: Rillaboom|Rillaboom, L50, M|100/100
|-fieldstart|move: Grassy Terrain|[from] ability: Grassy Surge|[of] p2b: Rillaboom
|-terastallize|p1b: Garchomp|Stellar
|move|p1a: Indeedee|Follow Me|p1a: Indeedee
|-singleturn|p1a: Indeedee|move: Follow Me
|move|p2a: Baxcalibur|Icicle Spear|p1a: Indeedee
|-damage|p1a: Indeedee|73/100
|-damage|p1a: Indeedee|43/100
|-damage|p1a: Indeedee|11/100
|-damage|p1a: Indeedee|0 fnt
|faint|p1a: Indeedee
|-hitcount|p1: Indeedee|4
|move|p1b: Garchomp|Hyper Voice|p2a: Baxcalibur|[spread] p2a,p2b
|-damage|p2a: Baxcalibur|6/100
|-damage|p2b: Rillaboom|40/100
|
|-heal|p2a: Baxcalibur|12/100|[from] Grassy Terrain
|-heal|p2b: Rillaboom|46/100|[from] Grassy Terrain
|upkeep
|
|t:|1756892282
|switch|p1a: Garchomp|Garchomp, L50, M, shiny|100/100
|turn|4
|
|t:|1756892293
|move|p1a: Garchomp|Protect|p1a: Garchomp
|-singleturn|p1a: Garchomp|Protect
|move|p2b: Rillaboom|Fake Out|p1a: Garchomp
|-activate|p1a: Garchomp|move: Protect
|move|p2a: Baxcalibur|Icicle Spear|p1b: Garchomp
|-damage|p1b: Garchomp|41/100
|replace|p1b: Zoroark|Zoroark-Hisui, L50, F, shiny
|-end|p1b: Zoroark|Illusion
|-damage|p1b: Zoroark|0 fnt
|faint|p1b: Zoroark
|-hitcount|p1: Zoroark|2
|
|-heal|p2a: Baxcalibur|18/100|[from] Grassy Terrain
|-heal|p2b: Rillaboom|52/100|[from] Grassy Terrain
|upkeep
|turn|5
|inactive|llufamistica has 30 seconds left.
|
|t:|1756892325
|move|p2a: Baxcalibur|Icicle Spear|p1a: Garchomp
|-supereffective|p1a: Garchomp
|-damage|p1a: Garchomp|0 fnt
|faint|p1a: Garchomp
|-hitcount|p1: Garchomp|1
|
|win|MSAtlos
|raw|llufamistica's rating: 1063 → 1046(-17 for losing)
|raw|MSAtlos's rating: 1101 → 1123(+22 for winning)
|l|☆MSAtlos
|player|p2|
