|j|☆raucho
|j|☆ga sneasler
|html|rauchoga sneasler    
|uhtml|bestof|Game 2 of a best-of-3
|t:|1756880661
|gametype|doubles
|player|p1|raucho|n|1184
|player|p2|ga sneasler|170|1316
|gen|9
|tier|[Gen 9] VGC 2025 Reg H (Bo3)
|rated|
|rule|Species Clause: Limit one of each Pokémon
|rule|Item Clause: Limit 1 of each item
|clearpoke
|poke|p1|Gholdengo, L50|
|poke|p1|Dragonite, L50, M|
|poke|p1|Indeedee, L50, M|
|poke|p1|Sneasler, L50, M|
|poke|p1|Electabuzz, L50, M|
|poke|p1|Ursaluna-Bloodmoon, L50, M|
|poke|p2|Dragapult, L50, M|
|poke|p2|Kingambit, L50, F|
|poke|p2|Electabuzz, L50, F|
|poke|p2|Blaziken, L50, M|
|poke|p2|Primarina, L50, M|
|poke|p2|Rillaboom, L50, M|
|teampreview|4
|showteam|p1|Gholdengo||IronPlate|GoodasGold|MakeItRain,ShadowBall,NastyPlot,Protect||||||50|,,,,,Dragon]Dragonite||LoadedDice|InnerFocus|ScaleShot,StompingTantrum,Haze,Tailwind|||M|||50|,,,,,Fairy]Indeedee||FocusSash|PsychicSurge|ExpandingForce,Imprison,TrickRoom,Protect|||M|||50|,,,,,Psychic]Sneasler||PsychicSeed|Unburden|ThroatChop,CloseCombat,DireClaw,Protect|||M|||50|,,,,,Dark]Electabuzz||Eviolite|VitalSpirit|Electroweb,Taunt,FollowMe,Protect|||M|||50|,,,,,Dragon]Ursaluna-Bloodmoon||LifeOrb|MindsEye|HyperVoice,BloodMoon,EarthPower,Protect|||M|||50|,,,,,Normal
|showteam|p2|Dragapult||ChoiceBand|ClearBody|Outrage,DragonDarts,PhantomForce,Uturn|||M|||50|,,,,,Dragon]Kingambit||SafetyGoggles|Defiant|KowtowCleave,SuckerPunch,SwordsDance,Protect|||F|||50|,,,,,Dark]Electabuzz||Eviolite|VitalSpirit|Thunderbolt,HelpingHand,FollowMe,Protect|||F|||50|,,,,,Ghost]Blaziken||FocusSash|SpeedBoost|HeatWave,AuraSphere,Coaching,Detect|||M|||50|,,,,,Stellar]Primarina||SitrusBerry|LiquidVoice|Moonblast,HyperVoice,Haze,Protect|||M|||50|,,,,,Water]Rillaboom||AssaultVest|GrassySurge|WoodHammer,GrassyGlide,FakeOut,Uturn|||M|||50|,,,,,Fire
|inactive|Battle timer is ON: inactive players will automatically lose when time's up. (requested by ga sneasler)
|inactive|raucho also wants the timer to be on.
|
|t:|1756880683
|teamsize|p1|4
|teamsize|p2|4
|start
|switch|p1a: Dragonite|Dragonite, L50, M, shiny|100/100
|switch|p1b: Sneasler|Sneasler, L50, M, shiny|100/100
|switch|p2a: Blaziken|Blaziken, L50, M|100/100
|switch|p2b: Rillaboom|Rillaboom, L50, M|100/100
|-fieldstart|move: Grassy Terrain|[from] ability: Grassy Surge|[of] p2b: Rillaboom
|turn|1
|
|t:|1756880698
|move|p1b: Sneasler|Protect|p1b: Sneasler
|-singleturn|p1b: Sneasler|Protect
|move|p2a: Blaziken|Heat Wave|p1b: Sneasler|[spread] p1a
|-activate|p1b: Sneasler|move: Protect
|-resisted|p1a: Dragonite
|-damage|p1a: Dragonite|81/100
|move|p1a: Dragonite|Stomping Tantrum|p2a: Blaziken
|-supereffective|p2a: Blaziken
|-damage|p2a: Blaziken|16/100
|move|p2b: Rillaboom|U-turn|p1a: Dragonite
|-resisted|p1a: Dragonite
|-damage|p1a: Dragonite|68/100
|
|t:|1756880710
|switch|p2b: Dragapult|Dragapult, L50, M|100/100|[from] U-turn
|
|-heal|p2a: Blaziken|22/100|[from] Grassy Terrain
|-ability|p2a: Blaziken|Speed Boost|boost
|-boost|p2a: Blaziken|spe|1
|upkeep
|turn|2
|
|t:|1756880730
|switch|p1b: Indeedee|Indeedee, L50, M, shiny|100/100
|-fieldstart|move: Psychic Terrain|[from] ability: Psychic Surge|[of] p1b: Indeedee
|-terastallize|p1a: Dragonite|Fairy
|move|p2a: Blaziken|Detect|p2a: Blaziken
|-singleturn|p2a: Blaziken|Protect
|move|p2b: Dragapult|U-turn|p1a: Dragonite
|-resisted|p1a: Dragonite
|-damage|p1a: Dragonite|47/100
|
|t:|1756880733
|switch|p2b: Rillaboom|Rillaboom, L50, M|100/100|[from] U-turn
|-fieldstart|move: Grassy Terrain|[from] ability: Grassy Surge|[of] p2b: Rillaboom
|move|p1a: Dragonite|Scale Shot|p2b: Rillaboom
|-damage|p2b: Rillaboom|87/100
|-crit|p2b: Rillaboom
|-damage|p2b: Rillaboom|65/100
|-damage|p2b: Rillaboom|52/100
|-damage|p2b: Rillaboom|38/100
|-hitcount|p2b: Rillaboom|4
|-unboost|p1a: Dragonite|def|1
|-boost|p1a: Dragonite|spe|1
|
|-heal|p2a: Blaziken|27/100|[from] Grassy Terrain
|-heal|p1a: Dragonite|53/100|[from] Grassy Terrain
|-heal|p2b: Rillaboom|44/100|[from] Grassy Terrain
|-ability|p2a: Blaziken|Speed Boost|boost
|-boost|p2a: Blaziken|spe|1
|upkeep
|turn|3
|
|t:|1756880755
|move|p2b: Rillaboom|Fake Out|p1a: Dragonite
|-damage|p1a: Dragonite|27/100
|move|p2a: Blaziken|Heat Wave|p1a: Dragonite|[spread] p1a,p1b
|-damage|p1a: Dragonite|0 fnt
|-damage|p1b: Indeedee|58/100
|faint|p1a: Dragonite
|move|p1b: Indeedee|Expanding Force|p2a: Blaziken
|-supereffective|p2a: Blaziken
|-damage|p2a: Blaziken|0 fnt
|faint|p2a: Blaziken
|
|-heal|p1b: Indeedee|64/100|[from] Grassy Terrain
|-heal|p2b: Rillaboom|50/100|[from] Grassy Terrain
|upkeep
|
|t:|1756880767
|switch|p2a: Dragapult|Dragapult, L50, M|100/100
|switch|p1a: Sneasler|Sneasler, L50, M, shiny|100/100
|turn|4
|
|t:|1756880785
|-terastallize|p2a: Dragapult|Dragon
|move|p1a: Sneasler|Protect|p1a: Sneasler
|-singleturn|p1a: Sneasler|Protect
|move|p1b: Indeedee|Protect|p1b: Indeedee
|-singleturn|p1b: Indeedee|Protect
|move|p2b: Rillaboom|Grassy Glide|p1a: Sneasler
|-activate|p1a: Sneasler|move: Protect
|move|p2a: Dragapult|Dragon Darts|p1a: Sneasler
|-activate|p1b: Indeedee|move: Protect
|
|-heal|p1b: Indeedee|70/100|[from] Grassy Terrain
|-heal|p2b: Rillaboom|56/100|[from] Grassy Terrain
|upkeep
|turn|5
|
|t:|1756880803
|move|p2b: Rillaboom|Grassy Glide|p1a: Sneasler
|-resisted|p1a: Sneasler
|-damage|p1a: Sneasler|66/100
|move|p2a: Dragapult|Dragon Darts|p1a: Sneasler
|-crit|p1a: Sneasler
|-damage|p1a: Sneasler|0 fnt
|-anim|p2a: Dragapult|Dragon Darts|p1b: Indeedee
|-crit|p1b: Indeedee
|-damage|p1b: Indeedee|0 fnt
|faint|p1a: Sneasler
|faint|p1b: Indeedee
|
|-heal|p2b: Rillaboom|61/100|[from] Grassy Terrain
|upkeep
|
|t:|1756880823
|switch|p1b: Ursaluna|Ursaluna-Bloodmoon, L50, M|100/100
|turn|6
|
|t:|1756880832
|switch|p2b: Electabuzz|Electabuzz, L50, F|100/100
|move|p1b: Ursaluna|Protect|p1b: Ursaluna
|-singleturn|p1b: Ursaluna|Protect
|move|p2a: Dragapult|Dragon Darts|p1b: Ursaluna
|-activate|p1b: Ursaluna|move: Protect
|
|-fieldend|move: Grassy Terrain
|upkeep
|turn|7
|
|t:|1756880838
|move|p2b: Electabuzz|Helping Hand|p2a: Dragapult
|-singleturn|p2a: Dragapult|Helping Hand|[of] p2b: Electabuzz
|move|p2a: Dragapult|Dragon Darts|p1b: Ursaluna
|-damage|p1b: Ursaluna|35/100
|-anim|p2a: Dragapult|Dragon Darts|p1b: Ursaluna
|-damage|p1b: Ursaluna|0 fnt
|faint|p1b: Ursaluna
|
|win|ga sneasler
