|j|☆ApostrofoRosaVGC
|j|☆dialghite
|html|ApostrofoRosaVGCdialghite    
|uhtml|bestof|Game 1 of a best-of-3
|t:|1756381424
|gametype|doubles
|player|p1|ApostrofoRosaVGC|2|1256
|player|p2|dialghite|volkner|1367
|gen|9
|tier|[Gen 9] VGC 2025 Reg H (Bo3)
|rated|
|rule|Species Clause: Limit one of each Pokémon
|rule|Item Clause: Limit 1 of each item
|clearpoke
|poke|p1|Charizard, L50, M|
|poke|p1|Ursaluna, L50, M|
|poke|p1|Torkoal, L50, M|
|poke|p1|Porygon2, L50|
|poke|p1|Incineroar, L50, M|
|poke|p1|Jumpluff, L50, M|
|poke|p2|Whimsicott, L50, M|
|poke|p2|Meowscarada, L50, F|
|poke|p2|Indeedee, L50, M|
|poke|p2|Sneasler, L50, M|
|poke|p2|Ursaluna-Bloodmoon, L50, M|
|poke|p2|Archaludon, L50, F|
|teampreview|4
|showteam|p1|Charizard||ChoiceSpecs|SolarPower|Overheat,AirSlash,WeatherBall,HeatWave|||M|||50|,,,,,Ghost]Ursaluna||FlameOrb|Guts|HeadlongRush,Facade,Earthquake,Protect|||M|||50|,,,,,Ghost]Torkoal||EjectPack|Drought|Overheat,Eruption,HelpingHand,Protect|||M|||50|,,,,,Fire]Porygon2||Eviolite|Download|TeraBlast,IceBeam,Recover,TrickRoom||||||50|,,,,,Fighting]Incineroar||SitrusBerry|Intimidate|FlareBlitz,KnockOff,FakeOut,PartingShot|||M|||50|,,,,,Ghost]Jumpluff||CovertCloak|Chlorophyll|SleepPowder,RagePowder,Tailwind,SunnyDay|||M|||50|,,,,,Water
|showteam|p2|Whimsicott||CovertCloak|Prankster|Moonblast,Taunt,Tailwind,FakeTears|||M|||50|,,,,,Water]Meowscarada||ChoiceBand|Protean|FlowerTrick,KnockOff,TripleAxel,Uturn|||F|||50|,,,,,Ghost]Indeedee||FocusSash|PsychicSurge|ExpandingForce,TeraBlast,Imprison,TrickRoom|||M|||50|,,,,,Psychic]Sneasler||PsychicSeed|Unburden|CloseCombat,DireClaw,ThroatChop,Protect|||M|||50|,,,,,Dark]Ursaluna-Bloodmoon||LifeOrb|MindsEye|HyperVoice,BloodMoon,EarthPower,Protect|||M|||50|,,,,,Normal]Archaludon||PowerHerb|Stalwart|ElectroShot,DragonPulse,Thunderbolt,Protect|||F|||50|,,,,,Electric
|inactive|Battle timer is ON: inactive players will automatically lose when time's up. (requested by dialghite)
|
|t:|1756381449
|teamsize|p1|4
|teamsize|p2|4
|start
|switch|p1a: Incineroar|Incineroar, L50, M|100/100
|switch|p1b: Porygon2|Porygon2, L50|100/100
|switch|p2a: Whimsicott|Whimsicott, L50, M|100/100
|switch|p2b: Ursaluna|Ursaluna-Bloodmoon, L50, M|100/100
|-ability|p1a: Incineroar|Intimidate|boost
|-unboost|p2a: Whimsicott|atk|1
|-unboost|p2b: Ursaluna|atk|1
|-ability|p1b: Porygon2|Download|boost
|-boost|p1b: Porygon2|spa|1
|turn|1
|inactive|ApostrofoRosaVGC has 30 seconds left.
|inactive|ApostrofoRosaVGC has 20 seconds left.
|inactive|ApostrofoRosaVGC has 15 seconds left.
|inactive|ApostrofoRosaVGC has 10 seconds left.
|
|t:|1756381497
|switch|p1b: Ursaluna|Ursaluna, L50, M|100/100
|-terastallize|p2a: Whimsicott|Water
|move|p2b: Ursaluna|Protect|p2b: Ursaluna
|-singleturn|p2b: Ursaluna|Protect
|move|p2a: Whimsicott|Taunt|p1b: Ursaluna
|-start|p1b: Ursaluna|move: Taunt
|move|p1a: Incineroar|Flare Blitz|p2a: Whimsicott
|-resisted|p2a: Whimsicott
|-damage|p2a: Whimsicott|69/100
|-damage|p1a: Incineroar|92/100|[from] Recoil
|
|-status|p1b: Ursaluna|brn|[from] item: Flame Orb
|upkeep
|turn|2
|inactive|ApostrofoRosaVGC has 30 seconds left.
|inactive|ApostrofoRosaVGC has 20 seconds left.
|
|t:|1756381534
|switch|p1b: Jumpluff|Jumpluff, L50, M|100/100
|move|p2a: Whimsicott|Fake Tears|p1b: Jumpluff
|-unboost|p1b: Jumpluff|spd|2
|move|p2b: Ursaluna|Blood Moon|p1b: Jumpluff
|-damage|p1b: Jumpluff|0 fnt
|faint|p1b: Jumpluff
|-damage|p2b: Ursaluna|91/100|[from] item: Life Orb
|move|p1a: Incineroar|Knock Off|p2a: Whimsicott
|-damage|p2a: Whimsicott|10/100
|-enditem|p2a: Whimsicott|Covert Cloak|[from] move: Knock Off|[of] p1a: Incineroar
|
|upkeep
|
|t:|1756381558
|switch|p1b: Porygon2|Porygon2, L50|100/100
|-ability|p1b: Porygon2|Download|boost
|-boost|p1b: Porygon2|spa|1
|turn|3
|
|t:|1756381577
|-terastallize|p1b: Porygon2|Fighting
|move|p2a: Whimsicott|Taunt|p1b: Porygon2
|-start|p1b: Porygon2|move: Taunt
|move|p2b: Ursaluna|Earth Power|p1a: Incineroar
|-supereffective|p1a: Incineroar
|-damage|p1a: Incineroar|0 fnt
|faint|p1a: Incineroar
|-damage|p2b: Ursaluna|81/100|[from] item: Life Orb
|cant|p1b: Porygon2|move: Taunt|Trick Room
|
|upkeep
|
|t:|1756381585
|switch|p1a: Ursaluna|Ursaluna, L50, M|100/100 brn
|turn|4
|
|t:|1756381595
|move|p2a: Whimsicott|Fake Tears|p1b: Porygon2
|-unboost|p1b: Porygon2|spd|2
|move|p2b: Ursaluna|Blood Moon|p1b: Porygon2
|-damage|p1b: Porygon2|0 fnt
|faint|p1b: Porygon2
|-damage|p2b: Ursaluna|72/100|[from] item: Life Orb
|move|p1a: Ursaluna|Facade|p2a: Whimsicott
|-damage|p2a: Whimsicott|0 fnt
|faint|p2a: Whimsicott
|
|-damage|p1a: Ursaluna|95/100 brn|[from] brn
|upkeep
|
|t:|1756381602
|switch|p2a: Sneasler|Sneasler, L50, M|100/100
|turn|5
|
|t:|1756381611
|move|p2a: Sneasler|Close Combat|p1a: Ursaluna
|-supereffective|p1a: Ursaluna
|-damage|p1a: Ursaluna|2/100 brn
|-unboost|p2a: Sneasler|def|1
|-unboost|p2a: Sneasler|spd|1
|move|p2b: Ursaluna|Hyper Voice|p1a: Ursaluna
|-damage|p1a: Ursaluna|0 fnt
|faint|p1a: Ursaluna
|-damage|p2b: Ursaluna|62/100|[from] item: Life Orb
|
|win|dialghite
