|j|☆Kevinsky
|j|☆palle synchro
|html|Kevinskypalle synchro    
|uhtml|bestof|Game 2 of a best-of-3
|t:|1785510359
|gametype|doubles
|player|p1|Kevinsky|ruinmaniac|1278
|player|p2|palle synchro|volkner|1401
|gen|9
|tier|[Gen 9 Champions] VGC 2026 Reg M-B (Bo3)
|rated|
|rule|Species Clause: Limit one of each Pokémon
|rule|Item Clause: Limit 1 of each item
|clearpoke
|poke|p1|Delphox, L50, M|
|poke|p1|Staraptor, L50, F, shiny|
|poke|p1|Whimsicott, L50, M|
|poke|p1|Glimmora, L50, M|
|poke|p1|Garchomp, L50, M|
|poke|p1|Kingambit, L50, M|
|poke|p2|Whimsicott, L50, F|
|poke|p2|Basculegion, L50, M|
|poke|p2|Kingambit, L50, F|
|poke|p2|Floette-Eternal, L50, F|
|poke|p2|Garchomp, L50, F|
|poke|p2|Charizard, L50, F|
|teampreview|4
|showteam|p1|Delphox||Delphoxite|Blaze|HeatWave,Psychic,Encore,Protect|Timid||M|||50|]Staraptor||Staraptite|Intimidate|CloseCombat,BraveBird,Roost,Protect|Jolly||F|||50|]Whimsicott||OccaBerry|Prankster|Moonblast,Tailwind,Charm,LightScreen|Timid||M|||50|]Glimmora||FocusSash|ToxicDebris|SludgeBomb,PowerGem,EarthPower,SpikyShield|Timid||M|||50|]Garchomp||LifeOrb|RoughSkin|Earthquake,DragonClaw,RockSlide,Protect|Jolly||M|||50|]Kingambit||ChopleBerry|Defiant|KowtowCleave,IronHead,LowKick,SuckerPunch|Adamant||M|||50|
|showteam|p2|Whimsicott||FocusSash|Prankster|Protect,Moonblast,Tailwind,Encore|Timid||F|||50|]Basculegion||MysticWater|Adaptability|WaveCrash,Protect,LastRespects,AquaJet|Adamant||M|||50|]Kingambit||ChopleBerry|Defiant|KowtowCleave,LowKick,SuckerPunch,IronHead|Adamant||F|||50|]Floette-Eternal||Floettite|FlowerVeil|DazzlingGleam,Moonblast,LightofRuin,Protect|Modest||F|||50|]Garchomp||LifeOrb|RoughSkin|Protect,Earthquake,DragonClaw,RockSlide|Jolly||F|||50|]Charizard||CharizarditeY|Blaze|HeatWave,SolarBeam,WeatherBall,Protect|Modest||F|||50|
|inactive|Battle timer is ON: inactive players will automatically lose when time's up. (requested by Kevinsky)
|inactive|Kevinsky has 60 seconds left.
|
|t:|1785510392
|teamsize|p1|4
|teamsize|p2|4
|start
|switch|p1a: Whimsicott|Whimsicott, L50, M|100/100
|switch|p1b: Glimmora|Glimmora, L50, M|100/100
|switch|p2a: Whimsicott|Whimsicott, L50, F|100/100
|switch|p2b: Floette|Floette-Eternal, L50, F|100/100
|turn|1
|inactive|palle synchro has 30 seconds left.
|
|t:|1785510419
|switch|p2b: Kingambit|Kingambit, L50, F|100/100
|move|p2a: Whimsicott|Moonblast|p1b: Glimmora
|-resisted|p1b: Glimmora|1
|-damage|p1b: Glimmora|75/100
|move|p1a: Whimsicott|Moonblast|p2a: Whimsicott
|-damage|p2a: Whimsicott|54/100
|move|p1b: Glimmora|Sludge Bomb|p2a: Whimsicott
|-supereffective|p2a: Whimsicott|2
|-damage|p2a: Whimsicott|0 fnt
|faint|p2a: Whimsicott
|
|upkeep
|
|t:|1785510425
|switch|p2a: Basculegion|Basculegion, L50, M|100/100
|turn|2
|
|t:|1785510441
|move|p1a: Whimsicott|Charm|p2a: Basculegion
|-unboost|p2a: Basculegion|atk|2
|move|p2a: Basculegion|Aqua Jet|p1b: Glimmora
|-supereffective|p1b: Glimmora|1
|-damage|p1b: Glimmora|37/100
|-activate|p1b: Glimmora|ability: Toxic Debris
|-sidestart|p2: palle synchro|move: Toxic Spikes
|move|p1b: Glimmora|Earth Power|p2b: Kingambit
|-supereffective|p2b: Kingambit|1
|-damage|p2b: Kingambit|44/100
|move|p2b: Kingambit|Iron Head|p1a: Whimsicott
|-supereffective|p1a: Whimsicott|1
|-damage|p1a: Whimsicott|10/100
|
|upkeep
|turn|3
|inactive|Kevinsky has 30 seconds left.
|
|t:|1785510466
|move|p1a: Whimsicott|Tailwind|p1a: Whimsicott
|-sidestart|p1: Kevinsky|move: Tailwind
|move|p2b: Kingambit|Sucker Punch|p1b: Glimmora
|-damage|p1b: Glimmora|0 fnt
|-activate|p1b: Glimmora|ability: Toxic Debris
|-sidestart|p2: palle synchro|move: Toxic Spikes
|faint|p1b: Glimmora
|move|p2a: Basculegion|Last Respects|p1a: Whimsicott
|-damage|p1a: Whimsicott|0 fnt
|faint|p1a: Whimsicott
|
|upkeep
|
|t:|1785510472
|switch|p1a: Staraptor|Staraptor, L50, F, shiny|100/100
|switch|p1b: Kingambit|Kingambit, L50, M|100/100
|-ability|p1a: Staraptor|Intimidate|boost
|-unboost|p2a: Basculegion|atk|1
|-unboost|p2b: Kingambit|atk|1
|-ability|p2b: Kingambit|Defiant|boost
|-boost|p2b: Kingambit|atk|2
|turn|4
|inactive|palle synchro has 30 seconds left.
|
|t:|1785510497
|detailschange|p1a: Staraptor|Staraptor-Mega, L50, F, shiny
|-mega|p1a: Staraptor|Staraptor|Staraptite
|move|p2a: Basculegion|Protect|p2a: Basculegion
|-singleturn|p2a: Basculegion|Protect
|move|p2b: Kingambit|Sucker Punch|p1b: Kingambit
|-resisted|p1b: Kingambit|1
|-damage|p1b: Kingambit|80/100
|move|p1a: Staraptor|Close Combat|p2b: Kingambit
|-supereffective|p2b: Kingambit|2
|-enditem|p2b: Kingambit|Chople Berry|[eat]
|-enditem|p2b: Kingambit|Chople Berry|[weaken]
|-damage|p2b: Kingambit|0 fnt
|-boost|p1a: Staraptor|def|1
|-boost|p1a: Staraptor|spd|1
|faint|p2b: Kingambit
|move|p1b: Kingambit|Iron Head|p2a: Basculegion
|-activate|p2a: Basculegion|move: Protect
|
|upkeep
|
|t:|1785510506
|switch|p2b: Floette|Floette-Eternal, L50, F|100/100
|-status|p2b: Floette|tox
|turn|5
|
|t:|1785510525
|detailschange|p2b: Floette|Floette-Mega, L50, F
|-mega|p2b: Floette|Floette|Floettite
|-ability|p2b: Floette|Fairy Aura
|move|p2a: Basculegion|Aqua Jet|p1b: Kingambit
|-damage|p1b: Kingambit|71/100
|move|p1a: Staraptor|Close Combat|p2b: Floette
|-resisted|p2b: Floette|1
|-damage|p2b: Floette|60/100 tox
|-boost|p1a: Staraptor|def|1
|-boost|p1a: Staraptor|spd|1
|move|p2b: Floette|Moonblast|p1b: Kingambit
|-damage|p1b: Kingambit|0 fnt
|faint|p1b: Kingambit
|
|-damage|p2b: Floette|54/100 tox|[from] psn
|upkeep
|turn|6
|
|t:|1785510548
|move|p2b: Floette|Protect|p2b: Floette
|-singleturn|p2b: Floette|Protect
|move|p1a: Staraptor|Brave Bird|p2b: Floette
|-activate|p2b: Floette|move: Protect
|move|p2a: Basculegion|Last Respects|p1a: Staraptor
|-damage|p1a: Staraptor|81/100
|
|-damage|p2b: Floette|42/100 tox|[from] psn
|-sideend|p1: Kevinsky|move: Tailwind
|upkeep
|turn|7
|
|t:|1785510559
|move|p2b: Floette|Protect||[still]
|-fail|p2b: Floette
|move|p1a: Staraptor|Brave Bird|p2b: Floette
|-damage|p2b: Floette|0 fnt
|faint|p2b: Floette
|-damage|p1a: Staraptor|70/100|[from] Recoil
|move|p2a: Basculegion|Last Respects|p1a: Staraptor
|-damage|p1a: Staraptor|47/100
|
|upkeep
|turn|8
|
|t:|1785510568
|move|p1a: Staraptor|Roost|p1a: Staraptor
|-heal|p1a: Staraptor|97/100
|-singleturn|p1a: Staraptor|move: Roost
|move|p2a: Basculegion|Last Respects|p1a: Staraptor
|-damage|p1a: Staraptor|71/100
|
|upkeep
|turn|9
|
|t:|1785510573
|move|p1a: Staraptor|Brave Bird|p2a: Basculegion
|-damage|p2a: Basculegion|32/100
|-damage|p1a: Staraptor|47/100|[from] Recoil
|move|p2a: Basculegion|Last Respects|p1a: Staraptor
|-damage|p1a: Staraptor|23/100
|
|upkeep
|turn|10
|
|t:|1785510580
|move|p2a: Basculegion|Aqua Jet|p1a: Staraptor
|-damage|p1a: Staraptor|16/100
|move|p1a: Staraptor|Brave Bird|p2a: Basculegion
|-damage|p2a: Basculegion|0 fnt
|faint|p2a: Basculegion
|-damage|p1a: Staraptor|5/100|[from] Recoil
|
|win|Kevinsky
