|j|☆ferchoxx
|j|☆BlazikenBoy33
|html|ferchoxxBlazikenBoy33    
|uhtml|bestof|Game 1 of a best-of-3
|t:|1785166077
|gametype|doubles
|player|p1|ferchoxx|ghetsis|1139
|player|p2|BlazikenBoy33|emmet|1102
|gen|9
|tier|[Gen 9 Champions] VGC 2026 Reg M-B (Bo3)
|rated|
|rule|Species Clause: Limit one of each Pokémon
|rule|Item Clause: Limit 1 of each item
|clearpoke
|poke|p1|Tyranitar, L50, M|
|poke|p1|Staraptor, L50, F|
|poke|p1|Excadrill, L50, F|
|poke|p1|Gholdengo, L50|
|poke|p1|Milotic, L50, M|
|poke|p1|Sinistcha, L50|
|poke|p2|Gyarados, L50, M|
|poke|p2|Blaziken, L50, M|
|poke|p2|Sinistcha, L50|
|poke|p2|Kommo-o, L50, M|
|poke|p2|Metagross, L50|
|poke|p2|Sylveon, L50, M|
|teampreview|4
|showteam|p1|Tyranitar||Tyranitarite|SandStream|RockSlide,KnockOff,HighHorsepower,Protect|Adamant||M|||50|]Staraptor||Staraptite|Intimidate|BraveBird,CloseCombat,Tailwind,Protect|Jolly||F|||50|]Excadrill||FocusSash|SandRush|HighHorsepower,IronHead,RockSlide,Protect|Jolly||F|||50|]Gholdengo||LifeOrb|GoodasGold|MakeItRain,ShadowBall,NastyPlot,Protect|Timid|||||50|]Milotic||SitrusBerry|Competitive|Protect,IceBeam,Scald,IcyWind|Bold||M|||50|]Sinistcha||ColburBerry|Hospitality|MatchaGotcha,RagePowder,TrickRoom,Protect|Bold|||||50|
|showteam|p2|Gyarados||Gyaradosite|Intimidate|Waterfall,LashOut,DragonDance,Protect|Adamant||M|||50|]Blaziken||FocusSash|SpeedBoost|RockTomb,Coaching,Detect,Overheat|Timid||M|||50|]Sinistcha||OccaBerry|Hospitality|MatchaGotcha,ShadowBall,LifeDew,RagePowder|Modest|||||50|]Kommo-o||SitrusBerry|Bulletproof|ClangorousSoul,ClangingScales,AuraSphere,Protect|Modest||M|||50|]Metagross||Metagrossite|ClearBody|IronHead,PsychicFangs,IcePunch,Protect|Jolly|||||50|]Sylveon||FairyFeather|Pixilate|HyperVoice,HyperBeam,QuickAttack,Detect|Modest||M|||50|
|inactive|Battle timer is ON: inactive players will automatically lose when time's up. (requested by ferchoxx)
|inactive|ferchoxx has 60 seconds left.
|inactive|BlazikenBoy33 has 60 seconds left.
|inactive|ferchoxx has 30 seconds left.
|inactive|BlazikenBoy33 has 30 seconds left.
|
|t:|1785166148
|teamsize|p1|4
|teamsize|p2|4
|start
|switch|p1a: Milotic|Milotic, L50, M|100/100
|switch|p1b: Staraptor|Staraptor, L50, F|100/100
|switch|p2a: Blaziken|Blaziken, L50, M|100/100
|switch|p2b: Metagross|Metagross, L50|100/100
|-ability|p1b: Staraptor|Intimidate|boost
|-unboost|p2a: Blaziken|atk|1
|-fail|p2b: Metagross|unboost|[from] ability: Clear Body|[of] p2b: Metagross
|turn|1
|inactive|ferchoxx has 30 seconds left.
|inactive|BlazikenBoy33 has 30 seconds left.
|inactive|BlazikenBoy33 has 20 seconds left.
|
|t:|1785166184
|detailschange|p1b: Staraptor|Staraptor-Mega, L50, F
|-mega|p1b: Staraptor|Staraptor|Staraptite
|detailschange|p2b: Metagross|Metagross-Mega, L50
|-mega|p2b: Metagross|Metagross|Metagrossite
|move|p2a: Blaziken|Detect|p2a: Blaziken
|-singleturn|p2a: Blaziken|Protect
|move|p1b: Staraptor|Close Combat|p2a: Blaziken
|-activate|p2a: Blaziken|move: Protect
|move|p2b: Metagross|Psychic Fangs|p1b: Staraptor
|-supereffective|p1b: Staraptor|1
|-damage|p1b: Staraptor|0 fnt
|faint|p1b: Staraptor
|move|p1a: Milotic|Scald|p2b: Metagross
|-damage|p2b: Metagross|69/100
|
|-ability|p2a: Blaziken|Speed Boost|boost
|-boost|p2a: Blaziken|spe|1
|upkeep
|
|t:|1785166200
|switch|p1b: Excadrill|Excadrill, L50, F|100/100
|turn|2
|inactive|BlazikenBoy33 has 30 seconds left.
|
|t:|1785166228
|switch|p1a: Tyranitar|Tyranitar, L50, M|100/100
|-weather|Sandstorm|[from] ability: Sand Stream|[of] p1a: Tyranitar
|move|p2b: Metagross|Protect|p2b: Metagross
|-singleturn|p2b: Metagross|Protect
|move|p1b: Excadrill|High Horsepower|p2b: Metagross
|-activate|p2b: Metagross|move: Protect
|move|p2a: Blaziken|Overheat|p1b: Excadrill
|-supereffective|p1b: Excadrill|1
|-enditem|p1b: Excadrill|Focus Sash
|-damage|p1b: Excadrill|1/100
|-unboost|p2a: Blaziken|spa|2
|
|-weather|Sandstorm|[upkeep]
|-damage|p2a: Blaziken|94/100|[from] Sandstorm
|-ability|p2a: Blaziken|Speed Boost|boost
|-boost|p2a: Blaziken|spe|1
|upkeep
|turn|3
|inactive|BlazikenBoy33 has 30 seconds left.
|inactive|BlazikenBoy33 has 20 seconds left.
|
|t:|1785166264
|move|p1b: Excadrill|Rock Slide|p2b: Metagross|[spread] p2a,p2b
|-resisted|p2b: Metagross|1
|-crit|p2b: Metagross
|-damage|p2a: Blaziken|68/100
|-damage|p2b: Metagross|56/100
|move|p2a: Blaziken|Overheat|p1b: Excadrill|[miss]
|-miss|p2a: Blaziken|p1b: Excadrill
|move|p2b: Metagross|Iron Head|p1a: Tyranitar
|-supereffective|p1a: Tyranitar|1
|-damage|p1a: Tyranitar|1/100
|cant|p1a: Tyranitar|flinch
|
|-weather|Sandstorm|[upkeep]
|-damage|p2a: Blaziken|63/100|[from] Sandstorm
|-ability|p2a: Blaziken|Speed Boost|boost
|-boost|p2a: Blaziken|spe|1
|upkeep
|turn|4
|
|t:|1785166287
|switch|p1a: Milotic|Milotic, L50, M|100/100
|move|p2a: Blaziken|Rock Tomb|p1b: Excadrill|[miss]
|-miss|p2a: Blaziken|p1b: Excadrill
|move|p1b: Excadrill|High Horsepower|p2b: Metagross
|-supereffective|p2b: Metagross|1
|-damage|p2b: Metagross|0 fnt
|faint|p2b: Metagross
|
|-weather|Sandstorm|[upkeep]
|-damage|p2a: Blaziken|57/100|[from] Sandstorm
|-damage|p1a: Milotic|93/100|[from] Sandstorm
|-ability|p2a: Blaziken|Speed Boost|boost
|-boost|p2a: Blaziken|spe|1
|upkeep
|c|☆BlazikenBoy33|blaziken lock in
|
|t:|1785166302
|switch|p2b: Sylveon|Sylveon, L50, M|100/100
|turn|5
|inactive|BlazikenBoy33 has 30 seconds left.
|inactive|BlazikenBoy33 has 20 seconds left.
|
|t:|1785166339
|move|p1b: Excadrill|Protect|p1b: Excadrill
|-singleturn|p1b: Excadrill|Protect
|move|p2b: Sylveon|Quick Attack|p1b: Excadrill
|-activate|p1b: Excadrill|move: Protect
|move|p2a: Blaziken|Coaching|p2b: Sylveon
|-boost|p2b: Sylveon|atk|1
|-boost|p2b: Sylveon|def|1
|move|p1a: Milotic|Scald|p2a: Blaziken
|-supereffective|p2a: Blaziken|1
|-damage|p2a: Blaziken|0 fnt
|faint|p2a: Blaziken
|
|-weather|Sandstorm|[upkeep]
|-damage|p1a: Milotic|87/100|[from] Sandstorm
|-damage|p2b: Sylveon|94/100|[from] Sandstorm
|upkeep
|
|t:|1785166341
|switch|p2a: Sinistcha|Sinistcha, L50|100/100
|-heal|p2b: Sylveon|100/100|[from] ability: Hospitality|[of] p2a: Sinistcha
|turn|6
|inactive|ferchoxx has 30 seconds left.
|
|t:|1785166376
|move|p1b: Excadrill|Protect|p1b: Excadrill
|-singleturn|p1b: Excadrill|Protect
|move|p2b: Sylveon|Quick Attack|p1b: Excadrill
|-activate|p1b: Excadrill|move: Protect
|move|p1a: Milotic|Icy Wind|p2b: Sylveon|[spread] p2a,p2b
|-supereffective|p2a: Sinistcha|1
|-damage|p2a: Sinistcha|76/100
|-damage|p2b: Sylveon|92/100
|-unboost|p2a: Sinistcha|spe|1
|-unboost|p2b: Sylveon|spe|1
|move|p2a: Sinistcha|Matcha Gotcha|p1a: Milotic|[spread] p1a
|-activate|p1b: Excadrill|move: Protect
|-supereffective|p1a: Milotic|1
|-damage|p1a: Milotic|40/100
|-heal|p2a: Sinistcha|100/100|[from] drain|[of] p1a: Milotic
|-enditem|p1a: Milotic|Sitrus Berry|[eat]
|-heal|p1a: Milotic|65/100|[from] item: Sitrus Berry
|
|-weather|none
|upkeep
|turn|7
|
|t:|1785166399
|switch|p1b: Tyranitar|Tyranitar, L50, M|1/100
|-weather|Sandstorm|[from] ability: Sand Stream|[of] p1b: Tyranitar
|move|p2b: Sylveon|Quick Attack|p1b: Tyranitar
|-supereffective|p1b: Tyranitar|1
|-damage|p1b: Tyranitar|0 fnt
|faint|p1b: Tyranitar
|move|p1a: Milotic|Scald|p2b: Sylveon
|-damage|p2b: Sylveon|68/100
|move|p2a: Sinistcha|Matcha Gotcha|p1a: Milotic
|-supereffective|p1a: Milotic|1
|-damage|p1a: Milotic|0 fnt
|faint|p1a: Milotic
|
|-weather|Sandstorm|[upkeep]
|-damage|p2a: Sinistcha|93/100|[from] Sandstorm
|-damage|p2b: Sylveon|62/100|[from] Sandstorm
|upkeep
|
|t:|1785166417
|switch|p1b: Excadrill|Excadrill, L50, F|1/100
|turn|8
|
|t:|1785166424
|move|p2a: Sinistcha|Rage Powder|p2a: Sinistcha
|-singleturn|p2a: Sinistcha|move: Rage Powder
|move|p2b: Sylveon|Quick Attack|p1b: Excadrill
|-resisted|p1b: Excadrill|1
|-damage|p1b: Excadrill|0 fnt
|faint|p1b: Excadrill
|
|win|BlazikenBoy33
||ferchoxx is ready for game 2.
||BlazikenBoy33 is ready for game 2.
|uhtml|next|Next: Game 2 of 3
