|j|☆no_dupes
|j|☆aldishh
|html|no_dupesaldishh    
|uhtml|bestof|Game 2 of a best-of-3
|t:|1757120158
|gametype|doubles
|player|p1|no_dupes|brock-gen2|1273
|player|p2|aldishh|2|1252
|gen|9
|tier|[Gen 9] VGC 2025 Reg H (Bo3)
|rated|
|rule|Species Clause: Limit one of each Pokémon
|rule|Item Clause: Limit 1 of each item
|clearpoke
|poke|p1|Sneasler, L50, F|
|poke|p1|Indeedee, L50, M|
|poke|p1|Volcarona, L50, M|
|poke|p1|Ursaluna-Bloodmoon, L50, M|
|poke|p1|Annihilape, L50, F|
|poke|p1|Tyranitar, L50, M|
|poke|p2|Volcarona, L50, F|
|poke|p2|Rillaboom, L50, F|
|poke|p2|Gholdengo, L50|
|poke|p2|Dragonite, L50, M|
|poke|p2|Incineroar, L50, F|
|poke|p2|Kingambit, L50, M|
|teampreview|4
|showteam|p1|Sneasler||PsychicSeed|Unburden|CloseCombat,DireClaw,ThroatChop,Protect|||F|||50|,,,,,Dark]Indeedee||ChoiceScarf|PsychicSurge|ExpandingForce,TeraBlast,Trick,Protect|||M|||50|,,,,,Psychic]Volcarona||SitrusBerry|FlameBody|Overheat,StruggleBug,RagePowder,Tailwind|||M|||50|,,,,,Grass]Ursaluna-Bloodmoon||LifeOrb|MindsEye|BloodMoon,HyperVoice,EarthPower,Protect|||M|||50|,,,,,Normal]Annihilape||SafetyGoggles|Defiant|CloseCombat,RageFist,Taunt,FinalGambit|||F|||50|,,,,,Fairy]Tyranitar||AssaultVest|SandStream|RockSlide,KnockOff,TeraBlast,LowKick|||M|||50|,,,,,Flying
|showteam|p2|Volcarona||Leftovers|FlameBody|QuiverDance,FieryDance,TeraBlast,Protect|||F|||50|,,,,,Fairy]Rillaboom||AssaultVest|GrassySurge|GrassyGlide,WoodHammer,FakeOut,Uturn|||F|||50|,,,,,Fire]Gholdengo||SitrusBerry|GoodasGold|NastyPlot,Protect,MakeItRain,ShadowBall||||||50|,,,,,Water]Dragonite||LoadedDice|Multiscale|ScaleShot,Protect,Haze,Tailwind|||M|||50|,,,,,Steel]Incineroar||SafetyGoggles|Intimidate|PartingShot,FakeOut,KnockOff,Taunt|||F|||50|,,,,,Ghost]Kingambit||BlackGlasses|Defiant|KowtowCleave,SuckerPunch,SwordsDance,Protect|||M|||50|,,,,,Fire
|inactive|Battle timer is ON: inactive players will automatically lose when time's up. (requested by no_dupes)
|
|t:|1757120228
|teamsize|p1|4
|teamsize|p2|4
|start
|switch|p1a: Volcarona|Volcarona, L50, M, shiny|100/100
|switch|p1b: Caesar|Annihilape, L50, F, shiny|100/100
|switch|p2a: Rillaboom|Rillaboom, L50, F|100/100
|switch|p2b: Dragonite|Dragonite, L50, M|100/100
|-fieldstart|move: Grassy Terrain|[from] ability: Grassy Surge|[of] p2a: Rillaboom
|turn|1
|
|t:|1757120247
|move|p1a: Volcarona|Tailwind|p1a: Volcarona
|-sidestart|p1: no_dupes|move: Tailwind
|move|p1b: Caesar|Final Gambit|p2b: Dragonite
|-damage|p2b: Dragonite|0 fnt
|faint|p1b: Caesar
|faint|p2b: Dragonite
|move|p2a: Rillaboom|Wood Hammer|p1a: Volcarona
|-resisted|p1a: Volcarona
|-damage|p1a: Volcarona|75/100
|-damage|p2a: Rillaboom|93/100|[from] Recoil
|
|-heal|p1a: Volcarona|81/100|[from] Grassy Terrain
|-heal|p2a: Rillaboom|99/100|[from] Grassy Terrain
|upkeep
|inactive|aldishh has 30 seconds left.
|inactive|aldishh has 20 seconds left.
|
|t:|1757120285
|switch|p1b: Ursaluna|Ursaluna-Bloodmoon, L50, M|100/100
|switch|p2b: Kingambit|Kingambit, L50, M|100/100
|turn|2
|
|t:|1757120301
|-terastallize|p1b: Ursaluna|Normal
|move|p2b: Kingambit|Protect|p2b: Kingambit
|-singleturn|p2b: Kingambit|Protect
|move|p1a: Volcarona|Overheat|p2a: Rillaboom
|-supereffective|p2a: Rillaboom
|-damage|p2a: Rillaboom|17/100
|-unboost|p1a: Volcarona|spa|2
|move|p1b: Ursaluna|Earth Power|p2b: Kingambit
|-activate|p2b: Kingambit|move: Protect
|move|p2a: Rillaboom|Wood Hammer|p1b: Ursaluna
|-damage|p1b: Ursaluna|29/100
|-damage|p2a: Rillaboom|0 fnt|[from] Recoil
|faint|p2a: Rillaboom
|
|-heal|p1a: Volcarona|87/100|[from] Grassy Terrain
|-heal|p1b: Ursaluna|35/100|[from] Grassy Terrain
|upkeep
|
|t:|1757120316
|switch|p2a: Volcarona|Volcarona, L50, F|100/100
|turn|3
|
|t:|1757120330
|move|p1a: Volcarona|Rage Powder|p1a: Volcarona
|-singleturn|p1a: Volcarona|move: Rage Powder
|move|p2b: Kingambit|Sucker Punch||[still]
|-fail|p2b: Kingambit
|move|p1b: Ursaluna|Earth Power|p2b: Kingambit
|-supereffective|p2b: Kingambit
|-damage|p2b: Kingambit|0 fnt
|faint|p2b: Kingambit
|-damage|p1b: Ursaluna|25/100|[from] item: Life Orb
|move|p2a: Volcarona|Quiver Dance|p2a: Volcarona
|-boost|p2a: Volcarona|spa|1
|-boost|p2a: Volcarona|spd|1
|-boost|p2a: Volcarona|spe|1
|
|-heal|p1a: Volcarona|93/100|[from] Grassy Terrain
|-heal|p1b: Ursaluna|31/100|[from] Grassy Terrain
|upkeep
|turn|4
|
|t:|1757120348
|switch|p1b: Tyranitar|Tyranitar, L50, M|100/100
|-weather|Sandstorm|[from] ability: Sand Stream|[of] p1b: Tyranitar
|move|p1a: Volcarona|Struggle Bug|p2a: Volcarona
|-resisted|p2a: Volcarona
|-damage|p2a: Volcarona|97/100
|-unboost|p2a: Volcarona|spa|1
|move|p2a: Volcarona|Fiery Dance|p1b: Tyranitar
|-resisted|p1b: Tyranitar
|-damage|p1b: Tyranitar|93/100
|
|-weather|Sandstorm|[upkeep]
|-damage|p1a: Volcarona|87/100|[from] Sandstorm
|-damage|p2a: Volcarona|92/100|[from] Sandstorm
|-heal|p1a: Volcarona|93/100|[from] Grassy Terrain
|-heal|p1b: Tyranitar|98/100|[from] Grassy Terrain
|-heal|p2a: Volcarona|97/100|[from] Grassy Terrain
|-heal|p2a: Volcarona|100/100|[from] item: Leftovers
|-sideend|p1: no_dupes|move: Tailwind
|upkeep
|turn|5
|-message|aldishh forfeited.
|
|win|no_dupes
|raw|no_dupes's rating: 1273 → 1296(+23 for winning)
|raw|aldishh's rating: 1252 → 1229(-23 for losing)
|l|☆aldishh
|player|p2|
