|j|☆GoldenPants03
|j|☆nocturnallynoct
|html|GoldenPants03nocturnallynoct    
|uhtml|bestof|Game 1 of a best-of-3
|t:|1756331053
|gametype|doubles
|player|p1|GoldenPants03|101|1196
|player|p2|nocturnallynoct|2|1125
|gen|9
|tier|[Gen 9] VGC 2025 Reg H (Bo3)
|rated|
|rule|Species Clause: Limit one of each Pokémon
|rule|Item Clause: Limit 1 of each item
|clearpoke
|poke|p1|Indeedee-F, L50, F|
|poke|p1|Hatterene, L50, F|
|poke|p1|Gallade, L50, M|
|poke|p1|Ursaluna, L50, F|
|poke|p1|Torkoal, L50, F|
|poke|p1|Lilligant-Hisui, L50, F|
|poke|p2|Sneasler, L50, F|
|poke|p2|Indeedee, L50, M|
|poke|p2|Tyranitar, L50, M|
|poke|p2|Ursaluna-Bloodmoon, L50, M|
|poke|p2|Electabuzz, L50, F|
|poke|p2|Talonflame, L50, F|
|teampreview|4
|showteam|p1|Indeedee-F||PsychicSeed|PsychicSurge|FollowMe,TrickRoom,HelpingHand,DazzlingGleam|||F|||50|,,,,,Fire]Hatterene||LifeOrb|MagicBounce|TrickRoom,Protect,DazzlingGleam,ExpandingForce|||F|||50|,,,,,Psychic]Gallade||ClearAmulet|Sharpness|TrickRoom,SacredSword,WideGuard,PsychoCut|||M|||50|,,,,,Grass]Ursaluna||FlameOrb|Guts|Facade,SwordsDance,HeadlongRush,Protect|||F|||50|,,,,,Ghost]Torkoal||ChoiceSpecs|Drought|Eruption,HeatWave,WeatherBall,EarthPower|||F|||50|,,,,,Fire]Lilligant-Hisui||FocusSash|Chlorophyll|AfterYou,LeafBlade,SleepPowder,CloseCombat|||F|||50|,,,,,Ghost
|showteam|p2|Sneasler||PsychicSeed|Unburden|DireClaw,CloseCombat,ThroatChop,Protect|||F|||50|,,,,,Dark]Indeedee||FocusSash|PsychicSurge|ExpandingForce,TeraBlast,Protect,TrickRoom|||M|||50|,,,,,Fighting]Tyranitar||AssaultVest|SandStream|RockSlide,KnockOff,LowKick,TeraBlast|||M|||50|,,,,,Flying]Ursaluna-Bloodmoon||LifeOrb|MindsEye|BloodMoon,HyperVoice,EarthPower,Protect|||M|||50|,,,,,Normal]Electabuzz||Eviolite|VitalSpirit|Electroweb,FollowMe,Taunt,Protect|||F|||50|,,,,,Dragon]Talonflame||CovertCloak|GaleWings|DualWingbeat,FlareBlitz,Tailwind,WillOWisp|||F|||50|,,,,,Fairy
|inactive|Battle timer is ON: inactive players will automatically lose when time's up. (requested by nocturnallynoct)
|inactive|GoldenPants03 has 60 seconds left.
|inactive|nocturnallynoct has 60 seconds left.
|
|t:|1756331101
|teamsize|p1|4
|teamsize|p2|4
|start
|switch|p1a: Hatterene|Hatterene, L50, F|100/100
|switch|p1b: Ursaluna|Ursaluna, L50, F|100/100
|switch|p2a: Indeedee|Indeedee, L50, M|100/100
|switch|p2b: Sneasler|Sneasler, L50, F|100/100
|-fieldstart|move: Psychic Terrain|[from] ability: Psychic Surge|[of] p2a: Indeedee
|-enditem|p2b: Sneasler|Psychic Seed
|-boost|p2b: Sneasler|spd|1|[from] item: Psychic Seed
|turn|1
|inactive|GoldenPants03 has 30 seconds left.
|inactive|nocturnallynoct has 30 seconds left.
|inactive|nocturnallynoct has 20 seconds left.
|
|t:|1756331140
|switch|p2a: Tyranitar|Tyranitar, L50, M|100/100
|-weather|Sandstorm|[from] ability: Sand Stream|[of] p2a: Tyranitar
|-terastallize|p1b: Ursaluna|Ghost
|move|p2b: Sneasler|Dire Claw|p1a: Hatterene
|-supereffective|p1a: Hatterene
|-damage|p1a: Hatterene|0 fnt
|faint|p1a: Hatterene
|move|p1b: Ursaluna|Headlong Rush|p2b: Sneasler
|-supereffective|p2b: Sneasler
|-damage|p2b: Sneasler|0 fnt
|-unboost|p1b: Ursaluna|def|1
|-unboost|p1b: Ursaluna|spd|1
|faint|p2b: Sneasler
|
|-weather|Sandstorm|[upkeep]
|-damage|p1b: Ursaluna|95/100|[from] Sandstorm
|-status|p1b: Ursaluna|brn|[from] item: Flame Orb
|upkeep
|inactive|nocturnallynoct has 30 seconds left.
|
|t:|1756331176
|switch|p2b: Indeedee|Indeedee, L50, M|100/100
|switch|p1a: Indeedee|Indeedee-F, L50, F|100/100
|-enditem|p1a: Indeedee|Psychic Seed
|-boost|p1a: Indeedee|spd|1|[from] item: Psychic Seed
|turn|2
|inactive|nocturnallynoct has 30 seconds left.
|
|t:|1756331204
|switch|p1b: Gallade|Gallade, L50, M|100/100
|-terastallize|p2a: Tyranitar|Flying
|move|p2b: Indeedee|Tera Blast|p1b: Gallade
|-damage|p1b: Gallade|64/100
|move|p2a: Tyranitar|Knock Off|p1b: Gallade
|-damage|p1b: Gallade|0 fnt
|-enditem|p1b: Gallade|Clear Amulet|[from] move: Knock Off|[of] p2a: Tyranitar
|faint|p1b: Gallade
|move|p1a: Indeedee|Dazzling Gleam|p2b: Indeedee|[spread] p2a,p2b
|-damage|p2a: Tyranitar|91/100
|-damage|p2b: Indeedee|81/100
|
|-weather|Sandstorm|[upkeep]
|-damage|p2b: Indeedee|75/100|[from] Sandstorm
|-damage|p2a: Tyranitar|86/100|[from] Sandstorm
|-damage|p1a: Indeedee|94/100|[from] Sandstorm
|upkeep
|
|t:|1756331214
|switch|p1b: Ursaluna|Ursaluna, L50, F, tera:Ghost|95/100 brn
|turn|3
|inactive|nocturnallynoct has 30 seconds left.
|
|t:|1756331248
|move|p1a: Indeedee|Follow Me|p1a: Indeedee
|-singleturn|p1a: Indeedee|move: Follow Me
|move|p2b: Indeedee|Expanding Force|p1b: Ursaluna|[spread] p1a,p1b
|-resisted|p1a: Indeedee
|-damage|p1a: Indeedee|74/100
|-damage|p1b: Ursaluna|43/100 brn
|move|p2a: Tyranitar|Knock Off|p1a: Indeedee
|-supereffective|p1a: Indeedee
|-damage|p1a: Indeedee|0 fnt
|faint|p1a: Indeedee
|move|p1b: Ursaluna|Facade|p2a: Tyranitar
|-damage|p2a: Tyranitar|0 fnt
|faint|p2a: Tyranitar
|
|-weather|Sandstorm|[upkeep]
|-damage|p2b: Indeedee|70/100|[from] Sandstorm
|-damage|p1b: Ursaluna|37/100 brn|[from] Sandstorm
|-damage|p1b: Ursaluna|31/100 brn|[from] brn
|upkeep
|
|t:|1756331262
|switch|p2a: Electabuzz|Electabuzz, L50, F|100/100
|turn|4
|
|t:|1756331269
|move|p1b: Ursaluna|Protect|p1b: Ursaluna
|-singleturn|p1b: Ursaluna|Protect
|move|p2a: Electabuzz|Follow Me|p2a: Electabuzz
|-singleturn|p2a: Electabuzz|move: Follow Me
|move|p2b: Indeedee|Expanding Force|p1b: Ursaluna
|-activate|p1b: Ursaluna|move: Protect
|
|-weather|Sandstorm|[upkeep]
|-damage|p2a: Electabuzz|94/100|[from] Sandstorm
|-damage|p2b: Indeedee|64/100|[from] Sandstorm
|-damage|p1b: Ursaluna|25/100 brn|[from] Sandstorm
|-damage|p1b: Ursaluna|19/100 brn|[from] brn
|upkeep
|turn|5
|
|t:|1756331280
|move|p1b: Ursaluna|Protect||[still]
|-fail|p1b: Ursaluna
|move|p2a: Electabuzz|Follow Me|p2a: Electabuzz
|-singleturn|p2a: Electabuzz|move: Follow Me
|move|p2b: Indeedee|Expanding Force|p1b: Ursaluna
|-damage|p1b: Ursaluna|0 fnt
|faint|p1b: Ursaluna
|
|win|nocturnallynoct
||nocturnallynoct is ready for game 2.
||GoldenPants03 is ready for game 2.
|uhtml|next|Next: Game 2 of 3
|l|☆GoldenPants03
|player|p1|
