|j|☆Pickle315
|j|☆shalewell
|html|Pickle315shalewell    
|uhtml|bestof|Game 2 of a best-of-3
|t:|1756770982
|gametype|doubles
|player|p1|Pickle315|hilbert|1099
|player|p2|shalewell|265|1020
|gen|9
|tier|[Gen 9] VGC 2025 Reg H (Bo3)
|rated|
|rule|Species Clause: Limit one of each Pokémon
|rule|Item Clause: Limit 1 of each item
|clearpoke
|poke|p1|Torkoal, L50, F|
|poke|p1|Amoonguss, L50, F|
|poke|p1|Charizard, L50, F|
|poke|p1|Kingambit, L50, M|
|poke|p1|Rillaboom, L50, F|
|poke|p1|Dragapult, L50, F|
|poke|p2|Weezing-Galar, L50, M|
|poke|p2|Dragapult, L50, F|
|poke|p2|Decidueye-Hisui, L50, M|
|poke|p2|Kilowattrel, L50, F|
|teampreview|4
|showteam|p1|Torkoal||SafetyGoggles|Drought|BodyPress,HeatWave,HelpingHand,WillOWisp|||F|||50|,,,,,Fighting]Amoonguss||RockyHelmet|Regenerator|PollenPuff,RagePowder,Spore,Synthesis|||F|||50|,,,,,Water]Charizard||LifeOrb|SolarPower|TeraBlast,HeatWave,Protect,SolarBeam|||F|||50|,,,,,Flying]Kingambit||AssaultVest|Defiant|KowtowCleave,IronHead,SuckerPunch,BrickBreak|||M|||50|,,,,,Ghost]Rillaboom||SitrusBerry|GrassySurge|HighHorsepower,GrassyGlide,SolarBlade,FakeOut|||F|||50|,,,,,Electric]Dragapult||FocusSash|ClearBody|SunnyDay,Protect,DracoMeteor,Thunderbolt|||F|||50|,,,,,Dragon
|showteam|p2|Weezing-Galar||FocusSash|NeutralizingGas|StrangeSteam,SludgeBomb,Protect,WillOWisp|||M|||50|,,,,,Flying]Dragapult||ChoiceBand|ClearBody|DragonDarts,PhantomForce,SuckerPunch,Uturn|||F|||50|,,,,,Dragon]Decidueye-Hisui||AbilityShield|Scrappy|TripleArrows,LeafBlade,Protect,Uturn|||M|||50|,,,,,Fire]Kilowattrel||CovertCloak|Competitive|Thunderbolt,AirSlash,Protect,Tailwind|||F|||50|,,,,,Steel
|inactive|Battle timer is ON: inactive players will automatically lose when time's up. (requested by shalewell)
|
|t:|1756771009
|teamsize|p1|4
|teamsize|p2|4
|start
|switch|p1a: Amoonguss|Amoonguss, L50, F|100/100
|switch|p1b: Dragapult|Dragapult, L50, F|100/100
|switch|p2a: Dragapult|Dragapult, L50, F|100/100
|switch|p2b: Weezing|Weezing-Galar, L50, M|100/100
|-ability|p2b: Weezing|Neutralizing Gas
|turn|1
|inactive|shalewell has 30 seconds left.
|inactive|shalewell has 20 seconds left.
|inactive|shalewell has 15 seconds left.
|
|t:|1756771053
|move|p1a: Amoonguss|Rage Powder|p1a: Amoonguss
|-singleturn|p1a: Amoonguss|move: Rage Powder
|move|p2a: Dragapult|Sucker Punch||[still]
|-fail|p2a: Dragapult
|move|p1b: Dragapult|Draco Meteor|p2a: Dragapult|[miss]
|-miss|p1b: Dragapult|p2a: Dragapult
|move|p2b: Weezing|Sludge Bomb|p1a: Amoonguss
|-damage|p1a: Amoonguss|80/100
|
|upkeep
|turn|2
|
|t:|1756771074
|switch|p2a: Kilowattrel|Kilowattrel, L50, F, shiny|100/100
|move|p1b: Dragapult|Protect|p1b: Dragapult
|-singleturn|p1b: Dragapult|Protect
|move|p2b: Weezing|Strange Steam|p1b: Dragapult
|-activate|p1b: Dragapult|move: Protect
|move|p1a: Amoonguss|Spore|p2a: Kilowattrel
|-status|p2a: Kilowattrel|slp|[from] move: Spore
|
|upkeep
|turn|3
|
|t:|1756771088
|cant|p2a: Kilowattrel|slp
|move|p1a: Amoonguss|Rage Powder|p1a: Amoonguss
|-singleturn|p1a: Amoonguss|move: Rage Powder
|move|p1b: Dragapult|Sunny Day|p1b: Dragapult
|-weather|SunnyDay
|move|p2b: Weezing|Strange Steam|p1a: Amoonguss
|-resisted|p1a: Amoonguss
|-damage|p1a: Amoonguss|71/100
|
|-weather|SunnyDay|[upkeep]
|upkeep
|turn|4
|
|t:|1756771100
|switch|p1b: Kingambit|Kingambit, L50, M|100/100
|-curestatus|p2a: Kilowattrel|slp|[msg]
|move|p2a: Kilowattrel|Air Slash|p1a: Amoonguss
|-supereffective|p1a: Amoonguss
|-damage|p1a: Amoonguss|29/100
|move|p2b: Weezing|Strange Steam|p1b: Kingambit
|-damage|p1b: Kingambit|83/100
|-start|p1b: Kingambit|confusion
|cant|p1a: Amoonguss|flinch
|
|-weather|SunnyDay|[upkeep]
|upkeep
|turn|5
|
|t:|1756771118
|switch|p1a: Dragapult|Dragapult, L50, F|100/100
|move|p2a: Kilowattrel|Air Slash|p1a: Dragapult
|-damage|p1a: Dragapult|73/100
|move|p2b: Weezing|Will-O-Wisp|p1b: Kingambit
|-status|p1b: Kingambit|brn
|-activate|p1b: Kingambit|confusion
|move|p1b: Kingambit|Iron Head|p2b: Weezing
|-supereffective|p2b: Weezing
|-damage|p2b: Weezing|56/100
|
|-weather|SunnyDay|[upkeep]
|-damage|p1b: Kingambit|77/100 brn|[from] brn
|upkeep
|turn|6
|inactive|shalewell has 30 seconds left.
|
|t:|1756771149
|move|p1a: Dragapult|Protect|p1a: Dragapult
|-singleturn|p1a: Dragapult|Protect
|move|p2a: Kilowattrel|Thunderbolt|p1a: Dragapult
|-activate|p1a: Dragapult|move: Protect
|move|p2b: Weezing|Strange Steam|p1a: Dragapult
|-activate|p1a: Dragapult|move: Protect
|-end|p1b: Kingambit|confusion
|move|p1b: Kingambit|Iron Head|p2b: Weezing
|-supereffective|p2b: Weezing
|-damage|p2b: Weezing|14/100
|
|-weather|SunnyDay|[upkeep]
|-damage|p1b: Kingambit|72/100 brn|[from] brn
|upkeep
|turn|7
|
|t:|1756771170
|move|p2b: Weezing|Protect|p2b: Weezing
|-singleturn|p2b: Weezing|Protect
|move|p2a: Kilowattrel|Thunderbolt|p1a: Dragapult
|-resisted|p1a: Dragapult
|-crit|p1a: Dragapult
|-damage|p1a: Dragapult|46/100
|move|p1a: Dragapult|Thunderbolt|p2b: Weezing
|-activate|p2b: Weezing|move: Protect
|move|p1b: Kingambit|Kowtow Cleave|p2a: Kilowattrel
|-damage|p2a: Kilowattrel|57/100
|
|-weather|none
|-damage|p1b: Kingambit|66/100 brn|[from] brn
|upkeep
|turn|8
|inactive|shalewell has 30 seconds left.
|
|t:|1756771202
|-end|p2b: Weezing|ability: Neutralizing Gas
|switch|p2b: Decidueye|Decidueye-Hisui, L50, M|100/100
|move|p2a: Kilowattrel|Air Slash|p1a: Dragapult
|-damage|p1a: Dragapult|15/100
|move|p1a: Dragapult|Draco Meteor|p2a: Kilowattrel
|-damage|p2a: Kilowattrel|0 fnt
|-unboost|p1a: Dragapult|spa|2
|faint|p2a: Kilowattrel
|move|p1b: Kingambit|Iron Head|p2b: Decidueye
|-damage|p2b: Decidueye|76/100
|
|-damage|p1b: Kingambit|60/100 brn|[from] brn
|upkeep
|
|t:|1756771222
|switch|p2a: Weezing|Weezing-Galar, L50, M|14/100
|-ability|p2a: Weezing|Neutralizing Gas
|-block|p2b: Decidueye|item: Ability Shield
|turn|9
|
|t:|1756771237
|move|p1a: Dragapult|Protect|p1a: Dragapult
|-singleturn|p1a: Dragapult|Protect
|move|p2a: Weezing|Protect|p2a: Weezing
|-singleturn|p2a: Weezing|Protect
|move|p2b: Decidueye|U-turn|p1a: Dragapult
|-activate|p1a: Dragapult|move: Protect
|move|p1b: Kingambit|Iron Head|p2a: Weezing
|-activate|p2a: Weezing|move: Protect
|
|-damage|p1b: Kingambit|54/100 brn|[from] brn
|upkeep
|turn|10
|
|t:|1756771258
|move|p1a: Dragapult|Sunny Day|p1a: Dragapult
|-weather|SunnyDay
|move|p2b: Decidueye|Triple Arrows|p1b: Kingambit
|-supereffective|p1b: Kingambit
|-damage|p1b: Kingambit|0 fnt
|faint|p1b: Kingambit
|move|p2a: Weezing|Strange Steam|p1a: Dragapult
|-supereffective|p1a: Dragapult
|-damage|p1a: Dragapult|0 fnt
|faint|p1a: Dragapult
|
|-weather|SunnyDay|[upkeep]
|upkeep
|
|t:|1756771268
|switch|p1a: Charizard|Charizard, L50, F|100/100
|switch|p1b: Amoonguss|Amoonguss, L50, F|29/100
|turn|11
|inactive|shalewell has 30 seconds left.
|inactive|shalewell has 20 seconds left.
|
|t:|1756771304
|-terastallize|p2b: Decidueye|Fire
|move|p2a: Weezing|Protect|p2a: Weezing
|-singleturn|p2a: Weezing|Protect
|move|p1a: Charizard|Heat Wave|p2a: Weezing|[spread] 
|-activate|p2a: Weezing|move: Protect
|-miss|p1a: Charizard|p2b: Decidueye
|move|p2b: Decidueye|U-turn|p1b: Amoonguss
|-damage|p1b: Amoonguss|6/100
|-damage|p2b: Decidueye|59/100|[from] item: Rocky Helmet|[of] p1b: Amoonguss
|
|t:|1756771316
|switch|p2b: Dragapult|Dragapult, L50, F|100/100|[from] U-turn
|move|p1b: Amoonguss|Synthesis|p1b: Amoonguss
|-heal|p1b: Amoonguss|72/100
|
|-weather|SunnyDay|[upkeep]
|upkeep
|turn|12
|inactive|shalewell has 30 seconds left.
|inactive|shalewell has 20 seconds left.
|inactive|shalewell has 15 seconds left.
|
|t:|1756771359
|-end|p2a: Weezing|ability: Neutralizing Gas
|switch|p2a: Decidueye|Decidueye-Hisui, L50, M, tera:Fire|59/100
|move|p1a: Charizard|Protect|p1a: Charizard
|-singleturn|p1a: Charizard|Protect
|move|p2b: Dragapult|Sucker Punch||[still]
|-fail|p2b: Dragapult
|move|p1b: Amoonguss|Spore|p2b: Dragapult
|-status|p2b: Dragapult|slp|[from] move: Spore
|
|-weather|SunnyDay|[upkeep]
|-damage|p1a: Charizard|88/100|[from] ability: Solar Power|[of] p1a: Charizard
|upkeep
|turn|13
|
|t:|1756771378
|switch|p2b: Weezing|Weezing-Galar, L50, M|14/100
|-ability|p2b: Weezing|Neutralizing Gas
|-block|p2a: Decidueye|item: Ability Shield
|move|p1a: Charizard|Heat Wave|p2a: Decidueye|[spread] p2b
|-miss|p1a: Charizard|p2a: Decidueye
|-damage|p2b: Weezing|0 fnt
|faint|p2b: Weezing
|-end|p2b: Weezing|ability: Neutralizing Gas
|-damage|p1a: Charizard|78/100|[from] item: Life Orb
|move|p2a: Decidueye|U-turn|p1b: Amoonguss
|-damage|p1b: Amoonguss|52/100
|-damage|p2a: Decidueye|43/100|[from] item: Rocky Helmet|[of] p1b: Amoonguss
|
|t:|1756771392
|switch|p2a: Dragapult|Dragapult, L50, F|100/100 slp|[from] U-turn
|move|p1b: Amoonguss|Synthesis|p1b: Amoonguss
|-heal|p1b: Amoonguss|100/100
|
|-weather|SunnyDay|[upkeep]
|-damage|p1a: Charizard|66/100|[from] ability: Solar Power|[of] p1a: Charizard
|upkeep
|
|t:|1756771395
|switch|p2b: Decidueye|Decidueye-Hisui, L50, M, tera:Fire|43/100
|turn|14
|inactive|Pickle315 has 30 seconds left.
|
|t:|1756771425
|-terastallize|p1a: Charizard|Flying
|cant|p2a: Dragapult|slp
|move|p1a: Charizard|Tera Blast|p2a: Dragapult|[anim] Tera Blast Flying
|-damage|p2a: Dragapult|0 fnt
|faint|p2a: Dragapult
|-damage|p1a: Charizard|56/100|[from] item: Life Orb
|move|p2b: Decidueye|Triple Arrows|p1a: Charizard
|-resisted|p1a: Charizard
|-damage|p1a: Charizard|27/100
|move|p1b: Amoonguss|Pollen Puff|p1a: Charizard
|-heal|p1a: Charizard|77/100
|
|-weather|none
|upkeep
|turn|15
|
|t:|1756771442
|move|p1b: Amoonguss|Rage Powder|p1b: Amoonguss
|-singleturn|p1b: Amoonguss|move: Rage Powder
|move|p1a: Charizard|Tera Blast|p2b: Decidueye|[anim] Tera Blast Flying
|-damage|p2b: Decidueye|0 fnt
|faint|p2b: Decidueye
|-damage|p1a: Charizard|67/100|[from] item: Life Orb
|
|win|Pickle315
|raw|Pickle315's rating: 1099 → 1119(+20 for winning)
|raw|shalewell's rating: 1020 → 1010(-10 for losing)
|c|☆Pickle315|ggg
