|j|☆Endernite44
|j|☆crescentsoul
|html|Endernite44crescentsoul    
|uhtml|bestof|Game 1 of a best-of-3
|t:|1784964461
|gametype|doubles
|player|p1|Endernite44|169|1125
|player|p2|crescentsoul|steven|1117
|gen|9
|tier|[Gen 9 Champions] VGC 2026 Reg M-B (Bo3)
|rated|
|rule|Species Clause: Limit one of each Pokémon
|rule|Item Clause: Limit 1 of each item
|clearpoke
|poke|p1|Blastoise, L50, F|
|poke|p1|Sinistcha-Masterpiece, L50|
|poke|p1|Incineroar, L50, M|
|poke|p1|Mawile, L50, F|
|poke|p1|Farigiraf, L50, M|
|poke|p1|Kommo-o, L50, F|
|poke|p2|Swampert, L50, M|
|poke|p2|Grimmsnarl, L50, M|
|poke|p2|Sinistcha, L50|
|poke|p2|Archaludon, L50, M|
|poke|p2|Pelipper, L50, M|
|poke|p2|Metagross, L50|
|teampreview|4
|showteam|p1|Blastoise||Blastoisinite|Torrent|WaterSpout,AuraSphere,DarkPulse,Protect|Quiet||F|||50|]Sinistcha-Masterpiece||ColburBerry|Hospitality|MatchaGotcha,LifeDew,TrickRoom,RagePowder|Quiet|||||50|]Incineroar||ChopleBerry|Intimidate|FakeOut,FlareBlitz,ThroatChop,PartingShot|Adamant||M|||50|]Mawile||Mawilite|Intimidate|PlayRough,IronHead,SuckerPunch,Protect|Brave||F|||50|]Farigiraf||SitrusBerry|ArmorTail|HyperVoice,Psychic,TrickRoom,Protect|Quiet||M|||50|]Kommo-o||LifeOrb|Soundproof|ClangingScales,AuraSphere,ClangorousSoul,Protect|Timid||F|||50|
|showteam|p2|Swampert||Swampertite|Torrent|Earthquake,WaveCrash,Protect,RockSlide|Adamant||M|||50|]Grimmsnarl||LightClay|Prankster|FakeOut,PartingShot,Reflect,LightScreen|Calm||M|||50|]Sinistcha||CobaBerry|Hospitality|MatchaGotcha,ShadowBall,Protect,RagePowder|Bold|||||50|]Archaludon||Leftovers|Stamina|ElectroShot,FlashCannon,Protect,DragonPulse|Modest||M|||50|]Pelipper||SitrusBerry|Drizzle|WeatherBall,WideGuard,Hurricane,Tailwind|Modest||M|||50|]Metagross||Metagrossite|ClearBody|BodyPress,Protect,IronHead,PsychicFangs|Jolly|||||50|
|inactive|Battle timer is ON: inactive players will automatically lose when time's up. (requested by Endernite44)
|
|t:|1784964576
|teamsize|p1|4
|teamsize|p2|4
|start
|switch|p1a: Incineroar|Incineroar, L50, M|100/100
|switch|p1b: Farigiraf|Farigiraf, L50, M|100/100
|switch|p2a: Swampert|Swampert, L50, M|100/100
|switch|p2b: Grimmsnarl|Grimmsnarl, L50, M|100/100
|-ability|p1a: Incineroar|Intimidate|boost
|-unboost|p2a: Swampert|atk|1
|-unboost|p2b: Grimmsnarl|atk|1
|turn|1
|inactive|Endernite44 has 30 seconds left.
|inactive|crescentsoul has 30 seconds left.
|
|t:|1784964602
|detailschange|p2a: Swampert|Swampert-Mega, L50, M
|-mega|p2a: Swampert|Swampert|Swampertite
|move|p1a: Incineroar|Fake Out|p2b: Grimmsnarl
|-damage|p2b: Grimmsnarl|83/100
|cant|p2b: Grimmsnarl|flinch
|move|p2a: Swampert|Wave Crash|p1b: Farigiraf
|-damage|p1b: Farigiraf|53/100
|-damage|p2a: Swampert|80/100|[from] Recoil
|move|p1b: Farigiraf|Trick Room|p1b: Farigiraf
|-fieldstart|move: Trick Room|[of] p1b: Farigiraf
|
|upkeep
|turn|2
|
|t:|1784964621
|move|p2b: Grimmsnarl|Reflect|p2b: Grimmsnarl
|-sidestart|p2: crescentsoul|Reflect
|move|p1b: Farigiraf|Hyper Voice|p2b: Grimmsnarl|[spread] p2a,p2b
|-damage|p2a: Swampert|54/100
|-damage|p2b: Grimmsnarl|60/100
|move|p1a: Incineroar|Parting Shot|p2a: Swampert
|-unboost|p2a: Swampert|atk|1
|-unboost|p2a: Swampert|spa|1
|
|t:|1784964631
|switch|p1a: Sinistcha|Sinistcha-Masterpiece, L50|100/100|[from] Parting Shot
|-heal|p1b: Farigiraf|77/100|[from] ability: Hospitality|[of] p1a: Sinistcha
|move|p2a: Swampert|Wave Crash|p1a: Sinistcha
|-resisted|p1a: Sinistcha|1
|-damage|p1a: Sinistcha|80/100
|-damage|p2a: Swampert|48/100|[from] Recoil
|
|upkeep
|turn|3
|
|t:|1784964649
|switch|p2b: Sinistcha|Sinistcha, L50|100/100
|-heal|p2a: Swampert|73/100|[from] ability: Hospitality|[of] p2b: Sinistcha
|move|p2a: Swampert|Protect|p2a: Swampert
|-singleturn|p2a: Swampert|Protect
|move|p1b: Farigiraf|Hyper Voice|p2a: Swampert|[spread] 
|-activate|p2a: Swampert|move: Protect
|-immune|p2b: Sinistcha
|move|p1a: Sinistcha|Matcha Gotcha|p2b: Sinistcha|[spread] p2b
|-activate|p2a: Swampert|move: Protect
|-resisted|p2b: Sinistcha|1
|-damage|p2b: Sinistcha|83/100
|-heal|p1a: Sinistcha|89/100|[from] drain|[of] p2b: Sinistcha
|
|upkeep
|turn|4
|inactive|Endernite44 has 30 seconds left.
|inactive|Endernite44 has 20 seconds left.
|inactive|Endernite44 has 15 seconds left.
|inactive|Endernite44 has 10 seconds left.
|inactive|Endernite44 has 5 seconds left.
|
|t:|1784964703
|switch|p1b: Blastoise|Blastoise, L50, F|100/100
|switch|p1a: Incineroar|Incineroar, L50, M|100/100
|-ability|p1a: Incineroar|Intimidate|boost
|-unboost|p2a: Swampert|atk|1
|-unboost|p2b: Sinistcha|atk|1
|switch|p2a: Grimmsnarl|Grimmsnarl, L50, M|60/100
|move|p2b: Sinistcha|Protect||[still]
|-fail|p2b: Sinistcha
|
|upkeep
|turn|5
|inactive|crescentsoul has 30 seconds left.
|inactive|crescentsoul has 20 seconds left.
|inactive|crescentsoul has 15 seconds left.
|inactive|Endernite44 has 30 seconds left.
|inactive|crescentsoul has 10 seconds left.
|inactive|crescentsoul has 5 seconds left.
|
|t:|1784964758
|switch|p2b: Pelipper|Pelipper, L50, M|100/100
|-weather|RainDance|[from] ability: Drizzle|[of] p2b: Pelipper
|detailschange|p1b: Blastoise|Blastoise-Mega, L50, F
|-mega|p1b: Blastoise|Blastoise|Blastoisinite
|move|p1a: Incineroar|Fake Out|p2a: Grimmsnarl
|-damage|p2a: Grimmsnarl|50/100y
|cant|p2a: Grimmsnarl|flinch
|move|p1b: Blastoise|Dark Pulse|p2b: Pelipper
|-damage|p2b: Pelipper|17/100
|-enditem|p2b: Pelipper|Sitrus Berry|[eat]
|-heal|p2b: Pelipper|42/100|[from] item: Sitrus Berry
|
|-weather|RainDance|[upkeep]
|-fieldend|move: Trick Room
|upkeep
|turn|6
|inactive|Endernite44 has 30 seconds left.
|inactive|crescentsoul has 30 seconds left.
|
|t:|1784964785
|switch|p1a: Farigiraf|Farigiraf, L50, M|77/100
|move|p2a: Grimmsnarl|Parting Shot||[still]
|cant|p1a: Farigiraf|ability: Armor Tail|Parting Shot|[of] p2a: Grimmsnarl
|move|p2b: Pelipper|Hurricane|p1b: Blastoise
|-damage|p1b: Blastoise|57/100
|-start|p1b: Blastoise|confusion
|-activate|p1b: Blastoise|confusion
|move|p1b: Blastoise|Water Spout|p2a: Grimmsnarl|[spread] p2a,p2b
|-resisted|p2b: Pelipper|1
|-damage|p2a: Grimmsnarl|8/100
|-damage|p2b: Pelipper|0 fnt
|faint|p2b: Pelipper
|
|-weather|RainDance|[upkeep]
|upkeep
|
|t:|1784964788
|switch|p2b: Swampert|Swampert-Mega, L50, M|73/100
|turn|7
|
|t:|1784964806
|switch|p1b: Incineroar|Incineroar, L50, M|100/100
|-ability|p1b: Incineroar|Intimidate|boost
|-unboost|p2a: Grimmsnarl|atk|1
|-unboost|p2b: Swampert|atk|1
|move|p2a: Grimmsnarl|Light Screen|p2a: Grimmsnarl
|-sidestart|p2: crescentsoul|move: Light Screen
|move|p2b: Swampert|Wave Crash|p1a: Farigiraf
|-damage|p1a: Farigiraf|10/100
|-enditem|p1a: Farigiraf|Sitrus Berry|[eat]
|-heal|p1a: Farigiraf|34/100|[from] item: Sitrus Berry
|-damage|p2b: Swampert|44/100|[from] Recoil
|move|p1a: Farigiraf|Trick Room|p1a: Farigiraf
|-fieldstart|move: Trick Room|[of] p1a: Farigiraf
|
|-weather|RainDance|[upkeep]
|upkeep
|turn|8
|-message|crescentsoul forfeited.
|raw|Endernite44's rating: 1125 → 1149(+24 for winning)
|raw|crescentsoul's rating: 1117 → 1093(-24 for losing)
|
|win|Endernite44
