|j|☆bellytelevision
|j|☆memeberserk
|html|bellytelevisionmemeberserk    
|uhtml|bestof|Game 3 of a best-of-3
|t:|1782753596
|gametype|doubles
|player|p1|bellytelevision|biker|1034
|player|p2|memeberserk|lance|1114
|gen|9
|tier|[Gen 9 Champions] VGC 2026 Reg M-B (Bo3)
|rated|
|rule|Species Clause: Limit one of each Pokémon
|rule|Item Clause: Limit 1 of each item
|clearpoke
|poke|p1|Venusaur, L50, M, shiny|
|poke|p1|Swampert, L50, M|
|poke|p1|Sinistcha, L50|
|poke|p1|Pelipper, L50, F|
|poke|p1|Archaludon, L50, M, shiny|
|poke|p1|Sableye, L50, F, shiny|
|poke|p2|Grimmsnarl, L50, M|
|poke|p2|Toxapex, L50, F|
|poke|p2|Pelipper, L50, F|
|poke|p2|Swampert, L50, F|
|poke|p2|Staraptor, L50, M|
|poke|p2|Sinistcha, L50|
|teampreview|4
|showteam|p1|Venusaur||Venusaurite|Chlorophyll|GigaDrain,SludgeBomb,Protect,EarthPower|Modest||M|||50|]Swampert||Swampertite|Torrent|WaveCrash,IcePunch,HighHorsepower,Protect|Adamant||M|||50|]Sinistcha||CobaBerry|Hospitality|RagePowder,MatchaGotcha,LifeDew,TrickRoom|Sassy|||||50|]Pelipper||SitrusBerry|Drizzle|Tailwind,Hurricane,WeatherBall,WideGuard|Bold||F|||50|]Archaludon||Leftovers|Stamina|ElectroShot,FlashCannon,DragonPulse,Protect|Modest||M|||50|]Sableye||LightClay|Prankster|RainDance,Reflect,LightScreen,WillOWisp|Sassy||F|||50|
|showteam|p2|Grimmsnarl||LightClay|Prankster|LightScreen,Reflect,PartingShot,SpiritBreak|Careful||M|||50|]Toxapex||Leftovers|Regenerator|Infestation,Toxic,BanefulBunker,WideGuard|Bold||F|||50|]Pelipper||FocusSash|Drizzle|Hurricane,WeatherBall,Protect,Tailwind|Timid||F|||50|]Swampert||Swampertite|Torrent|Earthquake,WaveCrash,Protect,IcePunch|Adamant||F|||50|]Staraptor||Staraptite|Intimidate|CloseCombat,Roost,Protect,BraveBird|Adamant||M|||50|]Sinistcha||ColburBerry|Hospitality|MatchaGotcha,Protect,RagePowder,StrengthSap|Bold|||||50|
|inactive|Battle timer is ON: inactive players will automatically lose when time's up. (requested by memeberserk)
|
|t:|1782753622
|teamsize|p1|4
|teamsize|p2|4
|start
|switch|p1a: Sableye|Sableye, L50, F, shiny|100/100
|switch|p1b: Pelipper|Pelipper, L50, F|100/100
|switch|p2a: Grimmsnarl|Grimmsnarl, L50, M|100/100
|switch|p2b: Staraptor|Staraptor, L50, M|100/100
|-ability|p2b: Staraptor|Intimidate|boost
|-unboost|p1a: Sableye|atk|1
|-unboost|p1b: Pelipper|atk|1
|-weather|RainDance|[from] ability: Drizzle|[of] p1b: Pelipper
|turn|1
|
|t:|1782753637
|move|p2b: Staraptor|Protect|p2b: Staraptor
|-singleturn|p2b: Staraptor|Protect
|move|p1a: Sableye|Reflect|p1a: Sableye
|-sidestart|p1: bellytelevision|Reflect
|move|p1b: Pelipper|Tailwind|p1b: Pelipper
|-sidestart|p1: bellytelevision|move: Tailwind
|move|p2a: Grimmsnarl|Spirit Break|p1a: Sableye
|-supereffective|p1a: Sableye|1
|-damage|p1a: Sableye|45/100
|-unboost|p1a: Sableye|spa|1
|
|-weather|RainDance|[upkeep]
|upkeep
|turn|2
|
|t:|1782753656
|detailschange|p2b: Staraptor|Staraptor-Mega, L50, M
|-mega|p2b: Staraptor|Staraptor|Staraptite
|move|p1a: Sableye|Will-O-Wisp|p2b: Staraptor
|-status|p2b: Staraptor|brn
|move|p2a: Grimmsnarl|Light Screen|p2a: Grimmsnarl
|-sidestart|p2: memeberserk|move: Light Screen
|move|p1b: Pelipper|Hurricane|p2b: Staraptor
|-supereffective|p2b: Staraptor|1
|-crit|p2b: Staraptor
|-damage|p2b: Staraptor|0 fnt
|faint|p2b: Staraptor
|
|-weather|RainDance|[upkeep]
|upkeep
|
|t:|1782753666
|switch|p2b: Toxapex|Toxapex, L50, F|100/100
|turn|3
|
|t:|1782753680
|move|p1a: Sableye|Will-O-Wisp|p2b: Toxapex
|-status|p2b: Toxapex|brn
|move|p1b: Pelipper|Hurricane|p2b: Toxapex
|-damage|p2b: Toxapex|79/100 brn
|-start|p2b: Toxapex|confusion
|move|p2a: Grimmsnarl|Spirit Break|p1a: Sableye
|-supereffective|p1a: Sableye|1
|-damage|p1a: Sableye|0 fnt
|faint|p1a: Sableye
|-activate|p2b: Toxapex|confusion
|move|p2b: Toxapex|Toxic|p1b: Pelipper
|-status|p1b: Pelipper|tox
|
|-weather|RainDance|[upkeep]
|-heal|p2b: Toxapex|85/100 brn|[from] item: Leftovers
|-damage|p1b: Pelipper|93/100 tox|[from] psn
|-damage|p2b: Toxapex|79/100 brn|[from] brn
|upkeep
|
|t:|1782753696
|switch|p1a: Archaludon|Archaludon, L50, M, shiny|100/100
|turn|4
|
|t:|1782753710
|-activate|p2b: Toxapex|confusion
|move|p2b: Toxapex|Baneful Bunker|p2b: Toxapex
|-singleturn|p2b: Toxapex|move: Protect
|move|p2a: Grimmsnarl|Parting Shot|p1a: Archaludon
|-unboost|p1a: Archaludon|atk|1
|-unboost|p1a: Archaludon|spa|1
|
|t:|1782753716
|switch|p2a: Swampert|Swampert, L50, F|100/100|[from] Parting Shot
|move|p1a: Archaludon|Electro Shot||[still]
|-prepare|p1a: Archaludon|Electro Shot
|-boost|p1a: Archaludon|spa|1
|-anim|p1a: Archaludon|Electro Shot|p2b: Toxapex
|-activate|p2b: Toxapex|move: Protect
|move|p1b: Pelipper|Hurricane|p2a: Swampert
|-damage|p2a: Swampert|76/100
|-start|p2a: Swampert|confusion
|
|-weather|RainDance|[upkeep]
|-heal|p2b: Toxapex|85/100 brn|[from] item: Leftovers
|-damage|p1b: Pelipper|81/100 tox|[from] psn
|-damage|p2b: Toxapex|79/100 brn|[from] brn
|-sideend|p1: bellytelevision|move: Tailwind
|upkeep
|turn|5
|inactive|bellytelevision has 30 seconds left.
|inactive|memeberserk has 30 seconds left.
|inactive|memeberserk has 20 seconds left.
|inactive|memeberserk has 15 seconds left.
|
|t:|1782753760
|-heal|p2b: Toxapex|100/100 brn|[from] ability: Regenerator|[silent]
|switch|p2b: Grimmsnarl|Grimmsnarl, L50, M|100/100
|-activate|p2a: Swampert|confusion
|move|p2a: Swampert|Protect|p2a: Swampert
|-singleturn|p2a: Swampert|Protect
|move|p1a: Archaludon|Electro Shot||[still]
|-prepare|p1a: Archaludon|Electro Shot
|-boost|p1a: Archaludon|spa|1
|-anim|p1a: Archaludon|Electro Shot|p2b: Grimmsnarl
|-damage|p2b: Grimmsnarl|70/100
|move|p1b: Pelipper|Tailwind|p1b: Pelipper
|-sidestart|p1: bellytelevision|move: Tailwind
|
|-weather|none
|-damage|p1b: Pelipper|63/100 tox|[from] psn
|upkeep
|turn|6
|inactive|bellytelevision has 30 seconds left.
|
|t:|1782753790
|switch|p1b: Sinistcha|Sinistcha, L50|100/100
|move|p2b: Grimmsnarl|Parting Shot|p1a: Archaludon
|-unboost|p1a: Archaludon|atk|1
|-unboost|p1a: Archaludon|spa|1
|
|t:|1782753795
|switch|p2b: Toxapex|Toxapex, L50, F|100/100 brn|[from] Parting Shot
|move|p1a: Archaludon|Dragon Pulse|p2a: Swampert
|-damage|p2a: Swampert|51/100
|-end|p2a: Swampert|confusion
|move|p2a: Swampert|Earthquake|p1a: Archaludon|[spread] p2b,p1a,p1b
|-supereffective|p2b: Toxapex|1
|-supereffective|p1a: Archaludon|1
|-resisted|p1b: Sinistcha|1
|-damage|p2b: Toxapex|50/100g brn
|-damage|p1a: Archaludon|59/100
|-damage|p1b: Sinistcha|89/100
|-ability|p1a: Archaludon|Stamina|boost
|-boost|p1a: Archaludon|def|1
|
|-heal|p1a: Archaludon|66/100|[from] item: Leftovers
|-heal|p2b: Toxapex|56/100 brn|[from] item: Leftovers
|-damage|p2b: Toxapex|50/100g brn|[from] brn
|upkeep
|turn|7
|inactive|bellytelevision has 30 seconds left.
|
|t:|1782753824
|switch|p1b: Pelipper|Pelipper, L50, F|63/100 tox
|-weather|RainDance|[from] ability: Drizzle|[of] p1b: Pelipper
|move|p1a: Archaludon|Protect|p1a: Archaludon
|-singleturn|p1a: Archaludon|Protect
|move|p2a: Swampert|Protect|p2a: Swampert
|-singleturn|p2a: Swampert|Protect
|move|p2b: Toxapex|Toxic|p1b: Pelipper
|-fail|p1b: Pelipper|tox
|
|-weather|RainDance|[upkeep]
|-heal|p1a: Archaludon|72/100|[from] item: Leftovers
|-heal|p2b: Toxapex|56/100 brn|[from] item: Leftovers
|-damage|p1b: Pelipper|57/100 tox|[from] psn
|-damage|p2b: Toxapex|50/100g brn|[from] brn
|upkeep
|turn|8
|-message|memeberserk forfeited.
|
|win|bellytelevision
|raw|bellytelevision's rating: 1034 → 1077(+43 for winning)
|raw|memeberserk's rating: 1114 → 1083(-31 for losing)
|l|☆memeberserk
|player|p2|
|c|☆bellytelevision|gg
