|j|☆tessa scarlet
|j|☆fortree21utube
|html|tessa scarletfortree21utube    
|uhtml|bestof|Game 3 of a best-of-3
|t:|1756457988
|gametype|doubles
|player|p1|tessa scarlet|102|1407
|player|p2|fortree21utube|169|1333
|gen|9
|tier|[Gen 9] VGC 2025 Reg H (Bo3)
|rated|
|rule|Species Clause: Limit one of each Pokémon
|rule|Item Clause: Limit 1 of each item
|clearpoke
|poke|p1|Gholdengo, L50|
|poke|p1|Sneasler, L50, M|
|poke|p1|Rillaboom, L50, F|
|poke|p1|Dragonite, L50, F|
|poke|p1|Ninetales-Alola, L50, M|
|poke|p1|Arcanine-Hisui, L50, F|
|poke|p2|Pawmot, L50, F|
|poke|p2|Typhlosion-Hisui, L50, F|
|poke|p2|Weezing-Galar, L50, F|
|poke|p2|Toedscruel, L50, F|
|poke|p2|Corviknight, L50, M|
|poke|p2|Garchomp, L50, M|
|teampreview|4
|showteam|p1|Gholdengo||GrassySeed|GoodasGold|NastyPlot,MakeItRain,ShadowBall,Protect||||||50|,,,,,Water]Sneasler||WhiteHerb|Unburden|CloseCombat,DireClaw,Coaching,Protect|||M|||50|,,,,,Ghost]Rillaboom||AssaultVest|GrassySurge|FakeOut,GrassyGlide,DrumBeating,HighHorsepower|||F|||50|,,,,,Fire]Dragonite||LoadedDice|Multiscale|ScaleShot,StompingTantrum,Tailwind,Protect|||F|||50|,,,,,Ground]Ninetales-Alola||FocusSash|SnowWarning|Blizzard,IcyWind,Encore,AuroraVeil|||M|||50|,,,,,Ghost]Arcanine-Hisui||ClearAmulet|Intimidate|RockSlide,FlareBlitz,ExtremeSpeed,Protect|||F|||50|,,,,,Water
|showteam|p2|Pawmot||FocusSash|VoltAbsorb|DoubleShock,CloseCombat,FakeOut,Protect|||F|||50|,,,,,Electric]Typhlosion-Hisui||ChoiceScarf|Frisk|Eruption,HeatWave,ShadowBall,SleepTalk|||F|||50|,,,,,Fire]Weezing-Galar||ChoiceSpecs|NeutralizingGas|StrangeSteam,DazzlingGleam,SludgeBomb,Flamethrower|||F|||50|,,,,,Water]Toedscruel||CovertCloak|MyceliumMight|EarthPower,Taunt,Spore,RagePowder|||F|||50|,,,,,Water]Corviknight||SitrusBerry|MirrorArmor|BraveBird,Tailwind,Roost,Protect|||M|||50|,,,,,Dragon]Garchomp||LifeOrb|RoughSkin|Earthquake,StompingTantrum,DragonClaw,Protect|||M|||50|,,,,,Ground
|inactive|Battle timer is ON: inactive players will automatically lose when time's up. (requested by fortree21utube)
|inactive|tessa scarlet has 60 seconds left.
|
|t:|1756458064
|teamsize|p1|4
|teamsize|p2|4
|start
|switch|p1a: Ninetales|Ninetales-Alola, L50, M|100/100
|switch|p1b: Rillaboom|Rillaboom, L50, F|100/100
|switch|p2a: Weezing|Weezing-Galar, L50, F|100/100
|switch|p2b: Typhlosion|Typhlosion-Hisui, L50, F|100/100
|-ability|p2a: Weezing|Neutralizing Gas
|turn|1
|inactive|tessa scarlet has 30 seconds left.
|
|t:|1756458099
|switch|p2b: Corviknight|Corviknight, L50, M|100/100
|-terastallize|p1b: Rillaboom|Fire
|move|p1a: Ninetales|Icy Wind|p2a: Weezing|[spread] p2a,p2b
|-damage|p2a: Weezing|79/100
|-damage|p2b: Corviknight|88/100
|-unboost|p2a: Weezing|spe|1
|-unboost|p2b: Corviknight|spe|1
|move|p1b: Rillaboom|Drum Beating|p2b: Corviknight
|-resisted|p2b: Corviknight
|-damage|p2b: Corviknight|80/100
|-unboost|p2b: Corviknight|spe|1
|move|p2a: Weezing|Sludge Bomb|p1b: Rillaboom
|-damage|p1b: Rillaboom|53/100
|
|upkeep
|turn|2
|
|t:|1756458122
|move|p1a: Ninetales|Blizzard|p2a: Weezing|[spread] p2a
|-miss|p1a: Ninetales|p2b: Corviknight
|-damage|p2a: Weezing|40/100
|move|p1b: Rillaboom|High Horsepower|p2a: Weezing
|-supereffective|p2a: Weezing
|-damage|p2a: Weezing|0 fnt
|faint|p2a: Weezing
|-end|p2a: Weezing|ability: Neutralizing Gas
|-weather|Snowscape|[from] ability: Snow Warning|[of] p1a: Ninetales
|-fieldstart|move: Grassy Terrain|[from] ability: Grassy Surge|[of] p1b: Rillaboom
|move|p2b: Corviknight|Brave Bird|p1a: Ninetales
|-damage|p1a: Ninetales|64/100
|-damage|p2b: Corviknight|72/100|[from] Recoil
|
|-weather|Snowscape|[upkeep]
|-heal|p1a: Ninetales|70/100|[from] Grassy Terrain
|-heal|p1b: Rillaboom|59/100|[from] Grassy Terrain
|upkeep
|inactive|fortree21utube has 30 seconds left.
|
|t:|1756458150
|switch|p2a: Typhlosion|Typhlosion-Hisui, L50, F|100/100
|-item|p1a: Ninetales|Focus Sash|[from] ability: Frisk|[of] p2a: Typhlosion
|-item|p1b: Rillaboom|Assault Vest|[from] ability: Frisk|[of] p2a: Typhlosion
|turn|3
|
|t:|1756458165
|move|p2a: Typhlosion|Eruption|p1b: Rillaboom|[spread] p1a,p1b
|-supereffective|p1a: Ninetales
|-resisted|p1b: Rillaboom
|-damage|p1a: Ninetales|0 fnt
|-damage|p1b: Rillaboom|35/100
|faint|p1a: Ninetales
|move|p1b: Rillaboom|High Horsepower|p2a: Typhlosion
|-supereffective|p2a: Typhlosion
|-damage|p2a: Typhlosion|12/100
|move|p2b: Corviknight|Brave Bird|p1b: Rillaboom
|-damage|p1b: Rillaboom|0 fnt
|faint|p1b: Rillaboom
|-damage|p2b: Corviknight|61/100|[from] Recoil
|
|-weather|Snowscape|[upkeep]
|-heal|p2a: Typhlosion|18/100|[from] Grassy Terrain
|upkeep
|
|t:|1756458172
|switch|p1a: Dragonite|Dragonite, L50, F|100/100
|switch|p1b: Gholdengo|Gholdengo, L50|100/100
|-enditem|p1b: Gholdengo|Grassy Seed
|-boost|p1b: Gholdengo|def|1|[from] item: Grassy Seed
|turn|4
|
|t:|1756458189
|move|p2a: Typhlosion|Eruption|p1b: Gholdengo|[spread] p1a,p1b
|-resisted|p1a: Dragonite
|-supereffective|p1b: Gholdengo
|-damage|p1a: Dragonite|98/100
|-damage|p1b: Gholdengo|78/100
|move|p1b: Gholdengo|Shadow Ball|p2b: Corviknight
|-damage|p2b: Corviknight|35/100
|-enditem|p2b: Corviknight|Sitrus Berry|[eat]
|-heal|p2b: Corviknight|60/100|[from] item: Sitrus Berry
|move|p1a: Dragonite|Scale Shot|p2b: Corviknight
|-resisted|p2b: Corviknight
|-damage|p2b: Corviknight|54/100
|-resisted|p2b: Corviknight
|-damage|p2b: Corviknight|48/100
|-resisted|p2b: Corviknight
|-damage|p2b: Corviknight|41/100
|-resisted|p2b: Corviknight
|-damage|p2b: Corviknight|36/100
|-hitcount|p2b: Corviknight|4
|-unboost|p1a: Dragonite|def|1
|-boost|p1a: Dragonite|spe|1
|move|p2b: Corviknight|Tailwind|p2b: Corviknight
|-sidestart|p2: fortree21utube|move: Tailwind
|
|-weather|Snowscape|[upkeep]
|-heal|p2a: Typhlosion|24/100|[from] Grassy Terrain
|-heal|p1b: Gholdengo|84/100|[from] Grassy Terrain
|upkeep
|turn|5
|
|t:|1756458213
|move|p2a: Typhlosion|Eruption|p1b: Gholdengo|[spread] p1a,p1b
|-resisted|p1a: Dragonite
|-supereffective|p1b: Gholdengo
|-damage|p1a: Dragonite|91/100
|-damage|p1b: Gholdengo|56/100
|move|p1a: Dragonite|Tailwind|p1a: Dragonite
|-sidestart|p1: tessa scarlet|move: Tailwind
|move|p1b: Gholdengo|Shadow Ball|p2b: Corviknight
|-damage|p2b: Corviknight|10/100
|-ability|p2b: Corviknight|Mirror Armor
|-unboost|p1b: Gholdengo|spd|1
|move|p2b: Corviknight|Roost|p2b: Corviknight
|-heal|p2b: Corviknight|60/100
|-singleturn|p2b: Corviknight|move: Roost
|
|-weather|Snowscape|[upkeep]
|-heal|p2a: Typhlosion|30/100|[from] Grassy Terrain
|-heal|p1b: Gholdengo|62/100|[from] Grassy Terrain
|-heal|p2b: Corviknight|66/100|[from] Grassy Terrain
|upkeep
|turn|6
|inactive|tessa scarlet has 30 seconds left.
|
|t:|1756458247
|move|p1b: Gholdengo|Protect|p1b: Gholdengo
|-singleturn|p1b: Gholdengo|Protect
|move|p2a: Typhlosion|Eruption|p1b: Gholdengo|[spread] p1a
|-activate|p1b: Gholdengo|move: Protect
|-resisted|p1a: Dragonite
|-damage|p1a: Dragonite|81/100
|move|p1a: Dragonite|Scale Shot|p2a: Typhlosion|[miss]
|-miss|p1a: Dragonite|p2a: Typhlosion
|move|p2b: Corviknight|Brave Bird|p1a: Dragonite
|-damage|p1a: Dragonite|21/100
|-damage|p2b: Corviknight|50/100|[from] Recoil
|
|-weather|none
|-heal|p2a: Typhlosion|36/100|[from] Grassy Terrain
|-heal|p1b: Gholdengo|68/100|[from] Grassy Terrain
|-fieldend|move: Grassy Terrain
|upkeep
|turn|7
|-message|tessa scarlet forfeited.
|
|win|fortree21utube
|raw|tessa scarlet's rating: 1407 → 1383(-24 for losing)
|raw|fortree21utube's rating: 1333 → 1357(+24 for winning)
|l|☆tessa scarlet
|player|p1|
|l|☆fortree21utube
|player|p2|
|j|☆fortree21utube
|player|p2|fortree21utube|169|
