|j|☆datrandomguy787
|j|☆redjaguar
|html|datrandomguy787redjaguar    
|uhtml|bestof|Game 1 of a best-of-3
|t:|1785343673
|gametype|doubles
|player|p1|datrandomguy787|101|1058
|player|p2|redjaguar|gambler|1014
|gen|9
|tier|[Gen 9 Champions] VGC 2026 Reg M-B (Bo3)
|rated|
|rule|Species Clause: Limit one of each Pokémon
|rule|Item Clause: Limit 1 of each item
|clearpoke
|poke|p1|Staraptor, L50, F|
|poke|p1|Garchomp, L50, F|
|poke|p1|Whimsicott, L50, M|
|poke|p1|Delphox, L50, F|
|poke|p1|Glimmora, L50, F|
|poke|p1|Kingambit, L50, F, shiny|
|poke|p2|Dragonite, L50, F|
|poke|p2|Gardevoir, L50, M|
|poke|p2|Raichu, L50, F|
|poke|p2|Kingambit, L50, F|
|poke|p2|Incineroar, L50, F|
|poke|p2|Empoleon, L50, F|
|teampreview|4
|showteam|p1|Staraptor||Staraptite|Intimidate|Protect,Roost,CloseCombat,BraveBird|Jolly||F|||50|]Garchomp||LifeOrb|RoughSkin|Protect,RockSlide,Earthquake,DragonClaw|Jolly||F|||50|]Whimsicott||OccaBerry|Prankster|Moonblast,Tailwind,Charm,LightScreen|Timid||M|||50|]Delphox||Delphoxite|Magician|Protect,Psychic,HeatWave,Substitute|Modest||F|||50|]Glimmora||FocusSash|ToxicDebris|SpikyShield,EarthPower,PowerGem,SludgeBomb|Timid||F|||50|]Kingambit||ChopleBerry|Defiant|KowtowCleave,IronHead,SuckerPunch,LowKick|Adamant||F|||50|
|showteam|p2|Dragonite||ExpertBelt|Multiscale|IceSpinner,StompingTantrum,ExtremeSpeed,Protect|Adamant||F|||50|]Gardevoir||Gardevoirite|Trace|HyperVoice,MysticalFire,Protect,Psychic|Timid||M|||50|]Raichu||SitrusBerry|LightningRod|FakeOut,HelpingHand,Nuzzle,VoltSwitch|Timid||F|||50|]Kingambit||BlackGlasses|SupremeOverlord|KowtowCleave,SuckerPunch,Protect,IronHead|Adamant||F|||50|]Incineroar||WhiteHerb|Intimidate|FakeOut,FlareBlitz,PartingShot,Taunt|Impish||F|||50|]Empoleon||Leftovers|Competitive|IcyWind,Protect,FlashCannon,HydroPump|Modest||F|||50|
|inactive|Battle timer is ON: inactive players will automatically lose when time's up. (requested by datrandomguy787)
|
|t:|1785343737
|teamsize|p1|4
|teamsize|p2|4
|start
|switch|p1a: Delphox|Delphox, L50, F|100/100
|switch|p1b: Garchomp|Garchomp, L50, F|100/100
|switch|p2a: Incineroar|Incineroar, L50, F|100/100
|switch|p2b: Dragonite|Dragonite, L50, F|100/100
|-ability|p2a: Incineroar|Intimidate|boost
|-unboost|p1a: Delphox|atk|1
|-unboost|p1b: Garchomp|atk|1
|turn|1
|inactive|redjaguar has 30 seconds left.
|
|t:|1785343771
|detailschange|p1a: Delphox|Delphox-Mega, L50, F
|-mega|p1a: Delphox|Delphox|Delphoxite
|move|p1a: Delphox|Protect|p1a: Delphox
|-singleturn|p1a: Delphox|Protect
|move|p1b: Garchomp|Protect|p1b: Garchomp
|-singleturn|p1b: Garchomp|Protect
|move|p2a: Incineroar|Fake Out|p1b: Garchomp
|-activate|p1b: Garchomp|move: Protect
|move|p2b: Dragonite|Ice Spinner|p1b: Garchomp
|-activate|p1b: Garchomp|move: Protect
|
|upkeep
|turn|2
|inactive|redjaguar has 30 seconds left.
|inactive|redjaguar has 20 seconds left.
|inactive|redjaguar has 15 seconds left.
|
|t:|1785343814
|switch|p1b: Glimmora|Glimmora, L50, F|100/100
|move|p2b: Dragonite|Protect|p2b: Dragonite
|-singleturn|p2b: Dragonite|Protect
|move|p1a: Delphox|Substitute|p1a: Delphox
|-start|p1a: Delphox|Substitute
|-damage|p1a: Delphox|75/100
|move|p2a: Incineroar|Parting Shot|p1b: Glimmora
|-unboost|p1b: Glimmora|atk|1
|-unboost|p1b: Glimmora|spa|1
|inactive|redjaguar has 30 seconds left.
|
|t:|1785343847
|switch|p2a: Empoleon|Empoleon, L50, F|100/100|[from] Parting Shot
|
|upkeep
|turn|3
|inactive|redjaguar has 30 seconds left.
|
|t:|1785343876
|move|p1a: Delphox|Heat Wave|p2b: Dragonite|[spread] p2a,p2b
|-resisted|p2b: Dragonite|1
|-damage|p2a: Empoleon|65/100
|-damage|p2b: Dragonite|90/100
|-status|p2b: Dragonite|brn
|move|p1b: Glimmora|Earth Power|p2a: Empoleon
|-supereffective|p2a: Empoleon|1
|-damage|p2a: Empoleon|36/100
|move|p2b: Dragonite|Stomping Tantrum|p1b: Glimmora
|-supereffective|p1b: Glimmora|2
|-damage|p1b: Glimmora|17/100
|-activate|p1b: Glimmora|ability: Toxic Debris
|-sidestart|p2: redjaguar|move: Toxic Spikes
|move|p2a: Empoleon|Icy Wind|p1b: Glimmora|[spread] p1a,p1b
|-resisted|p1a: Delphox|1
|-activate|p1a: Delphox|move: Substitute|[damage]
|-damage|p1b: Glimmora|0 fnt
|faint|p1b: Glimmora
|
|-heal|p2a: Empoleon|41/100|[from] item: Leftovers
|-damage|p2b: Dragonite|84/100 brn|[from] brn
|upkeep
|inactive|datrandomguy787 has 30 seconds left.
|
|t:|1785343906
|switch|p1b: Garchomp|Garchomp, L50, F|100/100
|turn|4
|
|t:|1785343924
|switch|p2a: Incineroar|Incineroar, L50, F|100/100
|-status|p2a: Incineroar|psn
|-ability|p2a: Incineroar|Intimidate|boost
|-immune|p1a: Delphox
|-unboost|p1b: Garchomp|atk|1
|move|p2b: Dragonite|Protect|p2b: Dragonite
|-singleturn|p2b: Dragonite|Protect
|move|p1a: Delphox|Psychic|p2a: Incineroar
|-immune|p2a: Incineroar
|move|p1b: Garchomp|Dragon Claw|p2b: Dragonite
|-activate|p2b: Dragonite|move: Protect
|
|-damage|p2a: Incineroar|87/100 psn|[from] psn
|-damage|p2b: Dragonite|78/100 brn|[from] brn
|upkeep
|turn|5
|inactive|datrandomguy787 has 30 seconds left.
|
|t:|1785343954
|move|p1a: Delphox|Protect|p1a: Delphox
|-singleturn|p1a: Delphox|Protect
|move|p1b: Garchomp|Protect|p1b: Garchomp
|-singleturn|p1b: Garchomp|Protect
|move|p2a: Incineroar|Fake Out|p1b: Garchomp
|-activate|p1b: Garchomp|move: Protect
|move|p2b: Dragonite|Ice Spinner|p1b: Garchomp
|-activate|p1b: Garchomp|move: Protect
|
|-damage|p2a: Incineroar|75/100 psn|[from] psn
|-damage|p2b: Dragonite|72/100 brn|[from] brn
|upkeep
|turn|6
|inactive|redjaguar has 30 seconds left.
|inactive|redjaguar has 20 seconds left.
|
|t:|1785343993
|switch|p2b: Gardevoir|Gardevoir, L50, M|100/100
|-status|p2b: Gardevoir|psn
|-ability|p2b: Gardevoir|Rough Skin|Trace|[from] ability: Trace|[of] p1b: Garchomp
|move|p1a: Delphox|Psychic|p2b: Gardevoir
|-resisted|p2b: Gardevoir|1
|-damage|p2b: Gardevoir|72/100 psn
|move|p1b: Garchomp|Rock Slide|p2b: Gardevoir|[spread] p2a,p2b
|-supereffective|p2a: Incineroar|1
|-damage|p2a: Incineroar|54/100 psn
|-damage|p2b: Gardevoir|50/100g psn
|-damage|p1b: Garchomp|90/100|[from] item: Life Orb
|cant|p2a: Incineroar|flinch
|
|-damage|p2b: Gardevoir|37/100 psn|[from] psn
|-damage|p2a: Incineroar|41/100 psn|[from] psn
|upkeep
|turn|7
|inactive|redjaguar has 30 seconds left.
|inactive|redjaguar has 20 seconds left.
|
|t:|1785344033
|switch|p1b: Whimsicott|Whimsicott, L50, M|100/100
|detailschange|p2b: Gardevoir|Gardevoir-Mega, L50, M
|-mega|p2b: Gardevoir|Gardevoir|Gardevoirite
|move|p2b: Gardevoir|Protect|p2b: Gardevoir
|-singleturn|p2b: Gardevoir|Protect
|move|p1a: Delphox|Heat Wave|p2a: Incineroar|[spread] p2a
|-activate|p2b: Gardevoir|move: Protect
|-resisted|p2a: Incineroar|1
|-damage|p2a: Incineroar|25/100 psn
|move|p2a: Incineroar|Parting Shot|p1b: Whimsicott
|-unboost|p1b: Whimsicott|atk|1
|-unboost|p1b: Whimsicott|spa|1
|
|t:|1785344046
|switch|p2a: Dragonite|Dragonite, L50, F|72/100 brn|[from] Parting Shot
|
|-damage|p2b: Gardevoir|25/100 psn|[from] psn
|-damage|p2a: Dragonite|66/100 brn|[from] brn
|upkeep
|turn|8
|
|t:|1785344059
|move|p2a: Dragonite|Extreme Speed|p1a: Delphox
|-end|p1a: Delphox|Substitute
|move|p2b: Gardevoir|Hyper Voice|p1a: Delphox|[spread] p1a,p1b
|-resisted|p1a: Delphox|1
|-damage|p1a: Delphox|50/100g
|-damage|p1b: Whimsicott|19/100
|move|p1a: Delphox|Heat Wave|p2b: Gardevoir|[spread] p2a,p2b
|-resisted|p2a: Dragonite|1
|-damage|p2a: Dragonite|50/100y brn
|-damage|p2b: Gardevoir|0 fnt
|faint|p2b: Gardevoir
|move|p1b: Whimsicott|Moonblast|p2a: Dragonite
|-supereffective|p2a: Dragonite|1
|-damage|p2a: Dragonite|19/100 brn
|
|-damage|p2a: Dragonite|13/100 brn|[from] brn
|upkeep
|
|t:|1785344084
|switch|p2b: Empoleon|Empoleon, L50, F|41/100
|turn|9
|
|t:|1785344099
|move|p1a: Delphox|Protect|p1a: Delphox
|-singleturn|p1a: Delphox|Protect
|move|p2a: Dragonite|Extreme Speed|p1b: Whimsicott
|-damage|p1b: Whimsicott|0 fnt
|faint|p1b: Whimsicott
|move|p2b: Empoleon|Hydro Pump|p1a: Delphox
|-activate|p1a: Delphox|move: Protect
|
|-heal|p2b: Empoleon|47/100|[from] item: Leftovers
|-damage|p2a: Dragonite|7/100 brn|[from] brn
|upkeep
|
|t:|1785344107
|switch|p1b: Garchomp|Garchomp, L50, F|90/100
|turn|10
|inactive|redjaguar has 30 seconds left.
|inactive|redjaguar has 20 seconds left.
|
|t:|1785344144
|switch|p2a: Incineroar|Incineroar, L50, F|25/100 psn
|-ability|p2a: Incineroar|Intimidate|boost
|-unboost|p1a: Delphox|atk|1
|-unboost|p1b: Garchomp|atk|1
|move|p1a: Delphox|Heat Wave|p2b: Empoleon|[spread] p2a,p2b
|-resisted|p2a: Incineroar|1
|-damage|p2a: Incineroar|8/100 psn
|-damage|p2b: Empoleon|14/100
|move|p1b: Garchomp|Earthquake|p2a: Incineroar|[spread] p2a,p2b
|-immune|p1a: Delphox|[from] ability: Levitate
|-supereffective|p2a: Incineroar|1
|-supereffective|p2b: Empoleon|1
|-damage|p2a: Incineroar|0 fnt
|-damage|p2b: Empoleon|0 fnt
|faint|p2a: Incineroar
|faint|p2b: Empoleon
|-damage|p1b: Garchomp|80/100|[from] item: Life Orb
|
|upkeep
|inactive|redjaguar has 30 seconds left.
|
|t:|1785344172
|switch|p2b: Dragonite|Dragonite, L50, F|7/100 brn
|turn|11
|
|t:|1785344183
|move|p2b: Dragonite|Extreme Speed|p1a: Delphox
|-damage|p1a: Delphox|28/100
|move|p1a: Delphox|Psychic|p2b: Dragonite
|-damage|p2b: Dragonite|0 fnt
|faint|p2b: Dragonite
|
|win|datrandomguy787
||datrandomguy787 is ready for game 2.
|inactive|redjaguar has 30 seconds to confirm battle start!
|inactive|redjaguar has 20 seconds to confirm battle start!
|inactive|redjaguar has 10 seconds to confirm battle start!
|uhtml|next|Next: Game 2 of 3
|l|☆datrandomguy787
|player|p1|
