|j|☆catsemma
|j|☆VJGreen
|html|catsemmaVJGreen    
|uhtml|bestof|Game 3 of a best-of-3
|t:|1784317707
|gametype|doubles
|player|p1|catsemma|266|
|player|p2|VJGreen|265|
|gen|9
|tier|[Gen 9 Champions] VGC 2026 Reg M-B (Bo3)
|rule|Species Clause: Limit one of each Pokémon
|rule|Item Clause: Limit 1 of each item
|clearpoke
|poke|p1|Steelix, L50, F|
|poke|p1|Mimikyu, L50, F|
|poke|p1|Sinistcha, L50|
|poke|p1|Clawitzer, L50, M|
|poke|p1|Staraptor, L50, M|
|poke|p1|Liepard, L50, M|
|poke|p2|Toxicroak, L50, M|
|poke|p2|Gengar, L50, F|
|poke|p2|Ninetales-Alola, L50, F|
|poke|p2|Kangaskhan, L50, F|
|poke|p2|Kommo-o, L50, F|
|poke|p2|Tauros-Paldea-Blaze, L50, M|
|teampreview|4
|showteam|p1|Steelix||Steelixite|SheerForce|Earthquake,GyroBall,Protect,BodyPress|Relaxed||F|||50|]Mimikyu||MentalHerb|Disguise|TrickRoom,Taunt,WillOWisp,PlayRough|Brave||F|||50|]Sinistcha||Leftovers|Hospitality|MatchaGotcha,TrickRoom,Protect,ShadowBall|Quiet|||||50|]Clawitzer||LifeOrb|MegaLauncher|WaterPulse,AuraSphere,DarkPulse,Protect|Quiet||M|||50|]Staraptor||Staraptite|Intimidate|BraveBird,CloseCombat,Protect,Roost|Brave||M|||50|]Liepard||FocusSash|Prankster|FakeOut,KnockOff,Charm,Encore|Adamant||M|||50|
|showteam|p2|Toxicroak||ExpertBelt|PoisonTouch|Taunt,FakeOut,SuckerPunch,BrickBreak|Jolly||M|||50|]Gengar||Gengarite|CursedBody|PerishSong,Protect,SludgeWave,ShadowBall|Modest||F|||50|]Ninetales-Alola||MentalHerb|SnowWarning|AuroraVeil,DazzlingGleam,Agility,Blizzard|Modest||F|||50|]Kangaskhan||Kangaskhanite|Scrappy|FakeOut,Protect,SuckerPunch,DoubleEdge|Jolly||F|||50|]Kommo-o||Leftovers|Soundproof|ClangingScales,Taunt,BodyPress,IronDefense|Calm||F|||50|]Tauros-Paldea-Blaze||FocusSash|Intimidate|CloseCombat,FlareBlitz,HighHorsepower,Endeavor|Adamant||M|||50|
|j| Cookedcatf1sh
|j| fishy justice
|j| fenixyyy
|j| Myst66
|
|t:|1784317769
|teamsize|p1|4
|teamsize|p2|4
|start
|switch|p1a: Tirana|Staraptor, L50, M|100/100
|switch|p1b: Berat|Liepard, L50, M|100/100
|switch|p2a: Jengmo-o Fett-o|Kommo-o, L50, F|100/100
|switch|p2b: Gengar|Gengar, L50, F|100/100
|-ability|p1a: Tirana|Intimidate|boost
|-unboost|p2a: Jengmo-o Fett-o|atk|1
|-unboost|p2b: Gengar|atk|1
|turn|1
|
|t:|1784317834
|detailschange|p2b: Gengar|Gengar-Mega, L50, F
|-mega|p2b: Gengar|Gengar|Gengarite
|detailschange|p1a: Tirana|Staraptor-Mega, L50, M
|-mega|p1a: Tirana|Staraptor|Staraptite
|move|p1b: Berat|Charm|p1a: Tirana
|-boost|p1a: Tirana|atk|2
|move|p2b: Gengar|Perish Song|p2b: Gengar
|-start|p1a: Tirana|perish3|[silent]
|-start|p1b: Berat|perish3|[silent]
|-immune|p2a: Jengmo-o Fett-o|[from] ability: Soundproof
|-start|p2b: Gengar|perish3|[silent]
|-fieldactivate|move: Perish Song
|move|p1a: Tirana|Brave Bird|p2a: Jengmo-o Fett-o
|-supereffective|p2a: Jengmo-o Fett-o|1
|-damage|p2a: Jengmo-o Fett-o|0 fnt
|faint|p2a: Jengmo-o Fett-o
|-damage|p1a: Tirana|68/100|[from] Recoil
|
|-start|p2b: Gengar|perish3
|-start|p1b: Berat|perish3
|-start|p1a: Tirana|perish3
|upkeep
|
|t:|1784317892
|switch|p2a: Kurama|Ninetales-Alola, L50, F|100/100
|-weather|Snowscape|[from] ability: Snow Warning|[of] p2a: Kurama
|turn|2
|
|t:|1784317914
|move|p2b: Gengar|Protect|p2b: Gengar
|-singleturn|p2b: Gengar|Protect
|move|p1a: Tirana|Protect|p1a: Tirana
|-singleturn|p1a: Tirana|Protect
|move|p2a: Kurama|Aurora Veil|p2a: Kurama
|-sidestart|p2: VJGreen|move: Aurora Veil
|move|p1b: Berat|Knock Off|p2b: Gengar
|-activate|p2b: Gengar|move: Protect
|
|-weather|Snowscape|[upkeep]
|-start|p2b: Gengar|perish2
|-start|p1b: Berat|perish2
|-start|p1a: Tirana|perish2
|upkeep
|turn|3
|
|t:|1784317949
|move|p1b: Berat|Encore|p2a: Kurama
|-start|p2a: Kurama|Encore
|-enditem|p2a: Kurama|Mental Herb
|-end|p2a: Kurama|Encore
|move|p2b: Gengar|Shadow Ball|p1a: Tirana
|-damage|p1a: Tirana|10/100
|move|p2a: Kurama|Dazzling Gleam|p1a: Tirana|[spread] p1a,p1b
|-supereffective|p1a: Tirana|1
|-supereffective|p1b: Berat|1
|-damage|p1a: Tirana|0 fnt
|-damage|p1b: Berat|15/100
|faint|p1a: Tirana
|
|-weather|Snowscape|[upkeep]
|-start|p2b: Gengar|perish1
|-start|p1b: Berat|perish1
|upkeep
|c|☆catsemma|i threw
|c|☆catsemma|i suck
|c|☆catsemma|i forgot about mental herb
|
|t:|1784317977
|switch|p1a: Elbasan|Mimikyu, L50, F|100/100
|turn|4
|c| Myst66|Yeah, that’s one of the things really important to drafts, identifying information and then remembering it.
|c| fishy justice|you dont suck, misplays easily happen under pressure
|
|t:|1784318040
|switch|p2b: Tauros|Tauros-Paldea-Blaze, L50, M|100/100
|-ability|p2b: Tauros|Intimidate|boost
|-unboost|p1a: Elbasan|atk|1
|-unboost|p1b: Berat|atk|1
|move|p2a: Kurama|Blizzard|p1b: Berat|[spread] p1a,p1b
|-crit|p1b: Berat
|-activate|p1a: Elbasan|ability: Disguise
|-damage|p1a: Elbasan|100/100
|-damage|p1b: Berat|0 fnt
|detailschange|p1a: Elbasan|Mimikyu-Busted, L50, F
|-damage|p1a: Elbasan|87/100|[from] pokemon: Mimikyu-Busted
|faint|p1b: Berat
|move|p1a: Elbasan|Trick Room|p1a: Elbasan
|-fieldstart|move: Trick Room|[of] p1a: Elbasan
|
|-weather|Snowscape|[upkeep]
|upkeep
|
|t:|1784318048
|switch|p1b: Ksamil|Clawitzer, L50, M|100/100
|turn|5
|
|t:|1784318082
|switch|p2b: Gengar|Gengar-Mega, L50, F|100/100
|move|p1b: Ksamil|Water Pulse|p2a: Kurama
|-damage|p2a: Kurama|48/100
|-damage|p1b: Ksamil|90/100|[from] item: Life Orb
|move|p1a: Elbasan|Play Rough|p2a: Kurama
|-damage|p2a: Kurama|32/100
|move|p2a: Kurama|Dazzling Gleam|p1b: Ksamil|[spread] p1a,p1b
|-damage|p1a: Elbasan|59/100
|-damage|p1b: Ksamil|62/100
|
|-weather|Snowscape|[upkeep]
|upkeep
|turn|6
|inactive|Battle timer is ON: inactive players will automatically lose when time's up. (requested by catsemma)
|
|t:|1784318154
|move|p1b: Ksamil|Water Pulse|p2a: Kurama
|-damage|p2a: Kurama|0 fnt
|faint|p2a: Kurama
|-damage|p1b: Ksamil|53/100|[from] item: Life Orb
|move|p1a: Elbasan|Play Rough|p2b: Gengar
|-resisted|p2b: Gengar|1
|-damage|p2b: Gengar|87/100
|move|p2b: Gengar|Perish Song|p2b: Gengar
|-start|p1a: Elbasan|perish3|[silent]
|-start|p1b: Ksamil|perish3|[silent]
|-start|p2b: Gengar|perish3|[silent]
|-fieldactivate|move: Perish Song
|
|-weather|none
|-start|p1b: Ksamil|perish3
|-start|p1a: Elbasan|perish3
|-start|p2b: Gengar|perish3
|-sideend|p2: VJGreen|move: Aurora Veil
|upkeep
|
|t:|1784318168
|switch|p2a: Tauros|Tauros-Paldea-Blaze, L50, M|100/100
|-ability|p2a: Tauros|Intimidate|boost
|-unboost|p1a: Elbasan|atk|1
|-unboost|p1b: Ksamil|atk|1
|turn|7
|inactive|VJGreen has 30 seconds left.
|inactive|VJGreen has 20 seconds left.
|inactive|VJGreen has 15 seconds left.
|
|t:|1784318210
|move|p2b: Gengar|Protect|p2b: Gengar
|-singleturn|p2b: Gengar|Protect
|move|p1b: Ksamil|Water Pulse|p2a: Tauros
|-supereffective|p2a: Tauros|1
|-enditem|p2a: Tauros|Focus Sash
|-damage|p2a: Tauros|1/100
|-damage|p1b: Ksamil|43/100|[from] item: Life Orb
|move|p1a: Elbasan|Play Rough|p2a: Tauros
|-damage|p2a: Tauros|0 fnt
|faint|p2a: Tauros
|
|-start|p1b: Ksamil|perish2
|-start|p1a: Elbasan|perish2
|-start|p2b: Gengar|perish2
|upkeep
|turn|8
|
|t:|1784318229
|move|p1b: Ksamil|Dark Pulse|p2b: Gengar
|-supereffective|p2b: Gengar|1
|-damage|p2b: Gengar|0 fnt
|faint|p2b: Gengar
|-damage|p1b: Ksamil|34/100|[from] item: Life Orb
|
|win|catsemma
|l| fishy justice
|l| Cookedcatf1sh
|c|☆catsemma|wwow ggs
|c|☆catsemma|great battles
