|j|☆gladland
|j|☆OwanTanSoup
|html|gladlandOwanTanSoup    
|uhtml|bestof|Game 1 of a best-of-3
|t:|1757824804
|gametype|doubles
|player|p1|gladland|2|1094
|player|p2|OwanTanSoup|ingo|1102
|gen|9
|tier|[Gen 9] VGC 2025 Reg H (Bo3)
|rated|
|rule|Species Clause: Limit one of each Pokémon
|rule|Item Clause: Limit 1 of each item
|clearpoke
|poke|p1|Kingambit, L50, M|
|poke|p1|Delphox, L50, F|
|poke|p1|Pelipper, L50, M|
|poke|p1|Archaludon, L50, F|
|poke|p1|Indeedee, L50, M|
|poke|p1|Sneasler, L50, F|
|poke|p2|Ursaluna-Bloodmoon, L50, M|
|poke|p2|Ceruledge, L50, M|
|poke|p2|Incineroar, L50, F|
|poke|p2|Rotom-Mow, L50|
|poke|p2|Garchomp, L50, F|
|poke|p2|Dragonite, L50, M|
|teampreview|4
|showteam|p1|Kingambit||LifeOrb|SupremeOverlord|LowKick,IronHead,KowtowCleave,SuckerPunch|||M|||50|,,,,,Ghost]Delphox||FocusSash|Magician|ExpandingForce,DazzlingGleam,Flamethrower,Protect|||F|||50|,,,,,Fairy]Pelipper||SitrusBerry|Drizzle|Tailwind,Hurricane,Surf,RainDance|||M|||50|,,,,,Ground]Archaludon||AssaultVest|Stamina|ElectroShot,DracoMeteor,BodyPress,FlashCannon|||F|||50|,,,,,Electric]Indeedee||ChoiceScarf|PsychicSurge|ExpandingForce,HelpingHand,Protect,HyperVoice|||M|||50|,,,,,Steel]Sneasler||PsychicSeed|Unburden|DireClaw,CloseCombat,ThroatChop,Protect|||F|||50|,,,,,Dark
|showteam|p2|Ursaluna-Bloodmoon||CovertCloak|MindsEye|BloodMoon,Protect,HyperVoice,EarthPower|||M|||50|,,,,,Ground]Ceruledge||LifeOrb|FlashFire|BitterBlade,ShadowSneak,Protect,BulkUp|||M|||50|,,,,,Grass]Incineroar||AbilityShield|Intimidate|FakeOut,KnockOff,PartingShot,FlameCharge|||F|||50|,,,,,Fire]Rotom-Mow||WhiteHerb|Levitate|Electroweb,LeafStorm,Protect,VoltSwitch||||||50|,,,,,Grass]Garchomp||RockyHelmet|RoughSkin|SwordsDance,RockSlide,Earthquake,Protect|||F|||50|,,,,,Ground]Dragonite||Leftovers|InnerFocus|IceSpinner,Tailwind,ExtremeSpeed,Haze|||M|||50|,,,,,Normal
|
|t:|1757824838
|teamsize|p1|4
|teamsize|p2|4
|start
|switch|p1a: Archaludon|Archaludon, L50, F|100/100
|switch|p1b: Pelipper|Pelipper, L50, M|100/100
|switch|p2a: Dragonite|Dragonite, L50, M|100/100
|switch|p2b: Garchomp|Garchomp, L50, F|100/100
|-weather|RainDance|[from] ability: Drizzle|[of] p1b: Pelipper
|turn|1
|
|t:|1757824858
|move|p2b: Garchomp|Protect|p2b: Garchomp
|-singleturn|p2b: Garchomp|Protect
|move|p2a: Dragonite|Tailwind|p2a: Dragonite
|-sidestart|p2: OwanTanSoup|move: Tailwind
|move|p1b: Pelipper|Tailwind|p1b: Pelipper
|-sidestart|p1: gladland|move: Tailwind
|move|p1a: Archaludon|Draco Meteor|p2b: Garchomp
|-activate|p2b: Garchomp|move: Protect
|
|-weather|RainDance|[upkeep]
|upkeep
|turn|2
|
|t:|1757824880
|-terastallize|p2b: Garchomp|Ground
|move|p2b: Garchomp|Rock Slide|p1a: Archaludon|[spread] p1a,p1b
|-resisted|p1a: Archaludon
|-supereffective|p1b: Pelipper
|-damage|p1a: Archaludon|94/100
|-damage|p1b: Pelipper|62/100
|-ability|p1a: Archaludon|Stamina|boost
|-boost|p1a: Archaludon|def|1
|move|p2a: Dragonite|Tailwind||[still]
|-fail|p2a: Dragonite
|move|p1b: Pelipper|Surf|p2a: Dragonite|[spread] p1a,p2a,p2b
|-resisted|p1a: Archaludon
|-resisted|p2a: Dragonite
|-supereffective|p2b: Garchomp
|-damage|p1a: Archaludon|79/100
|-damage|p2a: Dragonite|82/100
|-damage|p2b: Garchomp|24/100
|-ability|p1a: Archaludon|Stamina|boost
|-boost|p1a: Archaludon|def|1
|cant|p1a: Archaludon|flinch
|
|-weather|RainDance|[upkeep]
|-heal|p2a: Dragonite|88/100|[from] item: Leftovers
|upkeep
|turn|3
|
|t:|1757824907
|move|p2a: Dragonite|Extreme Speed|p1b: Pelipper
|-damage|p1b: Pelipper|33/100
|-enditem|p1b: Pelipper|Sitrus Berry|[eat]
|-heal|p1b: Pelipper|57/100|[from] item: Sitrus Berry
|move|p2b: Garchomp|Earthquake|p1b: Pelipper|[spread] p1a
|-immune|p2a: Dragonite
|-immune|p1b: Pelipper
|-supereffective|p1a: Archaludon
|-damage|p1a: Archaludon|43/100
|-ability|p1a: Archaludon|Stamina|boost
|-boost|p1a: Archaludon|def|1
|move|p1b: Pelipper|Surf|p2b: Garchomp|[spread] p1a,p2a,p2b
|-resisted|p1a: Archaludon
|-resisted|p2a: Dragonite
|-supereffective|p2b: Garchomp
|-damage|p1a: Archaludon|28/100
|-damage|p2a: Dragonite|71/100
|-damage|p2b: Garchomp|0 fnt
|-ability|p1a: Archaludon|Stamina|boost
|-boost|p1a: Archaludon|def|1
|faint|p2b: Garchomp
|move|p1a: Archaludon|Electro Shot||[still]
|-prepare|p1a: Archaludon|Electro Shot
|-boost|p1a: Archaludon|spa|1
|-anim|p1a: Archaludon|Electro Shot|p2a: Dragonite
|-damage|p2a: Dragonite|0 fnt
|faint|p2a: Dragonite
|
|-weather|RainDance|[upkeep]
|upkeep
|
|t:|1757824922
|switch|p2b: Ceruledge|Ceruledge, L50, M, shiny|100/100
|switch|p2a: Ursaluna|Ursaluna-Bloodmoon, L50, M|100/100
|turn|4
|
|t:|1757824938
|move|p2b: Ceruledge|Shadow Sneak|p1a: Archaludon
|-damage|p1a: Archaludon|20/100
|-ability|p1a: Archaludon|Stamina|boost
|-boost|p1a: Archaludon|def|1
|-damage|p2b: Ceruledge|90/100|[from] item: Life Orb
|move|p1b: Pelipper|Surf|p2a: Ursaluna|[spread] p1a,p2a,p2b
|-resisted|p1a: Archaludon
|-supereffective|p2a: Ursaluna
|-supereffective|p2b: Ceruledge
|-damage|p1a: Archaludon|6/100
|-damage|p2a: Ursaluna|20/100
|-damage|p2b: Ceruledge|14/100
|-ability|p1a: Archaludon|Stamina|boost
|-boost|p1a: Archaludon|def|1
|move|p1a: Archaludon|Body Press|p2a: Ursaluna
|-supereffective|p2a: Ursaluna
|-damage|p2a: Ursaluna|0 fnt
|faint|p2a: Ursaluna
|
|-weather|RainDance|[upkeep]
|-sideend|p1: gladland|move: Tailwind
|-sideend|p2: OwanTanSoup|move: Tailwind
|upkeep
|turn|5
|-message|OwanTanSoup forfeited.
|
|win|gladland
|l|☆OwanTanSoup
|player|p2|
|l|☆gladland
|player|p1|
||OwanTanSoup is ready for game 2.
||gladland is ready for game 2.
|uhtml|next|Next: Game 2 of 3
