|j|☆EchoShadowYT
|j|☆uglybeast
|html|EchoShadowYTuglybeast    
|uhtml|bestof|Game 2 of a best-of-3
|t:|1755354201
|gametype|doubles
|player|p1|EchoShadowYT|skierf|1299
|player|p2|uglybeast|lucas|1251
|gen|9
|tier|[Gen 9] VGC 2025 Reg H (Bo3)
|rated|
|rule|Species Clause: Limit one of each Pokémon
|rule|Item Clause: Limit 1 of each item
|clearpoke
|poke|p1|Dragapult, L50, F|
|poke|p1|Riolu, L50, M|
|poke|p1|Typhlosion-Hisui, L50, M|
|poke|p1|Scovillain, L50, F|
|poke|p1|Torkoal, L50, M|
|poke|p1|Lilligant-Hisui, L50, F|
|poke|p2|Volcarona, L50, F|
|poke|p2|Samurott-Hisui, L50, M|
|poke|p2|Gholdengo, L50|
|poke|p2|Sneasler, L50, F|
|poke|p2|Ursaluna-Bloodmoon, L50, M|
|poke|p2|Indeedee, L50, M|
|teampreview|4
|showteam|p1|Dragapult||ChoiceBand|ClearBody|DragonDarts,PhantomForce,Uturn,BreakingSwipe|||F|||50|,,,,,Dragon]Riolu||FocusSash|Prankster|Coaching,Feint,Copycat,SunnyDay|||M|||50|,,,,,Ghost]Typhlosion-Hisui||ChoiceScarf|Blaze|Eruption,HeatWave,Flamethrower,ShadowBall|||M|||50|,,,,,Fire]Scovillain||CovertCloak|Chlorophyll|SpicyExtract,Overheat,EnergyBall,Protect|||F|||50|,,,,,Steel]Torkoal||Charcoal|Drought|Eruption,HelpingHand,WeatherBall,Protect|||M|||50|,,,,,Fire]Lilligant-Hisui||LifeOrb|Chlorophyll|CloseCombat,LeafBlade,AfterYou,Protect|||F|||50|,,,,,Ghost
|showteam|p2|Volcarona||SitrusBerry|FlameBody|FieryDance,StruggleBug,Tailwind,RagePowder|||F|||50|,,,,,Dragon]Samurott-Hisui||AssaultVest|Sharpness|AquaCutter,SacredSword,SuckerPunch,FlipTurn|||M|||50|,,,,,Poison]Gholdengo||Leftovers|GoodasGold|MakeItRain,ShadowBall,NastyPlot,Protect||||||50|,,,,,Water]Sneasler||PsychicSeed|Unburden|DireClaw,CloseCombat,ThroatChop,Protect|||F|||50|,,,,,Dark]Ursaluna-Bloodmoon||LifeOrb|MindsEye|BloodMoon,HyperVoice,EarthPower,Protect|||M|||50|,,,,,Normal]Indeedee||FocusSash|PsychicSurge|ExpandingForce,TeraBlast,Imprison,TrickRoom|||M|||50|,,,,,Fighting
|inactive|Battle timer is ON: inactive players will automatically lose when time's up. (requested by EchoShadowYT)
|inactive|EchoShadowYT has 60 seconds left.
|
|t:|1755354235
|teamsize|p1|4
|teamsize|p2|4
|start
|switch|p1a: Typhlosion|Typhlosion-Hisui, L50, M|100/100
|switch|p1b: Dragapult|Dragapult, L50, F|100/100
|switch|p2a: Gillette|Samurott-Hisui, L50, M, shiny|100/100
|switch|p2b: Salmonella|Volcarona, L50, F, shiny|100/100
|turn|1
|
|t:|1755354259
|-terastallize|p1b: Dragapult|Dragon
|move|p2a: Gillette|Sucker Punch|p1a: Typhlosion
|-supereffective|p1a: Typhlosion
|-damage|p1a: Typhlosion|0 fnt
|faint|p1a: Typhlosion
|move|p1b: Dragapult|Dragon Darts|p2a: Gillette
|-damage|p2a: Gillette|32/100
|-anim|p1b: Dragapult|Dragon Darts|p2b: Salmonella
|-damage|p2b: Salmonella|41/100
|-enditem|p2b: Salmonella|Sitrus Berry|[eat]
|-heal|p2b: Salmonella|66/100|[from] item: Sitrus Berry
|move|p2b: Salmonella|Tailwind|p2b: Salmonella
|-sidestart|p2: uglybeast|move: Tailwind
|
|upkeep
|
|t:|1755354274
|switch|p1a: Lilligant|Lilligant-Hisui, L50, F|100/100
|turn|2
|inactive|uglybeast has 30 seconds left.
|
|t:|1755354303
|move|p1a: Lilligant|Protect|p1a: Lilligant
|-singleturn|p1a: Lilligant|Protect
|move|p2b: Salmonella|Fiery Dance|p1a: Lilligant
|-activate|p1a: Lilligant|move: Protect
|move|p2a: Gillette|Flip Turn|p1b: Dragapult
|-resisted|p1b: Dragapult
|-damage|p1b: Dragapult|78/100
|
|t:|1755354314
|switch|p2a: Job Application|Indeedee, L50, M, shiny|100/100|[from] Flip Turn
|-fieldstart|move: Psychic Terrain|[from] ability: Psychic Surge|[of] p2a: Job Application
|move|p1b: Dragapult|Dragon Darts|p2a: Job Application
|-crit|p2a: Job Application
|-enditem|p2a: Job Application|Focus Sash
|-damage|p2a: Job Application|1/100
|-anim|p1b: Dragapult|Dragon Darts|p2b: Salmonella
|-damage|p2b: Salmonella|17/100
|
|upkeep
|turn|3
|
|t:|1755354327
|switch|p1b: Torkoal|Torkoal, L50, M|100/100
|-weather|SunnyDay|[from] ability: Drought|[of] p1b: Torkoal
|move|p1a: Lilligant|Leaf Blade|p2a: Job Application
|-damage|p2a: Job Application|0 fnt
|faint|p2a: Job Application
|-damage|p1a: Lilligant|91/100|[from] item: Life Orb
|move|p2b: Salmonella|Fiery Dance|p1a: Lilligant
|-supereffective|p1a: Lilligant
|-damage|p1a: Lilligant|0 fnt
|-boost|p2b: Salmonella|spa|1
|faint|p1a: Lilligant
|
|-weather|SunnyDay|[upkeep]
|upkeep
|
|t:|1755354344
|switch|p1a: Dragapult|Dragapult, L50, F, tera:Dragon|78/100
|switch|p2a: Diva|Sneasler, L50, F, shiny|100/100
|-enditem|p2a: Diva|Psychic Seed
|-boost|p2a: Diva|spd|1|[from] item: Psychic Seed
|turn|4
|inactive|uglybeast has 30 seconds left.
|inactive|uglybeast has 20 seconds left.
|inactive|uglybeast has 15 seconds left.
|inactive|uglybeast has 10 seconds left.
|inactive|uglybeast has 5 seconds left.
|
|t:|1755354396
|move|p2a: Diva|Close Combat|p1a: Dragapult
|-damage|p1a: Dragapult|0 fnt
|-unboost|p2a: Diva|def|1
|-unboost|p2a: Diva|spd|1
|faint|p1a: Dragapult
|move|p2b: Salmonella|Struggle Bug|p1b: Torkoal
|-resisted|p1b: Torkoal
|-damage|p1b: Torkoal|78/100
|-unboost|p1b: Torkoal|spa|1
|move|p1b: Torkoal|Weather Ball|p2a: Diva
|-crit|p2a: Diva
|-damage|p2a: Diva|0 fnt
|faint|p2a: Diva
|
|-weather|SunnyDay|[upkeep]
|-sideend|p2: uglybeast|move: Tailwind
|upkeep
|
|t:|1755354408
|switch|p2a: Gillette|Samurott-Hisui, L50, M, shiny|32/100
|turn|5
|
|t:|1755354419
|move|p2b: Salmonella|Fiery Dance|p1b: Torkoal
|-resisted|p1b: Torkoal
|-damage|p1b: Torkoal|24/100
|-boost|p2b: Salmonella|spa|1
|move|p2a: Gillette|Aqua Cutter|p1b: Torkoal
|-supereffective|p1b: Torkoal
|-damage|p1b: Torkoal|0 fnt
|faint|p1b: Torkoal
|
|win|uglybeast
|raw|EchoShadowYT's rating: 1299 → 1271(-28 for losing)
|raw|uglybeast's rating: 1251 → 1279(+28 for winning)
