|j|☆Leon000
|j|☆Sir AaronVGC
|html|Leon000Sir AaronVGC    
|uhtml|bestof|Game 1 of a best-of-3
|t:|1783537625
|gametype|doubles
|player|p1|Leon000|serena|
|player|p2|Sir AaronVGC|#smogonxnpa2026draftee2|
|gen|9
|tier|[Gen 9 Champions] VGC 2026 Reg M-B (Bo3)
|rule|Species Clause: Limit one of each Pokémon
|rule|Item Clause: Limit 1 of each item
|clearpoke
|poke|p1|Floette-Eternal, L50, F|
|poke|p1|Charizard, L50, F|
|poke|p1|Whimsicott, L50, F|
|poke|p1|Garchomp, L50, F|
|poke|p1|Basculegion, L50, M|
|poke|p1|Kingambit, L50, F|
|poke|p2|Aerodactyl, L50, M, shiny|
|poke|p2|Sneasler, L50, M, shiny|
|poke|p2|Froslass, L50, F|
|poke|p2|Tsareena, L50, F, shiny|
|poke|p2|Kingambit, L50, F|
|poke|p2|Basculegion, L50, M|
|teampreview|4
|showteam|p1|Floette-Eternal||Floettite|FlowerVeil|Moonblast,DazzlingGleam,LightofRuin,Protect|Modest||F|||50|]Charizard||CharizarditeY|Blaze|HeatWave,WeatherBall,SolarBeam,Protect|Modest||F|||50|]Whimsicott||FocusSash|Prankster|Moonblast,Encore,Tailwind,Protect|Timid||F|||50|]Garchomp||LifeOrb|RoughSkin|DragonClaw,Earthquake,Protect,RockSlide|Jolly||F|||50|]Basculegion||MysticWater|Adaptability|WaveCrash,LastRespects,AquaJet,Protect|Adamant||M|||50|]Kingambit||BlackGlasses|Defiant|KowtowCleave,IronHead,SuckerPunch,Protect|Adamant||F|||50|
|showteam|p2|Aerodactyl||Aerodactylite|Unnerve|RockSlide,DualWingbeat,Tailwind,Protect|Jolly||M|||50|]Sneasler||LifeOrb|PoisonTouch|DireClaw,CloseCombat,FakeOut,Protect|Adamant||M|||50|]Froslass||Froslassite|SnowCloak|Blizzard,ShadowBall,DestinyBond,Protect|Timid||F|||50|]Tsareena||WideLens|QueenlyMajesty|PowerWhip,LowKick,TripleAxel,HelpingHand|Adamant||F|||50|]Kingambit||BlackGlasses|Defiant|KowtowCleave,SuckerPunch,SwordsDance,Protect|Adamant||F|||50|]Basculegion||FocusSash|Adaptability|Liquidation,LastRespects,AquaJet,Protect|Adamant||M|||50|
|
|t:|1783537673
|teamsize|p1|4
|teamsize|p2|4
|start
|switch|p1a: Whimsicott|Whimsicott, L50, F|100/100
|switch|p1b: Basculegion|Basculegion, L50, M|100/100
|switch|p2a: Longclaw|Sneasler, L50, M, shiny|100/100
|switch|p2b: Cupid|Aerodactyl, L50, M, shiny|100/100
|-ability|p2b: Cupid|Unnerve
|turn|1
|
|t:|1783537685
|switch|p2a: Robespierre|Kingambit, L50, F|100/100
|move|p1a: Whimsicott|Protect|p1a: Whimsicott
|-singleturn|p1a: Whimsicott|Protect
|move|p2b: Cupid|Protect|p2b: Cupid
|-singleturn|p2b: Cupid|Protect
|move|p1b: Basculegion|Wave Crash|p2b: Cupid
|-activate|p2b: Cupid|move: Protect
|
|upkeep
|turn|2
|
|t:|1783537705
|switch|p2a: Koroleva|Tsareena, L50, F, shiny|100/100
|detailschange|p2b: Cupid|Aerodactyl-Mega, L50, M, shiny
|-mega|p2b: Cupid|Aerodactyl|Aerodactylite
|move|p1b: Basculegion|Aqua Jet||[still]
|cant|p2a: Koroleva|ability: Queenly Majesty|Aqua Jet|[of] p1b: Basculegion
|move|p2b: Cupid|Tailwind|p2b: Cupid
|-sidestart|p2: Sir AaronVGC|move: Tailwind
|move|p1a: Whimsicott|Moonblast|p2a: Koroleva
|-damage|p2a: Koroleva|61/100
|
|upkeep
|turn|3
|
|t:|1783537723
|move|p1a: Whimsicott|Tailwind|p1a: Whimsicott
|-sidestart|p1: Leon000|move: Tailwind
|move|p2b: Cupid|Dual Wingbeat|p1a: Whimsicott
|-supereffective|p1a: Whimsicott|1
|-damage|p1a: Whimsicott|25/100
|-supereffective|p1a: Whimsicott|1
|-damage|p1a: Whimsicott|0 fnt
|faint|p1a: Whimsicott
|-hitcount|p1: Whimsicott|2
|move|p1b: Basculegion|Wave Crash|p2b: Cupid
|-supereffective|p2b: Cupid|1
|-damage|p2b: Cupid|0 fnt
|faint|p2b: Cupid
|-damage|p1b: Basculegion|71/100|[from] Recoil
|move|p2a: Koroleva|Power Whip|p1b: Basculegion
|-supereffective|p1b: Basculegion|1
|-damage|p1b: Basculegion|0 fnt
|faint|p1b: Basculegion
|
|upkeep
|
|t:|1783537735
|switch|p2b: Longclaw|Sneasler, L50, M, shiny|100/100
|switch|p1a: Charizard|Charizard, L50, F|100/100
|switch|p1b: Garchomp|Garchomp, L50, F|100/100
|turn|4
|
|t:|1783537743
|switch|p2a: Robespierre|Kingambit, L50, F|100/100
|move|p1b: Garchomp|Protect|p1b: Garchomp
|-singleturn|p1b: Garchomp|Protect
|move|p1a: Charizard|Protect|p1a: Charizard
|-singleturn|p1a: Charizard|Protect
|move|p2b: Longclaw|Fake Out|p1a: Charizard
|-activate|p1a: Charizard|move: Protect
|
|upkeep
|turn|5
|
|t:|1783537757
|detailschange|p1a: Charizard|Charizard-Mega-Y, L50, F
|-mega|p1a: Charizard|Charizard|Charizardite Y
|-weather|SunnyDay|[from] ability: Drought|[of] p1a: Charizard
|move|p2a: Robespierre|Sucker Punch|p1a: Charizard
|-damage|p1a: Charizard|54/100
|move|p2b: Longclaw|Dire Claw|p1a: Charizard
|-damage|p1a: Charizard|0 fnt
|faint|p1a: Charizard
|-damage|p2b: Longclaw|90/100|[from] item: Life Orb
|move|p1b: Garchomp|Earthquake|p2a: Robespierre|[spread] p2a,p2b
|-supereffective|p2a: Robespierre|1
|-supereffective|p2b: Longclaw|1
|-damage|p2a: Robespierre|28/100
|-damage|p2b: Longclaw|0 fnt
|faint|p2b: Longclaw
|-damage|p1b: Garchomp|90/100|[from] item: Life Orb
|
|-weather|SunnyDay|[upkeep]
|-sideend|p2: Sir AaronVGC|move: Tailwind
|upkeep
|
|t:|1783537769
|switch|p2b: Koroleva|Tsareena, L50, F, shiny|61/100
|turn|6
|
|t:|1783537778
|move|p1b: Garchomp|Rock Slide|p2b: Koroleva|[spread] p2a,p2b
|-resisted|p2a: Robespierre|1
|-damage|p2a: Robespierre|19/100
|-damage|p2b: Koroleva|38/100
|-damage|p1b: Garchomp|80/100|[from] item: Life Orb
|move|p2b: Koroleva|Triple Axel|p1b: Garchomp
|-supereffective|p1b: Garchomp|2
|-crit|p1b: Garchomp
|-damage|p1b: Garchomp|35/100
|-damage|p2b: Koroleva|26/100|[from] ability: Rough Skin|[of] p1b: Garchomp
|-supereffective|p1b: Garchomp|2
|-damage|p1b: Garchomp|0 fnt
|-damage|p2b: Koroleva|14/100|[from] ability: Rough Skin|[of] p1b: Garchomp
|faint|p1b: Garchomp
|-hitcount|p1: Garchomp|2
|
|win|Sir AaronVGC
||Leon000 is ready for game 2.
|inactive|Sir AaronVGC has 30 seconds to confirm battle start!
||Sir AaronVGC is ready for game 2.
|uhtml|next|Next: Game 2 of 3
