|j|☆aldishh
|j|☆MazapanAzteca
|html|aldishhMazapanAzteca    
|uhtml|bestof|Game 1 of a best-of-3
|t:|1757038233
|gametype|doubles
|player|p1|aldishh|169|1093
|player|p2|MazapanAzteca|ingo|1203
|gen|9
|tier|[Gen 9] VGC 2025 Reg H (Bo3)
|rated|
|rule|Species Clause: Limit one of each Pokémon
|rule|Item Clause: Limit 1 of each item
|clearpoke
|poke|p1|Volcarona, L50, F|
|poke|p1|Rillaboom, L50, F|
|poke|p1|Gholdengo, L50|
|poke|p1|Sneasler, L50, M|
|poke|p1|Garchomp, L50, M|
|poke|p1|Incineroar, L50, F|
|poke|p2|Dragonite, L50, F|
|poke|p2|Annihilape, L50, M|
|poke|p2|Gholdengo, L50|
|poke|p2|Ursaluna-Bloodmoon, L50, M|
|poke|p2|Maushold-Four, L50|
|poke|p2|Rillaboom, L50, M|
|teampreview|4
|showteam|p1|Volcarona||CovertCloak|FlameBody|QuiverDance,FieryDance,TeraBlast,Protect|||F|||50|,,,,,Fairy]Rillaboom||AssaultVest|GrassySurge|GrassyGlide,WoodHammer,FakeOut,Protect|||F|||50|,,,,,Fire]Gholdengo||MetalCoat|GoodasGold|NastyPlot,Protect,MakeItRain,ShadowBall||||||50|,,,,,Water]Sneasler||LifeOrb|PoisonTouch|Coaching,CloseCombat,DireClaw,FakeOut|||M|||50|,,,,,Flying]Garchomp||ClearAmulet|SandVeil|Earthquake,StompingTantrum,DragonClaw,Protect|||M|||50|,,,,,Ground]Incineroar||SafetyGoggles|Intimidate|PartingShot,FakeOut,KnockOff,FlareBlitz|||F|||50|,,,,,Ghost
|showteam|p2|Dragonite||LoadedDice|Multiscale|ScaleShot,Tailwind,Haze,Protect|||F|||50|,,,,,Steel]Annihilape||SitrusBerry|Defiant|RageFist,DrainPunch,BulkUp,Protect|||M|||50|,,,,,Fire]Gholdengo||LifeOrb|GoodasGold|MakeItRain,ShadowBall,NastyPlot,Protect||||||50|,,,,,Water]Ursaluna-Bloodmoon||AssaultVest|MindsEye|BloodMoon,EarthPower,HyperVoice,VacuumWave|||M|||50|,,,,,Water]Maushold-Four||FocusSash|FriendGuard|SuperFang,FollowMe,BeatUp,Protect||||||50|,,,,,Ghost]Rillaboom||MiracleSeed|GrassySurge|WoodHammer,GrassyGlide,HighHorsepower,FakeOut|||M|||50|,,,,,Fire
|inactive|Battle timer is ON: inactive players will automatically lose when time's up. (requested by aldishh)
|inactive|MazapanAzteca has 60 seconds left.
|
|t:|1757038354
|teamsize|p1|4
|teamsize|p2|4
|start
|switch|p1a: Volcarona|Volcarona, L50, F|100/100
|switch|p1b: Sneasler|Sneasler, L50, M|100/100
|switch|p2a: Gholdengo|Gholdengo, L50|100/100
|switch|p2b: Rillaboom|Rillaboom, L50, M|100/100
|-fieldstart|move: Grassy Terrain|[from] ability: Grassy Surge|[of] p2b: Rillaboom
|turn|1
|inactive|MazapanAzteca has 30 seconds left.
|inactive|aldishh has 30 seconds left.
|inactive|MazapanAzteca has 20 seconds left.
|inactive|MazapanAzteca has 15 seconds left.
|inactive|MazapanAzteca has 10 seconds left.
|
|t:|1757038401
|switch|p1b: Incineroar|Incineroar, L50, F, shiny|100/100
|-ability|p1b: Incineroar|Intimidate|boost
|-unboost|p2a: Gholdengo|atk|1
|-unboost|p2b: Rillaboom|atk|1
|move|p2b: Rillaboom|Fake Out|p1b: Incineroar
|-damage|p1b: Incineroar|93/100
|move|p2a: Gholdengo|Make It Rain|p1a: Volcarona|[spread] p1a,p1b
|-resisted|p1a: Volcarona
|-resisted|p1b: Incineroar
|-damage|p1a: Volcarona|76/100
|-damage|p1b: Incineroar|69/100
|-unboost|p2a: Gholdengo|spa|1
|-damage|p2a: Gholdengo|91/100|[from] item: Life Orb
|move|p1a: Volcarona|Quiver Dance|p1a: Volcarona
|-boost|p1a: Volcarona|spa|1
|-boost|p1a: Volcarona|spd|1
|-boost|p1a: Volcarona|spe|1
|
|-heal|p1a: Volcarona|82/100|[from] Grassy Terrain
|-heal|p2a: Gholdengo|97/100|[from] Grassy Terrain
|-heal|p1b: Incineroar|75/100|[from] Grassy Terrain
|upkeep
|turn|2
|inactive|aldishh has 30 seconds left.
|inactive|MazapanAzteca has 30 seconds left.
|inactive|MazapanAzteca has 20 seconds left.
|inactive|MazapanAzteca has 15 seconds left.
|
|t:|1757038445
|switch|p2a: Dragonite|Dragonite, L50, F|100/100
|switch|p2b: Ursaluna|Ursaluna-Bloodmoon, L50, M|100/100
|move|p1a: Volcarona|Quiver Dance|p1a: Volcarona
|-boost|p1a: Volcarona|spa|1
|-boost|p1a: Volcarona|spd|1
|-boost|p1a: Volcarona|spe|1
|move|p1b: Incineroar|Knock Off|p2a: Dragonite
|-damage|p2a: Dragonite|78/100
|-enditem|p2a: Dragonite|Loaded Dice|[from] move: Knock Off|[of] p1b: Incineroar
|
|-heal|p1a: Volcarona|87/100|[from] Grassy Terrain
|-heal|p1b: Incineroar|81/100|[from] Grassy Terrain
|upkeep
|turn|3
|inactive|aldishh has 30 seconds left.
|inactive|MazapanAzteca has 30 seconds left.
|inactive|aldishh has 20 seconds left.
|inactive|MazapanAzteca has 20 seconds left.
|inactive|MazapanAzteca has 15 seconds left.
|
|t:|1757038488
|-terastallize|p1a: Volcarona|Fairy
|move|p1a: Volcarona|Fiery Dance|p2b: Ursaluna
|-damage|p2b: Ursaluna|48/100
|-boost|p1a: Volcarona|spa|1
|move|p2a: Dragonite|Haze|p2a: Dragonite
|-clearallboost
|move|p1b: Incineroar|Parting Shot|p2a: Dragonite
|-unboost|p2a: Dragonite|atk|1
|-unboost|p2a: Dragonite|spa|1
|
|t:|1757038499
|switch|p1b: Sneasler|Sneasler, L50, M|100/100|[from] Parting Shot
|move|p2b: Ursaluna|Blood Moon|p1a: Volcarona
|-damage|p1a: Volcarona|18/100
|
|-heal|p1a: Volcarona|24/100|[from] Grassy Terrain
|-heal|p2b: Ursaluna|54/100|[from] Grassy Terrain
|upkeep
|turn|4
|inactive|MazapanAzteca has 30 seconds left.
|inactive|MazapanAzteca has 20 seconds left.
|inactive|MazapanAzteca has 15 seconds left.
|inactive|MazapanAzteca has 10 seconds left.
|
|t:|1757038548
|-terastallize|p2a: Dragonite|Steel
|move|p1b: Sneasler|Close Combat|p2b: Ursaluna
|-supereffective|p2b: Ursaluna
|-damage|p2b: Ursaluna|0 fnt
|-unboost|p1b: Sneasler|def|1
|-unboost|p1b: Sneasler|spd|1
|faint|p2b: Ursaluna
|-damage|p1b: Sneasler|91/100|[from] item: Life Orb
|move|p1a: Volcarona|Quiver Dance|p1a: Volcarona
|-boost|p1a: Volcarona|spa|1
|-boost|p1a: Volcarona|spd|1
|-boost|p1a: Volcarona|spe|1
|move|p2a: Dragonite|Tailwind|p2a: Dragonite
|-sidestart|p2: MazapanAzteca|move: Tailwind
|
|-heal|p2a: Dragonite|84/100|[from] Grassy Terrain
|-heal|p1a: Volcarona|30/100|[from] Grassy Terrain
|-heal|p1b: Sneasler|97/100|[from] Grassy Terrain
|upkeep
|
|t:|1757038561
|switch|p2b: Gholdengo|Gholdengo, L50|97/100
|turn|5
|
|t:|1757038575
|switch|p1b: Incineroar|Incineroar, L50, F, shiny|81/100
|-ability|p1b: Incineroar|Intimidate|boost
|-unboost|p2a: Dragonite|atk|1
|-unboost|p2b: Gholdengo|atk|1
|move|p1a: Volcarona|Protect|p1a: Volcarona
|-singleturn|p1a: Volcarona|Protect
|move|p2b: Gholdengo|Make It Rain|p1b: Incineroar|[spread] p1b
|-activate|p1a: Volcarona|move: Protect
|-resisted|p1b: Incineroar
|-damage|p1b: Incineroar|60/100
|-unboost|p2b: Gholdengo|spa|1
|-damage|p2b: Gholdengo|87/100|[from] item: Life Orb
|move|p2a: Dragonite|Haze|p2a: Dragonite
|-clearallboost
|
|-heal|p2b: Gholdengo|93/100|[from] Grassy Terrain
|-heal|p2a: Dragonite|90/100|[from] Grassy Terrain
|-heal|p1a: Volcarona|36/100|[from] Grassy Terrain
|-heal|p1b: Incineroar|66/100|[from] Grassy Terrain
|-fieldend|move: Grassy Terrain
|upkeep
|turn|6
|inactive|aldishh has 30 seconds left.
|inactive|MazapanAzteca has 30 seconds left.
|inactive|MazapanAzteca has 20 seconds left.
|inactive|MazapanAzteca has 15 seconds left.
|inactive|MazapanAzteca has 10 seconds left.
|
|t:|1757038624
|switch|p1a: Gholdengo|Gholdengo, L50|100/100
|move|p2b: Gholdengo|Make It Rain|p1a: Gholdengo|[spread] p1a,p1b
|-resisted|p1a: Gholdengo
|-resisted|p1b: Incineroar
|-damage|p1a: Gholdengo|71/100
|-damage|p1b: Incineroar|47/100
|-unboost|p2b: Gholdengo|spa|1
|-damage|p2b: Gholdengo|84/100|[from] item: Life Orb
|move|p2a: Dragonite|Scale Shot|p1b: Incineroar
|-damage|p1b: Incineroar|33/100
|-damage|p1b: Incineroar|20/100
|-damage|p1b: Incineroar|5/100
|-damage|p1b: Incineroar|0 fnt
|faint|p1b: Incineroar
|-hitcount|p1: Incineroar|4
|-unboost|p2a: Dragonite|def|1
|-boost|p2a: Dragonite|spe|1
|
|upkeep
|
|t:|1757038644
|switch|p1b: Sneasler|Sneasler, L50, M|97/100
|turn|7
|inactive|MazapanAzteca has 30 seconds left.
|inactive|MazapanAzteca has 20 seconds left.
|
|t:|1757038683
|move|p1a: Gholdengo|Protect|p1a: Gholdengo
|-singleturn|p1a: Gholdengo|Protect
|move|p2a: Dragonite|Scale Shot|p1b: Sneasler
|-damage|p1b: Sneasler|72/100
|-damage|p1b: Sneasler|46/100
|-hitcount|p1b: Sneasler|2
|-unboost|p2a: Dragonite|def|1
|-boost|p2a: Dragonite|spe|1
|move|p2b: Gholdengo|Make It Rain|p1b: Sneasler|[spread] p1b
|-activate|p1a: Gholdengo|move: Protect
|-damage|p1b: Sneasler|0 fnt
|-unboost|p2b: Gholdengo|spa|1
|faint|p1b: Sneasler
|-damage|p2b: Gholdengo|74/100|[from] item: Life Orb
|
|-sideend|p2: MazapanAzteca|move: Tailwind
|upkeep
|
|t:|1757038702
|switch|p1b: Volcarona|Volcarona, L50, F, tera:Fairy|36/100
|turn|8
|inactive|MazapanAzteca has 30 seconds left.
|inactive|MazapanAzteca has 20 seconds left.
|
|t:|1757038738
|move|p2b: Gholdengo|Protect|p2b: Gholdengo
|-singleturn|p2b: Gholdengo|Protect
|move|p2a: Dragonite|Tailwind|p2a: Dragonite
|-sidestart|p2: MazapanAzteca|move: Tailwind
|move|p1a: Gholdengo|Shadow Ball|p2a: Dragonite
|-damage|p2a: Dragonite|51/100
|move|p1b: Volcarona|Quiver Dance|p1b: Volcarona
|-boost|p1b: Volcarona|spa|1
|-boost|p1b: Volcarona|spd|1
|-boost|p1b: Volcarona|spe|1
|
|upkeep
|turn|9
|-message|aldishh forfeited.
|
|win|MazapanAzteca
|l|☆aldishh
|player|p1|
||aldishh is ready for game 2.
||MazapanAzteca is ready for game 2.
|uhtml|next|Next: Game 2 of 3
