|j|☆phact
|j|☆ishallnotusename
|html|phactishallnotusename    
|uhtml|bestof|Game 3 of a best-of-3
|t:|1785763056
|gametype|doubles
|player|p1|phact|steven|1156
|player|p2|ishallnotusename|pokemaniac|1045
|gen|9
|tier|[Gen 9 Champions] VGC 2026 Reg M-B (Bo3)
|rated|
|rule|Species Clause: Limit one of each Pokémon
|rule|Item Clause: Limit 1 of each item
|clearpoke
|poke|p1|Whimsicott, L50, F, shiny|
|poke|p1|Metagross, L50, shiny|
|poke|p1|Farigiraf, L50, M, shiny|
|poke|p1|Staraptor, L50, M, shiny|
|poke|p1|Milotic, L50, F, shiny|
|poke|p1|Arcanine-Hisui, L50, M, shiny|
|poke|p2|Blaziken, L50, F|
|poke|p2|Aerodactyl, L50, M|
|poke|p2|Kingambit, L50, F|
|poke|p2|Basculegion, L50, M|
|poke|p2|Sylveon, L50, F|
|poke|p2|Torkoal, L50, M|
|teampreview|4
|showteam|p1|Whimsicott||FocusSash|Prankster|Tailwind,Charm,LightScreen,Moonblast|Timid||F|||50|]Metagross||Metagrossite|ClearBody|IronHead,PsychicFangs,IcePunch,Protect|Adamant|||||50|]Farigiraf||SitrusBerry|ArmorTail|TrickRoom,Psychic,DazzlingGleam,HelpingHand|Bold||M|||50|]Staraptor||Staraptite|Intimidate|CloseCombat,BraveBird,Roost,Protect|Jolly||M|||50|]Milotic||Leftovers|Competitive|Scald,IcyWind,LifeDew,Protect|Bold||F|||50|]Arcanine-Hisui||LifeOrb|RockHead|HeadSmash,FlareBlitz,ExtremeSpeed,Protect|Adamant||M|||50|
|showteam|p2|Blaziken||Blazikenite|SpeedBoost|FlareBlitz,CloseCombat,Protect,RockSlide|Adamant||F|||50|]Aerodactyl||Aerodactylite|Unnerve|RockSlide,DualWingbeat,IceFang,Tailwind|Jolly||M|||50|]Kingambit||LifeOrb|Defiant|KowtowCleave,Protect,IronHead,SuckerPunch|Adamant||F|||50|]Basculegion||FocusSash|Adaptability|Liquidation,Protect,LastRespects,AquaJet|Adamant||M|||50|]Sylveon||FairyFeather|Pixilate|HyperVoice,Moonblast,QuickAttack,Protect|Modest||F|||50|]Torkoal||Leftovers|Drought|BurningJealousy,WeatherBall,Protect,Yawn|Relaxed||M|||50|
|
|t:|1785763104
|teamsize|p1|4
|teamsize|p2|4
|start
|switch|p1a: Cotton puff|Whimsicott, L50, F, shiny|100/100
|switch|p1b: Legendary|Arcanine-Hisui, L50, M, shiny|100/100
|switch|p2a: Aerodactyl|Aerodactyl, L50, M|100/100
|switch|p2b: Kingambit|Kingambit, L50, F|100/100
|-ability|p2a: Aerodactyl|Unnerve
|turn|1
|
|t:|1785763155
|detailschange|p2a: Aerodactyl|Aerodactyl-Mega, L50, M
|-mega|p2a: Aerodactyl|Aerodactyl|Aerodactylite
|move|p1a: Cotton puff|Tailwind|p1a: Cotton puff
|-sidestart|p1: phact|move: Tailwind
|move|p1b: Legendary|Head Smash|p2a: Aerodactyl
|-supereffective|p2a: Aerodactyl|1
|-damage|p2a: Aerodactyl|0 fnt
|faint|p2a: Aerodactyl
|-damage|p1b: Legendary|90/100|[from] item: Life Orb
|move|p2b: Kingambit|Iron Head|p1b: Legendary
|-crit|p1b: Legendary
|-damage|p1b: Legendary|0 fnt
|faint|p1b: Legendary
|-damage|p2b: Kingambit|90/100|[from] item: Life Orb
|
|upkeep
|
|t:|1785763172
|switch|p2a: Sylveon|Sylveon, L50, F|100/100
|switch|p1b: Buddy|Staraptor, L50, M, shiny|100/100
|-ability|p1b: Buddy|Intimidate|boost
|-unboost|p2a: Sylveon|atk|1
|-unboost|p2b: Kingambit|atk|1
|-ability|p2b: Kingambit|Defiant|boost
|-boost|p2b: Kingambit|atk|2
|turn|2
|
|t:|1785763195
|detailschange|p1b: Buddy|Staraptor-Mega, L50, M, shiny
|-mega|p1b: Buddy|Staraptor|Staraptite
|move|p1a: Cotton puff|Charm|p1b: Buddy
|-boost|p1b: Buddy|atk|2
|move|p1b: Buddy|Brave Bird|p2a: Sylveon
|-damage|p2a: Sylveon|0 fnt
|faint|p2a: Sylveon
|-damage|p1b: Buddy|69/100|[from] Recoil
|move|p2b: Kingambit|Iron Head|p1b: Buddy
|-damage|p1b: Buddy|0 fnt
|faint|p1b: Buddy
|-damage|p2b: Kingambit|80/100|[from] item: Life Orb
|
|upkeep
|
|t:|1785763206
|switch|p1b: Zebra|Farigiraf, L50, M, shiny|100/100
|switch|p2a: Basculegion|Basculegion, L50, M|100/100
|turn|3
|
|t:|1785763241
|move|p2a: Basculegion|Aqua Jet||[still]
|cant|p1b: Zebra|ability: Armor Tail|Aqua Jet|[of] p2a: Basculegion
|move|p1a: Cotton puff|Moonblast|p2b: Kingambit
|-damage|p2b: Kingambit|47/100
|-unboost|p2b: Kingambit|spa|1
|-ability|p2b: Kingambit|Defiant|boost
|-boost|p2b: Kingambit|atk|2
|move|p1b: Zebra|Dazzling Gleam|p2b: Kingambit|[spread] p2a,p2b
|-damage|p2a: Basculegion|82/100
|-damage|p2b: Kingambit|32/100
|move|p2b: Kingambit|Iron Head|p1a: Cotton puff
|-supereffective|p1a: Cotton puff|1
|-enditem|p1a: Cotton puff|Focus Sash
|-damage|p1a: Cotton puff|1/100
|-damage|p2b: Kingambit|22/100|[from] item: Life Orb
|
|upkeep
|turn|4
|
|t:|1785763265
|move|p2b: Kingambit|Protect|p2b: Kingambit
|-singleturn|p2b: Kingambit|Protect
|move|p1a: Cotton puff|Moonblast|p2a: Basculegion
|-damage|p2a: Basculegion|40/100
|move|p1b: Zebra|Psychic|p2a: Basculegion
|-damage|p2a: Basculegion|1/100
|move|p2a: Basculegion|Liquidation|p1a: Cotton puff
|-resisted|p1a: Cotton puff|1
|-damage|p1a: Cotton puff|0 fnt
|faint|p1a: Cotton puff
|
|-sideend|p1: phact|move: Tailwind
|upkeep
|turn|5
|
|t:|1785763278
|move|p2a: Basculegion|Liquidation|p1b: Zebra
|-damage|p1b: Zebra|50/100g
|-unboost|p1b: Zebra|def|1
|move|p1b: Zebra|Dazzling Gleam|p2b: Kingambit|[spread] p2a,p2b
|-damage|p2a: Basculegion|0 fnt
|-damage|p2b: Kingambit|6/100
|faint|p2a: Basculegion
|move|p2b: Kingambit|Kowtow Cleave|p1b: Zebra
|-supereffective|p1b: Zebra|1
|-crit|p1b: Zebra
|-damage|p1b: Zebra|0 fnt
|faint|p1b: Zebra
|-damage|p2b: Kingambit|0 fnt|[from] item: Life Orb
|faint|p2b: Kingambit
|
|win|ishallnotusename
|raw|phact's rating: 1156 → 1123(-33 for losing)
|raw|ishallnotusename's rating: 1045 → 1089(+44 for winning)
|l|☆phact
|player|p1|
