|j|‽Timondolo2
|j|‽Ghfddxc
|html|Timondolo2Ghfddxc    
|uhtml|bestof|Game 2 of a best-of-3
|t:|1756639389
|gametype|doubles
|player|p1|Timondolo2|lucas|1082
|player|p2|Ghfddxc|1|1000
|gen|9
|tier|[Gen 9] VGC 2025 Reg H (Bo3)
|rated|
|rule|Species Clause: Limit one of each Pokémon
|rule|Item Clause: Limit 1 of each item
|clearpoke
|poke|p1|Archaludon, L50, M|
|poke|p1|Pelipper, L50, F|
|poke|p1|Basculegion, L50, M|
|poke|p1|Amoonguss, L50, F|
|poke|p1|Incineroar, L50, M|
|poke|p1|Toxicroak, L50, F|
|poke|p2|Rillaboom, L50, F|
|poke|p2|Primarina, L50, F|
|poke|p2|Talonflame, L50, F|
|poke|p2|Farigiraf, L50, F|
|poke|p2|Ursaluna-Bloodmoon, L50, M|
|poke|p2|Sneasler, L50, F|
|teampreview|4
|showteam|p1|Archaludon||AssaultVest|Stamina|DracoMeteor,FlashCannon,ElectroShot,BodyPress|||M|||50|,,,,,Grass]Pelipper||FocusSash|Drizzle|Hurricane,WeatherBall,Tailwind,Protect|||F|||50|,,,,,Ghost]Basculegion||ChoiceBand|SwiftSwim|WaveCrash,FlipTurn,AquaJet,LastRespects|||M|||50|,,,,,Water]Amoonguss||SitrusBerry|Regenerator|Spore,PollenPuff,RagePowder,ClearSmog|||F|||50|,,,,,Fairy]Incineroar||SafetyGoggles|Intimidate|FakeOut,KnockOff,Taunt,PartingShot|||M|||50|,,,,,Ghost]Toxicroak||ClearAmulet|DrySkin|FakeOut,CloseCombat,PoisonJab,KnockOff|||F|||50|,,,,,Dark
|showteam|p2|Rillaboom||AssaultVest|GrassySurge|Uturn,FakeOut,WoodHammer,GrassyGlide|||F|||50|,,,,,Fire]Primarina||ThroatSpray|LiquidVoice|HyperVoice,Moonblast,CalmMind,Protect|||F|||50|,,,,,Poison]Talonflame||WideLens|GaleWings|Tailwind,WillOWisp,Taunt,DualWingbeat|||F|||50|,,,,,Ghost]Farigiraf||SitrusBerry|ArmorTail|TrickRoom,HelpingHand,Psychic,Imprison|||F|||50|,,,,,Normal]Ursaluna-Bloodmoon||CovertCloak|MindsEye|BloodMoon,HyperVoice,EarthPower,Protect|||M|||50|,,,,,Normal]Sneasler||FocusSash|PoisonTouch|FakeOut,DireClaw,CloseCombat,Protect|||F|||50|,,,,,Stellar
|inactive|Battle timer is ON: inactive players will automatically lose when time's up. (requested by Ghfddxc)
|inactive|Ghfddxc has 60 seconds left.
|
|t:|1756639428
|teamsize|p1|4
|teamsize|p2|4
|start
|switch|p1a: Pelipper|Pelipper, L50, F, shiny|100/100
|switch|p1b: Basculegion|Basculegion, L50, M|100/100
|switch|p2a: Rillaboom|Rillaboom, L50, F, shiny|100/100
|switch|p2b: Farigiraf|Farigiraf, L50, F|100/100
|-weather|RainDance|[from] ability: Drizzle|[of] p1a: Pelipper
|-fieldstart|move: Grassy Terrain|[from] ability: Grassy Surge|[of] p2a: Rillaboom
|turn|1
|inactive|Timondolo2 has 30 seconds left.
|inactive|Ghfddxc has 30 seconds left.
|
|t:|1756639454
|switch|p1b: Archaludon|Archaludon, L50, M, shiny|100/100
|move|p2a: Rillaboom|Grassy Glide|p1a: Pelipper
|-damage|p1a: Pelipper|51/100
|move|p1a: Pelipper|Hurricane|p2a: Rillaboom
|-supereffective|p2a: Rillaboom
|-damage|p2a: Rillaboom|31/100
|move|p2b: Farigiraf|Psychic|p1a: Pelipper
|-damage|p1a: Pelipper|0 fnt
|faint|p1a: Pelipper
|
|-weather|RainDance|[upkeep]
|-heal|p2a: Rillaboom|37/100|[from] Grassy Terrain
|upkeep
|
|t:|1756639467
|switch|p1a: Toxicroak|Toxicroak, L50, F|100/100
|turn|2
|
|t:|1756639489
|move|p1a: Toxicroak|Knock Off|p2b: Farigiraf
|-supereffective|p2b: Farigiraf
|-damage|p2b: Farigiraf|47/100
|-enditem|p2b: Farigiraf|Sitrus Berry|[from] move: Knock Off|[of] p1a: Toxicroak
|move|p2a: Rillaboom|U-turn|p1a: Toxicroak
|-resisted|p1a: Toxicroak
|-damage|p1a: Toxicroak|92/100
|
|t:|1756639503
|switch|p2a: Ursaluna|Ursaluna-Bloodmoon, L50, M|100/100|[from] U-turn
|move|p1b: Archaludon|Electro Shot||[still]
|-prepare|p1b: Archaludon|Electro Shot
|-boost|p1b: Archaludon|spa|1
|-anim|p1b: Archaludon|Electro Shot|p2b: Farigiraf
|-damage|p2b: Farigiraf|0 fnt
|faint|p2b: Farigiraf
|
|-weather|RainDance|[upkeep]
|-heal|p1a: Toxicroak|100/100|[from] ability: Dry Skin
|upkeep
|
|t:|1756639519
|switch|p2b: Rillaboom|Rillaboom, L50, F, shiny|37/100
|turn|3
|inactive|Timondolo2 has 30 seconds left.
|inactive|Ghfddxc has 30 seconds left.
|
|t:|1756639551
|-terastallize|p1b: Archaludon|Grass
|move|p1a: Toxicroak|Close Combat|p2a: Ursaluna
|-supereffective|p2a: Ursaluna
|-damage|p2a: Ursaluna|14/100
|-unboost|p1a: Toxicroak|def|1
|-unboost|p1a: Toxicroak|spd|1
|move|p2b: Rillaboom|U-turn|p1a: Toxicroak
|-resisted|p1a: Toxicroak
|-damage|p1a: Toxicroak|86/100
|
|t:|1756639557
|switch|p2b: Primarina|Primarina, L50, F|100/100|[from] U-turn
|move|p1b: Archaludon|Draco Meteor|p2b: Primarina
|-immune|p2b: Primarina
|move|p2a: Ursaluna|Earth Power|p1a: Toxicroak
|-supereffective|p1a: Toxicroak
|-damage|p1a: Toxicroak|0 fnt
|faint|p1a: Toxicroak
|
|-weather|RainDance|[upkeep]
|-heal|p2a: Ursaluna|20/100|[from] Grassy Terrain
|upkeep
|
|t:|1756639568
|switch|p1a: Basculegion|Basculegion, L50, M|100/100
|turn|4
|
|t:|1756639585
|move|p2b: Primarina|Protect|p2b: Primarina
|-singleturn|p2b: Primarina|Protect
|move|p2a: Ursaluna|Protect|p2a: Ursaluna
|-singleturn|p2a: Ursaluna|Protect
|move|p1a: Basculegion|Wave Crash|p2b: Primarina
|-activate|p2b: Primarina|move: Protect
|move|p1b: Archaludon|Body Press|p2a: Ursaluna
|-activate|p2a: Ursaluna|move: Protect
|
|-weather|RainDance|[upkeep]
|-heal|p2a: Ursaluna|27/100|[from] Grassy Terrain
|upkeep
|turn|5
|inactive|Ghfddxc has 30 seconds left.
|inactive|Timondolo2 has 30 seconds left.
|inactive|Ghfddxc has 20 seconds left.
|inactive|Timondolo2 has 20 seconds left.
|
|t:|1756639635
|move|p1a: Basculegion|Wave Crash|p2b: Primarina
|-resisted|p2b: Primarina
|-damage|p2b: Primarina|31/100
|-damage|p1a: Basculegion|79/100|[from] Recoil
|move|p2b: Primarina|Hyper Voice|p1a: Basculegion|[spread] p1a,p1b
|-resisted|p1a: Basculegion
|-resisted|p1b: Archaludon
|-damage|p1a: Basculegion|54/100
|-damage|p1b: Archaludon|86/100
|-ability|p1b: Archaludon|Stamina|boost
|-boost|p1b: Archaludon|def|1
|-enditem|p2b: Primarina|Throat Spray
|-boost|p2b: Primarina|spa|1|[from] item: Throat Spray
|move|p1b: Archaludon|Body Press|p2a: Ursaluna
|-supereffective|p2a: Ursaluna
|-damage|p2a: Ursaluna|0 fnt
|faint|p2a: Ursaluna
|
|-weather|none
|-heal|p1a: Basculegion|60/100|[from] Grassy Terrain
|-heal|p2b: Primarina|37/100|[from] Grassy Terrain
|-heal|p1b: Archaludon|92/100|[from] Grassy Terrain
|-fieldend|move: Grassy Terrain
|upkeep
|
|t:|1756639648
|switch|p2a: Rillaboom|Rillaboom, L50, F, shiny|37/100
|-fieldstart|move: Grassy Terrain|[from] ability: Grassy Surge|[of] p2a: Rillaboom
|turn|6
|
|t:|1756639666
|-terastallize|p2b: Primarina|Poison
|move|p2a: Rillaboom|Grassy Glide|p1a: Basculegion
|-supereffective|p1a: Basculegion
|-damage|p1a: Basculegion|0 fnt
|faint|p1a: Basculegion
|move|p2b: Primarina|Moonblast|p1b: Archaludon
|-damage|p1b: Archaludon|47/100
|-unboost|p1b: Archaludon|spa|1
|-ability|p1b: Archaludon|Stamina|boost
|-boost|p1b: Archaludon|def|1
|move|p1b: Archaludon|Body Press|p2a: Rillaboom
|-damage|p2a: Rillaboom|0 fnt
|faint|p2a: Rillaboom
|
|-heal|p2b: Primarina|43/100|[from] Grassy Terrain
|-heal|p1b: Archaludon|54/100|[from] Grassy Terrain
|upkeep
|turn|7
|
|t:|1756639686
|move|p2b: Primarina|Protect|p2b: Primarina
|-singleturn|p2b: Primarina|Protect
|move|p1b: Archaludon|Flash Cannon|p2b: Primarina
|-activate|p2b: Primarina|move: Protect
|
|-heal|p2b: Primarina|49/100|[from] Grassy Terrain
|-heal|p1b: Archaludon|60/100|[from] Grassy Terrain
|upkeep
|turn|8
|
|t:|1756639691
|move|p2b: Primarina|Calm Mind|p2b: Primarina
|-boost|p2b: Primarina|spa|1
|-boost|p2b: Primarina|spd|1
|move|p1b: Archaludon|Flash Cannon|p2b: Primarina
|-damage|p2b: Primarina|30/100
|
|-heal|p2b: Primarina|36/100|[from] Grassy Terrain
|-heal|p1b: Archaludon|66/100|[from] Grassy Terrain
|upkeep
|turn|9
|
|t:|1756639703
|move|p2b: Primarina|Moonblast|p1b: Archaludon
|-damage|p1b: Archaludon|7/100
|-ability|p1b: Archaludon|Stamina|boost
|-boost|p1b: Archaludon|def|1
|move|p1b: Archaludon|Body Press|p2b: Primarina
|-resisted|p2b: Primarina
|-damage|p2b: Primarina|0 fnt
|faint|p2b: Primarina
|
|win|Timondolo2
|raw|Timondolo2's rating: 1082 → 1103(+21 for winning)
|raw|Ghfddxc's rating: 1000 → 1000(+0 for losing)
|l|‽Ghfddxc
|player|p2|
|l|‽Timondolo2
|player|p1|
