|j|☆leejit
|j|☆jonan_97
|html|leejitjonan_97    
|uhtml|bestof|Game 2 of a best-of-3
|t:|1784828924
|gametype|doubles
|player|p1|leejit|170|1177
|player|p2|jonan_97|102|1099
|gen|9
|tier|[Gen 9 Champions] VGC 2026 Reg M-B (Bo3)
|rated|
|rule|Species Clause: Limit one of each Pokémon
|rule|Item Clause: Limit 1 of each item
|clearpoke
|poke|p1|Tyranitar, L50, F|
|poke|p1|Excadrill, L50, M|
|poke|p1|Milotic, L50, M|
|poke|p1|Gholdengo, L50|
|poke|p1|Sinistcha, L50|
|poke|p1|Staraptor, L50, M|
|poke|p2|Staraptor, L50, M|
|poke|p2|Delphox, L50, M|
|poke|p2|Whimsicott, L50, M|
|poke|p2|Kingambit, L50, M|
|poke|p2|Garchomp, L50, M|
|poke|p2|Glimmora, L50, F|
|teampreview|4
|showteam|p1|Tyranitar||Tyranitarite|SandStream|KnockOff,RockSlide,HighHorsepower,Protect|Jolly||F|||50|]Excadrill||FocusSash|SandRush|HighHorsepower,IronHead,RockSlide,Protect|Jolly||M|||50|]Milotic||SitrusBerry|Competitive|Scald,IcyWind,Haze,Protect|Calm||M|||50|]Gholdengo||LifeOrb|GoodasGold|MakeItRain,ShadowBall,NastyPlot,Protect|Modest|||||50|]Sinistcha||ColburBerry|Hospitality|MatchaGotcha,ShadowBall,Protect,RagePowder|Bold|||||50|]Staraptor||Staraptite|Intimidate|CloseCombat,BraveBird,Tailwind,Protect|Jolly||M|||50|
|showteam|p2|Staraptor||Staraptite|Intimidate|Protect,DualWingbeat,CloseCombat,Roost|Jolly||M|||50|]Delphox||Delphoxite|Blaze|HeatWave,Psychic,Encore,Protect|Timid||M|||50|]Whimsicott||OccaBerry|Prankster|Tailwind,Moonblast,Charm,LightScreen|Timid||M|||50|]Kingambit||ChopleBerry|Defiant|KowtowCleave,IronHead,SuckerPunch,LowKick|Adamant||M|||50|]Garchomp||ChoiceScarf|RoughSkin|DragonClaw,Earthquake,RockSlide,Protect|Adamant||M|||50|]Glimmora||FocusSash|ToxicDebris|PowerGem,SludgeBomb,EarthPower,SpikyShield|Modest||F|||50|
|inactive|Battle timer is ON: inactive players will automatically lose when time's up. (requested by jonan_97)
|inactive|leejit has 60 seconds left.
|inactive|jonan_97 has 60 seconds left.
|
|t:|1784828959
|teamsize|p1|4
|teamsize|p2|4
|start
|switch|p1a: Staraptor|Staraptor, L50, M|100/100
|switch|p1b: Milotic|Milotic, L50, M|100/100
|switch|p2a: Kingambit|Kingambit, L50, M|100/100
|switch|p2b: Staraptor|Staraptor, L50, M|100/100
|-ability|p2b: Staraptor|Intimidate|boost
|-unboost|p1a: Staraptor|atk|1
|-unboost|p1b: Milotic|atk|1
|-ability|p1b: Milotic|Competitive|boost
|-boost|p1b: Milotic|spa|2
|-ability|p1a: Staraptor|Intimidate|boost
|-unboost|p2a: Kingambit|atk|1
|-ability|p2a: Kingambit|Defiant|boost
|-boost|p2a: Kingambit|atk|2
|-unboost|p2b: Staraptor|atk|1
|turn|1
|inactive|jonan_97 has 30 seconds left.
|inactive|jonan_97 has 20 seconds left.
|
|t:|1784828998
|switch|p2a: Whimsicott|Whimsicott, L50, M|100/100
|detailschange|p1a: Staraptor|Staraptor-Mega, L50, M
|-mega|p1a: Staraptor|Staraptor|Staraptite
|detailschange|p2b: Staraptor|Staraptor-Mega, L50, M
|-mega|p2b: Staraptor|Staraptor|Staraptite
|move|p2b: Staraptor|Protect|p2b: Staraptor
|-singleturn|p2b: Staraptor|Protect
|move|p1a: Staraptor|Close Combat|p2a: Whimsicott
|-resisted|p2a: Whimsicott|1
|-damage|p2a: Whimsicott|82/100
|-boost|p1a: Staraptor|def|1
|-boost|p1a: Staraptor|spd|1
|move|p1b: Milotic|Scald|p2a: Whimsicott
|-resisted|p2a: Whimsicott|1
|-damage|p2a: Whimsicott|44/100
|-status|p2a: Whimsicott|brn
|
|-damage|p2a: Whimsicott|38/100 brn|[from] brn
|upkeep
|turn|2
|inactive|leejit has 30 seconds left.
|
|t:|1784829025
|move|p2a: Whimsicott|Tailwind|p2a: Whimsicott
|-sidestart|p2: jonan_97|move: Tailwind
|move|p2b: Staraptor|Close Combat|p1b: Milotic
|-damage|p1b: Milotic|61/100
|-boost|p2b: Staraptor|def|1
|-boost|p2b: Staraptor|spd|1
|move|p1a: Staraptor|Brave Bird|p2b: Staraptor
|-supereffective|p2b: Staraptor|1
|-damage|p2b: Staraptor|49/100
|-damage|p1a: Staraptor|84/100|[from] Recoil
|move|p1b: Milotic|Scald|p2b: Staraptor
|-damage|p2b: Staraptor|6/100
|
|-damage|p2a: Whimsicott|32/100 brn|[from] brn
|upkeep
|turn|3
|inactive|leejit has 30 seconds left.
|inactive|leejit has 20 seconds left.
|
|t:|1784829062
|move|p1a: Staraptor|Protect|p1a: Staraptor
|-singleturn|p1a: Staraptor|Protect
|move|p2a: Whimsicott|Charm|p2b: Staraptor
|-boost|p2b: Staraptor|atk|2
|move|p2b: Staraptor|Dual Wingbeat|p1a: Staraptor
|-activate|p1a: Staraptor|move: Protect
|move|p1b: Milotic|Icy Wind|p2a: Whimsicott|[spread] p2a,p2b
|-supereffective|p2a: Whimsicott|1
|-supereffective|p2b: Staraptor|1
|-damage|p2a: Whimsicott|0 fnt
|-damage|p2b: Staraptor|0 fnt
|faint|p2a: Whimsicott
|faint|p2b: Staraptor
|
|upkeep
|c|☆jonan_97|nice one
|
|t:|1784829074
|switch|p2b: Glimmora|Glimmora, L50, F|100/100
|switch|p2a: Kingambit|Kingambit, L50, M|100/100
|turn|4
|
|t:|1784829094
|move|p1b: Milotic|Protect|p1b: Milotic
|-singleturn|p1b: Milotic|Protect
|move|p2b: Glimmora|Sludge Bomb|p1a: Staraptor
|-damage|p1a: Staraptor|51/100
|-status|p1a: Staraptor|psn
|move|p1a: Staraptor|Close Combat|p2a: Kingambit
|-supereffective|p2a: Kingambit|2
|-enditem|p2a: Kingambit|Chople Berry|[eat]
|-enditem|p2a: Kingambit|Chople Berry|[weaken]
|-damage|p2a: Kingambit|47/100
|-boost|p1a: Staraptor|def|1
|-boost|p1a: Staraptor|spd|1
|move|p2a: Kingambit|Iron Head|p1a: Staraptor
|-damage|p1a: Staraptor|30/100 psn
|
|-damage|p1a: Staraptor|18/100 psn|[from] psn
|upkeep
|turn|5
|
|t:|1784829113
|move|p2b: Glimmora|Sludge Bomb|p1b: Milotic
|-damage|p1b: Milotic|27/100
|-status|p1b: Milotic|psn
|-enditem|p1b: Milotic|Sitrus Berry|[eat]
|-heal|p1b: Milotic|52/100 psn|[from] item: Sitrus Berry
|move|p1a: Staraptor|Tailwind|p1a: Staraptor
|-sidestart|p1: leejit|move: Tailwind
|move|p1b: Milotic|Scald|p2a: Kingambit
|-damage|p2a: Kingambit|0 fnt
|faint|p2a: Kingambit
|
|-damage|p1a: Staraptor|6/100 psn|[from] psn
|-damage|p1b: Milotic|40/100 psn|[from] psn
|-sideend|p2: jonan_97|move: Tailwind
|upkeep
|turn|6
|
|t:|1784829134
|move|p2b: Glimmora|Spiky Shield|p2b: Glimmora
|-singleturn|p2b: Glimmora|move: Protect
|move|p1a: Staraptor|Close Combat|p2b: Glimmora
|-activate|p2b: Glimmora|move: Protect
|-damage|p1a: Staraptor|0 fnt|[from] Spiky Shield|[of] p2b: Glimmora
|faint|p1a: Staraptor
|move|p1b: Milotic|Scald|p2b: Glimmora
|-activate|p2b: Glimmora|move: Protect
|
|-damage|p1b: Milotic|28/100 psn|[from] psn
|upkeep
|
|t:|1784829139
|switch|p1a: Excadrill|Excadrill, L50, M|100/100
|turn|7
|
|t:|1784829153
|move|p1a: Excadrill|Iron Head|p2b: Glimmora
|-supereffective|p2b: Glimmora|1
|-enditem|p2b: Glimmora|Focus Sash
|-damage|p2b: Glimmora|1/100
|-activate|p2b: Glimmora|ability: Toxic Debris
|-sidestart|p1: leejit|move: Toxic Spikes
|move|p1b: Milotic|Scald|p2b: Glimmora
|-supereffective|p2b: Glimmora|1
|-damage|p2b: Glimmora|0 fnt
|faint|p2b: Glimmora
|
|win|leejit
