|j|☆Chknadobovgc
|j|☆fustor
|html|Chknadobovgcfustor    
|uhtml|bestof|Game 3 of a best-of-3
|t:|1756552494
|gametype|doubles
|player|p1|Chknadobovgc|2|1021
|player|p2|fustor|170|1049
|gen|9
|tier|[Gen 9] VGC 2025 Reg H (Bo3)
|rated|
|rule|Species Clause: Limit one of each Pokémon
|rule|Item Clause: Limit 1 of each item
|clearpoke
|poke|p1|Pelipper, L50, F|
|poke|p1|Archaludon, L50, M|
|poke|p1|Basculegion, L50, M|
|poke|p1|Dragonite, L50, F|
|poke|p1|Maushold, L50|
|poke|p1|Gholdengo, L50|
|poke|p2|Charizard, L50, F|
|poke|p2|Torkoal, L50, F|
|poke|p2|Porygon2, L50|
|poke|p2|Incineroar, L50, F|
|poke|p2|Jumpluff, L50, M|
|poke|p2|Ursaluna, L50, F|
|teampreview|4
|showteam|p1|Pelipper||FocusSash|Drizzle|WeatherBall,Hurricane,Tailwind,WideGuard|||F|||50|,,,,,Ghost]Archaludon||AssaultVest|Stamina|BodyPress,FlashCannon,ElectroShot,Snarl|||M|||50|,,,,,Fighting]Basculegion||LifeOrb|SwiftSwim|WaveCrash,LastRespects,FlipTurn,AquaJet|||M|||50|,,,,,Water]Dragonite||LoadedDice|Multiscale|ScaleShot,Tailwind,Haze,Protect|||F|||50|,,,,,Fairy]Maushold||SafetyGoggles|FriendGuard|BeatUp,Taunt,FollowMe,Protect||||||50|,,,,,Ghost]Gholdengo||ChoiceScarf|GoodasGold|MakeItRain,ShadowBall,Trick,Protect||||||50|,,,,,Steel
|showteam|p2|Charizard||ChoiceSpecs|SolarPower|HeatWave,Overheat,WeatherBall,AirSlash|||F|||50|,,,,,Ghost]Torkoal||EjectPack|Drought|Eruption,Overheat,HelpingHand,Protect|||F|||50|,,,,,Fire]Porygon2||Eviolite|Download|TeraBlast,IceBeam,Recover,TrickRoom||||||50|,,,,,Fighting]Incineroar||SitrusBerry|Intimidate|FlareBlitz,KnockOff,FakeOut,PartingShot|||F|||50|,,,,,Ghost]Jumpluff||CovertCloak|Chlorophyll|SleepPowder,SunnyDay,RagePowder,Tailwind|||M|||50|,,,,,Water]Ursaluna||FlameOrb|Guts|HeadlongRush,Facade,Earthquake,Protect|||F|||50|,,,,,Ghost
|inactive|Battle timer is ON: inactive players will automatically lose when time's up. (requested by fustor)
|
|t:|1756552531
|teamsize|p1|4
|teamsize|p2|4
|start
|switch|p1a: Maushold|Maushold, L50|100/100
|switch|p1b: Gholdengo|Gholdengo, L50, shiny|100/100
|switch|p2a: Incineroar|Incineroar, L50, F|100/100
|switch|p2b: Porygon2|Porygon2, L50|100/100
|-ability|p2a: Incineroar|Intimidate|boost
|-unboost|p1a: Maushold|atk|1
|-unboost|p1b: Gholdengo|atk|1
|-ability|p2b: Porygon2|Download|boost
|-boost|p2b: Porygon2|atk|1
|turn|1
|
|t:|1756552550
|switch|p1b: Pelipper|Pelipper, L50, F, shiny|100/100
|-weather|RainDance|[from] ability: Drizzle|[of] p1b: Pelipper
|-terastallize|p2b: Porygon2|Fighting
|move|p1a: Maushold|Taunt|p2b: Porygon2
|-start|p2b: Porygon2|move: Taunt
|move|p2a: Incineroar|Flare Blitz|p1b: Pelipper
|-resisted|p1b: Pelipper
|-damage|p1b: Pelipper|89/100
|-damage|p2a: Incineroar|98/100|[from] Recoil
|move|p2b: Porygon2|Tera Blast|p1b: Pelipper|[anim] Tera Blast Fighting
|-resisted|p1b: Pelipper
|-damage|p1b: Pelipper|67/100
|
|-weather|RainDance|[upkeep]
|upkeep
|turn|2
|inactive|fustor has 30 seconds left.
|
|t:|1756552584
|switch|p2b: Jumpluff|Jumpluff, L50, M|100/100
|move|p1a: Maushold|Follow Me|p1a: Maushold
|-singleturn|p1a: Maushold|move: Follow Me
|move|p1b: Pelipper|Hurricane|p2b: Jumpluff
|-supereffective|p2b: Jumpluff
|-damage|p2b: Jumpluff|8/100
|move|p2a: Incineroar|Knock Off|p1a: Maushold
|-damage|p1a: Maushold|48/100
|-enditem|p1a: Maushold|Safety Goggles|[from] move: Knock Off|[of] p2a: Incineroar
|
|-weather|RainDance|[upkeep]
|upkeep
|turn|3
|inactive|fustor has 30 seconds left.
|
|t:|1756552617
|move|p1a: Maushold|Follow Me|p1a: Maushold
|-singleturn|p1a: Maushold|move: Follow Me
|move|p2b: Jumpluff|Sunny Day|p2b: Jumpluff
|-weather|SunnyDay
|move|p1b: Pelipper|Tailwind|p1b: Pelipper
|-sidestart|p1: Chknadobovgc|move: Tailwind
|move|p2a: Incineroar|Knock Off|p1a: Maushold
|-damage|p1a: Maushold|9/100
|
|-weather|SunnyDay|[upkeep]
|upkeep
|turn|4
|inactive|Chknadobovgc has 30 seconds left.
|inactive|Chknadobovgc has 20 seconds left.
|inactive|fustor has 30 seconds left.
|inactive|Chknadobovgc has 15 seconds left.
|inactive|Chknadobovgc has 10 seconds left.
|inactive|Chknadobovgc has 5 seconds left.
|
|t:|1756552671
|move|p2b: Jumpluff|Sleep Powder|p1b: Pelipper|[miss]
|-miss|p2b: Jumpluff|p1b: Pelipper
|move|p1a: Maushold|Taunt|p2b: Jumpluff
|-start|p2b: Jumpluff|move: Taunt
|move|p1b: Pelipper|Hurricane|p2b: Jumpluff|[miss]
|-miss|p1b: Pelipper|p2b: Jumpluff
|move|p2a: Incineroar|Knock Off|p1a: Maushold
|-damage|p1a: Maushold|0 fnt
|faint|p1a: Maushold
|
|-weather|SunnyDay|[upkeep]
|upkeep
|
|t:|1756552678
|switch|p1a: Basculegion|Basculegion, L50, M|100/100
|turn|5
|
|t:|1756552700
|switch|p2b: Porygon2|Porygon2, L50, tera:Fighting|100/100
|-ability|p2b: Porygon2|Download|boost
|-boost|p2b: Porygon2|spa|1
|switch|p1b: Gholdengo|Gholdengo, L50, shiny|100/100
|move|p1a: Basculegion|Flip Turn|p2b: Porygon2
|-damage|p2b: Porygon2|89/100
|-damage|p1a: Basculegion|91/100|[from] item: Life Orb
|
|t:|1756552711
|switch|p1a: Pelipper|Pelipper, L50, F, shiny|67/100|[from] Flip Turn
|-weather|RainDance|[from] ability: Drizzle|[of] p1a: Pelipper
|move|p2a: Incineroar|Knock Off|p1a: Pelipper
|-damage|p1a: Pelipper|12/100
|-enditem|p1a: Pelipper|Focus Sash|[from] move: Knock Off|[of] p2a: Incineroar
|
|-weather|RainDance|[upkeep]
|upkeep
|turn|6
|inactive|fustor has 30 seconds left.
|
|t:|1756552744
|switch|p2a: Jumpluff|Jumpluff, L50, M|8/100
|-terastallize|p1b: Gholdengo|Steel
|move|p1b: Gholdengo|Shadow Ball|p2b: Porygon2
|-damage|p2b: Porygon2|58/100
|move|p1a: Pelipper|Hurricane|p2b: Porygon2
|-supereffective|p2b: Porygon2
|-damage|p2b: Porygon2|0 fnt
|faint|p2b: Porygon2
|
|-weather|RainDance|[upkeep]
|-sideend|p1: Chknadobovgc|move: Tailwind
|upkeep
|
|t:|1756552757
|switch|p2b: Incineroar|Incineroar, L50, F|98/100
|-ability|p2b: Incineroar|Intimidate|boost
|-unboost|p1a: Pelipper|atk|1
|-unboost|p1b: Gholdengo|atk|1
|turn|7
|
|t:|1756552766
|move|p1b: Gholdengo|Shadow Ball|p2a: Jumpluff
|-damage|p2a: Jumpluff|0 fnt
|faint|p2a: Jumpluff
|move|p1a: Pelipper|Weather Ball|p2b: Incineroar
|-supereffective|p2b: Incineroar
|-damage|p2b: Incineroar|0 fnt
|faint|p2b: Incineroar
|
|-weather|RainDance|[upkeep]
|upkeep
|
|t:|1756552776
|switch|p2b: Ursaluna|Ursaluna, L50, F|100/100
|turn|8
|
|t:|1756552793
|switch|p1b: Basculegion|Basculegion, L50, M|91/100
|move|p2b: Ursaluna|Protect|p2b: Ursaluna
|-singleturn|p2b: Ursaluna|Protect
|move|p1a: Pelipper|Weather Ball|p2b: Ursaluna
|-activate|p2b: Ursaluna|move: Protect
|
|-weather|RainDance|[upkeep]
|-status|p2b: Ursaluna|brn|[from] item: Flame Orb
|upkeep
|turn|9
|
|t:|1756552804
|move|p2b: Ursaluna|Protect||[still]
|-fail|p2b: Ursaluna
|move|p1b: Basculegion|Wave Crash|p2b: Ursaluna
|-supereffective|p2b: Ursaluna
|-damage|p2b: Ursaluna|0 fnt
|faint|p2b: Ursaluna
|-damage|p1b: Basculegion|53/100|[from] Recoil
|-damage|p1b: Basculegion|43/100|[from] item: Life Orb
|
|win|Chknadobovgc
|raw|Chknadobovgc's rating: 1021 → 1061(+40 for winning)
|raw|fustor's rating: 1049 → 1030(-19 for losing)
