|j|☆NoodleDude2355
|j|☆electrictopi
|html|NoodleDude2355electrictopi    
|uhtml|bestof|Game 1 of a best-of-3
|t:|1757665421
|gametype|doubles
|player|p1|NoodleDude2355|blackbelt-gen4dp|1187
|player|p2|electrictopi|n|1071
|gen|9
|tier|[Gen 9] VGC 2025 Reg H (Bo3)
|rated|
|rule|Species Clause: Limit one of each Pokémon
|rule|Item Clause: Limit 1 of each item
|clearpoke
|poke|p1|Dondozo, L50, M|
|poke|p1|Tatsugiri, L50, M|
|poke|p1|Archaludon, L50, F|
|poke|p1|Annihilape, L50, M|
|poke|p1|Dragonite, L50, F|
|poke|p1|Tinkaton, L50, F|
|poke|p2|Maushold-Four, L50|
|poke|p2|Annihilape, L50, M|
|poke|p2|Whimsicott, L50, F|
|poke|p2|Ursaluna-Bloodmoon, L50, M|
|poke|p2|Charizard, L50, M|
|poke|p2|Smeargle, L50, F|
|teampreview|4
|showteam|p1|Dondozo||CovertCloak|Unaware|WaveCrash,Earthquake,TeraBlast,Protect|||M|||50|,,,,,Flying]Tatsugiri||ChoiceScarf|Commander|MuddyWater,DracoMeteor,DragonPulse,IcyWind|||M|||50|,,,,,Ghost]Archaludon||PowerHerb|Stalwart|DragonPulse,ElectroShot,Thunderbolt,Protect|||F|||50|,,,,,Electric]Annihilape||SafetyGoggles|Defiant|CloseCombat,RageFist,FinalGambit,Coaching|||M|||50|,,,,,Stellar]Dragonite||LoadedDice|InnerFocus|ScaleShot,ExtremeSpeed,Tailwind,Protect|||F|||50|,,,,,Fairy]Tinkaton||ClearAmulet|MoldBreaker|FakeOut,GigatonHammer,PlayRough,Encore|||F|||50|,,,,,Water
|showteam|p2|Maushold-Four||SafetyGoggles|FriendGuard|SuperFang,FollowMe,Protect,BeatUp||||||50|,,,,,Ghost]Annihilape||AssaultVest|Defiant|FinalGambit,CloseCombat,RageFist,DrainPunch|||M|||50|,,,,,Fire]Whimsicott||CovertCloak|Prankster|Tailwind,Moonblast,HelpingHand,SunnyDay|||F|||50|,,,,,Water]Ursaluna-Bloodmoon||LifeOrb|MindsEye|Protect,EarthPower,BloodMoon,HyperVoice|||M|||50|,,,,,Normal]Charizard||ChoiceSpecs|SolarPower|WeatherBall,Overheat,HeatWave,SolarBeam|||M|||50|,,,,,Ghost]Smeargle||FocusSash|Moody|Spore,FollowMe,FakeOut,Decorate|||F|||50|,,,,,Ghost
|inactive|Battle timer is ON: inactive players will automatically lose when time's up. (requested by NoodleDude2355)
|inactive|NoodleDude2355 has 60 seconds left.
|inactive|electrictopi has 60 seconds left.
|
|t:|1757665472
|teamsize|p1|4
|teamsize|p2|4
|start
|switch|p1a: Dondozo|Dondozo, L50, M|100/100
|switch|p1b: Annihilape|Annihilape, L50, M|100/100
|switch|p2a: Annihilape|Annihilape, L50, M, shiny|100/100
|switch|p2b: Maushold|Maushold-Four, L50|100/100
|turn|1
|inactive|NoodleDude2355 has 30 seconds left.
|inactive|electrictopi has 30 seconds left.
|inactive|electrictopi has 20 seconds left.
|inactive|electrictopi has 15 seconds left.
|
|t:|1757665515
|move|p1a: Dondozo|Protect|p1a: Dondozo
|-singleturn|p1a: Dondozo|Protect
|move|p2b: Maushold|Beat Up|p2a: Annihilape
|-damage|p2a: Annihilape|98/100
|-damage|p2a: Annihilape|96/100
|-damage|p2a: Annihilape|94/100
|-damage|p2a: Annihilape|93/100
|-hitcount|p2a: Annihilape|4
|move|p1b: Annihilape|Coaching|p1a: Dondozo
|-boost|p1a: Dondozo|atk|1
|-boost|p1a: Dondozo|def|1
|move|p2a: Annihilape|Rage Fist|p1b: Annihilape
|-supereffective|p1b: Annihilape
|-damage|p1b: Annihilape|0 fnt
|faint|p1b: Annihilape
|
|upkeep
|
|t:|1757665536
|switch|p1b: Tatsugiri|Tatsugiri, L50, M|100/100
|-activate|p1b: Tatsugiri|ability: Commander|[of] p1a: Dondozo
|-boost|p1a: Dondozo|atk|2
|-boost|p1a: Dondozo|spa|2
|-boost|p1a: Dondozo|spe|2
|-boost|p1a: Dondozo|def|2
|-boost|p1a: Dondozo|spd|2
|turn|2
|
|t:|1757665556
|-terastallize|p1a: Dondozo|Flying
|move|p2b: Maushold|Super Fang|p1a: Dondozo|[miss]
|-miss|p2b: Maushold|p1a: Dondozo
|move|p1a: Dondozo|Tera Blast|p2a: Annihilape|[anim] Tera Blast Flying
|-supereffective|p2a: Annihilape
|-damage|p2a: Annihilape|0 fnt
|faint|p2a: Annihilape
|
|upkeep
|
|t:|1757665566
|switch|p2a: Smeargle|Smeargle, L50, F, shiny|100/100
|turn|3
|
|t:|1757665582
|move|p2a: Smeargle|Fake Out|p1a: Dondozo
|-damage|p1a: Dondozo|99/100
|move|p2b: Maushold|Super Fang|p1a: Dondozo
|-damage|p1a: Dondozo|50/100
|move|p1a: Dondozo|Earthquake|p2b: Maushold|[spread] p2a,p2b
|-miss|p1a: Dondozo|p1b: Tatsugiri
|-damage|p2a: Smeargle|29/100
|-damage|p2b: Maushold|33/100
|
|-ability|p2a: Smeargle|Moody|boost
|-boost|p2a: Smeargle|atk|2
|-unboost|p2a: Smeargle|def|1
|upkeep
|turn|4
|
|t:|1757665595
|switch|p2b: Ursaluna|Ursaluna-Bloodmoon, L50, M|100/100
|move|p1a: Dondozo|Earthquake|p2b: Ursaluna|[spread] p2a,p2b
|-miss|p1a: Dondozo|p1b: Tatsugiri
|-damage|p2a: Smeargle|0 fnt
|-damage|p2b: Ursaluna|59/100
|faint|p2a: Smeargle
|
|upkeep
|
|t:|1757665601
|switch|p2a: Maushold|Maushold-Four, L50|33/100
|turn|5
|inactive|NoodleDude2355 has 30 seconds left.
|
|t:|1757665634
|-terastallize|p2b: Ursaluna|Normal
|move|p2a: Maushold|Protect|p2a: Maushold
|-singleturn|p2a: Maushold|Protect
|move|p1a: Dondozo|Earthquake|p2a: Maushold|[spread] p2b
|-miss|p1a: Dondozo|p1b: Tatsugiri
|-activate|p2a: Maushold|move: Protect
|-crit|p2b: Ursaluna
|-damage|p2b: Ursaluna|11/100
|move|p2b: Ursaluna|Blood Moon|p1a: Dondozo
|-damage|p1a: Dondozo|0 fnt
|faint|p1a: Dondozo
|-damage|p2b: Ursaluna|2/100|[from] item: Life Orb
|
|upkeep
|
|t:|1757665644
|switch|p1a: Tinkaton|Tinkaton, L50, F|100/100
|-ability|p1a: Tinkaton|Mold Breaker
|turn|6
|
|t:|1757665661
|move|p1a: Tinkaton|Fake Out|p2a: Maushold
|-damage|p2a: Maushold|20/100
|cant|p2a: Maushold|flinch
|move|p1b: Tatsugiri|Muddy Water|p2b: Ursaluna|[spread] p2b
|-miss|p1b: Tatsugiri|p2a: Maushold
|-damage|p2b: Ursaluna|0 fnt
|faint|p2b: Ursaluna
|
|upkeep
|turn|7
|
|t:|1757665672
|move|p1b: Tatsugiri|Muddy Water|p2a: Maushold
|-damage|p2a: Maushold|0 fnt
|faint|p2a: Maushold
|
|win|NoodleDude2355
||NoodleDude2355 is ready for game 2.
||electrictopi is ready for game 2.
|uhtml|next|Next: Game 2 of 3
