|j|☆ImClarenceClaymore
|j|☆letsgetfluffy
|html|ImClarenceClaymoreletsgetfluffy    
|uhtml|bestof|Game 2 of a best-of-3
|t:|1756769411
|gametype|doubles
|player|p1|ImClarenceClaymore|pokemaniac|1119
|player|p2|letsgetfluffy|101|1128
|gen|9
|tier|[Gen 9] VGC 2025 Reg H (Bo3)
|rated|
|rule|Species Clause: Limit one of each Pokémon
|rule|Item Clause: Limit 1 of each item
|clearpoke
|poke|p1|Torkoal, L50, F|
|poke|p1|Hatterene, L50, F|
|poke|p1|Indeedee-F, L50, F|
|poke|p1|Ursaluna-Bloodmoon, L50, M|
|poke|p1|Porygon2, L50|
|poke|p1|Incineroar, L50, F|
|poke|p2|Politoed, L50, F|
|poke|p2|Gothitelle, L50, M|
|poke|p2|Incineroar, L50, F|
|poke|p2|Amoonguss, L50, M|
|poke|p2|Kingdra, L50, F|
|poke|p2|Archaludon, L50, F|
|teampreview|4
|showteam|p1|Torkoal||Charcoal|Drought|Protect,Eruption,Flamethrower,ClearSmog|||F|||50|,,,,,Fire]Hatterene||LifeOrb|MagicBounce|Protect,ExpandingForce,DazzlingGleam,TrickRoom|||F|||50|,,,,,Psychic]Indeedee-F||FocusSash|PsychicSurge|FollowMe,TrickRoom,HelpingHand,Psychic|||F|||50|,,,,,Psychic]Ursaluna-Bloodmoon||AssaultVest|MindsEye|HyperVoice,EarthPower,BloodMoon,Moonblast|||M|||50|,,,,,Ghost]Porygon2||Eviolite|Download|TeraBlast,IceBeam,TrickRoom,Recover||||||50|,,,,,Fighting]Incineroar||SitrusBerry|Intimidate|FlareBlitz,KnockOff,FakeOut,PartingShot|||F|||50|,,,,,Bug
|showteam|p2|Politoed||Leftovers|Drizzle|Protect,WeatherBall,PerishSong,Encore|||F|||50|,,,,,Grass]Gothitelle||SitrusBerry|ShadowTag|Protect,Psychic,FakeOut,TrickRoom|||M|||50|,,,,,Dark]Incineroar||SafetyGoggles|Intimidate|Protect,KnockOff,FakeOut,PartingShot|||F|||50|,,,,,Ghost]Amoonguss||EjectButton|Regenerator|Protect,RagePowder,PollenPuff,Spore|||M|||50|,,,,,Fairy]Kingdra||LifeOrb|SwiftSwim|Protect,WeatherBall,DracoMeteor,MuddyWater|||F|||50|,,,,,Stellar]Archaludon||PowerHerb|Sturdy|Protect,ElectroShot,DragonPulse,FlashCannon|||F|||50|,,,,,Electric
|inactive|Battle timer is ON: inactive players will automatically lose when time's up. (requested by letsgetfluffy)
|inactive|ImClarenceClaymore has 60 seconds left.
|inactive|letsgetfluffy has 60 seconds left.
|
|t:|1756769461
|teamsize|p1|4
|teamsize|p2|4
|start
|switch|p1a: Incineroar|Incineroar, L50, F|100/100
|switch|p1b: Hatterene|Hatterene, L50, F|100/100
|switch|p2a: Incineroar|Incineroar, L50, F|100/100
|switch|p2b: Archaludon|Archaludon, L50, F|100/100
|-ability|p1a: Incineroar|Intimidate|boost
|-unboost|p2a: Incineroar|atk|1
|-unboost|p2b: Archaludon|atk|1
|-ability|p2a: Incineroar|Intimidate|boost
|-unboost|p1a: Incineroar|atk|1
|-unboost|p1b: Hatterene|atk|1
|turn|1
|inactive|ImClarenceClaymore has 30 seconds left.
|inactive|ImClarenceClaymore has 20 seconds left.
|
|t:|1756769501
|move|p1b: Hatterene|Protect|p1b: Hatterene
|-singleturn|p1b: Hatterene|Protect
|move|p2b: Archaludon|Electro Shot||[still]
|-prepare|p2b: Archaludon|Electro Shot
|-boost|p2b: Archaludon|spa|1
|-enditem|p2b: Archaludon|Power Herb
|-anim|p2b: Archaludon|Electro Shot|p1b: Hatterene
|-activate|p1b: Hatterene|move: Protect
|move|p1a: Incineroar|Parting Shot|p2b: Archaludon
|-unboost|p2b: Archaludon|atk|1
|-unboost|p2b: Archaludon|spa|1
|
|t:|1756769514
|switch|p1a: Ursaluna|Ursaluna-Bloodmoon, L50, M|100/100|[from] Parting Shot
|move|p2a: Incineroar|Knock Off|p1b: Hatterene
|-activate|p1b: Hatterene|move: Protect
|
|upkeep
|turn|2
|inactive|ImClarenceClaymore has 30 seconds left.
|inactive|letsgetfluffy has 30 seconds left.
|inactive|ImClarenceClaymore has 20 seconds left.
|inactive|letsgetfluffy has 20 seconds left.
|inactive|letsgetfluffy has 15 seconds left.
|inactive|letsgetfluffy has 10 seconds left.
|inactive|letsgetfluffy has 5 seconds left.
|
|t:|1756769569
|switch|p1b: Incineroar|Incineroar, L50, F|100/100
|-ability|p1b: Incineroar|Intimidate|boost
|-unboost|p2a: Incineroar|atk|1
|-unboost|p2b: Archaludon|atk|1
|move|p2b: Archaludon|Protect|p2b: Archaludon
|-singleturn|p2b: Archaludon|Protect
|move|p2a: Incineroar|Protect|p2a: Incineroar
|-singleturn|p2a: Incineroar|Protect
|move|p1a: Ursaluna|Earth Power|p2a: Incineroar
|-activate|p2a: Incineroar|move: Protect
|
|upkeep
|turn|3
|inactive|ImClarenceClaymore has 30 seconds left.
|inactive|letsgetfluffy has 30 seconds left.
|inactive|ImClarenceClaymore has 20 seconds left.
|inactive|letsgetfluffy has 20 seconds left.
|inactive|ImClarenceClaymore has 15 seconds left.
|inactive|ImClarenceClaymore has 10 seconds left.
|
|t:|1756769617
|switch|p2b: Amoonguss|Amoonguss, L50, M|100/100
|move|p1b: Incineroar|Knock Off|p2b: Amoonguss
|-damage|p2b: Amoonguss|68/100
|-enditem|p2b: Amoonguss|Eject Button|[from] move: Knock Off|[of] p1b: Incineroar
|move|p1a: Ursaluna|Earth Power|p2b: Amoonguss
|-damage|p2b: Amoonguss|17/100
|move|p2a: Incineroar|Parting Shot|p1a: Ursaluna
|-unboost|p1a: Ursaluna|atk|1
|-unboost|p1a: Ursaluna|spa|1
|
|t:|1756769628
|switch|p2a: Politoed|Politoed, L50, F|100/100|[from] Parting Shot
|-weather|RainDance|[from] ability: Drizzle|[of] p2a: Politoed
|
|-weather|RainDance|[upkeep]
|upkeep
|turn|4
|inactive|letsgetfluffy has 30 seconds left.
|inactive|letsgetfluffy has 20 seconds left.
|
|t:|1756769665
|switch|p2a: Incineroar|Incineroar, L50, F|100/100
|-ability|p2a: Incineroar|Intimidate|boost
|-unboost|p1a: Ursaluna|atk|1
|-unboost|p1b: Incineroar|atk|1
|move|p2b: Amoonguss|Protect|p2b: Amoonguss
|-singleturn|p2b: Amoonguss|Protect
|move|p1b: Incineroar|Parting Shot|p2a: Incineroar
|-unboost|p2a: Incineroar|atk|1
|-unboost|p2a: Incineroar|spa|1
|
|t:|1756769684
|switch|p1b: Hatterene|Hatterene, L50, F|100/100|[from] Parting Shot
|move|p1a: Ursaluna|Hyper Voice|p2b: Amoonguss|[spread] p2a
|-activate|p2b: Amoonguss|move: Protect
|-damage|p2a: Incineroar|83/100
|
|-weather|RainDance|[upkeep]
|upkeep
|turn|5
|inactive|ImClarenceClaymore has 30 seconds left.
|inactive|letsgetfluffy has 30 seconds left.
|
|t:|1756769714
|switch|p2b: Archaludon|Archaludon, L50, F|100/100
|-terastallize|p1a: Ursaluna|Ghost
|move|p1a: Ursaluna|Hyper Voice|p2a: Incineroar|[spread] p2a,p2b
|-resisted|p2b: Archaludon
|-damage|p2a: Incineroar|63/100
|-damage|p2b: Archaludon|81/100
|move|p2a: Incineroar|Knock Off|p1a: Ursaluna
|-supereffective|p1a: Ursaluna
|-damage|p1a: Ursaluna|66/100
|-enditem|p1a: Ursaluna|Assault Vest|[from] move: Knock Off|[of] p2a: Incineroar
|move|p1b: Hatterene|Trick Room|p1b: Hatterene
|-fieldstart|move: Trick Room|[of] p1b: Hatterene
|
|-weather|RainDance|[upkeep]
|upkeep
|turn|6
|inactive|ImClarenceClaymore has 30 seconds left.
|inactive|ImClarenceClaymore has 20 seconds left.
|
|t:|1756769753
|move|p1b: Hatterene|Dazzling Gleam|p2b: Archaludon|[spread] p2a,p2b
|-damage|p2a: Incineroar|30/100
|-damage|p2b: Archaludon|12/100
|-damage|p1b: Hatterene|91/100|[from] item: Life Orb
|move|p2a: Incineroar|Parting Shot|p1a: Ursaluna
|-unboost|p1a: Ursaluna|atk|1
|-unboost|p1a: Ursaluna|spa|1
|
|t:|1756769765
|switch|p2a: Politoed|Politoed, L50, F|100/100|[from] Parting Shot
|move|p1a: Ursaluna|Earth Power|p2b: Archaludon
|-supereffective|p2b: Archaludon
|-damage|p2b: Archaludon|0 fnt
|faint|p2b: Archaludon
|
|-weather|RainDance|[upkeep]
|upkeep
|
|t:|1756769776
|switch|p2b: Amoonguss|Amoonguss, L50, M|50/100
|turn|7
|
|t:|1756769794
|switch|p1a: Torkoal|Torkoal, L50, F|100/100
|-weather|SunnyDay|[from] ability: Drought|[of] p1a: Torkoal
|move|p1b: Hatterene|Expanding Force|p2b: Amoonguss
|-supereffective|p2b: Amoonguss
|-crit|p2b: Amoonguss
|-damage|p2b: Amoonguss|0 fnt
|faint|p2b: Amoonguss
|-damage|p1b: Hatterene|81/100|[from] item: Life Orb
|move|p2a: Politoed|Weather Ball|p1b: Hatterene
|-damage|p1b: Hatterene|49/100
|
|-weather|SunnyDay|[upkeep]
|upkeep
|-message|letsgetfluffy forfeited.
|raw|ImClarenceClaymore's rating: 1119 → 1145(+26 for winning)
|raw|letsgetfluffy's rating: 1128 → 1102(-26 for losing)
|
|win|ImClarenceClaymore
|c|☆ImClarenceClaymore|You lost 2-0, but you played that fantastically
|c|☆ImClarenceClaymore|Wp
