|j|☆gundnub
|j|☆mikewww
|html|gundnubmikewww    
|uhtml|bestof|Game 1 of a best-of-3
|t:|1783381090
|gametype|doubles
|player|p1|gundnub|pokemonranger-gen4|
|player|p2|mikewww|swimmer-gen4dp|
|gen|9
|tier|[Gen 9 Champions] VGC 2026 Reg M-B (Bo3)
|rule|Species Clause: Limit one of each Pokémon
|rule|Item Clause: Limit 1 of each item
|clearpoke
|poke|p1|Pidgeot, L50, F|
|poke|p1|Krookodile, L50, M|
|poke|p1|Floette-Eternal, L50, F|
|poke|p1|Toxicroak, L50, F|
|poke|p1|Chandelure, L50, F|
|poke|p1|Vaporeon, L50, M|
|poke|p2|Pidgeot, L50, F|
|poke|p2|Krookodile, L50, M|
|poke|p2|Gardevoir, L50, F|
|poke|p2|Feraligatr, L50, M|
|poke|p2|Cofagrigus, L50, M|
|poke|p2|Ariados, L50, M|
|teampreview|4
|showteam|p1|Pidgeot||Pidgeotite|BigPecks|Protect,Hurricane,HeatWave,Tailwind|Timid||F|||50|]Krookodile||RoseliBerry|Intimidate|Protect,HighHorsepower,LashOut,Earthquake|Adamant||M|||50|]Floette-Eternal||FairyFeather|FlowerVeil|Protect,Moonblast,DazzlingGleam,LightofRuin|Modest||F|||50|]Toxicroak||FocusSash|DrySkin|Protect,PoisonJab,CloseCombat,FakeOut|Jolly||F|||50|]Chandelure||Chandelurite|FlashFire|HeatWave,ShadowBall,EnergyBall,TrickRoom|Modest||F|||50|]Vaporeon||Leftovers|WaterAbsorb|Protect,MuddyWater,AlluringVoice,CalmMind|Modest||M|||50|
|showteam|p2|Pidgeot||Pidgeotite|BigPecks|Protect,HeatWave,Hurricane,Tailwind|Timid||F|||50|]Krookodile||LifeOrb|Intimidate|Protect,Earthquake,KnockOff,HighHorsepower|Jolly||M|||50|]Gardevoir||ExpertBelt|Telepathy|Protect,DazzlingGleam,Moonblast,Psychic|Modest||F|||50|]Feraligatr||Feraligite|SheerForce|Protect,DoubleEdge,Liquidation,AquaJet|Adamant||M|||50|]Cofagrigus||KasibBerry|Mummy|Protect,ShadowBall,Imprison,TrickRoom|Relaxed||M|||50|]Ariados||FocusSash|Swarm|Protect,PoisonJab,StruggleBug,RagePowder|Adamant||M|||50|
|inactive|Battle timer is ON: inactive players will automatically lose when time's up. (requested by gundnub)
|inactive|mikewww also wants the timer to be on.
|c|☆gundnub|glhf
|inactive|gundnub has 60 seconds left.
|inactive|mikewww has 60 seconds left.
|inactive|gundnub has 30 seconds left.
|inactive|mikewww has 30 seconds left.
|inactive|mikewww has 20 seconds left.
|inactive|mikewww has 15 seconds left.
|inactive|mikewww has 10 seconds left.
|
|t:|1783381172
|teamsize|p1|4
|teamsize|p2|4
|start
|switch|p1a: Krookodile|Krookodile, L50, M|100/100
|switch|p1b: Vaporeon|Vaporeon, L50, M|100/100
|switch|p2a: Pidgeot|Pidgeot, L50, F|100/100
|switch|p2b: Gardevoir|Gardevoir, L50, F|100/100
|-ability|p1a: Krookodile|Intimidate|boost
|-unboost|p2a: Pidgeot|atk|1
|-unboost|p2b: Gardevoir|atk|1
|turn|1
|inactive|gundnub has 30 seconds left.
|inactive|gundnub has 20 seconds left.
|c|☆mikewww|glhf!
|inactive|gundnub has 15 seconds left.
|inactive|gundnub has 10 seconds left.
|inactive|gundnub has 5 seconds left.
|
|t:|1783381222
|detailschange|p2a: Pidgeot|Pidgeot-Mega, L50, F
|-mega|p2a: Pidgeot|Pidgeot|Pidgeotite
|move|p2a: Pidgeot|Hurricane|p1b: Vaporeon
|-damage|p1b: Vaporeon|54/100
|move|p1a: Krookodile|Lash Out|p2b: Gardevoir
|-damage|p2b: Gardevoir|53/100
|move|p2b: Gardevoir|Dazzling Gleam|p1b: Vaporeon|[spread] p1a,p1b
|-supereffective|p1a: Krookodile|1
|-enditem|p1a: Krookodile|Roseli Berry|[eat]
|-enditem|p1a: Krookodile|Roseli Berry|[weaken]
|-damage|p1a: Krookodile|55/100
|-damage|p1b: Vaporeon|28/100
|move|p1b: Vaporeon|Calm Mind|p1b: Vaporeon
|-boost|p1b: Vaporeon|spa|1
|-boost|p1b: Vaporeon|spd|1
|
|-heal|p1b: Vaporeon|35/100|[from] item: Leftovers
|upkeep
|turn|2
|
|t:|1783381243
|move|p1b: Vaporeon|Protect|p1b: Vaporeon
|-singleturn|p1b: Vaporeon|Protect
|move|p2a: Pidgeot|Hurricane|p1a: Krookodile
|-damage|p1a: Krookodile|0 fnt
|faint|p1a: Krookodile
|move|p2b: Gardevoir|Dazzling Gleam|p1b: Vaporeon
|-activate|p1b: Vaporeon|move: Protect
|
|-heal|p1b: Vaporeon|41/100|[from] item: Leftovers
|upkeep
|
|t:|1783381251
|switch|p1a: Pidgeot|Pidgeot, L50, F|100/100
|turn|3
|
|t:|1783381264
|detailschange|p1a: Pidgeot|Pidgeot-Mega, L50, F
|-mega|p1a: Pidgeot|Pidgeot|Pidgeotite
|move|p2a: Pidgeot|Hurricane|p1b: Vaporeon
|-damage|p1b: Vaporeon|8/100
|move|p1a: Pidgeot|Hurricane|p2b: Gardevoir
|-damage|p2b: Gardevoir|7/100
|-start|p2b: Gardevoir|confusion
|-activate|p2b: Gardevoir|confusion
|move|p2b: Gardevoir|Moonblast|p1b: Vaporeon
|-damage|p1b: Vaporeon|0 fnt
|faint|p1b: Vaporeon
|
|upkeep
|
|t:|1783381274
|switch|p1b: Floette|Floette-Eternal, L50, F|100/100
|turn|4
|
|t:|1783381286
|move|p1a: Pidgeot|Tailwind|p1a: Pidgeot
|-sidestart|p1: gundnub|move: Tailwind
|move|p1b: Floette|Dazzling Gleam|p2a: Pidgeot|[spread] p2a,p2b
|-damage|p2a: Pidgeot|43/100
|-damage|p2b: Gardevoir|0 fnt
|faint|p2b: Gardevoir
|move|p2a: Pidgeot|Tailwind|p2a: Pidgeot
|-sidestart|p2: mikewww|move: Tailwind
|
|upkeep
|
|t:|1783381297
|switch|p2b: Feraligatr|Feraligatr, L50, M|100/100
|turn|5
|
|t:|1783381310
|move|p2b: Feraligatr|Aqua Jet|p1b: Floette
|-damage|p1b: Floette|71/100
|move|p2a: Pidgeot|Heat Wave|p1a: Pidgeot|[spread] p1a,p1b
|-crit|p1b: Floette
|-damage|p1a: Pidgeot|69/100
|-damage|p1b: Floette|35/100
|move|p1a: Pidgeot|Hurricane|p2a: Pidgeot
|-damage|p2a: Pidgeot|0 fnt
|faint|p2a: Pidgeot
|move|p1b: Floette|Light of Ruin|p2b: Feraligatr|[miss]
|-miss|p1b: Floette|p2b: Feraligatr
|
|upkeep
|
|t:|1783381321
|switch|p2a: Ariados|Ariados, L50, M|100/100
|turn|6
|
|t:|1783381338
|move|p1a: Pidgeot|Protect|p1a: Pidgeot
|-singleturn|p1a: Pidgeot|Protect
|move|p1b: Floette|Protect|p1b: Floette
|-singleturn|p1b: Floette|Protect
|move|p2a: Ariados|Protect|p2a: Ariados
|-singleturn|p2a: Ariados|Protect
|move|p2b: Feraligatr|Liquidation|p1a: Pidgeot
|-activate|p1a: Pidgeot|move: Protect
|
|upkeep
|turn|7
|
|t:|1783381357
|move|p2a: Ariados|Rage Powder|p2a: Ariados
|-singleturn|p2a: Ariados|move: Rage Powder
|move|p1a: Pidgeot|Hurricane|p2a: Ariados
|-supereffective|p2a: Ariados|1
|-enditem|p2a: Ariados|Focus Sash
|-damage|p2a: Ariados|1/100
|move|p1b: Floette|Dazzling Gleam|p2b: Feraligatr|[spread] p2a,p2b
|-resisted|p2a: Ariados|1
|-damage|p2a: Ariados|0 fnt
|-damage|p2b: Feraligatr|50/100g
|faint|p2a: Ariados
|move|p2b: Feraligatr|Liquidation|p1b: Floette
|-crit|p1b: Floette
|-damage|p1b: Floette|0 fnt
|faint|p1b: Floette
|
|-sideend|p1: gundnub|move: Tailwind
|-sideend|p2: mikewww|move: Tailwind
|upkeep
|turn|8
|
|t:|1783381372
|move|p1a: Pidgeot|Hurricane|p2b: Feraligatr
|-damage|p2b: Feraligatr|0 fnt
|faint|p2b: Feraligatr
|
|win|gundnub
