|j|☆palle synchro
|j|☆arapucavgc
|html|palle synchroarapucavgc    
|uhtml|bestof|Game 1 of a best-of-3
|t:|1785950459
|gametype|doubles
|player|p1|palle synchro|ethan|1384
|player|p2|arapucavgc|giovanni|1562
|gen|9
|tier|[Gen 9 Champions] VGC 2026 Reg M-B (Bo3)
|rated|
|rule|Species Clause: Limit one of each Pokémon
|rule|Item Clause: Limit 1 of each item
|clearpoke
|poke|p1|Whimsicott, L50, F|
|poke|p1|Basculegion, L50, M|
|poke|p1|Kingambit, L50, F|
|poke|p1|Floette-Eternal, L50, F|
|poke|p1|Garchomp, L50, M|
|poke|p1|Charizard, L50, F|
|poke|p2|Charizard, L50, M|
|poke|p2|Floette-Eternal, L50, F|
|poke|p2|Whimsicott, L50, M|
|poke|p2|Kingambit, L50, M|
|poke|p2|Basculegion, L50, M|
|poke|p2|Garchomp, L50, F|
|teampreview|4
|showteam|p1|Whimsicott||FocusSash|Prankster|Protect,Moonblast,Tailwind,Encore|Timid||F|||50|]Basculegion||MysticWater|Adaptability|WaveCrash,Protect,LastRespects,AquaJet|Adamant||M|||50|]Kingambit||ChopleBerry|Defiant|KowtowCleave,LowKick,SuckerPunch,IronHead|Adamant||F|||50|]Floette-Eternal||Floettite|FlowerVeil|Moonblast,DazzlingGleam,LightofRuin,Protect|Modest||F|||50|]Garchomp||LifeOrb|RoughSkin|Protect,StompingTantrum,DragonClaw,RockSlide|Jolly||M|||50|]Charizard||CharizarditeY|Blaze|HeatWave,SolarBeam,WeatherBall,Protect|Modest||F|||50|
|showteam|p2|Charizard||CharizarditeY|Blaze|HeatWave,SolarBeam,WeatherBall,Protect|Modest||M|||50|]Floette-Eternal||Floettite|FlowerVeil|Protect,Moonblast,DazzlingGleam,CalmMind|Modest||F|||50|]Whimsicott||FocusSash|Prankster|Moonblast,Tailwind,Encore,Protect|Timid||M|||50|]Kingambit||ChopleBerry|Defiant|KowtowCleave,LowKick,SuckerPunch,IronHead|Adamant||M|||50|]Basculegion||MysticWater|Adaptability|WaveCrash,LastRespects,AquaJet,Protect|Adamant||M|||50|]Garchomp||LifeOrb|RoughSkin|DragonClaw,Earthquake,RockSlide,Protect|Jolly||F|||50|
|inactive|Battle timer is ON: inactive players will automatically lose when time's up. (requested by arapucavgc)
|
|t:|1785950483
|teamsize|p1|4
|teamsize|p2|4
|start
|switch|p1a: Whimsicott|Whimsicott, L50, F|100/100
|switch|p1b: Floette|Floette-Eternal, L50, F|100/100
|switch|p2a: Whimsicott|Whimsicott, L50, M|100/100
|switch|p2b: Garchomp|Garchomp, L50, F|100/100
|turn|1
|
|t:|1785950507
|detailschange|p1b: Floette|Floette-Mega, L50, F
|-mega|p1b: Floette|Floette|Floettite
|-ability|p1b: Floette|Fairy Aura
|move|p2a: Whimsicott|Tailwind|p2a: Whimsicott
|-sidestart|p2: arapucavgc|move: Tailwind
|move|p2b: Garchomp|Rock Slide|p1b: Floette|[spread] p1a,p1b
|-damage|p1a: Whimsicott|64/100
|-damage|p1b: Floette|65/100
|-damage|p2b: Garchomp|90/100|[from] item: Life Orb
|move|p1a: Whimsicott|Moonblast|p2a: Whimsicott
|-damage|p2a: Whimsicott|29/100
|cant|p1b: Floette|flinch
|
|upkeep
|turn|2
|
|t:|1785950520
|move|p1a: Whimsicott|Protect|p1a: Whimsicott
|-singleturn|p1a: Whimsicott|Protect
|move|p2a: Whimsicott|Encore|p1a: Whimsicott
|-activate|p1a: Whimsicott|move: Protect
|move|p2b: Garchomp|Rock Slide|p1a: Whimsicott|[spread] p1b
|-activate|p1a: Whimsicott|move: Protect
|-damage|p1b: Floette|29/100
|-damage|p2b: Garchomp|80/100|[from] item: Life Orb
|cant|p1b: Floette|flinch
|
|upkeep
|turn|3
|
|t:|1785950535
|switch|p1a: Kingambit|Kingambit, L50, F|100/100
|move|p1b: Floette|Protect|p1b: Floette
|-singleturn|p1b: Floette|Protect
|move|p2a: Whimsicott|Moonblast|p1b: Floette
|-activate|p1b: Floette|move: Protect
|move|p2b: Garchomp|Dragon Claw|p1a: Kingambit
|-resisted|p1a: Kingambit|1
|-crit|p1a: Kingambit
|-damage|p1a: Kingambit|69/100
|-damage|p2b: Garchomp|70/100|[from] item: Life Orb
|
|upkeep
|turn|4
|
|t:|1785950547
|switch|p1a: Whimsicott|Whimsicott, L50, F|64/100
|move|p2a: Whimsicott|Protect|p2a: Whimsicott
|-singleturn|p2a: Whimsicott|Protect
|move|p1b: Floette|Protect|p1b: Floette
|-singleturn|p1b: Floette|Protect
|move|p2b: Garchomp|Earthquake|p1a: Whimsicott|[spread] p1a
|-activate|p2a: Whimsicott|move: Protect
|-activate|p1b: Floette|move: Protect
|-resisted|p1a: Whimsicott|1
|-damage|p1a: Whimsicott|25/100
|-damage|p2b: Garchomp|61/100|[from] item: Life Orb
|
|-sideend|p2: arapucavgc|move: Tailwind
|upkeep
|turn|5
|
|t:|1785950553
|move|p1a: Whimsicott|Tailwind|p1a: Whimsicott
|-sidestart|p1: palle synchro|move: Tailwind
|move|p2a: Whimsicott|Tailwind|p2a: Whimsicott
|-sidestart|p2: arapucavgc|move: Tailwind
|move|p2b: Garchomp|Earthquake|p1a: Whimsicott|[spread] p2a,p1a,p1b
|-resisted|p2a: Whimsicott|1
|-resisted|p1a: Whimsicott|1
|-damage|p2a: Whimsicott|0 fnt
|-damage|p1a: Whimsicott|0 fnt
|-damage|p1b: Floette|0 fnt
|faint|p2a: Whimsicott
|faint|p1a: Whimsicott
|faint|p1b: Floette
|-damage|p2b: Garchomp|51/100|[from] item: Life Orb
|
|upkeep
|
|t:|1785950560
|switch|p1a: Kingambit|Kingambit, L50, F|69/100
|switch|p2a: Floette|Floette-Eternal, L50, F|100/100
|switch|p1b: Garchomp|Garchomp, L50, M|100/100
|turn|6
|
|t:|1785950570
|detailschange|p2a: Floette|Floette-Mega, L50, F
|-mega|p2a: Floette|Floette|Floettite
|-ability|p2a: Floette|Fairy Aura
|move|p1b: Garchomp|Rock Slide|p2b: Garchomp|[spread] p2a
|-miss|p1b: Garchomp|p2b: Garchomp
|-damage|p2a: Floette|62/100
|-damage|p1b: Garchomp|90/100|[from] item: Life Orb
|move|p2b: Garchomp|Dragon Claw|p1b: Garchomp
|-supereffective|p1b: Garchomp|1
|-damage|p1b: Garchomp|0 fnt
|-damage|p2b: Garchomp|38/100|[from] ability: Rough Skin|[of] p1b: Garchomp
|faint|p1b: Garchomp
|-damage|p2b: Garchomp|29/100|[from] item: Life Orb
|move|p2a: Floette|Dazzling Gleam|p1a: Kingambit
|-damage|p1a: Kingambit|7/100
|move|p1a: Kingambit|Iron Head|p2a: Floette
|-supereffective|p2a: Floette|1
|-damage|p2a: Floette|0 fnt
|faint|p2a: Floette
|
|upkeep
|
|t:|1785950574
|switch|p2a: Kingambit|Kingambit, L50, M|100/100
|turn|7
|-message|palle synchro forfeited.
|
|win|arapucavgc
