|j|☆zpoogi
|j|☆MoodyMukVGC
|html|zpoogiMoodyMukVGC    
|uhtml|bestof|Game 2 of a best-of-3
|t:|1757702608
|gametype|doubles
|player|p1|zpoogi|az|1156
|player|p2|MoodyMukVGC|bugsy|1240
|gen|9
|tier|[Gen 9] VGC 2025 Reg H (Bo3)
|rated|
|rule|Species Clause: Limit one of each Pokémon
|rule|Item Clause: Limit 1 of each item
|clearpoke
|poke|p1|Chesnaught, L50, M|
|poke|p1|Indeedee, L50, M|
|poke|p1|Sneasler, L50, F|
|poke|p1|Jumpluff, L50, M|
|poke|p1|Charizard, L50, M|
|poke|p1|Torkoal, L50, M|
|poke|p2|Ursaluna, L50, M|
|poke|p2|Jumpluff, L50, M|
|poke|p2|Charizard, L50, M|
|poke|p2|Torkoal, L50, M|
|poke|p2|Incineroar, L50, M|
|poke|p2|Porygon2, L50|
|teampreview|4
|showteam|p1|Chesnaught||PsychicSeed|Bulletproof|BulkUp,KnockOff,BodyPress,Synthesis|||M|||50|,,,,,Dragon]Indeedee||ChoiceScarf|PsychicSurge|ExpandingForce,TeraBlast,Trick,Protect|||M|||50|,,,,,Psychic]Sneasler||WhiteHerb|Unburden|CloseCombat,DireClaw,FakeOut,Coaching|||F|||50|,,,,,Stellar]Jumpluff||CovertCloak|Chlorophyll|Tailwind,SleepPowder,RagePowder,SunnyDay|||M|||50|,,,,,Ghost]Charizard||ChoiceSpecs|SolarPower|WeatherBall,HeatWave,DragonPulse,AirSlash|||M|||50|,,,,,Ghost]Torkoal||EjectPack|Drought|Overheat,HelpingHand,WeatherBall,Protect|||M|||50|,,,,,Fire
|showteam|p2|Ursaluna||FlameOrb|Guts|HeadlongRush,Facade,Earthquake,Protect|||M|||50|,,,,,Ghost]Jumpluff||CovertCloak|Chlorophyll|SleepPowder,SunnyDay,Tailwind,RagePowder|||M|||50|,,,,,Water]Charizard||ChoiceSpecs|SolarPower|AirSlash,HeatWave,Overheat,WeatherBall|||M|||50|,,,,,Ghost]Torkoal||EjectPack|Drought|ClearSmog,Eruption,Overheat,Protect|||M|||50|,,,,,Fire]Incineroar||SafetyGoggles|Intimidate|FakeOut,FlareBlitz,KnockOff,PartingShot|||M|||50|,,,,,Ghost]Porygon2||Eviolite|Download|TeraBlast,IceBeam,Recover,TrickRoom||||||50|,,,,,Fighting
|
|t:|1757702631
|teamsize|p1|4
|teamsize|p2|4
|start
|switch|p1a: Jumpluff|Jumpluff, L50, M|100/100
|switch|p1b: Charizard|Charizard, L50, M|100/100
|switch|p2a: Jumpluff|Jumpluff, L50, M, shiny|100/100
|switch|p2b: Porygon2|Porygon2, L50, shiny|100/100
|-ability|p2b: Porygon2|Download|boost
|-boost|p2b: Porygon2|atk|1
|turn|1
|
|t:|1757702649
|switch|p1b: Chesnaught|Chesnaught, L50, M|100/100
|move|p1a: Jumpluff|Sleep Powder|p2b: Porygon2
|-status|p2b: Porygon2|slp|[from] move: Sleep Powder
|move|p2a: Jumpluff|Sleep Powder|p1b: Chesnaught
|-immune|p1b: Chesnaught
|cant|p2b: Porygon2|slp
|
|upkeep
|turn|2
|
|t:|1757702659
|move|p1a: Jumpluff|Tailwind|p1a: Jumpluff
|-sidestart|p1: zpoogi|move: Tailwind
|move|p1b: Chesnaught|Bulk Up|p1b: Chesnaught
|-boost|p1b: Chesnaught|atk|1
|-boost|p1b: Chesnaught|def|1
|move|p2a: Jumpluff|Tailwind|p2a: Jumpluff
|-sidestart|p2: MoodyMukVGC|move: Tailwind
|-curestatus|p2b: Porygon2|slp|[msg]
|move|p2b: Porygon2|Ice Beam|p1a: Jumpluff
|-supereffective|p1a: Jumpluff
|-damage|p1a: Jumpluff|0 fnt
|faint|p1a: Jumpluff
|
|upkeep
|
|t:|1757702671
|switch|p1a: Charizard|Charizard, L50, M|100/100
|turn|3
|
|t:|1757702679
|move|p2a: Jumpluff|Sleep Powder|p1a: Charizard
|-status|p1a: Charizard|slp|[from] move: Sleep Powder
|cant|p1a: Charizard|slp
|move|p1b: Chesnaught|Bulk Up|p1b: Chesnaught
|-boost|p1b: Chesnaught|atk|1
|-boost|p1b: Chesnaught|def|1
|move|p2b: Porygon2|Tera Blast|p1a: Charizard
|-damage|p1a: Charizard|51/100 slp
|
|upkeep
|turn|4
|
|t:|1757702712
|move|p2a: Jumpluff|Rage Powder|p2a: Jumpluff
|-singleturn|p2a: Jumpluff|move: Rage Powder
|cant|p1a: Charizard|slp
|move|p1b: Chesnaught|Body Press|p2b: Porygon2
|-supereffective|p2b: Porygon2
|-damage|p2b: Porygon2|13/100
|move|p2b: Porygon2|Tera Blast|p1a: Charizard
|-damage|p1a: Charizard|0 fnt
|faint|p1a: Charizard
|
|upkeep
|
|t:|1757702721
|switch|p1a: Torkoal|Torkoal, L50, M|100/100
|-weather|SunnyDay|[from] ability: Drought|[of] p1a: Torkoal
|turn|5
|
|t:|1757702737
|move|p1a: Torkoal|Protect|p1a: Torkoal
|-singleturn|p1a: Torkoal|Protect
|move|p2a: Jumpluff|Sleep Powder|p1a: Torkoal
|-activate|p1a: Torkoal|move: Protect
|move|p1b: Chesnaught|Body Press|p2b: Porygon2
|-supereffective|p2b: Porygon2
|-damage|p2b: Porygon2|0 fnt
|faint|p2b: Porygon2
|
|-weather|SunnyDay|[upkeep]
|-sideend|p2: MoodyMukVGC|move: Tailwind
|-sideend|p1: zpoogi|move: Tailwind
|upkeep
|
|t:|1757702744
|switch|p2b: Torkoal|Torkoal, L50, M, shiny|100/100
|turn|6
|
|t:|1757702756
|-terastallize|p1b: Chesnaught|Dragon
|move|p2a: Jumpluff|Sleep Powder|p1a: Torkoal
|-status|p1a: Torkoal|slp|[from] move: Sleep Powder
|move|p1b: Chesnaught|Body Press|p2b: Torkoal
|-damage|p2b: Torkoal|51/100
|cant|p1a: Torkoal|slp
|move|p2b: Torkoal|Overheat|p1b: Chesnaught
|-resisted|p1b: Chesnaught
|-damage|p1b: Chesnaught|60/100
|-unboost|p2b: Torkoal|spa|2
|-enditem|p2b: Torkoal|Eject Pack
|
|t:|1757702766
|switch|p2b: Ursaluna|Ursaluna, L50, M, shiny|100/100
|
|-weather|SunnyDay|[upkeep]
|-status|p2b: Ursaluna|brn|[from] item: Flame Orb
|upkeep
|turn|7
|
|t:|1757702782
|-terastallize|p2b: Ursaluna|Ghost
|move|p2a: Jumpluff|Sleep Powder|p1b: Chesnaught
|-status|p1b: Chesnaught|slp|[from] move: Sleep Powder
|move|p2b: Ursaluna|Earthquake|p1b: Chesnaught|[spread] p1a,p1b
|-immune|p2a: Jumpluff
|-supereffective|p1a: Torkoal
|-damage|p1a: Torkoal|0 fnt
|-damage|p1b: Chesnaught|35/100 slp
|faint|p1a: Torkoal
|cant|p1b: Chesnaught|slp
|
|-weather|SunnyDay|[upkeep]
|-damage|p2b: Ursaluna|94/100 brn|[from] brn
|upkeep
|turn|8
|
|t:|1757702793
|move|p2a: Jumpluff|Rage Powder|p2a: Jumpluff
|-singleturn|p2a: Jumpluff|move: Rage Powder
|move|p2b: Ursaluna|Facade|p1b: Chesnaught
|-damage|p1b: Chesnaught|0 fnt
|faint|p1b: Chesnaught
|
|win|MoodyMukVGC
||MoodyMukVGC is ready for game 3.
