|j|☆trevyah
|j|‽KeterVGC
|html|trevyahKeterVGC    
|uhtml|bestof|Game 1 of a best-of-3
|t:|1786200224
|gametype|doubles
|player|p1|trevyah|trevor|1323
|player|p2|KeterVGC|102|1282
|gen|9
|tier|[Gen 9 Champions] VGC 2026 Reg M-B (Bo3)
|rated|
|rule|Species Clause: Limit one of each Pokémon
|rule|Item Clause: Limit 1 of each item
|clearpoke
|poke|p1|Incineroar, L50, M|
|poke|p1|Toxapex, L50, F|
|poke|p1|Froslass, L50, F|
|poke|p1|Kingambit, L50, F|
|poke|p1|Garchomp, L50, M|
|poke|p1|Charizard, L50, F|
|poke|p2|Dragonite, L50, F|
|poke|p2|Lucario, L50, F|
|poke|p2|Pelipper, L50, M|
|poke|p2|Basculegion, L50, M|
|poke|p2|Archaludon, L50, F|
|poke|p2|Aerodactyl, L50, F|
|teampreview|4
|showteam|p1|Incineroar||SitrusBerry|Intimidate|FlareBlitz,ThroatChop,PartingShot,FakeOut|Careful||M|||50|]Toxapex||Leftovers|Regenerator|Toxic,Infestation,WideGuard,BanefulBunker|Impish||F|||50|]Froslass||Froslassite|CursedBody|Blizzard,ShadowBall,AuroraVeil,Protect|Modest||F|||50|]Kingambit||FocusSash|Defiant|KowtowCleave,LowKick,SuckerPunch,Protect|Adamant||F|||50|]Garchomp||LifeOrb|RoughSkin|DragonClaw,Earthquake,RockSlide,Protect|Jolly||M|||50|]Charizard||CharizarditeY|Blaze|HeatWave,WeatherBall,SolarBeam,Protect|Modest||F|||50|
|showteam|p2|Dragonite||Dragoninite|Multiscale|Hurricane,DragonPulse,HeatWave,Protect|Modest||F|||50|]Lucario||Lucarionite|InnerFocus|MeteorMash,CloseCombat,IcePunch,Protect|Jolly||F|||50|]Pelipper||SitrusBerry|Drizzle|Hurricane,WeatherBall,Tailwind,WideGuard|Modest||M|||50|]Basculegion||ChoiceScarf|Adaptability|WaveCrash,LastRespects,FlipTurn,IcyWind|Jolly||M|||50|]Archaludon||Leftovers|Stamina|ElectroShot,DragonPulse,AuraSphere,Protect|Modest||F|||50|]Aerodactyl||FocusSash|Unnerve|DualWingbeat,RockSlide,Tailwind,Protect|Jolly||F|||50|
|inactive|Battle timer is ON: inactive players will automatically lose when time's up. (requested by trevyah)
|
|t:|1786200271
|teamsize|p1|4
|teamsize|p2|4
|start
|switch|p1a: Incineroar|Incineroar, L50, M|100/100
|switch|p1b: Charizard|Charizard, L50, F|100/100
|switch|p2a: Lucario|Lucario, L50, F|100/100
|switch|p2b: Aerodactyl|Aerodactyl, L50, F|100/100
|-ability|p2b: Aerodactyl|Unnerve
|-ability|p1a: Incineroar|Intimidate|boost
|-fail|p2a: Lucario|unboost|Attack|[from] ability: Inner Focus|[of] p2a: Lucario
|-unboost|p2b: Aerodactyl|atk|1
|turn|1
|
|t:|1786200286
|detailschange|p1b: Charizard|Charizard-Mega-Y, L50, F
|-mega|p1b: Charizard|Charizard|Charizardite Y
|-weather|SunnyDay|[from] ability: Drought|[of] p1b: Charizard
|move|p2b: Aerodactyl|Protect|p2b: Aerodactyl
|-singleturn|p2b: Aerodactyl|Protect
|move|p2a: Lucario|Protect|p2a: Lucario
|-singleturn|p2a: Lucario|Protect
|move|p1a: Incineroar|Fake Out|p2b: Aerodactyl
|-activate|p2b: Aerodactyl|move: Protect
|move|p1b: Charizard|Heat Wave|p2a: Lucario|[spread] 
|-activate|p2a: Lucario|move: Protect
|-activate|p2b: Aerodactyl|move: Protect
|
|-weather|SunnyDay|[upkeep]
|upkeep
|turn|2
|inactive|KeterVGC has 30 seconds left.
|inactive|trevyah has 30 seconds left.
|
|t:|1786200318
|switch|p1a: Toxapex|Toxapex, L50, F|100/100
|detailschange|p2a: Lucario|Lucario-Mega, L50, F
|-mega|p2a: Lucario|Lucario|Lucarionite
|move|p1b: Charizard|Protect|p1b: Charizard
|-singleturn|p1b: Charizard|Protect
|move|p2b: Aerodactyl|Rock Slide|p1a: Toxapex|[spread] p1a
|-activate|p1b: Charizard|move: Protect
|-damage|p1a: Toxapex|87/100
|move|p2a: Lucario|Close Combat|p1a: Toxapex
|-resisted|p1a: Toxapex|1
|-damage|p1a: Toxapex|56/100
|-unboost|p2a: Lucario|def|1
|-unboost|p2a: Lucario|spd|1
|
|-weather|SunnyDay|[upkeep]
|-heal|p1a: Toxapex|62/100|[from] item: Leftovers
|upkeep
|turn|3
|
|t:|1786200339
|switch|p2b: Pelipper|Pelipper, L50, M|100/100
|-weather|RainDance|[from] ability: Drizzle|[of] p2b: Pelipper
|move|p2a: Lucario|Protect|p2a: Lucario
|-singleturn|p2a: Lucario|Protect
|move|p1a: Toxapex|Wide Guard|p1a: Toxapex
|-singleturn|p1a: Toxapex|Wide Guard
|move|p1b: Charizard|Heat Wave|p2a: Lucario|[spread] p2b
|-activate|p2a: Lucario|move: Protect
|-resisted|p2b: Pelipper|1
|-damage|p2b: Pelipper|88/100
|
|-weather|RainDance|[upkeep]
|-heal|p1a: Toxapex|68/100|[from] item: Leftovers
|upkeep
|turn|4
|inactive|trevyah has 30 seconds left.
|inactive|KeterVGC has 30 seconds left.
|
|t:|1786200373
|switch|p1b: Garchomp|Garchomp, L50, M|100/100
|move|p2a: Lucario|Meteor Mash|p1a: Toxapex
|-resisted|p1a: Toxapex|1
|-damage|p1a: Toxapex|44/100
|-boost|p2a: Lucario|atk|1
|move|p2b: Pelipper|Weather Ball|p1b: Garchomp
|-damage|p1b: Garchomp|38/100
|move|p1a: Toxapex|Infestation|p2b: Pelipper
|-resisted|p2b: Pelipper|1
|-damage|p2b: Pelipper|86/100
|-activate|p2b: Pelipper|move: Infestation|[of] p1a: Toxapex
|
|-weather|RainDance|[upkeep]
|-heal|p1a: Toxapex|50/100g|[from] item: Leftovers
|-damage|p2b: Pelipper|74/100|[from] move: Infestation|[partiallytrapped]
|upkeep
|turn|5
|inactive|trevyah has 30 seconds left.
|inactive|KeterVGC has 30 seconds left.
|inactive|KeterVGC has 20 seconds left.
|
|t:|1786200413
|switch|p1b: Charizard|Charizard-Mega-Y, L50, F|100/100
|-weather|SunnyDay|[from] ability: Drought|[of] p1b: Charizard
|move|p2a: Lucario|Ice Punch|p1b: Charizard
|-damage|p1b: Charizard|56/100
|move|p2b: Pelipper|Hurricane|p1a: Toxapex
|-damage|p1a: Toxapex|19/100
|move|p1a: Toxapex|Infestation|p2a: Lucario
|-resisted|p2a: Lucario|2
|-damage|p2a: Lucario|98/100
|-activate|p2a: Lucario|move: Infestation|[of] p1a: Toxapex
|
|-weather|SunnyDay|[upkeep]
|-heal|p1a: Toxapex|25/100|[from] item: Leftovers
|-damage|p2a: Lucario|86/100|[from] move: Infestation|[partiallytrapped]
|-damage|p2b: Pelipper|62/100|[from] move: Infestation|[partiallytrapped]
|upkeep
|turn|6
|inactive|KeterVGC has 30 seconds left.
|inactive|KeterVGC has 20 seconds left.
|
|t:|1786200452
|move|p2a: Lucario|Close Combat|p1a: Toxapex
|-resisted|p1a: Toxapex|1
|-damage|p1a: Toxapex|0 fnt
|-unboost|p2a: Lucario|def|1
|-unboost|p2a: Lucario|spd|1
|faint|p1a: Toxapex
|move|p1b: Charizard|Weather Ball|p2a: Lucario
|-supereffective|p2a: Lucario|1
|-damage|p2a: Lucario|0 fnt
|faint|p2a: Lucario
|move|p2b: Pelipper|Tailwind|p2b: Pelipper
|-sidestart|p2: KeterVGC|move: Tailwind
|
|-weather|SunnyDay|[upkeep]
|-end|p2b: Pelipper|Infestation|[partiallytrapped]|[silent]
|upkeep
|
|t:|1786200468
|switch|p2a: Aerodactyl|Aerodactyl, L50, F|100/100
|switch|p1a: Incineroar|Incineroar, L50, M|100/100
|-ability|p2a: Aerodactyl|Unnerve
|-ability|p1a: Incineroar|Intimidate|boost
|-unboost|p2a: Aerodactyl|atk|1
|-unboost|p2b: Pelipper|atk|1
|turn|7
|inactive|KeterVGC has 30 seconds left.
|
|t:|1786200496
|move|p2a: Aerodactyl|Protect|p2a: Aerodactyl
|-singleturn|p2a: Aerodactyl|Protect
|move|p1a: Incineroar|Fake Out|p2a: Aerodactyl
|-activate|p2a: Aerodactyl|move: Protect
|move|p2b: Pelipper|Weather Ball|p1a: Incineroar
|-resisted|p1a: Incineroar|1
|-damage|p1a: Incineroar|85/100
|move|p1b: Charizard|Weather Ball|p2b: Pelipper
|-resisted|p2b: Pelipper|1
|-damage|p2b: Pelipper|11/100
|-enditem|p2b: Pelipper|Sitrus Berry|[eat]
|-heal|p2b: Pelipper|36/100|[from] item: Sitrus Berry
|
|-weather|SunnyDay|[upkeep]
|upkeep
|turn|8
|
|t:|1786200513
|switch|p2b: Archaludon|Archaludon, L50, F|100/100
|move|p1b: Charizard|Protect|p1b: Charizard
|-singleturn|p1b: Charizard|Protect
|move|p2a: Aerodactyl|Rock Slide|p1a: Incineroar|[spread] p1a
|-activate|p1b: Charizard|move: Protect
|-supereffective|p1a: Incineroar|1
|-damage|p1a: Incineroar|55/100
|cant|p1a: Incineroar|flinch
|
|-weather|SunnyDay|[upkeep]
|upkeep
|turn|9
|-message|trevyah forfeited.
|
|win|KeterVGC
||trevyah is ready for game 2.
||KeterVGC is ready for game 2.
|uhtml|next|Next: Game 2 of 3
|l|☆trevyah
|player|p1|
