|j|☆boyoohboy
|j|☆floettefan670
|html|boyoohboyfloettefan670    
|uhtml|bestof|Game 2 of a best-of-3
|t:|1783869201
|gametype|doubles
|player|p1|boyoohboy|1|1081
|player|p2|floettefan670|miku-psychic|1081
|gen|9
|tier|[Gen 9 Champions] VGC 2026 Reg M-B (Bo3)
|rated|
|rule|Species Clause: Limit one of each Pokémon
|rule|Item Clause: Limit 1 of each item
|clearpoke
|poke|p1|Basculegion, L50, M|
|poke|p1|Sneasler, L50, F|
|poke|p1|Dragonite, L50, M|
|poke|p1|Ninetales-Alola, L50, F|
|poke|p1|Kingambit, L50, M|
|poke|p1|Froslass, L50, F|
|poke|p2|Floette-Eternal, L50, F|
|poke|p2|Delphox, L50, F|
|poke|p2|Garchomp, L50, M|
|poke|p2|Sneasler, L50, M|
|poke|p2|Sinistcha, L50|
|poke|p2|Incineroar, L50, M|
|teampreview|4
|showteam|p1|Basculegion||SitrusBerry|Adaptability|Protect,WaveCrash,AquaJet,LastRespects|Adamant||M|||50|]Sneasler||FocusSash|Unburden|RockSlide,CloseCombat,DireClaw,FakeOut|Adamant||F|||50|]Dragonite||Dragoninite|Multiscale|DragonPulse,HeatWave,ExtremeSpeed,Tailwind|Modest||M|||50|]Ninetales-Alola||NeverMeltIce|SnowWarning|Blizzard,FreezeDry,RainDance,AuroraVeil|Timid||F|||50|]Kingambit||ChopleBerry|Defiant|KowtowCleave,SuckerPunch,IronHead,LowKick|Adamant||M|||50|]Froslass||Froslassite|SnowCloak|Blizzard,FrostBreath,ShadowBall,AuroraVeil|Timid||F|||50|
|showteam|p2|Floette-Eternal||Floettite|FlowerVeil|Protect,CalmMind,DazzlingGleam,DrainingKiss|Modest||F|||50|]Delphox||Delphoxite|Blaze|HeatWave,Psychic,NastyPlot,Protect|Timid||F|||50|]Garchomp||ChoiceScarf|RoughSkin|RockTomb,Earthquake,StompingTantrum,DragonClaw|Adamant||M|||50|]Sneasler||FocusSash|PoisonTouch|FakeOut,PoisonJab,CloseCombat,QuickGuard|Jolly||M|||50|]Sinistcha||KasibBerry|Hospitality|MatchaGotcha,RagePowder,Protect,TrickRoom|Calm|||||50|]Incineroar||SitrusBerry|Intimidate|FakeOut,FlareBlitz,ThroatChop,PartingShot|Impish||M|||50|
|
|t:|1783869242
|teamsize|p1|4
|teamsize|p2|4
|start
|switch|p1a: Ninetales|Ninetales-Alola, L50, F|100/100
|switch|p1b: Dragonite|Dragonite, L50, M|100/100
|switch|p2a: Sinistcha|Sinistcha, L50|100/100
|switch|p2b: Garchomp|Garchomp, L50, M|100/100
|-weather|Snowscape|[from] ability: Snow Warning|[of] p1a: Ninetales
|turn|1
|
|t:|1783869286
|switch|p2b: Incineroar|Incineroar, L50, M|100/100
|-ability|p2b: Incineroar|Intimidate|boost
|-unboost|p1a: Ninetales|atk|1
|-unboost|p1b: Dragonite|atk|1
|switch|p2a: Delphox|Delphox, L50, F|100/100
|detailschange|p1b: Dragonite|Dragonite-Mega, L50, M
|-mega|p1b: Dragonite|Dragonite|Dragoninite
|move|p1a: Ninetales|Blizzard|p2b: Incineroar|[spread] p2a,p2b
|-resisted|p2a: Delphox|1
|-resisted|p2b: Incineroar|1
|-damage|p2a: Delphox|82/100
|-damage|p2b: Incineroar|85/100
|move|p1b: Dragonite|Heat Wave|p2a: Delphox|[spread] p2a,p2b
|-resisted|p2a: Delphox|1
|-resisted|p2b: Incineroar|1
|-damage|p2a: Delphox|64/100
|-damage|p2b: Incineroar|71/100
|
|-weather|Snowscape|[upkeep]
|upkeep
|turn|2
|
|t:|1783869307
|detailschange|p2a: Delphox|Delphox-Mega, L50, F
|-mega|p2a: Delphox|Delphox|Delphoxite
|move|p2b: Incineroar|Fake Out|p1b: Dragonite
|-damage|p1b: Dragonite|95/100
|move|p2a: Delphox|Nasty Plot|p2a: Delphox
|-boost|p2a: Delphox|spa|2
|move|p1a: Ninetales|Rain Dance|p1a: Ninetales
|-weather|RainDance
|cant|p1b: Dragonite|flinch
|
|-weather|RainDance|[upkeep]
|upkeep
|turn|3
|
|t:|1783869335
|move|p1b: Dragonite|Extreme Speed|p2a: Delphox
|-damage|p2a: Delphox|47/100
|move|p2a: Delphox|Psychic|p1a: Ninetales
|-damage|p1a: Ninetales|0 fnt
|faint|p1a: Ninetales
|move|p2b: Incineroar|Parting Shot|p1b: Dragonite
|-unboost|p1b: Dragonite|atk|1
|-unboost|p1b: Dragonite|spa|1
|
|t:|1783869344
|switch|p2b: Sinistcha|Sinistcha, L50|100/100|[from] Parting Shot
|-heal|p2a: Delphox|72/100|[from] ability: Hospitality|[of] p2b: Sinistcha
|
|-weather|RainDance|[upkeep]
|upkeep
|
|t:|1783869349
|switch|p1a: Sneasler|Sneasler, L50, F|100/100
|turn|4
|
|t:|1783869360
|switch|p1b: Basculegion|Basculegion, L50, M|100/100
|switch|p2b: Incineroar|Incineroar, L50, M|71/100
|-ability|p2b: Incineroar|Intimidate|boost
|-unboost|p1a: Sneasler|atk|1
|-unboost|p1b: Basculegion|atk|1
|move|p2a: Delphox|Protect|p2a: Delphox
|-singleturn|p2a: Delphox|Protect
|move|p1a: Sneasler|Fake Out|p2a: Delphox
|-activate|p2a: Delphox|move: Protect
|
|-weather|RainDance|[upkeep]
|upkeep
|turn|5
|
|t:|1783869406
|switch|p2b: Sinistcha|Sinistcha, L50|100/100
|-heal|p2a: Delphox|97/100|[from] ability: Hospitality|[of] p2b: Sinistcha
|move|p2a: Delphox|Psychic|p1b: Basculegion
|-damage|p1b: Basculegion|2/100
|-enditem|p1b: Basculegion|Sitrus Berry|[eat]
|-heal|p1b: Basculegion|27/100|[from] item: Sitrus Berry
|move|p1a: Sneasler|Rock Slide|p2b: Sinistcha|[spread] p2a,p2b
|-supereffective|p2a: Delphox|1
|-damage|p2a: Delphox|61/100
|-damage|p2b: Sinistcha|88/100
|move|p1b: Basculegion|Wave Crash|p2a: Delphox
|-supereffective|p2a: Delphox|1
|-damage|p2a: Delphox|0 fnt
|faint|p2a: Delphox
|-damage|p1b: Basculegion|12/100|[from] Recoil
|
|-weather|RainDance|[upkeep]
|upkeep
|
|t:|1783869417
|switch|p2a: Garchomp|Garchomp, L50, M|100/100
|turn|6
|
|t:|1783869437
|move|p2b: Sinistcha|Rage Powder|p2b: Sinistcha
|-singleturn|p2b: Sinistcha|move: Rage Powder
|move|p2a: Garchomp|Dragon Claw|p1b: Basculegion
|-crit|p1b: Basculegion
|-damage|p1b: Basculegion|0 fnt
|faint|p1b: Basculegion
|move|p1a: Sneasler|Close Combat|p2b: Sinistcha
|-immune|p2b: Sinistcha
|
|-weather|none
|upkeep
|
|t:|1783869446
|switch|p1b: Dragonite|Dragonite-Mega, L50, M|95/100
|turn|7
|
|t:|1783869464
|move|p2b: Sinistcha|Rage Powder|p2b: Sinistcha
|-singleturn|p2b: Sinistcha|move: Rage Powder
|move|p2a: Garchomp|Dragon Claw|p1b: Dragonite
|-supereffective|p1b: Dragonite|1
|-damage|p1b: Dragonite|23/100
|move|p1a: Sneasler|Close Combat|p2b: Sinistcha
|-immune|p2b: Sinistcha
|move|p1b: Dragonite|Dragon Pulse|p2b: Sinistcha
|-damage|p2b: Sinistcha|43/100
|
|upkeep
|turn|8
|
|t:|1783869479
|move|p2b: Sinistcha|Rage Powder|p2b: Sinistcha
|-singleturn|p2b: Sinistcha|move: Rage Powder
|move|p2a: Garchomp|Dragon Claw|p1b: Dragonite
|-supereffective|p1b: Dragonite|1
|-damage|p1b: Dragonite|0 fnt
|faint|p1b: Dragonite
|move|p1a: Sneasler|Rock Slide|p2b: Sinistcha|[spread] p2b
|-miss|p1a: Sneasler|p2a: Garchomp
|-damage|p2b: Sinistcha|31/100
|
|upkeep
|turn|9
|c|☆boyoohboy|ggs
|c|☆floettefan670|ggwp
|-message|boyoohboy forfeited.
|
|win|floettefan670
|raw|boyoohboy's rating: 1081 → 1059(-22 for losing)
|raw|floettefan670's rating: 1081 → 1109(+28 for winning)
