|j|☆clearmomdotcom2
|j|☆erickpoux
|html|clearmomdotcom2erickpoux    
|uhtml|bestof|Game 3 of a best-of-3
|t:|1756353639
|gametype|doubles
|player|p1|clearmomdotcom2|waitress|1161
|player|p2|erickpoux|nate|1120
|gen|9
|tier|[Gen 9] VGC 2025 Reg H (Bo3)
|rated|
|rule|Species Clause: Limit one of each Pokémon
|rule|Item Clause: Limit 1 of each item
|clearpoke
|poke|p1|Indeedee, L50, M|
|poke|p1|Sneasler, L50, M|
|poke|p1|Torkoal, L50, F|
|poke|p1|Exeggutor, L50, F|
|poke|p1|Weezing-Galar, L50, M|
|poke|p1|Arcanine-Hisui, L50, F|
|poke|p2|Volcarona, L50, F|
|poke|p2|Rillaboom, L50, M|
|poke|p2|Electabuzz, L50, M|
|poke|p2|Dragonite, L50, M|
|poke|p2|Ursaluna-Bloodmoon, L50, M|
|poke|p2|Whimsicott, L50, M|
|teampreview|4
|showteam|p1|Indeedee||FocusSash|PsychicSurge|ExpandingForce,TeraBlast,Protect,TrickRoom|||M|||50|,,,,,Fighting]Sneasler||PsychicSeed|Unburden|ThroatChop,CloseCombat,DireClaw,Protect|||M|||50|,,,,,Dark]Torkoal||EjectPack|Drought|Eruption,Overheat,Protect,HelpingHand|||F|||50|,,,,,Fire]Exeggutor||LifeOrb|Chlorophyll|ExpandingForce,SleepPowder,Protect,EnergyBall|||F|||50|,,,,,Psychic]Weezing-Galar||ChoiceSpecs|NeutralizingGas|SludgeBomb,Flamethrower,DazzlingGleam,StrangeSteam|||M|||50|,,,,,Fire]Arcanine-Hisui||ChoiceBand|Intimidate|RockSlide,RockBlast,FlareBlitz,ExtremeSpeed|||F|||50|,,,,,Water
|showteam|p2|Volcarona||CovertCloak|FlameBody|TeraBlast,HeatWave,QuiverDance,Protect|||F|||50|,,,,,Water]Rillaboom||AssaultVest|GrassySurge|WoodHammer,GrassyGlide,Uturn,FakeOut|||M|||50|,,,,,Grass]Electabuzz||Eviolite|VitalSpirit|FollowMe,Protect,Electroweb,Taunt|||M|||50|,,,,,Ghost]Dragonite||LoadedDice|Multiscale|ScaleShot,Tailwind,Haze,Protect|||M|||50|,,,,,Fairy]Ursaluna-Bloodmoon||LifeOrb|MindsEye|BloodMoon,EarthPower,HyperVoice,Protect|||M|||50|,,,,,Normal]Whimsicott||FocusSash|Prankster|Tailwind,Taunt,Moonblast,FakeTears|||M|||50|,,,,,Ghost
|j| Bulba_Ssauroo
|
|t:|1756353732
|teamsize|p1|4
|teamsize|p2|4
|start
|switch|p1a: Arcanine|Arcanine-Hisui, L50, F|100/100
|switch|p1b: Torkoal|Torkoal, L50, F|100/100
|switch|p2a: Ursaluna|Ursaluna-Bloodmoon, L50, M|100/100
|switch|p2b: Whimsicott|Whimsicott, L50, M, shiny|100/100
|-ability|p1a: Arcanine|Intimidate|boost
|-unboost|p2a: Ursaluna|atk|1
|-unboost|p2b: Whimsicott|atk|1
|-weather|SunnyDay|[from] ability: Drought|[of] p1b: Torkoal
|turn|1
|
|t:|1756353747
|move|p2a: Ursaluna|Protect|p2a: Ursaluna
|-singleturn|p2a: Ursaluna|Protect
|move|p1b: Torkoal|Protect|p1b: Torkoal
|-singleturn|p1b: Torkoal|Protect
|move|p2b: Whimsicott|Tailwind|p2b: Whimsicott
|-sidestart|p2: erickpoux|move: Tailwind
|move|p1a: Arcanine|Flare Blitz|p2a: Ursaluna
|-activate|p2a: Ursaluna|move: Protect
|
|-weather|SunnyDay|[upkeep]
|upkeep
|turn|2
|inactive|Battle timer is ON: inactive players will automatically lose when time's up. (requested by clearmomdotcom2)
|
|t:|1756353807
|-terastallize|p2a: Ursaluna|Normal
|-terastallize|p1a: Arcanine|Water
|move|p2b: Whimsicott|Fake Tears|p1a: Arcanine
|-unboost|p1a: Arcanine|spd|2
|move|p2a: Ursaluna|Hyper Voice|p1a: Arcanine|[spread] p1a,p1b
|-damage|p1a: Arcanine|0 fnt
|-damage|p1b: Torkoal|11/100
|faint|p1a: Arcanine
|-damage|p2a: Ursaluna|91/100|[from] item: Life Orb
|move|p1b: Torkoal|Overheat|p2b: Whimsicott
|-supereffective|p2b: Whimsicott
|-enditem|p2b: Whimsicott|Focus Sash
|-damage|p2b: Whimsicott|1/100
|-unboost|p1b: Torkoal|spa|2
|-enditem|p1b: Torkoal|Eject Pack
|
|t:|1756353818
|switch|p1b: Exeggutor|Exeggutor, L50, F|100/100
|
|-weather|SunnyDay|[upkeep]
|upkeep
|
|t:|1756353826
|switch|p1a: Torkoal|Torkoal, L50, F|11/100
|turn|3
|
|t:|1756353837
|switch|p1a: Indeedee|Indeedee, L50, M|100/100
|-fieldstart|move: Psychic Terrain|[from] ability: Psychic Surge|[of] p1a: Indeedee
|move|p2a: Ursaluna|Protect|p2a: Ursaluna
|-singleturn|p2a: Ursaluna|Protect
|move|p2b: Whimsicott|Moonblast|p1a: Indeedee
|-damage|p1a: Indeedee|67/100
|move|p1b: Exeggutor|Expanding Force|p2b: Whimsicott|[spread] p2b
|-activate|p2a: Ursaluna|move: Protect
|-damage|p2b: Whimsicott|0 fnt
|faint|p2b: Whimsicott
|-damage|p1b: Exeggutor|90/100|[from] item: Life Orb
|
|-weather|SunnyDay|[upkeep]
|upkeep
|
|t:|1756353853
|switch|p2b: Volcarona|Volcarona, L50, F|100/100
|turn|4
|inactive|clearmomdotcom2 has 30 seconds left.
|
|t:|1756353887
|switch|p2a: Rillaboom|Rillaboom, L50, M|100/100
|-fieldstart|move: Grassy Terrain|[from] ability: Grassy Surge|[of] p2a: Rillaboom
|switch|p1a: Torkoal|Torkoal, L50, F|11/100
|move|p1b: Exeggutor|Protect|p1b: Exeggutor
|-singleturn|p1b: Exeggutor|Protect
|move|p2b: Volcarona|Heat Wave|p1b: Exeggutor|[spread] p1a
|-activate|p1b: Exeggutor|move: Protect
|-resisted|p1a: Torkoal
|-damage|p1a: Torkoal|0 fnt
|faint|p1a: Torkoal
|
|-weather|SunnyDay|[upkeep]
|-heal|p1b: Exeggutor|96/100|[from] Grassy Terrain
|-sideend|p2: erickpoux|move: Tailwind
|upkeep
|
|t:|1756353896
|switch|p1a: Indeedee|Indeedee, L50, M|67/100
|-fieldstart|move: Psychic Terrain|[from] ability: Psychic Surge|[of] p1a: Indeedee
|turn|5
|
|t:|1756353915
|switch|p2a: Ursaluna|Ursaluna-Bloodmoon, L50, M, tera:Normal|91/100
|move|p2b: Volcarona|Protect|p2b: Volcarona
|-singleturn|p2b: Volcarona|Protect
|move|p1b: Exeggutor|Expanding Force|p2b: Volcarona|[spread] p2a
|-activate|p2b: Volcarona|move: Protect
|-damage|p2a: Ursaluna|0 fnt
|faint|p2a: Ursaluna
|-damage|p1b: Exeggutor|86/100|[from] item: Life Orb
|move|p1a: Indeedee|Expanding Force|p2b: Volcarona
|-activate|p2b: Volcarona|move: Protect
|
|-weather|none
|upkeep
|
|t:|1756353927
|switch|p2a: Rillaboom|Rillaboom, L50, M|100/100
|-fieldstart|move: Grassy Terrain|[from] ability: Grassy Surge|[of] p2a: Rillaboom
|turn|6
|-message|clearmomdotcom2 forfeited.
|
|win|erickpoux
|raw|clearmomdotcom2's rating: 1161 → 1133(-28 for losing)
|raw|erickpoux's rating: 1120 → 1148(+28 for winning)
|l|☆clearmomdotcom2
|player|p1|
|l| Bulba_Ssauroo
