|j|☆kokonuthasabignut
|j|☆floettefan670
|html|kokonuthasabignutfloettefan670    
|uhtml|bestof|Game 1 of a best-of-3
|t:|1783591834
|gametype|doubles
|player|p1|kokonuthasabignut|youngster-gen4dp|1064
|player|p2|floettefan670|miku-psychic|1000
|gen|9
|tier|[Gen 9 Champions] VGC 2026 Reg M-B (Bo3)
|rated|
|rule|Species Clause: Limit one of each Pokémon
|rule|Item Clause: Limit 1 of each item
|clearpoke
|poke|p1|Camerupt, L50, M|
|poke|p1|Farigiraf, L50, F|
|poke|p1|Torkoal, L50, F|
|poke|p1|Vileplume, L50, F|
|poke|p1|Lycanroc-Dusk, L50, M|
|poke|p1|Lopunny, L50, M|
|poke|p2|Floette-Eternal, L50, F|
|poke|p2|Delphox, L50, F|
|poke|p2|Garchomp, L50, M|
|poke|p2|Sneasler, L50, M|
|poke|p2|Sinistcha, L50|
|poke|p2|Incineroar, L50, F|
|teampreview|4
|showteam|p1|Camerupt||Cameruptite|SolidRock|AncientPower,Eruption,EarthPower,Protect|Quiet||M|||50|]Farigiraf||SitrusBerry|ArmorTail|TrickRoom,Thunderbolt,TwinBeam,HelpingHand|Quiet||F|||50|]Torkoal||Charcoal|Drought|Eruption,HeatWave,SolarBeam,Protect|Quiet||F|||50|]Vileplume||FocusSash|Chlorophyll|AfterYou,SleepPowder,Protect,SludgeBomb|Timid||F|||50|]Lycanroc-Dusk||LifeOrb|ToughClaws|RockSlide,Protect,CloseCombat,Accelerock|Jolly||M|||50|]Lopunny||Lopunnite|Limber|FakeOut,SwordsDance,CloseCombat,Protect|Jolly||M|||50|
|showteam|p2|Floette-Eternal||Floettite|FlowerVeil|Protect,CalmMind,DazzlingGleam,DrainingKiss|Modest||F|||50|]Delphox||Delphoxite|Blaze|HeatWave,Psychic,NastyPlot,Protect|Timid||F|||50|]Garchomp||ChoiceScarf|RoughSkin|RockSlide,Earthquake,StompingTantrum,DragonClaw|Adamant||M|||50|]Sneasler||FocusSash|PoisonTouch|FakeOut,PoisonJab,CloseCombat,QuickGuard|Jolly||M|||50|]Sinistcha||KasibBerry|Hospitality|MatchaGotcha,RagePowder,Protect,TrickRoom|Calm|||||50|]Incineroar||SitrusBerry|Intimidate|FakeOut,FlareBlitz,ThroatChop,PartingShot|Bold||F|||50|
|
|t:|1783591879
|teamsize|p1|4
|teamsize|p2|4
|start
|switch|p1a: Lycanroc|Lycanroc-Dusk, L50, M|100/100
|switch|p1b: Farigiraf|Farigiraf, L50, F|100/100
|switch|p2a: Delphox|Delphox, L50, F|100/100
|switch|p2b: Incineroar|Incineroar, L50, F|100/100
|-ability|p2b: Incineroar|Intimidate|boost
|-unboost|p1a: Lycanroc|atk|1
|-unboost|p1b: Farigiraf|atk|1
|turn|1
|j| Tamatomo
|
|t:|1783591909
|switch|p2b: Garchomp|Garchomp, L50, M|100/100
|move|p1a: Lycanroc|Protect|p1a: Lycanroc
|-singleturn|p1a: Lycanroc|Protect
|move|p2a: Delphox|Protect|p2a: Delphox
|-singleturn|p2a: Delphox|Protect
|move|p1b: Farigiraf|Trick Room|p1b: Farigiraf
|-fieldstart|move: Trick Room|[of] p1b: Farigiraf
|
|upkeep
|turn|2
|
|t:|1783591928
|switch|p2a: Sinistcha|Sinistcha, L50|100/100
|move|p1b: Farigiraf|Helping Hand|p1a: Lycanroc
|-singleturn|p1a: Lycanroc|Helping Hand|[of] p1b: Farigiraf
|move|p1a: Lycanroc|Rock Slide|p2a: Sinistcha|[spread] p2a,p2b
|-resisted|p2b: Garchomp|1
|-damage|p2a: Sinistcha|68/100
|-damage|p2b: Garchomp|81/100
|-damage|p1a: Lycanroc|90/100|[from] item: Life Orb
|move|p2b: Garchomp|Earthquake|p1a: Lycanroc|[spread] p2a,p1a,p1b
|-resisted|p2a: Sinistcha|1
|-supereffective|p1a: Lycanroc|1
|-damage|p2a: Sinistcha|48/100
|-damage|p1a: Lycanroc|0 fnt
|-damage|p1b: Farigiraf|59/100
|faint|p1a: Lycanroc
|
|upkeep
|
|t:|1783591945
|switch|p1a: Torkoal|Torkoal, L50, F|100/100
|-weather|SunnyDay|[from] ability: Drought|[of] p1a: Torkoal
|turn|3
|
|t:|1783591960
|move|p2a: Sinistcha|Rage Powder|p2a: Sinistcha
|-singleturn|p2a: Sinistcha|move: Rage Powder
|move|p1a: Torkoal|Eruption|p2a: Sinistcha|[spread] p2a,p2b
|-supereffective|p2a: Sinistcha|1
|-resisted|p2b: Garchomp|1
|-crit|p2b: Garchomp
|-damage|p2a: Sinistcha|0 fnt
|-damage|p2b: Garchomp|14/100
|faint|p2a: Sinistcha
|move|p1b: Farigiraf|Twin Beam|p2b: Garchomp
|-damage|p2b: Garchomp|0 fnt
|faint|p2b: Garchomp
|-hitcount|p2: Garchomp|1
|
|-weather|SunnyDay|[upkeep]
|upkeep
|
|t:|1783591965
|switch|p2a: Incineroar|Incineroar, L50, F|100/100
|switch|p2b: Delphox|Delphox, L50, F|100/100
|-ability|p2a: Incineroar|Intimidate|boost
|-unboost|p1a: Torkoal|atk|1
|-unboost|p1b: Farigiraf|atk|1
|turn|4
|
|t:|1783591986
|detailschange|p2b: Delphox|Delphox-Mega, L50, F
|-mega|p2b: Delphox|Delphox|Delphoxite
|move|p2b: Delphox|Protect|p2b: Delphox
|-singleturn|p2b: Delphox|Protect
|move|p1a: Torkoal|Eruption|p2b: Delphox|[spread] p2a
|-activate|p2b: Delphox|move: Protect
|-resisted|p2a: Incineroar|1
|-damage|p2a: Incineroar|61/100
|move|p1b: Farigiraf|Thunderbolt|p2b: Delphox
|-activate|p2b: Delphox|move: Protect
|move|p2a: Incineroar|Throat Chop|p1a: Torkoal
|-damage|p1a: Torkoal|77/100
|-start|p1a: Torkoal|Throat Chop|[silent]
|
|-weather|SunnyDay|[upkeep]
|upkeep
|turn|5
|
|t:|1783592007
|move|p1a: Torkoal|Eruption|p2b: Delphox|[spread] p2a,p2b
|-resisted|p2a: Incineroar|1
|-crit|p2a: Incineroar
|-resisted|p2b: Delphox|1
|-damage|p2a: Incineroar|14/100
|-damage|p2b: Delphox|67/100
|-enditem|p2a: Incineroar|Sitrus Berry|[eat]
|-heal|p2a: Incineroar|39/100|[from] item: Sitrus Berry
|move|p1b: Farigiraf|Thunderbolt|p2b: Delphox
|-damage|p2b: Delphox|38/100
|move|p2a: Incineroar|Throat Chop|p1a: Torkoal
|-damage|p1a: Torkoal|55/100
|move|p2b: Delphox|Heat Wave|p1a: Torkoal|[spread] p1a,p1b
|-resisted|p1a: Torkoal|1
|-damage|p1a: Torkoal|16/100
|-damage|p1b: Farigiraf|3/100
|-status|p1b: Farigiraf|brn
|-enditem|p1b: Farigiraf|Sitrus Berry|[eat]
|-heal|p1b: Farigiraf|28/100 brn|[from] item: Sitrus Berry
|
|-weather|SunnyDay|[upkeep]
|-damage|p1b: Farigiraf|22/100 brn|[from] brn
|-end|p1a: Torkoal|Throat Chop|[silent]
|-fieldend|move: Trick Room
|upkeep
|turn|6
|
|t:|1783592035
|move|p2b: Delphox|Psychic|p1a: Torkoal
|-damage|p1a: Torkoal|0 fnt
|faint|p1a: Torkoal
|move|p2a: Incineroar|Throat Chop|p1b: Farigiraf
|-supereffective|p1b: Farigiraf|1
|-damage|p1b: Farigiraf|0 fnt
|faint|p1b: Farigiraf
|
|-weather|SunnyDay|[upkeep]
|upkeep
|
|t:|1783592046
|switch|p1b: Camerupt|Camerupt, L50, M|100/100
|turn|7
|
|t:|1783592054
|detailschange|p1b: Camerupt|Camerupt-Mega, L50, M
|-mega|p1b: Camerupt|Camerupt|Cameruptite
|move|p2b: Delphox|Psychic|p1b: Camerupt
|-damage|p1b: Camerupt|52/100
|move|p2a: Incineroar|Throat Chop|p1b: Camerupt
|-damage|p1b: Camerupt|23/100
|-start|p1b: Camerupt|Throat Chop|[silent]
|move|p1b: Camerupt|Ancient Power|p2b: Delphox
|-supereffective|p2b: Delphox|1
|-damage|p2b: Delphox|0 fnt
|faint|p2b: Delphox
|
|-weather|none
|upkeep
|turn|8
|
|t:|1783592069
|move|p1b: Camerupt|Protect|p1b: Camerupt
|-singleturn|p1b: Camerupt|Protect
|move|p2a: Incineroar|Throat Chop|p1b: Camerupt
|-activate|p1b: Camerupt|move: Protect
|
|-end|p1b: Camerupt|Throat Chop|[silent]
|upkeep
|turn|9
|
|t:|1783592076
|move|p2a: Incineroar|Throat Chop|p1b: Camerupt
|-damage|p1b: Camerupt|0 fnt
|faint|p1b: Camerupt
|
|win|floettefan670
