|j|☆billbig
|j|☆Scoseb
|html|billbigScoseb    
|uhtml|bestof|Game 2 of a best-of-3
|t:|1783503534
|gametype|doubles
|player|p1|billbig|265|1104
|player|p2|Scoseb|brycenman|1171
|gen|9
|tier|[Gen 9 Champions] VGC 2026 Reg M-B (Bo3)
|rated|
|rule|Species Clause: Limit one of each Pokémon
|rule|Item Clause: Limit 1 of each item
|clearpoke
|poke|p1|Palafin, L50, F|
|poke|p1|Sylveon, L50, M|
|poke|p1|Gengar, L50, F|
|poke|p1|Arcanine, L50, M|
|poke|p1|Raichu, L50, F|
|poke|p1|Politoed, L50, F|
|poke|p2|Staraptor, L50, F|
|poke|p2|Zoroark-Hisui, L50, F|
|poke|p2|Gholdengo, L50|
|poke|p2|Whimsicott, L50, F|
|poke|p2|Incineroar, L50, F|
|poke|p2|Drampa, L50, M|
|teampreview|4
|showteam|p1|Palafin||MysticWater|ZerotoHero|Protect,WaveCrash,JetPunch,CloseCombat|Adamant||F|||50|]Sylveon||FairyFeather|Pixilate|Detect,HyperVoice,QuickAttack,Moonblast|Modest||M|||50|]Gengar||ChoiceScarf|CursedBody|ShadowBall,SludgeBomb,IcyWind,Taunt|Timid||F|||50|]Arcanine||SitrusBerry|Intimidate|Protect,ExtremeSpeed,FlareBlitz,WillOWisp|Adamant||M|||50|]Raichu||FocusSash|LightningRod|FakeOut,VoltTackle,Encore,Protect|Jolly||F|||50|]Politoed||Leftovers|Drizzle|Protect,WeatherBall,HelpingHand,IcyWind|Calm||F|||50|
|showteam|p2|Staraptor||Staraptite|Reckless|CloseCombat,Protect,BraveBird,Roost|Jolly||F|||50|]Zoroark-Hisui||FocusSash|Illusion|BitterMalice,IcyWind,Taunt,FakeTears|Timid||F|||50|]Gholdengo||LifeOrb|GoodasGold|MakeItRain,ShadowBall,Protect,PowerGem|Modest|||||50|]Whimsicott||FairyFeather|Prankster|Tailwind,Moonblast,Charm,Protect|Timid||F|||50|]Incineroar||SitrusBerry|Intimidate|FakeOut,PartingShot,FlareBlitz,DarkestLariat|Careful||F|||50|]Drampa||Drampanite|CloudNine|HyperVoice,DragonPulse,Protect,CalmMind|Timid||M|||50|
|inactive|Battle timer is ON: inactive players will automatically lose when time's up. (requested by billbig)
|inactive|Scoseb also wants the timer to be on.
|
|t:|1783503558
|teamsize|p1|4
|teamsize|p2|4
|start
|switch|p1a: Sylveon|Sylveon, L50, M|100/100
|switch|p1b: Palafin|Palafin, L50, F|100/100
|switch|p2a: Staraptor|Staraptor, L50, F|100/100
|switch|p2b: Incineroar|Incineroar, L50, F|100/100
|-ability|p2b: Incineroar|Intimidate|boost
|-unboost|p1a: Sylveon|atk|1
|-unboost|p1b: Palafin|atk|1
|turn|1
|inactive|billbig has 30 seconds left.
|inactive|billbig has 20 seconds left.
|
|t:|1783503593
|detailschange|p1b: Palafin|Palafin-Hero, L50, F
|switch|p1b: Politoed|Politoed, L50, F|100/100
|-weather|RainDance|[from] ability: Drizzle|[of] p1b: Politoed
|detailschange|p2a: Staraptor|Staraptor-Mega, L50, F
|-mega|p2a: Staraptor|Staraptor|Staraptite
|move|p1a: Sylveon|Detect|p1a: Sylveon
|-singleturn|p1a: Sylveon|Protect
|move|p2b: Incineroar|Fake Out|p1a: Sylveon
|-activate|p1a: Sylveon|move: Protect
|move|p2a: Staraptor|Close Combat|p1a: Sylveon
|-activate|p1a: Sylveon|move: Protect
|
|-weather|RainDance|[upkeep]
|upkeep
|turn|2
|inactive|Scoseb has 30 seconds left.
|inactive|Scoseb has 20 seconds left.
|inactive|Scoseb has 15 seconds left.
|inactive|Scoseb has 10 seconds left.
|
|t:|1783503639
|switch|p1a: Gengar|Gengar, L50, F|100/100
|move|p2a: Staraptor|Close Combat|p1b: Politoed
|-damage|p1b: Politoed|31/100
|-boost|p2a: Staraptor|def|1
|-boost|p2a: Staraptor|spd|1
|move|p1b: Politoed|Weather Ball|p2b: Incineroar
|-supereffective|p2b: Incineroar|1
|-damage|p2b: Incineroar|18/100
|-enditem|p2b: Incineroar|Sitrus Berry|[eat]
|-heal|p2b: Incineroar|43/100|[from] item: Sitrus Berry
|move|p2b: Incineroar|Parting Shot|p1a: Gengar
|-unboost|p1a: Gengar|atk|1
|-unboost|p1a: Gengar|spa|1
|
|t:|1783503656
|switch|p2b: Drampa|Drampa, L50, M|100/100|[from] Parting Shot
|
|-weather|RainDance|[upkeep]
|-heal|p1b: Politoed|37/100|[from] item: Leftovers
|upkeep
|turn|3
|inactive|billbig has 30 seconds left.
|inactive|Scoseb has 30 seconds left.
|
|t:|1783503683
|move|p1a: Gengar|Icy Wind|p2a: Staraptor|[spread] p2a,p2b
|-supereffective|p2a: Staraptor|1
|-damage|p2a: Staraptor|85/100
|-damage|p2b: Drampa|80/100
|-boost|p2a: Staraptor|spe|1
|-unboost|p2b: Drampa|spe|1
|replace|p2b: Zoroark|Zoroark-Hisui, L50, F
|-end|p2b: Zoroark|Illusion
|move|p2a: Staraptor|Close Combat|p1b: Politoed
|-damage|p1b: Politoed|0 fnt
|-boost|p2a: Staraptor|def|1
|-boost|p2a: Staraptor|spd|1
|faint|p1b: Politoed
|move|p2b: Zoroark|Bitter Malice|p1a: Gengar
|-supereffective|p1a: Gengar|1
|-damage|p1a: Gengar|0 fnt
|-start|p2b: Zoroark|Disable|Bitter Malice|[from] ability: Cursed Body|[of] p1a: Gengar
|faint|p1a: Gengar
|
|-weather|RainDance|[upkeep]
|upkeep
|
|t:|1783503693
|switch|p1a: Palafin|Palafin-Hero, L50, F|100/100
|switch|p1b: Sylveon|Sylveon, L50, M|100/100
|-activate|p1a: Palafin|ability: Zero to Hero
|turn|4
|
|t:|1783503716
|switch|p2b: Incineroar|Incineroar, L50, F|43/100
|-ability|p2b: Incineroar|Intimidate|boost
|-unboost|p1a: Palafin|atk|1
|-unboost|p1b: Sylveon|atk|1
|move|p2a: Staraptor|Protect|p2a: Staraptor
|-singleturn|p2a: Staraptor|Protect
|move|p1a: Palafin|Jet Punch|p2b: Incineroar
|-supereffective|p2b: Incineroar|1
|-damage|p2b: Incineroar|0 fnt
|faint|p2b: Incineroar
|move|p1b: Sylveon|Moonblast|p2a: Staraptor
|-activate|p2a: Staraptor|move: Protect
|
|-weather|RainDance|[upkeep]
|upkeep
|
|t:|1783503733
|switch|p2b: Drampa|Drampa, L50, M|80/100
|turn|5
|
|t:|1783503755
|move|p2a: Staraptor|Brave Bird|p1b: Sylveon
|-damage|p1b: Sylveon|23/100
|-damage|p2a: Staraptor|57/100|[from] Recoil
|move|p2b: Drampa|Bitter Malice|p1b: Sylveon
|-damage|p1b: Sylveon|0 fnt
|faint|p1b: Sylveon
|move|p1a: Palafin|Wave Crash|p2a: Staraptor
|-damage|p2a: Staraptor|13/100
|-damage|p1a: Palafin|86/100|[from] Recoil
|
|-weather|none
|upkeep
|turn|6
|
|t:|1783503771
|move|p2a: Staraptor|Protect|p2a: Staraptor
|-singleturn|p2a: Staraptor|Protect
|move|p1a: Palafin|Jet Punch|p2a: Staraptor
|-activate|p2a: Staraptor|move: Protect
|move|p2b: Drampa|Bitter Malice|p1a: Palafin
|-damage|p1a: Palafin|53/100
|-unboost|p1a: Palafin|atk|1
|
|upkeep
|turn|7
|-message|billbig forfeited.
|
|win|Scoseb
|raw|billbig's rating: 1104 → 1084(-20 for losing)
|raw|Scoseb's rating: 1171 → 1191(+20 for winning)
|l|☆billbig
|player|p1|
