|j|☆lolgz
|j|☆DAVID867
|html|lolgzDAVID867    
|uhtml|bestof|Game 3 of a best-of-3
|t:|1783033642
|gametype|doubles
|player|p1|lolgz|dawn|1144
|player|p2|DAVID867|170|1174
|gen|9
|tier|[Gen 9 Champions] VGC 2026 Reg M-B (Bo3)
|rated|
|rule|Species Clause: Limit one of each Pokémon
|rule|Item Clause: Limit 1 of each item
|clearpoke
|poke|p1|Scrafty, L50, M|
|poke|p1|Vivillon, L50, F|
|poke|p1|Incineroar, L50, F|
|poke|p1|Sinistcha, L50|
|poke|p1|Rotom-Wash, L50|
|poke|p1|Delphox, L50, F|
|poke|p2|Delphox, L50, F|
|poke|p2|Floette-Eternal, L50, F|
|poke|p2|Sinistcha, L50|
|poke|p2|Kingambit, L50, F|
|poke|p2|Sneasler, L50, M|
|poke|p2|Incineroar, L50, F|
|teampreview|4
|showteam|p1|Scrafty||Scraftinite|Intimidate|DrainPunch,KnockOff,Protect,DragonDance|Jolly||M|||50|]Vivillon||ChoiceScarf|CompoundEyes|SleepPowder,Hurricane,RagePowder,Tailwind|Timid||F|||50|]Incineroar||PasshoBerry|Intimidate|PartingShot,FakeOut,ThroatChop,FlareBlitz|Careful||F|||50|]Sinistcha||KasibBerry|Hospitality|MatchaGotcha,RagePowder,LifeDew,Protect|Serious|||||50|]Rotom-Wash||SitrusBerry|Levitate|HydroPump,WillOWisp,VoltSwitch,LightScreen|Modest|||||50|]Delphox||Delphoxite|Blaze|HeatWave,Psychic,Protect,NastyPlot|Timid||F|||50|
|showteam|p2|Delphox||Delphoxite|Blaze|HeatWave,Psyshock,NastyPlot,Protect|Timid||F|||50|]Floette-Eternal||Floettite|FlowerVeil|DrainingKiss,DazzlingGleam,CalmMind,Protect|Bold||F|||50|]Sinistcha||ColburBerry|Hospitality|MatchaGotcha,RagePowder,TrickRoom,Protect|Bold|||||50|]Kingambit||BlackGlasses|Defiant|KowtowCleave,SuckerPunch,IronHead,Protect|Adamant||F|||50|]Sneasler||FocusSash|PoisonTouch|FakeOut,CloseCombat,DireClaw,Protect|Jolly||M|||50|]Incineroar||SitrusBerry|Intimidate|PartingShot,FlareBlitz,ThroatChop,FakeOut|Impish||F|||50|
|inactive|Battle timer is ON: inactive players will automatically lose when time's up. (requested by lolgz)
|c|☆DAVID867|lucky
|
|t:|1783033663
|teamsize|p1|4
|teamsize|p2|4
|start
|switch|p1a: Vivillon|Vivillon, L50, F|100/100
|switch|p1b: Delphox|Delphox, L50, F|100/100
|switch|p2a: Floette|Floette-Eternal, L50, F|100/100
|switch|p2b: Incineroar|Incineroar, L50, F|100/100
|-ability|p2b: Incineroar|Intimidate|boost
|-unboost|p1a: Vivillon|atk|1
|-unboost|p1b: Delphox|atk|1
|turn|1
|
|t:|1783033679
|detailschange|p1b: Delphox|Delphox-Mega, L50, F
|-mega|p1b: Delphox|Delphox|Delphoxite
|detailschange|p2a: Floette|Floette-Mega, L50, F
|-mega|p2a: Floette|Floette|Floettite
|-ability|p2a: Floette|Fairy Aura
|move|p2b: Incineroar|Fake Out|p1a: Vivillon
|-damage|p1a: Vivillon|85/100
|cant|p1a: Vivillon|flinch
|move|p1b: Delphox|Nasty Plot|p1b: Delphox
|-boost|p1b: Delphox|spa|2
|move|p2a: Floette|Calm Mind|p2a: Floette
|-boost|p2a: Floette|spa|1
|-boost|p2a: Floette|spd|1
|
|upkeep
|turn|2
|
|t:|1783033692
|move|p2a: Floette|Protect|p2a: Floette
|-singleturn|p2a: Floette|Protect
|move|p1a: Vivillon|Sleep Powder|p2b: Incineroar
|-status|p2b: Incineroar|slp|[from] move: Sleep Powder
|move|p1b: Delphox|Heat Wave|p2b: Incineroar|[spread] p2b
|-activate|p2a: Floette|move: Protect
|-resisted|p2b: Incineroar|1
|-damage|p2b: Incineroar|68/100 slp
|cant|p2b: Incineroar|slp
|
|upkeep
|turn|3
|
|t:|1783033709
|move|p1a: Vivillon|Sleep Powder|p2a: Floette
|-status|p2a: Floette|slp|[from] move: Sleep Powder
|move|p1b: Delphox|Nasty Plot|p1b: Delphox
|-boost|p1b: Delphox|spa|2
|cant|p2a: Floette|slp
|cant|p2b: Incineroar|slp
|
|upkeep
|turn|4
|
|t:|1783033729
|switch|p1a: Rotom|Rotom-Wash, L50|100/100
|move|p1b: Delphox|Heat Wave|p2a: Floette|[spread] p2a
|-miss|p1b: Delphox|p2b: Incineroar
|-damage|p2a: Floette|44/100 slp
|cant|p2a: Floette|slp
|-curestatus|p2b: Incineroar|slp|[msg]
|move|p2b: Incineroar|Flare Blitz|p1a: Rotom
|-resisted|p1a: Rotom|1
|-damage|p1a: Rotom|77/100
|-damage|p2b: Incineroar|63/100|[from] Recoil
|
|upkeep
|turn|5
|c|☆DAVID867|u say playing vivillion
|inactive|DAVID867 has 30 seconds left.
|
|t:|1783033759
|-curestatus|p2a: Floette|slp|[msg]
|move|p2a: Floette|Protect|p2a: Floette
|-singleturn|p2a: Floette|Protect
|move|p1b: Delphox|Heat Wave|p2a: Floette|[spread] p2b
|-activate|p2a: Floette|move: Protect
|-resisted|p2b: Incineroar|1
|-damage|p2b: Incineroar|12/100
|-enditem|p2b: Incineroar|Sitrus Berry|[eat]
|-heal|p2b: Incineroar|37/100|[from] item: Sitrus Berry
|move|p1a: Rotom|Hydro Pump|p2b: Incineroar|[miss]
|-miss|p1a: Rotom|p2b: Incineroar
|move|p2b: Incineroar|Parting Shot|p1b: Delphox
|-unboost|p1b: Delphox|atk|1
|-unboost|p1b: Delphox|spa|1
|
|t:|1783033774
|switch|p2b: Kingambit|Kingambit, L50, F|100/100|[from] Parting Shot
|
|upkeep
|turn|6
|
|t:|1783033787
|move|p1b: Delphox|Protect|p1b: Delphox
|-singleturn|p1b: Delphox|Protect
|move|p2b: Kingambit|Sucker Punch||[still]
|-fail|p2b: Kingambit
|move|p2a: Floette|Draining Kiss|p1a: Rotom
|-damage|p1a: Rotom|7/100
|-heal|p2a: Floette|87/100|[from] drain|[of] p1a: Rotom
|-enditem|p1a: Rotom|Sitrus Berry|[eat]
|-heal|p1a: Rotom|32/100|[from] item: Sitrus Berry
|move|p1a: Rotom|Will-O-Wisp|p2b: Kingambit|[miss]
|-miss|p1a: Rotom|p2b: Kingambit
|
|upkeep
|turn|7
|
|t:|1783033808
|switch|p1a: Sinistcha|Sinistcha, L50|100/100
|move|p1b: Delphox|Protect|p1b: Delphox
|-singleturn|p1b: Delphox|Protect
|move|p2a: Floette|Draining Kiss|p1a: Sinistcha
|-damage|p1a: Sinistcha|32/100
|-heal|p2a: Floette|100/100|[from] drain|[of] p1a: Sinistcha
|move|p2b: Kingambit|Kowtow Cleave|p1b: Delphox
|-activate|p1b: Delphox|move: Protect
|
|upkeep
|turn|8
|
|t:|1783033821
|move|p2b: Kingambit|Protect|p2b: Kingambit
|-singleturn|p2b: Kingambit|Protect
|move|p1a: Sinistcha|Rage Powder|p1a: Sinistcha
|-singleturn|p1a: Sinistcha|move: Rage Powder
|move|p1b: Delphox|Heat Wave|p2b: Kingambit|[spread] p2a
|-activate|p2b: Kingambit|move: Protect
|-damage|p2a: Floette|47/100
|move|p2a: Floette|Draining Kiss|p1a: Sinistcha
|-damage|p1a: Sinistcha|0 fnt
|-heal|p2a: Floette|73/100|[from] drain|[of] p1a: Sinistcha
|faint|p1a: Sinistcha
|
|upkeep
|
|t:|1783033829
|switch|p1a: Vivillon|Vivillon, L50, F|85/100
|turn|9
|
|t:|1783033849
|move|p2b: Kingambit|Sucker Punch|p1b: Delphox
|-supereffective|p1b: Delphox|1
|-damage|p1b: Delphox|0 fnt
|faint|p1b: Delphox
|move|p1a: Vivillon|Sleep Powder|p2b: Kingambit
|-status|p2b: Kingambit|slp|[from] move: Sleep Powder
|move|p2a: Floette|Dazzling Gleam|p1a: Vivillon
|-damage|p1a: Vivillon|0 fnt
|faint|p1a: Vivillon
|
|upkeep
|-message|lolgz forfeited.
|
|win|DAVID867
|raw|lolgz's rating: 1144 → 1121(-23 for losing)
|raw|DAVID867's rating: 1174 → 1197(+23 for winning)
