|j|â˜†zeranogamer147
|j|â˜†Gerecht
|html|zeranogamer147Gerecht    
|uhtml|bestof|Game 1 of a best-of-3
|t:|1782674439
|gametype|doubles
|player|p1|zeranogamer147|benga|
|player|p2|Gerecht|266|
|gen|9
|tier|[Gen 9 Champions] VGC 2026 Reg M-B (Bo3)
|rule|Species Clause: Limit one of each PokÃ©mon
|rule|Item Clause: Limit 1 of each item
|clearpoke
|poke|p1|Raichu, L50, F|
|poke|p1|Staraptor, L50, M|
|poke|p1|Garchomp, L50, M|
|poke|p1|Basculegion, L50, M|
|poke|p1|Incineroar, L50, F|
|poke|p1|Sinistcha, L50|
|poke|p2|Raichu, L50, M|
|poke|p2|Staraptor, L50, F|
|poke|p2|Garchomp, L50, M|
|poke|p2|Basculegion, L50, M|
|poke|p2|Incineroar, L50, M|
|poke|p2|Sinistcha, L50|
|teampreview|4
|showteam|p1|Raichu||RaichuniteY|LightningRod|Encore,ZapCannon,FocusBlast,Protect|Timid||F|||50|]Staraptor||Staraptite|Intimidate|CloseCombat,BraveBird,Whirlwind,Protect|Jolly||M|||50|]Garchomp||LifeOrb|RoughSkin|Earthquake,DragonClaw,RockSlide,Protect|Jolly||M|||50|]Basculegion||ChoiceScarf|Adaptability|WaveCrash,AquaJet,LastRespects,FlipTurn|Jolly||M|||50|]Incineroar||SitrusBerry|Intimidate|FlareBlitz,ThroatChop,PartingShot,FakeOut|Adamant||F|||50|]Sinistcha||ColburBerry|Hospitality|StrengthSap,LifeDew,RagePowder,MatchaGotcha|Bold|||||50|
|showteam|p2|Raichu||RaichuniteY|LightningRod|Encore,ZapCannon,FocusBlast,Protect|Timid||M|||50|]Staraptor||Staraptite|Intimidate|CloseCombat,BraveBird,Whirlwind,Protect|Jolly||F|||50|]Garchomp||LifeOrb|RoughSkin|Earthquake,DragonClaw,RockSlide,Protect|Jolly||M|||50|]Basculegion||ChoiceScarf|Adaptability|WaveCrash,AquaJet,LastRespects,FlipTurn|Jolly||M|||50|]Incineroar||ChopleBerry|Intimidate|FlareBlitz,ThroatChop,PartingShot,FakeOut|Careful||M|||50|]Sinistcha||SitrusBerry|Hospitality|StrengthSap,LifeDew,RagePowder,MatchaGotcha|Bold|||||50|
|c|â˜†zeranogamer147|gl
|
|t:|1782674514
|teamsize|p1|4
|teamsize|p2|4
|start
|switch|p1a: Staraptor|Staraptor, L50, M|100/100
|switch|p1b: Incineroar|Incineroar, L50, F|100/100
|switch|p2a: Staraptor|Staraptor, L50, F|100/100
|switch|p2b: Incineroar|Incineroar, L50, M|100/100
|-ability|p2a: Staraptor|Intimidate|boost
|-unboost|p1a: Staraptor|atk|1
|-unboost|p1b: Incineroar|atk|1
|-ability|p1a: Staraptor|Intimidate|boost
|-unboost|p2a: Staraptor|atk|1
|-unboost|p2b: Incineroar|atk|1
|-ability|p2b: Incineroar|Intimidate|boost
|-unboost|p1a: Staraptor|atk|1
|-unboost|p1b: Incineroar|atk|1
|-ability|p1b: Incineroar|Intimidate|boost
|-unboost|p2a: Staraptor|atk|1
|-unboost|p2b: Incineroar|atk|1
|turn|1
|inactive|Battle timer is ON: inactive players will automatically lose when time's up. (requested by Gerecht)
|inactive|Gerecht has 60 seconds left.
|
|t:|1782674561
|switch|p1a: Basculegion|Basculegion, L50, M|100/100
|detailschange|p2a: Staraptor|Staraptor-Mega, L50, F
|-mega|p2a: Staraptor|Staraptor|Staraptite
|move|p2b: Incineroar|Fake Out|p1a: Basculegion
|-immune|p1a: Basculegion
|move|p1b: Incineroar|Fake Out|p2b: Incineroar
|-damage|p2b: Incineroar|94/100
|move|p2a: Staraptor|Close Combat|p1b: Incineroar
|-supereffective|p1b: Incineroar|1
|-damage|p1b: Incineroar|45/100
|-boost|p2a: Staraptor|def|1
|-boost|p2a: Staraptor|spd|1
|-enditem|p1b: Incineroar|Sitrus Berry|[eat]
|-heal|p1b: Incineroar|70/100|[from] item: Sitrus Berry
|
|upkeep
|turn|2
|inactive|zeranogamer147 has 30 seconds left.
|inactive|Gerecht has 30 seconds left.
|inactive|zeranogamer147 has 20 seconds left.
|inactive|zeranogamer147 has 15 seconds left.
|
|t:|1782674604
|move|p1a: Basculegion|Wave Crash|p2b: Incineroar
|-supereffective|p2b: Incineroar|1
|-damage|p2b: Incineroar|0 fnt
|faint|p2b: Incineroar
|-damage|p1a: Basculegion|68/100|[from] Recoil
|move|p2a: Staraptor|Close Combat|p1b: Incineroar
|-supereffective|p1b: Incineroar|1
|-damage|p1b: Incineroar|9/100
|-boost|p2a: Staraptor|def|1
|-boost|p2a: Staraptor|spd|1
|move|p1b: Incineroar|Throat Chop|p2a: Staraptor
|-resisted|p2a: Staraptor|1
|-damage|p2a: Staraptor|95/100
|-start|p2a: Staraptor|Throat Chop|[silent]
|
|upkeep
|
|t:|1782674621
|switch|p2b: Sinistcha|Sinistcha, L50|100/100
|-heal|p2a: Staraptor|100/100|[from] ability: Hospitality|[of] p2b: Sinistcha
|turn|3
|
|t:|1782674643
|switch|p1a: Staraptor|Staraptor, L50, M|100/100
|-ability|p1a: Staraptor|Intimidate|boost
|-boost|p2a: Staraptor|atk|1
|-unboost|p2b: Sinistcha|atk|1
|move|p2a: Staraptor|Close Combat|p1b: Incineroar
|-supereffective|p1b: Incineroar|1
|-damage|p1b: Incineroar|0 fnt
|-boost|p2a: Staraptor|def|1
|-boost|p2a: Staraptor|spd|1
|faint|p1b: Incineroar
|move|p2b: Sinistcha|Strength Sap|p2a: Staraptor
|-boost|p2a: Staraptor|atk|1
|
|-end|p2a: Staraptor|Throat Chop|[silent]
|upkeep
|
|t:|1782674654
|switch|p1b: Raichu|Raichu, L50, F|100/100
|turn|4
|inactive|Gerecht has 30 seconds left.
|inactive|Gerecht has 20 seconds left.
|inactive|Gerecht has 15 seconds left.
|
|t:|1782674698
|move|p1b: Raichu|Protect|p1b: Raichu
|-singleturn|p1b: Raichu|Protect
|move|p2b: Sinistcha|Rage Powder|p2b: Sinistcha
|-singleturn|p2b: Sinistcha|move: Rage Powder
|move|p2a: Staraptor|Brave Bird|p1a: Staraptor
|-damage|p1a: Staraptor|6/100
|-damage|p2a: Staraptor|72/100|[from] Recoil
|move|p1a: Staraptor|Brave Bird|p2b: Sinistcha
|-supereffective|p2b: Sinistcha|1
|-damage|p2b: Sinistcha|0 fnt
|faint|p2b: Sinistcha
|-damage|p1a: Staraptor|0 fnt|[from] Recoil
|faint|p1a: Staraptor
|
|upkeep
|
|t:|1782674715
|switch|p1a: Basculegion|Basculegion, L50, M|68/100
|switch|p2b: Basculegion|Basculegion, L50, M|100/100
|turn|5
|c|â˜†zeranogamer147|speed tie
|c|â˜†zeranogamer147|mmm
|inactive|zeranogamer147 has 30 seconds left.
|
|t:|1782674748
|detailschange|p1b: Raichu|Raichu-Mega-Y, L50, F
|-mega|p1b: Raichu|Raichu|Raichunite Y
|move|p2b: Basculegion|Last Respects|p1a: Basculegion
|-supereffective|p1a: Basculegion|1
|-damage|p1a: Basculegion|0 fnt
|faint|p1a: Basculegion
|move|p1b: Raichu|Zap Cannon|p2b: Basculegion
|-supereffective|p2b: Basculegion|1
|-damage|p2b: Basculegion|0 fnt
|faint|p2b: Basculegion
|move|p2a: Staraptor|Close Combat|p1b: Raichu
|-damage|p1b: Raichu|0 fnt
|-boost|p2a: Staraptor|def|1
|-boost|p2a: Staraptor|spd|1
|faint|p1b: Raichu
|
|win|Gerecht
|c|â˜†zeranogamer147|oki
|inactive|zeranogamer147 has 30 seconds to confirm battle start!
|inactive|Gerecht has 30 seconds to confirm battle start!
|c|â˜†Gerecht|bien
||Gerecht is ready for game 2.
|inactive|zeranogamer147 has 20 seconds to confirm battle start!
||zeranogamer147 is ready for game 2.
|uhtml|next|Next: Game 2 of 3
|l|â˜†Gerecht
|player|p2|
