|j|☆STL Donductor
|j|☆inoshikacho2
|html|STL Donductorinoshikacho2    
|uhtml|bestof|Game 3 of a best-of-3
|t:|1756434112
|gametype|doubles
|player|p1|STL Donductor|hilbert|1250
|player|p2|inoshikacho2|265|1381
|gen|9
|tier|[Gen 9] VGC 2025 Reg H (Bo3)
|rated|
|rule|Species Clause: Limit one of each Pokémon
|rule|Item Clause: Limit 1 of each item
|clearpoke
|poke|p1|Weezing-Galar, L50, M|
|poke|p1|Toedscruel, L50, F|
|poke|p1|Kilowattrel, L50, M|
|poke|p1|Garchomp, L50, M|
|poke|p1|Corviknight, L50, M|
|poke|p1|Typhlosion-Hisui, L50, M|
|poke|p2|Pelipper, L50, F|
|poke|p2|Archaludon, L50, F|
|poke|p2|Sinistcha, L50|
|poke|p2|Ursaluna, L50, M|
|poke|p2|Dragonite, L50, M|
|poke|p2|Incineroar, L50, M|
|teampreview|4
|showteam|p1|Weezing-Galar||ChoiceSpecs|NeutralizingGas|StrangeSteam,SludgeBomb,DazzlingGleam,Flamethrower|||M|||50|,,,,,Water]Toedscruel||CovertCloak|MyceliumMight|Spore,RagePowder,AcidSpray,EarthPower|||F|||50|,,,,,Water]Kilowattrel||FocusSash|Competitive|Discharge,AirSlash,Tailwind,Protect|||M|||50|,,,,,Ghost]Garchomp||LifeOrb|RoughSkin|Earthquake,DragonClaw,StompingTantrum,Protect|||M|||50|,,,,,Ground]Corviknight||SitrusBerry|MirrorArmor|BraveBird,Roost,Taunt,Protect|||M|||50|,,,,,Dragon]Typhlosion-Hisui||ChoiceScarf|Blaze|Eruption,HeatWave,ShadowBall,WillOWisp|||M|||50|,,,,,Fire
|showteam|p2|Pelipper||FocusSash|Drizzle|MuddyWater,Hurricane,Protect,Tailwind|||F|||50|,,,,,Ground]Archaludon||AssaultVest|Stamina|FlashCannon,BodyPress,ElectroShot,Snarl|||F|||50|,,,,,Bug]Sinistcha||SitrusBerry|Hospitality|MatchaGotcha,LifeDew,RagePowder,TrickRoom||||||50|,,,,,Dark]Ursaluna||FlameOrb|Guts|Protect,Facade,HeadlongRush,Earthquake|||M|||50|,,,,,Ghost]Dragonite||LoadedDice|Multiscale|Protect,ScaleShot,Haze,Tailwind|||M|||50|,,,,,Fairy]Incineroar||SafetyGoggles|Intimidate|FakeOut,PartingShot,KnockOff,FlareBlitz|||M|||50|,,,,,Ghost
|inactive|Battle timer is ON: inactive players will automatically lose when time's up. (requested by STL Donductor)
|
|t:|1756434132
|teamsize|p1|4
|teamsize|p2|4
|start
|switch|p1a: Oleander|Weezing-Galar, L50, M, shiny|100/100
|switch|p1b: Mirkwood|Toedscruel, L50, F, shiny|100/100
|switch|p2a: Ursaluna|Ursaluna, L50, M|100/100
|switch|p2b: Dragonite|Dragonite, L50, M|100/100
|-ability|p1a: Oleander|Neutralizing Gas
|turn|1
|inactive|STL Donductor has 30 seconds left.
|inactive|inoshikacho2 has 30 seconds left.
|inactive|STL Donductor has 20 seconds left.
|inactive|inoshikacho2 has 20 seconds left.
|inactive|STL Donductor has 15 seconds left.
|inactive|inoshikacho2 has 15 seconds left.
|inactive|STL Donductor has 10 seconds left.
|inactive|STL Donductor has 5 seconds left.
|
|t:|1756434185
|move|p2b: Dragonite|Protect|p2b: Dragonite
|-singleturn|p2b: Dragonite|Protect
|move|p2a: Ursaluna|Protect|p2a: Ursaluna
|-singleturn|p2a: Ursaluna|Protect
|move|p1b: Mirkwood|Spore|p2b: Dragonite
|-activate|p2b: Dragonite|move: Protect
|move|p1a: Oleander|Strange Steam|p2a: Ursaluna
|-activate|p2a: Ursaluna|move: Protect
|
|-status|p2a: Ursaluna|brn|[from] item: Flame Orb
|upkeep
|turn|2
|inactive|STL Donductor has 30 seconds left.
|inactive|STL Donductor has 20 seconds left.
|inactive|STL Donductor has 15 seconds left.
|
|t:|1756434229
|switch|p2b: Incineroar|Incineroar, L50, M|100/100
|move|p1b: Mirkwood|Acid Spray|p2a: Ursaluna
|-resisted|p2a: Ursaluna
|-damage|p2a: Ursaluna|97/100 brn
|-unboost|p2a: Ursaluna|spd|2
|move|p2a: Ursaluna|Facade|p1a: Oleander
|-damage|p1a: Oleander|19/100
|move|p1a: Oleander|Strange Steam|p2a: Ursaluna
|-damage|p2a: Ursaluna|0 fnt
|faint|p2a: Ursaluna
|
|upkeep
|inactive|inoshikacho2 has 30 seconds left.
|
|t:|1756434261
|switch|p2a: Dragonite|Dragonite, L50, M|100/100
|turn|3
|inactive|STL Donductor has 30 seconds left.
|inactive|inoshikacho2 has 30 seconds left.
|inactive|inoshikacho2 has 20 seconds left.
|
|t:|1756434299
|-end|p1a: Oleander|ability: Neutralizing Gas
|-ability|p2b: Incineroar|Intimidate|boost
|-unboost|p1a: Oleander|atk|1
|-unboost|p1b: Mirkwood|atk|1
|switch|p1a: Voltaire|Kilowattrel, L50, M|100/100
|-terastallize|p1b: Mirkwood|Water
|move|p1b: Mirkwood|Spore|p2a: Dragonite
|-status|p2a: Dragonite|slp|[from] move: Spore
|cant|p2a: Dragonite|slp
|move|p2b: Incineroar|Flare Blitz|p1a: Voltaire
|-damage|p1a: Voltaire|22/100
|-damage|p2b: Incineroar|81/100|[from] Recoil
|
|upkeep
|turn|4
|inactive|STL Donductor has 30 seconds left.
|
|t:|1756434325
|-terastallize|p2b: Incineroar|Ghost
|move|p1a: Voltaire|Discharge|p2a: Dragonite|[spread] p1b,p2a,p2b
|-supereffective|p1b: Mirkwood
|-damage|p1b: Mirkwood|49/100
|-damage|p2a: Dragonite|84/100 slp
|-damage|p2b: Incineroar|59/100
|move|p1b: Mirkwood|Earth Power|p2b: Incineroar
|-damage|p2b: Incineroar|35/100
|cant|p2a: Dragonite|slp
|move|p2b: Incineroar|Knock Off|p1a: Voltaire
|-damage|p1a: Voltaire|0 fnt
|-enditem|p1a: Voltaire|Focus Sash|[from] move: Knock Off|[of] p2b: Incineroar
|faint|p1a: Voltaire
|
|upkeep
|
|t:|1756434341
|switch|p1a: Greyscale|Garchomp, L50, M|100/100
|turn|5
|inactive|STL Donductor has 30 seconds left.
|
|t:|1756434368
|switch|p2b: Pelipper|Pelipper, L50, F|100/100
|-weather|RainDance|[from] ability: Drizzle|[of] p2b: Pelipper
|cant|p2a: Dragonite|slp
|move|p1b: Mirkwood|Rage Powder|p1b: Mirkwood
|-singleturn|p1b: Mirkwood|move: Rage Powder
|move|p1a: Greyscale|Dragon Claw|p2a: Dragonite
|-supereffective|p2a: Dragonite
|-damage|p2a: Dragonite|0 fnt
|faint|p2a: Dragonite
|-damage|p1a: Greyscale|91/100|[from] item: Life Orb
|
|-weather|RainDance|[upkeep]
|upkeep
|
|t:|1756434376
|switch|p2a: Incineroar|Incineroar, L50, M, tera:Ghost|35/100
|-ability|p2a: Incineroar|Intimidate|boost
|-unboost|p1a: Greyscale|atk|1
|-unboost|p1b: Mirkwood|atk|1
|turn|6
|inactive|STL Donductor has 30 seconds left.
|inactive|STL Donductor has 20 seconds left.
|
|t:|1756434413
|move|p1a: Greyscale|Protect|p1a: Greyscale
|-singleturn|p1a: Greyscale|Protect
|move|p2b: Pelipper|Protect|p2b: Pelipper
|-singleturn|p2b: Pelipper|Protect
|move|p1b: Mirkwood|Acid Spray|p2b: Pelipper
|-activate|p2b: Pelipper|move: Protect
|move|p2a: Incineroar|Knock Off|p1b: Mirkwood
|-damage|p1b: Mirkwood|3/100
|-enditem|p1b: Mirkwood|Covert Cloak|[from] move: Knock Off|[of] p2a: Incineroar
|
|-weather|RainDance|[upkeep]
|upkeep
|turn|7
|inactive|STL Donductor has 30 seconds left.
|inactive|inoshikacho2 has 30 seconds left.
|inactive|STL Donductor has 20 seconds left.
|inactive|STL Donductor has 15 seconds left.
|inactive|STL Donductor has 10 seconds left.
|inactive|STL Donductor has 5 seconds left.
|
|t:|1756434463
|switch|p1a: Oleander|Weezing-Galar, L50, M, shiny|19/100
|-ability|p1a: Oleander|Neutralizing Gas
|move|p2b: Pelipper|Muddy Water|p1a: Oleander|[spread] p1b
|-miss|p2b: Pelipper|p1a: Oleander
|-resisted|p1b: Mirkwood
|-damage|p1b: Mirkwood|0 fnt
|faint|p1b: Mirkwood
|move|p2a: Incineroar|Knock Off|p1a: Oleander
|-resisted|p1a: Oleander
|-damage|p1a: Oleander|0 fnt
|-enditem|p1a: Oleander|Choice Specs|[from] move: Knock Off|[of] p2a: Incineroar
|faint|p1a: Oleander
|-end|p1a: Oleander|ability: Neutralizing Gas
|
|-weather|RainDance|[upkeep]
|upkeep
|
|t:|1756434474
|switch|p1a: Greyscale|Garchomp, L50, M|91/100
|turn|8
|-message|STL Donductor forfeited.
|
|win|inoshikacho2
|raw|STL Donductor's rating: 1250 → 1234(-16 for losing)
|raw|inoshikacho2's rating: 1381 → 1394(+13 for winning)
