|j|☆zuke2026
|j|☆brokexf
|html|zuke2026brokexf    
|uhtml|bestof|Game 2 of a best-of-3
|t:|1785714893
|gametype|doubles
|player|p1|zuke2026|doctor|
|player|p2|brokexf|170|
|gen|9
|tier|[Gen 9 Champions] VGC 2026 Reg M-B (Bo3)
|rule|Species Clause: Limit one of each Pokémon
|rule|Item Clause: Limit 1 of each item
|clearpoke
|poke|p1|Pelipper, L50, F|
|poke|p1|Swampert, L50, F, shiny|
|poke|p1|Froslass, L50, F|
|poke|p1|Liepard, L50, M|
|poke|p1|Hydreigon, L50, M|
|poke|p1|Beartic, L50, M|
|poke|p2|Floette-Eternal, L50, F|
|poke|p2|Sableye, L50, F, shiny|
|poke|p2|Espathra, L50, M|
|poke|p2|Ceruledge, L50, M, shiny|
|poke|p2|Raichu, L50, F|
|poke|p2|Annihilape, L50, F|
|teampreview|4
|showteam|p1|Pelipper||FocusSash|Drizzle|Protect,WeatherBall,Hurricane,Tailwind|Modest||F|||50|]Swampert||Swampertite|Torrent|WaveCrash,Earthquake,IcePunch,Protect|Adamant||F|||50|]Froslass||Froslassite|CursedBody|AuroraVeil,Blizzard,ShadowBall,Protect|Timid||F|||50|]Liepard||FocusBand|Prankster|FakeOut,Encore,Taunt,Protect|Impish||M|||50|]Hydreigon||ChoiceScarf|Levitate|DracoMeteor,DarkPulse,Uturn,Snarl|Timid||M|||50|]Beartic||LifeOrb|SlushRush|IcicleCrash,RockSlide,CloseCombat,Protect|Adamant||M|||50|
|showteam|p2|Floette-Eternal||Floettite|FlowerVeil|Moonblast,DazzlingGleam,CalmMind,Protect|Modest||F|||50|]Sableye||LightClay|Prankster|FoulPlay,RainDance,Reflect,LightScreen|Calm||F|||50|]Espathra||Leftovers|SpeedBoost|CalmMind,StoredPower,Protect,BatonPass|Timid||M|||50|]Ceruledge||ColburBerry|WeakArmor|BitterBlade,ShadowClaw,CloseCombat,Protect|Impish||M|||50|]Raichu||RaichuniteY|LightningRod|FakeOut,ZapCannon,FocusBlast,Protect|Timid||F|||50|]Annihilape||LifeOrb|InnerFocus|CloseCombat,PoisonJab,RockSlide,Protect|Jolly||F|||50|
|
|t:|1785714936
|teamsize|p1|4
|teamsize|p2|4
|start
|switch|p1a: Jubjub|Pelipper, L50, F|100/100
|switch|p1b: Bandersnatch|Swampert, L50, F, shiny|100/100
|switch|p2a: Sableye|Sableye, L50, F, shiny|100/100
|switch|p2b: Espathra|Espathra, L50, M|100/100
|-weather|RainDance|[from] ability: Drizzle|[of] p1a: Jubjub
|turn|1
|
|t:|1785714980
|detailschange|p1b: Bandersnatch|Swampert-Mega, L50, F, shiny
|-mega|p1b: Bandersnatch|Swampert|Swampertite
|move|p2a: Sableye|Reflect|p2a: Sableye
|-sidestart|p2: brokexf|Reflect
|move|p1b: Bandersnatch|Earthquake|p2b: Espathra|[spread] p2a,p2b
|-immune|p1a: Jubjub
|-damage|p2a: Sableye|64/100
|-damage|p2b: Espathra|61/100
|move|p2b: Espathra|Calm Mind|p2b: Espathra
|-boost|p2b: Espathra|spa|1
|-boost|p2b: Espathra|spd|1
|move|p1a: Jubjub|Hurricane|p2b: Espathra
|-damage|p2b: Espathra|18/100
|
|-weather|RainDance|[upkeep]
|-heal|p2b: Espathra|25/100|[from] item: Leftovers
|-ability|p2b: Espathra|Speed Boost|boost
|-boost|p2b: Espathra|spe|1
|upkeep
|turn|2
|
|t:|1785715003
|move|p2b: Espathra|Protect|p2b: Espathra
|-singleturn|p2b: Espathra|Protect
|move|p1b: Bandersnatch|Wave Crash|p2b: Espathra
|-activate|p2b: Espathra|move: Protect
|move|p1a: Jubjub|Hurricane|p2b: Espathra
|-activate|p2b: Espathra|move: Protect
|move|p2a: Sableye|Foul Play|p1b: Bandersnatch
|-damage|p1b: Bandersnatch|43/100
|
|-weather|RainDance|[upkeep]
|-heal|p2b: Espathra|31/100|[from] item: Leftovers
|-ability|p2b: Espathra|Speed Boost|boost
|-boost|p2b: Espathra|spe|1
|upkeep
|turn|3
|
|t:|1785715036
|move|p2b: Espathra|Stored Power|p1a: Jubjub
|-damage|p1a: Jubjub|5/100
|move|p1b: Bandersnatch|Wave Crash|p2b: Espathra
|-damage|p2b: Espathra|0 fnt
|faint|p2b: Espathra
|-damage|p1b: Bandersnatch|33/100|[from] Recoil
|move|p1a: Jubjub|Hurricane|p2a: Sableye
|-damage|p2a: Sableye|1/100
|move|p2a: Sableye|Foul Play|p1b: Bandersnatch
|-damage|p1b: Bandersnatch|0 fnt
|faint|p1b: Bandersnatch
|
|-weather|RainDance|[upkeep]
|upkeep
|
|t:|1785715100
|switch|p2b: Floette|Floette-Eternal, L50, F|100/100
|switch|p1b: Jabberwock|Hydreigon, L50, M|100/100
|turn|4
|
|t:|1785715126
|switch|p1b: Chesire|Liepard, L50, M|100/100
|detailschange|p2b: Floette|Floette-Mega, L50, F
|-mega|p2b: Floette|Floette|Floettite
|-ability|p2b: Floette|Fairy Aura
|move|p2a: Sableye|Light Screen|p2a: Sableye
|-sidestart|p2: brokexf|move: Light Screen
|move|p2b: Floette|Dazzling Gleam|p1b: Chesire|[spread] p1a,p1b
|-supereffective|p1b: Chesire|1
|-damage|p1a: Jubjub|0 fnt
|-activate|p1b: Chesire|item: Focus Band
|-damage|p1b: Chesire|1/100
|faint|p1a: Jubjub
|
|-weather|RainDance|[upkeep]
|upkeep
|
|t:|1785715137
|switch|p1a: Jabberwock|Hydreigon, L50, M|100/100
|turn|5
|
|t:|1785715156
|move|p2b: Floette|Protect|p2b: Floette
|-singleturn|p2b: Floette|Protect
|move|p1b: Chesire|Fake Out|p2a: Sableye
|-immune|p2a: Sableye
|move|p1a: Jabberwock|Dark Pulse|p2b: Floette
|-activate|p2b: Floette|move: Protect
|move|p2a: Sableye|Foul Play|p1a: Jabberwock
|-resisted|p1a: Jabberwock|1
|-damage|p1a: Jabberwock|82/100
|
|-weather|none
|upkeep
|turn|6
|
|t:|1785715171
|move|p1b: Chesire|Encore|p2b: Floette
|-start|p2b: Floette|Encore
|move|p2b: Floette|Protect||[still]
|-fail|p2b: Floette
|move|p1a: Jabberwock|Dark Pulse|p2a: Sableye
|-damage|p2a: Sableye|0 fnt
|faint|p2a: Sableye
|
|upkeep
|
|t:|1785715182
|switch|p2a: Annihilape|Annihilape, L50, F|100/100
|turn|7
|
|t:|1785715201
|move|p2b: Floette|Protect|p2b: Floette
|-singleturn|p2b: Floette|Protect
|move|p1b: Chesire|Taunt|p2a: Annihilape
|-start|p2a: Annihilape|move: Taunt
|move|p1a: Jabberwock|Dark Pulse|p2a: Annihilape
|-damage|p2a: Annihilape|72/100
|move|p2a: Annihilape|Rock Slide|p1a: Jabberwock|[spread] p1a,p1b
|-damage|p1a: Jabberwock|54/100
|-damage|p1b: Chesire|0 fnt
|faint|p1b: Chesire
|-damage|p2a: Annihilape|62/100|[from] item: Life Orb
|
|upkeep
|turn|8
|
|t:|1785715224
|move|p2b: Floette|Protect|p2b: Floette
|-singleturn|p2b: Floette|Protect
|move|p1a: Jabberwock|Dark Pulse|p2a: Annihilape
|-damage|p2a: Annihilape|35/100
|move|p2a: Annihilape|Close Combat|p1a: Jabberwock
|-supereffective|p1a: Jabberwock|1
|-damage|p1a: Jabberwock|0 fnt
|-unboost|p2a: Annihilape|def|1
|-unboost|p2a: Annihilape|spd|1
|faint|p1a: Jabberwock
|-damage|p2a: Annihilape|26/100|[from] item: Life Orb
|
|win|brokexf
