|j|☆natsukivgc
|j|‽undershucklee
|html|natsukivgcundershucklee    
|uhtml|bestof|Game 2 of a best-of-3
|t:|1785946309
|gametype|doubles
|player|p1|natsukivgc|265|1191
|player|p2|undershucklee|elesa|1214
|gen|9
|tier|[Gen 9 Champions] VGC 2026 Reg M-B (Bo3)
|rated|
|rule|Species Clause: Limit one of each Pokémon
|rule|Item Clause: Limit 1 of each item
|clearpoke
|poke|p1|Hydreigon, L50, M|
|poke|p1|Garchomp, L50, M|
|poke|p1|Metagross, L50|
|poke|p1|Charizard, L50, F|
|poke|p1|Grimmsnarl, L50, M|
|poke|p1|Toxapex, L50, F|
|poke|p2|Blaziken, L50, F|
|poke|p2|Kingambit, L50, M|
|poke|p2|Sinistcha, L50|
|poke|p2|Raichu, L50, M|
|poke|p2|Incineroar, L50, F|
|poke|p2|Garchomp, L50, M|
|teampreview|4
|showteam|p1|Hydreigon||ChoiceScarf|Levitate|HeatWave,DarkPulse,DracoMeteor,Snarl|Modest||M|||50|]Garchomp||SitrusBerry|RoughSkin|Earthquake,RockSlide,DragonClaw,Protect|Adamant||M|||50|]Metagross||Metagrossite|ClearBody|IronHead,HammerArm,BulletPunch,Protect|Adamant|||||50|]Charizard||CharizarditeY|Blaze|Protect,HeatWave,SolarBeam,WeatherBall|Timid||F|||50|]Grimmsnarl||RoseliBerry|Prankster|FakeOut,FoulPlay,Reflect,PartingShot|Sassy||M|||50|]Toxapex||Leftovers|Regenerator|Infestation,Toxic,BanefulBunker,WideGuard|Bold||F|||50|
|showteam|p2|Blaziken||Blazikenite|SpeedBoost|CloseCombat,FlareBlitz,RockSlide,Protect|Adamant||F|||50|]Kingambit||FocusSash|Defiant|SuckerPunch,KowtowCleave,IronHead,LowKick|Adamant||M|||50|]Sinistcha||Leftovers|Hospitality|MatchaGotcha,LifeDew,RagePowder,TrickRoom|Calm|||||50|]Raichu||RaichuniteY|LightningRod|FakeOut,ZapCannon,FocusBlast,Protect|Timid||M|||50|]Incineroar||SitrusBerry|Intimidate|FlareBlitz,FakeOut,ThroatChop,PartingShot|Impish||F|||50|]Garchomp||LifeOrb|RoughSkin|Earthquake,DragonClaw,RockSlide,Protect|Jolly||M|||50|
|inactive|Battle timer is ON: inactive players will automatically lose when time's up. (requested by undershucklee)
|inactive|natsukivgc has 60 seconds left.
|
|t:|1785946340
|teamsize|p1|4
|teamsize|p2|4
|start
|switch|p1a: Garchomp|Garchomp, L50, M|100/100
|switch|p1b: Grimmsnarl|Grimmsnarl, L50, M|100/100
|switch|p2a: Raichu|Raichu, L50, M|100/100
|switch|p2b: Sinistcha|Sinistcha, L50|100/100
|turn|1
|inactive|natsukivgc has 30 seconds left.
|inactive|undershucklee has 30 seconds left.
|inactive|undershucklee has 20 seconds left.
|inactive|natsukivgc has 20 seconds left.
|inactive|undershucklee has 15 seconds left.
|inactive|natsukivgc has 15 seconds left.
|inactive|natsukivgc has 10 seconds left.
|
|t:|1785946393
|move|p2a: Raichu|Protect|p2a: Raichu
|-singleturn|p2a: Raichu|Protect
|move|p1a: Garchomp|Rock Slide|p2b: Sinistcha|[spread] 
|-activate|p2a: Raichu|move: Protect
|-miss|p1a: Garchomp|p2b: Sinistcha
|move|p2b: Sinistcha|Matcha Gotcha|p1b: Grimmsnarl|[spread] p1a
|-miss|p2b: Sinistcha|p1b: Grimmsnarl
|-damage|p1a: Garchomp|77/100
|move|p1b: Grimmsnarl|Foul Play|p2b: Sinistcha
|-supereffective|p2b: Sinistcha|1
|-damage|p2b: Sinistcha|66/100
|
|-heal|p2b: Sinistcha|72/100|[from] item: Leftovers
|upkeep
|turn|2
|inactive|natsukivgc has 30 seconds left.
|inactive|undershucklee has 30 seconds left.
|
|t:|1785946421
|switch|p2a: Kingambit|Kingambit, L50, M|100/100
|move|p1b: Grimmsnarl|Parting Shot|p2a: Kingambit
|-hint|Since gen 7, Dark is immune to Prankster moves.
|-immune|p2a: Kingambit
|move|p1a: Garchomp|Rock Slide|p2b: Sinistcha|[spread] p2a,p2b
|-resisted|p2a: Kingambit|1
|-damage|p2a: Kingambit|93/100
|-damage|p2b: Sinistcha|56/100
|cant|p2b: Sinistcha|flinch
|
|-heal|p2b: Sinistcha|62/100|[from] item: Leftovers
|upkeep
|turn|3
|inactive|natsukivgc has 30 seconds left.
|inactive|natsukivgc has 20 seconds left.
|inactive|natsukivgc has 15 seconds left.
|
|t:|1785946463
|move|p1b: Grimmsnarl|Reflect|p1b: Grimmsnarl
|-sidestart|p1: natsukivgc|Reflect
|move|p2a: Kingambit|Sucker Punch|p1a: Garchomp
|-damage|p1a: Garchomp|51/100
|-damage|p2a: Kingambit|81/100|[from] ability: Rough Skin|[of] p1a: Garchomp
|move|p1a: Garchomp|Earthquake|p2b: Sinistcha|[spread] p1b,p2a,p2b
|-supereffective|p2a: Kingambit|1
|-resisted|p2b: Sinistcha|1
|-damage|p1b: Grimmsnarl|76/100
|-damage|p2a: Kingambit|19/100
|-damage|p2b: Sinistcha|45/100
|move|p2b: Sinistcha|Trick Room|p2b: Sinistcha
|-fieldstart|move: Trick Room|[of] p2b: Sinistcha
|
|-heal|p2b: Sinistcha|51/100|[from] item: Leftovers
|upkeep
|turn|4
|inactive|natsukivgc has 30 seconds left.
|inactive|undershucklee has 30 seconds left.
|
|t:|1785946497
|move|p1b: Grimmsnarl|Parting Shot|p2b: Sinistcha
|-unboost|p2b: Sinistcha|atk|1
|-unboost|p2b: Sinistcha|spa|1
|
|t:|1785946501
|switch|p1b: Toxapex|Toxapex, L50, F|100/100|[from] Parting Shot
|move|p2a: Kingambit|Kowtow Cleave|p1a: Garchomp
|-damage|p1a: Garchomp|24/100
|-damage|p2a: Kingambit|7/100|[from] ability: Rough Skin|[of] p1a: Garchomp
|-enditem|p1a: Garchomp|Sitrus Berry|[eat]
|-heal|p1a: Garchomp|49/100|[from] item: Sitrus Berry
|move|p2b: Sinistcha|Matcha Gotcha|p1b: Toxapex|[spread] p1a,p1b
|-damage|p1a: Garchomp|34/100
|-heal|p2b: Sinistcha|60/100|[from] drain|[of] p1a: Garchomp
|-damage|p1b: Toxapex|86/100
|-heal|p2b: Sinistcha|66/100|[from] drain|[of] p1b: Toxapex
|move|p1a: Garchomp|Earthquake|p2b: Sinistcha|[spread] p1b,p2a,p2b
|-supereffective|p1b: Toxapex|1
|-supereffective|p2a: Kingambit|1
|-resisted|p2b: Sinistcha|1
|-damage|p1b: Toxapex|52/100
|-damage|p2a: Kingambit|0 fnt
|-damage|p2b: Sinistcha|49/100
|faint|p2a: Kingambit
|
|-heal|p1b: Toxapex|58/100|[from] item: Leftovers
|-heal|p2b: Sinistcha|55/100|[from] item: Leftovers
|upkeep
|
|t:|1785946523
|switch|p2a: Garchomp|Garchomp, L50, M|100/100
|turn|5
|
|t:|1785946546
|move|p2a: Garchomp|Protect|p2a: Garchomp
|-singleturn|p2a: Garchomp|Protect
|move|p1b: Toxapex|Toxic|p2a: Garchomp
|-activate|p2a: Garchomp|move: Protect
|move|p2b: Sinistcha|Matcha Gotcha|p1a: Garchomp|[spread] p1a,p1b
|-damage|p1a: Garchomp|20/100y
|-heal|p2b: Sinistcha|64/100|[from] drain|[of] p1a: Garchomp
|-damage|p1b: Toxapex|46/100
|-heal|p2b: Sinistcha|70/100|[from] drain|[of] p1b: Toxapex
|move|p1a: Garchomp|Dragon Claw|p2a: Garchomp
|-activate|p2a: Garchomp|move: Protect
|
|-heal|p1b: Toxapex|52/100|[from] item: Leftovers
|-heal|p2b: Sinistcha|76/100|[from] item: Leftovers
|upkeep
|turn|6
|
|t:|1785946569
|move|p2b: Sinistcha|Rage Powder|p2b: Sinistcha
|-singleturn|p2b: Sinistcha|move: Rage Powder
|move|p1b: Toxapex|Toxic|p2b: Sinistcha
|-status|p2b: Sinistcha|tox
|move|p1a: Garchomp|Dragon Claw|p2b: Sinistcha
|-damage|p2b: Sinistcha|39/100 tox
|move|p2a: Garchomp|Dragon Claw|p1b: Toxapex
|-damage|p1b: Toxapex|29/100
|-damage|p2a: Garchomp|90/100|[from] item: Life Orb
|
|-heal|p1b: Toxapex|35/100|[from] item: Leftovers
|-heal|p2b: Sinistcha|45/100 tox|[from] item: Leftovers
|-damage|p2b: Sinistcha|39/100 tox|[from] psn
|upkeep
|turn|7
|inactive|natsukivgc has 30 seconds left.
|
|t:|1785946594
|-heal|p1b: Toxapex|68/100|[from] ability: Regenerator|[silent]
|switch|p1b: Grimmsnarl|Grimmsnarl, L50, M|76/100
|move|p2a: Garchomp|Protect|p2a: Garchomp
|-singleturn|p2a: Garchomp|Protect
|move|p2b: Sinistcha|Matcha Gotcha|p1b: Grimmsnarl|[spread] p1a,p1b
|-damage|p1a: Garchomp|4/100
|-heal|p2b: Sinistcha|48/100 tox|[from] drain|[of] p1a: Garchomp
|-damage|p1b: Grimmsnarl|61/100
|-heal|p2b: Sinistcha|57/100 tox|[from] drain|[of] p1b: Grimmsnarl
|move|p1a: Garchomp|Earthquake|p2a: Garchomp|[spread] p1b,p2b
|-activate|p2a: Garchomp|move: Protect
|-resisted|p2b: Sinistcha|1
|-damage|p1b: Grimmsnarl|37/100
|-damage|p2b: Sinistcha|40/100 tox
|
|-heal|p2b: Sinistcha|46/100 tox|[from] item: Leftovers
|-damage|p2b: Sinistcha|34/100 tox|[from] psn
|-sideend|p1: natsukivgc|Reflect
|-fieldend|move: Trick Room
|upkeep
|turn|8
|inactive|natsukivgc has 30 seconds left.
|inactive|natsukivgc has 20 seconds left.
|inactive|natsukivgc has 15 seconds left.
|
|t:|1785946635
|switch|p2a: Raichu|Raichu, L50, M|100/100
|move|p2b: Sinistcha|Rage Powder|p2b: Sinistcha
|-singleturn|p2b: Sinistcha|move: Rage Powder
|move|p1b: Grimmsnarl|Reflect|p1b: Grimmsnarl
|-sidestart|p1: natsukivgc|Reflect
|move|p1a: Garchomp|Dragon Claw|p2b: Sinistcha
|-damage|p2b: Sinistcha|1/100 tox
|
|-heal|p2b: Sinistcha|6/100 tox|[from] item: Leftovers
|-damage|p2b: Sinistcha|0 fnt|[from] psn
|faint|p2b: Sinistcha
|upkeep
|
|t:|1785946646
|switch|p2b: Garchomp|Garchomp, L50, M|90/100
|turn|9
|inactive|natsukivgc has 30 seconds left.
|inactive|undershucklee has 30 seconds left.
|
|t:|1785946691
|detailschange|p2a: Raichu|Raichu-Mega-Y, L50, M
|-mega|p2a: Raichu|Raichu|Raichunite Y
|move|p1a: Garchomp|Protect|p1a: Garchomp
|-singleturn|p1a: Garchomp|Protect
|move|p1b: Grimmsnarl|Parting Shot|p2a: Raichu
|-unboost|p2a: Raichu|atk|1
|-unboost|p2a: Raichu|spa|1
|
|t:|1785946697
|switch|p1b: Metagross|Metagross, L50|100/100|[from] Parting Shot
|move|p2a: Raichu|Zap Cannon|p1b: Metagross
|-crit|p1b: Metagross
|-damage|p1b: Metagross|0 fnt
|faint|p1b: Metagross
|move|p2b: Garchomp|Dragon Claw|p1a: Garchomp
|-activate|p1a: Garchomp|move: Protect
|
|upkeep
|inactive|natsukivgc has 30 seconds left.
|
|t:|1785946723
|switch|p1b: Grimmsnarl|Grimmsnarl, L50, M|37/100
|turn|10
|
|t:|1785946739
|move|p2a: Raichu|Protect|p2a: Raichu
|-singleturn|p2a: Raichu|Protect
|move|p2b: Garchomp|Protect|p2b: Garchomp
|-singleturn|p2b: Garchomp|Protect
|move|p1b: Grimmsnarl|Fake Out|p2a: Raichu
|-activate|p2a: Raichu|move: Protect
|move|p1a: Garchomp|Earthquake|p2b: Garchomp|[spread] p1b
|-activate|p2a: Raichu|move: Protect
|-activate|p2b: Garchomp|move: Protect
|-damage|p1b: Grimmsnarl|10/100
|
|upkeep
|turn|11
|
|t:|1785946760
|move|p1b: Grimmsnarl|Parting Shot|p2a: Raichu
|-unboost|p2a: Raichu|atk|1
|-unboost|p2a: Raichu|spa|1
|
|t:|1785946763
|switch|p1b: Toxapex|Toxapex, L50, F|68/100|[from] Parting Shot
|move|p2a: Raichu|Zap Cannon|p1b: Toxapex
|-supereffective|p1b: Toxapex|1
|-damage|p1b: Toxapex|7/100
|-status|p1b: Toxapex|par
|move|p2b: Garchomp|Dragon Claw|p1a: Garchomp
|-supereffective|p1a: Garchomp|1
|-damage|p1a: Garchomp|0 fnt
|-damage|p2b: Garchomp|77/100|[from] ability: Rough Skin|[of] p1a: Garchomp
|faint|p1a: Garchomp
|-damage|p2b: Garchomp|68/100|[from] item: Life Orb
|
|-heal|p1b: Toxapex|13/100 par|[from] item: Leftovers
|upkeep
|
|t:|1785946777
|switch|p1a: Grimmsnarl|Grimmsnarl, L50, M|10/100
|turn|12
|-message|natsukivgc forfeited.
|
|win|undershucklee
|raw|natsukivgc's rating: 1191 → 1168(-23 for losing)
|raw|undershucklee's rating: 1214 → 1237(+23 for winning)
