|j|☆ZXMaverickHunter
|j|☆wade connects
|html|ZXMaverickHunterwade connects    
|uhtml|bestof|Game 2 of a best-of-3
|t:|1756330635
|gametype|doubles
|player|p1|ZXMaverickHunter|flint|1094
|player|p2|wade connects|170|1107
|gen|9
|tier|[Gen 9] VGC 2025 Reg H (Bo3)
|rated|
|rule|Species Clause: Limit one of each Pokémon
|rule|Item Clause: Limit 1 of each item
|clearpoke
|poke|p1|Rillaboom, L50, M|
|poke|p1|Dragonite, L50, M|
|poke|p1|Sneasler, L50, M|
|poke|p1|Ninetales-Alola, L50, F|
|poke|p1|Kingambit, L50, M|
|poke|p1|Magmar, L50, F|
|poke|p2|Malamar, L50, M|
|poke|p2|Indeedee-F, L50, F|
|poke|p2|Hatterene, L50, F|
|poke|p2|Torkoal, L50, F|
|poke|p2|Ursaluna, L50, M|
|poke|p2|Lilligant-Hisui, L50, F|
|teampreview|4
|showteam|p1|Rillaboom||AssaultVest|GrassySurge|WoodHammer,GrassyGlide,HighHorsepower,FakeOut|||M|||50|,,,,,Fire]Dragonite||LoadedDice|Multiscale|Protect,ScaleShot,LowKick,Haze|||M|||50|,,,,,Fairy]Sneasler||WhiteHerb|Unburden|Protect,DireClaw,CloseCombat,Coaching|||M|||50|,,,,,Ghost]Ninetales-Alola||ChoiceSpecs|SnowWarning|Blizzard,IcyWind,Moonblast,FreezeDry|||F|||50|,,,,,Ghost]Kingambit||SafetyGoggles|Defiant|Protect,KowtowCleave,SuckerPunch,SwordsDance|||M|||50|,,,,,Dark]Magmar||Eviolite|VitalSpirit|Protect,FollowMe,Overheat,WillOWisp|||F|||50|,,,,,Dragon
|showteam|p2|Malamar||SafetyGoggles|Contrary|Protect,TrickRoom,Superpower,KnockOff|||M|||50|,,,,,Water]Indeedee-F||PsychicSeed|PsychicSurge|Protect,HelpingHand,FollowMe,TrickRoom|||F|||50|,,,,,Grass]Hatterene||LifeOrb|MagicBounce|Protect,TrickRoom,ExpandingForce,DazzlingGleam|||F|||50|,,,,,Water]Torkoal||Charcoal|Drought|Protect,Overheat,Eruption,HeatWave|||F|||50|,,,,,Fire]Ursaluna||FlameOrb|Guts|Protect,Facade,HeadlongRush,SwordsDance|||M|||50|,,,,,Ghost]Lilligant-Hisui||FocusSash|Chlorophyll|AfterYou,SleepPowder,LeafBlade,CloseCombat|||F|||50|,,,,,Ghost
|
|t:|1756330695
|teamsize|p1|4
|teamsize|p2|4
|start
|switch|p1a: 90% = 50%|Dragonite, L50, M, shiny|100/100
|switch|p1b: Noah's BFF|Sneasler, L50, M, shiny|100/100
|switch|p2a: Indeedee|Indeedee-F, L50, F, shiny|100/100
|switch|p2b: Hatterene|Hatterene, L50, F|100/100
|-fieldstart|move: Psychic Terrain|[from] ability: Psychic Surge|[of] p2a: Indeedee
|-enditem|p2a: Indeedee|Psychic Seed
|-boost|p2a: Indeedee|spd|1|[from] item: Psychic Seed
|turn|1
|
|t:|1756330723
|switch|p1a: Monke|Rillaboom, L50, M, shiny|100/100
|-fieldstart|move: Grassy Terrain|[from] ability: Grassy Surge|[of] p1a: Monke
|move|p2a: Indeedee|Follow Me|p2a: Indeedee
|-singleturn|p2a: Indeedee|move: Follow Me
|move|p1b: Noah's BFF|Dire Claw|p2a: Indeedee
|-damage|p2a: Indeedee|56/100
|-status|p2a: Indeedee|psn
|move|p2b: Hatterene|Trick Room|p2b: Hatterene
|-fieldstart|move: Trick Room|[of] p2b: Hatterene
|
|-heal|p2a: Indeedee|62/100 psn|[from] Grassy Terrain
|-damage|p2a: Indeedee|50/100 psn|[from] psn
|upkeep
|turn|2
|
|t:|1756330792
|-terastallize|p1b: Noah's BFF|Ghost
|move|p2a: Indeedee|Follow Me|p2a: Indeedee
|-singleturn|p2a: Indeedee|move: Follow Me
|move|p2b: Hatterene|Expanding Force|p1b: Noah's BFF
|-damage|p1b: Noah's BFF|17/100
|-damage|p2b: Hatterene|91/100|[from] item: Life Orb
|move|p1a: Monke|Wood Hammer|p2a: Indeedee
|-damage|p2a: Indeedee|0 fnt
|faint|p2a: Indeedee
|-damage|p1a: Monke|86/100|[from] Recoil
|move|p1b: Noah's BFF|Dire Claw|p2b: Hatterene
|-supereffective|p2b: Hatterene
|-damage|p2b: Hatterene|2/100
|-status|p2b: Hatterene|par
|
|-heal|p2b: Hatterene|8/100 par|[from] Grassy Terrain
|-heal|p1a: Monke|92/100|[from] Grassy Terrain
|-heal|p1b: Noah's BFF|23/100|[from] Grassy Terrain
|upkeep
|
|t:|1756330812
|switch|p2a: Torkoal|Torkoal, L50, F|100/100
|-weather|SunnyDay|[from] ability: Drought|[of] p2a: Torkoal
|turn|3
|
|t:|1756330823
|switch|p1a: 90% = 50%|Dragonite, L50, M, shiny|100/100
|-terastallize|p2a: Torkoal|Fire
|move|p1b: Noah's BFF|Protect|p1b: Noah's BFF
|-singleturn|p1b: Noah's BFF|Protect
|cant|p2b: Hatterene|par
|move|p2a: Torkoal|Eruption|p1b: Noah's BFF|[spread] p1a
|-activate|p1b: Noah's BFF|move: Protect
|-resisted|p1a: 90% = 50%
|-damage|p1a: 90% = 50%|68/100
|
|-weather|SunnyDay|[upkeep]
|-heal|p2b: Hatterene|14/100 par|[from] Grassy Terrain
|-heal|p1b: Noah's BFF|29/100|[from] Grassy Terrain
|upkeep
|turn|4
|
|t:|1756330850
|move|p1a: 90% = 50%|Protect|p1a: 90% = 50%
|-singleturn|p1a: 90% = 50%|Protect
|move|p2b: Hatterene|Dazzling Gleam|p1a: 90% = 50%|[spread] p1b
|-activate|p1a: 90% = 50%|move: Protect
|-damage|p1b: Noah's BFF|0 fnt
|faint|p1b: Noah's BFF
|-damage|p2b: Hatterene|4/100 par|[from] item: Life Orb
|move|p2a: Torkoal|Eruption|p1a: 90% = 50%
|-activate|p1a: 90% = 50%|move: Protect
|
|-weather|SunnyDay|[upkeep]
|-heal|p2b: Hatterene|10/100 par|[from] Grassy Terrain
|upkeep
|
|t:|1756330865
|switch|p1b: Monke|Rillaboom, L50, M, shiny|92/100
|turn|5
|
|t:|1756330884
|switch|p1a: Hi peli|Ninetales-Alola, L50, F, shiny|100/100
|-weather|Snowscape|[from] ability: Snow Warning|[of] p1a: Hi peli
|cant|p2b: Hatterene|par
|move|p1b: Monke|Fake Out|p2a: Torkoal
|-damage|p2a: Torkoal|89/100
|cant|p2a: Torkoal|flinch
|
|-weather|Snowscape|[upkeep]
|-heal|p2b: Hatterene|16/100 par|[from] Grassy Terrain
|-heal|p2a: Torkoal|95/100|[from] Grassy Terrain
|-heal|p1b: Monke|98/100|[from] Grassy Terrain
|-fieldend|move: Trick Room
|-fieldend|move: Grassy Terrain
|upkeep
|turn|6
|
|t:|1756330918
|move|p2b: Hatterene|Protect|p2b: Hatterene
|-singleturn|p2b: Hatterene|Protect
|move|p1a: Hi peli|Blizzard|p2a: Torkoal|[spread] p2a
|-activate|p2b: Hatterene|move: Protect
|-resisted|p2a: Torkoal
|-damage|p2a: Torkoal|67/100
|move|p1b: Monke|High Horsepower|p2a: Torkoal
|-supereffective|p2a: Torkoal
|-damage|p2a: Torkoal|19/100
|move|p2a: Torkoal|Heat Wave|p1a: Hi peli|[spread] p1a,p1b
|-supereffective|p1a: Hi peli
|-supereffective|p1b: Monke
|-damage|p1a: Hi peli|0 fnt
|-damage|p1b: Monke|23/100
|faint|p1a: Hi peli
|
|-weather|Snowscape|[upkeep]
|upkeep
|
|t:|1756330930
|switch|p1a: 90% = 50%|Dragonite, L50, M, shiny|68/100
|turn|7
|
|t:|1756330949
|switch|p2a: Malamar|Malamar, L50, M, shiny|100/100
|move|p1a: 90% = 50%|Low Kick|p2a: Malamar
|-damage|p2a: Malamar|79/100
|move|p1b: Monke|Wood Hammer|p2b: Hatterene
|-crit|p2b: Hatterene
|-damage|p2b: Hatterene|0 fnt
|faint|p2b: Hatterene
|-damage|p1b: Monke|18/100|[from] Recoil
|
|-weather|Snowscape|[upkeep]
|upkeep
|
|t:|1756330962
|switch|p2b: Torkoal|Torkoal, L50, F, tera:Fire|19/100
|-weather|SunnyDay|[from] ability: Drought|[of] p2b: Torkoal
|turn|8
|
|t:|1756331003
|move|p2b: Torkoal|Protect|p2b: Torkoal
|-singleturn|p2b: Torkoal|Protect
|move|p1a: 90% = 50%|Scale Shot|p2a: Malamar
|-damage|p2a: Malamar|65/100
|-damage|p2a: Malamar|51/100
|-damage|p2a: Malamar|37/100
|-damage|p2a: Malamar|23/100
|-hitcount|p2a: Malamar|4
|-unboost|p1a: 90% = 50%|def|1
|-boost|p1a: 90% = 50%|spe|1
|move|p1b: Monke|Wood Hammer|p2a: Malamar
|-damage|p2a: Malamar|0 fnt
|faint|p2a: Malamar
|-damage|p1b: Monke|12/100|[from] Recoil
|
|-weather|SunnyDay|[upkeep]
|upkeep
|turn|9
|
|t:|1756331021
|move|p1a: 90% = 50%|Low Kick|p2b: Torkoal
|-damage|p2b: Torkoal|0 fnt
|faint|p2b: Torkoal
|
|win|ZXMaverickHunter
||wade connects is ready for game 3.
