|j|☆sazar saifi
|j|☆failandimprove2
|html|sazar saififailandimprove2    
|uhtml|bestof|Game 2 of a best-of-3
|t:|1783451419
|gametype|doubles
|player|p1|sazar saifi|1|1454
|player|p2|failandimprove2|169|1464
|gen|9
|tier|[Gen 9 Champions] VGC 2026 Reg M-B (Bo3)
|rated|
|rule|Species Clause: Limit one of each Pokémon
|rule|Item Clause: Limit 1 of each item
|clearpoke
|poke|p1|Charizard, L50, F|
|poke|p1|Farigiraf, L50, F|
|poke|p1|Sylveon, L50, M|
|poke|p1|Aerodactyl, L50, F|
|poke|p1|Kingambit, L50, M|
|poke|p1|Garchomp, L50, F|
|poke|p2|Charizard, L50, M|
|poke|p2|Floette-Eternal, L50, F|
|poke|p2|Whimsicott, L50, M|
|poke|p2|Basculegion, L50, M|
|poke|p2|Kingambit, L50, F|
|poke|p2|Garchomp, L50, M|
|teampreview|4
|showteam|p1|Charizard||CharizarditeY|Blaze|WeatherBall,HeatWave,SolarBeam,Protect|Bold||F|||50|]Farigiraf||SitrusBerry|ArmorTail|Thunderbolt,HelpingHand,Psychic,TrickRoom|Bold||F|||50|]Sylveon||FairyFeather|Pixilate|HyperVoice,HyperBeam,MysticalFire,Detect|Modest||M|||50|]Aerodactyl||Aerodactylite|RockHead|Tailwind,RockSlide,IceFang,WideGuard|Jolly||F|||50|]Kingambit||LifeOrb|Defiant|KowtowCleave,SuckerPunch,SwordsDance,Protect|Adamant||M|||50|]Garchomp||RoseliBerry|RoughSkin|Earthquake,DragonClaw,RockSlide,PoisonJab|Adamant||F|||50|
|showteam|p2|Charizard||CharizarditeY|Blaze|HeatWave,WeatherBall,SolarBeam,Protect|Modest||M|||50|]Floette-Eternal||Floettite|FlowerVeil|Moonblast,DazzlingGleam,LightofRuin,Protect|Timid||F|||50|]Whimsicott||FocusSash|Prankster|Moonblast,Tailwind,Encore,Protect|Timid||M|||50|]Basculegion||MysticWater|Adaptability|WaveCrash,LastRespects,AquaJet,Protect|Adamant||M|||50|]Kingambit||ChopleBerry|Defiant|KowtowCleave,SuckerPunch,IronHead,LowKick|Adamant||F|||50|]Garchomp||LifeOrb|RoughSkin|Earthquake,RockSlide,DragonClaw,Protect|Jolly||M|||50|
|inactive|Battle timer is ON: inactive players will automatically lose when time's up. (requested by failandimprove2)
|inactive|failandimprove2 has 60 seconds left.
|
|t:|1783451468
|teamsize|p1|4
|teamsize|p2|4
|start
|switch|p1a: Farigiraf|Farigiraf, L50, F|100/100
|switch|p1b: Charizard|Charizard, L50, F|100/100
|switch|p2a: Whimsicott|Whimsicott, L50, M|100/100
|switch|p2b: Basculegion|Basculegion, L50, M|100/100
|turn|1
|inactive|sazar saifi has 30 seconds left.
|
|t:|1783451500
|detailschange|p1b: Charizard|Charizard-Mega-Y, L50, F
|-mega|p1b: Charizard|Charizard|Charizardite Y
|-weather|SunnyDay|[from] ability: Drought|[of] p1b: Charizard
|move|p1b: Charizard|Protect|p1b: Charizard
|-singleturn|p1b: Charizard|Protect
|move|p2a: Whimsicott|Moonblast|p1a: Farigiraf
|-damage|p1a: Farigiraf|65/100
|move|p2b: Basculegion|Wave Crash|p1b: Charizard
|-activate|p1b: Charizard|move: Protect
|move|p1a: Farigiraf|Trick Room|p1a: Farigiraf
|-fieldstart|move: Trick Room|[of] p1a: Farigiraf
|
|-weather|SunnyDay|[upkeep]
|upkeep
|turn|2
|
|t:|1783451516
|switch|p1b: Sylveon|Sylveon, L50, M|100/100
|move|p2a: Whimsicott|Protect|p2a: Whimsicott
|-singleturn|p2a: Whimsicott|Protect
|move|p1a: Farigiraf|Thunderbolt|p2b: Basculegion
|-supereffective|p2b: Basculegion|1
|-damage|p2b: Basculegion|47/100
|move|p2b: Basculegion|Wave Crash|p1b: Sylveon
|-damage|p1b: Sylveon|26/100
|-damage|p2b: Basculegion|27/100|[from] Recoil
|
|-weather|SunnyDay|[upkeep]
|upkeep
|turn|3
|
|t:|1783451538
|move|p2b: Basculegion|Protect|p2b: Basculegion
|-singleturn|p2b: Basculegion|Protect
|move|p1a: Farigiraf|Psychic|p2a: Whimsicott
|-damage|p2a: Whimsicott|43/100
|move|p1b: Sylveon|Hyper Voice|p2b: Basculegion|[spread] p2a
|-activate|p2b: Basculegion|move: Protect
|-damage|p2a: Whimsicott|0 fnt
|faint|p2a: Whimsicott
|
|-weather|SunnyDay|[upkeep]
|upkeep
|
|t:|1783451545
|switch|p2a: Kingambit|Kingambit, L50, F|100/100
|turn|4
|
|t:|1783451558
|switch|p2b: Charizard|Charizard, L50, M|100/100
|move|p1b: Sylveon|Detect|p1b: Sylveon
|-singleturn|p1b: Sylveon|Protect
|move|p2a: Kingambit|Kowtow Cleave|p1a: Farigiraf
|-supereffective|p1a: Farigiraf|1
|-damage|p1a: Farigiraf|1/100
|-enditem|p1a: Farigiraf|Sitrus Berry|[eat]
|-heal|p1a: Farigiraf|25/100|[from] item: Sitrus Berry
|move|p1a: Farigiraf|Thunderbolt|p2b: Charizard
|-supereffective|p2b: Charizard|1
|-damage|p2b: Charizard|51/100
|
|-weather|SunnyDay|[upkeep]
|upkeep
|turn|5
|
|t:|1783451571
|switch|p1b: Kingambit|Kingambit, L50, M|100/100
|detailschange|p2b: Charizard|Charizard-Mega-Y, L50, M
|-mega|p2b: Charizard|Charizard|Charizardite Y
|move|p2a: Kingambit|Kowtow Cleave|p1a: Farigiraf
|-supereffective|p1a: Farigiraf|1
|-damage|p1a: Farigiraf|0 fnt
|faint|p1a: Farigiraf
|move|p2b: Charizard|Heat Wave|p1b: Kingambit
|-supereffective|p1b: Kingambit|1
|-damage|p1b: Kingambit|0 fnt
|faint|p1b: Kingambit
|
|-weather|none
|-fieldend|move: Trick Room
|upkeep
|
|t:|1783451577
|switch|p1a: Sylveon|Sylveon, L50, M|26/100
|switch|p1b: Charizard|Charizard-Mega-Y, L50, F|100/100
|-weather|SunnyDay|[from] ability: Drought|[of] p1b: Charizard
|turn|6
|
|t:|1783451590
|move|p1a: Sylveon|Detect|p1a: Sylveon
|-singleturn|p1a: Sylveon|Protect
|move|p2a: Kingambit|Sucker Punch|p1b: Charizard
|-damage|p1b: Charizard|52/100
|move|p1b: Charizard|Weather Ball|p2b: Charizard
|-resisted|p2b: Charizard|1
|-damage|p2b: Charizard|14/100
|move|p2b: Charizard|Heat Wave|p1a: Sylveon|[spread] p1b
|-activate|p1a: Sylveon|move: Protect
|-resisted|p1b: Charizard|1
|-damage|p1b: Charizard|25/100
|
|-weather|SunnyDay|[upkeep]
|upkeep
|turn|7
|
|t:|1783451600
|move|p1b: Charizard|Protect|p1b: Charizard
|-singleturn|p1b: Charizard|Protect
|move|p2a: Kingambit|Sucker Punch||[still]
|-fail|p2a: Kingambit
|move|p2b: Charizard|Weather Ball|p1a: Sylveon
|-damage|p1a: Sylveon|0 fnt
|faint|p1a: Sylveon
|
|-weather|SunnyDay|[upkeep]
|upkeep
|turn|8
|-message|sazar saifi forfeited.
|
|win|failandimprove2
|raw|sazar saifi's rating: 1454 → 1435(-19 for losing)
|raw|failandimprove2's rating: 1464 → 1483(+19 for winning)
