|j|☆Camerupt4Ever
|j|☆epom158
|html|Camerupt4Everepom158    
|uhtml|bestof|Game 1 of a best-of-3
|t:|1756776336
|gametype|doubles
|player|p1|Camerupt4Ever|1|1153
|player|p2|epom158|n|1193
|gen|9
|tier|[Gen 9] VGC 2025 Reg H (Bo3)
|rated|
|rule|Species Clause: Limit one of each Pokémon
|rule|Item Clause: Limit 1 of each item
|clearpoke
|poke|p1|Wyrdeer, L50, M|
|poke|p1|Indeedee-F, L50, F|
|poke|p1|Annihilape, L50, F|
|poke|p1|Torkoal, L50, F|
|poke|p1|Delphox, L50, F|
|poke|p1|Kingambit, L50, F|
|poke|p2|Sneasler, L50, F|
|poke|p2|Rillaboom, L50, M|
|poke|p2|Dragonite, L50, M|
|poke|p2|Incineroar, L50, F|
|poke|p2|Kingambit, L50, F|
|poke|p2|Volcarona, L50, F|
|teampreview|4
|showteam|p1|Wyrdeer||Leftovers|Intimidate|Protect,TrickRoom,ExpandingForce,EarthPower|||M|||50|,,,,,Ground]Indeedee-F||RockyHelmet|PsychicSurge|Imprison,FollowMe,TrickRoom,Psychic|||F|||50|,,,,,Grass]Annihilape||SafetyGoggles|Defiant|DrainPunch,Taunt,RageFist,Protect|||F|||50|,,,,,Fire]Torkoal||Charcoal|Drought|Eruption,HelpingHand,Protect,WeatherBall|||F|||50|,,,,,Grass]Delphox||ChoiceScarf|Blaze|HeatWave,ExpandingForce,DazzlingGleam,Flamethrower|||F|||50|,,,,,Fairy]Kingambit||AssaultVest|Defiant|KowtowCleave,SuckerPunch,IronHead,LowKick|||F|||50|,,,,,Fairy
|showteam|p2|Sneasler||FocusSash|Unburden|CloseCombat,DireClaw,Coaching,Protect|||F|||50|,,,,,Stellar]Rillaboom||AssaultVest|GrassySurge|WoodHammer,Uturn,FakeOut,GrassyGlide|||M|||50|,,,,,Fire]Dragonite||LoadedDice|Multiscale|ScaleShot,Tailwind,Haze,Protect|||M|||50|,,,,,Steel]Incineroar||SafetyGoggles|Intimidate|FlareBlitz,KnockOff,FakeOut,PartingShot|||F|||50|,,,,,Ghost]Kingambit||BlackGlasses|Defiant|KowtowCleave,SuckerPunch,SwordsDance,Protect|||F|||50|,,,,,Dark]Volcarona||CovertCloak|FlameBody|Flamethrower,TeraBlast,QuiverDance,Protect|||F|||50|,,,,,Fairy
|
|t:|1756776409
|teamsize|p1|4
|teamsize|p2|4
|start
|switch|p1a: Annihilape|Annihilape, L50, F|100/100
|switch|p1b: Indeedee|Indeedee-F, L50, F|100/100
|switch|p2a: Sneasler|Sneasler, L50, F|100/100
|switch|p2b: Volcarona|Volcarona, L50, F|100/100
|-fieldstart|move: Psychic Terrain|[from] ability: Psychic Surge|[of] p1b: Indeedee
|turn|1
|
|t:|1756776443
|switch|p1a: Wyrdeer|Wyrdeer, L50, M|100/100
|-ability|p1a: Wyrdeer|Intimidate|boost
|-unboost|p2a: Sneasler|atk|1
|-unboost|p2b: Volcarona|atk|1
|move|p2a: Sneasler|Dire Claw|p1b: Indeedee
|-damage|p1b: Indeedee|72/100
|-damage|p2a: Sneasler|84/100|[from] item: Rocky Helmet|[of] p1b: Indeedee
|move|p2b: Volcarona|Flamethrower|p1b: Indeedee
|-damage|p1b: Indeedee|30/100
|move|p1b: Indeedee|Trick Room|p1b: Indeedee
|-fieldstart|move: Trick Room|[of] p1b: Indeedee
|
|upkeep
|turn|2
|
|t:|1756776468
|switch|p2a: Rillaboom|Rillaboom, L50, M|100/100
|-fieldstart|move: Grassy Terrain|[from] ability: Grassy Surge|[of] p2a: Rillaboom
|move|p1a: Wyrdeer|Expanding Force|p2b: Volcarona
|-damage|p2b: Volcarona|66/100
|move|p1b: Indeedee|Psychic|p2a: Rillaboom
|-damage|p2a: Rillaboom|79/100
|move|p2b: Volcarona|Quiver Dance|p2b: Volcarona
|-boost|p2b: Volcarona|spa|1
|-boost|p2b: Volcarona|spd|1
|-boost|p2b: Volcarona|spe|1
|
|-heal|p1b: Indeedee|37/100|[from] Grassy Terrain
|-heal|p2a: Rillaboom|85/100|[from] Grassy Terrain
|-heal|p2b: Volcarona|72/100|[from] Grassy Terrain
|upkeep
|turn|3
|
|t:|1756776493
|switch|p1a: Torkoal|Torkoal, L50, F|100/100
|-weather|SunnyDay|[from] ability: Drought|[of] p1a: Torkoal
|switch|p1b: Annihilape|Annihilape, L50, F|100/100
|move|p2a: Rillaboom|Fake Out|p1a: Torkoal
|-damage|p1a: Torkoal|87/100
|move|p2b: Volcarona|Flamethrower|p1a: Torkoal
|-resisted|p1a: Torkoal
|-damage|p1a: Torkoal|31/100
|
|-weather|SunnyDay|[upkeep]
|-heal|p1a: Torkoal|37/100|[from] Grassy Terrain
|-heal|p2a: Rillaboom|90/100|[from] Grassy Terrain
|-heal|p2b: Volcarona|78/100|[from] Grassy Terrain
|upkeep
|turn|4
|
|t:|1756776511
|-terastallize|p1b: Annihilape|Fire
|-terastallize|p2a: Rillaboom|Fire
|move|p2b: Volcarona|Protect|p2b: Volcarona
|-singleturn|p2b: Volcarona|Protect
|move|p1a: Torkoal|Weather Ball|p2b: Volcarona
|-activate|p2b: Volcarona|move: Protect
|move|p1b: Annihilape|Rage Fist|p2b: Volcarona
|-activate|p2b: Volcarona|move: Protect
|move|p2a: Rillaboom|Wood Hammer|p1b: Annihilape
|-resisted|p1b: Annihilape
|-damage|p1b: Annihilape|58/100
|-damage|p2a: Rillaboom|76/100|[from] Recoil
|
|-weather|SunnyDay|[upkeep]
|-heal|p1a: Torkoal|43/100|[from] Grassy Terrain
|-heal|p1b: Annihilape|64/100|[from] Grassy Terrain
|-heal|p2a: Rillaboom|82/100|[from] Grassy Terrain
|-heal|p2b: Volcarona|84/100|[from] Grassy Terrain
|upkeep
|turn|5
|
|t:|1756776532
|switch|p1a: Indeedee|Indeedee-F, L50, F|37/100
|-fieldstart|move: Psychic Terrain|[from] ability: Psychic Surge|[of] p1a: Indeedee
|switch|p2b: Sneasler|Sneasler, L50, F|84/100
|move|p1b: Annihilape|Rage Fist|p2b: Sneasler
|-damage|p2b: Sneasler|0 fnt
|faint|p2b: Sneasler
|move|p2a: Rillaboom|U-turn|p1a: Indeedee
|-supereffective|p1a: Indeedee
|-damage|p1a: Indeedee|0 fnt
|-damage|p2a: Rillaboom|65/100|[from] item: Rocky Helmet|[of] p1a: Indeedee
|faint|p1a: Indeedee
|
|t:|1756776547
|switch|p2a: Volcarona|Volcarona, L50, F|84/100|[from] U-turn
|
|-weather|SunnyDay|[upkeep]
|-fieldend|move: Trick Room
|upkeep
|
|t:|1756776554
|switch|p2b: Rillaboom|Rillaboom, L50, M, tera:Fire|65/100
|switch|p1a: Wyrdeer|Wyrdeer, L50, M|100/100
|-fieldstart|move: Grassy Terrain|[from] ability: Grassy Surge|[of] p2b: Rillaboom
|-ability|p1a: Wyrdeer|Intimidate|boost
|-unboost|p2a: Volcarona|atk|1
|-unboost|p2b: Rillaboom|atk|1
|turn|6
|
|t:|1756776572
|move|p1a: Wyrdeer|Protect|p1a: Wyrdeer
|-singleturn|p1a: Wyrdeer|Protect
|move|p2b: Rillaboom|Fake Out|p1a: Wyrdeer
|-activate|p1a: Wyrdeer|move: Protect
|move|p2a: Volcarona|Quiver Dance|p2a: Volcarona
|-boost|p2a: Volcarona|spa|1
|-boost|p2a: Volcarona|spd|1
|-boost|p2a: Volcarona|spe|1
|move|p1b: Annihilape|Rage Fist|p2a: Volcarona
|-damage|p2a: Volcarona|27/100
|
|-weather|SunnyDay|[upkeep]
|-heal|p2a: Volcarona|33/100|[from] Grassy Terrain
|-heal|p2b: Rillaboom|71/100|[from] Grassy Terrain
|-heal|p1b: Annihilape|70/100|[from] Grassy Terrain
|upkeep
|turn|7
|
|t:|1756776591
|switch|p1a: Torkoal|Torkoal, L50, F|43/100
|move|p2a: Volcarona|Flamethrower|p1a: Torkoal
|-resisted|p1a: Torkoal
|-damage|p1a: Torkoal|0 fnt
|faint|p1a: Torkoal
|move|p2b: Rillaboom|U-turn|p1b: Annihilape
|-resisted|p1b: Annihilape
|-damage|p1b: Annihilape|61/100
|
|t:|1756776599
|switch|p2b: Kingambit|Kingambit, L50, F|100/100|[from] U-turn
|move|p1b: Annihilape|Rage Fist|p2a: Volcarona
|-damage|p2a: Volcarona|0 fnt
|faint|p2a: Volcarona
|
|-weather|none
|-heal|p1b: Annihilape|67/100|[from] Grassy Terrain
|upkeep
|
|t:|1756776611
|switch|p2a: Rillaboom|Rillaboom, L50, M, tera:Fire|71/100
|switch|p1a: Wyrdeer|Wyrdeer, L50, M|100/100
|-ability|p1a: Wyrdeer|Intimidate|boost
|-unboost|p2a: Rillaboom|atk|1
|-unboost|p2b: Kingambit|atk|1
|-ability|p2b: Kingambit|Defiant|boost
|-boost|p2b: Kingambit|atk|2
|turn|8
|
|t:|1756776634
|move|p1b: Annihilape|Protect|p1b: Annihilape
|-singleturn|p1b: Annihilape|Protect
|move|p1a: Wyrdeer|Protect|p1a: Wyrdeer
|-singleturn|p1a: Wyrdeer|Protect
|move|p2a: Rillaboom|Fake Out|p1b: Annihilape
|-activate|p1b: Annihilape|move: Protect
|move|p2b: Kingambit|Kowtow Cleave|p1a: Wyrdeer
|-activate|p1a: Wyrdeer|move: Protect
|
|-heal|p2a: Rillaboom|77/100|[from] Grassy Terrain
|-heal|p1b: Annihilape|73/100|[from] Grassy Terrain
|upkeep
|turn|9
|
|t:|1756776653
|move|p2b: Kingambit|Sucker Punch|p1b: Annihilape
|-damage|p1b: Annihilape|7/100
|move|p2a: Rillaboom|Wood Hammer|p1a: Wyrdeer
|-damage|p1a: Wyrdeer|42/100
|-damage|p2a: Rillaboom|57/100|[from] Recoil
|move|p1b: Annihilape|Drain Punch|p2b: Kingambit
|-supereffective|p2b: Kingambit
|-damage|p2b: Kingambit|0 fnt
|-heal|p1b: Annihilape|53/100|[from] drain|[of] p2b: Kingambit
|faint|p2b: Kingambit
|move|p1a: Wyrdeer|Expanding Force|p2a: Rillaboom
|-damage|p2a: Rillaboom|25/100
|
|-heal|p2a: Rillaboom|31/100|[from] Grassy Terrain
|-heal|p1b: Annihilape|59/100|[from] Grassy Terrain
|-heal|p1a: Wyrdeer|48/100|[from] Grassy Terrain
|-heal|p1a: Wyrdeer|54/100|[from] item: Leftovers
|upkeep
|turn|10
|-message|epom158 forfeited.
|
|win|Camerupt4Ever
||epom158 is ready for game 2.
|inactive|Camerupt4Ever has 30 seconds to confirm battle start!
