|j|☆darkocin
|j|☆Zero_blazeVGC
|html|darkocinZero_blazeVGC    
|uhtml|bestof|Game 1 of a best-of-3
|t:|1756557619
|gametype|doubles
|player|p1|darkocin|1|1163
|player|p2|Zero_blazeVGC|alder|1185
|gen|9
|tier|[Gen 9] VGC 2025 Reg H (Bo3)
|rated|
|rule|Species Clause: Limit one of each Pokémon
|rule|Item Clause: Limit 1 of each item
|clearpoke
|poke|p1|Talonflame, L50, M|
|poke|p1|Gholdengo, L50|
|poke|p1|Dragonite, L50, F|
|poke|p1|Ursaluna-Bloodmoon, L50, M|
|poke|p1|Electabuzz, L50, M|
|poke|p1|Sinistcha, L50|
|poke|p2|Rillaboom, L50, M|
|poke|p2|Dragonite, L50, M|
|poke|p2|Sneasler, L50, F|
|poke|p2|Ninetales-Alola, L50, M|
|poke|p2|Kingambit, L50, F|
|poke|p2|Magmar, L50, M|
|teampreview|4
|showteam|p1|Talonflame||CovertCloak|GaleWings|DualWingbeat,FlareBlitz,WillOWisp,Tailwind|||M|||50|,,,,,Stellar]Gholdengo||MetalCoat|GoodasGold|MakeItRain,ShadowBall,NastyPlot,Protect||||||50|,,,,,Water]Dragonite||LoadedDice|Multiscale|ScaleShot,Tailwind,Haze,Protect|||F|||50|,,,,,Fairy]Ursaluna-Bloodmoon||LifeOrb|MindsEye|BloodMoon,HyperVoice,EarthPower,Protect|||M|||50|,,,,,Normal]Electabuzz||Eviolite|VitalSpirit|Electroweb,FollowMe,Taunt,Protect|||M|||50|,,,,,Ghost]Sinistcha||SitrusBerry|Hospitality|MatchaGotcha,RagePowder,StrengthSap,TrickRoom||||||50|,,,,,Water
|showteam|p2|Rillaboom||AssaultVest|GrassySurge|WoodHammer,GrassyGlide,HighHorsepower,FakeOut|||M|||50|,,,,,Fire]Dragonite||LoadedDice|Multiscale|Protect,ScaleShot,LowKick,Haze|||M|||50|,,,,,Fairy]Sneasler||WhiteHerb|Unburden|Protect,DireClaw,CloseCombat,Coaching|||F|||50|,,,,,Ghost]Ninetales-Alola||ChoiceSpecs|SnowWarning|Blizzard,IcyWind,Moonblast,FreezeDry|||M|||50|,,,,,Ghost]Kingambit||SafetyGoggles|Defiant|Protect,KowtowCleave,SuckerPunch,SwordsDance|||F|||50|,,,,,Dark]Magmar||Eviolite|VitalSpirit|Protect,FollowMe,Overheat,WillOWisp|||M|||50|,,,,,Dragon
|inactive|Battle timer is ON: inactive players will automatically lose when time's up. (requested by darkocin)
|inactive|Zero_blazeVGC has 60 seconds left.
|
|t:|1756557678
|teamsize|p1|4
|teamsize|p2|4
|start
|switch|p1a: Talonflame|Talonflame, L50, M|100/100
|switch|p1b: Ursaluna|Ursaluna-Bloodmoon, L50, M|100/100
|switch|p2a: Hi peli|Ninetales-Alola, L50, M, shiny|100/100
|switch|p2b: Mogmar|Magmar, L50, M, shiny|100/100
|-weather|Snowscape|[from] ability: Snow Warning|[of] p2a: Hi peli
|turn|1
|inactive|darkocin has 30 seconds left.
|inactive|Zero_blazeVGC has 30 seconds left.
|inactive|darkocin has 20 seconds left.
|inactive|Zero_blazeVGC has 20 seconds left.
|inactive|darkocin has 15 seconds left.
|inactive|Zero_blazeVGC has 15 seconds left.
|inactive|darkocin has 10 seconds left.
|inactive|Zero_blazeVGC has 10 seconds left.
|
|t:|1756557725
|-terastallize|p1b: Ursaluna|Normal
|move|p2b: Mogmar|Follow Me|p2b: Mogmar
|-singleturn|p2b: Mogmar|move: Follow Me
|move|p1a: Talonflame|Tailwind|p1a: Talonflame
|-sidestart|p1: darkocin|move: Tailwind
|move|p1b: Ursaluna|Hyper Voice|p2b: Mogmar|[spread] p2a,p2b
|-damage|p2a: Hi peli|14/100
|-damage|p2b: Mogmar|50/100
|-damage|p1b: Ursaluna|91/100|[from] item: Life Orb
|move|p2a: Hi peli|Blizzard|p1b: Ursaluna|[spread] p1a,p1b
|-damage|p1a: Talonflame|30/100
|-damage|p1b: Ursaluna|31/100
|
|-weather|Snowscape|[upkeep]
|upkeep
|turn|2
|inactive|darkocin has 30 seconds left.
|inactive|Zero_blazeVGC has 30 seconds left.
|inactive|Zero_blazeVGC has 20 seconds left.
|
|t:|1756557762
|switch|p2a: Kingambling|Kingambit, L50, F, shiny|100/100
|move|p2b: Mogmar|Protect|p2b: Mogmar
|-singleturn|p2b: Mogmar|Protect
|move|p1a: Talonflame|Flare Blitz|p2a: Kingambling
|-supereffective|p2a: Kingambling
|-damage|p2a: Kingambling|36/100
|-status|p2a: Kingambling|brn
|-damage|p1a: Talonflame|1/100|[from] Recoil
|move|p1b: Ursaluna|Hyper Voice|p2b: Mogmar|[spread] p2a
|-activate|p2b: Mogmar|move: Protect
|-resisted|p2a: Kingambling
|-damage|p2a: Kingambling|4/100 brn
|-damage|p1b: Ursaluna|21/100|[from] item: Life Orb
|
|-weather|Snowscape|[upkeep]
|-damage|p2a: Kingambling|0 fnt|[from] brn
|faint|p2a: Kingambling
|upkeep
|
|t:|1756557786
|switch|p2a: Noah's BFF|Sneasler, L50, F, shiny|100/100
|turn|3
|inactive|Zero_blazeVGC has 30 seconds left.
|
|t:|1756557816
|switch|p1a: Dragonite|Dragonite, L50, F|100/100
|move|p2b: Mogmar|Follow Me|p2b: Mogmar
|-singleturn|p2b: Mogmar|move: Follow Me
|move|p1b: Ursaluna|Hyper Voice|p2a: Noah's BFF|[spread] p2a,p2b
|-crit|p2b: Mogmar
|-damage|p2a: Noah's BFF|17/100
|-damage|p2b: Mogmar|0 fnt
|faint|p2b: Mogmar
|-damage|p1b: Ursaluna|12/100|[from] item: Life Orb
|move|p2a: Noah's BFF|Close Combat|p1b: Ursaluna
|-supereffective|p1b: Ursaluna
|-damage|p1b: Ursaluna|0 fnt
|-unboost|p2a: Noah's BFF|def|1
|-unboost|p2a: Noah's BFF|spd|1
|faint|p1b: Ursaluna
|-enditem|p2a: Noah's BFF|White Herb
|-clearnegativeboost|p2a: Noah's BFF|[silent]
|
|-weather|Snowscape|[upkeep]
|upkeep
|
|t:|1756557841
|switch|p2b: Hi peli|Ninetales-Alola, L50, M, shiny|14/100
|switch|p1b: Gholdengo|Gholdengo, L50|100/100
|turn|4
|
|t:|1756557860
|move|p2a: Noah's BFF|Protect|p2a: Noah's BFF
|-singleturn|p2a: Noah's BFF|Protect
|move|p1b: Gholdengo|Make It Rain|p2b: Hi peli|[spread] p2b
|-activate|p2a: Noah's BFF|move: Protect
|-supereffective|p2b: Hi peli
|-damage|p2b: Hi peli|0 fnt
|-unboost|p1b: Gholdengo|spa|1
|faint|p2b: Hi peli
|move|p1a: Dragonite|Scale Shot|p1b: Gholdengo
|-resisted|p1b: Gholdengo
|-damage|p1b: Gholdengo|92/100
|-resisted|p1b: Gholdengo
|-damage|p1b: Gholdengo|83/100
|-resisted|p1b: Gholdengo
|-damage|p1b: Gholdengo|76/100
|-resisted|p1b: Gholdengo
|-damage|p1b: Gholdengo|67/100
|-hitcount|p1b: Gholdengo|4
|-unboost|p1a: Dragonite|def|1
|-boost|p1a: Dragonite|spe|1
|
|-weather|Snowscape|[upkeep]
|-sideend|p1: darkocin|move: Tailwind
|upkeep
|turn|5
|
|t:|1756557872
|move|p2a: Noah's BFF|Dire Claw|p1a: Dragonite
|-damage|p1a: Dragonite|66/100
|move|p1a: Dragonite|Tailwind|p1a: Dragonite
|-sidestart|p1: darkocin|move: Tailwind
|move|p1b: Gholdengo|Make It Rain|p2a: Noah's BFF
|-damage|p2a: Noah's BFF|0 fnt
|-unboost|p1b: Gholdengo|spa|1
|faint|p2a: Noah's BFF
|
|win|darkocin
|inactive|darkocin has 30 seconds to confirm battle start!
|inactive|Zero_blazeVGC has 30 seconds to confirm battle start!
||darkocin is ready for game 2.
||Zero_blazeVGC is ready for game 2.
|uhtml|next|Next: Game 2 of 3
|l|☆darkocin
|player|p1|
