|j|☆TEST06232026
|j|☆idolhunter28273
|html|TEST06232026idolhunter28273    
|uhtml|bestof|Game 2 of a best-of-3
|t:|1782266436
|gametype|doubles
|player|p1|TEST06232026|170|1000
|player|p2|idolhunter28273|1|1000
|gen|9
|tier|[Gen 9 Champions] VGC 2026 Reg M-B (Bo3)
|rated|
|rule|Species Clause: Limit one of each Pokémon
|rule|Item Clause: Limit 1 of each item
|clearpoke
|poke|p1|Metagross, L50|
|poke|p1|Staraptor, L50, F|
|poke|p1|Skeledirge, L50, M|
|poke|p1|Ninetales-Alola, L50, F|
|poke|p1|Rotom-Wash, L50|
|poke|p1|Garchomp, L50, F|
|poke|p2|Staraptor, L50, F|
|poke|p2|Floette-Eternal, L50, F|
|poke|p2|Kingambit, L50, M|
|poke|p2|Sinistcha-Masterpiece, L50|
|poke|p2|Incineroar, L50, M|
|poke|p2|Gholdengo, L50|
|teampreview|4
|showteam|p1|Metagross||Metagrossite|ClearBody|MeteorMash,PsychicFangs,RockSlide,Protect|Adamant|||||50|]Staraptor||Staraptite|Intimidate|CloseCombat,DualWingbeat,Roost,Protect|Jolly||F|||50|]Skeledirge||LifeOrb|Unaware|TorchSong,ShadowBall,EarthPower,Protect|Modest||M|||50|]Ninetales-Alola||FocusSash|SnowWarning|FreezeDry,Blizzard,AuroraVeil,Protect|Timid||F|||50|]Rotom-Wash||SitrusBerry|Levitate|Thunderbolt,HydroPump,WillOWisp,EerieImpulse|Modest|||||50|]Garchomp||ChoiceScarf|RoughSkin|StompingTantrum,Earthquake,DragonClaw,RockSlide|Adamant||F|||50|
|showteam|p2|Staraptor||Staraptite|Intimidate|CloseCombat,BraveBird,Roost,Protect|Adamant||F|||50|]Floette-Eternal||Floettite|FlowerVeil|Moonblast,DazzlingGleam,CalmMind,Protect|Modest||F|||50|]Kingambit||BlackGlasses|Defiant|SuckerPunch,KowtowCleave,IronHead,Protect|Adamant||M|||50|]Sinistcha-Masterpiece||SitrusBerry|Hospitality|MatchaGotcha,RagePowder,LifeDew,TrickRoom|Relaxed|||||50|]Incineroar||ChopleBerry|Intimidate|FakeOut,FlareBlitz,ThroatChop,PartingShot|Adamant||M|||50|]Gholdengo||LifeOrb|GoodasGold|MakeItRain,ShadowBall,NastyPlot,Protect|Timid|||||50|
|inactive|Battle timer is ON: inactive players will automatically lose when time's up. (requested by idolhunter28273)
|inactive|TEST06232026 has 60 seconds left.
|
|t:|1782266472
|teamsize|p1|4
|teamsize|p2|4
|start
|switch|p1a: Staraptor|Staraptor, L50, F|100/100
|switch|p1b: Rotom|Rotom-Wash, L50|100/100
|switch|p2a: Sinistcha|Sinistcha-Masterpiece, L50|100/100
|switch|p2b: Incineroar|Incineroar, L50, M|100/100
|-ability|p1a: Staraptor|Intimidate|boost
|-unboost|p2a: Sinistcha|atk|1
|-unboost|p2b: Incineroar|atk|1
|-ability|p2b: Incineroar|Intimidate|boost
|-unboost|p1a: Staraptor|atk|1
|-unboost|p1b: Rotom|atk|1
|turn|1
|inactive|idolhunter28273 has 30 seconds left.
|inactive|idolhunter28273 has 20 seconds left.
|inactive|TEST06232026 has 30 seconds left.
|
|t:|1782266515
|move|p1a: Staraptor|Protect|p1a: Staraptor
|-singleturn|p1a: Staraptor|Protect
|move|p2b: Incineroar|Fake Out|p1a: Staraptor
|-activate|p1a: Staraptor|move: Protect
|move|p1b: Rotom|Hydro Pump|p2b: Incineroar
|-supereffective|p2b: Incineroar|1
|-damage|p2b: Incineroar|30/100
|move|p2a: Sinistcha|Trick Room|p2a: Sinistcha
|-fieldstart|move: Trick Room|[of] p2a: Sinistcha
|
|upkeep
|turn|2
|
|t:|1782266538
|detailschange|p1a: Staraptor|Staraptor-Mega, L50, F
|-mega|p1a: Staraptor|Staraptor|Staraptite
|move|p2b: Incineroar|Parting Shot|p1b: Rotom
|-unboost|p1b: Rotom|atk|1
|-unboost|p1b: Rotom|spa|1
|
|t:|1782266546
|switch|p2b: Floette|Floette-Eternal, L50, F|100/100|[from] Parting Shot
|move|p2a: Sinistcha|Matcha Gotcha|p1a: Staraptor|[spread] p1a,p1b
|-resisted|p1a: Staraptor|1
|-supereffective|p1b: Rotom|1
|-damage|p1a: Staraptor|86/100
|-damage|p1b: Rotom|42/100
|-enditem|p1b: Rotom|Sitrus Berry|[eat]
|-heal|p1b: Rotom|67/100|[from] item: Sitrus Berry
|move|p1b: Rotom|Thunderbolt|p2b: Floette
|-damage|p2b: Floette|78/100
|move|p1a: Staraptor|Dual Wingbeat|p2a: Sinistcha
|-supereffective|p2a: Sinistcha|1
|-damage|p2a: Sinistcha|76/100
|-supereffective|p2a: Sinistcha|1
|-damage|p2a: Sinistcha|55/100
|-hitcount|p2a: Sinistcha|2
|
|upkeep
|turn|3
|
|t:|1782266565
|switch|p1a: Skeledirge|Skeledirge, L50, M|100/100
|detailschange|p2b: Floette|Floette-Mega, L50, F
|-mega|p2b: Floette|Floette|Floettite
|-ability|p2b: Floette|Fairy Aura
|move|p2a: Sinistcha|Matcha Gotcha|p1b: Rotom|[spread] p1a
|-miss|p2a: Sinistcha|p1b: Rotom
|-resisted|p1a: Skeledirge|1
|-damage|p1a: Skeledirge|87/100
|-heal|p2a: Sinistcha|62/100|[from] drain|[of] p1a: Skeledirge
|move|p1b: Rotom|Eerie Impulse|p2b: Floette
|-unboost|p2b: Floette|spa|2
|move|p2b: Floette|Dazzling Gleam|p1a: Skeledirge|[spread] p1a,p1b
|-resisted|p1a: Skeledirge|1
|-damage|p1a: Skeledirge|65/100
|-damage|p1b: Rotom|40/100
|
|upkeep
|turn|4
|inactive|TEST06232026 has 30 seconds left.
|inactive|TEST06232026 has 20 seconds left.
|
|t:|1782266602
|switch|p2b: Kingambit|Kingambit, L50, M|100/100
|move|p2a: Sinistcha|Matcha Gotcha|p1a: Skeledirge|[spread] p1a,p1b
|-resisted|p1a: Skeledirge|1
|-supereffective|p1b: Rotom|1
|-crit|p1b: Rotom
|-damage|p1a: Skeledirge|52/100
|-heal|p2a: Sinistcha|70/100|[from] drain|[of] p1a: Skeledirge
|-damage|p1b: Rotom|0 fnt
|-heal|p2a: Sinistcha|84/100|[from] drain|[of] p1b: Rotom
|faint|p1b: Rotom
|move|p1a: Skeledirge|Earth Power|p2b: Kingambit
|-supereffective|p2b: Kingambit|1
|-damage|p2b: Kingambit|39/100
|-unboost|p2b: Kingambit|spd|1
|-ability|p2b: Kingambit|Defiant|boost
|-boost|p2b: Kingambit|atk|2
|-damage|p1a: Skeledirge|42/100|[from] item: Life Orb
|
|upkeep
|
|t:|1782266619
|switch|p1b: Staraptor|Staraptor-Mega, L50, F|86/100
|turn|5
|
|t:|1782266637
|move|p2b: Kingambit|Kowtow Cleave|p1b: Staraptor
|-resisted|p1b: Staraptor|1
|-damage|p1b: Staraptor|30/100
|move|p2a: Sinistcha|Life Dew|p2a: Sinistcha|[spread] p2a,p2b
|-heal|p2a: Sinistcha|100/100
|-heal|p2b: Kingambit|64/100
|move|p1a: Skeledirge|Torch Song|p2a: Sinistcha
|-supereffective|p2a: Sinistcha|1
|-damage|p2a: Sinistcha|0 fnt
|-boost|p1a: Skeledirge|spa|1
|faint|p2a: Sinistcha
|-damage|p1a: Skeledirge|32/100|[from] item: Life Orb
|move|p1b: Staraptor|Close Combat|p2b: Kingambit
|-supereffective|p2b: Kingambit|2
|-damage|p2b: Kingambit|0 fnt
|-boost|p1b: Staraptor|def|1
|-boost|p1b: Staraptor|spd|1
|faint|p2b: Kingambit
|
|-fieldend|move: Trick Room
|upkeep
|
|t:|1782266642
|switch|p2a: Floette|Floette-Mega, L50, F|78/100
|switch|p2b: Incineroar|Incineroar, L50, M|30/100
|-ability|p2a: Floette|Fairy Aura
|-ability|p2b: Incineroar|Intimidate|boost
|-unboost|p1a: Skeledirge|atk|1
|-boost|p1b: Staraptor|atk|1
|turn|6
|
|t:|1782266666
|move|p1b: Staraptor|Protect|p1b: Staraptor
|-singleturn|p1b: Staraptor|Protect
|move|p2a: Floette|Dazzling Gleam|p1a: Skeledirge|[spread] p1a
|-activate|p1b: Staraptor|move: Protect
|-resisted|p1a: Skeledirge|1
|-damage|p1a: Skeledirge|7/100
|move|p1a: Skeledirge|Earth Power|p2b: Incineroar
|-supereffective|p2b: Incineroar|1
|-damage|p2b: Incineroar|0 fnt
|faint|p2b: Incineroar
|-damage|p1a: Skeledirge|0 fnt|[from] item: Life Orb
|faint|p1a: Skeledirge
|
|upkeep
|
|t:|1782266677
|switch|p1a: Ninetales|Ninetales-Alola, L50, F|100/100
|-weather|Snowscape|[from] ability: Snow Warning|[of] p1a: Ninetales
|turn|7
|
|t:|1782266690
|move|p1b: Staraptor|Dual Wingbeat|p2a: Floette
|-damage|p2a: Floette|44/100
|-damage|p2a: Floette|11/100
|-hitcount|p2a: Floette|2
|move|p1a: Ninetales|Aurora Veil|p1a: Ninetales
|-sidestart|p1: TEST06232026|move: Aurora Veil
|move|p2a: Floette|Dazzling Gleam|p1a: Ninetales|[spread] p1a,p1b
|-supereffective|p1b: Staraptor|1
|-damage|p1a: Ninetales|63/100
|-damage|p1b: Staraptor|0 fnt
|faint|p1b: Staraptor
|
|-weather|Snowscape|[upkeep]
|upkeep
|turn|8
|
|t:|1782266703
|move|p2a: Floette|Protect|p2a: Floette
|-singleturn|p2a: Floette|Protect
|move|p1a: Ninetales|Freeze-Dry|p2a: Floette
|-activate|p2a: Floette|move: Protect
|
|-weather|Snowscape|[upkeep]
|upkeep
|turn|9
|
|t:|1782266711
|move|p1a: Ninetales|Freeze-Dry|p2a: Floette
|-damage|p2a: Floette|0 fnt
|faint|p2a: Floette
|
|win|TEST06232026
|raw|TEST06232026's rating: 1000 → 1040(+40 for winning)
|raw|idolhunter28273's rating: 1000 → 1000(+0 for losing)
|l|☆idolhunter28273
|player|p2|
