|j|☆chungoc
|j|☆Phonx_Ghost
|html|chungocPhonx_Ghost    
|uhtml|bestof|Game 3 of a best-of-3
|t:|1785633513
|gametype|doubles
|player|p1|chungoc|birdkeeper|1173
|player|p2|Phonx_Ghost|will|1056
|gen|9
|tier|[Gen 9 Champions] VGC 2026 Reg M-B (Bo3)
|rated|
|rule|Species Clause: Limit one of each Pokémon
|rule|Item Clause: Limit 1 of each item
|clearpoke
|poke|p1|Tyranitar, L50, M, shiny|
|poke|p1|Whimsicott, L50, F|
|poke|p1|Excadrill, L50, M|
|poke|p1|Rotom-Wash, L50|
|poke|p1|Hydreigon, L50, M|
|poke|p1|Delphox, L50, F|
|poke|p2|Golurk, L50, shiny|
|poke|p2|Rotom-Wash, L50|
|poke|p2|Spiritomb, L50, M|
|poke|p2|Sinistcha-Masterpiece, L50|
|poke|p2|Staraptor, L50, F, shiny|
|poke|p2|Incineroar, L50, F|
|teampreview|4
|showteam|p1|Tyranitar||Tyranitarite|SandStream|RockSlide,KnockOff,Protect,Superpower|Adamant||M|||50|]Whimsicott||FocusSash|Prankster|Moonblast,Tailwind,Encore,Taunt|Timid||F|||50|]Excadrill||LifeOrb|SandRush|HighHorsepower,IronHead,RockSlide,Protect|Adamant||M|||50|]Rotom-Wash||SitrusBerry|Levitate|VoltSwitch,WillOWisp,Thunderbolt,HydroPump|Modest|||||50|]Hydreigon||RoseliBerry|Levitate|Protect,DarkPulse,DracoMeteor,FlashCannon|Modest||M|||50|]Delphox||Delphoxite|Blaze|HeatWave,Psychic,Protect,DazzlingGleam|Modest||F|||50|
|showteam|p2|Golurk||Golurkite|IronFist|Poltergeist,Earthquake,IcePunch,Protect|Adamant|||||50|]Rotom-Wash||RindoBerry|Levitate|Discharge,HydroPump,Protect,DarkPulse|Modest|||||50|]Spiritomb||BlackGlasses|Infiltrator|TrickRoom,Snarl,Protect,WillOWisp|Modest||M|||50|]Sinistcha-Masterpiece||Leftovers|Hospitality|MatchaGotcha,Protect,NastyPlot,Hex|Calm|||||50|]Staraptor||Staraptite|Intimidate|CloseCombat,Protect,BraveBird,Roost|Careful||F|||50|]Incineroar||SitrusBerry|Intimidate|PartingShot,FakeOut,BlazeKick,DarkestLariat|Adamant||F|||50|
|inactive|Battle timer is ON: inactive players will automatically lose when time's up. (requested by chungoc)
|
|t:|1785633525
|teamsize|p1|4
|teamsize|p2|4
|start
|switch|p1a: Whimsicott|Whimsicott, L50, F|100/100
|switch|p1b: Rotom|Rotom-Wash, L50|100/100
|switch|p2a: El Rudo|Incineroar, L50, F|100/100
|switch|p2b: Carnalho|Staraptor, L50, F, shiny|100/100
|-ability|p2b: Carnalho|Intimidate|boost
|-unboost|p1a: Whimsicott|atk|1
|-unboost|p1b: Rotom|atk|1
|-ability|p2a: El Rudo|Intimidate|boost
|-unboost|p1a: Whimsicott|atk|1
|-unboost|p1b: Rotom|atk|1
|turn|1
|inactive|chungoc has 30 seconds left.
|
|t:|1785633551
|detailschange|p2b: Carnalho|Staraptor-Mega, L50, F, shiny
|-mega|p2b: Carnalho|Staraptor|Staraptite
|move|p2a: El Rudo|Fake Out|p1b: Rotom
|-damage|p1b: Rotom|82/100
|move|p1a: Whimsicott|Moonblast|p2b: Carnalho
|-supereffective|p2b: Carnalho|1
|-damage|p2b: Carnalho|42/100
|move|p2b: Carnalho|Close Combat|p1b: Rotom
|-damage|p1b: Rotom|4/100
|-boost|p2b: Carnalho|def|1
|-boost|p2b: Carnalho|spd|1
|-enditem|p1b: Rotom|Sitrus Berry|[eat]
|-heal|p1b: Rotom|29/100|[from] item: Sitrus Berry
|cant|p1b: Rotom|flinch
|
|upkeep
|turn|2
|inactive|chungoc has 30 seconds left.
|inactive|Phonx_Ghost has 30 seconds left.
|
|t:|1785633580
|move|p2b: Carnalho|Protect|p2b: Carnalho
|-singleturn|p2b: Carnalho|Protect
|move|p1a: Whimsicott|Tailwind|p1a: Whimsicott
|-sidestart|p1: chungoc|move: Tailwind
|move|p1b: Rotom|Thunderbolt|p2b: Carnalho
|-activate|p2b: Carnalho|move: Protect
|move|p2a: El Rudo|Blaze Kick|p1a: Whimsicott
|-supereffective|p1a: Whimsicott|1
|-enditem|p1a: Whimsicott|Focus Sash
|-damage|p1a: Whimsicott|1/100
|
|upkeep
|turn|3
|
|t:|1785633598
|move|p1a: Whimsicott|Encore|p2b: Carnalho
|-start|p2b: Carnalho|Encore
|move|p2b: Carnalho|Protect|p2b: Carnalho
|-singleturn|p2b: Carnalho|Protect
|move|p1b: Rotom|Hydro Pump|p2a: El Rudo
|-supereffective|p2a: El Rudo|1
|-damage|p2a: El Rudo|0 fnt
|faint|p2a: El Rudo
|
|upkeep
|
|t:|1785633610
|switch|p2a: Chámara|Sinistcha-Masterpiece, L50|100/100
|-heal|p2b: Carnalho|67/100|[from] ability: Hospitality|[of] p2a: Chámara
|turn|4
|inactive|chungoc has 30 seconds left.
|
|t:|1785633642
|move|p2b: Carnalho|Protect||[still]
|-fail|p2b: Carnalho
|move|p1a: Whimsicott|Moonblast|p2b: Carnalho
|-supereffective|p2b: Carnalho|1
|-damage|p2b: Carnalho|27/100
|move|p1b: Rotom|Volt Switch|p2b: Carnalho
|-supereffective|p2b: Carnalho|1
|-damage|p2b: Carnalho|0 fnt
|faint|p2b: Carnalho
|
|t:|1785633657
|switch|p1b: Tyranitar|Tyranitar, L50, M, shiny|100/100|[from] Volt Switch
|-weather|Sandstorm|[from] ability: Sand Stream|[of] p1b: Tyranitar
|move|p2a: Chámara|Matcha Gotcha|p1a: Whimsicott|[spread] p1a,p1b
|-resisted|p1a: Whimsicott|1
|-supereffective|p1b: Tyranitar|1
|-damage|p1a: Whimsicott|0 fnt
|-damage|p1b: Tyranitar|69/100
|faint|p1a: Whimsicott
|
|-weather|Sandstorm|[upkeep]
|-damage|p2a: Chámara|93/100|[from] Sandstorm
|-heal|p2a: Chámara|100/100|[from] item: Leftovers
|upkeep
|inactive|Phonx_Ghost has 30 seconds left.
|inactive|Phonx_Ghost has 20 seconds left.
|inactive|Phonx_Ghost has 15 seconds left.
|inactive|Phonx_Ghost has 10 seconds left.
|c|☆chungoc|just ff
|inactive|Phonx_Ghost has 5 seconds left.
|
|t:|1785633712
|switch|p1a: Excadrill|Excadrill, L50, M|100/100
|switch|p2b: Laraldo|Rotom-Wash, L50|100/100
|turn|5
|inactive|chungoc has 30 seconds left.
|inactive|chungoc has 20 seconds left.
|inactive|chungoc has 15 seconds left.
|inactive|chungoc has 10 seconds left.
|
|t:|1785633761
|detailschange|p1b: Tyranitar|Tyranitar-Mega, L50, M, shiny
|-mega|p1b: Tyranitar|Tyranitar|Tyranitarite
|move|p2a: Chámara|Protect|p2a: Chámara
|-singleturn|p2a: Chámara|Protect
|move|p1a: Excadrill|Rock Slide|p2b: Laraldo|[spread] p2b
|-activate|p2a: Chámara|move: Protect
|-damage|p2b: Laraldo|74/100
|-damage|p1a: Excadrill|90/100|[from] item: Life Orb
|move|p1b: Tyranitar|Knock Off|p2a: Chámara
|-activate|p2a: Chámara|move: Protect
|cant|p2b: Laraldo|flinch
|
|-weather|Sandstorm|[upkeep]
|-damage|p2b: Laraldo|68/100|[from] Sandstorm
|-damage|p2a: Chámara|93/100|[from] Sandstorm
|-heal|p2a: Chámara|100/100|[from] item: Leftovers
|-sideend|p1: chungoc|move: Tailwind
|upkeep
|turn|6
|inactive|chungoc has 30 seconds left.
|
|t:|1785633796
|move|p1b: Tyranitar|Protect|p1b: Tyranitar
|-singleturn|p1b: Tyranitar|Protect
|move|p1a: Excadrill|Iron Head|p2a: Chámara
|-damage|p2a: Chámara|43/100
|-damage|p1a: Excadrill|80/100|[from] item: Life Orb
|move|p2b: Laraldo|Hydro Pump|p1a: Excadrill
|-supereffective|p1a: Excadrill|1
|-damage|p1a: Excadrill|0 fnt
|faint|p1a: Excadrill
|move|p2a: Chámara|Nasty Plot|p2a: Chámara
|-boost|p2a: Chámara|spa|2
|
|-weather|Sandstorm|[upkeep]
|-damage|p2b: Laraldo|63/100|[from] Sandstorm
|-damage|p2a: Chámara|37/100|[from] Sandstorm
|-heal|p2a: Chámara|43/100|[from] item: Leftovers
|upkeep
|
|t:|1785633805
|switch|p1a: Rotom|Rotom-Wash, L50|29/100
|turn|7
|inactive|Phonx_Ghost has 30 seconds left.
|
|t:|1785633835
|move|p1a: Rotom|Thunderbolt|p2b: Laraldo
|-damage|p2b: Laraldo|17/100
|move|p2b: Laraldo|Dark Pulse|p1a: Rotom
|-damage|p1a: Rotom|1/100
|move|p1b: Tyranitar|Knock Off|p2a: Chámara
|-supereffective|p2a: Chámara|1
|-damage|p2a: Chámara|0 fnt
|-enditem|p2a: Chámara|Leftovers|[from] move: Knock Off|[of] p1b: Tyranitar
|faint|p2a: Chámara
|
|-weather|Sandstorm|[upkeep]
|-damage|p1a: Rotom|0 fnt|[from] Sandstorm
|-damage|p2b: Laraldo|11/100|[from] Sandstorm
|faint|p1a: Rotom
|upkeep
|turn|8
|c|☆Phonx_Ghost|gg
|
|t:|1785633857
|move|p2b: Laraldo|Protect|p2b: Laraldo
|-singleturn|p2b: Laraldo|Protect
|move|p1b: Tyranitar|Protect||[still]
|-fail|p1b: Tyranitar
|
|-weather|none
|upkeep
|turn|9
|
|t:|1785633867
|move|p2b: Laraldo|Hydro Pump|p1b: Tyranitar
|-supereffective|p1b: Tyranitar|1
|-damage|p1b: Tyranitar|0 fnt
|faint|p1b: Tyranitar
|
|win|Phonx_Ghost
|raw|chungoc's rating: 1173 → 1140(-33 for losing)
|raw|Phonx_Ghost's rating: 1056 → 1098(+42 for winning)
|l|☆chungoc
|player|p1|
|c|☆Phonx_Ghost|:0
