|j|☆Warlock3.0
|j|☆fyukfvukufk
|html|Warlock3.0fyukfvukufk    
|uhtml|bestof|Game 1 of a best-of-3
|t:|1756401190
|gametype|doubles
|player|p1|Warlock3.0|170|1048
|player|p2|fyukfvukufk|265|1005
|gen|9
|tier|[Gen 9] VGC 2025 Reg H (Bo3)
|rated|
|rule|Species Clause: Limit one of each Pokémon
|rule|Item Clause: Limit 1 of each item
|clearpoke
|poke|p1|Hatterene, L50, F|
|poke|p1|Ursaluna, L50, F|
|poke|p1|Torkoal, L50, M|
|poke|p1|Charizard, L50, M|
|poke|p1|Jumpluff, L50, F|
|poke|p1|Indeedee-F, L50, F|
|poke|p2|Archaludon, L50, F|
|poke|p2|Armarouge, L50, M|
|poke|p2|Pelipper, L50, F|
|poke|p2|Indeedee-F, L50, F|
|poke|p2|Basculegion, L50, M|
|poke|p2|Annihilape, L50, F|
|teampreview|4
|showteam|p1|Hatterene||SafetyGoggles|MagicBounce|TrickRoom,ExpandingForce,DazzlingGleam,Protect|||F|||50|,,,,,Ghost]Ursaluna||FlameOrb|Guts|Facade,HeadlongRush,Earthquake,Protect|||F|||50|,,,,,Ghost]Torkoal||Leftovers|Drought|Eruption,HeatWave,Protect,Overheat|||M|||50|,,,,,Fire]Charizard||ChoiceSpecs|SolarPower|WeatherBall,HeatWave,SolarBeam,Overheat|||M|||50|,,,,,Grass]Jumpluff||CovertCloak|Chlorophyll|Tailwind,SleepPowder,Acrobatics,Protect|||F|||50|,,,,,Dark]Indeedee-F||PsychicSeed|PsychicSurge|FollowMe,TrickRoom,Psychic,FakeOut|||F|||50|,,,,,Ghost
|showteam|p2|Archaludon||AssaultVest|Stamina|DracoMeteor,FlashCannon,ElectroShot,BodyPress|||F|||50|,,,,,Bug]Armarouge||LifeOrb|FlashFire|ExpandingForce,ArmorCannon,WeatherBall,Protect|||M|||50|,,,,,Grass]Pelipper||FocusSash|Drizzle|WeatherBall,Hurricane,Tailwind,Protect|||F|||50|,,,,,Ghost]Indeedee-F||PsychicSeed|PsychicSurge|Psychic,HelpingHand,FollowMe,TrickRoom|||F|||50|,,,,,Grass]Basculegion||ChoiceBand|SwiftSwim|WaveCrash,LastRespects,FlipTurn,AquaJet|||M|||50|,,,,,Water]Annihilape||SafetyGoggles|Defiant|CloseCombat,RageFist,FinalGambit,Taunt|||F|||50|,,,,,Fire
|inactive|Battle timer is ON: inactive players will automatically lose when time's up. (requested by Warlock3.0)
|
|t:|1756401219
|teamsize|p1|4
|teamsize|p2|4
|start
|switch|p1a: Indeedee|Indeedee-F, L50, F|100/100
|switch|p1b: Hatterene|Hatterene, L50, F|100/100
|switch|p2a: Armarouge|Armarouge, L50, M|100/100
|switch|p2b: Basculegion|Basculegion, L50, M|100/100
|-fieldstart|move: Psychic Terrain|[from] ability: Psychic Surge|[of] p1a: Indeedee
|-enditem|p1a: Indeedee|Psychic Seed
|-boost|p1a: Indeedee|spd|1|[from] item: Psychic Seed
|turn|1
|inactive|fyukfvukufk has 30 seconds left.
|
|t:|1756401245
|move|p1a: Indeedee|Follow Me|p1a: Indeedee
|-singleturn|p1a: Indeedee|move: Follow Me
|move|p2b: Basculegion|Wave Crash|p1a: Indeedee
|-damage|p1a: Indeedee|8/100
|-damage|p2b: Basculegion|73/100|[from] Recoil
|move|p2a: Armarouge|Expanding Force|p1b: Hatterene|[spread] p1a,p1b
|-resisted|p1a: Indeedee
|-resisted|p1b: Hatterene
|-damage|p1a: Indeedee|0 fnt
|-damage|p1b: Hatterene|60/100
|faint|p1a: Indeedee
|-damage|p2a: Armarouge|91/100|[from] item: Life Orb
|move|p1b: Hatterene|Trick Room|p1b: Hatterene
|-fieldstart|move: Trick Room|[of] p1b: Hatterene
|
|upkeep
|
|t:|1756401259
|switch|p1a: Torkoal|Torkoal, L50, M|100/100
|-weather|SunnyDay|[from] ability: Drought|[of] p1a: Torkoal
|turn|2
|
|t:|1756401266
|switch|p2b: Pelipper|Pelipper, L50, F|100/100
|-weather|RainDance|[from] ability: Drizzle|[of] p2b: Pelipper
|move|p1a: Torkoal|Eruption|p2b: Pelipper|[spread] p2b
|-start|p2a: Armarouge|ability: Flash Fire
|-resisted|p2b: Pelipper
|-damage|p2b: Pelipper|81/100
|move|p1b: Hatterene|Expanding Force|p2b: Pelipper|[spread] p2a,p2b
|-resisted|p2a: Armarouge
|-damage|p2a: Armarouge|65/100
|-damage|p2b: Pelipper|0 fnt
|faint|p2b: Pelipper
|move|p2a: Armarouge|Expanding Force|p1b: Hatterene|[spread] p1a,p1b
|-resisted|p1b: Hatterene
|-damage|p1a: Torkoal|0 fnt
|-damage|p1b: Hatterene|16/100
|faint|p1a: Torkoal
|-damage|p2a: Armarouge|55/100|[from] item: Life Orb
|
|-weather|RainDance|[upkeep]
|upkeep
|
|t:|1756401283
|switch|p1a: Ursaluna|Ursaluna, L50, F|100/100
|switch|p2b: Indeedee|Indeedee-F, L50, F|100/100
|-enditem|p2b: Indeedee|Psychic Seed
|-boost|p2b: Indeedee|spd|1|[from] item: Psychic Seed
|turn|3
|
|t:|1756401299
|move|p1a: Ursaluna|Protect|p1a: Ursaluna
|-singleturn|p1a: Ursaluna|Protect
|move|p2b: Indeedee|Follow Me|p2b: Indeedee
|-singleturn|p2b: Indeedee|move: Follow Me
|move|p1b: Hatterene|Dazzling Gleam|p2b: Indeedee|[spread] p2a,p2b
|-resisted|p2a: Armarouge
|-damage|p2a: Armarouge|39/100
|-damage|p2b: Indeedee|83/100
|move|p2a: Armarouge|Expanding Force|p1a: Ursaluna|[spread] p1b
|-activate|p1a: Ursaluna|move: Protect
|-resisted|p1b: Hatterene
|-damage|p1b: Hatterene|0 fnt
|faint|p1b: Hatterene
|-damage|p2a: Armarouge|30/100|[from] item: Life Orb
|
|-weather|RainDance|[upkeep]
|-status|p1a: Ursaluna|brn|[from] item: Flame Orb
|upkeep
|turn|4
|
|t:|1756401315
|move|p1a: Ursaluna|Earthquake|p2a: Armarouge|[spread] p2a,p2b
|-supereffective|p2a: Armarouge
|-damage|p2a: Armarouge|0 fnt
|-damage|p2b: Indeedee|16/100
|faint|p2a: Armarouge
|move|p2b: Indeedee|Trick Room|p2b: Indeedee
|-fieldend|move: Trick Room
|
|-weather|RainDance|[upkeep]
|-damage|p1a: Ursaluna|94/100 brn|[from] brn
|upkeep
|
|t:|1756401328
|switch|p2a: Basculegion|Basculegion, L50, M|73/100
|turn|5
|
|t:|1756401332
|move|p2a: Basculegion|Wave Crash|p1a: Ursaluna
|-supereffective|p1a: Ursaluna
|-damage|p1a: Ursaluna|0 fnt
|faint|p1a: Ursaluna
|-damage|p2a: Basculegion|36/100|[from] Recoil
|
|win|fyukfvukufk
|l|☆fyukfvukufk
|player|p2|
