|j|☆TTorr7474
|j|☆darthmorton
|html|TTorr7474darthmorton    
|uhtml|bestof|Game 2 of a best-of-3
|t:|1754879105
|gametype|doubles
|player|p1|TTorr7474|lance|1188
|player|p2|darthmorton|ingo|1242
|gen|9
|tier|[Gen 9] VGC 2025 Reg H (Bo3)
|rated|
|rule|Species Clause: Limit one of each Pokémon
|rule|Item Clause: Limit 1 of each item
|clearpoke
|poke|p1|Dragapult, L50, F|
|poke|p1|Sneasler, L50, F|
|poke|p1|Indeedee, L50, M|
|poke|p1|Incineroar, L50, F|
|poke|p1|Typhlosion-Hisui, L50, F|
|poke|p1|Whimsicott, L50, F|
|poke|p2|Kilowattrel, L50, F|
|poke|p2|Amoonguss, L50, M|
|poke|p2|Incineroar, L50, M|
|poke|p2|Porygon2, L50|
|poke|p2|Gholdengo, L50|
|poke|p2|Ursaluna, L50, F|
|teampreview|4
|showteam|p1|Dragapult||ChoiceBand|ClearBody|DragonDarts,PhantomForce,Uturn,Outrage|||F|||50|,,,,,Dragon]Sneasler||PsychicSeed|Unburden|DireClaw,ThroatChop,CloseCombat,Protect|||F|||50|,,,,,Dark]Indeedee||ChoiceScarf|PsychicSurge|ExpandingForce,DazzlingGleam,TeraBlast,Trick|||M|||50|,,,,,Fighting]Incineroar||SafetyGoggles|Intimidate|FakeOut,Taunt,KnockOff,PartingShot|||F|||50|,,,,,Bug]Typhlosion-Hisui||ChoiceSpecs|Blaze|Eruption,HeatWave,ShadowBall,Flamethrower|||F|||50|,,,,,Fire]Whimsicott||FocusSash|Prankster|Moonblast,Encore,Tailwind,SunnyDay|||F|||50|,,,,,Ghost
|showteam|p2|Kilowattrel||FocusSash|Competitive|Thunderbolt,AirSlash,Tailwind,Protect|||F|||50|,,,,,Ghost]Amoonguss||SitrusBerry|Regenerator|PollenPuff,Spore,RagePowder,Protect|||M|||50|,,,,,Water]Incineroar||SafetyGoggles|Intimidate|FakeOut,FlareBlitz,KnockOff,PartingShot|||M|||50|,,,,,Ghost]Porygon2||Eviolite|Download|TeraBlast,IceBeam,Recover,TrickRoom||||||50|,,,,,Fighting]Gholdengo||MetalCoat|GoodasGold|MakeItRain,ShadowBall,NastyPlot,Protect||||||50|,,,,,Flying]Ursaluna||FlameOrb|Guts|Facade,HeadlongRush,Earthquake,Protect|||F|||50|,,,,,Ghost
|inactive|Battle timer is ON: inactive players will automatically lose when time's up. (requested by darthmorton)
|inactive|TTorr7474 has 60 seconds left.
|inactive|TTorr7474 has 30 seconds left.
|
|t:|1754879170
|teamsize|p1|4
|teamsize|p2|4
|start
|switch|p1a: Indeedee|Indeedee, L50, M|100/100
|switch|p1b: Dragapult|Dragapult, L50, F|100/100
|switch|p2a: Kilowattrel|Kilowattrel, L50, F|100/100
|switch|p2b: Incineroar|Incineroar, L50, M|100/100
|-fieldstart|move: Psychic Terrain|[from] ability: Psychic Surge|[of] p1a: Indeedee
|-ability|p2b: Incineroar|Intimidate|boost
|-unboost|p1a: Indeedee|atk|1
|-fail|p1b: Dragapult|unboost|[from] ability: Clear Body|[of] p1b: Dragapult
|turn|1
|inactive|TTorr7474 has 30 seconds left.
|inactive|TTorr7474 has 20 seconds left.
|
|t:|1754879205
|-terastallize|p1a: Indeedee|Fighting
|move|p1a: Indeedee|Expanding Force|p2a: Kilowattrel|[spread] p2a
|-immune|p2b: Incineroar
|-enditem|p2a: Kilowattrel|Focus Sash
|-damage|p2a: Kilowattrel|1/100
|move|p1b: Dragapult|Dragon Darts|p2b: Incineroar
|-damage|p2b: Incineroar|64/100
|-anim|p1b: Dragapult|Dragon Darts|p2a: Kilowattrel
|-damage|p2a: Kilowattrel|0 fnt
|faint|p2a: Kilowattrel
|move|p2b: Incineroar|Knock Off|p1b: Dragapult
|-supereffective|p1b: Dragapult
|-damage|p1b: Dragapult|0 fnt
|-enditem|p1b: Dragapult|Choice Band|[from] move: Knock Off|[of] p2b: Incineroar
|faint|p1b: Dragapult
|
|upkeep
|
|t:|1754879228
|switch|p1b: Incineroar|Incineroar, L50, F|100/100
|switch|p2a: Porygon2|Porygon2, L50|100/100
|-ability|p2a: Porygon2|Download|boost
|-boost|p2a: Porygon2|atk|1
|-ability|p1b: Incineroar|Intimidate|boost
|-unboost|p2a: Porygon2|atk|1
|-unboost|p2b: Incineroar|atk|1
|turn|2
|
|t:|1754879247
|move|p1a: Indeedee|Expanding Force|p2b: Incineroar|[spread] p2a
|-immune|p2b: Incineroar
|-damage|p2a: Porygon2|66/100
|move|p2b: Incineroar|Parting Shot|p1a: Indeedee
|-unboost|p1a: Indeedee|atk|1
|-unboost|p1a: Indeedee|spa|1
|
|t:|1754879253
|switch|p2b: Ursaluna|Ursaluna, L50, F|100/100|[from] Parting Shot
|move|p1b: Incineroar|Taunt|p2a: Porygon2
|-start|p2a: Porygon2|move: Taunt
|cant|p2a: Porygon2|move: Taunt|Trick Room
|
|-status|p2b: Ursaluna|brn|[from] item: Flame Orb
|upkeep
|turn|3
|inactive|darthmorton has 30 seconds left.
|
|t:|1754879283
|switch|p2a: Incineroar|Incineroar, L50, M|64/100
|-ability|p2a: Incineroar|Intimidate|boost
|-unboost|p1a: Indeedee|atk|1
|-unboost|p1b: Incineroar|atk|1
|move|p1a: Indeedee|Expanding Force|p2a: Incineroar|[spread] p2b
|-immune|p2a: Incineroar
|-damage|p2b: Ursaluna|59/100 brn
|move|p2b: Ursaluna|Facade|p1b: Incineroar
|-damage|p1b: Incineroar|0 fnt
|faint|p1b: Incineroar
|
|-damage|p2b: Ursaluna|52/100 brn|[from] brn
|upkeep
|
|t:|1754879298
|switch|p1b: Typhlosion|Typhlosion-Hisui, L50, F|100/100
|turn|4
|
|t:|1754879319
|move|p2b: Ursaluna|Protect|p2b: Ursaluna
|-singleturn|p2b: Ursaluna|Protect
|move|p1a: Indeedee|Expanding Force|p2a: Incineroar|[spread] 
|-activate|p2b: Ursaluna|move: Protect
|-immune|p2a: Incineroar
|move|p1b: Typhlosion|Heat Wave|p2b: Ursaluna|[spread] 
|-activate|p2b: Ursaluna|move: Protect
|-miss|p1b: Typhlosion|p2a: Incineroar
|move|p2a: Incineroar|Knock Off|p1b: Typhlosion
|-supereffective|p1b: Typhlosion
|-damage|p1b: Typhlosion|0 fnt
|-enditem|p1b: Typhlosion|Choice Specs|[from] move: Knock Off|[of] p2a: Incineroar
|faint|p1b: Typhlosion
|
|-damage|p2b: Ursaluna|46/100 brn|[from] brn
|upkeep
|turn|5
|inactive|darthmorton has 30 seconds left.
|
|t:|1754879348
|switch|p2b: Porygon2|Porygon2, L50|66/100
|-ability|p2b: Porygon2|Download|boost
|-boost|p2b: Porygon2|atk|1
|move|p1a: Indeedee|Expanding Force|p2a: Incineroar|[spread] p2b
|-immune|p2a: Incineroar
|-damage|p2b: Porygon2|44/100
|move|p2a: Incineroar|Parting Shot|p1a: Indeedee
|-unboost|p1a: Indeedee|atk|1
|-unboost|p1a: Indeedee|spa|1
|
|t:|1754879350
|switch|p2a: Ursaluna|Ursaluna, L50, F|46/100 brn|[from] Parting Shot
|
|-damage|p2a: Ursaluna|40/100 brn|[from] brn
|-fieldend|move: Psychic Terrain
|upkeep
|turn|6
|
|t:|1754879356
|move|p1a: Indeedee|Expanding Force|p2b: Porygon2
|-damage|p2b: Porygon2|33/100
|move|p2a: Ursaluna|Facade|p1a: Indeedee
|-damage|p1a: Indeedee|0 fnt
|faint|p1a: Indeedee
|
|win|darthmorton
|raw|TTorr7474's rating: 1188 → 1167(-21 for losing)
|raw|darthmorton's rating: 1242 → 1263(+21 for winning)
|l|☆TTorr7474
|player|p1|
