|j|☆axcoquette
|j|☆breasc11
|html|axcoquettebreasc11    
|uhtml|bestof|Game 3 of a best-of-3
|t:|1784583201
|gametype|doubles
|player|p1|axcoquette|2|1219
|player|p2|breasc11|265|1256
|gen|9
|tier|[Gen 9 Champions] VGC 2026 Reg M-B (Bo3)
|rated|
|rule|Species Clause: Limit one of each Pokémon
|rule|Item Clause: Limit 1 of each item
|clearpoke
|poke|p1|Ceruledge, L50, F|
|poke|p1|Glimmora, L50, F|
|poke|p1|Weavile, L50, M|
|poke|p1|Raichu, L50, M|
|poke|p1|Whimsicott, L50, F|
|poke|p1|Milotic, L50, M|
|poke|p2|Charizard, L50, M|
|poke|p2|Floette-Eternal, L50, F|
|poke|p2|Garchomp, L50, F|
|poke|p2|Basculegion, L50, M|
|poke|p2|Incineroar, L50, M|
|poke|p2|Whimsicott, L50, M|
|teampreview|4
|showteam|p1|Ceruledge||ColburBerry|FlashFire|BitterBlade,ShadowSneak,BulkUp,Protect|Impish||F|||50|]Glimmora||Glimmoranite|ToxicDebris|SpikyShield,PowerGem,EarthPower,SludgeBomb|Timid||F|||50|]Weavile||FocusSash|Pressure|IcePunch,FakeOut,Protect,KnockOff|Jolly||M|||50|]Raichu||RaichuniteY|LightningRod|FakeOut,FocusBlast,ZapCannon,Protect|Timid||M|||50|]Whimsicott||FairyFeather|Prankster|Tailwind,Moonblast,Protect,Encore|Modest||F|||50|]Milotic||Leftovers|Competitive|Coil,Hypnosis,MuddyWater,Recover|Calm||M|||50|
|showteam|p2|Charizard||CharizarditeY|Blaze|HeatWave,WeatherBall,SolarBeam,Protect|Modest||M|||50|]Floette-Eternal||Floettite|FlowerVeil|Moonblast,DazzlingGleam,LightofRuin,Protect|Timid||F|||50|]Garchomp||LifeOrb|RoughSkin|StompingTantrum,DragonClaw,RockSlide,Protect|Jolly||F|||50|]Basculegion||MysticWater|Adaptability|WaveCrash,LastRespects,AquaJet,Protect|Adamant||M|||50|]Incineroar||SitrusBerry|Intimidate|FlareBlitz,ThroatChop,PartingShot,FakeOut|Careful||M|||50|]Whimsicott||FocusSash|Prankster|Moonblast,Tailwind,Encore,Protect|Timid||M|||50|
|inactive|Battle timer is ON: inactive players will automatically lose when time's up. (requested by axcoquette)
|inactive|axcoquette has 60 seconds left.
|inactive|breasc11 has 60 seconds left.
|
|t:|1784583240
|teamsize|p1|4
|teamsize|p2|4
|start
|switch|p1a: Whimsicott|Whimsicott, L50, F|100/100
|switch|p1b: Raichu|Raichu, L50, M|100/100
|switch|p2a: Whimsicott|Whimsicott, L50, M|100/100
|switch|p2b: Incineroar|Incineroar, L50, M|100/100
|-ability|p2b: Incineroar|Intimidate|boost
|-unboost|p1a: Whimsicott|atk|1
|-unboost|p1b: Raichu|atk|1
|turn|1
|inactive|axcoquette has 30 seconds left.
|inactive|axcoquette has 20 seconds left.
|inactive|axcoquette has 15 seconds left.
|
|t:|1784583281
|detailschange|p1b: Raichu|Raichu-Mega-Y, L50, M
|-mega|p1b: Raichu|Raichu|Raichunite Y
|move|p2b: Incineroar|Fake Out|p1a: Whimsicott
|-crit|p1a: Whimsicott
|-damage|p1a: Whimsicott|74/100
|move|p1b: Raichu|Zap Cannon|p2b: Incineroar
|-damage|p2b: Incineroar|53/100
|-status|p2b: Incineroar|par
|move|p2a: Whimsicott|Moonblast|p1b: Raichu
|-damage|p1b: Raichu|50/100g
|-unboost|p1b: Raichu|spa|1
|cant|p1a: Whimsicott|flinch
|
|upkeep
|turn|2
|inactive|axcoquette has 30 seconds left.
|
|t:|1784583309
|move|p1a: Whimsicott|Tailwind|p1a: Whimsicott
|-sidestart|p1: axcoquette|move: Tailwind
|move|p1b: Raichu|Focus Blast|p2b: Incineroar
|-supereffective|p2b: Incineroar|1
|-damage|p2b: Incineroar|5/100 par
|-enditem|p2b: Incineroar|Sitrus Berry|[eat]
|-heal|p2b: Incineroar|30/100 par|[from] item: Sitrus Berry
|move|p2a: Whimsicott|Moonblast|p1b: Raichu
|-damage|p1b: Raichu|2/100
|move|p2b: Incineroar|Parting Shot|p1a: Whimsicott
|-unboost|p1a: Whimsicott|atk|1
|-unboost|p1a: Whimsicott|spa|1
|
|t:|1784583317
|switch|p2b: Basculegion|Basculegion, L50, M|100/100|[from] Parting Shot
|
|upkeep
|turn|3
|
|t:|1784583335
|move|p1b: Raichu|Protect|p1b: Raichu
|-singleturn|p1b: Raichu|Protect
|move|p2b: Basculegion|Aqua Jet|p1b: Raichu
|-activate|p1b: Raichu|move: Protect
|move|p1a: Whimsicott|Moonblast|p2a: Whimsicott
|-damage|p2a: Whimsicott|51/100
|move|p2a: Whimsicott|Moonblast|p1a: Whimsicott
|-damage|p1a: Whimsicott|13/100
|
|upkeep
|turn|4
|
|t:|1784583353
|move|p2b: Basculegion|Aqua Jet|p1b: Raichu
|-damage|p1b: Raichu|0 fnt
|faint|p1b: Raichu
|move|p1a: Whimsicott|Moonblast|p2a: Whimsicott
|-crit|p2a: Whimsicott
|-damage|p2a: Whimsicott|0 fnt
|faint|p2a: Whimsicott
|
|upkeep
|
|t:|1784583365
|switch|p1b: Weavile|Weavile, L50, M|100/100
|switch|p2a: Incineroar|Incineroar, L50, M|30/100 par
|-ability|p1b: Weavile|Pressure
|-ability|p2a: Incineroar|Intimidate|boost
|-unboost|p1a: Whimsicott|atk|1
|-unboost|p1b: Weavile|atk|1
|turn|5
|
|t:|1784583380
|move|p1a: Whimsicott|Protect|p1a: Whimsicott
|-singleturn|p1a: Whimsicott|Protect
|move|p1b: Weavile|Protect|p1b: Weavile
|-singleturn|p1b: Weavile|Protect
|move|p2a: Incineroar|Fake Out|p1b: Weavile
|-activate|p1b: Weavile|move: Protect
|move|p2b: Basculegion|Last Respects|p1a: Whimsicott
|-activate|p1a: Whimsicott|move: Protect
|
|-sideend|p1: axcoquette|move: Tailwind
|upkeep
|turn|6
|inactive|breasc11 has 30 seconds left.
|
|t:|1784583407
|switch|p2a: Charizard|Charizard, L50, M|100/100
|move|p2b: Basculegion|Protect|p2b: Basculegion
|-singleturn|p2b: Basculegion|Protect
|move|p1b: Weavile|Knock Off|p2b: Basculegion
|-activate|p2b: Basculegion|move: Protect
|move|p1a: Whimsicott|Moonblast|p2b: Basculegion
|-activate|p2b: Basculegion|move: Protect
|
|upkeep
|turn|7
|
|t:|1784583421
|switch|p2b: Incineroar|Incineroar, L50, M|30/100 par
|-ability|p2b: Incineroar|Intimidate|boost
|-unboost|p1a: Whimsicott|atk|1
|-unboost|p1b: Weavile|atk|1
|detailschange|p2a: Charizard|Charizard-Mega-Y, L50, M
|-mega|p2a: Charizard|Charizard|Charizardite Y
|-weather|SunnyDay|[from] ability: Drought|[of] p2a: Charizard
|move|p1a: Whimsicott|Tailwind|p1a: Whimsicott
|-sidestart|p1: axcoquette|move: Tailwind
|move|p1b: Weavile|Knock Off|p2b: Incineroar
|-resisted|p2b: Incineroar|1
|-damage|p2b: Incineroar|24/100 par
|move|p2a: Charizard|Heat Wave|p1b: Weavile|[spread] p1a,p1b
|-supereffective|p1a: Whimsicott|1
|-supereffective|p1b: Weavile|1
|-damage|p1a: Whimsicott|0 fnt
|-enditem|p1b: Weavile|Focus Sash
|-damage|p1b: Weavile|1/100
|faint|p1a: Whimsicott
|
|-weather|SunnyDay|[upkeep]
|upkeep
|
|t:|1784583425
|switch|p1a: Ceruledge|Ceruledge, L50, F|100/100
|turn|8
|inactive|breasc11 has 30 seconds left.
|
|t:|1784583451
|move|p1b: Weavile|Protect|p1b: Weavile
|-singleturn|p1b: Weavile|Protect
|move|p1a: Ceruledge|Bulk Up|p1a: Ceruledge
|-boost|p1a: Ceruledge|atk|1
|-boost|p1a: Ceruledge|def|1
|move|p2a: Charizard|Weather Ball|p1b: Weavile
|-activate|p1b: Weavile|move: Protect
|move|p2b: Incineroar|Parting Shot|p1a: Ceruledge
|-unboost|p1a: Ceruledge|atk|1
|-unboost|p1a: Ceruledge|spa|1
|
|t:|1784583458
|switch|p2b: Basculegion|Basculegion, L50, M|100/100|[from] Parting Shot
|
|-weather|SunnyDay|[upkeep]
|upkeep
|turn|9
|
|t:|1784583469
|switch|p2b: Incineroar|Incineroar, L50, M|24/100 par
|-ability|p2b: Incineroar|Intimidate|boost
|-unboost|p1a: Ceruledge|atk|1
|-unboost|p1b: Weavile|atk|1
|move|p1b: Weavile|Knock Off|p2b: Incineroar
|-resisted|p2b: Incineroar|1
|-damage|p2b: Incineroar|18/100 par
|move|p1a: Ceruledge|Bulk Up|p1a: Ceruledge
|-boost|p1a: Ceruledge|atk|1
|-boost|p1a: Ceruledge|def|1
|move|p2a: Charizard|Weather Ball|p1b: Weavile
|-supereffective|p1b: Weavile|1
|-damage|p1b: Weavile|0 fnt
|faint|p1b: Weavile
|
|-weather|SunnyDay|[upkeep]
|upkeep
|turn|10
|
|t:|1784583487
|move|p1a: Ceruledge|Bulk Up|p1a: Ceruledge
|-boost|p1a: Ceruledge|atk|1
|-boost|p1a: Ceruledge|def|1
|move|p2a: Charizard|Solar Beam||[still]
|-prepare|p2a: Charizard|Solar Beam
|-anim|p2a: Charizard|Solar Beam|p1a: Ceruledge
|-resisted|p1a: Ceruledge|1
|-damage|p1a: Ceruledge|81/100
|cant|p2b: Incineroar|par
|
|-weather|SunnyDay|[upkeep]
|-sideend|p1: axcoquette|move: Tailwind
|upkeep
|turn|11
|
|t:|1784583503
|move|p2a: Charizard|Solar Beam||[still]
|-prepare|p2a: Charizard|Solar Beam
|-anim|p2a: Charizard|Solar Beam|p1a: Ceruledge
|-resisted|p1a: Ceruledge|1
|-damage|p1a: Ceruledge|63/100
|move|p1a: Ceruledge|Bitter Blade|p2b: Incineroar
|-resisted|p2b: Incineroar|1
|-damage|p2b: Incineroar|0 fnt
|-heal|p1a: Ceruledge|73/100|[from] drain|[of] p2b: Incineroar
|faint|p2b: Incineroar
|
|-weather|none
|upkeep
|
|t:|1784583506
|switch|p2b: Basculegion|Basculegion, L50, M|100/100
|turn|12
|
|t:|1784583521
|move|p2b: Basculegion|Aqua Jet|p1a: Ceruledge
|-supereffective|p1a: Ceruledge|1
|-damage|p1a: Ceruledge|49/100
|move|p1a: Ceruledge|Shadow Sneak|p2b: Basculegion
|-supereffective|p2b: Basculegion|1
|-damage|p2b: Basculegion|39/100
|move|p2a: Charizard|Weather Ball|p1a: Ceruledge
|-immune|p1a: Ceruledge
|
|upkeep
|turn|13
|
|t:|1784583543
|move|p2b: Basculegion|Aqua Jet|p1a: Ceruledge
|-supereffective|p1a: Ceruledge|1
|-damage|p1a: Ceruledge|20/100y
|move|p1a: Ceruledge|Shadow Sneak|p2b: Basculegion
|-supereffective|p2b: Basculegion|1
|-damage|p2b: Basculegion|0 fnt
|faint|p2b: Basculegion
|move|p2a: Charizard|Weather Ball|p1a: Ceruledge
|-immune|p1a: Ceruledge
|
|upkeep
|turn|14
|-message|breasc11 forfeited.
|raw|axcoquette's rating: 1219 → 1247(+28 for winning)
|raw|breasc11's rating: 1256 → 1228(-28 for losing)
|
|win|axcoquette
