|j|☆BongCloudAttack
|j|☆MrPhoenixGC
|html|BongCloudAttackMrPhoenixGC    
|uhtml|bestof|Game 1 of a best-of-3
|t:|1757643234
|gametype|doubles
|player|p1|BongCloudAttack|1|1134
|player|p2|MrPhoenixGC|steven|1117
|gen|9
|tier|[Gen 9] VGC 2025 Reg H (Bo3)
|rated|
|rule|Species Clause: Limit one of each Pokémon
|rule|Item Clause: Limit 1 of each item
|clearpoke
|poke|p1|Ursaluna, L50, M|
|poke|p1|Porygon2, L50|
|poke|p1|Gholdengo, L50|
|poke|p1|Incineroar, L50, M|
|poke|p1|Sylveon, L50, M|
|poke|p1|Kilowattrel, L50, F|
|poke|p2|Gholdengo, L50|
|poke|p2|Pelipper, L50, F|
|poke|p2|Archaludon, L50, F|
|poke|p2|Ursaluna, L50, M|
|poke|p2|Dragonite, L50, F|
|poke|p2|Sinistcha, L50|
|teampreview|4
|showteam|p1|Ursaluna||FlameOrb|Guts|Facade,HeadlongRush,Earthquake,Protect|||M|||50|,,,,,Ghost]Porygon2||Eviolite|Download|IceBeam,TeraBlast,Recover,TrickRoom||||||50|,,,,,Fighting]Gholdengo||MetalCoat|GoodasGold|MakeItRain,ShadowBall,NastyPlot,Protect||||||50|,,,,,Water]Incineroar||AssaultVest|Intimidate|FlareBlitz,KnockOff,Uturn,FakeOut|||M|||50|,,,,,Bug]Sylveon||LifeOrb|Pixilate|HyperVoice,TeraBlast,QuickAttack,Protect|||M|||50|,,,,,Water]Kilowattrel||FocusSash|Competitive|Thunderbolt,AirSlash,Tailwind,Protect|||F|||50|,,,,,Ghost
|showteam|p2|Gholdengo||LifeOrb|GoodasGold|MakeItRain,ShadowBall,NastyPlot,Protect||||||50|,,,,,Dragon]Pelipper||FocusSash|Drizzle|Protect,MuddyWater,Hurricane,WideGuard|||F|||50|,,,,,Ground]Archaludon||AssaultVest|Stamina|BodyPress,Snarl,ElectroShot,FlashCannon|||F|||50|,,,,,Bug]Ursaluna||FlameOrb|Guts|Protect,Facade,Earthquake,HeadlongRush|||M|||50|,,,,,Ghost]Dragonite||LoadedDice|Multiscale|ScaleShot,Haze,Tailwind,Protect|||F|||50|,,,,,Fairy]Sinistcha||SitrusBerry|Hospitality|TrickRoom,MatchaGotcha,LifeDew,RagePowder||||||50|,,,,,Dark
|
|t:|1757643292
|teamsize|p1|4
|teamsize|p2|4
|start
|switch|p1a: Kilowattrel|Kilowattrel, L50, F|100/100
|switch|p1b: Sylveon|Sylveon, L50, M|100/100
|switch|p2a: Gholdengo|Gholdengo, L50|100/100
|switch|p2b: Dragonite|Dragonite, L50, F|100/100
|turn|1
|
|t:|1757643320
|-terastallize|p1b: Sylveon|Water
|move|p1a: Kilowattrel|Thunderbolt|p2a: Gholdengo
|-damage|p2a: Gholdengo|48/100
|move|p2a: Gholdengo|Nasty Plot|p2a: Gholdengo
|-boost|p2a: Gholdengo|spa|2
|move|p2b: Dragonite|Tailwind|p2b: Dragonite
|-sidestart|p2: MrPhoenixGC|move: Tailwind
|move|p1b: Sylveon|Tera Blast|p2a: Gholdengo|[anim] Tera Blast Water
|-damage|p2a: Gholdengo|0 fnt
|faint|p2a: Gholdengo
|-damage|p1b: Sylveon|91/100|[from] item: Life Orb
|
|upkeep
|
|t:|1757643333
|switch|p2a: Archaludon|Archaludon, L50, F|100/100
|turn|2
|
|t:|1757643373
|switch|p1a: Porygon2|Porygon2, L50|100/100
|-ability|p1a: Porygon2|Download|boost
|-boost|p1a: Porygon2|spa|1
|move|p1b: Sylveon|Protect|p1b: Sylveon
|-singleturn|p1b: Sylveon|Protect
|move|p2b: Dragonite|Scale Shot|p1b: Sylveon
|-activate|p1b: Sylveon|move: Protect
|move|p2a: Archaludon|Body Press|p1a: Porygon2
|-supereffective|p1a: Porygon2
|-damage|p1a: Porygon2|67/100
|
|upkeep
|turn|3
|
|t:|1757643391
|move|p2b: Dragonite|Scale Shot|p1a: Porygon2
|-damage|p1a: Porygon2|58/100
|-damage|p1a: Porygon2|48/100
|-damage|p1a: Porygon2|37/100
|-damage|p1a: Porygon2|28/100
|-hitcount|p1a: Porygon2|4
|-unboost|p2b: Dragonite|def|1
|-boost|p2b: Dragonite|spe|1
|move|p2a: Archaludon|Body Press|p1a: Porygon2
|-supereffective|p1a: Porygon2
|-damage|p1a: Porygon2|0 fnt
|faint|p1a: Porygon2
|move|p1b: Sylveon|Hyper Voice|p2b: Dragonite|[spread] p2a,p2b
|-supereffective|p2b: Dragonite
|-damage|p2a: Archaludon|67/100
|-damage|p2b: Dragonite|48/100
|-ability|p2a: Archaludon|Stamina|boost
|-boost|p2a: Archaludon|def|1
|-damage|p1b: Sylveon|81/100|[from] item: Life Orb
|
|upkeep
|
|t:|1757643401
|switch|p1a: Gholdengo|Gholdengo, L50|100/100
|turn|4
|
|t:|1757643429
|move|p2b: Dragonite|Protect|p2b: Dragonite
|-singleturn|p2b: Dragonite|Protect
|move|p1b: Sylveon|Protect|p1b: Sylveon
|-singleturn|p1b: Sylveon|Protect
|move|p2a: Archaludon|Body Press|p1b: Sylveon
|-activate|p1b: Sylveon|move: Protect
|move|p1a: Gholdengo|Nasty Plot|p1a: Gholdengo
|-boost|p1a: Gholdengo|spa|2
|
|-sideend|p2: MrPhoenixGC|move: Tailwind
|upkeep
|turn|5
|
|t:|1757643446
|move|p2b: Dragonite|Haze|p2b: Dragonite
|-clearallboost
|move|p2a: Archaludon|Body Press|p1b: Sylveon
|-damage|p1b: Sylveon|47/100
|move|p1a: Gholdengo|Make It Rain|p2a: Archaludon|[spread] p2a,p2b
|-resisted|p2a: Archaludon
|-damage|p2a: Archaludon|46/100
|-damage|p2b: Dragonite|0 fnt
|-unboost|p1a: Gholdengo|spa|1
|-ability|p2a: Archaludon|Stamina|boost
|-boost|p2a: Archaludon|def|1
|faint|p2b: Dragonite
|move|p1b: Sylveon|Hyper Voice|p2a: Archaludon
|-damage|p2a: Archaludon|0 fnt
|faint|p2a: Archaludon
|-damage|p1b: Sylveon|37/100|[from] item: Life Orb
|
|upkeep
|
|t:|1757643481
|switch|p2b: Ursaluna|Ursaluna, L50, M|100/100
|turn|6
|
|t:|1757643499
|switch|p1a: Kilowattrel|Kilowattrel, L50, F|100/100
|move|p2b: Ursaluna|Protect|p2b: Ursaluna
|-singleturn|p2b: Ursaluna|Protect
|move|p1b: Sylveon|Tera Blast|p2b: Ursaluna|[anim] Tera Blast Water
|-activate|p2b: Ursaluna|move: Protect
|
|-status|p2b: Ursaluna|brn|[from] item: Flame Orb
|upkeep
|turn|7
|
|t:|1757643512
|-terastallize|p2b: Ursaluna|Ghost
|move|p1a: Kilowattrel|Air Slash|p2b: Ursaluna
|-damage|p2b: Ursaluna|67/100 brn
|move|p2b: Ursaluna|Facade|p1a: Kilowattrel
|-enditem|p1a: Kilowattrel|Focus Sash
|-damage|p1a: Kilowattrel|1/100
|move|p1b: Sylveon|Tera Blast|p2b: Ursaluna|[anim] Tera Blast Water
|-damage|p2b: Ursaluna|12/100 brn
|-damage|p1b: Sylveon|27/100|[from] item: Life Orb
|
|-damage|p2b: Ursaluna|6/100 brn|[from] brn
|upkeep
|turn|8
|
|t:|1757643528
|move|p1b: Sylveon|Quick Attack|p2b: Ursaluna
|-damage|p2b: Ursaluna|0 fnt
|faint|p2b: Ursaluna
|-damage|p1b: Sylveon|18/100|[from] item: Life Orb
|
|win|BongCloudAttack
||BongCloudAttack is ready for game 2.
