|j|☆KPR21
|j|☆monsoonisbest
|html|KPR21monsoonisbest    
|uhtml|bestof|Game 1 of a best-of-3
|t:|1783802139
|gametype|doubles
|player|p1|KPR21|marshal|1160
|player|p2|monsoonisbest|101|1179
|gen|9
|tier|[Gen 9 Champions] VGC 2026 Reg M-B (Bo3)
|rated|
|rule|Species Clause: Limit one of each Pokémon
|rule|Item Clause: Limit 1 of each item
|clearpoke
|poke|p1|Torkoal, L50, F|
|poke|p1|Pyroar, L50, F|
|poke|p1|Whimsicott, L50, F|
|poke|p1|Farigiraf, L50, F|
|poke|p1|Mamoswine, L50, F|
|poke|p1|Vileplume, L50, M|
|poke|p2|Gengar, L50, F|
|poke|p2|Incineroar, L50, F|
|poke|p2|Politoed, L50, M, shiny|
|poke|p2|Archaludon, L50, M|
|poke|p2|Vivillon, L50, M|
|poke|p2|Swampert, L50, F|
|teampreview|4
|showteam|p1|Torkoal||Charcoal|Drought|Protect,HelpingHand,Eruption,Flamethrower|Modest||F|||50|]Pyroar||Pyroarite|Unnerve|HeatWave,SolarBeam,Overheat,Protect|Timid||F|||50|]Whimsicott||FocusSash|Prankster|Moonblast,SunnyDay,Tailwind,Protect|Timid||F|||50|]Farigiraf||SitrusBerry|ArmorTail|TwinBeam,Thunderbolt,TrickRoom,HelpingHand|Bold||F|||50|]Mamoswine||NeverMeltIce|ThickFat|IceShard,Protect,HighHorsepower,SmackDown|Adamant||F|||50|]Vileplume||BigRoot|Chlorophyll|Protect,StrengthSap,GigaDrain,LeechSeed|Modest||M|||50|
|showteam|p2|Gengar||Gengarite|CursedBody|ShadowBall,SludgeBomb,PerishSong,Protect|Timid||F|||50|]Incineroar||PasshoBerry|Intimidate|PartingShot,DarkestLariat,Protect,FakeOut|Sassy||F|||50|]Politoed||SitrusBerry|Drizzle|WeatherBall,PerishSong,Encore,Protect|Calm||M|||50|]Archaludon||Leftovers|Stamina|DragonPulse,FlashCannon,ElectroShot,Protect|Bold||M|||50|]Vivillon||FocusSash|CompoundEyes|Hurricane,SleepPowder,RagePowder,Protect|Timid||M|||50|]Swampert||Swampertite|Torrent|WaveCrash,IcePunch,Earthquake,Protect|Adamant||F|||50|
|inactive|Battle timer is ON: inactive players will automatically lose when time's up. (requested by KPR21)
|inactive|KPR21 has 60 seconds left.
|
|t:|1783802210
|teamsize|p1|4
|teamsize|p2|4
|start
|switch|p1a: Torkoal|Torkoal, L50, F|100/100
|switch|p1b: Vileplume|Vileplume, L50, M|100/100
|switch|p2a: Incineroar|Incineroar, L50, F|100/100
|switch|p2b: Swampert|Swampert, L50, F|100/100
|-ability|p2a: Incineroar|Intimidate|boost
|-unboost|p1a: Torkoal|atk|1
|-unboost|p1b: Vileplume|atk|1
|-weather|SunnyDay|[from] ability: Drought|[of] p1a: Torkoal
|turn|1
|
|t:|1783802227
|detailschange|p2b: Swampert|Swampert-Mega, L50, F
|-mega|p2b: Swampert|Swampert|Swampertite
|move|p1b: Vileplume|Protect|p1b: Vileplume
|-singleturn|p1b: Vileplume|Protect
|move|p1a: Torkoal|Protect|p1a: Torkoal
|-singleturn|p1a: Torkoal|Protect
|move|p2a: Incineroar|Fake Out|p1b: Vileplume
|-activate|p1b: Vileplume|move: Protect
|move|p2b: Swampert|Wave Crash|p1a: Torkoal
|-activate|p1a: Torkoal|move: Protect
|
|-weather|SunnyDay|[upkeep]
|upkeep
|turn|2
|inactive|monsoonisbest has 30 seconds left.
|
|t:|1783802259
|switch|p2a: Politoed|Politoed, L50, M, shiny|100/100
|-weather|RainDance|[from] ability: Drizzle|[of] p2a: Politoed
|switch|p1a: Whimsicott|Whimsicott, L50, F|100/100
|move|p2b: Swampert|Ice Punch|p1b: Vileplume
|-supereffective|p1b: Vileplume|1
|-damage|p1b: Vileplume|23/100
|move|p1b: Vileplume|Giga Drain|p2b: Swampert
|-supereffective|p2b: Swampert|2
|-damage|p2b: Swampert|0 fnt
|-heal|p1b: Vileplume|100/100|[from] drain|[of] p2b: Swampert
|faint|p2b: Swampert
|
|-weather|RainDance|[upkeep]
|upkeep
|
|t:|1783802267
|switch|p2b: Vivillon|Vivillon, L50, M|100/100
|turn|3
|
|t:|1783802280
|switch|p2a: Incineroar|Incineroar, L50, F|100/100
|-ability|p2a: Incineroar|Intimidate|boost
|-unboost|p1a: Whimsicott|atk|1
|-unboost|p1b: Vileplume|atk|1
|move|p1a: Whimsicott|Sunny Day|p1a: Whimsicott
|-weather|SunnyDay
|move|p1b: Vileplume|Giga Drain|p2a: Incineroar
|-resisted|p2a: Incineroar|1
|-damage|p2a: Incineroar|87/100
|move|p2b: Vivillon|Hurricane|p1b: Vileplume
|-supereffective|p1b: Vileplume|1
|-damage|p1b: Vileplume|3/100
|
|-weather|SunnyDay|[upkeep]
|upkeep
|turn|4
|
|t:|1783802305
|move|p1b: Vileplume|Protect|p1b: Vileplume
|-singleturn|p1b: Vileplume|Protect
|move|p2a: Incineroar|Fake Out|p1a: Whimsicott
|-damage|p1a: Whimsicott|83/100
|cant|p1a: Whimsicott|flinch
|move|p2b: Vivillon|Hurricane|p1a: Whimsicott
|-supereffective|p1a: Whimsicott|1
|-damage|p1a: Whimsicott|0 fnt
|faint|p1a: Whimsicott
|
|-weather|SunnyDay|[upkeep]
|upkeep
|
|t:|1783802315
|switch|p1a: Pyroar|Pyroar, L50, F|100/100
|-ability|p1a: Pyroar|Unnerve
|turn|5
|
|t:|1783802324
|detailschange|p1a: Pyroar|Pyroar-Mega, L50, F
|-mega|p1a: Pyroar|Pyroar|Pyroarite
|move|p2b: Vivillon|Protect|p2b: Vivillon
|-singleturn|p2b: Vivillon|Protect
|move|p1b: Vileplume|Strength Sap|p2a: Incineroar
|-unboost|p2a: Incineroar|atk|1
|-heal|p1b: Vileplume|100/100
|move|p1a: Pyroar|Heat Wave|p2a: Incineroar|[spread] p2a
|-activate|p2b: Vivillon|move: Protect
|-resisted|p2a: Incineroar|1
|-damage|p2a: Incineroar|53/100
|move|p2a: Incineroar|Parting Shot|p1a: Pyroar
|-unboost|p1a: Pyroar|atk|1
|-unboost|p1a: Pyroar|spa|1
|
|t:|1783802332
|switch|p2a: Politoed|Politoed, L50, M, shiny|100/100|[from] Parting Shot
|-weather|RainDance|[from] ability: Drizzle|[of] p2a: Politoed
|
|-weather|RainDance|[upkeep]
|upkeep
|turn|6
|
|t:|1783802346
|switch|p2b: Incineroar|Incineroar, L50, F|53/100
|-ability|p2b: Incineroar|Intimidate|boost
|-unboost|p1a: Pyroar|atk|1
|-unboost|p1b: Vileplume|atk|1
|switch|p1b: Torkoal|Torkoal, L50, F|100/100
|-weather|SunnyDay|[from] ability: Drought|[of] p1b: Torkoal
|move|p1a: Pyroar|Heat Wave|p2b: Incineroar|[spread] p2a,p2b
|-resisted|p2a: Politoed|1
|-crit|p2a: Politoed
|-resisted|p2b: Incineroar|1
|-damage|p2a: Politoed|54/100
|-damage|p2b: Incineroar|34/100
|move|p2a: Politoed|Weather Ball|p1b: Torkoal
|-resisted|p1b: Torkoal|1
|-damage|p1b: Torkoal|81/100
|
|-weather|SunnyDay|[upkeep]
|upkeep
|turn|7
|inactive|KPR21 has 30 seconds left.
|
|t:|1783802373
|switch|p1a: Vileplume|Vileplume, L50, M|100/100
|move|p2b: Incineroar|Fake Out|p1a: Vileplume
|-damage|p1a: Vileplume|86/100
|move|p2a: Politoed|Weather Ball|p1b: Torkoal
|-resisted|p1b: Torkoal|1
|-damage|p1b: Torkoal|63/100
|move|p1b: Torkoal|Flamethrower|p2a: Politoed
|-resisted|p2a: Politoed|1
|-damage|p2a: Politoed|28/100
|-enditem|p2a: Politoed|Sitrus Berry|[eat]
|-heal|p2a: Politoed|53/100|[from] item: Sitrus Berry
|
|-weather|SunnyDay|[upkeep]
|upkeep
|turn|8
|
|t:|1783802391
|move|p1a: Vileplume|Giga Drain|p2a: Politoed
|-supereffective|p2a: Politoed|1
|-damage|p2a: Politoed|0 fnt
|-heal|p1a: Vileplume|100/100|[from] drain|[of] p2a: Politoed
|faint|p2a: Politoed
|move|p2b: Incineroar|Parting Shot|p1b: Torkoal
|-unboost|p1b: Torkoal|atk|1
|-unboost|p1b: Torkoal|spa|1
|
|t:|1783802394
|switch|p2b: Vivillon|Vivillon, L50, M|100/100|[from] Parting Shot
|move|p1b: Torkoal|Flamethrower|p2b: Vivillon
|-supereffective|p2b: Vivillon|1
|-enditem|p2b: Vivillon|Focus Sash
|-damage|p2b: Vivillon|1/100
|
|-weather|SunnyDay|[upkeep]
|upkeep
|
|t:|1783802395
|switch|p2a: Incineroar|Incineroar, L50, F|34/100
|-ability|p2a: Incineroar|Intimidate|boost
|-unboost|p1a: Vileplume|atk|1
|-unboost|p1b: Torkoal|atk|1
|turn|9
|
|t:|1783802407
|move|p1a: Vileplume|Protect|p1a: Vileplume
|-singleturn|p1a: Vileplume|Protect
|move|p1b: Torkoal|Protect|p1b: Torkoal
|-singleturn|p1b: Torkoal|Protect
|move|p2a: Incineroar|Fake Out|p1a: Vileplume
|-activate|p1a: Vileplume|move: Protect
|move|p2b: Vivillon|Sleep Powder|p1b: Torkoal
|-activate|p1b: Torkoal|move: Protect
|
|-weather|SunnyDay|[upkeep]
|upkeep
|turn|10
|
|t:|1783802424
|move|p2b: Vivillon|Protect|p2b: Vivillon
|-singleturn|p2b: Vivillon|Protect
|move|p2a: Incineroar|Protect|p2a: Incineroar
|-singleturn|p2a: Incineroar|Protect
|move|p1a: Vileplume|Giga Drain|p2b: Vivillon
|-activate|p2b: Vivillon|move: Protect
|move|p1b: Torkoal|Eruption|p2a: Incineroar|[spread] 
|-activate|p2a: Incineroar|move: Protect
|-activate|p2b: Vivillon|move: Protect
|
|-weather|none
|upkeep
|turn|11
|
|t:|1783802441
|switch|p1b: Pyroar|Pyroar-Mega, L50, F|100/100
|move|p1a: Vileplume|Protect|p1a: Vileplume
|-singleturn|p1a: Vileplume|Protect
|move|p2b: Vivillon|Hurricane|p1a: Vileplume
|-activate|p1a: Vileplume|move: Protect
|move|p2a: Incineroar|Darkest Lariat|p1a: Vileplume
|-activate|p1a: Vileplume|move: Protect
|
|upkeep
|turn|12
|
|t:|1783802456
|switch|p1b: Torkoal|Torkoal, L50, F|63/100
|-weather|SunnyDay|[from] ability: Drought|[of] p1b: Torkoal
|move|p1a: Vileplume|Giga Drain|p2b: Vivillon
|-resisted|p2b: Vivillon|2
|-damage|p2b: Vivillon|0 fnt
|faint|p2b: Vivillon
|move|p2a: Incineroar|Darkest Lariat|p1a: Vileplume
|-damage|p1a: Vileplume|62/100
|
|-weather|SunnyDay|[upkeep]
|upkeep
|turn|13
|-message|monsoonisbest forfeited.
|
|win|KPR21
