|j|☆me vs you
|j|☆jsajsajs
|html|me vs youjsajsajs    
|uhtml|bestof|Game 1 of a best-of-3
|t:|1757723318
|gametype|doubles
|player|p1|me vs you|sightseerf|1069
|player|p2|jsajsajs|blue|1046
|gen|9
|tier|[Gen 9] VGC 2025 Reg H (Bo3)
|rated|
|rule|Species Clause: Limit one of each Pokémon
|rule|Item Clause: Limit 1 of each item
|clearpoke
|poke|p1|Charizard, L50, F|
|poke|p1|Jumpluff, L50, M|
|poke|p1|Torkoal, L50, F|
|poke|p1|Ursaluna, L50, M|
|poke|p1|Porygon2, L50|
|poke|p1|Incineroar, L50, M|
|poke|p2|Dragonite, L50, M|
|poke|p2|Amoonguss, L50, F|
|poke|p2|Ursaluna, L50, M|
|poke|p2|Smeargle, L50, M|
|poke|p2|Gholdengo, L50|
|poke|p2|Incineroar, L50, M|
|teampreview|4
|showteam|p1|Charizard||ChoiceSpecs|SolarPower|HeatWave,Overheat,SolarBeam,WeatherBall|||F|||50|,,,,,Ghost]Jumpluff||FocusSash|Chlorophyll|Encore,RagePowder,SunnyDay,Tailwind|||M|||50|,,,,,Ghost]Torkoal||EjectPack|Drought|Eruption,Bulldoze,HeatWave,WillOWisp|||F|||50|,,,,,Fire]Ursaluna||FlameOrb|Guts|Earthquake,HeadlongRush,Facade,Protect|||M|||50|,,,,,Ground]Porygon2||Eviolite|Download|TrickRoom,TeraBlast,Psyshock,IceBeam||||||50|,,,,,Fighting]Incineroar||AssaultVest|Intimidate|FakeOut,KnockOff,FlareBlitz,Uturn|||M|||50|,,,,,Fire
|showteam|p2|Dragonite||LoadedDice|Multiscale|ScaleShot,ExtremeSpeed,Haze,Protect|||M|||50|,,,,,Fairy]Amoonguss||RockyHelmet|Regenerator|PollenPuff,Spore,RagePowder,Protect|||F|||50|,,,,,Water]Ursaluna||FlameOrb|Guts|HeadlongRush,Facade,Earthquake,Protect|||M|||50|,,,,,Ghost]Smeargle||FocusSash|Moody|Endeavor,Spore,FollowMe,SpikyShield|||M|||50|,,,,,Ghost]Gholdengo||Leftovers|GoodasGold|MakeItRain,ShadowBall,NastyPlot,Protect||||||50|,,,,,Fairy]Incineroar||SafetyGoggles|Intimidate|FlareBlitz,KnockOff,FakeOut,PartingShot|||M|||50|,,,,,Ghost
|inactive|Battle timer is ON: inactive players will automatically lose when time's up. (requested by me vs you)
|inactive|jsajsajs has 60 seconds left.
|inactive|jsajsajs has 30 seconds left.
|
|t:|1757723393
|teamsize|p1|4
|teamsize|p2|4
|start
|switch|p1a: Torkoal|Torkoal, L50, F|100/100
|switch|p1b: Jumpluff|Jumpluff, L50, M, shiny|100/100
|switch|p2a: Smeargle|Smeargle, L50, M, shiny|100/100
|switch|p2b: Incineroar|Incineroar, L50, M|100/100
|-ability|p2b: Incineroar|Intimidate|boost
|-unboost|p1a: Torkoal|atk|1
|-unboost|p1b: Jumpluff|atk|1
|-weather|SunnyDay|[from] ability: Drought|[of] p1a: Torkoal
|-enditem|p1a: Torkoal|Eject Pack
|
|t:|1757723414
|switch|p1a: Charizard|Charizard, L50, F, shiny|100/100
|turn|1
|inactive|jsajsajs has 30 seconds left.
|inactive|jsajsajs has 20 seconds left.
|
|t:|1757723452
|-terastallize|p1a: Charizard|Ghost
|move|p1b: Jumpluff|Rage Powder|p1b: Jumpluff
|-singleturn|p1b: Jumpluff|move: Rage Powder
|move|p1a: Charizard|Heat Wave|p2b: Incineroar|[spread] p2a,p2b
|-resisted|p2b: Incineroar
|-enditem|p2a: Smeargle|Focus Sash
|-damage|p2a: Smeargle|1/100
|-damage|p2b: Incineroar|55/100
|move|p2a: Smeargle|Endeavor|p1b: Jumpluff
|-damage|p1b: Jumpluff|1/100
|move|p2b: Incineroar|Knock Off|p1b: Jumpluff
|-damage|p1b: Jumpluff|0 fnt
|-enditem|p1b: Jumpluff|Focus Sash|[from] move: Knock Off|[of] p2b: Incineroar
|faint|p1b: Jumpluff
|
|-weather|SunnyDay|[upkeep]
|-damage|p1a: Charizard|88/100|[from] ability: Solar Power|[of] p1a: Charizard
|-ability|p2a: Smeargle|Moody|boost
|-boost|p2a: Smeargle|spa|2
|-unboost|p2a: Smeargle|def|1
|upkeep
|
|t:|1757723465
|switch|p1b: Incineroar|Incineroar, L50, M|100/100
|-ability|p1b: Incineroar|Intimidate|boost
|-unboost|p2a: Smeargle|atk|1
|-unboost|p2b: Incineroar|atk|1
|turn|2
|
|t:|1757723489
|move|p2a: Smeargle|Spiky Shield|p2a: Smeargle
|-singleturn|p2a: Smeargle|move: Protect
|move|p1b: Incineroar|Fake Out|p2b: Incineroar
|-damage|p2b: Incineroar|42/100
|move|p1a: Charizard|Heat Wave|p2a: Smeargle|[spread] p2b
|-activate|p2a: Smeargle|move: Protect
|-resisted|p2b: Incineroar
|-damage|p2b: Incineroar|0 fnt
|faint|p2b: Incineroar
|
|-weather|SunnyDay|[upkeep]
|-damage|p1a: Charizard|76/100|[from] ability: Solar Power|[of] p1a: Charizard
|-ability|p2a: Smeargle|Moody|boost
|-boost|p2a: Smeargle|spe|2
|-unboost|p2a: Smeargle|atk|1
|upkeep
|inactive|jsajsajs has 30 seconds left.
|
|t:|1757723518
|switch|p2b: Dragonite|Dragonite, L50, M|100/100
|turn|3
|inactive|jsajsajs has 30 seconds left.
|
|t:|1757723547
|switch|p1a: Torkoal|Torkoal, L50, F|100/100
|move|p2a: Smeargle|Spore|p1b: Incineroar
|-status|p1b: Incineroar|slp|[from] move: Spore
|move|p2b: Dragonite|Scale Shot|p1a: Torkoal|[miss]
|-miss|p2b: Dragonite|p1a: Torkoal
|cant|p1b: Incineroar|slp
|
|-weather|SunnyDay|[upkeep]
|-ability|p2a: Smeargle|Moody|boost
|-boost|p2a: Smeargle|spa|2
|-unboost|p2a: Smeargle|spe|1
|upkeep
|turn|4
|
|t:|1757723564
|move|p2a: Smeargle|Endeavor|p1b: Incineroar
|-damage|p1b: Incineroar|1/100 slp
|move|p2b: Dragonite|Scale Shot|p1a: Torkoal
|-damage|p1a: Torkoal|90/100
|-damage|p1a: Torkoal|81/100
|-damage|p1a: Torkoal|72/100
|-damage|p1a: Torkoal|63/100
|-hitcount|p1a: Torkoal|4
|-unboost|p2b: Dragonite|def|1
|-boost|p2b: Dragonite|spe|1
|-curestatus|p1b: Incineroar|slp|[msg]
|move|p1b: Incineroar|U-turn|p2a: Smeargle
|-damage|p2a: Smeargle|0 fnt
|faint|p2a: Smeargle
|
|t:|1757723579
|switch|p1b: Charizard|Charizard, L50, F, shiny, tera:Ghost|76/100|[from] U-turn
|move|p1a: Torkoal|Bulldoze|p2b: Dragonite|[spread] p1b
|-immune|p2b: Dragonite
|-damage|p1b: Charizard|63/100
|-unboost|p1b: Charizard|spe|1
|
|-weather|SunnyDay|[upkeep]
|-damage|p1b: Charizard|50/100|[from] ability: Solar Power|[of] p1b: Charizard
|upkeep
|
|t:|1757723587
|switch|p2a: Gholdengo|Gholdengo, L50|100/100
|turn|5
|
|t:|1757723606
|switch|p1b: Incineroar|Incineroar, L50, M|1/100
|-ability|p1b: Incineroar|Intimidate|boost
|-unboost|p2a: Gholdengo|atk|1
|-unboost|p2b: Dragonite|atk|1
|-terastallize|p2a: Gholdengo|Fairy
|move|p2b: Dragonite|Scale Shot|p1a: Torkoal
|-damage|p1a: Torkoal|56/100
|-damage|p1a: Torkoal|51/100
|-damage|p1a: Torkoal|44/100
|-damage|p1a: Torkoal|37/100
|-hitcount|p1a: Torkoal|4
|-unboost|p2b: Dragonite|def|1
|-boost|p2b: Dragonite|spe|1
|move|p2a: Gholdengo|Make It Rain|p1a: Torkoal|[spread] p1a,p1b
|-resisted|p1a: Torkoal
|-resisted|p1b: Incineroar
|-damage|p1a: Torkoal|12/100
|-damage|p1b: Incineroar|0 fnt
|-unboost|p2a: Gholdengo|spa|1
|faint|p1b: Incineroar
|move|p1a: Torkoal|Heat Wave|p2a: Gholdengo|[spread] p2b
|-miss|p1a: Torkoal|p2a: Gholdengo
|-resisted|p2b: Dragonite
|-crit|p2b: Dragonite
|-damage|p2b: Dragonite|89/100
|-status|p2b: Dragonite|brn
|
|-weather|none
|-damage|p2b: Dragonite|83/100 brn|[from] brn
|upkeep
|
|t:|1757723629
|switch|p1b: Charizard|Charizard, L50, F, shiny, tera:Ghost|50/100
|turn|6
|
|t:|1757723647
|move|p2b: Dragonite|Scale Shot|p1b: Charizard
|-damage|p1b: Charizard|44/100
|-damage|p1b: Charizard|38/100
|-damage|p1b: Charizard|33/100
|-damage|p1b: Charizard|27/100
|-damage|p1b: Charizard|21/100
|-hitcount|p1b: Charizard|5
|-unboost|p2b: Dragonite|def|1
|-boost|p2b: Dragonite|spe|1
|move|p1b: Charizard|Overheat|p2a: Gholdengo
|-damage|p2a: Gholdengo|0 fnt
|-unboost|p1b: Charizard|spa|2
|faint|p2a: Gholdengo
|move|p1a: Torkoal|Will-O-Wisp|p2b: Dragonite
|-fail|p2b: Dragonite|brn
|
|-damage|p2b: Dragonite|77/100 brn|[from] brn
|upkeep
|turn|7
|c|☆me vs you|damn did i burn u
|c|☆me vs you|and crit
|inactive|me vs you has 30 seconds left.
|
|t:|1757723678
|move|p2b: Dragonite|Scale Shot|p1b: Charizard
|-damage|p1b: Charizard|16/100
|-damage|p1b: Charizard|10/100
|-damage|p1b: Charizard|4/100
|-damage|p1b: Charizard|0 fnt
|faint|p1b: Charizard
|-hitcount|p1: Charizard|4
|-unboost|p2b: Dragonite|def|1
|-boost|p2b: Dragonite|spe|1
|move|p1a: Torkoal|Heat Wave|p2b: Dragonite
|-resisted|p2b: Dragonite
|-damage|p2b: Dragonite|65/100 brn
|
|-damage|p2b: Dragonite|59/100 brn|[from] brn
|upkeep
|turn|8
|
|t:|1757723692
|move|p2b: Dragonite|Scale Shot|p1a: Torkoal
|-damage|p1a: Torkoal|8/100
|-damage|p1a: Torkoal|5/100
|-damage|p1a: Torkoal|2/100
|-damage|p1a: Torkoal|0 fnt
|faint|p1a: Torkoal
|-hitcount|p1: Torkoal|4
|
|win|jsajsajs
|l|☆me vs you
|player|p1|
||jsajsajs is ready for game 2.
||me vs you is ready for game 2.
|uhtml|next|Next: Game 2 of 3
