|j|☆NBZ-H
|j|☆RedAllay
|html|NBZ-HRedAllay    
|uhtml|bestof|Game 1 of a best-of-3
|t:|1757795425
|gametype|doubles
|player|p1|NBZ-H|169|1084
|player|p2|RedAllay|gladion|1209
|gen|9
|tier|[Gen 9] VGC 2025 Reg H (Bo3)
|rated|
|rule|Species Clause: Limit one of each Pokémon
|rule|Item Clause: Limit 1 of each item
|clearpoke
|poke|p1|Lurantis, L50, F|
|poke|p1|Whimsicott, L50, M|
|poke|p1|Typhlosion-Hisui, L50, M|
|poke|p1|Farigiraf, L50, M|
|poke|p1|Torkoal, L50, F|
|poke|p1|Victreebel, L50, F|
|poke|p2|Kilowattrel, L50, F|
|poke|p2|Kingambit, L50, M|
|poke|p2|Garchomp, L50, M|
|poke|p2|Primarina, L50, F|
|poke|p2|Amoonguss, L50, F|
|poke|p2|Incineroar, L50, M|
|teampreview|4
|showteam|p1|Lurantis||AssaultVest|Contrary|Superpower,LeafBlade,KnockOff,PoisonJab|||F|||50|,,,,,Poison]Whimsicott||FocusSash|Prankster|Tailwind,Tickle,FakeTears,Encore|||M|||50|,,,,,Dark]Typhlosion-Hisui||ChoiceSpecs|Blaze|Eruption,ShadowBall,HeatWave,InfernalParade|||M|||50|,,,,,Fire]Farigiraf||ThroatSpray|ArmorTail|TrickRoom,FoulPlay,HyperVoice,Protect|||M|||50|,,,,,Fairy]Torkoal||Charcoal|Drought|Eruption,Protect,SolarBeam,Flamethrower|||F|||50|,,,,,Fire]Victreebel||LifeOrb|Chlorophyll|KnockOff,LeechLife,PoisonJab,LeafBlade|||F|||50|,,,,,Dragon
|showteam|p2|Kilowattrel||LifeOrb|Competitive|VoltSwitch,Hurricane,Tailwind,Protect|||F|||50|,,,,,Ghost]Kingambit||SafetyGoggles|Defiant|KowtowCleave,SuckerPunch,SwordsDance,Protect|||M|||50|,,,,,Dark]Garchomp||LoadedDice|RoughSkin|ScaleShot,StompingTantrum,SwordsDance,Protect|||M|||50|,,,,,Steel]Primarina||ThroatSpray|LiquidVoice|HyperVoice,Moonblast,CalmMind,Protect|||F|||50|,,,,,Grass]Amoonguss||SitrusBerry|Regenerator|Spore,RagePowder,SludgeBomb,Protect|||F|||50|,,,,,Water]Incineroar||RockyHelmet|Intimidate|FlareBlitz,KnockOff,PartingShot,FakeOut|||M|||50|,,,,,Ghost
|inactive|Battle timer is ON: inactive players will automatically lose when time's up. (requested by RedAllay)
|inactive|NBZ-H has 60 seconds left.
|
|t:|1757795472
|teamsize|p1|4
|teamsize|p2|4
|start
|switch|p1a: Torkoal|Torkoal, L50, F|100/100
|switch|p1b: Victreebel|Victreebel, L50, F|100/100
|switch|p2a: Do I wanna know?|Incineroar, L50, M|100/100
|switch|p2b: Brianstorm|Kilowattrel, L50, F|100/100
|-ability|p2a: Do I wanna know?|Intimidate|boost
|-unboost|p1a: Torkoal|atk|1
|-unboost|p1b: Victreebel|atk|1
|-weather|SunnyDay|[from] ability: Drought|[of] p1a: Torkoal
|turn|1
|inactive|NBZ-H has 30 seconds left.
|
|t:|1757795499
|-terastallize|p1b: Victreebel|Dragon
|move|p1a: Torkoal|Protect|p1a: Torkoal
|-singleturn|p1a: Torkoal|Protect
|move|p2a: Do I wanna know?|Fake Out|p1b: Victreebel
|-damage|p1b: Victreebel|84/100
|cant|p1b: Victreebel|flinch
|move|p2b: Brianstorm|Volt Switch|p1a: Torkoal
|-activate|p1a: Torkoal|move: Protect
|
|-weather|SunnyDay|[upkeep]
|upkeep
|turn|2
|
|t:|1757795519
|switch|p1a: Farigiraf|Farigiraf, L50, M|100/100
|move|p2b: Brianstorm|Protect|p2b: Brianstorm
|-singleturn|p2b: Brianstorm|Protect
|move|p1b: Victreebel|Poison Jab|p2b: Brianstorm
|-activate|p2b: Brianstorm|move: Protect
|move|p2a: Do I wanna know?|Knock Off|p1a: Farigiraf
|-supereffective|p1a: Farigiraf
|-damage|p1a: Farigiraf|10/100
|-enditem|p1a: Farigiraf|Throat Spray|[from] move: Knock Off|[of] p2a: Do I wanna know?
|
|-weather|SunnyDay|[upkeep]
|upkeep
|turn|3
|inactive|RedAllay has 30 seconds left.
|
|t:|1757795545
|move|p1b: Victreebel|Knock Off|p2b: Brianstorm
|-crit|p2b: Brianstorm
|-damage|p2b: Brianstorm|0 fnt
|-enditem|p2b: Brianstorm|Life Orb|[from] move: Knock Off|[of] p1b: Victreebel
|faint|p2b: Brianstorm
|-damage|p1b: Victreebel|74/100|[from] item: Life Orb
|move|p2a: Do I wanna know?|Parting Shot|p1b: Victreebel
|-unboost|p1b: Victreebel|atk|1
|-unboost|p1b: Victreebel|spa|1
|
|t:|1757795560
|switch|p2a: No. 1 Party Anthem|Primarina, L50, F|100/100|[from] Parting Shot
|move|p1a: Farigiraf|Hyper Voice|p2a: No. 1 Party Anthem
|-damage|p2a: No. 1 Party Anthem|68/100
|
|-weather|SunnyDay|[upkeep]
|upkeep
|
|t:|1757795570
|switch|p2b: Do I wanna know?|Incineroar, L50, M|100/100
|-ability|p2b: Do I wanna know?|Intimidate|boost
|-unboost|p1a: Farigiraf|atk|1
|-unboost|p1b: Victreebel|atk|1
|turn|4
|
|t:|1757795582
|move|p1b: Victreebel|Poison Jab|p2a: No. 1 Party Anthem
|-supereffective|p2a: No. 1 Party Anthem
|-damage|p2a: No. 1 Party Anthem|21/100
|-damage|p1b: Victreebel|65/100|[from] item: Life Orb
|move|p2a: No. 1 Party Anthem|Calm Mind|p2a: No. 1 Party Anthem
|-boost|p2a: No. 1 Party Anthem|spa|1
|-boost|p2a: No. 1 Party Anthem|spd|1
|move|p2b: Do I wanna know?|Knock Off|p1a: Farigiraf
|-supereffective|p1a: Farigiraf
|-damage|p1a: Farigiraf|0 fnt
|faint|p1a: Farigiraf
|
|-weather|SunnyDay|[upkeep]
|upkeep
|
|t:|1757795593
|switch|p1a: Typhlosion|Typhlosion-Hisui, L50, M|100/100
|turn|5
|
|t:|1757795602
|switch|p1b: Torkoal|Torkoal, L50, F|100/100
|move|p2a: No. 1 Party Anthem|Protect|p2a: No. 1 Party Anthem
|-singleturn|p2a: No. 1 Party Anthem|Protect
|move|p1a: Typhlosion|Eruption|p2b: Do I wanna know?|[spread] p2b
|-activate|p2a: No. 1 Party Anthem|move: Protect
|-resisted|p2b: Do I wanna know?
|-damage|p2b: Do I wanna know?|41/100
|move|p2b: Do I wanna know?|Knock Off|p1a: Typhlosion
|-supereffective|p1a: Typhlosion
|-damage|p1a: Typhlosion|0 fnt
|-enditem|p1a: Typhlosion|Choice Specs|[from] move: Knock Off|[of] p2b: Do I wanna know?
|faint|p1a: Typhlosion
|
|-weather|none
|upkeep
|-message|NBZ-H forfeited.
|
|win|RedAllay
||RedAllay is ready for game 2.
|inactive|NBZ-H has 30 seconds to confirm battle start!
|inactive|NBZ-H has 20 seconds to confirm battle start!
|inactive|NBZ-H has 10 seconds to confirm battle start!
|l|☆NBZ-H
|player|p1|
|uhtml|next|Next: Game 2 of 3
