|j|☆good kid 00
|j|☆WestyLiam
|html|good kid 00WestyLiam    
|uhtml|bestof|Game 3 of a best-of-3
|t:|1754163583
|gametype|doubles
|player|p1|good kid 00|giovanni|1188
|player|p2|WestyLiam|266|1196
|gen|9
|tier|[Gen 9] VGC 2025 Reg H (Bo3)
|rated|
|rule|Species Clause: Limit one of each Pokémon
|rule|Item Clause: Limit 1 of each item
|clearpoke
|poke|p1|Sneasler, L50, M|
|poke|p1|Incineroar, L50, F|
|poke|p1|Kingambit, L50, F|
|poke|p1|Volcarona, L50, M|
|poke|p1|Baxcalibur, L50, F|
|poke|p1|Rillaboom, L50, M|
|poke|p2|Archaludon, L50, F|
|poke|p2|Pelipper, L50, M|
|poke|p2|Gholdengo, L50|
|poke|p2|Basculegion, L50, M|
|poke|p2|Amoonguss, L50, F|
|poke|p2|Incineroar, L50, M|
|teampreview|4
|showteam|p1|Sneasler||FocusSash|Unburden|CloseCombat,DireClaw,Coaching,FakeOut|||M|||50|,,,,,Stellar]Incineroar||MirrorHerb|Intimidate|FlareBlitz,KnockOff,PartingShot,FakeOut|||F|||50|,,,,,Ghost]Kingambit||SafetyGoggles|Defiant|KowtowCleave,SuckerPunch,SwordsDance,Protect|||F|||50|,,,,,Ghost]Volcarona||Leftovers|FlameBody|HeatWave,TeraBlast,QuiverDance,Protect|||M|||50|,,,,,Fairy]Baxcalibur||LoadedDice|ThermalExchange|ScaleShot,IcicleSpear,HighHorsepower,Protect|||F|||50|,,,,,Ghost]Rillaboom||AssaultVest|GrassySurge|WoodHammer,GrassyGlide,HighHorsepower,FakeOut|||M|||50|,,,,,Fire
|showteam|p2|Archaludon||AssaultVest|Stamina|DracoMeteor,FlashCannon,ElectroShot,BodyPress|||F|||50|,,,,,Grass]Pelipper||FocusSash|Drizzle|Protect,WeatherBall,Hurricane,Tailwind|||M|||50|,,,,,Stellar]Gholdengo||LifeOrb|GoodasGold|Protect,MakeItRain,ShadowBall,NastyPlot||||||50|,,,,,Water]Basculegion||ChoiceBand|SwiftSwim|FlipTurn,WaveCrash,AquaJet,LastRespects|||M|||50|,,,,,Grass]Amoonguss||SitrusBerry|Regenerator|Spore,RagePowder,PollenPuff,Protect|||F|||50|,,,,,Water]Incineroar||SafetyGoggles|Intimidate|FlareBlitz,KnockOff,PartingShot,FakeOut|||M|||50|,,,,,Ghost
|inactive|Battle timer is ON: inactive players will automatically lose when time's up. (requested by good kid 00)
|inactive|good kid 00 has 60 seconds left.
|
|t:|1754163614
|teamsize|p1|4
|teamsize|p2|4
|start
|switch|p1a: Rillaboom|Rillaboom, L50, M|100/100
|switch|p1b: Volcarona|Volcarona, L50, M, shiny|100/100
|switch|p2a: Pelipper|Pelipper, L50, M, shiny|100/100
|switch|p2b: Basculegion|Basculegion, L50, M, shiny|100/100
|-fieldstart|move: Grassy Terrain|[from] ability: Grassy Surge|[of] p1a: Rillaboom
|-weather|RainDance|[from] ability: Drizzle|[of] p2a: Pelipper
|turn|1
|
|t:|1754163629
|-terastallize|p2b: Basculegion|Grass
|move|p1b: Volcarona|Protect|p1b: Volcarona
|-singleturn|p1b: Volcarona|Protect
|move|p2b: Basculegion|Wave Crash|p1a: Rillaboom
|-resisted|p1a: Rillaboom
|-damage|p1a: Rillaboom|37/100
|-damage|p2b: Basculegion|80/100|[from] Recoil
|move|p1a: Rillaboom|Wood Hammer|p2b: Basculegion
|-resisted|p2b: Basculegion
|-damage|p2b: Basculegion|30/100
|-damage|p1a: Rillaboom|20/100|[from] Recoil
|move|p2a: Pelipper|Hurricane|p1a: Rillaboom
|-supereffective|p1a: Rillaboom
|-damage|p1a: Rillaboom|0 fnt
|faint|p1a: Rillaboom
|
|-weather|RainDance|[upkeep]
|-heal|p2b: Basculegion|36/100|[from] Grassy Terrain
|upkeep
|
|t:|1754163636
|switch|p1a: Sneasler|Sneasler, L50, M, shiny|100/100
|turn|2
|
|t:|1754163646
|switch|p2b: Archaludon|Archaludon, L50, F, shiny|100/100
|-terastallize|p1b: Volcarona|Fairy
|move|p1a: Sneasler|Fake Out|p2b: Archaludon
|-resisted|p2b: Archaludon
|-damage|p2b: Archaludon|96/100
|-ability|p2b: Archaludon|Stamina|boost
|-boost|p2b: Archaludon|def|1
|move|p1b: Volcarona|Quiver Dance|p1b: Volcarona
|-boost|p1b: Volcarona|spa|1
|-boost|p1b: Volcarona|spd|1
|-boost|p1b: Volcarona|spe|1
|move|p2a: Pelipper|Tailwind|p2a: Pelipper
|-sidestart|p2: WestyLiam|move: Tailwind
|
|-weather|RainDance|[upkeep]
|-heal|p2b: Archaludon|100/100|[from] Grassy Terrain
|upkeep
|turn|3
|
|t:|1754163663
|move|p2b: Archaludon|Flash Cannon|p1a: Sneasler
|-damage|p1a: Sneasler|52/100
|move|p2a: Pelipper|Hurricane|p1a: Sneasler
|-supereffective|p1a: Sneasler
|-damage|p1a: Sneasler|0 fnt
|faint|p1a: Sneasler
|move|p1b: Volcarona|Tera Blast|p2b: Archaludon|[anim] Tera Blast Fairy
|-crit|p2b: Archaludon
|-damage|p2b: Archaludon|37/100
|-ability|p2b: Archaludon|Stamina|boost
|-boost|p2b: Archaludon|def|1
|
|-weather|RainDance|[upkeep]
|-heal|p2b: Archaludon|43/100|[from] Grassy Terrain
|upkeep
|
|t:|1754163668
|switch|p1a: Kingambit|Kingambit, L50, F|100/100
|turn|4
|
|t:|1754163679
|move|p2b: Archaludon|Body Press|p1a: Kingambit
|-supereffective|p1a: Kingambit
|-damage|p1a: Kingambit|0 fnt
|faint|p1a: Kingambit
|move|p2a: Pelipper|Hurricane|p1b: Volcarona
|-damage|p1b: Volcarona|71/100
|move|p1b: Volcarona|Tera Blast|p2b: Archaludon|[anim] Tera Blast Fairy
|-crit|p2b: Archaludon
|-damage|p2b: Archaludon|0 fnt
|faint|p2b: Archaludon
|
|-weather|RainDance|[upkeep]
|-heal|p1b: Volcarona|77/100|[from] Grassy Terrain
|-heal|p1b: Volcarona|83/100|[from] item: Leftovers
|upkeep
|
|t:|1754163687
|switch|p2b: Amoonguss|Amoonguss, L50, F, shiny|100/100
|turn|5
|
|t:|1754163691
|move|p2a: Pelipper|Protect|p2a: Pelipper
|-singleturn|p2a: Pelipper|Protect
|move|p1b: Volcarona|Protect|p1b: Volcarona
|-singleturn|p1b: Volcarona|Protect
|move|p2b: Amoonguss|Spore|p1b: Volcarona
|-activate|p1b: Volcarona|move: Protect
|
|-weather|none
|-heal|p1b: Volcarona|90/100|[from] Grassy Terrain
|-heal|p1b: Volcarona|96/100|[from] item: Leftovers
|-sideend|p2: WestyLiam|move: Tailwind
|-fieldend|move: Grassy Terrain
|upkeep
|turn|6
|
|t:|1754163697
|move|p1b: Volcarona|Heat Wave|p2a: Pelipper|[spread] p2a,p2b
|-resisted|p2a: Pelipper
|-supereffective|p2b: Amoonguss
|-damage|p2a: Pelipper|50/100
|-damage|p2b: Amoonguss|2/100
|-enditem|p2b: Amoonguss|Sitrus Berry|[eat]
|-heal|p2b: Amoonguss|27/100|[from] item: Sitrus Berry
|move|p2a: Pelipper|Tailwind|p2a: Pelipper
|-sidestart|p2: WestyLiam|move: Tailwind
|move|p2b: Amoonguss|Spore|p1b: Volcarona
|-status|p1b: Volcarona|slp|[from] move: Spore
|
|-heal|p1b: Volcarona|100/100 slp|[from] item: Leftovers
|upkeep
|turn|7
|
|t:|1754163704
|switch|p2a: Basculegion|Basculegion, L50, M, shiny, tera:Grass|36/100
|cant|p1b: Volcarona|slp
|move|p2b: Amoonguss|Pollen Puff|p2a: Basculegion
|-heal|p2a: Basculegion|86/100
|
|upkeep
|turn|8
|
|t:|1754163713
|switch|p2b: Pelipper|Pelipper, L50, M, shiny|50/100
|-weather|RainDance|[from] ability: Drizzle|[of] p2b: Pelipper
|cant|p1b: Volcarona|slp
|move|p2a: Basculegion|Wave Crash|p1b: Volcarona
|-damage|p1b: Volcarona|0 fnt
|faint|p1b: Volcarona
|-damage|p2a: Basculegion|54/100|[from] Recoil
|
|win|WestyLiam
|raw|good kid 00's rating: 1188 → 1164(-24 for losing)
|raw|WestyLiam's rating: 1196 → 1220(+24 for winning)
