|j|☆javi1297
|j|☆Jessditta
|html|javi1297Jessditta    
|uhtml|bestof|Game 1 of a best-of-3
|t:|1757760884
|gametype|doubles
|player|p1|javi1297|red|1188
|player|p2|Jessditta|hilda|1244
|gen|9
|tier|[Gen 9] VGC 2025 Reg H (Bo3)
|rated|
|rule|Species Clause: Limit one of each Pokémon
|rule|Item Clause: Limit 1 of each item
|clearpoke
|poke|p1|Amoonguss, L50, F|
|poke|p1|Kingambit, L50, F|
|poke|p1|Garchomp, L50, F|
|poke|p1|Talonflame, L50, F|
|poke|p1|Volcarona, L50, M|
|poke|p1|Ninetales-Alola, L50, M|
|poke|p2|Volcarona, L50, F|
|poke|p2|Gyarados, L50, F|
|poke|p2|Tyranitar, L50, F|
|poke|p2|Annihilape, L50, F|
|poke|p2|Maushold, L50|
|poke|p2|Whimsicott, L50, M|
|teampreview|4
|showteam|p1|Amoonguss||RockyHelmet|Regenerator|SludgeBomb,Spore,RagePowder,Protect|||F|||50|,,,,,Dragon]Kingambit||AssaultVest|Defiant|SuckerPunch,KowtowCleave,IronHead,LowKick|||F|||50|,,,,,Bug]Garchomp||LifeOrb|RoughSkin|Earthquake,DragonClaw,RockSlide,Protect|||F|||50|,,,,,Fire]Talonflame||CovertCloak|GaleWings|FlareBlitz,BraveBird,Tailwind,Taunt|||F|||50|,,,,,Dragon]Volcarona||Leftovers|FlameBody|HeatWave,GigaDrain,QuiverDance,Protect|||M|||50|,,,,,Grass]Ninetales-Alola||FocusSash|SnowWarning|Blizzard,FreezeDry,Moonblast,AuroraVeil|||M|||50|,,,,,Ghost
|showteam|p2|Volcarona||SitrusBerry|FlameBody|HeatWave,GigaDrain,QuiverDance,Protect|||F|||50|,,,,,Grass]Gyarados||SafetyGoggles|Intimidate|Waterfall,ThunderWave,Taunt,Protect|||F|||50|,,,,,Steel]Tyranitar||ChoiceBand|SandStream|RockSlide,KnockOff,LowKick,TeraBlast|||F|||50|,,,,,Flying]Annihilape||Leftovers|Defiant|CloseCombat,RageFist,BulkUp,Protect|||F|||50|,,,,,Fairy]Maushold||WideLens|FriendGuard|BeatUp,FollowMe,PopulationBomb,Protect||||||50|,,,,,Ghost]Whimsicott||CovertCloak|Prankster|Moonblast,Tailwind,Encore,Endeavor|||M|||50|,,,,,Ghost
|
|t:|1757760910
|teamsize|p1|4
|teamsize|p2|4
|start
|switch|p1a: Talonflame|Talonflame, L50, F|100/100
|switch|p1b: Volcarona|Volcarona, L50, M|100/100
|switch|p2a: Volcarona|Volcarona, L50, F|100/100
|switch|p2b: Whimsicott|Whimsicott, L50, M|100/100
|turn|1
|
|t:|1757760937
|move|p2b: Whimsicott|Tailwind|p2b: Whimsicott
|-sidestart|p2: Jessditta|move: Tailwind
|move|p1a: Talonflame|Brave Bird|p2b: Whimsicott
|-supereffective|p2b: Whimsicott
|-crit|p2b: Whimsicott
|-damage|p2b: Whimsicott|0 fnt
|faint|p2b: Whimsicott
|-damage|p1a: Talonflame|65/100|[from] Recoil
|move|p2a: Volcarona|Heat Wave|p1b: Volcarona|[spread] p1a
|-miss|p2a: Volcarona|p1b: Volcarona
|-resisted|p1a: Talonflame
|-damage|p1a: Talonflame|41/100
|move|p1b: Volcarona|Quiver Dance|p1b: Volcarona
|-boost|p1b: Volcarona|spa|1
|-boost|p1b: Volcarona|spd|1
|-boost|p1b: Volcarona|spe|1
|
|upkeep
|
|t:|1757760958
|switch|p2b: Tyranitar|Tyranitar, L50, F|100/100
|-weather|Sandstorm|[from] ability: Sand Stream|[of] p2b: Tyranitar
|turn|2
|
|t:|1757760970
|move|p1b: Volcarona|Protect|p1b: Volcarona
|-singleturn|p1b: Volcarona|Protect
|move|p2a: Volcarona|Heat Wave|p1a: Talonflame|[spread] p1a
|-activate|p1b: Volcarona|move: Protect
|-resisted|p1a: Talonflame
|-damage|p1a: Talonflame|15/100
|move|p2b: Tyranitar|Rock Slide|p1b: Volcarona|[spread] p1a
|-activate|p1b: Volcarona|move: Protect
|-supereffective|p1a: Talonflame
|-damage|p1a: Talonflame|0 fnt
|faint|p1a: Talonflame
|
|-weather|Sandstorm|[upkeep]
|-damage|p2a: Volcarona|94/100|[from] Sandstorm
|-damage|p1b: Volcarona|94/100|[from] Sandstorm
|-heal|p1b: Volcarona|100/100|[from] item: Leftovers
|upkeep
|
|t:|1757760981
|switch|p1a: Garchomp|Garchomp, L50, F|100/100
|turn|3
|
|t:|1757761017
|-terastallize|p1b: Volcarona|Grass
|move|p2a: Volcarona|Quiver Dance|p2a: Volcarona
|-boost|p2a: Volcarona|spa|1
|-boost|p2a: Volcarona|spd|1
|-boost|p2a: Volcarona|spe|1
|move|p1b: Volcarona|Giga Drain|p2b: Tyranitar
|-supereffective|p2b: Tyranitar
|-damage|p2b: Tyranitar|36/100
|move|p2b: Tyranitar|Rock Slide|p1b: Volcarona|[spread] p1a,p1b
|-resisted|p1a: Garchomp
|-damage|p1a: Garchomp|78/100
|-damage|p1b: Volcarona|54/100
|move|p1a: Garchomp|Rock Slide|p2a: Volcarona|[spread] p2a,p2b
|-supereffective|p2a: Volcarona
|-damage|p2a: Volcarona|0 fnt
|-damage|p2b: Tyranitar|14/100
|faint|p2a: Volcarona
|-damage|p1a: Garchomp|68/100|[from] item: Life Orb
|
|-weather|Sandstorm|[upkeep]
|-damage|p1b: Volcarona|47/100|[from] Sandstorm
|-heal|p1b: Volcarona|54/100|[from] item: Leftovers
|upkeep
|
|t:|1757761030
|switch|p2a: Annihilape|Annihilape, L50, F, shiny|100/100
|turn|4
|
|t:|1757761040
|-terastallize|p2a: Annihilape|Fairy
|move|p1b: Volcarona|Protect|p1b: Volcarona
|-singleturn|p1b: Volcarona|Protect
|move|p1a: Garchomp|Protect|p1a: Garchomp
|-singleturn|p1a: Garchomp|Protect
|move|p2a: Annihilape|Rage Fist|p1b: Volcarona
|-activate|p1b: Volcarona|move: Protect
|move|p2b: Tyranitar|Rock Slide|p1b: Volcarona|[spread] 
|-activate|p1a: Garchomp|move: Protect
|-activate|p1b: Volcarona|move: Protect
|
|-weather|Sandstorm|[upkeep]
|-damage|p2a: Annihilape|95/100|[from] Sandstorm
|-damage|p1b: Volcarona|47/100|[from] Sandstorm
|-heal|p2a: Annihilape|100/100|[from] item: Leftovers
|-heal|p1b: Volcarona|54/100|[from] item: Leftovers
|-sideend|p2: Jessditta|move: Tailwind
|upkeep
|turn|5
|
|t:|1757761062
|move|p1b: Volcarona|Giga Drain|p2a: Annihilape
|-damage|p2a: Annihilape|54/100
|-heal|p1b: Volcarona|80/100|[from] drain|[of] p2a: Annihilape
|move|p1a: Garchomp|Earthquake|p2b: Tyranitar|[spread] p1b,p2a,p2b
|-resisted|p1b: Volcarona
|-supereffective|p2b: Tyranitar
|-damage|p1b: Volcarona|55/100
|-damage|p2a: Annihilape|2/100
|-damage|p2b: Tyranitar|0 fnt
|faint|p2b: Tyranitar
|-damage|p1a: Garchomp|58/100|[from] item: Life Orb
|move|p2a: Annihilape|Rage Fist|p1b: Volcarona
|-damage|p1b: Volcarona|0 fnt
|-status|p2a: Annihilape|brn|[from] ability: Flame Body|[of] p1b: Volcarona
|faint|p1b: Volcarona
|
|-weather|Sandstorm|[upkeep]
|-damage|p2a: Annihilape|0 fnt|[from] Sandstorm
|faint|p2a: Annihilape
|
|win|javi1297
|l|☆javi1297
|player|p1|
|inactive|javi1297 has 30 seconds to confirm battle start!
|inactive|Jessditta has 30 seconds to confirm battle start!
||javi1297 is ready for game 2.
||Jessditta is ready for game 2.
|uhtml|next|Next: Game 2 of 3
|l|☆Jessditta
|player|p2|
