|j|☆chupete goat
|j|☆Kampfstube
|html|chupete goatKampfstube    
|uhtml|bestof|Game 1 of a best-of-3
|t:|1756629561
|gametype|doubles
|player|p1|chupete goat|steven|1102
|player|p2|Kampfstube|n|1171
|gen|9
|tier|[Gen 9] VGC 2025 Reg H (Bo3)
|rated|
|rule|Species Clause: Limit one of each Pokémon
|rule|Item Clause: Limit 1 of each item
|clearpoke
|poke|p1|Grimmsnarl, L50, M|
|poke|p1|Archaludon, L50, M|
|poke|p1|Sinistcha, L50|
|poke|p1|Pelipper, L50, F|
|poke|p1|Maushold, L50|
|poke|p1|Annihilape, L50, F|
|poke|p2|Grimmsnarl, L50, M|
|poke|p2|Volcarona, L50, F|
|poke|p2|Annihilape, L50, M|
|poke|p2|Ursaluna-Bloodmoon, L50, M|
|poke|p2|Dragonite, L50, F|
|poke|p2|Maushold, L50|
|teampreview|4
|showteam|p1|Grimmsnarl||LightClay|Prankster|SpiritBreak,ThunderWave,Reflect,LightScreen|||M|||50|,,,,,Ghost]Archaludon||AssaultVest|Stamina|ElectroShot,FlashCannon,BodyPress,Snarl|||M|||50|,,,,,Grass]Sinistcha||SitrusBerry|Hospitality|MatchaGotcha,LifeDew,RagePowder,TrickRoom||||||50|,,,,,Dark]Pelipper||FocusSash|Drizzle|Hurricane,WeatherBall,Tailwind,Protect|||F|||50|,,,,,Ghost]Maushold||SafetyGoggles|FriendGuard|BeatUp,Taunt,FollowMe,Protect||||||50|,,,,,Ghost]Annihilape||Leftovers|Defiant|DrainPunch,RageFist,BulkUp,Protect|||F|||50|,,,,,Water
|showteam|p2|Grimmsnarl||CovertCloak|Prankster|SpiritBreak,LightScreen,Reflect,ThunderWave|||M|||50|,,,,,Steel]Volcarona||Leftovers|FlameBody|GigaDrain,QuiverDance,HeatWave,Protect|||F|||50|,,,,,Grass]Annihilape||SafetyGoggles|Defiant|BulkUp,DrainPunch,Protect,RageFist|||M|||50|,,,,,Fire]Ursaluna-Bloodmoon||AssaultVest|MindsEye|EarthPower,BloodMoon,HyperVoice,VacuumWave|||M|||50|,,,,,Water]Dragonite||LoadedDice|Multiscale|ScaleShot,ExtremeSpeed,Protect,Haze|||F|||50|,,,,,Fairy]Maushold||WideLens|FriendGuard|PopulationBomb,BeatUp,Taunt,FollowMe||||||50|,,,,,Ghost
|inactive|Battle timer is ON: inactive players will automatically lose when time's up. (requested by Kampfstube)
|inactive|chupete goat has 60 seconds left.
|inactive|Kampfstube has 60 seconds left.
|l|☆chupete goat
|inactive|chupete goat disconnected and has a minute to reconnect!
|player|p1|
|j|☆chupete goat
|inactive|chupete goat reconnected and has 40 seconds left.
|player|p1|chupete goat|steven|
|
|t:|1756629621
|teamsize|p1|4
|teamsize|p2|4
|start
|switch|p1a: Maushold|Maushold, L50|100/100
|switch|p1b: Annihilape|Annihilape, L50, F|100/100
|switch|p2a: Grimmsnarl|Grimmsnarl, L50, M|100/100
|switch|p2b: Maushold|Maushold, L50|100/100
|turn|1
|inactive|chupete goat has 30 seconds left.
|inactive|Kampfstube has 30 seconds left.
|inactive|Kampfstube has 20 seconds left.
|inactive|Kampfstube has 15 seconds left.
|
|t:|1756629661
|move|p2a: Grimmsnarl|Thunder Wave|p1a: Maushold
|-status|p1a: Maushold|par
|move|p2b: Maushold|Taunt|p1a: Maushold
|-start|p1a: Maushold|move: Taunt
|move|p1b: Annihilape|Bulk Up|p1b: Annihilape
|-boost|p1b: Annihilape|atk|1
|-boost|p1b: Annihilape|def|1
|cant|p1a: Maushold|move: Taunt|Taunt
|
|upkeep
|turn|2
|inactive|chupete goat has 30 seconds left.
|inactive|Kampfstube has 30 seconds left.
|inactive|chupete goat has 20 seconds left.
|inactive|chupete goat has 15 seconds left.
|inactive|Kampfstube has 20 seconds left.
|inactive|Kampfstube has 15 seconds left.
|
|t:|1756629710
|move|p2a: Grimmsnarl|Reflect|p2a: Grimmsnarl
|-sidestart|p2: Kampfstube|Reflect
|move|p2b: Maushold|Taunt|p1b: Annihilape
|-start|p1b: Annihilape|move: Taunt
|move|p1b: Annihilape|Drain Punch|p2b: Maushold
|-supereffective|p2b: Maushold
|-crit|p2b: Maushold
|-damage|p2b: Maushold|0 fnt
|faint|p2b: Maushold
|move|p1a: Maushold|Beat Up|p1b: Annihilape
|-damage|p1b: Annihilape|99/100
|-damage|p1b: Annihilape|97/100
|-damage|p1b: Annihilape|96/100
|-damage|p1b: Annihilape|95/100
|-hitcount|p1b: Annihilape|4
|
|-heal|p1b: Annihilape|100/100|[from] item: Leftovers
|upkeep
|
|t:|1756629720
|switch|p2b: Annihilape|Annihilape, L50, M|100/100
|turn|3
|
|t:|1756629745
|switch|p1a: Pelipper|Pelipper, L50, F|100/100
|-weather|RainDance|[from] ability: Drizzle|[of] p1a: Pelipper
|-terastallize|p2b: Annihilape|Fire
|move|p2a: Grimmsnarl|Thunder Wave|p1b: Annihilape
|-status|p1b: Annihilape|par
|move|p2b: Annihilape|Bulk Up|p2b: Annihilape
|-boost|p2b: Annihilape|atk|1
|-boost|p2b: Annihilape|def|1
|move|p1b: Annihilape|Rage Fist|p2a: Grimmsnarl
|-resisted|p2a: Grimmsnarl
|-damage|p2a: Grimmsnarl|46/100
|
|-weather|RainDance|[upkeep]
|upkeep
|turn|4
|
|t:|1756629769
|move|p2a: Grimmsnarl|Thunder Wave|p1a: Pelipper
|-status|p1a: Pelipper|par
|move|p2b: Annihilape|Rage Fist|p1b: Annihilape
|-supereffective|p1b: Annihilape
|-damage|p1b: Annihilape|53/100 par
|move|p1b: Annihilape|Rage Fist|p2a: Grimmsnarl
|-resisted|p2a: Grimmsnarl
|-damage|p2a: Grimmsnarl|0 fnt
|faint|p2a: Grimmsnarl
|move|p1a: Pelipper|Weather Ball|p2b: Annihilape
|-supereffective|p2b: Annihilape
|-damage|p2b: Annihilape|0 fnt
|faint|p2b: Annihilape
|
|-weather|RainDance|[upkeep]
|-heal|p1b: Annihilape|59/100 par|[from] item: Leftovers
|-end|p1b: Annihilape|move: Taunt
|upkeep
|
|t:|1756629783
|switch|p2a: Volcarona|Volcarona, L50, F, shiny|100/100
|turn|5
|
|t:|1756629805
|-terastallize|p1b: Annihilape|Water
|move|p2a: Volcarona|Quiver Dance|p2a: Volcarona
|-boost|p2a: Volcarona|spa|1
|-boost|p2a: Volcarona|spd|1
|-boost|p2a: Volcarona|spe|1
|cant|p1b: Annihilape|par
|move|p1a: Pelipper|Weather Ball|p2a: Volcarona
|-supereffective|p2a: Volcarona
|-damage|p2a: Volcarona|21/100
|
|-weather|RainDance|[upkeep]
|-heal|p2a: Volcarona|28/100|[from] item: Leftovers
|-heal|p1b: Annihilape|65/100 par|[from] item: Leftovers
|upkeep
|turn|6
|
|t:|1756629824
|move|p2a: Volcarona|Giga Drain|p1b: Annihilape
|-supereffective|p1b: Annihilape
|-crit|p1b: Annihilape
|-damage|p1b: Annihilape|0 fnt
|-heal|p2a: Volcarona|62/100|[from] drain|[of] p1b: Annihilape
|faint|p1b: Annihilape
|move|p1a: Pelipper|Weather Ball|p2a: Volcarona
|-supereffective|p2a: Volcarona
|-damage|p2a: Volcarona|0 fnt
|faint|p2a: Volcarona
|
|win|chupete goat
