|j|☆snailboss
|j|☆bagarresinge
|html|snailbossbagarresinge    
|uhtml|bestof|Game 2 of a best-of-3
|t:|1756409829
|gametype|doubles
|player|p1|snailboss|hilda-wonderlauncher|1243
|player|p2|bagarresinge|harlequin|1171
|gen|9
|tier|[Gen 9] VGC 2025 Reg H (Bo3)
|rated|
|rule|Species Clause: Limit one of each Pokémon
|rule|Item Clause: Limit 1 of each item
|clearpoke
|poke|p1|Kingambit, L50, M|
|poke|p1|Rillaboom, L50, F|
|poke|p1|Volcarona, L50, F|
|poke|p1|Tauros-Paldea-Aqua, L50, M|
|poke|p1|Electabuzz, L50, M|
|poke|p1|Ninetales-Alola, L50, M|
|poke|p2|Incineroar, L50, M|
|poke|p2|Gholdengo, L50|
|poke|p2|Amoonguss, L50, M|
|poke|p2|Hydreigon, L50, M|
|poke|p2|Porygon2, L50|
|poke|p2|Ursaluna, L50, M|
|teampreview|4
|showteam|p1|Kingambit||BlackGlasses|Defiant|SuckerPunch,KowtowCleave,SwordsDance,Protect|||M|||50|,,,,,Ghost]Rillaboom||AssaultVest|GrassySurge|FakeOut,GrassyGlide,WoodHammer,HighHorsepower|||F|||50|,,,,,Fire]Volcarona||CovertCloak|FlameBody|QuiverDance,HeatWave,GigaDrain,Protect|||F|||50|,,,,,Grass]Tauros-Paldea-Aqua||GrassySeed|Intimidate|WaveCrash,BodyPress,Protect,AquaJet|||M|||50|,,,,,Fire]Electabuzz||Eviolite|VitalSpirit|HelpingHand,Thunderbolt,Protect,FollowMe|||M|||50|,,,,,Fairy]Ninetales-Alola||FocusSash|SnowWarning|Protect,Encore,FreezeDry,Disable|||M|||50|,,,,,Ghost
|showteam|p2|Incineroar||SitrusBerry|Intimidate|KnockOff,FakeOut,FlareBlitz,PartingShot|||M|||50|,,,,,Ghost]Gholdengo||MetalCoat|GoodasGold|Protect,NastyPlot,MakeItRain,ShadowBall||||||50|,,,,,Water]Amoonguss||RockyHelmet|Regenerator|Spore,RagePowder,PollenPuff,Protect|||M|||50|,,,,,Fairy]Hydreigon||SafetyGoggles|Levitate|DracoMeteor,Snarl,Tailwind,Protect|||M|||50|,,,,,Ghost]Porygon2||Eviolite|Download|Recover,IceBeam,TeraBlast,TrickRoom||||||50|,,,,,Fighting]Ursaluna||FlameOrb|Guts|Earthquake,Facade,HeadlongRush,Protect|||M|||50|,,,,,Ghost
|
|t:|1756409863
|teamsize|p1|4
|teamsize|p2|4
|start
|switch|p1a: Rillaboom|Rillaboom, L50, F|100/100
|switch|p1b: Kingambit|Kingambit, L50, M|100/100
|switch|p2a: Porygon2|Porygon2, L50|100/100
|switch|p2b: Ursaluna|Ursaluna, L50, M|100/100
|-fieldstart|move: Grassy Terrain|[from] ability: Grassy Surge|[of] p1a: Rillaboom
|-ability|p2a: Porygon2|Download|boost
|-boost|p2a: Porygon2|spa|1
|turn|1
|
|t:|1756409903
|switch|p2b: Amoonguss|Amoonguss, L50, M|100/100
|-terastallize|p1b: Kingambit|Ghost
|move|p1a: Rillaboom|Fake Out|p2a: Porygon2
|-damage|p2a: Porygon2|91/100
|cant|p2a: Porygon2|flinch
|move|p1b: Kingambit|Swords Dance|p1b: Kingambit
|-boost|p1b: Kingambit|atk|2
|
|-heal|p2a: Porygon2|97/100|[from] Grassy Terrain
|upkeep
|turn|2
|
|t:|1756409938
|-terastallize|p2a: Porygon2|Fighting
|move|p1a: Rillaboom|High Horsepower|p2b: Amoonguss
|-damage|p2b: Amoonguss|73/100
|-damage|p1a: Rillaboom|84/100|[from] item: Rocky Helmet|[of] p2b: Amoonguss
|move|p1b: Kingambit|Kowtow Cleave|p2b: Amoonguss
|-damage|p2b: Amoonguss|0 fnt
|-damage|p1b: Kingambit|84/100|[from] item: Rocky Helmet|[of] p2b: Amoonguss
|faint|p2b: Amoonguss
|move|p2a: Porygon2|Trick Room|p2a: Porygon2
|-fieldstart|move: Trick Room|[of] p2a: Porygon2
|
|-heal|p1b: Kingambit|90/100|[from] Grassy Terrain
|-heal|p2a: Porygon2|100/100|[from] Grassy Terrain
|-heal|p1a: Rillaboom|90/100|[from] Grassy Terrain
|upkeep
|
|t:|1756409946
|switch|p2b: Ursaluna|Ursaluna, L50, M|100/100
|turn|3
|l|☆snailboss
|player|p1|
|j|☆snailboss
|player|p1|snailboss|hilda-wonderlauncher|
|
|t:|1756409996
|move|p2b: Ursaluna|Protect|p2b: Ursaluna
|-singleturn|p2b: Ursaluna|Protect
|move|p1b: Kingambit|Sucker Punch|p2a: Porygon2
|-resisted|p2a: Porygon2
|-damage|p2a: Porygon2|71/100
|move|p2a: Porygon2|Ice Beam|p1a: Rillaboom
|-supereffective|p1a: Rillaboom
|-damage|p1a: Rillaboom|34/100
|move|p1a: Rillaboom|Wood Hammer|p2a: Porygon2
|-damage|p2a: Porygon2|14/100
|-damage|p1a: Rillaboom|16/100|[from] Recoil
|
|-heal|p1b: Kingambit|96/100|[from] Grassy Terrain
|-heal|p2a: Porygon2|20/100|[from] Grassy Terrain
|-heal|p1a: Rillaboom|22/100|[from] Grassy Terrain
|-status|p2b: Ursaluna|brn|[from] item: Flame Orb
|upkeep
|turn|4
|
|t:|1756410017
|move|p1b: Kingambit|Sucker Punch|p2b: Ursaluna
|-damage|p2b: Ursaluna|26/100 brn
|move|p1a: Rillaboom|Grassy Glide|p2b: Ursaluna
|-supereffective|p2b: Ursaluna
|-damage|p2b: Ursaluna|0 fnt
|faint|p2b: Ursaluna
|move|p2a: Porygon2|Recover|p2a: Porygon2
|-heal|p2a: Porygon2|70/100
|
|-heal|p1b: Kingambit|100/100|[from] Grassy Terrain
|-heal|p2a: Porygon2|77/100|[from] Grassy Terrain
|-heal|p1a: Rillaboom|28/100|[from] Grassy Terrain
|upkeep
|
|t:|1756410022
|switch|p2b: Incineroar|Incineroar, L50, M, shiny|100/100
|-ability|p2b: Incineroar|Intimidate|boost
|-unboost|p1a: Rillaboom|atk|1
|-unboost|p1b: Kingambit|atk|1
|-ability|p1b: Kingambit|Defiant|boost
|-boost|p1b: Kingambit|atk|2
|turn|5
|
|t:|1756410040
|switch|p1a: Tauros|Tauros-Paldea-Aqua, L50, M|100/100
|-ability|p1a: Tauros|Intimidate|boost
|-unboost|p2a: Porygon2|atk|1
|-unboost|p2b: Incineroar|atk|1
|-enditem|p1a: Tauros|Grassy Seed
|-boost|p1a: Tauros|def|1|[from] item: Grassy Seed
|move|p1b: Kingambit|Protect|p1b: Kingambit
|-singleturn|p1b: Kingambit|Protect
|move|p2a: Porygon2|Ice Beam|p1a: Tauros
|-resisted|p1a: Tauros
|-damage|p1a: Tauros|71/100
|move|p2b: Incineroar|Knock Off|p1b: Kingambit
|-activate|p1b: Kingambit|move: Protect
|
|-heal|p2a: Porygon2|83/100|[from] Grassy Terrain
|-heal|p1a: Tauros|77/100|[from] Grassy Terrain
|-fieldend|move: Grassy Terrain
|upkeep
|turn|6
|
|t:|1756410078
|switch|p1b: Rillaboom|Rillaboom, L50, F|28/100
|-fieldstart|move: Grassy Terrain|[from] ability: Grassy Surge|[of] p1b: Rillaboom
|move|p2a: Porygon2|Ice Beam|p1a: Tauros
|-resisted|p1a: Tauros
|-damage|p1a: Tauros|50/100
|-status|p1a: Tauros|frz
|move|p2b: Incineroar|Knock Off|p1b: Rillaboom
|-damage|p1b: Rillaboom|1/100
|-enditem|p1b: Rillaboom|Assault Vest|[from] move: Knock Off|[of] p2b: Incineroar
|cant|p1a: Tauros|frz
|
|-heal|p2a: Porygon2|89/100|[from] Grassy Terrain
|-heal|p1b: Rillaboom|7/100|[from] Grassy Terrain
|-heal|p1a: Tauros|55/100 frz|[from] Grassy Terrain
|-fieldend|move: Trick Room
|upkeep
|turn|7
|
|t:|1756410109
|move|p1b: Rillaboom|Fake Out|p2a: Porygon2
|-damage|p2a: Porygon2|80/100
|-curestatus|p1a: Tauros|frz|[msg]
|move|p1a: Tauros|Body Press|p2b: Incineroar
|-supereffective|p2b: Incineroar
|-damage|p2b: Incineroar|0 fnt
|faint|p2b: Incineroar
|cant|p2a: Porygon2|flinch
|
|-heal|p1a: Tauros|61/100|[from] Grassy Terrain
|-heal|p1b: Rillaboom|13/100|[from] Grassy Terrain
|-heal|p2a: Porygon2|86/100|[from] Grassy Terrain
|upkeep
|turn|8
|
|t:|1756410137
|move|p1a: Tauros|Body Press|p2a: Porygon2
|-damage|p2a: Porygon2|49/100
|move|p1b: Rillaboom|Wood Hammer|p2a: Porygon2
|-damage|p2a: Porygon2|0 fnt
|faint|p2a: Porygon2
|-damage|p1b: Rillaboom|0 fnt|[from] Recoil
|faint|p1b: Rillaboom
|
|win|snailboss
|raw|snailboss's rating: 1243 → 1263(+20 for winning)
|raw|bagarresinge's rating: 1171 → 1151(-20 for losing)
|c|☆bagarresinge|gg
|c|☆snailboss|gg!
