|j|☆eastyliam67
|j|☆Il Mule
|html|eastyliam67Il Mule    
|uhtml|bestof|Game 2 of a best-of-3
|t:|1783413255
|gametype|doubles
|player|p1|eastyliam67|unknownf|1433
|player|p2|Il Mule|salvatore|1602
|gen|9
|tier|[Gen 9 Champions] VGC 2026 Reg M-B (Bo3)
|rated|
|rule|Species Clause: Limit one of each Pokémon
|rule|Item Clause: Limit 1 of each item
|clearpoke
|poke|p1|Charizard, L50, F|
|poke|p1|Garchomp, L50, M|
|poke|p1|Whimsicott, L50, F|
|poke|p1|Basculegion, L50, M|
|poke|p1|Floette-Eternal, L50, F|
|poke|p1|Kingambit, L50, F|
|poke|p2|Excadrill, L50, M|
|poke|p2|Tyranitar, L50, M|
|poke|p2|Sneasler, L50, M|
|poke|p2|Incineroar, L50, F|
|poke|p2|Froslass, L50, F|
|poke|p2|Sinistcha, L50|
|teampreview|4
|showteam|p1|Charizard||CharizarditeY|Blaze|HeatWave,SolarBeam,WeatherBall,Protect|Modest||F|||50|]Garchomp||LifeOrb|RoughSkin|DragonClaw,StompingTantrum,RockSlide,Protect|Jolly||M|||50|]Whimsicott||FocusSash|Prankster|Moonblast,Tailwind,Encore,Protect|Timid||F|||50|]Basculegion||MysticWater|Adaptability|WaveCrash,AquaJet,Protect,LastRespects|Adamant||M|||50|]Floette-Eternal||Floettite|FlowerVeil|Moonblast,DazzlingGleam,LightofRuin,Protect|Modest||F|||50|]Kingambit||ChopleBerry|Defiant|KowtowCleave,IronHead,SuckerPunch,LowKick|Adamant||F|||50|
|showteam|p2|Excadrill||FocusSash|SandRush|HighHorsepower,RockSlide,IronHead,Protect|Adamant||M|||50|]Tyranitar||Tyranitarite|SandStream|KnockOff,RockSlide,DragonDance,Protect|Adamant||M|||50|]Sneasler||WhiteHerb|Unburden|CloseCombat,DireClaw,Coaching,FakeOut|Jolly||M|||50|]Incineroar||SitrusBerry|Intimidate|FlareBlitz,HelpingHand,PartingShot,FakeOut|Impish||F|||50|]Froslass||Froslassite|CursedBody|Blizzard,ShadowBall,NastyPlot,Protect|Timid||F|||50|]Sinistcha||ColburBerry|Hospitality|MatchaGotcha,ShadowBall,RagePowder,Protect|Bold|||||50|
|j| rovesciaporci
|
|t:|1783413276
|teamsize|p1|4
|teamsize|p2|4
|start
|switch|p1a: Basculegion|Basculegion, L50, M|100/100
|switch|p1b: Kingambit|Kingambit, L50, F|100/100
|switch|p2a: Quando provo|Tyranitar, L50, M|100/100
|switch|p2b: Sabotage|Sneasler, L50, M|100/100
|-weather|Sandstorm|[from] ability: Sand Stream|[of] p2a: Quando provo
|turn|1
|j| Tridello
|
|t:|1783413319
|switch|p1b: Whimsicott|Whimsicott, L50, F|100/100
|detailschange|p2a: Quando provo|Tyranitar-Mega, L50, M
|-mega|p2a: Quando provo|Tyranitar|Tyranitarite
|move|p2b: Sabotage|Fake Out|p1b: Whimsicott
|-damage|p1b: Whimsicott|80/100
|move|p2a: Quando provo|Knock Off|p1a: Basculegion
|-supereffective|p1a: Basculegion|1
|-damage|p1a: Basculegion|0 fnt
|-enditem|p1a: Basculegion|Mystic Water|[from] move: Knock Off|[of] p2a: Quando provo
|faint|p1a: Basculegion
|
|-weather|Sandstorm|[upkeep]
|-damage|p2b: Sabotage|94/100|[from] Sandstorm
|-damage|p1b: Whimsicott|74/100|[from] Sandstorm
|upkeep
|inactive|Battle timer is ON: inactive players will automatically lose when time's up. (requested by Il Mule)
|
|t:|1783413353
|switch|p1a: Floette|Floette-Eternal, L50, F|100/100
|turn|2
|
|t:|1783413369
|detailschange|p1a: Floette|Floette-Mega, L50, F
|-mega|p1a: Floette|Floette|Floettite
|-ability|p1a: Floette|Fairy Aura
|move|p1b: Whimsicott|Tailwind|p1b: Whimsicott
|-sidestart|p1: eastyliam67|move: Tailwind
|move|p1a: Floette|Moonblast|p2b: Sabotage
|-damage|p2b: Sabotage|0 fnt
|faint|p2b: Sabotage
|move|p2a: Quando provo|Rock Slide|p1a: Floette|[spread] p1a
|-miss|p2a: Quando provo|p1b: Whimsicott
|-damage|p1a: Floette|56/100
|
|-weather|Sandstorm|[upkeep]
|-damage|p1b: Whimsicott|68/100|[from] Sandstorm
|-damage|p1a: Floette|50/100g|[from] Sandstorm
|upkeep
|
|t:|1783413380
|switch|p2b: Sidy|Incineroar, L50, F|100/100
|-ability|p2b: Sidy|Intimidate|boost
|-unboost|p1a: Floette|atk|1
|-unboost|p1b: Whimsicott|atk|1
|turn|3
|inactive|eastyliam67 has 30 seconds left.
|inactive|eastyliam67 has 20 seconds left.
|inactive|eastyliam67 has 15 seconds left.
|inactive|eastyliam67 has 10 seconds left.
|
|t:|1783413430
|switch|p1b: Kingambit|Kingambit, L50, F|100/100
|move|p1a: Floette|Protect|p1a: Floette
|-singleturn|p1a: Floette|Protect
|move|p2b: Sidy|Fake Out|p1b: Kingambit
|-resisted|p1b: Kingambit|1
|-damage|p1b: Kingambit|95/100
|move|p2a: Quando provo|Rock Slide|p1a: Floette|[spread] p1b
|-activate|p1a: Floette|move: Protect
|-resisted|p1b: Kingambit|1
|-damage|p1b: Kingambit|82/100
|
|-weather|Sandstorm|[upkeep]
|-damage|p1a: Floette|44/100|[from] Sandstorm
|-damage|p2b: Sidy|94/100|[from] Sandstorm
|upkeep
|turn|4
|inactive|eastyliam67 has 30 seconds left.
|inactive|Il Mule has 30 seconds left.
|inactive|eastyliam67 has 20 seconds left.
|inactive|eastyliam67 has 15 seconds left.
|inactive|eastyliam67 has 10 seconds left.
|inactive|eastyliam67 has 5 seconds left.
|
|t:|1783413481
|switch|p2a: la sburè|Sinistcha, L50|100/100
|-heal|p2b: Sidy|100/100|[from] ability: Hospitality|[of] p2a: la sburè
|move|p1a: Floette|Moonblast|p2b: Sidy
|-damage|p2b: Sidy|33/100
|-enditem|p2b: Sidy|Sitrus Berry|[eat]
|-heal|p2b: Sidy|57/100|[from] item: Sitrus Berry
|move|p1b: Kingambit|Low Kick|p2b: Sidy
|-supereffective|p2b: Sidy|1
|-damage|p2b: Sidy|16/100
|move|p2b: Sidy|Flare Blitz|p1a: Floette
|-damage|p1a: Floette|0 fnt
|faint|p1a: Floette
|-damage|p2b: Sidy|4/100|[from] Recoil
|
|-weather|Sandstorm|[upkeep]
|-damage|p2a: la sburè|93/100|[from] Sandstorm
|-damage|p2b: Sidy|0 fnt|[from] Sandstorm
|faint|p2b: Sidy
|upkeep
|
|t:|1783413496
|switch|p1a: Whimsicott|Whimsicott, L50, F|68/100
|switch|p2b: Quando provo|Tyranitar-Mega, L50, M|100/100
|turn|5
|inactive|eastyliam67 has 30 seconds left.
|c|☆Il Mule|temo si vada a gpersa
|inactive|eastyliam67 has 20 seconds left.
|inactive|eastyliam67 has 15 seconds left.
|inactive|eastyliam67 has 10 seconds left.
|inactive|eastyliam67 has 5 seconds left.
|
|t:|1783413548
|move|p1a: Whimsicott|Protect|p1a: Whimsicott
|-singleturn|p1a: Whimsicott|Protect
|move|p2a: la sburè|Protect|p2a: la sburè
|-singleturn|p2a: la sburè|Protect
|move|p1b: Kingambit|Kowtow Cleave|p2a: la sburè
|-activate|p2a: la sburè|move: Protect
|move|p2b: Quando provo|Dragon Dance|p2b: Quando provo
|-boost|p2b: Quando provo|atk|1
|-boost|p2b: Quando provo|spe|1
|
|-weather|none
|-sideend|p1: eastyliam67|move: Tailwind
|upkeep
|turn|6
|
|t:|1783413569
|move|p2a: la sburè|Rage Powder|p2a: la sburè
|-singleturn|p2a: la sburè|move: Rage Powder
|move|p1a: Whimsicott|Moonblast|p2b: Quando provo
|-supereffective|p2b: Quando provo|1
|-crit|p2b: Quando provo
|-damage|p2b: Quando provo|13/100
|move|p2b: Quando provo|Rock Slide|p1b: Kingambit|[spread] p1a,p1b
|-resisted|p1b: Kingambit|1
|-damage|p1a: Whimsicott|0 fnt
|-damage|p1b: Kingambit|62/100
|faint|p1a: Whimsicott
|move|p1b: Kingambit|Kowtow Cleave|p2a: la sburè
|-supereffective|p2a: la sburè|1
|-enditem|p2a: la sburè|Colbur Berry|[eat]
|-enditem|p2a: la sburè|Colbur Berry|[weaken]
|-damage|p2a: la sburè|54/100
|
|upkeep
|turn|7
|l| rovesciaporci
|c|☆Il Mule|disastroso
|j| rovesciaporci
|
|t:|1783413596
|move|p1b: Kingambit|Sucker Punch|p2a: la sburè
|-supereffective|p2a: la sburè|1
|-damage|p2a: la sburè|0 fnt
|faint|p2a: la sburè
|move|p2b: Quando provo|Rock Slide|p1b: Kingambit|[miss]
|-miss|p2b: Quando provo|p1b: Kingambit
|
|upkeep
|turn|8
|c| Tridello|mmmg
|
|t:|1783413604
|move|p2b: Quando provo|Rock Slide|p1b: Kingambit
|-resisted|p1b: Kingambit|1
|-damage|p1b: Kingambit|37/100
|move|p1b: Kingambit|Low Kick|p2b: Quando provo
|-supereffective|p2b: Quando provo|2
|-damage|p2b: Quando provo|0 fnt
|faint|p2b: Quando provo
|
|win|eastyliam67
|raw|eastyliam67's rating: 1433 → 1462(+29 for winning)
|raw|Il Mule's rating: 1602 → 1573(-29 for losing)
|l|☆Il Mule
|player|p2|
