|j|☆IcefieldsMessenger
|j|☆FatherPenguin
|html|IcefieldsMessengerFatherPenguin    
|uhtml|bestof|Game 3 of a best-of-3
|t:|1786111942
|gametype|doubles
|player|p1|IcefieldsMessenger|266|1111
|player|p2|FatherPenguin|acetrainersnow|1203
|gen|9
|tier|[Gen 9 Champions] VGC 2026 Reg M-B (Bo3)
|rated|
|rule|Species Clause: Limit one of each Pokémon
|rule|Item Clause: Limit 1 of each item
|clearpoke
|poke|p1|Sableye, L50, M|
|poke|p1|Overqwil, L50, M|
|poke|p1|Audino, L50, F|
|poke|p1|Zoroark-Hisui, L50, M, shiny|
|poke|p1|Dragalge, L50, F|
|poke|p1|Gholdengo, L50|
|poke|p2|Froslass, L50, F|
|poke|p2|Scovillain, L50, F|
|poke|p2|Lycanroc-Dusk, L50, M|
|poke|p2|Sneasler, L50, M|
|poke|p2|Basculegion, L50, M|
|poke|p2|Kingambit, L50, F|
|teampreview|4
|showteam|p1|Sableye||Sablenite|Prankster|PsychUp,Recover,DrainPunch,ThroatChop|Serious||M|||50|]Overqwil||Leftovers|PoisonPoint|Minimize,Stockpile,SwordsDance,ThroatChop|Sassy||M|||50|]Audino||SitrusBerry|Healer|TrickRoom,HealPulse,SimpleBeam,Protect|Sassy||F|||50|]Zoroark-Hisui||ChoiceScarf|Illusion|Taunt,WillOWisp,Memento,HyperVoice|Timid||M|||50|]Dragalge||Dragalgite|Adaptability|DragonPulse,Thunderbolt,SludgeBomb,Protect|Modest||F|||50|]Gholdengo||LifeOrb|GoodasGold|MakeItRain,ShadowBall,NastyPlot,Protect|Modest|||||50|
|showteam|p2|Froslass||Froslassite|CursedBody|Blizzard,ShadowBall,AuroraVeil,Protect|Timid||F|||50|]Scovillain||Scovillainite|Moody|Overheat,GigaDrain,RagePowder,Protect|Bold||F|||50|]Lycanroc-Dusk||FocusSash|ToughClaws|RockSlide,CloseCombat,Accelerock,Protect|Adamant||M|||50|]Sneasler||WhiteHerb|Unburden|DireClaw,CloseCombat,FakeOut,Protect|Jolly||M|||50|]Basculegion||SitrusBerry|Adaptability|WaveCrash,LastRespects,AquaJet,Protect|Adamant||M|||50|]Kingambit||BlackGlasses|Defiant|KowtowCleave,SuckerPunch,SwordsDance,Protect|Adamant||F|||50|
|inactive|Battle timer is ON: inactive players will automatically lose when time's up. (requested by FatherPenguin)
|inactive|FatherPenguin has 60 seconds left.
|
|t:|1786111987
|teamsize|p1|4
|teamsize|p2|4
|start
|switch|p1a: Audino|Audino, L50, F|100/100
|switch|p1b: Sableye|Sableye, L50, M|100/100
|switch|p2a: Sneasler|Sneasler, L50, M|100/100
|switch|p2b: Lycanroc|Lycanroc-Dusk, L50, M|100/100
|turn|1
|inactive|IcefieldsMessenger has 30 seconds left.
|
|t:|1786112016
|move|p1b: Sableye|Will-O-Wisp|p2a: Sneasler
|-status|p2a: Sneasler|brn
|move|p2a: Sneasler|Dire Claw|p1b: Sableye
|-resisted|p1b: Sableye|1
|-crit|p1b: Sableye
|-damage|p1b: Sableye|72/100
|-status|p1b: Sableye|slp
|replace|p1b: Zoroark|Zoroark-Hisui, L50, M, shiny
|-end|p1b: Zoroark|Illusion
|move|p2b: Lycanroc|Rock Slide|p1b: Zoroark|[spread] p1b
|-miss|p2b: Lycanroc|p1a: Audino
|-damage|p1b: Zoroark|9/100 slp
|move|p1a: Audino|Trick Room|p1a: Audino
|-fieldstart|move: Trick Room|[of] p1a: Audino
|
|-damage|p2a: Sneasler|94/100 brn|[from] brn
|upkeep
|turn|2
|inactive|FatherPenguin has 30 seconds left.
|inactive|IcefieldsMessenger has 30 seconds left.
|
|t:|1786112048
|switch|p1b: Overqwil|Overqwil, L50, M|100/100
|move|p1a: Audino|Simple Beam|p1b: Overqwil
|-ability|p1b: Overqwil|Simple|Poison Point|[from] move: Simple Beam
|move|p2b: Lycanroc|Rock Slide|p1a: Audino|[spread] p1a,p1b
|-damage|p1a: Audino|76/100
|-damage|p1b: Overqwil|70/100
|move|p2a: Sneasler|Dire Claw|p1b: Overqwil
|-resisted|p1b: Overqwil|1
|-damage|p1b: Overqwil|61/100
|
|-heal|p1b: Overqwil|66/100|[from] item: Leftovers
|-damage|p2a: Sneasler|88/100 brn|[from] brn
|upkeep
|turn|3
|inactive|FatherPenguin has 30 seconds left.
|
|t:|1786112078
|switch|p2a: Froslass|Froslass, L50, F|100/100
|move|p1a: Audino|Heal Pulse|p1b: Overqwil
|-heal|p1b: Overqwil|100/100
|move|p1b: Overqwil|Minimize|p1b: Overqwil
|-boost|p1b: Overqwil|evasion|4
|move|p2b: Lycanroc|Close Combat|p1a: Audino
|-supereffective|p1a: Audino|1
|-damage|p1a: Audino|0 fnt
|-unboost|p2b: Lycanroc|def|1
|-unboost|p2b: Lycanroc|spd|1
|faint|p1a: Audino
|
|upkeep
|
|t:|1786112091
|switch|p1a: Sableye|Sableye, L50, M|100/100
|turn|4
|
|t:|1786112105
|detailschange|p1a: Sableye|Sableye-Mega, L50, M
|-mega|p1a: Sableye|Sableye|Sablenite
|detailschange|p2a: Froslass|Froslass-Mega, L50, F
|-mega|p2a: Froslass|Froslass|Froslassite
|-weather|Snowscape|[from] ability: Snow Warning|[of] p2a: Froslass
|move|p2b: Lycanroc|Accelerock|p1a: Sableye
|-damage|p1a: Sableye|73/100
|move|p1a: Sableye|Psych Up|p1b: Overqwil
|-copyboost|p1a: Sableye|p1b: Overqwil|[from] move: Psych Up
|move|p1b: Overqwil|Stockpile|p1b: Overqwil
|-start|p1b: Overqwil|stockpile1
|-boost|p1b: Overqwil|def|2
|-boost|p1b: Overqwil|spd|2
|move|p2a: Froslass|Blizzard|p1b: Overqwil|[spread] p1a,p1b
|-damage|p1a: Sableye|36/100
|-damage|p1b: Overqwil|80/100
|-status|p1b: Overqwil|frz
|
|-weather|Snowscape|[upkeep]
|-heal|p1b: Overqwil|86/100 frz|[from] item: Leftovers
|upkeep
|turn|5
|
|t:|1786112128
|move|p2b: Lycanroc|Accelerock|p1a: Sableye|[miss]
|-miss|p2b: Lycanroc|p1a: Sableye
|move|p1a: Sableye|Psych Up|p1b: Overqwil
|-copyboost|p1a: Sableye|p1b: Overqwil|[from] move: Psych Up
|-curestatus|p1b: Overqwil|frz|[msg]
|move|p1b: Overqwil|Stockpile|p1b: Overqwil
|-start|p1b: Overqwil|stockpile2
|-boost|p1b: Overqwil|def|2
|-boost|p1b: Overqwil|spd|2
|move|p2a: Froslass|Blizzard|p1a: Sableye|[spread] p1a,p1b
|-damage|p1a: Sableye|17/100
|-damage|p1b: Overqwil|73/100
|
|-weather|Snowscape|[upkeep]
|-heal|p1b: Overqwil|79/100|[from] item: Leftovers
|-fieldend|move: Trick Room
|upkeep
|turn|6
|
|t:|1786112151
|switch|p2b: Kingambit|Kingambit, L50, F|100/100
|move|p2a: Froslass|Blizzard|p1b: Overqwil|[spread] p1a,p1b
|-damage|p1a: Sableye|0 fnt
|-damage|p1b: Overqwil|67/100
|faint|p1a: Sableye
|move|p1b: Overqwil|Stockpile|p1b: Overqwil
|-start|p1b: Overqwil|stockpile3
|-boost|p1b: Overqwil|def|2
|-boost|p1b: Overqwil|spd|2
|
|-weather|Snowscape|[upkeep]
|-heal|p1b: Overqwil|73/100|[from] item: Leftovers
|upkeep
|
|t:|1786112163
|switch|p1a: Overqwil|Overqwil, L50, M|9/100 slp
|turn|7
|
|t:|1786112184
|cant|p1a: Overqwil|slp
|move|p2a: Froslass|Blizzard|p1a: Overqwil|[spread] p1a,p1b
|-damage|p1a: Overqwil|0 fnt
|-damage|p1b: Overqwil|64/100
|replace|p1a: Zoroark|Zoroark-Hisui, L50, M, shiny
|-end|p1a: Zoroark|Illusion
|faint|p1a: Zoroark
|move|p1b: Overqwil|Swords Dance|p1b: Overqwil
|-boost|p1b: Overqwil|atk|4
|move|p2b: Kingambit|Swords Dance|p2b: Kingambit
|-boost|p2b: Kingambit|atk|2
|
|-weather|Snowscape|[upkeep]
|-heal|p1b: Overqwil|70/100|[from] item: Leftovers
|upkeep
|turn|8
|
|t:|1786112201
|move|p2a: Froslass|Blizzard|p1b: Overqwil
|-damage|p1b: Overqwil|56/100
|move|p1b: Overqwil|Throat Chop|p2b: Kingambit
|-resisted|p2b: Kingambit|1
|-damage|p2b: Kingambit|62/100
|-start|p2b: Kingambit|Throat Chop|[silent]
|move|p2b: Kingambit|Swords Dance|p2b: Kingambit
|-boost|p2b: Kingambit|atk|2
|
|-weather|none
|-heal|p1b: Overqwil|62/100|[from] item: Leftovers
|upkeep
|turn|9
|
|t:|1786112219
|move|p2a: Froslass|Blizzard|p1b: Overqwil|[miss]
|-miss|p2a: Froslass|p1b: Overqwil
|move|p1b: Overqwil|Throat Chop|p2b: Kingambit
|-resisted|p2b: Kingambit|1
|-damage|p2b: Kingambit|26/100
|move|p2b: Kingambit|Swords Dance|p2b: Kingambit
|-boost|p2b: Kingambit|atk|2
|
|-heal|p1b: Overqwil|68/100|[from] item: Leftovers
|-end|p2b: Kingambit|Throat Chop|[silent]
|upkeep
|turn|10
|
|t:|1786112237
|switch|p2a: Sneasler|Sneasler, L50, M|88/100 brn
|move|p2b: Kingambit|Protect|p2b: Kingambit
|-singleturn|p2b: Kingambit|Protect
|move|p1b: Overqwil|Throat Chop|p2b: Kingambit
|-activate|p2b: Kingambit|move: Protect
|
|-heal|p1b: Overqwil|74/100|[from] item: Leftovers
|-damage|p2a: Sneasler|82/100 brn|[from] brn
|upkeep
|turn|11
|
|t:|1786112251
|move|p2a: Sneasler|Fake Out|p1b: Overqwil
|-damage|p1b: Overqwil|72/100
|cant|p1b: Overqwil|flinch
|move|p2b: Kingambit|Kowtow Cleave|p1b: Overqwil
|-resisted|p1b: Overqwil|1
|-damage|p1b: Overqwil|42/100
|
|-heal|p1b: Overqwil|48/100|[from] item: Leftovers
|-damage|p2a: Sneasler|76/100 brn|[from] brn
|upkeep
|turn|12
|
|t:|1786112264
|move|p2a: Sneasler|Dire Claw|p1b: Overqwil|[miss]
|-miss|p2a: Sneasler|p1b: Overqwil
|move|p1b: Overqwil|Throat Chop|p2b: Kingambit
|-resisted|p2b: Kingambit|1
|-damage|p2b: Kingambit|0 fnt
|faint|p2b: Kingambit
|
|-heal|p1b: Overqwil|54/100|[from] item: Leftovers
|-damage|p2a: Sneasler|70/100 brn|[from] brn
|upkeep
|
|t:|1786112274
|switch|p2b: Froslass|Froslass-Mega, L50, F|100/100
|-weather|Snowscape|[from] ability: Snow Warning|[of] p2b: Froslass
|turn|13
|
|t:|1786112282
|move|p2a: Sneasler|Dire Claw|p1b: Overqwil
|-resisted|p1b: Overqwil|1
|-damage|p1b: Overqwil|52/100
|move|p2b: Froslass|Blizzard|p1b: Overqwil
|-damage|p1b: Overqwil|40/100
|move|p1b: Overqwil|Throat Chop|p2b: Froslass
|-supereffective|p2b: Froslass|1
|-damage|p2b: Froslass|0 fnt
|faint|p2b: Froslass
|
|-weather|Snowscape|[upkeep]
|-heal|p1b: Overqwil|46/100|[from] item: Leftovers
|-damage|p2a: Sneasler|64/100 brn|[from] brn
|upkeep
|
|t:|1786112294
|switch|p2b: Lycanroc|Lycanroc-Dusk, L50, M|100/100
|turn|14
|
|t:|1786112304
|move|p2a: Sneasler|Dire Claw|p1b: Overqwil
|-resisted|p1b: Overqwil|1
|-damage|p1b: Overqwil|44/100
|move|p2b: Lycanroc|Close Combat|p1b: Overqwil|[miss]
|-miss|p2b: Lycanroc|p1b: Overqwil
|move|p1b: Overqwil|Minimize|p1b: Overqwil
|-boost|p1b: Overqwil|evasion|2
|
|-weather|Snowscape|[upkeep]
|-heal|p1b: Overqwil|50/100y|[from] item: Leftovers
|-damage|p2a: Sneasler|58/100 brn|[from] brn
|upkeep
|turn|15
|
|t:|1786112318
|move|p2a: Sneasler|Dire Claw|p1b: Overqwil
|-resisted|p1b: Overqwil|1
|-damage|p1b: Overqwil|47/100
|move|p2b: Lycanroc|Close Combat|p1b: Overqwil
|-damage|p1b: Overqwil|34/100
|-unboost|p2b: Lycanroc|def|1
|-unboost|p2b: Lycanroc|spd|1
|move|p1b: Overqwil|Throat Chop|p2a: Sneasler
|-resisted|p2a: Sneasler|1
|-damage|p2a: Sneasler|0 fnt
|faint|p2a: Sneasler
|
|-weather|Snowscape|[upkeep]
|-heal|p1b: Overqwil|40/100|[from] item: Leftovers
|upkeep
|turn|16
|
|t:|1786112332
|move|p2b: Lycanroc|Close Combat|p1b: Overqwil
|-damage|p1b: Overqwil|25/100
|-unboost|p2b: Lycanroc|def|1
|-unboost|p2b: Lycanroc|spd|1
|move|p1b: Overqwil|Throat Chop|p2b: Lycanroc
|-enditem|p2b: Lycanroc|Focus Sash
|-damage|p2b: Lycanroc|1/100
|-start|p2b: Lycanroc|Throat Chop|[silent]
|
|-weather|Snowscape|[upkeep]
|-heal|p1b: Overqwil|31/100|[from] item: Leftovers
|upkeep
|turn|17
|
|t:|1786112343
|move|p2b: Lycanroc|Close Combat|p1b: Overqwil|[miss]
|-miss|p2b: Lycanroc|p1b: Overqwil
|move|p1b: Overqwil|Throat Chop|p2b: Lycanroc
|-damage|p2b: Lycanroc|0 fnt
|faint|p2b: Lycanroc
|
|win|IcefieldsMessenger
|raw|IcefieldsMessenger's rating: 1111 → 1142(+31 for winning)
|raw|FatherPenguin's rating: 1203 → 1172(-31 for losing)
