|j|☆Star-Lined J
|j|☆prefessional
|html|Star-Lined Jprefessional    
|uhtml|bestof|Game 1 of a best-of-3
|t:|1756666611
|gametype|doubles
|player|p1|Star-Lined J|266|1122
|player|p2|prefessional|102|1086
|gen|9
|tier|[Gen 9] VGC 2025 Reg H (Bo3)
|rated|
|rule|Species Clause: Limit one of each Pokémon
|rule|Item Clause: Limit 1 of each item
|clearpoke
|poke|p1|Bronzong, L50|
|poke|p1|Araquanid, L50, F|
|poke|p1|Ursaluna, L50, F|
|poke|p1|Meowscarada, L50, M|
|poke|p1|Gliscor, L50, M|
|poke|p1|Chandelure, L50, F|
|poke|p2|Talonflame, L50, F|
|poke|p2|Garchomp, L50, F|
|poke|p2|Gholdengo, L50|
|poke|p2|Gyarados, L50, M|
|poke|p2|Annihilape, L50, M|
|poke|p2|Rillaboom, L50, M|
|teampreview|4
|showteam|p1|Bronzong||Leftovers|Levitate|GyroBall,TrickRoom,RainDance,Protect||||||50|,,,,,Ghost]Araquanid||SplashPlate|WaterBubble|Liquidation,LeechLife,WideGuard,Protect|||F|||50|,,,,,Water]Ursaluna||FlameOrb|Guts|Facade,HeadlongRush,Earthquake,Protect|||F|||50|,,,,,Fairy]Meowscarada||FocusSash|Overgrow|FlowerTrick,KnockOff,Taunt,Protect|||M|||50|,,,,,Grass]Gliscor||ToxicOrb|PoisonHeal|DualWingbeat,RockSlide,Tailwind,Protect|||M|||50|,,,,,Fairy]Chandelure||FlamePlate|FlashFire|ShadowBall,HeatWave,TrickRoom,Protect|||F|||50|,,,,,Grass
|showteam|p2|Talonflame||CovertCloak|GaleWings|Tailwind,BraveBird,FlareBlitz,Protect|||F|||50|,,,,,Ghost]Garchomp||LifeOrb|RoughSkin|Earthquake,DragonClaw,StompingTantrum,Protect|||F|||50|,,,,,Ground]Gholdengo||ChoiceSpecs|GoodasGold|MakeItRain,ShadowBall,Thunderbolt,PowerGem||||||50|,,,,,Steel]Gyarados||SafetyGoggles|Intimidate|Waterfall,Taunt,ThunderWave,Protect|||M|||50|,,,,,Water]Annihilape||SitrusBerry|Defiant|RageFist,DrainPunch,FinalGambit,BulkUp|||M|||50|,,,,,Fire]Rillaboom||MiracleSeed|GrassySurge|FakeOut,GrassyGlide,WoodHammer,Uturn|||M|||50|,,,,,Water
|inactive|Battle timer is ON: inactive players will automatically lose when time's up. (requested by Star-Lined J)
|inactive|Star-Lined J has 60 seconds left.
|inactive|prefessional has 60 seconds left.
|inactive|Star-Lined J has 30 seconds left.
|inactive|prefessional has 30 seconds left.
|inactive|prefessional has 20 seconds left.
|inactive|prefessional has 15 seconds left.
|inactive|prefessional has 10 seconds left.
|
|t:|1756666692
|teamsize|p1|4
|teamsize|p2|4
|start
|switch|p1a: Meowscarada|Meowscarada, L50, M|100/100
|switch|p1b: Chandelure|Chandelure, L50, F|100/100
|switch|p2a: Talonflame|Talonflame, L50, F|100/100
|switch|p2b: Garchomp|Garchomp, L50, F|100/100
|turn|1
|inactive|Star-Lined J has 30 seconds left.
|inactive|prefessional has 30 seconds left.
|inactive|Star-Lined J has 20 seconds left.
|
|t:|1756666731
|move|p1b: Chandelure|Protect|p1b: Chandelure
|-singleturn|p1b: Chandelure|Protect
|move|p2a: Talonflame|Brave Bird|p1a: Meowscarada
|-supereffective|p1a: Meowscarada
|-enditem|p1a: Meowscarada|Focus Sash
|-damage|p1a: Meowscarada|1/100
|-damage|p2a: Talonflame|68/100|[from] Recoil
|move|p1a: Meowscarada|Knock Off|p2b: Garchomp
|-damage|p2b: Garchomp|55/100
|-damage|p1a: Meowscarada|0 fnt|[from] ability: Rough Skin|[of] p2b: Garchomp
|faint|p1a: Meowscarada
|move|p2b: Garchomp|Stomping Tantrum|p1b: Chandelure
|-activate|p1b: Chandelure|move: Protect
|
|upkeep
|
|t:|1756666744
|switch|p1a: Bronzong|Bronzong, L50|100/100
|turn|2
|inactive|prefessional has 30 seconds left.
|
|t:|1756666776
|move|p2a: Talonflame|Flare Blitz|p1a: Bronzong
|-supereffective|p1a: Bronzong
|-damage|p1a: Bronzong|21/100
|-damage|p2a: Talonflame|38/100|[from] Recoil
|move|p2b: Garchomp|Stomping Tantrum|p1b: Chandelure
|-supereffective|p1b: Chandelure
|-damage|p1b: Chandelure|0 fnt
|faint|p1b: Chandelure
|-damage|p2b: Garchomp|45/100|[from] item: Life Orb
|move|p1a: Bronzong|Trick Room|p1a: Bronzong
|-fieldstart|move: Trick Room|[of] p1a: Bronzong
|
|-heal|p1a: Bronzong|27/100|[from] item: Leftovers
|upkeep
|
|t:|1756666787
|switch|p1b: Araquanid|Araquanid, L50, F|100/100
|turn|3
|
|t:|1756666799
|switch|p2a: Gyarados|Gyarados, L50, M|100/100
|-ability|p2a: Gyarados|Intimidate|boost
|-unboost|p1a: Bronzong|atk|1
|-unboost|p1b: Araquanid|atk|1
|move|p2b: Garchomp|Protect|p2b: Garchomp
|-singleturn|p2b: Garchomp|Protect
|move|p1a: Bronzong|Gyro Ball|p2b: Garchomp
|-activate|p2b: Garchomp|move: Protect
|move|p1b: Araquanid|Liquidation|p2a: Gyarados
|-resisted|p2a: Gyarados
|-damage|p2a: Gyarados|76/100
|
|-heal|p1a: Bronzong|33/100|[from] item: Leftovers
|upkeep
|turn|4
|inactive|prefessional has 30 seconds left.
|inactive|prefessional has 20 seconds left.
|inactive|prefessional has 15 seconds left.
|
|t:|1756666839
|switch|p2a: Talonflame|Talonflame, L50, F|38/100
|-terastallize|p1b: Araquanid|Water
|move|p1a: Bronzong|Rain Dance|p1a: Bronzong
|-weather|RainDance
|move|p1b: Araquanid|Liquidation|p2b: Garchomp
|-damage|p2b: Garchomp|0 fnt
|-damage|p1b: Araquanid|88/100|[from] ability: Rough Skin|[of] p2b: Garchomp
|faint|p2b: Garchomp
|
|-weather|RainDance|[upkeep]
|-heal|p1a: Bronzong|38/100|[from] item: Leftovers
|upkeep
|
|t:|1756666851
|switch|p2b: Gyarados|Gyarados, L50, M|76/100
|-ability|p2b: Gyarados|Intimidate|boost
|-unboost|p1a: Bronzong|atk|1
|-unboost|p1b: Araquanid|atk|1
|turn|5
|
|t:|1756666869
|move|p2a: Talonflame|Protect|p2a: Talonflame
|-singleturn|p2a: Talonflame|Protect
|move|p1a: Bronzong|Gyro Ball|p2b: Gyarados
|-resisted|p2b: Gyarados
|-damage|p2b: Gyarados|70/100
|move|p1b: Araquanid|Liquidation|p2a: Talonflame
|-activate|p2a: Talonflame|move: Protect
|move|p2b: Gyarados|Thunder Wave|p1b: Araquanid
|-status|p1b: Araquanid|par
|
|-weather|RainDance|[upkeep]
|-heal|p1a: Bronzong|44/100|[from] item: Leftovers
|upkeep
|turn|6
|
|t:|1756666887
|move|p1b: Araquanid|Liquidation|p2a: Talonflame
|-supereffective|p2a: Talonflame
|-damage|p2a: Talonflame|0 fnt
|faint|p2a: Talonflame
|move|p1a: Bronzong|Gyro Ball|p2b: Gyarados
|-resisted|p2b: Gyarados
|-damage|p2b: Gyarados|63/100
|move|p2b: Gyarados|Waterfall|p1a: Bronzong
|-damage|p1a: Bronzong|6/100
|
|-weather|RainDance|[upkeep]
|-heal|p1a: Bronzong|11/100|[from] item: Leftovers
|-fieldend|move: Trick Room
|upkeep
|
|t:|1756666898
|switch|p2a: Gholdengo|Gholdengo, L50|100/100
|turn|7
|
|t:|1756666908
|-terastallize|p2a: Gholdengo|Steel
|cant|p1b: Araquanid|par
|move|p2a: Gholdengo|Thunderbolt|p1a: Bronzong
|-damage|p1a: Bronzong|0 fnt
|faint|p1a: Bronzong
|move|p2b: Gyarados|Taunt|p1b: Araquanid
|-start|p1b: Araquanid|move: Taunt
|
|-weather|RainDance|[upkeep]
|upkeep
|turn|8
|-message|Star-Lined J forfeited.
|
|win|prefessional
||Star-Lined J is ready for game 2.
||prefessional is ready for game 2.
|uhtml|next|Next: Game 2 of 3
|l|☆prefessional
|player|p2|
