|j|☆B0mb3r6969
|j|☆EastyLiam
|html|B0mb3r6969EastyLiam    
|uhtml|bestof|Game 1 of a best-of-3
|t:|1782410809
|gametype|doubles
|player|p1|B0mb3r6969|cynthia-gen4|1103
|player|p2|EastyLiam|266|1050
|gen|9
|tier|[Gen 9 Champions] VGC 2026 Reg M-B (Bo3)
|rated|
|rule|Species Clause: Limit one of each Pokémon
|rule|Item Clause: Limit 1 of each item
|clearpoke
|poke|p1|Tsareena, L50, F|
|poke|p1|Toxapex, L50, M|
|poke|p1|Delphox, L50, F|
|poke|p1|Swampert, L50, F|
|poke|p1|Talonflame, L50, F|
|poke|p1|Staraptor, L50, M|
|poke|p2|Torkoal, L50, F|
|poke|p2|Incineroar, L50, M|
|poke|p2|Farigiraf, L50, F|
|poke|p2|Floette-Eternal, L50, F|
|poke|p2|Basculegion, L50, M|
|poke|p2|Sneasler, L50, M|
|teampreview|4
|showteam|p1|Tsareena||FocusSash|QueenlyMajesty|TropKick,TripleAxel,Taunt,Protect|Adamant||F|||50|]Toxapex||Leftovers|Regenerator|BanefulBunker,Hex,Recover,Toxic|Sassy||M|||50|]Delphox||Delphoxite|Blaze|Protect,DazzlingGleam,ScorchingSands,HeatWave|Timid||F|||50|]Swampert||RindoBerry|Damp|HighHorsepower,IcePunch,Liquidation,PoisonJab|Adamant||F|||50|]Talonflame||SharpBeak|GaleWings|Protect,BraveBird,UpperHand,Tailwind|Jolly||F|||50|]Staraptor||Staraptite|Intimidate|CloseCombat,DoubleTeam,BraveBird,Protect|Adamant||M|||50|
|showteam|p2|Torkoal||Charcoal|Drought|Eruption,WeatherBall,EarthPower,Protect|Quiet||F|||50|]Incineroar||LifeOrb|Intimidate|FlareBlitz,DarkestLariat,CloseCombat,FakeOut|Adamant||M|||50|]Farigiraf||ColburBerry|ArmorTail|Psychic,Thunderbolt,TrickRoom,HelpingHand|Quiet||F|||50|]Floette-Eternal||Floettite|FlowerVeil|Moonblast,DazzlingGleam,LightofRuin,Protect|Timid||F|||50|]Basculegion||ChoiceScarf|Adaptability|WaveCrash,FlipTurn,LastRespects,AquaJet|Jolly||M|||50|]Sneasler||FocusSash|PoisonTouch|CloseCombat,PoisonJab,FakeOut,Protect|Jolly||M|||50|
|inactive|Battle timer is ON: inactive players will automatically lose when time's up. (requested by B0mb3r6969)
|inactive|B0mb3r6969 has 60 seconds left.
|inactive|EastyLiam has 60 seconds left.
|
|t:|1782410854
|teamsize|p1|4
|teamsize|p2|4
|start
|switch|p1a: Staraptor|Staraptor, L50, M|100/100
|switch|p1b: Swampert|Swampert, L50, F|100/100
|switch|p2a: Incineroar|Incineroar, L50, M|100/100
|switch|p2b: Farigiraf|Farigiraf, L50, F|100/100
|-ability|p1a: Staraptor|Intimidate|boost
|-unboost|p2a: Incineroar|atk|1
|-unboost|p2b: Farigiraf|atk|1
|-ability|p2a: Incineroar|Intimidate|boost
|-unboost|p1a: Staraptor|atk|1
|-unboost|p1b: Swampert|atk|1
|turn|1
|inactive|B0mb3r6969 has 30 seconds left.
|inactive|EastyLiam has 30 seconds left.
|
|t:|1782410882
|move|p1a: Staraptor|Protect|p1a: Staraptor
|-singleturn|p1a: Staraptor|Protect
|move|p2a: Incineroar|Fake Out|p1a: Staraptor
|-activate|p1a: Staraptor|move: Protect
|move|p1b: Swampert|Liquidation|p2a: Incineroar
|-supereffective|p2a: Incineroar|1
|-damage|p2a: Incineroar|38/100
|move|p2b: Farigiraf|Trick Room|p2b: Farigiraf
|-fieldstart|move: Trick Room|[of] p2b: Farigiraf
|
|upkeep
|turn|2
|
|t:|1782410900
|detailschange|p1a: Staraptor|Staraptor-Mega, L50, M
|-mega|p1a: Staraptor|Staraptor|Staraptite
|move|p2b: Farigiraf|Thunderbolt|p1a: Staraptor
|-supereffective|p1a: Staraptor|1
|-crit|p1a: Staraptor
|-damage|p1a: Staraptor|16/100
|move|p2a: Incineroar|Flare Blitz|p1a: Staraptor
|-damage|p1a: Staraptor|0 fnt
|faint|p1a: Staraptor
|-damage|p2a: Incineroar|34/100|[from] Recoil
|-damage|p2a: Incineroar|24/100|[from] item: Life Orb
|move|p1b: Swampert|Liquidation|p2a: Incineroar
|-supereffective|p2a: Incineroar|1
|-damage|p2a: Incineroar|0 fnt
|faint|p2a: Incineroar
|
|upkeep
|
|t:|1782410919
|switch|p2a: Torkoal|Torkoal, L50, F|100/100
|switch|p1a: Toxapex|Toxapex, L50, M|100/100
|-weather|SunnyDay|[from] ability: Drought|[of] p2a: Torkoal
|turn|3
|
|t:|1782410932
|move|p2a: Torkoal|Eruption|p1b: Swampert|[spread] p1a,p1b
|-resisted|p1a: Toxapex|1
|-resisted|p1b: Swampert|1
|-damage|p1a: Toxapex|65/100
|-damage|p1b: Swampert|54/100
|move|p1a: Toxapex|Toxic|p2b: Farigiraf
|-status|p2b: Farigiraf|tox
|move|p2b: Farigiraf|Psychic|p1a: Toxapex
|-supereffective|p1a: Toxapex|1
|-damage|p1a: Toxapex|0 fnt
|faint|p1a: Toxapex
|move|p1b: Swampert|High Horsepower|p2a: Torkoal
|-supereffective|p2a: Torkoal|1
|-crit|p2a: Torkoal
|-damage|p2a: Torkoal|0 fnt
|faint|p2a: Torkoal
|
|-weather|SunnyDay|[upkeep]
|-damage|p2b: Farigiraf|93/100 tox|[from] psn
|upkeep
|
|t:|1782410950
|switch|p2a: Floette|Floette-Eternal, L50, F|100/100
|switch|p1a: Delphox|Delphox, L50, F|100/100
|turn|4
|
|t:|1782410971
|detailschange|p2a: Floette|Floette-Mega, L50, F
|-mega|p2a: Floette|Floette|Floettite
|-ability|p2a: Floette|Fairy Aura
|move|p2b: Farigiraf|Thunderbolt|p1a: Delphox
|-damage|p1a: Delphox|67/100
|-status|p1a: Delphox|par
|move|p1a: Delphox|Heat Wave|p2b: Farigiraf|[spread] p2a,p2b
|-damage|p2a: Floette|57/100
|-damage|p2b: Farigiraf|56/100 tox
|move|p1b: Swampert|Poison Jab|p2a: Floette
|-supereffective|p2a: Floette|1
|-damage|p2a: Floette|9/100
|move|p2a: Floette|Dazzling Gleam|p1a: Delphox|[spread] p1a,p1b
|-resisted|p1a: Delphox|1
|-crit|p1a: Delphox
|-damage|p1a: Delphox|26/100 par
|-damage|p1b: Swampert|5/100
|
|-weather|SunnyDay|[upkeep]
|-damage|p2b: Farigiraf|44/100 tox|[from] psn
|upkeep
|turn|5
|inactive|B0mb3r6969 has 30 seconds left.
|inactive|B0mb3r6969 has 20 seconds left.
|inactive|B0mb3r6969 has 15 seconds left.
|
|t:|1782411012
|move|p1a: Delphox|Protect|p1a: Delphox
|-singleturn|p1a: Delphox|Protect
|move|p2a: Floette|Protect|p2a: Floette
|-singleturn|p2a: Floette|Protect
|move|p2b: Farigiraf|Thunderbolt|p1a: Delphox
|-activate|p1a: Delphox|move: Protect
|move|p1b: Swampert|Poison Jab|p2a: Floette
|-activate|p2a: Floette|move: Protect
|
|-weather|SunnyDay|[upkeep]
|-damage|p2b: Farigiraf|25/100 tox|[from] psn
|-fieldend|move: Trick Room
|upkeep
|turn|6
|
|t:|1782411028
|move|p2b: Farigiraf|Helping Hand|p2a: Floette
|-singleturn|p2a: Floette|Helping Hand|[of] p2b: Farigiraf
|move|p2a: Floette|Dazzling Gleam|p1a: Delphox|[spread] p1a,p1b
|-resisted|p1a: Delphox|1
|-damage|p1a: Delphox|0 fnt
|-damage|p1b: Swampert|0 fnt
|faint|p1a: Delphox
|faint|p1b: Swampert
|
|win|EastyLiam
||B0mb3r6969 is ready for game 2.
||EastyLiam is ready for game 2.
|uhtml|next|Next: Game 2 of 3
|l|☆B0mb3r6969
|player|p1|
