|j|☆squirrelsarge
|j|☆WaluigiVGC
|html|squirrelsargeWaluigiVGC    
|uhtml|bestof|Game 1 of a best-of-3
|t:|1757025626
|gametype|doubles
|player|p1|squirrelsarge|170|1086
|player|p2|WaluigiVGC|169|1171
|gen|9
|tier|[Gen 9] VGC 2025 Reg H (Bo3)
|rated|
|rule|Species Clause: Limit one of each Pokémon
|rule|Item Clause: Limit 1 of each item
|clearpoke
|poke|p1|Volcarona, L50, F|
|poke|p1|Gholdengo, L50|
|poke|p1|Rillaboom, L50, M|
|poke|p1|Sneasler, L50, M|
|poke|p1|Palafin, L50, F|
|poke|p1|Dragapult, L50, F|
|poke|p2|Sneasler, L50, F|
|poke|p2|Indeedee, L50, M|
|poke|p2|Whimsicott, L50, F|
|poke|p2|Ursaluna-Bloodmoon, L50, M|
|poke|p2|Tatsugiri, L50, F|
|poke|p2|Dondozo, L50, M|
|teampreview|4
|showteam|p1|Volcarona||RockyHelmet|FlameBody|QuiverDance,GigaDrain,HeatWave,Protect|||F|||50|,,,,,Ghost]Gholdengo||LifeOrb|GoodasGold|MakeItRain,ShadowBall,Protect,NastyPlot||||||50|,,,,,Steel]Rillaboom||AssaultVest|GrassySurge|FakeOut,GrassyGlide,KnockOff,Uturn|||M|||50|,,,,,Fire]Sneasler||GrassySeed|Unburden|CloseCombat,DireClaw,Protect,Acrobatics|||M|||50|,,,,,Ghost]Palafin||MysticWater|ZerotoHero|JetPunch,WaveCrash,ThroatChop,Protect|||F|||50|,,,,,Water]Dragapult||ChoiceBand|Infiltrator|DragonDarts,Uturn,PhantomForce,PsychicFangs|||F|||50|,,,,,Steel
|showteam|p2|Sneasler||PsychicSeed|Unburden|DireClaw,CloseCombat,ThroatChop,Protect|||F|||50|,,,,,Dark]Indeedee||FocusSash|PsychicSurge|ExpandingForce,TeraBlast,HelpingHand,Protect|||M|||50|,,,,,Psychic]Whimsicott||CovertCloak|Prankster|Moonblast,Tailwind,HelpingHand,LightScreen|||F|||50|,,,,,Poison]Ursaluna-Bloodmoon||SilkScarf|MindsEye|BloodMoon,HyperVoice,EarthPower,Protect|||M|||50|,,,,,Normal]Tatsugiri||SafetyGoggles|Commander|DracoMeteor,MuddyWater,HelpingHand,Protect|||F|||50|,,,,,Normal]Dondozo||Leftovers|Unaware|WaveCrash,Earthquake,OrderUp,Protect|||M|||50|,,,,,Grass
|
|t:|1757025660
|teamsize|p1|4
|teamsize|p2|4
|start
|switch|p1a: Gholdengo|Gholdengo, L50|100/100
|switch|p1b: Volcarona|Volcarona, L50, F|100/100
|switch|p2a: Whimsicott|Whimsicott, L50, F|100/100
|switch|p2b: Ursaluna|Ursaluna-Bloodmoon, L50, M|100/100
|turn|1
|
|t:|1757025684
|switch|p1a: Rillaboom|Rillaboom, L50, M|100/100
|-fieldstart|move: Grassy Terrain|[from] ability: Grassy Surge|[of] p1a: Rillaboom
|-terastallize|p1b: Volcarona|Ghost
|move|p2a: Whimsicott|Tailwind|p2a: Whimsicott
|-sidestart|p2: WaluigiVGC|move: Tailwind
|move|p2b: Ursaluna|Earth Power|p1a: Rillaboom
|-resisted|p1a: Rillaboom
|-damage|p1a: Rillaboom|83/100
|move|p1b: Volcarona|Quiver Dance|p1b: Volcarona
|-boost|p1b: Volcarona|spa|1
|-boost|p1b: Volcarona|spd|1
|-boost|p1b: Volcarona|spe|1
|
|-heal|p1a: Rillaboom|89/100|[from] Grassy Terrain
|upkeep
|turn|2
|
|t:|1757025713
|move|p2b: Ursaluna|Protect|p2b: Ursaluna
|-singleturn|p2b: Ursaluna|Protect
|move|p1a: Rillaboom|Fake Out|p2b: Ursaluna
|-activate|p2b: Ursaluna|move: Protect
|move|p2a: Whimsicott|Light Screen|p2a: Whimsicott
|-sidestart|p2: WaluigiVGC|move: Light Screen
|move|p1b: Volcarona|Quiver Dance|p1b: Volcarona
|-boost|p1b: Volcarona|spa|1
|-boost|p1b: Volcarona|spd|1
|-boost|p1b: Volcarona|spe|1
|
|-heal|p1a: Rillaboom|95/100|[from] Grassy Terrain
|upkeep
|turn|3
|
|t:|1757025733
|-terastallize|p2b: Ursaluna|Normal
|move|p2a: Whimsicott|Helping Hand|p2b: Ursaluna
|-singleturn|p2b: Ursaluna|Helping Hand|[of] p2a: Whimsicott
|move|p1a: Rillaboom|Grassy Glide|p2b: Ursaluna
|-damage|p2b: Ursaluna|72/100
|move|p1b: Volcarona|Heat Wave|p2a: Whimsicott|[spread] p2a,p2b
|-supereffective|p2a: Whimsicott
|-damage|p2a: Whimsicott|0 fnt
|-damage|p2b: Ursaluna|0 fnt
|faint|p2a: Whimsicott
|faint|p2b: Ursaluna
|
|-heal|p1a: Rillaboom|100/100|[from] Grassy Terrain
|upkeep
|
|t:|1757025747
|switch|p2a: Dondozo|Dondozo, L50, M|100/100
|switch|p2b: Tatsugiri|Tatsugiri, L50, F|100/100
|-activate|p2b: Tatsugiri|ability: Commander|[of] p2a: Dondozo
|-boost|p2a: Dondozo|atk|2
|-boost|p2a: Dondozo|spa|2
|-boost|p2a: Dondozo|spe|2
|-boost|p2a: Dondozo|def|2
|-boost|p2a: Dondozo|spd|2
|turn|4
|
|t:|1757025765
|move|p1a: Rillaboom|Grassy Glide|p2a: Dondozo
|-supereffective|p2a: Dondozo
|-damage|p2a: Dondozo|76/100
|move|p2a: Dondozo|Order Up|p1a: Rillaboom
|-damage|p1a: Rillaboom|58/100
|-boost|p2a: Dondozo|atk|1
|move|p1b: Volcarona|Heat Wave|p2a: Dondozo|[spread] p2a
|-miss|p1b: Volcarona|p2b: Tatsugiri
|-resisted|p2a: Dondozo
|-damage|p2a: Dondozo|68/100
|-status|p2a: Dondozo|brn
|
|-heal|p2a: Dondozo|74/100 brn|[from] Grassy Terrain
|-heal|p2a: Dondozo|81/100 brn|[from] item: Leftovers
|-heal|p1a: Rillaboom|64/100|[from] Grassy Terrain
|-damage|p2a: Dondozo|74/100 brn|[from] brn
|-sideend|p2: WaluigiVGC|move: Tailwind
|upkeep
|turn|5
|
|t:|1757025793
|move|p1b: Volcarona|Heat Wave|p2b: Tatsugiri|[spread] p2a
|-miss|p1b: Volcarona|p2b: Tatsugiri
|-resisted|p2a: Dondozo
|-damage|p2a: Dondozo|68/100 brn
|move|p2a: Dondozo|Wave Crash|p1b: Volcarona
|-damage|p1b: Volcarona|10/100
|-damage|p2a: Dondozo|51/100 brn|[from] item: Rocky Helmet|[of] p1b: Volcarona
|-damage|p2a: Dondozo|30/100 brn|[from] Recoil
|move|p1a: Rillaboom|Knock Off|p2a: Dondozo
|-damage|p2a: Dondozo|19/100 brn
|-enditem|p2a: Dondozo|Leftovers|[from] move: Knock Off|[of] p1a: Rillaboom
|
|-heal|p1b: Volcarona|16/100|[from] Grassy Terrain
|-heal|p2a: Dondozo|25/100 brn|[from] Grassy Terrain
|-heal|p1a: Rillaboom|70/100|[from] Grassy Terrain
|-damage|p2a: Dondozo|19/100 brn|[from] brn
|-fieldend|move: Grassy Terrain
|upkeep
|turn|6
|
|t:|1757025820
|move|p1b: Volcarona|Giga Drain|p2a: Dondozo
|-supereffective|p2a: Dondozo
|-damage|p2a: Dondozo|0 fnt
|-heal|p1b: Volcarona|29/100|[from] drain|[of] p2a: Dondozo
|faint|p2a: Dondozo
|move|p1a: Rillaboom|U-turn|p2b: Tatsugiri
|-damage|p2b: Tatsugiri|56/100
|
|t:|1757025828
|switch|p1a: Palafin|Palafin, L50, F|100/100|[from] U-turn
|
|-sideend|p2: WaluigiVGC|move: Light Screen
|upkeep
|turn|7
|
|t:|1757025837
|detailschange|p1a: Palafin|Palafin-Hero, L50, F
|switch|p1a: Rillaboom|Rillaboom, L50, M|70/100
|-fieldstart|move: Grassy Terrain|[from] ability: Grassy Surge|[of] p1a: Rillaboom
|move|p1b: Volcarona|Giga Drain|p2b: Tatsugiri
|-damage|p2b: Tatsugiri|0 fnt
|-heal|p1b: Volcarona|54/100|[from] drain|[of] p2b: Tatsugiri
|faint|p2b: Tatsugiri
|
|win|squirrelsarge
|j| Arkhept
|l| Arkhept
||squirrelsarge is ready for game 2.
