|j|☆avigolvgc
|j|☆TeyVgc
|html|avigolvgcTeyVgc    
|uhtml|bestof|Game 3 of a best-of-3
|t:|1757097984
|gametype|doubles
|player|p1|avigolvgc|265|1260
|player|p2|TeyVgc|101|1310
|gen|9
|tier|[Gen 9] VGC 2025 Reg H (Bo3)
|rated|
|rule|Species Clause: Limit one of each Pokémon
|rule|Item Clause: Limit 1 of each item
|clearpoke
|poke|p1|Farigiraf, L50, F|
|poke|p1|Sylveon, L50, F|
|poke|p1|Rillaboom, L50, M|
|poke|p1|Dragonite, L50, M|
|poke|p1|Incineroar, L50, M|
|poke|p1|Sneasler, L50, M|
|poke|p2|Gholdengo, L50|
|poke|p2|Dragonite, L50, F|
|poke|p2|Sneasler, L50, F|
|poke|p2|Incineroar, L50, M|
|poke|p2|Indeedee, L50, M|
|poke|p2|Gastrodon, L50, M|
|teampreview|4
|showteam|p1|Farigiraf||ThroatSpray|ArmorTail|PsychicNoise,HyperVoice,TrickRoom,Protect|||F|||50|,,,,,Fairy]Sylveon||PixiePlate|Pixilate|HyperVoice,TeraBlast,CalmMind,Protect|||F|||50|,,,,,Fire]Rillaboom||AssaultVest|GrassySurge|WoodHammer,GrassyGlide,Uturn,FakeOut|||M|||50|,,,,,Steel]Dragonite||SafetyGoggles|InnerFocus|ExtremeSpeed,TeraBlast,DragonDance,Protect|||M|||50|,,,,,Flying]Incineroar||SitrusBerry|Intimidate|KnockOff,PartingShot,Snarl,FakeOut|||M|||50|,,,,,Water]Sneasler||FocusSash|Unburden|DireClaw,CloseCombat,Uturn,Protect|||M|||50|,,,,,Ghost
|showteam|p2|Gholdengo||LifeOrb|GoodasGold|Protect,MakeItRain,ShadowBall,NastyPlot||||||50|,,,,,Water]Dragonite||LoadedDice|Multiscale|ScaleShot,Tailwind,Haze,Protect|||F|||50|,,,,,Fairy]Sneasler||PsychicSeed|Unburden|Protect,DireClaw,CloseCombat,ThroatChop|||F|||50|,,,,,Dark]Incineroar||SafetyGoggles|Intimidate|KnockOff,PartingShot,FlareBlitz,FakeOut|||M|||50|,,,,,Ghost]Indeedee||FocusSash|PsychicSurge|ExpandingForce,TrickRoom,Imprison,TeraBlast|||M|||50|,,,,,Fighting]Gastrodon||Leftovers|StormDrain|EarthPower,Yawn,Recover,IceBeam|||M|||50|,,,,,Poison
|
|t:|1757098030
|teamsize|p1|4
|teamsize|p2|4
|start
|switch|p1a: Samuel|Incineroar, L50, M, shiny|100/100
|switch|p1b: Claudia|Farigiraf, L50, F, shiny|100/100
|switch|p2a: Tuco|Incineroar, L50, M|100/100
|switch|p2b: Hector|Gholdengo, L50|100/100
|-ability|p2a: Tuco|Intimidate|boost
|-unboost|p1a: Samuel|atk|1
|-unboost|p1b: Claudia|atk|1
|-ability|p1a: Samuel|Intimidate|boost
|-unboost|p2a: Tuco|atk|1
|-unboost|p2b: Hector|atk|1
|turn|1
|
|t:|1757098066
|move|p1b: Claudia|Protect|p1b: Claudia
|-singleturn|p1b: Claudia|Protect
|move|p2b: Hector|Make It Rain|p1b: Claudia|[spread] p1a
|-activate|p1b: Claudia|move: Protect
|-resisted|p1a: Samuel
|-damage|p1a: Samuel|79/100
|-unboost|p2b: Hector|spa|1
|-damage|p2b: Hector|91/100|[from] item: Life Orb
|move|p2a: Tuco|Knock Off|p1b: Claudia
|-activate|p1b: Claudia|move: Protect
|move|p1a: Samuel|Snarl|p2a: Tuco|[spread] p2a,p2b
|-resisted|p2a: Tuco
|-supereffective|p2b: Hector
|-crit|p2b: Hector
|-damage|p2a: Tuco|96/100
|-damage|p2b: Hector|56/100
|-unboost|p2a: Tuco|spa|1
|-unboost|p2b: Hector|spa|1
|
|upkeep
|turn|2
|
|t:|1757098098
|switch|p2b: Leonel|Sneasler, L50, F|100/100
|move|p2a: Tuco|Knock Off|p1b: Claudia
|-supereffective|p1b: Claudia
|-damage|p1b: Claudia|47/100
|-enditem|p1b: Claudia|Throat Spray|[from] move: Knock Off|[of] p2a: Tuco
|move|p1a: Samuel|Parting Shot|p2a: Tuco
|-unboost|p2a: Tuco|atk|1
|-unboost|p2a: Tuco|spa|1
|
|t:|1757098106
|switch|p1a: Malova|Sylveon, L50, F|100/100|[from] Parting Shot
|move|p1b: Claudia|Trick Room|p1b: Claudia
|-fieldstart|move: Trick Room|[of] p1b: Claudia
|
|upkeep
|turn|3
|
|t:|1757098140
|-terastallize|p1a: Malova|Fire
|move|p1a: Malova|Hyper Voice|p2a: Tuco|[spread] p2a,p2b
|-damage|p2a: Tuco|52/100
|-damage|p2b: Leonel|36/100
|move|p1b: Claudia|Hyper Voice|p2a: Tuco|[spread] p2a,p2b
|-damage|p2a: Tuco|23/100
|-damage|p2b: Leonel|0 fnt
|faint|p2b: Leonel
|move|p2a: Tuco|Parting Shot|p1a: Malova
|-unboost|p1a: Malova|atk|1
|-unboost|p1a: Malova|spa|1
|
|t:|1757098152
|switch|p2a: Hector|Gholdengo, L50|56/100|[from] Parting Shot
|
|upkeep
|
|t:|1757098157
|switch|p2b: Tuco|Incineroar, L50, M|23/100
|-ability|p2b: Tuco|Intimidate|boost
|-unboost|p1a: Malova|atk|1
|-unboost|p1b: Claudia|atk|1
|turn|4
|
|t:|1757098180
|-terastallize|p2a: Hector|Water
|move|p1a: Malova|Calm Mind|p1a: Malova
|-boost|p1a: Malova|spa|1
|-boost|p1a: Malova|spd|1
|move|p1b: Claudia|Hyper Voice|p2b: Tuco|[spread] p2a,p2b
|-damage|p2a: Hector|22/100
|-damage|p2b: Tuco|0 fnt
|faint|p2b: Tuco
|move|p2a: Hector|Make It Rain|p1b: Claudia|[spread] p1a,p1b
|-resisted|p1a: Malova
|-damage|p1a: Malova|87/100
|-damage|p1b: Claudia|0 fnt
|-unboost|p2a: Hector|spa|1
|faint|p1b: Claudia
|-damage|p2a: Hector|13/100|[from] item: Life Orb
|
|upkeep
|
|t:|1757098194
|switch|p1b: Noroña|Rillaboom, L50, M|100/100
|switch|p2b: Marco|Indeedee, L50, M|100/100
|-fieldstart|move: Grassy Terrain|[from] ability: Grassy Surge|[of] p1b: Noroña
|-fieldstart|move: Psychic Terrain|[from] ability: Psychic Surge|[of] p2b: Marco
|turn|5
|
|t:|1757098211
|move|p1a: Malova|Hyper Voice|p2b: Marco|[spread] p2a,p2b
|-damage|p2a: Hector|0 fnt
|-damage|p2b: Marco|41/100
|faint|p2a: Hector
|move|p1b: Noroña|U-turn|p2b: Marco
|-supereffective|p2b: Marco
|-damage|p2b: Marco|0 fnt
|faint|p2b: Marco
|
|win|avigolvgc
|raw|avigolvgc's rating: 1260 → 1289(+29 for winning)
|raw|TeyVgc's rating: 1310 → 1287(-23 for losing)
