|j|☆Canadianboard26
|j|☆Aleysha Mittons
|html|Canadianboard26Aleysha Mittons    
|uhtml|bestof|Game 2 of a best-of-3
|t:|1782372728
|gametype|doubles
|player|p1|Canadianboard26|169|1132
|player|p2|Aleysha Mittons|benga|1033
|gen|9
|tier|[Gen 9 Champions] VGC 2026 Reg M-B (Bo3)
|rated|
|rule|Species Clause: Limit one of each Pokémon
|rule|Item Clause: Limit 1 of each item
|clearpoke
|poke|p1|Pyroar, L50, F|
|poke|p1|Whimsicott, L50, F|
|poke|p1|Torkoal, L50, F|
|poke|p1|Farigiraf, L50, M|
|poke|p1|Basculegion, L50, M|
|poke|p1|Venusaur, L50, M|
|poke|p2|Kleavor, L50, M|
|poke|p2|Whimsicott, L50, M|
|poke|p2|Charizard, L50, M|
|poke|p2|Garchomp, L50, M|
|poke|p2|Basculegion, L50, M|
|poke|p2|Kingambit, L50, M|
|teampreview|4
|showteam|p1|Pyroar||Pyroarite|Rivalry|HeatWave,Overheat,SolarBeam,Protect|Timid||F|||50|]Whimsicott||FocusSash|Prankster|Tailwind,SunnyDay,Moonblast,Protect|Timid||F|||50|]Torkoal||Charcoal|Drought|Eruption,HeatWave,HelpingHand,Protect|Modest||F|||50|]Farigiraf||SitrusBerry|ArmorTail|TrickRoom,HelpingHand,TwinBeam,Thunderbolt|Bold||M|||50|]Basculegion||LifeOrb|Adaptability|WaveCrash,AquaJet,LastRespects,Protect|Adamant||M|||50|]Venusaur||ExpertBelt|Chlorophyll|SludgeBomb,EnergyBall,EarthPower,Protect|Modest||M|||50|
|showteam|p2|Kleavor||FocusSash|Sharpness|StoneAxe,CloseCombat,Feint,Protect|Jolly||M|||50|]Whimsicott||FairyFeather|Prankster|Tailwind,Moonblast,Encore,Protect|Timid||M|||50|]Charizard||CharizarditeY|Blaze|HeatWave,WeatherBall,SolarBeam,Protect|Modest||M|||50|]Garchomp||LifeOrb|RoughSkin|Earthquake,DragonClaw,RockSlide,Protect|Jolly||M|||50|]Basculegion||ChoiceScarf|Adaptability|WaveCrash,LastRespects,AquaJet,FlipTurn|Jolly||M|||50|]Kingambit||BlackGlasses|Defiant|KowtowCleave,SuckerPunch,IronHead,Protect|Adamant||M|||50|
|inactive|Battle timer is ON: inactive players will automatically lose when time's up. (requested by Canadianboard26)
|inactive|Canadianboard26 has 60 seconds left.
|
|t:|1782372778
|teamsize|p1|4
|teamsize|p2|4
|start
|switch|p1a: Torkoal|Torkoal, L50, F|100/100
|switch|p1b: Venusaur|Venusaur, L50, M|100/100
|switch|p2a: Kleavor|Kleavor, L50, M|100/100
|switch|p2b: Garchomp|Garchomp, L50, M|100/100
|-weather|SunnyDay|[from] ability: Drought|[of] p1a: Torkoal
|turn|1
|inactive|Canadianboard26 has 30 seconds left.
|
|t:|1782372810
|move|p1a: Torkoal|Protect|p1a: Torkoal
|-singleturn|p1a: Torkoal|Protect
|move|p1b: Venusaur|Energy Ball|p2b: Garchomp
|-damage|p2b: Garchomp|48/100
|move|p2b: Garchomp|Earthquake|p1a: Torkoal|[spread] p2a,p1b
|-activate|p1a: Torkoal|move: Protect
|-damage|p2a: Kleavor|32/100
|-damage|p1b: Venusaur|29/100
|-damage|p2b: Garchomp|38/100|[from] item: Life Orb
|move|p2a: Kleavor|Stone Axe|p1b: Venusaur
|-damage|p1b: Venusaur|0 fnt
|-sidestart|p1: Canadianboard26|move: Stealth Rock
|faint|p1b: Venusaur
|
|-weather|SunnyDay|[upkeep]
|upkeep
|
|t:|1782372828
|switch|p1b: Pyroar|Pyroar, L50, F|100/100
|-damage|p1b: Pyroar|75/100|[from] Stealth Rock
|turn|2
|
|t:|1782372839
|detailschange|p1b: Pyroar|Pyroar-Mega, L50, F
|-mega|p1b: Pyroar|Pyroar|Pyroarite
|move|p2b: Garchomp|Protect|p2b: Garchomp
|-singleturn|p2b: Garchomp|Protect
|move|p1b: Pyroar|Heat Wave|p2a: Kleavor|[spread] p2a
|-activate|p2b: Garchomp|move: Protect
|-damage|p2a: Kleavor|0 fnt
|faint|p2a: Kleavor
|move|p1a: Torkoal|Eruption|p2b: Garchomp
|-activate|p2b: Garchomp|move: Protect
|
|-weather|SunnyDay|[upkeep]
|upkeep
|
|t:|1782372842
|switch|p2a: Whimsicott|Whimsicott, L50, M|100/100
|turn|3
|
|t:|1782372862
|switch|p1a: Whimsicott|Whimsicott, L50, F|100/100
|-damage|p1a: Whimsicott|87/100|[from] Stealth Rock
|move|p1b: Pyroar|Protect|p1b: Pyroar
|-singleturn|p1b: Pyroar|Protect
|move|p2a: Whimsicott|Tailwind|p2a: Whimsicott
|-sidestart|p2: Aleysha Mittons|move: Tailwind
|move|p2b: Garchomp|Earthquake|p1a: Whimsicott|[spread] p2a,p1a
|-activate|p1b: Pyroar|move: Protect
|-resisted|p2a: Whimsicott|1
|-resisted|p1a: Whimsicott|1
|-damage|p2a: Whimsicott|61/100
|-damage|p1a: Whimsicott|47/100
|-damage|p2b: Garchomp|28/100|[from] item: Life Orb
|
|-weather|SunnyDay|[upkeep]
|upkeep
|turn|4
|
|t:|1782372885
|switch|p1b: Torkoal|Torkoal, L50, F|100/100
|-damage|p1b: Torkoal|75/100|[from] Stealth Rock
|move|p2a: Whimsicott|Encore||[still]
|-fail|p2a: Whimsicott
|move|p1a: Whimsicott|Tailwind|p1a: Whimsicott
|-sidestart|p1: Canadianboard26|move: Tailwind
|move|p2b: Garchomp|Rock Slide|p1a: Whimsicott|[spread] p1a,p1b
|-supereffective|p1b: Torkoal|1
|-damage|p1a: Whimsicott|6/100
|-damage|p1b: Torkoal|35/100
|-damage|p2b: Garchomp|18/100|[from] item: Life Orb
|
|-weather|SunnyDay|[upkeep]
|upkeep
|turn|5
|
|t:|1782372902
|move|p2a: Whimsicott|Encore|p1a: Whimsicott
|-start|p1a: Whimsicott|Encore
|move|p1a: Whimsicott|Tailwind||[still]
|-fail|p1a: Whimsicott
|move|p2b: Garchomp|Rock Slide|p1a: Whimsicott|[spread] p1a,p1b
|-supereffective|p1b: Torkoal|1
|-crit|p1b: Torkoal
|-damage|p1a: Whimsicott|0 fnt
|-damage|p1b: Torkoal|0 fnt
|faint|p1a: Whimsicott
|faint|p1b: Torkoal
|-damage|p2b: Garchomp|9/100|[from] item: Life Orb
|
|-weather|none
|upkeep
|
|t:|1782372914
|switch|p1a: Pyroar|Pyroar-Mega, L50, F|75/100
|-damage|p1a: Pyroar|50/100g|[from] Stealth Rock
|turn|6
|
|t:|1782372927
|move|p2a: Whimsicott|Protect|p2a: Whimsicott
|-singleturn|p2a: Whimsicott|Protect
|move|p2b: Garchomp|Protect|p2b: Garchomp
|-singleturn|p2b: Garchomp|Protect
|move|p1a: Pyroar|Heat Wave|p2a: Whimsicott|[spread] 
|-activate|p2a: Whimsicott|move: Protect
|-activate|p2b: Garchomp|move: Protect
|
|-sideend|p2: Aleysha Mittons|move: Tailwind
|upkeep
|turn|7
|
|t:|1782372935
|switch|p2b: Charizard|Charizard, L50, M|100/100
|move|p2a: Whimsicott|Tailwind|p2a: Whimsicott
|-sidestart|p2: Aleysha Mittons|move: Tailwind
|move|p1a: Pyroar|Heat Wave|p2a: Whimsicott|[spread] p2a,p2b
|-supereffective|p2a: Whimsicott|1
|-resisted|p2b: Charizard|1
|-damage|p2a: Whimsicott|0 fnt
|-damage|p2b: Charizard|69/100
|faint|p2a: Whimsicott
|
|-sideend|p1: Canadianboard26|move: Tailwind
|upkeep
|
|t:|1782372937
|switch|p2a: Garchomp|Garchomp, L50, M|9/100
|turn|8
|
|t:|1782372949
|detailschange|p2b: Charizard|Charizard-Mega-Y, L50, M
|-mega|p2b: Charizard|Charizard|Charizardite Y
|-weather|SunnyDay|[from] ability: Drought|[of] p2b: Charizard
|move|p1a: Pyroar|Protect|p1a: Pyroar
|-singleturn|p1a: Pyroar|Protect
|move|p2a: Garchomp|Earthquake|p1a: Pyroar|[spread] 
|-activate|p1a: Pyroar|move: Protect
|-immune|p2b: Charizard
|move|p2b: Charizard|Weather Ball|p1a: Pyroar
|-activate|p1a: Pyroar|move: Protect
|
|-weather|SunnyDay|[upkeep]
|upkeep
|turn|9
|
|t:|1782372967
|move|p2a: Garchomp|Earthquake|p1a: Pyroar|[spread] p1a
|-immune|p2b: Charizard
|-supereffective|p1a: Pyroar|1
|-damage|p1a: Pyroar|0 fnt
|faint|p1a: Pyroar
|-damage|p2a: Garchomp|0 fnt|[from] item: Life Orb
|faint|p2a: Garchomp
|
|win|Aleysha Mittons
|raw|Canadianboard26's rating: 1132 → 1100(-32 for losing)
|raw|Aleysha Mittons's rating: 1033 → 1078(+45 for winning)
