|j|鈽唒arisonic
|j|鈽唖orecruiser
|html|parisonicsorecruiser    
|uhtml|bestof|Game 2 of a best-of-3
|t:|1756869878
|gametype|doubles
|player|p1|parisonic|dawn|1078
|player|p2|sorecruiser|furisodegirl-black|1124
|gen|9
|tier|[Gen 9] VGC 2025 Reg H (Bo3)
|rated|
|rule|Species Clause: Limit one of each Pok茅mon
|rule|Item Clause: Limit 1 of each item
|clearpoke
|poke|p1|Dragonite, L50, M|
|poke|p1|Gholdengo, L50|
|poke|p1|Rillaboom, L50, F|
|poke|p1|Ursaluna-Bloodmoon, L50, M|
|poke|p1|Maushold-Four, L50|
|poke|p1|Annihilape, L50, F|
|poke|p2|Gholdengo, L50|
|poke|p2|Whimsicott, L50, M|
|poke|p2|Sneasler, L50, F|
|poke|p2|Basculegion, L50, M|
|poke|p2|Hydreigon, L50, F|
|poke|p2|Magmar, L50, F|
|teampreview|4
|showteam|p1|Dragonite||LoadedDice|Multiscale|Tailwind,Haze,Protect,ScaleShot|||M|||50|,,,,,Fairy]Gholdengo||LifeOrb|GoodasGold|MakeItRain,ShadowBall,NastyPlot,Protect||||||50|,,,,,Water]Rillaboom||MiracleSeed|GrassySurge|WoodHammer,GrassyGlide,FakeOut,HighHorsepower|||F|||50|,,,,,Fire]Ursaluna-Bloodmoon||AssaultVest|MindsEye|BloodMoon,EarthPower,HyperVoice,VacuumWave|||M|||50|,,,,,Water]Maushold-Four||FocusSash|FriendGuard|SuperFang,FollowMe,BeatUp,Protect||||||50|,,,,,Ghost]Annihilape||SitrusBerry|Defiant|RageFist,DrainPunch,BulkUp,Protect|||F|||50|,,,,,Fire
|showteam|p2|Gholdengo||MetalCoat|GoodasGold|MakeItRain,ShadowBall,NastyPlot,Protect||||||50|,,,,,Steel]Whimsicott||CovertCloak|Prankster|Tailwind,Encore,FakeTears,Moonblast|||M|||50|,,,,,Dark]Sneasler||FocusSash|PoisonTouch|Protect,CloseCombat,DireClaw,ThroatChop|||F|||50|,,,,,Dark]Basculegion||ChoiceScarf|Adaptability|LastRespects,WaveCrash,AquaJet,FlipTurn|||M|||50|,,,,,Ghost]Hydreigon||ChoiceSpecs|Levitate|DarkPulse,DracoMeteor,Snarl,HeatWave|||F|||50|,,,,,Fire]Magmar||Eviolite|VitalSpirit|Protect,FollowMe,HeatWave,Taunt|||F|||50|,,,,,Water
|
|t:|1756869902
|teamsize|p1|4
|teamsize|p2|4
|start
|switch|p1a: Dragonite|Dragonite, L50, M|100/100
|switch|p1b: Annihilape|Annihilape, L50, F|100/100
|switch|p2a: Sneasler|Sneasler, L50, F|100/100
|switch|p2b: Whimsicott|Whimsicott, L50, M|100/100
|turn|1
|
|t:|1756869933
|move|p2b: Whimsicott|Fake Tears|p1b: Annihilape
|-unboost|p1b: Annihilape|spd|2
|-ability|p1b: Annihilape|Defiant|boost
|-boost|p1b: Annihilape|atk|2
|move|p2a: Sneasler|Dire Claw|p1a: Dragonite
|-damage|p1a: Dragonite|77/100
|-status|p1a: Dragonite|slp
|move|p1b: Annihilape|Bulk Up|p1b: Annihilape
|-boost|p1b: Annihilape|atk|1
|-boost|p1b: Annihilape|def|1
|cant|p1a: Dragonite|slp
|
|upkeep
|turn|2
|c|鈽唖orecruiser|shit
|c|鈽唖orecruiser|not use to efint
|
|t:|1756869973
|switch|p2a: Gholdengo|Gholdengo, L50|100/100
|-terastallize|p1b: Annihilape|Fire
|move|p2b: Whimsicott|Encore|p1b: Annihilape
|-start|p1b: Annihilape|Encore
|move|p1b: Annihilape|Bulk Up|p1b: Annihilape
|-boost|p1b: Annihilape|atk|1
|-boost|p1b: Annihilape|def|1
|cant|p1a: Dragonite|slp
|
|upkeep
|turn|3
|c|鈽唖orecruiser|*used to defiant
|
|t:|1756869994
|move|p2b: Whimsicott|Encore||[still]
|-fail|p2b: Whimsicott
|move|p1b: Annihilape|Bulk Up|p1b: Annihilape
|-boost|p1b: Annihilape|atk|1
|-boost|p1b: Annihilape|def|1
|move|p2a: Gholdengo|Nasty Plot|p2a: Gholdengo
|-boost|p2a: Gholdengo|spa|2
|-curestatus|p1a: Dragonite|slp|[msg]
|move|p1a: Dragonite|Tailwind|p1a: Dragonite
|-sidestart|p1: parisonic|move: Tailwind
|
|upkeep
|turn|4
|
|t:|1756870046
|switch|p1a: Gholdengo|Gholdengo, L50|100/100
|move|p2b: Whimsicott|Tailwind|p2b: Whimsicott
|-sidestart|p2: sorecruiser|move: Tailwind
|move|p1b: Annihilape|Bulk Up|p1b: Annihilape
|-boost|p1b: Annihilape|atk|1
|-boost|p1b: Annihilape|def|1
|move|p2a: Gholdengo|Shadow Ball|p1b: Annihilape
|-damage|p1b: Annihilape|0 fnt
|faint|p1b: Annihilape
|
|upkeep
|
|t:|1756870086
|switch|p1b: Rillaboom|Rillaboom, L50, F|100/100
|-fieldstart|move: Grassy Terrain|[from] ability: Grassy Surge|[of] p1b: Rillaboom
|turn|5
|
|t:|1756870097
|move|p1b: Rillaboom|Fake Out|p2a: Gholdengo
|-immune|p2a: Gholdengo
|move|p2b: Whimsicott|Fake Tears|p1b: Rillaboom
|-unboost|p1b: Rillaboom|spd|2
|move|p1a: Gholdengo|Nasty Plot|p1a: Gholdengo
|-boost|p1a: Gholdengo|spa|2
|move|p2a: Gholdengo|Shadow Ball|p1a: Gholdengo
|-supereffective|p1a: Gholdengo
|-crit|p1a: Gholdengo
|-damage|p1a: Gholdengo|0 fnt
|faint|p1a: Gholdengo
|
|upkeep
|c|鈽唖orecruiser|LOLOLOLOLOLOLOLOLOLOL
|-message|parisonic forfeited.
|
|win|sorecruiser
|l|鈽唒arisonic
|player|p1|
||parisonic is ready for game 3.
