|j|☆regipie
|j|☆lettitripppp
|html|regipielettitripppp    
|uhtml|bestof|Game 2 of a best-of-3
|t:|1783801129
|gametype|doubles
|player|p1|regipie|101|1162
|player|p2|lettitripppp|lucas|1253
|gen|9
|tier|[Gen 9 Champions] VGC 2026 Reg M-B (Bo3)
|rated|
|rule|Species Clause: Limit one of each Pokémon
|rule|Item Clause: Limit 1 of each item
|clearpoke
|poke|p1|Archaludon, L50, F|
|poke|p1|Grimmsnarl, L50, M|
|poke|p1|Pelipper, L50, F|
|poke|p1|Scizor, L50, M|
|poke|p1|Swampert, L50, M|
|poke|p1|Sinistcha, L50|
|poke|p2|Charizard, L50, M|
|poke|p2|Basculegion, L50, M|
|poke|p2|Whimsicott, L50, F, shiny|
|poke|p2|Garchomp, L50, F, shiny|
|poke|p2|Floette-Eternal, L50, F|
|poke|p2|Kingambit, L50, F, shiny|
|teampreview|4
|showteam|p1|Archaludon||Leftovers|Stamina|ElectroShot,FlashCannon,DragonPulse,Protect|Modest||F|||50|]Grimmsnarl||LightClay|Prankster|PartingShot,SpiritBreak,Reflect,LightScreen|Careful||M|||50|]Pelipper||FocusSash|Drizzle|Tailwind,Protect,WeatherBall,Hurricane|Timid||F|||50|]Scizor||Scizorite|Technician|BulletPunch,BugBite,Protect,SwordsDance|Adamant||M|||50|]Swampert||Swampertite|Torrent|HighHorsepower,WaveCrash,IcePunch,Protect|Adamant||M|||50|]Sinistcha||KasibBerry|Hospitality|MatchaGotcha,Protect,RagePowder,LifeDew|Bold|||||50|
|showteam|p2|Charizard||CharizarditeY|Blaze|WeatherBall,SolarBeam,HeatWave,Protect|Modest||M|||50|]Basculegion||MysticWater|Adaptability|LastRespects,WaveCrash,AquaJet,Protect|Adamant||M|||50|]Whimsicott||FocusSash|Prankster|Moonblast,Tailwind,Encore,Protect|Timid||F|||50|]Garchomp||LifeOrb|RoughSkin|DragonClaw,Earthquake,RockSlide,Protect|Jolly||F|||50|]Floette-Eternal||Floettite|FlowerVeil|DazzlingGleam,LightofRuin,Moonblast,Protect|Modest||F|||50|]Kingambit||ChopleBerry|Defiant|KowtowCleave,SuckerPunch,IronHead,LowKick|Adamant||F|||50|
|inactive|Battle timer is ON: inactive players will automatically lose when time's up. (requested by lettitripppp)
|inactive|regipie also wants the timer to be on.
|inactive|regipie has 60 seconds left.
|
|t:|1783801176
|teamsize|p1|4
|teamsize|p2|4
|start
|switch|p1a: Archaludon|Archaludon, L50, F|100/100
|switch|p1b: Pelipper|Pelipper, L50, F|100/100
|switch|p2a: RUINOUS LIGHT|Floette-Eternal, L50, F|100/100
|switch|p2b: LETS GO GO|Whimsicott, L50, F, shiny|100/100
|-weather|RainDance|[from] ability: Drizzle|[of] p1b: Pelipper
|turn|1
|
|t:|1783801193
|detailschange|p2a: RUINOUS LIGHT|Floette-Mega, L50, F
|-mega|p2a: RUINOUS LIGHT|Floette|Floettite
|-ability|p2a: RUINOUS LIGHT|Fairy Aura
|move|p2b: LETS GO GO|Moonblast|p1a: Archaludon
|-damage|p1a: Archaludon|60/100
|-ability|p1a: Archaludon|Stamina|boost
|-boost|p1a: Archaludon|def|1
|move|p2a: RUINOUS LIGHT|Moonblast|p1a: Archaludon
|-damage|p1a: Archaludon|0 fnt
|faint|p1a: Archaludon
|move|p1b: Pelipper|Weather Ball|p2b: LETS GO GO
|-resisted|p2b: LETS GO GO|1
|-damage|p2b: LETS GO GO|49/100
|
|-weather|RainDance|[upkeep]
|upkeep
|
|t:|1783801206
|switch|p1a: Swampert|Swampert, L50, M|100/100
|turn|2
|
|t:|1783801213
|detailschange|p1a: Swampert|Swampert-Mega, L50, M
|-mega|p1a: Swampert|Swampert|Swampertite
|move|p2b: LETS GO GO|Tailwind|p2b: LETS GO GO
|-sidestart|p2: lettitripppp|move: Tailwind
|move|p2a: RUINOUS LIGHT|Light of Ruin|p1a: Swampert
|-damage|p1a: Swampert|9/100
|-damage|p2a: RUINOUS LIGHT|39/100|[from] Recoil
|move|p1a: Swampert|Wave Crash|p2a: RUINOUS LIGHT
|-damage|p2a: RUINOUS LIGHT|0 fnt
|faint|p2a: RUINOUS LIGHT
|-damage|p1a: Swampert|0 fnt|[from] Recoil
|faint|p1a: Swampert
|move|p1b: Pelipper|Hurricane|p2b: LETS GO GO
|-supereffective|p2b: LETS GO GO|1
|-damage|p2b: LETS GO GO|0 fnt
|faint|p2b: LETS GO GO
|
|-weather|RainDance|[upkeep]
|upkeep
|
|t:|1783801227
|switch|p2b: GENERAL BLADUS|Kingambit, L50, F, shiny|100/100
|switch|p2a: GHOSTWAVE|Basculegion, L50, M|100/100
|switch|p1a: Sinistcha|Sinistcha, L50|100/100
|turn|3
|
|t:|1783801237
|move|p2a: GHOSTWAVE|Last Respects|p1a: Sinistcha
|-supereffective|p1a: Sinistcha|1
|-enditem|p1a: Sinistcha|Kasib Berry|[eat]
|-enditem|p1a: Sinistcha|Kasib Berry|[weaken]
|-damage|p1a: Sinistcha|12/100
|move|p2b: GENERAL BLADUS|Kowtow Cleave|p1a: Sinistcha
|-supereffective|p1a: Sinistcha|1
|-damage|p1a: Sinistcha|0 fnt
|faint|p1a: Sinistcha
|move|p1b: Pelipper|Weather Ball|p2b: GENERAL BLADUS
|-damage|p2b: GENERAL BLADUS|31/100
|
|-weather|RainDance|[upkeep]
|upkeep
|turn|4
|
|t:|1783801253
|move|p2a: GHOSTWAVE|Protect|p2a: GHOSTWAVE
|-singleturn|p2a: GHOSTWAVE|Protect
|move|p2b: GENERAL BLADUS|Kowtow Cleave|p1b: Pelipper
|-damage|p1b: Pelipper|38/100
|move|p1b: Pelipper|Weather Ball|p2b: GENERAL BLADUS
|-crit|p2b: GENERAL BLADUS
|-damage|p2b: GENERAL BLADUS|0 fnt
|faint|p2b: GENERAL BLADUS
|
|-weather|RainDance|[upkeep]
|upkeep
|turn|5
|
|t:|1783801263
|move|p2a: GHOSTWAVE|Last Respects|p1b: Pelipper
|-damage|p1b: Pelipper|0 fnt
|faint|p1b: Pelipper
|
|win|lettitripppp
||regipie is ready for game 3.
