|j|☆MasterSkillsalt
|j|☆PsychedelicDawgII
|html|MasterSkillsaltPsychedelicDawgII    
|uhtml|bestof|Game 2 of a best-of-3
|t:|1784077358
|gametype|doubles
|player|p1|MasterSkillsalt|2|
|player|p2|PsychedelicDawgII|clerk|
|gen|9
|tier|[Gen 9 Champions] VGC 2026 Reg M-B (Bo3)
|rule|Species Clause: Limit one of each Pokémon
|rule|Item Clause: Limit 1 of each item
|clearpoke
|poke|p1|Sceptile, L50, M|
|poke|p1|Archaludon, L50, M|
|poke|p1|Starmie, L50|
|poke|p1|Liepard, L50, M|
|poke|p1|Politoed, L50, F|
|poke|p1|Zoroark, L50, M|
|poke|p2|Dragapult, L50, M|
|poke|p2|Pinsir, L50, M|
|poke|p2|Volcarona, L50, M|
|poke|p2|Grimmsnarl, L50, M|
|poke|p2|Tyranitar, L50, F|
|poke|p2|Toxicroak, L50, M|
|teampreview|4
|showteam|p1|Sceptile||SitrusBerry|Unburden|LeafStorm,DragonPulse,EarthPower,ShedTail|Modest||M|||50|]Archaludon||ShellBell|Stamina|FlashCannon,ElectroShot,DracoMeteor,Protect|Modest||M|||50|]Starmie||Starminite|NaturalCure|AquaJet,Protect,Liquidation,IceSpinner|Adamant|||||50|]Liepard||FocusSash|Prankster|Encore,Charm,FakeOut,KnockOff|Jolly||M|||50|]Politoed||Leftovers|Drizzle|WeatherBall,PerishSong,Protect,IcyWind|Bold||F|||50|]Zoroark||BrightPowder|Illusion|RainDance,NastyPlot,Taunt,NightDaze|Timid||M|||50|
|showteam|p2|Dragapult||ChoiceScarf|Infiltrator|Thunder,ShadowBall,DracoMeteor,Uturn|Modest||M|||50|]Pinsir||Pinsirite|HyperCutter|Protect,BodySlam,CloseCombat,Feint|Jolly||M|||50|]Volcarona||Leftovers|FlameBody|Protect,QuiverDance,HeatWave,GigaDrain|Modest||M|||50|]Grimmsnarl||LightClay|Prankster|FakeOut,LightScreen,PartingShot,SpiritBreak|Adamant||M|||50|]Tyranitar||Tyranitarite|SandStream|Protect,Superpower,KnockOff,Earthquake|Brave||F|||50|]Toxicroak||LifeOrb|DrySkin|LowKick,SuckerPunch,PoisonJab,FakeOut|Adamant||M|||50|
|j| applejuice1738
|
|t:|1784077439
|teamsize|p1|4
|teamsize|p2|4
|start
|switch|p1a: Liepard|Liepard, L50, M|100/100
|switch|p1b: zoraok|Sceptile, L50, M|100/100
|switch|p2a: The Greek|Grimmsnarl, L50, M|100/100
|switch|p2b: Corona|Volcarona, L50, M|100/100
|turn|1
|c| applejuice1738|POLITOED IN THE RUNNINGS FOR GOAT POKEMON NGL
|
|t:|1784077463
|move|p1a: Liepard|Fake Out|p2b: Corona
|-crit|p2b: Corona
|-damage|p2b: Corona|82/100
|move|p2a: The Greek|Fake Out|p1b: zoraok
|-damage|p1b: zoraok|75/100
|cant|p1b: zoraok|flinch
|cant|p2b: Corona|flinch
|
|-heal|p2b: Corona|88/100|[from] item: Leftovers
|upkeep
|turn|2
|c| applejuice1738|CUTE ASS MF
|
|t:|1784077507
|switch|p1a: zoroak|Politoed, L50, F|100/100
|-weather|RainDance|[from] ability: Drizzle|[of] p1a: zoroak
|move|p2a: The Greek|Light Screen|p2a: The Greek
|-sidestart|p2: PsychedelicDawgII|move: Light Screen
|move|p1b: zoraok|Shed Tail|p1b: zoraok
|-start|p1b: zoraok|Substitute|[from] move: Shed Tail
|-damage|p1b: zoraok|25/100
|-enditem|p1b: zoraok|Sitrus Berry|[eat]
|-heal|p1b: zoraok|50/100g|[from] item: Sitrus Berry
|
|t:|1784077521
|switch|p1b: the second tower|Archaludon, L50, M|100/100|[from] Shed Tail
|move|p2b: Corona|Heat Wave|p1b: the second tower|[spread] p1b
|-miss|p2b: Corona|p1a: zoroak
|-end|p1b: the second tower|Substitute
|
|-weather|RainDance|[upkeep]
|-heal|p2b: Corona|94/100|[from] item: Leftovers
|upkeep
|turn|3
|
|t:|1784077561
|switch|p2b: Claymore|Tyranitar, L50, F|100/100
|-weather|Sandstorm|[from] ability: Sand Stream|[of] p2b: Claymore
|move|p1b: the second tower|Protect|p1b: the second tower
|-singleturn|p1b: the second tower|Protect
|move|p1a: zoroak|Weather Ball|p2b: Claymore
|-damage|p2b: Claymore|91/100
|move|p2a: The Greek|Spirit Break|p1b: the second tower
|-activate|p1b: the second tower|move: Protect
|
|-weather|Sandstorm|[upkeep]
|-damage|p1a: zoroak|93/100|[from] Sandstorm
|-damage|p2a: The Greek|94/100|[from] Sandstorm
|-heal|p1a: zoroak|100/100|[from] item: Leftovers
|upkeep
|turn|4
|
|t:|1784077598
|detailschange|p2b: Claymore|Tyranitar-Mega, L50, F
|-mega|p2b: Claymore|Tyranitar|Tyranitarite
|move|p1b: the second tower|Flash Cannon|p2b: Claymore
|-supereffective|p2b: Claymore|1
|-damage|p2b: Claymore|60/100
|-unboost|p2b: Claymore|spd|1
|move|p1a: zoroak|Icy Wind|p2a: The Greek|[spread] p2a,p2b
|-damage|p2a: The Greek|87/100
|-damage|p2b: Claymore|56/100
|-unboost|p2a: The Greek|spe|1
|-unboost|p2b: Claymore|spe|1
|move|p2b: Claymore|Knock Off|p1a: zoroak
|-damage|p1a: zoroak|48/100
|-enditem|p1a: zoroak|Leftovers|[from] move: Knock Off|[of] p2b: Claymore
|move|p2a: The Greek|Spirit Break|p1b: the second tower
|-damage|p1b: the second tower|70/100
|-unboost|p1b: the second tower|spa|1
|-ability|p1b: the second tower|Stamina|boost
|-boost|p1b: the second tower|def|1
|
|-weather|Sandstorm|[upkeep]
|-damage|p1a: zoroak|42/100|[from] Sandstorm
|-damage|p2a: The Greek|81/100|[from] Sandstorm
|upkeep
|turn|5
|c| applejuice1738|AURA STANCE FROM POLITOED
|
|t:|1784077652
|switch|p1a: Liepard|Liepard, L50, M|100/100
|move|p1b: the second tower|Protect|p1b: the second tower
|-singleturn|p1b: the second tower|Protect
|move|p2b: Claymore|Earthquake|p1a: Liepard|[spread] p2a,p1a
|-activate|p1b: the second tower|move: Protect
|-damage|p2a: The Greek|37/100
|-damage|p1a: Liepard|30/100
|move|p2a: The Greek|Spirit Break|p1a: Liepard
|-supereffective|p1a: Liepard|1
|-crit|p1a: Liepard
|-damage|p1a: Liepard|0 fnt
|faint|p1a: Liepard
|
|-weather|Sandstorm|[upkeep]
|-damage|p2a: The Greek|31/100|[from] Sandstorm
|upkeep
|
|t:|1784077680
|switch|p1a: zoraok|Sceptile, L50, M|50/100g
|turn|6
|
|t:|1784077717
|switch|p2b: Corona|Volcarona, L50, M|94/100
|move|p2a: The Greek|Parting Shot|p1b: the second tower
|-unboost|p1b: the second tower|atk|1
|-unboost|p1b: the second tower|spa|1
|
|t:|1784077723
|switch|p2a: Claymore|Tyranitar-Mega, L50, F|56/100|[from] Parting Shot
|move|p1a: zoraok|Leaf Storm|p2b: Corona
|-resisted|p2b: Corona|2
|-damage|p2b: Corona|85/100
|-unboost|p1a: zoraok|spa|2
|move|p1b: the second tower|Flash Cannon|p2a: Claymore
|-supereffective|p2a: Claymore|1
|-damage|p2a: Claymore|40/100
|-heal|p1b: the second tower|72/100|[from] item: Shell Bell|[of] p2a: Claymore
|
|-weather|Sandstorm|[upkeep]
|-damage|p1a: zoraok|44/100|[from] Sandstorm
|-damage|p2b: Corona|79/100|[from] Sandstorm
|-heal|p2b: Corona|85/100|[from] item: Leftovers
|upkeep
|turn|7
|
|t:|1784077768
|switch|p1a: zoroak|Politoed, L50, F|42/100
|-weather|RainDance|[from] ability: Drizzle|[of] p1a: zoroak
|move|p2b: Corona|Quiver Dance|p2b: Corona
|-boost|p2b: Corona|spa|1
|-boost|p2b: Corona|spd|1
|-boost|p2b: Corona|spe|1
|move|p1b: the second tower|Flash Cannon|p2a: Claymore
|-supereffective|p2a: Claymore|1
|-damage|p2a: Claymore|16/100
|-heal|p1b: the second tower|75/100|[from] item: Shell Bell|[of] p2a: Claymore
|move|p2a: Claymore|Superpower|p1b: the second tower
|-supereffective|p1b: the second tower|1
|-damage|p1b: the second tower|21/100
|-unboost|p2a: Claymore|atk|1
|-unboost|p2a: Claymore|def|1
|-ability|p1b: the second tower|Stamina|boost
|-boost|p1b: the second tower|def|1
|
|-weather|RainDance|[upkeep]
|-heal|p2b: Corona|91/100|[from] item: Leftovers
|upkeep
|turn|8
|
|t:|1784077821
|move|p1b: the second tower|Protect|p1b: the second tower
|-singleturn|p1b: the second tower|Protect
|move|p2b: Corona|Giga Drain|p1a: zoroak
|-supereffective|p1a: zoroak|1
|-damage|p1a: zoroak|0 fnt
|-heal|p2b: Corona|100/100|[from] drain|[of] p1a: zoroak
|faint|p1a: zoroak
|move|p2a: Claymore|Superpower|p1b: the second tower
|-activate|p1b: the second tower|move: Protect
|
|-weather|RainDance|[upkeep]
|upkeep
|
|t:|1784077829
|switch|p1a: zoraok|Sceptile, L50, M|44/100
|turn|9
|
|t:|1784077858
|switch|p2a: The Greek|Grimmsnarl, L50, M|31/100
|move|p2b: Corona|Heat Wave|p1a: zoraok|[spread] p1a,p1b
|-supereffective|p1a: zoraok|1
|-damage|p1a: zoraok|0 fnt
|-damage|p1b: the second tower|0 fnt
|faint|p1a: zoraok
|faint|p1b: the second tower
|
|win|PsychedelicDawgII
||MasterSkillsalt is ready for game 3.
||PsychedelicDawgII is ready for game 3.
|uhtml|next|Next: Game 3 of 3
