|j|☆Pevere1l
|j|☆ILoveMIR
|html|Pevere1lILoveMIR    
|uhtml|bestof|Game 1 of a best-of-3
|t:|1783635588
|gametype|doubles
|player|p1|Pevere1l|steven|1295
|player|p2|ILoveMIR|shauntal|1453
|gen|9
|tier|[Gen 9 Champions] VGC 2026 Reg M-B (Bo3)
|rated|
|rule|Species Clause: Limit one of each Pokémon
|rule|Item Clause: Limit 1 of each item
|clearpoke
|poke|p1|Sneasler, L50, M|
|poke|p1|Kingambit, L50, F|
|poke|p1|Blastoise, L50, F|
|poke|p1|Incineroar, L50, M|
|poke|p1|Delphox, L50, F|
|poke|p1|Sinistcha-Masterpiece, L50|
|poke|p2|Blaziken, L50, M|
|poke|p2|Ninetales-Alola, L50, M|
|poke|p2|Tsareena, L50, F|
|poke|p2|Milotic, L50, M|
|poke|p2|Talonflame, L50, M|
|poke|p2|Glimmora, L50, F|
|teampreview|4
|showteam|p1|Sneasler||FocusSash|PoisonTouch|FakeOut,PoisonJab,CloseCombat,QuickGuard|Jolly||M|||50|]Kingambit||BlackGlasses|Defiant|KowtowCleave,SuckerPunch,SwordsDance,Protect|Adamant||F|||50|]Blastoise||Blastoisinite|RainDish|WaterSpout,DarkPulse,ShellSmash,Protect|Modest||F|||50|]Incineroar||SitrusBerry|Intimidate|FakeOut,FlareBlitz,HelpingHand,PartingShot|Careful||M|||50|]Delphox||Delphoxite|Blaze|HeatWave,Psyshock,NastyPlot,Protect|Modest||F|||50|]Sinistcha-Masterpiece||KasibBerry|Hospitality|MatchaGotcha,RagePowder,TrickRoom,Protect|Bold|||||50|
|showteam|p2|Blaziken||Blazikenite|SpeedBoost|FlareBlitz,CloseCombat,RockSlide,Detect|Adamant||M|||50|]Ninetales-Alola||NeverMeltIce|SnowWarning|Blizzard,FreezeDry,Encore,Protect|Timid||M|||50|]Tsareena||WideLens|QueenlyMajesty|PowerWhip,TripleAxel,LowKick,Protect|Adamant||F|||50|]Milotic||ExpertBelt|Competitive|Scald,IceBeam,Recover,Protect|Modest||M|||50|]Talonflame|||GaleWings|Acrobatics,WillOWisp,Tailwind,Protect|Jolly||M|||50|]Glimmora||FocusSash|ToxicDebris|SludgeBomb,PowerGem,EarthPower,SpikyShield|Modest||F|||50|
|inactive|Battle timer is ON: inactive players will automatically lose when time's up. (requested by ILoveMIR)
|inactive|Pevere1l also wants the timer to be on.
|inactive|Pevere1l has 60 seconds left.
|inactive|ILoveMIR has 60 seconds left.
|
|t:|1783635640
|teamsize|p1|4
|teamsize|p2|4
|start
|switch|p1a: Blastoise|Blastoise, L50, F|100/100
|switch|p1b: Sneasler|Sneasler, L50, M|100/100
|switch|p2a: Milotic|Milotic, L50, M|100/100
|switch|p2b: Glimmora|Glimmora, L50, F|100/100
|turn|1
|inactive|ILoveMIR has 30 seconds left.
|
|t:|1783635674
|switch|p2a: Tsareena|Tsareena, L50, F|100/100
|detailschange|p1a: Blastoise|Blastoise-Mega, L50, F
|-mega|p1a: Blastoise|Blastoise|Blastoisinite
|move|p1b: Sneasler|Poison Jab|p2a: Tsareena
|-supereffective|p2a: Tsareena|1
|-damage|p2a: Tsareena|0 fnt
|faint|p2a: Tsareena
|move|p2b: Glimmora|Sludge Bomb|p1a: Blastoise
|-damage|p1a: Blastoise|45/100
|move|p1a: Blastoise|Water Spout|p2b: Glimmora
|-supereffective|p2b: Glimmora|1
|-enditem|p2b: Glimmora|Focus Sash
|-damage|p2b: Glimmora|1/100
|
|upkeep
|
|t:|1783635685
|switch|p2a: Blaziken|Blaziken, L50, M|100/100
|turn|2
|
|t:|1783635697
|switch|p1b: Sinistcha|Sinistcha-Masterpiece, L50|100/100
|-heal|p1a: Blastoise|69/100|[from] ability: Hospitality|[of] p1b: Sinistcha
|detailschange|p2a: Blaziken|Blaziken-Mega, L50, M
|-mega|p2a: Blaziken|Blaziken|Blazikenite
|move|p2a: Blaziken|Close Combat|p1a: Blastoise
|-damage|p1a: Blastoise|0 fnt
|-unboost|p2a: Blaziken|def|1
|-unboost|p2a: Blaziken|spd|1
|faint|p1a: Blastoise
|move|p2b: Glimmora|Earth Power|p1b: Sinistcha
|-resisted|p1b: Sinistcha|1
|-damage|p1b: Sinistcha|84/100
|
|-ability|p2a: Blaziken|Speed Boost|boost
|-boost|p2a: Blaziken|spe|1
|upkeep
|
|t:|1783635714
|switch|p1a: Sneasler|Sneasler, L50, M|100/100
|turn|3
|inactive|ILoveMIR has 30 seconds left.
|
|t:|1783635741
|move|p1a: Sneasler|Fake Out|p2a: Blaziken
|-damage|p2a: Blaziken|70/100
|cant|p2a: Blaziken|flinch
|move|p2b: Glimmora|Sludge Bomb|p1b: Sinistcha
|-damage|p1b: Sinistcha|40/100
|move|p1b: Sinistcha|Trick Room|p1b: Sinistcha
|-fieldstart|move: Trick Room|[of] p1b: Sinistcha
|
|-ability|p2a: Blaziken|Speed Boost|boost
|-boost|p2a: Blaziken|spe|1
|upkeep
|turn|4
|inactive|ILoveMIR has 30 seconds left.
|
|t:|1783635770
|move|p2a: Blaziken|Detect|p2a: Blaziken
|-singleturn|p2a: Blaziken|Protect
|move|p1b: Sinistcha|Matcha Gotcha|p2b: Glimmora|[spread] p2b
|-activate|p2a: Blaziken|move: Protect
|-damage|p2b: Glimmora|0 fnt
|-heal|p1b: Sinistcha|41/100|[from] drain|[of] p2b: Glimmora
|faint|p2b: Glimmora
|move|p1a: Sneasler|Close Combat|p2a: Blaziken
|-activate|p2a: Blaziken|move: Protect
|
|-ability|p2a: Blaziken|Speed Boost|boost
|-boost|p2a: Blaziken|spe|1
|upkeep
|
|t:|1783635775
|switch|p2b: Milotic|Milotic, L50, M|100/100
|turn|5
|
|t:|1783635789
|move|p1b: Sinistcha|Matcha Gotcha|p2a: Blaziken|[spread] p2a,p2b
|-resisted|p2a: Blaziken|1
|-supereffective|p2b: Milotic|1
|-damage|p2a: Blaziken|43/100
|-heal|p1b: Sinistcha|52/100|[from] drain|[of] p2a: Blaziken
|-damage|p2b: Milotic|66/100
|-heal|p1b: Sinistcha|71/100|[from] drain|[of] p2b: Milotic
|move|p2b: Milotic|Ice Beam|p1b: Sinistcha
|-supereffective|p1b: Sinistcha|1
|-damage|p1b: Sinistcha|16/100
|move|p1a: Sneasler|Close Combat|p2a: Blaziken
|-damage|p2a: Blaziken|0 fnt
|-unboost|p1a: Sneasler|def|1
|-unboost|p1a: Sneasler|spd|1
|faint|p2a: Blaziken
|
|upkeep
|turn|6
|
|t:|1783635810
|move|p1b: Sinistcha|Matcha Gotcha|p2b: Milotic
|-supereffective|p2b: Milotic|1
|-damage|p2b: Milotic|15/100
|-heal|p1b: Sinistcha|45/100|[from] drain|[of] p2b: Milotic
|move|p2b: Milotic|Scald|p1a: Sneasler
|-damage|p1a: Sneasler|30/100
|-status|p1a: Sneasler|brn
|move|p1a: Sneasler|Poison Jab|p2b: Milotic
|-damage|p2b: Milotic|0 fnt
|faint|p2b: Milotic
|
|win|Pevere1l
