|j|☆qaiseasy
|j|☆StoryTimeJGXD
|html|qaiseasyStoryTimeJGXD    
|uhtml|bestof|Game 2 of a best-of-3
|t:|1785805845
|gametype|doubles
|player|p1|qaiseasy|candice|1289
|player|p2|StoryTimeJGXD|266|1224
|gen|9
|tier|[Gen 9 Champions] VGC 2026 Reg M-B (Bo3)
|rated|
|rule|Species Clause: Limit one of each Pokémon
|rule|Item Clause: Limit 1 of each item
|clearpoke
|poke|p1|Staraptor, L50, F|
|poke|p1|Tyranitar, L50, F|
|poke|p1|Excadrill, L50, F|
|poke|p1|Gholdengo, L50|
|poke|p1|Milotic, L50, F|
|poke|p1|Sinistcha, L50|
|poke|p2|Raichu, L50, F, shiny|
|poke|p2|Kingambit, L50, F|
|poke|p2|Basculegion, L50, M|
|poke|p2|Aerodactyl, L50, M|
|poke|p2|Sylveon, L50, M|
|poke|p2|Scovillain, L50, M|
|teampreview|4
|showteam|p1|Staraptor||Staraptite|Intimidate|CloseCombat,BraveBird,Tailwind,Protect|Jolly||F|||50|]Tyranitar||Tyranitarite|SandStream|RockSlide,KnockOff,LowKick,Protect|Jolly||F|||50|]Excadrill||FocusSash|SandRush|IronHead,HighHorsepower,RockSlide,Protect|Adamant||F|||50|]Gholdengo||LifeOrb|GoodasGold|MakeItRain,ShadowBall,NastyPlot,Protect|Modest|||||50|]Milotic||SitrusBerry|Competitive|Scald,IceBeam,IcyWind,Protect|Modest||F|||50|]Sinistcha||ColburBerry|Hospitality|MatchaGotcha,RagePowder,TrickRoom,Protect|Bold|||||50|
|showteam|p2|Raichu||RaichuniteY|Static|FakeOut,ZapCannon,FocusBlast,Protect|Timid||F|||50|]Kingambit||ChopleBerry|Defiant|KowtowCleave,SuckerPunch,Protect,IronHead|Adamant||F|||50|]Basculegion||ChoiceScarf|Adaptability|FlipTurn,WaveCrash,LastRespects,AquaJet|Adamant||M|||50|]Aerodactyl||FocusSash|Unnerve|DualWingbeat,RockSlide,Tailwind,Protect|Jolly||M|||50|]Sylveon||FairyFeather|Pixilate|HyperVoice,HyperBeam,QuickAttack,Detect|Modest||M|||50|]Scovillain||Scovillainite|Moody|GigaDrain,Protect,RagePowder,LeechSeed|Bold||M|||50|
|inactive|Battle timer is ON: inactive players will automatically lose when time's up. (requested by StoryTimeJGXD)
|inactive|qaiseasy has 60 seconds left.
|
|t:|1785805908
|teamsize|p1|4
|teamsize|p2|4
|start
|switch|p1a: Tyranitar|Tyranitar, L50, F|100/100
|switch|p1b: Excadrill|Excadrill, L50, F|100/100
|switch|p2a: Basculegion|Basculegion, L50, M|100/100
|switch|p2b: Scovillain|Scovillain, L50, M|100/100
|-weather|Sandstorm|[from] ability: Sand Stream|[of] p1a: Tyranitar
|turn|1
|inactive|StoryTimeJGXD has 30 seconds left.
|
|t:|1785805939
|detailschange|p1a: Tyranitar|Tyranitar-Mega, L50, F
|-mega|p1a: Tyranitar|Tyranitar|Tyranitarite
|detailschange|p2b: Scovillain|Scovillain-Mega, L50, M
|-mega|p2b: Scovillain|Scovillain|Scovillainite
|move|p1a: Tyranitar|Protect|p1a: Tyranitar
|-singleturn|p1a: Tyranitar|Protect
|move|p2b: Scovillain|Rage Powder|p2b: Scovillain
|-singleturn|p2b: Scovillain|move: Rage Powder
|move|p1b: Excadrill|High Horsepower|p2b: Scovillain
|-damage|p2b: Scovillain|56/100
|-status|p1b: Excadrill|brn|[from] ability: Spicy Spray|[of] p2b: Scovillain
|move|p2a: Basculegion|Flip Turn|p1b: Excadrill
|-supereffective|p1b: Excadrill|1
|-enditem|p1b: Excadrill|Focus Sash
|-damage|p1b: Excadrill|1/100 brn
|
|t:|1785805946
|switch|p2a: Chiaki|Sylveon, L50, M|100/100|[from] Flip Turn
|
|-weather|Sandstorm|[upkeep]
|-damage|p2a: Chiaki|94/100|[from] Sandstorm
|-damage|p2b: Scovillain|50/100g|[from] Sandstorm
|-damage|p1b: Excadrill|0 fnt|[from] brn
|faint|p1b: Excadrill
|upkeep
|
|t:|1785805953
|switch|p1b: Gholdengo|Gholdengo, L50|100/100
|turn|2
|
|t:|1785805969
|move|p2b: Scovillain|Rage Powder|p2b: Scovillain
|-singleturn|p2b: Scovillain|move: Rage Powder
|move|p1b: Gholdengo|Nasty Plot|p1b: Gholdengo
|-boost|p1b: Gholdengo|spa|2
|move|p1a: Tyranitar|Knock Off|p2b: Scovillain
|-damage|p2b: Scovillain|17/100
|-status|p1a: Tyranitar|brn|[from] ability: Spicy Spray|[of] p2b: Scovillain
|move|p2a: Chiaki|Hyper Beam|p1a: Tyranitar
|-supereffective|p1a: Tyranitar|1
|-damage|p1a: Tyranitar|0 fnt
|-mustrecharge|p2a: Chiaki
|faint|p1a: Tyranitar
|
|-weather|Sandstorm|[upkeep]
|-damage|p2a: Chiaki|88/100|[from] Sandstorm
|-damage|p2b: Scovillain|11/100|[from] Sandstorm
|upkeep
|
|t:|1785805978
|switch|p1a: Sinistcha|Sinistcha, L50|100/100
|turn|3
|
|t:|1785805989
|move|p2b: Scovillain|Protect|p2b: Scovillain
|-singleturn|p2b: Scovillain|Protect
|move|p1b: Gholdengo|Nasty Plot|p1b: Gholdengo
|-boost|p1b: Gholdengo|spa|2
|cant|p2a: Chiaki|recharge
|move|p1a: Sinistcha|Matcha Gotcha|p2a: Chiaki|[spread] 
|-activate|p2b: Scovillain|move: Protect
|-miss|p1a: Sinistcha|p2a: Chiaki
|
|-weather|Sandstorm|[upkeep]
|-damage|p2a: Chiaki|82/100|[from] Sandstorm
|-damage|p2b: Scovillain|5/100|[from] Sandstorm
|-damage|p1a: Sinistcha|94/100|[from] Sandstorm
|upkeep
|turn|4
|inactive|qaiseasy has 30 seconds left.
|inactive|qaiseasy has 20 seconds left.
|
|t:|1785806026
|move|p1b: Gholdengo|Protect|p1b: Gholdengo
|-singleturn|p1b: Gholdengo|Protect
|move|p2a: Chiaki|Detect|p2a: Chiaki
|-singleturn|p2a: Chiaki|Protect
|move|p2b: Scovillain|Giga Drain|p1b: Gholdengo
|-activate|p1b: Gholdengo|move: Protect
|move|p1a: Sinistcha|Matcha Gotcha|p2b: Scovillain|[spread] p2b
|-activate|p2a: Chiaki|move: Protect
|-resisted|p2b: Scovillain|2
|-damage|p2b: Scovillain|0 fnt
|-heal|p1a: Sinistcha|97/100|[from] drain|[of] p2b: Scovillain
|-status|p1a: Sinistcha|brn|[from] ability: Spicy Spray|[of] p2b: Scovillain
|faint|p2b: Scovillain
|
|-weather|Sandstorm|[upkeep]
|-damage|p2a: Chiaki|76/100|[from] Sandstorm
|-damage|p1a: Sinistcha|91/100 brn|[from] Sandstorm
|-damage|p1a: Sinistcha|85/100 brn|[from] brn
|upkeep
|
|t:|1785806031
|switch|p2b: Aerodactyl|Aerodactyl, L50, M|100/100
|-ability|p2b: Aerodactyl|Unnerve
|turn|5
|inactive|qaiseasy has 30 seconds left.
|inactive|qaiseasy has 20 seconds left.
|inactive|qaiseasy has 15 seconds left.
|
|t:|1785806073
|move|p2b: Aerodactyl|Protect|p2b: Aerodactyl
|-singleturn|p2b: Aerodactyl|Protect
|move|p1b: Gholdengo|Make It Rain|p2b: Aerodactyl|[spread] p2a
|-activate|p2b: Aerodactyl|move: Protect
|-supereffective|p2a: Chiaki|1
|-crit|p2a: Chiaki
|-damage|p2a: Chiaki|0 fnt
|-unboost|p1b: Gholdengo|spa|2
|faint|p2a: Chiaki
|-damage|p1b: Gholdengo|90/100|[from] item: Life Orb
|move|p1a: Sinistcha|Trick Room|p1a: Sinistcha
|-fieldstart|move: Trick Room|[of] p1a: Sinistcha
|
|-weather|none
|-damage|p1a: Sinistcha|80/100 brn|[from] brn
|upkeep
|
|t:|1785806080
|switch|p2a: Basculegion|Basculegion, L50, M|100/100
|turn|6
|
|t:|1785806089
|move|p1a: Sinistcha|Matcha Gotcha|p2b: Aerodactyl|[spread] p2a,p2b
|-supereffective|p2a: Basculegion|1
|-damage|p2a: Basculegion|42/100
|-heal|p1a: Sinistcha|100/100 brn|[from] drain|[of] p2a: Basculegion
|-damage|p2b: Aerodactyl|61/100
|-status|p2b: Aerodactyl|brn
|move|p1b: Gholdengo|Make It Rain|p2a: Basculegion|[spread] p2a,p2b
|-resisted|p2a: Basculegion|1
|-supereffective|p2b: Aerodactyl|1
|-damage|p2a: Basculegion|0 fnt
|-damage|p2b: Aerodactyl|0 fnt
|-unboost|p1b: Gholdengo|spa|2
|faint|p2a: Basculegion
|faint|p2b: Aerodactyl
|-damage|p1b: Gholdengo|81/100|[from] item: Life Orb
|
|win|qaiseasy
|raw|qaiseasy's rating: 1289 → 1309(+20 for winning)
|raw|StoryTimeJGXD's rating: 1224 → 1204(-20 for losing)
|l|☆StoryTimeJGXD
|player|p2|
