|j|☆thymianthorsten
|j|☆doingVGCthings
|html|thymianthorstendoingVGCthings    
|uhtml|bestof|Game 3 of a best-of-3
|t:|1756245980
|gametype|doubles
|player|p1|thymianthorsten|170|1239
|player|p2|doingVGCthings|swimmer-gen4dp|1286
|gen|9
|tier|[Gen 9] VGC 2025 Reg H (Bo3)
|rated|
|rule|Species Clause: Limit one of each Pokémon
|rule|Item Clause: Limit 1 of each item
|clearpoke
|poke|p1|Garchomp, L50, F|
|poke|p1|Vivillon, L50, F|
|poke|p1|Incineroar, L50, M|
|poke|p1|Porygon2, L50|
|poke|p1|Primarina, L50, F|
|poke|p1|Gholdengo, L50|
|poke|p2|Volcarona, L50, M|
|poke|p2|Electabuzz, L50, M|
|poke|p2|Tyranitar, L50, F|
|poke|p2|Amoonguss, L50, M|
|poke|p2|Annihilape, L50, M|
|poke|p2|Mamoswine, L50, M|
|teampreview|4
|showteam|p1|Garchomp||LifeOrb|RoughSkin|DragonClaw,Earthquake,StompingTantrum,Protect|||F|||50|,,,,,Fire]Vivillon||FocusSash|CompoundEyes|Protect,Tailwind,SleepPowder,Hurricane|||F|||50|,,,,,Ghost]Incineroar||SafetyGoggles|Intimidate|FakeOut,FlareBlitz,KnockOff,PartingShot|||M|||50|,,,,,Ghost]Porygon2||Eviolite|Download|TeraBlast,IceBeam,Recover,TrickRoom||||||50|,,,,,Fighting]Primarina||ThroatSpray|LiquidVoice|HyperVoice,Moonblast,Haze,Protect|||F|||50|,,,,,Poison]Gholdengo||MetalCoat|GoodasGold|MakeItRain,ShadowBall,NastyPlot,Protect||||||50|,,,,,Dragon
|showteam|p2|Volcarona||CovertCloak|FlameBody|Protect,HeatWave,GigaDrain,QuiverDance|||M|||50|,,,,,Grass]Electabuzz||Eviolite|VitalSpirit|Protect,Electroweb,Taunt,FollowMe|||M|||50|,,,,,Ghost]Tyranitar||AssaultVest|SandStream|RockSlide,KnockOff,LowKick,TeraBlast|||F|||50|,,,,,Flying]Amoonguss||SitrusBerry|Regenerator|Protect,PollenPuff,Spore,RagePowder|||M|||50|,,,,,Fairy]Annihilape||SafetyGoggles|Defiant|Protect,RageFist,CloseCombat,Coaching|||M|||50|,,,,,Water]Mamoswine||FocusSash|Oblivious|Protect,IcicleCrash,HighHorsepower,IceShard|||M|||50|,,,,,Stellar
|inactive|Battle timer is ON: inactive players will automatically lose when time's up. (requested by doingVGCthings)
|inactive|doingVGCthings has 60 seconds left.
|
|t:|1756246022
|teamsize|p1|4
|teamsize|p2|4
|start
|switch|p1a: Garchomp|Garchomp, L50, F|100/100
|switch|p1b: Vivillon|Vivillon, L50, F|100/100
|switch|p2a: Amoonguss|Amoonguss, L50, M|100/100
|switch|p2b: Tyranitar|Tyranitar, L50, F|100/100
|-weather|Sandstorm|[from] ability: Sand Stream|[of] p2b: Tyranitar
|turn|1
|inactive|thymianthorsten has 30 seconds left.
|
|t:|1756246050
|switch|p1b: Incineroar|Incineroar, L50, M|100/100
|-ability|p1b: Incineroar|Intimidate|boost
|-unboost|p2a: Amoonguss|atk|1
|-unboost|p2b: Tyranitar|atk|1
|-terastallize|p2b: Tyranitar|Flying
|move|p2a: Amoonguss|Rage Powder|p2a: Amoonguss
|-singleturn|p2a: Amoonguss|move: Rage Powder
|move|p1a: Garchomp|Dragon Claw|p2a: Amoonguss
|-damage|p2a: Amoonguss|55/100
|-damage|p1a: Garchomp|91/100|[from] item: Life Orb
|move|p2b: Tyranitar|Knock Off|p1a: Garchomp
|-damage|p1a: Garchomp|58/100
|-damage|p2b: Tyranitar|88/100|[from] ability: Rough Skin|[of] p1a: Garchomp
|-enditem|p1a: Garchomp|Life Orb|[from] move: Knock Off|[of] p2b: Tyranitar
|
|-weather|Sandstorm|[upkeep]
|-damage|p2b: Tyranitar|83/100|[from] Sandstorm
|-damage|p2a: Amoonguss|49/100|[from] Sandstorm
|-enditem|p2a: Amoonguss|Sitrus Berry|[eat]
|-heal|p2a: Amoonguss|74/100|[from] item: Sitrus Berry
|upkeep
|turn|2
|inactive|thymianthorsten has 30 seconds left.
|inactive|doingVGCthings has 30 seconds left.
|
|t:|1756246077
|move|p1a: Garchomp|Dragon Claw|p2a: Amoonguss
|-damage|p2a: Amoonguss|39/100
|move|p2b: Tyranitar|Knock Off|p1b: Incineroar
|-resisted|p1b: Incineroar
|-damage|p1b: Incineroar|88/100
|-enditem|p1b: Incineroar|Safety Goggles|[from] move: Knock Off|[of] p2b: Tyranitar
|move|p1b: Incineroar|Flare Blitz|p2a: Amoonguss
|-supereffective|p2a: Amoonguss
|-damage|p2a: Amoonguss|0 fnt
|faint|p2a: Amoonguss
|-damage|p1b: Incineroar|74/100|[from] Recoil
|
|-weather|Sandstorm|[upkeep]
|-damage|p2b: Tyranitar|77/100|[from] Sandstorm
|-damage|p1b: Incineroar|68/100|[from] Sandstorm
|upkeep
|
|t:|1756246088
|switch|p2a: Mamoswine|Mamoswine, L50, M|100/100
|turn|3
|inactive|thymianthorsten has 30 seconds left.
|inactive|doingVGCthings has 30 seconds left.
|inactive|thymianthorsten has 20 seconds left.
|
|t:|1756246125
|move|p2a: Mamoswine|Ice Shard|p1a: Garchomp
|-supereffective|p1a: Garchomp
|-crit|p1a: Garchomp
|-damage|p1a: Garchomp|0 fnt
|faint|p1a: Garchomp
|move|p2b: Tyranitar|Rock Slide|p1b: Incineroar|[miss]
|-miss|p2b: Tyranitar|p1b: Incineroar
|move|p1b: Incineroar|Parting Shot|p2b: Tyranitar
|-unboost|p2b: Tyranitar|atk|1
|-unboost|p2b: Tyranitar|spa|1
|
|t:|1756246133
|switch|p1b: Porygon2|Porygon2, L50|100/100|[from] Parting Shot
|-ability|p1b: Porygon2|Download|boost
|-boost|p1b: Porygon2|spa|1
|
|-weather|Sandstorm|[upkeep]
|-damage|p2b: Tyranitar|71/100|[from] Sandstorm
|-damage|p1b: Porygon2|95/100|[from] Sandstorm
|upkeep
|
|t:|1756246135
|switch|p1a: Incineroar|Incineroar, L50, M|68/100
|-ability|p1a: Incineroar|Intimidate|boost
|-fail|p2a: Mamoswine|unboost|Attack|[from] ability: Oblivious|[of] p2a: Mamoswine
|-unboost|p2b: Tyranitar|atk|1
|turn|4
|
|t:|1756246151
|switch|p2b: Volcarona|Volcarona, L50, M|100/100
|move|p2a: Mamoswine|Protect|p2a: Mamoswine
|-singleturn|p2a: Mamoswine|Protect
|move|p1a: Incineroar|Fake Out|p2a: Mamoswine
|-activate|p2a: Mamoswine|move: Protect
|move|p1b: Porygon2|Trick Room|p1b: Porygon2
|-fieldstart|move: Trick Room|[of] p1b: Porygon2
|
|-weather|Sandstorm|[upkeep]
|-damage|p1b: Porygon2|89/100|[from] Sandstorm
|-damage|p1a: Incineroar|62/100|[from] Sandstorm
|-damage|p2b: Volcarona|95/100|[from] Sandstorm
|upkeep
|turn|5
|inactive|thymianthorsten has 30 seconds left.
|
|t:|1756246179
|switch|p2a: Tyranitar|Tyranitar, L50, F, tera:Flying|71/100
|-terastallize|p1b: Porygon2|Fighting
|move|p1b: Porygon2|Tera Blast|p2a: Tyranitar|[anim] Tera Blast Fighting
|-resisted|p2a: Tyranitar
|-damage|p2a: Tyranitar|55/100
|move|p1a: Incineroar|Knock Off|p2a: Tyranitar
|-damage|p2a: Tyranitar|25/100
|-enditem|p2a: Tyranitar|Assault Vest|[from] move: Knock Off|[of] p1a: Incineroar
|move|p2b: Volcarona|Heat Wave|p1a: Incineroar|[spread] p1a,p1b
|-resisted|p1a: Incineroar
|-damage|p1a: Incineroar|46/100
|-damage|p1b: Porygon2|67/100
|-status|p1b: Porygon2|brn
|
|-weather|none
|-damage|p1b: Porygon2|61/100 brn|[from] brn
|upkeep
|turn|6
|inactive|doingVGCthings has 30 seconds left.
|
|t:|1756246209
|move|p1b: Porygon2|Ice Beam|p2a: Tyranitar
|-supereffective|p2a: Tyranitar
|-damage|p2a: Tyranitar|0 fnt
|faint|p2a: Tyranitar
|move|p1a: Incineroar|Flare Blitz|p2b: Volcarona
|-damage|p2b: Volcarona|41/100
|-damage|p1a: Incineroar|31/100|[from] Recoil
|move|p2b: Volcarona|Quiver Dance|p2b: Volcarona
|-boost|p2b: Volcarona|spa|1
|-boost|p2b: Volcarona|spd|1
|-boost|p2b: Volcarona|spe|1
|
|-damage|p1b: Porygon2|55/100 brn|[from] brn
|upkeep
|
|t:|1756246213
|switch|p2a: Mamoswine|Mamoswine, L50, M|100/100
|turn|7
|
|t:|1756246233
|move|p2b: Volcarona|Protect|p2b: Volcarona
|-singleturn|p2b: Volcarona|Protect
|move|p1b: Porygon2|Tera Blast|p2a: Mamoswine|[anim] Tera Blast Fighting
|-supereffective|p2a: Mamoswine
|-enditem|p2a: Mamoswine|Focus Sash
|-damage|p2a: Mamoswine|1/100
|move|p1a: Incineroar|Flare Blitz|p2b: Volcarona
|-activate|p2b: Volcarona|move: Protect
|move|p2a: Mamoswine|High Horsepower|p1a: Incineroar
|-supereffective|p1a: Incineroar
|-damage|p1a: Incineroar|0 fnt
|faint|p1a: Incineroar
|
|-damage|p1b: Porygon2|50/100 brn|[from] brn
|upkeep
|
|t:|1756246245
|switch|p1a: Vivillon|Vivillon, L50, F|100/100
|turn|8
|
|t:|1756246264
|move|p2a: Mamoswine|Ice Shard|p1a: Vivillon
|-supereffective|p1a: Vivillon
|-damage|p1a: Vivillon|18/100
|move|p1b: Porygon2|Tera Blast|p2a: Mamoswine|[anim] Tera Blast Fighting
|-supereffective|p2a: Mamoswine
|-damage|p2a: Mamoswine|0 fnt
|faint|p2a: Mamoswine
|move|p1a: Vivillon|Sleep Powder|p2b: Volcarona
|-status|p2b: Volcarona|slp|[from] move: Sleep Powder
|cant|p2b: Volcarona|slp
|
|-damage|p1b: Porygon2|44/100 brn|[from] brn
|-fieldend|move: Trick Room
|upkeep
|turn|9
|
|t:|1756246280
|cant|p2b: Volcarona|slp
|move|p1a: Vivillon|Hurricane|p2b: Volcarona
|-supereffective|p2b: Volcarona
|-damage|p2b: Volcarona|0 fnt
|faint|p2b: Volcarona
|
|win|thymianthorsten
|raw|thymianthorsten's rating: 1239 → 1267(+28 for winning)
|raw|doingVGCthings's rating: 1286 → 1258(-28 for losing)
|l|☆thymianthorsten
|player|p1|
