|j|☆sigueinventando
|j|☆dropddead
|html|sigueinventandodropddead    
|uhtml|bestof|Game 3 of a best-of-3
|t:|1785692249
|gametype|doubles
|player|p1|sigueinventando|170|1184
|player|p2|dropddead|crasherwake|1153
|gen|9
|tier|[Gen 9 Champions] VGC 2026 Reg M-B (Bo3)
|rated|
|rule|Species Clause: Limit one of each Pokémon
|rule|Item Clause: Limit 1 of each item
|clearpoke
|poke|p1|Tyranitar, L50, M|
|poke|p1|Metagross, L50|
|poke|p1|Staraptor, L50, M|
|poke|p1|Excadrill, L50, F|
|poke|p1|Sinistcha, L50|
|poke|p1|Milotic, L50, M|
|poke|p2|Staraptor, L50, F|
|poke|p2|Vanilluxe, L50, F|
|poke|p2|Farigiraf, L50, F|
|poke|p2|Blastoise, L50, F|
|poke|p2|Kingambit, L50, F|
|poke|p2|Camerupt, L50, F|
|teampreview|4
|showteam|p1|Tyranitar||LifeOrb|SandStream|RockSlide,KnockOff,IcePunch,Protect|Brave||M|||50|]Metagross||Metagrossite|ClearBody|BulletPunch,PsychicFangs,BodyPress,Protect|Jolly|||||50|]Staraptor||Staraptite|Intimidate|BraveBird,CloseCombat,Tailwind,Protect|Jolly||M|||50|]Excadrill||FocusSash|SandRush|RockSlide,HighHorsepower,IronHead,Protect|Adamant||F|||50|]Sinistcha||ColburBerry|Hospitality|MatchaGotcha,RagePowder,TrickRoom,Protect|Bold|||||50|]Milotic||SitrusBerry|Competitive|Scald,LifeDew,IcyWind,Protect|Calm||M|||50|
|showteam|p2|Staraptor||ChoiceScarf|Intimidate|FinalGambit,BraveBird,CloseCombat,Uturn|Jolly||F|||50|]Vanilluxe||NeverMeltIce|SnowWarning|Blizzard,FreezeDry,Protect,IceShard|Quiet||F|||50|]Farigiraf||SitrusBerry|ArmorTail|PsychicFangs,HyperVoice,HelpingHand,TrickRoom|Relaxed||F|||50|]Blastoise||Blastoisinite|RainDish|FakeOut,WaterSpout,AuraSphere,DarkPulse|Quiet||F|||50|]Kingambit||LifeOrb|Defiant|KowtowCleave,IronHead,Protect,SuckerPunch|Brave||F|||50|]Camerupt||Cameruptite|SolidRock|HeatWave,EarthPower,Protect,AncientPower|Quiet||F|||50|
|inactive|Battle timer is ON: inactive players will automatically lose when time's up. (requested by dropddead)
|inactive|sigueinventando has 60 seconds left.
|inactive|dropddead has 60 seconds left.
|
|t:|1785692289
|teamsize|p1|4
|teamsize|p2|4
|start
|switch|p1a: Sinistcha|Sinistcha, L50|100/100
|switch|p1b: Milotic|Milotic, L50, M|100/100
|switch|p2a: Farigiraf|Farigiraf, L50, F|100/100
|switch|p2b: Staraptor|Staraptor, L50, F|100/100
|-ability|p2b: Staraptor|Intimidate|boost
|-unboost|p1a: Sinistcha|atk|1
|-unboost|p1b: Milotic|atk|1
|-ability|p1b: Milotic|Competitive|boost
|-boost|p1b: Milotic|spa|2
|turn|1
|inactive|dropddead has 30 seconds left.
|
|t:|1785692315
|move|p2a: Farigiraf|Helping Hand|p2b: Staraptor
|-singleturn|p2b: Staraptor|Helping Hand|[of] p2a: Farigiraf
|move|p2b: Staraptor|Brave Bird|p1a: Sinistcha
|-supereffective|p1a: Sinistcha|1
|-damage|p1a: Sinistcha|0 fnt
|faint|p1a: Sinistcha
|-damage|p2b: Staraptor|69/100|[from] Recoil
|move|p1b: Milotic|Scald|p2a: Farigiraf
|-damage|p2a: Farigiraf|47/100
|-enditem|p2a: Farigiraf|Sitrus Berry|[eat]
|-heal|p2a: Farigiraf|72/100|[from] item: Sitrus Berry
|
|upkeep
|
|t:|1785692328
|switch|p1a: Tyranitar|Tyranitar, L50, M|100/100
|-weather|Sandstorm|[from] ability: Sand Stream|[of] p1a: Tyranitar
|turn|2
|
|t:|1785692338
|move|p2b: Staraptor|Brave Bird|p1b: Milotic
|-damage|p1b: Milotic|57/100
|-damage|p2b: Staraptor|54/100|[from] Recoil
|move|p1b: Milotic|Icy Wind|p2b: Staraptor|[spread] p2a,p2b
|-supereffective|p2b: Staraptor|1
|-damage|p2a: Farigiraf|54/100
|-damage|p2b: Staraptor|4/100
|-unboost|p2a: Farigiraf|spe|1
|-unboost|p2b: Staraptor|spe|1
|move|p1a: Tyranitar|Knock Off|p2a: Farigiraf
|-supereffective|p2a: Farigiraf|1
|-damage|p2a: Farigiraf|0 fnt
|faint|p2a: Farigiraf
|-damage|p1a: Tyranitar|90/100|[from] item: Life Orb
|
|-weather|Sandstorm|[upkeep]
|-damage|p2b: Staraptor|0 fnt|[from] Sandstorm
|-damage|p1b: Milotic|51/100|[from] Sandstorm
|faint|p2b: Staraptor
|upkeep
|
|t:|1785692349
|switch|p2b: Vanilluxe|Vanilluxe, L50, F|100/100
|switch|p2a: Camerupt|Camerupt, L50, F|100/100
|-weather|Snowscape|[from] ability: Snow Warning|[of] p2b: Vanilluxe
|turn|3
|inactive|sigueinventando has 30 seconds left.
|inactive|dropddead has 30 seconds left.
|inactive|sigueinventando has 20 seconds left.
|
|t:|1785692388
|detailschange|p2a: Camerupt|Camerupt-Mega, L50, F
|-mega|p2a: Camerupt|Camerupt|Cameruptite
|move|p1b: Milotic|Protect|p1b: Milotic
|-singleturn|p1b: Milotic|Protect
|move|p2a: Camerupt|Protect|p2a: Camerupt
|-singleturn|p2a: Camerupt|Protect
|move|p2b: Vanilluxe|Freeze-Dry|p1b: Milotic
|-activate|p1b: Milotic|move: Protect
|move|p1a: Tyranitar|Rock Slide|p2b: Vanilluxe|[spread] p2b
|-activate|p2a: Camerupt|move: Protect
|-supereffective|p2b: Vanilluxe|1
|-damage|p2b: Vanilluxe|29/100
|-damage|p1a: Tyranitar|80/100|[from] item: Life Orb
|
|-weather|Snowscape|[upkeep]
|upkeep
|turn|4
|
|t:|1785692408
|move|p2a: Camerupt|Protect|p2a: Camerupt
|-singleturn|p2a: Camerupt|Protect
|move|p1b: Milotic|Scald|p2a: Camerupt
|-activate|p2a: Camerupt|move: Protect
|move|p2b: Vanilluxe|Freeze-Dry|p1b: Milotic
|-supereffective|p1b: Milotic|1
|-damage|p1b: Milotic|0 fnt
|faint|p1b: Milotic
|move|p1a: Tyranitar|Knock Off|p2b: Vanilluxe
|-damage|p2b: Vanilluxe|0 fnt
|-enditem|p2b: Vanilluxe|Never-Melt Ice|[from] move: Knock Off|[of] p1a: Tyranitar
|faint|p2b: Vanilluxe
|-damage|p1a: Tyranitar|71/100|[from] item: Life Orb
|
|-weather|Snowscape|[upkeep]
|upkeep
|
|t:|1785692410
|switch|p1b: Metagross|Metagross, L50|100/100
|turn|5
|
|t:|1785692418
|detailschange|p1b: Metagross|Metagross-Mega, L50
|-mega|p1b: Metagross|Metagross|Metagrossite
|move|p1b: Metagross|Psychic Fangs|p2a: Camerupt
|-damage|p2a: Camerupt|36/100
|move|p1a: Tyranitar|Rock Slide|p2a: Camerupt
|-damage|p2a: Camerupt|0 fnt
|faint|p2a: Camerupt
|-damage|p1a: Tyranitar|61/100|[from] item: Life Orb
|
|win|sigueinventando
|raw|sigueinventando's rating: 1184 → 1207(+23 for winning)
|raw|dropddead's rating: 1153 → 1130(-23 for losing)
|c|☆dropddead|ggs
|c|☆sigueinventando|ggwp!
