|j|☆GenG Fan
|j|☆Electrovalvula
|html|GenG FanElectrovalvula    
|uhtml|bestof|Game 1 of a best-of-3
|t:|1757237885
|gametype|doubles
|player|p1|GenG Fan|cynthia-gen4|1449
|player|p2|Electrovalvula|1|1336
|gen|9
|tier|[Gen 9] VGC 2025 Reg H (Bo3)
|rated|
|rule|Species Clause: Limit one of each Pokémon
|rule|Item Clause: Limit 1 of each item
|clearpoke
|poke|p1|Hatterene, L50, F|
|poke|p1|Indeedee-F, L50, F|
|poke|p1|Torkoal, L50, M|
|poke|p1|Lilligant-Hisui, L50, F|
|poke|p1|Ursaluna, L50, F|
|poke|p1|Gallade, L50, M|
|poke|p2|Amoonguss, L50, F|
|poke|p2|Archaludon, L50, M|
|poke|p2|Pelipper, L50, M|
|poke|p2|Basculegion, L50, M|
|poke|p2|Incineroar, L50, F|
|poke|p2|Maushold-Four, L50|
|teampreview|4
|showteam|p1|Hatterene||LifeOrb|MagicBounce|ExpandingForce,DazzlingGleam,TrickRoom,Protect|||F|||50|,,,,,Water]Indeedee-F||RockyHelmet|PsychicSurge|Psychic,FollowMe,TrickRoom,HelpingHand|||F|||50|,,,,,Grass]Torkoal||Charcoal|Drought|Eruption,WeatherBall,EarthPower,Protect|||M|||50|,,,,,Fire]Lilligant-Hisui||FocusSash|Chlorophyll|SolarBlade,CloseCombat,SleepPowder,AfterYou|||F|||50|,,,,,Ghost]Ursaluna||FlameOrb|Guts|Facade,HeadlongRush,Substitute,Protect|||F|||50|,,,,,Ghost]Gallade||ClearAmulet|Sharpness|SacredSword,PsychoCut,TrickRoom,WideGuard|||M|||50|,,,,,Grass
|showteam|p2|Amoonguss||RockyHelmet|Regenerator|Spore,RagePowder,PollenPuff,Protect|||F|||50|,,,,,Fairy]Archaludon||AssaultVest|Stamina|FlashCannon,Snarl,ElectroShot,BodyPress|||M|||50|,,,,,Grass]Pelipper||FocusSash|Drizzle|Protect,Tailwind,WeatherBall,Hurricane|||M|||50|,,,,,Stellar]Basculegion||ChoiceBand|SwiftSwim|WaveCrash,AquaJet,LastRespects,FlipTurn|||M|||50|,,,,,Fairy]Incineroar||SafetyGoggles|Intimidate|KnockOff,WillOWisp,PartingShot,FakeOut|||F|||50|,,,,,Ghost]Maushold-Four||WideLens|FriendGuard|PopulationBomb,FollowMe,Taunt,Protect||||||50|,,,,,Ghost
|inactive|Battle timer is ON: inactive players will automatically lose when time's up. (requested by GenG Fan)
|
|t:|1757237920
|teamsize|p1|4
|teamsize|p2|4
|start
|switch|p1a: Indeedee|Indeedee-F, L50, F|100/100
|switch|p1b: Gallade|Gallade, L50, M|100/100
|switch|p2a: Maushold|Maushold-Four, L50|100/100
|switch|p2b: Incineroar|Incineroar, L50, F|100/100
|-ability|p2b: Incineroar|Intimidate|boost
|-unboost|p1a: Indeedee|atk|1
|-fail|p1b: Gallade|unboost|[from] item: Clear Amulet|[of] p1b: Gallade
|-fieldstart|move: Psychic Terrain|[from] ability: Psychic Surge|[of] p1a: Indeedee
|turn|1
|
|t:|1757237945
|move|p1a: Indeedee|Follow Me|p1a: Indeedee
|-singleturn|p1a: Indeedee|move: Follow Me
|move|p2a: Maushold|Taunt|p1a: Indeedee
|-start|p1a: Indeedee|move: Taunt
|move|p2b: Incineroar|Parting Shot|p1a: Indeedee
|-unboost|p1a: Indeedee|atk|1
|-unboost|p1a: Indeedee|spa|1
|
|t:|1757237950
|switch|p2b: Archaludon|Archaludon, L50, M|100/100|[from] Parting Shot
|move|p1b: Gallade|Trick Room|p1b: Gallade
|-fieldstart|move: Trick Room|[of] p1b: Gallade
|
|upkeep
|turn|2
|inactive|Electrovalvula has 30 seconds left.
|inactive|Electrovalvula has 20 seconds left.
|
|t:|1757237990
|switch|p2a: Pelipper|Pelipper, L50, M|100/100
|-weather|RainDance|[from] ability: Drizzle|[of] p2a: Pelipper
|-terastallize|p2b: Archaludon|Grass
|move|p1b: Gallade|Sacred Sword|p2b: Archaludon
|-damage|p2b: Archaludon|44/100
|-ability|p2b: Archaludon|Stamina|boost
|-boost|p2b: Archaludon|def|1
|move|p1a: Indeedee|Psychic|p2b: Archaludon
|-damage|p2b: Archaludon|27/100
|-ability|p2b: Archaludon|Stamina|boost
|-boost|p2b: Archaludon|def|1
|move|p2b: Archaludon|Electro Shot||[still]
|-prepare|p2b: Archaludon|Electro Shot
|-boost|p2b: Archaludon|spa|1
|-anim|p2b: Archaludon|Electro Shot|p1b: Gallade
|-damage|p1b: Gallade|46/100
|
|-weather|RainDance|[upkeep]
|upkeep
|turn|3
|inactive|GenG Fan has 30 seconds left.
|
|t:|1757238022
|switch|p2a: Incineroar|Incineroar, L50, F|100/100
|-ability|p2a: Incineroar|Intimidate|boost
|-unboost|p1a: Indeedee|atk|1
|-fail|p1b: Gallade|unboost|[from] item: Clear Amulet|[of] p1b: Gallade
|move|p1b: Gallade|Sacred Sword|p2b: Archaludon
|-damage|p2b: Archaludon|0 fnt
|faint|p2b: Archaludon
|move|p1a: Indeedee|Psychic|p2a: Incineroar
|-immune|p2a: Incineroar
|
|-weather|RainDance|[upkeep]
|upkeep
|
|t:|1757238030
|switch|p2b: Maushold|Maushold-Four, L50|100/100
|turn|4
|
|t:|1757238045
|switch|p1a: Hatterene|Hatterene, L50, F|100/100
|move|p2b: Maushold|Protect|p2b: Maushold
|-singleturn|p2b: Maushold|Protect
|move|p1b: Gallade|Psycho Cut|p2b: Maushold
|-activate|p2b: Maushold|move: Protect
|move|p2a: Incineroar|Will-O-Wisp|p1b: Gallade
|-status|p1b: Gallade|brn
|
|-weather|RainDance|[upkeep]
|-damage|p1b: Gallade|40/100 brn|[from] brn
|upkeep
|turn|5
|inactive|GenG Fan has 30 seconds left.
|inactive|Electrovalvula has 30 seconds left.
|inactive|GenG Fan has 20 seconds left.
|
|t:|1757238085
|switch|p1b: Indeedee|Indeedee-F, L50, F|100/100
|switch|p2b: Pelipper|Pelipper, L50, M|100/100
|move|p1a: Hatterene|Dazzling Gleam|p2b: Pelipper|[spread] p2a,p2b
|-damage|p2a: Incineroar|57/100
|-damage|p2b: Pelipper|20/100
|-damage|p1a: Hatterene|91/100|[from] item: Life Orb
|move|p2a: Incineroar|Knock Off|p1a: Hatterene
|-damage|p1a: Hatterene|46/100
|-enditem|p1a: Hatterene|Life Orb|[from] move: Knock Off|[of] p2a: Incineroar
|
|-weather|RainDance|[upkeep]
|-fieldend|move: Trick Room
|-fieldend|move: Psychic Terrain
|upkeep
|turn|6
|
|t:|1757238109
|move|p1b: Indeedee|Follow Me|p1b: Indeedee
|-singleturn|p1b: Indeedee|move: Follow Me
|move|p2b: Pelipper|Weather Ball|p1b: Indeedee
|-damage|p1b: Indeedee|34/100
|move|p2a: Incineroar|Knock Off|p1b: Indeedee
|-supereffective|p1b: Indeedee
|-damage|p1b: Indeedee|0 fnt
|-damage|p2a: Incineroar|41/100|[from] item: Rocky Helmet|[of] p1b: Indeedee
|-enditem|p1b: Indeedee|Rocky Helmet|[from] move: Knock Off|[of] p2a: Incineroar
|faint|p1b: Indeedee
|move|p1a: Hatterene|Trick Room|p1a: Hatterene
|-fieldstart|move: Trick Room|[of] p1a: Hatterene
|
|-weather|none
|upkeep
|
|t:|1757238130
|switch|p1b: Ursaluna|Ursaluna, L50, F|100/100
|turn|7
|-message|Electrovalvula forfeited.
|
|win|GenG Fan
||GenG Fan is ready for game 2.
||Electrovalvula is ready for game 2.
|uhtml|next|Next: Game 2 of 3
