|j|☆PeePeeSwagMan
|j|☆whipq
|html|PeePeeSwagManwhipq    
|uhtml|bestof|Game 1 of a best-of-3
|t:|1784604656
|gametype|doubles
|player|p1|PeePeeSwagMan|1|
|player|p2|whipq|266|
|gen|9
|tier|[Gen 9 Champions] VGC 2026 Reg M-B (Bo3)
|rule|Species Clause: Limit one of each Pokémon
|rule|Item Clause: Limit 1 of each item
|clearpoke
|poke|p1|Floette-Eternal, L50, F|
|poke|p1|Charizard, L50, M|
|poke|p1|Primarina, L50, F|
|poke|p1|Venusaur, L50, M|
|poke|p1|Volcarona, L50, M|
|poke|p1|Scrafty, L50, M|
|poke|p2|Camerupt, L50, M, shiny|
|poke|p2|Oranguru, L50, M, shiny|
|poke|p2|Aegislash, L50, F, shiny|
|poke|p2|Aurorus, L50, M, shiny|
|poke|p2|Simipour, L50, M, shiny|
|poke|p2|Snorlax, L50, F, shiny|
|teampreview|4
|showteam|p1|Floette-Eternal||Floettite|FlowerVeil|DazzlingGleam,Moonblast,CalmMind,Protect|Modest||F|||50|]Charizard||CharizarditeY|Blaze|Protect,Overheat,AirSlash,HeatWave|Modest||M|||50|]Primarina||LifeOrb|LiquidVoice|SparklingAria,Moonblast,HyperVoice,Protect|Modest||F|||50|]Venusaur||Leftovers|Chlorophyll|SolarBeam,EarthPower,SleepPowder,Protect|Modest||M|||50|]Volcarona||FocusSash|FlameBody|RagePowder,Tailwind,BugBuzz,FieryDance|Timid||M|||50|]Scrafty||BlackGlasses|Intimidate|FakeOut,KnockOff,DrainPunch,Protect|Jolly||M|||50|
|showteam|p2|Camerupt||Cameruptite|MagmaArmor|Eruption,EarthPower,HeatWave,Protect|Modest||M|||50|]Oranguru||Leftovers|InnerFocus|Instruct,Protect,TrickRoom,FutureSight|Sassy||M|||50|]Aegislash||OccaBerry|StanceChange|DestinyBond,KingsShield,WideGuard,IronHead|Careful||F|||50|]Aurorus||BrightPowder|SnowWarning|Blizzard,RockSlide,AuroraVeil,Protect|Sassy||M|||50|]Simipour||SitrusBerry|Gluttony|FlipTurn,FakeOut,IcePunch,Liquidation|Jolly||M|||50|]Snorlax||ChestoBerry|ThickFat|Rest,SleepTalk,ZenHeadbutt,BodySlam|Adamant||F|||50|
|j| xanian7
|
|t:|1784604716
|teamsize|p1|4
|teamsize|p2|4
|start
|switch|p1a: Scrafty|Scrafty, L50, M|100/100
|switch|p1b: Volcarona|Volcarona, L50, M|100/100
|switch|p2a: Oranguru|Oranguru, L50, M, shiny|100/100
|switch|p2b: Aegislash|Aegislash, L50, F, shiny|100/100
|-ability|p1a: Scrafty|Intimidate|boost
|-fail|p2a: Oranguru|unboost|Attack|[from] ability: Inner Focus|[of] p2a: Oranguru
|-unboost|p2b: Aegislash|atk|1
|turn|1
|
|t:|1784604771
|move|p2b: Aegislash|King's Shield|p2b: Aegislash
|-singleturn|p2b: Aegislash|Protect
|move|p1a: Scrafty|Fake Out|p2a: Oranguru
|-damage|p2a: Oranguru|88/100
|move|p1b: Volcarona|Bug Buzz|p2a: Oranguru
|-supereffective|p2a: Oranguru|1
|-damage|p2a: Oranguru|23/100
|-unboost|p2a: Oranguru|spd|1
|move|p2a: Oranguru|Trick Room|p2a: Oranguru
|-fieldstart|move: Trick Room|[of] p2a: Oranguru
|
|-heal|p2a: Oranguru|29/100|[from] item: Leftovers
|upkeep
|turn|2
|
|t:|1784604803
|move|p1b: Volcarona|Rage Powder|p1b: Volcarona
|-singleturn|p1b: Volcarona|move: Rage Powder
|move|p2a: Oranguru|Instruct|p1b: Volcarona
|-singleturn|p1b: Volcarona|move: Instruct|[of] p2a: Oranguru
|move|p1b: Volcarona|Rage Powder||[still]
|-fail|p1b: Volcarona
|-formechange|p2b: Aegislash|Aegislash-Blade|
|move|p2b: Aegislash|Iron Head|p1b: Volcarona
|-resisted|p1b: Volcarona|1
|-damage|p1b: Volcarona|78/100
|-status|p2b: Aegislash|brn|[from] ability: Flame Body|[of] p1b: Volcarona
|move|p1a: Scrafty|Knock Off|p2b: Aegislash
|-supereffective|p2b: Aegislash|1
|-damage|p2b: Aegislash|0 fnt
|-enditem|p2b: Aegislash|Occa Berry|[from] move: Knock Off|[of] p1a: Scrafty
|faint|p2b: Aegislash
|
|-heal|p2a: Oranguru|35/100|[from] item: Leftovers
|upkeep
|
|t:|1784604811
|switch|p2b: Camerupt|Camerupt, L50, M, shiny|100/100
|turn|3
|j| KoopaPlays
|
|t:|1784604890
|detailschange|p2b: Camerupt|Camerupt-Mega, L50, M, shiny
|-mega|p2b: Camerupt|Camerupt|Cameruptite
|move|p2b: Camerupt|Eruption|p1a: Scrafty|[spread] p1a,p1b
|-damage|p1a: Scrafty|23/100
|-damage|p1b: Volcarona|8/100
|move|p2a: Oranguru|Instruct|p2b: Camerupt
|-singleturn|p2b: Camerupt|move: Instruct|[of] p2a: Oranguru
|move|p2b: Camerupt|Eruption|p1b: Volcarona|[spread] p1a,p1b
|-damage|p1a: Scrafty|0 fnt
|-damage|p1b: Volcarona|0 fnt
|faint|p1a: Scrafty
|faint|p1b: Volcarona
|
|-heal|p2a: Oranguru|41/100|[from] item: Leftovers
|upkeep
|
|t:|1784604903
|switch|p1a: Primarina|Primarina, L50, F|100/100
|switch|p1b: Floette|Floette-Eternal, L50, F|100/100
|turn|4
|
|t:|1784604940
|move|p1b: Floette|Protect|p1b: Floette
|-singleturn|p1b: Floette|Protect
|move|p2b: Camerupt|Eruption|p1a: Primarina|[spread] p1a
|-activate|p1b: Floette|move: Protect
|-resisted|p1a: Primarina|1
|-damage|p1a: Primarina|66/100
|move|p2a: Oranguru|Instruct|p2b: Camerupt
|-singleturn|p2b: Camerupt|move: Instruct|[of] p2a: Oranguru
|move|p2b: Camerupt|Eruption|p1a: Primarina|[spread] p1a
|-activate|p1b: Floette|move: Protect
|-resisted|p1a: Primarina|1
|-damage|p1a: Primarina|31/100
|move|p1a: Primarina|Sparkling Aria|p2b: Camerupt|[spread] p2a,p2b
|-activate|p1b: Floette|move: Protect
|-supereffective|p2b: Camerupt|2
|-damage|p2a: Oranguru|0 fnt
|-damage|p2b: Camerupt|0 fnt
|faint|p2a: Oranguru
|faint|p2b: Camerupt
|-damage|p1a: Primarina|21/100|[from] item: Life Orb
|
|upkeep
|
|t:|1784604958
|switch|p2b: Aurorus|Aurorus, L50, M, shiny|100/100
|-weather|Snowscape|[from] ability: Snow Warning|[of] p2b: Aurorus
|turn|5
|
|t:|1784604976
|detailschange|p1b: Floette|Floette-Mega, L50, F
|-mega|p1b: Floette|Floette|Floettite
|-ability|p1b: Floette|Fairy Aura
|move|p2b: Aurorus|Blizzard|p1a: Primarina|[spread] p1a,p1b
|-resisted|p1a: Primarina|1
|-damage|p1a: Primarina|7/100
|-damage|p1b: Floette|75/100
|move|p1a: Primarina|Sparkling Aria|p2b: Aurorus|[spread] p1b,p2b
|-supereffective|p2b: Aurorus|1
|-damage|p1b: Floette|29/100
|-damage|p2b: Aurorus|45/100
|-damage|p1a: Primarina|0 fnt|[from] item: Life Orb
|faint|p1a: Primarina
|move|p1b: Floette|Moonblast|p2b: Aurorus
|-damage|p2b: Aurorus|0 fnt
|faint|p2b: Aurorus
|
|win|PeePeeSwagMan
||whipq is ready for game 2.
|inactive|PeePeeSwagMan has 30 seconds to confirm battle start!
|inactive|PeePeeSwagMan has 20 seconds to confirm battle start!
||PeePeeSwagMan is ready for game 2.
|uhtml|next|Next: Game 2 of 3
|l| xanian7
|l|☆whipq
|player|p2|
