|j|☆gtgnimbus
|j|☆Pelosis
|html|gtgnimbusPelosis    
|uhtml|bestof|Game 1 of a best-of-3
|t:|1784137839
|gametype|doubles
|player|p1|gtgnimbus|wallace|1183
|player|p2|Pelosis|101|1179
|gen|9
|tier|[Gen 9 Champions] VGC 2026 Reg M-B (Bo3)
|rated|
|rule|Species Clause: Limit one of each Pokémon
|rule|Item Clause: Limit 1 of each item
|clearpoke
|poke|p1|Incineroar, L50, F|
|poke|p1|Blastoise, L50, M|
|poke|p1|Sinistcha, L50|
|poke|p1|Kingambit, L50, F|
|poke|p1|Delphox, L50, F|
|poke|p1|Sneasler, L50, F|
|poke|p2|Mawile, L50, F|
|poke|p2|Farigiraf, L50, F|
|poke|p2|Incineroar, L50, M|
|poke|p2|Torkoal, L50, M|
|poke|p2|Venusaur, L50, M|
|poke|p2|Scrafty, L50, M|
|teampreview|4
|showteam|p1|Incineroar||SitrusBerry|Intimidate|FlareBlitz,HelpingHand,PartingShot,FakeOut|Careful||F|||50|]Blastoise||Blastoisinite|RainDish|WaterSpout,DarkPulse,ShellSmash,Protect|Modest||M|||50|]Sinistcha||KasibBerry|Hospitality|MatchaGotcha,TrickRoom,RagePowder,Protect|Bold|||||50|]Kingambit||BlackGlasses|Defiant|KowtowCleave,SuckerPunch,SwordsDance,Protect|Adamant||F|||50|]Delphox||Delphoxite|Blaze|HeatWave,Psyshock,NastyPlot,Protect|Modest||F|||50|]Sneasler||FocusSash|PoisonTouch|CloseCombat,PoisonJab,QuickGuard,FakeOut|Jolly||F|||50|
|showteam|p2|Mawile||Mawilite|HyperCutter|Protect,PlayRough,SwordsDance,SuckerPunch|Brave||F|||50|]Farigiraf||SitrusBerry|ArmorTail|TrickRoom,TwinBeam,Thunderbolt,HelpingHand|Quiet||F|||50|]Incineroar||WhiteHerb|Intimidate|FakeOut,CloseCombat,FlareBlitz,DarkestLariat|Brave||M|||50|]Torkoal||Charcoal|Drought|Protect,Eruption,HeatWave,WeatherBall|Quiet||M|||50|]Venusaur||FocusSash|Chlorophyll|SleepPowder,EarthPower,EnergyBall,SludgeBomb|Modest||M|||50|]Scrafty||Scraftinite|Intimidate|FakeOut,CloseCombat,KnockOff,IcePunch|Brave||M|||50|
|inactive|Battle timer is ON: inactive players will automatically lose when time's up. (requested by Pelosis)
|inactive|Pelosis has 60 seconds left.
|inactive|Pelosis has 30 seconds left.
|inactive|Pelosis has 20 seconds left.
|inactive|Pelosis has 15 seconds left.
|
|t:|1784137949
|teamsize|p1|4
|teamsize|p2|4
|start
|switch|p1a: Kingambit|Kingambit, L50, F|100/100
|switch|p1b: Sneasler|Sneasler, L50, F|100/100
|switch|p2a: Incineroar|Incineroar, L50, M|100/100
|switch|p2b: Farigiraf|Farigiraf, L50, F|100/100
|-ability|p2a: Incineroar|Intimidate|boost
|-unboost|p1a: Kingambit|atk|1
|-ability|p1a: Kingambit|Defiant|boost
|-boost|p1a: Kingambit|atk|2
|-unboost|p1b: Sneasler|atk|1
|turn|1
|inactive|gtgnimbus has 30 seconds left.
|inactive|Pelosis has 30 seconds left.
|inactive|gtgnimbus has 20 seconds left.
|inactive|Pelosis has 20 seconds left.
|inactive|gtgnimbus has 15 seconds left.
|inactive|Pelosis has 15 seconds left.
|inactive|gtgnimbus has 10 seconds left.
|inactive|Pelosis has 10 seconds left.
|inactive|Pelosis has 5 seconds left.
|
|t:|1784138000
|switch|p2b: Torkoal|Torkoal, L50, M|100/100
|-weather|SunnyDay|[from] ability: Drought|[of] p2b: Torkoal
|move|p1b: Sneasler|Quick Guard|p1b: Sneasler
|-singleturn|p1b: Sneasler|Quick Guard
|move|p2a: Incineroar|Flare Blitz|p1a: Kingambit
|-supereffective|p1a: Kingambit|1
|-damage|p1a: Kingambit|0 fnt
|faint|p1a: Kingambit
|-damage|p2a: Incineroar|66/100|[from] Recoil
|
|-weather|SunnyDay|[upkeep]
|upkeep
|
|t:|1784138020
|switch|p1a: Incineroar|Incineroar, L50, F|100/100
|-ability|p1a: Incineroar|Intimidate|boost
|-unboost|p2a: Incineroar|atk|1
|-unboost|p2b: Torkoal|atk|1
|-enditem|p2a: Incineroar|White Herb
|-clearnegativeboost|p2a: Incineroar|[silent]
|turn|2
|
|t:|1784138045
|switch|p1b: Delphox|Delphox, L50, F|100/100
|switch|p2a: Farigiraf|Farigiraf, L50, F|100/100
|move|p1a: Incineroar|Parting Shot|p2b: Torkoal
|-unboost|p2b: Torkoal|atk|1
|-unboost|p2b: Torkoal|spa|1
|
|t:|1784138052
|switch|p1a: Sneasler|Sneasler, L50, F|100/100|[from] Parting Shot
|move|p2b: Torkoal|Eruption|p1b: Delphox|[spread] p1a,p1b
|-resisted|p1b: Delphox|1
|-damage|p1a: Sneasler|23/100
|-damage|p1b: Delphox|70/100
|
|-weather|SunnyDay|[upkeep]
|upkeep
|turn|3
|
|t:|1784138071
|switch|p2b: Incineroar|Incineroar, L50, M|66/100
|-ability|p2b: Incineroar|Intimidate|boost
|-unboost|p1a: Sneasler|atk|1
|-unboost|p1b: Delphox|atk|1
|detailschange|p1b: Delphox|Delphox-Mega, L50, F
|-mega|p1b: Delphox|Delphox|Delphoxite
|move|p1a: Sneasler|Close Combat|p2a: Farigiraf
|-damage|p2a: Farigiraf|58/100
|-unboost|p1a: Sneasler|def|1
|-unboost|p1a: Sneasler|spd|1
|-status|p2a: Farigiraf|psn|[from] ability: Poison Touch|[of] p1a: Sneasler
|move|p1b: Delphox|Heat Wave|p2b: Incineroar|[spread] p2a,p2b
|-crit|p2a: Farigiraf
|-resisted|p2b: Incineroar|1
|-damage|p2a: Farigiraf|0 fnt
|-damage|p2b: Incineroar|36/100
|faint|p2a: Farigiraf
|
|-weather|SunnyDay|[upkeep]
|upkeep
|
|t:|1784138089
|switch|p2a: Mawile|Mawile, L50, F|100/100
|turn|4
|inactive|gtgnimbus has 30 seconds left.
|inactive|Pelosis has 30 seconds left.
|
|t:|1784138122
|switch|p1a: Incineroar|Incineroar, L50, F|100/100
|-ability|p1a: Incineroar|Intimidate|boost
|-fail|p2a: Mawile|unboost|Attack|[from] ability: Hyper Cutter|[of] p2a: Mawile
|-unboost|p2b: Incineroar|atk|1
|move|p2a: Mawile|Protect|p2a: Mawile
|-singleturn|p2a: Mawile|Protect
|move|p1b: Delphox|Heat Wave|p2a: Mawile|[spread] p2b
|-activate|p2a: Mawile|move: Protect
|-resisted|p2b: Incineroar|1
|-damage|p2b: Incineroar|8/100
|move|p2b: Incineroar|Close Combat|p1a: Incineroar
|-supereffective|p1a: Incineroar|1
|-damage|p1a: Incineroar|42/100
|-unboost|p2b: Incineroar|def|1
|-unboost|p2b: Incineroar|spd|1
|-enditem|p1a: Incineroar|Sitrus Berry|[eat]
|-heal|p1a: Incineroar|67/100|[from] item: Sitrus Berry
|
|-weather|SunnyDay|[upkeep]
|upkeep
|turn|5
|inactive|gtgnimbus has 30 seconds left.
|
|t:|1784138157
|switch|p2a: Torkoal|Torkoal, L50, M|100/100
|move|p1b: Delphox|Heat Wave|p2a: Torkoal|[spread] p2a,p2b
|-resisted|p2a: Torkoal|1
|-resisted|p2b: Incineroar|1
|-damage|p2a: Torkoal|62/100
|-damage|p2b: Incineroar|0 fnt
|faint|p2b: Incineroar
|move|p1a: Incineroar|Flare Blitz|p2a: Torkoal
|-resisted|p2a: Torkoal|1
|-damage|p2a: Torkoal|37/100
|-damage|p1a: Incineroar|60/100|[from] Recoil
|
|-weather|none
|upkeep
|
|t:|1784138168
|switch|p2b: Mawile|Mawile, L50, F|100/100
|turn|6
|
|t:|1784138174
|detailschange|p2b: Mawile|Mawile-Mega, L50, F
|-mega|p2b: Mawile|Mawile|Mawilite
|move|p2b: Mawile|Sucker Punch|p1b: Delphox
|-supereffective|p1b: Delphox|1
|-damage|p1b: Delphox|0 fnt
|faint|p1b: Delphox
|move|p1a: Incineroar|Flare Blitz|p2b: Mawile
|-supereffective|p2b: Mawile|1
|-damage|p2b: Mawile|14/100
|-damage|p1a: Incineroar|38/100|[from] Recoil
|move|p2a: Torkoal|Heat Wave|p1a: Incineroar
|-resisted|p1a: Incineroar|1
|-damage|p1a: Incineroar|19/100
|
|upkeep
|
|t:|1784138185
|switch|p1b: Sneasler|Sneasler, L50, F|23/100
|turn|7
|
|t:|1784138192
|move|p2b: Mawile|Protect|p2b: Mawile
|-singleturn|p2b: Mawile|Protect
|move|p2a: Torkoal|Protect|p2a: Torkoal
|-singleturn|p2a: Torkoal|Protect
|move|p1b: Sneasler|Fake Out|p2a: Torkoal
|-activate|p2a: Torkoal|move: Protect
|move|p1a: Incineroar|Flare Blitz|p2b: Mawile
|-activate|p2b: Mawile|move: Protect
|
|upkeep
|turn|8
|inactive|Pelosis has 30 seconds left.
|
|t:|1784138226
|move|p2b: Mawile|Sucker Punch|p1b: Sneasler
|-resisted|p1b: Sneasler|1
|-damage|p1b: Sneasler|0 fnt
|faint|p1b: Sneasler
|move|p1a: Incineroar|Flare Blitz|p2b: Mawile
|-supereffective|p2b: Mawile|1
|-damage|p2b: Mawile|0 fnt
|faint|p2b: Mawile
|-damage|p1a: Incineroar|15/100|[from] Recoil
|move|p2a: Torkoal|Heat Wave|p1a: Incineroar
|-resisted|p1a: Incineroar|1
|-damage|p1a: Incineroar|0 fnt
|faint|p1a: Incineroar
|
|win|Pelosis
||gtgnimbus is ready for game 2.
|inactive|Pelosis has 30 seconds to confirm battle start!
||Pelosis is ready for game 2.
|uhtml|next|Next: Game 2 of 3
