|j|☆kharnvgc
|j|☆asap_jrob
|html|kharnvgcasap_jrob    
|uhtml|bestof|Game 1 of a best-of-3
|t:|1785092668
|gametype|doubles
|player|p1|kharnvgc|veteran|1000
|player|p2|asap_jrob|1|1025
|gen|9
|tier|[Gen 9 Champions] VGC 2026 Reg M-B (Bo3)
|rated|
|rule|Species Clause: Limit one of each Pokémon
|rule|Item Clause: Limit 1 of each item
|clearpoke
|poke|p1|Excadrill, L50, M|
|poke|p1|Garchomp, L50, M|
|poke|p1|Tyranitar, L50, M|
|poke|p1|Houndstone, L50, F|
|poke|p1|Sylveon, L50, M|
|poke|p1|Milotic, L50, M|
|poke|p2|Liepard, L50, F|
|poke|p2|Floette-Eternal, L50, F|
|poke|p2|Gengar, L50, M|
|poke|p2|Gholdengo, L50|
|poke|p2|Whimsicott, L50, F|
|poke|p2|Sneasler, L50, M|
|teampreview|4
|showteam|p1|Excadrill||Excadrite|SandRush|Protect,IronHead,RockSlide,HighHorsepower|Serious||M|||50|]Garchomp||LifeOrb|SandVeil|Protect,RockSlide,DragonClaw,StompingTantrum|Jolly||M|||50|]Tyranitar||Tyranitarite|SandStream|Protect,RockSlide,BrickBreak,KnockOff|Adamant||M|||50|]Houndstone||SitrusBerry|SandRush|Snarl,WillOWisp,Poltergeist,LastRespects|Impish||F|||50|]Sylveon||FairyFeather|Pixilate|Protect,BabyDollEyes,HyperBeam,HyperVoice|Modest||M|||50|]Milotic||Leftovers|Competitive|Protect,Coil,Hypnosis,MuddyWater|Bold||M|||50|
|showteam|p2|Liepard||FocusSash|Prankster|Copycat,FakeOut,KnockOff,Charm|Jolly||F|||50|]Floette-Eternal||Floettite|FlowerVeil|DazzlingGleam,Moonblast,CalmMind,Protect|Timid||F|||50|]Gengar||Gengarite|CursedBody|NastyPlot,SludgeWave,ShadowBall,Protect|Timid||M|||50|]Gholdengo||WhiteHerb|GoodasGold|ShadowBall,MakeItRain,NastyPlot,Protect|Timid|||||50|]Whimsicott||OccaBerry|Prankster|Tailwind,Encore,Moonblast,HelpingHand|Serious||F|||50|]Sneasler||ShucaBerry|Unburden|CloseCombat,FakeOut,DireClaw,RockSlide|Jolly||M|||50|
|
|t:|1785092709
|teamsize|p1|4
|teamsize|p2|4
|start
|switch|p1a: Excadrill|Excadrill, L50, M|100/100
|switch|p1b: Houndstone|Houndstone, L50, F|100/100
|switch|p2a: Liepard|Liepard, L50, F|100/100
|switch|p2b: Floette|Floette-Eternal, L50, F|100/100
|turn|1
|
|t:|1785092744
|switch|p1b: Sylveon|Sylveon, L50, M|100/100
|detailschange|p2b: Floette|Floette-Mega, L50, F
|-mega|p2b: Floette|Floette|Floettite
|-ability|p2b: Floette|Fairy Aura
|move|p2a: Liepard|Fake Out|p1a: Excadrill
|-resisted|p1a: Excadrill|1
|-damage|p1a: Excadrill|92/100
|move|p2b: Floette|Calm Mind|p2b: Floette
|-boost|p2b: Floette|spa|1
|-boost|p2b: Floette|spd|1
|cant|p1a: Excadrill|flinch
|
|upkeep
|turn|2
|
|t:|1785092781
|switch|p1b: Tyranitar|Tyranitar, L50, M|100/100
|-weather|Sandstorm|[from] ability: Sand Stream|[of] p1b: Tyranitar
|detailschange|p1a: Excadrill|Excadrill-Mega, L50, M
|-mega|p1a: Excadrill|Excadrill|Excadrite
|move|p2a: Liepard|Charm|p1a: Excadrill
|-unboost|p1a: Excadrill|atk|2
|move|p2b: Floette|Dazzling Gleam|p1b: Tyranitar|[spread] p1a,p1b
|-resisted|p1a: Excadrill|1
|-supereffective|p1b: Tyranitar|1
|-damage|p1a: Excadrill|62/100
|-damage|p1b: Tyranitar|30/100
|move|p1a: Excadrill|Iron Head|p2b: Floette
|-supereffective|p2b: Floette|1
|-damage|p2b: Floette|55/100
|
|-weather|Sandstorm|[upkeep]
|-damage|p2a: Liepard|94/100|[from] Sandstorm
|-damage|p2b: Floette|49/100|[from] Sandstorm
|upkeep
|turn|3
|
|t:|1785092812
|move|p2a: Liepard|Charm|p1b: Tyranitar
|-hint|Since gen 7, Dark is immune to Prankster moves.
|-immune|p1b: Tyranitar
|move|p2b: Floette|Moonblast|p1a: Excadrill
|-resisted|p1a: Excadrill|1
|-damage|p1a: Excadrill|9/100
|move|p1a: Excadrill|Iron Head|p2b: Floette
|-supereffective|p2b: Floette|1
|-damage|p2b: Floette|0 fnt
|faint|p2b: Floette
|move|p1b: Tyranitar|Rock Slide|p2a: Liepard
|-damage|p2a: Liepard|4/100
|
|-weather|Sandstorm|[upkeep]
|-damage|p2a: Liepard|0 fnt|[from] Sandstorm
|faint|p2a: Liepard
|upkeep
|
|t:|1785092829
|switch|p2a: Sneasler|Sneasler, L50, M|100/100
|switch|p2b: Gholdengo|Gholdengo, L50|100/100
|turn|4
|
|t:|1785092841
|switch|p1b: Houndstone|Houndstone, L50, F|100/100
|move|p1a: Excadrill|Protect|p1a: Excadrill
|-singleturn|p1a: Excadrill|Protect
|move|p2a: Sneasler|Fake Out|p1a: Excadrill
|-activate|p1a: Excadrill|move: Protect
|move|p2b: Gholdengo|Nasty Plot|p2b: Gholdengo
|-boost|p2b: Gholdengo|spa|2
|
|-weather|Sandstorm|[upkeep]
|-damage|p2a: Sneasler|94/100|[from] Sandstorm
|upkeep
|turn|5
|
|t:|1785092869
|move|p2b: Gholdengo|Protect|p2b: Gholdengo
|-singleturn|p2b: Gholdengo|Protect
|move|p1b: Houndstone|Will-O-Wisp|p2a: Sneasler
|-status|p2a: Sneasler|brn
|move|p2a: Sneasler|Rock Slide|p1b: Houndstone|[spread] p1a,p1b
|-resisted|p1a: Excadrill|2
|-damage|p1a: Excadrill|7/100
|-damage|p1b: Houndstone|92/100
|move|p1a: Excadrill|High Horsepower|p2b: Gholdengo
|-supereffective|p2b: Gholdengo|1
|-ability|p1a: Excadrill|Piercing Drill
|-zbroken|p2b: Gholdengo
|-damage|p2b: Gholdengo|87/100
|
|-weather|Sandstorm|[upkeep]
|-damage|p2a: Sneasler|88/100 brn|[from] Sandstorm
|-damage|p2a: Sneasler|82/100 brn|[from] brn
|upkeep
|turn|6
|
|t:|1785092896
|move|p1b: Houndstone|Poltergeist|p2b: Gholdengo
|-activate|p2b: Gholdengo|move: Poltergeist|White Herb
|-supereffective|p2b: Gholdengo|1
|-damage|p2b: Gholdengo|19/100
|move|p2a: Sneasler|Rock Slide|p1a: Excadrill|[spread] p1a,p1b
|-resisted|p1a: Excadrill|2
|-damage|p1a: Excadrill|5/100
|-damage|p1b: Houndstone|83/100
|move|p1a: Excadrill|High Horsepower|p2b: Gholdengo
|-supereffective|p2b: Gholdengo|1
|-damage|p2b: Gholdengo|0 fnt
|faint|p2b: Gholdengo
|
|-weather|none
|-damage|p2a: Sneasler|76/100 brn|[from] brn
|upkeep
|turn|7
|-message|asap_jrob forfeited.
|raw|kharnvgc's rating: 1000 → 1043(+43 for winning)
|raw|asap_jrob's rating: 1025 → 1010(-15 for losing)
|
|win|kharnvgc
|l|☆asap_jrob
|player|p2|
