|j|☆Pokeniner
|j|☆mcstupidly_
|html|Pokeninermcstupidly_    
|uhtml|bestof|Game 1 of a best-of-3
|t:|1782598305
|gametype|doubles
|player|p1|Pokeniner|169|
|player|p2|mcstupidly_|taunie|
|gen|9
|tier|[Gen 9 Champions] VGC 2026 Reg M-B (Bo3)
|rule|Species Clause: Limit one of each Pokémon
|rule|Item Clause: Limit 1 of each item
|clearpoke
|poke|p1|Meganium, L50, F|
|poke|p1|Swampert, L50, M|
|poke|p1|Pelipper, L50, M|
|poke|p1|Archaludon, L50, F|
|poke|p1|Arcanine-Hisui, L50, M|
|poke|p1|Alcremie, L50, F|
|poke|p2|Toxapex, L50, F, shiny|
|poke|p2|Kingambit, L50, M|
|poke|p2|Sinistcha, L50|
|poke|p2|Wyrdeer, L50, F|
|poke|p2|Banette, L50, F|
|poke|p2|Eelektross, L50, F|
|teampreview|4
|showteam|p1|Meganium||Meganiumite|Overgrow|SolarBeam,WeatherBall,DazzlingGleam,Protect|Modest||F|||50|]Swampert||Swampertite|Torrent|Protect,WaveCrash,HighHorsepower,IcePunch|Adamant||M|||50|]Pelipper||FocusSash|Drizzle|Hurricane,Tailwind,WeatherBall,WideGuard|Timid||M|||50|]Archaludon||Leftovers|Stamina|ElectroShot,DracoMeteor,FlashCannon,Snarl|Modest||F|||50|]Arcanine-Hisui||LifeOrb|RockHead|FlareBlitz,WildCharge,HeadSmash,PsychicFangs|Adamant||M|||50|]Alcremie||SitrusBerry|AromaVeil|Decorate,Protect,HelpingHand,DazzlingGleam|Bold||F|||50|
|showteam|p2|Toxapex||MentalHerb|Regenerator|BanefulBunker,WideGuard,Toxic,PainSplit|Bold||F|||50|]Kingambit||ChopleBerry|Defiant|Protect,KowtowCleave,LowKick,SuckerPunch|Adamant||M|||50|]Sinistcha||Leftovers|Hospitality|MatchaGotcha,RagePowder,Protect,StrengthSap|Bold|||||50|]Wyrdeer||SitrusBerry|Intimidate|TrickRoom,PsyshieldBash,WildCharge,HighHorsepower|Brave||F|||50|]Banette||Banettite|Frisk|KnockOff,WillOWisp,TrickRoom,Poltergeist|Sassy||F|||50|]Eelektross||Eelektrossite|Levitate|SupercellSlam,Coil,PsychicFangs,DrainPunch|Sassy||F|||50|
|j| BlabberSaur
|c|☆mcstupidly_|thought it was closed teamsheets
|c| BlabberSaur|It is
|c|☆mcstupidly_|it’s fine
|c|☆Pokeniner|...
|c|☆Pokeniner|It's supposed to be closed
|c|☆Pokeniner|:/
|c| BlabberSaur|It’s because you challenged to a bo3
|c|☆Pokeniner|smh
|c| BlabberSaur|You have to do the bo3 individually
|inactive|Battle timer is ON: inactive players will automatically lose when time's up. (requested by Pokeniner)
|inactive|mcstupidly_ has 60 seconds left.
|inactive|Pokeniner has 30 seconds left.
|
|t:|1782598501
|teamsize|p1|4
|teamsize|p2|4
|start
|switch|p1a: Archaludon|Archaludon, L50, F|100/100
|switch|p1b: Pelipper|Pelipper, L50, M|100/100
|switch|p2a: Wyrdeer|Wyrdeer, L50, F|100/100
|switch|p2b: Menace|Toxapex, L50, F, shiny|100/100
|-weather|RainDance|[from] ability: Drizzle|[of] p1b: Pelipper
|-ability|p2a: Wyrdeer|Intimidate|boost
|-unboost|p1a: Archaludon|atk|1
|-unboost|p1b: Pelipper|atk|1
|turn|1
|inactive|Pokeniner has 30 seconds left.
|
|t:|1782598528
|move|p2b: Menace|Baneful Bunker|p2b: Menace
|-singleturn|p2b: Menace|move: Protect
|move|p1a: Archaludon|Electro Shot||[still]
|-prepare|p1a: Archaludon|Electro Shot
|-boost|p1a: Archaludon|spa|1
|-anim|p1a: Archaludon|Electro Shot|p2a: Wyrdeer
|-damage|p2a: Wyrdeer|32/100
|-enditem|p2a: Wyrdeer|Sitrus Berry|[eat]
|-heal|p2a: Wyrdeer|57/100|[from] item: Sitrus Berry
|move|p1b: Pelipper|Weather Ball|p2a: Wyrdeer
|-damage|p2a: Wyrdeer|6/100
|move|p2a: Wyrdeer|Trick Room|p2a: Wyrdeer
|-fieldstart|move: Trick Room|[of] p2a: Wyrdeer
|
|-weather|RainDance|[upkeep]
|upkeep
|turn|2
|inactive|Pokeniner has 30 seconds left.
|inactive|mcstupidly_ has 30 seconds left.
|
|t:|1782598557
|switch|p2b: Sinistcha|Sinistcha, L50|100/100
|-heal|p2a: Wyrdeer|30/100|[from] ability: Hospitality|[of] p2b: Sinistcha
|switch|p1b: Meganium|Meganium, L50, F|100/100
|move|p2a: Wyrdeer|Wild Charge|p1b: Meganium
|-resisted|p1b: Meganium|1
|-damage|p1b: Meganium|85/100
|-damage|p2a: Wyrdeer|27/100|[from] Recoil
|move|p1a: Archaludon|Snarl|p2b: Sinistcha|[spread] p2a,p2b
|-supereffective|p2a: Wyrdeer|1
|-supereffective|p2b: Sinistcha|1
|-damage|p2a: Wyrdeer|0 fnt
|-damage|p2b: Sinistcha|55/100
|-unboost|p2b: Sinistcha|spa|1
|faint|p2a: Wyrdeer
|
|-weather|RainDance|[upkeep]
|-heal|p2b: Sinistcha|61/100|[from] item: Leftovers
|upkeep
|
|t:|1782598566
|switch|p2a: Eelektross|Eelektross, L50, F|100/100
|turn|3
|inactive|Pokeniner has 30 seconds left.
|
|t:|1782598597
|detailschange|p2a: Eelektross|Eelektross-Mega, L50, F
|-mega|p2a: Eelektross|Eelektross|Eelektrossite
|detailschange|p1b: Meganium|Meganium-Mega, L50, F
|-mega|p1b: Meganium|Meganium|Meganiumite
|move|p2b: Sinistcha|Rage Powder|p2b: Sinistcha
|-singleturn|p2b: Sinistcha|move: Rage Powder
|move|p2a: Eelektross|Coil|p2a: Eelektross
|-boost|p2a: Eelektross|atk|1
|-boost|p2a: Eelektross|def|1
|-boost|p2a: Eelektross|accuracy|1
|move|p1b: Meganium|Weather Ball|p2b: Sinistcha
|-supereffective|p2b: Sinistcha|1
|-damage|p2b: Sinistcha|0 fnt
|faint|p2b: Sinistcha
|move|p1a: Archaludon|Snarl|p2a: Eelektross
|-damage|p2a: Eelektross|77/100
|-unboost|p2a: Eelektross|spa|1
|
|-weather|RainDance|[upkeep]
|upkeep
|
|t:|1782598610
|switch|p2b: Menace|Toxapex, L50, F, shiny|100/100
|turn|4
|
|t:|1782598631
|move|p2b: Menace|Toxic|p1b: Meganium
|-status|p1b: Meganium|tox
|move|p2a: Eelektross|Coil|p2a: Eelektross
|-boost|p2a: Eelektross|atk|1
|-boost|p2a: Eelektross|def|1
|-boost|p2a: Eelektross|accuracy|1
|move|p1b: Meganium|Solar Beam||[still]
|-prepare|p1b: Meganium|Solar Beam
|-activate|p1b: Meganium|ability: Mega Sol
|-anim|p1b: Meganium|Solar Beam|p2a: Eelektross
|-damage|p2a: Eelektross|11/100
|move|p1a: Archaludon|Draco Meteor|p2a: Eelektross
|-damage|p2a: Eelektross|0 fnt
|-unboost|p1a: Archaludon|spa|2
|faint|p2a: Eelektross
|
|-weather|RainDance|[upkeep]
|-damage|p1b: Meganium|79/100 tox|[from] psn
|upkeep
|turn|5
|
|t:|1782598655
|switch|p1b: Arcanine|Arcanine-Hisui, L50, M|100/100
|move|p2b: Menace|Pain Split|p1a: Archaludon
|-sethp|p1a: Archaludon|89/100|[from] move: Pain Split|[silent]
|-sethp|p2b: Menace|100/100|[from] move: Pain Split
|move|p1a: Archaludon|Electro Shot||[still]
|-prepare|p1a: Archaludon|Electro Shot
|-boost|p1a: Archaludon|spa|1
|-anim|p1a: Archaludon|Electro Shot|p2b: Menace
|-supereffective|p2b: Menace|1
|-damage|p2b: Menace|32/100
|
|-weather|none
|-heal|p1a: Archaludon|95/100|[from] item: Leftovers
|-fieldend|move: Trick Room
|upkeep
|turn|6
|l| BlabberSaur
|
|t:|1782598673
|move|p2b: Menace|Baneful Bunker|p2b: Menace
|-singleturn|p2b: Menace|move: Protect
|move|p1b: Arcanine|Psychic Fangs|p2b: Menace
|-activate|p2b: Menace|move: Protect
|-status|p1b: Arcanine|psn
|move|p1a: Archaludon|Electro Shot||[still]
|-prepare|p1a: Archaludon|Electro Shot
|-boost|p1a: Archaludon|spa|1
|
|-heal|p1a: Archaludon|100/100|[from] item: Leftovers
|-damage|p1b: Arcanine|87/100 psn|[from] psn
|upkeep
|turn|7
|
|t:|1782598683
|move|p1b: Arcanine|Psychic Fangs|p2b: Menace
|-supereffective|p2b: Menace|1
|-damage|p2b: Menace|0 fnt
|faint|p2b: Menace
|-damage|p1b: Arcanine|77/100 psn|[from] item: Life Orb
|
|win|Pokeniner
||Pokeniner is ready for game 2.
|inactive|mcstupidly_ has 30 seconds to confirm battle start!
|inactive|mcstupidly_ has 20 seconds to confirm battle start!
||mcstupidly_ is ready for game 2.
|uhtml|next|Next: Game 2 of 3
