|j|☆Trainer Smoke1423
|j|☆latios66
|html|Trainer Smoke1423latios66    
|uhtml|bestof|Game 2 of a best-of-3
|t:|1756332698
|gametype|doubles
|player|p1|Trainer Smoke1423|unknown|1113
|player|p2|latios66|265|1122
|gen|9
|tier|[Gen 9] VGC 2025 Reg H (Bo3)
|rated|
|rule|Species Clause: Limit one of each Pokémon
|rule|Item Clause: Limit 1 of each item
|clearpoke
|poke|p1|Dondozo, L50, M|
|poke|p1|Tatsugiri-Droopy, L50, F|
|poke|p1|Dragapult, L50, M|
|poke|p1|Decidueye-Hisui, L50, M|
|poke|p1|Arcanine-Hisui, L50, M|
|poke|p1|Palafin, L50, M|
|poke|p2|Indeedee, L50, M|
|poke|p2|Drifblim, L50, M|
|poke|p2|Delphox, L50, F|
|poke|p2|Kommo-o, L50, M|
|poke|p2|Toxtricity, L50, M|
|poke|p2|Hydreigon, L50, M|
|teampreview|4
|showteam|p1|Dondozo||Leftovers|Oblivious|Earthquake,OrderUp,Liquidation,Protect|||M|||50|,,,,,Fairy]Tatsugiri-Droopy||SitrusBerry|Commander|HelpingHand,IcyWind,MuddyWater,DragonPulse|||F|||50|,,,,,Dragon]Dragapult||FocusSash|Infiltrator|SuckerPunch,Uturn,DragonTail,PsychicFangs|||M|||50|,,,,,Fairy]Decidueye-Hisui||ScopeLens|Scrappy|TripleArrows,Uturn,KnockOff,Protect|||M|||50|,,,,,Fire]Arcanine-Hisui||ClearAmulet|RockHead|ExtremeSpeed,FlareBlitz,HeadSmash,WildCharge|||M|||50|,,,,,Ghost]Palafin||LifeOrb|ZerotoHero|JetPunch,FlipTurn,IcePunch,CloseCombat|||M|||50|,,,,,Water
|showteam|p2|Indeedee||FocusSash|PsychicSurge|ExpandingForce,TeraBlast,Imprison,TrickRoom|||M|||50|,,,,,Ground]Drifblim||PsychicSeed|Unburden|ShadowBall,WillOWisp,StrengthSap,Tailwind|||M|||50|,,,,,Grass]Delphox||ChoiceScarf|Magician|HeatWave,ExpandingForce,TeraBlast,Trick|||F|||50|,,,,,Ice]Kommo-o||Leftovers|Soundproof|BodyPress,Flamethrower,IronDefense,Protect|||M|||50|,,,,,Fire]Toxtricity||ChoiceSpecs|PunkRock|Overdrive,SludgeBomb,Boomburst,VoltSwitch|||M|||50|,,,,,Normal]Hydreigon||AssaultVest|Levitate|DarkPulse,DracoMeteor,EarthPower,Snarl|||M|||50|,,,,,Ghost
|
|t:|1756332743
|teamsize|p1|4
|teamsize|p2|4
|start
|switch|p1a: Palafin|Palafin, L50, M, shiny|100/100
|switch|p1b: Decidueye|Decidueye-Hisui, L50, M, shiny|100/100
|switch|p2a: Indeedee|Indeedee, L50, M|100/100
|switch|p2b: Delphox|Delphox, L50, F|100/100
|-fieldstart|move: Psychic Terrain|[from] ability: Psychic Surge|[of] p2a: Indeedee
|turn|1
|
|t:|1756332765
|move|p2b: Delphox|Expanding Force|p1a: Palafin|[spread] p1a,p1b
|-supereffective|p1b: Decidueye
|-damage|p1a: Palafin|7/100
|-damage|p1b: Decidueye|0 fnt
|faint|p1b: Decidueye
|move|p1a: Palafin|Flip Turn|p2b: Delphox
|-supereffective|p2b: Delphox
|-damage|p2b: Delphox|12/100
|-damage|p1a: Palafin|0 fnt|[from] item: Life Orb
|faint|p1a: Palafin
|move|p2a: Indeedee|Expanding Force|p1: Palafin|[notarget]
|-fail|p2a: Indeedee
|
|upkeep
|
|t:|1756332784
|switch|p1a: Dondozo|Dondozo, L50, M, shiny|100/100
|switch|p1b: Tatsugiri|Tatsugiri-Droopy, L50, F, shiny|100/100
|-activate|p1b: Tatsugiri|ability: Commander|[of] p1a: Dondozo
|-boost|p1a: Dondozo|atk|2
|-boost|p1a: Dondozo|spa|2
|-boost|p1a: Dondozo|spe|2
|-boost|p1a: Dondozo|def|2
|-boost|p1a: Dondozo|spd|2
|turn|2
|
|t:|1756332795
|move|p2b: Delphox|Expanding Force|p1b: Tatsugiri|[spread] p1a
|-miss|p2b: Delphox|p1b: Tatsugiri
|-damage|p1a: Dondozo|73/100
|move|p2a: Indeedee|Expanding Force|p1b: Tatsugiri|[spread] p1a
|-miss|p2a: Indeedee|p1b: Tatsugiri
|-damage|p1a: Dondozo|48/100
|move|p1a: Dondozo|Earthquake|p2a: Indeedee|[spread] p2a,p2b
|-miss|p1a: Dondozo|p1b: Tatsugiri
|-supereffective|p2b: Delphox
|-crit|p2b: Delphox
|-damage|p2a: Indeedee|6/100
|-damage|p2b: Delphox|0 fnt
|faint|p2b: Delphox
|
|-heal|p1a: Dondozo|54/100|[from] item: Leftovers
|upkeep
|
|t:|1756332804
|switch|p2b: Drifblim|Drifblim, L50, M|100/100
|-enditem|p2b: Drifblim|Psychic Seed
|-boost|p2b: Drifblim|spd|1|[from] item: Psychic Seed
|turn|3
|
|t:|1756332813
|move|p1a: Dondozo|Protect|p1a: Dondozo
|-singleturn|p1a: Dondozo|Protect
|move|p2b: Drifblim|Will-O-Wisp|p1a: Dondozo
|-activate|p1a: Dondozo|move: Protect
|move|p2a: Indeedee|Expanding Force|p1a: Dondozo|[spread] 
|-miss|p2a: Indeedee|p1b: Tatsugiri
|-activate|p1a: Dondozo|move: Protect
|
|-heal|p1a: Dondozo|60/100|[from] item: Leftovers
|upkeep
|turn|4
|
|t:|1756332835
|move|p2b: Drifblim|Will-O-Wisp|p1a: Dondozo
|-status|p1a: Dondozo|brn
|move|p2a: Indeedee|Expanding Force|p1a: Dondozo|[spread] p1a
|-miss|p2a: Indeedee|p1b: Tatsugiri
|-damage|p1a: Dondozo|32/100 brn
|move|p1a: Dondozo|Order Up|p2a: Indeedee
|-crit|p2a: Indeedee
|-damage|p2a: Indeedee|0 fnt
|faint|p2a: Indeedee
|-boost|p1a: Dondozo|def|1
|
|-heal|p1a: Dondozo|38/100 brn|[from] item: Leftovers
|-damage|p1a: Dondozo|32/100 brn|[from] brn
|upkeep
|
|t:|1756332860
|switch|p2a: Toxtricity|Toxtricity, L50, M|100/100
|turn|5
|
|t:|1756332870
|-terastallize|p2a: Toxtricity|Normal
|-terastallize|p1a: Dondozo|Fairy
|move|p2b: Drifblim|Tailwind|p2b: Drifblim
|-sidestart|p2: latios66|move: Tailwind
|move|p2a: Toxtricity|Boomburst|p1a: Dondozo|[spread] p1a
|-miss|p2a: Toxtricity|p1b: Tatsugiri
|-immune|p2b: Drifblim
|-damage|p1a: Dondozo|0 fnt
|faint|p1a: Dondozo
|
|-fieldend|move: Psychic Terrain
|upkeep
|turn|6
|
|t:|1756332883
|move|p2b: Drifblim|Shadow Ball|p1b: Tatsugiri
|-damage|p1b: Tatsugiri|67/100
|move|p2a: Toxtricity|Boomburst|p1b: Tatsugiri|[spread] p1b
|-immune|p2b: Drifblim
|-damage|p1b: Tatsugiri|0 fnt
|faint|p1b: Tatsugiri
|
|win|latios66
|raw|Trainer Smoke1423's rating: 1113 → 1089(-24 for losing)
|raw|latios66's rating: 1122 → 1146(+24 for winning)
