|j|☆Sunnymight
|j|☆KarmaPoliceVGC
|html|SunnymightKarmaPoliceVGC    
|uhtml|bestof|Game 1 of a best-of-3
|t:|1757037051
|gametype|doubles
|player|p1|Sunnymight|brawly|1028
|player|p2|KarmaPoliceVGC|scientist-gen4|1214
|gen|9
|tier|[Gen 9] VGC 2025 Reg H (Bo3)
|rated|
|rule|Species Clause: Limit one of each Pokémon
|rule|Item Clause: Limit 1 of each item
|clearpoke
|poke|p1|Maushold-Four, L50|
|poke|p1|Pelipper, L50, M|
|poke|p1|Annihilape, L50, F|
|poke|p1|Klefki, L50, F|
|poke|p1|Sinistcha, L50|
|poke|p1|Archaludon, L50, F|
|poke|p2|Milotic, L50, M|
|poke|p2|Garchomp, L50, M|
|poke|p2|Murkrow, L50, M|
|poke|p2|Pawmot, L50, F|
|poke|p2|Ninetales-Alola, L50, F|
|poke|p2|Corviknight, L50, F|
|teampreview|4
|showteam|p1|Maushold-Four||FocusSash|FriendGuard|SuperFang,BeatUp,FollowMe,Protect||||||50|,,,,,Ghost]Pelipper||LifeOrb|Drizzle|Protect,Tailwind,WeatherBall,Hurricane|||M|||50|,,,,,Stellar]Annihilape||SitrusBerry|Defiant|DrainPunch,RageFist,BulkUp,Protect|||F|||50|,,,,,Fire]Klefki||LightClay|Prankster|Reflect,LightScreen,MistyTerrain,DazzlingGleam|||F|||50|,,,,,Ghost]Sinistcha||MiracleSeed|Hospitality|LifeDew,TrickRoom,Protect,MatchaGotcha||||||50|,,,,,Dragon]Archaludon||AssaultVest|Stamina|DracoMeteor,ElectroShot,BodyPress,Snarl|||F|||50|,,,,,Bug
|showteam|p2|Milotic||AssaultVest|Competitive|AlluringVoice,MuddyWater,Scald,IceBeam|||M|||50|,,,,,Grass]Garchomp||LifeOrb|RoughSkin|Protect,StompingTantrum,DragonClaw,Earthquake|||M|||50|,,,,,Ground]Murkrow||Eviolite|Prankster|Protect,Tailwind,Quash,FoulPlay|||M|||50|,,,,,Ghost]Pawmot||FocusSash|NaturalCure|Protect,FakeOut,CloseCombat,DoubleShock|||F|||50|,,,,,Electric]Ninetales-Alola||ChoiceSpecs|SnowWarning|IcyWind,Blizzard,FreezeDry,Moonblast|||F|||50|,,,,,Ice]Corviknight||SitrusBerry|MirrorArmor|Protect,Roost,Taunt,BraveBird|||F|||50|,,,,,Water
|
|t:|1757037105
|teamsize|p1|4
|teamsize|p2|4
|start
|switch|p1a: Annihilape|Annihilape, L50, F|100/100
|switch|p1b: Maushold|Maushold-Four, L50|100/100
|switch|p2a: Garchomp|Garchomp, L50, M|100/100
|switch|p2b: Ninetales|Ninetales-Alola, L50, F|100/100
|-weather|Snowscape|[from] ability: Snow Warning|[of] p2b: Ninetales
|turn|1
|
|t:|1757037125
|-terastallize|p2a: Garchomp|Ground
|move|p2b: Ninetales|Moonblast|p1a: Annihilape
|-supereffective|p1a: Annihilape
|-damage|p1a: Annihilape|24/100
|-enditem|p1a: Annihilape|Sitrus Berry|[eat]
|-heal|p1a: Annihilape|49/100|[from] item: Sitrus Berry
|move|p1b: Maushold|Beat Up|p1a: Annihilape
|-damage|p1a: Annihilape|47/100
|-damage|p1a: Annihilape|45/100
|-damage|p1a: Annihilape|43/100
|-damage|p1a: Annihilape|40/100
|-hitcount|p1a: Annihilape|4
|move|p2a: Garchomp|Earthquake|p1b: Maushold|[spread] p2b,p1a,p1b
|-damage|p2b: Ninetales|31/100
|-damage|p1a: Annihilape|0 fnt
|-damage|p1b: Maushold|18/100
|faint|p1a: Annihilape
|-damage|p2a: Garchomp|91/100|[from] item: Life Orb
|
|-weather|Snowscape|[upkeep]
|upkeep
|
|t:|1757037143
|switch|p1a: Pelipper|Pelipper, L50, M, shiny|100/100
|-weather|RainDance|[from] ability: Drizzle|[of] p1a: Pelipper
|turn|2
|
|t:|1757037154
|move|p1b: Maushold|Protect|p1b: Maushold
|-singleturn|p1b: Maushold|Protect
|move|p2a: Garchomp|Protect|p2a: Garchomp
|-singleturn|p2a: Garchomp|Protect
|move|p2b: Ninetales|Moonblast|p1b: Maushold
|-activate|p1b: Maushold|move: Protect
|move|p1a: Pelipper|Tailwind|p1a: Pelipper
|-sidestart|p1: Sunnymight|move: Tailwind
|
|-weather|RainDance|[upkeep]
|upkeep
|turn|3
|
|t:|1757037180
|switch|p1b: Archaludon|Archaludon, L50, F|100/100
|move|p1a: Pelipper|Weather Ball|p2b: Ninetales
|-damage|p2b: Ninetales|0 fnt
|faint|p2b: Ninetales
|-damage|p1a: Pelipper|91/100|[from] item: Life Orb
|move|p2a: Garchomp|Dragon Claw|p1a: Pelipper
|-damage|p1a: Pelipper|12/100
|-damage|p2a: Garchomp|81/100|[from] item: Life Orb
|
|-weather|RainDance|[upkeep]
|upkeep
|
|t:|1757037198
|switch|p2b: Murkrow|Murkrow, L50, M|100/100
|turn|4
|
|t:|1757037216
|-terastallize|p1b: Archaludon|Bug
|move|p2a: Garchomp|Protect|p2a: Garchomp
|-singleturn|p2a: Garchomp|Protect
|move|p2b: Murkrow|Tailwind|p2b: Murkrow
|-sidestart|p2: KarmaPoliceVGC|move: Tailwind
|move|p1b: Archaludon|Electro Shot||[still]
|-prepare|p1b: Archaludon|Electro Shot
|-boost|p1b: Archaludon|spa|1
|-anim|p1b: Archaludon|Electro Shot|p2b: Murkrow
|-supereffective|p2b: Murkrow
|-damage|p2b: Murkrow|0 fnt
|faint|p2b: Murkrow
|move|p1a: Pelipper|Weather Ball|p2a: Garchomp
|-activate|p2a: Garchomp|move: Protect
|
|-weather|RainDance|[upkeep]
|upkeep
|
|t:|1757037225
|switch|p2b: Pawmot|Pawmot, L50, F|100/100
|turn|5
|
|t:|1757037256
|move|p1a: Pelipper|Protect|p1a: Pelipper
|-singleturn|p1a: Pelipper|Protect
|move|p2b: Pawmot|Double Shock|p1b: Archaludon
|-damage|p1b: Archaludon|56/100
|-start|p2b: Pawmot|typechange|???/Fighting|[from] move: Double Shock
|-ability|p1b: Archaludon|Stamina|boost
|-boost|p1b: Archaludon|def|1
|move|p2a: Garchomp|Dragon Claw|p1b: Archaludon
|-crit|p1b: Archaludon
|-damage|p1b: Archaludon|0 fnt
|faint|p1b: Archaludon
|-damage|p2a: Garchomp|71/100|[from] item: Life Orb
|
|-weather|RainDance|[upkeep]
|-sideend|p1: Sunnymight|move: Tailwind
|upkeep
|
|t:|1757037269
|switch|p1b: Maushold|Maushold-Four, L50|18/100
|turn|6
|
|t:|1757037278
|move|p1b: Maushold|Follow Me|p1b: Maushold
|-singleturn|p1b: Maushold|move: Follow Me
|move|p2b: Pawmot|Close Combat|p1b: Maushold
|-supereffective|p1b: Maushold
|-damage|p1b: Maushold|0 fnt
|-unboost|p2b: Pawmot|def|1
|-unboost|p2b: Pawmot|spd|1
|faint|p1b: Maushold
|move|p2a: Garchomp|Dragon Claw|p1a: Pelipper
|-damage|p1a: Pelipper|0 fnt
|faint|p1a: Pelipper
|-damage|p2a: Garchomp|61/100|[from] item: Life Orb
|
|win|KarmaPoliceVGC
||KarmaPoliceVGC is ready for game 2.
|inactive|Sunnymight has 30 seconds to confirm battle start!
