|j|☆Pzgoo
|j|☆DrXJ13
|html|PzgooDrXJ13    
|uhtml|bestof|Game 2 of a best-of-3
|t:|1783264153
|gametype|doubles
|player|p1|Pzgoo|169|1178
|player|p2|DrXJ13|cyrus|1331
|gen|9
|tier|[Gen 9 Champions] VGC 2026 Reg M-B (Bo3)
|rated|
|rule|Species Clause: Limit one of each Pokémon
|rule|Item Clause: Limit 1 of each item
|clearpoke
|poke|p1|Sinistcha, L50|
|poke|p1|Incineroar, L50, M|
|poke|p1|Milotic, L50, M|
|poke|p1|Raichu, L50, M|
|poke|p1|Floette-Eternal, L50, F|
|poke|p1|Ceruledge, L50, F|
|poke|p2|Froslass, L50, F|
|poke|p2|Sneasler, L50, M|
|poke|p2|Kingambit, L50, F|
|poke|p2|Scovillain, L50, M|
|poke|p2|Basculegion, L50, M|
|poke|p2|Lycanroc-Dusk, L50, M|
|teampreview|4
|showteam|p1|Sinistcha||KasibBerry|Hospitality|MatchaGotcha,LifeDew,RagePowder,Protect|Relaxed|||||50|]Incineroar||SitrusBerry|Intimidate|FlareBlitz,ThroatChop,FakeOut,PartingShot|Impish||M|||50|]Milotic||Leftovers|Competitive|MuddyWater,Coil,Hypnosis,Protect|Calm||M|||50|]Raichu||RaichuniteY|LightningRod|ZapCannon,FocusBlast,FakeOut,Protect|Timid||M|||50|]Floette-Eternal||Floettite|FlowerVeil|DazzlingGleam,DrainingKiss,CalmMind,Protect|Timid||F|||50|]Ceruledge||ColburBerry|FlashFire|BitterBlade,ShadowSneak,BulkUp,Protect|Adamant||F|||50|
|showteam|p2|Froslass||Froslassite|CursedBody|Blizzard,ShadowBall,AuroraVeil,Protect|Modest||F|||50|]Sneasler||WhiteHerb|Unburden|FakeOut,CloseCombat,DireClaw,Protect|Jolly||M|||50|]Kingambit||BlackGlasses|Defiant|SwordsDance,SuckerPunch,Protect,KowtowCleave|Adamant||F|||50|]Scovillain||Scovillainite|Moody|Overheat,GigaDrain,RagePowder,Protect|Bold||M|||50|]Basculegion||ChoiceScarf|Adaptability|AquaJet,FlipTurn,WaveCrash,LastRespects|Jolly||M|||50|]Lycanroc-Dusk||FocusSash|ToughClaws|Accelerock,CloseCombat,RockSlide,Protect|Adamant||M|||50|
|inactive|Battle timer is ON: inactive players will automatically lose when time's up. (requested by DrXJ13)
|
|t:|1783264183
|teamsize|p1|4
|teamsize|p2|4
|start
|switch|p1a: Raichu|Raichu, L50, M|100/100
|switch|p1b: Ceruledge|Ceruledge, L50, F|100/100
|switch|p2a: Scovillain|Scovillain, L50, M|100/100
|switch|p2b: Kingambit|Kingambit, L50, F|100/100
|turn|1
|
|t:|1783264206
|switch|p2b: Basculegion|Basculegion, L50, M|100/100
|detailschange|p1a: Raichu|Raichu-Mega-Y, L50, M
|-mega|p1a: Raichu|Raichu|Raichunite Y
|detailschange|p2a: Scovillain|Scovillain-Mega, L50, M
|-mega|p2a: Scovillain|Scovillain|Scovillainite
|move|p1a: Raichu|Fake Out|p2b: Basculegion
|-immune|p2b: Basculegion
|move|p1b: Ceruledge|Bulk Up|p1b: Ceruledge
|-boost|p1b: Ceruledge|atk|1
|-boost|p1b: Ceruledge|def|1
|move|p2a: Scovillain|Giga Drain|p1a: Raichu
|-damage|p1a: Raichu|54/100
|
|upkeep
|turn|2
|
|t:|1783264226
|move|p1b: Ceruledge|Protect|p1b: Ceruledge
|-singleturn|p1b: Ceruledge|Protect
|move|p2a: Scovillain|Rage Powder|p2a: Scovillain
|-singleturn|p2a: Scovillain|move: Rage Powder
|move|p2b: Basculegion|Wave Crash|p1b: Ceruledge
|-activate|p1b: Ceruledge|move: Protect
|move|p1a: Raichu|Zap Cannon|p2a: Scovillain
|-resisted|p2a: Scovillain|1
|-damage|p2a: Scovillain|66/100
|-status|p2a: Scovillain|par
|-status|p1a: Raichu|brn|[from] ability: Spicy Spray|[of] p2a: Scovillain
|
|-damage|p1a: Raichu|48/100 brn|[from] brn
|upkeep
|turn|3
|
|t:|1783264240
|switch|p1a: Milotic|Milotic, L50, M|100/100
|cant|p2a: Scovillain|par
|move|p2b: Basculegion|Wave Crash|p1b: Ceruledge
|-supereffective|p1b: Ceruledge|1
|-damage|p1b: Ceruledge|0 fnt
|faint|p1b: Ceruledge
|-damage|p2b: Basculegion|69/100|[from] Recoil
|
|upkeep
|
|t:|1783264251
|switch|p1b: Raichu|Raichu-Mega-Y, L50, M|48/100 brn
|turn|4
|
|t:|1783264261
|move|p1b: Raichu|Protect|p1b: Raichu
|-singleturn|p1b: Raichu|Protect
|move|p2b: Basculegion|Wave Crash|p1b: Raichu
|-activate|p1b: Raichu|move: Protect
|move|p1a: Milotic|Coil|p1a: Milotic
|-boost|p1a: Milotic|atk|1
|-boost|p1a: Milotic|def|1
|-boost|p1a: Milotic|accuracy|1
|move|p2a: Scovillain|Giga Drain|p1a: Milotic
|-supereffective|p1a: Milotic|1
|-damage|p1a: Milotic|57/100
|-heal|p2a: Scovillain|91/100 par|[from] drain|[of] p1a: Milotic
|
|-heal|p1a: Milotic|63/100|[from] item: Leftovers
|-damage|p1b: Raichu|42/100 brn|[from] brn
|upkeep
|turn|5
|
|t:|1783264271
|switch|p1b: Sinistcha|Sinistcha, L50|100/100
|-heal|p1a: Milotic|88/100|[from] ability: Hospitality|[of] p1b: Sinistcha
|move|p2b: Basculegion|Wave Crash|p1b: Sinistcha
|-resisted|p1b: Sinistcha|1
|-damage|p1b: Sinistcha|70/100
|-damage|p2b: Basculegion|60/100|[from] Recoil
|move|p1a: Milotic|Hypnosis|p2b: Basculegion
|-status|p2b: Basculegion|slp|[from] move: Hypnosis
|move|p2a: Scovillain|Giga Drain|p1a: Milotic
|-supereffective|p1a: Milotic|1
|-damage|p1a: Milotic|42/100
|-heal|p2a: Scovillain|100/100 par|[from] drain|[of] p1a: Milotic
|
|-heal|p1a: Milotic|48/100|[from] item: Leftovers
|upkeep
|turn|6
|
|t:|1783264293
|cant|p2b: Basculegion|slp
|move|p1a: Milotic|Muddy Water|p2b: Basculegion|[spread] p2a,p2b
|-resisted|p2b: Basculegion|1
|-damage|p2a: Scovillain|76/100 par
|-damage|p2b: Basculegion|48/100 slp
|-status|p1a: Milotic|brn|[from] ability: Spicy Spray|[of] p2a: Scovillain
|move|p1b: Sinistcha|Life Dew|p1b: Sinistcha|[spread] p1a,p1b
|-heal|p1a: Milotic|73/100 brn
|-heal|p1b: Sinistcha|95/100
|move|p2a: Scovillain|Overheat|p1b: Sinistcha|[miss]
|-miss|p2a: Scovillain|p1b: Sinistcha
|
|-heal|p1a: Milotic|79/100 brn|[from] item: Leftovers
|-damage|p1a: Milotic|73/100 brn|[from] brn
|upkeep
|turn|7
|
|t:|1783264313
|cant|p2b: Basculegion|slp
|move|p1a: Milotic|Muddy Water|p2a: Scovillain|[spread] p2a,p2b
|-resisted|p2b: Basculegion|1
|-damage|p2a: Scovillain|54/100 par
|-damage|p2b: Basculegion|34/100 slp
|-unboost|p2a: Scovillain|accuracy|1
|-unboost|p2b: Basculegion|accuracy|1
|move|p1b: Sinistcha|Matcha Gotcha|p2b: Basculegion|[spread] p2b
|-miss|p1b: Sinistcha|p2a: Scovillain
|-supereffective|p2b: Basculegion|1
|-damage|p2b: Basculegion|0 fnt
|-heal|p1b: Sinistcha|100/100|[from] drain|[of] p2b: Basculegion
|faint|p2b: Basculegion
|move|p2a: Scovillain|Overheat|p1b: Sinistcha
|-supereffective|p1b: Sinistcha|1
|-damage|p1b: Sinistcha|0 fnt
|-unboost|p2a: Scovillain|spa|2
|faint|p1b: Sinistcha
|
|-heal|p1a: Milotic|79/100 brn|[from] item: Leftovers
|-damage|p1a: Milotic|73/100 brn|[from] brn
|upkeep
|
|t:|1783264333
|switch|p2b: Lycanroc|Lycanroc-Dusk, L50, M|100/100
|switch|p1b: Raichu|Raichu-Mega-Y, L50, M|42/100 brn
|turn|8
|
|t:|1783264342
|switch|p2a: Kingambit|Kingambit, L50, F|100/100
|move|p2b: Lycanroc|Protect|p2b: Lycanroc
|-singleturn|p2b: Lycanroc|Protect
|move|p1b: Raichu|Focus Blast|p2a: Kingambit
|-supereffective|p2a: Kingambit|2
|-damage|p2a: Kingambit|0 fnt
|faint|p2a: Kingambit
|move|p1a: Milotic|Coil|p1a: Milotic
|-boost|p1a: Milotic|atk|1
|-boost|p1a: Milotic|def|1
|-boost|p1a: Milotic|accuracy|1
|
|-heal|p1a: Milotic|79/100 brn|[from] item: Leftovers
|-damage|p1b: Raichu|36/100 brn|[from] brn
|-damage|p1a: Milotic|73/100 brn|[from] brn
|upkeep
|
|t:|1783264355
|switch|p2a: Scovillain|Scovillain-Mega, L50, M|54/100 par
|turn|9
|
|t:|1783264371
|move|p2b: Lycanroc|Accelerock|p1b: Raichu
|-damage|p1b: Raichu|0 fnt
|faint|p1b: Raichu
|move|p1a: Milotic|Muddy Water|p2b: Lycanroc|[spread] p2a,p2b
|-supereffective|p2b: Lycanroc|1
|-damage|p2a: Scovillain|29/100 par
|-damage|p2b: Lycanroc|28/100
|move|p2a: Scovillain|Giga Drain|p1a: Milotic
|-supereffective|p1a: Milotic|1
|-damage|p1a: Milotic|29/100 brn
|-heal|p2a: Scovillain|55/100 par|[from] drain|[of] p1a: Milotic
|
|-heal|p1a: Milotic|35/100 brn|[from] item: Leftovers
|-damage|p1a: Milotic|29/100 brn|[from] brn
|upkeep
|turn|10
|
|t:|1783264387
|move|p2b: Lycanroc|Accelerock|p1a: Milotic
|-damage|p1a: Milotic|18/100 brn
|move|p1a: Milotic|Muddy Water|p2b: Lycanroc|[spread] p2a,p2b
|-supereffective|p2b: Lycanroc|1
|-damage|p2a: Scovillain|30/100 par
|-damage|p2b: Lycanroc|0 fnt
|faint|p2b: Lycanroc
|move|p2a: Scovillain|Giga Drain|p1a: Milotic
|-supereffective|p1a: Milotic|1
|-damage|p1a: Milotic|0 fnt
|-heal|p2a: Scovillain|41/100 par|[from] drain|[of] p1a: Milotic
|faint|p1a: Milotic
|
|win|DrXJ13
