|j|☆efwefwefwefweifier
|j|☆R0gueVGC
|html|efwefwefwefweifierR0gueVGC    
|uhtml|bestof|Game 2 of a best-of-3
|t:|1757823558
|gametype|doubles
|player|p1|efwefwefwefweifier|juan|1298
|player|p2|R0gueVGC|ingo|1322
|gen|9
|tier|[Gen 9] VGC 2025 Reg H (Bo3)
|rated|
|rule|Species Clause: Limit one of each Pokémon
|rule|Item Clause: Limit 1 of each item
|clearpoke
|poke|p1|Annihilape, L50, F|
|poke|p1|Primarina, L50, M|
|poke|p1|Talonflame, L50, M|
|poke|p1|Rillaboom, L50, F|
|poke|p1|Incineroar, L50, F|
|poke|p1|Gholdengo, L50|
|poke|p2|Porygon2, L50|
|poke|p2|Ursaluna, L50, F|
|poke|p2|Gholdengo, L50|
|poke|p2|Annihilape, L50, F|
|poke|p2|Amoonguss, L50, M|
|poke|p2|Ninetales-Alola, L50, F|
|teampreview|4
|showteam|p1|Annihilape||SafetyGoggles|Defiant|DrainPunch,RageFist,BulkUp,Protect|||F|||50|,,,,,Fire]Primarina||LifeOrb|LiquidVoice|Moonblast,HyperVoice,Haze,Protect|||M|||50|,,,,,Poison]Talonflame||CovertCloak|GaleWings|BraveBird,Tailwind,WillOWisp,Taunt|||M|||50|,,,,,Dark]Rillaboom||AssaultVest|GrassySurge|WoodHammer,GrassyGlide,Uturn,FakeOut|||F|||50|,,,,,Fire]Incineroar||SitrusBerry|Intimidate|FlareBlitz,KnockOff,FakeOut,PartingShot|||F|||50|,,,,,Water]Gholdengo||ChoiceSpecs|GoodasGold|MakeItRain,ShadowBall,PowerGem,Trick||||||50|,,,,,Steel
|showteam|p2|Porygon2||Eviolite|Download|IceBeam,TeraBlast,Recover,TrickRoom||||||50|,,,,,Flying]Ursaluna||FlameOrb|Guts|Protect,Facade,HeadlongRush,Earthquake|||F|||50|,,,,,Ghost]Gholdengo||LifeOrb|GoodasGold|MakeItRain,ShadowBall,NastyPlot,Protect||||||50|,,,,,Dragon]Annihilape||SafetyGoggles|Defiant|Taunt,CloseCombat,RageFist,FinalGambit|||F|||50|,,,,,Stellar]Amoonguss||CovertCloak|Regenerator|Spore,RagePowder,PollenPuff,ClearSmog|||M|||50|,,,,,Water]Ninetales-Alola||FocusSash|SnowWarning|Blizzard,AuroraVeil,Encore,IcyWind|||F|||50|,,,,,Ghost
|inactive|Battle timer is ON: inactive players will automatically lose when time's up. (requested by R0gueVGC)
|inactive|efwefwefwefweifier also wants the timer to be on.
|j| Upsilon Sul G
|inactive|efwefwefwefweifier has 60 seconds left.
|inactive|efwefwefwefweifier has 30 seconds left.
|inactive|efwefwefwefweifier has 20 seconds left.
|inactive|efwefwefwefweifier has 15 seconds left.
|inactive|efwefwefwefweifier has 10 seconds left.
|
|t:|1757823640
|teamsize|p1|4
|teamsize|p2|4
|start
|switch|p1a: Incineroar|Incineroar, L50, F|100/100
|switch|p1b: Annihilape|Annihilape, L50, F|100/100
|switch|p2a: Ursaluna|Ursaluna, L50, F|100/100
|switch|p2b: Gholdengo|Gholdengo, L50|100/100
|-ability|p1a: Incineroar|Intimidate|boost
|-unboost|p2a: Ursaluna|atk|1
|-unboost|p2b: Gholdengo|atk|1
|turn|1
|
|t:|1757823664
|move|p1b: Annihilape|Protect|p1b: Annihilape
|-singleturn|p1b: Annihilape|Protect
|move|p2b: Gholdengo|Shadow Ball|p1b: Annihilape
|-activate|p1b: Annihilape|move: Protect
|move|p1a: Incineroar|Knock Off|p2b: Gholdengo
|-supereffective|p2b: Gholdengo
|-damage|p2b: Gholdengo|26/100
|-enditem|p2b: Gholdengo|Life Orb|[from] move: Knock Off|[of] p1a: Incineroar
|move|p2a: Ursaluna|Headlong Rush|p1b: Annihilape
|-activate|p1b: Annihilape|move: Protect
|
|-status|p2a: Ursaluna|brn|[from] item: Flame Orb
|upkeep
|turn|2
|inactive|efwefwefwefweifier has 30 seconds left.
|
|t:|1757823695
|switch|p1b: Talonflame|Talonflame, L50, M|100/100
|move|p2b: Gholdengo|Shadow Ball|p1b: Talonflame
|-damage|p1b: Talonflame|42/100
|move|p1a: Incineroar|Knock Off|p2b: Gholdengo
|-supereffective|p2b: Gholdengo
|-damage|p2b: Gholdengo|0 fnt
|faint|p2b: Gholdengo
|move|p2a: Ursaluna|Earthquake|p1a: Incineroar|[spread] p1a
|-immune|p1b: Talonflame
|-supereffective|p1a: Incineroar
|-damage|p1a: Incineroar|24/100
|-enditem|p1a: Incineroar|Sitrus Berry|[eat]
|-heal|p1a: Incineroar|49/100|[from] item: Sitrus Berry
|
|-damage|p2a: Ursaluna|95/100 brn|[from] brn
|upkeep
|
|t:|1757823701
|switch|p2b: Porygon2|Porygon2, L50|100/100
|-ability|p2b: Porygon2|Download|boost
|-boost|p2b: Porygon2|spa|1
|turn|3
|
|t:|1757823720
|move|p1b: Talonflame|Taunt|p2b: Porygon2
|-start|p2b: Porygon2|move: Taunt
|move|p1a: Incineroar|Parting Shot|p2b: Porygon2
|-unboost|p2b: Porygon2|atk|1
|-unboost|p2b: Porygon2|spa|1
|
|t:|1757823726
|switch|p1a: Annihilape|Annihilape, L50, F|100/100|[from] Parting Shot
|move|p2b: Porygon2|Tera Blast|p1b: Talonflame
|-damage|p1b: Talonflame|0 fnt
|faint|p1b: Talonflame
|move|p2a: Ursaluna|Facade|p1a: Annihilape
|-immune|p1a: Annihilape
|
|-damage|p2a: Ursaluna|89/100 brn|[from] brn
|upkeep
|
|t:|1757823736
|switch|p1b: Incineroar|Incineroar, L50, F|49/100
|-ability|p1b: Incineroar|Intimidate|boost
|-unboost|p2a: Ursaluna|atk|1
|-unboost|p2b: Porygon2|atk|1
|turn|4
|
|t:|1757823748
|-terastallize|p2b: Porygon2|Flying
|move|p1a: Annihilape|Bulk Up|p1a: Annihilape
|-boost|p1a: Annihilape|atk|1
|-boost|p1a: Annihilape|def|1
|move|p1b: Incineroar|Knock Off|p2a: Ursaluna
|-damage|p2a: Ursaluna|59/100 brn
|-enditem|p2a: Ursaluna|Flame Orb|[from] move: Knock Off|[of] p1b: Incineroar
|move|p2b: Porygon2|Tera Blast|p1a: Annihilape|[anim] Tera Blast Flying
|-supereffective|p1a: Annihilape
|-damage|p1a: Annihilape|44/100
|move|p2a: Ursaluna|Headlong Rush|p1a: Annihilape
|-damage|p1a: Annihilape|2/100
|-unboost|p2a: Ursaluna|def|1
|-unboost|p2a: Ursaluna|spd|1
|
|-damage|p2a: Ursaluna|53/100 brn|[from] brn
|upkeep
|turn|5
|inactive|efwefwefwefweifier has 30 seconds left.
|inactive|R0gueVGC has 30 seconds left.
|inactive|efwefwefwefweifier has 20 seconds left.
|inactive|efwefwefwefweifier has 15 seconds left.
|
|t:|1757823791
|move|p1a: Annihilape|Rage Fist|p2b: Porygon2
|-damage|p2b: Porygon2|41/100
|move|p1b: Incineroar|Flare Blitz|p2a: Ursaluna
|-damage|p2a: Ursaluna|0 fnt
|faint|p2a: Ursaluna
|-damage|p1b: Incineroar|30/100|[from] Recoil
|move|p2b: Porygon2|Tera Blast|p1a: Annihilape|[anim] Tera Blast Flying
|-supereffective|p1a: Annihilape
|-damage|p1a: Annihilape|0 fnt
|faint|p1a: Annihilape
|
|-end|p2b: Porygon2|move: Taunt
|upkeep
|
|t:|1757823802
|switch|p1a: Gholdengo|Gholdengo, L50|100/100
|switch|p2a: Annihilape|Annihilape, L50, F|100/100
|turn|6
|inactive|efwefwefwefweifier has 30 seconds left.
|inactive|R0gueVGC has 30 seconds left.
|
|t:|1757823833
|move|p2a: Annihilape|Final Gambit|p1a: Gholdengo
|-immune|p1a: Gholdengo
|move|p1a: Gholdengo|Shadow Ball|p2a: Annihilape
|-supereffective|p2a: Annihilape
|-damage|p2a: Annihilape|0 fnt
|faint|p2a: Annihilape
|move|p1b: Incineroar|Flare Blitz|p2b: Porygon2
|-damage|p2b: Porygon2|9/100
|-damage|p1b: Incineroar|20/100|[from] Recoil
|move|p2b: Porygon2|Recover|p2b: Porygon2
|-heal|p2b: Porygon2|59/100
|
|upkeep
|turn|7
|
|t:|1757823849
|move|p1a: Gholdengo|Shadow Ball|p2b: Porygon2
|-crit|p2b: Porygon2
|-damage|p2b: Porygon2|0 fnt
|faint|p2b: Porygon2
|
|win|efwefwefwefweifier
|raw|efwefwefwefweifier's rating: 1298 → 1325(+27 for winning)
|raw|R0gueVGC's rating: 1322 → 1301(-21 for losing)
|l|☆R0gueVGC
|player|p2|
|l|☆efwefwefwefweifier
|player|p1|
