|j|☆alkdfe
|j|☆Park Su Kim
|html|alkdfePark Su Kim    
|uhtml|bestof|Game 1 of a best-of-3
|t:|1785244537
|gametype|doubles
|player|p1|alkdfe|265|1208
|player|p2|Park Su Kim|1|1151
|gen|9
|tier|[Gen 9 Champions] VGC 2026 Reg M-B (Bo3)
|rated|
|rule|Species Clause: Limit one of each Pokémon
|rule|Item Clause: Limit 1 of each item
|clearpoke
|poke|p1|Charizard, L50, F|
|poke|p1|Toxapex, L50, M|
|poke|p1|Venusaur, L50, F|
|poke|p1|Sylveon, L50, M|
|poke|p1|Garchomp, L50, F|
|poke|p1|Incineroar, L50, F|
|poke|p2|Charizard, L50, M|
|poke|p2|Glimmora, L50, M|
|poke|p2|Whimsicott, L50, F|
|poke|p2|Ninetales-Alola, L50, F|
|poke|p2|Kingambit, L50, M|
|poke|p2|Kommo-o, L50, M|
|teampreview|4
|showteam|p1|Charizard||CharizarditeY|Blaze|HeatWave,WeatherBall,HelpingHand,Protect|Modest||F|||50|]Toxapex||Leftovers|Regenerator|Infestation,Toxic,WideGuard,BanefulBunker|Bold||M|||50|]Venusaur||LifeOrb|Chlorophyll|LeafStorm,SludgeBomb,EarthPower,Protect|Modest||F|||50|]Sylveon||FairyFeather|Pixilate|HyperVoice,QuickAttack,Yawn,Protect|Modest||M|||50|]Garchomp||ChoiceScarf|RoughSkin|Earthquake,DragonClaw,RockTomb,StompingTantrum|Adamant||F|||50|]Incineroar||SitrusBerry|Intimidate|ThroatChop,FlareBlitz,PartingShot,FakeOut|Careful||F|||50|
|showteam|p2|Charizard||CharizarditeY|Blaze|HeatWave,WeatherBall,SolarBeam,Protect|Modest||M|||50|]Glimmora||Glimmoranite|ToxicDebris|SludgeBomb,PowerGem,EarthPower,SpikyShield|Modest||M|||50|]Whimsicott||FocusSash|Prankster|Moonblast,Tailwind,Encore,Protect|Timid||F|||50|]Ninetales-Alola||NeverMeltIce|SnowWarning|Blizzard,FreezeDry,Disable,Protect|Timid||F|||50|]Kingambit||BlackGlasses|Defiant|KowtowCleave,SuckerPunch,IronHead,Protect|Adamant||M|||50|]Kommo-o||LifeOrb|Bulletproof|ClangingScales,AuraSphere,VacuumWave,Protect|Modest||M|||50|
|inactive|Battle timer is ON: inactive players will automatically lose when time's up. (requested by Park Su Kim)
|inactive|alkdfe has 60 seconds left.
|
|t:|1785244582
|teamsize|p1|4
|teamsize|p2|4
|start
|switch|p1a: Sylveon|Sylveon, L50, M|100/100
|switch|p1b: Toxapex|Toxapex, L50, M|100/100
|switch|p2a: Glimmora|Glimmora, L50, M|100/100
|switch|p2b: Whimsicott|Whimsicott, L50, F|100/100
|turn|1
|
|t:|1785244607
|detailschange|p2a: Glimmora|Glimmora-Mega, L50, M
|-mega|p2a: Glimmora|Glimmora|Glimmoranite
|move|p2b: Whimsicott|Protect|p2b: Whimsicott
|-singleturn|p2b: Whimsicott|Protect
|move|p1a: Sylveon|Protect|p1a: Sylveon
|-singleturn|p1a: Sylveon|Protect
|move|p2a: Glimmora|Sludge Bomb|p1a: Sylveon
|-activate|p1a: Sylveon|move: Protect
|move|p1b: Toxapex|Infestation|p2a: Glimmora
|-resisted|p2a: Glimmora|1
|-damage|p2a: Glimmora|98/100
|-activate|p2a: Glimmora|move: Infestation|[of] p1b: Toxapex
|
|-damage|p2a: Glimmora|86/100|[from] move: Infestation|[partiallytrapped]
|upkeep
|turn|2
|
|t:|1785244630
|switch|p1a: Garchomp|Garchomp, L50, F|100/100
|move|p2b: Whimsicott|Encore|p1b: Toxapex
|-start|p1b: Toxapex|Encore
|move|p2a: Glimmora|Earth Power|p1b: Toxapex
|-supereffective|p1b: Toxapex|1
|-damage|p1b: Toxapex|42/100
|move|p1b: Toxapex|Infestation|p2b: Whimsicott
|-damage|p2b: Whimsicott|95/100
|-activate|p2b: Whimsicott|move: Infestation|[of] p1b: Toxapex
|
|-heal|p1b: Toxapex|48/100|[from] item: Leftovers
|-damage|p2b: Whimsicott|83/100|[from] move: Infestation|[partiallytrapped]
|-damage|p2a: Glimmora|74/100|[from] move: Infestation|[partiallytrapped]
|upkeep
|turn|3
|inactive|alkdfe has 30 seconds left.
|inactive|Park Su Kim has 30 seconds left.
|
|t:|1785244658
|move|p2a: Glimmora|Spiky Shield|p2a: Glimmora
|-singleturn|p2a: Glimmora|move: Protect
|move|p2b: Whimsicott|Tailwind|p2b: Whimsicott
|-sidestart|p2: Park Su Kim|move: Tailwind
|move|p1a: Garchomp|Stomping Tantrum|p2a: Glimmora
|-activate|p2a: Glimmora|move: Protect
|-damage|p1a: Garchomp|87/100|[from] Spiky Shield|[of] p2a: Glimmora
|move|p1b: Toxapex|Infestation|p2b: Whimsicott
|-damage|p2b: Whimsicott|78/100
|
|-heal|p1b: Toxapex|54/100|[from] item: Leftovers
|-damage|p2b: Whimsicott|66/100|[from] move: Infestation|[partiallytrapped]
|-damage|p2a: Glimmora|62/100|[from] move: Infestation|[partiallytrapped]
|upkeep
|turn|4
|
|t:|1785244676
|-heal|p1b: Toxapex|87/100|[from] ability: Regenerator|[silent]
|switch|p1b: Charizard|Charizard, L50, F|100/100
|move|p2b: Whimsicott|Moonblast|p1a: Garchomp
|-supereffective|p1a: Garchomp|1
|-damage|p1a: Garchomp|2/100
|move|p2a: Glimmora|Power Gem|p1a: Garchomp
|-resisted|p1a: Garchomp|1
|-damage|p1a: Garchomp|0 fnt
|faint|p1a: Garchomp
|
|-end|p2b: Whimsicott|Infestation|[partiallytrapped]|[silent]
|-end|p2a: Glimmora|Infestation|[partiallytrapped]|[silent]
|upkeep
|
|t:|1785244687
|switch|p1a: Toxapex|Toxapex, L50, M|87/100
|turn|5
|
|t:|1785244700
|move|p2b: Whimsicott|Protect|p2b: Whimsicott
|-singleturn|p2b: Whimsicott|Protect
|move|p1b: Charizard|Protect|p1b: Charizard
|-singleturn|p1b: Charizard|Protect
|move|p2a: Glimmora|Power Gem|p1b: Charizard
|-activate|p1b: Charizard|move: Protect
|move|p1a: Toxapex|Infestation|p2a: Glimmora
|-resisted|p2a: Glimmora|1
|-damage|p2a: Glimmora|60/100
|-activate|p2a: Glimmora|move: Infestation|[of] p1a: Toxapex
|
|-heal|p1a: Toxapex|92/100|[from] item: Leftovers
|-damage|p2a: Glimmora|48/100|[from] move: Infestation|[partiallytrapped]
|upkeep
|turn|6
|
|t:|1785244715
|switch|p1b: Sylveon|Sylveon, L50, M|100/100
|move|p1a: Toxapex|Baneful Bunker|p1a: Toxapex
|-singleturn|p1a: Toxapex|move: Protect
|move|p2b: Whimsicott|Encore||[still]
|-fail|p2b: Whimsicott
|move|p2a: Glimmora|Earth Power|p1a: Toxapex
|-activate|p1a: Toxapex|move: Protect
|
|-heal|p1a: Toxapex|98/100|[from] item: Leftovers
|-damage|p2a: Glimmora|36/100|[from] move: Infestation|[partiallytrapped]
|-sideend|p2: Park Su Kim|move: Tailwind
|upkeep
|turn|7
|
|t:|1785244737
|-heal|p1a: Toxapex|100/100|[from] ability: Regenerator|[silent]
|switch|p1a: Charizard|Charizard, L50, F|100/100
|move|p2b: Whimsicott|Encore||[still]
|-fail|p2b: Whimsicott
|move|p2a: Glimmora|Sludge Bomb|p1b: Sylveon
|-supereffective|p1b: Sylveon|1
|-crit|p1b: Sylveon
|-damage|p1b: Sylveon|0 fnt
|faint|p1b: Sylveon
|
|-end|p2a: Glimmora|Infestation|[partiallytrapped]|[silent]
|upkeep
|
|t:|1785244751
|switch|p1b: Toxapex|Toxapex, L50, M|100/100
|turn|8
|
|t:|1785244766
|detailschange|p1a: Charizard|Charizard-Mega-Y, L50, F
|-mega|p1a: Charizard|Charizard|Charizardite Y
|-weather|SunnyDay|[from] ability: Drought|[of] p1a: Charizard
|move|p2a: Glimmora|Spiky Shield|p2a: Glimmora
|-singleturn|p2a: Glimmora|move: Protect
|move|p2b: Whimsicott|Tailwind|p2b: Whimsicott
|-sidestart|p2: Park Su Kim|move: Tailwind
|move|p1a: Charizard|Heat Wave|p2b: Whimsicott|[spread] p2b
|-activate|p2a: Glimmora|move: Protect
|-supereffective|p2b: Whimsicott|1
|-damage|p2b: Whimsicott|0 fnt
|faint|p2b: Whimsicott
|move|p1b: Toxapex|Toxic|p2a: Glimmora
|-activate|p2a: Glimmora|move: Protect
|
|-weather|SunnyDay|[upkeep]
|upkeep
|
|t:|1785244782
|switch|p2b: Ninetales|Ninetales-Alola, L50, F|100/100
|-weather|Snowscape|[from] ability: Snow Warning|[of] p2b: Ninetales
|turn|9
|
|t:|1785244794
|move|p1a: Charizard|Protect|p1a: Charizard
|-singleturn|p1a: Charizard|Protect
|move|p2b: Ninetales|Freeze-Dry|p1b: Toxapex
|-supereffective|p1b: Toxapex|1
|-damage|p1b: Toxapex|54/100
|move|p2a: Glimmora|Earth Power|p1b: Toxapex
|-supereffective|p1b: Toxapex|1
|-damage|p1b: Toxapex|0 fnt
|faint|p1b: Toxapex
|
|-weather|Snowscape|[upkeep]
|upkeep
|turn|10
|-message|alkdfe forfeited.
|
|win|Park Su Kim
||Park Su Kim is ready for game 2.
||alkdfe is ready for game 2.
|uhtml|next|Next: Game 2 of 3
