|j|☆GlitchXDGOAT
|j|☆pechugadepollico
|html|GlitchXDGOATpechugadepollico    
|uhtml|bestof|Game 1 of a best-of-3
|t:|1784904816
|gametype|doubles
|player|p1|GlitchXDGOAT|170|1293
|player|p2|pechugadepollico|102|1328
|gen|9
|tier|[Gen 9 Champions] VGC 2026 Reg M-B (Bo3)
|rated|
|rule|Species Clause: Limit one of each Pokémon
|rule|Item Clause: Limit 1 of each item
|clearpoke
|poke|p1|Froslass, L50, F|
|poke|p1|Lycanroc-Dusk, L50, M|
|poke|p1|Scovillain, L50, F|
|poke|p1|Annihilape, L50, F|
|poke|p1|Incineroar, L50, F|
|poke|p1|Toxapex, L50, M|
|poke|p2|Milotic, L50, F, shiny|
|poke|p2|Ceruledge, L50, M|
|poke|p2|Raichu, L50, M|
|poke|p2|Incineroar, L50, M|
|poke|p2|Sneasler, L50, M|
|poke|p2|Ninetales-Alola, L50, M, shiny|
|teampreview|4
|showteam|p1|Froslass||Froslassite|CursedBody|Blizzard,ShadowBall,AuroraVeil,Protect|Timid||F|||50|]Lycanroc-Dusk||ExpertBelt|ToughClaws|Accelerock,CloseCombat,RockSlide,Protect|Jolly||M|||50|]Scovillain||Scovillainite|Chlorophyll|Overheat,LeechSeed,RagePowder,Protect|Bold||F|||50|]Annihilape||FocusSash|Defiant|PhantomForce,CloseCombat,RockTomb,Protect|Jolly||F|||50|]Incineroar||SitrusBerry|Intimidate|FakeOut,FlareBlitz,ThroatChop,PartingShot|Careful||F|||50|]Toxapex||Leftovers|Regenerator|Toxic,BanefulBunker,Infestation,WideGuard|Bold||M|||50|
|showteam|p2|Milotic||Leftovers|Competitive|Recover,Coil,Hypnosis,HydroPump|Calm||F|||50|]Ceruledge||ColburBerry|FlashFire|Protect,BulkUp,BitterBlade,ShadowSneak|Adamant||M|||50|]Raichu||RaichuniteY|LightningRod|Protect,FakeOut,ZapCannon,FocusBlast|Timid||M|||50|]Incineroar||SitrusBerry|Intimidate|FakeOut,PartingShot,DarkestLariat,FlareBlitz|Bold||M|||50|]Sneasler||FocusSash|PoisonTouch|Protect,FakeOut,DireClaw,CloseCombat|Jolly||M|||50|]Ninetales-Alola||LifeOrb|SnowWarning|Protect,Encore,FreezeDry,Blizzard|Timid||M|||50|
|inactive|Battle timer is ON: inactive players will automatically lose when time's up. (requested by GlitchXDGOAT)
|inactive|GlitchXDGOAT has 60 seconds left.
|inactive|pechugadepollico has 60 seconds left.
|
|t:|1784904883
|teamsize|p1|4
|teamsize|p2|4
|start
|switch|p1a: Froslass|Froslass, L50, F|100/100
|switch|p1b: Incineroar|Incineroar, L50, F|100/100
|switch|p2a: Milotic|Milotic, L50, F, shiny|100/100
|switch|p2b: Raichu|Raichu, L50, M|100/100
|-ability|p1b: Incineroar|Intimidate|boost
|-unboost|p2a: Milotic|atk|1
|-ability|p2a: Milotic|Competitive|boost
|-boost|p2a: Milotic|spa|2
|-unboost|p2b: Raichu|atk|1
|turn|1
|
|t:|1784904902
|switch|p2b: Incineroar|Incineroar, L50, M|100/100
|-ability|p2b: Incineroar|Intimidate|boost
|-unboost|p1a: Froslass|atk|1
|-unboost|p1b: Incineroar|atk|1
|detailschange|p1a: Froslass|Froslass-Mega, L50, F
|-mega|p1a: Froslass|Froslass|Froslassite
|-weather|Snowscape|[from] ability: Snow Warning|[of] p1a: Froslass
|move|p1b: Incineroar|Fake Out|p2a: Milotic
|-damage|p2a: Milotic|94/100
|move|p1a: Froslass|Aurora Veil|p1a: Froslass
|-sidestart|p1: GlitchXDGOAT|move: Aurora Veil
|cant|p2a: Milotic|flinch
|
|-weather|Snowscape|[upkeep]
|-heal|p2a: Milotic|100/100|[from] item: Leftovers
|upkeep
|turn|2
|
|t:|1784904920
|move|p1a: Froslass|Shadow Ball|p2a: Milotic
|-damage|p2a: Milotic|68/100
|move|p2a: Milotic|Coil|p2a: Milotic
|-boost|p2a: Milotic|atk|1
|-boost|p2a: Milotic|def|1
|-boost|p2a: Milotic|accuracy|1
|move|p1b: Incineroar|Parting Shot|p2b: Incineroar
|-unboost|p2b: Incineroar|atk|1
|-unboost|p2b: Incineroar|spa|1
|
|t:|1784904939
|switch|p1b: Toxapex|Toxapex, L50, M|100/100|[from] Parting Shot
|move|p2b: Incineroar|Darkest Lariat|p1a: Froslass
|-supereffective|p1a: Froslass|1
|-damage|p1a: Froslass|71/100
|
|-weather|Snowscape|[upkeep]
|-heal|p2a: Milotic|74/100|[from] item: Leftovers
|upkeep
|turn|3
|
|t:|1784904954
|switch|p1a: Annihilape|Annihilape, L50, F|100/100
|move|p2a: Milotic|Hypnosis|p1b: Toxapex|[miss]
|-miss|p2a: Milotic|p1b: Toxapex
|move|p2b: Incineroar|Parting Shot|p1a: Annihilape
|-unboost|p1a: Annihilape|atk|1
|-ability|p1a: Annihilape|Defiant|boost
|-boost|p1a: Annihilape|atk|2
|-unboost|p1a: Annihilape|spa|1
|-ability|p1a: Annihilape|Defiant|boost
|-boost|p1a: Annihilape|atk|2
|
|t:|1784904962
|switch|p2b: Raichu|Raichu, L50, M|100/100|[from] Parting Shot
|move|p1b: Toxapex|Toxic|p2a: Milotic
|-status|p2a: Milotic|tox
|
|-weather|Snowscape|[upkeep]
|-heal|p2a: Milotic|80/100 tox|[from] item: Leftovers
|-damage|p2a: Milotic|74/100 tox|[from] psn
|upkeep
|turn|4
|
|t:|1784904983
|detailschange|p2b: Raichu|Raichu-Mega-Y, L50, M
|-mega|p2b: Raichu|Raichu|Raichunite Y
|move|p1a: Annihilape|Protect|p1a: Annihilape
|-singleturn|p1a: Annihilape|Protect
|move|p2b: Raichu|Zap Cannon|p1a: Annihilape
|-activate|p1a: Annihilape|move: Protect
|move|p2a: Milotic|Hypnosis|p1a: Annihilape
|-activate|p1a: Annihilape|move: Protect
|move|p1b: Toxapex|Toxic|p2b: Raichu
|-status|p2b: Raichu|tox
|
|-weather|Snowscape|[upkeep]
|-heal|p2a: Milotic|80/100 tox|[from] item: Leftovers
|-damage|p2b: Raichu|93/100 tox|[from] psn
|-damage|p2a: Milotic|68/100 tox|[from] psn
|upkeep
|turn|5
|inactive|GlitchXDGOAT has 30 seconds left.
|
|t:|1784905017
|move|p2b: Raichu|Zap Cannon|p1a: Annihilape
|-damage|p1a: Annihilape|56/100
|-status|p1a: Annihilape|par
|move|p2a: Milotic|Hydro Pump|p1a: Annihilape
|-damage|p1a: Annihilape|7/100 par
|move|p1a: Annihilape|Close Combat|p2a: Milotic
|-damage|p2a: Milotic|0 fnt
|-unboost|p1a: Annihilape|def|1
|-unboost|p1a: Annihilape|spd|1
|faint|p2a: Milotic
|move|p1b: Toxapex|Infestation|p2b: Raichu
|-damage|p2b: Raichu|89/100 tox
|-activate|p2b: Raichu|move: Infestation|[of] p1b: Toxapex
|
|-weather|none
|-damage|p2b: Raichu|77/100 tox|[from] psn
|-damage|p2b: Raichu|65/100 tox|[from] move: Infestation|[partiallytrapped]
|-sideend|p1: GlitchXDGOAT|move: Aurora Veil
|upkeep
|
|t:|1784905026
|switch|p2a: Sneasler|Sneasler, L50, M|100/100
|turn|6
|
|t:|1784905034
|move|p1a: Annihilape|Protect|p1a: Annihilape
|-singleturn|p1a: Annihilape|Protect
|move|p1b: Toxapex|Baneful Bunker|p1b: Toxapex
|-singleturn|p1b: Toxapex|move: Protect
|move|p2b: Raichu|Zap Cannon|p1b: Toxapex
|-activate|p1b: Toxapex|move: Protect
|move|p2a: Sneasler|Dire Claw|p1a: Annihilape
|-activate|p1a: Annihilape|move: Protect
|
|-damage|p2b: Raichu|47/100 tox|[from] psn
|-damage|p2b: Raichu|35/100 tox|[from] move: Infestation|[partiallytrapped]
|upkeep
|turn|7
|
|t:|1784905052
|switch|p1b: Incineroar|Incineroar, L50, F|100/100
|-ability|p1b: Incineroar|Intimidate|boost
|-unboost|p2a: Sneasler|atk|1
|-unboost|p2b: Raichu|atk|1
|move|p2b: Raichu|Zap Cannon|p1b: Incineroar
|-damage|p1b: Incineroar|54/100
|-status|p1b: Incineroar|par
|move|p2a: Sneasler|Dire Claw|p1a: Annihilape
|-resisted|p1a: Annihilape|1
|-damage|p1a: Annihilape|0 fnt
|faint|p1a: Annihilape
|
|-damage|p2b: Raichu|10/100 tox|[from] psn
|-end|p2b: Raichu|Infestation|[partiallytrapped]|[silent]
|upkeep
|
|t:|1784905065
|switch|p1a: Toxapex|Toxapex, L50, M|100/100
|turn|8
|
|t:|1784905077
|switch|p2b: Incineroar|Incineroar, L50, M|100/100
|-ability|p2b: Incineroar|Intimidate|boost
|-unboost|p1a: Toxapex|atk|1
|-unboost|p1b: Incineroar|atk|1
|move|p2a: Sneasler|Protect|p2a: Sneasler
|-singleturn|p2a: Sneasler|Protect
|move|p1a: Toxapex|Baneful Bunker|p1a: Toxapex
|-singleturn|p1a: Toxapex|move: Protect
|move|p1b: Incineroar|Fake Out|p2a: Sneasler
|-activate|p2a: Sneasler|move: Protect
|
|upkeep
|turn|9
|
|t:|1784905089
|switch|p1a: Froslass|Froslass-Mega, L50, F|71/100
|-weather|Snowscape|[from] ability: Snow Warning|[of] p1a: Froslass
|move|p2b: Incineroar|Fake Out|p1a: Froslass
|-immune|p1a: Froslass
|move|p2a: Sneasler|Close Combat|p1b: Incineroar
|-supereffective|p1b: Incineroar|1
|-damage|p1b: Incineroar|0 fnt
|-unboost|p2a: Sneasler|def|1
|-unboost|p2a: Sneasler|spd|1
|faint|p1b: Incineroar
|
|-weather|Snowscape|[upkeep]
|upkeep
|
|t:|1784905097
|switch|p1b: Toxapex|Toxapex, L50, M|100/100
|turn|10
|
|t:|1784905107
|move|p1a: Froslass|Protect|p1a: Froslass
|-singleturn|p1a: Froslass|Protect
|move|p2a: Sneasler|Dire Claw|p1b: Toxapex
|-resisted|p1b: Toxapex|1
|-damage|p1b: Toxapex|90/100
|move|p2b: Incineroar|Flare Blitz|p1a: Froslass
|-activate|p1a: Froslass|move: Protect
|move|p1b: Toxapex|Toxic|p2b: Incineroar
|-status|p2b: Incineroar|tox
|
|-weather|Snowscape|[upkeep]
|-heal|p1b: Toxapex|96/100|[from] item: Leftovers
|-damage|p2b: Incineroar|94/100 tox|[from] psn
|upkeep
|turn|11
|
|t:|1784905120
|move|p2a: Sneasler|Close Combat|p1b: Toxapex
|-resisted|p1b: Toxapex|1
|-damage|p1b: Toxapex|82/100
|-unboost|p2a: Sneasler|def|1
|-unboost|p2a: Sneasler|spd|1
|move|p1a: Froslass|Aurora Veil|p1a: Froslass
|-sidestart|p1: GlitchXDGOAT|move: Aurora Veil
|move|p2b: Incineroar|Flare Blitz|p1a: Froslass
|-supereffective|p1a: Froslass|1
|-damage|p1a: Froslass|15/100
|-status|p1a: Froslass|brn
|-damage|p2b: Incineroar|80/100 tox|[from] Recoil
|move|p1b: Toxapex|Infestation|p2a: Sneasler
|-resisted|p2a: Sneasler|2
|-damage|p2a: Sneasler|98/100
|-activate|p2a: Sneasler|move: Infestation|[of] p1b: Toxapex
|
|-weather|Snowscape|[upkeep]
|-heal|p1b: Toxapex|88/100|[from] item: Leftovers
|-damage|p2b: Incineroar|68/100 tox|[from] psn
|-damage|p1a: Froslass|9/100 brn|[from] brn
|-damage|p2a: Sneasler|85/100|[from] move: Infestation|[partiallytrapped]
|upkeep
|turn|12
|
|t:|1784905140
|move|p1a: Froslass|Blizzard|p2b: Incineroar|[spread] p2a,p2b
|-resisted|p2b: Incineroar|1
|-damage|p2a: Sneasler|0 fnt
|-damage|p2b: Incineroar|48/100 tox
|-enditem|p2b: Incineroar|Sitrus Berry|[eat]
|-heal|p2b: Incineroar|73/100 tox|[from] item: Sitrus Berry
|faint|p2a: Sneasler
|move|p2b: Incineroar|Flare Blitz|p1b: Toxapex
|-resisted|p1b: Toxapex|1
|-damage|p1b: Toxapex|80/100
|-damage|p2b: Incineroar|71/100 tox|[from] Recoil
|move|p1b: Toxapex|Infestation|p2b: Incineroar
|-damage|p2b: Incineroar|68/100 tox
|-activate|p2b: Incineroar|move: Infestation|[of] p1b: Toxapex
|
|-weather|Snowscape|[upkeep]
|-heal|p1b: Toxapex|85/100|[from] item: Leftovers
|-damage|p2b: Incineroar|50/100g tox|[from] psn
|-damage|p1a: Froslass|3/100 brn|[from] brn
|-damage|p2b: Incineroar|38/100 tox|[from] move: Infestation|[partiallytrapped]
|upkeep
|
|t:|1784905144
|switch|p2a: Raichu|Raichu-Mega-Y, L50, M|10/100 tox
|turn|13
|
|t:|1784905161
|move|p2a: Raichu|Protect|p2a: Raichu
|-singleturn|p2a: Raichu|Protect
|move|p1b: Toxapex|Baneful Bunker|p1b: Toxapex
|-singleturn|p1b: Toxapex|move: Protect
|move|p1a: Froslass|Blizzard|p2b: Incineroar|[spread] p2b
|-activate|p2a: Raichu|move: Protect
|-resisted|p2b: Incineroar|1
|-damage|p2b: Incineroar|19/100 tox
|move|p2b: Incineroar|Darkest Lariat|p1b: Toxapex
|-activate|p1b: Toxapex|move: Protect
|
|-weather|none
|-heal|p1b: Toxapex|91/100|[from] item: Leftovers
|-damage|p2a: Raichu|4/100 tox|[from] psn
|-damage|p2b: Incineroar|0 fnt|[from] psn
|faint|p2b: Incineroar
|-damage|p1a: Froslass|0 fnt|[from] brn
|faint|p1a: Froslass
|upkeep
|turn|14
|
|t:|1784905169
|move|p1b: Toxapex|Baneful Bunker||[still]
|-fail|p1b: Toxapex
|move|p2a: Raichu|Zap Cannon|p1b: Toxapex
|-supereffective|p1b: Toxapex|1
|-damage|p1b: Toxapex|29/100
|-status|p1b: Toxapex|par
|
|-heal|p1b: Toxapex|35/100 par|[from] item: Leftovers
|-damage|p2a: Raichu|0 fnt|[from] psn
|faint|p2a: Raichu
|
|win|GlitchXDGOAT
||pechugadepollico is ready for game 2.
|c|☆GlitchXDGOAT|GG
||GlitchXDGOAT is ready for game 2.
|uhtml|next|Next: Game 2 of 3
|l|☆pechugadepollico
|player|p2|
