|j|☆Cello L.
|j|☆imrealafdbn
|html|Cello L.imrealafdbn    
|uhtml|bestof|Game 3 of a best-of-3
|t:|1782265956
|gametype|doubles
|player|p1|Cello L.|cynthia-gen4|1148
|player|p2|imrealafdbn|101|1071
|gen|9
|tier|[Gen 9 Champions] VGC 2026 Reg M-B (Bo3)
|rated|
|rule|Species Clause: Limit one of each Pokémon
|rule|Item Clause: Limit 1 of each item
|clearpoke
|poke|p1|Froslass, L50, F|
|poke|p1|Dragonite, L50, M|
|poke|p1|Garchomp, L50, F|
|poke|p1|Basculegion, L50, M|
|poke|p1|Sneasler, L50, M|
|poke|p1|Kingambit, L50, F|
|poke|p2|Charizard, L50, F, shiny|
|poke|p2|Sneasler, L50, F|
|poke|p2|Malamar, L50, M, shiny|
|poke|p2|Toxapex, L50, M, shiny|
|poke|p2|Incineroar, L50, M|
|poke|p2|Ninetales-Alola, L50, M|
|teampreview|4
|showteam|p1|Froslass||Froslassite|CursedBody|Blizzard,ShadowBall,AuroraVeil,Protect|Timid||F|||50|]Dragonite||Dragoninite|Multiscale|DragonPulse,Thunderbolt,Flamethrower,Protect|Modest||M|||50|]Garchomp||LifeOrb|RoughSkin|Earthquake,StompingTantrum,DragonClaw,Protect|Jolly||F|||50|]Basculegion||SitrusBerry|Adaptability|WaveCrash,LastRespects,AquaJet,Protect|Adamant||M|||50|]Sneasler||WhiteHerb|Unburden|CloseCombat,DireClaw,FakeOut,Protect|Jolly||M|||50|]Kingambit||BlackGlasses|Defiant|KowtowCleave,SuckerPunch,IronHead,Protect|Adamant||F|||50|
|showteam|p2|Charizard||CharizarditeY|Blaze|HeatWave,WeatherBall,SolarBeam,Protect|Timid||F|||50|]Sneasler||WhiteHerb|Unburden|DireClaw,CloseCombat,FakeOut,Protect|Jolly||F|||50|]Malamar||Malamarite|Contrary|Superpower,RockSlide,KnockOff,Protect|Adamant||M|||50|]Toxapex||Leftovers|Regenerator|Toxic,Infestation,WideGuard,BanefulBunker|Calm||M|||50|]Incineroar||SitrusBerry|Intimidate|FakeOut,FlareBlitz,PartingShot,ThroatChop|Careful||M|||50|]Ninetales-Alola||FocusSash|SnowWarning|Blizzard,Moonblast,AuroraVeil,Protect|Timid||M|||50|
|
|t:|1782265993
|teamsize|p1|4
|teamsize|p2|4
|start
|switch|p1a: Stairs|Sneasler, L50, M|100/100
|switch|p1b: Knowledge|Basculegion, L50, M|100/100
|switch|p2a: Sneasler|Sneasler, L50, F|100/100
|switch|p2b: Malamar|Malamar, L50, M, shiny|100/100
|turn|1
|
|t:|1782266017
|move|p2b: Malamar|Protect|p2b: Malamar
|-singleturn|p2b: Malamar|Protect
|move|p2a: Sneasler|Close Combat|p1a: Stairs
|-resisted|p1a: Stairs|1
|-damage|p1a: Stairs|43/100
|-unboost|p2a: Sneasler|def|1
|-unboost|p2a: Sneasler|spd|1
|-enditem|p2a: Sneasler|White Herb
|-clearnegativeboost|p2a: Sneasler|[silent]
|move|p1a: Stairs|Close Combat|p2b: Malamar
|-activate|p2b: Malamar|move: Protect
|move|p1b: Knowledge|Wave Crash|p2a: Sneasler
|-damage|p2a: Sneasler|0 fnt
|faint|p2a: Sneasler
|-damage|p1b: Knowledge|75/100|[from] Recoil
|
|upkeep
|
|t:|1782266039
|switch|p2a: Ninetales|Ninetales-Alola, L50, M|100/100
|-weather|Snowscape|[from] ability: Snow Warning|[of] p2a: Ninetales
|turn|2
|
|t:|1782266061
|move|p1b: Knowledge|Aqua Jet|p2b: Malamar
|-damage|p2b: Malamar|63/100
|move|p1a: Stairs|Close Combat|p2b: Malamar
|-damage|p2b: Malamar|0 fnt
|-unboost|p1a: Stairs|def|1
|-unboost|p1a: Stairs|spd|1
|faint|p2b: Malamar
|-enditem|p1a: Stairs|White Herb
|-clearnegativeboost|p1a: Stairs|[silent]
|move|p2a: Ninetales|Moonblast|p1b: Knowledge
|-damage|p1b: Knowledge|39/100
|-unboost|p1b: Knowledge|spa|1
|-enditem|p1b: Knowledge|Sitrus Berry|[eat]
|-heal|p1b: Knowledge|63/100|[from] item: Sitrus Berry
|
|-weather|Snowscape|[upkeep]
|upkeep
|
|t:|1782266068
|switch|p2b: Charizard|Charizard, L50, F, shiny|100/100
|turn|3
|
|t:|1782266097
|move|p2a: Ninetales|Protect|p2a: Ninetales
|-singleturn|p2a: Ninetales|Protect
|move|p1b: Knowledge|Protect|p1b: Knowledge
|-singleturn|p1b: Knowledge|Protect
|move|p1a: Stairs|Dire Claw|p2a: Ninetales
|-activate|p2a: Ninetales|move: Protect
|move|p2b: Charizard|Heat Wave|p1a: Stairs|[spread] p1a
|-activate|p1b: Knowledge|move: Protect
|-damage|p1a: Stairs|0 fnt
|faint|p1a: Stairs
|
|-weather|Snowscape|[upkeep]
|upkeep
|
|t:|1782266107
|switch|p1a: Serenity|Dragonite, L50, M|100/100
|turn|4
|
|t:|1782266126
|detailschange|p1a: Serenity|Dragonite-Mega, L50, M
|-mega|p1a: Serenity|Dragonite|Dragoninite
|move|p2b: Charizard|Protect|p2b: Charizard
|-singleturn|p2b: Charizard|Protect
|move|p2a: Ninetales|Blizzard|p1a: Serenity|[spread] p1a,p1b
|-supereffective|p1a: Serenity|2
|-resisted|p1b: Knowledge|1
|-damage|p1a: Serenity|48/100
|-damage|p1b: Knowledge|46/100
|move|p1a: Serenity|Flamethrower|p2a: Ninetales
|-supereffective|p2a: Ninetales|1
|-damage|p2a: Ninetales|10/100
|move|p1b: Knowledge|Wave Crash|p2b: Charizard
|-activate|p2b: Charizard|move: Protect
|
|-weather|Snowscape|[upkeep]
|upkeep
|turn|5
|
|t:|1782266147
|move|p1a: Serenity|Protect|p1a: Serenity
|-singleturn|p1a: Serenity|Protect
|move|p2a: Ninetales|Blizzard|p1b: Knowledge|[spread] p1b
|-activate|p1a: Serenity|move: Protect
|-resisted|p1b: Knowledge|1
|-damage|p1b: Knowledge|29/100
|move|p2b: Charizard|Heat Wave|p1b: Knowledge|[spread] p1b
|-activate|p1a: Serenity|move: Protect
|-resisted|p1b: Knowledge|1
|-damage|p1b: Knowledge|13/100
|move|p1b: Knowledge|Wave Crash|p2b: Charizard
|-supereffective|p2b: Charizard|1
|-damage|p2b: Charizard|0 fnt
|faint|p2b: Charizard
|-damage|p1b: Knowledge|0 fnt|[from] Recoil
|faint|p1b: Knowledge
|
|-weather|Snowscape|[upkeep]
|upkeep
|
|t:|1782266161
|switch|p1b: Courage|Garchomp, L50, F|100/100
|turn|6
|
|t:|1782266178
|move|p1b: Courage|Protect|p1b: Courage
|-singleturn|p1b: Courage|Protect
|move|p1a: Serenity|Protect|p1a: Serenity
|-singleturn|p1a: Serenity|Protect
|move|p2a: Ninetales|Blizzard|p1a: Serenity|[spread] 
|-activate|p1a: Serenity|move: Protect
|-activate|p1b: Courage|move: Protect
|
|-weather|none
|upkeep
|turn|7
|
|t:|1782266184
|move|p2a: Ninetales|Blizzard|p1b: Courage|[spread] p1a,p1b
|-supereffective|p1a: Serenity|2
|-supereffective|p1b: Courage|2
|-damage|p1a: Serenity|0 fnt
|-damage|p1b: Courage|0 fnt
|faint|p1a: Serenity
|faint|p1b: Courage
|
|win|imrealafdbn
|raw|Cello L.'s rating: 1148 → 1118(-30 for losing)
|raw|imrealafdbn's rating: 1071 → 1107(+36 for winning)
|c|☆imrealafdbn|wow
|c|☆imrealafdbn|ggs
|c|☆Cello L.|gg
