|j|☆MrTedno
|j|☆Perish Blossom
|html|MrTednoPerish Blossom    
|uhtml|bestof|Game 1 of a best-of-3
|t:|1784101234
|gametype|doubles
|player|p1|MrTedno|2|1151
|player|p2|Perish Blossom|cynthia-gen4|1236
|gen|9
|tier|[Gen 9 Champions] VGC 2026 Reg M-B (Bo3)
|rated|
|rule|Species Clause: Limit one of each Pokémon
|rule|Item Clause: Limit 1 of each item
|clearpoke
|poke|p1|Archaludon, L50, M|
|poke|p1|Samurott-Hisui, L50, M|
|poke|p1|Garchomp, L50, F|
|poke|p1|Pelipper, L50, F|
|poke|p1|Venusaur, L50, F|
|poke|p1|Incineroar, L50, F|
|poke|p2|Gengar, L50, M|
|poke|p2|Politoed, L50, F|
|poke|p2|Incineroar, L50, F|
|poke|p2|Farigiraf, L50, F|
|poke|p2|Mawile, L50, M|
|poke|p2|Basculegion, L50, M|
|teampreview|4
|showteam|p1|Archaludon||Leftovers|Stamina|ElectroShot,DragonPulse,FlashCannon,Protect|Modest||M|||50|]Samurott-Hisui||FocusSash|Sharpness|AquaCutter,NightSlash,SacredSword,Protect|Jolly||M|||50|]Garchomp||LifeOrb|RoughSkin|DragonClaw,StompingTantrum,RockSlide,Protect|Jolly||F|||50|]Pelipper||SitrusBerry|Drizzle|Tailwind,WeatherBall,Hurricane,Protect|Modest||F|||50|]Venusaur||Venusaurite|Chlorophyll|GigaDrain,SludgeBomb,EarthPower,Protect|Modest||F|||50|]Incineroar||ChopleBerry|Intimidate|FakeOut,ThroatChop,PartingShot,FlareBlitz|Careful||F|||50|
|showteam|p2|Gengar||Gengarite|CursedBody|ShadowBall,Protect,PerishSong,Disable|Timid||M|||50|]Politoed||Leftovers|Drizzle|MuddyWater,PerishSong,Protect,Encore|Calm||F|||50|]Incineroar||ExpertBelt|Intimidate|FakeOut,FlareBlitz,Protect,PartingShot|Adamant||F|||50|]Farigiraf||SitrusBerry|ArmorTail|TrickRoom,HyperVoice,Thunderbolt,Protect|Quiet||F|||50|]Mawile||Mawilite|Intimidate|PlayRough,SuckerPunch,SwordsDance,Protect|Adamant||M|||50|]Basculegion||LifeOrb|SwiftSwim|WaveCrash,LastRespects,AquaJet,Protect|Adamant||M|||50|
|
|t:|1784101319
|teamsize|p1|4
|teamsize|p2|4
|start
|switch|p1a: Miss Piggy|Incineroar, L50, F|100/100
|switch|p1b: Gonzo|Samurott-Hisui, L50, M|100/100
|switch|p2a: Gengar|Gengar, L50, M|100/100
|switch|p2b: Incineroar|Incineroar, L50, F|100/100
|-ability|p1a: Miss Piggy|Intimidate|boost
|-unboost|p2a: Gengar|atk|1
|-unboost|p2b: Incineroar|atk|1
|-ability|p2b: Incineroar|Intimidate|boost
|-unboost|p1a: Miss Piggy|atk|1
|-unboost|p1b: Gonzo|atk|1
|turn|1
|
|t:|1784101349
|switch|p2b: Basculegion|Basculegion, L50, M|100/100
|detailschange|p2a: Gengar|Gengar-Mega, L50, M
|-mega|p2a: Gengar|Gengar|Gengarite
|move|p2a: Gengar|Protect|p2a: Gengar
|-singleturn|p2a: Gengar|Protect
|move|p1a: Miss Piggy|Fake Out|p2b: Basculegion
|-immune|p2b: Basculegion
|move|p1b: Gonzo|Night Slash|p2a: Gengar
|-activate|p2a: Gengar|move: Protect
|
|upkeep
|turn|2
|
|t:|1784101372
|switch|p2a: Politoed|Politoed, L50, F|100/100
|-weather|RainDance|[from] ability: Drizzle|[of] p2a: Politoed
|move|p2b: Basculegion|Wave Crash|p1a: Miss Piggy
|-supereffective|p1a: Miss Piggy|1
|-damage|p1a: Miss Piggy|0 fnt
|faint|p1a: Miss Piggy
|-damage|p2b: Basculegion|68/100|[from] Recoil
|-damage|p2b: Basculegion|58/100|[from] item: Life Orb
|move|p1b: Gonzo|Night Slash|p2b: Basculegion
|-supereffective|p2b: Basculegion|1
|-damage|p2b: Basculegion|0 fnt
|faint|p2b: Basculegion
|
|-weather|RainDance|[upkeep]
|upkeep
|
|t:|1784101393
|switch|p2b: Gengar|Gengar-Mega, L50, M|100/100
|switch|p1a: Kermit|Venusaur, L50, F|100/100
|turn|3
|
|t:|1784101437
|switch|p2a: Incineroar|Incineroar, L50, F|100/100
|-ability|p2a: Incineroar|Intimidate|boost
|-unboost|p1a: Kermit|atk|1
|-unboost|p1b: Gonzo|atk|1
|detailschange|p1a: Kermit|Venusaur-Mega, L50, F
|-mega|p1a: Kermit|Venusaur|Venusaurite
|move|p2b: Gengar|Perish Song|p2b: Gengar
|-start|p1a: Kermit|perish3|[silent]
|-start|p1b: Gonzo|perish3|[silent]
|-start|p2a: Incineroar|perish3|[silent]
|-start|p2b: Gengar|perish3|[silent]
|-fieldactivate|move: Perish Song
|move|p1b: Gonzo|Aqua Cutter|p2a: Incineroar
|-supereffective|p2a: Incineroar|1
|-crit|p2a: Incineroar
|-damage|p2a: Incineroar|0 fnt
|faint|p2a: Incineroar
|move|p1a: Kermit|Earth Power|p2b: Gengar
|-supereffective|p2b: Gengar|1
|-damage|p2b: Gengar|42/100
|
|-weather|RainDance|[upkeep]
|-start|p2b: Gengar|perish3
|-start|p1b: Gonzo|perish3
|-start|p1a: Kermit|perish3
|upkeep
|
|t:|1784101451
|switch|p2a: Politoed|Politoed, L50, F|100/100
|turn|4
|
|t:|1784101468
|move|p2b: Gengar|Protect|p2b: Gengar
|-singleturn|p2b: Gengar|Protect
|move|p1b: Gonzo|Night Slash|p2a: Politoed
|-crit|p2a: Politoed
|-damage|p2a: Politoed|31/100
|move|p1a: Kermit|Giga Drain|p2a: Politoed
|-supereffective|p2a: Politoed|1
|-damage|p2a: Politoed|0 fnt
|faint|p2a: Politoed
|
|-weather|RainDance|[upkeep]
|-start|p2b: Gengar|perish2
|-start|p1b: Gonzo|perish2
|-start|p1a: Kermit|perish2
|upkeep
|turn|5
|-message|Perish Blossom forfeited.
|
|win|MrTedno
|l|☆Perish Blossom
|player|p2|
||MrTedno is ready for game 2.
||Perish Blossom is ready for game 2.
|uhtml|next|Next: Game 2 of 3
|l|☆MrTedno
|player|p1|
|j|☆MrTedno
|player|p1|MrTedno|2|
