|j|☆DyeItTightOfficial
|j|☆Goonsuke Sama
|html|DyeItTightOfficialGoonsuke Sama    
|uhtml|bestof|Game 1 of a best-of-3
|t:|1784589244
|gametype|doubles
|player|p1|DyeItTightOfficial|blue-gen3two|1090
|player|p2|Goonsuke Sama|cameraman|1144
|gen|9
|tier|[Gen 9 Champions] VGC 2026 Reg M-B (Bo3)
|rated|
|rule|Species Clause: Limit one of each Pokémon
|rule|Item Clause: Limit 1 of each item
|clearpoke
|poke|p1|Garchomp, L50, F|
|poke|p1|Raichu, L50, F|
|poke|p1|Floette-Eternal, L50, F|
|poke|p1|Kingambit, L50, M|
|poke|p1|Whimsicott, L50, M|
|poke|p1|Sableye, L50, F|
|poke|p2|Annihilape, L50, F|
|poke|p2|Decidueye-Hisui, L50, F|
|poke|p2|Mawile, L50, M|
|poke|p2|Mudsdale, L50, M|
|poke|p2|Toucannon, L50, M|
|poke|p2|Kleavor, L50, F|
|teampreview|4
|showteam|p1|Garchomp||LifeOrb|RoughSkin|DragonClaw,RockSlide,Earthquake,EarthPower|Jolly||F|||50|]Raichu||RaichuniteY|LightningRod|Protect,ZapCannon,FocusBlast,GrassKnot|Timid||F|||50|]Floette-Eternal||Floettite|FlowerVeil|Protect,DazzlingGleam,Moonblast,HelpingHand|Timid||F|||50|]Kingambit||ChopleBerry|Defiant|SuckerPunch,IronHead,Protect,LowKick|Adamant||M|||50|]Whimsicott||FocusSash|Prankster|Tailwind,Moonblast,Encore,Protect|Timid||M|||50|]Sableye||LightClay|Prankster|LightScreen,Encore,Reflect,FakeOut|Careful||F|||50|
|showteam|p2|Annihilape||Leftovers|Defiant|BulkUp,RageFist,DrainPunch,IcePunch|Adamant||F|||50|]Decidueye-Hisui||ScopeLens|Scrappy|TripleArrows,LeafBlade,UpperHand,ShadowSneak|Adamant||F|||50|]Mawile||Mawilite|Intimidate|IronHead,SuckerPunch,GrassKnot,Protect|Relaxed||M|||50|]Mudsdale||ShellBell|Stamina|BodyPress,StompingTantrum,SmackDown,Curse|Brave||M|||50|]Toucannon||MuscleBand|SkillLink|BulletSeed,RockBlast,BeakBlast,Protect|Adamant||M|||50|]Kleavor||ChoiceScarf|Sharpness|StoneAxe,XScissor,NightSlash,AerialAce|Jolly||F|||50|
|inactive|Battle timer is ON: inactive players will automatically lose when time's up. (requested by Goonsuke Sama)
|inactive|DyeItTightOfficial has 60 seconds left.
|inactive|Goonsuke Sama has 60 seconds left.
|inactive|DyeItTightOfficial has 30 seconds left.
|inactive|DyeItTightOfficial has 20 seconds left.
|
|t:|1784589315
|teamsize|p1|4
|teamsize|p2|4
|start
|switch|p1a: Raichu|Raichu, L50, F|100/100
|switch|p1b: Floette|Floette-Eternal, L50, F|100/100
|switch|p2a: Annihilape|Annihilape, L50, F|100/100
|switch|p2b: Decidueye|Decidueye-Hisui, L50, F|100/100
|turn|1
|inactive|DyeItTightOfficial has 30 seconds left.
|inactive|Goonsuke Sama has 30 seconds left.
|inactive|Goonsuke Sama has 20 seconds left.
|inactive|Goonsuke Sama has 15 seconds left.
|inactive|Goonsuke Sama has 10 seconds left.
|
|t:|1784589363
|switch|p2b: Kleavor|Kleavor, L50, F|100/100
|detailschange|p1a: Raichu|Raichu-Mega-Y, L50, F
|-mega|p1a: Raichu|Raichu|Raichunite Y
|move|p1a: Raichu|Protect|p1a: Raichu
|-singleturn|p1a: Raichu|Protect
|move|p1b: Floette|Dazzling Gleam|p2b: Kleavor|[spread] p2a,p2b
|-supereffective|p2a: Annihilape|1
|-crit|p2b: Kleavor
|-damage|p2a: Annihilape|45/100
|-damage|p2b: Kleavor|32/100
|move|p2a: Annihilape|Drain Punch|p1a: Raichu
|-activate|p1a: Raichu|move: Protect
|
|-heal|p2a: Annihilape|51/100|[from] item: Leftovers
|upkeep
|turn|2
|
|t:|1784589383
|move|p2b: Kleavor|Stone Axe|p1a: Raichu
|-damage|p1a: Raichu|0 fnt
|-sidestart|p1: DyeItTightOfficial|move: Stealth Rock
|faint|p1a: Raichu
|move|p1b: Floette|Dazzling Gleam|p2b: Kleavor|[spread] p2a,p2b
|-supereffective|p2a: Annihilape|1
|-damage|p2a: Annihilape|1/100
|-damage|p2b: Kleavor|0 fnt
|faint|p2b: Kleavor
|move|p2a: Annihilape|Rage Fist|p1b: Floette
|-damage|p1b: Floette|0 fnt
|faint|p1b: Floette
|
|-heal|p2a: Annihilape|7/100|[from] item: Leftovers
|upkeep
|
|t:|1784589399
|switch|p1a: Garchomp|Garchomp, L50, F|100/100
|switch|p1b: Whimsicott|Whimsicott, L50, M|100/100
|switch|p2b: Decidueye|Decidueye-Hisui, L50, F|100/100
|-damage|p1b: Whimsicott|87/100|[from] Stealth Rock
|-damage|p1a: Garchomp|94/100|[from] Stealth Rock
|turn|3
|inactive|DyeItTightOfficial has 30 seconds left.
|inactive|Goonsuke Sama has 30 seconds left.
|inactive|Goonsuke Sama has 20 seconds left.
|
|t:|1784589437
|switch|p2b: Mawile|Mawile, L50, M|100/100
|-ability|p2b: Mawile|Intimidate|boost
|-unboost|p1a: Garchomp|atk|1
|-unboost|p1b: Whimsicott|atk|1
|move|p1b: Whimsicott|Moonblast|p2a: Annihilape
|-supereffective|p2a: Annihilape|1
|-damage|p2a: Annihilape|0 fnt
|faint|p2a: Annihilape
|move|p1a: Garchomp|Dragon Claw|p2b: Mawile
|-immune|p2b: Mawile
|
|upkeep
|
|t:|1784589444
|switch|p2a: Decidueye|Decidueye-Hisui, L50, F|100/100
|turn|4
|
|t:|1784589469
|detailschange|p2b: Mawile|Mawile-Mega, L50, M
|-mega|p2b: Mawile|Mawile|Mawilite
|move|p1b: Whimsicott|Moonblast|p2a: Decidueye
|-supereffective|p2a: Decidueye|1
|-damage|p2a: Decidueye|33/100
|move|p1a: Garchomp|Earth Power|p2b: Mawile
|-supereffective|p2b: Mawile|1
|-damage|p2b: Mawile|27/100
|-damage|p1a: Garchomp|84/100|[from] item: Life Orb
|move|p2a: Decidueye|Triple Arrows|p1a: Garchomp
|-damage|p1a: Garchomp|35/100
|move|p2b: Mawile|Iron Head|p1a: Garchomp
|-damage|p1a: Garchomp|0 fnt
|-damage|p2b: Mawile|15/100|[from] ability: Rough Skin|[of] p1a: Garchomp
|faint|p1a: Garchomp
|
|upkeep
|turn|5
|inactive|Goonsuke Sama has 30 seconds left.
|
|t:|1784589502
|move|p2a: Decidueye|Shadow Sneak|p1b: Whimsicott
|-damage|p1b: Whimsicott|65/100
|move|p1b: Whimsicott|Moonblast|p2b: Mawile
|-resisted|p2b: Mawile|1
|-damage|p2b: Mawile|0 fnt
|faint|p2b: Mawile
|
|upkeep
|turn|6
|
|t:|1784589518
|move|p1b: Whimsicott|Moonblast|p2a: Decidueye
|-supereffective|p2a: Decidueye|1
|-damage|p2a: Decidueye|0 fnt
|faint|p2a: Decidueye
|
|win|DyeItTightOfficial
