|j|â˜†gilletemaster
|j|â˜†failandimprove3
|html|gilletemasterfailandimprove3    
|uhtml|bestof|Game 2 of a best-of-3
|t:|1783774785
|gametype|doubles
|player|p1|gilletemaster|170|1362
|player|p2|failandimprove3|1|1445
|gen|9
|tier|[Gen 9 Champions] VGC 2026 Reg M-B (Bo3)
|rated|
|rule|Species Clause: Limit one of each PokÃ©mon
|rule|Item Clause: Limit 1 of each item
|clearpoke
|poke|p1|Sableye, L50, F|
|poke|p1|Garchomp, L50, F|
|poke|p1|Kingambit, L50, F|
|poke|p1|Charizard, L50, F|
|poke|p1|Venusaur, L50, M|
|poke|p1|Incineroar, L50, F|
|poke|p2|Charizard, L50, M|
|poke|p2|Floette-Eternal, L50, F|
|poke|p2|Whimsicott, L50, F|
|poke|p2|Basculegion, L50, M|
|poke|p2|Kingambit, L50, M|
|poke|p2|Garchomp, L50, M|
|teampreview|4
|showteam|p1|Sableye||RoseliBerry|Prankster|FakeOut,Encore,WillOWisp,Quash|Calm||F|||50|]Garchomp||ChoiceScarf|RoughSkin|Earthquake,StompingTantrum,RockSlide,DragonClaw|Adamant||F|||50|]Kingambit||BlackGlasses|Defiant|Protect,KowtowCleave,IronHead,SuckerPunch|Adamant||F|||50|]Charizard||CharizarditeY|Blaze|Protect,WeatherBall,SolarBeam,HeatWave|Modest||F|||50|]Venusaur||LifeOrb|Chlorophyll|Protect,SleepPowder,EnergyBall,SludgeBomb|Modest||M|||50|]Incineroar||WhiteHerb|Intimidate|FakeOut,FlareBlitz,CloseCombat,PartingShot|Adamant||F|||50|
|showteam|p2|Charizard||CharizarditeY|Blaze|HeatWave,WeatherBall,SolarBeam,Protect|Modest||M|||50|]Floette-Eternal||Floettite|FlowerVeil|Moonblast,DazzlingGleam,LightofRuin,Protect|Timid||F|||50|]Whimsicott||FocusSash|Prankster|Moonblast,Tailwind,Encore,Protect|Timid||F|||50|]Basculegion||MysticWater|Adaptability|WaveCrash,LastRespects,AquaJet,Protect|Adamant||M|||50|]Kingambit||ChopleBerry|Defiant|KowtowCleave,SuckerPunch,IronHead,LowKick|Adamant||M|||50|]Garchomp||LifeOrb|RoughSkin|Earthquake,RockSlide,DragonClaw,Protect|Jolly||M|||50|
|
|t:|1783774824
|teamsize|p1|4
|teamsize|p2|4
|start
|switch|p1a: Sableye|Sableye, L50, F|100/100
|switch|p1b: Charizard|Charizard, L50, F|100/100
|switch|p2a: Garchomp|Garchomp, L50, M|100/100
|switch|p2b: Whimsicott|Whimsicott, L50, F|100/100
|turn|1
|inactive|Battle timer is ON: inactive players will automatically lose when time's up. (requested by gilletemaster)
|
|t:|1783774843
|switch|p2a: Charizard|Charizard, L50, M|100/100
|detailschange|p1b: Charizard|Charizard-Mega-Y, L50, F
|-mega|p1b: Charizard|Charizard|Charizardite Y
|-weather|SunnyDay|[from] ability: Drought|[of] p1b: Charizard
|move|p1a: Sableye|Fake Out|p2a: Charizard
|-damage|p2a: Charizard|93/100
|move|p2b: Whimsicott|Moonblast|p1a: Sableye
|-supereffective|p1a: Sableye|1
|-enditem|p1a: Sableye|Roseli Berry|[eat]
|-enditem|p1a: Sableye|Roseli Berry|[weaken]
|-damage|p1a: Sableye|54/100
|move|p1b: Charizard|Heat Wave|p2b: Whimsicott|[spread] p2a,p2b
|-resisted|p2a: Charizard|1
|-supereffective|p2b: Whimsicott|1
|-damage|p2a: Charizard|54/100
|-enditem|p2b: Whimsicott|Focus Sash
|-damage|p2b: Whimsicott|1/100
|
|-weather|SunnyDay|[upkeep]
|upkeep
|turn|2
|
|t:|1783774866
|detailschange|p2a: Charizard|Charizard-Mega-Y, L50, M
|-mega|p2a: Charizard|Charizard|Charizardite Y
|move|p2b: Whimsicott|Tailwind|p2b: Whimsicott
|-sidestart|p2: failandimprove3|move: Tailwind
|move|p1a: Sableye|Quash|p2a: Charizard
|-activate|p2a: Charizard|move: Quash
|move|p1b: Charizard|Weather Ball|p2a: Charizard
|-resisted|p2a: Charizard|1
|-damage|p2a: Charizard|15/100
|move|p2a: Charizard|Heat Wave|p1b: Charizard|[spread] p1a
|-miss|p2a: Charizard|p1b: Charizard
|-damage|p1a: Sableye|0 fnt
|faint|p1a: Sableye
|
|-weather|SunnyDay|[upkeep]
|upkeep
|
|t:|1783774879
|switch|p1a: Venusaur|Venusaur, L50, M|100/100
|turn|3
|
|t:|1783774887
|move|p2a: Charizard|Protect|p2a: Charizard
|-singleturn|p2a: Charizard|Protect
|move|p2b: Whimsicott|Encore|p1b: Charizard
|-start|p1b: Charizard|Encore
|move|p1a: Venusaur|Sludge Bomb|p2a: Charizard
|-activate|p2a: Charizard|move: Protect
|move|p1b: Charizard|Weather Ball|p2a: Charizard
|-activate|p2a: Charizard|move: Protect
|
|-weather|SunnyDay|[upkeep]
|upkeep
|turn|4
|
|t:|1783774904
|switch|p2b: Garchomp|Garchomp, L50, M|100/100
|move|p2a: Charizard|Heat Wave|p1b: Charizard|[spread] p1b
|-miss|p2a: Charizard|p1a: Venusaur
|-resisted|p1b: Charizard|1
|-damage|p1b: Charizard|72/100
|move|p1a: Venusaur|Sludge Bomb|p2a: Charizard
|-damage|p2a: Charizard|0 fnt
|faint|p2a: Charizard
|-damage|p1a: Venusaur|90/100|[from] item: Life Orb
|move|p1b: Charizard|Weather Ball|p2b: Garchomp
|-resisted|p2b: Garchomp|1
|-damage|p2b: Garchomp|47/100
|
|-weather|SunnyDay|[upkeep]
|upkeep
|
|t:|1783774912
|switch|p2a: Whimsicott|Whimsicott, L50, F|1/100
|turn|5
|c|â˜†gilletemaster|how are you so specially bulky on zard
|c|â˜†gilletemaster|im very confused
|inactive|gilletemaster has 30 seconds left.
|
|t:|1783774943
|switch|p1b: Garchomp|Garchomp, L50, F|100/100
|move|p2a: Whimsicott|Encore|p1a: Venusaur
|-start|p1a: Venusaur|Encore
|move|p2b: Garchomp|Rock Slide|p1a: Venusaur|[spread] p1a,p1b
|-crit|p1a: Venusaur
|-resisted|p1b: Garchomp|1
|-damage|p1a: Venusaur|40/100
|-damage|p1b: Garchomp|87/100
|-damage|p2b: Garchomp|38/100|[from] item: Life Orb
|cant|p1a: Venusaur|flinch
|
|-weather|none
|-sideend|p2: failandimprove3|move: Tailwind
|upkeep
|turn|6
|
|t:|1783774961
|switch|p1b: Charizard|Charizard-Mega-Y, L50, F|72/100
|-weather|SunnyDay|[from] ability: Drought|[of] p1b: Charizard
|move|p2a: Whimsicott|Tailwind|p2a: Whimsicott
|-sidestart|p2: failandimprove3|move: Tailwind
|move|p2b: Garchomp|Dragon Claw|p1b: Charizard
|-damage|p1b: Charizard|10/100
|-damage|p2b: Garchomp|28/100|[from] item: Life Orb
|move|p1a: Venusaur|Sludge Bomb|p2b: Garchomp
|-resisted|p2b: Garchomp|1
|-damage|p2b: Garchomp|0 fnt
|faint|p2b: Garchomp
|-damage|p1a: Venusaur|30/100|[from] item: Life Orb
|
|-weather|SunnyDay|[upkeep]
|upkeep
|
|t:|1783774963
|switch|p2b: Basculegion|Basculegion, L50, M|100/100
|turn|7
|inactive|gilletemaster has 30 seconds left.
|inactive|failandimprove3 has 30 seconds left.
|inactive|failandimprove3 has 20 seconds left.
|
|t:|1783775016
|switch|p1a: Garchomp|Garchomp, L50, F|87/100
|move|p2a: Whimsicott|Protect|p2a: Whimsicott
|-singleturn|p2a: Whimsicott|Protect
|move|p1b: Charizard|Protect|p1b: Charizard
|-singleturn|p1b: Charizard|Protect
|move|p2b: Basculegion|Last Respects|p1b: Charizard
|-activate|p1b: Charizard|move: Protect
|
|-weather|SunnyDay|[upkeep]
|upkeep
|turn|8
|inactive|gilletemaster has 30 seconds left.
|inactive|failandimprove3 has 30 seconds left.
|inactive|gilletemaster has 20 seconds left.
|inactive|failandimprove3 has 20 seconds left.
|inactive|failandimprove3 has 15 seconds left.
|
|t:|1783775056
|move|p2b: Basculegion|Aqua Jet|p1a: Garchomp
|-crit|p1a: Garchomp
|-damage|p1a: Garchomp|64/100
|-damage|p2b: Basculegion|87/100|[from] ability: Rough Skin|[of] p1a: Garchomp
|move|p2a: Whimsicott|Moonblast|p1a: Garchomp
|-supereffective|p1a: Garchomp|1
|-damage|p1a: Garchomp|0 fnt
|faint|p1a: Garchomp
|move|p1b: Charizard|Solar Beam||[still]
|-prepare|p1b: Charizard|Solar Beam
|-anim|p1b: Charizard|Solar Beam|p2b: Basculegion
|-supereffective|p2b: Basculegion|1
|-damage|p2b: Basculegion|0 fnt
|faint|p2b: Basculegion
|
|-weather|SunnyDay|[upkeep]
|upkeep
|-message|failandimprove3 forfeited.
|
|win|gilletemaster
