|j|â˜†Regilover2015
|j|â˜†I am the Sweeper
|html|Regilover2015I am the Sweeper    
|uhtml|bestof|Game 2 of a best-of-3
|t:|1757725763
|gametype|doubles
|player|p1|Regilover2015|hilbert|1197
|player|p2|I am the Sweeper|janitor|1131
|gen|9
|tier|[Gen 9] VGC 2025 Reg H (Bo3)
|rated|
|rule|Species Clause: Limit one of each PokÃ©mon
|rule|Item Clause: Limit 1 of each item
|clearpoke
|poke|p1|Whimsicott, L50, F|
|poke|p1|Annihilape, L50, F|
|poke|p1|Incineroar, L50, M|
|poke|p1|Rillaboom, L50, M|
|poke|p1|Ursaluna-Bloodmoon, L50, M|
|poke|p1|Dragonite, L50, F|
|poke|p2|Annihilape, L50, M|
|poke|p2|Archaludon, L50, F|
|poke|p2|Pelipper, L50, F|
|poke|p2|Maushold-Four, L50|
|poke|p2|Sinistcha, L50|
|poke|p2|Grimmsnarl, L50, M|
|teampreview|4
|showteam|p1|Whimsicott||CovertCloak|Prankster|BeatUp,Moonblast,Tailwind,Encore|||F|||50|,,,,,Ghost]Annihilape||SafetyGoggles|Defiant|RageFist,CloseCombat,FinalGambit,Taunt|||F|||50|,,,,,Water]Incineroar||SitrusBerry|Intimidate|FakeOut,KnockOff,FlareBlitz,PartingShot|||M|||50|,,,,,Ghost]Rillaboom||AssaultVest|GrassySurge|FakeOut,GrassyGlide,WoodHammer,HighHorsepower|||M|||50|,,,,,Grass]Ursaluna-Bloodmoon||LifeOrb|MindsEye|HyperVoice,BloodMoon,EarthPower,Protect|||M|||50|,,,,,Fairy]Dragonite||LoadedDice|Multiscale|ScaleShot,Tailwind,Haze,Protect|||F|||50|,,,,,Fairy
|showteam|p2|Annihilape||SpellTag|Defiant|RageFist,DrainPunch,BulkUp,Protect|||M|||50|,,,,,Fire]Archaludon||AssaultVest|Stamina|ElectroShot,DracoMeteor,Snarl,BodyPress|||F|||50|,,,,,Bug]Pelipper||LifeOrb|Drizzle|Tailwind,Hurricane,WeatherBall,Protect|||F|||50|,,,,,Stellar]Maushold-Four||SafetyGoggles|FriendGuard|Taunt,FollowMe,BeatUp,Protect||||||50|,,,,,Ghost]Sinistcha||SitrusBerry|Hospitality|MatchaGotcha,LifeDew,StrengthSap,TrickRoom||||||50|,,,,,Water]Grimmsnarl||LightClay|Prankster|ThunderWave,LightScreen,Reflect,SpiritBreak|||M|||50|,,,,,Ghost
|
|t:|1757725817
|teamsize|p1|4
|teamsize|p2|4
|start
|switch|p1a: Ursaluna|Ursaluna-Bloodmoon, L50, M|100/100
|switch|p1b: Dragonite|Dragonite, L50, F|100/100
|switch|p2a: Grimmsnarl|Grimmsnarl, L50, M|100/100
|switch|p2b: Pelipper|Pelipper, L50, F|100/100
|-weather|RainDance|[from] ability: Drizzle|[of] p2b: Pelipper
|turn|1
|
|t:|1757725846
|switch|p2b: Archaludon|Archaludon, L50, F|100/100
|move|p1a: Ursaluna|Protect|p1a: Ursaluna
|-singleturn|p1a: Ursaluna|Protect
|move|p2a: Grimmsnarl|Light Screen|p2a: Grimmsnarl
|-sidestart|p2: I am the Sweeper|move: Light Screen
|move|p1b: Dragonite|Tailwind|p1b: Dragonite
|-sidestart|p1: Regilover2015|move: Tailwind
|
|-weather|RainDance|[upkeep]
|upkeep
|turn|2
|
|t:|1757725882
|switch|p1b: Whimsicott|Whimsicott, L50, F|100/100
|-terastallize|p1a: Ursaluna|Fairy
|-terastallize|p2b: Archaludon|Bug
|move|p2a: Grimmsnarl|Reflect|p2a: Grimmsnarl
|-sidestart|p2: I am the Sweeper|Reflect
|move|p1a: Ursaluna|Blood Moon|p2a: Grimmsnarl
|-damage|p2a: Grimmsnarl|41/100
|-damage|p1a: Ursaluna|91/100|[from] item: Life Orb
|move|p2b: Archaludon|Snarl|p1b: Whimsicott|[spread] p1a,p1b
|-resisted|p1a: Ursaluna
|-resisted|p1b: Whimsicott
|-damage|p1a: Ursaluna|81/100
|-damage|p1b: Whimsicott|92/100
|-unboost|p1a: Ursaluna|spa|1
|
|-weather|RainDance|[upkeep]
|upkeep
|turn|3
|
|t:|1757725921
|switch|p1a: Annihilape|Annihilape, L50, F|100/100
|switch|p2a: Pelipper|Pelipper, L50, F|100/100
|move|p1b: Whimsicott|Moonblast|p2a: Pelipper
|-damage|p2a: Pelipper|59/100
|-unboost|p2a: Pelipper|spa|1
|move|p2b: Archaludon|Electro Shot||[still]
|-prepare|p2b: Archaludon|Electro Shot
|-boost|p2b: Archaludon|spa|1
|-anim|p2b: Archaludon|Electro Shot|p1a: Annihilape
|-damage|p1a: Annihilape|48/100
|
|-weather|RainDance|[upkeep]
|upkeep
|turn|4
|
|t:|1757725958
|move|p1b: Whimsicott|Beat Up|p1a: Annihilape
|-damage|p1a: Annihilape|45/100
|-damage|p1a: Annihilape|43/100
|-damage|p1a: Annihilape|40/100
|-damage|p1a: Annihilape|38/100
|-hitcount|p1a: Annihilape|4
|move|p1a: Annihilape|Rage Fist|p2b: Archaludon
|-damage|p2b: Archaludon|45/100
|-ability|p2b: Archaludon|Stamina|boost
|-boost|p2b: Archaludon|def|1
|move|p2a: Pelipper|Hurricane|p1a: Annihilape
|-supereffective|p1a: Annihilape
|-damage|p1a: Annihilape|0 fnt
|faint|p1a: Annihilape
|-damage|p2a: Pelipper|50/100|[from] item: Life Orb
|move|p2b: Archaludon|Electro Shot||[still]
|-prepare|p2b: Archaludon|Electro Shot
|-boost|p2b: Archaludon|spa|1
|-anim|p2b: Archaludon|Electro Shot|p1b: Whimsicott
|-resisted|p1b: Whimsicott
|-damage|p1b: Whimsicott|32/100
|
|-weather|RainDance|[upkeep]
|-sideend|p1: Regilover2015|move: Tailwind
|upkeep
|
|t:|1757725965
|switch|p1a: Ursaluna|Ursaluna-Bloodmoon, L50, M, tera:Fairy|81/100
|turn|5
|
|t:|1757726009
|move|p1b: Whimsicott|Tailwind|p1b: Whimsicott
|-sidestart|p1: Regilover2015|move: Tailwind
|move|p1a: Ursaluna|Blood Moon|p2b: Archaludon
|-damage|p2b: Archaludon|0 fnt
|faint|p2b: Archaludon
|-damage|p1a: Ursaluna|72/100|[from] item: Life Orb
|move|p2a: Pelipper|Hurricane|p1b: Whimsicott
|-supereffective|p1b: Whimsicott
|-damage|p1b: Whimsicott|0 fnt
|faint|p1b: Whimsicott
|-damage|p2a: Pelipper|40/100|[from] item: Life Orb
|
|-weather|none
|upkeep
|
|t:|1757726027
|switch|p1b: Dragonite|Dragonite, L50, F|100/100
|switch|p2b: Grimmsnarl|Grimmsnarl, L50, M|41/100
|turn|6
|
|t:|1757726043
|switch|p2a: Sinistcha|Sinistcha, L50|100/100
|-heal|p2b: Grimmsnarl|66/100|[from] ability: Hospitality|[of] p2a: Sinistcha
|move|p2b: Grimmsnarl|Thunder Wave|p1a: Ursaluna
|-status|p1a: Ursaluna|par
|move|p1b: Dragonite|Scale Shot|p2a: Sinistcha
|-damage|p2a: Sinistcha|92/100
|-damage|p2a: Sinistcha|81/100
|-damage|p2a: Sinistcha|73/100
|-crit|p2a: Sinistcha
|-damage|p2a: Sinistcha|51/100
|-hitcount|p2a: Sinistcha|4
|-unboost|p1b: Dragonite|def|1
|-boost|p1b: Dragonite|spe|1
|move|p1a: Ursaluna|Hyper Voice|p2b: Grimmsnarl|[spread] p2a,p2b
|-damage|p2a: Sinistcha|25/100
|-damage|p2b: Grimmsnarl|40/100
|-enditem|p2a: Sinistcha|Sitrus Berry|[eat]
|-heal|p2a: Sinistcha|49/100|[from] item: Sitrus Berry
|-damage|p1a: Ursaluna|62/100 par|[from] item: Life Orb
|
|upkeep
|turn|7
|
|t:|1757726083
|move|p2b: Grimmsnarl|Thunder Wave|p1b: Dragonite|[miss]
|-miss|p2b: Grimmsnarl|p1b: Dragonite
|move|p1b: Dragonite|Scale Shot|p2a: Sinistcha
|-crit|p2a: Sinistcha
|-damage|p2a: Sinistcha|29/100
|-damage|p2a: Sinistcha|19/100
|-damage|p2a: Sinistcha|11/100
|-damage|p2a: Sinistcha|2/100
|-hitcount|p2a: Sinistcha|4
|-unboost|p1b: Dragonite|def|1
|-boost|p1b: Dragonite|spe|1
|cant|p1a: Ursaluna|par
|move|p2a: Sinistcha|Strength Sap|p1b: Dragonite
|-unboost|p1b: Dragonite|atk|1
|-heal|p2a: Sinistcha|100/100
|
|upkeep
|turn|8
|c|â˜†Regilover2015|less go
|c|â˜†Regilover2015|aw
|
|t:|1757726125
|move|p1b: Dragonite|Protect|p1b: Dragonite
|-singleturn|p1b: Dragonite|Protect
|move|p2b: Grimmsnarl|Thunder Wave|p1b: Dragonite
|-activate|p1b: Dragonite|move: Protect
|move|p1a: Ursaluna|Blood Moon|p2b: Grimmsnarl
|-damage|p2b: Grimmsnarl|0 fnt
|faint|p2b: Grimmsnarl
|-damage|p1a: Ursaluna|53/100 par|[from] item: Life Orb
|move|p2a: Sinistcha|Matcha Gotcha|p1a: Ursaluna|[spread] 
|-activate|p1b: Dragonite|move: Protect
|-miss|p2a: Sinistcha|p1a: Ursaluna
|
|-sideend|p2: I am the Sweeper|move: Light Screen
|-sideend|p1: Regilover2015|move: Tailwind
|upkeep
|
|t:|1757726140
|switch|p2b: Pelipper|Pelipper, L50, F|40/100
|-weather|RainDance|[from] ability: Drizzle|[of] p2b: Pelipper
|turn|9
|
|t:|1757726172
|move|p2b: Pelipper|Protect|p2b: Pelipper
|-singleturn|p2b: Pelipper|Protect
|move|p1b: Dragonite|Tailwind|p1b: Dragonite
|-sidestart|p1: Regilover2015|move: Tailwind
|cant|p1a: Ursaluna|par
|move|p2a: Sinistcha|Matcha Gotcha|p1a: Ursaluna|[spread] p1a
|-miss|p2a: Sinistcha|p1b: Dragonite
|-damage|p1a: Ursaluna|18/100 par
|
|-weather|RainDance|[upkeep]
|-sideend|p2: I am the Sweeper|Reflect
|upkeep
|turn|10
|c|â˜†Regilover2015|so fun fact
|c|â˜†Regilover2015|if you get paralyzed you cant use blood moon
|
|t:|1757726195
|move|p1b: Dragonite|Scale Shot|p2a: Sinistcha
|-damage|p2a: Sinistcha|90/100
|-damage|p2a: Sinistcha|82/100
|-damage|p2a: Sinistcha|74/100
|-damage|p2a: Sinistcha|65/100
|-hitcount|p2a: Sinistcha|4
|-unboost|p1b: Dragonite|def|1
|-boost|p1b: Dragonite|spe|1
|move|p2b: Pelipper|Hurricane|p1b: Dragonite
|-damage|p1b: Dragonite|67/100
|-damage|p2b: Pelipper|31/100|[from] item: Life Orb
|move|p1a: Ursaluna|Hyper Voice|p2a: Sinistcha|[spread] p2a,p2b
|-crit|p2b: Pelipper
|-damage|p2a: Sinistcha|25/100
|-damage|p2b: Pelipper|0 fnt
|faint|p2b: Pelipper
|-damage|p1a: Ursaluna|8/100 par|[from] item: Life Orb
|move|p2a: Sinistcha|Matcha Gotcha|p1b: Dragonite|[spread] p1a,p1b
|-resisted|p1b: Dragonite
|-damage|p1a: Ursaluna|0 fnt
|-heal|p2a: Sinistcha|29/100|[from] drain|[of] p1a: Ursaluna
|-damage|p1b: Dragonite|61/100
|-heal|p2a: Sinistcha|33/100|[from] drain|[of] p1b: Dragonite
|faint|p1a: Ursaluna
|
|-weather|RainDance|[upkeep]
|upkeep
|turn|11
|c|â˜†I am the Sweeper|that's a good fun fact to know
|c|â˜†Regilover2015|it might be a sd thing only
|c|â˜†I am the Sweeper|maybe
|
|t:|1757726228
|move|p1b: Dragonite|Scale Shot|p2a: Sinistcha|[miss]
|-miss|p1b: Dragonite|p2a: Sinistcha
|move|p2a: Sinistcha|Strength Sap|p1b: Dragonite
|-unboost|p1b: Dragonite|atk|1
|-heal|p2a: Sinistcha|100/100
|
|-weather|RainDance|[upkeep]
|upkeep
|turn|12
|c|â˜†Regilover2015|gg
|c|â˜†I am the Sweeper|too bad scale shot is like 60% accurate
|
|t:|1757726245
|move|p1b: Dragonite|Scale Shot|p2a: Sinistcha
|-damage|p2a: Sinistcha|93/100
|-damage|p2a: Sinistcha|86/100
|-damage|p2a: Sinistcha|79/100
|-damage|p2a: Sinistcha|72/100
|-hitcount|p2a: Sinistcha|4
|-unboost|p1b: Dragonite|def|1
|-boost|p1b: Dragonite|spe|1
|move|p2a: Sinistcha|Matcha Gotcha|p1b: Dragonite
|-resisted|p1b: Dragonite
|-damage|p1b: Dragonite|53/100
|-heal|p2a: Sinistcha|76/100|[from] drain|[of] p1b: Dragonite
|
|-weather|RainDance|[upkeep]
|-sideend|p1: Regilover2015|move: Tailwind
|upkeep
|turn|13
|c|â˜†Regilover2015|try less
|c|â˜†Regilover2015|i think this is my 3rd set lost to rng
|
|t:|1757726268
|move|p1b: Dragonite|Scale Shot|p2a: Sinistcha
|-damage|p2a: Sinistcha|67/100
|-damage|p2a: Sinistcha|61/100
|-damage|p2a: Sinistcha|53/100
|-damage|p2a: Sinistcha|46/100
|-hitcount|p2a: Sinistcha|4
|-unboost|p1b: Dragonite|def|1
|-boost|p1b: Dragonite|spe|1
|move|p2a: Sinistcha|Strength Sap|p1b: Dragonite
|-unboost|p1b: Dragonite|atk|1
|-heal|p2a: Sinistcha|100/100
|
|-weather|none
|upkeep
|turn|14
|c|â˜†I am the Sweeper|that sucks man
|
|t:|1757726284
|move|p1b: Dragonite|Haze|p1b: Dragonite
|-clearallboost
|move|p2a: Sinistcha|Matcha Gotcha|p1b: Dragonite
|-resisted|p1b: Dragonite
|-damage|p1b: Dragonite|44/100
|-status|p1b: Dragonite|brn
|
|-damage|p1b: Dragonite|39/100 brn|[from] brn
|upkeep
|turn|15
|c|â˜†Regilover2015|its just a skill issue
|c|â˜†Regilover2015|lessgo
|
|t:|1757726296
|move|p1b: Dragonite|Scale Shot|p2a: Sinistcha|[miss]
|-miss|p1b: Dragonite|p2a: Sinistcha
|move|p2a: Sinistcha|Trick Room|p2a: Sinistcha
|-fieldstart|move: Trick Room|[of] p2a: Sinistcha
|
|-damage|p1b: Dragonite|33/100 brn|[from] brn
|upkeep
|turn|16
|c|â˜†Regilover2015|lmao
|
|t:|1757726305
|move|p2a: Sinistcha|Matcha Gotcha|p1b: Dragonite|[miss]
|-miss|p2a: Sinistcha|p1b: Dragonite
|move|p1b: Dragonite|Scale Shot|p2a: Sinistcha
|-crit|p2a: Sinistcha
|-damage|p2a: Sinistcha|90/100
|-damage|p2a: Sinistcha|84/100
|-damage|p2a: Sinistcha|77/100
|-crit|p2a: Sinistcha
|-damage|p2a: Sinistcha|67/100
|-damage|p2a: Sinistcha|61/100
|-hitcount|p2a: Sinistcha|5
|-unboost|p1b: Dragonite|def|1
|-boost|p1b: Dragonite|spe|1
|
|-damage|p1b: Dragonite|27/100 brn|[from] brn
|upkeep
|turn|17
|
|t:|1757726313
|move|p2a: Sinistcha|Strength Sap|p1b: Dragonite
|-unboost|p1b: Dragonite|atk|1
|-heal|p2a: Sinistcha|100/100
|move|p1b: Dragonite|Scale Shot|p2a: Sinistcha
|-damage|p2a: Sinistcha|96/100
|-damage|p2a: Sinistcha|92/100
|-damage|p2a: Sinistcha|87/100
|-damage|p2a: Sinistcha|82/100
|-damage|p2a: Sinistcha|77/100
|-hitcount|p2a: Sinistcha|5
|-unboost|p1b: Dragonite|def|1
|-boost|p1b: Dragonite|spe|1
|
|-damage|p1b: Dragonite|21/100 brn|[from] brn
|upkeep
|turn|18
|
|t:|1757726319
|move|p2a: Sinistcha|Matcha Gotcha|p1b: Dragonite
|-resisted|p1b: Dragonite
|-damage|p1b: Dragonite|12/100 brn
|-heal|p2a: Sinistcha|82/100|[from] drain|[of] p1b: Dragonite
|move|p1b: Dragonite|Scale Shot|p2a: Sinistcha
|-damage|p2a: Sinistcha|77/100
|-damage|p2a: Sinistcha|74/100
|-damage|p2a: Sinistcha|69/100
|-damage|p2a: Sinistcha|65/100
|-hitcount|p2a: Sinistcha|4
|-unboost|p1b: Dragonite|def|1
|-boost|p1b: Dragonite|spe|1
|
|-damage|p1b: Dragonite|6/100 brn|[from] brn
|upkeep
|turn|19
|c|â˜†Regilover2015|actual garbage pokemon here
|
|t:|1757726327
|move|p2a: Sinistcha|Strength Sap|p1b: Dragonite
|-unboost|p1b: Dragonite|atk|1
|-heal|p2a: Sinistcha|100/100
|move|p1b: Dragonite|Scale Shot|p2a: Sinistcha
|-damage|p2a: Sinistcha|97/100
|-damage|p2a: Sinistcha|93/100
|-damage|p2a: Sinistcha|90/100
|-damage|p2a: Sinistcha|86/100
|-damage|p2a: Sinistcha|83/100
|-hitcount|p2a: Sinistcha|5
|-unboost|p1b: Dragonite|def|1
|-boost|p1b: Dragonite|spe|1
|
|-damage|p1b: Dragonite|0 fnt|[from] brn
|faint|p1b: Dragonite
|
|win|I am the Sweeper
|raw|Regilover2015's rating: 1197 → 1167(-30 for losing)
|raw|I am the Sweeper's rating: 1131 → 1161(+30 for winning)
|c|â˜†Regilover2015|gg
|c|â˜†I am the Sweeper|gg
