|j|☆sophiadeclare
|j|☆beruwu
|html|sophiadeclareberuwu    
|uhtml|bestof|Game 2 of a best-of-3
|t:|1784134662
|gametype|doubles
|player|p1|sophiadeclare|hilbert-wonderlauncher|
|player|p2|beruwu|bianca|
|gen|9
|tier|[Gen 9 Champions] VGC 2026 Reg M-B (Bo3)
|rule|Species Clause: Limit one of each Pokémon
|rule|Item Clause: Limit 1 of each item
|clearpoke
|poke|p1|Kingambit, L50, M, shiny|
|poke|p1|Garchomp, L50, F, shiny|
|poke|p1|Farigiraf, L50, M, shiny|
|poke|p1|Sylveon, L50, F, shiny|
|poke|p1|Aerodactyl, L50, M, shiny|
|poke|p1|Charizard, L50, M, shiny|
|poke|p2|Venusaur, L50, M|
|poke|p2|Charizard, L50, M|
|poke|p2|Grimmsnarl, L50, M|
|poke|p2|Archaludon, L50, F|
|poke|p2|Basculegion, L50, M|
|poke|p2|Pelipper, L50, F|
|teampreview|4
|showteam|p1|Kingambit||FocusSash|Defiant|SuckerPunch,KowtowCleave,LowKick,IronHead|Adamant||M|||50|]Garchomp||LifeOrb|RoughSkin|Earthquake,DragonClaw,StompingTantrum,Protect|Jolly||F|||50|]Farigiraf||SitrusBerry|ArmorTail|Psychic,Thunderbolt,TrickRoom,Protect|Bold||M|||50|]Sylveon||FairyFeather|Pixilate|HyperVoice,HyperBeam,QuickAttack,Detect|Modest||F|||50|]Aerodactyl||Aerodactylite|Unnerve|Tailwind,RockSlide,DualWingbeat,IceFang|Jolly||M|||50|]Charizard||CharizarditeY|SolarPower|Protect,HeatWave,WeatherBall,SolarBeam|Modest||M|||50|
|showteam|p2|Venusaur||FocusSash|Chlorophyll|SludgeBomb,EarthPower,SleepPowder,Protect|Modest||M|||50|]Charizard||CharizarditeY|Blaze|Protect,HeatWave,SolarBeam,WeatherBall|Modest||M|||50|]Grimmsnarl||LightClay|Prankster|SpiritBreak,LightScreen,Reflect,PartingShot|Sassy||M|||50|]Archaludon||Leftovers|Stamina|ElectroShot,DragonPulse,FlashCannon,Protect|Calm||F|||50|]Basculegion||ChoiceScarf|Adaptability|WaveCrash,LastRespects,AquaJet,FlipTurn|Jolly||M|||50|]Pelipper||SitrusBerry|Drizzle|Hurricane,WeatherBall,Tailwind,WideGuard|Modest||F|||50|
|inactive|Battle timer is ON: inactive players will automatically lose when time's up. (requested by sophiadeclare)
|
|t:|1784134762
|teamsize|p1|4
|teamsize|p2|4
|start
|switch|p1a: bố meta|Aerodactyl, L50, M, shiny|100/100
|switch|p1b: bố mày|Charizard, L50, M, shiny|100/100
|switch|p2a: Grimmsnarl|Grimmsnarl, L50, M|100/100
|switch|p2b: Charizard|Charizard, L50, M|100/100
|-ability|p1a: bố meta|Unnerve
|turn|1
|inactive|sophiadeclare has 30 seconds left.
|inactive|sophiadeclare has 20 seconds left.
|inactive|sophiadeclare has 15 seconds left.
|
|t:|1784134808
|switch|p2b: Archaludon|Archaludon, L50, F|100/100
|detailschange|p1b: bố mày|Charizard-Mega-Y, L50, M, shiny
|-mega|p1b: bố mày|Charizard|Charizardite Y
|-weather|SunnyDay|[from] ability: Drought|[of] p1b: bố mày
|move|p2a: Grimmsnarl|Light Screen|p2a: Grimmsnarl
|-sidestart|p2: beruwu|move: Light Screen
|move|p1a: bố meta|Rock Slide|p2a: Grimmsnarl|[spread] p2a,p2b
|-resisted|p2b: Archaludon|1
|-damage|p2a: Grimmsnarl|79/100
|-damage|p2b: Archaludon|92/100
|-ability|p2b: Archaludon|Stamina|boost
|-boost|p2b: Archaludon|def|1
|move|p1b: bố mày|Weather Ball|p2b: Archaludon
|-damage|p2b: Archaludon|43/100
|-ability|p2b: Archaludon|Stamina|boost
|-boost|p2b: Archaludon|def|1
|
|-weather|SunnyDay|[upkeep]
|-heal|p2b: Archaludon|49/100|[from] item: Leftovers
|upkeep
|turn|2
|inactive|sophiadeclare has 30 seconds left.
|inactive|beruwu has 30 seconds left.
|inactive|sophiadeclare has 20 seconds left.
|inactive|sophiadeclare has 15 seconds left.
|
|t:|1784134858
|move|p2a: Grimmsnarl|Parting Shot|p1a: bố meta
|-unboost|p1a: bố meta|atk|1
|-unboost|p1a: bố meta|spa|1
|
|t:|1784134862
|switch|p2a: Pelipper|Pelipper, L50, F|100/100|[from] Parting Shot
|-weather|RainDance|[from] ability: Drizzle|[of] p2a: Pelipper
|move|p1a: bố meta|Dual Wingbeat|p2a: Pelipper
|-damage|p2a: Pelipper|89/100
|-damage|p2a: Pelipper|78/100
|-hitcount|p2a: Pelipper|2
|move|p1b: bố mày|Weather Ball|p2b: Archaludon
|-resisted|p2b: Archaludon|1
|-damage|p2b: Archaludon|32/100
|-ability|p2b: Archaludon|Stamina|boost
|-boost|p2b: Archaludon|def|1
|move|p2b: Archaludon|Electro Shot||[still]
|-prepare|p2b: Archaludon|Electro Shot
|-boost|p2b: Archaludon|spa|1
|-anim|p2b: Archaludon|Electro Shot|p1b: bố mày
|-supereffective|p1b: bố mày|1
|-damage|p1b: bố mày|3/100
|
|-weather|RainDance|[upkeep]
|-heal|p2b: Archaludon|39/100|[from] item: Leftovers
|upkeep
|turn|3
|inactive|sophiadeclare has 30 seconds left.
|inactive|beruwu has 30 seconds left.
|inactive|beruwu has 20 seconds left.
|
|t:|1784134898
|switch|p1b: sủa|Sylveon, L50, F, shiny|100/100
|move|p1a: bố meta|Tailwind|p1a: bố meta
|-sidestart|p1: sophiadeclare|move: Tailwind
|move|p2b: Archaludon|Electro Shot||[still]
|-prepare|p2b: Archaludon|Electro Shot
|-boost|p2b: Archaludon|spa|1
|-anim|p2b: Archaludon|Electro Shot|p1a: bố meta
|-supereffective|p1a: bố meta|1
|-damage|p1a: bố meta|0 fnt
|faint|p1a: bố meta
|move|p2a: Pelipper|Weather Ball|p1b: sủa
|-damage|p1b: sủa|47/100
|
|-weather|RainDance|[upkeep]
|-heal|p2b: Archaludon|45/100|[from] item: Leftovers
|upkeep
|
|t:|1784134905
|switch|p1a: bố mày|Charizard-Mega-Y, L50, M, shiny|3/100
|-weather|SunnyDay|[from] ability: Drought|[of] p1a: bố mày
|turn|4
|
|t:|1784134929
|switch|p2a: Grimmsnarl|Grimmsnarl, L50, M|79/100
|move|p2b: Archaludon|Protect|p2b: Archaludon
|-singleturn|p2b: Archaludon|Protect
|move|p1a: bố mày|Weather Ball|p2b: Archaludon
|-activate|p2b: Archaludon|move: Protect
|move|p1b: sủa|Hyper Voice|p2a: Grimmsnarl|[spread] p2a
|-activate|p2b: Archaludon|move: Protect
|-supereffective|p2a: Grimmsnarl|1
|-damage|p2a: Grimmsnarl|19/100
|
|-weather|SunnyDay|[upkeep]
|-heal|p2b: Archaludon|51/100|[from] item: Leftovers
|upkeep
|turn|5
|c|☆beruwu|ủa sao nãy h
|inactive|sophiadeclare has 30 seconds left.
|inactive|beruwu has 30 seconds left.
|c|☆beruwu|light clay nó k hd kìa
|inactive|sophiadeclare has 20 seconds left.
|inactive|beruwu has 20 seconds left.
|inactive|sophiadeclare has 15 seconds left.
|inactive|beruwu has 15 seconds left.
|inactive|beruwu has 10 seconds left.
|inactive|sophiadeclare has 10 seconds left.
|
|t:|1784134981
|switch|p1a: cha già|Kingambit, L50, M, shiny|100/100
|move|p2a: Grimmsnarl|Parting Shot|p1b: sủa
|-unboost|p1b: sủa|atk|1
|-unboost|p1b: sủa|spa|1
|c|☆sophiadeclare|idk
|
|t:|1784134989
|switch|p2a: Pelipper|Pelipper, L50, F|78/100|[from] Parting Shot
|-weather|RainDance|[from] ability: Drizzle|[of] p2a: Pelipper
|move|p1b: sủa|Hyper Voice|p2a: Pelipper|[spread] p2a,p2b
|-damage|p2a: Pelipper|48/100
|-damage|p2b: Archaludon|31/100
|-ability|p2b: Archaludon|Stamina|boost
|-boost|p2b: Archaludon|def|1
|-enditem|p2a: Pelipper|Sitrus Berry|[eat]
|-heal|p2a: Pelipper|73/100|[from] item: Sitrus Berry
|move|p2b: Archaludon|Electro Shot||[still]
|-prepare|p2b: Archaludon|Electro Shot
|-boost|p2b: Archaludon|spa|1
|-anim|p2b: Archaludon|Electro Shot|p1a: cha già
|-damage|p1a: cha già|2/100
|
|-weather|RainDance|[upkeep]
|-heal|p2b: Archaludon|38/100|[from] item: Leftovers
|upkeep
|turn|6
|inactive|sophiadeclare has 30 seconds left.
|inactive|beruwu has 30 seconds left.
|inactive|sophiadeclare has 20 seconds left.
|
|t:|1784135026
|move|p2b: Archaludon|Protect|p2b: Archaludon
|-singleturn|p2b: Archaludon|Protect
|move|p1a: cha già|Low Kick|p2b: Archaludon
|-activate|p2b: Archaludon|move: Protect
|move|p1b: sủa|Hyper Beam|p2b: Archaludon
|-activate|p2b: Archaludon|move: Protect
|move|p2a: Pelipper|Weather Ball|p1b: sủa
|-damage|p1b: sủa|0 fnt
|faint|p1b: sủa
|
|-weather|RainDance|[upkeep]
|-heal|p2b: Archaludon|44/100|[from] item: Leftovers
|-sideend|p1: sophiadeclare|move: Tailwind
|upkeep
|
|t:|1784135030
|switch|p1b: bố mày|Charizard-Mega-Y, L50, M, shiny|3/100
|-weather|SunnyDay|[from] ability: Drought|[of] p1b: bố mày
|turn|7
|
|t:|1784135054
|switch|p2b: Charizard|Charizard, L50, M|100/100
|switch|p2a: Grimmsnarl|Grimmsnarl, L50, M|19/100
|move|p1a: cha già|Sucker Punch||[still]
|-fail|p1a: cha già
|move|p1b: bố mày|Weather Ball|p2b: Charizard
|-resisted|p2b: Charizard|1
|-damage|p2b: Charizard|67/100
|
|-weather|SunnyDay|[upkeep]
|upkeep
|turn|8
|inactive|sophiadeclare has 30 seconds left.
|
|t:|1784135084
|detailschange|p2b: Charizard|Charizard-Mega-Y, L50, M
|-mega|p2b: Charizard|Charizard|Charizardite Y
|move|p1a: cha già|Sucker Punch|p2b: Charizard
|-damage|p2b: Charizard|27/100
|move|p2a: Grimmsnarl|Reflect|p2a: Grimmsnarl
|-sidestart|p2: beruwu|Reflect
|move|p2b: Charizard|Heat Wave|p1a: cha già|[spread] p1a,p1b
|-supereffective|p1a: cha già|1
|-resisted|p1b: bố mày|1
|-damage|p1a: cha già|0 fnt
|-damage|p1b: bố mày|0 fnt
|faint|p1a: cha già
|faint|p1b: bố mày
|
|win|beruwu
|c|☆beruwu|quả team bố đời vcl
|c|☆sophiadeclare|chiu chet
|c|☆sophiadeclare|start kieu gi cung bi tron
|c|☆sophiadeclare|mà phải đoán cái rock slide
|c|☆sophiadeclare|=]]
|c|☆sophiadeclare|tiep thoi
|c|☆beruwu|char y đ cần làm j
|c|☆sophiadeclare|gap nhieu con biet
|c|☆beruwu|oke moi lai di
|c|☆sophiadeclare|ye
|c|☆beruwu|cần train team j
|l|☆sophiadeclare
|player|p1|
|l|☆beruwu
|player|p2|
|j|☆sophiadeclare
|player|p1|sophiadeclare|hilbert-wonderlauncher|
