|j|☆madmarashi
|j|☆eztico
|html|madmarashieztico    
|uhtml|bestof|Game 2 of a best-of-3
|t:|1782337769
|gametype|doubles
|player|p1|madmarashi|dawn|1159
|player|p2|eztico|101|1118
|gen|9
|tier|[Gen 9 Champions] VGC 2026 Reg M-B (Bo3)
|rated|
|rule|Species Clause: Limit one of each Pokémon
|rule|Item Clause: Limit 1 of each item
|clearpoke
|poke|p1|Chandelure, L50, F, shiny|
|poke|p1|Aerodactyl, L50, M|
|poke|p1|Sinistcha-Masterpiece, L50|
|poke|p1|Sneasler, L50, M|
|poke|p1|Garchomp, L50, F, shiny|
|poke|p1|Heliolisk, L50, F, shiny|
|poke|p2|Floette-Eternal, L50, F|
|poke|p2|Charizard, L50, M|
|poke|p2|Garchomp, L50, M|
|poke|p2|Whimsicott, L50, F|
|poke|p2|Basculegion, L50, M|
|poke|p2|Kingambit, L50, F|
|teampreview|4
|showteam|p1|Chandelure||Chandelurite|FlashFire|Protect,Flamethrower,ShadowBall,EnergyBall|Modest||F|||50|]Aerodactyl||FocusSash|Unnerve|Protect,Tailwind,RockSlide,DualWingbeat|Jolly||M|||50|]Sinistcha-Masterpiece||Leftovers|Hospitality|Protect,TrickRoom,MatchaGotcha,RagePowder|Calm|||||50|]Sneasler||WhiteHerb|Unburden|Protect,FakeOut,DireClaw,CloseCombat|Adamant||M|||50|]Garchomp||LifeOrb|RoughSkin|DragonClaw,RockSlide,StompingTantrum,Earthquake|Jolly||F|||50|]Heliolisk||ExpertBelt|DrySkin|Protect,Thunderbolt,Glare,GrassKnot|Timid||F|||50|
|showteam|p2|Floette-Eternal||Floettite|FlowerVeil|Protect,DazzlingGleam,CalmMind,DrainingKiss|Modest||F|||50|]Charizard||CharizarditeY|Blaze|Protect,WeatherBall,SolarBeam,HeatWave|Modest||M|||50|]Garchomp||LifeOrb|RoughSkin|Protect,DragonClaw,RockSlide,StompingTantrum|Jolly||M|||50|]Whimsicott||FocusSash|Prankster|Protect,Tailwind,WorrySeed,EnergyBall|Timid||F|||50|]Basculegion||ChoiceScarf|Adaptability|LastRespects,WaveCrash,FlipTurn,AquaJet|Jolly||M|||50|]Kingambit||ChopleBerry|Defiant|KowtowCleave,SuckerPunch,LowKick,IronHead|Adamant||F|||50|
|inactive|Battle timer is ON: inactive players will automatically lose when time's up. (requested by eztico)
|
|t:|1782337801
|teamsize|p1|4
|teamsize|p2|4
|start
|switch|p1a: Candelabro|Chandelure, L50, F, shiny|100/100
|switch|p1b: No mi ciela|Sneasler, L50, M|100/100
|switch|p2a: Charizard|Charizard, L50, M|100/100
|switch|p2b: Whimsicott|Whimsicott, L50, F|100/100
|turn|1
|
|t:|1782337820
|detailschange|p1a: Candelabro|Chandelure-Mega, L50, F, shiny
|-mega|p1a: Candelabro|Chandelure|Chandelurite
|move|p2b: Whimsicott|Protect|p2b: Whimsicott
|-singleturn|p2b: Whimsicott|Protect
|move|p2a: Charizard|Protect|p2a: Charizard
|-singleturn|p2a: Charizard|Protect
|move|p1b: No mi ciela|Fake Out|p2a: Charizard
|-activate|p2a: Charizard|move: Protect
|move|p1a: Candelabro|Flamethrower|p2a: Charizard
|-activate|p2a: Charizard|move: Protect
|
|upkeep
|turn|2
|inactive|eztico has 30 seconds left.
|
|t:|1782337853
|detailschange|p2a: Charizard|Charizard-Mega-Y, L50, M
|-mega|p2a: Charizard|Charizard|Charizardite Y
|-weather|SunnyDay|[from] ability: Drought|[of] p2a: Charizard
|move|p2b: Whimsicott|Tailwind|p2b: Whimsicott
|-sidestart|p2: eztico|move: Tailwind
|move|p2a: Charizard|Heat Wave|p1b: No mi ciela|[spread] p1a,p1b
|-resisted|p1a: Candelabro|1
|-damage|p1a: Candelabro|67/100
|-damage|p1b: No mi ciela|16/100
|move|p1b: No mi ciela|Dire Claw|p2a: Charizard
|-damage|p2a: Charizard|53/100
|move|p1a: Candelabro|Flamethrower|p2a: Charizard
|-resisted|p2a: Charizard|1
|-damage|p2a: Charizard|5/100
|
|-weather|SunnyDay|[upkeep]
|upkeep
|turn|3
|inactive|eztico has 30 seconds left.
|inactive|eztico has 20 seconds left.
|
|t:|1782337893
|move|p1b: No mi ciela|Protect|p1b: No mi ciela
|-singleturn|p1b: No mi ciela|Protect
|move|p2b: Whimsicott|Energy Ball|p1b: No mi ciela
|-activate|p1b: No mi ciela|move: Protect
|move|p2a: Charizard|Heat Wave|p1a: Candelabro|[spread] 
|-activate|p1b: No mi ciela|move: Protect
|-miss|p2a: Charizard|p1a: Candelabro
|move|p1a: Candelabro|Flamethrower|p2a: Charizard
|-resisted|p2a: Charizard|1
|-damage|p2a: Charizard|0 fnt
|faint|p2a: Charizard
|
|-weather|SunnyDay|[upkeep]
|upkeep
|
|t:|1782337911
|switch|p2a: Basculegion|Basculegion, L50, M|100/100
|turn|4
|
|t:|1782337924
|switch|p1b: Argentina|Sinistcha-Masterpiece, L50|100/100
|-heal|p1a: Candelabro|92/100|[from] ability: Hospitality|[of] p1b: Argentina
|move|p1a: Candelabro|Protect|p1a: Candelabro
|-singleturn|p1a: Candelabro|Protect
|move|p2a: Basculegion|Last Respects|p1a: Candelabro
|-activate|p1a: Candelabro|move: Protect
|move|p2b: Whimsicott|Energy Ball|p1b: Argentina
|-resisted|p1b: Argentina|1
|-damage|p1b: Argentina|86/100
|
|-weather|SunnyDay|[upkeep]
|-heal|p1b: Argentina|92/100|[from] item: Leftovers
|upkeep
|turn|5
|
|t:|1782337949
|switch|p2a: Kingambit|Kingambit, L50, F|100/100
|switch|p1a: No mi ciela|Sneasler, L50, M|16/100
|move|p2b: Whimsicott|Protect|p2b: Whimsicott
|-singleturn|p2b: Whimsicott|Protect
|move|p1b: Argentina|Trick Room|p1b: Argentina
|-fieldstart|move: Trick Room|[of] p1b: Argentina
|
|-weather|SunnyDay|[upkeep]
|-heal|p1b: Argentina|98/100|[from] item: Leftovers
|-sideend|p2: eztico|move: Tailwind
|upkeep
|turn|6
|inactive|madmarashi has 30 seconds left.
|
|t:|1782337983
|move|p2a: Kingambit|Kowtow Cleave|p1a: No mi ciela
|-resisted|p1a: No mi ciela|1
|-damage|p1a: No mi ciela|0 fnt
|faint|p1a: No mi ciela
|move|p1b: Argentina|Matcha Gotcha|p2b: Whimsicott|[spread] p2a,p2b
|-resisted|p2a: Kingambit|1
|-resisted|p2b: Whimsicott|1
|-damage|p2a: Kingambit|87/100
|-heal|p1b: Argentina|100/100|[from] drain|[of] p2a: Kingambit
|-damage|p2b: Whimsicott|78/100
|move|p2b: Whimsicott|Energy Ball|p1b: Argentina
|-resisted|p1b: Argentina|1
|-damage|p1b: Argentina|85/100
|
|-weather|none
|-heal|p1b: Argentina|92/100|[from] item: Leftovers
|upkeep
|
|t:|1782337999
|switch|p1a: Candelabro|Chandelure-Mega, L50, F, shiny|92/100
|turn|7
|
|t:|1782338014
|move|p2b: Whimsicott|Protect|p2b: Whimsicott
|-singleturn|p2b: Whimsicott|Protect
|move|p2a: Kingambit|Kowtow Cleave|p1a: Candelabro
|-supereffective|p1a: Candelabro|1
|-damage|p1a: Candelabro|0 fnt
|faint|p1a: Candelabro
|move|p1b: Argentina|Trick Room|p1b: Argentina
|-fieldend|move: Trick Room
|
|-heal|p1b: Argentina|98/100|[from] item: Leftovers
|upkeep
|-message|madmarashi forfeited.
|
|win|eztico
|raw|madmarashi's rating: 1159 → 1131(-28 for losing)
|raw|eztico's rating: 1118 → 1146(+28 for winning)
|l|☆madmarashi
|player|p1|
