|j|☆Mimastrid
|j|☆ultraclaw1
|html|Mimastridultraclaw1    
|uhtml|bestof|Game 3 of a best-of-3
|t:|1783933042
|gametype|doubles
|player|p1|Mimastrid|akari|1346
|player|p2|ultraclaw1|brycenman|1340
|gen|9
|tier|[Gen 9 Champions] VGC 2026 Reg M-B (Bo3)
|rated|
|rule|Species Clause: Limit one of each Pokémon
|rule|Item Clause: Limit 1 of each item
|clearpoke
|poke|p1|Charizard, L50, F|
|poke|p1|Whimsicott, L50, F, shiny|
|poke|p1|Gholdengo, L50|
|poke|p1|Garchomp, L50, F|
|poke|p1|Incineroar, L50, F, shiny|
|poke|p1|Basculegion, L50, M, shiny|
|poke|p2|Maushold, L50|
|poke|p2|Kingambit, L50, M|
|poke|p2|Garchomp, L50, M|
|poke|p2|Basculegion, L50, M|
|poke|p2|Talonflame, L50, M|
|poke|p2|Floette-Eternal, L50, F|
|teampreview|4
|showteam|p1|Charizard||CharizarditeY|Blaze|HeatWave,WeatherBall,SolarBeam,Protect|Modest||F|||50|]Whimsicott||FocusSash|Prankster|Moonblast,Tailwind,FakeTears,Protect|Timid||F|||50|]Gholdengo||LifeOrb|GoodasGold|MakeItRain,ShadowBall,NastyPlot,Protect|Timid|||||50|]Garchomp||SitrusBerry|RoughSkin|Earthquake,DragonClaw,RockSlide,Protect|Adamant||F|||50|]Incineroar||ShucaBerry|Intimidate|FlareBlitz,ThroatChop,FakeOut,PartingShot|Impish||F|||50|]Basculegion||ChoiceScarf|Adaptability|WaveCrash,LastRespects,AquaJet,FlipTurn|Jolly||M|||50|
|showteam|p2|Maushold||FocusSash|FriendGuard|SuperFang,Feint,FollowMe,Protect|Timid|||||50|]Kingambit||ChopleBerry|Defiant|KowtowCleave,SuckerPunch,LowKick,IronHead|Adamant||M|||50|]Garchomp||LifeOrb|RoughSkin|RockSlide,Earthquake,DragonClaw,Protect|Jolly||M|||50|]Basculegion||MysticWater|Adaptability|WaveCrash,LastRespects,AquaJet,Protect|Adamant||M|||50|]Talonflame||SharpBeak|GaleWings|QuickGuard,DualWingbeat,Tailwind,Protect|Jolly||M|||50|]Floette-Eternal||Floettite|FlowerVeil|LightofRuin,Protect,Moonblast,DazzlingGleam|Modest||F|||50|
|inactive|Battle timer is ON: inactive players will automatically lose when time's up. (requested by Mimastrid)
|inactive|ultraclaw1 also wants the timer to be on.
|
|t:|1783933067
|teamsize|p1|4
|teamsize|p2|4
|start
|switch|p1a: Charizard|Charizard, L50, F|100/100
|switch|p1b: Whimsicott|Whimsicott, L50, F, shiny|100/100
|switch|p2a: Talonflame|Talonflame, L50, M|100/100
|switch|p2b: Basculegion|Basculegion, L50, M|100/100
|turn|1
|
|t:|1783933077
|detailschange|p1a: Charizard|Charizard-Mega-Y, L50, F
|-mega|p1a: Charizard|Charizard|Charizardite Y
|-weather|SunnyDay|[from] ability: Drought|[of] p1a: Charizard
|move|p1b: Whimsicott|Protect|p1b: Whimsicott
|-singleturn|p1b: Whimsicott|Protect
|move|p2a: Talonflame|Tailwind|p2a: Talonflame
|-sidestart|p2: ultraclaw1|move: Tailwind
|move|p2b: Basculegion|Wave Crash|p1a: Charizard
|-supereffective|p1a: Charizard|1
|-damage|p1a: Charizard|0 fnt
|faint|p1a: Charizard
|-damage|p2b: Basculegion|74/100|[from] Recoil
|
|-weather|SunnyDay|[upkeep]
|upkeep
|
|t:|1783933087
|switch|p1a: Incineroar|Incineroar, L50, F, shiny|100/100
|-ability|p1a: Incineroar|Intimidate|boost
|-unboost|p2a: Talonflame|atk|1
|-unboost|p2b: Basculegion|atk|1
|turn|2
|
|t:|1783933092
|move|p2a: Talonflame|Quick Guard|p2a: Talonflame
|-singleturn|p2a: Talonflame|Quick Guard
|move|p1a: Incineroar|Fake Out|p2a: Talonflame
|-activate|p2a: Talonflame|move: Quick Guard
|move|p1b: Whimsicott|Tailwind|p1b: Whimsicott
|-sidestart|p1: Mimastrid|move: Tailwind
|move|p2b: Basculegion|Wave Crash|p1a: Incineroar
|-supereffective|p1a: Incineroar|1
|-damage|p1a: Incineroar|52/100
|-damage|p2b: Basculegion|57/100|[from] Recoil
|
|-weather|SunnyDay|[upkeep]
|upkeep
|turn|3
|
|t:|1783933103
|move|p1b: Whimsicott|Protect|p1b: Whimsicott
|-singleturn|p1b: Whimsicott|Protect
|move|p2a: Talonflame|Dual Wingbeat|p1b: Whimsicott
|-activate|p1b: Whimsicott|move: Protect
|move|p2b: Basculegion|Aqua Jet|p1b: Whimsicott
|-activate|p1b: Whimsicott|move: Protect
|move|p1a: Incineroar|Parting Shot|p2a: Talonflame
|-unboost|p2a: Talonflame|atk|1
|-unboost|p2a: Talonflame|spa|1
|
|t:|1783933109
|switch|p1a: Basculegion|Basculegion, L50, M, shiny|100/100|[from] Parting Shot
|
|-weather|SunnyDay|[upkeep]
|upkeep
|turn|4
|
|t:|1783933117
|switch|p2a: Garchomp|Garchomp, L50, M|100/100
|switch|p1b: Incineroar|Incineroar, L50, F, shiny|52/100
|-ability|p1b: Incineroar|Intimidate|boost
|-unboost|p2a: Garchomp|atk|1
|-unboost|p2b: Basculegion|atk|1
|move|p1a: Basculegion|Last Respects|p2a: Garchomp
|-damage|p2a: Garchomp|34/100
|move|p2b: Basculegion|Last Respects|p1a: Basculegion
|-supereffective|p1a: Basculegion|1
|-damage|p1a: Basculegion|51/100
|
|-weather|SunnyDay|[upkeep]
|-sideend|p2: ultraclaw1|move: Tailwind
|upkeep
|turn|5
|
|t:|1783933133
|move|p2a: Garchomp|Protect|p2a: Garchomp
|-singleturn|p2a: Garchomp|Protect
|move|p1a: Basculegion|Last Respects|p2b: Basculegion
|-supereffective|p2b: Basculegion|1
|-damage|p2b: Basculegion|0 fnt
|faint|p2b: Basculegion
|move|p1b: Incineroar|Throat Chop|p2a: Garchomp
|-activate|p2a: Garchomp|move: Protect
|
|-weather|none
|-sideend|p1: Mimastrid|move: Tailwind
|upkeep
|
|t:|1783933137
|switch|p2b: Talonflame|Talonflame, L50, M|100/100
|turn|6
|
|t:|1783933143
|move|p2b: Talonflame|Tailwind|p2b: Talonflame
|-sidestart|p2: ultraclaw1|move: Tailwind
|move|p2a: Garchomp|Earthquake|p1a: Basculegion|[spread] p1a,p1b
|-immune|p2b: Talonflame
|-supereffective|p1b: Incineroar|1
|-enditem|p1b: Incineroar|Shuca Berry|[eat]
|-enditem|p1b: Incineroar|Shuca Berry|[weaken]
|-damage|p1a: Basculegion|3/100
|-damage|p1b: Incineroar|26/100
|-damage|p2a: Garchomp|24/100|[from] item: Life Orb
|move|p1a: Basculegion|Last Respects|p2b: Talonflame
|-damage|p2b: Talonflame|0 fnt
|faint|p2b: Talonflame
|move|p1b: Incineroar|Throat Chop|p2a: Garchomp
|-damage|p2a: Garchomp|0 fnt
|-damage|p1b: Incineroar|13/100|[from] ability: Rough Skin|[of] p2a: Garchomp
|faint|p2a: Garchomp
|
|upkeep
|
|t:|1783933146
|switch|p2b: Floette|Floette-Eternal, L50, F|100/100
|turn|7
|
|t:|1783933156
|switch|p1a: Whimsicott|Whimsicott, L50, F, shiny|100/100
|detailschange|p2b: Floette|Floette-Mega, L50, F
|-mega|p2b: Floette|Floette|Floettite
|-ability|p2b: Floette|Fairy Aura
|move|p2b: Floette|Dazzling Gleam|p1a: Whimsicott|[spread] p1a,p1b
|-damage|p1a: Whimsicott|9/100
|-damage|p1b: Incineroar|0 fnt
|faint|p1b: Incineroar
|
|upkeep
|
|t:|1783933162
|switch|p1b: Basculegion|Basculegion, L50, M, shiny|3/100
|turn|8
|
|t:|1783933168
|move|p1a: Whimsicott|Tailwind|p1a: Whimsicott
|-sidestart|p1: Mimastrid|move: Tailwind
|move|p1b: Basculegion|Last Respects|p2b: Floette
|-damage|p2b: Floette|0 fnt
|faint|p2b: Floette
|
|win|Mimastrid
|raw|Mimastrid's rating: 1346 → 1366(+20 for winning)
|raw|ultraclaw1's rating: 1340 → 1320(-20 for losing)
|l|☆Mimastrid
|player|p1|
|l|☆ultraclaw1
|player|p2|
|j|☆ultraclaw1
|player|p2|ultraclaw1|brycenman|
