|j|☆protectthyking34
|j|☆tavinn_n
|html|protectthyking34tavinn_n    
|uhtml|bestof|Game 3 of a best-of-3
|t:|1785084123
|gametype|doubles
|player|p1|protectthyking34|rocketgrunt|1257
|player|p2|tavinn_n|ghetsis|1374
|gen|9
|tier|[Gen 9 Champions] VGC 2026 Reg M-B (Bo3)
|rated|
|rule|Species Clause: Limit one of each Pokémon
|rule|Item Clause: Limit 1 of each item
|clearpoke
|poke|p1|Delphox, L50, F|
|poke|p1|Incineroar, L50, M|
|poke|p1|Sneasler, L50, M|
|poke|p1|Sinistcha, L50|
|poke|p1|Kingambit, L50, F|
|poke|p1|Blastoise, L50, M|
|poke|p2|Tyranitar, L50, F|
|poke|p2|Excadrill, L50, F|
|poke|p2|Milotic, L50, F|
|poke|p2|Sinistcha, L50|
|poke|p2|Staraptor, L50, F|
|poke|p2|Gholdengo, L50|
|teampreview|4
|showteam|p1|Delphox||Delphoxite|Blaze|NastyPlot,Protect,Psyshock,HeatWave|Timid||F|||50|]Incineroar||SitrusBerry|Intimidate|FakeOut,PartingShot,FlareBlitz,DarkestLariat|Impish||M|||50|]Sneasler||FocusSash|PoisonTouch|GunkShot,FakeOut,CloseCombat,QuickGuard|Jolly||M|||50|]Sinistcha||OccaBerry|Hospitality|MatchaGotcha,RagePowder,TrickRoom,Protect|Calm|||||50|]Kingambit||BlackGlasses|Defiant|SuckerPunch,KowtowCleave,LowKick,Protect|Adamant||F|||50|]Blastoise||Blastoisinite|RainDish|ShellSmash,WaterSpout,DarkPulse,Protect|Timid||M|||50|
|showteam|p2|Tyranitar||Tyranitarite|SandStream|KnockOff,RockSlide,HighHorsepower,Protect|Jolly||F|||50|]Excadrill||FocusSash|SandRush|HighHorsepower,IronHead,RockSlide,Protect|Jolly||F|||50|]Milotic||SitrusBerry|Competitive|Scald,IcyWind,Haze,Protect|Calm||F|||50|]Sinistcha||ColburBerry|Hospitality|MatchaGotcha,ShadowBall,Protect,RagePowder|Bold|||||50|]Staraptor||Staraptite|Intimidate|CloseCombat,BraveBird,Tailwind,Protect|Jolly||F|||50|]Gholdengo||LifeOrb|GoodasGold|MakeItRain,ShadowBall,NastyPlot,Protect|Modest|||||50|
|inactive|Battle timer is ON: inactive players will automatically lose when time's up. (requested by tavinn_n)
|
|t:|1785084137
|teamsize|p1|4
|teamsize|p2|4
|start
|switch|p1a: Delphox|Delphox, L50, F|100/100
|switch|p1b: Incineroar|Incineroar, L50, M|100/100
|switch|p2a: Milotic|Milotic, L50, F|100/100
|switch|p2b: Gholdengo|Gholdengo, L50|100/100
|-ability|p1b: Incineroar|Intimidate|boost
|-unboost|p2a: Milotic|atk|1
|-ability|p2a: Milotic|Competitive|boost
|-boost|p2a: Milotic|spa|2
|-unboost|p2b: Gholdengo|atk|1
|turn|1
|
|t:|1785084149
|detailschange|p1a: Delphox|Delphox-Mega, L50, F
|-mega|p1a: Delphox|Delphox|Delphoxite
|move|p1b: Incineroar|Fake Out|p2a: Milotic
|-damage|p2a: Milotic|90/100
|move|p1a: Delphox|Heat Wave|p2a: Milotic|[spread] p2a,p2b
|-resisted|p2a: Milotic|1
|-supereffective|p2b: Gholdengo|1
|-damage|p2a: Milotic|76/100
|-damage|p2b: Gholdengo|17/100
|cant|p2a: Milotic|flinch
|move|p2b: Gholdengo|Shadow Ball|p1a: Delphox
|-supereffective|p1a: Delphox|1
|-damage|p1a: Delphox|4/100
|-damage|p2b: Gholdengo|7/100|[from] item: Life Orb
|
|upkeep
|turn|2
|
|t:|1785084174
|switch|p1a: Kingambit|Kingambit, L50, F|100/100
|switch|p2b: Tyranitar|Tyranitar, L50, F|100/100
|-weather|Sandstorm|[from] ability: Sand Stream|[of] p2b: Tyranitar
|switch|p1b: Sinistcha|Sinistcha, L50|100/100
|move|p2a: Milotic|Scald|p1b: Sinistcha
|-resisted|p1b: Sinistcha|1
|-damage|p1b: Sinistcha|71/100
|
|-weather|Sandstorm|[upkeep]
|-damage|p2a: Milotic|71/100|[from] Sandstorm
|-damage|p1b: Sinistcha|65/100|[from] Sandstorm
|upkeep
|turn|3
|
|t:|1785084192
|switch|p1b: Incineroar|Incineroar, L50, M|100/100
|-ability|p1b: Incineroar|Intimidate|boost
|-unboost|p2a: Milotic|atk|1
|-ability|p2a: Milotic|Competitive|boost
|-boost|p2a: Milotic|spa|2
|-unboost|p2b: Tyranitar|atk|1
|detailschange|p2b: Tyranitar|Tyranitar-Mega, L50, F
|-mega|p2b: Tyranitar|Tyranitar|Tyranitarite
|move|p2b: Tyranitar|Knock Off|p1b: Incineroar
|-resisted|p1b: Incineroar|1
|-damage|p1b: Incineroar|85/100
|-enditem|p1b: Incineroar|Sitrus Berry|[from] move: Knock Off|[of] p2b: Tyranitar
|move|p2a: Milotic|Scald|p1a: Kingambit
|-damage|p1a: Kingambit|9/100
|move|p1a: Kingambit|Kowtow Cleave|p2a: Milotic
|-damage|p2a: Milotic|15/100
|-enditem|p2a: Milotic|Sitrus Berry|[eat]
|-heal|p2a: Milotic|40/100|[from] item: Sitrus Berry
|
|-weather|Sandstorm|[upkeep]
|-damage|p2a: Milotic|34/100|[from] Sandstorm
|-damage|p1b: Incineroar|79/100|[from] Sandstorm
|upkeep
|turn|4
|
|t:|1785084214
|switch|p1b: Sinistcha|Sinistcha, L50|65/100
|-heal|p1a: Kingambit|33/100|[from] ability: Hospitality|[of] p1b: Sinistcha
|move|p2b: Tyranitar|Protect|p2b: Tyranitar
|-singleturn|p2b: Tyranitar|Protect
|move|p2a: Milotic|Protect|p2a: Milotic
|-singleturn|p2a: Milotic|Protect
|move|p1a: Kingambit|Protect||[still]
|-fail|p1a: Kingambit
|
|-weather|Sandstorm|[upkeep]
|-damage|p2a: Milotic|28/100|[from] Sandstorm
|-damage|p1b: Sinistcha|58/100|[from] Sandstorm
|upkeep
|turn|5
|
|t:|1785084228
|move|p1b: Sinistcha|Rage Powder|p1b: Sinistcha
|-singleturn|p1b: Sinistcha|move: Rage Powder
|move|p2b: Tyranitar|Knock Off|p1b: Sinistcha
|-supereffective|p1b: Sinistcha|1
|-damage|p1b: Sinistcha|0 fnt
|-enditem|p1b: Sinistcha|Occa Berry|[from] move: Knock Off|[of] p2b: Tyranitar
|faint|p1b: Sinistcha
|move|p2a: Milotic|Scald|p1a: Kingambit
|-damage|p1a: Kingambit|0 fnt
|faint|p1a: Kingambit
|
|-weather|Sandstorm|[upkeep]
|-damage|p2a: Milotic|23/100|[from] Sandstorm
|upkeep
|
|t:|1785084236
|switch|p1b: Incineroar|Incineroar, L50, M|79/100
|switch|p1a: Delphox|Delphox-Mega, L50, F|4/100
|-ability|p1b: Incineroar|Intimidate|boost
|-unboost|p2a: Milotic|atk|1
|-ability|p2a: Milotic|Competitive|boost
|-boost|p2a: Milotic|spa|2
|-unboost|p2b: Tyranitar|atk|1
|turn|6
|-message|protectthyking34 forfeited.
|
|win|tavinn_n
|raw|protectthyking34's rating: 1257 → 1240(-17 for losing)
|raw|tavinn_n's rating: 1374 → 1388(+14 for winning)
|l|☆protectthyking34
|player|p1|
|j|☆protectthyking34
|player|p1|protectthyking34|rocketgrunt|
|c|☆tavinn_n|gg
|c|☆protectthyking34|gg
|c|☆tavinn_n|nice trades, in game 2
|c|☆protectthyking34|ty still new to vgc
|c|☆protectthyking34|trying to figure shit out
|c|☆tavinn_n|u play nice
|c|☆protectthyking34|idk if switching was the call it felt good
|c|☆protectthyking34|ty
|c|☆protectthyking34|you played well also!
|c|☆tavinn_n|this balanc team is a very good team
|c|☆tavinn_n|i like to much
