|j|☆chestnot
|j|☆Wesrui
|html|chestnotWesrui    
|uhtml|bestof|Game 2 of a best-of-3
|t:|1757130204
|gametype|doubles
|player|p1|chestnot|collector|1136
|player|p2|Wesrui|silver|1118
|gen|9
|tier|[Gen 9] VGC 2025 Reg H (Bo3)
|rated|
|rule|Species Clause: Limit one of each Pokémon
|rule|Item Clause: Limit 1 of each item
|clearpoke
|poke|p1|Ceruledge, L50, M|
|poke|p1|Sableye, L50, M|
|poke|p1|Rillaboom, L50, F|
|poke|p1|Farigiraf, L50, F|
|poke|p1|Incineroar, L50, F|
|poke|p1|Tauros-Paldea-Aqua, L50, M|
|poke|p2|Sneasler, L50, M|
|poke|p2|Dragonite, L50, M|
|poke|p2|Rillaboom, L50, M|
|poke|p2|Basculegion, L50, M|
|poke|p2|Volcarona, L50, F|
|poke|p2|Kingambit, L50, F|
|teampreview|4
|showteam|p1|Ceruledge||GrassySeed|FlashFire|BitterBlade,Poltergeist,BulkUp,Protect|||M|||50|,,,,,Grass]Sableye||LightClay|Prankster|WillOWisp,LightScreen,Snarl,Encore|||M|||50|,,,,,Dark]Rillaboom||AssaultVest|GrassySurge|Uturn,DrumBeating,GrassyGlide,FakeOut|||F|||50|,,,,,Grass]Farigiraf||SafetyGoggles|ArmorTail|Psychic,HyperBeam,Protect,CalmMind|||F|||50|,,,,,Normal]Incineroar||RockyHelmet|Intimidate|KnockOff,PartingShot,FlareBlitz,FakeOut|||F|||50|,,,,,Bug]Tauros-Paldea-Aqua||MirrorHerb|Intimidate|CloseCombat,RagingBull,Protect,HighHorsepower|||M|||50|,,,,,Stellar
|showteam|p2|Sneasler||FocusSash|Unburden|CloseCombat,DireClaw,Coaching,Protect|||M|||50|,,,,,Ghost]Dragonite||LoadedDice|Multiscale|ScaleShot,ExtremeSpeed,Haze,Protect|||M|||50|,,,,,Fairy]Rillaboom||MiracleSeed|GrassySurge|WoodHammer,GrassyGlide,Taunt,FakeOut|||M|||50|,,,,,Fire]Basculegion||ChoiceScarf|Adaptability|WaveCrash,FlipTurn,LastRespects,TeraBlast|||M|||50|,,,,,Fairy]Volcarona||CovertCloak|FlameBody|HeatWave,TeraBlast,QuiverDance,Protect|||F|||50|,,,,,Fairy]Kingambit||AssaultVest|Defiant|KowtowCleave,SuckerPunch,IronHead,LowKick|||F|||50|,,,,,Ghost
|inactive|Battle timer is ON: inactive players will automatically lose when time's up. (requested by chestnot)
|inactive|Wesrui also wants the timer to be on.
|inactive|chestnot has 60 seconds left.
|inactive|Wesrui has 60 seconds left.
|inactive|Wesrui has 30 seconds left.
|inactive|Wesrui has 20 seconds left.
|
|t:|1757130276
|teamsize|p1|4
|teamsize|p2|4
|start
|switch|p1a: Incineroar|Incineroar, L50, F|100/100
|switch|p1b: Tauros|Tauros-Paldea-Aqua, L50, M|100/100
|switch|p2a: Volcarona|Volcarona, L50, F|100/100
|switch|p2b: Kingambit|Kingambit, L50, F|100/100
|-ability|p1b: Tauros|Intimidate|boost
|-unboost|p2a: Volcarona|atk|1
|-unboost|p2b: Kingambit|atk|1
|-ability|p2b: Kingambit|Defiant|boost
|-boost|p2b: Kingambit|atk|2
|-ability|p1a: Incineroar|Intimidate|boost
|-unboost|p2a: Volcarona|atk|1
|-unboost|p2b: Kingambit|atk|1
|-ability|p2b: Kingambit|Defiant|boost
|-boost|p2b: Kingambit|atk|2
|-enditem|p1b: Tauros|Mirror Herb
|-boost|p1b: Tauros|atk|4|[from] item: Mirror Herb
|turn|1
|inactive|chestnot has 30 seconds left.
|inactive|Wesrui has 30 seconds left.
|inactive|chestnot has 20 seconds left.
|inactive|chestnot has 15 seconds left.
|inactive|chestnot has 10 seconds left.
|
|t:|1757130323
|-terastallize|p1b: Tauros|Stellar
|-terastallize|p2a: Volcarona|Fairy
|move|p1b: Tauros|Raging Bull|p2b: Kingambit
|-damage|p2b: Kingambit|0 fnt
|faint|p2b: Kingambit
|move|p2a: Volcarona|Quiver Dance|p2a: Volcarona
|-boost|p2a: Volcarona|spa|1
|-boost|p2a: Volcarona|spd|1
|-boost|p2a: Volcarona|spe|1
|move|p1a: Incineroar|Knock Off|p2a: Volcarona
|-resisted|p2a: Volcarona
|-damage|p2a: Volcarona|74/100
|-enditem|p2a: Volcarona|Covert Cloak|[from] move: Knock Off|[of] p1a: Incineroar
|
|upkeep
|
|t:|1757130346
|switch|p2b: Sneasler|Sneasler, L50, M|100/100
|turn|2
|inactive|chestnot has 30 seconds left.
|inactive|chestnot has 20 seconds left.
|inactive|chestnot has 15 seconds left.
|
|t:|1757130386
|move|p1b: Tauros|Protect|p1b: Tauros
|-singleturn|p1b: Tauros|Protect
|move|p2a: Volcarona|Tera Blast|p1b: Tauros|[anim] Tera Blast Fairy
|-activate|p1b: Tauros|move: Protect
|move|p2b: Sneasler|Close Combat|p1a: Incineroar
|-supereffective|p1a: Incineroar
|-damage|p1a: Incineroar|0 fnt
|-unboost|p2b: Sneasler|def|1
|-unboost|p2b: Sneasler|spd|1
|-damage|p2b: Sneasler|84/100|[from] item: Rocky Helmet|[of] p1a: Incineroar
|faint|p1a: Incineroar
|
|upkeep
|
|t:|1757130403
|switch|p1a: Sableye|Sableye, L50, M|100/100
|turn|3
|
|t:|1757130418
|move|p1a: Sableye|Light Screen|p1a: Sableye
|-sidestart|p1: chestnot|move: Light Screen
|move|p2a: Volcarona|Tera Blast|p1a: Sableye|[anim] Tera Blast Fairy
|-supereffective|p1a: Sableye
|-damage|p1a: Sableye|8/100
|move|p2b: Sneasler|Dire Claw|p1b: Tauros
|-damage|p1b: Tauros|54/100
|-status|p1b: Tauros|slp
|cant|p1b: Tauros|slp
|
|upkeep
|turn|4
|
|t:|1757130435
|-curestatus|p1b: Tauros|slp|[msg]
|move|p1b: Tauros|Protect|p1b: Tauros
|-singleturn|p1b: Tauros|Protect
|move|p2a: Volcarona|Tera Blast|p1b: Tauros|[anim] Tera Blast Fairy
|-activate|p1b: Tauros|move: Protect
|move|p2b: Sneasler|Dire Claw|p1a: Sableye
|-resisted|p1a: Sableye
|-damage|p1a: Sableye|0 fnt
|faint|p1a: Sableye
|
|upkeep
|
|t:|1757130445
|switch|p1a: Ceruledge|Ceruledge, L50, M|100/100
|turn|5
|
|t:|1757130461
|switch|p2b: Dragonite|Dragonite, L50, M|100/100
|move|p2a: Volcarona|Tera Blast|p1b: Tauros|[anim] Tera Blast Fairy
|-supereffective|p1b: Tauros
|-damage|p1b: Tauros|0 fnt
|faint|p1b: Tauros
|move|p1a: Ceruledge|Bitter Blade|p2b: Dragonite
|-resisted|p2b: Dragonite
|-damage|p2b: Dragonite|89/100
|
|upkeep
|turn|6
|
|t:|1757130478
|move|p2a: Volcarona|Tera Blast|p1a: Ceruledge|[anim] Tera Blast Fairy
|-resisted|p1a: Ceruledge
|-damage|p1a: Ceruledge|83/100
|move|p2b: Dragonite|Scale Shot|p1a: Ceruledge|[miss]
|-miss|p2b: Dragonite|p1a: Ceruledge
|move|p1a: Ceruledge|Bitter Blade|p2a: Volcarona
|-damage|p2a: Volcarona|22/100
|-heal|p1a: Ceruledge|100/100|[from] drain|[of] p2a: Volcarona
|
|upkeep
|turn|7
|
|t:|1757130490
|move|p2a: Volcarona|Tera Blast|p1a: Ceruledge|[anim] Tera Blast Fairy
|-resisted|p1a: Ceruledge
|-damage|p1a: Ceruledge|84/100
|move|p2b: Dragonite|Scale Shot|p1a: Ceruledge
|-damage|p1a: Ceruledge|65/100
|-damage|p1a: Ceruledge|46/100
|-damage|p1a: Ceruledge|26/100
|-damage|p1a: Ceruledge|9/100
|-hitcount|p1a: Ceruledge|4
|-unboost|p2b: Dragonite|def|1
|-boost|p2b: Dragonite|spe|1
|move|p1a: Ceruledge|Poltergeist|p2b: Dragonite
|-activate|p2b: Dragonite|move: Poltergeist|Loaded Dice
|-damage|p2b: Dragonite|0 fnt
|faint|p2b: Dragonite
|
|upkeep
|
|t:|1757130506
|switch|p2b: Sneasler|Sneasler, L50, M|84/100
|turn|8
|
|t:|1757130510
|move|p2a: Volcarona|Tera Blast|p1a: Ceruledge|[anim] Tera Blast Fairy
|-resisted|p1a: Ceruledge
|-damage|p1a: Ceruledge|0 fnt
|faint|p1a: Ceruledge
|
|win|Wesrui
||chestnot is ready for game 3.
