|j|☆matyel2030
|j|☆FrancoilCieco777
|html|matyel2030FrancoilCieco777    
|uhtml|bestof|Game 2 of a best-of-3
|t:|1757007797
|gametype|doubles
|player|p1|matyel2030|scientist-gen4dp|1113
|player|p2|FrancoilCieco777|baker|1135
|gen|9
|tier|[Gen 9] VGC 2025 Reg H (Bo3)
|rated|
|rule|Species Clause: Limit one of each Pokémon
|rule|Item Clause: Limit 1 of each item
|clearpoke
|poke|p1|Vivillon-Pokeball, L50, M|
|poke|p1|Garganacl, L50, F|
|poke|p1|Garchomp, L50, M|
|poke|p1|Gardevoir, L50, F|
|poke|p1|Dondozo, L50, F|
|poke|p1|Ninetales-Alola, L50, M|
|poke|p2|Volcarona, L50, M|
|poke|p2|Electabuzz, L50, M|
|poke|p2|Sneasler, L50, M|
|poke|p2|Kingambit, L50, F|
|poke|p2|Dragonite, L50, M|
|poke|p2|Rillaboom, L50, M|
|teampreview|4
|showteam|p1|Vivillon-Pokeball||FocusSash|CompoundEyes|SleepPowder,Tailwind,Protect,Hurricane|||M|||50|,,,,,Ghost]Garganacl||MarangaBerry|PurifyingSalt|SaltCure,StealthRock,Protect,Recover|||F|||50|,,,,,Flying]Garchomp||LifeOrb|RoughSkin|Earthquake,DragonClaw,RockSlide,Protect|||M|||50|,,,,,Ground]Gardevoir||ChoiceScarf|Telepathy|Trick,Moonblast,Psychic,IcyWind|||F|||50|,,,,,Steel]Dondozo||Leftovers|Unaware|Liquidation,Yawn,Fissure,Protect|||F|||50|,,,,,Poison]Ninetales-Alola||NeverMeltIce|SnowWarning|Blizzard,FreezeDry,Protect,AuroraVeil|||M|||50|,,,,,Ice
|showteam|p2|Volcarona||CovertCloak|FlameBody|HeatWave,TeraBlast,QuiverDance,Protect|||M|||50|,,,,,Fairy]Electabuzz||Eviolite|VitalSpirit|Thunderbolt,FollowMe,Taunt,Protect|||M|||50|,,,,,Ghost]Sneasler||FocusSash|Unburden|FakeOut,CloseCombat,DireClaw,Coaching|||M|||50|,,,,,Stellar]Kingambit||BlackGlasses|Defiant|KowtowCleave,SuckerPunch,SwordsDance,Protect|||F|||50|,,,,,Dark]Dragonite||LoadedDice|Multiscale|ScaleShot,ExtremeSpeed,Haze,Protect|||M|||50|,,,,,Normal]Rillaboom||AssaultVest|GrassySurge|WoodHammer,GrassyGlide,HighHorsepower,FakeOut|||M|||50|,,,,,Fire
|inactive|Battle timer is ON: inactive players will automatically lose when time's up. (requested by FrancoilCieco777)
|
|t:|1757007812
|teamsize|p1|4
|teamsize|p2|4
|start
|switch|p1a: Garchomp|Garchomp, L50, M|100/100
|switch|p1b: Gardevoir|Gardevoir, L50, F|100/100
|switch|p2a: Electabuzz|Electabuzz, L50, M|100/100
|switch|p2b: Volcarona|Volcarona, L50, M|100/100
|turn|1
|
|t:|1757007825
|switch|p2a: Rillaboom|Rillaboom, L50, M|100/100
|-fieldstart|move: Grassy Terrain|[from] ability: Grassy Surge|[of] p2a: Rillaboom
|-terastallize|p1a: Garchomp|Ground
|move|p1b: Gardevoir|Moonblast|p2a: Rillaboom
|-damage|p2a: Rillaboom|68/100
|move|p1a: Garchomp|Earthquake|p2a: Rillaboom|[spread] p2a,p2b
|-activate|p1b: Gardevoir|ability: Telepathy
|-resisted|p2a: Rillaboom
|-damage|p2a: Rillaboom|48/100
|-damage|p2b: Volcarona|54/100
|-damage|p1a: Garchomp|91/100|[from] item: Life Orb
|move|p2b: Volcarona|Quiver Dance|p2b: Volcarona
|-boost|p2b: Volcarona|spa|1
|-boost|p2b: Volcarona|spd|1
|-boost|p2b: Volcarona|spe|1
|
|-heal|p2b: Volcarona|60/100|[from] Grassy Terrain
|-heal|p1a: Garchomp|97/100|[from] Grassy Terrain
|-heal|p2a: Rillaboom|54/100|[from] Grassy Terrain
|upkeep
|turn|2
|
|t:|1757007845
|move|p2a: Rillaboom|Grassy Glide|p1a: Garchomp
|-supereffective|p1a: Garchomp
|-damage|p1a: Garchomp|25/100
|-damage|p2a: Rillaboom|42/100|[from] ability: Rough Skin|[of] p1a: Garchomp
|move|p1b: Gardevoir|Moonblast|p2a: Rillaboom
|-damage|p2a: Rillaboom|12/100
|-unboost|p2a: Rillaboom|spa|1
|move|p2b: Volcarona|Heat Wave|p1b: Gardevoir|[spread] p1a,p1b
|-damage|p1a: Garchomp|0 fnt
|-damage|p1b: Gardevoir|38/100
|faint|p1a: Garchomp
|
|-heal|p1b: Gardevoir|43/100|[from] Grassy Terrain
|-heal|p2b: Volcarona|66/100|[from] Grassy Terrain
|-heal|p2a: Rillaboom|18/100|[from] Grassy Terrain
|upkeep
|inactive|matyel2030 has 30 seconds left.
|
|t:|1757007878
|switch|p1a: Garganacl|Garganacl, L50, F|100/100
|turn|3
|
|t:|1757007883
|switch|p2a: Electabuzz|Electabuzz, L50, M|100/100
|-terastallize|p2b: Volcarona|Fairy
|move|p1b: Gardevoir|Moonblast|p2a: Electabuzz
|-damage|p2a: Electabuzz|65/100
|-unboost|p2a: Electabuzz|spa|1
|move|p2b: Volcarona|Quiver Dance|p2b: Volcarona
|-boost|p2b: Volcarona|spa|1
|-boost|p2b: Volcarona|spd|1
|-boost|p2b: Volcarona|spe|1
|move|p1a: Garganacl|Salt Cure|p2b: Volcarona
|-damage|p2b: Volcarona|51/100
|
|-heal|p2b: Volcarona|57/100|[from] Grassy Terrain
|-heal|p1b: Gardevoir|49/100|[from] Grassy Terrain
|-heal|p2a: Electabuzz|71/100|[from] Grassy Terrain
|upkeep
|turn|4
|inactive|matyel2030 has 30 seconds left.
|
|t:|1757007917
|move|p2a: Electabuzz|Follow Me|p2a: Electabuzz
|-singleturn|p2a: Electabuzz|move: Follow Me
|move|p2b: Volcarona|Heat Wave|p1a: Garganacl|[spread] p1a,p1b
|-resisted|p1a: Garganacl
|-damage|p1a: Garganacl|76/100
|-damage|p1b: Gardevoir|0 fnt
|faint|p1b: Gardevoir
|-enditem|p1a: Garganacl|Maranga Berry|[eat]
|-boost|p1a: Garganacl|spd|1|[from] item: Maranga Berry
|move|p1a: Garganacl|Recover|p1a: Garganacl
|-heal|p1a: Garganacl|100/100
|
|-heal|p2b: Volcarona|63/100|[from] Grassy Terrain
|-heal|p2a: Electabuzz|77/100|[from] Grassy Terrain
|upkeep
|
|t:|1757007920
|switch|p1b: Dondozo|Dondozo, L50, F|100/100
|turn|5
|
|t:|1757007934
|move|p2b: Volcarona|Tera Blast|p1b: Dondozo|[anim] Tera Blast Fairy
|-damage|p1b: Dondozo|71/100
|move|p2a: Electabuzz|Thunderbolt|p1b: Dondozo
|-supereffective|p1b: Dondozo
|-damage|p1b: Dondozo|28/100
|-status|p1b: Dondozo|par
|move|p1a: Garganacl|Salt Cure|p2b: Volcarona
|-damage|p2b: Volcarona|48/100
|move|p1b: Dondozo|Fissure|p2b: Volcarona
|-damage|p2b: Volcarona|0 fnt
|faint|p2b: Volcarona
|-ohko
|
|-heal|p2a: Electabuzz|83/100|[from] Grassy Terrain
|-heal|p1b: Dondozo|34/100 par|[from] Grassy Terrain
|-heal|p1b: Dondozo|40/100 par|[from] item: Leftovers
|-fieldend|move: Grassy Terrain
|upkeep
|
|t:|1757007941
|switch|p2b: Rillaboom|Rillaboom, L50, M|18/100
|-fieldstart|move: Grassy Terrain|[from] ability: Grassy Surge|[of] p2b: Rillaboom
|turn|6
|
|t:|1757007962
|move|p1b: Dondozo|Protect|p1b: Dondozo
|-singleturn|p1b: Dondozo|Protect
|move|p2a: Electabuzz|Follow Me|p2a: Electabuzz
|-singleturn|p2a: Electabuzz|move: Follow Me
|move|p2b: Rillaboom|Grassy Glide|p1b: Dondozo
|-activate|p1b: Dondozo|move: Protect
|move|p1a: Garganacl|Salt Cure|p2a: Electabuzz
|-damage|p2a: Electabuzz|72/100
|-start|p2a: Electabuzz|Salt Cure
|
|-heal|p2a: Electabuzz|78/100|[from] Grassy Terrain
|-heal|p2b: Rillaboom|24/100|[from] Grassy Terrain
|-heal|p1b: Dondozo|46/100 par|[from] Grassy Terrain
|-heal|p1b: Dondozo|52/100 par|[from] item: Leftovers
|-damage|p2a: Electabuzz|65/100|[from] Salt Cure
|upkeep
|turn|7
|
|t:|1757007978
|move|p2a: Electabuzz|Follow Me|p2a: Electabuzz
|-singleturn|p2a: Electabuzz|move: Follow Me
|move|p2b: Rillaboom|Wood Hammer|p1b: Dondozo
|-supereffective|p1b: Dondozo
|-damage|p1b: Dondozo|0 fnt
|faint|p1b: Dondozo
|-damage|p2b: Rillaboom|3/100|[from] Recoil
|move|p1a: Garganacl|Salt Cure|p2a: Electabuzz
|-damage|p2a: Electabuzz|55/100
|
|-heal|p2a: Electabuzz|61/100|[from] Grassy Terrain
|-heal|p2b: Rillaboom|9/100|[from] Grassy Terrain
|-damage|p2a: Electabuzz|48/100|[from] Salt Cure
|upkeep
|turn|8
|
|t:|1757007985
|switch|p2b: Sneasler|Sneasler, L50, M|100/100
|move|p2a: Electabuzz|Protect|p2a: Electabuzz
|-singleturn|p2a: Electabuzz|Protect
|move|p1a: Garganacl|Salt Cure|p2b: Sneasler
|-resisted|p2b: Sneasler
|-damage|p2b: Sneasler|89/100
|-start|p2b: Sneasler|Salt Cure
|
|-heal|p2b: Sneasler|95/100|[from] Grassy Terrain
|-heal|p2a: Electabuzz|54/100|[from] Grassy Terrain
|-damage|p2b: Sneasler|82/100|[from] Salt Cure
|-damage|p2a: Electabuzz|42/100|[from] Salt Cure
|upkeep
|turn|9
|
|t:|1757007996
|switch|p2a: Rillaboom|Rillaboom, L50, M|9/100
|move|p2b: Sneasler|Close Combat|p1a: Garganacl
|-supereffective|p1a: Garganacl
|-damage|p1a: Garganacl|11/100
|-unboost|p2b: Sneasler|def|1
|-unboost|p2b: Sneasler|spd|1
|move|p1a: Garganacl|Recover|p1a: Garganacl
|-heal|p1a: Garganacl|61/100
|
|-heal|p2b: Sneasler|88/100|[from] Grassy Terrain
|-heal|p2a: Rillaboom|15/100|[from] Grassy Terrain
|-heal|p1a: Garganacl|67/100|[from] Grassy Terrain
|-damage|p2b: Sneasler|76/100|[from] Salt Cure
|upkeep
|turn|10
|
|t:|1757008011
|move|p1a: Garganacl|Protect|p1a: Garganacl
|-singleturn|p1a: Garganacl|Protect
|move|p2a: Rillaboom|Fake Out|p1a: Garganacl
|-activate|p1a: Garganacl|move: Protect
|move|p2b: Sneasler|Coaching|p2a: Rillaboom
|-boost|p2a: Rillaboom|atk|1
|-boost|p2a: Rillaboom|def|1
|
|-heal|p2b: Sneasler|82/100|[from] Grassy Terrain
|-heal|p2a: Rillaboom|21/100|[from] Grassy Terrain
|-heal|p1a: Garganacl|72/100|[from] Grassy Terrain
|-damage|p2b: Sneasler|70/100|[from] Salt Cure
|-fieldend|move: Grassy Terrain
|upkeep
|turn|11
|
|t:|1757008025
|move|p2b: Sneasler|Close Combat|p1a: Garganacl
|-supereffective|p1a: Garganacl
|-damage|p1a: Garganacl|0 fnt
|-unboost|p2b: Sneasler|def|1
|-unboost|p2b: Sneasler|spd|1
|faint|p1a: Garganacl
|
|win|FrancoilCieco777
|raw|matyel2030's rating: 1113 → 1090(-23 for losing)
|raw|FrancoilCieco777's rating: 1135 → 1158(+23 for winning)
