|badge|p2|bronze|gen9randombattle|100-10
|uhtml|medal-msg|Curious what those medals under the avatar are? PS now has Ladder Seasons! For more information, check out the thread on Smogon.
|j|☆Its Sushiii
|j|☆Dandetheheartless
|html|Its SushiiiDandetheheartless    
|uhtml|bestof|Game 1 of a best-of-3
|t:|1784668432
|gametype|doubles
|player|p1|Its Sushiii|102|1396
|player|p2|Dandetheheartless|winona|1562
|gen|9
|tier|[Gen 9 Champions] VGC 2026 Reg M-B (Bo3)
|rated|
|rule|Species Clause: Limit one of each Pokémon
|rule|Item Clause: Limit 1 of each item
|clearpoke
|poke|p1|Excadrill, L50, M, shiny|
|poke|p1|Tyranitar, L50, M|
|poke|p1|Farigiraf, L50, F|
|poke|p1|Sylveon, L50, M|
|poke|p1|Charizard, L50, M|
|poke|p1|Hydreigon, L50, M|
|poke|p2|Gholdengo, L50|
|poke|p2|Raichu, L50, F|
|poke|p2|Basculegion, L50, M|
|poke|p2|Incineroar, L50, M|
|poke|p2|Ninetales-Alola, L50, M|
|poke|p2|Whimsicott, L50, M|
|teampreview|4
|showteam|p1|Excadrill||FocusSash|SandRush|IronHead,HighHorsepower,RockSlide,Protect|Adamant||M|||50|]Tyranitar||Tyranitarite|SandStream|RockSlide,KnockOff,LowKick,Protect|Adamant||M|||50|]Farigiraf||SitrusBerry|ArmorTail|Psychic,Thunderbolt,TrickRoom,Protect|Relaxed||F|||50|]Sylveon||LifeOrb|Pixilate|HyperVoice,HyperBeam,QuickAttack,Detect|Modest||M|||50|]Charizard||CharizarditeY|Blaze|HeatWave,SolarBeam,WeatherBall,Protect|Modest||M|||50|]Hydreigon||ChoiceScarf|Levitate|DarkPulse,DracoMeteor,EarthPower,Snarl|Modest||M|||50|
|showteam|p2|Gholdengo||LifeOrb|GoodasGold|ShadowBall,MakeItRain,NastyPlot,Protect|Modest|||||50|]Raichu||RaichuniteY|LightningRod|ZapCannon,FocusBlast,FakeOut,Protect|Timid||F|||50|]Basculegion||MysticWater|Adaptability|WaveCrash,AquaJet,LastRespects,Protect|Adamant||M|||50|]Incineroar||SitrusBerry|Intimidate|FlareBlitz,ThroatChop,PartingShot,FakeOut|Impish||M|||50|]Ninetales-Alola||NeverMeltIce|SnowWarning|FreezeDry,AuroraVeil,Blizzard,Protect|Timid||M|||50|]Whimsicott||FocusSash|Prankster|Moonblast,Tailwind,Encore,Protect|Timid||M|||50|
|inactive|Battle timer is ON: inactive players will automatically lose when time's up. (requested by Dandetheheartless)
|inactive|Its Sushiii has 60 seconds left.
|inactive|Dandetheheartless has 60 seconds left.
|
|t:|1784668481
|teamsize|p1|4
|teamsize|p2|4
|start
|switch|p1a: Farigiraf|Farigiraf, L50, F|100/100
|switch|p1b: Sylveon|Sylveon, L50, M|100/100
|switch|p2a: Whimsicott|Whimsicott, L50, M|100/100
|switch|p2b: Ninetales|Ninetales-Alola, L50, M|100/100
|-weather|Snowscape|[from] ability: Snow Warning|[of] p2b: Ninetales
|turn|1
|
|t:|1784668502
|move|p2a: Whimsicott|Moonblast|p1b: Sylveon
|-damage|p1b: Sylveon|73/100
|move|p2b: Ninetales|Aurora Veil|p2b: Ninetales
|-sidestart|p2: Dandetheheartless|move: Aurora Veil
|move|p1b: Sylveon|Hyper Voice|p2a: Whimsicott|[spread] p2a,p2b
|-damage|p2a: Whimsicott|44/100
|-damage|p2b: Ninetales|58/100
|-damage|p1b: Sylveon|63/100|[from] item: Life Orb
|move|p1a: Farigiraf|Trick Room|p1a: Farigiraf
|-fieldstart|move: Trick Room|[of] p1a: Farigiraf
|
|-weather|Snowscape|[upkeep]
|upkeep
|turn|2
|
|t:|1784668521
|move|p2a: Whimsicott|Protect|p2a: Whimsicott
|-singleturn|p2a: Whimsicott|Protect
|move|p2b: Ninetales|Protect|p2b: Ninetales
|-singleturn|p2b: Ninetales|Protect
|move|p1a: Farigiraf|Psychic|p2b: Ninetales
|-activate|p2b: Ninetales|move: Protect
|move|p1b: Sylveon|Hyper Voice|p2b: Ninetales|[spread] 
|-activate|p2a: Whimsicott|move: Protect
|-activate|p2b: Ninetales|move: Protect
|
|-weather|Snowscape|[upkeep]
|upkeep
|turn|3
|inactive|Its Sushiii has 30 seconds left.
|
|t:|1784668546
|move|p1a: Farigiraf|Psychic|p2a: Whimsicott
|-damage|p2a: Whimsicott|9/100
|move|p1b: Sylveon|Hyper Beam|p2b: Ninetales
|-damage|p2b: Ninetales|0 fnt
|-mustrecharge|p1b: Sylveon
|faint|p2b: Ninetales
|-damage|p1b: Sylveon|53/100|[from] item: Life Orb
|move|p2a: Whimsicott|Moonblast|p1a: Farigiraf
|-damage|p1a: Farigiraf|69/100
|
|-weather|Snowscape|[upkeep]
|upkeep
|
|t:|1784668555
|switch|p2b: Basculegion|Basculegion, L50, M|100/100
|turn|4
|
|t:|1784668572
|switch|p2a: Raichu|Raichu, L50, F|100/100
|move|p1a: Farigiraf|Thunderbolt|p2a: Raichu
|-activate|p2a: Raichu|ability: Lightning Rod
|-ability|p2a: Raichu|Lightning Rod|boost
|-boost|p2a: Raichu|spa|1
|cant|p1b: Sylveon|recharge
|move|p2b: Basculegion|Last Respects|p1b: Sylveon
|-damage|p1b: Sylveon|0 fnt
|faint|p1b: Sylveon
|
|-weather|Snowscape|[upkeep]
|upkeep
|inactive|Its Sushiii has 30 seconds left.
|
|t:|1784668606
|switch|p1b: Hydreigon|Hydreigon, L50, M|100/100
|turn|5
|
|t:|1784668629
|switch|p1b: Charizard|Charizard, L50, M|100/100
|detailschange|p2a: Raichu|Raichu-Mega-Y, L50, F
|-mega|p2a: Raichu|Raichu|Raichunite Y
|move|p1a: Farigiraf|Thunderbolt|p2b: Basculegion
|-supereffective|p2b: Basculegion|1
|-crit|p2b: Basculegion
|-damage|p2b: Basculegion|27/100
|move|p2b: Basculegion|Wave Crash|p1a: Farigiraf
|-damage|p1a: Farigiraf|0 fnt
|faint|p1a: Farigiraf
|-damage|p2b: Basculegion|3/100|[from] Recoil
|move|p2a: Raichu|Focus Blast|p1b: Charizard
|-resisted|p1b: Charizard|1
|-damage|p1b: Charizard|64/100
|
|-weather|none
|-sideend|p2: Dandetheheartless|move: Aurora Veil
|-fieldend|move: Trick Room
|upkeep
|
|t:|1784668644
|switch|p1a: Hydreigon|Hydreigon, L50, M|100/100
|turn|6
|inactive|Its Sushiii has 30 seconds left.
|
|t:|1784668675
|detailschange|p1b: Charizard|Charizard-Mega-Y, L50, M
|-mega|p1b: Charizard|Charizard|Charizardite Y
|-weather|SunnyDay|[from] ability: Drought|[of] p1b: Charizard
|move|p2a: Raichu|Protect|p2a: Raichu
|-singleturn|p2a: Raichu|Protect
|move|p1b: Charizard|Protect|p1b: Charizard
|-singleturn|p1b: Charizard|Protect
|move|p1a: Hydreigon|Earth Power|p2a: Raichu
|-activate|p2a: Raichu|move: Protect
|move|p2b: Basculegion|Wave Crash|p1a: Hydreigon
|-resisted|p1a: Hydreigon|1
|-damage|p1a: Hydreigon|73/100
|-damage|p2b: Basculegion|0 fnt|[from] Recoil
|faint|p2b: Basculegion
|
|-weather|SunnyDay|[upkeep]
|upkeep
|
|t:|1784668686
|switch|p2b: Whimsicott|Whimsicott, L50, M|9/100
|turn|7
|inactive|Its Sushiii has 30 seconds left.
|inactive|Its Sushiii has 20 seconds left.
|inactive|Its Sushiii has 15 seconds left.
|inactive|Its Sushiii has 10 seconds left.
|
|t:|1784668732
|move|p1b: Charizard|Protect||[still]
|-fail|p1b: Charizard
|move|p2b: Whimsicott|Tailwind|p2b: Whimsicott
|-sidestart|p2: Dandetheheartless|move: Tailwind
|move|p2a: Raichu|Zap Cannon|p1b: Charizard
|-supereffective|p1b: Charizard|1
|-damage|p1b: Charizard|0 fnt
|faint|p1b: Charizard
|move|p1a: Hydreigon|Earth Power|p2a: Raichu
|-supereffective|p2a: Raichu|1
|-damage|p2a: Raichu|19/100
|
|-weather|SunnyDay|[upkeep]
|upkeep
|turn|8
|-message|Its Sushiii forfeited.
|
|win|Dandetheheartless
||Its Sushiii is ready for game 2.
||Dandetheheartless is ready for game 2.
|uhtml|next|Next: Game 2 of 3
|l|☆Dandetheheartless
|player|p2|
