|j|☆testy223345
|j|☆Bwhitevgc
|html|testy223345Bwhitevgc    
|uhtml|bestof|Game 1 of a best-of-3
|t:|1782414269
|gametype|doubles
|player|p1|testy223345|266|
|player|p2|Bwhitevgc|102|
|gen|9
|tier|[Gen 9 Champions] VGC 2026 Reg M-B (Bo3)
|rule|Species Clause: Limit one of each Pokémon
|rule|Item Clause: Limit 1 of each item
|clearpoke
|poke|p1|Sinistcha, L50|
|poke|p1|Incineroar, L50, M|
|poke|p1|Milotic, L50, M|
|poke|p1|Raichu, L50, M|
|poke|p1|Floette-Eternal, L50, F|
|poke|p1|Ceruledge, L50, M|
|poke|p2|Aerodactyl, L50, F|
|poke|p2|Metagross, L50|
|poke|p2|Sylveon, L50, F|
|poke|p2|Incineroar, L50, F|
|poke|p2|Kingambit, L50, F|
|poke|p2|Sinistcha, L50|
|teampreview|4
|showteam|p1|Sinistcha||KasibBerry|Hospitality|MatchaGotcha,LifeDew,RagePowder,Protect|Relaxed|||||50|]Incineroar||SitrusBerry|Intimidate|FlareBlitz,ThroatChop,FakeOut,PartingShot|Impish||M|||50|]Milotic||Leftovers|Competitive|MuddyWater,Coil,Hypnosis,Protect|Calm||M|||50|]Raichu||RaichuniteY|LightningRod|ZapCannon,FocusBlast,FakeOut,Protect|Timid||M|||50|]Floette-Eternal||Floettite|FlowerVeil|DazzlingGleam,DrainingKiss,CalmMind,Protect|Timid||F|||50|]Ceruledge||ColburBerry|FlashFire|BitterBlade,ShadowSneak,BulkUp,Protect|Adamant||M|||50|
|showteam|p2|Aerodactyl||Aerodactylite|Unnerve|RockSlide,DualWingbeat,Tailwind,Protect|Jolly||F|||50|]Metagross||Metagrossite|ClearBody|IronHead,PsychicFangs,BodyPress,Protect|Jolly|||||50|]Sylveon||FairyFeather|Pixilate|HyperVoice,HyperBeam,Moonblast,Protect|Modest||F|||50|]Incineroar||SitrusBerry|Intimidate|FakeOut,FlareBlitz,ThroatChop,PartingShot|Impish||F|||50|]Kingambit||BlackGlasses|Defiant|KowtowCleave,SuckerPunch,IronHead,Protect|Adamant||F|||50|]Sinistcha||Leftovers|Hospitality|MatchaGotcha,RagePowder,StrengthSap,Protect|Bold|||||50|
|inactive|Battle timer is ON: inactive players will automatically lose when time's up. (requested by Bwhitevgc)
|inactiveoff|Battle timer is now OFF.
|j| testingdeez
|j| Coldflame2802
|j| RyanAirPowney
|
|t:|1782414471
|teamsize|p1|4
|teamsize|p2|4
|start
|switch|p1a: Ceruledge|Ceruledge, L50, M|100/100
|switch|p1b: Raichu|Raichu, L50, M|100/100
|switch|p2a: Sinistcha|Sinistcha, L50|100/100
|switch|p2b: Kingambit|Kingambit, L50, F|100/100
|turn|1
|j| Ab0ve5029
|j| escaperoomvgc
|
|t:|1782414539
|switch|p2b: Incineroar|Incineroar, L50, F|100/100
|-ability|p2b: Incineroar|Intimidate|boost
|-unboost|p1a: Ceruledge|atk|1
|-unboost|p1b: Raichu|atk|1
|detailschange|p1b: Raichu|Raichu-Mega-Y, L50, M
|-mega|p1b: Raichu|Raichu|Raichunite Y
|move|p1b: Raichu|Fake Out|p2b: Incineroar
|-damage|p2b: Incineroar|95/100
|move|p1a: Ceruledge|Bulk Up|p1a: Ceruledge
|-boost|p1a: Ceruledge|atk|1
|-boost|p1a: Ceruledge|def|1
|move|p2a: Sinistcha|Strength Sap|p1a: Ceruledge
|-unboost|p1a: Ceruledge|atk|1
|
|upkeep
|turn|2
|
|t:|1782414635
|switch|p1b: Milotic|Milotic, L50, M|100/100
|switch|p1a: Incineroar|Incineroar, L50, M|100/100
|-ability|p1a: Incineroar|Intimidate|boost
|-unboost|p2a: Sinistcha|atk|1
|-unboost|p2b: Incineroar|atk|1
|move|p2a: Sinistcha|Matcha Gotcha|p1a: Incineroar|[spread] p1a,p1b
|-resisted|p1a: Incineroar|1
|-supereffective|p1b: Milotic|1
|-damage|p1a: Incineroar|89/100
|-damage|p1b: Milotic|64/100
|move|p2b: Incineroar|Throat Chop|p1a: Incineroar
|-resisted|p1a: Incineroar|1
|-damage|p1a: Incineroar|82/100
|-start|p1a: Incineroar|Throat Chop|[silent]
|
|-heal|p1b: Milotic|70/100|[from] item: Leftovers
|upkeep
|turn|3
|
|t:|1782414794
|move|p1b: Milotic|Protect|p1b: Milotic
|-singleturn|p1b: Milotic|Protect
|move|p2a: Sinistcha|Matcha Gotcha|p1b: Milotic|[spread] p1a
|-activate|p1b: Milotic|move: Protect
|-resisted|p1a: Incineroar|1
|-damage|p1a: Incineroar|70/100
|move|p2b: Incineroar|Parting Shot|p1a: Incineroar
|-unboost|p1a: Incineroar|atk|1
|-unboost|p1a: Incineroar|spa|1
|
|t:|1782414809
|switch|p2b: Metagross|Metagross, L50|100/100|[from] Parting Shot
|move|p1a: Incineroar|Flare Blitz|p2a: Sinistcha
|-supereffective|p2a: Sinistcha|1
|-damage|p2a: Sinistcha|55/100
|-status|p2a: Sinistcha|brn
|-damage|p1a: Incineroar|57/100|[from] Recoil
|
|-heal|p1b: Milotic|76/100|[from] item: Leftovers
|-heal|p2a: Sinistcha|61/100 brn|[from] item: Leftovers
|-damage|p2a: Sinistcha|55/100 brn|[from] brn
|-end|p1a: Incineroar|Throat Chop|[silent]
|upkeep
|turn|4
|
|t:|1782414973
|switch|p1a: Ceruledge|Ceruledge, L50, M|100/100
|detailschange|p2b: Metagross|Metagross-Mega, L50
|-mega|p2b: Metagross|Metagross|Metagrossite
|move|p2b: Metagross|Psychic Fangs|p1b: Milotic
|-damage|p1b: Milotic|28/100
|move|p1b: Milotic|Hypnosis|p2b: Metagross
|-status|p2b: Metagross|slp|[from] move: Hypnosis
|move|p2a: Sinistcha|Matcha Gotcha|p1a: Ceruledge|[spread] p1a,p1b
|-resisted|p1a: Ceruledge|1
|-crit|p1a: Ceruledge
|-supereffective|p1b: Milotic|1
|-damage|p1a: Ceruledge|81/100
|-heal|p2a: Sinistcha|64/100 brn|[from] drain|[of] p1a: Ceruledge
|-damage|p1b: Milotic|0 fnt
|-heal|p2a: Sinistcha|80/100 brn|[from] drain|[of] p1b: Milotic
|faint|p1b: Milotic
|
|-heal|p2a: Sinistcha|87/100 brn|[from] item: Leftovers
|-damage|p2a: Sinistcha|80/100 brn|[from] brn
|upkeep
|j| jesuuuus
|
|t:|1782415018
|switch|p1b: Raichu|Raichu-Mega-Y, L50, M|100/100
|turn|5
|l| jesuuuus
|
|t:|1782415164
|cant|p2b: Metagross|slp
|move|p1b: Raichu|Focus Blast|p2b: Metagross
|-crit|p2b: Metagross
|-damage|p2b: Metagross|39/100 slp
|move|p1a: Ceruledge|Bitter Blade|p2b: Metagross
|-supereffective|p2b: Metagross|1
|-damage|p2b: Metagross|0 fnt
|-heal|p1a: Ceruledge|98/100|[from] drain|[of] p2b: Metagross
|faint|p2b: Metagross
|move|p2a: Sinistcha|Strength Sap|p1a: Ceruledge
|-unboost|p1a: Ceruledge|atk|1
|-heal|p2a: Sinistcha|100/100 brn
|
|-damage|p2a: Sinistcha|93/100 brn|[from] brn
|upkeep
|
|t:|1782415181
|switch|p2b: Kingambit|Kingambit, L50, F|100/100
|turn|6
|l| Coldflame2802
|j| Coldflame2802
|
|t:|1782415245
|move|p2a: Sinistcha|Rage Powder|p2a: Sinistcha
|-singleturn|p2a: Sinistcha|move: Rage Powder
|move|p1b: Raichu|Zap Cannon|p2a: Sinistcha
|-resisted|p2a: Sinistcha|1
|-damage|p2a: Sinistcha|57/100 brn
|move|p1a: Ceruledge|Bitter Blade|p2a: Sinistcha
|-supereffective|p2a: Sinistcha|1
|-damage|p2a: Sinistcha|6/100 brn
|-heal|p1a: Ceruledge|100/100|[from] drain|[of] p2a: Sinistcha
|move|p2b: Kingambit|Kowtow Cleave|p1b: Raichu
|-damage|p1b: Raichu|5/100
|
|-heal|p2a: Sinistcha|12/100 brn|[from] item: Leftovers
|-damage|p2a: Sinistcha|6/100 brn|[from] brn
|upkeep
|turn|7
|
|t:|1782415450
|switch|p2a: Incineroar|Incineroar, L50, F|95/100
|-ability|p2a: Incineroar|Intimidate|boost
|-unboost|p1a: Ceruledge|atk|1
|-unboost|p1b: Raichu|atk|1
|move|p1a: Ceruledge|Shadow Sneak|p2a: Incineroar
|-resisted|p2a: Incineroar|1
|-damage|p2a: Incineroar|90/100
|move|p2b: Kingambit|Sucker Punch|p1b: Raichu
|-damage|p1b: Raichu|0 fnt
|faint|p1b: Raichu
|
|upkeep
|
|t:|1782415461
|switch|p1b: Incineroar|Incineroar, L50, M|57/100
|-ability|p1b: Incineroar|Intimidate|boost
|-unboost|p2a: Incineroar|atk|1
|-unboost|p2b: Kingambit|atk|1
|-ability|p2b: Kingambit|Defiant|boost
|-boost|p2b: Kingambit|atk|2
|turn|8
|
|t:|1782415541
|move|p2a: Incineroar|Fake Out|p1b: Incineroar
|-damage|p1b: Incineroar|52/100
|cant|p1b: Incineroar|flinch
|move|p1a: Ceruledge|Bulk Up|p1a: Ceruledge
|-boost|p1a: Ceruledge|atk|1
|-boost|p1a: Ceruledge|def|1
|move|p2b: Kingambit|Kowtow Cleave|p1a: Ceruledge
|-supereffective|p1a: Ceruledge|1
|-enditem|p1a: Ceruledge|Colbur Berry|[eat]
|-enditem|p1a: Ceruledge|Colbur Berry|[weaken]
|-damage|p1a: Ceruledge|30/100
|
|upkeep
|turn|9
|
|t:|1782415567
|move|p1a: Ceruledge|Protect|p1a: Ceruledge
|-singleturn|p1a: Ceruledge|Protect
|move|p2b: Kingambit|Protect|p2b: Kingambit
|-singleturn|p2b: Kingambit|Protect
|move|p2a: Incineroar|Throat Chop|p1a: Ceruledge
|-activate|p1a: Ceruledge|move: Protect
|move|p1b: Incineroar|Flare Blitz|p2b: Kingambit
|-activate|p2b: Kingambit|move: Protect
|
|upkeep
|turn|10
|
|t:|1782415585
|switch|p2b: Sinistcha|Sinistcha, L50|6/100 brn
|-heal|p2a: Incineroar|100/100|[from] ability: Hospitality|[of] p2b: Sinistcha
|move|p1a: Ceruledge|Bulk Up|p1a: Ceruledge
|-boost|p1a: Ceruledge|atk|1
|-boost|p1a: Ceruledge|def|1
|move|p2a: Incineroar|Throat Chop|p1a: Ceruledge
|-supereffective|p1a: Ceruledge|1
|-damage|p1a: Ceruledge|7/100
|-start|p1a: Ceruledge|Throat Chop|[silent]
|move|p1b: Incineroar|Flare Blitz|p2b: Sinistcha
|-supereffective|p2b: Sinistcha|1
|-damage|p2b: Sinistcha|0 fnt
|faint|p2b: Sinistcha
|-damage|p1b: Incineroar|50/100g|[from] Recoil
|
|upkeep
|
|t:|1782415590
|switch|p2b: Kingambit|Kingambit, L50, F|100/100
|turn|11
|
|t:|1782415633
|move|p2b: Kingambit|Protect|p2b: Kingambit
|-singleturn|p2b: Kingambit|Protect
|move|p1a: Ceruledge|Bitter Blade|p2a: Incineroar
|-resisted|p2a: Incineroar|1
|-damage|p2a: Incineroar|81/100
|-heal|p1a: Ceruledge|17/100|[from] drain|[of] p2a: Incineroar
|move|p2a: Incineroar|Throat Chop|p1a: Ceruledge
|-supereffective|p1a: Ceruledge|1
|-damage|p1a: Ceruledge|0 fnt
|faint|p1a: Ceruledge
|move|p1b: Incineroar|Parting Shot|p2a: Incineroar
|-unboost|p2a: Incineroar|atk|1
|-unboost|p2a: Incineroar|spa|1
|
|upkeep
|turn|12
|
|t:|1782415646
|move|p2a: Incineroar|Throat Chop|p1b: Incineroar
|-resisted|p1b: Incineroar|1
|-damage|p1b: Incineroar|44/100
|-start|p1b: Incineroar|Throat Chop|[silent]
|-enditem|p1b: Incineroar|Sitrus Berry|[eat]
|-heal|p1b: Incineroar|69/100|[from] item: Sitrus Berry
|cant|p1b: Incineroar|move: Throat Chop
|move|p2b: Kingambit|Kowtow Cleave|p1b: Incineroar
|-resisted|p1b: Incineroar|1
|-damage|p1b: Incineroar|46/100
|
|upkeep
|turn|13
|
|t:|1782415673
|move|p2a: Incineroar|Throat Chop|p1b: Incineroar
|-resisted|p1b: Incineroar|1
|-damage|p1b: Incineroar|40/100
|move|p1b: Incineroar|Flare Blitz|p2b: Kingambit
|-supereffective|p2b: Kingambit|1
|-damage|p2b: Kingambit|27/100
|-status|p2b: Kingambit|brn
|-damage|p1b: Incineroar|15/100|[from] Recoil
|move|p2b: Kingambit|Kowtow Cleave|p1b: Incineroar
|-resisted|p1b: Incineroar|1
|-damage|p1b: Incineroar|4/100
|
|-damage|p2b: Kingambit|21/100 brn|[from] brn
|-end|p1b: Incineroar|Throat Chop|[silent]
|upkeep
|turn|14
|
|t:|1782415688
|move|p2a: Incineroar|Throat Chop|p1b: Incineroar
|-resisted|p1b: Incineroar|1
|-damage|p1b: Incineroar|0 fnt
|faint|p1b: Incineroar
|
|win|Bwhitevgc
||Bwhitevgc is ready for game 2.
|l|☆testy223345
|player|p1|
|inactive|testy223345 has 30 seconds to confirm battle start!
|inactive|testy223345 has 20 seconds to confirm battle start!
|l| Coldflame2802
|inactive|testy223345 has 10 seconds to confirm battle start!
||testy223345 is ready for game 2.
|uhtml|next|Next: Game 2 of 3
|j| Coldflame2802
|l| Coldflame2802
|j| chikondi
|j| Coldflame2802
|l| Coldflame2802
|j| Coldflame2802
|l| Ab0ve5029
|l| Coldflame2802
|j| Coldflame2802
|l| Coldflame2802
|j| Coldflame2802
|l| testingdeez
|l| Coldflame2802
|j|☆testy223345
|player|p1|testy223345|266|
|l| RyanAirPowney
|l| escaperoomvgc
