|j|☆delphigni
|j|☆PerenniumFalcon
|html|delphigniPerenniumFalcon    
|uhtml|bestof|Game 1 of a best-of-3
|t:|1757202975
|gametype|doubles
|player|p1|delphigni|dawn|1154
|player|p2|PerenniumFalcon|102|1404
|gen|9
|tier|[Gen 9] VGC 2025 Reg H (Bo3)
|rated|
|rule|Species Clause: Limit one of each Pokémon
|rule|Item Clause: Limit 1 of each item
|clearpoke
|poke|p1|Kommo-o, L50, M|
|poke|p1|Primarina, L50, F|
|poke|p1|Rillaboom, L50, F|
|poke|p1|Electabuzz, L50, F|
|poke|p1|Sneasler, L50, M|
|poke|p1|Talonflame, L50, F|
|poke|p2|Sinistcha, L50|
|poke|p2|Dragapult, L50, F|
|poke|p2|Sneasler, L50, F|
|poke|p2|Volcarona, L50, F|
|poke|p2|Archaludon, L50, M|
|poke|p2|Incineroar, L50, F|
|teampreview|4
|showteam|p1|Kommo-o||ThroatSpray|Soundproof|ClangingScales,Flamethrower,ClangorousSoul,Protect|||M|||50|,,,,,Fire]Primarina||LifeOrb|LiquidVoice|HyperVoice,Moonblast,Haze,Protect|||F|||50|,,,,,Poison]Rillaboom||AssaultVest|GrassySurge|WoodHammer,GrassyGlide,FakeOut,HighHorsepower|||F|||50|,,,,,Fire]Electabuzz||Eviolite|VitalSpirit|FollowMe,Electroweb,Taunt,Protect|||F|||50|,,,,,Dragon]Sneasler||FocusSash|Unburden|DireClaw,CloseCombat,ThroatChop,Protect|||M|||50|,,,,,Dark]Talonflame||SharpBeak|GaleWings|BraveBird,WillOWisp,Tailwind,Protect|||F|||50|,,,,,Ghost
|showteam|p2|Sinistcha||SitrusBerry|Hospitality|RagePowder,MatchaGotcha,LifeDew,StrengthSap||||||50|,,,,,Water]Dragapult||ChoiceBand|ClearBody|DragonDarts,Uturn,TeraBlast,PhantomForce|||F|||50|,,,,,Ghost]Sneasler||FocusSash|PoisonTouch|FakeOut,CloseCombat,DireClaw,Protect|||F|||50|,,,,,Ghost]Volcarona||CovertCloak|FlameBody|QuiverDance,HeatWave,TeraBlast,Protect|||F|||50|,,,,,Fairy]Archaludon||PowerHerb|Sturdy|ElectroShot,DragonPulse,Thunderbolt,Protect|||M|||50|,,,,,Electric]Incineroar||AssaultVest|Intimidate|FakeOut,Uturn,KnockOff,FlareBlitz|||F|||50|,,,,,Grass
|inactive|Battle timer is ON: inactive players will automatically lose when time's up. (requested by delphigni)
|inactive|delphigni has 60 seconds left.
|inactive|PerenniumFalcon has 60 seconds left.
|
|t:|1757203020
|teamsize|p1|4
|teamsize|p2|4
|start
|switch|p1a: Yharim|Kommo-o, L50, M, shiny|100/100
|switch|p1b: Bumblebirb|Electabuzz, L50, F, shiny|100/100
|switch|p2a: Volcarona|Volcarona, L50, F|100/100
|switch|p2b: Archaludon|Archaludon, L50, M|100/100
|turn|1
|
|t:|1757203029
|switch|p2b: Incineroar|Incineroar, L50, F|100/100
|-ability|p2b: Incineroar|Intimidate|boost
|-unboost|p1a: Yharim|atk|1
|-unboost|p1b: Bumblebirb|atk|1
|-terastallize|p2a: Volcarona|Fairy
|-terastallize|p1a: Yharim|Fire
|move|p1b: Bumblebirb|Taunt|p2a: Volcarona
|-start|p2a: Volcarona|move: Taunt
|cant|p2a: Volcarona|move: Taunt|Quiver Dance
|move|p1a: Yharim|Clangorous Soul|p1a: Yharim
|-boost|p1a: Yharim|atk|1
|-boost|p1a: Yharim|def|1
|-boost|p1a: Yharim|spa|1
|-boost|p1a: Yharim|spd|1
|-boost|p1a: Yharim|spe|1
|-damage|p1a: Yharim|68/100
|-enditem|p1a: Yharim|Throat Spray
|-boost|p1a: Yharim|spa|1|[from] item: Throat Spray
|
|upkeep
|turn|2
|inactive|PerenniumFalcon has 30 seconds left.
|
|t:|1757203055
|switch|p1b: Primlance|Primarina, L50, F, shiny|100/100
|move|p1a: Yharim|Protect|p1a: Yharim
|-singleturn|p1a: Yharim|Protect
|move|p2b: Incineroar|Fake Out|p1b: Primlance
|-damage|p1b: Primlance|84/100
|move|p2a: Volcarona|Heat Wave|p1b: Primlance|[spread] p1b
|-activate|p1a: Yharim|move: Protect
|-resisted|p1b: Primlance
|-damage|p1b: Primlance|69/100
|
|upkeep
|turn|3
|
|t:|1757203070
|move|p1a: Yharim|Flamethrower|p2a: Volcarona
|-damage|p2a: Volcarona|34/100
|move|p2a: Volcarona|Tera Blast|p1b: Primlance|[anim] Tera Blast Fairy
|-damage|p1b: Primlance|32/100
|move|p1b: Primlance|Moonblast|p2a: Volcarona
|-damage|p2a: Volcarona|0 fnt
|faint|p2a: Volcarona
|-damage|p1b: Primlance|22/100|[from] item: Life Orb
|move|p2b: Incineroar|Flare Blitz|p1b: Primlance
|-resisted|p1b: Primlance
|-damage|p1b: Primlance|0 fnt
|faint|p1b: Primlance
|-damage|p2b: Incineroar|95/100|[from] Recoil
|
|upkeep
|
|t:|1757203086
|switch|p2a: Archaludon|Archaludon, L50, M|100/100
|switch|p1b: Bumblebirb|Electabuzz, L50, F, shiny|100/100
|turn|4
|
|t:|1757203090
|move|p2a: Archaludon|Protect|p2a: Archaludon
|-singleturn|p2a: Archaludon|Protect
|move|p1b: Bumblebirb|Follow Me|p1b: Bumblebirb
|-singleturn|p1b: Bumblebirb|move: Follow Me
|move|p1a: Yharim|Clanging Scales|p2b: Incineroar|[spread] p2b
|-activate|p2a: Archaludon|move: Protect
|-damage|p2b: Incineroar|56/100
|-unboost|p1a: Yharim|def|1
|move|p2b: Incineroar|Knock Off|p1b: Bumblebirb
|-damage|p1b: Bumblebirb|62/100
|-enditem|p1b: Bumblebirb|Eviolite|[from] move: Knock Off|[of] p2b: Incineroar
|
|upkeep
|turn|5
|
|t:|1757203102
|switch|p2a: Sinistcha|Sinistcha, L50|100/100
|-heal|p2b: Incineroar|81/100|[from] ability: Hospitality|[of] p2a: Sinistcha
|move|p1b: Bumblebirb|Follow Me|p1b: Bumblebirb
|-singleturn|p1b: Bumblebirb|move: Follow Me
|move|p1a: Yharim|Clanging Scales|p2a: Sinistcha|[spread] p2a,p2b
|-crit|p2a: Sinistcha
|-damage|p2a: Sinistcha|18/100
|-damage|p2b: Incineroar|45/100
|-enditem|p2a: Sinistcha|Sitrus Berry|[eat]
|-heal|p2a: Sinistcha|43/100|[from] item: Sitrus Berry
|-unboost|p1a: Yharim|def|1
|move|p2b: Incineroar|Flare Blitz|p1b: Bumblebirb
|-damage|p1b: Bumblebirb|0 fnt
|faint|p1b: Bumblebirb
|-damage|p2b: Incineroar|28/100|[from] Recoil
|
|upkeep
|
|t:|1757203110
|switch|p1b: Calamity|Sneasler, L50, M, shiny|100/100
|turn|6
|
|t:|1757203128
|move|p2a: Sinistcha|Rage Powder|p2a: Sinistcha
|-singleturn|p2a: Sinistcha|move: Rage Powder
|move|p1a: Yharim|Clanging Scales|p2b: Incineroar|[spread] p2a,p2b
|-damage|p2a: Sinistcha|0 fnt
|-damage|p2b: Incineroar|0 fnt
|faint|p2a: Sinistcha
|faint|p2b: Incineroar
|-unboost|p1a: Yharim|def|1
|move|p1b: Calamity|Close Combat|p2: Sinistcha|[notarget]
|-fail|p1b: Calamity
|
|upkeep
|-message|PerenniumFalcon forfeited.
|
|win|delphigni
||PerenniumFalcon is ready for game 2.
||delphigni is ready for game 2.
|uhtml|next|Next: Game 2 of 3
|l|☆PerenniumFalcon
|player|p2|
