|j|☆kimera7275
|j|☆Muzana
|html|kimera7275Muzana    
|uhtml|bestof|Game 1 of a best-of-3
|t:|1783518069
|gametype|doubles
|player|p1|kimera7275|riley|1000
|player|p2|Muzana|1|1081
|gen|9
|tier|[Gen 9 Champions] VGC 2026 Reg M-B (Bo3)
|rated|
|rule|Species Clause: Limit one of each Pokémon
|rule|Item Clause: Limit 1 of each item
|clearpoke
|poke|p1|Raichu, L50, M|
|poke|p1|Mawile, L50, F|
|poke|p1|Sinistcha, L50|
|poke|p1|Ceruledge, L50, M|
|poke|p1|Milotic, L50, M|
|poke|p1|Incineroar, L50, F|
|poke|p2|Blaziken, L50, F|
|poke|p2|Charizard, L50, F|
|poke|p2|Incineroar, L50, M|
|poke|p2|Ceruledge, L50, F|
|poke|p2|Armarouge, L50, F|
|poke|p2|Typhlosion, L50, F|
|teampreview|4
|showteam|p1|Raichu||RaichuniteY|LightningRod|ZapCannon,FocusBlast,FakeOut,Protect|Timid||M|||50|]Mawile||Mawilite|HyperCutter|PlayRough,SuckerPunch,SwordsDance,Protect|Adamant||F|||50|]Sinistcha||KasibBerry|Hospitality|MatchaGotcha,LifeDew,RagePowder,Protect|Bold|||||50|]Ceruledge||ColburBerry|FlashFire|BitterBlade,ShadowSneak,BulkUp,Protect|Adamant||M|||50|]Milotic||Leftovers|Competitive|MuddyWater,Coil,Hypnosis,Protect|Calm||M|||50|]Incineroar||SitrusBerry|Intimidate|FakeOut,PartingShot,FlareBlitz,ThroatChop|Careful||F|||50|
|showteam|p2|Blaziken||FocusSash|SpeedBoost|FlareBlitz,CloseCombat,RockSlide,Protect|Adamant||F|||50|]Charizard||CharizarditeY|Blaze|SolarBeam,Flamethrower,AirSlash,HeatWave|Timid||F|||50|]Incineroar||SitrusBerry|Intimidate|FakeOut,PartingShot,FlareBlitz,DarkestLariat|Adamant||M|||50|]Ceruledge||ExpertBelt|WeakArmor|ShadowSneak,Poltergeist,BitterBlade,SwordsDance|Jolly||F|||50|]Armarouge||Leftovers|WeakArmor|ArmorCannon,Psychic,ExpandingForce,PsychicTerrain|Modest||F|||50|]Typhlosion||ChoiceScarf|FlashFire|Eruption,ScorchingSands,ShadowBall,HeatWave|Timid||F|||50|
|
|t:|1783518105
|teamsize|p1|4
|teamsize|p2|4
|start
|switch|p1a: Raichu|Raichu, L50, M|100/100
|switch|p1b: Milotic|Milotic, L50, M|100/100
|switch|p2a: Charizard|Charizard, L50, F|100/100
|switch|p2b: Incineroar|Incineroar, L50, M|100/100
|-ability|p2b: Incineroar|Intimidate|boost
|-unboost|p1a: Raichu|atk|1
|-unboost|p1b: Milotic|atk|1
|-ability|p1b: Milotic|Competitive|boost
|-boost|p1b: Milotic|spa|2
|turn|1
|
|t:|1783518139
|detailschange|p2a: Charizard|Charizard-Mega-Y, L50, F
|-mega|p2a: Charizard|Charizard|Charizardite Y
|-weather|SunnyDay|[from] ability: Drought|[of] p2a: Charizard
|move|p1a: Raichu|Fake Out|p2a: Charizard
|-damage|p2a: Charizard|92/100
|move|p2b: Incineroar|Fake Out|p1a: Raichu
|-damage|p1a: Raichu|68/100
|cant|p2a: Charizard|flinch
|move|p1b: Milotic|Coil|p1b: Milotic
|-boost|p1b: Milotic|atk|1
|-boost|p1b: Milotic|def|1
|-boost|p1b: Milotic|accuracy|1
|
|-weather|SunnyDay|[upkeep]
|upkeep
|turn|2
|
|t:|1783518163
|detailschange|p1a: Raichu|Raichu-Mega-Y, L50, M
|-mega|p1a: Raichu|Raichu|Raichunite Y
|move|p1a: Raichu|Zap Cannon|p2a: Charizard
|-supereffective|p2a: Charizard|1
|-damage|p2a: Charizard|0 fnt
|faint|p2a: Charizard
|move|p1b: Milotic|Hypnosis|p2b: Incineroar
|-status|p2b: Incineroar|slp|[from] move: Hypnosis
|cant|p2b: Incineroar|slp
|
|-weather|SunnyDay|[upkeep]
|upkeep
|
|t:|1783518176
|switch|p2a: Ceruledge|Ceruledge, L50, F|100/100
|turn|3
|
|t:|1783518190
|switch|p1a: Incineroar|Incineroar, L50, F|100/100
|-ability|p1a: Incineroar|Intimidate|boost
|-unboost|p2a: Ceruledge|atk|1
|-unboost|p2b: Incineroar|atk|1
|move|p2a: Ceruledge|Poltergeist|p1a: Incineroar
|-activate|p1a: Incineroar|move: Poltergeist|Sitrus Berry
|-resisted|p1a: Incineroar|1
|-damage|p1a: Incineroar|82/100
|move|p1b: Milotic|Coil|p1b: Milotic
|-boost|p1b: Milotic|atk|1
|-boost|p1b: Milotic|def|1
|-boost|p1b: Milotic|accuracy|1
|cant|p2b: Incineroar|slp
|
|-weather|SunnyDay|[upkeep]
|upkeep
|turn|4
|
|t:|1783518218
|move|p2a: Ceruledge|Shadow Sneak|p1a: Incineroar
|-resisted|p1a: Incineroar|1
|-damage|p1a: Incineroar|75/100
|move|p1b: Milotic|Muddy Water|p2a: Ceruledge|[spread] p2a,p2b
|-supereffective|p2a: Ceruledge|1
|-supereffective|p2b: Incineroar|1
|-damage|p2a: Ceruledge|44/100
|-damage|p2b: Incineroar|52/100 slp
|move|p1a: Incineroar|Throat Chop|p2a: Ceruledge
|-supereffective|p2a: Ceruledge|1
|-crit|p2a: Ceruledge
|-damage|p2a: Ceruledge|0 fnt
|faint|p2a: Ceruledge
|-curestatus|p2b: Incineroar|slp|[msg]
|move|p2b: Incineroar|Flare Blitz|p1a: Incineroar
|-resisted|p1a: Incineroar|1
|-damage|p1a: Incineroar|50/100g
|-damage|p2b: Incineroar|44/100|[from] Recoil
|-enditem|p2b: Incineroar|Sitrus Berry|[eat]
|-heal|p2b: Incineroar|68/100|[from] item: Sitrus Berry
|
|-weather|SunnyDay|[upkeep]
|upkeep
|
|t:|1783518238
|switch|p2a: Armarouge|Armarouge, L50, F|100/100
|turn|5
|
|t:|1783518254
|move|p1b: Milotic|Muddy Water|p2a: Armarouge|[spread] p2a,p2b
|-supereffective|p2a: Armarouge|1
|-supereffective|p2b: Incineroar|1
|-damage|p2a: Armarouge|53/100
|-damage|p2b: Incineroar|24/100
|-unboost|p2a: Armarouge|accuracy|1
|move|p2a: Armarouge|Armor Cannon|p1a: Incineroar|[miss]
|-miss|p2a: Armarouge|p1a: Incineroar
|move|p1a: Incineroar|Throat Chop|p2a: Armarouge
|-supereffective|p2a: Armarouge|1
|-damage|p2a: Armarouge|0 fnt
|faint|p2a: Armarouge
|move|p2b: Incineroar|Flare Blitz|p1a: Incineroar
|-resisted|p1a: Incineroar|1
|-damage|p1a: Incineroar|24/100
|-enditem|p1a: Incineroar|Sitrus Berry|[eat]
|-heal|p1a: Incineroar|49/100|[from] item: Sitrus Berry
|-damage|p2b: Incineroar|15/100|[from] Recoil
|
|-weather|none
|upkeep
|turn|6
|
|t:|1783518281
|move|p1b: Milotic|Muddy Water|p2b: Incineroar
|-supereffective|p2b: Incineroar|1
|-damage|p2b: Incineroar|0 fnt
|faint|p2b: Incineroar
|
|win|kimera7275
||kimera7275 is ready for game 2.
|l|☆kimera7275
|player|p1|
|inactive|Muzana has 30 seconds to confirm battle start!
