|j|☆teddy2gloves
|j|☆kaiserbn1
|html|teddy2gloveskaiserbn1    
|uhtml|bestof|Game 2 of a best-of-3
|t:|1757826783
|gametype|doubles
|player|p1|teddy2gloves|102|1030
|player|p2|kaiserbn1|n|1093
|gen|9
|tier|[Gen 9] VGC 2025 Reg H (Bo3)
|rated|
|rule|Species Clause: Limit one of each Pokémon
|rule|Item Clause: Limit 1 of each item
|clearpoke
|poke|p1|Ninetales-Alola, L50, F|
|poke|p1|Sneasler, L50, F|
|poke|p1|Incineroar, L50, F|
|poke|p1|Gholdengo, L50|
|poke|p1|Amoonguss, L50, F|
|poke|p1|Volcarona, L50, F|
|poke|p2|Amoonguss, L50, F|
|poke|p2|Sneasler, L50, M|
|poke|p2|Gholdengo, L50|
|poke|p2|Incineroar, L50, M|
|poke|p2|Ursaluna-Bloodmoon, L50, M|
|poke|p2|Dragonite, L50, M|
|teampreview|4
|showteam|p1|Ninetales-Alola||FocusSash|SnowWarning|IcyWind,AuroraVeil,Encore,Blizzard|||F|||50|,,,,,Ghost]Sneasler||WhiteHerb|Unburden|CloseCombat,DireClaw,Protect,Coaching|||F|||50|,,,,,Dark]Incineroar||SafetyGoggles|Intimidate|WillOWisp,KnockOff,PartingShot,FakeOut|||F|||50|,,,,,Fairy]Gholdengo||Leftovers|GoodasGold|NastyPlot,MakeItRain,ShadowBall,Protect||||||50|,,,,,Water]Amoonguss||RockyHelmet|Regenerator|ClearSmog,Spore,RagePowder,PollenPuff|||F|||50|,,,,,Water]Volcarona||CovertCloak|FlameBody|QuiverDance,Protect,HeatWave,GigaDrain|||F|||50|,,,,,Grass
|showteam|p2|Amoonguss||SitrusBerry|Regenerator|Protect,Spore,RagePowder,PollenPuff|||F|||50|,,,,,Psychic]Sneasler||FocusSash|Unburden|Protect,DireClaw,CloseCombat,ThroatChop|||M|||50|,,,,,Stellar]Gholdengo||LifeOrb|GoodasGold|Protect,MakeItRain,ShadowBall,Thunderbolt||||||50|,,,,,Water]Incineroar||SafetyGoggles|Intimidate|FlareBlitz,KnockOff,PartingShot,FakeOut|||M|||50|,,,,,Ghost]Ursaluna-Bloodmoon||AssaultVest|MindsEye|BloodMoon,HyperVoice,VacuumWave,EarthPower|||M|||50|,,,,,Normal]Dragonite||LoadedDice|Multiscale|Protect,Tailwind,ScaleShot,Haze|||M|||50|,,,,,Fairy
|inactive|Battle timer is ON: inactive players will automatically lose when time's up. (requested by kaiserbn1)
|inactive|kaiserbn1 has 60 seconds left.
|inactive|kaiserbn1 has 30 seconds left.
|inactive|kaiserbn1 has 20 seconds left.
|inactive|kaiserbn1 has 15 seconds left.
|inactive|kaiserbn1 has 10 seconds left.
|
|t:|1757826863
|teamsize|p1|4
|teamsize|p2|4
|start
|switch|p1a: Incineroar|Incineroar, L50, F|100/100
|switch|p1b: Volcarona|Volcarona, L50, F|100/100
|switch|p2a: Dragonite|Dragonite, L50, M|100/100
|switch|p2b: Incineroar|Incineroar, L50, M|100/100
|-ability|p2b: Incineroar|Intimidate|boost
|-unboost|p1a: Incineroar|atk|1
|-unboost|p1b: Volcarona|atk|1
|-ability|p1a: Incineroar|Intimidate|boost
|-unboost|p2a: Dragonite|atk|1
|-unboost|p2b: Incineroar|atk|1
|turn|1
|
|t:|1757826887
|move|p2b: Incineroar|Fake Out|p1a: Incineroar
|-damage|p1a: Incineroar|93/100
|move|p2a: Dragonite|Scale Shot|p1b: Volcarona
|-damage|p1b: Volcarona|87/100
|-damage|p1b: Volcarona|74/100
|-damage|p1b: Volcarona|61/100
|-damage|p1b: Volcarona|47/100
|-damage|p1b: Volcarona|36/100
|-hitcount|p1b: Volcarona|5
|-unboost|p2a: Dragonite|def|1
|-boost|p2a: Dragonite|spe|1
|move|p1b: Volcarona|Heat Wave|p2b: Incineroar|[spread] p2a,p2b
|-resisted|p2a: Dragonite
|-resisted|p2b: Incineroar
|-damage|p2a: Dragonite|90/100
|-damage|p2b: Incineroar|83/100
|cant|p1a: Incineroar|flinch
|
|upkeep
|turn|2
|inactive|kaiserbn1 has 30 seconds left.
|inactive|kaiserbn1 has 20 seconds left.
|
|t:|1757826927
|switch|p1b: Ninetales|Ninetales-Alola, L50, F|100/100
|-weather|Snowscape|[from] ability: Snow Warning|[of] p1b: Ninetales
|move|p2a: Dragonite|Scale Shot|p1b: Ninetales
|-immune|p1b: Ninetales
|move|p2b: Incineroar|Parting Shot|p1a: Incineroar
|-unboost|p1a: Incineroar|atk|1
|-unboost|p1a: Incineroar|spa|1
|inactive|kaiserbn1 has 30 seconds left.
|
|t:|1757826954
|switch|p2b: Ursaluna|Ursaluna-Bloodmoon, L50, M|100/100|[from] Parting Shot
|move|p1a: Incineroar|Parting Shot|p2a: Dragonite
|-unboost|p2a: Dragonite|atk|1
|-unboost|p2a: Dragonite|spa|1
|
|t:|1757826965
|switch|p1a: Sneasler|Sneasler, L50, F|100/100|[from] Parting Shot
|
|-weather|Snowscape|[upkeep]
|upkeep
|turn|3
|
|t:|1757826982
|switch|p2a: Incineroar|Incineroar, L50, M|83/100
|-ability|p2a: Incineroar|Intimidate|boost
|-unboost|p1a: Sneasler|atk|1
|-unboost|p1b: Ninetales|atk|1
|-enditem|p1a: Sneasler|White Herb
|-clearnegativeboost|p1a: Sneasler|[silent]
|switch|p2b: Gholdengo|Gholdengo, L50|100/100
|move|p1a: Sneasler|Close Combat|p2b: Gholdengo
|-immune|p2b: Gholdengo
|move|p1b: Ninetales|Aurora Veil|p1b: Ninetales
|-sidestart|p1: teddy2gloves|move: Aurora Veil
|
|-weather|Snowscape|[upkeep]
|upkeep
|turn|4
|inactive|kaiserbn1 has 30 seconds left.
|
|t:|1757827015
|-terastallize|p2a: Incineroar|Ghost
|move|p1a: Sneasler|Close Combat|p2a: Incineroar
|-immune|p2a: Incineroar
|move|p1b: Ninetales|Icy Wind|p2b: Gholdengo|[spread] p2a,p2b
|-resisted|p2b: Gholdengo
|-damage|p2a: Incineroar|67/100
|-damage|p2b: Gholdengo|92/100
|-unboost|p2a: Incineroar|spe|1
|-unboost|p2b: Gholdengo|spe|1
|move|p2b: Gholdengo|Make It Rain|p1b: Ninetales|[spread] p1a,p1b
|-supereffective|p1b: Ninetales
|-damage|p1a: Sneasler|50/100
|-enditem|p1b: Ninetales|Focus Sash
|-damage|p1b: Ninetales|1/100
|-unboost|p2b: Gholdengo|spa|1
|-damage|p2b: Gholdengo|83/100|[from] item: Life Orb
|move|p2a: Incineroar|Flare Blitz|p1b: Ninetales
|-supereffective|p1b: Ninetales
|-damage|p1b: Ninetales|0 fnt
|faint|p1b: Ninetales
|-damage|p2a: Incineroar|67/100|[from] Recoil
|
|-weather|Snowscape|[upkeep]
|upkeep
|
|t:|1757827023
|switch|p1b: Volcarona|Volcarona, L50, F|36/100
|turn|5
|inactive|kaiserbn1 has 30 seconds left.
|inactive|kaiserbn1 has 20 seconds left.
|inactive|kaiserbn1 has 15 seconds left.
|inactive|kaiserbn1 has 10 seconds left.
|
|t:|1757827071
|move|p2b: Gholdengo|Protect|p2b: Gholdengo
|-singleturn|p2b: Gholdengo|Protect
|move|p1a: Sneasler|Dire Claw|p2a: Incineroar
|-resisted|p2a: Incineroar
|-damage|p2a: Incineroar|49/100
|move|p1b: Volcarona|Heat Wave|p2a: Incineroar|[spread] p2a
|-activate|p2b: Gholdengo|move: Protect
|-damage|p2a: Incineroar|14/100
|-status|p2a: Incineroar|brn
|move|p2a: Incineroar|Knock Off|p1b: Volcarona
|-damage|p1b: Volcarona|18/100
|-enditem|p1b: Volcarona|Covert Cloak|[from] move: Knock Off|[of] p2a: Incineroar
|
|-weather|Snowscape|[upkeep]
|-damage|p2a: Incineroar|8/100 brn|[from] brn
|upkeep
|turn|6
|inactive|teddy2gloves has 30 seconds left.
|inactive|kaiserbn1 has 30 seconds left.
|inactive|teddy2gloves has 20 seconds left.
|inactive|kaiserbn1 has 20 seconds left.
|inactive|kaiserbn1 has 15 seconds left.
|
|t:|1757827113
|switch|p1a: Incineroar|Incineroar, L50, F|93/100
|-ability|p1a: Incineroar|Intimidate|boost
|-unboost|p2a: Incineroar|atk|1
|-unboost|p2b: Gholdengo|atk|1
|switch|p2a: Ursaluna|Ursaluna-Bloodmoon, L50, M|100/100
|move|p1b: Volcarona|Heat Wave|p2a: Ursaluna|[spread] p2a,p2b
|-supereffective|p2b: Gholdengo
|-damage|p2a: Ursaluna|75/100
|-damage|p2b: Gholdengo|0 fnt
|faint|p2b: Gholdengo
|
|-weather|none
|upkeep
|
|t:|1757827129
|switch|p2b: Incineroar|Incineroar, L50, M, tera:Ghost|8/100 brn
|-ability|p2b: Incineroar|Intimidate|boost
|-unboost|p1a: Incineroar|atk|1
|-unboost|p1b: Volcarona|atk|1
|turn|7
|
|t:|1757827142
|switch|p1a: Sneasler|Sneasler, L50, F|50/100
|move|p1b: Volcarona|Protect|p1b: Volcarona
|-singleturn|p1b: Volcarona|Protect
|move|p2b: Incineroar|Fake Out|p1a: Sneasler
|-damage|p1a: Sneasler|42/100
|move|p2a: Ursaluna|Hyper Voice|p1a: Sneasler|[spread] p1a
|-activate|p1b: Volcarona|move: Protect
|-damage|p1a: Sneasler|6/100
|
|-damage|p2b: Incineroar|2/100 brn|[from] brn
|-sideend|p1: teddy2gloves|move: Aurora Veil
|upkeep
|turn|8
|inactive|kaiserbn1 has 30 seconds left.
|
|t:|1757827171
|-terastallize|p1b: Volcarona|Grass
|move|p2a: Ursaluna|Vacuum Wave|p1a: Sneasler
|-resisted|p1a: Sneasler
|-damage|p1a: Sneasler|0 fnt
|faint|p1a: Sneasler
|move|p1b: Volcarona|Giga Drain|p2a: Ursaluna
|-supereffective|p2a: Ursaluna
|-damage|p2a: Ursaluna|22/100
|-heal|p1b: Volcarona|46/100|[from] drain|[of] p2a: Ursaluna
|move|p2b: Incineroar|Flare Blitz|p1b: Volcarona
|-supereffective|p1b: Volcarona
|-damage|p1b: Volcarona|0 fnt
|faint|p1b: Volcarona
|-damage|p2b: Incineroar|0 fnt|[from] Recoil
|faint|p2b: Incineroar
|
|upkeep
|
|t:|1757827186
|switch|p1b: Incineroar|Incineroar, L50, F|93/100
|switch|p2b: Dragonite|Dragonite, L50, M|90/100
|-ability|p1b: Incineroar|Intimidate|boost
|-unboost|p2a: Ursaluna|atk|1
|-unboost|p2b: Dragonite|atk|1
|turn|9
|-message|teddy2gloves forfeited.
|
|win|kaiserbn1
|l|☆teddy2gloves
|player|p1|
||teddy2gloves is ready for game 3.
||kaiserbn1 is ready for game 3.
|uhtml|next|Next: Game 3 of 3
