|j|☆GlitchXDGOAT
|j|☆Broken_Analysis
|html|GlitchXDGOATBroken_Analysis    
|uhtml|bestof|Game 2 of a best-of-3
|t:|1786091337
|gametype|doubles
|player|p1|GlitchXDGOAT|266|1167
|player|p2|Broken_Analysis|2|1000
|gen|9
|tier|[Gen 9 Champions] VGC 2026 Reg M-B (Bo3)
|rated|
|rule|Species Clause: Limit one of each Pokémon
|rule|Item Clause: Limit 1 of each item
|clearpoke
|poke|p1|Farigiraf, L50, F|
|poke|p1|Houndoom, L50, M|
|poke|p1|Torkoal, L50, M|
|poke|p1|Vileplume, L50, F|
|poke|p1|Basculegion, L50, M|
|poke|p1|Floette-Eternal, L50, F|
|poke|p2|Gardevoir, L50, F|
|poke|p2|Staraptor, L50, F|
|poke|p2|Whimsicott, L50, F|
|poke|p2|Sneasler, L50, F|
|poke|p2|Kingambit, L50, F|
|poke|p2|Garchomp, L50, F|
|teampreview|4
|showteam|p1|Farigiraf||SitrusBerry|ArmorTail|TwinBeam,HelpingHand,Roar,TrickRoom|Bold||F|||50|]Houndoom||Houndoominite|FlashFire|HeatWave,Overheat,DarkPulse,Protect|Timid||M|||50|]Torkoal||Charcoal|Drought|Eruption,WeatherBall,HelpingHand,Protect|Quiet||M|||50|]Vileplume||FocusSash|Chlorophyll|SolarBeam,SludgeBomb,SleepPowder,AfterYou|Timid||F|||50|]Basculegion||ChoiceScarf|Adaptability|WaveCrash,LastRespects,FlipTurn,AquaJet|Jolly||M|||50|]Floette-Eternal||Floettite|FlowerVeil|Moonblast,DazzlingGleam,LightofRuin,Protect|Timid||F|||50|
|showteam|p2|Gardevoir||Gardevoirite|Trace|HyperVoice,ExpandingForce,Charm,Protect|Timid||F|||50|]Staraptor||Staraptite|Intimidate|BlazeKick,CloseCombat,Protect,Tailwind|Jolly||F|||50|]Whimsicott||SitrusBerry|Prankster|TrickRoom,Tailwind,Moonblast,Protect|Relaxed||F|||50|]Sneasler||FocusSash|Unburden|DireClaw,Acrobatics,FakeOut,Protect|Adamant||F|||50|]Kingambit||LifeOrb|Defiant|KowtowCleave,Protect,FoulPlay,LashOut|Impish||F|||50|]Garchomp||PersimBerry|RoughSkin|Earthquake,DragonClaw,Protect,DoubleEdge|Jolly||F|||50|
|inactive|Battle timer is ON: inactive players will automatically lose when time's up. (requested by GlitchXDGOAT)
|
|t:|1786091347
|teamsize|p1|4
|teamsize|p2|4
|start
|switch|p1a: Floette|Floette-Eternal, L50, F|100/100
|switch|p1b: Vileplume|Vileplume, L50, F|100/100
|switch|p2a: Sneasler|Sneasler, L50, F|100/100
|switch|p2b: Garchomp|Garchomp, L50, F|100/100
|turn|1
|
|t:|1786091372
|switch|p1a: Torkoal|Torkoal, L50, M|100/100
|-weather|SunnyDay|[from] ability: Drought|[of] p1a: Torkoal
|move|p2b: Garchomp|Protect|p2b: Garchomp
|-singleturn|p2b: Garchomp|Protect
|move|p1b: Vileplume|Sleep Powder|p2b: Garchomp
|-activate|p2b: Garchomp|move: Protect
|move|p2a: Sneasler|Dire Claw|p1a: Torkoal
|-damage|p1a: Torkoal|65/100
|
|-weather|SunnyDay|[upkeep]
|upkeep
|turn|2
|inactive|Broken_Analysis has 30 seconds left.
|
|t:|1786091402
|move|p1b: Vileplume|Sludge Bomb|p2a: Sneasler
|-resisted|p2a: Sneasler|1
|-damage|p2a: Sneasler|71/100
|move|p2a: Sneasler|Acrobatics|p1b: Vileplume
|-supereffective|p1b: Vileplume|1
|-damage|p1b: Vileplume|47/100
|move|p2b: Garchomp|Earthquake|p1a: Torkoal|[spread] p2a,p1a,p1b
|-supereffective|p2a: Sneasler|1
|-crit|p2a: Sneasler
|-supereffective|p1a: Torkoal|1
|-damage|p2a: Sneasler|0 fnt
|-damage|p1a: Torkoal|1/100
|-damage|p1b: Vileplume|0 fnt
|faint|p2a: Sneasler
|faint|p1b: Vileplume
|move|p1a: Torkoal|Weather Ball|p2b: Garchomp
|-resisted|p2b: Garchomp|1
|-damage|p2b: Garchomp|58/100
|
|-weather|SunnyDay|[upkeep]
|upkeep
|
|t:|1786091424
|switch|p2a: Gardevoir|Gardevoir, L50, F|100/100
|switch|p1b: Floette|Floette-Eternal, L50, F|100/100
|-ability|p2a: Gardevoir|Flower Veil|Trace|[from] ability: Trace|[of] p1b: Floette
|turn|3
|
|t:|1786091441
|detailschange|p1b: Floette|Floette-Mega, L50, F
|-mega|p1b: Floette|Floette|Floettite
|-ability|p1b: Floette|Fairy Aura
|detailschange|p2a: Gardevoir|Gardevoir-Mega, L50, F
|-mega|p2a: Gardevoir|Gardevoir|Gardevoirite
|move|p1a: Torkoal|Helping Hand|p1b: Floette
|-singleturn|p1b: Floette|Helping Hand|[of] p1a: Torkoal
|move|p1b: Floette|Dazzling Gleam|p2a: Gardevoir|[spread] p2a,p2b
|-supereffective|p2b: Garchomp|1
|-damage|p2a: Gardevoir|37/100
|-damage|p2b: Garchomp|0 fnt
|faint|p2b: Garchomp
|move|p2a: Gardevoir|Hyper Voice|p1a: Torkoal|[spread] p1a,p1b
|-resisted|p1a: Torkoal|1
|-damage|p1a: Torkoal|0 fnt
|-damage|p1b: Floette|46/100
|faint|p1a: Torkoal
|
|-weather|SunnyDay|[upkeep]
|upkeep
|
|t:|1786091456
|switch|p2b: Whimsicott|Whimsicott, L50, F|100/100
|switch|p1a: Farigiraf|Farigiraf, L50, F|100/100
|turn|4
|
|t:|1786091465
|move|p1b: Floette|Protect|p1b: Floette
|-singleturn|p1b: Floette|Protect
|move|p2b: Whimsicott|Tailwind|p2b: Whimsicott
|-sidestart|p2: Broken_Analysis|move: Tailwind
|move|p2a: Gardevoir|Hyper Voice|p1a: Farigiraf|[spread] p1a
|-activate|p1b: Floette|move: Protect
|-damage|p1a: Farigiraf|33/100
|-enditem|p1a: Farigiraf|Sitrus Berry|[eat]
|-heal|p1a: Farigiraf|58/100|[from] item: Sitrus Berry
|move|p1a: Farigiraf|Trick Room|p1a: Farigiraf
|-fieldstart|move: Trick Room|[of] p1a: Farigiraf
|
|-weather|SunnyDay|[upkeep]
|upkeep
|turn|5
|
|t:|1786091479
|move|p1a: Farigiraf|Helping Hand|p1b: Floette
|-singleturn|p1b: Floette|Helping Hand|[of] p1a: Farigiraf
|move|p1b: Floette|Dazzling Gleam|p2b: Whimsicott|[spread] p2a,p2b
|-damage|p2a: Gardevoir|0 fnt
|-damage|p2b: Whimsicott|7/100
|-enditem|p2b: Whimsicott|Sitrus Berry|[eat]
|-heal|p2b: Whimsicott|32/100|[from] item: Sitrus Berry
|faint|p2a: Gardevoir
|move|p2b: Whimsicott|Trick Room|p2b: Whimsicott
|-fieldend|move: Trick Room
|
|-weather|none
|upkeep
|turn|6
|
|t:|1786091495
|move|p2b: Whimsicott|Moonblast|p1b: Floette
|-damage|p1b: Floette|14/100
|move|p1b: Floette|Moonblast|p2b: Whimsicott
|-damage|p2b: Whimsicott|0 fnt
|faint|p2b: Whimsicott
|
|win|GlitchXDGOAT
|raw|GlitchXDGOAT's rating: 1167 → 1181(+14 for winning)
|raw|Broken_Analysis's rating: 1000 → 1000(+0 for losing)
|c|☆GlitchXDGOAT|GG
|l|☆Broken_Analysis
|player|p2|
