|j|☆Ossi1590
|j|☆sille rovert
|html|Ossi1590sille rovert    
|uhtml|bestof|Game 2 of a best-of-3
|t:|1783524770
|gametype|doubles
|player|p1|Ossi1590|colress|1328
|player|p2|sille rovert|trevor|1344
|gen|9
|tier|[Gen 9 Champions] VGC 2026 Reg M-B (Bo3)
|rated|
|rule|Species Clause: Limit one of each Pokémon
|rule|Item Clause: Limit 1 of each item
|clearpoke
|poke|p1|Raichu, L50, F|
|poke|p1|Mawile, L50, M|
|poke|p1|Sinistcha, L50|
|poke|p1|Ceruledge, L50, M|
|poke|p1|Milotic, L50, F|
|poke|p1|Incineroar, L50, M|
|poke|p2|Sinistcha, L50|
|poke|p2|Incineroar, L50, F|
|poke|p2|Ninetales-Alola, L50, F|
|poke|p2|Raichu, L50, F|
|poke|p2|Blastoise, L50, M|
|poke|p2|Ceruledge, L50, F|
|teampreview|4
|showteam|p1|Raichu||RaichuniteY|LightningRod|ZapCannon,FocusBlast,FakeOut,Protect|Timid||F|||50|]Mawile||Mawilite|HyperCutter|PlayRough,SuckerPunch,SwordsDance,Protect|Adamant||M|||50|]Sinistcha||KasibBerry|Hospitality|MatchaGotcha,LifeDew,RagePowder,Protect|Relaxed|||||50|]Ceruledge||ColburBerry|FlashFire|BitterBlade,ShadowSneak,BulkUp,Protect|Adamant||M|||50|]Milotic||Leftovers|Competitive|MuddyWater,Coil,Hypnosis,Protect|Calm||F|||50|]Incineroar||SitrusBerry|Intimidate|FlareBlitz,ThroatChop,FakeOut,PartingShot|Impish||M|||50|
|showteam|p2|Sinistcha||KasibBerry|Hospitality|MatchaGotcha,LifeDew,RagePowder,Protect|Relaxed|||||50|]Incineroar||SitrusBerry|Intimidate|FlareBlitz,ThroatChop,FakeOut,PartingShot|Impish||F|||50|]Ninetales-Alola||NeverMeltIce|SnowWarning|Blizzard,FreezeDry,Encore,Protect|Timid||F|||50|]Raichu||RaichuniteY|LightningRod|ZapCannon,FocusBlast,FakeOut,Protect|Timid||F|||50|]Blastoise||Blastoisinite|RainDish|WaterSpout,DarkPulse,ShellSmash,Protect|Modest||M|||50|]Ceruledge||ColburBerry|FlashFire|BitterBlade,ShadowSneak,BulkUp,Protect|Adamant||F|||50|
|inactive|Battle timer is ON: inactive players will automatically lose when time's up. (requested by Ossi1590)
|
|t:|1783524806
|teamsize|p1|4
|teamsize|p2|4
|start
|switch|p1a: Incineroar|Incineroar, L50, M|100/100
|switch|p1b: Milotic|Milotic, L50, F|100/100
|switch|p2a: Fox|Ninetales-Alola, L50, F|100/100
|switch|p2b: Tortuga|Blastoise, L50, M|100/100
|-weather|Snowscape|[from] ability: Snow Warning|[of] p2a: Fox
|-ability|p1a: Incineroar|Intimidate|boost
|-unboost|p2a: Fox|atk|1
|-unboost|p2b: Tortuga|atk|1
|turn|1
|
|t:|1783524820
|detailschange|p2b: Tortuga|Blastoise-Mega, L50, M
|-mega|p2b: Tortuga|Blastoise|Blastoisinite
|move|p1a: Incineroar|Fake Out|p2a: Fox
|-damage|p2a: Fox|89/100
|cant|p2a: Fox|flinch
|move|p2b: Tortuga|Shell Smash|p2b: Tortuga
|-unboost|p2b: Tortuga|def|1
|-unboost|p2b: Tortuga|spd|1
|-boost|p2b: Tortuga|atk|2
|-boost|p2b: Tortuga|spa|2
|-boost|p2b: Tortuga|spe|2
|move|p1b: Milotic|Coil|p1b: Milotic
|-boost|p1b: Milotic|atk|1
|-boost|p1b: Milotic|def|1
|-boost|p1b: Milotic|accuracy|1
|
|-weather|Snowscape|[upkeep]
|upkeep
|turn|2
|
|t:|1783524831
|switch|p1a: Sinistcha|Sinistcha, L50|100/100
|move|p2b: Tortuga|Water Spout|p1a: Sinistcha|[spread] p1a,p1b
|-resisted|p1a: Sinistcha|1
|-resisted|p1b: Milotic|1
|-damage|p1a: Sinistcha|40/100
|-damage|p1b: Milotic|56/100
|move|p2a: Fox|Encore|p1b: Milotic
|-start|p1b: Milotic|Encore
|move|p1b: Milotic|Coil|p1b: Milotic
|-boost|p1b: Milotic|atk|1
|-boost|p1b: Milotic|def|1
|-boost|p1b: Milotic|accuracy|1
|
|-weather|Snowscape|[upkeep]
|-heal|p1b: Milotic|62/100|[from] item: Leftovers
|upkeep
|turn|3
|
|t:|1783524843
|move|p2b: Tortuga|Water Spout|p1b: Milotic|[spread] p1a,p1b
|-resisted|p1a: Sinistcha|1
|-crit|p1a: Sinistcha
|-resisted|p1b: Milotic|1
|-crit|p1b: Milotic
|-damage|p1a: Sinistcha|0 fnt
|-damage|p1b: Milotic|5/100
|faint|p1a: Sinistcha
|move|p2a: Fox|Blizzard|p1b: Milotic
|-resisted|p1b: Milotic|1
|-damage|p1b: Milotic|0 fnt
|faint|p1b: Milotic
|
|-weather|Snowscape|[upkeep]
|upkeep
|
|t:|1783524846
|switch|p1b: Incineroar|Incineroar, L50, M|100/100
|switch|p1a: Raichu|Raichu, L50, F|100/100
|-ability|p1b: Incineroar|Intimidate|boost
|-unboost|p2a: Fox|atk|1
|-unboost|p2b: Tortuga|atk|1
|turn|4
|
|t:|1783524854
|detailschange|p1a: Raichu|Raichu-Mega-Y, L50, F
|-mega|p1a: Raichu|Raichu|Raichunite Y
|move|p2b: Tortuga|Protect|p2b: Tortuga
|-singleturn|p2b: Tortuga|Protect
|move|p2a: Fox|Protect|p2a: Fox
|-singleturn|p2a: Fox|Protect
|move|p1a: Raichu|Focus Blast|p2a: Fox
|-activate|p2a: Fox|move: Protect
|move|p1b: Incineroar|Parting Shot|p2a: Fox
|-activate|p2a: Fox|move: Protect
|
|-weather|Snowscape|[upkeep]
|upkeep
|turn|5
|
|t:|1783524859
|move|p2b: Tortuga|Water Spout|p1b: Incineroar|[spread] p1a,p1b
|-supereffective|p1b: Incineroar|1
|-damage|p1a: Raichu|0 fnt
|-damage|p1b: Incineroar|0 fnt
|faint|p1a: Raichu
|faint|p1b: Incineroar
|
|win|sille rovert
||sille rovert is ready for game 3.
|inactive|Ossi1590 has 30 seconds to confirm battle start!
