|j|☆Allat78
|j|☆KodeBeast0526
|html|Allat78KodeBeast0526    
|uhtml|bestof|Game 3 of a best-of-3
|t:|1784514492
|gametype|doubles
|player|p1|Allat78|hilbert-wonderlauncher|1113
|player|p2|KodeBeast0526|sailor|1245
|gen|9
|tier|[Gen 9 Champions] VGC 2026 Reg M-B (Bo3)
|rated|
|rule|Species Clause: Limit one of each Pokémon
|rule|Item Clause: Limit 1 of each item
|clearpoke
|poke|p1|Audino, L50, F|
|poke|p1|Incineroar, L50, M|
|poke|p1|Tsareena, L50, F|
|poke|p1|Lycanroc-Dusk, L50, F|
|poke|p1|Feraligatr, L50, M|
|poke|p1|Dragalge, L50, F|
|poke|p2|Aerodactyl, L50, M, shiny|
|poke|p2|Kingambit, L50, M, shiny|
|poke|p2|Sylveon, L50, M, shiny|
|poke|p2|Garchomp, L50, M, shiny|
|poke|p2|Charizard, L50, M, shiny|
|poke|p2|Farigiraf, L50, F, shiny|
|teampreview|4
|showteam|p1|Audino||Audinite|Regenerator|DrainingKiss,CalmMind,HyperVoice,Protect|Modest||F|||50|]Incineroar||ChopleBerry|Intimidate|FlareBlitz,ThroatChop,FakeOut,PartingShot|Adamant||M|||50|]Tsareena||ChoiceScarf|QueenlyMajesty|TropKick,HighJumpKick,TripleAxel,Uturn|Jolly||F|||50|]Lycanroc-Dusk||FocusSash|ToughClaws|Accelerock,CloseCombat,SwordsDance,RockSlide|Jolly||F|||50|]Feraligatr||LifeOrb|SheerForce|Liquidation,RockSlide,DragonDance,AquaJet|Adamant||M|||50|]Dragalge||Dragalgite|PoisonPoint|DracoMeteor,SludgeBomb,FlipTurn,Protect|Calm||F|||50|
|showteam|p2|Aerodactyl||Aerodactylite|Unnerve|RockSlide,IceFang,Tailwind,WideGuard|Jolly||M|||50|]Kingambit||FocusSash|Defiant|KowtowCleave,SuckerPunch,IronHead,LowKick|Adamant||M|||50|]Sylveon||LifeOrb|Pixilate|Detect,HyperVoice,HyperBeam,QuickAttack|Modest||M|||50|]Garchomp||ChoiceScarf|RoughSkin|Earthquake,DragonClaw,StompingTantrum,StoneEdge|Jolly||M|||50|]Charizard||CharizarditeY|Blaze|Protect,HeatWave,SolarBeam,WeatherBall|Modest||M|||50|]Farigiraf||SitrusBerry|ArmorTail|Thunderbolt,PsychicNoise,TrickRoom,HelpingHand|Bold||F|||50|
|
|t:|1784514507
|teamsize|p1|4
|teamsize|p2|4
|start
|switch|p1a: Tsareena|Tsareena, L50, F|100/100
|switch|p1b: Lingote|Incineroar, L50, M|100/100
|switch|p2a: Kingambit|Kingambit, L50, M, shiny|100/100
|switch|p2b: Farigiraf|Farigiraf, L50, F, shiny|100/100
|-ability|p1b: Lingote|Intimidate|boost
|-unboost|p2a: Kingambit|atk|1
|-ability|p2a: Kingambit|Defiant|boost
|-boost|p2a: Kingambit|atk|2
|-unboost|p2b: Farigiraf|atk|1
|turn|1
|
|t:|1784514521
|move|p1a: Tsareena|U-turn|p2b: Farigiraf
|-supereffective|p2b: Farigiraf|1
|-damage|p2b: Farigiraf|61/100
|
|t:|1784514524
|switch|p1a: Feraligatr|Feraligatr, L50, M|100/100|[from] U-turn
|move|p2a: Kingambit|Kowtow Cleave|p1b: Lingote
|-resisted|p1b: Lingote|1
|-crit|p1b: Lingote
|-damage|p1b: Lingote|50/100g
|move|p1b: Lingote|Throat Chop|p2b: Farigiraf
|-supereffective|p2b: Farigiraf|1
|-damage|p2b: Farigiraf|0 fnt
|faint|p2b: Farigiraf
|
|upkeep
|
|t:|1784514532
|switch|p2b: Charizard|Charizard, L50, M, shiny|100/100
|turn|2
|
|t:|1784514549
|switch|p1a: Tsareena|Tsareena, L50, F|100/100
|detailschange|p2b: Charizard|Charizard-Mega-Y, L50, M, shiny
|-mega|p2b: Charizard|Charizard|Charizardite Y
|-weather|SunnyDay|[from] ability: Drought|[of] p2b: Charizard
|move|p2b: Charizard|Weather Ball|p1b: Lingote
|-resisted|p1b: Lingote|1
|-damage|p1b: Lingote|4/100
|move|p2a: Kingambit|Kowtow Cleave|p1a: Tsareena
|-damage|p1a: Tsareena|15/100
|move|p1b: Lingote|Parting Shot|p2b: Charizard
|-unboost|p2b: Charizard|atk|1
|-unboost|p2b: Charizard|spa|1
|
|t:|1784514565
|switch|p1b: Lycanroc|Lycanroc-Dusk, L50, F|100/100|[from] Parting Shot
|
|-weather|SunnyDay|[upkeep]
|upkeep
|turn|3
|
|t:|1784514576
|move|p2b: Charizard|Protect|p2b: Charizard
|-singleturn|p2b: Charizard|Protect
|move|p2a: Kingambit|Sucker Punch||[still]
|cant|p1a: Tsareena|ability: Queenly Majesty|Sucker Punch|[of] p2a: Kingambit
|move|p1a: Tsareena|High Jump Kick|p2a: Kingambit
|-supereffective|p2a: Kingambit|2
|-enditem|p2a: Kingambit|Focus Sash
|-damage|p2a: Kingambit|1/100
|move|p1b: Lycanroc|Rock Slide|p2a: Kingambit|[spread] p2a
|-activate|p2b: Charizard|move: Protect
|-resisted|p2a: Kingambit|1
|-damage|p2a: Kingambit|0 fnt
|faint|p2a: Kingambit
|
|-weather|SunnyDay|[upkeep]
|upkeep
|
|t:|1784514582
|switch|p2a: Garchomp|Garchomp, L50, M, shiny|100/100
|turn|4
|
|t:|1784514607
|switch|p1a: Lingote|Incineroar, L50, M|4/100
|-ability|p1a: Lingote|Intimidate|boost
|-unboost|p2a: Garchomp|atk|1
|-unboost|p2b: Charizard|atk|1
|move|p1b: Lycanroc|Accelerock|p2b: Charizard
|-supereffective|p2b: Charizard|2
|-damage|p2b: Charizard|0 fnt
|faint|p2b: Charizard
|move|p2a: Garchomp|Earthquake|p1a: Lingote|[spread] p1a,p1b
|-supereffective|p1a: Lingote|1
|-supereffective|p1b: Lycanroc|1
|-damage|p1a: Lingote|0 fnt
|-damage|p1b: Lycanroc|15/100
|faint|p1a: Lingote
|
|-weather|SunnyDay|[upkeep]
|upkeep
|
|t:|1784514616
|switch|p1a: Tsareena|Tsareena, L50, F|15/100
|turn|5
|
|t:|1784514621
|move|p2a: Garchomp|Earthquake|p1b: Lycanroc|[spread] p1a,p1b
|-resisted|p1a: Tsareena|1
|-supereffective|p1b: Lycanroc|1
|-damage|p1a: Tsareena|1/100
|-damage|p1b: Lycanroc|0 fnt
|faint|p1b: Lycanroc
|move|p1a: Tsareena|Triple Axel|p2a: Garchomp
|-supereffective|p2a: Garchomp|2
|-damage|p2a: Garchomp|71/100
|-damage|p1a: Tsareena|0 fnt|[from] ability: Rough Skin|[of] p2a: Garchomp
|faint|p1a: Tsareena
|-hitcount|p2a: Garchomp|1
|
|-weather|SunnyDay|[upkeep]
|upkeep
|
|t:|1784514624
|switch|p1b: Feraligatr|Feraligatr, L50, M|100/100
|turn|6
|
|t:|1784514634
|move|p2a: Garchomp|Earthquake|p1b: Feraligatr
|-damage|p1b: Feraligatr|58/100
|move|p1b: Feraligatr|Liquidation|p2a: Garchomp
|-damage|p2a: Garchomp|34/100
|-damage|p1b: Feraligatr|45/100|[from] ability: Rough Skin|[of] p2a: Garchomp
|
|-weather|none
|upkeep
|turn|7
|
|t:|1784514639
|move|p2a: Garchomp|Earthquake|p1b: Feraligatr
|-damage|p1b: Feraligatr|6/100
|move|p1b: Feraligatr|Liquidation|p2a: Garchomp
|-damage|p2a: Garchomp|0 fnt
|-damage|p1b: Feraligatr|0 fnt|[from] ability: Rough Skin|[of] p2a: Garchomp
|faint|p2a: Garchomp
|faint|p1b: Feraligatr
|
|win|Allat78
|raw|Allat78's rating: 1113 → 1147(+34 for winning)
|raw|KodeBeast0526's rating: 1245 → 1211(-34 for losing)
