|j|☆Alfaceb
|j|☆ragepined
|html|Alfacebragepined    
|uhtml|bestof|Game 1 of a best-of-3
|t:|1783067546
|gametype|doubles
|player|p1|Alfaceb|pokefan|1086
|player|p2|ragepined|170|1022
|gen|9
|tier|[Gen 9 Champions] VGC 2026 Reg M-B (Bo3)
|rated|
|rule|Species Clause: Limit one of each Pokémon
|rule|Item Clause: Limit 1 of each item
|clearpoke
|poke|p1|Charizard, L50, M|
|poke|p1|Blastoise, L50, F|
|poke|p1|Venusaur, L50, M|
|poke|p1|Aerodactyl, L50, F, shiny|
|poke|p1|Kangaskhan, L50, F|
|poke|p1|Clefable, L50, M|
|poke|p2|Metagross, L50|
|poke|p2|Eelektross, L50, F|
|poke|p2|Noivern, L50, F|
|poke|p2|Maushold-Four, L50|
|poke|p2|Lycanroc-Dusk, L50, M|
|poke|p2|Whimsicott, L50, M|
|teampreview|4
|showteam|p1|Charizard||CharizarditeY|SolarPower|HeatWave,WeatherBall,Protect,SolarBeam|Modest||M|||50|]Blastoise||Blastoisinite|Torrent|ShellSmash,WaterSpout,AuraSphere,Protect|Modest||F|||50|]Venusaur||LifeOrb|Chlorophyll|SleepPowder,SludgeBomb,EnergyBall,Protect|Modest||M|||50|]Aerodactyl||FocusSash|Unnerve|DualWingbeat,RockSlide,Protect,Tailwind|Jolly||F|||50|]Kangaskhan||SilkScarf|Scrappy|FakeOut,LastResort|Adamant||F|||50|]Clefable||SitrusBerry|Unaware|Moonblast,FollowMe,HelpingHand,Protect|Bold||M|||50|
|showteam|p2|Metagross||Metagrossite|ClearBody|HardPress,PsychicFangs,Protect,BulletPunch|Jolly|||||50|]Eelektross||Eelektrossite|Levitate|Discharge,Thunderbolt,GigaDrain,Protect|Timid||F|||50|]Noivern||FocusSash|Telepathy|Tailwind,DracoMeteor,Protect,SuperFang|Timid||F|||50|]Maushold-Four||WideLens|FriendGuard|PopulationBomb,Protect,FollowMe,Uturn|Jolly|||||50|]Lycanroc-Dusk||LifeOrb|ToughClaws|RockSlide,Accelerock,CloseCombat,Howl|Jolly||M|||50|]Whimsicott||MentalHerb|Prankster|Tailwind,FakeTears,Protect,Moonblast|Bold||M|||50|
|
|t:|1783067588
|teamsize|p1|4
|teamsize|p2|4
|start
|switch|p1a: Aerodactyl|Aerodactyl, L50, F, shiny|100/100
|switch|p1b: Kangaskhan|Kangaskhan, L50, F|100/100
|switch|p2a: Whimsicott|Whimsicott, L50, M|100/100
|switch|p2b: Eelektross|Eelektross, L50, F|100/100
|-ability|p1a: Aerodactyl|Unnerve
|turn|1
|
|t:|1783067615
|move|p2a: Whimsicott|Protect|p2a: Whimsicott
|-singleturn|p2a: Whimsicott|Protect
|move|p2b: Eelektross|Protect|p2b: Eelektross
|-singleturn|p2b: Eelektross|Protect
|move|p1b: Kangaskhan|Fake Out|p2b: Eelektross
|-activate|p2b: Eelektross|move: Protect
|move|p1a: Aerodactyl|Dual Wingbeat|p2a: Whimsicott
|-activate|p2a: Whimsicott|move: Protect
|
|upkeep
|turn|2
|
|t:|1783067636
|detailschange|p2b: Eelektross|Eelektross-Mega, L50, F
|-mega|p2b: Eelektross|Eelektross|Eelektrossite
|move|p2a: Whimsicott|Tailwind|p2a: Whimsicott
|-sidestart|p2: ragepined|move: Tailwind
|move|p2b: Eelektross|Thunderbolt|p1a: Aerodactyl
|-supereffective|p1a: Aerodactyl|1
|-enditem|p1a: Aerodactyl|Focus Sash
|-damage|p1a: Aerodactyl|1/100
|move|p1a: Aerodactyl|Tailwind|p1a: Aerodactyl
|-sidestart|p1: Alfaceb|move: Tailwind
|move|p1b: Kangaskhan|Last Resort|p2b: Eelektross
|-damage|p2b: Eelektross|3/100
|
|upkeep
|turn|3
|
|t:|1783067662
|move|p2b: Eelektross|Protect|p2b: Eelektross
|-singleturn|p2b: Eelektross|Protect
|move|p1a: Aerodactyl|Rock Slide|p2a: Whimsicott|[spread] 
|-activate|p2b: Eelektross|move: Protect
|-miss|p1a: Aerodactyl|p2a: Whimsicott
|move|p1b: Kangaskhan|Last Resort|p2a: Whimsicott
|-damage|p2a: Whimsicott|29/100
|move|p2a: Whimsicott|Moonblast|p1b: Kangaskhan
|-damage|p1b: Kangaskhan|67/100
|
|upkeep
|turn|4
|
|t:|1783067683
|move|p2a: Whimsicott|Fake Tears|p1b: Kangaskhan
|-unboost|p1b: Kangaskhan|spd|2
|move|p1a: Aerodactyl|Rock Slide|p2a: Whimsicott|[spread] p2a,p2b
|-damage|p2a: Whimsicott|7/100
|-damage|p2b: Eelektross|0 fnt
|faint|p2b: Eelektross
|move|p1b: Kangaskhan|Last Resort|p2a: Whimsicott
|-damage|p2a: Whimsicott|0 fnt
|faint|p2a: Whimsicott
|
|upkeep
|
|t:|1783067689
|switch|p2b: Maushold|Maushold-Four, L50|100/100
|switch|p2a: Lycanroc|Lycanroc-Dusk, L50, M|100/100
|turn|5
|
|t:|1783067731
|move|p2a: Lycanroc|Accelerock|p1a: Aerodactyl
|-supereffective|p1a: Aerodactyl|1
|-damage|p1a: Aerodactyl|0 fnt
|faint|p1a: Aerodactyl
|-damage|p2a: Lycanroc|90/100|[from] item: Life Orb
|move|p2b: Maushold|Population Bomb|p1b: Kangaskhan
|-damage|p1b: Kangaskhan|57/100
|-damage|p1b: Kangaskhan|47/100
|-damage|p1b: Kangaskhan|38/100
|-damage|p1b: Kangaskhan|29/100
|-damage|p1b: Kangaskhan|19/100
|-damage|p1b: Kangaskhan|9/100
|-damage|p1b: Kangaskhan|1/100
|-damage|p1b: Kangaskhan|0 fnt
|faint|p1b: Kangaskhan
|-hitcount|p1: Kangaskhan|8
|
|-sideend|p2: ragepined|move: Tailwind
|-sideend|p1: Alfaceb|move: Tailwind
|upkeep
|
|t:|1783067751
|switch|p1a: Venusaur|Venusaur, L50, M|100/100
|switch|p1b: Charizard|Charizard, L50, M|100/100
|turn|6
|
|t:|1783067778
|detailschange|p1b: Charizard|Charizard-Mega-Y, L50, M
|-mega|p1b: Charizard|Charizard|Charizardite Y
|-weather|SunnyDay|[from] ability: Drought|[of] p1b: Charizard
|move|p1b: Charizard|Protect|p1b: Charizard
|-singleturn|p1b: Charizard|Protect
|move|p2b: Maushold|Follow Me|p2b: Maushold
|-singleturn|p2b: Maushold|move: Follow Me
|move|p1a: Venusaur|Sleep Powder|p2b: Maushold
|-status|p2b: Maushold|slp|[from] move: Sleep Powder
|move|p2a: Lycanroc|Howl|p2a: Lycanroc|[spread] p2a,p2b
|-boost|p2a: Lycanroc|atk|1
|-boost|p2b: Maushold|atk|1
|
|-weather|SunnyDay|[upkeep]
|upkeep
|turn|7
|
|t:|1783067797
|move|p1a: Venusaur|Sleep Powder|p2a: Lycanroc
|-status|p2a: Lycanroc|slp|[from] move: Sleep Powder
|cant|p2b: Maushold|slp
|cant|p2a: Lycanroc|slp
|move|p1b: Charizard|Heat Wave|p2b: Maushold|[spread] p2b
|-miss|p1b: Charizard|p2a: Lycanroc
|-damage|p2b: Maushold|5/100 slp
|
|-weather|SunnyDay|[upkeep]
|upkeep
|turn|8
|
|t:|1783067811
|cant|p2a: Lycanroc|slp
|move|p1a: Venusaur|Energy Ball|p2a: Lycanroc
|-supereffective|p2a: Lycanroc|1
|-damage|p2a: Lycanroc|0 fnt
|faint|p2a: Lycanroc
|-damage|p1a: Venusaur|90/100|[from] item: Life Orb
|cant|p2b: Maushold|slp
|move|p1b: Charizard|Heat Wave|p2b: Maushold
|-damage|p2b: Maushold|0 fnt
|faint|p2b: Maushold
|
|win|Alfaceb
||ragepined is ready for game 2.
|inactive|Alfaceb has 30 seconds to confirm battle start!
|inactive|Alfaceb has 20 seconds to confirm battle start!
