|j|☆pikajw
|j|☆Slyfox128
|html|pikajwSlyfox128    
|uhtml|bestof|Game 1 of a best-of-3
|t:|1757053239
|gametype|doubles
|player|p1|pikajw|101|1101
|player|p2|Slyfox128|1|1048
|gen|9
|tier|[Gen 9] VGC 2025 Reg H (Bo3)
|rated|
|rule|Species Clause: Limit one of each Pokémon
|rule|Item Clause: Limit 1 of each item
|clearpoke
|poke|p1|Lilligant-Hisui, L50, F|
|poke|p1|Torkoal, L50, M|
|poke|p1|Kingambit, L50, F|
|poke|p1|Farigiraf, L50, M|
|poke|p1|Ursaluna, L50, M|
|poke|p1|Charizard, L50, F|
|poke|p2|Dragapult, L50, F|
|poke|p2|Ninetales-Alola, L50, M|
|poke|p2|Lucario, L50, M|
|poke|p2|Glimmora, L50, F|
|poke|p2|Talonflame, L50, F|
|poke|p2|Incineroar, L50, F|
|teampreview|4
|showteam|p1|Lilligant-Hisui||FocusSash|Chlorophyll|CloseCombat,AfterYou,SleepPowder,Coaching|||F|||50|,,,,,Ghost]Torkoal||SitrusBerry|Drought|HeatWave,Eruption,EarthPower,Protect|||M|||50|,,,,,Fire]Kingambit||AssaultVest|Defiant|SuckerPunch,IronHead,Snarl,TeraBlast|||F|||50|,,,,,Fire]Farigiraf||SafetyGoggles|ArmorTail|HelpingHand,Psychic,TrickRoom,Protect|||M|||50|,,,,,Fairy]Ursaluna||FlameOrb|Guts|Facade,HeadlongRush,DrainPunch,Protect|||M|||50|,,,,,Fairy]Charizard||ChoiceSpecs|SolarPower|ScorchingSands,HeatWave,SolarBeam,TeraBlast|||F|||50|,,,,,Flying
|showteam|p2|Dragapult||ChoiceBand|ClearBody|DragonDarts,DragonClaw,TeraBlast,Uturn|||F|||50|,,,,,Ghost]Ninetales-Alola||CovertCloak|SnowWarning|AuroraVeil,Protect,Moonblast,Blizzard|||M|||50|,,,,,Water]Lucario||LifeOrb|InnerFocus|AuraSphere,FlashCannon,Protect,DarkPulse|||M|||50|,,,,,Dark]Glimmora||PowerHerb|ToxicDebris|MeteorBeam,SpikyShield,SludgeWave,EarthPower|||F|||50|,,,,,Ground]Talonflame||FocusSash|GaleWings|Tailwind,BraveBird,Protect,FlareBlitz|||F|||50|,,,,,Dark]Incineroar||SafetyGoggles|Intimidate|KnockOff,PartingShot,Taunt,FakeOut|||F|||50|,,,,,Water
|c|☆Slyfox128|glhf
|
|t:|1757053326
|teamsize|p1|4
|teamsize|p2|4
|start
|switch|p1a: Farigiraf|Farigiraf, L50, M|100/100
|switch|p1b: Kingambit|Kingambit, L50, F|100/100
|switch|p2a: Lucario|Lucario, L50, M|100/100
|switch|p2b: Glimmora|Glimmora, L50, F|100/100
|turn|1
|
|t:|1757053351
|-terastallize|p2a: Lucario|Dark
|-terastallize|p1b: Kingambit|Fire
|move|p1a: Farigiraf|Protect|p1a: Farigiraf
|-singleturn|p1a: Farigiraf|Protect
|move|p2b: Glimmora|Meteor Beam||[still]
|-prepare|p2b: Glimmora|Meteor Beam
|-boost|p2b: Glimmora|spa|1
|-enditem|p2b: Glimmora|Power Herb
|-anim|p2b: Glimmora|Meteor Beam|p1a: Farigiraf
|-activate|p1a: Farigiraf|move: Protect
|move|p2a: Lucario|Dark Pulse|p1a: Farigiraf
|-activate|p1a: Farigiraf|move: Protect
|move|p1b: Kingambit|Tera Blast|p2a: Lucario|[anim] Tera Blast Fire
|-damage|p2a: Lucario|29/100
|
|upkeep
|turn|2
|c|☆Slyfox128|yknow whats crazy
|c|☆Slyfox128|is that before i pressed my move
|c|☆Slyfox128|i said out loud, "dont protect, i'll cry"
|c|☆Slyfox128|and guess what happened
|
|t:|1757053395
|switch|p1b: Lilligant|Lilligant-Hisui, L50, F|100/100
|move|p2b: Glimmora|Earth Power|p1b: Lilligant
|-resisted|p1b: Lilligant
|-damage|p1b: Lilligant|62/100
|-unboost|p1b: Lilligant|spd|1
|move|p2a: Lucario|Dark Pulse|p1a: Farigiraf
|-supereffective|p1a: Farigiraf
|-damage|p1a: Farigiraf|0 fnt
|faint|p1a: Farigiraf
|-damage|p2a: Lucario|20/100|[from] item: Life Orb
|
|upkeep
|
|t:|1757053411
|switch|p1a: Torkoal|Torkoal, L50, M|100/100
|-weather|SunnyDay|[from] ability: Drought|[of] p1a: Torkoal
|turn|3
|
|t:|1757053431
|switch|p2a: Ninetales|Ninetales-Alola, L50, M|100/100
|-weather|Snowscape|[from] ability: Snow Warning|[of] p2a: Ninetales
|move|p1b: Lilligant|After You|p1a: Torkoal
|-activate|p1a: Torkoal|move: After You
|move|p1a: Torkoal|Eruption|p2b: Glimmora|[spread] p2a,p2b
|-supereffective|p2a: Ninetales
|-resisted|p2b: Glimmora
|-damage|p2a: Ninetales|13/100
|-damage|p2b: Glimmora|75/100
|move|p2b: Glimmora|Sludge Wave|p1b: Lilligant|[spread] p2a,p1a,p1b
|-supereffective|p2a: Ninetales
|-crit|p1a: Torkoal
|-supereffective|p1b: Lilligant
|-damage|p2a: Ninetales|0 fnt
|-damage|p1a: Torkoal|18/100
|-damage|p1b: Lilligant|0 fnt
|-enditem|p1a: Torkoal|Sitrus Berry|[eat]
|-heal|p1a: Torkoal|43/100|[from] item: Sitrus Berry
|faint|p2a: Ninetales
|faint|p1b: Lilligant
|
|-weather|Snowscape|[upkeep]
|upkeep
|
|t:|1757053443
|switch|p2a: Incineroar|Incineroar, L50, F|100/100
|switch|p1b: Kingambit|Kingambit, L50, F, tera:Fire|100/100
|-ability|p2a: Incineroar|Intimidate|boost
|-unboost|p1a: Torkoal|atk|1
|-unboost|p1b: Kingambit|atk|1
|-ability|p1b: Kingambit|Defiant|boost
|-boost|p1b: Kingambit|atk|2
|turn|4
|
|t:|1757053461
|move|p2a: Incineroar|Fake Out|p1b: Kingambit
|-damage|p1b: Kingambit|91/100
|move|p2b: Glimmora|Earth Power|p1b: Kingambit
|-supereffective|p1b: Kingambit
|-damage|p1b: Kingambit|33/100
|cant|p1b: Kingambit|flinch
|move|p1a: Torkoal|Earth Power|p2b: Glimmora
|-supereffective|p2b: Glimmora
|-damage|p2b: Glimmora|0 fnt
|faint|p2b: Glimmora
|
|-weather|Snowscape|[upkeep]
|upkeep
|
|t:|1757053468
|switch|p2b: Lucario|Lucario, L50, M, tera:Dark|20/100
|turn|5
|
|t:|1757053482
|move|p2b: Lucario|Dark Pulse|p1a: Torkoal
|-damage|p1a: Torkoal|0 fnt
|faint|p1a: Torkoal
|-damage|p2b: Lucario|10/100|[from] item: Life Orb
|move|p2a: Incineroar|Knock Off|p1b: Kingambit
|-damage|p1b: Kingambit|3/100
|-enditem|p1b: Kingambit|Assault Vest|[from] move: Knock Off|[of] p2a: Incineroar
|move|p1b: Kingambit|Iron Head|p2b: Lucario
|-damage|p2b: Lucario|0 fnt
|faint|p2b: Lucario
|
|-weather|Snowscape|[upkeep]
|upkeep
|turn|6
|-message|pikajw forfeited.
|
|win|Slyfox128
|l|☆pikajw
|player|p1|
||pikajw is ready for game 2.
|inactive|Slyfox128 has 30 seconds to confirm battle start!
||Slyfox128 is ready for game 2.
|uhtml|next|Next: Game 2 of 3
