|j|☆escanor_cs
|j|☆winda claudia
|html|escanor_cswinda claudia    
|uhtml|bestof|Game 3 of a best-of-3
|t:|1785880783
|gametype|doubles
|player|p1|escanor_cs|101|1299
|player|p2|winda claudia|169|1289
|gen|9
|tier|[Gen 9 Champions] VGC 2026 Reg M-B (Bo3)
|rated|
|rule|Species Clause: Limit one of each Pokémon
|rule|Item Clause: Limit 1 of each item
|clearpoke
|poke|p1|Blastoise, L50, M|
|poke|p1|Farigiraf, L50, F|
|poke|p1|Staraptor, L50, M|
|poke|p1|Torkoal, L50, F|
|poke|p1|Scovillain, L50, F|
|poke|p1|Sylveon, L50, F|
|poke|p2|Staraptor, L50, M|
|poke|p2|Tyranitar, L50, F|
|poke|p2|Excadrill, L50, F|
|poke|p2|Milotic, L50, M|
|poke|p2|Gholdengo, L50|
|poke|p2|Sinistcha, L50|
|teampreview|4
|showteam|p1|Blastoise||Blastoisinite|Torrent|WaterSpout,DarkPulse,FakeOut,AuraSphere|Quiet||M|||50|]Farigiraf||SitrusBerry|ArmorTail|Psychic,Thunderbolt,TrickRoom,Protect|Bold||F|||50|]Staraptor||ChoiceScarf|Intimidate|CloseCombat,BraveBird,FinalGambit,Uturn|Jolly||M|||50|]Torkoal||Charcoal|Drought|HeatWave,Eruption,EarthPower,Protect|Quiet||F|||50|]Scovillain||Scovillainite|Moody|RagePowder,Overheat,LeechSeed,Protect|Bold||F|||50|]Sylveon||LifeOrb|Pixilate|HyperVoice,HyperBeam,QuickAttack,Protect|Quiet||F|||50|
|showteam|p2|Staraptor||Staraptite|Intimidate|BraveBird,CloseCombat,Tailwind,Protect|Jolly||M|||50|]Tyranitar||Tyranitarite|SandStream|RockSlide,KnockOff,LowKick,Protect|Jolly||F|||50|]Excadrill||FocusSash|SandRush|HighHorsepower,IronHead,RockSlide,Protect|Adamant||F|||50|]Milotic||SitrusBerry|Competitive|Scald,IceBeam,IcyWind,Protect|Modest||M|||50|]Gholdengo||LifeOrb|GoodasGold|MakeItRain,ShadowBall,NastyPlot,Protect|Modest|||||50|]Sinistcha||ColburBerry|Hospitality|MatchaGotcha,RagePowder,TrickRoom,Protect|Calm|||||50|
|inactive|Battle timer is ON: inactive players will automatically lose when time's up. (requested by winda claudia)
|inactive|escanor_cs has 60 seconds left.
|inactive|escanor_cs has 30 seconds left.
|
|t:|1785880850
|teamsize|p1|4
|teamsize|p2|4
|start
|switch|p1a: Scovillain|Scovillain, L50, F|100/100
|switch|p1b: Farigiraf|Farigiraf, L50, F|100/100
|switch|p2a: Gholdengo|Gholdengo, L50|100/100
|switch|p2b: Excadrill|Excadrill, L50, F|100/100
|turn|1
|
|t:|1785880863
|detailschange|p1a: Scovillain|Scovillain-Mega, L50, F
|-mega|p1a: Scovillain|Scovillain|Scovillainite
|move|p1a: Scovillain|Rage Powder|p1a: Scovillain
|-singleturn|p1a: Scovillain|move: Rage Powder
|move|p2b: Excadrill|Rock Slide|p1b: Farigiraf|[spread] p1a,p1b
|-supereffective|p1a: Scovillain|1
|-damage|p1a: Scovillain|65/100
|-damage|p1b: Farigiraf|80/100
|-status|p2b: Excadrill|brn|[from] ability: Spicy Spray|[of] p1a: Scovillain
|move|p2a: Gholdengo|Shadow Ball|p1a: Scovillain
|-damage|p1a: Scovillain|8/100
|-status|p2a: Gholdengo|brn|[from] ability: Spicy Spray|[of] p1a: Scovillain
|-damage|p2a: Gholdengo|90/100 brn|[from] item: Life Orb
|move|p1b: Farigiraf|Trick Room|p1b: Farigiraf
|-fieldstart|move: Trick Room|[of] p1b: Farigiraf
|
|-damage|p2a: Gholdengo|84/100 brn|[from] brn
|-damage|p2b: Excadrill|94/100 brn|[from] brn
|upkeep
|turn|2
|inactive|escanor_cs has 30 seconds left.
|
|t:|1785880889
|move|p2a: Gholdengo|Protect|p2a: Gholdengo
|-singleturn|p2a: Gholdengo|Protect
|move|p2b: Excadrill|Protect|p2b: Excadrill
|-singleturn|p2b: Excadrill|Protect
|move|p1b: Farigiraf|Thunderbolt|p2a: Gholdengo
|-activate|p2a: Gholdengo|move: Protect
|move|p1a: Scovillain|Overheat|p2b: Excadrill
|-activate|p2b: Excadrill|move: Protect
|
|-damage|p2a: Gholdengo|78/100 brn|[from] brn
|-damage|p2b: Excadrill|88/100 brn|[from] brn
|upkeep
|turn|3
|
|t:|1785880900
|switch|p2a: Sinistcha|Sinistcha, L50|100/100
|-heal|p2b: Excadrill|100/100 brn|[from] ability: Hospitality|[of] p2a: Sinistcha
|switch|p2b: Tyranitar|Tyranitar, L50, F|100/100
|-weather|Sandstorm|[from] ability: Sand Stream|[of] p2b: Tyranitar
|move|p1b: Farigiraf|Psychic|p2b: Tyranitar
|-immune|p2b: Tyranitar
|move|p1a: Scovillain|Overheat|p2a: Sinistcha
|-supereffective|p2a: Sinistcha|1
|-damage|p2a: Sinistcha|1/100
|-unboost|p1a: Scovillain|spa|2
|
|-weather|Sandstorm|[upkeep]
|-damage|p1b: Farigiraf|74/100|[from] Sandstorm
|-damage|p2a: Sinistcha|0 fnt|[from] Sandstorm
|-damage|p1a: Scovillain|2/100|[from] Sandstorm
|faint|p2a: Sinistcha
|upkeep
|
|t:|1785880916
|switch|p2a: Excadrill|Excadrill, L50, F|100/100 brn
|turn|4
|
|t:|1785880935
|switch|p1b: Sylveon|Sylveon, L50, F|100/100
|move|p2b: Tyranitar|Protect|p2b: Tyranitar
|-singleturn|p2b: Tyranitar|Protect
|move|p2a: Excadrill|Protect|p2a: Excadrill
|-singleturn|p2a: Excadrill|Protect
|move|p1a: Scovillain|Leech Seed|p2b: Tyranitar
|-activate|p2b: Tyranitar|move: Protect
|
|-weather|Sandstorm|[upkeep]
|-damage|p1b: Sylveon|94/100|[from] Sandstorm
|-damage|p1a: Scovillain|0 fnt|[from] Sandstorm
|faint|p1a: Scovillain
|-damage|p2a: Excadrill|94/100 brn|[from] brn
|upkeep
|
|t:|1785880949
|switch|p1a: Torkoal|Torkoal, L50, F|100/100
|-weather|SunnyDay|[from] ability: Drought|[of] p1a: Torkoal
|turn|5
|
|t:|1785880958
|detailschange|p2b: Tyranitar|Tyranitar-Mega, L50, F
|-mega|p2b: Tyranitar|Tyranitar|Tyranitarite
|-weather|Sandstorm|[from] ability: Sand Stream|[of] p2b: Tyranitar
|move|p2a: Excadrill|Protect||[still]
|-fail|p2a: Excadrill
|move|p1a: Torkoal|Eruption|p2a: Excadrill|[spread] p2a,p2b
|-supereffective|p2a: Excadrill|1
|-resisted|p2b: Tyranitar|1
|-damage|p2a: Excadrill|0 fnt
|-damage|p2b: Tyranitar|83/100
|faint|p2a: Excadrill
|move|p1b: Sylveon|Hyper Beam|p2b: Tyranitar
|-supereffective|p2b: Tyranitar|1
|-damage|p2b: Tyranitar|0 fnt
|-mustrecharge|p1b: Sylveon
|faint|p2b: Tyranitar
|-damage|p1b: Sylveon|84/100|[from] item: Life Orb
|
|-weather|Sandstorm|[upkeep]
|-damage|p1a: Torkoal|93/100|[from] Sandstorm
|-damage|p1b: Sylveon|78/100|[from] Sandstorm
|-fieldend|move: Trick Room
|upkeep
|
|t:|1785880974
|switch|p2b: Gholdengo|Gholdengo, L50|78/100 brn
|turn|6
|
|t:|1785880981
|move|p2b: Gholdengo|Shadow Ball|p1a: Torkoal
|-damage|p1a: Torkoal|29/100
|-damage|p2b: Gholdengo|69/100 brn|[from] item: Life Orb
|cant|p1b: Sylveon|recharge
|move|p1a: Torkoal|Eruption|p2b: Gholdengo
|-supereffective|p2b: Gholdengo|1
|-damage|p2b: Gholdengo|21/100 brn
|
|-weather|Sandstorm|[upkeep]
|-damage|p1b: Sylveon|72/100|[from] Sandstorm
|-damage|p1a: Torkoal|23/100|[from] Sandstorm
|-damage|p2b: Gholdengo|15/100 brn|[from] brn
|upkeep
|turn|7
|
|t:|1785880991
|move|p2b: Gholdengo|Make It Rain|p1b: Sylveon|[spread] p1a,p1b
|-resisted|p1a: Torkoal|1
|-supereffective|p1b: Sylveon|1
|-damage|p1a: Torkoal|0 fnt
|-damage|p1b: Sylveon|0 fnt
|-unboost|p2b: Gholdengo|spa|2
|faint|p1a: Torkoal
|faint|p1b: Sylveon
|-damage|p2b: Gholdengo|6/100 brn|[from] item: Life Orb
|
|-weather|Sandstorm|[upkeep]
|-damage|p2b: Gholdengo|1/100 brn|[from] brn
|upkeep
|
|t:|1785880996
|switch|p1b: Farigiraf|Farigiraf, L50, F|74/100
|turn|8
|
|t:|1785880999
|move|p1b: Farigiraf|Protect|p1b: Farigiraf
|-singleturn|p1b: Farigiraf|Protect
|move|p2b: Gholdengo|Make It Rain|p1b: Farigiraf
|-activate|p1b: Farigiraf|move: Protect
|
|-weather|Sandstorm|[upkeep]
|-damage|p1b: Farigiraf|68/100|[from] Sandstorm
|-damage|p2b: Gholdengo|0 fnt|[from] brn
|faint|p2b: Gholdengo
|
|win|escanor_cs
|raw|escanor_cs's rating: 1299 → 1323(+24 for winning)
|raw|winda claudia's rating: 1289 → 1265(-24 for losing)
|l|☆winda claudia
|player|p2|
|l|☆escanor_cs
|player|p1|
|j|☆escanor_cs
|player|p1|escanor_cs|101|
