|j|☆lazywarlock
|j|☆hexagonfoot
|html|lazywarlockhexagonfoot    
|uhtml|bestof|Game 1 of a best-of-3
|t:|1756351880
|gametype|doubles
|player|p1|lazywarlock|fantina|1115
|player|p2|hexagonfoot|caitlin|1194
|gen|9
|tier|[Gen 9] VGC 2025 Reg H (Bo3)
|rated|
|rule|Species Clause: Limit one of each Pokémon
|rule|Item Clause: Limit 1 of each item
|clearpoke
|poke|p1|Ninetales-Alola, L50, F|
|poke|p1|Rillaboom, L50, M|
|poke|p1|Magmar, L50, M|
|poke|p1|Sneasler, L50, M|
|poke|p1|Kingambit, L50, F|
|poke|p1|Basculegion, L50, M|
|poke|p2|Kingambit, L50, F|
|poke|p2|Primarina, L50, F|
|poke|p2|Sneasler, L50, F|
|poke|p2|Magmar, L50, F|
|poke|p2|Rillaboom, L50, F|
|poke|p2|Dragapult, L50, F|
|teampreview|4
|showteam|p1|Ninetales-Alola||LifeOrb|SnowWarning|Blizzard,FreezeDry,Encore,Protect|||F|||50|,,,,,Ghost]Rillaboom||AssaultVest|GrassySurge|WoodHammer,FakeOut,Uturn,GrassyGlide|||M|||50|,,,,,Ghost]Magmar||Eviolite|VitalSpirit|Protect,HeatWave,WillOWisp,FollowMe|||M|||50|,,,,,Ghost]Sneasler||FocusSash|PoisonTouch|FakeOut,DireClaw,CloseCombat,Protect|||M|||50|,,,,,Ghost]Kingambit||BlackGlasses|Defiant|KowtowCleave,SwordsDance,SuckerPunch,Protect|||F|||50|,,,,,Fire]Basculegion||ChoiceScarf|Adaptability|WaveCrash,FlipTurn,TeraBlast,LastRespects|||M|||50|,,,,,Fighting
|showteam|p2|Kingambit||BlackGlasses|Defiant|KowtowCleave,SuckerPunch,SwordsDance,Protect|||F|||50|,,,,,Ghost]Primarina||SitrusBerry|LiquidVoice|HyperVoice,Moonblast,Haze,Protect|||F|||50|,,,,,Water]Sneasler||FocusSash|PoisonTouch|CloseCombat,DireClaw,FakeOut,Protect|||F|||50|,,,,,Stellar]Magmar||Eviolite|VitalSpirit|Overheat,WillOWisp,FollowMe,Protect|||F|||50|,,,,,Ghost]Rillaboom||AssaultVest|GrassySurge|WoodHammer,GrassyGlide,HighHorsepower,FakeOut|||F|||50|,,,,,Fire]Dragapult||ChoiceBand|ClearBody|DragonDarts,PhantomForce,TeraBlast,Uturn|||F|||50|,,,,,Ghost
|inactive|Battle timer is ON: inactive players will automatically lose when time's up. (requested by lazywarlock)
|inactive|lazywarlock has 60 seconds left.
|inactive|hexagonfoot has 60 seconds left.
|
|t:|1756351921
|teamsize|p1|4
|teamsize|p2|4
|start
|switch|p1a: Basculegion|Basculegion, L50, M|100/100
|switch|p1b: Kingambit|Kingambit, L50, F|100/100
|switch|p2a: Rillaboom|Rillaboom, L50, F|100/100
|switch|p2b: Dragapult|Dragapult, L50, F|100/100
|-fieldstart|move: Grassy Terrain|[from] ability: Grassy Surge|[of] p2a: Rillaboom
|turn|1
|inactive|hexagonfoot has 30 seconds left.
|
|t:|1756351947
|switch|p2b: Kingambit|Kingambit, L50, F|100/100
|move|p2a: Rillaboom|Fake Out|p1b: Kingambit
|-resisted|p1b: Kingambit
|-damage|p1b: Kingambit|95/100
|move|p1a: Basculegion|Flip Turn|p2a: Rillaboom
|-resisted|p2a: Rillaboom
|-damage|p2a: Rillaboom|81/100
|
|t:|1756351954
|switch|p1a: Sneasler|Sneasler, L50, M|100/100|[from] Flip Turn
|cant|p1b: Kingambit|flinch
|
|-heal|p2a: Rillaboom|87/100|[from] Grassy Terrain
|-heal|p1b: Kingambit|100/100|[from] Grassy Terrain
|upkeep
|turn|2
|inactive|hexagonfoot has 30 seconds left.
|
|t:|1756351981
|-terastallize|p2b: Kingambit|Ghost
|move|p1a: Sneasler|Fake Out|p2a: Rillaboom
|-damage|p2a: Rillaboom|73/100
|cant|p2a: Rillaboom|flinch
|move|p1b: Kingambit|Swords Dance|p1b: Kingambit
|-boost|p1b: Kingambit|atk|2
|move|p2b: Kingambit|Swords Dance|p2b: Kingambit
|-boost|p2b: Kingambit|atk|2
|
|-heal|p2a: Rillaboom|79/100|[from] Grassy Terrain
|upkeep
|turn|3
|
|t:|1756351996
|switch|p2a: Magmar|Magmar, L50, F|100/100
|move|p2b: Kingambit|Protect|p2b: Kingambit
|-singleturn|p2b: Kingambit|Protect
|move|p1a: Sneasler|Dire Claw|p2a: Magmar
|-damage|p2a: Magmar|64/100
|-status|p2a: Magmar|psn|[from] ability: Poison Touch|[of] p1a: Sneasler
|move|p1b: Kingambit|Kowtow Cleave|p2b: Kingambit
|-activate|p2b: Kingambit|move: Protect
|
|-heal|p2a: Magmar|70/100 psn|[from] Grassy Terrain
|-damage|p2a: Magmar|57/100 psn|[from] psn
|upkeep
|turn|4
|inactive|hexagonfoot has 30 seconds left.
|
|t:|1756352030
|move|p2b: Kingambit|Sucker Punch|p1a: Sneasler
|-resisted|p1a: Sneasler
|-damage|p1a: Sneasler|15/100
|move|p1a: Sneasler|Close Combat|p2a: Magmar
|-damage|p2a: Magmar|8/100 psn
|-unboost|p1a: Sneasler|def|1
|-unboost|p1a: Sneasler|spd|1
|move|p2a: Magmar|Will-O-Wisp|p1b: Kingambit
|-status|p1b: Kingambit|brn
|move|p1b: Kingambit|Kowtow Cleave|p2b: Kingambit
|-supereffective|p2b: Kingambit
|-damage|p2b: Kingambit|8/100
|
|-heal|p1a: Sneasler|20/100|[from] Grassy Terrain
|-heal|p2a: Magmar|14/100 psn|[from] Grassy Terrain
|-heal|p2b: Kingambit|14/100|[from] Grassy Terrain
|-damage|p2a: Magmar|2/100 psn|[from] psn
|-damage|p1b: Kingambit|95/100 brn|[from] brn
|upkeep
|turn|5
|inactive|hexagonfoot has 30 seconds left.
|
|t:|1756352059
|move|p2a: Magmar|Follow Me|p2a: Magmar
|-singleturn|p2a: Magmar|move: Follow Me
|move|p2b: Kingambit|Sucker Punch|p1b: Kingambit
|-resisted|p1b: Kingambit
|-damage|p1b: Kingambit|55/100 brn
|move|p1a: Sneasler|Dire Claw|p2a: Magmar
|-damage|p2a: Magmar|0 fnt
|faint|p2a: Magmar
|move|p1b: Kingambit|Kowtow Cleave|p2b: Kingambit
|-supereffective|p2b: Kingambit
|-damage|p2b: Kingambit|0 fnt
|faint|p2b: Kingambit
|
|-heal|p1a: Sneasler|26/100|[from] Grassy Terrain
|-heal|p1b: Kingambit|60/100 brn|[from] Grassy Terrain
|-damage|p1b: Kingambit|55/100 brn|[from] brn
|-fieldend|move: Grassy Terrain
|upkeep
|
|t:|1756352066
|switch|p2a: Rillaboom|Rillaboom, L50, F|79/100
|switch|p2b: Dragapult|Dragapult, L50, F|100/100
|-fieldstart|move: Grassy Terrain|[from] ability: Grassy Surge|[of] p2a: Rillaboom
|turn|6
|
|t:|1756352078
|switch|p1a: Magmar|Magmar, L50, M|100/100
|move|p1b: Kingambit|Protect|p1b: Kingambit
|-singleturn|p1b: Kingambit|Protect
|move|p2a: Rillaboom|Fake Out|p1b: Kingambit
|-activate|p1b: Kingambit|move: Protect
|move|p2b: Dragapult|Dragon Darts|p1a: Magmar
|-damage|p1a: Magmar|68/100
|-anim|p2b: Dragapult|Dragon Darts|p1a: Magmar
|-damage|p1a: Magmar|38/100
|
|-heal|p2a: Rillaboom|85/100|[from] Grassy Terrain
|-heal|p1a: Magmar|44/100|[from] Grassy Terrain
|-heal|p1b: Kingambit|60/100 brn|[from] Grassy Terrain
|-damage|p1b: Kingambit|55/100 brn|[from] brn
|upkeep
|turn|7
|-message|hexagonfoot forfeited.
|
|win|lazywarlock
||lazywarlock is ready for game 2.
||hexagonfoot is ready for game 2.
|uhtml|next|Next: Game 2 of 3
