|j|☆purpen
|j|☆DinisDenis
|html|purpenDinisDenis    
|uhtml|bestof|Game 2 of a best-of-3
|t:|1783373128
|gametype|doubles
|player|p1|purpen|169|
|player|p2|DinisDenis|fisherman-gen4|
|gen|9
|tier|[Gen 9 Champions] VGC 2026 Reg M-B (Bo3)
|rule|Species Clause: Limit one of each Pokémon
|rule|Item Clause: Limit 1 of each item
|clearpoke
|poke|p1|Farigiraf, L50, M|
|poke|p1|Scovillain, L50, F|
|poke|p1|Kommo-o, L50, M|
|poke|p1|Gengar, L50, M|
|poke|p1|Weavile, L50, M|
|poke|p1|Reuniclus, L50, M|
|poke|p2|Sylveon, L50, M|
|poke|p2|Talonflame, L50, F|
|poke|p2|Basculegion, L50, M|
|poke|p2|Aggron, L50, M|
|poke|p2|Lopunny, L50, F|
|poke|p2|Bellibolt, L50, M|
|teampreview|4
|showteam|p1|Farigiraf||ColburBerry|ArmorTail|Psychic,HelpingHand,AllySwitch,TrickRoom|Serious||M|||50|]Scovillain||Scovillainite|Moody|Overheat,SuperFang,Protect,RagePowder|Bold||F|||50|]Kommo-o||Leftovers|Soundproof|Protect,ClangingScales,AuraSphere,ClangorousSoul|Timid||M|||50|]Gengar||ChoiceScarf|CursedBody|ShadowBall,SludgeBomb,IcyWind,AcidSpray|Modest||M|||50|]Weavile||FocusSash|Pressure|IcicleCrash,KnockOff,Protect,FakeOut|Jolly||M|||50|]Reuniclus||LifeOrb|MagicGuard|Psychic,FocusBlast,Protect,TrickRoom|Quiet||M|||50|
|showteam|p2|Sylveon||LifeOrb|Pixilate|HyperBeam,HyperVoice,CalmMind,QuickAttack|Quiet||M|||50|]Talonflame||Charcoal|GaleWings|Overheat,Tailwind,WillOWisp,Taunt|Timid||F|||50|]Basculegion||ChoiceScarf|Adaptability|FlipTurn,AquaJet,LastRespects,WaveCrash|Jolly||M|||50|]Aggron||Aggronite|Sturdy|IronDefense,BodyPress,HeavySlam,Protect|Careful||M|||50|]Lopunny||Lopunnite|CuteCharm|FakeOut,CloseCombat,QuickAttack,Protect|Jolly||F|||50|]Bellibolt||Leftovers|Electromorphosis|SlackOff,Thunderbolt,AcidSpray,WeatherBall|Modest||M|||50|
|j| NiightFuryy
|j| enzothegamer
|
|t:|1783373179
|teamsize|p1|4
|teamsize|p2|4
|start
|switch|p1a: Weavile|Weavile, L50, M|100/100
|switch|p1b: Kommo-o|Kommo-o, L50, M|100/100
|switch|p2a: Lopunny|Lopunny, L50, F|100/100
|switch|p2b: Bellibolt|Bellibolt, L50, M|100/100
|-ability|p1a: Weavile|Pressure
|turn|1
|
|t:|1783373209
|switch|p2a: Sylveon|Sylveon, L50, M|100/100
|move|p1a: Weavile|Protect|p1a: Weavile
|-singleturn|p1a: Weavile|Protect
|move|p1b: Kommo-o|Clangorous Soul|p1b: Kommo-o
|-boost|p1b: Kommo-o|atk|1
|-boost|p1b: Kommo-o|def|1
|-boost|p1b: Kommo-o|spa|1
|-boost|p1b: Kommo-o|spd|1
|-boost|p1b: Kommo-o|spe|1
|-damage|p1b: Kommo-o|67/100
|move|p2b: Bellibolt|Thunderbolt|p1a: Weavile
|-activate|p1a: Weavile|move: Protect
|
|-heal|p1b: Kommo-o|73/100|[from] item: Leftovers
|upkeep
|turn|2
|
|t:|1783373239
|move|p1b: Kommo-o|Aura Sphere|p2a: Sylveon
|-resisted|p2a: Sylveon|1
|-damage|p2a: Sylveon|80/100
|move|p1a: Weavile|Icicle Crash|p2a: Sylveon
|-damage|p2a: Sylveon|26/100
|move|p2a: Sylveon|Hyper Beam|p1b: Kommo-o
|-supereffective|p1b: Kommo-o|2
|-damage|p1b: Kommo-o|0 fnt
|-mustrecharge|p2a: Sylveon
|faint|p1b: Kommo-o
|-damage|p2a: Sylveon|16/100|[from] item: Life Orb
|move|p2b: Bellibolt|Thunderbolt|p1a: Weavile
|-damage|p1a: Weavile|42/100
|
|upkeep
|j| JVoid
|
|t:|1783373256
|switch|p1b: Gengar|Gengar, L50, M|100/100
|turn|3
|
|t:|1783373264
|switch|p1a: Scovillain|Scovillain, L50, F|100/100
|move|p1b: Gengar|Sludge Bomb|p2a: Sylveon
|-supereffective|p2a: Sylveon|1
|-damage|p2a: Sylveon|0 fnt
|faint|p2a: Sylveon
|move|p2b: Bellibolt|Thunderbolt|p1b: Gengar
|-damage|p1b: Gengar|28/100
|
|-ability|p1a: Scovillain|Moody|boost
|-boost|p1a: Scovillain|spe|2
|-unboost|p1a: Scovillain|spa|1
|upkeep
|
|t:|1783373283
|switch|p2a: Talonflame|Talonflame, L50, F|100/100
|turn|4
|j| rat2
|
|t:|1783373298
|detailschange|p1a: Scovillain|Scovillain-Mega, L50, F
|-mega|p1a: Scovillain|Scovillain|Scovillainite
|move|p1b: Gengar|Sludge Bomb|p2b: Bellibolt
|-damage|p2b: Bellibolt|52/100
|-start|p2b: Bellibolt|Charge|Sludge Bomb|[from] ability: Electromorphosis
|move|p2a: Talonflame|Overheat|p1a: Scovillain
|-damage|p1a: Scovillain|41/100
|-unboost|p2a: Talonflame|spa|2
|-immune|p2a: Talonflame
|move|p1a: Scovillain|Super Fang|p2b: Bellibolt
|-damage|p2b: Bellibolt|26/100
|-start|p2b: Bellibolt|Charge|Super Fang|[from] ability: Electromorphosis
|move|p2b: Bellibolt|Acid Spray|p1a: Scovillain
|-supereffective|p1a: Scovillain|1
|-damage|p1a: Scovillain|15/100
|-unboost|p1a: Scovillain|spd|2
|-status|p2b: Bellibolt|brn|[from] ability: Spicy Spray|[of] p1a: Scovillain
|
|-heal|p2b: Bellibolt|32/100 brn|[from] item: Leftovers
|-damage|p2b: Bellibolt|26/100 brn|[from] brn
|upkeep
|turn|5
|l| rat2
|
|t:|1783373361
|move|p1a: Scovillain|Rage Powder|p1a: Scovillain
|-singleturn|p1a: Scovillain|move: Rage Powder
|move|p1b: Gengar|Sludge Bomb|p2a: Talonflame
|-damage|p2a: Talonflame|16/100
|move|p2a: Talonflame|Overheat|p1a: Scovillain
|-crit|p1a: Scovillain
|-damage|p1a: Scovillain|0 fnt
|-unboost|p2a: Talonflame|spa|2
|-immune|p2a: Talonflame
|faint|p1a: Scovillain
|move|p2b: Bellibolt|Slack Off|p2b: Bellibolt
|-heal|p2b: Bellibolt|76/100 brn
|
|-heal|p2b: Bellibolt|82/100 brn|[from] item: Leftovers
|-damage|p2b: Bellibolt|76/100 brn|[from] brn
|upkeep
|
|t:|1783373372
|switch|p1a: Weavile|Weavile, L50, M|42/100
|-ability|p1a: Weavile|Pressure
|turn|6
|
|t:|1783373392
|move|p1a: Weavile|Fake Out|p2b: Bellibolt
|-damage|p2b: Bellibolt|64/100 brn
|-start|p2b: Bellibolt|Charge|Fake Out|[from] ability: Electromorphosis
|move|p1b: Gengar|Sludge Bomb|p2a: Talonflame
|-damage|p2a: Talonflame|0 fnt
|faint|p2a: Talonflame
|cant|p2b: Bellibolt|flinch
|
|-heal|p2b: Bellibolt|70/100 brn|[from] item: Leftovers
|-damage|p2b: Bellibolt|64/100 brn|[from] brn
|upkeep
|
|t:|1783373399
|switch|p2a: Lopunny|Lopunny, L50, F|100/100
|turn|7
|
|t:|1783373409
|detailschange|p2a: Lopunny|Lopunny-Mega, L50, F
|-mega|p2a: Lopunny|Lopunny|Lopunnite
|move|p2a: Lopunny|Fake Out|p1b: Gengar
|-crit|p1b: Gengar
|-damage|p1b: Gengar|0 fnt
|faint|p1b: Gengar
|move|p1a: Weavile|Knock Off|p2b: Bellibolt
|-damage|p2b: Bellibolt|25/100 brn
|-start|p2b: Bellibolt|Charge|Knock Off|[from] ability: Electromorphosis
|-enditem|p2b: Bellibolt|Leftovers|[from] move: Knock Off|[of] p1a: Weavile
|move|p2b: Bellibolt|Thunderbolt|p1a: Weavile
|-damage|p1a: Weavile|0 fnt
|faint|p1a: Weavile
|-end|p2b: Bellibolt|Charge|[silent]
|
|win|DinisDenis
|l| enzothegamer
|inactive|purpen has 30 seconds to confirm battle start!
|inactive|DinisDenis has 30 seconds to confirm battle start!
||purpen is ready for game 3.
||DinisDenis is ready for game 3.
|uhtml|next|Next: Game 3 of 3
|c| NiightFuryy|gg
|l|☆purpen
|player|p1|
|l| NiightFuryy
|j| rat2
|l| rat2
