|j|☆7019Q_Q
|j|☆satoranbo
|html|7019Q_Qsatoranbo    
|uhtml|bestof|Game 3 of a best-of-3
|t:|1786027366
|gametype|doubles
|player|p1|7019Q_Q|elesa|
|player|p2|satoranbo|2|
|gen|9
|tier|[Gen 9 Champions] VGC 2026 Reg M-B (Bo3)
|rule|Species Clause: Limit one of each Pokémon
|rule|Item Clause: Limit 1 of each item
|clearpoke
|poke|p1|Charizard, L50, M, shiny|
|poke|p1|Grimmsnarl, L50, M|
|poke|p1|Venusaur, L50, M|
|poke|p1|Pelipper, L50, F|
|poke|p1|Archaludon, L50, F|
|poke|p1|Annihilape, L50, M|
|poke|p2|Tyranitar, L50, F, shiny|
|poke|p2|Gholdengo, L50|
|poke|p2|Excadrill, L50, M|
|poke|p2|Milotic, L50, F|
|poke|p2|Staraptor, L50, F|
|poke|p2|Sinistcha, L50|
|teampreview|4
|showteam|p1|Charizard||CharizarditeY|Blaze|HeatWave,WeatherBall,HelpingHand,Protect|Modest||M|||50|]Grimmsnarl||LightClay|Prankster|SpiritBreak,Reflect,LightScreen,PartingShot|Careful||M|||50|]Venusaur||LifeOrb|Chlorophyll|SolarBeam,SludgeBomb,EarthPower,Protect|Modest||M|||50|]Pelipper||FocusSash|Drizzle|WeatherBall,Hurricane,Tailwind,Protect|Timid||F|||50|]Archaludon||Leftovers|Stamina|FlashCannon,DragonPulse,ElectroShot,Protect|Modest||F|||50|]Annihilape||ChoiceScarf|Defiant|PhantomForce,CloseCombat,IcePunch,RockTomb|Adamant||M|||50|
|showteam|p2|Tyranitar||Tyranitarite|SandStream|KnockOff,Protect,HighHorsepower,RockSlide|Jolly||F|||50|]Gholdengo||LifeOrb|GoodasGold|MakeItRain,NastyPlot,ShadowBall,Protect|Modest|||||50|]Excadrill||FocusSash|SandRush|HighHorsepower,IronHead,RockSlide,Protect|Jolly||M|||50|]Milotic||SitrusBerry|Competitive|IcyWind,Haze,Scald,Protect|Bold||F|||50|]Staraptor||Staraptite|Intimidate|BraveBird,CloseCombat,Tailwind,Protect|Jolly||F|||50|]Sinistcha||ColburBerry|Hospitality|MatchaGotcha,RagePowder,ShadowBall,Protect|Bold|||||50|
|j| r13974682
|j| KKCWind
|j| tocookie0129
|j| wl02437056
|j| MarillRag1
|j| cubesugar
|
|t:|1786027461
|teamsize|p1|4
|teamsize|p2|4
|start
|switch|p1a: 有毛的妖精|Grimmsnarl, L50, M|100/100
|switch|p1b: Annihilape|Annihilape, L50, M|100/100
|switch|p2a: Tyranitar|Tyranitar, L50, F, shiny|100/100
|switch|p2b: Sinistcha|Sinistcha, L50|100/100
|-weather|Sandstorm|[from] ability: Sand Stream|[of] p2a: Tyranitar
|turn|1
|l| cubesugar
|
|t:|1786027500
|move|p2b: Sinistcha|Rage Powder|p2b: Sinistcha
|-singleturn|p2b: Sinistcha|move: Rage Powder
|move|p1a: 有毛的妖精|Reflect|p1a: 有毛的妖精
|-sidestart|p1: 7019Q_Q|Reflect
|move|p1b: Annihilape|Phantom Force||[still]
|-prepare|p1b: Annihilape|Phantom Force
|move|p2a: Tyranitar|Knock Off|p1b: Annihilape|[miss]
|-miss|p2a: Tyranitar|p1b: Annihilape
|
|-weather|Sandstorm|[upkeep]
|-damage|p1b: Annihilape|94/100|[from] Sandstorm
|-damage|p2b: Sinistcha|93/100|[from] Sandstorm
|-damage|p1a: 有毛的妖精|94/100|[from] Sandstorm
|upkeep
|turn|2
|
|t:|1786027515
|switch|p2b: Milotic|Milotic, L50, F|100/100
|move|p1b: Annihilape|Phantom Force|p2b: Milotic|[from] lockedmove
|-damage|p2b: Milotic|58/100
|move|p2a: Tyranitar|Knock Off|p1b: Annihilape
|-damage|p1b: Annihilape|56/100
|-enditem|p1b: Annihilape|Choice Scarf|[from] move: Knock Off|[of] p2a: Tyranitar
|move|p1a: 有毛的妖精|Spirit Break|p2a: Tyranitar
|-supereffective|p2a: Tyranitar|1
|-damage|p2a: Tyranitar|52/100
|-unboost|p2a: Tyranitar|spa|1
|
|-weather|Sandstorm|[upkeep]
|-damage|p1b: Annihilape|50/100g|[from] Sandstorm
|-damage|p2b: Milotic|52/100|[from] Sandstorm
|-damage|p1a: 有毛的妖精|88/100|[from] Sandstorm
|upkeep
|turn|3
|j| cubesugar
|
|t:|1786027544
|switch|p2a: Sinistcha|Sinistcha, L50|93/100
|-heal|p2b: Milotic|77/100|[from] ability: Hospitality|[of] p2a: Sinistcha
|move|p1a: 有毛的妖精|Light Screen|p1a: 有毛的妖精
|-sidestart|p1: 7019Q_Q|move: Light Screen
|move|p1b: Annihilape|Close Combat|p2a: Sinistcha
|-immune|p2a: Sinistcha
|move|p2b: Milotic|Scald|p1b: Annihilape
|-damage|p1b: Annihilape|30/100
|
|-weather|Sandstorm|[upkeep]
|-damage|p1b: Annihilape|24/100|[from] Sandstorm
|-damage|p2b: Milotic|71/100|[from] Sandstorm
|-damage|p2a: Sinistcha|87/100|[from] Sandstorm
|-damage|p1a: 有毛的妖精|82/100|[from] Sandstorm
|upkeep
|turn|4
|
|t:|1786027578
|switch|p2a: Tyranitar|Tyranitar, L50, F, shiny|52/100
|move|p1b: Annihilape|Phantom Force||[still]
|-prepare|p1b: Annihilape|Phantom Force
|move|p2b: Milotic|Scald|p1b: Annihilape|[miss]
|-miss|p2b: Milotic|p1b: Annihilape
|move|p1a: 有毛的妖精|Spirit Break|p2a: Tyranitar
|-supereffective|p2a: Tyranitar|1
|-damage|p2a: Tyranitar|0 fnt
|faint|p2a: Tyranitar
|
|-weather|Sandstorm|[upkeep]
|-damage|p1b: Annihilape|18/100|[from] Sandstorm
|-damage|p2b: Milotic|65/100|[from] Sandstorm
|-damage|p1a: 有毛的妖精|76/100|[from] Sandstorm
|upkeep
|l| KKCWind
|
|t:|1786027588
|switch|p2a: Sinistcha|Sinistcha, L50|87/100
|-heal|p2b: Milotic|90/100|[from] ability: Hospitality|[of] p2a: Sinistcha
|turn|5
|
|t:|1786027610
|switch|p1a: 庫式礦業財產|Archaludon, L50, F|100/100
|move|p1b: Annihilape|Phantom Force|p2a: Sinistcha|[from] lockedmove
|-supereffective|p2a: Sinistcha|1
|-damage|p2a: Sinistcha|13/100
|move|p2b: Milotic|Scald|p1b: Annihilape
|-damage|p1b: Annihilape|0 fnt
|faint|p1b: Annihilape
|move|p2a: Sinistcha|Matcha Gotcha|p1a: 庫式礦業財產
|-resisted|p1a: 庫式礦業財產|2
|-damage|p1a: 庫式礦業財產|94/100
|-heal|p2a: Sinistcha|16/100|[from] drain|[of] p1a: 庫式礦業財產
|-ability|p1a: 庫式礦業財產|Stamina|boost
|-boost|p1a: 庫式礦業財產|def|1
|
|-weather|none
|-heal|p1a: 庫式礦業財產|100/100|[from] item: Leftovers
|upkeep
|
|t:|1786027628
|switch|p1b: 有毛的妖精|Grimmsnarl, L50, M|76/100
|turn|6
|
|t:|1786027668
|switch|p1b: 礦物運送中|Pelipper, L50, F|100/100
|-weather|RainDance|[from] ability: Drizzle|[of] p1b: 礦物運送中
|move|p2a: Sinistcha|Protect|p2a: Sinistcha
|-singleturn|p2a: Sinistcha|Protect
|move|p2b: Milotic|Icy Wind|p1b: 礦物運送中|[spread] p1a
|-miss|p2b: Milotic|p1b: 礦物運送中
|-damage|p1a: 庫式礦業財產|93/100
|-unboost|p1a: 庫式礦業財產|spe|1
|-ability|p1a: 庫式礦業財產|Stamina|boost
|-boost|p1a: 庫式礦業財產|def|1
|move|p1a: 庫式礦業財產|Flash Cannon|p2a: Sinistcha
|-activate|p2a: Sinistcha|move: Protect
|
|-weather|RainDance|[upkeep]
|-heal|p1a: 庫式礦業財產|99/100|[from] item: Leftovers
|upkeep
|turn|7
|
|t:|1786027704
|move|p2a: Sinistcha|Rage Powder|p2a: Sinistcha
|-singleturn|p2a: Sinistcha|move: Rage Powder
|move|p1b: 礦物運送中|Weather Ball|p2a: Sinistcha
|-resisted|p2a: Sinistcha|1
|-damage|p2a: Sinistcha|0 fnt
|faint|p2a: Sinistcha
|move|p2b: Milotic|Icy Wind|p1b: 礦物運送中|[spread] p1a
|-miss|p2b: Milotic|p1b: 礦物運送中
|-damage|p1a: 庫式礦業財產|92/100
|-unboost|p1a: 庫式礦業財產|spe|1
|-ability|p1a: 庫式礦業財產|Stamina|boost
|-boost|p1a: 庫式礦業財產|def|1
|move|p1a: 庫式礦業財產|Electro Shot||[still]
|-prepare|p1a: 庫式礦業財產|Electro Shot
|-boost|p1a: 庫式礦業財產|spa|1
|-anim|p1a: 庫式礦業財產|Electro Shot|p2b: Milotic
|-supereffective|p2b: Milotic|1
|-damage|p2b: Milotic|0 fnt
|faint|p2b: Milotic
|
|-weather|RainDance|[upkeep]
|-heal|p1a: 庫式礦業財產|98/100|[from] item: Leftovers
|upkeep
|
|t:|1786027720
|switch|p2a: Gholdengo|Gholdengo, L50|100/100
|turn|8
|
|t:|1786027740
|move|p1b: 礦物運送中|Weather Ball|p2a: Gholdengo
|-damage|p2a: Gholdengo|44/100
|move|p2a: Gholdengo|Nasty Plot|p2a: Gholdengo
|-boost|p2a: Gholdengo|spa|2
|move|p1a: 庫式礦業財產|Electro Shot||[still]
|-prepare|p1a: 庫式礦業財產|Electro Shot
|-boost|p1a: 庫式礦業財產|spa|1
|-anim|p1a: 庫式礦業財產|Electro Shot|p2a: Gholdengo
|-damage|p2a: Gholdengo|0 fnt
|faint|p2a: Gholdengo
|
|win|7019Q_Q
|c|☆7019Q_Q|感謝！
|c|☆satoranbo|謝謝指教
|l| cubesugar
|l| tocookie0129
|l|☆satoranbo
|player|p2|
|l| wl02437056
|j| fujishimamegumi
