|j|☆aaronballs
|j|☆BravitoRito
|html|aaronballsBravitoRito    
|uhtml|bestof|Game 2 of a best-of-3
|t:|1783397860
|gametype|doubles
|player|p1|aaronballs|266|1024
|player|p2|BravitoRito|striker|1141
|gen|9
|tier|[Gen 9 Champions] VGC 2026 Reg M-B (Bo3)
|rated|
|rule|Species Clause: Limit one of each Pokémon
|rule|Item Clause: Limit 1 of each item
|clearpoke
|poke|p1|Raichu, L50, M|
|poke|p1|Jolteon, L50, M|
|poke|p1|Whimsicott, L50, M|
|poke|p1|Basculegion, L50, M|
|poke|p1|Annihilape, L50, M|
|poke|p1|Maushold, L50|
|poke|p2|Charizard, L50, F, shiny|
|poke|p2|Aerodactyl, L50, M|
|poke|p2|Farigiraf, L50, M|
|poke|p2|Garchomp, L50, M|
|poke|p2|Sylveon, L50, F|
|poke|p2|Kingambit, L50, F|
|teampreview|4
|showteam|p1|Raichu||RaichuniteX|LightningRod|VoltTackle,FakeOut,PlayRough,Protect|Adamant||M|||50|]Jolteon||Magnet|VoltAbsorb|RisingVoltage,ThunderWave,Detect,AlluringVoice|Modest||M|||50|]Whimsicott||FocusSash|Prankster|Tailwind,Moonblast,Encore,GrassKnot|Timid||M|||50|]Basculegion||LifeOrb|Adaptability|WaveCrash,LastRespects,AquaJet,Protect|Adamant||M|||50|]Annihilape||Leftovers|Defiant|RageFist,DrainPunch,BulkUp,Protect|Jolly||M|||50|]Maushold||WideLens|Technician|PopulationBomb,FollowMe,BeatUp,Protect|Adamant|||||50|
|showteam|p2|Charizard||CharizarditeY|Blaze|HeatWave,SolarBeam,WeatherBall,Protect|Modest||F|||50|]Aerodactyl||Aerodactylite|Unnerve|RockSlide,DualWingbeat,IceFang,Tailwind|Jolly||M|||50|]Farigiraf||SitrusBerry|ArmorTail|Psychic,Thunderbolt,TrickRoom,Roar|Quiet||M|||50|]Garchomp||LifeOrb|RoughSkin|Earthquake,DragonClaw,StompingTantrum,Protect|Jolly||M|||50|]Sylveon||FairyFeather|Pixilate|HyperVoice,HyperBeam,QuickAttack,Detect|Sassy||F|||50|]Kingambit||FocusSash|Defiant|KowtowCleave,IronHead,SuckerPunch,LowKick|Adamant||F|||50|
|inactive|Battle timer is ON: inactive players will automatically lose when time's up. (requested by BravitoRito)
|
|t:|1783397887
|teamsize|p1|4
|teamsize|p2|4
|start
|switch|p1a: Raichu|Raichu, L50, M|100/100
|switch|p1b: Jolteon|Jolteon, L50, M|100/100
|switch|p2a: Garchomp|Garchomp, L50, M|100/100
|switch|p2b: Aerodactyl|Aerodactyl, L50, M|100/100
|-ability|p2b: Aerodactyl|Unnerve
|turn|1
|
|t:|1783397898
|detailschange|p2b: Aerodactyl|Aerodactyl-Mega, L50, M
|-mega|p2b: Aerodactyl|Aerodactyl|Aerodactylite
|detailschange|p1a: Raichu|Raichu-Mega-X, L50, M
|-mega|p1a: Raichu|Raichu|Raichunite X
|-fieldstart|move: Electric Terrain|[from] ability: Electric Surge|[of] p1a: Raichu
|move|p1a: Raichu|Fake Out|p2a: Garchomp
|-damage|p2a: Garchomp|84/100
|-damage|p1a: Raichu|87/100|[from] ability: Rough Skin|[of] p2a: Garchomp
|move|p2b: Aerodactyl|Tailwind|p2b: Aerodactyl
|-sidestart|p2: BravitoRito|move: Tailwind
|cant|p2a: Garchomp|flinch
|move|p1b: Jolteon|Rising Voltage|p2b: Aerodactyl
|-supereffective|p2b: Aerodactyl|1
|-damage|p2b: Aerodactyl|0 fnt
|faint|p2b: Aerodactyl
|
|upkeep
|
|t:|1783397911
|switch|p2b: Sylveon|Sylveon, L50, F|100/100
|turn|2
|
|t:|1783397932
|switch|p1a: Whimsicott|Whimsicott, L50, M|100/100
|move|p1b: Jolteon|Detect|p1b: Jolteon
|-singleturn|p1b: Jolteon|Protect
|move|p2b: Sylveon|Detect|p2b: Sylveon
|-singleturn|p2b: Sylveon|Protect
|move|p2a: Garchomp|Earthquake|p1a: Whimsicott|[spread] p1a
|-activate|p2b: Sylveon|move: Protect
|-activate|p1b: Jolteon|move: Protect
|-resisted|p1a: Whimsicott|1
|-damage|p1a: Whimsicott|68/100
|-damage|p2a: Garchomp|74/100|[from] item: Life Orb
|
|upkeep
|turn|3
|inactive|aaronballs has 30 seconds left.
|
|t:|1783397960
|move|p1a: Whimsicott|Tailwind|p1a: Whimsicott
|-sidestart|p1: aaronballs|move: Tailwind
|move|p1b: Jolteon|Rising Voltage|p2b: Sylveon
|-hint|Rising Voltage's BP doubled on grounded target.
|-damage|p2b: Sylveon|42/100
|move|p2a: Garchomp|Stomping Tantrum|p1b: Jolteon
|-supereffective|p1b: Jolteon|1
|-damage|p1b: Jolteon|0 fnt
|faint|p1b: Jolteon
|-damage|p2a: Garchomp|64/100|[from] item: Life Orb
|move|p2b: Sylveon|Hyper Voice|p1a: Whimsicott
|-damage|p1a: Whimsicott|0 fnt
|faint|p1a: Whimsicott
|
|upkeep
|
|t:|1783397972
|switch|p1a: Basculegion|Basculegion, L50, M|100/100
|switch|p1b: Raichu|Raichu-Mega-X, L50, M|87/100
|turn|4
|inactive|aaronballs has 30 seconds left.
|
|t:|1783397999
|move|p1b: Raichu|Protect|p1b: Raichu
|-singleturn|p1b: Raichu|Protect
|move|p1a: Basculegion|Protect|p1a: Basculegion
|-singleturn|p1a: Basculegion|Protect
|move|p2b: Sylveon|Detect|p2b: Sylveon
|-singleturn|p2b: Sylveon|Protect
|move|p2a: Garchomp|Earthquake|p1b: Raichu|[spread] 
|-activate|p2b: Sylveon|move: Protect
|-activate|p1a: Basculegion|move: Protect
|-activate|p1b: Raichu|move: Protect
|
|-sideend|p2: BravitoRito|move: Tailwind
|upkeep
|turn|5
|
|t:|1783398018
|move|p1b: Raichu|Volt Tackle|p2b: Sylveon
|-damage|p2b: Sylveon|0 fnt
|faint|p2b: Sylveon
|-damage|p1b: Raichu|67/100|[from] Recoil
|move|p1a: Basculegion|Last Respects|p2a: Garchomp
|-damage|p2a: Garchomp|0 fnt
|faint|p2a: Garchomp
|-damage|p1a: Basculegion|90/100|[from] item: Life Orb
|
|-fieldend|move: Electric Terrain
|upkeep
|-message|BravitoRito forfeited.
|
|win|aaronballs
|raw|aaronballs's rating: 1024 → 1072(+48 for winning)
|raw|BravitoRito's rating: 1141 → 1108(-33 for losing)
|l|☆BravitoRito
|player|p2|
