|j|☆lux raymundi
|j|☆Chochito Pelao
|html|lux raymundiChochito Pelao    
|uhtml|bestof|Game 1 of a best-of-3
|t:|1785343300
|gametype|doubles
|player|p1|lux raymundi|101|1335
|player|p2|Chochito Pelao|striker|1337
|gen|9
|tier|[Gen 9 Champions] VGC 2026 Reg M-B (Bo3)
|rated|
|rule|Species Clause: Limit one of each Pokémon
|rule|Item Clause: Limit 1 of each item
|clearpoke
|poke|p1|Sneasler, L50, M|
|poke|p1|Blastoise, L50, M|
|poke|p1|Kingambit, L50, M|
|poke|p1|Incineroar, L50, M|
|poke|p1|Delphox, L50, F|
|poke|p1|Sinistcha, L50|
|poke|p2|Incineroar, L50, M|
|poke|p2|Floette-Eternal, L50, F|
|poke|p2|Sinistcha-Masterpiece, L50, shiny|
|poke|p2|Kommo-o, L50, F|
|poke|p2|Kingambit, L50, M|
|poke|p2|Aerodactyl, L50, F|
|teampreview|4
|showteam|p1|Sneasler||FocusSash|PoisonTouch|PoisonJab,CloseCombat,FakeOut,QuickGuard|Jolly||M|||50|]Blastoise||Blastoisinite|RainDish|DarkPulse,WaterSpout,ShellSmash,Protect|Modest||M|||50|]Kingambit||BlackGlasses|Defiant|KowtowCleave,SuckerPunch,SwordsDance,Protect|Adamant||M|||50|]Incineroar||SitrusBerry|Intimidate|FlareBlitz,ThroatChop,PartingShot,FakeOut|Careful||M|||50|]Delphox||Delphoxite|Blaze|HeatWave,NastyPlot,Psychic,Protect|Timid||F|||50|]Sinistcha||KasibBerry|Hospitality|MatchaGotcha,RagePowder,TrickRoom,Protect|Bold|||||50|
|showteam|p2|Incineroar||SitrusBerry|Intimidate|FakeOut,PartingShot,ThroatChop,FlareBlitz|Careful||M|||50|]Floette-Eternal||Floettite|FlowerVeil|Moonblast,DazzlingGleam,CalmMind,Protect|Modest||F|||50|]Sinistcha-Masterpiece||ColburBerry|Hospitality|MatchaGotcha,LifeDew,RagePowder,TrickRoom|Bold|||||50|]Kommo-o||Leftovers|Overcoat|ClangingScales,AuraSphere,ClangorousSoul,Protect|Modest||F|||50|]Kingambit||FocusSash|Defiant|KowtowCleave,SuckerPunch,IronHead,Protect|Adamant||M|||50|]Aerodactyl||Aerodactylite|Unnerve|Protect,RockSlide,Tailwind,DualWingbeat|Jolly||F|||50|
|
|t:|1785343320
|teamsize|p1|4
|teamsize|p2|4
|start
|switch|p1a: Sneasler|Sneasler, L50, M|100/100
|switch|p1b: Delphox|Delphox, L50, F|100/100
|switch|p2a: Incineroar|Incineroar, L50, M|100/100
|switch|p2b: Kommo-o|Kommo-o, L50, F|100/100
|-ability|p2a: Incineroar|Intimidate|boost
|-unboost|p1a: Sneasler|atk|1
|-unboost|p1b: Delphox|atk|1
|turn|1
|
|t:|1785343346
|detailschange|p1b: Delphox|Delphox-Mega, L50, F
|-mega|p1b: Delphox|Delphox|Delphoxite
|move|p1a: Sneasler|Fake Out|p2a: Incineroar
|-damage|p2a: Incineroar|90/100
|-status|p2a: Incineroar|psn|[from] ability: Poison Touch|[of] p1a: Sneasler
|cant|p2a: Incineroar|flinch
|move|p1b: Delphox|Nasty Plot|p1b: Delphox
|-boost|p1b: Delphox|spa|2
|move|p2b: Kommo-o|Clangorous Soul|p2b: Kommo-o
|-boost|p2b: Kommo-o|atk|1
|-boost|p2b: Kommo-o|def|1
|-boost|p2b: Kommo-o|spa|1
|-boost|p2b: Kommo-o|spd|1
|-boost|p2b: Kommo-o|spe|1
|-damage|p2b: Kommo-o|67/100
|
|-heal|p2b: Kommo-o|73/100|[from] item: Leftovers
|-damage|p2a: Incineroar|78/100 psn|[from] psn
|upkeep
|turn|2
|
|t:|1785343365
|switch|p2a: Sinistcha|Sinistcha-Masterpiece, L50, shiny|100/100
|-heal|p2b: Kommo-o|98/100|[from] ability: Hospitality|[of] p2a: Sinistcha
|move|p1b: Delphox|Protect|p1b: Delphox
|-singleturn|p1b: Delphox|Protect
|move|p2b: Kommo-o|Protect|p2b: Kommo-o
|-singleturn|p2b: Kommo-o|Protect
|move|p1a: Sneasler|Close Combat|p2a: Sinistcha
|-immune|p2a: Sinistcha
|
|-heal|p2b: Kommo-o|100/100|[from] item: Leftovers
|upkeep
|turn|3
|
|t:|1785343379
|move|p2a: Sinistcha|Rage Powder|p2a: Sinistcha
|-singleturn|p2a: Sinistcha|move: Rage Powder
|move|p1b: Delphox|Heat Wave|p2a: Sinistcha|[spread] p2b
|-miss|p1b: Delphox|p2a: Sinistcha
|-resisted|p2b: Kommo-o|1
|-damage|p2b: Kommo-o|68/100
|move|p2b: Kommo-o|Clanging Scales|p1a: Sneasler|[spread] p1a,p1b
|-damage|p1a: Sneasler|28/100
|-damage|p1b: Delphox|46/100
|-unboost|p2b: Kommo-o|def|1
|move|p1a: Sneasler|Poison Jab|p2a: Sinistcha
|-damage|p2a: Sinistcha|76/100
|-status|p2a: Sinistcha|psn
|
|-heal|p2b: Kommo-o|74/100|[from] item: Leftovers
|-damage|p2a: Sinistcha|63/100 psn|[from] psn
|upkeep
|turn|4
|
|t:|1785343432
|switch|p1a: Sinistcha|Sinistcha, L50|100/100
|-heal|p1b: Delphox|71/100|[from] ability: Hospitality|[of] p1a: Sinistcha
|move|p1b: Delphox|Protect|p1b: Delphox
|-singleturn|p1b: Delphox|Protect
|move|p2a: Sinistcha|Rage Powder|p2a: Sinistcha
|-singleturn|p2a: Sinistcha|move: Rage Powder
|move|p2b: Kommo-o|Clanging Scales|p1a: Sinistcha|[spread] p1a
|-activate|p1b: Delphox|move: Protect
|-damage|p1a: Sinistcha|45/100
|-unboost|p2b: Kommo-o|def|1
|
|-heal|p2b: Kommo-o|80/100|[from] item: Leftovers
|-damage|p2a: Sinistcha|51/100 psn|[from] psn
|upkeep
|turn|5
|
|t:|1785343451
|switch|p1a: Kingambit|Kingambit, L50, M|100/100
|switch|p2a: Incineroar|Incineroar, L50, M|78/100 psn
|-ability|p2a: Incineroar|Intimidate|boost
|-unboost|p1a: Kingambit|atk|1
|-ability|p1a: Kingambit|Defiant|boost
|-boost|p1a: Kingambit|atk|2
|-unboost|p1b: Delphox|atk|1
|move|p1b: Delphox|Heat Wave|p2a: Incineroar|[spread] p2a,p2b
|-resisted|p2a: Incineroar|1
|-resisted|p2b: Kommo-o|1
|-damage|p2a: Incineroar|44/100 psn
|-damage|p2b: Kommo-o|50/100g
|-enditem|p2a: Incineroar|Sitrus Berry|[eat]
|-heal|p2a: Incineroar|69/100 psn|[from] item: Sitrus Berry
|move|p2b: Kommo-o|Clanging Scales|p1b: Delphox|[spread] p1a,p1b
|-resisted|p1a: Kingambit|1
|-damage|p1a: Kingambit|76/100
|-damage|p1b: Delphox|17/100
|-unboost|p2b: Kommo-o|def|1
|
|-heal|p2b: Kommo-o|56/100|[from] item: Leftovers
|-damage|p2a: Incineroar|56/100 psn|[from] psn
|upkeep
|turn|6
|
|t:|1785343472
|move|p1b: Delphox|Protect|p1b: Delphox
|-singleturn|p1b: Delphox|Protect
|move|p2b: Kommo-o|Protect|p2b: Kommo-o
|-singleturn|p2b: Kommo-o|Protect
|move|p1a: Kingambit|Protect|p1a: Kingambit
|-singleturn|p1a: Kingambit|Protect
|move|p2a: Incineroar|Throat Chop|p1b: Delphox
|-activate|p1b: Delphox|move: Protect
|
|-heal|p2b: Kommo-o|63/100|[from] item: Leftovers
|-damage|p2a: Incineroar|44/100 psn|[from] psn
|upkeep
|turn|7
|
|t:|1785343489
|switch|p2b: Sinistcha|Sinistcha-Masterpiece, L50, shiny|51/100 psn
|-heal|p2a: Incineroar|69/100 psn|[from] ability: Hospitality|[of] p2b: Sinistcha
|move|p1b: Delphox|Psychic|p2b: Sinistcha
|-damage|p2b: Sinistcha|0 fnt
|faint|p2b: Sinistcha
|move|p2a: Incineroar|Throat Chop|p1b: Delphox
|-supereffective|p1b: Delphox|1
|-damage|p1b: Delphox|0 fnt
|faint|p1b: Delphox
|move|p1a: Kingambit|Kowtow Cleave|p2a: Incineroar
|-resisted|p2a: Incineroar|1
|-damage|p2a: Incineroar|32/100 psn
|
|-damage|p2a: Incineroar|20/100y psn|[from] psn
|upkeep
|
|t:|1785343504
|switch|p1b: Sneasler|Sneasler, L50, M|28/100
|switch|p2b: Kommo-o|Kommo-o, L50, F|63/100
|turn|8
|
|t:|1785343533
|move|p1a: Kingambit|Protect|p1a: Kingambit
|-singleturn|p1a: Kingambit|Protect
|move|p1b: Sneasler|Close Combat|p2a: Incineroar
|-supereffective|p2a: Incineroar|1
|-damage|p2a: Incineroar|0 fnt
|-unboost|p1b: Sneasler|def|1
|-unboost|p1b: Sneasler|spd|1
|faint|p2a: Incineroar
|move|p2b: Kommo-o|Clangorous Soul|p2b: Kommo-o
|-boost|p2b: Kommo-o|atk|1
|-boost|p2b: Kommo-o|def|1
|-boost|p2b: Kommo-o|spa|1
|-boost|p2b: Kommo-o|spd|1
|-boost|p2b: Kommo-o|spe|1
|-damage|p2b: Kommo-o|30/100
|
|-heal|p2b: Kommo-o|36/100|[from] item: Leftovers
|upkeep
|
|t:|1785343537
|switch|p2a: Floette|Floette-Eternal, L50, F|100/100
|turn|9
|
|t:|1785343562
|switch|p1b: Sinistcha|Sinistcha, L50|45/100
|-heal|p1a: Kingambit|100/100|[from] ability: Hospitality|[of] p1b: Sinistcha
|detailschange|p2a: Floette|Floette-Mega, L50, F
|-mega|p2a: Floette|Floette|Floettite
|-ability|p2a: Floette|Fairy Aura
|move|p2b: Kommo-o|Protect|p2b: Kommo-o
|-singleturn|p2b: Kommo-o|Protect
|move|p2a: Floette|Dazzling Gleam|p1a: Kingambit|[spread] p1a,p1b
|-damage|p1a: Kingambit|63/100
|-damage|p1b: Sinistcha|4/100
|move|p1a: Kingambit|Swords Dance|p1a: Kingambit
|-boost|p1a: Kingambit|atk|2
|
|-heal|p2b: Kommo-o|43/100|[from] item: Leftovers
|upkeep
|turn|10
|
|t:|1785343579
|move|p1b: Sinistcha|Rage Powder|p1b: Sinistcha
|-singleturn|p1b: Sinistcha|move: Rage Powder
|move|p2b: Kommo-o|Clanging Scales|p1a: Kingambit|[spread] p1a,p1b
|-resisted|p1a: Kingambit|1
|-damage|p1a: Kingambit|40/100
|-damage|p1b: Sinistcha|0 fnt
|faint|p1b: Sinistcha
|-unboost|p2b: Kommo-o|def|1
|move|p2a: Floette|Moonblast|p1a: Kingambit
|-damage|p1a: Kingambit|0 fnt
|faint|p1a: Kingambit
|
|-heal|p2b: Kommo-o|49/100|[from] item: Leftovers
|upkeep
|
|t:|1785343585
|switch|p1b: Sneasler|Sneasler, L50, M|28/100
|turn|11
|
|t:|1785343592
|move|p2b: Kommo-o|Clanging Scales|p1b: Sneasler
|-damage|p1b: Sneasler|0 fnt
|faint|p1b: Sneasler
|
|win|Chochito Pelao
||lux raymundi is ready for game 2.
||Chochito Pelao is ready for game 2.
|uhtml|next|Next: Game 2 of 3
