|j|☆Chochito Pelao
|j|☆Imreesithink
|html|Chochito PelaoImreesithink    
|uhtml|bestof|Game 3 of a best-of-3
|t:|1784743233
|gametype|doubles
|player|p1|Chochito Pelao|striker|1144
|player|p2|Imreesithink|blackbelt-gen4dp|1178
|gen|9
|tier|[Gen 9 Champions] VGC 2026 Reg M-B (Bo3)
|rated|
|rule|Species Clause: Limit one of each Pokémon
|rule|Item Clause: Limit 1 of each item
|clearpoke
|poke|p1|Charizard, L50, F|
|poke|p1|Venusaur, L50, M|
|poke|p1|Pelipper, L50, F|
|poke|p1|Grimmsnarl, L50, M|
|poke|p1|Basculegion, L50, M|
|poke|p1|Archaludon, L50, F|
|poke|p2|Garchomp, L50, F|
|poke|p2|Venusaur, L50, F|
|poke|p2|Incineroar, L50, F|
|poke|p2|Charizard, L50, M|
|poke|p2|Toxapex, L50, F|
|poke|p2|Annihilape, L50, M|
|teampreview|4
|showteam|p1|Charizard||CharizarditeY|Blaze|HeatWave,WeatherBall,SolarBeam,Protect|Modest||F|||50|]Venusaur||FocusSash|Chlorophyll|SludgeBomb,EarthPower,SleepPowder,Protect|Modest||M|||50|]Pelipper||SitrusBerry|Drizzle|Hurricane,WeatherBall,WideGuard,Tailwind|Modest||F|||50|]Grimmsnarl||LightClay|Prankster|SpiritBreak,Reflect,LightScreen,PartingShot|Sassy||M|||50|]Basculegion||ChoiceScarf|Adaptability|WaveCrash,LastRespects,FlipTurn,AquaJet|Jolly||M|||50|]Archaludon||Leftovers|Stamina|DragonPulse,FlashCannon,ElectroShot,Protect|Calm||F|||50|
|showteam|p2|Garchomp||ChoiceScarf|RoughSkin|Earthquake,RockSlide,DragonClaw,StompingTantrum|Adamant||F|||50|]Venusaur||LifeOrb|Chlorophyll|SludgeBomb,SolarBeam,EarthPower,Protect|Modest||F|||50|]Incineroar||SitrusBerry|Intimidate|FakeOut,FlareBlitz,ThroatChop,PartingShot|Impish||F|||50|]Charizard||CharizarditeY|Blaze|HeatWave,WeatherBall,Protect,HelpingHand|Modest||M|||50|]Toxapex||Leftovers|Regenerator|Infestation,Toxic,WideGuard,BanefulBunker|Bold||F|||50|]Annihilape||FocusSash|Defiant|CloseCombat,PhantomForce,RockTomb,Protect|Jolly||M|||50|
|inactive|Battle timer is ON: inactive players will automatically lose when time's up. (requested by Imreesithink)
|inactive|Chochito Pelao has 60 seconds left.
|inactive|Imreesithink has 60 seconds left.
|inactive|Chochito Pelao has 30 seconds left.
|inactive|Imreesithink has 30 seconds left.
|inactive|Chochito Pelao has 20 seconds left.
|inactive|Chochito Pelao has 15 seconds left.
|
|t:|1784743311
|teamsize|p1|4
|teamsize|p2|4
|start
|switch|p1a: Charizard|Charizard, L50, F|100/100
|switch|p1b: Venusaur|Venusaur, L50, M|100/100
|switch|p2a: Charizard|Charizard, L50, M|100/100
|switch|p2b: Venusaur|Venusaur, L50, F|100/100
|turn|1
|inactive|Imreesithink has 30 seconds left.
|
|t:|1784743338
|detailschange|p2a: Charizard|Charizard-Mega-Y, L50, M
|-mega|p2a: Charizard|Charizard|Charizardite Y
|-weather|SunnyDay|[from] ability: Drought|[of] p2a: Charizard
|detailschange|p1a: Charizard|Charizard-Mega-Y, L50, F
|-mega|p1a: Charizard|Charizard|Charizardite Y
|move|p1b: Venusaur|Sleep Powder|p2a: Charizard
|-status|p2a: Charizard|slp|[from] move: Sleep Powder
|move|p2b: Venusaur|Sludge Bomb|p1b: Venusaur
|-damage|p1b: Venusaur|29/100
|-damage|p2b: Venusaur|90/100|[from] item: Life Orb
|cant|p2a: Charizard|slp
|move|p1a: Charizard|Heat Wave|p2b: Venusaur|[spread] p2a
|-miss|p1a: Charizard|p2b: Venusaur
|-resisted|p2a: Charizard|1
|-damage|p2a: Charizard|75/100 slp
|
|-weather|SunnyDay|[upkeep]
|upkeep
|turn|2
|
|t:|1784743358
|move|p1b: Venusaur|Protect|p1b: Venusaur
|-singleturn|p1b: Venusaur|Protect
|move|p2b: Venusaur|Protect|p2b: Venusaur
|-singleturn|p2b: Venusaur|Protect
|cant|p2a: Charizard|slp
|move|p1a: Charizard|Heat Wave|p2a: Charizard|[spread] 
|-activate|p2b: Venusaur|move: Protect
|-miss|p1a: Charizard|p2a: Charizard
|
|-weather|SunnyDay|[upkeep]
|upkeep
|turn|3
|
|t:|1784743369
|switch|p1b: Pelipper|Pelipper, L50, F|100/100
|-weather|RainDance|[from] ability: Drizzle|[of] p1b: Pelipper
|-curestatus|p2a: Charizard|slp|[msg]
|move|p2a: Charizard|Heat Wave|p1a: Charizard|[spread] p1a,p1b
|-resisted|p1a: Charizard|1
|-resisted|p1b: Pelipper|1
|-damage|p1a: Charizard|91/100
|-damage|p1b: Pelipper|89/100
|move|p1a: Charizard|Weather Ball|p2a: Charizard
|-supereffective|p2a: Charizard|1
|-damage|p2a: Charizard|0 fnt
|faint|p2a: Charizard
|move|p2b: Venusaur|Sludge Bomb|p1a: Charizard
|-damage|p1a: Charizard|46/100
|-damage|p2b: Venusaur|81/100|[from] item: Life Orb
|
|-weather|RainDance|[upkeep]
|upkeep
|
|t:|1784743387
|switch|p2a: Garchomp|Garchomp, L50, F|100/100
|turn|4
|
|t:|1784743398
|switch|p1a: Archaludon|Archaludon, L50, F|100/100
|move|p1b: Pelipper|Wide Guard|p1b: Pelipper
|-singleturn|p1b: Pelipper|Wide Guard
|move|p2a: Garchomp|Dragon Claw|p1b: Pelipper
|-damage|p1b: Pelipper|40/100
|-enditem|p1b: Pelipper|Sitrus Berry|[eat]
|-heal|p1b: Pelipper|64/100|[from] item: Sitrus Berry
|move|p2b: Venusaur|Sludge Bomb|p1a: Archaludon
|-immune|p1a: Archaludon
|
|-weather|RainDance|[upkeep]
|upkeep
|turn|5
|inactive|Chochito Pelao has 30 seconds left.
|
|t:|1784743424
|move|p2a: Garchomp|Dragon Claw|p1a: Archaludon
|-damage|p1a: Archaludon|66/100
|-ability|p1a: Archaludon|Stamina|boost
|-boost|p1a: Archaludon|def|1
|move|p2b: Venusaur|Earth Power|p1a: Archaludon
|-supereffective|p1a: Archaludon|1
|-damage|p1a: Archaludon|0 fnt
|faint|p1a: Archaludon
|-damage|p2b: Venusaur|71/100|[from] item: Life Orb
|move|p1b: Pelipper|Hurricane|p2b: Venusaur
|-supereffective|p2b: Venusaur|1
|-damage|p2b: Venusaur|0 fnt
|faint|p2b: Venusaur
|
|-weather|RainDance|[upkeep]
|upkeep
|
|t:|1784743433
|switch|p2b: Annihilape|Annihilape, L50, M|100/100
|switch|p1a: Venusaur|Venusaur, L50, M|29/100
|turn|6
|
|t:|1784743455
|switch|p1b: Charizard|Charizard-Mega-Y, L50, F|46/100
|-weather|SunnyDay|[from] ability: Drought|[of] p1b: Charizard
|move|p1a: Venusaur|Sleep Powder|p2a: Garchomp
|-status|p2a: Garchomp|slp|[from] move: Sleep Powder
|cant|p2a: Garchomp|slp
|move|p2b: Annihilape|Rock Tomb|p1b: Charizard
|-supereffective|p1b: Charizard|2
|-damage|p1b: Charizard|0 fnt
|faint|p1b: Charizard
|
|-weather|SunnyDay|[upkeep]
|upkeep
|
|t:|1784743460
|switch|p1b: Pelipper|Pelipper, L50, F|64/100
|-weather|RainDance|[from] ability: Drizzle|[of] p1b: Pelipper
|turn|7
|
|t:|1784743476
|cant|p2a: Garchomp|slp
|move|p2b: Annihilape|Phantom Force||[still]
|-prepare|p2b: Annihilape|Phantom Force
|move|p1a: Venusaur|Earth Power|p2b: Annihilape|[miss]
|-miss|p1a: Venusaur|p2b: Annihilape
|move|p1b: Pelipper|Hurricane|p2b: Annihilape|[miss]
|-miss|p1b: Pelipper|p2b: Annihilape
|
|-weather|RainDance|[upkeep]
|upkeep
|turn|8
|
|t:|1784743488
|-curestatus|p2a: Garchomp|slp|[msg]
|move|p2a: Garchomp|Dragon Claw|p1b: Pelipper
|-damage|p1b: Pelipper|14/100
|move|p2b: Annihilape|Phantom Force|p1a: Venusaur|[from] lockedmove
|-damage|p1a: Venusaur|0 fnt
|faint|p1a: Venusaur
|move|p1b: Pelipper|Hurricane|p2b: Annihilape
|-supereffective|p2b: Annihilape|1
|-damage|p2b: Annihilape|5/100
|
|-weather|RainDance|[upkeep]
|upkeep
|turn|9
|-message|Chochito Pelao forfeited.
|
|win|Imreesithink
|raw|Chochito Pelao's rating: 1144 → 1121(-23 for losing)
|raw|Imreesithink's rating: 1178 → 1201(+23 for winning)
|l|☆Chochito Pelao
|player|p1|
