|j|☆cocobennyy
|j|☆pistoiese1312
|html|cocobennyypistoiese1312    
|uhtml|bestof|Game 1 of a best-of-3
|t:|1784639965
|gametype|doubles
|player|p1|cocobennyy|medium|1123
|player|p2|pistoiese1312|102|1185
|gen|9
|tier|[Gen 9 Champions] VGC 2026 Reg M-B (Bo3)
|rated|
|rule|Species Clause: Limit one of each Pokémon
|rule|Item Clause: Limit 1 of each item
|clearpoke
|poke|p1|Charizard, L50, M|
|poke|p1|Mimikyu, L50, F|
|poke|p1|Politoed, L50, M|
|poke|p1|Venusaur, L50, F|
|poke|p1|Archaludon, L50, M|
|poke|p1|Sableye, L50, M|
|poke|p2|Gengar, L50, M|
|poke|p2|Incineroar, L50, M|
|poke|p2|Floette-Eternal, L50, F|
|poke|p2|Kingambit, L50, M|
|poke|p2|Kommo-o, L50, F|
|poke|p2|Sneasler, L50, M|
|teampreview|4
|showteam|p1|Charizard||CharizarditeY|Blaze|Protect,HeatWave,WeatherBall,SolarBeam|Modest||M|||50|]Mimikyu||LifeOrb|Disguise|Protect,PlayRough,WoodHammer,TrickRoom|Adamant||F|||50|]Politoed||SitrusBerry|Drizzle|Protect,PerishSong,IceBeam,WeatherBall|Calm||M|||50|]Venusaur||Venusaurite|Chlorophyll|Protect,SludgeBomb,GigaDrain,EarthPower|Modest||F|||50|]Archaludon||Leftovers|Stamina|Protect,ElectroShot,FlashCannon,DragonPulse|Timid||M|||50|]Sableye||LightClay|Prankster|Quash,RainDance,LightScreen,Reflect|Careful||M|||50|
|showteam|p2|Gengar||Gengarite|CursedBody|ShadowBall,PerishSong,Disable,Protect|Modest||M|||50|]Incineroar||PasshoBerry|Intimidate|FlareBlitz,PartingShot,FakeOut,Protect|Relaxed||M|||50|]Floette-Eternal||Floettite|FlowerVeil|LightofRuin,Moonblast,DazzlingGleam,Protect|Calm||F|||50|]Kingambit||BlackGlasses|Defiant|SuckerPunch,KowtowCleave,SwordsDance,Protect|Adamant||M|||50|]Kommo-o||Leftovers|Soundproof|AuraSphere,ClangingScales,ClangorousSoul,Protect|Modest||F|||50|]Sneasler||WhiteHerb|Unburden|DireClaw,CloseCombat,FakeOut,Protect|Adamant||M|||50|
|inactive|Battle timer is ON: inactive players will automatically lose when time's up. (requested by cocobennyy)
|
|t:|1784640033
|teamsize|p1|4
|teamsize|p2|4
|start
|switch|p1a: Charizard|Charizard, L50, M|100/100
|switch|p1b: Venusaur|Venusaur, L50, F|100/100
|switch|p2a: Gengar|Gengar, L50, M|100/100
|switch|p2b: Incineroar|Incineroar, L50, M|100/100
|-ability|p2b: Incineroar|Intimidate|boost
|-unboost|p1a: Charizard|atk|1
|-unboost|p1b: Venusaur|atk|1
|turn|1
|inactive|cocobennyy has 30 seconds left.
|
|t:|1784640063
|detailschange|p1a: Charizard|Charizard-Mega-Y, L50, M
|-mega|p1a: Charizard|Charizard|Charizardite Y
|-weather|SunnyDay|[from] ability: Drought|[of] p1a: Charizard
|detailschange|p2a: Gengar|Gengar-Mega, L50, M
|-mega|p2a: Gengar|Gengar|Gengarite
|move|p2b: Incineroar|Fake Out|p1b: Venusaur
|-damage|p1b: Venusaur|84/100
|cant|p1b: Venusaur|flinch
|move|p2a: Gengar|Perish Song|p2a: Gengar
|-start|p1a: Charizard|perish3|[silent]
|-start|p1b: Venusaur|perish3|[silent]
|-start|p2a: Gengar|perish3|[silent]
|-start|p2b: Incineroar|perish3|[silent]
|-fieldactivate|move: Perish Song
|move|p1a: Charizard|Weather Ball|p2a: Gengar
|-damage|p2a: Gengar|13/100
|
|-weather|SunnyDay|[upkeep]
|-start|p1b: Venusaur|perish3
|-start|p2a: Gengar|perish3
|-start|p1a: Charizard|perish3
|-start|p2b: Incineroar|perish3
|upkeep
|turn|2
|inactive|cocobennyy has 30 seconds left.
|inactive|pistoiese1312 has 30 seconds left.
|inactive|cocobennyy has 20 seconds left.
|inactive|cocobennyy has 15 seconds left.
|inactive|cocobennyy has 10 seconds left.
|inactive|cocobennyy has 5 seconds left.
|
|t:|1784640114
|move|p2a: Gengar|Protect|p2a: Gengar
|-singleturn|p2a: Gengar|Protect
|move|p1b: Venusaur|Earth Power|p2b: Incineroar
|-supereffective|p2b: Incineroar|1
|-damage|p2b: Incineroar|53/100
|move|p1a: Charizard|Heat Wave|p2b: Incineroar|[spread] p2b
|-activate|p2a: Gengar|move: Protect
|-resisted|p2b: Incineroar|1
|-crit|p2b: Incineroar
|-damage|p2b: Incineroar|15/100
|move|p2b: Incineroar|Parting Shot|p1b: Venusaur
|-unboost|p1b: Venusaur|atk|1
|-unboost|p1b: Venusaur|spa|1
|
|t:|1784640127
|switch|p2b: Sneasler|Sneasler, L50, M|100/100|[from] Parting Shot
|
|-weather|SunnyDay|[upkeep]
|-start|p1b: Venusaur|perish2
|-start|p2a: Gengar|perish2
|-start|p1a: Charizard|perish2
|upkeep
|turn|3
|inactive|cocobennyy has 30 seconds left.
|
|t:|1784640152
|switch|p2a: Incineroar|Incineroar, L50, M|15/100
|-ability|p2a: Incineroar|Intimidate|boost
|-unboost|p1a: Charizard|atk|1
|-unboost|p1b: Venusaur|atk|1
|move|p2b: Sneasler|Fake Out|p1b: Venusaur
|-damage|p1b: Venusaur|64/100
|cant|p1b: Venusaur|flinch
|move|p1a: Charizard|Weather Ball|p2a: Incineroar
|-resisted|p2a: Incineroar|1
|-damage|p2a: Incineroar|0 fnt
|faint|p2a: Incineroar
|
|-weather|SunnyDay|[upkeep]
|-start|p1b: Venusaur|perish1
|-start|p1a: Charizard|perish1
|upkeep
|
|t:|1784640165
|switch|p2a: Gengar|Gengar-Mega, L50, M|13/100
|turn|4
|
|t:|1784640175
|move|p2b: Sneasler|Protect|p2b: Sneasler
|-singleturn|p2b: Sneasler|Protect
|move|p2a: Gengar|Protect|p2a: Gengar
|-singleturn|p2a: Gengar|Protect
|move|p1b: Venusaur|Earth Power|p2b: Sneasler
|-activate|p2b: Sneasler|move: Protect
|move|p1a: Charizard|Heat Wave|p2b: Sneasler|[spread] 
|-activate|p2a: Gengar|move: Protect
|-activate|p2b: Sneasler|move: Protect
|
|-weather|SunnyDay|[upkeep]
|-start|p1b: Venusaur|perish0
|-start|p1a: Charizard|perish0
|faint|p1b: Venusaur
|faint|p1a: Charizard
|upkeep
|
|t:|1784640179
|switch|p1a: Archaludon|Archaludon, L50, M|100/100
|switch|p1b: Politoed|Politoed, L50, M|100/100
|-weather|RainDance|[from] ability: Drizzle|[of] p1b: Politoed
|turn|5
|inactive|pistoiese1312 has 30 seconds left.
|inactive|pistoiese1312 has 20 seconds left.
|
|t:|1784640216
|move|p2b: Sneasler|Protect||[still]
|-fail|p2b: Sneasler
|move|p2a: Gengar|Shadow Ball|p1a: Archaludon
|-damage|p1a: Archaludon|43/100
|-ability|p1a: Archaludon|Stamina|boost
|-boost|p1a: Archaludon|def|1
|move|p1a: Archaludon|Electro Shot||[still]
|-prepare|p1a: Archaludon|Electro Shot
|-boost|p1a: Archaludon|spa|1
|-anim|p1a: Archaludon|Electro Shot|p2b: Sneasler
|-damage|p2b: Sneasler|20/100y
|move|p1b: Politoed|Weather Ball|p2b: Sneasler
|-damage|p2b: Sneasler|0 fnt
|faint|p2b: Sneasler
|
|-weather|RainDance|[upkeep]
|-heal|p1a: Archaludon|49/100|[from] item: Leftovers
|upkeep
|
|t:|1784640231
|switch|p2b: Kingambit|Kingambit, L50, M|100/100
|turn|6
|
|t:|1784640245
|move|p2a: Gengar|Shadow Ball|p1a: Archaludon
|-damage|p1a: Archaludon|0 fnt
|faint|p1a: Archaludon
|move|p1b: Politoed|Weather Ball|p2b: Kingambit
|-damage|p2b: Kingambit|54/100
|move|p2b: Kingambit|Swords Dance|p2b: Kingambit
|-boost|p2b: Kingambit|atk|2
|
|-weather|RainDance|[upkeep]
|upkeep
|turn|7
|
|t:|1784640257
|move|p2a: Gengar|Shadow Ball|p1b: Politoed
|-damage|p1b: Politoed|64/100
|-unboost|p1b: Politoed|spd|1
|move|p1b: Politoed|Perish Song|p1b: Politoed
|-start|p1b: Politoed|perish3|[silent]
|-start|p2a: Gengar|perish3|[silent]
|-start|p2b: Kingambit|perish3|[silent]
|-fieldactivate|move: Perish Song
|move|p2b: Kingambit|Kowtow Cleave|p1b: Politoed
|-damage|p1b: Politoed|0 fnt
|faint|p1b: Politoed
|
|win|pistoiese1312
||cocobennyy is ready for game 2.
||pistoiese1312 is ready for game 2.
|uhtml|next|Next: Game 2 of 3
|l|☆cocobennyy
|player|p1|
|j|☆cocobennyy
|player|p1|cocobennyy|medium|
