|j|☆legndrygoatedXD69
|j|☆silkyvgc
|html|legndrygoatedXD69silkyvgc    
|uhtml|bestof|Game 1 of a best-of-3
|t:|1785473070
|gametype|doubles
|player|p1|legndrygoatedXD69|169|1098
|player|p2|silkyvgc|fisherman-gen4|1036
|gen|9
|tier|[Gen 9 Champions] VGC 2026 Reg M-B (Bo3)
|rated|
|rule|Species Clause: Limit one of each Pokémon
|rule|Item Clause: Limit 1 of each item
|clearpoke
|poke|p1|Whimsicott, L50, M|
|poke|p1|Pyroar, L50, M|
|poke|p1|Torkoal, L50, M|
|poke|p1|Hydreigon, L50, F, shiny|
|poke|p1|Farigiraf, L50, F|
|poke|p1|Scrafty, L50, M, shiny|
|poke|p2|Rampardos, L50, F|
|poke|p2|Farigiraf, L50, M, shiny|
|poke|p2|Mamoswine, L50, M, shiny|
|poke|p2|Incineroar, L50, M, shiny|
|poke|p2|Tsareena, L50, F, shiny|
|poke|p2|Slowbro, L50, F, shiny|
|teampreview|4
|showteam|p1|Whimsicott||FocusSash|Prankster|Tailwind,Moonblast,SunnyDay,Protect|Timid||M|||50|]Pyroar||Pyroarite|Unnerve|HeatWave,Overheat,SolarBeam,Protect|Timid||M|||50|]Torkoal||HeatRock|Drought|BurningJealousy,Yawn,WeatherBall,Protect|Quiet||M|||50|]Hydreigon||LifeOrb|Levitate|DracoMeteor,DarkPulse,EarthPower,Snarl|Timid||F|||50|]Farigiraf||ColburBerry|ArmorTail|Psychic,Thunderbolt,TrickRoom,Imprison|Modest||F|||50|]Scrafty||Scraftinite|Intimidate|FakeOut,KnockOff,DrainPunch,IcePunch|Adamant||M|||50|
|showteam|p2|Rampardos||LifeOrb|SheerForce|RockSlide,HammerArm,IceBeam,Protect|Brave||F|||50|]Farigiraf||ColburBerry|ArmorTail|TwinBeam,Thunderbolt,TrickRoom,HelpingHand|Relaxed||M|||50|]Mamoswine||FocusSash|ThickFat|IceShard,HighHorsepower,KnockOff,IronHead|Adamant||M|||50|]Incineroar||SitrusBerry|Intimidate|DarkestLariat,FakeOut,PartingShot,FlareBlitz|Impish||M|||50|]Tsareena||IronBall|QueenlyMajesty|SeedBomb,Fling,Acrobatics,Protect|Impish||F|||50|]Slowbro||Slowbronite|Oblivious|SlackOff,TrickRoom,Psychic,Scald|Quiet||F|||50|
|inactive|Battle timer is ON: inactive players will automatically lose when time's up. (requested by legndrygoatedXD69)
|
|t:|1785473120
|teamsize|p1|4
|teamsize|p2|4
|start
|switch|p1a: Hydreigon|Hydreigon, L50, F, shiny|100/100
|switch|p1b: Farigiraf|Farigiraf, L50, F|100/100
|switch|p2a: Farigiraf|Farigiraf, L50, M, shiny|100/100
|switch|p2b: Incineroar|Incineroar, L50, M, shiny|100/100
|-ability|p2b: Incineroar|Intimidate|boost
|-unboost|p1a: Hydreigon|atk|1
|-unboost|p1b: Farigiraf|atk|1
|turn|1
|c|☆silkyvgc|glhf!
|inactive|legndrygoatedXD69 has 30 seconds left.
|inactive|legndrygoatedXD69 has 20 seconds left.
|inactive|legndrygoatedXD69 has 15 seconds left.
|inactive|legndrygoatedXD69 has 10 seconds left.
|inactive|legndrygoatedXD69 has 5 seconds left.
|
|t:|1785473172
|move|p2a: Farigiraf|Helping Hand|p2b: Incineroar
|-singleturn|p2b: Incineroar|Helping Hand|[of] p2a: Farigiraf
|move|p1a: Hydreigon|Earth Power|p2b: Incineroar
|-supereffective|p2b: Incineroar|1
|-damage|p2b: Incineroar|18/100
|-enditem|p2b: Incineroar|Sitrus Berry|[eat]
|-heal|p2b: Incineroar|43/100|[from] item: Sitrus Berry
|-damage|p1a: Hydreigon|90/100|[from] item: Life Orb
|move|p1b: Farigiraf|Imprison|p1b: Farigiraf
|-start|p1b: Farigiraf|move: Imprison
|move|p2b: Incineroar|Flare Blitz|p1b: Farigiraf
|-damage|p1b: Farigiraf|19/100
|-damage|p2b: Incineroar|13/100|[from] Recoil
|
|upkeep
|turn|2
|inactive|legndrygoatedXD69 has 30 seconds left.
|inactive|silkyvgc has 30 seconds left.
|inactive|legndrygoatedXD69 has 20 seconds left.
|inactive|silkyvgc has 20 seconds left.
|inactive|legndrygoatedXD69 has 15 seconds left.
|inactive|silkyvgc has 15 seconds left.
|inactive|legndrygoatedXD69 has 10 seconds left.
|inactive|silkyvgc has 10 seconds left.
|
|t:|1785473221
|switch|p2b: Rampardos|Rampardos, L50, F|100/100
|move|p1a: Hydreigon|Dark Pulse|p2b: Rampardos
|-damage|p2b: Rampardos|12/100
|-damage|p1a: Hydreigon|81/100|[from] item: Life Orb
|move|p1b: Farigiraf|Thunderbolt|p2a: Farigiraf
|-damage|p2a: Farigiraf|75/100
|-status|p2a: Farigiraf|par
|move|p2a: Farigiraf|Twin Beam|p1b: Farigiraf
|-resisted|p1b: Farigiraf|1
|-damage|p1b: Farigiraf|12/100
|-resisted|p1b: Farigiraf|1
|-damage|p1b: Farigiraf|4/100
|-hitcount|p1b: Farigiraf|2
|
|upkeep
|turn|3
|inactive|legndrygoatedXD69 has 30 seconds left.
|inactive|legndrygoatedXD69 has 20 seconds left.
|inactive|legndrygoatedXD69 has 15 seconds left.
|inactive|legndrygoatedXD69 has 10 seconds left.
|
|t:|1785473266
|switch|p1b: Scrafty|Scrafty, L50, M, shiny|100/100
|-ability|p1b: Scrafty|Intimidate|boost
|-unboost|p2a: Farigiraf|atk|1
|-unboost|p2b: Rampardos|atk|1
|move|p1a: Hydreigon|Snarl|p2a: Farigiraf|[spread] p2a,p2b
|-supereffective|p2a: Farigiraf|1
|-enditem|p2a: Farigiraf|Colbur Berry|[eat]
|-enditem|p2a: Farigiraf|Colbur Berry|[weaken]
|-damage|p2a: Farigiraf|45/100 par
|-damage|p2b: Rampardos|0 fnt
|-unboost|p2a: Farigiraf|spa|1
|faint|p2b: Rampardos
|-damage|p1a: Hydreigon|71/100|[from] item: Life Orb
|move|p2a: Farigiraf|Twin Beam|p1b: Scrafty
|-immune|p1b: Scrafty
|
|upkeep
|
|t:|1785473281
|switch|p2b: Incineroar|Incineroar, L50, M, shiny|13/100
|-ability|p2b: Incineroar|Intimidate|boost
|-unboost|p1a: Hydreigon|atk|1
|-unboost|p1b: Scrafty|atk|1
|turn|4
|inactive|legndrygoatedXD69 has 30 seconds left.
|inactive|silkyvgc has 30 seconds left.
|inactive|legndrygoatedXD69 has 20 seconds left.
|inactive|legndrygoatedXD69 has 15 seconds left.
|inactive|silkyvgc has 20 seconds left.
|inactive|legndrygoatedXD69 has 10 seconds left.
|inactive|silkyvgc has 15 seconds left.
|
|t:|1785473329
|switch|p1b: Farigiraf|Farigiraf, L50, F|4/100
|move|p2a: Farigiraf|Helping Hand|p2b: Incineroar
|-singleturn|p2b: Incineroar|Helping Hand|[of] p2a: Farigiraf
|move|p1a: Hydreigon|Dark Pulse|p2a: Farigiraf
|-supereffective|p2a: Farigiraf|1
|-damage|p2a: Farigiraf|0 fnt
|faint|p2a: Farigiraf
|-damage|p1a: Hydreigon|62/100|[from] item: Life Orb
|move|p2b: Incineroar|Flare Blitz|p1b: Farigiraf
|-crit|p1b: Farigiraf
|-damage|p1b: Farigiraf|0 fnt
|faint|p1b: Farigiraf
|-damage|p2b: Incineroar|11/100|[from] Recoil
|
|upkeep
|inactive|legndrygoatedXD69 has 30 seconds left.
|
|t:|1785473360
|switch|p1b: Scrafty|Scrafty, L50, M, shiny|100/100
|switch|p2a: Slowbro|Slowbro, L50, F, shiny|100/100
|-ability|p1b: Scrafty|Intimidate|boost
|-fail|p2a: Slowbro|unboost|Attack|[from] ability: Oblivious|[of] p2a: Slowbro
|-unboost|p2b: Incineroar|atk|1
|turn|5
|inactive|legndrygoatedXD69 has 30 seconds left.
|
|t:|1785473394
|detailschange|p1b: Scrafty|Scrafty-Mega, L50, M, shiny
|-mega|p1b: Scrafty|Scrafty|Scraftinite
|-ability|p1b: Scrafty|Intimidate|boost
|-fail|p2a: Slowbro|unboost|Attack|[from] ability: Oblivious|[of] p2a: Slowbro
|-unboost|p2b: Incineroar|atk|1
|detailschange|p2a: Slowbro|Slowbro-Mega, L50, F, shiny
|-mega|p2a: Slowbro|Slowbro|Slowbronite
|move|p1b: Scrafty|Fake Out|p2a: Slowbro
|-damage|p2a: Slowbro|92/100
|move|p1a: Hydreigon|Earth Power|p2b: Incineroar
|-supereffective|p2b: Incineroar|1
|-damage|p2b: Incineroar|0 fnt
|faint|p2b: Incineroar
|-damage|p1a: Hydreigon|52/100|[from] item: Life Orb
|cant|p2a: Slowbro|flinch
|
|upkeep
|turn|6
|
|t:|1785473409
|move|p1a: Hydreigon|Dark Pulse|p2a: Slowbro
|-supereffective|p2a: Slowbro|1
|-damage|p2a: Slowbro|0 fnt
|faint|p2a: Slowbro
|-damage|p1a: Hydreigon|43/100|[from] item: Life Orb
|
|win|legndrygoatedXD69
||silkyvgc is ready for game 2.
||legndrygoatedXD69 is ready for game 2.
|uhtml|next|Next: Game 2 of 3
