|j|☆gunkqing
|j|☆Capravolante97
|html|gunkqingCapravolante97    
|uhtml|bestof|Game 1 of a best-of-3
|t:|1756930081
|gametype|doubles
|player|p1|gunkqing|striker|
|player|p2|Capravolante97|fantina|
|gen|9
|tier|[Gen 9] VGC 2025 Reg H (Bo3)
|rule|Species Clause: Limit one of each Pokémon
|rule|Item Clause: Limit 1 of each item
|clearpoke
|poke|p1|Rillaboom, L50, F|
|poke|p1|Electabuzz, L50, F|
|poke|p1|Kommo-o, L50, M|
|poke|p1|Incineroar, L50, F|
|poke|p1|Basculegion, L50, M|
|poke|p1|Sylveon, L50, F|
|poke|p2|Whimsicott, L50, F|
|poke|p2|Corviknight, L50, M|
|poke|p2|Indeedee, L50, M|
|poke|p2|Sneasler, L50, F|
|poke|p2|Ursaluna-Bloodmoon, L50, M|
|poke|p2|Archaludon, L50, F|
|teampreview|4
|showteam|p1|Rillaboom||MeadowPlate|GrassySurge|FakeOut,WoodHammer,GrassyGlide,Uturn|||F|||50|,,,,,Fire]Electabuzz||Eviolite|VitalSpirit|FollowMe,Thunderbolt,Taunt,Protect|||F|||50|,,,,,Dragon]Kommo-o||Leftovers|Soundproof|ClangingScales,ClangorousSoul,Flamethrower,Protect|||M|||50|,,,,,Fire]Incineroar||AssaultVest|Intimidate|FakeOut,FlareBlitz,KnockOff,Uturn|||F|||50|,,,,,Ghost]Basculegion||ChoiceScarf|Adaptability|WaveCrash,AquaJet,LastRespects,FlipTurn|||M|||50|,,,,,Grass]Sylveon||LifeOrb|Pixilate|HyperVoice,Moonblast,Reflect,Detect|||F|||50|,,,,,Fairy
|showteam|p2|Whimsicott||CovertCloak|Prankster|Moonblast,Taunt,Tailwind,FakeTears|||F|||50|,,,,,Water]Corviknight||Leftovers|MirrorArmor|BraveBird,BulkUp,Tailwind,Roost|||M|||50|,,,,,Dragon]Indeedee||FocusSash|PsychicSurge|ExpandingForce,TeraBlast,Imprison,TrickRoom|||M|||50|,,,,,Psychic]Sneasler||PsychicSeed|Unburden|CloseCombat,DireClaw,ThroatChop,Protect|||F|||50|,,,,,Dark]Ursaluna-Bloodmoon||LifeOrb|MindsEye|HyperVoice,BloodMoon,EarthPower,Protect|||M|||50|,,,,,Normal]Archaludon||PowerHerb|Stalwart|ElectroShot,DragonPulse,Thunderbolt,Protect|||F|||50|,,,,,Electric
|inactive|Battle timer is ON: inactive players will automatically lose when time's up. (requested by gunkqing)
|inactive|Capravolante97 also wants the timer to be on.
|c|☆gunkqing|glhf
|c|☆Capravolante97|gl hf
|inactive|gunkqing has 60 seconds left.
|inactive|Capravolante97 has 60 seconds left.
|inactive|gunkqing has 30 seconds left.
|
|t:|1756930157
|teamsize|p1|4
|teamsize|p2|4
|start
|switch|p1a: Incineroar|Incineroar, L50, F|100/100
|switch|p1b: Kommo-o|Kommo-o, L50, M|100/100
|switch|p2a: Whimsicott|Whimsicott, L50, F|100/100
|switch|p2b: Archaludon|Archaludon, L50, F|100/100
|-ability|p1a: Incineroar|Intimidate|boost
|-unboost|p2a: Whimsicott|atk|1
|-unboost|p2b: Archaludon|atk|1
|turn|1
|inactive|gunkqing has 30 seconds left.
|
|t:|1756930191
|-terastallize|p2a: Whimsicott|Water
|-terastallize|p1b: Kommo-o|Fire
|move|p2a: Whimsicott|Taunt|p1b: Kommo-o
|-start|p1b: Kommo-o|move: Taunt
|cant|p1b: Kommo-o|move: Taunt|Clangorous Soul
|move|p2b: Archaludon|Electro Shot||[still]
|-prepare|p2b: Archaludon|Electro Shot
|-boost|p2b: Archaludon|spa|1
|-enditem|p2b: Archaludon|Power Herb
|-anim|p2b: Archaludon|Electro Shot|p1a: Incineroar
|-damage|p1a: Incineroar|57/100
|move|p1a: Incineroar|Flare Blitz|p2a: Whimsicott
|-resisted|p2a: Whimsicott
|-damage|p2a: Whimsicott|64/100
|-damage|p1a: Incineroar|47/100|[from] Recoil
|
|upkeep
|turn|2
|
|t:|1756930213
|switch|p1a: Rillaboom|Rillaboom, L50, F|100/100
|-fieldstart|move: Grassy Terrain|[from] ability: Grassy Surge|[of] p1a: Rillaboom
|move|p2a: Whimsicott|Tailwind|p2a: Whimsicott
|-sidestart|p2: Capravolante97|move: Tailwind
|move|p2b: Archaludon|Dragon Pulse|p1b: Kommo-o
|-damage|p1b: Kommo-o|27/100
|move|p1b: Kommo-o|Clanging Scales|p2a: Whimsicott|[spread] p2a,p2b
|-damage|p2a: Whimsicott|12/100
|-damage|p2b: Archaludon|43/100
|-unboost|p1b: Kommo-o|def|1
|
|-heal|p2a: Whimsicott|18/100|[from] Grassy Terrain
|-heal|p2b: Archaludon|49/100|[from] Grassy Terrain
|-heal|p1b: Kommo-o|33/100|[from] Grassy Terrain
|-heal|p1b: Kommo-o|39/100|[from] item: Leftovers
|upkeep
|turn|3
|inactive|gunkqing has 30 seconds left.
|inactive|gunkqing has 20 seconds left.
|inactive|gunkqing has 15 seconds left.
|inactive|gunkqing has 10 seconds left.
|
|t:|1756930258
|switch|p2a: Indeedee|Indeedee, L50, M|100/100
|-fieldstart|move: Psychic Terrain|[from] ability: Psychic Surge|[of] p2a: Indeedee
|move|p2b: Archaludon|Dragon Pulse|p1b: Kommo-o
|-damage|p1b: Kommo-o|0 fnt
|faint|p1b: Kommo-o
|move|p1a: Rillaboom|Grassy Glide|p2a: Indeedee
|-damage|p2a: Indeedee|32/100
|
|upkeep
|
|t:|1756930268
|switch|p1b: Incineroar|Incineroar, L50, F|47/100
|-ability|p1b: Incineroar|Intimidate|boost
|-unboost|p2a: Indeedee|atk|1
|-unboost|p2b: Archaludon|atk|1
|turn|4
|
|t:|1756930290
|switch|p2a: Whimsicott|Whimsicott, L50, F, tera:Water|18/100
|move|p2b: Archaludon|Dragon Pulse|p1b: Incineroar
|-damage|p1b: Incineroar|5/100
|move|p1a: Rillaboom|U-turn|p2a: Whimsicott
|-damage|p2a: Whimsicott|0 fnt
|faint|p2a: Whimsicott
|
|t:|1756930297
|switch|p1a: Electabuzz|Electabuzz, L50, F|100/100|[from] U-turn
|move|p1b: Incineroar|Flare Blitz|p2b: Archaludon
|-damage|p2b: Archaludon|2/100
|-damage|p1b: Incineroar|0 fnt|[from] Recoil
|faint|p1b: Incineroar
|
|upkeep
|
|t:|1756930305
|switch|p2a: Ursaluna|Ursaluna-Bloodmoon, L50, M|100/100
|switch|p1b: Rillaboom|Rillaboom, L50, F|100/100
|-fieldstart|move: Grassy Terrain|[from] ability: Grassy Surge|[of] p1b: Rillaboom
|turn|5
|
|t:|1756930320
|move|p2a: Ursaluna|Protect|p2a: Ursaluna
|-singleturn|p2a: Ursaluna|Protect
|move|p1b: Rillaboom|Grassy Glide|p2a: Ursaluna
|-activate|p2a: Ursaluna|move: Protect
|move|p2b: Archaludon|Dragon Pulse|p1b: Rillaboom
|-crit|p1b: Rillaboom
|-damage|p1b: Rillaboom|0 fnt
|faint|p1b: Rillaboom
|move|p1a: Electabuzz|Thunderbolt|p2b: Archaludon
|-resisted|p2b: Archaludon
|-damage|p2b: Archaludon|0 fnt
|faint|p2b: Archaludon
|
|-sideend|p2: Capravolante97|move: Tailwind
|upkeep
|
|t:|1756930333
|switch|p2b: Indeedee|Indeedee, L50, M|32/100
|-fieldstart|move: Psychic Terrain|[from] ability: Psychic Surge|[of] p2b: Indeedee
|turn|6
|-message|gunkqing forfeited.
|
|win|Capravolante97
||gunkqing is ready for game 2.
||Capravolante97 is ready for game 2.
|uhtml|next|Next: Game 2 of 3
