|j|☆baggedchikin
|j|☆Lorido
|html|baggedchikinLorido    
|uhtml|bestof|Game 2 of a best-of-3
|t:|1785165668
|gametype|doubles
|player|p1|baggedchikin|101|1270
|player|p2|Lorido|266|1296
|gen|9
|tier|[Gen 9 Champions] VGC 2026 Reg M-B (Bo3)
|rated|
|rule|Species Clause: Limit one of each Pokémon
|rule|Item Clause: Limit 1 of each item
|clearpoke
|poke|p1|Ceruledge, L50, F|
|poke|p1|Maushold, L50|
|poke|p1|Lucario, L50, F|
|poke|p1|Espathra, L50, F|
|poke|p1|Gyarados, L50, F|
|poke|p1|Tsareena, L50, F|
|poke|p2|Delphox, L50, M|
|poke|p2|Incineroar, L50, M|
|poke|p2|Floette-Eternal, L50, F|
|poke|p2|Kingambit, L50, M|
|poke|p2|Sinistcha, L50|
|poke|p2|Sneasler, L50, M|
|teampreview|4
|showteam|p1|Ceruledge||ColburBerry|FlashFire|Protect,BulkUp,BitterBlade,ShadowSneak|Adamant||F|||50|]Maushold||FocusSash|FriendGuard|Protect,FollowMe,SuperFang,Encore|Jolly|||||50|]Lucario||Lucarionite|InnerFocus|Detect,AuraSphere,FlashCannon,DarkPulse|Timid||F|||50|]Espathra||SitrusBerry|SpeedBoost|Protect,CalmMind,LuminaCrash,BatonPass|Bold||F|||50|]Gyarados||Gyaradosite|Intimidate|Protect,Waterfall,LashOut,DragonDance|Adamant||F|||50|]Tsareena||ChoiceScarf|QueenlyMajesty|TripleAxel,TropKick,LowKick,KnockOff|Jolly||F|||50|
|showteam|p2|Delphox||Delphoxite|Blaze|HeatWave,Psychic,NastyPlot,Protect|Timid||M|||50|]Incineroar||SitrusBerry|Intimidate|FlareBlitz,DarkestLariat,FakeOut,PartingShot|Careful||M|||50|]Floette-Eternal||Floettite|FlowerVeil|DazzlingGleam,DrainingKiss,CalmMind,Protect|Bold||F|||50|]Kingambit||BlackGlasses|Defiant|KowtowCleave,SuckerPunch,SwordsDance,Protect|Adamant||M|||50|]Sinistcha||OccaBerry|Hospitality|MatchaGotcha,RagePowder,TrickRoom,Protect|Bold|||||50|]Sneasler||FocusSash|PoisonTouch|CloseCombat,PoisonJab,FakeOut,QuickGuard|Jolly||M|||50|
|
|t:|1785165701
|teamsize|p1|4
|teamsize|p2|4
|start
|switch|p1a: Gyarados|Gyarados, L50, F|100/100
|switch|p1b: Maushold|Maushold, L50|100/100
|switch|p2a: Delphox|Delphox, L50, M|100/100
|switch|p2b: Incineroar|Incineroar, L50, M|100/100
|-ability|p1a: Gyarados|Intimidate|boost
|-unboost|p2a: Delphox|atk|1
|-unboost|p2b: Incineroar|atk|1
|-ability|p2b: Incineroar|Intimidate|boost
|-unboost|p1a: Gyarados|atk|1
|-unboost|p1b: Maushold|atk|1
|turn|1
|
|t:|1785165747
|switch|p1b: Tsareena|Tsareena, L50, F|100/100
|switch|p2a: Sneasler|Sneasler, L50, M|100/100
|detailschange|p1a: Gyarados|Gyarados-Mega, L50, F
|-mega|p1a: Gyarados|Gyarados|Gyaradosite
|-ability|p1a: Gyarados|Mold Breaker
|move|p1a: Gyarados|Dragon Dance|p1a: Gyarados
|-boost|p1a: Gyarados|atk|1
|-boost|p1a: Gyarados|spe|1
|move|p2b: Incineroar|Parting Shot|p1a: Gyarados
|-unboost|p1a: Gyarados|atk|1
|-unboost|p1a: Gyarados|spa|1
|
|t:|1785165759
|switch|p2b: Delphox|Delphox, L50, M|100/100|[from] Parting Shot
|
|upkeep
|turn|2
|
|t:|1785165799
|switch|p1a: Ceruledge|Ceruledge, L50, F|100/100
|switch|p2b: Incineroar|Incineroar, L50, M|100/100
|-ability|p2b: Incineroar|Intimidate|boost
|-unboost|p1a: Ceruledge|atk|1
|-unboost|p1b: Tsareena|atk|1
|move|p1b: Tsareena|Knock Off|p2b: Incineroar
|-resisted|p2b: Incineroar|1
|-damage|p2b: Incineroar|91/100
|-enditem|p2b: Incineroar|Sitrus Berry|[from] move: Knock Off|[of] p1b: Tsareena
|move|p2a: Sneasler|Close Combat|p1a: Ceruledge
|-immune|p1a: Ceruledge
|
|upkeep
|turn|3
|
|t:|1785165840
|switch|p1b: Maushold|Maushold, L50|100/100
|switch|p1a: Gyarados|Gyarados-Mega, L50, F|100/100
|-ability|p1a: Gyarados|Mold Breaker
|move|p2a: Sneasler|Poison Jab|p1b: Maushold
|-damage|p1b: Maushold|50/100g
|-status|p1b: Maushold|psn
|move|p2b: Incineroar|Darkest Lariat|p1b: Maushold
|-damage|p1b: Maushold|9/100 psn
|
|-damage|p1b: Maushold|0 fnt|[from] psn
|faint|p1b: Maushold
|upkeep
|
|t:|1785165861
|switch|p1b: Ceruledge|Ceruledge, L50, F|100/100
|turn|4
|
|t:|1785165892
|move|p1a: Gyarados|Protect|p1a: Gyarados
|-singleturn|p1a: Gyarados|Protect
|move|p2a: Sneasler|Poison Jab|p1b: Ceruledge
|-resisted|p1b: Ceruledge|1
|-damage|p1b: Ceruledge|76/100
|-status|p1b: Ceruledge|psn
|move|p1b: Ceruledge|Bitter Blade|p2a: Sneasler
|-damage|p2a: Sneasler|20/100r
|-heal|p1b: Ceruledge|100/100 psn|[from] drain|[of] p2a: Sneasler
|move|p2b: Incineroar|Parting Shot|p1a: Gyarados
|-activate|p1a: Gyarados|move: Protect
|
|-damage|p1b: Ceruledge|87/100 psn|[from] psn
|upkeep
|turn|5
|
|t:|1785165920
|move|p2a: Sneasler|Close Combat|p1a: Gyarados
|-supereffective|p1a: Gyarados|1
|-damage|p1a: Gyarados|0 fnt
|-unboost|p2a: Sneasler|def|1
|-unboost|p2a: Sneasler|spd|1
|faint|p1a: Gyarados
|move|p1b: Ceruledge|Bulk Up|p1b: Ceruledge
|-boost|p1b: Ceruledge|atk|1
|-boost|p1b: Ceruledge|def|1
|move|p2b: Incineroar|Flare Blitz|p1b: Ceruledge
|-start|p1b: Ceruledge|ability: Flash Fire
|
|-damage|p1b: Ceruledge|75/100 psn|[from] psn
|upkeep
|
|t:|1785165924
|switch|p1a: Tsareena|Tsareena, L50, F|100/100
|turn|6
|
|t:|1785165963
|move|p1a: Tsareena|Knock Off|p2a: Sneasler
|-resisted|p2a: Sneasler|1
|-damage|p2a: Sneasler|0 fnt
|-enditem|p2a: Sneasler|Focus Sash|[from] move: Knock Off|[of] p1a: Tsareena
|faint|p2a: Sneasler
|move|p1b: Ceruledge|Bitter Blade|p2b: Incineroar
|-resisted|p2b: Incineroar|1
|-damage|p2b: Incineroar|48/100
|-heal|p1b: Ceruledge|100/100 psn|[from] drain|[of] p2b: Incineroar
|move|p2b: Incineroar|Parting Shot|p1b: Ceruledge
|-unboost|p1b: Ceruledge|atk|1
|-unboost|p1b: Ceruledge|spa|1
|
|t:|1785165972
|switch|p2b: Delphox|Delphox, L50, M|100/100|[from] Parting Shot
|
|-damage|p1b: Ceruledge|87/100 psn|[from] psn
|upkeep
|
|t:|1785165977
|switch|p2a: Incineroar|Incineroar, L50, M|48/100
|-ability|p2a: Incineroar|Intimidate|boost
|-unboost|p1a: Tsareena|atk|1
|-unboost|p1b: Ceruledge|atk|1
|turn|7
|
|t:|1785165998
|switch|p2b: Sinistcha|Sinistcha, L50|100/100
|-heal|p2a: Incineroar|72/100|[from] ability: Hospitality|[of] p2b: Sinistcha
|move|p1a: Tsareena|Knock Off|p2b: Sinistcha
|-supereffective|p2b: Sinistcha|1
|-damage|p2b: Sinistcha|65/100
|-enditem|p2b: Sinistcha|Occa Berry|[from] move: Knock Off|[of] p1a: Tsareena
|move|p1b: Ceruledge|Bitter Blade|p2a: Incineroar
|-resisted|p2a: Incineroar|1
|-crit|p2a: Incineroar
|-damage|p2a: Incineroar|28/100
|-heal|p1b: Ceruledge|100/100 psn|[from] drain|[of] p2a: Incineroar
|move|p2a: Incineroar|Parting Shot|p1b: Ceruledge
|-unboost|p1b: Ceruledge|atk|1
|-unboost|p1b: Ceruledge|spa|1
|
|t:|1785166011
|switch|p2a: Delphox|Delphox, L50, M|100/100|[from] Parting Shot
|
|-damage|p1b: Ceruledge|87/100 psn|[from] psn
|upkeep
|turn|8
|
|t:|1785166033
|detailschange|p2a: Delphox|Delphox-Mega, L50, M
|-mega|p2a: Delphox|Delphox|Delphoxite
|move|p2b: Sinistcha|Rage Powder|p2b: Sinistcha
|-singleturn|p2b: Sinistcha|move: Rage Powder
|move|p1a: Tsareena|Knock Off|p2a: Delphox
|-supereffective|p2a: Delphox|1
|-damage|p2a: Delphox|61/100
|move|p2a: Delphox|Nasty Plot|p2a: Delphox
|-boost|p2a: Delphox|spa|2
|move|p1b: Ceruledge|Bulk Up|p1b: Ceruledge
|-boost|p1b: Ceruledge|atk|1
|-boost|p1b: Ceruledge|def|1
|
|-damage|p1b: Ceruledge|75/100 psn|[from] psn
|upkeep
|turn|9
|
|t:|1785166064
|move|p1b: Ceruledge|Protect|p1b: Ceruledge
|-singleturn|p1b: Ceruledge|Protect
|move|p2b: Sinistcha|Rage Powder|p2b: Sinistcha
|-singleturn|p2b: Sinistcha|move: Rage Powder
|move|p1a: Tsareena|Knock Off|p2a: Delphox
|-supereffective|p2a: Delphox|1
|-damage|p2a: Delphox|27/100
|move|p2a: Delphox|Heat Wave|p1a: Tsareena|[spread] p1a
|-activate|p1b: Ceruledge|move: Protect
|-supereffective|p1a: Tsareena|1
|-crit|p1a: Tsareena
|-damage|p1a: Tsareena|0 fnt
|faint|p1a: Tsareena
|
|-damage|p1b: Ceruledge|63/100 psn|[from] psn
|upkeep
|turn|10
|
|t:|1785166077
|switch|p2b: Incineroar|Incineroar, L50, M|28/100
|-ability|p2b: Incineroar|Intimidate|boost
|-unboost|p1b: Ceruledge|atk|1
|move|p2a: Delphox|Protect|p2a: Delphox
|-singleturn|p2a: Delphox|Protect
|move|p1b: Ceruledge|Bitter Blade|p2b: Incineroar
|-resisted|p2b: Incineroar|1
|-damage|p2b: Incineroar|11/100
|-heal|p1b: Ceruledge|73/100 psn|[from] drain|[of] p2b: Incineroar
|
|-damage|p1b: Ceruledge|60/100 psn|[from] psn
|upkeep
|turn|11
|
|t:|1785166094
|switch|p2b: Sinistcha|Sinistcha, L50|65/100
|-heal|p2a: Delphox|51/100|[from] ability: Hospitality|[of] p2b: Sinistcha
|move|p1b: Ceruledge|Shadow Sneak|p2a: Delphox
|-supereffective|p2a: Delphox|1
|-damage|p2a: Delphox|22/100
|move|p2a: Delphox|Psychic|p1b: Ceruledge
|-damage|p1b: Ceruledge|0 fnt
|faint|p1b: Ceruledge
|
|win|Lorido
|raw|baggedchikin's rating: 1270 → 1247(-23 for losing)
|raw|Lorido's rating: 1296 → 1319(+23 for winning)
