|j|☆Fosa25
|j|☆SelvesterTheYAK
|html|Fosa25SelvesterTheYAK    
|uhtml|bestof|Game 2 of a best-of-3
|t:|1756954021
|gametype|doubles
|player|p1|Fosa25|102|1203
|player|p2|SelvesterTheYAK|265|1148
|gen|9
|tier|[Gen 9] VGC 2025 Reg H (Bo3)
|rated|
|rule|Species Clause: Limit one of each Pokémon
|rule|Item Clause: Limit 1 of each item
|clearpoke
|poke|p1|Gholdengo, L50|
|poke|p1|Magmar, L50, M|
|poke|p1|Dragonite, L50, M|
|poke|p1|Dondozo, L50, M|
|poke|p1|Rillaboom, L50, F|
|poke|p1|Annihilape, L50, F|
|poke|p2|Tyranitar, L50, F|
|poke|p2|Garchomp, L50, F|
|poke|p2|Gholdengo, L50|
|poke|p2|Talonflame, L50, M|
|poke|p2|Amoonguss, L50, M|
|poke|p2|Milotic, L50, M|
|teampreview|4
|showteam|p1|Gholdengo||LifeOrb|GoodasGold|Protect,NastyPlot,MakeItRain,ShadowBall||||||50|,,,,,Water]Magmar||Eviolite|VitalSpirit|Taunt,WillOWisp,FollowMe,HeatWave|||M|||50|,,,,,Ghost]Dragonite||LoadedDice|Multiscale|Protect,Haze,Tailwind,ScaleShot|||M|||50|,,,,,Fairy]Dondozo||Leftovers|Unaware|Protect,Yawn,WaveCrash,Fissure|||M|||50|,,,,,Fairy]Rillaboom||AssaultVest|GrassySurge|FakeOut,GrassyGlide,WoodHammer,Uturn|||F|||50|,,,,,Fire]Annihilape||SafetyGoggles|Defiant|Protect,BulkUp,RageFist,DrainPunch|||F|||50|,,,,,Steel
|showteam|p2|Tyranitar||AssaultVest|SandStream|RockSlide,TeraBlast,KnockOff,LowKick|||F|||50|,,,,,Flying]Garchomp||LifeOrb|SandVeil|Protect,DragonClaw,StompingTantrum,Earthquake|||F|||50|,,,,,Steel]Gholdengo||MetalCoat|GoodasGold|MakeItRain,ShadowBall,Protect,NastyPlot||||||50|,,,,,Flying]Talonflame||CovertCloak|GaleWings|BraveBird,Tailwind,WillOWisp,Taunt|||M|||50|,,,,,Ghost]Amoonguss||SitrusBerry|Regenerator|Protect,Spore,RagePowder,PollenPuff|||M|||50|,,,,,Water]Milotic||SafetyGoggles|Competitive|Haze,Protect,IcyWind,Scald|||M|||50|,,,,,Dragon
|inactive|Battle timer is ON: inactive players will automatically lose when time's up. (requested by Fosa25)
|
|t:|1756954032
|teamsize|p1|4
|teamsize|p2|4
|start
|switch|p1a: Dragonite|Dragonite, L50, M|100/100
|switch|p1b: Magmar|Magmar, L50, M|100/100
|switch|p2a: Garchomp|Garchomp, L50, F|100/100
|switch|p2b: Talonflame|Talonflame, L50, M|100/100
|turn|1
|
|t:|1756954053
|move|p2a: Garchomp|Protect|p2a: Garchomp
|-singleturn|p2a: Garchomp|Protect
|move|p1b: Magmar|Follow Me|p1b: Magmar
|-singleturn|p1b: Magmar|move: Follow Me
|move|p2b: Talonflame|Tailwind|p2b: Talonflame
|-sidestart|p2: SelvesterTheYAK|move: Tailwind
|move|p1a: Dragonite|Scale Shot|p2b: Talonflame
|-damage|p2b: Talonflame|85/100
|-damage|p2b: Talonflame|68/100
|-damage|p2b: Talonflame|51/100
|-damage|p2b: Talonflame|34/100
|-hitcount|p2b: Talonflame|4
|-unboost|p1a: Dragonite|def|1
|-boost|p1a: Dragonite|spe|1
|
|upkeep
|turn|2
|
|t:|1756954075
|-terastallize|p2a: Garchomp|Steel
|move|p1b: Magmar|Follow Me|p1b: Magmar
|-singleturn|p1b: Magmar|move: Follow Me
|move|p2b: Talonflame|Will-O-Wisp|p1b: Magmar
|-immune|p1b: Magmar
|move|p2a: Garchomp|Dragon Claw|p1b: Magmar
|-damage|p1b: Magmar|55/100
|-damage|p2a: Garchomp|91/100|[from] item: Life Orb
|move|p1a: Dragonite|Tailwind|p1a: Dragonite
|-sidestart|p1: Fosa25|move: Tailwind
|
|upkeep
|turn|3
|
|t:|1756954099
|switch|p2b: Tyranitar|Tyranitar, L50, F|100/100
|-weather|Sandstorm|[from] ability: Sand Stream|[of] p2b: Tyranitar
|move|p1a: Dragonite|Scale Shot|p2b: Tyranitar
|-damage|p2b: Tyranitar|90/100
|-damage|p2b: Tyranitar|78/100
|-damage|p2b: Tyranitar|66/100
|-damage|p2b: Tyranitar|54/100
|-damage|p2b: Tyranitar|43/100
|-hitcount|p2b: Tyranitar|5
|-unboost|p1a: Dragonite|def|1
|-boost|p1a: Dragonite|spe|1
|move|p2a: Garchomp|Stomping Tantrum|p1b: Magmar
|-supereffective|p1b: Magmar
|-damage|p1b: Magmar|0 fnt
|faint|p1b: Magmar
|-damage|p2a: Garchomp|81/100|[from] item: Life Orb
|
|-weather|Sandstorm|[upkeep]
|-damage|p1a: Dragonite|94/100|[from] Sandstorm
|upkeep
|
|t:|1756954105
|switch|p1b: Annihilape|Annihilape, L50, F|100/100
|turn|4
|inactive|SelvesterTheYAK has 30 seconds left.
|
|t:|1756954133
|-terastallize|p1a: Dragonite|Fairy
|move|p1a: Dragonite|Scale Shot|p2a: Garchomp
|-resisted|p2a: Garchomp
|-damage|p2a: Garchomp|74/100
|-resisted|p2a: Garchomp
|-damage|p2a: Garchomp|68/100
|-resisted|p2a: Garchomp
|-damage|p2a: Garchomp|61/100
|-resisted|p2a: Garchomp
|-damage|p2a: Garchomp|54/100
|-hitcount|p2a: Garchomp|4
|-unboost|p1a: Dragonite|def|1
|-boost|p1a: Dragonite|spe|1
|move|p2a: Garchomp|Dragon Claw|p1a: Dragonite
|-immune|p1a: Dragonite
|move|p1b: Annihilape|Drain Punch|p2b: Tyranitar
|-supereffective|p2b: Tyranitar
|-damage|p2b: Tyranitar|0 fnt
|faint|p2b: Tyranitar
|
|-weather|Sandstorm|[upkeep]
|-damage|p1a: Dragonite|88/100|[from] Sandstorm
|-sideend|p2: SelvesterTheYAK|move: Tailwind
|upkeep
|
|t:|1756954156
|switch|p2b: Gholdengo|Gholdengo, L50|100/100
|turn|5
|
|t:|1756954172
|move|p1a: Dragonite|Protect|p1a: Dragonite
|-singleturn|p1a: Dragonite|Protect
|move|p2a: Garchomp|Protect|p2a: Garchomp
|-singleturn|p2a: Garchomp|Protect
|move|p2b: Gholdengo|Protect|p2b: Gholdengo
|-singleturn|p2b: Gholdengo|Protect
|move|p1b: Annihilape|Drain Punch|p2a: Garchomp
|-activate|p2a: Garchomp|move: Protect
|
|-weather|Sandstorm|[upkeep]
|-damage|p1a: Dragonite|82/100|[from] Sandstorm
|-sideend|p1: Fosa25|move: Tailwind
|upkeep
|turn|6
|
|t:|1756954197
|move|p1a: Dragonite|Tailwind|p1a: Dragonite
|-sidestart|p1: Fosa25|move: Tailwind
|move|p1b: Annihilape|Drain Punch|p2a: Garchomp
|-supereffective|p2a: Garchomp
|-damage|p2a: Garchomp|0 fnt
|faint|p2a: Garchomp
|move|p2b: Gholdengo|Shadow Ball|p1b: Annihilape
|-supereffective|p1b: Annihilape
|-damage|p1b: Annihilape|16/100
|
|-weather|Sandstorm|[upkeep]
|-damage|p1a: Dragonite|75/100|[from] Sandstorm
|upkeep
|
|t:|1756954207
|switch|p2a: Talonflame|Talonflame, L50, M|34/100
|turn|7
|
|t:|1756954215
|move|p1a: Dragonite|Scale Shot|p2a: Talonflame
|-damage|p2a: Talonflame|18/100
|-damage|p2a: Talonflame|1/100
|-damage|p2a: Talonflame|0 fnt
|faint|p2a: Talonflame
|-hitcount|p2: Talonflame|3
|-unboost|p1a: Dragonite|def|1
|-boost|p1a: Dragonite|spe|1
|move|p1b: Annihilape|Rage Fist|p2b: Gholdengo
|-supereffective|p2b: Gholdengo
|-damage|p2b: Gholdengo|0 fnt
|faint|p2b: Gholdengo
|
|win|Fosa25
||Fosa25 is ready for game 3.
|inactive|SelvesterTheYAK has 30 seconds to confirm battle start!
||SelvesterTheYAK is ready for game 3.
|uhtml|next|Next: Game 3 of 3
|l|☆Fosa25
|player|p1|
