|j|☆practicesemijrlman
|j|☆Goat Pincurchin
|html|practicesemijrlmanGoat Pincurchin    
|uhtml|bestof|Game 1 of a best-of-3
|t:|1757787782
|gametype|doubles
|player|p1|practicesemijrlman|102|1299
|player|p2|Goat Pincurchin|pokemonranger-gen4|1346
|gen|9
|tier|[Gen 9] VGC 2025 Reg H (Bo3)
|rated|
|rule|Species Clause: Limit one of each Pokémon
|rule|Item Clause: Limit 1 of each item
|clearpoke
|poke|p1|Sneasler, L50, M|
|poke|p1|Weavile, L50, M|
|poke|p1|Kleavor, L50, F|
|poke|p1|Scizor, L50, M|
|poke|p1|Politoed, L50, F|
|poke|p1|Poliwrath, L50, M|
|poke|p2|Gholdengo, L50|
|poke|p2|Annihilape, L50, M|
|poke|p2|Talonflame, L50, F|
|poke|p2|Ursaluna-Bloodmoon, L50, M|
|poke|p2|Rillaboom, L50, M|
|poke|p2|Ninetales-Alola, L50, F|
|teampreview|4
|showteam|p1|Sneasler||WhiteHerb|Unburden|DireClaw,CloseCombat,ThroatChop,Protect|||M|||50|,,,,,Dark]Weavile||FocusSash|Pickpocket|FakeOut,IceSpinner,KnockOff,Protect|||M|||50|,,,,,Stellar]Kleavor||AssaultVest|Sharpness|StoneAxe,XScissor,NightSlash,CloseCombat|||F|||50|,,,,,Water]Scizor||OccaBerry|Technician|BugBite,BulletPunch,SwordsDance,Protect|||M|||50|,,,,,Steel]Politoed||SitrusBerry|Drizzle|Whirlpool,PerishSong,WeatherBall,Protect|||F|||50|,,,,,Grass]Poliwrath||ClearAmulet|SwiftSwim|CloseCombat,Haze,Waterfall,Protect|||M|||50|,,,,,Water
|showteam|p2|Gholdengo||ChoiceSpecs|GoodasGold|MakeItRain,ShadowBall,Thunderbolt,Trick||||||50|,,,,,Steel]Annihilape||SafetyGoggles|Defiant|RageFist,CloseCombat,Taunt,FinalGambit|||M|||50|,,,,,Fire]Talonflame||LifeOrb|GaleWings|BraveBird,FlareBlitz,Protect,Tailwind|||F|||50|,,,,,Flying]Ursaluna-Bloodmoon||AssaultVest|MindsEye|BloodMoon,HyperVoice,EarthPower,VacuumWave|||M|||50|,,,,,Water]Rillaboom||MiracleSeed|GrassySurge|FakeOut,GrassyGlide,DrumBeating,HighHorsepower|||M|||50|,,,,,Fire]Ninetales-Alola||LightClay|SnowWarning|IcyWind,Moonblast,Protect,AuroraVeil|||F|||50|,,,,,Water
|inactive|Battle timer is ON: inactive players will automatically lose when time's up. (requested by practicesemijrlman)
|inactive|Goat Pincurchin also wants the timer to be on.
|inactive|Goat Pincurchin has 60 seconds left.
|inactive|Goat Pincurchin has 30 seconds left.
|
|t:|1757787849
|teamsize|p1|4
|teamsize|p2|4
|start
|switch|p1a: Weavile|Weavile, L50, M|100/100
|switch|p1b: Politoed|Politoed, L50, F|100/100
|switch|p2a: Gholdengo|Gholdengo, L50|100/100
|switch|p2b: Talonflame|Talonflame, L50, F|100/100
|-weather|RainDance|[from] ability: Drizzle|[of] p1b: Politoed
|turn|1
|
|t:|1757787870
|-terastallize|p2a: Gholdengo|Steel
|move|p2b: Talonflame|Protect|p2b: Talonflame
|-singleturn|p2b: Talonflame|Protect
|move|p1a: Weavile|Fake Out|p2b: Talonflame
|-activate|p2b: Talonflame|move: Protect
|move|p2a: Gholdengo|Make It Rain|p1b: Politoed|[spread] p1a,p1b
|-supereffective|p1a: Weavile
|-resisted|p1b: Politoed
|-enditem|p1a: Weavile|Focus Sash
|-damage|p1a: Weavile|1/100
|-damage|p1b: Politoed|61/100
|-unboost|p2a: Gholdengo|spa|1
|move|p1b: Politoed|Weather Ball|p2b: Talonflame
|-activate|p2b: Talonflame|move: Protect
|
|-weather|RainDance|[upkeep]
|upkeep
|turn|2
|
|t:|1757787892
|move|p1a: Weavile|Protect|p1a: Weavile
|-singleturn|p1a: Weavile|Protect
|move|p2b: Talonflame|Brave Bird|p1b: Politoed
|-damage|p1b: Politoed|0 fnt
|faint|p1b: Politoed
|-damage|p2b: Talonflame|74/100|[from] Recoil
|-damage|p2b: Talonflame|65/100|[from] item: Life Orb
|move|p2a: Gholdengo|Make It Rain|p1a: Weavile
|-activate|p1a: Weavile|move: Protect
|
|-weather|RainDance|[upkeep]
|upkeep
|
|t:|1757787905
|switch|p1b: Poliwrath|Poliwrath, L50, M|100/100
|turn|3
|
|t:|1757787916
|switch|p2b: Rillaboom|Rillaboom, L50, M|100/100
|-fieldstart|move: Grassy Terrain|[from] ability: Grassy Surge|[of] p2b: Rillaboom
|switch|p1a: Sneasler|Sneasler, L50, M|100/100
|move|p1b: Poliwrath|Waterfall|p2b: Rillaboom
|-resisted|p2b: Rillaboom
|-damage|p2b: Rillaboom|74/100
|move|p2a: Gholdengo|Make It Rain|p1b: Poliwrath|[spread] p1a,p1b
|-resisted|p1b: Poliwrath
|-damage|p1a: Sneasler|11/100
|-damage|p1b: Poliwrath|63/100
|-unboost|p2a: Gholdengo|spa|1
|
|-weather|RainDance|[upkeep]
|-heal|p1b: Poliwrath|69/100|[from] Grassy Terrain
|-heal|p1a: Sneasler|17/100|[from] Grassy Terrain
|-heal|p2b: Rillaboom|80/100|[from] Grassy Terrain
|upkeep
|turn|4
|
|t:|1757787937
|move|p1b: Poliwrath|Protect|p1b: Poliwrath
|-singleturn|p1b: Poliwrath|Protect
|move|p1a: Sneasler|Protect|p1a: Sneasler
|-singleturn|p1a: Sneasler|Protect
|move|p2b: Rillaboom|Grassy Glide|p1b: Poliwrath
|-activate|p1b: Poliwrath|move: Protect
|move|p2a: Gholdengo|Make It Rain|p1b: Poliwrath|[spread] 
|-activate|p1a: Sneasler|move: Protect
|-activate|p1b: Poliwrath|move: Protect
|
|-weather|RainDance|[upkeep]
|-heal|p1b: Poliwrath|75/100|[from] Grassy Terrain
|-heal|p1a: Sneasler|23/100|[from] Grassy Terrain
|-heal|p2b: Rillaboom|86/100|[from] Grassy Terrain
|upkeep
|turn|5
|
|t:|1757787950
|move|p2b: Rillaboom|Grassy Glide|p1b: Poliwrath
|-supereffective|p1b: Poliwrath
|-damage|p1b: Poliwrath|0 fnt
|faint|p1b: Poliwrath
|move|p1a: Sneasler|Dire Claw|p2b: Rillaboom
|-supereffective|p2b: Rillaboom
|-damage|p2b: Rillaboom|6/100
|-status|p2b: Rillaboom|psn
|move|p2a: Gholdengo|Make It Rain|p1a: Sneasler
|-damage|p1a: Sneasler|0 fnt
|-unboost|p2a: Gholdengo|spa|1
|faint|p1a: Sneasler
|
|-weather|none
|-heal|p2b: Rillaboom|12/100 psn|[from] Grassy Terrain
|-damage|p2b: Rillaboom|0 fnt|[from] psn
|faint|p2b: Rillaboom
|upkeep
|
|t:|1757787970
|switch|p2b: Annihilape|Annihilape, L50, M|100/100
|switch|p1b: Weavile|Weavile, L50, M|1/100
|turn|6
|
|t:|1757787980
|-terastallize|p1b: Weavile|Stellar
|move|p1b: Weavile|Knock Off|p2a: Gholdengo
|-damage|p2a: Gholdengo|16/100
|-enditem|p2a: Gholdengo|Choice Specs|[from] move: Knock Off|[of] p1b: Weavile
|move|p2b: Annihilape|Close Combat|p1b: Weavile
|-supereffective|p1b: Weavile
|-damage|p1b: Weavile|0 fnt
|-unboost|p2b: Annihilape|def|1
|-unboost|p2b: Annihilape|spd|1
|faint|p1b: Weavile
|
|win|Goat Pincurchin
||practicesemijrlman is ready for game 2.
||Goat Pincurchin is ready for game 2.
|uhtml|next|Next: Game 2 of 3
|l|☆practicesemijrlman
|player|p1|
|l|☆Goat Pincurchin
|player|p2|
