|j|☆LyricSum
|j|☆snailboss
|html|LyricSumsnailboss    
|uhtml|bestof|Game 3 of a best-of-3
|t:|1756670642
|gametype|doubles
|player|p1|LyricSum|veteran|1234
|player|p2|snailboss|102|1176
|gen|9
|tier|[Gen 9] VGC 2025 Reg H (Bo3)
|rated|
|rule|Species Clause: Limit one of each Pokémon
|rule|Item Clause: Limit 1 of each item
|clearpoke
|poke|p1|Krookodile, L50, M|
|poke|p1|Kommo-o, L50, F|
|poke|p1|Talonflame, L50, M|
|poke|p1|Sinistcha-Masterpiece, L50|
|poke|p1|Archaludon, L50, F|
|poke|p1|Primarina, L50, F|
|poke|p2|Zoroark-Hisui, L50, M|
|poke|p2|Tyranitar, L50, F|
|poke|p2|Excadrill, L50, F|
|poke|p2|Indeedee-F, L50, F|
|poke|p2|Gallade, L50, M|
|poke|p2|Talonflame, L50, M|
|teampreview|4
|showteam|p1|Krookodile||AssaultVest|Intimidate|KnockOff,Snarl,HighHorsepower,GunkShot|||M|||50|,,,,,Poison]Kommo-o||ThroatSpray|Overcoat|ClangorousSoul,ClangingScales,AuraSphere,Protect|||F|||50|,,,,,Steel]Talonflame||FocusSash|GaleWings|Tailwind,UpperHand,DualWingbeat,Taunt|||M|||50|,,,,,Ghost]Sinistcha-Masterpiece||SitrusBerry|Hospitality|MatchaGotcha,ShadowBall,RagePowder,LifeDew||||||50|,,,,,Fairy]Archaludon||PowerHerb|Stalwart|ElectroShot,Thunderbolt,DragonPulse,Protect|||F|||50|,,,,,Electric]Primarina||LifeOrb|LiquidVoice|HyperVoice,Moonblast,Haze,Protect|||F|||50|,,,,,Steel
|showteam|p2|Zoroark-Hisui||ChoiceSpecs|Illusion|HyperVoice,Flamethrower,ShadowBall,HyperBeam|||M|||50|,,,,,Normal]Tyranitar||AssaultVest|SandStream|RockSlide,KnockOff,LowKick,TeraBlast|||F|||50|,,,,,Flying]Excadrill||FocusSash|SandRush|IronHead,Protect,SwordsDance,Earthquake|||F|||50|,,,,,Ground]Indeedee-F||SafetyGoggles|PsychicSurge|TrickRoom,FollowMe,Psychic,HelpingHand|||F|||50|,,,,,Fairy]Gallade||ClearAmulet|Sharpness|PsychoCut,TrickRoom,WideGuard,SacredSword|||M|||50|,,,,,Grass]Talonflame||CovertCloak|GaleWings|Tailwind,BraveBird,FlareBlitz,Taunt|||M|||50|,,,,,Grass
|inactive|Battle timer is ON: inactive players will automatically lose when time's up. (requested by LyricSum)
|inactive|snailboss has 60 seconds left.
|
|t:|1756670686
|teamsize|p1|4
|teamsize|p2|4
|start
|switch|p1a: Talonflame|Talonflame, L50, M|100/100
|switch|p1b: Primarina|Primarina, L50, F|100/100
|switch|p2a: Alice|Tyranitar, L50, F|100/100
|switch|p2b: Alistair|Gallade, L50, M|100/100
|-weather|Sandstorm|[from] ability: Sand Stream|[of] p2a: Alice
|turn|1
|inactive|snailboss has 30 seconds left.
|
|t:|1756670712
|switch|p2b: Butter|Indeedee-F, L50, F|100/100
|-fieldstart|move: Psychic Terrain|[from] ability: Psychic Surge|[of] p2b: Butter
|-terastallize|p2a: Alice|Flying
|move|p1a: Talonflame|Tailwind|p1a: Talonflame
|-sidestart|p1: LyricSum|move: Tailwind
|move|p1b: Primarina|Moonblast|p2b: Butter
|-damage|p2b: Butter|42/100
|-unboost|p2b: Butter|spa|1
|-damage|p1b: Primarina|91/100|[from] item: Life Orb
|move|p2a: Alice|Rock Slide|p1b: Primarina|[spread] p1a,p1b
|-supereffective|p1a: Talonflame
|-enditem|p1a: Talonflame|Focus Sash
|-damage|p1a: Talonflame|1/100
|-damage|p1b: Primarina|53/100
|
|-weather|Sandstorm|[upkeep]
|-damage|p1a: Talonflame|0 fnt|[from] Sandstorm
|-damage|p1b: Primarina|47/100|[from] Sandstorm
|-damage|p2a: Alice|95/100|[from] Sandstorm
|faint|p1a: Talonflame
|upkeep
|
|t:|1756670717
|switch|p1a: Krookodile|Krookodile, L50, M|100/100
|-ability|p1a: Krookodile|Intimidate|boost
|-unboost|p2a: Alice|atk|1
|-unboost|p2b: Butter|atk|1
|turn|2
|inactive|snailboss has 30 seconds left.
|
|t:|1756670751
|move|p1b: Primarina|Protect|p1b: Primarina
|-singleturn|p1b: Primarina|Protect
|move|p1a: Krookodile|Knock Off|p2b: Butter
|-supereffective|p2b: Butter
|-damage|p2b: Butter|0 fnt
|-enditem|p2b: Butter|Safety Goggles|[from] move: Knock Off|[of] p1a: Krookodile
|faint|p2b: Butter
|move|p2a: Alice|Tera Blast|p1b: Primarina|[anim] Tera Blast Flying
|-activate|p1b: Primarina|move: Protect
|
|-weather|Sandstorm|[upkeep]
|-damage|p1b: Primarina|41/100|[from] Sandstorm
|-damage|p2a: Alice|89/100|[from] Sandstorm
|upkeep
|
|t:|1756670755
|switch|p2b: Alistair|Gallade, L50, M|100/100
|turn|3
|
|t:|1756670767
|switch|p2b: Dr. Drills|Excadrill, L50, F|100/100
|-terastallize|p1b: Primarina|Steel
|move|p1a: Krookodile|Knock Off|p2a: Alice
|-damage|p2a: Alice|55/100
|-enditem|p2a: Alice|Assault Vest|[from] move: Knock Off|[of] p1a: Krookodile
|move|p1b: Primarina|Moonblast|p2b: Dr. Drills
|-resisted|p2b: Dr. Drills
|-damage|p2b: Dr. Drills|58/100
|-unboost|p2b: Dr. Drills|spa|1
|-damage|p1b: Primarina|31/100|[from] item: Life Orb
|move|p2a: Alice|Tera Blast|p1b: Primarina|[anim] Tera Blast Flying
|-resisted|p1b: Primarina
|-damage|p1b: Primarina|16/100
|
|-weather|Sandstorm|[upkeep]
|-damage|p2a: Alice|49/100|[from] Sandstorm
|upkeep
|turn|4
|inactive|snailboss has 30 seconds left.
|
|t:|1756670793
|move|p2b: Dr. Drills|Protect|p2b: Dr. Drills
|-singleturn|p2b: Dr. Drills|Protect
|move|p1a: Krookodile|High Horsepower|p2b: Dr. Drills
|-activate|p2b: Dr. Drills|move: Protect
|move|p1b: Primarina|Moonblast|p2a: Alice
|-damage|p2a: Alice|0 fnt
|faint|p2a: Alice
|-damage|p1b: Primarina|6/100|[from] item: Life Orb
|
|-weather|Sandstorm|[upkeep]
|-sideend|p1: LyricSum|move: Tailwind
|upkeep
|
|t:|1756670801
|switch|p2a: Alistair|Gallade, L50, M|100/100
|turn|5
|
|t:|1756670821
|switch|p1a: Sinistcha|Sinistcha-Masterpiece, L50|100/100
|-heal|p1b: Primarina|31/100|[from] ability: Hospitality|[of] p1a: Sinistcha
|move|p2b: Dr. Drills|Iron Head|p1b: Primarina
|-resisted|p1b: Primarina
|-damage|p1b: Primarina|5/100
|move|p1b: Primarina|Moonblast|p2a: Alistair
|-supereffective|p2a: Alistair
|-damage|p2a: Alistair|0 fnt
|faint|p2a: Alistair
|-damage|p1b: Primarina|0 fnt|[from] item: Life Orb
|faint|p1b: Primarina
|
|-weather|none
|-fieldend|move: Psychic Terrain
|upkeep
|
|t:|1756670831
|switch|p1b: Krookodile|Krookodile, L50, M|100/100
|-ability|p1b: Krookodile|Intimidate|boost
|-unboost|p2b: Dr. Drills|atk|1
|turn|6
|c|☆snailboss|nice play
|c|☆snailboss|ggs
|-message|snailboss forfeited.
|
|win|LyricSum
|raw|LyricSum's rating: 1234 → 1255(+21 for winning)
|raw|snailboss's rating: 1176 → 1155(-21 for losing)
|c|☆LyricSum|gg
