|j|☆VenuDaAscoInRain
|j|☆ReactorX
|html|VenuDaAscoInRainReactorX    
|uhtml|bestof|Game 3 of a best-of-3
|t:|1783067216
|gametype|doubles
|player|p1|VenuDaAscoInRain|li|1160
|player|p2|ReactorX|alder|1146
|gen|9
|tier|[Gen 9 Champions] VGC 2026 Reg M-B (Bo3)
|rated|
|rule|Species Clause: Limit one of each Pokémon
|rule|Item Clause: Limit 1 of each item
|clearpoke
|poke|p1|Pelipper, L50, M, shiny|
|poke|p1|Swampert, L50, M|
|poke|p1|Archaludon, L50, M, shiny|
|poke|p1|Grimmsnarl, L50, M, shiny|
|poke|p1|Venusaur, L50, M, shiny|
|poke|p1|Sneasler, L50, M, shiny|
|poke|p2|Camerupt, L50, F, shiny|
|poke|p2|Farigiraf, L50, F, shiny|
|poke|p2|Incineroar, L50, M|
|poke|p2|Sylveon, L50, F|
|poke|p2|Rotom-Wash, L50|
|poke|p2|Mawile, L50, M|
|teampreview|4
|showteam|p1|Pelipper||FocusSash|Drizzle|WeatherBall,Hurricane,Tailwind,Protect|Modest||M|||50|]Swampert||Swampertite|Torrent|WaveCrash,IcePunch,HighHorsepower,Protect|Adamant||M|||50|]Archaludon||Leftovers|Stamina|ElectroShot,FlashCannon,DragonPulse,Protect|Modest||M|||50|]Grimmsnarl||RoseliBerry|Prankster|SpiritBreak,PartingShot,Reflect,LightScreen|Careful||M|||50|]Venusaur||Venusaurite|Chlorophyll|SludgeBomb,GigaDrain,EarthPower,SleepPowder|Modest||M|||50|]Sneasler||WhiteHerb|Unburden|DireClaw,CloseCombat,FakeOut,RockTomb|Jolly||M|||50|
|showteam|p2|Camerupt||Cameruptite|SolidRock|AncientPower,Protect,HeatWave,EarthPower|Quiet||F|||50|]Farigiraf||ColburBerry|ArmorTail|Imprison,TwinBeam,TrickRoom,Protect|Bold||F|||50|]Incineroar||PasshoBerry|Intimidate|PartingShot,FakeOut,ThroatChop,FlareBlitz|Sassy||M|||50|]Sylveon||FairyFeather|Pixilate|HyperBeam,HyperVoice,QuickAttack,Protect|Quiet||F|||50|]Rotom-Wash||ChoiceScarf|Levitate|HydroPump,VoltSwitch,Electroweb,Trick|Modest|||||50|]Mawile||Mawilite|HyperCutter|IronHead,PlayRough,SwordsDance,FireFang|Brave||M|||50|
|inactive|Battle timer is ON: inactive players will automatically lose when time's up. (requested by VenuDaAscoInRain)
|
|t:|1783067230
|teamsize|p1|4
|teamsize|p2|4
|start
|switch|p1a: Venusaur|Venusaur, L50, M, shiny|100/100
|switch|p1b: Pelipper|Pelipper, L50, M, shiny|100/100
|switch|p2a: Mimu|Farigiraf, L50, F, shiny|100/100
|switch|p2b: Disrupt|Incineroar, L50, M|100/100
|-weather|RainDance|[from] ability: Drizzle|[of] p1b: Pelipper
|-ability|p2b: Disrupt|Intimidate|boost
|-unboost|p1a: Venusaur|atk|1
|-unboost|p1b: Pelipper|atk|1
|turn|1
|
|t:|1783067240
|detailschange|p1a: Venusaur|Venusaur-Mega, L50, M, shiny
|-mega|p1a: Venusaur|Venusaur|Venusaurite
|move|p2b: Disrupt|Fake Out|p1a: Venusaur
|-crit|p1a: Venusaur
|-damage|p1a: Venusaur|85/100
|move|p1b: Pelipper|Weather Ball|p2a: Mimu
|-damage|p2a: Mimu|33/100
|cant|p1a: Venusaur|flinch
|move|p2a: Mimu|Trick Room|p2a: Mimu
|-fieldstart|move: Trick Room|[of] p2a: Mimu
|
|-weather|RainDance|[upkeep]
|upkeep
|turn|2
|
|t:|1783067250
|move|p2b: Disrupt|Flare Blitz|p1a: Venusaur
|-supereffective|p1a: Venusaur|1
|-damage|p1a: Venusaur|68/100
|-damage|p2b: Disrupt|94/100|[from] Recoil
|move|p2a: Mimu|Twin Beam|p1a: Venusaur
|-supereffective|p1a: Venusaur|1
|-crit|p1a: Venusaur
|-damage|p1a: Venusaur|29/100
|-supereffective|p1a: Venusaur|1
|-damage|p1a: Venusaur|3/100
|-hitcount|p1a: Venusaur|2
|move|p1a: Venusaur|Sleep Powder|p2a: Mimu
|-status|p2a: Mimu|slp|[from] move: Sleep Powder
|move|p1b: Pelipper|Weather Ball|p2b: Disrupt
|-supereffective|p2b: Disrupt|1
|-enditem|p2b: Disrupt|Passho Berry|[eat]
|-enditem|p2b: Disrupt|Passho Berry|[weaken]
|-damage|p2b: Disrupt|36/100
|
|-weather|RainDance|[upkeep]
|upkeep
|turn|3
|
|t:|1783067272
|switch|p1a: Grimmsnarl|Grimmsnarl, L50, M, shiny|100/100
|move|p2b: Disrupt|Throat Chop|p1b: Pelipper
|-damage|p1b: Pelipper|55/100
|-start|p1b: Pelipper|Throat Chop|[silent]
|cant|p2a: Mimu|slp
|move|p1b: Pelipper|Weather Ball|p2a: Mimu
|-crit|p2a: Mimu
|-damage|p2a: Mimu|0 fnt
|faint|p2a: Mimu
|
|-weather|RainDance|[upkeep]
|upkeep
|
|t:|1783067282
|switch|p2a: Sylveon|Sylveon, L50, F|100/100
|turn|4
|
|t:|1783067289
|switch|p2b: Yellowstone|Camerupt, L50, F, shiny|100/100
|move|p1b: Pelipper|Protect|p1b: Pelipper
|-singleturn|p1b: Pelipper|Protect
|move|p1a: Grimmsnarl|Light Screen|p1a: Grimmsnarl
|-sidestart|p1: VenuDaAscoInRain|move: Light Screen
|move|p2a: Sylveon|Hyper Voice|p1a: Grimmsnarl|[spread] p1a
|-activate|p1b: Pelipper|move: Protect
|-supereffective|p1a: Grimmsnarl|1
|-enditem|p1a: Grimmsnarl|Roseli Berry|[eat]
|-enditem|p1a: Grimmsnarl|Roseli Berry|[weaken]
|-damage|p1a: Grimmsnarl|73/100
|
|-weather|RainDance|[upkeep]
|-end|p1b: Pelipper|Throat Chop|[silent]
|upkeep
|turn|5
|
|t:|1783067313
|switch|p1b: Venusaur|Venusaur-Mega, L50, M, shiny|3/100
|detailschange|p2b: Yellowstone|Camerupt-Mega, L50, F, shiny
|-mega|p2b: Yellowstone|Camerupt|Cameruptite
|move|p2b: Yellowstone|Ancient Power|p1b: Venusaur
|-damage|p1b: Venusaur|0 fnt
|faint|p1b: Venusaur
|move|p2a: Sylveon|Hyper Voice|p1a: Grimmsnarl
|-supereffective|p1a: Grimmsnarl|1
|-damage|p1a: Grimmsnarl|0 fnt
|faint|p1a: Grimmsnarl
|
|-weather|none
|-fieldend|move: Trick Room
|upkeep
|
|t:|1783067323
|switch|p1b: Pelipper|Pelipper, L50, M, shiny|55/100
|switch|p1a: Archaludon|Archaludon, L50, M, shiny|100/100
|-weather|RainDance|[from] ability: Drizzle|[of] p1b: Pelipper
|turn|6
|
|t:|1783067344
|move|p2b: Yellowstone|Protect|p2b: Yellowstone
|-singleturn|p2b: Yellowstone|Protect
|move|p1b: Pelipper|Weather Ball|p2b: Yellowstone
|-activate|p2b: Yellowstone|move: Protect
|move|p1a: Archaludon|Electro Shot||[still]
|-prepare|p1a: Archaludon|Electro Shot
|-boost|p1a: Archaludon|spa|1
|-anim|p1a: Archaludon|Electro Shot|p2a: Sylveon
|-damage|p2a: Sylveon|54/100
|move|p2a: Sylveon|Hyper Voice|p1a: Archaludon|[spread] p1a,p1b
|-damage|p1a: Archaludon|64/100
|-damage|p1b: Pelipper|0 fnt
|-ability|p1a: Archaludon|Stamina|boost
|-boost|p1a: Archaludon|def|1
|faint|p1b: Pelipper
|
|-weather|RainDance|[upkeep]
|-heal|p1a: Archaludon|70/100|[from] item: Leftovers
|upkeep
|turn|7
|
|t:|1783067360
|move|p1a: Archaludon|Dragon Pulse|p2b: Yellowstone
|-damage|p2b: Yellowstone|39/100
|move|p2a: Sylveon|Hyper Beam|p1a: Archaludon|[miss]
|-miss|p2a: Sylveon|p1a: Archaludon
|move|p2b: Yellowstone|Earth Power|p1a: Archaludon
|-supereffective|p1a: Archaludon|1
|-damage|p1a: Archaludon|0 fnt
|faint|p1a: Archaludon
|
|win|ReactorX
|raw|VenuDaAscoInRain's rating: 1137 → 1113(-24 for losing)
|raw|ReactorX's rating: 1146 → 1170(+24 for winning)
