|j|☆elmono11
|j|☆Can I pet the dog?
|html|elmono11Can I pet the dog?    
|uhtml|bestof|Game 2 of a best-of-3
|t:|1785188704
|gametype|doubles
|player|p1|elmono11|101|1443
|player|p2|Can I pet the dog?|169|1386
|gen|9
|tier|[Gen 9 Champions] VGC 2026 Reg M-B (Bo3)
|rated|
|rule|Species Clause: Limit one of each Pokémon
|rule|Item Clause: Limit 1 of each item
|clearpoke
|poke|p1|Staraptor, L50, F|
|poke|p1|Glimmora, L50, M|
|poke|p1|Whimsicott, L50, F|
|poke|p1|Kingambit, L50, M|
|poke|p1|Garchomp, L50, M|
|poke|p1|Delphox, L50, F|
|poke|p2|Froslass, L50, F|
|poke|p2|Glimmora, L50, M|
|poke|p2|Incineroar, L50, F|
|poke|p2|Kommo-o, L50, F|
|poke|p2|Basculegion, L50, M|
|poke|p2|Kingambit, L50, M|
|teampreview|4
|showteam|p1|Staraptor||Staraptite|Intimidate|CloseCombat,BraveBird,Roost,Protect|Jolly||F|||50|]Glimmora||FocusSash|ToxicDebris|PowerGem,SludgeBomb,EarthPower,SpikyShield|Modest||M|||50|]Whimsicott||OccaBerry|Prankster|Tailwind,Moonblast,Charm,LightScreen|Timid||F|||50|]Kingambit||ChopleBerry|Defiant|KowtowCleave,IronHead,LowKick,SuckerPunch|Adamant||M|||50|]Garchomp||LifeOrb|RoughSkin|Earthquake,DragonClaw,RockSlide,Protect|Jolly||M|||50|]Delphox||Delphoxite|Blaze|HeatWave,Psychic,Substitute,Protect|Modest||F|||50|
|showteam|p2|Froslass||Froslassite|SnowCloak|Blizzard,ShadowBall,Thunderbolt,Protect|Timid||F|||50|]Glimmora||FocusSash|ToxicDebris|PowerGem,SludgeBomb,EarthPower,SpikyShield|Timid||M|||50|]Incineroar||SitrusBerry|Intimidate|FlareBlitz,ThroatChop,PartingShot,FakeOut|Impish||F|||50|]Kommo-o||Leftovers|Soundproof|ClangingScales,ClangorousSoul,AuraSphere,Protect|Timid||F|||50|]Basculegion||ChoiceScarf|Adaptability|WaveCrash,FlipTurn,AquaJet,LastRespects|Jolly||M|||50|]Kingambit||LifeOrb|Defiant|KowtowCleave,SuckerPunch,IronHead,Protect|Adamant||M|||50|
|inactive|Battle timer is ON: inactive players will automatically lose when time's up. (requested by elmono11)
|inactive|elmono11 has 60 seconds left.
|inactive|Can I pet the dog? has 60 seconds left.
|inactive|elmono11 has 30 seconds left.
|inactive|elmono11 has 20 seconds left.
|inactive|elmono11 has 15 seconds left.
|inactive|elmono11 has 10 seconds left.
|
|t:|1785188785
|teamsize|p1|4
|teamsize|p2|4
|start
|switch|p1a: Delphox|Delphox, L50, F|100/100
|switch|p1b: Kingambit|Kingambit, L50, M|100/100
|switch|p2a: Froslass|Froslass, L50, F|100/100
|switch|p2b: Glimmora|Glimmora, L50, M|100/100
|turn|1
|inactive|elmono11 has 30 seconds left.
|inactive|Can I pet the dog? has 30 seconds left.
|inactive|elmono11 has 20 seconds left.
|
|t:|1785188821
|detailschange|p2a: Froslass|Froslass-Mega, L50, F
|-mega|p2a: Froslass|Froslass|Froslassite
|-weather|Snowscape|[from] ability: Snow Warning|[of] p2a: Froslass
|move|p1a: Delphox|Protect|p1a: Delphox
|-singleturn|p1a: Delphox|Protect
|move|p2a: Froslass|Thunderbolt|p1b: Kingambit
|-damage|p1b: Kingambit|69/100
|move|p2b: Glimmora|Earth Power|p1b: Kingambit
|-supereffective|p1b: Kingambit|1
|-damage|p1b: Kingambit|12/100
|move|p1b: Kingambit|Iron Head|p2b: Glimmora
|-supereffective|p2b: Glimmora|1
|-enditem|p2b: Glimmora|Focus Sash
|-damage|p2b: Glimmora|1/100
|-activate|p2b: Glimmora|ability: Toxic Debris
|-sidestart|p1: elmono11|move: Toxic Spikes
|
|-weather|Snowscape|[upkeep]
|upkeep
|turn|2
|inactive|Can I pet the dog? has 30 seconds left.
|inactive|Can I pet the dog? has 20 seconds left.
|
|t:|1785188861
|switch|p2b: Incineroar|Incineroar, L50, F|100/100
|-ability|p2b: Incineroar|Intimidate|boost
|-unboost|p1a: Delphox|atk|1
|-unboost|p1b: Kingambit|atk|1
|-ability|p1b: Kingambit|Defiant|boost
|-boost|p1b: Kingambit|atk|2
|switch|p1b: Whimsicott|Whimsicott, L50, F|100/100
|-status|p1b: Whimsicott|psn
|detailschange|p1a: Delphox|Delphox-Mega, L50, F
|-mega|p1a: Delphox|Delphox|Delphoxite
|move|p2a: Froslass|Protect|p2a: Froslass
|-singleturn|p2a: Froslass|Protect
|move|p1a: Delphox|Heat Wave|p2a: Froslass|[spread] p2b
|-activate|p2a: Froslass|move: Protect
|-resisted|p2b: Incineroar|1
|-damage|p2b: Incineroar|79/100
|
|-weather|Snowscape|[upkeep]
|-damage|p1b: Whimsicott|87/100 psn|[from] psn
|upkeep
|turn|3
|inactive|elmono11 has 30 seconds left.
|
|t:|1785188891
|move|p2b: Incineroar|Fake Out|p1b: Whimsicott
|-damage|p1b: Whimsicott|77/100 psn
|cant|p1b: Whimsicott|flinch
|move|p2a: Froslass|Shadow Ball|p1a: Delphox
|-supereffective|p1a: Delphox|1
|-damage|p1a: Delphox|26/100
|move|p1a: Delphox|Heat Wave|p2b: Incineroar|[spread] p2b
|-miss|p1a: Delphox|p2a: Froslass
|-resisted|p2b: Incineroar|1
|-damage|p2b: Incineroar|59/100
|
|-weather|Snowscape|[upkeep]
|-damage|p1b: Whimsicott|65/100 psn|[from] psn
|upkeep
|turn|4
|inactive|elmono11 has 30 seconds left.
|inactive|elmono11 has 20 seconds left.
|
|t:|1785188927
|switch|p2a: Basculegion|Basculegion, L50, M|100/100
|move|p1a: Delphox|Protect|p1a: Delphox
|-singleturn|p1a: Delphox|Protect
|move|p1b: Whimsicott|Tailwind|p1b: Whimsicott
|-sidestart|p1: elmono11|move: Tailwind
|move|p2b: Incineroar|Throat Chop|p1a: Delphox
|-activate|p1a: Delphox|move: Protect
|
|-weather|Snowscape|[upkeep]
|-damage|p1b: Whimsicott|53/100 psn|[from] psn
|upkeep
|turn|5
|inactive|elmono11 has 30 seconds left.
|
|t:|1785188953
|switch|p1a: Kingambit|Kingambit, L50, M|12/100
|move|p1b: Whimsicott|Moonblast|p2a: Basculegion
|-damage|p2a: Basculegion|69/100
|move|p2a: Basculegion|Flip Turn|p1a: Kingambit
|-damage|p1a: Kingambit|0 fnt
|faint|p1a: Kingambit
|
|t:|1785188965
|switch|p2a: Glimmora|Glimmora, L50, M|1/100|[from] Flip Turn
|move|p2b: Incineroar|Flare Blitz|p1b: Whimsicott
|-supereffective|p1b: Whimsicott|1
|-enditem|p1b: Whimsicott|Occa Berry|[eat]
|-enditem|p1b: Whimsicott|Occa Berry|[weaken]
|-damage|p1b: Whimsicott|3/100 psn
|-damage|p2b: Incineroar|46/100|[from] Recoil
|-enditem|p2b: Incineroar|Sitrus Berry|[eat]
|-heal|p2b: Incineroar|70/100|[from] item: Sitrus Berry
|
|-weather|none
|-damage|p1b: Whimsicott|0 fnt|[from] psn
|faint|p1b: Whimsicott
|upkeep
|
|t:|1785188968
|switch|p1b: Glimmora|Glimmora, L50, M|100/100
|switch|p1a: Delphox|Delphox-Mega, L50, F|26/100
|-sideend|p1: elmono11|move: Toxic Spikes|[of] p1b: Glimmora
|turn|6
|inactive|Can I pet the dog? has 30 seconds left.
|
|t:|1785189001
|move|p2a: Glimmora|Spiky Shield|p2a: Glimmora
|-singleturn|p2a: Glimmora|move: Protect
|move|p1a: Delphox|Substitute|p1a: Delphox
|-start|p1a: Delphox|Substitute
|-damage|p1a: Delphox|1/100
|move|p1b: Glimmora|Power Gem|p2b: Incineroar
|-supereffective|p2b: Incineroar|1
|-damage|p2b: Incineroar|0 fnt
|faint|p2b: Incineroar
|
|upkeep
|
|t:|1785189015
|switch|p2b: Froslass|Froslass-Mega, L50, F|100/100
|-weather|Snowscape|[from] ability: Snow Warning|[of] p2b: Froslass
|turn|7
|inactive|elmono11 has 30 seconds left.
|inactive|elmono11 has 20 seconds left.
|
|t:|1785189053
|move|p1a: Delphox|Protect|p1a: Delphox
|-singleturn|p1a: Delphox|Protect
|move|p2b: Froslass|Protect|p2b: Froslass
|-singleturn|p2b: Froslass|Protect
|move|p1b: Glimmora|Power Gem|p2b: Froslass
|-activate|p2b: Froslass|move: Protect
|move|p2a: Glimmora|Power Gem|p1b: Glimmora
|-damage|p1b: Glimmora|42/100
|
|-weather|Snowscape|[upkeep]
|-sideend|p1: elmono11|move: Tailwind
|upkeep
|turn|8
|inactive|elmono11 has 30 seconds left.
|inactive|elmono11 has 20 seconds left.
|inactive|Can I pet the dog? has 30 seconds left.
|inactive|elmono11 has 15 seconds left.
|inactive|elmono11 has 10 seconds left.
|inactive|elmono11 has 5 seconds left.
|inactive|Can I pet the dog? has 20 seconds left.
|inactive|Can I pet the dog? has 15 seconds left.
|inactive|Can I pet the dog? has 10 seconds left.
|inactive|Can I pet the dog? has 5 seconds left.
|
|t:|1785189120
|move|p1b: Glimmora|Spiky Shield|p1b: Glimmora
|-singleturn|p1b: Glimmora|move: Protect
|move|p2b: Froslass|Blizzard|p1a: Delphox|[spread] p1a
|-activate|p1b: Glimmora|move: Protect
|-resisted|p1a: Delphox|1
|-activate|p1a: Delphox|move: Substitute|[damage]
|move|p1a: Delphox|Heat Wave|p2a: Glimmora|[spread] p2a,p2b
|-resisted|p2a: Glimmora|1
|-supereffective|p2b: Froslass|1
|-damage|p2a: Glimmora|0 fnt
|-damage|p2b: Froslass|0 fnt
|faint|p2a: Glimmora
|faint|p2b: Froslass
|
|-weather|Snowscape|[upkeep]
|upkeep
|
|t:|1785189131
|switch|p2a: Basculegion|Basculegion, L50, M|69/100
|turn|9
|
|t:|1785189139
|move|p2a: Basculegion|Aqua Jet|p1b: Glimmora
|-supereffective|p1b: Glimmora|1
|-crit|p1b: Glimmora
|-damage|p1b: Glimmora|0 fnt
|-activate|p1b: Glimmora|ability: Toxic Debris
|-sidestart|p2: Can I pet the dog?|move: Toxic Spikes
|faint|p1b: Glimmora
|move|p1a: Delphox|Psychic|p2a: Basculegion
|-damage|p2a: Basculegion|0 fnt
|faint|p2a: Basculegion
|
|win|elmono11
