|j|☆pikatrod
|j|☆sille rovert
|html|pikatrodsille rovert    
|uhtml|bestof|Game 1 of a best-of-3
|t:|1782247541
|gametype|doubles
|player|p1|pikatrod|170|1339
|player|p2|sille rovert|trevor|1293
|gen|9
|tier|[Gen 9 Champions] VGC 2026 Reg M-B (Bo3)
|rated|
|rule|Species Clause: Limit one of each Pokémon
|rule|Item Clause: Limit 1 of each item
|clearpoke
|poke|p1|Whimsicott, L50, M|
|poke|p1|Torkoal, L50, M|
|poke|p1|Pyroar, L50, F|
|poke|p1|Farigiraf, L50, M|
|poke|p1|Scrafty, L50, M|
|poke|p1|Basculegion, L50, M|
|poke|p2|Ceruledge, L50, M|
|poke|p2|Staraptor, L50, F|
|poke|p2|Froslass, L50, F|
|poke|p2|Toxapex, L50, F|
|poke|p2|Incineroar, L50, F|
|poke|p2|Garchomp, L50, F|
|teampreview|4
|showteam|p1|Whimsicott||FairyFeather|Prankster|Tailwind,Moonblast,Protect,SunnyDay|Timid||M|||50|]Torkoal||Charcoal|Drought|Eruption,WeatherBall,HelpingHand,Protect|Quiet||M|||50|]Pyroar||Pyroarite|Unnerve|HeatWave,Overheat,SolarBeam,Protect|Timid||F|||50|]Farigiraf||SitrusBerry|ArmorTail|TrickRoom,Protect,HelpingHand,Psychic|Quiet||M|||50|]Scrafty||Scraftinite|Intimidate|FakeOut,IcePunch,KnockOff,CloseCombat|Brave||M|||50|]Basculegion||FocusSash|Adaptability|LastRespects,Liquidation,AquaJet,Protect|Adamant||M|||50|
|showteam|p2|Ceruledge||ColburBerry|FlashFire|BitterBlade,ShadowSneak,SwordsDance,Protect|Adamant||M|||50|]Staraptor||Staraptite|Intimidate|CloseCombat,BraveBird,Roost,Protect|Adamant||F|||50|]Froslass||Froslassite|SnowCloak|Blizzard,ShadowBall,AuroraVeil,Protect|Modest||F|||50|]Toxapex||Leftovers|Regenerator|Toxic,Infestation,BanefulBunker,WideGuard|Impish||F|||50|]Incineroar||SitrusBerry|Intimidate|FlareBlitz,ThroatChop,PartingShot,FakeOut|Careful||F|||50|]Garchomp||LifeOrb|RoughSkin|Earthquake,DragonClaw,RockSlide,Protect|Jolly||F|||50|
|inactive|Battle timer is ON: inactive players will automatically lose when time's up. (requested by sille rovert)
|inactive|pikatrod has 60 seconds left.
|
|t:|1782247610
|teamsize|p1|4
|teamsize|p2|4
|start
|switch|p1a: Pyroar|Pyroar, L50, F|100/100
|switch|p1b: Farigiraf|Farigiraf, L50, M|100/100
|switch|p2a: Toxapex|Toxapex, L50, F|100/100
|switch|p2b: Incineroar|Incineroar, L50, F|100/100
|-ability|p1a: Pyroar|Unnerve
|-ability|p2b: Incineroar|Intimidate|boost
|-unboost|p1a: Pyroar|atk|1
|-unboost|p1b: Farigiraf|atk|1
|turn|1
|
|t:|1782247632
|detailschange|p1a: Pyroar|Pyroar-Mega, L50, F
|-mega|p1a: Pyroar|Pyroar|Pyroarite
|move|p2a: Toxapex|Baneful Bunker|p2a: Toxapex
|-singleturn|p2a: Toxapex|move: Protect
|move|p1a: Pyroar|Overheat|p2a: Toxapex
|-activate|p2a: Toxapex|move: Protect
|move|p2b: Incineroar|Parting Shot|p1b: Farigiraf
|-unboost|p1b: Farigiraf|atk|1
|-unboost|p1b: Farigiraf|spa|1
|
|t:|1782247638
|switch|p2b: Ceruledge|Ceruledge, L50, M|100/100|[from] Parting Shot
|move|p1b: Farigiraf|Psychic|p2a: Toxapex
|-activate|p2a: Toxapex|move: Protect
|
|upkeep
|turn|2
|
|t:|1782247655
|switch|p1a: Basculegion|Basculegion, L50, M|100/100
|switch|p2a: Incineroar|Incineroar, L50, F|100/100
|-ability|p2a: Incineroar|Intimidate|boost
|-unboost|p1a: Basculegion|atk|1
|-unboost|p1b: Farigiraf|atk|1
|move|p2b: Ceruledge|Swords Dance|p2b: Ceruledge
|-boost|p2b: Ceruledge|atk|2
|move|p1b: Farigiraf|Psychic|p2b: Ceruledge
|-damage|p2b: Ceruledge|68/100
|
|upkeep
|turn|3
|
|t:|1782247666
|move|p2b: Ceruledge|Protect|p2b: Ceruledge
|-singleturn|p2b: Ceruledge|Protect
|move|p1a: Basculegion|Protect|p1a: Basculegion
|-singleturn|p1a: Basculegion|Protect
|move|p2a: Incineroar|Throat Chop|p1a: Basculegion
|-activate|p1a: Basculegion|move: Protect
|move|p1b: Farigiraf|Psychic|p2b: Ceruledge
|-activate|p2b: Ceruledge|move: Protect
|
|upkeep
|turn|4
|
|t:|1782247682
|move|p1b: Farigiraf|Helping Hand|p1a: Basculegion
|-singleturn|p1a: Basculegion|Helping Hand|[of] p1b: Farigiraf
|move|p2b: Ceruledge|Bitter Blade|p1a: Basculegion
|-resisted|p1a: Basculegion|1
|-damage|p1a: Basculegion|35/100
|-heal|p2b: Ceruledge|100/100|[from] drain|[of] p1a: Basculegion
|move|p1a: Basculegion|Liquidation|p2a: Incineroar
|-supereffective|p2a: Incineroar|1
|-damage|p2a: Incineroar|0 fnt
|faint|p2a: Incineroar
|
|upkeep
|
|t:|1782247694
|switch|p2a: Toxapex|Toxapex, L50, F|100/100
|turn|5
|
|t:|1782247710
|switch|p1a: Pyroar|Pyroar-Mega, L50, F|100/100
|move|p2b: Ceruledge|Bitter Blade|p1a: Pyroar
|-resisted|p1a: Pyroar|1
|-damage|p1a: Pyroar|49/100
|move|p1b: Farigiraf|Psychic|p2a: Toxapex
|-supereffective|p2a: Toxapex|1
|-crit|p2a: Toxapex
|-damage|p2a: Toxapex|0 fnt
|faint|p2a: Toxapex
|
|upkeep
|
|t:|1782247714
|switch|p2a: Froslass|Froslass, L50, F|100/100
|turn|6
|
|t:|1782247733
|move|p2a: Froslass|Protect|p2a: Froslass
|-singleturn|p2a: Froslass|Protect
|move|p1a: Pyroar|Overheat|p2a: Froslass
|-activate|p2a: Froslass|move: Protect
|move|p2b: Ceruledge|Swords Dance|p2b: Ceruledge
|-boost|p2b: Ceruledge|atk|2
|move|p1b: Farigiraf|Trick Room|p1b: Farigiraf
|-fieldstart|move: Trick Room|[of] p1b: Farigiraf
|
|upkeep
|turn|7
|
|t:|1782247751
|detailschange|p2a: Froslass|Froslass-Mega, L50, F
|-mega|p2a: Froslass|Froslass|Froslassite
|-weather|Snowscape|[from] ability: Snow Warning|[of] p2a: Froslass
|move|p1b: Farigiraf|Protect|p1b: Farigiraf
|-singleturn|p1b: Farigiraf|Protect
|move|p2b: Ceruledge|Bitter Blade|p1b: Farigiraf
|-activate|p1b: Farigiraf|move: Protect
|move|p2a: Froslass|Aurora Veil|p2a: Froslass
|-sidestart|p2: sille rovert|move: Aurora Veil
|move|p1a: Pyroar|Overheat|p2a: Froslass
|-supereffective|p2a: Froslass|1
|-damage|p2a: Froslass|0 fnt
|-unboost|p1a: Pyroar|spa|2
|faint|p2a: Froslass
|
|-weather|Snowscape|[upkeep]
|upkeep
|turn|8
|
|t:|1782247771
|switch|p1b: Torkoal|Torkoal, L50, M|100/100
|-weather|SunnyDay|[from] ability: Drought|[of] p1b: Torkoal
|move|p2b: Ceruledge|Bitter Blade|p1b: Torkoal
|-resisted|p1b: Torkoal|1
|-damage|p1b: Torkoal|15/100
|move|p1a: Pyroar|Solar Beam||[still]
|-prepare|p1a: Pyroar|Solar Beam
|-anim|p1a: Pyroar|Solar Beam|p2b: Ceruledge
|-resisted|p2b: Ceruledge|1
|-damage|p2b: Ceruledge|93/100
|
|-weather|SunnyDay|[upkeep]
|upkeep
|turn|9
|
|t:|1782247790
|switch|p1b: Basculegion|Basculegion, L50, M|35/100
|move|p1a: Pyroar|Protect|p1a: Pyroar
|-singleturn|p1a: Pyroar|Protect
|move|p2b: Ceruledge|Swords Dance|p2b: Ceruledge
|-boost|p2b: Ceruledge|atk|2
|
|-weather|SunnyDay|[upkeep]
|upkeep
|turn|10
|inactive|pikatrod has 30 seconds left.
|
|t:|1782247818
|switch|p1a: Farigiraf|Farigiraf, L50, M|100/100
|move|p2b: Ceruledge|Protect|p2b: Ceruledge
|-singleturn|p2b: Ceruledge|Protect
|move|p1b: Basculegion|Liquidation|p2b: Ceruledge
|-activate|p2b: Ceruledge|move: Protect
|
|-weather|SunnyDay|[upkeep]
|-fieldend|move: Trick Room
|upkeep
|turn|11
|inactive|pikatrod has 30 seconds left.
|
|t:|1782247849
|switch|p1b: Torkoal|Torkoal, L50, M|15/100
|move|p1a: Farigiraf|Protect|p1a: Farigiraf
|-singleturn|p1a: Farigiraf|Protect
|move|p2b: Ceruledge|Bitter Blade|p1a: Farigiraf
|-activate|p1a: Farigiraf|move: Protect
|
|-weather|SunnyDay|[upkeep]
|-sideend|p2: sille rovert|move: Aurora Veil
|upkeep
|turn|12
|
|t:|1782247863
|switch|p1a: Pyroar|Pyroar-Mega, L50, F|49/100
|move|p1b: Torkoal|Helping Hand|p1a: Pyroar
|-singleturn|p1a: Pyroar|Helping Hand|[of] p1b: Torkoal
|move|p2b: Ceruledge|Bitter Blade|p1a: Pyroar
|-resisted|p1a: Pyroar|1
|-damage|p1a: Pyroar|0 fnt
|-heal|p2b: Ceruledge|100/100|[from] drain|[of] p1a: Pyroar
|faint|p1a: Pyroar
|
|-weather|none
|upkeep
|
|t:|1782247882
|switch|p1a: Farigiraf|Farigiraf, L50, M|100/100
|turn|13
|
|t:|1782247891
|switch|p1b: Basculegion|Basculegion, L50, M|35/100
|move|p1a: Farigiraf|Protect|p1a: Farigiraf
|-singleturn|p1a: Farigiraf|Protect
|move|p2b: Ceruledge|Bitter Blade|p1a: Farigiraf
|-activate|p1a: Farigiraf|move: Protect
|
|upkeep
|turn|14
|
|t:|1782247906
|move|p1b: Basculegion|Aqua Jet|p2b: Ceruledge
|-supereffective|p2b: Ceruledge|1
|-damage|p2b: Ceruledge|27/100
|move|p2b: Ceruledge|Bitter Blade|p1b: Basculegion
|-resisted|p1b: Basculegion|1
|-damage|p1b: Basculegion|0 fnt
|-heal|p2b: Ceruledge|48/100|[from] drain|[of] p1b: Basculegion
|faint|p1b: Basculegion
|move|p1a: Farigiraf|Trick Room|p1a: Farigiraf
|-fieldstart|move: Trick Room|[of] p1a: Farigiraf
|
|upkeep
|
|t:|1782247913
|switch|p1b: Torkoal|Torkoal, L50, M|15/100
|-weather|SunnyDay|[from] ability: Drought|[of] p1b: Torkoal
|turn|15
|
|t:|1782247918
|move|p1b: Torkoal|Helping Hand|p1a: Farigiraf
|-singleturn|p1a: Farigiraf|Helping Hand|[of] p1b: Torkoal
|move|p1a: Farigiraf|Psychic|p2b: Ceruledge
|-damage|p2b: Ceruledge|0 fnt
|faint|p2b: Ceruledge
|
|win|pikatrod
||sille rovert is ready for game 2.
||pikatrod is ready for game 2.
|uhtml|next|Next: Game 2 of 3
|l|☆sille rovert
|player|p2|
