|j|☆Sonja Hilmer
|j|☆gortland
|html|Sonja Hilmergortland    
|uhtml|bestof|Game 2 of a best-of-3
|t:|1755656849
|gametype|doubles
|player|p1|Sonja Hilmer|lady|1532
|player|p2|gortland|winona|1424
|gen|9
|tier|[Gen 9] VGC 2025 Reg H (Bo3)
|rated|
|rule|Species Clause: Limit one of each Pokémon
|rule|Item Clause: Limit 1 of each item
|clearpoke
|poke|p1|Dachsbun, L50, M|
|poke|p1|Typhlosion-Hisui, L50, F|
|poke|p1|Kingambit, L50, M|
|poke|p1|Whimsicott, L50, F|
|poke|p1|Rillaboom, L50, M|
|poke|p1|Torkoal, L50, M|
|poke|p2|Ninetales-Alola, L50, M|
|poke|p2|Ursaluna-Bloodmoon, L50, M|
|poke|p2|Gholdengo, L50|
|poke|p2|Amoonguss, L50, M|
|poke|p2|Annihilape, L50, F|
|poke|p2|Dragonite, L50, F|
|teampreview|4
|showteam|p1|Dachsbun||Leftovers|WellBakedBody|BodyPress,Snarl,HelpingHand,Protect|||M|||50|,,,,,Steel]Typhlosion-Hisui||ChoiceSpecs|Blaze|Eruption,LavaPlume,WillOWisp,ShadowBall|||F|||50|,,,,,Fire]Kingambit||SafetyGoggles|Defiant|Protect,KowtowCleave,SuckerPunch,SwordsDance|||M|||50|,,,,,Dark]Whimsicott||CovertCloak|Prankster|Moonblast,Tailwind,SunnyDay,Encore|||F|||50|,,,,,Steel]Rillaboom||AssaultVest|GrassySurge|WoodHammer,GrassyGlide,FakeOut,HighHorsepower|||M|||50|,,,,,Water]Torkoal||SitrusBerry|Drought|HeatWave,LavaPlume,ClearSmog,Protect|||M|||50|,,,,,Grass
|showteam|p2|Ninetales-Alola||LightClay|SnowWarning|IcyWind,Blizzard,AuroraVeil,Encore|||M|||50|,,,,,Ghost]Ursaluna-Bloodmoon||AssaultVest|MindsEye|BloodMoon,EarthPower,HyperVoice,VacuumWave|||M|||50|,,,,,Ghost]Gholdengo||LifeOrb|GoodasGold|Protect,NastyPlot,MakeItRain,ShadowBall||||||50|,,,,,Water]Amoonguss||CovertCloak|Regenerator|Spore,RagePowder,SludgeBomb,Protect|||M|||50|,,,,,Psychic]Annihilape||SafetyGoggles|Defiant|RageFist,BulkUp,DrainPunch,Protect|||F|||50|,,,,,Fire]Dragonite||LoadedDice|Multiscale|ScaleShot,Tailwind,Haze,Protect|||F|||50|,,,,,Fairy
|inactive|Battle timer is ON: inactive players will automatically lose when time's up. (requested by Sonja Hilmer)
|j| teamthief420
|inactive|gortland has 60 seconds left.
|
|t:|1755656891
|teamsize|p1|4
|teamsize|p2|4
|start
|switch|p1a: Torkoal|Torkoal, L50, M|100/100
|switch|p1b: Dachsbun|Dachsbun, L50, M|100/100
|switch|p2a: Dragonite|Dragonite, L50, F|100/100
|switch|p2b: Annihilape|Annihilape, L50, F|100/100
|-weather|SunnyDay|[from] ability: Drought|[of] p1a: Torkoal
|turn|1
|
|t:|1755656909
|-terastallize|p2b: Annihilape|Fire
|move|p2a: Dragonite|Scale Shot|p1a: Torkoal
|-damage|p1a: Torkoal|90/100
|-damage|p1a: Torkoal|79/100
|-damage|p1a: Torkoal|68/100
|-damage|p1a: Torkoal|58/100
|-damage|p1a: Torkoal|47/100
|-enditem|p1a: Torkoal|Sitrus Berry|[eat]
|-heal|p1a: Torkoal|72/100|[from] item: Sitrus Berry
|-hitcount|p1a: Torkoal|5
|-unboost|p2a: Dragonite|def|1
|-boost|p2a: Dragonite|spe|1
|move|p2b: Annihilape|Rage Fist|p1b: Dachsbun
|-damage|p1b: Dachsbun|82/100
|move|p1b: Dachsbun|Body Press|p2a: Dragonite
|-resisted|p2a: Dragonite
|-crit|p2a: Dragonite
|-damage|p2a: Dragonite|83/100
|move|p1a: Torkoal|Lava Plume|p2a: Dragonite|[spread] p2a,p2b
|-ability|p1b: Dachsbun|Well-Baked Body|boost
|-boost|p1b: Dachsbun|def|2
|-resisted|p2a: Dragonite
|-resisted|p2b: Annihilape
|-damage|p2a: Dragonite|65/100
|-damage|p2b: Annihilape|89/100
|
|-weather|SunnyDay|[upkeep]
|-heal|p1b: Dachsbun|88/100|[from] item: Leftovers
|upkeep
|turn|2
|inactive|gortland has 30 seconds left.
|inactive|gortland has 20 seconds left.
|
|t:|1755656948
|move|p2a: Dragonite|Protect|p2a: Dragonite
|-singleturn|p2a: Dragonite|Protect
|move|p2b: Annihilape|Drain Punch|p1a: Torkoal
|-damage|p1a: Torkoal|49/100
|-heal|p2b: Annihilape|99/100|[from] drain|[of] p1a: Torkoal
|move|p1b: Dachsbun|Body Press|p2a: Dragonite
|-activate|p2a: Dragonite|move: Protect
|move|p1a: Torkoal|Lava Plume|p2a: Dragonite|[spread] p2b
|-activate|p2a: Dragonite|move: Protect
|-ability|p1b: Dachsbun|Well-Baked Body|boost
|-boost|p1b: Dachsbun|def|2
|-resisted|p2b: Annihilape
|-damage|p2b: Annihilape|85/100
|
|-weather|SunnyDay|[upkeep]
|-heal|p1b: Dachsbun|94/100|[from] item: Leftovers
|upkeep
|turn|3
|
|t:|1755656970
|move|p2a: Dragonite|Haze|p2a: Dragonite
|-clearallboost
|move|p2b: Annihilape|Rage Fist|p1b: Dachsbun
|-damage|p1b: Dachsbun|43/100
|move|p1b: Dachsbun|Body Press|p2a: Dragonite
|-resisted|p2a: Dragonite
|-damage|p2a: Dragonite|51/100
|move|p1a: Torkoal|Lava Plume|p2b: Annihilape|[spread] p2a,p2b
|-ability|p1b: Dachsbun|Well-Baked Body|boost
|-boost|p1b: Dachsbun|def|2
|-resisted|p2a: Dragonite
|-resisted|p2b: Annihilape
|-damage|p2a: Dragonite|34/100
|-damage|p2b: Annihilape|72/100
|
|-weather|SunnyDay|[upkeep]
|-heal|p1b: Dachsbun|49/100|[from] item: Leftovers
|upkeep
|turn|4
|inactive|gortland has 30 seconds left.
|inactive|gortland has 20 seconds left.
|
|t:|1755657010
|move|p2a: Dragonite|Tailwind|p2a: Dragonite
|-sidestart|p2: gortland|move: Tailwind
|move|p2b: Annihilape|Rage Fist|p1b: Dachsbun
|-damage|p1b: Dachsbun|13/100
|move|p1b: Dachsbun|Body Press|p2b: Annihilape
|-damage|p2b: Annihilape|15/100
|move|p1a: Torkoal|Lava Plume|p2a: Dragonite|[spread] p2a,p2b
|-ability|p1b: Dachsbun|Well-Baked Body|boost
|-boost|p1b: Dachsbun|def|2
|-resisted|p2a: Dragonite
|-resisted|p2b: Annihilape
|-damage|p2a: Dragonite|18/100
|-damage|p2b: Annihilape|3/100
|
|-weather|SunnyDay|[upkeep]
|-heal|p1b: Dachsbun|19/100|[from] item: Leftovers
|upkeep
|turn|5
|
|t:|1755657033
|move|p2a: Dragonite|Scale Shot|p1a: Torkoal
|-damage|p1a: Torkoal|39/100
|-damage|p1a: Torkoal|29/100
|-crit|p1a: Torkoal
|-damage|p1a: Torkoal|13/100
|-damage|p1a: Torkoal|3/100
|-damage|p1a: Torkoal|0 fnt
|faint|p1a: Torkoal
|-hitcount|p1: Torkoal|5
|-unboost|p2a: Dragonite|def|1
|-boost|p2a: Dragonite|spe|1
|move|p2b: Annihilape|Rage Fist|p1b: Dachsbun
|-damage|p1b: Dachsbun|0 fnt
|faint|p1b: Dachsbun
|
|-weather|none
|upkeep
|
|t:|1755657042
|switch|p1b: Rillaboom|Rillaboom, L50, M|100/100
|switch|p1a: Typhlosion|Typhlosion-Hisui, L50, F|100/100
|-fieldstart|move: Grassy Terrain|[from] ability: Grassy Surge|[of] p1b: Rillaboom
|turn|6
|
|t:|1755657061
|move|p1b: Rillaboom|Fake Out|p2b: Annihilape
|-damage|p2b: Annihilape|0 fnt
|faint|p2b: Annihilape
|move|p2a: Dragonite|Scale Shot|p1a: Typhlosion
|-damage|p1a: Typhlosion|78/100
|-damage|p1a: Typhlosion|56/100
|-damage|p1a: Typhlosion|35/100
|-crit|p1a: Typhlosion
|-damage|p1a: Typhlosion|0 fnt
|faint|p1a: Typhlosion
|-hitcount|p1: Typhlosion|4
|-unboost|p2a: Dragonite|def|1
|-boost|p2a: Dragonite|spe|1
|
|upkeep
|-message|Sonja Hilmer forfeited.
|
|win|gortland
|raw|Sonja Hilmer's rating: 1532 → 1506(-26 for losing)
|raw|gortland's rating: 1424 → 1450(+26 for winning)
|l|☆Sonja Hilmer
|player|p1|
