|j|☆C0ozer
|j|☆Ilzaar
|html|C0ozerIlzaar    
|uhtml|bestof|Game 2 of a best-of-3
|t:|1782338209
|gametype|doubles
|player|p1|C0ozer|lucas|1081
|player|p2|Ilzaar|169|1120
|gen|9
|tier|[Gen 9 Champions] VGC 2026 Reg M-B (Bo3)
|rated|
|rule|Species Clause: Limit one of each Pokémon
|rule|Item Clause: Limit 1 of each item
|clearpoke
|poke|p1|Charizard, L50, F|
|poke|p1|Scrafty, L50, M|
|poke|p1|Gholdengo, L50|
|poke|p1|Whimsicott, L50, F|
|poke|p1|Toxapex, L50, F|
|poke|p1|Garchomp, L50, M|
|poke|p2|Charizard, L50, F|
|poke|p2|Incineroar, L50, F|
|poke|p2|Floette-Eternal, L50, F|
|poke|p2|Venusaur, L50, F|
|poke|p2|Sinistcha-Masterpiece, L50|
|poke|p2|Garchomp, L50, M|
|teampreview|4
|showteam|p1|Charizard||CharizarditeY|Blaze|HeatWave,WeatherBall,SolarBeam,Protect|Timid||F|||50|]Scrafty||Scraftinite|Intimidate|FakeOut,KnockOff,CloseCombat,Detect|Impish||M|||50|]Gholdengo||LifeOrb|GoodasGold|FlashCannon,ShadowBall,NastyPlot,Protect|Timid|||||50|]Whimsicott||FocusSash|Prankster|Moonblast,Encore,Tailwind,Protect|Timid||F|||50|]Toxapex||Leftovers|Regenerator|Toxic,Haze,Infestation,BanefulBunker|Bold||F|||50|]Garchomp||SitrusBerry|RoughSkin|BreakingSwipe,RockSlide,StompingTantrum,Protect|Adamant||M|||50|
|showteam|p2|Charizard||CharizarditeY|Blaze|WeatherBall,HeatWave,SolarBeam,Protect|Modest||F|||50|]Incineroar||SitrusBerry|Intimidate|FakeOut,FlareBlitz,ThroatChop,PartingShot|Careful||F|||50|]Floette-Eternal||Floettite|FlowerVeil|Moonblast,DazzlingGleam,CalmMind,Protect|Modest||F|||50|]Venusaur||FocusSash|Chlorophyll|SleepPowder,SludgeBomb,EarthPower,Protect|Timid||F|||50|]Sinistcha-Masterpiece||KasibBerry|Hospitality|RagePowder,MatchaGotcha,TrickRoom,Protect|Bold|||||50|]Garchomp||ChoiceScarf|RoughSkin|Earthquake,StompingTantrum,DragonClaw,RockSlide|Adamant||M|||50|
|inactive|Battle timer is ON: inactive players will automatically lose when time's up. (requested by C0ozer)
|inactive|Ilzaar has 60 seconds left.
|
|t:|1782338246
|teamsize|p1|4
|teamsize|p2|4
|start
|switch|p1a: Whimsicott|Whimsicott, L50, F|100/100
|switch|p1b: Garchomp|Garchomp, L50, M|100/100
|switch|p2a: Charizard|Charizard, L50, F|100/100
|switch|p2b: Venusaur|Venusaur, L50, F|100/100
|turn|1
|inactive|C0ozer has 30 seconds left.
|
|t:|1782338273
|switch|p2a: Incineroar|Incineroar, L50, F|100/100
|-ability|p2a: Incineroar|Intimidate|boost
|-unboost|p1a: Whimsicott|atk|1
|-unboost|p1b: Garchomp|atk|1
|move|p1a: Whimsicott|Tailwind|p1a: Whimsicott
|-sidestart|p1: C0ozer|move: Tailwind
|move|p1b: Garchomp|Rock Slide|p2a: Incineroar|[spread] p2a,p2b
|-supereffective|p2a: Incineroar|1
|-damage|p2a: Incineroar|75/100
|-damage|p2b: Venusaur|80/100
|cant|p2b: Venusaur|flinch
|
|upkeep
|turn|2
|inactive|Ilzaar has 30 seconds left.
|
|t:|1782338299
|switch|p1a: Toxapex|Toxapex, L50, F|100/100
|move|p2a: Incineroar|Fake Out|p1b: Garchomp
|-damage|p1b: Garchomp|90/100
|-damage|p2a: Incineroar|62/100|[from] ability: Rough Skin|[of] p1b: Garchomp
|cant|p1b: Garchomp|flinch
|move|p2b: Venusaur|Sludge Bomb|p1a: Toxapex
|-resisted|p1a: Toxapex|1
|-damage|p1a: Toxapex|84/100
|
|-heal|p1a: Toxapex|89/100|[from] item: Leftovers
|upkeep
|turn|3
|inactive|C0ozer has 30 seconds left.
|
|t:|1782338324
|-heal|p1a: Toxapex|100/100|[from] ability: Regenerator|[silent]
|switch|p1a: Charizard|Charizard, L50, F|100/100
|move|p1b: Garchomp|Breaking Swipe|p2a: Incineroar|[spread] p2a,p2b
|-damage|p2a: Incineroar|47/100
|-damage|p2b: Venusaur|57/100
|-unboost|p2a: Incineroar|atk|1
|-unboost|p2b: Venusaur|atk|1
|-enditem|p2a: Incineroar|Sitrus Berry|[eat]
|-heal|p2a: Incineroar|72/100|[from] item: Sitrus Berry
|move|p2b: Venusaur|Earth Power|p1a: Charizard
|-immune|p1a: Charizard
|move|p2a: Incineroar|Parting Shot|p1b: Garchomp
|-unboost|p1b: Garchomp|atk|1
|-unboost|p1b: Garchomp|spa|1
|inactive|Ilzaar has 30 seconds left.
|
|t:|1782338350
|switch|p2a: Garchomp|Garchomp, L50, M|100/100|[from] Parting Shot
|
|upkeep
|turn|4
|
|t:|1782338369
|switch|p1b: Toxapex|Toxapex, L50, F|100/100
|switch|p2b: Incineroar|Incineroar, L50, F|72/100
|-ability|p2b: Incineroar|Intimidate|boost
|-unboost|p1a: Charizard|atk|1
|-unboost|p1b: Toxapex|atk|1
|move|p1a: Charizard|Protect|p1a: Charizard
|-singleturn|p1a: Charizard|Protect
|move|p2a: Garchomp|Rock Slide|p1b: Toxapex|[spread] p1b
|-activate|p1a: Charizard|move: Protect
|-damage|p1b: Toxapex|85/100
|
|-heal|p1b: Toxapex|91/100|[from] item: Leftovers
|-sideend|p1: C0ozer|move: Tailwind
|upkeep
|turn|5
|inactive|Ilzaar has 30 seconds left.
|inactive|C0ozer has 30 seconds left.
|
|t:|1782338405
|switch|p2a: Venusaur|Venusaur, L50, F|57/100
|switch|p1a: Garchomp|Garchomp, L50, M|90/100
|move|p2b: Incineroar|Parting Shot|p1a: Garchomp
|-unboost|p1a: Garchomp|atk|1
|-unboost|p1a: Garchomp|spa|1
|
|t:|1782338412
|switch|p2b: Garchomp|Garchomp, L50, M|100/100|[from] Parting Shot
|move|p1b: Toxapex|Infestation|p2a: Venusaur
|-damage|p2a: Venusaur|54/100
|-activate|p2a: Venusaur|move: Infestation|[of] p1b: Toxapex
|
|-heal|p1b: Toxapex|97/100|[from] item: Leftovers
|-damage|p2a: Venusaur|42/100|[from] move: Infestation|[partiallytrapped]
|upkeep
|turn|6
|inactive|Ilzaar has 30 seconds left.
|inactive|Ilzaar has 20 seconds left.
|inactive|Ilzaar has 15 seconds left.
|
|t:|1782338456
|move|p1a: Garchomp|Protect|p1a: Garchomp
|-singleturn|p1a: Garchomp|Protect
|move|p1b: Toxapex|Baneful Bunker|p1b: Toxapex
|-singleturn|p1b: Toxapex|move: Protect
|move|p2b: Garchomp|Dragon Claw|p1a: Garchomp
|-activate|p1a: Garchomp|move: Protect
|move|p2a: Venusaur|Sleep Powder|p1b: Toxapex
|-activate|p1b: Toxapex|move: Protect
|
|-heal|p1b: Toxapex|100/100|[from] item: Leftovers
|-damage|p2a: Venusaur|29/100|[from] move: Infestation|[partiallytrapped]
|upkeep
|turn|7
|inactive|C0ozer has 30 seconds left.
|inactive|Ilzaar has 30 seconds left.
|inactive|C0ozer has 20 seconds left.
|inactive|Ilzaar has 20 seconds left.
|inactive|C0ozer has 15 seconds left.
|
|t:|1782338497
|move|p2b: Garchomp|Dragon Claw|p1b: Toxapex
|-crit|p1b: Toxapex
|-damage|p1b: Toxapex|56/100
|move|p2a: Venusaur|Earth Power|p1b: Toxapex
|-supereffective|p1b: Toxapex|1
|-damage|p1b: Toxapex|15/100
|move|p1a: Garchomp|Breaking Swipe|p2a: Venusaur|[spread] p2a,p2b
|-supereffective|p2b: Garchomp|1
|-damage|p2a: Venusaur|7/100
|-damage|p2b: Garchomp|66/100
|-unboost|p2a: Venusaur|atk|1
|-unboost|p2b: Garchomp|atk|1
|-damage|p1a: Garchomp|78/100|[from] ability: Rough Skin|[of] p2b: Garchomp
|move|p1b: Toxapex|Toxic|p2b: Garchomp
|-status|p2b: Garchomp|tox
|
|-heal|p1b: Toxapex|21/100|[from] item: Leftovers
|-damage|p2b: Garchomp|60/100 tox|[from] psn
|-damage|p2a: Venusaur|0 fnt|[from] move: Infestation|[partiallytrapped]
|faint|p2a: Venusaur
|upkeep
|
|t:|1782338518
|switch|p2a: Incineroar|Incineroar, L50, F|72/100
|-ability|p2a: Incineroar|Intimidate|boost
|-unboost|p1a: Garchomp|atk|1
|-unboost|p1b: Toxapex|atk|1
|turn|8
|
|t:|1782338531
|switch|p2b: Charizard|Charizard, L50, F|100/100
|move|p1a: Garchomp|Protect|p1a: Garchomp
|-singleturn|p1a: Garchomp|Protect
|move|p1b: Toxapex|Baneful Bunker|p1b: Toxapex
|-singleturn|p1b: Toxapex|move: Protect
|move|p2a: Incineroar|Parting Shot|p1a: Garchomp
|-activate|p1a: Garchomp|move: Protect
|
|-heal|p1b: Toxapex|26/100|[from] item: Leftovers
|upkeep
|turn|9
|inactive|Ilzaar has 30 seconds left.
|inactive|Ilzaar has 20 seconds left.
|
|t:|1782338568
|-heal|p1b: Toxapex|59/100|[from] ability: Regenerator|[silent]
|switch|p1b: Whimsicott|Whimsicott, L50, F|100/100
|detailschange|p2b: Charizard|Charizard-Mega-Y, L50, F
|-mega|p2b: Charizard|Charizard|Charizardite Y
|-weather|SunnyDay|[from] ability: Drought|[of] p2b: Charizard
|move|p2b: Charizard|Heat Wave|p1a: Garchomp|[spread] p1a
|-miss|p2b: Charizard|p1b: Whimsicott
|-resisted|p1a: Garchomp|1
|-damage|p1a: Garchomp|50/100g
|move|p1a: Garchomp|Rock Slide|p2b: Charizard|[spread] p2b
|-miss|p1a: Garchomp|p2a: Incineroar
|-supereffective|p2b: Charizard|2
|-damage|p2b: Charizard|57/100
|move|p2a: Incineroar|Flare Blitz|p1a: Garchomp
|-resisted|p1a: Garchomp|1
|-damage|p1a: Garchomp|18/100
|-damage|p2a: Incineroar|59/100|[from] ability: Rough Skin|[of] p1a: Garchomp
|-enditem|p1a: Garchomp|Sitrus Berry|[eat]
|-heal|p1a: Garchomp|42/100|[from] item: Sitrus Berry
|-damage|p2a: Incineroar|48/100|[from] Recoil
|
|-weather|SunnyDay|[upkeep]
|upkeep
|turn|10
|inactive|C0ozer has 30 seconds left.
|inactive|Ilzaar has 30 seconds left.
|inactive|Ilzaar has 20 seconds left.
|inactive|Ilzaar has 15 seconds left.
|inactive|Ilzaar has 10 seconds left.
|inactive|Ilzaar has 5 seconds left.
|
|t:|1782338621
|switch|p1a: Toxapex|Toxapex, L50, F|59/100
|move|p1b: Whimsicott|Tailwind|p1b: Whimsicott
|-sidestart|p1: C0ozer|move: Tailwind
|move|p2b: Charizard|Heat Wave|p1b: Whimsicott|[spread] p1b
|-miss|p2b: Charizard|p1a: Toxapex
|-supereffective|p1b: Whimsicott|1
|-enditem|p1b: Whimsicott|Focus Sash
|-damage|p1b: Whimsicott|1/100
|move|p2a: Incineroar|Flare Blitz|p1b: Whimsicott
|-supereffective|p1b: Whimsicott|1
|-damage|p1b: Whimsicott|0 fnt
|faint|p1b: Whimsicott
|-damage|p2a: Incineroar|48/100|[from] Recoil
|
|-weather|SunnyDay|[upkeep]
|-heal|p1a: Toxapex|65/100|[from] item: Leftovers
|upkeep
|
|t:|1782338636
|switch|p1b: Garchomp|Garchomp, L50, M|42/100
|turn|11
|inactive|Ilzaar has 30 seconds left.
|
|t:|1782338668
|move|p2b: Charizard|Protect|p2b: Charizard
|-singleturn|p2b: Charizard|Protect
|move|p1b: Garchomp|Rock Slide|p2b: Charizard|[spread] p2a
|-activate|p2b: Charizard|move: Protect
|-supereffective|p2a: Incineroar|1
|-damage|p2a: Incineroar|12/100
|move|p1a: Toxapex|Infestation|p2a: Incineroar
|-damage|p2a: Incineroar|9/100
|-activate|p2a: Incineroar|move: Infestation|[of] p1a: Toxapex
|move|p2a: Incineroar|Parting Shot|p1b: Garchomp
|-unboost|p1b: Garchomp|atk|1
|-unboost|p1b: Garchomp|spa|1
|
|t:|1782338679
|switch|p2a: Garchomp|Garchomp, L50, M|60/100 tox|[from] Parting Shot
|
|-weather|SunnyDay|[upkeep]
|-heal|p1a: Toxapex|71/100|[from] item: Leftovers
|-damage|p2a: Garchomp|55/100 tox|[from] psn
|upkeep
|turn|12
|
|t:|1782338702
|switch|p2b: Incineroar|Incineroar, L50, F|9/100
|-ability|p2b: Incineroar|Intimidate|boost
|-unboost|p1a: Toxapex|atk|1
|-unboost|p1b: Garchomp|atk|1
|move|p1b: Garchomp|Protect|p1b: Garchomp
|-singleturn|p1b: Garchomp|Protect
|move|p2a: Garchomp|Dragon Claw|p1b: Garchomp
|-activate|p1b: Garchomp|move: Protect
|move|p1a: Toxapex|Infestation|p2a: Garchomp
|-damage|p2a: Garchomp|51/100 tox
|-activate|p2a: Garchomp|move: Infestation|[of] p1a: Toxapex
|-damage|p1a: Toxapex|59/100|[from] ability: Rough Skin|[of] p2a: Garchomp
|
|-weather|SunnyDay|[upkeep]
|-heal|p1a: Toxapex|64/100|[from] item: Leftovers
|-damage|p2a: Garchomp|39/100 tox|[from] psn
|-damage|p2a: Garchomp|27/100 tox|[from] move: Infestation|[partiallytrapped]
|upkeep
|turn|13
|inactive|Ilzaar has 30 seconds left.
|inactive|Ilzaar has 20 seconds left.
|inactive|Ilzaar has 15 seconds left.
|inactive|C0ozer has 30 seconds left.
|inactive|Ilzaar has 10 seconds left.
|inactive|Ilzaar has 5 seconds left.
|inactive|C0ozer has 20 seconds left.
|
|t:|1782338738
|move|p1b: Garchomp|Breaking Swipe|p2b: Incineroar|[spread] p2a,p2b
|-supereffective|p2a: Garchomp|1
|-crit|p2b: Incineroar
|-damage|p2a: Garchomp|3/100 tox
|-damage|p2b: Incineroar|0 fnt
|-unboost|p2a: Garchomp|atk|1
|-damage|p1b: Garchomp|30/100|[from] ability: Rough Skin|[of] p2a: Garchomp
|faint|p2b: Incineroar
|move|p2a: Garchomp|Dragon Claw|p1b: Garchomp
|-supereffective|p1b: Garchomp|1
|-damage|p1b: Garchomp|0 fnt
|-damage|p2a: Garchomp|0 fnt|[from] ability: Rough Skin|[of] p1b: Garchomp
|faint|p1b: Garchomp
|faint|p2a: Garchomp
|move|p1a: Toxapex|Infestation|p2: Garchomp|[notarget]
|-fail|p1a: Toxapex
|
|-weather|none
|-heal|p1a: Toxapex|70/100|[from] item: Leftovers
|-sideend|p1: C0ozer|move: Tailwind
|upkeep
|inactive|Ilzaar has 5 seconds left this turn.
|-message|Ilzaar lost due to inactivity.
|
|win|C0ozer
|inactive|C0ozer has 30 seconds to confirm battle start!
|inactive|Ilzaar has 30 seconds to confirm battle start!
||Ilzaar is ready for game 3.
||C0ozer is ready for game 3.
|uhtml|next|Next: Game 3 of 3
