|j|☆0rion1798
|j|☆OzzyUF
|html|0rion1798OzzyUF    
|uhtml|bestof|Game 3 of a best-of-3
|t:|1754957794
|gametype|doubles
|player|p1|0rion1798|sabrina-gen3|1180
|player|p2|OzzyUF|medium|1175
|gen|9
|tier|[Gen 9] VGC 2025 Reg H (Bo3)
|rated|
|rule|Species Clause: Limit one of each Pokémon
|rule|Item Clause: Limit 1 of each item
|clearpoke
|poke|p1|Sneasler, L50, F|
|poke|p1|Indeedee, L50, M|
|poke|p1|Ursaluna-Bloodmoon, L50, M|
|poke|p1|Electabuzz, L50, F|
|poke|p1|Incineroar, L50, F|
|poke|p1|Dragonite, L50, F|
|poke|p2|Gholdengo, L50|
|poke|p2|Kingambit, L50, F|
|poke|p2|Dondozo, L50, F|
|poke|p2|Tatsugiri, L50, F|
|poke|p2|Pelipper, L50, F|
|poke|p2|Archaludon, L50, M|
|teampreview|4
|showteam|p1|Sneasler||PsychicSeed|Unburden|CloseCombat,DireClaw,ThroatChop,Protect|||F|||50|,,,,,Dark]Indeedee||FocusSash|PsychicSurge|ExpandingForce,TrickRoom,HelpingHand,Protect|||M|||50|,,,,,Psychic]Ursaluna-Bloodmoon||LifeOrb|MindsEye|BloodMoon,HyperVoice,EarthPower,Protect|||M|||50|,,,,,Normal]Electabuzz||Eviolite|VitalSpirit|Electroweb,FollowMe,Taunt,Protect|||F|||50|,,,,,Dragon]Incineroar||SafetyGoggles|Intimidate|FlareBlitz,KnockOff,PartingShot,FakeOut|||F|||50|,,,,,Ghost]Dragonite||LoadedDice|Multiscale|ScaleShot,Tailwind,Haze,Protect|||F|||50|,,,,,Fairy
|showteam|p2|Gholdengo||LifeOrb|GoodasGold|Protect,NastyPlot,ShadowBall,MakeItRain||||||50|,,,,,Dragon]Kingambit||BlackGlasses|Defiant|KowtowCleave,SuckerPunch,SwordsDance,Protect|||F|||50|,,,,,Fire]Dondozo||Leftovers|Unaware|Protect,WaveCrash,HeavySlam,Earthquake|||F|||50|,,,,,Steel]Tatsugiri||BlunderPolicy|Commander|Protect,DracoMeteor,MuddyWater,IcyWind|||F|||50|,,,,,Steel]Pelipper||FocusSash|Drizzle|Hurricane,WeatherBall,Protect,Tailwind|||F|||50|,,,,,Water]Archaludon||AssaultVest|Stamina|DragonPulse,DracoMeteor,FlashCannon,ElectroShot|||M|||50|,,,,,Electric
|inactive|Battle timer is ON: inactive players will automatically lose when time's up. (requested by OzzyUF)
|inactive|0rion1798 also wants the timer to be on.
|inactive|OzzyUF has 60 seconds left.
|
|t:|1754957836
|teamsize|p1|4
|teamsize|p2|4
|start
|switch|p1a: Indeedee|Indeedee, L50, M|100/100
|switch|p1b: Dragonite|Dragonite, L50, F|100/100
|switch|p2a: Archaludon|Archaludon, L50, M|100/100
|switch|p2b: Pelipper|Pelipper, L50, F|100/100
|-fieldstart|move: Psychic Terrain|[from] ability: Psychic Surge|[of] p1a: Indeedee
|-weather|RainDance|[from] ability: Drizzle|[of] p2b: Pelipper
|turn|1
|inactive|OzzyUF has 30 seconds left.
|
|t:|1754957866
|move|p1a: Indeedee|Expanding Force|p2b: Pelipper|[spread] p2a,p2b
|-resisted|p2a: Archaludon
|-damage|p2a: Archaludon|76/100
|-damage|p2b: Pelipper|1/100
|-ability|p2a: Archaludon|Stamina|boost
|-boost|p2a: Archaludon|def|1
|move|p2a: Archaludon|Electro Shot||[still]
|-prepare|p2a: Archaludon|Electro Shot
|-boost|p2a: Archaludon|spa|1
|-anim|p2a: Archaludon|Electro Shot|p1a: Indeedee
|-enditem|p1a: Indeedee|Focus Sash
|-damage|p1a: Indeedee|1/100
|move|p1b: Dragonite|Scale Shot|p2b: Pelipper
|-damage|p2b: Pelipper|0 fnt
|faint|p2b: Pelipper
|-hitcount|p2: Pelipper|1
|-unboost|p1b: Dragonite|def|1
|-boost|p1b: Dragonite|spe|1
|
|-weather|RainDance|[upkeep]
|upkeep
|
|t:|1754957888
|switch|p2b: Kingambit|Kingambit, L50, F|100/100
|turn|2
|inactive|OzzyUF has 30 seconds left.
|
|t:|1754957915
|move|p1b: Dragonite|Protect|p1b: Dragonite
|-singleturn|p1b: Dragonite|Protect
|move|p1a: Indeedee|Expanding Force|p2b: Kingambit|[spread] p2a
|-immune|p2b: Kingambit
|-resisted|p2a: Archaludon
|-damage|p2a: Archaludon|50/100
|-ability|p2a: Archaludon|Stamina|boost
|-boost|p2a: Archaludon|def|1
|move|p2a: Archaludon|Flash Cannon|p1b: Dragonite
|-activate|p1b: Dragonite|move: Protect
|move|p2b: Kingambit|Swords Dance|p2b: Kingambit
|-boost|p2b: Kingambit|atk|2
|
|-weather|RainDance|[upkeep]
|upkeep
|turn|3
|inactive|OzzyUF has 30 seconds left.
|
|t:|1754957942
|move|p2b: Kingambit|Protect|p2b: Kingambit
|-singleturn|p2b: Kingambit|Protect
|move|p1b: Dragonite|Haze|p1b: Dragonite
|-clearallboost
|move|p1a: Indeedee|Expanding Force|p2a: Archaludon|[spread] p2a
|-activate|p2b: Kingambit|move: Protect
|-resisted|p2a: Archaludon
|-damage|p2a: Archaludon|23/100
|-ability|p2a: Archaludon|Stamina|boost
|-boost|p2a: Archaludon|def|1
|move|p2a: Archaludon|Dragon Pulse|p1a: Indeedee
|-damage|p1a: Indeedee|0 fnt
|faint|p1a: Indeedee
|
|-weather|RainDance|[upkeep]
|upkeep
|
|t:|1754957953
|switch|p1a: Sneasler|Sneasler, L50, F|100/100
|-enditem|p1a: Sneasler|Psychic Seed
|-boost|p1a: Sneasler|spd|1|[from] item: Psychic Seed
|turn|4
|inactive|0rion1798 has 30 seconds left.
|inactive|OzzyUF has 30 seconds left.
|inactive|0rion1798 has 20 seconds left.
|inactive|0rion1798 has 15 seconds left.
|
|t:|1754957997
|switch|p2b: Gholdengo|Gholdengo, L50|100/100
|move|p1a: Sneasler|Close Combat|p2b: Gholdengo
|-immune|p2b: Gholdengo
|move|p2a: Archaludon|Electro Shot||[still]
|-prepare|p2a: Archaludon|Electro Shot
|-boost|p2a: Archaludon|spa|1
|-anim|p2a: Archaludon|Electro Shot|p1a: Sneasler
|-damage|p1a: Sneasler|39/100
|move|p1b: Dragonite|Scale Shot|p2b: Gholdengo
|-resisted|p2b: Gholdengo
|-damage|p2b: Gholdengo|91/100
|-resisted|p2b: Gholdengo
|-damage|p2b: Gholdengo|83/100
|-resisted|p2b: Gholdengo
|-damage|p2b: Gholdengo|74/100
|-resisted|p2b: Gholdengo
|-damage|p2b: Gholdengo|66/100
|-resisted|p2b: Gholdengo
|-damage|p2b: Gholdengo|57/100
|-hitcount|p2b: Gholdengo|5
|-unboost|p1b: Dragonite|def|1
|-boost|p1b: Dragonite|spe|1
|
|-weather|RainDance|[upkeep]
|upkeep
|turn|5
|inactive|OzzyUF has 30 seconds left.
|
|t:|1754958030
|switch|p2b: Kingambit|Kingambit, L50, F|100/100
|move|p1a: Sneasler|Protect|p1a: Sneasler
|-singleturn|p1a: Sneasler|Protect
|move|p1b: Dragonite|Tailwind|p1b: Dragonite
|-sidestart|p1: 0rion1798|move: Tailwind
|move|p2a: Archaludon|Draco Meteor|p1b: Dragonite
|-supereffective|p1b: Dragonite
|-damage|p1b: Dragonite|0 fnt
|-unboost|p2a: Archaludon|spa|2
|faint|p1b: Dragonite
|
|-weather|none
|-fieldend|move: Psychic Terrain
|upkeep
|
|t:|1754958036
|switch|p1b: Ursaluna|Ursaluna-Bloodmoon, L50, M|100/100
|turn|6
|inactive|OzzyUF has 30 seconds left.
|
|t:|1754958067
|-terastallize|p1b: Ursaluna|Normal
|move|p1a: Sneasler|Protect||[still]
|-fail|p1a: Sneasler
|move|p2b: Kingambit|Sucker Punch||[still]
|-fail|p2b: Kingambit
|move|p1b: Ursaluna|Hyper Voice|p2b: Kingambit|[spread] p2a,p2b
|-resisted|p2a: Archaludon
|-resisted|p2b: Kingambit
|-damage|p2a: Archaludon|0 fnt
|-damage|p2b: Kingambit|65/100
|faint|p2a: Archaludon
|-damage|p1b: Ursaluna|91/100|[from] item: Life Orb
|
|upkeep
|
|t:|1754958077
|switch|p2a: Gholdengo|Gholdengo, L50|57/100
|turn|7
|inactive|0rion1798 has 30 seconds left.
|inactive|0rion1798 has 20 seconds left.
|inactive|0rion1798 has 15 seconds left.
|inactive|0rion1798 has 10 seconds left.
|inactive|OzzyUF has 30 seconds left.
|inactive|0rion1798 has 5 seconds left.
|
|t:|1754958132
|move|p2a: Gholdengo|Protect|p2a: Gholdengo
|-singleturn|p2a: Gholdengo|Protect
|move|p2b: Kingambit|Sucker Punch|p1a: Sneasler
|-resisted|p1a: Sneasler
|-damage|p1a: Sneasler|0 fnt
|faint|p1a: Sneasler
|move|p1b: Ursaluna|Blood Moon|p2a: Gholdengo
|-activate|p2a: Gholdengo|move: Protect
|
|upkeep
|turn|8
|l|☆0rion1798
|inactive|0rion1798 disconnected and has a minute to reconnect!
|player|p1|
|j|☆0rion1798
|inactive|0rion1798 reconnected and has 35 seconds left.
|player|p1|0rion1798|sabrina-gen3|
|inactive|0rion1798 has 30 seconds left.
|inactive|OzzyUF has 30 seconds left.
|inactive|OzzyUF has 20 seconds left.
|
|t:|1754958168
|move|p1b: Ursaluna|Earth Power|p2a: Gholdengo
|-supereffective|p2a: Gholdengo
|-damage|p2a: Gholdengo|0 fnt
|faint|p2a: Gholdengo
|-damage|p1b: Ursaluna|81/100|[from] item: Life Orb
|move|p2b: Kingambit|Kowtow Cleave|p1b: Ursaluna
|-damage|p1b: Ursaluna|35/100
|
|-sideend|p1: 0rion1798|move: Tailwind
|upkeep
|turn|9
|
|t:|1754958188
|move|p2b: Kingambit|Sucker Punch|p1b: Ursaluna
|-damage|p1b: Ursaluna|0 fnt
|faint|p1b: Ursaluna
|
|win|OzzyUF
|raw|0rion1798's rating: 1180 → 1155(-25 for losing)
|raw|OzzyUF's rating: 1175 → 1200(+25 for winning)
|c|☆OzzyUF|wow that was insane set
