|j|☆PeePeeSwagMan
|j|☆scizormetimbers07
|html|PeePeeSwagManscizormetimbers07    
|uhtml|bestof|Game 3 of a best-of-3
|t:|1786052321
|gametype|doubles
|player|p1|PeePeeSwagMan|170|
|player|p2|scizormetimbers07|gambler|
|gen|9
|tier|[Gen 9 Champions] VGC 2026 Reg M-B (Bo3)
|rule|Species Clause: Limit one of each Pokémon
|rule|Item Clause: Limit 1 of each item
|clearpoke
|poke|p1|Torkoal, L50, F|
|poke|p1|Banette, L50, F|
|poke|p1|Floette-Eternal, L50, F|
|poke|p1|Scrafty, L50, F|
|poke|p1|Venusaur, L50, F|
|poke|p1|Gallade, L50, M|
|poke|p2|Whimsicott, L50, F|
|poke|p2|Sinistcha, L50|
|poke|p2|Absol, L50, M, shiny|
|poke|p2|Kangaskhan, L50, F|
|poke|p2|Archaludon, L50, M, shiny|
|poke|p2|Mudsdale, L50, F, shiny|
|teampreview|4
|showteam|p1|Torkoal||Charcoal|Drought|Eruption,EarthPower,SolarBeam,Protect|Serious||F|||50|]Banette||Banettite|CursedBody|TrickRoom,ShadowSneak,Encore,Protect|Careful||F|||50|]Floette-Eternal||Floettite|FlowerVeil|DazzlingGleam,Moonblast,Substitute,Protect|Modest||F|||50|]Scrafty||BlackBelt|Moxie|CloseCombat,FakeOut,KnockOff,Protect|Jolly||F|||50|]Venusaur||Leftovers|Chlorophyll|GigaDrain,SleepPowder,EarthPower,Protect|Modest||F|||50|]Gallade||IronBall|Sharpness|SacredSword,PsychoCut,LightScreen,Protect|Adamant||M|||50|
|showteam|p2|Whimsicott||FocusSash|Prankster|ShadowBall,EnergyBall,Tailwind,Taunt|Modest||F|||50|]Sinistcha||SitrusBerry|Hospitality|MatchaGotcha,ShadowBall,LifeDew,Protect|Calm|||||50|]Absol||ScopeLens|SuperLuck|ShadowClaw,NightSlash,PsychoCut,Detect|Adamant||M|||50|]Kangaskhan||Kangaskhanite|InnerFocus|BodySlam,FakeOut,ThunderPunch,BrickBreak|Adamant||F|||50|]Archaludon||QuickClaw|Stamina|DragonPulse,FlashCannon,AuraSphere,MeteorBeam|Calm||M|||50|]Mudsdale||Leftovers|Stamina|BodyPress,Earthquake,HeavySlam,HighHorsepower|Careful||F|||50|
|j| KoopaPlays
|j| xanian7
|j| I Copy Everything
|l| I Copy Everything
|
|t:|1786052447
|teamsize|p1|4
|teamsize|p2|4
|start
|switch|p1a: Floette|Floette-Eternal, L50, F|100/100
|switch|p1b: Scrafty|Scrafty, L50, F|100/100
|switch|p2a: Absol|Absol, L50, M, shiny|100/100
|switch|p2b: Sinistcha|Sinistcha, L50|100/100
|turn|1
|
|t:|1786052482
|switch|p2b: Archaludon|Archaludon, L50, M, shiny|100/100
|detailschange|p1a: Floette|Floette-Mega, L50, F
|-mega|p1a: Floette|Floette|Floettite
|-ability|p1a: Floette|Fairy Aura
|move|p2a: Absol|Detect|p2a: Absol
|-singleturn|p2a: Absol|Protect
|move|p1b: Scrafty|Fake Out|p2a: Absol
|-activate|p2a: Absol|move: Protect
|move|p1a: Floette|Dazzling Gleam|p2b: Archaludon|[spread] p2b
|-activate|p2a: Absol|move: Protect
|-damage|p2b: Archaludon|53/100
|-ability|p2b: Archaludon|Stamina|boost
|-boost|p2b: Archaludon|def|1
|
|upkeep
|turn|2
|-activate|p2b: Archaludon|item: Quick Claw
|
|t:|1786052545
|switch|p2a: Sinistcha|Sinistcha, L50|100/100
|-heal|p2b: Archaludon|78/100|[from] ability: Hospitality|[of] p2a: Sinistcha
|move|p1a: Floette|Protect|p1a: Floette
|-singleturn|p1a: Floette|Protect
|move|p2b: Archaludon|Flash Cannon|p1a: Floette
|-activate|p1a: Floette|move: Protect
|move|p1b: Scrafty|Close Combat|p2a: Sinistcha
|-immune|p2a: Sinistcha
|
|upkeep
|turn|3
|-activate|p2b: Archaludon|item: Quick Claw
|
|t:|1786052573
|switch|p1a: Torkoal|Torkoal, L50, F|100/100
|-weather|SunnyDay|[from] ability: Drought|[of] p1a: Torkoal
|switch|p1b: Venusaur|Venusaur, L50, F|100/100
|move|p2a: Sinistcha|Protect|p2a: Sinistcha
|-singleturn|p2a: Sinistcha|Protect
|move|p2b: Archaludon|Flash Cannon|p1a: Torkoal
|-resisted|p1a: Torkoal|1
|-damage|p1a: Torkoal|76/100
|
|-weather|SunnyDay|[upkeep]
|upkeep
|turn|4
|
|t:|1786052611
|move|p1b: Venusaur|Sleep Powder|p2b: Archaludon
|-status|p2b: Archaludon|slp|[from] move: Sleep Powder
|cant|p2b: Archaludon|slp
|move|p2a: Sinistcha|Shadow Ball|p1a: Torkoal
|-damage|p1a: Torkoal|30/100
|move|p1a: Torkoal|Eruption|p2b: Archaludon|[spread] p2a,p2b
|-supereffective|p2a: Sinistcha|1
|-crit|p2a: Sinistcha
|-damage|p2a: Sinistcha|35/100
|-damage|p2b: Archaludon|58/100 slp
|-ability|p2b: Archaludon|Stamina|boost
|-boost|p2b: Archaludon|def|1
|-enditem|p2a: Sinistcha|Sitrus Berry|[eat]
|-heal|p2a: Sinistcha|60/100|[from] item: Sitrus Berry
|
|-weather|SunnyDay|[upkeep]
|upkeep
|turn|5
|-activate|p2b: Archaludon|item: Quick Claw
|
|t:|1786052646
|move|p2a: Sinistcha|Protect|p2a: Sinistcha
|-singleturn|p2a: Sinistcha|Protect
|move|p1a: Torkoal|Protect|p1a: Torkoal
|-singleturn|p1a: Torkoal|Protect
|-curestatus|p2b: Archaludon|slp|[msg]
|move|p2b: Archaludon|Dragon Pulse|p1b: Venusaur
|-crit|p1b: Venusaur
|-damage|p1b: Venusaur|47/100
|move|p1b: Venusaur|Earth Power|p2b: Archaludon
|-supereffective|p2b: Archaludon|1
|-damage|p2b: Archaludon|9/100
|-ability|p2b: Archaludon|Stamina|boost
|-boost|p2b: Archaludon|def|1
|
|-weather|SunnyDay|[upkeep]
|-heal|p1b: Venusaur|53/100|[from] item: Leftovers
|upkeep
|turn|6
|
|t:|1786052702
|switch|p1a: Scrafty|Scrafty, L50, F|100/100
|move|p1b: Venusaur|Earth Power|p2b: Archaludon
|-supereffective|p2b: Archaludon|1
|-damage|p2b: Archaludon|0 fnt
|faint|p2b: Archaludon
|move|p2a: Sinistcha|Shadow Ball|p1a: Scrafty
|-resisted|p1a: Scrafty|1
|-damage|p1a: Scrafty|80/100
|
|-weather|SunnyDay|[upkeep]
|-heal|p1b: Venusaur|59/100|[from] item: Leftovers
|upkeep
|
|t:|1786052716
|switch|p2b: Kangaskhan|Kangaskhan, L50, F|100/100
|turn|7
|
|t:|1786052758
|detailschange|p2b: Kangaskhan|Kangaskhan-Mega, L50, F
|-mega|p2b: Kangaskhan|Kangaskhan|Kangaskhanite
|move|p1a: Scrafty|Protect|p1a: Scrafty
|-singleturn|p1a: Scrafty|Protect
|move|p2b: Kangaskhan|Fake Out|p1a: Scrafty
|-activate|p1a: Scrafty|move: Protect
|move|p1b: Venusaur|Sleep Powder|p2b: Kangaskhan
|-status|p2b: Kangaskhan|slp|[from] move: Sleep Powder
|move|p2a: Sinistcha|Shadow Ball|p1b: Venusaur
|-damage|p1b: Venusaur|26/100
|-unboost|p1b: Venusaur|spd|1
|
|-weather|none
|-heal|p1b: Venusaur|31/100|[from] item: Leftovers
|upkeep
|turn|8
|
|t:|1786052848
|switch|p2b: Absol|Absol, L50, M, shiny|100/100
|move|p2a: Sinistcha|Protect|p2a: Sinistcha
|-singleturn|p2a: Sinistcha|Protect
|move|p1a: Scrafty|Knock Off|p2a: Sinistcha
|-activate|p2a: Sinistcha|move: Protect
|move|p1b: Venusaur|Giga Drain|p2b: Absol
|-damage|p2b: Absol|40/100
|-heal|p1b: Venusaur|61/100|[from] drain|[of] p2b: Absol
|
|-heal|p1b: Venusaur|67/100|[from] item: Leftovers
|upkeep
|turn|9
|
|t:|1786052914
|switch|p1a: Torkoal|Torkoal, L50, F|30/100
|-weather|SunnyDay|[from] ability: Drought|[of] p1a: Torkoal
|move|p1b: Venusaur|Giga Drain|p2b: Absol
|-damage|p2b: Absol|0 fnt
|-heal|p1b: Venusaur|87/100|[from] drain|[of] p2b: Absol
|faint|p2b: Absol
|move|p2a: Sinistcha|Matcha Gotcha|p1b: Venusaur|[spread] p1a,p1b
|-resisted|p1a: Torkoal|1
|-resisted|p1b: Venusaur|2
|-damage|p1a: Torkoal|14/100
|-heal|p2a: Sinistcha|68/100|[from] drain|[of] p1a: Torkoal
|-damage|p1b: Venusaur|79/100
|-heal|p2a: Sinistcha|73/100|[from] drain|[of] p1b: Venusaur
|-status|p1b: Venusaur|brn
|
|-weather|SunnyDay|[upkeep]
|-heal|p1b: Venusaur|84/100 brn|[from] item: Leftovers
|-damage|p1b: Venusaur|79/100 brn|[from] brn
|upkeep
|
|t:|1786052933
|switch|p2b: Kangaskhan|Kangaskhan-Mega, L50, F|100/100 slp
|turn|10
|
|t:|1786053018
|move|p1b: Venusaur|Giga Drain|p2b: Kangaskhan
|-damage|p2b: Kangaskhan|67/100 slp
|-heal|p1b: Venusaur|99/100 brn|[from] drain|[of] p2b: Kangaskhan
|cant|p2b: Kangaskhan|slp
|move|p2a: Sinistcha|Shadow Ball|p1a: Torkoal
|-damage|p1a: Torkoal|0 fnt
|faint|p1a: Torkoal
|
|-weather|SunnyDay|[upkeep]
|-heal|p1b: Venusaur|100/100 brn|[from] item: Leftovers
|-damage|p1b: Venusaur|94/100 brn|[from] brn
|upkeep
|
|t:|1786053031
|switch|p1a: Scrafty|Scrafty, L50, F|80/100
|turn|11
|l|☆scizormetimbers07
|player|p2|
|j|☆scizormetimbers07
|player|p2|scizormetimbers07|gambler|
|
|t:|1786053102
|move|p2a: Sinistcha|Protect|p2a: Sinistcha
|-singleturn|p2a: Sinistcha|Protect
|move|p1a: Scrafty|Fake Out|p2b: Kangaskhan
|-damage|p2b: Kangaskhan|57/100 slp
|move|p1b: Venusaur|Giga Drain|p2b: Kangaskhan
|-damage|p2b: Kangaskhan|27/100 slp
|-heal|p1b: Venusaur|100/100 brn|[from] drain|[of] p2b: Kangaskhan
|cant|p2b: Kangaskhan|slp
|
|-weather|SunnyDay|[upkeep]
|-damage|p1b: Venusaur|94/100 brn|[from] brn
|upkeep
|turn|12
|
|t:|1786053133
|move|p2a: Sinistcha|Protect||[still]
|-fail|p2a: Sinistcha
|move|p1b: Venusaur|Giga Drain|p2b: Kangaskhan
|-damage|p2b: Kangaskhan|0 fnt
|-heal|p1b: Venusaur|100/100 brn|[from] drain|[of] p2b: Kangaskhan
|faint|p2b: Kangaskhan
|move|p1a: Scrafty|Knock Off|p2a: Sinistcha
|-supereffective|p2a: Sinistcha|1
|-damage|p2a: Sinistcha|22/100
|
|-weather|SunnyDay|[upkeep]
|-damage|p1b: Venusaur|94/100 brn|[from] brn
|upkeep
|turn|13
|
|t:|1786053165
|move|p1b: Venusaur|Earth Power|p2a: Sinistcha
|-resisted|p2a: Sinistcha|1
|-damage|p2a: Sinistcha|10/100
|move|p1a: Scrafty|Knock Off|p2a: Sinistcha
|-supereffective|p2a: Sinistcha|1
|-damage|p2a: Sinistcha|0 fnt
|faint|p2a: Sinistcha
|
|win|PeePeeSwagMan
