|j|☆dike guard
|j|☆Olciax34
|html|dike guardOlciax34    
|uhtml|bestof|Game 2 of a best-of-3
|t:|1785349881
|gametype|doubles
|player|p1|dike guard|101|1437
|player|p2|Olciax34|clair|1359
|gen|9
|tier|[Gen 9 Champions] VGC 2026 Reg M-B (Bo3)
|rated|
|rule|Species Clause: Limit one of each Pokémon
|rule|Item Clause: Limit 1 of each item
|clearpoke
|poke|p1|Floette-Eternal, L50, F|
|poke|p1|Sneasler, L50, M|
|poke|p1|Incineroar, L50, F|
|poke|p1|Sinistcha, L50|
|poke|p1|Delphox, L50, F|
|poke|p1|Garchomp, L50, M|
|poke|p2|Charizard, L50, M|
|poke|p2|Whimsicott, L50, M|
|poke|p2|Garchomp, L50, M|
|poke|p2|Basculegion, L50, M|
|poke|p2|Sylveon, L50, M|
|poke|p2|Incineroar, L50, F|
|teampreview|4
|showteam|p1|Floette-Eternal||Floettite|FlowerVeil|DazzlingGleam,DrainingKiss,CalmMind,Protect|Timid||F|||50|]Sneasler||FocusSash|PoisonTouch|CloseCombat,PoisonJab,FakeOut,Protect|Jolly||M|||50|]Incineroar||SitrusBerry|Intimidate|FlareBlitz,DarkestLariat,PartingShot,FakeOut|Careful||F|||50|]Sinistcha||OccaBerry|Hospitality|MatchaGotcha,RagePowder,TrickRoom,Protect|Bold|||||50|]Delphox||Delphoxite|Blaze|HeatWave,Psyshock,NastyPlot,Protect|Modest||F|||50|]Garchomp||ChoiceScarf|RoughSkin|DragonClaw,StompingTantrum,Earthquake,RockSlide|Adamant||M|||50|
|showteam|p2|Charizard||CharizarditeY|SolarPower|HeatWave,WeatherBall,SolarBeam,Protect|Modest||M|||50|]Whimsicott||FocusSash|Prankster|Moonblast,Tailwind,Encore,Protect|Timid||M|||50|]Garchomp||LifeOrb|RoughSkin|Earthquake,DragonClaw,RockSlide,Protect|Jolly||M|||50|]Basculegion||ChoiceScarf|Adaptability|WaveCrash,FlipTurn,LastRespects,AquaJet|Jolly||M|||50|]Sylveon||FairyFeather|Pixilate|HyperVoice,Yawn,HyperBeam,Protect|Modest||M|||50|]Incineroar||SitrusBerry|Intimidate|FakeOut,ThroatChop,FlareBlitz,PartingShot|Careful||F|||50|
|inactive|Battle timer is ON: inactive players will automatically lose when time's up. (requested by Olciax34)
|inactive|dike guard has 60 seconds left.
|inactive|Olciax34 has 60 seconds left.
|
|t:|1785349942
|teamsize|p1|4
|teamsize|p2|4
|start
|switch|p1a: Delphox|Delphox, L50, F|100/100
|switch|p1b: Garchomp|Garchomp, L50, M|100/100
|switch|p2a: Incineroar|Incineroar, L50, F|100/100
|switch|p2b: Basculegion|Basculegion, L50, M|100/100
|-ability|p2a: Incineroar|Intimidate|boost
|-unboost|p1a: Delphox|atk|1
|-unboost|p1b: Garchomp|atk|1
|turn|1
|
|t:|1785349961
|switch|p1b: Incineroar|Incineroar, L50, F|100/100
|-ability|p1b: Incineroar|Intimidate|boost
|-unboost|p2a: Incineroar|atk|1
|-unboost|p2b: Basculegion|atk|1
|switch|p1a: Sinistcha|Sinistcha, L50|100/100
|move|p2a: Incineroar|Fake Out|p1b: Incineroar
|-damage|p1b: Incineroar|93/100
|move|p2b: Basculegion|Flip Turn|p1b: Incineroar
|-supereffective|p1b: Incineroar|1
|-damage|p1b: Incineroar|51/100
|
|t:|1785349976
|switch|p2b: Sylveon|Sylveon, L50, M|100/100|[from] Flip Turn
|
|upkeep
|turn|2
|
|t:|1785350000
|switch|p1a: Delphox|Delphox, L50, F|100/100
|move|p2b: Sylveon|Hyper Voice|p1b: Incineroar|[spread] p1a,p1b
|-resisted|p1a: Delphox|1
|-damage|p1a: Delphox|75/100
|-damage|p1b: Incineroar|16/100
|-enditem|p1b: Incineroar|Sitrus Berry|[eat]
|-heal|p1b: Incineroar|41/100|[from] item: Sitrus Berry
|move|p2a: Incineroar|Throat Chop|p1b: Incineroar
|-resisted|p1b: Incineroar|1
|-damage|p1b: Incineroar|32/100
|-start|p1b: Incineroar|Throat Chop|[silent]
|move|p1b: Incineroar|Flare Blitz|p2b: Sylveon
|-crit|p2b: Sylveon
|-damage|p2b: Sylveon|27/100
|-damage|p1b: Incineroar|10/100|[from] Recoil
|
|upkeep
|turn|3
|inactive|Olciax34 has 30 seconds left.
|
|t:|1785350031
|switch|p1b: Sinistcha|Sinistcha, L50|100/100
|-heal|p1a: Delphox|100/100|[from] ability: Hospitality|[of] p1b: Sinistcha
|detailschange|p1a: Delphox|Delphox-Mega, L50, F
|-mega|p1a: Delphox|Delphox|Delphoxite
|move|p1a: Delphox|Nasty Plot|p1a: Delphox
|-boost|p1a: Delphox|spa|2
|move|p2b: Sylveon|Yawn|p1a: Delphox
|-start|p1a: Delphox|move: Yawn|[of] p2b: Sylveon
|move|p2a: Incineroar|Flare Blitz|p1b: Sinistcha
|-supereffective|p1b: Sinistcha|1
|-enditem|p1b: Sinistcha|Occa Berry|[eat]
|-enditem|p1b: Sinistcha|Occa Berry|[weaken]
|-damage|p1b: Sinistcha|72/100
|-damage|p2a: Incineroar|92/100|[from] Recoil
|
|upkeep
|turn|4
|inactive|dike guard has 30 seconds left.
|
|t:|1785350061
|switch|p1b: Garchomp|Garchomp, L50, M|100/100
|move|p2b: Sylveon|Protect|p2b: Sylveon
|-singleturn|p2b: Sylveon|Protect
|move|p1a: Delphox|Heat Wave|p2b: Sylveon|[spread] p2a
|-activate|p2b: Sylveon|move: Protect
|-resisted|p2a: Incineroar|1
|-damage|p2a: Incineroar|57/100
|move|p2a: Incineroar|Parting Shot|p1a: Delphox
|-unboost|p1a: Delphox|atk|1
|-unboost|p1a: Delphox|spa|1
|
|t:|1785350074
|switch|p2a: Basculegion|Basculegion, L50, M|100/100|[from] Parting Shot
|
|-end|p1a: Delphox|move: Yawn|[silent]
|-status|p1a: Delphox|slp
|upkeep
|turn|5
|
|t:|1785350095
|switch|p1a: Incineroar|Incineroar, L50, F|10/100
|-ability|p1a: Incineroar|Intimidate|boost
|-unboost|p2a: Basculegion|atk|1
|-unboost|p2b: Sylveon|atk|1
|switch|p2b: Incineroar|Incineroar, L50, F|57/100
|-ability|p2b: Incineroar|Intimidate|boost
|-unboost|p1a: Incineroar|atk|1
|-unboost|p1b: Garchomp|atk|1
|move|p1b: Garchomp|Earthquake|p2a: Basculegion|[spread] p1a,p2a,p2b
|-supereffective|p1a: Incineroar|1
|-supereffective|p2b: Incineroar|1
|-damage|p1a: Incineroar|0 fnt
|-damage|p2a: Basculegion|61/100
|-damage|p2b: Incineroar|3/100
|-enditem|p2b: Incineroar|Sitrus Berry|[eat]
|-heal|p2b: Incineroar|28/100|[from] item: Sitrus Berry
|faint|p1a: Incineroar
|move|p2a: Basculegion|Flip Turn|p1b: Garchomp
|-damage|p1b: Garchomp|72/100
|-damage|p2a: Basculegion|49/100|[from] ability: Rough Skin|[of] p1b: Garchomp
|
|t:|1785350113
|switch|p2a: Sylveon|Sylveon, L50, M|27/100|[from] Flip Turn
|
|upkeep
|
|t:|1785350118
|switch|p1a: Sinistcha|Sinistcha, L50|72/100
|-heal|p1b: Garchomp|97/100|[from] ability: Hospitality|[of] p1a: Sinistcha
|turn|6
|
|t:|1785350142
|switch|p1b: Delphox|Delphox-Mega, L50, F|100/100 slp
|move|p2b: Incineroar|Fake Out|p1b: Delphox
|-damage|p1b: Delphox|85/100 slp
|move|p1a: Sinistcha|Matcha Gotcha|p2a: Sylveon|[spread] p2a,p2b
|-resisted|p2b: Incineroar|1
|-damage|p2a: Sylveon|7/100
|-heal|p1a: Sinistcha|83/100|[from] drain|[of] p2a: Sylveon
|-damage|p2b: Incineroar|18/100
|-heal|p1a: Sinistcha|88/100|[from] drain|[of] p2b: Incineroar
|move|p2a: Sylveon|Hyper Voice|p1b: Delphox|[spread] p1a,p1b
|-resisted|p1b: Delphox|1
|-damage|p1a: Sinistcha|42/100
|-damage|p1b: Delphox|62/100 slp
|
|upkeep
|turn|7
|inactive|dike guard has 30 seconds left.
|inactive|dike guard has 20 seconds left.
|inactive|Olciax34 has 30 seconds left.
|inactive|dike guard has 15 seconds left.
|inactive|Olciax34 has 20 seconds left.
|inactive|Olciax34 has 15 seconds left.
|inactive|Olciax34 has 10 seconds left.
|
|t:|1785350204
|switch|p2a: Charizard|Charizard, L50, M|100/100
|cant|p1b: Delphox|slp
|move|p1a: Sinistcha|Matcha Gotcha|p2a: Charizard|[spread] p2a
|-miss|p1a: Sinistcha|p2b: Incineroar
|-resisted|p2a: Charizard|2
|-damage|p2a: Charizard|93/100
|-heal|p1a: Sinistcha|46/100|[from] drain|[of] p2a: Charizard
|move|p2b: Incineroar|Throat Chop|p1a: Sinistcha
|-supereffective|p1a: Sinistcha|1
|-damage|p1a: Sinistcha|0 fnt
|faint|p1a: Sinistcha
|
|upkeep
|
|t:|1785350220
|switch|p1a: Garchomp|Garchomp, L50, M|97/100
|turn|8
|
|t:|1785350236
|switch|p2b: Sylveon|Sylveon, L50, M|7/100
|move|p2a: Charizard|Protect|p2a: Charizard
|-singleturn|p2a: Charizard|Protect
|move|p1a: Garchomp|Dragon Claw|p2b: Sylveon
|-immune|p2b: Sylveon
|cant|p1b: Delphox|slp
|
|upkeep
|turn|9
|
|t:|1785350251
|switch|p2b: Incineroar|Incineroar, L50, F|18/100
|-ability|p2b: Incineroar|Intimidate|boost
|-unboost|p1a: Garchomp|atk|1
|-unboost|p1b: Delphox|atk|1
|detailschange|p2a: Charizard|Charizard-Mega-Y, L50, M
|-mega|p2a: Charizard|Charizard|Charizardite Y
|-weather|SunnyDay|[from] ability: Drought|[of] p2a: Charizard
|move|p1a: Garchomp|Dragon Claw|p2a: Charizard
|-damage|p2a: Charizard|57/100
|-curestatus|p1b: Delphox|slp|[msg]
|move|p1b: Delphox|Heat Wave|p2b: Incineroar|[spread] p2a,p2b
|-resisted|p2a: Charizard|1
|-resisted|p2b: Incineroar|1
|-damage|p2a: Charizard|26/100
|-damage|p2b: Incineroar|0 fnt
|faint|p2b: Incineroar
|move|p2a: Charizard|Weather Ball|p1b: Delphox
|-resisted|p1b: Delphox|1
|-damage|p1b: Delphox|22/100
|
|-weather|SunnyDay|[upkeep]
|upkeep
|
|t:|1785350268
|switch|p2b: Basculegion|Basculegion, L50, M|49/100
|turn|10
|
|t:|1785350280
|move|p1b: Delphox|Protect|p1b: Delphox
|-singleturn|p1b: Delphox|Protect
|move|p2b: Basculegion|Aqua Jet|p1b: Delphox
|-activate|p1b: Delphox|move: Protect
|move|p1a: Garchomp|Dragon Claw|p2b: Basculegion
|-damage|p2b: Basculegion|13/100
|move|p2a: Charizard|Solar Beam||[still]
|-prepare|p2a: Charizard|Solar Beam
|-anim|p2a: Charizard|Solar Beam|p1a: Garchomp
|-damage|p1a: Garchomp|44/100
|
|-weather|SunnyDay|[upkeep]
|upkeep
|turn|11
|
|t:|1785350293
|move|p2b: Basculegion|Aqua Jet|p1b: Delphox
|-supereffective|p1b: Delphox|1
|-damage|p1b: Delphox|0 fnt
|faint|p1b: Delphox
|move|p1a: Garchomp|Dragon Claw|p2b: Basculegion
|-damage|p2b: Basculegion|0 fnt
|faint|p2b: Basculegion
|move|p2a: Charizard|Solar Beam||[still]
|-prepare|p2a: Charizard|Solar Beam
|-anim|p2a: Charizard|Solar Beam|p1a: Garchomp
|-damage|p1a: Garchomp|0 fnt
|faint|p1a: Garchomp
|
|win|Olciax34
||Olciax34 is ready for game 3.
||dike guard is ready for game 3.
|uhtml|next|Next: Game 3 of 3
|l|☆dike guard
|player|p1|
