|j|☆naM kliM
|j|☆minasdevilcrobats
|html|naM kliMminasdevilcrobats    
|uhtml|bestof|Game 3 of a best-of-3
|t:|1757077425
|gametype|doubles
|player|p1|naM kliM|265|1124
|player|p2|minasdevilcrobats|darach-caitlin|1107
|gen|9
|tier|[Gen 9] VGC 2025 Reg H (Bo3)
|rated|
|rule|Species Clause: Limit one of each Pokémon
|rule|Item Clause: Limit 1 of each item
|clearpoke
|poke|p1|Farigiraf, L50, M|
|poke|p1|Torkoal, L50, F|
|poke|p1|Kingambit, L50, M|
|poke|p1|Incineroar, L50, M|
|poke|p1|Lilligant-Hisui, L50, F|
|poke|p1|Grimmsnarl, L50, M|
|poke|p2|Indeedee, L50, M|
|poke|p2|Sneasler, L50, F|
|poke|p2|Dondozo, L50, M|
|poke|p2|Tatsugiri, L50, F|
|poke|p2|Talonflame, L50, M|
|poke|p2|Glimmora, L50, F|
|teampreview|4
|showteam|p1|Farigiraf||ThroatSpray|ArmorTail|HyperVoice,TrickRoom,Protect,Psychic|||M|||50|,,,,,Dark]Torkoal||ChoiceSpecs|Drought|HeatWave,Eruption,EarthPower,SolarBeam|||F|||50|,,,,,Fire]Kingambit||BlackGlasses|Defiant|SuckerPunch,SwordsDance,KowtowCleave,Protect|||M|||50|,,,,,Ghost]Incineroar||AssaultVest|Intimidate|FakeOut,Uturn,FlareBlitz,KnockOff|||M|||50|,,,,,Grass]Lilligant-Hisui||FocusSash|Chlorophyll|AfterYou,SleepPowder,Protect,CloseCombat|||F|||50|,,,,,Steel]Grimmsnarl||LightClay|Prankster|LightScreen,Reflect,SpiritBreak,PartingShot|||M|||50|,,,,,Steel
|showteam|p2|Indeedee||ChoiceScarf|PsychicSurge|ExpandingForce,DazzlingGleam,Trick,Protect|||M|||50|,,,,,Psychic]Sneasler||PsychicSeed|Unburden|CloseCombat,DireClaw,ThroatChop,Protect|||F|||50|,,,,,Dark]Dondozo||Leftovers|Unaware|WaveCrash,OrderUp,Earthquake,Protect|||M|||50|,,,,,Grass]Tatsugiri||LifeOrb|Commander|MuddyWater,DracoMeteor,DragonPulse,Protect|||F|||50|,,,,,Steel]Talonflame||CovertCloak|GaleWings|FlareBlitz,WillOWisp,Tailwind,Taunt|||M|||50|,,,,,Water]Glimmora||PowerHerb|ToxicDebris|MeteorBeam,SludgeBomb,EarthPower,SpikyShield|||F|||50|,,,,,Grass
|l|☆naM kliM
|player|p1|
|j|☆naM kliM
|player|p1|naM kliM|265|
|
|t:|1757077463
|teamsize|p1|4
|teamsize|p2|4
|start
|switch|p1a: Torkoal|Torkoal, L50, F|100/100
|switch|p1b: Lilligant|Lilligant-Hisui, L50, F|100/100
|switch|p2a: Talonflame|Talonflame, L50, M|100/100
|switch|p2b: Glimmora|Glimmora, L50, F|100/100
|-weather|SunnyDay|[from] ability: Drought|[of] p1a: Torkoal
|turn|1
|
|t:|1757077481
|switch|p1a: Kingambit|Kingambit, L50, M|100/100
|-terastallize|p2b: Glimmora|Grass
|move|p2a: Talonflame|Tailwind|p2a: Talonflame
|-sidestart|p2: minasdevilcrobats|move: Tailwind
|move|p1b: Lilligant|Sleep Powder|p2a: Talonflame
|-status|p2a: Talonflame|slp|[from] move: Sleep Powder
|move|p2b: Glimmora|Meteor Beam||[still]
|-prepare|p2b: Glimmora|Meteor Beam
|-boost|p2b: Glimmora|spa|1
|-enditem|p2b: Glimmora|Power Herb
|-anim|p2b: Glimmora|Meteor Beam|p1a: Kingambit
|-resisted|p1a: Kingambit
|-damage|p1a: Kingambit|49/100
|
|-weather|SunnyDay|[upkeep]
|upkeep
|turn|2
|
|t:|1757077496
|move|p1b: Lilligant|Protect|p1b: Lilligant
|-singleturn|p1b: Lilligant|Protect
|cant|p2a: Talonflame|slp
|move|p2b: Glimmora|Sludge Bomb|p1b: Lilligant
|-activate|p1b: Lilligant|move: Protect
|move|p1a: Kingambit|Swords Dance|p1a: Kingambit
|-boost|p1a: Kingambit|atk|2
|
|-weather|SunnyDay|[upkeep]
|upkeep
|turn|3
|
|t:|1757077510
|move|p2b: Glimmora|Spiky Shield|p2b: Glimmora
|-singleturn|p2b: Glimmora|move: Protect
|cant|p2a: Talonflame|slp
|move|p1b: Lilligant|After You|p1a: Kingambit
|-activate|p1a: Kingambit|move: After You
|move|p1a: Kingambit|Kowtow Cleave|p2a: Talonflame
|-damage|p2a: Talonflame|0 fnt
|faint|p2a: Talonflame
|
|-weather|SunnyDay|[upkeep]
|upkeep
|
|t:|1757077522
|switch|p2a: Dondozo|Dondozo, L50, M|100/100
|turn|4
|
|t:|1757077530
|move|p2a: Dondozo|Protect|p2a: Dondozo
|-singleturn|p2a: Dondozo|Protect
|move|p1a: Kingambit|Sucker Punch|p2b: Glimmora
|-damage|p2b: Glimmora|0 fnt
|-activate|p2b: Glimmora|ability: Toxic Debris
|-sidestart|p1: naM kliM|move: Toxic Spikes
|faint|p2b: Glimmora
|move|p1b: Lilligant|Sleep Powder|p2a: Dondozo
|-activate|p2a: Dondozo|move: Protect
|
|-weather|SunnyDay|[upkeep]
|-sideend|p2: minasdevilcrobats|move: Tailwind
|upkeep
|
|t:|1757077537
|switch|p2b: Tatsugiri|Tatsugiri, L50, F|100/100
|-activate|p2b: Tatsugiri|ability: Commander|[of] p2a: Dondozo
|-boost|p2a: Dondozo|atk|2
|-boost|p2a: Dondozo|spa|2
|-boost|p2a: Dondozo|spe|2
|-boost|p2a: Dondozo|def|2
|-boost|p2a: Dondozo|spd|2
|turn|5
|
|t:|1757077543
|move|p2a: Dondozo|Protect||[still]
|-fail|p2a: Dondozo
|move|p1a: Kingambit|Sucker Punch||[still]
|-fail|p1a: Kingambit
|move|p1b: Lilligant|Sleep Powder|p2a: Dondozo
|-status|p2a: Dondozo|slp|[from] move: Sleep Powder
|
|-weather|none
|upkeep
|turn|6
|
|t:|1757077552
|cant|p2a: Dondozo|slp
|move|p1b: Lilligant|Close Combat|p2a: Dondozo
|-damage|p2a: Dondozo|85/100 slp
|-unboost|p1b: Lilligant|def|1
|-unboost|p1b: Lilligant|spd|1
|move|p1a: Kingambit|Kowtow Cleave|p2a: Dondozo
|-damage|p2a: Dondozo|64/100 slp
|
|-heal|p2a: Dondozo|70/100 slp|[from] item: Leftovers
|upkeep
|turn|7
|
|t:|1757077561
|-curestatus|p2a: Dondozo|slp|[msg]
|move|p2a: Dondozo|Earthquake|p1a: Kingambit|[spread] p1a,p1b
|-miss|p2a: Dondozo|p2b: Tatsugiri
|-supereffective|p1a: Kingambit
|-resisted|p1b: Lilligant
|-damage|p1a: Kingambit|0 fnt
|-damage|p1b: Lilligant|78/100
|faint|p1a: Kingambit
|move|p1b: Lilligant|Close Combat|p2a: Dondozo
|-damage|p2a: Dondozo|54/100
|-unboost|p1b: Lilligant|def|1
|-unboost|p1b: Lilligant|spd|1
|
|-heal|p2a: Dondozo|60/100|[from] item: Leftovers
|upkeep
|
|t:|1757077566
|switch|p1a: Torkoal|Torkoal, L50, F|100/100
|-status|p1a: Torkoal|psn
|-weather|SunnyDay|[from] ability: Drought|[of] p1a: Torkoal
|turn|8
|
|t:|1757077571
|move|p2a: Dondozo|Protect|p2a: Dondozo
|-singleturn|p2a: Dondozo|Protect
|move|p1b: Lilligant|Sleep Powder|p2a: Dondozo
|-activate|p2a: Dondozo|move: Protect
|move|p1a: Torkoal|Solar Beam||[still]
|-prepare|p1a: Torkoal|Solar Beam
|-anim|p1a: Torkoal|Solar Beam|p2a: Dondozo
|-activate|p2a: Dondozo|move: Protect
|
|-weather|SunnyDay|[upkeep]
|-heal|p2a: Dondozo|66/100|[from] item: Leftovers
|-damage|p1a: Torkoal|88/100 psn|[from] psn
|upkeep
|turn|9
|
|t:|1757077578
|move|p1b: Lilligant|Sleep Powder|p2a: Dondozo
|-status|p2a: Dondozo|slp|[from] move: Sleep Powder
|cant|p2a: Dondozo|slp
|move|p1a: Torkoal|Solar Beam||[still]
|-prepare|p1a: Torkoal|Solar Beam
|-anim|p1a: Torkoal|Solar Beam|p2a: Dondozo
|-supereffective|p2a: Dondozo
|-damage|p2a: Dondozo|21/100 slp
|
|-weather|SunnyDay|[upkeep]
|-heal|p2a: Dondozo|27/100 slp|[from] item: Leftovers
|-damage|p1a: Torkoal|76/100 psn|[from] psn
|upkeep
|turn|10
|
|t:|1757077592
|cant|p2a: Dondozo|slp
|move|p1b: Lilligant|Close Combat|p2a: Dondozo
|-damage|p2a: Dondozo|11/100 slp
|-unboost|p1b: Lilligant|def|1
|-unboost|p1b: Lilligant|spd|1
|move|p1a: Torkoal|Solar Beam||[still]
|-prepare|p1a: Torkoal|Solar Beam
|-anim|p1a: Torkoal|Solar Beam|p2a: Dondozo
|-supereffective|p2a: Dondozo
|-damage|p2a: Dondozo|0 fnt
|faint|p2a: Dondozo
|
|-weather|SunnyDay|[upkeep]
|-damage|p1a: Torkoal|63/100 psn|[from] psn
|upkeep
|turn|11
|
|t:|1757077599
|move|p1b: Lilligant|Protect|p1b: Lilligant
|-singleturn|p1b: Lilligant|Protect
|move|p2b: Tatsugiri|Muddy Water|p1b: Lilligant|[spread] p1a
|-activate|p1b: Lilligant|move: Protect
|-supereffective|p1a: Torkoal
|-damage|p1a: Torkoal|15/100 psn
|-unboost|p1a: Torkoal|accuracy|1
|-damage|p2b: Tatsugiri|91/100|[from] item: Life Orb
|move|p1a: Torkoal|Solar Beam||[still]
|-prepare|p1a: Torkoal|Solar Beam
|-anim|p1a: Torkoal|Solar Beam|p2b: Tatsugiri
|-damage|p2b: Tatsugiri|34/100
|
|-weather|SunnyDay|[upkeep]
|-damage|p1a: Torkoal|2/100 psn|[from] psn
|upkeep
|turn|12
|
|t:|1757077609
|move|p2b: Tatsugiri|Protect|p2b: Tatsugiri
|-singleturn|p2b: Tatsugiri|Protect
|move|p1b: Lilligant|After You|p1a: Torkoal
|-activate|p1a: Torkoal|move: After You
|move|p1a: Torkoal|Solar Beam||[still]
|-prepare|p1a: Torkoal|Solar Beam
|-anim|p1a: Torkoal|Solar Beam|p2b: Tatsugiri
|-activate|p2b: Tatsugiri|move: Protect
|
|-weather|none
|-damage|p1a: Torkoal|0 fnt|[from] psn
|faint|p1a: Torkoal
|upkeep
|
|t:|1757077610
|switch|p1a: Grimmsnarl|Grimmsnarl, L50, M|100/100
|-status|p1a: Grimmsnarl|psn
|turn|13
|
|t:|1757077620
|move|p1a: Grimmsnarl|Light Screen|p1a: Grimmsnarl
|-sidestart|p1: naM kliM|move: Light Screen
|move|p1b: Lilligant|Sleep Powder|p2b: Tatsugiri
|-status|p2b: Tatsugiri|slp|[from] move: Sleep Powder
|cant|p2b: Tatsugiri|slp
|
|-damage|p1a: Grimmsnarl|88/100 psn|[from] psn
|upkeep
|turn|14
|
|t:|1757077625
|move|p1b: Lilligant|Close Combat|p2b: Tatsugiri
|-damage|p2b: Tatsugiri|0 fnt
|-unboost|p1b: Lilligant|def|1
|-unboost|p1b: Lilligant|spd|1
|faint|p2b: Tatsugiri
|
|win|naM kliM
|raw|naM kliM's rating: 1124 → 1148(+24 for winning)
|raw|minasdevilcrobats's rating: 1107 → 1083(-24 for losing)
|l|☆naM kliM
|player|p1|
