|j|☆the doctor rock
|j|☆hugoggg
|html|the doctor rockhugoggg    
|uhtml|bestof|Game 2 of a best-of-3
|t:|1785958681
|gametype|doubles
|player|p1|the doctor rock|marlon|1086
|player|p2|hugoggg|102|1187
|gen|9
|tier|[Gen 9 Champions] VGC 2026 Reg M-B (Bo3)
|rated|
|rule|Species Clause: Limit one of each Pokémon
|rule|Item Clause: Limit 1 of each item
|clearpoke
|poke|p1|Malamar, L50, F|
|poke|p1|Camerupt, L50, F|
|poke|p1|Kingambit, L50, M|
|poke|p1|Basculegion, L50, M|
|poke|p1|Farigiraf, L50, M|
|poke|p1|Vanilluxe, L50, F|
|poke|p2|Froslass, L50, F|
|poke|p2|Dragonite, L50, F|
|poke|p2|Sneasler, L50, F|
|poke|p2|Arcanine-Hisui, L50, F|
|poke|p2|Gholdengo, L50|
|poke|p2|Kingambit, L50, F|
|teampreview|4
|showteam|p1|Malamar||MentalHerb|Contrary|Superpower,TopsyTurvy,TrickRoom,Protect|Adamant||F|||50|]Camerupt||Cameruptite|SolidRock|HeatWave,EarthPower,Overheat,Protect|Quiet||F|||50|]Kingambit||LifeOrb|Defiant|KowtowCleave,SuckerPunch,IronHead,Protect|Adamant||M|||50|]Basculegion||ChoiceScarf|Adaptability|WaveCrash,AquaJet,LastRespects,FlipTurn|Jolly||M|||50|]Farigiraf||SitrusBerry|ArmorTail|HyperVoice,PsychicFangs,HelpingHand,TrickRoom|Relaxed||M|||50|]Vanilluxe||NeverMeltIce|SnowWarning|Blizzard,FreezeDry,IceShard,Protect|Sassy||F|||50|
|showteam|p2|Froslass||Froslassite|CursedBody|Blizzard,ShadowBall,AuroraVeil,Protect|Modest||F|||50|]Dragonite||DragonFang|Multiscale|ScaleShot,LowKick,Tailwind,Protect|Adamant||F|||50|]Sneasler||WhiteHerb|Unburden|CloseCombat,GunkShot,FakeOut,Protect|Adamant||F|||50|]Arcanine-Hisui||FocusSash|RockHead|HeadSmash,FlareBlitz,ExtremeSpeed,Protect|Adamant||F|||50|]Gholdengo||ChoiceScarf|GoodasGold|MakeItRain,ShadowBall,PowerGem,Trick|Modest|||||50|]Kingambit||LifeOrb|Defiant|KowtowCleave,SuckerPunch,SwordsDance,Protect|Adamant||F|||50|
|inactive|Battle timer is ON: inactive players will automatically lose when time's up. (requested by the doctor rock)
|inactive|hugoggg has 60 seconds left.
|inactive|hugoggg has 30 seconds left.
|inactive|hugoggg has 20 seconds left.
|inactive|hugoggg has 15 seconds left.
|
|t:|1785958764
|teamsize|p1|4
|teamsize|p2|4
|start
|switch|p1a: Farigiraf|Farigiraf, L50, M|100/100
|switch|p1b: Kingambit|Kingambit, L50, M|100/100
|switch|p2a: Animal|Arcanine-Hisui, L50, F|100/100
|switch|p2b: Streetcat|Sneasler, L50, F|100/100
|turn|1
|inactive|the doctor rock has 30 seconds left.
|
|t:|1785958791
|move|p1b: Kingambit|Protect|p1b: Kingambit
|-singleturn|p1b: Kingambit|Protect
|move|p2b: Streetcat|Close Combat|p1a: Farigiraf
|-damage|p1a: Farigiraf|48/100
|-unboost|p2b: Streetcat|def|1
|-unboost|p2b: Streetcat|spd|1
|-enditem|p1a: Farigiraf|Sitrus Berry|[eat]
|-heal|p1a: Farigiraf|73/100|[from] item: Sitrus Berry
|-enditem|p2b: Streetcat|White Herb
|-clearnegativeboost|p2b: Streetcat|[silent]
|move|p2a: Animal|Head Smash|p1a: Farigiraf
|-damage|p1a: Farigiraf|14/100
|move|p1a: Farigiraf|Psychic Fangs|p2b: Streetcat
|-supereffective|p2b: Streetcat|2
|-damage|p2b: Streetcat|0 fnt
|faint|p2b: Streetcat
|
|upkeep
|
|t:|1785958807
|switch|p2b: Ghost rule|Froslass, L50, F|100/100
|turn|2
|
|t:|1785958821
|switch|p1b: Camerupt|Camerupt, L50, F|100/100
|detailschange|p2b: Ghost rule|Froslass-Mega, L50, F
|-mega|p2b: Ghost rule|Froslass|Froslassite
|-weather|Snowscape|[from] ability: Snow Warning|[of] p2b: Ghost rule
|move|p2b: Ghost rule|Aurora Veil|p2b: Ghost rule
|-sidestart|p2: hugoggg|move: Aurora Veil
|move|p2a: Animal|Flare Blitz|p1a: Farigiraf
|-damage|p1a: Farigiraf|0 fnt
|faint|p1a: Farigiraf
|
|-weather|Snowscape|[upkeep]
|upkeep
|
|t:|1785958830
|switch|p1a: Basculegion|Basculegion, L50, M|100/100
|turn|3
|
|t:|1785958847
|detailschange|p1b: Camerupt|Camerupt-Mega, L50, F
|-mega|p1b: Camerupt|Camerupt|Cameruptite
|move|p1a: Basculegion|Flip Turn|p2b: Ghost rule
|-damage|p2b: Ghost rule|74/100
|
|t:|1785958852
|switch|p1a: Kingambit|Kingambit, L50, M|100/100|[from] Flip Turn
|move|p2b: Ghost rule|Shadow Ball|p1a: Kingambit
|-resisted|p1a: Kingambit|1
|-damage|p1a: Kingambit|79/100
|move|p2a: Animal|Head Smash|p1b: Camerupt|[miss]
|-miss|p2a: Animal|p1b: Camerupt
|move|p1b: Camerupt|Heat Wave|p2a: Animal|[spread] p2a
|-miss|p1b: Camerupt|p2b: Ghost rule
|-resisted|p2a: Animal|2
|-damage|p2a: Animal|87/100
|
|-weather|Snowscape|[upkeep]
|upkeep
|turn|4
|
|t:|1785958872
|switch|p2b: Flop era|Gholdengo, L50|100/100
|move|p2a: Animal|Flare Blitz|p1a: Kingambit
|-supereffective|p1a: Kingambit|1
|-damage|p1a: Kingambit|0 fnt
|faint|p1a: Kingambit
|move|p1b: Camerupt|Earth Power|p2a: Animal
|-supereffective|p2a: Animal|2
|-damage|p2a: Animal|0 fnt
|faint|p2a: Animal
|
|-weather|Snowscape|[upkeep]
|upkeep
|
|t:|1785958881
|switch|p2a: Ghost rule|Froslass-Mega, L50, F|74/100
|switch|p1a: Basculegion|Basculegion, L50, M|100/100
|turn|5
|
|t:|1785958899
|move|p2a: Ghost rule|Protect|p2a: Ghost rule
|-singleturn|p2a: Ghost rule|Protect
|move|p1a: Basculegion|Last Respects|p2b: Flop era
|-supereffective|p2b: Flop era|1
|-damage|p2b: Flop era|0 fnt
|faint|p2b: Flop era
|move|p1b: Camerupt|Heat Wave|p2a: Ghost rule
|-activate|p2a: Ghost rule|move: Protect
|
|-weather|Snowscape|[upkeep]
|upkeep
|turn|6
|-message|hugoggg forfeited.
|
|win|the doctor rock
|raw|the doctor rock's rating: 1086 → 1121(+35 for winning)
|raw|hugoggg's rating: 1187 → 1155(-32 for losing)
|l|☆the doctor rock
|player|p1|
