|j|â˜†SP-88
|j|â˜†sturmkitten69
|html|SP-88sturmkitten69    
|uhtml|bestof|Game 1 of a best-of-3
|t:|1784707718
|gametype|doubles
|player|p1|SP-88|n|1169
|player|p2|sturmkitten69|fisherman-gen4|1144
|gen|9
|tier|[Gen 9 Champions] VGC 2026 Reg M-B (Bo3)
|rated|
|rule|Species Clause: Limit one of each PokĂ©mon
|rule|Item Clause: Limit 1 of each item
|clearpoke
|poke|p1|Charizard, L50, M|
|poke|p1|Aerodactyl, L50, M|
|poke|p1|Farigiraf, L50, F|
|poke|p1|Kingambit, L50, F|
|poke|p1|Sylveon, L50, F|
|poke|p1|Garchomp, L50, M|
|poke|p2|Incineroar, L50, M, shiny|
|poke|p2|Rotom-Wash, L50, shiny|
|poke|p2|Delphox, L50, M|
|poke|p2|Altaria, L50, M|
|poke|p2|Sinistcha, L50|
|poke|p2|Chesnaught, L50, M, shiny|
|teampreview|4
|showteam|p1|Charizard||CharizarditeY|Blaze|WeatherBall,HeatWave,SolarBeam,Protect|Modest||M|||50|]Aerodactyl||Aerodactylite|RockHead|RockSlide,IceFang,Tailwind,WideGuard|Jolly||M|||50|]Farigiraf||SitrusBerry|ArmorTail|TwinBeam,TrickRoom,Thunderbolt,Roar|Sassy||F|||50|]Kingambit||FocusSash|Defiant|KowtowCleave,SuckerPunch,IronHead,LowKick|Adamant||F|||50|]Sylveon||FairyFeather|Pixilate|HyperVoice,HyperBeam,QuickAttack,Detect|Modest||F|||50|]Garchomp||LifeOrb|RoughSkin|Earthquake,DragonClaw,RockSlide,Protect|Jolly||M|||50|
|showteam|p2|Incineroar||PasshoBerry|Intimidate|FakeOut,PartingShot,ThroatChop,FlareBlitz|Impish||M|||50|]Rotom-Wash||ChoiceScarf|Levitate|VoltSwitch,Electroweb,WillOWisp,HydroPump|Timid|||||50|]Delphox||Delphoxite|Blaze|HeatWave,CalmMind,Psychic,Protect|Timid||M|||50|]Altaria||RoseliBerry|CloudNine|Tailwind,Roost,WillOWisp,DragonPulse|Bold||M|||50|]Sinistcha||SitrusBerry|Hospitality|Protect,RagePowder,LifeDew,MatchaGotcha|Bold|||||50|]Chesnaught||Leftovers|Bulletproof|WideGuard,BodyPress,WoodHammer,SpikyShield|Impish||M|||50|
|
|t:|1784707777
|teamsize|p1|4
|teamsize|p2|4
|start
|switch|p1a: ClĂ©ment Dezon|Aerodactyl, L50, M|100/100
|switch|p1b: MĂ©lanchomp|Garchomp, L50, M|100/100
|switch|p2a: Incineroar|Incineroar, L50, M, shiny|100/100
|switch|p2b: Altaria|Altaria, L50, M|100/100
|-ability|p2b: Altaria|Cloud Nine
|-ability|p2a: Incineroar|Intimidate|boost
|-unboost|p1a: ClĂ©ment Dezon|atk|1
|-unboost|p1b: MĂ©lanchomp|atk|1
|turn|1
|
|t:|1784707820
|detailschange|p1a: ClĂ©ment Dezon|Aerodactyl-Mega, L50, M
|-mega|p1a: ClĂ©ment Dezon|Aerodactyl|Aerodactylite
|move|p2a: Incineroar|Fake Out|p1a: ClĂ©ment Dezon
|-resisted|p1a: ClĂ©ment Dezon|1
|-damage|p1a: ClĂ©ment Dezon|93/100
|cant|p1a: ClĂ©ment Dezon|flinch
|move|p1b: MĂ©lanchomp|Rock Slide|p2a: Incineroar|[spread] p2a
|-miss|p1b: MĂ©lanchomp|p2b: Altaria
|-supereffective|p2a: Incineroar|1
|-damage|p2a: Incineroar|74/100
|-damage|p1b: MĂ©lanchomp|90/100|[from] item: Life Orb
|move|p2b: Altaria|Will-O-Wisp|p1b: MĂ©lanchomp
|-status|p1b: MĂ©lanchomp|brn
|
|-damage|p1b: MĂ©lanchomp|84/100 brn|[from] brn
|upkeep
|turn|2
|
|t:|1784707859
|move|p1a: ClĂ©ment Dezon|Rock Slide|p2a: Incineroar|[spread] p2a,p2b
|-supereffective|p2a: Incineroar|1
|-supereffective|p2b: Altaria|1
|-damage|p2a: Incineroar|44/100
|-damage|p2b: Altaria|71/100
|move|p1b: MĂ©lanchomp|Dragon Claw|p2b: Altaria
|-supereffective|p2b: Altaria|1
|-damage|p2b: Altaria|42/100
|-damage|p1b: MĂ©lanchomp|74/100 brn|[from] item: Life Orb
|move|p2b: Altaria|Dragon Pulse|p1b: MĂ©lanchomp
|-supereffective|p1b: MĂ©lanchomp|1
|-damage|p1b: MĂ©lanchomp|29/100 brn
|move|p2a: Incineroar|Parting Shot|p1a: ClĂ©ment Dezon
|-unboost|p1a: ClĂ©ment Dezon|atk|1
|-unboost|p1a: ClĂ©ment Dezon|spa|1
|
|t:|1784707880
|switch|p2a: Delphox|Delphox, L50, M|100/100|[from] Parting Shot
|
|-damage|p1b: MĂ©lanchomp|23/100 brn|[from] brn
|upkeep
|turn|3
|
|t:|1784707905
|switch|p2b: Incineroar|Incineroar, L50, M, shiny|44/100
|-ability|p2b: Incineroar|Intimidate|boost
|-unboost|p1a: ClĂ©ment Dezon|atk|1
|-unboost|p1b: MĂ©lanchomp|atk|1
|detailschange|p2a: Delphox|Delphox-Mega, L50, M
|-mega|p2a: Delphox|Delphox|Delphoxite
|move|p1a: ClĂ©ment Dezon|Tailwind|p1a: ClĂ©ment Dezon
|-sidestart|p1: SP-88|move: Tailwind
|move|p1b: MĂ©lanchomp|Rock Slide|p2b: Incineroar|[spread] p2a,p2b
|-supereffective|p2a: Delphox|1
|-supereffective|p2b: Incineroar|1
|-damage|p2a: Delphox|84/100
|-damage|p2b: Incineroar|34/100
|-damage|p1b: MĂ©lanchomp|13/100 brn|[from] item: Life Orb
|move|p2a: Delphox|Calm Mind|p2a: Delphox
|-boost|p2a: Delphox|spa|1
|-boost|p2a: Delphox|spd|1
|
|-damage|p1b: MĂ©lanchomp|7/100 brn|[from] brn
|upkeep
|turn|4
|c|â˜†SP-88|fun to troll cheese
|c|â˜†SP-88|it's funny
|
|t:|1784707943
|switch|p2b: Chesnaught|Chesnaught, L50, M, shiny|100/100
|move|p1a: ClĂ©ment Dezon|Rock Slide|p2a: Delphox|[spread] p2a
|-miss|p1a: ClĂ©ment Dezon|p2b: Chesnaught
|-supereffective|p2a: Delphox|1
|-damage|p2a: Delphox|59/100
|move|p1b: MĂ©lanchomp|Rock Slide|p2a: Delphox|[spread] p2b
|-miss|p1b: MĂ©lanchomp|p2a: Delphox
|-resisted|p2b: Chesnaught|1
|-damage|p2b: Chesnaught|98/100
|-damage|p1b: MĂ©lanchomp|0 fnt|[from] item: Life Orb
|faint|p1b: MĂ©lanchomp
|move|p2a: Delphox|Psychic|p1a: ClĂ©ment Dezon
|-damage|p1a: ClĂ©ment Dezon|7/100
|
|-heal|p2b: Chesnaught|100/100|[from] item: Leftovers
|upkeep
|c|â˜†sturmkitten69|this aint cheese mate
|
|t:|1784707960
|switch|p1b: Luka Megurine|Sylveon, L50, F|100/100
|turn|5
|c|â˜†sturmkitten69|you're using  big six dafuq u talking about?
|c|â˜†sturmkitten69|lol
|
|t:|1784707983
|switch|p1a: LaSoeur2Jay|Charizard, L50, M|100/100
|move|p2b: Chesnaught|Wide Guard|p2b: Chesnaught
|-singleturn|p2b: Chesnaught|Wide Guard
|move|p2a: Delphox|Heat Wave|p1a: LaSoeur2Jay|[spread] p1a,p1b
|-resisted|p1a: LaSoeur2Jay|1
|-damage|p1a: LaSoeur2Jay|70/100
|-damage|p1b: Luka Megurine|59/100
|move|p1b: Luka Megurine|Hyper Beam|p2a: Delphox
|-resisted|p2a: Delphox|1
|-damage|p2a: Delphox|30/100
|-mustrecharge|p1b: Luka Megurine
|
|upkeep
|turn|6
|c|â˜†SP-88|you use a cheese man
|c|â˜†sturmkitten69|lol realy?
|c|â˜†sturmkitten69|this is anti meta
|c|â˜†sturmkitten69|u are literally using big six
|c|â˜†sturmkitten69|that's jusrt skill issue lol
|inactive|Battle timer is ON: inactive players will automatically lose when time's up. (requested by sturmkitten69)
|
|t:|1784708031
|move|p2b: Chesnaught|Wide Guard|p2b: Chesnaught
|-singleturn|p2b: Chesnaught|Wide Guard
|move|p1a: LaSoeur2Jay|Heat Wave|p2a: Delphox|[spread] 
|-activate|p2a: Delphox|move: Wide Guard
|-activate|p2b: Chesnaught|move: Wide Guard
|move|p2a: Delphox|Calm Mind|p2a: Delphox
|-boost|p2a: Delphox|spa|1
|-boost|p2a: Delphox|spd|1
|cant|p1b: Luka Megurine|recharge
|
|-sideend|p1: SP-88|move: Tailwind
|upkeep
|turn|7
|c|â˜†SP-88|skill issue ?
|c|â˜†sturmkitten69|yeah
|c|â˜†sturmkitten69|:)
|c|â˜†SP-88|i'm saying before that i'm trolling
|c|â˜†sturmkitten69|gonna cry about it?
|c|â˜†sturmkitten69|trolling?
|c|â˜†sturmkitten69|lol
|c|â˜†sturmkitten69|you are clearly an idiot
|inactive|SP-88 has 30 seconds left.
|inactive|sturmkitten69 has 30 seconds left.
|c|â˜†sturmkitten69|lmao
|c|â˜†SP-88|Oh am i ?
|c|â˜†sturmkitten69|u lost and u call it trolling
|inactive|SP-88 has 20 seconds left.
|inactive|sturmkitten69 has 20 seconds left.
|inactive|sturmkitten69 has 15 seconds left.
|
|t:|1784708071
|move|p2b: Chesnaught|Wide Guard|p2b: Chesnaught
|-singleturn|p2b: Chesnaught|Wide Guard
|move|p2a: Delphox|Heat Wave|p1b: Luka Megurine|[spread] p1a
|-miss|p2a: Delphox|p1b: Luka Megurine
|-resisted|p1a: LaSoeur2Jay|1
|-damage|p1a: LaSoeur2Jay|25/100
|move|p1a: LaSoeur2Jay|Heat Wave|p2b: Chesnaught|[spread] 
|-activate|p2a: Delphox|move: Wide Guard
|-activate|p2b: Chesnaught|move: Wide Guard
|move|p1b: Luka Megurine|Hyper Voice|p2a: Delphox|[spread] 
|-activate|p2a: Delphox|move: Wide Guard
|-activate|p2b: Chesnaught|move: Wide Guard
|
|upkeep
|turn|8
|c|â˜†SP-88|Right man ,
|inactive|sturmkitten69 has 30 seconds left.
|
|t:|1784708098
|move|p2b: Chesnaught|Wide Guard|p2b: Chesnaught
|-singleturn|p2b: Chesnaught|Wide Guard
|move|p2a: Delphox|Heat Wave|p1b: Luka Megurine|[spread] p1a,p1b
|-resisted|p1a: LaSoeur2Jay|1
|-damage|p1a: LaSoeur2Jay|0 fnt
|-damage|p1b: Luka Megurine|7/100
|faint|p1a: LaSoeur2Jay
|move|p1b: Luka Megurine|Hyper Voice|p2a: Delphox|[spread] 
|-activate|p2a: Delphox|move: Wide Guard
|-activate|p2b: Chesnaught|move: Wide Guard
|
|upkeep
|c|â˜†SP-88|not my fault if you can't see that i'm trolling
|
|t:|1784708109
|switch|p1a: ClĂ©ment Dezon|Aerodactyl-Mega, L50, M|7/100
|turn|9
|c|â˜†sturmkitten69|lol
|c|â˜†sturmkitten69|okay if u say so
|c|â˜†sturmkitten69|sorry if u called u an idiot
|c|â˜†SP-88|i think it's fun to troll
|c|â˜†sturmkitten69|u are a pretentious moron
|inactive|sturmkitten69 has 30 seconds left.
|
|t:|1784708143
|move|p2b: Chesnaught|Wide Guard|p2b: Chesnaught
|-singleturn|p2b: Chesnaught|Wide Guard
|move|p1a: ClĂ©ment Dezon|Rock Slide|p2b: Chesnaught|[spread] 
|-activate|p2a: Delphox|move: Wide Guard
|-activate|p2b: Chesnaught|move: Wide Guard
|move|p2a: Delphox|Psychic|p1b: Luka Megurine
|-damage|p1b: Luka Megurine|0 fnt
|faint|p1b: Luka Megurine
|
|upkeep
|turn|10
|
|t:|1784708161
|move|p2b: Chesnaught|Wide Guard|p2b: Chesnaught
|-singleturn|p2b: Chesnaught|Wide Guard
|move|p1a: ClĂ©ment Dezon|Rock Slide|p2b: Chesnaught|[spread] 
|-activate|p2a: Delphox|move: Wide Guard
|-activate|p2b: Chesnaught|move: Wide Guard
|move|p2a: Delphox|Psychic|p1a: ClĂ©ment Dezon
|-damage|p1a: ClĂ©ment Dezon|0 fnt
|faint|p1a: ClĂ©ment Dezon
|
|win|sturmkitten69
|c|â˜†SP-88|pretentious ?
|c|â˜†sturmkitten69|just play dude
|c|â˜†SP-88|i'm just having fun
|inactive|SP-88 has 30 seconds to confirm battle start!
|inactive|sturmkitten69 has 30 seconds to confirm battle start!
|c|â˜†sturmkitten69|ayt
|inactive|SP-88 has 20 seconds to confirm battle start!
|inactive|sturmkitten69 has 20 seconds to confirm battle start!
|inactive|SP-88 has 10 seconds to confirm battle start!
|inactive|sturmkitten69 has 10 seconds to confirm battle start!
|c|â˜†sturmkitten69|u calling my strat cheese?
||sturmkitten69 is ready for game 2.
|uhtml|next|Next: Game 2 of 3
