|j|☆whoopeesucle
|j|☆littlepotato13
|html|whoopeesuclelittlepotato13    
|uhtml|bestof|Game 3 of a best-of-3
|t:|1784509656
|gametype|doubles
|player|p1|whoopeesucle|1|1066
|player|p2|littlepotato13|2|1168
|gen|9
|tier|[Gen 9 Champions] VGC 2026 Reg M-B (Bo3)
|rated|
|rule|Species Clause: Limit one of each Pokémon
|rule|Item Clause: Limit 1 of each item
|clearpoke
|poke|p1|Meganium, L50, F|
|poke|p1|Aerodactyl, L50, M|
|poke|p1|Farigiraf, L50, M|
|poke|p1|Kingambit, L50, F|
|poke|p1|Ceruledge, L50, F|
|poke|p1|Maushold, L50|
|poke|p2|Whimsicott, L50, M|
|poke|p2|Floette-Eternal, L50, F|
|poke|p2|Garchomp, L50, M|
|poke|p2|Charizard, L50, F|
|poke|p2|Basculegion, L50, M|
|poke|p2|Kingambit, L50, M|
|teampreview|4
|showteam|p1|Meganium||Meganiumite|LeafGuard|WeatherBall,DazzlingGleam,SolarBeam,Protect|Modest||F|||50|]Aerodactyl||FocusSash|Unnerve|DualWingbeat,RockSlide,WideGuard,Tailwind|Jolly||M|||50|]Farigiraf||SitrusBerry|ArmorTail|TrickRoom,HelpingHand,Psychic,Protect|Relaxed||M|||50|]Kingambit||LifeOrb|Defiant|SuckerPunch,KowtowCleave,IronHead,Protect|Brave||F|||50|]Ceruledge||ColburBerry|FlashFire|BitterBlade,BulkUp,ShadowSneak,Protect|Adamant||F|||50|]Maushold||ChopleBerry|FriendGuard|Feint,SuperFang,Protect,FollowMe|Jolly|||||50|
|showteam|p2|Whimsicott||FocusSash|Prankster|Protect,Tailwind,Encore,Moonblast|Timid||M|||50|]Floette-Eternal||Floettite|FlowerVeil|Protect,DazzlingGleam,Moonblast,LightofRuin|Modest||F|||50|]Garchomp||LifeOrb|RoughSkin|Protect,RockSlide,DragonClaw,Earthquake|Jolly||M|||50|]Charizard||CharizarditeY|Blaze|Protect,SolarBeam,HeatWave,WeatherBall|Modest||F|||50|]Basculegion||ChoiceScarf|Adaptability|AquaJet,FlipTurn,WaveCrash,LastRespects|Jolly||M|||50|]Kingambit||BlackGlasses|Defiant|Protect,KowtowCleave,SuckerPunch,IronHead|Adamant||M|||50|
|inactive|Battle timer is ON: inactive players will automatically lose when time's up. (requested by littlepotato13)
|inactive|littlepotato13 has 60 seconds left.
|
|t:|1784509689
|teamsize|p1|4
|teamsize|p2|4
|start
|switch|p1a: Aerodactyl|Aerodactyl, L50, M|100/100
|switch|p1b: Meganium|Meganium, L50, F|100/100
|switch|p2a: Floette|Floette-Eternal, L50, F|100/100
|switch|p2b: Whimsicott|Whimsicott, L50, M|100/100
|-ability|p1a: Aerodactyl|Unnerve
|turn|1
|inactive|whoopeesucle has 30 seconds left.
|
|t:|1784509716
|detailschange|p2a: Floette|Floette-Mega, L50, F
|-mega|p2a: Floette|Floette|Floettite
|-ability|p2a: Floette|Fairy Aura
|detailschange|p1b: Meganium|Meganium-Mega, L50, F
|-mega|p1b: Meganium|Meganium|Meganiumite
|move|p1a: Aerodactyl|Tailwind|p1a: Aerodactyl
|-sidestart|p1: whoopeesucle|move: Tailwind
|move|p1b: Meganium|Solar Beam||[still]
|-prepare|p1b: Meganium|Solar Beam
|-activate|p1b: Meganium|ability: Mega Sol
|-anim|p1b: Meganium|Solar Beam|p2a: Floette
|-damage|p2a: Floette|41/100
|move|p2b: Whimsicott|Moonblast|p1b: Meganium
|-damage|p1b: Meganium|61/100
|-unboost|p1b: Meganium|spa|1
|move|p2a: Floette|Moonblast|p1b: Meganium
|-damage|p1b: Meganium|0 fnt
|faint|p1b: Meganium
|
|upkeep
|
|t:|1784509731
|switch|p1b: Kingambit|Kingambit, L50, F|100/100
|turn|2
|
|t:|1784509741
|switch|p1b: Farigiraf|Farigiraf, L50, M|100/100
|move|p2b: Whimsicott|Protect|p2b: Whimsicott
|-singleturn|p2b: Whimsicott|Protect
|move|p2a: Floette|Protect|p2a: Floette
|-singleturn|p2a: Floette|Protect
|move|p1a: Aerodactyl|Dual Wingbeat|p2b: Whimsicott
|-activate|p2b: Whimsicott|move: Protect
|
|upkeep
|turn|3
|
|t:|1784509763
|move|p2b: Whimsicott|Tailwind|p2b: Whimsicott
|-sidestart|p2: littlepotato13|move: Tailwind
|move|p1a: Aerodactyl|Dual Wingbeat|p2b: Whimsicott
|-supereffective|p2b: Whimsicott|1
|-crit|p2b: Whimsicott
|-damage|p2b: Whimsicott|21/100
|-supereffective|p2b: Whimsicott|1
|-damage|p2b: Whimsicott|0 fnt
|faint|p2b: Whimsicott
|-hitcount|p2: Whimsicott|2
|move|p2a: Floette|Dazzling Gleam|p1b: Farigiraf|[spread] p1a,p1b
|-damage|p1a: Aerodactyl|27/100
|-damage|p1b: Farigiraf|57/100
|move|p1b: Farigiraf|Psychic|p2a: Floette
|-damage|p2a: Floette|16/100
|
|upkeep
|
|t:|1784509778
|switch|p2b: Kingambit|Kingambit, L50, M|100/100
|turn|4
|
|t:|1784509802
|switch|p1a: Kingambit|Kingambit, L50, F|100/100
|move|p2a: Floette|Protect|p2a: Floette
|-singleturn|p2a: Floette|Protect
|move|p1b: Farigiraf|Protect|p1b: Farigiraf
|-singleturn|p1b: Farigiraf|Protect
|move|p2b: Kingambit|Kowtow Cleave|p1b: Farigiraf
|-activate|p1b: Farigiraf|move: Protect
|
|-sideend|p1: whoopeesucle|move: Tailwind
|upkeep
|turn|5
|inactive|whoopeesucle has 30 seconds left.
|inactive|littlepotato13 has 30 seconds left.
|
|t:|1784509832
|switch|p2a: Garchomp|Garchomp, L50, M|100/100
|move|p2b: Kingambit|Kowtow Cleave|p1b: Farigiraf
|-supereffective|p1b: Farigiraf|1
|-damage|p1b: Farigiraf|0 fnt
|faint|p1b: Farigiraf
|move|p1a: Kingambit|Kowtow Cleave|p2a: Garchomp
|-damage|p2a: Garchomp|36/100
|-damage|p1a: Kingambit|87/100|[from] ability: Rough Skin|[of] p2a: Garchomp
|-damage|p1a: Kingambit|78/100|[from] item: Life Orb
|
|upkeep
|
|t:|1784509839
|switch|p1b: Aerodactyl|Aerodactyl, L50, M|27/100
|-ability|p1b: Aerodactyl|Unnerve
|turn|6
|
|t:|1784509859
|move|p1b: Aerodactyl|Wide Guard|p1b: Aerodactyl
|-singleturn|p1b: Aerodactyl|Wide Guard
|move|p2a: Garchomp|Dragon Claw|p1b: Aerodactyl
|-damage|p1b: Aerodactyl|0 fnt
|faint|p1b: Aerodactyl
|-damage|p2a: Garchomp|27/100|[from] item: Life Orb
|move|p2b: Kingambit|Kowtow Cleave|p1a: Kingambit
|-resisted|p1a: Kingambit|1
|-damage|p1a: Kingambit|57/100
|move|p1a: Kingambit|Kowtow Cleave|p2a: Garchomp
|-damage|p2a: Garchomp|0 fnt
|-damage|p1a: Kingambit|44/100|[from] ability: Rough Skin|[of] p2a: Garchomp
|faint|p2a: Garchomp
|-damage|p1a: Kingambit|35/100|[from] item: Life Orb
|
|-sideend|p2: littlepotato13|move: Tailwind
|upkeep
|
|t:|1784509868
|switch|p2a: Floette|Floette-Mega, L50, F|16/100
|-ability|p2a: Floette|Fairy Aura
|turn|7
|
|t:|1784509873
|move|p2a: Floette|Moonblast|p1a: Kingambit
|-damage|p1a: Kingambit|0 fnt
|faint|p1a: Kingambit
|
|win|littlepotato13
|raw|whoopeesucle's rating: 1066 → 1052(-14 for losing)
|raw|littlepotato13's rating: 1168 → 1186(+18 for winning)
|l|☆whoopeesucle
|player|p1|
