|j|☆latios66
|j|☆MrTedno
|html|latios66MrTedno    
|uhtml|bestof|Game 1 of a best-of-3
|t:|1756896361
|gametype|doubles
|player|p1|latios66|265|1142
|player|p2|MrTedno|barry|1265
|gen|9
|tier|[Gen 9] VGC 2025 Reg H (Bo3)
|rated|
|rule|Species Clause: Limit one of each Pokémon
|rule|Item Clause: Limit 1 of each item
|clearpoke
|poke|p1|Toedscruel, L50, F|
|poke|p1|Weezing-Galar, L50, M|
|poke|p1|Corviknight, L50, F|
|poke|p1|Pawmot, L50, M|
|poke|p1|Garchomp, L50, F|
|poke|p1|Typhlosion-Hisui, L50, F|
|poke|p2|Ninetales-Alola, L50, F|
|poke|p2|Garchomp, L50, M|
|poke|p2|Dragonite, L50, F|
|poke|p2|Incineroar, L50, F|
|poke|p2|Gholdengo, L50|
|poke|p2|Farigiraf, L50, M|
|teampreview|4
|showteam|p1|Toedscruel||CovertCloak|MyceliumMight|Spore,EarthPower,AcidSpray,RagePowder|||F|||50|,,,,,Water]Weezing-Galar||ChoiceSpecs|NeutralizingGas|DazzlingGleam,SludgeBomb,StrangeSteam,Flamethrower|||M|||50|,,,,,Fire]Corviknight||SitrusBerry|MirrorArmor|Protect,Tailwind,Roost,BraveBird|||F|||50|,,,,,Dragon]Pawmot||FocusSash|NaturalCure|Protect,CloseCombat,DoubleShock,FakeOut|||M|||50|,,,,,Electric]Garchomp||LifeOrb|RoughSkin|Protect,Earthquake,DragonClaw,StompingTantrum|||F|||50|,,,,,Ground]Typhlosion-Hisui||ChoiceScarf|Blaze|Eruption,SleepTalk,HeatWave,ShadowBall|||F|||50|,,,,,Fire
|showteam|p2|Ninetales-Alola||FocusSash|SnowWarning|Encore,Blizzard,FreezeDry,Protect|||F|||50|,,,,,Ghost]Garchomp||ClearAmulet|RoughSkin|Earthquake,DragonClaw,StompingTantrum,Protect|||M|||50|,,,,,Ground]Dragonite||LumBerry|InnerFocus|TeraBlast,LowKick,ExtremeSpeed,Protect|||F|||50|,,,,,Flying]Incineroar||SafetyGoggles|Intimidate|FakeOut,PartingShot,FlareBlitz,KnockOff|||F|||50|,,,,,Ghost]Gholdengo||LifeOrb|GoodasGold|ShadowBall,MakeItRain,NastyPlot,Protect||||||50|,,,,,Flying]Farigiraf||SitrusBerry|ArmorTail|TrickRoom,Protect,TeraBlast,PsychicNoise|||M|||50|,,,,,Fighting
|inactive|Battle timer is ON: inactive players will automatically lose when time's up. (requested by MrTedno)
|c|☆MrTedno|glhf
|c|☆latios66|Glhf
|inactive|latios66 has 60 seconds left.
|inactive|MrTedno has 60 seconds left.
|inactive|MrTedno has 30 seconds left.
|inactive|MrTedno has 20 seconds left.
|inactive|MrTedno has 15 seconds left.
|inactive|MrTedno has 10 seconds left.
|inactive|MrTedno has 5 seconds left.
|
|t:|1756896450
|teamsize|p1|4
|teamsize|p2|4
|start
|switch|p1a: Toedscruel|Toedscruel, L50, F|100/100
|switch|p1b: Weezing|Weezing-Galar, L50, M|100/100
|switch|p2a: Julien|Incineroar, L50, F|100/100
|switch|p2b: Marty|Dragonite, L50, F|100/100
|-ability|p1b: Weezing|Neutralizing Gas
|turn|1
|inactive|latios66 has 30 seconds left.
|inactive|MrTedno has 30 seconds left.
|inactive|MrTedno has 20 seconds left.
|inactive|MrTedno has 15 seconds left.
|inactive|MrTedno has 10 seconds left.
|inactive|latios66 has 20 seconds left.
|
|t:|1756896503
|switch|p2b: Skipper|Gholdengo, L50|100/100
|-terastallize|p1a: Toedscruel|Water
|move|p1a: Toedscruel|Earth Power|p2a: Julien
|-supereffective|p2a: Julien
|-damage|p2a: Julien|61/100
|move|p1b: Weezing|Dazzling Gleam|p2a: Julien|[spread] p2a,p2b
|-resisted|p2b: Skipper
|-damage|p2a: Julien|34/100
|-damage|p2b: Skipper|81/100
|move|p2a: Julien|Parting Shot|p1b: Weezing
|-unboost|p1b: Weezing|atk|1
|-unboost|p1b: Weezing|spa|1
|
|t:|1756896524
|switch|p2a: Marty|Dragonite, L50, F|100/100|[from] Parting Shot
|
|upkeep
|turn|2
|inactive|MrTedno has 30 seconds left.
|inactive|MrTedno has 20 seconds left.
|inactive|MrTedno has 15 seconds left.
|
|t:|1756896567
|-terastallize|p2a: Marty|Flying
|move|p1a: Toedscruel|Acid Spray|p2a: Marty
|-damage|p2a: Marty|92/100
|-unboost|p2a: Marty|spd|2
|move|p2b: Skipper|Nasty Plot|p2b: Skipper
|-boost|p2b: Skipper|spa|2
|move|p2a: Marty|Tera Blast|p1a: Toedscruel|[anim] Tera Blast Flying
|-damage|p1a: Toedscruel|26/100
|move|p1b: Weezing|Dazzling Gleam|p2a: Marty|[spread] p2a,p2b
|-resisted|p2b: Skipper
|-damage|p2a: Marty|42/100
|-damage|p2b: Skipper|69/100
|
|upkeep
|turn|3
|inactive|MrTedno has 30 seconds left.
|
|t:|1756896601
|move|p2a: Marty|Extreme Speed|p1a: Toedscruel
|-crit|p1a: Toedscruel
|-damage|p1a: Toedscruel|0 fnt
|faint|p1a: Toedscruel
|move|p2b: Skipper|Make It Rain|p1b: Weezing
|-supereffective|p1b: Weezing
|-damage|p1b: Weezing|0 fnt
|-unboost|p2b: Skipper|spa|1
|faint|p1b: Weezing
|-end|p1b: Weezing|ability: Neutralizing Gas
|-damage|p2b: Skipper|60/100|[from] item: Life Orb
|
|upkeep
|
|t:|1756896609
|switch|p1a: Typhlosion|Typhlosion-Hisui, L50, F|100/100
|switch|p1b: Corviknight|Corviknight, L50, F|100/100
|turn|4
|inactive|MrTedno has 30 seconds left.
|inactive|MrTedno has 20 seconds left.
|inactive|MrTedno has 15 seconds left.
|inactive|MrTedno has 10 seconds left.
|
|t:|1756896657
|move|p2b: Skipper|Protect|p2b: Skipper
|-singleturn|p2b: Skipper|Protect
|move|p1a: Typhlosion|Eruption|p2b: Skipper|[spread] p2a
|-activate|p2b: Skipper|move: Protect
|-damage|p2a: Marty|0 fnt
|faint|p2a: Marty
|move|p1b: Corviknight|Tailwind|p1b: Corviknight
|-sidestart|p1: latios66|move: Tailwind
|
|upkeep
|
|t:|1756896679
|switch|p2a: Alex|Garchomp, L50, M|100/100
|turn|5
|
|t:|1756896698
|switch|p2b: Julien|Incineroar, L50, F|34/100
|-ability|p2b: Julien|Intimidate|boost
|-unboost|p1a: Typhlosion|atk|1
|-ability|p1b: Corviknight|Mirror Armor
|-unboost|p2b: Julien|atk|1
|move|p1a: Typhlosion|Eruption|p2b: Julien|[spread] p2a,p2b
|-resisted|p2a: Alex
|-resisted|p2b: Julien
|-damage|p2a: Alex|66/100
|-damage|p2b: Julien|13/100
|move|p1b: Corviknight|Brave Bird|p2a: Alex
|-damage|p2a: Alex|19/100
|-damage|p1b: Corviknight|88/100|[from] ability: Rough Skin|[of] p2a: Alex
|-damage|p1b: Corviknight|74/100|[from] Recoil
|move|p2a: Alex|Stomping Tantrum|p1a: Typhlosion
|-supereffective|p1a: Typhlosion
|-damage|p1a: Typhlosion|0 fnt
|faint|p1a: Typhlosion
|
|upkeep
|turn|6
|inactive|MrTedno has 30 seconds left.
|
|t:|1756896728
|switch|p2a: Skipper|Gholdengo, L50|60/100
|move|p1b: Corviknight|Protect|p1b: Corviknight
|-singleturn|p1b: Corviknight|Protect
|move|p2b: Julien|Fake Out|p1b: Corviknight
|-activate|p1b: Corviknight|move: Protect
|
|upkeep
|turn|7
|
|t:|1756896740
|switch|p2b: Alex|Garchomp, L50, M|19/100
|move|p1b: Corviknight|Brave Bird|p2b: Alex
|-damage|p2b: Alex|0 fnt
|-damage|p1b: Corviknight|62/100|[from] ability: Rough Skin|[of] p2b: Alex
|faint|p2b: Alex
|-damage|p1b: Corviknight|57/100|[from] Recoil
|move|p2a: Skipper|Nasty Plot|p2a: Skipper
|-boost|p2a: Skipper|spa|2
|
|-sideend|p1: latios66|move: Tailwind
|upkeep
|
|t:|1756896747
|switch|p2b: Julien|Incineroar, L50, F|13/100
|-ability|p2b: Julien|Intimidate|boost
|-ability|p1b: Corviknight|Mirror Armor
|-unboost|p2b: Julien|atk|1
|turn|8
|
|t:|1756896755
|move|p1b: Corviknight|Protect|p1b: Corviknight
|-singleturn|p1b: Corviknight|Protect
|move|p2b: Julien|Fake Out|p1b: Corviknight
|-activate|p1b: Corviknight|move: Protect
|move|p2a: Skipper|Nasty Plot|p2a: Skipper
|-boost|p2a: Skipper|spa|2
|
|upkeep
|turn|9
|
|t:|1756896764
|move|p2a: Skipper|Shadow Ball|p1b: Corviknight
|-damage|p1b: Corviknight|0 fnt
|faint|p1b: Corviknight
|-damage|p2a: Skipper|50/100|[from] item: Life Orb
|
|win|MrTedno
||MrTedno is ready for game 2.
|inactive|latios66 has 30 seconds to confirm battle start!
||latios66 is ready for game 2.
|uhtml|next|Next: Game 2 of 3
