|j|ŌśåMirthinion
|j|Ōśåbimbo mafioso
|html|Mirthinionbimbo mafioso    
|uhtml|bestof|Game 2 of a best-of-3
|t:|1757706633
|gametype|doubles
|player|p1|Mirthinion|veteran|1211
|player|p2|bimbo mafioso|swimmerf|1168
|gen|9
|tier|[Gen 9] VGC 2025 Reg H (Bo3)
|rated|
|rule|Species Clause: Limit one of each Pok├®mon
|rule|Item Clause: Limit 1 of each item
|clearpoke
|poke|p1|Incineroar, L50, M|
|poke|p1|Ursaluna, L50, M|
|poke|p1|Gholdengo, L50|
|poke|p1|Murkrow, L50, M|
|poke|p1|Annihilape, L50, F|
|poke|p1|Sinistcha, L50|
|poke|p2|Amoonguss, L50, M|
|poke|p2|Incineroar, L50, F|
|poke|p2|Gholdengo, L50|
|poke|p2|Dragonite, L50, F|
|poke|p2|Ursaluna-Bloodmoon, L50, M|
|poke|p2|Sneasler, L50, F|
|teampreview|4
|showteam|p1|Incineroar||SafetyGoggles|Intimidate|FakeOut,PartingShot,KnockOff,FlareBlitz|||M|||50|,,,,,Bug]Ursaluna||FlameOrb|Guts|Protect,Facade,HeadlongRush,Earthquake|||M|||50|,,,,,Ghost]Gholdengo||LifeOrb|GoodasGold|Protect,NastyPlot,ShadowBall,MakeItRain||||||50|,,,,,Water]Murkrow||Eviolite|Prankster|Tailwind,RainDance,FoulPlay,Haze|||M|||50|,,,,,Ghost]Annihilape||Leftovers|Defiant|Protect,BulkUp,RageFist,DrainPunch|||F|||50|,,,,,Fire]Sinistcha||SitrusBerry|Hospitality|TrickRoom,MatchaGotcha,RagePowder,LifeDew||||||50|,,,,,Dark
|showteam|p2|Amoonguss||SitrusBerry|Regenerator|Spore,RagePowder,PollenPuff,Protect|||M|||50|,,,,,Water]Incineroar||SafetyGoggles|Intimidate|FakeOut,KnockOff,FlareBlitz,PartingShot|||F|||50|,,,,,Ghost]Gholdengo||LifeOrb|GoodasGold|MakeItRain,ShadowBall,NastyPlot,Protect||||||50|,,,,,Water]Dragonite||LoadedDice|Multiscale|ScaleShot,Tailwind,Haze,Protect|||F|||50|,,,,,Fairy]Ursaluna-Bloodmoon||AssaultVest|MindsEye|HyperVoice,EarthPower,BloodMoon,VacuumWave|||M|||50|,,,,,Water]Sneasler||FocusSash|Unburden|CloseCombat,DireClaw,ThroatChop,Protect|||F|||50|,,,,,Stellar
|inactive|Battle timer is ON: inactive players will automatically lose when time's up. (requested by bimbo mafioso)
|inactive|Mirthinion also wants the timer to be on.
|j| Noseqq
|inactive|Mirthinion has 60 seconds left.
|inactive|bimbo mafioso has 60 seconds left.
|l| Noseqq
|
|t:|1757706677
|teamsize|p1|4
|teamsize|p2|4
|start
|switch|p1a: Annihilape|Annihilape, L50, F|100/100
|switch|p1b: Gholdengo|Gholdengo, L50|100/100
|switch|p2a: X2VR|Ursaluna-Bloodmoon, L50, M|100/100
|switch|p2b: Rockstar|Gholdengo, L50|100/100
|turn|1
|inactive|Mirthinion has 30 seconds left.
|inactive|bimbo mafioso has 30 seconds left.
|inactive|Mirthinion has 20 seconds left.
|inactive|bimbo mafioso has 20 seconds left.
|inactive|Mirthinion has 15 seconds left.
|inactive|Mirthinion has 10 seconds left.
|
|t:|1757706724
|-terastallize|p1b: Gholdengo|Water
|move|p1a: Annihilape|Rage Fist|p2b: Rockstar
|-supereffective|p2b: Rockstar
|-damage|p2b: Rockstar|60/100
|move|p1b: Gholdengo|Shadow Ball|p2b: Rockstar
|-supereffective|p2b: Rockstar
|-damage|p2b: Rockstar|0 fnt
|faint|p2b: Rockstar
|-damage|p1b: Gholdengo|91/100|[from] item: Life Orb
|move|p2a: X2VR|Earth Power|p1b: Gholdengo
|-damage|p1b: Gholdengo|35/100
|
|upkeep
|c|Ōśåbimbo mafioso|hell na
|c|Ōśåbimbo mafioso|tie
|
|t:|1757706737
|switch|p2b: XDVR|Amoonguss, L50, M, shiny|100/100
|turn|2
|c|ŌśåMirthinion|yeah, coin flip on that one. Timid, I presume?
|c|Ōśåbimbo mafioso|yep
|
|t:|1757706759
|switch|p1a: Sinistcha|Sinistcha, L50|100/100
|-heal|p1b: Gholdengo|59/100|[from] ability: Hospitality|[of] p1a: Sinistcha
|move|p1b: Gholdengo|Protect|p1b: Gholdengo
|-singleturn|p1b: Gholdengo|Protect
|move|p2a: X2VR|Hyper Voice|p1b: Gholdengo|[spread] p1a
|-activate|p1b: Gholdengo|move: Protect
|-damage|p1a: Sinistcha|67/100
|move|p2b: XDVR|Spore|p1a: Sinistcha
|-immune|p1a: Sinistcha
|
|upkeep
|turn|3
|inactive|Mirthinion has 30 seconds left.
|inactive|Mirthinion has 20 seconds left.
|
|t:|1757706795
|move|p1a: Sinistcha|Rage Powder|p1a: Sinistcha
|-singleturn|p1a: Sinistcha|move: Rage Powder
|move|p1b: Gholdengo|Nasty Plot|p1b: Gholdengo
|-boost|p1b: Gholdengo|spa|2
|move|p2a: X2VR|Blood Moon|p1a: Sinistcha
|-damage|p1a: Sinistcha|0 fnt
|faint|p1a: Sinistcha
|move|p2b: XDVR|Pollen Puff|p2a: X2VR
|
|upkeep
|
|t:|1757706806
|switch|p1a: Incineroar|Incineroar, L50, M|100/100
|-ability|p1a: Incineroar|Intimidate|boost
|-unboost|p2a: X2VR|atk|1
|-unboost|p2b: XDVR|atk|1
|turn|4
|
|t:|1757706811
|switch|p2a: Sfera Ebbasta|Incineroar, L50, F|100/100
|-ability|p2a: Sfera Ebbasta|Intimidate|boost
|-unboost|p1a: Incineroar|atk|1
|-unboost|p1b: Gholdengo|atk|1
|move|p2b: XDVR|Protect|p2b: XDVR
|-singleturn|p2b: XDVR|Protect
|move|p1a: Incineroar|Fake Out|p2a: Sfera Ebbasta
|-damage|p2a: Sfera Ebbasta|93/100
|move|p1b: Gholdengo|Make It Rain|p2b: XDVR|[spread] p2a
|-activate|p2b: XDVR|move: Protect
|-resisted|p2a: Sfera Ebbasta
|-damage|p2a: Sfera Ebbasta|39/100
|-unboost|p1b: Gholdengo|spa|1
|-damage|p1b: Gholdengo|50/100|[from] item: Life Orb
|
|upkeep
|turn|5
|inactive|Mirthinion has 30 seconds left.
|inactive|bimbo mafioso has 30 seconds left.
|
|t:|1757706843
|move|p1b: Gholdengo|Protect|p1b: Gholdengo
|-singleturn|p1b: Gholdengo|Protect
|move|p2a: Sfera Ebbasta|Fake Out|p1a: Incineroar
|-damage|p1a: Incineroar|89/100
|cant|p1a: Incineroar|flinch
|move|p2b: XDVR|Pollen Puff|p2a: Sfera Ebbasta
|-heal|p2a: Sfera Ebbasta|89/100
|
|upkeep
|turn|6
|inactive|Mirthinion has 30 seconds left.
|inactive|bimbo mafioso has 30 seconds left.
|inactive|Mirthinion has 20 seconds left.
|inactive|Mirthinion has 15 seconds left.
|
|t:|1757706884
|switch|p1b: Annihilape|Annihilape, L50, F|100/100
|move|p2a: Sfera Ebbasta|Knock Off|p1b: Annihilape
|-damage|p1b: Annihilape|55/100
|-enditem|p1b: Annihilape|Leftovers|[from] move: Knock Off|[of] p2a: Sfera Ebbasta
|move|p1a: Incineroar|Knock Off|p2b: XDVR
|-damage|p2b: XDVR|75/100
|-enditem|p2b: XDVR|Sitrus Berry|[from] move: Knock Off|[of] p1a: Incineroar
|move|p2b: XDVR|Pollen Puff|p1b: Annihilape
|-resisted|p1b: Annihilape
|-damage|p1b: Annihilape|51/100
|
|upkeep
|turn|7
|inactive|Mirthinion has 30 seconds left.
|inactive|bimbo mafioso has 30 seconds left.
|
|t:|1757706915
|move|p1b: Annihilape|Protect|p1b: Annihilape
|-singleturn|p1b: Annihilape|Protect
|move|p2b: XDVR|Rage Powder|p2b: XDVR
|-singleturn|p2b: XDVR|move: Rage Powder
|move|p1a: Incineroar|Parting Shot|p2a: Sfera Ebbasta
|-unboost|p2a: Sfera Ebbasta|atk|1
|-unboost|p2a: Sfera Ebbasta|spa|1
|
|t:|1757706921
|switch|p1a: Gholdengo|Gholdengo, L50, tera:Water|50/100|[from] Parting Shot
|move|p2a: Sfera Ebbasta|Parting Shot|p1a: Gholdengo
|-immune|p1a: Gholdengo|[from] ability: Good as Gold
|
|upkeep
|turn|8
|
|t:|1757706937
|move|p1b: Annihilape|Rage Fist|p2b: XDVR
|-damage|p2b: XDVR|25/100
|move|p1a: Gholdengo|Make It Rain|p2b: XDVR|[spread] p2a,p2b
|-resisted|p2a: Sfera Ebbasta
|-damage|p2a: Sfera Ebbasta|61/100
|-damage|p2b: XDVR|0 fnt
|-unboost|p1a: Gholdengo|spa|1
|faint|p2b: XDVR
|-damage|p1a: Gholdengo|40/100|[from] item: Life Orb
|move|p2a: Sfera Ebbasta|Flare Blitz|p1b: Annihilape
|-damage|p1b: Annihilape|14/100
|-damage|p2a: Sfera Ebbasta|48/100|[from] Recoil
|
|upkeep
|
|t:|1757706943
|switch|p2b: X2VR|Ursaluna-Bloodmoon, L50, M|100/100
|turn|9
|
|t:|1757706961
|switch|p1a: Incineroar|Incineroar, L50, M|89/100
|-ability|p1a: Incineroar|Intimidate|boost
|-unboost|p2a: Sfera Ebbasta|atk|1
|-unboost|p2b: X2VR|atk|1
|-terastallize|p2b: X2VR|Water
|move|p1b: Annihilape|Protect|p1b: Annihilape
|-singleturn|p1b: Annihilape|Protect
|move|p2b: X2VR|Blood Moon|p1b: Annihilape
|-activate|p1b: Annihilape|move: Protect
|move|p2a: Sfera Ebbasta|Knock Off|p1b: Annihilape
|-activate|p1b: Annihilape|move: Protect
|
|upkeep
|turn|10
|
|t:|1757706976
|move|p1a: Incineroar|Fake Out|p2b: X2VR
|-damage|p2b: X2VR|91/100
|move|p1b: Annihilape|Drain Punch|p2a: Sfera Ebbasta
|-supereffective|p2a: Sfera Ebbasta
|-damage|p2a: Sfera Ebbasta|0 fnt
|-heal|p1b: Annihilape|36/100|[from] drain|[of] p2a: Sfera Ebbasta
|faint|p2a: Sfera Ebbasta
|cant|p2b: X2VR|flinch
|
|upkeep
|turn|11
|-message|bimbo mafioso forfeited.
|
|win|Mirthinion
||Mirthinion is ready for game 3.
||bimbo mafioso is ready for game 3.
|uhtml|next|Next: Game 3 of 3
