|j|☆master 792
|j|☆yumyummy
|html|master 792yumyummy    
|uhtml|bestof|Game 1 of a best-of-3
|t:|1783896067
|gametype|doubles
|player|p1|master 792|red|1123
|player|p2|yumyummy|baker|1088
|gen|9
|tier|[Gen 9 Champions] VGC 2026 Reg M-B (Bo3)
|rated|
|rule|Species Clause: Limit one of each Pokémon
|rule|Item Clause: Limit 1 of each item
|clearpoke
|poke|p1|Metagross, L50, shiny|
|poke|p1|Incineroar, L50, M|
|poke|p1|Sinistcha, L50, shiny|
|poke|p1|Floette-Eternal, L50, F|
|poke|p1|Politoed, L50, F|
|poke|p1|Maushold, L50|
|poke|p2|Sceptile, L50, M|
|poke|p2|Basculegion, L50, M|
|poke|p2|Grimmsnarl, L50, M|
|poke|p2|Politoed, L50, F|
|poke|p2|Metagross, L50|
|poke|p2|Whimsicott, L50, M|
|teampreview|4
|showteam|p1|Metagross||Metagrossite|ClearBody|IronDefense,BodyPress,PsychicFangs,Protect|Bold|||||50|]Incineroar||PasshoBerry|Intimidate|FakeOut,FlareBlitz,PartingShot,DarkestLariat|Adamant||M|||50|]Sinistcha||SitrusBerry|Hospitality|MatchaGotcha,TrickRoom,RagePowder,LifeDew|Calm|||||50|]Floette-Eternal||Floettite|FlowerVeil|Moonblast,DazzlingGleam,CalmMind,Protect|Modest||F|||50|]Politoed||Leftovers|Drizzle|WeatherBall,PerishSong,IceBeam,Protect|Bold||F|||50|]Maushold||ChopleBerry|FriendGuard|Taunt,FollowMe,SuperFang,Protect|Careful|||||50|
|showteam|p2|Sceptile||Sceptilite|Overgrow|EnergyBall,EarthPower,Detect,DragonPulse|Timid||M|||50|]Basculegion||ChoiceScarf|Adaptability|WaveCrash,FlipTurn,LastRespects,AquaJet|Jolly||M|||50|]Grimmsnarl||LightClay|Prankster|FoulPlay,LightScreen,Reflect,PartingShot|Calm||M|||50|]Politoed||SitrusBerry|Drizzle|IceBeam,WeatherBall,HelpingHand,Protect|Calm||F|||50|]Metagross||Metagrossite|ClearBody|IronHead,PsychicFangs,StompingTantrum,Protect|Jolly|||||50|]Whimsicott||FocusSash|Prankster|Moonblast,Encore,Tailwind,Protect|Bold||M|||50|
|
|t:|1783896104
|teamsize|p1|4
|teamsize|p2|4
|start
|switch|p1a: Metagross|Metagross, L50, shiny|100/100
|switch|p1b: Maushold|Maushold, L50|100/100
|switch|p2a: Sceptile|Sceptile, L50, M|100/100
|switch|p2b: Whimsicott|Whimsicott, L50, M|100/100
|turn|1
|
|t:|1783896132
|detailschange|p1a: Metagross|Metagross-Mega, L50, shiny
|-mega|p1a: Metagross|Metagross|Metagrossite
|move|p1b: Maushold|Follow Me|p1b: Maushold
|-singleturn|p1b: Maushold|move: Follow Me
|move|p2b: Whimsicott|Tailwind|p2b: Whimsicott
|-sidestart|p2: yumyummy|move: Tailwind
|move|p2a: Sceptile|Earth Power|p1b: Maushold
|-damage|p1b: Maushold|71/100
|move|p1a: Metagross|Iron Defense|p1a: Metagross
|-boost|p1a: Metagross|def|2
|
|upkeep
|turn|2
|
|t:|1783896170
|detailschange|p2a: Sceptile|Sceptile-Mega, L50, M
|-mega|p2a: Sceptile|Sceptile|Sceptilite
|move|p1b: Maushold|Follow Me|p1b: Maushold
|-singleturn|p1b: Maushold|move: Follow Me
|move|p2a: Sceptile|Earth Power|p1b: Maushold
|-damage|p1b: Maushold|36/100
|move|p2b: Whimsicott|Moonblast|p1b: Maushold
|-damage|p1b: Maushold|9/100
|-unboost|p1b: Maushold|spa|1
|move|p1a: Metagross|Body Press|p2a: Sceptile
|-damage|p2a: Sceptile|0 fnt
|faint|p2a: Sceptile
|
|upkeep
|
|t:|1783896180
|switch|p2a: Basculegion|Basculegion, L50, M|100/100
|turn|3
|
|t:|1783896197
|move|p2b: Whimsicott|Protect|p2b: Whimsicott
|-singleturn|p2b: Whimsicott|Protect
|move|p1b: Maushold|Follow Me|p1b: Maushold
|-singleturn|p1b: Maushold|move: Follow Me
|move|p2a: Basculegion|Flip Turn|p1b: Maushold
|-damage|p1b: Maushold|0 fnt
|faint|p1b: Maushold
|
|t:|1783896203
|switch|p2a: Metagross|Metagross, L50|100/100|[from] Flip Turn
|move|p1a: Metagross|Psychic Fangs|p2a: Metagross
|-resisted|p2a: Metagross|2
|-damage|p2a: Metagross|89/100
|
|upkeep
|
|t:|1783896208
|switch|p1b: Incineroar|Incineroar, L50, M|100/100
|-ability|p1b: Incineroar|Intimidate|boost
|-fail|p2a: Metagross|unboost|[from] ability: Clear Body|[of] p2a: Metagross
|-unboost|p2b: Whimsicott|atk|1
|turn|4
|
|t:|1783896218
|switch|p2b: Basculegion|Basculegion, L50, M|100/100
|move|p2a: Metagross|Protect|p2a: Metagross
|-singleturn|p2a: Metagross|Protect
|move|p1b: Incineroar|Fake Out|p2b: Basculegion
|-immune|p2b: Basculegion
|move|p1a: Metagross|Body Press|p2a: Metagross
|-activate|p2a: Metagross|move: Protect
|
|-sideend|p2: yumyummy|move: Tailwind
|upkeep
|turn|5
|
|t:|1783896232
|move|p2b: Basculegion|Wave Crash|p1b: Incineroar
|-supereffective|p1b: Incineroar|1
|-enditem|p1b: Incineroar|Passho Berry|[eat]
|-enditem|p1b: Incineroar|Passho Berry|[weaken]
|-damage|p1b: Incineroar|31/100
|-damage|p2b: Basculegion|76/100|[from] Recoil
|move|p2a: Metagross|Stomping Tantrum|p1b: Incineroar
|-supereffective|p1b: Incineroar|1
|-damage|p1b: Incineroar|0 fnt
|faint|p1b: Incineroar
|move|p1a: Metagross|Body Press|p2a: Metagross
|-damage|p2a: Metagross|18/100
|
|upkeep
|
|t:|1783896242
|switch|p1b: Sinistcha|Sinistcha, L50, shiny|100/100
|turn|6
|
|t:|1783896251
|switch|p2b: Whimsicott|Whimsicott, L50, M|100/100
|move|p2a: Metagross|Protect|p2a: Metagross
|-singleturn|p2a: Metagross|Protect
|move|p1a: Metagross|Psychic Fangs|p2b: Whimsicott
|-damage|p2b: Whimsicott|56/100
|move|p1b: Sinistcha|Matcha Gotcha|p2b: Whimsicott|[spread] 
|-activate|p2a: Metagross|move: Protect
|-miss|p1b: Sinistcha|p2b: Whimsicott
|
|upkeep
|turn|7
|
|t:|1783896276
|move|p2b: Whimsicott|Encore|p1b: Sinistcha
|-start|p1b: Sinistcha|Encore
|move|p2a: Metagross|Stomping Tantrum|p1a: Metagross
|-supereffective|p1a: Metagross|1
|-damage|p1a: Metagross|81/100
|move|p1a: Metagross|Psychic Fangs|p2b: Whimsicott
|-damage|p2b: Whimsicott|16/100
|move|p1b: Sinistcha|Matcha Gotcha|p2a: Metagross|[spread] p2a,p2b
|-resisted|p2a: Metagross|1
|-resisted|p2b: Whimsicott|1
|-damage|p2a: Metagross|1/100
|-damage|p2b: Whimsicott|1/100
|
|upkeep
|turn|8
|
|t:|1783896299
|move|p2b: Whimsicott|Moonblast|p1b: Sinistcha
|-damage|p1b: Sinistcha|73/100
|move|p2a: Metagross|Psychic Fangs|p1b: Sinistcha
|-damage|p1b: Sinistcha|30/100
|-enditem|p1b: Sinistcha|Sitrus Berry|[eat]
|-heal|p1b: Sinistcha|55/100|[from] item: Sitrus Berry
|move|p1a: Metagross|Psychic Fangs|p2a: Metagross
|-resisted|p2a: Metagross|2
|-damage|p2a: Metagross|0 fnt
|faint|p2a: Metagross
|move|p1b: Sinistcha|Matcha Gotcha|p2b: Whimsicott
|-resisted|p2b: Whimsicott|1
|-damage|p2b: Whimsicott|0 fnt
|-heal|p1b: Sinistcha|56/100|[from] drain|[of] p2b: Whimsicott
|faint|p2b: Whimsicott
|
|upkeep
|
|t:|1783896306
|switch|p2a: Basculegion|Basculegion, L50, M|76/100
|turn|9
|
|t:|1783896314
|move|p2a: Basculegion|Last Respects|p1b: Sinistcha
|-supereffective|p1b: Sinistcha|1
|-damage|p1b: Sinistcha|0 fnt
|faint|p1b: Sinistcha
|move|p1a: Metagross|Psychic Fangs|p2a: Basculegion
|-damage|p2a: Basculegion|21/100
|
|upkeep
|turn|10
|
|t:|1783896320
|move|p2a: Basculegion|Last Respects|p1a: Metagross
|-supereffective|p1a: Metagross|1
|-damage|p1a: Metagross|9/100
|move|p1a: Metagross|Psychic Fangs|p2a: Basculegion
|-damage|p2a: Basculegion|0 fnt
|faint|p2a: Basculegion
|
|win|master 792
||yumyummy is ready for game 2.
||master 792 is ready for game 2.
|uhtml|next|Next: Game 2 of 3
|l|☆yumyummy
|player|p2|
