|j|☆FilthyJonhy
|j|☆Alecat
|html|FilthyJonhyAlecat    
|uhtml|bestof|Game 1 of a best-of-3
|t:|1756450770
|gametype|doubles
|player|p1|FilthyJonhy|birdkeeper|1054
|player|p2|Alecat|scientistf|1029
|gen|9
|tier|[Gen 9] VGC 2025 Reg H (Bo3)
|rated|
|rule|Species Clause: Limit one of each Pokémon
|rule|Item Clause: Limit 1 of each item
|clearpoke
|poke|p1|Whimsicott, L50, M|
|poke|p1|Indeedee-F, L50, F|
|poke|p1|Mienshao, L50, F|
|poke|p1|Armarouge, L50, F|
|poke|p1|Ursaluna-Bloodmoon, L50, M|
|poke|p1|Incineroar, L50, M|
|poke|p2|Pawmot, L50, M|
|poke|p2|Gyarados, L50, F|
|poke|p2|Volcarona, L50, M|
|poke|p2|Murkrow, L50, M|
|poke|p2|Incineroar, L50, F|
|poke|p2|Archaludon, L50, M|
|teampreview|4
|showteam|p1|Whimsicott||CovertCloak|Prankster|SunnyDay,Tailwind,Encore,Moonblast|||M|||50|,,,,,Dark]Indeedee-F||SafetyGoggles|PsychicSurge|TrickRoom,FollowMe,Imprison,DazzlingGleam|||F|||50|,,,,,Fairy]Mienshao||FocusSash|InnerFocus|FakeOut,CloseCombat,Feint,WideGuard|||F|||50|,,,,,Dark]Armarouge||LifeOrb|FlashFire|ExpandingForce,ArmorCannon,AuraSphere,EnergyBall|||F|||50|,,,,,Grass]Ursaluna-Bloodmoon||ThroatSpray|MindsEye|BloodMoon,EarthPower,HyperVoice,Protect|||M|||50|,,,,,Normal]Incineroar||RockyHelmet|Intimidate|FakeOut,KnockOff,FlareBlitz,PartingShot|||M|||50|,,,,,Grass
|showteam|p2|Pawmot||FocusSash|VoltAbsorb|DoubleShock,Coaching,CloseCombat,Protect|||M|||50|,,,,,Electric]Gyarados||ClearAmulet|Moxie|Waterfall,DragonDance,Earthquake,Protect|||F|||50|,,,,,Ground]Volcarona||SitrusBerry|FlameBody|Overheat,StruggleBug,RagePowder,Tailwind|||M|||50|,,,,,Grass]Murkrow||Eviolite|Prankster|FoulPlay,RainDance,Tailwind,SunnyDay|||M|||50|,,,,,Dark]Incineroar||AssaultVest|Intimidate|FlareBlitz,FakeOut,Bulldoze,KnockOff|||F|||50|,,,,,Ghost]Archaludon||PowerHerb|Stalwart|DragonTail,FlashCannon,ElectroShot,Protect|||M|||50|,,,,,Grass
|inactive|Battle timer is ON: inactive players will automatically lose when time's up. (requested by Alecat)
|j| rivalenceki
|inactive|FilthyJonhy has 60 seconds left.
|
|t:|1756450801
|teamsize|p1|4
|teamsize|p2|4
|start
|switch|p1a: Whimsicott|Whimsicott, L50, M, shiny|100/100
|switch|p1b: Indeedee|Indeedee-F, L50, F|100/100
|switch|p2a: Murkrow|Murkrow, L50, M|100/100
|switch|p2b: Archaludon|Archaludon, L50, M|100/100
|-fieldstart|move: Psychic Terrain|[from] ability: Psychic Surge|[of] p1b: Indeedee
|turn|1
|inactive|FilthyJonhy has 30 seconds left.
|inactive|Alecat has 30 seconds left.
|inactive|FilthyJonhy has 20 seconds left.
|inactive|FilthyJonhy has 15 seconds left.
|inactive|Alecat has 20 seconds left.
|
|t:|1756450845
|move|p1b: Indeedee|Follow Me|p1b: Indeedee
|-singleturn|p1b: Indeedee|move: Follow Me
|move|p1a: Whimsicott|Sunny Day|p1a: Whimsicott
|-weather|SunnyDay
|move|p2a: Murkrow|Tailwind|p2a: Murkrow
|-sidestart|p2: Alecat|move: Tailwind
|move|p2b: Archaludon|Dragon Tail|p1b: Indeedee
|-damage|p1b: Indeedee|80/100
|drag|p1b: Mienshao|Mienshao, L50, F|100/100
|
|-weather|SunnyDay|[upkeep]
|upkeep
|turn|2
|
|t:|1756450870
|switch|p2b: Gyarados|Gyarados, L50, F|100/100
|switch|p2a: Incineroar|Incineroar, L50, F|100/100
|-ability|p2a: Incineroar|Intimidate|boost
|-unboost|p1a: Whimsicott|atk|1
|-fail|p1b: Mienshao|unboost|Attack|[from] ability: Inner Focus|[of] p1b: Mienshao
|move|p1b: Mienshao|Fake Out|p2a: Incineroar
|-activate|p2a: Incineroar|move: Psychic Terrain
|move|p1a: Whimsicott|Tailwind|p1a: Whimsicott
|-sidestart|p1: FilthyJonhy|move: Tailwind
|
|-weather|SunnyDay|[upkeep]
|upkeep
|turn|3
|inactive|FilthyJonhy has 30 seconds left.
|inactive|FilthyJonhy has 20 seconds left.
|
|t:|1756450905
|switch|p1a: Indeedee|Indeedee-F, L50, F|80/100
|move|p1b: Mienshao|Close Combat|p2a: Incineroar
|-supereffective|p2a: Incineroar
|-damage|p2a: Incineroar|0 fnt
|-unboost|p1b: Mienshao|def|1
|-unboost|p1b: Mienshao|spd|1
|faint|p2a: Incineroar
|move|p2b: Gyarados|Dragon Dance|p2b: Gyarados
|-boost|p2b: Gyarados|atk|1
|-boost|p2b: Gyarados|spe|1
|
|-weather|SunnyDay|[upkeep]
|upkeep
|
|t:|1756450923
|switch|p2a: Archaludon|Archaludon, L50, M|100/100
|turn|4
|inactive|FilthyJonhy has 30 seconds left.
|inactive|FilthyJonhy has 20 seconds left.
|inactive|FilthyJonhy has 15 seconds left.
|inactive|FilthyJonhy has 10 seconds left.
|
|t:|1756450969
|switch|p1a: Whimsicott|Whimsicott, L50, M, shiny|100/100
|move|p2a: Archaludon|Protect|p2a: Archaludon
|-singleturn|p2a: Archaludon|Protect
|move|p2b: Gyarados|Earthquake|p1a: Whimsicott|[spread] p1a,p1b
|-activate|p2a: Archaludon|move: Protect
|-resisted|p1a: Whimsicott
|-damage|p1a: Whimsicott|73/100
|-enditem|p1b: Mienshao|Focus Sash
|-damage|p1b: Mienshao|1/100
|move|p1b: Mienshao|Close Combat|p2a: Archaludon
|-activate|p2a: Archaludon|move: Protect
|
|-weather|SunnyDay|[upkeep]
|-sideend|p2: Alecat|move: Tailwind
|upkeep
|turn|5
|l| rivalenceki
|
|t:|1756450993
|switch|p2a: Murkrow|Murkrow, L50, M|100/100
|move|p1b: Mienshao|Feint|p2b: Gyarados
|-hint|Psychic Terrain doesn't affect Pokémon immune to Ground.
|-damage|p2b: Gyarados|86/100
|move|p1a: Whimsicott|Moonblast|p2b: Gyarados
|-damage|p2b: Gyarados|59/100
|move|p2b: Gyarados|Earthquake|p1a: Whimsicott|[spread] p1a,p1b
|-immune|p2a: Murkrow
|-resisted|p1a: Whimsicott
|-damage|p1a: Whimsicott|43/100
|-damage|p1b: Mienshao|0 fnt
|faint|p1b: Mienshao
|-ability|p2b: Gyarados|Moxie|boost
|-boost|p2b: Gyarados|atk|1
|
|-weather|none
|-sideend|p1: FilthyJonhy|move: Tailwind
|-fieldend|move: Psychic Terrain
|upkeep
|
|t:|1756451011
|switch|p1b: Armarouge|Armarouge, L50, F|100/100
|turn|6
|inactive|Alecat has 30 seconds left.
|
|t:|1756451043
|move|p2b: Gyarados|Protect|p2b: Gyarados
|-singleturn|p2b: Gyarados|Protect
|move|p1a: Whimsicott|Tailwind|p1a: Whimsicott
|-sidestart|p1: FilthyJonhy|move: Tailwind
|move|p1b: Armarouge|Expanding Force|p2b: Gyarados
|-activate|p2b: Gyarados|move: Protect
|move|p2a: Murkrow|Foul Play|p1b: Armarouge
|-supereffective|p1b: Armarouge
|-damage|p1b: Armarouge|69/100
|
|upkeep
|turn|7
|
|t:|1756451060
|switch|p1a: Indeedee|Indeedee-F, L50, F|80/100
|-fieldstart|move: Psychic Terrain|[from] ability: Psychic Surge|[of] p1a: Indeedee
|move|p2a: Murkrow|Tailwind|p2a: Murkrow
|-sidestart|p2: Alecat|move: Tailwind
|move|p2b: Gyarados|Earthquake|p1a: Indeedee|[spread] p1a,p1b
|-immune|p2a: Murkrow
|-supereffective|p1b: Armarouge
|-damage|p1a: Indeedee|30/100
|-damage|p1b: Armarouge|0 fnt
|faint|p1b: Armarouge
|-ability|p2b: Gyarados|Moxie|boost
|-boost|p2b: Gyarados|atk|1
|
|upkeep
|
|t:|1756451076
|switch|p1b: Whimsicott|Whimsicott, L50, M, shiny|43/100
|turn|8
|
|t:|1756451091
|move|p2b: Gyarados|Earthquake|p1a: Indeedee|[spread] p1a,p1b
|-immune|p2a: Murkrow
|-resisted|p1b: Whimsicott
|-damage|p1a: Indeedee|0 fnt
|-damage|p1b: Whimsicott|0 fnt
|faint|p1a: Indeedee
|faint|p1b: Whimsicott
|
|win|Alecat
||FilthyJonhy is ready for game 2.
|inactive|Alecat has 30 seconds to confirm battle start!
||Alecat is ready for game 2.
|uhtml|next|Next: Game 2 of 3
|l|☆FilthyJonhy
|player|p1|
