|j|☆Theredapple
|j|☆Paco Amores
|html|TheredapplePaco Amores    
|uhtml|bestof|Game 2 of a best-of-3
|t:|1783111068
|gametype|doubles
|player|p1|Theredapple|102|1165
|player|p2|Paco Amores|birdkeeper|1154
|gen|9
|tier|[Gen 9 Champions] VGC 2026 Reg M-B (Bo3)
|rated|
|rule|Species Clause: Limit one of each Pokémon
|rule|Item Clause: Limit 1 of each item
|clearpoke
|poke|p1|Tyranitar, L50, M|
|poke|p1|Scrafty, L50, M|
|poke|p1|Mawile, L50, M|
|poke|p1|Glimmora, L50, F|
|poke|p1|Annihilape, L50, M|
|poke|p1|Talonflame, L50, F|
|poke|p2|Sylveon, L50, M|
|poke|p2|Incineroar, L50, M|
|poke|p2|Aerodactyl, L50, F|
|poke|p2|Charizard, L50, F|
|poke|p2|Metagross, L50|
|poke|p2|Garchomp, L50, M|
|teampreview|4
|showteam|p1|Tyranitar||FocusSash|SandStream|Protect,RockSlide,DragonDance,KnockOff|Jolly||M|||50|]Scrafty||Scraftinite|Intimidate|Protect,FakeOut,ThroatChop,DrainPunch|Brave||M|||50|]Mawile||Mawilite|Intimidate|PlayRough,Protect,IronHead,SuckerPunch|Adamant||M|||50|]Glimmora||LifeOrb|ToxicDebris|SludgeBomb,EarthPower,EnergyBall,SpikyShield|Modest||F|||50|]Annihilape||SitrusBerry|Defiant|BulkUp,Protect,RageFist,CloseCombat|Adamant||M|||50|]Talonflame||SharpBeak|GaleWings|Tailwind,Taunt,DualWingbeat,FlareBlitz|Jolly||F|||50|
|showteam|p2|Sylveon||FairyFeather|Pixilate|HyperBeam,HyperVoice,Detect,QuickAttack|Modest||M|||50|]Incineroar||SitrusBerry|Intimidate|FakeOut,PartingShot,FlareBlitz,ThroatChop|Careful||M|||50|]Aerodactyl||FocusSash|Unnerve|Tailwind,RockSlide,DualWingbeat,Protect|Jolly||F|||50|]Charizard||CharizarditeY|SolarPower|Protect,WeatherBall,SolarBeam,HeatWave|Modest||F|||50|]Metagross||Metagrossite|ClearBody|BulletPunch,PsychicFangs,BodyPress,Protect|Adamant|||||50|]Garchomp||LifeOrb|RoughSkin|Protect,RockSlide,Earthquake,DragonClaw|Jolly||M|||50|
|inactive|Battle timer is ON: inactive players will automatically lose when time's up. (requested by Theredapple)
|inactive|Theredapple has 60 seconds left.
|inactive|Paco Amores has 60 seconds left.
|
|t:|1783111120
|teamsize|p1|4
|teamsize|p2|4
|start
|switch|p1a: Mawile|Mawile, L50, M|100/100
|switch|p1b: Talonflame|Talonflame, L50, F|100/100
|switch|p2a: Aerodactyl|Aerodactyl, L50, F|100/100
|switch|p2b: Garchomp|Garchomp, L50, M|100/100
|-ability|p2a: Aerodactyl|Unnerve
|-ability|p1a: Mawile|Intimidate|boost
|-unboost|p2a: Aerodactyl|atk|1
|-unboost|p2b: Garchomp|atk|1
|turn|1
|inactive|Theredapple has 30 seconds left.
|inactive|Paco Amores has 30 seconds left.
|inactive|Paco Amores has 20 seconds left.
|
|t:|1783111157
|detailschange|p1a: Mawile|Mawile-Mega, L50, M
|-mega|p1a: Mawile|Mawile|Mawilite
|move|p1b: Talonflame|Tailwind|p1b: Talonflame
|-sidestart|p1: Theredapple|move: Tailwind
|move|p2a: Aerodactyl|Tailwind|p2a: Aerodactyl
|-sidestart|p2: Paco Amores|move: Tailwind
|move|p2b: Garchomp|Earthquake|p1a: Mawile|[spread] p1a
|-immune|p2a: Aerodactyl
|-immune|p1b: Talonflame
|-supereffective|p1a: Mawile|1
|-damage|p1a: Mawile|35/100
|-damage|p2b: Garchomp|90/100|[from] item: Life Orb
|move|p1a: Mawile|Iron Head|p2a: Aerodactyl
|-supereffective|p2a: Aerodactyl|1
|-enditem|p2a: Aerodactyl|Focus Sash
|-damage|p2a: Aerodactyl|1/100
|
|upkeep
|turn|2
|inactive|Paco Amores has 30 seconds left.
|
|t:|1783111189
|switch|p1a: Scrafty|Scrafty, L50, M|100/100
|-ability|p1a: Scrafty|Intimidate|boost
|-unboost|p2a: Aerodactyl|atk|1
|-unboost|p2b: Garchomp|atk|1
|move|p2a: Aerodactyl|Protect|p2a: Aerodactyl
|-singleturn|p2a: Aerodactyl|Protect
|move|p1b: Talonflame|Dual Wingbeat|p2a: Aerodactyl
|-activate|p2a: Aerodactyl|move: Protect
|move|p2b: Garchomp|Earthquake|p1a: Scrafty|[spread] p1a
|-activate|p2a: Aerodactyl|move: Protect
|-immune|p1b: Talonflame
|-damage|p1a: Scrafty|79/100
|-damage|p2b: Garchomp|80/100|[from] item: Life Orb
|
|upkeep
|turn|3
|inactive|Theredapple has 30 seconds left.
|
|t:|1783111215
|switch|p1b: Tyranitar|Tyranitar, L50, M|100/100
|-weather|Sandstorm|[from] ability: Sand Stream|[of] p1b: Tyranitar
|switch|p2b: Sylveon|Sylveon, L50, M|100/100
|move|p2a: Aerodactyl|Rock Slide|p1b: Tyranitar|[spread] p1a,p1b
|-resisted|p1a: Scrafty|1
|-damage|p1a: Scrafty|73/100
|-damage|p1b: Tyranitar|88/100
|move|p1a: Scrafty|Throat Chop|p2a: Aerodactyl
|-damage|p2a: Aerodactyl|0 fnt
|faint|p2a: Aerodactyl
|
|-weather|Sandstorm|[upkeep]
|-damage|p2b: Sylveon|93/100|[from] Sandstorm
|-damage|p1a: Scrafty|68/100|[from] Sandstorm
|upkeep
|
|t:|1783111235
|switch|p2a: Metagross|Metagross, L50|100/100
|turn|4
|
|t:|1783111257
|detailschange|p2a: Metagross|Metagross-Mega, L50
|-mega|p2a: Metagross|Metagross|Metagrossite
|move|p2a: Metagross|Protect|p2a: Metagross
|-singleturn|p2a: Metagross|Protect
|move|p1a: Scrafty|Protect|p1a: Scrafty
|-singleturn|p1a: Scrafty|Protect
|move|p1b: Tyranitar|Dragon Dance|p1b: Tyranitar
|-boost|p1b: Tyranitar|atk|1
|-boost|p1b: Tyranitar|spe|1
|move|p2b: Sylveon|Hyper Voice|p1a: Scrafty|[spread] p1b
|-activate|p1a: Scrafty|move: Protect
|-supereffective|p1b: Tyranitar|1
|-damage|p1b: Tyranitar|22/100
|
|-weather|Sandstorm|[upkeep]
|-damage|p2b: Sylveon|87/100|[from] Sandstorm
|-damage|p1a: Scrafty|62/100|[from] Sandstorm
|-sideend|p2: Paco Amores|move: Tailwind
|-sideend|p1: Theredapple|move: Tailwind
|upkeep
|turn|5
|
|t:|1783111272
|switch|p1a: Talonflame|Talonflame, L50, F|100/100
|move|p2a: Metagross|Bullet Punch|p1b: Tyranitar
|-supereffective|p1b: Tyranitar|1
|-damage|p1b: Tyranitar|0 fnt
|faint|p1b: Tyranitar
|move|p2b: Sylveon|Hyper Voice|p1a: Talonflame
|-resisted|p1a: Talonflame|1
|-damage|p1a: Talonflame|53/100
|
|-weather|Sandstorm|[upkeep]
|-damage|p1a: Talonflame|47/100|[from] Sandstorm
|-damage|p2b: Sylveon|81/100|[from] Sandstorm
|upkeep
|
|t:|1783111285
|switch|p1b: Mawile|Mawile-Mega, L50, M|35/100
|turn|6
|
|t:|1783111315
|switch|p2b: Garchomp|Garchomp, L50, M|80/100
|move|p1b: Mawile|Protect|p1b: Mawile
|-singleturn|p1b: Mawile|Protect
|move|p2a: Metagross|Bullet Punch|p1b: Mawile
|-activate|p1b: Mawile|move: Protect
|move|p1a: Talonflame|Tailwind|p1a: Talonflame
|-sidestart|p1: Theredapple|move: Tailwind
|
|-weather|Sandstorm|[upkeep]
|-damage|p1a: Talonflame|41/100|[from] Sandstorm
|upkeep
|turn|7
|inactive|Theredapple has 30 seconds left.
|
|t:|1783111341
|switch|p1b: Scrafty|Scrafty, L50, M|62/100
|-ability|p1b: Scrafty|Intimidate|boost
|-unboost|p2a: Metagross|atk|1
|-unboost|p2b: Garchomp|atk|1
|move|p2a: Metagross|Bullet Punch|p1b: Scrafty
|-crit|p1b: Scrafty
|-damage|p1b: Scrafty|21/100
|move|p1a: Talonflame|Flare Blitz|p2a: Metagross
|-supereffective|p2a: Metagross|1
|-damage|p2a: Metagross|24/100
|-damage|p1a: Talonflame|14/100|[from] Recoil
|move|p2b: Garchomp|Rock Slide|p1a: Talonflame|[spread] p1a,p1b
|-supereffective|p1a: Talonflame|2
|-resisted|p1b: Scrafty|1
|-damage|p1a: Talonflame|0 fnt
|-damage|p1b: Scrafty|14/100
|faint|p1a: Talonflame
|-damage|p2b: Garchomp|70/100|[from] item: Life Orb
|
|-weather|none
|upkeep
|
|t:|1783111354
|switch|p1a: Mawile|Mawile-Mega, L50, M|35/100
|turn|8
|
|t:|1783111371
|move|p2b: Garchomp|Protect|p2b: Garchomp
|-singleturn|p2b: Garchomp|Protect
|move|p2a: Metagross|Protect|p2a: Metagross
|-singleturn|p2a: Metagross|Protect
|move|p1b: Scrafty|Fake Out|p2b: Garchomp
|-activate|p2b: Garchomp|move: Protect
|move|p1a: Mawile|Sucker Punch||[still]
|-fail|p1a: Mawile
|
|upkeep
|turn|9
|inactive|Theredapple has 30 seconds left.
|
|t:|1783111409
|move|p2a: Metagross|Bullet Punch|p1b: Scrafty
|-damage|p1b: Scrafty|0 fnt
|faint|p1b: Scrafty
|move|p1a: Mawile|Play Rough|p2b: Garchomp
|-supereffective|p2b: Garchomp|1
|-damage|p2b: Garchomp|0 fnt
|-damage|p1a: Mawile|22/100|[from] ability: Rough Skin|[of] p2b: Garchomp
|faint|p2b: Garchomp
|
|-sideend|p1: Theredapple|move: Tailwind
|upkeep
|
|t:|1783111414
|switch|p2b: Sylveon|Sylveon, L50, M|81/100
|turn|10
|
|t:|1783111427
|move|p2a: Metagross|Bullet Punch|p1a: Mawile
|-damage|p1a: Mawile|1/100
|move|p2b: Sylveon|Hyper Voice|p1a: Mawile
|-resisted|p1a: Mawile|1
|-damage|p1a: Mawile|0 fnt
|faint|p1a: Mawile
|
|win|Paco Amores
|raw|Theredapple's rating: 1165 → 1139(-26 for losing)
|raw|Paco Amores's rating: 1154 → 1180(+26 for winning)
|c|☆Paco Amores|gg
|l|☆Theredapple
|player|p1|
