|j|☆subchompiscrazy
|j|☆brentdeg
|html|subchompiscrazybrentdeg    
|uhtml|bestof|Game 3 of a best-of-3
|t:|1783876076
|gametype|doubles
|player|p1|subchompiscrazy|whitney|
|player|p2|brentdeg|clown|
|gen|9
|tier|[Gen 9 Champions] VGC 2026 Reg M-B (Bo3)
|rule|Species Clause: Limit one of each Pokémon
|rule|Item Clause: Limit 1 of each item
|clearpoke
|poke|p1|Kingambit, L50, M, shiny|
|poke|p1|Delphox, L50, F, shiny|
|poke|p1|Garchomp, L50, F, shiny|
|poke|p1|Aerodactyl, L50, M, shiny|
|poke|p1|Tsareena, L50, F, shiny|
|poke|p1|Sneasler, L50, M, shiny|
|poke|p2|Charizard, L50, M|
|poke|p2|Whimsicott, L50, F|
|poke|p2|Kingambit, L50, F|
|poke|p2|Basculegion, L50, M|
|poke|p2|Garchomp, L50, M|
|poke|p2|Floette-Eternal, L50, F|
|teampreview|4
|showteam|p1|Kingambit||ChopleBerry|Defiant|Protect,SuckerPunch,IronHead,KowtowCleave|Adamant||M|||50|]Delphox||Delphoxite|Blaze|Protect,HeatWave,Psychic,Encore|Timid||F|||50|]Garchomp|||RoughSkin|Protect,RockSlide,StompingTantrum,Earthquake|Adamant||F|||50|]Aerodactyl||FocusSash|Unnerve|Protect,RockSlide,DualWingbeat,Tailwind|Jolly||M|||50|]Tsareena||SitrusBerry|QueenlyMajesty|TropKick,LowKick,TripleAxel,SunnyDay|Adamant||F|||50|]Sneasler||WhiteHerb|Unburden|FakeOut,DireClaw,CloseCombat,Feint|Adamant||M|||50|
|showteam|p2|Charizard||CharizarditeY|Blaze|HeatWave,WeatherBall,SolarBeam,Protect|Modest||M|||50|]Whimsicott||FocusSash|Prankster|Protect,Moonblast,Encore,Tailwind|Timid||F|||50|]Kingambit||BlackGlasses|Defiant|KowtowCleave,SuckerPunch,IronHead,Protect|Adamant||F|||50|]Basculegion||LifeOrb|Adaptability|WaveCrash,LastRespects,AquaJet,Protect|Adamant||M|||50|]Garchomp||SitrusBerry|RoughSkin|Earthquake,RockSlide,DragonClaw,Protect|Jolly||M|||50|]Floette-Eternal||Floettite|FlowerVeil|Moonblast,DazzlingGleam,LightofRuin,Protect|Modest||F|||50|
|inactive|Battle timer is ON: inactive players will automatically lose when time's up. (requested by subchompiscrazy)
|inactive|subchompiscrazy has 60 seconds left.
|
|t:|1783876110
|teamsize|p1|4
|teamsize|p2|4
|start
|switch|p1a: Tsareena|Tsareena, L50, F, shiny|100/100
|switch|p1b: Delphox|Delphox, L50, F, shiny|100/100
|switch|p2a: Basculegion|Basculegion, L50, M|100/100
|switch|p2b: Whimsicott|Whimsicott, L50, F|100/100
|turn|1
|inactive|brentdeg has 30 seconds left.
|
|t:|1783876137
|switch|p2a: Charizard|Charizard, L50, M|100/100
|detailschange|p1b: Delphox|Delphox-Mega, L50, F, shiny
|-mega|p1b: Delphox|Delphox|Delphoxite
|move|p1b: Delphox|Protect|p1b: Delphox
|-singleturn|p1b: Delphox|Protect
|move|p2b: Whimsicott|Tailwind|p2b: Whimsicott
|-sidestart|p2: brentdeg|move: Tailwind
|move|p1a: Tsareena|Trop Kick|p2a: Charizard
|-resisted|p2a: Charizard|2
|-damage|p2a: Charizard|91/100
|-unboost|p2a: Charizard|atk|1
|
|upkeep
|turn|2
|inactive|subchompiscrazy has 30 seconds left.
|inactive|brentdeg has 30 seconds left.
|
|t:|1783876165
|switch|p1a: Garchomp|Garchomp, L50, F, shiny|100/100
|detailschange|p2a: Charizard|Charizard-Mega-Y, L50, M
|-mega|p2a: Charizard|Charizard|Charizardite Y
|-weather|SunnyDay|[from] ability: Drought|[of] p2a: Charizard
|move|p2b: Whimsicott|Encore|p1b: Delphox
|-start|p1b: Delphox|Encore
|move|p1b: Delphox|Protect||[still]
|-fail|p1b: Delphox
|move|p2a: Charizard|Heat Wave|p1a: Garchomp|[spread] p1a,p1b
|-resisted|p1a: Garchomp|1
|-crit|p1a: Garchomp
|-resisted|p1b: Delphox|1
|-damage|p1a: Garchomp|58/100
|-damage|p1b: Delphox|71/100
|-status|p1a: Garchomp|brn
|
|-weather|SunnyDay|[upkeep]
|-damage|p1a: Garchomp|52/100 brn|[from] brn
|upkeep
|turn|3
|inactive|brentdeg has 30 seconds left.
|
|t:|1783876198
|switch|p1b: Sneasler|Sneasler, L50, M, shiny|100/100
|move|p2b: Whimsicott|Moonblast|p1a: Garchomp
|-supereffective|p1a: Garchomp|1
|-damage|p1a: Garchomp|0 fnt
|faint|p1a: Garchomp
|move|p2a: Charizard|Heat Wave|p1b: Sneasler
|-damage|p1b: Sneasler|8/100
|
|-weather|SunnyDay|[upkeep]
|upkeep
|
|t:|1783876208
|switch|p1a: Delphox|Delphox-Mega, L50, F, shiny|71/100
|turn|4
|
|t:|1783876221
|switch|p2b: Garchomp|Garchomp, L50, M|100/100
|move|p1b: Sneasler|Feint|p2b: Garchomp
|-damage|p2b: Garchomp|90/100
|move|p2a: Charizard|Heat Wave|p1b: Sneasler|[spread] p1a,p1b
|-resisted|p1a: Delphox|1
|-damage|p1a: Delphox|40/100
|-damage|p1b: Sneasler|0 fnt
|faint|p1b: Sneasler
|move|p1a: Delphox|Heat Wave|p2b: Garchomp|[spread] p2a,p2b
|-resisted|p2a: Charizard|1
|-resisted|p2b: Garchomp|1
|-damage|p2a: Charizard|67/100
|-damage|p2b: Garchomp|62/100
|
|-weather|SunnyDay|[upkeep]
|-sideend|p2: brentdeg|move: Tailwind
|upkeep
|
|t:|1783876230
|switch|p1b: Tsareena|Tsareena, L50, F, shiny|100/100
|turn|5
|
|t:|1783876243
|move|p1a: Delphox|Psychic|p2a: Charizard
|-damage|p2a: Charizard|28/100
|move|p2b: Garchomp|Rock Slide|p1a: Delphox|[spread] p1a,p1b
|-supereffective|p1a: Delphox|1
|-damage|p1a: Delphox|0 fnt
|-damage|p1b: Tsareena|81/100
|faint|p1a: Delphox
|move|p2a: Charizard|Weather Ball|p1b: Tsareena
|-supereffective|p1b: Tsareena|1
|-damage|p1b: Tsareena|0 fnt
|faint|p1b: Tsareena
|
|win|brentdeg
