|j|☆blfuller_4
|j|☆JNEST
|html|blfuller_4JNEST    
|uhtml|bestof|Game 2 of a best-of-3
|t:|1756086813
|gametype|doubles
|player|p1|blfuller_4|169|1300
|player|p2|JNEST|veteran-gen4|1198
|gen|9
|tier|[Gen 9] VGC 2025 Reg H (Bo3)
|rated|
|rule|Species Clause: Limit one of each Pokémon
|rule|Item Clause: Limit 1 of each item
|clearpoke
|poke|p1|Whimsicott, L50, F|
|poke|p1|Brambleghast, L50, F|
|poke|p1|Gholdengo, L50|
|poke|p1|Arcanine-Hisui, L50, F|
|poke|p1|Sneasler, L50, M|
|poke|p1|Indeedee, L50, M|
|poke|p2|Weezing, L50, M|
|poke|p2|Indeedee, L50, M|
|poke|p2|Incineroar, L50, M|
|poke|p2|Ursaluna-Bloodmoon, L50, M|
|poke|p2|Annihilape, L50, F|
|poke|p2|Tyranitar, L50, M|
|teampreview|4
|showteam|p1|Whimsicott||CovertCloak|Prankster|Tailwind,Moonblast,LightScreen,HelpingHand|||F|||50|,,,,,Poison]Brambleghast||FocusSash|WindRider|Poltergeist,ShadowSneak,PowerWhip,StrengthSap|||F|||50|,,,,,Ghost]Gholdengo||ChoiceSpecs|GoodasGold|MakeItRain,ShadowBall,PowerGem,Trick||||||50|,,,,,Steel]Arcanine-Hisui||ChoiceBand|Intimidate|RockSlide,FlareBlitz,ExtremeSpeed,HeadSmash|||F|||50|,,,,,Normal]Sneasler||PsychicSeed|Unburden|Protect,CloseCombat,DireClaw,ThroatChop|||M|||50|,,,,,Dark]Indeedee||ChoiceScarf|PsychicSurge|ExpandingForce,DazzlingGleam,ShadowBall,Trick|||M|||50|,,,,,Psychic
|showteam|p2|Weezing||SitrusBerry|NeutralizingGas|Protect,Taunt,WillOWisp,SludgeBomb|||M|||50|,,,,,Ghost]Indeedee||ChoiceScarf|PsychicSurge|ExpandingForce,TeraBlast,Trick,HyperVoice|||M|||50|,,,,,Fighting]Incineroar||AbilityShield|Intimidate|KnockOff,FlareBlitz,FakeOut,PartingShot|||M|||50|,,,,,Ghost]Ursaluna-Bloodmoon||LifeOrb|MindsEye|Protect,HyperVoice,EarthPower,BloodMoon|||M|||50|,,,,,Normal]Annihilape||SafetyGoggles|Defiant|Taunt,RageFist,CloseCombat,FinalGambit|||F|||50|,,,,,Fairy]Tyranitar||AssaultVest|SandStream|RockSlide,KnockOff,TeraBlast,LowKick|||M|||50|,,,,,Flying
|inactive|Battle timer is ON: inactive players will automatically lose when time's up. (requested by JNEST)
|
|t:|1756086825
|teamsize|p1|4
|teamsize|p2|4
|start
|switch|p1a: Sneasler|Sneasler, L50, M|100/100
|switch|p1b: Gholdengo|Gholdengo, L50|100/100
|switch|p2a: Annihilape|Annihilape, L50, F|100/100
|switch|p2b: Tyranitar|Tyranitar, L50, M|100/100
|-weather|Sandstorm|[from] ability: Sand Stream|[of] p2b: Tyranitar
|turn|1
|inactive|blfuller_4 has 30 seconds left.
|inactive|blfuller_4 has 20 seconds left.
|
|t:|1756086864
|switch|p2a: Incineroar|Incineroar, L50, M|100/100
|-ability|p2a: Incineroar|Intimidate|boost
|-unboost|p1a: Sneasler|atk|1
|-unboost|p1b: Gholdengo|atk|1
|-terastallize|p1b: Gholdengo|Steel
|-terastallize|p2b: Tyranitar|Flying
|move|p1a: Sneasler|Protect|p1a: Sneasler
|-singleturn|p1a: Sneasler|Protect
|move|p1b: Gholdengo|Trick|p2a: Incineroar
|-activate|p1b: Gholdengo|move: Trick|[of] p2a: Incineroar
|-item|p2a: Incineroar|Choice Specs|[from] move: Trick
|-item|p1b: Gholdengo|Ability Shield|[from] move: Trick
|move|p2b: Tyranitar|Knock Off|p1b: Gholdengo
|-damage|p1b: Gholdengo|39/100
|-enditem|p1b: Gholdengo|Ability Shield|[from] move: Knock Off|[of] p2b: Tyranitar
|
|-weather|Sandstorm|[upkeep]
|-damage|p1a: Sneasler|94/100|[from] Sandstorm
|-damage|p2a: Incineroar|95/100|[from] Sandstorm
|-damage|p2b: Tyranitar|95/100|[from] Sandstorm
|upkeep
|turn|2
|
|t:|1756086889
|move|p2a: Incineroar|Fake Out|p1a: Sneasler
|-damage|p1a: Sneasler|76/100
|cant|p1a: Sneasler|flinch
|move|p1b: Gholdengo|Shadow Ball|p2a: Incineroar
|-resisted|p2a: Incineroar
|-damage|p2a: Incineroar|75/100
|-unboost|p2a: Incineroar|spd|1
|move|p2b: Tyranitar|Low Kick|p1b: Gholdengo
|-supereffective|p1b: Gholdengo
|-damage|p1b: Gholdengo|0 fnt
|faint|p1b: Gholdengo
|
|-weather|Sandstorm|[upkeep]
|-damage|p1a: Sneasler|70/100|[from] Sandstorm
|-damage|p2b: Tyranitar|89/100|[from] Sandstorm
|-damage|p2a: Incineroar|69/100|[from] Sandstorm
|upkeep
|
|t:|1756086900
|switch|p1b: Arcanine|Arcanine-Hisui, L50, F|100/100
|-ability|p1b: Arcanine|Intimidate|boost
|-unboost|p2a: Incineroar|atk|1
|-unboost|p2b: Tyranitar|atk|1
|turn|3
|
|t:|1756086907
|switch|p2b: Annihilape|Annihilape, L50, F|100/100
|switch|p2a: Weezing|Weezing, L50, M|100/100
|-ability|p2a: Weezing|Neutralizing Gas
|move|p1a: Sneasler|Dire Claw|p2a: Weezing
|-resisted|p2a: Weezing
|-damage|p2a: Weezing|87/100
|move|p1b: Arcanine|Rock Slide|p2a: Weezing|[spread] p2a,p2b
|-resisted|p2b: Annihilape
|-damage|p2a: Weezing|50/100
|-damage|p2b: Annihilape|78/100
|-enditem|p2a: Weezing|Sitrus Berry|[eat]
|-heal|p2a: Weezing|75/100|[from] item: Sitrus Berry
|
|-weather|Sandstorm|[upkeep]
|-damage|p1a: Sneasler|64/100|[from] Sandstorm
|-damage|p2a: Weezing|69/100|[from] Sandstorm
|upkeep
|turn|4
|
|t:|1756086926
|-end|p2a: Weezing|ability: Neutralizing Gas
|-ability|p1b: Arcanine|Intimidate|boost
|-unboost|p2a: Weezing|atk|1
|-unboost|p2b: Annihilape|atk|1
|-ability|p2b: Annihilape|Defiant|boost
|-boost|p2b: Annihilape|atk|2
|switch|p2a: Incineroar|Incineroar, L50, M|69/100
|-ability|p2a: Incineroar|Intimidate|boost
|-unboost|p1a: Sneasler|atk|1
|-unboost|p1b: Arcanine|atk|1
|move|p1a: Sneasler|Dire Claw|p2b: Annihilape
|-resisted|p2b: Annihilape
|-damage|p2b: Annihilape|67/100
|-status|p2b: Annihilape|psn
|move|p1b: Arcanine|Rock Slide|p2b: Annihilape|[spread] p2a,p2b
|-supereffective|p2a: Incineroar
|-resisted|p2b: Annihilape
|-damage|p2a: Incineroar|22/100
|-damage|p2b: Annihilape|53/100 psn
|move|p2b: Annihilape|Rage Fist|p1a: Sneasler
|-damage|p1a: Sneasler|0 fnt
|faint|p1a: Sneasler
|
|-weather|Sandstorm|[upkeep]
|-damage|p2a: Incineroar|16/100|[from] Sandstorm
|-damage|p2b: Annihilape|41/100 psn|[from] psn
|upkeep
|
|t:|1756086948
|switch|p1a: Indeedee|Indeedee, L50, M|100/100
|-fieldstart|move: Psychic Terrain|[from] ability: Psychic Surge|[of] p1a: Indeedee
|turn|5
|
|t:|1756086956
|move|p1a: Indeedee|Expanding Force|p2b: Annihilape|[spread] p2b
|-immune|p2a: Incineroar
|-supereffective|p2b: Annihilape
|-damage|p2b: Annihilape|0 fnt
|faint|p2b: Annihilape
|move|p1b: Arcanine|Rock Slide|p2a: Incineroar
|-supereffective|p2a: Incineroar
|-damage|p2a: Incineroar|0 fnt
|faint|p2a: Incineroar
|
|-weather|none
|upkeep
|
|t:|1756086960
|switch|p2b: Tyranitar|Tyranitar, L50, M, tera:Flying|89/100
|switch|p2a: Weezing|Weezing, L50, M|69/100
|-ability|p2a: Weezing|Neutralizing Gas
|turn|6
|
|t:|1756086966
|move|p2a: Weezing|Protect|p2a: Weezing
|-singleturn|p2a: Weezing|Protect
|move|p1a: Indeedee|Expanding Force|p2b: Tyranitar|[spread] p2b
|-activate|p2a: Weezing|move: Protect
|-damage|p2b: Tyranitar|53/100
|move|p1b: Arcanine|Rock Slide|p2a: Weezing|[spread] p2b
|-activate|p2a: Weezing|move: Protect
|-supereffective|p2b: Tyranitar
|-damage|p2b: Tyranitar|2/100
|move|p2b: Tyranitar|Knock Off|p1a: Indeedee
|-supereffective|p1a: Indeedee
|-damage|p1a: Indeedee|0 fnt
|-enditem|p1a: Indeedee|Choice Scarf|[from] move: Knock Off|[of] p2b: Tyranitar
|faint|p1a: Indeedee
|
|upkeep
|turn|7
|
|t:|1756086980
|move|p1b: Arcanine|Rock Slide|p2b: Tyranitar|[spread] p2b
|-miss|p1b: Arcanine|p2a: Weezing
|-supereffective|p2b: Tyranitar
|-damage|p2b: Tyranitar|0 fnt
|faint|p2b: Tyranitar
|move|p2a: Weezing|Sludge Bomb|p1b: Arcanine
|-resisted|p1b: Arcanine
|-damage|p1b: Arcanine|84/100
|
|upkeep
|turn|8
|
|t:|1756086984
|move|p1b: Arcanine|Rock Slide|p2a: Weezing
|-damage|p2a: Weezing|34/100
|move|p2a: Weezing|Sludge Bomb|p1b: Arcanine
|-resisted|p1b: Arcanine
|-crit|p1b: Arcanine
|-damage|p1b: Arcanine|59/100
|
|upkeep
|turn|9
|
|t:|1756086988
|move|p1b: Arcanine|Rock Slide|p2a: Weezing
|-damage|p2a: Weezing|2/100
|cant|p2a: Weezing|flinch
|
|-fieldend|move: Psychic Terrain
|upkeep
|turn|10
|-message|JNEST forfeited.
|
|win|blfuller_4
|raw|blfuller_4's rating: 1300 → 1318(+18 for winning)
|raw|JNEST's rating: 1198 → 1180(-18 for losing)
