|j|☆mousse Maracuja
|j|☆yuriquars
|html|mousse Maracujayuriquars    
|uhtml|bestof|Game 1 of a best-of-3
|t:|1757188024
|gametype|doubles
|player|p1|mousse Maracuja|265|
|player|p2|yuriquars|lass-gen4dp|
|gen|9
|tier|[Gen 9] VGC 2025 Reg H (Bo3)
|rule|Species Clause: Limit one of each Pokémon
|rule|Item Clause: Limit 1 of each item
|clearpoke
|poke|p1|Gastrodon-East, L50, F|
|poke|p1|Incineroar, L50, M|
|poke|p1|Sneasler, L50, M|
|poke|p1|Dragonite, L50, M|
|poke|p1|Gholdengo, L50|
|poke|p1|Rillaboom, L50, M|
|poke|p2|Incineroar, L50, F|
|poke|p2|Ursaluna-Bloodmoon, L50, M|
|poke|p2|Gholdengo, L50|
|poke|p2|Dragonite, L50, F|
|poke|p2|Rillaboom, L50, F|
|poke|p2|Annihilape, L50, M|
|teampreview|4
|showteam|p1|Gastrodon-East||CovertCloak|StormDrain|IceBeam,EarthPower,Recover,Protect|||F|||50|,,,,,Fairy]Incineroar||AssaultVest|Intimidate|FlareBlitz,KnockOff,Uturn,FakeOut|||M|||50|,,,,,Ghost]Sneasler||FocusSash|PoisonTouch|DireClaw,CloseCombat,Coaching,Protect|||M|||50|,,,,,Ghost]Dragonite||LoadedDice|Multiscale|ScaleShot,ExtremeSpeed,Haze,Protect|||M|||50|,,,,,Fairy]Gholdengo||LifeOrb|GoodasGold|MakeItRain,ShadowBall,NastyPlot,Protect||||||50|,,,,,Water]Rillaboom||MiracleSeed|GrassySurge|WoodHammer,GrassyGlide,HighHorsepower,Protect|||M|||50|,,,,,Fire
|showteam|p2|Incineroar||SitrusBerry|Intimidate|FlareBlitz,KnockOff,PartingShot,FakeOut|||F|||50|,,,,,Ghost]Ursaluna-Bloodmoon||AssaultVest|MindsEye|HyperVoice,BloodMoon,EarthPower,VacuumWave|||M|||50|,,,,,Water]Gholdengo||LifeOrb|GoodasGold|MakeItRain,ShadowBall,NastyPlot,Protect||||||50|,,,,,Water]Dragonite||LoadedDice|Multiscale|ScaleShot,Tailwind,Haze,Protect|||F|||50|,,,,,Fairy]Rillaboom||MiracleSeed|GrassySurge|GrassyGlide,FakeOut,WoodHammer,HighHorsepower|||F|||50|,,,,,Fire]Annihilape||FocusSash|Defiant|RageFist,CloseCombat,Taunt,Coaching|||M|||50|,,,,,Stellar
|j| Musashii23_
|c|☆mousse Maracuja|quando tiver pronto avisa
|c|☆yuriquars|tem q esperar o caba voltar
|c|☆yuriquars|na real to indo mijar
|c|☆mousse Maracuja|blz
|c|☆yuriquars|se ele voltar pfv nao liga o timer
|c|☆mousse Maracuja|ta
|c|☆mousse Maracuja|sou cuzao n
|j| heichur
|c|☆yuriquars|pronto voltei
|c|☆yuriquars|bora?
|c|☆mousse Maracuja|br
|
|t:|1757188273
|teamsize|p1|4
|teamsize|p2|4
|start
|switch|p1a: Gastrodon|Gastrodon-East, L50, F|100/100
|switch|p1b: Dragonite|Dragonite, L50, M|100/100
|switch|p2a: Annihilape|Annihilape, L50, M|100/100
|switch|p2b: Incineroar|Incineroar, L50, F|100/100
|-ability|p2b: Incineroar|Intimidate|boost
|-unboost|p1a: Gastrodon|atk|1
|-unboost|p1b: Dragonite|atk|1
|turn|1
|inactive|Battle timer is ON: inactive players will automatically lose when time's up. (requested by yuriquars)
|inactive|yuriquars has 60 seconds left.
|
|t:|1757188312
|switch|p2a: Rillaboom|Rillaboom, L50, F|100/100
|-fieldstart|move: Grassy Terrain|[from] ability: Grassy Surge|[of] p2a: Rillaboom
|move|p1b: Dragonite|Protect|p1b: Dragonite
|-singleturn|p1b: Dragonite|Protect
|move|p2b: Incineroar|Parting Shot|p1a: Gastrodon
|-unboost|p1a: Gastrodon|atk|1
|-unboost|p1a: Gastrodon|spa|1
|
|t:|1757188322
|switch|p2b: Annihilape|Annihilape, L50, M|100/100|[from] Parting Shot
|move|p1a: Gastrodon|Earth Power|p2b: Annihilape
|-damage|p2b: Annihilape|76/100
|
|-heal|p2b: Annihilape|82/100|[from] Grassy Terrain
|upkeep
|turn|2
|
|t:|1757188341
|switch|p2a: Incineroar|Incineroar, L50, F|100/100
|-ability|p2a: Incineroar|Intimidate|boost
|-unboost|p1a: Gastrodon|atk|1
|-unboost|p1b: Dragonite|atk|1
|move|p1a: Gastrodon|Protect|p1a: Gastrodon
|-singleturn|p1a: Gastrodon|Protect
|move|p2b: Annihilape|Rage Fist|p1b: Dragonite
|-damage|p1b: Dragonite|75/100
|move|p1b: Dragonite|Scale Shot|p2b: Annihilape
|-damage|p2b: Annihilape|72/100
|-damage|p2b: Annihilape|63/100
|-damage|p2b: Annihilape|54/100
|-damage|p2b: Annihilape|45/100
|-hitcount|p2b: Annihilape|4
|-unboost|p1b: Dragonite|def|1
|-boost|p1b: Dragonite|spe|1
|
|-heal|p2b: Annihilape|51/100|[from] Grassy Terrain
|upkeep
|turn|3
|inactive|mousse Maracuja has 30 seconds left.
|inactive|yuriquars has 30 seconds left.
|inactive|mousse Maracuja has 20 seconds left.
|inactive|yuriquars has 20 seconds left.
|inactive|mousse Maracuja has 15 seconds left.
|
|t:|1757188384
|switch|p1b: Incineroar|Incineroar, L50, M|100/100
|-ability|p1b: Incineroar|Intimidate|boost
|-unboost|p2a: Incineroar|atk|1
|-unboost|p2b: Annihilape|atk|1
|-ability|p2b: Annihilape|Defiant|boost
|-boost|p2b: Annihilape|atk|2
|switch|p2a: Rillaboom|Rillaboom, L50, F|100/100
|move|p2b: Annihilape|Rage Fist|p1b: Incineroar
|-resisted|p1b: Incineroar
|-damage|p1b: Incineroar|3/100
|move|p1a: Gastrodon|Earth Power|p2b: Annihilape
|-damage|p2b: Annihilape|30/100
|
|-heal|p2b: Annihilape|36/100|[from] Grassy Terrain
|-heal|p1b: Incineroar|9/100|[from] Grassy Terrain
|upkeep
|turn|4
|
|t:|1757188407
|switch|p1a: Dragonite|Dragonite, L50, M|75/100
|-terastallize|p1b: Incineroar|Ghost
|move|p2a: Rillaboom|Fake Out|p1b: Incineroar
|-immune|p1b: Incineroar
|move|p2b: Annihilape|Rage Fist|p1a: Dragonite
|-damage|p1a: Dragonite|0 fnt
|faint|p1a: Dragonite
|move|p1b: Incineroar|Flare Blitz|p2a: Rillaboom
|-supereffective|p2a: Rillaboom
|-damage|p2a: Rillaboom|0 fnt
|faint|p2a: Rillaboom
|-damage|p1b: Incineroar|0 fnt|[from] Recoil
|faint|p1b: Incineroar
|
|-heal|p2b: Annihilape|42/100|[from] Grassy Terrain
|upkeep
|
|t:|1757188422
|switch|p1a: Sneasler|Sneasler, L50, M|100/100
|switch|p2a: Incineroar|Incineroar, L50, F|100/100
|switch|p1b: Gastrodon|Gastrodon-East, L50, F|100/100
|-ability|p2a: Incineroar|Intimidate|boost
|-unboost|p1a: Sneasler|atk|1
|-unboost|p1b: Gastrodon|atk|1
|turn|5
|
|t:|1757188436
|switch|p2a: Gholdengo|Gholdengo, L50|100/100
|move|p1a: Sneasler|Protect|p1a: Sneasler
|-singleturn|p1a: Sneasler|Protect
|move|p1b: Gastrodon|Protect|p1b: Gastrodon
|-singleturn|p1b: Gastrodon|Protect
|move|p2b: Annihilape|Rage Fist|p1b: Gastrodon
|-activate|p1b: Gastrodon|move: Protect
|
|-heal|p2b: Annihilape|48/100|[from] Grassy Terrain
|-fieldend|move: Grassy Terrain
|upkeep
|turn|6
|
|t:|1757188449
|switch|p2a: Incineroar|Incineroar, L50, F|100/100
|-ability|p2a: Incineroar|Intimidate|boost
|-unboost|p1a: Sneasler|atk|1
|-unboost|p1b: Gastrodon|atk|1
|move|p1a: Sneasler|Dire Claw|p2b: Annihilape
|-resisted|p2b: Annihilape
|-damage|p2b: Annihilape|36/100
|-status|p2b: Annihilape|psn|[from] ability: Poison Touch|[of] p1a: Sneasler
|move|p2b: Annihilape|Rage Fist|p1b: Gastrodon
|-damage|p1b: Gastrodon|0 fnt
|faint|p1b: Gastrodon
|
|-damage|p2b: Annihilape|23/100 psn|[from] psn
|upkeep
|turn|7
|
|t:|1757188462
|move|p1a: Sneasler|Protect|p1a: Sneasler
|-singleturn|p1a: Sneasler|Protect
|move|p2a: Incineroar|Fake Out|p1a: Sneasler
|-activate|p1a: Sneasler|move: Protect
|move|p2b: Annihilape|Coaching|p2a: Incineroar
|-boost|p2a: Incineroar|atk|1
|-boost|p2a: Incineroar|def|1
|
|-damage|p2b: Annihilape|11/100 psn|[from] psn
|upkeep
|turn|8
|
|t:|1757188467
|-terastallize|p2a: Incineroar|Ghost
|move|p1a: Sneasler|Dire Claw|p2b: Annihilape
|-resisted|p2b: Annihilape
|-damage|p2b: Annihilape|0 fnt
|faint|p2b: Annihilape
|move|p2a: Incineroar|Flare Blitz|p1a: Sneasler
|-enditem|p1a: Sneasler|Focus Sash
|-damage|p1a: Sneasler|1/100
|-damage|p2a: Incineroar|75/100|[from] Recoil
|
|upkeep
|
|t:|1757188471
|switch|p2b: Gholdengo|Gholdengo, L50|100/100
|turn|9
|
|t:|1757188474
|move|p1a: Sneasler|Dire Claw|p2a: Incineroar
|-resisted|p2a: Incineroar
|-damage|p2a: Incineroar|68/100
|-status|p2a: Incineroar|slp
|move|p2b: Gholdengo|Make It Rain|p1a: Sneasler
|-damage|p1a: Sneasler|0 fnt
|-unboost|p2b: Gholdengo|spa|1
|faint|p1a: Sneasler
|-damage|p2b: Gholdengo|91/100|[from] item: Life Orb
|
|win|yuriquars
