|j|☆panijc
|j|☆daunting david
|html|panijcdaunting david    
|uhtml|bestof|Game 3 of a best-of-3
|t:|1785613299
|gametype|doubles
|player|p1|panijc|170|1232
|player|p2|daunting david|ethan|1366
|gen|9
|tier|[Gen 9 Champions] VGC 2026 Reg M-B (Bo3)
|rated|
|rule|Species Clause: Limit one of each Pokémon
|rule|Item Clause: Limit 1 of each item
|clearpoke
|poke|p1|Raichu, L50, F|
|poke|p1|Mamoswine, L50, F|
|poke|p1|Sylveon, L50, F|
|poke|p1|Incineroar, L50, F|
|poke|p1|Basculegion, L50, M|
|poke|p1|Whimsicott, L50, M|
|poke|p2|Staraptor, L50, M|
|poke|p2|Garchomp, L50, M|
|poke|p2|Whimsicott, L50, M|
|poke|p2|Delphox, L50, M|
|poke|p2|Glimmora, L50, F|
|poke|p2|Kingambit, L50, F|
|teampreview|4
|showteam|p1|Raichu||RaichuniteY|LightningRod|ZapCannon,FocusBlast,FakeOut,Protect|Timid||F|||50|]Mamoswine||LifeOrb|Oblivious|IcicleCrash,HighHorsepower,IceShard,Protect|Adamant||F|||50|]Sylveon||FairyFeather|Pixilate|HyperVoice,HyperBeam,Detect,Yawn|Modest||F|||50|]Incineroar||SitrusBerry|Intimidate|ThroatChop,FlareBlitz,FakeOut,PartingShot|Impish||F|||50|]Basculegion||MysticWater|Adaptability|WaveCrash,LastRespects,AquaJet,Protect|Adamant||M|||50|]Whimsicott||FocusSash|Prankster|Moonblast,Tailwind,Protect,Encore|Timid||M|||50|
|showteam|p2|Staraptor||Staraptite|Intimidate|BraveBird,CloseCombat,Protect,Roost|Jolly||M|||50|]Garchomp||LifeOrb|RoughSkin|DragonClaw,Earthquake,Protect,RockSlide|Jolly||M|||50|]Whimsicott||OccaBerry|Prankster|LightScreen,Tailwind,Charm,Moonblast|Timid||M|||50|]Delphox||Delphoxite|Blaze|HeatWave,Protect,Psychic,Substitute|Modest||M|||50|]Glimmora||FocusSash|ToxicDebris|SludgeBomb,SpikyShield,PowerGem,EarthPower|Timid||F|||50|]Kingambit||ChopleBerry|Defiant|KowtowCleave,IronHead,Protect,LowKick|Adamant||F|||50|
|inactive|Battle timer is ON: inactive players will automatically lose when time's up. (requested by daunting david)
|
|t:|1785613320
|teamsize|p1|4
|teamsize|p2|4
|start
|switch|p1a: Whimsicott|Whimsicott, L50, M|100/100
|switch|p1b: Basculegion|Basculegion, L50, M|100/100
|switch|p2a: Whimsicott|Whimsicott, L50, M|100/100
|switch|p2b: Staraptor|Staraptor, L50, M|100/100
|-ability|p2b: Staraptor|Intimidate|boost
|-unboost|p1a: Whimsicott|atk|1
|-unboost|p1b: Basculegion|atk|1
|turn|1
|inactive|daunting david has 30 seconds left.
|
|t:|1785613355
|detailschange|p2b: Staraptor|Staraptor-Mega, L50, M
|-mega|p2b: Staraptor|Staraptor|Staraptite
|move|p2a: Whimsicott|Moonblast|p1a: Whimsicott
|-damage|p1a: Whimsicott|56/100
|move|p1a: Whimsicott|Moonblast|p2b: Staraptor
|-supereffective|p2b: Staraptor|1
|-damage|p2b: Staraptor|31/100
|move|p2b: Staraptor|Close Combat|p1a: Whimsicott
|-resisted|p1a: Whimsicott|1
|-damage|p1a: Whimsicott|13/100
|-boost|p2b: Staraptor|def|1
|-boost|p2b: Staraptor|spd|1
|move|p1b: Basculegion|Wave Crash|p2b: Staraptor
|-damage|p2b: Staraptor|0 fnt
|faint|p2b: Staraptor
|-damage|p1b: Basculegion|90/100|[from] Recoil
|
|upkeep
|
|t:|1785613368
|switch|p2b: Garchomp|Garchomp, L50, M|100/100
|turn|2
|
|t:|1785613378
|move|p2a: Whimsicott|Tailwind|p2a: Whimsicott
|-sidestart|p2: daunting david|move: Tailwind
|move|p1a: Whimsicott|Tailwind|p1a: Whimsicott
|-sidestart|p1: panijc|move: Tailwind
|move|p2b: Garchomp|Rock Slide|p1b: Basculegion|[spread] p1a,p1b
|-damage|p1a: Whimsicott|0 fnt
|-damage|p1b: Basculegion|60/100
|faint|p1a: Whimsicott
|-damage|p2b: Garchomp|90/100|[from] item: Life Orb
|move|p1b: Basculegion|Wave Crash|p2b: Garchomp
|-damage|p2b: Garchomp|31/100
|-damage|p1b: Basculegion|48/100|[from] ability: Rough Skin|[of] p2b: Garchomp
|-damage|p1b: Basculegion|31/100|[from] Recoil
|
|upkeep
|
|t:|1785613392
|switch|p1a: Mamoswine|Mamoswine, L50, F|100/100
|turn|3
|
|t:|1785613401
|switch|p2b: Glimmora|Glimmora, L50, F|100/100
|move|p1a: Mamoswine|Ice Shard|p2b: Glimmora
|-damage|p2b: Glimmora|65/100
|-activate|p2b: Glimmora|ability: Toxic Debris
|-sidestart|p1: panijc|move: Toxic Spikes
|-damage|p1a: Mamoswine|90/100|[from] item: Life Orb
|move|p2a: Whimsicott|Moonblast|p1b: Basculegion
|-damage|p1b: Basculegion|5/100
|move|p1b: Basculegion|Last Respects|p2a: Whimsicott
|-damage|p2a: Whimsicott|50/100g
|
|upkeep
|turn|4
|
|t:|1785613418
|move|p2b: Glimmora|Spiky Shield|p2b: Glimmora
|-singleturn|p2b: Glimmora|move: Protect
|move|p2a: Whimsicott|Charm|p1a: Mamoswine
|-unboost|p1a: Mamoswine|atk|2
|move|p1a: Mamoswine|Ice Shard|p2a: Whimsicott
|-supereffective|p2a: Whimsicott|1
|-damage|p2a: Whimsicott|13/100
|-damage|p1a: Mamoswine|80/100|[from] item: Life Orb
|move|p1b: Basculegion|Aqua Jet|p2b: Glimmora
|-activate|p2b: Glimmora|move: Protect
|-damage|p1b: Basculegion|0 fnt|[from] Spiky Shield|[of] p2b: Glimmora
|faint|p1b: Basculegion
|
|upkeep
|
|t:|1785613431
|switch|p1b: Raichu|Raichu, L50, F|100/100
|-status|p1b: Raichu|psn
|turn|5
|
|t:|1785613452
|detailschange|p1b: Raichu|Raichu-Mega-Y, L50, F
|-mega|p1b: Raichu|Raichu|Raichunite Y
|move|p1b: Raichu|Fake Out|p2a: Whimsicott
|-damage|p2a: Whimsicott|3/100
|cant|p2a: Whimsicott|flinch
|move|p2b: Glimmora|Earth Power|p1b: Raichu
|-supereffective|p1b: Raichu|1
|-damage|p1b: Raichu|0 fnt
|faint|p1b: Raichu
|move|p1a: Mamoswine|High Horsepower|p2b: Glimmora
|-supereffective|p2b: Glimmora|2
|-damage|p2b: Glimmora|0 fnt
|-activate|p2b: Glimmora|ability: Toxic Debris
|-sidestart|p1: panijc|move: Toxic Spikes
|faint|p2b: Glimmora
|-damage|p1a: Mamoswine|71/100|[from] item: Life Orb
|
|-sideend|p1: panijc|move: Tailwind
|-sideend|p2: daunting david|move: Tailwind
|upkeep
|
|t:|1785613460
|switch|p2b: Garchomp|Garchomp, L50, M|31/100
|turn|6
|
|t:|1785613477
|move|p2b: Garchomp|Protect|p2b: Garchomp
|-singleturn|p2b: Garchomp|Protect
|move|p2a: Whimsicott|Charm|p1a: Mamoswine
|-unboost|p1a: Mamoswine|atk|2
|move|p1a: Mamoswine|Ice Shard|p2b: Garchomp
|-activate|p2b: Garchomp|move: Protect
|
|upkeep
|turn|7
|inactive|daunting david has 30 seconds left.
|
|t:|1785613503
|move|p2a: Whimsicott|Charm|p1a: Mamoswine
|-unboost|p1a: Mamoswine|atk|2
|move|p1a: Mamoswine|Ice Shard|p2b: Garchomp
|-supereffective|p2b: Garchomp|2
|-damage|p2b: Garchomp|0 fnt
|faint|p2b: Garchomp
|-damage|p1a: Mamoswine|61/100|[from] item: Life Orb
|
|upkeep
|turn|8
|
|t:|1785613512
|move|p1a: Mamoswine|Ice Shard|p2a: Whimsicott
|-supereffective|p2a: Whimsicott|1
|-damage|p2a: Whimsicott|0 fnt
|faint|p2a: Whimsicott
|-damage|p1a: Mamoswine|51/100|[from] item: Life Orb
|
|win|panijc
|raw|panijc's rating: 1232 → 1266(+34 for winning)
|raw|daunting david's rating: 1366 → 1339(-27 for losing)
|l|☆daunting david
|player|p2|
