|j|☆SengarBlade
|j|☆middleagedpotato
|html|SengarBlademiddleagedpotato    
|uhtml|bestof|Game 1 of a best-of-3
|t:|1757848690
|gametype|doubles
|player|p1|SengarBlade|preschooler|
|player|p2|middleagedpotato|266|
|gen|9
|tier|[Gen 9] VGC 2025 Reg H (Bo3)
|rule|Species Clause: Limit one of each Pokémon
|rule|Item Clause: Limit 1 of each item
|clearpoke
|poke|p1|Murkrow, L50, F|
|poke|p1|Tyranitar, L50, M|
|poke|p1|Lycanroc, L50, M|
|poke|p1|Decidueye-Hisui, L50, F|
|poke|p1|Clefable, L50, M|
|poke|p1|Hydreigon, L50, M|
|poke|p2|Smeargle, L50, M|
|poke|p2|Amoonguss, L50, M|
|poke|p2|Gardevoir, L50, F|
|poke|p2|Ursaluna, L50, F|
|poke|p2|Azumarill, L50, F|
|poke|p2|Sneasler, L50, F|
|teampreview|4
|showteam|p1|Murkrow||Eviolite|Prankster|FoulPlay,Tailwind,Haze,Protect|||F|||50|,,,,,Steel]Tyranitar||ClearAmulet|SandStream|RockSlide,KnockOff,TeraBlast,Protect|||M|||50|,,,,,Flying]Lycanroc||FocusSash|SandRush|RockSlide,Accelerock,Endeavor,Endure|||M|||50|,,,,,Ghost]Decidueye-Hisui||LifeOrb|Scrappy|CloseCombat,LeafBlade,UpperHand,Protect|||F|||50|,,,,,Ghost]Clefable||SafetyGoggles|Unaware|Moonblast,FollowMe,HelpingHand,Protect|||M|||50|,,,,,Water]Hydreigon||AguavBerry|Levitate|DracoMeteor,DarkPulse,Snarl,Protect|||M|||50|,,,,,Poison
|showteam|p2|Smeargle||FocusSash|Moody|Imprison,Transform,Protect,Spore|||M|||50|,,,,,Ghost]Amoonguss||RockyHelmet|Regenerator|Spore,RagePowder,PollenPuff,Protect|||M|||50|,,,,,Ghost]Gardevoir||Leftovers|Synchronize|Imprison,Protect,TrickRoom,DazzlingGleam|||F|||50|,,,,,Fairy]Ursaluna||FlameOrb|Guts|Protect,Facade,Earthquake,Crunch|||F|||50|,,,,,Ghost]Azumarill||AssaultVest|HugePower|AquaTail,AquaJet,PlayRough,IceSpinner|||F|||50|,,,,,Water]Sneasler||WhiteHerb|Unburden|CloseCombat,DireClaw,Protect,Uturn|||F|||50|,,,,,Dark
|
|t:|1757848719
|teamsize|p1|4
|teamsize|p2|4
|start
|switch|p1a: Murkrow|Murkrow, L50, F|100/100
|switch|p1b: Tyranitar|Tyranitar, L50, M|100/100
|switch|p2a: Sneasler|Sneasler, L50, F|100/100
|switch|p2b: Amoonguss|Amoonguss, L50, M|100/100
|-weather|Sandstorm|[from] ability: Sand Stream|[of] p1b: Tyranitar
|turn|1
|
|t:|1757848745
|-terastallize|p1b: Tyranitar|Flying
|move|p1a: Murkrow|Tailwind|p1a: Murkrow
|-sidestart|p1: SengarBlade|move: Tailwind
|move|p1b: Tyranitar|Tera Blast|p2b: Amoonguss|[anim] Tera Blast Flying
|-supereffective|p2b: Amoonguss
|-damage|p2b: Amoonguss|9/100
|move|p2a: Sneasler|Close Combat|p1b: Tyranitar
|-resisted|p1b: Tyranitar
|-damage|p1b: Tyranitar|75/100
|-unboost|p2a: Sneasler|def|1
|-unboost|p2a: Sneasler|spd|1
|-enditem|p2a: Sneasler|White Herb
|-clearnegativeboost|p2a: Sneasler|[silent]
|move|p2b: Amoonguss|Spore|p1a: Murkrow
|-status|p1a: Murkrow|slp|[from] move: Spore
|
|-weather|Sandstorm|[upkeep]
|-damage|p2a: Sneasler|95/100|[from] Sandstorm
|-damage|p1a: Murkrow|94/100 slp|[from] Sandstorm
|-damage|p1b: Tyranitar|68/100|[from] Sandstorm
|-damage|p2b: Amoonguss|3/100|[from] Sandstorm
|upkeep
|turn|2
|
|t:|1757848776
|switch|p2b: Gardevoir|Gardevoir, L50, F|100/100
|cant|p1a: Murkrow|slp
|move|p2a: Sneasler|Protect|p2a: Sneasler
|-singleturn|p2a: Sneasler|Protect
|move|p1b: Tyranitar|Protect||[still]
|-fail|p1b: Tyranitar
|
|-weather|Sandstorm|[upkeep]
|-damage|p2a: Sneasler|89/100|[from] Sandstorm
|-damage|p1a: Murkrow|88/100 slp|[from] Sandstorm
|-damage|p1b: Tyranitar|62/100|[from] Sandstorm
|-damage|p2b: Gardevoir|95/100|[from] Sandstorm
|-heal|p2b: Gardevoir|100/100|[from] item: Leftovers
|upkeep
|turn|3
|
|t:|1757848809
|switch|p1a: Decidueye|Decidueye-Hisui, L50, F|100/100
|move|p2a: Sneasler|Dire Claw|p1b: Tyranitar
|-damage|p1b: Tyranitar|25/100
|-status|p1b: Tyranitar|psn
|move|p1b: Tyranitar|Tera Blast|p2a: Sneasler|[anim] Tera Blast Flying
|-supereffective|p2a: Sneasler
|-damage|p2a: Sneasler|0 fnt
|faint|p2a: Sneasler
|move|p2b: Gardevoir|Trick Room|p2b: Gardevoir
|-fieldstart|move: Trick Room|[of] p2b: Gardevoir
|
|-weather|Sandstorm|[upkeep]
|-damage|p2b: Gardevoir|95/100|[from] Sandstorm
|-damage|p1a: Decidueye|94/100|[from] Sandstorm
|-damage|p1b: Tyranitar|19/100 psn|[from] Sandstorm
|-heal|p2b: Gardevoir|100/100|[from] item: Leftovers
|-damage|p1b: Tyranitar|6/100 psn|[from] psn
|upkeep
|
|t:|1757848828
|switch|p2a: Ursaluna|Ursaluna, L50, F|100/100
|turn|4
|
|t:|1757848874
|-terastallize|p2b: Gardevoir|Fairy
|move|p2a: Ursaluna|Protect|p2a: Ursaluna
|-singleturn|p2a: Ursaluna|Protect
|move|p1a: Decidueye|Upper Hand||[still]
|-fail|p1a: Decidueye
|move|p2b: Gardevoir|Dazzling Gleam|p1a: Decidueye|[spread] p1a,p1b
|-supereffective|p1a: Decidueye
|-damage|p1a: Decidueye|11/100
|-damage|p1b: Tyranitar|0 fnt
|faint|p1b: Tyranitar
|
|-weather|Sandstorm|[upkeep]
|-damage|p2b: Gardevoir|95/100|[from] Sandstorm
|-damage|p1a: Decidueye|5/100|[from] Sandstorm
|-heal|p2b: Gardevoir|100/100|[from] item: Leftovers
|-sideend|p1: SengarBlade|move: Tailwind
|-status|p2a: Ursaluna|brn|[from] item: Flame Orb
|upkeep
|
|t:|1757848889
|switch|p1b: Lycanroc|Lycanroc, L50, M|100/100
|turn|5
|
|t:|1757848904
|move|p2a: Ursaluna|Earthquake|p1b: Lycanroc|[spread] p2b,p1a,p1b
|-resisted|p1a: Decidueye
|-supereffective|p1b: Lycanroc
|-damage|p2b: Gardevoir|17/100
|-damage|p1a: Decidueye|0 fnt
|-enditem|p1b: Lycanroc|Focus Sash
|-damage|p1b: Lycanroc|1/100
|faint|p1a: Decidueye
|move|p2b: Gardevoir|Dazzling Gleam|p1b: Lycanroc
|-damage|p1b: Lycanroc|0 fnt
|faint|p1b: Lycanroc
|
|-weather|none
|-heal|p2b: Gardevoir|22/100|[from] item: Leftovers
|-damage|p2a: Ursaluna|95/100 brn|[from] brn
|upkeep
|-message|SengarBlade forfeited.
|
|win|middleagedpotato
|l|☆SengarBlade
|player|p1|
||SengarBlade is ready for game 2.
|inactive|middleagedpotato has 30 seconds to confirm battle start!
|l|☆middleagedpotato
|player|p2|
||middleagedpotato is ready for game 2.
|uhtml|next|Next: Game 2 of 3
|j|☆SengarBlade
|player|p1|SengarBlade|preschooler|
