|j|â˜†kris778
|j|â˜†MizzleWaterCooler
|html|kris778MizzleWaterCooler    
|uhtml|bestof|Game 2 of a best-of-3
|t:|1756348170
|gametype|doubles
|player|p1|kris778|ethan|1134
|player|p2|MizzleWaterCooler|wallace|1143
|gen|9
|tier|[Gen 9] VGC 2025 Reg H (Bo3)
|rated|
|rule|Species Clause: Limit one of each PokÃ©mon
|rule|Item Clause: Limit 1 of each item
|clearpoke
|poke|p1|Electabuzz, L50, M|
|poke|p1|Kingambit, L50, F|
|poke|p1|Volcarona, L50, F|
|poke|p1|Dragonite, L50, F|
|poke|p1|Sneasler, L50, F|
|poke|p1|Rillaboom, L50, F|
|poke|p2|Ursaluna-Bloodmoon, L50, M|
|poke|p2|Indeedee, L50, M|
|poke|p2|Sneasler, L50, F|
|poke|p2|Talonflame, L50, M|
|poke|p2|Incineroar, L50, F|
|poke|p2|Electabuzz, L50, M|
|teampreview|4
|showteam|p1|Electabuzz||Eviolite|VitalSpirit|FollowMe,Thunderbolt,Taunt,Protect|||M|||50|,,,,,Ghost]Kingambit||BlackGlasses|Defiant|KowtowCleave,SuckerPunch,SwordsDance,Protect|||F|||50|,,,,,Dark]Volcarona||Leftovers|FlameBody|HeatWave,TeraBlast,QuiverDance,Protect|||F|||50|,,,,,Fairy]Dragonite||LoadedDice|Multiscale|ScaleShot,ExtremeSpeed,Haze,Protect|||F|||50|,,,,,Fairy]Sneasler||FocusSash|Unburden|DireClaw,CloseCombat,Coaching,FakeOut|||F|||50|,,,,,Stellar]Rillaboom||AssaultVest|GrassySurge|FakeOut,WoodHammer,GrassyGlide,HighHorsepower|||F|||50|,,,,,Fire
|showteam|p2|Ursaluna-Bloodmoon||LifeOrb|MindsEye|BloodMoon,EarthPower,HyperVoice,Protect|||M|||50|,,,,,Normal]Indeedee||FocusSash|PsychicSurge|ExpandingForce,HelpingHand,TrickRoom,Protect|||M|||50|,,,,,Psychic]Sneasler||PsychicSeed|Unburden|CloseCombat,DireClaw,ThroatChop,Protect|||F|||50|,,,,,Dark]Talonflame||CovertCloak|GaleWings|FlareBlitz,DualWingbeat,WillOWisp,Tailwind|||M|||50|,,,,,Fairy]Incineroar||SafetyGoggles|Intimidate|FlareBlitz,KnockOff,PartingShot,FakeOut|||F|||50|,,,,,Ghost]Electabuzz||Eviolite|VitalSpirit|Electroweb,FollowMe,Taunt,Protect|||M|||50|,,,,,Dragon
|
|t:|1756348255
|teamsize|p1|4
|teamsize|p2|4
|start
|switch|p1a: Rillaboom|Rillaboom, L50, F|100/100
|switch|p1b: Kingambit|Kingambit, L50, F|100/100
|switch|p2a: Talonflame|Talonflame, L50, M|100/100
|switch|p2b: Ursaluna|Ursaluna-Bloodmoon, L50, M|100/100
|-fieldstart|move: Grassy Terrain|[from] ability: Grassy Surge|[of] p1a: Rillaboom
|turn|1
|
|t:|1756348287
|move|p2b: Ursaluna|Protect|p2b: Ursaluna
|-singleturn|p2b: Ursaluna|Protect
|move|p2a: Talonflame|Tailwind|p2a: Talonflame
|-sidestart|p2: MizzleWaterCooler|move: Tailwind
|move|p1a: Rillaboom|Grassy Glide|p2a: Talonflame
|-resisted|p2a: Talonflame
|-damage|p2a: Talonflame|87/100
|move|p1b: Kingambit|Sucker Punch||[still]
|-fail|p1b: Kingambit
|
|upkeep
|turn|2
|
|t:|1756348320
|-terastallize|p2b: Ursaluna|Normal
|-terastallize|p1a: Rillaboom|Fire
|move|p1a: Rillaboom|Grassy Glide|p2b: Ursaluna
|-damage|p2b: Ursaluna|70/100
|move|p1b: Kingambit|Sucker Punch|p2b: Ursaluna
|-damage|p2b: Ursaluna|29/100
|move|p2a: Talonflame|Will-O-Wisp|p1b: Kingambit
|-status|p1b: Kingambit|brn
|move|p2b: Ursaluna|Blood Moon|p1a: Rillaboom
|-damage|p1a: Rillaboom|0 fnt
|faint|p1a: Rillaboom
|-damage|p2b: Ursaluna|19/100|[from] item: Life Orb
|
|-heal|p2b: Ursaluna|25/100|[from] Grassy Terrain
|-damage|p1b: Kingambit|95/100 brn|[from] brn
|upkeep
|
|t:|1756348347
|switch|p1a: Sneasler|Sneasler, L50, F|100/100
|turn|3
|
|t:|1756348370
|switch|p2a: Electabuzz|Electabuzz, L50, M|100/100
|switch|p1a: Dragonite|Dragonite, L50, F|100/100
|move|p2b: Ursaluna|Protect|p2b: Ursaluna
|-singleturn|p2b: Ursaluna|Protect
|move|p1b: Kingambit|Sucker Punch||[still]
|-fail|p1b: Kingambit
|
|-heal|p2b: Ursaluna|31/100|[from] Grassy Terrain
|-heal|p1b: Kingambit|100/100 brn|[from] Grassy Terrain
|-damage|p1b: Kingambit|95/100 brn|[from] brn
|upkeep
|turn|4
|
|t:|1756348427
|move|p2a: Electabuzz|Follow Me|p2a: Electabuzz
|-singleturn|p2a: Electabuzz|move: Follow Me
|move|p2b: Ursaluna|Earth Power|p1b: Kingambit
|-supereffective|p1b: Kingambit
|-damage|p1b: Kingambit|0 fnt
|faint|p1b: Kingambit
|-damage|p2b: Ursaluna|21/100|[from] item: Life Orb
|move|p1a: Dragonite|Scale Shot|p2a: Electabuzz
|-damage|p2a: Electabuzz|86/100
|-damage|p2a: Electabuzz|70/100
|-damage|p2a: Electabuzz|53/100
|-damage|p2a: Electabuzz|38/100
|-damage|p2a: Electabuzz|23/100
|-hitcount|p2a: Electabuzz|5
|-unboost|p1a: Dragonite|def|1
|-boost|p1a: Dragonite|spe|1
|
|-heal|p2a: Electabuzz|29/100|[from] Grassy Terrain
|-heal|p2b: Ursaluna|27/100|[from] Grassy Terrain
|-sideend|p2: MizzleWaterCooler|move: Tailwind
|upkeep
|
|t:|1756348447
|switch|p1b: Sneasler|Sneasler, L50, F|100/100
|turn|5
|
|t:|1756348479
|switch|p2a: Talonflame|Talonflame, L50, M|87/100
|move|p2b: Ursaluna|Protect|p2b: Ursaluna
|-singleturn|p2b: Ursaluna|Protect
|move|p1a: Dragonite|Scale Shot|p2b: Ursaluna
|-activate|p2b: Ursaluna|move: Protect
|move|p1b: Sneasler|Coaching|p1a: Dragonite
|-boost|p1a: Dragonite|atk|1
|-boost|p1a: Dragonite|def|1
|
|-heal|p2b: Ursaluna|33/100|[from] Grassy Terrain
|-fieldend|move: Grassy Terrain
|upkeep
|turn|6
|
|t:|1756348541
|switch|p2b: Sneasler|Sneasler, L50, F|100/100
|move|p1a: Dragonite|Scale Shot|p2b: Sneasler
|-damage|p2b: Sneasler|67/100
|-damage|p2b: Sneasler|29/100
|-damage|p2b: Sneasler|0 fnt
|faint|p2b: Sneasler
|-hitcount|p2: Sneasler|3
|-unboost|p1a: Dragonite|def|1
|-boost|p1a: Dragonite|spe|1
|move|p2a: Talonflame|Dual Wingbeat|p1b: Sneasler
|-supereffective|p1b: Sneasler
|-damage|p1b: Sneasler|49/100
|-supereffective|p1b: Sneasler
|-damage|p1b: Sneasler|0 fnt
|faint|p1b: Sneasler
|-hitcount|p1: Sneasler|2
|
|upkeep
|
|t:|1756348571
|switch|p2b: Electabuzz|Electabuzz, L50, M|29/100
|turn|7
|
|t:|1756348602
|move|p1a: Dragonite|Extreme Speed|p2a: Talonflame
|-damage|p2a: Talonflame|20/100
|move|p2b: Electabuzz|Follow Me|p2b: Electabuzz
|-singleturn|p2b: Electabuzz|move: Follow Me
|move|p2a: Talonflame|Will-O-Wisp|p1a: Dragonite
|-status|p1a: Dragonite|brn
|
|-damage|p1a: Dragonite|95/100 brn|[from] brn
|upkeep
|turn|8
|
|t:|1756348631
|move|p2b: Electabuzz|Protect|p2b: Electabuzz
|-singleturn|p2b: Electabuzz|Protect
|move|p1a: Dragonite|Extreme Speed|p2b: Electabuzz
|-activate|p2b: Electabuzz|move: Protect
|move|p2a: Talonflame|Dual Wingbeat|p1a: Dragonite
|-damage|p1a: Dragonite|66/100 brn
|-damage|p1a: Dragonite|42/100 brn
|-hitcount|p1a: Dragonite|2
|
|-damage|p1a: Dragonite|36/100 brn|[from] brn
|upkeep
|turn|9
|
|t:|1756348657
|move|p1a: Dragonite|Extreme Speed|p2b: Electabuzz
|-damage|p2b: Electabuzz|5/100
|move|p2a: Talonflame|Dual Wingbeat|p1a: Dragonite
|-damage|p1a: Dragonite|11/100 brn
|-damage|p1a: Dragonite|0 fnt
|faint|p1a: Dragonite
|-hitcount|p1: Dragonite|2
|
|win|MizzleWaterCooler
|inactive|kris778 has 30 seconds to confirm battle start!
|inactive|MizzleWaterCooler has 30 seconds to confirm battle start!
|l|â˜†kris778
|player|p1|
|inactive|kris778 has 20 seconds to confirm battle start!
|inactive|MizzleWaterCooler has 20 seconds to confirm battle start!
||MizzleWaterCooler is ready for game 3.
|inactive|kris778 has 10 seconds to confirm battle start!
|uhtml|next|Next: Game 3 of 3
