|j|☆rbresser
|j|☆none0279
|html|rbressernone0279    
|uhtml|bestof|Game 1 of a best-of-3
|t:|1783569531
|gametype|doubles
|player|p1|rbresser|red|1072
|player|p2|none0279|cynthia-gen4|1106
|gen|9
|tier|[Gen 9 Champions] VGC 2026 Reg M-B (Bo3)
|rated|
|rule|Species Clause: Limit one of each Pokémon
|rule|Item Clause: Limit 1 of each item
|clearpoke
|poke|p1|Sneasler, L50, M|
|poke|p1|Blastoise, L50, M, shiny|
|poke|p1|Kingambit, L50, M|
|poke|p1|Incineroar, L50, M|
|poke|p1|Delphox, L50, F, shiny|
|poke|p1|Sinistcha, L50|
|poke|p2|Gengar, L50, F|
|poke|p2|Hydreigon, L50, F|
|poke|p2|Whimsicott, L50, F|
|poke|p2|Tauros-Paldea-Aqua, L50, M|
|poke|p2|Rotom-Heat, L50|
|poke|p2|Gallade, L50, M|
|teampreview|4
|showteam|p1|Sneasler||FocusSash|PoisonTouch|PoisonJab,CloseCombat,FakeOut,QuickGuard|Jolly||M|||50|]Blastoise||Blastoisinite|RainDish|DarkPulse,WaterSpout,ShellSmash,Protect|Modest||M|||50|]Kingambit||BlackGlasses|Defiant|KowtowCleave,SuckerPunch,SwordsDance,Protect|Adamant||M|||50|]Incineroar||SitrusBerry|Intimidate|FlareBlitz,HelpingHand,PartingShot,FakeOut|Careful||M|||50|]Delphox||Delphoxite|Blaze|HeatWave,NastyPlot,Psyshock,Protect|Modest||F|||50|]Sinistcha||KasibBerry|Hospitality|MatchaGotcha,RagePowder,TrickRoom,Protect|Bold|||||50|
|showteam|p2|Gengar||Gengarite|CursedBody|ShadowBall,SludgeBomb,Protect,WillOWisp|Modest||F|||50|]Hydreigon||ChoiceScarf|Levitate|DracoMeteor,DarkPulse,Snarl,EarthPower|Modest||F|||50|]Whimsicott||SitrusBerry|Prankster|Encore,Protect,Tailwind,Moonblast|Bold||F|||50|]Tauros-Paldea-Aqua||MysticWater|Intimidate|CloseCombat,AquaJet,WaveCrash,Protect|Adamant||M|||50|]Rotom-Heat||Magnet|Levitate|Thunderbolt,Overheat,VoltSwitch,Protect|Modest|||||50|]Gallade||FocusSash|Sharpness|PsychoCut,SacredSword,NightSlash,WideGuard|Jolly||M|||50|
|inactive|Battle timer is ON: inactive players will automatically lose when time's up. (requested by none0279)
|inactive|rbresser has 60 seconds left.
|inactive|none0279 has 60 seconds left.
|
|t:|1783569572
|teamsize|p1|4
|teamsize|p2|4
|start
|switch|p1a: Sneasler|Sneasler, L50, M|100/100
|switch|p1b: Blastoise|Blastoise, L50, M, shiny|100/100
|switch|p2a: Hydreigon|Hydreigon, L50, F|100/100
|switch|p2b: Tauros|Tauros-Paldea-Aqua, L50, M|100/100
|-ability|p2b: Tauros|Intimidate|boost
|-unboost|p1a: Sneasler|atk|1
|-unboost|p1b: Blastoise|atk|1
|turn|1
|
|t:|1783569597
|detailschange|p1b: Blastoise|Blastoise-Mega, L50, M, shiny
|-mega|p1b: Blastoise|Blastoise|Blastoisinite
|move|p1a: Sneasler|Fake Out|p2a: Hydreigon
|-damage|p2a: Hydreigon|89/100
|-status|p2a: Hydreigon|psn|[from] ability: Poison Touch|[of] p1a: Sneasler
|cant|p2a: Hydreigon|flinch
|move|p2b: Tauros|Close Combat|p1b: Blastoise
|-damage|p1b: Blastoise|40/100
|-unboost|p2b: Tauros|def|1
|-unboost|p2b: Tauros|spd|1
|move|p1b: Blastoise|Shell Smash|p1b: Blastoise
|-unboost|p1b: Blastoise|def|1
|-unboost|p1b: Blastoise|spd|1
|-boost|p1b: Blastoise|atk|2
|-boost|p1b: Blastoise|spa|2
|-boost|p1b: Blastoise|spe|2
|
|-damage|p2a: Hydreigon|77/100 psn|[from] psn
|upkeep
|turn|2
|
|t:|1783569620
|switch|p1a: Sinistcha|Sinistcha, L50|100/100
|-heal|p1b: Blastoise|64/100|[from] ability: Hospitality|[of] p1a: Sinistcha
|move|p1b: Blastoise|Protect|p1b: Blastoise
|-singleturn|p1b: Blastoise|Protect
|move|p2b: Tauros|Aqua Jet|p1a: Sinistcha
|-resisted|p1a: Sinistcha|1
|-damage|p1a: Sinistcha|89/100
|move|p2a: Hydreigon|Dark Pulse|p1a: Sinistcha
|-supereffective|p1a: Sinistcha|1
|-damage|p1a: Sinistcha|8/100
|
|-damage|p2a: Hydreigon|65/100 psn|[from] psn
|upkeep
|turn|3
|
|t:|1783569634
|move|p2b: Tauros|Aqua Jet|p1a: Sinistcha
|-resisted|p1a: Sinistcha|1
|-damage|p1a: Sinistcha|0 fnt
|faint|p1a: Sinistcha
|move|p1b: Blastoise|Water Spout|p2b: Tauros|[spread] p2a,p2b
|-resisted|p2a: Hydreigon|1
|-resisted|p2b: Tauros|1
|-damage|p2a: Hydreigon|20/100y psn
|-damage|p2b: Tauros|5/100
|move|p2a: Hydreigon|Dark Pulse|p1b: Blastoise
|-damage|p1b: Blastoise|0 fnt
|faint|p1b: Blastoise
|
|-damage|p2a: Hydreigon|8/100 psn|[from] psn
|upkeep
|
|t:|1783569639
|switch|p1b: Kingambit|Kingambit, L50, M|100/100
|switch|p1a: Sneasler|Sneasler, L50, M|100/100
|turn|4
|inactive|none0279 has 30 seconds left.
|
|t:|1783569667
|move|p1b: Kingambit|Protect|p1b: Kingambit
|-singleturn|p1b: Kingambit|Protect
|move|p1a: Sneasler|Fake Out|p2b: Tauros
|-damage|p2b: Tauros|0 fnt
|faint|p2b: Tauros
|move|p2a: Hydreigon|Dark Pulse|p1a: Sneasler
|-resisted|p1a: Sneasler|1
|-damage|p1a: Sneasler|67/100
|
|-damage|p2a: Hydreigon|0 fnt|[from] psn
|faint|p2a: Hydreigon
|upkeep
|
|t:|1783569673
|switch|p2a: Gallade|Gallade, L50, M|100/100
|switch|p2b: Gengar|Gengar, L50, F|100/100
|turn|5
|inactive|none0279 has 30 seconds left.
|
|t:|1783569701
|detailschange|p2b: Gengar|Gengar-Mega, L50, F
|-mega|p2b: Gengar|Gengar|Gengarite
|move|p1a: Sneasler|Poison Jab|p2a: Gallade
|-damage|p2a: Gallade|23/100
|-status|p2a: Gallade|psn
|move|p2b: Gengar|Will-O-Wisp|p1a: Sneasler
|-status|p1a: Sneasler|brn
|move|p2a: Gallade|Sacred Sword|p1b: Kingambit
|-supereffective|p1b: Kingambit|2
|-damage|p1b: Kingambit|0 fnt
|faint|p1b: Kingambit
|
|-damage|p2a: Gallade|11/100 psn|[from] psn
|-damage|p1a: Sneasler|61/100 brn|[from] brn
|upkeep
|turn|6
|-message|rbresser forfeited.
|
|win|none0279
|l|☆rbresser
|player|p1|
||rbresser is ready for game 2.
||none0279 is ready for game 2.
|uhtml|next|Next: Game 2 of 3
