|j|☆siiverfox69
|j|☆zilladuc1
|html|siiverfox69zilladuc1    
|uhtml|bestof|Game 2 of a best-of-3
|t:|1783904342
|gametype|doubles
|player|p1|siiverfox69|rosa|
|player|p2|zilladuc1|pokemaniac|
|gen|9
|tier|[Gen 9 Champions] VGC 2026 Reg M-B (Bo3)
|rule|Species Clause: Limit one of each Pokémon
|rule|Item Clause: Limit 1 of each item
|clearpoke
|poke|p1|Skeledirge, L50, M|
|poke|p1|Primarina, L50, M|
|poke|p1|Meowstic, L50, M, shiny|
|poke|p1|Vivillon-Fancy, L50, M|
|poke|p1|Metagross, L50|
|poke|p1|Greninja, L50, F|
|poke|p2|Volcarona, L50, M|
|poke|p2|Aurorus, L50, F|
|poke|p2|Scrafty, L50, M|
|poke|p2|Klefki, L50, F|
|poke|p2|Metagross, L50|
|poke|p2|Flapple, L50, F|
|teampreview|4
|showteam|p1|Skeledirge||ColburBerry|Unaware|TorchSong,EarthPower,SlackOff,Protect|Bold||M|||50|]Primarina||RindoBerry|LiquidVoice|HyperVoice,PsychUp,DazzlingGleam,Protect|Modest||M|||50|]Meowstic||LightClay|Prankster|FakeOut,RainDance,LightScreen,Reflect|Bold||M|||50|]Vivillon-Fancy||SitrusBerry|FriendGuard|Hurricane,QuiverDance,Protect,PollenPuff|Bold||M|||50|]Metagross||Metagrossite|ClearBody|IronHead,PsychicFangs,BodyPress,Protect|Adamant|||||50|]Greninja||Greninjite|Protean|WeatherBall,Blizzard,Protect,WaterShuriken|Modest||F|||50|
|showteam|p2|Volcarona||FocusSash|FlameBody|RagePowder,LeechLife,Tailwind,Uturn|Jolly||M|||50|]Aurorus||NeverMeltIce|Refrigerate|AuroraVeil,RockSlide,HyperVoice,StealthRock|Sassy||F|||50|]Scrafty||Scraftinite|Intimidate|DragonDance,Crunch,DrainPunch,FakeOut|Adamant||M|||50|]Klefki||OccaBerry|Prankster|Imprison,TrickRoom,Reflect,ThunderWave|Relaxed||F|||50|]Metagross||Leftovers|ClearBody|Gravity,MeteorMash,PsychicFangs,HammerArm|Adamant|||||50|]Flapple||ChoiceScarf|Hustle|GravApple,Outrage,DracoMeteor,Uturn|Naive||F|||50|
|j| Nachofrize
|
|t:|1783904381
|teamsize|p1|4
|teamsize|p2|4
|start
|switch|p1a: Skeledirge|Skeledirge, L50, M|100/100
|switch|p1b: Meowstic|Meowstic, L50, M, shiny|100/100
|switch|p2a: Klefki|Klefki, L50, F|100/100
|switch|p2b: Metagross|Metagross, L50|100/100
|turn|1
|
|t:|1783904417
|move|p1b: Meowstic|Fake Out|p2a: Klefki
|-resisted|p2a: Klefki|1
|-damage|p2a: Klefki|98/100
|move|p2b: Metagross|Psychic Fangs|p1a: Skeledirge
|-damage|p1a: Skeledirge|68/100
|move|p1a: Skeledirge|Torch Song|p2b: Metagross
|-supereffective|p2b: Metagross|1
|-damage|p2b: Metagross|42/100
|-boost|p1a: Skeledirge|spa|1
|cant|p2a: Klefki|flinch
|
|-heal|p2b: Metagross|48/100|[from] item: Leftovers
|upkeep
|turn|2
|c|☆zilladuc1|Flowkey I'm porked
|
|t:|1783904437
|move|p1b: Meowstic|Reflect|p1b: Meowstic
|-sidestart|p1: siiverfox69|Reflect
|move|p2a: Klefki|Thunder Wave|p1a: Skeledirge
|-status|p1a: Skeledirge|par
|move|p2b: Metagross|Psychic Fangs|p1a: Skeledirge
|-sideend|p1: siiverfox69|Reflect
|-crit|p1a: Skeledirge
|-damage|p1a: Skeledirge|20/100y par
|move|p1a: Skeledirge|Torch Song|p2b: Metagross
|-supereffective|p2b: Metagross|1
|-damage|p2b: Metagross|0 fnt
|-boost|p1a: Skeledirge|spa|1
|faint|p2b: Metagross
|
|upkeep
|
|t:|1783904446
|switch|p2b: Aurorus|Aurorus, L50, F|100/100
|turn|3
|
|t:|1783904473
|move|p1a: Skeledirge|Protect|p1a: Skeledirge
|-singleturn|p1a: Skeledirge|Protect
|move|p1b: Meowstic|Light Screen|p1b: Meowstic
|-sidestart|p1: siiverfox69|move: Light Screen
|move|p2a: Klefki|Thunder Wave|p1b: Meowstic
|-status|p1b: Meowstic|par
|move|p2b: Aurorus|Hyper Voice|p1b: Meowstic|[spread] p1b
|-activate|p1a: Skeledirge|move: Protect
|-damage|p1b: Meowstic|77/100 par
|
|upkeep
|turn|4
|
|t:|1783904518
|switch|p2a: Volcarona|Volcarona, L50, M|100/100
|move|p1b: Meowstic|Rain Dance|p1b: Meowstic
|-weather|RainDance
|move|p2b: Aurorus|Rock Slide|p1a: Skeledirge|[spread] p1a,p1b
|-supereffective|p1a: Skeledirge|1
|-damage|p1a: Skeledirge|0 fnt
|-damage|p1b: Meowstic|62/100 par
|faint|p1a: Skeledirge
|
|-weather|RainDance|[upkeep]
|upkeep
|
|t:|1783904527
|switch|p1a: Primarina|Primarina, L50, M|100/100
|turn|5
|
|t:|1783904544
|move|p1b: Meowstic|Reflect|p1b: Meowstic
|-sidestart|p1: siiverfox69|Reflect
|move|p2a: Volcarona|Tailwind|p2a: Volcarona
|-sidestart|p2: zilladuc1|move: Tailwind
|move|p2b: Aurorus|Rock Slide|p1b: Meowstic|[spread] p1a,p1b
|-damage|p1a: Primarina|87/100
|-damage|p1b: Meowstic|53/100 par
|move|p1a: Primarina|Hyper Voice|p2a: Volcarona|[spread] p2a,p2b
|-supereffective|p2a: Volcarona|1
|-supereffective|p2b: Aurorus|1
|-crit|p2b: Aurorus
|-enditem|p2a: Volcarona|Focus Sash
|-damage|p2a: Volcarona|1/100
|-damage|p2b: Aurorus|6/100
|
|-weather|RainDance|[upkeep]
|upkeep
|turn|6
|
|t:|1783904598
|switch|p1b: Metagross|Metagross, L50|100/100
|move|p2a: Volcarona|Leech Life|p1b: Metagross
|-damage|p1b: Metagross|87/100
|-heal|p2a: Volcarona|8/100|[from] drain|[of] p1b: Metagross
|move|p2b: Aurorus|Rock Slide|p1a: Primarina|[spread] p1a,p1b
|-resisted|p1b: Metagross|1
|-damage|p1a: Primarina|74/100
|-damage|p1b: Metagross|83/100
|cant|p1a: Primarina|flinch
|
|-weather|RainDance|[upkeep]
|upkeep
|turn|7
|
|t:|1783904649
|move|p2a: Volcarona|Leech Life|p1a: Primarina
|-resisted|p1a: Primarina|1
|-damage|p1a: Primarina|64/100
|-heal|p2a: Volcarona|14/100|[from] drain|[of] p1a: Primarina
|move|p2b: Aurorus|Rock Slide|p1b: Metagross|[spread] p1a,p1b
|-resisted|p1b: Metagross|1
|-damage|p1a: Primarina|51/100
|-damage|p1b: Metagross|79/100
|cant|p1b: Metagross|flinch
|move|p1a: Primarina|Hyper Voice|p2a: Volcarona|[spread] p2a,p2b
|-supereffective|p2a: Volcarona|1
|-supereffective|p2b: Aurorus|1
|-damage|p2a: Volcarona|0 fnt
|-damage|p2b: Aurorus|0 fnt
|faint|p2a: Volcarona
|faint|p2b: Aurorus
|
|-weather|RainDance|[upkeep]
|upkeep
|
|t:|1783904672
|switch|p2b: Klefki|Klefki, L50, F|98/100
|turn|8
|
|t:|1783904697
|detailschange|p1b: Metagross|Metagross-Mega, L50
|-mega|p1b: Metagross|Metagross|Metagrossite
|move|p2b: Klefki|Thunder Wave|p1a: Primarina
|-status|p1a: Primarina|par
|move|p1b: Metagross|Psychic Fangs|p2b: Klefki
|-resisted|p2b: Klefki|1
|-damage|p2b: Klefki|68/100
|move|p1a: Primarina|Hyper Voice|p2b: Klefki
|-damage|p2b: Klefki|0 fnt
|faint|p2b: Klefki
|
|win|siiverfox69
|l|☆zilladuc1
|player|p2|
|c|☆siiverfox69|ggs
