|j|☆lethimcook26
|j|☆138mysx
|html|lethimcook26138mysx    
|uhtml|bestof|Game 1 of a best-of-3
|t:|1783567255
|gametype|doubles
|player|p1|lethimcook26|170|1000
|player|p2|138mysx|170|1091
|gen|9
|tier|[Gen 9 Champions] VGC 2026 Reg M-B (Bo3)
|rated|
|rule|Species Clause: Limit one of each Pokémon
|rule|Item Clause: Limit 1 of each item
|clearpoke
|poke|p1|Ninetales-Alola, L50, F|
|poke|p1|Empoleon, L50, M|
|poke|p1|Bastiodon, L50, F|
|poke|p1|Medicham, L50, F|
|poke|p1|Tyranitar, L50, M|
|poke|p1|Dragonite, L50, M|
|poke|p2|Charizard, L50, M, shiny|
|poke|p2|Aerodactyl, L50, M, shiny|
|poke|p2|Garchomp, L50, F, shiny|
|poke|p2|Sylveon, L50, F, shiny|
|poke|p2|Kingambit, L50, M|
|poke|p2|Incineroar, L50, M, shiny|
|teampreview|4
|showteam|p1|Ninetales-Alola||LightClay|SnowWarning|AuroraVeil,Blizzard,WeatherBall,FreezeDry|Modest||F|||50|]Empoleon||ChopleBerry|Competitive|ChillingWater,WeatherBall,Yawn,AirSlash|Modest||M|||50|]Bastiodon||Leftovers|Sturdy|BodyPress,IronDefense,MetalBurst,WideGuard|Sassy||F|||50|]Medicham||Medichamite|PurePower|FakeOut,QuickGuard,RockTomb,CloseCombat|Adamant||F|||50|]Tyranitar||FocusSash|SandStream|ThunderPunch,RockSlide,Protect,ThunderWave|Adamant||M|||50|]Dragonite||LumBerry|Multiscale|DragonDance,Roost,AerialAce,StompingTantrum|Adamant||M|||50|
|showteam|p2|Charizard||CharizarditeY|Blaze|SolarBeam,WeatherBall,HeatWave,Protect|Modest||M|||50|]Aerodactyl||Aerodactylite|Unnerve|RockSlide,Tailwind,WideGuard,Protect|Jolly||M|||50|]Garchomp||RoseliBerry|RoughSkin|DragonClaw,Earthquake,RockTomb,Protect|Jolly||F|||50|]Sylveon||FairyFeather|Pixilate|HyperBeam,HyperVoice,QuickAttack,Detect|Modest||F|||50|]Kingambit||BlackGlasses|Defiant|KowtowCleave,SuckerPunch,IronHead,Protect|Adamant||M|||50|]Incineroar||SitrusBerry|Intimidate|FakeOut,FlareBlitz,ThroatChop,PartingShot|Impish||M|||50|
|j| nguyenthuthuy
|l| nguyenthuthuy
|c|☆lethimcook26|glhf
|c|☆138mysx|Glhf
|
|t:|1783567342
|teamsize|p1|4
|teamsize|p2|4
|start
|switch|p1a: Ninetales|Ninetales-Alola, L50, F|100/100
|switch|p1b: Medicham|Medicham, L50, F|100/100
|switch|p2a: Kingambit|Kingambit, L50, M|100/100
|switch|p2b: Garchomp|Garchomp, L50, F, shiny|100/100
|-weather|Snowscape|[from] ability: Snow Warning|[of] p1a: Ninetales
|turn|1
|
|t:|1783567384
|switch|p2b: Charizard|Charizard, L50, M, shiny|100/100
|move|p2a: Kingambit|Protect|p2a: Kingambit
|-singleturn|p2a: Kingambit|Protect
|move|p1a: Ninetales|Aurora Veil|p1a: Ninetales
|-sidestart|p1: lethimcook26|move: Aurora Veil
|move|p1b: Medicham|Close Combat|p2a: Kingambit
|-activate|p2a: Kingambit|move: Protect
|
|-weather|Snowscape|[upkeep]
|upkeep
|turn|2
|
|t:|1783567435
|switch|p1a: Empoleon|Empoleon, L50, M|100/100
|detailschange|p2b: Charizard|Charizard-Mega-Y, L50, M, shiny
|-mega|p2b: Charizard|Charizard|Charizardite Y
|-weather|SunnyDay|[from] ability: Drought|[of] p2b: Charizard
|detailschange|p1b: Medicham|Medicham-Mega, L50, F
|-mega|p1b: Medicham|Medicham|Medichamite
|move|p1b: Medicham|Rock Tomb|p2b: Charizard
|-supereffective|p2b: Charizard|2
|-damage|p2b: Charizard|0 fnt
|faint|p2b: Charizard
|move|p2a: Kingambit|Kowtow Cleave|p1b: Medicham
|-damage|p1b: Medicham|43/100
|
|-weather|SunnyDay|[upkeep]
|upkeep
|
|t:|1783567452
|switch|p2b: Garchomp|Garchomp, L50, F, shiny|100/100
|turn|3
|inactive|Battle timer is ON: inactive players will automatically lose when time's up. (requested by 138mysx)
|
|t:|1783567486
|move|p2a: Kingambit|Protect|p2a: Kingambit
|-singleturn|p2a: Kingambit|Protect
|move|p2b: Garchomp|Earthquake|p1a: Empoleon|[spread] p1a,p1b
|-activate|p2a: Kingambit|move: Protect
|-supereffective|p1a: Empoleon|1
|-damage|p1a: Empoleon|56/100
|-damage|p1b: Medicham|2/100
|move|p1b: Medicham|Close Combat|p2a: Kingambit
|-activate|p2a: Kingambit|move: Protect
|move|p1a: Empoleon|Yawn|p2b: Garchomp
|-start|p2b: Garchomp|move: Yawn|[of] p1a: Empoleon
|
|-weather|SunnyDay|[upkeep]
|upkeep
|turn|4
|inactive|lethimcook26 has 30 seconds left.
|inactive|lethimcook26 has 20 seconds left.
|inactive|lethimcook26 has 15 seconds left.
|inactive|lethimcook26 has 10 seconds left.
|
|t:|1783567531
|switch|p2b: Sylveon|Sylveon, L50, F, shiny|100/100
|move|p2a: Kingambit|Sucker Punch|p1b: Medicham
|-damage|p1b: Medicham|0 fnt
|faint|p1b: Medicham
|move|p1a: Empoleon|Weather Ball|p2a: Kingambit
|-supereffective|p2a: Kingambit|1
|-damage|p2a: Kingambit|18/100
|
|-weather|SunnyDay|[upkeep]
|upkeep
|
|t:|1783567546
|switch|p1b: Bastiodon|Bastiodon, L50, F|100/100
|turn|5
|inactive|138mysx has 30 seconds left.
|
|t:|1783567574
|switch|p2a: Garchomp|Garchomp, L50, F, shiny|100/100
|move|p2b: Sylveon|Hyper Voice|p1a: Empoleon|[spread] p1a,p1b
|-resisted|p1a: Empoleon|1
|-resisted|p1b: Bastiodon|1
|-damage|p1a: Empoleon|39/100
|-damage|p1b: Bastiodon|89/100
|move|p1a: Empoleon|Yawn|p2b: Sylveon
|-start|p2b: Sylveon|move: Yawn|[of] p1a: Empoleon
|move|p1b: Bastiodon|Iron Defense|p1b: Bastiodon
|-boost|p1b: Bastiodon|def|2
|
|-weather|SunnyDay|[upkeep]
|-heal|p1b: Bastiodon|95/100|[from] item: Leftovers
|upkeep
|turn|6
|inactive|lethimcook26 has 30 seconds left.
|inactive|138mysx has 30 seconds left.
|inactive|138mysx has 20 seconds left.
|inactive|lethimcook26 has 20 seconds left.
|
|t:|1783567616
|switch|p2b: Kingambit|Kingambit, L50, M|18/100
|move|p2a: Garchomp|Protect|p2a: Garchomp
|-singleturn|p2a: Garchomp|Protect
|move|p1a: Empoleon|Weather Ball|p2b: Kingambit
|-supereffective|p2b: Kingambit|1
|-damage|p2b: Kingambit|0 fnt
|faint|p2b: Kingambit
|move|p1b: Bastiodon|Body Press|p2a: Garchomp
|-activate|p2a: Garchomp|move: Protect
|
|-weather|none
|-heal|p1b: Bastiodon|100/100|[from] item: Leftovers
|upkeep
|
|t:|1783567624
|switch|p2b: Sylveon|Sylveon, L50, F, shiny|100/100
|turn|7
|
|t:|1783567643
|move|p2b: Sylveon|Detect|p2b: Sylveon
|-singleturn|p2b: Sylveon|Protect
|move|p1b: Bastiodon|Wide Guard|p1b: Bastiodon
|-singleturn|p1b: Bastiodon|Wide Guard
|move|p2a: Garchomp|Earthquake|p1a: Empoleon|[spread] 
|-activate|p1a: Empoleon|move: Wide Guard
|-activate|p1b: Bastiodon|move: Wide Guard
|-activate|p2b: Sylveon|move: Protect
|move|p1a: Empoleon|Weather Ball|p2a: Garchomp
|-damage|p2a: Garchomp|84/100
|
|upkeep
|turn|8
|
|t:|1783567665
|move|p1b: Bastiodon|Wide Guard|p1b: Bastiodon
|-singleturn|p1b: Bastiodon|Wide Guard
|move|p2a: Garchomp|Earthquake|p1a: Empoleon|[spread] p2b
|-activate|p1a: Empoleon|move: Wide Guard
|-activate|p1b: Bastiodon|move: Wide Guard
|-damage|p2b: Sylveon|40/100
|move|p2b: Sylveon|Hyper Voice|p1a: Empoleon|[spread] 
|-activate|p1a: Empoleon|move: Wide Guard
|-activate|p1b: Bastiodon|move: Wide Guard
|move|p1a: Empoleon|Yawn|p2b: Sylveon
|-start|p2b: Sylveon|move: Yawn|[of] p1a: Empoleon
|
|-sideend|p1: lethimcook26|move: Aurora Veil
|upkeep
|turn|9
|-message|138mysx forfeited.
|
|win|lethimcook26
|l|☆138mysx
|player|p2|
|raw|lethimcook26's rating: 1000 → 1050(+50 for winning)
|raw|138mysx's rating: 1091 → 1061(-30 for losing)
