|j|☆buf15 jeremay
|j|☆minccino fan
|html|buf15 jeremayminccino fan    
|uhtml|bestof|Game 1 of a best-of-3
|t:|1756272766
|gametype|doubles
|player|p1|buf15 jeremay|101|1259
|player|p2|minccino fan|170|1130
|gen|9
|tier|[Gen 9] VGC 2025 Reg H (Bo3)
|rated|
|rule|Species Clause: Limit one of each Pokémon
|rule|Item Clause: Limit 1 of each item
|clearpoke
|poke|p1|Talonflame, L50, F|
|poke|p1|Sneasler, L50, M|
|poke|p1|Dragapult, L50, M|
|poke|p1|Tatsugiri, L50, M|
|poke|p1|Typhlosion-Hisui, L50, M|
|poke|p1|Dondozo, L50, M|
|poke|p2|Charizard, L50, F|
|poke|p2|Torkoal, L50, M|
|poke|p2|Porygon2, L50|
|poke|p2|Incineroar, L50, M|
|poke|p2|Jumpluff, L50, M|
|poke|p2|Ursaluna, L50, M|
|teampreview|4
|showteam|p1|Talonflame||CovertCloak|GaleWings|DualWingbeat,FlareBlitz,Tailwind,SunnyDay|||F|||50|,,,,,Ghost]Sneasler||FocusSash|Unburden|FakeOut,DireClaw,CloseCombat,Taunt|||M|||50|,,,,,Ghost]Dragapult||ChoiceBand|ClearBody|DragonDarts,Outrage,PhantomForce,Uturn|||M|||50|,,,,,Dragon]Tatsugiri||ChoiceScarf|Commander|DracoMeteor,MuddyWater,TeraBlast,IcyWind|||M|||50|,,,,,Grass]Typhlosion-Hisui||ChoiceSpecs|Blaze|Eruption,Overheat,ShadowBall,HeatWave|||M|||50|,,,,,Fire]Dondozo||Leftovers|Unaware|OrderUp,WaveCrash,Earthquake,Protect|||M|||50|,,,,,Steel
|showteam|p2|Charizard||ChoiceSpecs|SolarPower|HeatWave,Overheat,WeatherBall,AirSlash|||F|||50|,,,,,Ghost]Torkoal||EjectPack|Drought|Eruption,Overheat,HelpingHand,Protect|||M|||50|,,,,,Fire]Porygon2||Eviolite|Download|TeraBlast,IceBeam,Recover,TrickRoom||||||50|,,,,,Fighting]Incineroar||SitrusBerry|Intimidate|FlareBlitz,KnockOff,FakeOut,PartingShot|||M|||50|,,,,,Ghost]Jumpluff||CovertCloak|Chlorophyll|SleepPowder,SunnyDay,RagePowder,Tailwind|||M|||50|,,,,,Water]Ursaluna||FlameOrb|Guts|HeadlongRush,Facade,Earthquake,Protect|||M|||50|,,,,,Ghost
|inactive|Battle timer is ON: inactive players will automatically lose when time's up. (requested by minccino fan)
|inactive|buf15 jeremay has 60 seconds left.
|inactive|minccino fan has 60 seconds left.
|
|t:|1756272821
|teamsize|p1|4
|teamsize|p2|4
|start
|switch|p1a: Sneasler|Sneasler, L50, M|100/100
|switch|p1b: Dragapult|Dragapult, L50, M|100/100
|switch|p2a: Incineroar|Incineroar, L50, M|100/100
|switch|p2b: Porygon2|Porygon2, L50|100/100
|-ability|p2a: Incineroar|Intimidate|boost
|-unboost|p1a: Sneasler|atk|1
|-fail|p1b: Dragapult|unboost|[from] ability: Clear Body|[of] p1b: Dragapult
|-ability|p2b: Porygon2|Download|boost
|-boost|p2b: Porygon2|atk|1
|turn|1
|inactive|buf15 jeremay has 30 seconds left.
|inactive|minccino fan has 30 seconds left.
|inactive|minccino fan has 20 seconds left.
|inactive|minccino fan has 15 seconds left.
|inactive|minccino fan has 10 seconds left.
|
|t:|1756272873
|-terastallize|p1b: Dragapult|Dragon
|move|p1b: Dragapult|Outrage|p2a: Incineroar
|-damage|p2a: Incineroar|0 fnt
|faint|p2a: Incineroar
|move|p1a: Sneasler|Dire Claw|p2b: Porygon2
|-damage|p2b: Porygon2|83/100
|-status|p2b: Porygon2|psn
|move|p2b: Porygon2|Ice Beam|p1b: Dragapult
|-supereffective|p1b: Dragapult
|-damage|p1b: Dragapult|21/100
|
|-damage|p2b: Porygon2|71/100 psn|[from] psn
|upkeep
|
|t:|1756272880
|switch|p2a: Jumpluff|Jumpluff, L50, M|100/100
|turn|2
|
|t:|1756272902
|move|p1b: Dragapult|Outrage|p2b: Porygon2|[from] lockedmove
|-damage|p2b: Porygon2|0 fnt
|faint|p2b: Porygon2
|-start|p1b: Dragapult|confusion|[fatigue]
|move|p1a: Sneasler|Dire Claw|p2a: Jumpluff
|-supereffective|p2a: Jumpluff
|-damage|p2a: Jumpluff|33/100
|move|p2a: Jumpluff|Sleep Powder|p1a: Sneasler
|-status|p1a: Sneasler|slp|[from] move: Sleep Powder
|
|upkeep
|
|t:|1756272906
|switch|p2b: Ursaluna|Ursaluna, L50, M|100/100
|turn|3
|
|t:|1756272929
|-activate|p1b: Dragapult|confusion
|move|p1b: Dragapult|Outrage|p2a: Jumpluff
|-crit|p2a: Jumpluff
|-damage|p2a: Jumpluff|0 fnt
|faint|p2a: Jumpluff
|cant|p1a: Sneasler|slp
|move|p2b: Ursaluna|Earthquake|p1b: Dragapult|[spread] p1a,p1b
|-supereffective|p1a: Sneasler
|-enditem|p1a: Sneasler|Focus Sash
|-damage|p1a: Sneasler|1/100 slp
|-damage|p1b: Dragapult|0 fnt
|faint|p1b: Dragapult
|
|-status|p2b: Ursaluna|brn|[from] item: Flame Orb
|upkeep
|
|t:|1756272934
|switch|p1b: Dondozo|Dondozo, L50, M|100/100
|turn|4
|
|t:|1756272941
|-terastallize|p2b: Ursaluna|Ghost
|move|p1b: Dondozo|Protect|p1b: Dondozo
|-singleturn|p1b: Dondozo|Protect
|cant|p1a: Sneasler|slp
|move|p2b: Ursaluna|Earthquake|p1b: Dondozo|[spread] p1a
|-activate|p1b: Dondozo|move: Protect
|-supereffective|p1a: Sneasler
|-damage|p1a: Sneasler|0 fnt
|faint|p1a: Sneasler
|
|-damage|p2b: Ursaluna|95/100 brn|[from] brn
|upkeep
|
|t:|1756272955
|switch|p1a: Tatsugiri|Tatsugiri, L50, M|100/100
|-activate|p1a: Tatsugiri|ability: Commander|[of] p1b: Dondozo
|-boost|p1b: Dondozo|atk|2
|-boost|p1b: Dondozo|spa|2
|-boost|p1b: Dondozo|spe|2
|-boost|p1b: Dondozo|def|2
|-boost|p1b: Dondozo|spd|2
|turn|5
|
|t:|1756272964
|move|p1b: Dondozo|Wave Crash|p2b: Ursaluna
|-damage|p2b: Ursaluna|19/100 brn
|-damage|p1b: Dondozo|76/100|[from] Recoil
|move|p2b: Ursaluna|Facade|p1b: Dondozo
|-damage|p1b: Dondozo|35/100
|
|-heal|p1b: Dondozo|41/100|[from] item: Leftovers
|-damage|p2b: Ursaluna|13/100 brn|[from] brn
|upkeep
|turn|6
|
|t:|1756272977
|move|p1b: Dondozo|Order Up|p2b: Ursaluna
|-damage|p2b: Ursaluna|0 fnt
|faint|p2b: Ursaluna
|
|win|buf15 jeremay
