|j|â˜†Usurper17
|j|â˜†Zigglermeister
|html|Usurper17Zigglermeister    
|uhtml|bestof|Game 2 of a best-of-3
|t:|1785671038
|gametype|doubles
|player|p1|Usurper17|grimsley|
|player|p2|Zigglermeister|266|
|gen|9
|tier|[Gen 9 Champions] VGC 2026 Reg M-B (Bo3)
|rule|Species Clause: Limit one of each PokÃ©mon
|rule|Item Clause: Limit 1 of each item
|clearpoke
|poke|p1|Simipour, L50, M|
|poke|p1|Tsareena, L50, F|
|poke|p1|Clefable, L50, F|
|poke|p1|Liepard, L50, F|
|poke|p1|Tyranitar, L50, M|
|poke|p1|Houndstone, L50, M|
|poke|p2|Golurk, L50|
|poke|p2|Araquanid, L50, M|
|poke|p2|Grimmsnarl, L50, M|
|poke|p2|Incineroar, L50, M|
|poke|p2|Farigiraf, L50, F|
|poke|p2|Toxicroak, L50, M|
|teampreview|4
|showteam|p1|Simipour||MysticWater|Torrent|Scald,NastyPlot,FakeOut,Protect|Quiet||M|||50|]Tsareena||WideLens|QueenlyMajesty|PowerWhip,TripleAxel,LowKick,Protect|Brave||F|||50|]Clefable||SitrusBerry|Unaware|Moonblast,IceBeam,LifeDew,FollowMe|Bold||F|||50|]Liepard||WhiteHerb|Unburden|FoulPlay,FakeOut,Taunt,RainDance|Jolly||F|||50|]Tyranitar||Tyranitarite|SandStream|KnockOff,RockSlide,FirePunch,Protect|Brave||M|||50|]Houndstone||LifeOrb|SandRush|LastRespects,BodyPress,PsychicFangs,Roar|Adamant||M|||50|
|showteam|p2|Golurk||Golurkite|NoGuard|HeadlongRush,Poltergeist,Protect,IcePunch|Adamant|||||50|]Araquanid||LifeOrb|WaterBubble|Lunge,WideGuard,Protect,Liquidation|Brave||M|||50|]Grimmsnarl||SitrusBerry|Prankster|LightScreen,Reflect,PartingShot,SpiritBreak|Impish||M|||50|]Incineroar||Leftovers|Intimidate|FakeOut,FlareBlitz,WillOWisp,PartingShot|Careful||M|||50|]Farigiraf||MentalHerb|ArmorTail|HyperVoice,Protect,TrickRoom,DazzlingGleam|Sassy||F|||50|]Toxicroak||ExpertBelt|PoisonTouch|CloseCombat,FakeOut,PoisonJab,Encore|Adamant||M|||50|
|j| LuciusCrock
|
|t:|1785671092
|teamsize|p1|4
|teamsize|p2|4
|start
|switch|p1a: big d randy|Tyranitar, L50, M|100/100
|switch|p1b: dawg in me|Houndstone, L50, M|100/100
|switch|p2a: Toxicroak|Toxicroak, L50, M|100/100
|switch|p2b: Incineroar|Incineroar, L50, M|100/100
|-ability|p2b: Incineroar|Intimidate|boost
|-unboost|p1a: big d randy|atk|1
|-unboost|p1b: dawg in me|atk|1
|-weather|Sandstorm|[from] ability: Sand Stream|[of] p1a: big d randy
|turn|1
|
|t:|1785671120
|move|p1a: big d randy|Protect|p1a: big d randy
|-singleturn|p1a: big d randy|Protect
|move|p2b: Incineroar|Fake Out|p1a: big d randy
|-activate|p1a: big d randy|move: Protect
|move|p1b: dawg in me|Psychic Fangs|p2a: Toxicroak
|-supereffective|p2a: Toxicroak|2
|-crit|p2a: Toxicroak
|-damage|p2a: Toxicroak|0 fnt
|faint|p2a: Toxicroak
|-damage|p1b: dawg in me|90/100|[from] item: Life Orb
|
|-weather|Sandstorm|[upkeep]
|-damage|p2b: Incineroar|94/100|[from] Sandstorm
|-heal|p2b: Incineroar|100/100|[from] item: Leftovers
|upkeep
|c|â˜†Zigglermeister|Yh its over
|
|t:|1785671145
|switch|p2a: Farigiraf|Farigiraf, L50, F|100/100
|turn|2
|
|t:|1785671208
|detailschange|p1a: big d randy|Tyranitar-Mega, L50, M
|-mega|p1a: big d randy|Tyranitar|Tyranitarite
|move|p2a: Farigiraf|Protect|p2a: Farigiraf
|-singleturn|p2a: Farigiraf|Protect
|move|p1a: big d randy|Rock Slide|p2a: Farigiraf|[spread] p2b
|-activate|p2a: Farigiraf|move: Protect
|-supereffective|p2b: Incineroar|1
|-damage|p2b: Incineroar|48/100
|move|p2b: Incineroar|Will-O-Wisp|p1a: big d randy
|-status|p1a: big d randy|brn
|move|p1b: dawg in me|Roar|p2a: Farigiraf
|drag|p2a: Golurk|Golurk, L50|100/100
|
|-weather|Sandstorm|[upkeep]
|-damage|p2b: Incineroar|42/100|[from] Sandstorm
|-heal|p2b: Incineroar|48/100|[from] item: Leftovers
|-damage|p1a: big d randy|93/100 brn|[from] brn
|upkeep
|turn|3
|
|t:|1785671240
|move|p2a: Golurk|Protect|p2a: Golurk
|-singleturn|p2a: Golurk|Protect
|move|p1b: dawg in me|Body Press|p2b: Incineroar
|-supereffective|p2b: Incineroar|1
|-damage|p2b: Incineroar|0 fnt
|faint|p2b: Incineroar
|-damage|p1b: dawg in me|80/100|[from] item: Life Orb
|move|p1a: big d randy|Rock Slide|p2a: Golurk
|-activate|p2a: Golurk|move: Protect
|
|-weather|Sandstorm|[upkeep]
|-damage|p1a: big d randy|87/100 brn|[from] brn
|upkeep
|
|t:|1785671247
|switch|p2b: Farigiraf|Farigiraf, L50, F|100/100
|turn|4
|
|t:|1785671267
|detailschange|p2a: Golurk|Golurk-Mega, L50
|-mega|p2a: Golurk|Golurk|Golurkite
|move|p1b: dawg in me|Last Respects|p2a: Golurk
|-supereffective|p2a: Golurk|1
|-damage|p2a: Golurk|60/100
|-damage|p1b: dawg in me|71/100|[from] item: Life Orb
|move|p1a: big d randy|Knock Off|p2a: Golurk
|-supereffective|p2a: Golurk|1
|-damage|p2a: Golurk|33/100
|move|p2a: Golurk|Poltergeist|p1b: dawg in me
|-activate|p1b: dawg in me|move: Poltergeist|Life Orb
|-supereffective|p1b: dawg in me|1
|-damage|p1b: dawg in me|0 fnt
|faint|p1b: dawg in me
|move|p2b: Farigiraf|Trick Room|p2b: Farigiraf
|-fieldstart|move: Trick Room|[of] p2b: Farigiraf
|
|-weather|Sandstorm|[upkeep]
|-damage|p2b: Farigiraf|93/100|[from] Sandstorm
|-damage|p1a: big d randy|81/100 brn|[from] brn
|upkeep
|
|t:|1785671292
|switch|p1b: super laser piss|Simipour, L50, M|100/100
|turn|5
|
|t:|1785671332
|move|p2a: Golurk|Protect|p2a: Golurk
|-singleturn|p2a: Golurk|Protect
|move|p1a: big d randy|Protect|p1a: big d randy
|-singleturn|p1a: big d randy|Protect
|move|p2b: Farigiraf|Dazzling Gleam|p1b: super laser piss|[spread] p1b
|-activate|p1a: big d randy|move: Protect
|-damage|p1b: super laser piss|76/100
|move|p1b: super laser piss|Scald|p2a: Golurk
|-activate|p2a: Golurk|move: Protect
|
|-weather|none
|-damage|p1a: big d randy|75/100 brn|[from] brn
|upkeep
|turn|6
|
|t:|1785671356
|switch|p1a: el wiwi|Liepard, L50, F|100/100
|move|p2b: Farigiraf|Hyper Voice|p1b: super laser piss|[spread] p1a,p1b
|-damage|p1a: el wiwi|56/100
|-damage|p1b: super laser piss|38/100
|move|p2a: Golurk|Headlong Rush|p1a: el wiwi
|-damage|p1a: el wiwi|0 fnt
|-unboost|p2a: Golurk|def|1
|-unboost|p2a: Golurk|spd|1
|faint|p1a: el wiwi
|move|p1b: super laser piss|Scald|p2a: Golurk
|-supereffective|p2a: Golurk|1
|-damage|p2a: Golurk|0 fnt
|faint|p2a: Golurk
|
|upkeep
|
|t:|1785671368
|switch|p1a: big d randy|Tyranitar-Mega, L50, M|75/100 brn
|-weather|Sandstorm|[from] ability: Sand Stream|[of] p1a: big d randy
|turn|7
|
|t:|1785671381
|move|p2b: Farigiraf|Dazzling Gleam|p1a: big d randy|[spread] p1a,p1b
|-supereffective|p1a: big d randy|1
|-damage|p1a: big d randy|60/100 brn
|-damage|p1b: super laser piss|17/100
|move|p1a: big d randy|Knock Off|p2b: Farigiraf
|-supereffective|p2b: Farigiraf|1
|-damage|p2b: Farigiraf|27/100
|-enditem|p2b: Farigiraf|Mental Herb|[from] move: Knock Off|[of] p1a: big d randy
|move|p1b: super laser piss|Scald|p2b: Farigiraf
|-damage|p2b: Farigiraf|0 fnt
|faint|p2b: Farigiraf
|
|win|Usurper17
|c|â˜†Usurper17|ggs man
