|j|☆GzRekt
|j|☆BackPAC
|html|GzRektBackPAC    
|uhtml|bestof|Game 2 of a best-of-3
|t:|1755378695
|gametype|doubles
|player|p1|GzRekt|fisherman-gen4|1204
|player|p2|BackPAC|burglar|1335
|gen|9
|tier|[Gen 9] VGC 2025 Reg H (Bo3)
|rated|
|rule|Species Clause: Limit one of each Pokémon
|rule|Item Clause: Limit 1 of each item
|clearpoke
|poke|p1|Dragonite, L50, F|
|poke|p1|Incineroar, L50, M|
|poke|p1|Sneasler, L50, M|
|poke|p1|Ursaluna-Bloodmoon, L50, M|
|poke|p1|Clefable, L50, F|
|poke|p1|Gholdengo, L50|
|poke|p2|Whimsicott, L50, M|
|poke|p2|Annihilape, L50, M|
|poke|p2|Sneasler, L50, F|
|poke|p2|Archaludon, L50, M|
|poke|p2|Rillaboom, L50, F|
|poke|p2|Dragapult, L50, F|
|teampreview|4
|showteam|p1|Dragonite||LoadedDice|Multiscale|ScaleShot,Tailwind,Haze,Protect|||F|||50|,,,,,Fairy]Incineroar||SafetyGoggles|Intimidate|FlareBlitz,KnockOff,PartingShot,FakeOut|||M|||50|,,,,,Ghost]Sneasler||FocusSash|Unburden|Protect,ThroatChop,CloseCombat,DireClaw|||M|||50|,,,,,Stellar]Ursaluna-Bloodmoon||AssaultVest|MindsEye|HyperVoice,BloodMoon,EarthPower,VacuumWave|||M|||50|,,,,,Water]Clefable||SitrusBerry|Unaware|Protect,FollowMe,Moonblast,HealPulse|||F|||50|,,,,,Fairy]Gholdengo||LifeOrb|GoodasGold|Protect,NastyPlot,MakeItRain,ShadowBall||||||50|,,,,,Water
|showteam|p2|Whimsicott||CovertCloak|Prankster|Tailwind,Taunt,BeatUp,Moonblast|||M|||50|,,,,,Water]Annihilape||SafetyGoggles|Defiant|Protect,BulkUp,RageFist,DrainPunch|||M|||50|,,,,,Water]Sneasler||FocusSash|Unburden|Protect,Coaching,CloseCombat,DireClaw|||F|||50|,,,,,Stellar]Archaludon||PowerHerb|Sturdy|Protect,ElectroShot,DragonPulse,FlashCannon|||M|||50|,,,,,Stellar]Rillaboom||AssaultVest|GrassySurge|FakeOut,GrassyGlide,HighHorsepower,WoodHammer|||F|||50|,,,,,Fire]Dragapult||ChoiceBand|ClearBody|Uturn,TeraBlast,DragonDarts,PhantomForce|||F|||50|,,,,,Ghost
|inactive|Battle timer is ON: inactive players will automatically lose when time's up. (requested by GzRekt)
|
|t:|1755378713
|teamsize|p1|4
|teamsize|p2|4
|start
|switch|p1a: Clefable|Clefable, L50, F|100/100
|switch|p1b: Gholdengo|Gholdengo, L50|100/100
|switch|p2a: Sneasler|Sneasler, L50, F|100/100
|switch|p2b: Annihilape|Annihilape, L50, M|100/100
|turn|1
|inactive|GzRekt has 30 seconds left.
|inactive|GzRekt has 20 seconds left.
|
|t:|1755378749
|-terastallize|p2b: Annihilape|Water
|move|p2a: Sneasler|Dire Claw|p1a: Clefable
|-supereffective|p1a: Clefable
|-damage|p1a: Clefable|25/100
|-enditem|p1a: Clefable|Sitrus Berry|[eat]
|-heal|p1a: Clefable|50/100|[from] item: Sitrus Berry
|move|p1b: Gholdengo|Shadow Ball|p2b: Annihilape
|-damage|p2b: Annihilape|51/100
|-damage|p1b: Gholdengo|91/100|[from] item: Life Orb
|move|p2b: Annihilape|Bulk Up|p2b: Annihilape
|-boost|p2b: Annihilape|atk|1
|-boost|p2b: Annihilape|def|1
|move|p1a: Clefable|Moonblast|p2b: Annihilape
|-damage|p2b: Annihilape|23/100
|
|upkeep
|turn|2
|inactive|GzRekt has 30 seconds left.
|inactive|BackPAC has 30 seconds left.
|
|t:|1755378781
|switch|p2b: Rillaboom|Rillaboom, L50, F|100/100
|-fieldstart|move: Grassy Terrain|[from] ability: Grassy Surge|[of] p2b: Rillaboom
|-terastallize|p1b: Gholdengo|Water
|move|p1a: Clefable|Follow Me|p1a: Clefable
|-singleturn|p1a: Clefable|move: Follow Me
|move|p2a: Sneasler|Dire Claw|p1a: Clefable
|-supereffective|p1a: Clefable
|-damage|p1a: Clefable|0 fnt
|faint|p1a: Clefable
|move|p1b: Gholdengo|Make It Rain|p2a: Sneasler|[spread] p2a,p2b
|-damage|p2a: Sneasler|30/100
|-damage|p2b: Rillaboom|63/100
|-unboost|p1b: Gholdengo|spa|1
|-damage|p1b: Gholdengo|82/100|[from] item: Life Orb
|
|-heal|p2a: Sneasler|36/100|[from] Grassy Terrain
|-heal|p1b: Gholdengo|88/100|[from] Grassy Terrain
|-heal|p2b: Rillaboom|69/100|[from] Grassy Terrain
|upkeep
|
|t:|1755378784
|switch|p1a: Dragonite|Dragonite, L50, F|100/100
|turn|3
|inactive|BackPAC has 30 seconds left.
|inactive|BackPAC has 20 seconds left.
|inactive|BackPAC has 15 seconds left.
|inactive|BackPAC has 10 seconds left.
|inactive|BackPAC has 5 seconds left.
|
|t:|1755378839
|move|p1b: Gholdengo|Protect|p1b: Gholdengo
|-singleturn|p1b: Gholdengo|Protect
|move|p2b: Rillaboom|Fake Out|p1a: Dragonite
|-damage|p1a: Dragonite|93/100
|move|p2a: Sneasler|Close Combat|p1b: Gholdengo
|-activate|p1b: Gholdengo|move: Protect
|cant|p1a: Dragonite|flinch
|
|-heal|p2a: Sneasler|42/100|[from] Grassy Terrain
|-heal|p1b: Gholdengo|94/100|[from] Grassy Terrain
|-heal|p2b: Rillaboom|75/100|[from] Grassy Terrain
|upkeep
|turn|4
|
|t:|1755378863
|move|p2b: Rillaboom|Grassy Glide|p1b: Gholdengo
|-supereffective|p1b: Gholdengo
|-damage|p1b: Gholdengo|22/100
|move|p2a: Sneasler|Close Combat|p1b: Gholdengo
|-damage|p1b: Gholdengo|0 fnt
|-unboost|p2a: Sneasler|def|1
|-unboost|p2a: Sneasler|spd|1
|faint|p1b: Gholdengo
|move|p1a: Dragonite|Tailwind|p1a: Dragonite
|-sidestart|p1: GzRekt|move: Tailwind
|
|-heal|p2a: Sneasler|47/100|[from] Grassy Terrain
|-heal|p2b: Rillaboom|81/100|[from] Grassy Terrain
|upkeep
|
|t:|1755378869
|switch|p1b: Ursaluna|Ursaluna-Bloodmoon, L50, M|100/100
|turn|5
|
|t:|1755378892
|switch|p2a: Whimsicott|Whimsicott, L50, M|100/100
|move|p1a: Dragonite|Scale Shot|p2b: Rillaboom
|-damage|p2b: Rillaboom|67/100
|-damage|p2b: Rillaboom|51/100
|-damage|p2b: Rillaboom|37/100
|-damage|p2b: Rillaboom|22/100
|-damage|p2b: Rillaboom|8/100
|-hitcount|p2b: Rillaboom|5
|-unboost|p1a: Dragonite|def|1
|-boost|p1a: Dragonite|spe|1
|move|p1b: Ursaluna|Hyper Voice|p2b: Rillaboom|[spread] p2a,p2b
|-damage|p2a: Whimsicott|56/100
|-damage|p2b: Rillaboom|0 fnt
|faint|p2b: Rillaboom
|
|-heal|p2a: Whimsicott|62/100|[from] Grassy Terrain
|upkeep
|
|t:|1755378913
|switch|p2b: Annihilape|Annihilape, L50, M, tera:Water|23/100
|turn|6
|
|t:|1755378934
|move|p2a: Whimsicott|Tailwind|p2a: Whimsicott
|-sidestart|p2: BackPAC|move: Tailwind
|move|p1a: Dragonite|Scale Shot|p2b: Annihilape
|-damage|p2b: Annihilape|7/100
|-damage|p2b: Annihilape|0 fnt
|faint|p2b: Annihilape
|-hitcount|p2: Annihilape|2
|-unboost|p1a: Dragonite|def|1
|-boost|p1a: Dragonite|spe|1
|move|p1b: Ursaluna|Hyper Voice|p2a: Whimsicott
|-damage|p2a: Whimsicott|8/100
|
|-heal|p2a: Whimsicott|14/100|[from] Grassy Terrain
|-fieldend|move: Grassy Terrain
|upkeep
|
|t:|1755378945
|switch|p2b: Sneasler|Sneasler, L50, F|47/100
|turn|7
|inactive|GzRekt has 30 seconds left.
|
|t:|1755378973
|move|p1a: Dragonite|Protect|p1a: Dragonite
|-singleturn|p1a: Dragonite|Protect
|move|p1b: Ursaluna|Vacuum Wave|p2a: Whimsicott
|-resisted|p2a: Whimsicott
|-damage|p2a: Whimsicott|5/100
|move|p2b: Sneasler|Close Combat|p1b: Ursaluna
|-supereffective|p1b: Ursaluna
|-damage|p1b: Ursaluna|4/100
|-unboost|p2b: Sneasler|def|1
|-unboost|p2b: Sneasler|spd|1
|move|p2a: Whimsicott|Moonblast|p1a: Dragonite
|-activate|p1a: Dragonite|move: Protect
|
|-sideend|p1: GzRekt|move: Tailwind
|upkeep
|turn|8
|
|t:|1755378990
|move|p1b: Ursaluna|Vacuum Wave|p2a: Whimsicott
|-resisted|p2a: Whimsicott
|-damage|p2a: Whimsicott|0 fnt
|faint|p2a: Whimsicott
|move|p2b: Sneasler|Dire Claw|p1a: Dragonite
|-damage|p1a: Dragonite|0 fnt
|faint|p1a: Dragonite
|
|upkeep
|turn|9
|
|t:|1755379002
|move|p1b: Ursaluna|Vacuum Wave|p2b: Sneasler
|-resisted|p2b: Sneasler
|-damage|p2b: Sneasler|31/100
|move|p2b: Sneasler|Close Combat|p1b: Ursaluna
|-supereffective|p1b: Ursaluna
|-damage|p1b: Ursaluna|0 fnt
|-unboost|p2b: Sneasler|def|1
|-unboost|p2b: Sneasler|spd|1
|faint|p1b: Ursaluna
|
|win|BackPAC
|raw|GzRekt's rating: 1204 → 1188(-16 for losing)
|raw|BackPAC's rating: 1335 → 1348(+13 for winning)
