|j|☆lolgz
|j|☆lagartija suprema
|html|lolgzlagartija suprema    
|uhtml|bestof|Game 1 of a best-of-3
|t:|1784043460
|gametype|doubles
|player|p1|lolgz|dawn|1190
|player|p2|lagartija suprema|swimmer|1071
|gen|9
|tier|[Gen 9 Champions] VGC 2026 Reg M-B (Bo3)
|rated|
|rule|Species Clause: Limit one of each Pokémon
|rule|Item Clause: Limit 1 of each item
|clearpoke
|poke|p1|Delphox, L50, F|
|poke|p1|Incineroar, L50, M|
|poke|p1|Vivillon, L50, M|
|poke|p1|Sinistcha, L50|
|poke|p1|Blastoise, L50, F|
|poke|p1|Maushold, L50|
|poke|p2|Scrafty, L50, M|
|poke|p2|Sylveon, L50, M|
|poke|p2|Gholdengo, L50|
|poke|p2|Garchomp, L50, F|
|poke|p2|Scolipede, L50, F|
|poke|p2|Wyrdeer, L50, F|
|teampreview|4
|showteam|p1|Delphox||Delphoxite|Blaze|HeatWave,Psychic,NastyPlot,Protect|Timid||F|||50|]Incineroar||SitrusBerry|Intimidate|FakeOut,PartingShot,FlareBlitz,ThroatChop|Impish||M|||50|]Vivillon||ChoiceScarf|CompoundEyes|SleepPowder,Hurricane,RagePowder,Tailwind|Timid||M|||50|]Sinistcha||CobaBerry|Hospitality|MatchaGotcha,RagePowder,Protect,TrickRoom|Bold|||||50|]Blastoise||Blastoisinite|RainDish|Protect,WaterSpout,DarkPulse,ShellSmash|Modest||F|||50|]Maushold||FocusSash|FriendGuard|FollowMe,Protect,SuperFang,HelpingHand|Jolly|||||50|
|showteam|p2|Scrafty||Scraftinite|Intimidate|FakeOut,CloseCombat,Crunch,Protect|Adamant||M|||50|]Sylveon||Leftovers|Pixilate|CalmMind,HyperVoice,Detect,Moonblast|Modest||M|||50|]Gholdengo||ChoiceScarf|GoodasGold|ShadowBall,PowerGem,MakeItRain,FlashCannon|Timid|||||50|]Garchomp||LifeOrb|RoughSkin|RockSlide,DragonClaw,Protect,StompingTantrum|Jolly||F|||50|]Scolipede||Scolipite|SpeedBoost|Protect,PoisonJab,LeechLife,SwordsDance|Jolly||F|||50|]Wyrdeer||SitrusBerry|Intimidate|TrickRoom,HelpingHand,Psychic,EarthPower|Bold||F|||50|
|inactive|Battle timer is ON: inactive players will automatically lose when time's up. (requested by lolgz)
|inactive|lagartija suprema has 60 seconds left.
|
|t:|1784043515
|teamsize|p1|4
|teamsize|p2|4
|start
|switch|p1a: Vivillon|Vivillon, L50, M|100/100
|switch|p1b: Delphox|Delphox, L50, F|100/100
|switch|p2a: Wyrdeer|Wyrdeer, L50, F|100/100
|switch|p2b: Garchomp|Garchomp, L50, F|100/100
|-ability|p2a: Wyrdeer|Intimidate|boost
|-unboost|p1a: Vivillon|atk|1
|-unboost|p1b: Delphox|atk|1
|turn|1
|
|t:|1784043537
|detailschange|p1b: Delphox|Delphox-Mega, L50, F
|-mega|p1b: Delphox|Delphox|Delphoxite
|move|p1a: Vivillon|Sleep Powder|p2a: Wyrdeer
|-status|p2a: Wyrdeer|slp|[from] move: Sleep Powder
|move|p1b: Delphox|Nasty Plot|p1b: Delphox
|-boost|p1b: Delphox|spa|2
|move|p2b: Garchomp|Rock Slide|p1a: Vivillon|[spread] p1a,p1b
|-supereffective|p1a: Vivillon|2
|-supereffective|p1b: Delphox|1
|-damage|p1a: Vivillon|0 fnt
|-damage|p1b: Delphox|29/100
|faint|p1a: Vivillon
|-damage|p2b: Garchomp|90/100|[from] item: Life Orb
|cant|p2a: Wyrdeer|slp
|
|upkeep
|
|t:|1784043540
|switch|p1a: Sinistcha|Sinistcha, L50|100/100
|-heal|p1b: Delphox|53/100|[from] ability: Hospitality|[of] p1a: Sinistcha
|turn|2
|
|t:|1784043556
|move|p1b: Delphox|Psychic|p2b: Garchomp
|-damage|p2b: Garchomp|0 fnt
|faint|p2b: Garchomp
|move|p1a: Sinistcha|Matcha Gotcha|p2a: Wyrdeer
|-damage|p2a: Wyrdeer|70/100 slp
|-curestatus|p2a: Wyrdeer|slp|[msg]
|move|p2a: Wyrdeer|Trick Room|p2a: Wyrdeer
|-fieldstart|move: Trick Room|[of] p2a: Wyrdeer
|
|upkeep
|
|t:|1784043561
|switch|p2b: Scrafty|Scrafty, L50, M|100/100
|-ability|p2b: Scrafty|Intimidate|boost
|-unboost|p1a: Sinistcha|atk|1
|-unboost|p1b: Delphox|atk|1
|turn|3
|inactive|lagartija suprema has 30 seconds left.
|
|t:|1784043591
|detailschange|p2b: Scrafty|Scrafty-Mega, L50, M
|-mega|p2b: Scrafty|Scrafty|Scraftinite
|-ability|p2b: Scrafty|Intimidate|boost
|-unboost|p1a: Sinistcha|atk|1
|-unboost|p1b: Delphox|atk|1
|move|p2a: Wyrdeer|Helping Hand|p2b: Scrafty
|-singleturn|p2b: Scrafty|Helping Hand|[of] p2a: Wyrdeer
|move|p1a: Sinistcha|Protect|p1a: Sinistcha
|-singleturn|p1a: Sinistcha|Protect
|move|p1b: Delphox|Protect|p1b: Delphox
|-singleturn|p1b: Delphox|Protect
|move|p2b: Scrafty|Crunch|p1a: Sinistcha
|-activate|p1a: Sinistcha|move: Protect
|
|upkeep
|turn|4
|inactive|lagartija suprema has 30 seconds left.
|
|t:|1784043622
|move|p2a: Wyrdeer|Helping Hand|p2b: Scrafty
|-singleturn|p2b: Scrafty|Helping Hand|[of] p2a: Wyrdeer
|move|p1a: Sinistcha|Rage Powder|p1a: Sinistcha
|-singleturn|p1a: Sinistcha|move: Rage Powder
|move|p2b: Scrafty|Crunch|p1a: Sinistcha
|-supereffective|p1a: Sinistcha|1
|-damage|p1a: Sinistcha|0 fnt
|faint|p1a: Sinistcha
|move|p1b: Delphox|Heat Wave|p2b: Scrafty|[spread] p2a,p2b
|-damage|p2a: Wyrdeer|0 fnt
|-damage|p2b: Scrafty|38/100
|faint|p2a: Wyrdeer
|
|upkeep
|
|t:|1784043629
|switch|p2a: Sylveon|Sylveon, L50, M|100/100
|switch|p1a: Maushold|Maushold, L50|100/100
|turn|5
|inactive|lagartija suprema has 30 seconds left.
|inactive|lagartija suprema has 20 seconds left.
|inactive|lagartija suprema has 15 seconds left.
|inactive|lagartija suprema has 10 seconds left.
|
|t:|1784043678
|move|p1a: Maushold|Protect|p1a: Maushold
|-singleturn|p1a: Maushold|Protect
|move|p1b: Delphox|Protect|p1b: Delphox
|-singleturn|p1b: Delphox|Protect
|move|p2a: Sylveon|Calm Mind|p2a: Sylveon
|-boost|p2a: Sylveon|spa|1
|-boost|p2a: Sylveon|spd|1
|move|p2b: Scrafty|Close Combat|p1a: Maushold
|-activate|p1a: Maushold|move: Protect
|
|upkeep
|turn|6
|
|t:|1784043690
|move|p1a: Maushold|Follow Me|p1a: Maushold
|-singleturn|p1a: Maushold|move: Follow Me
|move|p2a: Sylveon|Hyper Voice|p1a: Maushold|[spread] p1a,p1b
|-resisted|p1b: Delphox|1
|-damage|p1a: Maushold|25/100
|-damage|p1b: Delphox|33/100
|move|p2b: Scrafty|Crunch|p1a: Maushold
|-damage|p1a: Maushold|0 fnt
|faint|p1a: Maushold
|move|p1b: Delphox|Heat Wave|p2a: Sylveon|[spread] p2b
|-miss|p1b: Delphox|p2a: Sylveon
|-damage|p2b: Scrafty|0 fnt
|faint|p2b: Scrafty
|
|-fieldend|move: Trick Room
|upkeep
|turn|7
|
|t:|1784043704
|move|p1b: Delphox|Psychic|p2a: Sylveon
|-damage|p2a: Sylveon|43/100
|move|p2a: Sylveon|Hyper Voice|p1b: Delphox
|-resisted|p1b: Delphox|1
|-damage|p1b: Delphox|0 fnt
|faint|p1b: Delphox
|
|win|lagartija suprema
