|j|☆Quinten165
|j|☆Jose ccarlos
|html|Quinten165Jose ccarlos    
|uhtml|bestof|Game 3 of a best-of-3
|t:|1785486439
|gametype|doubles
|player|p1|Quinten165|2|1070
|player|p2|Jose ccarlos|steven|1144
|gen|9
|tier|[Gen 9 Champions] VGC 2026 Reg M-B (Bo3)
|rated|
|rule|Species Clause: Limit one of each Pokémon
|rule|Item Clause: Limit 1 of each item
|clearpoke
|poke|p1|Charizard, L50, M|
|poke|p1|Glimmora, L50, F|
|poke|p1|Whimsicott, L50, M|
|poke|p1|Ninetales-Alola, L50, M|
|poke|p1|Kingambit, L50, F|
|poke|p1|Kommo-o, L50, F|
|poke|p2|Camerupt, L50, M|
|poke|p2|Araquanid, L50, M|
|poke|p2|Mawile, L50, F|
|poke|p2|Farigiraf, L50, F, shiny|
|poke|p2|Cofagrigus, L50, F|
|poke|p2|Incineroar, L50, M, shiny|
|teampreview|4
|showteam|p1|Charizard||CharizarditeY|Blaze|HeatWave,WeatherBall,SolarBeam,Protect|Modest||M|||50|]Glimmora||Glimmoranite|ToxicDebris|SludgeBomb,PowerGem,EarthPower,SpikyShield|Modest||F|||50|]Whimsicott||FocusSash|Prankster|Moonblast,Tailwind,Encore,Protect|Timid||M|||50|]Ninetales-Alola||NeverMeltIce|SnowWarning|Blizzard,FreezeDry,Disable,Protect|Timid||M|||50|]Kingambit||BlackGlasses|Defiant|KowtowCleave,SuckerPunch,IronHead,Protect|Adamant||F|||50|]Kommo-o||LifeOrb|Overcoat|ClangingScales,AuraSphere,VacuumWave,Protect|Modest||F|||50|
|showteam|p2|Camerupt||Cameruptite|SolidRock|AncientPower,EarthPower,HeatWave,Protect|Quiet||M|||50|]Araquanid||MysticWater|WaterBubble|LeechLife,Liquidation,WideGuard,Protect|Relaxed||M|||50|]Mawile||Mawilite|HyperCutter|Crunch,PlayRough,IronHead,Protect|Brave||F|||50|]Farigiraf||SitrusBerry|ArmorTail|TrickRoom,Psychic,HelpingHand,Protect|Relaxed||F|||50|]Cofagrigus||Leftovers|Mummy|TrickRoom,WillOWisp,DestinyBond,Imprison|Sassy||F|||50|]Incineroar||PasshoBerry|Intimidate|FakeOut,PartingShot,WillOWisp,Snarl|Relaxed||M|||50|
|inactive|Battle timer is ON: inactive players will automatically lose when time's up. (requested by Jose ccarlos)
|
|t:|1785486461
|teamsize|p1|4
|teamsize|p2|4
|start
|switch|p1a: Kingambit|Kingambit, L50, F|100/100
|switch|p1b: Glimmora|Glimmora, L50, F|100/100
|switch|p2a: Farigiraf|Farigiraf, L50, F, shiny|100/100
|switch|p2b: Camerupt|Camerupt, L50, M|100/100
|turn|1
|
|t:|1785486485
|detailschange|p1b: Glimmora|Glimmora-Mega, L50, F
|-mega|p1b: Glimmora|Glimmora|Glimmoranite
|detailschange|p2b: Camerupt|Camerupt-Mega, L50, M
|-mega|p2b: Camerupt|Camerupt|Cameruptite
|move|p2a: Farigiraf|Protect|p2a: Farigiraf
|-singleturn|p2a: Farigiraf|Protect
|move|p1b: Glimmora|Power Gem|p2a: Farigiraf
|-activate|p2a: Farigiraf|move: Protect
|move|p1a: Kingambit|Kowtow Cleave|p2a: Farigiraf
|-activate|p2a: Farigiraf|move: Protect
|move|p2b: Camerupt|Heat Wave|p1b: Glimmora|[spread] p1a,p1b
|-supereffective|p1a: Kingambit|1
|-resisted|p1b: Glimmora|1
|-damage|p1a: Kingambit|0 fnt
|-damage|p1b: Glimmora|67/100
|faint|p1a: Kingambit
|
|upkeep
|
|t:|1785486498
|switch|p1a: Ninetales|Ninetales-Alola, L50, M|100/100
|-weather|Snowscape|[from] ability: Snow Warning|[of] p1a: Ninetales
|turn|2
|
|t:|1785486519
|move|p2b: Camerupt|Protect|p2b: Camerupt
|-singleturn|p2b: Camerupt|Protect
|move|p1a: Ninetales|Blizzard|p2b: Camerupt|[spread] p2a
|-activate|p2b: Camerupt|move: Protect
|-damage|p2a: Farigiraf|68/100
|-status|p2a: Farigiraf|frz
|move|p1b: Glimmora|Sludge Bomb|p2a: Farigiraf
|-damage|p2a: Farigiraf|6/100 frz
|-enditem|p2a: Farigiraf|Sitrus Berry|[eat]
|-heal|p2a: Farigiraf|31/100 frz|[from] item: Sitrus Berry
|-curestatus|p2a: Farigiraf|frz|[msg]
|move|p2a: Farigiraf|Trick Room|p2a: Farigiraf
|-fieldstart|move: Trick Room|[of] p2a: Farigiraf
|
|-weather|Snowscape|[upkeep]
|upkeep
|turn|3
|inactive|Jose ccarlos has 30 seconds left.
|inactive|Quinten165 has 30 seconds left.
|inactive|Jose ccarlos has 20 seconds left.
|
|t:|1785486555
|move|p2a: Farigiraf|Helping Hand|p2b: Camerupt
|-singleturn|p2b: Camerupt|Helping Hand|[of] p2a: Farigiraf
|move|p2b: Camerupt|Heat Wave|p1b: Glimmora|[spread] p1a,p1b
|-supereffective|p1a: Ninetales|1
|-resisted|p1b: Glimmora|1
|-damage|p1a: Ninetales|0 fnt
|-damage|p1b: Glimmora|19/100
|faint|p1a: Ninetales
|move|p1b: Glimmora|Earth Power|p2b: Camerupt
|-supereffective|p2b: Camerupt|1
|-damage|p2b: Camerupt|32/100
|
|-weather|Snowscape|[upkeep]
|upkeep
|
|t:|1785486563
|switch|p1a: Kommo-o|Kommo-o, L50, F|100/100
|turn|4
|
|t:|1785486585
|move|p2a: Farigiraf|Helping Hand|p2b: Camerupt
|-singleturn|p2b: Camerupt|Helping Hand|[of] p2a: Farigiraf
|move|p1a: Kommo-o|Protect|p1a: Kommo-o
|-singleturn|p1a: Kommo-o|Protect
|move|p2b: Camerupt|Heat Wave|p1b: Glimmora|[spread] p1b
|-activate|p1a: Kommo-o|move: Protect
|-resisted|p1b: Glimmora|1
|-damage|p1b: Glimmora|0 fnt
|faint|p1b: Glimmora
|
|-weather|Snowscape|[upkeep]
|upkeep
|turn|5
|-message|Quinten165 forfeited.
|
|win|Jose ccarlos
|raw|Quinten165's rating: 1070 → 1054(-16 for losing)
|raw|Jose ccarlos's rating: 1144 → 1164(+20 for winning)
