|j|☆SpiringOcean
|j|☆sigueinventando
|html|SpiringOceansigueinventando    
|uhtml|bestof|Game 2 of a best-of-3
|t:|1783618304
|gametype|doubles
|player|p1|SpiringOcean|brycen|1097
|player|p2|sigueinventando|benga|1120
|gen|9
|tier|[Gen 9 Champions] VGC 2026 Reg M-B (Bo3)
|rated|
|rule|Species Clause: Limit one of each Pokémon
|rule|Item Clause: Limit 1 of each item
|clearpoke
|poke|p1|Swampert, L50, F|
|poke|p1|Farigiraf, L50, M|
|poke|p1|Mawile, L50, F, shiny|
|poke|p1|Incineroar, L50, M|
|poke|p1|Pelipper, L50, M|
|poke|p1|Archaludon, L50, F|
|poke|p2|Lycanroc-Dusk, L50, M|
|poke|p2|Scizor, L50, F|
|poke|p2|Froslass, L50, F|
|poke|p2|Hydreigon, L50, F|
|poke|p2|Sneasler, L50, F|
|poke|p2|Scovillain, L50, M|
|teampreview|4
|showteam|p1|Swampert||Swampertite|Damp|WaveCrash,IcePunch,HighHorsepower,Protect|Adamant||F|||50|]Farigiraf||SitrusBerry|ArmorTail|Psychic,Thunder,HelpingHand,TrickRoom|Bold||M|||50|]Mawile||Mawilite|HyperCutter|PlayRough,BrickBreak,SuckerPunch,Protect|Adamant||F|||50|]Incineroar||WhiteHerb|Intimidate|CloseCombat,FakeOut,FlareBlitz,DarkestLariat|Adamant||M|||50|]Pelipper||LifeOrb|Drizzle|Tailwind,WeatherBall,Hurricane,WideGuard|Modest||M|||50|]Archaludon||Leftovers|Stamina|Protect,DragonPulse,ElectroShot,FlashCannon|Modest||F|||50|
|showteam|p2|Lycanroc-Dusk||FocusSash|ToughClaws|Accelerock,RockSlide,CloseCombat,Protect|Jolly||M|||50|]Scizor||LifeOrb|Technician|BulletPunch,AerialAce,SwordsDance,Protect|Adamant||F|||50|]Froslass||Froslassite|CursedBody|Blizzard,ShadowBall,AuroraVeil,Protect|Modest||F|||50|]Hydreigon||ChoiceScarf|Levitate|DarkPulse,Snarl,DracoMeteor,EarthPower|Modest||F|||50|]Sneasler||WhiteHerb|Unburden|FakeOut,DireClaw,CloseCombat,Protect|Adamant||F|||50|]Scovillain||Scovillainite|Moody|Overheat,RagePowder,LeechSeed,Protect|Bold||M|||50|
|inactive|Battle timer is ON: inactive players will automatically lose when time's up. (requested by SpiringOcean)
|
|t:|1783618331
|teamsize|p1|4
|teamsize|p2|4
|start
|switch|p1a: Pelipper|Pelipper, L50, M|100/100
|switch|p1b: Archaludon|Archaludon, L50, F|100/100
|switch|p2a: Froslass|Froslass, L50, F|100/100
|switch|p2b: Hydreigon|Hydreigon, L50, F|100/100
|-weather|RainDance|[from] ability: Drizzle|[of] p1a: Pelipper
|turn|1
|inactive|SpiringOcean has 30 seconds left.
|
|t:|1783618362
|switch|p1a: Farigiraf|Farigiraf, L50, M|100/100
|detailschange|p2a: Froslass|Froslass-Mega, L50, F
|-mega|p2a: Froslass|Froslass|Froslassite
|-weather|Snowscape|[from] ability: Snow Warning|[of] p2a: Froslass
|move|p2b: Hydreigon|Dark Pulse|p1a: Farigiraf
|-supereffective|p1a: Farigiraf|1
|-damage|p1a: Farigiraf|14/100
|-enditem|p1a: Farigiraf|Sitrus Berry|[eat]
|-heal|p1a: Farigiraf|38/100|[from] item: Sitrus Berry
|move|p2a: Froslass|Aurora Veil|p2a: Froslass
|-sidestart|p2: sigueinventando|move: Aurora Veil
|move|p1b: Archaludon|Dragon Pulse|p2b: Hydreigon
|-supereffective|p2b: Hydreigon|1
|-damage|p2b: Hydreigon|42/100
|
|-weather|Snowscape|[upkeep]
|upkeep
|turn|2
|inactive|SpiringOcean has 30 seconds left.
|inactive|sigueinventando has 30 seconds left.
|inactive|SpiringOcean has 20 seconds left.
|
|t:|1783618401
|switch|p1a: Pelipper|Pelipper, L50, M|100/100
|-weather|RainDance|[from] ability: Drizzle|[of] p1a: Pelipper
|move|p2b: Hydreigon|Dark Pulse|p1b: Archaludon
|-damage|p1b: Archaludon|53/100
|-ability|p1b: Archaludon|Stamina|boost
|-boost|p1b: Archaludon|def|1
|move|p2a: Froslass|Blizzard|p1a: Pelipper|[spread] p1a,p1b
|-damage|p1a: Pelipper|40/100
|-damage|p1b: Archaludon|10/100
|-ability|p1b: Archaludon|Stamina|boost
|-boost|p1b: Archaludon|def|1
|cant|p1b: Archaludon|flinch
|
|-weather|RainDance|[upkeep]
|-heal|p1b: Archaludon|16/100|[from] item: Leftovers
|upkeep
|turn|3
|inactive|SpiringOcean has 30 seconds left.
|inactive|sigueinventando has 30 seconds left.
|
|t:|1783618432
|switch|p2a: Sneasler|Sneasler, L50, F|100/100
|switch|p1a: Farigiraf|Farigiraf, L50, M|38/100
|move|p2b: Hydreigon|Dark Pulse|p1a: Farigiraf
|-supereffective|p1a: Farigiraf|1
|-damage|p1a: Farigiraf|0 fnt
|faint|p1a: Farigiraf
|move|p1b: Archaludon|Dragon Pulse|p2b: Hydreigon
|-supereffective|p2b: Hydreigon|1
|-damage|p2b: Hydreigon|0 fnt
|faint|p2b: Hydreigon
|
|-weather|RainDance|[upkeep]
|-heal|p1b: Archaludon|23/100|[from] item: Leftovers
|upkeep
|inactive|SpiringOcean has 30 seconds left.
|inactive|SpiringOcean has 20 seconds left.
|
|t:|1783618470
|switch|p2b: Lycanroc|Lycanroc-Dusk, L50, M|100/100
|switch|p1a: Swampert|Swampert, L50, F|100/100
|turn|4
|
|t:|1783618495
|detailschange|p1a: Swampert|Swampert-Mega, L50, F
|-mega|p1a: Swampert|Swampert|Swampertite
|move|p1a: Swampert|Protect|p1a: Swampert
|-singleturn|p1a: Swampert|Protect
|move|p1b: Archaludon|Protect|p1b: Archaludon
|-singleturn|p1b: Archaludon|Protect
|move|p2b: Lycanroc|Rock Slide|p1a: Swampert|[spread] 
|-activate|p1a: Swampert|move: Protect
|-activate|p1b: Archaludon|move: Protect
|move|p2a: Sneasler|Close Combat|p1b: Archaludon
|-activate|p1b: Archaludon|move: Protect
|
|-weather|RainDance|[upkeep]
|-heal|p1b: Archaludon|29/100|[from] item: Leftovers
|upkeep
|turn|5
|inactive|SpiringOcean has 30 seconds left.
|
|t:|1783618520
|move|p1a: Swampert|High Horsepower|p2a: Sneasler
|-supereffective|p2a: Sneasler|1
|-damage|p2a: Sneasler|0 fnt
|faint|p2a: Sneasler
|move|p2b: Lycanroc|Rock Slide|p1b: Archaludon|[spread] p1a,p1b
|-resisted|p1a: Swampert|1
|-resisted|p1b: Archaludon|1
|-damage|p1a: Swampert|87/100
|-damage|p1b: Archaludon|24/100
|-ability|p1b: Archaludon|Stamina|boost
|-boost|p1b: Archaludon|def|1
|cant|p1b: Archaludon|flinch
|
|-weather|RainDance|[upkeep]
|-heal|p1b: Archaludon|30/100|[from] item: Leftovers
|-sideend|p2: sigueinventando|move: Aurora Veil
|upkeep
|
|t:|1783618525
|switch|p2a: Froslass|Froslass-Mega, L50, F|100/100
|-weather|Snowscape|[from] ability: Snow Warning|[of] p2a: Froslass
|turn|6
|
|t:|1783618545
|switch|p1b: Pelipper|Pelipper, L50, M|40/100
|-weather|RainDance|[from] ability: Drizzle|[of] p1b: Pelipper
|move|p1a: Swampert|Wave Crash|p2b: Lycanroc
|-supereffective|p2b: Lycanroc|1
|-enditem|p2b: Lycanroc|Focus Sash
|-damage|p2b: Lycanroc|1/100
|-damage|p1a: Swampert|59/100|[from] Recoil
|move|p2b: Lycanroc|Close Combat|p1a: Swampert
|-damage|p1a: Swampert|9/100
|-unboost|p2b: Lycanroc|def|1
|-unboost|p2b: Lycanroc|spd|1
|move|p2a: Froslass|Blizzard|p1a: Swampert|[spread] p1a
|-miss|p2a: Froslass|p1b: Pelipper
|-damage|p1a: Swampert|0 fnt
|faint|p1a: Swampert
|
|-weather|RainDance|[upkeep]
|upkeep
|
|t:|1783618553
|switch|p1a: Archaludon|Archaludon, L50, F|30/100
|turn|7
|
|t:|1783618566
|move|p1b: Pelipper|Wide Guard|p1b: Pelipper
|-singleturn|p1b: Pelipper|Wide Guard
|move|p2b: Lycanroc|Close Combat|p1a: Archaludon
|-supereffective|p1a: Archaludon|1
|-damage|p1a: Archaludon|0 fnt
|-unboost|p2b: Lycanroc|def|1
|-unboost|p2b: Lycanroc|spd|1
|faint|p1a: Archaludon
|move|p2a: Froslass|Shadow Ball|p1b: Pelipper
|-damage|p1b: Pelipper|0 fnt
|faint|p1b: Pelipper
|
|win|sigueinventando
||SpiringOcean is ready for game 3.
|inactive|sigueinventando has 30 seconds to confirm battle start!
||sigueinventando is ready for game 3.
|uhtml|next|Next: Game 3 of 3
|l|☆SpiringOcean
|player|p1|
