|j|☆raphaelk1602
|j|☆Alecat
|html|raphaelk1602Alecat    
|uhtml|bestof|Game 2 of a best-of-3
|t:|1757690963
|gametype|doubles
|player|p1|raphaelk1602|169|1138
|player|p2|Alecat|scientistf|1139
|gen|9
|tier|[Gen 9] VGC 2025 Reg H (Bo3)
|rated|
|rule|Species Clause: Limit one of each Pokémon
|rule|Item Clause: Limit 1 of each item
|clearpoke
|poke|p1|Sneasler, L50, M|
|poke|p1|Tyranitar, L50, M|
|poke|p1|Excadrill, L50, F|
|poke|p1|Kilowattrel, L50, M|
|poke|p1|Magmar, L50, M|
|poke|p1|Indeedee, L50, M|
|poke|p2|Sneasler, L50, M|
|poke|p2|Magmar, L50, M|
|poke|p2|Rillaboom, L50, F|
|poke|p2|Espathra, L50, M|
|poke|p2|Kingambit, L50, F|
|poke|p2|Arcanine-Hisui, L50, M|
|teampreview|4
|showteam|p1|Sneasler||WhiteHerb|Unburden|Coaching,Protect,CloseCombat,DireClaw|||M|||50|,,,,,Flying]Tyranitar||FocusSash|SandStream|KnockOff,RockSlide,Protect,DragonDance|||M|||50|,,,,,Flying]Excadrill||ChoiceBand|SandRush|Earthquake,HighHorsepower,IronHead,RockSlide|||F|||50|,,,,,Ghost]Kilowattrel||ChoiceSpecs|Competitive|Discharge,VoltSwitch,AirSlash,Thunderbolt|||M|||50|,,,,,Ghost]Magmar||Eviolite|FlameBody|HeatWave,FollowMe,HelpingHand,Protect|||M|||50|,,,,,Flying]Indeedee||ChoiceScarf|PsychicSurge|ExpandingForce,HyperVoice,Trick,DazzlingGleam|||M|||50|,,,,,Fairy
|showteam|p2|Sneasler||FocusSash|Unburden|FakeOut,CloseCombat,DireClaw,Coaching|||M|||50|,,,,,Ghost]Magmar||Eviolite|VitalSpirit|FollowMe,HeatWave,Taunt,Protect|||M|||50|,,,,,Dragon]Rillaboom||AssaultVest|GrassySurge|FakeOut,WoodHammer,GrassyGlide,HighHorsepower|||F|||50|,,,,,Fire]Espathra||GrassySeed|SpeedBoost|StoredPower,TeraBlast,CalmMind,Protect|||M|||50|,,,,,Fighting]Kingambit||SafetyGoggles|Defiant|KowtowCleave,SuckerPunch,SwordsDance,Protect|||F|||50|,,,,,Dark]Arcanine-Hisui||LoadedDice|Intimidate|FlareBlitz,RockBlast,ExtremeSpeed,Protect|||M|||50|,,,,,Ghost
|inactive|Battle timer is ON: inactive players will automatically lose when time's up. (requested by Alecat)
|inactive|Alecat has 60 seconds left.
|
|t:|1757690997
|teamsize|p1|4
|teamsize|p2|4
|start
|switch|p1a: Excadrill|Excadrill, L50, F|100/100
|switch|p1b: Kilowattrel|Kilowattrel, L50, M|100/100
|switch|p2a: Arcanine|Arcanine-Hisui, L50, M, shiny|100/100
|switch|p2b: Kingambit|Kingambit, L50, F|100/100
|-ability|p2a: Arcanine|Intimidate|boost
|-unboost|p1a: Excadrill|atk|1
|-unboost|p1b: Kilowattrel|atk|1
|-ability|p1b: Kilowattrel|Competitive|boost
|-boost|p1b: Kilowattrel|spa|2
|turn|1
|inactive|Alecat has 30 seconds left.
|
|t:|1757691024
|move|p2a: Arcanine|Protect|p2a: Arcanine
|-singleturn|p2a: Arcanine|Protect
|move|p2b: Kingambit|Protect|p2b: Kingambit
|-singleturn|p2b: Kingambit|Protect
|move|p1b: Kilowattrel|Discharge|p2a: Arcanine|[spread] 
|-activate|p2a: Arcanine|move: Protect
|-activate|p2b: Kingambit|move: Protect
|-immune|p1a: Excadrill
|move|p1a: Excadrill|Earthquake|p2a: Arcanine|[spread] 
|-activate|p2a: Arcanine|move: Protect
|-activate|p2b: Kingambit|move: Protect
|-immune|p1b: Kilowattrel
|
|upkeep
|turn|2
|
|t:|1757691046
|-terastallize|p2b: Kingambit|Dark
|move|p2a: Arcanine|Extreme Speed|p1b: Kilowattrel
|-damage|p1b: Kilowattrel|52/100
|move|p2b: Kingambit|Sucker Punch|p1b: Kilowattrel
|-crit|p1b: Kilowattrel
|-damage|p1b: Kilowattrel|0 fnt
|faint|p1b: Kilowattrel
|move|p1a: Excadrill|Earthquake|p2b: Kingambit|[spread] p2a,p2b
|-supereffective|p2a: Arcanine
|-damage|p2a: Arcanine|0 fnt
|-damage|p2b: Kingambit|67/100
|faint|p2a: Arcanine
|
|upkeep
|
|t:|1757691061
|switch|p1b: Sneasler|Sneasler, L50, M|100/100
|switch|p2a: Rillaboom|Rillaboom, L50, F|100/100
|-fieldstart|move: Grassy Terrain|[from] ability: Grassy Surge|[of] p2a: Rillaboom
|turn|3
|
|t:|1757691073
|switch|p1a: Indeedee|Indeedee, L50, M|100/100
|-fieldstart|move: Psychic Terrain|[from] ability: Psychic Surge|[of] p1a: Indeedee
|move|p2a: Rillaboom|Fake Out|p1b: Sneasler
|-activate|p1b: Sneasler|move: Psychic Terrain
|move|p1b: Sneasler|Close Combat|p2b: Kingambit
|-supereffective|p2b: Kingambit
|-damage|p2b: Kingambit|0 fnt
|-unboost|p1b: Sneasler|def|1
|-unboost|p1b: Sneasler|spd|1
|faint|p2b: Kingambit
|-enditem|p1b: Sneasler|White Herb
|-clearnegativeboost|p1b: Sneasler|[silent]
|
|upkeep
|
|t:|1757691086
|switch|p2b: Espathra|Espathra, L50, M, shiny|100/100
|turn|4
|
|t:|1757691097
|move|p2b: Espathra|Protect|p2b: Espathra
|-singleturn|p2b: Espathra|Protect
|move|p1b: Sneasler|Dire Claw|p2a: Rillaboom
|-supereffective|p2a: Rillaboom
|-damage|p2a: Rillaboom|21/100
|-status|p2a: Rillaboom|par
|move|p1a: Indeedee|Expanding Force|p2b: Espathra|[spread] p2a
|-activate|p2b: Espathra|move: Protect
|-damage|p2a: Rillaboom|0 fnt
|faint|p2a: Rillaboom
|
|-ability|p2b: Espathra|Speed Boost|boost
|-boost|p2b: Espathra|spe|1
|upkeep
|turn|5
|inactive|Alecat has 30 seconds left.
|
|t:|1757691127
|move|p2b: Espathra|Protect|p2b: Espathra
|-singleturn|p2b: Espathra|Protect
|move|p1b: Sneasler|Dire Claw|p2b: Espathra
|-activate|p2b: Espathra|move: Protect
|move|p1a: Indeedee|Expanding Force|p2b: Espathra
|-activate|p2b: Espathra|move: Protect
|
|-ability|p2b: Espathra|Speed Boost|boost
|-boost|p2b: Espathra|spe|1
|upkeep
|turn|6
|inactive|Alecat has 30 seconds left.
|
|t:|1757691157
|move|p1b: Sneasler|Dire Claw|p2b: Espathra
|-damage|p2b: Espathra|45/100
|-status|p2b: Espathra|psn
|move|p2b: Espathra|Stored Power|p1b: Sneasler
|-supereffective|p1b: Sneasler
|-damage|p1b: Sneasler|0 fnt
|faint|p1b: Sneasler
|move|p1a: Indeedee|Expanding Force|p2b: Espathra
|-resisted|p2b: Espathra
|-damage|p2b: Espathra|0 fnt
|faint|p2b: Espathra
|
|win|raphaelk1602
|raw|raphaelk1602's rating: 1138 → 1163(+25 for winning)
|raw|Alecat's rating: 1139 → 1114(-25 for losing)
|l|☆raphaelk1602
|player|p1|
