|j|☆Andrewx98
|j|☆detoxfilms
|html|Andrewx98detoxfilms    
|uhtml|bestof|Game 1 of a best-of-3
|t:|1757933225
|gametype|doubles
|player|p1|Andrewx98|youngster-gen4dp|1051
|player|p2|detoxfilms|101|1099
|gen|9
|tier|[Gen 9] VGC 2025 Reg H (Bo3)
|rated|
|rule|Species Clause: Limit one of each Pokémon
|rule|Item Clause: Limit 1 of each item
|clearpoke
|poke|p1|Slowking, L50, M|
|poke|p1|Toxicroak, L50, M|
|poke|p1|Kingdra, L50, M|
|poke|p1|Malamar, L50, F|
|poke|p1|Pelipper, L50, M|
|poke|p1|Ursaluna, L50, F|
|poke|p2|Gothitelle, L50, F|
|poke|p2|Lapras, L50, F|
|poke|p2|Incineroar, L50, F|
|poke|p2|Dondozo, L50, F|
|poke|p2|Tatsugiri, L50, M|
|poke|p2|Dragapult, L50, M|
|teampreview|4
|showteam|p1|Slowking||RockyHelmet|Oblivious|Surf,TrickRoom,ExpandingForce,Protect|||M|||50|,,,,,Grass]Toxicroak||ClearAmulet|DrySkin|PoisonJab,CloseCombat,FakeOut,SuckerPunch|||M|||50|,,,,,Dark]Kingdra||ChoiceSpecs|SwiftSwim|TeraBlast,FlipTurn,WeatherBall,DracoMeteor|||M|||50|,,,,,Fairy]Malamar||MentalHerb|Contrary|KnockOff,Superpower,TrickRoom,Taunt|||F|||50|,,,,,Fighting]Pelipper||SafetyGoggles|Drizzle|WideGuard,Hurricane,RainDance,WeatherBall|||M|||50|,,,,,Water]Ursaluna||FlameOrb|Guts|HeadlongRush,Earthquake,Protect,Facade|||F|||50|,,,,,Ghost
|showteam|p2|Gothitelle||SitrusBerry|ShadowTag|FakeOut,Psychic,TrickRoom,Protect|||F|||50|,,,,,Dark]Lapras||Leftovers|WaterAbsorb|Protect,MuddyWater,HelpingHand,PerishSong|||F|||50|,,,,,Grass]Incineroar||SafetyGoggles|Intimidate|FakeOut,FlareBlitz,PartingShot,Protect|||F|||50|,,,,,Bug]Dondozo||ClearAmulet|Unaware|Protect,WaveCrash,OrderUp,Yawn|||F|||50|,,,,,Grass]Tatsugiri||FocusSash|Commander|Protect,MuddyWater,DracoMeteor,HelpingHand|||M|||50|,,,,,Water]Dragapult||ChoiceBand|ClearBody|TeraBlast,PhantomForce,DragonDarts,Uturn|||M|||50|,,,,,Ghost
|
|t:|1757933289
|teamsize|p1|4
|teamsize|p2|4
|start
|switch|p1a: Malamar|Malamar, L50, F|100/100
|switch|p1b: Toxicroak|Toxicroak, L50, M|100/100
|switch|p2a: Gothitelle|Gothitelle, L50, F|100/100
|switch|p2b: Dondozo|Dondozo, L50, F|100/100
|turn|1
|
|t:|1757933320
|-terastallize|p2a: Gothitelle|Dark
|move|p1b: Toxicroak|Fake Out|p2b: Dondozo
|-damage|p2b: Dondozo|92/100
|move|p2a: Gothitelle|Fake Out|p1a: Malamar
|-damage|p1a: Malamar|94/100
|cant|p2b: Dondozo|flinch
|cant|p1a: Malamar|flinch
|
|upkeep
|turn|2
|
|t:|1757933355
|move|p2a: Gothitelle|Protect|p2a: Gothitelle
|-singleturn|p2a: Gothitelle|Protect
|move|p1a: Malamar|Superpower|p2a: Gothitelle
|-activate|p2a: Gothitelle|move: Protect
|move|p1b: Toxicroak|Poison Jab|p2b: Dondozo
|-damage|p2b: Dondozo|67/100
|move|p2b: Dondozo|Yawn|p1a: Malamar
|-start|p1a: Malamar|move: Yawn|[of] p2b: Dondozo
|
|upkeep
|turn|3
|
|t:|1757933414
|switch|p2a: Tatsugiri|Tatsugiri, L50, M|100/100
|-activate|p2a: Tatsugiri|ability: Commander|[of] p2b: Dondozo
|-boost|p2b: Dondozo|atk|2
|-boost|p2b: Dondozo|spa|2
|-boost|p2b: Dondozo|spe|2
|-boost|p2b: Dondozo|def|2
|-boost|p2b: Dondozo|spd|2
|move|p2b: Dondozo|Yawn|p1b: Toxicroak
|-start|p1b: Toxicroak|move: Yawn|[of] p2b: Dondozo
|move|p1a: Malamar|Superpower|p2a: Tatsugiri|[miss]
|-miss|p1a: Malamar|p2a: Tatsugiri
|move|p1b: Toxicroak|Close Combat|p2a: Tatsugiri|[miss]
|-miss|p1b: Toxicroak|p2a: Tatsugiri
|
|-end|p1a: Malamar|move: Yawn|[silent]
|-status|p1a: Malamar|slp
|upkeep
|turn|4
|
|t:|1757933461
|switch|p1b: Ursaluna|Ursaluna, L50, F|100/100
|move|p2b: Dondozo|Order Up|p1a: Malamar
|-damage|p1a: Malamar|43/100 slp
|-boost|p2b: Dondozo|atk|1
|cant|p1a: Malamar|slp
|
|-status|p1b: Ursaluna|brn|[from] item: Flame Orb
|upkeep
|turn|5
|
|t:|1757933479
|move|p2b: Dondozo|Order Up|p1a: Malamar
|-damage|p1a: Malamar|0 fnt
|faint|p1a: Malamar
|-boost|p2b: Dondozo|atk|1
|move|p1b: Ursaluna|Facade|p2b: Dondozo
|-damage|p2b: Dondozo|24/100
|
|-damage|p1b: Ursaluna|95/100 brn|[from] brn
|upkeep
|
|t:|1757933489
|switch|p1a: Toxicroak|Toxicroak, L50, M|100/100
|turn|6
|
|t:|1757933508
|switch|p1a: Slowking|Slowking, L50, M|100/100
|move|p2b: Dondozo|Protect|p2b: Dondozo
|-singleturn|p2b: Dondozo|Protect
|move|p1b: Ursaluna|Facade|p2b: Dondozo
|-activate|p2b: Dondozo|move: Protect
|
|-damage|p1b: Ursaluna|89/100 brn|[from] brn
|upkeep
|turn|7
|
|t:|1757933527
|move|p1b: Ursaluna|Protect|p1b: Ursaluna
|-singleturn|p1b: Ursaluna|Protect
|move|p2b: Dondozo|Order Up|p1a: Slowking
|-damage|p1a: Slowking|32/100
|-boost|p2b: Dondozo|atk|1
|move|p1a: Slowking|Trick Room|p1a: Slowking
|-fieldstart|move: Trick Room|[of] p1a: Slowking
|
|-damage|p1b: Ursaluna|83/100 brn|[from] brn
|upkeep
|turn|8
|
|t:|1757933567
|move|p2b: Dondozo|Protect|p2b: Dondozo
|-singleturn|p2b: Dondozo|Protect
|move|p1b: Ursaluna|Facade|p2b: Dondozo
|-activate|p2b: Dondozo|move: Protect
|move|p1a: Slowking|Expanding Force|p2b: Dondozo
|-activate|p2b: Dondozo|move: Protect
|
|-damage|p1b: Ursaluna|77/100 brn|[from] brn
|upkeep
|turn|9
|
|t:|1757933587
|move|p2b: Dondozo|Protect|p2b: Dondozo
|-singleturn|p2b: Dondozo|Protect
|move|p1b: Ursaluna|Facade|p2b: Dondozo
|-activate|p2b: Dondozo|move: Protect
|move|p1a: Slowking|Expanding Force|p2b: Dondozo
|-activate|p2b: Dondozo|move: Protect
|
|-damage|p1b: Ursaluna|71/100 brn|[from] brn
|upkeep
|turn|10
|
|t:|1757933601
|move|p2b: Dondozo|Protect||[still]
|-fail|p2b: Dondozo
|move|p1b: Ursaluna|Facade|p2b: Dondozo
|-damage|p2b: Dondozo|0 fnt
|faint|p2b: Dondozo
|move|p1a: Slowking|Expanding Force|p2a: Tatsugiri
|-damage|p2a: Tatsugiri|47/100
|
|-damage|p1b: Ursaluna|65/100 brn|[from] brn
|upkeep
|
|t:|1757933609
|switch|p2b: Lapras|Lapras, L50, F|100/100
|turn|11
|
|t:|1757933628
|switch|p1a: Toxicroak|Toxicroak, L50, M|100/100
|move|p1b: Ursaluna|Protect|p1b: Ursaluna
|-singleturn|p1b: Ursaluna|Protect
|move|p2b: Lapras|Protect|p2b: Lapras
|-singleturn|p2b: Lapras|Protect
|move|p2a: Tatsugiri|Protect||[still]
|-fail|p2a: Tatsugiri
|
|-damage|p1b: Ursaluna|59/100 brn|[from] brn
|-fieldend|move: Trick Room
|upkeep
|turn|12
|
|t:|1757933668
|move|p2b: Lapras|Helping Hand|p2a: Tatsugiri
|-singleturn|p2a: Tatsugiri|Helping Hand|[of] p2b: Lapras
|move|p1a: Toxicroak|Fake Out|p2b: Lapras
|-damage|p2b: Lapras|89/100
|move|p2a: Tatsugiri|Draco Meteor|p1b: Ursaluna
|-damage|p1b: Ursaluna|0 fnt
|-unboost|p2a: Tatsugiri|spa|2
|faint|p1b: Ursaluna
|
|-heal|p2b: Lapras|95/100|[from] item: Leftovers
|upkeep
|
|t:|1757933681
|switch|p1b: Slowking|Slowking, L50, M|32/100
|turn|13
|
|t:|1757933702
|move|p2a: Tatsugiri|Protect|p2a: Tatsugiri
|-singleturn|p2a: Tatsugiri|Protect
|move|p1b: Slowking|Protect|p1b: Slowking
|-singleturn|p1b: Slowking|Protect
|move|p1a: Toxicroak|Poison Jab|p2a: Tatsugiri
|-activate|p2a: Tatsugiri|move: Protect
|move|p2b: Lapras|Perish Song|p2b: Lapras
|-start|p1a: Toxicroak|perish3|[silent]
|-start|p1b: Slowking|perish3|[silent]
|-start|p2a: Tatsugiri|perish3|[silent]
|-start|p2b: Lapras|perish3|[silent]
|-fieldactivate|move: Perish Song
|
|-heal|p2b: Lapras|100/100|[from] item: Leftovers
|-start|p2a: Tatsugiri|perish3
|-start|p1a: Toxicroak|perish3
|-start|p2b: Lapras|perish3
|-start|p1b: Slowking|perish3
|upkeep
|turn|14
|
|t:|1757933724
|move|p2a: Tatsugiri|Protect||[still]
|-fail|p2a: Tatsugiri
|move|p2b: Lapras|Protect|p2b: Lapras
|-singleturn|p2b: Lapras|Protect
|move|p1a: Toxicroak|Poison Jab|p2b: Lapras
|-activate|p2b: Lapras|move: Protect
|move|p1b: Slowking|Surf|p2b: Lapras|[spread] p2a
|-activate|p2b: Lapras|move: Protect
|-immune|p1a: Toxicroak|[from] ability: Dry Skin
|-resisted|p2a: Tatsugiri
|-damage|p2a: Tatsugiri|36/100
|
|-start|p2a: Tatsugiri|perish2
|-start|p1a: Toxicroak|perish2
|-start|p2b: Lapras|perish2
|-start|p1b: Slowking|perish2
|upkeep
|turn|15
|
|t:|1757933747
|move|p2a: Tatsugiri|Muddy Water|p1a: Toxicroak|[spread] 
|-immune|p1a: Toxicroak|[from] ability: Dry Skin
|-miss|p2a: Tatsugiri|p1b: Slowking
|move|p1a: Toxicroak|Poison Jab|p2a: Tatsugiri
|-damage|p2a: Tatsugiri|0 fnt
|faint|p2a: Tatsugiri
|move|p2b: Lapras|Muddy Water|p1b: Slowking|[spread] p1b
|-immune|p1a: Toxicroak|[from] ability: Dry Skin
|-resisted|p1b: Slowking
|-damage|p1b: Slowking|25/100
|move|p1b: Slowking|Surf|p2b: Lapras|[spread] 
|-immune|p1a: Toxicroak|[from] ability: Dry Skin
|-immune|p2b: Lapras|[from] ability: Water Absorb
|
|-start|p1a: Toxicroak|perish1
|-start|p2b: Lapras|perish1
|-start|p1b: Slowking|perish1
|upkeep
|
|t:|1757933754
|switch|p2a: Gothitelle|Gothitelle, L50, F, tera:Dark|100/100
|turn|16
|
|t:|1757933776
|move|p2a: Gothitelle|Protect|p2a: Gothitelle
|-singleturn|p2a: Gothitelle|Protect
|move|p2b: Lapras|Protect|p2b: Lapras
|-singleturn|p2b: Lapras|Protect
|move|p1a: Toxicroak|Close Combat|p2a: Gothitelle
|-activate|p2a: Gothitelle|move: Protect
|move|p1b: Slowking|Surf|p2b: Lapras|[spread] 
|-activate|p2a: Gothitelle|move: Protect
|-activate|p2b: Lapras|move: Protect
|-immune|p1a: Toxicroak|[from] ability: Dry Skin
|
|-start|p1a: Toxicroak|perish0
|-start|p2b: Lapras|perish0
|-start|p1b: Slowking|perish0
|faint|p1a: Toxicroak
|faint|p2b: Lapras
|faint|p1b: Slowking
|
|win|detoxfilms
||detoxfilms is ready for game 2.
|inactive|Andrewx98 has 30 seconds to confirm battle start!
|inactive|Andrewx98 has 20 seconds to confirm battle start!
||Andrewx98 is ready for game 2.
|uhtml|next|Next: Game 2 of 3
|l|☆Andrewx98
|player|p1|
