|j|☆ur1ryanpowney
|j|☆MegaMetaBestMeta
|html|ur1ryanpowneyMegaMetaBestMeta    
|uhtml|bestof|Game 2 of a best-of-3
|t:|1756233175
|gametype|doubles
|player|p1|ur1ryanpowney|nate|1205
|player|p2|MegaMetaBestMeta|1|1099
|gen|9
|tier|[Gen 9] VGC 2025 Reg H (Bo3)
|rated|
|rule|Species Clause: Limit one of each Pokémon
|rule|Item Clause: Limit 1 of each item
|clearpoke
|poke|p1|Ursaluna, L50, M|
|poke|p1|Kommo-o, L50, M|
|poke|p1|Indeedee-F, L50, F|
|poke|p1|Incineroar, L50, M|
|poke|p1|Braviary-Hisui, L50, M|
|poke|p1|Amoonguss, L50, M|
|poke|p2|Politoed, L50, F|
|poke|p2|Gothitelle, L50, F|
|poke|p2|Incineroar, L50, M|
|poke|p2|Amoonguss, L50, F|
|poke|p2|Kingdra, L50, F|
|poke|p2|Archaludon, L50, F|
|teampreview|4
|showteam|p1|Ursaluna||FlameOrb|Guts|Facade,Earthquake,Protect,HeadlongRush|||M|||50|,,,,,Normal]Kommo-o||ThroatSpray|Overcoat|ClangorousSoul,ClangingScales,Protect,Flamethrower|||M|||50|,,,,,Fire]Indeedee-F||MentalHerb|PsychicSurge|DazzlingGleam,FollowMe,TrickRoom,HelpingHand|||F|||50|,,,,,Fairy]Incineroar||SafetyGoggles|Intimidate|FakeOut,KnockOff,PartingShot,FlareBlitz|||M|||50|,,,,,Grass]Braviary-Hisui||LifeOrb|TintedLens|ExpandingForce,Protect,TeraBlast,EsperWing|||M|||50|,,,,,Fighting]Amoonguss||RoomService|Regenerator|Spore,PollenPuff,RagePowder,ClearSmog|||M|||50|,,,,,Water
|showteam|p2|Politoed||Leftovers|Drizzle|Protect,WeatherBall,PerishSong,Encore|||F|||50|,,,,,Grass]Gothitelle||SitrusBerry|ShadowTag|Protect,Psychic,FakeOut,TrickRoom|||F|||50|,,,,,Dark]Incineroar||SafetyGoggles|Intimidate|Protect,KnockOff,FakeOut,PartingShot|||M|||50|,,,,,Ghost]Amoonguss||EjectButton|Regenerator|Protect,RagePowder,PollenPuff,Spore|||F|||50|,,,,,Fairy]Kingdra||LifeOrb|SwiftSwim|Protect,WeatherBall,DracoMeteor,MuddyWater|||F|||50|,,,,,Stellar]Archaludon||PowerHerb|Sturdy|Protect,ElectroShot,DragonPulse,FlashCannon|||F|||50|,,,,,Electric
|j| teamthief420
|l| teamthief420
|
|t:|1756233290
|teamsize|p1|4
|teamsize|p2|4
|start
|switch|p1a: Kommo-o|Kommo-o, L50, M|100/100
|switch|p1b: Incineroar|Incineroar, L50, M|100/100
|switch|p2a: Kingdra|Kingdra, L50, F|100/100
|switch|p2b: Gothitelle|Gothitelle, L50, F|100/100
|-ability|p1b: Incineroar|Intimidate|boost
|-unboost|p2a: Kingdra|atk|1
|-unboost|p2b: Gothitelle|atk|1
|turn|1
|
|t:|1756233373
|switch|p2a: Politoed|Politoed, L50, F|100/100
|-weather|RainDance|[from] ability: Drizzle|[of] p2a: Politoed
|move|p1a: Kommo-o|Protect|p1a: Kommo-o
|-singleturn|p1a: Kommo-o|Protect
|move|p1b: Incineroar|Parting Shot|p2a: Politoed
|-unboost|p2a: Politoed|atk|1
|-unboost|p2a: Politoed|spa|1
|
|t:|1756233390
|switch|p1b: Indeedee|Indeedee-F, L50, F|100/100|[from] Parting Shot
|-fieldstart|move: Psychic Terrain|[from] ability: Psychic Surge|[of] p1b: Indeedee
|move|p2b: Gothitelle|Trick Room|p2b: Gothitelle
|-fieldstart|move: Trick Room|[of] p2b: Gothitelle
|
|-weather|RainDance|[upkeep]
|upkeep
|turn|2
|
|t:|1756233417
|move|p1b: Indeedee|Follow Me|p1b: Indeedee
|-singleturn|p1b: Indeedee|move: Follow Me
|move|p2b: Gothitelle|Psychic|p1b: Indeedee
|-resisted|p1b: Indeedee
|-damage|p1b: Indeedee|81/100
|move|p2a: Politoed|Perish Song|p2a: Politoed
|-start|p1a: Kommo-o|perish3|[silent]
|-start|p1b: Indeedee|perish3|[silent]
|-start|p2a: Politoed|perish3|[silent]
|-start|p2b: Gothitelle|perish3|[silent]
|-fieldactivate|move: Perish Song
|move|p1a: Kommo-o|Clangorous Soul|p1a: Kommo-o
|-boost|p1a: Kommo-o|atk|1
|-boost|p1a: Kommo-o|def|1
|-boost|p1a: Kommo-o|spa|1
|-boost|p1a: Kommo-o|spd|1
|-boost|p1a: Kommo-o|spe|1
|-damage|p1a: Kommo-o|68/100
|-enditem|p1a: Kommo-o|Throat Spray
|-boost|p1a: Kommo-o|spa|1|[from] item: Throat Spray
|
|-weather|RainDance|[upkeep]
|-start|p2b: Gothitelle|perish3
|-start|p1b: Indeedee|perish3
|-start|p2a: Politoed|perish3
|-start|p1a: Kommo-o|perish3
|upkeep
|turn|3
|
|t:|1756233446
|switch|p2a: Amoonguss|Amoonguss, L50, F|100/100
|move|p2b: Gothitelle|Protect|p2b: Gothitelle
|-singleturn|p2b: Gothitelle|Protect
|move|p1a: Kommo-o|Clangorous Soul|p1a: Kommo-o
|-boost|p1a: Kommo-o|atk|1
|-boost|p1a: Kommo-o|def|1
|-boost|p1a: Kommo-o|spa|1
|-boost|p1a: Kommo-o|spd|1
|-boost|p1a: Kommo-o|spe|1
|-damage|p1a: Kommo-o|35/100
|move|p1b: Indeedee|Trick Room|p1b: Indeedee
|-fieldend|move: Trick Room
|
|-weather|RainDance|[upkeep]
|-start|p1a: Kommo-o|perish2
|-start|p1b: Indeedee|perish2
|-start|p2b: Gothitelle|perish2
|upkeep
|turn|4
|
|t:|1756233494
|-terastallize|p2a: Amoonguss|Fairy
|move|p1b: Indeedee|Helping Hand|p1a: Kommo-o
|-singleturn|p1a: Kommo-o|Helping Hand|[of] p1b: Indeedee
|move|p2a: Amoonguss|Rage Powder|p2a: Amoonguss
|-singleturn|p2a: Amoonguss|move: Rage Powder
|move|p1a: Kommo-o|Clanging Scales|p2a: Amoonguss|[spread] p2b
|-immune|p2a: Amoonguss
|-damage|p2b: Gothitelle|0 fnt
|faint|p2b: Gothitelle
|-unboost|p1a: Kommo-o|def|1
|
|-weather|RainDance|[upkeep]
|-start|p1a: Kommo-o|perish1
|-start|p1b: Indeedee|perish1
|upkeep
|
|t:|1756233516
|switch|p2b: Kingdra|Kingdra, L50, F|100/100
|turn|5
|
|t:|1756233563
|switch|p1b: Incineroar|Incineroar, L50, M|100/100
|-ability|p1b: Incineroar|Intimidate|boost
|-unboost|p2a: Amoonguss|atk|1
|-unboost|p2b: Kingdra|atk|1
|move|p2b: Kingdra|Protect|p2b: Kingdra
|-singleturn|p2b: Kingdra|Protect
|move|p1a: Kommo-o|Flamethrower|p2a: Amoonguss
|-damage|p2a: Amoonguss|73/100
|-status|p2a: Amoonguss|brn
|-enditem|p2a: Amoonguss|Eject Button
|
|t:|1756233573
|switch|p2a: Politoed|Politoed, L50, F|100/100
|
|-weather|none
|-start|p1a: Kommo-o|perish0
|-fieldend|move: Psychic Terrain
|faint|p1a: Kommo-o
|upkeep
|
|t:|1756233586
|switch|p1a: Braviary|Braviary-Hisui, L50, M|100/100
|turn|6
|
|t:|1756233617
|-terastallize|p1a: Braviary|Fighting
|move|p1b: Incineroar|Fake Out|p2a: Politoed
|-damage|p2a: Politoed|87/100
|move|p2b: Kingdra|Muddy Water|p1b: Incineroar|[spread] p1a,p1b
|-supereffective|p1b: Incineroar
|-damage|p1a: Braviary|50/100
|-damage|p1b: Incineroar|23/100
|-unboost|p1a: Braviary|accuracy|1
|-damage|p2b: Kingdra|91/100|[from] item: Life Orb
|move|p1a: Braviary|Esper Wing|p2b: Kingdra
|-damage|p2b: Kingdra|25/100
|-boost|p1a: Braviary|spe|1
|-damage|p1a: Braviary|40/100|[from] item: Life Orb
|cant|p2a: Politoed|flinch
|
|-heal|p2a: Politoed|93/100|[from] item: Leftovers
|upkeep
|turn|7
|
|t:|1756233648
|switch|p2a: Amoonguss|Amoonguss, L50, F, tera:Fairy|100/100 brn
|switch|p1b: Indeedee|Indeedee-F, L50, F|81/100
|-fieldstart|move: Psychic Terrain|[from] ability: Psychic Surge|[of] p1b: Indeedee
|move|p1a: Braviary|Expanding Force|p2a: Amoonguss|[spread] 
|-miss|p1a: Braviary|p2a: Amoonguss
|-miss|p1a: Braviary|p2b: Kingdra
|move|p2b: Kingdra|Muddy Water|p1b: Indeedee|[spread] p1a,p1b
|-damage|p1a: Braviary|0 fnt
|-damage|p1b: Indeedee|40/100
|-unboost|p1b: Indeedee|accuracy|1
|faint|p1a: Braviary
|-damage|p2b: Kingdra|15/100|[from] item: Life Orb
|
|-damage|p2a: Amoonguss|95/100 brn|[from] brn
|upkeep
|
|t:|1756233664
|switch|p1a: Incineroar|Incineroar, L50, M|23/100
|-ability|p1a: Incineroar|Intimidate|boost
|-unboost|p2a: Amoonguss|atk|1
|-unboost|p2b: Kingdra|atk|1
|turn|8
|
|t:|1756233678
|switch|p2b: Politoed|Politoed, L50, F|93/100
|-weather|RainDance|[from] ability: Drizzle|[of] p2b: Politoed
|move|p1b: Indeedee|Dazzling Gleam|p2a: Amoonguss|[spread] p2b
|-miss|p1b: Indeedee|p2a: Amoonguss
|-damage|p2b: Politoed|82/100
|move|p1a: Incineroar|Knock Off|p2a: Amoonguss
|-resisted|p2a: Amoonguss
|-damage|p2a: Amoonguss|82/100 brn
|move|p2a: Amoonguss|Spore|p1b: Indeedee
|-status|p1b: Indeedee|slp|[from] move: Spore
|
|-weather|RainDance|[upkeep]
|-heal|p2b: Politoed|88/100|[from] item: Leftovers
|-damage|p2a: Amoonguss|76/100 brn|[from] brn
|upkeep
|turn|9
|-message|ur1ryanpowney forfeited.
|
|win|MegaMetaBestMeta
|l|☆ur1ryanpowney
|player|p1|
|j|☆ur1ryanpowney
|player|p1|ur1ryanpowney|nate|
||ur1ryanpowney is ready for game 3.
|inactive|MegaMetaBestMeta has 30 seconds to confirm battle start!
||MegaMetaBestMeta is ready for game 3.
|uhtml|next|Next: Game 3 of 3
