|j|☆wata_real
|j|☆Daniw9
|html|wata_realDaniw9    
|uhtml|bestof|Game 2 of a best-of-3
|t:|1756375751
|gametype|doubles
|player|p1|wata_real|byron|1067
|player|p2|Daniw9|2|1136
|gen|9
|tier|[Gen 9] VGC 2025 Reg H (Bo3)
|rated|
|rule|Species Clause: Limit one of each Pokémon
|rule|Item Clause: Limit 1 of each item
|clearpoke
|poke|p1|Hydrapple, L50, M|
|poke|p1|Incineroar, L50, M|
|poke|p1|Tyranitar, L50, M|
|poke|p1|Meowscarada, L50, M|
|poke|p1|Garganacl, L50, M|
|poke|p1|Corviknight, L50, F|
|poke|p2|Garchomp, L50, M|
|poke|p2|Tyranitar, L50, M|
|poke|p2|Delphox, L50, F|
|poke|p2|Indeedee-F, L50, F|
|poke|p2|Gallade, L50, M|
|poke|p2|Whimsicott, L50, M|
|teampreview|4
|showteam|p1|Hydrapple||AssaultVest|Regenerator|PollenPuff,FickleBeam,DragonTail,EnergyBall|||M|||50|,,,,,Grass]Incineroar||SafetyGoggles|Intimidate|PartingShot,KnockOff,FlareBlitz,FakeOut|||M|||50|,,,,,Ghost]Tyranitar||ClearAmulet|SandStream|Taunt,IronHead,Protect,RockSlide|||M|||50|,,,,,Flying]Meowscarada||LifeOrb|Protean|Taunt,FlowerTrick,KnockOff,TripleAxel|||M|||50|,,,,,Grass]Garganacl||Leftovers|PurifyingSalt|Protect,Recover,WideGuard,SaltCure|||M|||50|,,,,,Grass]Corviknight||RockyHelmet|MirrorArmor|Roost,Tailwind,BraveBird,Uturn|||F|||50|,,,,,Grass
|showteam|p2|Garchomp||LifeOrb|SandVeil|Earthquake,StompingTantrum,Protect,DragonClaw|||M|||50|,,,,,Steel]Tyranitar||AssaultVest|SandStream|RockSlide,TeraBlast,KnockOff,LowKick|||M|||50|,,,,,Flying]Delphox||PsychicSeed|Magician|ExpandingForce,HeatWave,TeraBlast,Protect|||F|||50|,,,,,Fairy]Indeedee-F||SafetyGoggles|PsychicSurge|DazzlingGleam,TrickRoom,FollowMe,HelpingHand|||F|||50|,,,,,Water]Gallade||ClearAmulet|Sharpness|SacredSword,PsychoCut,TrickRoom,Protect|||M|||50|,,,,,Grass]Whimsicott||CovertCloak|Prankster|Moonblast,Tailwind,Encore,Protect|||M|||50|,,,,,Ghost
|inactive|Battle timer is ON: inactive players will automatically lose when time's up. (requested by Daniw9)
|
|t:|1756375783
|teamsize|p1|4
|teamsize|p2|4
|start
|switch|p1a: Garganacl|Garganacl, L50, M|100/100
|switch|p1b: Corviknight|Corviknight, L50, F|100/100
|switch|p2a: Whimsicott|Whimsicott, L50, M|100/100
|switch|p2b: Gallade|Gallade, L50, M|100/100
|turn|1
|inactive|Daniw9 has 30 seconds left.
|inactive|Daniw9 has 20 seconds left.
|inactive|Daniw9 has 15 seconds left.
|inactive|Daniw9 has 10 seconds left.
|
|t:|1756375828
|move|p2a: Whimsicott|Tailwind|p2a: Whimsicott
|-sidestart|p2: Daniw9|move: Tailwind
|move|p2b: Gallade|Sacred Sword|p1a: Garganacl
|-supereffective|p1a: Garganacl
|-damage|p1a: Garganacl|15/100
|move|p1b: Corviknight|Tailwind|p1b: Corviknight
|-sidestart|p1: wata_real|move: Tailwind
|move|p1a: Garganacl|Salt Cure|p2b: Gallade
|-resisted|p2b: Gallade
|-damage|p2b: Gallade|90/100
|-start|p2b: Gallade|Salt Cure
|
|-heal|p1a: Garganacl|21/100|[from] item: Leftovers
|-damage|p2b: Gallade|78/100|[from] Salt Cure
|upkeep
|turn|2
|
|t:|1756375841
|move|p1a: Garganacl|Protect|p1a: Garganacl
|-singleturn|p1a: Garganacl|Protect
|move|p2a: Whimsicott|Encore|p1b: Corviknight
|-start|p1b: Corviknight|Encore
|move|p2b: Gallade|Sacred Sword|p1a: Garganacl
|-activate|p1a: Garganacl|move: Protect
|move|p1b: Corviknight|Tailwind||[still]
|-fail|p1b: Corviknight
|
|-heal|p1a: Garganacl|27/100|[from] item: Leftovers
|-damage|p2b: Gallade|66/100|[from] Salt Cure
|upkeep
|turn|3
|
|t:|1756375857
|switch|p2b: Delphox|Delphox, L50, F|100/100
|switch|p1b: Meowscarada|Meowscarada, L50, M, shiny|100/100
|switch|p1a: Tyranitar|Tyranitar, L50, M|100/100
|-weather|Sandstorm|[from] ability: Sand Stream|[of] p1a: Tyranitar
|move|p2a: Whimsicott|Encore|p1a: Tyranitar
|-hint|Since gen 7, Dark is immune to Prankster moves.
|-immune|p1a: Tyranitar
|
|-weather|Sandstorm|[upkeep]
|-damage|p1b: Meowscarada|95/100|[from] Sandstorm
|-damage|p2a: Whimsicott|95/100|[from] Sandstorm
|-damage|p2b: Delphox|95/100|[from] Sandstorm
|upkeep
|turn|4
|inactive|Daniw9 has 30 seconds left.
|
|t:|1756375889
|-terastallize|p2b: Delphox|Fairy
|move|p1b: Meowscarada|Knock Off|p2b: Delphox
|-start|p1b: Meowscarada|typechange|Dark|[from] ability: Protean
|-resisted|p2b: Delphox
|-damage|p2b: Delphox|56/100
|-enditem|p2b: Delphox|Psychic Seed|[from] move: Knock Off|[of] p1b: Meowscarada
|-damage|p1b: Meowscarada|85/100|[from] item: Life Orb
|move|p2a: Whimsicott|Moonblast|p1a: Tyranitar
|-supereffective|p1a: Tyranitar
|-crit|p1a: Tyranitar
|-damage|p1a: Tyranitar|51/100
|move|p2b: Delphox|Heat Wave|p1b: Meowscarada|[spread] p1a,p1b
|-resisted|p1a: Tyranitar
|-damage|p1a: Tyranitar|41/100
|-damage|p1b: Meowscarada|25/100
|-status|p1b: Meowscarada|brn
|-item|p2b: Delphox|Life Orb|[from] ability: Magician|[of] p1b: Meowscarada
|move|p1a: Tyranitar|Rock Slide|p2b: Delphox|[spread] p2a,p2b
|-damage|p2a: Whimsicott|64/100
|-damage|p2b: Delphox|19/100
|
|-weather|Sandstorm|[upkeep]
|-damage|p1b: Meowscarada|19/100 brn|[from] Sandstorm
|-damage|p2a: Whimsicott|58/100|[from] Sandstorm
|-damage|p2b: Delphox|13/100|[from] Sandstorm
|-damage|p1b: Meowscarada|13/100 brn|[from] brn
|-sideend|p2: Daniw9|move: Tailwind
|-sideend|p1: wata_real|move: Tailwind
|upkeep
|turn|5
|inactive|Daniw9 has 30 seconds left.
|
|t:|1756375919
|move|p2b: Delphox|Protect|p2b: Delphox
|-singleturn|p2b: Delphox|Protect
|move|p2a: Whimsicott|Tailwind|p2a: Whimsicott
|-sidestart|p2: Daniw9|move: Tailwind
|move|p1b: Meowscarada|Triple Axel|p2a: Whimsicott
|-supereffective|p2a: Whimsicott
|-damage|p2a: Whimsicott|51/100
|-supereffective|p2a: Whimsicott
|-damage|p2a: Whimsicott|35/100
|-supereffective|p2a: Whimsicott
|-damage|p2a: Whimsicott|11/100
|-hitcount|p2a: Whimsicott|3
|move|p1a: Tyranitar|Rock Slide|p2b: Delphox|[spread] p2a
|-activate|p2b: Delphox|move: Protect
|-damage|p2a: Whimsicott|0 fnt
|faint|p2a: Whimsicott
|
|-weather|Sandstorm|[upkeep]
|-damage|p2b: Delphox|7/100|[from] Sandstorm
|-damage|p1b: Meowscarada|7/100 brn|[from] Sandstorm
|-damage|p1b: Meowscarada|1/100 brn|[from] brn
|upkeep
|
|t:|1756375930
|switch|p2a: Indeedee|Indeedee-F, L50, F|100/100
|-fieldstart|move: Psychic Terrain|[from] ability: Psychic Surge|[of] p2a: Indeedee
|turn|6
|
|t:|1756375935
|move|p2b: Delphox|Tera Blast|p1a: Tyranitar|[anim] Tera Blast Fairy
|-supereffective|p1a: Tyranitar
|-damage|p1a: Tyranitar|0 fnt
|faint|p1a: Tyranitar
|-damage|p2b: Delphox|0 fnt|[from] item: Life Orb
|faint|p2b: Delphox
|move|p1b: Meowscarada|Knock Off|p2a: Indeedee
|-supereffective|p2a: Indeedee
|-damage|p2a: Indeedee|59/100
|-enditem|p2a: Indeedee|Safety Goggles|[from] move: Knock Off|[of] p1b: Meowscarada
|move|p2a: Indeedee|Dazzling Gleam|p1b: Meowscarada
|-supereffective|p1b: Meowscarada
|-damage|p1b: Meowscarada|0 fnt
|faint|p1b: Meowscarada
|
|-weather|Sandstorm|[upkeep]
|-damage|p2a: Indeedee|53/100|[from] Sandstorm
|upkeep
|
|t:|1756375945
|switch|p1b: Corviknight|Corviknight, L50, F|100/100
|switch|p2b: Gallade|Gallade, L50, M|66/100
|switch|p1a: Garganacl|Garganacl, L50, M|27/100
|turn|7
|
|t:|1756375954
|move|p1a: Garganacl|Protect|p1a: Garganacl
|-singleturn|p1a: Garganacl|Protect
|move|p2a: Indeedee|Follow Me|p2a: Indeedee
|-singleturn|p2a: Indeedee|move: Follow Me
|move|p2b: Gallade|Sacred Sword|p1a: Garganacl
|-activate|p1a: Garganacl|move: Protect
|move|p1b: Corviknight|Brave Bird|p2a: Indeedee
|-damage|p2a: Indeedee|17/100
|-damage|p1b: Corviknight|90/100|[from] Recoil
|
|-weather|none
|-heal|p1a: Garganacl|33/100|[from] item: Leftovers
|upkeep
|turn|8
|
|t:|1756375971
|-terastallize|p1a: Garganacl|Grass
|move|p2a: Indeedee|Helping Hand|p2b: Gallade
|-singleturn|p2b: Gallade|Helping Hand|[of] p2a: Indeedee
|move|p2b: Gallade|Sacred Sword|p1b: Corviknight
|-damage|p1b: Corviknight|24/100
|-damage|p2b: Gallade|50/100|[from] item: Rocky Helmet|[of] p1b: Corviknight
|move|p1b: Corviknight|Brave Bird|p2b: Gallade
|-supereffective|p2b: Gallade
|-damage|p2b: Gallade|0 fnt
|faint|p2b: Gallade
|-damage|p1b: Corviknight|11/100|[from] Recoil
|move|p1a: Garganacl|Recover|p1a: Garganacl
|-heal|p1a: Garganacl|83/100
|
|-heal|p1a: Garganacl|89/100|[from] item: Leftovers
|-sideend|p2: Daniw9|move: Tailwind
|upkeep
|turn|9
|-message|Daniw9 forfeited.
|
|win|wata_real
|l|☆Daniw9
|player|p2|
||Daniw9 is ready for game 3.
||wata_real is ready for game 3.
|uhtml|next|Next: Game 3 of 3
|l|☆wata_real
|player|p1|
|j|☆Daniw9
|player|p2|Daniw9|2|
