|j|☆epicfailtesting
|j|☆Villbs37
|html|epicfailtestingVillbs37    
|uhtml|bestof|Game 3 of a best-of-3
|t:|1757646144
|gametype|doubles
|player|p1|epicfailtesting|169|
|player|p2|Villbs37|102|
|gen|9
|tier|[Gen 9] VGC 2025 Reg H (Bo3)
|rule|Species Clause: Limit one of each Pokémon
|rule|Item Clause: Limit 1 of each item
|clearpoke
|poke|p1|Annihilape, L50, F|
|poke|p1|Sinistcha, L50|
|poke|p1|Maushold-Four, L50|
|poke|p1|Klefki, L50, M|
|poke|p1|Ursaluna-Bloodmoon, L50, M|
|poke|p1|Ninetales-Alola, L50, F|
|poke|p2|Gholdengo, L50|
|poke|p2|Incineroar, L50, M|
|poke|p2|Dragapult, L50, F|
|poke|p2|Sneasler, L50, F|
|poke|p2|Primarina, L50, F|
|poke|p2|Amoonguss, L50, M|
|teampreview|4
|showteam|p1|Annihilape||Leftovers|Defiant|Protect,BulkUp,DrainPunch,RageFist|||F|||50|,,,,,Fire]Sinistcha||SitrusBerry|Hospitality|MatchaGotcha,TrickRoom,LifeDew,RagePowder||||||50|,,,,,Water]Maushold-Four||SafetyGoggles|FriendGuard|FollowMe,Taunt,BeatUp,Protect||||||50|,,,,,Ghost]Klefki||LightClay|Prankster|Reflect,LightScreen,MistyTerrain,DazzlingGleam|||M|||50|,,,,,Ghost]Ursaluna-Bloodmoon||AssaultVest|MindsEye|BloodMoon,HyperVoice,EarthPower,VacuumWave|||M|||50|,,,,,Water]Ninetales-Alola||FocusSash|SnowWarning|Protect,Encore,FreezeDry,Blizzard|||F|||50|,,,,,Ghost
|showteam|p2|Gholdengo||LifeOrb|GoodasGold|MakeItRain,NastyPlot,ShadowBall,Protect||||||50|,,,,,Water]Incineroar||SafetyGoggles|Intimidate|FakeOut,FlareBlitz,KnockOff,PartingShot|||M|||50|,,,,,Fairy]Dragapult||ChoiceBand|ClearBody|DragonDarts,PhantomForce,WillOWisp,PsychicFangs|||F|||50|,,,,,Ghost]Sneasler||FocusSash|Unburden|ThroatChop,DireClaw,FakeOut,CloseCombat|||F|||50|,,,,,Ghost]Primarina||CovertCloak|LiquidVoice|CalmMind,Moonblast,Haze,HyperVoice|||F|||50|,,,,,Poison]Amoonguss||RockyHelmet|Regenerator|PollenPuff,Protect,RagePowder,Spore|||M|||50|,,,,,Water
|inactive|Battle timer is ON: inactive players will automatically lose when time's up. (requested by epicfailtesting)
|
|t:|1757646172
|teamsize|p1|4
|teamsize|p2|4
|start
|switch|p1a: Annihilape|Annihilape, L50, F, shiny|100/100
|switch|p1b: Klefki|Klefki, L50, M|100/100
|switch|p2a: Primarina|Primarina, L50, F|100/100
|switch|p2b: Amoonguss|Amoonguss, L50, M|100/100
|turn|1
|inactive|epicfailtesting has 30 seconds left.
|inactive|Villbs37 has 30 seconds left.
|inactive|Villbs37 has 20 seconds left.
|inactive|epicfailtesting has 20 seconds left.
|
|t:|1757646216
|switch|p2b: Sneasler|Sneasler, L50, F|100/100
|move|p1b: Klefki|Light Screen|p1b: Klefki
|-sidestart|p1: epicfailtesting|move: Light Screen
|move|p1a: Annihilape|Bulk Up|p1a: Annihilape
|-boost|p1a: Annihilape|atk|1
|-boost|p1a: Annihilape|def|1
|move|p2a: Primarina|Calm Mind|p2a: Primarina
|-boost|p2a: Primarina|spa|1
|-boost|p2a: Primarina|spd|1
|
|upkeep
|turn|2
|inactive|epicfailtesting has 30 seconds left.
|inactive|epicfailtesting has 20 seconds left.
|
|t:|1757646252
|-terastallize|p1a: Annihilape|Fire
|move|p1b: Klefki|Misty Terrain|p1b: Klefki
|-fieldstart|move: Misty Terrain
|move|p2b: Sneasler|Throat Chop|p1a: Annihilape
|-damage|p1a: Annihilape|82/100
|-start|p1a: Annihilape|Throat Chop|[silent]
|move|p1a: Annihilape|Drain Punch|p2b: Sneasler
|-resisted|p2b: Sneasler
|-damage|p2b: Sneasler|60/100
|-heal|p1a: Annihilape|98/100|[from] drain|[of] p2b: Sneasler
|move|p2a: Primarina|Hyper Voice|p1a: Annihilape|[spread] p1a,p1b
|-supereffective|p1a: Annihilape
|-damage|p1a: Annihilape|42/100
|-damage|p1b: Klefki|69/100
|
|-heal|p1a: Annihilape|48/100|[from] item: Leftovers
|upkeep
|turn|3
|inactive|Villbs37 has 30 seconds left.
|
|t:|1757646277
|move|p1a: Annihilape|Protect|p1a: Annihilape
|-singleturn|p1a: Annihilape|Protect
|move|p1b: Klefki|Reflect|p1b: Klefki
|-sidestart|p1: epicfailtesting|Reflect
|move|p2b: Sneasler|Close Combat|p1b: Klefki
|-damage|p1b: Klefki|21/100
|-unboost|p2b: Sneasler|def|1
|-unboost|p2b: Sneasler|spd|1
|move|p2a: Primarina|Hyper Voice|p1a: Annihilape|[spread] p1b
|-activate|p1a: Annihilape|move: Protect
|-damage|p1b: Klefki|0 fnt
|faint|p1b: Klefki
|
|-heal|p1a: Annihilape|54/100|[from] item: Leftovers
|-end|p1a: Annihilape|Throat Chop|[silent]
|upkeep
|
|t:|1757646288
|switch|p1b: Sinistcha|Sinistcha, L50|100/100
|-heal|p1a: Annihilape|79/100|[from] ability: Hospitality|[of] p1b: Sinistcha
|turn|4
|
|t:|1757646303
|-terastallize|p2a: Primarina|Poison
|move|p2b: Sneasler|Throat Chop|p1b: Sinistcha
|-supereffective|p1b: Sinistcha
|-damage|p1b: Sinistcha|69/100
|-start|p1b: Sinistcha|Throat Chop|[silent]
|move|p1a: Annihilape|Rage Fist|p2a: Primarina
|-damage|p2a: Primarina|11/100
|move|p1b: Sinistcha|Matcha Gotcha|p2b: Sneasler|[spread] p2a,p2b
|-resisted|p2a: Primarina
|-resisted|p2b: Sneasler
|-damage|p2a: Primarina|3/100
|-heal|p1b: Sinistcha|73/100|[from] drain|[of] p2a: Primarina
|-damage|p2b: Sneasler|35/100
|-heal|p1b: Sinistcha|84/100|[from] drain|[of] p2b: Sneasler
|move|p2a: Primarina|Moonblast|p1b: Sinistcha
|-damage|p1b: Sinistcha|37/100
|-enditem|p1b: Sinistcha|Sitrus Berry|[eat]
|-heal|p1b: Sinistcha|62/100|[from] item: Sitrus Berry
|
|-heal|p1a: Annihilape|86/100|[from] item: Leftovers
|upkeep
|turn|5
|inactive|epicfailtesting has 30 seconds left.
|inactive|Villbs37 has 30 seconds left.
|inactive|Villbs37 has 20 seconds left.
|inactive|Villbs37 has 15 seconds left.
|inactive|Villbs37 has 10 seconds left.
|
|t:|1757646353
|move|p2b: Sneasler|Dire Claw|p1a: Annihilape
|-damage|p1a: Annihilape|66/100
|move|p1a: Annihilape|Rage Fist|p2a: Primarina
|-damage|p2a: Primarina|0 fnt
|faint|p2a: Primarina
|move|p1b: Sinistcha|Life Dew|p1b: Sinistcha|[spread] p1a,p1b
|-heal|p1a: Annihilape|91/100
|-heal|p1b: Sinistcha|87/100
|
|-heal|p1a: Annihilape|98/100|[from] item: Leftovers
|-end|p1b: Sinistcha|Throat Chop|[silent]
|upkeep
|
|t:|1757646376
|switch|p2a: Gholdengo|Gholdengo, L50|100/100
|turn|6
|
|t:|1757646384
|switch|p2b: Amoonguss|Amoonguss, L50, M|100/100
|move|p2a: Gholdengo|Protect|p2a: Gholdengo
|-singleturn|p2a: Gholdengo|Protect
|move|p1a: Annihilape|Rage Fist|p2a: Gholdengo
|-activate|p2a: Gholdengo|move: Protect
|move|p1b: Sinistcha|Life Dew|p1b: Sinistcha|[spread] p1a,p1b
|-heal|p1a: Annihilape|100/100
|-heal|p1b: Sinistcha|100/100
|
|-fieldend|Misty Terrain
|upkeep
|turn|7
|inactive|Villbs37 has 30 seconds left.
|
|t:|1757646411
|switch|p1b: Ninetales|Ninetales-Alola, L50, F, shiny|100/100
|-weather|Snowscape|[from] ability: Snow Warning|[of] p1b: Ninetales
|move|p2b: Amoonguss|Rage Powder|p2b: Amoonguss
|-singleturn|p2b: Amoonguss|move: Rage Powder
|move|p1a: Annihilape|Rage Fist|p2b: Amoonguss
|-damage|p2b: Amoonguss|4/100
|-damage|p1a: Annihilape|84/100|[from] item: Rocky Helmet|[of] p2b: Amoonguss
|move|p2a: Gholdengo|Nasty Plot|p2a: Gholdengo
|-boost|p2a: Gholdengo|spa|2
|
|-weather|Snowscape|[upkeep]
|-heal|p1a: Annihilape|90/100|[from] item: Leftovers
|upkeep
|turn|8
|inactive|Villbs37 has 30 seconds left.
|
|t:|1757646443
|switch|p2b: Sneasler|Sneasler, L50, F|35/100
|move|p1b: Ninetales|Blizzard|p2a: Gholdengo|[spread] p2a,p2b
|-resisted|p2a: Gholdengo
|-damage|p2a: Gholdengo|84/100
|-damage|p2b: Sneasler|0 fnt
|faint|p2b: Sneasler
|move|p1a: Annihilape|Rage Fist|p2a: Gholdengo
|-supereffective|p2a: Gholdengo
|-damage|p2a: Gholdengo|0 fnt
|faint|p2a: Gholdengo
|
|-weather|Snowscape|[upkeep]
|-heal|p1a: Annihilape|97/100|[from] item: Leftovers
|-sideend|p1: epicfailtesting|move: Light Screen
|upkeep
|c|☆epicfailtesting|ggs
|
|t:|1757646460
|switch|p2b: Amoonguss|Amoonguss, L50, M|37/100
|turn|9
|
|t:|1757646464
|move|p2b: Amoonguss|Rage Powder|p2b: Amoonguss
|-singleturn|p2b: Amoonguss|move: Rage Powder
|move|p1b: Ninetales|Blizzard|p2b: Amoonguss
|-supereffective|p2b: Amoonguss
|-damage|p2b: Amoonguss|0 fnt
|faint|p2b: Amoonguss
|
|win|epicfailtesting
