|j|☆NiL312
|j|☆Backwards_Aerial
|html|NiL312Backwards_Aerial    
|uhtml|bestof|Game 2 of a best-of-3
|t:|1784689126
|gametype|doubles
|player|p1|NiL312|101|
|player|p2|Backwards_Aerial|palmer|
|gen|9
|tier|[Gen 9 Champions] VGC 2026 Reg M-B (Bo3)
|rule|Species Clause: Limit one of each Pokémon
|rule|Item Clause: Limit 1 of each item
|clearpoke
|poke|p1|Mawile, L50, F|
|poke|p1|Farigiraf, L50, M|
|poke|p1|Garchomp, L50, F|
|poke|p1|Blastoise, L50, M|
|poke|p1|Talonflame, L50, M|
|poke|p1|Mimikyu, L50, M|
|poke|p2|Swampert, L50, M, shiny|
|poke|p2|Noivern, L50, F|
|poke|p2|Scrafty, L50, F|
|poke|p2|Politoed, L50, F|
|poke|p2|Sceptile, L50, F|
|poke|p2|Rotom-Heat, L50|
|teampreview|4
|showteam|p1|Mawile||Mawilite|HyperCutter|PlayRough,SuckerPunch,SwordsDance,Protect|Brave||F|||50|]Farigiraf||ColburBerry|ArmorTail|TrickRoom,HelpingHand,HyperVoice,EnergyBall|Quiet||M|||50|]Garchomp||LifeOrb|RoughSkin|Earthquake,RockSlide,DragonClaw,Protect|Jolly||F|||50|]Blastoise||Blastoisinite|Torrent|WaterSpout,DarkPulse,AuraSphere,FakeOut|Modest||M|||50|]Talonflame||FocusSash|GaleWings|Tailwind,DualWingbeat,FlareBlitz,SunnyDay|Jolly||M|||50|]Mimikyu||SpellTag|Disguise|ShadowSneak,ShadowClaw,PlayRough,Protect|Brave||M|||50|
|showteam|p2|Swampert||Swampertite|Torrent|WaveCrash,Earthquake,FlipTurn,Protect|Adamant||M|||50|]Noivern||LifeOrb|Telepathy|Hurricane,Tailwind,DracoMeteor,Protect|Modest||F|||50|]Scrafty||SitrusBerry|Intimidate|FakeOut,KnockOff,CloseCombat,Protect|Impish||F|||50|]Politoed||RindoBerry|Drizzle|WeatherBall,RainDance,Encore,Protect|Calm||F|||50|]Sceptile||Sceptilite|Overgrow|GrassKnot,DragonPulse,EarthPower,Protect|Modest||F|||50|]Rotom-Heat||PasshoBerry|Levitate|Discharge,Overheat,ThunderWave,HelpingHand|Modest|||||50|
|
|t:|1784689195
|teamsize|p1|4
|teamsize|p2|4
|start
|switch|p1a: do geese see god|Farigiraf, L50, M|100/100
|switch|p1b: savetheturtles|Blastoise, L50, M|100/100
|switch|p2a: gecko ecko|Sceptile, L50, F|100/100
|switch|p2b: DysonAirFryer|Rotom-Heat, L50|100/100
|turn|1
|
|t:|1784689267
|switch|p1b: pikawho|Mimikyu, L50, M|100/100
|move|p2a: gecko ecko|Protect|p2a: gecko ecko
|-singleturn|p2a: gecko ecko|Protect
|move|p2b: DysonAirFryer|Discharge|p1a: do geese see god|[spread] p1a,p1b
|-activate|p2a: gecko ecko|move: Protect
|-damage|p1a: do geese see god|70/100
|-activate|p1b: pikawho|ability: Disguise
|-damage|p1b: pikawho|100/100
|detailschange|p1b: pikawho|Mimikyu-Busted, L50, M
|-damage|p1b: pikawho|87/100|[from] pokemon: Mimikyu-Busted
|move|p1a: do geese see god|Trick Room|p1a: do geese see god
|-fieldstart|move: Trick Room|[of] p1a: do geese see god
|
|upkeep
|turn|2
|
|t:|1784689345
|move|p1a: do geese see god|Hyper Voice|p2b: DysonAirFryer|[spread] p2a,p2b
|-damage|p2a: gecko ecko|53/100
|-damage|p2b: DysonAirFryer|51/100
|move|p1b: pikawho|Play Rough|p2a: gecko ecko|[miss]
|-miss|p1b: pikawho|p2a: gecko ecko
|move|p2b: DysonAirFryer|Overheat|p1a: do geese see god
|-damage|p1a: do geese see god|4/100
|-unboost|p2b: DysonAirFryer|spa|2
|move|p2a: gecko ecko|Grass Knot|p1a: do geese see god
|-damage|p1a: do geese see god|0 fnt
|faint|p1a: do geese see god
|
|upkeep
|
|t:|1784689357
|switch|p1a: savetheturtles|Blastoise, L50, M|100/100
|turn|3
|
|t:|1784689381
|switch|p2b: WolfeyVGCfromTemu|Scrafty, L50, F|100/100
|-ability|p2b: WolfeyVGCfromTemu|Intimidate|boost
|-unboost|p1a: savetheturtles|atk|1
|-unboost|p1b: pikawho|atk|1
|detailschange|p1a: savetheturtles|Blastoise-Mega, L50, M
|-mega|p1a: savetheturtles|Blastoise|Blastoisinite
|move|p1a: savetheturtles|Water Spout|p2a: gecko ecko|[spread] p2a,p2b
|-resisted|p2a: gecko ecko|1
|-damage|p2a: gecko ecko|10/100
|-damage|p2b: WolfeyVGCfromTemu|33/100
|-enditem|p2b: WolfeyVGCfromTemu|Sitrus Berry|[eat]
|-heal|p2b: WolfeyVGCfromTemu|57/100|[from] item: Sitrus Berry
|move|p1b: pikawho|Play Rough|p2a: gecko ecko
|-damage|p2a: gecko ecko|0 fnt
|faint|p2a: gecko ecko
|
|upkeep
|
|t:|1784689420
|switch|p2a: DysonAirFryer|Rotom-Heat, L50|51/100
|turn|4
|
|t:|1784689463
|move|p2b: WolfeyVGCfromTemu|Protect|p2b: WolfeyVGCfromTemu
|-singleturn|p2b: WolfeyVGCfromTemu|Protect
|move|p1a: savetheturtles|Water Spout|p2b: WolfeyVGCfromTemu|[spread] p2a
|-activate|p2b: WolfeyVGCfromTemu|move: Protect
|-supereffective|p2a: DysonAirFryer|1
|-enditem|p2a: DysonAirFryer|Passho Berry|[eat]
|-enditem|p2a: DysonAirFryer|Passho Berry|[weaken]
|-damage|p2a: DysonAirFryer|0 fnt
|faint|p2a: DysonAirFryer
|move|p1b: pikawho|Play Rough|p2b: WolfeyVGCfromTemu
|-activate|p2b: WolfeyVGCfromTemu|move: Protect
|
|upkeep
|
|t:|1784689471
|switch|p2a: echo gecho|Noivern, L50, F|100/100
|turn|5
|
|t:|1784689491
|move|p2a: echo gecho|Protect|p2a: echo gecho
|-singleturn|p2a: echo gecho|Protect
|move|p2b: WolfeyVGCfromTemu|Close Combat|p1a: savetheturtles
|-damage|p1a: savetheturtles|62/100
|-unboost|p2b: WolfeyVGCfromTemu|def|1
|-unboost|p2b: WolfeyVGCfromTemu|spd|1
|move|p1a: savetheturtles|Aura Sphere|p2b: WolfeyVGCfromTemu
|-supereffective|p2b: WolfeyVGCfromTemu|1
|-damage|p2b: WolfeyVGCfromTemu|0 fnt
|faint|p2b: WolfeyVGCfromTemu
|move|p1b: pikawho|Play Rough|p2a: echo gecho
|-activate|p2a: echo gecho|move: Protect
|
|-fieldend|move: Trick Room
|upkeep
|turn|6
|
|t:|1784689508
|move|p2a: echo gecho|Hurricane|p1b: pikawho
|-damage|p1b: pikawho|12/100
|-damage|p2a: echo gecho|90/100|[from] item: Life Orb
|move|p1b: pikawho|Play Rough|p2a: echo gecho
|-supereffective|p2a: echo gecho|1
|-damage|p2a: echo gecho|23/100
|move|p1a: savetheturtles|Dark Pulse|p2a: echo gecho
|-damage|p2a: echo gecho|0 fnt
|faint|p2a: echo gecho
|
|win|NiL312
