|j|☆gilletemaster
|j|☆ILoveMIR
|html|gilletemasterILoveMIR    
|uhtml|bestof|Game 1 of a best-of-3
|t:|1783637869
|gametype|doubles
|player|p1|gilletemaster|2|1364
|player|p2|ILoveMIR|shauntal|1418
|gen|9
|tier|[Gen 9 Champions] VGC 2026 Reg M-B (Bo3)
|rated|
|rule|Species Clause: Limit one of each Pokémon
|rule|Item Clause: Limit 1 of each item
|clearpoke
|poke|p1|Sableye, L50, M|
|poke|p1|Garchomp, L50, M|
|poke|p1|Kingambit, L50, M|
|poke|p1|Charizard, L50, M|
|poke|p1|Venusaur, L50, F|
|poke|p1|Incineroar, L50, F|
|poke|p2|Blaziken, L50, F|
|poke|p2|Ninetales-Alola, L50, M|
|poke|p2|Tsareena, L50, F|
|poke|p2|Milotic, L50, F|
|poke|p2|Talonflame, L50, F|
|poke|p2|Glimmora, L50, F|
|teampreview|4
|showteam|p1|Sableye||RoseliBerry|Prankster|FakeOut,Encore,WillOWisp,SkillSwap|Sassy||M|||50|]Garchomp||ChoiceScarf|RoughSkin|Earthquake,StompingTantrum,RockSlide,DragonClaw|Adamant||M|||50|]Kingambit||BlackGlasses|Defiant|Protect,KowtowCleave,IronHead,SuckerPunch|Adamant||M|||50|]Charizard||CharizarditeY|Blaze|Protect,WeatherBall,SolarBeam,HeatWave|Modest||M|||50|]Venusaur||LifeOrb|Chlorophyll|Protect,SleepPowder,EnergyBall,SludgeBomb|Modest||F|||50|]Incineroar||WhiteHerb|Intimidate|FakeOut,FlareBlitz,CloseCombat,PartingShot|Adamant||F|||50|
|showteam|p2|Blaziken||Blazikenite|SpeedBoost|FlareBlitz,CloseCombat,RockSlide,Detect|Adamant||F|||50|]Ninetales-Alola||NeverMeltIce|SnowWarning|Blizzard,FreezeDry,Encore,Protect|Timid||M|||50|]Tsareena||WideLens|QueenlyMajesty|PowerWhip,TripleAxel,LowKick,Taunt|Adamant||F|||50|]Milotic||ExpertBelt|Competitive|Scald,IceBeam,Recover,Protect|Modest||F|||50|]Talonflame|||GaleWings|Acrobatics,WillOWisp,Tailwind,Protect|Jolly||F|||50|]Glimmora||FocusSash|ToxicDebris|SludgeBomb,PowerGem,EarthPower,SpikyShield|Modest||F|||50|
|inactive|Battle timer is ON: inactive players will automatically lose when time's up. (requested by ILoveMIR)
|inactive|gilletemaster has 60 seconds left.
|inactive|ILoveMIR has 60 seconds left.
|inactive|ILoveMIR has 30 seconds left.
|inactive|ILoveMIR has 20 seconds left.
|inactive|ILoveMIR has 15 seconds left.
|inactive|ILoveMIR has 10 seconds left.
|inactive|ILoveMIR has 5 seconds left.
|
|t:|1783637955
|teamsize|p1|4
|teamsize|p2|4
|start
|switch|p1a: Incineroar|Incineroar, L50, F|100/100
|switch|p1b: Charizard|Charizard, L50, M|100/100
|switch|p2a: Glimmora|Glimmora, L50, F|100/100
|switch|p2b: Talonflame|Talonflame, L50, F|100/100
|-ability|p1a: Incineroar|Intimidate|boost
|-unboost|p2a: Glimmora|atk|1
|-unboost|p2b: Talonflame|atk|1
|turn|1
|
|t:|1783637967
|switch|p1b: Garchomp|Garchomp, L50, M|100/100
|move|p2b: Talonflame|Protect|p2b: Talonflame
|-singleturn|p2b: Talonflame|Protect
|move|p2a: Glimmora|Spiky Shield|p2a: Glimmora
|-singleturn|p2a: Glimmora|move: Protect
|move|p1a: Incineroar|Fake Out|p2b: Talonflame
|-activate|p2b: Talonflame|move: Protect
|
|upkeep
|turn|2
|
|t:|1783637981
|switch|p1a: Kingambit|Kingambit, L50, M|100/100
|move|p1b: Garchomp|Rock Slide|p2b: Talonflame|[spread] p2a,p2b
|-supereffective|p2b: Talonflame|2
|-damage|p2a: Glimmora|71/100
|-damage|p2b: Talonflame|0 fnt
|-activate|p2a: Glimmora|ability: Toxic Debris
|-sidestart|p1: gilletemaster|move: Toxic Spikes
|faint|p2b: Talonflame
|cant|p2a: Glimmora|flinch
|
|upkeep
|
|t:|1783637986
|switch|p2b: Blaziken|Blaziken, L50, F|100/100
|turn|3
|
|t:|1783638002
|switch|p2a: Milotic|Milotic, L50, F|100/100
|detailschange|p2b: Blaziken|Blaziken-Mega, L50, F
|-mega|p2b: Blaziken|Blaziken|Blazikenite
|move|p1a: Kingambit|Sucker Punch||[still]
|-fail|p1a: Kingambit
|move|p1b: Garchomp|Rock Slide|p2a: Milotic|[spread] p2a,p2b
|-damage|p2a: Milotic|77/100
|-damage|p2b: Blaziken|69/100
|move|p2b: Blaziken|Close Combat|p1a: Kingambit
|-supereffective|p1a: Kingambit|2
|-damage|p1a: Kingambit|0 fnt
|-unboost|p2b: Blaziken|def|1
|-unboost|p2b: Blaziken|spd|1
|faint|p1a: Kingambit
|
|-ability|p2b: Blaziken|Speed Boost|boost
|-boost|p2b: Blaziken|spe|1
|upkeep
|
|t:|1783638017
|switch|p1a: Charizard|Charizard, L50, M|100/100
|turn|4
|
|t:|1783638037
|switch|p1b: Incineroar|Incineroar, L50, F|100/100
|-status|p1b: Incineroar|psn
|-ability|p1b: Incineroar|Intimidate|boost
|-unboost|p2a: Milotic|atk|1
|-ability|p2a: Milotic|Competitive|boost
|-boost|p2a: Milotic|spa|2
|-unboost|p2b: Blaziken|atk|1
|move|p1a: Charizard|Protect|p1a: Charizard
|-singleturn|p1a: Charizard|Protect
|move|p2a: Milotic|Protect|p2a: Milotic
|-singleturn|p2a: Milotic|Protect
|move|p2b: Blaziken|Rock Slide|p1b: Incineroar|[spread] p1b
|-activate|p1a: Charizard|move: Protect
|-supereffective|p1b: Incineroar|1
|-damage|p1b: Incineroar|65/100 psn
|
|-damage|p1b: Incineroar|52/100 psn|[from] psn
|-ability|p2b: Blaziken|Speed Boost|boost
|-boost|p2b: Blaziken|spe|1
|upkeep
|turn|5
|
|t:|1783638060
|switch|p2b: Glimmora|Glimmora, L50, F|71/100
|detailschange|p1a: Charizard|Charizard-Mega-Y, L50, M
|-mega|p1a: Charizard|Charizard|Charizardite Y
|-weather|SunnyDay|[from] ability: Drought|[of] p1a: Charizard
|move|p1b: Incineroar|Fake Out|p2b: Glimmora
|-resisted|p2b: Glimmora|1
|-damage|p2b: Glimmora|62/100
|-activate|p2b: Glimmora|ability: Toxic Debris
|-sidestart|p1: gilletemaster|move: Toxic Spikes
|move|p1a: Charizard|Solar Beam||[still]
|-prepare|p1a: Charizard|Solar Beam
|-anim|p1a: Charizard|Solar Beam|p2a: Milotic
|-supereffective|p2a: Milotic|1
|-damage|p2a: Milotic|9/100
|move|p2a: Milotic|Scald|p1a: Charizard
|-supereffective|p1a: Charizard|1
|-damage|p1a: Charizard|25/100
|
|-weather|SunnyDay|[upkeep]
|-damage|p1b: Incineroar|40/100 psn|[from] psn
|upkeep
|turn|6
|inactive|gilletemaster has 30 seconds left.
|
|t:|1783638087
|move|p1a: Charizard|Protect|p1a: Charizard
|-singleturn|p1a: Charizard|Protect
|move|p2b: Glimmora|Power Gem|p1a: Charizard
|-activate|p1a: Charizard|move: Protect
|move|p2a: Milotic|Scald|p1b: Incineroar
|-supereffective|p1b: Incineroar|1
|-damage|p1b: Incineroar|0 fnt
|faint|p1b: Incineroar
|
|-weather|SunnyDay|[upkeep]
|upkeep
|
|t:|1783638096
|switch|p1b: Garchomp|Garchomp, L50, M|100/100
|-status|p1b: Garchomp|tox
|turn|7
|
|t:|1783638115
|move|p2b: Glimmora|Spiky Shield|p2b: Glimmora
|-singleturn|p2b: Glimmora|move: Protect
|move|p1b: Garchomp|Earthquake|p2a: Milotic|[spread] p2a
|-activate|p2b: Glimmora|move: Protect
|-immune|p1a: Charizard
|-damage|p2a: Milotic|0 fnt
|faint|p2a: Milotic
|move|p1a: Charizard|Heat Wave|p2b: Glimmora
|-activate|p2b: Glimmora|move: Protect
|
|-weather|SunnyDay|[upkeep]
|-damage|p1b: Garchomp|94/100 tox|[from] psn
|upkeep
|
|t:|1783638117
|switch|p2a: Blaziken|Blaziken-Mega, L50, F|69/100
|turn|8
|
|t:|1783638129
|move|p2a: Blaziken|Detect|p2a: Blaziken
|-singleturn|p2a: Blaziken|Protect
|move|p1b: Garchomp|Earthquake|p2b: Glimmora|[spread] p2b
|-activate|p2a: Blaziken|move: Protect
|-immune|p1a: Charizard
|-supereffective|p2b: Glimmora|2
|-damage|p2b: Glimmora|0 fnt
|faint|p2b: Glimmora
|move|p1a: Charizard|Weather Ball|p2a: Blaziken
|-activate|p2a: Blaziken|move: Protect
|
|-weather|SunnyDay|[upkeep]
|-damage|p1b: Garchomp|82/100 tox|[from] psn
|-ability|p2a: Blaziken|Speed Boost|boost
|-boost|p2a: Blaziken|spe|1
|upkeep
|turn|9
|
|t:|1783638143
|move|p2a: Blaziken|Rock Slide|p1a: Charizard|[spread] p1b
|-miss|p2a: Blaziken|p1a: Charizard
|-resisted|p1b: Garchomp|1
|-damage|p1b: Garchomp|70/100 tox
|cant|p1b: Garchomp|flinch
|move|p1a: Charizard|Weather Ball|p2a: Blaziken
|-resisted|p2a: Blaziken|1
|-damage|p2a: Blaziken|10/100
|
|-weather|none
|-damage|p1b: Garchomp|53/100 tox|[from] psn
|-ability|p2a: Blaziken|Speed Boost|boost
|-boost|p2a: Blaziken|spe|1
|upkeep
|turn|10
|
|t:|1783638159
|move|p2a: Blaziken|Detect|p2a: Blaziken
|-singleturn|p2a: Blaziken|Protect
|move|p1b: Garchomp|Earthquake|p2a: Blaziken|[spread] 
|-activate|p2a: Blaziken|move: Protect
|-immune|p1a: Charizard
|move|p1a: Charizard|Heat Wave|p2a: Blaziken
|-activate|p2a: Blaziken|move: Protect
|
|-damage|p1b: Garchomp|29/100 tox|[from] psn
|-ability|p2a: Blaziken|Speed Boost|boost
|-boost|p2a: Blaziken|spe|1
|upkeep
|turn|11
|
|t:|1783638171
|move|p2a: Blaziken|Detect||[still]
|-fail|p2a: Blaziken
|move|p1b: Garchomp|Earthquake|p2a: Blaziken|[spread] p2a
|-immune|p1a: Charizard
|-supereffective|p2a: Blaziken|1
|-damage|p2a: Blaziken|0 fnt
|faint|p2a: Blaziken
|
|win|gilletemaster
