|j|☆lime beens
|j|☆Storm2326
|html|lime beensStorm2326    
|uhtml|bestof|Game 2 of a best-of-3
|t:|1783749858
|gametype|doubles
|player|p1|lime beens|artist-gen4|1144
|player|p2|Storm2326|170|1121
|gen|9
|tier|[Gen 9 Champions] VGC 2026 Reg M-B (Bo3)
|rated|
|rule|Species Clause: Limit one of each Pokémon
|rule|Item Clause: Limit 1 of each item
|clearpoke
|poke|p1|Farigiraf, L50, F|
|poke|p1|Camerupt, L50, M|
|poke|p1|Dragapult, L50, F|
|poke|p1|Sylveon, L50, F|
|poke|p1|Meganium, L50, M|
|poke|p1|Clawitzer, L50, F|
|poke|p2|Mawile, L50, F|
|poke|p2|Farigiraf, L50, F|
|poke|p2|Drampa, L50, M|
|poke|p2|Kleavor, L50, F|
|poke|p2|Azumarill, L50, M|
|poke|p2|Incineroar, L50, M|
|teampreview|4
|showteam|p1|Farigiraf||ColburBerry|ArmorTail|TrickRoom,TwinBeam,Thunderbolt,Protect|Sassy||F|||50|]Camerupt||Cameruptite|SolidRock|HeatWave,EarthPower,Round,Protect|Quiet||M|||50|]Dragapult||FocusSash|Infiltrator|Round,DracoMeteor,ShadowBall,Protect|Timid||F|||50|]Sylveon||FairyFeather|Pixilate|Round,MysticalFire,HyperVoice,Protect|Quiet||F|||50|]Meganium||Meganiumite|Overgrow|SolarBeam,WeatherBall,EarthPower,Protect|Quiet||M|||50|]Clawitzer||LifeOrb|MegaLauncher|WaterPulse,AuraSphere,DarkPulse,Protect|Quiet||F|||50|
|showteam|p2|Mawile||Mawilite|HyperCutter|RockSlide,PlayRough,SuckerPunch,SwordsDance|Brave||F|||50|]Farigiraf||SitrusBerry|ArmorTail|Thunderbolt,HelpingHand,Psychic,TrickRoom|Modest||F|||50|]Drampa||Drampanite|CloudNine|EarthPower,HyperVoice,Thunderbolt,Protect|Quiet||M|||50|]Kleavor||FocusSash|Sharpness|CloseCombat,StoneAxe,XScissor,Feint|Brave||F|||50|]Azumarill||LifeOrb|HugePower|AquaJet,Superpower,PlayRough,Waterfall|Brave||M|||50|]Incineroar||PasshoBerry|Intimidate|FlareBlitz,PartingShot,FakeOut,ThroatChop|Brave||M|||50|
|inactive|Battle timer is ON: inactive players will automatically lose when time's up. (requested by lime beens)
|
|t:|1783749880
|teamsize|p1|4
|teamsize|p2|4
|start
|switch|p1a: Dragapult|Dragapult, L50, F|100/100
|switch|p1b: Sylveon|Sylveon, L50, F|100/100
|switch|p2a: Farigiraf|Farigiraf, L50, F|100/100
|switch|p2b: Incineroar|Incineroar, L50, M|100/100
|-ability|p2b: Incineroar|Intimidate|boost
|-unboost|p1a: Dragapult|atk|1
|-unboost|p1b: Sylveon|atk|1
|turn|1
|
|t:|1783749895
|move|p2b: Incineroar|Fake Out|p1b: Sylveon
|-damage|p1b: Sylveon|86/100
|move|p1a: Dragapult|Draco Meteor|p2b: Incineroar
|-damage|p2b: Incineroar|55/100
|-unboost|p1a: Dragapult|spa|2
|move|p2a: Farigiraf|Psychic|p1a: Dragapult
|-damage|p1a: Dragapult|46/100
|cant|p1b: Sylveon|flinch
|
|upkeep
|turn|2
|
|t:|1783749914
|move|p1a: Dragapult|Round|p2b: Incineroar
|-damage|p2b: Incineroar|48/100
|move|p1b: Sylveon|Round|p2b: Incineroar|[from] move: Round
|-damage|p2b: Incineroar|0 fnt
|faint|p2b: Incineroar
|move|p2a: Farigiraf|Psychic|p1a: Dragapult
|-damage|p1a: Dragapult|0 fnt
|faint|p1a: Dragapult
|
|upkeep
|
|t:|1783749924
|switch|p1a: Clawitzer|Clawitzer, L50, F|100/100
|switch|p2b: Mawile|Mawile, L50, F|100/100
|turn|3
|
|t:|1783749935
|switch|p2b: Azumarill|Azumarill, L50, M|100/100
|move|p1b: Sylveon|Mystical Fire|p2b: Azumarill
|-resisted|p2b: Azumarill|1
|-damage|p2b: Azumarill|85/100
|-unboost|p2b: Azumarill|spa|1
|move|p1a: Clawitzer|Water Pulse|p2b: Azumarill
|-resisted|p2b: Azumarill|1
|-damage|p2b: Azumarill|54/100
|-damage|p1a: Clawitzer|90/100|[from] item: Life Orb
|move|p2a: Farigiraf|Trick Room|p2a: Farigiraf
|-fieldstart|move: Trick Room|[of] p2a: Farigiraf
|
|upkeep
|turn|4
|
|t:|1783749949
|move|p2b: Azumarill|Play Rough|p1b: Sylveon
|-damage|p1b: Sylveon|0 fnt
|faint|p1b: Sylveon
|-damage|p2b: Azumarill|44/100|[from] item: Life Orb
|move|p1a: Clawitzer|Dark Pulse|p2a: Farigiraf
|-supereffective|p2a: Farigiraf|1
|-damage|p2a: Farigiraf|3/100
|-enditem|p2a: Farigiraf|Sitrus Berry|[eat]
|-heal|p2a: Farigiraf|28/100|[from] item: Sitrus Berry
|-damage|p1a: Clawitzer|80/100|[from] item: Life Orb
|move|p2a: Farigiraf|Thunderbolt|p1a: Clawitzer
|-supereffective|p1a: Clawitzer|1
|-damage|p1a: Clawitzer|26/100
|
|upkeep
|
|t:|1783749957
|switch|p1b: Camerupt|Camerupt, L50, M|100/100
|turn|5
|
|t:|1783749972
|move|p2b: Azumarill|Aqua Jet|p1b: Camerupt
|-supereffective|p1b: Camerupt|2
|-damage|p1b: Camerupt|0 fnt
|faint|p1b: Camerupt
|-damage|p2b: Azumarill|34/100|[from] item: Life Orb
|move|p1a: Clawitzer|Dark Pulse|p2a: Farigiraf
|-supereffective|p2a: Farigiraf|1
|-damage|p2a: Farigiraf|0 fnt
|faint|p2a: Farigiraf
|-damage|p1a: Clawitzer|17/100|[from] item: Life Orb
|
|upkeep
|
|t:|1783749976
|switch|p2a: Mawile|Mawile, L50, F|100/100
|turn|6
|
|t:|1783749982
|detailschange|p2a: Mawile|Mawile-Mega, L50, F
|-mega|p2a: Mawile|Mawile|Mawilite
|move|p2b: Azumarill|Aqua Jet|p1a: Clawitzer
|-resisted|p1a: Clawitzer|1
|-damage|p1a: Clawitzer|0 fnt
|faint|p1a: Clawitzer
|-damage|p2b: Azumarill|25/100|[from] item: Life Orb
|
|win|Storm2326
||lime beens is ready for game 3.
