|j|☆CrystalGem02
|j|☆DDyarados29
|html|CrystalGem02DDyarados29    
|uhtml|bestof|Game 3 of a best-of-3
|t:|1755568847
|gametype|doubles
|player|p1|CrystalGem02|valerie|1320
|player|p2|DDyarados29|skier|1288
|gen|9
|tier|[Gen 9] VGC 2025 Reg H (Bo3)
|rated|
|rule|Species Clause: Limit one of each Pokémon
|rule|Item Clause: Limit 1 of each item
|clearpoke
|poke|p1|Incineroar, L50, M|
|poke|p1|Amoonguss, L50, F|
|poke|p1|Ursaluna-Bloodmoon, L50, M|
|poke|p1|Sneasler, L50, F|
|poke|p1|Gholdengo, L50|
|poke|p1|Dragonite, L50, M|
|poke|p2|Dragonite, L50, M|
|poke|p2|Amoonguss, L50, F|
|poke|p2|Incineroar, L50, F|
|poke|p2|Sneasler, L50, M|
|poke|p2|Gholdengo, L50|
|poke|p2|Porygon2, L50|
|teampreview|4
|showteam|p1|Incineroar||SafetyGoggles|Intimidate|FlareBlitz,KnockOff,PartingShot,FakeOut|||M|||50|,,,,,Ghost]Amoonguss||SitrusBerry|Regenerator|Spore,RagePowder,PollenPuff,Protect|||F|||50|,,,,,Psychic]Ursaluna-Bloodmoon||AssaultVest|MindsEye|HyperVoice,BloodMoon,EarthPower,VacuumWave|||M|||50|,,,,,Water]Sneasler||FocusSash|Unburden|CloseCombat,DireClaw,ThroatChop,Protect|||F|||50|,,,,,Stellar]Gholdengo||LifeOrb|GoodasGold|MakeItRain,ShadowBall,NastyPlot,Protect||||||50|,,,,,Water]Dragonite||LoadedDice|Multiscale|ScaleShot,Tailwind,Haze,Protect|||M|||50|,,,,,Fairy
|showteam|p2|Dragonite||LoadedDice|Multiscale|ScaleShot,StompingTantrum,Haze,Protect|||M|||50|,,,,,Ground]Amoonguss||SitrusBerry|Regenerator|Spore,RagePowder,PollenPuff,Protect|||F|||50|,,,,,Fairy]Incineroar||SafetyGoggles|Intimidate|FlareBlitz,KnockOff,FakeOut,PartingShot|||F|||50|,,,,,Ghost]Sneasler||FocusSash|PoisonTouch|CloseCombat,DireClaw,FakeOut,Protect|||M|||50|,,,,,Stellar]Gholdengo||LifeOrb|GoodasGold|MakeItRain,ShadowBall,NastyPlot,Protect||||||50|,,,,,Water]Porygon2||Eviolite|Download|TeraBlast,IceBeam,Recover,TrickRoom||||||50|,,,,,Ground
|inactive|Battle timer is ON: inactive players will automatically lose when time's up. (requested by DDyarados29)
|inactive|DDyarados29 has 60 seconds left.
|
|t:|1755568885
|teamsize|p1|4
|teamsize|p2|4
|start
|switch|p1a: Gholdengo|Gholdengo, L50|100/100
|switch|p1b: Incineroar|Incineroar, L50, M|100/100
|switch|p2a: Incineroar|Incineroar, L50, F|100/100
|switch|p2b: Gholdengo|Gholdengo, L50|100/100
|-ability|p2a: Incineroar|Intimidate|boost
|-unboost|p1a: Gholdengo|atk|1
|-unboost|p1b: Incineroar|atk|1
|-ability|p1b: Incineroar|Intimidate|boost
|-unboost|p2a: Incineroar|atk|1
|-unboost|p2b: Gholdengo|atk|1
|turn|1
|
|t:|1755568905
|-terastallize|p2b: Gholdengo|Water
|move|p2a: Incineroar|Fake Out|p1b: Incineroar
|-damage|p1b: Incineroar|94/100
|cant|p1b: Incineroar|flinch
|move|p1a: Gholdengo|Nasty Plot|p1a: Gholdengo
|-boost|p1a: Gholdengo|spa|2
|move|p2b: Gholdengo|Nasty Plot|p2b: Gholdengo
|-boost|p2b: Gholdengo|spa|2
|
|upkeep
|turn|2
|inactive|CrystalGem02 has 30 seconds left.
|inactive|CrystalGem02 has 20 seconds left.
|inactive|CrystalGem02 has 15 seconds left.
|
|t:|1755568948
|move|p1a: Gholdengo|Nasty Plot|p1a: Gholdengo
|-boost|p1a: Gholdengo|spa|2
|move|p2b: Gholdengo|Shadow Ball|p1a: Gholdengo
|-supereffective|p1a: Gholdengo
|-damage|p1a: Gholdengo|0 fnt
|faint|p1a: Gholdengo
|-damage|p2b: Gholdengo|91/100|[from] item: Life Orb
|move|p2a: Incineroar|Parting Shot|p1b: Incineroar
|-unboost|p1b: Incineroar|atk|1
|-unboost|p1b: Incineroar|spa|1
|
|t:|1755568956
|switch|p2a: Amoonguss|Amoonguss, L50, F|100/100|[from] Parting Shot
|move|p1b: Incineroar|Parting Shot|p2a: Amoonguss
|-unboost|p2a: Amoonguss|atk|1
|-unboost|p2a: Amoonguss|spa|1
|
|t:|1755568972
|switch|p1b: Sneasler|Sneasler, L50, F|100/100|[from] Parting Shot
|
|upkeep
|
|t:|1755568976
|switch|p1a: Incineroar|Incineroar, L50, M|94/100
|-ability|p1a: Incineroar|Intimidate|boost
|-unboost|p2a: Amoonguss|atk|1
|-unboost|p2b: Gholdengo|atk|1
|turn|3
|
|t:|1755568984
|switch|p2a: Incineroar|Incineroar, L50, F|100/100
|-ability|p2a: Incineroar|Intimidate|boost
|-unboost|p1a: Incineroar|atk|1
|-unboost|p1b: Sneasler|atk|1
|move|p2b: Gholdengo|Protect|p2b: Gholdengo
|-singleturn|p2b: Gholdengo|Protect
|move|p1b: Sneasler|Dire Claw|p2b: Gholdengo
|-activate|p2b: Gholdengo|move: Protect
|move|p1a: Incineroar|Parting Shot|p2a: Incineroar
|-unboost|p2a: Incineroar|atk|1
|-unboost|p2a: Incineroar|spa|1
|
|t:|1755568995
|switch|p1a: Dragonite|Dragonite, L50, M, shiny|100/100|[from] Parting Shot
|
|upkeep
|turn|4
|
|t:|1755569007
|switch|p2a: Amoonguss|Amoonguss, L50, F|100/100
|move|p1b: Sneasler|Protect|p1b: Sneasler
|-singleturn|p1b: Sneasler|Protect
|move|p1a: Dragonite|Protect|p1a: Dragonite
|-singleturn|p1a: Dragonite|Protect
|move|p2b: Gholdengo|Make It Rain|p1b: Sneasler|[spread] 
|-activate|p1a: Dragonite|move: Protect
|-activate|p1b: Sneasler|move: Protect
|
|upkeep
|turn|5
|
|t:|1755569023
|switch|p2a: Incineroar|Incineroar, L50, F|100/100
|-ability|p2a: Incineroar|Intimidate|boost
|-unboost|p1a: Dragonite|atk|1
|-unboost|p1b: Sneasler|atk|1
|move|p1b: Sneasler|Dire Claw|p2b: Gholdengo
|-damage|p2b: Gholdengo|69/100
|-status|p2b: Gholdengo|psn
|move|p2b: Gholdengo|Make It Rain|p1b: Sneasler|[spread] p1a,p1b
|-damage|p1a: Dragonite|34/100
|-enditem|p1b: Sneasler|Focus Sash
|-damage|p1b: Sneasler|1/100
|-unboost|p2b: Gholdengo|spa|1
|-damage|p2b: Gholdengo|60/100 psn|[from] item: Life Orb
|move|p1a: Dragonite|Haze|p1a: Dragonite
|-clearallboost
|
|-damage|p2b: Gholdengo|48/100 psn|[from] psn
|upkeep
|turn|6
|
|t:|1755569045
|move|p1b: Sneasler|Protect|p1b: Sneasler
|-singleturn|p1b: Sneasler|Protect
|move|p2a: Incineroar|Fake Out|p1b: Sneasler
|-activate|p1b: Sneasler|move: Protect
|move|p2b: Gholdengo|Make It Rain|p1a: Dragonite|[spread] p1a
|-activate|p1b: Sneasler|move: Protect
|-damage|p1a: Dragonite|0 fnt
|-unboost|p2b: Gholdengo|spa|1
|faint|p1a: Dragonite
|-damage|p2b: Gholdengo|38/100 psn|[from] item: Life Orb
|
|-damage|p2b: Gholdengo|26/100 psn|[from] psn
|upkeep
|-message|CrystalGem02 forfeited.
|
|win|DDyarados29
|raw|CrystalGem02's rating: 1320 → 1298(-22 for losing)
|raw|DDyarados29's rating: 1288 → 1315(+27 for winning)
|l|☆CrystalGem02
|player|p1|
