|j|‽Adroqk
|j|☆MrMaro
|html|AdroqkMrMaro    
|uhtml|bestof|Game 1 of a best-of-3
|t:|1757856170
|gametype|doubles
|player|p1|Adroqk|266|1097
|player|p2|MrMaro|1|1155
|gen|9
|tier|[Gen 9] VGC 2025 Reg H (Bo3)
|rated|
|rule|Species Clause: Limit one of each Pokémon
|rule|Item Clause: Limit 1 of each item
|clearpoke
|poke|p1|Pelipper, L50, M|
|poke|p1|Archaludon, L50, M|
|poke|p1|Maushold, L50|
|poke|p1|Annihilape, L50, M|
|poke|p1|Ribombee, L50, M|
|poke|p1|Inteleon, L50, F|
|poke|p2|Ninetales-Alola, L50, M|
|poke|p2|Ursaluna-Bloodmoon, L50, M|
|poke|p2|Sneasler, L50, M|
|poke|p2|Indeedee, L50, M|
|poke|p2|Dragonite, L50, F|
|poke|p2|Archaludon, L50, M|
|teampreview|4
|showteam|p1|Pelipper||DampRock|Drizzle|WeatherBall,Hurricane,WideGuard,Protect|||M|||50|,,,,,Ground]Archaludon||AssaultVest|Stamina|FlashCannon,ElectroShot,BodyPress,DragonPulse|||M|||50|,,,,,Grass]Maushold||SafetyGoggles|FriendGuard|FollowMe,Protect,BeatUp,SuperFang||||||50|,,,,,Ghost]Annihilape||Leftovers|Defiant|Protect,DrainPunch,RageFist,BulkUp|||M|||50|,,,,,Fire]Ribombee||FocusSash|SweetVeil|Tailwind,Moonblast,PollenPuff,Protect|||M|||50|,,,,,Stellar]Inteleon||ChoiceSpecs|Sniper|SnipeShot,HydroCannon,IceBeam,DarkPulse|||F|||50|,,,,,Water
|showteam|p2|Ninetales-Alola||LightClay|SnowWarning|AuroraVeil,Blizzard,Encore,Disable|||M|||50|,,,,,Fire]Ursaluna-Bloodmoon||AssaultVest|MindsEye|HyperVoice,BloodMoon,EarthPower,Snarl|||M|||50|,,,,,Water]Sneasler||PsychicSeed|Unburden|DireClaw,CloseCombat,ThroatChop,Protect|||M|||50|,,,,,Dark]Indeedee||ChoiceScarf|PsychicSurge|ExpandingForce,Imprison,Trick,TrickRoom|||M|||50|,,,,,Fairy]Dragonite||Leftovers|Multiscale|DragonDance,IceSpinner,ExtremeSpeed,Protect|||F|||50|,,,,,Normal]Archaludon||PowerHerb|Stalwart|ElectroShot,Thunderbolt,DragonPulse,Protect|||M|||50|,,,,,Electric
|
|t:|1757856226
|teamsize|p1|4
|teamsize|p2|4
|start
|switch|p1a: Maushold|Maushold, L50|100/100
|switch|p1b: Annihilape|Annihilape, L50, M|100/100
|switch|p2a: Indeedee|Indeedee, L50, M|100/100
|switch|p2b: Sneasler|Sneasler, L50, M|100/100
|-fieldstart|move: Psychic Terrain|[from] ability: Psychic Surge|[of] p2a: Indeedee
|-enditem|p2b: Sneasler|Psychic Seed
|-boost|p2b: Sneasler|spd|1|[from] item: Psychic Seed
|turn|1
|
|t:|1757856245
|move|p1a: Maushold|Protect|p1a: Maushold
|-singleturn|p1a: Maushold|Protect
|move|p1b: Annihilape|Protect|p1b: Annihilape
|-singleturn|p1b: Annihilape|Protect
|move|p2b: Sneasler|Dire Claw|p1b: Annihilape
|-activate|p1b: Annihilape|move: Protect
|move|p2a: Indeedee|Expanding Force|p1a: Maushold|[spread] 
|-activate|p1a: Maushold|move: Protect
|-activate|p1b: Annihilape|move: Protect
|
|upkeep
|turn|2
|
|t:|1757856269
|switch|p1b: Archaludon|Archaludon, L50, M|100/100
|move|p2b: Sneasler|Dire Claw|p1b: Archaludon
|-immune|p1b: Archaludon
|move|p2a: Indeedee|Expanding Force|p1a: Maushold|[spread] p1a,p1b
|-resisted|p1b: Archaludon
|-damage|p1a: Maushold|35/100
|-damage|p1b: Archaludon|88/100
|-ability|p1b: Archaludon|Stamina|boost
|-boost|p1b: Archaludon|def|1
|move|p1a: Maushold|Super Fang|p2a: Indeedee
|-damage|p2a: Indeedee|51/100
|
|upkeep
|turn|3
|
|t:|1757856291
|move|p1a: Maushold|Protect|p1a: Maushold
|-singleturn|p1a: Maushold|Protect
|move|p2b: Sneasler|Dire Claw|p1a: Maushold
|-activate|p1a: Maushold|move: Protect
|move|p2a: Indeedee|Expanding Force|p1b: Archaludon|[spread] p1b
|-activate|p1a: Maushold|move: Protect
|-resisted|p1b: Archaludon
|-crit|p1b: Archaludon
|-damage|p1b: Archaludon|68/100
|-ability|p1b: Archaludon|Stamina|boost
|-boost|p1b: Archaludon|def|1
|move|p1b: Archaludon|Dragon Pulse|p2a: Indeedee
|-damage|p2a: Indeedee|1/100
|
|upkeep
|turn|4
|
|t:|1757856312
|move|p1a: Maushold|Follow Me|p1a: Maushold
|-singleturn|p1a: Maushold|move: Follow Me
|move|p2b: Sneasler|Close Combat|p1a: Maushold
|-supereffective|p1a: Maushold
|-damage|p1a: Maushold|0 fnt
|-unboost|p2b: Sneasler|def|1
|-unboost|p2b: Sneasler|spd|1
|faint|p1a: Maushold
|move|p2a: Indeedee|Expanding Force|p1b: Archaludon
|-resisted|p1b: Archaludon
|-damage|p1b: Archaludon|44/100
|-ability|p1b: Archaludon|Stamina|boost
|-boost|p1b: Archaludon|def|1
|move|p1b: Archaludon|Flash Cannon|p2a: Indeedee
|-damage|p2a: Indeedee|0 fnt
|faint|p2a: Indeedee
|
|upkeep
|
|t:|1757856331
|switch|p1a: Pelipper|Pelipper, L50, M|100/100
|switch|p2a: Archaludon|Archaludon, L50, M|100/100
|-weather|RainDance|[from] ability: Drizzle|[of] p1a: Pelipper
|turn|5
|
|t:|1757856346
|-terastallize|p2a: Archaludon|Electric
|-terastallize|p1b: Archaludon|Grass
|move|p2b: Sneasler|Close Combat|p1b: Archaludon
|-damage|p1b: Archaludon|24/100
|-unboost|p2b: Sneasler|def|1
|-unboost|p2b: Sneasler|spd|1
|-ability|p1b: Archaludon|Stamina|boost
|-boost|p1b: Archaludon|def|1
|move|p2a: Archaludon|Electro Shot||[still]
|-prepare|p2a: Archaludon|Electro Shot
|-boost|p2a: Archaludon|spa|1
|-anim|p2a: Archaludon|Electro Shot|p1a: Pelipper
|-supereffective|p1a: Pelipper
|-damage|p1a: Pelipper|0 fnt
|faint|p1a: Pelipper
|move|p1b: Archaludon|Body Press|p2a: Archaludon
|-damage|p2a: Archaludon|56/100
|
|-weather|RainDance|[upkeep]
|-fieldend|move: Psychic Terrain
|upkeep
|
|t:|1757856358
|switch|p1a: Annihilape|Annihilape, L50, M|100/100
|turn|6
|-message|Adroqk forfeited.
|
|win|MrMaro
||Adroqk is ready for game 2.
|inactive|MrMaro has 30 seconds to confirm battle start!
||MrMaro is ready for game 2.
|uhtml|next|Next: Game 2 of 3
|l|‽Adroqk
|player|p1|
