|j|☆coti_05
|j|☆ssooner
|html|coti_05ssooner    
|uhtml|bestof|Game 1 of a best-of-3
|t:|1784363141
|gametype|doubles
|player|p1|coti_05|170|1139
|player|p2|ssooner|wallace|1091
|gen|9
|tier|[Gen 9 Champions] VGC 2026 Reg M-B (Bo3)
|rated|
|rule|Species Clause: Limit one of each Pokémon
|rule|Item Clause: Limit 1 of each item
|clearpoke
|poke|p1|Charizard, L50, M, shiny|
|poke|p1|Incineroar, L50, F|
|poke|p1|Garchomp, L50, F, shiny|
|poke|p1|Aerodactyl, L50, M|
|poke|p1|Toxapex, L50, M|
|poke|p1|Sylveon, L50, M|
|poke|p2|Talonflame, L50, M|
|poke|p2|Gholdengo, L50|
|poke|p2|Metagross, L50|
|poke|p2|Garchomp, L50, M|
|poke|p2|Tyranitar, L50, M|
|poke|p2|Rotom-Wash, L50|
|teampreview|4
|showteam|p1|Charizard||CharizarditeY|SolarPower|HeatWave,Protect,WeatherBall,SolarBeam|Bold||M|||50|]Incineroar||SitrusBerry|Intimidate|FakeOut,FlareBlitz,PartingShot,Crunch|Impish||F|||50|]Garchomp||LifeOrb|RoughSkin|DragonClaw,Earthquake,Protect,RockSlide|Adamant||F|||50|]Aerodactyl||Aerodactylite|RockHead|Tailwind,Protect,RockSlide,DualWingbeat|Jolly||M|||50|]Toxapex||Leftovers|Regenerator|WideGuard,BanefulBunker,Toxic,Infestation|Sassy||M|||50|]Sylveon||FairyFeather|Pixilate|Protect,HyperBeam,HyperVoice,CalmMind|Bold||M|||50|
|showteam|p2|Talonflame|||GaleWings|Acrobatics,Protect,Tailwind,QuickGuard|Jolly||M|||50|]Gholdengo||LifeOrb|GoodasGold|MakeItRain,NastyPlot,Protect,ShadowBall|Timid|||||50|]Metagross||Metagrossite|ClearBody|BulletPunch,Protect,IronHead,PsychicFangs|Jolly|||||50|]Garchomp||ChoiceScarf|SandVeil|DragonClaw,Earthquake,RockSlide,StompingTantrum|Serious||M|||50|]Tyranitar||Tyranitarite|SandStream|IcePunch,KnockOff,Protect,RockSlide|Adamant||M|||50|]Rotom-Wash||SitrusBerry|Levitate|HydroPump,Protect,WillOWisp,Thunderbolt|Serious|||||50|
|inactive|Battle timer is ON: inactive players will automatically lose when time's up. (requested by ssooner)
|
|t:|1784363163
|teamsize|p1|4
|teamsize|p2|4
|start
|switch|p1a: Aerodactyl|Aerodactyl, L50, M|100/100
|switch|p1b: Garchomp|Garchomp, L50, F, shiny|100/100
|switch|p2a: Talonflame|Talonflame, L50, M|100/100
|switch|p2b: Rotom|Rotom-Wash, L50|100/100
|turn|1
|c|☆coti_05|GOOD LUCK
|c|☆ssooner|glhf
|inactive|coti_05 has 30 seconds left.
|
|t:|1784363196
|switch|p1a: Incineroar|Incineroar, L50, F|100/100
|-ability|p1a: Incineroar|Intimidate|boost
|-unboost|p2a: Talonflame|atk|1
|-unboost|p2b: Rotom|atk|1
|move|p2a: Talonflame|Tailwind|p2a: Talonflame
|-sidestart|p2: ssooner|move: Tailwind
|move|p2b: Rotom|Thunderbolt|p1a: Incineroar
|-damage|p1a: Incineroar|63/100
|move|p1b: Garchomp|Rock Slide|p2a: Talonflame|[spread] p2b
|-miss|p1b: Garchomp|p2a: Talonflame
|-damage|p2b: Rotom|67/100
|-damage|p1b: Garchomp|90/100|[from] item: Life Orb
|
|upkeep
|turn|2
|inactive|coti_05 has 30 seconds left.
|inactive|ssooner has 30 seconds left.
|inactive|ssooner has 20 seconds left.
|
|t:|1784363235
|switch|p1a: Toxapex|Toxapex, L50, M|100/100
|move|p2a: Talonflame|Protect|p2a: Talonflame
|-singleturn|p2a: Talonflame|Protect
|move|p2b: Rotom|Hydro Pump|p1a: Toxapex
|-resisted|p1a: Toxapex|1
|-damage|p1a: Toxapex|82/100
|move|p1b: Garchomp|Rock Slide|p2b: Rotom|[spread] 
|-activate|p2a: Talonflame|move: Protect
|-miss|p1b: Garchomp|p2b: Rotom
|
|-heal|p1a: Toxapex|89/100|[from] item: Leftovers
|upkeep
|turn|3
|
|t:|1784363256
|switch|p2a: Garchomp|Garchomp, L50, M|100/100
|move|p1a: Toxapex|Baneful Bunker|p1a: Toxapex
|-singleturn|p1a: Toxapex|move: Protect
|move|p2b: Rotom|Will-O-Wisp|p1b: Garchomp|[miss]
|-miss|p2b: Rotom|p1b: Garchomp
|move|p1b: Garchomp|Rock Slide|p2a: Garchomp|[spread] p2a,p2b
|-resisted|p2a: Garchomp|1
|-damage|p2a: Garchomp|87/100
|-damage|p2b: Rotom|38/100
|-enditem|p2b: Rotom|Sitrus Berry|[eat]
|-heal|p2b: Rotom|63/100|[from] item: Sitrus Berry
|-damage|p1b: Garchomp|80/100|[from] item: Life Orb
|
|-heal|p1a: Toxapex|95/100|[from] item: Leftovers
|upkeep
|turn|4
|inactive|coti_05 has 30 seconds left.
|inactive|ssooner has 30 seconds left.
|
|t:|1784363288
|-heal|p1a: Toxapex|100/100|[from] ability: Regenerator|[silent]
|switch|p1a: Incineroar|Incineroar, L50, F|63/100
|-ability|p1a: Incineroar|Intimidate|boost
|-unboost|p2a: Garchomp|atk|1
|-unboost|p2b: Rotom|atk|1
|move|p1b: Garchomp|Protect|p1b: Garchomp
|-singleturn|p1b: Garchomp|Protect
|move|p2a: Garchomp|Dragon Claw|p1b: Garchomp
|-activate|p1b: Garchomp|move: Protect
|move|p2b: Rotom|Thunderbolt|p1a: Incineroar
|-damage|p1a: Incineroar|26/100
|-enditem|p1a: Incineroar|Sitrus Berry|[eat]
|-heal|p1a: Incineroar|51/100|[from] item: Sitrus Berry
|
|-sideend|p2: ssooner|move: Tailwind
|upkeep
|turn|5
|
|t:|1784363312
|switch|p2a: Metagross|Metagross, L50|100/100
|move|p1a: Incineroar|Fake Out|p2a: Metagross
|-resisted|p2a: Metagross|1
|-damage|p2a: Metagross|94/100
|move|p1b: Garchomp|Dragon Claw|p2a: Metagross
|-resisted|p2a: Metagross|1
|-damage|p2a: Metagross|68/100
|-damage|p1b: Garchomp|70/100|[from] item: Life Orb
|move|p2b: Rotom|Hydro Pump|p1a: Incineroar
|-supereffective|p1a: Incineroar|1
|-damage|p1a: Incineroar|0 fnt
|faint|p1a: Incineroar
|
|upkeep
|
|t:|1784363330
|switch|p1a: Aerodactyl|Aerodactyl, L50, M|100/100
|turn|6
|inactive|coti_05 has 30 seconds left.
|
|t:|1784363357
|switch|p2a: Talonflame|Talonflame, L50, M|100/100
|detailschange|p1a: Aerodactyl|Aerodactyl-Mega, L50, M
|-mega|p1a: Aerodactyl|Aerodactyl|Aerodactylite
|move|p1a: Aerodactyl|Protect|p1a: Aerodactyl
|-singleturn|p1a: Aerodactyl|Protect
|move|p1b: Garchomp|Earthquake|p2b: Rotom|[spread] 
|-activate|p1a: Aerodactyl|move: Protect
|-immune|p2a: Talonflame
|-immune|p2b: Rotom|[from] ability: Levitate
|move|p2b: Rotom|Thunderbolt|p1a: Aerodactyl
|-activate|p1a: Aerodactyl|move: Protect
|
|upkeep
|turn|7
|
|t:|1784363378
|move|p2a: Talonflame|Tailwind|p2a: Talonflame
|-sidestart|p2: ssooner|move: Tailwind
|move|p2b: Rotom|Thunderbolt|p1a: Aerodactyl
|-supereffective|p1a: Aerodactyl|1
|-damage|p1a: Aerodactyl|2/100
|move|p1a: Aerodactyl|Rock Slide|p2b: Rotom|[spread] p2a,p2b
|-supereffective|p2a: Talonflame|2
|-damage|p2a: Talonflame|0 fnt
|-damage|p2b: Rotom|31/100
|faint|p2a: Talonflame
|move|p1b: Garchomp|Rock Slide|p2b: Rotom
|-crit|p2b: Rotom
|-damage|p2b: Rotom|0 fnt
|faint|p2b: Rotom
|-damage|p1b: Garchomp|60/100|[from] item: Life Orb
|
|upkeep
|
|t:|1784363388
|switch|p2a: Garchomp|Garchomp, L50, M|87/100
|switch|p2b: Metagross|Metagross, L50|68/100
|turn|8
|
|t:|1784363407
|switch|p1b: Toxapex|Toxapex, L50, M|100/100
|detailschange|p2b: Metagross|Metagross-Mega, L50
|-mega|p2b: Metagross|Metagross|Metagrossite
|move|p1a: Aerodactyl|Protect|p1a: Aerodactyl
|-singleturn|p1a: Aerodactyl|Protect
|move|p2a: Garchomp|Dragon Claw|p1b: Toxapex
|-damage|p1b: Toxapex|66/100
|move|p2b: Metagross|Psychic Fangs|p1a: Aerodactyl
|-activate|p1a: Aerodactyl|move: Protect
|
|-heal|p1b: Toxapex|72/100|[from] item: Leftovers
|upkeep
|turn|9
|inactive|coti_05 has 30 seconds left.
|inactive|coti_05 has 20 seconds left.
|inactive|coti_05 has 15 seconds left.
|inactive|coti_05 has 10 seconds left.
|
|t:|1784363455
|move|p1b: Toxapex|Baneful Bunker|p1b: Toxapex
|-singleturn|p1b: Toxapex|move: Protect
|move|p2a: Garchomp|Dragon Claw|p1a: Aerodactyl
|-damage|p1a: Aerodactyl|0 fnt
|faint|p1a: Aerodactyl
|move|p2b: Metagross|Psychic Fangs|p1b: Toxapex
|-activate|p1b: Toxapex|move: Protect
|
|-heal|p1b: Toxapex|78/100|[from] item: Leftovers
|upkeep
|
|t:|1784363464
|switch|p1a: Garchomp|Garchomp, L50, F, shiny|60/100
|turn|10
|
|t:|1784363473
|move|p1a: Garchomp|Protect|p1a: Garchomp
|-singleturn|p1a: Garchomp|Protect
|move|p1b: Toxapex|Baneful Bunker||[still]
|-fail|p1b: Toxapex
|move|p2a: Garchomp|Dragon Claw|p1a: Garchomp
|-activate|p1a: Garchomp|move: Protect
|move|p2b: Metagross|Psychic Fangs|p1b: Toxapex
|-supereffective|p1b: Toxapex|1
|-damage|p1b: Toxapex|0 fnt
|faint|p1b: Toxapex
|
|-sideend|p2: ssooner|move: Tailwind
|upkeep
|turn|11
|-message|coti_05 forfeited.
|
|win|ssooner
