|j|☆Ev_Evan
|j|☆influxxyyy
|html|Ev_Evaninfluxxyyy    
|uhtml|bestof|Game 2 of a best-of-3
|t:|1757107309
|gametype|doubles
|player|p1|Ev_Evan|volkner|
|player|p2|influxxyyy|miku-fire|
|gen|9
|tier|[Gen 9] VGC 2025 Reg H (Bo3)
|rule|Species Clause: Limit one of each Pokémon
|rule|Item Clause: Limit 1 of each item
|clearpoke
|poke|p1|Gallade, L50, M|
|poke|p1|Yanmega, L50, F|
|poke|p1|Oranguru, L50, M|
|poke|p1|Excadrill, L50, M|
|poke|p1|Scrafty, L50, M|
|poke|p1|Hydreigon, L50, M|
|poke|p2|Dragalge, L50, F|
|poke|p2|Mimikyu, L50, M|
|poke|p2|Primarina, L50, M|
|poke|p2|Bisharp, L50, M|
|poke|p2|Grimmsnarl, L50, M|
|poke|p2|Scrafty, L50, F|
|teampreview|4
|showteam|p1|Gallade||SitrusBerry|Sharpness|TrickRoom,PsychoCut,SacredSword,WideGuard|||M|||50|,,,,,Fire]Yanmega||FocusSash|SpeedBoost|Tailwind,AirSlash,BugBuzz,Protect|||F|||50|,,,,,Ghost]Oranguru||MentalHerb|Telepathy|TrickRoom,Instruct,PsychicNoise,Protect|||M|||50|,,,,,Dark]Excadrill||ClearAmulet|SandRush|Earthquake,IronHead,RockSlide,Protect|||M|||50|,,,,,Ground]Scrafty||SafetyGoggles|Intimidate|FakeOut,KnockOff,CloseCombat,Taunt|||M|||50|,,,,,Grass]Hydreigon||LifeOrb|Levitate|HeatWave,DracoMeteor,DarkPulse,Protect|||M|||50|,,,,,Ghost
|showteam|p2|Dragalge||LifeOrb|Adaptability|Protect,SludgeBomb,DracoMeteor,TeraBlast|||F|||50|,,,,,Ground]Mimikyu||MentalHerb|Disguise|ShadowSneak,PlayRough,DestinyBond,TrickRoom|||M|||50|,,,,,Water]Primarina||FairyFeather|LiquidVoice|Protect,DazzlingGleam,Moonblast,HyperVoice|||M|||50|,,,,,Grass]Bisharp||Eviolite|Defiant|Protect,ThroatChop,SuckerPunch,SwordsDance|||M|||50|,,,,,Dark]Grimmsnarl||LightClay|Prankster|LightScreen,Reflect,FakeTears,SpiritBreak|||M|||50|,,,,,Ghost]Scrafty||SafetyGoggles|Intimidate|FakeOut,KnockOff,CloseCombat,Taunt|||F|||50|,,,,,Fairy
|inactive|Battle timer is ON: inactive players will automatically lose when time's up. (requested by influxxyyy)
|inactive|Ev_Evan also wants the timer to be on.
|inactive|influxxyyy has 60 seconds left.
|
|t:|1757107344
|teamsize|p1|4
|teamsize|p2|4
|start
|switch|p1a: Excadrill|Excadrill, L50, M|100/100
|switch|p1b: Oranguru|Oranguru, L50, M|100/100
|switch|p2a: Mimickyou|Mimikyu, L50, M, shiny|100/100
|switch|p2b: Semolina|Primarina, L50, M|100/100
|turn|1
|
|t:|1757107363
|move|p1a: Excadrill|Iron Head|p2a: Mimickyou
|-activate|p2a: Mimickyou|ability: Disguise
|-damage|p2a: Mimickyou|100/100
|detailschange|p2a: Mimickyou|Mimikyu-Busted, L50, M, shiny
|-damage|p2a: Mimickyou|88/100|[from] pokemon: Mimikyu-Busted
|cant|p2a: Mimickyou|flinch
|move|p2b: Semolina|Hyper Voice|p1a: Excadrill|[spread] p1a,p1b
|-supereffective|p1a: Excadrill
|-damage|p1a: Excadrill|5/100
|-damage|p1b: Oranguru|78/100
|move|p1b: Oranguru|Instruct|p1a: Excadrill
|-singleturn|p1a: Excadrill|move: Instruct|[of] p1b: Oranguru
|move|p1a: Excadrill|Iron Head|p2a: Mimickyou
|-supereffective|p2a: Mimickyou
|-damage|p2a: Mimickyou|0 fnt
|faint|p2a: Mimickyou
|
|upkeep
|
|t:|1757107379
|switch|p2a: Shaggy|Scrafty, L50, F, shiny|100/100
|-ability|p2a: Shaggy|Intimidate|boost
|-fail|p1a: Excadrill|unboost|[from] item: Clear Amulet|[of] p1a: Excadrill
|-unboost|p1b: Oranguru|atk|1
|turn|2
|
|t:|1757107386
|move|p1a: Excadrill|Protect|p1a: Excadrill
|-singleturn|p1a: Excadrill|Protect
|move|p2a: Shaggy|Fake Out|p1a: Excadrill
|-activate|p1a: Excadrill|move: Protect
|move|p2b: Semolina|Moonblast|p1b: Oranguru
|-crit|p1b: Oranguru
|-damage|p1b: Oranguru|14/100
|move|p1b: Oranguru|Psychic Noise|p2b: Semolina
|-damage|p2b: Semolina|82/100
|-start|p2b: Semolina|move: Heal Block
|
|upkeep
|turn|3
|inactive|influxxyyy has 30 seconds left.
|inactive|influxxyyy has 20 seconds left.
|
|t:|1757107423
|-terastallize|p2b: Semolina|Grass
|move|p1a: Excadrill|Iron Head|p2b: Semolina
|-damage|p2b: Semolina|26/100
|cant|p2b: Semolina|flinch
|move|p1b: Oranguru|Instruct|p1a: Excadrill
|-singleturn|p1a: Excadrill|move: Instruct|[of] p1b: Oranguru
|move|p1a: Excadrill|Iron Head|p2b: Semolina
|-damage|p2b: Semolina|0 fnt
|faint|p2b: Semolina
|move|p2a: Shaggy|Knock Off|p1a: Excadrill
|-crit|p1a: Excadrill
|-damage|p1a: Excadrill|0 fnt
|-enditem|p1a: Excadrill|Clear Amulet|[from] move: Knock Off|[of] p2a: Shaggy
|faint|p1a: Excadrill
|
|upkeep
|
|t:|1757107435
|switch|p1a: Gallade|Gallade, L50, M|100/100
|switch|p2b: Bishop|Bisharp, L50, M, shiny|100/100
|turn|4
|
|t:|1757107456
|move|p2b: Bishop|Protect|p2b: Bishop
|-singleturn|p2b: Bishop|Protect
|move|p1a: Gallade|Sacred Sword|p2a: Shaggy
|-supereffective|p2a: Shaggy
|-damage|p2a: Shaggy|0 fnt
|faint|p2a: Shaggy
|move|p1b: Oranguru|Instruct|p1a: Gallade
|-singleturn|p1a: Gallade|move: Instruct|[of] p1b: Oranguru
|move|p1a: Gallade|Sacred Sword|p2b: Bishop
|-activate|p2b: Bishop|move: Protect
|
|upkeep
|turn|5
|
|t:|1757107468
|move|p2b: Bishop|Sucker Punch|p1a: Gallade
|-damage|p1a: Gallade|44/100
|-enditem|p1a: Gallade|Sitrus Berry|[eat]
|-heal|p1a: Gallade|68/100|[from] item: Sitrus Berry
|move|p1a: Gallade|Sacred Sword|p2b: Bishop
|-supereffective|p2b: Bishop
|-damage|p2b: Bishop|0 fnt
|faint|p2b: Bishop
|
|win|Ev_Evan
||Ev_Evan is ready for game 3.
||influxxyyy is ready for game 3.
|uhtml|next|Next: Game 3 of 3
|l|☆Ev_Evan
|player|p1|
