|j|☆icemonggs
|j|☆parmesanlugubre206
|html|icemonggsparmesanlugubre206    
|uhtml|bestof|Game 2 of a best-of-3
|t:|1785003984
|gametype|doubles
|player|p1|icemonggs|cilan|1123
|player|p2|parmesanlugubre206|ethan|1246
|gen|9
|tier|[Gen 9 Champions] VGC 2026 Reg M-B (Bo3)
|rated|
|rule|Species Clause: Limit one of each Pokémon
|rule|Item Clause: Limit 1 of each item
|clearpoke
|poke|p1|Dragonite, L50, M, shiny|
|poke|p1|Toxapex, L50, M, shiny|
|poke|p1|Sneasler, L50, M|
|poke|p1|Kingambit, L50, M, shiny|
|poke|p1|Charizard, L50, M, shiny|
|poke|p1|Froslass, L50, F, shiny|
|poke|p2|Victreebel, L50, F|
|poke|p2|Garchomp, L50, F|
|poke|p2|Annihilape, L50, M|
|poke|p2|Rotom-Heat, L50|
|poke|p2|Gyarados, L50, M|
|poke|p2|Vanilluxe, L50, M|
|teampreview|4
|showteam|p1|Dragonite||LifeOrb|InnerFocus|DragonClaw,ExtremeSpeed,LowKick,Protect|Adamant||M|||50|]Toxapex||Leftovers|Regenerator|Infestation,Toxic,WideGuard,BanefulBunker|Bold||M|||50|]Sneasler||FocusSash|PoisonTouch|CloseCombat,PoisonJab,FakeOut,Protect|Jolly||M|||50|]Kingambit||BlackGlasses|Defiant|KowtowCleave,SwordsDance,SuckerPunch,Protect|Adamant||M|||50|]Charizard||CharizarditeY|Blaze|HeatWave,WeatherBall,SolarBeam,Protect|Modest||M|||50|]Froslass||Froslassite|CursedBody|Blizzard,ShadowBall,AuroraVeil,Protect|Modest||F|||50|
|showteam|p2|Victreebel||Victreebelite|Chlorophyll|SludgeBomb,GigaDrain,StrengthSap,Protect|Modest||F|||50|]Garchomp||LifeOrb|RoughSkin|Earthquake,DragonClaw,RockSlide,Protect|Jolly||F|||50|]Annihilape||FocusSash|Defiant|CloseCombat,PhantomForce,RockTomb,Protect|Jolly||M|||50|]Rotom-Heat||ChoiceScarf|Levitate|Overheat,Thunderbolt,VoltSwitch,Trick|Modest|||||50|]Gyarados||Gyaradosite|Intimidate|Waterfall,Crunch,DragonDance,Protect|Adamant||M|||50|]Vanilluxe||Leftovers|SnowWarning|Blizzard,FreezeDry,AuroraVeil,Protect|Modest||M|||50|
|inactive|Battle timer is ON: inactive players will automatically lose when time's up. (requested by parmesanlugubre206)
|
|t:|1785004008
|teamsize|p1|4
|teamsize|p2|4
|start
|switch|p1a: Sneasler|Sneasler, L50, M|100/100
|switch|p1b: Froslass|Froslass, L50, F, shiny|100/100
|switch|p2a: Gyarados|Gyarados, L50, M|100/100
|switch|p2b: Rotom|Rotom-Heat, L50|100/100
|-ability|p2a: Gyarados|Intimidate|boost
|-unboost|p1a: Sneasler|atk|1
|-unboost|p1b: Froslass|atk|1
|turn|1
|
|t:|1785004016
|switch|p1b: Dragonite|Dragonite, L50, M, shiny|100/100
|move|p1a: Sneasler|Fake Out|p2a: Gyarados
|-damage|p2a: Gyarados|88/100
|-status|p2a: Gyarados|psn|[from] ability: Poison Touch|[of] p1a: Sneasler
|move|p2b: Rotom|Overheat|p1b: Dragonite
|-resisted|p1b: Dragonite|1
|-damage|p1b: Dragonite|69/100
|-unboost|p2b: Rotom|spa|2
|cant|p2a: Gyarados|flinch
|
|-damage|p2a: Gyarados|76/100 psn|[from] psn
|upkeep
|turn|2
|
|t:|1785004027
|switch|p2a: Annihilape|Annihilape, L50, M|100/100
|move|p2b: Rotom|Overheat|p1a: Sneasler
|-crit|p1a: Sneasler
|-enditem|p1a: Sneasler|Focus Sash
|-damage|p1a: Sneasler|1/100
|-unboost|p2b: Rotom|spa|2
|move|p1a: Sneasler|Poison Jab|p2a: Annihilape
|-resisted|p2a: Annihilape|1
|-damage|p2a: Annihilape|85/100
|move|p1b: Dragonite|Dragon Claw|p2b: Rotom
|-damage|p2b: Rotom|25/100
|-damage|p1b: Dragonite|59/100|[from] item: Life Orb
|
|upkeep
|turn|3
|
|t:|1785004045
|move|p1b: Dragonite|Extreme Speed|p2b: Rotom
|-damage|p2b: Rotom|0 fnt
|faint|p2b: Rotom
|-damage|p1b: Dragonite|50/100g|[from] item: Life Orb
|move|p1a: Sneasler|Poison Jab|p2a: Annihilape
|-resisted|p2a: Annihilape|1
|-damage|p2a: Annihilape|68/100
|move|p2a: Annihilape|Rock Tomb|p1b: Dragonite
|-supereffective|p1b: Dragonite|1
|-damage|p1b: Dragonite|15/100
|-unboost|p1b: Dragonite|spe|1
|
|upkeep
|
|t:|1785004052
|switch|p2b: Garchomp|Garchomp, L50, F|100/100
|turn|4
|
|t:|1785004058
|move|p2b: Garchomp|Protect|p2b: Garchomp
|-singleturn|p2b: Garchomp|Protect
|move|p1b: Dragonite|Protect|p1b: Dragonite
|-singleturn|p1b: Dragonite|Protect
|move|p1a: Sneasler|Close Combat|p2b: Garchomp
|-activate|p2b: Garchomp|move: Protect
|move|p2a: Annihilape|Phantom Force||[still]
|-prepare|p2a: Annihilape|Phantom Force
|
|upkeep
|turn|5
|
|t:|1785004070
|move|p1b: Dragonite|Extreme Speed|p2b: Garchomp
|-damage|p2b: Garchomp|61/100
|-damage|p1b: Dragonite|3/100|[from] ability: Rough Skin|[of] p2b: Garchomp
|-damage|p1b: Dragonite|0 fnt|[from] item: Life Orb
|faint|p1b: Dragonite
|move|p1a: Sneasler|Close Combat|p2b: Garchomp
|-damage|p2b: Garchomp|15/100
|-unboost|p1a: Sneasler|def|1
|-unboost|p1a: Sneasler|spd|1
|-damage|p1a: Sneasler|0 fnt|[from] ability: Rough Skin|[of] p2b: Garchomp
|faint|p1a: Sneasler
|move|p2b: Garchomp|Rock Slide|p1: Sneasler|[notarget]
|-fail|p2b: Garchomp
|move|p2a: Annihilape|Phantom Force|p1: Sneasler|[from] lockedmove|[notarget]
|-fail|p2a: Annihilape
|
|upkeep
|
|t:|1785004073
|switch|p1a: Kingambit|Kingambit, L50, M, shiny|100/100
|switch|p1b: Froslass|Froslass, L50, F, shiny|100/100
|turn|6
|
|t:|1785004084
|detailschange|p1b: Froslass|Froslass-Mega, L50, F, shiny
|-mega|p1b: Froslass|Froslass|Froslassite
|-weather|Snowscape|[from] ability: Snow Warning|[of] p1b: Froslass
|move|p2a: Annihilape|Protect|p2a: Annihilape
|-singleturn|p2a: Annihilape|Protect
|move|p1a: Kingambit|Sucker Punch|p2b: Garchomp
|-damage|p2b: Garchomp|0 fnt
|-damage|p1a: Kingambit|87/100|[from] ability: Rough Skin|[of] p2b: Garchomp
|faint|p2b: Garchomp
|move|p1b: Froslass|Shadow Ball|p2a: Annihilape
|-activate|p2a: Annihilape|move: Protect
|
|-weather|Snowscape|[upkeep]
|upkeep
|
|t:|1785004086
|switch|p2b: Gyarados|Gyarados, L50, M|76/100 psn
|-ability|p2b: Gyarados|Intimidate|boost
|-unboost|p1a: Kingambit|atk|1
|-ability|p1a: Kingambit|Defiant|boost
|-boost|p1a: Kingambit|atk|2
|-unboost|p1b: Froslass|atk|1
|turn|7
|
|t:|1785004099
|detailschange|p2b: Gyarados|Gyarados-Mega, L50, M
|-mega|p2b: Gyarados|Gyarados|Gyaradosite
|-ability|p2b: Gyarados|Mold Breaker
|move|p1b: Froslass|Shadow Ball|p2a: Annihilape
|-supereffective|p2a: Annihilape|1
|-damage|p2a: Annihilape|0 fnt
|faint|p2a: Annihilape
|move|p2b: Gyarados|Dragon Dance|p2b: Gyarados
|-boost|p2b: Gyarados|atk|1
|-boost|p2b: Gyarados|spe|1
|move|p1a: Kingambit|Kowtow Cleave|p2b: Gyarados
|-resisted|p2b: Gyarados|1
|-crit|p2b: Gyarados
|-damage|p2b: Gyarados|6/100 psn
|
|-weather|Snowscape|[upkeep]
|-damage|p2b: Gyarados|0 fnt|[from] psn
|faint|p2b: Gyarados
|
|win|icemonggs
|raw|icemonggs's rating: 1123 → 1156(+33 for winning)
|raw|parmesanlugubre206's rating: 1246 → 1213(-33 for losing)
|l|☆parmesanlugubre206
|player|p2|
