|j|☆R1xohBilbao
|j|☆UndeadParadox
|html|R1xohBilbaoUndeadParadox    
|uhtml|bestof|Game 2 of a best-of-3
|t:|1756874318
|gametype|doubles
|player|p1|R1xohBilbao|2|1184
|player|p2|UndeadParadox|guitarist|1301
|gen|9
|tier|[Gen 9] VGC 2025 Reg H (Bo3)
|rated|
|rule|Species Clause: Limit one of each Pokémon
|rule|Item Clause: Limit 1 of each item
|clearpoke
|poke|p1|Talonflame, L50, F|
|poke|p1|Ninetales-Alola, L50, F|
|poke|p1|Garchomp, L50, F|
|poke|p1|Annihilape, L50, F|
|poke|p1|Maushold-Four, L50|
|poke|p1|Milotic, L50, F|
|poke|p2|Sneasler, L50, F|
|poke|p2|Rillaboom, L50, M|
|poke|p2|Incineroar, L50, M|
|poke|p2|Gholdengo, L50|
|poke|p2|Hydreigon, L50, M|
|poke|p2|Gengar, L50, F|
|teampreview|4
|showteam|p1|Talonflame||CovertCloak|GaleWings|BraveBird,Tailwind,WillOWisp,Taunt|||F|||50|,,,,,Ghost]Ninetales-Alola||SafetyGoggles|SnowWarning|Blizzard,FreezeDry,Encore,Protect|||F|||50|,,,,,Fire]Garchomp||LifeOrb|RoughSkin|StompingTantrum,Earthquake,DragonClaw,Protect|||F|||50|,,,,,Steel]Annihilape||AssaultVest|Defiant|CloseCombat,RageFist,GunkShot,DrainPunch|||F|||50|,,,,,Fire]Maushold-Four||WideLens|Technician|BeatUp,FollowMe,PopulationBomb,Protect||||||50|,,,,,Normal]Milotic||SitrusBerry|Competitive|Scald,IceBeam,Haze,Protect|||F|||50|,,,,,Water
|showteam|p2|Sneasler||GrassySeed|Unburden|CloseCombat,DireClaw,Acrobatics,Protect|||F|||50|,,,,,Flying]Rillaboom||AssaultVest|GrassySurge|WoodHammer,GrassyGlide,FakeOut,HighHorsepower|||M|||50|,,,,,Fire]Incineroar||SafetyGoggles|Intimidate|FlareBlitz,KnockOff,PartingShot,FakeOut|||M|||50|,,,,,Ghost]Gholdengo||MetalCoat|GoodasGold|Protect,MakeItRain,ShadowBall,NastyPlot||||||50|,,,,,Water]Hydreigon||LifeOrb|Levitate|Flamethrower,DracoMeteor,DarkPulse,Protect|||M|||50|,,,,,Fire]Gengar||FocusSash|CursedBody|ShadowBall,Haze,Taunt,IcyWind|||F|||50|,,,,,Ghost
|inactive|Battle timer is ON: inactive players will automatically lose when time's up. (requested by R1xohBilbao)
|
|t:|1756874341
|teamsize|p1|4
|teamsize|p2|4
|start
|switch|p1a: Talonflame|Talonflame, L50, F|100/100
|switch|p1b: Garchomp|Garchomp, L50, F|100/100
|switch|p2a: Incineroar|Incineroar, L50, M, shiny|100/100
|switch|p2b: Gholdengo|Gholdengo, L50, shiny|100/100
|-ability|p2a: Incineroar|Intimidate|boost
|-unboost|p1a: Talonflame|atk|1
|-unboost|p1b: Garchomp|atk|1
|turn|1
|
|t:|1756874357
|switch|p1b: Annihilape|Annihilape, L50, F|100/100
|move|p2a: Incineroar|Fake Out|p1b: Annihilape
|-immune|p1b: Annihilape
|move|p1a: Talonflame|Taunt|p2a: Incineroar
|-start|p2a: Incineroar|move: Taunt
|move|p2b: Gholdengo|Nasty Plot|p2b: Gholdengo
|-boost|p2b: Gholdengo|spa|2
|
|upkeep
|turn|2
|inactive|R1xohBilbao has 30 seconds left.
|inactive|UndeadParadox has 30 seconds left.
|inactive|R1xohBilbao has 20 seconds left.
|inactive|UndeadParadox has 20 seconds left.
|inactive|UndeadParadox has 15 seconds left.
|inactive|R1xohBilbao has 15 seconds left.
|inactive|R1xohBilbao has 10 seconds left.
|inactive|R1xohBilbao has 5 seconds left.
|
|t:|1756874416
|-terastallize|p1b: Annihilape|Fire
|move|p2b: Gholdengo|Protect|p2b: Gholdengo
|-singleturn|p2b: Gholdengo|Protect
|move|p1a: Talonflame|Tailwind|p1a: Talonflame
|-sidestart|p1: R1xohBilbao|move: Tailwind
|move|p1b: Annihilape|Drain Punch|p2a: Incineroar
|-supereffective|p2a: Incineroar
|-damage|p2a: Incineroar|37/100
|move|p2a: Incineroar|Knock Off|p1b: Annihilape
|-damage|p1b: Annihilape|53/100
|-enditem|p1b: Annihilape|Assault Vest|[from] move: Knock Off|[of] p2a: Incineroar
|
|upkeep
|turn|3
|
|t:|1756874435
|switch|p2a: Rillaboom|Rillaboom, L50, M|100/100
|-fieldstart|move: Grassy Terrain|[from] ability: Grassy Surge|[of] p2a: Rillaboom
|-terastallize|p2b: Gholdengo|Water
|move|p1a: Talonflame|Brave Bird|p2b: Gholdengo
|-damage|p2b: Gholdengo|66/100
|-damage|p1a: Talonflame|88/100|[from] Recoil
|move|p1b: Annihilape|Close Combat|p2b: Gholdengo
|-damage|p2b: Gholdengo|2/100
|-unboost|p1b: Annihilape|def|1
|-unboost|p1b: Annihilape|spd|1
|move|p2b: Gholdengo|Shadow Ball|p1b: Annihilape
|-damage|p1b: Annihilape|0 fnt
|faint|p1b: Annihilape
|
|-heal|p2b: Gholdengo|8/100|[from] Grassy Terrain
|upkeep
|
|t:|1756874454
|switch|p1b: Maushold|Maushold-Four, L50|100/100
|turn|4
|
|t:|1756874461
|switch|p2a: Incineroar|Incineroar, L50, M, shiny|37/100
|-ability|p2a: Incineroar|Intimidate|boost
|-unboost|p1a: Talonflame|atk|1
|-unboost|p1b: Maushold|atk|1
|move|p2b: Gholdengo|Protect|p2b: Gholdengo
|-singleturn|p2b: Gholdengo|Protect
|move|p1a: Talonflame|Brave Bird|p2b: Gholdengo
|-activate|p2b: Gholdengo|move: Protect
|move|p1b: Maushold|Population Bomb|p2a: Incineroar
|-damage|p2a: Incineroar|29/100
|-damage|p2a: Incineroar|22/100
|-damage|p2a: Incineroar|14/100
|-damage|p2a: Incineroar|7/100
|-damage|p2a: Incineroar|0 fnt
|faint|p2a: Incineroar
|-hitcount|p2: Incineroar|5
|
|-heal|p2b: Gholdengo|14/100|[from] Grassy Terrain
|upkeep
|
|t:|1756874472
|switch|p2a: Sneasler|Sneasler, L50, F, shiny|100/100
|-enditem|p2a: Sneasler|Grassy Seed
|-boost|p2a: Sneasler|def|1|[from] item: Grassy Seed
|turn|5
|inactive|UndeadParadox has 30 seconds left.
|
|t:|1756874501
|move|p1a: Talonflame|Brave Bird|p2a: Sneasler
|-supereffective|p2a: Sneasler
|-damage|p2a: Sneasler|49/100
|-damage|p1a: Talonflame|72/100|[from] Recoil
|move|p1b: Maushold|Population Bomb|p2b: Gholdengo
|-damage|p2b: Gholdengo|5/100
|-damage|p2b: Gholdengo|0 fnt
|faint|p2b: Gholdengo
|-hitcount|p2: Gholdengo|2
|move|p2a: Sneasler|Close Combat|p1b: Maushold
|-supereffective|p1b: Maushold
|-damage|p1b: Maushold|0 fnt
|-unboost|p2a: Sneasler|def|1
|-unboost|p2a: Sneasler|spd|1
|faint|p1b: Maushold
|
|-heal|p2a: Sneasler|55/100|[from] Grassy Terrain
|-sideend|p1: R1xohBilbao|move: Tailwind
|upkeep
|
|t:|1756874509
|switch|p1b: Garchomp|Garchomp, L50, F|100/100
|switch|p2b: Rillaboom|Rillaboom, L50, M|100/100
|turn|6
|
|t:|1756874529
|move|p2b: Rillaboom|Fake Out|p1b: Garchomp
|-damage|p1b: Garchomp|87/100
|-damage|p2b: Rillaboom|88/100|[from] ability: Rough Skin|[of] p1b: Garchomp
|move|p2a: Sneasler|Dire Claw|p1a: Talonflame
|-damage|p1a: Talonflame|0 fnt
|faint|p1a: Talonflame
|cant|p1b: Garchomp|flinch
|
|-heal|p2a: Sneasler|61/100|[from] Grassy Terrain
|-heal|p1b: Garchomp|93/100|[from] Grassy Terrain
|-heal|p2b: Rillaboom|94/100|[from] Grassy Terrain
|upkeep
|turn|7
|
|t:|1756874542
|move|p2a: Sneasler|Protect|p2a: Sneasler
|-singleturn|p2a: Sneasler|Protect
|move|p1b: Garchomp|Stomping Tantrum|p2a: Sneasler
|-activate|p2a: Sneasler|move: Protect
|move|p2b: Rillaboom|Wood Hammer|p1b: Garchomp
|-damage|p1b: Garchomp|17/100
|-damage|p2b: Rillaboom|82/100|[from] ability: Rough Skin|[of] p1b: Garchomp
|-damage|p2b: Rillaboom|58/100|[from] Recoil
|
|-heal|p2a: Sneasler|67/100|[from] Grassy Terrain
|-heal|p1b: Garchomp|23/100|[from] Grassy Terrain
|-heal|p2b: Rillaboom|64/100|[from] Grassy Terrain
|-fieldend|move: Grassy Terrain
|upkeep
|turn|8
|-message|R1xohBilbao forfeited.
|
|win|UndeadParadox
|raw|R1xohBilbao's rating: 1184 → 1167(-17 for losing)
|raw|UndeadParadox's rating: 1301 → 1315(+14 for winning)
|l|☆R1xohBilbao
|player|p1|
