|j|☆haliksobrangdiin
|j|☆firetruckfire
|html|haliksobrangdiinfiretruckfire    
|uhtml|bestof|Game 1 of a best-of-3
|t:|1785422376
|gametype|doubles
|player|p1|haliksobrangdiin|101|
|player|p2|firetruckfire|striker|
|gen|9
|tier|[Gen 9 Champions] VGC 2026 Reg M-B (Bo3)
|rule|Species Clause: Limit one of each Pokémon
|rule|Item Clause: Limit 1 of each item
|clearpoke
|poke|p1|Camerupt, L50, M, shiny|
|poke|p1|Blastoise, L50, F|
|poke|p1|Farigiraf, L50, F|
|poke|p1|Vanilluxe, L50, F|
|poke|p1|Staraptor, L50, F|
|poke|p1|Kingambit, L50, F|
|poke|p2|Kangaskhan, L50, F|
|poke|p2|Sneasler, L50, M|
|poke|p2|Chandelure, L50, F|
|poke|p2|Whimsicott, L50, M|
|poke|p2|Basculegion, L50, M|
|poke|p2|Torkoal, L50, M|
|teampreview|4
|showteam|p1|Camerupt||Cameruptite|MagmaArmor|HeatWave,EarthPower,AncientPower,Protect|Quiet||M|||50|]Blastoise||Blastoisinite|Torrent|WaterSpout,DarkPulse,FakeOut,AuraSphere|Quiet||F|||50|]Farigiraf||ColburBerry|ArmorTail|TrickRoom,Roar,TwinBeam,HelpingHand|Bold||F|||50|]Vanilluxe||NeverMeltIce|SnowWarning|Blizzard,FreezeDry,Protect,IceBeam|Quiet||F|||50|]Staraptor||ChoiceScarf|Intimidate|FinalGambit,BraveBird,CloseCombat,Uturn|Jolly||F|||50|]Kingambit||FocusSash|Defiant|KowtowCleave,SuckerPunch,IronHead,Protect|Adamant||F|||50|
|showteam|p2|Kangaskhan||SilkScarf|Scrappy|FakeOut,LastResort|Adamant||F|||50|]Sneasler||WhiteHerb|Unburden|DireClaw,FakeOut,CloseCombat,Protect|Adamant||M|||50|]Chandelure||Chandelurite|FlashFire|HeatWave,TrickRoom,Protect,ShadowBall|Modest||F|||50|]Whimsicott||FocusSash|Prankster|Tailwind,Moonblast,Protect,Encore|Timid||M|||50|]Basculegion||ChoiceScarf|Adaptability|WaveCrash,AquaJet,LastRespects,FlipTurn|Jolly||M|||50|]Torkoal||Charcoal|Drought|Eruption,Protect,HelpingHand,WeatherBall|Quiet||M|||50|
|
|t:|1785422416
|teamsize|p1|4
|teamsize|p2|4
|start
|switch|p1a: Staraptor|Staraptor, L50, F|100/100
|switch|p1b: Kingambit|Kingambit, L50, F|100/100
|switch|p2a: Basculegion|Basculegion, L50, M|100/100
|switch|p2b: Whimsicott|Whimsicott, L50, M|100/100
|-ability|p1a: Staraptor|Intimidate|boost
|-unboost|p2a: Basculegion|atk|1
|-unboost|p2b: Whimsicott|atk|1
|turn|1
|
|t:|1785422441
|move|p2b: Whimsicott|Tailwind|p2b: Whimsicott
|-sidestart|p2: firetruckfire|move: Tailwind
|move|p1b: Kingambit|Sucker Punch|p2a: Basculegion
|-supereffective|p2a: Basculegion|1
|-damage|p2a: Basculegion|0 fnt
|faint|p2a: Basculegion
|move|p1a: Staraptor|U-turn|p2b: Whimsicott
|-damage|p2b: Whimsicott|70/100
|
|t:|1785422448
|switch|p1a: Farigiraf|Farigiraf, L50, F|100/100|[from] U-turn
|
|upkeep
|
|t:|1785422456
|switch|p2a: Chandelure|Chandelure, L50, F|100/100
|turn|2
|
|t:|1785422483
|detailschange|p2a: Chandelure|Chandelure-Mega, L50, F
|-mega|p2a: Chandelure|Chandelure|Chandelurite
|move|p1a: Farigiraf|Helping Hand|p1b: Kingambit
|-singleturn|p1b: Kingambit|Helping Hand|[of] p1a: Farigiraf
|move|p2a: Chandelure|Protect|p2a: Chandelure
|-singleturn|p2a: Chandelure|Protect
|move|p1b: Kingambit|Sucker Punch||[still]
|-fail|p1b: Kingambit
|move|p2b: Whimsicott|Moonblast|p1b: Kingambit
|-damage|p1b: Kingambit|66/100
|
|upkeep
|turn|3
|
|t:|1785422508
|move|p2b: Whimsicott|Moonblast|p1a: Farigiraf
|-damage|p1a: Farigiraf|64/100
|move|p2a: Chandelure|Heat Wave|p1b: Kingambit|[spread] p1a,p1b
|-supereffective|p1b: Kingambit|1
|-damage|p1a: Farigiraf|20/100r
|-damage|p1b: Kingambit|0 fnt
|faint|p1b: Kingambit
|move|p1a: Farigiraf|Trick Room|p1a: Farigiraf
|-fieldstart|move: Trick Room|[of] p1a: Farigiraf
|
|upkeep
|
|t:|1785422516
|switch|p1b: Camerupt|Camerupt, L50, M, shiny|100/100
|turn|4
|
|t:|1785422533
|detailschange|p1b: Camerupt|Camerupt-Mega, L50, M, shiny
|-mega|p1b: Camerupt|Camerupt|Cameruptite
|move|p1a: Farigiraf|Helping Hand|p1b: Camerupt
|-singleturn|p1b: Camerupt|Helping Hand|[of] p1a: Farigiraf
|move|p1b: Camerupt|Earth Power|p2a: Chandelure
|-supereffective|p2a: Chandelure|1
|-damage|p2a: Chandelure|0 fnt
|faint|p2a: Chandelure
|move|p2b: Whimsicott|Moonblast|p1a: Farigiraf
|-damage|p1a: Farigiraf|0 fnt
|faint|p1a: Farigiraf
|
|-sideend|p2: firetruckfire|move: Tailwind
|upkeep
|
|t:|1785422545
|switch|p1a: Staraptor|Staraptor, L50, F|100/100
|switch|p2a: Kangaskhan|Kangaskhan, L50, F|100/100
|-ability|p1a: Staraptor|Intimidate|boost
|-fail|p2a: Kangaskhan|unboost|Attack|[from] ability: Scrappy|[of] p2a: Kangaskhan
|-unboost|p2b: Whimsicott|atk|1
|turn|5
|
|t:|1785422574
|move|p2a: Kangaskhan|Fake Out|p1b: Camerupt
|-damage|p1b: Camerupt|77/100
|cant|p1b: Camerupt|flinch
|move|p2b: Whimsicott|Moonblast|p1b: Camerupt
|-resisted|p1b: Camerupt|1
|-damage|p1b: Camerupt|60/100
|move|p1a: Staraptor|Close Combat|p2a: Kangaskhan
|-supereffective|p2a: Kangaskhan|1
|-damage|p2a: Kangaskhan|36/100
|-unboost|p1a: Staraptor|def|1
|-unboost|p1a: Staraptor|spd|1
|
|upkeep
|turn|6
|
|t:|1785422595
|move|p1b: Camerupt|Heat Wave|p2a: Kangaskhan|[spread] p2a,p2b
|-supereffective|p2b: Whimsicott|1
|-damage|p2a: Kangaskhan|0 fnt
|-damage|p2b: Whimsicott|0 fnt
|faint|p2a: Kangaskhan
|faint|p2b: Whimsicott
|
|win|haliksobrangdiin
|inactive|haliksobrangdiin has 30 seconds to confirm battle start!
|inactive|firetruckfire has 30 seconds to confirm battle start!
|inactive|haliksobrangdiin has 20 seconds to confirm battle start!
|inactive|firetruckfire has 20 seconds to confirm battle start!
|l|☆firetruckfire
|player|p2|
|inactive|haliksobrangdiin has 10 seconds to confirm battle start!
|inactive|firetruckfire has 10 seconds to confirm battle start!
