|j|☆Kyooby
|j|☆Nearshort
|html|KyoobyNearshort    
|uhtml|bestof|Game 1 of a best-of-3
|t:|1757674347
|gametype|doubles
|player|p1|Kyooby|volkner|1108
|player|p2|Nearshort|birdkeeper-gen4dp|1155
|gen|9
|tier|[Gen 9] VGC 2025 Reg H (Bo3)
|rated|
|rule|Species Clause: Limit one of each Pokémon
|rule|Item Clause: Limit 1 of each item
|clearpoke
|poke|p1|Sinistcha, L50|
|poke|p1|Archaludon, L50, M|
|poke|p1|Pelipper, L50, M|
|poke|p1|Basculegion, L50, M|
|poke|p1|Hydreigon, L50, M|
|poke|p1|Electrode-Hisui, L50|
|poke|p2|Tyranitar, L50, M|
|poke|p2|Orthworm, L50, F|
|poke|p2|Excadrill, L50, M|
|poke|p2|Amoonguss, L50, M|
|poke|p2|Indeedee-F, L50, F|
|poke|p2|Armarouge, L50, M|
|teampreview|4
|showteam|p1|Sinistcha||SitrusBerry|Hospitality|MatchaGotcha,StrengthSap,RagePowder,TrickRoom||||||50|,,,,,Fire]Archaludon||AssaultVest|Stamina|DragonPulse,FlashCannon,ElectroShot,BodyPress|||M|||50|,,,,,Bug]Pelipper||FocusSash|Drizzle|WeatherBall,Hurricane,Tailwind,Protect|||M|||50|,,,,,Stellar]Basculegion||LifeOrb|SwiftSwim|WaveCrash,LastRespects,AquaJet,Protect|||M|||50|,,,,,Grass]Hydreigon||ScopeLens|Levitate|DracoMeteor,DarkPulse,FocusEnergy,Protect|||M|||50|,,,,,Steel]Electrode-Hisui||LoadedDice|Soundproof|BulletSeed,Electroweb,Taunt,RainDance||||||50|,,,,,Ghost
|showteam|p2|Tyranitar||AssaultVest|SandStream|RockSlide,LowKick,TeraBlast,KnockOff|||M|||50|,,,,,Flying]Orthworm||SitrusBerry|EarthEater|ShedTail,RockBlast,HelpingHand,Protect|||F|||50|,,,,,Poison]Excadrill||ChoiceScarf|SandForce|Earthquake,RockSlide,ShadowClaw,IronHead|||M|||50|,,,,,Ground]Amoonguss||RockyHelmet|Regenerator|RagePowder,Protect,ClearSmog,Spore|||M|||50|,,,,,Water]Indeedee-F||SafetyGoggles|PsychicSurge|FollowMe,Psychic,Protect,TrickRoom|||F|||50|,,,,,Fairy]Armarouge||PowerHerb|WeakArmor|ExpandingForce,HeatWave,Protect,MeteorBeam|||M|||50|,,,,,Grass
|inactive|Battle timer is ON: inactive players will automatically lose when time's up. (requested by Kyooby)
|inactive|Kyooby has 60 seconds left.
|inactive|Nearshort has 60 seconds left.
|
|t:|1757674383
|teamsize|p1|4
|teamsize|p2|4
|start
|switch|p1a: Electrode|Electrode-Hisui, L50, shiny|100/100
|switch|p1b: Hydreigon|Hydreigon, L50, M|100/100
|switch|p2a: Indeedee|Indeedee-F, L50, F|100/100
|switch|p2b: Orthworm|Orthworm, L50, F|100/100
|-fieldstart|move: Psychic Terrain|[from] ability: Psychic Surge|[of] p2a: Indeedee
|turn|1
|
|t:|1757674405
|move|p2a: Indeedee|Follow Me|p2a: Indeedee
|-singleturn|p2a: Indeedee|move: Follow Me
|move|p1a: Electrode|Taunt|p2a: Indeedee
|-start|p2a: Indeedee|move: Taunt
|move|p1b: Hydreigon|Focus Energy|p1b: Hydreigon
|-start|p1b: Hydreigon|move: Focus Energy
|move|p2b: Orthworm|Shed Tail|p2b: Orthworm
|-start|p2b: Orthworm|Substitute|[from] move: Shed Tail
|-damage|p2b: Orthworm|50/100
|-enditem|p2b: Orthworm|Sitrus Berry|[eat]
|-heal|p2b: Orthworm|75/100|[from] item: Sitrus Berry
|
|t:|1757674412
|switch|p2b: Armarouge|Armarouge, L50, M|100/100|[from] Shed Tail
|
|upkeep
|turn|2
|inactive|Kyooby has 30 seconds left.
|inactive|Nearshort has 30 seconds left.
|inactive|Nearshort has 20 seconds left.
|inactive|Nearshort has 15 seconds left.
|
|t:|1757674452
|switch|p2a: Tyranitar|Tyranitar, L50, M|100/100
|-weather|Sandstorm|[from] ability: Sand Stream|[of] p2a: Tyranitar
|move|p1b: Hydreigon|Protect|p1b: Hydreigon
|-singleturn|p1b: Hydreigon|Protect
|move|p2b: Armarouge|Protect|p2b: Armarouge
|-singleturn|p2b: Armarouge|Protect
|move|p1a: Electrode|Electroweb|p2a: Tyranitar|[spread] p2a
|-activate|p2b: Armarouge|move: Protect
|-damage|p2a: Tyranitar|96/100
|-unboost|p2a: Tyranitar|spe|1
|
|-weather|Sandstorm|[upkeep]
|-damage|p1a: Electrode|95/100|[from] Sandstorm
|-damage|p1b: Hydreigon|94/100|[from] Sandstorm
|-damage|p2b: Armarouge|94/100|[from] Sandstorm
|upkeep
|turn|3
|inactive|Kyooby has 30 seconds left.
|inactive|Kyooby has 20 seconds left.
|inactive|Nearshort has 30 seconds left.
|inactive|Kyooby has 15 seconds left.
|inactive|Kyooby has 10 seconds left.
|inactive|Nearshort has 20 seconds left.
|inactive|Kyooby has 5 seconds left.
|inactive|Nearshort has 15 seconds left.
|
|t:|1757674505
|-terastallize|p2b: Armarouge|Grass
|move|p1a: Electrode|Electroweb|p2b: Armarouge|[spread] p2a,p2b
|-resisted|p2b: Armarouge
|-activate|p2b: Armarouge|move: Substitute|[damage]
|-damage|p2a: Tyranitar|91/100
|-unboost|p2a: Tyranitar|spe|1
|move|p1b: Hydreigon|Draco Meteor|p2b: Armarouge
|-crit|p2b: Armarouge
|-end|p2b: Armarouge|Substitute
|-unboost|p1b: Hydreigon|spa|2
|move|p2b: Armarouge|Meteor Beam||[still]
|-prepare|p2b: Armarouge|Meteor Beam
|-boost|p2b: Armarouge|spa|1
|-enditem|p2b: Armarouge|Power Herb
|-anim|p2b: Armarouge|Meteor Beam|p1b: Hydreigon
|-damage|p1b: Hydreigon|27/100
|move|p2a: Tyranitar|Low Kick|p1b: Hydreigon
|-supereffective|p1b: Hydreigon
|-damage|p1b: Hydreigon|0 fnt
|faint|p1b: Hydreigon
|
|-weather|Sandstorm|[upkeep]
|-damage|p1a: Electrode|89/100|[from] Sandstorm
|-damage|p2b: Armarouge|88/100|[from] Sandstorm
|upkeep
|inactive|Kyooby has 30 seconds left.
|inactive|Kyooby has 20 seconds left.
|inactive|Kyooby has 15 seconds left.
|inactive|Kyooby has 10 seconds left.
|inactive|Kyooby has 5 seconds left.
|
|t:|1757674560
|switch|p1b: Pelipper|Pelipper, L50, M|100/100
|-weather|RainDance|[from] ability: Drizzle|[of] p1b: Pelipper
|turn|4
|
|t:|1757674584
|switch|p2a: Indeedee|Indeedee-F, L50, F|100/100
|move|p2b: Armarouge|Protect|p2b: Armarouge
|-singleturn|p2b: Armarouge|Protect
|move|p1a: Electrode|Rain Dance||[still]
|-fail|p1a: Electrode
|move|p1b: Pelipper|Weather Ball|p2a: Indeedee
|-damage|p2a: Indeedee|29/100
|
|-weather|RainDance|[upkeep]
|upkeep
|turn|5
|
|t:|1757674601
|move|p2a: Indeedee|Follow Me|p2a: Indeedee
|-singleturn|p2a: Indeedee|move: Follow Me
|move|p1a: Electrode|Rain Dance||[still]
|-fail|p1a: Electrode
|move|p2b: Armarouge|Expanding Force|p1a: Electrode|[spread] p1a,p1b
|-damage|p1a: Electrode|0 fnt
|-enditem|p1b: Pelipper|Focus Sash
|-damage|p1b: Pelipper|1/100
|faint|p1a: Electrode
|move|p1b: Pelipper|Hurricane|p2a: Indeedee
|-crit|p2a: Indeedee
|-damage|p2a: Indeedee|0 fnt
|faint|p2a: Indeedee
|
|-weather|RainDance|[upkeep]
|-fieldend|move: Psychic Terrain
|upkeep
|inactive|Kyooby has 30 seconds left.
|inactive|Kyooby has 20 seconds left.
|
|t:|1757674637
|switch|p1a: Archaludon|Archaludon, L50, M|100/100
|switch|p2a: Tyranitar|Tyranitar, L50, M|91/100
|-weather|Sandstorm|[from] ability: Sand Stream|[of] p2a: Tyranitar
|turn|6
|inactive|Nearshort has 30 seconds left.
|
|t:|1757674667
|switch|p2a: Orthworm|Orthworm, L50, F|75/100
|move|p2b: Armarouge|Protect|p2b: Armarouge
|-singleturn|p2b: Armarouge|Protect
|move|p1b: Pelipper|Tailwind|p1b: Pelipper
|-sidestart|p1: Kyooby|move: Tailwind
|move|p1a: Archaludon|Body Press|p2a: Orthworm
|-supereffective|p2a: Orthworm
|-damage|p2a: Orthworm|38/100
|
|-weather|Sandstorm|[upkeep]
|-damage|p1b: Pelipper|0 fnt|[from] Sandstorm
|-damage|p2b: Armarouge|82/100|[from] Sandstorm
|faint|p1b: Pelipper
|upkeep
|turn|7
|inactive|Kyooby has 30 seconds left.
|inactive|Kyooby has 20 seconds left.
|inactive|Kyooby has 15 seconds left.
|inactive|Kyooby has 10 seconds left.
|inactive|Kyooby has 5 seconds left.
|
|t:|1757674722
|move|p2a: Orthworm|Helping Hand|p2b: Armarouge
|-singleturn|p2b: Armarouge|Helping Hand|[of] p2a: Orthworm
|move|p1a: Archaludon|Dragon Pulse|p2a: Orthworm
|-resisted|p2a: Orthworm
|-damage|p2a: Orthworm|14/100
|move|p2b: Armarouge|Heat Wave|p1a: Archaludon
|-damage|p1a: Archaludon|32/100
|-ability|p1a: Archaludon|Stamina|boost
|-boost|p1a: Archaludon|def|1
|
|-weather|Sandstorm|[upkeep]
|-damage|p2b: Armarouge|75/100|[from] Sandstorm
|upkeep
|turn|8
|inactive|Kyooby has 30 seconds left.
|
|t:|1757674750
|move|p2a: Orthworm|Helping Hand|p2b: Armarouge
|-singleturn|p2b: Armarouge|Helping Hand|[of] p2a: Orthworm
|move|p1a: Archaludon|Dragon Pulse|p2b: Armarouge
|-damage|p2b: Armarouge|25/100
|move|p2b: Armarouge|Heat Wave|p1a: Archaludon
|-damage|p1a: Archaludon|0 fnt
|faint|p1a: Archaludon
|
|win|Nearshort
||Kyooby is ready for game 2.
||Nearshort is ready for game 2.
|uhtml|next|Next: Game 2 of 3
