|j|☆kolten
|j|☆Bananabread1398
|html|koltenBananabread1398    
|uhtml|bestof|Game 1 of a best-of-3
|t:|1783879159
|gametype|doubles
|player|p1|kolten|101|
|player|p2|Bananabread1398|102|
|gen|9
|tier|[Gen 9 Champions] VGC 2026 Reg M-B (Bo3)
|rule|Species Clause: Limit one of each Pokémon
|rule|Item Clause: Limit 1 of each item
|clearpoke
|poke|p1|Farigiraf, L50, M|
|poke|p1|Scovillain, L50, F|
|poke|p1|Torkoal, L50, F, shiny|
|poke|p1|Vileplume, L50, M|
|poke|p1|Mamoswine, L50, M|
|poke|p1|Samurott-Hisui, L50, M|
|poke|p2|Audino, L50, F, shiny|
|poke|p2|Whimsicott, L50, M, shiny|
|poke|p2|Basculegion, L50, M, shiny|
|poke|p2|Raichu, L50, F, shiny|
|poke|p2|Empoleon, L50, M, shiny|
|poke|p2|Lopunny, L50, F, shiny|
|teampreview|4
|showteam|p1|Farigiraf||Leftovers|ArmorTail|Psychic,TrickRoom,HelpingHand,Thunderbolt|Relaxed||M|||50|]Scovillain||Scovillainite|Moody|RagePowder,GigaDrain,Flamethrower,Protect|Relaxed||F|||50|]Torkoal||Charcoal|Drought|Eruption,Protect,HeatWave,EarthPower|Modest||F|||50|]Vileplume||WideLens|EffectSpore|SolarBeam,SludgeBomb,Protect,SleepPowder|Modest||M|||50|]Mamoswine||LifeOrb|ThickFat|IceShard,Protect,IcicleCrash,Earthquake|Adamant||M|||50|]Samurott-Hisui||BlackGlasses|Sharpness|SacredSword,SuckerPunch,CeaselessEdge,Protect|Relaxed||M|||50|
|showteam|p2|Audino||MentalHerb|Regenerator|TrickRoom,SimpleBeam,LightScreen,DazzlingGleam|Sassy||F|||50|]Whimsicott||FocusSash|Prankster|LightScreen,Moonblast,Encore,Tailwind|Bold||M|||50|]Basculegion||LifeOrb|Adaptability|AquaJet,LastRespects,Protect,WaveCrash|Jolly||M|||50|]Raichu||RaichuniteY|Static|ZapCannon,FocusBlast,Protect,FakeOut|Hasty||F|||50|]Empoleon||ShucaBerry|Torrent|IceBeam,FlipTurn,Protect,AquaJet|Sassy||M|||50|]Lopunny||Lopunnite|CuteCharm|Facade,Protect,CloseCombat,TripleAxel|Hasty||F|||50|
|j| Fervvvvv
|j| PJG4487
|
|t:|1783879268
|teamsize|p1|4
|teamsize|p2|4
|start
|switch|p1a: Farigiraf|Farigiraf, L50, M|100/100
|switch|p1b: Scovillain|Scovillain, L50, F|100/100
|switch|p2a: Who?|Audino, L50, F, shiny|100/100
|switch|p2b: Cottonball|Whimsicott, L50, M, shiny|100/100
|turn|1
|
|t:|1783879283
|detailschange|p1b: Scovillain|Scovillain-Mega, L50, F
|-mega|p1b: Scovillain|Scovillain|Scovillainite
|move|p1b: Scovillain|Rage Powder|p1b: Scovillain
|-singleturn|p1b: Scovillain|move: Rage Powder
|move|p2b: Cottonball|Light Screen|p2b: Cottonball
|-sidestart|p2: Bananabread1398|move: Light Screen
|move|p2a: Who?|Simple Beam|p1b: Scovillain
|-ability|p1b: Scovillain|Simple|Spicy Spray|[from] move: Simple Beam
|move|p1a: Farigiraf|Trick Room|p1a: Farigiraf
|-fieldstart|move: Trick Room|[of] p1a: Farigiraf
|
|upkeep
|turn|2
|
|t:|1783879373
|move|p2b: Cottonball|Encore||[still]
|cant|p1a: Farigiraf|ability: Armor Tail|Encore|[of] p2b: Cottonball
|move|p2a: Who?|Dazzling Gleam|p1b: Scovillain|[spread] p1a,p1b
|-resisted|p1b: Scovillain|1
|-damage|p1a: Farigiraf|90/100
|-damage|p1b: Scovillain|94/100
|move|p1a: Farigiraf|Psychic|p2a: Who?
|-damage|p2a: Who?|84/100
|move|p1b: Scovillain|Flamethrower|p2b: Cottonball
|-supereffective|p2b: Cottonball|1
|-damage|p2b: Cottonball|27/100
|
|-heal|p1a: Farigiraf|96/100|[from] item: Leftovers
|upkeep
|turn|3
|
|t:|1783879417
|move|p2b: Cottonball|Tailwind|p2b: Cottonball
|-sidestart|p2: Bananabread1398|move: Tailwind
|move|p1a: Farigiraf|Thunderbolt|p2a: Who?
|-crit|p2a: Who?
|-damage|p2a: Who?|61/100
|-status|p2a: Who?|par
|move|p1b: Scovillain|Flamethrower|p2b: Cottonball
|-supereffective|p2b: Cottonball|1
|-damage|p2b: Cottonball|0 fnt
|faint|p2b: Cottonball
|cant|p2a: Who?|par
|
|-heal|p1a: Farigiraf|100/100|[from] item: Leftovers
|upkeep
|
|t:|1783879437
|switch|p2b: Fih|Basculegion, L50, M, shiny|100/100
|turn|4
|
|t:|1783879449
|move|p2b: Fih|Protect|p2b: Fih
|-singleturn|p2b: Fih|Protect
|move|p1b: Scovillain|Rage Powder|p1b: Scovillain
|-singleturn|p1b: Scovillain|move: Rage Powder
|move|p2a: Who?|Simple Beam||[still]
|-fail|p2a: Who?
|move|p1a: Farigiraf|Thunderbolt|p2b: Fih
|-activate|p2b: Fih|move: Protect
|
|upkeep
|turn|5
|
|t:|1783879479
|move|p1b: Scovillain|Rage Powder|p1b: Scovillain
|-singleturn|p1b: Scovillain|move: Rage Powder
|move|p2a: Who?|Dazzling Gleam|p1a: Farigiraf|[spread] p1a,p1b
|-resisted|p1b: Scovillain|1
|-damage|p1a: Farigiraf|88/100
|-damage|p1b: Scovillain|88/100
|move|p1a: Farigiraf|Thunderbolt|p2b: Fih
|-supereffective|p2b: Fih|1
|-damage|p2b: Fih|65/100
|-status|p2b: Fih|par
|move|p2b: Fih|Wave Crash|p1b: Scovillain
|-damage|p1b: Scovillain|3/100
|-damage|p2b: Fih|41/100 par|[from] Recoil
|-damage|p2b: Fih|31/100 par|[from] item: Life Orb
|
|-heal|p1a: Farigiraf|95/100|[from] item: Leftovers
|-sideend|p2: Bananabread1398|move: Light Screen
|-fieldend|move: Trick Room
|upkeep
|turn|6
|
|t:|1783879507
|move|p2b: Fih|Protect|p2b: Fih
|-singleturn|p2b: Fih|Protect
|move|p1b: Scovillain|Rage Powder|p1b: Scovillain
|-singleturn|p1b: Scovillain|move: Rage Powder
|move|p2a: Who?|Dazzling Gleam|p1a: Farigiraf|[spread] p1a,p1b
|-resisted|p1b: Scovillain|1
|-damage|p1a: Farigiraf|84/100
|-damage|p1b: Scovillain|0 fnt
|faint|p1b: Scovillain
|move|p1a: Farigiraf|Trick Room|p1a: Farigiraf
|-fieldstart|move: Trick Room|[of] p1a: Farigiraf
|
|-heal|p1a: Farigiraf|90/100|[from] item: Leftovers
|-sideend|p2: Bananabread1398|move: Tailwind
|upkeep
|
|t:|1783879527
|switch|p1b: Vileplume|Vileplume, L50, M|100/100
|turn|7
|
|t:|1783879553
|move|p2a: Who?|Simple Beam|p1a: Farigiraf
|-ability|p1a: Farigiraf|Simple|Armor Tail|[from] move: Simple Beam
|move|p1b: Vileplume|Sludge Bomb|p2a: Who?
|-damage|p2a: Who?|28/100 par
|move|p2b: Fih|Wave Crash|p1a: Farigiraf
|-damage|p1a: Farigiraf|25/100
|-damage|p2b: Fih|6/100 par|[from] Recoil
|-damage|p2b: Fih|0 fnt|[from] item: Life Orb
|faint|p2b: Fih
|move|p1a: Farigiraf|Thunderbolt|p2a: Who?
|-damage|p2a: Who?|11/100 par
|
|-heal|p1a: Farigiraf|31/100|[from] item: Leftovers
|upkeep
|
|t:|1783879569
|switch|p2b: Mommy|Lopunny, L50, F, shiny|100/100
|turn|8
|
|t:|1783879586
|detailschange|p2b: Mommy|Lopunny-Mega, L50, F, shiny
|-mega|p2b: Mommy|Lopunny|Lopunnite
|move|p2a: Who?|Light Screen|p2a: Who?
|-sidestart|p2: Bananabread1398|move: Light Screen
|move|p1b: Vileplume|Sleep Powder|p2b: Mommy
|-status|p2b: Mommy|slp|[from] move: Sleep Powder
|move|p1a: Farigiraf|Thunderbolt|p2a: Who?
|-damage|p2a: Who?|1/100 par
|cant|p2b: Mommy|slp
|
|-heal|p1a: Farigiraf|37/100|[from] item: Leftovers
|upkeep
|turn|9
|
|t:|1783879613
|move|p2a: Who?|Dazzling Gleam|p1b: Vileplume|[spread] p1a,p1b
|-resisted|p1b: Vileplume|1
|-damage|p1a: Farigiraf|28/100
|-damage|p1b: Vileplume|94/100
|move|p1b: Vileplume|Sludge Bomb|p2b: Mommy
|-damage|p2b: Mommy|59/100 slp
|move|p1a: Farigiraf|Psychic|p2a: Who?
|-damage|p2a: Who?|0 fnt
|faint|p2a: Who?
|cant|p2b: Mommy|slp
|
|-heal|p1a: Farigiraf|34/100|[from] item: Leftovers
|upkeep
|turn|10
|
|t:|1783879639
|move|p1b: Vileplume|Sleep Powder|p2b: Mommy
|-fail|p2b: Mommy|slp
|move|p1a: Farigiraf|Psychic|p2b: Mommy
|-supereffective|p2b: Mommy|1
|-damage|p2b: Mommy|4/100 slp
|-curestatus|p2b: Mommy|slp|[msg]
|move|p2b: Mommy|Triple Axel|p1b: Vileplume
|-supereffective|p1b: Vileplume|1
|-damage|p1b: Vileplume|78/100
|-status|p2b: Mommy|par|[from] ability: Effect Spore|[of] p1b: Vileplume
|-hitcount|p1b: Vileplume|1
|
|-heal|p1a: Farigiraf|40/100|[from] item: Leftovers
|-fieldend|move: Trick Room
|upkeep
|turn|11
|
|t:|1783879658
|move|p2b: Mommy|Protect|p2b: Mommy
|-singleturn|p2b: Mommy|Protect
|move|p1a: Farigiraf|Psychic|p2b: Mommy
|-activate|p2b: Mommy|move: Protect
|move|p1b: Vileplume|Solar Beam||[still]
|-prepare|p1b: Vileplume|Solar Beam
|
|-heal|p1a: Farigiraf|47/100|[from] item: Leftovers
|upkeep
|turn|12
|
|t:|1783879670
|move|p2b: Mommy|Triple Axel|p1b: Vileplume
|-supereffective|p1b: Vileplume|1
|-damage|p1b: Vileplume|62/100
|-supereffective|p1b: Vileplume|1
|-damage|p1b: Vileplume|30/100
|-supereffective|p1b: Vileplume|1
|-damage|p1b: Vileplume|0 fnt
|faint|p1b: Vileplume
|-hitcount|p1: Vileplume|3
|move|p1a: Farigiraf|Psychic|p2b: Mommy
|-supereffective|p2b: Mommy|1
|-damage|p2b: Mommy|0 fnt
|faint|p2b: Mommy
|
|win|kolten
|inactive|kolten has 30 seconds to confirm battle start!
|inactive|Bananabread1398 has 30 seconds to confirm battle start!
|inactive|kolten has 20 seconds to confirm battle start!
|inactive|Bananabread1398 has 20 seconds to confirm battle start!
