|j|☆SHyperdestroyerVGC
|j|☆new mental
|html|SHyperdestroyerVGCnew mental    
|uhtml|bestof|Game 3 of a best-of-3
|t:|1783521094
|gametype|doubles
|player|p1|SHyperdestroyerVGC|lady|1199
|player|p2|new mental|volkner|1281
|gen|9
|tier|[Gen 9 Champions] VGC 2026 Reg M-B (Bo3)
|rated|
|rule|Species Clause: Limit one of each Pokémon
|rule|Item Clause: Limit 1 of each item
|clearpoke
|poke|p1|Froslass, L50, F|
|poke|p1|Kingambit, L50, F|
|poke|p1|Sneasler, L50, F|
|poke|p1|Rotom-Heat, L50|
|poke|p1|Whimsicott, L50, F|
|poke|p1|Basculegion, L50, M|
|poke|p2|Charizard, L50, F|
|poke|p2|Kingambit, L50, F|
|poke|p2|Sylveon, L50, F|
|poke|p2|Garchomp, L50, F|
|poke|p2|Aerodactyl, L50, M|
|poke|p2|Farigiraf, L50, F|
|teampreview|4
|showteam|p1|Froslass||Froslassite|SnowCloak|Blizzard,AuroraVeil,ShadowBall,Protect|Timid||F|||50|]Kingambit||BlackGlasses|Defiant|KowtowCleave,SuckerPunch,IronHead,Protect|Adamant||F|||50|]Sneasler||WhiteHerb|Unburden|FakeOut,DireClaw,CloseCombat,Protect|Adamant||F|||50|]Rotom-Heat||SitrusBerry|Levitate|Overheat,Thunderbolt,VoltSwitch,Protect|Timid|||||50|]Whimsicott||FocusSash|Prankster|Tailwind,Encore,EnergyBall,Protect|Timid||F|||50|]Basculegion||MysticWater|Adaptability|WaveCrash,LastRespects,AquaJet,Protect|Adamant||M|||50|
|showteam|p2|Charizard||CharizarditeY|SolarPower|Protect,HeatWave,SolarBeam,WeatherBall|Modest||F|||50|]Kingambit||FocusSash|Defiant|IronHead,SuckerPunch,KowtowCleave,LowKick|Adamant||F|||50|]Sylveon||FairyFeather|Pixilate|Detect,HyperVoice,HyperBeam,QuickAttack|Modest||F|||50|]Garchomp||LifeOrb|RoughSkin|Protect,DragonClaw,Earthquake,RockSlide|Jolly||F|||50|]Aerodactyl||Aerodactylite|Unnerve|IceFang,RockSlide,Tailwind,DualWingbeat|Jolly||M|||50|]Farigiraf||SitrusBerry|ArmorTail|TrickRoom,Psychic,Thunderbolt,Roar|Bold||F|||50|
|
|t:|1783521124
|teamsize|p1|4
|teamsize|p2|4
|start
|switch|p1a: Sneasler|Sneasler, L50, F|100/100
|switch|p1b: Rotom|Rotom-Heat, L50|100/100
|switch|p2a: Garchomp|Garchomp, L50, F|100/100
|switch|p2b: Charizard|Charizard, L50, F|100/100
|turn|1
|inactive|Battle timer is ON: inactive players will automatically lose when time's up. (requested by new mental)
|
|t:|1783521155
|switch|p2b: Farigiraf|Farigiraf, L50, F|100/100
|move|p1a: Sneasler|Fake Out||[still]
|cant|p2b: Farigiraf|ability: Armor Tail|Fake Out|[of] p1a: Sneasler
|move|p2a: Garchomp|Rock Slide|p1b: Rotom|[spread] p1a,p1b
|-resisted|p1a: Sneasler|1
|-supereffective|p1b: Rotom|1
|-damage|p1a: Sneasler|78/100
|-damage|p1b: Rotom|38/100
|-enditem|p1b: Rotom|Sitrus Berry|[eat]
|-heal|p1b: Rotom|62/100|[from] item: Sitrus Berry
|-damage|p2a: Garchomp|90/100|[from] item: Life Orb
|cant|p1b: Rotom|flinch
|
|upkeep
|turn|2
|
|t:|1783521177
|switch|p1a: Basculegion|Basculegion, L50, M|100/100
|move|p2a: Garchomp|Rock Slide|p1b: Rotom|[spread] p1b
|-miss|p2a: Garchomp|p1a: Basculegion
|-supereffective|p1b: Rotom|1
|-damage|p1b: Rotom|0 fnt
|faint|p1b: Rotom
|-damage|p2a: Garchomp|80/100|[from] item: Life Orb
|move|p2b: Farigiraf|Trick Room|p2b: Farigiraf
|-fieldstart|move: Trick Room|[of] p2b: Farigiraf
|
|upkeep
|
|t:|1783521189
|switch|p1b: Froslass|Froslass, L50, F|100/100
|turn|3
|
|t:|1783521197
|detailschange|p1b: Froslass|Froslass-Mega, L50, F
|-mega|p1b: Froslass|Froslass|Froslassite
|-weather|Snowscape|[from] ability: Snow Warning|[of] p1b: Froslass
|move|p2a: Garchomp|Protect|p2a: Garchomp
|-singleturn|p2a: Garchomp|Protect
|move|p2b: Farigiraf|Thunderbolt|p1a: Basculegion
|-supereffective|p1a: Basculegion|1
|-damage|p1a: Basculegion|49/100
|move|p1a: Basculegion|Wave Crash|p2b: Farigiraf
|-damage|p2b: Farigiraf|30/100
|-enditem|p2b: Farigiraf|Sitrus Berry|[eat]
|-heal|p2b: Farigiraf|55/100|[from] item: Sitrus Berry
|-damage|p1a: Basculegion|25/100|[from] Recoil
|move|p1b: Froslass|Blizzard|p2b: Farigiraf|[spread] p2b
|-activate|p2a: Garchomp|move: Protect
|-damage|p2b: Farigiraf|13/100
|
|-weather|Snowscape|[upkeep]
|upkeep
|turn|4
|
|t:|1783521214
|move|p1a: Basculegion|Protect|p1a: Basculegion
|-singleturn|p1a: Basculegion|Protect
|move|p2b: Farigiraf|Psychic|p1a: Basculegion
|-activate|p1a: Basculegion|move: Protect
|move|p2a: Garchomp|Rock Slide|p1b: Froslass|[spread] p1b
|-activate|p1a: Basculegion|move: Protect
|-supereffective|p1b: Froslass|1
|-damage|p1b: Froslass|49/100
|-damage|p2a: Garchomp|70/100|[from] item: Life Orb
|move|p1b: Froslass|Blizzard|p2a: Garchomp|[spread] p2a,p2b
|-supereffective|p2a: Garchomp|2
|-crit|p2a: Garchomp
|-damage|p2a: Garchomp|0 fnt
|-damage|p2b: Farigiraf|0 fnt
|faint|p2a: Garchomp
|faint|p2b: Farigiraf
|
|-weather|Snowscape|[upkeep]
|upkeep
|
|t:|1783521217
|switch|p2b: Charizard|Charizard, L50, F|100/100
|switch|p2a: Sylveon|Sylveon, L50, F|100/100
|turn|5
|inactive|SHyperdestroyerVGC has 30 seconds left.
|
|t:|1783521244
|move|p1b: Froslass|Protect|p1b: Froslass
|-singleturn|p1b: Froslass|Protect
|move|p2a: Sylveon|Hyper Voice|p1a: Basculegion|[spread] p1a
|-activate|p1b: Froslass|move: Protect
|-damage|p1a: Basculegion|0 fnt
|faint|p1a: Basculegion
|move|p2b: Charizard|Heat Wave|p1b: Froslass
|-activate|p1b: Froslass|move: Protect
|
|-weather|Snowscape|[upkeep]
|upkeep
|
|t:|1783521250
|switch|p1a: Sneasler|Sneasler, L50, F|78/100
|turn|6
|
|t:|1783521260
|detailschange|p2b: Charizard|Charizard-Mega-Y, L50, F
|-mega|p2b: Charizard|Charizard|Charizardite Y
|-weather|SunnyDay|[from] ability: Drought|[of] p2b: Charizard
|move|p1a: Sneasler|Fake Out|p2b: Charizard
|-damage|p2b: Charizard|85/100
|move|p2a: Sylveon|Hyper Voice|p1b: Froslass|[spread] p1a,p1b
|-damage|p1a: Sneasler|10/100
|-damage|p1b: Froslass|0 fnt
|faint|p1b: Froslass
|cant|p2b: Charizard|flinch
|
|-weather|SunnyDay|[upkeep]
|-fieldend|move: Trick Room
|upkeep
|turn|7
|c|☆SHyperdestroyerVGC|gg
|c|☆SHyperdestroyerVGC|I play so bad
|-message|SHyperdestroyerVGC forfeited.
|
|win|new mental
|raw|SHyperdestroyerVGC's rating: 1199 → 1180(-19 for losing)
|raw|new mental's rating: 1281 → 1300(+19 for winning)
