|j|Ōśådabaroniandcheese
|j|Ōśådengonumber1fan
|html|dabaroniandcheesedengonumber1fan    
|uhtml|bestof|Game 2 of a best-of-3
|t:|1756520854
|gametype|doubles
|player|p1|dabaroniandcheese|fantina|1343
|player|p2|dengonumber1fan|benga|1322
|gen|9
|tier|[Gen 9] VGC 2025 Reg H (Bo3)
|rated|
|rule|Species Clause: Limit one of each Pok├®mon
|rule|Item Clause: Limit 1 of each item
|clearpoke
|poke|p1|Ninetales-Alola, L50, M|
|poke|p1|Rillaboom, L50, M|
|poke|p1|Magmar, L50, F|
|poke|p1|Sneasler, L50, F|
|poke|p1|Kingambit, L50, M|
|poke|p1|Basculegion, L50, M|
|poke|p2|Incineroar, L50, M|
|poke|p2|Amoonguss, L50, F|
|poke|p2|Gholdengo, L50|
|poke|p2|Porygon2, L50|
|poke|p2|Ursaluna, L50, M|
|poke|p2|Hydreigon, L50, M|
|teampreview|4
|showteam|p1|Ninetales-Alola||LifeOrb|SnowWarning|Blizzard,FreezeDry,Encore,Protect|||M|||50|,,,,,Ghost]Rillaboom||AssaultVest|GrassySurge|WoodHammer,FakeOut,Uturn,GrassyGlide|||M|||50|,,,,,Ghost]Magmar||Eviolite|VitalSpirit|Protect,HeatWave,WillOWisp,FollowMe|||F|||50|,,,,,Ghost]Sneasler||FocusSash|PoisonTouch|FakeOut,DireClaw,CloseCombat,Protect|||F|||50|,,,,,Ghost]Kingambit||BlackGlasses|Defiant|KowtowCleave,SwordsDance,SuckerPunch,Protect|||M|||50|,,,,,Fire]Basculegion||ChoiceScarf|Adaptability|WaveCrash,FlipTurn,TeraBlast,LastRespects|||M|||50|,,,,,Fighting
|showteam|p2|Incineroar||AssaultVest|Intimidate|FlareBlitz,KnockOff,Uturn,FakeOut|||M|||50|,,,,,Ghost]Amoonguss||SitrusBerry|Regenerator|Spore,RagePowder,PollenPuff,Protect|||F|||50|,,,,,Fairy]Gholdengo||LifeOrb|GoodasGold|MakeItRain,ShadowBall,NastyPlot,Protect||||||50|,,,,,Water]Porygon2||Eviolite|Download|TeraBlast,IceBeam,Recover,TrickRoom||||||50|,,,,,Fighting]Ursaluna||FlameOrb|Guts|Facade,HeadlongRush,Earthquake,Protect|||M|||50|,,,,,Ghost]Hydreigon||ChopleBerry|Levitate|Snarl,DracoMeteor,Tailwind,Protect|||M|||50|,,,,,Steel
|inactive|Battle timer is ON: inactive players will automatically lose when time's up. (requested by dengonumber1fan)
|inactive|dabaroniandcheese also wants the timer to be on.
|c|Ōśådabaroniandcheese|got to love a sucker punch mindgame
|c|Ōśådabaroniandcheese|my heart rate doesn't hit 400
|c|Ōśådengonumber1fan|lmao true
|inactive|dabaroniandcheese has 60 seconds left.
|inactive|dengonumber1fan has 60 seconds left.
|
|t:|1756520892
|teamsize|p1|4
|teamsize|p2|4
|start
|switch|p1a: Rillaboom|Rillaboom, L50, M|100/100
|switch|p1b: Kingambit|Kingambit, L50, M|100/100
|switch|p2a: Porygon2|Porygon2, L50|100/100
|switch|p2b: Ursaluna|Ursaluna, L50, M|100/100
|-fieldstart|move: Grassy Terrain|[from] ability: Grassy Surge|[of] p1a: Rillaboom
|-ability|p2a: Porygon2|Download|boost
|-boost|p2a: Porygon2|spa|1
|turn|1
|inactive|dengonumber1fan has 30 seconds left.
|inactive|dengonumber1fan has 20 seconds left.
|
|t:|1756520928
|-terastallize|p2a: Porygon2|Fighting
|move|p1a: Rillaboom|Fake Out|p2a: Porygon2
|-damage|p2a: Porygon2|92/100
|move|p1b: Kingambit|Swords Dance|p1b: Kingambit
|-boost|p1b: Kingambit|atk|2
|move|p2b: Ursaluna|Headlong Rush|p1b: Kingambit
|-supereffective|p1b: Kingambit
|-damage|p1b: Kingambit|0 fnt
|-unboost|p2b: Ursaluna|def|1
|-unboost|p2b: Ursaluna|spd|1
|faint|p1b: Kingambit
|cant|p2a: Porygon2|flinch
|
|-heal|p2a: Porygon2|98/100|[from] Grassy Terrain
|-status|p2b: Ursaluna|brn|[from] item: Flame Orb
|upkeep
|
|t:|1756520932
|switch|p1b: Sneasler|Sneasler, L50, F|100/100
|turn|2
|
|t:|1756520949
|switch|p2b: Incineroar|Incineroar, L50, M|100/100
|-ability|p2b: Incineroar|Intimidate|boost
|-unboost|p1a: Rillaboom|atk|1
|-unboost|p1b: Sneasler|atk|1
|move|p1b: Sneasler|Fake Out|p2a: Porygon2
|-damage|p2a: Porygon2|91/100
|-status|p2a: Porygon2|psn|[from] ability: Poison Touch|[of] p1b: Sneasler
|move|p1a: Rillaboom|Wood Hammer|p2b: Incineroar
|-resisted|p2b: Incineroar
|-damage|p2b: Incineroar|77/100
|-damage|p1a: Rillaboom|93/100|[from] Recoil
|cant|p2a: Porygon2|flinch
|
|-heal|p1a: Rillaboom|99/100|[from] Grassy Terrain
|-heal|p2b: Incineroar|83/100|[from] Grassy Terrain
|-heal|p2a: Porygon2|97/100 psn|[from] Grassy Terrain
|-damage|p2a: Porygon2|85/100 psn|[from] psn
|upkeep
|turn|3
|
|t:|1756520969
|-terastallize|p1b: Sneasler|Ghost
|move|p2b: Incineroar|Fake Out|p1b: Sneasler
|-immune|p1b: Sneasler
|move|p1b: Sneasler|Close Combat|p2b: Incineroar
|-supereffective|p2b: Incineroar
|-damage|p2b: Incineroar|0 fnt
|-unboost|p1b: Sneasler|def|1
|-unboost|p1b: Sneasler|spd|1
|faint|p2b: Incineroar
|move|p1a: Rillaboom|U-turn|p2a: Porygon2
|-resisted|p2a: Porygon2
|-damage|p2a: Porygon2|80/100 psn
|
|t:|1756520976
|switch|p1a: Magmar|Magmar, L50, F|100/100|[from] U-turn
|move|p2a: Porygon2|Trick Room|p2a: Porygon2
|-fieldstart|move: Trick Room|[of] p2a: Porygon2
|
|-heal|p2a: Porygon2|86/100 psn|[from] Grassy Terrain
|-damage|p2a: Porygon2|74/100 psn|[from] psn
|upkeep
|
|t:|1756520982
|switch|p2b: Ursaluna|Ursaluna, L50, M|100/100 brn
|turn|4
|
|t:|1756521003
|switch|p2b: Amoonguss|Amoonguss, L50, F|100/100
|move|p1a: Magmar|Protect|p1a: Magmar
|-singleturn|p1a: Magmar|Protect
|move|p1b: Sneasler|Protect|p1b: Sneasler
|-singleturn|p1b: Sneasler|Protect
|move|p2a: Porygon2|Tera Blast|p1a: Magmar|[anim] Tera Blast Fighting
|-activate|p1a: Magmar|move: Protect
|
|-heal|p2a: Porygon2|80/100 psn|[from] Grassy Terrain
|-damage|p2a: Porygon2|68/100 psn|[from] psn
|upkeep
|turn|5
|
|t:|1756521018
|move|p1a: Magmar|Follow Me|p1a: Magmar
|-singleturn|p1a: Magmar|move: Follow Me
|move|p2b: Amoonguss|Pollen Puff|p1a: Magmar
|-resisted|p1a: Magmar
|-damage|p1a: Magmar|93/100
|move|p2a: Porygon2|Tera Blast|p1a: Magmar|[anim] Tera Blast Fighting
|-damage|p1a: Magmar|46/100
|move|p1b: Sneasler|Dire Claw|p2b: Amoonguss
|-damage|p2b: Amoonguss|73/100
|
|-heal|p2b: Amoonguss|79/100|[from] Grassy Terrain
|-heal|p2a: Porygon2|74/100 psn|[from] Grassy Terrain
|-heal|p1a: Magmar|52/100|[from] Grassy Terrain
|-damage|p2a: Porygon2|61/100 psn|[from] psn
|-fieldend|move: Grassy Terrain
|upkeep
|turn|6
|inactive|dengonumber1fan has 30 seconds left.
|
|t:|1756521043
|switch|p2b: Ursaluna|Ursaluna, L50, M|100/100 brn
|switch|p1b: Rillaboom|Rillaboom, L50, M|99/100
|-fieldstart|move: Grassy Terrain|[from] ability: Grassy Surge|[of] p1b: Rillaboom
|move|p2a: Porygon2|Recover|p2a: Porygon2
|-heal|p2a: Porygon2|100/100 psn
|move|p1a: Magmar|Heat Wave|p2a: Porygon2|[spread] p2a,p2b
|-damage|p2a: Porygon2|86/100 psn
|-damage|p2b: Ursaluna|76/100 brn
|
|-heal|p2a: Porygon2|93/100 psn|[from] Grassy Terrain
|-heal|p2b: Ursaluna|82/100 brn|[from] Grassy Terrain
|-heal|p1b: Rillaboom|100/100|[from] Grassy Terrain
|-heal|p1a: Magmar|58/100|[from] Grassy Terrain
|-damage|p2a: Porygon2|80/100 psn|[from] psn
|-damage|p2b: Ursaluna|76/100 brn|[from] brn
|upkeep
|turn|7
|
|t:|1756521067
|move|p1b: Rillaboom|Fake Out|p2b: Ursaluna
|-damage|p2b: Ursaluna|65/100 brn
|move|p2a: Porygon2|Tera Blast|p1a: Magmar|[anim] Tera Blast Fighting
|-damage|p1a: Magmar|10/100
|cant|p2b: Ursaluna|flinch
|move|p1a: Magmar|Heat Wave|p2a: Porygon2|[spread] p2a,p2b
|-crit|p2b: Ursaluna
|-damage|p2a: Porygon2|65/100 psn
|-damage|p2b: Ursaluna|27/100 brn
|
|-heal|p2a: Porygon2|71/100 psn|[from] Grassy Terrain
|-heal|p2b: Ursaluna|33/100 brn|[from] Grassy Terrain
|-heal|p1a: Magmar|16/100|[from] Grassy Terrain
|-damage|p2a: Porygon2|58/100 psn|[from] psn
|-damage|p2b: Ursaluna|27/100 brn|[from] brn
|-fieldend|move: Trick Room
|upkeep
|turn|8
|inactive|dabaroniandcheese has 30 seconds left.
|
|t:|1756521095
|switch|p2a: Amoonguss|Amoonguss, L50, F|100/100
|move|p1a: Magmar|Heat Wave|p2a: Amoonguss|[spread] p2a
|-miss|p1a: Magmar|p2b: Ursaluna
|-supereffective|p2a: Amoonguss
|-damage|p2a: Amoonguss|60/100
|move|p1b: Rillaboom|Wood Hammer|p2a: Amoonguss
|-resisted|p2a: Amoonguss
|-damage|p2a: Amoonguss|40/100
|-enditem|p2a: Amoonguss|Sitrus Berry|[eat]
|-heal|p2a: Amoonguss|65/100|[from] item: Sitrus Berry
|-damage|p1b: Rillaboom|94/100|[from] Recoil
|move|p2b: Ursaluna|Facade|p1b: Rillaboom
|-damage|p1b: Rillaboom|0 fnt
|faint|p1b: Rillaboom
|
|-heal|p1a: Magmar|22/100|[from] Grassy Terrain
|-heal|p2b: Ursaluna|33/100 brn|[from] Grassy Terrain
|-heal|p2a: Amoonguss|71/100|[from] Grassy Terrain
|-damage|p2b: Ursaluna|27/100 brn|[from] brn
|upkeep
|
|t:|1756521100
|switch|p1b: Sneasler|Sneasler, L50, F, tera:Ghost|100/100
|turn|9
|inactive|dengonumber1fan has 30 seconds left.
|
|t:|1756521126
|switch|p2a: Porygon2|Porygon2, L50, tera:Fighting|58/100 psn
|-ability|p2a: Porygon2|Download|boost
|-boost|p2a: Porygon2|atk|1
|move|p2b: Ursaluna|Protect|p2b: Ursaluna
|-singleturn|p2b: Ursaluna|Protect
|move|p1a: Magmar|Follow Me|p1a: Magmar
|-singleturn|p1a: Magmar|move: Follow Me
|move|p1b: Sneasler|Close Combat|p2b: Ursaluna
|-activate|p2b: Ursaluna|move: Protect
|
|-heal|p1a: Magmar|28/100|[from] Grassy Terrain
|-heal|p2b: Ursaluna|33/100 brn|[from] Grassy Terrain
|-heal|p2a: Porygon2|65/100 psn|[from] Grassy Terrain
|-damage|p2a: Porygon2|52/100 psn|[from] psn
|-damage|p2b: Ursaluna|27/100 brn|[from] brn
|upkeep
|turn|10
|
|t:|1756521144
|switch|p2b: Amoonguss|Amoonguss, L50, F|100/100
|move|p1a: Magmar|Follow Me|p1a: Magmar
|-singleturn|p1a: Magmar|move: Follow Me
|move|p1b: Sneasler|Close Combat|p2a: Porygon2
|-damage|p2a: Porygon2|13/100 psn
|-unboost|p1b: Sneasler|def|1
|-unboost|p1b: Sneasler|spd|1
|move|p2a: Porygon2|Tera Blast|p1a: Magmar|[anim] Tera Blast Fighting
|-damage|p1a: Magmar|0 fnt
|faint|p1a: Magmar
|
|-heal|p2a: Porygon2|19/100 psn|[from] Grassy Terrain
|-damage|p2a: Porygon2|7/100 psn|[from] psn
|-fieldend|move: Grassy Terrain
|upkeep
|turn|11
|
|t:|1756521164
|move|p1b: Sneasler|Dire Claw|p2a: Porygon2
|-damage|p2a: Porygon2|0 fnt
|faint|p2a: Porygon2
|move|p2b: Amoonguss|Spore|p1b: Sneasler
|-status|p1b: Sneasler|slp|[from] move: Spore
|
|upkeep
|
|t:|1756521166
|switch|p2a: Ursaluna|Ursaluna, L50, M|27/100 brn
|turn|12
|
|t:|1756521173
|cant|p1b: Sneasler|slp
|move|p2a: Ursaluna|Headlong Rush|p1b: Sneasler
|-enditem|p1b: Sneasler|Focus Sash
|-damage|p1b: Sneasler|1/100 slp
|-unboost|p2a: Ursaluna|def|1
|-unboost|p2a: Ursaluna|spd|1
|move|p2b: Amoonguss|Pollen Puff|p1b: Sneasler
|-resisted|p1b: Sneasler
|-damage|p1b: Sneasler|0 fnt
|faint|p1b: Sneasler
|
|win|dengonumber1fan
||dabaroniandcheese is ready for game 3.
|l|Ōśådengonumber1fan
|player|p2|
||dengonumber1fan is ready for game 3.
|uhtml|next|Next: Game 3 of 3
|j|Ōśådengonumber1fan
|player|p2|dengonumber1fan|benga|
