|j|☆breloomb01
|j|☆Ninjacoox
|html|breloomb01Ninjacoox    
|uhtml|bestof|Game 3 of a best-of-3
|t:|1785363609
|gametype|doubles
|player|p1|breloomb01|roughneck|1181
|player|p2|Ninjacoox|rood|1218
|gen|9
|tier|[Gen 9 Champions] VGC 2026 Reg M-B (Bo3)
|rated|
|rule|Species Clause: Limit one of each Pokémon
|rule|Item Clause: Limit 1 of each item
|clearpoke
|poke|p1|Floette-Eternal, L50, F|
|poke|p1|Incineroar, L50, F|
|poke|p1|Sinistcha, L50|
|poke|p1|Garchomp, L50, F|
|poke|p1|Sneasler, L50, M|
|poke|p1|Rotom-Wash, L50|
|poke|p2|Staraptor, L50, M|
|poke|p2|Sinistcha, L50|
|poke|p2|Maushold, L50|
|poke|p2|Kingambit, L50, M|
|poke|p2|Sneasler, L50, F|
|poke|p2|Delphox, L50, M|
|teampreview|4
|showteam|p1|Floette-Eternal||Floettite|FlowerVeil|DrainingKiss,DazzlingGleam,CalmMind,Protect|Modest||F|||50|]Incineroar||SitrusBerry|Intimidate|FakeOut,FlareBlitz,ThroatChop,PartingShot|Careful||F|||50|]Sinistcha||KasibBerry|Hospitality|Protect,RagePowder,MatchaGotcha,TrickRoom|Calm|||||50|]Garchomp||LifeOrb|RoughSkin|Earthquake,DragonClaw,RockSlide,Protect|Jolly||F|||50|]Sneasler||FocusSash|PoisonTouch|FakeOut,DireClaw,CloseCombat,Protect|Jolly||M|||50|]Rotom-Wash||Leftovers|Levitate|HydroPump,Protect,WillOWisp,Electroweb|Bold|||||50|
|showteam|p2|Staraptor||Staraptite|Intimidate|CloseCombat,BraveBird,Roost,Protect|Adamant||M|||50|]Sinistcha||SitrusBerry|Hospitality|RagePowder,MatchaGotcha,Protect,LifeDew|Calm|||||50|]Maushold||LumBerry|FriendGuard|Encore,Charm,FollowMe,Protect|Timid|||||50|]Kingambit||BlackGlasses|Defiant|KowtowCleave,SuckerPunch,SwordsDance,Protect|Adamant||M|||50|]Sneasler||WhiteHerb|Unburden|CloseCombat,DireClaw,FakeOut,Feint|Jolly||F|||50|]Delphox||Delphoxite|Blaze|HeatWave,Psyshock,NastyPlot,Protect|Timid||M|||50|
|inactive|Battle timer is ON: inactive players will automatically lose when time's up. (requested by Ninjacoox)
|
|t:|1785363619
|teamsize|p1|4
|teamsize|p2|4
|start
|switch|p1a: Rotom|Rotom-Wash, L50|100/100
|switch|p1b: Garchomp|Garchomp, L50, F|100/100
|switch|p2a: Delphox|Delphox, L50, M|100/100
|switch|p2b: Maushold|Maushold, L50|100/100
|turn|1
|
|t:|1785363640
|detailschange|p2a: Delphox|Delphox-Mega, L50, M
|-mega|p2a: Delphox|Delphox|Delphoxite
|move|p2a: Delphox|Protect|p2a: Delphox
|-singleturn|p2a: Delphox|Protect
|move|p2b: Maushold|Charm|p1b: Garchomp
|-unboost|p1b: Garchomp|atk|2
|move|p1b: Garchomp|Rock Slide|p2b: Maushold|[spread] p2b
|-activate|p2a: Delphox|move: Protect
|-damage|p2b: Maushold|83/100
|-damage|p1b: Garchomp|90/100|[from] item: Life Orb
|move|p1a: Rotom|Will-O-Wisp|p2b: Maushold
|-status|p2b: Maushold|brn
|-enditem|p2b: Maushold|Lum Berry|[eat]
|-curestatus|p2b: Maushold|brn|[msg]
|
|upkeep
|turn|2
|inactive|Ninjacoox has 30 seconds left.
|
|t:|1785363671
|switch|p1b: Incineroar|Incineroar, L50, F|100/100
|-ability|p1b: Incineroar|Intimidate|boost
|-unboost|p2a: Delphox|atk|1
|-unboost|p2b: Maushold|atk|1
|move|p2a: Delphox|Nasty Plot|p2a: Delphox
|-boost|p2a: Delphox|spa|2
|move|p2b: Maushold|Encore|p1a: Rotom
|-start|p1a: Rotom|Encore
|move|p1a: Rotom|Will-O-Wisp|p2a: Delphox
|-immune|p2a: Delphox
|
|upkeep
|turn|3
|
|t:|1785363693
|switch|p1a: Garchomp|Garchomp, L50, F|90/100
|move|p2a: Delphox|Protect|p2a: Delphox
|-singleturn|p2a: Delphox|Protect
|move|p2b: Maushold|Charm|p1b: Incineroar
|-unboost|p1b: Incineroar|atk|2
|move|p1b: Incineroar|Parting Shot|p2a: Delphox
|-activate|p2a: Delphox|move: Protect
|
|upkeep
|turn|4
|
|t:|1785363712
|move|p2b: Maushold|Follow Me|p2b: Maushold
|-singleturn|p2b: Maushold|move: Follow Me
|move|p2a: Delphox|Psyshock|p1a: Garchomp
|-damage|p1a: Garchomp|0 fnt
|faint|p1a: Garchomp
|move|p1b: Incineroar|Parting Shot|p2b: Maushold
|-unboost|p2b: Maushold|atk|1
|-unboost|p2b: Maushold|spa|1
|
|t:|1785363716
|switch|p1b: Rotom|Rotom-Wash, L50|100/100|[from] Parting Shot
|
|upkeep
|
|t:|1785363718
|switch|p1a: Incineroar|Incineroar, L50, F|100/100
|-ability|p1a: Incineroar|Intimidate|boost
|-unboost|p2a: Delphox|atk|1
|-unboost|p2b: Maushold|atk|1
|turn|5
|
|t:|1785363726
|move|p2a: Delphox|Protect|p2a: Delphox
|-singleturn|p2a: Delphox|Protect
|move|p2b: Maushold|Protect|p2b: Maushold
|-singleturn|p2b: Maushold|Protect
|move|p1b: Rotom|Electroweb|p2a: Delphox|[spread] 
|-activate|p2a: Delphox|move: Protect
|-activate|p2b: Maushold|move: Protect
|move|p1a: Incineroar|Throat Chop|p2a: Delphox
|-activate|p2a: Delphox|move: Protect
|
|upkeep
|turn|6
|inactive|Ninjacoox has 30 seconds left.
|
|t:|1785363755
|move|p2a: Delphox|Psyshock|p1b: Rotom
|-damage|p1b: Rotom|18/100
|move|p2b: Maushold|Charm|p1a: Incineroar
|-unboost|p1a: Incineroar|atk|2
|move|p1b: Rotom|Electroweb|p2b: Maushold|[spread] p2a,p2b
|-damage|p2a: Delphox|90/100
|-damage|p2b: Maushold|63/100
|-unboost|p2a: Delphox|spe|1
|-unboost|p2b: Maushold|spe|1
|move|p1a: Incineroar|Flare Blitz|p2b: Maushold
|-damage|p2b: Maushold|32/100
|-damage|p1a: Incineroar|91/100|[from] Recoil
|
|-heal|p1b: Rotom|24/100|[from] item: Leftovers
|upkeep
|turn|7
|inactive|Ninjacoox has 30 seconds left.
|
|t:|1785363782
|move|p1b: Rotom|Protect|p1b: Rotom
|-singleturn|p1b: Rotom|Protect
|move|p2b: Maushold|Follow Me|p2b: Maushold
|-singleturn|p2b: Maushold|move: Follow Me
|move|p2a: Delphox|Psyshock|p1b: Rotom
|-activate|p1b: Rotom|move: Protect
|move|p1a: Incineroar|Parting Shot|p2b: Maushold
|-unboost|p2b: Maushold|atk|1
|-unboost|p2b: Maushold|spa|1
|
|t:|1785363785
|switch|p1a: Sinistcha|Sinistcha, L50|100/100|[from] Parting Shot
|-heal|p1b: Rotom|49/100|[from] ability: Hospitality|[of] p1a: Sinistcha
|
|-heal|p1b: Rotom|55/100|[from] item: Leftovers
|upkeep
|turn|8
|
|t:|1785363798
|switch|p1b: Incineroar|Incineroar, L50, F|91/100
|-ability|p1b: Incineroar|Intimidate|boost
|-unboost|p2a: Delphox|atk|1
|-unboost|p2b: Maushold|atk|1
|move|p2b: Maushold|Follow Me|p2b: Maushold
|-singleturn|p2b: Maushold|move: Follow Me
|move|p2a: Delphox|Heat Wave|p1a: Sinistcha|[spread] 
|-miss|p2a: Delphox|p1a: Sinistcha
|-miss|p2a: Delphox|p1b: Incineroar
|move|p1a: Sinistcha|Matcha Gotcha|p2a: Delphox|[spread] p2a,p2b
|-resisted|p2a: Delphox|1
|-damage|p2a: Delphox|83/100
|-damage|p2b: Maushold|0 fnt
|faint|p2b: Maushold
|
|upkeep
|
|t:|1785363813
|switch|p2b: Sneasler|Sneasler, L50, F|100/100
|turn|9
|
|t:|1785363818
|switch|p1b: Rotom|Rotom-Wash, L50|55/100
|move|p1a: Sinistcha|Protect|p1a: Sinistcha
|-singleturn|p1a: Sinistcha|Protect
|move|p2b: Sneasler|Fake Out|p1b: Rotom
|-damage|p1b: Rotom|43/100
|move|p2a: Delphox|Heat Wave|p1b: Rotom|[spread] p1b
|-activate|p1a: Sinistcha|move: Protect
|-resisted|p1b: Rotom|1
|-damage|p1b: Rotom|5/100
|-status|p1b: Rotom|brn
|
|-heal|p1b: Rotom|11/100 brn|[from] item: Leftovers
|-damage|p1b: Rotom|5/100 brn|[from] brn
|upkeep
|turn|10
|-message|breloomb01 forfeited.
|
|win|Ninjacoox
|raw|breloomb01's rating: 1181 → 1159(-22 for losing)
|raw|Ninjacoox's rating: 1218 → 1240(+22 for winning)
