|j|☆ultraclaw1
|j|☆lucky777n
|html|ultraclaw1lucky777n    
|uhtml|bestof|Game 2 of a best-of-3
|t:|1784038693
|gametype|doubles
|player|p1|ultraclaw1|brycenman|1219
|player|p2|lucky777n|boarder|1208
|gen|9
|tier|[Gen 9 Champions] VGC 2026 Reg M-B (Bo3)
|rated|
|rule|Species Clause: Limit one of each Pokémon
|rule|Item Clause: Limit 1 of each item
|clearpoke
|poke|p1|Maushold, L50|
|poke|p1|Kingambit, L50, M|
|poke|p1|Garchomp, L50, M|
|poke|p1|Basculegion, L50, M|
|poke|p1|Talonflame, L50, F|
|poke|p1|Floette-Eternal, L50, F|
|poke|p2|Gengar, L50, F|
|poke|p2|Incineroar, L50, M|
|poke|p2|Snorlax, L50, M|
|poke|p2|Ninetales-Alola, L50, M|
|poke|p2|Kingambit, L50, F|
|poke|p2|Sneasler, L50, M|
|teampreview|4
|showteam|p1|Maushold||FocusSash|FriendGuard|SuperFang,Taunt,FollowMe,Protect|Timid|||||50|]Kingambit||ChopleBerry|Defiant|KowtowCleave,SuckerPunch,LowKick,IronHead|Adamant||M|||50|]Garchomp||LifeOrb|RoughSkin|RockSlide,Earthquake,DragonClaw,Protect|Jolly||M|||50|]Basculegion||MysticWater|Adaptability|WaveCrash,LastRespects,AquaJet,Protect|Adamant||M|||50|]Talonflame||SharpBeak|GaleWings|QuickGuard,DualWingbeat,Tailwind,Protect|Jolly||F|||50|]Floette-Eternal||Floettite|FlowerVeil|LightofRuin,Protect,Moonblast,DazzlingGleam|Modest||F|||50|
|showteam|p2|Gengar||Gengarite|CursedBody|ShadowBall,Disable,PerishSong,Protect|Timid||F|||50|]Incineroar||SitrusBerry|Intimidate|FakeOut,FlareBlitz,PartingShot,Protect|Relaxed||M|||50|]Snorlax||Leftovers|ThickFat|Fissure,Encore,Yawn,Protect|Relaxed||M|||50|]Ninetales-Alola||NeverMeltIce|SnowWarning|Blizzard,FreezeDry,Encore,Protect|Timid||M|||50|]Kingambit||BlackGlasses|Defiant|SuckerPunch,KowtowCleave,SwordsDance,Protect|Adamant||F|||50|]Sneasler||WhiteHerb|Unburden|FakeOut,CloseCombat,GunkShot,Protect|Jolly||M|||50|
|inactive|Battle timer is ON: inactive players will automatically lose when time's up. (requested by ultraclaw1)
|
|t:|1784038719
|teamsize|p1|4
|teamsize|p2|4
|start
|switch|p1a: Floette|Floette-Eternal, L50, F|100/100
|switch|p1b: Talonflame|Talonflame, L50, F|100/100
|switch|p2a: Ninetales|Ninetales-Alola, L50, M|100/100
|switch|p2b: Sneasler|Sneasler, L50, M|100/100
|-weather|Snowscape|[from] ability: Snow Warning|[of] p2a: Ninetales
|turn|1
|
|t:|1784038736
|move|p1b: Talonflame|Protect|p1b: Talonflame
|-singleturn|p1b: Talonflame|Protect
|move|p1a: Floette|Protect|p1a: Floette
|-singleturn|p1a: Floette|Protect
|move|p2a: Ninetales|Blizzard|p1b: Talonflame|[spread] 
|-activate|p1a: Floette|move: Protect
|-activate|p1b: Talonflame|move: Protect
|move|p2b: Sneasler|Gunk Shot|p1a: Floette
|-activate|p1a: Floette|move: Protect
|
|-weather|Snowscape|[upkeep]
|upkeep
|turn|2
|
|t:|1784038762
|detailschange|p1a: Floette|Floette-Mega, L50, F
|-mega|p1a: Floette|Floette|Floettite
|-ability|p1a: Floette|Fairy Aura
|move|p1b: Talonflame|Tailwind|p1b: Talonflame
|-sidestart|p1: ultraclaw1|move: Tailwind
|move|p1a: Floette|Light of Ruin|p2a: Ninetales
|-damage|p2a: Ninetales|0 fnt
|faint|p2a: Ninetales
|-damage|p1a: Floette|45/100|[from] Recoil
|move|p2b: Sneasler|Gunk Shot|p1a: Floette
|-supereffective|p1a: Floette|1
|-damage|p1a: Floette|0 fnt
|faint|p1a: Floette
|
|-weather|Snowscape|[upkeep]
|upkeep
|
|t:|1784038779
|switch|p2a: Gengar|Gengar, L50, F|100/100
|switch|p1a: Garchomp|Garchomp, L50, M|100/100
|turn|3
|
|t:|1784038801
|detailschange|p2a: Gengar|Gengar-Mega, L50, F
|-mega|p2a: Gengar|Gengar|Gengarite
|move|p2a: Gengar|Protect|p2a: Gengar
|-singleturn|p2a: Gengar|Protect
|move|p2b: Sneasler|Protect|p2b: Sneasler
|-singleturn|p2b: Sneasler|Protect
|move|p1b: Talonflame|Dual Wingbeat|p2b: Sneasler
|-activate|p2b: Sneasler|move: Protect
|move|p1a: Garchomp|Earthquake|p2a: Gengar|[spread] 
|-activate|p2a: Gengar|move: Protect
|-activate|p2b: Sneasler|move: Protect
|-immune|p1b: Talonflame
|
|-weather|Snowscape|[upkeep]
|upkeep
|turn|4
|inactive|lucky777n has 30 seconds left.
|
|t:|1784038827
|move|p1b: Talonflame|Dual Wingbeat|p2a: Gengar
|-crit|p2a: Gengar
|-damage|p2a: Gengar|69/100
|-damage|p2a: Gengar|47/100
|-hitcount|p2a: Gengar|2
|move|p1a: Garchomp|Earthquake|p2a: Gengar|[spread] p2a,p2b
|-immune|p1b: Talonflame
|-supereffective|p2a: Gengar|1
|-supereffective|p2b: Sneasler|1
|-damage|p2a: Gengar|0 fnt
|-damage|p2b: Sneasler|0 fnt
|faint|p2a: Gengar
|faint|p2b: Sneasler
|-damage|p1a: Garchomp|90/100|[from] item: Life Orb
|
|-weather|Snowscape|[upkeep]
|upkeep
|
|t:|1784038841
|switch|p2b: Kingambit|Kingambit, L50, F|100/100
|turn|5
|
|t:|1784038846
|move|p1b: Talonflame|Dual Wingbeat|p2b: Kingambit
|-resisted|p2b: Kingambit|1
|-damage|p2b: Kingambit|92/100
|-resisted|p2b: Kingambit|1
|-damage|p2b: Kingambit|86/100
|-hitcount|p2b: Kingambit|2
|move|p1a: Garchomp|Earthquake|p2b: Kingambit|[spread] p2b
|-immune|p1b: Talonflame
|-supereffective|p2b: Kingambit|1
|-damage|p2b: Kingambit|3/100
|-damage|p1a: Garchomp|80/100|[from] item: Life Orb
|move|p2b: Kingambit|Kowtow Cleave|p1a: Garchomp
|-damage|p1a: Garchomp|14/100
|-damage|p2b: Kingambit|0 fnt|[from] ability: Rough Skin|[of] p1a: Garchomp
|faint|p2b: Kingambit
|
|win|ultraclaw1
|raw|ultraclaw1's rating: 1219 → 1243(+24 for winning)
|raw|lucky777n's rating: 1208 → 1184(-24 for losing)
