|j|☆joniboyee
|j|☆meteorator lv8
|html|joniboyeemeteorator lv8    
|uhtml|bestof|Game 2 of a best-of-3
|t:|1783957685
|gametype|doubles
|player|p1|joniboyee|2|1103
|player|p2|meteorator lv8|fisherman-gen4|1128
|gen|9
|tier|[Gen 9 Champions] VGC 2026 Reg M-B (Bo3)
|rated|
|rule|Species Clause: Limit one of each Pokémon
|rule|Item Clause: Limit 1 of each item
|clearpoke
|poke|p1|Espathra, L50, F|
|poke|p1|Maushold-Four, L50|
|poke|p1|Chandelure, L50, F|
|poke|p1|Incineroar, L50, M|
|poke|p1|Primarina, L50, F|
|poke|p1|Sinistcha-Masterpiece, L50|
|poke|p2|Farigiraf, L50, F|
|poke|p2|Floette-Eternal, L50, F|
|poke|p2|Vivillon, L50, M|
|poke|p2|Incineroar, L50, F|
|poke|p2|Camerupt, L50, F|
|poke|p2|Kingambit, L50, F|
|teampreview|4
|showteam|p1|Espathra||FocusSash|SpeedBoost|Protect,CalmMind,LuminaCrash,BatonPass|Timid||F|||50|]Maushold-Four||WideLens|FriendGuard|FollowMe,PopulationBomb,Taunt,Protect|Jolly|||||50|]Chandelure||Chandelurite|FlameBody|HeatWave,ShadowBall,EnergyBall,Protect|Timid||F|||50|]Incineroar||Leftovers|Intimidate|FakeOut,PartingShot,ThroatChop,Protect|Careful||M|||50|]Primarina||LifeOrb|LiquidVoice|HyperVoice,Moonblast,DazzlingGleam,Protect|Modest||F|||50|]Sinistcha-Masterpiece||SitrusBerry|Hospitality|MatchaGotcha,Protect,RagePowder,LifeDew|Bold|||||50|
|showteam|p2|Farigiraf||SitrusBerry|ArmorTail|Psychic,TrickRoom,HelpingHand,Protect|Calm||F|||50|]Floette-Eternal||Floettite|FlowerVeil|Moonblast,DazzlingGleam,LightofRuin,Protect|Modest||F|||50|]Vivillon||FocusSash|CompoundEyes|Hurricane,SleepPowder,RagePowder,Protect|Timid||M|||50|]Incineroar||Charcoal|Intimidate|FlareBlitz,FakeOut,DarkestLariat,PartingShot|Adamant||F|||50|]Camerupt||Cameruptite|SolidRock|HeatWave,EarthPower,AncientPower,Protect|Quiet||F|||50|]Kingambit||BlackGlasses|Defiant|KowtowCleave,SuckerPunch,IronHead,SwordsDance|Brave||F|||50|
|inactive|Battle timer is ON: inactive players will automatically lose when time's up. (requested by meteorator lv8)
|
|t:|1783957712
|teamsize|p1|4
|teamsize|p2|4
|start
|switch|p1a: Primarina|Primarina, L50, F|100/100
|switch|p1b: Maushold|Maushold-Four, L50|100/100
|switch|p2a: Kingambit|Kingambit, L50, F|100/100
|switch|p2b: Incineroar|Incineroar, L50, F|100/100
|-ability|p2b: Incineroar|Intimidate|boost
|-unboost|p1a: Primarina|atk|1
|-unboost|p1b: Maushold|atk|1
|turn|1
|
|t:|1783957735
|move|p1a: Primarina|Protect|p1a: Primarina
|-singleturn|p1a: Primarina|Protect
|move|p2b: Incineroar|Fake Out|p1a: Primarina
|-activate|p1a: Primarina|move: Protect
|move|p1b: Maushold|Taunt|p2a: Kingambit
|-start|p2a: Kingambit|move: Taunt
|move|p2a: Kingambit|Iron Head|p1a: Primarina
|-activate|p1a: Primarina|move: Protect
|
|upkeep
|turn|2
|inactive|joniboyee has 30 seconds left.
|inactive|joniboyee has 20 seconds left.
|inactive|meteorator lv8 has 30 seconds left.
|inactive|joniboyee has 15 seconds left.
|
|t:|1783957779
|move|p1b: Maushold|Follow Me|p1b: Maushold
|-singleturn|p1b: Maushold|move: Follow Me
|move|p1a: Primarina|Hyper Voice|p2b: Incineroar|[spread] p2a,p2b
|-supereffective|p2b: Incineroar|1
|-damage|p2a: Kingambit|56/100
|-damage|p2b: Incineroar|13/100
|-damage|p1a: Primarina|90/100|[from] item: Life Orb
|move|p2b: Incineroar|Darkest Lariat|p1b: Maushold
|-damage|p1b: Maushold|51/100
|move|p2a: Kingambit|Kowtow Cleave|p1b: Maushold
|-damage|p1b: Maushold|0 fnt
|faint|p1b: Maushold
|
|upkeep
|inactive|joniboyee has 30 seconds left.
|
|t:|1783957808
|switch|p1b: Chandelure|Chandelure, L50, F|100/100
|turn|3
|
|t:|1783957827
|move|p1b: Chandelure|Protect|p1b: Chandelure
|-singleturn|p1b: Chandelure|Protect
|move|p2a: Kingambit|Sucker Punch||[still]
|-fail|p2a: Kingambit
|move|p1a: Primarina|Hyper Voice|p2a: Kingambit|[spread] p2a,p2b
|-supereffective|p2b: Incineroar|1
|-damage|p2a: Kingambit|6/100
|-damage|p2b: Incineroar|0 fnt
|faint|p2b: Incineroar
|-damage|p1a: Primarina|80/100|[from] item: Life Orb
|
|-end|p2a: Kingambit|move: Taunt
|upkeep
|
|t:|1783957831
|switch|p2b: Floette|Floette-Eternal, L50, F|100/100
|turn|4
|inactive|joniboyee has 30 seconds left.
|
|t:|1783957857
|switch|p1b: Sinistcha|Sinistcha-Masterpiece, L50|100/100
|-heal|p1a: Primarina|100/100|[from] ability: Hospitality|[of] p1b: Sinistcha
|detailschange|p2b: Floette|Floette-Mega, L50, F
|-mega|p2b: Floette|Floette|Floettite
|-ability|p2b: Floette|Fairy Aura
|move|p2a: Kingambit|Sucker Punch||[still]
|-fail|p2a: Kingambit
|move|p2b: Floette|Light of Ruin|p1a: Primarina
|-damage|p1a: Primarina|0 fnt
|faint|p1a: Primarina
|-damage|p2b: Floette|48/100|[from] Recoil
|
|upkeep
|
|t:|1783957872
|switch|p1a: Chandelure|Chandelure, L50, F|100/100
|turn|5
|
|t:|1783957878
|switch|p2a: Farigiraf|Farigiraf, L50, F|100/100
|detailschange|p1a: Chandelure|Chandelure-Mega, L50, F
|-mega|p1a: Chandelure|Chandelure|Chandelurite
|move|p1b: Sinistcha|Rage Powder|p1b: Sinistcha
|-singleturn|p1b: Sinistcha|move: Rage Powder
|move|p1a: Chandelure|Heat Wave|p2a: Farigiraf|[spread] p2a,p2b
|-damage|p2a: Farigiraf|64/100
|-damage|p2b: Floette|7/100
|move|p2b: Floette|Light of Ruin|p1b: Sinistcha
|-damage|p1b: Sinistcha|0 fnt
|faint|p1b: Sinistcha
|-damage|p2b: Floette|0 fnt|[from] Recoil
|faint|p2b: Floette
|
|upkeep
|
|t:|1783957885
|switch|p2b: Kingambit|Kingambit, L50, F|6/100
|turn|6
|
|t:|1783957898
|move|p2a: Farigiraf|Helping Hand|p2b: Kingambit
|-singleturn|p2b: Kingambit|Helping Hand|[of] p2a: Farigiraf
|move|p2b: Kingambit|Sucker Punch|p1a: Chandelure
|-supereffective|p1a: Chandelure|1
|-damage|p1a: Chandelure|0 fnt
|faint|p1a: Chandelure
|
|win|meteorator lv8
