|j|☆psychic system
|j|☆takuabionicle
|html|psychic systemtakuabionicle    
|uhtml|bestof|Game 3 of a best-of-3
|t:|1757709533
|gametype|doubles
|player|p1|psychic system|dawn|1200
|player|p2|takuabionicle|lillie-z|1095
|gen|9
|tier|[Gen 9] VGC 2025 Reg H (Bo3)
|rated|
|rule|Species Clause: Limit one of each Pokémon
|rule|Item Clause: Limit 1 of each item
|clearpoke
|poke|p1|Incineroar, L50, M|
|poke|p1|Florges, L50, F|
|poke|p1|Amoonguss, L50, M|
|poke|p1|Pelipper, L50, M|
|poke|p1|Garchomp, L50, F|
|poke|p1|Rillaboom, L50, M|
|poke|p2|Kommo-o, L50, M|
|poke|p2|Volcarona, L50, F|
|poke|p2|Clefable, L50, F|
|poke|p2|Rillaboom, L50, F|
|poke|p2|Grimmsnarl, L50, M|
|poke|p2|Salamence, L50, F|
|teampreview|4
|showteam|p1|Incineroar||SafetyGoggles|Intimidate|FakeOut,KnockOff,FlareBlitz,PartingShot|||M|||50|,,,,,Ghost]Florges||Leftovers|FlowerVeil|Moonblast,DazzlingGleam,CalmMind,Protect|||F|||50|,,,,,Poison]Amoonguss||SitrusBerry|Regenerator|ClearSmog,Spore,PollenPuff,RagePowder|||M|||50|,,,,,Water]Pelipper||ChoiceScarf|Drizzle|MuddyWater,Hurricane,IcyWind,WeatherBall|||M|||50|,,,,,Water]Garchomp||ClearAmulet|RoughSkin|StompingTantrum,DragonClaw,SwordsDance,Protect|||F|||50|,,,,,Poison]Rillaboom||AssaultVest|GrassySurge|DrumBeating,GrassyGlide,HighHorsepower,FakeOut|||M|||50|,,,,,Fire
|showteam|p2|Kommo-o||ThroatSpray|Overcoat|ClangingScales,ClangorousSoul,Protect,Flamethrower|||M|||50|,,,,,Steel]Volcarona||Leftovers|FlameBody|QuiverDance,Protect,GigaDrain,FieryDance|||F|||50|,,,,,Grass]Clefable||SafetyGoggles|Unaware|FollowMe,HealPulse,Protect,Moonblast|||F|||50|,,,,,Water]Rillaboom||AssaultVest|GrassySurge|WoodHammer,GrassyGlide,FakeOut,HighHorsepower|||F|||50|,,,,,Grass]Grimmsnarl||LightClay|Prankster|Reflect,LightScreen,ThunderWave,SpiritBreak|||M|||50|,,,,,Ghost]Salamence||ClearAmulet|Intimidate|Tailwind,TeraBlast,DragonClaw,IronHead|||F|||50|,,,,,Water
|inactive|Battle timer is ON: inactive players will automatically lose when time's up. (requested by psychic system)
|inactive|takuabionicle has 60 seconds left.
|
|t:|1757709609
|teamsize|p1|4
|teamsize|p2|4
|start
|switch|p1a: Florges|Florges, L50, F|100/100
|switch|p1b: Incineroar|Incineroar, L50, M|100/100
|switch|p2a: Clefable|Clefable, L50, F|100/100
|switch|p2b: Kommo-o|Kommo-o, L50, M, shiny|100/100
|-ability|p1b: Incineroar|Intimidate|boost
|-unboost|p2a: Clefable|atk|1
|-unboost|p2b: Kommo-o|atk|1
|turn|1
|
|t:|1757709629
|move|p2b: Kommo-o|Protect|p2b: Kommo-o
|-singleturn|p2b: Kommo-o|Protect
|move|p1b: Incineroar|Fake Out|p2b: Kommo-o
|-activate|p2b: Kommo-o|move: Protect
|move|p1a: Florges|Calm Mind|p1a: Florges
|-boost|p1a: Florges|spa|1
|-boost|p1a: Florges|spd|1
|move|p2a: Clefable|Moonblast|p1b: Incineroar
|-damage|p1b: Incineroar|73/100
|
|upkeep
|turn|2
|inactive|takuabionicle has 30 seconds left.
|
|t:|1757709658
|-terastallize|p2b: Kommo-o|Steel
|move|p2b: Kommo-o|Clangorous Soul|p2b: Kommo-o
|-boost|p2b: Kommo-o|atk|1
|-boost|p2b: Kommo-o|def|1
|-boost|p2b: Kommo-o|spa|1
|-boost|p2b: Kommo-o|spd|1
|-boost|p2b: Kommo-o|spe|1
|-damage|p2b: Kommo-o|68/100
|-enditem|p2b: Kommo-o|Throat Spray
|-boost|p2b: Kommo-o|spa|1|[from] item: Throat Spray
|move|p1a: Florges|Calm Mind|p1a: Florges
|-boost|p1a: Florges|spa|1
|-boost|p1a: Florges|spd|1
|move|p1b: Incineroar|Parting Shot|p2b: Kommo-o
|-unboost|p2b: Kommo-o|atk|1
|-unboost|p2b: Kommo-o|spa|1
|
|t:|1757709676
|switch|p1b: Amoonguss|Amoonguss, L50, M|100/100|[from] Parting Shot
|move|p2a: Clefable|Moonblast|p1b: Amoonguss
|-resisted|p1b: Amoonguss
|-damage|p1b: Amoonguss|86/100
|
|upkeep
|turn|3
|
|t:|1757709684
|switch|p1b: Incineroar|Incineroar, L50, M|73/100
|-ability|p1b: Incineroar|Intimidate|boost
|-unboost|p2a: Clefable|atk|1
|-unboost|p2b: Kommo-o|atk|1
|move|p2b: Kommo-o|Clangorous Soul|p2b: Kommo-o
|-boost|p2b: Kommo-o|atk|1
|-boost|p2b: Kommo-o|def|1
|-boost|p2b: Kommo-o|spa|1
|-boost|p2b: Kommo-o|spd|1
|-boost|p2b: Kommo-o|spe|1
|-damage|p2b: Kommo-o|35/100
|move|p1a: Florges|Calm Mind|p1a: Florges
|-boost|p1a: Florges|spa|1
|-boost|p1a: Florges|spd|1
|move|p2a: Clefable|Heal Pulse|p2b: Kommo-o
|-heal|p2b: Kommo-o|85/100
|
|upkeep
|turn|4
|
|t:|1757709702
|move|p2b: Kommo-o|Protect|p2b: Kommo-o
|-singleturn|p2b: Kommo-o|Protect
|move|p1b: Incineroar|Fake Out|p2b: Kommo-o
|-activate|p2b: Kommo-o|move: Protect
|move|p1a: Florges|Calm Mind|p1a: Florges
|-boost|p1a: Florges|spa|1
|-boost|p1a: Florges|spd|1
|move|p2a: Clefable|Moonblast|p1a: Florges
|-damage|p1a: Florges|78/100
|-unboost|p1a: Florges|spa|1
|
|-heal|p1a: Florges|84/100|[from] item: Leftovers
|upkeep
|turn|5
|
|t:|1757709723
|move|p2b: Kommo-o|Clanging Scales|p1b: Incineroar|[spread] p1b
|-immune|p1a: Florges
|-damage|p1b: Incineroar|15/100
|-unboost|p2b: Kommo-o|def|1
|move|p1a: Florges|Calm Mind|p1a: Florges
|-boost|p1a: Florges|spa|1
|-boost|p1a: Florges|spd|1
|move|p1b: Incineroar|Parting Shot|p2b: Kommo-o
|-unboost|p2b: Kommo-o|atk|1
|-unboost|p2b: Kommo-o|spa|1
|
|t:|1757709734
|switch|p1b: Amoonguss|Amoonguss, L50, M|100/100|[from] Parting Shot
|move|p2a: Clefable|Moonblast|p1a: Florges
|-damage|p1a: Florges|61/100
|
|-heal|p1a: Florges|68/100|[from] item: Leftovers
|upkeep
|turn|6
|
|t:|1757709744
|switch|p1b: Incineroar|Incineroar, L50, M|15/100
|-ability|p1b: Incineroar|Intimidate|boost
|-unboost|p2a: Clefable|atk|1
|-unboost|p2b: Kommo-o|atk|1
|move|p2b: Kommo-o|Clangorous Soul|p2b: Kommo-o
|-boost|p2b: Kommo-o|atk|1
|-boost|p2b: Kommo-o|def|1
|-boost|p2b: Kommo-o|spa|1
|-boost|p2b: Kommo-o|spd|1
|-boost|p2b: Kommo-o|spe|1
|-damage|p2b: Kommo-o|52/100
|move|p1a: Florges|Calm Mind|p1a: Florges
|-boost|p1a: Florges|spa|1
|-boost|p1a: Florges|spd|1
|move|p2a: Clefable|Heal Pulse|p2b: Kommo-o
|-heal|p2b: Kommo-o|100/100
|
|-heal|p1a: Florges|74/100|[from] item: Leftovers
|upkeep
|turn|7
|
|t:|1757709763
|move|p2b: Kommo-o|Protect|p2b: Kommo-o
|-singleturn|p2b: Kommo-o|Protect
|move|p1b: Incineroar|Fake Out|p2b: Kommo-o
|-activate|p2b: Kommo-o|move: Protect
|move|p1a: Florges|Calm Mind|p1a: Florges
|-boost|p1a: Florges|spa|1
|-boost|p1a: Florges|spd|0
|move|p2a: Clefable|Moonblast|p1a: Florges
|-damage|p1a: Florges|53/100
|-unboost|p1a: Florges|spa|1
|
|-heal|p1a: Florges|59/100|[from] item: Leftovers
|upkeep
|turn|8
|
|t:|1757709779
|move|p2b: Kommo-o|Flamethrower|p1b: Incineroar
|-resisted|p1b: Incineroar
|-damage|p1b: Incineroar|0 fnt
|faint|p1b: Incineroar
|move|p1a: Florges|Moonblast|p2b: Kommo-o
|-resisted|p2b: Kommo-o
|-damage|p2b: Kommo-o|69/100
|-unboost|p2b: Kommo-o|spa|1
|move|p2a: Clefable|Moonblast|p1a: Florges
|-damage|p1a: Florges|35/100
|
|-heal|p1a: Florges|41/100|[from] item: Leftovers
|upkeep
|
|t:|1757709795
|switch|p1b: Amoonguss|Amoonguss, L50, M|100/100
|turn|9
|
|t:|1757709810
|-terastallize|p1b: Amoonguss|Water
|move|p1b: Amoonguss|Rage Powder|p1b: Amoonguss
|-singleturn|p1b: Amoonguss|move: Rage Powder
|move|p2b: Kommo-o|Clangorous Soul|p2b: Kommo-o
|-boost|p2b: Kommo-o|atk|1
|-boost|p2b: Kommo-o|def|1
|-boost|p2b: Kommo-o|spa|1
|-boost|p2b: Kommo-o|spd|1
|-boost|p2b: Kommo-o|spe|1
|-damage|p2b: Kommo-o|36/100
|move|p1a: Florges|Moonblast|p2b: Kommo-o
|-resisted|p2b: Kommo-o
|-damage|p2b: Kommo-o|10/100
|move|p2a: Clefable|Heal Pulse|p2b: Kommo-o
|-heal|p2b: Kommo-o|60/100
|
|-heal|p1a: Florges|48/100|[from] item: Leftovers
|upkeep
|turn|10
|
|t:|1757709832
|move|p2b: Kommo-o|Flamethrower|p1a: Florges
|-damage|p1a: Florges|37/100
|move|p1a: Florges|Moonblast|p2b: Kommo-o
|-resisted|p2b: Kommo-o
|-damage|p2b: Kommo-o|33/100
|-unboost|p2b: Kommo-o|spa|1
|move|p2a: Clefable|Heal Pulse|p2b: Kommo-o
|-heal|p2b: Kommo-o|83/100
|move|p1b: Amoonguss|Pollen Puff|p1a: Florges
|-heal|p1a: Florges|87/100
|
|-heal|p1a: Florges|94/100|[from] item: Leftovers
|upkeep
|turn|11
|
|t:|1757709853
|move|p2b: Kommo-o|Clangorous Soul|p2b: Kommo-o
|-boost|p2b: Kommo-o|atk|1
|-boost|p2b: Kommo-o|def|1
|-boost|p2b: Kommo-o|spa|1
|-boost|p2b: Kommo-o|spd|1
|-boost|p2b: Kommo-o|spe|1
|-damage|p2b: Kommo-o|50/100
|move|p1a: Florges|Moonblast|p2b: Kommo-o
|-resisted|p2b: Kommo-o
|-damage|p2b: Kommo-o|30/100
|-unboost|p2b: Kommo-o|spa|1
|move|p2a: Clefable|Heal Pulse|p2b: Kommo-o
|-heal|p2b: Kommo-o|80/100
|move|p1b: Amoonguss|Pollen Puff|p1a: Florges
|-heal|p1a: Florges|100/100
|
|upkeep
|turn|12
|
|t:|1757709875
|move|p2b: Kommo-o|Clangorous Soul|p2b: Kommo-o
|-boost|p2b: Kommo-o|atk|1
|-boost|p2b: Kommo-o|def|1
|-boost|p2b: Kommo-o|spa|1
|-boost|p2b: Kommo-o|spd|1
|-boost|p2b: Kommo-o|spe|1
|-damage|p2b: Kommo-o|47/100
|move|p1a: Florges|Moonblast|p2b: Kommo-o
|-resisted|p2b: Kommo-o
|-damage|p2b: Kommo-o|26/100
|-unboost|p2b: Kommo-o|spa|1
|move|p2a: Clefable|Heal Pulse|p2b: Kommo-o
|-heal|p2b: Kommo-o|76/100
|move|p1b: Amoonguss|Pollen Puff|p1a: Florges
|
|upkeep
|turn|13
|
|t:|1757709893
|move|p2b: Kommo-o|Clanging Scales|p1b: Amoonguss|[spread] p1b
|-immune|p1a: Florges
|-damage|p1b: Amoonguss|55/100
|-unboost|p2b: Kommo-o|def|1
|move|p1a: Florges|Moonblast|p2b: Kommo-o
|-resisted|p2b: Kommo-o
|-damage|p2b: Kommo-o|55/100
|move|p2a: Clefable|Moonblast|p1a: Florges
|-damage|p1a: Florges|76/100
|move|p1b: Amoonguss|Pollen Puff|p1a: Florges
|-heal|p1a: Florges|100/100
|
|upkeep
|turn|14
|
|t:|1757709919
|move|p2b: Kommo-o|Clangorous Soul|p2b: Kommo-o
|-boost|p2b: Kommo-o|atk|1
|-boost|p2b: Kommo-o|def|1
|-boost|p2b: Kommo-o|spa|1
|-boost|p2b: Kommo-o|spd|0
|-boost|p2b: Kommo-o|spe|0
|-damage|p2b: Kommo-o|22/100
|move|p1a: Florges|Moonblast|p2b: Kommo-o
|-resisted|p2b: Kommo-o
|-damage|p2b: Kommo-o|2/100
|move|p2a: Clefable|Heal Pulse|p2b: Kommo-o
|-heal|p2b: Kommo-o|52/100
|move|p1b: Amoonguss|Pollen Puff|p1a: Florges
|
|upkeep
|turn|15
|
|t:|1757709936
|move|p2b: Kommo-o|Flamethrower|p1a: Florges
|-damage|p1a: Florges|91/100
|move|p1a: Florges|Moonblast|p2b: Kommo-o
|-resisted|p2b: Kommo-o
|-crit|p2b: Kommo-o
|-damage|p2b: Kommo-o|0 fnt
|faint|p2b: Kommo-o
|move|p2a: Clefable|Heal Pulse|p2: Kommo-o|[notarget]
|-fail|p2a: Clefable
|move|p1b: Amoonguss|Pollen Puff|p1a: Florges
|-heal|p1a: Florges|100/100
|
|upkeep
|
|t:|1757709943
|switch|p2b: Rillaboom|Rillaboom, L50, F|100/100
|-fieldstart|move: Grassy Terrain|[from] ability: Grassy Surge|[of] p2b: Rillaboom
|turn|16
|inactive|psychic system has 30 seconds left.
|inactive|psychic system has 20 seconds left.
|
|t:|1757709981
|switch|p1b: Garchomp|Garchomp, L50, F|100/100
|move|p2a: Clefable|Follow Me|p2a: Clefable
|-singleturn|p2a: Clefable|move: Follow Me
|move|p1a: Florges|Dazzling Gleam|p2b: Rillaboom|[spread] p2a,p2b
|-damage|p2a: Clefable|74/100
|-damage|p2b: Rillaboom|41/100
|move|p2b: Rillaboom|Wood Hammer|p1a: Florges
|-damage|p1a: Florges|22/100
|-damage|p2b: Rillaboom|18/100|[from] Recoil
|
|-heal|p1a: Florges|28/100|[from] Grassy Terrain
|-heal|p1a: Florges|35/100|[from] item: Leftovers
|-heal|p2b: Rillaboom|24/100|[from] Grassy Terrain
|-heal|p2a: Clefable|80/100|[from] Grassy Terrain
|upkeep
|turn|17
|
|t:|1757710005
|switch|p1b: Amoonguss|Amoonguss, L50, M, tera:Water|88/100
|move|p1a: Florges|Protect|p1a: Florges
|-singleturn|p1a: Florges|Protect
|move|p2b: Rillaboom|Grassy Glide|p1a: Florges
|-activate|p1a: Florges|move: Protect
|move|p2a: Clefable|Moonblast|p1b: Amoonguss
|-damage|p1b: Amoonguss|59/100
|
|-heal|p1a: Florges|41/100|[from] Grassy Terrain
|-heal|p1a: Florges|47/100|[from] item: Leftovers
|-heal|p2b: Rillaboom|30/100|[from] Grassy Terrain
|-heal|p2a: Clefable|86/100|[from] Grassy Terrain
|-heal|p1b: Amoonguss|65/100|[from] Grassy Terrain
|upkeep
|turn|18
|inactive|psychic system has 30 seconds left.
|inactive|takuabionicle has 30 seconds left.
|
|t:|1757710036
|move|p2b: Rillaboom|Grassy Glide|p1a: Florges
|-damage|p1a: Florges|8/100
|move|p1a: Florges|Dazzling Gleam|p2a: Clefable|[spread] p2a,p2b
|-crit|p2a: Clefable
|-damage|p2a: Clefable|51/100
|-damage|p2b: Rillaboom|0 fnt
|faint|p2b: Rillaboom
|move|p2a: Clefable|Moonblast|p1a: Florges
|-damage|p1a: Florges|0 fnt
|faint|p1a: Florges
|move|p1b: Amoonguss|Pollen Puff|p1: Florges|[notarget]
|-fail|p1b: Amoonguss
|
|-heal|p2a: Clefable|57/100|[from] Grassy Terrain
|-heal|p1b: Amoonguss|71/100|[from] Grassy Terrain
|upkeep
|
|t:|1757710049
|switch|p1a: Garchomp|Garchomp, L50, F|100/100
|switch|p2b: Volcarona|Volcarona, L50, F|100/100
|turn|19
|
|t:|1757710070
|move|p1a: Garchomp|Stomping Tantrum|p2a: Clefable
|-damage|p2a: Clefable|30/100
|move|p2b: Volcarona|Giga Drain|p1b: Amoonguss
|-supereffective|p1b: Amoonguss
|-damage|p1b: Amoonguss|16/100
|-enditem|p1b: Amoonguss|Sitrus Berry|[eat]
|-heal|p1b: Amoonguss|40/100|[from] item: Sitrus Berry
|move|p2a: Clefable|Moonblast|p1a: Garchomp
|-supereffective|p1a: Garchomp
|-damage|p1a: Garchomp|41/100
|move|p1b: Amoonguss|Spore|p2b: Volcarona
|-status|p2b: Volcarona|slp|[from] move: Spore
|
|-heal|p1a: Garchomp|47/100|[from] Grassy Terrain
|-heal|p2a: Clefable|36/100|[from] Grassy Terrain
|-heal|p1b: Amoonguss|46/100|[from] Grassy Terrain
|upkeep
|turn|20
|inactive|psychic system has 30 seconds left.
|inactive|psychic system has 20 seconds left.
|
|t:|1757710107
|move|p1a: Garchomp|Protect|p1a: Garchomp
|-singleturn|p1a: Garchomp|Protect
|move|p2a: Clefable|Protect|p2a: Clefable
|-singleturn|p2a: Clefable|Protect
|cant|p2b: Volcarona|slp
|move|p1b: Amoonguss|Clear Smog|p2a: Clefable
|-activate|p2a: Clefable|move: Protect
|
|-heal|p1a: Garchomp|53/100|[from] Grassy Terrain
|-heal|p2a: Clefable|42/100|[from] Grassy Terrain
|-heal|p1b: Amoonguss|52/100|[from] Grassy Terrain
|-fieldend|move: Grassy Terrain
|upkeep
|turn|21
|inactive|psychic system has 20 seconds left this turn.
|inactive|psychic system has 15 seconds left.
|inactive|psychic system has 10 seconds left.
|inactive|takuabionicle has 30 seconds left.
|
|t:|1757710142
|move|p1a: Garchomp|Protect||[still]
|-fail|p1a: Garchomp
|cant|p2b: Volcarona|slp
|move|p2a: Clefable|Moonblast|p1a: Garchomp
|-supereffective|p1a: Garchomp
|-damage|p1a: Garchomp|0 fnt
|faint|p1a: Garchomp
|move|p1b: Amoonguss|Clear Smog|p2a: Clefable
|-supereffective|p2a: Clefable
|-damage|p2a: Clefable|9/100
|-clearboost|p2a: Clefable
|
|upkeep
|turn|22
|inactive|psychic system has 10 seconds left this turn.
|inactive|psychic system has 5 seconds left.
|-message|psychic system lost due to inactivity.
|
|win|takuabionicle
|raw|psychic system's rating: 1200 → 1168(-32 for losing)
|raw|takuabionicle's rating: 1095 → 1128(+33 for winning)
|c|☆psychic system|gg
|c|☆takuabionicle|gg
|l|☆psychic system
|player|p1|
