|j|☆x-demon18
|j|☆Harbinger Aegis
|html|x-demon18Harbinger Aegis    
|uhtml|bestof|Game 3 of a best-of-3
|t:|1784775777
|gametype|doubles
|player|p1|x-demon18|lucas|1042
|player|p2|Harbinger Aegis|170|1000
|gen|9
|tier|[Gen 9 Champions] VGC 2026 Reg M-B (Bo3)
|rated|
|rule|Species Clause: Limit one of each Pokémon
|rule|Item Clause: Limit 1 of each item
|clearpoke
|poke|p1|Incineroar, L50, F|
|poke|p1|Rotom-Wash, L50|
|poke|p1|Venusaur, L50, F|
|poke|p1|Corviknight, L50, F|
|poke|p1|Sylveon, L50, F|
|poke|p1|Garchomp, L50, M|
|poke|p2|Floette-Eternal, L50, F|
|poke|p2|Volcarona, L50, M|
|poke|p2|Tyranitar, L50, M|
|poke|p2|Excadrill, L50, F|
|poke|p2|Staraptor, L50, M|
|poke|p2|Sinistcha, L50|
|teampreview|4
|showteam|p1|Incineroar||ExpertBelt|Intimidate|FakeOut,TemperFlare,ThroatChop,PartingShot|Adamant||F|||50|]Rotom-Wash||RindoBerry|Levitate|HydroPump,Electroweb,WillOWisp,VoltSwitch|Modest|||||50|]Venusaur||Venusaurite|Chlorophyll|GigaDrain,SludgeBomb,EarthPower,Protect|Modest||F|||50|]Corviknight||OccaBerry|MirrorArmor|Tailwind,DualWingbeat,IronHead,BodyPress|Adamant||F|||50|]Sylveon||FairyFeather|Pixilate|HyperVoice,QuickAttack,Yawn,Detect|Modest||F|||50|]Garchomp||LifeOrb|RoughSkin|RockSlide,DragonClaw,StompingTantrum,Protect|Jolly||M|||50|
|showteam|p2|Floette-Eternal||Floettite|FlowerVeil|DazzlingGleam,Moonblast,CalmMind,Protect|Quiet||F|||50|]Volcarona||SitrusBerry|FlameBody|HeatWave,GigaDrain,QuiverDance,Protect|Modest||M|||50|]Tyranitar||ChoiceScarf|SandStream|RockSlide,KnockOff,Superpower,IcePunch|Jolly||M|||50|]Excadrill||FocusSash|SandRush|Earthquake,IronHead,HighHorsepower,Protect|Jolly||F|||50|]Staraptor||Staraptite|Intimidate|BraveBird,CloseCombat,Tailwind,Protect|Jolly||M|||50|]Sinistcha||KasibBerry|Hospitality|MatchaGotcha,RagePowder,TrickRoom,Protect|Bold|||||50|
|
|t:|1784775861
|teamsize|p1|4
|teamsize|p2|4
|start
|switch|p1a: HydroVolt|Rotom-Wash, L50|100/100
|switch|p1b: Yggdrasil|Venusaur, L50, F|100/100
|switch|p2a: Volcarona|Volcarona, L50, M|100/100
|switch|p2b: Floette|Floette-Eternal, L50, F|100/100
|turn|1
|
|t:|1784775903
|detailschange|p1b: Yggdrasil|Venusaur-Mega, L50, F
|-mega|p1b: Yggdrasil|Venusaur|Venusaurite
|detailschange|p2b: Floette|Floette-Mega, L50, F
|-mega|p2b: Floette|Floette|Floettite
|-ability|p2b: Floette|Fairy Aura
|move|p2a: Volcarona|Quiver Dance|p2a: Volcarona
|-boost|p2a: Volcarona|spa|1
|-boost|p2a: Volcarona|spd|1
|-boost|p2a: Volcarona|spe|1
|move|p1b: Yggdrasil|Sludge Bomb|p2a: Volcarona
|-damage|p2a: Volcarona|69/100
|move|p1a: HydroVolt|Hydro Pump|p2a: Volcarona
|-supereffective|p2a: Volcarona|1
|-damage|p2a: Volcarona|8/100
|-enditem|p2a: Volcarona|Sitrus Berry|[eat]
|-heal|p2a: Volcarona|33/100|[from] item: Sitrus Berry
|move|p2b: Floette|Moonblast|p1a: HydroVolt
|-damage|p1a: HydroVolt|24/100
|
|upkeep
|turn|2
|
|t:|1784775929
|switch|p1a: Frieren|Sylveon, L50, F|100/100
|move|p2a: Volcarona|Heat Wave|p1a: Frieren|[spread] p1a,p1b
|-supereffective|p1b: Yggdrasil|1
|-damage|p1a: Frieren|60/100
|-damage|p1b: Yggdrasil|60/100
|-status|p1a: Frieren|brn
|move|p1b: Yggdrasil|Sludge Bomb|p2b: Floette
|-supereffective|p2b: Floette|1
|-damage|p2b: Floette|30/100
|-status|p2b: Floette|psn
|move|p2b: Floette|Calm Mind|p2b: Floette
|-boost|p2b: Floette|spa|1
|-boost|p2b: Floette|spd|1
|
|-damage|p2b: Floette|18/100 psn|[from] psn
|-damage|p1a: Frieren|54/100 brn|[from] brn
|upkeep
|turn|3
|
|t:|1784775959
|move|p2a: Volcarona|Protect|p2a: Volcarona
|-singleturn|p2a: Volcarona|Protect
|move|p1b: Yggdrasil|Sludge Bomb|p2a: Volcarona
|-activate|p2a: Volcarona|move: Protect
|move|p2b: Floette|Moonblast|p1a: Frieren
|-crit|p1a: Frieren
|-damage|p1a: Frieren|0 fnt
|faint|p1a: Frieren
|
|-damage|p2b: Floette|6/100 psn|[from] psn
|upkeep
|
|t:|1784775973
|switch|p1a: Berserk|Garchomp, L50, M|100/100
|turn|4
|
|t:|1784775981
|move|p1a: Berserk|Protect|p1a: Berserk
|-singleturn|p1a: Berserk|Protect
|move|p2a: Volcarona|Heat Wave|p1b: Yggdrasil|[spread] p1b
|-activate|p1a: Berserk|move: Protect
|-supereffective|p1b: Yggdrasil|1
|-damage|p1b: Yggdrasil|21/100
|move|p1b: Yggdrasil|Sludge Bomb|p2a: Volcarona
|-damage|p2a: Volcarona|5/100
|-status|p2a: Volcarona|psn
|move|p2b: Floette|Moonblast|p1a: Berserk
|-activate|p1a: Berserk|move: Protect
|
|-damage|p2a: Volcarona|0 fnt|[from] psn
|faint|p2a: Volcarona
|-damage|p2b: Floette|0 fnt|[from] psn
|faint|p2b: Floette
|upkeep
|
|t:|1784775994
|switch|p2a: Tyranitar|Tyranitar, L50, M|100/100
|switch|p2b: Excadrill|Excadrill, L50, F|100/100
|-weather|Sandstorm|[from] ability: Sand Stream|[of] p2a: Tyranitar
|turn|5
|
|t:|1784776014
|switch|p1a: HydroVolt|Rotom-Wash, L50|24/100
|move|p2b: Excadrill|Iron Head|p1b: Yggdrasil
|-damage|p1b: Yggdrasil|0 fnt
|faint|p1b: Yggdrasil
|move|p2a: Tyranitar|Ice Punch|p1a: HydroVolt
|-resisted|p1a: HydroVolt|1
|-damage|p1a: HydroVolt|12/100
|-status|p1a: HydroVolt|frz
|
|-weather|Sandstorm|[upkeep]
|-damage|p1a: HydroVolt|6/100 frz|[from] Sandstorm
|upkeep
|
|t:|1784776028
|switch|p1b: Berserk|Garchomp, L50, M|100/100
|turn|6
|
|t:|1784776040
|move|p2b: Excadrill|Iron Head|p1a: HydroVolt
|-resisted|p1a: HydroVolt|2
|-damage|p1a: HydroVolt|0 fnt
|faint|p1a: HydroVolt
|move|p2a: Tyranitar|Ice Punch|p1b: Berserk
|-supereffective|p1b: Berserk|2
|-damage|p1b: Berserk|0 fnt
|-damage|p2a: Tyranitar|87/100|[from] ability: Rough Skin|[of] p1b: Berserk
|faint|p1b: Berserk
|
|win|Harbinger Aegis
|raw|x-demon18's rating: 1042 → 1024(-18 for losing)
|raw|Harbinger Aegis's rating: 1000 → 1045(+45 for winning)
|l|☆Harbinger Aegis
|player|p2|
|l|☆x-demon18
|player|p1|
|j|☆x-demon18
|player|p1|x-demon18|lucas|
|l|☆x-demon18
|player|p1|
|j|☆Harbinger Aegis
|player|p2|Harbinger Aegis|170|
