|j|☆Luzeleah
|j|☆Mythicallegand
|html|LuzeleahMythicallegand    
|uhtml|bestof|Game 1 of a best-of-3
|t:|1756817258
|gametype|doubles
|player|p1|Luzeleah|lacey|1109
|player|p2|Mythicallegand|iris|1137
|gen|9
|tier|[Gen 9] VGC 2025 Reg H (Bo3)
|rated|
|rule|Species Clause: Limit one of each Pokémon
|rule|Item Clause: Limit 1 of each item
|clearpoke
|poke|p1|Spewpa, L50, F|
|poke|p1|Volcarona, L50, F|
|poke|p1|Incineroar, L50, F|
|poke|p1|Rillaboom, L50, F|
|poke|p1|Ninetales-Alola, L50, F|
|poke|p1|Dragonite, L50, F|
|poke|p2|Typhlosion-Hisui, L50, M|
|poke|p2|Whimsicott, L50, M|
|poke|p2|Farigiraf, L50, F|
|poke|p2|Gardevoir, L50, M|
|poke|p2|Garchomp, L50, M|
|poke|p2|Pawmot, L50, F|
|teampreview|4
|showteam|p1|Spewpa||Eviolite|FriendGuard|StruggleBug,StunSpore,RagePowder,Protect|||F|||50|,,,,,Fire]Volcarona||Leftovers|FlameBody|HeatWave,GigaDrain,QuiverDance,Protect|||F|||50|,,,,,Grass]Incineroar||SafetyGoggles|Intimidate|FakeOut,FlareBlitz,KnockOff,PartingShot|||F|||50|,,,,,Bug]Rillaboom||AssaultVest|GrassySurge|FakeOut,GrassyGlide,WoodHammer,Uturn|||F|||50|,,,,,Fire]Ninetales-Alola||ChoiceScarf|SnowWarning|Blizzard,FreezeDry,IcyWind,Moonblast|||F|||50|,,,,,Fire]Dragonite||CovertCloak|Multiscale|ExtremeSpeed,LowKick,Haze,Protect|||F|||50|,,,,,Normal
|showteam|p2|Typhlosion-Hisui||ChoiceSpecs|Blaze|Eruption,HeatWave,ShadowBall,TeraBlast|||M|||50|,,,,,Grass]Whimsicott||CovertCloak|Prankster|Encore,Tailwind,Taunt,Moonblast|||M|||50|,,,,,Water]Farigiraf||LifeOrb|ArmorTail|Imprison,TrickRoom,HyperVoice,Psychic|||F|||50|,,,,,Fairy]Gardevoir||ChoiceScarf|Telepathy|Moonblast,DazzlingGleam,Psychic,ShadowBall|||M|||50|,,,,,Ghost]Garchomp||ClearAmulet|RoughSkin|Earthquake,Protect,StompingTantrum,Outrage|||M|||50|,,,,,Ground]Pawmot||FocusSash|NaturalCure|CloseCombat,DoubleShock,FakeOut,Protect|||F|||50|,,,,,Electric
|inactive|Battle timer is ON: inactive players will automatically lose when time's up. (requested by Mythicallegand)
|inactive|Luzeleah has 60 seconds left.
|inactive|Mythicallegand has 60 seconds left.
|
|t:|1756817321
|teamsize|p1|4
|teamsize|p2|4
|start
|switch|p1a: nya :3|Incineroar, L50, F|100/100
|switch|p1b: big melith|Volcarona, L50, F|100/100
|switch|p2a: Garchomp|Garchomp, L50, M|100/100
|switch|p2b: Gardevoir|Gardevoir, L50, M|100/100
|-ability|p1a: nya :3|Intimidate|boost
|-fail|p2a: Garchomp|unboost|[from] item: Clear Amulet|[of] p2a: Garchomp
|-unboost|p2b: Gardevoir|atk|1
|turn|1
|inactive|Luzeleah has 30 seconds left.
|inactive|Mythicallegand has 30 seconds left.
|inactive|Luzeleah has 20 seconds left.
|inactive|Mythicallegand has 20 seconds left.
|
|t:|1756817361
|-terastallize|p2a: Garchomp|Ground
|move|p2b: Gardevoir|Psychic|p1b: big melith
|-damage|p1b: big melith|59/100
|move|p2a: Garchomp|Earthquake|p1a: nya :3|[spread] p1a,p1b
|-activate|p2b: Gardevoir|ability: Telepathy
|-supereffective|p1a: nya :3
|-damage|p1a: nya :3|20/100
|-damage|p1b: big melith|0 fnt
|faint|p1b: big melith
|move|p1a: nya :3|Parting Shot|p2b: Gardevoir
|-unboost|p2b: Gardevoir|atk|1
|-unboost|p2b: Gardevoir|spa|1
|
|t:|1756817372
|switch|p1a: blizza|Ninetales-Alola, L50, F, shiny|100/100|[from] Parting Shot
|-weather|Snowscape|[from] ability: Snow Warning|[of] p1a: blizza
|
|-weather|Snowscape|[upkeep]
|upkeep
|
|t:|1756817388
|switch|p1b: go ape|Rillaboom, L50, F|100/100
|-fieldstart|move: Grassy Terrain|[from] ability: Grassy Surge|[of] p1b: go ape
|turn|2
|
|t:|1756817411
|switch|p2b: Whimsicott|Whimsicott, L50, M|100/100
|move|p2a: Garchomp|Protect|p2a: Garchomp
|-singleturn|p2a: Garchomp|Protect
|move|p1b: go ape|Fake Out|p2b: Whimsicott
|-damage|p2b: Whimsicott|87/100
|move|p1a: blizza|Blizzard|p2b: Whimsicott|[spread] p2b
|-activate|p2a: Garchomp|move: Protect
|-supereffective|p2b: Whimsicott
|-damage|p2b: Whimsicott|12/100
|
|-weather|Snowscape|[upkeep]
|-heal|p2b: Whimsicott|18/100|[from] Grassy Terrain
|upkeep
|turn|3
|inactive|Luzeleah has 30 seconds left.
|
|t:|1756817439
|move|p2b: Whimsicott|Tailwind|p2b: Whimsicott
|-sidestart|p2: Mythicallegand|move: Tailwind
|move|p1b: go ape|Grassy Glide|p2a: Garchomp
|-supereffective|p2a: Garchomp
|-damage|p2a: Garchomp|36/100
|-damage|p1b: go ape|88/100|[from] ability: Rough Skin|[of] p2a: Garchomp
|move|p2a: Garchomp|Stomping Tantrum|p1a: blizza
|-crit|p1a: blizza
|-damage|p1a: blizza|34/100
|move|p1a: blizza|Blizzard|p2a: Garchomp|[spread] p2a,p2b
|-supereffective|p2a: Garchomp
|-supereffective|p2b: Whimsicott
|-damage|p2a: Garchomp|0 fnt
|-damage|p2b: Whimsicott|0 fnt
|faint|p2a: Garchomp
|faint|p2b: Whimsicott
|
|-weather|Snowscape|[upkeep]
|-heal|p1a: blizza|40/100|[from] Grassy Terrain
|-heal|p1b: go ape|94/100|[from] Grassy Terrain
|upkeep
|
|t:|1756817453
|switch|p2b: Typhlosion|Typhlosion-Hisui, L50, M|100/100
|switch|p2a: Gardevoir|Gardevoir, L50, M|100/100
|turn|4
|inactive|Luzeleah has 30 seconds left.
|inactive|Luzeleah has 20 seconds left.
|inactive|Luzeleah has 15 seconds left.
|inactive|Luzeleah has 10 seconds left.
|inactive|Luzeleah has 5 seconds left.
|
|t:|1756817505
|-terastallize|p1b: go ape|Fire
|move|p2a: Gardevoir|Dazzling Gleam|p1b: go ape|[spread] p1a,p1b
|-resisted|p1b: go ape
|-damage|p1a: blizza|7/100
|-damage|p1b: go ape|84/100
|move|p2b: Typhlosion|Eruption|p1a: blizza|[spread] p1a,p1b
|-supereffective|p1a: blizza
|-resisted|p1b: go ape
|-damage|p1a: blizza|0 fnt
|-damage|p1b: go ape|61/100
|faint|p1a: blizza
|move|p1b: go ape|Wood Hammer|p2a: Gardevoir
|-damage|p2a: Gardevoir|4/100
|-damage|p1b: go ape|38/100|[from] Recoil
|
|-weather|Snowscape|[upkeep]
|-heal|p2a: Gardevoir|10/100|[from] Grassy Terrain
|-heal|p1b: go ape|44/100|[from] Grassy Terrain
|upkeep
|
|t:|1756817518
|switch|p1a: nya :3|Incineroar, L50, F|20/100
|-ability|p1a: nya :3|Intimidate|boost
|-unboost|p2a: Gardevoir|atk|1
|-unboost|p2b: Typhlosion|atk|1
|turn|5
|inactive|Luzeleah has 30 seconds left.
|
|t:|1756817545
|move|p1a: nya :3|Fake Out|p2a: Gardevoir
|-damage|p2a: Gardevoir|0 fnt
|faint|p2a: Gardevoir
|move|p1b: go ape|Grassy Glide|p2b: Typhlosion
|-resisted|p2b: Typhlosion
|-damage|p2b: Typhlosion|76/100
|move|p2b: Typhlosion|Eruption|p1a: nya :3|[spread] p1a,p1b
|-resisted|p1a: nya :3
|-resisted|p1b: go ape
|-damage|p1a: nya :3|0 fnt
|-damage|p1b: go ape|28/100
|faint|p1a: nya :3
|
|-weather|none
|-heal|p2b: Typhlosion|82/100|[from] Grassy Terrain
|-heal|p1b: go ape|34/100|[from] Grassy Terrain
|upkeep
|turn|6
|
|t:|1756817562
|move|p1b: go ape|Grassy Glide|p2b: Typhlosion
|-resisted|p2b: Typhlosion
|-damage|p2b: Typhlosion|58/100
|move|p2b: Typhlosion|Eruption|p1b: go ape
|-resisted|p1b: go ape
|-damage|p1b: go ape|17/100
|
|-heal|p2b: Typhlosion|64/100|[from] Grassy Terrain
|-heal|p1b: go ape|22/100|[from] Grassy Terrain
|-sideend|p2: Mythicallegand|move: Tailwind
|-fieldend|move: Grassy Terrain
|upkeep
|turn|7
|
|t:|1756817574
|move|p2b: Typhlosion|Eruption|p1b: go ape
|-resisted|p1b: go ape
|-damage|p1b: go ape|0 fnt
|faint|p1b: go ape
|
|win|Mythicallegand
||Mythicallegand is ready for game 2.
||Luzeleah is ready for game 2.
|uhtml|next|Next: Game 2 of 3
|l|☆Mythicallegand
|player|p2|
