|j|☆Scobie
|j|☆MrTedno
|html|ScobieMrTedno    
|uhtml|bestof|Game 3 of a best-of-3
|t:|1756384867
|gametype|doubles
|player|p1|Scobie|veteran-gen4|1171
|player|p2|MrTedno|2|1208
|gen|9
|tier|[Gen 9] VGC 2025 Reg H (Bo3)
|rated|
|rule|Species Clause: Limit one of each Pokémon
|rule|Item Clause: Limit 1 of each item
|clearpoke
|poke|p1|Raichu, L50, F|
|poke|p1|Pelipper, L50, M|
|poke|p1|Archaludon, L50, F|
|poke|p1|Incineroar, L50, M|
|poke|p1|Dragonite, L50, M|
|poke|p1|Sneasler, L50, M|
|poke|p2|Dondozo, L50, F|
|poke|p2|Tatsugiri, L50, M|
|poke|p2|Politoed, L50, M|
|poke|p2|Archaludon, L50, F|
|poke|p2|Amoonguss, L50, M|
|poke|p2|Overqwil, L50, F|
|teampreview|4
|showteam|p1|Raichu||FocusSash|LightningRod|FakeOut,Electroweb,Thunderbolt,ElectricTerrain|||F|||50|,,,,,Electric]Pelipper||RockyHelmet|Drizzle|Hurricane,Tailwind,Protect,MuddyWater|||M|||50|,,,,,Steel]Archaludon||AssaultVest|Stamina|ElectroShot,BodyPress,FlashCannon,DracoMeteor|||F|||50|,,,,,Grass]Incineroar||SafetyGoggles|Intimidate|FakeOut,KnockOff,FlareBlitz,PartingShot|||M|||50|,,,,,Ghost]Dragonite||LoadedDice|Multiscale|Protect,ScaleShot,Waterfall,Haze|||M|||50|,,,,,Fairy]Sneasler||WhiteHerb|Unburden|DireClaw,CloseCombat,FakeOut,Protect|||M|||50|,,,,,Stellar
|showteam|p2|Dondozo||LifeOrb|Unaware|Surf,Protect,SleepTalk|||F|||50|,,,,,Water]Tatsugiri||FocusSash|Commander|DracoMeteor,Protect,MuddyWater,Taunt|||M|||50|,,,,,Stellar]Politoed||SitrusBerry|Drizzle|WeatherBall,IceBeam,Haze,Protect|||M|||50|,,,,,Steel]Archaludon||AssaultVest|Stamina|BodyPress,ElectroShot,DragonPulse,FlashCannon|||F|||50|,,,,,Grass]Amoonguss||RockyHelmet|Regenerator|Spore,RagePowder,PollenPuff,Protect|||M|||50|,,,,,Fairy]Overqwil||ChoiceBand|SwiftSwim|PoisonJab,ThroatChop,Liquidation,PinMissile|||F|||50|,,,,,Ghost
|inactive|Battle timer is ON: inactive players will automatically lose when time's up. (requested by MrTedno)
|inactive|MrTedno has 60 seconds left.
|inactive|MrTedno has 30 seconds left.
|
|t:|1756384935
|teamsize|p1|4
|teamsize|p2|4
|start
|switch|p1a: Incineroar|Incineroar, L50, M|100/100
|switch|p1b: Sneasler|Sneasler, L50, M|100/100
|switch|p2a: Barnacles|Archaludon, L50, F|100/100
|switch|p2b: Turnip|Amoonguss, L50, M|100/100
|-ability|p1a: Incineroar|Intimidate|boost
|-unboost|p2a: Barnacles|atk|1
|-unboost|p2b: Turnip|atk|1
|turn|1
|inactive|Scobie has 30 seconds left.
|inactive|MrTedno has 30 seconds left.
|inactive|MrTedno has 20 seconds left.
|inactive|MrTedno has 15 seconds left.
|
|t:|1756384979
|switch|p2a: Peso|Tatsugiri, L50, M|100/100
|move|p2b: Turnip|Protect|p2b: Turnip
|-singleturn|p2b: Turnip|Protect
|move|p1a: Incineroar|Fake Out|p2b: Turnip
|-activate|p2b: Turnip|move: Protect
|move|p1b: Sneasler|Close Combat|p2a: Peso
|-enditem|p2a: Peso|Focus Sash
|-damage|p2a: Peso|1/100
|-unboost|p1b: Sneasler|def|1
|-unboost|p1b: Sneasler|spd|1
|-enditem|p1b: Sneasler|White Herb
|-clearnegativeboost|p1b: Sneasler|[silent]
|
|upkeep
|turn|2
|inactive|Scobie has 30 seconds left.
|inactive|MrTedno has 30 seconds left.
|inactive|MrTedno has 20 seconds left.
|
|t:|1756385017
|move|p1b: Sneasler|Protect|p1b: Sneasler
|-singleturn|p1b: Sneasler|Protect
|move|p2b: Turnip|Rage Powder|p2b: Turnip
|-singleturn|p2b: Turnip|move: Rage Powder
|move|p2a: Peso|Muddy Water|p1b: Sneasler|[spread] p1a
|-activate|p1b: Sneasler|move: Protect
|-supereffective|p1a: Incineroar
|-damage|p1a: Incineroar|43/100
|move|p1a: Incineroar|Knock Off|p2a: Peso
|-damage|p2a: Peso|0 fnt
|faint|p2a: Peso
|
|upkeep
|
|t:|1756385023
|switch|p2a: Barnacles|Archaludon, L50, F|100/100
|turn|3
|inactive|MrTedno has 30 seconds left.
|inactive|MrTedno has 20 seconds left.
|
|t:|1756385060
|-terastallize|p2b: Turnip|Fairy
|move|p2b: Turnip|Rage Powder|p2b: Turnip
|-singleturn|p2b: Turnip|move: Rage Powder
|move|p1b: Sneasler|Close Combat|p2b: Turnip
|-resisted|p2b: Turnip
|-damage|p2b: Turnip|75/100
|-unboost|p1b: Sneasler|def|1
|-unboost|p1b: Sneasler|spd|1
|-damage|p1b: Sneasler|84/100|[from] item: Rocky Helmet|[of] p2b: Turnip
|move|p2a: Barnacles|Electro Shot||[still]
|-prepare|p2a: Barnacles|Electro Shot
|-boost|p2a: Barnacles|spa|1
|move|p1a: Incineroar|Parting Shot|p2a: Barnacles
|-unboost|p2a: Barnacles|atk|1
|-unboost|p2a: Barnacles|spa|1
|
|t:|1756385074
|switch|p1a: Raichu|Raichu, L50, F|100/100|[from] Parting Shot
|
|upkeep
|turn|4
|
|t:|1756385090
|move|p1b: Sneasler|Dire Claw|p2b: Turnip
|-supereffective|p2b: Turnip
|-damage|p2b: Turnip|12/100
|-status|p2b: Turnip|slp
|-damage|p1b: Sneasler|67/100|[from] item: Rocky Helmet|[of] p2b: Turnip
|move|p1a: Raichu|Electric Terrain|p1a: Raichu
|-fieldstart|move: Electric Terrain
|move|p2a: Barnacles|Electro Shot|p1a: Raichu|[from] lockedmove
|-ability|p1a: Raichu|Lightning Rod|boost
|-boost|p1a: Raichu|spa|1
|cant|p2b: Turnip|slp
|
|upkeep
|turn|5
|c|☆MrTedno|ggwp
|c|☆Scobie|gg
|inactive|Scobie has 30 seconds left.
|inactive|MrTedno has 30 seconds left.
|inactive|Scobie has 20 seconds left.
|
|t:|1756385129
|cant|p2b: Turnip|slp
|move|p1b: Sneasler|Close Combat|p2a: Barnacles
|-supereffective|p2a: Barnacles
|-damage|p2a: Barnacles|10/100
|-unboost|p1b: Sneasler|def|1
|-unboost|p1b: Sneasler|spd|1
|-ability|p2a: Barnacles|Stamina|boost
|-boost|p2a: Barnacles|def|1
|move|p1a: Raichu|Electroweb|p2b: Turnip|[spread] p2a,p2b
|-resisted|p2a: Barnacles
|-damage|p2a: Barnacles|0 fnt
|-damage|p2b: Turnip|0 fnt
|faint|p2a: Barnacles
|faint|p2b: Turnip
|
|upkeep
|
|t:|1756385141
|switch|p2b: Shellington|Overqwil, L50, F|100/100
|turn|6
|
|t:|1756385151
|move|p1b: Sneasler|Protect|p1b: Sneasler
|-singleturn|p1b: Sneasler|Protect
|move|p1a: Raichu|Thunderbolt|p2b: Shellington
|-damage|p2b: Shellington|0 fnt
|faint|p2b: Shellington
|
|win|Scobie
|raw|Scobie's rating: 1171 → 1199(+28 for winning)
|raw|MrTedno's rating: 1208 → 1180(-28 for losing)
