|j|☆Tedi2002
|j|☆ufhednarvgc
|html|Tedi2002ufhednarvgc    
|uhtml|bestof|Game 3 of a best-of-3
|t:|1785348346
|gametype|doubles
|player|p1|Tedi2002|red|1213
|player|p2|ufhednarvgc|lance|1194
|gen|9
|tier|[Gen 9 Champions] VGC 2026 Reg M-B (Bo3)
|rated|
|rule|Species Clause: Limit one of each Pokémon
|rule|Item Clause: Limit 1 of each item
|clearpoke
|poke|p1|Raichu, L50, M|
|poke|p1|Blaziken, L50, M|
|poke|p1|Ninetales-Alola, L50, F|
|poke|p1|Incineroar, L50, M|
|poke|p1|Basculegion, L50, M|
|poke|p1|Kingambit, L50, M|
|poke|p2|Staraptor, L50, M|
|poke|p2|Whimsicott, L50, F|
|poke|p2|Garchomp, L50, F|
|poke|p2|Gholdengo, L50|
|poke|p2|Incineroar, L50, M|
|poke|p2|Raichu, L50, F|
|teampreview|4
|showteam|p1|Raichu||RaichuniteY|LightningRod|ZapCannon,FocusBlast,FakeOut,Protect|Timid||M|||50|]Blaziken||Blazikenite|SpeedBoost|FlareBlitz,CloseCombat,RockSlide,Detect|Adamant||M|||50|]Ninetales-Alola||NeverMeltIce|SnowWarning|Blizzard,FreezeDry,DazzlingGleam,Protect|Timid||F|||50|]Incineroar||ChopleBerry|Intimidate|DarkestLariat,FlareBlitz,FakeOut,PartingShot|Adamant||M|||50|]Basculegion||ChoiceScarf|SwiftSwim|WaveCrash,FlipTurn,AquaJet,LastRespects|Jolly||M|||50|]Kingambit||LifeOrb|Defiant|KowtowCleave,SuckerPunch,IronHead,Protect|Adamant||M|||50|
|showteam|p2|Staraptor||Staraptite|Intimidate|CloseCombat,BraveBird,Roost,Protect|Jolly||M|||50|]Whimsicott||FocusSash|Prankster|Moonblast,Charm,Tailwind,LightScreen|Timid||F|||50|]Garchomp||LifeOrb|RoughSkin|DragonClaw,Earthquake,RockSlide,Protect|Jolly||F|||50|]Gholdengo||WhiteHerb|GoodasGold|MakeItRain,ShadowBall,NastyPlot,Protect|Timid|||||50|]Incineroar||SitrusBerry|Intimidate|FakeOut,FlareBlitz,PartingShot,ThroatChop|Careful||M|||50|]Raichu||RaichuniteY|Static|FakeOut,ZapCannon,FocusBlast,Protect|Timid||F|||50|
|inactive|Battle timer is ON: inactive players will automatically lose when time's up. (requested by Tedi2002)
|inactive|ufhednarvgc has 60 seconds left.
|
|t:|1785348380
|teamsize|p1|4
|teamsize|p2|4
|start
|switch|p1a: Ninetales|Ninetales-Alola, L50, F|100/100
|switch|p1b: Incineroar|Incineroar, L50, M|100/100
|switch|p2a: Incineroar|Incineroar, L50, M|100/100
|switch|p2b: Raichu|Raichu, L50, F|100/100
|-weather|Snowscape|[from] ability: Snow Warning|[of] p1a: Ninetales
|-ability|p2a: Incineroar|Intimidate|boost
|-unboost|p1a: Ninetales|atk|1
|-unboost|p1b: Incineroar|atk|1
|-ability|p1b: Incineroar|Intimidate|boost
|-unboost|p2a: Incineroar|atk|1
|-unboost|p2b: Raichu|atk|1
|turn|1
|
|t:|1785348398
|switch|p1a: Raichu|Raichu, L50, M|100/100
|detailschange|p2b: Raichu|Raichu-Mega-Y, L50, F
|-mega|p2b: Raichu|Raichu|Raichunite Y
|move|p2a: Incineroar|Fake Out|p1b: Incineroar
|-damage|p1b: Incineroar|93/100
|cant|p1b: Incineroar|flinch
|move|p2b: Raichu|Zap Cannon|p1a: Raichu
|-ability|p1a: Raichu|Lightning Rod|boost
|-boost|p1a: Raichu|spa|1
|
|-weather|Snowscape|[upkeep]
|upkeep
|turn|2
|inactive|ufhednarvgc has 30 seconds left.
|inactive|Tedi2002 has 30 seconds left.
|
|t:|1785348435
|switch|p2a: Whimsicott|Whimsicott, L50, F|100/100
|detailschange|p1a: Raichu|Raichu-Mega-Y, L50, M
|-mega|p1a: Raichu|Raichu|Raichunite Y
|move|p2b: Raichu|Protect|p2b: Raichu
|-singleturn|p2b: Raichu|Protect
|move|p1a: Raichu|Zap Cannon|p2a: Whimsicott
|-resisted|p2a: Whimsicott|1
|-damage|p2a: Whimsicott|20/100y
|-status|p2a: Whimsicott|par
|move|p1b: Incineroar|Parting Shot|p2b: Raichu
|-activate|p2b: Raichu|move: Protect
|
|-weather|Snowscape|[upkeep]
|upkeep
|turn|3
|inactive|ufhednarvgc has 30 seconds left.
|
|t:|1785348463
|move|p1a: Raichu|Protect|p1a: Raichu
|-singleturn|p1a: Raichu|Protect
|move|p2a: Whimsicott|Tailwind|p2a: Whimsicott
|-sidestart|p2: ufhednarvgc|move: Tailwind
|move|p2b: Raichu|Zap Cannon|p1b: Incineroar
|-damage|p1b: Incineroar|34/100
|-status|p1b: Incineroar|par
|move|p1b: Incineroar|Parting Shot|p2b: Raichu
|-unboost|p2b: Raichu|atk|1
|-unboost|p2b: Raichu|spa|1
|
|t:|1785348475
|switch|p1b: Basculegion|Basculegion, L50, M|100/100|[from] Parting Shot
|
|-weather|Snowscape|[upkeep]
|upkeep
|turn|4
|
|t:|1785348496
|switch|p2b: Incineroar|Incineroar, L50, M|100/100
|-ability|p2b: Incineroar|Intimidate|boost
|-unboost|p1a: Raichu|atk|1
|-unboost|p1b: Basculegion|atk|1
|move|p1b: Basculegion|Aqua Jet|p2a: Whimsicott
|-resisted|p2a: Whimsicott|1
|-damage|p2a: Whimsicott|11/100 par
|move|p2a: Whimsicott|Charm|p1b: Basculegion
|-unboost|p1b: Basculegion|atk|2
|move|p1a: Raichu|Focus Blast|p2b: Incineroar
|-supereffective|p2b: Incineroar|1
|-damage|p2b: Incineroar|0 fnt
|faint|p2b: Incineroar
|
|-weather|Snowscape|[upkeep]
|upkeep
|
|t:|1785348509
|switch|p2b: Garchomp|Garchomp, L50, F|100/100
|turn|5
|
|t:|1785348515
|switch|p1b: Incineroar|Incineroar, L50, M|34/100 par
|-ability|p1b: Incineroar|Intimidate|boost
|-unboost|p2a: Whimsicott|atk|1
|-unboost|p2b: Garchomp|atk|1
|move|p1a: Raichu|Protect|p1a: Raichu
|-singleturn|p1a: Raichu|Protect
|move|p2a: Whimsicott|Light Screen|p2a: Whimsicott
|-sidestart|p2: ufhednarvgc|move: Light Screen
|move|p2b: Garchomp|Earthquake|p1a: Raichu|[spread] p2a,p1b
|-activate|p1a: Raichu|move: Protect
|-resisted|p2a: Whimsicott|1
|-supereffective|p1b: Incineroar|1
|-damage|p2a: Whimsicott|0 fnt
|-damage|p1b: Incineroar|0 fnt
|faint|p2a: Whimsicott
|faint|p1b: Incineroar
|-damage|p2b: Garchomp|90/100|[from] item: Life Orb
|
|-weather|none
|upkeep
|
|t:|1785348537
|switch|p2a: Raichu|Raichu-Mega-Y, L50, F|100/100
|switch|p1b: Basculegion|Basculegion, L50, M|100/100
|turn|6
|
|t:|1785348549
|switch|p1a: Ninetales|Ninetales-Alola, L50, F|100/100
|-weather|Snowscape|[from] ability: Snow Warning|[of] p1a: Ninetales
|move|p2a: Raichu|Protect|p2a: Raichu
|-singleturn|p2a: Raichu|Protect
|move|p2b: Garchomp|Earthquake|p1b: Basculegion|[spread] p1a,p1b
|-activate|p2a: Raichu|move: Protect
|-crit|p1a: Ninetales
|-damage|p1a: Ninetales|27/100
|-damage|p1b: Basculegion|55/100
|-damage|p2b: Garchomp|80/100|[from] item: Life Orb
|move|p1b: Basculegion|Last Respects|p2a: Raichu
|-activate|p2a: Raichu|move: Protect
|
|-weather|Snowscape|[upkeep]
|-sideend|p2: ufhednarvgc|move: Tailwind
|upkeep
|turn|7
|inactive|Tedi2002 has 30 seconds left.
|
|t:|1785348579
|move|p1a: Ninetales|Protect|p1a: Ninetales
|-singleturn|p1a: Ninetales|Protect
|move|p1b: Basculegion|Last Respects|p2a: Raichu
|-crit|p2a: Raichu
|-damage|p2a: Raichu|1/100
|move|p2a: Raichu|Zap Cannon|p1a: Ninetales
|-activate|p1a: Ninetales|move: Protect
|move|p2b: Garchomp|Dragon Claw|p1b: Basculegion
|-damage|p1b: Basculegion|10/100
|-damage|p2b: Garchomp|70/100|[from] item: Life Orb
|
|-weather|Snowscape|[upkeep]
|upkeep
|turn|8
|-message|ufhednarvgc forfeited.
|
|win|Tedi2002
|raw|Tedi2002's rating: 1213 → 1237(+24 for winning)
|raw|ufhednarvgc's rating: 1194 → 1170(-24 for losing)
|l|☆ufhednarvgc
|player|p2|
|l|☆Tedi2002
|player|p1|
|j|☆ufhednarvgc
|player|p2|ufhednarvgc|lance|
