|j|☆Joe870502
|j|☆magic 561
|html|Joe870502magic 561    
|uhtml|bestof|Game 2 of a best-of-3
|t:|1782216524
|gametype|doubles
|player|p1|Joe870502|dawn|1286
|player|p2|magic 561|colress|1344
|gen|9
|tier|[Gen 9 Champions] VGC 2026 Reg M-B (Bo3)
|rated|
|rule|Species Clause: Limit one of each Pokémon
|rule|Item Clause: Limit 1 of each item
|clearpoke
|poke|p1|Sceptile, L50, M|
|poke|p1|Rotom-Heat, L50|
|poke|p1|Aerodactyl, L50, F|
|poke|p1|Kingambit, L50, M|
|poke|p1|Basculegion, L50, M|
|poke|p1|Clefable, L50, M|
|poke|p2|Glimmora, L50, M|
|poke|p2|Hydreigon, L50, F|
|poke|p2|Basculegion, L50, M|
|poke|p2|Whimsicott, L50, M|
|poke|p2|Staraptor, L50, F|
|poke|p2|Farigiraf, L50, M|
|teampreview|4
|showteam|p1|Sceptile||Sceptilite|Overgrow|EnergyBall,DragonPulse,EarthPower,Protect|Timid||M|||50|]Rotom-Heat||ChoiceScarf|Levitate|Overheat,Discharge,VoltSwitch,Trick|Timid|||||50|]Aerodactyl||FocusSash|Unnerve|RockSlide,DualWingbeat,Tailwind,Protect|Jolly||F|||50|]Kingambit||OccaBerry|Defiant|KowtowCleave,SuckerPunch,IronHead,Protect|Adamant||M|||50|]Basculegion||LifeOrb|Adaptability|WaveCrash,AquaJet,LastRespects,Protect|Jolly||M|||50|]Clefable||SitrusBerry|Unaware|Moonblast,LifeDew,FollowMe,Protect|Bold||M|||50|
|showteam|p2|Glimmora||Glimmoranite|ToxicDebris|SludgeBomb,PowerGem,SpikyShield,EarthPower|Modest||M|||50|]Hydreigon||LifeOrb|Levitate|DracoMeteor,DarkPulse,EarthPower,Protect|Modest||F|||50|]Basculegion||MysticWater|Adaptability|WaveCrash,LastRespects,AquaJet,Protect|Adamant||M|||50|]Whimsicott||FocusSash|Prankster|Tailwind,Moonblast,Encore,Protect|Timid||M|||50|]Staraptor||Staraptite|Intimidate|CloseCombat,BraveBird,Roost,Protect|Adamant||F|||50|]Farigiraf||ColburBerry|ArmorTail|HyperVoice,Psychic,TrickRoom,Protect|Modest||M|||50|
|inactive|Battle timer is ON: inactive players will automatically lose when time's up. (requested by magic 561)
|
|t:|1782216549
|teamsize|p1|4
|teamsize|p2|4
|start
|switch|p1a: Aerodactyl|Aerodactyl, L50, F|100/100
|switch|p1b: Kingambit|Kingambit, L50, M|100/100
|switch|p2a: Whimsicott|Whimsicott, L50, M|100/100
|switch|p2b: Glimmora|Glimmora, L50, M|100/100
|-ability|p1a: Aerodactyl|Unnerve
|turn|1
|
|t:|1782216568
|detailschange|p2b: Glimmora|Glimmora-Mega, L50, M
|-mega|p2b: Glimmora|Glimmora|Glimmoranite
|move|p2a: Whimsicott|Tailwind|p2a: Whimsicott
|-sidestart|p2: magic 561|move: Tailwind
|move|p2b: Glimmora|Power Gem|p1a: Aerodactyl
|-supereffective|p1a: Aerodactyl|1
|-enditem|p1a: Aerodactyl|Focus Sash
|-damage|p1a: Aerodactyl|1/100
|move|p1a: Aerodactyl|Tailwind|p1a: Aerodactyl
|-sidestart|p1: Joe870502|move: Tailwind
|move|p1b: Kingambit|Iron Head|p2b: Glimmora
|-supereffective|p2b: Glimmora|1
|-damage|p2b: Glimmora|6/100
|
|upkeep
|turn|2
|
|t:|1782216582
|switch|p1a: Basculegion|Basculegion, L50, M|100/100
|switch|p2b: Hydreigon|Hydreigon, L50, F|100/100
|move|p2a: Whimsicott|Encore||[still]
|-fail|p2a: Whimsicott
|move|p1b: Kingambit|Iron Head|p2a: Whimsicott
|-supereffective|p2a: Whimsicott|1
|-enditem|p2a: Whimsicott|Focus Sash
|-damage|p2a: Whimsicott|1/100
|
|upkeep
|turn|3
|
|t:|1782216600
|switch|p2a: Basculegion|Basculegion, L50, M|100/100
|move|p2b: Hydreigon|Earth Power|p1b: Kingambit
|-supereffective|p1b: Kingambit|1
|-damage|p1b: Kingambit|16/100
|-damage|p2b: Hydreigon|90/100|[from] item: Life Orb
|move|p1a: Basculegion|Wave Crash|p2b: Hydreigon
|-resisted|p2b: Hydreigon|1
|-damage|p2b: Hydreigon|30/100
|-damage|p1a: Basculegion|83/100|[from] Recoil
|-damage|p1a: Basculegion|73/100|[from] item: Life Orb
|move|p1b: Kingambit|Iron Head|p2b: Hydreigon
|-damage|p2b: Hydreigon|0 fnt
|faint|p2b: Hydreigon
|
|upkeep
|
|t:|1782216607
|switch|p2b: Whimsicott|Whimsicott, L50, M|1/100
|turn|4
|
|t:|1782216614
|move|p2b: Whimsicott|Encore|p1a: Basculegion
|-start|p1a: Basculegion|Encore
|move|p2a: Basculegion|Aqua Jet|p1b: Kingambit
|-damage|p1b: Kingambit|0 fnt
|faint|p1b: Kingambit
|move|p1a: Basculegion|Wave Crash|p2a: Basculegion
|-resisted|p2a: Basculegion|1
|-damage|p2a: Basculegion|41/100
|-damage|p1a: Basculegion|52/100|[from] Recoil
|-damage|p1a: Basculegion|42/100|[from] item: Life Orb
|
|-sideend|p1: Joe870502|move: Tailwind
|-sideend|p2: magic 561|move: Tailwind
|upkeep
|
|t:|1782216625
|switch|p1b: Sceptile|Sceptile, L50, M|100/100
|turn|5
|
|t:|1782216638
|switch|p1a: Aerodactyl|Aerodactyl, L50, F|1/100
|-ability|p1a: Aerodactyl|Unnerve
|detailschange|p1b: Sceptile|Sceptile-Mega, L50, M
|-mega|p1b: Sceptile|Sceptile|Sceptilite
|move|p2b: Whimsicott|Tailwind|p2b: Whimsicott
|-sidestart|p2: magic 561|move: Tailwind
|move|p2a: Basculegion|Last Respects|p1a: Aerodactyl
|-damage|p1a: Aerodactyl|0 fnt
|faint|p1a: Aerodactyl
|move|p1b: Sceptile|Energy Ball|p2a: Basculegion
|-supereffective|p2a: Basculegion|1
|-damage|p2a: Basculegion|0 fnt
|faint|p2a: Basculegion
|
|upkeep
|
|t:|1782216647
|switch|p1a: Basculegion|Basculegion, L50, M|42/100
|switch|p2a: Glimmora|Glimmora-Mega, L50, M|6/100
|turn|6
|
|t:|1782216658
|move|p2b: Whimsicott|Protect|p2b: Whimsicott
|-singleturn|p2b: Whimsicott|Protect
|move|p2a: Glimmora|Spiky Shield|p2a: Glimmora
|-singleturn|p2a: Glimmora|move: Protect
|move|p1a: Basculegion|Aqua Jet|p2b: Whimsicott
|-activate|p2b: Whimsicott|move: Protect
|move|p1b: Sceptile|Dragon Pulse|p2a: Glimmora
|-activate|p2a: Glimmora|move: Protect
|
|upkeep
|turn|7
|inactive|magic 561 has 30 seconds left.
|inactive|magic 561 has 20 seconds left.
|
|t:|1782216693
|move|p2a: Glimmora|Spiky Shield||[still]
|-fail|p2a: Glimmora
|move|p2b: Whimsicott|Encore|p1b: Sceptile
|-start|p1b: Sceptile|Encore
|move|p1a: Basculegion|Aqua Jet|p2a: Glimmora
|-supereffective|p2a: Glimmora|1
|-damage|p2a: Glimmora|0 fnt
|faint|p2a: Glimmora
|-damage|p1a: Basculegion|32/100|[from] item: Life Orb
|move|p1b: Sceptile|Dragon Pulse|p2b: Whimsicott
|-immune|p2b: Whimsicott
|
|upkeep
|turn|8
|-message|magic 561 forfeited.
|
|win|Joe870502
||Joe870502 is ready for game 3.
||magic 561 is ready for game 3.
|uhtml|next|Next: Game 3 of 3
|l|☆Joe870502
|player|p1|
