|j|☆JoeHizzy
|j|☆KrzyforBacon
|html|JoeHizzyKrzyforBacon    
|uhtml|bestof|Game 1 of a best-of-3
|t:|1784753092
|gametype|doubles
|player|p1|JoeHizzy|li|
|player|p2|KrzyforBacon|swimmer|
|gen|9
|tier|[Gen 9 Champions] VGC 2026 Reg M-B (Bo3)
|rule|Species Clause: Limit one of each Pokémon
|rule|Item Clause: Limit 1 of each item
|clearpoke
|poke|p1|Feraligatr, L50, M|
|poke|p1|Incineroar, L50, F|
|poke|p1|Whimsicott, L50, F|
|poke|p1|Farigiraf, L50, F|
|poke|p1|Metagross, L50|
|poke|p1|Typhlosion-Hisui, L50, F|
|poke|p2|Jolteon, L50, M|
|poke|p2|Kleavor, L50, F|
|poke|p2|Armarouge, L50, M|
|poke|p2|Eelektross, L50, M|
|poke|p2|Grimmsnarl, L50, M|
|poke|p2|Kommo-o, L50, F|
|teampreview|4
|showteam|p1|Feraligatr||LifeOrb|SheerForce|Liquidation,IcePunch,RockTomb,Protect|Adamant||M|||50|]Incineroar||SitrusBerry|Intimidate|FlareBlitz,DarkestLariat,CloseCombat,FakeOut|Adamant||F|||50|]Whimsicott||FocusSash|Prankster|EnergyBall,Moonblast,Tailwind,Encore|Modest||F|||50|]Farigiraf||MentalHerb|ArmorTail|TwinBeam,HelpingHand,Protect,TrickRoom|Bold||F|||50|]Metagross||Metagrossite|ClearBody|IronHead,PsychicFangs,StompingTantrum,Protect|Adamant|||||50|]Typhlosion-Hisui||ChoiceScarf|Frisk|Eruption,ShadowBall,Extrasensory,FocusBlast|Modest||F|||50|
|showteam|p2|Jolteon||LifeOrb|VoltAbsorb|Thunderbolt,Thunder,AlluringVoice,Detect|Modest||M|||50|]Kleavor||ChoiceScarf|Sharpness|StoneAxe,NightSlash,XScissor,Uturn|Adamant||F|||50|]Armarouge||FocusSash|FlashFire|ArmorCannon,Psychic,ShadowBall,Protect|Modest||M|||50|]Eelektross||Eelektrossite|Levitate|Discharge,GigaDrain,Flamethrower,DragonPulse|Modest||M|||50|]Grimmsnarl||MuscleBand|Frisk|SpiritBreak,SuckerPunch,FakeOut,DrainPunch|Adamant||M|||50|]Kommo-o||WiseGlasses|Soundproof|AuraSphere,VacuumWave,ClangingScales,FlashCannon|Modest||F|||50|
|inactive|Battle timer is ON: inactive players will automatically lose when time's up. (requested by KrzyforBacon)
|inactive|JoeHizzy has 60 seconds left.
|inactive|KrzyforBacon has 60 seconds left.
|inactive|JoeHizzy has 30 seconds left.
|inactive|KrzyforBacon has 30 seconds left.
|inactive|KrzyforBacon has 20 seconds left.
|
|t:|1784753165
|teamsize|p1|4
|teamsize|p2|4
|start
|switch|p1a: Incineroar|Incineroar, L50, F|100/100
|switch|p1b: Farigiraf|Farigiraf, L50, F|100/100
|switch|p2a: Grimmsnarl|Grimmsnarl, L50, M|100/100
|switch|p2b: Jolteon|Jolteon, L50, M|100/100
|-ability|p1a: Incineroar|Intimidate|boost
|-unboost|p2a: Grimmsnarl|atk|1
|-unboost|p2b: Jolteon|atk|1
|-item|p1a: Incineroar|Sitrus Berry|[from] ability: Frisk|[of] p2a: Grimmsnarl
|-item|p1b: Farigiraf|Mental Herb|[from] ability: Frisk|[of] p2a: Grimmsnarl
|turn|1
|inactive|JoeHizzy has 30 seconds left.
|inactive|KrzyforBacon has 30 seconds left.
|inactive|JoeHizzy has 20 seconds left.
|inactive|JoeHizzy has 15 seconds left.
|
|t:|1784753210
|move|p1a: Incineroar|Fake Out|p2b: Jolteon
|-damage|p2b: Jolteon|74/100
|cant|p2b: Jolteon|flinch
|move|p2a: Grimmsnarl|Drain Punch|p1a: Incineroar
|-supereffective|p1a: Incineroar|1
|-damage|p1a: Incineroar|64/100
|move|p1b: Farigiraf|Trick Room|p1b: Farigiraf
|-fieldstart|move: Trick Room|[of] p1b: Farigiraf
|
|upkeep
|turn|2
|inactive|JoeHizzy has 30 seconds left.
|
|t:|1784753243
|move|p2b: Jolteon|Detect|p2b: Jolteon
|-singleturn|p2b: Jolteon|Protect
|move|p1b: Farigiraf|Twin Beam|p2b: Jolteon
|-activate|p2b: Jolteon|move: Protect
|move|p2a: Grimmsnarl|Drain Punch|p1a: Incineroar
|-supereffective|p1a: Incineroar|1
|-damage|p1a: Incineroar|21/100
|-enditem|p1a: Incineroar|Sitrus Berry|[eat]
|-heal|p1a: Incineroar|46/100|[from] item: Sitrus Berry
|move|p1a: Incineroar|Flare Blitz|p2a: Grimmsnarl
|-damage|p2a: Grimmsnarl|23/100
|-damage|p1a: Incineroar|21/100|[from] Recoil
|
|upkeep
|turn|3
|inactive|JoeHizzy has 30 seconds left.
|inactive|KrzyforBacon has 30 seconds left.
|
|t:|1784753277
|move|p2a: Grimmsnarl|Drain Punch|p1a: Incineroar
|-supereffective|p1a: Incineroar|1
|-damage|p1a: Incineroar|0 fnt
|-heal|p2a: Grimmsnarl|34/100|[from] drain|[of] p1a: Incineroar
|faint|p1a: Incineroar
|move|p1b: Farigiraf|Twin Beam|p2b: Jolteon
|-damage|p2b: Jolteon|53/100
|-damage|p2b: Jolteon|31/100
|-hitcount|p2b: Jolteon|2
|move|p2b: Jolteon|Thunderbolt|p1b: Farigiraf
|-damage|p1b: Farigiraf|42/100
|-damage|p2b: Jolteon|21/100|[from] item: Life Orb
|
|upkeep
|
|t:|1784753292
|switch|p1a: Feraligatr|Feraligatr, L50, M|100/100
|turn|4
|inactive|KrzyforBacon has 30 seconds left.
|
|t:|1784753322
|move|p2b: Jolteon|Detect|p2b: Jolteon
|-singleturn|p2b: Jolteon|Protect
|move|p2a: Grimmsnarl|Spirit Break|p1b: Farigiraf
|-damage|p1b: Farigiraf|20/100y
|-unboost|p1b: Farigiraf|spa|1
|move|p1b: Farigiraf|Twin Beam|p2b: Jolteon
|-activate|p2b: Jolteon|move: Protect
|move|p1a: Feraligatr|Liquidation|p2a: Grimmsnarl
|-damage|p2a: Grimmsnarl|0 fnt
|faint|p2a: Grimmsnarl
|
|upkeep
|
|t:|1784753334
|switch|p2a: Eelektross|Eelektross, L50, M|100/100
|turn|5
|inactive|JoeHizzy has 30 seconds left.
|
|t:|1784753364
|detailschange|p2a: Eelektross|Eelektross-Mega, L50, M
|-mega|p2a: Eelektross|Eelektross|Eelektrossite
|move|p1b: Farigiraf|Twin Beam|p2b: Jolteon
|-damage|p2b: Jolteon|7/100
|-damage|p2b: Jolteon|0 fnt
|faint|p2b: Jolteon
|-hitcount|p2: Jolteon|2
|move|p2a: Eelektross|Discharge|p1b: Farigiraf|[spread] p1a,p1b
|-supereffective|p1a: Feraligatr|1
|-damage|p1a: Feraligatr|29/100
|-damage|p1b: Farigiraf|0 fnt
|faint|p1b: Farigiraf
|-ability|p2a: Eelektross|Eelevate|boost
|-boost|p2a: Eelektross|spa|1
|move|p1a: Feraligatr|Liquidation|p2a: Eelektross
|-damage|p2a: Eelektross|12/100
|
|-fieldend|move: Trick Room
|upkeep
|
|t:|1784753379
|switch|p2b: Armarouge|Armarouge, L50, M|100/100
|switch|p1b: Metagross|Metagross, L50|100/100
|turn|6
|inactive|KrzyforBacon has 30 seconds left.
|inactive|KrzyforBacon has 20 seconds left.
|inactive|KrzyforBacon has 15 seconds left.
|inactive|KrzyforBacon has 10 seconds left.
|
|t:|1784753425
|detailschange|p1b: Metagross|Metagross-Mega, L50
|-mega|p1b: Metagross|Metagross|Metagrossite
|move|p1b: Metagross|Psychic Fangs|p2a: Eelektross
|-damage|p2a: Eelektross|0 fnt
|faint|p2a: Eelektross
|move|p2b: Armarouge|Armor Cannon|p1b: Metagross
|-supereffective|p1b: Metagross|1
|-damage|p1b: Metagross|0 fnt
|-unboost|p2b: Armarouge|def|1
|-unboost|p2b: Armarouge|spd|1
|faint|p1b: Metagross
|move|p1a: Feraligatr|Liquidation|p2b: Armarouge
|-supereffective|p2b: Armarouge|1
|-enditem|p2b: Armarouge|Focus Sash
|-damage|p2b: Armarouge|1/100
|
|upkeep
|turn|7
|inactive|JoeHizzy has 30 seconds left.
|
|t:|1784753453
|move|p2b: Armarouge|Psychic|p1a: Feraligatr
|-damage|p1a: Feraligatr|0 fnt
|faint|p1a: Feraligatr
|
|win|KrzyforBacon
||KrzyforBacon is ready for game 2.
|c|☆JoeHizzy|gg
||JoeHizzy is ready for game 2.
|uhtml|next|Next: Game 2 of 3
