|j|ŌśåMMAonPoint
|j|Ōśåanthonynn
|html|MMAonPointanthonynn    
|uhtml|bestof|Game 2 of a best-of-3
|t:|1784324910
|gametype|doubles
|player|p1|MMAonPoint|102|1182
|player|p2|anthonynn|266|1123
|gen|9
|tier|[Gen 9 Champions] VGC 2026 Reg M-B (Bo3)
|rated|
|rule|Species Clause: Limit one of each Pok├®mon
|rule|Item Clause: Limit 1 of each item
|clearpoke
|poke|p1|Staraptor, L50, F, shiny|
|poke|p1|Incineroar, L50, M, shiny|
|poke|p1|Primarina, L50, F, shiny|
|poke|p1|Garchomp, L50, F, shiny|
|poke|p1|Whimsicott, L50, M, shiny|
|poke|p1|Gengar, L50, M|
|poke|p2|Pelipper, L50, M|
|poke|p2|Sableye, L50, M|
|poke|p2|Swampert, L50, F|
|poke|p2|Archaludon, L50, F|
|poke|p2|Sinistcha-Masterpiece, L50|
|poke|p2|Overqwil, L50, F|
|teampreview|4
|showteam|p1|Staraptor||Staraptite|Intimidate|CloseCombat,BraveBird,Protect,BlazeKick|Jolly||F|||50|]Incineroar||SitrusBerry|Intimidate|FlareBlitz,DarkestLariat,FakeOut,PartingShot|Adamant||M|||50|]Primarina||ChoiceScarf|LiquidVoice|HyperVoice,Blizzard,Moonblast,Psychic|Timid||F|||50|]Garchomp||LifeOrb|RoughSkin|DragonClaw,Earthquake,RockSlide,Protect|Jolly||F|||50|]Whimsicott||FocusSash|Prankster|Moonblast,Charm,Encore,Tailwind|Timid||M|||50|]Gengar||Gengarite|CursedBody|SludgeBomb,ShadowBall,FocusBlast,Protect|Timid||M|||50|
|showteam|p2|Pelipper||SitrusBerry|Drizzle|Tailwind,WideGuard,Hurricane,WeatherBall|Bold||M|||50|]Sableye||MentalHerb|Prankster|RainDance,LightScreen,WillOWisp,Encore|Calm||M|||50|]Swampert||Swampertite|Torrent|WaveCrash,Earthquake,IcePunch,Protect|Adamant||F|||50|]Archaludon||Leftovers|Stamina|ElectroShot,FlashCannon,DragonPulse,Protect|Modest||F|||50|]Sinistcha-Masterpiece||CobaBerry|Hospitality|TrickRoom,MatchaGotcha,RagePowder,Protect|Calm|||||50|]Overqwil||LifeOrb|SwiftSwim|BarbBarrage,PoisonJab,ThroatChop,Protect|Adamant||F|||50|
|inactive|Battle timer is ON: inactive players will automatically lose when time's up. (requested by MMAonPoint)
|
|t:|1784324926
|teamsize|p1|4
|teamsize|p2|4
|start
|switch|p1a: Whimsicott|Whimsicott, L50, M, shiny|100/100
|switch|p1b: Primarina|Primarina, L50, F, shiny|100/100
|switch|p2a: Pelipper|Pelipper, L50, M|100/100
|switch|p2b: Archaludon|Archaludon, L50, F|100/100
|-weather|RainDance|[from] ability: Drizzle|[of] p2a: Pelipper
|turn|1
|
|t:|1784324948
|switch|p1b: Garchomp|Garchomp, L50, F, shiny|100/100
|move|p1a: Whimsicott|Tailwind|p1a: Whimsicott
|-sidestart|p1: MMAonPoint|move: Tailwind
|move|p2b: Archaludon|Electro Shot||[still]
|-prepare|p2b: Archaludon|Electro Shot
|-boost|p2b: Archaludon|spa|1
|-anim|p2b: Archaludon|Electro Shot|p1b: Garchomp
|-immune|p1b: Garchomp
|move|p2a: Pelipper|Tailwind|p2a: Pelipper
|-sidestart|p2: anthonynn|move: Tailwind
|
|-weather|RainDance|[upkeep]
|upkeep
|turn|2
|
|t:|1784324969
|move|p2a: Pelipper|Wide Guard|p2a: Pelipper
|-singleturn|p2a: Pelipper|Wide Guard
|move|p1a: Whimsicott|Encore|p2b: Archaludon
|-start|p2b: Archaludon|Encore
|move|p1b: Garchomp|Dragon Claw|p2a: Pelipper
|-damage|p2a: Pelipper|55/100
|-damage|p1b: Garchomp|90/100|[from] item: Life Orb
|move|p2b: Archaludon|Electro Shot||[still]
|-prepare|p2b: Archaludon|Electro Shot
|-boost|p2b: Archaludon|spa|1
|-anim|p2b: Archaludon|Electro Shot|p1a: Whimsicott
|-resisted|p1a: Whimsicott|1
|-damage|p1a: Whimsicott|17/100
|
|-weather|RainDance|[upkeep]
|upkeep
|turn|3
|
|t:|1784324992
|switch|p2a: Overqwil|Overqwil, L50, F|100/100
|move|p1a: Whimsicott|Encore|p2a: Overqwil
|-hint|Since gen 7, Dark is immune to Prankster moves.
|-immune|p2a: Overqwil
|move|p1b: Garchomp|Dragon Claw|p2a: Overqwil
|-damage|p2a: Overqwil|34/100
|-damage|p1b: Garchomp|80/100|[from] item: Life Orb
|move|p2b: Archaludon|Electro Shot||[still]
|-prepare|p2b: Archaludon|Electro Shot
|-boost|p2b: Archaludon|spa|1
|-anim|p2b: Archaludon|Electro Shot|p1a: Whimsicott
|-resisted|p1a: Whimsicott|1
|-damage|p1a: Whimsicott|0 fnt
|faint|p1a: Whimsicott
|
|-weather|RainDance|[upkeep]
|upkeep
|
|t:|1784325003
|switch|p1a: Staraptor|Staraptor, L50, F, shiny|100/100
|-ability|p1a: Staraptor|Intimidate|boost
|-unboost|p2a: Overqwil|atk|1
|-unboost|p2b: Archaludon|atk|1
|turn|4
|
|t:|1784325024
|detailschange|p1a: Staraptor|Staraptor-Mega, L50, F, shiny
|-mega|p1a: Staraptor|Staraptor|Staraptite
|move|p2a: Overqwil|Poison Jab|p1b: Garchomp
|-resisted|p1b: Garchomp|1
|-damage|p1b: Garchomp|62/100
|-damage|p2a: Overqwil|22/100|[from] ability: Rough Skin|[of] p1b: Garchomp
|-damage|p2a: Overqwil|12/100|[from] item: Life Orb
|move|p1a: Staraptor|Close Combat|p2b: Archaludon
|-supereffective|p2b: Archaludon|1
|-damage|p2b: Archaludon|2/100
|-boost|p1a: Staraptor|def|1
|-boost|p1a: Staraptor|spd|1
|-ability|p2b: Archaludon|Stamina|boost
|-boost|p2b: Archaludon|def|1
|move|p1b: Garchomp|Earthquake|p2a: Overqwil|[spread] p2a,p2b
|-immune|p1a: Staraptor
|-supereffective|p2a: Overqwil|1
|-supereffective|p2b: Archaludon|1
|-damage|p2a: Overqwil|0 fnt
|-damage|p2b: Archaludon|0 fnt
|faint|p2a: Overqwil
|faint|p2b: Archaludon
|-damage|p1b: Garchomp|52/100|[from] item: Life Orb
|
|-weather|RainDance|[upkeep]
|-sideend|p2: anthonynn|move: Tailwind
|-sideend|p1: MMAonPoint|move: Tailwind
|upkeep
|
|t:|1784325038
|switch|p2a: Swampert|Swampert, L50, F|100/100
|switch|p2b: Pelipper|Pelipper, L50, M|55/100
|turn|5
|
|t:|1784325046
|detailschange|p2a: Swampert|Swampert-Mega, L50, F
|-mega|p2a: Swampert|Swampert|Swampertite
|move|p1a: Staraptor|Protect|p1a: Staraptor
|-singleturn|p1a: Staraptor|Protect
|move|p1b: Garchomp|Protect|p1b: Garchomp
|-singleturn|p1b: Garchomp|Protect
|move|p2a: Swampert|Ice Punch|p1a: Staraptor
|-activate|p1a: Staraptor|move: Protect
|move|p2b: Pelipper|Hurricane|p1a: Staraptor
|-activate|p1a: Staraptor|move: Protect
|
|-weather|none
|upkeep
|turn|6
|
|t:|1784325059
|move|p1a: Staraptor|Brave Bird|p2b: Pelipper
|-damage|p2b: Pelipper|3/100
|-enditem|p2b: Pelipper|Sitrus Berry|[eat]
|-heal|p2b: Pelipper|28/100|[from] item: Sitrus Berry
|-damage|p1a: Staraptor|82/100|[from] Recoil
|move|p1b: Garchomp|Dragon Claw|p2a: Swampert
|-damage|p2a: Swampert|56/100
|-damage|p1b: Garchomp|42/100|[from] item: Life Orb
|move|p2a: Swampert|Ice Punch|p1a: Staraptor
|-supereffective|p1a: Staraptor|1
|-damage|p1a: Staraptor|31/100
|move|p2b: Pelipper|Tailwind|p2b: Pelipper
|-sidestart|p2: anthonynn|move: Tailwind
|
|upkeep
|turn|7
|c|ŌśåMMAonPoint|gg
|c|Ōśåanthonynn|gg
|
|t:|1784325081
|move|p1a: Staraptor|Protect|p1a: Staraptor
|-singleturn|p1a: Staraptor|Protect
|move|p1b: Garchomp|Protect|p1b: Garchomp
|-singleturn|p1b: Garchomp|Protect
|move|p2a: Swampert|Ice Punch|p1a: Staraptor
|-activate|p1a: Staraptor|move: Protect
|move|p2b: Pelipper|Hurricane|p1b: Garchomp
|-activate|p1b: Garchomp|move: Protect
|
|upkeep
|turn|8
|
|t:|1784325096
|move|p2a: Swampert|Ice Punch|p1a: Staraptor
|-supereffective|p1a: Staraptor|1
|-damage|p1a: Staraptor|0 fnt
|faint|p1a: Staraptor
|move|p2b: Pelipper|Hurricane|p1b: Garchomp
|-damage|p1b: Garchomp|3/100
|-start|p1b: Garchomp|confusion
|-activate|p1b: Garchomp|confusion
|-damage|p1b: Garchomp|0 fnt|[from] confusion
|faint|p1b: Garchomp
|
|upkeep
|c|ŌśåMMAonPoint|wow
|
|t:|1784325106
|switch|p1b: Primarina|Primarina, L50, F, shiny|100/100
|turn|9
|c|Ōśåanthonynn|oh wow
|
|t:|1784325116
|move|p2a: Swampert|Earthquake|p1b: Primarina|[spread] p1b
|-immune|p2b: Pelipper
|-damage|p1b: Primarina|29/100
|move|p1b: Primarina|Moonblast|p2b: Pelipper
|-damage|p2b: Pelipper|0 fnt
|faint|p2b: Pelipper
|
|-sideend|p2: anthonynn|move: Tailwind
|upkeep
|turn|10
|
|t:|1784325124
|move|p1b: Primarina|Moonblast|p2a: Swampert
|-crit|p2a: Swampert
|-damage|p2a: Swampert|1/100
|move|p2a: Swampert|Earthquake|p1b: Primarina
|-damage|p1b: Primarina|0 fnt
|faint|p1b: Primarina
|
|win|anthonynn
|c|ŌśåMMAonPoint|wow
||MMAonPoint is ready for game 3.
||anthonynn is ready for game 3.
|uhtml|next|Next: Game 3 of 3
|l|ŌśåMMAonPoint
|player|p1|
