|j|☆jwithers93
|j|☆HenriqueZVGC
|html|jwithers93HenriqueZVGC    
|uhtml|bestof|Game 2 of a best-of-3
|t:|1784743563
|gametype|doubles
|player|p1|jwithers93|marshal|1269
|player|p2|HenriqueZVGC|steven|1169
|gen|9
|tier|[Gen 9 Champions] VGC 2026 Reg M-B (Bo3)
|rated|
|rule|Species Clause: Limit one of each Pokémon
|rule|Item Clause: Limit 1 of each item
|clearpoke
|poke|p1|Scovillain, L50, M|
|poke|p1|Rotom-Wash, L50|
|poke|p1|Whimsicott, L50, F|
|poke|p1|Floette-Eternal, L50, F|
|poke|p1|Garchomp, L50, M|
|poke|p1|Kingambit, L50, M|
|poke|p2|Tyranitar, L50, F|
|poke|p2|Excadrill, L50, F|
|poke|p2|Milotic, L50, F|
|poke|p2|Sinistcha, L50|
|poke|p2|Staraptor, L50, M|
|poke|p2|Gholdengo, L50|
|teampreview|4
|showteam|p1|Scovillain||Scovillainite|Chlorophyll|Overheat,LeechSeed,RagePowder,Protect|Bold||M|||50|]Rotom-Wash||ChoiceScarf|Levitate|Electroweb,VoltSwitch,Thunderbolt,HydroPump|Timid|||||50|]Whimsicott||FocusSash|Prankster|Tailwind,Encore,Protect,EnergyBall|Timid||F|||50|]Floette-Eternal||Floettite|FlowerVeil|DazzlingGleam,Moonblast,LightofRuin,Protect|Modest||F|||50|]Garchomp||LifeOrb|RoughSkin|Earthquake,RockSlide,DragonClaw,Protect|Jolly||M|||50|]Kingambit||ChopleBerry|Defiant|SuckerPunch,KowtowCleave,IronHead,Protect|Adamant||M|||50|
|showteam|p2|Tyranitar||Tyranitarite|SandStream|KnockOff,RockSlide,HighHorsepower,Protect|Jolly||F|||50|]Excadrill||FocusSash|SandRush|HighHorsepower,IronHead,RockSlide,Protect|Adamant||F|||50|]Milotic||SitrusBerry|Competitive|Scald,IcyWind,Haze,Protect|Calm||F|||50|]Sinistcha||ColburBerry|Hospitality|MatchaGotcha,ShadowBall,Protect,RagePowder|Bold|||||50|]Staraptor||Staraptite|Intimidate|CloseCombat,BraveBird,Tailwind,Protect|Jolly||M|||50|]Gholdengo||LifeOrb|GoodasGold|MakeItRain,ShadowBall,NastyPlot,Protect|Modest|||||50|
|inactive|Battle timer is ON: inactive players will automatically lose when time's up. (requested by HenriqueZVGC)
|inactive|HenriqueZVGC has 60 seconds left.
|
|t:|1784743598
|teamsize|p1|4
|teamsize|p2|4
|start
|switch|p1a: Rotom|Rotom-Wash, L50|100/100
|switch|p1b: Whimsicott|Whimsicott, L50, F|100/100
|switch|p2a: Milotic|Milotic, L50, F|100/100
|switch|p2b: Gholdengo|Gholdengo, L50|100/100
|turn|1
|inactive|HenriqueZVGC has 30 seconds left.
|
|t:|1784743630
|move|p2a: Milotic|Protect|p2a: Milotic
|-singleturn|p2a: Milotic|Protect
|move|p1b: Whimsicott|Tailwind|p1b: Whimsicott
|-sidestart|p1: jwithers93|move: Tailwind
|move|p1a: Rotom|Thunderbolt|p2a: Milotic
|-activate|p2a: Milotic|move: Protect
|move|p2b: Gholdengo|Shadow Ball|p1a: Rotom
|-damage|p1a: Rotom|32/100
|-damage|p2b: Gholdengo|90/100|[from] item: Life Orb
|
|upkeep
|turn|2
|inactive|HenriqueZVGC has 30 seconds left.
|inactive|HenriqueZVGC has 20 seconds left.
|inactive|HenriqueZVGC has 15 seconds left.
|inactive|HenriqueZVGC has 10 seconds left.
|
|t:|1784743677
|move|p2b: Gholdengo|Protect|p2b: Gholdengo
|-singleturn|p2b: Gholdengo|Protect
|move|p1b: Whimsicott|Encore|p2a: Milotic
|-start|p2a: Milotic|Encore
|move|p2a: Milotic|Protect|p2a: Milotic
|-singleturn|p2a: Milotic|Protect
|move|p1a: Rotom|Thunderbolt|p2b: Gholdengo
|-activate|p2b: Gholdengo|move: Protect
|
|upkeep
|turn|3
|
|t:|1784743702
|switch|p1b: Garchomp|Garchomp, L50, M|100/100
|switch|p2a: Tyranitar|Tyranitar, L50, F|100/100
|-weather|Sandstorm|[from] ability: Sand Stream|[of] p2a: Tyranitar
|move|p1a: Rotom|Thunderbolt|p2a: Tyranitar
|-damage|p2a: Tyranitar|75/100
|move|p2b: Gholdengo|Shadow Ball|p1a: Rotom
|-damage|p1a: Rotom|0 fnt
|faint|p1a: Rotom
|-damage|p2b: Gholdengo|80/100|[from] item: Life Orb
|
|-weather|Sandstorm|[upkeep]
|upkeep
|
|t:|1784743718
|switch|p1a: Whimsicott|Whimsicott, L50, F|100/100
|turn|4
|
|t:|1784743730
|switch|p2a: Milotic|Milotic, L50, F|100/100
|move|p1a: Whimsicott|Protect|p1a: Whimsicott
|-singleturn|p1a: Whimsicott|Protect
|move|p2b: Gholdengo|Protect|p2b: Gholdengo
|-singleturn|p2b: Gholdengo|Protect
|move|p1b: Garchomp|Earthquake|p2b: Gholdengo|[spread] p2a
|-activate|p1a: Whimsicott|move: Protect
|-activate|p2b: Gholdengo|move: Protect
|-damage|p2a: Milotic|50/100y
|-enditem|p2a: Milotic|Sitrus Berry|[eat]
|-heal|p2a: Milotic|74/100|[from] item: Sitrus Berry
|-damage|p1b: Garchomp|90/100|[from] item: Life Orb
|
|-weather|Sandstorm|[upkeep]
|-damage|p1a: Whimsicott|94/100|[from] Sandstorm
|-damage|p2a: Milotic|68/100|[from] Sandstorm
|-sideend|p1: jwithers93|move: Tailwind
|upkeep
|turn|5
|
|t:|1784743752
|switch|p2b: Staraptor|Staraptor, L50, M|100/100
|-ability|p2b: Staraptor|Intimidate|boost
|-unboost|p1a: Whimsicott|atk|1
|-unboost|p1b: Garchomp|atk|1
|move|p1a: Whimsicott|Energy Ball|p2a: Milotic
|-supereffective|p2a: Milotic|1
|-damage|p2a: Milotic|20/100y
|-unboost|p2a: Milotic|spd|1
|-ability|p2a: Milotic|Competitive|boost
|-boost|p2a: Milotic|spa|2
|move|p1b: Garchomp|Earthquake|p2b: Staraptor|[spread] p1a,p2a
|-immune|p2b: Staraptor
|-resisted|p1a: Whimsicott|1
|-damage|p1a: Whimsicott|68/100
|-damage|p2a: Milotic|0 fnt
|faint|p2a: Milotic
|-damage|p1b: Garchomp|80/100|[from] item: Life Orb
|
|-weather|Sandstorm|[upkeep]
|-damage|p1a: Whimsicott|62/100|[from] Sandstorm
|-damage|p2b: Staraptor|94/100|[from] Sandstorm
|upkeep
|inactive|HenriqueZVGC has 30 seconds left.
|
|t:|1784743779
|switch|p2a: Tyranitar|Tyranitar, L50, F|75/100
|turn|6
|
|t:|1784743802
|detailschange|p2b: Staraptor|Staraptor-Mega, L50, M
|-mega|p2b: Staraptor|Staraptor|Staraptite
|move|p2a: Tyranitar|Protect|p2a: Tyranitar
|-singleturn|p2a: Tyranitar|Protect
|move|p1a: Whimsicott|Energy Ball|p2a: Tyranitar
|-activate|p2a: Tyranitar|move: Protect
|move|p2b: Staraptor|Brave Bird|p1a: Whimsicott
|-supereffective|p1a: Whimsicott|1
|-damage|p1a: Whimsicott|0 fnt
|faint|p1a: Whimsicott
|-damage|p2b: Staraptor|79/100|[from] Recoil
|move|p1b: Garchomp|Rock Slide|p2b: Staraptor|[spread] p2b
|-activate|p2a: Tyranitar|move: Protect
|-damage|p2b: Staraptor|63/100
|-damage|p1b: Garchomp|70/100|[from] item: Life Orb
|
|-weather|Sandstorm|[upkeep]
|-damage|p2b: Staraptor|57/100|[from] Sandstorm
|upkeep
|
|t:|1784743822
|switch|p1a: Floette|Floette-Eternal, L50, F|100/100
|turn|7
|inactive|HenriqueZVGC has 30 seconds left.
|inactive|jwithers93 has 30 seconds left.
|inactive|HenriqueZVGC has 20 seconds left.
|inactive|HenriqueZVGC has 15 seconds left.
|
|t:|1784743863
|detailschange|p1a: Floette|Floette-Mega, L50, F
|-mega|p1a: Floette|Floette|Floettite
|-ability|p1a: Floette|Fairy Aura
|move|p2b: Staraptor|Tailwind|p2b: Staraptor
|-sidestart|p2: HenriqueZVGC|move: Tailwind
|move|p2a: Tyranitar|High Horsepower|p1b: Garchomp
|-damage|p1b: Garchomp|38/100
|-damage|p2a: Tyranitar|62/100|[from] ability: Rough Skin|[of] p1b: Garchomp
|move|p1b: Garchomp|Dragon Claw|p2a: Tyranitar
|-damage|p2a: Tyranitar|30/100
|-damage|p1b: Garchomp|29/100|[from] item: Life Orb
|move|p1a: Floette|Dazzling Gleam|p2b: Staraptor|[spread] p2a,p2b
|-supereffective|p2a: Tyranitar|1
|-supereffective|p2b: Staraptor|1
|-damage|p2a: Tyranitar|0 fnt
|-damage|p2b: Staraptor|0 fnt
|faint|p2a: Tyranitar
|faint|p2b: Staraptor
|
|-weather|none
|upkeep
|
|t:|1784743885
|switch|p2b: Gholdengo|Gholdengo, L50|80/100
|turn|8
|
|t:|1784743902
|move|p2b: Gholdengo|Make It Rain|p1a: Floette|[spread] p1a,p1b
|-supereffective|p1a: Floette|1
|-damage|p1a: Floette|7/100
|-damage|p1b: Garchomp|0 fnt
|-unboost|p2b: Gholdengo|spa|2
|faint|p1b: Garchomp
|-damage|p2b: Gholdengo|71/100|[from] item: Life Orb
|move|p1a: Floette|Light of Ruin|p2b: Gholdengo
|-resisted|p2b: Gholdengo|1
|-damage|p2b: Gholdengo|16/100
|-damage|p1a: Floette|0 fnt|[from] Recoil
|faint|p1a: Floette
|
|win|HenriqueZVGC
|inactive|jwithers93 has 30 seconds to confirm battle start!
|inactive|HenriqueZVGC has 30 seconds to confirm battle start!
||jwithers93 is ready for game 3.
