|j|☆pokeplaygg
|j|☆lakaka siuuu
|html|pokeplaygglakaka siuuu    
|uhtml|bestof|Game 2 of a best-of-3
|t:|1782443413
|gametype|doubles
|player|p1|pokeplaygg|169|1462
|player|p2|lakaka siuuu|expert-gen6|1349
|gen|9
|tier|[Gen 9 Champions] VGC 2026 Reg M-B (Bo3)
|rated|
|rule|Species Clause: Limit one of each Pokémon
|rule|Item Clause: Limit 1 of each item
|clearpoke
|poke|p1|Pelipper, L50, M|
|poke|p1|Archaludon, L50, F|
|poke|p1|Swampert, L50, F|
|poke|p1|Sinistcha, L50|
|poke|p1|Venusaur, L50, M|
|poke|p1|Aerodactyl, L50, M|
|poke|p2|Floette-Eternal, L50, F|
|poke|p2|Sinistcha, L50|
|poke|p2|Incineroar, L50, M|
|poke|p2|Delphox, L50, M|
|poke|p2|Kingambit, L50, M|
|poke|p2|Sneasler, L50, M|
|teampreview|4
|showteam|p1|Pelipper||LifeOrb|Drizzle|Protect,Hurricane,MuddyWater,Tailwind|Modest||M|||50|]Archaludon||Leftovers|Stamina|Protect,ElectroShot,DracoMeteor,FlashCannon|Modest||F|||50|]Swampert||Swampertite|Torrent|Protect,WaveCrash,Earthquake,IcePunch|Adamant||F|||50|]Sinistcha||BrightPowder|Hospitality|TrickRoom,LifeDew,MatchaGotcha,RagePowder|Bold|||||50|]Venusaur||Venusaurite|Chlorophyll|Protect,SleepPowder,SludgeBomb,EarthPower|Modest||M|||50|]Aerodactyl||FocusSash|Unnerve|Protect,Tailwind,RockSlide,DualWingbeat|Jolly||M|||50|
|showteam|p2|Floette-Eternal||Floettite|FlowerVeil|Moonblast,DazzlingGleam,CalmMind,Protect|Modest||F|||50|]Sinistcha||ColburBerry|Hospitality|MatchaGotcha,RagePowder,Protect,TrickRoom|Bold|||||50|]Incineroar||SitrusBerry|Intimidate|FlareBlitz,PartingShot,FakeOut,HelpingHand|Careful||M|||50|]Delphox||Delphoxite|Blaze|HeatWave,Psyshock,NastyPlot,Protect|Timid||M|||50|]Kingambit||BlackGlasses|Defiant|KowtowCleave,SuckerPunch,SwordsDance,Protect|Adamant||M|||50|]Sneasler||FocusSash|Unburden|CloseCombat,DireClaw,FakeOut,QuickGuard|Jolly||M|||50|
|inactive|Battle timer is ON: inactive players will automatically lose when time's up. (requested by pokeplaygg)
|inactive|pokeplaygg has 60 seconds left.
|
|t:|1782443465
|teamsize|p1|4
|teamsize|p2|4
|start
|switch|p1a: Venusaur|Venusaur, L50, M|100/100
|switch|p1b: Pelipper|Pelipper, L50, M|100/100
|switch|p2a: Floette|Floette-Eternal, L50, F|100/100
|switch|p2b: Gradisce|Incineroar, L50, M|100/100
|-weather|RainDance|[from] ability: Drizzle|[of] p1b: Pelipper
|-ability|p2b: Gradisce|Intimidate|boost
|-unboost|p1a: Venusaur|atk|1
|-unboost|p1b: Pelipper|atk|1
|turn|1
|
|t:|1782443484
|detailschange|p2a: Floette|Floette-Mega, L50, F
|-mega|p2a: Floette|Floette|Floettite
|-ability|p2a: Floette|Fairy Aura
|move|p2b: Gradisce|Fake Out|p1a: Venusaur
|-damage|p1a: Venusaur|87/100
|move|p2a: Floette|Moonblast|p1b: Pelipper
|-damage|p1b: Pelipper|0 fnt
|faint|p1b: Pelipper
|cant|p1a: Venusaur|flinch
|
|-weather|RainDance|[upkeep]
|upkeep
|
|t:|1782443495
|switch|p1b: Swampert|Swampert, L50, F|100/100
|turn|2
|
|t:|1782443524
|switch|p2b: Il Conto?|Sinistcha, L50|100/100
|detailschange|p1b: Swampert|Swampert-Mega, L50, F
|-mega|p1b: Swampert|Swampert|Swampertite
|move|p2a: Floette|Protect|p2a: Floette
|-singleturn|p2a: Floette|Protect
|move|p1b: Swampert|Wave Crash|p2b: Il Conto?
|-resisted|p2b: Il Conto?|1
|-crit|p2b: Il Conto?
|-damage|p2b: Il Conto?|33/100
|-damage|p1b: Swampert|77/100|[from] Recoil
|move|p1a: Venusaur|Sludge Bomb|p2b: Il Conto?
|-damage|p2b: Il Conto?|0 fnt
|faint|p2b: Il Conto?
|
|-weather|RainDance|[upkeep]
|upkeep
|
|t:|1782443539
|switch|p2b: Gradisce|Incineroar, L50, M|100/100
|-ability|p2b: Gradisce|Intimidate|boost
|-unboost|p1a: Venusaur|atk|1
|-unboost|p1b: Swampert|atk|1
|turn|3
|
|t:|1782443561
|switch|p1b: Archaludon|Archaludon, L50, F|100/100
|move|p2b: Gradisce|Fake Out|p1a: Venusaur
|-damage|p1a: Venusaur|75/100
|move|p2a: Floette|Moonblast|p1b: Archaludon
|-damage|p1b: Archaludon|4/100
|-ability|p1b: Archaludon|Stamina|boost
|-boost|p1b: Archaludon|def|1
|cant|p1a: Venusaur|flinch
|
|-weather|RainDance|[upkeep]
|-heal|p1b: Archaludon|10/100|[from] item: Leftovers
|upkeep
|turn|4
|inactive|pokeplaygg has 30 seconds left.
|inactive|pokeplaygg has 20 seconds left.
|
|t:|1782443598
|move|p2a: Floette|Dazzling Gleam|p1a: Venusaur|[spread] p1a,p1b
|-resisted|p1a: Venusaur|1
|-damage|p1a: Venusaur|53/100
|-damage|p1b: Archaludon|0 fnt
|faint|p1b: Archaludon
|move|p1a: Venusaur|Sleep Powder|p2b: Gradisce
|-status|p2b: Gradisce|slp|[from] move: Sleep Powder
|cant|p2b: Gradisce|slp
|
|-weather|RainDance|[upkeep]
|upkeep
|
|t:|1782443601
|switch|p1b: Swampert|Swampert-Mega, L50, F|77/100
|turn|5
|
|t:|1782443612
|move|p2a: Floette|Protect|p2a: Floette
|-singleturn|p2a: Floette|Protect
|move|p1b: Swampert|Wave Crash|p2b: Gradisce
|-supereffective|p2b: Gradisce|1
|-damage|p2b: Gradisce|0 fnt
|faint|p2b: Gradisce
|-damage|p1b: Swampert|40/100|[from] Recoil
|move|p1a: Venusaur|Sleep Powder|p2a: Floette
|-activate|p2a: Floette|move: Protect
|
|-weather|none
|upkeep
|
|t:|1782443622
|switch|p2b: Apache Kid|Kingambit, L50, M|100/100
|turn|6
|
|t:|1782443641
|move|p1b: Swampert|Protect|p1b: Swampert
|-singleturn|p1b: Swampert|Protect
|move|p2a: Floette|Dazzling Gleam|p1a: Venusaur|[spread] p1a
|-activate|p1b: Swampert|move: Protect
|-resisted|p1a: Venusaur|1
|-damage|p1a: Venusaur|31/100
|move|p1a: Venusaur|Sleep Powder|p2a: Floette
|-status|p2a: Floette|slp|[from] move: Sleep Powder
|move|p2b: Apache Kid|Kowtow Cleave|p1a: Venusaur
|-damage|p1a: Venusaur|0 fnt
|faint|p1a: Venusaur
|
|upkeep
|turn|7
|
|t:|1782443653
|cant|p2a: Floette|slp
|move|p1b: Swampert|Earthquake|p2b: Apache Kid|[spread] p2a,p2b
|-supereffective|p2b: Apache Kid|1
|-crit|p2b: Apache Kid
|-damage|p2a: Floette|55/100 slp
|-damage|p2b: Apache Kid|0 fnt
|faint|p2b: Apache Kid
|
|upkeep
|turn|8
|
|t:|1782443663
|cant|p2a: Floette|slp
|move|p1b: Swampert|Wave Crash|p2a: Floette
|-damage|p2a: Floette|0 fnt
|faint|p2a: Floette
|-damage|p1b: Swampert|22/100|[from] Recoil
|
|win|pokeplaygg
||pokeplaygg is ready for game 3.
|c|☆lakaka siuuu|that's a shit game
|inactive|lakaka siuuu has 30 seconds to confirm battle start!
||lakaka siuuu is ready for game 3.
|uhtml|next|Next: Game 3 of 3
|l|☆lakaka siuuu
|player|p2|
|j|☆lakaka siuuu
|player|p2|lakaka siuuu|expert-gen6|
