|j|☆Tractie
|j|☆Star-Lined J
|html|TractieStar-Lined J    
|uhtml|bestof|Game 1 of a best-of-3
|t:|1757089811
|gametype|doubles
|player|p1|Tractie|265|1287
|player|p2|Star-Lined J|101|1237
|gen|9
|tier|[Gen 9] VGC 2025 Reg H (Bo3)
|rated|
|rule|Species Clause: Limit one of each Pokémon
|rule|Item Clause: Limit 1 of each item
|clearpoke
|poke|p1|Gothitelle, L50, M|
|poke|p1|Dondozo, L50, F|
|poke|p1|Kingambit, L50, F|
|poke|p1|Incineroar, L50, F|
|poke|p1|Amoonguss, L50, F|
|poke|p1|Zoroark-Hisui, L50, M|
|poke|p2|Rillaboom, L50, M|
|poke|p2|Glaceon, L50, F|
|poke|p2|Palafin, L50, F|
|poke|p2|Ninetales-Alola, L50, M|
|poke|p2|Chandelure, L50, M|
|poke|p2|Flamigo, L50, F|
|teampreview|4
|showteam|p1|Gothitelle||SitrusBerry|ShadowTag|FakeOut,Psychic,TrickRoom,Protect|||M|||50|,,,,,Water]Dondozo||Leftovers|Unaware|WaveCrash,BodyPress,Yawn,Protect|||F|||50|,,,,,Electric]Kingambit||BlackGlasses|Defiant|SuckerPunch,KowtowCleave,SwordsDance,Protect|||F|||50|,,,,,Dark]Incineroar||SafetyGoggles|Intimidate|FakeOut,FlareBlitz,KnockOff,PartingShot|||F|||50|,,,,,Ghost]Amoonguss||RockyHelmet|Regenerator|Spore,RagePowder,PollenPuff,Protect|||F|||50|,,,,,Fairy]Zoroark-Hisui||LifeOrb|Illusion|ShadowBall,TeraBlast,FocusBlast,Protect|||M|||50|,,,,,Stellar
|showteam|p2|Rillaboom||AssaultVest|GrassySurge|FakeOut,GrassyGlide,WoodHammer,Uturn|||M|||50|,,,,,Fire]Glaceon||ChoiceSpecs|SnowCloak|Blizzard,FreezeDry,IceBeam,AlluringVoice|||F|||50|,,,,,Ice]Palafin||SplashPlate|ZerotoHero|JetPunch,WaveCrash,Encore,Protect|||F|||50|,,,,,Water]Ninetales-Alola||CovertCloak|SnowWarning|Blizzard,Moonblast,AuroraVeil,Encore|||M|||50|,,,,,Fire]Chandelure||FlamePlate|FlashFire|ShadowBall,HeatWave,TrickRoom,Protect|||M|||50|,,,,,Grass]Flamigo||FocusSash|Scrappy|CloseCombat,BraveBird,Tailwind,Protect|||F|||50|,,,,,Ghost
|inactive|Battle timer is ON: inactive players will automatically lose when time's up. (requested by Star-Lined J)
|inactive|Tractie also wants the timer to be on.
|inactive|Tractie has 60 seconds left.
|inactive|Star-Lined J has 60 seconds left.
|inactive|Tractie has 30 seconds left.
|inactive|Tractie has 20 seconds left.
|
|t:|1757089885
|teamsize|p1|4
|teamsize|p2|4
|start
|switch|p1a: Incineroar|Incineroar, L50, F|100/100
|switch|p1b: Amoonguss|Amoonguss, L50, F|100/100
|switch|p2a: Glaceon|Glaceon, L50, F|100/100
|switch|p2b: Ninetales|Ninetales-Alola, L50, M|100/100
|-weather|Snowscape|[from] ability: Snow Warning|[of] p2b: Ninetales
|-ability|p1a: Incineroar|Intimidate|boost
|-unboost|p2a: Glaceon|atk|1
|-unboost|p2b: Ninetales|atk|1
|turn|1
|inactive|Tractie has 30 seconds left.
|
|t:|1757089914
|switch|p2a: Rillaboom|Rillaboom, L50, M|100/100
|-fieldstart|move: Grassy Terrain|[from] ability: Grassy Surge|[of] p2a: Rillaboom
|move|p1b: Amoonguss|Focus Blast|p2a: Rillaboom
|-damage|p2a: Rillaboom|69/100
|-damage|p1b: Amoonguss|91/100|[from] item: Life Orb
|move|p2b: Ninetales|Aurora Veil|p2b: Ninetales
|-sidestart|p2: Star-Lined J|move: Aurora Veil
|move|p1a: Incineroar|Parting Shot|p2a: Rillaboom
|-unboost|p2a: Rillaboom|atk|1
|-unboost|p2a: Rillaboom|spa|1
|
|t:|1757089932
|switch|p1a: Amoonguss|Amoonguss, L50, F|100/100|[from] Parting Shot
|
|-weather|Snowscape|[upkeep]
|-heal|p1b: Amoonguss|97/100|[from] Grassy Terrain
|-heal|p2a: Rillaboom|75/100|[from] Grassy Terrain
|upkeep
|turn|2
|
|t:|1757089943
|switch|p1b: Incineroar|Incineroar, L50, F|100/100
|-ability|p1b: Incineroar|Intimidate|boost
|-unboost|p2a: Rillaboom|atk|1
|-unboost|p2b: Ninetales|atk|1
|move|p2a: Rillaboom|Fake Out|p1a: Amoonguss
|-damage|p1a: Amoonguss|95/100
|-damage|p2a: Rillaboom|59/100|[from] item: Rocky Helmet|[of] p1a: Amoonguss
|move|p2b: Ninetales|Blizzard|p1a: Amoonguss|[spread] p1a,p1b
|-supereffective|p1a: Amoonguss
|-resisted|p1b: Incineroar
|-damage|p1a: Amoonguss|54/100
|-damage|p1b: Incineroar|91/100
|cant|p1a: Amoonguss|flinch
|
|-weather|Snowscape|[upkeep]
|-heal|p2a: Rillaboom|64/100|[from] Grassy Terrain
|-heal|p1b: Incineroar|97/100|[from] Grassy Terrain
|-heal|p1a: Amoonguss|60/100|[from] Grassy Terrain
|upkeep
|turn|3
|inactive|Tractie has 30 seconds left.
|inactive|Star-Lined J has 30 seconds left.
|inactive|Tractie has 20 seconds left.
|inactive|Star-Lined J has 20 seconds left.
|inactive|Tractie has 15 seconds left.
|inactive|Star-Lined J has 15 seconds left.
|inactive|Tractie has 10 seconds left.
|
|t:|1757089993
|switch|p2a: Flamigo|Flamigo, L50, F|100/100
|switch|p1a: Dondozo|Dondozo, L50, F|100/100
|move|p2b: Ninetales|Blizzard|p1b: Incineroar|[spread] p1a,p1b
|-resisted|p1a: Dondozo
|-resisted|p1b: Incineroar
|-damage|p1a: Dondozo|93/100
|-damage|p1b: Incineroar|87/100
|-status|p1b: Incineroar|frz
|-curestatus|p1b: Incineroar|frz|[from] move: Flare Blitz
|move|p1b: Incineroar|Flare Blitz|p2a: Flamigo
|-damage|p2a: Flamigo|49/100
|-damage|p1b: Incineroar|74/100|[from] Recoil
|
|-weather|Snowscape|[upkeep]
|-heal|p1b: Incineroar|80/100|[from] Grassy Terrain
|-heal|p1a: Dondozo|99/100|[from] Grassy Terrain
|-heal|p1a: Dondozo|100/100|[from] item: Leftovers
|upkeep
|turn|4
|inactive|Tractie has 30 seconds left.
|inactive|Tractie has 20 seconds left.
|inactive|Tractie has 15 seconds left.
|inactive|Tractie has 10 seconds left.
|inactive|Tractie has 5 seconds left.
|
|t:|1757090046
|switch|p2b: Glaceon|Glaceon, L50, F|100/100
|switch|p1b: Amoonguss|Amoonguss, L50, F|93/100
|move|p2a: Flamigo|Close Combat|p1b: Amoonguss
|-resisted|p1b: Amoonguss
|-damage|p1b: Amoonguss|71/100
|-unboost|p2a: Flamigo|def|1
|-unboost|p2a: Flamigo|spd|1
|-damage|p2a: Flamigo|32/100|[from] item: Rocky Helmet|[of] p1b: Amoonguss
|move|p1a: Dondozo|Wave Crash|p2a: Flamigo
|-damage|p2a: Flamigo|0 fnt
|faint|p2a: Flamigo
|-damage|p1a: Dondozo|94/100|[from] Recoil
|
|-weather|Snowscape|[upkeep]
|-heal|p1a: Dondozo|99/100|[from] Grassy Terrain
|-heal|p1a: Dondozo|100/100|[from] item: Leftovers
|-heal|p1b: Amoonguss|77/100|[from] Grassy Terrain
|upkeep
|
|t:|1757090059
|switch|p2a: Rillaboom|Rillaboom, L50, M|64/100
|turn|5
|
|t:|1757090078
|switch|p1a: Incineroar|Incineroar, L50, F|80/100
|-ability|p1a: Incineroar|Intimidate|boost
|-unboost|p2a: Rillaboom|atk|1
|-unboost|p2b: Glaceon|atk|1
|-terastallize|p2b: Glaceon|Ice
|move|p1b: Amoonguss|Protect|p1b: Amoonguss
|-singleturn|p1b: Amoonguss|Protect
|move|p2a: Rillaboom|Fake Out|p1b: Amoonguss
|-activate|p1b: Amoonguss|move: Protect
|move|p2b: Glaceon|Blizzard|p1a: Incineroar|[spread] p1a
|-activate|p1b: Amoonguss|move: Protect
|-resisted|p1a: Incineroar
|-damage|p1a: Incineroar|47/100
|
|-weather|none
|-heal|p2a: Rillaboom|70/100|[from] Grassy Terrain
|-heal|p1a: Incineroar|53/100|[from] Grassy Terrain
|-heal|p1b: Amoonguss|83/100|[from] Grassy Terrain
|-sideend|p2: Star-Lined J|move: Aurora Veil
|-fieldend|move: Grassy Terrain
|upkeep
|turn|6
|
|t:|1757090098
|switch|p2a: Ninetales|Ninetales-Alola, L50, M|100/100
|-weather|Snowscape|[from] ability: Snow Warning|[of] p2a: Ninetales
|-terastallize|p1b: Amoonguss|Fairy
|move|p1a: Incineroar|Fake Out|p2b: Glaceon
|-damage|p2b: Glaceon|92/100
|cant|p2b: Glaceon|flinch
|move|p1b: Amoonguss|Spore|p2b: Glaceon
|-status|p2b: Glaceon|slp|[from] move: Spore
|
|-weather|Snowscape|[upkeep]
|upkeep
|turn|7
|
|t:|1757090122
|move|p1b: Amoonguss|Rage Powder|p1b: Amoonguss
|-singleturn|p1b: Amoonguss|move: Rage Powder
|move|p2a: Ninetales|Aurora Veil|p2a: Ninetales
|-sidestart|p2: Star-Lined J|move: Aurora Veil
|cant|p2b: Glaceon|slp
|move|p1a: Incineroar|Flare Blitz|p2b: Glaceon
|-supereffective|p2b: Glaceon
|-crit|p2b: Glaceon
|-damage|p2b: Glaceon|0 fnt
|faint|p2b: Glaceon
|-damage|p1a: Incineroar|29/100|[from] Recoil
|
|-weather|Snowscape|[upkeep]
|upkeep
|-message|Star-Lined J forfeited.
|
|win|Tractie
||Star-Lined J is ready for game 2.
||Tractie is ready for game 2.
|uhtml|next|Next: Game 2 of 3
|l|☆Star-Lined J
|player|p2|
|l|☆Tractie
|player|p1|
|j|☆Tractie
|player|p1|Tractie|265|
