|j|☆PizzaSanwitch
|j|☆stewiie25
|html|PizzaSanwitchstewiie25    
|uhtml|bestof|Game 2 of a best-of-3
|t:|1784734744
|gametype|doubles
|player|p1|PizzaSanwitch|102|1168
|player|p2|stewiie25|1|1114
|gen|9
|tier|[Gen 9 Champions] VGC 2026 Reg M-B (Bo3)
|rated|
|rule|Species Clause: Limit one of each Pokémon
|rule|Item Clause: Limit 1 of each item
|clearpoke
|poke|p1|Pelipper, L50, F|
|poke|p1|Archaludon, L50, F|
|poke|p1|Venusaur, L50, M|
|poke|p1|Basculegion, L50, M|
|poke|p1|Grimmsnarl, L50, M|
|poke|p1|Charizard, L50, M|
|poke|p2|Farigiraf, L50, F|
|poke|p2|Vivillon-Pokeball, L50, M|
|poke|p2|Sylveon, L50, M|
|poke|p2|Camerupt, L50, M|
|poke|p2|Kingambit, L50, M|
|poke|p2|Drampa, L50, F|
|teampreview|4
|showteam|p1|Pelipper||SitrusBerry|Drizzle|WeatherBall,Hurricane,Tailwind,Protect|Modest||F|||50|]Archaludon||Leftovers|Stamina|ElectroShot,FlashCannon,DragonPulse,Protect|Modest||F|||50|]Venusaur||Venusaurite|Chlorophyll|GigaDrain,SludgeBomb,EarthPower,Protect|Modest||M|||50|]Basculegion||ChoiceScarf|Adaptability|WaveCrash,LastRespects,AquaJet,FlipTurn|Jolly||M|||50|]Grimmsnarl||LightClay|Prankster|SpiritBreak,Reflect,LightScreen,PartingShot|Sassy||M|||50|]Charizard||CharizarditeY|SolarPower|HeatWave,WeatherBall,Hurricane,Protect|Modest||M|||50|
|showteam|p2|Farigiraf||SitrusBerry|ArmorTail|HelpingHand,TwinBeam,TrickRoom,Thunderbolt|Quiet||F|||50|]Vivillon-Pokeball||ChoiceScarf|CompoundEyes|StunSpore,Hurricane,BugBuzz,SleepPowder|Timid||M|||50|]Sylveon||LifeOrb|Pixilate|CalmMind,HyperVoice,HyperBeam,Protect|Modest||M|||50|]Camerupt||Cameruptite|SolidRock|Protect,HeatWave,Eruption,EarthPower|Quiet||M|||50|]Kingambit||ChopleBerry|Defiant|SwordsDance,LowKick,KowtowCleave,SuckerPunch|Brave||M|||50|]Drampa||Drampanite|CloudNine|HyperVoice,DragonPulse,IceBeam,EarthPower|Quiet||F|||50|
|
|t:|1784734796
|teamsize|p1|4
|teamsize|p2|4
|start
|switch|p1a: Charizard|Charizard, L50, M|100/100
|switch|p1b: Grimmsnarl|Grimmsnarl, L50, M|100/100
|switch|p2a: Vivillon|Vivillon-Pokeball, L50, M|100/100
|switch|p2b: Farigiraf|Farigiraf, L50, F|100/100
|turn|1
|
|t:|1784734811
|detailschange|p1a: Charizard|Charizard-Mega-Y, L50, M
|-mega|p1a: Charizard|Charizard|Charizardite Y
|-weather|SunnyDay|[from] ability: Drought|[of] p1a: Charizard
|move|p1b: Grimmsnarl|Light Screen|p1b: Grimmsnarl
|-sidestart|p1: PizzaSanwitch|move: Light Screen
|move|p2a: Vivillon|Sleep Powder|p1b: Grimmsnarl
|-status|p1b: Grimmsnarl|slp|[from] move: Sleep Powder
|move|p1a: Charizard|Heat Wave|p2b: Farigiraf|[spread] p2a,p2b
|-supereffective|p2a: Vivillon|1
|-damage|p2a: Vivillon|0 fnt
|-damage|p2b: Farigiraf|29/100
|-enditem|p2b: Farigiraf|Sitrus Berry|[eat]
|-heal|p2b: Farigiraf|54/100|[from] item: Sitrus Berry
|faint|p2a: Vivillon
|move|p2b: Farigiraf|Trick Room|p2b: Farigiraf
|-fieldstart|move: Trick Room|[of] p2b: Farigiraf
|
|-weather|SunnyDay|[upkeep]
|upkeep
|
|t:|1784734826
|switch|p2a: Drampa|Drampa, L50, F|100/100
|-ability|p2a: Drampa|Cloud Nine
|turn|2
|
|t:|1784734848
|switch|p2b: Kingambit|Kingambit, L50, M|100/100
|detailschange|p2a: Drampa|Drampa-Mega, L50, F
|-mega|p2a: Drampa|Drampa|Drampanite
|move|p1a: Charizard|Protect|p1a: Charizard
|-singleturn|p1a: Charizard|Protect
|move|p2a: Drampa|Hyper Voice|p1a: Charizard|[spread] p1b
|-activate|p1a: Charizard|move: Protect
|-damage|p1b: Grimmsnarl|74/100 slp
|cant|p1b: Grimmsnarl|slp
|
|-weather|SunnyDay|[upkeep]
|upkeep
|turn|3
|
|t:|1784734873
|move|p2a: Drampa|Hyper Voice|p1b: Grimmsnarl|[spread] p1a,p1b
|-crit|p1b: Grimmsnarl
|-damage|p1a: Charizard|74/100
|-damage|p1b: Grimmsnarl|19/100 slp
|move|p2b: Kingambit|Kowtow Cleave|p1a: Charizard
|-damage|p1a: Charizard|21/100
|cant|p1b: Grimmsnarl|slp
|move|p1a: Charizard|Weather Ball|p2b: Kingambit
|-supereffective|p2b: Kingambit|1
|-damage|p2b: Kingambit|0 fnt
|faint|p2b: Kingambit
|
|-weather|SunnyDay|[upkeep]
|upkeep
|
|t:|1784734881
|switch|p2b: Farigiraf|Farigiraf, L50, F|54/100
|turn|4
|
|t:|1784734897
|switch|p1b: Archaludon|Archaludon, L50, F|100/100
|move|p1a: Charizard|Protect|p1a: Charizard
|-singleturn|p1a: Charizard|Protect
|move|p2a: Drampa|Hyper Voice|p1a: Charizard|[spread] p1b
|-activate|p1a: Charizard|move: Protect
|-resisted|p1b: Archaludon|1
|-damage|p1b: Archaludon|86/100
|-ability|p1b: Archaludon|Stamina|boost
|-boost|p1b: Archaludon|def|1
|move|p2b: Farigiraf|Thunderbolt|p1a: Charizard
|-activate|p1a: Charizard|move: Protect
|
|-weather|SunnyDay|[upkeep]
|-heal|p1b: Archaludon|92/100|[from] item: Leftovers
|upkeep
|turn|5
|
|t:|1784734938
|switch|p1a: Grimmsnarl|Grimmsnarl, L50, M|19/100 slp
|move|p2b: Farigiraf|Helping Hand|p2a: Drampa
|-singleturn|p2a: Drampa|Helping Hand|[of] p2b: Farigiraf
|move|p1b: Archaludon|Protect|p1b: Archaludon
|-singleturn|p1b: Archaludon|Protect
|move|p2a: Drampa|Dragon Pulse|p1b: Archaludon
|-activate|p1b: Archaludon|move: Protect
|
|-weather|none
|-heal|p1b: Archaludon|98/100|[from] item: Leftovers
|-fieldend|move: Trick Room
|upkeep
|turn|6
|
|t:|1784734957
|move|p1b: Archaludon|Dragon Pulse|p2b: Farigiraf
|-damage|p2b: Farigiraf|12/100
|-curestatus|p1a: Grimmsnarl|slp|[msg]
|move|p1a: Grimmsnarl|Spirit Break|p2b: Farigiraf
|-damage|p2b: Farigiraf|0 fnt
|faint|p2b: Farigiraf
|move|p2a: Drampa|Dragon Pulse|p1b: Archaludon
|-damage|p1b: Archaludon|63/100
|-ability|p1b: Archaludon|Stamina|boost
|-boost|p1b: Archaludon|def|1
|
|-heal|p1b: Archaludon|70/100|[from] item: Leftovers
|upkeep
|turn|7
|
|t:|1784734970
|move|p1a: Grimmsnarl|Parting Shot|p2a: Drampa
|-unboost|p2a: Drampa|atk|1
|-unboost|p2a: Drampa|spa|1
|
|t:|1784734973
|switch|p1a: Pelipper|Pelipper, L50, F|100/100|[from] Parting Shot
|-weather|RainDance|[from] ability: Drizzle|[of] p1a: Pelipper
|move|p1b: Archaludon|Electro Shot||[still]
|-prepare|p1b: Archaludon|Electro Shot
|-boost|p1b: Archaludon|spa|1
|-anim|p1b: Archaludon|Electro Shot|p2a: Drampa
|-resisted|p2a: Drampa|1
|-damage|p2a: Drampa|73/100
|move|p2a: Drampa|Dragon Pulse|p1a: Pelipper
|-damage|p1a: Pelipper|68/100
|
|-weather|RainDance|[upkeep]
|-heal|p1b: Archaludon|76/100|[from] item: Leftovers
|upkeep
|turn|8
|
|t:|1784734988
|move|p1b: Archaludon|Dragon Pulse|p2a: Drampa
|-supereffective|p2a: Drampa|1
|-damage|p2a: Drampa|0 fnt
|faint|p2a: Drampa
|
|win|PizzaSanwitch
|raw|PizzaSanwitch's rating: 1168 → 1189(+21 for winning)
|raw|stewiie25's rating: 1114 → 1093(-21 for losing)
|l|☆stewiie25
|player|p2|
