|j|☆Shiboha
|j|☆nyakugan
|html|Shibohanyakugan    
|uhtml|bestof|Game 2 of a best-of-3
|t:|1756663177
|gametype|doubles
|player|p1|Shiboha|steven|
|player|p2|nyakugan|psychic|
|gen|9
|tier|[Gen 9] VGC 2025 Reg H (Bo3)
|rule|Species Clause: Limit one of each Pokémon
|rule|Item Clause: Limit 1 of each item
|clearpoke
|poke|p1|Gholdengo, L50|
|poke|p1|Incineroar, L50, M|
|poke|p1|Garchomp, L50, F|
|poke|p1|Dondozo, L50, F|
|poke|p1|Tatsugiri, L50, F|
|poke|p1|Ninetales-Alola, L50, F|
|poke|p2|Dragapult, L50, M|
|poke|p2|Sneasler, L50, M|
|poke|p2|Volcarona, L50, F|
|poke|p2|Incineroar, L50, M|
|poke|p2|Rillaboom, L50, M|
|poke|p2|Kingambit, L50, M|
|teampreview|4
|showteam|p1|Gholdengo||MetalCoat|GoodasGold|MakeItRain,ShadowBall,NastyPlot,Protect||||||50|,,,,,Steel]Incineroar||RockyHelmet|Intimidate|FakeOut,FlareBlitz,KnockOff,PartingShot|||M|||50|,,,,,Grass]Garchomp||LifeOrb|RoughSkin|Earthquake,StompingTantrum,Outrage,Protect|||F|||50|,,,,,Fire]Dondozo||Leftovers|Unaware|WaveCrash,Earthquake,Yawn,Protect|||F|||50|,,,,,Grass]Tatsugiri||FocusSash|Commander|MuddyWater,DracoMeteor,IcyWind,Protect|||F|||50|,,,,,Steel]Ninetales-Alola||CovertCloak|SnowWarning|Blizzard,Moonblast,AuroraVeil,Encore|||F|||50|,,,,,Water
|showteam|p2|Dragapult||ChoiceBand|ClearBody|DragonDarts,Outrage,PhantomForce,Uturn|||M|||50|,,,,,Dragon]Sneasler||FocusSash|Unburden|CloseCombat,DireClaw,Coaching,Protect|||M|||50|,,,,,Stellar]Volcarona||GrassySeed|FlameBody|FieryDance,TeraBlast,QuiverDance,Protect|||F|||50|,,,,,Fairy]Incineroar||SafetyGoggles|Intimidate|KnockOff,FakeOut,Taunt,PartingShot|||M|||50|,,,,,Ghost]Rillaboom||AssaultVest|GrassySurge|WoodHammer,GrassyGlide,Uturn,FakeOut|||M|||50|,,,,,Fire]Kingambit||BlackGlasses|Defiant|KowtowCleave,SuckerPunch,SwordsDance,Protect|||M|||50|,,,,,Dark
|
|t:|1756663229
|teamsize|p1|4
|teamsize|p2|4
|start
|switch|p1a: Dondozo|Dondozo, L50, F|100/100
|switch|p1b: Garchomp|Garchomp, L50, F|100/100
|switch|p2a: Incineroar|Incineroar, L50, M, shiny|100/100
|switch|p2b: Volcarona|Volcarona, L50, F, shiny|100/100
|-ability|p2a: Incineroar|Intimidate|boost
|-unboost|p1a: Dondozo|atk|1
|-unboost|p1b: Garchomp|atk|1
|turn|1
|
|t:|1756663293
|switch|p2a: Rillaboom|Rillaboom, L50, M, shiny|100/100
|-fieldstart|move: Grassy Terrain|[from] ability: Grassy Surge|[of] p2a: Rillaboom
|-enditem|p2b: Volcarona|Grassy Seed
|-boost|p2b: Volcarona|def|1|[from] item: Grassy Seed
|move|p2b: Volcarona|Protect|p2b: Volcarona
|-singleturn|p2b: Volcarona|Protect
|move|p1b: Garchomp|Stomping Tantrum|p2a: Rillaboom
|-resisted|p2a: Rillaboom
|-damage|p2a: Rillaboom|85/100
|-damage|p1b: Garchomp|91/100|[from] item: Life Orb
|move|p1a: Dondozo|Yawn|p2b: Volcarona
|-activate|p2b: Volcarona|move: Protect
|
|-heal|p1b: Garchomp|97/100|[from] Grassy Terrain
|-heal|p2a: Rillaboom|91/100|[from] Grassy Terrain
|upkeep
|turn|2
|
|t:|1756663375
|-terastallize|p2b: Volcarona|Fairy
|move|p2a: Rillaboom|Fake Out|p1a: Dondozo
|-damage|p1a: Dondozo|91/100
|move|p1b: Garchomp|Earthquake|p2b: Volcarona|[spread] p1a,p2a,p2b
|-resisted|p2a: Rillaboom
|-damage|p1a: Dondozo|73/100
|-damage|p2a: Rillaboom|82/100
|-damage|p2b: Volcarona|85/100
|-damage|p1b: Garchomp|87/100|[from] item: Life Orb
|move|p2b: Volcarona|Quiver Dance|p2b: Volcarona
|-boost|p2b: Volcarona|spa|1
|-boost|p2b: Volcarona|spd|1
|-boost|p2b: Volcarona|spe|1
|cant|p1a: Dondozo|flinch
|
|-heal|p2b: Volcarona|92/100|[from] Grassy Terrain
|-heal|p1b: Garchomp|93/100|[from] Grassy Terrain
|-heal|p2a: Rillaboom|89/100|[from] Grassy Terrain
|-heal|p1a: Dondozo|80/100|[from] Grassy Terrain
|-heal|p1a: Dondozo|86/100|[from] item: Leftovers
|upkeep
|turn|3
|
|t:|1756663406
|switch|p1b: Incineroar|Incineroar, L50, M|100/100
|-ability|p1b: Incineroar|Intimidate|boost
|-unboost|p2a: Rillaboom|atk|1
|-unboost|p2b: Volcarona|atk|1
|move|p2b: Volcarona|Protect|p2b: Volcarona
|-singleturn|p2b: Volcarona|Protect
|move|p2a: Rillaboom|U-turn|p1a: Dondozo
|-damage|p1a: Dondozo|69/100
|
|t:|1756663423
|switch|p2a: Incineroar|Incineroar, L50, M, shiny|100/100|[from] U-turn
|-ability|p2a: Incineroar|Intimidate|boost
|-unboost|p1a: Dondozo|atk|1
|-unboost|p1b: Incineroar|atk|1
|move|p1a: Dondozo|Yawn|p2b: Volcarona
|-activate|p2b: Volcarona|move: Protect
|
|-heal|p2b: Volcarona|98/100|[from] Grassy Terrain
|-heal|p1a: Dondozo|75/100|[from] Grassy Terrain
|-heal|p1a: Dondozo|81/100|[from] item: Leftovers
|upkeep
|turn|4
|
|t:|1756663490
|move|p2a: Incineroar|Fake Out|p1a: Dondozo
|-damage|p1a: Dondozo|74/100
|move|p2b: Volcarona|Tera Blast|p1b: Incineroar|[anim] Tera Blast Fairy
|-damage|p1b: Incineroar|46/100
|cant|p1a: Dondozo|flinch
|move|p1b: Incineroar|Parting Shot|p2b: Volcarona
|-unboost|p2b: Volcarona|atk|1
|-unboost|p2b: Volcarona|spa|1
|
|t:|1756663512
|switch|p1b: Garchomp|Garchomp, L50, F|93/100|[from] Parting Shot
|
|-heal|p2b: Volcarona|100/100|[from] Grassy Terrain
|-heal|p1b: Garchomp|99/100|[from] Grassy Terrain
|-heal|p1a: Dondozo|80/100|[from] Grassy Terrain
|-heal|p1a: Dondozo|87/100|[from] item: Leftovers
|upkeep
|turn|5
|
|t:|1756663540
|switch|p2a: Rillaboom|Rillaboom, L50, M, shiny|89/100
|-terastallize|p1b: Garchomp|Fire
|move|p2b: Volcarona|Protect|p2b: Volcarona
|-singleturn|p2b: Volcarona|Protect
|move|p1b: Garchomp|Earthquake|p2a: Rillaboom|[spread] p1a,p2a
|-activate|p2b: Volcarona|move: Protect
|-crit|p1a: Dondozo
|-resisted|p2a: Rillaboom
|-damage|p1a: Dondozo|63/100
|-damage|p2a: Rillaboom|76/100
|-damage|p1b: Garchomp|89/100|[from] item: Life Orb
|move|p1a: Dondozo|Wave Crash|p2a: Rillaboom
|-resisted|p2a: Rillaboom
|-damage|p2a: Rillaboom|63/100
|-damage|p1a: Dondozo|60/100|[from] Recoil
|
|-heal|p1b: Garchomp|95/100|[from] Grassy Terrain
|-heal|p2a: Rillaboom|70/100|[from] Grassy Terrain
|-heal|p1a: Dondozo|66/100|[from] Grassy Terrain
|-heal|p1a: Dondozo|73/100|[from] item: Leftovers
|-fieldend|move: Grassy Terrain
|upkeep
|turn|6
|
|t:|1756663614
|move|p2a: Rillaboom|Fake Out|p1a: Dondozo
|-damage|p1a: Dondozo|64/100
|move|p2b: Volcarona|Tera Blast|p1a: Dondozo|[anim] Tera Blast Fairy
|-damage|p1a: Dondozo|18/100
|move|p1b: Garchomp|Earthquake|p2b: Volcarona|[spread] p1a,p2a,p2b
|-resisted|p2a: Rillaboom
|-damage|p1a: Dondozo|0 fnt
|-damage|p2a: Rillaboom|42/100
|-damage|p2b: Volcarona|57/100
|faint|p1a: Dondozo
|-damage|p1b: Garchomp|86/100|[from] item: Life Orb
|
|upkeep
|
|t:|1756663626
|switch|p1a: Incineroar|Incineroar, L50, M|46/100
|-ability|p1a: Incineroar|Intimidate|boost
|-unboost|p2a: Rillaboom|atk|1
|-unboost|p2b: Volcarona|atk|1
|turn|7
|
|t:|1756663652
|switch|p2a: Incineroar|Incineroar, L50, M, shiny|100/100
|-ability|p2a: Incineroar|Intimidate|boost
|-unboost|p1a: Incineroar|atk|1
|-unboost|p1b: Garchomp|atk|1
|move|p2b: Volcarona|Protect|p2b: Volcarona
|-singleturn|p2b: Volcarona|Protect
|move|p1a: Incineroar|Fake Out|p2b: Volcarona
|-activate|p2b: Volcarona|move: Protect
|move|p1b: Garchomp|Stomping Tantrum|p2a: Incineroar
|-supereffective|p2a: Incineroar
|-damage|p2a: Incineroar|30/100
|-damage|p1b: Garchomp|76/100|[from] item: Life Orb
|
|upkeep
|turn|8
|
|t:|1756663723
|move|p2a: Incineroar|Fake Out|p1b: Garchomp
|-damage|p1b: Garchomp|66/100
|-damage|p2a: Incineroar|18/100|[from] ability: Rough Skin|[of] p1b: Garchomp
|move|p2b: Volcarona|Quiver Dance|p2b: Volcarona
|-boost|p2b: Volcarona|spa|1
|-boost|p2b: Volcarona|spd|1
|-boost|p2b: Volcarona|spe|1
|cant|p1b: Garchomp|flinch
|move|p1a: Incineroar|Parting Shot|p2b: Volcarona
|-unboost|p2b: Volcarona|atk|1
|-unboost|p2b: Volcarona|spa|1
|
|t:|1756663734
|switch|p1a: Gholdengo|Gholdengo, L50|100/100|[from] Parting Shot
|
|upkeep
|turn|9
|
|t:|1756663788
|switch|p1a: Incineroar|Incineroar, L50, M|46/100
|-ability|p1a: Incineroar|Intimidate|boost
|-unboost|p2a: Incineroar|atk|1
|-unboost|p2b: Volcarona|atk|1
|switch|p2a: Rillaboom|Rillaboom, L50, M, shiny|42/100
|-fieldstart|move: Grassy Terrain|[from] ability: Grassy Surge|[of] p2a: Rillaboom
|move|p2b: Volcarona|Protect|p2b: Volcarona
|-singleturn|p2b: Volcarona|Protect
|move|p1b: Garchomp|Stomping Tantrum|p2a: Rillaboom
|-resisted|p2a: Rillaboom
|-damage|p2a: Rillaboom|9/100
|-damage|p1b: Garchomp|56/100|[from] item: Life Orb
|
|-heal|p2b: Volcarona|64/100|[from] Grassy Terrain
|-heal|p1b: Garchomp|62/100|[from] Grassy Terrain
|-heal|p2a: Rillaboom|15/100|[from] Grassy Terrain
|-heal|p1a: Incineroar|52/100|[from] Grassy Terrain
|upkeep
|turn|10
|
|t:|1756663849
|move|p2a: Rillaboom|Fake Out|p1a: Incineroar
|-damage|p1a: Incineroar|40/100
|-damage|p2a: Rillaboom|0 fnt|[from] item: Rocky Helmet|[of] p1a: Incineroar
|faint|p2a: Rillaboom
|cant|p1a: Incineroar|flinch
|move|p2b: Volcarona|Quiver Dance|p2b: Volcarona
|-boost|p2b: Volcarona|spa|1
|-boost|p2b: Volcarona|spd|1
|-boost|p2b: Volcarona|spe|1
|move|p1b: Garchomp|Stomping Tantrum|p2b: Volcarona
|-damage|p2b: Volcarona|37/100
|-damage|p1b: Garchomp|53/100|[from] item: Life Orb
|
|-heal|p2b: Volcarona|43/100|[from] Grassy Terrain
|-heal|p1b: Garchomp|58/100|[from] Grassy Terrain
|-heal|p1a: Incineroar|46/100|[from] Grassy Terrain
|upkeep
|j| KrsCrossAppleSauce
|
|t:|1756663872
|switch|p2a: Incineroar|Incineroar, L50, M, shiny|18/100
|-ability|p2a: Incineroar|Intimidate|boost
|-unboost|p1a: Incineroar|atk|1
|-unboost|p1b: Garchomp|atk|1
|turn|11
|
|t:|1756663885
|switch|p1b: Gholdengo|Gholdengo, L50|100/100
|move|p2a: Incineroar|Fake Out|p1b: Gholdengo
|-immune|p1b: Gholdengo
|move|p2b: Volcarona|Tera Blast|p1a: Incineroar|[anim] Tera Blast Fairy
|-damage|p1a: Incineroar|0 fnt
|faint|p1a: Incineroar
|
|-heal|p2b: Volcarona|49/100|[from] Grassy Terrain
|-heal|p2a: Incineroar|24/100|[from] Grassy Terrain
|upkeep
|
|t:|1756663895
|switch|p1a: Garchomp|Garchomp, L50, F, tera:Fire|58/100
|turn|12
|
|t:|1756664024
|switch|p2a: Sneasler|Sneasler, L50, M, shiny|100/100
|move|p2b: Volcarona|Protect|p2b: Volcarona
|-singleturn|p2b: Volcarona|Protect
|move|p1a: Garchomp|Stomping Tantrum|p2b: Volcarona
|-activate|p2b: Volcarona|move: Protect
|move|p1b: Gholdengo|Make It Rain|p2b: Volcarona|[spread] p2a
|-activate|p2b: Volcarona|move: Protect
|-damage|p2a: Sneasler|11/100
|-unboost|p1b: Gholdengo|spa|1
|
|-heal|p2b: Volcarona|56/100|[from] Grassy Terrain
|-heal|p2a: Sneasler|16/100|[from] Grassy Terrain
|-heal|p1a: Garchomp|64/100|[from] Grassy Terrain
|upkeep
|turn|13
|
|t:|1756664090
|move|p1b: Gholdengo|Protect|p1b: Gholdengo
|-singleturn|p1b: Gholdengo|Protect
|move|p2b: Volcarona|Fiery Dance|p1b: Gholdengo
|-activate|p1b: Gholdengo|move: Protect
|move|p2a: Sneasler|Coaching|p2b: Volcarona
|-boost|p2b: Volcarona|atk|1
|-boost|p2b: Volcarona|def|1
|move|p1a: Garchomp|Stomping Tantrum|p2b: Volcarona
|-damage|p2b: Volcarona|24/100
|-damage|p1a: Garchomp|55/100|[from] item: Life Orb
|
|-heal|p2b: Volcarona|31/100|[from] Grassy Terrain
|-heal|p2a: Sneasler|22/100|[from] Grassy Terrain
|-heal|p1a: Garchomp|61/100|[from] Grassy Terrain
|-fieldend|move: Grassy Terrain
|upkeep
|turn|14
|
|t:|1756664119
|move|p2b: Volcarona|Fiery Dance|p1b: Gholdengo
|-supereffective|p1b: Gholdengo
|-damage|p1b: Gholdengo|0 fnt
|-boost|p2b: Volcarona|spa|1
|faint|p1b: Gholdengo
|move|p2a: Sneasler|Coaching|p2b: Volcarona
|-boost|p2b: Volcarona|atk|1
|-boost|p2b: Volcarona|def|1
|move|p1a: Garchomp|Earthquake|p2a: Sneasler|[spread] p2a,p2b
|-supereffective|p2a: Sneasler
|-damage|p2a: Sneasler|0 fnt
|-damage|p2b: Volcarona|8/100
|faint|p2a: Sneasler
|-damage|p1a: Garchomp|51/100|[from] item: Life Orb
|
|upkeep
|
|t:|1756664132
|switch|p2a: Incineroar|Incineroar, L50, M, shiny|24/100
|-ability|p2a: Incineroar|Intimidate|boost
|-unboost|p1a: Garchomp|atk|1
|turn|15
|
|t:|1756664139
|move|p2a: Incineroar|Fake Out|p1a: Garchomp
|-damage|p1a: Garchomp|41/100
|-damage|p2a: Incineroar|11/100|[from] ability: Rough Skin|[of] p1a: Garchomp
|move|p2b: Volcarona|Quiver Dance|p2b: Volcarona
|-boost|p2b: Volcarona|spa|1
|-boost|p2b: Volcarona|spd|1
|-boost|p2b: Volcarona|spe|1
|cant|p1a: Garchomp|flinch
|
|upkeep
|turn|16
|
|t:|1756664160
|move|p2b: Volcarona|Fiery Dance|p1a: Garchomp
|-resisted|p1a: Garchomp
|-damage|p1a: Garchomp|0 fnt
|-boost|p2b: Volcarona|spa|1
|faint|p1a: Garchomp
|
|win|nyakugan
||nyakugan is ready for game 3.
||Shiboha is ready for game 3.
|uhtml|next|Next: Game 3 of 3
|l|☆nyakugan
|player|p2|
|l| KrsCrossAppleSauce
