|j|☆robotarmadillo
|j|☆Xto80
|html|robotarmadilloXto80    
|uhtml|bestof|Game 1 of a best-of-3
|t:|1783184999
|gametype|doubles
|player|p1|robotarmadillo|youngster-gen4dp|
|player|p2|Xto80|lucas|
|gen|9
|tier|[Gen 9 Champions] VGC 2026 Reg M-B (Bo3)
|rule|Species Clause: Limit one of each Pokémon
|rule|Item Clause: Limit 1 of each item
|clearpoke
|poke|p1|Excadrill, L50, M|
|poke|p1|Blastoise, L50, F|
|poke|p1|Gliscor, L50, M|
|poke|p1|Greninja, L50, M|
|poke|p1|Floette-Eternal, L50, F|
|poke|p1|Tyrantrum, L50, F|
|poke|p2|Lucario, L50, M|
|poke|p2|Pelipper, L50, F|
|poke|p2|Archaludon, L50, F|
|poke|p2|Mimikyu, L50, F|
|poke|p2|Toxicroak, L50, F|
|poke|p2|Appletun, L50, M|
|teampreview|4
|showteam|p1|Excadrill||FocusSash|SandRush|Sandstorm,Earthquake,XScissor,IronHead|Adamant||M|||50|]Blastoise||WhiteHerb|RainDish|AquaJet,FakeOut,ShellSmash,Liquidation|Adamant||F|||50|]Gliscor||MentalHerb|SandVeil|Tailwind,ToxicSpikes,KnockOff,Sandstorm|Careful||M|||50|]Greninja||Greninjite|Protean|SludgeWave,Protect,IceBeam,WaterShuriken|Timid||M|||50|]Floette-Eternal||Floettite|FlowerVeil|Moonblast,EnergyBall,Protect,Psychic|Timid||F|||50|]Tyrantrum||ExpertBelt|StrongJaw|ThunderFang,CloseCombat,DracoMeteor,RockSlide|Naughty||F|||50|
|showteam|p2|Lucario||Lucarionite|InnerFocus|CloseCombat,BulletPunch,MeteorMash,Detect|Jolly||M|||50|]Pelipper||FocusSash|Drizzle|Hurricane,Tailwind,Protect,WeatherBall|Bold||F|||50|]Archaludon||ExpertBelt|Stamina|ElectroShot,FlashCannon,DracoMeteor,Snarl|Timid||F|||50|]Mimikyu||MentalHerb|Disguise|TrickRoom,PlayRough,WillOWisp,ShadowSneak|Sassy||F|||50|]Toxicroak||LifeOrb|DrySkin|FakeOut,GunkShot,DrainPunch,SuckerPunch|Jolly||F|||50|]Appletun||Leftovers|ThickFat|AppleAcid,DragonPulse,Recover,Protect|Calm||M|||50|
|
|t:|1783185132
|teamsize|p1|4
|teamsize|p2|4
|start
|switch|p1a: Gliscor|Gliscor, L50, M|100/100
|switch|p1b: Tyrantrum|Tyrantrum, L50, F|100/100
|switch|p2a: Pelipper|Pelipper, L50, F|100/100
|switch|p2b: Lucario|Lucario, L50, M|100/100
|-weather|RainDance|[from] ability: Drizzle|[of] p2a: Pelipper
|turn|1
|
|t:|1783185327
|detailschange|p2b: Lucario|Lucario-Mega, L50, M
|-mega|p2b: Lucario|Lucario|Lucarionite
|move|p2b: Lucario|Close Combat|p1b: Tyrantrum
|-supereffective|p1b: Tyrantrum|1
|-damage|p1b: Tyrantrum|0 fnt
|-unboost|p2b: Lucario|def|1
|-unboost|p2b: Lucario|spd|1
|faint|p1b: Tyrantrum
|move|p1a: Gliscor|Tailwind|p1a: Gliscor
|-sidestart|p1: robotarmadillo|move: Tailwind
|move|p2a: Pelipper|Weather Ball|p1a: Gliscor
|-supereffective|p1a: Gliscor|1
|-damage|p1a: Gliscor|0 fnt
|faint|p1a: Gliscor
|
|-weather|RainDance|[upkeep]
|upkeep
|
|t:|1783185342
|switch|p1a: Greninja|Greninja, L50, M|100/100
|switch|p1b: Blastoise|Blastoise, L50, F|100/100
|turn|2
|
|t:|1783185560
|switch|p2b: Toxicroak|Toxicroak, L50, F|100/100
|detailschange|p1a: Greninja|Greninja-Mega, L50, M
|-mega|p1a: Greninja|Greninja|Greninjite
|move|p1b: Blastoise|Fake Out|p2b: Toxicroak
|-damage|p2b: Toxicroak|83/100
|move|p1a: Greninja|Water Shuriken|p2b: Toxicroak
|-start|p1a: Greninja|typechange|Water|[from] ability: Protean
|-heal|p2b: Toxicroak|100/100|[from] ability: Dry Skin|[of] p1a: Greninja
|move|p2a: Pelipper|Tailwind|p2a: Pelipper
|-sidestart|p2: Xto80|move: Tailwind
|
|-weather|RainDance|[upkeep]
|upkeep
|turn|3
|
|t:|1783185630
|move|p1a: Greninja|Protect|p1a: Greninja
|-singleturn|p1a: Greninja|Protect
|move|p2b: Toxicroak|Gunk Shot|p1a: Greninja
|-activate|p1a: Greninja|move: Protect
|move|p1b: Blastoise|Shell Smash|p1b: Blastoise
|-unboost|p1b: Blastoise|def|1
|-unboost|p1b: Blastoise|spd|1
|-boost|p1b: Blastoise|atk|2
|-boost|p1b: Blastoise|spa|2
|-boost|p1b: Blastoise|spe|2
|-enditem|p1b: Blastoise|White Herb
|-clearnegativeboost|p1b: Blastoise|[silent]
|move|p2a: Pelipper|Hurricane|p1a: Greninja
|-activate|p1a: Greninja|move: Protect
|
|-weather|RainDance|[upkeep]
|upkeep
|turn|4
|
|t:|1783185744
|move|p1b: Blastoise|Liquidation|p2a: Pelipper
|-resisted|p2a: Pelipper|1
|-damage|p2a: Pelipper|55/100
|move|p1a: Greninja|Ice Beam|p2b: Toxicroak
|-damage|p2b: Toxicroak|52/100
|move|p2b: Toxicroak|Drain Punch|p1b: Blastoise
|-damage|p1b: Blastoise|50/100y
|-heal|p2b: Toxicroak|77/100|[from] drain|[of] p1b: Blastoise
|-damage|p2b: Toxicroak|67/100|[from] item: Life Orb
|move|p2a: Pelipper|Hurricane|p1b: Blastoise
|-damage|p1b: Blastoise|5/100
|
|-weather|RainDance|[upkeep]
|-heal|p1b: Blastoise|10/100|[from] ability: Rain Dish
|-heal|p2b: Toxicroak|79/100|[from] ability: Dry Skin
|-sideend|p1: robotarmadillo|move: Tailwind
|upkeep
|turn|5
|
|t:|1783185850
|move|p2b: Toxicroak|Gunk Shot|p1a: Greninja
|-damage|p1a: Greninja|0 fnt
|faint|p1a: Greninja
|-damage|p2b: Toxicroak|70/100|[from] item: Life Orb
|move|p1b: Blastoise|Liquidation|p2b: Toxicroak
|-heal|p2b: Toxicroak|94/100|[from] ability: Dry Skin|[of] p1b: Blastoise
|move|p2a: Pelipper|Weather Ball|p1b: Blastoise
|-resisted|p1b: Blastoise|1
|-damage|p1b: Blastoise|0 fnt
|faint|p1b: Blastoise
|
|win|Xto80
|inactive|robotarmadillo has 30 seconds to confirm battle start!
|inactive|Xto80 has 30 seconds to confirm battle start!
||robotarmadillo is ready for game 2.
||Xto80 is ready for game 2.
|uhtml|next|Next: Game 2 of 3
