|j|☆menenjoyer14
|j|☆server101
|html|menenjoyer14server101    
|uhtml|bestof|Game 3 of a best-of-3
|t:|1757735551
|gametype|doubles
|player|p1|menenjoyer14|169|
|player|p2|server101|clerkf|
|gen|9
|tier|[Gen 9] VGC 2025 Reg H (Bo3)
|rule|Species Clause: Limit one of each Pokémon
|rule|Item Clause: Limit 1 of each item
|clearpoke
|poke|p1|Indeedee, L50, M|
|poke|p1|Sneasler, L50, M|
|poke|p1|Dragonite, L50, F|
|poke|p1|Gholdengo, L50|
|poke|p1|Amoonguss, L50, F|
|poke|p1|Ursaluna-Bloodmoon, L50, M|
|poke|p2|Primarina, L50, F|
|poke|p2|Archaludon, L50, M|
|poke|p2|Pelipper, L50, M|
|poke|p2|Indeedee, L50, M|
|poke|p2|Sneasler, L50, M|
|poke|p2|Maushold, L50|
|teampreview|4
|showteam|p1|Indeedee||FocusSash|PsychicSurge|ExpandingForce,HelpingHand,TrickRoom,Protect|||M|||50|,,,,,Psychic]Sneasler||PsychicSeed|Unburden|ThroatChop,DireClaw,CloseCombat,Protect|||M|||50|,,,,,Dark]Dragonite||LoadedDice|Multiscale|ScaleShot,Tailwind,Protect,Haze|||F|||50|,,,,,Fairy]Gholdengo||LifeOrb|GoodasGold|MakeItRain,ShadowBall,Protect,NastyPlot||||||50|,,,,,Steel]Amoonguss||SitrusBerry|Regenerator|Protect,Spore,RagePowder,PollenPuff|||F|||50|,,,,,Water]Ursaluna-Bloodmoon||AssaultVest|MindsEye|BloodMoon,HyperVoice,EarthPower,VacuumWave|||M|||50|,,,,,Normal
|showteam|p2|Primarina||ThroatSpray|LiquidVoice|HyperVoice,IcyWind,Moonblast,Protect|||F|||50|,,,,,Poison]Archaludon||AssaultVest|Stamina|ElectroShot,DracoMeteor,BodyPress,FlashCannon|||M|||50|,,,,,Fairy]Pelipper||CovertCloak|Drizzle|WideGuard,Tailwind,Hurricane,IcyWind|||M|||50|,,,,,Grass]Indeedee||FocusSash|PsychicSurge|TrickRoom,ExpandingForce,HelpingHand,Protect|||M|||50|,,,,,Dark]Sneasler||PsychicSeed|Unburden|DireClaw,CloseCombat,ThroatChop,Protect|||M|||50|,,,,,Dark]Maushold||SafetyGoggles|FriendGuard|RainDance,FollowMe,HelpingHand,BeatUp||||||50|,,,,,Ghost
|
|t:|1757735617
|teamsize|p1|4
|teamsize|p2|4
|start
|switch|p1a: Amoonguss|Amoonguss, L50, F|100/100
|switch|p1b: Ursaluna|Ursaluna-Bloodmoon, L50, M|100/100
|switch|p2a: Pelipper|Pelipper, L50, M, shiny|100/100
|switch|p2b: Primarina|Primarina, L50, F, shiny|100/100
|-weather|RainDance|[from] ability: Drizzle|[of] p2a: Pelipper
|turn|1
|
|t:|1757735665
|-terastallize|p1b: Ursaluna|Normal
|move|p1a: Amoonguss|Rage Powder|p1a: Amoonguss
|-singleturn|p1a: Amoonguss|move: Rage Powder
|move|p2a: Pelipper|Tailwind|p2a: Pelipper
|-sidestart|p2: server101|move: Tailwind
|move|p2b: Primarina|Hyper Voice|p1a: Amoonguss|[spread] p1a,p1b
|-resisted|p1a: Amoonguss
|-damage|p1a: Amoonguss|76/100
|-damage|p1b: Ursaluna|62/100
|-enditem|p2b: Primarina|Throat Spray
|-boost|p2b: Primarina|spa|1|[from] item: Throat Spray
|move|p1b: Ursaluna|Blood Moon|p2b: Primarina
|-crit|p2b: Primarina
|-damage|p2b: Primarina|0 fnt
|faint|p2b: Primarina
|
|-weather|RainDance|[upkeep]
|upkeep
|
|t:|1757735721
|switch|p2b: Sneasler|Sneasler, L50, M|100/100
|turn|2
|
|t:|1757735770
|switch|p1b: Sneasler|Sneasler, L50, M|100/100
|move|p2b: Sneasler|Close Combat|p1b: Sneasler
|-resisted|p1b: Sneasler
|-damage|p1b: Sneasler|45/100
|-unboost|p2b: Sneasler|def|1
|-unboost|p2b: Sneasler|spd|1
|move|p2a: Pelipper|Hurricane|p1a: Amoonguss
|-supereffective|p1a: Amoonguss
|-damage|p1a: Amoonguss|12/100
|-enditem|p1a: Amoonguss|Sitrus Berry|[eat]
|-heal|p1a: Amoonguss|37/100|[from] item: Sitrus Berry
|move|p1a: Amoonguss|Spore|p2b: Sneasler
|-status|p2b: Sneasler|slp|[from] move: Spore
|
|-weather|RainDance|[upkeep]
|upkeep
|turn|3
|
|t:|1757735798
|switch|p1a: Indeedee|Indeedee, L50, M|100/100
|-fieldstart|move: Psychic Terrain|[from] ability: Psychic Surge|[of] p1a: Indeedee
|-enditem|p2b: Sneasler|Psychic Seed
|-boost|p2b: Sneasler|spd|1|[from] item: Psychic Seed
|-enditem|p1b: Sneasler|Psychic Seed
|-boost|p1b: Sneasler|spd|1|[from] item: Psychic Seed
|cant|p2b: Sneasler|slp
|move|p1b: Sneasler|Dire Claw|p2a: Pelipper
|-damage|p2a: Pelipper|54/100
|move|p2a: Pelipper|Icy Wind|p1b: Sneasler|[spread] p1a,p1b
|-damage|p1a: Indeedee|87/100
|-damage|p1b: Sneasler|36/100
|-unboost|p1a: Indeedee|spe|1
|-unboost|p1b: Sneasler|spe|1
|
|-weather|RainDance|[upkeep]
|upkeep
|turn|4
|
|t:|1757735836
|switch|p1b: Amoonguss|Amoonguss, L50, F|70/100
|move|p1a: Indeedee|Protect|p1a: Indeedee
|-singleturn|p1a: Indeedee|Protect
|move|p2a: Pelipper|Wide Guard|p2a: Pelipper
|-singleturn|p2a: Pelipper|Wide Guard
|-curestatus|p2b: Sneasler|slp|[msg]
|move|p2b: Sneasler|Dire Claw|p1b: Amoonguss
|-damage|p1b: Amoonguss|36/100
|
|-weather|RainDance|[upkeep]
|-sideend|p2: server101|move: Tailwind
|upkeep
|turn|5
|
|t:|1757735858
|move|p2b: Sneasler|Protect|p2b: Sneasler
|-singleturn|p2b: Sneasler|Protect
|move|p1b: Amoonguss|Rage Powder|p1b: Amoonguss
|-singleturn|p1b: Amoonguss|move: Rage Powder
|move|p2a: Pelipper|Tailwind|p2a: Pelipper
|-sidestart|p2: server101|move: Tailwind
|move|p1a: Indeedee|Trick Room|p1a: Indeedee
|-fieldstart|move: Trick Room|[of] p1a: Indeedee
|
|-weather|none
|upkeep
|turn|6
|
|t:|1757735889
|switch|p1a: Sneasler|Sneasler, L50, M|36/100
|switch|p2b: Indeedee|Indeedee, L50, M|100/100
|move|p1b: Amoonguss|Protect|p1b: Amoonguss
|-singleturn|p1b: Amoonguss|Protect
|move|p2a: Pelipper|Hurricane|p1b: Amoonguss
|-activate|p1b: Amoonguss|move: Protect
|
|upkeep
|turn|7
|
|t:|1757735965
|-terastallize|p2a: Pelipper|Grass
|move|p1b: Amoonguss|Spore|p2a: Pelipper
|-immune|p2a: Pelipper
|move|p2a: Pelipper|Hurricane|p1a: Sneasler
|-supereffective|p1a: Sneasler
|-damage|p1a: Sneasler|0 fnt
|faint|p1a: Sneasler
|move|p2b: Indeedee|Expanding Force|p1b: Amoonguss
|-supereffective|p1b: Amoonguss
|-damage|p1b: Amoonguss|0 fnt
|faint|p1b: Amoonguss
|
|-fieldend|move: Psychic Terrain
|upkeep
|
|t:|1757735981
|switch|p1b: Ursaluna|Ursaluna-Bloodmoon, L50, M, tera:Normal|62/100
|switch|p1a: Indeedee|Indeedee, L50, M|87/100
|-fieldstart|move: Psychic Terrain|[from] ability: Psychic Surge|[of] p1a: Indeedee
|turn|8
|
|t:|1757736046
|move|p1a: Indeedee|Protect|p1a: Indeedee
|-singleturn|p1a: Indeedee|Protect
|move|p2a: Pelipper|Wide Guard|p2a: Pelipper
|-singleturn|p2a: Pelipper|Wide Guard
|move|p1b: Ursaluna|Blood Moon|p2a: Pelipper
|-damage|p2a: Pelipper|0 fnt
|faint|p2a: Pelipper
|move|p2b: Indeedee|Expanding Force|p1b: Ursaluna|[spread] p1b
|-activate|p1a: Indeedee|move: Protect
|-damage|p1b: Ursaluna|18/100
|
|-sideend|p2: server101|move: Tailwind
|upkeep
|
|t:|1757736058
|switch|p2a: Sneasler|Sneasler, L50, M|100/100
|turn|9
|
|t:|1757736065
|move|p2b: Indeedee|Protect|p2b: Indeedee
|-singleturn|p2b: Indeedee|Protect
|move|p2a: Sneasler|Protect|p2a: Sneasler
|-singleturn|p2a: Sneasler|Protect
|move|p1b: Ursaluna|Hyper Voice|p2b: Indeedee|[spread] 
|-activate|p2a: Sneasler|move: Protect
|-activate|p2b: Indeedee|move: Protect
|move|p1a: Indeedee|Expanding Force|p2b: Indeedee|[spread] 
|-activate|p2a: Sneasler|move: Protect
|-activate|p2b: Indeedee|move: Protect
|
|-fieldend|move: Trick Room
|upkeep
|turn|10
|
|t:|1757736115
|move|p2a: Sneasler|Throat Chop|p1a: Indeedee
|-supereffective|p1a: Indeedee
|-damage|p1a: Indeedee|0 fnt
|faint|p1a: Indeedee
|move|p2b: Indeedee|Expanding Force|p1b: Ursaluna
|-damage|p1b: Ursaluna|0 fnt
|faint|p1b: Ursaluna
|
|win|server101
|l|☆menenjoyer14
|player|p1|
