|j|☆IronStandsEternal
|j|☆RaikuDraco
|html|IronStandsEternalRaikuDraco    
|uhtml|bestof|Game 2 of a best-of-3
|t:|1757116040
|gametype|doubles
|player|p1|IronStandsEternal|flint|1260
|player|p2|RaikuDraco|drake-gen3|1217
|gen|9
|tier|[Gen 9] VGC 2025 Reg H (Bo3)
|rated|
|rule|Species Clause: Limit one of each Pokémon
|rule|Item Clause: Limit 1 of each item
|clearpoke
|poke|p1|Rillaboom, L50, M|
|poke|p1|Dragonite, L50, M|
|poke|p1|Sneasler, L50, M|
|poke|p1|Ninetales-Alola, L50, F|
|poke|p1|Kingambit, L50, M|
|poke|p1|Volcarona, L50, F|
|poke|p2|Archaludon, L50, F|
|poke|p2|Sinistcha-Masterpiece, L50|
|poke|p2|Dragonite, L50, M|
|poke|p2|Pelipper, L50, M|
|poke|p2|Ursaluna, L50, M|
|poke|p2|Gholdengo, L50|
|teampreview|4
|showteam|p1|Rillaboom||AssaultVest|GrassySurge|WoodHammer,GrassyGlide,HighHorsepower,FakeOut|||M|||50|,,,,,Fire]Dragonite||LoadedDice|Multiscale|Protect,ScaleShot,LowKick,Haze|||M|||50|,,,,,Fairy]Sneasler||WhiteHerb|Unburden|Protect,DireClaw,CloseCombat,Coaching|||M|||50|,,,,,Ghost]Ninetales-Alola||ChoiceSpecs|SnowWarning|Blizzard,IcyWind,Moonblast,FreezeDry|||F|||50|,,,,,Ghost]Kingambit||SafetyGoggles|Defiant|Protect,KowtowCleave,SuckerPunch,SwordsDance|||M|||50|,,,,,Dark]Volcarona||CovertCloak|FlameBody|StruggleBug,RagePowder,Overheat,WillOWisp|||F|||50|,,,,,Fairy
|showteam|p2|Archaludon||AssaultVest|Stamina|BodyPress,Snarl,ElectroShot,FlashCannon|||F|||50|,,,,,Fighting]Sinistcha-Masterpiece||SitrusBerry|Hospitality|MatchaGotcha,RagePowder,TrickRoom,LifeDew||||||50|,,,,,Dark]Dragonite||LoadedDice|Multiscale|ScaleShot,Protect,Tailwind,Haze|||M|||50|,,,,,Steel]Pelipper||FocusSash|Drizzle|WeatherBall,Hurricane,Tailwind,Protect|||M|||50|,,,,,Ground]Ursaluna||FlameOrb|Guts|Facade,HeadlongRush,Earthquake,Protect|||M|||50|,,,,,Ghost]Gholdengo||ChoiceScarf|GoodasGold|MakeItRain,TeraBlast,ShadowBall,Trick||||||50|,,,,,Water
|inactive|Battle timer is ON: inactive players will automatically lose when time's up. (requested by RaikuDraco)
|inactive|RaikuDraco has 60 seconds left.
|
|t:|1757116088
|teamsize|p1|4
|teamsize|p2|4
|start
|switch|p1a: Volcarona|Volcarona, L50, F|100/100
|switch|p1b: Dragonite|Dragonite, L50, M|100/100
|switch|p2a: Archaludon|Archaludon, L50, F|100/100
|switch|p2b: Pelipper|Pelipper, L50, M|100/100
|-weather|RainDance|[from] ability: Drizzle|[of] p2b: Pelipper
|turn|1
|inactive|IronStandsEternal has 30 seconds left.
|inactive|RaikuDraco has 30 seconds left.
|inactive|RaikuDraco has 20 seconds left.
|inactive|RaikuDraco has 15 seconds left.
|inactive|RaikuDraco has 10 seconds left.
|inactive|RaikuDraco has 5 seconds left.
|
|t:|1757116142
|move|p2b: Pelipper|Protect|p2b: Pelipper
|-singleturn|p2b: Pelipper|Protect
|move|p1a: Volcarona|Struggle Bug|p2b: Pelipper|[spread] p2a
|-activate|p2b: Pelipper|move: Protect
|-resisted|p2a: Archaludon
|-damage|p2a: Archaludon|95/100
|-unboost|p2a: Archaludon|spa|1
|-ability|p2a: Archaludon|Stamina|boost
|-boost|p2a: Archaludon|def|1
|move|p1b: Dragonite|Scale Shot|p2b: Pelipper
|-activate|p2b: Pelipper|move: Protect
|move|p2a: Archaludon|Snarl|p1b: Dragonite|[spread] p1a,p1b
|-crit|p1b: Dragonite
|-damage|p1a: Volcarona|94/100
|-damage|p1b: Dragonite|91/100
|-unboost|p1b: Dragonite|spa|1
|
|-weather|RainDance|[upkeep]
|upkeep
|turn|2
|inactive|RaikuDraco has 30 seconds left.
|inactive|RaikuDraco has 20 seconds left.
|inactive|RaikuDraco has 15 seconds left.
|inactive|RaikuDraco has 10 seconds left.
|inactive|RaikuDraco has 5 seconds left.
|
|t:|1757116194
|move|p1a: Volcarona|Struggle Bug|p2b: Pelipper|[spread] p2a,p2b
|-resisted|p2a: Archaludon
|-resisted|p2b: Pelipper
|-damage|p2a: Archaludon|90/100
|-damage|p2b: Pelipper|87/100
|-unboost|p2a: Archaludon|spa|1
|-unboost|p2b: Pelipper|spa|1
|-ability|p2a: Archaludon|Stamina|boost
|-boost|p2a: Archaludon|def|1
|move|p1b: Dragonite|Scale Shot|p2b: Pelipper
|-damage|p2b: Pelipper|67/100
|-damage|p2b: Pelipper|45/100
|-damage|p2b: Pelipper|25/100
|-damage|p2b: Pelipper|4/100
|-damage|p2b: Pelipper|0 fnt
|faint|p2b: Pelipper
|-hitcount|p2: Pelipper|5
|-unboost|p1b: Dragonite|def|1
|-boost|p1b: Dragonite|spe|1
|move|p2a: Archaludon|Electro Shot||[still]
|-prepare|p2a: Archaludon|Electro Shot
|-boost|p2a: Archaludon|spa|1
|-anim|p2a: Archaludon|Electro Shot|p1b: Dragonite
|-damage|p1b: Dragonite|63/100
|
|-weather|RainDance|[upkeep]
|upkeep
|inactive|RaikuDraco has 30 seconds left.
|
|t:|1757116223
|switch|p2b: Sinistcha|Sinistcha-Masterpiece, L50|100/100
|-heal|p2a: Archaludon|100/100|[from] ability: Hospitality|[of] p2b: Sinistcha
|turn|3
|inactive|IronStandsEternal has 30 seconds left.
|inactive|RaikuDraco has 30 seconds left.
|inactive|IronStandsEternal has 20 seconds left.
|inactive|IronStandsEternal has 15 seconds left.
|inactive|IronStandsEternal has 10 seconds left.
|
|t:|1757116268
|move|p1b: Dragonite|Scale Shot|p2b: Sinistcha
|-damage|p2b: Sinistcha|89/100
|-damage|p2b: Sinistcha|76/100
|-damage|p2b: Sinistcha|64/100
|-damage|p2b: Sinistcha|52/100
|-hitcount|p2b: Sinistcha|4
|-unboost|p1b: Dragonite|def|1
|-boost|p1b: Dragonite|spe|1
|move|p1a: Volcarona|Will-O-Wisp|p2a: Archaludon
|-status|p2a: Archaludon|brn
|move|p2a: Archaludon|Electro Shot||[still]
|-prepare|p2a: Archaludon|Electro Shot
|-boost|p2a: Archaludon|spa|1
|-anim|p2a: Archaludon|Electro Shot|p1b: Dragonite
|-damage|p1b: Dragonite|24/100
|move|p2b: Sinistcha|Trick Room|p2b: Sinistcha
|-fieldstart|move: Trick Room|[of] p2b: Sinistcha
|
|-weather|RainDance|[upkeep]
|-damage|p2a: Archaludon|94/100 brn|[from] brn
|upkeep
|turn|4
|inactive|IronStandsEternal has 30 seconds left.
|inactive|RaikuDraco has 30 seconds left.
|inactive|RaikuDraco has 20 seconds left.
|inactive|IronStandsEternal has 20 seconds left.
|inactive|RaikuDraco has 15 seconds left.
|inactive|IronStandsEternal has 15 seconds left.
|inactive|RaikuDraco has 10 seconds left.
|inactive|IronStandsEternal has 10 seconds left.
|
|t:|1757116321
|move|p1b: Dragonite|Protect|p1b: Dragonite
|-singleturn|p1b: Dragonite|Protect
|move|p2b: Sinistcha|Matcha Gotcha|p1a: Volcarona|[spread] p1a
|-activate|p1b: Dragonite|move: Protect
|-resisted|p1a: Volcarona
|-damage|p1a: Volcarona|89/100
|-heal|p2b: Sinistcha|54/100|[from] drain|[of] p1a: Volcarona
|move|p2a: Archaludon|Electro Shot||[still]
|-prepare|p2a: Archaludon|Electro Shot
|-boost|p2a: Archaludon|spa|1
|-anim|p2a: Archaludon|Electro Shot|p1a: Volcarona
|-damage|p1a: Volcarona|37/100
|move|p1a: Volcarona|Struggle Bug|p2a: Archaludon|[spread] p2a,p2b
|-resisted|p2a: Archaludon
|-damage|p2a: Archaludon|88/100 brn
|-damage|p2b: Sinistcha|38/100
|-unboost|p2a: Archaludon|spa|1
|-unboost|p2b: Sinistcha|spa|1
|-ability|p2a: Archaludon|Stamina|boost
|-boost|p2a: Archaludon|def|1
|-enditem|p2b: Sinistcha|Sitrus Berry|[eat]
|-heal|p2b: Sinistcha|62/100|[from] item: Sitrus Berry
|
|-weather|RainDance|[upkeep]
|-damage|p2a: Archaludon|82/100 brn|[from] brn
|upkeep
|turn|5
|inactive|IronStandsEternal has 30 seconds left.
|inactive|RaikuDraco has 30 seconds left.
|inactive|IronStandsEternal has 20 seconds left.
|inactive|RaikuDraco has 20 seconds left.
|inactive|IronStandsEternal has 15 seconds left.
|inactive|RaikuDraco has 15 seconds left.
|inactive|RaikuDraco has 10 seconds left.
|
|t:|1757116369
|switch|p2b: Ursaluna|Ursaluna, L50, M|100/100
|switch|p1b: Ninetales|Ninetales-Alola, L50, F|100/100
|-weather|Snowscape|[from] ability: Snow Warning|[of] p1b: Ninetales
|move|p2a: Archaludon|Electro Shot||[still]
|-prepare|p2a: Archaludon|Electro Shot
|-boost|p2a: Archaludon|spa|1
|move|p1a: Volcarona|Overheat|p2b: Ursaluna
|-damage|p2b: Ursaluna|36/100
|-unboost|p1a: Volcarona|spa|2
|
|-weather|Snowscape|[upkeep]
|-damage|p2a: Archaludon|76/100 brn|[from] brn
|-status|p2b: Ursaluna|brn|[from] item: Flame Orb
|upkeep
|turn|6
|inactive|IronStandsEternal has 30 seconds left.
|inactive|RaikuDraco has 30 seconds left.
|inactive|IronStandsEternal has 20 seconds left.
|inactive|RaikuDraco has 20 seconds left.
|inactive|IronStandsEternal has 15 seconds left.
|inactive|RaikuDraco has 15 seconds left.
|inactive|IronStandsEternal has 10 seconds left.
|inactive|RaikuDraco has 10 seconds left.
|inactive|IronStandsEternal has 5 seconds left.
|
|t:|1757116422
|move|p1a: Volcarona|Rage Powder|p1a: Volcarona
|-singleturn|p1a: Volcarona|move: Rage Powder
|move|p2b: Ursaluna|Facade|p1a: Volcarona
|-damage|p1a: Volcarona|0 fnt
|faint|p1a: Volcarona
|move|p2a: Archaludon|Electro Shot|p1b: Ninetales|[from] lockedmove
|-damage|p1b: Ninetales|34/100
|move|p1b: Ninetales|Blizzard|p2a: Archaludon|[spread] p2a,p2b
|-supereffective|p2b: Ursaluna
|-damage|p2a: Archaludon|43/100 brn
|-damage|p2b: Ursaluna|0 fnt
|-ability|p2a: Archaludon|Stamina|boost
|-boost|p2a: Archaludon|def|1
|faint|p2b: Ursaluna
|
|-weather|Snowscape|[upkeep]
|-damage|p2a: Archaludon|37/100 brn|[from] brn
|upkeep
|
|t:|1757116444
|switch|p2b: Sinistcha|Sinistcha-Masterpiece, L50|62/100
|switch|p1a: Sneasler|Sneasler, L50, M|100/100
|-heal|p2a: Archaludon|62/100 brn|[from] ability: Hospitality|[of] p2b: Sinistcha
|turn|7
|inactive|RaikuDraco has 30 seconds left.
|
|t:|1757116479
|switch|p1b: Dragonite|Dragonite, L50, M|24/100
|move|p1a: Sneasler|Protect|p1a: Sneasler
|-singleturn|p1a: Sneasler|Protect
|move|p2b: Sinistcha|Life Dew|p2b: Sinistcha|[spread] p2a,p2b
|-heal|p2a: Archaludon|87/100 brn
|-heal|p2b: Sinistcha|88/100
|move|p2a: Archaludon|Flash Cannon|p1b: Dragonite
|-damage|p1b: Dragonite|0 fnt
|faint|p1b: Dragonite
|
|-weather|Snowscape|[upkeep]
|-damage|p2a: Archaludon|81/100 brn|[from] brn
|-fieldend|move: Trick Room
|upkeep
|
|t:|1757116491
|switch|p1b: Ninetales|Ninetales-Alola, L50, F|34/100
|turn|8
|inactive|IronStandsEternal has 30 seconds left.
|inactive|RaikuDraco has 30 seconds left.
|inactive|IronStandsEternal has 20 seconds left.
|inactive|RaikuDraco has 20 seconds left.
|inactive|IronStandsEternal has 15 seconds left.
|inactive|RaikuDraco has 15 seconds left.
|inactive|IronStandsEternal has 10 seconds left.
|inactive|RaikuDraco has 10 seconds left.
|
|t:|1757116541
|-terastallize|p2b: Sinistcha|Dark
|move|p1a: Sneasler|Dire Claw|p2b: Sinistcha
|-damage|p2b: Sinistcha|56/100
|-status|p2b: Sinistcha|slp
|move|p1b: Ninetales|Blizzard|p2a: Archaludon|[spread] p2a,p2b
|-damage|p2a: Archaludon|49/100 brn
|-damage|p2b: Sinistcha|12/100 slp
|-ability|p2a: Archaludon|Stamina|boost
|-boost|p2a: Archaludon|def|1
|move|p2a: Archaludon|Flash Cannon|p1b: Ninetales
|-supereffective|p1b: Ninetales
|-damage|p1b: Ninetales|0 fnt
|faint|p1b: Ninetales
|cant|p2b: Sinistcha|slp
|
|-weather|Snowscape|[upkeep]
|-damage|p2a: Archaludon|43/100 brn|[from] brn
|upkeep
|turn|9
|inactive|RaikuDraco has 30 seconds left.
|inactive|IronStandsEternal has 30 seconds left.
|inactive|RaikuDraco has 20 seconds left.
|inactive|RaikuDraco has 15 seconds left.
|inactive|RaikuDraco has 10 seconds left.
|
|t:|1757116580
|-terastallize|p1a: Sneasler|Ghost
|move|p1a: Sneasler|Dire Claw|p2b: Sinistcha
|-damage|p2b: Sinistcha|0 fnt
|faint|p2b: Sinistcha
|move|p2a: Archaludon|Body Press|p1a: Sneasler
|-immune|p1a: Sneasler
|
|-weather|none
|-damage|p2a: Archaludon|37/100 brn|[from] brn
|upkeep
|turn|10
|inactive|RaikuDraco has 10 seconds left this turn.
|inactive|RaikuDraco has 5 seconds left.
|-message|RaikuDraco lost due to inactivity.
|
|win|IronStandsEternal
|inactive|IronStandsEternal has 30 seconds to confirm battle start!
|inactive|RaikuDraco has 30 seconds to confirm battle start!
||RaikuDraco is ready for game 3.
|inactive|IronStandsEternal has 20 seconds to confirm battle start!
||IronStandsEternal is ready for game 3.
|uhtml|next|Next: Game 3 of 3
|l|☆IronStandsEternal
|player|p1|
