|j|☆Abrasian
|j|☆camala64
|html|Abrasiancamala64    
|uhtml|bestof|Game 3 of a best-of-3
|t:|1782700455
|gametype|doubles
|player|p1|Abrasian|1|1244
|player|p2|camala64|lance-masters2|1184
|gen|9
|tier|[Gen 9 Champions] VGC 2026 Reg M-B (Bo3)
|rated|
|rule|Species Clause: Limit one of each Pokémon
|rule|Item Clause: Limit 1 of each item
|clearpoke
|poke|p1|Hydreigon, L50, M|
|poke|p1|Garchomp, L50, F|
|poke|p1|Metagross, L50|
|poke|p1|Charizard, L50, F|
|poke|p1|Grimmsnarl, L50, M|
|poke|p1|Toxapex, L50, M|
|poke|p2|Froslass, L50, F|
|poke|p2|Garchomp, L50, M, shiny|
|poke|p2|Corviknight, L50, M, shiny|
|poke|p2|Toxapex, L50, F, shiny|
|poke|p2|Incineroar, L50, M|
|poke|p2|Sneasler, L50, M, shiny|
|teampreview|4
|showteam|p1|Hydreigon||ChoiceScarf|Levitate|HeatWave,DarkPulse,DracoMeteor,Snarl|Modest||M|||50|]Garchomp||SitrusBerry|RoughSkin|Earthquake,RockSlide,DragonClaw,Protect|Adamant||F|||50|]Metagross||Metagrossite|ClearBody|IronHead,HammerArm,BulletPunch,Protect|Adamant|||||50|]Charizard||CharizarditeY|Blaze|Protect,HeatWave,SolarBeam,WeatherBall|Timid||F|||50|]Grimmsnarl||RoseliBerry|Prankster|FakeOut,FoulPlay,Reflect,PartingShot|Sassy||M|||50|]Toxapex||Leftovers|Regenerator|Infestation,Toxic,BanefulBunker,WideGuard|Bold||M|||50|
|showteam|p2|Froslass||Froslassite|SnowCloak|ShadowBall,Blizzard,AuroraVeil,Protect|Modest||F|||50|]Garchomp||LifeOrb|RoughSkin|Earthquake,StompingTantrum,DragonClaw,Protect|Adamant||M|||50|]Corviknight||SitrusBerry|MirrorArmor|IronHead,BraveBird,Roost,BulkUp|Adamant||M|||50|]Toxapex||Leftovers|Regenerator|Infestation,Toxic,BanefulBunker,Recover|Relaxed||F|||50|]Incineroar||PasshoBerry|Intimidate|FakeOut,FlareBlitz,ThroatChop,PartingShot|Relaxed||M|||50|]Sneasler||WhiteHerb|Unburden|CloseCombat,DireClaw,RockTomb,FakeOut|Jolly||M|||50|
|
|t:|1782700499
|teamsize|p1|4
|teamsize|p2|4
|start
|switch|p1a: Charizard|Charizard, L50, F|100/100
|switch|p1b: Toxapex|Toxapex, L50, M|100/100
|switch|p2a: Incineroar|Incineroar, L50, M|100/100
|switch|p2b: Froslass|Froslass, L50, F|100/100
|-ability|p2a: Incineroar|Intimidate|boost
|-unboost|p1a: Charizard|atk|1
|-unboost|p1b: Toxapex|atk|1
|turn|1
|inactive|Battle timer is ON: inactive players will automatically lose when time's up. (requested by Abrasian)
|
|t:|1782700512
|move|p2b: Froslass|Protect|p2b: Froslass
|-singleturn|p2b: Froslass|Protect
|move|p1a: Charizard|Heat Wave|p2b: Froslass|[spread] p2a
|-activate|p2b: Froslass|move: Protect
|-resisted|p2a: Incineroar|1
|-damage|p2a: Incineroar|88/100
|move|p2a: Incineroar|Parting Shot|p1a: Charizard
|-unboost|p1a: Charizard|atk|1
|-unboost|p1a: Charizard|spa|1
|
|t:|1782700525
|switch|p2a: Sneasler|Sneasler, L50, M, shiny|100/100|[from] Parting Shot
|move|p1b: Toxapex|Toxic|p2b: Froslass
|-activate|p2b: Froslass|move: Protect
|
|upkeep
|turn|2
|inactive|camala64 has 30 seconds left.
|
|t:|1782700553
|switch|p2b: Toxapex|Toxapex, L50, F, shiny|100/100
|detailschange|p1a: Charizard|Charizard-Mega-Y, L50, F
|-mega|p1a: Charizard|Charizard|Charizardite Y
|-weather|SunnyDay|[from] ability: Drought|[of] p1a: Charizard
|move|p1a: Charizard|Protect|p1a: Charizard
|-singleturn|p1a: Charizard|Protect
|move|p2a: Sneasler|Fake Out|p1a: Charizard
|-activate|p1a: Charizard|move: Protect
|move|p1b: Toxapex|Toxic|p2b: Toxapex
|-immune|p2b: Toxapex
|
|-weather|SunnyDay|[upkeep]
|upkeep
|turn|3
|
|t:|1782700569
|switch|p1a: Garchomp|Garchomp, L50, F|100/100
|move|p2a: Sneasler|Close Combat|p1a: Garchomp
|-damage|p1a: Garchomp|57/100
|-unboost|p2a: Sneasler|def|1
|-unboost|p2a: Sneasler|spd|1
|-damage|p2a: Sneasler|87/100|[from] ability: Rough Skin|[of] p1a: Garchomp
|-enditem|p2a: Sneasler|White Herb
|-clearnegativeboost|p2a: Sneasler|[silent]
|move|p1b: Toxapex|Infestation|p2a: Sneasler
|-resisted|p2a: Sneasler|2
|-damage|p2a: Sneasler|87/100
|-activate|p2a: Sneasler|move: Infestation|[of] p1b: Toxapex
|move|p2b: Toxapex|Infestation|p1a: Garchomp
|-damage|p1a: Garchomp|54/100
|-activate|p1a: Garchomp|move: Infestation|[of] p2b: Toxapex
|-damage|p2b: Toxapex|87/100|[from] ability: Rough Skin|[of] p1a: Garchomp
|
|-weather|SunnyDay|[upkeep]
|-heal|p2b: Toxapex|93/100|[from] item: Leftovers
|-damage|p2a: Sneasler|74/100|[from] move: Infestation|[partiallytrapped]
|-damage|p1a: Garchomp|42/100|[from] move: Infestation|[partiallytrapped]
|upkeep
|-enditem|p1a: Garchomp|Sitrus Berry|[eat]
|-heal|p1a: Garchomp|67/100|[from] item: Sitrus Berry
|turn|4
|
|t:|1782700593
|move|p1b: Toxapex|Baneful Bunker|p1b: Toxapex
|-singleturn|p1b: Toxapex|move: Protect
|move|p2b: Toxapex|Baneful Bunker|p2b: Toxapex
|-singleturn|p2b: Toxapex|move: Protect
|move|p2a: Sneasler|Close Combat|p1a: Garchomp
|-damage|p1a: Garchomp|17/100
|-unboost|p2a: Sneasler|def|1
|-unboost|p2a: Sneasler|spd|1
|-damage|p2a: Sneasler|62/100|[from] ability: Rough Skin|[of] p1a: Garchomp
|move|p1a: Garchomp|Earthquake|p2b: Toxapex|[spread] p2a
|-activate|p1b: Toxapex|move: Protect
|-activate|p2b: Toxapex|move: Protect
|-supereffective|p2a: Sneasler|1
|-damage|p2a: Sneasler|0 fnt
|faint|p2a: Sneasler
|
|-weather|SunnyDay|[upkeep]
|-heal|p2b: Toxapex|99/100|[from] item: Leftovers
|-damage|p1a: Garchomp|5/100|[from] move: Infestation|[partiallytrapped]
|upkeep
|
|t:|1782700610
|switch|p2a: Incineroar|Incineroar, L50, M|88/100
|-ability|p2a: Incineroar|Intimidate|boost
|-unboost|p1a: Garchomp|atk|1
|-unboost|p1b: Toxapex|atk|1
|turn|5
|
|t:|1782700619
|move|p2a: Incineroar|Fake Out|p1b: Toxapex
|-damage|p1b: Toxapex|92/100
|move|p1a: Garchomp|Rock Slide|p2b: Toxapex|[spread] p2a,p2b
|-supereffective|p2a: Incineroar|1
|-damage|p2a: Incineroar|68/100
|-damage|p2b: Toxapex|91/100
|cant|p1b: Toxapex|flinch
|move|p2b: Toxapex|Infestation|p1b: Toxapex
|-resisted|p1b: Toxapex|1
|-damage|p1b: Toxapex|91/100
|-activate|p1b: Toxapex|move: Infestation|[of] p2b: Toxapex
|
|-weather|SunnyDay|[upkeep]
|-heal|p1b: Toxapex|97/100|[from] item: Leftovers
|-heal|p2b: Toxapex|96/100|[from] item: Leftovers
|-damage|p1a: Garchomp|0 fnt|[from] move: Infestation|[partiallytrapped]
|faint|p1a: Garchomp
|-damage|p1b: Toxapex|85/100|[from] move: Infestation|[partiallytrapped]
|upkeep
|
|t:|1782700625
|switch|p1a: Hydreigon|Hydreigon, L50, M|100/100
|turn|6
|inactive|Abrasian has 30 seconds left.
|
|t:|1782700652
|move|p1a: Hydreigon|Draco Meteor|p2a: Incineroar
|-damage|p2a: Incineroar|0 fnt
|-unboost|p1a: Hydreigon|spa|2
|faint|p2a: Incineroar
|move|p1b: Toxapex|Infestation|p2b: Toxapex
|-resisted|p2b: Toxapex|1
|-damage|p2b: Toxapex|95/100
|-activate|p2b: Toxapex|move: Infestation|[of] p1b: Toxapex
|move|p2b: Toxapex|Infestation|p1a: Hydreigon
|-supereffective|p1a: Hydreigon|1
|-damage|p1a: Hydreigon|93/100
|-activate|p1a: Hydreigon|move: Infestation|[of] p2b: Toxapex
|
|-weather|none
|-heal|p1b: Toxapex|91/100|[from] item: Leftovers
|-heal|p2b: Toxapex|100/100|[from] item: Leftovers
|-damage|p1a: Hydreigon|81/100|[from] move: Infestation|[partiallytrapped]
|-damage|p1b: Toxapex|78/100|[from] move: Infestation|[partiallytrapped]
|-damage|p2b: Toxapex|87/100|[from] move: Infestation|[partiallytrapped]
|upkeep
|
|t:|1782700661
|switch|p2a: Froslass|Froslass, L50, F|100/100
|turn|7
|
|t:|1782700678
|detailschange|p2a: Froslass|Froslass-Mega, L50, F
|-mega|p2a: Froslass|Froslass|Froslassite
|-weather|Snowscape|[from] ability: Snow Warning|[of] p2a: Froslass
|move|p1a: Hydreigon|Draco Meteor|p2a: Froslass
|-damage|p2a: Froslass|65/100
|-unboost|p1a: Hydreigon|spa|2
|move|p2a: Froslass|Blizzard|p1a: Hydreigon|[spread] p1a,p1b
|-supereffective|p1a: Hydreigon|1
|-resisted|p1b: Toxapex|1
|-damage|p1a: Hydreigon|0 fnt
|-damage|p1b: Toxapex|64/100
|faint|p1a: Hydreigon
|move|p1b: Toxapex|Toxic|p2a: Froslass
|-status|p2a: Froslass|tox
|move|p2b: Toxapex|Toxic|p1b: Toxapex
|-immune|p1b: Toxapex
|
|-weather|Snowscape|[upkeep]
|-heal|p1b: Toxapex|70/100|[from] item: Leftovers
|-heal|p2b: Toxapex|93/100|[from] item: Leftovers
|-damage|p2a: Froslass|59/100 tox|[from] psn
|-damage|p1b: Toxapex|57/100|[from] move: Infestation|[partiallytrapped]
|-damage|p2b: Toxapex|81/100|[from] move: Infestation|[partiallytrapped]
|upkeep
|
|t:|1782700684
|switch|p1a: Charizard|Charizard-Mega-Y, L50, F|100/100
|-weather|SunnyDay|[from] ability: Drought|[of] p1a: Charizard
|turn|8
|
|t:|1782700703
|move|p2a: Froslass|Shadow Ball|p1a: Charizard
|-crit|p1a: Charizard
|-damage|p1a: Charizard|40/100
|move|p1a: Charizard|Heat Wave|p2b: Toxapex|[spread] p2a,p2b
|-supereffective|p2a: Froslass|1
|-resisted|p2b: Toxapex|1
|-damage|p2a: Froslass|0 fnt
|-damage|p2b: Toxapex|59/100
|faint|p2a: Froslass
|move|p1b: Toxapex|Infestation|p2b: Toxapex
|-resisted|p2b: Toxapex|1
|-damage|p2b: Toxapex|58/100
|move|p2b: Toxapex|Toxic|p1a: Charizard
|-status|p1a: Charizard|tox
|
|-weather|SunnyDay|[upkeep]
|-heal|p1b: Toxapex|63/100|[from] item: Leftovers
|-heal|p2b: Toxapex|64/100|[from] item: Leftovers
|-damage|p1a: Charizard|34/100 tox|[from] psn
|-damage|p1b: Toxapex|51/100|[from] move: Infestation|[partiallytrapped]
|-damage|p2b: Toxapex|52/100|[from] move: Infestation|[partiallytrapped]
|upkeep
|turn|9
|
|t:|1782700713
|move|p2b: Toxapex|Baneful Bunker|p2b: Toxapex
|-singleturn|p2b: Toxapex|move: Protect
|move|p1a: Charizard|Solar Beam||[still]
|-prepare|p1a: Charizard|Solar Beam
|-anim|p1a: Charizard|Solar Beam|p2b: Toxapex
|-activate|p2b: Toxapex|move: Protect
|move|p1b: Toxapex|Infestation|p2b: Toxapex
|-activate|p2b: Toxapex|move: Protect
|
|-weather|SunnyDay|[upkeep]
|-heal|p1b: Toxapex|57/100|[from] item: Leftovers
|-heal|p2b: Toxapex|57/100|[from] item: Leftovers
|-damage|p1a: Charizard|23/100 tox|[from] psn
|-damage|p1b: Toxapex|45/100|[from] move: Infestation|[partiallytrapped]
|-damage|p2b: Toxapex|45/100|[from] move: Infestation|[partiallytrapped]
|upkeep
|turn|10
|
|t:|1782700719
|move|p1a: Charizard|Solar Beam||[still]
|-prepare|p1a: Charizard|Solar Beam
|-anim|p1a: Charizard|Solar Beam|p2b: Toxapex
|-damage|p2b: Toxapex|14/100
|move|p1b: Toxapex|Infestation|p2b: Toxapex
|-resisted|p2b: Toxapex|1
|-damage|p2b: Toxapex|13/100
|move|p2b: Toxapex|Recover|p2b: Toxapex
|-heal|p2b: Toxapex|63/100
|
|-weather|SunnyDay|[upkeep]
|-heal|p1b: Toxapex|50/100g|[from] item: Leftovers
|-heal|p2b: Toxapex|69/100|[from] item: Leftovers
|-damage|p1a: Charizard|5/100 tox|[from] psn
|-end|p1b: Toxapex|Infestation|[partiallytrapped]
|-end|p2b: Toxapex|Infestation|[partiallytrapped]
|upkeep
|turn|11
|
|t:|1782700730
|move|p2b: Toxapex|Baneful Bunker|p2b: Toxapex
|-singleturn|p2b: Toxapex|move: Protect
|move|p1a: Charizard|Solar Beam||[still]
|-prepare|p1a: Charizard|Solar Beam
|-anim|p1a: Charizard|Solar Beam|p2b: Toxapex
|-activate|p2b: Toxapex|move: Protect
|move|p1b: Toxapex|Infestation|p2b: Toxapex
|-activate|p2b: Toxapex|move: Protect
|
|-weather|SunnyDay|[upkeep]
|-heal|p1b: Toxapex|56/100|[from] item: Leftovers
|-heal|p2b: Toxapex|75/100|[from] item: Leftovers
|-damage|p1a: Charizard|0 fnt|[from] psn
|faint|p1a: Charizard
|upkeep
|turn|12
|
|t:|1782700736
|move|p1b: Toxapex|Baneful Bunker|p1b: Toxapex
|-singleturn|p1b: Toxapex|move: Protect
|move|p2b: Toxapex|Infestation|p1b: Toxapex
|-activate|p1b: Toxapex|move: Protect
|
|-weather|none
|-heal|p1b: Toxapex|62/100|[from] item: Leftovers
|-heal|p2b: Toxapex|80/100|[from] item: Leftovers
|upkeep
|turn|13
|
|t:|1782700743
|move|p1b: Toxapex|Infestation|p2b: Toxapex
|-resisted|p2b: Toxapex|1
|-damage|p2b: Toxapex|79/100
|-activate|p2b: Toxapex|move: Infestation|[of] p1b: Toxapex
|move|p2b: Toxapex|Infestation|p1b: Toxapex
|-resisted|p1b: Toxapex|1
|-damage|p1b: Toxapex|61/100
|-activate|p1b: Toxapex|move: Infestation|[of] p2b: Toxapex
|
|-heal|p1b: Toxapex|66/100|[from] item: Leftovers
|-heal|p2b: Toxapex|85/100|[from] item: Leftovers
|-damage|p1b: Toxapex|54/100|[from] move: Infestation|[partiallytrapped]
|-damage|p2b: Toxapex|73/100|[from] move: Infestation|[partiallytrapped]
|upkeep
|turn|14
|
|t:|1782700750
|move|p1b: Toxapex|Infestation|p2b: Toxapex
|-resisted|p2b: Toxapex|1
|-damage|p2b: Toxapex|71/100
|move|p2b: Toxapex|Toxic|p1b: Toxapex
|-immune|p1b: Toxapex
|
|-heal|p1b: Toxapex|60/100|[from] item: Leftovers
|-heal|p2b: Toxapex|77/100|[from] item: Leftovers
|-damage|p1b: Toxapex|48/100|[from] move: Infestation|[partiallytrapped]
|-damage|p2b: Toxapex|65/100|[from] move: Infestation|[partiallytrapped]
|upkeep
|turn|15
|
|t:|1782700756
|move|p1b: Toxapex|Infestation|p2b: Toxapex
|-resisted|p2b: Toxapex|1
|-damage|p2b: Toxapex|64/100
|move|p2b: Toxapex|Toxic|p1b: Toxapex
|-immune|p1b: Toxapex
|
|-heal|p1b: Toxapex|54/100|[from] item: Leftovers
|-heal|p2b: Toxapex|70/100|[from] item: Leftovers
|-damage|p1b: Toxapex|42/100|[from] move: Infestation|[partiallytrapped]
|-damage|p2b: Toxapex|57/100|[from] move: Infestation|[partiallytrapped]
|upkeep
|turn|16
|
|t:|1782700762
|move|p1b: Toxapex|Baneful Bunker|p1b: Toxapex
|-singleturn|p1b: Toxapex|move: Protect
|move|p2b: Toxapex|Toxic|p1b: Toxapex
|-activate|p1b: Toxapex|move: Protect
|
|-heal|p1b: Toxapex|47/100|[from] item: Leftovers
|-heal|p2b: Toxapex|63/100|[from] item: Leftovers
|-damage|p1b: Toxapex|35/100|[from] move: Infestation|[partiallytrapped]
|-damage|p2b: Toxapex|51/100|[from] move: Infestation|[partiallytrapped]
|upkeep
|turn|17
|
|t:|1782700768
|move|p1b: Toxapex|Toxic|p2b: Toxapex
|-immune|p2b: Toxapex
|move|p2b: Toxapex|Toxic|p1b: Toxapex
|-immune|p1b: Toxapex
|
|-heal|p1b: Toxapex|41/100|[from] item: Leftovers
|-heal|p2b: Toxapex|57/100|[from] item: Leftovers
|-end|p1b: Toxapex|Infestation|[partiallytrapped]
|-damage|p2b: Toxapex|45/100|[from] move: Infestation|[partiallytrapped]
|upkeep
|turn|18
|
|t:|1782700774
|move|p1b: Toxapex|Baneful Bunker|p1b: Toxapex
|-singleturn|p1b: Toxapex|move: Protect
|move|p2b: Toxapex|Infestation|p1b: Toxapex
|-activate|p1b: Toxapex|move: Protect
|
|-heal|p1b: Toxapex|47/100|[from] item: Leftovers
|-heal|p2b: Toxapex|50/100g|[from] item: Leftovers
|-end|p2b: Toxapex|Infestation|[partiallytrapped]
|upkeep
|turn|19
|
|t:|1782700778
|move|p1b: Toxapex|Infestation|p2b: Toxapex
|-resisted|p2b: Toxapex|1
|-damage|p2b: Toxapex|49/100
|-activate|p2b: Toxapex|move: Infestation|[of] p1b: Toxapex
|move|p2b: Toxapex|Infestation|p1b: Toxapex
|-resisted|p1b: Toxapex|1
|-damage|p1b: Toxapex|45/100
|-activate|p1b: Toxapex|move: Infestation|[of] p2b: Toxapex
|
|-heal|p1b: Toxapex|51/100|[from] item: Leftovers
|-heal|p2b: Toxapex|55/100|[from] item: Leftovers
|-damage|p1b: Toxapex|39/100|[from] move: Infestation|[partiallytrapped]
|-damage|p2b: Toxapex|43/100|[from] move: Infestation|[partiallytrapped]
|upkeep
|turn|20
|
|t:|1782700783
|move|p1b: Toxapex|Toxic|p2b: Toxapex
|-immune|p2b: Toxapex
|move|p2b: Toxapex|Recover|p2b: Toxapex
|-heal|p2b: Toxapex|93/100
|
|-heal|p1b: Toxapex|45/100|[from] item: Leftovers
|-heal|p2b: Toxapex|99/100|[from] item: Leftovers
|-damage|p1b: Toxapex|33/100|[from] move: Infestation|[partiallytrapped]
|-damage|p2b: Toxapex|87/100|[from] move: Infestation|[partiallytrapped]
|upkeep
|turn|21
|
|t:|1782700787
|move|p1b: Toxapex|Toxic|p2b: Toxapex
|-immune|p2b: Toxapex
|move|p2b: Toxapex|Toxic|p1b: Toxapex
|-immune|p1b: Toxapex
|
|-heal|p1b: Toxapex|38/100|[from] item: Leftovers
|-heal|p2b: Toxapex|92/100|[from] item: Leftovers
|-damage|p1b: Toxapex|26/100|[from] move: Infestation|[partiallytrapped]
|-damage|p2b: Toxapex|80/100|[from] move: Infestation|[partiallytrapped]
|upkeep
|turn|22
|
|t:|1782700792
|move|p1b: Toxapex|Toxic|p2b: Toxapex
|-immune|p2b: Toxapex
|move|p2b: Toxapex|Toxic|p1b: Toxapex
|-immune|p1b: Toxapex
|
|-heal|p1b: Toxapex|32/100|[from] item: Leftovers
|-heal|p2b: Toxapex|86/100|[from] item: Leftovers
|-damage|p1b: Toxapex|20/100y|[from] move: Infestation|[partiallytrapped]
|-damage|p2b: Toxapex|74/100|[from] move: Infestation|[partiallytrapped]
|upkeep
|turn|23
|inactive|Abrasian has 30 seconds left.
|inactive|Abrasian has 20 seconds left.
|inactive|Abrasian has 15 seconds left.
|inactive|Abrasian has 10 seconds left.
|inactive|Abrasian has 5 seconds left.
|
|t:|1782700847
|move|p1b: Toxapex|Infestation|p2b: Toxapex
|-resisted|p2b: Toxapex|1
|-damage|p2b: Toxapex|73/100
|move|p2b: Toxapex|Toxic|p1b: Toxapex
|-immune|p1b: Toxapex
|
|-heal|p1b: Toxapex|26/100|[from] item: Leftovers
|-heal|p2b: Toxapex|78/100|[from] item: Leftovers
|-damage|p1b: Toxapex|14/100|[from] move: Infestation|[partiallytrapped]
|-damage|p2b: Toxapex|66/100|[from] move: Infestation|[partiallytrapped]
|upkeep
|turn|24
|inactive|Abrasian has 30 seconds left.
|inactive|Abrasian has 20 seconds left.
|inactive|Abrasian has 15 seconds left.
|inactive|Abrasian has 10 seconds left.
|inactive|Abrasian has 5 seconds left.
|
|t:|1782700902
|move|p1b: Toxapex|Infestation|p2b: Toxapex
|-resisted|p2b: Toxapex|1
|-damage|p2b: Toxapex|65/100
|move|p2b: Toxapex|Toxic|p1b: Toxapex
|-immune|p1b: Toxapex
|
|-heal|p1b: Toxapex|19/100|[from] item: Leftovers
|-heal|p2b: Toxapex|71/100|[from] item: Leftovers
|-end|p1b: Toxapex|Infestation|[partiallytrapped]
|-end|p2b: Toxapex|Infestation|[partiallytrapped]
|upkeep
|turn|25
|c|☆camala64|Bruh just let me finish this lmao
|inactive|Abrasian has 30 seconds left.
|inactive|Abrasian has 20 seconds left.
|inactive|Abrasian has 15 seconds left.
|inactive|Abrasian has 10 seconds left.
|inactive|Abrasian has 5 seconds left.
|
|t:|1782700957
|move|p1b: Toxapex|Infestation|p2b: Toxapex
|-resisted|p2b: Toxapex|1
|-damage|p2b: Toxapex|70/100
|-activate|p2b: Toxapex|move: Infestation|[of] p1b: Toxapex
|move|p2b: Toxapex|Infestation|p1b: Toxapex
|-resisted|p1b: Toxapex|1
|-damage|p1b: Toxapex|18/100
|-activate|p1b: Toxapex|move: Infestation|[of] p2b: Toxapex
|
|-heal|p1b: Toxapex|24/100|[from] item: Leftovers
|-heal|p2b: Toxapex|75/100|[from] item: Leftovers
|-damage|p1b: Toxapex|12/100|[from] move: Infestation|[partiallytrapped]
|-damage|p2b: Toxapex|63/100|[from] move: Infestation|[partiallytrapped]
|upkeep
|turn|26
|inactive|Abrasian has 30 seconds left.
|inactive|Abrasian has 20 seconds left.
|inactive|Abrasian has 15 seconds left.
|inactive|Abrasian has 10 seconds left.
|inactive|Abrasian has 5 seconds left.
|
|t:|1782701012
|move|p1b: Toxapex|Infestation|p2b: Toxapex
|-resisted|p2b: Toxapex|1
|-damage|p2b: Toxapex|62/100
|move|p2b: Toxapex|Toxic|p1b: Toxapex
|-immune|p1b: Toxapex
|
|-heal|p1b: Toxapex|17/100|[from] item: Leftovers
|-heal|p2b: Toxapex|68/100|[from] item: Leftovers
|-damage|p1b: Toxapex|5/100|[from] move: Infestation|[partiallytrapped]
|-damage|p2b: Toxapex|56/100|[from] move: Infestation|[partiallytrapped]
|upkeep
|turn|27
|c|☆camala64|Bro why are you timer stalling
|c|☆camala64|That doesn’t work here
|inactive|Abrasian has 30 seconds left.
|inactive|Abrasian has 20 seconds left.
|inactive|Abrasian has 15 seconds left.
|inactive|Abrasian has 10 seconds left.
|inactive|Abrasian has 5 seconds left.
|
|t:|1782701067
|move|p1b: Toxapex|Infestation|p2b: Toxapex
|-resisted|p2b: Toxapex|1
|-damage|p2b: Toxapex|54/100
|move|p2b: Toxapex|Toxic|p1b: Toxapex
|-immune|p1b: Toxapex
|
|-heal|p1b: Toxapex|11/100|[from] item: Leftovers
|-heal|p2b: Toxapex|60/100|[from] item: Leftovers
|-damage|p1b: Toxapex|0 fnt|[from] move: Infestation|[partiallytrapped]
|faint|p1b: Toxapex
|
|win|camala64
|raw|Abrasian's rating: 1244 → 1215(-29 for losing)
|raw|camala64's rating: 1184 → 1213(+29 for winning)
