|j|â˜†Aizenora
|j|â˜†Notaplaceofhonor
|html|AizenoraNotaplaceofhonor    
|uhtml|bestof|Game 2 of a best-of-3
|t:|1756479820
|gametype|doubles
|player|p1|Aizenora|266|1192
|player|p2|Notaplaceofhonor|juan-gen3|1166
|gen|9
|tier|[Gen 9] VGC 2025 Reg H (Bo3)
|rated|
|rule|Species Clause: Limit one of each PokÃ©mon
|rule|Item Clause: Limit 1 of each item
|clearpoke
|poke|p1|Excadrill, L50, M|
|poke|p1|Tyranitar, L50, M|
|poke|p1|Amoonguss, L50, F|
|poke|p1|Kilowattrel, L50, F|
|poke|p1|Incineroar, L50, F|
|poke|p1|Gholdengo, L50|
|poke|p2|Ursaluna, L50, F|
|poke|p2|Incineroar, L50, M|
|poke|p2|Archaludon, L50, M|
|poke|p2|Pelipper, L50, M|
|poke|p2|Dragonite, L50, F|
|poke|p2|Sinistcha, L50|
|teampreview|4
|showteam|p1|Excadrill||SoftSand|SandRush|HighHorsepower,RockSlide,Protect,Earthquake|||M|||50|,,,,,Ground]Tyranitar||ClearAmulet|SandStream|RockSlide,KnockOff,DragonDance,Protect|||M|||50|,,,,,Flying]Amoonguss||MentalHerb|Regenerator|Spore,SludgeBomb,RagePowder,Protect|||F|||50|,,,,,Water]Kilowattrel||FocusSash|Competitive|Thunderbolt,AirSlash,Tailwind,Protect|||F|||50|,,,,,Steel]Incineroar||SafetyGoggles|Intimidate|KnockOff,FlareBlitz,FakeOut,PartingShot|||F|||50|,,,,,Ghost]Gholdengo||LifeOrb|GoodasGold|MakeItRain,ShadowBall,NastyPlot,Protect||||||50|,,,,,Dragon
|showteam|p2|Ursaluna||FlameOrb|Guts|Protect,Facade,Earthquake,HeadlongRush|||F|||50|,,,,,Ghost]Incineroar||SafetyGoggles|Intimidate|Taunt,FakeOut,KnockOff,PartingShot|||M|||50|,,,,,Ghost]Archaludon||AssaultVest|Stamina|ElectroShot,Snarl,DracoMeteor,BodyPress|||M|||50|,,,,,Grass]Pelipper||FocusSash|Drizzle|Hurricane,WeatherBall,Tailwind,Protect|||M|||50|,,,,,Ghost]Dragonite||LoadedDice|Multiscale|Protect,ScaleShot,Tailwind,Haze|||F|||50|,,,,,Steel]Sinistcha||SitrusBerry|Hospitality|MatchaGotcha,LifeDew,RagePowder,TrickRoom||||||50|,,,,,Water
|j| hhgsq
|
|t:|1756479881
|teamsize|p1|4
|teamsize|p2|4
|start
|switch|p1a: Gholdengo|Gholdengo, L50|100/100
|switch|p1b: Kilowattrel|Kilowattrel, L50, F|100/100
|switch|p2a: Archaludon|Archaludon, L50, M|100/100
|switch|p2b: Incineroar|Incineroar, L50, M|100/100
|-ability|p2b: Incineroar|Intimidate|boost
|-unboost|p1a: Gholdengo|atk|1
|-unboost|p1b: Kilowattrel|atk|1
|-ability|p1b: Kilowattrel|Competitive|boost
|-boost|p1b: Kilowattrel|spa|2
|turn|1
|
|t:|1756479933
|switch|p1a: Excadrill|Excadrill, L50, M|100/100
|move|p1b: Kilowattrel|Protect|p1b: Kilowattrel
|-singleturn|p1b: Kilowattrel|Protect
|move|p2a: Archaludon|Draco Meteor|p1b: Kilowattrel
|-activate|p1b: Kilowattrel|move: Protect
|move|p2b: Incineroar|Knock Off|p1a: Excadrill
|-damage|p1a: Excadrill|56/100
|-enditem|p1a: Excadrill|Soft Sand|[from] move: Knock Off|[of] p2b: Incineroar
|
|upkeep
|turn|2
|
|t:|1756479974
|-terastallize|p1a: Excadrill|Ground
|-terastallize|p2a: Archaludon|Grass
|move|p1b: Kilowattrel|Tailwind|p1b: Kilowattrel
|-sidestart|p1: Aizenora|move: Tailwind
|move|p1a: Excadrill|Earthquake|p2a: Archaludon|[spread] p2a,p2b
|-immune|p1b: Kilowattrel
|-resisted|p2a: Archaludon
|-supereffective|p2b: Incineroar
|-damage|p2a: Archaludon|80/100
|-damage|p2b: Incineroar|5/100
|-ability|p2a: Archaludon|Stamina|boost
|-boost|p2a: Archaludon|def|1
|move|p2a: Archaludon|Body Press|p1a: Excadrill
|-damage|p1a: Excadrill|11/100
|move|p2b: Incineroar|Parting Shot|p1b: Kilowattrel
|-unboost|p1b: Kilowattrel|atk|1
|-ability|p1b: Kilowattrel|Competitive|boost
|-boost|p1b: Kilowattrel|spa|2
|-unboost|p1b: Kilowattrel|spa|1
|-ability|p1b: Kilowattrel|Competitive|boost
|-boost|p1b: Kilowattrel|spa|2
|
|t:|1756479992
|switch|p2b: Sinistcha|Sinistcha, L50|100/100|[from] Parting Shot
|-heal|p2a: Archaludon|100/100|[from] ability: Hospitality|[of] p2b: Sinistcha
|
|upkeep
|turn|3
|c|â˜†Notaplaceofhonor|i forgor
|
|t:|1756480027
|switch|p1a: Gholdengo|Gholdengo, L50|100/100
|move|p1b: Kilowattrel|Air Slash|p2a: Archaludon
|-supereffective|p2a: Archaludon
|-damage|p2a: Archaludon|0 fnt
|faint|p2a: Archaludon
|move|p2b: Sinistcha|Trick Room|p2b: Sinistcha
|-fieldstart|move: Trick Room|[of] p2b: Sinistcha
|
|upkeep
|
|t:|1756480034
|switch|p2a: Ursaluna|Ursaluna, L50, F|100/100
|turn|4
|
|t:|1756480047
|switch|p2b: Incineroar|Incineroar, L50, M|5/100
|-ability|p2b: Incineroar|Intimidate|boost
|-unboost|p1a: Gholdengo|atk|1
|-unboost|p1b: Kilowattrel|atk|1
|-ability|p1b: Kilowattrel|Competitive|boost
|-boost|p1b: Kilowattrel|spa|1
|move|p2a: Ursaluna|Protect|p2a: Ursaluna
|-singleturn|p2a: Ursaluna|Protect
|move|p1a: Gholdengo|Make It Rain|p2b: Incineroar|[spread] p2b
|-activate|p2a: Ursaluna|move: Protect
|-resisted|p2b: Incineroar
|-damage|p2b: Incineroar|0 fnt
|-unboost|p1a: Gholdengo|spa|1
|faint|p2b: Incineroar
|-damage|p1a: Gholdengo|91/100|[from] item: Life Orb
|move|p1b: Kilowattrel|Air Slash|p2a: Ursaluna
|-activate|p2a: Ursaluna|move: Protect
|
|-status|p2a: Ursaluna|brn|[from] item: Flame Orb
|upkeep
|
|t:|1756480056
|switch|p2b: Sinistcha|Sinistcha, L50|100/100
|turn|5
|
|t:|1756480078
|move|p1b: Kilowattrel|Protect|p1b: Kilowattrel
|-singleturn|p1b: Kilowattrel|Protect
|move|p2a: Ursaluna|Earthquake|p1b: Kilowattrel|[spread] p2b,p1a
|-activate|p1b: Kilowattrel|move: Protect
|-resisted|p2b: Sinistcha
|-crit|p2b: Sinistcha
|-supereffective|p1a: Gholdengo
|-damage|p2b: Sinistcha|58/100
|-damage|p1a: Gholdengo|0 fnt
|faint|p1a: Gholdengo
|move|p2b: Sinistcha|Matcha Gotcha|p1b: Kilowattrel
|-activate|p1b: Kilowattrel|move: Protect
|
|-damage|p2a: Ursaluna|95/100 brn|[from] brn
|-sideend|p1: Aizenora|move: Tailwind
|upkeep
|
|t:|1756480090
|switch|p1a: Excadrill|Excadrill, L50, M, tera:Ground|11/100
|turn|6
|
|t:|1756480101
|move|p2a: Ursaluna|Facade|p1b: Kilowattrel
|-enditem|p1b: Kilowattrel|Focus Sash
|-damage|p1b: Kilowattrel|1/100
|move|p2b: Sinistcha|Matcha Gotcha|p1a: Excadrill|[spread] p1a,p1b
|-supereffective|p1a: Excadrill
|-resisted|p1b: Kilowattrel
|-damage|p1a: Excadrill|0 fnt
|-heal|p2b: Sinistcha|65/100|[from] drain|[of] p1a: Excadrill
|-damage|p1b: Kilowattrel|0 fnt
|-heal|p2b: Sinistcha|65/100|[from] drain|[of] p1b: Kilowattrel
|faint|p1a: Excadrill
|faint|p1b: Kilowattrel
|
|-damage|p2a: Ursaluna|89/100 brn|[from] brn
|upkeep
|
|t:|1756480108
|switch|p1b: Tyranitar|Tyranitar, L50, M|100/100
|-weather|Sandstorm|[from] ability: Sand Stream|[of] p1b: Tyranitar
|turn|7
|-message|Aizenora forfeited.
|
|win|Notaplaceofhonor
