|j|☆PlayzNSlayz
|j|☆ScrewSalesman
|html|PlayzNSlayzScrewSalesman    
|uhtml|bestof|Game 2 of a best-of-3
|t:|1756435259
|gametype|doubles
|player|p1|PlayzNSlayz|parasollady|1000
|player|p2|ScrewSalesman|cynthia-gen4|1078
|gen|9
|tier|[Gen 9] VGC 2025 Reg H (Bo3)
|rated|
|rule|Species Clause: Limit one of each Pokémon
|rule|Item Clause: Limit 1 of each item
|clearpoke
|poke|p1|Lilligant-Hisui, L50, F|
|poke|p1|Ursaluna, L50, F|
|poke|p1|Hatterene, L50, F|
|poke|p1|Indeedee-F, L50, F|
|poke|p1|Gallade, L50, M|
|poke|p1|Torkoal, L50, M|
|poke|p2|Porygon2, L50|
|poke|p2|Incineroar, L50, F|
|poke|p2|Ursaluna, L50, F|
|poke|p2|Jumpluff, L50, F|
|poke|p2|Charizard, L50, M|
|poke|p2|Torkoal, L50, F|
|teampreview|4
|showteam|p1|Lilligant-Hisui||FocusSash|Chlorophyll|SolarBlade,CloseCombat,SleepPowder,AfterYou|||F|||50|,,,,,Ghost]Ursaluna||FlameOrb|Guts|Facade,HeadlongRush,Earthquake,Protect|||F|||50|,,,,,Ghost]Hatterene||LifeOrb|MagicBounce|ExpandingForce,DazzlingGleam,TeraBlast,TrickRoom|||F|||50|,,,,,Fire]Indeedee-F||PsychicSeed|PsychicSurge|FollowMe,HelpingHand,TrickRoom,Psyshock|||F|||50|,,,,,Water]Gallade||ClearAmulet|Sharpness|SacredSword,PsychoCut,WideGuard,TrickRoom|||M|||50|,,,,,Grass]Torkoal||ChoiceSpecs|Drought|Eruption,HeatWave,WeatherBall,EarthPower|||M|||50|,,,,,Fire
|showteam|p2|Porygon2||Eviolite|Download|TeraBlast,IceBeam,TrickRoom,Recover||||||50|,,,,,Fighting]Incineroar||SitrusBerry|Intimidate|FakeOut,KnockOff,FlareBlitz,PartingShot|||F|||50|,,,,,Ghost]Ursaluna||FlameOrb|Guts|HeadlongRush,Facade,Earthquake,Protect|||F|||50|,,,,,Ghost]Jumpluff||CovertCloak|Chlorophyll|RagePowder,PollenPuff,Tailwind,SleepPowder|||F|||50|,,,,,Water]Charizard||ChoiceSpecs|SolarPower|HeatWave,Overheat,WeatherBall,DragonPulse|||M|||50|,,,,,Ghost]Torkoal||EjectPack|Drought|Overheat,Eruption,HelpingHand,Protect|||F|||50|,,,,,Fire
|inactive|Battle timer is ON: inactive players will automatically lose when time's up. (requested by ScrewSalesman)
|
|t:|1756435286
|teamsize|p1|4
|teamsize|p2|4
|start
|switch|p1a: Torkoal|Torkoal, L50, M|100/100
|switch|p1b: Lilligant|Lilligant-Hisui, L50, F|100/100
|switch|p2a: Charizard|Charizard, L50, M, shiny|100/100
|switch|p2b: Jumpluff|Jumpluff, L50, F|100/100
|-weather|SunnyDay|[from] ability: Drought|[of] p1a: Torkoal
|turn|1
|
|t:|1756435305
|-terastallize|p1a: Torkoal|Fire
|move|p2b: Jumpluff|Tailwind|p2b: Jumpluff
|-sidestart|p2: ScrewSalesman|move: Tailwind
|move|p2a: Charizard|Heat Wave|p1b: Lilligant|[spread] p1a,p1b
|-resisted|p1a: Torkoal
|-supereffective|p1b: Lilligant
|-damage|p1a: Torkoal|23/100
|-enditem|p1b: Lilligant|Focus Sash
|-damage|p1b: Lilligant|1/100
|move|p1b: Lilligant|Sleep Powder|p2a: Charizard
|-status|p2a: Charizard|slp|[from] move: Sleep Powder
|move|p1a: Torkoal|Eruption|p2a: Charizard|[spread] p2a,p2b
|-resisted|p2a: Charizard
|-crit|p2a: Charizard
|-supereffective|p2b: Jumpluff
|-damage|p2a: Charizard|70/100 slp
|-damage|p2b: Jumpluff|28/100
|
|-weather|SunnyDay|[upkeep]
|-damage|p2a: Charizard|58/100 slp|[from] ability: Solar Power|[of] p2a: Charizard
|upkeep
|turn|2
|
|t:|1756435329
|move|p2b: Jumpluff|Pollen Puff|p1b: Lilligant
|-crit|p1b: Lilligant
|-damage|p1b: Lilligant|0 fnt
|faint|p1b: Lilligant
|cant|p2a: Charizard|slp
|move|p1a: Torkoal|Eruption|p2b: Jumpluff|[spread] p2a,p2b
|-resisted|p2a: Charizard
|-supereffective|p2b: Jumpluff
|-damage|p2a: Charizard|36/100 slp
|-damage|p2b: Jumpluff|0 fnt
|faint|p2b: Jumpluff
|
|-weather|SunnyDay|[upkeep]
|-damage|p2a: Charizard|23/100 slp|[from] ability: Solar Power|[of] p2a: Charizard
|upkeep
|
|t:|1756435343
|switch|p2b: Incineroar|Incineroar, L50, F|100/100
|switch|p1b: Indeedee|Indeedee-F, L50, F|100/100
|-ability|p2b: Incineroar|Intimidate|boost
|-unboost|p1a: Torkoal|atk|1
|-unboost|p1b: Indeedee|atk|1
|-fieldstart|move: Psychic Terrain|[from] ability: Psychic Surge|[of] p1b: Indeedee
|-enditem|p1b: Indeedee|Psychic Seed
|-boost|p1b: Indeedee|spd|1|[from] item: Psychic Seed
|turn|3
|
|t:|1756435360
|cant|p2a: Charizard|slp
|move|p2b: Incineroar|Flare Blitz|p1b: Indeedee
|-damage|p1b: Indeedee|15/100
|-damage|p2b: Incineroar|76/100|[from] Recoil
|move|p1b: Indeedee|Psyshock|p2b: Incineroar
|-immune|p2b: Incineroar
|move|p1a: Torkoal|Eruption|p2a: Charizard|[spread] p2a,p2b
|-resisted|p2a: Charizard
|-resisted|p2b: Incineroar
|-damage|p2a: Charizard|2/100 slp
|-damage|p2b: Incineroar|59/100
|
|-weather|SunnyDay|[upkeep]
|-damage|p2a: Charizard|0 fnt|[from] ability: Solar Power|[of] p2a: Charizard
|faint|p2a: Charizard
|upkeep
|
|t:|1756435369
|switch|p2a: Torkoal|Torkoal, L50, F|100/100
|turn|4
|
|t:|1756435380
|move|p2b: Incineroar|Knock Off|p1b: Indeedee
|-supereffective|p1b: Indeedee
|-damage|p1b: Indeedee|0 fnt
|faint|p1b: Indeedee
|move|p2a: Torkoal|Eruption|p1a: Torkoal
|-resisted|p1a: Torkoal
|-damage|p1a: Torkoal|0 fnt
|faint|p1a: Torkoal
|
|-weather|SunnyDay|[upkeep]
|-sideend|p2: ScrewSalesman|move: Tailwind
|upkeep
|
|t:|1756435398
|switch|p1b: Hatterene|Hatterene, L50, F|100/100
|turn|5
|
|t:|1756435407
|move|p2b: Incineroar|Flare Blitz|p1b: Hatterene
|-crit|p1b: Hatterene
|-damage|p1b: Hatterene|0 fnt
|faint|p1b: Hatterene
|-damage|p2b: Incineroar|33/100|[from] Recoil
|-enditem|p2b: Incineroar|Sitrus Berry|[eat]
|-heal|p2b: Incineroar|57/100|[from] item: Sitrus Berry
|
|win|ScrewSalesman
|raw|PlayzNSlayz's rating: 1000 → 1000(+0 for losing)
|raw|ScrewSalesman's rating: 1078 → 1100(+22 for winning)
