|j|‽Juaner95
|j|☆TeyVgc
|html|Juaner95TeyVgc    
|uhtml|bestof|Game 1 of a best-of-3
|t:|1784178924
|gametype|doubles
|player|p1|Juaner95|ash-hoenn|1103
|player|p2|TeyVgc|rood|1226
|gen|9
|tier|[Gen 9 Champions] VGC 2026 Reg M-B (Bo3)
|rated|
|rule|Species Clause: Limit one of each Pokémon
|rule|Item Clause: Limit 1 of each item
|clearpoke
|poke|p1|Scovillain, L50, M|
|poke|p1|Basculegion, L50, M, shiny|
|poke|p1|Sylveon, L50, F, shiny|
|poke|p1|Garchomp, L50, M|
|poke|p1|Aerodactyl, L50, M|
|poke|p1|Kingambit, L50, M|
|poke|p2|Raichu, L50, M|
|poke|p2|Sinistcha, L50|
|poke|p2|Ceruledge, L50, F|
|poke|p2|Milotic, L50, F|
|poke|p2|Incineroar, L50, M|
|poke|p2|Floette-Eternal, L50, F|
|teampreview|4
|showteam|p1|Scovillain||Scovillainite|Moody|Overheat,LeechSeed,RagePowder,Protect|Calm||M|||50|]Basculegion||ChoiceScarf|Adaptability|WaveCrash,LastRespects,FlipTurn,AquaJet|Jolly||M|||50|]Sylveon||FairyFeather|Pixilate|HyperVoice,HyperBeam,QuickAttack,Detect|Modest||F|||50|]Garchomp||SitrusBerry|RoughSkin|Earthquake,DragonClaw,PoisonJab,Protect|Adamant||M|||50|]Aerodactyl||Aerodactylite|Unnerve|RockSlide,DualWingbeat,Tailwind,Protect|Jolly||M|||50|]Kingambit||FocusSash|Defiant|KowtowCleave,IronHead,LowKick,SuckerPunch|Adamant||M|||50|
|showteam|p2|Raichu||RaichuniteY|LightningRod|ZapCannon,FocusBlast,FakeOut,Protect|Timid||M|||50|]Sinistcha||KasibBerry|Hospitality|MatchaGotcha,Protect,RagePowder,TrickRoom|Relaxed|||||50|]Ceruledge||ColburBerry|FlashFire|BitterBlade,ShadowSneak,BulkUp,Protect|Adamant||F|||50|]Milotic||Leftovers|Competitive|MuddyWater,Coil,Hypnosis,Recover|Calm||F|||50|]Incineroar||SitrusBerry|Intimidate|FlareBlitz,ThroatChop,FakeOut,PartingShot|Impish||M|||50|]Floette-Eternal||Floettite|FlowerVeil|CalmMind,Protect,Moonblast,DazzlingGleam|Modest||F|||50|
|inactive|Battle timer is ON: inactive players will automatically lose when time's up. (requested by TeyVgc)
|inactive|Juaner95 has 60 seconds left.
|inactive|Juaner95 has 30 seconds left.
|inactive|Juaner95 has 20 seconds left.
|inactive|Juaner95 has 15 seconds left.
|
|t:|1784179106
|teamsize|p1|4
|teamsize|p2|4
|start
|switch|p1a: Aerodactyl|Aerodactyl, L50, M|100/100
|switch|p1b: Kingambit|Kingambit, L50, M|100/100
|switch|p2a: Floette|Floette-Eternal, L50, F|100/100
|switch|p2b: Ceruledge|Ceruledge, L50, F|100/100
|-ability|p1a: Aerodactyl|Unnerve
|turn|1
|inactive|Juaner95 has 30 seconds left.
|inactive|TeyVgc has 30 seconds left.
|
|t:|1784179135
|detailschange|p1a: Aerodactyl|Aerodactyl-Mega, L50, M
|-mega|p1a: Aerodactyl|Aerodactyl|Aerodactylite
|detailschange|p2a: Floette|Floette-Mega, L50, F
|-mega|p2a: Floette|Floette|Floettite
|-ability|p2a: Floette|Fairy Aura
|move|p1a: Aerodactyl|Tailwind|p1a: Aerodactyl
|-sidestart|p1: Juaner95|move: Tailwind
|move|p1b: Kingambit|Iron Head|p2a: Floette
|-supereffective|p2a: Floette|1
|-damage|p2a: Floette|12/100
|move|p2a: Floette|Moonblast|p1a: Aerodactyl
|-damage|p1a: Aerodactyl|30/100
|move|p2b: Ceruledge|Bulk Up|p2b: Ceruledge
|-boost|p2b: Ceruledge|atk|1
|-boost|p2b: Ceruledge|def|1
|
|upkeep
|turn|2
|inactive|TeyVgc has 30 seconds left.
|
|t:|1784179165
|switch|p2a: Milotic|Milotic, L50, F|100/100
|move|p1a: Aerodactyl|Rock Slide|p2a: Milotic|[spread] p2a,p2b
|-supereffective|p2b: Ceruledge|1
|-damage|p2a: Milotic|77/100
|-damage|p2b: Ceruledge|63/100
|move|p1b: Kingambit|Kowtow Cleave|p2b: Ceruledge
|-supereffective|p2b: Ceruledge|1
|-enditem|p2b: Ceruledge|Colbur Berry|[eat]
|-enditem|p2b: Ceruledge|Colbur Berry|[weaken]
|-damage|p2b: Ceruledge|27/100
|move|p2b: Ceruledge|Bitter Blade|p1b: Kingambit
|-supereffective|p1b: Kingambit|1
|-enditem|p1b: Kingambit|Focus Sash
|-damage|p1b: Kingambit|1/100
|-heal|p2b: Ceruledge|75/100|[from] drain|[of] p1b: Kingambit
|
|-heal|p2a: Milotic|83/100|[from] item: Leftovers
|upkeep
|turn|3
|inactive|Juaner95 has 30 seconds left.
|
|t:|1784179191
|move|p2b: Ceruledge|Protect|p2b: Ceruledge
|-singleturn|p2b: Ceruledge|Protect
|move|p1b: Kingambit|Sucker Punch||[still]
|-fail|p1b: Kingambit
|move|p1a: Aerodactyl|Rock Slide|p2b: Ceruledge|[spread] p2a
|-activate|p2b: Ceruledge|move: Protect
|-damage|p2a: Milotic|60/100
|cant|p2a: Milotic|flinch
|
|-heal|p2a: Milotic|66/100|[from] item: Leftovers
|upkeep
|turn|4
|
|t:|1784179206
|move|p1a: Aerodactyl|Protect|p1a: Aerodactyl
|-singleturn|p1a: Aerodactyl|Protect
|move|p1b: Kingambit|Sucker Punch||[still]
|-fail|p1b: Kingambit
|move|p2b: Ceruledge|Bulk Up|p2b: Ceruledge
|-boost|p2b: Ceruledge|atk|1
|-boost|p2b: Ceruledge|def|1
|move|p2a: Milotic|Muddy Water|p1b: Kingambit|[spread] p1b
|-activate|p1a: Aerodactyl|move: Protect
|-damage|p1b: Kingambit|0 fnt
|faint|p1b: Kingambit
|
|-heal|p2a: Milotic|72/100|[from] item: Leftovers
|-sideend|p1: Juaner95|move: Tailwind
|upkeep
|
|t:|1784179213
|switch|p1b: Basculegion|Basculegion, L50, M, shiny|100/100
|turn|5
|
|t:|1784179228
|move|p2b: Ceruledge|Shadow Sneak|p1b: Basculegion
|-supereffective|p1b: Basculegion|1
|-damage|p1b: Basculegion|0 fnt
|faint|p1b: Basculegion
|move|p1a: Aerodactyl|Tailwind|p1a: Aerodactyl
|-sidestart|p1: Juaner95|move: Tailwind
|move|p2a: Milotic|Muddy Water|p1a: Aerodactyl
|-supereffective|p1a: Aerodactyl|1
|-damage|p1a: Aerodactyl|0 fnt
|faint|p1a: Aerodactyl
|
|-heal|p2a: Milotic|78/100|[from] item: Leftovers
|upkeep
|
|t:|1784179232
|switch|p1a: Garchomp|Garchomp, L50, M|100/100
|turn|6
|
|t:|1784179241
|move|p2b: Ceruledge|Shadow Sneak|p1a: Garchomp
|-damage|p1a: Garchomp|59/100
|-damage|p2b: Ceruledge|63/100|[from] ability: Rough Skin|[of] p1a: Garchomp
|move|p1a: Garchomp|Earthquake|p2a: Milotic|[spread] p2a,p2b
|-supereffective|p2b: Ceruledge|1
|-damage|p2a: Milotic|46/100
|-damage|p2b: Ceruledge|22/100
|move|p2a: Milotic|Muddy Water|p1a: Garchomp
|-damage|p1a: Garchomp|31/100
|-enditem|p1a: Garchomp|Sitrus Berry|[eat]
|-heal|p1a: Garchomp|56/100|[from] item: Sitrus Berry
|
|-heal|p2a: Milotic|52/100|[from] item: Leftovers
|upkeep
|turn|7
|
|t:|1784179250
|move|p2b: Ceruledge|Shadow Sneak|p1a: Garchomp
|-damage|p1a: Garchomp|18/100
|-damage|p2b: Ceruledge|10/100|[from] ability: Rough Skin|[of] p1a: Garchomp
|move|p1a: Garchomp|Earthquake|p2b: Ceruledge|[spread] p2a,p2b
|-supereffective|p2b: Ceruledge|1
|-damage|p2a: Milotic|19/100
|-damage|p2b: Ceruledge|0 fnt
|faint|p2b: Ceruledge
|move|p2a: Milotic|Muddy Water|p1a: Garchomp
|-damage|p1a: Garchomp|0 fnt
|faint|p1a: Garchomp
|
|win|TeyVgc
