|j|☆Gayangos
|j|☆Luxerna
|html|GayangosLuxerna    
|uhtml|bestof|Game 3 of a best-of-3
|t:|1784045041
|gametype|doubles
|player|p1|Gayangos|170|1317
|player|p2|Luxerna|dawn-gen4pt|1309
|gen|9
|tier|[Gen 9 Champions] VGC 2026 Reg M-B (Bo3)
|rated|
|rule|Species Clause: Limit one of each Pokémon
|rule|Item Clause: Limit 1 of each item
|clearpoke
|poke|p1|Froslass, L50, F|
|poke|p1|Incineroar, L50, M|
|poke|p1|Basculegion, L50, M|
|poke|p1|Kingambit, L50, M|
|poke|p1|Sneasler, L50, F|
|poke|p1|Kleavor, L50, M|
|poke|p2|Pelipper, L50, F|
|poke|p2|Archaludon, L50, F|
|poke|p2|Swampert, L50, F|
|poke|p2|Grimmsnarl, L50, M|
|poke|p2|Mawile, L50, M|
|poke|p2|Farigiraf, L50, M|
|teampreview|4
|showteam|p1|Froslass||Froslassite|CursedBody|Blizzard,ShadowBall,AuroraVeil,Protect|Modest||F|||50|]Incineroar||SitrusBerry|Intimidate|FlareBlitz,ThroatChop,FakeOut,PartingShot|Impish||M|||50|]Basculegion||LifeOrb|Adaptability|WaveCrash,LastRespects,AquaJet,Protect|Jolly||M|||50|]Kingambit||BlackGlasses|Defiant|KowtowCleave,SuckerPunch,IronHead,Protect|Adamant||M|||50|]Sneasler||FocusSash|PoisonTouch|FakeOut,DireClaw,CloseCombat,RockSlide|Jolly||F|||50|]Kleavor||ChoiceScarf|Sharpness|StoneAxe,XScissor,CloseCombat,Uturn|Jolly||M|||50|
|showteam|p2|Pelipper||FocusSash|Drizzle|Tailwind,WeatherBall,Hurricane,WideGuard|Calm||F|||50|]Archaludon||Leftovers|Stamina|Protect,DragonPulse,ElectroShot,FlashCannon|Modest||F|||50|]Swampert||Swampertite|Torrent|Protect,HighHorsepower,WaveCrash,RockSlide|Adamant||F|||50|]Grimmsnarl||LightClay|Prankster|Reflect,LightScreen,PartingShot,FoulPlay|Impish||M|||50|]Mawile||Mawilite|HyperCutter|Protect,IronHead,PlayRough,SuckerPunch|Brave||M|||50|]Farigiraf||SitrusBerry|ArmorTail|Protect,TwinBeam,Thunderbolt,TrickRoom|Bold||M|||50|
|
|t:|1784045077
|teamsize|p1|4
|teamsize|p2|4
|start
|switch|p1a: Kleavor|Kleavor, L50, M|100/100
|switch|p1b: Sneasler|Sneasler, L50, F|100/100
|switch|p2a: Grimmsnarl|Grimmsnarl, L50, M|100/100
|switch|p2b: Swampert|Swampert, L50, F|100/100
|turn|1
|inactive|Battle timer is ON: inactive players will automatically lose when time's up. (requested by Gayangos)
|
|t:|1784045113
|detailschange|p2b: Swampert|Swampert-Mega, L50, F
|-mega|p2b: Swampert|Swampert|Swampertite
|move|p1b: Sneasler|Fake Out|p2b: Swampert
|-damage|p2b: Swampert|87/100
|move|p2a: Grimmsnarl|Reflect|p2a: Grimmsnarl
|-sidestart|p2: Luxerna|Reflect
|move|p1a: Kleavor|U-turn|p2a: Grimmsnarl
|-damage|p2a: Grimmsnarl|74/100
|
|t:|1784045121
|switch|p1a: Basculegion|Basculegion, L50, M|100/100|[from] U-turn
|cant|p2b: Swampert|flinch
|
|upkeep
|turn|2
|
|t:|1784045132
|move|p1b: Sneasler|Dire Claw|p2a: Grimmsnarl
|-supereffective|p2a: Grimmsnarl|1
|-damage|p2a: Grimmsnarl|16/100
|move|p1a: Basculegion|Wave Crash|p2b: Swampert
|-damage|p2b: Swampert|38/100
|-damage|p1a: Basculegion|83/100|[from] Recoil
|-damage|p1a: Basculegion|73/100|[from] item: Life Orb
|move|p2b: Swampert|High Horsepower|p1b: Sneasler
|-supereffective|p1b: Sneasler|1
|-enditem|p1b: Sneasler|Focus Sash
|-damage|p1b: Sneasler|1/100
|move|p2a: Grimmsnarl|Foul Play|p1a: Basculegion
|-supereffective|p1a: Basculegion|1
|-damage|p1a: Basculegion|0 fnt
|faint|p1a: Basculegion
|
|upkeep
|
|t:|1784045149
|switch|p1a: Froslass|Froslass, L50, F|100/100
|turn|3
|
|t:|1784045167
|move|p1a: Froslass|Protect|p1a: Froslass
|-singleturn|p1a: Froslass|Protect
|move|p2a: Grimmsnarl|Parting Shot|p1b: Sneasler
|-unboost|p1b: Sneasler|atk|1
|-unboost|p1b: Sneasler|spa|1
|
|t:|1784045171
|switch|p2a: Archaludon|Archaludon, L50, F|100/100|[from] Parting Shot
|move|p1b: Sneasler|Close Combat|p2b: Swampert
|-damage|p2b: Swampert|13/100
|-unboost|p1b: Sneasler|def|1
|-unboost|p1b: Sneasler|spd|1
|-status|p2b: Swampert|psn|[from] ability: Poison Touch|[of] p1b: Sneasler
|move|p2b: Swampert|Wave Crash|p1a: Froslass
|-activate|p1a: Froslass|move: Protect
|
|-damage|p2b: Swampert|1/100 psn|[from] psn
|upkeep
|turn|4
|inactive|Luxerna has 30 seconds left.
|
|t:|1784045200
|detailschange|p1a: Froslass|Froslass-Mega, L50, F
|-mega|p1a: Froslass|Froslass|Froslassite
|-weather|Snowscape|[from] ability: Snow Warning|[of] p1a: Froslass
|move|p1b: Sneasler|Close Combat|p2a: Archaludon
|-supereffective|p2a: Archaludon|1
|-damage|p2a: Archaludon|58/100
|-unboost|p1b: Sneasler|def|1
|-unboost|p1b: Sneasler|spd|1
|-ability|p2a: Archaludon|Stamina|boost
|-boost|p2a: Archaludon|def|1
|move|p1a: Froslass|Blizzard|p2a: Archaludon|[spread] p2a,p2b
|-damage|p2a: Archaludon|12/100
|-damage|p2b: Swampert|0 fnt
|-ability|p2a: Archaludon|Stamina|boost
|-boost|p2a: Archaludon|def|1
|faint|p2b: Swampert
|move|p2a: Archaludon|Flash Cannon|p1b: Sneasler
|-damage|p1b: Sneasler|0 fnt
|faint|p1b: Sneasler
|
|-weather|Snowscape|[upkeep]
|-heal|p2a: Archaludon|18/100|[from] item: Leftovers
|upkeep
|
|t:|1784045220
|switch|p1b: Kleavor|Kleavor, L50, M|100/100
|switch|p2b: Grimmsnarl|Grimmsnarl, L50, M|16/100
|turn|5
|
|t:|1784045236
|move|p2a: Archaludon|Protect|p2a: Archaludon
|-singleturn|p2a: Archaludon|Protect
|move|p2b: Grimmsnarl|Parting Shot|p1b: Kleavor
|-unboost|p1b: Kleavor|atk|1
|-unboost|p1b: Kleavor|spa|1
|
|t:|1784045238
|switch|p2b: Pelipper|Pelipper, L50, F|100/100|[from] Parting Shot
|-weather|RainDance|[from] ability: Drizzle|[of] p2b: Pelipper
|move|p1b: Kleavor|Stone Axe|p2b: Pelipper
|-supereffective|p2b: Pelipper|1
|-damage|p2b: Pelipper|46/100
|-sidestart|p2: Luxerna|move: Stealth Rock
|move|p1a: Froslass|Shadow Ball|p2a: Archaludon
|-activate|p2a: Archaludon|move: Protect
|
|-weather|RainDance|[upkeep]
|-heal|p2a: Archaludon|24/100|[from] item: Leftovers
|upkeep
|turn|6
|
|t:|1784045256
|move|p1b: Kleavor|Stone Axe|p2b: Pelipper
|-supereffective|p2b: Pelipper|1
|-damage|p2b: Pelipper|1/100
|move|p1a: Froslass|Shadow Ball|p2a: Archaludon
|-damage|p2a: Archaludon|0 fnt
|faint|p2a: Archaludon
|move|p2b: Pelipper|Weather Ball|p1b: Kleavor
|-supereffective|p1b: Kleavor|1
|-damage|p1b: Kleavor|0 fnt
|faint|p1b: Kleavor
|
|-weather|RainDance|[upkeep]
|upkeep
|
|t:|1784045261
|switch|p2a: Grimmsnarl|Grimmsnarl, L50, M|16/100
|-damage|p2a: Grimmsnarl|4/100|[from] Stealth Rock
|turn|7
|
|t:|1784045272
|move|p1a: Froslass|Shadow Ball|p2a: Grimmsnarl
|-resisted|p2a: Grimmsnarl|1
|-damage|p2a: Grimmsnarl|0 fnt
|faint|p2a: Grimmsnarl
|move|p2b: Pelipper|Weather Ball|p1a: Froslass
|-damage|p1a: Froslass|40/100
|
|-weather|RainDance|[upkeep]
|upkeep
|turn|8
|
|t:|1784045276
|move|p1a: Froslass|Shadow Ball|p2b: Pelipper
|-damage|p2b: Pelipper|0 fnt
|faint|p2b: Pelipper
|
|win|Gayangos
|raw|Gayangos's rating: 1317 → 1337(+20 for winning)
|raw|Luxerna's rating: 1309 → 1289(-20 for losing)
|c|☆Luxerna|Gg mr Luck
|l|☆Luxerna
|player|p2|
