|j|☆Doomnik
|j|☆s!dd_1
|html|Doomniks!dd_1    
|uhtml|bestof|Game 3 of a best-of-3
|t:|1784752946
|gametype|doubles
|player|p1|Doomnik|volkner|1312
|player|p2|s!dd_1|flannery-gen6|1594
|gen|9
|tier|[Gen 9 Champions] VGC 2026 Reg M-B (Bo3)
|rated|
|rule|Species Clause: Limit one of each Pokémon
|rule|Item Clause: Limit 1 of each item
|clearpoke
|poke|p1|Tyranitar, L50, F|
|poke|p1|Staraptor, L50, F|
|poke|p1|Excadrill, L50, F|
|poke|p1|Sinistcha, L50|
|poke|p1|Gholdengo, L50|
|poke|p1|Milotic, L50, M|
|poke|p2|Raichu, L50, M|
|poke|p2|Mamoswine, L50, M|
|poke|p2|Sinistcha, L50|
|poke|p2|Sylveon, L50, F|
|poke|p2|Arcanine-Hisui, L50, M|
|poke|p2|Meowscarada, L50, F|
|teampreview|4
|showteam|p1|Tyranitar||Tyranitarite|SandStream|KnockOff,RockSlide,Protect,LowKick|Adamant||F|||50|]Staraptor||Staraptite|Intimidate|DualWingbeat,CloseCombat,Protect,Tailwind|Jolly||F|||50|]Excadrill||FocusSash|SandRush|HighHorsepower,IronHead,RockSlide,Protect|Adamant||F|||50|]Sinistcha||SitrusBerry|Hospitality|MatchaGotcha,RagePowder,TrickRoom,Protect|Calm|||||50|]Gholdengo||LifeOrb|GoodasGold|MakeItRain,NastyPlot,Protect,ShadowBall|Timid|||||50|]Milotic||Leftovers|Competitive|Scald,Recover,Protect,IceBeam|Modest||M|||50|
|showteam|p2|Raichu||RaichuniteY|LightningRod|ZapCannon,FocusBlast,FakeOut,Protect|Timid||M|||50|]Mamoswine||LifeOrb|Oblivious|HighHorsepower,IcicleCrash,IceShard,Protect|Adamant||M|||50|]Sinistcha||ColburBerry|Hospitality|MatchaGotcha,RagePowder,TrickRoom,Protect|Relaxed|||||50|]Sylveon||FairyFeather|Pixilate|HyperVoice,HyperBeam,CalmMind,Detect|Modest||F|||50|]Arcanine-Hisui||FocusSash|Intimidate|FlareBlitz,RockSlide,ExtremeSpeed,Protect|Adamant||M|||50|]Meowscarada||ChoiceScarf|Protean|FlowerTrick,KnockOff,TripleAxel,LowKick|Jolly||F|||50|
|inactive|Battle timer is ON: inactive players will automatically lose when time's up. (requested by Doomnik)
|inactive|s!dd_1 also wants the timer to be on.
|inactive|Doomnik has 60 seconds left.
|inactive|s!dd_1 has 60 seconds left.
|inactive|s!dd_1 has 30 seconds left.
|
|t:|1784753009
|teamsize|p1|4
|teamsize|p2|4
|start
|switch|p1a: Staraptor|Staraptor, L50, F|100/100
|switch|p1b: Excadrill|Excadrill, L50, F|100/100
|switch|p2a: Grabbitz|Raichu, L50, M|100/100
|switch|p2b: The Score|Meowscarada, L50, F|100/100
|-ability|p1a: Staraptor|Intimidate|boost
|-unboost|p2a: Grabbitz|atk|1
|-unboost|p2b: The Score|atk|1
|turn|1
|inactive|s!dd_1 has 30 seconds left.
|inactive|Doomnik has 30 seconds left.
|inactive|s!dd_1 has 20 seconds left.
|inactive|s!dd_1 has 15 seconds left.
|inactive|s!dd_1 has 10 seconds left.
|
|t:|1784753063
|switch|p1a: Tyranitar|Tyranitar, L50, F|100/100
|-weather|Sandstorm|[from] ability: Sand Stream|[of] p1a: Tyranitar
|detailschange|p2a: Grabbitz|Raichu-Mega-Y, L50, M
|-mega|p2a: Grabbitz|Raichu|Raichunite Y
|move|p2b: The Score|Flower Trick|p1b: Excadrill
|-start|p2b: The Score|typechange|Grass|[from] ability: Protean
|-crit|p1b: Excadrill
|-damage|p1b: Excadrill|36/100
|move|p1b: Excadrill|High Horsepower|p2a: Grabbitz
|-supereffective|p2a: Grabbitz|1
|-damage|p2a: Grabbitz|0 fnt
|faint|p2a: Grabbitz
|
|-weather|Sandstorm|[upkeep]
|-damage|p2b: The Score|94/100|[from] Sandstorm
|upkeep
|
|t:|1784753067
|switch|p2a: Panic!|Mamoswine, L50, M|100/100
|turn|2
|inactive|Doomnik has 30 seconds left.
|inactive|Doomnik has 20 seconds left.
|
|t:|1784753105
|switch|p1b: Staraptor|Staraptor, L50, F|100/100
|-ability|p1b: Staraptor|Intimidate|boost
|-fail|p2a: Panic!|unboost|Attack|[from] ability: Oblivious|[of] p2a: Panic!
|-unboost|p2b: The Score|atk|1
|move|p2a: Panic!|Protect|p2a: Panic!
|-singleturn|p2a: Panic!|Protect
|move|p2b: The Score|Flower Trick|p1a: Tyranitar
|-supereffective|p1a: Tyranitar|1
|-crit|p1a: Tyranitar
|-damage|p1a: Tyranitar|18/100
|move|p1a: Tyranitar|Knock Off|p2b: The Score
|-damage|p2b: The Score|15/100
|-enditem|p2b: The Score|Choice Scarf|[from] move: Knock Off|[of] p1a: Tyranitar
|
|-weather|Sandstorm|[upkeep]
|-damage|p2b: The Score|9/100|[from] Sandstorm
|-damage|p1b: Staraptor|94/100|[from] Sandstorm
|upkeep
|turn|3
|inactive|Doomnik has 30 seconds left.
|
|t:|1784753133
|switch|p2a: Kenshi|Sinistcha, L50|100/100
|-heal|p2b: The Score|34/100|[from] ability: Hospitality|[of] p2a: Kenshi
|switch|p1a: Sinistcha|Sinistcha, L50|100/100
|-heal|p1b: Staraptor|100/100|[from] ability: Hospitality|[of] p1a: Sinistcha
|detailschange|p1b: Staraptor|Staraptor-Mega, L50, F
|-mega|p1b: Staraptor|Staraptor|Staraptite
|move|p2b: The Score|Flower Trick|p1a: Sinistcha
|-resisted|p1a: Sinistcha|1
|-crit|p1a: Sinistcha
|-damage|p1a: Sinistcha|79/100
|move|p1b: Staraptor|Close Combat|p2a: Kenshi
|-immune|p2a: Kenshi
|
|-weather|Sandstorm|[upkeep]
|-damage|p2b: The Score|28/100|[from] Sandstorm
|-damage|p1b: Staraptor|94/100|[from] Sandstorm
|-damage|p1a: Sinistcha|73/100|[from] Sandstorm
|-damage|p2a: Kenshi|93/100|[from] Sandstorm
|upkeep
|turn|4
|inactive|Doomnik has 30 seconds left.
|
|t:|1784753165
|move|p1b: Staraptor|Protect|p1b: Staraptor
|-singleturn|p1b: Staraptor|Protect
|move|p2b: The Score|Flower Trick|p1b: Staraptor
|-activate|p1b: Staraptor|move: Protect
|move|p1a: Sinistcha|Matcha Gotcha|p2b: The Score|[spread] p2b
|-miss|p1a: Sinistcha|p2a: Kenshi
|-resisted|p2b: The Score|1
|-damage|p2b: The Score|11/100
|-heal|p1a: Sinistcha|81/100|[from] drain|[of] p2b: The Score
|move|p2a: Kenshi|Trick Room|p2a: Kenshi
|-fieldstart|move: Trick Room|[of] p2a: Kenshi
|
|-weather|Sandstorm|[upkeep]
|-damage|p2a: Kenshi|87/100|[from] Sandstorm
|-damage|p1a: Sinistcha|75/100|[from] Sandstorm
|-damage|p1b: Staraptor|88/100|[from] Sandstorm
|-damage|p2b: The Score|5/100|[from] Sandstorm
|upkeep
|turn|5
|
|t:|1784753177
|move|p2a: Kenshi|Protect|p2a: Kenshi
|-singleturn|p2a: Kenshi|Protect
|move|p1a: Sinistcha|Matcha Gotcha|p2b: The Score|[spread] p2b
|-activate|p2a: Kenshi|move: Protect
|-resisted|p2b: The Score|1
|-damage|p2b: The Score|0 fnt
|-heal|p1a: Sinistcha|77/100|[from] drain|[of] p2b: The Score
|faint|p2b: The Score
|move|p1b: Staraptor|Dual Wingbeat|p2a: Kenshi
|-activate|p2a: Kenshi|move: Protect
|
|-weather|none
|upkeep
|
|t:|1784753181
|switch|p2b: Panic!|Mamoswine, L50, M|100/100
|turn|6
|inactive|Doomnik has 30 seconds left.
|inactive|Doomnik has 20 seconds left.
|
|t:|1784753216
|move|p1b: Staraptor|Protect|p1b: Staraptor
|-singleturn|p1b: Staraptor|Protect
|move|p2a: Kenshi|Rage Powder|p2a: Kenshi
|-singleturn|p2a: Kenshi|move: Rage Powder
|move|p1a: Sinistcha|Matcha Gotcha|p2a: Kenshi|[spread] p2a,p2b
|-resisted|p2a: Kenshi|1
|-supereffective|p2b: Panic!|1
|-damage|p2a: Kenshi|75/100
|-heal|p1a: Sinistcha|83/100|[from] drain|[of] p2a: Kenshi
|-damage|p2b: Panic!|32/100
|-heal|p1a: Sinistcha|100/100|[from] drain|[of] p2b: Panic!
|move|p2b: Panic!|Icicle Crash|p1a: Sinistcha
|-supereffective|p1a: Sinistcha|1
|-damage|p1a: Sinistcha|0 fnt
|faint|p1a: Sinistcha
|-damage|p2b: Panic!|22/100|[from] item: Life Orb
|
|upkeep
|
|t:|1784753239
|switch|p1a: Tyranitar|Tyranitar, L50, F|18/100
|-weather|Sandstorm|[from] ability: Sand Stream|[of] p1a: Tyranitar
|turn|7
|
|t:|1784753251
|move|p2a: Kenshi|Matcha Gotcha|p1b: Staraptor|[spread] p1a
|-miss|p2a: Kenshi|p1b: Staraptor
|-supereffective|p1a: Tyranitar|1
|-damage|p1a: Tyranitar|0 fnt
|-heal|p2a: Kenshi|85/100|[from] drain|[of] p1a: Tyranitar
|faint|p1a: Tyranitar
|move|p2b: Panic!|Icicle Crash|p1b: Staraptor
|-supereffective|p1b: Staraptor|1
|-damage|p1b: Staraptor|0 fnt
|faint|p1b: Staraptor
|-damage|p2b: Panic!|13/100|[from] item: Life Orb
|
|-weather|Sandstorm|[upkeep]
|-damage|p2a: Kenshi|79/100|[from] Sandstorm
|upkeep
|
|t:|1784753256
|switch|p1b: Excadrill|Excadrill, L50, F|36/100
|turn|8
|
|t:|1784753266
|move|p1b: Excadrill|Protect|p1b: Excadrill
|-singleturn|p1b: Excadrill|Protect
|move|p2b: Panic!|Ice Shard|p1b: Excadrill
|-activate|p1b: Excadrill|move: Protect
|move|p2a: Kenshi|Matcha Gotcha|p1b: Excadrill
|-activate|p1b: Excadrill|move: Protect
|
|-weather|Sandstorm|[upkeep]
|-damage|p2a: Kenshi|73/100|[from] Sandstorm
|-fieldend|move: Trick Room
|upkeep
|turn|9
|
|t:|1784753290
|move|p2b: Panic!|Ice Shard|p1b: Excadrill
|-damage|p1b: Excadrill|0 fnt
|faint|p1b: Excadrill
|-damage|p2b: Panic!|3/100|[from] item: Life Orb
|
|win|s!dd_1
|raw|Doomnik's rating: 1312 → 1305(-7 for losing)
|raw|s!dd_1's rating: 1594 → 1601(+7 for winning)
