|j|☆lukashz
|j|☆QueerCrocodile
|html|lukashzQueerCrocodile    
|uhtml|bestof|Game 1 of a best-of-3
|t:|1783320408
|gametype|doubles
|player|p1|lukashz|elesa|1345
|player|p2|QueerCrocodile|cynthia-gen4|1453
|gen|9
|tier|[Gen 9 Champions] VGC 2026 Reg M-B (Bo3)
|rated|
|rule|Species Clause: Limit one of each Pokémon
|rule|Item Clause: Limit 1 of each item
|clearpoke
|poke|p1|Chandelure, L50, F|
|poke|p1|Kangaskhan, L50, F|
|poke|p1|Wyrdeer, L50, F|
|poke|p1|Sylveon, L50, M|
|poke|p1|Kingambit, L50, F|
|poke|p1|Sneasler, L50, F|
|poke|p2|Charizard, L50, F|
|poke|p2|Whimsicott, L50, M, shiny|
|poke|p2|Garchomp, L50, F, shiny|
|poke|p2|Basculegion, L50, M|
|poke|p2|Sylveon, L50, M, shiny|
|poke|p2|Hydreigon, L50, M, shiny|
|teampreview|4
|showteam|p1|Chandelure||FocusSash|FlashFire|HeatWave,ShadowBall,TrickRoom,Taunt|Quiet||F|||50|]Kangaskhan||Kangaskhanite|InnerFocus|FakeOut,DoubleEdge,SuckerPunch,HammerArm|Brave||F|||50|]Wyrdeer||SitrusBerry|Intimidate|TrickRoom,HelpingHand,Thunderbolt,EnergyBall|Quiet||F|||50|]Sylveon||FairyFeather|Pixilate|HyperVoice,Protect,HyperBeam,QuickAttack|Quiet||M|||50|]Kingambit||BlackGlasses|Defiant|KowtowCleave,SuckerPunch,IronHead,Protect|Brave||F|||50|]Sneasler||WhiteHerb|Unburden|FakeOut,Coaching,CloseCombat,DireClaw|Jolly||F|||50|
|showteam|p2|Charizard||CharizarditeY|Blaze|HeatWave,WeatherBall,SolarBeam,Protect|Modest||F|||50|]Whimsicott||FocusSash|Prankster|Moonblast,Tailwind,Encore,Protect|Timid||M|||50|]Garchomp||LifeOrb|RoughSkin|DragonClaw,RockSlide,Earthquake,Protect|Jolly||F|||50|]Basculegion||SitrusBerry|Adaptability|WaveCrash,LastRespects,AquaJet,Protect|Jolly||M|||50|]Sylveon||FairyFeather|Pixilate|HyperVoice,HyperBeam,QuickAttack,Protect|Modest||M|||50|]Hydreigon||ChoiceScarf|Levitate|DarkPulse,Snarl,EarthPower,DracoMeteor|Modest||M|||50|
|inactive|Battle timer is ON: inactive players will automatically lose when time's up. (requested by QueerCrocodile)
|inactive|lukashz has 60 seconds left.
|inactive|lukashz has 30 seconds left.
|inactive|lukashz has 20 seconds left.
|inactive|lukashz has 15 seconds left.
|inactive|lukashz has 10 seconds left.
|
|t:|1783320491
|teamsize|p1|4
|teamsize|p2|4
|start
|switch|p1a: Kangaskhan|Kangaskhan, L50, F|100/100
|switch|p1b: Chandelure|Chandelure, L50, F|100/100
|switch|p2a: Basculegion|Basculegion, L50, M|100/100
|switch|p2b: Hydreigon|Hydreigon, L50, M, shiny|100/100
|turn|1
|
|t:|1783320507
|move|p1a: Kangaskhan|Fake Out|p2b: Hydreigon
|-damage|p2b: Hydreigon|80/100
|cant|p2b: Hydreigon|flinch
|move|p2a: Basculegion|Wave Crash|p1a: Kangaskhan
|-damage|p1a: Kangaskhan|30/100
|-damage|p2a: Basculegion|75/100|[from] Recoil
|move|p1b: Chandelure|Trick Room|p1b: Chandelure
|-fieldstart|move: Trick Room|[of] p1b: Chandelure
|
|upkeep
|turn|2
|
|t:|1783320521
|switch|p2b: Sylveon|Sylveon, L50, M, shiny|100/100
|detailschange|p1a: Kangaskhan|Kangaskhan-Mega, L50, F
|-mega|p1a: Kangaskhan|Kangaskhan|Kangaskhanite
|move|p2a: Basculegion|Protect|p2a: Basculegion
|-singleturn|p2a: Basculegion|Protect
|move|p1b: Chandelure|Shadow Ball|p2a: Basculegion
|-activate|p2a: Basculegion|move: Protect
|move|p1a: Kangaskhan|Double-Edge|p2b: Sylveon
|-damage|p2b: Sylveon|33/100
|-damage|p2b: Sylveon|16/100
|-hitcount|p2b: Sylveon|2
|-damage|p1a: Kangaskhan|4/100|[from] Recoil
|
|upkeep
|turn|3
|
|t:|1783320541
|move|p2b: Sylveon|Quick Attack|p1a: Kangaskhan
|-damage|p1a: Kangaskhan|0 fnt
|faint|p1a: Kangaskhan
|move|p2a: Basculegion|Aqua Jet|p1b: Chandelure
|-supereffective|p1b: Chandelure|1
|-damage|p1b: Chandelure|42/100
|move|p1b: Chandelure|Heat Wave|p2b: Sylveon|[spread] p2a,p2b
|-resisted|p2a: Basculegion|1
|-damage|p2a: Basculegion|49/100
|-damage|p2b: Sylveon|0 fnt
|-enditem|p2a: Basculegion|Sitrus Berry|[eat]
|-heal|p2a: Basculegion|74/100|[from] item: Sitrus Berry
|faint|p2b: Sylveon
|
|upkeep
|
|t:|1783320554
|switch|p2b: Hydreigon|Hydreigon, L50, M, shiny|80/100
|switch|p1a: Kingambit|Kingambit, L50, F|100/100
|turn|4
|
|t:|1783320563
|switch|p1b: Sylveon|Sylveon, L50, M|100/100
|move|p2a: Basculegion|Protect|p2a: Basculegion
|-singleturn|p2a: Basculegion|Protect
|move|p1a: Kingambit|Kowtow Cleave|p2a: Basculegion
|-activate|p2a: Basculegion|move: Protect
|move|p2b: Hydreigon|Dark Pulse|p1b: Sylveon
|-resisted|p1b: Sylveon|1
|-damage|p1b: Sylveon|85/100
|
|upkeep
|turn|5
|
|t:|1783320569
|switch|p2b: Charizard|Charizard, L50, F|100/100
|move|p2a: Basculegion|Aqua Jet|p1a: Kingambit
|-damage|p1a: Kingambit|81/100
|move|p1a: Kingambit|Kowtow Cleave|p2a: Basculegion
|-supereffective|p2a: Basculegion|1
|-damage|p2a: Basculegion|0 fnt
|faint|p2a: Basculegion
|move|p1b: Sylveon|Hyper Voice|p2b: Charizard
|-resisted|p2b: Charizard|1
|-damage|p2b: Charizard|66/100
|
|-fieldend|move: Trick Room
|upkeep
|
|t:|1783320574
|switch|p2a: Hydreigon|Hydreigon, L50, M, shiny|80/100
|turn|6
|
|t:|1783320594
|detailschange|p2b: Charizard|Charizard-Mega-Y, L50, F
|-mega|p2b: Charizard|Charizard|Charizardite Y
|-weather|SunnyDay|[from] ability: Drought|[of] p2b: Charizard
|move|p1b: Sylveon|Quick Attack|p2a: Hydreigon
|-supereffective|p2a: Hydreigon|2
|-damage|p2a: Hydreigon|16/100
|move|p1a: Kingambit|Sucker Punch|p2a: Hydreigon
|-resisted|p2a: Hydreigon|1
|-damage|p2a: Hydreigon|0 fnt
|faint|p2a: Hydreigon
|move|p2b: Charizard|Heat Wave|p1b: Sylveon|[spread] p1a,p1b
|-supereffective|p1a: Kingambit|1
|-damage|p1a: Kingambit|0 fnt
|-damage|p1b: Sylveon|39/100
|faint|p1a: Kingambit
|
|-weather|SunnyDay|[upkeep]
|upkeep
|
|t:|1783320604
|switch|p1a: Chandelure|Chandelure, L50, F|42/100
|turn|7
|-message|QueerCrocodile forfeited.
|
|win|lukashz
|l|☆QueerCrocodile
|player|p2|
||QueerCrocodile is ready for game 2.
||lukashz is ready for game 2.
|uhtml|next|Next: Game 2 of 3
