|j|☆fili53
|j|☆lox1sm
|html|fili53lox1sm    
|uhtml|bestof|Game 1 of a best-of-3
|t:|1783720997
|gametype|doubles
|player|p1|fili53|cress|1255
|player|p2|lox1sm|veteran|1251
|gen|9
|tier|[Gen 9 Champions] VGC 2026 Reg M-B (Bo3)
|rated|
|rule|Species Clause: Limit one of each Pokémon
|rule|Item Clause: Limit 1 of each item
|clearpoke
|poke|p1|Delphox, L50, M|
|poke|p1|Incineroar, L50, M|
|poke|p1|Sinistcha, L50|
|poke|p1|Maushold, L50|
|poke|p1|Blastoise, L50, M|
|poke|p1|Sneasler, L50, M|
|poke|p2|Charizard, L50, M|
|poke|p2|Aerodactyl, L50, F|
|poke|p2|Garchomp, L50, M|
|poke|p2|Kingambit, L50, M|
|poke|p2|Farigiraf, L50, M|
|poke|p2|Primarina, L50, F|
|teampreview|4
|showteam|p1|Delphox||Delphoxite|Blaze|Protect,NastyPlot,HeatWave,Psyshock|Timid||M|||50|]Incineroar||PasshoBerry|Intimidate|FlareBlitz,FakeOut,DarkestLariat,PartingShot|Impish||M|||50|]Sinistcha||KasibBerry|Hospitality|Protect,MatchaGotcha,RagePowder,ShadowBall|Bold|||||50|]Maushold||ChopleBerry|FriendGuard|Protect,HelpingHand,FollowMe,Feint|Impish|||||50|]Blastoise||Blastoisinite|RainDish|Protect,ShellSmash,WaterSpout,DarkPulse|Modest||M|||50|]Sneasler||FocusSash|PoisonTouch|QuickGuard,FakeOut,PoisonJab,CloseCombat|Jolly||M|||50|
|showteam|p2|Charizard||CharizarditeY|Blaze|HeatWave,WeatherBall,SolarBeam,Protect|Modest||M|||50|]Aerodactyl||Aerodactylite|Unnerve|RockSlide,IceFang,Tailwind,Protect|Jolly||F|||50|]Garchomp||LifeOrb|RoughSkin|DragonClaw,Earthquake,RockSlide,Protect|Jolly||M|||50|]Kingambit||FocusSash|Defiant|KowtowCleave,SuckerPunch,IronHead,LowKick|Adamant||M|||50|]Farigiraf||ExpertBelt|ArmorTail|Psychic,DazzlingGleam,Thunderbolt,TrickRoom|Modest||M|||50|]Primarina||MysticWater|LiquidVoice|HyperVoice,Moonblast,Haze,Protect|Modest||F|||50|
|inactive|Battle timer is ON: inactive players will automatically lose when time's up. (requested by lox1sm)
|inactive|fili53 has 60 seconds left.
|inactive|lox1sm has 60 seconds left.
|inactive|lox1sm has 30 seconds left.
|inactive|lox1sm has 20 seconds left.
|inactive|lox1sm has 15 seconds left.
|inactive|lox1sm has 10 seconds left.
|
|t:|1783721093
|teamsize|p1|4
|teamsize|p2|4
|start
|switch|p1a: Delphox|Delphox, L50, M|100/100
|switch|p1b: Sneasler|Sneasler, L50, M|100/100
|switch|p2a: Aerodactyl|Aerodactyl, L50, F|100/100
|switch|p2b: Charizard|Charizard, L50, M|100/100
|-ability|p2a: Aerodactyl|Unnerve
|turn|1
|inactive|fili53 has 30 seconds left.
|inactive|lox1sm has 30 seconds left.
|inactive|fili53 has 20 seconds left.
|inactive|lox1sm has 20 seconds left.
|inactive|fili53 has 15 seconds left.
|inactive|lox1sm has 15 seconds left.
|inactive|fili53 has 10 seconds left.
|inactive|lox1sm has 10 seconds left.
|
|t:|1783721143
|switch|p1b: Maushold|Maushold, L50|100/100
|detailschange|p1a: Delphox|Delphox-Mega, L50, M
|-mega|p1a: Delphox|Delphox|Delphoxite
|move|p2a: Aerodactyl|Tailwind|p2a: Aerodactyl
|-sidestart|p2: lox1sm|move: Tailwind
|move|p2b: Charizard|Heat Wave|p1b: Maushold|[spread] p1a,p1b
|-resisted|p1a: Delphox|1
|-damage|p1a: Delphox|90/100
|-damage|p1b: Maushold|67/100
|move|p1a: Delphox|Nasty Plot|p1a: Delphox
|-boost|p1a: Delphox|spa|2
|
|upkeep
|turn|2
|inactive|lox1sm has 30 seconds left.
|inactive|lox1sm has 20 seconds left.
|
|t:|1783721180
|detailschange|p2a: Aerodactyl|Aerodactyl-Mega, L50, F
|-mega|p2a: Aerodactyl|Aerodactyl|Aerodactylite
|move|p1b: Maushold|Protect|p1b: Maushold
|-singleturn|p1b: Maushold|Protect
|move|p2a: Aerodactyl|Rock Slide|p1a: Delphox|[spread] p1a
|-activate|p1b: Maushold|move: Protect
|-supereffective|p1a: Delphox|1
|-damage|p1a: Delphox|36/100
|move|p2b: Charizard|Heat Wave|p1a: Delphox|[spread] p1a
|-activate|p1b: Maushold|move: Protect
|-resisted|p1a: Delphox|1
|-damage|p1a: Delphox|27/100
|cant|p1a: Delphox|flinch
|
|upkeep
|turn|3
|inactive|fili53 has 30 seconds left.
|inactive|lox1sm has 30 seconds left.
|inactive|lox1sm has 20 seconds left.
|inactive|lox1sm has 15 seconds left.
|inactive|lox1sm has 10 seconds left.
|
|t:|1783721229
|switch|p1b: Sneasler|Sneasler, L50, M|100/100
|move|p1a: Delphox|Protect|p1a: Delphox
|-singleturn|p1a: Delphox|Protect
|move|p2a: Aerodactyl|Rock Slide|p1b: Sneasler|[spread] p1b
|-activate|p1a: Delphox|move: Protect
|-resisted|p1b: Sneasler|1
|-damage|p1b: Sneasler|78/100
|move|p2b: Charizard|Heat Wave|p1a: Delphox|[spread] p1b
|-activate|p1a: Delphox|move: Protect
|-damage|p1b: Sneasler|38/100
|
|upkeep
|turn|4
|inactive|lox1sm has 30 seconds left.
|
|t:|1783721259
|switch|p1b: Sinistcha|Sinistcha, L50|100/100
|-heal|p1a: Delphox|51/100|[from] ability: Hospitality|[of] p1b: Sinistcha
|move|p2a: Aerodactyl|Protect|p2a: Aerodactyl
|-singleturn|p2a: Aerodactyl|Protect
|move|p2b: Charizard|Heat Wave|p1a: Delphox|[spread] p1a,p1b
|-resisted|p1a: Delphox|1
|-supereffective|p1b: Sinistcha|1
|-damage|p1a: Delphox|38/100
|-damage|p1b: Sinistcha|48/100
|move|p1a: Delphox|Psyshock|p2b: Charizard
|-damage|p2b: Charizard|7/100
|
|-sideend|p2: lox1sm|move: Tailwind
|upkeep
|turn|5
|inactive|fili53 has 30 seconds left.
|
|t:|1783721287
|switch|p1b: Sneasler|Sneasler, L50, M|38/100
|move|p1a: Delphox|Protect|p1a: Delphox
|-singleturn|p1a: Delphox|Protect
|move|p2a: Aerodactyl|Rock Slide|p1a: Delphox|[spread] p1b
|-activate|p1a: Delphox|move: Protect
|-resisted|p1b: Sneasler|1
|-damage|p1b: Sneasler|14/100
|move|p2b: Charizard|Heat Wave|p1a: Delphox|[spread] p1b
|-activate|p1a: Delphox|move: Protect
|-damage|p1b: Sneasler|0 fnt
|faint|p1b: Sneasler
|
|upkeep
|
|t:|1783721289
|switch|p1b: Sinistcha|Sinistcha, L50|48/100
|-heal|p1a: Delphox|62/100|[from] ability: Hospitality|[of] p1b: Sinistcha
|turn|6
|
|t:|1783721311
|switch|p1b: Maushold|Maushold, L50|67/100
|move|p2a: Aerodactyl|Tailwind|p2a: Aerodactyl
|-sidestart|p2: lox1sm|move: Tailwind
|move|p2b: Charizard|Heat Wave|p1a: Delphox|[spread] p1a,p1b
|-resisted|p1a: Delphox|1
|-crit|p1b: Maushold
|-damage|p1a: Delphox|48/100
|-damage|p1b: Maushold|0 fnt
|faint|p1b: Maushold
|move|p1a: Delphox|Psyshock|p2a: Aerodactyl
|-damage|p2a: Aerodactyl|3/100
|
|upkeep
|
|t:|1783721318
|switch|p1b: Sinistcha|Sinistcha, L50|48/100
|-heal|p1a: Delphox|73/100|[from] ability: Hospitality|[of] p1b: Sinistcha
|turn|7
|inactive|fili53 has 30 seconds left.
|inactive|lox1sm has 30 seconds left.
|inactive|fili53 has 20 seconds left.
|inactive|fili53 has 15 seconds left.
|
|t:|1783721359
|move|p1b: Sinistcha|Protect|p1b: Sinistcha
|-singleturn|p1b: Sinistcha|Protect
|move|p2a: Aerodactyl|Rock Slide|p1b: Sinistcha|[spread] p1a
|-activate|p1b: Sinistcha|move: Protect
|-supereffective|p1a: Delphox|1
|-damage|p1a: Delphox|5/100
|move|p2b: Charizard|Heat Wave|p1b: Sinistcha|[spread] p1a
|-activate|p1b: Sinistcha|move: Protect
|-resisted|p1a: Delphox|1
|-damage|p1a: Delphox|0 fnt
|faint|p1a: Delphox
|
|upkeep
|turn|8
|-message|fili53 forfeited.
|
|win|lox1sm
|l|☆fili53
|player|p1|
||fili53 is ready for game 2.
||lox1sm is ready for game 2.
|uhtml|next|Next: Game 2 of 3
