|j|☆That_Leek
|j|☆Recadeco
|html|That_LeekRecadeco    
|uhtml|bestof|Game 2 of a best-of-3
|t:|1755583786
|gametype|doubles
|player|p1|That_Leek|blue-masters|1291
|player|p2|Recadeco|lucas|1237
|gen|9
|tier|[Gen 9] VGC 2025 Reg H (Bo3)
|rated|
|rule|Species Clause: Limit one of each Pokémon
|rule|Item Clause: Limit 1 of each item
|clearpoke
|poke|p1|Incineroar, L50, F|
|poke|p1|Gholdengo, L50|
|poke|p1|Dragonite, L50, M|
|poke|p1|Amoonguss, L50, F|
|poke|p1|Ursaluna-Bloodmoon, L50, M|
|poke|p1|Gallade, L50, M|
|poke|p2|Kingambit, L50, M|
|poke|p2|Maushold-Four, L50|
|poke|p2|Talonflame, L50, M|
|poke|p2|Primarina, L50, F|
|poke|p2|Rillaboom, L50, F|
|poke|p2|Gholdengo, L50|
|teampreview|4
|showteam|p1|Incineroar||SafetyGoggles|Intimidate|FakeOut,FlareBlitz,KnockOff,PartingShot|||F|||50|,,,,,Water]Gholdengo||LifeOrb|GoodasGold|MakeItRain,ShadowBall,NastyPlot,Protect||||||50|,,,,,Dragon]Dragonite||LoadedDice|Multiscale|Tailwind,StompingTantrum,ScaleShot,Protect|||M|||50|,,,,,Fairy]Amoonguss||SitrusBerry|Regenerator|PollenPuff,Spore,RagePowder,Protect|||F|||50|,,,,,Fairy]Ursaluna-Bloodmoon||AssaultVest|MindsEye|VacuumWave,BloodMoon,HyperVoice,EarthPower|||M|||50|,,,,,Ghost]Gallade||FocusSash|Sharpness|TrickRoom,SacredSword,WideGuard,PsychoCut|||M|||50|,,,,,Fairy
|showteam|p2|Kingambit||BlackGlasses|Defiant|KowtowCleave,SuckerPunch,SwordsDance,Protect|||M|||50|,,,,,Dark]Maushold-Four||SafetyGoggles|FriendGuard|SuperFang,HelpingHand,FollowMe,Taunt||||||50|,,,,,Ghost]Talonflame||CovertCloak|GaleWings|BraveBird,FlareBlitz,WillOWisp,Tailwind|||M|||50|,,,,,Stellar]Primarina||LifeOrb|LiquidVoice|HyperVoice,Moonblast,Haze,Protect|||F|||50|,,,,,Poison]Rillaboom||AssaultVest|GrassySurge|WoodHammer,HighHorsepower,Uturn,FakeOut|||F|||50|,,,,,Fire]Gholdengo||ChoiceSpecs|GoodasGold|MakeItRain,ShadowBall,Thunderbolt,Trick||||||50|,,,,,Steel
|inactive|Battle timer is ON: inactive players will automatically lose when time's up. (requested by Recadeco)
|inactive|Recadeco has 60 seconds left.
|
|t:|1755583821
|teamsize|p1|4
|teamsize|p2|4
|start
|switch|p1a: Dragonite|Dragonite, L50, M|100/100
|switch|p1b: Gallade|Gallade, L50, M|100/100
|switch|p2a: Ariel|Primarina, L50, F|100/100
|switch|p2b: Tom y Jerry|Maushold-Four, L50|100/100
|turn|1
|inactive|Recadeco has 30 seconds left.
|
|t:|1755583853
|switch|p2b: Shreder|Kingambit, L50, M, shiny|100/100
|move|p1b: Gallade|Sacred Sword|p2b: Shreder
|-supereffective|p2b: Shreder
|-damage|p2b: Shreder|0 fnt
|faint|p2b: Shreder
|move|p1a: Dragonite|Tailwind|p1a: Dragonite
|-sidestart|p1: That_Leek|move: Tailwind
|move|p2a: Ariel|Hyper Voice|p1a: Dragonite|[spread] p1a,p1b
|-resisted|p1a: Dragonite
|-crit|p1a: Dragonite
|-damage|p1a: Dragonite|83/100
|-damage|p1b: Gallade|49/100
|-damage|p2a: Ariel|90/100|[from] item: Life Orb
|
|upkeep
|inactive|Recadeco has 30 seconds left.
|inactive|Recadeco has 20 seconds left.
|inactive|Recadeco has 15 seconds left.
|inactive|Recadeco has 10 seconds left.
|
|t:|1755583902
|switch|p2b: Flying Gorilla|Rillaboom, L50, F|100/100
|-fieldstart|move: Grassy Terrain|[from] ability: Grassy Surge|[of] p2b: Flying Gorilla
|turn|2
|
|t:|1755583925
|move|p2b: Flying Gorilla|Fake Out|p1a: Dragonite
|-damage|p1a: Dragonite|67/100
|move|p1b: Gallade|Psycho Cut|p2a: Ariel
|-damage|p2a: Ariel|24/100
|cant|p1a: Dragonite|flinch
|move|p2a: Ariel|Moonblast|p1b: Gallade
|-supereffective|p1b: Gallade
|-damage|p1b: Gallade|0 fnt
|faint|p1b: Gallade
|-damage|p2a: Ariel|14/100|[from] item: Life Orb
|
|-heal|p2a: Ariel|20/100|[from] Grassy Terrain
|upkeep
|
|t:|1755583933
|switch|p1b: Ursaluna|Ursaluna-Bloodmoon, L50, M|100/100
|turn|3
|inactive|Recadeco has 30 seconds left.
|
|t:|1755583962
|switch|p2a: Tom y Jerry|Maushold-Four, L50|100/100
|-terastallize|p1b: Ursaluna|Ghost
|move|p1a: Dragonite|Scale Shot|p2b: Flying Gorilla
|-damage|p2b: Flying Gorilla|91/100
|-damage|p2b: Flying Gorilla|81/100
|-damage|p2b: Flying Gorilla|71/100
|-damage|p2b: Flying Gorilla|61/100
|-hitcount|p2b: Flying Gorilla|4
|-unboost|p1a: Dragonite|def|1
|-boost|p1a: Dragonite|spe|1
|move|p1b: Ursaluna|Hyper Voice|p2a: Tom y Jerry|[spread] p2a,p2b
|-damage|p2a: Tom y Jerry|52/100
|-damage|p2b: Flying Gorilla|38/100
|move|p2b: Flying Gorilla|Wood Hammer|p1b: Ursaluna
|-damage|p1b: Ursaluna|32/100
|-damage|p2b: Flying Gorilla|16/100|[from] Recoil
|
|-heal|p1b: Ursaluna|38/100|[from] Grassy Terrain
|-heal|p2a: Tom y Jerry|58/100|[from] Grassy Terrain
|-heal|p2b: Flying Gorilla|22/100|[from] Grassy Terrain
|upkeep
|turn|4
|inactive|That_Leek has 30 seconds left.
|inactive|Recadeco has 30 seconds left.
|inactive|Recadeco has 20 seconds left.
|inactive|Recadeco has 15 seconds left.
|inactive|Recadeco has 10 seconds left.
|inactive|Recadeco has 5 seconds left.
|
|t:|1755584017
|switch|p1b: Incineroar|Incineroar, L50, F|100/100
|-ability|p1b: Incineroar|Intimidate|boost
|-unboost|p2a: Tom y Jerry|atk|1
|-unboost|p2b: Flying Gorilla|atk|1
|switch|p2a: Ariel|Primarina, L50, F|20/100
|move|p1a: Dragonite|Protect|p1a: Dragonite
|-singleturn|p1a: Dragonite|Protect
|move|p2b: Flying Gorilla|Wood Hammer|p1b: Incineroar
|-resisted|p1b: Incineroar
|-damage|p1b: Incineroar|75/100
|-damage|p2b: Flying Gorilla|14/100|[from] Recoil
|
|-heal|p1b: Incineroar|81/100|[from] Grassy Terrain
|-heal|p2b: Flying Gorilla|20/100|[from] Grassy Terrain
|-heal|p2a: Ariel|26/100|[from] Grassy Terrain
|-sideend|p1: That_Leek|move: Tailwind
|upkeep
|turn|5
|
|t:|1755584040
|switch|p2b: Tom y Jerry|Maushold-Four, L50|58/100
|move|p1b: Incineroar|Fake Out|p2a: Ariel
|-damage|p2a: Ariel|15/100
|move|p1a: Dragonite|Scale Shot|p2b: Tom y Jerry
|-damage|p2b: Tom y Jerry|40/100
|-damage|p2b: Tom y Jerry|21/100
|-damage|p2b: Tom y Jerry|3/100
|-damage|p2b: Tom y Jerry|0 fnt
|faint|p2b: Tom y Jerry
|-hitcount|p2: Tom y Jerry|4
|-unboost|p1a: Dragonite|def|1
|-boost|p1a: Dragonite|spe|1
|cant|p2a: Ariel|flinch
|
|-heal|p2a: Ariel|22/100|[from] Grassy Terrain
|-heal|p1b: Incineroar|87/100|[from] Grassy Terrain
|upkeep
|
|t:|1755584048
|switch|p2b: Flying Gorilla|Rillaboom, L50, F|20/100
|turn|6
|
|t:|1755584060
|move|p1a: Dragonite|Protect|p1a: Dragonite
|-singleturn|p1a: Dragonite|Protect
|move|p2b: Flying Gorilla|Fake Out|p1b: Incineroar
|-damage|p1b: Incineroar|73/100
|move|p2a: Ariel|Hyper Voice|p1a: Dragonite|[spread] p1b
|-activate|p1a: Dragonite|move: Protect
|-supereffective|p1b: Incineroar
|-damage|p1b: Incineroar|0 fnt
|faint|p1b: Incineroar
|-damage|p2a: Ariel|12/100|[from] item: Life Orb
|
|-heal|p2b: Flying Gorilla|26/100|[from] Grassy Terrain
|-heal|p2a: Ariel|18/100|[from] Grassy Terrain
|-fieldend|move: Grassy Terrain
|upkeep
|
|t:|1755584064
|switch|p1b: Ursaluna|Ursaluna-Bloodmoon, L50, M, tera:Ghost|38/100
|turn|7
|
|t:|1755584071
|move|p1a: Dragonite|Tailwind|p1a: Dragonite
|-sidestart|p1: That_Leek|move: Tailwind
|move|p1b: Ursaluna|Hyper Voice|p2a: Ariel|[spread] p2a,p2b
|-damage|p2a: Ariel|0 fnt
|-damage|p2b: Flying Gorilla|0 fnt
|faint|p2a: Ariel
|faint|p2b: Flying Gorilla
|
|win|That_Leek
|raw|That_Leek's rating: 1291 → 1312(+21 for winning)
|raw|Recadeco's rating: 1237 → 1216(-21 for losing)
