|j|☆is_katabo
|j|☆11DiamondsaurVGC
|html|is_katabo11DiamondsaurVGC    
|uhtml|bestof|Game 1 of a best-of-3
|t:|1757807537
|gametype|doubles
|player|p1|is_katabo|169|
|player|p2|11DiamondsaurVGC|skier|
|gen|9
|tier|[Gen 9] VGC 2025 Reg H (Bo3)
|rule|Species Clause: Limit one of each Pokémon
|rule|Item Clause: Limit 1 of each item
|clearpoke
|poke|p1|Incineroar, L50, F|
|poke|p1|Sneasler, L50, F|
|poke|p1|Amoonguss, L50, F|
|poke|p1|Pelipper, L50, M|
|poke|p1|Archaludon, L50, M|
|poke|p1|Dragonite, L50, F|
|poke|p2|Dondozo, L50, M|
|poke|p2|Tatsugiri, L50, F|
|poke|p2|Indeedee, L50, M|
|poke|p2|Dragapult, L50, F|
|poke|p2|Ribombee, L50, M|
|poke|p2|Gholdengo, L50|
|teampreview|4
|showteam|p1|Incineroar||SafetyGoggles|Intimidate|FakeOut,KnockOff,FlareBlitz,PartingShot|||F|||50|,,,,,Ghost]Sneasler||WhiteHerb|Unburden|DireClaw,CloseCombat,ThroatChop,Protect|||F|||50|,,,,,Stellar]Amoonguss||SitrusBerry|Regenerator|PollenPuff,RagePowder,Spore,Protect|||F|||50|,,,,,Psychic]Pelipper||FocusSash|Drizzle|WeatherBall,Hurricane,Tailwind,Protect|||M|||50|,,,,,Ghost]Archaludon||AssaultVest|Stamina|ElectroShot,FlashCannon,DracoMeteor,BodyPress|||M|||50|,,,,,Bug]Dragonite||LoadedDice|Multiscale|ScaleShot,Tailwind,Haze,Protect|||F|||50|,,,,,Steel
|showteam|p2|Dondozo||Leftovers|Unaware|WaveCrash,Earthquake,OrderUp,Protect|||M|||50|,,,,,Grass]Tatsugiri||ChoiceScarf|Commander|MuddyWater,DracoMeteor,DragonPulse,TeraBlast|||F|||50|,,,,,Fairy]Indeedee||FocusSash|PsychicSurge|ExpandingForce,TeraBlast,HyperVoice,Protect|||M|||50|,,,,,Fighting]Dragapult||ChoiceBand|ClearBody|DragonDarts,Outrage,PhantomForce,Uturn|||F|||50|,,,,,Dragon]Ribombee||ChoiceSpecs|ShieldDust|Moonblast,PollenPuff,DazzlingGleam,TeraBlast|||M|||50|,,,,,Ground]Gholdengo||LifeOrb|GoodasGold|MakeItRain,ShadowBall,Thunderbolt,Protect||||||50|,,,,,Water
|inactive|Battle timer is ON: inactive players will automatically lose when time's up. (requested by 11DiamondsaurVGC)
|inactive|11DiamondsaurVGC has 60 seconds left.
|
|t:|1757807573
|teamsize|p1|4
|teamsize|p2|4
|start
|switch|p1a: Supernova|Dragonite, L50, F|100/100
|switch|p1b: Immaterial|Amoonguss, L50, F, shiny|100/100
|switch|p2a: ilaunchmybro|Dragapult, L50, F|100/100
|switch|p2b: Main Character|Ribombee, L50, M|100/100
|turn|1
|
|t:|1757807598
|switch|p2a: Big Back|Dondozo, L50, M|100/100
|-terastallize|p1a: Supernova|Steel
|move|p2b: Main Character|Dazzling Gleam|p1a: Supernova|[spread] p1a,p1b
|-resisted|p1a: Supernova
|-resisted|p1b: Immaterial
|-damage|p1a: Supernova|90/100
|-damage|p1b: Immaterial|83/100
|move|p1a: Supernova|Scale Shot|p2a: Big Back
|-damage|p2a: Big Back|91/100
|-damage|p2a: Big Back|79/100
|-damage|p2a: Big Back|69/100
|-damage|p2a: Big Back|59/100
|-damage|p2a: Big Back|48/100
|-hitcount|p2a: Big Back|5
|-unboost|p1a: Supernova|def|1
|-boost|p1a: Supernova|spe|1
|move|p1b: Immaterial|Spore|p2b: Main Character
|-status|p2b: Main Character|slp|[from] move: Spore
|
|-heal|p2a: Big Back|54/100|[from] item: Leftovers
|upkeep
|turn|2
|inactive|is_katabo has 30 seconds left.
|
|t:|1757807626
|switch|p1b: moneymachine|Incineroar, L50, F, shiny|100/100
|-ability|p1b: moneymachine|Intimidate|boost
|-unboost|p2a: Big Back|atk|1
|-unboost|p2b: Main Character|atk|1
|move|p1a: Supernova|Protect|p1a: Supernova
|-singleturn|p1a: Supernova|Protect
|move|p2a: Big Back|Protect|p2a: Big Back
|-singleturn|p2a: Big Back|Protect
|cant|p2b: Main Character|slp
|
|-heal|p2a: Big Back|60/100|[from] item: Leftovers
|upkeep
|turn|3
|
|t:|1757807648
|switch|p2a: Alaskan Roll|Tatsugiri, L50, F|100/100
|move|p1b: moneymachine|Fake Out|p2a: Alaskan Roll
|-damage|p2a: Alaskan Roll|81/100
|move|p1a: Supernova|Scale Shot|p2a: Alaskan Roll
|-supereffective|p2a: Alaskan Roll
|-damage|p2a: Alaskan Roll|28/100
|-supereffective|p2a: Alaskan Roll
|-damage|p2a: Alaskan Roll|0 fnt
|faint|p2a: Alaskan Roll
|-hitcount|p2: Alaskan Roll|2
|-unboost|p1a: Supernova|def|1
|-boost|p1a: Supernova|spe|1
|cant|p2b: Main Character|slp
|
|upkeep
|
|t:|1757807654
|switch|p2a: Big Back|Dondozo, L50, M|60/100
|turn|4
|
|t:|1757807666
|move|p1a: Supernova|Scale Shot|p2a: Big Back
|-damage|p2a: Big Back|50/100
|-damage|p2a: Big Back|39/100
|-damage|p2a: Big Back|29/100
|-damage|p2a: Big Back|18/100
|-hitcount|p2a: Big Back|4
|-unboost|p1a: Supernova|def|1
|-boost|p1a: Supernova|spe|1
|-curestatus|p2b: Main Character|slp|[msg]
|move|p2b: Main Character|Dazzling Gleam|p1a: Supernova|[spread] p1a,p1b
|-resisted|p1a: Supernova
|-damage|p1a: Supernova|69/100
|-damage|p1b: moneymachine|68/100
|move|p1b: moneymachine|Flare Blitz|p2b: Main Character
|-supereffective|p2b: Main Character
|-damage|p2b: Main Character|0 fnt
|faint|p2b: Main Character
|-damage|p1b: moneymachine|45/100|[from] Recoil
|move|p2a: Big Back|Earthquake|p1b: moneymachine|[spread] p1a,p1b
|-supereffective|p1a: Supernova
|-supereffective|p1b: moneymachine
|-damage|p1a: Supernova|18/100
|-damage|p1b: moneymachine|3/100
|
|-heal|p2a: Big Back|25/100|[from] item: Leftovers
|upkeep
|
|t:|1757807670
|switch|p2b: ilaunchmybro|Dragapult, L50, F|100/100
|turn|5
|
|t:|1757807692
|move|p1a: Supernova|Scale Shot|p2b: ilaunchmybro|[miss]
|-miss|p1a: Supernova|p2b: ilaunchmybro
|move|p2b: ilaunchmybro|Dragon Darts|p1a: Supernova
|-resisted|p1a: Supernova
|-damage|p1a: Supernova|0 fnt
|-anim|p2b: ilaunchmybro|Dragon Darts|p1b: moneymachine
|-damage|p1b: moneymachine|0 fnt
|faint|p1a: Supernova
|faint|p1b: moneymachine
|move|p2a: Big Back|Wave Crash|p1: Supernova|[notarget]
|-fail|p2a: Big Back
|
|-heal|p2a: Big Back|31/100|[from] item: Leftovers
|upkeep
|
|t:|1757807703
|switch|p1a: Immaterial|Amoonguss, L50, F, shiny|100/100
|switch|p1b: BRAT|Sneasler, L50, F|100/100
|turn|6
|
|t:|1757807722
|-terastallize|p2b: ilaunchmybro|Dragon
|move|p1a: Immaterial|Rage Powder|p1a: Immaterial
|-singleturn|p1a: Immaterial|move: Rage Powder
|move|p2b: ilaunchmybro|Dragon Darts|p1a: Immaterial
|-damage|p1a: Immaterial|59/100
|-anim|p2b: ilaunchmybro|Dragon Darts|p1a: Immaterial
|-damage|p1a: Immaterial|15/100
|-enditem|p1a: Immaterial|Sitrus Berry|[eat]
|-heal|p1a: Immaterial|39/100|[from] item: Sitrus Berry
|move|p1b: BRAT|Close Combat|p2a: Big Back
|-damage|p2a: Big Back|0 fnt
|-unboost|p1b: BRAT|def|1
|-unboost|p1b: BRAT|spd|1
|faint|p2a: Big Back
|-enditem|p1b: BRAT|White Herb
|-clearnegativeboost|p1b: BRAT|[silent]
|
|upkeep
|turn|7
|
|t:|1757807740
|move|p1b: BRAT|Close Combat|p2b: ilaunchmybro
|-damage|p2b: ilaunchmybro|25/100
|-unboost|p1b: BRAT|def|1
|-unboost|p1b: BRAT|spd|1
|move|p2b: ilaunchmybro|Dragon Darts|p1a: Immaterial
|-damage|p1a: Immaterial|0 fnt
|-anim|p2b: ilaunchmybro|Dragon Darts|p1b: BRAT
|-damage|p1b: BRAT|0 fnt
|faint|p1a: Immaterial
|faint|p1b: BRAT
|
|win|11DiamondsaurVGC
||11DiamondsaurVGC is ready for game 2.
|inactive|is_katabo has 30 seconds to confirm battle start!
|inactive|is_katabo has 20 seconds to confirm battle start!
|inactive|is_katabo has 10 seconds to confirm battle start!
||is_katabo is ready for game 2.
|uhtml|next|Next: Game 2 of 3
