|j|☆lolgz
|j|☆KrystalPrism
|html|lolgzKrystalPrism    
|uhtml|bestof|Game 3 of a best-of-3
|t:|1783938296
|gametype|doubles
|player|p1|lolgz|dawn|1079
|player|p2|KrystalPrism|palmer|1105
|gen|9
|tier|[Gen 9 Champions] VGC 2026 Reg M-B (Bo3)
|rated|
|rule|Species Clause: Limit one of each Pokémon
|rule|Item Clause: Limit 1 of each item
|clearpoke
|poke|p1|Kingambit, L50, M|
|poke|p1|Vivillon, L50, F|
|poke|p1|Incineroar, L50, M|
|poke|p1|Sinistcha, L50|
|poke|p1|Delphox, L50, M|
|poke|p1|Feraligatr, L50, F|
|poke|p2|Volcarona, L50, M|
|poke|p2|Metagross, L50|
|poke|p2|Dragapult, L50, F|
|poke|p2|Primarina, L50, F|
|poke|p2|Chesnaught, L50, F|
|poke|p2|Krookodile, L50, F|
|teampreview|4
|showteam|p1|Kingambit||BlackGlasses|Defiant|SuckerPunch,KowtowCleave,Protect,SwordsDance|Adamant||M|||50|]Vivillon||ChoiceScarf|CompoundEyes|SleepPowder,Hurricane,RagePowder,Tailwind|Timid||F|||50|]Incineroar||PasshoBerry|Intimidate|PartingShot,FakeOut,ThroatChop,FlareBlitz|Careful||M|||50|]Sinistcha||KasibBerry|Hospitality|MatchaGotcha,RagePowder,TrickRoom,Protect|Serious|||||50|]Delphox||Delphoxite|Blaze|HeatWave,Psychic,Protect,NastyPlot|Timid||M|||50|]Feraligatr||Feraligite|Torrent|Liquidation,BodySlam,Protect,DragonDance|Jolly||F|||50|
|showteam|p2|Volcarona||FocusSash|FlameBody|HeatWave,RagePowder,Tailwind,Protect|Modest||M|||50|]Metagross||Metagrossite|ClearBody|MeteorMash,PsychicFangs,IcePunch,Protect|Jolly|||||50|]Dragapult||LifeOrb|ClearBody|DragonDarts,Uturn,SuckerPunch,Thunderbolt|Hasty||F|||50|]Primarina||KebiaBerry|LiquidVoice|HyperVoice,Moonblast,LifeDew,Protect|Modest||F|||50|]Chesnaught||BigRoot|Bulletproof|LeechSeed,DrainPunch,WoodHammer,SpikyShield|Adamant||F|||50|]Krookodile||ChoiceScarf|Intimidate|KnockOff,HighHorsepower,CloseCombat,RockSlide|Adamant||F|||50|
|inactive|Battle timer is ON: inactive players will automatically lose when time's up. (requested by lolgz)
|inactive|KrystalPrism has 60 seconds left.
|
|t:|1783938330
|teamsize|p1|4
|teamsize|p2|4
|start
|switch|p1a: Vivillon|Vivillon, L50, F|100/100
|switch|p1b: Kingambit|Kingambit, L50, M|100/100
|switch|p2a: Volcarona|Volcarona, L50, M|100/100
|switch|p2b: Krookodile|Krookodile, L50, F|100/100
|-ability|p2b: Krookodile|Intimidate|boost
|-unboost|p1a: Vivillon|atk|1
|-unboost|p1b: Kingambit|atk|1
|-ability|p1b: Kingambit|Defiant|boost
|-boost|p1b: Kingambit|atk|2
|turn|1
|
|t:|1783938353
|move|p1b: Kingambit|Protect|p1b: Kingambit
|-singleturn|p1b: Kingambit|Protect
|move|p2a: Volcarona|Rage Powder|p2a: Volcarona
|-singleturn|p2a: Volcarona|move: Rage Powder
|move|p1a: Vivillon|Sleep Powder|p2a: Volcarona
|-status|p2a: Volcarona|slp|[from] move: Sleep Powder
|move|p2b: Krookodile|Close Combat|p1b: Kingambit
|-activate|p1b: Kingambit|move: Protect
|
|upkeep
|turn|2
|
|t:|1783938366
|move|p1a: Vivillon|Sleep Powder|p2b: Krookodile
|-status|p2b: Krookodile|slp|[from] move: Sleep Powder
|cant|p2b: Krookodile|slp
|cant|p2a: Volcarona|slp
|move|p1b: Kingambit|Swords Dance|p1b: Kingambit
|-boost|p1b: Kingambit|atk|2
|
|upkeep
|turn|3
|
|t:|1783938381
|switch|p1a: Sinistcha|Sinistcha, L50|100/100
|switch|p2b: Primarina|Primarina, L50, F|100/100
|-curestatus|p2a: Volcarona|slp|[msg]
|move|p2a: Volcarona|Tailwind|p2a: Volcarona
|-sidestart|p2: KrystalPrism|move: Tailwind
|move|p1b: Kingambit|Kowtow Cleave|p2a: Volcarona
|-enditem|p2a: Volcarona|Focus Sash
|-damage|p2a: Volcarona|1/100
|
|upkeep
|turn|4
|
|t:|1783938404
|move|p1b: Kingambit|Sucker Punch|p2a: Volcarona
|-damage|p2a: Volcarona|0 fnt
|faint|p2a: Volcarona
|move|p2b: Primarina|Moonblast|p1b: Kingambit
|-damage|p1b: Kingambit|50/100g
|move|p1a: Sinistcha|Matcha Gotcha|p2b: Primarina
|-supereffective|p2b: Primarina|1
|-damage|p2b: Primarina|45/100
|
|upkeep
|
|t:|1783938411
|switch|p2a: Krookodile|Krookodile, L50, F|100/100 slp
|-ability|p2a: Krookodile|Intimidate|boost
|-unboost|p1a: Sinistcha|atk|1
|-unboost|p1b: Kingambit|atk|1
|-ability|p1b: Kingambit|Defiant|boost
|-boost|p1b: Kingambit|atk|2
|turn|5
|
|t:|1783938422
|move|p1a: Sinistcha|Rage Powder|p1a: Sinistcha
|-singleturn|p1a: Sinistcha|move: Rage Powder
|cant|p2a: Krookodile|slp
|move|p2b: Primarina|Life Dew||[still]|[spread] p2a,p2b
|-fail|p2a: Krookodile|heal
|-heal|p2b: Primarina|70/100
|move|p1b: Kingambit|Kowtow Cleave|p2a: Krookodile
|-resisted|p2a: Krookodile|1
|-damage|p2a: Krookodile|0 fnt
|faint|p2a: Krookodile
|
|upkeep
|
|t:|1783938432
|switch|p2a: Dragapult|Dragapult, L50, F|100/100
|turn|6
|
|t:|1783938439
|move|p1a: Sinistcha|Rage Powder|p1a: Sinistcha
|-singleturn|p1a: Sinistcha|move: Rage Powder
|move|p2a: Dragapult|Sucker Punch||[still]
|-fail|p2a: Dragapult
|move|p1b: Kingambit|Sucker Punch||[still]
|-fail|p1b: Kingambit
|move|p2b: Primarina|Moonblast|p1a: Sinistcha
|-damage|p1a: Sinistcha|35/100
|
|-sideend|p2: KrystalPrism|move: Tailwind
|upkeep
|turn|7
|
|t:|1783938463
|move|p1a: Sinistcha|Rage Powder|p1a: Sinistcha
|-singleturn|p1a: Sinistcha|move: Rage Powder
|move|p2a: Dragapult|Sucker Punch||[still]
|-fail|p2a: Dragapult
|move|p2b: Primarina|Moonblast|p1a: Sinistcha
|-damage|p1a: Sinistcha|0 fnt
|faint|p1a: Sinistcha
|move|p1b: Kingambit|Kowtow Cleave|p2a: Dragapult
|-supereffective|p2a: Dragapult|1
|-damage|p2a: Dragapult|0 fnt
|faint|p2a: Dragapult
|
|upkeep
|
|t:|1783938474
|switch|p1a: Incineroar|Incineroar, L50, M|100/100
|-ability|p1a: Incineroar|Intimidate|boost
|-unboost|p2b: Primarina|atk|1
|turn|8
|-message|KrystalPrism forfeited.
|raw|lolgz's rating: 1079 → 1109(+30 for winning)
|raw|KrystalPrism's rating: 1105 → 1078(-27 for losing)
|
|win|lolgz
