|j|☆i am saksham
|j|☆miseria010
|html|i am sakshammiseria010    
|uhtml|bestof|Game 1 of a best-of-3
|t:|1785327184
|gametype|doubles
|player|p1|i am saksham|wallace|1118
|player|p2|miseria010|unknown|1061
|gen|9
|tier|[Gen 9 Champions] VGC 2026 Reg M-B (Bo3)
|rated|
|rule|Species Clause: Limit one of each Pokémon
|rule|Item Clause: Limit 1 of each item
|clearpoke
|poke|p1|Blaziken, L50, M|
|poke|p1|Scrafty, L50, M|
|poke|p1|Gholdengo, L50|
|poke|p1|Sinistcha-Masterpiece, L50|
|poke|p1|Sylveon, L50, F|
|poke|p1|Aerodactyl, L50, F|
|poke|p2|Charizard, L50, M, shiny|
|poke|p2|Garchomp, L50, M|
|poke|p2|Incineroar, L50, M, shiny|
|poke|p2|Venusaur, L50, M|
|poke|p2|Toxapex, L50, F|
|poke|p2|Sylveon, L50, F|
|teampreview|4
|showteam|p1|Blaziken||LifeOrb|SpeedBoost|CloseCombat,FlareBlitz,Detect,RockSlide|Adamant||M|||50|]Scrafty||Scraftinite|Intimidate|FakeOut,DrainPunch,KnockOff,Encore|Careful||M|||50|]Gholdengo||ChoiceScarf|GoodasGold|MakeItRain,Trick,Thunderbolt,ShadowBall|Serious|||||50|]Sinistcha-Masterpiece||KasibBerry|Hospitality|MatchaGotcha,RagePowder,TrickRoom,Protect|Sassy|||||50|]Sylveon||FairyFeather|Pixilate|HyperVoice,HyperBeam,Protect,QuickAttack|Modest||F|||50|]Aerodactyl||Aerodactylite|RockHead|Tailwind,Protect,RockSlide,DualWingbeat|Jolly||F|||50|
|showteam|p2|Charizard||CharizarditeY|SolarPower|WeatherBall,HeatWave,AncientPower,Protect|Modest||M|||50|]Garchomp||ChoiceScarf|RoughSkin|RockSlide,DragonClaw,Earthquake,StompingTantrum|Adamant||M|||50|]Incineroar||SitrusBerry|Intimidate|FlareBlitz,FakeOut,DarkestLariat,PartingShot|Impish||M|||50|]Venusaur||LifeOrb|Chlorophyll|SludgeBomb,EnergyBall,EarthPower,Protect|Modest||M|||50|]Toxapex||Leftovers|Regenerator|Infestation,Toxic,WideGuard,BanefulBunker|Bold||F|||50|]Sylveon||FairyFeather|Pixilate|Detect,HyperVoice,HyperBeam,QuickAttack|Modest||F|||50|
|
|t:|1785327225
|teamsize|p1|4
|teamsize|p2|4
|start
|switch|p1a: Sylveon|Sylveon, L50, F|100/100
|switch|p1b: Aerodactyl|Aerodactyl, L50, F|100/100
|switch|p2a: Incineroar|Incineroar, L50, M, shiny|100/100
|switch|p2b: Sylveon|Sylveon, L50, F|100/100
|-ability|p2a: Incineroar|Intimidate|boost
|-unboost|p1a: Sylveon|atk|1
|-unboost|p1b: Aerodactyl|atk|1
|turn|1
|
|t:|1785327244
|detailschange|p1b: Aerodactyl|Aerodactyl-Mega, L50, F
|-mega|p1b: Aerodactyl|Aerodactyl|Aerodactylite
|move|p2a: Incineroar|Fake Out|p1b: Aerodactyl
|-resisted|p1b: Aerodactyl|1
|-damage|p1b: Aerodactyl|94/100
|cant|p1b: Aerodactyl|flinch
|move|p1a: Sylveon|Hyper Voice|p2a: Incineroar|[spread] p2a,p2b
|-damage|p2a: Incineroar|63/100
|-damage|p2b: Sylveon|63/100
|move|p2b: Sylveon|Hyper Voice|p1a: Sylveon|[spread] p1a,p1b
|-damage|p1a: Sylveon|64/100
|-damage|p1b: Aerodactyl|39/100
|
|upkeep
|turn|2
|
|t:|1785327262
|switch|p2a: Toxapex|Toxapex, L50, F|100/100
|move|p1b: Aerodactyl|Rock Slide|p2b: Sylveon|[spread] p2a,p2b
|-damage|p2a: Toxapex|86/100
|-damage|p2b: Sylveon|43/100
|move|p1a: Sylveon|Hyper Voice|p2a: Toxapex|[spread] p2a,p2b
|-resisted|p2a: Toxapex|1
|-damage|p2a: Toxapex|70/100
|-damage|p2b: Sylveon|9/100
|move|p2b: Sylveon|Hyper Voice|p1a: Sylveon|[spread] p1a,p1b
|-damage|p1a: Sylveon|27/100
|-damage|p1b: Aerodactyl|0 fnt
|faint|p1b: Aerodactyl
|
|-heal|p2a: Toxapex|75/100|[from] item: Leftovers
|upkeep
|
|t:|1785327276
|switch|p1b: Gholdengo|Gholdengo, L50|100/100
|turn|3
|
|t:|1785327284
|switch|p2b: Charizard|Charizard, L50, M, shiny|100/100
|move|p2a: Toxapex|Wide Guard|p2a: Toxapex
|-singleturn|p2a: Toxapex|Wide Guard
|move|p1a: Sylveon|Quick Attack|p2b: Charizard
|-resisted|p2b: Charizard|1
|-damage|p2b: Charizard|96/100
|move|p1b: Gholdengo|Trick|p2a: Toxapex
|-activate|p1b: Gholdengo|move: Trick|[of] p2a: Toxapex
|-item|p2a: Toxapex|Choice Scarf|[from] move: Trick
|-item|p1b: Gholdengo|Leftovers|[from] move: Trick
|
|upkeep
|turn|4
|
|t:|1785327303
|switch|p1a: Sinistcha|Sinistcha-Masterpiece, L50|100/100
|-heal|p2a: Toxapex|100/100|[from] ability: Regenerator|[silent]
|switch|p2a: Incineroar|Incineroar, L50, M, shiny|63/100
|-ability|p2a: Incineroar|Intimidate|boost
|-unboost|p1a: Sinistcha|atk|1
|-unboost|p1b: Gholdengo|atk|1
|detailschange|p2b: Charizard|Charizard-Mega-Y, L50, M, shiny
|-mega|p2b: Charizard|Charizard|Charizardite Y
|-weather|SunnyDay|[from] ability: Drought|[of] p2b: Charizard
|move|p1b: Gholdengo|Thunderbolt|p2b: Charizard
|-supereffective|p2b: Charizard|1
|-damage|p2b: Charizard|48/100
|move|p2b: Charizard|Heat Wave|p1a: Sinistcha|[spread] p1a,p1b
|-supereffective|p1a: Sinistcha|1
|-crit|p1a: Sinistcha
|-supereffective|p1b: Gholdengo|1
|-damage|p1a: Sinistcha|0 fnt
|-damage|p1b: Gholdengo|0 fnt
|faint|p1a: Sinistcha
|faint|p1b: Gholdengo
|
|-weather|SunnyDay|[upkeep]
|upkeep
|
|t:|1785327322
|switch|p1b: Sylveon|Sylveon, L50, F|27/100
|turn|5
|
|t:|1785327330
|move|p2a: Incineroar|Fake Out|p1b: Sylveon
|-crit|p1b: Sylveon
|-damage|p1b: Sylveon|8/100
|move|p2b: Charizard|Weather Ball|p1b: Sylveon
|-damage|p1b: Sylveon|0 fnt
|faint|p1b: Sylveon
|
|win|miseria010
||i am saksham is ready for game 2.
