|j|☆cpawn
|j|☆dont make me walk
|html|cpawndont make me walk    
|uhtml|bestof|Game 2 of a best-of-3
|t:|1756506356
|gametype|doubles
|player|p1|cpawn|hiker-gen4|1098
|player|p2|dont make me walk|red-masters3|1231
|gen|9
|tier|[Gen 9] VGC 2025 Reg H (Bo3)
|rated|
|rule|Species Clause: Limit one of each Pokémon
|rule|Item Clause: Limit 1 of each item
|clearpoke
|poke|p1|Meganium, L50, F|
|poke|p1|Delphox, L50, M|
|poke|p1|Primarina, L50, F|
|poke|p1|Kleavor, L50, M|
|poke|p1|Grimmsnarl, L50, M|
|poke|p1|Ampharos, L50, F|
|poke|p2|Ursaluna-Bloodmoon, L50, M|
|poke|p2|Indeedee, L50, M|
|poke|p2|Sneasler, L50, M|
|poke|p2|Incineroar, L50, F|
|poke|p2|Electabuzz, L50, M|
|poke|p2|Talonflame, L50, F|
|teampreview|4
|showteam|p1|Meganium||Leftovers|LeafGuard|GrassPledge,HealPulse,LeechSeed,Protect|||F|||50|,,,,,Fire]Delphox||SitrusBerry|Magician|FirePledge,Psychic,SunnyDay,Protect|||M|||50|,,,,,Grass]Primarina||LifeOrb|LiquidVoice|HyperVoice,Moonblast,WaterPledge,Protect|||F|||50|,,,,,Poison]Kleavor||WideLens|Sharpness|StoneAxe,RockSlide,XScissor,Protect|||M|||50|,,,,,Water]Grimmsnarl||LightClay|Prankster|SpiritBreak,Taunt,LightScreen,Reflect|||M|||50|,,,,,Steel]Ampharos||AssaultVest|Static|Thunderbolt,Discharge,DragonPulse,ChargeBeam|||F|||50|,,,,,Dragon
|showteam|p2|Ursaluna-Bloodmoon||LifeOrb|MindsEye|Protect,EarthPower,HyperVoice,BloodMoon|||M|||50|,,,,,Normal]Indeedee||FocusSash|PsychicSurge|ExpandingForce,TeraBlast,TrickRoom,Protect|||M|||50|,,,,,Fighting]Sneasler||PsychicSeed|Unburden|DireClaw,CloseCombat,ThroatChop,Protect|||M|||50|,,,,,Dark]Incineroar||AssaultVest|Intimidate|FakeOut,KnockOff,FlareBlitz,Uturn|||F|||50|,,,,,Grass]Electabuzz||Eviolite|VitalSpirit|Electroweb,Taunt,FollowMe,Protect|||M|||50|,,,,,Ghost]Talonflame||CovertCloak|GaleWings|FlareBlitz,DualWingbeat,WillOWisp,Tailwind|||F|||50|,,,,,Fairy
|inactive|Battle timer is ON: inactive players will automatically lose when time's up. (requested by dont make me walk)
|
|t:|1756506384
|teamsize|p1|4
|teamsize|p2|4
|start
|switch|p1a: Kleavor|Kleavor, L50, M|100/100
|switch|p1b: Meganium|Meganium, L50, F|100/100
|switch|p2a: Incineroar|Incineroar, L50, F|100/100
|switch|p2b: Ursaluna|Ursaluna-Bloodmoon, L50, M|100/100
|-ability|p2a: Incineroar|Intimidate|boost
|-unboost|p1a: Kleavor|atk|1
|-unboost|p1b: Meganium|atk|1
|turn|1
|
|t:|1756506402
|-terastallize|p2b: Ursaluna|Normal
|move|p1a: Kleavor|Protect|p1a: Kleavor
|-singleturn|p1a: Kleavor|Protect
|move|p1b: Meganium|Protect|p1b: Meganium
|-singleturn|p1b: Meganium|Protect
|move|p2a: Incineroar|Flare Blitz|p1b: Meganium
|-activate|p1b: Meganium|move: Protect
|move|p2b: Ursaluna|Blood Moon|p1a: Kleavor
|-activate|p1a: Kleavor|move: Protect
|
|upkeep
|turn|2
|inactive|cpawn has 30 seconds left.
|inactive|cpawn has 20 seconds left.
|inactive|cpawn has 15 seconds left.
|
|t:|1756506443
|switch|p2a: Electabuzz|Electabuzz, L50, M|100/100
|move|p1a: Kleavor|Rock Slide|p2a: Electabuzz|[spread] p2a,p2b
|-damage|p2a: Electabuzz|84/100
|-damage|p2b: Ursaluna|82/100
|move|p1b: Meganium|Leech Seed|p2b: Ursaluna
|-start|p2b: Ursaluna|move: Leech Seed
|move|p2b: Ursaluna|Earth Power|p1a: Kleavor
|-damage|p1a: Kleavor|0 fnt
|faint|p1a: Kleavor
|-damage|p2b: Ursaluna|73/100|[from] item: Life Orb
|
|-damage|p2b: Ursaluna|61/100|[from] Leech Seed|[of] p1b: Meganium
|upkeep
|
|t:|1756506461
|switch|p1a: Primarina|Primarina, L50, F|100/100
|turn|3
|
|t:|1756506481
|move|p2a: Electabuzz|Taunt|p1b: Meganium
|-start|p1b: Meganium|move: Taunt
|move|p1b: Meganium|Grass Pledge|p2a: Electabuzz
|-waiting|p1b: Meganium|p1a: Primarina
|move|p1a: Primarina|Water Pledge|p2a: Electabuzz|[from] move: Grass Pledge
|-combine
|-damage|p2a: Electabuzz|0 fnt
|-sidestart|p2: dont make me walk|Grass Pledge
|faint|p2a: Electabuzz
|-damage|p1a: Primarina|91/100|[from] item: Life Orb
|move|p2b: Ursaluna|Hyper Voice|p1b: Meganium|[spread] p1a,p1b
|-damage|p1a: Primarina|37/100
|-damage|p1b: Meganium|41/100
|-damage|p2b: Ursaluna|51/100|[from] item: Life Orb
|
|-heal|p1b: Meganium|48/100|[from] item: Leftovers
|-damage|p2b: Ursaluna|39/100|[from] Leech Seed|[of] p1b: Meganium
|-heal|p1b: Meganium|61/100|[silent]
|upkeep
|
|t:|1756506488
|switch|p2a: Sneasler|Sneasler, L50, M|100/100
|turn|4
|
|t:|1756506511
|switch|p2b: Incineroar|Incineroar, L50, F|100/100
|-ability|p2b: Incineroar|Intimidate|boost
|-unboost|p1a: Primarina|atk|1
|-unboost|p1b: Meganium|atk|1
|move|p1b: Meganium|Grass Pledge|p2a: Sneasler
|-resisted|p2a: Sneasler
|-damage|p2a: Sneasler|83/100
|move|p1a: Primarina|Hyper Voice|p2b: Incineroar|[spread] p2a,p2b
|-supereffective|p2b: Incineroar
|-damage|p2a: Sneasler|15/100
|-damage|p2b: Incineroar|30/100
|-damage|p1a: Primarina|27/100|[from] item: Life Orb
|move|p2a: Sneasler|Dire Claw|p1a: Primarina
|-supereffective|p1a: Primarina
|-damage|p1a: Primarina|0 fnt
|faint|p1a: Primarina
|
|-heal|p1b: Meganium|68/100|[from] item: Leftovers
|upkeep
|
|t:|1756506527
|switch|p1a: Grimmsnarl|Grimmsnarl, L50, M|100/100
|turn|5
|inactive|cpawn has 30 seconds left.
|
|t:|1756506553
|-terastallize|p1a: Grimmsnarl|Steel
|move|p2a: Sneasler|Protect|p2a: Sneasler
|-singleturn|p2a: Sneasler|Protect
|move|p1b: Meganium|Grass Pledge|p2a: Sneasler
|-activate|p2a: Sneasler|move: Protect
|move|p1a: Grimmsnarl|Spirit Break|p2b: Incineroar
|-damage|p2b: Incineroar|0 fnt
|faint|p2b: Incineroar
|
|-heal|p1b: Meganium|74/100|[from] item: Leftovers
|-end|p1b: Meganium|move: Taunt
|upkeep
|
|t:|1756506561
|switch|p2b: Ursaluna|Ursaluna-Bloodmoon, L50, M, tera:Normal|39/100
|turn|6
|
|t:|1756506576
|move|p2a: Sneasler|Protect||[still]
|-fail|p2a: Sneasler
|move|p2b: Ursaluna|Protect|p2b: Ursaluna
|-singleturn|p2b: Ursaluna|Protect
|move|p1b: Meganium|Leech Seed|p2b: Ursaluna
|-activate|p2b: Ursaluna|move: Protect
|move|p1a: Grimmsnarl|Spirit Break|p2a: Sneasler
|-damage|p2a: Sneasler|0 fnt
|faint|p2a: Sneasler
|
|-heal|p1b: Meganium|80/100|[from] item: Leftovers
|-sideend|p2: dont make me walk|Grass Pledge
|upkeep
|turn|7
|
|t:|1756506596
|move|p1a: Grimmsnarl|Light Screen|p1a: Grimmsnarl
|-sidestart|p1: cpawn|move: Light Screen
|move|p1b: Meganium|Leech Seed|p2b: Ursaluna
|-start|p2b: Ursaluna|move: Leech Seed
|move|p2b: Ursaluna|Earth Power|p1a: Grimmsnarl
|-supereffective|p1a: Grimmsnarl
|-damage|p1a: Grimmsnarl|13/100
|-damage|p2b: Ursaluna|30/100|[from] item: Life Orb
|
|-heal|p1b: Meganium|86/100|[from] item: Leftovers
|-damage|p2b: Ursaluna|18/100|[from] Leech Seed|[of] p1b: Meganium
|-heal|p1b: Meganium|99/100|[silent]
|upkeep
|turn|8
|-message|dont make me walk forfeited.
|
|win|cpawn
||dont make me walk is ready for game 3.
||cpawn is ready for game 3.
|uhtml|next|Next: Game 3 of 3
