|j|☆1OO% Jesus
|j|☆spain core
|html|1OO% Jesusspain core    
|uhtml|bestof|Game 2 of a best-of-3
|t:|1783444515
|gametype|doubles
|player|p1|1OO% Jesus|lillie-z|
|player|p2|spain core|benga|
|gen|9
|tier|[Gen 9 Champions] VGC 2026 Reg M-B (Bo3)
|rule|Species Clause: Limit one of each Pokémon
|rule|Item Clause: Limit 1 of each item
|clearpoke
|poke|p1|Grimmsnarl, L50, M|
|poke|p1|Raichu, L50, F|
|poke|p1|Pelipper, L50, M|
|poke|p1|Archaludon, L50, M|
|poke|p1|Venusaur, L50, M|
|poke|p1|Basculegion, L50, M|
|poke|p2|Charizard, L50, F|
|poke|p2|Garchomp, L50, M|
|poke|p2|Kingambit, L50, M|
|poke|p2|Farigiraf, L50, F|
|poke|p2|Aerodactyl, L50, M|
|poke|p2|Sylveon, L50, F|
|teampreview|4
|showteam|p1|Grimmsnarl||LightClay|Prankster|SpiritBreak,Reflect,LightScreen,PartingShot|Careful||M|||50|]Raichu||RaichuniteX|Static|FakeOut,VoltTackle,VoltSwitch,Encore|Jolly||F|||50|]Pelipper||SitrusBerry|Drizzle|WeatherBall,Hurricane,WideGuard,Tailwind|Modest||M|||50|]Archaludon||Leftovers|Stamina|ElectroShot,DragonPulse,FlashCannon,Protect|Modest||M|||50|]Venusaur||Venusaurite|Chlorophyll|GigaDrain,SludgeBomb,EarthPower,Protect|Modest||M|||50|]Basculegion||ChoiceScarf|SwiftSwim|FlipTurn,WaveCrash,LastRespects,AquaJet|Jolly||M|||50|
|showteam|p2|Charizard||CharizarditeY|Blaze|HeatWave,WeatherBall,SolarBeam,Protect|Modest||F|||50|]Garchomp||LifeOrb|RoughSkin|Earthquake,Protect,RockSlide,DragonClaw|Jolly||M|||50|]Kingambit||FocusSash|Defiant|LowKick,IronHead,KowtowCleave,SuckerPunch|Adamant||M|||50|]Farigiraf||SitrusBerry|ArmorTail|TwinBeam,Thunderbolt,TrickRoom,GrassKnot|Bold||F|||50|]Aerodactyl||Aerodactylite|Unnerve|DualWingbeat,Tailwind,IceFang,RockSlide|Jolly||M|||50|]Sylveon||FairyFeather|Pixilate|HyperBeam,HyperVoice,Protect,QuickAttack|Modest||F|||50|
|inactive|Battle timer is ON: inactive players will automatically lose when time's up. (requested by spain core)
|inactive|1OO% Jesus has 60 seconds left.
|c|☆1OO% Jesus|Prueba Sylveon
|c|☆1OO% Jesus|Sylveon Fai
|c|☆1OO% Jesus|O Sylveon Aero
|c|☆spain core|sylveon laid
|
|t:|1783444582
|teamsize|p1|4
|teamsize|p2|4
|start
|switch|p1a: Grimmsnarl|Grimmsnarl, L50, M|100/100
|switch|p1b: Basculegion|Basculegion, L50, M|100/100
|switch|p2a: Sylveon|Sylveon, L50, F|100/100
|switch|p2b: Aerodactyl|Aerodactyl, L50, M|100/100
|-ability|p2b: Aerodactyl|Unnerve
|turn|1
|c|☆spain core|el wave me hunde el pecho
|
|t:|1783444601
|detailschange|p2b: Aerodactyl|Aerodactyl-Mega, L50, M
|-mega|p2b: Aerodactyl|Aerodactyl|Aerodactylite
|move|p1a: Grimmsnarl|Light Screen|p1a: Grimmsnarl
|-sidestart|p1: 1OO% Jesus|move: Light Screen
|move|p2b: Aerodactyl|Tailwind|p2b: Aerodactyl
|-sidestart|p2: spain core|move: Tailwind
|move|p1b: Basculegion|Flip Turn|p2b: Aerodactyl
|-supereffective|p2b: Aerodactyl|1
|-damage|p2b: Aerodactyl|31/100
|
|t:|1783444615
|switch|p1b: Archaludon|Archaludon, L50, M|100/100|[from] Flip Turn
|move|p2a: Sylveon|Hyper Voice|p1b: Archaludon|[spread] p1a,p1b
|-supereffective|p1a: Grimmsnarl|1
|-damage|p1a: Grimmsnarl|38/100
|-damage|p1b: Archaludon|68/100
|-ability|p1b: Archaludon|Stamina|boost
|-boost|p1b: Archaludon|def|1
|
|-heal|p1b: Archaludon|75/100|[from] item: Leftovers
|upkeep
|turn|2
|
|t:|1783444629
|move|p1b: Archaludon|Protect|p1b: Archaludon
|-singleturn|p1b: Archaludon|Protect
|move|p1a: Grimmsnarl|Reflect|p1a: Grimmsnarl
|-sidestart|p1: 1OO% Jesus|Reflect
|move|p2b: Aerodactyl|Dual Wingbeat|p1a: Grimmsnarl
|-damage|p1a: Grimmsnarl|21/100
|-damage|p1a: Grimmsnarl|4/100
|-hitcount|p1a: Grimmsnarl|2
|move|p2a: Sylveon|Hyper Beam|p1b: Archaludon
|-activate|p1b: Archaludon|move: Protect
|
|-heal|p1b: Archaludon|81/100|[from] item: Leftovers
|upkeep
|turn|3
|
|t:|1783444642
|move|p2a: Sylveon|Protect|p2a: Sylveon
|-singleturn|p2a: Sylveon|Protect
|move|p1a: Grimmsnarl|Parting Shot|p2a: Sylveon
|-activate|p2a: Sylveon|move: Protect
|move|p2b: Aerodactyl|Rock Slide|p1a: Grimmsnarl|[spread] p1a,p1b
|-resisted|p1b: Archaludon|1
|-damage|p1a: Grimmsnarl|0 fnt
|-damage|p1b: Archaludon|76/100
|-ability|p1b: Archaludon|Stamina|boost
|-boost|p1b: Archaludon|def|1
|faint|p1a: Grimmsnarl
|cant|p1b: Archaludon|flinch
|
|-heal|p1b: Archaludon|82/100|[from] item: Leftovers
|upkeep
|
|t:|1783444654
|switch|p1a: Pelipper|Pelipper, L50, M|100/100
|-weather|RainDance|[from] ability: Drizzle|[of] p1a: Pelipper
|turn|4
|
|t:|1783444666
|switch|p1a: Basculegion|Basculegion, L50, M|100/100
|move|p2b: Aerodactyl|Dual Wingbeat|p1a: Basculegion
|-damage|p1a: Basculegion|80/100
|-damage|p1a: Basculegion|60/100
|-hitcount|p1a: Basculegion|2
|move|p2a: Sylveon|Hyper Beam|p1b: Archaludon
|-damage|p1b: Archaludon|14/100
|-mustrecharge|p2a: Sylveon
|-ability|p1b: Archaludon|Stamina|boost
|-boost|p1b: Archaludon|def|1
|move|p1b: Archaludon|Flash Cannon|p2a: Sylveon
|-supereffective|p2a: Sylveon|1
|-damage|p2a: Sylveon|36/100
|
|-weather|RainDance|[upkeep]
|-heal|p1b: Archaludon|20/100y|[from] item: Leftovers
|-sideend|p2: spain core|move: Tailwind
|upkeep
|turn|5
|inactive|spain core has 30 seconds left.
|
|t:|1783444701
|move|p1a: Basculegion|Aqua Jet|p2b: Aerodactyl
|-supereffective|p2b: Aerodactyl|1
|-damage|p2b: Aerodactyl|0 fnt
|faint|p2b: Aerodactyl
|move|p1b: Archaludon|Dragon Pulse|p2a: Sylveon
|-immune|p2a: Sylveon
|cant|p2a: Sylveon|recharge
|
|-weather|RainDance|[upkeep]
|-heal|p1b: Archaludon|26/100|[from] item: Leftovers
|upkeep
|
|t:|1783444708
|switch|p2b: Kingambit|Kingambit, L50, M|100/100
|turn|6
|
|t:|1783444727
|move|p1b: Archaludon|Protect|p1b: Archaludon
|-singleturn|p1b: Archaludon|Protect
|move|p2a: Sylveon|Protect|p2a: Sylveon
|-singleturn|p2a: Sylveon|Protect
|move|p1a: Basculegion|Aqua Jet|p2a: Sylveon
|-activate|p2a: Sylveon|move: Protect
|move|p2b: Kingambit|Kowtow Cleave|p1a: Basculegion
|-supereffective|p1a: Basculegion|1
|-damage|p1a: Basculegion|0 fnt
|faint|p1a: Basculegion
|
|-weather|RainDance|[upkeep]
|-heal|p1b: Archaludon|32/100|[from] item: Leftovers
|upkeep
|
|t:|1783444735
|switch|p1a: Pelipper|Pelipper, L50, M|100/100
|turn|7
|
|t:|1783444752
|switch|p2a: Garchomp|Garchomp, L50, M|100/100
|move|p1b: Archaludon|Protect||[still]
|-fail|p1b: Archaludon
|move|p2b: Kingambit|Kowtow Cleave|p1a: Pelipper
|-damage|p1a: Pelipper|64/100
|move|p1a: Pelipper|Tailwind|p1a: Pelipper
|-sidestart|p1: 1OO% Jesus|move: Tailwind
|
|-weather|RainDance|[upkeep]
|-heal|p1b: Archaludon|39/100|[from] item: Leftovers
|upkeep
|turn|8
|inactive|1OO% Jesus has 30 seconds left.
|
|t:|1783444778
|move|p1b: Archaludon|Protect|p1b: Archaludon
|-singleturn|p1b: Archaludon|Protect
|move|p1a: Pelipper|Weather Ball|p2a: Garchomp
|-damage|p2a: Garchomp|40/100
|move|p2a: Garchomp|Rock Slide|p1a: Pelipper|[spread] p1a
|-activate|p1b: Archaludon|move: Protect
|-supereffective|p1a: Pelipper|1
|-damage|p1a: Pelipper|27/100
|-enditem|p1a: Pelipper|Sitrus Berry|[eat]
|-heal|p1a: Pelipper|52/100|[from] item: Sitrus Berry
|-damage|p2a: Garchomp|31/100|[from] item: Life Orb
|move|p2b: Kingambit|Kowtow Cleave|p1a: Pelipper
|-damage|p1a: Pelipper|16/100
|
|-weather|none
|-heal|p1b: Archaludon|45/100|[from] item: Leftovers
|-sideend|p1: 1OO% Jesus|move: Light Screen
|upkeep
|turn|9
|
|t:|1783444797
|move|p2b: Kingambit|Sucker Punch|p1a: Pelipper
|-damage|p1a: Pelipper|0 fnt
|faint|p1a: Pelipper
|move|p1b: Archaludon|Dragon Pulse|p2a: Garchomp
|-supereffective|p2a: Garchomp|1
|-damage|p2a: Garchomp|0 fnt
|faint|p2a: Garchomp
|
|-heal|p1b: Archaludon|51/100|[from] item: Leftovers
|-sideend|p1: 1OO% Jesus|Reflect
|upkeep
|-message|1OO% Jesus forfeited.
|
|win|spain core
