|j|☆sky yeh
|j|☆Roselia Sayo
|html|sky yehRoselia Sayo    
|uhtml|bestof|Game 1 of a best-of-3
|t:|1785339081
|gametype|doubles
|player|p1|sky yeh|lucas|
|player|p2|Roselia Sayo|bellelba|
|gen|9
|tier|[Gen 9 Champions] VGC 2026 Reg M-B (Bo3)
|rule|Species Clause: Limit one of each Pokémon
|rule|Item Clause: Limit 1 of each item
|clearpoke
|poke|p1|Staraptor, L50, M, shiny|
|poke|p1|Charizard, L50, M, shiny|
|poke|p1|Garchomp, L50, M, shiny|
|poke|p1|Gholdengo, L50|
|poke|p1|Whimsicott, L50, F, shiny|
|poke|p1|Rotom-Wash, L50|
|poke|p2|Venusaur, L50, F|
|poke|p2|Froslass, L50, F|
|poke|p2|Pelipper, L50, M|
|poke|p2|Basculegion, L50, M|
|poke|p2|Grimmsnarl, L50, M|
|poke|p2|Archaludon, L50, M|
|teampreview|4
|showteam|p1|Staraptor||Staraptite|Intimidate|CloseCombat,DualWingbeat,Roost,Protect|Jolly||M|||50|]Charizard||CharizarditeY|Blaze|WeatherBall,HeatWave,SolarBeam,Protect|Modest||M|||50|]Garchomp||LifeOrb|RoughSkin|Earthquake,DragonClaw,RockSlide,Protect|Jolly||M|||50|]Gholdengo||SpellTag|GoodasGold|MakeItRain,ShadowBall,NastyPlot,Protect|Modest|||||50|]Whimsicott||FocusSash|Prankster|Moonblast,Charm,Tailwind,Protect|Timid||F|||50|]Rotom-Wash||ChoiceScarf|Levitate|HydroPump,VoltSwitch,Electroweb,WillOWisp|Timid|||||50|
|showteam|p2|Venusaur||Venusaurite|Chlorophyll|GigaDrain,SludgeBomb,EarthPower,Protect|Modest||F|||50|]Froslass||Froslassite|CursedBody|Blizzard,ShadowBall,RainDance,Protect|Timid||F|||50|]Pelipper||ChoiceScarf|Drizzle|WeatherBall,Hurricane,Soak,RainDance|Timid||M|||50|]Basculegion||FocusSash|Adaptability|LastRespects,Liquidation,AquaJet,Protect|Jolly||M|||50|]Grimmsnarl||LightClay|Prankster|SpiritBreak,Reflect,LightScreen,PartingShot|Careful||M|||50|]Archaludon||Leftovers|Stamina|DragonPulse,FlashCannon,ElectroShot,Protect|Modest||M|||50|
|c|☆Roselia Sayo|請多指教
|j| Phoenix Burner
|c|☆Roselia Sayo|幹這組最近好多
|j| Aurorascepter
|j| BenBen84
|j| Edward0516
|j| charnizardnomiss
|c| BenBen84|你的檔次夠用洗衣機嗎
|
|t:|1785339203
|teamsize|p1|4
|teamsize|p2|4
|start
|switch|p1a: Rotom|Rotom-Wash, L50|100/100
|switch|p1b: Charizard|Charizard, L50, M, shiny|100/100
|switch|p2a: Pelipper|Pelipper, L50, M|100/100
|switch|p2b: Archaludon|Archaludon, L50, M|100/100
|-weather|RainDance|[from] ability: Drizzle|[of] p2a: Pelipper
|turn|1
|j| Manimo_1126
|
|t:|1785339251
|switch|p2a: Froslass|Froslass, L50, F|100/100
|move|p1b: Charizard|Protect|p1b: Charizard
|-singleturn|p1b: Charizard|Protect
|move|p1a: Rotom|Volt Switch|p2a: Froslass
|-crit|p2a: Froslass
|-damage|p2a: Froslass|30/100
|c| Manimo_1126|用什麼洗衣機
|c| charnizardnomiss|除了V轉沒一招是滿的
|
|t:|1785339272
|switch|p1a: Whimsicott|Whimsicott, L50, F, shiny|100/100|[from] Volt Switch
|move|p2b: Archaludon|Dragon Pulse|p1b: Charizard
|-activate|p1b: Charizard|move: Protect
|
|-weather|RainDance|[upkeep]
|upkeep
|turn|2
|c| charnizardnomiss|喔
|c| charnizardnomiss|賽
|l| Edward0516
|j| Edward0516
|
|t:|1785339353
|detailschange|p2a: Froslass|Froslass-Mega, L50, F
|-mega|p2a: Froslass|Froslass|Froslassite
|-weather|Snowscape|[from] ability: Snow Warning|[of] p2a: Froslass
|detailschange|p1b: Charizard|Charizard-Mega-Y, L50, M, shiny
|-mega|p1b: Charizard|Charizard|Charizardite Y
|-weather|SunnyDay|[from] ability: Drought|[of] p1b: Charizard
|move|p1a: Whimsicott|Tailwind|p1a: Whimsicott
|-sidestart|p1: sky yeh|move: Tailwind
|move|p1b: Charizard|Heat Wave|p2a: Froslass|[spread] p2a,p2b
|-supereffective|p2a: Froslass|1
|-damage|p2a: Froslass|0 fnt
|-damage|p2b: Archaludon|37/100
|-ability|p2b: Archaludon|Stamina|boost
|-boost|p2b: Archaludon|def|1
|faint|p2a: Froslass
|move|p2b: Archaludon|Flash Cannon|p1a: Whimsicott
|-supereffective|p1a: Whimsicott|1
|-enditem|p1a: Whimsicott|Focus Sash
|-damage|p1a: Whimsicott|1/100
|
|-weather|SunnyDay|[upkeep]
|-heal|p2b: Archaludon|43/100|[from] item: Leftovers
|upkeep
|
|t:|1785339387
|switch|p2a: Pelipper|Pelipper, L50, M|100/100
|-weather|RainDance|[from] ability: Drizzle|[of] p2a: Pelipper
|turn|3
|
|t:|1785339419
|switch|p1b: Gholdengo|Gholdengo, L50|100/100
|move|p1a: Whimsicott|Moonblast|p2a: Pelipper
|-damage|p2a: Pelipper|42/100
|-unboost|p2a: Pelipper|spa|1
|move|p2a: Pelipper|Weather Ball|p1a: Whimsicott
|-resisted|p1a: Whimsicott|1
|-damage|p1a: Whimsicott|0 fnt
|faint|p1a: Whimsicott
|move|p2b: Archaludon|Electro Shot||[still]
|-prepare|p2b: Archaludon|Electro Shot
|-boost|p2b: Archaludon|spa|1
|-anim|p2b: Archaludon|Electro Shot|p1b: Gholdengo
|-damage|p1b: Gholdengo|50/100y
|
|-weather|RainDance|[upkeep]
|-heal|p2b: Archaludon|49/100|[from] item: Leftovers
|upkeep
|
|t:|1785339436
|switch|p1a: Rotom|Rotom-Wash, L50|100/100
|turn|4
|
|t:|1785339502
|move|p1a: Rotom|Volt Switch|p2a: Pelipper
|-supereffective|p2a: Pelipper|2
|-damage|p2a: Pelipper|0 fnt
|faint|p2a: Pelipper
|
|t:|1785339506
|switch|p1a: Charizard|Charizard-Mega-Y, L50, M, shiny|100/100|[from] Volt Switch
|-weather|SunnyDay|[from] ability: Drought|[of] p1a: Charizard
|move|p1b: Gholdengo|Shadow Ball|p2b: Archaludon
|-damage|p2b: Archaludon|0 fnt
|faint|p2b: Archaludon
|
|-weather|SunnyDay|[upkeep]
|upkeep
|
|t:|1785339514
|switch|p2a: Basculegion|Basculegion, L50, M|100/100
|turn|5
|-message|Roselia Sayo forfeited.
|
|win|sky yeh
||Roselia Sayo is ready for game 2.
||sky yeh is ready for game 2.
|uhtml|next|Next: Game 2 of 3
|l| charnizardnomiss
|l| Edward0516
|l|☆Roselia Sayo
|player|p2|
|l| Manimo_1126
|l| Phoenix Burner
|l| BenBen84
|l|☆sky yeh
|player|p1|
