|j|☆MrGardnHose
|j|☆AzTheProtogen
|html|MrGardnHoseAzTheProtogen    
|uhtml|bestof|Game 3 of a best-of-3
|t:|1786125612
|gametype|doubles
|player|p1|MrGardnHose|jasmine-masters2|
|player|p2|AzTheProtogen|cynthia-gen4|
|gen|9
|tier|[Gen 9 Champions] VGC 2026 Reg M-B (Bo3)
|rule|Species Clause: Limit one of each Pokémon
|rule|Item Clause: Limit 1 of each item
|clearpoke
|poke|p1|Venusaur, L50, F|
|poke|p1|Whimsicott, L50, M|
|poke|p1|Charizard, L50, M|
|poke|p1|Garchomp, L50, M|
|poke|p1|Grimmsnarl, L50, M|
|poke|p1|Incineroar, L50, F|
|poke|p2|Raichu, L50, F|
|poke|p2|Staraptor, L50, F|
|poke|p2|Arcanine-Hisui, L50, M|
|poke|p2|Farigiraf, L50, M|
|poke|p2|Sylveon, L50, F|
|poke|p2|Kingambit, L50, M|
|teampreview|4
|showteam|p1|Venusaur||Venusaurite|Chlorophyll|GigaDrain,SludgeBomb,EarthPower,Protect|Modest||F|||50|]Whimsicott||FocusSash|Prankster|Tailwind,Encore,Protect,Moonblast|Timid||M|||50|]Charizard||CharizarditeY|Blaze|HeatWave,SolarBeam,WeatherBall,Protect|Modest||M|||50|]Garchomp||LifeOrb|RoughSkin|RockSlide,Earthquake,DragonClaw,Protect|Jolly||M|||50|]Grimmsnarl||LightClay|Prankster|Reflect,LightScreen,SpiritBreak,PartingShot|Careful||M|||50|]Incineroar||SitrusBerry|Intimidate|FakeOut,FlareBlitz,DarkestLariat,PartingShot|Adamant||F|||50|
|showteam|p2|Raichu||RaichuniteY|LightningRod|ZapCannon,FocusBlast,FakeOut,Protect|Timid||F|||50|]Staraptor||Staraptite|Intimidate|CloseCombat,DualWingbeat,Tailwind,Protect|Jolly||F|||50|]Arcanine-Hisui||FocusSash|RockHead|FlareBlitz,HeadSmash,ExtremeSpeed,Protect|Jolly||M|||50|]Farigiraf||SitrusBerry|ArmorTail|Psychic,HelpingHand,TrickRoom,Protect|Calm||M|||50|]Sylveon||FairyFeather|Pixilate|HyperVoice,QuickAttack,HyperBeam,Detect|Modest||F|||50|]Kingambit||LifeOrb|Defiant|KowtowCleave,SuckerPunch,SwordsDance,Protect|Adamant||M|||50|
|
|t:|1786125677
|teamsize|p1|4
|teamsize|p2|4
|start
|switch|p1a: Whimsicott|Whimsicott, L50, M|100/100
|switch|p1b: Charizard|Charizard, L50, M|100/100
|switch|p2a: Raichu|Raichu, L50, F|100/100
|switch|p2b: Staraptor|Staraptor, L50, F|100/100
|-ability|p2b: Staraptor|Intimidate|boost
|-unboost|p1a: Whimsicott|atk|1
|-unboost|p1b: Charizard|atk|1
|turn|1
|
|t:|1786125696
|detailschange|p2b: Staraptor|Staraptor-Mega, L50, F
|-mega|p2b: Staraptor|Staraptor|Staraptite
|move|p1a: Whimsicott|Protect|p1a: Whimsicott
|-singleturn|p1a: Whimsicott|Protect
|move|p1b: Charizard|Protect|p1b: Charizard
|-singleturn|p1b: Charizard|Protect
|move|p2a: Raichu|Fake Out|p1b: Charizard
|-activate|p1b: Charizard|move: Protect
|move|p2b: Staraptor|Dual Wingbeat|p1a: Whimsicott
|-activate|p1a: Whimsicott|move: Protect
|
|upkeep
|turn|2
|
|t:|1786125722
|switch|p1b: Garchomp|Garchomp, L50, M|100/100
|move|p1a: Whimsicott|Moonblast|p2b: Staraptor
|-supereffective|p2b: Staraptor|1
|-damage|p2b: Staraptor|13/100
|move|p2b: Staraptor|Dual Wingbeat|p1a: Whimsicott
|-supereffective|p1a: Whimsicott|1
|-damage|p1a: Whimsicott|38/100
|-supereffective|p1a: Whimsicott|1
|-damage|p1a: Whimsicott|0 fnt
|faint|p1a: Whimsicott
|-hitcount|p1: Whimsicott|2
|move|p2a: Raichu|Zap Cannon|p1b: Garchomp
|-immune|p1b: Garchomp
|
|upkeep
|
|t:|1786125730
|switch|p1a: Charizard|Charizard, L50, M|100/100
|turn|3
|
|t:|1786125763
|switch|p2a: Sylveon|Sylveon, L50, F|100/100
|move|p1a: Charizard|Protect|p1a: Charizard
|-singleturn|p1a: Charizard|Protect
|move|p2b: Staraptor|Tailwind|p2b: Staraptor
|-sidestart|p2: AzTheProtogen|move: Tailwind
|move|p1b: Garchomp|Rock Slide|p2b: Staraptor|[spread] 
|-miss|p1b: Garchomp|p2a: Sylveon
|-miss|p1b: Garchomp|p2b: Staraptor
|
|upkeep
|turn|4
|
|t:|1786125795
|detailschange|p1a: Charizard|Charizard-Mega-Y, L50, M
|-mega|p1a: Charizard|Charizard|Charizardite Y
|-weather|SunnyDay|[from] ability: Drought|[of] p1a: Charizard
|move|p2b: Staraptor|Protect|p2b: Staraptor
|-singleturn|p2b: Staraptor|Protect
|move|p1b: Garchomp|Protect|p1b: Garchomp
|-singleturn|p1b: Garchomp|Protect
|move|p2a: Sylveon|Hyper Voice|p1a: Charizard|[spread] p1a
|-activate|p1b: Garchomp|move: Protect
|-resisted|p1a: Charizard|1
|-damage|p1a: Charizard|76/100
|move|p1a: Charizard|Heat Wave|p2a: Sylveon|[spread] p2a
|-activate|p2b: Staraptor|move: Protect
|-damage|p2a: Sylveon|52/100
|
|-weather|SunnyDay|[upkeep]
|upkeep
|turn|5
|
|t:|1786125814
|switch|p1b: Venusaur|Venusaur, L50, F|100/100
|move|p2b: Staraptor|Dual Wingbeat|p1a: Charizard
|-damage|p1a: Charizard|55/100
|-damage|p1a: Charizard|30/100
|-hitcount|p1a: Charizard|2
|move|p2a: Sylveon|Hyper Beam|p1b: Venusaur
|-resisted|p1b: Venusaur|1
|-damage|p1b: Venusaur|50/100g
|-mustrecharge|p2a: Sylveon
|move|p1a: Charizard|Heat Wave|p2b: Staraptor|[spread] p2a,p2b
|-damage|p2a: Sylveon|0 fnt
|-damage|p2b: Staraptor|0 fnt
|faint|p2a: Sylveon
|faint|p2b: Staraptor
|
|-weather|SunnyDay|[upkeep]
|upkeep
|
|t:|1786125828
|switch|p2b: Raichu|Raichu, L50, F|100/100
|switch|p2a: Farigiraf|Farigiraf, L50, M|100/100
|turn|6
|
|t:|1786125849
|switch|p1a: Garchomp|Garchomp, L50, M|100/100
|move|p2b: Raichu|Protect|p2b: Raichu
|-singleturn|p2b: Raichu|Protect
|move|p1b: Venusaur|Earth Power|p2b: Raichu
|-activate|p2b: Raichu|move: Protect
|move|p2a: Farigiraf|Trick Room|p2a: Farigiraf
|-fieldstart|move: Trick Room|[of] p2a: Farigiraf
|
|-weather|SunnyDay|[upkeep]
|-sideend|p2: AzTheProtogen|move: Tailwind
|upkeep
|turn|7
|
|t:|1786125866
|move|p1b: Venusaur|Protect|p1b: Venusaur
|-singleturn|p1b: Venusaur|Protect
|move|p2a: Farigiraf|Psychic|p1b: Venusaur
|-activate|p1b: Venusaur|move: Protect
|move|p1a: Garchomp|Earthquake|p2b: Raichu|[spread] p2a,p2b
|-activate|p1b: Venusaur|move: Protect
|-supereffective|p2b: Raichu|1
|-damage|p2a: Farigiraf|54/100
|-damage|p2b: Raichu|0 fnt
|faint|p2b: Raichu
|-damage|p1a: Garchomp|90/100|[from] item: Life Orb
|
|-weather|SunnyDay|[upkeep]
|upkeep
|turn|8
|
|t:|1786125881
|move|p2a: Farigiraf|Psychic|p1b: Venusaur
|-supereffective|p1b: Venusaur|1
|-damage|p1b: Venusaur|0 fnt
|faint|p1b: Venusaur
|move|p1a: Garchomp|Dragon Claw|p2a: Farigiraf
|-damage|p2a: Farigiraf|7/100
|-enditem|p2a: Farigiraf|Sitrus Berry|[eat]
|-heal|p2a: Farigiraf|32/100|[from] item: Sitrus Berry
|-damage|p1a: Garchomp|80/100|[from] item: Life Orb
|
|-weather|none
|upkeep
|
|t:|1786125890
|switch|p1b: Charizard|Charizard-Mega-Y, L50, M|30/100
|-weather|SunnyDay|[from] ability: Drought|[of] p1b: Charizard
|turn|9
|
|t:|1786125898
|move|p2a: Farigiraf|Psychic|p1b: Charizard
|-damage|p1b: Charizard|0 fnt
|faint|p1b: Charizard
|move|p1a: Garchomp|Dragon Claw|p2a: Farigiraf
|-damage|p2a: Farigiraf|0 fnt
|faint|p2a: Farigiraf
|-damage|p1a: Garchomp|70/100|[from] item: Life Orb
|
|win|MrGardnHose
