|j|☆moicito
|j|☆Lord_of_Ewoks
|html|moicitoLord_of_Ewoks    
|uhtml|bestof|Game 1 of a best-of-3
|t:|1756958708
|gametype|doubles
|player|p1|moicito|caitlin|1151
|player|p2|Lord_of_Ewoks|101|1107
|gen|9
|tier|[Gen 9] VGC 2025 Reg H (Bo3)
|rated|
|rule|Species Clause: Limit one of each Pokémon
|rule|Item Clause: Limit 1 of each item
|clearpoke
|poke|p1|Kingambit, L50, F|
|poke|p1|Rillaboom, L50, F|
|poke|p1|Magmar, L50, M|
|poke|p1|Primarina, L50, M|
|poke|p1|Sneasler, L50, F|
|poke|p1|Dragapult, L50, F|
|poke|p2|Blaziken, L50, F|
|poke|p2|Primarina, L50, M|
|poke|p2|Serperior, L50, F|
|poke|p2|Incineroar, L50, F|
|poke|p2|Indeedee-F, L50, F|
|poke|p2|Dragapult, L50, M|
|teampreview|4
|showteam|p1|Kingambit||BlackGlasses|Defiant|Protect,KowtowCleave,SuckerPunch,SwordsDance|||F|||50|,,,,,Ghost]Rillaboom||AssaultVest|GrassySurge|WoodHammer,GrassyGlide,HighHorsepower,FakeOut|||F|||50|,,,,,Fire]Magmar||Eviolite|VitalSpirit|Overheat,WillOWisp,FollowMe,Protect|||M|||50|,,,,,Ghost]Primarina||SitrusBerry|LiquidVoice|HyperVoice,Moonblast,Haze,Protect|||M|||50|,,,,,Water]Sneasler||FocusSash|PoisonTouch|CloseCombat,DireClaw,Coaching,FakeOut|||F|||50|,,,,,Stellar]Dragapult||ChoiceBand|ClearBody|DragonDarts,TeraBlast,PhantomForce,Uturn|||F|||50|,,,,,Steel
|showteam|p2|Blaziken||ClearAmulet|SpeedBoost|FirePledge,CloseCombat,RockSlide,Protect|||F|||50|,,,,,Dark]Primarina||LifeOrb|LiquidVoice|HyperVoice,Moonblast,WaterPledge,Protect|||M|||50|,,,,,Poison]Serperior||FocusSash|Contrary|LeafStorm,TeraBlast,GrassPledge,Protect|||F|||50|,,,,,Stellar]Incineroar||SitrusBerry|Intimidate|FakeOut,PartingShot,KnockOff,WillOWisp|||F|||50|,,,,,Ghost]Indeedee-F||SafetyGoggles|PsychicSurge|FollowMe,Protect,TrickRoom,Psychic|||F|||50|,,,,,Dark]Dragapult||ChoiceBand|ClearBody|DragonDarts,PhantomForce,Uturn,PsychicFangs|||M|||50|,,,,,Dragon
|inactive|Battle timer is ON: inactive players will automatically lose when time's up. (requested by Lord_of_Ewoks)
|inactive|moicito has 60 seconds left.
|inactive|Lord_of_Ewoks has 60 seconds left.
|
|t:|1756958750
|teamsize|p1|4
|teamsize|p2|4
|start
|switch|p1a: Primarina|Primarina, L50, M|100/100
|switch|p1b: Snisli|Sneasler, L50, F|100/100
|switch|p2a: Blaziken|Blaziken, L50, F|100/100
|switch|p2b: Primarina|Primarina, L50, M|100/100
|turn|1
|inactive|moicito has 30 seconds left.
|inactive|moicito has 20 seconds left.
|inactive|moicito has 15 seconds left.
|
|t:|1756958791
|move|p2a: Blaziken|Protect|p2a: Blaziken
|-singleturn|p2a: Blaziken|Protect
|move|p2b: Primarina|Protect|p2b: Primarina
|-singleturn|p2b: Primarina|Protect
|move|p1b: Snisli|Dire Claw|p2a: Blaziken
|-activate|p2a: Blaziken|move: Protect
|move|p1a: Primarina|Hyper Voice|p2b: Primarina|[spread] 
|-activate|p2a: Blaziken|move: Protect
|-activate|p2b: Primarina|move: Protect
|
|-ability|p2a: Blaziken|Speed Boost|boost
|-boost|p2a: Blaziken|spe|1
|upkeep
|turn|2
|
|t:|1756958811
|-terastallize|p2a: Blaziken|Dark
|move|p2a: Blaziken|Fire Pledge|p1b: Snisli
|-waiting|p2a: Blaziken|p2b: Primarina
|move|p2b: Primarina|Water Pledge|p1b: Snisli|[from] move: Fire Pledge
|-combine
|-enditem|p1b: Snisli|Focus Sash
|-damage|p1b: Snisli|1/100
|-sidestart|p2: Lord_of_Ewoks|Water Pledge
|-damage|p2b: Primarina|91/100|[from] item: Life Orb
|move|p1b: Snisli|Dire Claw|p2b: Primarina
|-supereffective|p2b: Primarina
|-damage|p2b: Primarina|7/100
|-status|p2b: Primarina|slp
|move|p1a: Primarina|Hyper Voice|p2b: Primarina|[spread] p2a,p2b
|-resisted|p2b: Primarina
|-damage|p2a: Blaziken|46/100
|-damage|p2b: Primarina|0 fnt
|faint|p2b: Primarina
|
|-ability|p2a: Blaziken|Speed Boost|boost
|-boost|p2a: Blaziken|spe|1
|upkeep
|
|t:|1756958818
|switch|p2b: Incineroar|Incineroar, L50, F|100/100
|-ability|p2b: Incineroar|Intimidate|boost
|-unboost|p1a: Primarina|atk|1
|-unboost|p1b: Snisli|atk|1
|turn|3
|inactive|moicito has 30 seconds left.
|inactive|moicito has 20 seconds left.
|inactive|moicito has 15 seconds left.
|inactive|moicito has 10 seconds left.
|
|t:|1756958863
|move|p2b: Incineroar|Fake Out|p1a: Primarina
|-damage|p1a: Primarina|89/100
|move|p2a: Blaziken|Rock Slide|p1a: Primarina|[spread] p1a,p1b
|-resisted|p1b: Snisli
|-damage|p1a: Primarina|68/100
|-damage|p1b: Snisli|0 fnt
|faint|p1b: Snisli
|cant|p1a: Primarina|flinch
|
|-ability|p2a: Blaziken|Speed Boost|boost
|-boost|p2a: Blaziken|spe|1
|upkeep
|
|t:|1756958876
|switch|p1b: Rilli|Rillaboom, L50, F, shiny|100/100
|-fieldstart|move: Grassy Terrain|[from] ability: Grassy Surge|[of] p1b: Rilli
|turn|4
|
|t:|1756958893
|-terastallize|p1a: Primarina|Water
|move|p2a: Blaziken|Protect|p2a: Blaziken
|-singleturn|p2a: Blaziken|Protect
|move|p1b: Rilli|Fake Out|p2a: Blaziken
|-activate|p2a: Blaziken|move: Protect
|move|p2b: Incineroar|Will-O-Wisp|p1b: Rilli
|-status|p1b: Rilli|brn
|move|p1a: Primarina|Hyper Voice|p2b: Incineroar|[spread] p2b
|-activate|p2a: Blaziken|move: Protect
|-supereffective|p2b: Incineroar
|-damage|p2b: Incineroar|31/100
|-enditem|p2b: Incineroar|Sitrus Berry|[eat]
|-heal|p2b: Incineroar|56/100|[from] item: Sitrus Berry
|
|-heal|p2a: Blaziken|52/100|[from] Grassy Terrain
|-heal|p1a: Primarina|74/100|[from] Grassy Terrain
|-heal|p2b: Incineroar|62/100|[from] Grassy Terrain
|-damage|p1b: Rilli|95/100 brn|[from] brn
|-ability|p2a: Blaziken|Speed Boost|boost
|-boost|p2a: Blaziken|spe|1
|upkeep
|turn|5
|inactive|moicito has 30 seconds left.
|
|t:|1756958928
|move|p1b: Rilli|Grassy Glide|p2a: Blaziken
|-damage|p2a: Blaziken|19/100
|move|p2a: Blaziken|Rock Slide|p1a: Primarina|[spread] p1a,p1b
|-damage|p1a: Primarina|54/100
|-damage|p1b: Rilli|76/100 brn
|cant|p1a: Primarina|flinch
|move|p2b: Incineroar|Knock Off|p1a: Primarina
|-damage|p1a: Primarina|10/100
|-enditem|p1a: Primarina|Sitrus Berry|[from] move: Knock Off|[of] p2b: Incineroar
|
|-heal|p2a: Blaziken|25/100|[from] Grassy Terrain
|-heal|p1b: Rilli|82/100 brn|[from] Grassy Terrain
|-heal|p1a: Primarina|16/100|[from] Grassy Terrain
|-heal|p2b: Incineroar|68/100|[from] Grassy Terrain
|-damage|p1b: Rilli|76/100 brn|[from] brn
|-sideend|p2: Lord_of_Ewoks|Water Pledge
|-ability|p2a: Blaziken|Speed Boost|boost
|-boost|p2a: Blaziken|spe|1
|upkeep
|turn|6
|inactive|moicito has 30 seconds left.
|
|t:|1756958957
|move|p2a: Blaziken|Protect|p2a: Blaziken
|-singleturn|p2a: Blaziken|Protect
|move|p1a: Primarina|Protect|p1a: Primarina
|-singleturn|p1a: Primarina|Protect
|move|p1b: Rilli|High Horsepower|p2a: Blaziken
|-activate|p2a: Blaziken|move: Protect
|move|p2b: Incineroar|Parting Shot|p1b: Rilli
|-unboost|p1b: Rilli|atk|1
|-unboost|p1b: Rilli|spa|1
|
|t:|1756958966
|switch|p2b: Dragapult|Dragapult, L50, M|100/100|[from] Parting Shot
|
|-heal|p2a: Blaziken|31/100|[from] Grassy Terrain
|-heal|p1b: Rilli|82/100 brn|[from] Grassy Terrain
|-heal|p1a: Primarina|23/100|[from] Grassy Terrain
|-damage|p1b: Rilli|76/100 brn|[from] brn
|-ability|p2a: Blaziken|Speed Boost|boost
|-boost|p2a: Blaziken|spe|1
|upkeep
|turn|7
|
|t:|1756958977
|move|p1b: Rilli|Grassy Glide|p2a: Blaziken
|-damage|p2a: Blaziken|8/100
|move|p2a: Blaziken|Fire Pledge|p1b: Rilli
|-supereffective|p1b: Rilli
|-crit|p1b: Rilli
|-damage|p1b: Rilli|7/100 brn
|move|p2b: Dragapult|Dragon Darts|p1a: Primarina
|-damage|p1a: Primarina|0 fnt
|-anim|p2b: Dragapult|Dragon Darts|p1b: Rilli
|-damage|p1b: Rilli|0 fnt
|faint|p1a: Primarina
|faint|p1b: Rilli
|
|-heal|p2a: Blaziken|14/100|[from] Grassy Terrain
|upkeep
|
|t:|1756958991
|switch|p1a: Dragapult|Dragapult, L50, F|100/100
|turn|8
|
|t:|1756959009
|switch|p2b: Incineroar|Incineroar, L50, F|68/100
|-ability|p2b: Incineroar|Intimidate|boost
|-fail|p1a: Dragapult|unboost|[from] ability: Clear Body|[of] p1a: Dragapult
|move|p2a: Blaziken|Rock Slide|p1a: Dragapult
|-damage|p1a: Dragapult|66/100
|cant|p1a: Dragapult|flinch
|
|-heal|p2a: Blaziken|20/100|[from] Grassy Terrain
|-heal|p1a: Dragapult|72/100|[from] Grassy Terrain
|-heal|p2b: Incineroar|74/100|[from] Grassy Terrain
|-fieldend|move: Grassy Terrain
|upkeep
|turn|9
|
|t:|1756959022
|move|p2a: Blaziken|Rock Slide|p1a: Dragapult
|-damage|p1a: Dragapult|41/100
|move|p1a: Dragapult|Dragon Darts|p2a: Blaziken
|-damage|p2a: Blaziken|0 fnt
|-anim|p1a: Dragapult|Dragon Darts|p2b: Incineroar
|-damage|p2b: Incineroar|41/100
|faint|p2a: Blaziken
|move|p2b: Incineroar|Will-O-Wisp|p1a: Dragapult
|-status|p1a: Dragapult|brn
|
|-damage|p1a: Dragapult|35/100 brn|[from] brn
|upkeep
|
|t:|1756959031
|switch|p2a: Dragapult|Dragapult, L50, M|100/100
|turn|10
|
|t:|1756959036
|move|p2a: Dragapult|Dragon Darts|p1a: Dragapult
|-supereffective|p1a: Dragapult
|-damage|p1a: Dragapult|0 fnt
|faint|p1a: Dragapult
|
|win|Lord_of_Ewoks
||moicito is ready for game 2.
||Lord_of_Ewoks is ready for game 2.
|uhtml|next|Next: Game 2 of 3
|l|☆Lord_of_Ewoks
|player|p2|
