|j|☆friesejung
|j|☆R4ka
|html|friesejungR4ka    
|uhtml|bestof|Game 3 of a best-of-3
|t:|1756883340
|gametype|doubles
|player|p1|friesejung|crasherwake|1212
|player|p2|R4ka|riley|1191
|gen|9
|tier|[Gen 9] VGC 2025 Reg H (Bo3)
|rated|
|rule|Species Clause: Limit one of each Pokémon
|rule|Item Clause: Limit 1 of each item
|clearpoke
|poke|p1|Gholdengo, L50|
|poke|p1|Sneasler, L50, M|
|poke|p1|Rillaboom, L50, M|
|poke|p1|Dragonite, L50, F|
|poke|p1|Ninetales-Alola, L50, F|
|poke|p1|Arcanine-Hisui, L50, F|
|poke|p2|Volcarona, L50, M|
|poke|p2|Kingambit, L50, M|
|poke|p2|Dragonite, L50, F|
|poke|p2|Sneasler, L50, M|
|poke|p2|Rillaboom, L50, M|
|poke|p2|Electabuzz, L50, M|
|teampreview|4
|showteam|p1|Gholdengo||GrassySeed|GoodasGold|NastyPlot,MakeItRain,ShadowBall,Protect||||||50|,,,,,Water]Sneasler||WhiteHerb|Unburden|CloseCombat,DireClaw,Coaching,Protect|||M|||50|,,,,,Ghost]Rillaboom||AssaultVest|GrassySurge|FakeOut,GrassyGlide,DrumBeating,HighHorsepower|||M|||50|,,,,,Fire]Dragonite||LoadedDice|Multiscale|ScaleShot,StompingTantrum,Tailwind,Protect|||F|||50|,,,,,Ground]Ninetales-Alola||FocusSash|SnowWarning|Blizzard,IcyWind,Encore,AuroraVeil|||F|||50|,,,,,Ghost]Arcanine-Hisui||ClearAmulet|Intimidate|RockSlide,FlareBlitz,ExtremeSpeed,Protect|||F|||50|,,,,,Water
|showteam|p2|Volcarona||Leftovers|FlameBody|HeatWave,TeraBlast,QuiverDance,Protect|||M|||50|,,,,,Fairy]Kingambit||BlackGlasses|Defiant|KowtowCleave,SuckerPunch,SwordsDance,Protect|||M|||50|,,,,,Dark]Dragonite||LoadedDice|Multiscale|ScaleShot,ExtremeSpeed,Haze,Protect|||F|||50|,,,,,Steel]Sneasler||FocusSash|PoisonTouch|CloseCombat,DireClaw,FakeOut,Coaching|||M|||50|,,,,,Stellar]Rillaboom||AssaultVest|GrassySurge|WoodHammer,GrassyGlide,HighHorsepower,FakeOut|||M|||50|,,,,,Fire]Electabuzz||Eviolite|VitalSpirit|Thunderbolt,Taunt,FollowMe,Protect|||M|||50|,,,,,Ghost
|inactive|Battle timer is ON: inactive players will automatically lose when time's up. (requested by R4ka)
|
|t:|1756883403
|teamsize|p1|4
|teamsize|p2|4
|start
|switch|p1a: Sneasler|Sneasler, L50, M|100/100
|switch|p1b: Ninetales|Ninetales-Alola, L50, F|100/100
|switch|p2a: Electabuzz|Electabuzz, L50, M|100/100
|switch|p2b: Volcarona|Volcarona, L50, M|100/100
|-weather|Snowscape|[from] ability: Snow Warning|[of] p1b: Ninetales
|turn|1
|inactive|friesejung has 30 seconds left.
|inactive|R4ka has 30 seconds left.
|
|t:|1756883435
|move|p2a: Electabuzz|Follow Me|p2a: Electabuzz
|-singleturn|p2a: Electabuzz|move: Follow Me
|move|p1b: Ninetales|Icy Wind|p2a: Electabuzz|[spread] p2a
|-miss|p1b: Ninetales|p2b: Volcarona
|-damage|p2a: Electabuzz|88/100
|-unboost|p2a: Electabuzz|spe|1
|move|p1a: Sneasler|Close Combat|p2a: Electabuzz
|-damage|p2a: Electabuzz|44/100
|-unboost|p1a: Sneasler|def|1
|-unboost|p1a: Sneasler|spd|1
|-enditem|p1a: Sneasler|White Herb
|-clearnegativeboost|p1a: Sneasler|[silent]
|move|p2b: Volcarona|Quiver Dance|p2b: Volcarona
|-boost|p2b: Volcarona|spa|1
|-boost|p2b: Volcarona|spd|1
|-boost|p2b: Volcarona|spe|1
|
|-weather|Snowscape|[upkeep]
|upkeep
|turn|2
|inactive|R4ka has 30 seconds left.
|inactive|R4ka has 20 seconds left.
|
|t:|1756883472
|move|p2a: Electabuzz|Follow Me|p2a: Electabuzz
|-singleturn|p2a: Electabuzz|move: Follow Me
|move|p1a: Sneasler|Dire Claw|p2a: Electabuzz
|-damage|p2a: Electabuzz|12/100
|move|p2b: Volcarona|Heat Wave|p1a: Sneasler|[spread] p1a,p1b
|-supereffective|p1b: Ninetales
|-damage|p1a: Sneasler|41/100
|-enditem|p1b: Ninetales|Focus Sash
|-damage|p1b: Ninetales|1/100
|move|p1b: Ninetales|Icy Wind|p2a: Electabuzz|[spread] p2a,p2b
|-resisted|p2b: Volcarona
|-damage|p2a: Electabuzz|0 fnt
|-damage|p2b: Volcarona|95/100
|-unboost|p2b: Volcarona|spe|1
|faint|p2a: Electabuzz
|
|-weather|Snowscape|[upkeep]
|-heal|p2b: Volcarona|100/100|[from] item: Leftovers
|upkeep
|
|t:|1756883496
|switch|p2a: Rillaboom|Rillaboom, L50, M|100/100
|-fieldstart|move: Grassy Terrain|[from] ability: Grassy Surge|[of] p2a: Rillaboom
|turn|3
|
|t:|1756883506
|switch|p2a: Kingambit|Kingambit, L50, M|100/100
|move|p1a: Sneasler|Protect|p1a: Sneasler
|-singleturn|p1a: Sneasler|Protect
|move|p1b: Ninetales|Aurora Veil|p1b: Ninetales
|-sidestart|p1: friesejung|move: Aurora Veil
|move|p2b: Volcarona|Heat Wave|p1b: Ninetales|[spread] p1b
|-activate|p1a: Sneasler|move: Protect
|-supereffective|p1b: Ninetales
|-damage|p1b: Ninetales|0 fnt
|faint|p1b: Ninetales
|
|-weather|Snowscape|[upkeep]
|-heal|p1a: Sneasler|47/100|[from] Grassy Terrain
|upkeep
|
|t:|1756883521
|switch|p1b: Dragonite|Dragonite, L50, F|100/100
|turn|4
|inactive|friesejung has 30 seconds left.
|inactive|friesejung has 20 seconds left.
|
|t:|1756883557
|-terastallize|p2b: Volcarona|Fairy
|move|p2a: Kingambit|Sucker Punch|p1b: Dragonite
|-damage|p1b: Dragonite|83/100
|move|p1a: Sneasler|Coaching|p1b: Dragonite
|-boost|p1b: Dragonite|atk|1
|-boost|p1b: Dragonite|def|1
|move|p2b: Volcarona|Tera Blast|p1b: Dragonite|[anim] Tera Blast Fairy
|-supereffective|p1b: Dragonite
|-damage|p1b: Dragonite|0 fnt
|faint|p1b: Dragonite
|
|-weather|Snowscape|[upkeep]
|-heal|p1a: Sneasler|53/100|[from] Grassy Terrain
|upkeep
|
|t:|1756883572
|switch|p1b: Arcanine|Arcanine-Hisui, L50, F|100/100
|-ability|p1b: Arcanine|Intimidate|boost
|-unboost|p2a: Kingambit|atk|1
|-ability|p2a: Kingambit|Defiant|boost
|-boost|p2a: Kingambit|atk|2
|-unboost|p2b: Volcarona|atk|1
|turn|5
|inactive|R4ka has 30 seconds left.
|
|t:|1756883604
|move|p2a: Kingambit|Protect|p2a: Kingambit
|-singleturn|p2a: Kingambit|Protect
|move|p1a: Sneasler|Close Combat|p2a: Kingambit
|-activate|p2a: Kingambit|move: Protect
|move|p1b: Arcanine|Flare Blitz|p2b: Volcarona
|-damage|p2b: Volcarona|33/100
|-damage|p1b: Arcanine|78/100|[from] Recoil
|move|p2b: Volcarona|Heat Wave|p1b: Arcanine|[spread] p1a,p1b
|-resisted|p1b: Arcanine
|-damage|p1a: Sneasler|12/100
|-damage|p1b: Arcanine|67/100
|
|-weather|none
|-heal|p1a: Sneasler|18/100|[from] Grassy Terrain
|-heal|p1b: Arcanine|72/100|[from] Grassy Terrain
|-heal|p2b: Volcarona|40/100|[from] Grassy Terrain
|-heal|p2b: Volcarona|46/100|[from] item: Leftovers
|upkeep
|turn|6
|inactive|R4ka has 30 seconds left.
|inactive|R4ka has 20 seconds left.
|
|t:|1756883643
|move|p1b: Arcanine|Protect|p1b: Arcanine
|-singleturn|p1b: Arcanine|Protect
|move|p2a: Kingambit|Sucker Punch||[still]
|-fail|p2a: Kingambit
|move|p1a: Sneasler|Coaching|p1b: Arcanine
|-boost|p1b: Arcanine|atk|1
|-boost|p1b: Arcanine|def|1
|move|p2b: Volcarona|Heat Wave|p1a: Sneasler|[spread] p1a
|-activate|p1b: Arcanine|move: Protect
|-damage|p1a: Sneasler|0 fnt
|faint|p1a: Sneasler
|
|-heal|p1b: Arcanine|78/100|[from] Grassy Terrain
|-heal|p2b: Volcarona|52/100|[from] Grassy Terrain
|-heal|p2b: Volcarona|58/100|[from] item: Leftovers
|upkeep
|turn|7
|inactive|friesejung has 30 seconds left.
|
|t:|1756883677
|move|p2b: Volcarona|Protect|p2b: Volcarona
|-singleturn|p2b: Volcarona|Protect
|move|p2a: Kingambit|Protect|p2a: Kingambit
|-singleturn|p2a: Kingambit|Protect
|move|p1b: Arcanine|Rock Slide|p2b: Volcarona|[spread] 
|-activate|p2a: Kingambit|move: Protect
|-activate|p2b: Volcarona|move: Protect
|
|-heal|p1b: Arcanine|84/100|[from] Grassy Terrain
|-heal|p2b: Volcarona|65/100|[from] Grassy Terrain
|-heal|p2b: Volcarona|71/100|[from] item: Leftovers
|-sideend|p1: friesejung|move: Aurora Veil
|-fieldend|move: Grassy Terrain
|upkeep
|turn|8
|
|t:|1756883699
|move|p2a: Kingambit|Sucker Punch|p1b: Arcanine
|-damage|p1b: Arcanine|26/100
|move|p1b: Arcanine|Flare Blitz|p2a: Kingambit
|-supereffective|p2a: Kingambit
|-damage|p2a: Kingambit|0 fnt
|faint|p2a: Kingambit
|-damage|p1b: Arcanine|0 fnt|[from] Recoil
|faint|p1b: Arcanine
|
|win|R4ka
|raw|friesejung's rating: 1212 → 1185(-27 for losing)
|raw|R4ka's rating: 1191 → 1218(+27 for winning)
|l|☆friesejung
|player|p1|
