|j|☆MasterSkillsalt
|j|☆PsychedelicDawgII
|html|MasterSkillsaltPsychedelicDawgII    
|uhtml|bestof|Game 1 of a best-of-3
|t:|1784077012
|gametype|doubles
|player|p1|MasterSkillsalt|2|
|player|p2|PsychedelicDawgII|clerk|
|gen|9
|tier|[Gen 9 Champions] VGC 2026 Reg M-B (Bo3)
|rule|Species Clause: Limit one of each Pokémon
|rule|Item Clause: Limit 1 of each item
|clearpoke
|poke|p1|Sceptile, L50, F|
|poke|p1|Archaludon, L50, F|
|poke|p1|Starmie, L50|
|poke|p1|Liepard, L50, F|
|poke|p1|Politoed, L50, F|
|poke|p1|Zoroark, L50, M|
|poke|p2|Dragapult, L50, M|
|poke|p2|Pinsir, L50, M|
|poke|p2|Volcarona, L50, M|
|poke|p2|Grimmsnarl, L50, M|
|poke|p2|Tyranitar, L50, F|
|poke|p2|Toxicroak, L50, M|
|teampreview|4
|showteam|p1|Sceptile||SitrusBerry|Unburden|LeafStorm,DragonPulse,EarthPower,ShedTail|Modest||F|||50|]Archaludon||ShellBell|Stamina|FlashCannon,ElectroShot,DracoMeteor,Protect|Modest||F|||50|]Starmie||Starminite|NaturalCure|AquaJet,Protect,Liquidation,IceSpinner|Adamant|||||50|]Liepard||FocusSash|Prankster|Encore,Charm,FakeOut,KnockOff|Jolly||F|||50|]Politoed||Leftovers|Drizzle|WeatherBall,PerishSong,Protect,IcyWind|Bold||F|||50|]Zoroark||BrightPowder|Illusion|RainDance,NastyPlot,Taunt,NightDaze|Timid||M|||50|
|showteam|p2|Dragapult||ChoiceScarf|Infiltrator|Thunder,ShadowBall,DracoMeteor,Uturn|Modest||M|||50|]Pinsir||Pinsirite|HyperCutter|Protect,BodySlam,CloseCombat,Feint|Jolly||M|||50|]Volcarona||Leftovers|FlameBody|Protect,QuiverDance,HeatWave,GigaDrain|Modest||M|||50|]Grimmsnarl||LightClay|Prankster|FakeOut,LightScreen,PartingShot,SpiritBreak|Adamant||M|||50|]Tyranitar||Tyranitarite|SandStream|Protect,Superpower,KnockOff,Earthquake|Brave||F|||50|]Toxicroak||LifeOrb|DrySkin|LowKick,SuckerPunch,PoisonJab,FakeOut|Adamant||M|||50|
|j| applejuice1738
|c| applejuice1738|ah shit ban that Volcarona
|c| applejuice1738|THROW THAT MF OUTTA DA GAME
|
|t:|1784077116
|teamsize|p1|4
|teamsize|p2|4
|start
|switch|p1a: zoraok|Sceptile, L50, F|100/100
|switch|p1b: the second tower|Archaludon, L50, F|100/100
|switch|p2a: Lockheed|Dragapult, L50, M|100/100
|switch|p2b: The Greek|Grimmsnarl, L50, M|100/100
|turn|1
|
|t:|1784077137
|move|p2b: The Greek|Fake Out|p1a: zoraok
|-damage|p1a: zoraok|75/100
|move|p2a: Lockheed|Draco Meteor|p1b: the second tower
|-damage|p1b: the second tower|0 fnt
|-unboost|p2a: Lockheed|spa|2
|replace|p1b: Zoroark|Zoroark, L50, M
|-end|p1b: Zoroark|Illusion
|faint|p1b: Zoroark
|cant|p1a: zoraok|flinch
|
|upkeep
|
|t:|1784077148
|switch|p1b: not zoroak|Starmie, L50|100/100
|turn|2
|
|t:|1784077165
|switch|p2a: Toxicroak|Toxicroak, L50, M|100/100
|detailschange|p1b: not zoroak|Starmie-Mega, L50
|-mega|p1b: not zoroak|Starmie|Starminite
|move|p2b: The Greek|Light Screen|p2b: The Greek
|-sidestart|p2: PsychedelicDawgII|move: Light Screen
|move|p1a: zoraok|Shed Tail|p1a: zoraok
|-start|p1a: zoraok|Substitute|[from] move: Shed Tail
|-damage|p1a: zoraok|24/100
|-enditem|p1a: zoraok|Sitrus Berry|[eat]
|-heal|p1a: zoraok|49/100|[from] item: Sitrus Berry
|
|t:|1784077175
|switch|p1a: the second tower|Archaludon, L50, F|100/100|[from] Shed Tail
|move|p1b: not zoroak|Ice Spinner|p2a: Toxicroak
|-damage|p2a: Toxicroak|20/100y
|
|upkeep
|turn|3
|
|t:|1784077213
|move|p1b: not zoroak|Protect|p1b: not zoroak
|-singleturn|p1b: not zoroak|Protect
|move|p2a: Toxicroak|Sucker Punch||[still]
|-fail|p2a: Toxicroak
|move|p1a: the second tower|Flash Cannon|p2b: The Greek
|-supereffective|p2b: The Greek|1
|-damage|p2b: The Greek|30/100
|move|p2b: The Greek|Spirit Break|p1a: the second tower
|-end|p1a: the second tower|Substitute
|
|upkeep
|turn|4
|
|t:|1784077240
|move|p1b: not zoroak|Aqua Jet|p2b: The Greek
|-damage|p2b: The Greek|0 fnt
|faint|p2b: The Greek
|move|p2a: Toxicroak|Sucker Punch||[still]
|-fail|p2a: Toxicroak
|move|p1a: the second tower|Flash Cannon|p2a: Toxicroak
|-damage|p2a: Toxicroak|0 fnt
|faint|p2a: Toxicroak
|
|upkeep
|
|t:|1784077250
|switch|p2a: Claymore|Tyranitar, L50, F|100/100
|switch|p2b: Lockheed|Dragapult, L50, M|100/100
|-weather|Sandstorm|[from] ability: Sand Stream|[of] p2a: Claymore
|turn|5
|
|t:|1784077313
|detailschange|p2a: Claymore|Tyranitar-Mega, L50, F
|-mega|p2a: Claymore|Tyranitar|Tyranitarite
|move|p2a: Claymore|Protect|p2a: Claymore
|-singleturn|p2a: Claymore|Protect
|move|p2b: Lockheed|Draco Meteor|p1a: the second tower
|-damage|p1a: the second tower|17/100
|-unboost|p2b: Lockheed|spa|2
|-ability|p1a: the second tower|Stamina|boost
|-boost|p1a: the second tower|def|1
|move|p1b: not zoroak|Ice Spinner|p2b: Lockheed
|-supereffective|p2b: Lockheed|1
|-damage|p2b: Lockheed|0 fnt
|faint|p2b: Lockheed
|move|p1a: the second tower|Draco Meteor|p2a: Claymore
|-activate|p2a: Claymore|move: Protect
|
|-weather|Sandstorm|[upkeep]
|-damage|p1b: not zoroak|94/100|[from] Sandstorm
|upkeep
|turn|6
|
|t:|1784077341
|move|p1b: not zoroak|Liquidation|p2a: Claymore
|-supereffective|p2a: Claymore|1
|-damage|p2a: Claymore|0 fnt
|faint|p2a: Claymore
|
|win|MasterSkillsalt
|l|☆PsychedelicDawgII
|player|p2|
||PsychedelicDawgII is ready for game 2.
|inactive|MasterSkillsalt has 30 seconds to confirm battle start!
||MasterSkillsalt is ready for game 2.
|uhtml|next|Next: Game 2 of 3
