|j|☆gohan92
|j|☆Neofalcon
|html|gohan92Neofalcon    
|uhtml|bestof|Game 2 of a best-of-3
|t:|1756407199
|gametype|doubles
|player|p1|gohan92|169|1198
|player|p2|Neofalcon|2|1201
|gen|9
|tier|[Gen 9] VGC 2025 Reg H (Bo3)
|rated|
|rule|Species Clause: Limit one of each Pokémon
|rule|Item Clause: Limit 1 of each item
|clearpoke
|poke|p1|Ursaluna-Bloodmoon, L50, M|
|poke|p1|Gholdengo, L50|
|poke|p1|Dragonite, L50, F|
|poke|p1|Annihilape, L50, F|
|poke|p1|Dondozo, L50, F|
|poke|p1|Volcarona, L50, M|
|poke|p2|Amoonguss, L50, F|
|poke|p2|Sneasler, L50, F|
|poke|p2|Gholdengo, L50|
|poke|p2|Incineroar, L50, M|
|poke|p2|Ursaluna-Bloodmoon, L50, M|
|poke|p2|Dragonite, L50, M|
|teampreview|4
|showteam|p1|Ursaluna-Bloodmoon||AssaultVest|MindsEye|BloodMoon,HyperVoice,EarthPower,VacuumWave|||M|||50|,,,,,Normal]Gholdengo||ChoiceScarf|GoodasGold|MakeItRain,ShadowBall,PowerGem,Trick||||||50|,,,,,Steel]Dragonite||LoadedDice|Multiscale|ScaleShot,ExtremeSpeed,Haze,Protect|||F|||50|,,,,,Fairy]Annihilape||FocusSash|Defiant|CloseCombat,RageFist,FinalGambit,Coaching|||F|||50|,,,,,Stellar]Dondozo||Leftovers|Unaware|WaveCrash,Fissure,Yawn,Protect|||F|||50|,,,,,Bug]Volcarona||RockyHelmet|FlameBody|HeatWave,Tailwind,RagePowder,Protect|||M|||50|,,,,,Water
|showteam|p2|Amoonguss||SitrusBerry|Regenerator|RagePowder,Spore,PollenPuff,Protect|||F|||50|,,,,,Psychic]Sneasler||FocusSash|Unburden|Protect,DireClaw,CloseCombat,ThroatChop|||F|||50|,,,,,Stellar]Gholdengo||LifeOrb|GoodasGold|Protect,MakeItRain,ShadowBall,NastyPlot||||||50|,,,,,Water]Incineroar||SafetyGoggles|Intimidate|KnockOff,PartingShot,FlareBlitz,FakeOut|||M|||50|,,,,,Ghost]Ursaluna-Bloodmoon||AssaultVest|MindsEye|BloodMoon,EarthPower,VacuumWave,HyperVoice|||M|||50|,,,,,Water]Dragonite||LoadedDice|Multiscale|ScaleShot,Tailwind,Haze,Protect|||M|||50|,,,,,Fairy
|j| MIKHOL
|l| MIKHOL
|inactive|Battle timer is ON: inactive players will automatically lose when time's up. (requested by gohan92)
|
|t:|1756407285
|teamsize|p1|4
|teamsize|p2|4
|start
|switch|p1a: Annihilape|Annihilape, L50, F|100/100
|switch|p1b: Dragonite|Dragonite, L50, F|100/100
|switch|p2a: Zzzzzzzz|Amoonguss, L50, F|100/100
|switch|p2b: Say Cheese|Gholdengo, L50|100/100
|turn|1
|inactive|gohan92 has 30 seconds left.
|inactive|Neofalcon has 30 seconds left.
|inactive|gohan92 has 20 seconds left.
|inactive|Neofalcon has 20 seconds left.
|
|t:|1756407325
|move|p1b: Dragonite|Protect|p1b: Dragonite
|-singleturn|p1b: Dragonite|Protect
|move|p2a: Zzzzzzzz|Rage Powder|p2a: Zzzzzzzz
|-singleturn|p2a: Zzzzzzzz|move: Rage Powder
|move|p1a: Annihilape|Coaching|p1b: Dragonite
|-boost|p1b: Dragonite|atk|1
|-boost|p1b: Dragonite|def|1
|move|p2b: Say Cheese|Shadow Ball|p1a: Annihilape
|-supereffective|p1a: Annihilape
|-damage|p1a: Annihilape|6/100
|-damage|p2b: Say Cheese|91/100|[from] item: Life Orb
|
|upkeep
|turn|2
|
|t:|1756407349
|move|p2b: Say Cheese|Protect|p2b: Say Cheese
|-singleturn|p2b: Say Cheese|Protect
|move|p1a: Annihilape|Coaching|p1b: Dragonite
|-boost|p1b: Dragonite|atk|1
|-boost|p1b: Dragonite|def|1
|move|p1b: Dragonite|Scale Shot|p2a: Zzzzzzzz
|-damage|p2a: Zzzzzzzz|80/100
|-damage|p2a: Zzzzzzzz|60/100
|-damage|p2a: Zzzzzzzz|38/100
|-enditem|p2a: Zzzzzzzz|Sitrus Berry|[eat]
|-heal|p2a: Zzzzzzzz|63/100|[from] item: Sitrus Berry
|-damage|p2a: Zzzzzzzz|41/100
|-hitcount|p2a: Zzzzzzzz|4
|-unboost|p1b: Dragonite|def|1
|-boost|p1b: Dragonite|spe|1
|move|p2a: Zzzzzzzz|Spore|p1b: Dragonite
|-status|p1b: Dragonite|slp|[from] move: Spore
|
|upkeep
|turn|3
|inactive|Neofalcon has 30 seconds left.
|inactive|Neofalcon has 20 seconds left.
|
|t:|1756407387
|switch|p1a: Gholdengo|Gholdengo, L50|100/100
|switch|p2a: Tony|Ursaluna-Bloodmoon, L50, M|100/100
|-terastallize|p2b: Say Cheese|Water
|cant|p1b: Dragonite|slp
|move|p2b: Say Cheese|Make It Rain|p1a: Gholdengo|[spread] p1a,p1b
|-resisted|p1a: Gholdengo
|-damage|p1a: Gholdengo|67/100
|-damage|p1b: Dragonite|72/100 slp
|-unboost|p2b: Say Cheese|spa|1
|-damage|p2b: Say Cheese|82/100|[from] item: Life Orb
|
|upkeep
|turn|4
|
|t:|1756407410
|switch|p2b: Zzzzzzzz|Amoonguss, L50, F|74/100
|-terastallize|p1a: Gholdengo|Steel
|cant|p1b: Dragonite|slp
|move|p1a: Gholdengo|Make It Rain|p2a: Tony|[spread] p2a,p2b
|-damage|p2a: Tony|58/100
|-damage|p2b: Zzzzzzzz|16/100
|-unboost|p1a: Gholdengo|spa|1
|move|p2a: Tony|Blood Moon|p1b: Dragonite
|-damage|p1b: Dragonite|0 fnt
|faint|p1b: Dragonite
|
|upkeep
|
|t:|1756407425
|switch|p1b: Ursaluna|Ursaluna-Bloodmoon, L50, M|100/100
|turn|5
|inactive|Neofalcon has 30 seconds left.
|inactive|Neofalcon has 20 seconds left.
|inactive|Neofalcon has 15 seconds left.
|inactive|Neofalcon has 10 seconds left.
|
|t:|1756407471
|switch|p1a: Annihilape|Annihilape, L50, F|6/100
|move|p2b: Zzzzzzzz|Rage Powder|p2b: Zzzzzzzz
|-singleturn|p2b: Zzzzzzzz|move: Rage Powder
|move|p1b: Ursaluna|Hyper Voice|p2b: Zzzzzzzz|[spread] p2a,p2b
|-damage|p2a: Tony|32/100
|-damage|p2b: Zzzzzzzz|0 fnt
|faint|p2b: Zzzzzzzz
|move|p2a: Tony|Earth Power|p1a: Annihilape
|-damage|p1a: Annihilape|0 fnt
|faint|p1a: Annihilape
|
|upkeep
|
|t:|1756407493
|switch|p1a: Gholdengo|Gholdengo, L50, tera:Steel|67/100
|switch|p2b: Say Cheese|Gholdengo, L50, tera:Water|82/100
|turn|6
|
|t:|1756407510
|move|p2a: Tony|Vacuum Wave|p1a: Gholdengo
|-supereffective|p1a: Gholdengo
|-damage|p1a: Gholdengo|30/100
|move|p1a: Gholdengo|Make It Rain|p2b: Say Cheese|[spread] p2a,p2b
|-resisted|p2b: Say Cheese
|-damage|p2a: Tony|0 fnt
|-damage|p2b: Say Cheese|43/100
|-unboost|p1a: Gholdengo|spa|1
|faint|p2a: Tony
|move|p2b: Say Cheese|Shadow Ball|p1a: Gholdengo
|-damage|p1a: Gholdengo|0 fnt
|faint|p1a: Gholdengo
|-damage|p2b: Say Cheese|33/100|[from] item: Life Orb
|move|p1b: Ursaluna|Blood Moon|p2b: Say Cheese
|-damage|p2b: Say Cheese|0 fnt
|faint|p2b: Say Cheese
|
|upkeep
|
|t:|1756407525
|switch|p2b: 8|Sneasler, L50, F|100/100
|turn|7
|
|t:|1756407529
|move|p2b: 8|Close Combat|p1b: Ursaluna
|-supereffective|p1b: Ursaluna
|-damage|p1b: Ursaluna|4/100
|-unboost|p2b: 8|def|1
|-unboost|p2b: 8|spd|1
|move|p1b: Ursaluna|Earth Power|p2b: 8
|-supereffective|p2b: 8
|-enditem|p2b: 8|Focus Sash
|-damage|p2b: 8|1/100
|
|upkeep
|turn|8
|
|t:|1756407539
|move|p1b: Ursaluna|Vacuum Wave|p2b: 8
|-resisted|p2b: 8
|-damage|p2b: 8|0 fnt
|faint|p2b: 8
|
|win|gohan92
|raw|gohan92's rating: 1198 → 1223(+25 for winning)
|raw|Neofalcon's rating: 1201 → 1176(-25 for losing)
|l|☆Neofalcon
|player|p2|
