|j|☆viatles
|j|☆PigsPigsPigsPigs
|html|viatlesPigsPigsPigsPigs    
|uhtml|bestof|Game 2 of a best-of-3
|t:|1757797515
|gametype|doubles
|player|p1|viatles|hiker|1075
|player|p2|PigsPigsPigsPigs|marley|1085
|gen|9
|tier|[Gen 9] VGC 2025 Reg H (Bo3)
|rated|
|rule|Species Clause: Limit one of each Pokémon
|rule|Item Clause: Limit 1 of each item
|clearpoke
|poke|p1|Scizor, L50, M|
|poke|p1|Talonflame, L50, M|
|poke|p1|Rillaboom, L50, M|
|poke|p1|Garchomp, L50, M|
|poke|p1|Kilowattrel, L50, M|
|poke|p1|Garganacl, L50, M|
|poke|p2|Indeedee-F, L50, F|
|poke|p2|Armarouge, L50, F|
|poke|p2|Ursaluna, L50, F|
|poke|p2|Gallade, L50, M|
|poke|p2|Incineroar, L50, F|
|poke|p2|Sneasler, L50, M|
|teampreview|4
|showteam|p1|Scizor||LifeOrb|Technician|BulletPunch,BugBite,DualWingbeat,Protect|||M|||50|,,,,,Fire]Talonflame||CovertCloak|GaleWings|DualWingbeat,Tailwind,Taunt,FlareBlitz|||M|||50|,,,,,Flying]Rillaboom||AssaultVest|GrassySurge|FakeOut,GrassyGlide,Uturn,WoodHammer|||M|||50|,,,,,Fairy]Garchomp||ClearAmulet|RoughSkin|IronHead,Earthquake,DragonClaw,Protect|||M|||50|,,,,,Steel]Kilowattrel||FocusSash|Competitive|Discharge,AirSlash,Tailwind,Protect|||M|||50|,,,,,Ghost]Garganacl||Leftovers|PurifyingSalt|SaltCure,Recover,Protect,RockSlide|||M|||50|,,,,,Grass
|showteam|p2|Indeedee-F||FocusSash|PsychicSurge|FollowMe,TrickRoom,HelpingHand,Psychic|||F|||50|,,,,,Fairy]Armarouge||LifeOrb|FlashFire|ExpandingForce,ArmorCannon,TrickRoom,Protect|||F|||50|,,,,,Grass]Ursaluna||FlameOrb|Guts|Facade,Earthquake,HeadlongRush,Protect|||F|||50|,,,,,Fairy]Gallade||ClearAmulet|Sharpness|SacredSword,PsychoCut,TrickRoom,WideGuard|||M|||50|,,,,,Steel]Incineroar||SafetyGoggles|Intimidate|FakeOut,FlareBlitz,KnockOff,PartingShot|||F|||50|,,,,,Flying]Sneasler||PsychicSeed|Unburden|DireClaw,CloseCombat,ThroatChop,Protect|||M|||50|,,,,,Stellar
|inactive|Battle timer is ON: inactive players will automatically lose when time's up. (requested by viatles)
|
|t:|1757797546
|teamsize|p1|4
|teamsize|p2|4
|start
|switch|p1a: Kilowattrel|Kilowattrel, L50, M|100/100
|switch|p1b: Garchomp|Garchomp, L50, M|100/100
|switch|p2a: Pomni|Indeedee-F, L50, F|100/100
|switch|p2b: Gummy Goo|Gallade, L50, M|100/100
|-fieldstart|move: Psychic Terrain|[from] ability: Psychic Surge|[of] p2a: Pomni
|turn|1
|
|t:|1757797569
|switch|p1b: Rillaboom|Rillaboom, L50, M|100/100
|-fieldstart|move: Grassy Terrain|[from] ability: Grassy Surge|[of] p1b: Rillaboom
|-terastallize|p2a: Pomni|Fairy
|move|p1a: Kilowattrel|Air Slash|p2a: Pomni
|-damage|p2a: Pomni|72/100
|move|p2b: Gummy Goo|Psycho Cut|p1b: Rillaboom
|-damage|p1b: Rillaboom|45/100
|cant|p2a: Pomni|flinch
|
|-heal|p1b: Rillaboom|51/100|[from] Grassy Terrain
|-heal|p2a: Pomni|78/100|[from] Grassy Terrain
|upkeep
|turn|2
|inactive|PigsPigsPigsPigs has 30 seconds left.
|inactive|viatles has 30 seconds left.
|
|t:|1757797600
|switch|p2b: Zooble|Armarouge, L50, F|100/100
|move|p1a: Kilowattrel|Air Slash|p2a: Pomni
|-damage|p2a: Pomni|47/100
|move|p1b: Rillaboom|U-turn|p2b: Zooble
|-damage|p2b: Zooble|79/100
|
|t:|1757797610
|switch|p1b: Scizor|Scizor, L50, M|100/100|[from] U-turn
|cant|p2a: Pomni|flinch
|
|-heal|p2a: Pomni|53/100|[from] Grassy Terrain
|-heal|p2b: Zooble|85/100|[from] Grassy Terrain
|upkeep
|turn|3
|inactive|viatles has 30 seconds left.
|
|t:|1757797643
|-terastallize|p1b: Scizor|Fire
|move|p2a: Pomni|Follow Me|p2a: Pomni
|-singleturn|p2a: Pomni|move: Follow Me
|move|p1b: Scizor|Bullet Punch|p2a: Pomni
|-supereffective|p2a: Pomni
|-damage|p2a: Pomni|0 fnt
|faint|p2a: Pomni
|-damage|p1b: Scizor|91/100|[from] item: Life Orb
|move|p1a: Kilowattrel|Air Slash|p2b: Zooble
|-damage|p2b: Zooble|45/100
|move|p2b: Zooble|Trick Room|p2b: Zooble
|-fieldstart|move: Trick Room|[of] p2b: Zooble
|
|-heal|p2b: Zooble|51/100|[from] Grassy Terrain
|-heal|p1b: Scizor|97/100|[from] Grassy Terrain
|upkeep
|
|t:|1757797656
|switch|p2a: Gummy Goo|Gallade, L50, M|100/100
|turn|4
|
|t:|1757797669
|move|p1b: Scizor|Bullet Punch|p2a: Gummy Goo
|-damage|p2a: Gummy Goo|38/100
|-damage|p1b: Scizor|87/100|[from] item: Life Orb
|move|p2a: Gummy Goo|Psycho Cut|p1b: Scizor
|-damage|p1b: Scizor|26/100
|move|p2b: Zooble|Expanding Force|p1b: Scizor
|-damage|p1b: Scizor|0 fnt
|faint|p1b: Scizor
|-damage|p2b: Zooble|41/100|[from] item: Life Orb
|move|p1a: Kilowattrel|Air Slash|p2a: Gummy Goo
|-supereffective|p2a: Gummy Goo
|-damage|p2a: Gummy Goo|0 fnt
|faint|p2a: Gummy Goo
|
|-heal|p2b: Zooble|47/100|[from] Grassy Terrain
|upkeep
|
|t:|1757797685
|switch|p2a: Cain|Incineroar, L50, F|100/100
|switch|p1b: Rillaboom|Rillaboom, L50, M|51/100
|-ability|p2a: Cain|Intimidate|boost
|-unboost|p1a: Kilowattrel|atk|1
|-ability|p1a: Kilowattrel|Competitive|boost
|-boost|p1a: Kilowattrel|spa|2
|-unboost|p1b: Rillaboom|atk|1
|turn|5
|
|t:|1757797709
|move|p2a: Cain|Fake Out|p1a: Kilowattrel
|-damage|p1a: Kilowattrel|74/100
|move|p1b: Rillaboom|Fake Out|p2b: Zooble
|-damage|p2b: Zooble|38/100
|cant|p2b: Zooble|flinch
|cant|p1a: Kilowattrel|flinch
|
|-heal|p2b: Zooble|44/100|[from] Grassy Terrain
|-heal|p1b: Rillaboom|57/100|[from] Grassy Terrain
|-fieldend|move: Grassy Terrain
|upkeep
|turn|6
|
|t:|1757797728
|move|p1a: Kilowattrel|Protect|p1a: Kilowattrel
|-singleturn|p1a: Kilowattrel|Protect
|move|p2a: Cain|Flare Blitz|p1a: Kilowattrel
|-activate|p1a: Kilowattrel|move: Protect
|move|p2b: Zooble|Armor Cannon|p1b: Rillaboom
|-supereffective|p1b: Rillaboom
|-damage|p1b: Rillaboom|0 fnt
|-unboost|p2b: Zooble|def|1
|-unboost|p2b: Zooble|spd|1
|faint|p1b: Rillaboom
|-damage|p2b: Zooble|34/100|[from] item: Life Orb
|
|upkeep
|
|t:|1757797739
|switch|p1b: Garchomp|Garchomp, L50, M|100/100
|turn|7
|
|t:|1757797757
|move|p2a: Cain|Knock Off|p1b: Garchomp
|-damage|p1b: Garchomp|50/100
|-damage|p2a: Cain|88/100|[from] ability: Rough Skin|[of] p1b: Garchomp
|-enditem|p1b: Garchomp|Clear Amulet|[from] move: Knock Off|[of] p2a: Cain
|move|p2b: Zooble|Expanding Force|p1b: Garchomp
|-damage|p1b: Garchomp|0 fnt
|faint|p1b: Garchomp
|-damage|p2b: Zooble|24/100|[from] item: Life Orb
|move|p1a: Kilowattrel|Discharge|p2b: Zooble|[spread] p2a,p2b
|-damage|p2a: Cain|43/100
|-damage|p2b: Zooble|0 fnt
|faint|p2b: Zooble
|
|-fieldend|move: Trick Room
|upkeep
|turn|8
|
|t:|1757797772
|move|p1a: Kilowattrel|Air Slash|p2a: Cain
|-damage|p2a: Cain|0 fnt
|faint|p2a: Cain
|
|win|viatles
