|j|☆mavrickbfr
|j|☆uPinhuu
|html|mavrickbfruPinhuu    
|uhtml|bestof|Game 1 of a best-of-3
|t:|1785370361
|gametype|doubles
|player|p1|mavrickbfr|gentleman-gen4|
|player|p2|uPinhuu|265|
|gen|9
|tier|[Gen 9 Champions] VGC 2026 Reg M-B (Bo3)
|rule|Species Clause: Limit one of each Pokémon
|rule|Item Clause: Limit 1 of each item
|clearpoke
|poke|p1|Gholdengo, L50|
|poke|p1|Milotic, L50, F, shiny|
|poke|p1|Staraptor, L50, M, shiny|
|poke|p1|Tyranitar, L50, M, shiny|
|poke|p1|Toxapex, L50, M|
|poke|p1|Excadrill, L50, M|
|poke|p2|Aerodactyl, L50, M|
|poke|p2|Kangaskhan, L50, F|
|poke|p2|Sylveon, L50, M|
|poke|p2|Farigiraf, L50, M|
|poke|p2|Torkoal, L50, M, shiny|
|poke|p2|Kingambit, L50, F, shiny|
|teampreview|4
|showteam|p1|Gholdengo||LifeOrb|GoodasGold|MakeItRain,Protect,ShadowBall,NastyPlot|Timid|||||50|]Milotic||SitrusBerry|Competitive|Scald,Protect,IceBeam,Recover|Bold||F|||50|]Staraptor||Staraptite|Intimidate|DualWingbeat,CloseCombat,Uturn,Roost|Jolly||M|||50|]Tyranitar||Tyranitarite|SandStream|RockSlide,Earthquake,Roar,KnockOff|Careful||M|||50|]Toxapex||Leftovers|Regenerator|BanefulBunker,WideGuard,Infestation,Toxic|Calm||M|||50|]Excadrill||FocusSash|SandRush|Earthquake,RockSlide,StompingTantrum,SwordsDance|Adamant||M|||50|
|showteam|p2|Aerodactyl||Aerodactylite|Unnerve|RockSlide,DualWingbeat,Tailwind,Protect|Adamant||M|||50|]Kangaskhan||Kangaskhanite|Scrappy|DoubleEdge,LowKick,IcePunch,FakeOut|Adamant||F|||50|]Sylveon||FairyFeather|Pixilate|HyperVoice,HyperBeam,QuickAttack,Detect|Modest||M|||50|]Farigiraf||SitrusBerry|ArmorTail|Psychic,Thunderbolt,TrickRoom,HelpingHand|Sassy||M|||50|]Torkoal||Charcoal|Drought|Eruption,HeatWave,WeatherBall,Protect|Modest||M|||50|]Kingambit||FocusSash|Defiant|KowtowCleave,IronHead,SuckerPunch,LowKick|Adamant||F|||50|
|
|t:|1785370428
|teamsize|p1|4
|teamsize|p2|4
|start
|switch|p1a: Excadrill|Excadrill, L50, M|100/100
|switch|p1b: Tyranitar|Tyranitar, L50, M, shiny|100/100
|switch|p2a: Farigiraf|Farigiraf, L50, M|100/100
|switch|p2b: Kingambit|Kingambit, L50, F, shiny|100/100
|-weather|Sandstorm|[from] ability: Sand Stream|[of] p1b: Tyranitar
|turn|1
|
|t:|1785370479
|detailschange|p1b: Tyranitar|Tyranitar-Mega, L50, M, shiny
|-mega|p1b: Tyranitar|Tyranitar|Tyranitarite
|move|p1a: Excadrill|Stomping Tantrum|p2a: Farigiraf
|-damage|p2a: Farigiraf|62/100
|move|p2b: Kingambit|Low Kick|p1b: Tyranitar
|-supereffective|p1b: Tyranitar|2
|-damage|p1b: Tyranitar|0 fnt
|faint|p1b: Tyranitar
|move|p2a: Farigiraf|Trick Room|p2a: Farigiraf
|-fieldstart|move: Trick Room|[of] p2a: Farigiraf
|
|-weather|Sandstorm|[upkeep]
|-damage|p2a: Farigiraf|55/100|[from] Sandstorm
|upkeep
|
|t:|1785370511
|switch|p1b: Toxapex|Toxapex, L50, M|100/100
|turn|2
|
|t:|1785370526
|move|p1b: Toxapex|Infestation|p2b: Kingambit
|-damage|p2b: Kingambit|96/100
|-activate|p2b: Kingambit|move: Infestation|[of] p1b: Toxapex
|move|p2a: Farigiraf|Thunderbolt|p1b: Toxapex
|-supereffective|p1b: Toxapex|1
|-crit|p1b: Toxapex
|-damage|p1b: Toxapex|46/100
|move|p2b: Kingambit|Low Kick|p1a: Excadrill
|-supereffective|p1a: Excadrill|1
|-damage|p1a: Excadrill|27/100
|move|p1a: Excadrill|Swords Dance|p1a: Excadrill
|-boost|p1a: Excadrill|atk|2
|
|-weather|Sandstorm|[upkeep]
|-damage|p1b: Toxapex|40/100|[from] Sandstorm
|-damage|p2a: Farigiraf|49/100|[from] Sandstorm
|-enditem|p2a: Farigiraf|Sitrus Berry|[eat]
|-heal|p2a: Farigiraf|74/100|[from] item: Sitrus Berry
|-heal|p1b: Toxapex|46/100|[from] item: Leftovers
|-damage|p2b: Kingambit|83/100|[from] move: Infestation|[partiallytrapped]
|upkeep
|turn|3
|
|t:|1785370565
|switch|p1a: Gholdengo|Gholdengo, L50|100/100
|move|p1b: Toxapex|Infestation|p2a: Farigiraf
|-supereffective|p2a: Farigiraf|1
|-damage|p2a: Farigiraf|69/100
|-activate|p2a: Farigiraf|move: Infestation|[of] p1b: Toxapex
|move|p2a: Farigiraf|Thunderbolt|p1b: Toxapex
|-supereffective|p1b: Toxapex|1
|-damage|p1b: Toxapex|7/100
|move|p2b: Kingambit|Kowtow Cleave|p1a: Gholdengo
|-supereffective|p1a: Gholdengo|1
|-damage|p1a: Gholdengo|2/100
|
|-weather|Sandstorm|[upkeep]
|-damage|p1b: Toxapex|1/100|[from] Sandstorm
|-damage|p2a: Farigiraf|62/100|[from] Sandstorm
|-heal|p1b: Toxapex|7/100|[from] item: Leftovers
|-damage|p2a: Farigiraf|50/100g|[from] move: Infestation|[partiallytrapped]
|-damage|p2b: Kingambit|71/100|[from] move: Infestation|[partiallytrapped]
|upkeep
|turn|4
|
|t:|1785370591
|-heal|p1b: Toxapex|40/100|[from] ability: Regenerator|[silent]
|switch|p1b: Excadrill|Excadrill, L50, M|27/100
|move|p1a: Gholdengo|Protect|p1a: Gholdengo
|-singleturn|p1a: Gholdengo|Protect
|move|p2a: Farigiraf|Psychic|p1a: Gholdengo
|-activate|p1a: Gholdengo|move: Protect
|move|p2b: Kingambit|Iron Head|p1b: Excadrill
|-resisted|p1b: Excadrill|1
|-damage|p1b: Excadrill|0 fnt
|faint|p1b: Excadrill
|
|-weather|Sandstorm|[upkeep]
|-damage|p2a: Farigiraf|44/100|[from] Sandstorm
|-end|p2a: Farigiraf|Infestation|[partiallytrapped]|[silent]
|-end|p2b: Kingambit|Infestation|[partiallytrapped]|[silent]
|upkeep
|
|t:|1785370606
|switch|p1b: Toxapex|Toxapex, L50, M|40/100
|turn|5
|
|t:|1785370618
|move|p1b: Toxapex|Toxic|p2a: Farigiraf
|-status|p2a: Farigiraf|tox
|move|p2a: Farigiraf|Psychic|p1a: Gholdengo
|-resisted|p1a: Gholdengo|1
|-damage|p1a: Gholdengo|0 fnt
|faint|p1a: Gholdengo
|move|p2b: Kingambit|Iron Head|p1b: Toxapex
|-resisted|p1b: Toxapex|1
|-damage|p1b: Toxapex|23/100
|
|-weather|none
|-heal|p1b: Toxapex|29/100|[from] item: Leftovers
|-damage|p2a: Farigiraf|37/100 tox|[from] psn
|-fieldend|move: Trick Room
|upkeep
|turn|6
|
|t:|1785370642
|move|p1b: Toxapex|Baneful Bunker|p1b: Toxapex
|-singleturn|p1b: Toxapex|move: Protect
|move|p2b: Kingambit|Iron Head|p1b: Toxapex
|-activate|p1b: Toxapex|move: Protect
|move|p2a: Farigiraf|Thunderbolt|p1b: Toxapex
|-activate|p1b: Toxapex|move: Protect
|
|-heal|p1b: Toxapex|35/100|[from] item: Leftovers
|-damage|p2a: Farigiraf|25/100 tox|[from] psn
|upkeep
|turn|7
|
|t:|1785370660
|move|p2b: Kingambit|Low Kick|p1b: Toxapex
|-resisted|p1b: Toxapex|1
|-damage|p1b: Toxapex|29/100
|move|p2a: Farigiraf|Thunderbolt|p1b: Toxapex
|-supereffective|p1b: Toxapex|1
|-damage|p1b: Toxapex|0 fnt
|faint|p1b: Toxapex
|
|win|uPinhuu
||mavrickbfr is ready for game 2.
|inactive|uPinhuu has 30 seconds to confirm battle start!
|inactive|uPinhuu has 20 seconds to confirm battle start!
|l|☆mavrickbfr
|player|p1|
|inactive|uPinhuu has 10 seconds to confirm battle start!
