|j|☆prosta1
|j|☆bowserx19
|html|prosta1bowserx19    
|uhtml|bestof|Game 2 of a best-of-3
|t:|1784659996
|gametype|doubles
|player|p1|prosta1|266|1092
|player|p2|bowserx19|miku-ground|1169
|gen|9
|tier|[Gen 9 Champions] VGC 2026 Reg M-B (Bo3)
|rated|
|rule|Species Clause: Limit one of each Pokémon
|rule|Item Clause: Limit 1 of each item
|clearpoke
|poke|p1|Gengar, L50, F|
|poke|p1|Swampert, L50, M|
|poke|p1|Incineroar, L50, F|
|poke|p1|Politoed, L50, M|
|poke|p1|Archaludon, L50, F|
|poke|p1|Vivillon, L50, M|
|poke|p2|Meowstic, L50, M|
|poke|p2|Alakazam, L50, M|
|poke|p2|Lucario, L50, M|
|poke|p2|Annihilape, L50, F, shiny|
|poke|p2|Gholdengo, L50|
|poke|p2|Pelipper, L50, F|
|teampreview|4
|showteam|p1|Gengar||Gengarite|CursedBody|ShadowBall,SludgeBomb,PerishSong,Protect|Timid||F|||50|]Swampert||Swampertite|Damp|WaveCrash,Earthquake,IcePunch,Protect|Adamant||M|||50|]Incineroar||PasshoBerry|Intimidate|ThroatChop,PartingShot,FakeOut,Protect|Careful||F|||50|]Politoed||SitrusBerry|Drizzle|WeatherBall,PerishSong,Encore,Protect|Calm||M|||50|]Archaludon||Leftovers|Stamina|DragonPulse,FlashCannon,ElectroShot,Protect|Modest||F|||50|]Vivillon||FocusSash|CompoundEyes|Hurricane,SleepPowder,RagePowder,Protect|Timid||M|||50|
|showteam|p2|Meowstic||FocusSash|Prankster|ExpandingForce,PsychicTerrain,LightScreen,Protect|Timid||M|||50|]Alakazam||Alakazite|MagicGuard|ExpandingForce,ShadowBall,DazzlingGleam,Protect|Timid||M|||50|]Lucario||Lucarionite|InnerFocus|AuraSphere,FlashCannon,VacuumWave,Detect|Timid||M|||50|]Annihilape||Leftovers|Defiant|BulkUp,DrainPunch,RageFist,Protect|Adamant||F|||50|]Gholdengo||ChoiceScarf|GoodasGold|MakeItRain,ShadowBall,Thunderbolt,PowerGem|Timid|||||50|]Pelipper||LifeOrb|Drizzle|Tailwind,WeatherBall,Hurricane,WideGuard|Modest||F|||50|
|inactive|Battle timer is ON: inactive players will automatically lose when time's up. (requested by bowserx19)
|
|t:|1784660013
|teamsize|p1|4
|teamsize|p2|4
|start
|switch|p1a: Swampert|Swampert, L50, M|100/100
|switch|p1b: Politoed|Politoed, L50, M|100/100
|switch|p2a: Moneybag|Gholdengo, L50|100/100
|switch|p2b: Fury|Annihilape, L50, F, shiny|100/100
|-weather|RainDance|[from] ability: Drizzle|[of] p1b: Politoed
|turn|1
|
|t:|1784660034
|switch|p1b: Vivillon|Vivillon, L50, M|100/100
|detailschange|p1a: Swampert|Swampert-Mega, L50, M
|-mega|p1a: Swampert|Swampert|Swampertite
|move|p2a: Moneybag|Shadow Ball|p1a: Swampert
|-damage|p1a: Swampert|68/100
|move|p1a: Swampert|Earthquake|p2a: Moneybag|[spread] p2a,p2b
|-immune|p1b: Vivillon
|-supereffective|p2a: Moneybag|1
|-damage|p2a: Moneybag|0 fnt
|-damage|p2b: Fury|54/100
|faint|p2a: Moneybag
|move|p2b: Fury|Drain Punch|p1a: Swampert
|-damage|p1a: Swampert|37/100
|-heal|p2b: Fury|69/100|[from] drain|[of] p1a: Swampert
|
|-weather|RainDance|[upkeep]
|-heal|p2b: Fury|75/100|[from] item: Leftovers
|upkeep
|
|t:|1784660043
|switch|p2a: Mewer|Meowstic, L50, M|100/100
|turn|2
|
|t:|1784660059
|move|p1b: Vivillon|Rage Powder|p1b: Vivillon
|-singleturn|p1b: Vivillon|move: Rage Powder
|move|p2a: Mewer|Psychic Terrain|p2a: Mewer
|-fieldstart|move: Psychic Terrain
|move|p1a: Swampert|Earthquake|p2b: Fury|[spread] p2a,p2b
|-immune|p1b: Vivillon
|-damage|p2a: Mewer|30/100
|-damage|p2b: Fury|32/100
|move|p2b: Fury|Drain Punch|p1b: Vivillon
|-resisted|p1b: Vivillon|2
|-damage|p1b: Vivillon|80/100
|-heal|p2b: Fury|39/100|[from] drain|[of] p1b: Vivillon
|
|-weather|RainDance|[upkeep]
|-heal|p2b: Fury|45/100|[from] item: Leftovers
|upkeep
|turn|3
|inactive|bowserx19 has 30 seconds left.
|
|t:|1784660088
|move|p2a: Mewer|Protect|p2a: Mewer
|-singleturn|p2a: Mewer|Protect
|move|p1b: Vivillon|Rage Powder|p1b: Vivillon
|-singleturn|p1b: Vivillon|move: Rage Powder
|move|p1a: Swampert|Earthquake|p2a: Mewer|[spread] p2b
|-activate|p2a: Mewer|move: Protect
|-immune|p1b: Vivillon
|-damage|p2b: Fury|5/100
|move|p2b: Fury|Rage Fist|p1b: Vivillon
|-damage|p1b: Vivillon|0 fnt
|faint|p1b: Vivillon
|
|-weather|RainDance|[upkeep]
|-heal|p2b: Fury|11/100|[from] item: Leftovers
|upkeep
|
|t:|1784660103
|switch|p1b: Archaludon|Archaludon, L50, F|100/100
|turn|4
|
|t:|1784660119
|move|p1a: Swampert|Protect|p1a: Swampert
|-singleturn|p1a: Swampert|Protect
|move|p2a: Mewer|Expanding Force|p1a: Swampert|[spread] p1b
|-activate|p1a: Swampert|move: Protect
|-resisted|p1b: Archaludon|1
|-damage|p1b: Archaludon|71/100
|-ability|p1b: Archaludon|Stamina|boost
|-boost|p1b: Archaludon|def|1
|move|p2b: Fury|Rage Fist|p1a: Swampert
|-activate|p1a: Swampert|move: Protect
|move|p1b: Archaludon|Electro Shot||[still]
|-prepare|p1b: Archaludon|Electro Shot
|-boost|p1b: Archaludon|spa|1
|-anim|p1b: Archaludon|Electro Shot|p2b: Fury
|-damage|p2b: Fury|0 fnt
|faint|p2b: Fury
|
|-weather|RainDance|[upkeep]
|-heal|p1b: Archaludon|77/100|[from] item: Leftovers
|upkeep
|
|t:|1784660126
|switch|p2b: Alakadabra|Alakazam, L50, M|100/100
|turn|5
|
|t:|1784660146
|detailschange|p2b: Alakadabra|Alakazam-Mega, L50, M
|-mega|p2b: Alakadabra|Alakazam|Alakazite
|-ability|p2b: Alakadabra|Stamina|Trace|[from] ability: Trace|[of] p1b: Archaludon
|move|p2a: Mewer|Protect|p2a: Mewer
|-singleturn|p2a: Mewer|Protect
|move|p2b: Alakadabra|Protect|p2b: Alakadabra
|-singleturn|p2b: Alakadabra|Protect
|move|p1b: Archaludon|Protect|p1b: Archaludon
|-singleturn|p1b: Archaludon|Protect
|move|p1a: Swampert|Earthquake|p2a: Mewer|[spread] 
|-activate|p1b: Archaludon|move: Protect
|-activate|p2a: Mewer|move: Protect
|-activate|p2b: Alakadabra|move: Protect
|
|-weather|none
|-heal|p1b: Archaludon|83/100|[from] item: Leftovers
|upkeep
|turn|6
|
|t:|1784660170
|switch|p1a: Politoed|Politoed, L50, M|100/100
|-weather|RainDance|[from] ability: Drizzle|[of] p1a: Politoed
|move|p2a: Mewer|Light Screen|p2a: Mewer
|-sidestart|p2: bowserx19|move: Light Screen
|move|p2b: Alakadabra|Expanding Force|p1a: Politoed|[spread] p1a,p1b
|-resisted|p1b: Archaludon|1
|-damage|p1a: Politoed|48/100
|-damage|p1b: Archaludon|39/100
|-ability|p1b: Archaludon|Stamina|boost
|-boost|p1b: Archaludon|def|1
|-enditem|p1a: Politoed|Sitrus Berry|[eat]
|-heal|p1a: Politoed|73/100|[from] item: Sitrus Berry
|move|p1b: Archaludon|Electro Shot||[still]
|-prepare|p1b: Archaludon|Electro Shot
|-boost|p1b: Archaludon|spa|1
|-anim|p1b: Archaludon|Electro Shot|p2b: Alakadabra
|-damage|p2b: Alakadabra|12/100
|-ability|p2b: Alakadabra|Stamina|boost
|-boost|p2b: Alakadabra|def|1
|
|-weather|RainDance|[upkeep]
|-heal|p1b: Archaludon|45/100|[from] item: Leftovers
|-fieldend|move: Psychic Terrain
|upkeep
|turn|7
|inactive|prosta1 has 30 seconds left.
|
|t:|1784660200
|move|p1b: Archaludon|Protect|p1b: Archaludon
|-singleturn|p1b: Archaludon|Protect
|move|p2a: Mewer|Psychic Terrain|p2a: Mewer
|-fieldstart|move: Psychic Terrain
|move|p2b: Alakadabra|Expanding Force|p1a: Politoed|[spread] p1a
|-activate|p1b: Archaludon|move: Protect
|-damage|p1a: Politoed|22/100
|move|p1a: Politoed|Weather Ball|p2b: Alakadabra
|-damage|p2b: Alakadabra|0 fnt
|faint|p2b: Alakadabra
|
|-weather|RainDance|[upkeep]
|-heal|p1b: Archaludon|51/100|[from] item: Leftovers
|upkeep
|turn|8
|
|t:|1784660218
|move|p1b: Archaludon|Protect||[still]
|-fail|p1b: Archaludon
|move|p2a: Mewer|Expanding Force|p1a: Politoed|[spread] p1a,p1b
|-crit|p1a: Politoed
|-resisted|p1b: Archaludon|1
|-damage|p1a: Politoed|0 fnt
|-damage|p1b: Archaludon|20/100y
|-ability|p1b: Archaludon|Stamina|boost
|-boost|p1b: Archaludon|def|1
|faint|p1a: Politoed
|
|-weather|RainDance|[upkeep]
|-heal|p1b: Archaludon|26/100|[from] item: Leftovers
|upkeep
|
|t:|1784660228
|switch|p1a: Swampert|Swampert-Mega, L50, M|37/100
|turn|9
|
|t:|1784660233
|move|p1a: Swampert|Wave Crash|p2a: Mewer
|-damage|p2a: Mewer|0 fnt
|faint|p2a: Mewer
|-damage|p1a: Swampert|29/100|[from] Recoil
|
|win|prosta1
||bowserx19 is ready for game 3.
|l|☆bowserx19
|player|p2|
||prosta1 is ready for game 3.
|uhtml|next|Next: Game 3 of 3
