|j|☆SpeedRacerRex999
|j|☆eklyst
|html|SpeedRacerRex999eklyst    
|uhtml|bestof|Game 2 of a best-of-3
|t:|1782347920
|gametype|doubles
|player|p1|SpeedRacerRex999|1|1090
|player|p2|eklyst|pokemaniac|1096
|gen|9
|tier|[Gen 9 Champions] VGC 2026 Reg M-B (Bo3)
|rated|
|rule|Species Clause: Limit one of each Pokémon
|rule|Item Clause: Limit 1 of each item
|clearpoke
|poke|p1|Aerodactyl, L50, F|
|poke|p1|Tyranitar, L50, M|
|poke|p1|Glimmora, L50, F|
|poke|p1|Archaludon, L50, F|
|poke|p1|Sinistcha-Masterpiece, L50|
|poke|p1|Pelipper, L50, M|
|poke|p2|Metagross, L50|
|poke|p2|Annihilape, L50, M|
|poke|p2|Garchomp, L50, F|
|poke|p2|Whimsicott, L50, F|
|poke|p2|Arcanine-Hisui, L50, F|
|poke|p2|Kingambit, L50, F|
|teampreview|4
|showteam|p1|Aerodactyl||SharpBeak|Unnerve|DualWingbeat,RockSlide,Tailwind,Protect|Jolly||F|||50|]Tyranitar||Tyranitarite|SandStream|HelpingHand,Earthquake,RockSlide,IcePunch|Adamant||M|||50|]Glimmora||PoisonBarb|ToxicDebris|SludgeWave,DazzlingGleam,EnergyBall,Protect|Timid||F|||50|]Archaludon||ChoiceScarf|Sturdy|ElectroShot,DracoMeteor,SteelBeam,SolarBeam|Timid||F|||50|]Sinistcha-Masterpiece||LifeOrb|Hospitality|MatchaGotcha,ShadowBall,RagePowder,StrengthSap|Timid|||||50|]Pelipper||FocusSash|Drizzle|Tailwind,Hurricane,WeatherBall,WideGuard|Modest||M|||50|
|showteam|p2|Metagross||Metagrossite|ClearBody|BulletPunch,PsychicFangs,MeteorMash,Protect|Adamant|||||50|]Annihilape||Leftovers|Defiant|RageFist,DrainPunch,BulkUp,Protect|Adamant||M|||50|]Garchomp||LifeOrb|RoughSkin|RockSlide,StompingTantrum,DragonClaw,Protect|Jolly||F|||50|]Whimsicott||FocusSash|Prankster|Moonblast,Tailwind,Encore,BeatUp|Timid||F|||50|]Arcanine-Hisui||ChoiceScarf|RockHead|HeadSmash,FlareBlitz,RockSlide,ExtremeSpeed|Adamant||F|||50|]Kingambit||BlackGlasses|Defiant|KowtowCleave,IronHead,SuckerPunch,Protect|Brave||F|||50|
|inactive|Battle timer is ON: inactive players will automatically lose when time's up. (requested by SpeedRacerRex999)
|inactive|eklyst also wants the timer to be on.
|inactive|SpeedRacerRex999 has 60 seconds left.
|inactive|eklyst has 60 seconds left.
|
|t:|1782347975
|teamsize|p1|4
|teamsize|p2|4
|start
|switch|p1a: Pelipper|Pelipper, L50, M|100/100
|switch|p1b: Archaludon|Archaludon, L50, F|100/100
|switch|p2a: Whimsicott|Whimsicott, L50, F|100/100
|switch|p2b: Annihilape|Annihilape, L50, M|100/100
|-weather|RainDance|[from] ability: Drizzle|[of] p1a: Pelipper
|turn|1
|
|t:|1782347988
|move|p2b: Annihilape|Protect|p2b: Annihilape
|-singleturn|p2b: Annihilape|Protect
|move|p2a: Whimsicott|Tailwind|p2a: Whimsicott
|-sidestart|p2: eklyst|move: Tailwind
|move|p1b: Archaludon|Electro Shot||[still]
|-prepare|p1b: Archaludon|Electro Shot
|-boost|p1b: Archaludon|spa|1
|-anim|p1b: Archaludon|Electro Shot|p2b: Annihilape
|-activate|p2b: Annihilape|move: Protect
|move|p1a: Pelipper|Tailwind|p1a: Pelipper
|-sidestart|p1: SpeedRacerRex999|move: Tailwind
|
|-weather|RainDance|[upkeep]
|upkeep
|turn|2
|
|t:|1782348012
|switch|p1a: Aerodactyl|Aerodactyl, L50, F|100/100
|-ability|p1a: Aerodactyl|Unnerve
|move|p1b: Archaludon|Electro Shot||[still]
|-prepare|p1b: Archaludon|Electro Shot
|-boost|p1b: Archaludon|spa|1
|-anim|p1b: Archaludon|Electro Shot|p2b: Annihilape
|-damage|p2b: Annihilape|17/100
|move|p2a: Whimsicott|Beat Up|p2b: Annihilape
|-damage|p2b: Annihilape|15/100
|-damage|p2b: Annihilape|13/100
|-damage|p2b: Annihilape|9/100
|-damage|p2b: Annihilape|7/100
|-hitcount|p2b: Annihilape|4
|move|p2b: Annihilape|Rage Fist|p1b: Archaludon
|-ability|p1b: Archaludon|Sturdy
|-damage|p1b: Archaludon|1/100
|
|-weather|RainDance|[upkeep]
|-heal|p2b: Annihilape|13/100|[from] item: Leftovers
|upkeep
|turn|3
|inactive|SpeedRacerRex999 has 30 seconds left.
|inactive|eklyst has 30 seconds left.
|
|t:|1782348044
|switch|p2a: Metagross|Metagross, L50|100/100
|move|p2b: Annihilape|Protect|p2b: Annihilape
|-singleturn|p2b: Annihilape|Protect
|move|p1b: Archaludon|Electro Shot||[still]
|-prepare|p1b: Archaludon|Electro Shot
|-boost|p1b: Archaludon|spa|1
|-anim|p1b: Archaludon|Electro Shot|p2a: Metagross
|-damage|p2a: Metagross|0 fnt
|faint|p2a: Metagross
|move|p1a: Aerodactyl|Rock Slide|p2b: Annihilape
|-activate|p2b: Annihilape|move: Protect
|
|-weather|RainDance|[upkeep]
|-heal|p2b: Annihilape|19/100|[from] item: Leftovers
|upkeep
|
|t:|1782348060
|switch|p2a: Garchomp|Garchomp, L50, F|100/100
|turn|4
|
|t:|1782348077
|switch|p1b: Pelipper|Pelipper, L50, M|100/100
|move|p1a: Aerodactyl|Dual Wingbeat|p2b: Annihilape
|-supereffective|p2b: Annihilape|1
|-damage|p2b: Annihilape|0 fnt
|faint|p2b: Annihilape
|-hitcount|p2: Annihilape|1
|move|p2a: Garchomp|Rock Slide|p1b: Pelipper|[spread] p1a,p1b
|-supereffective|p1a: Aerodactyl|1
|-supereffective|p1b: Pelipper|1
|-damage|p1a: Aerodactyl|10/100
|-damage|p1b: Pelipper|40/100
|-damage|p2a: Garchomp|90/100|[from] item: Life Orb
|
|-weather|RainDance|[upkeep]
|-sideend|p1: SpeedRacerRex999|move: Tailwind
|-sideend|p2: eklyst|move: Tailwind
|upkeep
|
|t:|1782348090
|switch|p2b: Whimsicott|Whimsicott, L50, F|100/100
|turn|5
|
|t:|1782348101
|move|p1b: Pelipper|Wide Guard|p1b: Pelipper
|-singleturn|p1b: Pelipper|Wide Guard
|move|p2b: Whimsicott|Tailwind|p2b: Whimsicott
|-sidestart|p2: eklyst|move: Tailwind
|move|p2a: Garchomp|Rock Slide|p1a: Aerodactyl|[spread] 
|-activate|p1a: Aerodactyl|move: Wide Guard
|-activate|p1b: Pelipper|move: Wide Guard
|move|p1a: Aerodactyl|Tailwind|p1a: Aerodactyl
|-sidestart|p1: SpeedRacerRex999|move: Tailwind
|
|-weather|none
|upkeep
|turn|6
|
|t:|1782348124
|move|p1a: Aerodactyl|Dual Wingbeat|p2b: Whimsicott
|-supereffective|p2b: Whimsicott|1
|-damage|p2b: Whimsicott|32/100
|-supereffective|p2b: Whimsicott|1
|-damage|p2b: Whimsicott|0 fnt
|faint|p2b: Whimsicott
|-hitcount|p2: Whimsicott|2
|move|p2a: Garchomp|Rock Slide|p1b: Pelipper|[spread] p1a,p1b
|-supereffective|p1a: Aerodactyl|1
|-supereffective|p1b: Pelipper|1
|-damage|p1a: Aerodactyl|0 fnt
|-damage|p1b: Pelipper|0 fnt
|faint|p1a: Aerodactyl
|faint|p1b: Pelipper
|-damage|p2a: Garchomp|80/100|[from] item: Life Orb
|
|upkeep
|
|t:|1782348136
|switch|p1a: Tyranitar|Tyranitar, L50, M|100/100
|switch|p1b: Archaludon|Archaludon, L50, F|1/100
|-weather|Sandstorm|[from] ability: Sand Stream|[of] p1a: Tyranitar
|turn|7
|
|t:|1782348143
|detailschange|p1a: Tyranitar|Tyranitar-Mega, L50, M
|-mega|p1a: Tyranitar|Tyranitar|Tyranitarite
|move|p1b: Archaludon|Draco Meteor|p2a: Garchomp
|-supereffective|p2a: Garchomp|1
|-damage|p2a: Garchomp|0 fnt
|-unboost|p1b: Archaludon|spa|2
|faint|p2a: Garchomp
|
|win|SpeedRacerRex999
||eklyst is ready for game 3.
||SpeedRacerRex999 is ready for game 3.
|uhtml|next|Next: Game 3 of 3
