|j|☆CretaceousDraconid
|j|☆ScottyNZ
|html|CretaceousDraconidScottyNZ    
|uhtml|bestof|Game 1 of a best-of-3
|t:|1757751526
|gametype|doubles
|player|p1|CretaceousDraconid|zinnia-masters|
|player|p2|ScottyNZ|265|
|gen|9
|tier|[Gen 9] VGC 2025 Reg H (Bo3)
|rule|Species Clause: Limit one of each Pokémon
|rule|Item Clause: Limit 1 of each item
|clearpoke
|poke|p1|Whimsicott, L50, M|
|poke|p1|Incineroar, L50, M|
|poke|p1|Salamence, L50, M|
|poke|p1|Garchomp, L50, F|
|poke|p1|Sneasler, L50, M|
|poke|p1|Decidueye-Hisui, L50, F|
|poke|p2|Tatsugiri, L50, M|
|poke|p2|Dondozo, L50, F|
|poke|p2|Sneasler, L50, M|
|poke|p2|Indeedee, L50, M|
|poke|p2|Talonflame, L50, M|
|poke|p2|Glimmora, L50, F|
|teampreview|4
|showteam|p1|Whimsicott||CovertCloak|Prankster|Tailwind,Moonblast,Encore,Taunt|||M|||50|,,,,,Water]Incineroar||SafetyGoggles|Intimidate|FakeOut,Taunt,PartingShot,KnockOff|||M|||50|,,,,,Ghost]Salamence||ChoiceSpecs|Intimidate|Hurricane,HeatWave,DracoMeteor,HydroPump|||M|||50|,,,,,Fire]Garchomp||LoadedDice|RoughSkin|StompingTantrum,Earthquake,ScaleShot,Protect|||F|||50|,,,,,Ghost]Sneasler||FocusSash|PoisonTouch|DireClaw,CloseCombat,Coaching,Protect|||M|||50|,,,,,Fairy]Decidueye-Hisui||ScopeLens|Scrappy|TripleArrows,Protect,LeafBlade,DualWingbeat|||F|||50|,,,,,Flying
|showteam|p2|Tatsugiri||ChoiceScarf|Commander|MuddyWater,IcyWind,Taunt,DracoMeteor|||M|||50|,,,,,Steel]Dondozo||Leftovers|Unaware|Protect,Earthquake,OrderUp,WaveCrash|||F|||50|,,,,,Poison]Sneasler||PsychicSeed|Unburden|CloseCombat,DireClaw,Protect,ThroatChop|||M|||50|,,,,,Dark]Indeedee||FocusSash|PsychicSurge|Imprison,TrickRoom,ExpandingForce,Protect|||M|||50|,,,,,Psychic]Talonflame||CovertCloak|GaleWings|Tailwind,WillOWisp,FlareBlitz,DualWingbeat|||M|||50|,,,,,Steel]Glimmora||PowerHerb|ToxicDebris|EarthPower,SludgeBomb,SpikyShield,MeteorBeam|||F|||50|,,,,,Grass
|j| arrascaxeira
|
|t:|1757751607
|teamsize|p1|4
|teamsize|p2|4
|start
|switch|p1a: Whimsicott|Whimsicott, L50, M|100/100
|switch|p1b: Garchomp|Garchomp, L50, F|100/100
|switch|p2a: Sneasler|Sneasler, L50, M|100/100
|switch|p2b: Indeedee|Indeedee, L50, M|100/100
|-fieldstart|move: Psychic Terrain|[from] ability: Psychic Surge|[of] p2b: Indeedee
|-enditem|p2a: Sneasler|Psychic Seed
|-boost|p2a: Sneasler|spd|1|[from] item: Psychic Seed
|turn|1
|
|t:|1757751629
|move|p1a: Whimsicott|Tailwind|p1a: Whimsicott
|-sidestart|p1: CretaceousDraconid|move: Tailwind
|move|p2a: Sneasler|Dire Claw|p1b: Garchomp
|-resisted|p1b: Garchomp
|-damage|p1b: Garchomp|79/100
|-status|p1b: Garchomp|par
|-damage|p2a: Sneasler|88/100|[from] ability: Rough Skin|[of] p1b: Garchomp
|move|p1b: Garchomp|Scale Shot|p2b: Indeedee
|-damage|p2b: Indeedee|73/100
|-damage|p2b: Indeedee|46/100
|-damage|p2b: Indeedee|16/100
|-damage|p2b: Indeedee|0 fnt
|faint|p2b: Indeedee
|-hitcount|p2: Indeedee|4
|-unboost|p1b: Garchomp|def|1
|-boost|p1b: Garchomp|spe|1
|
|upkeep
|
|t:|1757751645
|switch|p2b: Dondozo|Dondozo, L50, F|100/100
|turn|2
|
|t:|1757751654
|switch|p1a: Salamence|Salamence, L50, M|100/100
|-ability|p1a: Salamence|Intimidate|boost
|-unboost|p2a: Sneasler|atk|1
|-unboost|p2b: Dondozo|atk|1
|move|p1b: Garchomp|Protect|p1b: Garchomp
|-singleturn|p1b: Garchomp|Protect
|move|p2b: Dondozo|Protect|p2b: Dondozo
|-singleturn|p2b: Dondozo|Protect
|move|p2a: Sneasler|Dire Claw|p1a: Salamence
|-damage|p1a: Salamence|68/100
|
|upkeep
|turn|3
|j| neonkarearea
|
|t:|1757751682
|switch|p2a: Tatsugiri|Tatsugiri, L50, M|100/100
|-activate|p2a: Tatsugiri|ability: Commander|[of] p2b: Dondozo
|-boost|p2b: Dondozo|atk|2
|-boost|p2b: Dondozo|spa|2
|-boost|p2b: Dondozo|spe|2
|-boost|p2b: Dondozo|def|2
|-boost|p2b: Dondozo|spd|2
|switch|p1a: Whimsicott|Whimsicott, L50, M|100/100
|move|p1b: Garchomp|Scale Shot|p2b: Dondozo
|-damage|p2b: Dondozo|95/100
|-damage|p2b: Dondozo|91/100
|-damage|p2b: Dondozo|85/100
|-damage|p2b: Dondozo|81/100
|-damage|p2b: Dondozo|76/100
|-hitcount|p2b: Dondozo|5
|-unboost|p1b: Garchomp|def|1
|-boost|p1b: Garchomp|spe|1
|move|p2b: Dondozo|Order Up|p1b: Garchomp
|-supereffective|p1b: Garchomp
|-damage|p1b: Garchomp|14/100 par
|-boost|p2b: Dondozo|atk|1
|
|-heal|p2b: Dondozo|82/100|[from] item: Leftovers
|upkeep
|turn|4
|
|t:|1757751717
|move|p1a: Whimsicott|Moonblast|p2b: Dondozo
|-damage|p2b: Dondozo|69/100
|-unboost|p2b: Dondozo|spa|1
|move|p1b: Garchomp|Scale Shot|p2b: Dondozo
|-damage|p2b: Dondozo|63/100
|-damage|p2b: Dondozo|58/100
|-damage|p2b: Dondozo|53/100
|-damage|p2b: Dondozo|47/100
|-hitcount|p2b: Dondozo|4
|-unboost|p1b: Garchomp|def|1
|-boost|p1b: Garchomp|spe|1
|move|p2b: Dondozo|Earthquake|p1a: Whimsicott|[spread] p1a,p1b
|-miss|p2b: Dondozo|p2a: Tatsugiri
|-resisted|p1a: Whimsicott
|-damage|p1a: Whimsicott|80/100
|-damage|p1b: Garchomp|0 fnt
|faint|p1b: Garchomp
|
|-heal|p2b: Dondozo|54/100|[from] item: Leftovers
|-sideend|p1: CretaceousDraconid|move: Tailwind
|upkeep
|
|t:|1757751727
|switch|p1b: Salamence|Salamence, L50, M|68/100
|-ability|p1b: Salamence|Intimidate|boost
|-unboost|p2a: Tatsugiri|atk|1
|-unboost|p2b: Dondozo|atk|1
|turn|5
|
|t:|1757751771
|-terastallize|p1b: Salamence|Fire
|move|p2b: Dondozo|Wave Crash|p1b: Salamence
|-supereffective|p1b: Salamence
|-damage|p1b: Salamence|0 fnt
|faint|p1b: Salamence
|-damage|p2b: Dondozo|37/100|[from] Recoil
|move|p1a: Whimsicott|Moonblast|p2b: Dondozo
|-damage|p2b: Dondozo|24/100
|
|-heal|p2b: Dondozo|31/100|[from] item: Leftovers
|-fieldend|move: Psychic Terrain
|upkeep
|c|☆CretaceousDraconid|wp
|
|t:|1757751781
|switch|p1b: TheFuckYouGuy|Sneasler, L50, M|100/100
|turn|6
|c| arrascaxeira|Big read
|
|t:|1757751797
|-terastallize|p2b: Dondozo|Poison
|move|p2b: Dondozo|Wave Crash|p1b: TheFuckYouGuy
|-enditem|p1b: TheFuckYouGuy|Focus Sash
|-damage|p1b: TheFuckYouGuy|1/100
|-damage|p2b: Dondozo|8/100|[from] Recoil
|move|p1b: TheFuckYouGuy|Dire Claw|p2b: Dondozo
|-resisted|p2b: Dondozo
|-damage|p2b: Dondozo|1/100
|-status|p2b: Dondozo|par
|move|p1a: Whimsicott|Moonblast|p2b: Dondozo
|-resisted|p2b: Dondozo
|-damage|p2b: Dondozo|0 fnt
|faint|p2b: Dondozo
|
|upkeep
|
|t:|1757751810
|switch|p2b: Sneasler|Sneasler, L50, M|88/100
|turn|7
|
|t:|1757751818
|move|p1a: Whimsicott|Tailwind|p1a: Whimsicott
|-sidestart|p1: CretaceousDraconid|move: Tailwind
|move|p1b: TheFuckYouGuy|Dire Claw|p2a: Tatsugiri
|-crit|p2a: Tatsugiri
|-damage|p2a: Tatsugiri|0 fnt
|faint|p2a: Tatsugiri
|move|p2b: Sneasler|Dire Claw|p1a: Whimsicott
|-supereffective|p1a: Whimsicott
|-damage|p1a: Whimsicott|0 fnt
|faint|p1a: Whimsicott
|
|upkeep
|turn|8
|
|t:|1757751830
|move|p1b: TheFuckYouGuy|Dire Claw|p2b: Sneasler
|-resisted|p2b: Sneasler
|-damage|p2b: Sneasler|51/100
|-status|p2b: Sneasler|par
|cant|p2b: Sneasler|par
|
|upkeep
|turn|9
|
|t:|1757751837
|move|p1b: TheFuckYouGuy|Close Combat|p2b: Sneasler
|-resisted|p2b: Sneasler
|-damage|p2b: Sneasler|0 fnt
|-unboost|p1b: TheFuckYouGuy|def|1
|-unboost|p1b: TheFuckYouGuy|spd|1
|faint|p2b: Sneasler
|
|win|CretaceousDraconid
|c|☆CretaceousDraconid|mb
|c|☆ScottyNZ|fuck
|c|☆ScottyNZ|gg
||CretaceousDraconid is ready for game 2.
||ScottyNZ is ready for game 2.
|uhtml|next|Next: Game 2 of 3
|l| neonkarearea
|j| neonkarearea
|l| arrascaxeira
|l|☆CretaceousDraconid
|player|p1|
|j|☆CretaceousDraconid
|player|p1|CretaceousDraconid|zinnia-masters|
