|j|☆ewfgqf2
|j|☆ToastedArt
|html|ewfgqf2ToastedArt    
|uhtml|bestof|Game 3 of a best-of-3
|t:|1784319576
|gametype|doubles
|player|p1|ewfgqf2|102|1043
|player|p2|ToastedArt|iris|1121
|gen|9
|tier|[Gen 9 Champions] VGC 2026 Reg M-B (Bo3)
|rated|
|rule|Species Clause: Limit one of each Pokémon
|rule|Item Clause: Limit 1 of each item
|clearpoke
|poke|p1|Charizard, L50, F|
|poke|p1|Whimsicott, L50, F|
|poke|p1|Garchomp, L50, F|
|poke|p1|Kangaskhan, L50, F|
|poke|p1|Typhlosion-Hisui, L50, F|
|poke|p1|Sylveon, L50, M|
|poke|p2|Sinistcha, L50|
|poke|p2|Talonflame, L50, M, shiny|
|poke|p2|Incineroar, L50, M|
|poke|p2|Hydreigon, L50, M, shiny|
|poke|p2|Gholdengo, L50|
|poke|p2|Falinks, L50, shiny|
|teampreview|4
|showteam|p1|Charizard||CharizarditeY|Blaze|Protect,SolarBeam,DragonPulse,HeatWave|Timid||F|||50|]Whimsicott||FocusSash|Prankster|Tailwind,Encore,TrickRoom,Moonblast|Relaxed||F|||50|]Garchomp||LifeOrb|RoughSkin|DragonClaw,PoisonJab,RockSlide,Protect|Jolly||F|||50|]Kangaskhan||ChopleBerry|InnerFocus|FakeOut,IcePunch,DrainPunch,RockSlide|Serious||F|||50|]Typhlosion-Hisui||Charcoal|Blaze|Eruption,Protect,ShadowBall,HeatWave|Timid||F|||50|]Sylveon||Leftovers|Pixilate|Protect,HyperVoice,Wish,ShadowBall|Calm||M|||50|
|showteam|p2|Sinistcha||KasibBerry|Hospitality|MatchaGotcha,NastyPlot,Protect,RagePowder|Bold|||||50|]Talonflame||SharpBeak|GaleWings|Tailwind,DualWingbeat,FlareBlitz,Uturn|Jolly||M|||50|]Incineroar||SitrusBerry|Intimidate|FlareBlitz,DarkestLariat,PartingShot,FakeOut|Impish||M|||50|]Hydreigon||ChoiceScarf|Levitate|Snarl,DarkPulse,EarthPower,DracoMeteor|Modest||M|||50|]Gholdengo||LifeOrb|GoodasGold|ShadowBall,MakeItRain,NastyPlot,Protect|Timid|||||50|]Falinks||Falinksite|Defiant|NoRetreat,SwordsDance,CloseCombat,Protect|Adamant|||||50|
|inactive|Battle timer is ON: inactive players will automatically lose when time's up. (requested by ToastedArt)
|inactive|ToastedArt has 60 seconds left.
|
|t:|1784319634
|teamsize|p1|4
|teamsize|p2|4
|start
|switch|p1a: Garchomp|Garchomp, L50, F|100/100
|switch|p1b: Whimsicott|Whimsicott, L50, F|100/100
|switch|p2a: Hydreigon|Hydreigon, L50, M, shiny|100/100
|switch|p2b: Gholdengo|Gholdengo, L50|100/100
|turn|1
|
|t:|1784319653
|switch|p2a: Incineroar|Incineroar, L50, M|100/100
|-ability|p2a: Incineroar|Intimidate|boost
|-unboost|p1a: Garchomp|atk|1
|-unboost|p1b: Whimsicott|atk|1
|move|p1b: Whimsicott|Tailwind|p1b: Whimsicott
|-sidestart|p1: ewfgqf2|move: Tailwind
|move|p1a: Garchomp|Dragon Claw|p2a: Incineroar
|-damage|p2a: Incineroar|72/100
|-damage|p1a: Garchomp|90/100|[from] item: Life Orb
|move|p2b: Gholdengo|Make It Rain|p1b: Whimsicott|[spread] p1a,p1b
|-supereffective|p1b: Whimsicott|1
|-damage|p1a: Garchomp|18/100
|-enditem|p1b: Whimsicott|Focus Sash
|-damage|p1b: Whimsicott|1/100
|-unboost|p2b: Gholdengo|spa|2
|-damage|p2b: Gholdengo|90/100|[from] item: Life Orb
|
|upkeep
|turn|2
|
|t:|1784319677
|switch|p2a: Talonflame|Talonflame, L50, M, shiny|100/100
|move|p1a: Garchomp|Protect|p1a: Garchomp
|-singleturn|p1a: Garchomp|Protect
|move|p1b: Whimsicott|Moonblast|p2a: Talonflame
|-resisted|p2a: Talonflame|1
|-damage|p2a: Talonflame|79/100
|move|p2b: Gholdengo|Nasty Plot|p2b: Gholdengo
|-boost|p2b: Gholdengo|spa|2
|
|upkeep
|turn|3
|inactive|ewfgqf2 has 30 seconds left.
|
|t:|1784319709
|move|p2b: Gholdengo|Protect|p2b: Gholdengo
|-singleturn|p2b: Gholdengo|Protect
|move|p1b: Whimsicott|Encore|p2b: Gholdengo
|-activate|p2b: Gholdengo|move: Protect
|move|p1a: Garchomp|Rock Slide|p2a: Talonflame|[spread] p2a
|-activate|p2b: Gholdengo|move: Protect
|-supereffective|p2a: Talonflame|2
|-damage|p2a: Talonflame|0 fnt
|faint|p2a: Talonflame
|-damage|p1a: Garchomp|8/100|[from] item: Life Orb
|
|upkeep
|
|t:|1784319717
|switch|p2a: Incineroar|Incineroar, L50, M|72/100
|-ability|p2a: Incineroar|Intimidate|boost
|-unboost|p1a: Garchomp|atk|1
|-unboost|p1b: Whimsicott|atk|1
|turn|4
|
|t:|1784319727
|move|p1a: Garchomp|Protect|p1a: Garchomp
|-singleturn|p1a: Garchomp|Protect
|move|p2a: Incineroar|Fake Out|p1a: Garchomp
|-activate|p1a: Garchomp|move: Protect
|move|p1b: Whimsicott|Encore|p2b: Gholdengo
|-immune|p2b: Gholdengo|[from] ability: Good as Gold
|move|p2b: Gholdengo|Nasty Plot|p2b: Gholdengo
|-boost|p2b: Gholdengo|spa|2
|
|-sideend|p1: ewfgqf2|move: Tailwind
|upkeep
|turn|5
|
|t:|1784319743
|move|p2b: Gholdengo|Protect|p2b: Gholdengo
|-singleturn|p2b: Gholdengo|Protect
|move|p1b: Whimsicott|Tailwind|p1b: Whimsicott
|-sidestart|p1: ewfgqf2|move: Tailwind
|move|p1a: Garchomp|Rock Slide|p2b: Gholdengo|[spread] p2a
|-activate|p2b: Gholdengo|move: Protect
|-supereffective|p2a: Incineroar|1
|-damage|p2a: Incineroar|55/100
|-damage|p1a: Garchomp|0 fnt|[from] item: Life Orb
|faint|p1a: Garchomp
|move|p2a: Incineroar|Darkest Lariat|p1b: Whimsicott
|-resisted|p1b: Whimsicott|1
|-damage|p1b: Whimsicott|0 fnt
|faint|p1b: Whimsicott
|
|upkeep
|
|t:|1784319757
|switch|p1a: Sylveon|Sylveon, L50, M|100/100
|switch|p1b: Charizard|Charizard, L50, F|100/100
|turn|6
|
|t:|1784319774
|detailschange|p1b: Charizard|Charizard-Mega-Y, L50, F
|-mega|p1b: Charizard|Charizard|Charizardite Y
|-weather|SunnyDay|[from] ability: Drought|[of] p1b: Charizard
|move|p1a: Sylveon|Protect|p1a: Sylveon
|-singleturn|p1a: Sylveon|Protect
|move|p2b: Gholdengo|Protect|p2b: Gholdengo
|-singleturn|p2b: Gholdengo|Protect
|move|p1b: Charizard|Heat Wave|p2a: Incineroar|[spread] p2a
|-activate|p2b: Gholdengo|move: Protect
|-resisted|p2a: Incineroar|1
|-damage|p2a: Incineroar|27/100
|-enditem|p2a: Incineroar|Sitrus Berry|[eat]
|-heal|p2a: Incineroar|52/100|[from] item: Sitrus Berry
|move|p2a: Incineroar|Parting Shot|p1b: Charizard
|-unboost|p1b: Charizard|atk|1
|-unboost|p1b: Charizard|spa|1
|
|t:|1784319790
|switch|p2a: Hydreigon|Hydreigon, L50, M, shiny|100/100|[from] Parting Shot
|
|-weather|SunnyDay|[upkeep]
|upkeep
|turn|7
|
|t:|1784319810
|switch|p2a: Incineroar|Incineroar, L50, M|52/100
|-ability|p2a: Incineroar|Intimidate|boost
|-unboost|p1a: Sylveon|atk|1
|-unboost|p1b: Charizard|atk|1
|move|p1b: Charizard|Heat Wave|p2b: Gholdengo|[spread] p2b
|-miss|p1b: Charizard|p2a: Incineroar
|-supereffective|p2b: Gholdengo|1
|-damage|p2b: Gholdengo|0 fnt
|faint|p2b: Gholdengo
|move|p1a: Sylveon|Hyper Voice|p2a: Incineroar
|-damage|p2a: Incineroar|10/100
|
|-weather|SunnyDay|[upkeep]
|upkeep
|
|t:|1784319820
|switch|p2b: Hydreigon|Hydreigon, L50, M, shiny|100/100
|turn|8
|
|t:|1784319834
|move|p2a: Incineroar|Fake Out|p1a: Sylveon
|-damage|p1a: Sylveon|86/100
|move|p1b: Charizard|Dragon Pulse|p2b: Hydreigon
|-supereffective|p2b: Hydreigon|1
|-crit|p2b: Hydreigon
|-damage|p2b: Hydreigon|0 fnt
|faint|p2b: Hydreigon
|cant|p1a: Sylveon|flinch
|
|-weather|SunnyDay|[upkeep]
|-heal|p1a: Sylveon|92/100|[from] item: Leftovers
|-sideend|p1: ewfgqf2|move: Tailwind
|upkeep
|turn|9
|-message|ToastedArt forfeited.
|
|win|ewfgqf2
|raw|ewfgqf2's rating: 1043 → 1084(+41 for winning)
|raw|ToastedArt's rating: 1121 → 1090(-31 for losing)
