|j|☆Letmein191
|j|☆Llama_Llord
|html|Letmein191Llama_Llord    
|uhtml|bestof|Game 1 of a best-of-3
|t:|1757641214
|gametype|doubles
|player|p1|Letmein191|101|1203
|player|p2|Llama_Llord|101|1127
|gen|9
|tier|[Gen 9] VGC 2025 Reg H (Bo3)
|rated|
|rule|Species Clause: Limit one of each Pokémon
|rule|Item Clause: Limit 1 of each item
|clearpoke
|poke|p1|Volcarona, L50, M|
|poke|p1|Kingambit, L50, M|
|poke|p1|Dragonite, L50, F|
|poke|p1|Sneasler, L50, F|
|poke|p1|Rillaboom, L50, M|
|poke|p1|Electabuzz, L50, F|
|poke|p2|Talonflame, L50, M|
|poke|p2|Garchomp, L50, M|
|poke|p2|Gholdengo, L50|
|poke|p2|Tyranitar, L50, F|
|poke|p2|Amoonguss, L50, M|
|poke|p2|Milotic, L50, F|
|teampreview|4
|showteam|p1|Volcarona||Leftovers|FlameBody|HeatWave,TeraBlast,QuiverDance,Protect|||M|||50|,,,,,Fairy]Kingambit||BlackGlasses|Defiant|KowtowCleave,SuckerPunch,SwordsDance,Protect|||M|||50|,,,,,Dark]Dragonite||LoadedDice|Multiscale|ScaleShot,ExtremeSpeed,Haze,Protect|||F|||50|,,,,,Steel]Sneasler||FocusSash|PoisonTouch|CloseCombat,DireClaw,FakeOut,Coaching|||F|||50|,,,,,Stellar]Rillaboom||AssaultVest|GrassySurge|WoodHammer,GrassyGlide,HighHorsepower,FakeOut|||M|||50|,,,,,Fire]Electabuzz||Eviolite|VitalSpirit|Thunderbolt,Taunt,FollowMe,Protect|||F|||50|,,,,,Ghost
|showteam|p2|Talonflame||CovertCloak|GaleWings|Tailwind,BraveBird,WillOWisp,Taunt|||M|||50|,,,,,Grass]Garchomp||LifeOrb|RoughSkin|Earthquake,DragonClaw,StompingTantrum,Protect|||M|||50|,,,,,Fairy]Gholdengo||ChoiceSpecs|GoodasGold|MakeItRain,ShadowBall,Thunderbolt,PowerGem||||||50|,,,,,Steel]Tyranitar||AssaultVest|SandStream|RockSlide,KnockOff,TeraBlast,LowKick|||F|||50|,,,,,Flying]Amoonguss||SitrusBerry|Regenerator|PollenPuff,Spore,RagePowder,Protect|||M|||50|,,,,,Water]Milotic||SafetyGoggles|Competitive|Scald,IcyWind,Haze,Protect|||F|||50|,,,,,Dragon
|inactive|Battle timer is ON: inactive players will automatically lose when time's up. (requested by Llama_Llord)
|inactive|Llama_Llord has 60 seconds left.
|
|t:|1757641249
|teamsize|p1|4
|teamsize|p2|4
|start
|switch|p1a: Dragonite|Dragonite, L50, F|100/100
|switch|p1b: Sneasler|Sneasler, L50, F|100/100
|switch|p2a: Talonflame|Talonflame, L50, M|100/100
|switch|p2b: Garchomp|Garchomp, L50, M|100/100
|turn|1
|
|t:|1757641270
|move|p2b: Garchomp|Protect|p2b: Garchomp
|-singleturn|p2b: Garchomp|Protect
|move|p1b: Sneasler|Fake Out|p2b: Garchomp
|-activate|p2b: Garchomp|move: Protect
|move|p2a: Talonflame|Will-O-Wisp|p1a: Dragonite|[miss]
|-miss|p2a: Talonflame|p1a: Dragonite
|move|p1a: Dragonite|Scale Shot|p2a: Talonflame
|-damage|p2a: Talonflame|81/100
|-damage|p2a: Talonflame|62/100
|-damage|p2a: Talonflame|42/100
|-damage|p2a: Talonflame|20/100
|-hitcount|p2a: Talonflame|4
|-unboost|p1a: Dragonite|def|1
|-boost|p1a: Dragonite|spe|1
|
|upkeep
|turn|2
|inactive|Letmein191 has 30 seconds left.
|
|t:|1757641301
|switch|p1b: Rillaboom|Rillaboom, L50, M|100/100
|-fieldstart|move: Grassy Terrain|[from] ability: Grassy Surge|[of] p1b: Rillaboom
|-terastallize|p2b: Garchomp|Fairy
|move|p1a: Dragonite|Scale Shot|p2a: Talonflame
|-damage|p2a: Talonflame|2/100
|-damage|p2a: Talonflame|0 fnt
|faint|p2a: Talonflame
|-hitcount|p2: Talonflame|2
|-unboost|p1a: Dragonite|def|1
|-boost|p1a: Dragonite|spe|1
|move|p2b: Garchomp|Dragon Claw|p1b: Rillaboom
|-damage|p1b: Rillaboom|43/100
|-damage|p2b: Garchomp|91/100|[from] item: Life Orb
|
|-heal|p2b: Garchomp|97/100|[from] Grassy Terrain
|-heal|p1b: Rillaboom|49/100|[from] Grassy Terrain
|upkeep
|
|t:|1757641311
|switch|p2a: Milotic|Milotic, L50, F|100/100
|turn|3
|inactive|Letmein191 has 30 seconds left.
|inactive|Letmein191 has 20 seconds left.
|inactive|Letmein191 has 15 seconds left.
|
|t:|1757641351
|move|p2a: Milotic|Protect|p2a: Milotic
|-singleturn|p2a: Milotic|Protect
|move|p1b: Rillaboom|Grassy Glide|p2a: Milotic
|-activate|p2a: Milotic|move: Protect
|move|p1a: Dragonite|Scale Shot|p2a: Milotic
|-activate|p2a: Milotic|move: Protect
|move|p2b: Garchomp|Dragon Claw|p1a: Dragonite
|-supereffective|p1a: Dragonite
|-damage|p1a: Dragonite|0 fnt
|faint|p1a: Dragonite
|-damage|p2b: Garchomp|87/100|[from] item: Life Orb
|
|-heal|p2b: Garchomp|93/100|[from] Grassy Terrain
|-heal|p1b: Rillaboom|55/100|[from] Grassy Terrain
|upkeep
|
|t:|1757641365
|switch|p1a: Sneasler|Sneasler, L50, F|100/100
|turn|4
|
|t:|1757641380
|switch|p2b: Gholdengo|Gholdengo, L50|100/100
|move|p1a: Sneasler|Coaching|p1b: Rillaboom
|-boost|p1b: Rillaboom|atk|1
|-boost|p1b: Rillaboom|def|1
|move|p1b: Rillaboom|Wood Hammer|p2a: Milotic
|-supereffective|p2a: Milotic
|-damage|p2a: Milotic|0 fnt
|faint|p2a: Milotic
|-damage|p1b: Rillaboom|22/100|[from] Recoil
|
|-heal|p1b: Rillaboom|28/100|[from] Grassy Terrain
|upkeep
|
|t:|1757641388
|switch|p2a: Garchomp|Garchomp, L50, M, tera:Fairy|93/100
|turn|5
|inactive|Letmein191 has 30 seconds left.
|
|t:|1757641419
|move|p2a: Garchomp|Protect|p2a: Garchomp
|-singleturn|p2a: Garchomp|Protect
|move|p1b: Rillaboom|Grassy Glide|p2b: Gholdengo
|-resisted|p2b: Gholdengo
|-damage|p2b: Gholdengo|66/100
|move|p1a: Sneasler|Dire Claw|p2a: Garchomp
|-activate|p2a: Garchomp|move: Protect
|move|p2b: Gholdengo|Make It Rain|p1a: Sneasler|[spread] p1a,p1b
|-crit|p1b: Rillaboom
|-enditem|p1a: Sneasler|Focus Sash
|-damage|p1a: Sneasler|1/100
|-damage|p1b: Rillaboom|0 fnt
|-unboost|p2b: Gholdengo|spa|1
|faint|p1b: Rillaboom
|
|-heal|p1a: Sneasler|7/100|[from] Grassy Terrain
|-heal|p2a: Garchomp|99/100|[from] Grassy Terrain
|-heal|p2b: Gholdengo|72/100|[from] Grassy Terrain
|upkeep
|
|t:|1757641436
|switch|p1b: Volcarona|Volcarona, L50, M|100/100
|turn|6
|
|t:|1757641457
|move|p1a: Sneasler|Dire Claw|p2a: Garchomp
|-supereffective|p2a: Garchomp
|-damage|p2a: Garchomp|16/100
|-damage|p1a: Sneasler|0 fnt|[from] ability: Rough Skin|[of] p2a: Garchomp
|-status|p2a: Garchomp|psn|[from] ability: Poison Touch|[of] p1a: Sneasler
|faint|p1a: Sneasler
|move|p2a: Garchomp|Earthquake|p1b: Volcarona|[spread] p2b,p1b
|-supereffective|p2b: Gholdengo
|-crit|p1b: Volcarona
|-damage|p2b: Gholdengo|14/100
|-damage|p1b: Volcarona|58/100
|-damage|p2a: Garchomp|6/100 psn|[from] item: Life Orb
|move|p2b: Gholdengo|Make It Rain|p1b: Volcarona
|-resisted|p1b: Volcarona
|-damage|p1b: Volcarona|28/100
|-unboost|p2b: Gholdengo|spa|1
|move|p1b: Volcarona|Heat Wave|p2b: Gholdengo|[spread] p2a,p2b
|-supereffective|p2b: Gholdengo
|-damage|p2a: Garchomp|0 fnt
|-damage|p2b: Gholdengo|0 fnt
|faint|p2a: Garchomp
|faint|p2b: Gholdengo
|
|win|Letmein191
