|j|☆papucaru
|j|☆Yinobo
|html|papucaruYinobo    
|uhtml|bestof|Game 2 of a best-of-3
|t:|1784250979
|gametype|doubles
|player|p1|papucaru|102|1132
|player|p2|Yinobo|pokemaniac|1165
|gen|9
|tier|[Gen 9 Champions] VGC 2026 Reg M-B (Bo3)
|rated|
|rule|Species Clause: Limit one of each Pokémon
|rule|Item Clause: Limit 1 of each item
|clearpoke
|poke|p1|Vivillon-Marine, L50, M, shiny|
|poke|p1|Farigiraf, L50, M|
|poke|p1|Camerupt, L50, F|
|poke|p1|Kingambit, L50, M|
|poke|p1|Sylveon, L50, M|
|poke|p1|Sneasler, L50, M|
|poke|p2|Charizard, L50, M, shiny|
|poke|p2|Garchomp, L50, M, shiny|
|poke|p2|Sylveon, L50, M, shiny|
|poke|p2|Kingambit, L50, F, shiny|
|poke|p2|Farigiraf, L50, M, shiny|
|poke|p2|Aerodactyl, L50, M|
|teampreview|4
|showteam|p1|Vivillon-Marine||FocusSash|CompoundEyes|Hurricane,SleepPowder,RagePowder,Protect|Timid||M|||50|]Farigiraf||SitrusBerry|ArmorTail|Psychic,Thunderbolt,HelpingHand,TrickRoom|Calm||M|||50|]Camerupt||Cameruptite|SolidRock|HeatWave,EarthPower,AncientPower,Protect|Quiet||F|||50|]Kingambit||BlackGlasses|Defiant|KowtowCleave,SuckerPunch,SwordsDance,Protect|Adamant||M|||50|]Sylveon||LifeOrb|Pixilate|Detect,QuickAttack,HyperVoice,HyperBeam|Modest||M|||50|]Sneasler||IronBall|PoisonTouch|FakeOut,CloseCombat,DireClaw,Protect|Brave||M|||50|
|showteam|p2|Charizard||CharizarditeY|SolarPower|Protect,WeatherBall,SolarBeam,HeatWave|Modest||M|||50|]Garchomp||LifeOrb|RoughSkin|Protect,RockSlide,Earthquake,DragonClaw|Jolly||M|||50|]Sylveon||FairyFeather|Pixilate|Detect,HyperBeam,QuickAttack,HyperVoice|Modest||M|||50|]Kingambit||FocusSash|Defiant|KowtowCleave,IronHead,SuckerPunch,LowKick|Adamant||F|||50|]Farigiraf||SitrusBerry|ArmorTail|Psychic,TrickRoom,Thunderbolt,Roar|Bold||M|||50|]Aerodactyl||Aerodactylite|Unnerve|RockSlide,Tailwind,DualWingbeat,IceFang|Jolly||M|||50|
|
|t:|1784251007
|teamsize|p1|4
|teamsize|p2|4
|start
|switch|p1a: Vivillon|Vivillon-Marine, L50, M, shiny|100/100
|switch|p1b: Farigiraf|Farigiraf, L50, M|100/100
|switch|p2a: AEROY|Aerodactyl, L50, M|100/100
|switch|p2b: Kingambit|Kingambit, L50, F, shiny|100/100
|-ability|p2a: AEROY|Unnerve
|turn|1
|
|t:|1784251024
|detailschange|p2a: AEROY|Aerodactyl-Mega, L50, M
|-mega|p2a: AEROY|Aerodactyl|Aerodactylite
|move|p1a: Vivillon|Rage Powder|p1a: Vivillon
|-singleturn|p1a: Vivillon|move: Rage Powder
|move|p2a: AEROY|Dual Wingbeat|p1a: Vivillon
|-supereffective|p1a: Vivillon|1
|-damage|p1a: Vivillon|13/100
|-supereffective|p1a: Vivillon|1
|-damage|p1a: Vivillon|0 fnt
|faint|p1a: Vivillon
|-hitcount|p1: Vivillon|2
|move|p2b: Kingambit|Kowtow Cleave|p1b: Farigiraf
|-supereffective|p1b: Farigiraf|1
|-damage|p1b: Farigiraf|4/100
|-enditem|p1b: Farigiraf|Sitrus Berry|[eat]
|-heal|p1b: Farigiraf|29/100|[from] item: Sitrus Berry
|move|p1b: Farigiraf|Trick Room|p1b: Farigiraf
|-fieldstart|move: Trick Room|[of] p1b: Farigiraf
|
|upkeep
|
|t:|1784251050
|switch|p1a: Camerupt|Camerupt, L50, F|100/100
|turn|2
|
|t:|1784251073
|detailschange|p1a: Camerupt|Camerupt-Mega, L50, F
|-mega|p1a: Camerupt|Camerupt|Cameruptite
|move|p1a: Camerupt|Heat Wave|p2a: AEROY|[spread] p2a,p2b
|-resisted|p2a: AEROY|1
|-crit|p2a: AEROY
|-supereffective|p2b: Kingambit|1
|-damage|p2a: AEROY|52/100
|-enditem|p2b: Kingambit|Focus Sash
|-damage|p2b: Kingambit|1/100
|move|p1b: Farigiraf|Thunderbolt|p2b: Kingambit
|-damage|p2b: Kingambit|0 fnt
|faint|p2b: Kingambit
|move|p2a: AEROY|Dual Wingbeat|p1b: Farigiraf
|-damage|p1b: Farigiraf|8/100
|-damage|p1b: Farigiraf|0 fnt
|faint|p1b: Farigiraf
|-hitcount|p1: Farigiraf|2
|
|upkeep
|inactive|Battle timer is ON: inactive players will automatically lose when time's up. (requested by papucaru)
|
|t:|1784251090
|switch|p1b: Sneasler|Sneasler, L50, M|100/100
|switch|p2b: Garchomp|Garchomp, L50, M, shiny|100/100
|turn|3
|
|t:|1784251100
|switch|p2b: Farigiraf|Farigiraf, L50, M, shiny|100/100
|move|p1b: Sneasler|Fake Out||[still]
|cant|p2b: Farigiraf|ability: Armor Tail|Fake Out|[of] p1b: Sneasler
|move|p1a: Camerupt|Ancient Power|p2a: AEROY
|-supereffective|p2a: AEROY|1
|-damage|p2a: AEROY|0 fnt
|faint|p2a: AEROY
|
|upkeep
|
|t:|1784251109
|switch|p2a: Garchomp|Garchomp, L50, M, shiny|100/100
|turn|4
|
|t:|1784251132
|move|p2a: Garchomp|Protect|p2a: Garchomp
|-singleturn|p2a: Garchomp|Protect
|move|p1a: Camerupt|Heat Wave|p2b: Farigiraf|[spread] p2b
|-activate|p2a: Garchomp|move: Protect
|-damage|p2b: Farigiraf|43/100
|-enditem|p2b: Farigiraf|Sitrus Berry|[eat]
|-heal|p2b: Farigiraf|68/100|[from] item: Sitrus Berry
|move|p1b: Sneasler|Close Combat|p2b: Farigiraf
|-damage|p2b: Farigiraf|15/100
|-unboost|p1b: Sneasler|def|1
|-unboost|p1b: Sneasler|spd|1
|move|p2b: Farigiraf|Trick Room|p2b: Farigiraf
|-fieldend|move: Trick Room
|
|upkeep
|turn|5
|inactive|papucaru has 30 seconds left.
|
|t:|1784251161
|move|p1b: Sneasler|Protect|p1b: Sneasler
|-singleturn|p1b: Sneasler|Protect
|move|p2a: Garchomp|Earthquake|p1b: Sneasler|[spread] p2b,p1a
|-activate|p1b: Sneasler|move: Protect
|-supereffective|p1a: Camerupt|1
|-damage|p2b: Farigiraf|0 fnt
|-damage|p1a: Camerupt|10/100
|faint|p2b: Farigiraf
|-damage|p2a: Garchomp|90/100|[from] item: Life Orb
|move|p1a: Camerupt|Earth Power|p2a: Garchomp
|-damage|p2a: Garchomp|7/100
|
|upkeep
|turn|6
|
|t:|1784251178
|move|p1a: Camerupt|Protect|p1a: Camerupt
|-singleturn|p1a: Camerupt|Protect
|move|p2a: Garchomp|Earthquake|p1b: Sneasler|[spread] p1b
|-activate|p1a: Camerupt|move: Protect
|-supereffective|p1b: Sneasler|1
|-damage|p1b: Sneasler|0 fnt
|faint|p1b: Sneasler
|-damage|p2a: Garchomp|0 fnt|[from] item: Life Orb
|faint|p2a: Garchomp
|
|win|papucaru
|raw|papucaru's rating: 1132 → 1159(+27 for winning)
|raw|Yinobo's rating: 1165 → 1138(-27 for losing)
|l|☆papucaru
|player|p1|
