|j|☆hieu213
|j|☆Bindro
|html|hieu213Bindro    
|uhtml|bestof|Game 1 of a best-of-3
|t:|1784288979
|gametype|doubles
|player|p1|hieu213|265|1000
|player|p2|Bindro|cyclist-gen4|1107
|gen|9
|tier|[Gen 9 Champions] VGC 2026 Reg M-B (Bo3)
|rated|
|rule|Species Clause: Limit one of each Pokémon
|rule|Item Clause: Limit 1 of each item
|clearpoke
|poke|p1|Meowstic, L50, M|
|poke|p1|Starmie, L50|
|poke|p1|Hatterene, L50, F|
|poke|p1|Delphox, L50, M|
|poke|p1|Farigiraf, L50, M|
|poke|p1|Metagross, L50|
|poke|p2|Pelipper, L50, F|
|poke|p2|Swampert, L50, F|
|poke|p2|Archaludon, L50, F|
|poke|p2|Grimmsnarl, L50, M|
|poke|p2|Vivillon-Garden, L50, M|
|poke|p2|Venusaur, L50, F|
|teampreview|4
|showteam|p1|Meowstic||Meowsticite|Prankster|ExpandingForce,Protect,EnergyBall,Gravity|Modest||M|||50|]Starmie||FocusSash|NaturalCure|HydroPump,IceBeam,Protect,Thunderbolt|Timid|||||50|]Hatterene||Leftovers|MagicBounce|Psychic,DazzlingGleam,PsychicTerrain,Protect|Sassy||F|||50|]Delphox||Delphoxite|Blaze|Hypnosis,FocusBlast,HeatWave,Protect|Timid||M|||50|]Farigiraf||SitrusBerry|ArmorTail|TrickRoom,Thunder,HelpingHand,TwinBeam|Relaxed||M|||50|]Metagross||IronBall|ClearBody|BodyPress,MeteorMash,Protect,BulletPunch|Adamant|||||50|
|showteam|p2|Pelipper||LifeOrb|Drizzle|Hurricane,WeatherBall,Tailwind,Protect|Modest||F|||50|]Swampert||Swampertite|Torrent|WaveCrash,Earthquake,IcePunch,Protect|Adamant||F|||50|]Archaludon||Leftovers|Stamina|DragonPulse,FlashCannon,ElectroShot,Protect|Modest||F|||50|]Grimmsnarl||LightClay|Prankster|SpiritBreak,PartingShot,Reflect,LightScreen|Careful||M|||50|]Vivillon-Garden||FocusSash|CompoundEyes|Hurricane,SleepPowder,RagePowder,Protect|Timid||M|||50|]Venusaur||Venusaurite|Chlorophyll|GigaDrain,SludgeBomb,EarthPower,Protect|Modest||F|||50|
|j| jayoticnl
|inactive|Battle timer is ON: inactive players will automatically lose when time's up. (requested by hieu213)
|
|t:|1784289045
|teamsize|p1|4
|teamsize|p2|4
|start
|switch|p1a: Meowstic|Meowstic, L50, M|100/100
|switch|p1b: Farigiraf|Farigiraf, L50, M|100/100
|switch|p2a: Archaludon|Archaludon, L50, F|100/100
|switch|p2b: Vivillon|Vivillon-Garden, L50, M|100/100
|turn|1
|inactive|hieu213 has 30 seconds left.
|inactive|Bindro has 30 seconds left.
|inactive|hieu213 has 20 seconds left.
|inactive|hieu213 has 15 seconds left.
|inactive|hieu213 has 10 seconds left.
|inactive|hieu213 has 5 seconds left.
|
|t:|1784289098
|move|p1a: Meowstic|Expanding Force|p2b: Vivillon
|-damage|p2b: Vivillon|27/100
|move|p2b: Vivillon|Sleep Powder|p1b: Farigiraf
|-status|p1b: Farigiraf|slp|[from] move: Sleep Powder
|move|p2a: Archaludon|Flash Cannon|p1a: Meowstic
|-damage|p1a: Meowstic|49/100
|cant|p1b: Farigiraf|slp
|
|upkeep
|turn|2
|inactive|hieu213 has 30 seconds left.
|inactive|Bindro has 30 seconds left.
|inactive|Bindro has 20 seconds left.
|inactive|Bindro has 15 seconds left.
|inactive|Bindro has 10 seconds left.
|inactive|Bindro has 5 seconds left.
|
|t:|1784289148
|move|p1a: Meowstic|Protect|p1a: Meowstic
|-singleturn|p1a: Meowstic|Protect
|move|p2b: Vivillon|Protect|p2b: Vivillon
|-singleturn|p2b: Vivillon|Protect
|move|p2a: Archaludon|Dragon Pulse|p1a: Meowstic
|-activate|p1a: Meowstic|move: Protect
|cant|p1b: Farigiraf|slp
|
|upkeep
|turn|3
|
|t:|1784289165
|switch|p1a: Hatterene|Hatterene, L50, F|100/100
|switch|p2b: Pelipper|Pelipper, L50, F|100/100
|-weather|RainDance|[from] ability: Drizzle|[of] p2b: Pelipper
|move|p2a: Archaludon|Electro Shot||[still]
|-prepare|p2a: Archaludon|Electro Shot
|-boost|p2a: Archaludon|spa|1
|-anim|p2a: Archaludon|Electro Shot|p1b: Farigiraf
|-damage|p1b: Farigiraf|35/100 slp
|-enditem|p1b: Farigiraf|Sitrus Berry|[eat]
|-heal|p1b: Farigiraf|59/100 slp|[from] item: Sitrus Berry
|-curestatus|p1b: Farigiraf|slp|[msg]
|move|p1b: Farigiraf|Twin Beam|p2b: Pelipper
|-damage|p2b: Pelipper|80/100
|-damage|p2b: Pelipper|60/100
|-hitcount|p2b: Pelipper|2
|
|-weather|RainDance|[upkeep]
|upkeep
|turn|4
|inactive|Bindro has 30 seconds left.
|
|t:|1784289194
|move|p2a: Archaludon|Flash Cannon|p1a: Hatterene
|-supereffective|p1a: Hatterene|1
|-damage|p1a: Hatterene|0 fnt
|faint|p1a: Hatterene
|move|p2b: Pelipper|Weather Ball|p1b: Farigiraf
|-damage|p1b: Farigiraf|0 fnt
|faint|p1b: Farigiraf
|-damage|p2b: Pelipper|50/100g|[from] item: Life Orb
|
|-weather|RainDance|[upkeep]
|upkeep
|
|t:|1784289204
|switch|p1b: Starmie|Starmie, L50|100/100
|switch|p1a: Meowstic|Meowstic, L50, M|49/100
|turn|5
|
|t:|1784289211
|detailschange|p1a: Meowstic|Meowstic-M-Mega, L50, M
|-mega|p1a: Meowstic|Meowstic|Meowsticite
|-ability|p1a: Meowstic|Stamina|Trace|[from] ability: Trace|[of] p2a: Archaludon
|move|p1b: Starmie|Ice Beam|p2a: Archaludon
|-damage|p2a: Archaludon|69/100
|-ability|p2a: Archaludon|Stamina|boost
|-boost|p2a: Archaludon|def|1
|move|p1a: Meowstic|Expanding Force|p2a: Archaludon
|-resisted|p2a: Archaludon|1
|-damage|p2a: Archaludon|41/100
|-ability|p2a: Archaludon|Stamina|boost
|-boost|p2a: Archaludon|def|1
|move|p2a: Archaludon|Electro Shot||[still]
|-prepare|p2a: Archaludon|Electro Shot
|-boost|p2a: Archaludon|spa|1
|-anim|p2a: Archaludon|Electro Shot|p1b: Starmie
|-supereffective|p1b: Starmie|1
|-enditem|p1b: Starmie|Focus Sash
|-damage|p1b: Starmie|1/100
|move|p2b: Pelipper|Hurricane|p1a: Meowstic
|-damage|p1a: Meowstic|0 fnt
|faint|p1a: Meowstic
|-damage|p2b: Pelipper|41/100|[from] item: Life Orb
|
|-weather|RainDance|[upkeep]
|-heal|p2a: Archaludon|47/100|[from] item: Leftovers
|upkeep
|turn|6
|-message|hieu213 forfeited.
|raw|hieu213's rating: 1000 → 1000(+0 for losing)
|raw|Bindro's rating: 1107 → 1125(+18 for winning)
|
|win|Bindro
