|j|☆AirBloom
|j|☆monsoonisbest
|html|AirBloommonsoonisbest    
|uhtml|bestof|Game 2 of a best-of-3
|t:|1782569664
|gametype|doubles
|player|p1|AirBloom|sabrina|1296
|player|p2|monsoonisbest|1|1188
|gen|9
|tier|[Gen 9 Champions] VGC 2026 Reg M-B (Bo3)
|rated|
|rule|Species Clause: Limit one of each Pokémon
|rule|Item Clause: Limit 1 of each item
|clearpoke
|poke|p1|Sableye, L50, M|
|poke|p1|Pelipper, L50, F|
|poke|p1|Archaludon, L50, M|
|poke|p1|Sinistcha, L50|
|poke|p1|Swampert, L50, M|
|poke|p1|Metagross, L50|
|poke|p2|Pyroar, L50, F|
|poke|p2|Basculegion, L50, M|
|poke|p2|Mawile, L50, M|
|poke|p2|Torkoal, L50, F|
|poke|p2|Oranguru, L50, F|
|poke|p2|Grimmsnarl, L50, M|
|teampreview|4
|showteam|p1|Sableye||LightClay|Prankster|RainDance,LightScreen,Reflect,WillOWisp|Calm||M|||50|]Pelipper||SitrusBerry|Drizzle|Hurricane,WeatherBall,Tailwind,WideGuard|Timid||F|||50|]Archaludon||Leftovers|Stamina|DragonPulse,FlashCannon,ElectroShot,Protect|Calm||M|||50|]Sinistcha||KasibBerry|Hospitality|MatchaGotcha,LifeDew,RagePowder,Protect|Bold|||||50|]Swampert||Swampertite|Damp|WaveCrash,Earthquake,IcePunch,Protect|Adamant||M|||50|]Metagross||Metagrossite|ClearBody|PsychicFangs,IronHead,BrickBreak,Protect|Jolly|||||50|
|showteam|p2|Pyroar||Pyroarite|Rivalry|HeatWave,SolarBeam,Overheat,Protect|Timid||F|||50|]Basculegion||ChoiceScarf|Adaptability|WaveCrash,LastRespects,FlipTurn,AquaJet|Jolly||M|||50|]Mawile||Mawilite|HyperCutter|IronHead,PlayRough,SuckerPunch,Protect|Adamant||M|||50|]Torkoal||Charcoal|Drought|Eruption,WeatherBall,HelpingHand,Protect|Quiet||F|||50|]Oranguru||MentalHerb|InnerFocus|Psychic,TrickRoom,Encore,Instruct|Relaxed||F|||50|]Grimmsnarl||SitrusBerry|Prankster|SpiritBreak,FakeOut,LightScreen,PartingShot|Careful||M|||50|
|inactive|Battle timer is ON: inactive players will automatically lose when time's up. (requested by AirBloom)
|
|t:|1782569674
|teamsize|p1|4
|teamsize|p2|4
|start
|switch|p1a: Swampert|Swampert, L50, M|100/100
|switch|p1b: Sableye|Sableye, L50, M|100/100
|switch|p2a: Grimmsnarl|Grimmsnarl, L50, M|100/100
|switch|p2b: Oranguru|Oranguru, L50, F|100/100
|turn|1
|inactive|monsoonisbest has 30 seconds left.
|inactive|AirBloom has 30 seconds left.
|
|t:|1782569710
|detailschange|p1a: Swampert|Swampert-Mega, L50, M
|-mega|p1a: Swampert|Swampert|Swampertite
|move|p2a: Grimmsnarl|Fake Out|p1a: Swampert
|-damage|p1a: Swampert|90/100
|move|p1b: Sableye|Light Screen|p1b: Sableye
|-sidestart|p1: AirBloom|move: Light Screen
|cant|p1a: Swampert|flinch
|move|p2b: Oranguru|Trick Room|p2b: Oranguru
|-fieldstart|move: Trick Room|[of] p2b: Oranguru
|
|upkeep
|turn|2
|inactive|AirBloom has 30 seconds left.
|inactive|AirBloom has 20 seconds left.
|
|t:|1782569746
|move|p1b: Sableye|Rain Dance|p1b: Sableye
|-weather|RainDance
|move|p2b: Oranguru|Encore|p1b: Sableye
|-start|p1b: Sableye|Encore
|move|p2a: Grimmsnarl|Spirit Break|p1b: Sableye
|-supereffective|p1b: Sableye|1
|-damage|p1b: Sableye|18/100
|-unboost|p1b: Sableye|spa|1
|move|p1a: Swampert|Wave Crash|p2a: Grimmsnarl
|-damage|p2a: Grimmsnarl|0 fnt
|faint|p2a: Grimmsnarl
|-damage|p1a: Swampert|55/100|[from] Recoil
|
|-weather|RainDance|[upkeep]
|upkeep
|
|t:|1782569752
|switch|p2a: Mawile|Mawile, L50, M|100/100
|turn|3
|inactive|AirBloom has 30 seconds left.
|
|t:|1782569783
|switch|p1b: Archaludon|Archaludon, L50, M|100/100
|detailschange|p2a: Mawile|Mawile-Mega, L50, M
|-mega|p2a: Mawile|Mawile|Mawilite
|move|p1a: Swampert|Protect|p1a: Swampert
|-singleturn|p1a: Swampert|Protect
|move|p2a: Mawile|Play Rough|p1b: Archaludon
|-damage|p1b: Archaludon|36/100
|-ability|p1b: Archaludon|Stamina|boost
|-boost|p1b: Archaludon|def|1
|move|p2b: Oranguru|Instruct|p2a: Mawile
|-singleturn|p2a: Mawile|move: Instruct|[of] p2b: Oranguru
|move|p2a: Mawile|Play Rough|p1b: Archaludon
|-crit|p1b: Archaludon
|-damage|p1b: Archaludon|0 fnt
|faint|p1b: Archaludon
|
|-weather|RainDance|[upkeep]
|upkeep
|
|t:|1782569800
|switch|p1b: Sableye|Sableye, L50, M|18/100
|turn|4
|
|t:|1782569805
|switch|p1a: Pelipper|Pelipper, L50, F|100/100
|move|p1b: Sableye|Will-O-Wisp|p2a: Mawile
|-status|p2a: Mawile|brn
|move|p2a: Mawile|Play Rough|p1a: Pelipper|[miss]
|-miss|p2a: Mawile|p1a: Pelipper
|move|p2b: Oranguru|Instruct|p2a: Mawile
|-singleturn|p2a: Mawile|move: Instruct|[of] p2b: Oranguru
|move|p2a: Mawile|Play Rough|p1a: Pelipper
|-damage|p1a: Pelipper|50/100g
|
|-weather|RainDance|[upkeep]
|-damage|p2a: Mawile|94/100 brn|[from] brn
|upkeep
|turn|5
|inactive|AirBloom has 30 seconds left.
|
|t:|1782569832
|switch|p1a: Swampert|Swampert-Mega, L50, M|55/100
|move|p1b: Sableye|Reflect|p1b: Sableye
|-sidestart|p1: AirBloom|Reflect
|move|p2a: Mawile|Play Rough|p1b: Sableye
|-supereffective|p1b: Sableye|1
|-crit|p1b: Sableye
|-damage|p1b: Sableye|0 fnt
|faint|p1b: Sableye
|move|p2b: Oranguru|Instruct|p2a: Mawile
|-singleturn|p2a: Mawile|move: Instruct|[of] p2b: Oranguru
|move|p2a: Mawile|Play Rough|p1a: Swampert
|-damage|p1a: Swampert|31/100
|
|-weather|RainDance|[upkeep]
|-damage|p2a: Mawile|88/100 brn|[from] brn
|-fieldend|move: Trick Room
|upkeep
|
|t:|1782569847
|switch|p1b: Pelipper|Pelipper, L50, F|50/100g
|turn|6
|
|t:|1782569851
|move|p1a: Swampert|Earthquake|p2b: Oranguru|[spread] p2a,p2b
|-immune|p1b: Pelipper
|-supereffective|p2a: Mawile|1
|-damage|p2a: Mawile|0 fnt
|-damage|p2b: Oranguru|58/100
|faint|p2a: Mawile
|move|p1b: Pelipper|Weather Ball|p2b: Oranguru
|-damage|p2b: Oranguru|8/100
|move|p2b: Oranguru|Trick Room|p2b: Oranguru
|-fieldstart|move: Trick Room|[of] p2b: Oranguru
|
|-weather|none
|upkeep
|
|t:|1782569855
|switch|p2a: Torkoal|Torkoal, L50, F|100/100
|-weather|SunnyDay|[from] ability: Drought|[of] p2a: Torkoal
|turn|7
|
|t:|1782569862
|move|p1b: Pelipper|Wide Guard|p1b: Pelipper
|-singleturn|p1b: Pelipper|Wide Guard
|move|p2a: Torkoal|Weather Ball|p1a: Swampert
|-resisted|p1a: Swampert|1
|-damage|p1a: Swampert|11/100
|move|p2b: Oranguru|Instruct|p2a: Torkoal
|-singleturn|p2a: Torkoal|move: Instruct|[of] p2b: Oranguru
|move|p2a: Torkoal|Weather Ball|p1a: Swampert
|-resisted|p1a: Swampert|1
|-damage|p1a: Swampert|0 fnt
|faint|p1a: Swampert
|
|-weather|SunnyDay|[upkeep]
|upkeep
|turn|8
|
|t:|1782569874
|move|p2a: Torkoal|Weather Ball|p1b: Pelipper
|-resisted|p1b: Pelipper|1
|-damage|p1b: Pelipper|6/100
|-enditem|p1b: Pelipper|Sitrus Berry|[eat]
|-heal|p1b: Pelipper|31/100|[from] item: Sitrus Berry
|move|p2b: Oranguru|Encore|p1b: Pelipper
|-start|p1b: Pelipper|Encore
|move|p1b: Pelipper|Wide Guard||[still]
|-fail|p1b: Pelipper
|
|-weather|SunnyDay|[upkeep]
|-sideend|p1: AirBloom|move: Light Screen
|upkeep
|turn|9
|
|t:|1782569879
|move|p1b: Pelipper|Wide Guard|p1b: Pelipper
|-singleturn|p1b: Pelipper|Wide Guard
|move|p2a: Torkoal|Weather Ball|p1b: Pelipper
|-resisted|p1b: Pelipper|1
|-damage|p1b: Pelipper|0 fnt
|faint|p1b: Pelipper
|
|win|monsoonisbest
