|j|☆booger222
|j|☆AllySwitch24
|html|booger222AllySwitch24    
|uhtml|bestof|Game 1 of a best-of-3
|t:|1785297906
|gametype|doubles
|player|p1|booger222|gardenia|1000
|player|p2|AllySwitch24|101|1000
|gen|9
|tier|[Gen 9 Champions] VGC 2026 Reg M-B (Bo3)
|rated|
|rule|Species Clause: Limit one of each Pokémon
|rule|Item Clause: Limit 1 of each item
|clearpoke
|poke|p1|Sharpedo, L50, F, shiny|
|poke|p1|Alcremie-Ruby-Cream, L50, F|
|poke|p1|Garchomp, L50, F|
|poke|p1|Drampa, L50, F|
|poke|p1|Corviknight, L50, F|
|poke|p1|Slowking-Galar, L50, M|
|poke|p2|Palafin, L50, M|
|poke|p2|Raichu, L50, F|
|poke|p2|Typhlosion, L50, F|
|poke|p2|Ninetales-Alola, L50, M|
|poke|p2|Jolteon, L50, M|
|poke|p2|Talonflame, L50, F|
|teampreview|4
|showteam|p1|Sharpedo||Sharpedonite|SpeedBoost|Protect,Crunch,PsychicFangs,IceFang|Adamant||F|||50|]Alcremie-Ruby-Cream||SitrusBerry|SweetVeil|Decorate,AlluringVoice,Encore,Protect|Calm||F|||50|]Garchomp||LifeOrb|RoughSkin|RockSlide,StompingTantrum,DragonClaw,Protect|Jolly||F|||50|]Drampa||Leftovers|CloudNine|DracoMeteor,HyperVoice,Glare,Roost|Relaxed||F|||50|]Corviknight||ExpertBelt|MirrorArmor|Tailwind,BraveBird,IronHead,Uturn|Adamant||F|||50|]Slowking-Galar||MentalHerb|Regenerator|TrickRoom,Imprison,LightScreen,SludgeBomb|Sassy||M|||50|
|showteam|p2|Palafin||MysticWater|ZerotoHero|JetPunch,WaveCrash,FlipTurn,Protect|Adamant||M|||50|]Raichu||RaichuniteX|LightningRod|FakeOut,Protect,RisingVoltage,VoltSwitch|Timid||F|||50|]Typhlosion||Charcoal|FlashFire|Eruption,Protect,FireBlast,ScorchingSands|Modest||F|||50|]Ninetales-Alola||FocusSash|SnowWarning|Blizzard,Protect,FreezeDry,Roar|Timid||M|||50|]Jolteon||LifeOrb|VoltAbsorb|RisingVoltage,Protect,WeatherBall,VoltSwitch|Timid||M|||50|]Talonflame|||GaleWings|Tailwind,Acrobatics,SunnyDay,QuickGuard|Jolly||F|||50|
|
|t:|1785297993
|teamsize|p1|4
|teamsize|p2|4
|start
|switch|p1a: pinky|Sharpedo, L50, F, shiny|100/100
|switch|p1b: the brain|Alcremie-Ruby-Cream, L50, F|100/100
|switch|p2a: Raichu|Raichu, L50, F|100/100
|switch|p2b: Palafin|Palafin, L50, M|100/100
|turn|1
|
|t:|1785298035
|detailschange|p2a: Raichu|Raichu-Mega-X, L50, F
|-mega|p2a: Raichu|Raichu|Raichunite X
|-fieldstart|move: Electric Terrain|[from] ability: Electric Surge|[of] p2a: Raichu
|move|p1b: the brain|Protect|p1b: the brain
|-singleturn|p1b: the brain|Protect
|move|p2a: Raichu|Rising Voltage|p1b: the brain
|-activate|p1b: the brain|move: Protect
|move|p2b: Palafin|Flip Turn|p1b: the brain
|-activate|p1b: the brain|move: Protect
|move|p1a: pinky|Crunch|p2a: Raichu
|-damage|p2a: Raichu|40/100
|
|-ability|p1a: pinky|Speed Boost|boost
|-boost|p1a: pinky|spe|1
|upkeep
|turn|2
|
|t:|1785298089
|detailschange|p1a: pinky|Sharpedo-Mega, L50, F, shiny
|-mega|p1a: pinky|Sharpedo|Sharpedonite
|move|p2a: Raichu|Protect|p2a: Raichu
|-singleturn|p2a: Raichu|Protect
|move|p1a: pinky|Crunch|p2b: Palafin
|-damage|p2b: Palafin|30/100
|-unboost|p2b: Palafin|def|1
|move|p2b: Palafin|Flip Turn|p1b: the brain
|-damage|p1b: the brain|61/100
|
|t:|1785298102
|detailschange|p2b: Palafin|Palafin-Hero, L50, M
|switch|p2b: Jolteon|Jolteon, L50, M|100/100|[from] Flip Turn
|move|p1b: the brain|Decorate|p1a: pinky
|-boost|p1a: pinky|atk|2
|-boost|p1a: pinky|spa|2
|
|upkeep
|turn|3
|
|t:|1785298127
|move|p1a: pinky|Protect|p1a: pinky
|-singleturn|p1a: pinky|Protect
|move|p2b: Jolteon|Rising Voltage|p1a: pinky
|-activate|p1a: pinky|move: Protect
|move|p2a: Raichu|Volt Switch|p1a: pinky
|-activate|p1a: pinky|move: Protect
|move|p1b: the brain|Alluring Voice|p2a: Raichu
|-damage|p2a: Raichu|0 fnt
|faint|p2a: Raichu
|
|upkeep
|
|t:|1785298143
|switch|p2a: Palafin|Palafin-Hero, L50, M|30/100
|-activate|p2a: Palafin|ability: Zero to Hero
|turn|4
|
|t:|1785298156
|move|p2b: Jolteon|Rising Voltage|p1a: pinky
|-hint|Rising Voltage's BP doubled on grounded target.
|-supereffective|p1a: pinky|1
|-damage|p1a: pinky|0 fnt
|faint|p1a: pinky
|-damage|p2b: Jolteon|90/100|[from] item: Life Orb
|move|p2a: Palafin|Wave Crash|p1b: the brain
|-damage|p1b: the brain|0 fnt
|faint|p1b: the brain
|-damage|p2a: Palafin|12/100|[from] Recoil
|
|upkeep
|
|t:|1785298166
|switch|p1a: basic bitch|Garchomp, L50, F|100/100
|switch|p1b: trick room setter|Slowking-Galar, L50, M|100/100
|turn|5
|
|t:|1785298206
|move|p2b: Jolteon|Rising Voltage|p1b: trick room setter
|-hint|Rising Voltage's BP doubled on grounded target.
|-damage|p1b: trick room setter|39/100
|-damage|p2b: Jolteon|80/100|[from] item: Life Orb
|move|p1a: basic bitch|Stomping Tantrum|p2b: Jolteon
|-supereffective|p2b: Jolteon|1
|-damage|p2b: Jolteon|0 fnt
|faint|p2b: Jolteon
|-damage|p1a: basic bitch|90/100|[from] item: Life Orb
|move|p2a: Palafin|Wave Crash|p1b: trick room setter
|-damage|p1b: trick room setter|0 fnt
|faint|p1b: trick room setter
|-damage|p2a: Palafin|0 fnt|[from] Recoil
|faint|p2a: Palafin
|
|-fieldend|move: Electric Terrain
|upkeep
|
|t:|1785298228
|switch|p2b: Ninetales|Ninetales-Alola, L50, M|100/100
|-weather|Snowscape|[from] ability: Snow Warning|[of] p2b: Ninetales
|turn|6
|
|t:|1785298236
|move|p2b: Ninetales|Blizzard|p1a: basic bitch
|-supereffective|p1a: basic bitch|2
|-damage|p1a: basic bitch|0 fnt
|faint|p1a: basic bitch
|
|win|AllySwitch24
||AllySwitch24 is ready for game 2.
||booger222 is ready for game 2.
|uhtml|next|Next: Game 2 of 3
|l|☆booger222
|player|p1|
