|j|☆eviovulpix
|j|☆FreemanGordon
|html|eviovulpixFreemanGordon    
|uhtml|bestof|Game 2 of a best-of-3
|t:|1784144905
|gametype|doubles
|player|p1|eviovulpix|2|
|player|p2|FreemanGordon|266|
|gen|9
|tier|[Gen 9 Champions] VGC 2026 Reg M-B (Bo3)
|rule|Species Clause: Limit one of each Pokémon
|rule|Item Clause: Limit 1 of each item
|clearpoke
|poke|p1|Blaziken, L50, M, shiny|
|poke|p1|Whimsicott, L50, F, shiny|
|poke|p1|Kingambit, L50, M, shiny|
|poke|p1|Basculegion, L50, M, shiny|
|poke|p1|Sylveon, L50, M, shiny|
|poke|p1|Raichu, L50, M, shiny|
|poke|p2|Charizard, L50, M|
|poke|p2|Venusaur, L50, M|
|poke|p2|Pelipper, L50, F|
|poke|p2|Archaludon, L50, M|
|poke|p2|Grimmsnarl, L50, M|
|poke|p2|Basculegion, L50, M|
|teampreview|4
|showteam|p1|Blaziken||Blazikenite|SpeedBoost|FlareBlitz,CloseCombat,Protect,RockSlide|Adamant||M|||50|]Whimsicott||FocusSash|Prankster|Moonblast,Tailwind,Encore,Protect|Timid||F|||50|]Kingambit||LifeOrb|Defiant|KowtowCleave,Protect,IronHead,SuckerPunch|Adamant||M|||50|]Basculegion||ChoiceScarf|Adaptability|WaveCrash,FlipTurn,LastRespects,AquaJet|Jolly||M|||50|]Sylveon||FairyFeather|Pixilate|HyperVoice,Moonblast,HelpingHand,Protect|Modest||M|||50|]Raichu||RaichuniteY|LightningRod|ZapCannon,FocusBlast,GrassKnot,Protect|Timid||M|||50|
|showteam|p2|Charizard||CharizarditeY|Blaze|HeatWave,WeatherBall,Hurricane,Protect|Modest||M|||50|]Venusaur||LifeOrb|Chlorophyll|Protect,SludgeBomb,EarthPower,EnergyBall|Modest||M|||50|]Pelipper||FocusSash|Drizzle|Tailwind,WideGuard,Hurricane,WeatherBall|Modest||F|||50|]Archaludon||Leftovers|Stamina|Protect,ElectroShot,FlashCannon,DragonPulse|Modest||M|||50|]Grimmsnarl||LightClay|Prankster|SpiritBreak,LightScreen,Reflect,PartingShot|Careful||M|||50|]Basculegion||ChoiceScarf|Adaptability|FlipTurn,PsychicFangs,WaveCrash,LastRespects|Jolly||M|||50|
|
|t:|1784144962
|teamsize|p1|4
|teamsize|p2|4
|start
|switch|p1a: Blaziken|Blaziken, L50, M, shiny|100/100
|switch|p1b: Raichu|Raichu, L50, M, shiny|100/100
|switch|p2a: Charizard|Charizard, L50, M|100/100
|switch|p2b: Grimmsnarl|Grimmsnarl, L50, M|100/100
|turn|1
|inactive|Battle timer is ON: inactive players will automatically lose when time's up. (requested by FreemanGordon)
|inactive|eviovulpix has 60 seconds left.
|inactive|FreemanGordon has 60 seconds left.
|inactive|FreemanGordon has 30 seconds left.
|
|t:|1784145024
|detailschange|p1b: Raichu|Raichu-Mega-Y, L50, M, shiny
|-mega|p1b: Raichu|Raichu|Raichunite Y
|detailschange|p2a: Charizard|Charizard-Mega-Y, L50, M
|-mega|p2a: Charizard|Charizard|Charizardite Y
|-weather|SunnyDay|[from] ability: Drought|[of] p2a: Charizard
|move|p2a: Charizard|Protect|p2a: Charizard
|-singleturn|p2a: Charizard|Protect
|move|p2b: Grimmsnarl|Reflect|p2b: Grimmsnarl
|-sidestart|p2: FreemanGordon|Reflect
|move|p1b: Raichu|Zap Cannon|p2a: Charizard
|-activate|p2a: Charizard|move: Protect
|move|p1a: Blaziken|Rock Slide|p2a: Charizard|[spread] p2b
|-activate|p2a: Charizard|move: Protect
|-damage|p2b: Grimmsnarl|87/100
|
|-weather|SunnyDay|[upkeep]
|-ability|p1a: Blaziken|Speed Boost|boost
|-boost|p1a: Blaziken|spe|1
|upkeep
|turn|2
|inactive|FreemanGordon has 30 seconds left.
|inactive|FreemanGordon has 20 seconds left.
|inactive|FreemanGordon has 15 seconds left.
|inactive|FreemanGordon has 10 seconds left.
|inactive|FreemanGordon has 5 seconds left.
|
|t:|1784145076
|switch|p2a: Archaludon|Archaludon, L50, M|100/100
|move|p2b: Grimmsnarl|Light Screen|p2b: Grimmsnarl
|-sidestart|p2: FreemanGordon|move: Light Screen
|move|p1a: Blaziken|Rock Slide|p2b: Grimmsnarl|[spread] p2a,p2b
|-resisted|p2a: Archaludon|1
|-damage|p2a: Archaludon|95/100
|-damage|p2b: Grimmsnarl|75/100
|-ability|p2a: Archaludon|Stamina|boost
|-boost|p2a: Archaludon|def|1
|move|p1b: Raichu|Zap Cannon|p2a: Archaludon
|-resisted|p2a: Archaludon|1
|-damage|p2a: Archaludon|74/100
|-status|p2a: Archaludon|par
|-ability|p2a: Archaludon|Stamina|boost
|-boost|p2a: Archaludon|def|1
|
|-weather|SunnyDay|[upkeep]
|-heal|p2a: Archaludon|80/100 par|[from] item: Leftovers
|-ability|p1a: Blaziken|Speed Boost|boost
|-boost|p1a: Blaziken|spe|1
|upkeep
|turn|3
|inactive|eviovulpix has 30 seconds left.
|inactive|FreemanGordon has 30 seconds left.
|inactive|eviovulpix has 20 seconds left.
|
|t:|1784145112
|move|p2a: Archaludon|Protect|p2a: Archaludon
|-singleturn|p2a: Archaludon|Protect
|move|p2b: Grimmsnarl|Parting Shot|p1b: Raichu
|-unboost|p1b: Raichu|atk|1
|-unboost|p1b: Raichu|spa|1
|
|t:|1784145118
|switch|p2b: Charizard|Charizard-Mega-Y, L50, M|100/100|[from] Parting Shot
|move|p1a: Blaziken|Rock Slide|p2a: Archaludon|[spread] p2b
|-activate|p2a: Archaludon|move: Protect
|-supereffective|p2b: Charizard|2
|-damage|p2b: Charizard|48/100
|move|p1b: Raichu|Zap Cannon|p2b: Charizard
|-supereffective|p2b: Charizard|1
|-damage|p2b: Charizard|1/100
|-status|p2b: Charizard|par
|
|-weather|SunnyDay|[upkeep]
|-heal|p2a: Archaludon|86/100 par|[from] item: Leftovers
|-ability|p1a: Blaziken|Speed Boost|boost
|-boost|p1a: Blaziken|spe|1
|upkeep
|turn|4
|inactive|FreemanGordon has 30 seconds left.
|inactive|FreemanGordon has 20 seconds left.
|inactive|eviovulpix has 30 seconds left.
|inactive|FreemanGordon has 15 seconds left.
|inactive|FreemanGordon has 10 seconds left.
|
|t:|1784145168
|switch|p1b: Whimsicott|Whimsicott, L50, F, shiny|100/100
|switch|p2b: Grimmsnarl|Grimmsnarl, L50, M|75/100
|move|p1a: Blaziken|Rock Slide|p2b: Grimmsnarl|[spread] p2a,p2b
|-resisted|p2a: Archaludon|1
|-damage|p2a: Archaludon|83/100 par
|-damage|p2b: Grimmsnarl|60/100
|-ability|p2a: Archaludon|Stamina|boost
|-boost|p2a: Archaludon|def|1
|move|p2a: Archaludon|Dragon Pulse|p1b: Whimsicott
|-immune|p1b: Whimsicott
|
|-weather|SunnyDay|[upkeep]
|-heal|p2a: Archaludon|89/100 par|[from] item: Leftovers
|-ability|p1a: Blaziken|Speed Boost|boost
|-boost|p1a: Blaziken|spe|1
|upkeep
|turn|5
|inactive|eviovulpix has 30 seconds left.
|inactive|FreemanGordon has 30 seconds left.
|inactive|eviovulpix has 20 seconds left.
|
|t:|1784145203
|move|p2b: Grimmsnarl|Parting Shot|p1b: Whimsicott
|-unboost|p1b: Whimsicott|atk|1
|-unboost|p1b: Whimsicott|spa|1
|
|t:|1784145212
|switch|p2b: Charizard|Charizard-Mega-Y, L50, M|1/100 par|[from] Parting Shot
|move|p1a: Blaziken|Close Combat|p2b: Charizard
|-resisted|p2b: Charizard|1
|-damage|p2b: Charizard|0 fnt
|-unboost|p1a: Blaziken|def|1
|-unboost|p1a: Blaziken|spd|1
|faint|p2b: Charizard
|move|p1b: Whimsicott|Moonblast|p2a: Archaludon
|-damage|p2a: Archaludon|74/100 par
|-unboost|p2a: Archaludon|spa|1
|-ability|p2a: Archaludon|Stamina|boost
|-boost|p2a: Archaludon|def|1
|cant|p2a: Archaludon|par
|
|-weather|none
|-heal|p2a: Archaludon|80/100 par|[from] item: Leftovers
|-ability|p1a: Blaziken|Speed Boost|boost
|-boost|p1a: Blaziken|spe|1
|upkeep
|
|t:|1784145230
|switch|p2b: Pelipper|Pelipper, L50, F|100/100
|-weather|RainDance|[from] ability: Drizzle|[of] p2b: Pelipper
|turn|6
|
|t:|1784145253
|switch|p1a: Raichu|Raichu-Mega-Y, L50, M, shiny|100/100
|move|p2b: Pelipper|Wide Guard|p2b: Pelipper
|-singleturn|p2b: Pelipper|Wide Guard
|move|p1b: Whimsicott|Encore|p2a: Archaludon
|-start|p2a: Archaludon|Encore
|move|p2a: Archaludon|Dragon Pulse|p1b: Whimsicott
|-immune|p1b: Whimsicott
|
|-weather|RainDance|[upkeep]
|-heal|p2a: Archaludon|86/100 par|[from] item: Leftovers
|upkeep
|turn|7
|inactive|FreemanGordon has 30 seconds left.
|
|t:|1784145279
|move|p1a: Raichu|Zap Cannon|p2b: Pelipper
|-supereffective|p2b: Pelipper|2
|-enditem|p2b: Pelipper|Focus Sash
|-damage|p2b: Pelipper|1/100
|-status|p2b: Pelipper|par
|move|p1b: Whimsicott|Moonblast|p2b: Pelipper
|-damage|p2b: Pelipper|0 fnt
|faint|p2b: Pelipper
|move|p2a: Archaludon|Dragon Pulse|p1a: Raichu
|-damage|p1a: Raichu|65/100
|
|-weather|RainDance|[upkeep]
|-heal|p2a: Archaludon|92/100 par|[from] item: Leftovers
|upkeep
|
|t:|1784145291
|switch|p2b: Grimmsnarl|Grimmsnarl, L50, M|60/100
|turn|8
|
|t:|1784145299
|move|p1a: Raichu|Zap Cannon|p2b: Grimmsnarl
|-damage|p2b: Grimmsnarl|23/100
|-status|p2b: Grimmsnarl|par
|move|p1b: Whimsicott|Moonblast|p2b: Grimmsnarl
|-supereffective|p2b: Grimmsnarl|1
|-damage|p2b: Grimmsnarl|0 fnt
|faint|p2b: Grimmsnarl
|move|p2a: Archaludon|Dragon Pulse|p1a: Raichu
|-damage|p1a: Raichu|27/100
|
|-weather|RainDance|[upkeep]
|-heal|p2a: Archaludon|98/100 par|[from] item: Leftovers
|-end|p2a: Archaludon|Encore
|-sideend|p2: FreemanGordon|Reflect
|upkeep
|turn|9
|inactive|FreemanGordon has 30 seconds left.
|
|t:|1784145325
|move|p1a: Raichu|Protect|p1a: Raichu
|-singleturn|p1a: Raichu|Protect
|move|p1b: Whimsicott|Encore|p2a: Archaludon
|-start|p2a: Archaludon|Encore
|move|p2a: Archaludon|Dragon Pulse|p1a: Raichu
|-activate|p1a: Raichu|move: Protect
|
|-weather|RainDance|[upkeep]
|-heal|p2a: Archaludon|100/100 par|[from] item: Leftovers
|-sideend|p2: FreemanGordon|move: Light Screen
|upkeep
|turn|10
|
|t:|1784145335
|move|p1a: Raichu|Focus Blast|p2a: Archaludon
|-supereffective|p2a: Archaludon|1
|-damage|p2a: Archaludon|20/100y par
|-ability|p2a: Archaludon|Stamina|boost
|-boost|p2a: Archaludon|def|1
|move|p1b: Whimsicott|Moonblast|p2a: Archaludon
|-damage|p2a: Archaludon|0 fnt
|faint|p2a: Archaludon
|
|win|eviovulpix
||FreemanGordon is ready for game 3.
||eviovulpix is ready for game 3.
|uhtml|next|Next: Game 3 of 3
|l|☆eviovulpix
|player|p1|
|l|☆FreemanGordon
|player|p2|
|j|☆eviovulpix
|player|p1|eviovulpix|2|
