|j|☆Voltage Gaming101
|j|☆BasedRen
|html|Voltage Gaming101BasedRen    
|uhtml|bestof|Game 1 of a best-of-3
|t:|1757108753
|gametype|doubles
|player|p1|Voltage Gaming101|red|1111
|player|p2|BasedRen|169|1094
|gen|9
|tier|[Gen 9] VGC 2025 Reg H (Bo3)
|rated|
|rule|Species Clause: Limit one of each Pokémon
|rule|Item Clause: Limit 1 of each item
|clearpoke
|poke|p1|Tyranitar, L50, M|
|poke|p1|Houndstone, L50, M|
|poke|p1|Gholdengo, L50|
|poke|p1|Garchomp, L50, M|
|poke|p1|Incineroar, L50, F|
|poke|p1|Amoonguss, L50, M|
|poke|p2|Corviknight, L50, M|
|poke|p2|Sneasler, L50, M|
|poke|p2|Ceruledge, L50, F|
|poke|p2|Primarina, L50, F|
|poke|p2|Murkrow, L50, F|
|poke|p2|Zoroark-Hisui, L50, F|
|teampreview|4
|showteam|p1|Tyranitar||AssaultVest|SandStream|RockSlide,KnockOff,LowKick,TeraBlast|||M|||50|,,,,,Flying]Houndstone||SpellTag|SandRush|LastRespects,ShadowSneak,PlayRough,FireFang|||M|||50|,,,,,Ghost]Gholdengo||LifeOrb|GoodasGold|MakeItRain,ShadowBall,NastyPlot,Protect||||||50|,,,,,Water]Garchomp||LoadedDice|RoughSkin|ScaleShot,Earthquake,SwordsDance,Protect|||M|||50|,,,,,Fire]Incineroar||SafetyGoggles|Intimidate|FakeOut,KnockOff,FlareBlitz,PartingShot|||F|||50|,,,,,Water]Amoonguss||SitrusBerry|Regenerator|Spore,RagePowder,PollenPuff,Protect|||M|||50|,,,,,Water
|showteam|p2|Corviknight||SafetyGoggles|MirrorArmor|IronHead,BraveBird,Roost,Taunt|||M|||50|,,,,,Dragon]Sneasler||FocusSash|Unburden|Coaching,FakeOut,DireClaw,CloseCombat|||M|||50|,,,,,Poison]Ceruledge||AssaultVest|FlashFire|BitterBlade,SolarBlade,ShadowSneak,CloseCombat|||F|||50|,,,,,Grass]Primarina||ThroatSpray|LiquidVoice|Moonblast,HyperVoice,MistyTerrain,Protect|||F|||50|,,,,,Fairy]Murkrow||Eviolite|Prankster|Tailwind,FoulPlay,Haze,SunnyDay|||F|||50|,,,,,Ghost]Zoroark-Hisui||ChoiceSpecs|Illusion|BitterMalice,HyperVoice,HyperBeam,FocusBlast|||F|||50|,,,,,Normal
|inactive|Battle timer is ON: inactive players will automatically lose when time's up. (requested by BasedRen)
|inactive|Voltage Gaming101 has 60 seconds left.
|inactive|BasedRen has 60 seconds left.
|
|t:|1757108794
|teamsize|p1|4
|teamsize|p2|4
|start
|switch|p1a: Tyranitar|Tyranitar, L50, M, shiny|100/100
|switch|p1b: Incineroar|Incineroar, L50, F, shiny|100/100
|switch|p2a: Murkrow|Murkrow, L50, F|100/100
|switch|p2b: Ceruledge|Ceruledge, L50, F|100/100
|-weather|Sandstorm|[from] ability: Sand Stream|[of] p1a: Tyranitar
|-ability|p1b: Incineroar|Intimidate|boost
|-unboost|p2a: Murkrow|atk|1
|-unboost|p2b: Ceruledge|atk|1
|turn|1
|inactive|BasedRen has 30 seconds left.
|
|t:|1757108823
|-terastallize|p1a: Tyranitar|Flying
|move|p1b: Incineroar|Fake Out|p2a: Murkrow
|-damage|p2a: Murkrow|86/100
|cant|p2a: Murkrow|flinch
|move|p2b: Ceruledge|Focus Blast|p1b: Incineroar
|-supereffective|p1b: Incineroar
|-damage|p1b: Incineroar|0 fnt
|faint|p1b: Incineroar
|move|p1a: Tyranitar|Rock Slide|p2b: Ceruledge|[spread] p2a,p2b
|-supereffective|p2a: Murkrow
|-damage|p2a: Murkrow|6/100
|-damage|p2b: Ceruledge|38/100
|replace|p2b: Zoroark|Zoroark-Hisui, L50, F, shiny
|-end|p2b: Zoroark|Illusion
|
|-weather|Sandstorm|[upkeep]
|-damage|p2b: Zoroark|32/100|[from] Sandstorm
|-damage|p2a: Murkrow|0 fnt|[from] Sandstorm
|-damage|p1a: Tyranitar|95/100|[from] Sandstorm
|faint|p2a: Murkrow
|upkeep
|
|t:|1757108843
|switch|p2a: Ceruledge|Ceruledge, L50, F|100/100
|switch|p1b: Garchomp|Garchomp, L50, M, shiny|100/100
|turn|2
|
|t:|1757108860
|switch|p2b: Corviknight|Corviknight, L50, M|100/100
|-terastallize|p2a: Ceruledge|Grass
|move|p1b: Garchomp|Earthquake|p2b: Corviknight|[spread] p2a
|-immune|p1a: Tyranitar
|-immune|p2b: Corviknight
|-resisted|p2a: Ceruledge
|-damage|p2a: Ceruledge|73/100
|move|p2a: Ceruledge|Bitter Blade|p1a: Tyranitar
|-damage|p1a: Tyranitar|60/100
|-heal|p2a: Ceruledge|97/100|[from] drain|[of] p1a: Tyranitar
|move|p1a: Tyranitar|Rock Slide|p2a: Ceruledge|[spread] p2b
|-miss|p1a: Tyranitar|p2a: Ceruledge
|-damage|p2b: Corviknight|74/100
|
|-weather|Sandstorm|[upkeep]
|-damage|p2a: Ceruledge|91/100|[from] Sandstorm
|-damage|p1a: Tyranitar|54/100|[from] Sandstorm
|upkeep
|turn|3
|
|t:|1757108884
|move|p1b: Garchomp|Swords Dance|p1b: Garchomp
|-boost|p1b: Garchomp|atk|2
|move|p2a: Ceruledge|Bitter Blade|p1a: Tyranitar
|-damage|p1a: Tyranitar|21/100
|-heal|p2a: Ceruledge|100/100|[from] drain|[of] p1a: Tyranitar
|move|p2b: Corviknight|Iron Head|p1a: Tyranitar
|-damage|p1a: Tyranitar|0 fnt
|faint|p1a: Tyranitar
|
|-weather|Sandstorm|[upkeep]
|-damage|p2a: Ceruledge|95/100|[from] Sandstorm
|upkeep
|
|t:|1757108892
|switch|p1a: Amoonguss|Amoonguss, L50, M, shiny|100/100
|turn|4
|
|t:|1757108912
|move|p1b: Garchomp|Scale Shot|p2a: Ceruledge
|-damage|p2a: Ceruledge|49/100
|-damage|p2a: Ceruledge|5/100
|-damage|p2a: Ceruledge|0 fnt
|faint|p2a: Ceruledge
|-hitcount|p2: Ceruledge|3
|-unboost|p1b: Garchomp|def|1
|-boost|p1b: Garchomp|spe|1
|move|p2b: Corviknight|Taunt|p1a: Amoonguss
|-start|p1a: Amoonguss|move: Taunt
|cant|p1a: Amoonguss|move: Taunt|Spore
|
|-weather|Sandstorm|[upkeep]
|-damage|p1a: Amoonguss|95/100|[from] Sandstorm
|upkeep
|
|t:|1757108924
|switch|p2a: Corviknight|Corviknight, L50, M|32/100
|turn|5
|inactive|Voltage Gaming101 has 30 seconds left.
|
|t:|1757108950
|move|p1b: Garchomp|Scale Shot|p2a: Corviknight
|-damage|p2a: Corviknight|0 fnt
|replace|p2a: Zoroark|Zoroark-Hisui, L50, F, shiny
|-end|p2a: Zoroark|Illusion
|faint|p2a: Zoroark
|-hitcount|p2: Zoroark|1
|-unboost|p1b: Garchomp|def|1
|-boost|p1b: Garchomp|spe|1
|move|p2b: Corviknight|Brave Bird|p1b: Garchomp
|-crit|p1b: Garchomp
|-damage|p1b: Garchomp|0 fnt
|-damage|p2b: Corviknight|62/100|[from] ability: Rough Skin|[of] p1b: Garchomp
|faint|p1b: Garchomp
|-damage|p2b: Corviknight|32/100|[from] Recoil
|move|p1a: Amoonguss|Pollen Puff|p2b: Corviknight
|-resisted|p2b: Corviknight
|-damage|p2b: Corviknight|28/100
|
|-weather|none
|upkeep
|turn|6
|
|t:|1757108967
|move|p2b: Corviknight|Roost|p2b: Corviknight
|-heal|p2b: Corviknight|78/100
|-singleturn|p2b: Corviknight|move: Roost
|move|p1a: Amoonguss|Pollen Puff|p2b: Corviknight
|-resisted|p2b: Corviknight
|-damage|p2b: Corviknight|70/100
|
|-end|p1a: Amoonguss|move: Taunt
|upkeep
|turn|7
|-message|Voltage Gaming101 forfeited.
|
|win|BasedRen
|inactive|Voltage Gaming101 has 30 seconds to confirm battle start!
|inactive|BasedRen has 30 seconds to confirm battle start!
||Voltage Gaming101 is ready for game 2.
|inactive|BasedRen has 20 seconds to confirm battle start!
||BasedRen is ready for game 2.
|uhtml|next|Next: Game 2 of 3
