|j|☆allgasnoblake
|j|☆viatles
|html|allgasnoblakeviatles    
|uhtml|bestof|Game 1 of a best-of-3
|t:|1756934860
|gametype|doubles
|player|p1|allgasnoblake|102|1062
|player|p2|viatles|hiker|1123
|gen|9
|tier|[Gen 9] VGC 2025 Reg H (Bo3)
|rated|
|rule|Species Clause: Limit one of each Pokémon
|rule|Item Clause: Limit 1 of each item
|clearpoke
|poke|p1|Dragonite, L50, M|
|poke|p1|Ursaluna-Bloodmoon, L50, M|
|poke|p1|Gholdengo, L50|
|poke|p1|Grimmsnarl, L50, M|
|poke|p1|Annihilape, L50, M|
|poke|p1|Volcarona, L50, M|
|poke|p2|Serperior, L50, M|
|poke|p2|Grimmsnarl, L50, M|
|poke|p2|Empoleon, L50, M|
|poke|p2|Garchomp, L50, M|
|poke|p2|Araquanid, L50, F|
|poke|p2|Garganacl, L50, M|
|teampreview|4
|showteam|p1|Dragonite||LoadedDice|InnerFocus|ExtremeSpeed,ScaleShot,Haze,Protect|||M|||50|,,,,,Steel]Ursaluna-Bloodmoon||AssaultVest|MindsEye|BloodMoon,HyperVoice,VacuumWave,EarthPower|||M|||50|,,,,,Water]Gholdengo||MetalCoat|GoodasGold|MakeItRain,ShadowBall,NastyPlot,Protect||||||50|,,,,,Water]Grimmsnarl|||Prankster|FoulPlay,ThunderWave,LightScreen,Reflect|||M|||50|,,,,,Ghost]Annihilape||Leftovers|Defiant|DrainPunch,RageFist,BulkUp,Protect|||M|||50|,,,,,Fighting]Volcarona||SitrusBerry|FlameBody|HeatWave,TeraBlast,QuiverDance,Protect|||M|||50|,,,,,Fairy
|showteam|p2|Serperior||CovertCloak|Contrary|Protect,LeafStorm,TeraBlast,GrassPledge|||M|||50|,,,,,Stellar]Grimmsnarl||LightClay|Prankster|LightScreen,Reflect,SpiritBreak,ThunderWave|||M|||50|,,,,,Ghost]Empoleon||ChopleBerry|Competitive|WaterPledge,FlashCannon,Haze,Protect|||M|||50|,,,,,Grass]Garchomp||LoadedDice|RoughSkin|ScaleShot,Earthquake,IronHead,Protect|||M|||50|,,,,,Steel]Araquanid||SafetyGoggles|WaterBubble|WideGuard,Protect,Liquidation,Infestation|||F|||50|,,,,,Grass]Garganacl||Leftovers|PurifyingSalt|SaltCure,Recover,Protect,ThunderPunch|||M|||50|,,,,,Water
|c|☆viatles|gl hf
|inactive|Battle timer is ON: inactive players will automatically lose when time's up. (requested by viatles)
|inactive|allgasnoblake has 60 seconds left.
|
|t:|1756934903
|teamsize|p1|4
|teamsize|p2|4
|start
|switch|p1a: Dragonite|Dragonite, L50, M|100/100
|switch|p1b: Grimmsnarl|Grimmsnarl, L50, M, shiny|100/100
|switch|p2a: Garganacl|Garganacl, L50, M|100/100
|switch|p2b: Garchomp|Garchomp, L50, M|100/100
|turn|1
|
|t:|1756934922
|-terastallize|p1a: Dragonite|Steel
|move|p2b: Garchomp|Protect|p2b: Garchomp
|-singleturn|p2b: Garchomp|Protect
|move|p1b: Grimmsnarl|Reflect|p1b: Grimmsnarl
|-sidestart|p1: allgasnoblake|Reflect
|move|p1a: Dragonite|Scale Shot|p2b: Garchomp
|-activate|p2b: Garchomp|move: Protect
|move|p2a: Garganacl|Thunder Punch|p1a: Dragonite
|-damage|p1a: Dragonite|88/100
|-status|p1a: Dragonite|par
|
|upkeep
|turn|2
|inactive|viatles has 30 seconds left.
|
|t:|1756934953
|move|p1b: Grimmsnarl|Thunder Wave|p2b: Garchomp
|-immune|p2b: Garchomp
|move|p2b: Garchomp|Iron Head|p1a: Dragonite
|-resisted|p1a: Dragonite
|-damage|p1a: Dragonite|77/100 par
|move|p1a: Dragonite|Scale Shot|p2b: Garchomp|[miss]
|-miss|p1a: Dragonite|p2b: Garchomp
|move|p2a: Garganacl|Salt Cure|p1b: Grimmsnarl
|-damage|p1b: Grimmsnarl|90/100
|-start|p1b: Grimmsnarl|Salt Cure
|
|-damage|p1b: Grimmsnarl|77/100|[from] Salt Cure
|upkeep
|turn|3
|inactive|allgasnoblake has 30 seconds left.
|
|t:|1756934983
|move|p2b: Garchomp|Protect|p2b: Garchomp
|-singleturn|p2b: Garchomp|Protect
|move|p1b: Grimmsnarl|Light Screen|p1b: Grimmsnarl
|-sidestart|p1: allgasnoblake|move: Light Screen
|move|p1a: Dragonite|Scale Shot|p2b: Garchomp
|-activate|p2b: Garchomp|move: Protect
|move|p2a: Garganacl|Salt Cure|p1a: Dragonite
|-resisted|p1a: Dragonite
|-damage|p1a: Dragonite|72/100 par
|-start|p1a: Dragonite|Salt Cure
|
|-damage|p1b: Grimmsnarl|65/100|[from] Salt Cure
|-damage|p1a: Dragonite|47/100 par|[from] Salt Cure
|upkeep
|turn|4
|
|t:|1756935000
|move|p2b: Garchomp|Iron Head|p1a: Dragonite
|-resisted|p1a: Dragonite
|-damage|p1a: Dragonite|35/100 par
|move|p1b: Grimmsnarl|Foul Play|p2b: Garchomp
|-damage|p2b: Garchomp|43/100
|-damage|p1b: Grimmsnarl|52/100|[from] ability: Rough Skin|[of] p2b: Garchomp
|move|p1a: Dragonite|Scale Shot|p2b: Garchomp
|-supereffective|p2b: Garchomp
|-damage|p2b: Garchomp|14/100
|-supereffective|p2b: Garchomp
|-crit|p2b: Garchomp
|-damage|p2b: Garchomp|0 fnt
|faint|p2b: Garchomp
|-hitcount|p2: Garchomp|2
|-unboost|p1a: Dragonite|def|1
|-boost|p1a: Dragonite|spe|1
|move|p2a: Garganacl|Thunder Punch|p1b: Grimmsnarl
|-damage|p1b: Grimmsnarl|37/100
|
|-damage|p1a: Dragonite|10/100 par|[from] Salt Cure
|-damage|p1b: Grimmsnarl|25/100|[from] Salt Cure
|upkeep
|
|t:|1756935019
|switch|p2b: Empoleon|Empoleon, L50, M|100/100
|turn|5
|
|t:|1756935037
|cant|p1a: Dragonite|par
|move|p2b: Empoleon|Protect|p2b: Empoleon
|-singleturn|p2b: Empoleon|Protect
|move|p1b: Grimmsnarl|Thunder Wave|p2b: Empoleon
|-activate|p2b: Empoleon|move: Protect
|move|p2a: Garganacl|Thunder Punch|p1b: Grimmsnarl
|-damage|p1b: Grimmsnarl|11/100
|
|-damage|p1a: Dragonite|0 fnt|[from] Salt Cure
|faint|p1a: Dragonite
|-damage|p1b: Grimmsnarl|0 fnt|[from] Salt Cure
|faint|p1b: Grimmsnarl
|-sideend|p1: allgasnoblake|Reflect
|upkeep
|
|t:|1756935048
|switch|p1a: Gholdengo|Gholdengo, L50|100/100
|switch|p1b: Volcarona|Volcarona, L50, M, shiny|100/100
|turn|6
|
|t:|1756935069
|move|p1b: Volcarona|Protect|p1b: Volcarona
|-singleturn|p1b: Volcarona|Protect
|move|p1a: Gholdengo|Nasty Plot|p1a: Gholdengo
|-boost|p1a: Gholdengo|spa|2
|move|p2b: Empoleon|Haze|p2b: Empoleon
|-clearallboost
|move|p2a: Garganacl|Salt Cure|p1b: Volcarona
|-activate|p1b: Volcarona|move: Protect
|
|upkeep
|turn|7
|
|t:|1756935084
|move|p1b: Volcarona|Tera Blast|p2b: Empoleon
|-resisted|p2b: Empoleon
|-damage|p2b: Empoleon|86/100
|move|p1a: Gholdengo|Make It Rain|p2b: Empoleon|[spread] p2a,p2b
|-supereffective|p2a: Garganacl
|-resisted|p2b: Empoleon
|-damage|p2a: Garganacl|21/100
|-damage|p2b: Empoleon|72/100
|-unboost|p1a: Gholdengo|spa|1
|move|p2b: Empoleon|Water Pledge|p1a: Gholdengo
|-crit|p1a: Gholdengo
|-damage|p1a: Gholdengo|42/100
|move|p2a: Garganacl|Salt Cure|p1b: Volcarona
|-supereffective|p1b: Volcarona
|-damage|p1b: Volcarona|15/100
|-start|p1b: Volcarona|Salt Cure
|-enditem|p1b: Volcarona|Sitrus Berry|[eat]
|-heal|p1b: Volcarona|40/100|[from] item: Sitrus Berry
|
|-heal|p2a: Garganacl|27/100|[from] item: Leftovers
|-damage|p1b: Volcarona|28/100|[from] Salt Cure
|-sideend|p1: allgasnoblake|move: Light Screen
|upkeep
|turn|8
|
|t:|1756935109
|move|p1b: Volcarona|Protect|p1b: Volcarona
|-singleturn|p1b: Volcarona|Protect
|move|p2a: Garganacl|Protect|p2a: Garganacl
|-singleturn|p2a: Garganacl|Protect
|move|p1a: Gholdengo|Shadow Ball|p2a: Garganacl
|-activate|p2a: Garganacl|move: Protect
|move|p2b: Empoleon|Water Pledge|p1a: Gholdengo
|-damage|p1a: Gholdengo|2/100
|
|-heal|p2a: Garganacl|33/100|[from] item: Leftovers
|-damage|p1b: Volcarona|15/100|[from] Salt Cure
|upkeep
|turn|9
|inactive|allgasnoblake has 30 seconds left.
|
|t:|1756935136
|-terastallize|p2a: Garganacl|Water
|move|p1b: Volcarona|Heat Wave|p2a: Garganacl|[spread] p2a,p2b
|-resisted|p2a: Garganacl
|-damage|p2a: Garganacl|20/100
|-damage|p2b: Empoleon|36/100
|move|p1a: Gholdengo|Make It Rain|p2a: Garganacl|[spread] p2a,p2b
|-resisted|p2a: Garganacl
|-resisted|p2b: Empoleon
|-damage|p2a: Garganacl|6/100
|-damage|p2b: Empoleon|27/100
|-unboost|p1a: Gholdengo|spa|1
|move|p2b: Empoleon|Water Pledge|p1b: Volcarona
|-supereffective|p1b: Volcarona
|-damage|p1b: Volcarona|0 fnt
|faint|p1b: Volcarona
|move|p2a: Garganacl|Recover|p2a: Garganacl
|-heal|p2a: Garganacl|57/100
|
|-heal|p2a: Garganacl|62/100|[from] item: Leftovers
|upkeep
|turn|10
|
|t:|1756935157
|move|p2a: Garganacl|Protect|p2a: Garganacl
|-singleturn|p2a: Garganacl|Protect
|move|p1a: Gholdengo|Make It Rain|p2b: Empoleon|[spread] p2b
|-activate|p2a: Garganacl|move: Protect
|-resisted|p2b: Empoleon
|-damage|p2b: Empoleon|20/100
|-unboost|p1a: Gholdengo|spa|1
|move|p2b: Empoleon|Water Pledge|p1a: Gholdengo
|-damage|p1a: Gholdengo|0 fnt
|faint|p1a: Gholdengo
|
|win|viatles
