|j|☆Invencible19
|j|☆lettitripppp
|html|Invencible19lettitripppp    
|uhtml|bestof|Game 1 of a best-of-3
|t:|1783788317
|gametype|doubles
|player|p1|Invencible19|dawn-gen4pt|1173
|player|p2|lettitripppp|lucas|1206
|gen|9
|tier|[Gen 9 Champions] VGC 2026 Reg M-B (Bo3)
|rated|
|rule|Species Clause: Limit one of each Pokémon
|rule|Item Clause: Limit 1 of each item
|clearpoke
|poke|p1|Gardevoir, L50, M, shiny|
|poke|p1|Talonflame, L50, M|
|poke|p1|Blastoise, L50, M|
|poke|p1|Farigiraf, L50, M|
|poke|p1|Scrafty, L50, F|
|poke|p1|Kingambit, L50, M|
|poke|p2|Charizard, L50, M|
|poke|p2|Basculegion, L50, M|
|poke|p2|Whimsicott, L50, M, shiny|
|poke|p2|Garchomp, L50, F, shiny|
|poke|p2|Floette-Eternal, L50, F|
|poke|p2|Kingambit, L50, M, shiny|
|teampreview|4
|showteam|p1|Gardevoir||Gardevoirite|Trace|MysticalFire,HyperVoice,HyperBeam,Protect|Modest||M|||50|]Talonflame||LifeOrb|GaleWings|FlareBlitz,BraveBird,Tailwind,Taunt|Jolly||M|||50|]Blastoise||Blastoisinite|RainDish|WaterSpout,DarkPulse,ShellSmash,Protect|Modest||M|||50|]Farigiraf||SitrusBerry|ArmorTail|Psychic,TrickRoom,HelpingHand,Thunderbolt|Modest||M|||50|]Scrafty||Leftovers|Intimidate|DrainPunch,RockSlide,FakeOut,Protect|Impish||F|||50|]Kingambit||BlackGlasses|Defiant|KowtowCleave,IronHead,SuckerPunch,Protect|Adamant||M|||50|
|showteam|p2|Charizard||CharizarditeY|Blaze|WeatherBall,SolarBeam,HeatWave,Protect|Modest||M|||50|]Basculegion||MysticWater|Adaptability|LastRespects,WaveCrash,AquaJet,Protect|Adamant||M|||50|]Whimsicott||FocusSash|Prankster|Moonblast,Tailwind,Encore,Protect|Timid||M|||50|]Garchomp||LifeOrb|RoughSkin|DragonClaw,Earthquake,RockSlide,Protect|Jolly||F|||50|]Floette-Eternal||Floettite|FlowerVeil|DazzlingGleam,LightofRuin,Moonblast,Protect|Modest||F|||50|]Kingambit||ChopleBerry|Defiant|KowtowCleave,SuckerPunch,IronHead,LowKick|Adamant||M|||50|
|inactive|Battle timer is ON: inactive players will automatically lose when time's up. (requested by lettitripppp)
|inactive|Invencible19 also wants the timer to be on.
|inactive|Invencible19 has 60 seconds left.
|inactive|lettitripppp has 60 seconds left.
|
|t:|1783788356
|teamsize|p1|4
|teamsize|p2|4
|start
|switch|p1a: Scrafty|Scrafty, L50, F|100/100
|switch|p1b: Blastoise|Blastoise, L50, M|100/100
|switch|p2a: LETS GO GO|Whimsicott, L50, M, shiny|100/100
|switch|p2b: GHOSTWAVE|Basculegion, L50, M|100/100
|-ability|p1a: Scrafty|Intimidate|boost
|-unboost|p2a: LETS GO GO|atk|1
|-unboost|p2b: GHOSTWAVE|atk|1
|turn|1
|
|t:|1783788373
|detailschange|p1b: Blastoise|Blastoise-Mega, L50, M
|-mega|p1b: Blastoise|Blastoise|Blastoisinite
|move|p1a: Scrafty|Fake Out|p2a: LETS GO GO
|-damage|p2a: LETS GO GO|88/100
|cant|p2a: LETS GO GO|flinch
|move|p2b: GHOSTWAVE|Wave Crash|p1a: Scrafty
|-damage|p1a: Scrafty|53/100
|-damage|p2b: GHOSTWAVE|87/100|[from] Recoil
|move|p1b: Blastoise|Dark Pulse|p2b: GHOSTWAVE
|-supereffective|p2b: GHOSTWAVE|1
|-damage|p2b: GHOSTWAVE|0 fnt
|faint|p2b: GHOSTWAVE
|
|-heal|p1a: Scrafty|59/100|[from] item: Leftovers
|upkeep
|
|t:|1783788385
|switch|p2b: AGNI|Charizard, L50, M|100/100
|turn|2
|
|t:|1783788392
|detailschange|p2b: AGNI|Charizard-Mega-Y, L50, M
|-mega|p2b: AGNI|Charizard|Charizardite Y
|-weather|SunnyDay|[from] ability: Drought|[of] p2b: AGNI
|move|p2a: LETS GO GO|Moonblast|p1a: Scrafty
|-supereffective|p1a: Scrafty|2
|-damage|p1a: Scrafty|0 fnt
|faint|p1a: Scrafty
|move|p2b: AGNI|Solar Beam||[still]
|-prepare|p2b: AGNI|Solar Beam
|-anim|p2b: AGNI|Solar Beam|p1b: Blastoise
|-supereffective|p1b: Blastoise|1
|-damage|p1b: Blastoise|18/100
|move|p1b: Blastoise|Shell Smash|p1b: Blastoise
|-unboost|p1b: Blastoise|def|1
|-unboost|p1b: Blastoise|spd|1
|-boost|p1b: Blastoise|atk|2
|-boost|p1b: Blastoise|spa|2
|-boost|p1b: Blastoise|spe|2
|
|-weather|SunnyDay|[upkeep]
|upkeep
|
|t:|1783788403
|switch|p1a: Talonflame|Talonflame, L50, M|100/100
|turn|3
|
|t:|1783788410
|move|p1a: Talonflame|Brave Bird|p2b: AGNI
|-damage|p2b: AGNI|30/100
|-damage|p1a: Talonflame|74/100|[from] Recoil
|-damage|p1a: Talonflame|64/100|[from] item: Life Orb
|move|p2a: LETS GO GO|Tailwind|p2a: LETS GO GO
|-sidestart|p2: lettitripppp|move: Tailwind
|move|p2b: AGNI|Heat Wave|p1a: Talonflame|[spread] p1a,p1b
|-resisted|p1a: Talonflame|1
|-resisted|p1b: Blastoise|1
|-damage|p1a: Talonflame|12/100
|-damage|p1b: Blastoise|0 fnt
|faint|p1b: Blastoise
|
|-weather|SunnyDay|[upkeep]
|upkeep
|
|t:|1783788415
|switch|p1b: Kingambit|Kingambit, L50, M|100/100
|turn|4
|
|t:|1783788429
|move|p2b: AGNI|Protect|p2b: AGNI
|-singleturn|p2b: AGNI|Protect
|move|p1b: Kingambit|Sucker Punch||[still]
|-fail|p1b: Kingambit
|move|p2a: LETS GO GO|Moonblast|p1a: Talonflame
|-resisted|p1a: Talonflame|1
|-damage|p1a: Talonflame|0 fnt
|faint|p1a: Talonflame
|
|-weather|SunnyDay|[upkeep]
|upkeep
|turn|5
|
|t:|1783788436
|move|p1b: Kingambit|Sucker Punch|p2b: AGNI
|-damage|p2b: AGNI|0 fnt
|faint|p2b: AGNI
|move|p2a: LETS GO GO|Moonblast|p1b: Kingambit
|-damage|p1b: Kingambit|71/100
|
|-weather|SunnyDay|[upkeep]
|upkeep
|
|t:|1783788443
|switch|p2b: CRUSH SHARK|Garchomp, L50, F, shiny|100/100
|turn|6
|
|t:|1783788447
|move|p2a: LETS GO GO|Moonblast|p1b: Kingambit
|-damage|p1b: Kingambit|42/100
|move|p2b: CRUSH SHARK|Earthquake|p1b: Kingambit|[spread] p2a,p1b
|-resisted|p2a: LETS GO GO|1
|-supereffective|p1b: Kingambit|1
|-damage|p2a: LETS GO GO|57/100
|-damage|p1b: Kingambit|0 fnt
|faint|p1b: Kingambit
|-damage|p2b: CRUSH SHARK|90/100|[from] item: Life Orb
|
|win|lettitripppp
||Invencible19 is ready for game 2.
