|j|☆HowDz2
|j|‽officerlugia20
|html|HowDz2officerlugia20    
|uhtml|bestof|Game 2 of a best-of-3
|t:|1784642993
|gametype|doubles
|player|p1|HowDz2|lance|
|player|p2|officerlugia20|170|
|gen|9
|tier|[Gen 9 Champions] VGC 2026 Reg M-B (Bo3)
|rule|Species Clause: Limit one of each Pokémon
|rule|Item Clause: Limit 1 of each item
|clearpoke
|poke|p1|Gengar, L50, F|
|poke|p1|Sableye, L50, M|
|poke|p1|Maushold-Four, L50|
|poke|p1|Rampardos, L50, M|
|poke|p1|Feraligatr, L50, M|
|poke|p1|Scizor, L50, F|
|poke|p2|Sneasler, L50, M|
|poke|p2|Pidgeot, L50, M|
|poke|p2|Zoroark, L50, M|
|poke|p2|Banette, L50, F|
|poke|p2|Espathra, L50, F|
|poke|p2|Kingambit, L50, F|
|teampreview|4
|showteam|p1|Gengar||Gengarite|CursedBody|Protect,PerishSong,Hypnosis,DazzlingGleam|Timid||F|||50|]Sableye||MentalHerb|Prankster|FakeOut,Feint,Gravity,Encore|Impish||M|||50|]Maushold-Four||KingsRock|Technician|AerialAce,PopulationBomb,FollowMe,Protect|Jolly|||||50|]Rampardos||FocusSash|SheerForce|RockSlide,Dig,ZenHeadbutt,Protect|Adamant||M|||50|]Feraligatr||Feraligite|SheerForce|AquaJet,IcePunch,SwordsDance,Protect|Adamant||M|||50|]Scizor||OccaBerry|Technician|Assurance,Protect,SwordsDance,DualWingbeat|Careful||F|||50|
|showteam|p2|Sneasler||LumBerry|Unburden|CloseCombat,ThroatChop,Acrobatics,Protect|Adamant||M|||50|]Pidgeot||Pidgeotite|KeenEye|Hurricane,HeatWave,HyperBeam,Protect|Modest||M|||50|]Zoroark||FocusSash|Illusion|Flamethrower,DarkPulse,Psychic,Protect|Timid||M|||50|]Banette||Banettite|Frisk|Swagger,ShadowSneak,Poltergeist,Taunt|Adamant||F|||50|]Espathra||TwistedSpoon|SpeedBoost|CalmMind,LuminaCrash,BatonPass,Protect|Timid||F|||50|]Kingambit||ChopleBerry|Defiant|KowtowCleave,BrickBreak,SuckerPunch,Protect|Adamant||F|||50|
|
|t:|1784643039
|teamsize|p1|4
|teamsize|p2|4
|start
|switch|p1a: Maushold|Maushold-Four, L50|100/100
|switch|p1b: Sableye|Sableye, L50, M|100/100
|switch|p2a: Espathra|Espathra, L50, F|100/100
|switch|p2b: Kingambit|Kingambit, L50, F|100/100
|turn|1
|inactive|Battle timer is ON: inactive players will automatically lose when time's up. (requested by officerlugia20)
|
|t:|1784643064
|move|p2a: Espathra|Protect|p2a: Espathra
|-singleturn|p2a: Espathra|Protect
|move|p1b: Sableye|Fake Out|p2b: Kingambit
|-damage|p2b: Kingambit|86/100
|replace|p2b: Zoroark|Zoroark, L50, M
|-end|p2b: Zoroark|Illusion
|move|p1a: Maushold|Population Bomb|p2b: Zoroark
|-damage|p2b: Zoroark|71/100
|-damage|p2b: Zoroark|54/100
|-hitcount|p2b: Zoroark|2
|cant|p2b: Zoroark|flinch
|
|-ability|p2a: Espathra|Speed Boost|boost
|-boost|p2a: Espathra|spe|1
|upkeep
|turn|2
|
|t:|1784643089
|move|p1b: Sableye|Encore|p2a: Espathra
|-start|p2a: Espathra|Encore
|move|p2a: Espathra|Protect|p2a: Espathra
|-singleturn|p2a: Espathra|Protect
|move|p1a: Maushold|Population Bomb|p2b: Zoroark
|-damage|p2b: Zoroark|39/100
|-damage|p2b: Zoroark|24/100
|-damage|p2b: Zoroark|9/100
|-damage|p2b: Zoroark|0 fnt
|faint|p2b: Zoroark
|-hitcount|p2: Zoroark|4
|
|-ability|p2a: Espathra|Speed Boost|boost
|-boost|p2a: Espathra|spe|1
|upkeep
|
|t:|1784643096
|switch|p2b: Kingambit|Kingambit, L50, F|100/100
|turn|3
|
|t:|1784643104
|switch|p2a: Pidgeot|Pidgeot, L50, M|100/100
|move|p1b: Sableye|Gravity|p1b: Sableye
|-fieldstart|move: Gravity
|move|p1a: Maushold|Population Bomb|p2a: Pidgeot
|-damage|p2a: Pidgeot|88/100
|-damage|p2a: Pidgeot|75/100
|-damage|p2a: Pidgeot|62/100
|-damage|p2a: Pidgeot|50/100y
|-crit|p2a: Pidgeot
|-damage|p2a: Pidgeot|31/100
|-damage|p2a: Pidgeot|21/100
|-damage|p2a: Pidgeot|9/100
|-damage|p2a: Pidgeot|0 fnt
|faint|p2a: Pidgeot
|-hitcount|p2: Pidgeot|8
|move|p2b: Kingambit|Kowtow Cleave|p1a: Maushold
|-damage|p1a: Maushold|33/100
|
|upkeep
|
|t:|1784643110
|switch|p2a: Espathra|Espathra, L50, F|100/100
|turn|4
|
|t:|1784643120
|move|p1a: Maushold|Protect|p1a: Maushold
|-singleturn|p1a: Maushold|Protect
|move|p1b: Sableye|Feint|p2b: Kingambit
|-resisted|p2b: Kingambit|1
|-damage|p2b: Kingambit|98/100
|move|p2b: Kingambit|Sucker Punch||[still]
|-fail|p2b: Kingambit
|move|p2a: Espathra|Calm Mind|p2a: Espathra
|-boost|p2a: Espathra|spa|1
|-boost|p2a: Espathra|spd|1
|
|-ability|p2a: Espathra|Speed Boost|boost
|-boost|p2a: Espathra|spe|1
|upkeep
|turn|5
|
|t:|1784643133
|move|p2a: Espathra|Protect|p2a: Espathra
|-singleturn|p2a: Espathra|Protect
|move|p1b: Sableye|Feint|p2a: Espathra
|-activate|p2a: Espathra|move: Feint
|-damage|p2a: Espathra|93/100
|move|p1a: Maushold|Population Bomb|p2a: Espathra
|-damage|p2a: Espathra|83/100
|-damage|p2a: Espathra|74/100
|-damage|p2a: Espathra|64/100
|-damage|p2a: Espathra|55/100
|-damage|p2a: Espathra|45/100
|-damage|p2a: Espathra|35/100
|-damage|p2a: Espathra|26/100
|-damage|p2a: Espathra|15/100
|-damage|p2a: Espathra|6/100
|-damage|p2a: Espathra|0 fnt
|faint|p2a: Espathra
|-hitcount|p2: Espathra|10
|move|p2b: Kingambit|Kowtow Cleave|p1b: Sableye
|-damage|p1b: Sableye|51/100
|
|upkeep
|turn|6
|
|t:|1784643153
|move|p1b: Sableye|Feint|p2b: Kingambit
|-resisted|p2b: Kingambit|1
|-damage|p2b: Kingambit|96/100
|move|p1a: Maushold|Population Bomb|p2b: Kingambit
|-resisted|p2b: Kingambit|1
|-damage|p2b: Kingambit|93/100
|-resisted|p2b: Kingambit|1
|-damage|p2b: Kingambit|90/100
|-resisted|p2b: Kingambit|1
|-damage|p2b: Kingambit|87/100
|-resisted|p2b: Kingambit|1
|-damage|p2b: Kingambit|84/100
|-resisted|p2b: Kingambit|1
|-crit|p2b: Kingambit
|-damage|p2b: Kingambit|79/100
|-resisted|p2b: Kingambit|1
|-damage|p2b: Kingambit|76/100
|-resisted|p2b: Kingambit|1
|-damage|p2b: Kingambit|73/100
|-resisted|p2b: Kingambit|1
|-damage|p2b: Kingambit|70/100
|-resisted|p2b: Kingambit|1
|-damage|p2b: Kingambit|67/100
|-resisted|p2b: Kingambit|1
|-damage|p2b: Kingambit|64/100
|-hitcount|p2b: Kingambit|10
|cant|p2b: Kingambit|flinch
|
|upkeep
|turn|7
|
|t:|1784643158
|move|p1b: Sableye|Feint|p2b: Kingambit
|-resisted|p2b: Kingambit|1
|-damage|p2b: Kingambit|62/100
|move|p1a: Maushold|Population Bomb|p2b: Kingambit
|-resisted|p2b: Kingambit|1
|-damage|p2b: Kingambit|59/100
|-resisted|p2b: Kingambit|1
|-damage|p2b: Kingambit|56/100
|-resisted|p2b: Kingambit|1
|-damage|p2b: Kingambit|53/100
|-resisted|p2b: Kingambit|1
|-damage|p2b: Kingambit|50/100g
|-resisted|p2b: Kingambit|1
|-damage|p2b: Kingambit|47/100
|-resisted|p2b: Kingambit|1
|-damage|p2b: Kingambit|44/100
|-resisted|p2b: Kingambit|1
|-damage|p2b: Kingambit|41/100
|-resisted|p2b: Kingambit|1
|-damage|p2b: Kingambit|38/100
|-resisted|p2b: Kingambit|1
|-damage|p2b: Kingambit|35/100
|-resisted|p2b: Kingambit|1
|-damage|p2b: Kingambit|32/100
|-hitcount|p2b: Kingambit|10
|move|p2b: Kingambit|Kowtow Cleave|p1b: Sableye
|-damage|p1b: Sableye|0 fnt
|faint|p1b: Sableye
|
|-fieldend|move: Gravity
|upkeep
|
|t:|1784643163
|switch|p1b: Rampardos|Rampardos, L50, M|100/100
|turn|8
|
|t:|1784643167
|move|p1a: Maushold|Population Bomb|p2b: Kingambit
|-resisted|p2b: Kingambit|1
|-damage|p2b: Kingambit|29/100
|-resisted|p2b: Kingambit|1
|-damage|p2b: Kingambit|27/100
|-resisted|p2b: Kingambit|1
|-damage|p2b: Kingambit|24/100
|-resisted|p2b: Kingambit|1
|-damage|p2b: Kingambit|21/100
|-resisted|p2b: Kingambit|1
|-damage|p2b: Kingambit|18/100
|-resisted|p2b: Kingambit|1
|-damage|p2b: Kingambit|15/100
|-resisted|p2b: Kingambit|1
|-damage|p2b: Kingambit|12/100
|-resisted|p2b: Kingambit|1
|-damage|p2b: Kingambit|9/100
|-resisted|p2b: Kingambit|1
|-damage|p2b: Kingambit|6/100
|-hitcount|p2b: Kingambit|9
|move|p1b: Rampardos|Dig||[still]
|-prepare|p1b: Rampardos|Dig
|move|p2b: Kingambit|Brick Break|p1b: Rampardos|[miss]
|-miss|p2b: Kingambit|p1b: Rampardos
|
|upkeep
|turn|9
|
|t:|1784643172
|move|p2b: Kingambit|Sucker Punch|p1a: Maushold
|-damage|p1a: Maushold|0 fnt
|faint|p1a: Maushold
|move|p1b: Rampardos|Dig|p2b: Kingambit|[from] lockedmove
|-supereffective|p2b: Kingambit|1
|-damage|p2b: Kingambit|0 fnt
|faint|p2b: Kingambit
|
|win|HowDz2
