|j|☆Br1_lore
|j|☆lorycana_
|html|Br1_lorelorycana_    
|uhtml|bestof|Game 3 of a best-of-3
|t:|1785265621
|gametype|doubles
|player|p1|Br1_lore|102|
|player|p2|lorycana_|2|
|gen|9
|tier|[Gen 9 Champions] VGC 2026 Reg M-B (Bo3)
|rule|Species Clause: Limit one of each Pokémon
|rule|Item Clause: Limit 1 of each item
|clearpoke
|poke|p1|Metagross, L50|
|poke|p1|Hydreigon, L50, M|
|poke|p1|Sneasler, L50, F|
|poke|p1|Aerodactyl, L50, F|
|poke|p1|Sylveon, L50, F|
|poke|p1|Sinistcha, L50|
|poke|p2|Swampert, L50, F|
|poke|p2|Archaludon, L50, F|
|poke|p2|Pelipper, L50, F|
|poke|p2|Grimmsnarl, L50, M|
|poke|p2|Basculegion, L50, M|
|poke|p2|Meganium, L50, M|
|teampreview|4
|showteam|p1|Metagross||Metagrossite|ClearBody|IronHead,PsychicFangs,IcePunch,Protect|Jolly|||||50|]Hydreigon||ChoiceScarf|Levitate|DracoMeteor,EarthPower,HeatWave,DarkPulse|Timid||M|||50|]Sneasler||WhiteHerb|Unburden|CloseCombat,DireClaw,FakeOut,Protect|Adamant||F|||50|]Aerodactyl||FocusSash|Unnerve|DualWingbeat,Protect,Tailwind,RockSlide|Jolly||F|||50|]Sylveon||FairyFeather|Pixilate|HyperBeam,HyperVoice,QuickAttack,Detect|Modest||F|||50|]Sinistcha||KasibBerry|Hospitality|MatchaGotcha,LifeDew,RagePowder,Protect|Bold|||||50|
|showteam|p2|Swampert||Swampertite|Torrent|Earthquake,WaveCrash,IcePunch,Protect|Adamant||F|||50|]Archaludon||Leftovers|Stamina|ElectroShot,DragonPulse,FlashCannon,Protect|Modest||F|||50|]Pelipper||SitrusBerry|Drizzle|Hurricane,WeatherBall,Tailwind,Protect|Modest||F|||50|]Grimmsnarl||LightClay|Prankster|SpiritBreak,LightScreen,Reflect,PartingShot|Careful||M|||50|]Basculegion||ChoiceScarf|Adaptability|FlipTurn,WaveCrash,AquaJet,LastRespects|Jolly||M|||50|]Meganium||Meganiumite|LeafGuard|SolarBeam,DazzlingGleam,Protect,WeatherBall|Modest||M|||50|
|
|t:|1785265662
|teamsize|p1|4
|teamsize|p2|4
|start
|switch|p1a: Sylveon|Sylveon, L50, F|100/100
|switch|p1b: Sneasler|Sneasler, L50, F|100/100
|switch|p2a: Archaludon|Archaludon, L50, F|100/100
|switch|p2b: Pelipper|Pelipper, L50, F|100/100
|-weather|RainDance|[from] ability: Drizzle|[of] p2b: Pelipper
|turn|1
|j| mimikyumumble
|
|t:|1785265687
|move|p2a: Archaludon|Protect|p2a: Archaludon
|-singleturn|p2a: Archaludon|Protect
|move|p1b: Sneasler|Fake Out|p2b: Pelipper
|-damage|p2b: Pelipper|84/100
|cant|p2b: Pelipper|flinch
|move|p1a: Sylveon|Hyper Voice|p2a: Archaludon|[spread] p2b
|-activate|p2a: Archaludon|move: Protect
|-crit|p2b: Pelipper
|-damage|p2b: Pelipper|4/100
|-enditem|p2b: Pelipper|Sitrus Berry|[eat]
|-heal|p2b: Pelipper|29/100|[from] item: Sitrus Berry
|
|-weather|RainDance|[upkeep]
|upkeep
|turn|2
|
|t:|1785265706
|switch|p2a: Grimmsnarl|Grimmsnarl, L50, M|100/100
|move|p1b: Sneasler|Dire Claw|p2b: Pelipper
|-damage|p2b: Pelipper|0 fnt
|faint|p2b: Pelipper
|move|p1a: Sylveon|Hyper Voice|p2a: Grimmsnarl
|-supereffective|p2a: Grimmsnarl|1
|-damage|p2a: Grimmsnarl|0 fnt
|faint|p2a: Grimmsnarl
|
|-weather|RainDance|[upkeep]
|upkeep
|
|t:|1785265719
|switch|p2b: Archaludon|Archaludon, L50, F|100/100
|switch|p2a: Swampert|Swampert, L50, F|100/100
|turn|3
|
|t:|1785265741
|switch|p1b: Hydreigon|Hydreigon, L50, M|100/100
|detailschange|p2a: Swampert|Swampert-Mega, L50, F
|-mega|p2a: Swampert|Swampert|Swampertite
|move|p1a: Sylveon|Detect|p1a: Sylveon
|-singleturn|p1a: Sylveon|Protect
|move|p2a: Swampert|Wave Crash|p1b: Hydreigon
|-resisted|p1b: Hydreigon|1
|-damage|p1b: Hydreigon|32/100
|-damage|p2a: Swampert|79/100|[from] Recoil
|move|p2b: Archaludon|Electro Shot||[still]
|-prepare|p2b: Archaludon|Electro Shot
|-boost|p2b: Archaludon|spa|1
|-anim|p2b: Archaludon|Electro Shot|p1a: Sylveon
|-activate|p1a: Sylveon|move: Protect
|
|-weather|RainDance|[upkeep]
|upkeep
|turn|4
|
|t:|1785265765
|switch|p1b: Metagross|Metagross, L50|100/100
|move|p2a: Swampert|Wave Crash|p1b: Metagross
|-damage|p1b: Metagross|2/100
|-damage|p2a: Swampert|53/100|[from] Recoil
|move|p2b: Archaludon|Electro Shot||[still]
|-prepare|p2b: Archaludon|Electro Shot
|-boost|p2b: Archaludon|spa|1
|-anim|p2b: Archaludon|Electro Shot|p1a: Sylveon
|-damage|p1a: Sylveon|39/100
|move|p1a: Sylveon|Hyper Voice|p2a: Swampert|[spread] p2a,p2b
|-damage|p2a: Swampert|13/100
|-damage|p2b: Archaludon|58/100
|-ability|p2b: Archaludon|Stamina|boost
|-boost|p2b: Archaludon|def|1
|
|-weather|RainDance|[upkeep]
|-heal|p2b: Archaludon|64/100|[from] item: Leftovers
|upkeep
|turn|5
|
|t:|1785265822
|detailschange|p1b: Metagross|Metagross-Mega, L50
|-mega|p1b: Metagross|Metagross|Metagrossite
|move|p2b: Archaludon|Protect|p2b: Archaludon
|-singleturn|p2b: Archaludon|Protect
|move|p1a: Sylveon|Quick Attack|p2a: Swampert
|-damage|p2a: Swampert|2/100
|move|p2a: Swampert|Earthquake|p1b: Metagross|[spread] p1a,p1b
|-activate|p2b: Archaludon|move: Protect
|-supereffective|p1b: Metagross|1
|-damage|p1a: Sylveon|0 fnt
|-damage|p1b: Metagross|0 fnt
|faint|p1a: Sylveon
|faint|p1b: Metagross
|
|-weather|none
|-heal|p2b: Archaludon|70/100|[from] item: Leftovers
|upkeep
|
|t:|1785265836
|switch|p1b: Sneasler|Sneasler, L50, F|100/100
|switch|p1a: Hydreigon|Hydreigon, L50, M|32/100
|turn|6
|
|t:|1785265858
|move|p1b: Sneasler|Fake Out|p2a: Swampert
|-damage|p2a: Swampert|0 fnt
|faint|p2a: Swampert
|move|p1a: Hydreigon|Earth Power|p2b: Archaludon
|-supereffective|p2b: Archaludon|1
|-damage|p2b: Archaludon|13/100
|-ability|p2b: Archaludon|Stamina|boost
|-boost|p2b: Archaludon|def|1
|move|p2b: Archaludon|Dragon Pulse|p1b: Sneasler
|-damage|p1b: Sneasler|0 fnt
|faint|p1b: Sneasler
|
|-heal|p2b: Archaludon|19/100|[from] item: Leftovers
|upkeep
|turn|7
|
|t:|1785265873
|move|p1a: Hydreigon|Earth Power|p2b: Archaludon
|-supereffective|p2b: Archaludon|1
|-damage|p2b: Archaludon|0 fnt
|faint|p2b: Archaludon
|
|win|Br1_lore
|l| mimikyumumble
