|j|☆MMcookiegamer
|j|☆kenepa21
|html|MMcookiegamerkenepa21    
|uhtml|bestof|Game 2 of a best-of-3
|t:|1756314469
|gametype|doubles
|player|p1|MMcookiegamer|roy|
|player|p2|kenepa21|101|
|gen|9
|tier|[Gen 9] VGC 2025 Reg H (Bo3)
|rule|Species Clause: Limit one of each Pokémon
|rule|Item Clause: Limit 1 of each item
|clearpoke
|poke|p1|Incineroar, L50, M|
|poke|p1|Ursaluna-Bloodmoon, L50, M|
|poke|p1|Ninetales-Alola, L50, F|
|poke|p1|Sneasler, L50, F|
|poke|p1|Rillaboom, L50, M|
|poke|p1|Dragonite, L50, F|
|poke|p2|Garchomp, L50, M|
|poke|p2|Talonflame, L50, F|
|poke|p2|Gholdengo, L50|
|poke|p2|Electabuzz, L50, M|
|poke|p2|Politoed, L50, F|
|poke|p2|Azumarill, L50, F|
|teampreview|4
|showteam|p1|Incineroar||SafetyGoggles|Intimidate|FakeOut,KnockOff,PartingShot,Taunt|||M|||50|,,,,,Ghost]Ursaluna-Bloodmoon||LifeOrb|MindsEye|EarthPower,BloodMoon,Protect,HyperVoice|||M|||50|,,,,,Ghost]Ninetales-Alola||CovertCloak|SnowWarning|Blizzard,AuroraVeil,FreezeDry,Protect|||F|||50|,,,,,Water]Sneasler||GrassySeed|Unburden|CloseCombat,DireClaw,Protect,ThroatChop|||F|||50|,,,,,Dark]Rillaboom||AssaultVest|GrassySurge|FakeOut,GrassyGlide,WoodHammer,Uturn|||M|||50|,,,,,Fire]Dragonite||LoadedDice|Multiscale|ScaleShot,Protect,Tailwind,ExtremeSpeed|||F|||50|,,,,,Normal
|showteam|p2|Garchomp||LifeOrb|RoughSkin|StompingTantrum,Earthquake,DragonClaw,Protect|||M|||50|,,,,,Ground]Talonflame||FocusSash|GaleWings|DualWingbeat,Tailwind,WillOWisp,Protect|||F|||50|,,,,,Ghost]Gholdengo||SpookyPlate|GoodasGold|MakeItRain,ShadowBall,NastyPlot,Protect||||||50|,,,,,Water]Electabuzz||Eviolite|VitalSpirit|Electroweb,FollowMe,Taunt,Protect|||M|||50|,,,,,Dragon]Politoed||SitrusBerry|Drizzle|WeatherBall,IceBeam,Haze,Protect|||F|||50|,,,,,Grass]Azumarill||AssaultVest|HugePower|Liquidation,PlayRough,AquaJet,IceSpinner|||F|||50|,,,,,Fairy
|
|t:|1756314508
|teamsize|p1|4
|teamsize|p2|4
|start
|switch|p1a: Sneasler|Sneasler, L50, F|100/100
|switch|p1b: Rillaboom|Rillaboom, L50, M|100/100
|switch|p2a: Gholdengo|Gholdengo, L50|100/100
|switch|p2b: Electabuzz|Electabuzz, L50, M|100/100
|-fieldstart|move: Grassy Terrain|[from] ability: Grassy Surge|[of] p1b: Rillaboom
|-enditem|p1a: Sneasler|Grassy Seed
|-boost|p1a: Sneasler|def|1|[from] item: Grassy Seed
|turn|1
|
|t:|1756314548
|-terastallize|p1a: Sneasler|Dark
|move|p2b: Electabuzz|Protect|p2b: Electabuzz
|-singleturn|p2b: Electabuzz|Protect
|move|p2a: Gholdengo|Protect|p2a: Gholdengo
|-singleturn|p2a: Gholdengo|Protect
|move|p1b: Rillaboom|Fake Out|p2b: Electabuzz
|-activate|p2b: Electabuzz|move: Protect
|move|p1a: Sneasler|Throat Chop|p2a: Gholdengo
|-activate|p2a: Gholdengo|move: Protect
|
|upkeep
|turn|2
|
|t:|1756314585
|-terastallize|p2b: Electabuzz|Dragon
|move|p1a: Sneasler|Protect|p1a: Sneasler
|-singleturn|p1a: Sneasler|Protect
|move|p2b: Electabuzz|Follow Me|p2b: Electabuzz
|-singleturn|p2b: Electabuzz|move: Follow Me
|move|p2a: Gholdengo|Nasty Plot|p2a: Gholdengo
|-boost|p2a: Gholdengo|spa|2
|move|p1b: Rillaboom|U-turn|p2b: Electabuzz
|-damage|p2b: Electabuzz|80/100
|
|t:|1756314595
|switch|p1b: Dragonite|Dragonite, L50, F|100/100|[from] U-turn
|
|-heal|p2b: Electabuzz|85/100|[from] Grassy Terrain
|upkeep
|turn|3
|
|t:|1756314608
|move|p1a: Sneasler|Throat Chop|p2a: Gholdengo
|-supereffective|p2a: Gholdengo
|-damage|p2a: Gholdengo|16/100
|-start|p2a: Gholdengo|Throat Chop|[silent]
|move|p2b: Electabuzz|Electroweb|p1a: Sneasler|[spread] p1a,p1b
|-damage|p1a: Sneasler|81/100
|-damage|p1b: Dragonite|94/100
|-unboost|p1a: Sneasler|spe|1
|-unboost|p1b: Dragonite|spe|1
|move|p2a: Gholdengo|Make It Rain|p1a: Sneasler|[spread] p1a,p1b
|-crit|p1a: Sneasler
|-damage|p1a: Sneasler|0 fnt
|-damage|p1b: Dragonite|13/100
|-unboost|p2a: Gholdengo|spa|1
|faint|p1a: Sneasler
|move|p1b: Dragonite|Scale Shot|p2b: Electabuzz
|-supereffective|p2b: Electabuzz
|-damage|p2b: Electabuzz|57/100
|-supereffective|p2b: Electabuzz
|-damage|p2b: Electabuzz|30/100
|-supereffective|p2b: Electabuzz
|-damage|p2b: Electabuzz|4/100
|-supereffective|p2b: Electabuzz
|-damage|p2b: Electabuzz|0 fnt
|faint|p2b: Electabuzz
|-hitcount|p2: Electabuzz|4
|-unboost|p1b: Dragonite|def|1
|-boost|p1b: Dragonite|spe|1
|
|-heal|p2a: Gholdengo|21/100|[from] Grassy Terrain
|upkeep
|
|t:|1756314644
|switch|p1a: Ursaluna|Ursaluna-Bloodmoon, L50, M|100/100
|switch|p2b: Azumarill|Azumarill, L50, F, shiny|100/100
|turn|4
|
|t:|1756314668
|move|p1a: Ursaluna|Protect|p1a: Ursaluna
|-singleturn|p1a: Ursaluna|Protect
|move|p2b: Azumarill|Aqua Jet|p1a: Ursaluna
|-activate|p1a: Ursaluna|move: Protect
|move|p2a: Gholdengo|Make It Rain|p1b: Dragonite|[spread] p1b
|-activate|p1a: Ursaluna|move: Protect
|-damage|p1b: Dragonite|0 fnt
|-unboost|p2a: Gholdengo|spa|1
|faint|p1b: Dragonite
|
|-heal|p2a: Gholdengo|27/100|[from] Grassy Terrain
|-end|p2a: Gholdengo|Throat Chop|[silent]
|upkeep
|
|t:|1756314675
|switch|p1b: Rillaboom|Rillaboom, L50, M|100/100
|turn|5
|
|t:|1756314701
|switch|p2b: Politoed|Politoed, L50, F|100/100
|-weather|RainDance|[from] ability: Drizzle|[of] p2b: Politoed
|move|p2a: Gholdengo|Protect|p2a: Gholdengo
|-singleturn|p2a: Gholdengo|Protect
|move|p1b: Rillaboom|Wood Hammer|p2b: Politoed
|-supereffective|p2b: Politoed
|-damage|p2b: Politoed|0 fnt
|faint|p2b: Politoed
|-damage|p1b: Rillaboom|67/100|[from] Recoil
|move|p1a: Ursaluna|Hyper Voice|p2a: Gholdengo
|-activate|p2a: Gholdengo|move: Protect
|
|-weather|RainDance|[upkeep]
|-heal|p2a: Gholdengo|33/100|[from] Grassy Terrain
|-heal|p1b: Rillaboom|73/100|[from] Grassy Terrain
|-fieldend|move: Grassy Terrain
|upkeep
|
|t:|1756314709
|switch|p2b: Azumarill|Azumarill, L50, F, shiny|100/100
|turn|6
|
|t:|1756314730
|move|p1a: Ursaluna|Protect|p1a: Ursaluna
|-singleturn|p1a: Ursaluna|Protect
|move|p2b: Azumarill|Aqua Jet|p1a: Ursaluna
|-activate|p1a: Ursaluna|move: Protect
|move|p2a: Gholdengo|Nasty Plot|p2a: Gholdengo
|-boost|p2a: Gholdengo|spa|2
|move|p1b: Rillaboom|Wood Hammer|p2a: Gholdengo
|-resisted|p2a: Gholdengo
|-damage|p2a: Gholdengo|4/100
|-damage|p1b: Rillaboom|64/100|[from] Recoil
|
|-weather|RainDance|[upkeep]
|upkeep
|turn|7
|
|t:|1756314751
|move|p2b: Azumarill|Aqua Jet|p1a: Ursaluna
|-supereffective|p1a: Ursaluna
|-damage|p1a: Ursaluna|38/100
|move|p2a: Gholdengo|Make It Rain|p1a: Ursaluna|[spread] p1a,p1b
|-damage|p1a: Ursaluna|0 fnt
|-damage|p1b: Rillaboom|0 fnt
|-unboost|p2a: Gholdengo|spa|1
|faint|p1a: Ursaluna
|faint|p1b: Rillaboom
|
|win|kenepa21
