|j|☆no_dupes
|j|☆Daniw9
|html|no_dupesDaniw9    
|uhtml|bestof|Game 2 of a best-of-3
|t:|1757034729
|gametype|doubles
|player|p1|no_dupes|brock-gen2|1331
|player|p2|Daniw9|265|1212
|gen|9
|tier|[Gen 9] VGC 2025 Reg H (Bo3)
|rated|
|rule|Species Clause: Limit one of each Pokémon
|rule|Item Clause: Limit 1 of each item
|clearpoke
|poke|p1|Sneasler, L50, M|
|poke|p1|Indeedee, L50, M|
|poke|p1|Volcarona, L50, F|
|poke|p1|Ursaluna-Bloodmoon, L50, M|
|poke|p1|Annihilape, L50, M|
|poke|p1|Tyranitar, L50, M|
|poke|p2|Garchomp, L50, M|
|poke|p2|Tyranitar, L50, F|
|poke|p2|Indeedee-F, L50, F|
|poke|p2|Gardevoir, L50, M|
|poke|p2|Talonflame, L50, M|
|poke|p2|Annihilape, L50, M|
|teampreview|4
|showteam|p1|Sneasler||PsychicSeed|Unburden|CloseCombat,DireClaw,ThroatChop,Protect|||M|||50|,,,,,Dark]Indeedee||ChoiceScarf|PsychicSurge|ExpandingForce,TeraBlast,Trick,Protect|||M|||50|,,,,,Psychic]Volcarona||SitrusBerry|FlameBody|Overheat,StruggleBug,RagePowder,Tailwind|||F|||50|,,,,,Grass]Ursaluna-Bloodmoon||LifeOrb|MindsEye|BloodMoon,HyperVoice,EarthPower,Protect|||M|||50|,,,,,Normal]Annihilape||SafetyGoggles|Defiant|CloseCombat,RageFist,Taunt,FinalGambit|||M|||50|,,,,,Fairy]Tyranitar||AssaultVest|SandStream|RockSlide,KnockOff,TeraBlast,LowKick|||M|||50|,,,,,Flying
|showteam|p2|Garchomp||ClearAmulet|SandVeil|Earthquake,StompingTantrum,Protect,DragonClaw|||M|||50|,,,,,Steel]Tyranitar||AssaultVest|SandStream|RockSlide,TeraBlast,KnockOff,LowKick|||F|||50|,,,,,Flying]Indeedee-F||SafetyGoggles|PsychicSurge|DazzlingGleam,TrickRoom,FollowMe,HelpingHand|||F|||50|,,,,,Water]Gardevoir||ChoiceScarf|Telepathy|IcyWind,Moonblast,ExpandingForce,MysticalFire|||M|||50|,,,,,Fire]Talonflame||CovertCloak|GaleWings|Tailwind,DualWingbeat,FlareBlitz,Taunt|||M|||50|,,,,,Flying]Annihilape||SitrusBerry|Defiant|CloseCombat,RageFist,Coaching,FinalGambit|||M|||50|,,,,,Grass
|inactive|Battle timer is ON: inactive players will automatically lose when time's up. (requested by no_dupes)
|
|t:|1757034754
|teamsize|p1|4
|teamsize|p2|4
|start
|switch|p1a: Caesar|Annihilape, L50, M, shiny|100/100
|switch|p1b: Ursaluna|Ursaluna-Bloodmoon, L50, M|100/100
|switch|p2a: Gardevoir|Gardevoir, L50, M|100/100
|switch|p2b: Talonflame|Talonflame, L50, M|100/100
|turn|1
|
|t:|1757034775
|switch|p1a: Tyranitar|Tyranitar, L50, M|100/100
|-weather|Sandstorm|[from] ability: Sand Stream|[of] p1a: Tyranitar
|-terastallize|p1b: Ursaluna|Normal
|move|p2b: Talonflame|Dual Wingbeat|p1a: Tyranitar
|-resisted|p1a: Tyranitar
|-damage|p1a: Tyranitar|93/100
|-resisted|p1a: Tyranitar
|-damage|p1a: Tyranitar|85/100
|-hitcount|p1a: Tyranitar|2
|move|p2a: Gardevoir|Mystical Fire|p1b: Ursaluna
|-damage|p1b: Ursaluna|61/100
|-unboost|p1b: Ursaluna|spa|1
|move|p1b: Ursaluna|Hyper Voice|p2b: Talonflame|[spread] p2a,p2b
|-damage|p2a: Gardevoir|46/100
|-damage|p2b: Talonflame|28/100
|-damage|p1b: Ursaluna|52/100|[from] item: Life Orb
|
|-weather|Sandstorm|[upkeep]
|-damage|p2a: Gardevoir|40/100|[from] Sandstorm
|-damage|p2b: Talonflame|22/100|[from] Sandstorm
|-damage|p1b: Ursaluna|46/100|[from] Sandstorm
|upkeep
|turn|2
|
|t:|1757034792
|switch|p2a: Garchomp|Garchomp, L50, M|100/100
|switch|p1b: Volcarona|Volcarona, L50, F, shiny|100/100
|move|p2b: Talonflame|Tailwind|p2b: Talonflame
|-sidestart|p2: Daniw9|move: Tailwind
|move|p1a: Tyranitar|Rock Slide|p2a: Garchomp|[spread] p2b
|-miss|p1a: Tyranitar|p2a: Garchomp
|-supereffective|p2b: Talonflame
|-damage|p2b: Talonflame|0 fnt
|faint|p2b: Talonflame
|
|-weather|Sandstorm|[upkeep]
|-damage|p1b: Volcarona|94/100|[from] Sandstorm
|upkeep
|
|t:|1757034802
|switch|p2b: Annihilape|Annihilape, L50, M|100/100
|turn|3
|inactive|no_dupes has 30 seconds left.
|inactive|Daniw9 has 30 seconds left.
|
|t:|1757034832
|switch|p1a: Caesar|Annihilape, L50, M, shiny|100/100
|move|p2b: Annihilape|Coaching|p2a: Garchomp
|-boost|p2a: Garchomp|atk|1
|-boost|p2a: Garchomp|def|1
|move|p2a: Garchomp|Earthquake|p1a: Caesar|[spread] p2b,p1a,p1b
|-damage|p2b: Annihilape|36/100
|-damage|p1a: Caesar|32/100
|-damage|p1b: Volcarona|20/100
|-enditem|p2b: Annihilape|Sitrus Berry|[eat]
|-heal|p2b: Annihilape|61/100|[from] item: Sitrus Berry
|-enditem|p1b: Volcarona|Sitrus Berry|[eat]
|-heal|p1b: Volcarona|45/100|[from] item: Sitrus Berry
|move|p1b: Volcarona|Tailwind|p1b: Volcarona
|-sidestart|p1: no_dupes|move: Tailwind
|
|-weather|Sandstorm|[upkeep]
|-damage|p1b: Volcarona|39/100|[from] Sandstorm
|-damage|p2b: Annihilape|55/100|[from] Sandstorm
|upkeep
|turn|4
|inactive|no_dupes has 30 seconds left.
|inactive|Daniw9 has 30 seconds left.
|inactive|no_dupes has 20 seconds left.
|inactive|Daniw9 has 20 seconds left.
|inactive|no_dupes has 15 seconds left.
|
|t:|1757034873
|switch|p1a: Tyranitar|Tyranitar, L50, M|85/100
|move|p1b: Volcarona|Overheat|p2b: Annihilape
|-damage|p2b: Annihilape|5/100
|-unboost|p1b: Volcarona|spa|2
|move|p2b: Annihilape|Rage Fist|p1a: Tyranitar
|-resisted|p1a: Tyranitar
|-damage|p1a: Tyranitar|60/100
|move|p2a: Garchomp|Stomping Tantrum|p1b: Volcarona
|-damage|p1b: Volcarona|0 fnt
|faint|p1b: Volcarona
|
|-weather|Sandstorm|[upkeep]
|-damage|p2b: Annihilape|0 fnt|[from] Sandstorm
|faint|p2b: Annihilape
|upkeep
|inactive|no_dupes has 30 seconds left.
|inactive|no_dupes has 20 seconds left.
|
|t:|1757034911
|switch|p1b: Ursaluna|Ursaluna-Bloodmoon, L50, M, tera:Normal|46/100
|switch|p2b: Gardevoir|Gardevoir, L50, M|40/100
|turn|5
|
|t:|1757034925
|move|p1b: Ursaluna|Protect|p1b: Ursaluna
|-singleturn|p1b: Ursaluna|Protect
|move|p2b: Gardevoir|Moonblast|p1b: Ursaluna
|-activate|p1b: Ursaluna|move: Protect
|move|p2a: Garchomp|Earthquake|p1a: Tyranitar|[spread] p1a
|-activate|p1b: Ursaluna|move: Protect
|-activate|p2b: Gardevoir|ability: Telepathy
|-supereffective|p1a: Tyranitar
|-damage|p1a: Tyranitar|0 fnt
|faint|p1a: Tyranitar
|
|-weather|none
|-sideend|p2: Daniw9|move: Tailwind
|upkeep
|
|t:|1757034927
|switch|p1a: Caesar|Annihilape, L50, M, shiny|32/100
|turn|6
|
|t:|1757034945
|-terastallize|p2a: Garchomp|Steel
|move|p1a: Caesar|Rage Fist|p2b: Gardevoir
|-supereffective|p2b: Gardevoir
|-damage|p2b: Gardevoir|0 fnt
|faint|p2b: Gardevoir
|move|p1b: Ursaluna|Hyper Voice|p2a: Garchomp
|-resisted|p2a: Garchomp
|-damage|p2a: Garchomp|54/100
|-damage|p1b: Ursaluna|36/100|[from] item: Life Orb
|move|p2a: Garchomp|Earthquake|p1b: Ursaluna|[spread] p1a,p1b
|-damage|p1a: Caesar|0 fnt
|-damage|p1b: Ursaluna|0 fnt
|faint|p1a: Caesar
|faint|p1b: Ursaluna
|
|win|Daniw9
|inactive|no_dupes has 30 seconds to confirm battle start!
|inactive|Daniw9 has 30 seconds to confirm battle start!
||Daniw9 is ready for game 3.
||no_dupes is ready for game 3.
|uhtml|next|Next: Game 3 of 3
|l|☆no_dupes
|player|p1|
|j|☆no_dupes
|player|p1|no_dupes|brock-gen2|
