|j|☆sbhaga34
|j|☆memeberserk
|html|sbhaga34memeberserk    
|uhtml|bestof|Game 2 of a best-of-3
|t:|1784596418
|gametype|doubles
|player|p1|sbhaga34|hugh|1378
|player|p2|memeberserk|lance|1289
|gen|9
|tier|[Gen 9 Champions] VGC 2026 Reg M-B (Bo3)
|rated|
|rule|Species Clause: Limit one of each Pokémon
|rule|Item Clause: Limit 1 of each item
|clearpoke
|poke|p1|Excadrill, L50, M|
|poke|p1|Tyranitar, L50, F|
|poke|p1|Corviknight, L50, F|
|poke|p1|Rotom-Wash, L50|
|poke|p1|Chandelure, L50, F|
|poke|p1|Scovillain, L50, M|
|poke|p2|Raichu, L50, M|
|poke|p2|Corviknight, L50, F|
|poke|p2|Sylveon, L50, F|
|poke|p2|Basculegion, L50, M|
|poke|p2|Mamoswine, L50, M|
|poke|p2|Tyranitar, L50, M|
|teampreview|4
|showteam|p1|Excadrill||FocusSash|SandRush|Earthquake,IronHead,SwordsDance,Protect|Adamant||M|||50|]Tyranitar||Tyranitarite|SandStream|RockSlide,KnockOff,LowKick,Protect|Adamant||F|||50|]Corviknight||SharpBeak|MirrorArmor|BraveBird,Tailwind,BulkUp,Roost|Careful||F|||50|]Rotom-Wash||ChoiceScarf|Levitate|VoltSwitch,Thunderbolt,Electroweb,HydroPump|Timid|||||50|]Chandelure||ShucaBerry|FlashFire|HeatWave,ShadowBall,TrickRoom,Protect|Modest||F|||50|]Scovillain||Scovillainite|Chlorophyll|RagePowder,Overheat,GigaDrain,Protect|Calm||M|||50|
|showteam|p2|Raichu||RaichuniteY|LightningRod|ZapCannon,FocusBlast,FakeOut,Protect|Timid||M|||50|]Corviknight||Leftovers|Unnerve|BraveBird,IronHead,Tailwind,Protect|Careful||F|||50|]Sylveon||FairyFeather|Pixilate|HyperVoice,QuickAttack,Protect,Yawn|Modest||F|||50|]Basculegion||MysticWater|SwiftSwim|WaveCrash,LastRespects,AquaJet,Protect|Adamant||M|||50|]Mamoswine||LifeOrb|Oblivious|HighHorsepower,IceShard,IcicleCrash,Protect|Adamant||M|||50|]Tyranitar||FocusSash|SandStream|RockSlide,KnockOff,Superpower,Protect|Adamant||M|||50|
|c|☆sbhaga34|u a raw dogger bro
|c|☆sbhaga34|4 focus balst
|c|☆sbhaga34|no guard
|c|☆sbhaga34|dan
|c|☆sbhaga34|damn*
|inactive|Battle timer is ON: inactive players will automatically lose when time's up. (requested by memeberserk)
|inactive|sbhaga34 has 60 seconds left.
|
|t:|1784596491
|teamsize|p1|4
|teamsize|p2|4
|start
|switch|p1a: Rotom|Rotom-Wash, L50|100/100
|switch|p1b: Tyranitar|Tyranitar, L50, F|100/100
|switch|p2a: Raichu|Raichu, L50, M|100/100
|switch|p2b: Corviknight|Corviknight, L50, F|100/100
|-ability|p2b: Corviknight|Unnerve
|-weather|Sandstorm|[from] ability: Sand Stream|[of] p1b: Tyranitar
|turn|1
|
|t:|1784596504
|switch|p1a: Excadrill|Excadrill, L50, M|100/100
|move|p1b: Tyranitar|Protect|p1b: Tyranitar
|-singleturn|p1b: Tyranitar|Protect
|move|p2a: Raichu|Fake Out|p1b: Tyranitar
|-activate|p1b: Tyranitar|move: Protect
|move|p2b: Corviknight|Tailwind|p2b: Corviknight
|-sidestart|p2: memeberserk|move: Tailwind
|
|-weather|Sandstorm|[upkeep]
|-damage|p2a: Raichu|94/100|[from] Sandstorm
|upkeep
|turn|2
|
|t:|1784596523
|switch|p1b: Rotom|Rotom-Wash, L50|100/100
|detailschange|p2a: Raichu|Raichu-Mega-Y, L50, M
|-mega|p2a: Raichu|Raichu|Raichunite Y
|move|p2a: Raichu|Focus Blast|p1a: Excadrill
|-supereffective|p1a: Excadrill|1
|-enditem|p1a: Excadrill|Focus Sash
|-damage|p1a: Excadrill|1/100
|move|p1a: Excadrill|Earthquake|p2b: Corviknight|[spread] p2a
|-immune|p1b: Rotom|[from] ability: Levitate
|-immune|p2b: Corviknight
|-supereffective|p2a: Raichu|1
|-damage|p2a: Raichu|0 fnt
|faint|p2a: Raichu
|move|p2b: Corviknight|Iron Head|p1a: Excadrill
|-resisted|p1a: Excadrill|1
|-damage|p1a: Excadrill|0 fnt
|faint|p1a: Excadrill
|
|-weather|Sandstorm|[upkeep]
|-damage|p1b: Rotom|94/100|[from] Sandstorm
|upkeep
|
|t:|1784596541
|switch|p2a: Sylveon|Sylveon, L50, F|100/100
|switch|p1a: Corviknight|Corviknight, L50, F|100/100
|turn|3
|
|t:|1784596550
|move|p2b: Corviknight|Protect|p2b: Corviknight
|-singleturn|p2b: Corviknight|Protect
|move|p1b: Rotom|Thunderbolt|p2b: Corviknight
|-activate|p2b: Corviknight|move: Protect
|move|p2a: Sylveon|Yawn|p1b: Rotom
|-start|p1b: Rotom|move: Yawn|[of] p2a: Sylveon
|move|p1a: Corviknight|Tailwind|p1a: Corviknight
|-sidestart|p1: sbhaga34|move: Tailwind
|
|-weather|Sandstorm|[upkeep]
|-damage|p1b: Rotom|88/100|[from] Sandstorm
|-damage|p2a: Sylveon|94/100|[from] Sandstorm
|upkeep
|turn|4
|inactive|sbhaga34 has 30 seconds left.
|
|t:|1784596579
|move|p1b: Rotom|Thunderbolt|p2b: Corviknight
|-supereffective|p2b: Corviknight|1
|-damage|p2b: Corviknight|42/100
|move|p1a: Corviknight|Brave Bird|p2b: Corviknight
|-resisted|p2b: Corviknight|1
|-damage|p2b: Corviknight|21/100
|-damage|p1a: Corviknight|93/100|[from] Recoil
|move|p2b: Corviknight|Iron Head|p1b: Rotom
|-resisted|p1b: Rotom|2
|-damage|p1b: Rotom|80/100
|move|p2a: Sylveon|Hyper Voice|p1a: Corviknight|[spread] p1a,p1b
|-resisted|p1a: Corviknight|1
|-damage|p1a: Corviknight|73/100
|-damage|p1b: Rotom|34/100
|
|-weather|Sandstorm|[upkeep]
|-damage|p1b: Rotom|28/100|[from] Sandstorm
|-damage|p2a: Sylveon|88/100|[from] Sandstorm
|-heal|p2b: Corviknight|27/100|[from] item: Leftovers
|-end|p1b: Rotom|move: Yawn|[silent]
|-status|p1b: Rotom|slp
|-sideend|p2: memeberserk|move: Tailwind
|upkeep
|turn|5
|
|t:|1784596600
|switch|p1b: Tyranitar|Tyranitar, L50, F|100/100
|move|p2a: Sylveon|Protect|p2a: Sylveon
|-singleturn|p2a: Sylveon|Protect
|move|p1a: Corviknight|Brave Bird|p2a: Sylveon
|-activate|p2a: Sylveon|move: Protect
|move|p2b: Corviknight|Tailwind|p2b: Corviknight
|-sidestart|p2: memeberserk|move: Tailwind
|
|-weather|none
|-heal|p2b: Corviknight|33/100|[from] item: Leftovers
|upkeep
|turn|6
|
|t:|1784596619
|detailschange|p1b: Tyranitar|Tyranitar-Mega, L50, F
|-mega|p1b: Tyranitar|Tyranitar|Tyranitarite
|-weather|Sandstorm|[from] ability: Sand Stream|[of] p1b: Tyranitar
|move|p1b: Tyranitar|Knock Off|p2b: Corviknight
|-damage|p2b: Corviknight|0 fnt
|-enditem|p2b: Corviknight|Leftovers|[from] move: Knock Off|[of] p1b: Tyranitar
|faint|p2b: Corviknight
|move|p1a: Corviknight|Brave Bird|p2a: Sylveon
|-damage|p2a: Sylveon|33/100
|-damage|p1a: Corviknight|56/100|[from] Recoil
|move|p2a: Sylveon|Hyper Voice|p1b: Tyranitar|[spread] p1a,p1b
|-resisted|p1a: Corviknight|1
|-supereffective|p1b: Tyranitar|1
|-damage|p1a: Corviknight|36/100
|-damage|p1b: Tyranitar|55/100
|
|-weather|Sandstorm|[upkeep]
|-damage|p2a: Sylveon|27/100|[from] Sandstorm
|-sideend|p1: sbhaga34|move: Tailwind
|upkeep
|
|t:|1784596634
|switch|p2b: Basculegion|Basculegion, L50, M|100/100
|turn|7
|
|t:|1784596652
|switch|p1b: Rotom|Rotom-Wash, L50|28/100 slp
|move|p2b: Basculegion|Last Respects|p1a: Corviknight
|-damage|p1a: Corviknight|0 fnt
|faint|p1a: Corviknight
|move|p2a: Sylveon|Hyper Voice|p1b: Rotom
|-damage|p1b: Rotom|0 fnt
|faint|p1b: Rotom
|
|-weather|Sandstorm|[upkeep]
|-damage|p2b: Basculegion|94/100|[from] Sandstorm
|-damage|p2a: Sylveon|21/100|[from] Sandstorm
|upkeep
|
|t:|1784596661
|switch|p1b: Tyranitar|Tyranitar-Mega, L50, F|55/100
|turn|8
|
|t:|1784596667
|move|p1b: Tyranitar|Protect|p1b: Tyranitar
|-singleturn|p1b: Tyranitar|Protect
|move|p2b: Basculegion|Wave Crash|p1b: Tyranitar
|-activate|p1b: Tyranitar|move: Protect
|move|p2a: Sylveon|Hyper Voice|p1b: Tyranitar
|-activate|p1b: Tyranitar|move: Protect
|
|-weather|Sandstorm|[upkeep]
|-damage|p2b: Basculegion|88/100|[from] Sandstorm
|-damage|p2a: Sylveon|16/100|[from] Sandstorm
|-sideend|p2: memeberserk|move: Tailwind
|upkeep
|turn|9
|
|t:|1784596686
|move|p2b: Basculegion|Protect|p2b: Basculegion
|-singleturn|p2b: Basculegion|Protect
|move|p1b: Tyranitar|Knock Off|p2b: Basculegion
|-activate|p2b: Basculegion|move: Protect
|move|p2a: Sylveon|Yawn|p1b: Tyranitar
|-start|p1b: Tyranitar|move: Yawn|[of] p2a: Sylveon
|
|-weather|Sandstorm|[upkeep]
|-damage|p2b: Basculegion|82/100|[from] Sandstorm
|-damage|p2a: Sylveon|10/100|[from] Sandstorm
|upkeep
|turn|10
|-message|sbhaga34 forfeited.
|
|win|memeberserk
