|j|☆nillythekid
|j|☆aaronna24
|html|nillythekidaaronna24    
|uhtml|bestof|Game 2 of a best-of-3
|t:|1783448951
|gametype|doubles
|player|p1|nillythekid|hiker-gen4|1139
|player|p2|aaronna24|winona|1155
|gen|9
|tier|[Gen 9 Champions] VGC 2026 Reg M-B (Bo3)
|rated|
|rule|Species Clause: Limit one of each Pokémon
|rule|Item Clause: Limit 1 of each item
|clearpoke
|poke|p1|Sinistcha, L50|
|poke|p1|Incineroar, L50, F|
|poke|p1|Milotic, L50, M|
|poke|p1|Raichu, L50, M|
|poke|p1|Floette-Eternal, L50, F|
|poke|p1|Ceruledge, L50, M|
|poke|p2|Charizard, L50, M|
|poke|p2|Garchomp, L50, M|
|poke|p2|Leafeon, L50, M, shiny|
|poke|p2|Maushold-Four, L50|
|poke|p2|Rotom-Wash, L50|
|poke|p2|Incineroar, L50, M|
|teampreview|4
|showteam|p1|Sinistcha||KasibBerry|Hospitality|MatchaGotcha,LifeDew,RagePowder,Protect|Relaxed|||||50|]Incineroar||SitrusBerry|Intimidate|FlareBlitz,ThroatChop,FakeOut,PartingShot|Impish||F|||50|]Milotic||Leftovers|Competitive|MuddyWater,Coil,Hypnosis,Protect|Calm||M|||50|]Raichu||RaichuniteY|LightningRod|ZapCannon,FocusBlast,FakeOut,Protect|Timid||M|||50|]Floette-Eternal||Floettite|FlowerVeil|DazzlingGleam,DrainingKiss,CalmMind,Protect|Timid||F|||50|]Ceruledge||ColburBerry|FlashFire|BitterBlade,ShadowSneak,BulkUp,Protect|Adamant||M|||50|
|showteam|p2|Charizard||CharizarditeY|Blaze|SolarBeam,HeatWave,WeatherBall,Protect|Timid||M|||50|]Garchomp||SoftSand|RoughSkin|Earthquake,DragonClaw,RockSlide,Protect|Jolly||M|||50|]Leafeon||LifeOrb|Chlorophyll|SolarBlade,KnockOff,LeafBlade,Detect|Adamant||M|||50|]Maushold-Four||SitrusBerry|FriendGuard|SuperFang,Taunt,HelpingHand,FollowMe|Impish|||||50|]Rotom-Wash||Leftovers|Levitate|Thunderbolt,HydroPump,WillOWisp,Protect|Calm|||||50|]Incineroar||Charcoal|Intimidate|FakeOut,DarkestLariat,PartingShot,FlareBlitz|Careful||M|||50|
|
|t:|1783448990
|teamsize|p1|4
|teamsize|p2|4
|start
|switch|p1a: Incineroar|Incineroar, L50, F|100/100
|switch|p1b: Floette|Floette-Eternal, L50, F|100/100
|switch|p2a: Charizard|Charizard, L50, M|100/100
|switch|p2b: Rotom|Rotom-Wash, L50|100/100
|-ability|p1a: Incineroar|Intimidate|boost
|-unboost|p2a: Charizard|atk|1
|-unboost|p2b: Rotom|atk|1
|turn|1
|
|t:|1783449022
|detailschange|p2a: Charizard|Charizard-Mega-Y, L50, M
|-mega|p2a: Charizard|Charizard|Charizardite Y
|-weather|SunnyDay|[from] ability: Drought|[of] p2a: Charizard
|detailschange|p1b: Floette|Floette-Mega, L50, F
|-mega|p1b: Floette|Floette|Floettite
|-ability|p1b: Floette|Fairy Aura
|move|p2a: Charizard|Protect|p2a: Charizard
|-singleturn|p2a: Charizard|Protect
|move|p1a: Incineroar|Fake Out|p2a: Charizard
|-activate|p2a: Charizard|move: Protect
|move|p1b: Floette|Calm Mind|p1b: Floette
|-boost|p1b: Floette|spa|1
|-boost|p1b: Floette|spd|1
|move|p2b: Rotom|Hydro Pump|p1a: Incineroar
|-supereffective|p1a: Incineroar|1
|-damage|p1a: Incineroar|64/100
|
|-weather|SunnyDay|[upkeep]
|upkeep
|turn|2
|
|t:|1783449056
|move|p1b: Floette|Calm Mind|p1b: Floette
|-boost|p1b: Floette|spa|1
|-boost|p1b: Floette|spd|1
|move|p2a: Charizard|Weather Ball|p1b: Floette
|-damage|p1b: Floette|59/100
|move|p2b: Rotom|Will-O-Wisp|p1b: Floette
|-status|p1b: Floette|brn
|move|p1a: Incineroar|Parting Shot|p2a: Charizard
|-unboost|p2a: Charizard|atk|1
|-unboost|p2a: Charizard|spa|1
|
|t:|1783449066
|switch|p1a: Sinistcha|Sinistcha, L50|100/100|[from] Parting Shot
|-heal|p1b: Floette|84/100 brn|[from] ability: Hospitality|[of] p1a: Sinistcha
|
|-weather|SunnyDay|[upkeep]
|-damage|p1b: Floette|78/100 brn|[from] brn
|upkeep
|turn|3
|inactive|Battle timer is ON: inactive players will automatically lose when time's up. (requested by aaronna24)
|
|t:|1783449093
|move|p2b: Rotom|Protect|p2b: Rotom
|-singleturn|p2b: Rotom|Protect
|move|p1a: Sinistcha|Protect|p1a: Sinistcha
|-singleturn|p1a: Sinistcha|Protect
|move|p1b: Floette|Dazzling Gleam|p2a: Charizard|[spread] p2a
|-activate|p2b: Rotom|move: Protect
|-resisted|p2a: Charizard|1
|-damage|p2a: Charizard|59/100
|move|p2a: Charizard|Heat Wave|p1b: Floette|[spread] p1b
|-activate|p1a: Sinistcha|move: Protect
|-damage|p1b: Floette|60/100 brn
|
|-weather|SunnyDay|[upkeep]
|-damage|p1b: Floette|55/100 brn|[from] brn
|upkeep
|turn|4
|inactive|aaronna24 has 30 seconds left.
|
|t:|1783449127
|switch|p1a: Incineroar|Incineroar, L50, F|64/100
|-ability|p1a: Incineroar|Intimidate|boost
|-unboost|p2a: Charizard|atk|1
|-unboost|p2b: Rotom|atk|1
|move|p1b: Floette|Draining Kiss|p2b: Rotom
|-damage|p2b: Rotom|36/100
|-heal|p1b: Floette|100/100 brn|[from] drain|[of] p2b: Rotom
|move|p2a: Charizard|Weather Ball|p1b: Floette
|-damage|p1b: Floette|73/100 brn
|move|p2b: Rotom|Thunderbolt|p1b: Floette
|-damage|p1b: Floette|58/100 brn
|
|-weather|SunnyDay|[upkeep]
|-heal|p2b: Rotom|42/100|[from] item: Leftovers
|-damage|p1b: Floette|53/100 brn|[from] brn
|upkeep
|turn|5
|
|t:|1783449147
|move|p2a: Charizard|Protect|p2a: Charizard
|-singleturn|p2a: Charizard|Protect
|move|p2b: Rotom|Protect|p2b: Rotom
|-singleturn|p2b: Rotom|Protect
|move|p1a: Incineroar|Fake Out|p2a: Charizard
|-activate|p2a: Charizard|move: Protect
|move|p1b: Floette|Calm Mind|p1b: Floette
|-boost|p1b: Floette|spa|1
|-boost|p1b: Floette|spd|1
|
|-weather|none
|-heal|p2b: Rotom|48/100|[from] item: Leftovers
|-damage|p1b: Floette|47/100 brn|[from] brn
|upkeep
|turn|6
|
|t:|1783449171
|switch|p2a: Garchomp|Garchomp, L50, M|100/100
|switch|p1a: Sinistcha|Sinistcha, L50|100/100
|-heal|p1b: Floette|72/100 brn|[from] ability: Hospitality|[of] p1a: Sinistcha
|move|p1b: Floette|Dazzling Gleam|p2b: Rotom|[spread] p2a,p2b
|-supereffective|p2a: Garchomp|1
|-crit|p2b: Rotom
|-damage|p2a: Garchomp|0 fnt
|-damage|p2b: Rotom|0 fnt
|faint|p2a: Garchomp
|faint|p2b: Rotom
|
|-damage|p1b: Floette|66/100 brn|[from] brn
|upkeep
|
|t:|1783449185
|switch|p2a: Charizard|Charizard-Mega-Y, L50, M|59/100
|switch|p2b: Maushold|Maushold-Four, L50|100/100
|-weather|SunnyDay|[from] ability: Drought|[of] p2a: Charizard
|turn|7
|
|t:|1783449204
|move|p1a: Sinistcha|Rage Powder|p1a: Sinistcha
|-singleturn|p1a: Sinistcha|move: Rage Powder
|move|p1b: Floette|Draining Kiss|p2b: Maushold
|-damage|p2b: Maushold|1/100
|-heal|p1b: Floette|100/100 brn|[from] drain|[of] p2b: Maushold
|-enditem|p2b: Maushold|Sitrus Berry|[eat]
|-heal|p2b: Maushold|26/100|[from] item: Sitrus Berry
|move|p2a: Charizard|Weather Ball|p1a: Sinistcha
|-supereffective|p1a: Sinistcha|1
|-damage|p1a: Sinistcha|0 fnt
|faint|p1a: Sinistcha
|move|p2b: Maushold|Super Fang|p1b: Floette
|-damage|p1b: Floette|50/100y brn
|
|-weather|SunnyDay|[upkeep]
|-damage|p1b: Floette|44/100 brn|[from] brn
|upkeep
|
|t:|1783449217
|switch|p1a: Incineroar|Incineroar, L50, F|64/100
|-ability|p1a: Incineroar|Intimidate|boost
|-unboost|p2a: Charizard|atk|1
|-unboost|p2b: Maushold|atk|1
|turn|8
|
|t:|1783449238
|move|p2b: Maushold|Helping Hand|p2a: Charizard
|-singleturn|p2a: Charizard|Helping Hand|[of] p2b: Maushold
|move|p1a: Incineroar|Fake Out|p2a: Charizard
|-damage|p2a: Charizard|48/100
|move|p1b: Floette|Draining Kiss|p2b: Maushold
|-damage|p2b: Maushold|0 fnt
|-heal|p1b: Floette|67/100 brn|[from] drain|[of] p2b: Maushold
|faint|p2b: Maushold
|cant|p2a: Charizard|flinch
|
|-weather|SunnyDay|[upkeep]
|-damage|p1b: Floette|61/100 brn|[from] brn
|upkeep
|turn|9
|
|t:|1783449250
|move|p1b: Floette|Dazzling Gleam|p2a: Charizard
|-resisted|p2a: Charizard|1
|-damage|p2a: Charizard|0 fnt
|faint|p2a: Charizard
|
|win|nillythekid
