|j|☆Brendu04
|j|☆T-block
|html|Brendu04T-block    
|uhtml|bestof|Game 3 of a best-of-3
|t:|1756441079
|gametype|doubles
|player|p1|Brendu04|gambler|1223
|player|p2|T-block|265|1385
|gen|9
|tier|[Gen 9] VGC 2025 Reg H (Bo3)
|rated|
|rule|Species Clause: Limit one of each Pokémon
|rule|Item Clause: Limit 1 of each item
|clearpoke
|poke|p1|Sneasler, L50, F|
|poke|p1|Dondozo, L50, F|
|poke|p1|Baxcalibur, L50, F|
|poke|p1|Volcarona, L50, F|
|poke|p1|Rillaboom, L50, M|
|poke|p1|Kingambit, L50, F|
|poke|p2|Rillaboom, L50, F|
|poke|p2|Ninetales-Alola, L50, F|
|poke|p2|Gholdengo, L50|
|poke|p2|Garchomp, L50, M|
|poke|p2|Incineroar, L50, M|
|poke|p2|Dragonite, L50, F|
|teampreview|4
|showteam|p1|Sneasler||FocusSash|Unburden|FakeOut,CloseCombat,DireClaw,Coaching|||F|||50|,,,,,Ghost]Dondozo||Leftovers|Unaware|Protect,Yawn,WaveCrash,Fissure|||F|||50|,,,,,Grass]Baxcalibur||LoadedDice|ThermalExchange|Protect,IceShard,ScaleShot,IcicleSpear|||F|||50|,,,,,Ghost]Volcarona||CovertCloak|FlameBody|QuiverDance,HeatWave,TeraBlast,RagePowder|||F|||50|,,,,,Fairy]Rillaboom||AssaultVest|GrassySurge|GrassyGlide,FakeOut,HighHorsepower,WoodHammer|||M|||50|,,,,,Fire]Kingambit||SafetyGoggles|Defiant|Protect,SwordsDance,KowtowCleave,SuckerPunch|||F|||50|,,,,,Dark
|showteam|p2|Rillaboom||AssaultVest|GrassySurge|GrassyGlide,WoodHammer,FakeOut,HighHorsepower|||F|||50|,,,,,Fire]Ninetales-Alola||FocusSash|SnowWarning|Blizzard,IcyWind,Encore,AuroraVeil|||F|||50|,,,,,Ghost]Gholdengo||GrassySeed|GoodasGold|NastyPlot,MakeItRain,ShadowBall,Protect||||||50|,,,,,Water]Garchomp||LifeOrb|RoughSkin|StompingTantrum,RockSlide,DragonClaw,Protect|||M|||50|,,,,,Fire]Incineroar||SafetyGoggles|Intimidate|FlareBlitz,KnockOff,FakeOut,PartingShot|||M|||50|,,,,,Water]Dragonite||LoadedDice|Multiscale|ScaleShot,Haze,Tailwind,Protect|||F|||50|,,,,,Fairy
|inactive|Battle timer is ON: inactive players will automatically lose when time's up. (requested by Brendu04)
|
|t:|1756441105
|teamsize|p1|4
|teamsize|p2|4
|start
|switch|p1a: Volcarona|Volcarona, L50, F|100/100
|switch|p1b: Baxcalibur|Baxcalibur, L50, F|100/100
|switch|p2a: Garchomp|Garchomp, L50, M|100/100
|switch|p2b: Gholdengo|Gholdengo, L50|100/100
|turn|1
|inactive|Brendu04 has 30 seconds left.
|inactive|T-block has 30 seconds left.
|inactive|T-block has 20 seconds left.
|
|t:|1756441141
|switch|p2b: Incineroar|Incineroar, L50, M|100/100
|-ability|p2b: Incineroar|Intimidate|boost
|-unboost|p1a: Volcarona|atk|1
|-unboost|p1b: Baxcalibur|atk|1
|-terastallize|p2a: Garchomp|Fire
|-terastallize|p1a: Volcarona|Fairy
|move|p1b: Baxcalibur|Protect|p1b: Baxcalibur
|-singleturn|p1b: Baxcalibur|Protect
|move|p2a: Garchomp|Rock Slide|p1b: Baxcalibur|[spread] p1a
|-activate|p1b: Baxcalibur|move: Protect
|-damage|p1a: Volcarona|72/100
|-damage|p2a: Garchomp|91/100|[from] item: Life Orb
|move|p1a: Volcarona|Heat Wave|p2a: Garchomp|[spread] p2a,p2b
|-resisted|p2a: Garchomp
|-resisted|p2b: Incineroar
|-damage|p2a: Garchomp|70/100
|-damage|p2b: Incineroar|86/100
|
|upkeep
|turn|2
|inactive|T-block has 30 seconds left.
|inactive|T-block has 20 seconds left.
|inactive|T-block has 15 seconds left.
|inactive|T-block has 10 seconds left.
|
|t:|1756441189
|move|p2a: Garchomp|Stomping Tantrum|p1a: Volcarona
|-damage|p1a: Volcarona|17/100
|-damage|p2a: Garchomp|61/100|[from] item: Life Orb
|move|p1b: Baxcalibur|Scale Shot|p2a: Garchomp
|-damage|p2a: Garchomp|51/100
|-damage|p2a: Garchomp|41/100
|-damage|p2a: Garchomp|32/100
|-damage|p2a: Garchomp|22/100
|-damage|p2a: Garchomp|13/100
|-hitcount|p2a: Garchomp|5
|-unboost|p1b: Baxcalibur|def|1
|-boost|p1b: Baxcalibur|spe|1
|move|p1a: Volcarona|Quiver Dance|p1a: Volcarona
|-boost|p1a: Volcarona|spa|1
|-boost|p1a: Volcarona|spd|1
|-boost|p1a: Volcarona|spe|1
|move|p2b: Incineroar|Knock Off|p1b: Baxcalibur
|-damage|p1b: Baxcalibur|45/100
|-enditem|p1b: Baxcalibur|Loaded Dice|[from] move: Knock Off|[of] p2b: Incineroar
|
|upkeep
|turn|3
|inactive|T-block has 30 seconds left.
|inactive|T-block has 20 seconds left.
|inactive|T-block has 15 seconds left.
|
|t:|1756441230
|move|p1b: Baxcalibur|Scale Shot|p2b: Incineroar|[miss]
|-miss|p1b: Baxcalibur|p2b: Incineroar
|move|p1a: Volcarona|Heat Wave|p2b: Incineroar|[spread] p2a,p2b
|-resisted|p2a: Garchomp
|-resisted|p2b: Incineroar
|-damage|p2a: Garchomp|0 fnt
|-damage|p2b: Incineroar|64/100
|faint|p2a: Garchomp
|move|p2b: Incineroar|Flare Blitz|p1a: Volcarona
|-damage|p1a: Volcarona|0 fnt
|faint|p1a: Volcarona
|-damage|p2b: Incineroar|58/100|[from] Recoil
|
|upkeep
|
|t:|1756441241
|switch|p2a: Gholdengo|Gholdengo, L50|100/100
|switch|p1a: Kingambit|Kingambit, L50, F|100/100
|turn|4
|inactive|T-block has 30 seconds left.
|
|t:|1756441268
|switch|p2a: Rillaboom|Rillaboom, L50, F|100/100
|-fieldstart|move: Grassy Terrain|[from] ability: Grassy Surge|[of] p2a: Rillaboom
|move|p1a: Kingambit|Protect|p1a: Kingambit
|-singleturn|p1a: Kingambit|Protect
|move|p1b: Baxcalibur|Scale Shot|p2b: Incineroar
|-damage|p2b: Incineroar|48/100
|-damage|p2b: Incineroar|38/100
|-damage|p2b: Incineroar|28/100
|-hitcount|p2b: Incineroar|3
|-unboost|p1b: Baxcalibur|def|1
|-boost|p1b: Baxcalibur|spe|1
|move|p2b: Incineroar|Flare Blitz|p1a: Kingambit
|-activate|p1a: Kingambit|move: Protect
|
|-heal|p1b: Baxcalibur|52/100|[from] Grassy Terrain
|-heal|p2b: Incineroar|34/100|[from] Grassy Terrain
|upkeep
|turn|5
|inactive|T-block has 30 seconds left.
|
|t:|1756441294
|switch|p1b: Sneasler|Sneasler, L50, F|100/100
|move|p1a: Kingambit|Protect||[still]
|-fail|p1a: Kingambit
|move|p2a: Rillaboom|High Horsepower|p1a: Kingambit
|-supereffective|p1a: Kingambit
|-damage|p1a: Kingambit|46/100
|move|p2b: Incineroar|Flare Blitz|p1a: Kingambit
|-supereffective|p1a: Kingambit
|-damage|p1a: Kingambit|0 fnt
|faint|p1a: Kingambit
|-damage|p2b: Incineroar|18/100|[from] Recoil
|
|-heal|p2b: Incineroar|24/100|[from] Grassy Terrain
|upkeep
|
|t:|1756441296
|switch|p1a: Baxcalibur|Baxcalibur, L50, F|52/100
|turn|6
|
|t:|1756441319
|switch|p2b: Gholdengo|Gholdengo, L50|100/100
|-enditem|p2b: Gholdengo|Grassy Seed
|-boost|p2b: Gholdengo|def|1|[from] item: Grassy Seed
|move|p2a: Rillaboom|Grassy Glide|p1b: Sneasler
|-resisted|p1b: Sneasler
|-damage|p1b: Sneasler|66/100
|move|p1b: Sneasler|Coaching|p1a: Baxcalibur
|-boost|p1a: Baxcalibur|atk|1
|-boost|p1a: Baxcalibur|def|1
|move|p1a: Baxcalibur|Scale Shot|p2a: Rillaboom
|-damage|p2a: Rillaboom|82/100
|-damage|p2a: Rillaboom|62/100
|-damage|p2a: Rillaboom|43/100
|-damage|p2a: Rillaboom|23/100
|-damage|p2a: Rillaboom|4/100
|-hitcount|p2a: Rillaboom|5
|-unboost|p1a: Baxcalibur|def|1
|-boost|p1a: Baxcalibur|spe|1
|
|-heal|p1a: Baxcalibur|58/100|[from] Grassy Terrain
|-heal|p1b: Sneasler|72/100|[from] Grassy Terrain
|-heal|p2a: Rillaboom|10/100|[from] Grassy Terrain
|upkeep
|turn|7
|-message|Brendu04 forfeited.
|
|win|T-block
|raw|Brendu04's rating: 1223 → 1209(-14 for losing)
|raw|T-block's rating: 1385 → 1396(+11 for winning)
|l|☆Brendu04
|player|p1|
