|j|☆imptumnus
|j|☆lettitripppp
|html|imptumnuslettitripppp    
|uhtml|bestof|Game 2 of a best-of-3
|t:|1783800614
|gametype|doubles
|player|p1|imptumnus|marlon|1121
|player|p2|lettitripppp|lucas|1236
|gen|9
|tier|[Gen 9 Champions] VGC 2026 Reg M-B (Bo3)
|rated|
|rule|Species Clause: Limit one of each Pokémon
|rule|Item Clause: Limit 1 of each item
|clearpoke
|poke|p1|Blastoise, L50, F|
|poke|p1|Tinkaton, L50, F|
|poke|p1|Sinistcha, L50|
|poke|p1|Sneasler, L50, F|
|poke|p1|Ceruledge, L50, F|
|poke|p1|Eelektross, L50, F|
|poke|p2|Charizard, L50, M|
|poke|p2|Basculegion, L50, M|
|poke|p2|Whimsicott, L50, F, shiny|
|poke|p2|Garchomp, L50, M, shiny|
|poke|p2|Floette-Eternal, L50, F|
|poke|p2|Kingambit, L50, M, shiny|
|teampreview|4
|showteam|p1|Blastoise||Blastoisinite|Torrent|WaterSpout,DarkPulse,Protect,ShellSmash|Modest||F|||50|]Tinkaton||MetalCoat|MoldBreaker|GigatonHammer,PlayRough,FakeOut,Encore|Jolly||F|||50|]Sinistcha||KasibBerry|Hospitality|MatchaGotcha,LifeDew,TrickRoom,RagePowder|Bold|||||50|]Sneasler||FocusSash|PoisonTouch|CloseCombat,FakeOut,PoisonJab,QuickGuard|Jolly||F|||50|]Ceruledge||ColburBerry|FlashFire|BitterBlade,ShadowSneak,BulkUp,Protect|Adamant||F|||50|]Eelektross||Eelektrossite|Levitate|Protect,Coil,SupercellSlam,DrainPunch|Adamant||F|||50|
|showteam|p2|Charizard||CharizarditeY|Blaze|WeatherBall,SolarBeam,HeatWave,Protect|Modest||M|||50|]Basculegion||MysticWater|Adaptability|LastRespects,WaveCrash,AquaJet,Protect|Adamant||M|||50|]Whimsicott||FocusSash|Prankster|Moonblast,Tailwind,Encore,Protect|Timid||F|||50|]Garchomp||LifeOrb|RoughSkin|DragonClaw,Earthquake,RockSlide,Protect|Jolly||M|||50|]Floette-Eternal||Floettite|FlowerVeil|DazzlingGleam,LightofRuin,Moonblast,Protect|Modest||F|||50|]Kingambit||ChopleBerry|Defiant|KowtowCleave,SuckerPunch,IronHead,LowKick|Adamant||M|||50|
|inactive|Battle timer is ON: inactive players will automatically lose when time's up. (requested by lettitripppp)
|inactive|imptumnus has 60 seconds left.
|
|t:|1783800658
|teamsize|p1|4
|teamsize|p2|4
|start
|switch|p1a: Sneasler|Sneasler, L50, F|100/100
|switch|p1b: Eelektross|Eelektross, L50, F|100/100
|switch|p2a: AGNI|Charizard, L50, M|100/100
|switch|p2b: LETS GO GO|Whimsicott, L50, F, shiny|100/100
|turn|1
|
|t:|1783800677
|detailschange|p1b: Eelektross|Eelektross-Mega, L50, F
|-mega|p1b: Eelektross|Eelektross|Eelektrossite
|move|p2b: LETS GO GO|Protect|p2b: LETS GO GO
|-singleturn|p2b: LETS GO GO|Protect
|move|p2a: AGNI|Protect|p2a: AGNI
|-singleturn|p2a: AGNI|Protect
|move|p1a: Sneasler|Fake Out|p2b: LETS GO GO
|-activate|p2b: LETS GO GO|move: Protect
|move|p1b: Eelektross|Coil|p1b: Eelektross
|-boost|p1b: Eelektross|atk|1
|-boost|p1b: Eelektross|def|1
|-boost|p1b: Eelektross|accuracy|1
|
|upkeep
|turn|2
|
|t:|1783800695
|switch|p1a: Ceruledge|Ceruledge, L50, F|100/100
|detailschange|p2a: AGNI|Charizard-Mega-Y, L50, M
|-mega|p2a: AGNI|Charizard|Charizardite Y
|-weather|SunnyDay|[from] ability: Drought|[of] p2a: AGNI
|move|p2b: LETS GO GO|Tailwind|p2b: LETS GO GO
|-sidestart|p2: lettitripppp|move: Tailwind
|move|p2a: AGNI|Weather Ball|p1b: Eelektross
|-damage|p1b: Eelektross|14/100
|move|p1b: Eelektross|Supercell Slam|p2a: AGNI
|-supereffective|p2a: AGNI|1
|-damage|p2a: AGNI|0 fnt
|faint|p2a: AGNI
|-ability|p1b: Eelektross|Eelevate|boost
|-boost|p1b: Eelektross|atk|1
|
|-weather|SunnyDay|[upkeep]
|upkeep
|
|t:|1783800708
|switch|p2a: CRUSH SHARK|Garchomp, L50, M, shiny|100/100
|turn|3
|
|t:|1783800727
|switch|p1b: Sinistcha|Sinistcha, L50|100/100
|move|p2b: LETS GO GO|Moonblast|p1b: Sinistcha
|-damage|p1b: Sinistcha|70/100
|-unboost|p1b: Sinistcha|spa|1
|move|p2a: CRUSH SHARK|Earthquake|p1b: Sinistcha|[spread] p2b,p1a,p1b
|-resisted|p2b: LETS GO GO|1
|-supereffective|p1a: Ceruledge|1
|-resisted|p1b: Sinistcha|1
|-damage|p2b: LETS GO GO|66/100
|-damage|p1a: Ceruledge|3/100
|-damage|p1b: Sinistcha|52/100
|-damage|p2a: CRUSH SHARK|90/100|[from] item: Life Orb
|move|p1a: Ceruledge|Bulk Up|p1a: Ceruledge
|-boost|p1a: Ceruledge|atk|1
|-boost|p1a: Ceruledge|def|1
|
|-weather|SunnyDay|[upkeep]
|upkeep
|turn|4
|
|t:|1783800745
|move|p1a: Ceruledge|Protect|p1a: Ceruledge
|-singleturn|p1a: Ceruledge|Protect
|move|p2b: LETS GO GO|Moonblast|p1b: Sinistcha
|-crit|p1b: Sinistcha
|-damage|p1b: Sinistcha|6/100
|move|p2a: CRUSH SHARK|Earthquake|p1a: Ceruledge|[spread] p2b,p1b
|-activate|p1a: Ceruledge|move: Protect
|-resisted|p2b: LETS GO GO|1
|-resisted|p1b: Sinistcha|1
|-damage|p2b: LETS GO GO|37/100
|-damage|p1b: Sinistcha|0 fnt
|faint|p1b: Sinistcha
|-damage|p2a: CRUSH SHARK|80/100|[from] item: Life Orb
|
|-weather|SunnyDay|[upkeep]
|upkeep
|
|t:|1783800761
|switch|p1b: Sneasler|Sneasler, L50, F|100/100
|turn|5
|
|t:|1783800770
|move|p2b: LETS GO GO|Protect|p2b: LETS GO GO
|-singleturn|p2b: LETS GO GO|Protect
|move|p2a: CRUSH SHARK|Protect|p2a: CRUSH SHARK
|-singleturn|p2a: CRUSH SHARK|Protect
|move|p1b: Sneasler|Fake Out|p2a: CRUSH SHARK
|-activate|p2a: CRUSH SHARK|move: Protect
|move|p1a: Ceruledge|Bitter Blade|p2b: LETS GO GO
|-activate|p2b: LETS GO GO|move: Protect
|
|-weather|SunnyDay|[upkeep]
|-sideend|p2: lettitripppp|move: Tailwind
|upkeep
|turn|6
|
|t:|1783800791
|move|p1a: Ceruledge|Protect|p1a: Ceruledge
|-singleturn|p1a: Ceruledge|Protect
|move|p2b: LETS GO GO|Tailwind|p2b: LETS GO GO
|-sidestart|p2: lettitripppp|move: Tailwind
|move|p2a: CRUSH SHARK|Earthquake|p1a: Ceruledge|[spread] p2b,p1b
|-activate|p1a: Ceruledge|move: Protect
|-resisted|p2b: LETS GO GO|1
|-supereffective|p1b: Sneasler|1
|-damage|p2b: LETS GO GO|4/100
|-enditem|p1b: Sneasler|Focus Sash
|-damage|p1b: Sneasler|1/100
|-damage|p2a: CRUSH SHARK|70/100|[from] item: Life Orb
|move|p1b: Sneasler|Close Combat|p2a: CRUSH SHARK
|-damage|p2a: CRUSH SHARK|5/100
|-unboost|p1b: Sneasler|def|1
|-unboost|p1b: Sneasler|spd|1
|-damage|p1b: Sneasler|0 fnt|[from] ability: Rough Skin|[of] p2a: CRUSH SHARK
|faint|p1b: Sneasler
|
|-weather|none
|upkeep
|
|t:|1783800809
|switch|p1b: Eelektross|Eelektross-Mega, L50, F|14/100
|turn|7
|
|t:|1783800820
|move|p1b: Eelektross|Protect|p1b: Eelektross
|-singleturn|p1b: Eelektross|Protect
|move|p2b: LETS GO GO|Encore|p1a: Ceruledge
|-start|p1a: Ceruledge|Encore
|move|p1a: Ceruledge|Protect||[still]
|-fail|p1a: Ceruledge
|move|p2a: CRUSH SHARK|Dragon Claw|p1b: Eelektross
|-activate|p1b: Eelektross|move: Protect
|
|upkeep
|turn|8
|
|t:|1783800834
|move|p1a: Ceruledge|Protect|p1a: Ceruledge
|-singleturn|p1a: Ceruledge|Protect
|move|p2b: LETS GO GO|Moonblast|p1a: Ceruledge
|-activate|p1a: Ceruledge|move: Protect
|move|p2a: CRUSH SHARK|Dragon Claw|p1b: Eelektross
|-damage|p1b: Eelektross|0 fnt
|faint|p1b: Eelektross
|-damage|p2a: CRUSH SHARK|0 fnt|[from] item: Life Orb
|faint|p2a: CRUSH SHARK
|
|upkeep
|
|t:|1783800845
|switch|p2a: GHOSTWAVE|Basculegion, L50, M|100/100
|turn|9
|c|☆imptumnus|gg
|
|t:|1783800851
|move|p2a: GHOSTWAVE|Protect|p2a: GHOSTWAVE
|-singleturn|p2a: GHOSTWAVE|Protect
|move|p1a: Ceruledge|Protect|p1a: Ceruledge
|-singleturn|p1a: Ceruledge|Protect
|move|p2b: LETS GO GO|Moonblast|p1a: Ceruledge
|-activate|p1a: Ceruledge|move: Protect
|
|-end|p1a: Ceruledge|Encore
|-sideend|p2: lettitripppp|move: Tailwind
|upkeep
|turn|10
|
|t:|1783800860
|move|p2a: GHOSTWAVE|Protect|p2a: GHOSTWAVE
|-singleturn|p2a: GHOSTWAVE|Protect
|move|p1a: Ceruledge|Shadow Sneak|p2a: GHOSTWAVE
|-activate|p2a: GHOSTWAVE|move: Protect
|move|p2b: LETS GO GO|Moonblast|p1a: Ceruledge
|-resisted|p1a: Ceruledge|1
|-damage|p1a: Ceruledge|0 fnt
|faint|p1a: Ceruledge
|
|win|lettitripppp
|raw|imptumnus's rating: 1121 → 1104(-17 for losing)
|raw|lettitripppp's rating: 1236 → 1253(+17 for winning)
