|j|☆Dah_tobster
|j|☆Sedrav
|html|Dah_tobsterSedrav    
|uhtml|bestof|Game 1 of a best-of-3
|t:|1756953373
|gametype|doubles
|player|p1|Dah_tobster|169|1056
|player|p2|Sedrav|265|1137
|gen|9
|tier|[Gen 9] VGC 2025 Reg H (Bo3)
|rated|
|rule|Species Clause: Limit one of each Pokémon
|rule|Item Clause: Limit 1 of each item
|clearpoke
|poke|p1|Grimmsnarl, L50, M|
|poke|p1|Dragonite, L50, M|
|poke|p1|Gholdengo, L50|
|poke|p1|Annihilape, L50, M|
|poke|p1|Maushold-Four, L50|
|poke|p1|Rillaboom, L50, F|
|poke|p2|Garchomp, L50, F|
|poke|p2|Talonflame, L50, F|
|poke|p2|Gholdengo, L50|
|poke|p2|Tyranitar, L50, M|
|poke|p2|Amoonguss, L50, M|
|poke|p2|Milotic, L50, F|
|teampreview|4
|showteam|p1|Grimmsnarl||LightClay|Prankster|SpiritBreak,Reflect,LightScreen,ThunderWave|||M|||50|,,,,,Steel]Dragonite||LoadedDice|Multiscale|ScaleShot,ExtremeSpeed,Tailwind,Protect|||M|||50|,,,,,Steel]Gholdengo||LifeOrb|GoodasGold|MakeItRain,NastyPlot,ShadowBall,Protect||||||50|,,,,,Water]Annihilape||Leftovers|Defiant|RageFist,DrainPunch,BulkUp,Protect|||M|||50|,,,,,Fire]Maushold-Four||FocusSash|FriendGuard|SuperFang,FollowMe,BeatUp,Protect||||||50|,,,,,Ghost]Rillaboom||AssaultVest|GrassySurge|FakeOut,WoodHammer,HighHorsepower,GrassyGlide|||F|||50|,,,,,Fire
|showteam|p2|Garchomp||LifeOrb|RoughSkin|DragonClaw,StompingTantrum,Earthquake,Protect|||F|||50|,,,,,Fairy]Talonflame||CovertCloak|GaleWings|BraveBird,Tailwind,WillOWisp,Taunt|||F|||50|,,,,,Grass]Gholdengo||MetalCoat|GoodasGold|MakeItRain,ShadowBall,NastyPlot,Protect||||||50|,,,,,Flying]Tyranitar||AssaultVest|SandStream|RockSlide,KnockOff,LowKick,TeraBlast|||M|||50|,,,,,Flying]Amoonguss||SitrusBerry|Regenerator|Spore,RagePowder,PollenPuff,Protect|||M|||50|,,,,,Water]Milotic||SafetyGoggles|Competitive|Scald,IcyWind,Haze,Protect|||F|||50|,,,,,Dragon
|inactive|Battle timer is ON: inactive players will automatically lose when time's up. (requested by Dah_tobster)
|inactive|Dah_tobster has 60 seconds left.
|
|t:|1756953414
|teamsize|p1|4
|teamsize|p2|4
|start
|switch|p1a: Gholdengo|Gholdengo, L50|100/100
|switch|p1b: Grimmsnarl|Grimmsnarl, L50, M|100/100
|switch|p2a: Garchomp|Garchomp, L50, F|100/100
|switch|p2b: Talonflame|Talonflame, L50, F|100/100
|turn|1
|
|t:|1756953438
|-terastallize|p1a: Gholdengo|Water
|move|p2b: Talonflame|Tailwind|p2b: Talonflame
|-sidestart|p2: Sedrav|move: Tailwind
|move|p1b: Grimmsnarl|Reflect|p1b: Grimmsnarl
|-sidestart|p1: Dah_tobster|Reflect
|move|p2a: Garchomp|Earthquake|p1a: Gholdengo|[spread] p1a,p1b
|-immune|p2b: Talonflame
|-damage|p1a: Gholdengo|69/100
|-damage|p1b: Grimmsnarl|65/100
|-damage|p2a: Garchomp|91/100|[from] item: Life Orb
|move|p1a: Gholdengo|Nasty Plot|p1a: Gholdengo
|-boost|p1a: Gholdengo|spa|2
|
|upkeep
|turn|2
|inactive|Dah_tobster has 30 seconds left.
|inactive|Sedrav has 30 seconds left.
|
|t:|1756953472
|move|p2a: Garchomp|Protect|p2a: Garchomp
|-singleturn|p2a: Garchomp|Protect
|move|p2b: Talonflame|Will-O-Wisp|p1b: Grimmsnarl
|-status|p1b: Grimmsnarl|brn
|move|p1a: Gholdengo|Make It Rain|p2b: Talonflame|[spread] p2b
|-activate|p2a: Garchomp|move: Protect
|-resisted|p2b: Talonflame
|-damage|p2b: Talonflame|1/100
|-unboost|p1a: Gholdengo|spa|1
|-damage|p1a: Gholdengo|59/100|[from] item: Life Orb
|move|p1b: Grimmsnarl|Spirit Break|p2a: Garchomp
|-activate|p2a: Garchomp|move: Protect
|
|-damage|p1b: Grimmsnarl|59/100 brn|[from] brn
|upkeep
|turn|3
|
|t:|1756953494
|move|p2b: Talonflame|Brave Bird|p1a: Gholdengo
|-damage|p1a: Gholdengo|31/100
|-damage|p2b: Talonflame|0 fnt|[from] Recoil
|faint|p2b: Talonflame
|move|p2a: Garchomp|Earthquake|p1b: Grimmsnarl|[spread] p1a,p1b
|-damage|p1a: Gholdengo|0 fnt
|-damage|p1b: Grimmsnarl|27/100 brn
|faint|p1a: Gholdengo
|-damage|p2a: Garchomp|81/100|[from] item: Life Orb
|move|p1b: Grimmsnarl|Spirit Break|p2a: Garchomp
|-supereffective|p2a: Garchomp
|-damage|p2a: Garchomp|48/100
|-unboost|p2a: Garchomp|spa|1
|-damage|p1b: Grimmsnarl|14/100 brn|[from] ability: Rough Skin|[of] p2a: Garchomp
|
|-damage|p1b: Grimmsnarl|8/100 brn|[from] brn
|upkeep
|
|t:|1756953513
|switch|p2b: Tyranitar|Tyranitar, L50, M|100/100
|switch|p1a: Rillaboom|Rillaboom, L50, F|100/100
|-weather|Sandstorm|[from] ability: Sand Stream|[of] p2b: Tyranitar
|-fieldstart|move: Grassy Terrain|[from] ability: Grassy Surge|[of] p1a: Rillaboom
|turn|4
|inactive|Sedrav has 30 seconds left.
|inactive|Sedrav has 20 seconds left.
|
|t:|1756953552
|-terastallize|p2b: Tyranitar|Flying
|move|p1a: Rillaboom|Fake Out|p2a: Garchomp
|-damage|p2a: Garchomp|35/100
|-damage|p1a: Rillaboom|88/100|[from] ability: Rough Skin|[of] p2a: Garchomp
|move|p1b: Grimmsnarl|Thunder Wave|p2b: Tyranitar
|-status|p2b: Tyranitar|par
|cant|p2a: Garchomp|flinch
|move|p2b: Tyranitar|Rock Slide|p1b: Grimmsnarl|[spread] p1a,p1b
|-damage|p1a: Rillaboom|70/100
|-damage|p1b: Grimmsnarl|0 fnt
|faint|p1b: Grimmsnarl
|
|-weather|Sandstorm|[upkeep]
|-damage|p1a: Rillaboom|64/100|[from] Sandstorm
|-damage|p2b: Tyranitar|95/100 par|[from] Sandstorm
|-heal|p2a: Garchomp|41/100|[from] Grassy Terrain
|-heal|p1a: Rillaboom|70/100|[from] Grassy Terrain
|-sideend|p2: Sedrav|move: Tailwind
|upkeep
|
|t:|1756953569
|switch|p1b: Dragonite|Dragonite, L50, M|100/100
|turn|5
|inactive|Dah_tobster has 30 seconds left.
|
|t:|1756953603
|switch|p2a: Gholdengo|Gholdengo, L50|100/100
|move|p1b: Dragonite|Scale Shot|p2b: Tyranitar
|-damage|p2b: Tyranitar|83/100 par
|-crit|p2b: Tyranitar
|-damage|p2b: Tyranitar|64/100 par
|-damage|p2b: Tyranitar|53/100 par
|-damage|p2b: Tyranitar|41/100 par
|-hitcount|p2b: Tyranitar|4
|-unboost|p1b: Dragonite|def|1
|-boost|p1b: Dragonite|spe|1
|move|p1a: Rillaboom|Wood Hammer|p2a: Gholdengo
|-resisted|p2a: Gholdengo
|-damage|p2a: Gholdengo|56/100
|-damage|p1a: Rillaboom|58/100|[from] Recoil
|move|p2b: Tyranitar|Tera Blast|p1a: Rillaboom|[anim] Tera Blast Flying
|-supereffective|p1a: Rillaboom
|-damage|p1a: Rillaboom|5/100
|
|-weather|Sandstorm|[upkeep]
|-damage|p1b: Dragonite|95/100|[from] Sandstorm
|-damage|p1a: Rillaboom|0 fnt|[from] Sandstorm
|-damage|p2b: Tyranitar|35/100 par|[from] Sandstorm
|faint|p1a: Rillaboom
|-heal|p2a: Gholdengo|62/100|[from] Grassy Terrain
|upkeep
|turn|6
|inactive|Dah_tobster has 30 seconds left.
|inactive|Sedrav has 30 seconds left.
|inactive|Sedrav has 20 seconds left.
|inactive|Sedrav has 15 seconds left.
|inactive|Sedrav has 10 seconds left.
|
|t:|1756953653
|move|p1b: Dragonite|Scale Shot|p2b: Tyranitar
|-damage|p2b: Tyranitar|23/100 par
|-crit|p2b: Tyranitar
|-damage|p2b: Tyranitar|3/100 par
|-damage|p2b: Tyranitar|0 fnt
|faint|p2b: Tyranitar
|-hitcount|p2: Tyranitar|3
|-unboost|p1b: Dragonite|def|1
|-boost|p1b: Dragonite|spe|1
|move|p2a: Gholdengo|Nasty Plot|p2a: Gholdengo
|-boost|p2a: Gholdengo|spa|2
|
|-weather|Sandstorm|[upkeep]
|-damage|p1b: Dragonite|89/100|[from] Sandstorm
|-heal|p2a: Gholdengo|68/100|[from] Grassy Terrain
|upkeep
|
|t:|1756953667
|switch|p2b: Garchomp|Garchomp, L50, F|41/100
|turn|7
|inactive|Sedrav has 30 seconds left.
|
|t:|1756953698
|move|p1b: Dragonite|Protect|p1b: Dragonite
|-singleturn|p1b: Dragonite|Protect
|move|p2b: Garchomp|Stomping Tantrum|p1b: Dragonite
|-activate|p1b: Dragonite|move: Protect
|move|p2a: Gholdengo|Make It Rain|p1b: Dragonite
|-activate|p1b: Dragonite|move: Protect
|
|-weather|Sandstorm|[upkeep]
|-damage|p1b: Dragonite|83/100|[from] Sandstorm
|-heal|p2b: Garchomp|47/100|[from] Grassy Terrain
|-heal|p2a: Gholdengo|74/100|[from] Grassy Terrain
|upkeep
|turn|8
|inactive|Dah_tobster has 30 seconds left.
|inactive|Dah_tobster has 20 seconds left.
|inactive|Dah_tobster has 15 seconds left.
|
|t:|1756953742
|move|p2b: Garchomp|Protect|p2b: Garchomp
|-singleturn|p2b: Garchomp|Protect
|move|p1b: Dragonite|Scale Shot|p2a: Gholdengo
|-resisted|p2a: Gholdengo
|-damage|p2a: Gholdengo|65/100
|-resisted|p2a: Gholdengo
|-damage|p2a: Gholdengo|58/100
|-resisted|p2a: Gholdengo
|-damage|p2a: Gholdengo|50/100
|-resisted|p2a: Gholdengo
|-damage|p2a: Gholdengo|42/100
|-hitcount|p2a: Gholdengo|4
|-unboost|p1b: Dragonite|def|1
|-boost|p1b: Dragonite|spe|1
|move|p2a: Gholdengo|Shadow Ball|p1b: Dragonite
|-damage|p1b: Dragonite|0 fnt
|faint|p1b: Dragonite
|
|win|Sedrav
