|j|☆x-demon18
|j|☆gdog6969
|html|x-demon18gdog6969    
|uhtml|bestof|Game 1 of a best-of-3
|t:|1785156988
|gametype|doubles
|player|p1|x-demon18|pokefan-gen4|1088
|player|p2|gdog6969|101|1002
|gen|9
|tier|[Gen 9 Champions] VGC 2026 Reg M-B (Bo3)
|rated|
|rule|Species Clause: Limit one of each Pokémon
|rule|Item Clause: Limit 1 of each item
|clearpoke
|poke|p1|Incineroar, L50, F|
|poke|p1|Rotom-Wash, L50|
|poke|p1|Venusaur, L50, M|
|poke|p1|Corviknight, L50, F|
|poke|p1|Sylveon, L50, F|
|poke|p1|Garchomp, L50, M|
|poke|p2|Garchomp, L50, M|
|poke|p2|Tyranitar, L50, F|
|poke|p2|Ceruledge, L50, F|
|poke|p2|Milotic, L50, M|
|poke|p2|Sinistcha-Masterpiece, L50|
|poke|p2|Corviknight, L50, M|
|teampreview|4
|showteam|p1|Incineroar||ExpertBelt|Intimidate|FakeOut,TemperFlare,ThroatChop,PartingShot|Adamant||F|||50|]Rotom-Wash||RindoBerry|Levitate|HydroPump,Electroweb,WillOWisp,VoltSwitch|Modest|||||50|]Venusaur||Venusaurite|Chlorophyll|GigaDrain,SludgeBomb,EarthPower,Protect|Modest||M|||50|]Corviknight||OccaBerry|MirrorArmor|Tailwind,DualWingbeat,IronHead,BodyPress|Adamant||F|||50|]Sylveon||FairyFeather|Pixilate|HyperVoice,QuickAttack,Yawn,Detect|Modest||F|||50|]Garchomp||LifeOrb|RoughSkin|RockSlide,DragonClaw,StompingTantrum,Protect|Jolly||M|||50|
|showteam|p2|Garchomp||Garchompite|SandVeil|Protect,DracoMeteor,EarthPower,PowerGem|Modest||M|||50|]Tyranitar||ChoiceScarf|SandStream|RockSlide,KnockOff,LowKick,IcePunch|Adamant||F|||50|]Ceruledge||ColburBerry|FlashFire|BulkUp,Protect,BitterBlade,ShadowSneak|Adamant||F|||50|]Milotic||Leftovers|Competitive|Coil,Hypnosis,MuddyWater,IcyWind|Sassy||M|||50|]Sinistcha-Masterpiece||SitrusBerry|Hospitality|LifeDew,RagePowder,TrickRoom,MatchaGotcha|Bold|||||50|]Corviknight||LifeOrb|MirrorArmor|IronHead,BraveBird,Tailwind,Protect|Adamant||M|||50|
|
|t:|1785157043
|teamsize|p1|4
|teamsize|p2|4
|start
|switch|p1a: HydroVolt|Rotom-Wash, L50|100/100
|switch|p1b: Yggdrasil|Venusaur, L50, M|100/100
|switch|p2a: Ceruledge|Ceruledge, L50, F|100/100
|switch|p2b: Milotic|Milotic, L50, M|100/100
|turn|1
|
|t:|1785157063
|detailschange|p1b: Yggdrasil|Venusaur-Mega, L50, M
|-mega|p1b: Yggdrasil|Venusaur|Venusaurite
|move|p2a: Ceruledge|Protect|p2a: Ceruledge
|-singleturn|p2a: Ceruledge|Protect
|move|p1b: Yggdrasil|Earth Power|p2a: Ceruledge
|-activate|p2a: Ceruledge|move: Protect
|move|p1a: HydroVolt|Hydro Pump|p2a: Ceruledge
|-activate|p2a: Ceruledge|move: Protect
|move|p2b: Milotic|Icy Wind|p1b: Yggdrasil|[spread] p1a,p1b
|-resisted|p1a: HydroVolt|1
|-supereffective|p1b: Yggdrasil|1
|-damage|p1a: HydroVolt|95/100
|-damage|p1b: Yggdrasil|91/100
|-unboost|p1a: HydroVolt|spe|1
|-unboost|p1b: Yggdrasil|spe|1
|
|upkeep
|turn|2
|
|t:|1785157087
|switch|p2a: Corviknight|Corviknight, L50, M|100/100
|move|p2b: Milotic|Coil|p2b: Milotic
|-boost|p2b: Milotic|atk|1
|-boost|p2b: Milotic|def|1
|-boost|p2b: Milotic|accuracy|1
|move|p1b: Yggdrasil|Giga Drain|p2b: Milotic
|-supereffective|p2b: Milotic|1
|-damage|p2b: Milotic|57/100
|-heal|p1b: Yggdrasil|100/100|[from] drain|[of] p2b: Milotic
|move|p1a: HydroVolt|Hydro Pump|p2a: Corviknight
|-damage|p2a: Corviknight|48/100
|
|-heal|p2b: Milotic|63/100|[from] item: Leftovers
|upkeep
|turn|3
|
|t:|1785157113
|move|p2a: Corviknight|Brave Bird|p1b: Yggdrasil
|-supereffective|p1b: Yggdrasil|1
|-damage|p1b: Yggdrasil|0 fnt
|faint|p1b: Yggdrasil
|-damage|p2a: Corviknight|13/100|[from] Recoil
|-damage|p2a: Corviknight|3/100|[from] item: Life Orb
|move|p2b: Milotic|Hypnosis|p1a: HydroVolt|[miss]
|-miss|p2b: Milotic|p1a: HydroVolt
|move|p1a: HydroVolt|Volt Switch|p2b: Milotic
|-supereffective|p2b: Milotic|1
|-damage|p2b: Milotic|27/100
|
|t:|1785157126
|switch|p1a: Berserk|Garchomp, L50, M|100/100|[from] Volt Switch
|
|-heal|p2b: Milotic|33/100|[from] item: Leftovers
|upkeep
|
|t:|1785157132
|switch|p1b: HydroVolt|Rotom-Wash, L50|95/100
|turn|4
|
|t:|1785157139
|switch|p2a: Sinistcha|Sinistcha-Masterpiece, L50|100/100
|-heal|p2b: Milotic|58/100|[from] ability: Hospitality|[of] p2a: Sinistcha
|move|p1a: Berserk|Rock Slide|p2a: Sinistcha|[spread] p2a,p2b
|-damage|p2a: Sinistcha|82/100
|-damage|p2b: Milotic|43/100
|-damage|p1a: Berserk|90/100|[from] item: Life Orb
|move|p1b: HydroVolt|Volt Switch|p2b: Milotic
|-supereffective|p2b: Milotic|1
|-damage|p2b: Milotic|4/100
|
|t:|1785157152
|switch|p1b: Wolverine|Incineroar, L50, F|100/100|[from] Volt Switch
|-ability|p1b: Wolverine|Intimidate|boost
|-unboost|p2a: Sinistcha|atk|1
|-unboost|p2b: Milotic|atk|1
|-ability|p2b: Milotic|Competitive|boost
|-boost|p2b: Milotic|spa|2
|move|p2b: Milotic|Icy Wind|p1a: Berserk|[spread] p1a,p1b
|-supereffective|p1a: Berserk|2
|-resisted|p1b: Wolverine|1
|-damage|p1a: Berserk|12/100
|-damage|p1b: Wolverine|92/100
|-unboost|p1a: Berserk|spe|1
|-unboost|p1b: Wolverine|spe|1
|
|-heal|p2b: Milotic|10/100|[from] item: Leftovers
|upkeep
|turn|5
|
|t:|1785157200
|move|p1a: Berserk|Rock Slide|p2b: Milotic|[spread] p2a,p2b
|-damage|p2a: Sinistcha|63/100
|-damage|p2b: Milotic|0 fnt
|faint|p2b: Milotic
|-damage|p1a: Berserk|2/100|[from] item: Life Orb
|move|p2a: Sinistcha|Life Dew|p2a: Sinistcha
|-heal|p2a: Sinistcha|88/100
|move|p1b: Wolverine|Throat Chop|p2a: Sinistcha
|-supereffective|p2a: Sinistcha|1
|-crit|p2a: Sinistcha
|-damage|p2a: Sinistcha|0 fnt
|faint|p2a: Sinistcha
|
|upkeep
|
|t:|1785157213
|switch|p2b: Corviknight|Corviknight, L50, M|3/100
|switch|p2a: Ceruledge|Ceruledge, L50, F|100/100
|turn|6
|
|t:|1785157229
|switch|p1a: HydroVolt|Rotom-Wash, L50|95/100
|move|p2a: Ceruledge|Protect|p2a: Ceruledge
|-singleturn|p2a: Ceruledge|Protect
|move|p2b: Corviknight|Tailwind|p2b: Corviknight
|-sidestart|p2: gdog6969|move: Tailwind
|move|p1b: Wolverine|Throat Chop|p2a: Ceruledge
|-activate|p2a: Ceruledge|move: Protect
|
|upkeep
|turn|7
|
|t:|1785157257
|move|p2b: Corviknight|Brave Bird|p1b: Wolverine
|-damage|p1b: Wolverine|32/100
|-damage|p2b: Corviknight|0 fnt|[from] Recoil
|faint|p2b: Corviknight
|move|p2a: Ceruledge|Bulk Up|p2a: Ceruledge
|-boost|p2a: Ceruledge|atk|1
|-boost|p2a: Ceruledge|def|1
|move|p1a: HydroVolt|Volt Switch|p2a: Ceruledge
|-damage|p2a: Ceruledge|68/100
|
|t:|1785157267
|switch|p1a: Berserk|Garchomp, L50, M|2/100|[from] Volt Switch
|move|p1b: Wolverine|Throat Chop|p2a: Ceruledge
|-supereffective|p2a: Ceruledge|1
|-enditem|p2a: Ceruledge|Colbur Berry|[eat]
|-enditem|p2a: Ceruledge|Colbur Berry|[weaken]
|-damage|p2a: Ceruledge|39/100
|-start|p2a: Ceruledge|Throat Chop|[silent]
|
|upkeep
|turn|8
|
|t:|1785157281
|move|p2a: Ceruledge|Shadow Sneak|p1a: Berserk
|-damage|p1a: Berserk|0 fnt
|-damage|p2a: Ceruledge|27/100|[from] ability: Rough Skin|[of] p1a: Berserk
|faint|p1a: Berserk
|move|p1b: Wolverine|Parting Shot|p2a: Ceruledge
|-unboost|p2a: Ceruledge|atk|1
|-unboost|p2a: Ceruledge|spa|1
|
|t:|1785157288
|switch|p1b: HydroVolt|Rotom-Wash, L50|95/100|[from] Parting Shot
|
|-end|p2a: Ceruledge|Throat Chop|[silent]
|upkeep
|-message|gdog6969 forfeited.
|
|win|x-demon18
|l|☆gdog6969
|player|p2|
