|j|☆impno
|j|☆washingtongargacha
|html|impnowashingtongargacha    
|uhtml|bestof|Game 3 of a best-of-3
|t:|1757720685
|gametype|doubles
|player|p1|impno|ethan|1009
|player|p2|washingtongargacha|101|1158
|gen|9
|tier|[Gen 9] VGC 2025 Reg H (Bo3)
|rated|
|rule|Species Clause: Limit one of each Pokémon
|rule|Item Clause: Limit 1 of each item
|clearpoke
|poke|p1|Electabuzz, L50, F|
|poke|p1|Primarina, L50, M|
|poke|p1|Volcarona, L50, M|
|poke|p1|Baxcalibur, L50, M|
|poke|p1|Hydreigon, L50, F|
|poke|p1|Sneasler, L50, F|
|poke|p2|Talonflame, L50, M|
|poke|p2|Gholdengo, L50|
|poke|p2|Dragonite, L50, F|
|poke|p2|Archaludon, L50, M|
|poke|p2|Tyranitar, L50, M|
|poke|p2|Garchomp, L50, M|
|teampreview|4
|showteam|p1|Electabuzz||Eviolite|VitalSpirit|FollowMe,Thunderbolt,ThunderWave,Electroweb|||F|||50|,,,,,Flying]Primarina||ThroatSpray|LiquidVoice|HyperVoice,DazzlingGleam,IcyWind,Protect|||M|||50|,,,,,Steel]Volcarona||RockyHelmet|FlameBody|FieryDance,QuiverDance,StruggleBug,Tailwind|||M|||50|,,,,,Water]Baxcalibur||LoadedDice|ThermalExchange|ScaleShot,IceShard,IcicleSpear,Protect|||M|||50|,,,,,Poison]Hydreigon||LifeOrb|Levitate|Snarl,DragonPulse,FocusBlast,Tailwind|||F|||50|,,,,,Steel]Sneasler||FocusSash|Unburden|FakeOut,DireClaw,Coaching,CloseCombat|||F|||50|,,,,,Fighting
|showteam|p2|Talonflame||CovertCloak|GaleWings|Tailwind,DualWingbeat,Taunt,FlareBlitz|||M|||50|,,,,,Stellar]Gholdengo||LifeOrb|GoodasGold|MakeItRain,NastyPlot,ShadowBall,Protect||||||50|,,,,,Steel]Dragonite||LoadedDice|Multiscale|ScaleShot,IceSpinner,Haze,Protect|||F|||50|,,,,,Steel]Archaludon||PowerHerb|Sturdy|FlashCannon,ElectroShot,DracoMeteor,Protect|||M|||50|,,,,,Flying]Tyranitar||AssaultVest|SandStream|KnockOff,RockSlide,TeraBlast,LowKick|||M|||50|,,,,,Flying]Garchomp||ClearAmulet|RoughSkin|DragonClaw,StompingTantrum,Earthquake,Protect|||M|||50|,,,,,Steel
|
|t:|1757720729
|teamsize|p1|4
|teamsize|p2|4
|start
|switch|p1a: Sneasler|Sneasler, L50, F, shiny|100/100
|switch|p1b: Baxcalibur|Baxcalibur, L50, M, shiny|100/100
|switch|p2a: Talonflame|Talonflame, L50, M|100/100
|switch|p2b: Garchomp|Garchomp, L50, M|100/100
|turn|1
|
|t:|1757720747
|move|p1a: Sneasler|Fake Out|p2b: Garchomp
|-damage|p2b: Garchomp|87/100
|-damage|p1a: Sneasler|88/100|[from] ability: Rough Skin|[of] p2b: Garchomp
|move|p2a: Talonflame|Flare Blitz|p1b: Baxcalibur
|-damage|p1b: Baxcalibur|52/100
|-ability|p1b: Baxcalibur|Thermal Exchange|boost
|-boost|p1b: Baxcalibur|atk|1
|-damage|p2a: Talonflame|81/100|[from] Recoil
|cant|p2b: Garchomp|flinch
|move|p1b: Baxcalibur|Scale Shot|p2a: Talonflame
|-damage|p2a: Talonflame|50/100
|-damage|p2a: Talonflame|17/100
|-damage|p2a: Talonflame|0 fnt
|faint|p2a: Talonflame
|-hitcount|p2: Talonflame|3
|-unboost|p1b: Baxcalibur|def|1
|-boost|p1b: Baxcalibur|spe|1
|
|upkeep
|
|t:|1757720765
|switch|p2a: Gholdengo|Gholdengo, L50|100/100
|turn|2
|
|t:|1757720790
|move|p1b: Baxcalibur|Protect|p1b: Baxcalibur
|-singleturn|p1b: Baxcalibur|Protect
|move|p2b: Garchomp|Protect|p2b: Garchomp
|-singleturn|p2b: Garchomp|Protect
|move|p1a: Sneasler|Coaching|p1b: Baxcalibur
|-boost|p1b: Baxcalibur|atk|1
|-boost|p1b: Baxcalibur|def|1
|move|p2a: Gholdengo|Make It Rain|p1a: Sneasler|[spread] p1a
|-activate|p1b: Baxcalibur|move: Protect
|-damage|p1a: Sneasler|0 fnt
|-unboost|p2a: Gholdengo|spa|1
|faint|p1a: Sneasler
|-damage|p2a: Gholdengo|91/100|[from] item: Life Orb
|
|upkeep
|
|t:|1757720808
|switch|p1a: Hydreigon|Hydreigon, L50, F, shiny|100/100
|turn|3
|
|t:|1757720830
|-terastallize|p2b: Garchomp|Steel
|-terastallize|p1a: Hydreigon|Steel
|move|p1b: Baxcalibur|Icicle Spear|p2b: Garchomp
|-resisted|p2b: Garchomp
|-crit|p2b: Garchomp
|-damage|p2b: Garchomp|64/100
|-resisted|p2b: Garchomp
|-damage|p2b: Garchomp|51/100
|-resisted|p2b: Garchomp
|-damage|p2b: Garchomp|37/100
|-resisted|p2b: Garchomp
|-damage|p2b: Garchomp|21/100
|-resisted|p2b: Garchomp
|-crit|p2b: Garchomp
|-damage|p2b: Garchomp|0 fnt
|faint|p2b: Garchomp
|-hitcount|p2: Garchomp|5
|move|p1a: Hydreigon|Snarl|p2a: Gholdengo|[miss]
|-miss|p1a: Hydreigon|p2a: Gholdengo
|move|p2a: Gholdengo|Make It Rain|p1b: Baxcalibur|[spread] p1a,p1b
|-resisted|p1a: Hydreigon
|-supereffective|p1b: Baxcalibur
|-damage|p1a: Hydreigon|74/100
|-damage|p1b: Baxcalibur|0 fnt
|-unboost|p2a: Gholdengo|spa|1
|faint|p1b: Baxcalibur
|-damage|p2a: Gholdengo|81/100|[from] item: Life Orb
|
|upkeep
|
|t:|1757720852
|switch|p2b: Archaludon|Archaludon, L50, M|100/100
|switch|p1b: Volcarona|Volcarona, L50, M, shiny|100/100
|turn|4
|
|t:|1757720887
|move|p2a: Gholdengo|Protect|p2a: Gholdengo
|-singleturn|p2a: Gholdengo|Protect
|move|p1a: Hydreigon|Snarl|p2a: Gholdengo|[spread] p2b
|-activate|p2a: Gholdengo|move: Protect
|-damage|p2b: Archaludon|62/100
|-unboost|p2b: Archaludon|spa|1
|-damage|p1a: Hydreigon|65/100|[from] item: Life Orb
|move|p1b: Volcarona|Struggle Bug|p2a: Gholdengo|[spread] p2b
|-activate|p2a: Gholdengo|move: Protect
|-resisted|p2b: Archaludon
|-damage|p2b: Archaludon|47/100
|-unboost|p2b: Archaludon|spa|1
|move|p2b: Archaludon|Electro Shot||[still]
|-prepare|p2b: Archaludon|Electro Shot
|-boost|p2b: Archaludon|spa|1
|-enditem|p2b: Archaludon|Power Herb
|-anim|p2b: Archaludon|Electro Shot|p1a: Hydreigon
|-damage|p1a: Hydreigon|33/100
|
|upkeep
|turn|5
|
|t:|1757720909
|move|p2b: Archaludon|Protect|p2b: Archaludon
|-singleturn|p2b: Archaludon|Protect
|move|p1a: Hydreigon|Snarl|p2b: Archaludon|[spread] p2a
|-activate|p2b: Archaludon|move: Protect
|-supereffective|p2a: Gholdengo
|-damage|p2a: Gholdengo|18/100
|-unboost|p2a: Gholdengo|spa|1
|-damage|p1a: Hydreigon|23/100|[from] item: Life Orb
|move|p1b: Volcarona|Fiery Dance|p2a: Gholdengo
|-supereffective|p2a: Gholdengo
|-damage|p2a: Gholdengo|0 fnt
|faint|p2a: Gholdengo
|
|upkeep
|turn|6
|-message|washingtongargacha forfeited.
|
|win|impno
|raw|impno's rating: 1009 → 1063(+54 for winning)
|raw|washingtongargacha's rating: 1158 → 1123(-35 for losing)
