|j|☆furretusedpunch
|j|☆beewatree
|html|furretusedpunchbeewatree    
|uhtml|bestof|Game 2 of a best-of-3
|t:|1756625210
|gametype|doubles
|player|p1|furretusedpunch|lacey|1163
|player|p2|beewatree|170|1144
|gen|9
|tier|[Gen 9] VGC 2025 Reg H (Bo3)
|rated|
|rule|Species Clause: Limit one of each Pokémon
|rule|Item Clause: Limit 1 of each item
|clearpoke
|poke|p1|Gholdengo, L50|
|poke|p1|Sneasler, L50, M|
|poke|p1|Rillaboom, L50, M|
|poke|p1|Dragonite, L50, F|
|poke|p1|Ninetales-Alola, L50, M|
|poke|p1|Arcanine-Hisui, L50, F|
|poke|p2|Armarouge, L50, F|
|poke|p2|Indeedee-F, L50, F|
|poke|p2|Hariyama, L50, M|
|poke|p2|Amoonguss, L50, M|
|poke|p2|Gholdengo, L50|
|poke|p2|Primarina, L50, M|
|teampreview|4
|showteam|p1|Gholdengo||LifeOrb|GoodasGold|NastyPlot,MakeItRain,ShadowBall,Protect||||||50|,,,,,Water]Sneasler||WhiteHerb|Unburden|CloseCombat,DireClaw,Coaching,Protect|||M|||50|,,,,,Ghost]Rillaboom||AssaultVest|GrassySurge|FakeOut,GrassyGlide,DrumBeating,HighHorsepower|||M|||50|,,,,,Fire]Dragonite||LoadedDice|Multiscale|ScaleShot,StompingTantrum,Tailwind,Protect|||F|||50|,,,,,Ground]Ninetales-Alola||FocusSash|SnowWarning|IcyWind,Encore,FreezeDry,AuroraVeil|||M|||50|,,,,,Ghost]Arcanine-Hisui||SafetyGoggles|Intimidate|RockSlide,FlareBlitz,Snarl,Protect|||F|||50|,,,,,Water
|showteam|p2|Armarouge||CovertCloak|FlashFire|ExpandingForce,ArmorCannon,TrickRoom,WideGuard|||F|||50|,,,,,Grass]Indeedee-F||PsychicSeed|PsychicSurge|DazzlingGleam,FollowMe,HealPulse,TrickRoom|||F|||50|,,,,,Fairy]Hariyama||SafetyGoggles|Guts|DrainPunch,BellyDrum,Detect,KnockOff|||M|||50|,,,,,Electric]Amoonguss||SitrusBerry|Regenerator|RagePowder,Spore,PollenPuff,Protect|||M|||50|,,,,,Fairy]Gholdengo||LifeOrb|GoodasGold|MakeItRain,ShadowBall,NastyPlot,Protect||||||50|,,,,,Steel]Primarina||ThroatSpray|LiquidVoice|Moonblast,HyperVoice,Haze,Protect|||M|||50|,,,,,Steel
|inactive|Battle timer is ON: inactive players will automatically lose when time's up. (requested by furretusedpunch)
|
|t:|1756625257
|teamsize|p1|4
|teamsize|p2|4
|start
|switch|p1a: Ninetales|Ninetales-Alola, L50, M|100/100
|switch|p1b: Arcanine|Arcanine-Hisui, L50, F|100/100
|switch|p2a: Armarouge|Armarouge, L50, F|100/100
|switch|p2b: Primarina|Primarina, L50, M|100/100
|-weather|Snowscape|[from] ability: Snow Warning|[of] p1a: Ninetales
|-ability|p1b: Arcanine|Intimidate|boost
|-unboost|p2a: Armarouge|atk|1
|-unboost|p2b: Primarina|atk|1
|turn|1
|inactive|furretusedpunch has 30 seconds left.
|inactive|beewatree has 30 seconds left.
|inactive|beewatree has 20 seconds left.
|
|t:|1756625295
|-terastallize|p1b: Arcanine|Water
|move|p2a: Armarouge|Wide Guard|p2a: Armarouge
|-singleturn|p2a: Armarouge|Wide Guard
|move|p1a: Ninetales|Aurora Veil|p1a: Ninetales
|-sidestart|p1: furretusedpunch|move: Aurora Veil
|move|p1b: Arcanine|Rock Slide|p2a: Armarouge|[spread] 
|-activate|p2a: Armarouge|move: Wide Guard
|-activate|p2b: Primarina|move: Wide Guard
|move|p2b: Primarina|Hyper Voice|p1a: Ninetales|[spread] p1a,p1b
|-resisted|p1b: Arcanine
|-damage|p1a: Ninetales|72/100
|-damage|p1b: Arcanine|86/100
|-enditem|p2b: Primarina|Throat Spray
|-boost|p2b: Primarina|spa|1|[from] item: Throat Spray
|
|-weather|Snowscape|[upkeep]
|upkeep
|turn|2
|inactive|beewatree has 30 seconds left.
|inactive|beewatree has 20 seconds left.
|inactive|beewatree has 15 seconds left.
|inactive|beewatree has 10 seconds left.
|
|t:|1756625340
|-terastallize|p2a: Armarouge|Grass
|move|p1a: Ninetales|Freeze-Dry|p2b: Primarina
|-supereffective|p2b: Primarina
|-damage|p2b: Primarina|51/100
|move|p1b: Arcanine|Rock Slide|p2b: Primarina|[spread] p2a,p2b
|-damage|p2a: Armarouge|77/100
|-damage|p2b: Primarina|26/100
|move|p2b: Primarina|Hyper Voice|p1b: Arcanine|[spread] p1a,p1b
|-resisted|p1b: Arcanine
|-damage|p1a: Ninetales|29/100
|-damage|p1b: Arcanine|64/100
|move|p2a: Armarouge|Trick Room|p2a: Armarouge
|-fieldstart|move: Trick Room|[of] p2a: Armarouge
|
|-weather|Snowscape|[upkeep]
|upkeep
|turn|3
|inactive|beewatree has 30 seconds left.
|inactive|beewatree has 20 seconds left.
|inactive|beewatree has 15 seconds left.
|
|t:|1756625384
|move|p2a: Armarouge|Wide Guard|p2a: Armarouge
|-singleturn|p2a: Armarouge|Wide Guard
|move|p2b: Primarina|Hyper Voice|p1b: Arcanine|[spread] p1a,p1b
|-resisted|p1b: Arcanine
|-damage|p1a: Ninetales|0 fnt
|-damage|p1b: Arcanine|44/100
|faint|p1a: Ninetales
|move|p1b: Arcanine|Rock Slide|p2b: Primarina|[spread] 
|-activate|p2a: Armarouge|move: Wide Guard
|-activate|p2b: Primarina|move: Wide Guard
|
|-weather|Snowscape|[upkeep]
|upkeep
|inactive|furretusedpunch has 30 seconds left.
|
|t:|1756625414
|switch|p1a: Rillaboom|Rillaboom, L50, M|100/100
|-fieldstart|move: Grassy Terrain|[from] ability: Grassy Surge|[of] p1a: Rillaboom
|turn|4
|inactive|beewatree has 30 seconds left.
|
|t:|1756625449
|switch|p2b: Indeedee|Indeedee-F, L50, F|100/100
|-fieldstart|move: Psychic Terrain|[from] ability: Psychic Surge|[of] p2b: Indeedee
|-enditem|p2b: Indeedee|Psychic Seed
|-boost|p2b: Indeedee|spd|1|[from] item: Psychic Seed
|move|p2a: Armarouge|Expanding Force|p1b: Arcanine|[spread] p1a,p1b
|-damage|p1a: Rillaboom|66/100
|-damage|p1b: Arcanine|0 fnt
|faint|p1b: Arcanine
|move|p1a: Rillaboom|Grassy Glide|p2b: Indeedee
|-damage|p2b: Indeedee|77/100
|
|-weather|Snowscape|[upkeep]
|upkeep
|
|t:|1756625457
|switch|p1b: Gholdengo|Gholdengo, L50|100/100
|turn|5
|inactive|beewatree has 30 seconds left.
|
|t:|1756625483
|move|p2b: Indeedee|Follow Me|p2b: Indeedee
|-singleturn|p2b: Indeedee|move: Follow Me
|move|p2a: Armarouge|Armor Cannon|p1a: Rillaboom
|-supereffective|p1a: Rillaboom
|-damage|p1a: Rillaboom|0 fnt
|-unboost|p2a: Armarouge|def|1
|-unboost|p2a: Armarouge|spd|1
|faint|p1a: Rillaboom
|move|p1b: Gholdengo|Make It Rain|p2a: Armarouge|[spread] p2a,p2b
|-crit|p2a: Armarouge
|-damage|p2a: Armarouge|0 fnt
|-damage|p2b: Indeedee|37/100
|-unboost|p1b: Gholdengo|spa|1
|faint|p2a: Armarouge
|-damage|p1b: Gholdengo|91/100|[from] item: Life Orb
|
|-weather|none
|-sideend|p1: furretusedpunch|move: Aurora Veil
|upkeep
|
|t:|1756625498
|switch|p2a: Gholdengo|Gholdengo, L50|100/100
|turn|6
|
|t:|1756625519
|move|p2b: Indeedee|Follow Me|p2b: Indeedee
|-singleturn|p2b: Indeedee|move: Follow Me
|move|p2a: Gholdengo|Nasty Plot|p2a: Gholdengo
|-boost|p2a: Gholdengo|spa|2
|move|p1b: Gholdengo|Nasty Plot|p1b: Gholdengo
|-boost|p1b: Gholdengo|spa|2
|
|-fieldend|move: Trick Room
|upkeep
|turn|7
|
|t:|1756625539
|move|p2b: Indeedee|Follow Me|p2b: Indeedee
|-singleturn|p2b: Indeedee|move: Follow Me
|move|p1b: Gholdengo|Shadow Ball|p2b: Indeedee
|-immune|p2b: Indeedee
|move|p2a: Gholdengo|Shadow Ball|p1b: Gholdengo
|-supereffective|p1b: Gholdengo
|-damage|p1b: Gholdengo|0 fnt
|faint|p1b: Gholdengo
|-damage|p2a: Gholdengo|91/100|[from] item: Life Orb
|
|win|beewatree
