|j|☆alexanderbr039
|j|☆new mental
|html|alexanderbr039new mental    
|uhtml|bestof|Game 1 of a best-of-3
|t:|1783859651
|gametype|doubles
|player|p1|alexanderbr039|169|1325
|player|p2|new mental|volkner|1293
|gen|9
|tier|[Gen 9 Champions] VGC 2026 Reg M-B (Bo3)
|rated|
|rule|Species Clause: Limit one of each Pokémon
|rule|Item Clause: Limit 1 of each item
|clearpoke
|poke|p1|Froslass, L50, F|
|poke|p1|Scovillain, L50, F|
|poke|p1|Basculegion, L50, M|
|poke|p1|Sneasler, L50, F|
|poke|p1|Kingambit, L50, M|
|poke|p1|Lycanroc-Dusk, L50, F|
|poke|p2|Charizard, L50, F|
|poke|p2|Kingambit, L50, F|
|poke|p2|Sylveon, L50, M|
|poke|p2|Garchomp, L50, M|
|poke|p2|Aerodactyl, L50, M|
|poke|p2|Farigiraf, L50, M|
|teampreview|4
|showteam|p1|Froslass||Froslassite|CursedBody|Blizzard,ShadowBall,AuroraVeil,Protect|Modest||F|||50|]Scovillain||Scovillainite|Moody|Overheat,GigaDrain,RagePowder,Protect|Modest||F|||50|]Basculegion||SitrusBerry|Adaptability|WaveCrash,Protect,LastRespects,AquaJet|Adamant||M|||50|]Sneasler||WhiteHerb|Unburden|CloseCombat,GunkShot,Protect,FakeOut|Adamant||F|||50|]Kingambit||BlackGlasses|Defiant|KowtowCleave,SuckerPunch,Protect,SwordsDance|Adamant||M|||50|]Lycanroc-Dusk||FocusSash|ToughClaws|RockSlide,Protect,Accelerock,CloseCombat|Adamant||F|||50|
|showteam|p2|Charizard||CharizarditeY|SolarPower|Protect,HeatWave,SolarBeam,WeatherBall|Modest||F|||50|]Kingambit||FocusSash|Defiant|IronHead,SuckerPunch,KowtowCleave,LowKick|Adamant||F|||50|]Sylveon||FairyFeather|Pixilate|Detect,HyperVoice,HyperBeam,QuickAttack|Modest||M|||50|]Garchomp||LifeOrb|RoughSkin|Protect,DragonClaw,Earthquake,RockSlide|Jolly||M|||50|]Aerodactyl||Aerodactylite|Unnerve|IceFang,RockSlide,Tailwind,DualWingbeat|Jolly||M|||50|]Farigiraf||SitrusBerry|ArmorTail|TrickRoom,Psychic,Thunderbolt,Roar|Bold||M|||50|
|inactive|Battle timer is ON: inactive players will automatically lose when time's up. (requested by new mental)
|inactive|alexanderbr039 has 60 seconds left.
|
|t:|1783859711
|teamsize|p1|4
|teamsize|p2|4
|start
|switch|p1a: Scovillain|Scovillain, L50, F|100/100
|switch|p1b: Lycanroc|Lycanroc-Dusk, L50, F|100/100
|switch|p2a: Sylveon|Sylveon, L50, M|100/100
|switch|p2b: Farigiraf|Farigiraf, L50, M|100/100
|turn|1
|
|t:|1783859728
|detailschange|p1a: Scovillain|Scovillain-Mega, L50, F
|-mega|p1a: Scovillain|Scovillain|Scovillainite
|move|p1b: Lycanroc|Rock Slide|p2a: Sylveon|[spread] p2a,p2b
|-damage|p2a: Sylveon|66/100
|-damage|p2b: Farigiraf|76/100
|move|p1a: Scovillain|Overheat|p2a: Sylveon
|-damage|p2a: Sylveon|15/100
|-unboost|p1a: Scovillain|spa|2
|move|p2a: Sylveon|Hyper Voice|p1b: Lycanroc|[spread] p1a,p1b
|-resisted|p1a: Scovillain|1
|-damage|p1a: Scovillain|73/100
|-damage|p1b: Lycanroc|14/100
|-status|p2a: Sylveon|brn|[from] ability: Spicy Spray|[of] p1a: Scovillain
|move|p2b: Farigiraf|Trick Room|p2b: Farigiraf
|-fieldstart|move: Trick Room|[of] p2b: Farigiraf
|
|-damage|p2a: Sylveon|9/100 brn|[from] brn
|upkeep
|turn|2
|inactive|alexanderbr039 has 30 seconds left.
|inactive|alexanderbr039 has 20 seconds left.
|
|t:|1783859764
|switch|p1b: Kingambit|Kingambit, L50, M|100/100
|move|p1a: Scovillain|Protect|p1a: Scovillain
|-singleturn|p1a: Scovillain|Protect
|move|p2b: Farigiraf|Psychic|p1a: Scovillain
|-activate|p1a: Scovillain|move: Protect
|move|p2a: Sylveon|Hyper Voice|p1b: Kingambit|[spread] p1b
|-activate|p1a: Scovillain|move: Protect
|-damage|p1b: Kingambit|57/100
|
|-damage|p2a: Sylveon|2/100 brn|[from] brn
|upkeep
|turn|3
|
|t:|1783859779
|move|p1b: Kingambit|Protect|p1b: Kingambit
|-singleturn|p1b: Kingambit|Protect
|move|p2b: Farigiraf|Psychic|p1a: Scovillain
|-damage|p1a: Scovillain|35/100
|-status|p2b: Farigiraf|brn|[from] ability: Spicy Spray|[of] p1a: Scovillain
|move|p2a: Sylveon|Hyper Voice|p1a: Scovillain|[spread] p1a
|-activate|p1b: Kingambit|move: Protect
|-resisted|p1a: Scovillain|1
|-crit|p1a: Scovillain
|-damage|p1a: Scovillain|0 fnt
|faint|p1a: Scovillain
|
|-damage|p2b: Farigiraf|70/100 brn|[from] brn
|-damage|p2a: Sylveon|0 fnt|[from] brn
|faint|p2a: Sylveon
|upkeep
|
|t:|1783859791
|switch|p2a: Kingambit|Kingambit, L50, F|100/100
|switch|p1a: Basculegion|Basculegion, L50, M|100/100
|turn|4
|
|t:|1783859809
|move|p1b: Kingambit|Kowtow Cleave|p2b: Farigiraf
|-supereffective|p2b: Farigiraf|1
|-damage|p2b: Farigiraf|0 fnt
|faint|p2b: Farigiraf
|move|p2a: Kingambit|Low Kick|p1b: Kingambit
|-supereffective|p1b: Kingambit|2
|-damage|p1b: Kingambit|0 fnt
|faint|p1b: Kingambit
|move|p1a: Basculegion|Wave Crash|p2a: Kingambit
|-damage|p2a: Kingambit|32/100
|-damage|p1a: Basculegion|80/100|[from] Recoil
|
|upkeep
|
|t:|1783859816
|switch|p1b: Lycanroc|Lycanroc-Dusk, L50, F|14/100
|switch|p2b: Charizard|Charizard, L50, F|100/100
|turn|5
|
|t:|1783859824
|detailschange|p2b: Charizard|Charizard-Mega-Y, L50, F
|-mega|p2b: Charizard|Charizard|Charizardite Y
|-weather|SunnyDay|[from] ability: Drought|[of] p2b: Charizard
|move|p1a: Basculegion|Protect|p1a: Basculegion
|-singleturn|p1a: Basculegion|Protect
|move|p1b: Lycanroc|Protect|p1b: Lycanroc
|-singleturn|p1b: Lycanroc|Protect
|move|p2a: Kingambit|Sucker Punch||[still]
|-fail|p2a: Kingambit
|move|p2b: Charizard|Solar Beam||[still]
|-prepare|p2b: Charizard|Solar Beam
|-anim|p2b: Charizard|Solar Beam|p1a: Basculegion
|-activate|p1a: Basculegion|move: Protect
|
|-weather|SunnyDay|[upkeep]
|-fieldend|move: Trick Room
|upkeep
|turn|6
|inactive|alexanderbr039 has 30 seconds left.
|inactive|new mental has 30 seconds left.
|inactive|alexanderbr039 has 20 seconds left.
|inactive|new mental has 20 seconds left.
|inactive|new mental has 15 seconds left.
|
|t:|1783859869
|move|p2b: Charizard|Protect|p2b: Charizard
|-singleturn|p2b: Charizard|Protect
|move|p2a: Kingambit|Sucker Punch|p1b: Lycanroc
|-damage|p1b: Lycanroc|0 fnt
|faint|p1b: Lycanroc
|move|p1a: Basculegion|Last Respects|p2b: Charizard
|-activate|p2b: Charizard|move: Protect
|
|-weather|SunnyDay|[upkeep]
|upkeep
|turn|7
|-message|alexanderbr039 forfeited.
|
|win|new mental
||new mental is ready for game 2.
||alexanderbr039 is ready for game 2.
|uhtml|next|Next: Game 2 of 3
|l|☆alexanderbr039
|player|p1|
