|j|☆bighamsterbaseball
|j|☆jahose
|html|bighamsterbaseballjahose    
|uhtml|bestof|Game 2 of a best-of-3
|t:|1783118124
|gametype|doubles
|player|p1|bighamsterbaseball|pokemaniac|1149
|player|p2|jahose|lucas-gen4pt|1057
|gen|9
|tier|[Gen 9 Champions] VGC 2026 Reg M-B (Bo3)
|rated|
|rule|Species Clause: Limit one of each Pokémon
|rule|Item Clause: Limit 1 of each item
|clearpoke
|poke|p1|Pyroar, L50, M|
|poke|p1|Scrafty, L50, F|
|poke|p1|Torkoal, L50, M|
|poke|p1|Farigiraf, L50, F|
|poke|p1|Venusaur, L50, M|
|poke|p1|Mamoswine, L50, F|
|poke|p2|Aerodactyl, L50, F|
|poke|p2|Kingambit, L50, F|
|poke|p2|Charizard, L50, M|
|poke|p2|Sylveon, L50, M|
|poke|p2|Garchomp, L50, F|
|poke|p2|Farigiraf, L50, M|
|teampreview|4
|showteam|p1|Pyroar||Pyroarite|Unnerve|HeatWave,Overheat,Yawn,Protect|Timid||M|||50|]Scrafty||Scraftinite|Intimidate|FakeOut,DrainPunch,KnockOff,IcePunch|Adamant||F|||50|]Torkoal||HeatRock|Drought|Eruption,WeatherBall,HelpingHand,Protect|Quiet||M|||50|]Farigiraf||SitrusBerry|ArmorTail|Psychic,Thunderbolt,TrickRoom,Protect|Quiet||F|||50|]Venusaur||LifeOrb|Chlorophyll|EnergyBall,SludgeBomb,EarthPower,Protect|Modest||M|||50|]Mamoswine||FocusSash|Oblivious|IceShard,HighHorsepower,RockSlide,Protect|Adamant||F|||50|
|showteam|p2|Aerodactyl||Aerodactylite|Unnerve|IceFang,RockSlide,Tailwind,DualWingbeat|Jolly||F|||50|]Kingambit||FocusSash|Defiant|SuckerPunch,IronHead,LowKick,KowtowCleave|Adamant||F|||50|]Charizard||CharizarditeY|Blaze|WeatherBall,HeatWave,SolarBeam,Protect|Modest||M|||50|]Sylveon||FairyFeather|Pixilate|Protect,QuickAttack,HyperVoice,HyperBeam|Modest||M|||50|]Garchomp||LifeOrb|RoughSkin|StompingTantrum,DragonClaw,Earthquake,Protect|Jolly||F|||50|]Farigiraf||SitrusBerry|ArmorTail|Psychic,TrickRoom,GrassKnot,Thunderbolt|Modest||M|||50|
|inactive|Battle timer is ON: inactive players will automatically lose when time's up. (requested by jahose)
|
|t:|1783118155
|teamsize|p1|4
|teamsize|p2|4
|start
|switch|p1a: Pyroar|Pyroar, L50, M|100/100
|switch|p1b: Scrafty|Scrafty, L50, F|100/100
|switch|p2a: Garchomp|Garchomp, L50, F|100/100
|switch|p2b: Charizard|Charizard, L50, M|100/100
|-ability|p1a: Pyroar|Unnerve
|-ability|p1b: Scrafty|Intimidate|boost
|-unboost|p2a: Garchomp|atk|1
|-unboost|p2b: Charizard|atk|1
|turn|1
|
|t:|1783118177
|detailschange|p1a: Pyroar|Pyroar-Mega, L50, M
|-mega|p1a: Pyroar|Pyroar|Pyroarite
|detailschange|p2b: Charizard|Charizard-Mega-Y, L50, M
|-mega|p2b: Charizard|Charizard|Charizardite Y
|-weather|SunnyDay|[from] ability: Drought|[of] p2b: Charizard
|move|p1b: Scrafty|Fake Out|p2a: Garchomp
|-damage|p2a: Garchomp|87/100
|-damage|p1b: Scrafty|87/100|[from] ability: Rough Skin|[of] p2a: Garchomp
|move|p1a: Pyroar|Heat Wave|p2b: Charizard|[spread] p2a,p2b
|-resisted|p2a: Garchomp|1
|-resisted|p2b: Charizard|1
|-damage|p2a: Garchomp|38/100
|-damage|p2b: Charizard|64/100
|-status|p2a: Garchomp|brn
|cant|p2a: Garchomp|flinch
|move|p2b: Charizard|Heat Wave|p1a: Pyroar|[spread] p1b
|-miss|p2b: Charizard|p1a: Pyroar
|-damage|p1b: Scrafty|31/100
|
|-weather|SunnyDay|[upkeep]
|-damage|p2a: Garchomp|32/100 brn|[from] brn
|upkeep
|turn|2
|inactive|bighamsterbaseball has 30 seconds left.
|inactive|jahose has 30 seconds left.
|
|t:|1783118204
|switch|p1b: Torkoal|Torkoal, L50, M|100/100
|move|p1a: Pyroar|Heat Wave|p2b: Charizard|[spread] p2a,p2b
|-resisted|p2a: Garchomp|1
|-crit|p2a: Garchomp
|-resisted|p2b: Charizard|1
|-damage|p2a: Garchomp|0 fnt
|-damage|p2b: Charizard|26/100
|faint|p2a: Garchomp
|move|p2b: Charizard|Heat Wave|p1a: Pyroar|[spread] p1a,p1b
|-resisted|p1a: Pyroar|1
|-resisted|p1b: Torkoal|1
|-damage|p1a: Pyroar|61/100
|-damage|p1b: Torkoal|57/100
|
|-weather|SunnyDay|[upkeep]
|upkeep
|
|t:|1783118212
|switch|p2a: Aerodactyl|Aerodactyl, L50, F|100/100
|-ability|p2a: Aerodactyl|Unnerve
|turn|3
|
|t:|1783118230
|move|p1a: Pyroar|Protect|p1a: Pyroar
|-singleturn|p1a: Pyroar|Protect
|move|p2a: Aerodactyl|Rock Slide|p1b: Torkoal|[spread] p1b
|-activate|p1a: Pyroar|move: Protect
|-supereffective|p1b: Torkoal|1
|-damage|p1b: Torkoal|22/100
|move|p2b: Charizard|Heat Wave|p1b: Torkoal|[spread] p1b
|-activate|p1a: Pyroar|move: Protect
|-resisted|p1b: Torkoal|1
|-crit|p1b: Torkoal
|-damage|p1b: Torkoal|0 fnt
|faint|p1b: Torkoal
|
|-weather|SunnyDay|[upkeep]
|upkeep
|
|t:|1783118234
|switch|p1b: Scrafty|Scrafty, L50, F|31/100
|-ability|p1b: Scrafty|Intimidate|boost
|-unboost|p2a: Aerodactyl|atk|1
|-unboost|p2b: Charizard|atk|1
|turn|4
|inactive|bighamsterbaseball has 30 seconds left.
|
|t:|1783118265
|switch|p2a: Kingambit|Kingambit, L50, F|100/100
|move|p2b: Charizard|Protect|p2b: Charizard
|-singleturn|p2b: Charizard|Protect
|move|p1b: Scrafty|Fake Out|p2a: Kingambit
|-resisted|p2a: Kingambit|1
|-damage|p2a: Kingambit|94/100
|move|p1a: Pyroar|Yawn|p2a: Kingambit
|-start|p2a: Kingambit|move: Yawn|[of] p1a: Pyroar
|
|-weather|SunnyDay|[upkeep]
|upkeep
|turn|5
|inactive|bighamsterbaseball has 30 seconds left.
|
|t:|1783118292
|switch|p2a: Aerodactyl|Aerodactyl, L50, F|100/100
|-ability|p2a: Aerodactyl|Unnerve
|move|p1a: Pyroar|Heat Wave|p2a: Aerodactyl|[spread] p2a,p2b
|-resisted|p2a: Aerodactyl|1
|-resisted|p2b: Charizard|1
|-damage|p2a: Aerodactyl|44/100
|-damage|p2b: Charizard|0 fnt
|faint|p2b: Charizard
|move|p1b: Scrafty|Drain Punch|p2a: Aerodactyl
|-damage|p2a: Aerodactyl|0 fnt
|-heal|p1b: Scrafty|51/100|[from] drain|[of] p2a: Aerodactyl
|faint|p2a: Aerodactyl
|
|-weather|none
|upkeep
|-message|jahose forfeited.
|raw|bighamsterbaseball's rating: 1149 → 1168(+19 for winning)
|raw|jahose's rating: 1057 → 1043(-14 for losing)
|
|win|bighamsterbaseball
|l|☆jahose
|player|p2|
