|j|☆DoctrPlague
|j|☆BacoOverlord
|html|DoctrPlagueBacoOverlord    
|uhtml|bestof|Game 1 of a best-of-3
|t:|1786137716
|gametype|doubles
|player|p1|DoctrPlague|plasmagrunt|
|player|p2|BacoOverlord|169|
|gen|9
|tier|[Gen 9 Champions] VGC 2026 Reg M-B (Bo3)
|rule|Species Clause: Limit one of each Pokémon
|rule|Item Clause: Limit 1 of each item
|clearpoke
|poke|p1|Swampert, L50, M|
|poke|p1|Basculegion-F, L50, F|
|poke|p1|Sinistcha, L50|
|poke|p1|Mr. Rime, L50, F|
|poke|p1|Hawlucha, L50, F|
|poke|p1|Politoed, L50, M|
|poke|p2|Slowking-Galar, L50, M|
|poke|p2|Hydreigon, L50, M|
|poke|p2|Rotom-Heat, L50|
|poke|p2|Gardevoir, L50, M|
|poke|p2|Meowstic, L50, M|
|poke|p2|Aegislash, L50, F|
|teampreview|4
|showteam|p1|Swampert||Leftovers|Torrent|WideGuard,HighHorsepower,KnockOff,Protect|Careful||M|||50|]Basculegion-F||LifeOrb|SwiftSwim|WaveCrash,ShadowBall,Protect,IceBeam|Mild||F|||50|]Sinistcha||ColburBerry|Hospitality|Imprison,TrickRoom,MatchaGotcha,Protect|Relaxed|||||50|]Mr. Rime||FocusSash|ScreenCleaner|FakeOut,SheerCold,RolePlay,Protect|Calm||F|||50|]Hawlucha||Hawluchanite|Limber|Lunge,RockSlide,Protect,Entrainment|Jolly||F|||50|]Politoed||SitrusBerry|Drizzle|WeatherBall,Whirlpool,Protect,IcyWind|Calm||M|||50|
|showteam|p2|Slowking-Galar||MentalHerb|Regenerator|ChillyReception,TrickRoom,EerieSpell,Yawn|Bold||M|||50|]Hydreigon||FocusSash|Levitate|DarkPulse,Tailwind,Uturn,Protect|Modest||M|||50|]Rotom-Heat||ChoiceScarf|Levitate|Trick,VoltSwitch,Thunder,WillOWisp|Modest|||||50|]Gardevoir||Gardevoirite|Trace|CalmMind,Protect,PsychicNoise,EnergyBall|Calm||M|||50|]Meowstic||LightClay|Prankster|Reflect,LightScreen,FakeOut,Psyshock|Calm||M|||50|]Aegislash||LifeOrb|StanceChange|KingsShield,SacredSword,Poltergeist,ShadowSneak|Adamant||F|||50|
|inactive|Battle timer is ON: inactive players will automatically lose when time's up. (requested by BacoOverlord)
|c|☆DoctrPlague|oi
|c|☆DoctrPlague|turn that off
|inactiveoff|Battle timer is now OFF.
|j| we_are_toasted
|
|t:|1786137790
|teamsize|p1|4
|teamsize|p2|4
|start
|switch|p1a: Boop|Basculegion-F, L50, F|100/100
|switch|p1b: Bip|Sinistcha, L50|100/100
|switch|p2a: Kiki|Gardevoir, L50, M|100/100
|switch|p2b: Prof N|Meowstic, L50, M|100/100
|-ability|p2a: Kiki|Swift Swim|Trace|[from] ability: Trace|[of] p1a: Boop
|turn|1
|
|t:|1786137846
|switch|p2a: ChickenBake|Rotom-Heat, L50|100/100
|move|p2b: Prof N|Reflect|p2b: Prof N
|-sidestart|p2: BacoOverlord|Reflect
|move|p1a: Boop|Shadow Ball|p2b: Prof N
|-supereffective|p2b: Prof N|1
|-damage|p2b: Prof N|13/100
|-unboost|p2b: Prof N|spd|1
|-damage|p1a: Boop|90/100|[from] item: Life Orb
|move|p1b: Bip|Imprison|p1b: Bip
|-start|p1b: Bip|move: Imprison
|
|upkeep
|turn|2
|
|t:|1786137885
|move|p1a: Boop|Protect|p1a: Boop
|-singleturn|p1a: Boop|Protect
|move|p2b: Prof N|Light Screen|p2b: Prof N
|-sidestart|p2: BacoOverlord|move: Light Screen
|move|p2a: ChickenBake|Volt Switch|p1a: Boop
|-activate|p1a: Boop|move: Protect
|move|p1b: Bip|Matcha Gotcha|p2b: Prof N|[spread] p2a,p2b
|-resisted|p2a: ChickenBake|1
|-crit|p2a: ChickenBake
|-damage|p2a: ChickenBake|80/100
|-damage|p2b: Prof N|0 fnt
|faint|p2b: Prof N
|
|upkeep
|
|t:|1786137906
|switch|p2b: Hydrussy|Hydreigon, L50, M|100/100
|turn|3
|
|t:|1786137948
|switch|p1a: Bap|Mr. Rime, L50, F|100/100
|-activate|p1a: Bap|ability: Screen Cleaner
|-sideend|p2: BacoOverlord|Reflect
|-sideend|p2: BacoOverlord|move: Light Screen
|move|p2a: ChickenBake|Volt Switch|p1b: Bip
|-resisted|p1b: Bip|1
|-damage|p1b: Bip|83/100
|
|t:|1786137958
|switch|p2a: Kiki|Gardevoir, L50, M|100/100|[from] Volt Switch
|-ability|p2a: Kiki|Hospitality|Trace|[from] ability: Trace|[of] p1b: Bip
|move|p2b: Hydrussy|Tailwind|p2b: Hydrussy
|-sidestart|p2: BacoOverlord|move: Tailwind
|move|p1b: Bip|Matcha Gotcha|p2a: Kiki|[spread] p2a
|-miss|p1b: Bip|p2b: Hydrussy
|-damage|p2a: Kiki|79/100
|-heal|p1b: Bip|93/100|[from] drain|[of] p2a: Kiki
|
|upkeep
|turn|4
|
|t:|1786137984
|detailschange|p2a: Kiki|Gardevoir-Mega, L50, M
|-mega|p2a: Kiki|Gardevoir|Gardevoirite
|move|p1a: Bap|Fake Out|p2a: Kiki
|-damage|p2a: Kiki|68/100
|cant|p2a: Kiki|flinch
|move|p2b: Hydrussy|Dark Pulse|p1b: Bip
|-supereffective|p1b: Bip|1
|-enditem|p1b: Bip|Colbur Berry|[eat]
|-enditem|p1b: Bip|Colbur Berry|[weaken]
|-damage|p1b: Bip|42/100
|move|p1b: Bip|Trick Room|p1b: Bip
|-fieldstart|move: Trick Room|[of] p1b: Bip
|
|upkeep
|turn|5
|l| we_are_toasted
|
|t:|1786138030
|switch|p1b: Bep|Hawlucha, L50, F|100/100
|move|p1a: Bap|Protect|p1a: Bap
|-singleturn|p1a: Bap|Protect
|move|p2b: Hydrussy|Dark Pulse|p1a: Bap
|-activate|p1a: Bap|move: Protect
|move|p2a: Kiki|Calm Mind|p2a: Kiki
|-boost|p2a: Kiki|spa|1
|-boost|p2a: Kiki|spd|1
|
|upkeep
|turn|6
|
|t:|1786138079
|detailschange|p1b: Bep|Hawlucha-Mega, L50, F
|-mega|p1b: Bep|Hawlucha|Hawluchanite
|move|p1a: Bap|Role Play|p1b: Bep
|-ability|p1a: Bap|No Guard|Screen Cleaner|[from] move: Role Play|[of] p1b: Bep
|move|p1b: Bep|Lunge|p2a: Kiki
|-damage|p2a: Kiki|25/100
|-unboost|p2a: Kiki|atk|1
|move|p2b: Hydrussy|Dark Pulse|p1a: Bap
|-supereffective|p1a: Bap|1
|-damage|p1a: Bap|21/100
|move|p2a: Kiki|Psychic Noise|p1b: Bep
|-supereffective|p1b: Bep|1
|-damage|p1b: Bep|0 fnt
|faint|p1b: Bep
|
|-sideend|p2: BacoOverlord|move: Tailwind
|upkeep
|
|t:|1786138095
|switch|p1b: Boop|Basculegion-F, L50, F|90/100
|turn|7
|
|t:|1786138129
|move|p2b: Hydrussy|Protect|p2b: Hydrussy
|-singleturn|p2b: Hydrussy|Protect
|move|p1a: Bap|Sheer Cold|p2b: Hydrussy
|-activate|p2b: Hydrussy|move: Protect
|move|p2a: Kiki|Energy Ball|p1b: Boop
|-supereffective|p1b: Boop|1
|-damage|p1b: Boop|0 fnt
|faint|p1b: Boop
|
|upkeep
|
|t:|1786138138
|switch|p1b: Bip|Sinistcha, L50|42/100
|-heal|p1a: Bap|46/100|[from] ability: Hospitality|[of] p1b: Bip
|turn|8
|
|t:|1786138158
|switch|p2b: ChickenBake|Rotom-Heat, L50|80/100
|move|p2a: Kiki|Protect|p2a: Kiki
|-singleturn|p2a: Kiki|Protect
|move|p1b: Bip|Matcha Gotcha|p2a: Kiki|[spread] p2b
|-activate|p2a: Kiki|move: Protect
|-resisted|p2b: ChickenBake|1
|-damage|p2b: ChickenBake|69/100
|-heal|p1b: Bip|47/100|[from] drain|[of] p2b: ChickenBake
|move|p1a: Bap|Sheer Cold|p2b: ChickenBake
|-damage|p2b: ChickenBake|0 fnt
|faint|p2b: ChickenBake
|-ohko
|
|-fieldend|move: Trick Room
|upkeep
|
|t:|1786138173
|switch|p2b: Hydrussy|Hydreigon, L50, M|100/100
|turn|9
|
|t:|1786138212
|move|p1a: Bap|Protect|p1a: Bap
|-singleturn|p1a: Bap|Protect
|move|p2a: Kiki|Psychic Noise|p1b: Bip
|-damage|p1b: Bip|0 fnt
|faint|p1b: Bip
|move|p2b: Hydrussy|Dark Pulse|p1a: Bap
|-activate|p1a: Bap|move: Protect
|
|upkeep
|turn|10
|
|t:|1786138228
|move|p2a: Kiki|Psychic Noise|p1a: Bap
|-resisted|p1a: Bap|1
|-damage|p1a: Bap|17/100
|-start|p1a: Bap|move: Heal Block
|move|p2b: Hydrussy|Dark Pulse|p1a: Bap
|-supereffective|p1a: Bap|1
|-damage|p1a: Bap|0 fnt
|faint|p1a: Bap
|
|win|BacoOverlord
|inactive|DoctrPlague has 30 seconds to confirm battle start!
|inactive|BacoOverlord has 30 seconds to confirm battle start!
||BacoOverlord is ready for game 2.
||DoctrPlague is ready for game 2.
|uhtml|next|Next: Game 2 of 3
