|j|☆Radlars
|j|☆Dreamjumper
|html|RadlarsDreamjumper    
|uhtml|bestof|Game 1 of a best-of-3
|t:|1782371726
|gametype|doubles
|player|p1|Radlars|266|1010
|player|p2|Dreamjumper|2|1048
|gen|9
|tier|[Gen 9 Champions] VGC 2026 Reg M-B (Bo3)
|rated|
|rule|Species Clause: Limit one of each Pokémon
|rule|Item Clause: Limit 1 of each item
|clearpoke
|poke|p1|Metagross, L50|
|poke|p1|Pelipper, L50, M|
|poke|p1|Swampert, L50, F|
|poke|p1|Grimmsnarl, L50, M|
|poke|p1|Milotic, L50, M|
|poke|p1|Hydreigon, L50, M|
|poke|p2|Staraptor, L50, M|
|poke|p2|Annihilape, L50, M|
|poke|p2|Ninetales-Alola, L50, M|
|poke|p2|Sinistcha, L50, shiny|
|poke|p2|Gholdengo, L50|
|poke|p2|Grimmsnarl, L50, M|
|teampreview|4
|showteam|p1|Metagross||Metagrossite|ClearBody|PsychicFangs,IronHead,Protect,RockSlide|Adamant|||||50|]Pelipper||SitrusBerry|Drizzle|WeatherBall,Hurricane,Protect,Tailwind|Modest||M|||50|]Swampert||Swampertite|Damp|IcePunch,WaveCrash,HighHorsepower,Protect|Adamant||F|||50|]Grimmsnarl||LightClay|Prankster|LightScreen,PartingShot,SpiritBreak,FakeOut|Adamant||M|||50|]Milotic||Leftovers|Competitive|LifeDew,Scald,IceBeam,Protect|Modest||M|||50|]Hydreigon||LifeOrb|Levitate|DarkPulse,DracoMeteor,Flamethrower,Protect|Modest||M|||50|
|showteam|p2|Staraptor||Staraptite|Intimidate|BraveBird,CloseCombat,Roost,BlazeKick|Adamant||M|||50|]Annihilape||ChoiceScarf|Defiant|RageFist,Earthquake,FirePunch,Protect|Jolly||M|||50|]Ninetales-Alola||FocusSash|SnowWarning|AuroraVeil,Blizzard,DoubleEdge,Protect|Hasty||M|||50|]Sinistcha||KasibBerry|Hospitality|MatchaGotcha,RagePowder,ShadowBall,StunSpore|Quiet|||||50|]Gholdengo||BrightPowder|GoodasGold|MakeItRain,Recover,ThunderPunch,LightScreen|Relaxed|||||50|]Grimmsnarl|||Prankster|Reflect,FakeOut,PartingShot,PlayRough|Adamant||M|||50|
|inactive|Battle timer is ON: inactive players will automatically lose when time's up. (requested by Dreamjumper)
|
|t:|1782371786
|teamsize|p1|4
|teamsize|p2|4
|start
|switch|p1a: Milotic|Milotic, L50, M|100/100
|switch|p1b: Grimmsnarl|Grimmsnarl, L50, M|100/100
|switch|p2a: Coy|Staraptor, L50, M|100/100
|switch|p2b: Kingaling|Grimmsnarl, L50, M|100/100
|-ability|p2a: Coy|Intimidate|boost
|-unboost|p1a: Milotic|atk|1
|-ability|p1a: Milotic|Competitive|boost
|-boost|p1a: Milotic|spa|2
|-unboost|p1b: Grimmsnarl|atk|1
|turn|1
|inactive|Radlars has 30 seconds left.
|inactive|Radlars has 20 seconds left.
|inactive|Radlars has 15 seconds left.
|
|t:|1782371827
|switch|p1b: Pelipper|Pelipper, L50, M|100/100
|-weather|RainDance|[from] ability: Drizzle|[of] p1b: Pelipper
|detailschange|p2a: Coy|Staraptor-Mega, L50, M
|-mega|p2a: Coy|Staraptor|Staraptite
|move|p2b: Kingaling|Reflect|p2b: Kingaling
|-sidestart|p2: Dreamjumper|Reflect
|move|p2a: Coy|Close Combat|p1a: Milotic
|-damage|p1a: Milotic|29/100
|-boost|p2a: Coy|def|1
|-boost|p2a: Coy|spd|1
|move|p1a: Milotic|Ice Beam|p2a: Coy
|-supereffective|p2a: Coy|1
|-damage|p2a: Coy|34/100
|
|-weather|RainDance|[upkeep]
|-heal|p1a: Milotic|35/100|[from] item: Leftovers
|upkeep
|turn|2
|inactive|Radlars has 30 seconds left.
|inactive|Dreamjumper has 30 seconds left.
|inactive|Radlars has 20 seconds left.
|inactive|Radlars has 15 seconds left.
|inactive|Radlars has 10 seconds left.
|
|t:|1782371873
|move|p2b: Kingaling|Parting Shot|p1b: Pelipper
|-unboost|p1b: Pelipper|atk|1
|-unboost|p1b: Pelipper|spa|1
|
|t:|1782371877
|switch|p2b: Jaydos|Ninetales-Alola, L50, M|100/100|[from] Parting Shot
|-weather|Snowscape|[from] ability: Snow Warning|[of] p2b: Jaydos
|move|p2a: Coy|Roost|p2a: Coy
|-heal|p2a: Coy|84/100
|-singleturn|p2a: Coy|move: Roost
|move|p1b: Pelipper|Hurricane|p2a: Coy
|-supereffective|p2a: Coy|1
|-damage|p2a: Coy|43/100
|-start|p2a: Coy|confusion
|move|p1a: Milotic|Life Dew||[still]|[spread] p1a,p1b
|-heal|p1a: Milotic|60/100
|-fail|p1b: Pelipper|heal
|
|-weather|Snowscape|[upkeep]
|-heal|p1a: Milotic|66/100|[from] item: Leftovers
|upkeep
|turn|3
|inactive|Radlars has 30 seconds left.
|inactive|Dreamjumper has 30 seconds left.
|inactive|Radlars has 20 seconds left.
|inactive|Radlars has 15 seconds left.
|
|t:|1782371919
|move|p2b: Jaydos|Blizzard|p1a: Milotic|[spread] p1a,p1b
|-resisted|p1a: Milotic|1
|-damage|p1a: Milotic|57/100
|-damage|p1b: Pelipper|67/100
|-activate|p2a: Coy|confusion
|move|p2a: Coy|Close Combat|p1a: Milotic
|-damage|p1a: Milotic|0 fnt
|-boost|p2a: Coy|def|1
|-boost|p2a: Coy|spd|1
|faint|p1a: Milotic
|move|p1b: Pelipper|Weather Ball|p2a: Coy
|-supereffective|p2a: Coy|1
|-damage|p2a: Coy|22/100
|
|-weather|Snowscape|[upkeep]
|upkeep
|
|t:|1782371933
|switch|p1a: Grimmsnarl|Grimmsnarl, L50, M|100/100
|turn|4
|
|t:|1782371952
|switch|p2a: Anti-Bird|Gholdengo, L50|100/100
|switch|p1b: Swampert|Swampert, L50, F|100/100
|move|p1a: Grimmsnarl|Parting Shot|p2b: Jaydos
|-unboost|p2b: Jaydos|atk|1
|-unboost|p2b: Jaydos|spa|1
|
|t:|1782371960
|switch|p1a: Pelipper|Pelipper, L50, M|67/100|[from] Parting Shot
|-weather|RainDance|[from] ability: Drizzle|[of] p1a: Pelipper
|move|p2b: Jaydos|Aurora Veil||[still]
|-fail|p2b: Jaydos
|
|-weather|RainDance|[upkeep]
|upkeep
|turn|5
|inactive|Radlars has 30 seconds left.
|inactive|Dreamjumper has 30 seconds left.
|inactive|Radlars has 20 seconds left.
|
|t:|1782371998
|switch|p1a: Grimmsnarl|Grimmsnarl, L50, M|100/100
|detailschange|p1b: Swampert|Swampert-Mega, L50, F
|-mega|p1b: Swampert|Swampert|Swampertite
|move|p1b: Swampert|High Horsepower|p2a: Anti-Bird
|-supereffective|p2a: Anti-Bird|1
|-damage|p2a: Anti-Bird|43/100
|move|p2b: Jaydos|Double-Edge|p1b: Swampert
|-damage|p1b: Swampert|89/100
|-damage|p2b: Jaydos|96/100|[from] Recoil
|move|p2a: Anti-Bird|Thunder Punch|p1a: Grimmsnarl
|-damage|p1a: Grimmsnarl|86/100
|
|-weather|RainDance|[upkeep]
|-sideend|p2: Dreamjumper|Reflect
|upkeep
|turn|6
|inactive|Radlars has 30 seconds left.
|inactive|Radlars has 20 seconds left.
|inactive|Radlars has 15 seconds left.
|inactive|Radlars has 10 seconds left.
|
|t:|1782372044
|switch|p2b: Kingaling|Grimmsnarl, L50, M|100/100
|move|p1a: Grimmsnarl|Light Screen|p1a: Grimmsnarl
|-sidestart|p1: Radlars|move: Light Screen
|move|p1b: Swampert|Wave Crash|p2a: Anti-Bird
|-damage|p2a: Anti-Bird|0 fnt
|faint|p2a: Anti-Bird
|-damage|p1b: Swampert|75/100|[from] Recoil
|
|-weather|RainDance|[upkeep]
|upkeep
|
|t:|1782372055
|switch|p2a: Jaydos|Ninetales-Alola, L50, M|96/100
|-weather|Snowscape|[from] ability: Snow Warning|[of] p2a: Jaydos
|turn|7
|
|t:|1782372077
|switch|p1b: Pelipper|Pelipper, L50, M|67/100
|-weather|RainDance|[from] ability: Drizzle|[of] p1b: Pelipper
|move|p2b: Kingaling|Fake Out|p1b: Pelipper
|-damage|p1b: Pelipper|50/100y
|-enditem|p1b: Pelipper|Sitrus Berry|[eat]
|-heal|p1b: Pelipper|74/100|[from] item: Sitrus Berry
|move|p1a: Grimmsnarl|Parting Shot|p2a: Jaydos
|-unboost|p2a: Jaydos|atk|1
|-unboost|p2a: Jaydos|spa|1
|
|t:|1782372089
|switch|p1a: Swampert|Swampert-Mega, L50, F|75/100|[from] Parting Shot
|move|p2a: Jaydos|Aurora Veil||[still]
|-fail|p2a: Jaydos
|
|-weather|RainDance|[upkeep]
|upkeep
|turn|8
|inactive|Radlars has 30 seconds left.
|inactive|Radlars has 20 seconds left.
|inactive|Radlars has 15 seconds left.
|
|t:|1782372131
|switch|p2a: Coy|Staraptor-Mega, L50, M|22/100
|move|p1a: Swampert|Protect|p1a: Swampert
|-singleturn|p1a: Swampert|Protect
|move|p2b: Kingaling|Parting Shot|p1a: Swampert
|-activate|p1a: Swampert|move: Protect
|move|p1b: Pelipper|Weather Ball|p2b: Kingaling
|-damage|p2b: Kingaling|28/100
|
|-weather|RainDance|[upkeep]
|upkeep
|turn|9
|inactive|Radlars has 30 seconds left.
|inactive|Radlars has 20 seconds left.
|
|t:|1782372169
|move|p2b: Kingaling|Parting Shot|p1a: Swampert
|-unboost|p1a: Swampert|atk|1
|-unboost|p1a: Swampert|spa|1
|
|t:|1782372175
|switch|p2b: Jaydos|Ninetales-Alola, L50, M|96/100|[from] Parting Shot
|-weather|Snowscape|[from] ability: Snow Warning|[of] p2b: Jaydos
|move|p2a: Coy|Roost|p2a: Coy
|-heal|p2a: Coy|72/100
|-singleturn|p2a: Coy|move: Roost
|move|p1a: Swampert|Ice Punch|p2a: Coy
|-damage|p2a: Coy|54/100
|move|p1b: Pelipper|Tailwind|p1b: Pelipper
|-sidestart|p1: Radlars|move: Tailwind
|
|-weather|Snowscape|[upkeep]
|upkeep
|turn|10
|inactive|Radlars has 30 seconds left.
|
|t:|1782372205
|switch|p1a: Grimmsnarl|Grimmsnarl, L50, M|86/100
|move|p2b: Jaydos|Protect|p2b: Jaydos
|-singleturn|p2b: Jaydos|Protect
|move|p1b: Pelipper|Weather Ball|p2a: Coy
|-supereffective|p2a: Coy|1
|-damage|p2a: Coy|0 fnt
|faint|p2a: Coy
|
|-weather|Snowscape|[upkeep]
|upkeep
|inactive|Dreamjumper has 30 seconds left.
|
|t:|1782372231
|switch|p2a: Kingaling|Grimmsnarl, L50, M|28/100
|turn|11
|
|t:|1782372243
|move|p1a: Grimmsnarl|Fake Out|p2a: Kingaling
|-damage|p2a: Kingaling|12/100
|move|p1b: Pelipper|Weather Ball|p2a: Kingaling
|-damage|p2a: Kingaling|0 fnt
|faint|p2a: Kingaling
|move|p2b: Jaydos|Blizzard|p1b: Pelipper|[spread] p1a,p1b
|-damage|p1a: Grimmsnarl|70/100
|-damage|p1b: Pelipper|50/100g
|
|-weather|Snowscape|[upkeep]
|upkeep
|turn|12
|
|t:|1782372256
|switch|p1b: Swampert|Swampert-Mega, L50, F|75/100
|move|p1a: Grimmsnarl|Parting Shot|p2b: Jaydos
|-unboost|p2b: Jaydos|atk|1
|-unboost|p2b: Jaydos|spa|1
|inactive|Radlars has 30 seconds left.
|
|t:|1782372262
|switch|p1a: Pelipper|Pelipper, L50, M|50/100g|[from] Parting Shot
|-weather|RainDance|[from] ability: Drizzle|[of] p1a: Pelipper
|move|p2b: Jaydos|Blizzard|p1b: Swampert|[spread] p1a
|-miss|p2b: Jaydos|p1b: Swampert
|-damage|p1a: Pelipper|33/100
|
|-weather|RainDance|[upkeep]
|-sideend|p1: Radlars|move: Tailwind
|upkeep
|turn|13
|inactive|Radlars has 30 seconds left this turn.
|inactive|Radlars has 20 seconds left.
|
|t:|1782372275
|move|p1b: Swampert|Wave Crash|p2b: Jaydos
|-damage|p2b: Jaydos|0 fnt
|faint|p2b: Jaydos
|-damage|p1b: Swampert|48/100|[from] Recoil
|
|win|Radlars
|inactive|Radlars has 30 seconds to confirm battle start!
|inactive|Dreamjumper has 30 seconds to confirm battle start!
