|j|☆DuskToDawn00
|j|☆pkmikel
|html|DuskToDawn00pkmikel    
|uhtml|bestof|Game 1 of a best-of-3
|t:|1785270395
|gametype|doubles
|player|p1|DuskToDawn00|riley|1000
|player|p2|pkmikel|102|1000
|gen|9
|tier|[Gen 9 Champions] VGC 2026 Reg M-B (Bo3)
|rated|
|rule|Species Clause: Limit one of each Pokémon
|rule|Item Clause: Limit 1 of each item
|clearpoke
|poke|p1|Mawile, L50, F, shiny|
|poke|p1|Farigiraf, L50, M, shiny|
|poke|p1|Oranguru, L50, M|
|poke|p1|Hatterene, L50, F|
|poke|p1|Golurk, L50|
|poke|p1|Kingambit, L50, F|
|poke|p2|Metagross, L50, shiny|
|poke|p2|Whimsicott, L50, M|
|poke|p2|Sinistcha, L50|
|poke|p2|Ninetales-Alola, L50, M|
|poke|p2|Sneasler, L50, F|
|poke|p2|Raichu, L50, M|
|teampreview|4
|showteam|p1|Mawile||Mawilite|Intimidate|RockSlide,PlayRough,IronHead,KnockOff|Brave||F|||50|]Farigiraf||Leftovers|ArmorTail|HyperVoice,HelpingHand,TrickRoom,TwinBeam|Relaxed||M|||50|]Oranguru||MentalHerb|Telepathy|Instruct,ChillingWater,TrickRoom,LightScreen|Relaxed||M|||50|]Hatterene||LifeOrb|MagicBounce|MistyExplosion,HealingWish,TrickRoom,Psychic|Quiet||F|||50|]Golurk||Golurkite|IronFist|DrainPunch,Earthquake,Poltergeist,HeavySlam|Brave|||||50|]Kingambit||ExpertBelt|Defiant|SuckerPunch,IronHead,BrickBreak,KowtowCleave|Brave||F|||50|
|showteam|p2|Metagross||Metagrossite|ClearBody|IronHead,PsychicFangs,Earthquake,Protect|Jolly|||||50|]Whimsicott||FocusSash|Prankster|Moonblast,Encore,Tailwind,Taunt|Timid||M|||50|]Sinistcha||SitrusBerry|Hospitality|MatchaGotcha,TrickRoom,RagePowder,LifeDew|Calm|||||50|]Ninetales-Alola||ExpertBelt|SnowWarning|Protect,Blizzard,FreezeDry,DazzlingGleam|Timid||M|||50|]Sneasler||MentalHerb|Unburden|CloseCombat,DireClaw,FakeOut,Taunt|Jolly||F|||50|]Raichu||RaichuniteY|LightningRod|ZapCannon,FocusBlast,FakeOut,Protect|Timid||M|||50|
|
|t:|1785270453
|teamsize|p1|4
|teamsize|p2|4
|start
|switch|p1a: Mawile|Mawile, L50, F, shiny|100/100
|switch|p1b: Oranguru|Oranguru, L50, M|100/100
|switch|p2a: Sneasler|Sneasler, L50, F|100/100
|switch|p2b: Raichu|Raichu, L50, M|100/100
|-ability|p1a: Mawile|Intimidate|boost
|-unboost|p2a: Sneasler|atk|1
|-unboost|p2b: Raichu|atk|1
|turn|1
|
|t:|1785270471
|detailschange|p1a: Mawile|Mawile-Mega, L50, F, shiny
|-mega|p1a: Mawile|Mawile|Mawilite
|move|p2b: Raichu|Fake Out|p1a: Mawile
|-resisted|p1a: Mawile|1
|-damage|p1a: Mawile|97/100
|move|p2a: Sneasler|Taunt|p1b: Oranguru
|-start|p1b: Oranguru|move: Taunt
|-enditem|p1b: Oranguru|Mental Herb
|-end|p1b: Oranguru|move: Taunt
|cant|p1a: Mawile|flinch
|move|p1b: Oranguru|Trick Room|p1b: Oranguru
|-fieldstart|move: Trick Room|[of] p1b: Oranguru
|
|upkeep
|turn|2
|
|t:|1785270488
|switch|p2b: Sinistcha|Sinistcha, L50|100/100
|move|p1a: Mawile|Rock Slide|p2b: Sinistcha|[spread] p2a,p2b
|-resisted|p2a: Sneasler|1
|-damage|p2a: Sneasler|68/100
|-damage|p2b: Sinistcha|68/100
|move|p1b: Oranguru|Instruct|p1a: Mawile
|-singleturn|p1a: Mawile|move: Instruct|[of] p1b: Oranguru
|move|p1a: Mawile|Rock Slide|p2b: Sinistcha|[spread] p2a,p2b
|-resisted|p2a: Sneasler|1
|-damage|p2a: Sneasler|36/100
|-damage|p2b: Sinistcha|40/100
|-enditem|p2b: Sinistcha|Sitrus Berry|[eat]
|-heal|p2b: Sinistcha|65/100|[from] item: Sitrus Berry
|move|p2a: Sneasler|Taunt|p1b: Oranguru
|-start|p1b: Oranguru|move: Taunt
|
|upkeep
|turn|3
|
|t:|1785270511
|move|p2b: Sinistcha|Rage Powder|p2b: Sinistcha
|-singleturn|p2b: Sinistcha|move: Rage Powder
|move|p1a: Mawile|Rock Slide|p2b: Sinistcha|[spread] p2a,p2b
|-resisted|p2a: Sneasler|1
|-damage|p2a: Sneasler|4/100
|-damage|p2b: Sinistcha|37/100
|move|p1b: Oranguru|Chilling Water|p2b: Sinistcha
|-resisted|p2b: Sinistcha|1
|-damage|p2b: Sinistcha|31/100
|-unboost|p2b: Sinistcha|atk|1
|move|p2a: Sneasler|Close Combat|p1a: Mawile
|-damage|p1a: Mawile|56/100
|-unboost|p2a: Sneasler|def|1
|-unboost|p2a: Sneasler|spd|1
|
|upkeep
|turn|4
|
|t:|1785270534
|move|p1a: Mawile|Rock Slide|p2a: Sneasler|[spread] p2a,p2b
|-resisted|p2a: Sneasler|1
|-damage|p2a: Sneasler|0 fnt
|-damage|p2b: Sinistcha|0 fnt
|faint|p2a: Sneasler
|faint|p2b: Sinistcha
|move|p1b: Oranguru|Chilling Water|p2: Sneasler|[notarget]
|-fail|p1b: Oranguru
|
|upkeep
|
|t:|1785270542
|switch|p2b: Whimsicott|Whimsicott, L50, M|100/100
|switch|p2a: Raichu|Raichu, L50, M|100/100
|turn|5
|
|t:|1785270580
|move|p2a: Raichu|Protect|p2a: Raichu
|-singleturn|p2a: Raichu|Protect
|move|p2b: Whimsicott|Tailwind|p2b: Whimsicott
|-sidestart|p2: pkmikel|move: Tailwind
|move|p1a: Mawile|Play Rough|p2a: Raichu
|-activate|p2a: Raichu|move: Protect
|move|p1b: Oranguru|Chilling Water|p2b: Whimsicott
|-resisted|p2b: Whimsicott|1
|-damage|p2b: Whimsicott|92/100
|-unboost|p2b: Whimsicott|atk|1
|
|-end|p1b: Oranguru|move: Taunt
|-fieldend|move: Trick Room
|upkeep
|turn|6
|
|t:|1785270614
|detailschange|p2a: Raichu|Raichu-Mega-Y, L50, M
|-mega|p2a: Raichu|Raichu|Raichunite Y
|move|p2b: Whimsicott|Encore|p1b: Oranguru
|-start|p1b: Oranguru|Encore
|move|p2a: Raichu|Zap Cannon|p1a: Mawile
|-damage|p1a: Mawile|0 fnt
|faint|p1a: Mawile
|move|p1b: Oranguru|Chilling Water|p2a: Raichu
|-damage|p2a: Raichu|83/100
|-unboost|p2a: Raichu|atk|1
|
|upkeep
|
|t:|1785270630
|switch|p1a: Hatterene|Hatterene, L50, F|100/100
|turn|7
|
|t:|1785270639
|move|p2b: Whimsicott|Taunt|p1a: Hatterene
|move|p1a: Hatterene|Taunt|p2b: Whimsicott|[from] ability: Magic Bounce
|-start|p2b: Whimsicott|move: Taunt
|move|p2a: Raichu|Zap Cannon|p1a: Hatterene
|-damage|p1a: Hatterene|17/100
|-status|p1a: Hatterene|par
|move|p1b: Oranguru|Chilling Water|p2b: Whimsicott
|-resisted|p2b: Whimsicott|1
|-damage|p2b: Whimsicott|85/100
|-unboost|p2b: Whimsicott|atk|1
|move|p1a: Hatterene|Misty Explosion|p2b: Whimsicott|[spread] p2a,p2b
|-activate|p1b: Oranguru|ability: Telepathy
|-damage|p2a: Raichu|1/100
|-damage|p2b: Whimsicott|4/100
|faint|p1a: Hatterene
|
|upkeep
|
|t:|1785270648
|switch|p1a: Farigiraf|Farigiraf, L50, M, shiny|100/100
|turn|8
|
|t:|1785270659
|move|p2a: Raichu|Zap Cannon|p1a: Farigiraf
|-crit|p1a: Farigiraf
|-damage|p1a: Farigiraf|10/100
|-status|p1a: Farigiraf|par
|move|p2b: Whimsicott|Moonblast|p1a: Farigiraf
|-damage|p1a: Farigiraf|0 fnt
|faint|p1a: Farigiraf
|move|p1b: Oranguru|Chilling Water|p2a: Raichu
|-damage|p2a: Raichu|0 fnt
|faint|p2a: Raichu
|
|-end|p1b: Oranguru|Encore
|-sideend|p2: pkmikel|move: Tailwind
|upkeep
|turn|9
|
|t:|1785270673
|move|p2b: Whimsicott|Moonblast|p1b: Oranguru
|-damage|p1b: Oranguru|76/100
|move|p1b: Oranguru|Chilling Water|p2b: Whimsicott
|-resisted|p2b: Whimsicott|1
|-damage|p2b: Whimsicott|0 fnt
|faint|p2b: Whimsicott
|
|win|DuskToDawn00
||DuskToDawn00 is ready for game 2.
|inactive|pkmikel has 30 seconds to confirm battle start!
||pkmikel is ready for game 2.
|uhtml|next|Next: Game 2 of 3
|j| soulmoonvgc
