|j|☆EnzoPS
|j|☆tbpgerard
|html|EnzoPStbpgerard    
|uhtml|bestof|Game 2 of a best-of-3
|t:|1757788000
|gametype|doubles
|player|p1|EnzoPS|cynthia-gen4|1158
|player|p2|tbpgerard|guitarist|1190
|gen|9
|tier|[Gen 9] VGC 2025 Reg H (Bo3)
|rated|
|rule|Species Clause: Limit one of each Pokémon
|rule|Item Clause: Limit 1 of each item
|clearpoke
|poke|p1|Pelipper, L50, F|
|poke|p1|Amoonguss, L50, M|
|poke|p1|Archaludon, L50, F|
|poke|p1|Basculegion, L50, M|
|poke|p1|Gholdengo, L50|
|poke|p1|Incineroar, L50, M|
|poke|p2|Indeedee-F, L50, F|
|poke|p2|Hatterene, L50, F|
|poke|p2|Gallade, L50, M|
|poke|p2|Ursaluna, L50, M|
|poke|p2|Lilligant-Hisui, L50, F|
|poke|p2|Torkoal, L50, M|
|teampreview|4
|showteam|p1|Pelipper||FocusSash|Drizzle|Protect,WeatherBall,Hurricane,Tailwind|||F|||50|,,,,,Ground]Amoonguss||SitrusBerry|Regenerator|Protect,Spore,RagePowder,PollenPuff|||M|||50|,,,,,Water]Archaludon||AssaultVest|Stamina|DragonPulse,ElectroShot,FlashCannon,BodyPress|||F|||50|,,,,,Grass]Basculegion||ChoiceBand|SwiftSwim|FlipTurn,WaveCrash,AquaJet,LastRespects|||M|||50|,,,,,Grass]Gholdengo||LifeOrb|GoodasGold|Protect,MakeItRain,ShadowBall,NastyPlot||||||50|,,,,,Water]Incineroar||SafetyGoggles|Intimidate|FlareBlitz,KnockOff,PartingShot,FakeOut|||M|||50|,,,,,Ghost
|showteam|p2|Indeedee-F||SafetyGoggles|PsychicSurge|DazzlingGleam,FollowMe,HelpingHand,TrickRoom|||F|||50|,,,,,Fairy]Hatterene||LifeOrb|MagicBounce|ExpandingForce,DazzlingGleam,Protect,TrickRoom|||F|||50|,,,,,Water]Gallade||ClearAmulet|Sharpness|SacredSword,PsychoCut,WideGuard,TrickRoom|||M|||50|,,,,,Grass]Ursaluna||FlameOrb|Guts|Facade,HeadlongRush,Substitute,Protect|||M|||50|,,,,,Ghost]Lilligant-Hisui||FocusSash|Chlorophyll|CloseCombat,LeafBlade,SleepPowder,AfterYou|||F|||50|,,,,,Ghost]Torkoal||ChoiceSpecs|Drought|Eruption,HeatWave,Flamethrower,ClearSmog|||M|||50|,,,,,Fire
|
|t:|1757788014
|teamsize|p1|4
|teamsize|p2|4
|start
|switch|p1a: Gholdengo|Gholdengo, L50|100/100
|switch|p1b: Incineroar|Incineroar, L50, M|100/100
|switch|p2a: labubu|Indeedee-F, L50, F|100/100
|switch|p2b: clairo|Hatterene, L50, F, shiny|100/100
|-ability|p1b: Incineroar|Intimidate|boost
|-unboost|p2a: labubu|atk|1
|-unboost|p2b: clairo|atk|1
|-fieldstart|move: Psychic Terrain|[from] ability: Psychic Surge|[of] p2a: labubu
|turn|1
|
|t:|1757788041
|switch|p2b: fem lit|Torkoal, L50, M|100/100
|-weather|SunnyDay|[from] ability: Drought|[of] p2b: fem lit
|move|p1a: Gholdengo|Make It Rain|p2b: fem lit|[spread] p2a,p2b
|-resisted|p2b: fem lit
|-damage|p2a: labubu|47/100
|-damage|p2b: fem lit|58/100
|-unboost|p1a: Gholdengo|spa|1
|-damage|p1a: Gholdengo|91/100|[from] item: Life Orb
|move|p1b: Incineroar|Knock Off|p2b: fem lit
|-damage|p2b: fem lit|20/100
|-enditem|p2b: fem lit|Choice Specs|[from] move: Knock Off|[of] p1b: Incineroar
|move|p2a: labubu|Trick Room|p2a: labubu
|-fieldstart|move: Trick Room|[of] p2a: labubu
|
|-weather|SunnyDay|[upkeep]
|upkeep
|turn|2
|
|t:|1757788062
|move|p1a: Gholdengo|Protect|p1a: Gholdengo
|-singleturn|p1a: Gholdengo|Protect
|move|p2b: fem lit|Heat Wave|p1b: Incineroar|[spread] p1b
|-activate|p1a: Gholdengo|move: Protect
|-resisted|p1b: Incineroar
|-damage|p1b: Incineroar|78/100
|move|p2a: labubu|Dazzling Gleam|p1b: Incineroar|[spread] p1b
|-activate|p1a: Gholdengo|move: Protect
|-damage|p1b: Incineroar|66/100
|move|p1b: Incineroar|Parting Shot|p2a: labubu
|-unboost|p2a: labubu|atk|1
|-unboost|p2a: labubu|spa|1
|
|t:|1757788085
|switch|p1b: Pelipper|Pelipper, L50, F, shiny|100/100|[from] Parting Shot
|-weather|RainDance|[from] ability: Drizzle|[of] p1b: Pelipper
|
|-weather|RainDance|[upkeep]
|upkeep
|turn|3
|
|t:|1757788100
|switch|p2a: matcha|Gallade, L50, M|100/100
|switch|p1a: Amoonguss|Amoonguss, L50, M|100/100
|move|p2b: fem lit|Flamethrower|p1a: Amoonguss
|-supereffective|p1a: Amoonguss
|-damage|p1a: Amoonguss|68/100
|-status|p1a: Amoonguss|brn
|move|p1b: Pelipper|Hurricane|p2b: fem lit
|-damage|p2b: fem lit|0 fnt
|faint|p2b: fem lit
|
|-weather|RainDance|[upkeep]
|-damage|p1a: Amoonguss|62/100 brn|[from] brn
|upkeep
|
|t:|1757788110
|switch|p2b: clairo|Hatterene, L50, F, shiny|100/100
|turn|4
|
|t:|1757788128
|move|p1a: Amoonguss|Protect|p1a: Amoonguss
|-singleturn|p1a: Amoonguss|Protect
|move|p1b: Pelipper|Protect|p1b: Pelipper
|-singleturn|p1b: Pelipper|Protect
|move|p2b: clairo|Expanding Force|p1b: Pelipper|[spread] 
|-activate|p1a: Amoonguss|move: Protect
|-activate|p1b: Pelipper|move: Protect
|move|p2a: matcha|Psycho Cut|p1b: Pelipper
|-activate|p1b: Pelipper|move: Protect
|
|-weather|RainDance|[upkeep]
|-damage|p1a: Amoonguss|56/100 brn|[from] brn
|upkeep
|turn|5
|
|t:|1757788156
|switch|p1b: Incineroar|Incineroar, L50, M|66/100
|-ability|p1b: Incineroar|Intimidate|boost
|-fail|p2a: matcha|unboost|[from] item: Clear Amulet|[of] p2a: matcha
|-unboost|p2b: clairo|atk|1
|-terastallize|p2a: matcha|Grass
|move|p2b: clairo|Expanding Force|p1b: Incineroar|[spread] p1a
|-immune|p1b: Incineroar
|-supereffective|p1a: Amoonguss
|-damage|p1a: Amoonguss|0 fnt
|faint|p1a: Amoonguss
|-damage|p2b: clairo|91/100|[from] item: Life Orb
|move|p2a: matcha|Psycho Cut|p1b: Incineroar
|-immune|p1b: Incineroar
|
|-weather|RainDance|[upkeep]
|-fieldend|move: Trick Room
|-fieldend|move: Psychic Terrain
|upkeep
|
|t:|1757788172
|switch|p1a: Gholdengo|Gholdengo, L50|91/100
|turn|6
|
|t:|1757788184
|move|p2b: clairo|Protect|p2b: clairo
|-singleturn|p2b: clairo|Protect
|move|p1b: Incineroar|Fake Out|p2a: matcha
|-damage|p2a: matcha|83/100
|move|p1a: Gholdengo|Shadow Ball|p2b: clairo
|-activate|p2b: clairo|move: Protect
|cant|p2a: matcha|flinch
|
|-weather|none
|upkeep
|turn|7
|
|t:|1757788211
|-terastallize|p1b: Incineroar|Ghost
|move|p2a: matcha|Wide Guard|p2a: matcha
|-singleturn|p2a: matcha|Wide Guard
|move|p1a: Gholdengo|Nasty Plot|p1a: Gholdengo
|-boost|p1a: Gholdengo|spa|2
|move|p1b: Incineroar|Flare Blitz|p2a: matcha
|-supereffective|p2a: matcha
|-damage|p2a: matcha|0 fnt
|faint|p2a: matcha
|-damage|p1b: Incineroar|42/100|[from] Recoil
|move|p2b: clairo|Trick Room|p2b: clairo
|-fieldstart|move: Trick Room|[of] p2b: clairo
|
|upkeep
|
|t:|1757788218
|switch|p2a: labubu|Indeedee-F, L50, F|47/100
|-fieldstart|move: Psychic Terrain|[from] ability: Psychic Surge|[of] p2a: labubu
|turn|8
|
|t:|1757788233
|move|p2a: labubu|Helping Hand|p2b: clairo
|-singleturn|p2b: clairo|Helping Hand|[of] p2a: labubu
|move|p2b: clairo|Expanding Force|p1b: Incineroar|[spread] p1a,p1b
|-resisted|p1a: Gholdengo
|-damage|p1a: Gholdengo|8/100
|-damage|p1b: Incineroar|0 fnt
|faint|p1b: Incineroar
|-damage|p2b: clairo|82/100|[from] item: Life Orb
|move|p1a: Gholdengo|Make It Rain|p2a: labubu|[spread] p2a,p2b
|-supereffective|p2b: clairo
|-damage|p2a: labubu|0 fnt
|-damage|p2b: clairo|0 fnt
|-unboost|p1a: Gholdengo|spa|1
|faint|p2a: labubu
|faint|p2b: clairo
|-damage|p1a: Gholdengo|0 fnt|[from] item: Life Orb
|faint|p1a: Gholdengo
|
|win|EnzoPS
|raw|EnzoPS's rating: 1158 → 1185(+27 for winning)
|raw|tbpgerard's rating: 1190 → 1163(-27 for losing)
