|j|☆Wolfed
|j|☆Saicam16
|html|WolfedSaicam16    
|uhtml|bestof|Game 1 of a best-of-3
|t:|1783528896
|gametype|doubles
|player|p1|Wolfed|101|1000
|player|p2|Saicam16|2|1000
|gen|9
|tier|[Gen 9 Champions] VGC 2026 Reg M-B (Bo3)
|rated|
|rule|Species Clause: Limit one of each Pokémon
|rule|Item Clause: Limit 1 of each item
|clearpoke
|poke|p1|Grimmsnarl, L50, M|
|poke|p1|Dragonite, L50, M|
|poke|p1|Gengar, L50, F|
|poke|p1|Sableye, L50, M|
|poke|p1|Metagross, L50|
|poke|p1|Sneasler, L50, M|
|poke|p2|Charizard, L50, F|
|poke|p2|Primarina, L50, F, shiny|
|poke|p2|Kingambit, L50, F, shiny|
|poke|p2|Incineroar, L50, M|
|poke|p2|Sneasler, L50, M|
|poke|p2|Sinistcha, L50|
|teampreview|4
|showteam|p1|Grimmsnarl||LightClay|Prankster|Taunt,LightScreen,Reflect,DazzlingGleam|Calm||M|||50|]Dragonite||Dragoninite|Multiscale|Protect,DragonPulse,WeatherBall,Thunderbolt|Modest||M|||50|]Gengar||FocusSash|CursedBody|DestinyBond,SludgeBomb,ShadowBall,Protect|Timid||F|||50|]Sableye||WideLens|Prankster|WillOWisp,Encore,Recover,FoulPlay|Calm||M|||50|]Metagross||Metagrossite|ClearBody|Protect,MeteorMash,PsychicFangs,IcePunch|Jolly|||||50|]Sneasler||WhiteHerb|Unburden|FakeOut,CloseCombat,DireClaw,Protect|Adamant||M|||50|
|showteam|p2|Charizard||CharizarditeX|Blaze|DragonDance,Protect,DragonClaw,FlareBlitz|Jolly||F|||50|]Primarina||MysticWater|LiquidVoice|Protect,HyperVoice,Moonblast,Haze|Modest||F|||50|]Kingambit||BlackGlasses|Defiant|KowtowCleave,SuckerPunch,IronHead,Protect|Adamant||F|||50|]Incineroar||SitrusBerry|Intimidate|FakeOut,PartingShot,FlareBlitz,DarkestLariat|Careful||M|||50|]Sneasler||FocusSash|Unburden|DireClaw,Protect,Coaching,CloseCombat|Adamant||M|||50|]Sinistcha||KasibBerry|Hospitality|RagePowder,MatchaGotcha,TrickRoom,ShadowBall|Calm|||||50|
|inactive|Battle timer is ON: inactive players will automatically lose when time's up. (requested by Saicam16)
|
|t:|1783528928
|teamsize|p1|4
|teamsize|p2|4
|start
|switch|p1a: Grimmsnarl|Grimmsnarl, L50, M|100/100
|switch|p1b: Sneasler|Sneasler, L50, M|100/100
|switch|p2a: Charizard|Charizard, L50, F|100/100
|switch|p2b: Sneasler|Sneasler, L50, M|100/100
|turn|1
|
|t:|1783528940
|move|p2b: Sneasler|Protect|p2b: Sneasler
|-singleturn|p2b: Sneasler|Protect
|move|p2a: Charizard|Protect|p2a: Charizard
|-singleturn|p2a: Charizard|Protect
|move|p1b: Sneasler|Fake Out|p2a: Charizard
|-activate|p2a: Charizard|move: Protect
|move|p1a: Grimmsnarl|Light Screen|p1a: Grimmsnarl
|-sidestart|p1: Wolfed|move: Light Screen
|
|upkeep
|turn|2
|
|t:|1783528963
|move|p1a: Grimmsnarl|Taunt|p2b: Sneasler
|-start|p2b: Sneasler|move: Taunt
|move|p1b: Sneasler|Dire Claw|p2a: Charizard
|-damage|p2a: Charizard|52/100
|move|p2b: Sneasler|Dire Claw|p1a: Grimmsnarl
|-supereffective|p1a: Grimmsnarl|1
|-damage|p1a: Grimmsnarl|0 fnt
|faint|p1a: Grimmsnarl
|move|p2a: Charizard|Dragon Claw|p1b: Sneasler
|-damage|p1b: Sneasler|65/100
|
|upkeep
|
|t:|1783528976
|switch|p1a: Gengar|Gengar, L50, F|100/100
|turn|3
|
|t:|1783529000
|switch|p2b: Sinistcha|Sinistcha, L50|100/100
|-heal|p2a: Charizard|77/100|[from] ability: Hospitality|[of] p2b: Sinistcha
|detailschange|p2a: Charizard|Charizard-Mega-X, L50, F
|-mega|p2a: Charizard|Charizard|Charizardite X
|move|p1a: Gengar|Destiny Bond|p1a: Gengar
|-singlemove|p1a: Gengar|Destiny Bond
|move|p1b: Sneasler|Dire Claw|p2a: Charizard
|-damage|p2a: Charizard|37/100
|move|p2a: Charizard|Flare Blitz|p1b: Sneasler
|-damage|p1b: Sneasler|0 fnt
|faint|p1b: Sneasler
|-damage|p2a: Charizard|15/100|[from] Recoil
|
|upkeep
|
|t:|1783529019
|switch|p1b: Dragonite|Dragonite, L50, M|100/100
|turn|4
|
|t:|1783529038
|detailschange|p1b: Dragonite|Dragonite-Mega, L50, M
|-mega|p1b: Dragonite|Dragonite|Dragoninite
|move|p1b: Dragonite|Protect|p1b: Dragonite
|-singleturn|p1b: Dragonite|Protect
|move|p2a: Charizard|Protect|p2a: Charizard
|-singleturn|p2a: Charizard|Protect
|move|p1a: Gengar|Sludge Bomb|p2b: Sinistcha
|-damage|p2b: Sinistcha|51/100
|move|p2b: Sinistcha|Matcha Gotcha|p1b: Dragonite|[spread] p1a
|-activate|p1b: Dragonite|move: Protect
|-resisted|p1a: Gengar|1
|-damage|p1a: Gengar|85/100
|-heal|p2b: Sinistcha|56/100|[from] drain|[of] p1a: Gengar
|-start|p2b: Sinistcha|Disable|Matcha Gotcha|[from] ability: Cursed Body|[of] p1a: Gengar
|
|upkeep
|turn|5
|
|t:|1783529060
|move|p1a: Gengar|Shadow Ball|p2b: Sinistcha
|-supereffective|p2b: Sinistcha|1
|-enditem|p2b: Sinistcha|Kasib Berry|[eat]
|-enditem|p2b: Sinistcha|Kasib Berry|[weaken]
|-damage|p2b: Sinistcha|19/100
|move|p1b: Dragonite|Dragon Pulse|p2a: Charizard
|-supereffective|p2a: Charizard|1
|-damage|p2a: Charizard|0 fnt
|faint|p2a: Charizard
|move|p2b: Sinistcha|Shadow Ball|p1a: Gengar
|-supereffective|p1a: Gengar|1
|-damage|p1a: Gengar|11/100
|
|upkeep
|
|t:|1783529071
|switch|p2a: Primarina|Primarina, L50, F, shiny|100/100
|turn|6
|
|t:|1783529089
|move|p1b: Dragonite|Protect|p1b: Dragonite
|-singleturn|p1b: Dragonite|Protect
|move|p2b: Sinistcha|Rage Powder|p2b: Sinistcha
|-singleturn|p2b: Sinistcha|move: Rage Powder
|move|p1a: Gengar|Destiny Bond|p1a: Gengar
|-singlemove|p1a: Gengar|Destiny Bond
|move|p2a: Primarina|Moonblast|p1b: Dragonite
|-activate|p1b: Dragonite|move: Protect
|
|upkeep
|turn|7
|
|t:|1783529109
|move|p2b: Sinistcha|Rage Powder|p2b: Sinistcha
|-singleturn|p2b: Sinistcha|move: Rage Powder
|move|p1a: Gengar|Sludge Bomb|p2b: Sinistcha
|-damage|p2b: Sinistcha|0 fnt
|faint|p2b: Sinistcha
|move|p1b: Dragonite|Thunderbolt|p2a: Primarina
|-supereffective|p2a: Primarina|1
|-crit|p2a: Primarina
|-damage|p2a: Primarina|13/100
|move|p2a: Primarina|Moonblast|p1b: Dragonite
|-supereffective|p1b: Dragonite|1
|-damage|p1b: Dragonite|70/100
|
|upkeep
|
|t:|1783529120
|switch|p2b: Sneasler|Sneasler, L50, M|100/100
|turn|8
|
|t:|1783529133
|move|p1b: Dragonite|Protect|p1b: Dragonite
|-singleturn|p1b: Dragonite|Protect
|move|p2a: Primarina|Protect|p2a: Primarina
|-singleturn|p2a: Primarina|Protect
|move|p1a: Gengar|Shadow Ball|p2b: Sneasler
|-damage|p2b: Sneasler|40/100
|move|p2b: Sneasler|Dire Claw|p1a: Gengar
|-resisted|p1a: Gengar|2
|-damage|p1a: Gengar|0 fnt
|faint|p1a: Gengar
|
|-sideend|p1: Wolfed|move: Light Screen
|upkeep
|turn|9
|
|t:|1783529151
|move|p2b: Sneasler|Dire Claw|p1b: Dragonite
|-damage|p1b: Dragonite|32/100
|-status|p1b: Dragonite|psn
|move|p1b: Dragonite|Thunderbolt|p2a: Primarina
|-supereffective|p2a: Primarina|1
|-damage|p2a: Primarina|0 fnt
|faint|p2a: Primarina
|
|-damage|p1b: Dragonite|20/100y psn|[from] psn
|upkeep
|turn|10
|
|t:|1783529165
|move|p2b: Sneasler|Protect|p2b: Sneasler
|-singleturn|p2b: Sneasler|Protect
|move|p1b: Dragonite|Dragon Pulse|p2b: Sneasler
|-activate|p2b: Sneasler|move: Protect
|
|-damage|p1b: Dragonite|8/100 psn|[from] psn
|upkeep
|turn|11
|
|t:|1783529173
|move|p2b: Sneasler|Dire Claw|p1b: Dragonite
|-damage|p1b: Dragonite|0 fnt
|faint|p1b: Dragonite
|
|win|Saicam16
||Wolfed is ready for game 2.
|inactive|Saicam16 has 30 seconds to confirm battle start!
