|j|Ōśåtydirium_69
|j|Ōśånatsukivgc
|html|tydirium_69natsukivgc    
|uhtml|bestof|Game 2 of a best-of-3
|t:|1785920841
|gametype|doubles
|player|p1|tydirium_69|iris|1062
|player|p2|natsukivgc|169|1198
|gen|9
|tier|[Gen 9 Champions] VGC 2026 Reg M-B (Bo3)
|rated|
|rule|Species Clause: Limit one of each Pok├®mon
|rule|Item Clause: Limit 1 of each item
|clearpoke
|poke|p1|Slowking, L50, F|
|poke|p1|Crabominable, L50, M|
|poke|p1|Sinistcha, L50|
|poke|p1|Dragapult, L50, M|
|poke|p1|Rotom-Heat, L50|
|poke|p1|Aegislash, L50, F|
|poke|p2|Hydreigon, L50, M|
|poke|p2|Garchomp, L50, F|
|poke|p2|Metagross, L50|
|poke|p2|Charizard, L50, F|
|poke|p2|Grimmsnarl, L50, M|
|poke|p2|Toxapex, L50, M|
|teampreview|4
|showteam|p1|Slowking||Leftovers|Regenerator|ChillyReception,Scald,Protect,TrickRoom|Bold||F|||50|]Crabominable||Crabominite|HyperCutter|BulkUp,IceHammer,DrainPunch,Protect|Adamant||M|||50|]Sinistcha||FocusSash|Hospitality|MatchaGotcha,TrickRoom,RagePowder,StrengthSap|Relaxed|||||50|]Dragapult||ColburBerry|ClearBody|WillOWisp,LightScreen,Uturn,DragonTail|Jolly||M|||50|]Rotom-Heat||SitrusBerry|Levitate|Overheat,Thunderbolt,NastyPlot,Protect|Quiet|||||50|]Aegislash||LifeOrb|StanceChange|KingsShield,ShadowClaw,WideGuard,IronHead|Adamant||F|||50|
|showteam|p2|Hydreigon||ChoiceScarf|Levitate|HeatWave,DarkPulse,DracoMeteor,Snarl|Modest||M|||50|]Garchomp||SitrusBerry|RoughSkin|Earthquake,RockSlide,DragonClaw,Protect|Adamant||F|||50|]Metagross||Metagrossite|ClearBody|IronHead,HammerArm,BulletPunch,Protect|Adamant|||||50|]Charizard||CharizarditeY|Blaze|Protect,HeatWave,SolarBeam,WeatherBall|Timid||F|||50|]Grimmsnarl||RoseliBerry|Prankster|FakeOut,FoulPlay,Reflect,PartingShot|Sassy||M|||50|]Toxapex||Leftovers|Regenerator|Infestation,Toxic,BanefulBunker,WideGuard|Bold||M|||50|
|
|t:|1785920874
|teamsize|p1|4
|teamsize|p2|4
|start
|switch|p1a: Dragapult|Dragapult, L50, M|100/100
|switch|p1b: Rotom|Rotom-Heat, L50|100/100
|switch|p2a: Charizard|Charizard, L50, F|100/100
|switch|p2b: Grimmsnarl|Grimmsnarl, L50, M|100/100
|turn|1
|inactive|Battle timer is ON: inactive players will automatically lose when time's up. (requested by tydirium_69)
|inactive|natsukivgc has 60 seconds left.
|
|t:|1785920925
|detailschange|p2a: Charizard|Charizard-Mega-Y, L50, F
|-mega|p2a: Charizard|Charizard|Charizardite Y
|-weather|SunnyDay|[from] ability: Drought|[of] p2a: Charizard
|move|p2b: Grimmsnarl|Fake Out|p1b: Rotom
|-damage|p1b: Rotom|88/100
|move|p1a: Dragapult|Light Screen|p1a: Dragapult
|-sidestart|p1: tydirium_69|move: Light Screen
|move|p2a: Charizard|Weather Ball|p1b: Rotom
|-resisted|p1b: Rotom|1
|-damage|p1b: Rotom|58/100
|cant|p1b: Rotom|flinch
|
|-weather|SunnyDay|[upkeep]
|upkeep
|turn|2
|
|t:|1785920946
|switch|p1b: Slowking|Slowking, L50, F|100/100
|move|p2a: Charizard|Protect|p2a: Charizard
|-singleturn|p2a: Charizard|Protect
|move|p2b: Grimmsnarl|Parting Shot|p1b: Slowking
|-unboost|p1b: Slowking|atk|1
|-unboost|p1b: Slowking|spa|1
|
|t:|1785920960
|switch|p2b: Toxapex|Toxapex, L50, M|100/100|[from] Parting Shot
|move|p1a: Dragapult|Dragon Tail|p2a: Charizard
|-activate|p2a: Charizard|move: Protect
|
|-weather|SunnyDay|[upkeep]
|upkeep
|turn|3
|
|t:|1785920979
|move|p2a: Charizard|Solar Beam||[still]
|-prepare|p2a: Charizard|Solar Beam
|-anim|p2a: Charizard|Solar Beam|p1b: Slowking
|-supereffective|p1b: Slowking|1
|-damage|p1b: Slowking|53/100
|move|p2b: Toxapex|Toxic|p1a: Dragapult
|-status|p1a: Dragapult|tox
|move|p1a: Dragapult|Dragon Tail|p2b: Toxapex
|-damage|p2b: Toxapex|82/100
|-heal|p2b: Toxapex|100/100|[from] ability: Regenerator|[silent]
|drag|p2b: Hydreigon|Hydreigon, L50, M|100/100
|move|p1b: Slowking|Trick Room|p1b: Slowking
|-fieldstart|move: Trick Room|[of] p1b: Slowking
|
|-weather|SunnyDay|[upkeep]
|-heal|p1b: Slowking|59/100|[from] item: Leftovers
|-damage|p1a: Dragapult|93/100 tox|[from] psn
|upkeep
|turn|4
|inactive|natsukivgc has 30 seconds left.
|inactive|natsukivgc has 20 seconds left.
|
|t:|1785921016
|switch|p2a: Toxapex|Toxapex, L50, M|100/100
|-prepare|p1b: Slowking|Chilly Reception|[premajor]
|move|p1b: Slowking|Chilly Reception|p1b: Slowking
|-weather|Snowscape
|
|t:|1785921032
|-heal|p1b: Slowking|93/100|[from] ability: Regenerator|[silent]
|switch|p1b: Rotom|Rotom-Heat, L50|58/100|[from] Chilly Reception
|move|p1a: Dragapult|U-turn|p2b: Hydreigon
|-supereffective|p2b: Hydreigon|1
|-damage|p2b: Hydreigon|58/100
|
|t:|1785921038
|switch|p1a: Crabominable|Crabominable, L50, M|100/100|[from] U-turn
|move|p2b: Hydreigon|Draco Meteor|p1a: Crabominable
|-damage|p1a: Crabominable|39/100
|-unboost|p2b: Hydreigon|spa|2
|
|-weather|Snowscape|[upkeep]
|upkeep
|turn|5
|
|t:|1785921060
|switch|p2b: Grimmsnarl|Grimmsnarl, L50, M|100/100
|detailschange|p1a: Crabominable|Crabominable-Mega, L50, M
|-mega|p1a: Crabominable|Crabominable|Crabominite
|move|p1a: Crabominable|Drain Punch|p2b: Grimmsnarl
|-damage|p2b: Grimmsnarl|39/100
|-heal|p1a: Crabominable|69/100|[from] drain|[of] p2b: Grimmsnarl
|move|p2a: Toxapex|Infestation|p1b: Rotom
|-resisted|p1b: Rotom|1
|-damage|p1b: Rotom|57/100
|-activate|p1b: Rotom|move: Infestation|[of] p2a: Toxapex
|move|p1b: Rotom|Thunderbolt|p2a: Toxapex
|-supereffective|p2a: Toxapex|1
|-damage|p2a: Toxapex|29/100
|
|-weather|Snowscape|[upkeep]
|-heal|p2a: Toxapex|35/100|[from] item: Leftovers
|-damage|p1b: Rotom|45/100|[from] move: Infestation|[partiallytrapped]
|-sideend|p1: tydirium_69|move: Light Screen
|upkeep
|-enditem|p1b: Rotom|Sitrus Berry|[eat]
|-heal|p1b: Rotom|70/100|[from] item: Sitrus Berry
|turn|6
|inactive|tydirium_69 has 30 seconds left.
|inactive|natsukivgc has 30 seconds left.
|
|t:|1785921093
|move|p2b: Grimmsnarl|Fake Out|p1b: Rotom
|-damage|p1b: Rotom|59/100
|move|p1a: Crabominable|Drain Punch|p2b: Grimmsnarl
|-damage|p2b: Grimmsnarl|0 fnt
|-heal|p1a: Crabominable|88/100|[from] drain|[of] p2b: Grimmsnarl
|faint|p2b: Grimmsnarl
|move|p2a: Toxapex|Toxic|p1b: Rotom
|-status|p1b: Rotom|tox
|cant|p1b: Rotom|flinch
|
|-weather|Snowscape|[upkeep]
|-heal|p2a: Toxapex|41/100|[from] item: Leftovers
|-damage|p1b: Rotom|53/100 tox|[from] psn
|-damage|p1b: Rotom|41/100 tox|[from] move: Infestation|[partiallytrapped]
|upkeep
|
|t:|1785921118
|switch|p2b: Charizard|Charizard-Mega-Y, L50, F|100/100
|-weather|SunnyDay|[from] ability: Drought|[of] p2b: Charizard
|turn|7
|inactive|tydirium_69 has 30 seconds left.
|inactive|tydirium_69 has 20 seconds left.
|
|t:|1785921155
|switch|p1a: Dragapult|Dragapult, L50, M|93/100 tox
|move|p2a: Toxapex|Baneful Bunker|p2a: Toxapex
|-singleturn|p2a: Toxapex|move: Protect
|move|p2b: Charizard|Protect|p2b: Charizard
|-singleturn|p2b: Charizard|Protect
|move|p1b: Rotom|Thunderbolt|p2b: Charizard
|-activate|p2b: Charizard|move: Protect
|
|-weather|SunnyDay|[upkeep]
|-heal|p2a: Toxapex|47/100|[from] item: Leftovers
|-damage|p1b: Rotom|29/100 tox|[from] psn
|-damage|p1a: Dragapult|87/100 tox|[from] psn
|-damage|p1b: Rotom|17/100 tox|[from] move: Infestation|[partiallytrapped]
|-fieldend|move: Trick Room
|upkeep
|turn|8
|inactive|natsukivgc has 30 seconds left.
|inactive|tydirium_69 has 30 seconds left.
|
|t:|1785921189
|-heal|p2a: Toxapex|80/100|[from] ability: Regenerator|[silent]
|switch|p2a: Hydreigon|Hydreigon, L50, M|58/100
|move|p1a: Dragapult|Light Screen|p1a: Dragapult
|-sidestart|p1: tydirium_69|move: Light Screen
|move|p2b: Charizard|Heat Wave|p1b: Rotom|[spread] p1a,p1b
|-resisted|p1a: Dragapult|1
|-resisted|p1b: Rotom|1
|-damage|p1a: Dragapult|67/100 tox
|-damage|p1b: Rotom|0 fnt
|faint|p1b: Rotom
|
|-weather|SunnyDay|[upkeep]
|-damage|p1a: Dragapult|55/100 tox|[from] psn
|upkeep
|
|t:|1785921202
|switch|p1b: Slowking|Slowking, L50, F|93/100
|turn|9
|inactive|tydirium_69 has 30 seconds left.
|inactive|natsukivgc has 30 seconds left.
|
|t:|1785921236
|move|p1b: Slowking|Protect|p1b: Slowking
|-singleturn|p1b: Slowking|Protect
|move|p2a: Hydreigon|Snarl|p1a: Dragapult|[spread] p1a
|-activate|p1b: Slowking|move: Protect
|-supereffective|p1a: Dragapult|1
|-enditem|p1a: Dragapult|Colbur Berry|[eat]
|-enditem|p1a: Dragapult|Colbur Berry|[weaken]
|-damage|p1a: Dragapult|37/100 tox
|move|p2b: Charizard|Heat Wave|p1b: Slowking|[spread] p1a
|-activate|p1b: Slowking|move: Protect
|-resisted|p1a: Dragapult|1
|-damage|p1a: Dragapult|14/100 tox
|move|p1a: Dragapult|Dragon Tail|p2a: Hydreigon
|-supereffective|p2a: Hydreigon|1
|-damage|p2a: Hydreigon|7/100
|drag|p2a: Toxapex|Toxapex, L50, M|80/100
|
|-weather|SunnyDay|[upkeep]
|-heal|p2a: Toxapex|85/100|[from] item: Leftovers
|-heal|p1b: Slowking|99/100|[from] item: Leftovers
|-damage|p1a: Dragapult|0 fnt|[from] psn
|faint|p1a: Dragapult
|upkeep
|
|t:|1785921252
|switch|p1a: Crabominable|Crabominable-Mega, L50, M|88/100
|turn|10
|inactive|natsukivgc has 30 seconds left.
|inactive|natsukivgc has 20 seconds left.
|
|t:|1785921288
|move|p2b: Charizard|Protect|p2b: Charizard
|-singleturn|p2b: Charizard|Protect
|move|p1a: Crabominable|Protect|p1a: Crabominable
|-singleturn|p1a: Crabominable|Protect
|move|p2a: Toxapex|Toxic|p1a: Crabominable
|-activate|p1a: Crabominable|move: Protect
|move|p1b: Slowking|Trick Room|p1b: Slowking
|-fieldstart|move: Trick Room|[of] p1b: Slowking
|
|-weather|SunnyDay|[upkeep]
|-heal|p1b: Slowking|100/100|[from] item: Leftovers
|-heal|p2a: Toxapex|91/100|[from] item: Leftovers
|upkeep
|turn|11
|inactive|tydirium_69 has 30 seconds left.
|inactive|tydirium_69 has 20 seconds left.
|inactive|tydirium_69 has 15 seconds left.
|
|t:|1785921332
|switch|p2b: Hydreigon|Hydreigon, L50, M|7/100
|move|p1b: Slowking|Scald|p2b: Hydreigon
|-resisted|p2b: Hydreigon|1
|-damage|p2b: Hydreigon|1/100
|move|p1a: Crabominable|Ice Hammer|p2b: Hydreigon
|-supereffective|p2b: Hydreigon|1
|-damage|p2b: Hydreigon|0 fnt
|-unboost|p1a: Crabominable|spe|1
|faint|p2b: Hydreigon
|move|p2a: Toxapex|Toxic|p1a: Crabominable
|-status|p1a: Crabominable|tox
|
|-weather|none
|-heal|p2a: Toxapex|97/100|[from] item: Leftovers
|-damage|p1a: Crabominable|82/100 tox|[from] psn
|upkeep
|
|t:|1785921347
|switch|p2b: Charizard|Charizard-Mega-Y, L50, F|100/100
|-weather|SunnyDay|[from] ability: Drought|[of] p2b: Charizard
|turn|12
|inactive|tydirium_69 has 30 seconds left.
|inactive|tydirium_69 has 20 seconds left.
|
|t:|1785921385
|move|p1a: Crabominable|Protect|p1a: Crabominable
|-singleturn|p1a: Crabominable|Protect
|move|p2b: Charizard|Protect|p2b: Charizard
|-singleturn|p2b: Charizard|Protect
|-prepare|p1b: Slowking|Chilly Reception|[premajor]
|move|p1b: Slowking|Chilly Reception|p1b: Slowking
|-weather|Snowscape
|move|p2a: Toxapex|Infestation|p1a: Crabominable
|-activate|p1a: Crabominable|move: Protect
|
|-weather|Snowscape|[upkeep]
|-heal|p2a: Toxapex|100/100|[from] item: Leftovers
|-damage|p1a: Crabominable|71/100 tox|[from] psn
|-sideend|p1: tydirium_69|move: Light Screen
|upkeep
|turn|13
|
|t:|1785921408
|move|p1a: Crabominable|Ice Hammer|p2b: Charizard|[miss]
|-miss|p1a: Crabominable|p2b: Charizard
|move|p1b: Slowking|Scald|p2b: Charizard
|-supereffective|p2b: Charizard|1
|-damage|p2b: Charizard|51/100
|move|p2a: Toxapex|Infestation|p1a: Crabominable
|-resisted|p1a: Crabominable|1
|-damage|p1a: Crabominable|69/100 tox
|-activate|p1a: Crabominable|move: Infestation|[of] p2a: Toxapex
|move|p2b: Charizard|Heat Wave|p1a: Crabominable|[spread] p1a,p1b
|-supereffective|p1a: Crabominable|1
|-resisted|p1b: Slowking|1
|-damage|p1a: Crabominable|10/100 tox
|-damage|p1b: Slowking|86/100
|
|-weather|Snowscape|[upkeep]
|-heal|p1b: Slowking|92/100|[from] item: Leftovers
|-damage|p1a: Crabominable|0 fnt|[from] psn
|faint|p1a: Crabominable
|upkeep
|turn|14
|c|Ōśåtydirium_69|bruh
|c|Ōśåtydirium_69|i hate this game
|c|Ōśånatsukivgc|didnt matter
|inactive|tydirium_69 has 30 seconds left.
|inactive|natsukivgc has 30 seconds left.
|c|Ōśånatsukivgc|u cant kill tox
|inactive|natsukivgc has 20 seconds left.
|
|t:|1785921447
|move|p2b: Charizard|Protect|p2b: Charizard
|-singleturn|p2b: Charizard|Protect
|move|p1b: Slowking|Scald|p2b: Charizard
|-activate|p2b: Charizard|move: Protect
|move|p2a: Toxapex|Toxic|p1b: Slowking
|-status|p1b: Slowking|tox
|
|-weather|Snowscape|[upkeep]
|-heal|p1b: Slowking|98/100 tox|[from] item: Leftovers
|-damage|p1b: Slowking|92/100 tox|[from] psn
|-fieldend|move: Trick Room
|upkeep
|turn|15
|c|Ōśåtydirium_69|i can
|c|Ōśåtydirium_69|accuracy is just annoying\
|
|t:|1785921470
|move|p2b: Charizard|Weather Ball|p1b: Slowking
|-resisted|p1b: Slowking|1
|-damage|p1b: Slowking|76/100 tox
|move|p2a: Toxapex|Infestation|p1b: Slowking
|-supereffective|p1b: Slowking|1
|-damage|p1b: Slowking|71/100 tox
|-activate|p1b: Slowking|move: Infestation|[of] p2a: Toxapex
|move|p1b: Slowking|Scald|p2b: Charizard
|-supereffective|p2b: Charizard|1
|-damage|p2b: Charizard|0 fnt
|faint|p2b: Charizard
|
|-weather|Snowscape|[upkeep]
|-heal|p1b: Slowking|77/100 tox|[from] item: Leftovers
|-damage|p1b: Slowking|65/100 tox|[from] psn
|-damage|p1b: Slowking|53/100 tox|[from] move: Infestation|[partiallytrapped]
|upkeep
|turn|16
|c|Ōśånatsukivgc|u literally cant mate
|
|t:|1785921487
|move|p2a: Toxapex|Baneful Bunker|p2a: Toxapex
|-singleturn|p2a: Toxapex|move: Protect
|move|p1b: Slowking|Scald|p2a: Toxapex
|-activate|p2a: Toxapex|move: Protect
|
|-weather|none
|-heal|p1b: Slowking|59/100 tox|[from] item: Leftovers
|-damage|p1b: Slowking|41/100 tox|[from] psn
|-damage|p1b: Slowking|29/100 tox|[from] move: Infestation|[partiallytrapped]
|upkeep
|turn|17
|c|Ōśåtydirium_69|sure pal
|inactive|natsukivgc has 30 seconds left.
|
|t:|1785921500
|move|p2a: Toxapex|Infestation|p1b: Slowking
|-supereffective|p1b: Slowking|1
|-damage|p1b: Slowking|24/100 tox
|move|p1b: Slowking|Scald|p2a: Toxapex
|-resisted|p2a: Toxapex|1
|-damage|p2a: Toxapex|88/100
|
|-heal|p2a: Toxapex|94/100|[from] item: Leftovers
|-heal|p1b: Slowking|30/100 tox|[from] item: Leftovers
|-damage|p1b: Slowking|6/100 tox|[from] psn
|-damage|p1b: Slowking|0 fnt|[from] move: Infestation|[partiallytrapped]
|faint|p1b: Slowking
|
|win|natsukivgc
|raw|tydirium_69's rating: 1062 → 1050(-12 for losing)
|raw|natsukivgc's rating: 1198 → 1214(+16 for winning)
