|j|‽jjavi
|j|☆chiyufluttermain
|html|jjavichiyufluttermain    
|uhtml|bestof|Game 3 of a best-of-3
|t:|1784800516
|gametype|doubles
|player|p1|jjavi|n|1071
|player|p2|chiyufluttermain|265|1040
|gen|9
|tier|[Gen 9 Champions] VGC 2026 Reg M-B (Bo3)
|rated|
|rule|Species Clause: Limit one of each Pokémon
|rule|Item Clause: Limit 1 of each item
|clearpoke
|poke|p1|Staraptor, L50, M|
|poke|p1|Metagross, L50|
|poke|p1|Farigiraf, L50, F|
|poke|p1|Whimsicott, L50, F|
|poke|p1|Garchomp, L50, F|
|poke|p1|Ceruledge, L50, M|
|poke|p2|Dragapult, L50, M|
|poke|p2|Sneasler, L50, M|
|poke|p2|Sinistcha, L50|
|poke|p2|Incineroar, L50, F|
|poke|p2|Ninetales-Alola, L50, F|
|poke|p2|Drampa, L50, M|
|teampreview|4
|showteam|p1|Staraptor||Staraptite|Intimidate|Protect,CloseCombat,BraveBird,Roost|Jolly||M|||50|]Metagross||Metagrossite|ClearBody|Protect,IronHead,PsychicFangs,StompingTantrum|Adamant|||||50|]Farigiraf||SitrusBerry|ArmorTail|HelpingHand,Psychic,Thunderbolt,TrickRoom|Calm||F|||50|]Whimsicott||FocusSash|Prankster|Moonblast,Tailwind,Charm,Encore|Timid||F|||50|]Garchomp||LifeOrb|RoughSkin|Protect,StompingTantrum,RockSlide,DragonClaw|Jolly||F|||50|]Ceruledge||ColburBerry|FlashFire|Protect,ShadowSneak,BulkUp,BitterBlade|Adamant||M|||50|
|showteam|p2|Dragapult||LifeOrb|ClearBody|DragonDarts,PhantomForce,SuckerPunch,Protect|Adamant||M|||50|]Sneasler||FocusSash|Unburden|FakeOut,CloseCombat,DireClaw,Protect|Jolly||M|||50|]Sinistcha||SitrusBerry|Hospitality|MatchaGotcha,RagePowder,TrickRoom,StrengthSap|Calm|||||50|]Incineroar||Charcoal|Intimidate|FakeOut,FlareBlitz,DarkestLariat,PartingShot|Adamant||F|||50|]Ninetales-Alola||NeverMeltIce|SnowWarning|Protect,Blizzard,Encore,Disable|Timid||F|||50|]Drampa||Drampanite|Berserk|HyperVoice,EarthPower,CalmMind,Protect|Modest||M|||50|
|inactive|Battle timer is ON: inactive players will automatically lose when time's up. (requested by jjavi)
|inactive|jjavi has 60 seconds left.
|inactive|jjavi has 30 seconds left.
|
|t:|1784800577
|teamsize|p1|4
|teamsize|p2|4
|start
|switch|p1a: Metagross|Metagross, L50|100/100
|switch|p1b: Whimsicott|Whimsicott, L50, F|100/100
|switch|p2a: Dragapult|Dragapult, L50, M|100/100
|switch|p2b: Incineroar|Incineroar, L50, F|100/100
|-ability|p2b: Incineroar|Intimidate|boost
|-fail|p1a: Metagross|unboost|[from] ability: Clear Body|[of] p1a: Metagross
|-unboost|p1b: Whimsicott|atk|1
|turn|1
|inactive|jjavi has 30 seconds left.
|inactive|chiyufluttermain has 30 seconds left.
|inactive|jjavi has 20 seconds left.
|inactive|chiyufluttermain has 20 seconds left.
|inactive|jjavi has 15 seconds left.
|inactive|jjavi has 10 seconds left.
|
|t:|1784800625
|detailschange|p1a: Metagross|Metagross-Mega, L50
|-mega|p1a: Metagross|Metagross|Metagrossite
|move|p1b: Whimsicott|Tailwind|p1b: Whimsicott
|-sidestart|p1: jjavi|move: Tailwind
|move|p1a: Metagross|Stomping Tantrum|p2b: Incineroar
|-supereffective|p2b: Incineroar|1
|-damage|p2b: Incineroar|27/100
|move|p2a: Dragapult|Phantom Force||[still]
|-prepare|p2a: Dragapult|Phantom Force
|move|p2b: Incineroar|Flare Blitz|p1b: Whimsicott
|-supereffective|p1b: Whimsicott|1
|-enditem|p1b: Whimsicott|Focus Sash
|-damage|p1b: Whimsicott|1/100
|-status|p1b: Whimsicott|brn
|-damage|p2b: Incineroar|5/100|[from] Recoil
|
|-damage|p1b: Whimsicott|0 fnt|[from] brn
|faint|p1b: Whimsicott
|upkeep
|
|t:|1784800640
|switch|p1b: Garchomp|Garchomp, L50, F|100/100
|turn|2
|
|t:|1784800655
|switch|p1a: Farigiraf|Farigiraf, L50, F|100/100
|switch|p2b: Sinistcha|Sinistcha, L50|100/100
|move|p1b: Garchomp|Dragon Claw|p2b: Sinistcha
|-damage|p2b: Sinistcha|49/100
|-enditem|p2b: Sinistcha|Sitrus Berry|[eat]
|-heal|p2b: Sinistcha|74/100|[from] item: Sitrus Berry
|-damage|p1b: Garchomp|90/100|[from] item: Life Orb
|move|p2a: Dragapult|Phantom Force|p1a: Farigiraf|[from] lockedmove
|-immune|p1a: Farigiraf
|
|upkeep
|turn|3
|inactive|jjavi has 30 seconds left.
|inactive|chiyufluttermain has 30 seconds left.
|inactive|jjavi has 20 seconds left.
|
|t:|1784800690
|move|p2a: Dragapult|Protect|p2a: Dragapult
|-singleturn|p2a: Dragapult|Protect
|move|p1b: Garchomp|Dragon Claw|p2b: Sinistcha
|-crit|p2b: Sinistcha
|-damage|p2b: Sinistcha|3/100
|-damage|p1b: Garchomp|80/100|[from] item: Life Orb
|move|p1a: Farigiraf|Psychic|p2b: Sinistcha
|-damage|p2b: Sinistcha|0 fnt
|faint|p2b: Sinistcha
|
|upkeep
|
|t:|1784800700
|switch|p2b: Incineroar|Incineroar, L50, F|5/100
|-ability|p2b: Incineroar|Intimidate|boost
|-unboost|p1a: Farigiraf|atk|1
|-unboost|p1b: Garchomp|atk|1
|turn|4
|
|t:|1784800723
|switch|p2a: Sneasler|Sneasler, L50, M|100/100
|move|p1b: Garchomp|Dragon Claw|p2a: Sneasler
|-damage|p2a: Sneasler|43/100
|-damage|p1b: Garchomp|70/100|[from] item: Life Orb
|move|p1a: Farigiraf|Psychic|p2a: Sneasler
|-supereffective|p2a: Sneasler|2
|-damage|p2a: Sneasler|0 fnt
|faint|p2a: Sneasler
|move|p2b: Incineroar|Darkest Lariat|p1a: Farigiraf
|-supereffective|p1a: Farigiraf|1
|-damage|p1a: Farigiraf|26/100
|-enditem|p1a: Farigiraf|Sitrus Berry|[eat]
|-heal|p1a: Farigiraf|51/100|[from] item: Sitrus Berry
|
|-sideend|p1: jjavi|move: Tailwind
|upkeep
|
|t:|1784800728
|switch|p2a: Dragapult|Dragapult, L50, M|100/100
|turn|5
|
|t:|1784800743
|move|p2a: Dragapult|Dragon Darts|p1b: Garchomp
|-supereffective|p1b: Garchomp|1
|-damage|p1b: Garchomp|0 fnt
|-anim|p2a: Dragapult|Dragon Darts|p1a: Farigiraf
|-damage|p1a: Farigiraf|16/100
|faint|p1b: Garchomp
|-damage|p2a: Dragapult|90/100|[from] item: Life Orb
|move|p2b: Incineroar|Darkest Lariat|p1a: Farigiraf
|-supereffective|p1a: Farigiraf|1
|-damage|p1a: Farigiraf|0 fnt
|faint|p1a: Farigiraf
|
|upkeep
|
|t:|1784800746
|switch|p1b: Metagross|Metagross-Mega, L50|100/100
|turn|6
|
|t:|1784800763
|move|p2a: Dragapult|Phantom Force||[still]
|-prepare|p2a: Dragapult|Phantom Force
|move|p1b: Metagross|Psychic Fangs|p2a: Dragapult|[miss]
|-miss|p1b: Metagross|p2a: Dragapult
|move|p2b: Incineroar|Flare Blitz|p1b: Metagross
|-supereffective|p1b: Metagross|1
|-damage|p1b: Metagross|1/100
|-damage|p2b: Incineroar|0 fnt|[from] Recoil
|faint|p2b: Incineroar
|
|upkeep
|turn|7
|-message|jjavi forfeited.
|
|win|chiyufluttermain
|raw|jjavi's rating: 1071 → 1049(-22 for losing)
|raw|chiyufluttermain's rating: 1040 → 1077(+37 for winning)
