|j|☆sille rovert
|j|☆palle synchro
|html|sille rovertpalle synchro    
|uhtml|bestof|Game 2 of a best-of-3
|t:|1783523580
|gametype|doubles
|player|p1|sille rovert|trevor|1381
|player|p2|palle synchro|volkner|1477
|gen|9
|tier|[Gen 9 Champions] VGC 2026 Reg M-B (Bo3)
|rated|
|rule|Species Clause: Limit one of each Pokémon
|rule|Item Clause: Limit 1 of each item
|clearpoke
|poke|p1|Scovillain, L50, F|
|poke|p1|Ceruledge, L50, M|
|poke|p1|Froslass, L50, F|
|poke|p1|Sneasler, L50, M|
|poke|p1|Garchomp, L50, M|
|poke|p1|Hydreigon, L50, F|
|poke|p2|Swampert, L50, F|
|poke|p2|Pelipper, L50, M|
|poke|p2|Archaludon, L50, F, shiny|
|poke|p2|Sableye, L50, F|
|poke|p2|Venusaur, L50, M|
|poke|p2|Charizard, L50, M, shiny|
|teampreview|4
|showteam|p1|Scovillain||Scovillainite|Moody|Overheat,LeechSeed,RagePowder,Protect|Calm||F|||50|]Ceruledge||ColburBerry|FlashFire|BitterBlade,ShadowSneak,SwordsDance,Protect|Adamant||M|||50|]Froslass||Froslassite|CursedBody|Blizzard,ShadowBall,AuroraVeil,Protect|Modest||F|||50|]Sneasler||WhiteHerb|Unburden|CloseCombat,DireClaw,FakeOut,Protect|Adamant||M|||50|]Garchomp||LifeOrb|RoughSkin|StompingTantrum,RockSlide,Earthquake,Protect|Jolly||M|||50|]Hydreigon||ChoiceScarf|Levitate|DracoMeteor,DarkPulse,HeatWave,Snarl|Timid||F|||50|
|showteam|p2|Swampert||Swampertite|Torrent|WaveCrash,HighHorsepower,IcePunch,Protect|Adamant||F|||50|]Pelipper||SitrusBerry|Drizzle|WeatherBall,Hurricane,Tailwind,Protect|Modest||M|||50|]Archaludon||Leftovers|Stamina|DragonPulse,FlashCannon,ElectroShot,Protect|Modest||F|||50|]Sableye||RoseliBerry|Prankster|Encore,LightScreen,WillOWisp,RainDance|Sassy||F|||50|]Venusaur||LifeOrb|Chlorophyll|EnergyBall,SludgeBomb,EarthPower,Protect|Modest||M|||50|]Charizard||CharizarditeY|Blaze|WeatherBall,HeatWave,Hurricane,Protect|Modest||M|||50|
|inactive|Battle timer is ON: inactive players will automatically lose when time's up. (requested by palle synchro)
|
|t:|1783523601
|teamsize|p1|4
|teamsize|p2|4
|start
|switch|p1a: Sneasler|Sneasler, L50, M|100/100
|switch|p1b: Scovillain|Scovillain, L50, F|100/100
|switch|p2a: Swampert|Swampert, L50, F|100/100
|switch|p2b: Sableye|Sableye, L50, F|100/100
|turn|1
|
|t:|1783523624
|switch|p2a: Archaludon|Archaludon, L50, F, shiny|100/100
|switch|p2b: Pelipper|Pelipper, L50, M|100/100
|-weather|RainDance|[from] ability: Drizzle|[of] p2b: Pelipper
|detailschange|p1b: Scovillain|Scovillain-Mega, L50, F
|-mega|p1b: Scovillain|Scovillain|Scovillainite
|move|p1a: Sneasler|Fake Out|p2a: Archaludon
|-resisted|p2a: Archaludon|1
|-damage|p2a: Archaludon|94/100
|-ability|p2a: Archaludon|Stamina|boost
|-boost|p2a: Archaludon|def|1
|move|p1b: Scovillain|Leech Seed|p2b: Pelipper
|-start|p2b: Pelipper|move: Leech Seed
|
|-weather|RainDance|[upkeep]
|-heal|p2a: Archaludon|100/100|[from] item: Leftovers
|-damage|p2b: Pelipper|87/100|[from] Leech Seed|[of] p1b: Scovillain
|upkeep
|turn|2
|
|t:|1783523640
|move|p1b: Scovillain|Rage Powder|p1b: Scovillain
|-singleturn|p1b: Scovillain|move: Rage Powder
|move|p1a: Sneasler|Dire Claw|p2b: Pelipper
|-damage|p2b: Pelipper|37/100
|-enditem|p2b: Pelipper|Sitrus Berry|[eat]
|-heal|p2b: Pelipper|62/100|[from] item: Sitrus Berry
|move|p2a: Archaludon|Electro Shot||[still]
|-prepare|p2a: Archaludon|Electro Shot
|-boost|p2a: Archaludon|spa|1
|-anim|p2a: Archaludon|Electro Shot|p1b: Scovillain
|-resisted|p1b: Scovillain|1
|-damage|p1b: Scovillain|70/100
|-status|p2a: Archaludon|brn|[from] ability: Spicy Spray|[of] p1b: Scovillain
|move|p2b: Pelipper|Tailwind|p2b: Pelipper
|-sidestart|p2: palle synchro|move: Tailwind
|
|-weather|RainDance|[upkeep]
|-damage|p2b: Pelipper|50/100g|[from] Leech Seed|[of] p1b: Scovillain
|-heal|p1b: Scovillain|82/100|[silent]
|-damage|p2a: Archaludon|93/100 brn|[from] brn
|upkeep
|turn|3
|
|t:|1783523658
|move|p1a: Sneasler|Protect|p1a: Sneasler
|-singleturn|p1a: Sneasler|Protect
|move|p1b: Scovillain|Protect|p1b: Scovillain
|-singleturn|p1b: Scovillain|Protect
|move|p2a: Archaludon|Electro Shot||[still]
|-prepare|p2a: Archaludon|Electro Shot
|-boost|p2a: Archaludon|spa|1
|-anim|p2a: Archaludon|Electro Shot|p1a: Sneasler
|-activate|p1a: Sneasler|move: Protect
|move|p2b: Pelipper|Hurricane|p1b: Scovillain
|-activate|p1b: Scovillain|move: Protect
|
|-weather|RainDance|[upkeep]
|-heal|p2a: Archaludon|100/100 brn|[from] item: Leftovers
|-damage|p2b: Pelipper|38/100|[from] Leech Seed|[of] p1b: Scovillain
|-heal|p1b: Scovillain|94/100|[silent]
|-damage|p2a: Archaludon|93/100 brn|[from] brn
|upkeep
|turn|4
|
|t:|1783523677
|switch|p2b: Sableye|Sableye, L50, F|100/100
|move|p1b: Scovillain|Rage Powder|p1b: Scovillain
|-singleturn|p1b: Scovillain|move: Rage Powder
|move|p2a: Archaludon|Dragon Pulse|p1b: Scovillain
|-damage|p1b: Scovillain|20/100y
|move|p1a: Sneasler|Close Combat|p2a: Archaludon
|-supereffective|p2a: Archaludon|1
|-damage|p2a: Archaludon|26/100 brn
|-unboost|p1a: Sneasler|def|1
|-unboost|p1a: Sneasler|spd|1
|-ability|p2a: Archaludon|Stamina|boost
|-boost|p2a: Archaludon|def|1
|-enditem|p1a: Sneasler|White Herb
|-clearnegativeboost|p1a: Sneasler|[silent]
|
|-weather|RainDance|[upkeep]
|-heal|p2a: Archaludon|32/100 brn|[from] item: Leftovers
|-damage|p2a: Archaludon|26/100 brn|[from] brn
|upkeep
|turn|5
|inactive|palle synchro has 30 seconds left.
|
|t:|1783523703
|move|p1b: Scovillain|Rage Powder|p1b: Scovillain
|-singleturn|p1b: Scovillain|move: Rage Powder
|move|p2b: Sableye|Light Screen|p2b: Sableye
|-sidestart|p2: palle synchro|move: Light Screen
|move|p1a: Sneasler|Close Combat|p2a: Archaludon
|-supereffective|p2a: Archaludon|1
|-damage|p2a: Archaludon|0 fnt
|-unboost|p1a: Sneasler|def|1
|-unboost|p1a: Sneasler|spd|1
|faint|p2a: Archaludon
|
|-weather|none
|-sideend|p2: palle synchro|move: Tailwind
|upkeep
|-message|palle synchro forfeited.
|
|win|sille rovert
