|j|☆Invoker Kuzan
|j|☆Lucario Palworld
|html|Invoker KuzanLucario Palworld    
|uhtml|bestof|Game 2 of a best-of-3
|t:|1756396426
|gametype|doubles
|player|p1|Invoker Kuzan|marnie-masters3|1336
|player|p2|Lucario Palworld|1|1345
|gen|9
|tier|[Gen 9] VGC 2025 Reg H (Bo3)
|rated|
|rule|Species Clause: Limit one of each Pokémon
|rule|Item Clause: Limit 1 of each item
|clearpoke
|poke|p1|Indeedee-F, L50, F|
|poke|p1|Hatterene, L50, F|
|poke|p1|Gallade, L50, M|
|poke|p1|Ursaluna, L50, M|
|poke|p1|Lilligant-Hisui, L50, F|
|poke|p1|Torkoal, L50, M|
|poke|p2|Gholdengo, L50|
|poke|p2|Perrserker, L50, M|
|poke|p2|Dondozo, L50, M|
|poke|p2|Tatsugiri, L50, M|
|poke|p2|Weezing-Galar, L50, F|
|poke|p2|Typhlosion-Hisui, L50, F|
|teampreview|4
|showteam|p1|Indeedee-F||PsychicSeed|PsychicSurge|TrickRoom,FollowMe,HelpingHand,DazzlingGleam|||F|||50|,,,,,Fire]Hatterene||LifeOrb|MagicBounce|ExpandingForce,TrickRoom,DazzlingGleam,Protect|||F|||50|,,,,,Psychic]Gallade||ClearAmulet|Sharpness|PsychoCut,TrickRoom,SacredSword,WideGuard|||M|||50|,,,,,Grass]Ursaluna||FlameOrb|Guts|HeadlongRush,Facade,SwordsDance,Protect|||M|||50|,,,,,Ghost]Lilligant-Hisui||FocusSash|Chlorophyll|SolarBlade,SleepPowder,CloseCombat,AfterYou|||F|||50|,,,,,Ghost]Torkoal||ChoiceSpecs|Drought|Eruption,HeatWave,WeatherBall,EarthPower|||M|||50|,,,,,Fire
|showteam|p2|Gholdengo||ChoiceSpecs|GoodasGold|MakeItRain,ShadowBall,Thunderbolt,FocusBlast||||||50|,,,,,Steel]Perrserker||ChopleBerry|SteelySpirit|FakeOut,IronHead,Taunt,KnockOff|||M|||50|,,,,,Steel]Dondozo||ClearAmulet|Unaware|WaveCrash,Earthquake,OrderUp,Protect|||M|||50|,,,,,Grass]Tatsugiri||ChoiceScarf|Commander|MuddyWater,DracoMeteor,DragonPulse,IcyWind|||M|||50|,,,,,Steel]Weezing-Galar||CovertCloak|NeutralizingGas|DazzlingGleam,Taunt,SludgeBomb,Protect|||F|||50|,,,,,Grass]Typhlosion-Hisui||FocusSash|Blaze|Eruption,ShadowBall,TeraBlast,Protect|||F|||50|,,,,,Fairy
|
|t:|1756396448
|teamsize|p1|4
|teamsize|p2|4
|start
|switch|p1a: Lilligant|Lilligant-Hisui, L50, F, shiny|100/100
|switch|p1b: Torkoal|Torkoal, L50, M, shiny|100/100
|switch|p2a: Typhlosion|Typhlosion-Hisui, L50, F|100/100
|switch|p2b: Weezing|Weezing-Galar, L50, F|100/100
|-ability|p2b: Weezing|Neutralizing Gas
|turn|1
|
|t:|1756396461
|-terastallize|p1b: Torkoal|Fire
|move|p1a: Lilligant|After You|p1b: Torkoal
|-activate|p1b: Torkoal|move: After You
|move|p1b: Torkoal|Eruption|p2a: Typhlosion|[spread] p2a,p2b
|-resisted|p2a: Typhlosion
|-damage|p2a: Typhlosion|37/100
|-damage|p2b: Weezing|0 fnt
|faint|p2b: Weezing
|-end|p2b: Weezing|ability: Neutralizing Gas
|-weather|SunnyDay|[from] ability: Drought|[of] p1b: Torkoal
|move|p2a: Typhlosion|Eruption|p1a: Lilligant|[spread] p1a,p1b
|-supereffective|p1a: Lilligant
|-resisted|p1b: Torkoal
|-damage|p1a: Lilligant|13/100
|-damage|p1b: Torkoal|81/100
|
|-weather|SunnyDay|[upkeep]
|upkeep
|
|t:|1756396474
|switch|p2b: Dondozo|Dondozo, L50, M|100/100
|turn|2
|
|t:|1756396491
|switch|p2a: Tatsugiri|Tatsugiri, L50, M|100/100
|-activate|p2a: Tatsugiri|ability: Commander|[of] p2b: Dondozo
|-boost|p2b: Dondozo|atk|2
|-boost|p2b: Dondozo|spa|2
|-boost|p2b: Dondozo|spe|2
|-boost|p2b: Dondozo|def|2
|-boost|p2b: Dondozo|spd|2
|-terastallize|p2b: Dondozo|Grass
|move|p1a: Lilligant|After You|p1b: Torkoal
|-activate|p1b: Torkoal|move: After You
|move|p1b: Torkoal|Eruption|p2b: Dondozo|[spread] p2b
|-miss|p1b: Torkoal|p2a: Tatsugiri
|-supereffective|p2b: Dondozo
|-damage|p2b: Dondozo|0 fnt
|faint|p2b: Dondozo
|
|-weather|SunnyDay|[upkeep]
|upkeep
|
|t:|1756396501
|switch|p2b: Typhlosion|Typhlosion-Hisui, L50, F|37/100
|turn|3
|
|t:|1756396509
|move|p2b: Typhlosion|Protect|p2b: Typhlosion
|-singleturn|p2b: Typhlosion|Protect
|move|p1a: Lilligant|After You|p1b: Torkoal
|-activate|p1b: Torkoal|move: After You
|move|p1b: Torkoal|Eruption|p2a: Tatsugiri|[spread] p2a
|-activate|p2b: Typhlosion|move: Protect
|-resisted|p2a: Tatsugiri
|-damage|p2a: Tatsugiri|61/100
|move|p2a: Tatsugiri|Icy Wind|p1b: Torkoal|[spread] p1a,p1b
|-supereffective|p1a: Lilligant
|-resisted|p1b: Torkoal
|-crit|p1b: Torkoal
|-damage|p1a: Lilligant|0 fnt
|-damage|p1b: Torkoal|65/100
|-unboost|p1b: Torkoal|spe|1
|faint|p1a: Lilligant
|
|-weather|SunnyDay|[upkeep]
|upkeep
|
|t:|1756396513
|switch|p1a: Indeedee|Indeedee-F, L50, F, shiny|100/100
|-fieldstart|move: Psychic Terrain|[from] ability: Psychic Surge|[of] p1a: Indeedee
|-enditem|p1a: Indeedee|Psychic Seed
|-boost|p1a: Indeedee|spd|1|[from] item: Psychic Seed
|turn|4
|
|t:|1756396526
|switch|p1b: Ursaluna|Ursaluna, L50, M, shiny|100/100
|move|p2a: Tatsugiri|Icy Wind|p1b: Ursaluna|[spread] p1b
|-miss|p2a: Tatsugiri|p1a: Indeedee
|-supereffective|p1b: Ursaluna
|-damage|p1b: Ursaluna|73/100
|-unboost|p1b: Ursaluna|spe|1
|move|p2b: Typhlosion|Eruption|p1a: Indeedee|[spread] p1a,p1b
|-damage|p1a: Indeedee|83/100
|-damage|p1b: Ursaluna|46/100
|move|p1a: Indeedee|Trick Room|p1a: Indeedee
|-fieldstart|move: Trick Room|[of] p1a: Indeedee
|
|-weather|SunnyDay|[upkeep]
|-status|p1b: Ursaluna|brn|[from] item: Flame Orb
|upkeep
|turn|5
|
|t:|1756396538
|move|p1b: Ursaluna|Facade|p2a: Tatsugiri
|-damage|p2a: Tatsugiri|0 fnt
|faint|p2a: Tatsugiri
|move|p1a: Indeedee|Dazzling Gleam|p2b: Typhlosion
|-resisted|p2b: Typhlosion
|-damage|p2b: Typhlosion|25/100
|move|p2b: Typhlosion|Eruption|p1a: Indeedee|[spread] p1a,p1b
|-damage|p1a: Indeedee|64/100
|-damage|p1b: Ursaluna|18/100 brn
|
|-weather|none
|-damage|p1b: Ursaluna|12/100 brn|[from] brn
|upkeep
|turn|6
|
|t:|1756396542
|move|p2b: Typhlosion|Protect|p2b: Typhlosion
|-singleturn|p2b: Typhlosion|Protect
|move|p1b: Ursaluna|Headlong Rush|p2b: Typhlosion
|-activate|p2b: Typhlosion|move: Protect
|move|p1a: Indeedee|Dazzling Gleam|p2b: Typhlosion
|-activate|p2b: Typhlosion|move: Protect
|
|-damage|p1b: Ursaluna|6/100 brn|[from] brn
|upkeep
|turn|7
|
|t:|1756396546
|move|p2b: Typhlosion|Protect||[still]
|-fail|p2b: Typhlosion
|move|p1b: Ursaluna|Headlong Rush|p2b: Typhlosion
|-supereffective|p2b: Typhlosion
|-damage|p2b: Typhlosion|0 fnt
|-unboost|p1b: Ursaluna|def|1
|-unboost|p1b: Ursaluna|spd|1
|faint|p2b: Typhlosion
|
|win|Invoker Kuzan
||Invoker Kuzan is ready for game 3.
||Lucario Palworld is ready for game 3.
|uhtml|next|Next: Game 3 of 3
|l|☆Lucario Palworld
|player|p2|
