|j|☆higidybigidy
|j|☆breloomb01
|html|higidybigidybreloomb01    
|uhtml|bestof|Game 2 of a best-of-3
|t:|1783032727
|gametype|doubles
|player|p1|higidybigidy|chuck|1152
|player|p2|breloomb01|roughneck|1290
|gen|9
|tier|[Gen 9 Champions] VGC 2026 Reg M-B (Bo3)
|rated|
|rule|Species Clause: Limit one of each Pokémon
|rule|Item Clause: Limit 1 of each item
|clearpoke
|poke|p1|Golurk, L50, shiny|
|poke|p1|Kangaskhan, L50, F|
|poke|p1|Torkoal, L50, F|
|poke|p1|Hatterene, L50, F|
|poke|p1|Farigiraf, L50, F, shiny|
|poke|p1|Lucario, L50, F, shiny|
|poke|p2|Gengar, L50, F, shiny|
|poke|p2|Swampert, L50, M, shiny|
|poke|p2|Incineroar, L50, F, shiny|
|poke|p2|Politoed, L50, F, shiny|
|poke|p2|Archaludon, L50, F, shiny|
|poke|p2|Vivillon-Polar, L50, F|
|teampreview|4
|showteam|p1|Golurk||Golurkite|IronFist|Protect,HeadlongRush,CloseCombat,Poltergeist|Brave|||||50|]Kangaskhan||SilkScarf|Scrappy|LastResort,FakeOut|Adamant||F|||50|]Torkoal||Charcoal|Drought|EarthPower,Protect,WeatherBall,Eruption|Quiet||F|||50|]Hatterene||FairyFeather|MagicBounce|Protect,TrickRoom,DazzlingGleam,Psychic|Quiet||F|||50|]Farigiraf||SitrusBerry|ArmorTail|Psychic,TrickRoom,HelpingHand,FoulPlay|Relaxed||F|||50|]Lucario||ChoiceScarf|InnerFocus|CloseCombat,FinalGambit,MeteorMash,Coaching|Jolly||F|||50|
|showteam|p2|Gengar||Gengarite|CursedBody|ShadowBall,PerishSong,SludgeBomb,Protect|Timid||F|||50|]Swampert||Swampertite|Torrent|WaveCrash,Earthquake,IcePunch,Protect|Adamant||M|||50|]Incineroar||PasshoBerry|Intimidate|ThroatChop,PartingShot,FakeOut,Protect|Sassy||F|||50|]Politoed||SitrusBerry|Drizzle|WeatherBall,PerishSong,Encore,Protect|Calm||F|||50|]Archaludon||Leftovers|Stamina|DragonPulse,FlashCannon,ElectroShot,Protect|Bold||F|||50|]Vivillon-Polar||FocusSash|CompoundEyes|Hurricane,SleepPowder,RagePowder,Protect|Timid||F|||50|
|inactive|Battle timer is ON: inactive players will automatically lose when time's up. (requested by higidybigidy)
|
|t:|1783032740
|teamsize|p1|4
|teamsize|p2|4
|start
|switch|p1a: Overworked mother|Kangaskhan, L50, F|100/100
|switch|p1b: Hat and mean|Hatterene, L50, F|100/100
|switch|p2a: Gengar|Gengar, L50, F, shiny|100/100
|switch|p2b: Vivillon|Vivillon-Polar, L50, F|100/100
|turn|1
|
|t:|1783032753
|detailschange|p2a: Gengar|Gengar-Mega, L50, F, shiny
|-mega|p2a: Gengar|Gengar|Gengarite
|move|p1a: Overworked mother|Fake Out|p2a: Gengar
|-crit|p2a: Gengar
|-damage|p2a: Gengar|63/100
|cant|p2a: Gengar|flinch
|move|p2b: Vivillon|Sleep Powder|p1a: Overworked mother
|-status|p1a: Overworked mother|slp|[from] move: Sleep Powder
|move|p1b: Hat and mean|Trick Room|p1b: Hat and mean
|-fieldstart|move: Trick Room|[of] p1b: Hat and mean
|
|upkeep
|turn|2
|
|t:|1783032772
|move|p2b: Vivillon|Rage Powder|p2b: Vivillon
|-singleturn|p2b: Vivillon|move: Rage Powder
|move|p1b: Hat and mean|Psychic|p2b: Vivillon
|-enditem|p2b: Vivillon|Focus Sash
|-damage|p2b: Vivillon|1/100
|cant|p1a: Overworked mother|slp
|move|p2a: Gengar|Perish Song|p2a: Gengar
|-start|p1a: Overworked mother|perish3|[silent]
|-start|p1b: Hat and mean|perish3|[silent]
|-start|p2a: Gengar|perish3|[silent]
|-start|p2b: Vivillon|perish3|[silent]
|-fieldactivate|move: Perish Song
|
|-start|p1b: Hat and mean|perish3
|-start|p1a: Overworked mother|perish3
|-start|p2b: Vivillon|perish3
|-start|p2a: Gengar|perish3
|upkeep
|turn|3
|
|t:|1783032789
|switch|p2b: Incineroar|Incineroar, L50, F, shiny|100/100
|-ability|p2b: Incineroar|Intimidate|boost
|-fail|p1a: Overworked mother|unboost|Attack|[from] ability: Scrappy|[of] p1a: Overworked mother
|-unboost|p1b: Hat and mean|atk|1
|move|p2a: Gengar|Protect|p2a: Gengar
|-singleturn|p2a: Gengar|Protect
|move|p1b: Hat and mean|Dazzling Gleam|p2a: Gengar|[spread] p2b
|-activate|p2a: Gengar|move: Protect
|-damage|p2b: Incineroar|68/100
|cant|p1a: Overworked mother|slp
|
|-start|p1b: Hat and mean|perish2
|-start|p1a: Overworked mother|perish2
|-start|p2a: Gengar|perish2
|upkeep
|turn|4
|inactive|higidybigidy has 30 seconds left.
|inactive|higidybigidy has 20 seconds left.
|
|t:|1783032825
|switch|p2a: Politoed|Politoed, L50, F, shiny|100/100
|-weather|RainDance|[from] ability: Drizzle|[of] p2a: Politoed
|move|p1b: Hat and mean|Psychic|p2a: Politoed
|-damage|p2a: Politoed|59/100
|-unboost|p2a: Politoed|spd|1
|move|p2b: Incineroar|Parting Shot|p1a: Overworked mother
|-unboost|p1a: Overworked mother|atk|1
|-unboost|p1a: Overworked mother|spa|1
|
|t:|1783032828
|switch|p2b: Gengar|Gengar-Mega, L50, F, shiny|63/100|[from] Parting Shot
|-curestatus|p1a: Overworked mother|slp|[msg]
|move|p1a: Overworked mother|Last Resort|p2b: Gengar
|-damage|p2b: Gengar|10/100
|
|-weather|RainDance|[upkeep]
|-start|p1b: Hat and mean|perish1
|-start|p1a: Overworked mother|perish1
|upkeep
|turn|5
|
|t:|1783032852
|switch|p2a: Incineroar|Incineroar, L50, F, shiny|68/100
|-ability|p2a: Incineroar|Intimidate|boost
|-fail|p1a: Overworked mother|unboost|Attack|[from] ability: Scrappy|[of] p1a: Overworked mother
|-unboost|p1b: Hat and mean|atk|1
|move|p2b: Gengar|Protect|p2b: Gengar
|-singleturn|p2b: Gengar|Protect
|move|p1b: Hat and mean|Dazzling Gleam|p2a: Incineroar|[spread] p2a
|-activate|p2b: Gengar|move: Protect
|-damage|p2a: Incineroar|38/100
|move|p1a: Overworked mother|Last Resort|p2a: Incineroar
|-damage|p2a: Incineroar|0 fnt
|faint|p2a: Incineroar
|
|-weather|RainDance|[upkeep]
|-start|p1b: Hat and mean|perish0
|-start|p1a: Overworked mother|perish0
|-fieldend|move: Trick Room
|faint|p1b: Hat and mean
|faint|p1a: Overworked mother
|upkeep
|
|t:|1783032872
|switch|p1a: Get off my lawn|Torkoal, L50, F|100/100
|switch|p2a: Vivillon|Vivillon-Polar, L50, F|1/100
|switch|p1b: King K. Rool|Golurk, L50, shiny|100/100
|-weather|SunnyDay|[from] ability: Drought|[of] p1a: Get off my lawn
|turn|6
|
|t:|1783032889
|detailschange|p1b: King K. Rool|Golurk-Mega, L50, shiny
|-mega|p1b: King K. Rool|Golurk|Golurkite
|move|p2b: Gengar|Shadow Ball|p1b: King K. Rool
|-supereffective|p1b: King K. Rool|1
|-damage|p1b: King K. Rool|25/100
|-unboost|p1b: King K. Rool|spd|1
|move|p2a: Vivillon|Sleep Powder|p1a: Get off my lawn
|-status|p1a: Get off my lawn|slp|[from] move: Sleep Powder
|move|p1b: King K. Rool|Poltergeist|p2b: Gengar
|-activate|p2b: Gengar|move: Poltergeist|Gengarite
|-supereffective|p2b: Gengar|1
|-damage|p2b: Gengar|0 fnt
|faint|p2b: Gengar
|cant|p1a: Get off my lawn|slp
|
|-weather|SunnyDay|[upkeep]
|upkeep
|
|t:|1783032891
|switch|p2b: Politoed|Politoed, L50, F, shiny|59/100
|-weather|RainDance|[from] ability: Drizzle|[of] p2b: Politoed
|turn|7
|inactive|higidybigidy has 30 seconds left.
|
|t:|1783032924
|move|p2a: Vivillon|Hurricane|p1b: King K. Rool
|-damage|p1b: King K. Rool|0 fnt
|faint|p1b: King K. Rool
|move|p2b: Politoed|Weather Ball|p1a: Get off my lawn
|-supereffective|p1a: Get off my lawn|1
|-damage|p1a: Get off my lawn|0 fnt
|faint|p1a: Get off my lawn
|
|win|breloomb01
|raw|higidybigidy's rating: 1152 → 1136(-16 for losing)
|raw|breloomb01's rating: 1290 → 1306(+16 for winning)
|l|☆higidybigidy
|player|p1|
