|j|☆corndog7
|j|☆Bread2468
|html|corndog7Bread2468    
|uhtml|bestof|Game 2 of a best-of-3
|t:|1757045721
|gametype|doubles
|player|p1|corndog7|roughneck|1238
|player|p2|Bread2468|266|1136
|gen|9
|tier|[Gen 9] VGC 2025 Reg H (Bo3)
|rated|
|rule|Species Clause: Limit one of each Pokémon
|rule|Item Clause: Limit 1 of each item
|clearpoke
|poke|p1|Gholdengo, L50|
|poke|p1|Sneasler, L50, M|
|poke|p1|Rillaboom, L50, F|
|poke|p1|Volcarona, L50, F|
|poke|p1|Milotic, L50, F|
|poke|p1|Hydreigon, L50, M|
|poke|p2|Gholdengo, L50|
|poke|p2|Sneasler, L50, F|
|poke|p2|Incineroar, L50, F|
|poke|p2|Amoonguss, L50, F|
|poke|p2|Dragonite, L50, F|
|poke|p2|Ursaluna-Bloodmoon, L50, M|
|teampreview|4
|showteam|p1|Gholdengo||LifeOrb|GoodasGold|MakeItRain,ShadowBall,NastyPlot,Protect||||||50|,,,,,Dragon]Sneasler||FocusSash|Unburden|FakeOut,DireClaw,CloseCombat,Protect|||M|||50|,,,,,Fairy]Rillaboom||AssaultVest|GrassySurge|FakeOut,GrassyGlide,WoodHammer,HighHorsepower|||F|||50|,,,,,Ground]Volcarona||CovertCloak|FlameBody|HeatWave,StruggleBug,RagePowder,Tailwind|||F|||50|,,,,,Dragon]Milotic||SitrusBerry|Competitive|Scald,MuddyWater,IcyWind,Protect|||F|||50|,,,,,Dragon]Hydreigon||SafetyGoggles|Levitate|DracoMeteor,Snarl,Taunt,Protect|||M|||50|,,,,,Ghost
|showteam|p2|Gholdengo||LifeOrb|GoodasGold|MakeItRain,ShadowBall,NastyPlot,Protect||||||50|,,,,,Water]Sneasler||FocusSash|PoisonTouch|ThroatChop,CloseCombat,DireClaw,Protect|||F|||50|,,,,,Stellar]Incineroar||SafetyGoggles|Intimidate|FakeOut,FlareBlitz,KnockOff,PartingShot|||F|||50|,,,,,Ghost]Amoonguss||SitrusBerry|Regenerator|Spore,RagePowder,SludgeBomb,Protect|||F|||50|,,,,,Psychic]Dragonite||LoadedDice|Multiscale|ScaleShot,Haze,Tailwind,Protect|||F|||50|,,,,,Fairy]Ursaluna-Bloodmoon||AssaultVest|MindsEye|HyperVoice,BloodMoon,EarthPower,VacuumWave|||M|||50|,,,,,Normal
|inactive|Battle timer is ON: inactive players will automatically lose when time's up. (requested by corndog7)
|inactive|Bread2468 also wants the timer to be on.
|inactive|corndog7 has 60 seconds left.
|inactive|corndog7 has 30 seconds left.
|inactive|corndog7 has 20 seconds left.
|
|t:|1757045795
|teamsize|p1|4
|teamsize|p2|4
|start
|switch|p1a: Gholdengo|Gholdengo, L50|100/100
|switch|p1b: Hydreigon|Hydreigon, L50, M|100/100
|switch|p2a: Ursaluna|Ursaluna-Bloodmoon, L50, M|100/100
|switch|p2b: Dragonite|Dragonite, L50, F|100/100
|turn|1
|
|t:|1757045825
|-terastallize|p1b: Hydreigon|Ghost
|move|p2b: Dragonite|Protect|p2b: Dragonite
|-singleturn|p2b: Dragonite|Protect
|move|p1a: Gholdengo|Make It Rain|p2b: Dragonite|[spread] p2a
|-activate|p2b: Dragonite|move: Protect
|-damage|p2a: Ursaluna|53/100
|-unboost|p1a: Gholdengo|spa|1
|-damage|p1a: Gholdengo|91/100|[from] item: Life Orb
|move|p1b: Hydreigon|Taunt|p2b: Dragonite
|-activate|p2b: Dragonite|move: Protect
|move|p2a: Ursaluna|Blood Moon|p1b: Hydreigon
|-damage|p1b: Hydreigon|12/100
|
|upkeep
|turn|2
|
|t:|1757045849
|switch|p1b: Volcarona|Volcarona, L50, F|100/100
|move|p2a: Ursaluna|Vacuum Wave|p1b: Volcarona
|-resisted|p1b: Volcarona
|-damage|p1b: Volcarona|93/100
|move|p1a: Gholdengo|Make It Rain|p2b: Dragonite|[spread] p2a,p2b
|-damage|p2a: Ursaluna|22/100
|-damage|p2b: Dragonite|79/100
|-unboost|p1a: Gholdengo|spa|1
|-damage|p1a: Gholdengo|81/100|[from] item: Life Orb
|move|p2b: Dragonite|Tailwind|p2b: Dragonite
|-sidestart|p2: Bread2468|move: Tailwind
|
|upkeep
|turn|3
|
|t:|1757045869
|-terastallize|p2a: Ursaluna|Normal
|move|p2b: Dragonite|Scale Shot|p1b: Volcarona
|-damage|p1b: Volcarona|79/100
|-damage|p1b: Volcarona|66/100
|-damage|p1b: Volcarona|52/100
|-damage|p1b: Volcarona|39/100
|-damage|p1b: Volcarona|24/100
|-hitcount|p1b: Volcarona|5
|-unboost|p2b: Dragonite|def|1
|-boost|p2b: Dragonite|spe|1
|move|p2a: Ursaluna|Hyper Voice|p1b: Volcarona|[spread] p1a,p1b
|-resisted|p1a: Gholdengo
|-crit|p1b: Volcarona
|-damage|p1a: Gholdengo|49/100
|-damage|p1b: Volcarona|0 fnt
|faint|p1b: Volcarona
|move|p1a: Gholdengo|Nasty Plot|p1a: Gholdengo
|-boost|p1a: Gholdengo|spa|2
|
|upkeep
|
|t:|1757045872
|switch|p1b: Milotic|Milotic, L50, F|100/100
|turn|4
|
|t:|1757045894
|move|p1a: Gholdengo|Protect|p1a: Gholdengo
|-singleturn|p1a: Gholdengo|Protect
|move|p2b: Dragonite|Scale Shot|p1a: Gholdengo
|-activate|p1a: Gholdengo|move: Protect
|move|p2a: Ursaluna|Hyper Voice|p1a: Gholdengo|[spread] p1b
|-activate|p1a: Gholdengo|move: Protect
|-damage|p1b: Milotic|64/100
|move|p1b: Milotic|Icy Wind|p2a: Ursaluna|[spread] p2a,p2b
|-supereffective|p2b: Dragonite
|-damage|p2a: Ursaluna|12/100
|-damage|p2b: Dragonite|29/100
|-unboost|p2a: Ursaluna|spe|1
|-unboost|p2b: Dragonite|spe|1
|
|upkeep
|turn|5
|
|t:|1757045914
|move|p1a: Gholdengo|Protect||[still]
|-fail|p1a: Gholdengo
|move|p2b: Dragonite|Haze|p2b: Dragonite
|-clearallboost
|move|p2a: Ursaluna|Blood Moon|p1a: Gholdengo
|-resisted|p1a: Gholdengo
|-damage|p1a: Gholdengo|0 fnt
|faint|p1a: Gholdengo
|move|p1b: Milotic|Muddy Water|p2a: Ursaluna|[spread] p2a,p2b
|-resisted|p2b: Dragonite
|-damage|p2a: Ursaluna|0 fnt
|-damage|p2b: Dragonite|12/100
|-unboost|p2b: Dragonite|accuracy|1
|faint|p2a: Ursaluna
|
|-sideend|p2: Bread2468|move: Tailwind
|upkeep
|
|t:|1757045932
|switch|p1a: Hydreigon|Hydreigon, L50, M, tera:Ghost|12/100
|switch|p2a: Amoonguss|Amoonguss, L50, F|100/100
|turn|6
|
|t:|1757045948
|move|p1a: Hydreigon|Snarl|p2a: Amoonguss|[spread] p2a,p2b
|-damage|p2a: Amoonguss|84/100
|-damage|p2b: Dragonite|0 fnt
|-unboost|p2a: Amoonguss|spa|1
|faint|p2b: Dragonite
|move|p1b: Milotic|Icy Wind|p2a: Amoonguss
|-supereffective|p2a: Amoonguss
|-damage|p2a: Amoonguss|56/100
|-unboost|p2a: Amoonguss|spe|1
|move|p2a: Amoonguss|Spore|p1b: Milotic
|-status|p1b: Milotic|slp|[from] move: Spore
|
|upkeep
|
|t:|1757045951
|switch|p2b: Gholdengo|Gholdengo, L50|100/100
|turn|7
|
|t:|1757045965
|move|p2b: Gholdengo|Shadow Ball|p1a: Hydreigon
|-supereffective|p1a: Hydreigon
|-damage|p1a: Hydreigon|0 fnt
|faint|p1a: Hydreigon
|-damage|p2b: Gholdengo|91/100|[from] item: Life Orb
|cant|p1b: Milotic|slp
|move|p2a: Amoonguss|Sludge Bomb|p1b: Milotic
|-damage|p1b: Milotic|51/100 slp
|
|upkeep
|turn|8
|-message|corndog7 forfeited.
|
|win|Bread2468
|raw|corndog7's rating: 1238 → 1206(-32 for losing)
|raw|Bread2468's rating: 1136 → 1168(+32 for winning)
|l|☆corndog7
|player|p1|
|l|☆Bread2468
|player|p2|
|j|☆Bread2468
|player|p2|Bread2468|266|
