|j|Ōśåjokkebrok
|j|Ōśånontelo
|html|jokkebroknontelo    
|uhtml|bestof|Game 2 of a best-of-3
|t:|1754898003
|gametype|doubles
|player|p1|jokkebrok|larry|1207
|player|p2|nontelo|cress|1320
|gen|9
|tier|[Gen 9] VGC 2025 Reg H (Bo3)
|rated|
|rule|Species Clause: Limit one of each Pok├®mon
|rule|Item Clause: Limit 1 of each item
|clearpoke
|poke|p1|Talonflame, L50, F|
|poke|p1|Garchomp, L50, F|
|poke|p1|Toxtricity, L50, F|
|poke|p1|Gardevoir, L50, M|
|poke|p1|Tsareena, L50, F|
|poke|p1|Basculegion, L50, M|
|poke|p2|Skeledirge, L50, M|
|poke|p2|Ninetales-Alola, L50, F|
|poke|p2|Rillaboom, L50, M|
|poke|p2|Basculegion, L50, M|
|poke|p2|Maushold, L50|
|poke|p2|Annihilape, L50, M|
|teampreview|4
|showteam|p1|Talonflame||SharpBeak|GaleWings|Protect,BraveBird,WillOWisp,Tailwind|||F|||50|,,,,,Ghost]Garchomp||ClearAmulet|RoughSkin|Protect,Earthquake,DragonClaw,StompingTantrum|||F|||50|,,,,,Steel]Toxtricity||ChoiceSpecs|PunkRock|Overdrive,Boomburst,SludgeBomb,HyperVoice|||F|||50|,,,,,Normal]Gardevoir||FocusSash|Telepathy|DazzlingGleam,Psychic,TrickRoom,Imprison|||M|||50|,,,,,Ghost]Tsareena||WideLens|QueenlyMajesty|Protect,PowerWhip,TripleAxel,HighJumpKick|||F|||50|,,,,,Fire]Basculegion||ChoiceScarf|Adaptability|WaveCrash,LastRespects,FlipTurn,AquaJet|||M|||50|,,,,,Water
|showteam|p2|Skeledirge||GrassySeed|Unaware|TorchSong,Yawn,SlackOff,Protect|||M|||50|,,,,,Water]Ninetales-Alola||LightClay|SnowWarning|Blizzard,AuroraVeil,Encore,Protect|||F|||50|,,,,,Ghost]Rillaboom||AssaultVest|GrassySurge|WoodHammer,GrassyGlide,Uturn,FakeOut|||M|||50|,,,,,Fire]Basculegion||ChoiceScarf|Adaptability|WaveCrash,FlipTurn,AquaJet,LastRespects|||M|||50|,,,,,Water]Maushold||SafetyGoggles|FriendGuard|BeatUp,FollowMe,Taunt,Protect||||||50|,,,,,Ghost]Annihilape||Leftovers|Defiant|RageFist,DrainPunch,BulkUp,Protect|||M|||50|,,,,,Fire
|c|Ōśåjokkebrok|that skeledirge went crazy
|c|Ōśåjokkebrok|what a cool mon
|inactive|Battle timer is ON: inactive players will automatically lose when time's up. (requested by nontelo)
|
|t:|1754898059
|teamsize|p1|4
|teamsize|p2|4
|start
|switch|p1a: Garchomp|Garchomp, L50, F|100/100
|switch|p1b: Toxtricity|Toxtricity, L50, F|100/100
|switch|p2a: Skeledirge|Skeledirge, L50, M|100/100
|switch|p2b: Rillaboom|Rillaboom, L50, M|100/100
|-fieldstart|move: Grassy Terrain|[from] ability: Grassy Surge|[of] p2b: Rillaboom
|-enditem|p2a: Skeledirge|Grassy Seed
|-boost|p2a: Skeledirge|def|1|[from] item: Grassy Seed
|turn|1
|c|Ōśånontelo|yeah is really cool
|inactive|jokkebrok has 30 seconds left.
|
|t:|1754898091
|move|p1a: Garchomp|Protect|p1a: Garchomp
|-singleturn|p1a: Garchomp|Protect
|move|p2b: Rillaboom|Fake Out|p1a: Garchomp
|-activate|p1a: Garchomp|move: Protect
|move|p1b: Toxtricity|Overdrive|p2b: Rillaboom|[spread] p2a,p2b
|-resisted|p2b: Rillaboom
|-damage|p2a: Skeledirge|59/100
|-damage|p2b: Rillaboom|83/100
|move|p2a: Skeledirge|Torch Song|p1b: Toxtricity
|-damage|p1b: Toxtricity|79/100
|-boost|p2a: Skeledirge|spa|1
|
|-heal|p1b: Toxtricity|84/100|[from] Grassy Terrain
|-heal|p2b: Rillaboom|88/100|[from] Grassy Terrain
|-heal|p2a: Skeledirge|65/100|[from] Grassy Terrain
|upkeep
|turn|2
|
|t:|1754898114
|move|p2a: Skeledirge|Protect|p2a: Skeledirge
|-singleturn|p2a: Skeledirge|Protect
|move|p1a: Garchomp|Stomping Tantrum|p2a: Skeledirge
|-activate|p2a: Skeledirge|move: Protect
|move|p1b: Toxtricity|Overdrive|p2b: Rillaboom|[spread] p2b
|-activate|p2a: Skeledirge|move: Protect
|-resisted|p2b: Rillaboom
|-damage|p2b: Rillaboom|69/100
|move|p2b: Rillaboom|U-turn|p1b: Toxtricity
|-resisted|p1b: Toxtricity
|-damage|p1b: Toxtricity|65/100
|
|t:|1754898127
|switch|p2b: Basculegion|Basculegion, L50, M|100/100|[from] U-turn
|
|-heal|p1b: Toxtricity|71/100|[from] Grassy Terrain
|-heal|p2a: Skeledirge|72/100|[from] Grassy Terrain
|upkeep
|turn|3
|
|t:|1754898152
|-terastallize|p1a: Garchomp|Steel
|-terastallize|p2a: Skeledirge|Water
|move|p2b: Basculegion|Wave Crash|p1b: Toxtricity
|-damage|p1b: Toxtricity|0 fnt
|faint|p1b: Toxtricity
|-damage|p2b: Basculegion|82/100|[from] Recoil
|move|p1a: Garchomp|Stomping Tantrum|p2a: Skeledirge
|-crit|p2a: Skeledirge
|-damage|p2a: Skeledirge|24/100
|move|p2a: Skeledirge|Slack Off|p2a: Skeledirge
|-heal|p2a: Skeledirge|74/100
|
|-heal|p2b: Basculegion|88/100|[from] Grassy Terrain
|-heal|p2a: Skeledirge|81/100|[from] Grassy Terrain
|upkeep
|
|t:|1754898168
|switch|p1b: Talonflame|Talonflame, L50, F|100/100
|turn|4
|
|t:|1754898192
|move|p1b: Talonflame|Protect|p1b: Talonflame
|-singleturn|p1b: Talonflame|Protect
|move|p2b: Basculegion|Wave Crash|p1b: Talonflame
|-activate|p1b: Talonflame|move: Protect
|move|p1a: Garchomp|Dragon Claw|p2b: Basculegion
|-damage|p2b: Basculegion|31/100
|move|p2a: Skeledirge|Torch Song|p1a: Garchomp
|-supereffective|p1a: Garchomp
|-damage|p1a: Garchomp|5/100
|-boost|p2a: Skeledirge|spa|1
|
|-heal|p2b: Basculegion|37/100|[from] Grassy Terrain
|-heal|p1a: Garchomp|11/100|[from] Grassy Terrain
|-heal|p2a: Skeledirge|87/100|[from] Grassy Terrain
|upkeep
|turn|5
|
|t:|1754898210
|move|p1b: Talonflame|Tailwind|p1b: Talonflame
|-sidestart|p1: jokkebrok|move: Tailwind
|move|p1a: Garchomp|Dragon Claw|p2b: Basculegion
|-damage|p2b: Basculegion|0 fnt
|faint|p2b: Basculegion
|move|p2a: Skeledirge|Torch Song|p1a: Garchomp
|-supereffective|p1a: Garchomp
|-crit|p1a: Garchomp
|-damage|p1a: Garchomp|0 fnt
|-boost|p2a: Skeledirge|spa|1
|faint|p1a: Garchomp
|
|-heal|p2a: Skeledirge|93/100|[from] Grassy Terrain
|-fieldend|move: Grassy Terrain
|upkeep
|
|t:|1754898224
|switch|p1a: Basculegion|Basculegion, L50, M|100/100
|switch|p2b: Ninetales|Ninetales-Alola, L50, F|100/100
|-weather|Snowscape|[from] ability: Snow Warning|[of] p2b: Ninetales
|turn|6
|inactive|jokkebrok has 30 seconds left.
|
|t:|1754898250
|move|p1b: Talonflame|Brave Bird|p2b: Ninetales
|-damage|p2b: Ninetales|52/100
|-damage|p1b: Talonflame|82/100|[from] Recoil
|move|p1a: Basculegion|Last Respects|p2b: Ninetales
|-damage|p2b: Ninetales|0 fnt
|faint|p2b: Ninetales
|move|p2a: Skeledirge|Torch Song|p1b: Talonflame
|-resisted|p1b: Talonflame
|-damage|p1b: Talonflame|27/100
|-boost|p2a: Skeledirge|spa|1
|
|-weather|Snowscape|[upkeep]
|upkeep
|
|t:|1754898262
|switch|p2b: Rillaboom|Rillaboom, L50, M|69/100
|-fieldstart|move: Grassy Terrain|[from] ability: Grassy Surge|[of] p2b: Rillaboom
|turn|7
|
|t:|1754898272
|move|p2b: Rillaboom|Fake Out|p1b: Talonflame
|-damage|p1b: Talonflame|6/100
|move|p1a: Basculegion|Last Respects|p2a: Skeledirge
|-damage|p2a: Skeledirge|42/100
|cant|p1b: Talonflame|flinch
|move|p2a: Skeledirge|Torch Song|p1b: Talonflame
|-resisted|p1b: Talonflame
|-damage|p1b: Talonflame|0 fnt
|-boost|p2a: Skeledirge|spa|1
|faint|p1b: Talonflame
|
|-weather|Snowscape|[upkeep]
|-heal|p2b: Rillaboom|75/100|[from] Grassy Terrain
|-heal|p2a: Skeledirge|48/100|[from] Grassy Terrain
|upkeep
|turn|8
|
|t:|1754898287
|move|p1a: Basculegion|Last Respects|p2b: Rillaboom
|-damage|p2b: Rillaboom|0 fnt
|faint|p2b: Rillaboom
|move|p2a: Skeledirge|Yawn|p1a: Basculegion
|-start|p1a: Basculegion|move: Yawn|[of] p2a: Skeledirge
|
|-weather|Snowscape|[upkeep]
|-heal|p2a: Skeledirge|54/100|[from] Grassy Terrain
|-sideend|p1: jokkebrok|move: Tailwind
|upkeep
|turn|9
|
|t:|1754898296
|move|p2a: Skeledirge|Protect|p2a: Skeledirge
|-singleturn|p2a: Skeledirge|Protect
|move|p1a: Basculegion|Last Respects|p2a: Skeledirge
|-activate|p2a: Skeledirge|move: Protect
|
|-weather|Snowscape|[upkeep]
|-heal|p2a: Skeledirge|60/100|[from] Grassy Terrain
|-end|p1a: Basculegion|move: Yawn|[silent]
|-status|p1a: Basculegion|slp
|upkeep
|turn|10
|c|Ōśåjokkebrok|yeah ggs lol
|
|t:|1754898306
|cant|p1a: Basculegion|slp
|move|p2a: Skeledirge|Slack Off|p2a: Skeledirge
|-heal|p2a: Skeledirge|100/100
|
|-weather|none
|upkeep
|turn|11
|
|t:|1754898312
|cant|p1a: Basculegion|slp
|move|p2a: Skeledirge|Yawn||[still]
|-fail|p2a: Skeledirge
|
|-fieldend|move: Grassy Terrain
|upkeep
|turn|12
|
|t:|1754898317
|cant|p1a: Basculegion|slp
|move|p2a: Skeledirge|Yawn||[still]
|-fail|p2a: Skeledirge
|
|upkeep
|turn|13
|
|t:|1754898322
|-curestatus|p1a: Basculegion|slp|[msg]
|move|p1a: Basculegion|Last Respects|p2a: Skeledirge
|-damage|p2a: Skeledirge|33/100
|move|p2a: Skeledirge|Yawn|p1a: Basculegion
|-start|p1a: Basculegion|move: Yawn|[of] p2a: Skeledirge
|
|upkeep
|turn|14
|
|t:|1754898330
|move|p2a: Skeledirge|Protect|p2a: Skeledirge
|-singleturn|p2a: Skeledirge|Protect
|move|p1a: Basculegion|Last Respects|p2a: Skeledirge
|-activate|p2a: Skeledirge|move: Protect
|
|-end|p1a: Basculegion|move: Yawn|[silent]
|-status|p1a: Basculegion|slp
|upkeep
|turn|15
|
|t:|1754898337
|cant|p1a: Basculegion|slp
|move|p2a: Skeledirge|Torch Song|p1a: Basculegion
|-resisted|p1a: Basculegion
|-damage|p1a: Basculegion|43/100 slp
|-boost|p2a: Skeledirge|spa|1
|
|upkeep
|turn|16
|
|t:|1754898344
|cant|p1a: Basculegion|slp
|move|p2a: Skeledirge|Torch Song|p1a: Basculegion
|-resisted|p1a: Basculegion
|-damage|p1a: Basculegion|0 fnt
|faint|p1a: Basculegion
|
|win|nontelo
|raw|jokkebrok's rating: 1207 → 1190(-17 for losing)
|raw|nontelo's rating: 1320 → 1334(+14 for winning)
|c|Ōśånontelo|gg
|l|Ōśånontelo
|player|p2|
