|j|☆bigdhrubo
|j|☆DGAvalon
|html|bigdhruboDGAvalon    
|uhtml|bestof|Game 2 of a best-of-3
|t:|1783838125
|gametype|doubles
|player|p1|bigdhrubo|169|
|player|p2|DGAvalon|rocketgruntf|
|gen|9
|tier|[Gen 9 Champions] VGC 2026 Reg M-B (Bo3)
|rule|Species Clause: Limit one of each Pokémon
|rule|Item Clause: Limit 1 of each item
|clearpoke
|poke|p1|Tyranitar, L50, M|
|poke|p1|Scovillain, L50, M|
|poke|p1|Garchomp, L50, F|
|poke|p1|Gardevoir, L50, M|
|poke|p1|Ampharos, L50, M|
|poke|p1|Chandelure, L50, M|
|poke|p2|Alakazam, L50, F|
|poke|p2|Wyrdeer, L50, M|
|poke|p2|Abomasnow, L50, M|
|poke|p2|Conkeldurr, L50, F|
|poke|p2|Maushold-Four, L50|
|poke|p2|Liepard, L50, M|
|teampreview|4
|showteam|p1|Tyranitar||Tyranitarite|SandStream|DragonDance,Crunch,RockSlide,Protect|Jolly||M|||50|]Scovillain||KebiaBerry|Moody|RagePowder,Protect,HelpingHand,Crunch|Adamant||M|||50|]Garchomp||YacheBerry|RoughSkin|DragonClaw,StompingTantrum,Protect,Crunch|Jolly||F|||50|]Gardevoir||FocusSash|Trace|MysticalFire,Protect,DestinyBond,DazzlingGleam|Modest||M|||50|]Ampharos||Ampharosite|Static|Protect,Discharge,DragonPulse,VoltSwitch|Quiet||M|||50|]Chandelure||KasibBerry|FlashFire|TrickRoom,HeatWave,ShadowBall,Protect|Quiet||M|||50|
|showteam|p2|Alakazam||FocusSash|InnerFocus|SpeedSwap,TrickRoom,Taunt,Psychic|Timid||F|||50|]Wyrdeer||MentalHerb|Intimidate|TrickRoom,Psychic,ShadowBall,Protect|Sassy||M|||50|]Abomasnow||Abomasite|SnowWarning|Protect,Blizzard,GigaDrain,AuroraVeil|Quiet||M|||50|]Conkeldurr||Leftovers|IronFist|DrainPunch,IcePunch,ThunderPunch,Protect|Brave||F|||50|]Maushold-Four||SitrusBerry|FriendGuard|FollowMe,Taunt,Protect,Crunch|Jolly|||||50|]Liepard||ChopleBerry|Prankster|FoulPlay,FakeOut,Yawn,Uturn|Calm||M|||50|
|
|t:|1783838149
|teamsize|p1|4
|teamsize|p2|4
|start
|switch|p1a: Tyranitar|Tyranitar, L50, M|100/100
|switch|p1b: Scovillain|Scovillain, L50, M|100/100
|switch|p2a: Alakazam|Alakazam, L50, F|100/100
|switch|p2b: Abomasnow|Abomasnow, L50, M|100/100
|-weather|Sandstorm|[from] ability: Sand Stream|[of] p1a: Tyranitar
|-weather|Snowscape|[from] ability: Snow Warning|[of] p2b: Abomasnow
|turn|1
|
|t:|1783838187
|switch|p1a: Gardevoir|Gardevoir, L50, M|100/100
|-ability|p1a: Gardevoir|Snow Warning|Trace|[from] ability: Trace|[of] p2b: Abomasnow
|detailschange|p2b: Abomasnow|Abomasnow-Mega, L50, M
|-mega|p2b: Abomasnow|Abomasnow|Abomasite
|move|p2a: Alakazam|Speed Swap|p2b: Abomasnow
|-activate|p2a: Alakazam|move: Speed Swap|[of] p2b: Abomasnow
|move|p2b: Abomasnow|Blizzard|p1b: Scovillain|[spread] p1a,p1b
|-damage|p1a: Gardevoir|58/100
|-damage|p1b: Scovillain|49/100
|move|p1b: Scovillain|Crunch|p2a: Alakazam
|-supereffective|p2a: Alakazam|1
|-damage|p2a: Alakazam|18/100
|
|-weather|Snowscape|[upkeep]
|-ability|p1b: Scovillain|Moody|boost
|-boost|p1b: Scovillain|spa|2
|-unboost|p1b: Scovillain|spe|1
|upkeep
|turn|2
|
|t:|1783838211
|switch|p2b: Wyrdeer|Wyrdeer, L50, M|100/100
|-ability|p2b: Wyrdeer|Intimidate|boost
|-unboost|p1a: Gardevoir|atk|1
|-unboost|p1b: Scovillain|atk|1
|move|p1b: Scovillain|Helping Hand|p1a: Gardevoir
|-singleturn|p1a: Gardevoir|Helping Hand|[of] p1b: Scovillain
|move|p1a: Gardevoir|Mystical Fire|p2b: Wyrdeer
|-damage|p2b: Wyrdeer|69/100
|-unboost|p2b: Wyrdeer|spa|1
|move|p2a: Alakazam|Trick Room|p2a: Alakazam
|-fieldstart|move: Trick Room|[of] p2a: Alakazam
|
|-weather|Snowscape|[upkeep]
|-ability|p1b: Scovillain|Moody|boost
|-boost|p1b: Scovillain|spe|2
|-unboost|p1b: Scovillain|spa|1
|upkeep
|turn|3
|c|☆bigdhrubo|these moody boosts are chef's kis
|
|t:|1783838252
|switch|p1b: Garchomp|Garchomp, L50, F|100/100
|move|p1a: Gardevoir|Protect|p1a: Gardevoir
|-singleturn|p1a: Gardevoir|Protect
|move|p2a: Alakazam|Psychic|p1b: Garchomp
|-damage|p1b: Garchomp|58/100
|move|p2b: Wyrdeer|Shadow Ball|p1a: Gardevoir
|-activate|p1a: Gardevoir|move: Protect
|
|-weather|Snowscape|[upkeep]
|upkeep
|turn|4
|c|☆DGAvalon|Moody is such an up and down ability can win and lose games on a dime
|
|t:|1783838275
|switch|p1a: Tyranitar|Tyranitar, L50, M|100/100
|-weather|Sandstorm|[from] ability: Sand Stream|[of] p1a: Tyranitar
|move|p2a: Alakazam|Psychic|p1b: Garchomp
|-damage|p1b: Garchomp|12/100
|move|p2b: Wyrdeer|Shadow Ball|p1a: Tyranitar
|-resisted|p1a: Tyranitar|1
|-damage|p1a: Tyranitar|96/100
|move|p1b: Garchomp|Crunch|p2b: Wyrdeer
|-supereffective|p2b: Wyrdeer|1
|-damage|p2b: Wyrdeer|1/100
|
|-weather|Sandstorm|[upkeep]
|-damage|p2a: Alakazam|12/100|[from] Sandstorm
|-damage|p2b: Wyrdeer|0 fnt|[from] Sandstorm
|faint|p2b: Wyrdeer
|upkeep
|
|t:|1783838290
|switch|p2b: Conkeldurr|Conkeldurr, L50, F|100/100
|turn|5
|
|t:|1783838305
|switch|p1a: Gardevoir|Gardevoir, L50, M|58/100
|-ability|p1a: Gardevoir|Inner Focus|Trace|[from] ability: Trace|[of] p2a: Alakazam
|move|p1b: Garchomp|Protect|p1b: Garchomp
|-singleturn|p1b: Garchomp|Protect
|move|p2a: Alakazam|Psychic|p1b: Garchomp
|-activate|p1b: Garchomp|move: Protect
|move|p2b: Conkeldurr|Drain Punch|p1a: Gardevoir
|-resisted|p1a: Gardevoir|2
|-crit|p1a: Gardevoir
|-damage|p1a: Gardevoir|30/100
|
|-weather|Sandstorm|[upkeep]
|-damage|p2a: Alakazam|6/100|[from] Sandstorm
|-damage|p2b: Conkeldurr|93/100|[from] Sandstorm
|-damage|p1a: Gardevoir|25/100|[from] Sandstorm
|-heal|p2b: Conkeldurr|100/100|[from] item: Leftovers
|upkeep
|turn|6
|
|t:|1783838347
|switch|p1b: Tyranitar|Tyranitar, L50, M|96/100
|move|p1a: Gardevoir|Protect|p1a: Gardevoir
|-singleturn|p1a: Gardevoir|Protect
|move|p2a: Alakazam|Psychic|p1b: Tyranitar
|-immune|p1b: Tyranitar
|move|p2b: Conkeldurr|Ice Punch|p1a: Gardevoir
|-activate|p1a: Gardevoir|move: Protect
|
|-weather|Sandstorm|[upkeep]
|-damage|p2a: Alakazam|0 fnt|[from] Sandstorm
|-damage|p2b: Conkeldurr|93/100|[from] Sandstorm
|-damage|p1a: Gardevoir|19/100|[from] Sandstorm
|faint|p2a: Alakazam
|-heal|p2b: Conkeldurr|100/100|[from] item: Leftovers
|-fieldend|move: Trick Room
|upkeep
|
|t:|1783838360
|switch|p2a: Abomasnow|Abomasnow-Mega, L50, M|100/100
|-weather|Snowscape|[from] ability: Snow Warning|[of] p2a: Abomasnow
|turn|7
|
|t:|1783838377
|detailschange|p1b: Tyranitar|Tyranitar-Mega, L50, M
|-mega|p1b: Tyranitar|Tyranitar|Tyranitarite
|-weather|Sandstorm|[from] ability: Sand Stream|[of] p1b: Tyranitar
|move|p1b: Tyranitar|Protect|p1b: Tyranitar
|-singleturn|p1b: Tyranitar|Protect
|move|p1a: Gardevoir|Dazzling Gleam|p2b: Conkeldurr|[spread] p2a,p2b
|-supereffective|p2b: Conkeldurr|1
|-damage|p2a: Abomasnow|69/100
|-damage|p2b: Conkeldurr|28/100
|move|p2b: Conkeldurr|Drain Punch|p1b: Tyranitar
|-activate|p1b: Tyranitar|move: Protect
|move|p2a: Abomasnow|Giga Drain|p1b: Tyranitar
|-activate|p1b: Tyranitar|move: Protect
|
|-weather|Sandstorm|[upkeep]
|-damage|p1a: Gardevoir|13/100|[from] Sandstorm
|-damage|p2b: Conkeldurr|22/100|[from] Sandstorm
|-damage|p2a: Abomasnow|62/100|[from] Sandstorm
|-heal|p2b: Conkeldurr|28/100|[from] item: Leftovers
|upkeep
|turn|8
|
|t:|1783838398
|move|p2b: Conkeldurr|Protect|p2b: Conkeldurr
|-singleturn|p2b: Conkeldurr|Protect
|move|p1b: Tyranitar|Rock Slide|p2b: Conkeldurr|[spread] p2a
|-activate|p2b: Conkeldurr|move: Protect
|-supereffective|p2a: Abomasnow|1
|-damage|p2a: Abomasnow|0 fnt
|faint|p2a: Abomasnow
|move|p1a: Gardevoir|Dazzling Gleam|p2b: Conkeldurr
|-activate|p2b: Conkeldurr|move: Protect
|
|-weather|Sandstorm|[upkeep]
|-damage|p1a: Gardevoir|8/100|[from] Sandstorm
|-damage|p2b: Conkeldurr|22/100|[from] Sandstorm
|-heal|p2b: Conkeldurr|28/100|[from] item: Leftovers
|upkeep
|turn|9
|c|☆DGAvalon|gg g2
|
|t:|1783838415
|move|p1b: Tyranitar|Protect|p1b: Tyranitar
|-singleturn|p1b: Tyranitar|Protect
|move|p1a: Gardevoir|Dazzling Gleam|p2b: Conkeldurr
|-supereffective|p2b: Conkeldurr|1
|-damage|p2b: Conkeldurr|0 fnt
|faint|p2b: Conkeldurr
|
|win|bigdhrubo
||DGAvalon is ready for game 3.
||bigdhrubo is ready for game 3.
|uhtml|next|Next: Game 3 of 3
