|j|☆Lexus05F
|j|☆angelbee21
|html|Lexus05Fangelbee21    
|uhtml|bestof|Game 2 of a best-of-3
|t:|1757033132
|gametype|doubles
|player|p1|Lexus05F|lucas|1074
|player|p2|angelbee21|lenora|1159
|gen|9
|tier|[Gen 9] VGC 2025 Reg H (Bo3)
|rated|
|rule|Species Clause: Limit one of each Pokémon
|rule|Item Clause: Limit 1 of each item
|clearpoke
|poke|p1|Palafin, L50, F|
|poke|p1|Murkrow, L50, M|
|poke|p1|Archaludon, L50, M|
|poke|p1|Volcarona, L50, F|
|poke|p1|Gholdengo, L50|
|poke|p1|Salamence, L50, M|
|poke|p2|Flamigo, L50, M|
|poke|p2|Garchomp, L50, M|
|poke|p2|Electabuzz, L50, M|
|poke|p2|Kingambit, L50, F|
|poke|p2|Typhlosion-Hisui, L50, M|
|poke|p2|Ninetales-Alola, L50, F|
|teampreview|4
|showteam|p1|Palafin||MysticWater|ZerotoHero|JetPunch,FlipTurn,WaveCrash,Protect|||F|||50|,,,,,Water]Murkrow||Eviolite|Prankster|Tailwind,RainDance,FoulPlay,IcyWind|||M|||50|,,,,,Dark]Archaludon||AssaultVest|Stamina|ElectroShot,DragonPulse,BodyPress,Snarl|||M|||50|,,,,,Poison]Volcarona||SafetyGoggles|FlameBody|FieryDance,GigaDrain,Hurricane,QuiverDance|||F|||50|,,,,,Fairy]Gholdengo||ChoiceSpecs|GoodasGold|MakeItRain,DazzlingGleam,ShadowBall,Thunderbolt||||||50|,,,,,Steel]Salamence||ClearAmulet|Intimidate|DragonDance,BrickBreak,Protect,BreakingSwipe|||M|||50|,,,,,Fighting
|showteam|p2|Flamigo||FocusSash|Scrappy|CloseCombat,DualWingbeat,WideGuard,Protect|||M|||50|,,,,,Stellar]Garchomp||LifeOrb|RoughSkin|DragonClaw,StompingTantrum,PoisonJab,Protect|||M|||50|,,,,,Poison]Electabuzz||Eviolite|VitalSpirit|Electroweb,Taunt,FollowMe,Protect|||M|||50|,,,,,Grass]Kingambit||BlackGlasses|Defiant|KowtowCleave,SuckerPunch,IronHead,Protect|||F|||50|,,,,,Dark]Typhlosion-Hisui||ChoiceScarf|Blaze|Eruption,ShadowBall,HeatWave,Overheat|||M|||50|,,,,,Fire]Ninetales-Alola||LightClay|SnowWarning|AuroraVeil,FreezeDry,Moonblast,Protect|||F|||50|,,,,,Water
|inactive|Battle timer is ON: inactive players will automatically lose when time's up. (requested by angelbee21)
|
|t:|1757033146
|teamsize|p1|4
|teamsize|p2|4
|start
|switch|p1a: Murkrow|Murkrow, L50, M|100/100
|switch|p1b: Archaludon|Archaludon, L50, M|100/100
|switch|p2a: Flamigo|Flamigo, L50, M|100/100
|switch|p2b: Garchomp|Garchomp, L50, M|100/100
|turn|1
|inactive|Lexus05F has 30 seconds left.
|
|t:|1757033174
|-terastallize|p1b: Archaludon|Poison
|move|p2b: Garchomp|Protect|p2b: Garchomp
|-singleturn|p2b: Garchomp|Protect
|move|p1a: Murkrow|Rain Dance|p1a: Murkrow
|-weather|RainDance
|move|p2a: Flamigo|Close Combat|p1a: Murkrow
|-damage|p1a: Murkrow|23/100
|-unboost|p2a: Flamigo|def|1
|-unboost|p2a: Flamigo|spd|1
|move|p1b: Archaludon|Electro Shot||[still]
|-prepare|p1b: Archaludon|Electro Shot
|-boost|p1b: Archaludon|spa|1
|-anim|p1b: Archaludon|Electro Shot|p2a: Flamigo
|-supereffective|p2a: Flamigo
|-enditem|p2a: Flamigo|Focus Sash
|-damage|p2a: Flamigo|1/100
|
|-weather|RainDance|[upkeep]
|upkeep
|turn|2
|inactive|Lexus05F has 30 seconds left.
|
|t:|1757033200
|-terastallize|p2b: Garchomp|Poison
|move|p1a: Murkrow|Tailwind|p1a: Murkrow
|-sidestart|p1: Lexus05F|move: Tailwind
|move|p1b: Archaludon|Dragon Pulse|p2b: Garchomp
|-damage|p2b: Garchomp|45/100
|move|p2a: Flamigo|Close Combat|p1a: Murkrow
|-crit|p1a: Murkrow
|-damage|p1a: Murkrow|0 fnt
|-unboost|p2a: Flamigo|def|1
|-unboost|p2a: Flamigo|spd|1
|faint|p1a: Murkrow
|move|p2b: Garchomp|Stomping Tantrum|p1b: Archaludon
|-supereffective|p1b: Archaludon
|-damage|p1b: Archaludon|32/100
|-ability|p1b: Archaludon|Stamina|boost
|-boost|p1b: Archaludon|def|1
|-damage|p2b: Garchomp|35/100|[from] item: Life Orb
|
|-weather|RainDance|[upkeep]
|upkeep
|
|t:|1757033220
|switch|p1a: Palafin|Palafin, L50, F|100/100
|turn|3
|
|t:|1757033227
|move|p2b: Garchomp|Protect|p2b: Garchomp
|-singleturn|p2b: Garchomp|Protect
|move|p1a: Palafin|Flip Turn|p2b: Garchomp
|-activate|p2b: Garchomp|move: Protect
|move|p1b: Archaludon|Electro Shot||[still]
|-prepare|p1b: Archaludon|Electro Shot
|-boost|p1b: Archaludon|spa|1
|-anim|p1b: Archaludon|Electro Shot|p2a: Flamigo
|-supereffective|p2a: Flamigo
|-damage|p2a: Flamigo|0 fnt
|faint|p2a: Flamigo
|
|-weather|RainDance|[upkeep]
|upkeep
|
|t:|1757033236
|switch|p2a: Ninetales|Ninetales-Alola, L50, F|100/100
|-weather|Snowscape|[from] ability: Snow Warning|[of] p2a: Ninetales
|turn|4
|
|t:|1757033257
|detailschange|p1a: Palafin|Palafin-Hero, L50, F
|switch|p1a: Gholdengo|Gholdengo, L50|100/100
|move|p2a: Ninetales|Aurora Veil|p2a: Ninetales
|-sidestart|p2: angelbee21|move: Aurora Veil
|move|p1b: Archaludon|Dragon Pulse|p2b: Garchomp
|-damage|p2b: Garchomp|0 fnt
|faint|p2b: Garchomp
|
|-weather|Snowscape|[upkeep]
|upkeep
|
|t:|1757033262
|switch|p2b: Typhlosion|Typhlosion-Hisui, L50, M|100/100
|turn|5
|
|t:|1757033283
|move|p2a: Ninetales|Protect|p2a: Ninetales
|-singleturn|p2a: Ninetales|Protect
|move|p1a: Gholdengo|Thunderbolt|p2b: Typhlosion
|-damage|p2b: Typhlosion|52/100
|move|p2b: Typhlosion|Heat Wave|p1a: Gholdengo|[spread] p1a,p1b
|-supereffective|p1a: Gholdengo
|-damage|p1a: Gholdengo|15/100
|-damage|p1b: Archaludon|4/100
|-status|p1a: Gholdengo|brn
|-ability|p1b: Archaludon|Stamina|boost
|-boost|p1b: Archaludon|def|1
|move|p1b: Archaludon|Snarl|p2a: Ninetales|[spread] p2b
|-activate|p2a: Ninetales|move: Protect
|-supereffective|p2b: Typhlosion
|-damage|p2b: Typhlosion|11/100
|-unboost|p2b: Typhlosion|spa|1
|
|-weather|Snowscape|[upkeep]
|-damage|p1a: Gholdengo|9/100 brn|[from] brn
|-sideend|p1: Lexus05F|move: Tailwind
|upkeep
|turn|6
|inactive|Lexus05F has 30 seconds left.
|inactive|angelbee21 has 30 seconds left.
|
|t:|1757033309
|move|p2b: Typhlosion|Heat Wave|p1a: Gholdengo|[spread] p1a,p1b
|-supereffective|p1a: Gholdengo
|-damage|p1a: Gholdengo|0 fnt
|-damage|p1b: Archaludon|0 fnt
|faint|p1a: Gholdengo
|faint|p1b: Archaludon
|move|p2a: Ninetales|Freeze-Dry|p1: Gholdengo|[notarget]
|-fail|p2a: Ninetales
|
|-weather|Snowscape|[upkeep]
|upkeep
|
|t:|1757033319
|switch|p1b: Palafin|Palafin-Hero, L50, F|100/100
|-activate|p1b: Palafin|ability: Zero to Hero
|turn|7
|
|t:|1757033327
|move|p2b: Typhlosion|Heat Wave|p1b: Palafin
|-resisted|p1b: Palafin
|-damage|p1b: Palafin|73/100
|move|p2a: Ninetales|Freeze-Dry|p1b: Palafin
|-supereffective|p1b: Palafin
|-damage|p1b: Palafin|20/100
|move|p1b: Palafin|Wave Crash|p2a: Ninetales
|-damage|p2a: Ninetales|45/100
|-damage|p1b: Palafin|4/100|[from] Recoil
|
|-weather|Snowscape|[upkeep]
|upkeep
|turn|8
|
|t:|1757033341
|move|p1b: Palafin|Protect|p1b: Palafin
|-singleturn|p1b: Palafin|Protect
|move|p2b: Typhlosion|Heat Wave|p1b: Palafin
|-activate|p1b: Palafin|move: Protect
|move|p2a: Ninetales|Freeze-Dry|p1b: Palafin
|-activate|p1b: Palafin|move: Protect
|
|-weather|none
|upkeep
|turn|9
|
|t:|1757033355
|move|p1b: Palafin|Jet Punch|p2a: Ninetales
|-damage|p2a: Ninetales|4/100
|move|p2b: Typhlosion|Heat Wave|p1b: Palafin
|-resisted|p1b: Palafin
|-damage|p1b: Palafin|0 fnt
|faint|p1b: Palafin
|
|win|angelbee21
|raw|Lexus05F's rating: 1074 → 1058(-16 for losing)
|raw|angelbee21's rating: 1159 → 1178(+19 for winning)
|l|☆Lexus05F
|player|p1|
