|j|☆Galleon48
|j|☆takaiga
|html|Galleon48takaiga    
|uhtml|bestof|Game 1 of a best-of-3
|t:|1783305309
|gametype|doubles
|player|p1|Galleon48|hooligans|
|player|p2|takaiga|265|
|gen|9
|tier|[Gen 9 Champions] VGC 2026 Reg M-B (Bo3)
|rule|Species Clause: Limit one of each Pokémon
|rule|Item Clause: Limit 1 of each item
|clearpoke
|poke|p1|Alakazam, L50, M|
|poke|p1|Basculegion, L50, M|
|poke|p1|Farigiraf, L50, M|
|poke|p1|Gourgeist-Super, L50, F|
|poke|p1|Corviknight, L50, M|
|poke|p1|Kleavor, L50, F|
|poke|p2|Tauros, L50, M|
|poke|p2|Hawlucha, L50, M, shiny|
|poke|p2|Kingambit, L50, M, shiny|
|poke|p2|Cofagrigus, L50, M|
|poke|p2|Steelix, L50, M, shiny|
|poke|p2|Floette-Eternal, L50, F, shiny|
|teampreview|4
|showteam|p1|Alakazam||Alakazite|Synchronize|FutureSight,DrainPunch,Protect,Psychic|Serious||M|||50|]Basculegion||ChoiceScarf|Adaptability|FlipTurn,IceBeam,IceFang,PhantomForce|Serious||M|||50|]Farigiraf||ShellBell|ArmorTail|EnergyBall,DazzlingGleam,FoulPlay,MirrorCoat|Serious||M|||50|]Gourgeist-Super||KingsRock|Frisk|FoulPlay,Psychic,Flamethrower,Facade|Serious||F|||50|]Corviknight||FocusSash|Pressure|FlashCannon,BodyPress,IronHead,DrillPeck|Serious||M|||50|]Kleavor||Leftovers|Sharpness|AirSlash,BrickBreak,NightSlash,Counter|Serious||F|||50|
|showteam|p2|Tauros||FocusSash|Intimidate|RockSlide,DoubleEdge,ThroatChop,Protect|Jolly||M|||50|]Hawlucha||Hawluchanite|Limber|BraveBird,ThroatChop,Entrainment,Protect|Adamant||M|||50|]Kingambit||BlackGlasses|SupremeOverlord|KowtowCleave,SuckerPunch,RockTomb,Protect|Adamant||M|||50|]Cofagrigus||Leftovers|Mummy|WillOWisp,TrickRoom,ShadowBall,Disable|Sassy||M|||50|]Steelix||SitrusBerry|Sturdy|Protect,Crunch,Fissure,FireFang|Brave||M|||50|]Floette-Eternal||FairyFeather|FlowerVeil|CalmMind,Wish,Protect,DazzlingGleam|Bold||F|||50|
|j| KendrickHeadass
|j| PhoenixOfZeal
|
|t:|1783305456
|teamsize|p1|4
|teamsize|p2|4
|start
|switch|p1a: Kleavor|Kleavor, L50, F|100/100
|switch|p1b: Farigiraf|Farigiraf, L50, M|100/100
|switch|p2a: the toucher|Cofagrigus, L50, M|100/100
|switch|p2b: bullshit blazing|Tauros, L50, M|100/100
|-ability|p2b: bullshit blazing|Intimidate|boost
|-unboost|p1a: Kleavor|atk|1
|-unboost|p1b: Farigiraf|atk|1
|turn|1
|j| indeeded
|
|t:|1783305501
|move|p2b: bullshit blazing|Rock Slide|p1a: Kleavor|[spread] p1a,p1b
|-supereffective|p1a: Kleavor|1
|-damage|p1a: Kleavor|67/100
|-damage|p1b: Farigiraf|82/100
|cant|p1b: Farigiraf|flinch
|move|p1a: Kleavor|Counter|p2b: bullshit blazing
|-damage|p2b: bullshit blazing|23/100
|move|p2a: the toucher|Trick Room|p2a: the toucher
|-fieldstart|move: Trick Room|[of] p2a: the toucher
|
|-heal|p1a: Kleavor|73/100|[from] item: Leftovers
|upkeep
|turn|2
|j| GameCario
|
|t:|1783305564
|switch|p2a: PISSING GOLD|Steelix, L50, M, shiny|100/100
|move|p1a: Kleavor|Brick Break|p2b: bullshit blazing
|-supereffective|p2b: bullshit blazing|1
|-damage|p2b: bullshit blazing|0 fnt
|faint|p2b: bullshit blazing
|move|p1b: Farigiraf|Mirror Coat||[still]
|-fail|p1b: Farigiraf
|
|-heal|p1a: Kleavor|79/100|[from] item: Leftovers
|upkeep
|
|t:|1783305581
|switch|p2b: YOUAREDAKING|Kingambit, L50, M, shiny|100/100
|-activate|p2b: YOUAREDAKING|ability: Supreme Overlord
|-start|p2b: YOUAREDAKING|fallen1|[silent]
|turn|3
|c| PhoenixOfZeal|If the fissure lands thats so hype
|
|t:|1783305639
|move|p2a: PISSING GOLD|Crunch|p1b: Farigiraf
|-supereffective|p1b: Farigiraf|1
|-damage|p1b: Farigiraf|39/100
|move|p2b: YOUAREDAKING|Rock Tomb|p1a: Kleavor
|-supereffective|p1a: Kleavor|1
|-damage|p1a: Kleavor|28/100
|-unboost|p1a: Kleavor|spe|1
|move|p1a: Kleavor|Brick Break|p2a: PISSING GOLD
|-supereffective|p2a: PISSING GOLD|1
|-damage|p2a: PISSING GOLD|84/100
|move|p1b: Farigiraf|Foul Play|p2b: YOUAREDAKING
|-resisted|p2b: YOUAREDAKING|1
|-damage|p2b: YOUAREDAKING|86/100
|-heal|p1b: Farigiraf|41/100|[from] item: Shell Bell|[of] p2b: YOUAREDAKING
|
|-heal|p1a: Kleavor|35/100|[from] item: Leftovers
|upkeep
|turn|4
|
|t:|1783305663
|move|p2a: PISSING GOLD|Crunch|p1b: Farigiraf
|-supereffective|p1b: Farigiraf|1
|-damage|p1b: Farigiraf|0 fnt
|faint|p1b: Farigiraf
|move|p2b: YOUAREDAKING|Rock Tomb|p1a: Kleavor
|-supereffective|p1a: Kleavor|1
|-damage|p1a: Kleavor|0 fnt
|faint|p1a: Kleavor
|
|upkeep
|
|t:|1783305673
|switch|p1a: Basculegion|Basculegion, L50, M|100/100
|switch|p1b: Alakazam|Alakazam, L50, M|100/100
|turn|5
|c| PhoenixOfZeal|land the fissure for the fans
|
|t:|1783305728
|detailschange|p1b: Alakazam|Alakazam-Mega, L50, M
|-mega|p1b: Alakazam|Alakazam|Alakazite
|-ability|p1b: Alakazam|Sturdy|Trace|[from] ability: Trace|[of] p2a: PISSING GOLD
|move|p2a: PISSING GOLD|Crunch|p1b: Alakazam
|-supereffective|p1b: Alakazam|1
|-damage|p1b: Alakazam|51/100
|move|p2b: YOUAREDAKING|Kowtow Cleave|p1a: Basculegion
|-supereffective|p1a: Basculegion|1
|-damage|p1a: Basculegion|0 fnt
|faint|p1a: Basculegion
|move|p1b: Alakazam|Drain Punch|p2b: YOUAREDAKING
|-supereffective|p2b: YOUAREDAKING|2
|-damage|p2b: YOUAREDAKING|57/100
|-heal|p1b: Alakazam|70/100|[from] drain|[of] p2b: YOUAREDAKING
|
|-fieldend|move: Trick Room
|upkeep
|turn|6
|
|t:|1783305752
|move|p1b: Alakazam|Drain Punch|p2b: YOUAREDAKING
|-supereffective|p2b: YOUAREDAKING|2
|-damage|p2b: YOUAREDAKING|28/100
|-heal|p1b: Alakazam|88/100|[from] drain|[of] p2b: YOUAREDAKING
|move|p2b: YOUAREDAKING|Kowtow Cleave|p1b: Alakazam
|-supereffective|p1b: Alakazam|1
|-damage|p1b: Alakazam|0 fnt
|faint|p1b: Alakazam
|
|win|takaiga
|inactive|Galleon48 has 30 seconds to confirm battle start!
|inactive|takaiga has 30 seconds to confirm battle start!
