|j|☆donofair
|j|☆Gentlefish
|html|donofairGentlefish    
|uhtml|bestof|Game 1 of a best-of-3
|t:|1756840677
|gametype|doubles
|player|p1|donofair|rancher|1221
|player|p2|Gentlefish|burglar-gen1rb|1111
|gen|9
|tier|[Gen 9] VGC 2025 Reg H (Bo3)
|rated|
|rule|Species Clause: Limit one of each Pokémon
|rule|Item Clause: Limit 1 of each item
|clearpoke
|poke|p1|Dragonite, L50, M|
|poke|p1|Kingambit, L50, F|
|poke|p1|Volcarona, L50, M|
|poke|p1|Garchomp, L50, F|
|poke|p1|Sneasler, L50, F|
|poke|p1|Rillaboom, L50, M|
|poke|p2|Garchomp, L50, F|
|poke|p2|Weezing-Galar, L50, F|
|poke|p2|Archaludon, L50, F|
|poke|p2|Gholdengo, L50|
|poke|p2|Talonflame, L50, M|
|poke|p2|Annihilape, L50, F|
|teampreview|4
|showteam|p1|Dragonite||LoadedDice|Multiscale|ScaleShot,ExtremeSpeed,Tailwind,Protect|||M|||50|,,,,,Fairy]Kingambit||BlackGlasses|Defiant|KowtowCleave,SuckerPunch,SwordsDance,Protect|||F|||50|,,,,,Ghost]Volcarona||CovertCloak|FlameBody|QuiverDance,HeatWave,TeraBlast,Protect|||M|||50|,,,,,Fairy]Garchomp||LifeOrb|RoughSkin|Earthquake,DragonClaw,StompingTantrum,Protect|||F|||50|,,,,,Ground]Sneasler||FocusSash|PoisonTouch|DireClaw,CloseCombat,FakeOut,Coaching|||F|||50|,,,,,Fighting]Rillaboom||MiracleSeed|GrassySurge|WoodHammer,GrassyGlide,FakeOut,Taunt|||M|||50|,,,,,Grass
|showteam|p2|Garchomp||LifeOrb|RoughSkin|DragonClaw,Earthquake,StompingTantrum,Protect|||F|||50|,,,,,Ground]Weezing-Galar||FocusSash|NeutralizingGas|Protect,SludgeBomb,Taunt,StrangeSteam|||F|||50|,,,,,Flying]Archaludon||PowerHerb|Sturdy|ElectroShot,Thunderbolt,DracoMeteor,Protect|||F|||50|,,,,,Electric]Gholdengo||ChoiceSpecs|GoodasGold|ShadowBall,DazzlingGleam,PowerGem,MakeItRain||||||50|,,,,,Fairy]Talonflame||CovertCloak|GaleWings|Tailwind,DualWingbeat,Taunt,FlareBlitz|||M|||50|,,,,,Stellar]Annihilape||AssaultVest|Defiant|CloseCombat,RageFist,FinalGambit,IcePunch|||F|||50|,,,,,Grass
|
|t:|1756840774
|teamsize|p1|4
|teamsize|p2|4
|start
|switch|p1a: Sneasler|Sneasler, L50, F, shiny|100/100
|switch|p1b: Garchomp|Garchomp, L50, F, shiny|100/100
|switch|p2a: Talonflame|Talonflame, L50, M|100/100
|switch|p2b: Gholdengo|Gholdengo, L50|100/100
|turn|1
|
|t:|1756840806
|switch|p2b: Weezing|Weezing-Galar, L50, F|100/100
|-ability|p2b: Weezing|Neutralizing Gas
|move|p1b: Garchomp|Protect|p1b: Garchomp
|-singleturn|p1b: Garchomp|Protect
|move|p2a: Talonflame|Dual Wingbeat|p1a: Sneasler
|-supereffective|p1a: Sneasler
|-damage|p1a: Sneasler|49/100
|-supereffective|p1a: Sneasler
|-damage|p1a: Sneasler|0 fnt
|faint|p1a: Sneasler
|-hitcount|p1: Sneasler|2
|
|upkeep
|
|t:|1756840813
|switch|p1a: Dragonite|Dragonite, L50, M, shiny|100/100
|turn|2
|
|t:|1756840855
|move|p2a: Talonflame|Tailwind|p2a: Talonflame
|-sidestart|p2: Gentlefish|move: Tailwind
|move|p2b: Weezing|Sludge Bomb|p1a: Dragonite
|-crit|p1a: Dragonite
|-damage|p1a: Dragonite|34/100
|move|p1b: Garchomp|Earthquake|p2b: Weezing|[spread] p2b
|-immune|p1a: Dragonite
|-immune|p2a: Talonflame
|-supereffective|p2b: Weezing
|-enditem|p2b: Weezing|Focus Sash
|-damage|p2b: Weezing|1/100
|-damage|p1b: Garchomp|91/100|[from] item: Life Orb
|move|p1a: Dragonite|Scale Shot|p2a: Talonflame
|-damage|p2a: Talonflame|76/100
|-damage|p2a: Talonflame|55/100
|-damage|p2a: Talonflame|33/100
|-damage|p2a: Talonflame|12/100
|-damage|p2a: Talonflame|0 fnt
|faint|p2a: Talonflame
|-hitcount|p2: Talonflame|5
|-unboost|p1a: Dragonite|def|1
|-boost|p1a: Dragonite|spe|1
|
|upkeep
|
|t:|1756840871
|switch|p2a: Gholdengo|Gholdengo, L50|100/100
|turn|3
|
|t:|1756840902
|-end|p2b: Weezing|ability: Neutralizing Gas
|switch|p2b: Garchomp|Garchomp, L50, F|100/100
|-terastallize|p1b: Garchomp|Ground
|move|p1a: Dragonite|Extreme Speed|p2b: Garchomp
|-damage|p2b: Garchomp|67/100
|-damage|p1a: Dragonite|22/100|[from] ability: Rough Skin|[of] p2b: Garchomp
|move|p2a: Gholdengo|Dazzling Gleam|p1b: Garchomp|[spread] p1a,p1b
|-supereffective|p1a: Dragonite
|-damage|p1a: Dragonite|0 fnt
|-damage|p1b: Garchomp|51/100
|faint|p1a: Dragonite
|move|p1b: Garchomp|Earthquake|p2b: Garchomp|[spread] p2a,p2b
|-supereffective|p2a: Gholdengo
|-damage|p2a: Gholdengo|0 fnt
|-damage|p2b: Garchomp|2/100
|faint|p2a: Gholdengo
|-damage|p1b: Garchomp|41/100|[from] item: Life Orb
|
|upkeep
|
|t:|1756840911
|switch|p2a: Weezing|Weezing-Galar, L50, F|1/100
|switch|p1a: Volcarona|Volcarona, L50, M, shiny|100/100
|-ability|p2a: Weezing|Neutralizing Gas
|turn|4
|
|t:|1756840929
|move|p2b: Garchomp|Protect|p2b: Garchomp
|-singleturn|p2b: Garchomp|Protect
|move|p1a: Volcarona|Protect|p1a: Volcarona
|-singleturn|p1a: Volcarona|Protect
|move|p2a: Weezing|Taunt|p1a: Volcarona
|-activate|p1a: Volcarona|move: Protect
|move|p1b: Garchomp|Earthquake|p2b: Garchomp|[spread] p2a
|-activate|p1a: Volcarona|move: Protect
|-activate|p2b: Garchomp|move: Protect
|-supereffective|p2a: Weezing
|-damage|p2a: Weezing|0 fnt
|faint|p2a: Weezing
|-end|p2a: Weezing|ability: Neutralizing Gas
|-damage|p1b: Garchomp|31/100|[from] item: Life Orb
|
|upkeep
|turn|5
|
|t:|1756840948
|-terastallize|p2b: Garchomp|Ground
|move|p1b: Garchomp|Protect|p1b: Garchomp
|-singleturn|p1b: Garchomp|Protect
|move|p2b: Garchomp|Earthquake|p1b: Garchomp|[spread] p1a
|-activate|p1b: Garchomp|move: Protect
|-crit|p1a: Volcarona
|-damage|p1a: Volcarona|0 fnt
|faint|p1a: Volcarona
|-damage|p2b: Garchomp|0 fnt|[from] item: Life Orb
|faint|p2b: Garchomp
|
|win|donofair
||Gentlefish is ready for game 2.
||donofair is ready for game 2.
|uhtml|next|Next: Game 2 of 3
|l|☆donofair
|player|p1|
