|j|☆BigE3L
|j|☆Rockslap
|html|BigE3LRockslap    
|uhtml|bestof|Game 1 of a best-of-3
|t:|1756356124
|gametype|doubles
|player|p1|BigE3L|gambler|1203
|player|p2|Rockslap|hiker-gen4|1184
|gen|9
|tier|[Gen 9] VGC 2025 Reg H (Bo3)
|rated|
|rule|Species Clause: Limit one of each Pokémon
|rule|Item Clause: Limit 1 of each item
|clearpoke
|poke|p1|Torkoal, L50, F|
|poke|p1|Porygon2, L50|
|poke|p1|Ursaluna, L50, M|
|poke|p1|Rillaboom, L50, M|
|poke|p1|Lilligant-Hisui, L50, F|
|poke|p1|Garchomp, L50, F|
|poke|p2|Kommo-o, L50, M|
|poke|p2|Golduck, L50, M|
|poke|p2|Incineroar, L50, F|
|poke|p2|Rillaboom, L50, M|
|poke|p2|Volcarona, L50, F|
|poke|p2|Amoonguss, L50, M|
|teampreview|4
|showteam|p1|Torkoal||Charcoal|Drought|Eruption,EarthPower,HeatWave,Protect|||F|||50|,,,,,Grass]Porygon2||Eviolite|Download|TrickRoom,Recover,TriAttack,Protect||||||50|,,,,,Grass]Ursaluna||FlameOrb|Guts|Facade,HeadlongRush,Earthquake,Protect|||M|||50|,,,,,Ghost]Rillaboom||AssaultVest|GrassySurge|FakeOut,GrassyGlide,WoodHammer,HighHorsepower|||M|||50|,,,,,Grass]Lilligant-Hisui||FocusSash|Chlorophyll|Protect,CloseCombat,AfterYou,LeafBlade|||F|||50|,,,,,Ghost]Garchomp||RockyHelmet|RoughSkin|SwordsDance,Protect,StompingTantrum,DragonClaw|||F|||50|,,,,,Grass
|showteam|p2|Kommo-o||ThroatSpray|Soundproof|ClangingScales,FlashCannon,ClangorousSoul,Protect|||M|||50|,,,,,Steel]Golduck||CovertCloak|CloudNine|Encore,IcyWind,Taunt,SimpleBeam|||M|||50|,,,,,Ghost]Incineroar||SafetyGoggles|Intimidate|FakeOut,KnockOff,PartingShot,FlareBlitz|||F|||50|,,,,,Bug]Rillaboom||AssaultVest|GrassySurge|FakeOut,WoodHammer,GrassyGlide,HighHorsepower|||M|||50|,,,,,Water]Volcarona||SitrusBerry|FlameBody|QuiverDance,HeatWave,GigaDrain,Protect|||F|||50|,,,,,Grass]Amoonguss||RockyHelmet|Regenerator|PollenPuff,RagePowder,ClearSmog,Spore|||M|||50|,,,,,Water
|inactive|Battle timer is ON: inactive players will automatically lose when time's up. (requested by BigE3L)
|
|t:|1756356211
|teamsize|p1|4
|teamsize|p2|4
|start
|switch|p1a: Porygon2|Porygon2, L50|100/100
|switch|p1b: Ursaluna|Ursaluna, L50, M|100/100
|switch|p2a: Golduck|Golduck, L50, M|100/100
|switch|p2b: Kommo-o|Kommo-o, L50, M, shiny|100/100
|-ability|p2a: Golduck|Cloud Nine
|-ability|p1a: Porygon2|Download|boost
|-boost|p1a: Porygon2|spa|1
|turn|1
|inactive|BigE3L has 30 seconds left.
|inactive|BigE3L has 20 seconds left.
|
|t:|1756356250
|-terastallize|p2b: Kommo-o|Steel
|move|p2a: Golduck|Taunt|p1a: Porygon2
|-start|p1a: Porygon2|move: Taunt
|move|p2b: Kommo-o|Clangorous Soul|p2b: Kommo-o
|-boost|p2b: Kommo-o|atk|1
|-boost|p2b: Kommo-o|def|1
|-boost|p2b: Kommo-o|spa|1
|-boost|p2b: Kommo-o|spd|1
|-boost|p2b: Kommo-o|spe|1
|-damage|p2b: Kommo-o|68/100
|-enditem|p2b: Kommo-o|Throat Spray
|-boost|p2b: Kommo-o|spa|1|[from] item: Throat Spray
|move|p1b: Ursaluna|Headlong Rush|p2b: Kommo-o
|-supereffective|p2b: Kommo-o
|-damage|p2b: Kommo-o|0 fnt
|-unboost|p1b: Ursaluna|def|1
|-unboost|p1b: Ursaluna|spd|1
|faint|p2b: Kommo-o
|cant|p1a: Porygon2|move: Taunt|Trick Room
|
|-status|p1b: Ursaluna|brn|[from] item: Flame Orb
|upkeep
|
|t:|1756356267
|switch|p2b: Volcarona|Volcarona, L50, F|100/100
|turn|2
|inactive|BigE3L has 30 seconds left.
|
|t:|1756356300
|switch|p2a: Incineroar|Incineroar, L50, F|100/100
|-ability|p2a: Incineroar|Intimidate|boost
|-unboost|p1a: Porygon2|atk|1
|-unboost|p1b: Ursaluna|atk|1
|switch|p1a: Rillaboom|Rillaboom, L50, M|100/100
|-fieldstart|move: Grassy Terrain|[from] ability: Grassy Surge|[of] p1a: Rillaboom
|-terastallize|p1b: Ursaluna|Ghost
|move|p2b: Volcarona|Protect|p2b: Volcarona
|-singleturn|p2b: Volcarona|Protect
|move|p1b: Ursaluna|Facade|p2b: Volcarona
|-activate|p2b: Volcarona|move: Protect
|
|-damage|p1b: Ursaluna|95/100 brn|[from] brn
|upkeep
|turn|3
|inactive|BigE3L has 30 seconds left.
|inactive|Rockslap has 30 seconds left.
|inactive|BigE3L has 20 seconds left.
|
|t:|1756356335
|move|p1a: Rillaboom|Fake Out|p2a: Incineroar
|-damage|p2a: Incineroar|88/100
|move|p2b: Volcarona|Heat Wave|p1a: Rillaboom|[spread] p1a,p1b
|-supereffective|p1a: Rillaboom
|-damage|p1a: Rillaboom|44/100
|-damage|p1b: Ursaluna|47/100 brn
|cant|p2a: Incineroar|flinch
|move|p1b: Ursaluna|Headlong Rush|p2a: Incineroar
|-supereffective|p2a: Incineroar
|-damage|p2a: Incineroar|0 fnt
|-unboost|p1b: Ursaluna|def|1
|-unboost|p1b: Ursaluna|spd|1
|faint|p2a: Incineroar
|
|-heal|p1a: Rillaboom|50/100|[from] Grassy Terrain
|-heal|p1b: Ursaluna|53/100 brn|[from] Grassy Terrain
|-damage|p1b: Ursaluna|47/100 brn|[from] brn
|upkeep
|
|t:|1756356339
|switch|p2a: Golduck|Golduck, L50, M|100/100
|-ability|p2a: Golduck|Cloud Nine
|turn|4
|
|t:|1756356352
|switch|p1b: Porygon2|Porygon2, L50|100/100
|-ability|p1b: Porygon2|Download|boost
|-boost|p1b: Porygon2|atk|1
|move|p1a: Rillaboom|Grassy Glide|p2a: Golduck
|-supereffective|p2a: Golduck
|-damage|p2a: Golduck|27/100
|move|p2a: Golduck|Encore|p1a: Rillaboom
|-start|p1a: Rillaboom|Encore
|move|p2b: Volcarona|Heat Wave|p1b: Porygon2|[spread] p1a,p1b
|-supereffective|p1a: Rillaboom
|-damage|p1a: Rillaboom|0 fnt
|-damage|p1b: Porygon2|78/100
|faint|p1a: Rillaboom
|
|-heal|p2a: Golduck|33/100|[from] Grassy Terrain
|-heal|p1b: Porygon2|84/100|[from] Grassy Terrain
|upkeep
|
|t:|1756356370
|switch|p1a: Torkoal|Torkoal, L50, F|100/100
|-weather|SunnyDay|[from] ability: Drought|[of] p1a: Torkoal
|turn|5
|
|t:|1756356391
|move|p2a: Golduck|Taunt|p1b: Porygon2
|-start|p1b: Porygon2|move: Taunt
|move|p2b: Volcarona|Quiver Dance|p2b: Volcarona
|-boost|p2b: Volcarona|spa|1
|-boost|p2b: Volcarona|spd|1
|-boost|p2b: Volcarona|spe|1
|move|p1b: Porygon2|Tri Attack|p2a: Golduck
|-damage|p2a: Golduck|0 fnt
|faint|p2a: Golduck
|move|p1a: Torkoal|Eruption|p2b: Volcarona
|-damage|p2b: Volcarona|28/100
|-enditem|p2b: Volcarona|Sitrus Berry|[eat]
|-heal|p2b: Volcarona|52/100|[from] item: Sitrus Berry
|
|-weather|SunnyDay|[upkeep]
|-heal|p2b: Volcarona|59/100|[from] Grassy Terrain
|-heal|p1b: Porygon2|91/100|[from] Grassy Terrain
|upkeep
|turn|6
|
|t:|1756356408
|switch|p1b: Ursaluna|Ursaluna, L50, M, tera:Ghost|47/100 brn
|move|p2b: Volcarona|Heat Wave|p1b: Ursaluna|[spread] p1a
|-miss|p2b: Volcarona|p1b: Ursaluna
|-resisted|p1a: Torkoal
|-damage|p1a: Torkoal|49/100
|move|p1a: Torkoal|Heat Wave|p2b: Volcarona
|-damage|p2b: Volcarona|17/100
|
|-weather|SunnyDay|[upkeep]
|-heal|p2b: Volcarona|23/100|[from] Grassy Terrain
|-heal|p1b: Ursaluna|53/100 brn|[from] Grassy Terrain
|-heal|p1a: Torkoal|55/100|[from] Grassy Terrain
|-damage|p1b: Ursaluna|47/100 brn|[from] brn
|-fieldend|move: Grassy Terrain
|upkeep
|turn|7
|
|t:|1756356421
|move|p1a: Torkoal|Protect|p1a: Torkoal
|-singleturn|p1a: Torkoal|Protect
|move|p2b: Volcarona|Heat Wave|p1b: Ursaluna|[spread] p1b
|-activate|p1a: Torkoal|move: Protect
|-damage|p1b: Ursaluna|0 fnt
|faint|p1b: Ursaluna
|
|-weather|SunnyDay|[upkeep]
|upkeep
|
|t:|1756356428
|switch|p1b: Porygon2|Porygon2, L50|91/100
|-ability|p1b: Porygon2|Download|boost
|-boost|p1b: Porygon2|atk|1
|turn|8
|
|t:|1756356435
|move|p2b: Volcarona|Heat Wave|p1b: Porygon2|[spread] p1b
|-miss|p2b: Volcarona|p1a: Torkoal
|-damage|p1b: Porygon2|47/100
|-status|p1b: Porygon2|brn
|move|p1a: Torkoal|Heat Wave|p2b: Volcarona|[miss]
|-miss|p1a: Torkoal|p2b: Volcarona
|move|p1b: Porygon2|Trick Room|p1b: Porygon2
|-fieldstart|move: Trick Room|[of] p1b: Porygon2
|
|-weather|SunnyDay|[upkeep]
|-damage|p1b: Porygon2|41/100 brn|[from] brn
|upkeep
|turn|9
|
|t:|1756356450
|move|p2b: Volcarona|Protect|p2b: Volcarona
|-singleturn|p2b: Volcarona|Protect
|move|p1a: Torkoal|Eruption|p2b: Volcarona
|-activate|p2b: Volcarona|move: Protect
|move|p1b: Porygon2|Tri Attack|p2b: Volcarona
|-activate|p2b: Volcarona|move: Protect
|
|-weather|none
|-damage|p1b: Porygon2|34/100 brn|[from] brn
|upkeep
|turn|10
|
|t:|1756356457
|move|p1a: Torkoal|Eruption|p2b: Volcarona
|-crit|p2b: Volcarona
|-damage|p2b: Volcarona|0 fnt
|faint|p2b: Volcarona
|
|win|BigE3L
||Rockslap is ready for game 2.
|inactive|BigE3L has 30 seconds to confirm battle start!
|inactive|BigE3L has 20 seconds to confirm battle start!
||BigE3L is ready for game 2.
|uhtml|next|Next: Game 2 of 3
|j| Mcn35
