|j|☆Djuseppe
|j|☆HowisZacLee
|html|DjuseppeHowisZacLee    
|uhtml|bestof|Game 1 of a best-of-3
|t:|1756988373
|gametype|doubles
|player|p1|Djuseppe|morty|1099
|player|p2|HowisZacLee|170|1090
|gen|9
|tier|[Gen 9] VGC 2025 Reg H (Bo3)
|rated|
|rule|Species Clause: Limit one of each Pokémon
|rule|Item Clause: Limit 1 of each item
|clearpoke
|poke|p1|Gholdengo, L50|
|poke|p1|Ninetales-Alola, L50, M|
|poke|p1|Incineroar, L50, M|
|poke|p1|Rillaboom, L50, M|
|poke|p1|Ursaluna-Bloodmoon, L50, M|
|poke|p1|Talonflame, L50, M|
|poke|p2|Dragonite, L50, F|
|poke|p2|Gholdengo, L50|
|poke|p2|Sneasler, L50, M|
|poke|p2|Garchomp, L50, M|
|poke|p2|Ninetales-Alola, L50, F|
|poke|p2|Arcanine-Hisui, L50, F|
|teampreview|4
|showteam|p1|Gholdengo||GrassySeed|GoodasGold|MakeItRain,ShadowBall,NastyPlot,Protect||||||50|,,,,,Water]Ninetales-Alola||LightClay|SnowWarning|AuroraVeil,FreezeDry,IcyWind,Encore|||M|||50|,,,,,Fire]Incineroar||AssaultVest|Intimidate|FakeOut,Uturn,KnockOff,Snarl|||M|||50|,,,,,Bug]Rillaboom||MiracleSeed|GrassySurge|WoodHammer,GrassyGlide,Uturn,FakeOut|||M|||50|,,,,,Fire]Ursaluna-Bloodmoon||LifeOrb|MindsEye|BloodMoon,HyperVoice,EarthPower,Protect|||M|||50|,,,,,Normal]Talonflame||CovertCloak|GaleWings|DualWingbeat,FlareBlitz,Tailwind,WillOWisp|||M|||50|,,,,,Stellar
|showteam|p2|Dragonite||LoadedDice|Multiscale|ScaleShot,Tailwind,Haze,Protect|||F|||50|,,,,,Fairy]Gholdengo||LifeOrb|GoodasGold|MakeItRain,ShadowBall,NastyPlot,Protect||||||50|,,,,,Water]Sneasler||FocusSash|Unburden|CloseCombat,DireClaw,FakeOut,Coaching|||M|||50|,,,,,Stellar]Garchomp||ClearAmulet|RoughSkin|Earthquake,StompingTantrum,DragonClaw,Protect|||M|||50|,,,,,Steel]Ninetales-Alola||ChoiceSpecs|SnowWarning|Blizzard,IcyWind,Moonblast,FreezeDry|||F|||50|,,,,,Ghost]Arcanine-Hisui||MirrorHerb|Intimidate|RockSlide,FlareBlitz,ExtremeSpeed,Protect|||F|||50|,,,,,Ghost
|inactive|Battle timer is ON: inactive players will automatically lose when time's up. (requested by Djuseppe)
|inactive|Djuseppe has 60 seconds left.
|inactive|HowisZacLee has 60 seconds left.
|
|t:|1756988429
|teamsize|p1|4
|teamsize|p2|4
|start
|switch|p1a: Incineroar|Incineroar, L50, M|100/100
|switch|p1b: Talonflame|Talonflame, L50, M|100/100
|switch|p2a: Arcanine|Arcanine-Hisui, L50, F|100/100
|switch|p2b: scale shot misses|Dragonite, L50, F, shiny|100/100
|-ability|p2a: Arcanine|Intimidate|boost
|-unboost|p1a: Incineroar|atk|1
|-unboost|p1b: Talonflame|atk|1
|-ability|p1a: Incineroar|Intimidate|boost
|-unboost|p2a: Arcanine|atk|1
|-unboost|p2b: scale shot misses|atk|1
|turn|1
|
|t:|1756988454
|move|p1a: Incineroar|Fake Out|p2a: Arcanine
|-resisted|p2a: Arcanine
|-damage|p2a: Arcanine|96/100
|move|p1b: Talonflame|Will-O-Wisp|p2b: scale shot misses|[miss]
|-miss|p1b: Talonflame|p2b: scale shot misses
|cant|p2a: Arcanine|flinch
|move|p2b: scale shot misses|Scale Shot|p1b: Talonflame
|-damage|p1b: Talonflame|87/100
|-damage|p1b: Talonflame|72/100
|-damage|p1b: Talonflame|58/100
|-damage|p1b: Talonflame|45/100
|-damage|p1b: Talonflame|29/100
|-hitcount|p1b: Talonflame|5
|-unboost|p2b: scale shot misses|def|1
|-boost|p2b: scale shot misses|spe|1
|
|upkeep
|turn|2
|
|t:|1756988469
|move|p2b: scale shot misses|Scale Shot|p1a: Incineroar
|-damage|p1a: Incineroar|93/100
|-damage|p1a: Incineroar|85/100
|-damage|p1a: Incineroar|78/100
|-damage|p1a: Incineroar|70/100
|-hitcount|p1a: Incineroar|4
|-unboost|p2b: scale shot misses|def|1
|-boost|p2b: scale shot misses|spe|1
|move|p1b: Talonflame|Tailwind|p1b: Talonflame
|-sidestart|p1: Djuseppe|move: Tailwind
|move|p1a: Incineroar|Knock Off|p2b: scale shot misses
|-damage|p2b: scale shot misses|73/100
|-enditem|p2b: scale shot misses|Loaded Dice|[from] move: Knock Off|[of] p1a: Incineroar
|move|p2a: Arcanine|Rock Slide|p1a: Incineroar|[spread] p1a,p1b
|-supereffective|p1a: Incineroar
|-crit|p1a: Incineroar
|-supereffective|p1b: Talonflame
|-damage|p1a: Incineroar|10/100
|-damage|p1b: Talonflame|0 fnt
|faint|p1b: Talonflame
|
|upkeep
|
|t:|1756988478
|switch|p1b: Gholdengo|Gholdengo, L50|100/100
|turn|3
|
|t:|1756988501
|switch|p1a: Ursaluna|Ursaluna-Bloodmoon, L50, M|100/100
|move|p1b: Gholdengo|Protect|p1b: Gholdengo
|-singleturn|p1b: Gholdengo|Protect
|move|p2b: scale shot misses|Scale Shot|p1a: Ursaluna|[miss]
|-miss|p2b: scale shot misses|p1a: Ursaluna
|move|p2a: Arcanine|Flare Blitz|p1b: Gholdengo
|-activate|p1b: Gholdengo|move: Protect
|
|upkeep
|turn|4
|inactive|HowisZacLee has 30 seconds left.
|inactive|HowisZacLee has 20 seconds left.
|inactive|HowisZacLee has 15 seconds left.
|inactive|HowisZacLee has 10 seconds left.
|inactive|HowisZacLee has 5 seconds left.
|
|t:|1756988555
|switch|p1b: Incineroar|Incineroar, L50, M|10/100
|-ability|p1b: Incineroar|Intimidate|boost
|-unboost|p2a: Arcanine|atk|1
|-unboost|p2b: scale shot misses|atk|1
|move|p2b: scale shot misses|Scale Shot|p1b: Incineroar
|-damage|p1b: Incineroar|4/100
|-damage|p1b: Incineroar|0 fnt
|faint|p1b: Incineroar
|-hitcount|p1: Incineroar|2
|-unboost|p2b: scale shot misses|def|1
|-boost|p2b: scale shot misses|spe|1
|move|p1a: Ursaluna|Blood Moon|p2b: scale shot misses
|-crit|p2b: scale shot misses
|-damage|p2b: scale shot misses|0 fnt
|faint|p2b: scale shot misses
|-damage|p1a: Ursaluna|91/100|[from] item: Life Orb
|move|p2a: Arcanine|Rock Slide|p1a: Ursaluna
|-resisted|p1a: Ursaluna
|-damage|p1a: Ursaluna|84/100
|
|upkeep
|inactive|Djuseppe has 30 seconds left.
|
|t:|1756988581
|switch|p2b: sharktile|Garchomp, L50, M|100/100
|switch|p1b: Gholdengo|Gholdengo, L50|100/100
|turn|5
|inactive|Djuseppe has 30 seconds left.
|
|t:|1756988608
|-terastallize|p1b: Gholdengo|Water
|move|p2b: sharktile|Protect|p2b: sharktile
|-singleturn|p2b: sharktile|Protect
|move|p2a: Arcanine|Protect|p2a: Arcanine
|-singleturn|p2a: Arcanine|Protect
|move|p1b: Gholdengo|Make It Rain|p2b: sharktile|[spread] 
|-activate|p2a: Arcanine|move: Protect
|-activate|p2b: sharktile|move: Protect
|move|p1a: Ursaluna|Earth Power|p2a: Arcanine
|-activate|p2a: Arcanine|move: Protect
|
|-sideend|p1: Djuseppe|move: Tailwind
|upkeep
|turn|6
|inactive|HowisZacLee has 30 seconds left.
|inactive|HowisZacLee has 20 seconds left.
|inactive|HowisZacLee has 15 seconds left.
|inactive|HowisZacLee has 10 seconds left.
|inactive|HowisZacLee has 5 seconds left.
|
|t:|1756988661
|-terastallize|p2a: Arcanine|Ghost
|move|p1b: Gholdengo|Protect|p1b: Gholdengo
|-singleturn|p1b: Gholdengo|Protect
|move|p2b: sharktile|Dragon Claw|p1b: Gholdengo
|-activate|p1b: Gholdengo|move: Protect
|move|p2a: Arcanine|Rock Slide|p1b: Gholdengo|[spread] p1a
|-activate|p1b: Gholdengo|move: Protect
|-resisted|p1a: Ursaluna
|-damage|p1a: Ursaluna|79/100
|move|p1a: Ursaluna|Blood Moon|p2b: sharktile
|-damage|p2b: sharktile|0 fnt
|faint|p2b: sharktile
|-damage|p1a: Ursaluna|69/100|[from] item: Life Orb
|
|upkeep
|
|t:|1756988666
|switch|p2b: Gholdeggo|Gholdengo, L50|100/100
|turn|7
|
|t:|1756988686
|move|p2a: Arcanine|Rock Slide|p1b: Gholdengo|[spread] p1a,p1b
|-resisted|p1a: Ursaluna
|-damage|p1a: Ursaluna|63/100
|-damage|p1b: Gholdengo|88/100
|move|p2b: Gholdeggo|Nasty Plot|p2b: Gholdeggo
|-boost|p2b: Gholdeggo|spa|2
|cant|p1b: Gholdengo|flinch
|cant|p1a: Ursaluna|flinch
|
|upkeep
|turn|8
|inactive|Djuseppe has 30 seconds left.
|
|t:|1756988712
|move|p1a: Ursaluna|Protect|p1a: Ursaluna
|-singleturn|p1a: Ursaluna|Protect
|move|p2a: Arcanine|Rock Slide|p1a: Ursaluna|[spread] p1b
|-activate|p1a: Ursaluna|move: Protect
|-damage|p1b: Gholdengo|74/100
|move|p2b: Gholdeggo|Make It Rain|p1a: Ursaluna|[spread] p1b
|-activate|p1a: Ursaluna|move: Protect
|-resisted|p1b: Gholdengo
|-damage|p1b: Gholdengo|15/100
|-unboost|p2b: Gholdeggo|spa|1
|-damage|p2b: Gholdeggo|91/100|[from] item: Life Orb
|cant|p1b: Gholdengo|flinch
|
|upkeep
|turn|9
|c|☆Djuseppe|wow gg
|c|☆Djuseppe|what can i say
|inactive|Djuseppe has 30 seconds left.
|
|t:|1756988740
|move|p2a: Arcanine|Rock Slide|p1a: Ursaluna|[spread] p1a,p1b
|-resisted|p1a: Ursaluna
|-damage|p1a: Ursaluna|58/100
|-damage|p1b: Gholdengo|3/100
|move|p2b: Gholdeggo|Make It Rain|p1b: Gholdengo|[spread] p1a,p1b
|-resisted|p1b: Gholdengo
|-damage|p1a: Ursaluna|0 fnt
|-damage|p1b: Gholdengo|0 fnt
|-unboost|p2b: Gholdeggo|spa|1
|faint|p1a: Ursaluna
|faint|p1b: Gholdengo
|-damage|p2b: Gholdeggo|81/100|[from] item: Life Orb
|
|win|HowisZacLee
||Djuseppe is ready for game 2.
|inactive|HowisZacLee has 30 seconds to confirm battle start!
||HowisZacLee is ready for game 2.
|uhtml|next|Next: Game 2 of 3
|l|☆Djuseppe
|player|p1|
