|j|☆RamonTheKiller
|j|☆FanPoke2011
|html|RamonTheKillerFanPoke2011    
|uhtml|bestof|Game 3 of a best-of-3
|t:|1754939825
|gametype|doubles
|player|p1|RamonTheKiller|palmer|1143
|player|p2|FanPoke2011|102|1227
|gen|9
|tier|[Gen 9] VGC 2025 Reg H (Bo3)
|rated|
|rule|Species Clause: Limit one of each Pokémon
|rule|Item Clause: Limit 1 of each item
|clearpoke
|poke|p1|Incineroar, L50, F|
|poke|p1|Amoonguss, L50, F|
|poke|p1|Gholdengo, L50|
|poke|p1|Dragonite, L50, M|
|poke|p1|Ursaluna-Bloodmoon, L50, M|
|poke|p1|Sneasler, L50, M|
|poke|p2|Sneasler, L50, M|
|poke|p2|Kingambit, L50, M|
|poke|p2|Magmar, L50, F|
|poke|p2|Rillaboom, L50, F|
|poke|p2|Ninetales-Alola, L50, F|
|poke|p2|Basculegion, L50, M|
|teampreview|4
|showteam|p1|Incineroar||SafetyGoggles|Intimidate|KnockOff,FakeOut,PartingShot,FlareBlitz|||F|||50|,,,,,Ghost]Amoonguss||RockyHelmet|Regenerator|RagePowder,PollenPuff,Spore,Protect|||F|||50|,,,,,Fairy]Gholdengo||LifeOrb|GoodasGold|MakeItRain,ShadowBall,NastyPlot,Protect||||||50|,,,,,Water]Dragonite||LoadedDice|Multiscale|ScaleShot,Protect,Tailwind,Haze|||M|||50|,,,,,Fairy]Ursaluna-Bloodmoon||CovertCloak|MindsEye|BloodMoon,EarthPower,Protect,Yawn|||M|||50|,,,,,Poison]Sneasler||FocusSash|Unburden|DireClaw,CloseCombat,Protect,ThroatChop|||M|||50|,,,,,Stellar
|showteam|p2|Sneasler||WhiteHerb|Unburden|CloseCombat,Coaching,DireClaw,Protect|||M|||50|,,,,,Ghost]Kingambit||BlackGlasses|Defiant|SwordsDance,KowtowCleave,SuckerPunch,Protect|||M|||50|,,,,,Dark]Magmar||Eviolite|VitalSpirit|Overheat,Taunt,Protect,FollowMe|||F|||50|,,,,,Fairy]Rillaboom||AssaultVest|GrassySurge|FakeOut,GrassyGlide,WoodHammer,HighHorsepower|||F|||50|,,,,,Fire]Ninetales-Alola||FocusSash|SnowWarning|Blizzard,Encore,IcyWind,Protect|||F|||50|,,,,,Ghost]Basculegion||ChoiceScarf|Adaptability|WaveCrash,FlipTurn,LastRespects,TeraBlast|||M|||50|,,,,,Fairy
|
|t:|1754939873
|teamsize|p1|4
|teamsize|p2|4
|start
|switch|p1a: Sneasler|Sneasler, L50, M|100/100
|switch|p1b: Amoonguss|Amoonguss, L50, F|100/100
|switch|p2a: Kingambit|Kingambit, L50, M|100/100
|switch|p2b: Rillaboom|Rillaboom, L50, F|100/100
|-fieldstart|move: Grassy Terrain|[from] ability: Grassy Surge|[of] p2b: Rillaboom
|turn|1
|
|t:|1754939915
|switch|p2b: Magmar|Magmar, L50, F|100/100
|move|p2a: Kingambit|Protect|p2a: Kingambit
|-singleturn|p2a: Kingambit|Protect
|move|p1a: Sneasler|Close Combat|p2a: Kingambit
|-activate|p2a: Kingambit|move: Protect
|move|p1b: Amoonguss|Spore|p2a: Kingambit
|-activate|p2a: Kingambit|move: Protect
|
|upkeep
|turn|2
|
|t:|1754939937
|switch|p1b: Ursaluna|Ursaluna-Bloodmoon, L50, M|100/100
|move|p2b: Magmar|Follow Me|p2b: Magmar
|-singleturn|p2b: Magmar|move: Follow Me
|move|p1a: Sneasler|Dire Claw|p2b: Magmar
|-damage|p2b: Magmar|67/100
|-status|p2b: Magmar|psn
|move|p2a: Kingambit|Swords Dance|p2a: Kingambit
|-boost|p2a: Kingambit|atk|2
|
|-heal|p2b: Magmar|72/100 psn|[from] Grassy Terrain
|-damage|p2b: Magmar|60/100 psn|[from] psn
|upkeep
|turn|3
|
|t:|1754939964
|switch|p1b: Amoonguss|Amoonguss, L50, F|100/100
|move|p2b: Magmar|Follow Me|p2b: Magmar
|-singleturn|p2b: Magmar|move: Follow Me
|move|p1a: Sneasler|Dire Claw|p2b: Magmar
|-damage|p2b: Magmar|30/100 psn
|move|p2a: Kingambit|Kowtow Cleave|p1a: Sneasler
|-resisted|p1a: Sneasler
|-damage|p1a: Sneasler|18/100
|
|-heal|p1a: Sneasler|23/100|[from] Grassy Terrain
|-heal|p2b: Magmar|36/100 psn|[from] Grassy Terrain
|-damage|p2b: Magmar|24/100 psn|[from] psn
|upkeep
|turn|4
|
|t:|1754939990
|-terastallize|p2a: Kingambit|Dark
|-terastallize|p1b: Amoonguss|Fairy
|move|p2b: Magmar|Follow Me|p2b: Magmar
|-singleturn|p2b: Magmar|move: Follow Me
|move|p1b: Amoonguss|Rage Powder|p1b: Amoonguss
|-singleturn|p1b: Amoonguss|move: Rage Powder
|move|p1a: Sneasler|Close Combat|p2b: Magmar
|-damage|p2b: Magmar|0 fnt
|-unboost|p1a: Sneasler|def|1
|-unboost|p1a: Sneasler|spd|1
|faint|p2b: Magmar
|move|p2a: Kingambit|Kowtow Cleave|p1b: Amoonguss
|-resisted|p1b: Amoonguss
|-damage|p1b: Amoonguss|35/100
|-damage|p2a: Kingambit|84/100|[from] item: Rocky Helmet|[of] p1b: Amoonguss
|
|-heal|p1a: Sneasler|29/100|[from] Grassy Terrain
|-heal|p2a: Kingambit|90/100|[from] Grassy Terrain
|-heal|p1b: Amoonguss|41/100|[from] Grassy Terrain
|upkeep
|
|t:|1754940002
|switch|p2b: Rillaboom|Rillaboom, L50, F|100/100
|turn|5
|
|t:|1754940017
|move|p1a: Sneasler|Protect|p1a: Sneasler
|-singleturn|p1a: Sneasler|Protect
|move|p1b: Amoonguss|Protect|p1b: Amoonguss
|-singleturn|p1b: Amoonguss|Protect
|move|p2b: Rillaboom|Grassy Glide|p1a: Sneasler
|-activate|p1a: Sneasler|move: Protect
|move|p2a: Kingambit|Kowtow Cleave|p1b: Amoonguss
|-activate|p1b: Amoonguss|move: Protect
|
|-heal|p1a: Sneasler|35/100|[from] Grassy Terrain
|-heal|p2a: Kingambit|96/100|[from] Grassy Terrain
|-heal|p1b: Amoonguss|47/100|[from] Grassy Terrain
|-fieldend|move: Grassy Terrain
|upkeep
|turn|6
|
|t:|1754940035
|move|p2a: Kingambit|Protect|p2a: Kingambit
|-singleturn|p2a: Kingambit|Protect
|move|p1b: Amoonguss|Rage Powder|p1b: Amoonguss
|-singleturn|p1b: Amoonguss|move: Rage Powder
|move|p1a: Sneasler|Dire Claw|p2b: Rillaboom
|-supereffective|p2b: Rillaboom
|-damage|p2b: Rillaboom|19/100
|move|p2b: Rillaboom|Wood Hammer|p1a: Sneasler
|-resisted|p1a: Sneasler
|-damage|p1a: Sneasler|0 fnt
|faint|p1a: Sneasler
|-damage|p2b: Rillaboom|11/100|[from] Recoil
|
|upkeep
|
|t:|1754940056
|switch|p1a: Incineroar|Incineroar, L50, F|100/100
|-ability|p1a: Incineroar|Intimidate|boost
|-unboost|p2a: Kingambit|atk|1
|-ability|p2a: Kingambit|Defiant|boost
|-boost|p2a: Kingambit|atk|2
|-unboost|p2b: Rillaboom|atk|1
|turn|7
|
|t:|1754940071
|switch|p2b: Ninetales|Ninetales-Alola, L50, F|100/100
|-weather|Snowscape|[from] ability: Snow Warning|[of] p2b: Ninetales
|move|p2a: Kingambit|Protect||[still]
|-fail|p2a: Kingambit
|move|p1a: Incineroar|Fake Out|p2a: Kingambit
|-damage|p2a: Kingambit|87/100
|move|p1b: Amoonguss|Spore|p2a: Kingambit
|-status|p2a: Kingambit|slp|[from] move: Spore
|
|-weather|Snowscape|[upkeep]
|upkeep
|turn|8
|
|t:|1754940088
|move|p2b: Ninetales|Protect|p2b: Ninetales
|-singleturn|p2b: Ninetales|Protect
|move|p1a: Incineroar|Flare Blitz|p2a: Kingambit
|-damage|p2a: Kingambit|53/100 slp
|-damage|p1a: Incineroar|88/100|[from] Recoil
|cant|p2a: Kingambit|slp
|move|p1b: Amoonguss|Pollen Puff|p2a: Kingambit
|-supereffective|p2a: Kingambit
|-damage|p2a: Kingambit|20/100 slp
|
|-weather|Snowscape|[upkeep]
|upkeep
|turn|9
|
|t:|1754940105
|cant|p2a: Kingambit|slp
|move|p2b: Ninetales|Blizzard|p1b: Amoonguss|[spread] p1a,p1b
|-resisted|p1a: Incineroar
|-damage|p1a: Incineroar|75/100
|-damage|p1b: Amoonguss|18/100
|move|p1a: Incineroar|Flare Blitz|p2a: Kingambit
|-damage|p2a: Kingambit|0 fnt
|faint|p2a: Kingambit
|-damage|p1a: Incineroar|68/100|[from] Recoil
|move|p1b: Amoonguss|Spore|p2b: Ninetales
|-status|p2b: Ninetales|slp|[from] move: Spore
|
|-weather|Snowscape|[upkeep]
|upkeep
|
|t:|1754940109
|switch|p2a: Rillaboom|Rillaboom, L50, F|11/100
|-fieldstart|move: Grassy Terrain|[from] ability: Grassy Surge|[of] p2a: Rillaboom
|turn|10
|
|t:|1754940132
|cant|p2b: Ninetales|slp
|move|p1a: Incineroar|Knock Off|p2a: Rillaboom
|-damage|p2a: Rillaboom|0 fnt
|-enditem|p2a: Rillaboom|Assault Vest|[from] move: Knock Off|[of] p1a: Incineroar
|faint|p2a: Rillaboom
|move|p1b: Amoonguss|Pollen Puff|p2b: Ninetales
|-resisted|p2b: Ninetales
|-damage|p2b: Ninetales|90/100 slp
|
|-weather|Snowscape|[upkeep]
|-heal|p2b: Ninetales|96/100 slp|[from] Grassy Terrain
|-heal|p1a: Incineroar|74/100|[from] Grassy Terrain
|-heal|p1b: Amoonguss|24/100|[from] Grassy Terrain
|upkeep
|turn|11
|-message|FanPoke2011 forfeited.
|
|win|RamonTheKiller
|raw|RamonTheKiller's rating: 1143 → 1174(+31 for winning)
|raw|FanPoke2011's rating: 1227 → 1196(-31 for losing)
|l|☆FanPoke2011
|player|p2|
