|j|☆imthebigfork
|j|☆Marauder1
|html|imthebigforkMarauder1    
|uhtml|bestof|Game 2 of a best-of-3
|t:|1784790837
|gametype|doubles
|player|p1|imthebigfork|clown|1154
|player|p2|Marauder1|acetrainer-gen4dp|1283
|gen|9
|tier|[Gen 9 Champions] VGC 2026 Reg M-B (Bo3)
|rated|
|rule|Species Clause: Limit one of each Pokémon
|rule|Item Clause: Limit 1 of each item
|clearpoke
|poke|p1|Swampert, L50, M|
|poke|p1|Tyranitar, L50, F|
|poke|p1|Pelipper, L50, F|
|poke|p1|Archaludon, L50, M|
|poke|p1|Kingambit, L50, M|
|poke|p1|Sinistcha, L50|
|poke|p2|Aerodactyl, L50, F|
|poke|p2|Gholdengo, L50|
|poke|p2|Lopunny, L50, M|
|poke|p2|Tsareena, L50, F|
|poke|p2|Basculegion, L50, M|
|poke|p2|Hydreigon, L50, F|
|teampreview|4
|showteam|p1|Swampert||Swampertite|Torrent|Protect,WaveCrash,Earthquake,Yawn|Adamant||M|||50|]Tyranitar||Tyranitarite|SandStream|Protect,RockSlide,KnockOff,LowKick|Adamant||F|||50|]Pelipper||FocusSash|Drizzle|WideGuard,Tailwind,WeatherBall,Hurricane|Timid||F|||50|]Archaludon||ChoiceScarf|Sturdy|AuraSphere,FlashCannon,DracoMeteor,ElectroShot|Timid||M|||50|]Kingambit||LifeOrb|Defiant|SwordsDance,SuckerPunch,KowtowCleave,Protect|Adamant||M|||50|]Sinistcha||Leftovers|Hospitality|ShadowBall,StrengthSap,MatchaGotcha,RagePowder|Bold|||||50|
|showteam|p2|Aerodactyl||FocusSash|Unnerve|RockSlide,DualWingbeat,Tailwind,Protect|Jolly||F|||50|]Gholdengo||LifeOrb|GoodasGold|MakeItRain,ShadowBall,PowerGem,Protect|Modest|||||50|]Lopunny||Lopunnite|CuteCharm|FakeOut,CloseCombat,TripleAxel,Protect|Jolly||M|||50|]Tsareena||CobaBerry|QueenlyMajesty|TropKick,LowKick,Taunt,HelpingHand|Adamant||F|||50|]Basculegion||MysticWater|Adaptability|WaveCrash,LastRespects,AquaJet,Protect|Adamant||M|||50|]Hydreigon||ChoiceScarf|Levitate|DracoMeteor,DarkPulse,Flamethrower,EarthPower|Modest||F|||50|
|
|t:|1784790868
|teamsize|p1|4
|teamsize|p2|4
|start
|switch|p1a: Pelipper|Pelipper, L50, F|100/100
|switch|p1b: Archaludon|Archaludon, L50, M|100/100
|switch|p2a: Aerodactyl|Aerodactyl, L50, F|100/100
|switch|p2b: Tsareena|Tsareena, L50, F|100/100
|-ability|p2a: Aerodactyl|Unnerve
|-weather|RainDance|[from] ability: Drizzle|[of] p1a: Pelipper
|turn|1
|
|t:|1784790897
|move|p1b: Archaludon|Electro Shot||[still]
|-prepare|p1b: Archaludon|Electro Shot
|-boost|p1b: Archaludon|spa|1
|-anim|p1b: Archaludon|Electro Shot|p2a: Aerodactyl
|-supereffective|p2a: Aerodactyl|1
|-enditem|p2a: Aerodactyl|Focus Sash
|-damage|p2a: Aerodactyl|1/100
|move|p2a: Aerodactyl|Tailwind|p2a: Aerodactyl
|-sidestart|p2: Marauder1|move: Tailwind
|move|p2b: Tsareena|Low Kick|p1b: Archaludon
|-supereffective|p1b: Archaludon|1
|-damage|p1b: Archaludon|46/100
|move|p1a: Pelipper|Hurricane|p2b: Tsareena
|-supereffective|p2b: Tsareena|1
|-enditem|p2b: Tsareena|Coba Berry|[eat]
|-enditem|p2b: Tsareena|Coba Berry|[weaken]
|-damage|p2b: Tsareena|42/100
|
|-weather|RainDance|[upkeep]
|upkeep
|turn|2
|
|t:|1784790940
|switch|p1a: Sinistcha|Sinistcha, L50|100/100
|-heal|p1b: Archaludon|70/100|[from] ability: Hospitality|[of] p1a: Sinistcha
|move|p2a: Aerodactyl|Rock Slide|p1a: Sinistcha|[spread] p1a
|-miss|p2a: Aerodactyl|p1b: Archaludon
|-damage|p1a: Sinistcha|81/100
|move|p2b: Tsareena|Taunt|p1a: Sinistcha
|-start|p1a: Sinistcha|move: Taunt
|move|p1b: Archaludon|Electro Shot||[still]
|-prepare|p1b: Archaludon|Electro Shot
|-boost|p1b: Archaludon|spa|1
|-anim|p1b: Archaludon|Electro Shot|p2a: Aerodactyl
|-supereffective|p2a: Aerodactyl|1
|-damage|p2a: Aerodactyl|0 fnt
|faint|p2a: Aerodactyl
|
|-weather|RainDance|[upkeep]
|-heal|p1a: Sinistcha|87/100|[from] item: Leftovers
|upkeep
|
|t:|1784790954
|switch|p2a: Hydreigon|Hydreigon, L50, F|100/100
|turn|3
|
|t:|1784790993
|switch|p1a: Pelipper|Pelipper, L50, F|100/100
|move|p2a: Hydreigon|Dark Pulse|p1a: Pelipper
|-damage|p1a: Pelipper|16/100
|move|p2b: Tsareena|Low Kick|p1b: Archaludon
|-supereffective|p1b: Archaludon|1
|-damage|p1b: Archaludon|21/100
|move|p1b: Archaludon|Electro Shot||[still]
|-prepare|p1b: Archaludon|Electro Shot
|-boost|p1b: Archaludon|spa|1
|-anim|p1b: Archaludon|Electro Shot|p2a: Hydreigon
|-resisted|p2a: Hydreigon|1
|-damage|p2a: Hydreigon|32/100
|
|-weather|RainDance|[upkeep]
|upkeep
|turn|4
|
|t:|1784791047
|switch|p1b: Sinistcha|Sinistcha, L50|87/100
|-heal|p1a: Pelipper|41/100|[from] ability: Hospitality|[of] p1b: Sinistcha
|move|p2a: Hydreigon|Dark Pulse|p1b: Sinistcha
|-supereffective|p1b: Sinistcha|1
|-damage|p1b: Sinistcha|0 fnt
|faint|p1b: Sinistcha
|move|p2b: Tsareena|Trop Kick|p1a: Pelipper
|-crit|p1a: Pelipper
|-damage|p1a: Pelipper|0 fnt
|faint|p1a: Pelipper
|
|-weather|RainDance|[upkeep]
|-sideend|p2: Marauder1|move: Tailwind
|upkeep
|
|t:|1784791058
|switch|p1a: Kingambit|Kingambit, L50, M|100/100
|switch|p1b: Archaludon|Archaludon, L50, M|21/100
|turn|5
|
|t:|1784791077
|move|p1a: Kingambit|Protect|p1a: Kingambit
|-singleturn|p1a: Kingambit|Protect
|move|p1b: Archaludon|Draco Meteor|p2a: Hydreigon
|-supereffective|p2a: Hydreigon|1
|-damage|p2a: Hydreigon|0 fnt
|-unboost|p1b: Archaludon|spa|2
|faint|p2a: Hydreigon
|move|p2b: Tsareena|Low Kick|p1a: Kingambit
|-activate|p1a: Kingambit|move: Protect
|
|-weather|none
|upkeep
|
|t:|1784791079
|switch|p2a: Lopunny|Lopunny, L50, M|100/100
|turn|6
|
|t:|1784791093
|detailschange|p2a: Lopunny|Lopunny-Mega, L50, M
|-mega|p2a: Lopunny|Lopunny|Lopunnite
|move|p2a: Lopunny|Fake Out|p1b: Archaludon
|-resisted|p1b: Archaludon|1
|-damage|p1b: Archaludon|11/100
|cant|p1b: Archaludon|flinch
|move|p2b: Tsareena|Low Kick|p1a: Kingambit
|-supereffective|p1a: Kingambit|2
|-damage|p1a: Kingambit|0 fnt
|faint|p1a: Kingambit
|
|upkeep
|turn|7
|-message|imthebigfork forfeited.
|raw|imthebigfork's rating: 1154 → 1138(-16 for losing)
|raw|Marauder1's rating: 1283 → 1299(+16 for winning)
|
|win|Marauder1
|l|☆imthebigfork
|player|p1|
