|j|☆keqinamu
|j|☆higigig
|html|keqinamuhigigig    
|uhtml|bestof|Game 2 of a best-of-3
|t:|1756689313
|gametype|doubles
|player|p1|keqinamu|elesa|1000
|player|p2|higigig|sisandbro|1163
|gen|9
|tier|[Gen 9] VGC 2025 Reg H (Bo3)
|rated|
|rule|Species Clause: Limit one of each Pokémon
|rule|Item Clause: Limit 1 of each item
|clearpoke
|poke|p1|Gardevoir, L50, F|
|poke|p1|Indeedee-F, L50, F|
|poke|p1|Sneasler, L50, F|
|poke|p1|Incineroar, L50, F|
|poke|p1|Kingambit, L50, F|
|poke|p1|Whimsicott, L50, M|
|poke|p2|Sneasler, L50, M|
|poke|p2|Gholdengo, L50|
|poke|p2|Amoonguss, L50, F|
|poke|p2|Incineroar, L50, M|
|poke|p2|Ursaluna-Bloodmoon, L50, M|
|poke|p2|Altaria, L50, M|
|teampreview|4
|showteam|p1|Gardevoir||LifeOrb|Trace|Protect,ExpandingForce,TrickRoom,Moonblast|||F|||50|,,,,,Grass]Indeedee-F||SafetyGoggles|PsychicSurge|HealPulse,FollowMe,TrickRoom,Psyshock|||F|||50|,,,,,Steel]Sneasler||PsychicSeed|Unburden|FakeOut,DireClaw,CloseCombat,Coaching|||F|||50|,,,,,Flying]Incineroar||CovertCloak|Intimidate|FlareBlitz,FakeOut,PartingShot,KnockOff|||F|||50|,,,,,Grass]Kingambit||BlackGlasses|Defiant|SuckerPunch,KowtowCleave,IronHead,ZenHeadbutt|||F|||50|,,,,,Ghost]Whimsicott||MentalHerb|Prankster|SunnyDay,FakeTears,Tailwind,EnergyBall|||M|||50|,,,,,Ghost
|showteam|p2|Sneasler||ClearAmulet|PoisonTouch|FakeOut,CloseCombat,DireClaw,Protect|||M|||50|,,,,,Water]Gholdengo||MetalCoat|GoodasGold|NastyPlot,MakeItRain,ShadowBall,Protect||||||50|,,,,,Water]Amoonguss||MentalHerb|Regenerator|Spore,RagePowder,PollenPuff,Protect|||F|||50|,,,,,Water]Incineroar||SafetyGoggles|Intimidate|FakeOut,FlareBlitz,KnockOff,PartingShot|||M|||50|,,,,,Ghost]Ursaluna-Bloodmoon||LifeOrb|MindsEye|HyperVoice,EarthPower,BloodMoon,Protect|||M|||50|,,,,,Poison]Altaria||CovertCloak|CloudNine|BreakingSwipe,Haze,Tailwind,Protect|||M|||50|,,,,,Fairy
|inactive|Battle timer is ON: inactive players will automatically lose when time's up. (requested by keqinamu)
|inactive|higigig also wants the timer to be on.
|inactive|keqinamu has 60 seconds left.
|inactive|higigig has 60 seconds left.
|inactive|keqinamu has 30 seconds left.
|inactive|higigig has 30 seconds left.
|inactive|higigig has 20 seconds left.
|inactive|higigig has 15 seconds left.
|inactive|higigig has 10 seconds left.
|inactive|higigig has 5 seconds left.
|
|t:|1756689399
|teamsize|p1|4
|teamsize|p2|4
|start
|switch|p1a: Indeedee|Indeedee-F, L50, F|100/100
|switch|p1b: Gardevoir|Gardevoir, L50, F|100/100
|switch|p2a: Sneasler|Sneasler, L50, M|100/100
|switch|p2b: Gholdengo|Gholdengo, L50|100/100
|-fieldstart|move: Psychic Terrain|[from] ability: Psychic Surge|[of] p1a: Indeedee
|-ability|p1b: Gardevoir|Good as Gold|Trace|[from] ability: Trace|[of] p2b: Gholdengo
|turn|1
|inactive|higigig has 30 seconds left.
|inactive|higigig has 20 seconds left.
|
|t:|1756689436
|move|p1b: Gardevoir|Protect|p1b: Gardevoir
|-singleturn|p1b: Gardevoir|Protect
|move|p2a: Sneasler|Dire Claw|p1b: Gardevoir
|-activate|p1b: Gardevoir|move: Protect
|move|p2b: Gholdengo|Make It Rain|p1b: Gardevoir|[spread] p1a
|-activate|p1b: Gardevoir|move: Protect
|-damage|p1a: Indeedee|60/100
|-unboost|p2b: Gholdengo|spa|1
|move|p1a: Indeedee|Trick Room|p1a: Indeedee
|-fieldstart|move: Trick Room|[of] p1a: Indeedee
|
|upkeep
|turn|2
|
|t:|1756689457
|move|p2a: Sneasler|Protect|p2a: Sneasler
|-singleturn|p2a: Sneasler|Protect
|move|p1b: Gardevoir|Expanding Force|p2a: Sneasler|[spread] p2b
|-activate|p2a: Sneasler|move: Protect
|-resisted|p2b: Gholdengo
|-damage|p2b: Gholdengo|52/100
|-damage|p1b: Gardevoir|91/100|[from] item: Life Orb
|move|p1a: Indeedee|Psyshock|p2b: Gholdengo
|-resisted|p2b: Gholdengo
|-damage|p2b: Gholdengo|32/100
|move|p2b: Gholdengo|Make It Rain|p1a: Indeedee|[spread] p1a,p1b
|-supereffective|p1b: Gardevoir
|-damage|p1a: Indeedee|34/100
|-damage|p1b: Gardevoir|24/100
|-unboost|p2b: Gholdengo|spa|1
|
|upkeep
|turn|3
|inactive|higigig has 30 seconds left.
|
|t:|1756689490
|switch|p2a: Incineroar|Incineroar, L50, M|100/100
|-ability|p2a: Incineroar|Intimidate|boost
|-unboost|p1a: Indeedee|atk|1
|-unboost|p1b: Gardevoir|atk|1
|-terastallize|p1b: Gardevoir|Grass
|move|p2b: Gholdengo|Protect|p2b: Gholdengo
|-singleturn|p2b: Gholdengo|Protect
|move|p1b: Gardevoir|Expanding Force|p2b: Gholdengo|[spread] 
|-activate|p2b: Gholdengo|move: Protect
|-immune|p2a: Incineroar
|move|p1a: Indeedee|Heal Pulse|p1b: Gardevoir
|-immune|p1b: Gardevoir|[from] ability: Good as Gold
|
|upkeep
|turn|4
|inactive|keqinamu has 30 seconds left.
|
|t:|1756689523
|move|p1b: Gardevoir|Protect|p1b: Gardevoir
|-singleturn|p1b: Gardevoir|Protect
|move|p2b: Gholdengo|Protect||[still]
|-fail|p2b: Gholdengo
|move|p2a: Incineroar|Knock Off|p1a: Indeedee
|-supereffective|p1a: Indeedee
|-damage|p1a: Indeedee|0 fnt
|-enditem|p1a: Indeedee|Safety Goggles|[from] move: Knock Off|[of] p2a: Incineroar
|faint|p1a: Indeedee
|
|upkeep
|
|t:|1756689533
|switch|p1a: Kingambit|Kingambit, L50, F|100/100
|turn|5
|
|t:|1756689548
|move|p2b: Gholdengo|Protect|p2b: Gholdengo
|-singleturn|p2b: Gholdengo|Protect
|move|p1a: Kingambit|Kowtow Cleave|p2b: Gholdengo
|-activate|p2b: Gholdengo|move: Protect
|move|p2a: Incineroar|Flare Blitz|p1b: Gardevoir
|-supereffective|p1b: Gardevoir
|-damage|p1b: Gardevoir|0 fnt
|faint|p1b: Gardevoir
|-damage|p2a: Incineroar|94/100|[from] Recoil
|
|-fieldend|move: Trick Room
|-fieldend|move: Psychic Terrain
|upkeep
|
|t:|1756689556
|switch|p1b: Sneasler|Sneasler, L50, F|100/100
|turn|6
|inactive|higigig has 30 seconds left.
|
|t:|1756689584
|switch|p2a: Ursaluna|Ursaluna-Bloodmoon, L50, M|100/100
|move|p1a: Kingambit|Sucker Punch|p2b: Gholdengo
|-supereffective|p2b: Gholdengo
|-crit|p2b: Gholdengo
|-damage|p2b: Gholdengo|0 fnt
|faint|p2b: Gholdengo
|move|p1b: Sneasler|Close Combat|p2a: Ursaluna
|-supereffective|p2a: Ursaluna
|-crit|p2a: Ursaluna
|-damage|p2a: Ursaluna|0 fnt
|-unboost|p1b: Sneasler|def|1
|-unboost|p1b: Sneasler|spd|1
|faint|p2a: Ursaluna
|
|upkeep
|
|t:|1756689590
|switch|p2b: Sneasler|Sneasler, L50, M|100/100
|switch|p2a: Incineroar|Incineroar, L50, M|94/100
|-ability|p2a: Incineroar|Intimidate|boost
|-unboost|p1a: Kingambit|atk|1
|-ability|p1a: Kingambit|Defiant|boost
|-boost|p1a: Kingambit|atk|2
|-unboost|p1b: Sneasler|atk|1
|turn|7
|
|t:|1756689611
|move|p2a: Incineroar|Fake Out|p1b: Sneasler
|-damage|p1b: Sneasler|66/100
|move|p2b: Sneasler|Close Combat|p1a: Kingambit
|-supereffective|p1a: Kingambit
|-crit|p1a: Kingambit
|-damage|p1a: Kingambit|0 fnt
|-unboost|p2b: Sneasler|def|1
|-unboost|p2b: Sneasler|spd|1
|faint|p1a: Kingambit
|cant|p1b: Sneasler|flinch
|
|upkeep
|turn|8
|
|t:|1756689623
|-terastallize|p2a: Incineroar|Ghost
|move|p2b: Sneasler|Close Combat|p1b: Sneasler
|-resisted|p1b: Sneasler
|-damage|p1b: Sneasler|0 fnt
|-unboost|p2b: Sneasler|def|1
|-unboost|p2b: Sneasler|spd|1
|faint|p1b: Sneasler
|
|win|higigig
|raw|keqinamu's rating: 1000 → 1000(+0 for losing)
|raw|higigig's rating: 1163 → 1177(+14 for winning)
