|j|☆MrBloku
|j|☆Z4RDEL
|html|MrBlokuZ4RDEL    
|uhtml|bestof|Game 1 of a best-of-3
|t:|1783277044
|gametype|doubles
|player|p1|MrBloku|101|
|player|p2|Z4RDEL|miku-fire|
|gen|9
|tier|[Gen 9 Champions] VGC 2026 Reg M-B (Bo3)
|rule|Species Clause: Limit one of each Pokémon
|rule|Item Clause: Limit 1 of each item
|clearpoke
|poke|p1|Staraptor, L50, M|
|poke|p1|Whimsicott, L50, M|
|poke|p1|Delphox, L50, F|
|poke|p1|Clefable, L50, F|
|poke|p1|Garchomp, L50, F|
|poke|p1|Sneasler, L50, F|
|poke|p2|Froslass, L50, F|
|poke|p2|Incineroar, L50, F|
|poke|p2|Glimmora, L50, F|
|poke|p2|Sinistcha-Masterpiece, L50|
|poke|p2|Archaludon, L50, F|
|poke|p2|Raichu, L50, F|
|teampreview|4
|showteam|p1|Staraptor||Staraptite|Intimidate|Protect,Roost,DualWingbeat,CloseCombat|Jolly||M|||50|]Whimsicott||FocusSash|Prankster|Tickle,Moonblast,Tailwind,Protect|Calm||M|||50|]Delphox||Delphoxite|Blaze|Protect,HeatWave,Psychic,NastyPlot|Timid||F|||50|]Clefable||SitrusBerry|Unaware|FollowMe,Moonblast,HelpingHand,SunnyDay|Calm||F|||50|]Garchomp||LifeOrb|RoughSkin|Protect,DragonClaw,Earthquake,RockSlide|Jolly||F|||50|]Sneasler||WhiteHerb|Unburden|FakeOut,Protect,DireClaw,CloseCombat|Jolly||F|||50|
|showteam|p2|Froslass||Froslassite|CursedBody|Blizzard,ShadowBall,AuroraVeil,Protect|Modest||F|||50|]Incineroar||QuickClaw|Intimidate|PartingShot,FlareBlitz,DarkestLariat,FakeOut|Adamant||F|||50|]Glimmora||FocusSash|ToxicDebris|StealthRock,EarthPower,PowerGem,MortalSpin|Modest||F|||50|]Sinistcha-Masterpiece||SitrusBerry|Hospitality|MatchaGotcha,RagePowder,TrickRoom,LifeDew|Sassy|||||50|]Archaludon||Leftovers|Stamina|ElectroShot,DracoMeteor,FlashCannon,Protect|Bold||F|||50|]Raichu||RaichuniteY|Static|RainDance,ZapCannon,Encore,Protect|Timid||F|||50|
|inactive|Battle timer is ON: inactive players will automatically lose when time's up. (requested by Z4RDEL)
|inactive|MrBloku has 60 seconds left.
|inactive|Z4RDEL has 60 seconds left.
|inactive|Z4RDEL has 30 seconds left.
|inactive|Z4RDEL has 20 seconds left.
|
|t:|1783277117
|teamsize|p1|4
|teamsize|p2|4
|start
|switch|p1a: Delphox|Delphox, L50, F|100/100
|switch|p1b: Clefable|Clefable, L50, F|100/100
|switch|p2a: Glimmora|Glimmora, L50, F|100/100
|switch|p2b: Raichu|Raichu, L50, F|100/100
|turn|1
|inactive|Z4RDEL has 30 seconds left.
|inactive|Z4RDEL has 20 seconds left.
|inactive|Z4RDEL has 15 seconds left.
|inactive|Z4RDEL has 10 seconds left.
|
|t:|1783277170
|detailschange|p2b: Raichu|Raichu-Mega-Y, L50, F
|-mega|p2b: Raichu|Raichu|Raichunite Y
|detailschange|p1a: Delphox|Delphox-Mega, L50, F
|-mega|p1a: Delphox|Delphox|Delphoxite
|move|p1b: Clefable|Follow Me|p1b: Clefable
|-singleturn|p1b: Clefable|move: Follow Me
|move|p1a: Delphox|Nasty Plot|p1a: Delphox
|-boost|p1a: Delphox|spa|2
|move|p2b: Raichu|Zap Cannon|p1b: Clefable
|-damage|p1b: Clefable|40/100
|-status|p1b: Clefable|par
|-enditem|p1b: Clefable|Sitrus Berry|[eat]
|-heal|p1b: Clefable|65/100 par|[from] item: Sitrus Berry
|move|p2a: Glimmora|Power Gem|p1b: Clefable
|-damage|p1b: Clefable|21/100 par
|
|upkeep
|turn|2
|inactive|Z4RDEL has 30 seconds left.
|
|t:|1783277196
|move|p1b: Clefable|Follow Me|p1b: Clefable
|-singleturn|p1b: Clefable|move: Follow Me
|move|p1a: Delphox|Heat Wave|p2b: Raichu|[spread] p2a,p2b
|-resisted|p2a: Glimmora|1
|-damage|p2a: Glimmora|46/100
|-damage|p2b: Raichu|0 fnt
|faint|p2b: Raichu
|move|p2a: Glimmora|Power Gem|p1b: Clefable
|-damage|p1b: Clefable|0 fnt
|faint|p1b: Clefable
|
|upkeep
|
|t:|1783277210
|switch|p2b: Sinistcha|Sinistcha-Masterpiece, L50|100/100
|switch|p1b: Sneasler|Sneasler, L50, F|100/100
|-heal|p2a: Glimmora|71/100|[from] ability: Hospitality|[of] p2b: Sinistcha
|turn|3
|
|t:|1783277221
|move|p1b: Sneasler|Fake Out|p2a: Glimmora
|-resisted|p2a: Glimmora|1
|-damage|p2a: Glimmora|63/100
|-activate|p2a: Glimmora|ability: Toxic Debris
|-sidestart|p1: MrBloku|move: Toxic Spikes
|move|p1a: Delphox|Heat Wave|p2b: Sinistcha|[spread] p2a
|-miss|p1a: Delphox|p2b: Sinistcha
|-resisted|p2a: Glimmora|1
|-damage|p2a: Glimmora|3/100
|cant|p2a: Glimmora|flinch
|move|p2b: Sinistcha|Trick Room|p2b: Sinistcha
|-fieldstart|move: Trick Room|[of] p2b: Sinistcha
|
|upkeep
|turn|4
|
|t:|1783277241
|move|p1a: Delphox|Protect|p1a: Delphox
|-singleturn|p1a: Delphox|Protect
|move|p2b: Sinistcha|Matcha Gotcha|p1a: Delphox|[spread] p1b
|-activate|p1a: Delphox|move: Protect
|-resisted|p1b: Sneasler|1
|-damage|p1b: Sneasler|83/100
|move|p2a: Glimmora|Earth Power|p1b: Sneasler
|-supereffective|p1b: Sneasler|1
|-damage|p1b: Sneasler|0 fnt
|faint|p1b: Sneasler
|
|upkeep
|
|t:|1783277252
|switch|p1b: Garchomp|Garchomp, L50, F|100/100
|-status|p1b: Garchomp|psn
|turn|5
|
|t:|1783277263
|move|p2b: Sinistcha|Matcha Gotcha|p1a: Delphox|[spread] p1a,p1b
|-resisted|p1a: Delphox|1
|-damage|p1a: Delphox|88/100
|-damage|p1b: Garchomp|74/100 psn
|move|p2a: Glimmora|Power Gem|p1a: Delphox
|-supereffective|p1a: Delphox|1
|-damage|p1a: Delphox|0 fnt
|faint|p1a: Delphox
|move|p1b: Garchomp|Earthquake|p2a: Glimmora|[spread] p2a,p2b
|-supereffective|p2a: Glimmora|2
|-resisted|p2b: Sinistcha|1
|-damage|p2a: Glimmora|0 fnt
|-damage|p2b: Sinistcha|75/100
|-activate|p2a: Glimmora|ability: Toxic Debris
|-sidestart|p1: MrBloku|move: Toxic Spikes
|faint|p2a: Glimmora
|-damage|p1b: Garchomp|64/100 psn|[from] item: Life Orb
|
|-damage|p1b: Garchomp|51/100 psn|[from] psn
|upkeep
|
|t:|1783277273
|switch|p2a: Archaludon|Archaludon, L50, F|100/100
|turn|6
|
|t:|1783277281
|move|p2b: Sinistcha|Matcha Gotcha|p1b: Garchomp
|-damage|p1b: Garchomp|15/100 psn
|-heal|p2b: Sinistcha|94/100|[from] drain|[of] p1b: Garchomp
|move|p2a: Archaludon|Draco Meteor|p1b: Garchomp
|-supereffective|p1b: Garchomp|1
|-damage|p1b: Garchomp|0 fnt
|-unboost|p2a: Archaludon|spa|2
|faint|p1b: Garchomp
|
|win|Z4RDEL
||MrBloku is ready for game 2.
