|j|☆sazar saifi
|j|☆lettitripppp
|html|sazar saifilettitripppp    
|uhtml|bestof|Game 1 of a best-of-3
|t:|1784225680
|gametype|doubles
|player|p1|sazar saifi|266|1320
|player|p2|lettitripppp|lucas|1269
|gen|9
|tier|[Gen 9 Champions] VGC 2026 Reg M-B (Bo3)
|rated|
|rule|Species Clause: Limit one of each Pokémon
|rule|Item Clause: Limit 1 of each item
|clearpoke
|poke|p1|Ceruledge, L50, F|
|poke|p1|Sneasler, L50, M|
|poke|p1|Floette-Eternal, L50, F|
|poke|p1|Dragonite, L50, F|
|poke|p1|Raichu, L50, M|
|poke|p1|Kingambit, L50, M|
|poke|p2|Charizard, L50, M, shiny|
|poke|p2|Basculegion, L50, M, shiny|
|poke|p2|Pelipper, L50, F|
|poke|p2|Venusaur, L50, M|
|poke|p2|Archaludon, L50, F|
|poke|p2|Grimmsnarl, L50, M, shiny|
|teampreview|4
|showteam|p1|Ceruledge||ColburBerry|FlashFire|BitterBlade,ShadowSneak,BulkUp,Protect|Careful||F|||50|]Sneasler||FocusSash|PoisonTouch|PoisonJab,CloseCombat,FakeOut,Protect|Adamant||M|||50|]Floette-Eternal||Floettite|FlowerVeil|Moonblast,DazzlingGleam,LightofRuin,Protect|Timid||F|||50|]Dragonite||ExpertBelt|InnerFocus|LowKick,DragonClaw,ExtremeSpeed,Protect|Adamant||F|||50|]Raichu||RaichuniteY|Static|ZapCannon,FocusBlast,FakeOut,Protect|Modest||M|||50|]Kingambit||LifeOrb|Defiant|SwordsDance,SuckerPunch,KowtowCleave,Protect|Adamant||M|||50|
|showteam|p2|Charizard||CharizarditeY|Blaze|WeatherBall,SolarBeam,HeatWave,Protect|Modest||M|||50|]Basculegion||ChoiceScarf|Adaptability|LastRespects,WaveCrash,FlipTurn,AquaJet|Jolly||M|||50|]Pelipper||SitrusBerry|Drizzle|WeatherBall,WideGuard,Hurricane,Tailwind|Modest||F|||50|]Venusaur||FocusSash|Chlorophyll|SleepPowder,SludgeBomb,EarthPower,Protect|Modest||M|||50|]Archaludon||Leftovers|Stamina|FlashCannon,DragonPulse,ElectroShot,Protect|Calm||F|||50|]Grimmsnarl||LightClay|Prankster|PartingShot,LightScreen,SpiritBreak,Reflect|Relaxed||M|||50|
|inactive|Battle timer is ON: inactive players will automatically lose when time's up. (requested by lettitripppp)
|inactive|sazar saifi has 60 seconds left.
|inactive|lettitripppp has 60 seconds left.
|inactive|sazar saifi has 30 seconds left.
|inactive|sazar saifi has 20 seconds left.
|inactive|sazar saifi has 15 seconds left.
|
|t:|1784225758
|teamsize|p1|4
|teamsize|p2|4
|start
|switch|p1a: Ceruledge|Ceruledge, L50, F|100/100
|switch|p1b: Kingambit|Kingambit, L50, M|100/100
|switch|p2a: AGNI|Charizard, L50, M, shiny|100/100
|switch|p2b: SOFT-SLEEP|Venusaur, L50, M|100/100
|turn|1
|
|t:|1784225779
|detailschange|p2a: AGNI|Charizard-Mega-Y, L50, M, shiny
|-mega|p2a: AGNI|Charizard|Charizardite Y
|-weather|SunnyDay|[from] ability: Drought|[of] p2a: AGNI
|move|p1b: Kingambit|Sucker Punch|p2a: AGNI
|-damage|p2a: AGNI|40/100
|-damage|p1b: Kingambit|90/100|[from] item: Life Orb
|move|p2b: SOFT-SLEEP|Sleep Powder|p1a: Ceruledge
|-status|p1a: Ceruledge|slp|[from] move: Sleep Powder
|move|p2a: AGNI|Weather Ball|p1b: Kingambit
|-supereffective|p1b: Kingambit|1
|-damage|p1b: Kingambit|0 fnt
|faint|p1b: Kingambit
|cant|p1a: Ceruledge|slp
|
|-weather|SunnyDay|[upkeep]
|upkeep
|
|t:|1784225787
|switch|p1b: Dragonite|Dragonite, L50, F|100/100
|turn|2
|
|t:|1784225793
|switch|p2a: GO JOHAN|Grimmsnarl, L50, M, shiny|100/100
|move|p1b: Dragonite|Extreme Speed|p2b: SOFT-SLEEP
|-damage|p2b: SOFT-SLEEP|56/100
|move|p2b: SOFT-SLEEP|Sleep Powder|p1b: Dragonite
|-status|p1b: Dragonite|slp|[from] move: Sleep Powder
|-curestatus|p1a: Ceruledge|slp|[msg]
|move|p1a: Ceruledge|Bulk Up|p1a: Ceruledge
|-boost|p1a: Ceruledge|atk|1
|-boost|p1a: Ceruledge|def|1
|
|-weather|SunnyDay|[upkeep]
|upkeep
|turn|3
|
|t:|1784225805
|cant|p1b: Dragonite|slp
|move|p2a: GO JOHAN|Reflect|p2a: GO JOHAN
|-sidestart|p2: lettitripppp|Reflect
|move|p2b: SOFT-SLEEP|Sleep Powder|p1a: Ceruledge
|-status|p1a: Ceruledge|slp|[from] move: Sleep Powder
|cant|p1a: Ceruledge|slp
|
|-weather|SunnyDay|[upkeep]
|upkeep
|turn|4
|
|t:|1784225820
|-curestatus|p1b: Dragonite|slp|[msg]
|move|p1b: Dragonite|Extreme Speed|p2a: GO JOHAN
|-damage|p2a: GO JOHAN|79/100
|move|p2b: SOFT-SLEEP|Earth Power|p1a: Ceruledge
|-supereffective|p1a: Ceruledge|1
|-damage|p1a: Ceruledge|56/100 slp
|-unboost|p1a: Ceruledge|spd|1
|cant|p1a: Ceruledge|slp
|move|p2a: GO JOHAN|Spirit Break|p1b: Dragonite
|-supereffective|p1b: Dragonite|1
|-damage|p1b: Dragonite|38/100
|-unboost|p1b: Dragonite|spa|1
|
|-weather|SunnyDay|[upkeep]
|upkeep
|turn|5
|
|t:|1784225842
|-curestatus|p1a: Ceruledge|slp|[msg]
|move|p1a: Ceruledge|Protect|p1a: Ceruledge
|-singleturn|p1a: Ceruledge|Protect
|move|p1b: Dragonite|Extreme Speed|p2b: SOFT-SLEEP
|-damage|p2b: SOFT-SLEEP|30/100
|move|p2b: SOFT-SLEEP|Earth Power|p1a: Ceruledge
|-activate|p1a: Ceruledge|move: Protect
|move|p2a: GO JOHAN|Spirit Break|p1b: Dragonite
|-supereffective|p1b: Dragonite|1
|-damage|p1b: Dragonite|0 fnt
|faint|p1b: Dragonite
|
|-weather|none
|upkeep
|
|t:|1784225845
|switch|p1b: Raichu|Raichu, L50, M|100/100
|turn|6
|
|t:|1784225854
|detailschange|p1b: Raichu|Raichu-Mega-Y, L50, M
|-mega|p1b: Raichu|Raichu|Raichunite Y
|move|p2b: SOFT-SLEEP|Protect|p2b: SOFT-SLEEP
|-singleturn|p2b: SOFT-SLEEP|Protect
|move|p1b: Raichu|Fake Out|p2b: SOFT-SLEEP
|-activate|p2b: SOFT-SLEEP|move: Protect
|move|p2a: GO JOHAN|Light Screen|p2a: GO JOHAN
|-sidestart|p2: lettitripppp|move: Light Screen
|move|p1a: Ceruledge|Bulk Up|p1a: Ceruledge
|-boost|p1a: Ceruledge|atk|1
|-boost|p1a: Ceruledge|def|1
|
|upkeep
|turn|7
|
|t:|1784225870
|move|p1a: Ceruledge|Shadow Sneak|p2b: SOFT-SLEEP
|-damage|p2b: SOFT-SLEEP|1/100
|move|p2a: GO JOHAN|Parting Shot|p1b: Raichu
|-unboost|p1b: Raichu|atk|1
|-unboost|p1b: Raichu|spa|1
|
|t:|1784225874
|switch|p2a: AGNI|Charizard-Mega-Y, L50, M, shiny|40/100|[from] Parting Shot
|-weather|SunnyDay|[from] ability: Drought|[of] p2a: AGNI
|move|p2b: SOFT-SLEEP|Earth Power|p1a: Ceruledge
|-supereffective|p1a: Ceruledge|1
|-damage|p1a: Ceruledge|0 fnt
|faint|p1a: Ceruledge
|move|p1b: Raichu|Zap Cannon|p2a: AGNI
|-supereffective|p2a: AGNI|1
|-damage|p2a: AGNI|0 fnt
|faint|p2a: AGNI
|
|-weather|SunnyDay|[upkeep]
|upkeep
|-message|sazar saifi forfeited.
|
|win|lettitripppp
|l|☆sazar saifi
|player|p1|
