|j|☆kuoji ッ
|j|☆pufferfish209
|html|kuoji ッpufferfish209    
|uhtml|bestof|Game 3 of a best-of-3
|t:|1782179888
|gametype|doubles
|player|p1|kuoji ッ|argenta|
|player|p2|pufferfish209|byron|
|gen|9
|tier|[Gen 9 Champions] VGC 2026 Reg M-B (Bo3)
|rule|Species Clause: Limit one of each Pokémon
|rule|Item Clause: Limit 1 of each item
|clearpoke
|poke|p1|Garchomp, L50, M|
|poke|p1|Gholdengo, L50|
|poke|p1|Delphox, L50, F|
|poke|p1|Whimsicott, L50, F|
|poke|p1|Staraptor, L50, M|
|poke|p1|Sinistcha, L50|
|poke|p2|Rotom-Heat, L50|
|poke|p2|Garchomp, L50, F|
|poke|p2|Oranguru, L50, M|
|poke|p2|Sceptile, L50, F|
|poke|p2|Incineroar, L50, M|
|poke|p2|Scrafty, L50, F|
|teampreview|4
|showteam|p1|Garchomp||FocusSash|RoughSkin|Earthquake,Protect,RockSlide,DragonClaw|Jolly||M|||50|]Gholdengo||LifeOrb|GoodasGold|MakeItRain,ShadowBall,NastyPlot,Protect|Timid|||||50|]Delphox||Delphoxite|Blaze|NastyPlot,Psychic,HeatWave,Protect|Timid||F|||50|]Whimsicott||KebiaBerry|Prankster|Charm,Encore,Tailwind,Moonblast|Bold||F|||50|]Staraptor||Staraptite|Intimidate|CloseCombat,BraveBird,Roost,Protect|Adamant||M|||50|]Sinistcha||ColburBerry|Hospitality|RagePowder,TrickRoom,LifeDew,Imprison|Bold|||||50|
|showteam|p2|Rotom-Heat||ChoiceScarf|Levitate|VoltSwitch,Overheat,Discharge,WillOWisp|Timid|||||50|]Garchomp||FocusSash|RoughSkin|DragonClaw,Earthquake,Protect,RockSlide|Jolly||F|||50|]Oranguru||SitrusBerry|InnerFocus|TrickRoom,Protect,Instruct,PsychicNoise|Calm||M|||50|]Sceptile||Sceptilite|Overgrow|EarthPower,Protect,GigaDrain,DragonPulse|Timid||F|||50|]Incineroar||ShucaBerry|Intimidate|FakeOut,PartingShot,FlareBlitz,ThroatChop|Adamant||M|||50|]Scrafty||Scraftinite|Intimidate|FakeOut,DrainPunch,KnockOff,IronHead|Brave||F|||50|
|
|t:|1782179934
|teamsize|p1|4
|teamsize|p2|4
|start
|switch|p1a: ヤバソチャ|Sinistcha, L50|100/100
|switch|p1b: ムクホーク|Staraptor, L50, M|100/100
|switch|p2a: Scrafty|Scrafty, L50, F|100/100
|switch|p2b: Rotom|Rotom-Heat, L50|100/100
|-ability|p1b: ムクホーク|Intimidate|boost
|-unboost|p2a: Scrafty|atk|1
|-unboost|p2b: Rotom|atk|1
|-ability|p2a: Scrafty|Intimidate|boost
|-unboost|p1a: ヤバソチャ|atk|1
|-unboost|p1b: ムクホーク|atk|1
|turn|1
|
|t:|1782179975
|switch|p1b: ガブリアス|Garchomp, L50, M|100/100
|switch|p1a: エルフーン|Whimsicott, L50, F|100/100
|detailschange|p2a: Scrafty|Scrafty-Mega, L50, F
|-mega|p2a: Scrafty|Scrafty|Scraftinite
|-ability|p2a: Scrafty|Intimidate|boost
|-unboost|p1a: エルフーン|atk|1
|-unboost|p1b: ガブリアス|atk|1
|move|p2a: Scrafty|Fake Out|p1b: ガブリアス
|-damage|p1b: ガブリアス|89/100
|-damage|p2a: Scrafty|87/100|[from] ability: Rough Skin|[of] p1b: ガブリアス
|move|p2b: Rotom|Volt Switch|p1b: ガブリアス
|-immune|p1b: ガブリアス
|
|upkeep
|turn|2
|
|t:|1782180006
|switch|p2a: Oranguru|Oranguru, L50, M|100/100
|move|p1a: エルフーン|Tailwind|p1a: エルフーン
|-sidestart|p1: kuoji ッ|move: Tailwind
|move|p1b: ガブリアス|Rock Slide|p2b: Rotom|[spread] p2b
|-miss|p1b: ガブリアス|p2a: Oranguru
|-supereffective|p2b: Rotom|1
|-damage|p2b: Rotom|71/100
|move|p2b: Rotom|Volt Switch|p1a: エルフーン
|-resisted|p1a: エルフーン|1
|-damage|p1a: エルフーン|79/100
|
|t:|1782180009
|switch|p2b: Scrafty|Scrafty-Mega, L50, F|87/100|[from] Volt Switch
|-ability|p2b: Scrafty|Intimidate|boost
|-unboost|p1a: エルフーン|atk|1
|-unboost|p1b: ガブリアス|atk|1
|
|upkeep
|turn|3
|
|t:|1782180026
|switch|p1b: ヤバソチャ|Sinistcha, L50|100/100
|-heal|p1a: エルフーン|100/100|[from] ability: Hospitality|[of] p1b: ヤバソチャ
|move|p2b: Scrafty|Fake Out|p1a: エルフーン
|-damage|p1a: エルフーン|86/100
|cant|p1a: エルフーン|flinch
|move|p2a: Oranguru|Trick Room|p2a: Oranguru
|-fieldstart|move: Trick Room|[of] p2a: Oranguru
|
|upkeep
|turn|4
|
|t:|1782180042
|move|p1a: エルフーン|Encore|p2a: Oranguru
|-start|p2a: Oranguru|Encore
|move|p2b: Scrafty|Knock Off|p1b: ヤバソチャ
|-supereffective|p1b: ヤバソチャ|1
|-enditem|p1b: ヤバソチャ|Colbur Berry|[eat]
|-enditem|p1b: ヤバソチャ|Colbur Berry|[weaken]
|-damage|p1b: ヤバソチャ|61/100
|move|p1b: ヤバソチャ|Life Dew|p1b: ヤバソチャ|[spread] p1a,p1b
|-heal|p1a: エルフーン|100/100
|-heal|p1b: ヤバソチャ|86/100
|move|p2a: Oranguru|Trick Room|p2a: Oranguru
|-fieldend|move: Trick Room
|
|upkeep
|turn|5
|
|t:|1782180079
|switch|p1b: ガブリアス|Garchomp, L50, M|89/100
|switch|p2a: Incineroar|Incineroar, L50, M|100/100
|-ability|p2a: Incineroar|Intimidate|boost
|-unboost|p1a: エルフーン|atk|1
|-unboost|p1b: ガブリアス|atk|1
|switch|p2b: Rotom|Rotom-Heat, L50|71/100
|move|p1a: エルフーン|Moonblast|p2b: Rotom
|-resisted|p2b: Rotom|1
|-damage|p2b: Rotom|54/100
|
|-sideend|p1: kuoji ッ|move: Tailwind
|upkeep
|turn|6
|
|t:|1782180103
|switch|p1a: ヤバソチャ|Sinistcha, L50|86/100
|-heal|p1b: ガブリアス|100/100|[from] ability: Hospitality|[of] p1a: ヤバソチャ
|move|p1b: ガブリアス|Protect|p1b: ガブリアス
|-singleturn|p1b: ガブリアス|Protect
|move|p2b: Rotom|Will-O-Wisp|p1b: ガブリアス
|-activate|p1b: ガブリアス|move: Protect
|move|p2a: Incineroar|Flare Blitz|p1a: ヤバソチャ
|-supereffective|p1a: ヤバソチャ|1
|-damage|p1a: ヤバソチャ|0 fnt
|faint|p1a: ヤバソチャ
|-damage|p2a: Incineroar|76/100|[from] Recoil
|
|upkeep
|
|t:|1782180120
|switch|p1a: エルフーン|Whimsicott, L50, F|100/100
|turn|7
|
|t:|1782180129
|move|p1a: エルフーン|Tailwind|p1a: エルフーン
|-sidestart|p1: kuoji ッ|move: Tailwind
|move|p1b: ガブリアス|Rock Slide|p2a: Incineroar|[spread] p2a,p2b
|-supereffective|p2a: Incineroar|1
|-supereffective|p2b: Rotom|1
|-damage|p2a: Incineroar|51/100
|-damage|p2b: Rotom|21/100
|move|p2b: Rotom|Will-O-Wisp|p1b: ガブリアス
|-status|p1b: ガブリアス|brn
|move|p2a: Incineroar|Flare Blitz|p1a: エルフーン
|-supereffective|p1a: エルフーン|1
|-damage|p1a: エルフーン|1/100
|-damage|p2a: Incineroar|26/100|[from] Recoil
|
|-damage|p1b: ガブリアス|94/100 brn|[from] brn
|upkeep
|turn|8
|
|t:|1782180155
|move|p1b: ガブリアス|Rock Slide|p2a: Incineroar|[spread] p2a
|-miss|p1b: ガブリアス|p2b: Rotom
|-supereffective|p2a: Incineroar|1
|-damage|p2a: Incineroar|15/100
|move|p1a: エルフーン|Moonblast|p2a: Incineroar
|-damage|p2a: Incineroar|0 fnt
|faint|p2a: Incineroar
|move|p2b: Rotom|Will-O-Wisp|p1a: エルフーン|[miss]
|-miss|p2b: Rotom|p1a: エルフーン
|
|-damage|p1b: ガブリアス|88/100 brn|[from] brn
|upkeep
|
|t:|1782180168
|switch|p2a: Oranguru|Oranguru, L50, M|100/100
|turn|9
|
|t:|1782180190
|switch|p1a: ムクホーク|Staraptor, L50, M|100/100
|-ability|p1a: ムクホーク|Intimidate|boost
|-fail|p2a: Oranguru|unboost|Attack|[from] ability: Inner Focus|[of] p2a: Oranguru
|-unboost|p2b: Rotom|atk|1
|switch|p2b: Scrafty|Scrafty-Mega, L50, F|87/100
|-ability|p2b: Scrafty|Intimidate|boost
|-unboost|p1a: ムクホーク|atk|1
|-unboost|p1b: ガブリアス|atk|1
|move|p1b: ガブリアス|Dragon Claw|p2b: Scrafty
|-damage|p2b: Scrafty|80/100
|move|p2a: Oranguru|Trick Room|p2a: Oranguru
|-fieldstart|move: Trick Room|[of] p2a: Oranguru
|
|-damage|p1b: ガブリアス|82/100 brn|[from] brn
|upkeep
|turn|10
|
|t:|1782180220
|move|p1a: ムクホーク|Protect|p1a: ムクホーク
|-singleturn|p1a: ムクホーク|Protect
|move|p1b: ガブリアス|Protect|p1b: ガブリアス
|-singleturn|p1b: ガブリアス|Protect
|move|p2b: Scrafty|Drain Punch|p1a: ムクホーク
|-activate|p1a: ムクホーク|move: Protect
|move|p2a: Oranguru|Instruct|p2b: Scrafty
|-singleturn|p2b: Scrafty|move: Instruct|[of] p2a: Oranguru
|move|p2b: Scrafty|Drain Punch|p1a: ムクホーク
|-activate|p1a: ムクホーク|move: Protect
|
|-damage|p1b: ガブリアス|76/100 brn|[from] brn
|-sideend|p1: kuoji ッ|move: Tailwind
|upkeep
|turn|11
|
|t:|1782180246
|detailschange|p1a: ムクホーク|Staraptor-Mega, L50, M
|-mega|p1a: ムクホーク|Staraptor|Staraptite
|move|p2b: Scrafty|Knock Off|p1b: ガブリアス
|-damage|p1b: ガブリアス|27/100 brn
|-damage|p2b: Scrafty|68/100|[from] ability: Rough Skin|[of] p1b: ガブリアス
|-enditem|p1b: ガブリアス|Focus Sash|[from] move: Knock Off|[of] p2b: Scrafty
|move|p2a: Oranguru|Instruct|p2b: Scrafty
|-singleturn|p2b: Scrafty|move: Instruct|[of] p2a: Oranguru
|move|p2b: Scrafty|Knock Off|p1b: ガブリアス
|-damage|p1b: ガブリアス|0 fnt
|-damage|p2b: Scrafty|55/100|[from] ability: Rough Skin|[of] p1b: ガブリアス
|faint|p1b: ガブリアス
|move|p1a: ムクホーク|Close Combat|p2b: Scrafty
|-supereffective|p2b: Scrafty|1
|-damage|p2b: Scrafty|0 fnt
|-boost|p1a: ムクホーク|def|1
|-boost|p1a: ムクホーク|spd|1
|faint|p2b: Scrafty
|
|upkeep
|
|t:|1782180259
|switch|p2b: Rotom|Rotom-Heat, L50|21/100
|switch|p1b: エルフーン|Whimsicott, L50, F|1/100
|turn|12
|
|t:|1782180276
|move|p1b: エルフーン|Tailwind|p1b: エルフーン
|-sidestart|p1: kuoji ッ|move: Tailwind
|move|p2a: Oranguru|Psychic Noise|p1b: エルフーン
|-damage|p1b: エルフーン|0 fnt
|faint|p1b: エルフーン
|move|p2b: Rotom|Overheat|p1a: ムクホーク
|-damage|p1a: ムクホーク|62/100
|-unboost|p2b: Rotom|spa|2
|move|p1a: ムクホーク|Close Combat|p2a: Oranguru
|-damage|p2a: Oranguru|54/100
|-boost|p1a: ムクホーク|def|1
|-boost|p1a: ムクホーク|spd|1
|
|upkeep
|turn|13
|
|t:|1782180289
|move|p2a: Oranguru|Instruct|p2b: Rotom
|-singleturn|p2b: Rotom|move: Instruct|[of] p2a: Oranguru
|move|p2b: Rotom|Overheat|p1a: ムクホーク
|-damage|p1a: ムクホーク|46/100
|-unboost|p2b: Rotom|spa|2
|move|p2b: Rotom|Overheat|p1a: ムクホーク
|-damage|p1a: ムクホーク|37/100
|-unboost|p2b: Rotom|spa|2
|move|p1a: ムクホーク|Close Combat|p2a: Oranguru
|-damage|p2a: Oranguru|13/100
|-boost|p1a: ムクホーク|def|1
|-boost|p1a: ムクホーク|spd|1
|-enditem|p2a: Oranguru|Sitrus Berry|[eat]
|-heal|p2a: Oranguru|38/100|[from] item: Sitrus Berry
|
|-fieldend|move: Trick Room
|upkeep
|turn|14
|
|t:|1782180302
|move|p1a: ムクホーク|Close Combat|p2a: Oranguru
|-damage|p2a: Oranguru|0 fnt
|-boost|p1a: ムクホーク|def|1
|-boost|p1a: ムクホーク|spd|1
|faint|p2a: Oranguru
|move|p2b: Rotom|Overheat|p1a: ムクホーク
|-damage|p1a: ムクホーク|31/100
|
|upkeep
|turn|15
|
|t:|1782180307
|move|p1a: ムクホーク|Roost|p1a: ムクホーク
|-heal|p1a: ムクホーク|81/100
|-singleturn|p1a: ムクホーク|move: Roost
|move|p2b: Rotom|Overheat|p1a: ムクホーク
|-damage|p1a: ムクホーク|75/100
|
|-sideend|p1: kuoji ッ|move: Tailwind
|upkeep
|turn|16
|c|☆kuoji ッ|g
|
|t:|1782180315
|move|p2b: Rotom|Overheat|p1a: ムクホーク
|-damage|p1a: ムクホーク|70/100
|move|p1a: ムクホーク|Close Combat|p2b: Rotom
|-damage|p2b: Rotom|0 fnt
|-boost|p1a: ムクホーク|def|1
|-boost|p1a: ムクホーク|spd|1
|faint|p2b: Rotom
|
|win|kuoji ッ
|c|☆kuoji ッ|gg
