|j|☆AbadanRiyi92
|j|☆Encore Ogerpon
|html|AbadanRiyi92Encore Ogerpon    
|uhtml|bestof|Game 2 of a best-of-3
|t:|1785340064
|gametype|doubles
|player|p1|AbadanRiyi92|colress|1135
|player|p2|Encore Ogerpon|lance-masters|1151
|gen|9
|tier|[Gen 9 Champions] VGC 2026 Reg M-B (Bo3)
|rated|
|rule|Species Clause: Limit one of each Pokémon
|rule|Item Clause: Limit 1 of each item
|clearpoke
|poke|p1|Gengar, L50, M, shiny|
|poke|p1|Maushold-Four, L50|
|poke|p1|Annihilape, L50, F|
|poke|p1|Incineroar, L50, F|
|poke|p1|Politoed, L50, F, shiny|
|poke|p1|Archaludon, L50, F|
|poke|p2|Kingambit, L50, F|
|poke|p2|Garchomp, L50, F|
|poke|p2|Farigiraf, L50, F|
|poke|p2|Charizard, L50, M|
|poke|p2|Sylveon, L50, F|
|poke|p2|Aerodactyl, L50, M|
|teampreview|4
|showteam|p1|Gengar||Gengarite|CursedBody|ShadowBall,Disable,PerishSong,Protect|Timid||M|||50|]Maushold-Four||FocusSash|FriendGuard|FollowMe,Encore,BeatUp,Protect|Jolly|||||50|]Annihilape||RoseliBerry|Defiant|RageFist,CloseCombat,Encore,Protect|Jolly||F|||50|]Incineroar||PasshoBerry|Intimidate|PartingShot,ThroatChop,Protect,FakeOut|Sassy||F|||50|]Politoed||SitrusBerry|Drizzle|WeatherBall,Encore,PerishSong,Protect|Calm||F|||50|]Archaludon||Leftovers|Stamina|DragonPulse,FlashCannon,ElectroShot,Protect|Bold||F|||50|
|showteam|p2|Kingambit||BlackGlasses|Defiant|Protect,IronHead,SuckerPunch,KowtowCleave|Brave||F|||50|]Garchomp||LifeOrb|RoughSkin|DragonClaw,Earthquake,RockSlide,Protect|Jolly||F|||50|]Farigiraf||SitrusBerry|ArmorTail|TwinBeam,Thunderbolt,TrickRoom,HelpingHand|Bold||F|||50|]Charizard||CharizarditeY|Blaze|Protect,HeatWave,SolarBeam,WeatherBall|Modest||M|||50|]Sylveon||FairyFeather|Pixilate|Detect,HyperBeam,HyperVoice,QuickAttack|Modest||F|||50|]Aerodactyl||Aerodactylite|Unnerve|WideGuard,RockSlide,DualWingbeat,Tailwind|Jolly||M|||50|
|inactive|Battle timer is ON: inactive players will automatically lose when time's up. (requested by Encore Ogerpon)
|
|t:|1785340082
|teamsize|p1|4
|teamsize|p2|4
|start
|switch|p1a: Maushold|Maushold-Four, L50|100/100
|switch|p1b: Annihilape|Annihilape, L50, F|100/100
|switch|p2a: Sylveon|Sylveon, L50, F|100/100
|switch|p2b: Farigiraf|Farigiraf, L50, F|100/100
|turn|1
|
|t:|1785340103
|move|p2a: Sylveon|Detect|p2a: Sylveon
|-singleturn|p2a: Sylveon|Protect
|move|p1a: Maushold|Beat Up|p1b: Annihilape
|-damage|p1b: Annihilape|97/100
|-damage|p1b: Annihilape|95/100
|-damage|p1b: Annihilape|93/100
|-damage|p1b: Annihilape|90/100
|-hitcount|p1b: Annihilape|4
|move|p1b: Annihilape|Rage Fist|p2a: Sylveon
|-activate|p2a: Sylveon|move: Protect
|move|p2b: Farigiraf|Trick Room|p2b: Farigiraf
|-fieldstart|move: Trick Room|[of] p2b: Farigiraf
|
|upkeep
|turn|2
|inactive|Encore Ogerpon has 30 seconds left.
|
|t:|1785340129
|move|p1a: Maushold|Follow Me|p1a: Maushold
|-singleturn|p1a: Maushold|move: Follow Me
|move|p2b: Farigiraf|Twin Beam|p1a: Maushold
|-damage|p1a: Maushold|81/100
|-damage|p1a: Maushold|62/100
|-hitcount|p1a: Maushold|2
|move|p2a: Sylveon|Hyper Voice|p1b: Annihilape|[spread] p1a,p1b
|-supereffective|p1b: Annihilape|1
|-enditem|p1b: Annihilape|Roseli Berry|[eat]
|-enditem|p1b: Annihilape|Roseli Berry|[weaken]
|-damage|p1a: Maushold|0 fnt
|-damage|p1b: Annihilape|50/100g
|faint|p1a: Maushold
|move|p1b: Annihilape|Rage Fist|p2a: Sylveon
|-damage|p2a: Sylveon|0 fnt
|faint|p2a: Sylveon
|
|upkeep
|
|t:|1785340146
|switch|p2a: Kingambit|Kingambit, L50, F|100/100
|switch|p1a: Archaludon|Archaludon, L50, F|100/100
|turn|3
|inactive|Encore Ogerpon has 30 seconds left.
|
|t:|1785340175
|switch|p1b: Politoed|Politoed, L50, F, shiny|100/100
|-weather|RainDance|[from] ability: Drizzle|[of] p1b: Politoed
|move|p2b: Farigiraf|Helping Hand|p2a: Kingambit
|-singleturn|p2a: Kingambit|Helping Hand|[of] p2b: Farigiraf
|move|p2a: Kingambit|Kowtow Cleave|p1a: Archaludon
|-damage|p1a: Archaludon|44/100
|-ability|p1a: Archaludon|Stamina|boost
|-boost|p1a: Archaludon|def|1
|move|p1a: Archaludon|Electro Shot||[still]
|-prepare|p1a: Archaludon|Electro Shot
|-boost|p1a: Archaludon|spa|1
|-anim|p1a: Archaludon|Electro Shot|p2a: Kingambit
|-damage|p2a: Kingambit|44/100
|
|-weather|RainDance|[upkeep]
|-heal|p1a: Archaludon|50/100g|[from] item: Leftovers
|upkeep
|turn|4
|inactive|AbadanRiyi92 has 30 seconds left.
|
|t:|1785340200
|move|p2a: Kingambit|Kowtow Cleave|p1b: Politoed
|-damage|p1b: Politoed|48/100
|-enditem|p1b: Politoed|Sitrus Berry|[eat]
|-heal|p1b: Politoed|73/100|[from] item: Sitrus Berry
|move|p2b: Farigiraf|Thunderbolt|p1b: Politoed
|-supereffective|p1b: Politoed|1
|-damage|p1b: Politoed|35/100
|move|p1b: Politoed|Weather Ball|p2a: Kingambit
|-damage|p2a: Kingambit|0 fnt
|faint|p2a: Kingambit
|move|p1a: Archaludon|Electro Shot||[still]
|-prepare|p1a: Archaludon|Electro Shot
|-boost|p1a: Archaludon|spa|1
|-anim|p1a: Archaludon|Electro Shot|p2b: Farigiraf
|-damage|p2b: Farigiraf|32/100
|-enditem|p2b: Farigiraf|Sitrus Berry|[eat]
|-heal|p2b: Farigiraf|57/100|[from] item: Sitrus Berry
|
|-weather|RainDance|[upkeep]
|-heal|p1a: Archaludon|56/100|[from] item: Leftovers
|upkeep
|
|t:|1785340209
|switch|p2a: Aerodactyl|Aerodactyl, L50, M|100/100
|-ability|p2a: Aerodactyl|Unnerve
|turn|5
|inactive|AbadanRiyi92 has 30 seconds left.
|inactive|Encore Ogerpon has 30 seconds left.
|
|t:|1785340242
|move|p1b: Politoed|Protect|p1b: Politoed
|-singleturn|p1b: Politoed|Protect
|move|p2b: Farigiraf|Thunderbolt|p1b: Politoed
|-activate|p1b: Politoed|move: Protect
|move|p1a: Archaludon|Electro Shot||[still]
|-prepare|p1a: Archaludon|Electro Shot
|-boost|p1a: Archaludon|spa|1
|-anim|p1a: Archaludon|Electro Shot|p2a: Aerodactyl
|-supereffective|p2a: Aerodactyl|1
|-damage|p2a: Aerodactyl|0 fnt
|faint|p2a: Aerodactyl
|
|-weather|RainDance|[upkeep]
|-heal|p1a: Archaludon|62/100|[from] item: Leftovers
|-fieldend|move: Trick Room
|upkeep
|turn|6
|-message|Encore Ogerpon forfeited.
|
|win|AbadanRiyi92
|raw|AbadanRiyi92's rating: 1135 → 1161(+26 for winning)
|raw|Encore Ogerpon's rating: 1151 → 1125(-26 for losing)
|l|☆Encore Ogerpon
|player|p2|
