|j|☆Dirtbikekevvgc
|j|☆Alecat
|html|DirtbikekevvgcAlecat    
|uhtml|bestof|Game 2 of a best-of-3
|t:|1757636107
|gametype|doubles
|player|p1|Dirtbikekevvgc|102|1087
|player|p2|Alecat|scientistf|1118
|gen|9
|tier|[Gen 9] VGC 2025 Reg H (Bo3)
|rated|
|rule|Species Clause: Limit one of each Pokémon
|rule|Item Clause: Limit 1 of each item
|clearpoke
|poke|p1|Annihilape, L50, F|
|poke|p1|Corviknight, L50, M|
|poke|p1|Tyranitar, L50, F|
|poke|p1|Excadrill, L50, M|
|poke|p1|Indeedee, L50, M|
|poke|p1|Sneasler, L50, M|
|poke|p2|Sneasler, L50, M|
|poke|p2|Magmar, L50, M|
|poke|p2|Rillaboom, L50, M|
|poke|p2|Espathra, L50, M|
|poke|p2|Kingambit, L50, F|
|poke|p2|Arcanine-Hisui, L50, M|
|teampreview|4
|showteam|p1|Annihilape||SafetyGoggles|Defiant|Taunt,FinalGambit,CloseCombat,RageFist|||F|||50|,,,,,Fire]Corviknight||Leftovers|MirrorArmor|BraveBird,BulkUp,Roost,Tailwind|||M|||50|,,,,,Dragon]Tyranitar||AssaultVest|SandStream|TeraBlast,LowKick,KnockOff,RockSlide|||F|||50|,,,,,Flying]Excadrill||FocusSash|SandRush|IronHead,Earthquake,HighHorsepower,Protect|||M|||50|,,,,,Stellar]Indeedee||ChoiceScarf|PsychicSurge|ExpandingForce,TeraBlast,Trick,Protect|||M|||50|,,,,,Psychic]Sneasler||PsychicSeed|Unburden|ThroatChop,CloseCombat,DireClaw,Protect|||M|||50|,,,,,Dark
|showteam|p2|Sneasler||FocusSash|Unburden|FakeOut,CloseCombat,DireClaw,Coaching|||M|||50|,,,,,Ghost]Magmar||Eviolite|VitalSpirit|FollowMe,HeatWave,Taunt,Protect|||M|||50|,,,,,Dragon]Rillaboom||AssaultVest|GrassySurge|FakeOut,WoodHammer,GrassyGlide,HighHorsepower|||M|||50|,,,,,Fire]Espathra||GrassySeed|SpeedBoost|StoredPower,TeraBlast,CalmMind,Protect|||M|||50|,,,,,Fighting]Kingambit||SafetyGoggles|Defiant|KowtowCleave,SuckerPunch,SwordsDance,Protect|||F|||50|,,,,,Dark]Arcanine-Hisui||LoadedDice|Intimidate|FlareBlitz,RockBlast,ExtremeSpeed,Protect|||M|||50|,,,,,Ghost
|inactive|Battle timer is ON: inactive players will automatically lose when time's up. (requested by Alecat)
|
|t:|1757636134
|teamsize|p1|4
|teamsize|p2|4
|start
|switch|p1a: Annihilape|Annihilape, L50, F|100/100
|switch|p1b: Corviknight|Corviknight, L50, M|100/100
|switch|p2a: Espathra|Espathra, L50, M, shiny|100/100
|switch|p2b: Rillaboom|Rillaboom, L50, M|100/100
|-fieldstart|move: Grassy Terrain|[from] ability: Grassy Surge|[of] p2b: Rillaboom
|-enditem|p2a: Espathra|Grassy Seed
|-boost|p2a: Espathra|def|1|[from] item: Grassy Seed
|turn|1
|inactive|Alecat has 30 seconds left.
|
|t:|1757636163
|move|p2a: Espathra|Protect|p2a: Espathra
|-singleturn|p2a: Espathra|Protect
|move|p2b: Rillaboom|Grassy Glide|p1a: Annihilape
|-damage|p1a: Annihilape|60/100
|move|p1a: Annihilape|Taunt|p2a: Espathra
|-activate|p2a: Espathra|move: Protect
|move|p1b: Corviknight|Tailwind|p1b: Corviknight
|-sidestart|p1: Dirtbikekevvgc|move: Tailwind
|
|-heal|p1a: Annihilape|66/100|[from] Grassy Terrain
|-ability|p2a: Espathra|Speed Boost|boost
|-boost|p2a: Espathra|spe|1
|upkeep
|turn|2
|inactive|Alecat has 30 seconds left.
|inactive|Alecat has 20 seconds left.
|inactive|Alecat has 15 seconds left.
|inactive|Alecat has 10 seconds left.
|
|t:|1757636212
|move|p1a: Annihilape|Taunt|p2a: Espathra
|-start|p2a: Espathra|move: Taunt
|cant|p2a: Espathra|move: Taunt|Calm Mind
|move|p1b: Corviknight|Brave Bird|p2b: Rillaboom
|-supereffective|p2b: Rillaboom
|-damage|p2b: Rillaboom|16/100
|-damage|p1b: Corviknight|73/100|[from] Recoil
|move|p2b: Rillaboom|Wood Hammer|p1a: Annihilape
|-damage|p1a: Annihilape|0 fnt
|faint|p1a: Annihilape
|-damage|p2b: Rillaboom|0 fnt|[from] Recoil
|faint|p2b: Rillaboom
|
|-heal|p1b: Corviknight|79/100|[from] item: Leftovers
|-ability|p2a: Espathra|Speed Boost|boost
|-boost|p2a: Espathra|spe|1
|upkeep
|inactive|Dirtbikekevvgc has 30 seconds left.
|
|t:|1757636239
|switch|p1a: Indeedee|Indeedee, L50, M|100/100
|switch|p2b: Sneasler|Sneasler, L50, M|100/100
|-fieldstart|move: Psychic Terrain|[from] ability: Psychic Surge|[of] p1a: Indeedee
|turn|3
|inactive|Dirtbikekevvgc has 30 seconds left.
|
|t:|1757636265
|-terastallize|p1b: Corviknight|Dragon
|move|p1a: Indeedee|Expanding Force|p2b: Sneasler|[spread] p2a,p2b
|-resisted|p2a: Espathra
|-supereffective|p2b: Sneasler
|-damage|p2a: Espathra|61/100
|-enditem|p2b: Sneasler|Focus Sash
|-damage|p2b: Sneasler|1/100
|move|p2b: Sneasler|Coaching|p2a: Espathra
|-boost|p2a: Espathra|atk|1
|-boost|p2a: Espathra|def|1
|move|p2a: Espathra|Stored Power|p1a: Indeedee
|-resisted|p1a: Indeedee
|-crit|p1a: Indeedee
|-damage|p1a: Indeedee|37/100
|move|p1b: Corviknight|Brave Bird|p2b: Sneasler
|-supereffective|p2b: Sneasler
|-damage|p2b: Sneasler|0 fnt
|faint|p2b: Sneasler
|-damage|p1b: Corviknight|78/100|[from] Recoil
|
|-heal|p1b: Corviknight|84/100|[from] item: Leftovers
|-ability|p2a: Espathra|Speed Boost|boost
|-boost|p2a: Espathra|spe|1
|upkeep
|
|t:|1757636286
|switch|p2b: Magmar|Magmar, L50, M|100/100
|turn|4
|inactive|Alecat has 30 seconds left.
|
|t:|1757636313
|move|p2b: Magmar|Protect|p2b: Magmar
|-singleturn|p2b: Magmar|Protect
|move|p1a: Indeedee|Expanding Force|p2a: Espathra|[spread] p2a
|-activate|p2b: Magmar|move: Protect
|-resisted|p2a: Espathra
|-damage|p2a: Espathra|26/100
|move|p2a: Espathra|Stored Power|p1b: Corviknight
|-damage|p1b: Corviknight|24/100
|move|p1b: Corviknight|Brave Bird|p2a: Espathra
|-damage|p2a: Espathra|2/100
|-damage|p1b: Corviknight|16/100|[from] Recoil
|
|-heal|p1b: Corviknight|22/100|[from] item: Leftovers
|-end|p2a: Espathra|move: Taunt
|-sideend|p1: Dirtbikekevvgc|move: Tailwind
|-ability|p2a: Espathra|Speed Boost|boost
|-boost|p2a: Espathra|spe|1
|upkeep
|turn|5
|
|t:|1757636331
|move|p2b: Magmar|Follow Me|p2b: Magmar
|-singleturn|p2b: Magmar|move: Follow Me
|move|p2a: Espathra|Stored Power|p1a: Indeedee
|-resisted|p1a: Indeedee
|-damage|p1a: Indeedee|0 fnt
|faint|p1a: Indeedee
|move|p1b: Corviknight|Tailwind|p1b: Corviknight
|-sidestart|p1: Dirtbikekevvgc|move: Tailwind
|
|-heal|p1b: Corviknight|28/100|[from] item: Leftovers
|-ability|p2a: Espathra|Speed Boost|boost
|-boost|p2a: Espathra|spe|1
|upkeep
|
|t:|1757636340
|switch|p1a: Sneasler|Sneasler, L50, M|100/100
|-enditem|p1a: Sneasler|Psychic Seed
|-boost|p1a: Sneasler|spd|1|[from] item: Psychic Seed
|turn|6
|
|t:|1757636357
|move|p2a: Espathra|Protect|p2a: Espathra
|-singleturn|p2a: Espathra|Protect
|move|p1a: Sneasler|Dire Claw|p2a: Espathra
|-activate|p2a: Espathra|move: Protect
|move|p1b: Corviknight|Brave Bird|p2a: Espathra
|-activate|p2a: Espathra|move: Protect
|move|p2b: Magmar|Heat Wave|p1b: Corviknight|[spread] p1a,p1b
|-resisted|p1b: Corviknight
|-damage|p1a: Sneasler|79/100
|-damage|p1b: Corviknight|17/100
|
|-heal|p1b: Corviknight|23/100|[from] item: Leftovers
|-ability|p2a: Espathra|Speed Boost|boost
|-boost|p2a: Espathra|spe|1
|upkeep
|turn|7
|
|t:|1757636376
|move|p1a: Sneasler|Protect|p1a: Sneasler
|-singleturn|p1a: Sneasler|Protect
|move|p2b: Magmar|Follow Me|p2b: Magmar
|-singleturn|p2b: Magmar|move: Follow Me
|move|p2a: Espathra|Stored Power|p1a: Sneasler
|-activate|p1a: Sneasler|move: Protect
|move|p1b: Corviknight|Roost|p1b: Corviknight
|-heal|p1b: Corviknight|73/100
|
|-heal|p1b: Corviknight|79/100|[from] item: Leftovers
|-fieldend|move: Psychic Terrain
|upkeep
|turn|8
|
|t:|1757636395
|move|p2b: Magmar|Follow Me|p2b: Magmar
|-singleturn|p2b: Magmar|move: Follow Me
|move|p1a: Sneasler|Dire Claw|p2b: Magmar
|-damage|p2b: Magmar|53/100
|-status|p2b: Magmar|psn
|move|p2a: Espathra|Stored Power|p1a: Sneasler
|-supereffective|p1a: Sneasler
|-damage|p1a: Sneasler|0 fnt
|faint|p1a: Sneasler
|move|p1b: Corviknight|Brave Bird|p2b: Magmar
|-damage|p2b: Magmar|2/100 psn
|-damage|p1b: Corviknight|65/100|[from] Recoil
|
|-heal|p1b: Corviknight|71/100|[from] item: Leftovers
|-damage|p2b: Magmar|0 fnt|[from] psn
|faint|p2b: Magmar
|-sideend|p1: Dirtbikekevvgc|move: Tailwind
|upkeep
|turn|9
|
|t:|1757636417
|move|p2a: Espathra|Stored Power|p1b: Corviknight
|-damage|p1b: Corviknight|0 fnt
|faint|p1b: Corviknight
|
|win|Alecat
|raw|Dirtbikekevvgc's rating: 1087 → 1066(-21 for losing)
|raw|Alecat's rating: 1118 → 1141(+23 for winning)
