|j|☆legendsnoobie
|j|☆poppliolord
|html|legendsnoobiepoppliolord    
|uhtml|bestof|Game 1 of a best-of-3
|t:|1783517780
|gametype|doubles
|player|p1|legendsnoobie|lucas|
|player|p2|poppliolord|n|
|gen|9
|tier|[Gen 9 Champions] VGC 2026 Reg M-B (Bo3)
|rule|Species Clause: Limit one of each Pokémon
|rule|Item Clause: Limit 1 of each item
|clearpoke
|poke|p1|Meganium, L50, F|
|poke|p1|Swampert, L50, M|
|poke|p1|Archaludon, L50, M|
|poke|p1|Pelipper, L50, F|
|poke|p1|Klefki, L50, M|
|poke|p1|Rotom-Heat, L50|
|poke|p2|Incineroar, L50, F|
|poke|p2|Garchomp, L50, M|
|poke|p2|Primarina, L50, F|
|poke|p2|Gholdengo, L50|
|poke|p2|Lycanroc-Dusk, L50, F|
|poke|p2|Scovillain, L50, F|
|teampreview|4
|showteam|p1|Meganium||Meganiumite|LeafGuard|WeatherBall,SolarBeam,DazzlingGleam,Protect|Modest||F|||50|]Swampert||Swampertite|Damp|WaveCrash,Earthquake,RockSlide,Protect|Adamant||M|||50|]Archaludon||Leftovers|Stamina|ElectroShot,FlashCannon,Snarl,Protect|Modest||M|||50|]Pelipper||DampRock|Drizzle|Hurricane,IceBeam,Protect,Tailwind|Modest||F|||50|]Klefki||FocusSash|Prankster|RainDance,Safeguard,DazzlingGleam,FlashCannon|Timid||M|||50|]Rotom-Heat||Charcoal|Levitate|Overheat,Thunder,VoltSwitch,RainDance|Modest|||||50|
|showteam|p2|Incineroar||SitrusBerry|Intimidate|FlareBlitz,DarkestLariat,FakeOut,PartingShot|Careful||F|||50|]Garchomp||LifeOrb|RoughSkin|StompingTantrum,DragonClaw,RockTomb,Protect|Jolly||M|||50|]Primarina||Leftovers|LiquidVoice|HyperVoice,Moonblast,CalmMind,Protect|Modest||F|||50|]Gholdengo||ChoiceScarf|GoodasGold|MakeItRain,FlashCannon,ShadowBall,PowerGem|Timid|||||50|]Lycanroc-Dusk||FocusSash|ToughClaws|Accelerock,CloseCombat,RockSlide,Protect|Adamant||F|||50|]Scovillain||Scovillainite|Moody|GigaDrain,Flamethrower,RagePowder,Protect|Bold||F|||50|
|j| 526yamuko
|inactive|Battle timer is ON: inactive players will automatically lose when time's up. (requested by poppliolord)
|
|t:|1783517834
|teamsize|p1|4
|teamsize|p2|4
|start
|switch|p1a: Rotom|Rotom-Heat, L50|100/100
|switch|p1b: Pelipper|Pelipper, L50, F|100/100
|switch|p2a: Scovillain|Scovillain, L50, F|100/100
|switch|p2b: Primarina|Primarina, L50, F|100/100
|-weather|RainDance|[from] ability: Drizzle|[of] p1b: Pelipper
|turn|1
|inactive|legendsnoobie has 30 seconds left.
|
|t:|1783517868
|detailschange|p2a: Scovillain|Scovillain-Mega, L50, F
|-mega|p2a: Scovillain|Scovillain|Scovillainite
|move|p2a: Scovillain|Rage Powder|p2a: Scovillain
|-singleturn|p2a: Scovillain|move: Rage Powder
|move|p1a: Rotom|Thunder|p2a: Scovillain
|-resisted|p2a: Scovillain|1
|-damage|p2a: Scovillain|79/100
|-status|p2a: Scovillain|par
|-immune|p1a: Rotom
|move|p1b: Pelipper|Ice Beam|p2a: Scovillain
|-damage|p2a: Scovillain|56/100 par
|-status|p1b: Pelipper|brn|[from] ability: Spicy Spray|[of] p2a: Scovillain
|move|p2b: Primarina|Calm Mind|p2b: Primarina
|-boost|p2b: Primarina|spa|1
|-boost|p2b: Primarina|spd|1
|
|-weather|RainDance|[upkeep]
|-damage|p1b: Pelipper|94/100 brn|[from] brn
|upkeep
|turn|2
|
|t:|1783517890
|move|p2a: Scovillain|Rage Powder|p2a: Scovillain
|-singleturn|p2a: Scovillain|move: Rage Powder
|move|p1a: Rotom|Thunder|p2a: Scovillain
|-resisted|p2a: Scovillain|1
|-damage|p2a: Scovillain|34/100 par
|-immune|p1a: Rotom
|move|p1b: Pelipper|Hurricane|p2a: Scovillain
|-supereffective|p2a: Scovillain|1
|-damage|p2a: Scovillain|0 fnt
|faint|p2a: Scovillain
|move|p2b: Primarina|Hyper Voice|p1b: Pelipper|[spread] p1a,p1b
|-supereffective|p1a: Rotom|1
|-resisted|p1b: Pelipper|1
|-damage|p1a: Rotom|0 fnt
|-damage|p1b: Pelipper|20/100y brn
|faint|p1a: Rotom
|
|-weather|RainDance|[upkeep]
|-damage|p1b: Pelipper|14/100 brn|[from] brn
|upkeep
|c|☆legendsnoobie|damn, wrong move
|
|t:|1783517910
|switch|p1a: Meganium|Meganium, L50, F|100/100
|switch|p2a: Gholdengo|Gholdengo, L50|100/100
|turn|3
|
|t:|1783517930
|switch|p1b: Archaludon|Archaludon, L50, M|100/100
|detailschange|p1a: Meganium|Meganium-Mega, L50, F
|-mega|p1a: Meganium|Meganium|Meganiumite
|move|p1a: Meganium|Protect|p1a: Meganium
|-singleturn|p1a: Meganium|Protect
|move|p2a: Gholdengo|Flash Cannon|p1a: Meganium
|-activate|p1a: Meganium|move: Protect
|move|p2b: Primarina|Calm Mind|p2b: Primarina
|-boost|p2b: Primarina|spa|1
|-boost|p2b: Primarina|spd|1
|
|-weather|RainDance|[upkeep]
|upkeep
|turn|4
|
|t:|1783517952
|move|p2a: Gholdengo|Flash Cannon|p1a: Meganium
|-supereffective|p1a: Meganium|1
|-damage|p1a: Meganium|18/100
|move|p1b: Archaludon|Electro Shot||[still]
|-prepare|p1b: Archaludon|Electro Shot
|-boost|p1b: Archaludon|spa|1
|-anim|p1b: Archaludon|Electro Shot|p2b: Primarina
|-supereffective|p2b: Primarina|1
|-damage|p2b: Primarina|52/100
|move|p1a: Meganium|Weather Ball|p2a: Gholdengo
|-supereffective|p2a: Gholdengo|1
|-damage|p2a: Gholdengo|0 fnt
|faint|p2a: Gholdengo
|move|p2b: Primarina|Moonblast|p1b: Archaludon
|-damage|p1b: Archaludon|0 fnt
|faint|p1b: Archaludon
|
|-weather|RainDance|[upkeep]
|-heal|p2b: Primarina|58/100|[from] item: Leftovers
|upkeep
|
|t:|1783517973
|switch|p2a: Garchomp|Garchomp, L50, M|100/100
|switch|p1b: Pelipper|Pelipper, L50, F|14/100 brn
|turn|5
|c|☆legendsnoobie|why did i click icebeam turn 1
|
|t:|1783517992
|move|p2b: Primarina|Protect|p2b: Primarina
|-singleturn|p2b: Primarina|Protect
|move|p2a: Garchomp|Rock Tomb|p1b: Pelipper
|-supereffective|p1b: Pelipper|1
|-damage|p1b: Pelipper|0 fnt
|faint|p1b: Pelipper
|-damage|p2a: Garchomp|90/100|[from] item: Life Orb
|move|p1a: Meganium|Dazzling Gleam|p2a: Garchomp|[spread] p2a
|-activate|p2b: Primarina|move: Protect
|-supereffective|p2a: Garchomp|1
|-damage|p2a: Garchomp|21/100
|
|-weather|RainDance|[upkeep]
|-heal|p2b: Primarina|64/100|[from] item: Leftovers
|upkeep
|turn|6
|
|t:|1783518012
|move|p2a: Garchomp|Rock Tomb|p1a: Meganium
|-crit|p1a: Meganium
|-damage|p1a: Meganium|0 fnt
|faint|p1a: Meganium
|-damage|p2a: Garchomp|11/100|[from] item: Life Orb
|
|win|poppliolord
