|j|☆Elpy is bae
|j|☆Pyos
|html|Elpy is baePyos    
|uhtml|bestof|Game 1 of a best-of-3
|t:|1756917337
|gametype|doubles
|player|p1|Elpy is bae|veteran|1086
|player|p2|Pyos|170|1164
|gen|9
|tier|[Gen 9] VGC 2025 Reg H (Bo3)
|rated|
|rule|Species Clause: Limit one of each Pokémon
|rule|Item Clause: Limit 1 of each item
|clearpoke
|poke|p1|Dragonite, L50, M|
|poke|p1|Volcarona, L50, F|
|poke|p1|Kingambit, L50, M|
|poke|p1|Rillaboom, L50, F|
|poke|p1|Electabuzz, L50, F|
|poke|p1|Sneasler, L50, M|
|poke|p2|Maushold, L50|
|poke|p2|Archaludon, L50, F|
|poke|p2|Incineroar, L50, F|
|poke|p2|Pelipper, L50, F|
|poke|p2|Rillaboom, L50, F|
|poke|p2|Sneasler, L50, F|
|teampreview|4
|showteam|p1|Dragonite||LoadedDice|Multiscale|ScaleShot,Haze,Protect,Tailwind|||M|||50|,,,,,Steel]Volcarona||CovertCloak|FlameBody|HeatWave,QuiverDance,TeraBlast,Protect|||F|||50|,,,,,Fairy]Kingambit||BlackGlasses|Defiant|KowtowCleave,SwordsDance,SuckerPunch,IronHead|||M|||50|,,,,,Dark]Rillaboom||AssaultVest|GrassySurge|WoodHammer,GrassyGlide,HighHorsepower,FakeOut|||F|||50|,,,,,Fire]Electabuzz||Eviolite|VitalSpirit|FollowMe,Electroweb,Taunt,Protect|||F|||50|,,,,,Ghost]Sneasler||FocusSash|Unburden|DireClaw,CloseCombat,Coaching,Protect|||M|||50|,,,,,Ghost
|showteam|p2|Maushold||WideLens|Technician|Protect,PopulationBomb,FollowMe,Taunt||||||50|,,,,,Ghost]Archaludon||AssaultVest|Stamina|BodyPress,ElectroShot,DragonPulse,FlashCannon|||F|||50|,,,,,Bug]Incineroar||SafetyGoggles|Intimidate|KnockOff,FakeOut,FlareBlitz,PartingShot|||F|||50|,,,,,Ghost]Pelipper||FocusSash|Drizzle|Tailwind,WeatherBall,Hurricane,Protect|||F|||50|,,,,,Ghost]Rillaboom||MiracleSeed|GrassySurge|GrassyGlide,WoodHammer,FakeOut,Uturn|||F|||50|,,,,,Fire]Sneasler||GrassySeed|Unburden|CloseCombat,DireClaw,ThroatChop,Protect|||F|||50|,,,,,Dark
|inactive|Battle timer is ON: inactive players will automatically lose when time's up. (requested by Pyos)
|
|t:|1756917398
|teamsize|p1|4
|teamsize|p2|4
|start
|switch|p1a: Krosis|Dragonite, L50, M|100/100
|switch|p1b: DK|Rillaboom, L50, F|100/100
|switch|p2a: Maushold|Maushold, L50|100/100
|switch|p2b: Archaludon|Archaludon, L50, F|100/100
|-fieldstart|move: Grassy Terrain|[from] ability: Grassy Surge|[of] p1b: DK
|turn|1
|inactive|Elpy is bae has 30 seconds left.
|inactive|Pyos has 30 seconds left.
|inactive|Elpy is bae has 20 seconds left.
|inactive|Pyos has 20 seconds left.
|inactive|Elpy is bae has 15 seconds left.
|inactive|Pyos has 15 seconds left.
|inactive|Pyos has 10 seconds left.
|
|t:|1756917445
|-terastallize|p1a: Krosis|Steel
|move|p1b: DK|Fake Out|p2a: Maushold
|-damage|p2a: Maushold|82/100
|cant|p2a: Maushold|flinch
|move|p1a: Krosis|Scale Shot|p2a: Maushold
|-damage|p2a: Maushold|63/100
|-damage|p2a: Maushold|44/100
|-damage|p2a: Maushold|24/100
|-damage|p2a: Maushold|4/100
|-damage|p2a: Maushold|0 fnt
|faint|p2a: Maushold
|-hitcount|p2: Maushold|5
|-unboost|p1a: Krosis|def|1
|-boost|p1a: Krosis|spe|1
|move|p2b: Archaludon|Dragon Pulse|p1a: Krosis
|-resisted|p1a: Krosis
|-damage|p1a: Krosis|91/100
|
|-heal|p1a: Krosis|97/100|[from] Grassy Terrain
|upkeep
|
|t:|1756917460
|switch|p2a: Incineroar|Incineroar, L50, F|100/100
|-ability|p2a: Incineroar|Intimidate|boost
|-unboost|p1a: Krosis|atk|1
|-unboost|p1b: DK|atk|1
|turn|2
|
|t:|1756917481
|switch|p1b: Yuri|Sneasler, L50, M|100/100
|switch|p2a: Pelipper|Pelipper, L50, F|100/100
|-weather|RainDance|[from] ability: Drizzle|[of] p2a: Pelipper
|move|p1a: Krosis|Tailwind|p1a: Krosis
|-sidestart|p1: Elpy is bae|move: Tailwind
|move|p2b: Archaludon|Electro Shot||[still]
|-prepare|p2b: Archaludon|Electro Shot
|-boost|p2b: Archaludon|spa|1
|-anim|p2b: Archaludon|Electro Shot|p1a: Krosis
|-damage|p1a: Krosis|37/100
|
|-weather|RainDance|[upkeep]
|-heal|p1a: Krosis|43/100|[from] Grassy Terrain
|upkeep
|turn|3
|inactive|Pyos has 30 seconds left.
|
|t:|1756917515
|-terastallize|p2b: Archaludon|Bug
|move|p1a: Krosis|Scale Shot|p2a: Pelipper
|-damage|p2a: Pelipper|87/100
|-damage|p2a: Pelipper|75/100
|-damage|p2a: Pelipper|63/100
|-damage|p2a: Pelipper|50/100
|-hitcount|p2a: Pelipper|4
|-unboost|p1a: Krosis|def|1
|-boost|p1a: Krosis|spe|1
|move|p1b: Yuri|Dire Claw|p2a: Pelipper
|-damage|p2a: Pelipper|0 fnt
|faint|p2a: Pelipper
|move|p2b: Archaludon|Electro Shot||[still]
|-prepare|p2b: Archaludon|Electro Shot
|-boost|p2b: Archaludon|spa|1
|-anim|p2b: Archaludon|Electro Shot|p1b: Yuri
|-enditem|p1b: Yuri|Focus Sash
|-damage|p1b: Yuri|1/100
|
|-weather|RainDance|[upkeep]
|-heal|p1b: Yuri|7/100|[from] Grassy Terrain
|-heal|p1a: Krosis|49/100|[from] Grassy Terrain
|upkeep
|
|t:|1756917523
|switch|p2a: Incineroar|Incineroar, L50, F|100/100
|-ability|p2a: Incineroar|Intimidate|boost
|-unboost|p1a: Krosis|atk|1
|-unboost|p1b: Yuri|atk|1
|turn|4
|
|t:|1756917546
|move|p2a: Incineroar|Fake Out|p1a: Krosis
|-resisted|p1a: Krosis
|-damage|p1a: Krosis|38/100
|move|p1b: Yuri|Dire Claw|p2a: Incineroar
|-damage|p2a: Incineroar|70/100
|cant|p1a: Krosis|flinch
|move|p2b: Archaludon|Body Press|p1a: Krosis
|-supereffective|p1a: Krosis
|-damage|p1a: Krosis|0 fnt
|faint|p1a: Krosis
|
|-weather|RainDance|[upkeep]
|-heal|p1b: Yuri|13/100|[from] Grassy Terrain
|-heal|p2a: Incineroar|76/100|[from] Grassy Terrain
|upkeep
|
|t:|1756917560
|switch|p1a: Yojinbo|Kingambit, L50, M|100/100
|turn|5
|
|t:|1756917574
|move|p1b: Yuri|Coaching|p1a: Yojinbo
|-boost|p1a: Yojinbo|atk|1
|-boost|p1a: Yojinbo|def|1
|move|p1a: Yojinbo|Swords Dance|p1a: Yojinbo
|-boost|p1a: Yojinbo|atk|2
|move|p2b: Archaludon|Body Press|p1a: Yojinbo
|-supereffective|p1a: Yojinbo
|-damage|p1a: Yojinbo|52/100
|move|p2a: Incineroar|Flare Blitz|p1b: Yuri
|-damage|p1b: Yuri|0 fnt
|faint|p1b: Yuri
|-damage|p2a: Incineroar|73/100|[from] Recoil
|
|-weather|RainDance|[upkeep]
|-heal|p1a: Yojinbo|58/100|[from] Grassy Terrain
|-heal|p2a: Incineroar|79/100|[from] Grassy Terrain
|-sideend|p1: Elpy is bae|move: Tailwind
|-fieldend|move: Grassy Terrain
|upkeep
|
|t:|1756917584
|switch|p1b: DK|Rillaboom, L50, F|100/100
|-fieldstart|move: Grassy Terrain|[from] ability: Grassy Surge|[of] p1b: DK
|turn|6
|
|t:|1756917591
|move|p1b: DK|Fake Out|p2b: Archaludon
|-damage|p2b: Archaludon|90/100
|-ability|p2b: Archaludon|Stamina|boost
|-boost|p2b: Archaludon|def|1
|cant|p2b: Archaludon|flinch
|move|p2a: Incineroar|Flare Blitz|p1a: Yojinbo
|-supereffective|p1a: Yojinbo
|-damage|p1a: Yojinbo|32/100
|-damage|p2a: Incineroar|70/100|[from] Recoil
|move|p1a: Yojinbo|Kowtow Cleave|p2b: Archaludon
|-damage|p2b: Archaludon|20/100
|-ability|p2b: Archaludon|Stamina|boost
|-boost|p2b: Archaludon|def|1
|
|-weather|none
|-heal|p2b: Archaludon|27/100|[from] Grassy Terrain
|-heal|p2a: Incineroar|76/100|[from] Grassy Terrain
|-heal|p1a: Yojinbo|38/100|[from] Grassy Terrain
|upkeep
|turn|7
|inactive|Pyos has 30 seconds left.
|
|t:|1756917622
|move|p1a: Yojinbo|Sucker Punch|p2b: Archaludon
|-damage|p2b: Archaludon|0 fnt
|faint|p2b: Archaludon
|move|p1b: DK|High Horsepower|p2a: Incineroar
|-supereffective|p2a: Incineroar
|-damage|p2a: Incineroar|19/100
|move|p2a: Incineroar|Flare Blitz|p1a: Yojinbo
|-supereffective|p1a: Yojinbo
|-damage|p1a: Yojinbo|0 fnt
|faint|p1a: Yojinbo
|-damage|p2a: Incineroar|6/100|[from] Recoil
|
|-heal|p2a: Incineroar|12/100|[from] Grassy Terrain
|upkeep
|turn|8
|
|t:|1756917631
|move|p1b: DK|High Horsepower|p2a: Incineroar
|-supereffective|p2a: Incineroar
|-damage|p2a: Incineroar|0 fnt
|faint|p2a: Incineroar
|
|win|Elpy is bae
