|j|☆HolgerD
|j|☆yungleandoer96
|html|HolgerDyungleandoer96    
|uhtml|bestof|Game 2 of a best-of-3
|t:|1756904009
|gametype|doubles
|player|p1|HolgerD|2|1400
|player|p2|yungleandoer96|pokemonbreeder-gen4|1369
|gen|9
|tier|[Gen 9] VGC 2025 Reg H (Bo3)
|rated|
|rule|Species Clause: Limit one of each Pokémon
|rule|Item Clause: Limit 1 of each item
|clearpoke
|poke|p1|Maushold, L50|
|poke|p1|Pelipper, L50, F|
|poke|p1|Archaludon, L50, M|
|poke|p1|Ursaluna, L50, M|
|poke|p1|Sinistcha, L50|
|poke|p1|Basculegion, L50, M|
|poke|p2|Incineroar, L50, F|
|poke|p2|Amoonguss, L50, M|
|poke|p2|Ursaluna-Bloodmoon, L50, M|
|poke|p2|Sneasler, L50, F|
|poke|p2|Gholdengo, L50|
|poke|p2|Dragonite, L50, M|
|teampreview|4
|showteam|p1|Maushold||WideLens|Technician|PopulationBomb,FollowMe,Taunt,Protect||||||50|,,,,,Ghost]Pelipper||FocusSash|Drizzle|Hurricane,MuddyWater,Tailwind,Protect|||F|||50|,,,,,Ghost]Archaludon||AssaultVest|Stamina|DragonPulse,ElectroShot,BodyPress,FlashCannon|||M|||50|,,,,,Bug]Ursaluna||FlameOrb|Guts|Facade,HeadlongRush,Earthquake,Protect|||M|||50|,,,,,Ghost]Sinistcha||SitrusBerry|Hospitality|MatchaGotcha,LifeDew,RagePowder,TrickRoom||||||50|,,,,,Dark]Basculegion||ChoiceBand|SwiftSwim|AquaJet,FlipTurn,LastRespects,WaveCrash|||M|||50|,,,,,Water
|showteam|p2|Incineroar||SafetyGoggles|Intimidate|FlareBlitz,KnockOff,PartingShot,FakeOut|||F|||50|,,,,,Ghost]Amoonguss||SitrusBerry|Regenerator|Spore,RagePowder,PollenPuff,Protect|||M|||50|,,,,,Psychic]Ursaluna-Bloodmoon||AssaultVest|MindsEye|HyperVoice,BloodMoon,EarthPower,VacuumWave|||M|||50|,,,,,Water]Sneasler||FocusSash|Unburden|CloseCombat,DireClaw,ThroatChop,Protect|||F|||50|,,,,,Stellar]Gholdengo||LifeOrb|GoodasGold|MakeItRain,ShadowBall,NastyPlot,Protect||||||50|,,,,,Water]Dragonite||LoadedDice|Multiscale|ScaleShot,Tailwind,Haze,Protect|||M|||50|,,,,,Fairy
|
|t:|1756904097
|teamsize|p1|4
|teamsize|p2|4
|start
|switch|p1a: Ursaluna|Ursaluna, L50, M|100/100
|switch|p1b: Sinistcha|Sinistcha, L50|100/100
|switch|p2a: Dragonite|Dragonite, L50, M|100/100
|switch|p2b: Ursaluna|Ursaluna-Bloodmoon, L50, M|100/100
|turn|1
|
|t:|1756904134
|switch|p1b: Basculegion|Basculegion, L50, M|100/100
|move|p2a: Dragonite|Scale Shot|p1b: Basculegion
|-damage|p1b: Basculegion|85/100
|-damage|p1b: Basculegion|69/100
|-damage|p1b: Basculegion|51/100
|-crit|p1b: Basculegion
|-damage|p1b: Basculegion|24/100
|-damage|p1b: Basculegion|7/100
|-hitcount|p1b: Basculegion|5
|-unboost|p2a: Dragonite|def|1
|-boost|p2a: Dragonite|spe|1
|move|p1a: Ursaluna|Facade|p2a: Dragonite
|-damage|p2a: Dragonite|70/100
|move|p2b: Ursaluna|Blood Moon|p1b: Basculegion
|-damage|p1b: Basculegion|0 fnt
|faint|p1b: Basculegion
|
|-status|p1a: Ursaluna|brn|[from] item: Flame Orb
|upkeep
|
|t:|1756904144
|switch|p1b: Sinistcha|Sinistcha, L50|100/100
|turn|2
|
|t:|1756904160
|switch|p2b: Amoonguss|Amoonguss, L50, M|100/100
|move|p2a: Dragonite|Tailwind|p2a: Dragonite
|-sidestart|p2: yungleandoer96|move: Tailwind
|move|p1a: Ursaluna|Facade|p2a: Dragonite
|-damage|p2a: Dragonite|0 fnt
|faint|p2a: Dragonite
|move|p1b: Sinistcha|Trick Room|p1b: Sinistcha
|-fieldstart|move: Trick Room|[of] p1b: Sinistcha
|
|-damage|p1a: Ursaluna|95/100 brn|[from] brn
|upkeep
|
|t:|1756904176
|switch|p2a: Ursaluna|Ursaluna-Bloodmoon, L50, M|100/100
|turn|3
|
|t:|1756904182
|move|p2b: Amoonguss|Rage Powder|p2b: Amoonguss
|-singleturn|p2b: Amoonguss|move: Rage Powder
|move|p1a: Ursaluna|Earthquake|p2b: Amoonguss|[spread] p1b,p2a,p2b
|-resisted|p1b: Sinistcha
|-damage|p1b: Sinistcha|70/100
|-damage|p2a: Ursaluna|56/100
|-damage|p2b: Amoonguss|46/100
|-enditem|p2b: Amoonguss|Sitrus Berry|[eat]
|-heal|p2b: Amoonguss|71/100|[from] item: Sitrus Berry
|move|p1b: Sinistcha|Matcha Gotcha|p2a: Ursaluna|[spread] p2a,p2b
|-supereffective|p2a: Ursaluna
|-resisted|p2b: Amoonguss
|-damage|p2a: Ursaluna|24/100
|-heal|p1b: Sinistcha|89/100|[from] drain|[of] p2a: Ursaluna
|-damage|p2b: Amoonguss|66/100
|-heal|p1b: Sinistcha|92/100|[from] drain|[of] p2b: Amoonguss
|move|p2a: Ursaluna|Blood Moon|p1a: Ursaluna
|-damage|p1a: Ursaluna|24/100 brn
|
|-damage|p1a: Ursaluna|18/100 brn|[from] brn
|upkeep
|turn|4
|
|t:|1756904222
|move|p1a: Ursaluna|Protect|p1a: Ursaluna
|-singleturn|p1a: Ursaluna|Protect
|move|p2a: Ursaluna|Vacuum Wave|p1a: Ursaluna
|-activate|p1a: Ursaluna|move: Protect
|move|p1b: Sinistcha|Life Dew|p1b: Sinistcha|[spread] p1a,p1b
|-heal|p1a: Ursaluna|43/100 brn
|-heal|p1b: Sinistcha|100/100
|move|p2b: Amoonguss|Pollen Puff|p1a: Ursaluna
|-activate|p1a: Ursaluna|move: Protect
|
|-damage|p1a: Ursaluna|37/100 brn|[from] brn
|upkeep
|turn|5
|
|t:|1756904247
|-terastallize|p1a: Ursaluna|Ghost
|move|p2b: Amoonguss|Protect|p2b: Amoonguss
|-singleturn|p2b: Amoonguss|Protect
|move|p2a: Ursaluna|Vacuum Wave|p1a: Ursaluna
|-damage|p1a: Ursaluna|22/100 brn
|move|p1a: Ursaluna|Facade|p2b: Amoonguss
|-activate|p2b: Amoonguss|move: Protect
|move|p1b: Sinistcha|Matcha Gotcha|p2a: Ursaluna|[spread] p2a
|-activate|p2b: Amoonguss|move: Protect
|-supereffective|p2a: Ursaluna
|-damage|p2a: Ursaluna|0 fnt
|faint|p2a: Ursaluna
|
|-damage|p1a: Ursaluna|17/100 brn|[from] brn
|-sideend|p2: yungleandoer96|move: Tailwind
|upkeep
|
|t:|1756904255
|switch|p2a: Gholdengo|Gholdengo, L50|100/100
|turn|6
|
|t:|1756904281
|switch|p1b: Pelipper|Pelipper, L50, F|100/100
|-weather|RainDance|[from] ability: Drizzle|[of] p1b: Pelipper
|-terastallize|p2a: Gholdengo|Water
|move|p2b: Amoonguss|Pollen Puff|p2a: Gholdengo
|move|p1a: Ursaluna|Facade|p2b: Amoonguss
|-damage|p2b: Amoonguss|0 fnt
|faint|p2b: Amoonguss
|move|p2a: Gholdengo|Nasty Plot|p2a: Gholdengo
|-boost|p2a: Gholdengo|spa|2
|
|-weather|RainDance|[upkeep]
|-damage|p1a: Ursaluna|11/100 brn|[from] brn
|-fieldend|move: Trick Room
|upkeep
|turn|7
|
|t:|1756904303
|move|p1a: Ursaluna|Protect|p1a: Ursaluna
|-singleturn|p1a: Ursaluna|Protect
|move|p2a: Gholdengo|Make It Rain|p1b: Pelipper|[spread] p1b
|-activate|p1a: Ursaluna|move: Protect
|-resisted|p1b: Pelipper
|-enditem|p1b: Pelipper|Focus Sash
|-damage|p1b: Pelipper|1/100
|-unboost|p2a: Gholdengo|spa|1
|-damage|p2a: Gholdengo|91/100|[from] item: Life Orb
|move|p1b: Pelipper|Tailwind|p1b: Pelipper
|-sidestart|p1: HolgerD|move: Tailwind
|
|-weather|RainDance|[upkeep]
|-damage|p1a: Ursaluna|5/100 brn|[from] brn
|upkeep
|turn|8
|
|t:|1756904315
|switch|p1b: Sinistcha|Sinistcha, L50|100/100
|-heal|p1a: Ursaluna|30/100 brn|[from] ability: Hospitality|[of] p1b: Sinistcha
|move|p2a: Gholdengo|Protect|p2a: Gholdengo
|-singleturn|p2a: Gholdengo|Protect
|move|p1a: Ursaluna|Facade|p2a: Gholdengo
|-activate|p2a: Gholdengo|move: Protect
|
|-weather|RainDance|[upkeep]
|-damage|p1a: Ursaluna|24/100 brn|[from] brn
|upkeep
|turn|9
|
|t:|1756904325
|move|p1b: Sinistcha|Matcha Gotcha|p2a: Gholdengo
|-supereffective|p2a: Gholdengo
|-damage|p2a: Gholdengo|23/100
|move|p1a: Ursaluna|Facade|p2a: Gholdengo
|-damage|p2a: Gholdengo|0 fnt
|faint|p2a: Gholdengo
|
|win|HolgerD
||yungleandoer96 is ready for game 3.
|inactive|HolgerD has 30 seconds to confirm battle start!
||HolgerD is ready for game 3.
|uhtml|next|Next: Game 3 of 3
