|j|☆aquid99
|j|☆empotato
|html|aquid99empotato    
|uhtml|bestof|Game 1 of a best-of-3
|t:|1782364426
|gametype|doubles
|player|p1|aquid99|1|1135
|player|p2|empotato|cynthia-gen4|1262
|gen|9
|tier|[Gen 9 Champions] VGC 2026 Reg M-B (Bo3)
|rated|
|rule|Species Clause: Limit one of each Pokémon
|rule|Item Clause: Limit 1 of each item
|clearpoke
|poke|p1|Swampert, L50, M|
|poke|p1|Incineroar, L50, M|
|poke|p1|Archaludon, L50, M|
|poke|p1|Pelipper, L50, F|
|poke|p1|Basculegion, L50, M|
|poke|p1|Kingambit, L50, M|
|poke|p2|Metagross, L50, shiny|
|poke|p2|Garchomp, L50, M|
|poke|p2|Grimmsnarl, L50, M|
|poke|p2|Milotic, L50, M, shiny|
|poke|p2|Venusaur, L50, M|
|poke|p2|Incineroar, L50, F|
|teampreview|4
|showteam|p1|Swampert||Swampertite|Damp|Protect,WaveCrash,BulkUp,Earthquake|Adamant||M|||50|]Incineroar||MentalHerb|Intimidate|FakeOut,FlareBlitz,PartingShot,Protect|Impish||M|||50|]Archaludon||Magnet|Sturdy|ElectroShot,Protect,FlashCannon,Thunderbolt|Calm||M|||50|]Pelipper||DampRock|Drizzle|Uturn,WeatherBall,Tailwind,Protect|Bold||F|||50|]Basculegion||MysticWater|Adaptability|LastRespects,Waterfall,Protect,FlipTurn|Careful||M|||50|]Kingambit||LifeOrb|Defiant|KowtowCleave,SuckerPunch,Protect,IronHead|Serious||M|||50|
|showteam|p2|Metagross||Metagrossite|ClearBody|Protect,IronHead,PsychicFangs,BulletPunch|Jolly|||||50|]Garchomp||LifeOrb|RoughSkin|RockSlide,StompingTantrum,DragonClaw,Protect|Jolly||M|||50|]Grimmsnarl||LightClay|Prankster|LightScreen,Reflect,FoulPlay,PartingShot|Calm||M|||50|]Milotic||Leftovers|Competitive|MuddyWater,Coil,Hypnosis,LifeDew|Bold||M|||50|]Venusaur||Venusaurite|Overgrow|LeechSeed,SludgeBomb,GigaDrain,Protect|Calm||M|||50|]Incineroar||SitrusBerry|Intimidate|FakeOut,FlareBlitz,PartingShot,ThroatChop|Careful||F|||50|
|
|t:|1782364531
|teamsize|p1|4
|teamsize|p2|4
|start
|switch|p1a: Rika|Swampert, L50, M|100/100
|switch|p1b: Pelipper|Pelipper, L50, F|100/100
|switch|p2a: Grimmsnarl|Grimmsnarl, L50, M|100/100
|switch|p2b: Venusaur|Venusaur, L50, M|100/100
|-weather|RainDance|[from] ability: Drizzle|[of] p1b: Pelipper
|turn|1
|
|t:|1782364597
|detailschange|p2b: Venusaur|Venusaur-Mega, L50, M
|-mega|p2b: Venusaur|Venusaur|Venusaurite
|detailschange|p1a: Rika|Swampert-Mega, L50, M
|-mega|p1a: Rika|Swampert|Swampertite
|move|p1a: Rika|Protect|p1a: Rika
|-singleturn|p1a: Rika|Protect
|move|p2a: Grimmsnarl|Parting Shot|p1b: Pelipper
|-unboost|p1b: Pelipper|atk|1
|-unboost|p1b: Pelipper|spa|1
|
|t:|1782364605
|switch|p2a: Milotic|Milotic, L50, M, shiny|100/100|[from] Parting Shot
|move|p1b: Pelipper|Weather Ball|p2b: Venusaur
|-resisted|p2b: Venusaur|1
|-damage|p2b: Venusaur|87/100
|move|p2b: Venusaur|Giga Drain|p1a: Rika
|-activate|p1a: Rika|move: Protect
|
|-weather|RainDance|[upkeep]
|upkeep
|turn|2
|
|t:|1782364633
|move|p1a: Rika|Earthquake|p2b: Venusaur|[spread] p2a,p2b
|-immune|p1b: Pelipper
|-damage|p2a: Milotic|62/100
|-damage|p2b: Venusaur|48/100
|move|p1b: Pelipper|Weather Ball|p2b: Venusaur
|-resisted|p2b: Venusaur|1
|-damage|p2b: Venusaur|37/100
|move|p2a: Milotic|Coil|p2a: Milotic
|-boost|p2a: Milotic|atk|1
|-boost|p2a: Milotic|def|1
|-boost|p2a: Milotic|accuracy|1
|move|p2b: Venusaur|Giga Drain|p1a: Rika
|-supereffective|p1a: Rika|2
|-damage|p1a: Rika|0 fnt
|-heal|p2b: Venusaur|89/100|[from] drain|[of] p1a: Rika
|faint|p1a: Rika
|
|-weather|RainDance|[upkeep]
|-heal|p2a: Milotic|68/100|[from] item: Leftovers
|upkeep
|
|t:|1782364652
|switch|p1a: Yuta|Archaludon, L50, M|100/100
|turn|3
|
|t:|1782364671
|switch|p2b: Grimmsnarl|Grimmsnarl, L50, M|100/100
|move|p1b: Pelipper|Tailwind|p1b: Pelipper
|-sidestart|p1: aquid99|move: Tailwind
|move|p1a: Yuta|Electro Shot||[still]
|-prepare|p1a: Yuta|Electro Shot
|-boost|p1a: Yuta|spa|1
|-anim|p1a: Yuta|Electro Shot|p2b: Grimmsnarl
|-damage|p2b: Grimmsnarl|23/100
|move|p2a: Milotic|Hypnosis|p1a: Yuta
|-status|p1a: Yuta|slp|[from] move: Hypnosis
|
|-weather|RainDance|[upkeep]
|-heal|p2a: Milotic|74/100|[from] item: Leftovers
|upkeep
|turn|4
|
|t:|1782364691
|move|p2b: Grimmsnarl|Light Screen|p2b: Grimmsnarl
|-sidestart|p2: empotato|move: Light Screen
|move|p1b: Pelipper|Weather Ball|p2b: Grimmsnarl
|-damage|p2b: Grimmsnarl|2/100
|cant|p1a: Yuta|slp
|move|p2a: Milotic|Hypnosis|p1b: Pelipper
|-status|p1b: Pelipper|slp|[from] move: Hypnosis
|
|-weather|RainDance|[upkeep]
|-heal|p2a: Milotic|80/100|[from] item: Leftovers
|upkeep
|turn|5
|
|t:|1782364707
|move|p2b: Grimmsnarl|Parting Shot|p1a: Yuta
|-unboost|p1a: Yuta|atk|1
|-unboost|p1a: Yuta|spa|1
|c|☆aquid99|sonion
|
|t:|1782364712
|switch|p2b: Venusaur|Venusaur-Mega, L50, M|89/100|[from] Parting Shot
|cant|p1b: Pelipper|slp
|-curestatus|p1a: Yuta|slp|[msg]
|move|p1a: Yuta|Electro Shot||[still]
|-prepare|p1a: Yuta|Electro Shot
|-boost|p1a: Yuta|spa|1
|-anim|p1a: Yuta|Electro Shot|p2a: Milotic
|-supereffective|p2a: Milotic|1
|-damage|p2a: Milotic|9/100
|move|p2a: Milotic|Muddy Water|p1b: Pelipper|[spread] p1a,p1b
|-resisted|p1a: Yuta|1
|-resisted|p1b: Pelipper|1
|-damage|p1a: Yuta|75/100
|-damage|p1b: Pelipper|74/100 slp
|-unboost|p1b: Pelipper|accuracy|1
|
|-weather|RainDance|[upkeep]
|-heal|p2a: Milotic|15/100|[from] item: Leftovers
|upkeep
|turn|6
|
|t:|1782364759
|switch|p2a: Garchomp|Garchomp, L50, M|100/100
|cant|p1b: Pelipper|slp
|move|p1a: Yuta|Electro Shot||[still]
|-prepare|p1a: Yuta|Electro Shot
|-boost|p1a: Yuta|spa|1
|-anim|p1a: Yuta|Electro Shot|p2a: Garchomp
|-immune|p2a: Garchomp
|move|p2b: Venusaur|Leech Seed|p1a: Yuta
|-start|p1a: Yuta|move: Leech Seed
|
|-weather|RainDance|[upkeep]
|-damage|p1a: Yuta|63/100|[from] Leech Seed|[of] p2b: Venusaur
|-heal|p2b: Venusaur|100/100|[silent]
|-sideend|p1: aquid99|move: Tailwind
|upkeep
|turn|7
|
|t:|1782364796
|move|p2a: Garchomp|Protect|p2a: Garchomp
|-singleturn|p2a: Garchomp|Protect
|-curestatus|p1b: Pelipper|slp|[msg]
|move|p1b: Pelipper|Weather Ball|p2a: Garchomp
|-activate|p2a: Garchomp|move: Protect
|move|p1a: Yuta|Electro Shot||[still]
|-prepare|p1a: Yuta|Electro Shot
|-boost|p1a: Yuta|spa|1
|-anim|p1a: Yuta|Electro Shot|p2b: Venusaur
|-resisted|p2b: Venusaur|1
|-damage|p2b: Venusaur|69/100
|move|p2b: Venusaur|Leech Seed|p1b: Pelipper
|-start|p1b: Pelipper|move: Leech Seed
|
|-weather|RainDance|[upkeep]
|-damage|p1b: Pelipper|62/100|[from] Leech Seed|[of] p2b: Venusaur
|-heal|p2b: Venusaur|81/100|[silent]
|-damage|p1a: Yuta|50/100g|[from] Leech Seed|[of] p2b: Venusaur
|-heal|p2b: Venusaur|92/100|[silent]
|upkeep
|turn|8
|
|t:|1782364825
|move|p2a: Garchomp|Stomping Tantrum|p1a: Yuta
|-supereffective|p1a: Yuta|1
|-damage|p1a: Yuta|0 fnt
|faint|p1a: Yuta
|-damage|p2a: Garchomp|90/100|[from] item: Life Orb
|move|p1b: Pelipper|Tailwind|p1b: Pelipper
|-sidestart|p1: aquid99|move: Tailwind
|move|p2b: Venusaur|Giga Drain|p1b: Pelipper
|-damage|p1b: Pelipper|10/100
|-heal|p2b: Venusaur|100/100|[from] drain|[of] p1b: Pelipper
|
|-weather|none
|-damage|p1b: Pelipper|0 fnt|[from] Leech Seed|[of] p2b: Venusaur
|faint|p1b: Pelipper
|upkeep
|-message|aquid99 forfeited.
|
|win|empotato
|l|☆aquid99
|player|p1|
|raw|aquid99's rating: 1135 → 1119(-16 for losing)
|raw|empotato's rating: 1262 → 1278(+16 for winning)
