|j|☆RXUXBXEXN
|j|☆Astano
|html|RXUXBXEXNAstano    
|uhtml|bestof|Game 2 of a best-of-3
|t:|1783601953
|gametype|doubles
|player|p1|RXUXBXEXN|1|1041
|player|p2|Astano|102|1057
|gen|9
|tier|[Gen 9 Champions] VGC 2026 Reg M-B (Bo3)
|rated|
|rule|Species Clause: Limit one of each Pokémon
|rule|Item Clause: Limit 1 of each item
|clearpoke
|poke|p1|Froslass, L50, F, shiny|
|poke|p1|Scovillain, L50, M, shiny|
|poke|p1|Lycanroc-Dusk, L50, M|
|poke|p1|Kingambit, L50, M|
|poke|p1|Basculegion, L50, M|
|poke|p1|Sneasler, L50, M|
|poke|p2|Swampert, L50, F|
|poke|p2|Sableye, L50, F|
|poke|p2|Archaludon, L50, F|
|poke|p2|Pelipper, L50, M|
|poke|p2|Sylveon, L50, F|
|poke|p2|Venusaur, L50, M|
|teampreview|4
|showteam|p1|Froslass||Froslassite|CursedBody|Blizzard,ShadowBall,AuroraVeil,Protect|Modest||F|||50|]Scovillain||Scovillainite|Moody|Overheat,GigaDrain,RagePowder,Protect|Modest||M|||50|]Lycanroc-Dusk||FocusSash|ToughClaws|RockSlide,CloseCombat,Accelerock,Protect|Adamant||M|||50|]Kingambit||BlackGlasses|Defiant|KowtowCleave,SuckerPunch,SwordsDance,Protect|Adamant||M|||50|]Basculegion||SitrusBerry|Adaptability|WaveCrash,LastRespects,AquaJet,Protect|Adamant||M|||50|]Sneasler||WhiteHerb|Unburden|CloseCombat,GunkShot,FakeOut,Protect|Adamant||M|||50|
|showteam|p2|Swampert||Swampertite|Torrent|Protect,WaveCrash,Earthquake,HighHorsepower|Adamant||F|||50|]Sableye||LightClay|Prankster|Encore,Reflect,LightScreen,RainDance|Bold||F|||50|]Archaludon||Leftovers|Stamina|Protect,DragonPulse,FlashCannon,ElectroShot|Modest||F|||50|]Pelipper||SitrusBerry|Drizzle|Protect,WeatherBall,Hurricane,Tailwind|Bold||M|||50|]Sylveon||FairyFeather|Pixilate|Detect,HyperVoice,Moonblast,QuickAttack|Modest||F|||50|]Venusaur||Venusaurite|Overgrow|Protect,GigaDrain,SludgeBomb,EarthPower|Modest||M|||50|
|inactive|Battle timer is ON: inactive players will automatically lose when time's up. (requested by Astano)
|inactive|RXUXBXEXN has 60 seconds left.
|
|t:|1783602002
|teamsize|p1|4
|teamsize|p2|4
|start
|switch|p1a: Sneasler|Sneasler, L50, M|100/100
|switch|p1b: Lycanroc|Lycanroc-Dusk, L50, M|100/100
|switch|p2a: Archaludon|Archaludon, L50, F|100/100
|switch|p2b: Sableye|Sableye, L50, F|100/100
|turn|1
|inactive|Astano has 30 seconds left.
|
|t:|1783602028
|move|p1a: Sneasler|Fake Out|p2a: Archaludon
|-resisted|p2a: Archaludon|1
|-damage|p2a: Archaludon|94/100
|-ability|p2a: Archaludon|Stamina|boost
|-boost|p2a: Archaludon|def|1
|move|p2b: Sableye|Rain Dance|p2b: Sableye
|-weather|RainDance
|move|p1b: Lycanroc|Close Combat|p2a: Archaludon
|-supereffective|p2a: Archaludon|1
|-damage|p2a: Archaludon|37/100
|-unboost|p1b: Lycanroc|def|1
|-unboost|p1b: Lycanroc|spd|1
|-ability|p2a: Archaludon|Stamina|boost
|-boost|p2a: Archaludon|def|1
|cant|p2a: Archaludon|flinch
|
|-weather|RainDance|[upkeep]
|-heal|p2a: Archaludon|43/100|[from] item: Leftovers
|upkeep
|turn|2
|inactive|RXUXBXEXN has 30 seconds left.
|
|t:|1783602055
|move|p2a: Archaludon|Protect|p2a: Archaludon
|-singleturn|p2a: Archaludon|Protect
|move|p1b: Lycanroc|Accelerock|p2a: Archaludon
|-activate|p2a: Archaludon|move: Protect
|move|p2b: Sableye|Encore|p1a: Sneasler
|-start|p1a: Sneasler|Encore
|move|p1a: Sneasler|Fake Out||[still]
|-hint|Fake Out only works on your first turn out.
|-fail|p1a: Sneasler
|
|-weather|RainDance|[upkeep]
|-heal|p2a: Archaludon|49/100|[from] item: Leftovers
|upkeep
|turn|3
|
|t:|1783602062
|move|p2b: Sableye|Encore|p1b: Lycanroc
|-start|p1b: Lycanroc|Encore
|move|p1b: Lycanroc|Accelerock|p2b: Sableye
|-damage|p2b: Sableye|68/100
|-activate|p1a: Sneasler|move: Struggle
|move|p1a: Sneasler|Struggle|p2a: Archaludon
|-damage|p2a: Archaludon|43/100
|-ability|p2a: Archaludon|Stamina|boost
|-boost|p2a: Archaludon|def|1
|-damage|p1a: Sneasler|74/100|[from] recoil
|move|p2a: Archaludon|Electro Shot||[still]
|-prepare|p2a: Archaludon|Electro Shot
|-boost|p2a: Archaludon|spa|1
|-anim|p2a: Archaludon|Electro Shot|p1a: Sneasler
|-damage|p1a: Sneasler|0 fnt
|faint|p1a: Sneasler
|
|-weather|RainDance|[upkeep]
|-heal|p2a: Archaludon|49/100|[from] item: Leftovers
|upkeep
|
|t:|1783602078
|switch|p1a: Basculegion|Basculegion, L50, M|100/100
|turn|4
|
|t:|1783602093
|move|p1b: Lycanroc|Accelerock|p2b: Sableye
|-damage|p2b: Sableye|32/100
|move|p1a: Basculegion|Aqua Jet|p2b: Sableye
|-damage|p2b: Sableye|0 fnt
|faint|p2b: Sableye
|move|p2a: Archaludon|Electro Shot||[still]
|-prepare|p2a: Archaludon|Electro Shot
|-boost|p2a: Archaludon|spa|1
|-anim|p2a: Archaludon|Electro Shot|p1a: Basculegion
|-supereffective|p1a: Basculegion|1
|-damage|p1a: Basculegion|0 fnt
|faint|p1a: Basculegion
|
|-weather|RainDance|[upkeep]
|-heal|p2a: Archaludon|55/100|[from] item: Leftovers
|upkeep
|
|t:|1783602114
|switch|p1a: Froslass|Froslass, L50, F, shiny|100/100
|switch|p2b: Swampert|Swampert, L50, F|100/100
|turn|5
|
|t:|1783602133
|detailschange|p2b: Swampert|Swampert-Mega, L50, F
|-mega|p2b: Swampert|Swampert|Swampertite
|move|p1a: Froslass|Protect|p1a: Froslass
|-singleturn|p1a: Froslass|Protect
|move|p1b: Lycanroc|Accelerock|p2b: Swampert
|-resisted|p2b: Swampert|1
|-crit|p2b: Swampert
|-damage|p2b: Swampert|82/100
|move|p2b: Swampert|Earthquake|p1b: Lycanroc|[spread] p2a,p1b
|-activate|p1a: Froslass|move: Protect
|-supereffective|p2a: Archaludon|1
|-supereffective|p1b: Lycanroc|1
|-damage|p2a: Archaludon|27/100
|-enditem|p1b: Lycanroc|Focus Sash
|-damage|p1b: Lycanroc|1/100
|-ability|p2a: Archaludon|Stamina|boost
|-boost|p2a: Archaludon|def|1
|move|p2a: Archaludon|Flash Cannon|p1b: Lycanroc
|-supereffective|p1b: Lycanroc|1
|-damage|p1b: Lycanroc|0 fnt
|faint|p1b: Lycanroc
|
|-weather|none
|-heal|p2a: Archaludon|34/100|[from] item: Leftovers
|upkeep
|turn|6
|inactive|RXUXBXEXN has 30 seconds left.
|inactive|RXUXBXEXN has 20 seconds left.
|inactive|RXUXBXEXN has 15 seconds left.
|
|t:|1783602173
|move|p2a: Archaludon|Protect|p2a: Archaludon
|-singleturn|p2a: Archaludon|Protect
|move|p1a: Froslass|Shadow Ball|p2a: Archaludon
|-activate|p2a: Archaludon|move: Protect
|move|p2b: Swampert|Wave Crash|p1a: Froslass
|-damage|p1a: Froslass|0 fnt
|faint|p1a: Froslass
|-damage|p2b: Swampert|57/100|[from] Recoil
|
|win|Astano
|raw|RXUXBXEXN's rating: 1041 → 1026(-15 for losing)
|raw|Astano's rating: 1057 → 1087(+30 for winning)
