|j|☆Como Se Dice Ben
|j|☆ApolloLou
|html|Como Se Dice BenApolloLou    
|uhtml|bestof|Game 3 of a best-of-3
|t:|1756753693
|gametype|doubles
|player|p1|Como Se Dice Ben|toddsnap2|
|player|p2|ApolloLou|birch|
|gen|9
|tier|[Gen 9] VGC 2025 Reg H (Bo3)
|rule|Species Clause: Limit one of each Pokémon
|rule|Item Clause: Limit 1 of each item
|clearpoke
|poke|p1|Weezing-Galar, L50, F|
|poke|p1|Toedscruel, L50, M|
|poke|p1|Annihilape, L50, M|
|poke|p1|Typhlosion-Hisui, L50, M|
|poke|p1|Corviknight, L50, F|
|poke|p1|Baxcalibur, L50, M|
|poke|p2|Sneasler, L50, F|
|poke|p2|Indeedee, L50, M|
|poke|p2|Annihilape, L50, M|
|poke|p2|Electabuzz, L50, M|
|poke|p2|Armarouge, L50, M|
|poke|p2|Ursaluna, L50, F|
|teampreview|4
|showteam|p1|Weezing-Galar||ChoiceSpecs|NeutralizingGas|DazzlingGleam,SludgeBomb,StrangeSteam,Flamethrower|||F|||50|,,,,,Flying]Toedscruel||CovertCloak|MyceliumMight|Spore,EarthPower,AcidSpray,BulletSeed|||M|||50|,,,,,Water]Annihilape||AssaultVest|Defiant|RageFist,DrainPunch,CloseCombat,FinalGambit|||M|||50|,,,,,Grass]Typhlosion-Hisui||ChoiceScarf|Frisk|Eruption,HeatWave,Overheat,InfernalParade|||M|||50|,,,,,Fire]Corviknight||SitrusBerry|MirrorArmor|BraveBird,Tailwind,Roost,Protect|||F|||50|,,,,,Dragon]Baxcalibur||LifeOrb|ThermalExchange|GlaiveRush,IcicleCrash,IceShard,Protect|||M|||50|,,,,,Water
|showteam|p2|Sneasler||PsychicSeed|Unburden|DireClaw,Protect,ThroatChop,CloseCombat|||F|||50|,,,,,Dark]Indeedee||FocusSash|PsychicSurge|ExpandingForce,TrickRoom,TeraBlast,Protect|||M|||50|,,,,,Ground]Annihilape||SitrusBerry|Defiant|RageFist,DrainPunch,BulkUp,Protect|||M|||50|,,,,,Steel]Electabuzz||Eviolite|VitalSpirit|FollowMe,Electroweb,Protect,Taunt|||M|||50|,,,,,Fairy]Armarouge||CovertCloak|FlashFire|ExpandingForce,WideGuard,Flamethrower,TeraBlast|||M|||50|,,,,,Grass]Ursaluna||FlameOrb|Guts|Facade,HeadlongRush,Earthquake,Protect|||F|||50|,,,,,Normal
|l|☆ApolloLou
|player|p2|
|j|☆ApolloLou
|player|p2|ApolloLou|birch|
|l|☆ApolloLou
|player|p2|
|j|☆ApolloLou
|player|p2|ApolloLou|birch|
|
|t:|1756753787
|teamsize|p1|4
|teamsize|p2|4
|start
|switch|p1a: Weezing|Weezing-Galar, L50, F|100/100
|switch|p1b: Corviknight|Corviknight, L50, F, shiny|100/100
|switch|p2a: Electabuzz|Electabuzz, L50, M|100/100
|switch|p2b: Annihilape|Annihilape, L50, M|100/100
|-ability|p1a: Weezing|Neutralizing Gas
|turn|1
|
|t:|1756753802
|move|p2b: Annihilape|Protect|p2b: Annihilape
|-singleturn|p2b: Annihilape|Protect
|move|p2a: Electabuzz|Electroweb|p1a: Weezing|[spread] p1a,p1b
|-supereffective|p1b: Corviknight
|-damage|p1a: Weezing|82/100
|-damage|p1b: Corviknight|74/100
|-unboost|p1a: Weezing|spe|1
|-unboost|p1b: Corviknight|spe|1
|move|p1b: Corviknight|Tailwind|p1b: Corviknight
|-sidestart|p1: Como Se Dice Ben|move: Tailwind
|move|p1a: Weezing|Strange Steam|p2a: Electabuzz
|-crit|p2a: Electabuzz
|-damage|p2a: Electabuzz|27/100
|-start|p2a: Electabuzz|confusion
|
|upkeep
|turn|2
|
|t:|1756753836
|switch|p2a: Armarouge|Armarouge, L50, M|100/100
|-terastallize|p2b: Annihilape|Steel
|move|p1b: Corviknight|Roost|p1b: Corviknight
|-heal|p1b: Corviknight|100/100
|-singleturn|p1b: Corviknight|move: Roost
|move|p1a: Weezing|Strange Steam|p2a: Armarouge
|-resisted|p2a: Armarouge
|-damage|p2a: Armarouge|69/100
|move|p2b: Annihilape|Rage Fist|p1a: Weezing
|-damage|p1a: Weezing|55/100
|
|upkeep
|turn|3
|
|t:|1756753878
|move|p1b: Corviknight|Brave Bird|p2a: Armarouge
|-damage|p2a: Armarouge|26/100
|-damage|p1b: Corviknight|89/100|[from] Recoil
|move|p2a: Armarouge|Flamethrower|p1b: Corviknight
|-supereffective|p1b: Corviknight
|-damage|p1b: Corviknight|3/100
|-enditem|p1b: Corviknight|Sitrus Berry|[eat]
|-heal|p1b: Corviknight|28/100|[from] item: Sitrus Berry
|move|p1a: Weezing|Strange Steam|p2a: Armarouge
|-resisted|p2a: Armarouge
|-damage|p2a: Armarouge|0 fnt
|faint|p2a: Armarouge
|move|p2b: Annihilape|Rage Fist|p1a: Weezing
|-crit|p1a: Weezing
|-damage|p1a: Weezing|13/100
|
|upkeep
|
|t:|1756753892
|switch|p2a: Electabuzz|Electabuzz, L50, M|27/100
|turn|4
|
|t:|1756753911
|switch|p2b: Indeedee|Indeedee, L50, M|100/100
|move|p2a: Electabuzz|Electroweb|p1a: Weezing|[spread] p1a,p1b
|-supereffective|p1b: Corviknight
|-damage|p1a: Weezing|0 fnt
|-damage|p1b: Corviknight|4/100
|-unboost|p1b: Corviknight|spe|1
|faint|p1a: Weezing
|-end|p1a: Weezing|ability: Neutralizing Gas
|-fieldstart|move: Psychic Terrain|[from] ability: Psychic Surge|[of] p2b: Indeedee
|move|p1b: Corviknight|Roost|p1b: Corviknight
|-heal|p1b: Corviknight|54/100
|-singleturn|p1b: Corviknight|move: Roost
|
|-sideend|p1: Como Se Dice Ben|move: Tailwind
|upkeep
|
|t:|1756753929
|switch|p1a: Typhlosion|Typhlosion-Hisui, L50, M, shiny|100/100
|-item|p2a: Electabuzz|Eviolite|[from] ability: Frisk|[of] p1a: Typhlosion
|-item|p2b: Indeedee|Focus Sash|[from] ability: Frisk|[of] p1a: Typhlosion
|turn|5
|
|t:|1756753947
|-terastallize|p1a: Typhlosion|Fire
|move|p2a: Electabuzz|Follow Me|p2a: Electabuzz
|-singleturn|p2a: Electabuzz|move: Follow Me
|move|p1a: Typhlosion|Heat Wave|p2b: Indeedee|[spread] 
|-miss|p1a: Typhlosion|p2a: Electabuzz
|-miss|p1a: Typhlosion|p2b: Indeedee
|move|p1b: Corviknight|Brave Bird|p2a: Electabuzz
|-resisted|p2a: Electabuzz
|-damage|p2a: Electabuzz|6/100
|-damage|p1b: Corviknight|48/100|[from] Recoil
|move|p2b: Indeedee|Trick Room|p2b: Indeedee
|-fieldstart|move: Trick Room|[of] p2b: Indeedee
|
|upkeep
|turn|6
|c|☆Como Se Dice Ben|It's time to kms
|
|t:|1756753972
|move|p2a: Electabuzz|Follow Me|p2a: Electabuzz
|-singleturn|p2a: Electabuzz|move: Follow Me
|move|p1b: Corviknight|Brave Bird|p2a: Electabuzz
|-resisted|p2a: Electabuzz
|-damage|p2a: Electabuzz|0 fnt
|faint|p2a: Electabuzz
|-damage|p1b: Corviknight|47/100|[from] Recoil
|move|p2b: Indeedee|Expanding Force|p1b: Corviknight|[spread] p1a,p1b
|-resisted|p1b: Corviknight
|-damage|p1a: Typhlosion|34/100
|-damage|p1b: Corviknight|21/100
|move|p1a: Typhlosion|Heat Wave|p2b: Indeedee
|-damage|p2b: Indeedee|10/100
|
|upkeep
|
|t:|1756753985
|switch|p2a: Annihilape|Annihilape, L50, M, tera:Steel|100/100
|turn|7
|
|t:|1756754006
|switch|p1a: Baxcalibur|Baxcalibur, L50, M|100/100
|move|p2b: Indeedee|Protect|p2b: Indeedee
|-singleturn|p2b: Indeedee|Protect
|move|p1b: Corviknight|Roost|p1b: Corviknight
|-heal|p1b: Corviknight|71/100
|-singleturn|p1b: Corviknight|move: Roost
|move|p2a: Annihilape|Drain Punch|p1a: Baxcalibur
|-supereffective|p1a: Baxcalibur
|-damage|p1a: Baxcalibur|18/100
|
|upkeep
|turn|8
|
|t:|1756754026
|move|p1a: Baxcalibur|Protect|p1a: Baxcalibur
|-singleturn|p1a: Baxcalibur|Protect
|move|p2b: Indeedee|Protect|p2b: Indeedee
|-singleturn|p2b: Indeedee|Protect
|move|p1b: Corviknight|Roost|p1b: Corviknight
|-heal|p1b: Corviknight|100/100
|-singleturn|p1b: Corviknight|move: Roost
|move|p2a: Annihilape|Drain Punch|p1a: Baxcalibur
|-activate|p1a: Baxcalibur|move: Protect
|
|-fieldend|move: Psychic Terrain
|upkeep
|turn|9
|
|t:|1756754054
|move|p1a: Baxcalibur|Ice Shard|p2b: Indeedee
|-damage|p2b: Indeedee|0 fnt
|faint|p2b: Indeedee
|-damage|p1a: Baxcalibur|8/100|[from] item: Life Orb
|move|p1b: Corviknight|Brave Bird|p2a: Annihilape
|-resisted|p2a: Annihilape
|-damage|p2a: Annihilape|78/100
|-damage|p1b: Corviknight|93/100|[from] Recoil
|move|p2a: Annihilape|Drain Punch|p1a: Baxcalibur
|-supereffective|p1a: Baxcalibur
|-damage|p1a: Baxcalibur|0 fnt
|-heal|p2a: Annihilape|82/100|[from] drain|[of] p1a: Baxcalibur
|faint|p1a: Baxcalibur
|
|-fieldend|move: Trick Room
|upkeep
|
|t:|1756754058
|switch|p1a: Typhlosion|Typhlosion-Hisui, L50, M, shiny, tera:Fire|34/100
|-item|p2a: Annihilape|Sitrus Berry|[from] ability: Frisk|[of] p1a: Typhlosion
|turn|10
|
|t:|1756754075
|move|p1a: Typhlosion|Overheat|p2a: Annihilape
|-supereffective|p2a: Annihilape
|-damage|p2a: Annihilape|0 fnt
|-unboost|p1a: Typhlosion|spa|2
|faint|p2a: Annihilape
|
|win|Como Se Dice Ben
|l|☆ApolloLou
|player|p2|
