|j|☆reborniii
|j|☆regitron 21
|html|reborniiiregitron 21    
|uhtml|bestof|Game 2 of a best-of-3
|t:|1756522007
|gametype|doubles
|player|p1|reborniii|170|1079
|player|p2|regitron 21|shauntal|1020
|gen|9
|tier|[Gen 9] VGC 2025 Reg H (Bo3)
|rated|
|rule|Species Clause: Limit one of each Pokémon
|rule|Item Clause: Limit 1 of each item
|clearpoke
|poke|p1|Archaludon, L50, M|
|poke|p1|Dragonite, L50, F|
|poke|p1|Pelipper, L50, F|
|poke|p1|Ursaluna, L50, F|
|poke|p1|Sinistcha, L50|
|poke|p1|Gholdengo, L50|
|poke|p2|Palafin, L50, M|
|poke|p2|Meowstic, L50, M|
|poke|p2|Volcarona, L50, M|
|poke|p2|Typhlosion-Hisui, L50, F|
|poke|p2|Whimsicott, L50, M|
|poke|p2|Dragonite, L50, F|
|teampreview|4
|showteam|p1|Archaludon||AssaultVest|Stamina|FlashCannon,BodyPress,ElectroShot,Snarl|||M|||50|,,,,,Fighting]Dragonite||LoadedDice|Multiscale|ScaleShot,Tailwind,Haze,Protect|||F|||50|,,,,,Fairy]Pelipper||FocusSash|Drizzle|MuddyWater,Hurricane,Tailwind,Protect|||F|||50|,,,,,Ghost]Ursaluna||FlameOrb|Guts|Facade,HeadlongRush,Earthquake,Protect|||F|||50|,,,,,Ghost]Sinistcha||SitrusBerry|Hospitality|MatchaGotcha,LifeDew,RagePowder,TrickRoom||||||50|,,,,,Dark]Gholdengo||ChoiceScarf|GoodasGold|MakeItRain,ShadowBall,Trick,Protect||||||50|,,,,,Flying
|showteam|p2|Palafin||MysticWater|ZerotoHero|Protect,ThroatChop,JetPunch,CloseCombat|||M|||50|,,,,,Water]Meowstic||CovertCloak|Prankster|FakeOut,AlluringVoice,ThunderWave,SunnyDay|||M|||50|,,,,,Dark]Volcarona||Leftovers|FlameBody|GigaDrain,QuiverDance,BugBuzz,HeatWave|||M|||50|,,,,,Grass]Typhlosion-Hisui||LifeOrb|Blaze|Eruption,ShadowBall,HeatWave,Protect|||F|||50|,,,,,Fire]Whimsicott||FocusSash|Prankster|Moonblast,Taunt,Protect,Tailwind|||M|||50|,,,,,Grass]Dragonite||ClearAmulet|Multiscale|Tailwind,DragonDance,ExtremeSpeed,DragonClaw|||F|||50|,,,,,Normal
|c|☆regitron 21|good luck again man
|c|☆reborniii|good lucky
|
|t:|1756522088
|teamsize|p1|4
|teamsize|p2|4
|start
|switch|p1a: Dragonite|Dragonite, L50, F|100/100
|switch|p1b: Ursaluna|Ursaluna, L50, F|100/100
|switch|p2a: Dragonite|Dragonite, L50, F|100/100
|switch|p2b: Volcarona|Volcarona, L50, M|100/100
|turn|1
|
|t:|1756522107
|-terastallize|p1a: Dragonite|Fairy
|move|p2b: Volcarona|Quiver Dance|p2b: Volcarona
|-boost|p2b: Volcarona|spa|1
|-boost|p2b: Volcarona|spd|1
|-boost|p2b: Volcarona|spe|1
|move|p1a: Dragonite|Scale Shot|p2a: Dragonite
|-supereffective|p2a: Dragonite
|-damage|p2a: Dragonite|85/100
|-supereffective|p2a: Dragonite
|-damage|p2a: Dragonite|54/100
|-supereffective|p2a: Dragonite
|-damage|p2a: Dragonite|24/100
|-supereffective|p2a: Dragonite
|-damage|p2a: Dragonite|0 fnt
|faint|p2a: Dragonite
|-hitcount|p2: Dragonite|4
|-unboost|p1a: Dragonite|def|1
|-boost|p1a: Dragonite|spe|1
|move|p1b: Ursaluna|Facade|p2b: Volcarona
|-damage|p2b: Volcarona|47/100
|
|-heal|p2b: Volcarona|54/100|[from] item: Leftovers
|-status|p1b: Ursaluna|brn|[from] item: Flame Orb
|upkeep
|
|t:|1756522119
|switch|p2a: Typhlosion|Typhlosion-Hisui, L50, F|100/100
|turn|2
|
|t:|1756522162
|-terastallize|p2b: Volcarona|Grass
|move|p2b: Volcarona|Giga Drain|p1b: Ursaluna
|-supereffective|p1b: Ursaluna
|-damage|p1b: Ursaluna|0 fnt
|-heal|p2b: Volcarona|100/100|[from] drain|[of] p1b: Ursaluna
|faint|p1b: Ursaluna
|move|p1a: Dragonite|Tailwind|p1a: Dragonite
|-sidestart|p1: reborniii|move: Tailwind
|move|p2a: Typhlosion|Heat Wave|p1a: Dragonite
|-damage|p1a: Dragonite|66/100
|-damage|p2a: Typhlosion|91/100|[from] item: Life Orb
|
|upkeep
|
|t:|1756522176
|switch|p1b: Gholdengo|Gholdengo, L50|100/100
|turn|3
|
|t:|1756522194
|move|p2a: Typhlosion|Protect|p2a: Typhlosion
|-singleturn|p2a: Typhlosion|Protect
|move|p1b: Gholdengo|Shadow Ball|p2b: Volcarona
|-damage|p2b: Volcarona|72/100
|move|p1a: Dragonite|Haze|p1a: Dragonite
|-clearallboost
|move|p2b: Volcarona|Quiver Dance|p2b: Volcarona
|-boost|p2b: Volcarona|spa|1
|-boost|p2b: Volcarona|spd|1
|-boost|p2b: Volcarona|spe|1
|
|-heal|p2b: Volcarona|78/100|[from] item: Leftovers
|upkeep
|turn|4
|
|t:|1756522212
|switch|p2a: Whimsicott|Whimsicott, L50, M|100/100
|move|p1b: Gholdengo|Shadow Ball|p2a: Whimsicott
|-damage|p2a: Whimsicott|28/100
|move|p1a: Dragonite|Scale Shot|p2b: Volcarona
|-damage|p2b: Volcarona|61/100
|-damage|p2b: Volcarona|45/100
|-damage|p2b: Volcarona|29/100
|-damage|p2b: Volcarona|10/100
|-hitcount|p2b: Volcarona|4
|-unboost|p1a: Dragonite|def|1
|-boost|p1a: Dragonite|spe|1
|move|p2b: Volcarona|Heat Wave|p1b: Gholdengo|[spread] p1a,p1b
|-supereffective|p1b: Gholdengo
|-damage|p1a: Dragonite|14/100
|-damage|p1b: Gholdengo|0 fnt
|faint|p1b: Gholdengo
|
|-heal|p2b: Volcarona|16/100|[from] item: Leftovers
|upkeep
|
|t:|1756522216
|switch|p1b: Sinistcha|Sinistcha, L50|100/100
|-heal|p1a: Dragonite|39/100|[from] ability: Hospitality|[of] p1b: Sinistcha
|turn|5
|
|t:|1756522238
|move|p1a: Dragonite|Protect|p1a: Dragonite
|-singleturn|p1a: Dragonite|Protect
|move|p2a: Whimsicott|Tailwind|p2a: Whimsicott
|-sidestart|p2: regitron 21|move: Tailwind
|move|p2b: Volcarona|Heat Wave|p1a: Dragonite|[spread] p1b
|-activate|p1a: Dragonite|move: Protect
|-supereffective|p1b: Sinistcha
|-damage|p1b: Sinistcha|8/100
|-enditem|p1b: Sinistcha|Sitrus Berry|[eat]
|-heal|p1b: Sinistcha|33/100|[from] item: Sitrus Berry
|move|p1b: Sinistcha|Life Dew|p1b: Sinistcha|[spread] p1a,p1b
|-heal|p1a: Dragonite|64/100
|-heal|p1b: Sinistcha|58/100
|
|-heal|p2b: Volcarona|22/100|[from] item: Leftovers
|-sideend|p1: reborniii|move: Tailwind
|upkeep
|turn|6
|
|t:|1756522253
|move|p2a: Whimsicott|Taunt|p1b: Sinistcha
|-start|p1b: Sinistcha|move: Taunt
|move|p2b: Volcarona|Heat Wave|p1a: Dragonite|[spread] p1a,p1b
|-supereffective|p1b: Sinistcha
|-damage|p1a: Dragonite|10/100
|-damage|p1b: Sinistcha|0 fnt
|faint|p1b: Sinistcha
|move|p1a: Dragonite|Scale Shot|p2b: Volcarona
|-damage|p2b: Volcarona|5/100
|-damage|p2b: Volcarona|0 fnt
|faint|p2b: Volcarona
|-hitcount|p2: Volcarona|2
|-unboost|p1a: Dragonite|def|1
|-boost|p1a: Dragonite|spe|1
|
|upkeep
|
|t:|1756522259
|switch|p2b: Typhlosion|Typhlosion-Hisui, L50, F|91/100
|turn|7
|
|t:|1756522265
|move|p2a: Whimsicott|Moonblast|p1a: Dragonite
|-damage|p1a: Dragonite|0 fnt
|faint|p1a: Dragonite
|
|win|regitron 21
|raw|reborniii's rating: 1079 → 1053(-26 for losing)
|raw|regitron 21's rating: 1020 → 1063(+43 for winning)
|c|☆regitron 21|gg man
|c|☆regitron 21|nice team
