|j|☆ingusdingus
|j|☆Morvs
|html|ingusdingusMorvs    
|uhtml|bestof|Game 2 of a best-of-3
|t:|1784831943
|gametype|doubles
|player|p1|ingusdingus|harlequin|1007
|player|p2|Morvs|266|1078
|gen|9
|tier|[Gen 9 Champions] VGC 2026 Reg M-B (Bo3)
|rated|
|rule|Species Clause: Limit one of each Pokémon
|rule|Item Clause: Limit 1 of each item
|clearpoke
|poke|p1|Scrafty, L50, F, shiny|
|poke|p1|Rotom-Wash, L50|
|poke|p1|Aegislash, L50, F|
|poke|p1|Farigiraf, L50, F|
|poke|p1|Froslass, L50, F|
|poke|p1|Garchomp, L50, F|
|poke|p2|Grimmsnarl, L50, M|
|poke|p2|Basculegion, L50, M|
|poke|p2|Venusaur, L50, F|
|poke|p2|Pelipper, L50, F|
|poke|p2|Archaludon, L50, F|
|poke|p2|Swampert, L50, M|
|teampreview|4
|showteam|p1|Scrafty||Scraftinite|Intimidate|SwordsDance,ThroatChop,DrainPunch,FakeOut|Adamant||F|||50|]Rotom-Wash||ChestoBerry|Levitate|Rest,LightScreen,HydroPump,WillOWisp|Calm|||||50|]Aegislash||ExpertBelt|StanceChange|Poltergeist,RockSlide,KingsShield,IronHead|Brave||F|||50|]Farigiraf||Leftovers|ArmorTail|TrickRoom,CalmMind,EnergyBall,HyperVoice|Modest||F|||50|]Froslass||Froslassite|SnowCloak|AuroraVeil,Blizzard,ShadowBall,Protect|Timid||F|||50|]Garchomp||LifeOrb|RoughSkin|RockSlide,Earthquake,Protect,DragonClaw|Jolly||F|||50|
|showteam|p2|Grimmsnarl||LightClay|Prankster|SpiritBreak,Reflect,LightScreen,PartingShot|Careful||M|||50|]Basculegion||ChoiceScarf|Adaptability|WaveCrash,LastRespects,AquaJet,FlipTurn|Jolly||M|||50|]Venusaur||Venusaurite|Chlorophyll|GigaDrain,SludgeBomb,EarthPower,Protect|Modest||F|||50|]Pelipper||SitrusBerry|Drizzle|Hurricane,WeatherBall,Tailwind,RainDance|Modest||F|||50|]Archaludon||Leftovers|Stamina|FlashCannon,DragonPulse,ElectroShot,Protect|Modest||F|||50|]Swampert||Swampertite|Damp|WaveCrash,Earthquake,IcePunch,Protect|Adamant||M|||50|
|
|t:|1784831962
|teamsize|p1|4
|teamsize|p2|4
|start
|switch|p1a: Aegislash|Aegislash, L50, F|100/100
|switch|p1b: Rotom|Rotom-Wash, L50|100/100
|switch|p2a: Archaludon|Archaludon, L50, F|100/100
|switch|p2b: Pelipper|Pelipper, L50, F|100/100
|-weather|RainDance|[from] ability: Drizzle|[of] p2b: Pelipper
|turn|1
|
|t:|1784831982
|move|p1a: Aegislash|King's Shield|p1a: Aegislash
|-singleturn|p1a: Aegislash|Protect
|move|p2a: Archaludon|Electro Shot||[still]
|-prepare|p2a: Archaludon|Electro Shot
|-boost|p2a: Archaludon|spa|1
|-anim|p2a: Archaludon|Electro Shot|p1a: Aegislash
|-activate|p1a: Aegislash|move: Protect
|move|p1b: Rotom|Light Screen|p1b: Rotom
|-sidestart|p1: ingusdingus|move: Light Screen
|move|p2b: Pelipper|Weather Ball|p1a: Aegislash
|-activate|p1a: Aegislash|move: Protect
|
|-weather|RainDance|[upkeep]
|upkeep
|turn|2
|
|t:|1784832003
|move|p2a: Archaludon|Electro Shot||[still]
|-prepare|p2a: Archaludon|Electro Shot
|-boost|p2a: Archaludon|spa|1
|-anim|p2a: Archaludon|Electro Shot|p1b: Rotom
|-damage|p1b: Rotom|54/100
|move|p1b: Rotom|Will-O-Wisp|p2a: Archaludon|[miss]
|-miss|p1b: Rotom|p2a: Archaludon
|move|p2b: Pelipper|Weather Ball|p1a: Aegislash
|-damage|p1a: Aegislash|59/100
|-formechange|p1a: Aegislash|Aegislash-Blade|
|move|p1a: Aegislash|Poltergeist|p2a: Archaludon
|-activate|p2a: Archaludon|move: Poltergeist|Leftovers
|-damage|p2a: Archaludon|47/100
|-ability|p2a: Archaludon|Stamina|boost
|-boost|p2a: Archaludon|def|1
|
|-weather|RainDance|[upkeep]
|-heal|p2a: Archaludon|53/100|[from] item: Leftovers
|upkeep
|turn|3
|
|t:|1784832029
|-formechange|p1a: Aegislash|Aegislash|
|move|p1a: Aegislash|King's Shield|p1a: Aegislash
|-singleturn|p1a: Aegislash|Protect
|move|p2a: Archaludon|Electro Shot||[still]
|-prepare|p2a: Archaludon|Electro Shot
|-boost|p2a: Archaludon|spa|1
|-anim|p2a: Archaludon|Electro Shot|p1b: Rotom
|-damage|p1b: Rotom|0 fnt
|faint|p1b: Rotom
|move|p2b: Pelipper|Weather Ball|p1a: Aegislash
|-activate|p1a: Aegislash|move: Protect
|
|-weather|RainDance|[upkeep]
|-heal|p2a: Archaludon|59/100|[from] item: Leftovers
|upkeep
|
|t:|1784832042
|switch|p1b: Froslass|Froslass, L50, F|100/100
|turn|4
|
|t:|1784832057
|detailschange|p1b: Froslass|Froslass-Mega, L50, F
|-mega|p1b: Froslass|Froslass|Froslassite
|-weather|Snowscape|[from] ability: Snow Warning|[of] p1b: Froslass
|move|p2a: Archaludon|Protect|p2a: Archaludon
|-singleturn|p2a: Archaludon|Protect
|move|p1b: Froslass|Blizzard|p2b: Pelipper|[spread] p2b
|-activate|p2a: Archaludon|move: Protect
|-crit|p2b: Pelipper
|-damage|p2b: Pelipper|14/100
|-enditem|p2b: Pelipper|Sitrus Berry|[eat]
|-heal|p2b: Pelipper|39/100|[from] item: Sitrus Berry
|move|p2b: Pelipper|Rain Dance|p2b: Pelipper
|-weather|RainDance
|-formechange|p1a: Aegislash|Aegislash-Blade|
|move|p1a: Aegislash|Rock Slide|p2b: Pelipper|[spread] p2b
|-activate|p2a: Archaludon|move: Protect
|-supereffective|p2b: Pelipper|1
|-damage|p2b: Pelipper|0 fnt
|faint|p2b: Pelipper
|
|-weather|RainDance|[upkeep]
|-heal|p2a: Archaludon|65/100|[from] item: Leftovers
|upkeep
|
|t:|1784832078
|switch|p2b: Basculegion|Basculegion, L50, M|100/100
|turn|5
|
|t:|1784832085
|switch|p1b: Garchomp|Garchomp, L50, F|100/100
|-formechange|p1a: Aegislash|Aegislash|
|move|p1a: Aegislash|King's Shield|p1a: Aegislash
|-singleturn|p1a: Aegislash|Protect
|move|p2b: Basculegion|Flip Turn|p1b: Garchomp
|-damage|p1b: Garchomp|39/100
|-damage|p2b: Basculegion|87/100|[from] ability: Rough Skin|[of] p1b: Garchomp
|
|t:|1784832094
|switch|p2b: Swampert|Swampert, L50, M|100/100|[from] Flip Turn
|move|p2a: Archaludon|Electro Shot||[still]
|-prepare|p2a: Archaludon|Electro Shot
|-boost|p2a: Archaludon|spa|1
|-anim|p2a: Archaludon|Electro Shot|p1a: Aegislash
|-activate|p1a: Aegislash|move: Protect
|
|-weather|RainDance|[upkeep]
|-heal|p2a: Archaludon|72/100|[from] item: Leftovers
|-sideend|p1: ingusdingus|move: Light Screen
|upkeep
|turn|6
|
|t:|1784832130
|detailschange|p2b: Swampert|Swampert-Mega, L50, M
|-mega|p2b: Swampert|Swampert|Swampertite
|move|p1b: Garchomp|Protect|p1b: Garchomp
|-singleturn|p1b: Garchomp|Protect
|move|p2a: Archaludon|Protect|p2a: Archaludon
|-singleturn|p2a: Archaludon|Protect
|move|p2b: Swampert|Earthquake|p1b: Garchomp|[spread] p1a
|-activate|p2a: Archaludon|move: Protect
|-activate|p1b: Garchomp|move: Protect
|-supereffective|p1a: Aegislash|1
|-damage|p1a: Aegislash|0 fnt
|faint|p1a: Aegislash
|
|-weather|RainDance|[upkeep]
|-heal|p2a: Archaludon|78/100|[from] item: Leftovers
|upkeep
|
|t:|1784832142
|switch|p1a: Froslass|Froslass-Mega, L50, F|100/100
|-weather|Snowscape|[from] ability: Snow Warning|[of] p1a: Froslass
|turn|7
|
|t:|1784832158
|move|p1a: Froslass|Protect|p1a: Froslass
|-singleturn|p1a: Froslass|Protect
|move|p1b: Garchomp|Earthquake|p2a: Archaludon|[spread] p2a,p2b
|-activate|p1a: Froslass|move: Protect
|-supereffective|p2a: Archaludon|1
|-damage|p2a: Archaludon|30/100
|-damage|p2b: Swampert|57/100
|-ability|p2a: Archaludon|Stamina|boost
|-boost|p2a: Archaludon|def|1
|-damage|p1b: Garchomp|29/100|[from] item: Life Orb
|move|p2a: Archaludon|Electro Shot||[still]
|-prepare|p2a: Archaludon|Electro Shot
|-boost|p2a: Archaludon|spa|1
|move|p2b: Swampert|Wave Crash|p1b: Garchomp
|-damage|p1b: Garchomp|0 fnt
|-damage|p2b: Swampert|45/100|[from] ability: Rough Skin|[of] p1b: Garchomp
|faint|p1b: Garchomp
|-damage|p2b: Swampert|35/100|[from] Recoil
|
|-weather|Snowscape|[upkeep]
|-heal|p2a: Archaludon|36/100|[from] item: Leftovers
|upkeep
|turn|8
|
|t:|1784832184
|move|p1a: Froslass|Blizzard|p2b: Swampert|[spread] p2a,p2b
|-damage|p2a: Archaludon|0 fnt
|-damage|p2b: Swampert|0 fnt
|faint|p2a: Archaludon
|faint|p2b: Swampert
|
|-weather|Snowscape|[upkeep]
|upkeep
|
|t:|1784832193
|switch|p2a: Basculegion|Basculegion, L50, M|87/100
|turn|9
|
|t:|1784832202
|move|p2a: Basculegion|Last Respects|p1a: Froslass
|-supereffective|p1a: Froslass|1
|-damage|p1a: Froslass|0 fnt
|faint|p1a: Froslass
|
|win|Morvs
||ingusdingus is ready for game 3.
||Morvs is ready for game 3.
|uhtml|next|Next: Game 3 of 3
|l|☆ingusdingus
|player|p1|
