|j|☆siemisdememe
|j|☆Hellfridge
|html|siemisdememeHellfridge    
|uhtml|bestof|Game 1 of a best-of-3
|t:|1782582628
|gametype|doubles
|player|p1|siemisdememe|169|1147
|player|p2|Hellfridge|1|1040
|gen|9
|tier|[Gen 9 Champions] VGC 2026 Reg M-B (Bo3)
|rated|
|rule|Species Clause: Limit one of each Pokémon
|rule|Item Clause: Limit 1 of each item
|clearpoke
|poke|p1|Orthworm, L50, F|
|poke|p1|Garchomp, L50, M|
|poke|p1|Eelektross, L50, F|
|poke|p1|Gyarados, L50, F|
|poke|p1|Blaziken, L50, F|
|poke|p1|Grimmsnarl, L50, M|
|poke|p2|Falinks, L50|
|poke|p2|Audino, L50, M|
|poke|p2|Meowstic, L50, M|
|poke|p2|Klefki, L50, F|
|poke|p2|Gengar, L50, F|
|poke|p2|Umbreon, L50, F|
|teampreview|4
|showteam|p1|Orthworm||SitrusBerry|EarthEater|BodyPress,ShedTail,HelpingHand,Protect|Bold||F|||50|]Garchomp||LifeOrb|RoughSkin|Earthquake,RockSlide,DragonClaw,Protect|Jolly||M|||50|]Eelektross||Eelektrossite|Levitate|Thunderbolt,GigaDrain,Flamethrower,Protect|Timid||F|||50|]Gyarados||Leftovers|Intimidate|ThunderWave,ChillingWater,Waterfall,Protect|Sassy||F|||50|]Blaziken||Blazikenite|SpeedBoost|Protect,SwordsDance,FlareBlitz,CloseCombat|Adamant||F|||50|]Grimmsnarl||LightClay|Prankster|LightScreen,Reflect,PartingShot,SpiritBreak|Careful||M|||50|
|showteam|p2|Falinks||Falinksite|Defiant|RockSlide,CloseCombat,NoRetreat,Protect|Brave|||||50|]Audino||SitrusBerry|Healer|Attract,SimpleBeam,HyperVoice,ShadowBall|Timid||M|||50|]Meowstic||LightClay|Prankster|MeanLook,PsychUp,LightScreen,Psychic|Timid||M|||50|]Klefki||Leftovers|Prankster|FairyLock,Protect,LightScreen,DazzlingGleam|Bold||F|||50|]Gengar||FocusSash|CursedBody|SludgeBomb,MeanLook,ShadowBall,Taunt|Timid||F|||50|]Umbreon||LumBerry|InnerFocus|FoulPlay,Yawn,MeanLook,Detect|Bold||F|||50|
|inactive|Battle timer is ON: inactive players will automatically lose when time's up. (requested by siemisdememe)
|inactive|siemisdememe has 60 seconds left.
|inactive|Hellfridge has 60 seconds left.
|
|t:|1782582664
|teamsize|p1|4
|teamsize|p2|4
|start
|switch|p1a: Orthworm|Orthworm, L50, F|100/100
|switch|p1b: Grimmsnarl|Grimmsnarl, L50, M|100/100
|switch|p2a: Falinks|Falinks, L50|100/100
|switch|p2b: Audino|Audino, L50, M|100/100
|turn|1
|
|t:|1782582680
|detailschange|p2a: Falinks|Falinks-Mega, L50
|-mega|p2a: Falinks|Falinks|Falinksite
|move|p1b: Grimmsnarl|Reflect|p1b: Grimmsnarl
|-sidestart|p1: siemisdememe|Reflect
|move|p2b: Audino|Simple Beam|p2a: Falinks
|-ability|p2a: Falinks|Simple|Defiant|[from] move: Simple Beam
|move|p2a: Falinks|No Retreat|p2a: Falinks
|-boost|p2a: Falinks|atk|2
|-boost|p2a: Falinks|def|2
|-boost|p2a: Falinks|spa|2
|-boost|p2a: Falinks|spd|2
|-boost|p2a: Falinks|spe|2
|-start|p2a: Falinks|move: No Retreat
|move|p1a: Orthworm|Shed Tail|p1a: Orthworm
|-start|p1a: Orthworm|Substitute|[from] move: Shed Tail
|-damage|p1a: Orthworm|49/100
|-enditem|p1a: Orthworm|Sitrus Berry|[eat]
|-heal|p1a: Orthworm|74/100|[from] item: Sitrus Berry
|
|t:|1782582695
|switch|p1a: Blaziken|Blaziken, L50, F|100/100|[from] Shed Tail
|
|upkeep
|turn|2
|
|t:|1782582717
|detailschange|p1a: Blaziken|Blaziken-Mega, L50, F
|-mega|p1a: Blaziken|Blaziken|Blazikenite
|move|p1a: Blaziken|Protect|p1a: Blaziken
|-singleturn|p1a: Blaziken|Protect
|move|p1b: Grimmsnarl|Parting Shot|p2a: Falinks
|-unboost|p2a: Falinks|atk|2
|-unboost|p2a: Falinks|spa|2
|
|t:|1782582727
|switch|p1b: Orthworm|Orthworm, L50, F|74/100|[from] Parting Shot
|move|p2a: Falinks|Rock Slide|p1b: Orthworm|[spread] 
|-activate|p1a: Blaziken|move: Protect
|-miss|p2a: Falinks|p1b: Orthworm
|move|p2b: Audino|Hyper Voice|p1a: Blaziken|[spread] p1b
|-activate|p1a: Blaziken|move: Protect
|-resisted|p1b: Orthworm|1
|-damage|p1b: Orthworm|63/100
|
|-ability|p1a: Blaziken|Speed Boost|boost
|-boost|p1a: Blaziken|spe|1
|upkeep
|turn|3
|inactive|Hellfridge has 30 seconds left.
|
|t:|1782582753
|move|p1b: Orthworm|Protect|p1b: Orthworm
|-singleturn|p1b: Orthworm|Protect
|move|p1a: Blaziken|Swords Dance|p1a: Blaziken
|-boost|p1a: Blaziken|atk|2
|move|p2a: Falinks|Rock Slide|p1b: Orthworm|[spread] p1a
|-activate|p1b: Orthworm|move: Protect
|-activate|p1a: Blaziken|move: Substitute|[damage]
|move|p2b: Audino|Hyper Voice|p1a: Blaziken|[spread] p1a
|-activate|p1b: Orthworm|move: Protect
|-damage|p1a: Blaziken|78/100
|
|-ability|p1a: Blaziken|Speed Boost|boost
|-boost|p1a: Blaziken|spe|1
|upkeep
|turn|4
|inactive|Hellfridge has 30 seconds left.
|inactive|Hellfridge has 20 seconds left.
|
|t:|1782582790
|move|p1b: Orthworm|Helping Hand|p1a: Blaziken
|-singleturn|p1a: Blaziken|Helping Hand|[of] p1b: Orthworm
|move|p1a: Blaziken|Flare Blitz|p2a: Falinks
|-damage|p2a: Falinks|7/100
|-damage|p1a: Blaziken|45/100|[from] Recoil
|move|p2a: Falinks|Close Combat|p1b: Orthworm
|-supereffective|p1b: Orthworm|1
|-damage|p1b: Orthworm|11/100
|-unboost|p2a: Falinks|def|2
|-unboost|p2a: Falinks|spd|2
|move|p2b: Audino|Attract|p1a: Blaziken
|-start|p1a: Blaziken|Attract
|
|-ability|p1a: Blaziken|Speed Boost|boost
|-boost|p1a: Blaziken|spe|1
|upkeep
|turn|5
|
|t:|1782582815
|move|p2a: Falinks|Protect|p2a: Falinks
|-singleturn|p2a: Falinks|Protect
|-activate|p1a: Blaziken|move: Attract|[of] p2b: Audino
|move|p1a: Blaziken|Flare Blitz|p2a: Falinks
|-activate|p2a: Falinks|move: Protect
|move|p2b: Audino|Hyper Voice|p1b: Orthworm|[spread] p1a,p1b
|-resisted|p1b: Orthworm|1
|-damage|p1a: Blaziken|24/100
|-damage|p1b: Orthworm|0 fnt
|faint|p1b: Orthworm
|
|-ability|p1a: Blaziken|Speed Boost|boost
|-boost|p1a: Blaziken|spe|1
|upkeep
|
|t:|1782582828
|switch|p1b: Garchomp|Garchomp, L50, M|100/100
|turn|6
|
|t:|1782582843
|-activate|p1a: Blaziken|move: Attract|[of] p2b: Audino
|move|p1a: Blaziken|Protect|p1a: Blaziken
|-singleturn|p1a: Blaziken|Protect
|move|p2a: Falinks|Close Combat|p1b: Garchomp
|-damage|p1b: Garchomp|55/100
|-unboost|p2a: Falinks|def|2
|-unboost|p2a: Falinks|spd|2
|-damage|p2a: Falinks|0 fnt|[from] ability: Rough Skin|[of] p1b: Garchomp
|faint|p2a: Falinks
|move|p1b: Garchomp|Earthquake|p2b: Audino|[spread] p2b
|-activate|p1a: Blaziken|move: Protect
|-damage|p2b: Audino|49/100
|-enditem|p2b: Audino|Sitrus Berry|[eat]
|-heal|p2b: Audino|73/100|[from] item: Sitrus Berry
|-damage|p1b: Garchomp|45/100|[from] item: Life Orb
|move|p2b: Audino|Hyper Voice|p1b: Garchomp|[spread] p1b
|-activate|p1a: Blaziken|move: Protect
|-damage|p1b: Garchomp|27/100
|
|-ability|p1a: Blaziken|Speed Boost|boost
|-boost|p1a: Blaziken|spe|1
|upkeep
|inactive|Hellfridge has 30 seconds left.
|inactive|Hellfridge has 20 seconds left.
|
|t:|1782582880
|switch|p2a: Gengar|Gengar, L50, F|100/100
|turn|7
|
|t:|1782582888
|move|p1b: Garchomp|Protect|p1b: Garchomp
|-singleturn|p1b: Garchomp|Protect
|-activate|p1a: Blaziken|move: Attract|[of] p2b: Audino
|move|p1a: Blaziken|Close Combat|p2b: Audino
|-supereffective|p2b: Audino|1
|-damage|p2b: Audino|0 fnt
|-unboost|p1a: Blaziken|def|1
|-unboost|p1a: Blaziken|spd|1
|faint|p2b: Audino
|-end|p1a: Blaziken|Attract|[silent]
|move|p2a: Gengar|Shadow Ball|p1b: Garchomp
|-activate|p1b: Garchomp|move: Protect
|
|-ability|p1a: Blaziken|Speed Boost|boost
|-boost|p1a: Blaziken|spe|1
|upkeep
|
|t:|1782582902
|switch|p2b: Klefki|Klefki, L50, F|100/100
|turn|8
|
|t:|1782582918
|move|p1a: Blaziken|Flare Blitz|p2a: Gengar
|-enditem|p2a: Gengar|Focus Sash
|-damage|p2a: Gengar|1/100
|-damage|p1a: Blaziken|0 fnt|[from] Recoil
|faint|p1a: Blaziken
|move|p2a: Gengar|Shadow Ball|p1b: Garchomp
|-damage|p1b: Garchomp|0 fnt
|faint|p1b: Garchomp
|move|p2b: Klefki|Dazzling Gleam|p1: Blaziken|[notarget]
|-fail|p2b: Klefki
|
|-sideend|p1: siemisdememe|Reflect
|upkeep
|
|t:|1782582927
|switch|p1b: Grimmsnarl|Grimmsnarl, L50, M|100/100
|turn|9
|
|t:|1782582937
|move|p2a: Gengar|Sludge Bomb|p1b: Grimmsnarl
|-supereffective|p1b: Grimmsnarl|1
|-damage|p1b: Grimmsnarl|28/100
|move|p2b: Klefki|Dazzling Gleam|p1b: Grimmsnarl
|-supereffective|p1b: Grimmsnarl|1
|-damage|p1b: Grimmsnarl|0 fnt
|faint|p1b: Grimmsnarl
|
|win|Hellfridge
||siemisdememe is ready for game 2.
|inactive|Hellfridge has 30 seconds to confirm battle start!
