|j|☆KKameleon8
|j|☆MetaphorCrazyMonk
|html|KKameleon8MetaphorCrazyMonk    
|uhtml|bestof|Game 1 of a best-of-3
|t:|1786197762
|gametype|doubles
|player|p1|KKameleon8|101|1309
|player|p2|MetaphorCrazyMonk|265|1317
|gen|9
|tier|[Gen 9 Champions] VGC 2026 Reg M-B (Bo3)
|rated|
|rule|Species Clause: Limit one of each Pokémon
|rule|Item Clause: Limit 1 of each item
|clearpoke
|poke|p1|Staraptor, L50, F|
|poke|p1|Excadrill, L50, F|
|poke|p1|Sinistcha, L50|
|poke|p1|Gholdengo, L50|
|poke|p1|Tyranitar, L50, M|
|poke|p1|Milotic, L50, F|
|poke|p2|Sinistcha, L50|
|poke|p2|Incineroar, L50, M|
|poke|p2|Delphox, L50, M|
|poke|p2|Kingambit, L50, M|
|poke|p2|Floette-Eternal, L50, F|
|poke|p2|Sneasler, L50, M|
|teampreview|4
|showteam|p1|Staraptor||Staraptite|Intimidate|BraveBird,CloseCombat,Tailwind,Protect|Jolly||F|||50|]Excadrill||FocusSash|SandRush|HighHorsepower,IronHead,RockSlide,Protect|Adamant||F|||50|]Sinistcha||KasibBerry|Hospitality|MatchaGotcha,RagePowder,ShadowBall,Protect|Bold|||||50|]Gholdengo||LifeOrb|GoodasGold|MakeItRain,ShadowBall,NastyPlot,Protect|Modest|||||50|]Tyranitar||Tyranitarite|SandStream|RockSlide,KnockOff,LowKick,Protect|Jolly||M|||50|]Milotic||SitrusBerry|Competitive|Scald,IcyWind,AlluringVoice,Protect|Calm||F|||50|
|showteam|p2|Sinistcha||ColburBerry|Hospitality|MatchaGotcha,RagePowder,Protect,TrickRoom|Bold|||||50|]Incineroar||SitrusBerry|Intimidate|FlareBlitz,PartingShot,FakeOut,HelpingHand|Impish||M|||50|]Delphox||Delphoxite|Blaze|HeatWave,Psyshock,NastyPlot,Protect|Timid||M|||50|]Kingambit||BlackGlasses|Defiant|KowtowCleave,SuckerPunch,SwordsDance,Protect|Adamant||M|||50|]Floette-Eternal||Floettite|FlowerVeil|Moonblast,DazzlingGleam,CalmMind,Protect|Modest||F|||50|]Sneasler||FocusSash|Unburden|CloseCombat,DireClaw,FakeOut,QuickGuard|Jolly||M|||50|
|inactive|Battle timer is ON: inactive players will automatically lose when time's up. (requested by KKameleon8)
|
|t:|1786197821
|teamsize|p1|4
|teamsize|p2|4
|start
|switch|p1a: Tyranitar|Tyranitar, L50, M|100/100
|switch|p1b: Milotic|Milotic, L50, F|100/100
|switch|p2a: Floette|Floette-Eternal, L50, F|100/100
|switch|p2b: Apache Kid|Kingambit, L50, M|100/100
|-weather|Sandstorm|[from] ability: Sand Stream|[of] p1a: Tyranitar
|turn|1
|
|t:|1786197835
|detailschange|p2a: Floette|Floette-Mega, L50, F
|-mega|p2a: Floette|Floette|Floettite
|-ability|p2a: Floette|Fairy Aura
|move|p1a: Tyranitar|Protect|p1a: Tyranitar
|-singleturn|p1a: Tyranitar|Protect
|move|p2b: Apache Kid|Protect|p2b: Apache Kid
|-singleturn|p2b: Apache Kid|Protect
|move|p2a: Floette|Calm Mind|p2a: Floette
|-boost|p2a: Floette|spa|1
|-boost|p2a: Floette|spd|1
|move|p1b: Milotic|Icy Wind|p2b: Apache Kid|[spread] p2a
|-activate|p2b: Apache Kid|move: Protect
|-damage|p2a: Floette|94/100
|-unboost|p2a: Floette|spe|1
|
|-weather|Sandstorm|[upkeep]
|-damage|p1b: Milotic|94/100|[from] Sandstorm
|-damage|p2a: Floette|89/100|[from] Sandstorm
|upkeep
|turn|2
|inactive|KKameleon8 has 30 seconds left.
|inactive|MetaphorCrazyMonk has 30 seconds left.
|inactive|KKameleon8 has 20 seconds left.
|inactive|MetaphorCrazyMonk has 20 seconds left.
|inactive|KKameleon8 has 15 seconds left.
|
|t:|1786197876
|switch|p2b: Il Conto?|Sinistcha, L50|100/100
|-heal|p2a: Floette|100/100|[from] ability: Hospitality|[of] p2b: Il Conto?
|detailschange|p1a: Tyranitar|Tyranitar-Mega, L50, M
|-mega|p1a: Tyranitar|Tyranitar|Tyranitarite
|move|p1a: Tyranitar|Low Kick|p2b: Il Conto?
|-immune|p2b: Il Conto?
|move|p1b: Milotic|Scald|p2a: Floette
|-damage|p2a: Floette|84/100
|move|p2a: Floette|Dazzling Gleam|p1a: Tyranitar|[spread] p1a,p1b
|-supereffective|p1a: Tyranitar|1
|-damage|p1a: Tyranitar|30/100
|-damage|p1b: Milotic|46/100
|-enditem|p1b: Milotic|Sitrus Berry|[eat]
|-heal|p1b: Milotic|71/100|[from] item: Sitrus Berry
|
|-weather|Sandstorm|[upkeep]
|-damage|p1b: Milotic|65/100|[from] Sandstorm
|-damage|p2a: Floette|78/100|[from] Sandstorm
|-damage|p2b: Il Conto?|93/100|[from] Sandstorm
|upkeep
|turn|3
|
|t:|1786197893
|switch|p1a: Gholdengo|Gholdengo, L50|100/100
|move|p1b: Milotic|Alluring Voice|p2a: Floette
|-damage|p2a: Floette|65/100
|move|p2a: Floette|Calm Mind|p2a: Floette
|-boost|p2a: Floette|spa|1
|-boost|p2a: Floette|spd|1
|move|p2b: Il Conto?|Trick Room|p2b: Il Conto?
|-fieldstart|move: Trick Room|[of] p2b: Il Conto?
|
|-weather|Sandstorm|[upkeep]
|-damage|p2b: Il Conto?|87/100|[from] Sandstorm
|-damage|p2a: Floette|60/100|[from] Sandstorm
|-damage|p1b: Milotic|59/100|[from] Sandstorm
|upkeep
|turn|4
|inactive|MetaphorCrazyMonk has 30 seconds left.
|
|t:|1786197918
|switch|p2b: Apache Kid|Kingambit, L50, M|100/100
|move|p2a: Floette|Dazzling Gleam|p1a: Gholdengo|[spread] p1a,p1b
|-resisted|p1a: Gholdengo|1
|-damage|p1a: Gholdengo|57/100
|-damage|p1b: Milotic|0 fnt
|faint|p1b: Milotic
|move|p1a: Gholdengo|Nasty Plot|p1a: Gholdengo
|-boost|p1a: Gholdengo|spa|2
|
|-weather|Sandstorm|[upkeep]
|-damage|p2a: Floette|54/100|[from] Sandstorm
|upkeep
|
|t:|1786197923
|switch|p1b: Tyranitar|Tyranitar-Mega, L50, M|30/100
|turn|5
|
|t:|1786197942
|move|p1a: Gholdengo|Protect|p1a: Gholdengo
|-singleturn|p1a: Gholdengo|Protect
|move|p2b: Apache Kid|Kowtow Cleave|p1a: Gholdengo
|-activate|p1a: Gholdengo|move: Protect
|move|p2a: Floette|Dazzling Gleam|p1a: Gholdengo|[spread] p1b
|-activate|p1a: Gholdengo|move: Protect
|-supereffective|p1b: Tyranitar|1
|-damage|p1b: Tyranitar|0 fnt
|faint|p1b: Tyranitar
|
|-weather|none
|upkeep
|
|t:|1786197947
|switch|p1b: Excadrill|Excadrill, L50, F|100/100
|turn|6
|
|t:|1786197951
|move|p2b: Apache Kid|Kowtow Cleave|p1a: Gholdengo
|-supereffective|p1a: Gholdengo|1
|-damage|p1a: Gholdengo|0 fnt
|faint|p1a: Gholdengo
|move|p2a: Floette|Dazzling Gleam|p1b: Excadrill
|-resisted|p1b: Excadrill|1
|-damage|p1b: Excadrill|15/100
|move|p1b: Excadrill|High Horsepower|p2b: Apache Kid
|-supereffective|p2b: Apache Kid|1
|-damage|p2b: Apache Kid|17/100
|
|upkeep
|turn|7
|-message|KKameleon8 forfeited.
|
|win|MetaphorCrazyMonk
|l|☆KKameleon8
|player|p1|
||KKameleon8 is ready for game 2.
||MetaphorCrazyMonk is ready for game 2.
|uhtml|next|Next: Game 2 of 3
