|j|☆ToastedArt
|j|☆theonlyambipomfan
|html|ToastedArttheonlyambipomfan    
|uhtml|bestof|Game 3 of a best-of-3
|t:|1784434483
|gametype|doubles
|player|p1|ToastedArt|iris|1070
|player|p2|theonlyambipomfan|volkner|1169
|gen|9
|tier|[Gen 9 Champions] VGC 2026 Reg M-B (Bo3)
|rated|
|rule|Species Clause: Limit one of each Pokémon
|rule|Item Clause: Limit 1 of each item
|clearpoke
|poke|p1|Falinks, L50, shiny|
|poke|p1|Gholdengo, L50|
|poke|p1|Alcremie-Rainbow-Swirl, L50, F, shiny|
|poke|p1|Sinistcha, L50|
|poke|p1|Maushold, L50|
|poke|p1|Incineroar, L50, F|
|poke|p2|Glimmora, L50, M, shiny|
|poke|p2|Whimsicott, L50, F|
|poke|p2|Incineroar, L50, F, shiny|
|poke|p2|Basculegion, L50, M, shiny|
|poke|p2|Rotom-Frost, L50|
|poke|p2|Froslass, L50, F|
|teampreview|4
|showteam|p1|Falinks||Falinksite|Defiant|NoRetreat,CloseCombat,RockSlide,Protect|Adamant|||||50|]Gholdengo||LifeOrb|GoodasGold|MakeItRain,ShadowBall,NastyPlot,Protect|Modest|||||50|]Alcremie-Rainbow-Swirl||ChoiceScarf|AromaVeil|Decorate,MistyExplosion,MysticalFire,DazzlingGleam|Timid||F|||50|]Sinistcha||CobaBerry|Hospitality|MatchaGotcha,LifeDew,RagePowder,Protect|Bold|||||50|]Maushold||WideLens|FriendGuard|FollowMe,PopulationBomb,Encore,Protect|Impish|||||50|]Incineroar||PasshoBerry|Intimidate|PartingShot,FakeOut,ThroatChop,FlareBlitz|Careful||F|||50|
|showteam|p2|Glimmora||Glimmoranite|ToxicDebris|SludgeBomb,PowerGem,EarthPower,SpikyShield|Timid||M|||50|]Whimsicott||FocusSash|Prankster|Tailwind,Encore,GrassKnot,Protect|Bold||F|||50|]Incineroar||ExpertBelt|Intimidate|FakeOut,FlareBlitz,PartingShot,DarkestLariat|Adamant||F|||50|]Basculegion||ChoiceScarf|Adaptability|WaveCrash,LastRespects,ZenHeadbutt,FlipTurn|Jolly||M|||50|]Rotom-Frost||LifeOrb|Levitate|WillOWisp,VoltSwitch,Thunderbolt,Blizzard|Timid|||||50|]Froslass||Froslassite|CursedBody|Blizzard,AuroraVeil,ShadowBall,Protect|Timid||F|||50|
|inactive|Battle timer is ON: inactive players will automatically lose when time's up. (requested by ToastedArt)
|
|t:|1784434502
|teamsize|p1|4
|teamsize|p2|4
|start
|switch|p1a: Falinks|Falinks, L50, shiny|100/100
|switch|p1b: Alcremie|Alcremie-Rainbow-Swirl, L50, F, shiny|100/100
|switch|p2a: Froslass|Froslass, L50, F|100/100
|switch|p2b: Rotom|Rotom-Frost, L50|100/100
|turn|1
|
|t:|1784434522
|detailschange|p2a: Froslass|Froslass-Mega, L50, F
|-mega|p2a: Froslass|Froslass|Froslassite
|-weather|Snowscape|[from] ability: Snow Warning|[of] p2a: Froslass
|detailschange|p1a: Falinks|Falinks-Mega, L50, shiny
|-mega|p1a: Falinks|Falinks|Falinksite
|move|p1b: Alcremie|Decorate|p1a: Falinks
|-boost|p1a: Falinks|atk|2
|-boost|p1a: Falinks|spa|2
|move|p2a: Froslass|Aurora Veil|p2a: Froslass
|-sidestart|p2: theonlyambipomfan|move: Aurora Veil
|move|p2b: Rotom|Will-O-Wisp|p1a: Falinks
|-status|p1a: Falinks|brn
|move|p1a: Falinks|No Retreat|p1a: Falinks
|-boost|p1a: Falinks|atk|1
|-boost|p1a: Falinks|def|1
|-boost|p1a: Falinks|spa|1
|-boost|p1a: Falinks|spd|1
|-boost|p1a: Falinks|spe|1
|-start|p1a: Falinks|move: No Retreat
|
|-weather|Snowscape|[upkeep]
|-damage|p1a: Falinks|93/100 brn|[from] brn
|upkeep
|turn|2
|
|t:|1784434543
|move|p1a: Falinks|Protect|p1a: Falinks
|-singleturn|p1a: Falinks|Protect
|move|p1b: Alcremie|Decorate|p1a: Falinks
|-boost|p1a: Falinks|atk|2
|-boost|p1a: Falinks|spa|2
|move|p2a: Froslass|Blizzard|p1b: Alcremie|[spread] p1b
|-activate|p1a: Falinks|move: Protect
|-damage|p1b: Alcremie|50/100g
|move|p2b: Rotom|Blizzard|p1b: Alcremie|[spread] p1b
|-activate|p1a: Falinks|move: Protect
|-damage|p1b: Alcremie|2/100
|-damage|p2b: Rotom|90/100|[from] item: Life Orb
|
|-weather|Snowscape|[upkeep]
|-damage|p1a: Falinks|87/100 brn|[from] brn
|upkeep
|turn|3
|
|t:|1784434562
|move|p1a: Falinks|Close Combat|p2b: Rotom
|-supereffective|p2b: Rotom|1
|-damage|p2b: Rotom|0 fnt
|-unboost|p1a: Falinks|def|1
|-unboost|p1a: Falinks|spd|1
|faint|p2b: Rotom
|move|p1b: Alcremie|Decorate|p1a: Falinks
|-boost|p1a: Falinks|atk|1
|-boost|p1a: Falinks|spa|1
|move|p2a: Froslass|Blizzard|p1a: Falinks|[spread] p1a,p1b
|-crit|p1b: Alcremie
|-damage|p1a: Falinks|18/100 brn
|-damage|p1b: Alcremie|0 fnt
|faint|p1b: Alcremie
|
|-weather|Snowscape|[upkeep]
|-damage|p1a: Falinks|12/100 brn|[from] brn
|upkeep
|
|t:|1784434576
|switch|p2b: Incineroar|Incineroar, L50, F, shiny|100/100
|switch|p1b: Sinistcha|Sinistcha, L50|100/100
|-ability|p2b: Incineroar|Intimidate|boost
|-unboost|p1a: Falinks|atk|1
|-ability|p1a: Falinks|Defiant|boost
|-boost|p1a: Falinks|atk|1
|-unboost|p1b: Sinistcha|atk|1
|-heal|p1a: Falinks|37/100 brn|[from] ability: Hospitality|[of] p1b: Sinistcha
|turn|4
|
|t:|1784434596
|move|p1a: Falinks|Protect|p1a: Falinks
|-singleturn|p1a: Falinks|Protect
|move|p1b: Sinistcha|Protect|p1b: Sinistcha
|-singleturn|p1b: Sinistcha|Protect
|move|p2a: Froslass|Blizzard|p1a: Falinks|[spread] 
|-activate|p1a: Falinks|move: Protect
|-activate|p1b: Sinistcha|move: Protect
|move|p2b: Incineroar|Flare Blitz|p1a: Falinks
|-activate|p1a: Falinks|move: Protect
|
|-weather|Snowscape|[upkeep]
|-damage|p1a: Falinks|31/100 brn|[from] brn
|upkeep
|turn|5
|
|t:|1784434612
|move|p1a: Falinks|Rock Slide|p2a: Froslass|[spread] p2a,p2b
|-supereffective|p2a: Froslass|1
|-supereffective|p2b: Incineroar|1
|-damage|p2a: Froslass|40/100
|-damage|p2b: Incineroar|47/100
|move|p2a: Froslass|Blizzard|p1b: Sinistcha|[spread] p1a,p1b
|-supereffective|p1b: Sinistcha|1
|-damage|p1a: Falinks|0 fnt
|-damage|p1b: Sinistcha|11/100
|faint|p1a: Falinks
|move|p1b: Sinistcha|Life Dew|p1b: Sinistcha
|-heal|p1b: Sinistcha|36/100
|move|p2b: Incineroar|Flare Blitz|p1b: Sinistcha
|-supereffective|p1b: Sinistcha|1
|-damage|p1b: Sinistcha|0 fnt
|faint|p1b: Sinistcha
|-damage|p2b: Incineroar|36/100|[from] Recoil
|
|-weather|none
|-sideend|p2: theonlyambipomfan|move: Aurora Veil
|upkeep
|
|t:|1784434615
|switch|p1b: Incineroar|Incineroar, L50, F|100/100
|-ability|p1b: Incineroar|Intimidate|boost
|-unboost|p2a: Froslass|atk|1
|-unboost|p2b: Incineroar|atk|1
|turn|6
|-message|ToastedArt forfeited.
|
|win|theonlyambipomfan
|raw|ToastedArt's rating: 1070 → 1055(-15 for losing)
|raw|theonlyambipomfan's rating: 1169 → 1187(+18 for winning)
