|j|☆pentagonfoot
|j|☆landypandy
|html|pentagonfootlandypandy    
|uhtml|bestof|Game 2 of a best-of-3
|t:|1757721438
|gametype|doubles
|player|p1|pentagonfoot|caitlin|1204
|player|p2|landypandy|supernerd|1229
|gen|9
|tier|[Gen 9] VGC 2025 Reg H (Bo3)
|rated|
|rule|Species Clause: Limit one of each Pokémon
|rule|Item Clause: Limit 1 of each item
|clearpoke
|poke|p1|Hatterene, L50, F|
|poke|p1|Indeedee-F, L50, F|
|poke|p1|Torkoal, L50, M|
|poke|p1|Ursaluna, L50, F|
|poke|p1|Gallade, L50, M|
|poke|p1|Maushold, L50|
|poke|p2|Pelipper, L50, M|
|poke|p2|Basculegion, L50, M|
|poke|p2|Archaludon, L50, M|
|poke|p2|Sneasler, L50, M|
|poke|p2|Indeedee, L50, M|
|poke|p2|Amoonguss, L50, M|
|teampreview|4
|showteam|p1|Hatterene||CovertCloak|MagicBounce|ExpandingForce,DazzlingGleam,TeraBlast,TrickRoom|||F|||50|,,,,,Fire]Indeedee-F||PsychicSeed|PsychicSurge|Psychic,FollowMe,HelpingHand,TrickRoom|||F|||50|,,,,,Water]Torkoal||ChoiceSpecs|Drought|Eruption,HeatWave,EarthPower,WeatherBall|||M|||50|,,,,,Fire]Ursaluna||FlameOrb|Guts|Facade,Earthquake,HeadlongRush,Protect|||F|||50|,,,,,Ghost]Gallade||ClearAmulet|Sharpness|SacredSword,PsychoCut,WideGuard,TrickRoom|||M|||50|,,,,,Grass]Maushold||WideLens|Technician|PopulationBomb,FollowMe,Taunt,Protect||||||50|,,,,,Poison
|showteam|p2|Pelipper||FocusSash|Drizzle|Hurricane,WeatherBall,Tailwind,Protect|||M|||50|,,,,,Stellar]Basculegion||LifeOrb|SwiftSwim|WaveCrash,LastRespects,AquaJet,Protect|||M|||50|,,,,,Water]Archaludon||AssaultVest|Stamina|DracoMeteor,FlashCannon,ElectroShot,BodyPress|||M|||50|,,,,,Grass]Sneasler||PsychicSeed|Unburden|DireClaw,CloseCombat,ThroatChop,Protect|||M|||50|,,,,,Dark]Indeedee||ChoiceScarf|PsychicSurge|ExpandingForce,DazzlingGleam,TeraBlast,Trick|||M|||50|,,,,,Psychic]Amoonguss||SitrusBerry|Regenerator|PollenPuff,RagePowder,ClearSmog,Spore|||M|||50|,,,,,Psychic
|inactive|Battle timer is ON: inactive players will automatically lose when time's up. (requested by pentagonfoot)
|
|t:|1757721456
|teamsize|p1|4
|teamsize|p2|4
|start
|switch|p1a: Catford Bridge|Indeedee-F, L50, F|100/100
|switch|p1b: Slade Green|Gallade, L50, M|100/100
|switch|p2a: Pelipper|Pelipper, L50, M, shiny|100/100
|switch|p2b: Basculegion|Basculegion, L50, M, shiny|100/100
|-weather|RainDance|[from] ability: Drizzle|[of] p2a: Pelipper
|-fieldstart|move: Psychic Terrain|[from] ability: Psychic Surge|[of] p1a: Catford Bridge
|-enditem|p1a: Catford Bridge|Psychic Seed
|-boost|p1a: Catford Bridge|spd|1|[from] item: Psychic Seed
|turn|1
|
|t:|1757721476
|switch|p2a: Amoonguss|Amoonguss, L50, M, shiny|100/100
|-terastallize|p1a: Catford Bridge|Water
|move|p1a: Catford Bridge|Follow Me|p1a: Catford Bridge
|-singleturn|p1a: Catford Bridge|move: Follow Me
|move|p2b: Basculegion|Wave Crash|p1a: Catford Bridge
|-resisted|p1a: Catford Bridge
|-damage|p1a: Catford Bridge|43/100
|-damage|p2b: Basculegion|84/100|[from] Recoil
|-damage|p2b: Basculegion|74/100|[from] item: Life Orb
|move|p1b: Slade Green|Trick Room|p1b: Slade Green
|-fieldstart|move: Trick Room|[of] p1b: Slade Green
|
|-weather|RainDance|[upkeep]
|upkeep
|turn|2
|inactive|pentagonfoot has 30 seconds left.
|
|t:|1757721502
|-terastallize|p2a: Amoonguss|Psychic
|move|p2b: Basculegion|Protect|p2b: Basculegion
|-singleturn|p2b: Basculegion|Protect
|move|p1a: Catford Bridge|Follow Me|p1a: Catford Bridge
|-singleturn|p1a: Catford Bridge|move: Follow Me
|move|p2a: Amoonguss|Spore|p1a: Catford Bridge
|-status|p1a: Catford Bridge|slp|[from] move: Spore
|move|p1b: Slade Green|Psycho Cut|p2b: Basculegion
|-activate|p2b: Basculegion|move: Protect
|
|-weather|RainDance|[upkeep]
|upkeep
|turn|3
|
|t:|1757721521
|switch|p1a: Hayes|Ursaluna, L50, F|100/100
|move|p2a: Amoonguss|Spore|p1b: Slade Green
|-status|p1b: Slade Green|slp|[from] move: Spore
|cant|p1b: Slade Green|slp
|move|p2b: Basculegion|Wave Crash|p1b: Slade Green
|-damage|p1b: Slade Green|0 fnt
|faint|p1b: Slade Green
|-damage|p2b: Basculegion|45/100|[from] Recoil
|-damage|p2b: Basculegion|36/100|[from] item: Life Orb
|
|-weather|RainDance|[upkeep]
|-status|p1a: Hayes|brn|[from] item: Flame Orb
|upkeep
|
|t:|1757721535
|switch|p1b: Sundridge Park|Torkoal, L50, M|100/100
|-weather|SunnyDay|[from] ability: Drought|[of] p1b: Sundridge Park
|turn|4
|
|t:|1757721551
|switch|p2a: Archaludon|Archaludon, L50, M, shiny|100/100
|move|p2b: Basculegion|Protect|p2b: Basculegion
|-singleturn|p2b: Basculegion|Protect
|move|p1b: Sundridge Park|Heat Wave|p2a: Archaludon|[spread] 
|-activate|p2b: Basculegion|move: Protect
|-miss|p1b: Sundridge Park|p2a: Archaludon
|move|p1a: Hayes|Facade|p2a: Archaludon
|-resisted|p2a: Archaludon
|-damage|p2a: Archaludon|58/100
|-ability|p2a: Archaludon|Stamina|boost
|-boost|p2a: Archaludon|def|1
|
|-weather|SunnyDay|[upkeep]
|-damage|p1a: Hayes|95/100 brn|[from] brn
|upkeep
|turn|5
|
|t:|1757721572
|switch|p1b: Catford Bridge|Indeedee-F, L50, F, tera:Water|43/100 slp
|switch|p2b: Pelipper|Pelipper, L50, M, shiny|100/100
|-weather|RainDance|[from] ability: Drizzle|[of] p2b: Pelipper
|move|p1a: Hayes|Earthquake|p2b: Pelipper|[spread] p1b,p2a
|-immune|p2b: Pelipper
|-supereffective|p2a: Archaludon
|-damage|p1b: Catford Bridge|0 fnt
|-damage|p2a: Archaludon|0 fnt
|faint|p1b: Catford Bridge
|faint|p2a: Archaludon
|
|-weather|RainDance|[upkeep]
|-damage|p1a: Hayes|89/100 brn|[from] brn
|-fieldend|move: Trick Room
|-fieldend|move: Psychic Terrain
|upkeep
|
|t:|1757721596
|switch|p2a: Basculegion|Basculegion, L50, M, shiny|36/100
|switch|p1b: Sundridge Park|Torkoal, L50, M|100/100
|-weather|SunnyDay|[from] ability: Drought|[of] p1b: Sundridge Park
|turn|6
|
|t:|1757721616
|switch|p2b: Amoonguss|Amoonguss, L50, M, shiny, tera:Psychic|100/100
|move|p2a: Basculegion|Protect|p2a: Basculegion
|-singleturn|p2a: Basculegion|Protect
|move|p1a: Hayes|Facade|p2b: Amoonguss
|-damage|p2b: Amoonguss|0 fnt
|faint|p2b: Amoonguss
|move|p1b: Sundridge Park|Weather Ball|p2a: Basculegion
|-activate|p2a: Basculegion|move: Protect
|
|-weather|SunnyDay|[upkeep]
|-damage|p1a: Hayes|83/100 brn|[from] brn
|upkeep
|
|t:|1757721631
|switch|p2b: Pelipper|Pelipper, L50, M, shiny|100/100
|-weather|RainDance|[from] ability: Drizzle|[of] p2b: Pelipper
|turn|7
|
|t:|1757721639
|move|p2a: Basculegion|Wave Crash|p1b: Sundridge Park
|-supereffective|p1b: Sundridge Park
|-damage|p1b: Sundridge Park|0 fnt
|faint|p1b: Sundridge Park
|-damage|p2a: Basculegion|6/100|[from] Recoil
|-damage|p2a: Basculegion|0 fnt|[from] item: Life Orb
|faint|p2a: Basculegion
|move|p2b: Pelipper|Weather Ball|p1a: Hayes
|-supereffective|p1a: Hayes
|-damage|p1a: Hayes|0 fnt
|faint|p1a: Hayes
|
|win|landypandy
|raw|pentagonfoot's rating: 1204 → 1181(-23 for losing)
|raw|landypandy's rating: 1229 → 1252(+23 for winning)
|l|☆pentagonfoot
|player|p1|
|j|☆pentagonfoot
|player|p1|pentagonfoot|caitlin|
