|j|☆godofsohai
|j|☆fddxchhrdf
|html|godofsohaifddxchhrdf    
|uhtml|bestof|Game 1 of a best-of-3
|t:|1786110246
|gametype|doubles
|player|p1|godofsohai|169|1045
|player|p2|fddxchhrdf|101|1000
|gen|9
|tier|[Gen 9 Champions] VGC 2026 Reg M-B (Bo3)
|rated|
|rule|Species Clause: Limit one of each Pokémon
|rule|Item Clause: Limit 1 of each item
|clearpoke
|poke|p1|Scolipede, L50, M|
|poke|p1|Delphox, L50, F|
|poke|p1|Incineroar, L50, M|
|poke|p1|Sinistcha, L50|
|poke|p1|Sneasler, L50, F|
|poke|p1|Kingambit, L50, M|
|poke|p2|Raichu, L50, M|
|poke|p2|Staraptor, L50, F|
|poke|p2|Kingambit, L50, M|
|poke|p2|Arcanine-Hisui, L50, F|
|poke|p2|Farigiraf, L50, M|
|poke|p2|Sylveon, L50, F|
|teampreview|4
|showteam|p1|Scolipede||Scolipite|SpeedBoost|LeechLife,RockSlide,SwordsDance,Protect|Adamant||M|||50|]Delphox||Delphoxite|Blaze|HeatWave,Psychic,NastyPlot,Protect|Timid||F|||50|]Incineroar||PasshoBerry|Intimidate|FlareBlitz,DarkestLariat,FakeOut,PartingShot|Impish||M|||50|]Sinistcha||SitrusBerry|Hospitality|MatchaGotcha,RagePowder,TrickRoom,Protect|Bold|||||50|]Sneasler||FocusSash|PoisonTouch|CloseCombat,PoisonJab,FakeOut,Coaching|Jolly||F|||50|]Kingambit||LifeOrb|Defiant|SuckerPunch,KowtowCleave,SwordsDance,Protect|Adamant||M|||50|
|showteam|p2|Raichu||RaichuniteY|Static|ZapCannon,FocusBlast,FakeOut,Protect|Timid||M|||50|]Staraptor||Staraptite|Intimidate|DualWingbeat,Tailwind,CloseCombat,Protect|Jolly||F|||50|]Kingambit||LifeOrb|Defiant|SuckerPunch,KowtowCleave,SwordsDance,Protect|Adamant||M|||50|]Arcanine-Hisui||FocusSash|RockHead|HeadSmash,FlareBlitz,Protect,ExtremeSpeed|Jolly||F|||50|]Farigiraf||SitrusBerry|ArmorTail|Psychic,HelpingHand,TrickRoom,Protect|Calm||M|||50|]Sylveon||FairyFeather|Pixilate|QuickAttack,HyperBeam,HyperVoice,Detect|Modest||F|||50|
|
|t:|1786110327
|teamsize|p1|4
|teamsize|p2|4
|start
|switch|p1a: Incineroar|Incineroar, L50, M|100/100
|switch|p1b: Scolipede|Scolipede, L50, M|100/100
|switch|p2a: Staraptor|Staraptor, L50, F|100/100
|switch|p2b: Arcanine|Arcanine-Hisui, L50, F|100/100
|-ability|p2a: Staraptor|Intimidate|boost
|-unboost|p1a: Incineroar|atk|1
|-unboost|p1b: Scolipede|atk|1
|-ability|p1a: Incineroar|Intimidate|boost
|-unboost|p2a: Staraptor|atk|1
|-unboost|p2b: Arcanine|atk|1
|turn|1
|inactive|Battle timer is ON: inactive players will automatically lose when time's up. (requested by godofsohai)
|
|t:|1786110349
|switch|p2a: Farigiraf|Farigiraf, L50, M|100/100
|move|p1b: Scolipede|Protect|p1b: Scolipede
|-singleturn|p1b: Scolipede|Protect
|move|p1a: Incineroar|Fake Out||[still]
|cant|p2a: Farigiraf|ability: Armor Tail|Fake Out|[of] p1a: Incineroar
|move|p2b: Arcanine|Head Smash|p1a: Incineroar
|-supereffective|p1a: Incineroar|1
|-damage|p1a: Incineroar|28/100
|
|-ability|p1b: Scolipede|Speed Boost|boost
|-boost|p1b: Scolipede|spe|1
|upkeep
|turn|2
|inactive|godofsohai has 30 seconds left.
|inactive|godofsohai has 20 seconds left.
|
|t:|1786110388
|switch|p1a: Sinistcha|Sinistcha, L50|100/100
|detailschange|p1b: Scolipede|Scolipede-Mega, L50, M
|-mega|p1b: Scolipede|Scolipede|Scolipite
|move|p1b: Scolipede|Swords Dance|p1b: Scolipede
|-boost|p1b: Scolipede|atk|2
|move|p2b: Arcanine|Head Smash|p1a: Sinistcha|[miss]
|-miss|p2b: Arcanine|p1a: Sinistcha
|move|p2a: Farigiraf|Psychic|p1b: Scolipede
|-supereffective|p1b: Scolipede|1
|-damage|p1b: Scolipede|23/100
|
|upkeep
|turn|3
|inactive|fddxchhrdf has 30 seconds left.
|
|t:|1786110413
|move|p1a: Sinistcha|Rage Powder|p1a: Sinistcha
|-singleturn|p1a: Sinistcha|move: Rage Powder
|move|p1b: Scolipede|Leech Life|p2a: Farigiraf
|-supereffective|p2a: Farigiraf|1
|-damage|p2a: Farigiraf|0 fnt
|-heal|p1b: Scolipede|91/100|[from] drain|[of] p2a: Farigiraf
|faint|p2a: Farigiraf
|move|p2b: Arcanine|Flare Blitz|p1a: Sinistcha
|-supereffective|p1a: Sinistcha|1
|-damage|p1a: Sinistcha|39/100
|-enditem|p1a: Sinistcha|Sitrus Berry|[eat]
|-heal|p1a: Sinistcha|64/100|[from] item: Sitrus Berry
|
|upkeep
|
|t:|1786110429
|switch|p2a: Staraptor|Staraptor, L50, F|100/100
|-ability|p2a: Staraptor|Intimidate|boost
|-unboost|p1a: Sinistcha|atk|1
|-unboost|p1b: Scolipede|atk|1
|turn|4
|
|t:|1786110449
|move|p2a: Staraptor|Protect|p2a: Staraptor
|-singleturn|p2a: Staraptor|Protect
|move|p1b: Scolipede|Protect|p1b: Scolipede
|-singleturn|p1b: Scolipede|Protect
|move|p2b: Arcanine|Flare Blitz|p1a: Sinistcha
|-supereffective|p1a: Sinistcha|1
|-damage|p1a: Sinistcha|2/100
|move|p1a: Sinistcha|Matcha Gotcha|p2a: Staraptor|[spread] p2b
|-activate|p2a: Staraptor|move: Protect
|-damage|p2b: Arcanine|70/100
|-heal|p1a: Sinistcha|16/100|[from] drain|[of] p2b: Arcanine
|
|upkeep
|turn|5
|inactive|fddxchhrdf has 30 seconds left.
|
|t:|1786110480
|switch|p2a: Kingambit|Kingambit, L50, M|100/100
|move|p1a: Sinistcha|Rage Powder|p1a: Sinistcha
|-singleturn|p1a: Sinistcha|move: Rage Powder
|move|p2b: Arcanine|Flare Blitz|p1a: Sinistcha
|-supereffective|p1a: Sinistcha|1
|-damage|p1a: Sinistcha|0 fnt
|faint|p1a: Sinistcha
|move|p1b: Scolipede|Rock Slide|p2b: Arcanine|[spread] p2a,p2b
|-resisted|p2a: Kingambit|1
|-supereffective|p2b: Arcanine|1
|-damage|p2a: Kingambit|93/100
|-damage|p2b: Arcanine|23/100
|
|upkeep
|
|t:|1786110491
|switch|p1a: Sneasler|Sneasler, L50, F|100/100
|turn|6
|inactive|godofsohai has 30 seconds left.
|
|t:|1786110518
|move|p1b: Scolipede|Protect|p1b: Scolipede
|-singleturn|p1b: Scolipede|Protect
|move|p2a: Kingambit|Protect|p2a: Kingambit
|-singleturn|p2a: Kingambit|Protect
|move|p1a: Sneasler|Coaching|p1b: Scolipede
|-boost|p1b: Scolipede|atk|1
|-boost|p1b: Scolipede|def|1
|move|p2b: Arcanine|Flare Blitz|p1b: Scolipede
|-activate|p1b: Scolipede|move: Protect
|
|upkeep
|turn|7
|
|t:|1786110538
|move|p2a: Kingambit|Sucker Punch|p1a: Sneasler
|-resisted|p1a: Sneasler|1
|-damage|p1a: Sneasler|58/100
|-damage|p2a: Kingambit|83/100|[from] item: Life Orb
|move|p1a: Sneasler|Close Combat|p2a: Kingambit
|-supereffective|p2a: Kingambit|2
|-damage|p2a: Kingambit|0 fnt
|-unboost|p1a: Sneasler|def|1
|-unboost|p1a: Sneasler|spd|1
|faint|p2a: Kingambit
|move|p2b: Arcanine|Head Smash|p1b: Scolipede|[miss]
|-miss|p2b: Arcanine|p1b: Scolipede
|move|p1b: Scolipede|Rock Slide|p2b: Arcanine
|-supereffective|p2b: Arcanine|1
|-damage|p2b: Arcanine|0 fnt
|faint|p2b: Arcanine
|
|upkeep
|
|t:|1786110556
|switch|p2b: Staraptor|Staraptor, L50, F|100/100
|-ability|p2b: Staraptor|Intimidate|boost
|-unboost|p1a: Sneasler|atk|1
|-unboost|p1b: Scolipede|atk|1
|turn|8
|
|t:|1786110564
|detailschange|p2b: Staraptor|Staraptor-Mega, L50, F
|-mega|p2b: Staraptor|Staraptor|Staraptite
|move|p1b: Scolipede|Protect|p1b: Scolipede
|-singleturn|p1b: Scolipede|Protect
|move|p1a: Sneasler|Coaching|p1b: Scolipede
|-boost|p1b: Scolipede|atk|1
|-boost|p1b: Scolipede|def|1
|move|p2b: Staraptor|Dual Wingbeat|p1a: Sneasler
|-supereffective|p1a: Sneasler|1
|-damage|p1a: Sneasler|0 fnt
|faint|p1a: Sneasler
|-hitcount|p1: Sneasler|1
|
|upkeep
|
|t:|1786110574
|switch|p1a: Incineroar|Incineroar, L50, M|28/100
|-ability|p1a: Incineroar|Intimidate|boost
|-boost|p2b: Staraptor|atk|1
|turn|9
|
|t:|1786110581
|move|p1a: Incineroar|Fake Out|p2b: Staraptor
|-damage|p2b: Staraptor|88/100
|cant|p2b: Staraptor|flinch
|move|p1b: Scolipede|Rock Slide|p2b: Staraptor
|-damage|p2b: Staraptor|39/100
|
|upkeep
|turn|10
|
|t:|1786110591
|move|p2b: Staraptor|Protect|p2b: Staraptor
|-singleturn|p2b: Staraptor|Protect
|move|p1b: Scolipede|Rock Slide|p2b: Staraptor
|-activate|p2b: Staraptor|move: Protect
|move|p1a: Incineroar|Flare Blitz|p2b: Staraptor
|-activate|p2b: Staraptor|move: Protect
|
|upkeep
|turn|11
|
|t:|1786110602
|move|p2b: Staraptor|Dual Wingbeat|p1b: Scolipede
|-supereffective|p1b: Scolipede|1
|-damage|p1b: Scolipede|65/100
|-supereffective|p1b: Scolipede|1
|-damage|p1b: Scolipede|40/100
|-hitcount|p1b: Scolipede|2
|move|p1b: Scolipede|Rock Slide|p2b: Staraptor
|-damage|p2b: Staraptor|0 fnt
|faint|p2b: Staraptor
|
|win|godofsohai
|raw|godofsohai's rating: 1045 → 1074(+29 for winning)
|raw|fddxchhrdf's rating: 1000 → 1000(+0 for losing)
|l|☆fddxchhrdf
|player|p2|
