|j|☆pardogance
|j|☆dandetheheartless
|html|pardogancedandetheheartless    
|uhtml|bestof|Game 2 of a best-of-3
|t:|1782761491
|gametype|doubles
|player|p1|pardogance|janitor|1413
|player|p2|dandetheheartless|winona|1469
|gen|9
|tier|[Gen 9 Champions] VGC 2026 Reg M-B (Bo3)
|rated|
|rule|Species Clause: Limit one of each Pokémon
|rule|Item Clause: Limit 1 of each item
|clearpoke
|poke|p1|Kingambit, L50, M|
|poke|p1|Floette-Eternal, L50, F|
|poke|p1|Sneasler, L50, M|
|poke|p1|Incineroar, L50, M|
|poke|p1|Garchomp, L50, M|
|poke|p1|Sinistcha, L50|
|poke|p2|Raichu, L50, F|
|poke|p2|Gholdengo, L50|
|poke|p2|Basculegion, L50, M|
|poke|p2|Whimsicott, L50, M|
|poke|p2|Incineroar, L50, M|
|poke|p2|Ninetales-Alola, L50, M|
|teampreview|4
|showteam|p1|Kingambit||ChopleBerry|Defiant|KowtowCleave,Protect,SuckerPunch,IronHead|Adamant||M|||50|]Floette-Eternal||Floettite|FlowerVeil|DazzlingGleam,DrainingKiss,Protect,CalmMind|Timid||F|||50|]Sneasler||FocusSash|Unburden|FakeOut,DireClaw,CloseCombat,Coaching|Jolly||M|||50|]Incineroar||Leftovers|Intimidate|FakeOut,FlareBlitz,PartingShot,HelpingHand|Sassy||M|||50|]Garchomp||Garchompite|RoughSkin|Earthquake,StompingTantrum,RockSlide,Protect|Adamant||M|||50|]Sinistcha||SitrusBerry|Hospitality|MatchaGotcha,Protect,TrickRoom,RagePowder|Bold|||||50|
|showteam|p2|Raichu||RaichuniteY|LightningRod|ZapCannon,FocusBlast,FakeOut,Protect|Timid||F|||50|]Gholdengo||LifeOrb|GoodasGold|MakeItRain,ShadowBall,NastyPlot,Protect|Modest|||||50|]Basculegion||MysticWater|Adaptability|AquaJet,WaveCrash,LastRespects,Protect|Adamant||M|||50|]Whimsicott||FocusSash|Prankster|Moonblast,Tailwind,Encore,Protect|Timid||M|||50|]Incineroar||SitrusBerry|Intimidate|FakeOut,PartingShot,ThroatChop,FlareBlitz|Impish||M|||50|]Ninetales-Alola||NeverMeltIce|SnowWarning|Blizzard,AuroraVeil,FreezeDry,Protect|Timid||M|||50|
|inactive|Battle timer is ON: inactive players will automatically lose when time's up. (requested by dandetheheartless)
|inactive|pardogance also wants the timer to be on.
|c|☆pardogance|SMETTILA DI FARE LE PORCODDIATE
|inactive|dandetheheartless has 60 seconds left.
|
|t:|1782761524
|teamsize|p1|4
|teamsize|p2|4
|start
|switch|p1a: Kingambit|Kingambit, L50, M|100/100
|switch|p1b: Sneasler|Sneasler, L50, M|100/100
|switch|p2a: Rai Y|Raichu, L50, F|100/100
|switch|p2b: Ice Cold|Ninetales-Alola, L50, M|100/100
|-weather|Snowscape|[from] ability: Snow Warning|[of] p2b: Ice Cold
|turn|1
|
|t:|1782761532
|detailschange|p2a: Rai Y|Raichu-Mega-Y, L50, F
|-mega|p2a: Rai Y|Raichu|Raichunite Y
|move|p2a: Rai Y|Fake Out|p1b: Sneasler
|-damage|p1b: Sneasler|86/100
|cant|p1b: Sneasler|flinch
|move|p2b: Ice Cold|Aurora Veil|p2b: Ice Cold
|-sidestart|p2: dandetheheartless|move: Aurora Veil
|move|p1a: Kingambit|Iron Head|p2b: Ice Cold
|-supereffective|p2b: Ice Cold|2
|-damage|p2b: Ice Cold|0 fnt
|faint|p2b: Ice Cold
|
|-weather|Snowscape|[upkeep]
|upkeep
|
|t:|1782761539
|switch|p2b: Basculegion|Basculegion, L50, M|100/100
|turn|2
|
|t:|1782761558
|switch|p1b: Incineroar|Incineroar, L50, M|100/100
|-ability|p1b: Incineroar|Intimidate|boost
|-unboost|p2a: Rai Y|atk|1
|-unboost|p2b: Basculegion|atk|1
|move|p2a: Rai Y|Focus Blast|p1a: Kingambit
|-supereffective|p1a: Kingambit|2
|-enditem|p1a: Kingambit|Chople Berry|[eat]
|-enditem|p1a: Kingambit|Chople Berry|[weaken]
|-damage|p1a: Kingambit|24/100
|-unboost|p1a: Kingambit|spd|1
|-ability|p1a: Kingambit|Defiant|boost
|-boost|p1a: Kingambit|atk|2
|move|p2b: Basculegion|Last Respects|p1b: Incineroar
|-resisted|p1b: Incineroar|1
|-damage|p1b: Incineroar|80/100
|move|p1a: Kingambit|Kowtow Cleave|p2b: Basculegion
|-supereffective|p2b: Basculegion|1
|-damage|p2b: Basculegion|0 fnt
|faint|p2b: Basculegion
|
|-weather|Snowscape|[upkeep]
|-heal|p1b: Incineroar|86/100|[from] item: Leftovers
|upkeep
|
|t:|1782761560
|switch|p2b: Flair Expert|Incineroar, L50, M|100/100
|-ability|p2b: Flair Expert|Intimidate|boost
|-unboost|p1a: Kingambit|atk|1
|-ability|p1a: Kingambit|Defiant|boost
|-boost|p1a: Kingambit|atk|2
|-unboost|p1b: Incineroar|atk|1
|turn|3
|
|t:|1782761576
|switch|p1b: Sneasler|Sneasler, L50, M|86/100
|move|p1a: Kingambit|Protect|p1a: Kingambit
|-singleturn|p1a: Kingambit|Protect
|move|p2b: Flair Expert|Fake Out|p1a: Kingambit
|-activate|p1a: Kingambit|move: Protect
|move|p2a: Rai Y|Focus Blast|p1b: Sneasler
|-resisted|p1b: Sneasler|1
|-crit|p1b: Sneasler
|-damage|p1b: Sneasler|41/100
|
|-weather|Snowscape|[upkeep]
|upkeep
|turn|4
|
|t:|1782761585
|move|p1b: Sneasler|Fake Out|p2b: Flair Expert
|-damage|p2b: Flair Expert|94/100
|move|p1a: Kingambit|Sucker Punch|p2a: Rai Y
|-damage|p2a: Rai Y|0 fnt
|faint|p2a: Rai Y
|cant|p2b: Flair Expert|flinch
|
|-weather|Snowscape|[upkeep]
|upkeep
|turn|5
|-message|dandetheheartless forfeited.
|
|win|pardogance
|l|☆dandetheheartless
|player|p2|
