|j|☆PikaTROD
|j|☆AllHailCowMoo
|html|PikaTRODAllHailCowMoo    
|uhtml|bestof|Game 2 of a best-of-3
|t:|1757702081
|gametype|doubles
|player|p1|PikaTROD|266|1508
|player|p2|AllHailCowMoo|birdkeeper-gen4dp|1597
|gen|9
|tier|[Gen 9] VGC 2025 Reg H (Bo3)
|rated|
|rule|Species Clause: Limit one of each Pokémon
|rule|Item Clause: Limit 1 of each item
|clearpoke
|poke|p1|Kingambit, L50, F|
|poke|p1|Primarina, L50, F|
|poke|p1|Sneasler, L50, M|
|poke|p1|Magmar, L50, F|
|poke|p1|Rillaboom, L50, M|
|poke|p1|Dragapult, L50, M|
|poke|p2|Whimsicott, L50, F|
|poke|p2|Smeargle, L50, M|
|poke|p2|Arcanine-Hisui, L50, F|
|poke|p2|Gholdengo, L50|
|poke|p2|Rillaboom, L50, M|
|poke|p2|Kommo-o, L50, F|
|teampreview|4
|showteam|p1|Kingambit||BlackGlasses|Defiant|KowtowCleave,SuckerPunch,SwordsDance,Protect|||F|||50|,,,,,Dark]Primarina||SitrusBerry|LiquidVoice|HyperVoice,Moonblast,Haze,Protect|||F|||50|,,,,,Water]Sneasler||FocusSash|Unburden|DireClaw,CloseCombat,FakeOut,Protect|||M|||50|,,,,,Stellar]Magmar||Eviolite|VitalSpirit|Overheat,WillOWisp,FollowMe,Protect|||F|||50|,,,,,Ghost]Rillaboom||AssaultVest|GrassySurge|WoodHammer,GrassyGlide,HighHorsepower,FakeOut|||M|||50|,,,,,Fire]Dragapult||ChoiceBand|ClearBody|DragonDarts,PhantomForce,Outrage,Uturn|||M|||50|,,,,,Dragon
|showteam|p2|Whimsicott||CovertCloak|Prankster|Moonblast,Tailwind,Encore,FakeTears|||F|||50|,,,,,Electric]Smeargle||FocusSash|Moody|Spore,Decorate,FollowMe,SpikyShield|||M|||50|,,,,,Ghost]Arcanine-Hisui||ClearAmulet|Intimidate|FlareBlitz,RockSlide,ExtremeSpeed,Protect|||F|||50|,,,,,Ghost]Gholdengo||MetalCoat|GoodasGold|MakeItRain,ShadowBall,NastyPlot,Protect||||||50|,,,,,Water]Rillaboom||AssaultVest|GrassySurge|WoodHammer,GrassyGlide,HighHorsepower,FakeOut|||M|||50|,,,,,Ghost]Kommo-o||LifeOrb|Soundproof|ClangingScales,AuraSphere,Flamethrower,Protect|||F|||50|,,,,,Fire
|inactive|Battle timer is ON: inactive players will automatically lose when time's up. (requested by AllHailCowMoo)
|inactive|PikaTROD has 60 seconds left.
|
|t:|1757702118
|teamsize|p1|4
|teamsize|p2|4
|start
|switch|p1a: Magmar|Magmar, L50, F|100/100
|switch|p1b: Dragapult|Dragapult, L50, M|100/100
|switch|p2a: Whim$|Whimsicott, L50, F, shiny|100/100
|switch|p2b: Steely Dan|Gholdengo, L50|100/100
|turn|1
|
|t:|1757702133
|switch|p1b: Kingambit|Kingambit, L50, F|100/100
|move|p2b: Steely Dan|Protect|p2b: Steely Dan
|-singleturn|p2b: Steely Dan|Protect
|move|p2a: Whim$|Tailwind|p2a: Whim$
|-sidestart|p2: AllHailCowMoo|move: Tailwind
|move|p1a: Magmar|Overheat|p2a: Whim$
|-supereffective|p2a: Whim$
|-damage|p2a: Whim$|0 fnt
|-unboost|p1a: Magmar|spa|2
|faint|p2a: Whim$
|
|upkeep
|
|t:|1757702142
|switch|p2a: Kommodo-Moʻo|Kommo-o, L50, F, shiny|100/100
|turn|2
|
|t:|1757702165
|-terastallize|p2b: Steely Dan|Water
|move|p1a: Magmar|Follow Me|p1a: Magmar
|-singleturn|p1a: Magmar|move: Follow Me
|move|p2a: Kommodo-Moʻo|Clanging Scales|p1a: Magmar|[spread] p1a,p1b
|-resisted|p1b: Kingambit
|-damage|p1a: Magmar|61/100
|-damage|p1b: Kingambit|75/100
|-unboost|p2a: Kommodo-Moʻo|def|1
|-damage|p2a: Kommodo-Moʻo|91/100|[from] item: Life Orb
|move|p2b: Steely Dan|Nasty Plot|p2b: Steely Dan
|-boost|p2b: Steely Dan|spa|2
|move|p1b: Kingambit|Swords Dance|p1b: Kingambit
|-boost|p1b: Kingambit|atk|2
|
|upkeep
|turn|3
|inactive|AllHailCowMoo has 30 seconds left.
|inactive|AllHailCowMoo has 20 seconds left.
|
|t:|1757702202
|switch|p2a: Leonardo|Smeargle, L50, M|100/100
|move|p1a: Magmar|Protect|p1a: Magmar
|-singleturn|p1a: Magmar|Protect
|move|p1b: Kingambit|Protect|p1b: Kingambit
|-singleturn|p1b: Kingambit|Protect
|move|p2b: Steely Dan|Shadow Ball|p1a: Magmar
|-activate|p1a: Magmar|move: Protect
|
|-ability|p2a: Leonardo|Moody|boost
|-boost|p2a: Leonardo|atk|2
|-unboost|p2a: Leonardo|spa|1
|upkeep
|turn|4
|inactive|PikaTROD has 30 seconds left.
|inactive|AllHailCowMoo has 30 seconds left.
|inactive|PikaTROD has 20 seconds left.
|
|t:|1757702240
|move|p2a: Leonardo|Follow Me|p2a: Leonardo
|-singleturn|p2a: Leonardo|move: Follow Me
|move|p1a: Magmar|Follow Me|p1a: Magmar
|-singleturn|p1a: Magmar|move: Follow Me
|move|p1b: Kingambit|Sucker Punch||[still]
|-fail|p1b: Kingambit
|move|p2b: Steely Dan|Shadow Ball|p1a: Magmar
|-damage|p1a: Magmar|2/100
|
|-sideend|p2: AllHailCowMoo|move: Tailwind
|-ability|p2a: Leonardo|Moody|boost
|-boost|p2a: Leonardo|spa|2
|-unboost|p2a: Leonardo|def|1
|upkeep
|turn|5
|inactive|AllHailCowMoo has 30 seconds left.
|inactive|AllHailCowMoo has 20 seconds left.
|
|t:|1757702276
|move|p1a: Magmar|Protect|p1a: Magmar
|-singleturn|p1a: Magmar|Protect
|move|p2a: Leonardo|Follow Me|p2a: Leonardo
|-singleturn|p2a: Leonardo|move: Follow Me
|move|p1b: Kingambit|Sucker Punch||[still]
|-fail|p1b: Kingambit
|move|p2b: Steely Dan|Make It Rain|p1a: Magmar|[spread] p1b
|-activate|p1a: Magmar|move: Protect
|-resisted|p1b: Kingambit
|-damage|p1b: Kingambit|25/100
|-unboost|p2b: Steely Dan|spa|1
|
|-ability|p2a: Leonardo|Moody|boost
|-boost|p2a: Leonardo|spd|2
|-unboost|p2a: Leonardo|spa|1
|upkeep
|turn|6
|
|t:|1757702297
|move|p1b: Kingambit|Protect|p1b: Kingambit
|-singleturn|p1b: Kingambit|Protect
|move|p2a: Leonardo|Follow Me|p2a: Leonardo
|-singleturn|p2a: Leonardo|move: Follow Me
|move|p2b: Steely Dan|Make It Rain|p1b: Kingambit|[spread] p1a
|-activate|p1b: Kingambit|move: Protect
|-resisted|p1a: Magmar
|-damage|p1a: Magmar|0 fnt
|-unboost|p2b: Steely Dan|spa|1
|faint|p1a: Magmar
|
|-ability|p2a: Leonardo|Moody|boost
|-boost|p2a: Leonardo|atk|2
|-unboost|p2a: Leonardo|def|1
|upkeep
|
|t:|1757702308
|switch|p1a: Dragapult|Dragapult, L50, M|100/100
|turn|7
|
|t:|1757702325
|-terastallize|p1a: Dragapult|Dragon
|move|p2a: Leonardo|Spiky Shield|p2a: Leonardo
|-singleturn|p2a: Leonardo|move: Protect
|move|p2b: Steely Dan|Protect|p2b: Steely Dan
|-singleturn|p2b: Steely Dan|Protect
|move|p1a: Dragapult|Dragon Darts|p2b: Steely Dan
|-activate|p2a: Leonardo|move: Protect
|move|p1b: Kingambit|Kowtow Cleave|p2b: Steely Dan
|-activate|p2b: Steely Dan|move: Protect
|
|-ability|p2a: Leonardo|Moody|boost
|-boost|p2a: Leonardo|atk|2
|-unboost|p2a: Leonardo|spa|1
|upkeep
|turn|8
|
|t:|1757702348
|move|p1b: Kingambit|Sucker Punch|p2b: Steely Dan
|-damage|p2b: Steely Dan|3/100
|move|p1a: Dragapult|Dragon Darts|p2a: Leonardo
|-enditem|p2a: Leonardo|Focus Sash
|-damage|p2a: Leonardo|1/100
|-anim|p1a: Dragapult|Dragon Darts|p2b: Steely Dan
|-damage|p2b: Steely Dan|0 fnt
|faint|p2b: Steely Dan
|move|p2a: Leonardo|Decorate|p1a: Dragapult
|-boost|p1a: Dragapult|atk|2
|-boost|p1a: Dragapult|spa|2
|
|-ability|p2a: Leonardo|Moody|boost
|-boost|p2a: Leonardo|def|2
|-unboost|p2a: Leonardo|spe|1
|upkeep
|
|t:|1757702352
|switch|p2b: Kommodo-Moʻo|Kommo-o, L50, F, shiny|91/100
|turn|9
|c|☆AllHailCowMoo|Loool I meant to click spore 😂
|
|t:|1757702369
|move|p2a: Leonardo|Follow Me|p2a: Leonardo
|-singleturn|p2a: Leonardo|move: Follow Me
|move|p1b: Kingambit|Sucker Punch||[still]
|-fail|p1b: Kingambit
|move|p1a: Dragapult|Dragon Darts|p2a: Leonardo
|-damage|p2a: Leonardo|0 fnt
|faint|p2a: Leonardo
|move|p2b: Kommodo-Moʻo|Clanging Scales|p1a: Dragapult|[spread] p1a,p1b
|-supereffective|p1a: Dragapult
|-resisted|p1b: Kingambit
|-damage|p1a: Dragapult|0 fnt
|-damage|p1b: Kingambit|0 fnt
|faint|p1a: Dragapult
|faint|p1b: Kingambit
|-unboost|p2b: Kommodo-Moʻo|def|1
|-damage|p2b: Kommodo-Moʻo|82/100|[from] item: Life Orb
|
|upkeep
|c|☆PikaTROD|ahahahaha
|c|☆PikaTROD|I was like whaaaaat
|
|t:|1757702378
|switch|p1b: Primarina|Primarina, L50, F|100/100
|turn|10
|c|☆AllHailCowMoo|Yeah that wasn’t good lol
|c|☆AllHailCowMoo|damn
|c|☆AllHailCowMoo|rip in peace I guess
|
|t:|1757702393
|move|p2b: Kommodo-Moʻo|Flamethrower|p1b: Primarina
|-resisted|p1b: Primarina
|-damage|p1b: Primarina|86/100
|-damage|p2b: Kommodo-Moʻo|72/100|[from] item: Life Orb
|move|p1b: Primarina|Moonblast|p2b: Kommodo-Moʻo
|-supereffective|p2b: Kommodo-Moʻo
|-damage|p2b: Kommodo-Moʻo|0 fnt
|faint|p2b: Kommodo-Moʻo
|
|win|PikaTROD
|c|☆PikaTROD|that's what bo3 is for lol
||PikaTROD is ready for game 3.
||AllHailCowMoo is ready for game 3.
|uhtml|next|Next: Game 3 of 3
