|j|☆freudianbreath
|j|☆SelvesterTheYAK
|html|freudianbreathSelvesterTheYAK    
|uhtml|bestof|Game 2 of a best-of-3
|t:|1756535180
|gametype|doubles
|player|p1|freudianbreath|2|1096
|player|p2|SelvesterTheYAK|101|1068
|gen|9
|tier|[Gen 9] VGC 2025 Reg H (Bo3)
|rated|
|rule|Species Clause: Limit one of each Pokémon
|rule|Item Clause: Limit 1 of each item
|clearpoke
|poke|p1|Farigiraf, L50, F|
|poke|p1|Rillaboom, L50, F|
|poke|p1|Kingambit, L50, M|
|poke|p1|Dragonite, L50, M|
|poke|p1|Incineroar, L50, M|
|poke|p1|Mismagius, L50, M|
|poke|p2|Tyranitar, L50, M|
|poke|p2|Garchomp, L50, M|
|poke|p2|Gholdengo, L50|
|poke|p2|Talonflame, L50, F|
|poke|p2|Amoonguss, L50, F|
|poke|p2|Milotic, L50, M|
|teampreview|4
|showteam|p1|Farigiraf||ThroatSpray|ArmorTail|HyperVoice,Psyshock,TrickRoom,Protect|||F|||50|,,,,,Fairy]Rillaboom||AssaultVest|GrassySurge|WoodHammer,GrassyGlide,FakeOut,HighHorsepower|||F|||50|,,,,,Fire]Kingambit||SafetyGoggles|Defiant|KowtowCleave,SuckerPunch,Protect,SwordsDance|||M|||50|,,,,,Dark]Dragonite||LoadedDice|Multiscale|Protect,ScaleShot,ExtremeSpeed,StompingTantrum|||M|||50|,,,,,Steel]Incineroar||SitrusBerry|Intimidate|FakeOut,KnockOff,FlareBlitz,WillOWisp|||M|||50|,,,,,Grass]Mismagius||ChoiceSpecs|Levitate|ShadowSneak,ShadowBall,Thunderbolt,DazzlingGleam|||M|||50|,,,,,Electric
|showteam|p2|Tyranitar||AssaultVest|SandStream|RockSlide,TeraBlast,KnockOff,LowKick|||M|||50|,,,,,Flying]Garchomp||LifeOrb|SandVeil|Protect,DragonClaw,StompingTantrum,Earthquake|||M|||50|,,,,,Steel]Gholdengo||MetalCoat|GoodasGold|MakeItRain,ShadowBall,Protect,NastyPlot||||||50|,,,,,Flying]Talonflame||CovertCloak|GaleWings|BraveBird,Tailwind,WillOWisp,Taunt|||F|||50|,,,,,Ghost]Amoonguss||SitrusBerry|Regenerator|Protect,Spore,RagePowder,PollenPuff|||F|||50|,,,,,Water]Milotic||SafetyGoggles|Competitive|Haze,Protect,IcyWind,Scald|||M|||50|,,,,,Dragon
|inactive|Battle timer is ON: inactive players will automatically lose when time's up. (requested by SelvesterTheYAK)
|inactive|freudianbreath has 60 seconds left.
|
|t:|1756535301
|teamsize|p1|4
|teamsize|p2|4
|start
|switch|p1a: Incineroar|Incineroar, L50, M|100/100
|switch|p1b: Farigiraf|Farigiraf, L50, F|100/100
|switch|p2a: Tyranitar|Tyranitar, L50, M|100/100
|switch|p2b: Talonflame|Talonflame, L50, F|100/100
|-weather|Sandstorm|[from] ability: Sand Stream|[of] p2a: Tyranitar
|-ability|p1a: Incineroar|Intimidate|boost
|-unboost|p2a: Tyranitar|atk|1
|-unboost|p2b: Talonflame|atk|1
|turn|1
|inactive|freudianbreath has 30 seconds left.
|inactive|SelvesterTheYAK has 30 seconds left.
|inactive|freudianbreath has 20 seconds left.
|inactive|SelvesterTheYAK has 20 seconds left.
|inactive|freudianbreath has 15 seconds left.
|inactive|freudianbreath has 10 seconds left.
|
|t:|1756535350
|move|p1b: Farigiraf|Protect|p1b: Farigiraf
|-singleturn|p1b: Farigiraf|Protect
|move|p2b: Talonflame|Taunt|p1b: Farigiraf
|-activate|p1b: Farigiraf|move: Protect
|move|p2a: Tyranitar|Rock Slide|p1b: Farigiraf|[spread] p1a
|-activate|p1b: Farigiraf|move: Protect
|-supereffective|p1a: Incineroar
|-damage|p1a: Incineroar|60/100
|move|p1a: Incineroar|Will-O-Wisp|p2a: Tyranitar
|-status|p2a: Tyranitar|brn
|
|-weather|Sandstorm|[upkeep]
|-damage|p2b: Talonflame|95/100|[from] Sandstorm
|-damage|p1a: Incineroar|54/100|[from] Sandstorm
|-damage|p1b: Farigiraf|94/100|[from] Sandstorm
|-damage|p2a: Tyranitar|95/100 brn|[from] brn
|upkeep
|turn|2
|inactive|freudianbreath has 30 seconds left.
|inactive|SelvesterTheYAK has 30 seconds left.
|inactive|freudianbreath has 20 seconds left.
|inactive|freudianbreath has 15 seconds left.
|inactive|freudianbreath has 10 seconds left.
|
|t:|1756535400
|move|p2b: Talonflame|Taunt|p1b: Farigiraf
|-start|p1b: Farigiraf|move: Taunt
|move|p2a: Tyranitar|Knock Off|p1b: Farigiraf
|-supereffective|p1b: Farigiraf
|-damage|p1b: Farigiraf|54/100
|-enditem|p1b: Farigiraf|Throat Spray|[from] move: Knock Off|[of] p2a: Tyranitar
|move|p1a: Incineroar|Knock Off|p2a: Tyranitar
|-resisted|p2a: Tyranitar
|-damage|p2a: Tyranitar|77/100 brn
|-enditem|p2a: Tyranitar|Assault Vest|[from] move: Knock Off|[of] p1a: Incineroar
|move|p1b: Farigiraf|Hyper Voice|p2a: Tyranitar|[spread] p2a,p2b
|-resisted|p2a: Tyranitar
|-damage|p2a: Tyranitar|68/100 brn
|-damage|p2b: Talonflame|50/100
|
|-weather|Sandstorm|[upkeep]
|-damage|p2b: Talonflame|44/100|[from] Sandstorm
|-damage|p1a: Incineroar|48/100|[from] Sandstorm
|-damage|p1b: Farigiraf|47/100|[from] Sandstorm
|-enditem|p1a: Incineroar|Sitrus Berry|[eat]
|-heal|p1a: Incineroar|73/100|[from] item: Sitrus Berry
|-damage|p2a: Tyranitar|62/100 brn|[from] brn
|upkeep
|turn|3
|inactive|freudianbreath has 30 seconds left.
|inactive|SelvesterTheYAK has 30 seconds left.
|inactive|freudianbreath has 20 seconds left.
|inactive|freudianbreath has 15 seconds left.
|inactive|freudianbreath has 10 seconds left.
|
|t:|1756535445
|move|p2b: Talonflame|Tailwind|p2b: Talonflame
|-sidestart|p2: SelvesterTheYAK|move: Tailwind
|move|p2a: Tyranitar|Rock Slide|p1a: Incineroar|[spread] p1a,p1b
|-supereffective|p1a: Incineroar
|-damage|p1a: Incineroar|56/100
|-damage|p1b: Farigiraf|36/100
|move|p1a: Incineroar|Knock Off|p2b: Talonflame
|-damage|p2b: Talonflame|0 fnt
|-enditem|p2b: Talonflame|Covert Cloak|[from] move: Knock Off|[of] p1a: Incineroar
|faint|p2b: Talonflame
|move|p1b: Farigiraf|Hyper Voice|p2a: Tyranitar
|-resisted|p2a: Tyranitar
|-damage|p2a: Tyranitar|50/100 brn
|
|-weather|Sandstorm|[upkeep]
|-damage|p1a: Incineroar|50/100|[from] Sandstorm
|-damage|p1b: Farigiraf|30/100|[from] Sandstorm
|-damage|p2a: Tyranitar|44/100 brn|[from] brn
|upkeep
|inactive|SelvesterTheYAK has 30 seconds left.
|inactive|SelvesterTheYAK has 20 seconds left.
|
|t:|1756535481
|switch|p2b: Garchomp|Garchomp, L50, M|100/100
|turn|4
|inactive|freudianbreath has 30 seconds left.
|inactive|SelvesterTheYAK has 30 seconds left.
|
|t:|1756535513
|switch|p1a: Rillaboom|Rillaboom, L50, F|100/100
|-fieldstart|move: Grassy Terrain|[from] ability: Grassy Surge|[of] p1a: Rillaboom
|move|p2b: Garchomp|Stomping Tantrum|p1a: Rillaboom
|-resisted|p1a: Rillaboom
|-damage|p1a: Rillaboom|78/100
|-damage|p2b: Garchomp|91/100|[from] item: Life Orb
|move|p2a: Tyranitar|Rock Slide|p1a: Rillaboom|[spread] p1a,p1b
|-damage|p1a: Rillaboom|67/100
|-damage|p1b: Farigiraf|18/100
|cant|p1b: Farigiraf|flinch
|
|-weather|Sandstorm|[upkeep]
|-damage|p1a: Rillaboom|61/100|[from] Sandstorm
|-damage|p1b: Farigiraf|12/100|[from] Sandstorm
|-heal|p2b: Garchomp|97/100|[from] Grassy Terrain
|-heal|p2a: Tyranitar|50/100 brn|[from] Grassy Terrain
|-heal|p1a: Rillaboom|67/100|[from] Grassy Terrain
|-heal|p1b: Farigiraf|18/100|[from] Grassy Terrain
|-damage|p2a: Tyranitar|44/100 brn|[from] brn
|-end|p1b: Farigiraf|move: Taunt
|upkeep
|turn|5
|inactive|freudianbreath has 30 seconds left.
|inactive|SelvesterTheYAK has 30 seconds left.
|inactive|freudianbreath has 20 seconds left.
|inactive|SelvesterTheYAK has 20 seconds left.
|inactive|freudianbreath has 15 seconds left.
|inactive|SelvesterTheYAK has 15 seconds left.
|inactive|freudianbreath has 10 seconds left.
|inactive|SelvesterTheYAK has 10 seconds left.
|inactive|freudianbreath has 5 seconds left.
|inactive|SelvesterTheYAK has 5 seconds left.
|
|t:|1756535565
|move|p1a: Rillaboom|Fake Out|p2b: Garchomp
|-damage|p2b: Garchomp|82/100
|cant|p2b: Garchomp|flinch
|move|p2a: Tyranitar|Low Kick|p1b: Farigiraf
|-damage|p1b: Farigiraf|4/100
|move|p1b: Farigiraf|Trick Room|p1b: Farigiraf
|-fieldstart|move: Trick Room|[of] p1b: Farigiraf
|
|-weather|none
|-heal|p1b: Farigiraf|11/100|[from] Grassy Terrain
|-heal|p1a: Rillaboom|73/100|[from] Grassy Terrain
|-heal|p2a: Tyranitar|50/100 brn|[from] Grassy Terrain
|-heal|p2b: Garchomp|88/100|[from] Grassy Terrain
|-damage|p2a: Tyranitar|44/100 brn|[from] brn
|upkeep
|turn|6
|inactive|freudianbreath has 30 seconds left.
|inactive|SelvesterTheYAK has 30 seconds left.
|
|t:|1756535597
|switch|p1a: Incineroar|Incineroar, L50, M|50/100
|-ability|p1a: Incineroar|Intimidate|boost
|-unboost|p2a: Tyranitar|atk|1
|-unboost|p2b: Garchomp|atk|1
|move|p1b: Farigiraf|Hyper Voice|p2a: Tyranitar|[spread] p2a,p2b
|-resisted|p2a: Tyranitar
|-damage|p2a: Tyranitar|29/100 brn
|-damage|p2b: Garchomp|54/100
|move|p2a: Tyranitar|Rock Slide|p1b: Farigiraf|[spread] p1a,p1b
|-supereffective|p1a: Incineroar
|-damage|p1a: Incineroar|35/100
|-damage|p1b: Farigiraf|1/100
|move|p2b: Garchomp|Dragon Claw|p1b: Farigiraf
|-damage|p1b: Farigiraf|0 fnt
|faint|p1b: Farigiraf
|-damage|p2b: Garchomp|44/100|[from] item: Life Orb
|
|-heal|p1a: Incineroar|41/100|[from] Grassy Terrain
|-heal|p2a: Tyranitar|35/100 brn|[from] Grassy Terrain
|-heal|p2b: Garchomp|50/100|[from] Grassy Terrain
|-damage|p2a: Tyranitar|29/100 brn|[from] brn
|-sideend|p2: SelvesterTheYAK|move: Tailwind
|upkeep
|inactive|freudianbreath has 30 seconds left.
|inactive|freudianbreath has 20 seconds left.
|
|t:|1756535637
|switch|p1b: Kingambit|Kingambit, L50, M|100/100
|turn|7
|inactive|freudianbreath has 30 seconds left.
|
|t:|1756535670
|-terastallize|p1b: Kingambit|Dark
|move|p2b: Garchomp|Protect|p2b: Garchomp
|-singleturn|p2b: Garchomp|Protect
|move|p1a: Incineroar|Fake Out|p2a: Tyranitar
|-resisted|p2a: Tyranitar
|-damage|p2a: Tyranitar|25/100 brn
|move|p1b: Kingambit|Kowtow Cleave|p2b: Garchomp
|-activate|p2b: Garchomp|move: Protect
|cant|p2a: Tyranitar|flinch
|
|-heal|p1a: Incineroar|47/100|[from] Grassy Terrain
|-heal|p2a: Tyranitar|30/100 brn|[from] Grassy Terrain
|-heal|p2b: Garchomp|56/100|[from] Grassy Terrain
|-damage|p2a: Tyranitar|25/100 brn|[from] brn
|upkeep
|turn|8
|inactive|freudianbreath has 30 seconds left.
|inactive|SelvesterTheYAK has 30 seconds left.
|inactive|freudianbreath has 20 seconds left.
|inactive|freudianbreath has 15 seconds left.
|inactive|freudianbreath has 10 seconds left.
|inactive|freudianbreath has 5 seconds left.
|
|t:|1756535721
|move|p1b: Kingambit|Kowtow Cleave|p2b: Garchomp
|-damage|p2b: Garchomp|0 fnt
|faint|p2b: Garchomp
|move|p1a: Incineroar|Flare Blitz|p2a: Tyranitar
|-resisted|p2a: Tyranitar
|-damage|p2a: Tyranitar|4/100 brn
|-damage|p1a: Incineroar|40/100|[from] Recoil
|move|p2a: Tyranitar|Low Kick|p1b: Kingambit
|-supereffective|p1b: Kingambit
|-damage|p1b: Kingambit|85/100
|
|-heal|p1b: Kingambit|91/100|[from] Grassy Terrain
|-heal|p1a: Incineroar|46/100|[from] Grassy Terrain
|-heal|p2a: Tyranitar|9/100 brn|[from] Grassy Terrain
|-damage|p2a: Tyranitar|4/100 brn|[from] brn
|-fieldend|move: Grassy Terrain
|upkeep
|
|t:|1756535743
|switch|p2b: Gholdengo|Gholdengo, L50|100/100
|turn|9
|inactive|freudianbreath has 30 seconds left.
|
|t:|1756535776
|move|p1b: Kingambit|Protect|p1b: Kingambit
|-singleturn|p1b: Kingambit|Protect
|move|p2b: Gholdengo|Protect|p2b: Gholdengo
|-singleturn|p2b: Gholdengo|Protect
|move|p1a: Incineroar|Flare Blitz|p2b: Gholdengo
|-activate|p2b: Gholdengo|move: Protect
|move|p2a: Tyranitar|Rock Slide|p1b: Kingambit|[spread] p1a
|-activate|p1b: Kingambit|move: Protect
|-supereffective|p1a: Incineroar
|-damage|p1a: Incineroar|31/100
|
|-damage|p2a: Tyranitar|0 fnt|[from] brn
|faint|p2a: Tyranitar
|-fieldend|move: Trick Room
|upkeep
|turn|10
|inactive|freudianbreath has 30 seconds left this turn.
|inactive|freudianbreath has 20 seconds left.
|inactive|SelvesterTheYAK has 30 seconds left.
|inactive|SelvesterTheYAK has 20 seconds left.
|inactive|SelvesterTheYAK has 15 seconds left.
|
|t:|1756535818
|-terastallize|p2b: Gholdengo|Flying
|move|p1b: Kingambit|Sucker Punch|p2b: Gholdengo
|-damage|p2b: Gholdengo|42/100
|move|p2b: Gholdengo|Make It Rain|p1a: Incineroar|[spread] p1a,p1b
|-resisted|p1a: Incineroar
|-damage|p1a: Incineroar|10/100
|-damage|p1b: Kingambit|34/100
|-unboost|p2b: Gholdengo|spa|1
|move|p1a: Incineroar|Flare Blitz|p2b: Gholdengo
|-damage|p2b: Gholdengo|0 fnt
|faint|p2b: Gholdengo
|-damage|p1a: Incineroar|0 fnt|[from] Recoil
|faint|p1a: Incineroar
|
|win|freudianbreath
|raw|freudianbreath's rating: 1096 → 1120(+24 for winning)
|raw|SelvesterTheYAK's rating: 1068 → 1049(-19 for losing)
