|j|☆toottewtpachute
|j|☆tamagotchai-01
|html|toottewtpachutetamagotchai-01    
|uhtml|bestof|Game 2 of a best-of-3
|t:|1785020425
|gametype|doubles
|player|p1|toottewtpachute|102|1138
|player|p2|tamagotchai-01|265|1071
|gen|9
|tier|[Gen 9 Champions] VGC 2026 Reg M-B (Bo3)
|rated|
|rule|Species Clause: Limit one of each Pokémon
|rule|Item Clause: Limit 1 of each item
|clearpoke
|poke|p1|Altaria, L50, F, shiny|
|poke|p1|Whimsicott, L50, F, shiny|
|poke|p1|Typhlosion-Hisui, L50, M|
|poke|p1|Farigiraf, L50, F|
|poke|p1|Garchomp, L50, M|
|poke|p1|Rotom-Wash, L50|
|poke|p2|Floette-Eternal, L50, F|
|poke|p2|Charizard, L50, M|
|poke|p2|Whimsicott, L50, F|
|poke|p2|Garchomp, L50, F|
|poke|p2|Basculegion, L50, M|
|poke|p2|Kingambit, L50, M|
|teampreview|4
|showteam|p1|Altaria||Altarianite|CloudNine|HyperVoice,Flamethrower,Roost,Protect|Modest||F|||50|]Whimsicott||FocusSash|Prankster|Tailwind,Moonblast,SunnyDay,FakeTears|Modest||F|||50|]Typhlosion-Hisui||ChoiceScarf|Blaze|Eruption,HeatWave,ShadowBall,FocusBlast|Modest||M|||50|]Farigiraf||SitrusBerry|ArmorTail|TrickRoom,GrassKnot,TwinBeam,HelpingHand|Quiet||F|||50|]Garchomp||RoseliBerry|RoughSkin|PoisonJab,Protect,StompingTantrum,RockSlide|Adamant||M|||50|]Rotom-Wash||Leftovers|Levitate|Thunderbolt,Protect,HydroPump,WillOWisp|Modest|||||50|
|showteam|p2|Floette-Eternal||Floettite|FlowerVeil|Moonblast,DazzlingGleam,LightofRuin,Protect|Modest||F|||50|]Charizard||CharizarditeY|SolarPower|HeatWave,SolarBeam,WeatherBall,Protect|Modest||M|||50|]Whimsicott||FocusSash|Prankster|Moonblast,Tailwind,Encore,Protect|Timid||F|||50|]Garchomp||RoseliBerry|RoughSkin|StompingTantrum,DragonClaw,PoisonJab,RockSlide|Adamant||F|||50|]Basculegion||LifeOrb|Adaptability|WaveCrash,LastRespects,AquaJet,Protect|Adamant||M|||50|]Kingambit||OccaBerry|Defiant|KowtowCleave,LowKick,SuckerPunch,IronHead|Adamant||M|||50|
|inactive|Battle timer is ON: inactive players will automatically lose when time's up. (requested by tamagotchai-01)
|j| jeanryupr
|inactive|toottewtpachute has 60 seconds left.
|
|t:|1785020477
|teamsize|p1|4
|teamsize|p2|4
|start
|switch|p1a: Garchomp|Garchomp, L50, M|100/100
|switch|p1b: Typhlosion|Typhlosion-Hisui, L50, M|100/100
|switch|p2a: Whimsicott|Whimsicott, L50, F|100/100
|switch|p2b: Basculegion|Basculegion, L50, M|100/100
|turn|1
|
|t:|1785020493
|switch|p1b: Altaria|Altaria, L50, F, shiny|100/100
|-ability|p1b: Altaria|Cloud Nine
|move|p2a: Whimsicott|Tailwind|p2a: Whimsicott
|-sidestart|p2: tamagotchai-01|move: Tailwind
|move|p2b: Basculegion|Wave Crash|p1a: Garchomp
|-damage|p1a: Garchomp|19/100
|-damage|p2b: Basculegion|87/100|[from] ability: Rough Skin|[of] p1a: Garchomp
|-damage|p2b: Basculegion|59/100|[from] Recoil
|-damage|p2b: Basculegion|49/100|[from] item: Life Orb
|move|p1a: Garchomp|Poison Jab|p2a: Whimsicott
|-supereffective|p2a: Whimsicott|2
|-enditem|p2a: Whimsicott|Focus Sash
|-damage|p2a: Whimsicott|1/100
|
|upkeep
|turn|2
|
|t:|1785020517
|detailschange|p1b: Altaria|Altaria-Mega, L50, F, shiny
|-mega|p1b: Altaria|Altaria|Altarianite
|move|p1a: Garchomp|Protect|p1a: Garchomp
|-singleturn|p1a: Garchomp|Protect
|move|p2a: Whimsicott|Moonblast|p1b: Altaria
|-supereffective|p1b: Altaria|1
|-damage|p1b: Altaria|20/100r
|move|p2b: Basculegion|Wave Crash|p1a: Garchomp
|-activate|p1a: Garchomp|move: Protect
|move|p1b: Altaria|Hyper Voice|p2b: Basculegion|[spread] p2a,p2b
|-crit|p2b: Basculegion
|-damage|p2a: Whimsicott|0 fnt
|-damage|p2b: Basculegion|0 fnt
|faint|p2a: Whimsicott
|faint|p2b: Basculegion
|
|upkeep
|
|t:|1785020517
|switch|p2a: Kingambit|Kingambit, L50, M|100/100
|switch|p2b: Garchomp|Garchomp, L50, F|100/100
|turn|3
|inactive|toottewtpachute has 30 seconds left.
|
|t:|1785020549
|move|p1b: Altaria|Protect|p1b: Altaria
|-singleturn|p1b: Altaria|Protect
|move|p2b: Garchomp|Stomping Tantrum|p1b: Altaria
|-activate|p1b: Altaria|move: Protect
|move|p2a: Kingambit|Kowtow Cleave|p1a: Garchomp
|-damage|p1a: Garchomp|0 fnt
|-damage|p2a: Kingambit|87/100|[from] ability: Rough Skin|[of] p1a: Garchomp
|faint|p1a: Garchomp
|
|upkeep
|
|t:|1785020559
|switch|p1a: Rotom|Rotom-Wash, L50|100/100
|turn|4
|
|t:|1785020577
|move|p2b: Garchomp|Rock Slide|p1a: Rotom|[spread] p1a,p1b
|-damage|p1a: Rotom|79/100
|-damage|p1b: Altaria|1/100
|move|p2a: Kingambit|Kowtow Cleave|p1a: Rotom
|-damage|p1a: Rotom|29/100
|move|p1a: Rotom|Will-O-Wisp|p2a: Kingambit
|-status|p2a: Kingambit|brn
|move|p1b: Altaria|Roost|p1b: Altaria
|-heal|p1b: Altaria|51/100
|-singleturn|p1b: Altaria|move: Roost
|
|-heal|p1a: Rotom|35/100|[from] item: Leftovers
|-damage|p2a: Kingambit|81/100 brn|[from] brn
|-sideend|p2: tamagotchai-01|move: Tailwind
|upkeep
|turn|5
|
|t:|1785020600
|move|p1a: Rotom|Protect|p1a: Rotom
|-singleturn|p1a: Rotom|Protect
|move|p2a: Kingambit|Sucker Punch|p1b: Altaria
|-resisted|p1b: Altaria|1
|-damage|p1b: Altaria|41/100
|move|p2b: Garchomp|Dragon Claw|p1a: Rotom
|-activate|p1a: Rotom|move: Protect
|move|p1b: Altaria|Hyper Voice|p2a: Kingambit|[spread] p2a,p2b
|-supereffective|p2b: Garchomp|1
|-enditem|p2b: Garchomp|Roseli Berry|[eat]
|-enditem|p2b: Garchomp|Roseli Berry|[weaken]
|-damage|p2a: Kingambit|39/100 brn
|-damage|p2b: Garchomp|55/100
|
|-heal|p1a: Rotom|41/100|[from] item: Leftovers
|-damage|p2a: Kingambit|33/100 brn|[from] brn
|upkeep
|turn|6
|
|t:|1785020619
|move|p2a: Kingambit|Sucker Punch||[still]
|-fail|p2a: Kingambit
|move|p2b: Garchomp|Poison Jab|p1a: Rotom
|-damage|p1a: Rotom|10/100
|move|p1a: Rotom|Will-O-Wisp|p2b: Garchomp
|-status|p2b: Garchomp|brn
|move|p1b: Altaria|Hyper Voice|p2a: Kingambit|[spread] p2a,p2b
|-supereffective|p2b: Garchomp|1
|-damage|p2a: Kingambit|0 fnt
|-damage|p2b: Garchomp|0 fnt
|faint|p2a: Kingambit
|faint|p2b: Garchomp
|
|win|toottewtpachute
|raw|toottewtpachute's rating: 1138 → 1158(+20 for winning)
|raw|tamagotchai-01's rating: 1071 → 1054(-17 for losing)
|l|☆tamagotchai-01
|player|p2|
|l|☆toottewtpachute
|player|p1|
