|j|☆castoriceball
|j|☆The RU Agenda
|html|castoriceballThe RU Agenda    
|uhtml|bestof|Game 1 of a best-of-3
|t:|1785990908
|gametype|doubles
|player|p1|castoriceball|miku-flying|1333
|player|p2|The RU Agenda|1|1380
|gen|9
|tier|[Gen 9 Champions] VGC 2026 Reg M-B (Bo3)
|rated|
|rule|Species Clause: Limit one of each Pokémon
|rule|Item Clause: Limit 1 of each item
|clearpoke
|poke|p1|Whimsicott, L50, F|
|poke|p1|Staraptor, L50, F|
|poke|p1|Tyranitar, L50, F|
|poke|p1|Excadrill, L50, F|
|poke|p1|Rotom-Wash, L50, shiny|
|poke|p1|Gholdengo, L50|
|poke|p2|Charizard, L50, M|
|poke|p2|Hydreigon, L50, M|
|poke|p2|Aerodactyl, L50, M|
|poke|p2|Chesnaught, L50, M|
|poke|p2|Farigiraf, L50, M|
|poke|p2|Mamoswine, L50, M|
|teampreview|4
|showteam|p1|Whimsicott||OccaBerry|Prankster|Moonblast,Tailwind,Encore,Charm|Timid||F|||50|]Staraptor||Staraptite|Intimidate|BraveBird,CloseCombat,Roost,Protect|Jolly||F|||50|]Tyranitar||Tyranitarite|SandStream|RockSlide,KnockOff,IcePunch,Protect|Adamant||F|||50|]Excadrill||FocusSash|SandRush|Earthquake,RockSlide,IronHead,Protect|Adamant||F|||50|]Rotom-Wash||Magnet|Levitate|Thunderbolt,HydroPump,Electroweb,Protect|Modest|||||50|]Gholdengo||LifeOrb|GoodasGold|MakeItRain,ShadowBall,PowerGem,Protect|Modest|||||50|
|showteam|p2|Charizard||CharizarditeY|Blaze|Protect,HeatWave,SolarBeam,WeatherBall|Modest||M|||50|]Hydreigon||ChoiceScarf|Levitate|DarkPulse,DracoMeteor,Snarl,EarthPower|Modest||M|||50|]Aerodactyl||Aerodactylite|Unnerve|Protect,Tailwind,RockSlide,DualWingbeat|Jolly||M|||50|]Chesnaught||Leftovers|Bulletproof|SpikyShield,WideGuard,IronDefense,BodyPress|Impish||M|||50|]Farigiraf||SitrusBerry|ArmorTail|TrickRoom,Psychic,Thunderbolt,HelpingHand|Bold||M|||50|]Mamoswine||LifeOrb|Oblivious|Protect,IcicleCrash,Earthquake,IceShard|Adamant||M|||50|
|j| Pizzamemes123
|
|t:|1785990976
|teamsize|p1|4
|teamsize|p2|4
|start
|switch|p1a: fun n whimsy|Whimsicott, L50, F|100/100
|switch|p1b: House of Ghold|Gholdengo, L50|100/100
|switch|p2a: The Agenda|Chesnaught, L50, M|100/100
|switch|p2b: Joe Raffe|Farigiraf, L50, M|100/100
|turn|1
|
|t:|1785991009
|switch|p1b: VELOCITY|Staraptor, L50, F|100/100
|-ability|p1b: VELOCITY|Intimidate|boost
|-unboost|p2a: The Agenda|atk|1
|-unboost|p2b: Joe Raffe|atk|1
|switch|p2a: Original151|Charizard, L50, M|100/100
|move|p1a: fun n whimsy|Moonblast|p2a: Original151
|-resisted|p2a: Original151|1
|-damage|p2a: Original151|85/100
|move|p2b: Joe Raffe|Trick Room|p2b: Joe Raffe
|-fieldstart|move: Trick Room|[of] p2b: Joe Raffe
|
|upkeep
|turn|2
|
|t:|1785991049
|detailschange|p2a: Original151|Charizard-Mega-Y, L50, M
|-mega|p2a: Original151|Charizard|Charizardite Y
|-weather|SunnyDay|[from] ability: Drought|[of] p2a: Original151
|move|p1b: VELOCITY|Protect|p1b: VELOCITY
|-singleturn|p1b: VELOCITY|Protect
|move|p2b: Joe Raffe|Psychic|p1b: VELOCITY
|-activate|p1b: VELOCITY|move: Protect
|move|p2a: Original151|Heat Wave|p1b: VELOCITY|[spread] p1a
|-activate|p1b: VELOCITY|move: Protect
|-supereffective|p1a: fun n whimsy|1
|-enditem|p1a: fun n whimsy|Occa Berry|[eat]
|-enditem|p1a: fun n whimsy|Occa Berry|[weaken]
|-damage|p1a: fun n whimsy|9/100
|move|p1a: fun n whimsy|Moonblast|p2b: Joe Raffe
|-damage|p2b: Joe Raffe|74/100
|
|-weather|SunnyDay|[upkeep]
|upkeep
|turn|3
|
|t:|1785991068
|detailschange|p1b: VELOCITY|Staraptor-Mega, L50, F
|-mega|p1b: VELOCITY|Staraptor|Staraptite
|move|p1a: fun n whimsy|Charm|p1b: VELOCITY
|-boost|p1b: VELOCITY|atk|2
|move|p2b: Joe Raffe|Psychic|p1b: VELOCITY
|-supereffective|p1b: VELOCITY|1
|-damage|p1b: VELOCITY|17/100
|move|p2a: Original151|Weather Ball|p1b: VELOCITY
|-damage|p1b: VELOCITY|0 fnt
|faint|p1b: VELOCITY
|
|-weather|SunnyDay|[upkeep]
|upkeep
|
|t:|1785991079
|switch|p1b: House of Ghold|Gholdengo, L50|100/100
|turn|4
|
|t:|1785991086
|switch|p1a: Laundry List|Rotom-Wash, L50, shiny|100/100
|move|p1b: House of Ghold|Protect|p1b: House of Ghold
|-singleturn|p1b: House of Ghold|Protect
|move|p2b: Joe Raffe|Psychic|p1a: Laundry List
|-damage|p1a: Laundry List|61/100
|move|p2a: Original151|Heat Wave|p1a: Laundry List|[spread] p1a
|-activate|p1b: House of Ghold|move: Protect
|-resisted|p1a: Laundry List|1
|-damage|p1a: Laundry List|26/100
|
|-weather|SunnyDay|[upkeep]
|upkeep
|turn|5
|
|t:|1785991098
|switch|p1b: fun n whimsy|Whimsicott, L50, F|9/100
|move|p1a: Laundry List|Protect|p1a: Laundry List
|-singleturn|p1a: Laundry List|Protect
|move|p2b: Joe Raffe|Psychic|p1a: Laundry List
|-activate|p1a: Laundry List|move: Protect
|move|p2a: Original151|Weather Ball|p1b: fun n whimsy
|-supereffective|p1b: fun n whimsy|1
|-damage|p1b: fun n whimsy|0 fnt
|faint|p1b: fun n whimsy
|
|-weather|SunnyDay|[upkeep]
|-fieldend|move: Trick Room
|upkeep
|
|t:|1785991104
|switch|p1b: House of Ghold|Gholdengo, L50|100/100
|turn|6
|
|t:|1785991124
|move|p2a: Original151|Protect|p2a: Original151
|-singleturn|p2a: Original151|Protect
|move|p1b: House of Ghold|Power Gem|p2a: Original151
|-activate|p2a: Original151|move: Protect
|move|p1a: Laundry List|Thunderbolt|p2b: Joe Raffe
|-damage|p2b: Joe Raffe|23/100
|-enditem|p2b: Joe Raffe|Sitrus Berry|[eat]
|-heal|p2b: Joe Raffe|48/100|[from] item: Sitrus Berry
|move|p2b: Joe Raffe|Trick Room|p2b: Joe Raffe
|-fieldstart|move: Trick Room|[of] p2b: Joe Raffe
|
|-weather|none
|upkeep
|turn|7
|
|t:|1785991132
|move|p2b: Joe Raffe|Psychic|p1a: Laundry List
|-damage|p1a: Laundry List|0 fnt
|faint|p1a: Laundry List
|move|p1b: House of Ghold|Power Gem|p2a: Original151
|-supereffective|p2a: Original151|2
|-damage|p2a: Original151|0 fnt
|faint|p2a: Original151
|-damage|p1b: House of Ghold|90/100|[from] item: Life Orb
|
|upkeep
|
|t:|1785991141
|switch|p2a: Strudel|Mamoswine, L50, M|100/100
|turn|8
|
|t:|1785991155
|switch|p2b: The Agenda|Chesnaught, L50, M|100/100
|move|p2a: Strudel|Protect|p2a: Strudel
|-singleturn|p2a: Strudel|Protect
|move|p1b: House of Ghold|Make It Rain|p2b: The Agenda|[spread] p2b
|-activate|p2a: Strudel|move: Protect
|-damage|p2b: The Agenda|28/100
|-unboost|p1b: House of Ghold|spa|2
|-damage|p1b: House of Ghold|80/100|[from] item: Life Orb
|
|-heal|p2b: The Agenda|34/100|[from] item: Leftovers
|upkeep
|turn|9
|
|t:|1785991164
|move|p2b: The Agenda|Wide Guard|p2b: The Agenda
|-singleturn|p2b: The Agenda|Wide Guard
|move|p1b: House of Ghold|Make It Rain|p2a: Strudel|[spread] 
|-activate|p2a: Strudel|move: Wide Guard
|-activate|p2b: The Agenda|move: Wide Guard
|move|p2a: Strudel|Earthquake|p1b: House of Ghold|[spread] p1b
|-activate|p2b: The Agenda|move: Wide Guard
|-supereffective|p1b: House of Ghold|1
|-crit|p1b: House of Ghold
|-damage|p1b: House of Ghold|0 fnt
|faint|p1b: House of Ghold
|-damage|p2a: Strudel|90/100|[from] item: Life Orb
|
|win|The RU Agenda
