|j|☆Dike Guard
|j|☆tavinn_n
|html|Dike Guardtavinn_n    
|uhtml|bestof|Game 1 of a best-of-3
|t:|1786194949
|gametype|doubles
|player|p1|Dike Guard|2|1482
|player|p2|tavinn_n|ghetsis|1335
|gen|9
|tier|[Gen 9 Champions] VGC 2026 Reg M-B (Bo3)
|rated|
|rule|Species Clause: Limit one of each Pokémon
|rule|Item Clause: Limit 1 of each item
|clearpoke
|poke|p1|Floette-Eternal, L50, F|
|poke|p1|Sinistcha-Masterpiece, L50|
|poke|p1|Incineroar, L50, F|
|poke|p1|Delphox, L50, M|
|poke|p1|Sneasler, L50, M|
|poke|p1|Garchomp, L50, M|
|poke|p2|Staraptor, L50, M|
|poke|p2|Delphox, L50, F|
|poke|p2|Whimsicott, L50, M|
|poke|p2|Glimmora, L50, M|
|poke|p2|Garchomp, L50, F|
|poke|p2|Kingambit, L50, M|
|teampreview|4
|showteam|p1|Floette-Eternal||Floettite|FlowerVeil|DazzlingGleam,Moonblast,CalmMind,Protect|Modest||F|||50|]Sinistcha-Masterpiece||KasibBerry|Hospitality|MatchaGotcha,RagePowder,TrickRoom,Protect|Bold|||||50|]Incineroar||SitrusBerry|Intimidate|FlareBlitz,PartingShot,FakeOut,DarkestLariat|Impish||F|||50|]Delphox||Delphoxite|Blaze|HeatWave,Psychic,NastyPlot,Protect|Timid||M|||50|]Sneasler||FocusSash|PoisonTouch|PoisonJab,CloseCombat,FakeOut,QuickGuard|Jolly||M|||50|]Garchomp||ChoiceScarf|RoughSkin|Earthquake,RockSlide,StompingTantrum,DragonClaw|Adamant||M|||50|
|showteam|p2|Staraptor||Staraptite|Intimidate|Protect,Roost,BraveBird,CloseCombat|Jolly||M|||50|]Delphox||Delphoxite|Blaze|Protect,Encore,HeatWave,Psychic|Timid||F|||50|]Whimsicott||OccaBerry|Prankster|Tailwind,Charm,Moonblast,LightScreen|Bold||M|||50|]Glimmora||FocusSash|ToxicDebris|SpikyShield,PowerGem,EarthPower,SludgeBomb|Timid||M|||50|]Garchomp||ChoiceScarf|RoughSkin|RockSlide,Earthquake,StompingTantrum,DragonClaw|Jolly||F|||50|]Kingambit||ChopleBerry|Defiant|IronHead,LowKick,SuckerPunch,KowtowCleave|Adamant||M|||50|
|inactive|Battle timer is ON: inactive players will automatically lose when time's up. (requested by tavinn_n)
|inactive|Dike Guard has 60 seconds left.
|inactive|tavinn_n has 60 seconds left.
|inactive|tavinn_n has 30 seconds left.
|
|t:|1786195018
|teamsize|p1|4
|teamsize|p2|4
|start
|switch|p1a: Delphox|Delphox, L50, M|100/100
|switch|p1b: Garchomp|Garchomp, L50, M|100/100
|switch|p2a: Staraptor|Staraptor, L50, M|100/100
|switch|p2b: Whimsicott|Whimsicott, L50, M|100/100
|-ability|p2a: Staraptor|Intimidate|boost
|-unboost|p1a: Delphox|atk|1
|-unboost|p1b: Garchomp|atk|1
|turn|1
|inactive|Dike Guard has 30 seconds left.
|
|t:|1786195043
|switch|p2a: Garchomp|Garchomp, L50, F|100/100
|detailschange|p1a: Delphox|Delphox-Mega, L50, M
|-mega|p1a: Delphox|Delphox|Delphoxite
|move|p2b: Whimsicott|Tailwind|p2b: Whimsicott
|-sidestart|p2: tavinn_n|move: Tailwind
|move|p1b: Garchomp|Rock Slide|p2a: Garchomp|[spread] p2a,p2b
|-resisted|p2a: Garchomp|1
|-damage|p2a: Garchomp|93/100
|-damage|p2b: Whimsicott|87/100
|move|p1a: Delphox|Psychic|p2a: Garchomp
|-damage|p2a: Garchomp|39/100
|-unboost|p2a: Garchomp|spd|1
|
|upkeep
|turn|2
|inactive|Dike Guard has 30 seconds left.
|
|t:|1786195072
|switch|p1b: Incineroar|Incineroar, L50, F|100/100
|-ability|p1b: Incineroar|Intimidate|boost
|-unboost|p2a: Garchomp|atk|1
|-unboost|p2b: Whimsicott|atk|1
|move|p2a: Garchomp|Rock Slide|p1a: Delphox|[spread] p1a,p1b
|-supereffective|p1a: Delphox|1
|-supereffective|p1b: Incineroar|1
|-damage|p1a: Delphox|72/100
|-damage|p1b: Incineroar|82/100
|move|p2b: Whimsicott|Moonblast|p1b: Incineroar
|-damage|p1b: Incineroar|60/100
|cant|p1a: Delphox|flinch
|
|upkeep
|turn|3
|inactive|Dike Guard has 30 seconds left.
|
|t:|1786195097
|switch|p2a: Staraptor|Staraptor, L50, M|100/100
|-ability|p2a: Staraptor|Intimidate|boost
|-unboost|p1a: Delphox|atk|1
|-unboost|p1b: Incineroar|atk|1
|move|p2b: Whimsicott|Light Screen|p2b: Whimsicott
|-sidestart|p2: tavinn_n|move: Light Screen
|move|p1a: Delphox|Heat Wave|p2a: Staraptor|[spread] p2a,p2b
|-supereffective|p2b: Whimsicott|1
|-enditem|p2b: Whimsicott|Occa Berry|[eat]
|-enditem|p2b: Whimsicott|Occa Berry|[weaken]
|-damage|p2a: Staraptor|68/100
|-damage|p2b: Whimsicott|50/100g
|move|p1b: Incineroar|Flare Blitz|p2b: Whimsicott
|-supereffective|p2b: Whimsicott|1
|-damage|p2b: Whimsicott|0 fnt
|faint|p2b: Whimsicott
|-damage|p1b: Incineroar|47/100|[from] Recoil
|-enditem|p1b: Incineroar|Sitrus Berry|[eat]
|-heal|p1b: Incineroar|72/100|[from] item: Sitrus Berry
|
|upkeep
|
|t:|1786195109
|switch|p2b: Glimmora|Glimmora, L50, M|100/100
|turn|4
|inactive|Dike Guard has 30 seconds left.
|inactive|Dike Guard has 20 seconds left.
|inactive|Dike Guard has 15 seconds left.
|inactive|Dike Guard has 10 seconds left.
|
|t:|1786195154
|detailschange|p2a: Staraptor|Staraptor-Mega, L50, M
|-mega|p2a: Staraptor|Staraptor|Staraptite
|move|p1a: Delphox|Protect|p1a: Delphox
|-singleturn|p1a: Delphox|Protect
|move|p2a: Staraptor|Close Combat|p1b: Incineroar
|-supereffective|p1b: Incineroar|1
|-damage|p1b: Incineroar|0 fnt
|-boost|p2a: Staraptor|def|1
|-boost|p2a: Staraptor|spd|1
|faint|p1b: Incineroar
|move|p2b: Glimmora|Power Gem|p1a: Delphox
|-activate|p1a: Delphox|move: Protect
|
|-sideend|p2: tavinn_n|move: Tailwind
|upkeep
|
|t:|1786195169
|switch|p1b: Sneasler|Sneasler, L50, M|100/100
|turn|5
|
|t:|1786195190
|move|p1b: Sneasler|Fake Out|p2b: Glimmora
|-resisted|p2b: Glimmora|1
|-damage|p2b: Glimmora|91/100
|-activate|p2b: Glimmora|ability: Toxic Debris
|-sidestart|p1: Dike Guard|move: Toxic Spikes
|move|p1a: Delphox|Psychic|p2a: Staraptor
|-supereffective|p2a: Staraptor|1
|-damage|p2a: Staraptor|26/100
|move|p2a: Staraptor|Brave Bird|p1a: Delphox
|-damage|p1a: Delphox|1/100
|-damage|p2a: Staraptor|6/100|[from] Recoil
|cant|p2b: Glimmora|flinch
|
|upkeep
|turn|6
|inactive|tavinn_n has 30 seconds left.
|
|t:|1786195222
|move|p1a: Delphox|Psychic|p2b: Glimmora
|-supereffective|p2b: Glimmora|1
|-damage|p2b: Glimmora|3/100
|move|p1b: Sneasler|Close Combat|p2a: Staraptor
|-resisted|p2a: Staraptor|1
|-damage|p2a: Staraptor|0 fnt
|-unboost|p1b: Sneasler|def|1
|-unboost|p1b: Sneasler|spd|1
|faint|p2a: Staraptor
|move|p2b: Glimmora|Power Gem|p1a: Delphox
|-supereffective|p1a: Delphox|1
|-damage|p1a: Delphox|0 fnt
|faint|p1a: Delphox
|
|upkeep
|
|t:|1786195238
|switch|p1a: Garchomp|Garchomp, L50, M|100/100
|switch|p2a: Garchomp|Garchomp, L50, F|39/100
|-status|p1a: Garchomp|psn
|turn|7
|inactive|Dike Guard has 30 seconds left.
|
|t:|1786195265
|move|p2a: Garchomp|Dragon Claw|p1a: Garchomp
|-supereffective|p1a: Garchomp|1
|-damage|p1a: Garchomp|15/100 psn
|-damage|p2a: Garchomp|26/100|[from] ability: Rough Skin|[of] p1a: Garchomp
|move|p1a: Garchomp|Dragon Claw|p2a: Garchomp
|-supereffective|p2a: Garchomp|1
|-damage|p2a: Garchomp|0 fnt
|-damage|p1a: Garchomp|3/100 psn|[from] ability: Rough Skin|[of] p2a: Garchomp
|faint|p2a: Garchomp
|move|p1b: Sneasler|Close Combat|p2b: Glimmora
|-damage|p2b: Glimmora|0 fnt
|-unboost|p1b: Sneasler|def|1
|-unboost|p1b: Sneasler|spd|1
|-activate|p2b: Glimmora|ability: Toxic Debris
|-sidestart|p1: Dike Guard|move: Toxic Spikes
|faint|p2b: Glimmora
|
|win|Dike Guard
||Dike Guard is ready for game 2.
|inactive|tavinn_n has 30 seconds to confirm battle start!
||tavinn_n is ready for game 2.
|uhtml|next|Next: Game 2 of 3
|l|☆tavinn_n
|player|p2|
