|j|☆honeybadgergms1994
|j|☆brute bonn
|html|honeybadgergms1994brute bonn    
|uhtml|bestof|Game 2 of a best-of-3
|t:|1757856518
|gametype|doubles
|player|p1|honeybadgergms1994|266|1002
|player|p2|brute bonn|266|1000
|gen|9
|tier|[Gen 9] VGC 2025 Reg H (Bo3)
|rated|
|rule|Species Clause: Limit one of each Pokémon
|rule|Item Clause: Limit 1 of each item
|clearpoke
|poke|p1|Tyranitar, L50, M|
|poke|p1|Excadrill, L50, M|
|poke|p1|Amoonguss, L50, M|
|poke|p1|Salamence, L50, M|
|poke|p1|Rotom-Heat, L50|
|poke|p1|Primarina, L50, M|
|poke|p2|Espathra, L50, F|
|poke|p2|Slaking, L50, F|
|poke|p2|Basculegion, L50, M|
|poke|p2|Weezing, L50, F|
|poke|p2|Pelipper, L50, F|
|poke|p2|Archaludon, L50, M|
|teampreview|4
|showteam|p1|Tyranitar||AssaultVest|SandStream|RockSlide,KnockOff,TeraBlast,LowKick|||M|||50|,,,,,Flying]Excadrill||ClearAmulet|SandRush|Earthquake,IronHead,RockSlide,Protect|||M|||50|,,,,,Ground]Amoonguss||SitrusBerry|Regenerator|RagePowder,PollenPuff,Spore,Protect|||M|||50|,,,,,Water]Salamence||LifeOrb|Intimidate|AirSlash,DracoMeteor,Tailwind,Protect|||M|||50|,,,,,Poison]Rotom-Heat||SafetyGoggles|Levitate|Overheat,Thunderbolt,WillOWisp,Protect||||||50|,,,,,Electric]Primarina||ThroatSpray|LiquidVoice|Moonblast,HyperVoice,Haze,Protect|||M|||50|,,,,,Grass
|showteam|p2|Espathra||CovertCloak|SpeedBoost|SkillSwap,ExpandingForce,DazzlingGleam,Protect|||F|||50|,,,,,Steel]Slaking||SitrusBerry|Truant|Protect,GunkShot,BodySlam,DrainPunch|||F|||50|,,,,,Fighting]Basculegion||AbilityShield|SwiftSwim|AquaJet,LastRespects,WaveCrash,FlipTurn|||M|||50|,,,,,Water]Weezing||RockyHelmet|NeutralizingGas|Protect,Flamethrower,SludgeWave,SludgeBomb|||F|||50|,,,,,Flying]Pelipper||AssaultVest|Drizzle|Hurricane,IcyWind,Tailwind,WideGuard|||F|||50|,,,,,Water]Archaludon||PowerHerb|Stamina|ElectroShot,BodyPress,Protect,DracoMeteor|||M|||50|,,,,,Electric
|
|t:|1757856546
|teamsize|p1|4
|teamsize|p2|4
|start
|switch|p1a: Amoonguss|Amoonguss, L50, M|100/100
|switch|p1b: Salamence|Salamence, L50, M|100/100
|switch|p2a: Slaking|Slaking, L50, F|100/100
|switch|p2b: Weezing|Weezing, L50, F, shiny|100/100
|-ability|p2b: Weezing|Neutralizing Gas
|turn|1
|
|t:|1757856584
|move|p1a: Amoonguss|Protect|p1a: Amoonguss
|-singleturn|p1a: Amoonguss|Protect
|move|p1b: Salamence|Tailwind|p1b: Salamence
|-sidestart|p1: honeybadgergms1994|move: Tailwind
|move|p2a: Slaking|Body Slam|p1b: Salamence
|-damage|p1b: Salamence|23/100
|move|p2b: Weezing|Flamethrower|p1a: Amoonguss
|-activate|p1a: Amoonguss|move: Protect
|
|upkeep
|turn|2
|
|t:|1757856606
|move|p1b: Salamence|Draco Meteor|p2b: Weezing
|-damage|p2b: Weezing|9/100
|-unboost|p1b: Salamence|spa|2
|-damage|p1b: Salamence|13/100|[from] item: Life Orb
|move|p2a: Slaking|Body Slam|p1b: Salamence
|-damage|p1b: Salamence|0 fnt
|faint|p1b: Salamence
|move|p2b: Weezing|Flamethrower|p1a: Amoonguss
|-supereffective|p1a: Amoonguss
|-damage|p1a: Amoonguss|70/100
|move|p1a: Amoonguss|Spore|p2a: Slaking
|-status|p2a: Slaking|slp|[from] move: Spore
|
|upkeep
|
|t:|1757856620
|switch|p1b: Rotom|Rotom-Heat, L50|100/100
|turn|3
|
|t:|1757856643
|switch|p2a: Pelipper|Pelipper, L50, F|100/100
|-end|p2b: Weezing|ability: Neutralizing Gas
|-weather|RainDance|[from] ability: Drizzle|[of] p2a: Pelipper
|switch|p2b: Basculegion|Basculegion, L50, M|100/100
|move|p1b: Rotom|Thunderbolt|p2b: Basculegion
|-supereffective|p2b: Basculegion
|-damage|p2b: Basculegion|11/100
|move|p1a: Amoonguss|Spore|p2a: Pelipper
|-status|p2a: Pelipper|slp|[from] move: Spore
|
|-weather|RainDance|[upkeep]
|upkeep
|turn|4
|
|t:|1757856669
|-terastallize|p1b: Rotom|Electric
|move|p1a: Amoonguss|Rage Powder|p1a: Amoonguss
|-singleturn|p1a: Amoonguss|move: Rage Powder
|move|p2b: Basculegion|Aqua Jet|p1a: Amoonguss
|-resisted|p1a: Amoonguss
|-damage|p1a: Amoonguss|59/100
|move|p1b: Rotom|Thunderbolt|p2b: Basculegion
|-supereffective|p2b: Basculegion
|-damage|p2b: Basculegion|0 fnt
|faint|p2b: Basculegion
|cant|p2a: Pelipper|slp
|
|-weather|RainDance|[upkeep]
|-sideend|p1: honeybadgergms1994|move: Tailwind
|upkeep
|
|t:|1757856683
|switch|p2b: Slaking|Slaking, L50, F|100/100 slp
|turn|5
|
|t:|1757856697
|switch|p1a: Primarina|Primarina, L50, M|100/100
|cant|p2b: Slaking|slp
|move|p1b: Rotom|Thunderbolt|p2a: Pelipper
|-supereffective|p2a: Pelipper
|-damage|p2a: Pelipper|0 fnt
|faint|p2a: Pelipper
|
|-weather|RainDance|[upkeep]
|upkeep
|
|t:|1757856707
|switch|p2a: Weezing|Weezing, L50, F, shiny|9/100
|-ability|p2a: Weezing|Neutralizing Gas
|turn|6
|
|t:|1757856724
|move|p2a: Weezing|Protect|p2a: Weezing
|-singleturn|p2a: Weezing|Protect
|cant|p2b: Slaking|slp
|move|p1b: Rotom|Thunderbolt|p2a: Weezing
|-activate|p2a: Weezing|move: Protect
|move|p1a: Primarina|Hyper Voice|p2b: Slaking|[spread] p2b
|-activate|p2a: Weezing|move: Protect
|-damage|p2b: Slaking|78/100 slp
|-enditem|p1a: Primarina|Throat Spray
|-boost|p1a: Primarina|spa|1|[from] item: Throat Spray
|
|-weather|RainDance|[upkeep]
|upkeep
|turn|7
|
|t:|1757856741
|move|p2a: Weezing|Protect|p2a: Weezing
|-singleturn|p2a: Weezing|Protect
|cant|p2b: Slaking|slp
|move|p1b: Rotom|Thunderbolt|p2a: Weezing
|-activate|p2a: Weezing|move: Protect
|move|p1a: Primarina|Moonblast|p2b: Slaking
|-damage|p2b: Slaking|14/100 slp
|-unboost|p2b: Slaking|spa|1
|-enditem|p2b: Slaking|Sitrus Berry|[eat]
|-heal|p2b: Slaking|39/100 slp|[from] item: Sitrus Berry
|
|-weather|none
|upkeep
|turn|8
|
|t:|1757856779
|switch|p1a: Amoonguss|Amoonguss, L50, M|92/100
|-curestatus|p2b: Slaking|slp|[msg]
|move|p2b: Slaking|Gunk Shot|p1a: Amoonguss|[miss]
|-miss|p2b: Slaking|p1a: Amoonguss
|move|p1b: Rotom|Thunderbolt|p2a: Weezing
|-damage|p2a: Weezing|0 fnt
|faint|p2a: Weezing
|-end|p2a: Weezing|ability: Neutralizing Gas
|
|upkeep
|turn|9
|
|t:|1757856798
|move|p1a: Amoonguss|Rage Powder|p1a: Amoonguss
|-singleturn|p1a: Amoonguss|move: Rage Powder
|cant|p2b: Slaking|ability: Truant
|move|p1b: Rotom|Thunderbolt|p2b: Slaking
|-damage|p2b: Slaking|0 fnt
|faint|p2b: Slaking
|
|win|honeybadgergms1994
|raw|honeybadgergms1994's rating: 1002 → 1041(+39 for winning)
|raw|brute bonn's rating: 1000 → 1000(+0 for losing)
