|j|☆Joeltheboss12
|j|☆sloth_wishes
|html|Joeltheboss12sloth_wishes    
|uhtml|bestof|Game 2 of a best-of-3
|t:|1757918081
|gametype|doubles
|player|p1|Joeltheboss12|170|1073
|player|p2|sloth_wishes|pryce-gen2|1068
|gen|9
|tier|[Gen 9] VGC 2025 Reg H (Bo3)
|rated|
|rule|Species Clause: Limit one of each Pokémon
|rule|Item Clause: Limit 1 of each item
|clearpoke
|poke|p1|Clefable, L50, M|
|poke|p1|Gengar, L50, M|
|poke|p1|Tauros-Paldea-Aqua, L50, M|
|poke|p1|Kingambit, L50, M|
|poke|p1|Rillaboom, L50, F|
|poke|p1|Volcarona, L50, M|
|poke|p2|Smeargle, L50, F|
|poke|p2|Sneasler, L50, F|
|poke|p2|Muk-Alola, L50, F|
|poke|p2|Flamigo, L50, F|
|poke|p2|Indeedee-F, L50, F|
|poke|p2|Hatterene, L50, F|
|teampreview|4
|showteam|p1|Clefable||MentalHerb|Unaware|Moonblast,FollowMe,HelpingHand,Protect|||M|||50|,,,,,Grass]Gengar||FocusSash|CursedBody|ShadowBall,SludgeBomb,Taunt,Protect|||M|||50|,,,,,Poison]Tauros-Paldea-Aqua||ClearAmulet|Intimidate|WaveCrash,WildCharge,CloseCombat,Protect|||M|||50|,,,,,Electric]Kingambit||SafetyGoggles|Defiant|SuckerPunch,KowtowCleave,SwordsDance,Protect|||M|||50|,,,,,Dark]Rillaboom||AssaultVest|GrassySurge|GrassyGlide,WoodHammer,FakeOut,Uturn|||F|||50|,,,,,Fire]Volcarona||GrassySeed|FlameBody|HeatWave,GigaDrain,Protect,QuiverDance|||M|||50|,,,,,Grass
|showteam|p2|Smeargle||FocusSash|Moody|FollowMe,Spore,FakeOut,Encore|||F|||50|,,,,,Ghost]Sneasler||PsychicSeed|Unburden|CloseCombat,ThroatChop,DireClaw,Protect|||F|||50|,,,,,Dark]Muk-Alola||Leftovers|PowerofAlchemy|Minimize,Toxic,Protect,KnockOff|||F|||50|,,,,,Ghost]Flamigo||WhiteHerb|Costar|CloseCombat,Detect,DualWingbeat,Roost|||F|||50|,,,,,Steel]Indeedee-F||SitrusBerry|PsychicSurge|FollowMe,DazzlingGleam,TrickRoom,HealPulse|||F|||50|,,,,,Fairy]Hatterene||LifeOrb|MagicBounce|TrickRoom,ExpandingForce,DazzlingGleam,Protect|||F|||50|,,,,,Steel
|
|t:|1757918142
|teamsize|p1|4
|teamsize|p2|4
|start
|switch|p1a: Tauros|Tauros-Paldea-Aqua, L50, M|100/100
|switch|p1b: Volcarona|Volcarona, L50, M|100/100
|switch|p2a: My Son|Smeargle, L50, F, shiny|100/100
|switch|p2b: Lava Lamp|Hatterene, L50, F, shiny|100/100
|-ability|p1a: Tauros|Intimidate|boost
|-unboost|p2a: My Son|atk|1
|-unboost|p2b: Lava Lamp|atk|1
|turn|1
|inactive|Battle timer is ON: inactive players will automatically lose when time's up. (requested by sloth_wishes)
|
|t:|1757918199
|-terastallize|p1b: Volcarona|Grass
|move|p2a: My Son|Fake Out|p1a: Tauros
|-damage|p1a: Tauros|97/100
|cant|p1a: Tauros|flinch
|move|p1b: Volcarona|Giga Drain|p2b: Lava Lamp
|-damage|p2b: Lava Lamp|60/100
|move|p2b: Lava Lamp|Trick Room|p2b: Lava Lamp
|-fieldstart|move: Trick Room|[of] p2b: Lava Lamp
|
|-ability|p2a: My Son|Moody|boost
|-boost|p2a: My Son|def|2
|-unboost|p2a: My Son|spa|1
|upkeep
|turn|2
|inactive|sloth_wishes has 30 seconds left.
|
|t:|1757918229
|switch|p2a: Indeed a Woman|Indeedee-F, L50, F, shiny|100/100
|-fieldstart|move: Psychic Terrain|[from] ability: Psychic Surge|[of] p2a: Indeed a Woman
|move|p2b: Lava Lamp|Expanding Force|p1a: Tauros|[spread] p1a,p1b
|-supereffective|p1a: Tauros
|-damage|p1a: Tauros|0 fnt
|-damage|p1b: Volcarona|23/100
|faint|p1a: Tauros
|-damage|p2b: Lava Lamp|50/100|[from] item: Life Orb
|move|p1b: Volcarona|Heat Wave|p2a: Indeed a Woman|[spread] p2a,p2b
|-damage|p2a: Indeed a Woman|60/100
|-damage|p2b: Lava Lamp|13/100
|
|upkeep
|
|t:|1757918245
|switch|p1a: Rillaboom|Rillaboom, L50, F|100/100
|-fieldstart|move: Grassy Terrain|[from] ability: Grassy Surge|[of] p1a: Rillaboom
|-enditem|p1b: Volcarona|Grassy Seed
|-boost|p1b: Volcarona|def|1|[from] item: Grassy Seed
|turn|3
|
|t:|1757918253
|move|p2b: Lava Lamp|Protect|p2b: Lava Lamp
|-singleturn|p2b: Lava Lamp|Protect
|move|p1a: Rillaboom|Grassy Glide|p2b: Lava Lamp
|-activate|p2b: Lava Lamp|move: Protect
|move|p1b: Volcarona|Giga Drain|p2a: Indeed a Woman
|-damage|p2a: Indeed a Woman|9/100
|-heal|p1b: Volcarona|50/100|[from] drain|[of] p2a: Indeed a Woman
|-enditem|p2a: Indeed a Woman|Sitrus Berry|[eat]
|-heal|p2a: Indeed a Woman|34/100|[from] item: Sitrus Berry
|move|p2a: Indeed a Woman|Heal Pulse|p2b: Lava Lamp
|-activate|p2b: Lava Lamp|move: Protect
|
|-heal|p2b: Lava Lamp|19/100|[from] Grassy Terrain
|-heal|p1b: Volcarona|56/100|[from] Grassy Terrain
|-heal|p2a: Indeed a Woman|40/100|[from] Grassy Terrain
|upkeep
|turn|4
|inactive|sloth_wishes has 30 seconds left.
|inactive|sloth_wishes has 20 seconds left.
|inactive|sloth_wishes has 15 seconds left.
|
|t:|1757918294
|move|p2a: Indeed a Woman|Follow Me|p2a: Indeed a Woman
|-singleturn|p2a: Indeed a Woman|move: Follow Me
|move|p1a: Rillaboom|Grassy Glide|p2a: Indeed a Woman
|-damage|p2a: Indeed a Woman|0 fnt
|faint|p2a: Indeed a Woman
|move|p2b: Lava Lamp|Expanding Force|p1b: Volcarona
|-damage|p1b: Volcarona|6/100
|-damage|p2b: Lava Lamp|10/100|[from] item: Life Orb
|move|p1b: Volcarona|Giga Drain|p2b: Lava Lamp
|-damage|p2b: Lava Lamp|0 fnt
|-heal|p1b: Volcarona|11/100|[from] drain|[of] p2b: Lava Lamp
|faint|p2b: Lava Lamp
|
|-heal|p1b: Volcarona|17/100|[from] Grassy Terrain
|upkeep
|
|t:|1757918303
|switch|p2b: Slenderman|Sneasler, L50, F, shiny|100/100
|switch|p2a: My Son|Smeargle, L50, F, shiny|100/100
|turn|5
|
|t:|1757918317
|move|p2a: My Son|Fake Out|p1a: Rillaboom
|-damage|p1a: Rillaboom|96/100
|cant|p1a: Rillaboom|flinch
|move|p1b: Volcarona|Heat Wave|p2b: Slenderman|[spread] p2a
|-miss|p1b: Volcarona|p2b: Slenderman
|-damage|p2a: My Son|26/100
|move|p2b: Slenderman|Dire Claw|p1b: Volcarona
|-supereffective|p1b: Volcarona
|-damage|p1b: Volcarona|0 fnt
|faint|p1b: Volcarona
|
|-heal|p1a: Rillaboom|100/100|[from] Grassy Terrain
|-heal|p2a: My Son|33/100|[from] Grassy Terrain
|-fieldend|move: Trick Room
|-ability|p2a: My Son|Moody|boost
|-boost|p2a: My Son|spd|2
|-unboost|p2a: My Son|atk|1
|upkeep
|
|t:|1757918326
|switch|p1b: Kingambit|Kingambit, L50, M|100/100
|turn|6
|
|t:|1757918350
|move|p2b: Slenderman|Protect|p2b: Slenderman
|-singleturn|p2b: Slenderman|Protect
|move|p1b: Kingambit|Protect|p1b: Kingambit
|-singleturn|p1b: Kingambit|Protect
|move|p1a: Rillaboom|Grassy Glide|p2a: My Son
|-damage|p2a: My Son|0 fnt
|faint|p2a: My Son
|
|upkeep
|turn|7
|
|t:|1757918374
|move|p1b: Kingambit|Sucker Punch|p2b: Slenderman
|-resisted|p2b: Slenderman
|-damage|p2b: Slenderman|67/100
|move|p2b: Slenderman|Close Combat|p1b: Kingambit
|-supereffective|p1b: Kingambit
|-damage|p1b: Kingambit|0 fnt
|-unboost|p2b: Slenderman|def|1
|-unboost|p2b: Slenderman|spd|1
|faint|p1b: Kingambit
|move|p1a: Rillaboom|Wood Hammer|p2b: Slenderman
|-resisted|p2b: Slenderman
|-damage|p2b: Slenderman|0 fnt
|faint|p2b: Slenderman
|-damage|p1a: Rillaboom|84/100|[from] Recoil
|
|win|Joeltheboss12
|inactive|Joeltheboss12 has 30 seconds to confirm battle start!
|inactive|sloth_wishes has 30 seconds to confirm battle start!
||sloth_wishes is ready for game 3.
|l|☆Joeltheboss12
|player|p1|
||Joeltheboss12 is ready for game 3.
|uhtml|next|Next: Game 3 of 3
