|j|☆TopekaMelon
|j|☆Mipola
|html|TopekaMelonMipola    
|uhtml|bestof|Game 1 of a best-of-3
|t:|1783642773
|gametype|doubles
|player|p1|TopekaMelon|sabrina|1088
|player|p2|Mipola|265|1160
|gen|9
|tier|[Gen 9 Champions] VGC 2026 Reg M-B (Bo3)
|rated|
|rule|Species Clause: Limit one of each Pokémon
|rule|Item Clause: Limit 1 of each item
|clearpoke
|poke|p1|Kangaskhan, L50, F|
|poke|p1|Farigiraf, L50, F|
|poke|p1|Torkoal, L50, F|
|poke|p1|Mawile, L50, F|
|poke|p1|Pyroar, L50, F|
|poke|p1|Gallade, L50, M|
|poke|p2|Chandelure, L50, F|
|poke|p2|Incineroar, L50, M|
|poke|p2|Meganium, L50, F|
|poke|p2|Corviknight, L50, M|
|poke|p2|Tauros-Paldea-Aqua, L50, M|
|poke|p2|Rotom-Wash, L50|
|teampreview|4
|showteam|p1|Kangaskhan||SilkScarf|Scrappy|FakeOut,LastResort|Brave||F|||50|]Farigiraf||SitrusBerry|ArmorTail|HelpingHand,TrickRoom,Psychic,Thunderbolt|Quiet||F|||50|]Torkoal||Charcoal|Drought|Protect,Eruption,WeatherBall,EarthPower|Quiet||F|||50|]Mawile||Mawilite|Intimidate|Protect,SuckerPunch,PlayRough,RockSlide|Brave||F|||50|]Pyroar||Pyroarite|Rivalry|Protect,HeatWave,Overheat,SolarBeam|Timid||F|||50|]Gallade||WhiteHerb|Sharpness|SacredSword,PsychoCut,LeafBlade,TrickRoom|Brave||M|||50|
|showteam|p2|Chandelure||Chandelurite|FlashFire|HeatWave,ShadowBall,Protect,CalmMind|Modest||F|||50|]Incineroar||SitrusBerry|Intimidate|FakeOut,FlareBlitz,DarkestLariat,PartingShot|Adamant||M|||50|]Meganium||Meganiumite|Overgrow|SolarBeam,Protect,WeatherBall,DazzlingGleam|Modest||F|||50|]Corviknight||Leftovers|MirrorArmor|BraveBird,IronHead,Protect,Roost|Impish||M|||50|]Tauros-Paldea-Aqua||ChoiceScarf|Intimidate|WaveCrash,CloseCombat,RockSlide,AquaJet|Adamant||M|||50|]Rotom-Wash||WideLens|Levitate|WillOWisp,Thunderbolt,Protect,HydroPump|Modest|||||50|
|inactive|Battle timer is ON: inactive players will automatically lose when time's up. (requested by Mipola)
|inactive|TopekaMelon has 60 seconds left.
|inactive|Mipola has 60 seconds left.
|
|t:|1783642843
|teamsize|p1|4
|teamsize|p2|4
|start
|switch|p1a: Farigiraf|Farigiraf, L50, F|100/100
|switch|p1b: Gallade|Gallade, L50, M|100/100
|switch|p2a: Chandelure|Chandelure, L50, F|100/100
|switch|p2b: Incineroar|Incineroar, L50, M|100/100
|-ability|p2b: Incineroar|Intimidate|boost
|-unboost|p1a: Farigiraf|atk|1
|-unboost|p1b: Gallade|atk|1
|-enditem|p1b: Gallade|White Herb
|-clearnegativeboost|p1b: Gallade|[silent]
|turn|1
|inactive|Mipola has 30 seconds left.
|
|t:|1783642870
|detailschange|p2a: Chandelure|Chandelure-Mega, L50, F
|-mega|p2a: Chandelure|Chandelure|Chandelurite
|move|p2a: Chandelure|Shadow Ball|p1b: Gallade
|-supereffective|p1b: Gallade|1
|-damage|p1b: Gallade|0 fnt
|faint|p1b: Gallade
|move|p2b: Incineroar|Darkest Lariat|p1a: Farigiraf
|-supereffective|p1a: Farigiraf|1
|-damage|p1a: Farigiraf|4/100
|-enditem|p1a: Farigiraf|Sitrus Berry|[eat]
|-heal|p1a: Farigiraf|29/100|[from] item: Sitrus Berry
|move|p1a: Farigiraf|Trick Room|p1a: Farigiraf
|-fieldstart|move: Trick Room|[of] p1a: Farigiraf
|
|upkeep
|
|t:|1783642888
|switch|p1b: Torkoal|Torkoal, L50, F|100/100
|-weather|SunnyDay|[from] ability: Drought|[of] p1b: Torkoal
|turn|2
|
|t:|1783642907
|move|p1b: Torkoal|Eruption|p2b: Incineroar|[spread] p2a,p2b
|-resisted|p2a: Chandelure|1
|-resisted|p2b: Incineroar|1
|-damage|p2a: Chandelure|51/100
|-damage|p2b: Incineroar|59/100
|move|p1a: Farigiraf|Thunderbolt|p2b: Incineroar
|-damage|p2b: Incineroar|34/100
|-enditem|p2b: Incineroar|Sitrus Berry|[eat]
|-heal|p2b: Incineroar|59/100|[from] item: Sitrus Berry
|move|p2b: Incineroar|Darkest Lariat|p1a: Farigiraf
|-supereffective|p1a: Farigiraf|1
|-damage|p1a: Farigiraf|0 fnt
|faint|p1a: Farigiraf
|move|p2a: Chandelure|Shadow Ball|p1b: Torkoal
|-damage|p1b: Torkoal|24/100
|
|-weather|SunnyDay|[upkeep]
|upkeep
|
|t:|1783642922
|switch|p1a: Mawile|Mawile, L50, F|100/100
|-ability|p1a: Mawile|Intimidate|boost
|-unboost|p2a: Chandelure|atk|1
|-unboost|p2b: Incineroar|atk|1
|turn|3
|inactive|Mipola has 30 seconds left.
|
|t:|1783642953
|detailschange|p1a: Mawile|Mawile-Mega, L50, F
|-mega|p1a: Mawile|Mawile|Mawilite
|move|p2a: Chandelure|Protect|p2a: Chandelure
|-singleturn|p2a: Chandelure|Protect
|move|p1b: Torkoal|Weather Ball|p2b: Incineroar
|-resisted|p2b: Incineroar|1
|-crit|p2b: Incineroar
|-damage|p2b: Incineroar|7/100
|move|p1a: Mawile|Rock Slide|p2a: Chandelure|[spread] p2b
|-activate|p2a: Chandelure|move: Protect
|-supereffective|p2b: Incineroar|1
|-damage|p2b: Incineroar|0 fnt
|faint|p2b: Incineroar
|
|-weather|SunnyDay|[upkeep]
|upkeep
|inactive|Mipola has 30 seconds left.
|
|t:|1783642981
|switch|p2b: Rotom|Rotom-Wash, L50|100/100
|turn|4
|
|t:|1783642999
|move|p1b: Torkoal|Weather Ball|p2b: Rotom
|-resisted|p2b: Rotom|1
|-damage|p2b: Rotom|61/100
|move|p1a: Mawile|Rock Slide|p2a: Chandelure|[spread] p2a,p2b
|-supereffective|p2a: Chandelure|1
|-crit|p2b: Rotom
|-damage|p2a: Chandelure|0 fnt
|-damage|p2b: Rotom|7/100
|faint|p2a: Chandelure
|move|p2b: Rotom|Thunderbolt|p1b: Torkoal
|-damage|p1b: Torkoal|0 fnt
|faint|p1b: Torkoal
|
|-weather|SunnyDay|[upkeep]
|upkeep
|
|t:|1783643008
|switch|p2a: Tauros|Tauros-Paldea-Aqua, L50, M|100/100
|-ability|p2a: Tauros|Intimidate|boost
|-unboost|p1a: Mawile|atk|1
|turn|5
|
|t:|1783643023
|move|p2b: Rotom|Protect|p2b: Rotom
|-singleturn|p2b: Rotom|Protect
|move|p1a: Mawile|Play Rough|p2a: Tauros
|-supereffective|p2a: Tauros|1
|-damage|p2a: Tauros|0 fnt
|faint|p2a: Tauros
|
|-weather|SunnyDay|[upkeep]
|-fieldend|move: Trick Room
|upkeep
|turn|6
|
|t:|1783643033
|move|p1a: Mawile|Sucker Punch|p2b: Rotom
|-damage|p2b: Rotom|0 fnt
|faint|p2b: Rotom
|
|win|TopekaMelon
||Mipola is ready for game 2.
||TopekaMelon is ready for game 2.
|uhtml|next|Next: Game 2 of 3
|l|☆Mipola
|player|p2|
