|j|☆brian47337
|j|☆MrPhoenixGC
|html|brian47337MrPhoenixGC    
|uhtml|bestof|Game 1 of a best-of-3
|t:|1757643860
|gametype|doubles
|player|p1|brian47337|n|1047
|player|p2|MrPhoenixGC|steven|1093
|gen|9
|tier|[Gen 9] VGC 2025 Reg H (Bo3)
|rated|
|rule|Species Clause: Limit one of each Pokémon
|rule|Item Clause: Limit 1 of each item
|clearpoke
|poke|p1|Politoed, L50, M|
|poke|p1|Gothitelle, L50, M|
|poke|p1|Incineroar, L50, F|
|poke|p1|Amoonguss, L50, F|
|poke|p1|Kingdra, L50, F|
|poke|p1|Archaludon, L50, M|
|poke|p2|Gholdengo, L50|
|poke|p2|Pelipper, L50, F|
|poke|p2|Archaludon, L50, F|
|poke|p2|Ursaluna, L50, M|
|poke|p2|Dragonite, L50, M|
|poke|p2|Sinistcha, L50|
|teampreview|4
|showteam|p1|Politoed||Leftovers|Drizzle|WeatherBall,PerishSong,Encore,Protect|||M|||50|,,,,,Grass]Gothitelle||SitrusBerry|ShadowTag|FakeOut,Psychic,TrickRoom,Protect|||M|||50|,,,,,Dark]Incineroar||SafetyGoggles|Intimidate|FakeOut,KnockOff,PartingShot,Protect|||F|||50|,,,,,Ghost]Amoonguss||EjectButton|Regenerator|Spore,RagePowder,PollenPuff,Protect|||F|||50|,,,,,Fairy]Kingdra||LifeOrb|SwiftSwim|WeatherBall,DracoMeteor,MuddyWater,Protect|||F|||50|,,,,,Stellar]Archaludon||PowerHerb|Sturdy|ElectroShot,DragonPulse,FlashCannon,Protect|||M|||50|,,,,,Electric
|showteam|p2|Gholdengo||LifeOrb|GoodasGold|MakeItRain,ShadowBall,NastyPlot,Protect||||||50|,,,,,Dragon]Pelipper||FocusSash|Drizzle|Protect,MuddyWater,Hurricane,WideGuard|||F|||50|,,,,,Ground]Archaludon||AssaultVest|Stamina|BodyPress,Snarl,ElectroShot,FlashCannon|||F|||50|,,,,,Bug]Ursaluna||FlameOrb|Guts|Protect,Facade,Earthquake,HeadlongRush|||M|||50|,,,,,Ghost]Dragonite||LoadedDice|Multiscale|ScaleShot,Haze,Tailwind,Protect|||M|||50|,,,,,Fairy]Sinistcha||SitrusBerry|Hospitality|TrickRoom,MatchaGotcha,LifeDew,RagePowder||||||50|,,,,,Dark
|
|t:|1757643907
|teamsize|p1|4
|teamsize|p2|4
|start
|switch|p1a: Politoed|Politoed, L50, M|100/100
|switch|p1b: Archaludon|Archaludon, L50, M|100/100
|switch|p2a: Gholdengo|Gholdengo, L50|100/100
|switch|p2b: Dragonite|Dragonite, L50, M|100/100
|-weather|RainDance|[from] ability: Drizzle|[of] p1a: Politoed
|turn|1
|
|t:|1757643958
|switch|p1a: Incineroar|Incineroar, L50, F|100/100
|-ability|p1a: Incineroar|Intimidate|boost
|-unboost|p2a: Gholdengo|atk|1
|-unboost|p2b: Dragonite|atk|1
|-terastallize|p1b: Archaludon|Electric
|move|p1b: Archaludon|Electro Shot||[still]
|-prepare|p1b: Archaludon|Electro Shot
|-boost|p1b: Archaludon|spa|1
|-anim|p1b: Archaludon|Electro Shot|p2a: Gholdengo
|-damage|p2a: Gholdengo|0 fnt
|faint|p2a: Gholdengo
|move|p2b: Dragonite|Tailwind|p2b: Dragonite
|-sidestart|p2: MrPhoenixGC|move: Tailwind
|
|-weather|RainDance|[upkeep]
|upkeep
|
|t:|1757643982
|switch|p2a: Archaludon|Archaludon, L50, F|100/100
|turn|2
|
|t:|1757644021
|move|p2b: Dragonite|Protect|p2b: Dragonite
|-singleturn|p2b: Dragonite|Protect
|move|p1a: Incineroar|Fake Out|p2a: Archaludon
|-resisted|p2a: Archaludon
|-damage|p2a: Archaludon|97/100
|-ability|p2a: Archaludon|Stamina|boost
|-boost|p2a: Archaludon|def|1
|cant|p2a: Archaludon|flinch
|move|p1b: Archaludon|Dragon Pulse|p2b: Dragonite
|-activate|p2b: Dragonite|move: Protect
|
|-weather|RainDance|[upkeep]
|upkeep
|turn|3
|
|t:|1757644055
|switch|p1b: Politoed|Politoed, L50, M|100/100
|-terastallize|p2b: Dragonite|Fairy
|move|p1a: Incineroar|Protect|p1a: Incineroar
|-singleturn|p1a: Incineroar|Protect
|move|p2b: Dragonite|Haze|p2b: Dragonite
|-clearallboost
|move|p2a: Archaludon|Body Press|p1a: Incineroar
|-activate|p1a: Incineroar|move: Protect
|
|-weather|RainDance|[upkeep]
|upkeep
|turn|4
|
|t:|1757644078
|move|p2b: Dragonite|Scale Shot|p1a: Incineroar
|-damage|p1a: Incineroar|87/100
|-damage|p1a: Incineroar|74/100
|-damage|p1a: Incineroar|59/100
|-damage|p1a: Incineroar|44/100
|-hitcount|p1a: Incineroar|4
|-unboost|p2b: Dragonite|def|1
|-boost|p2b: Dragonite|spe|1
|move|p2a: Archaludon|Electro Shot||[still]
|-prepare|p2a: Archaludon|Electro Shot
|-boost|p2a: Archaludon|spa|1
|-anim|p2a: Archaludon|Electro Shot|p1b: Politoed
|-supereffective|p1b: Politoed
|-damage|p1b: Politoed|23/100
|move|p1b: Politoed|Perish Song|p1b: Politoed
|-start|p1a: Incineroar|perish3|[silent]
|-start|p1b: Politoed|perish3|[silent]
|-start|p2a: Archaludon|perish3|[silent]
|-start|p2b: Dragonite|perish3|[silent]
|-fieldactivate|move: Perish Song
|move|p1a: Incineroar|Parting Shot|p2a: Archaludon
|-unboost|p2a: Archaludon|atk|1
|-unboost|p2a: Archaludon|spa|1
|
|t:|1757644096
|switch|p1a: Gothitelle|Gothitelle, L50, M|100/100|[from] Parting Shot
|
|-weather|RainDance|[upkeep]
|-heal|p1b: Politoed|29/100|[from] item: Leftovers
|-start|p2b: Dragonite|perish3
|-start|p2a: Archaludon|perish3
|-start|p1b: Politoed|perish3
|-sideend|p2: MrPhoenixGC|move: Tailwind
|upkeep
|turn|5
|
|t:|1757644134
|switch|p1b: Archaludon|Archaludon, L50, M, tera:Electric|100/100
|move|p1a: Gothitelle|Fake Out|p2a: Archaludon
|-resisted|p2a: Archaludon
|-damage|p2a: Archaludon|95/100
|-ability|p2a: Archaludon|Stamina|boost
|-boost|p2a: Archaludon|def|1
|move|p2b: Dragonite|Scale Shot|p1b: Archaludon
|-damage|p1b: Archaludon|87/100
|-crit|p1b: Archaludon
|-damage|p1b: Archaludon|67/100
|-damage|p1b: Archaludon|54/100
|-damage|p1b: Archaludon|41/100
|-hitcount|p1b: Archaludon|4
|-unboost|p2b: Dragonite|def|1
|-boost|p2b: Dragonite|spe|1
|cant|p2a: Archaludon|flinch
|
|-weather|none
|-start|p2b: Dragonite|perish2
|-start|p2a: Archaludon|perish2
|upkeep
|turn|6
|
|t:|1757644175
|move|p1b: Archaludon|Protect|p1b: Archaludon
|-singleturn|p1b: Archaludon|Protect
|move|p1a: Gothitelle|Protect|p1a: Gothitelle
|-singleturn|p1a: Gothitelle|Protect
|move|p2b: Dragonite|Scale Shot|p1a: Gothitelle
|-activate|p1a: Gothitelle|move: Protect
|move|p2a: Archaludon|Body Press|p1a: Gothitelle
|-activate|p1a: Gothitelle|move: Protect
|
|-start|p2b: Dragonite|perish1
|-start|p2a: Archaludon|perish1
|upkeep
|turn|7
|
|t:|1757644229
|switch|p1b: Incineroar|Incineroar, L50, F|44/100
|-ability|p1b: Incineroar|Intimidate|boost
|-unboost|p2a: Archaludon|atk|1
|-unboost|p2b: Dragonite|atk|1
|switch|p1a: Politoed|Politoed, L50, M|29/100
|-weather|RainDance|[from] ability: Drizzle|[of] p1a: Politoed
|move|p2b: Dragonite|Scale Shot|p1b: Incineroar
|-damage|p1b: Incineroar|35/100
|-damage|p1b: Incineroar|26/100
|-damage|p1b: Incineroar|17/100
|-damage|p1b: Incineroar|6/100
|-damage|p1b: Incineroar|0 fnt
|faint|p1b: Incineroar
|-hitcount|p1: Incineroar|5
|-unboost|p2b: Dragonite|def|1
|-boost|p2b: Dragonite|spe|1
|move|p2a: Archaludon|Electro Shot||[still]
|-prepare|p2a: Archaludon|Electro Shot
|-boost|p2a: Archaludon|spa|1
|-anim|p2a: Archaludon|Electro Shot|p1a: Politoed
|-supereffective|p1a: Politoed
|-damage|p1a: Politoed|0 fnt
|faint|p1a: Politoed
|
|-weather|RainDance|[upkeep]
|-start|p2b: Dragonite|perish0
|-start|p2a: Archaludon|perish0
|upkeep
|faint|p2b: Dragonite
|faint|p2a: Archaludon
|
|t:|1757644260
|switch|p2b: Sinistcha|Sinistcha, L50|100/100
|switch|p1a: Gothitelle|Gothitelle, L50, M|100/100
|switch|p1b: Archaludon|Archaludon, L50, M, tera:Electric|41/100
|turn|8
|
|t:|1757644275
|move|p1b: Archaludon|Dragon Pulse|p2b: Sinistcha
|-damage|p2b: Sinistcha|61/100
|move|p2b: Sinistcha|Matcha Gotcha|p1a: Gothitelle|[spread] p1a,p1b
|-damage|p1a: Gothitelle|82/100
|-heal|p2b: Sinistcha|71/100|[from] drain|[of] p1a: Gothitelle
|-damage|p1b: Archaludon|3/100
|-heal|p2b: Sinistcha|89/100|[from] drain|[of] p1b: Archaludon
|move|p1a: Gothitelle|Psychic|p2b: Sinistcha
|-damage|p2b: Sinistcha|63/100
|
|-weather|RainDance|[upkeep]
|upkeep
|turn|9
|
|t:|1757644290
|move|p1b: Archaludon|Dragon Pulse|p2b: Sinistcha
|-damage|p2b: Sinistcha|25/100
|-enditem|p2b: Sinistcha|Sitrus Berry|[eat]
|-heal|p2b: Sinistcha|50/100|[from] item: Sitrus Berry
|move|p2b: Sinistcha|Matcha Gotcha|p1b: Archaludon|[spread] p1a,p1b
|-damage|p1a: Gothitelle|64/100
|-heal|p2b: Sinistcha|59/100|[from] drain|[of] p1a: Gothitelle
|-damage|p1b: Archaludon|0 fnt
|-heal|p2b: Sinistcha|60/100|[from] drain|[of] p1b: Archaludon
|faint|p1b: Archaludon
|move|p1a: Gothitelle|Psychic|p2b: Sinistcha
|-damage|p2b: Sinistcha|33/100
|-unboost|p2b: Sinistcha|spd|1
|
|-weather|RainDance|[upkeep]
|upkeep
|turn|10
|
|t:|1757644319
|move|p2b: Sinistcha|Matcha Gotcha|p1a: Gothitelle
|-damage|p1a: Gothitelle|40/100
|-heal|p2b: Sinistcha|45/100|[from] drain|[of] p1a: Gothitelle
|-status|p1a: Gothitelle|brn
|-enditem|p1a: Gothitelle|Sitrus Berry|[eat]
|-heal|p1a: Gothitelle|65/100 brn|[from] item: Sitrus Berry
|move|p1a: Gothitelle|Psychic|p2b: Sinistcha
|-damage|p2b: Sinistcha|6/100
|-unboost|p2b: Sinistcha|spd|1
|
|-weather|RainDance|[upkeep]
|-damage|p1a: Gothitelle|59/100 brn|[from] brn
|upkeep
|turn|11
|
|t:|1757644332
|move|p2b: Sinistcha|Life Dew|p2b: Sinistcha
|-heal|p2b: Sinistcha|31/100
|move|p1a: Gothitelle|Psychic|p2b: Sinistcha
|-damage|p2b: Sinistcha|0 fnt
|faint|p2b: Sinistcha
|
|win|brian47337
||brian47337 is ready for game 2.
