|j|☆Keeper08
|j|☆char_labs
|html|Keeper08char_labs    
|uhtml|bestof|Game 1 of a best-of-3
|t:|1757852012
|gametype|doubles
|player|p1|Keeper08|lance|1080
|player|p2|char_labs|clerkf|1164
|gen|9
|tier|[Gen 9] VGC 2025 Reg H (Bo3)
|rated|
|rule|Species Clause: Limit one of each Pokémon
|rule|Item Clause: Limit 1 of each item
|clearpoke
|poke|p1|Dusclops, L50, M|
|poke|p1|Hydreigon, L50, F|
|poke|p1|Rillaboom, L50, F|
|poke|p1|Electivire, L50, M|
|poke|p1|Volcarona, L50, F|
|poke|p1|Grimmsnarl, L50, M|
|poke|p2|Dragonite, L50, F|
|poke|p2|Vivillon, L50, F|
|poke|p2|Ursaluna, L50, F|
|poke|p2|Gholdengo, L50|
|poke|p2|Incineroar, L50, M|
|poke|p2|Primarina, L50, M|
|teampreview|4
|showteam|p1|Dusclops||Eviolite|Pressure|NightShade,Protect,IcyWind,WillOWisp|||M|||50|,,,,,Normal]Hydreigon||CovertCloak|Levitate|DracoMeteor,Snarl,Tailwind,DarkPulse|||F|||50|,,,,,Poison]Rillaboom||AssaultVest|GrassySurge|FakeOut,WoodHammer,GrassyGlide,HighHorsepower|||F|||50|,,,,,Ground]Electivire||ChoiceBand|VitalSpirit|SupercellSlam,IcePunch,KnockOff,LowKick|||M|||50|,,,,,Flying]Volcarona||SitrusBerry|FlameBody|HeatWave,BugBuzz,QuiverDance,Protect|||F|||50|,,,,,Water]Grimmsnarl||LightClay|Prankster|Reflect,LightScreen,SpiritBreak,ThunderWave|||M|||50|,,,,,Psychic
|showteam|p2|Dragonite||LoadedDice|Multiscale|ScaleShot,Protect,Haze,LowKick|||F|||50|,,,,,Fairy]Vivillon||FocusSash|CompoundEyes|Tailwind,Protect,Hurricane,SleepPowder|||F|||50|,,,,,Ghost]Ursaluna||FlameOrb|Guts|Protect,Facade,Earthquake,HeadlongRush|||F|||50|,,,,,Ghost]Gholdengo||Leftovers|GoodasGold|MakeItRain,ShadowBall,NastyPlot,Protect||||||50|,,,,,Water]Incineroar||SafetyGoggles|Intimidate|FakeOut,PartingShot,KnockOff,FlareBlitz|||M|||50|,,,,,Dragon]Primarina||SitrusBerry|LiquidVoice|Protect,DazzlingGleam,Moonblast,HyperVoice|||M|||50|,,,,,Steel
|inactive|Battle timer is ON: inactive players will automatically lose when time's up. (requested by char_labs)
|inactive|Keeper08 has 60 seconds left.
|inactive|char_labs has 60 seconds left.
|
|t:|1757852070
|teamsize|p1|4
|teamsize|p2|4
|start
|switch|p1a: Grimmsnarl|Grimmsnarl, L50, M, shiny|100/100
|switch|p1b: Volcarona|Volcarona, L50, F, shiny|100/100
|switch|p2a: Vivillon|Vivillon, L50, F|100/100
|switch|p2b: Ursaluna|Ursaluna, L50, F|100/100
|turn|1
|inactive|Keeper08 has 30 seconds left.
|
|t:|1757852101
|-terastallize|p1b: Volcarona|Water
|move|p2b: Ursaluna|Protect|p2b: Ursaluna
|-singleturn|p2b: Ursaluna|Protect
|move|p1a: Grimmsnarl|Reflect|p1a: Grimmsnarl
|-sidestart|p1: Keeper08|Reflect
|move|p2a: Vivillon|Sleep Powder|p1b: Volcarona
|-status|p1b: Volcarona|slp|[from] move: Sleep Powder
|cant|p1b: Volcarona|slp
|
|-status|p2b: Ursaluna|brn|[from] item: Flame Orb
|upkeep
|turn|2
|inactive|Keeper08 has 30 seconds left.
|
|t:|1757852131
|move|p1a: Grimmsnarl|Light Screen|p1a: Grimmsnarl
|-sidestart|p1: Keeper08|move: Light Screen
|move|p2a: Vivillon|Sleep Powder|p1a: Grimmsnarl
|-status|p1a: Grimmsnarl|slp|[from] move: Sleep Powder
|cant|p1b: Volcarona|slp
|move|p2b: Ursaluna|Facade|p1b: Volcarona
|-damage|p1b: Volcarona|0 fnt
|faint|p1b: Volcarona
|
|-damage|p2b: Ursaluna|95/100 brn|[from] brn
|upkeep
|inactive|Keeper08 has 30 seconds left.
|
|t:|1757852165
|switch|p1b: Hydreigon|Hydreigon, L50, F|100/100
|turn|3
|
|t:|1757852172
|move|p2a: Vivillon|Tailwind|p2a: Vivillon
|-sidestart|p2: char_labs|move: Tailwind
|move|p2b: Ursaluna|Facade|p1b: Hydreigon
|-damage|p1b: Hydreigon|19/100
|move|p1b: Hydreigon|Tailwind|p1b: Hydreigon
|-sidestart|p1: Keeper08|move: Tailwind
|cant|p1a: Grimmsnarl|slp
|
|-damage|p2b: Ursaluna|89/100 brn|[from] brn
|upkeep
|turn|4
|
|t:|1757852185
|move|p2b: Ursaluna|Protect|p2b: Ursaluna
|-singleturn|p2b: Ursaluna|Protect
|move|p2a: Vivillon|Hurricane|p1b: Hydreigon
|-damage|p1b: Hydreigon|0 fnt
|faint|p1b: Hydreigon
|-curestatus|p1a: Grimmsnarl|slp|[msg]
|move|p1a: Grimmsnarl|Spirit Break|p2a: Vivillon
|-damage|p2a: Vivillon|35/100
|-unboost|p2a: Vivillon|spa|1
|
|-damage|p2b: Ursaluna|83/100 brn|[from] brn
|upkeep
|
|t:|1757852190
|switch|p1b: Electivire|Electivire, L50, M, shiny|100/100
|turn|5
|
|t:|1757852208
|-terastallize|p2b: Ursaluna|Ghost
|move|p2a: Vivillon|Hurricane|p1b: Electivire
|-resisted|p1b: Electivire
|-damage|p1b: Electivire|89/100
|move|p1b: Electivire|Knock Off|p2b: Ursaluna
|-supereffective|p2b: Ursaluna
|-damage|p2b: Ursaluna|0 fnt
|-enditem|p2b: Ursaluna|Flame Orb|[from] move: Knock Off|[of] p1b: Electivire
|faint|p2b: Ursaluna
|move|p1a: Grimmsnarl|Spirit Break|p2a: Vivillon
|-damage|p2a: Vivillon|0 fnt
|faint|p2a: Vivillon
|
|upkeep
|
|t:|1757852215
|switch|p2a: Incineroar|Incineroar, L50, M|100/100
|switch|p2b: Primarina|Primarina, L50, M|100/100
|-ability|p2a: Incineroar|Intimidate|boost
|-unboost|p1a: Grimmsnarl|atk|1
|-unboost|p1b: Electivire|atk|1
|turn|6
|
|t:|1757852239
|move|p2a: Incineroar|Fake Out|p1b: Electivire
|-damage|p1b: Electivire|78/100
|cant|p1b: Electivire|flinch
|move|p2b: Primarina|Moonblast|p1a: Grimmsnarl
|-supereffective|p1a: Grimmsnarl
|-damage|p1a: Grimmsnarl|48/100
|move|p1a: Grimmsnarl|Spirit Break|p2b: Primarina
|-damage|p2b: Primarina|77/100
|-unboost|p2b: Primarina|spa|1
|
|-sideend|p2: char_labs|move: Tailwind
|-sideend|p1: Keeper08|move: Tailwind
|upkeep
|turn|7
|
|t:|1757852263
|move|p2b: Primarina|Protect|p2b: Primarina
|-singleturn|p2b: Primarina|Protect
|move|p1b: Electivire|Knock Off|p2b: Primarina
|-activate|p2b: Primarina|move: Protect
|move|p2a: Incineroar|Parting Shot|p1b: Electivire
|-unboost|p1b: Electivire|atk|1
|-unboost|p1b: Electivire|spa|1
|move|p1a: Grimmsnarl|Spirit Break|p2a: Incineroar
|-damage|p2a: Incineroar|85/100
|-unboost|p2a: Incineroar|spa|1
|
|upkeep
|turn|8
|
|t:|1757852282
|move|p1b: Electivire|Knock Off|p2b: Primarina
|-resisted|p2b: Primarina
|-damage|p2b: Primarina|64/100
|-enditem|p2b: Primarina|Sitrus Berry|[from] move: Knock Off|[of] p1b: Electivire
|move|p2b: Primarina|Dazzling Gleam|p1a: Grimmsnarl|[spread] p1a,p1b
|-supereffective|p1a: Grimmsnarl
|-damage|p1a: Grimmsnarl|27/100
|-damage|p1b: Electivire|64/100
|move|p2a: Incineroar|Flare Blitz|p1a: Grimmsnarl
|-damage|p1a: Grimmsnarl|0 fnt
|faint|p1a: Grimmsnarl
|-damage|p2a: Incineroar|77/100|[from] Recoil
|
|-sideend|p1: Keeper08|Reflect
|upkeep
|turn|9
|-message|Keeper08 forfeited.
|
|win|char_labs
|l|☆Keeper08
|player|p1|
||Keeper08 is ready for game 2.
||char_labs is ready for game 2.
|uhtml|next|Next: Game 2 of 3
