|j|☆caevz027
|j|☆fergalhopper
|html|caevz027fergalhopper    
|uhtml|bestof|Game 1 of a best-of-3
|t:|1784924589
|gametype|doubles
|player|p1|caevz027|1|1099
|player|p2|fergalhopper|169|1048
|gen|9
|tier|[Gen 9 Champions] VGC 2026 Reg M-B (Bo3)
|rated|
|rule|Species Clause: Limit one of each Pokémon
|rule|Item Clause: Limit 1 of each item
|clearpoke
|poke|p1|Charizard, L50, F|
|poke|p1|Whimsicott, L50, F|
|poke|p1|Farigiraf, L50, F|
|poke|p1|Sneasler, L50, M|
|poke|p1|Kingambit, L50, M|
|poke|p1|Garchomp, L50, M|
|poke|p2|Blaziken, L50, M|
|poke|p2|Whimsicott, L50, F|
|poke|p2|Maushold, L50|
|poke|p2|Gholdengo, L50|
|poke|p2|Tsareena, L50, F|
|poke|p2|Annihilape, L50, F|
|teampreview|4
|showteam|p1|Charizard||CharizarditeY|SolarPower|HeatWave,Protect,WeatherBall,SolarBeam|Modest||F|||50|]Whimsicott||FocusSash|Prankster|Encore,Moonblast,Tailwind,SunnyDay|Timid||F|||50|]Farigiraf||SitrusBerry|ArmorTail|Thunderbolt,Psychic,TrickRoom,HelpingHand|Modest||F|||50|]Sneasler||WhiteHerb|Unburden|FakeOut,DireClaw,CloseCombat,Protect|Adamant||M|||50|]Kingambit||ChopleBerry|Defiant|KowtowCleave,LowKick,SuckerPunch,IronHead|Adamant||M|||50|]Garchomp||LifeOrb|RoughSkin|RockSlide,Earthquake,DragonClaw,Protect|Jolly||M|||50|
|showteam|p2|Blaziken||Blazikenite|SpeedBoost|FlareBlitz,CloseCombat,RockSlide,Protect|Adamant||M|||50|]Whimsicott||FocusSash|Prankster|Moonblast,Tailwind,Charm,Protect|Timid||F|||50|]Maushold||WideLens|Technician|Protect,PopulationBomb,Feint,FollowMe|Adamant|||||50|]Gholdengo||LifeOrb|GoodasGold|MakeItRain,ShadowBall,NastyPlot,Protect|Modest|||||50|]Tsareena||LightClay|QueenlyMajesty|TropKick,LightScreen,Reflect,Taunt|Careful||F|||50|]Annihilape||SitrusBerry|Defiant|PhantomForce,CloseCombat,RockTomb,Protect|Adamant||F|||50|
|inactive|Battle timer is ON: inactive players will automatically lose when time's up. (requested by caevz027)
|
|t:|1784924614
|teamsize|p1|4
|teamsize|p2|4
|start
|switch|p1a: Whimsicott|Whimsicott, L50, F|100/100
|switch|p1b: Charizard|Charizard, L50, F|100/100
|switch|p2a: Whimsicott|Whimsicott, L50, F|100/100
|switch|p2b: Blaziken|Blaziken, L50, M|100/100
|turn|1
|
|t:|1784924629
|switch|p1a: Farigiraf|Farigiraf, L50, F|100/100
|detailschange|p1b: Charizard|Charizard-Mega-Y, L50, F
|-mega|p1b: Charizard|Charizard|Charizardite Y
|-weather|SunnyDay|[from] ability: Drought|[of] p1b: Charizard
|detailschange|p2b: Blaziken|Blaziken-Mega, L50, M
|-mega|p2b: Blaziken|Blaziken|Blazikenite
|move|p2b: Blaziken|Protect|p2b: Blaziken
|-singleturn|p2b: Blaziken|Protect
|move|p2a: Whimsicott|Tailwind|p2a: Whimsicott
|-sidestart|p2: fergalhopper|move: Tailwind
|move|p1b: Charizard|Heat Wave|p2a: Whimsicott|[spread] p2a
|-activate|p2b: Blaziken|move: Protect
|-supereffective|p2a: Whimsicott|1
|-enditem|p2a: Whimsicott|Focus Sash
|-damage|p2a: Whimsicott|1/100
|
|-weather|SunnyDay|[upkeep]
|-ability|p2b: Blaziken|Speed Boost|boost
|-boost|p2b: Blaziken|spe|1
|upkeep
|turn|2
|inactive|fergalhopper has 30 seconds left.
|
|t:|1784924663
|switch|p1b: Kingambit|Kingambit, L50, M|100/100
|move|p2b: Blaziken|Rock Slide|p1a: Farigiraf|[spread] p1a,p1b
|-crit|p1a: Farigiraf
|-resisted|p1b: Kingambit|1
|-damage|p1a: Farigiraf|66/100
|-damage|p1b: Kingambit|90/100
|move|p2a: Whimsicott|Moonblast|p1a: Farigiraf
|-damage|p1a: Farigiraf|34/100
|-enditem|p1a: Farigiraf|Sitrus Berry|[eat]
|-heal|p1a: Farigiraf|59/100|[from] item: Sitrus Berry
|move|p1a: Farigiraf|Trick Room|p1a: Farigiraf
|-fieldstart|move: Trick Room|[of] p1a: Farigiraf
|
|-weather|SunnyDay|[upkeep]
|-ability|p2b: Blaziken|Speed Boost|boost
|-boost|p2b: Blaziken|spe|1
|upkeep
|turn|3
|
|t:|1784924685
|switch|p1a: Whimsicott|Whimsicott, L50, F|100/100
|move|p2b: Blaziken|Protect|p2b: Blaziken
|-singleturn|p2b: Blaziken|Protect
|move|p1b: Kingambit|Kowtow Cleave|p2a: Whimsicott
|-resisted|p2a: Whimsicott|1
|-damage|p2a: Whimsicott|0 fnt
|faint|p2a: Whimsicott
|
|-weather|SunnyDay|[upkeep]
|-ability|p2b: Blaziken|Speed Boost|boost
|-boost|p2b: Blaziken|spe|1
|upkeep
|
|t:|1784924702
|switch|p2a: Tsareena|Tsareena, L50, F|100/100
|turn|4
|inactive|fergalhopper has 30 seconds left.
|
|t:|1784924731
|move|p1b: Kingambit|Low Kick|p2b: Blaziken
|-damage|p2b: Blaziken|56/100
|move|p1a: Whimsicott|Moonblast|p2b: Blaziken
|-damage|p2b: Blaziken|22/100
|move|p2a: Tsareena|Taunt|p1a: Whimsicott
|-start|p1a: Whimsicott|move: Taunt
|move|p2b: Blaziken|Close Combat|p1b: Kingambit
|-supereffective|p1b: Kingambit|2
|-enditem|p1b: Kingambit|Chople Berry|[eat]
|-enditem|p1b: Kingambit|Chople Berry|[weaken]
|-damage|p1b: Kingambit|0 fnt
|-unboost|p2b: Blaziken|def|1
|-unboost|p2b: Blaziken|spd|1
|faint|p1b: Kingambit
|
|-weather|SunnyDay|[upkeep]
|-sideend|p2: fergalhopper|move: Tailwind
|-ability|p2b: Blaziken|Speed Boost|boost
|-boost|p2b: Blaziken|spe|1
|upkeep
|
|t:|1784924747
|switch|p1b: Charizard|Charizard-Mega-Y, L50, F|100/100
|turn|5
|
|t:|1784924758
|switch|p1a: Farigiraf|Farigiraf, L50, F|59/100
|move|p2b: Blaziken|Protect|p2b: Blaziken
|-singleturn|p2b: Blaziken|Protect
|move|p2a: Tsareena|Light Screen|p2a: Tsareena
|-sidestart|p2: fergalhopper|move: Light Screen
|move|p1b: Charizard|Heat Wave|p2a: Tsareena|[spread] 
|-activate|p2b: Blaziken|move: Protect
|-miss|p1b: Charizard|p2a: Tsareena
|
|-weather|none
|-ability|p2b: Blaziken|Speed Boost|boost
|-boost|p2b: Blaziken|spe|1
|upkeep
|turn|6
|inactive|fergalhopper has 30 seconds left.
|
|t:|1784924784
|switch|p1b: Whimsicott|Whimsicott, L50, F|100/100
|switch|p2b: Annihilape|Annihilape, L50, F|100/100
|move|p2a: Tsareena|Trop Kick|p1a: Farigiraf
|-damage|p1a: Farigiraf|28/100
|-unboost|p1a: Farigiraf|atk|1
|move|p1a: Farigiraf|Trick Room|p1a: Farigiraf
|-fieldend|move: Trick Room
|
|upkeep
|turn|7
|inactive|fergalhopper has 30 seconds left.
|
|t:|1784924817
|move|p1b: Whimsicott|Moonblast|p2b: Annihilape
|-supereffective|p2b: Annihilape|1
|-damage|p2b: Annihilape|70/100
|move|p2b: Annihilape|Rock Tomb|p1a: Farigiraf
|-damage|p1a: Farigiraf|7/100
|-unboost|p1a: Farigiraf|spe|1
|move|p2a: Tsareena|Taunt|p1a: Farigiraf
|-start|p1a: Farigiraf|move: Taunt
|move|p1a: Farigiraf|Psychic|p2b: Annihilape
|-supereffective|p2b: Annihilape|1
|-damage|p2b: Annihilape|26/100
|-enditem|p2b: Annihilape|Sitrus Berry|[eat]
|-heal|p2b: Annihilape|51/100|[from] item: Sitrus Berry
|
|upkeep
|turn|8
|inactive|fergalhopper has 30 seconds left.
|
|t:|1784924850
|move|p1b: Whimsicott|Tailwind|p1b: Whimsicott
|-sidestart|p1: caevz027|move: Tailwind
|move|p2b: Annihilape|Rock Tomb|p1b: Whimsicott
|-damage|p1b: Whimsicott|74/100
|-unboost|p1b: Whimsicott|spe|1
|move|p1a: Farigiraf|Psychic|p2b: Annihilape
|-supereffective|p2b: Annihilape|1
|-damage|p2b: Annihilape|1/100
|move|p2a: Tsareena|Taunt|p1b: Whimsicott
|-start|p1b: Whimsicott|move: Taunt
|
|upkeep
|turn|9
|inactive|fergalhopper has 30 seconds left.
|
|t:|1784924876
|switch|p1a: Charizard|Charizard-Mega-Y, L50, F|100/100
|-weather|SunnyDay|[from] ability: Drought|[of] p1a: Charizard
|move|p2b: Annihilape|Protect|p2b: Annihilape
|-singleturn|p2b: Annihilape|Protect
|move|p1b: Whimsicott|Moonblast|p2b: Annihilape
|-activate|p2b: Annihilape|move: Protect
|move|p2a: Tsareena|Trop Kick|p1a: Charizard
|-resisted|p1a: Charizard|2
|-damage|p1a: Charizard|89/100
|-unboost|p1a: Charizard|atk|1
|
|-weather|SunnyDay|[upkeep]
|upkeep
|turn|10
|inactive|fergalhopper has 30 seconds left.
|
|t:|1784924906
|move|p1a: Charizard|Heat Wave|p2b: Annihilape|[spread] p2a,p2b
|-supereffective|p2a: Tsareena|1
|-damage|p2a: Tsareena|32/100
|-damage|p2b: Annihilape|0 fnt
|faint|p2b: Annihilape
|move|p1b: Whimsicott|Moonblast|p2a: Tsareena
|-damage|p2a: Tsareena|18/100
|move|p2a: Tsareena|Taunt|p1a: Charizard
|-start|p1a: Charizard|move: Taunt
|
|-weather|SunnyDay|[upkeep]
|upkeep
|
|t:|1784924916
|switch|p2b: Blaziken|Blaziken-Mega, L50, M|22/100
|turn|11
|
|t:|1784924934
|move|p2b: Blaziken|Protect|p2b: Blaziken
|-singleturn|p2b: Blaziken|Protect
|move|p1a: Charizard|Heat Wave|p2a: Tsareena|[spread] p2a
|-activate|p2b: Blaziken|move: Protect
|-supereffective|p2a: Tsareena|1
|-damage|p2a: Tsareena|0 fnt
|faint|p2a: Tsareena
|move|p1b: Whimsicott|Moonblast|p2b: Blaziken
|-activate|p2b: Blaziken|move: Protect
|
|-weather|SunnyDay|[upkeep]
|-end|p1b: Whimsicott|move: Taunt
|-sideend|p1: caevz027|move: Tailwind
|-ability|p2b: Blaziken|Speed Boost|boost
|-boost|p2b: Blaziken|spe|1
|upkeep
|turn|12
|
|t:|1784924948
|move|p1b: Whimsicott|Encore|p2b: Blaziken
|-start|p2b: Blaziken|Encore
|move|p2b: Blaziken|Protect|p2b: Blaziken
|-singleturn|p2b: Blaziken|Protect
|move|p1a: Charizard|Weather Ball|p2b: Blaziken
|-activate|p2b: Blaziken|move: Protect
|
|-weather|SunnyDay|[upkeep]
|-sideend|p2: fergalhopper|move: Light Screen
|-ability|p2b: Blaziken|Speed Boost|boost
|-boost|p2b: Blaziken|spe|1
|upkeep
|turn|13
|
|t:|1784924960
|move|p2b: Blaziken|Protect||[still]
|-fail|p2b: Blaziken
|move|p1a: Charizard|Weather Ball|p2b: Blaziken
|-resisted|p2b: Blaziken|1
|-damage|p2b: Blaziken|0 fnt
|faint|p2b: Blaziken
|
|win|caevz027
