|j|☆bacwords
|j|☆lettitripppp
|html|bacwordslettitripppp    
|uhtml|bestof|Game 3 of a best-of-3
|t:|1784160871
|gametype|doubles
|player|p1|bacwords|hooligans|1101
|player|p2|lettitripppp|lucas|1240
|gen|9
|tier|[Gen 9 Champions] VGC 2026 Reg M-B (Bo3)
|rated|
|rule|Species Clause: Limit one of each Pokémon
|rule|Item Clause: Limit 1 of each item
|clearpoke
|poke|p1|Incineroar, L50, M|
|poke|p1|Basculegion, L50, M|
|poke|p1|Sinistcha-Masterpiece, L50|
|poke|p1|Pelipper, L50, F|
|poke|p1|Altaria, L50, M|
|poke|p1|Espathra, L50, F|
|poke|p2|Charizard, L50, F, shiny|
|poke|p2|Basculegion, L50, M, shiny|
|poke|p2|Pelipper, L50, F|
|poke|p2|Venusaur, L50, M|
|poke|p2|Archaludon, L50, M|
|poke|p2|Grimmsnarl, L50, M, shiny|
|teampreview|4
|showteam|p1|Incineroar||WhiteHerb|Intimidate|FakeOut,PartingShot,FlareBlitz,Protect|Adamant||M|||50|]Basculegion||ChoiceScarf|SwiftSwim|WaveCrash,FlipTurn,LastRespects,AquaJet|Adamant||M|||50|]Sinistcha-Masterpiece||QuickClaw|Hospitality|MatchaGotcha,RagePowder,StrengthSap,Protect|Bold|||||50|]Pelipper||FocusSash|Drizzle|Hurricane,Tailwind,WeatherBall,Protect|Bold||F|||50|]Altaria||Altarianite|CloudNine|AlluringVoice,DragonPulse,WeatherBall,Protect|Timid||M|||50|]Espathra||Leftovers|SpeedBoost|BatonPass,CalmMind,Protect,DazzlingGleam|Modest||F|||50|
|showteam|p2|Charizard||CharizarditeY|Blaze|WeatherBall,SolarBeam,HeatWave,Protect|Modest||F|||50|]Basculegion||ChoiceScarf|Adaptability|LastRespects,WaveCrash,FlipTurn,AquaJet|Jolly||M|||50|]Pelipper||SitrusBerry|Drizzle|WeatherBall,WideGuard,Hurricane,Tailwind|Modest||F|||50|]Venusaur||FocusSash|Chlorophyll|SleepPowder,SludgeBomb,EarthPower,Protect|Modest||M|||50|]Archaludon||Leftovers|Stamina|FlashCannon,DragonPulse,ElectroShot,Protect|Calm||M|||50|]Grimmsnarl||LightClay|Prankster|PartingShot,LightScreen,SpiritBreak,Reflect|Relaxed||M|||50|
|inactive|Battle timer is ON: inactive players will automatically lose when time's up. (requested by lettitripppp)
|
|t:|1784160878
|teamsize|p1|4
|teamsize|p2|4
|start
|switch|p1a: Pelipper|Pelipper, L50, F|100/100
|switch|p1b: Basculegion|Basculegion, L50, M|100/100
|switch|p2a: GO JOHAN|Grimmsnarl, L50, M, shiny|100/100
|switch|p2b: GHOSTWAVE|Basculegion, L50, M, shiny|100/100
|-weather|RainDance|[from] ability: Drizzle|[of] p1a: Pelipper
|turn|1
|
|t:|1784160890
|move|p2a: GO JOHAN|Reflect|p2a: GO JOHAN
|-sidestart|p2: lettitripppp|Reflect
|move|p1b: Basculegion|Last Respects|p2b: GHOSTWAVE
|-supereffective|p2b: GHOSTWAVE|1
|-damage|p2b: GHOSTWAVE|56/100
|move|p2b: GHOSTWAVE|Last Respects|p1b: Basculegion
|-supereffective|p1b: Basculegion|1
|-damage|p1b: Basculegion|18/100
|move|p1a: Pelipper|Tailwind|p1a: Pelipper
|-sidestart|p1: bacwords|move: Tailwind
|
|-weather|RainDance|[upkeep]
|upkeep
|turn|2
|
|t:|1784160902
|switch|p2b: BEYOND BRIDGE|Archaludon, L50, M|100/100
|move|p2a: GO JOHAN|Light Screen|p2a: GO JOHAN
|-sidestart|p2: lettitripppp|move: Light Screen
|move|p1b: Basculegion|Last Respects|p2b: BEYOND BRIDGE
|-damage|p2b: BEYOND BRIDGE|85/100
|-ability|p2b: BEYOND BRIDGE|Stamina|boost
|-boost|p2b: BEYOND BRIDGE|def|1
|move|p1a: Pelipper|Hurricane|p2b: BEYOND BRIDGE
|-resisted|p2b: BEYOND BRIDGE|1
|-damage|p2b: BEYOND BRIDGE|75/100
|-start|p2b: BEYOND BRIDGE|confusion
|-ability|p2b: BEYOND BRIDGE|Stamina|boost
|-boost|p2b: BEYOND BRIDGE|def|1
|
|-weather|RainDance|[upkeep]
|-heal|p2b: BEYOND BRIDGE|81/100|[from] item: Leftovers
|upkeep
|turn|3
|
|t:|1784160920
|switch|p1b: Incineroar|Incineroar, L50, M|100/100
|-ability|p1b: Incineroar|Intimidate|boost
|-unboost|p2a: GO JOHAN|atk|1
|-unboost|p2b: BEYOND BRIDGE|atk|1
|move|p1a: Pelipper|Protect|p1a: Pelipper
|-singleturn|p1a: Pelipper|Protect
|-activate|p2b: BEYOND BRIDGE|confusion
|move|p2b: BEYOND BRIDGE|Electro Shot||[still]
|-prepare|p2b: BEYOND BRIDGE|Electro Shot
|-boost|p2b: BEYOND BRIDGE|spa|1
|-anim|p2b: BEYOND BRIDGE|Electro Shot|p1b: Incineroar
|-damage|p1b: Incineroar|42/100
|move|p2a: GO JOHAN|Spirit Break|p1a: Pelipper
|-activate|p1a: Pelipper|move: Protect
|
|-weather|RainDance|[upkeep]
|-heal|p2b: BEYOND BRIDGE|87/100|[from] item: Leftovers
|upkeep
|turn|4
|
|t:|1784160937
|switch|p1a: Sinistcha|Sinistcha-Masterpiece, L50|100/100
|-heal|p1b: Incineroar|67/100|[from] ability: Hospitality|[of] p1a: Sinistcha
|move|p1b: Incineroar|Fake Out|p2a: GO JOHAN
|-damage|p2a: GO JOHAN|91/100
|-end|p2b: BEYOND BRIDGE|confusion
|move|p2b: BEYOND BRIDGE|Electro Shot||[still]
|-prepare|p2b: BEYOND BRIDGE|Electro Shot
|-boost|p2b: BEYOND BRIDGE|spa|1
|-anim|p2b: BEYOND BRIDGE|Electro Shot|p1b: Incineroar
|-damage|p1b: Incineroar|0 fnt
|faint|p1b: Incineroar
|cant|p2a: GO JOHAN|flinch
|
|-weather|RainDance|[upkeep]
|-heal|p2b: BEYOND BRIDGE|93/100|[from] item: Leftovers
|-sideend|p1: bacwords|move: Tailwind
|upkeep
|
|t:|1784160944
|switch|p1b: Basculegion|Basculegion, L50, M|18/100
|turn|5
|-activate|p1a: Sinistcha|item: Quick Claw
|
|t:|1784160956
|move|p1a: Sinistcha|Rage Powder|p1a: Sinistcha
|-singleturn|p1a: Sinistcha|move: Rage Powder
|move|p1b: Basculegion|Last Respects|p2b: BEYOND BRIDGE
|-damage|p2b: BEYOND BRIDGE|80/100
|-ability|p2b: BEYOND BRIDGE|Stamina|boost
|-boost|p2b: BEYOND BRIDGE|def|1
|move|p2b: BEYOND BRIDGE|Dragon Pulse|p1a: Sinistcha
|-damage|p1a: Sinistcha|15/100
|move|p2a: GO JOHAN|Spirit Break|p1a: Sinistcha
|-damage|p1a: Sinistcha|0 fnt
|faint|p1a: Sinistcha
|
|-weather|none
|-heal|p2b: BEYOND BRIDGE|86/100|[from] item: Leftovers
|upkeep
|-message|bacwords forfeited.
|
|win|lettitripppp
|raw|bacwords's rating: 1101 → 1086(-15 for losing)
|raw|lettitripppp's rating: 1240 → 1255(+15 for winning)
|l|☆bacwords
|player|p1|
