|j|☆basmati
|j|☆lox1sm
|html|basmatilox1sm    
|uhtml|bestof|Game 2 of a best-of-3
|t:|1783282595
|gametype|doubles
|player|p1|basmati|102|1187
|player|p2|lox1sm|veteran|1159
|gen|9
|tier|[Gen 9 Champions] VGC 2026 Reg M-B (Bo3)
|rated|
|rule|Species Clause: Limit one of each Pokémon
|rule|Item Clause: Limit 1 of each item
|clearpoke
|poke|p1|Archaludon, L50, M, shiny|
|poke|p1|Charizard, L50, M|
|poke|p1|Whimsicott, L50, F, shiny|
|poke|p1|Volcarona, L50, F, shiny|
|poke|p1|Incineroar, L50, M|
|poke|p1|Toxapex, L50, F, shiny|
|poke|p2|Charizard, L50, M|
|poke|p2|Aerodactyl, L50, M|
|poke|p2|Garchomp, L50, F|
|poke|p2|Kingambit, L50, M|
|poke|p2|Farigiraf, L50, M|
|poke|p2|Primarina, L50, M|
|teampreview|4
|showteam|p1|Archaludon||Leftovers|Stamina|ElectroShot,FlashCannon,Snarl,Protect|Calm||M|||50|]Charizard||CharizarditeX|Blaze|DragonClaw,DragonDance,FlareBlitz,Protect|Adamant||M|||50|]Whimsicott||FocusSash|Prankster|BeatUp,Tailwind,Moonblast,Encore|Timid||F|||50|]Volcarona||SitrusBerry|FlameBody|QuiverDance,StruggleBug,HeatWave,Protect|Bold||F|||50|]Incineroar||ChopleBerry|Intimidate|FakeOut,PartingShot,FlareBlitz,ThroatChop|Adamant||M|||50|]Toxapex||BrightPowder|Regenerator|Infestation,Toxic,BanefulBunker,WideGuard|Bold||F|||50|
|showteam|p2|Charizard||CharizarditeY|Blaze|HeatWave,WeatherBall,SolarBeam,Protect|Modest||M|||50|]Aerodactyl||Aerodactylite|Unnerve|RockSlide,IceFang,Tailwind,Protect|Jolly||M|||50|]Garchomp||LifeOrb|RoughSkin|DragonClaw,Earthquake,RockSlide,Protect|Jolly||F|||50|]Kingambit||FocusSash|Defiant|KowtowCleave,SuckerPunch,IronHead,LowKick|Adamant||M|||50|]Farigiraf||ExpertBelt|ArmorTail|Psychic,DazzlingGleam,Thunderbolt,TrickRoom|Modest||M|||50|]Primarina||MysticWater|LiquidVoice|HyperVoice,Moonblast,Haze,Protect|Modest||M|||50|
|
|t:|1783282620
|teamsize|p1|4
|teamsize|p2|4
|start
|switch|p1a: Charizard|Charizard, L50, M|100/100
|switch|p1b: Toxapex|Toxapex, L50, F, shiny|100/100
|switch|p2a: Aerodactyl|Aerodactyl, L50, M|100/100
|switch|p2b: Charizard|Charizard, L50, M|100/100
|-ability|p2a: Aerodactyl|Unnerve
|turn|1
|
|t:|1783282665
|switch|p1a: Archaludon|Archaludon, L50, M, shiny|100/100
|switch|p2b: Farigiraf|Farigiraf, L50, M|100/100
|detailschange|p2a: Aerodactyl|Aerodactyl-Mega, L50, M
|-mega|p2a: Aerodactyl|Aerodactyl|Aerodactylite
|move|p2a: Aerodactyl|Rock Slide|p1b: Toxapex|[spread] p1a,p1b
|-resisted|p1a: Archaludon|1
|-damage|p1a: Archaludon|89/100
|-damage|p1b: Toxapex|82/100
|-ability|p1a: Archaludon|Stamina|boost
|-boost|p1a: Archaludon|def|1
|cant|p1b: Toxapex|flinch
|
|-heal|p1a: Archaludon|95/100|[from] item: Leftovers
|upkeep
|turn|2
|
|t:|1783282704
|switch|p2a: Garchomp|Garchomp, L50, F|100/100
|move|p1a: Archaludon|Flash Cannon|p2a: Garchomp
|-damage|p2a: Garchomp|59/100
|move|p2b: Farigiraf|Psychic|p1b: Toxapex|[miss]
|-miss|p2b: Farigiraf|p1b: Toxapex
|move|p1b: Toxapex|Infestation|p2b: Farigiraf
|-supereffective|p2b: Farigiraf|1
|-damage|p2b: Farigiraf|93/100
|-activate|p2b: Farigiraf|move: Infestation|[of] p1b: Toxapex
|
|-heal|p1a: Archaludon|100/100|[from] item: Leftovers
|-damage|p2b: Farigiraf|81/100|[from] move: Infestation|[partiallytrapped]
|upkeep
|turn|3
|inactive|Battle timer is ON: inactive players will automatically lose when time's up. (requested by lox1sm)
|
|t:|1783282730
|-heal|p1b: Toxapex|100/100|[from] ability: Regenerator|[silent]
|switch|p1b: Incineroar|Incineroar, L50, M|100/100
|-ability|p1b: Incineroar|Intimidate|boost
|-unboost|p2a: Garchomp|atk|1
|-unboost|p2b: Farigiraf|atk|1
|move|p2a: Garchomp|Protect|p2a: Garchomp
|-singleturn|p2a: Garchomp|Protect
|move|p1a: Archaludon|Flash Cannon|p2a: Garchomp
|-activate|p2a: Garchomp|move: Protect
|move|p2b: Farigiraf|Psychic|p1b: Incineroar
|-immune|p1b: Incineroar
|
|-end|p2b: Farigiraf|Infestation|[partiallytrapped]|[silent]
|upkeep
|turn|4
|inactive|basmati has 30 seconds left.
|inactive|basmati has 20 seconds left.
|
|t:|1783282767
|switch|p2b: Aerodactyl|Aerodactyl-Mega, L50, M|100/100
|move|p2a: Garchomp|Earthquake|p1b: Incineroar|[spread] p1a,p1b
|-immune|p2b: Aerodactyl
|-supereffective|p1a: Archaludon|1
|-supereffective|p1b: Incineroar|1
|-damage|p1a: Archaludon|62/100
|-damage|p1b: Incineroar|30/100
|-ability|p1a: Archaludon|Stamina|boost
|-boost|p1a: Archaludon|def|1
|-damage|p2a: Garchomp|49/100|[from] item: Life Orb
|move|p1a: Archaludon|Flash Cannon|p2a: Garchomp
|-damage|p2a: Garchomp|12/100
|move|p1b: Incineroar|Throat Chop|p2b: Aerodactyl
|-damage|p2b: Aerodactyl|50/100g
|-start|p2b: Aerodactyl|Throat Chop|[silent]
|
|-heal|p1a: Archaludon|69/100|[from] item: Leftovers
|upkeep
|turn|5
|inactive|basmati has 30 seconds left.
|inactive|lox1sm has 30 seconds left.
|
|t:|1783282800
|switch|p2b: Charizard|Charizard, L50, M|100/100
|switch|p1b: Charizard|Charizard, L50, M|100/100
|move|p2a: Garchomp|Earthquake|p1a: Archaludon|[spread] p1a
|-immune|p2b: Charizard
|-immune|p1b: Charizard
|-supereffective|p1a: Archaludon|1
|-damage|p1a: Archaludon|45/100
|-ability|p1a: Archaludon|Stamina|boost
|-boost|p1a: Archaludon|def|1
|-damage|p2a: Garchomp|2/100|[from] item: Life Orb
|move|p1a: Archaludon|Flash Cannon|p2b: Charizard
|-resisted|p2b: Charizard|1
|-damage|p2b: Charizard|81/100
|-unboost|p2b: Charizard|spd|1
|
|-heal|p1a: Archaludon|51/100|[from] item: Leftovers
|upkeep
|turn|6
|inactive|basmati has 30 seconds left.
|inactive|basmati has 20 seconds left.
|
|t:|1783282836
|move|p1b: Charizard|Protect|p1b: Charizard
|-singleturn|p1b: Charizard|Protect
|move|p2a: Garchomp|Earthquake|p1b: Charizard|[spread] p1a
|-activate|p1b: Charizard|move: Protect
|-immune|p2b: Charizard
|-supereffective|p1a: Archaludon|1
|-damage|p1a: Archaludon|29/100
|-ability|p1a: Archaludon|Stamina|boost
|-boost|p1a: Archaludon|def|1
|-damage|p2a: Garchomp|0 fnt|[from] item: Life Orb
|faint|p2a: Garchomp
|move|p2b: Charizard|Heat Wave|p1b: Charizard|[spread] p1a
|-activate|p1b: Charizard|move: Protect
|-damage|p1a: Archaludon|2/100
|-ability|p1a: Archaludon|Stamina|boost
|-boost|p1a: Archaludon|def|1
|move|p1a: Archaludon|Snarl|p2b: Charizard|[miss]
|-miss|p1a: Archaludon|p2b: Charizard
|
|-heal|p1a: Archaludon|8/100|[from] item: Leftovers
|upkeep
|
|t:|1783282859
|switch|p2a: Aerodactyl|Aerodactyl-Mega, L50, M|50/100g
|turn|7
|inactive|basmati has 30 seconds left.
|
|t:|1783282885
|switch|p1b: Toxapex|Toxapex, L50, F, shiny|100/100
|switch|p1a: Incineroar|Incineroar, L50, M|30/100
|-ability|p1a: Incineroar|Intimidate|boost
|-unboost|p2a: Aerodactyl|atk|1
|-unboost|p2b: Charizard|atk|1
|move|p2a: Aerodactyl|Tailwind|p2a: Aerodactyl
|-sidestart|p2: lox1sm|move: Tailwind
|move|p2b: Charizard|Heat Wave|p1b: Toxapex|[spread] p1a,p1b
|-resisted|p1a: Incineroar|1
|-resisted|p1b: Toxapex|1
|-damage|p1a: Incineroar|15/100
|-damage|p1b: Toxapex|86/100
|
|upkeep
|turn|8
|inactive|basmati has 30 seconds left.
|inactive|lox1sm has 30 seconds left.
|
|t:|1783282914
|switch|p2b: Farigiraf|Farigiraf, L50, M|81/100
|move|p1b: Toxapex|Wide Guard|p1b: Toxapex
|-singleturn|p1b: Toxapex|Wide Guard
|move|p2a: Aerodactyl|Rock Slide|p1a: Incineroar|[spread] 
|-activate|p1a: Incineroar|move: Wide Guard
|-activate|p1b: Toxapex|move: Wide Guard
|move|p1a: Incineroar|Parting Shot|p2a: Aerodactyl
|-unboost|p2a: Aerodactyl|atk|1
|-unboost|p2a: Aerodactyl|spa|1
|
|t:|1783282926
|switch|p1a: Charizard|Charizard, L50, M|100/100|[from] Parting Shot
|
|upkeep
|turn|9
|inactive|basmati has 30 seconds left.
|
|t:|1783282953
|switch|p2a: Charizard|Charizard, L50, M|81/100
|-heal|p1b: Toxapex|100/100|[from] ability: Regenerator|[silent]
|switch|p1b: Incineroar|Incineroar, L50, M|15/100
|-ability|p1b: Incineroar|Intimidate|boost
|-unboost|p2a: Charizard|atk|1
|-unboost|p2b: Farigiraf|atk|1
|detailschange|p1a: Charizard|Charizard-Mega-X, L50, M
|-mega|p1a: Charizard|Charizard|Charizardite X
|move|p2b: Farigiraf|Psychic|p1a: Charizard
|-damage|p1a: Charizard|39/100
|move|p1a: Charizard|Dragon Claw|p2a: Charizard
|-crit|p2a: Charizard
|-damage|p2a: Charizard|0 fnt
|faint|p2a: Charizard
|
|upkeep
|
|t:|1783282968
|switch|p2a: Aerodactyl|Aerodactyl-Mega, L50, M|50/100g
|turn|10
|
|t:|1783282986
|switch|p1b: Toxapex|Toxapex, L50, F, shiny|100/100
|move|p1a: Charizard|Protect|p1a: Charizard
|-singleturn|p1a: Charizard|Protect
|move|p2a: Aerodactyl|Rock Slide|p1a: Charizard|[spread] p1b
|-activate|p1a: Charizard|move: Protect
|-damage|p1b: Toxapex|84/100
|move|p2b: Farigiraf|Psychic|p1a: Charizard
|-activate|p1a: Charizard|move: Protect
|
|-sideend|p2: lox1sm|move: Tailwind
|upkeep
|turn|11
|
|t:|1783283000
|switch|p1a: Incineroar|Incineroar, L50, M|15/100
|-ability|p1a: Incineroar|Intimidate|boost
|-unboost|p2a: Aerodactyl|atk|1
|-unboost|p2b: Farigiraf|atk|1
|move|p1b: Toxapex|Wide Guard|p1b: Toxapex
|-singleturn|p1b: Toxapex|Wide Guard
|move|p2a: Aerodactyl|Ice Fang|p1a: Incineroar
|-resisted|p1a: Incineroar|1
|-damage|p1a: Incineroar|5/100
|move|p2b: Farigiraf|Psychic|p1a: Incineroar
|-immune|p1a: Incineroar
|
|upkeep
|turn|12
|
|t:|1783283018
|move|p2a: Aerodactyl|Ice Fang|p1a: Incineroar|[miss]
|-miss|p2a: Aerodactyl|p1a: Incineroar
|move|p2b: Farigiraf|Psychic|p1b: Toxapex
|-supereffective|p1b: Toxapex|1
|-damage|p1b: Toxapex|0 fnt
|faint|p1b: Toxapex
|move|p1a: Incineroar|Throat Chop|p2b: Farigiraf
|-supereffective|p2b: Farigiraf|1
|-damage|p2b: Farigiraf|0 fnt
|faint|p2b: Farigiraf
|
|upkeep
|
|t:|1783283031
|switch|p1b: Archaludon|Archaludon, L50, M, shiny|8/100
|turn|13
|
|t:|1783283044
|move|p2a: Aerodactyl|Rock Slide|p1a: Incineroar|[spread] p1a,p1b
|-supereffective|p1a: Incineroar|1
|-crit|p1a: Incineroar
|-resisted|p1b: Archaludon|1
|-damage|p1a: Incineroar|0 fnt
|-damage|p1b: Archaludon|2/100
|-ability|p1b: Archaludon|Stamina|boost
|-boost|p1b: Archaludon|def|1
|faint|p1a: Incineroar
|cant|p1b: Archaludon|flinch
|
|-heal|p1b: Archaludon|8/100|[from] item: Leftovers
|upkeep
|
|t:|1783283046
|switch|p1a: Charizard|Charizard-Mega-X, L50, M|39/100
|turn|14
|
|t:|1783283062
|move|p2a: Aerodactyl|Ice Fang|p1b: Archaludon|[miss]
|-miss|p2a: Aerodactyl|p1b: Archaludon
|move|p1a: Charizard|Dragon Claw|p2a: Aerodactyl
|-damage|p2a: Aerodactyl|0 fnt
|faint|p2a: Aerodactyl
|
|win|basmati
||lox1sm is ready for game 3.
|l|☆basmati
|player|p1|
||basmati is ready for game 3.
|uhtml|next|Next: Game 3 of 3
