|j|☆Declan777
|j|☆KritAmi
|html|Declan777KritAmi    
|uhtml|bestof|Game 1 of a best-of-3
|t:|1784057099
|gametype|doubles
|player|p1|Declan777|unknown|1119
|player|p2|KritAmi|101|1040
|gen|9
|tier|[Gen 9 Champions] VGC 2026 Reg M-B (Bo3)
|rated|
|rule|Species Clause: Limit one of each Pokémon
|rule|Item Clause: Limit 1 of each item
|clearpoke
|poke|p1|Ampharos, L50, M|
|poke|p1|Sinistcha, L50|
|poke|p1|Metagross, L50, shiny|
|poke|p1|Toxapex, L50, M|
|poke|p1|Pelipper, L50, F|
|poke|p1|Tauros-Paldea-Aqua, L50, M|
|poke|p2|Floette-Eternal, L50, F|
|poke|p2|Metagross, L50, shiny|
|poke|p2|Talonflame, L50, F, shiny|
|poke|p2|Garchomp, L50, F|
|poke|p2|Ceruledge, L50, F|
|poke|p2|Ninetales-Alola, L50, F, shiny|
|teampreview|4
|showteam|p1|Ampharos||Ampharosite|Static|CottonGuard,Thunderbolt,DragonPulse,Protect|Modest||M|||50|]Sinistcha||ColburBerry|Hospitality|TrickRoom,MatchaGotcha,RagePowder,Protect|Bold|||||50|]Metagross||Metagrossite|ClearBody|IronHead,BulletPunch,PsychicFangs,Protect|Jolly|||||50|]Toxapex||Leftovers|Regenerator|Toxic,BanefulBunker,Infestation,WideGuard|Sassy||M|||50|]Pelipper||FocusSash|Drizzle|WeatherBall,Hurricane,IceBeam,Protect|Modest||F|||50|]Tauros-Paldea-Aqua||LifeOrb|Intimidate|AquaJet,CloseCombat,WaveCrash,Protect|Jolly||M|||50|
|showteam|p2|Floette-Eternal||Floettite|FlowerVeil|LightofRuin,Moonblast,DazzlingGleam,Protect|Timid||F|||50|]Metagross||Metagrossite|ClearBody|IronHead,ThunderPunch,PsychicFangs,Protect|Jolly|||||50|]Talonflame||SharpBeak|GaleWings|Tailwind,DualWingbeat,FlareBlitz,Protect|Jolly||F|||50|]Garchomp||LifeOrb|RoughSkin|DragonClaw,RockSlide,StompingTantrum,Protect|Jolly||F|||50|]Ceruledge||SitrusBerry|FlashFire|BitterBlade,ShadowSneak,BulkUp,Protect|Jolly||F|||50|]Ninetales-Alola||LightClay|SnowWarning|Blizzard,AuroraVeil,Encore,Protect|Timid||F|||50|
|inactive|Battle timer is ON: inactive players will automatically lose when time's up. (requested by KritAmi)
|
|t:|1784057163
|teamsize|p1|4
|teamsize|p2|4
|start
|switch|p1a: Sinistcha|Sinistcha, L50|100/100
|switch|p1b: Ampharos|Ampharos, L50, M|100/100
|switch|p2a: Metagross|Metagross, L50, shiny|100/100
|switch|p2b: Ninetales|Ninetales-Alola, L50, F, shiny|100/100
|-weather|Snowscape|[from] ability: Snow Warning|[of] p2b: Ninetales
|turn|1
|inactive|Declan777 has 30 seconds left.
|
|t:|1784057189
|switch|p1b: Pelipper|Pelipper, L50, F|100/100
|-weather|RainDance|[from] ability: Drizzle|[of] p1b: Pelipper
|detailschange|p2a: Metagross|Metagross-Mega, L50, shiny
|-mega|p2a: Metagross|Metagross|Metagrossite
|move|p2a: Metagross|Psychic Fangs|p1b: Pelipper
|-damage|p1b: Pelipper|16/100
|move|p2b: Ninetales|Aurora Veil||[still]
|-fail|p2b: Ninetales
|move|p1a: Sinistcha|Trick Room|p1a: Sinistcha
|-fieldstart|move: Trick Room|[of] p1a: Sinistcha
|
|-weather|RainDance|[upkeep]
|upkeep
|turn|2
|
|t:|1784057214
|move|p1a: Sinistcha|Matcha Gotcha|p2b: Ninetales|[spread] p2a,p2b
|-resisted|p2a: Metagross|1
|-damage|p2a: Metagross|87/100
|-damage|p2b: Ninetales|77/100
|-status|p2b: Ninetales|brn
|move|p1b: Pelipper|Weather Ball|p2a: Metagross
|-damage|p2a: Metagross|10/100
|move|p2b: Ninetales|Blizzard|p1b: Pelipper|[spread] p1b
|-miss|p2b: Ninetales|p1a: Sinistcha
|-damage|p1b: Pelipper|0 fnt
|faint|p1b: Pelipper
|move|p2a: Metagross|Psychic Fangs|p1a: Sinistcha
|-damage|p1a: Sinistcha|51/100
|
|-weather|RainDance|[upkeep]
|-damage|p2b: Ninetales|71/100 brn|[from] brn
|upkeep
|
|t:|1784057237
|switch|p1b: Ampharos|Ampharos, L50, M|100/100
|turn|3
|
|t:|1784057243
|switch|p2b: Garchomp|Garchomp, L50, F|100/100
|detailschange|p1b: Ampharos|Ampharos-Mega, L50, M
|-mega|p1b: Ampharos|Ampharos|Ampharosite
|-ability|p1b: Ampharos|Mold Breaker
|move|p2a: Metagross|Protect|p2a: Metagross
|-singleturn|p2a: Metagross|Protect
|move|p1b: Ampharos|Thunderbolt|p2b: Garchomp
|-immune|p2b: Garchomp
|move|p1a: Sinistcha|Matcha Gotcha|p2a: Metagross|[spread] 
|-activate|p2a: Metagross|move: Protect
|-miss|p1a: Sinistcha|p2b: Garchomp
|
|-weather|RainDance|[upkeep]
|upkeep
|turn|4
|inactive|KritAmi has 30 seconds left.
|
|t:|1784057274
|move|p1b: Ampharos|Cotton Guard|p1b: Ampharos
|-boost|p1b: Ampharos|def|3
|move|p1a: Sinistcha|Matcha Gotcha|p2a: Metagross|[spread] p2a,p2b
|-resisted|p2a: Metagross|1
|-damage|p2a: Metagross|0 fnt
|-heal|p1a: Sinistcha|55/100|[from] drain|[of] p2a: Metagross
|-damage|p2b: Garchomp|75/100
|-heal|p1a: Sinistcha|68/100|[from] drain|[of] p2b: Garchomp
|faint|p2a: Metagross
|move|p2b: Garchomp|Stomping Tantrum|p1b: Ampharos
|-supereffective|p1b: Ampharos|1
|-damage|p1b: Ampharos|60/100
|-damage|p2b: Garchomp|65/100|[from] item: Life Orb
|
|-weather|RainDance|[upkeep]
|upkeep
|
|t:|1784057288
|switch|p2a: Ceruledge|Ceruledge, L50, F|100/100
|turn|5
|
|t:|1784057311
|switch|p1a: Toxapex|Toxapex, L50, M|100/100
|move|p1b: Ampharos|Cotton Guard|p1b: Ampharos
|-boost|p1b: Ampharos|def|3
|move|p2a: Ceruledge|Bitter Blade|p1a: Toxapex
|-resisted|p1a: Toxapex|1
|-damage|p1a: Toxapex|92/100
|move|p2b: Garchomp|Stomping Tantrum|p1b: Ampharos
|-supereffective|p1b: Ampharos|1
|-damage|p1b: Ampharos|35/100
|-damage|p2b: Garchomp|55/100|[from] item: Life Orb
|
|-weather|none
|-heal|p1a: Toxapex|98/100|[from] item: Leftovers
|-fieldend|move: Trick Room
|upkeep
|turn|6
|
|t:|1784057328
|-heal|p1a: Toxapex|100/100|[from] ability: Regenerator|[silent]
|switch|p1a: Sinistcha|Sinistcha, L50|68/100
|-heal|p1b: Ampharos|60/100|[from] ability: Hospitality|[of] p1a: Sinistcha
|move|p2b: Garchomp|Protect|p2b: Garchomp
|-singleturn|p2b: Garchomp|Protect
|move|p2a: Ceruledge|Protect|p2a: Ceruledge
|-singleturn|p2a: Ceruledge|Protect
|move|p1b: Ampharos|Protect||[still]
|-fail|p1b: Ampharos
|
|upkeep
|turn|7
|
|t:|1784057345
|move|p2b: Garchomp|Stomping Tantrum|p1b: Ampharos
|-supereffective|p1b: Ampharos|1
|-damage|p1b: Ampharos|35/100
|-damage|p2b: Garchomp|45/100|[from] item: Life Orb
|move|p2a: Ceruledge|Bitter Blade|p1b: Ampharos
|-resisted|p1b: Ampharos|1
|-damage|p1b: Ampharos|30/100
|move|p1b: Ampharos|Dragon Pulse|p2b: Garchomp
|-supereffective|p2b: Garchomp|1
|-damage|p2b: Garchomp|0 fnt
|faint|p2b: Garchomp
|move|p1a: Sinistcha|Trick Room|p1a: Sinistcha
|-fieldstart|move: Trick Room|[of] p1a: Sinistcha
|
|upkeep
|
|t:|1784057356
|switch|p2b: Ninetales|Ninetales-Alola, L50, F, shiny|71/100 brn
|-weather|Snowscape|[from] ability: Snow Warning|[of] p2b: Ninetales
|turn|8
|
|t:|1784057380
|move|p2a: Ceruledge|Protect|p2a: Ceruledge
|-singleturn|p2a: Ceruledge|Protect
|move|p2b: Ninetales|Protect|p2b: Ninetales
|-singleturn|p2b: Ninetales|Protect
|move|p1b: Ampharos|Thunderbolt|p2b: Ninetales
|-activate|p2b: Ninetales|move: Protect
|move|p1a: Sinistcha|Matcha Gotcha|p2a: Ceruledge|[spread] 
|-activate|p2a: Ceruledge|move: Protect
|-activate|p2b: Ninetales|move: Protect
|
|-weather|Snowscape|[upkeep]
|-damage|p2b: Ninetales|65/100 brn|[from] brn
|upkeep
|turn|9
|
|t:|1784057400
|move|p2a: Ceruledge|Shadow Sneak|p1a: Sinistcha
|-supereffective|p1a: Sinistcha|1
|-damage|p1a: Sinistcha|34/100
|move|p1b: Ampharos|Thunderbolt|p2b: Ninetales
|-damage|p2b: Ninetales|6/100 brn
|move|p1a: Sinistcha|Matcha Gotcha|p2b: Ninetales|[spread] p2b
|-miss|p1a: Sinistcha|p2a: Ceruledge
|-damage|p2b: Ninetales|0 fnt
|-heal|p1a: Sinistcha|38/100|[from] drain|[of] p2b: Ninetales
|faint|p2b: Ninetales
|
|-weather|Snowscape|[upkeep]
|upkeep
|turn|10
|
|t:|1784057415
|switch|p1a: Toxapex|Toxapex, L50, M|100/100
|move|p1b: Ampharos|Protect|p1b: Ampharos
|-singleturn|p1b: Ampharos|Protect
|move|p2a: Ceruledge|Shadow Sneak|p1b: Ampharos
|-activate|p1b: Ampharos|move: Protect
|
|-weather|Snowscape|[upkeep]
|upkeep
|turn|11
|
|t:|1784057424
|switch|p1a: Sinistcha|Sinistcha, L50|38/100
|-heal|p1b: Ampharos|55/100|[from] ability: Hospitality|[of] p1a: Sinistcha
|move|p2a: Ceruledge|Shadow Sneak|p1b: Ampharos
|-damage|p1b: Ampharos|50/100g
|move|p1b: Ampharos|Thunderbolt|p2a: Ceruledge
|-damage|p2a: Ceruledge|25/100
|-enditem|p2a: Ceruledge|Sitrus Berry|[eat]
|-heal|p2a: Ceruledge|50/100g|[from] item: Sitrus Berry
|
|-weather|Snowscape|[upkeep]
|-fieldend|move: Trick Room
|upkeep
|turn|12
|
|t:|1784057433
|switch|p1a: Toxapex|Toxapex, L50, M|100/100
|move|p1b: Ampharos|Protect|p1b: Ampharos
|-singleturn|p1b: Ampharos|Protect
|move|p2a: Ceruledge|Shadow Sneak|p1a: Toxapex
|-damage|p1a: Toxapex|82/100
|
|-weather|none
|-heal|p1a: Toxapex|88/100|[from] item: Leftovers
|upkeep
|turn|13
|
|t:|1784057441
|-heal|p1a: Toxapex|100/100|[from] ability: Regenerator|[silent]
|switch|p1a: Sinistcha|Sinistcha, L50|38/100
|-heal|p1b: Ampharos|75/100|[from] ability: Hospitality|[of] p1a: Sinistcha
|move|p2a: Ceruledge|Shadow Sneak|p1a: Sinistcha
|-supereffective|p1a: Sinistcha|1
|-damage|p1a: Sinistcha|4/100
|move|p1b: Ampharos|Thunderbolt|p2a: Ceruledge
|-damage|p2a: Ceruledge|0 fnt
|faint|p2a: Ceruledge
|
|win|Declan777
