|j|☆iLouca
|j|☆Mamoswinefanboi
|html|iLoucaMamoswinefanboi    
|uhtml|bestof|Game 1 of a best-of-3
|t:|1757742718
|gametype|doubles
|player|p1|iLouca|169|1238
|player|p2|Mamoswinefanboi|2|1439
|gen|9
|tier|[Gen 9] VGC 2025 Reg H (Bo3)
|rated|
|rule|Species Clause: Limit one of each Pokémon
|rule|Item Clause: Limit 1 of each item
|clearpoke
|poke|p1|Charizard, L50, M|
|poke|p1|Dragapult, L50, M|
|poke|p1|Ursaluna, L50, M|
|poke|p1|Kingambit, L50, M|
|poke|p1|Whimsicott, L50, F|
|poke|p1|Tyranitar, L50, M|
|poke|p2|Dragonite, L50, M|
|poke|p2|Gholdengo, L50|
|poke|p2|Rillaboom, L50, F|
|poke|p2|Ursaluna-Bloodmoon, L50, M|
|poke|p2|Annihilape, L50, F|
|poke|p2|Ninetales-Alola, L50, M|
|teampreview|4
|showteam|p1|Charizard||LifeOrb|SolarPower|HeatWave,AirSlash,SolarBeam,Protect|||M|||50|,,,,,Fire]Dragapult||ChoiceBand|ClearBody|DragonDarts,PhantomForce,TeraBlast,Uturn|||M|||50|,,,,,Ghost]Ursaluna||FlameOrb|Guts|Facade,HeadlongRush,Earthquake,Protect|||M|||50|,,,,,Ghost]Kingambit||BlackGlasses|Defiant|KowtowCleave,SuckerPunch,SwordsDance,Protect|||M|||50|,,,,,Flying]Whimsicott||CovertCloak|Prankster|Moonblast,Encore,SunnyDay,Tailwind|||F|||50|,,,,,Dark]Tyranitar||AssaultVest|SandStream|RockSlide,KnockOff,TeraBlast,BrickBreak|||M|||50|,,,,,Flying
|showteam|p2|Dragonite||LoadedDice|Multiscale|Tailwind,Haze,Protect,ScaleShot|||M|||50|,,,,,Fairy]Gholdengo||LifeOrb|GoodasGold|MakeItRain,ShadowBall,NastyPlot,Protect||||||50|,,,,,Water]Rillaboom||MiracleSeed|GrassySurge|WoodHammer,GrassyGlide,FakeOut,HighHorsepower|||F|||50|,,,,,Fire]Ursaluna-Bloodmoon||AssaultVest|MindsEye|BloodMoon,EarthPower,HyperVoice,VacuumWave|||M|||50|,,,,,Bug]Annihilape||SafetyGoggles|Defiant|CloseCombat,RageFist,FinalGambit,Protect|||F|||50|,,,,,Fire]Ninetales-Alola||FocusSash|SnowWarning|Blizzard,IcyWind,Encore,AuroraVeil|||M|||50|,,,,,Ghost
|
|t:|1757742762
|teamsize|p1|4
|teamsize|p2|4
|start
|switch|p1a: Dragapult|Dragapult, L50, M|100/100
|switch|p1b: Tyranitar|Tyranitar, L50, M|100/100
|switch|p2a: Dragonite|Dragonite, L50, M|100/100
|switch|p2b: Ursaluna|Ursaluna-Bloodmoon, L50, M|100/100
|-weather|Sandstorm|[from] ability: Sand Stream|[of] p1b: Tyranitar
|turn|1
|
|t:|1757742797
|move|p1a: Dragapult|U-turn|p2b: Ursaluna
|-damage|p2b: Ursaluna|78/100
|
|t:|1757742799
|switch|p1a: Whimsicott|Whimsicott, L50, F|100/100|[from] U-turn
|move|p2a: Dragonite|Scale Shot|p1b: Tyranitar
|-damage|p1b: Tyranitar|85/100
|-damage|p1b: Tyranitar|70/100
|-damage|p1b: Tyranitar|56/100
|-damage|p1b: Tyranitar|41/100
|-damage|p1b: Tyranitar|28/100
|-hitcount|p1b: Tyranitar|5
|-unboost|p2a: Dragonite|def|1
|-boost|p2a: Dragonite|spe|1
|move|p1b: Tyranitar|Rock Slide|p2a: Dragonite|[spread] p2b
|-miss|p1b: Tyranitar|p2a: Dragonite
|-resisted|p2b: Ursaluna
|-damage|p2b: Ursaluna|67/100
|move|p2b: Ursaluna|Earth Power|p1b: Tyranitar
|-supereffective|p1b: Tyranitar
|-damage|p1b: Tyranitar|0 fnt
|faint|p1b: Tyranitar
|
|-weather|Sandstorm|[upkeep]
|-damage|p2a: Dragonite|95/100|[from] Sandstorm
|-damage|p1a: Whimsicott|95/100|[from] Sandstorm
|upkeep
|
|t:|1757742835
|switch|p1b: Dragapult|Dragapult, L50, M|100/100
|turn|2
|
|t:|1757742854
|move|p1a: Whimsicott|Tailwind|p1a: Whimsicott
|-sidestart|p1: iLouca|move: Tailwind
|move|p1b: Dragapult|Dragon Darts|p2b: Ursaluna
|-damage|p2b: Ursaluna|40/100
|-anim|p1b: Dragapult|Dragon Darts|p2a: Dragonite
|-supereffective|p2a: Dragonite
|-crit|p2a: Dragonite
|-damage|p2a: Dragonite|0 fnt
|faint|p2a: Dragonite
|move|p2b: Ursaluna|Blood Moon|p1a: Whimsicott
|-damage|p1a: Whimsicott|0 fnt
|faint|p1a: Whimsicott
|
|-weather|Sandstorm|[upkeep]
|-damage|p1b: Dragapult|94/100|[from] Sandstorm
|upkeep
|
|t:|1757742870
|switch|p1a: Charizard|Charizard, L50, M|100/100
|switch|p2a: Ninetales|Ninetales-Alola, L50, M|100/100
|-weather|Snowscape|[from] ability: Snow Warning|[of] p2a: Ninetales
|turn|3
|
|t:|1757742900
|-terastallize|p1b: Dragapult|Ghost
|move|p2b: Ursaluna|Vacuum Wave|p1a: Charizard
|-resisted|p1a: Charizard
|-damage|p1a: Charizard|91/100
|move|p1b: Dragapult|Dragon Darts|p2b: Ursaluna
|-damage|p2b: Ursaluna|13/100
|-anim|p1b: Dragapult|Dragon Darts|p2b: Ursaluna
|-crit|p2b: Ursaluna
|-damage|p2b: Ursaluna|0 fnt
|faint|p2b: Ursaluna
|move|p1a: Charizard|Air Slash|p2a: Ninetales
|-crit|p2a: Ninetales
|-damage|p2a: Ninetales|22/100
|-damage|p1a: Charizard|81/100|[from] item: Life Orb
|move|p2a: Ninetales|Blizzard|p1a: Charizard|[spread] p1a,p1b
|-damage|p1a: Charizard|41/100
|-damage|p1b: Dragapult|50/100
|
|-weather|Snowscape|[upkeep]
|upkeep
|
|t:|1757742916
|switch|p2b: Rillaboom|Rillaboom, L50, F|100/100
|-fieldstart|move: Grassy Terrain|[from] ability: Grassy Surge|[of] p2b: Rillaboom
|turn|4
|
|t:|1757742928
|move|p1a: Charizard|Protect|p1a: Charizard
|-singleturn|p1a: Charizard|Protect
|move|p2b: Rillaboom|Grassy Glide|p1b: Dragapult
|-damage|p1b: Dragapult|0 fnt
|faint|p1b: Dragapult
|move|p2a: Ninetales|Aurora Veil|p2a: Ninetales
|-sidestart|p2: Mamoswinefanboi|move: Aurora Veil
|
|-weather|Snowscape|[upkeep]
|-heal|p2a: Ninetales|28/100|[from] Grassy Terrain
|upkeep
|turn|5
|
|t:|1757742939
|-terastallize|p2b: Rillaboom|Fire
|move|p1a: Charizard|Heat Wave|p2a: Ninetales|[spread] p2a,p2b
|-supereffective|p2a: Ninetales
|-resisted|p2b: Rillaboom
|-damage|p2a: Ninetales|0 fnt
|-damage|p2b: Rillaboom|86/100
|faint|p2a: Ninetales
|-damage|p1a: Charizard|32/100|[from] item: Life Orb
|move|p2b: Rillaboom|Wood Hammer|p1a: Charizard
|-resisted|p1a: Charizard
|-damage|p1a: Charizard|2/100
|-damage|p2b: Rillaboom|79/100|[from] Recoil
|
|-weather|Snowscape|[upkeep]
|-heal|p2b: Rillaboom|85/100|[from] Grassy Terrain
|-sideend|p1: iLouca|move: Tailwind
|upkeep
|turn|6
|
|t:|1757742955
|move|p2b: Rillaboom|Grassy Glide|p1a: Charizard
|-resisted|p1a: Charizard
|-damage|p1a: Charizard|0 fnt
|faint|p1a: Charizard
|
|win|Mamoswinefanboi
||Mamoswinefanboi is ready for game 2.
||iLouca is ready for game 2.
|uhtml|next|Next: Game 2 of 3
|l|☆Mamoswinefanboi
|player|p2|
|l|☆iLouca
|player|p1|
