|j|☆KuroVGC974
|j|☆papucaru
|html|KuroVGC974papucaru    
|uhtml|bestof|Game 2 of a best-of-3
|t:|1784133504
|gametype|doubles
|player|p1|KuroVGC974|2|1040
|player|p2|papucaru|101|1092
|gen|9
|tier|[Gen 9 Champions] VGC 2026 Reg M-B (Bo3)
|rated|
|rule|Species Clause: Limit one of each Pokémon
|rule|Item Clause: Limit 1 of each item
|clearpoke
|poke|p1|Sceptile, L50, F|
|poke|p1|Rotom-Heat, L50|
|poke|p1|Basculegion, L50, M, shiny|
|poke|p1|Aerodactyl, L50, M|
|poke|p1|Garchomp, L50, M|
|poke|p1|Floette-Eternal, L50, F|
|poke|p2|Farigiraf, L50, F|
|poke|p2|Kangaskhan, L50, F|
|poke|p2|Torkoal, L50, F|
|poke|p2|Camerupt, L50, M|
|poke|p2|Vileplume, L50, M|
|poke|p2|Pyroar, L50, F|
|teampreview|4
|showteam|p1|Sceptile||Sceptilite|Overgrow|EnergyBall,EarthPower,DragonPulse,Detect|Timid||F|||50|]Rotom-Heat||ChoiceScarf|Levitate|Discharge,Overheat,Thunderbolt,VoltSwitch|Timid|||||50|]Basculegion||SitrusBerry|Adaptability|LastRespects,WaveCrash,AquaJet,Protect|Adamant||M|||50|]Aerodactyl||FocusSash|Unnerve|RockSlide,DualWingbeat,Tailwind,WideGuard|Jolly||M|||50|]Garchomp||LifeOrb|RoughSkin|DragonClaw,Earthquake,RockSlide,Protect|Jolly||M|||50|]Floette-Eternal||Floettite|FlowerVeil|Moonblast,DazzlingGleam,LightofRuin,Protect|Timid||F|||50|
|showteam|p2|Farigiraf||ColburBerry|ArmorTail|Psychic,Thunderbolt,TrickRoom,Protect|Sassy||F|||50|]Kangaskhan||SilkScarf|Scrappy|FakeOut,LastResort|Brave||F|||50|]Torkoal||LifeOrb|Drought|Eruption,WeatherBall,HelpingHand,Protect|Quiet||F|||50|]Camerupt||Cameruptite|SolidRock|Eruption,Flamethrower,EarthPower,AncientPower|Quiet||M|||50|]Vileplume||FocusSash|Chlorophyll|AfterYou,SleepPowder,LeafStorm,SludgeBomb|Timid||M|||50|]Pyroar||Pyroarite|Unnerve|HeatWave,Flamethrower,SolarBeam,Protect|Timid||F|||50|
|inactive|Battle timer is ON: inactive players will automatically lose when time's up. (requested by papucaru)
|
|t:|1784133540
|teamsize|p1|4
|teamsize|p2|4
|start
|switch|p1a: Basculegion|Basculegion, L50, M, shiny|100/100
|switch|p1b: Garchomp|Garchomp, L50, M|100/100
|switch|p2a: Farigiraf|Farigiraf, L50, F|100/100
|switch|p2b: Kangaskhan|Kangaskhan, L50, F|100/100
|turn|1
|
|t:|1784133562
|move|p2b: Kangaskhan|Fake Out|p1b: Garchomp
|-damage|p1b: Garchomp|76/100
|-damage|p2b: Kangaskhan|87/100|[from] ability: Rough Skin|[of] p1b: Garchomp
|cant|p1b: Garchomp|flinch
|move|p1a: Basculegion|Wave Crash|p2a: Farigiraf
|-damage|p2a: Farigiraf|27/100
|-damage|p1a: Basculegion|72/100|[from] Recoil
|move|p2a: Farigiraf|Trick Room|p2a: Farigiraf
|-fieldstart|move: Trick Room|[of] p2a: Farigiraf
|
|upkeep
|turn|2
|
|t:|1784133578
|move|p1a: Basculegion|Protect|p1a: Basculegion
|-singleturn|p1a: Basculegion|Protect
|move|p2a: Farigiraf|Thunderbolt|p1a: Basculegion
|-activate|p1a: Basculegion|move: Protect
|move|p2b: Kangaskhan|Last Resort|p1a: Basculegion
|-activate|p1a: Basculegion|move: Protect
|move|p1b: Garchomp|Earthquake|p2a: Farigiraf|[spread] p2a,p2b
|-activate|p1a: Basculegion|move: Protect
|-crit|p2a: Farigiraf
|-damage|p2a: Farigiraf|0 fnt
|-damage|p2b: Kangaskhan|41/100
|faint|p2a: Farigiraf
|-damage|p1b: Garchomp|67/100|[from] item: Life Orb
|
|upkeep
|
|t:|1784133591
|switch|p2a: Camerupt|Camerupt, L50, M|100/100
|turn|3
|inactive|papucaru has 30 seconds left.
|inactive|papucaru has 20 seconds left.
|
|t:|1784133628
|switch|p1a: Rotom|Rotom-Heat, L50|100/100
|detailschange|p2a: Camerupt|Camerupt-Mega, L50, M
|-mega|p2a: Camerupt|Camerupt|Cameruptite
|move|p2a: Camerupt|Eruption|p1b: Garchomp|[spread] p1a,p1b
|-resisted|p1a: Rotom|1
|-resisted|p1b: Garchomp|1
|-damage|p1a: Rotom|55/100
|-damage|p1b: Garchomp|26/100
|move|p2b: Kangaskhan|Last Resort|p1a: Rotom
|-damage|p1a: Rotom|0 fnt
|faint|p1a: Rotom
|move|p1b: Garchomp|Earthquake|p2b: Kangaskhan|[spread] p2a,p2b
|-supereffective|p2a: Camerupt|1
|-damage|p2a: Camerupt|2/100
|-damage|p2b: Kangaskhan|0 fnt
|faint|p2b: Kangaskhan
|-damage|p1b: Garchomp|16/100|[from] item: Life Orb
|
|upkeep
|inactive|KuroVGC974 has 30 seconds left.
|
|t:|1784133655
|switch|p2b: Vileplume|Vileplume, L50, M|100/100
|switch|p1a: Basculegion|Basculegion, L50, M, shiny|72/100
|turn|4
|
|t:|1784133677
|move|p1b: Garchomp|Protect|p1b: Garchomp
|-singleturn|p1b: Garchomp|Protect
|move|p1a: Basculegion|Aqua Jet|p2a: Camerupt
|-supereffective|p2a: Camerupt|2
|-damage|p2a: Camerupt|0 fnt
|faint|p2a: Camerupt
|move|p2b: Vileplume|Sludge Bomb|p1b: Garchomp
|-activate|p1b: Garchomp|move: Protect
|
|upkeep
|turn|5
|
|t:|1784133691
|move|p1a: Basculegion|Last Respects|p2b: Vileplume
|-damage|p2b: Vileplume|18/100
|move|p2b: Vileplume|Sludge Bomb|p1b: Garchomp
|-resisted|p1b: Garchomp|1
|-crit|p1b: Garchomp
|-damage|p1b: Garchomp|0 fnt
|faint|p1b: Garchomp
|
|-fieldend|move: Trick Room
|upkeep
|
|t:|1784133698
|switch|p1b: Sceptile|Sceptile, L50, F|100/100
|turn|6
|
|t:|1784133709
|detailschange|p1b: Sceptile|Sceptile-Mega, L50, F
|-mega|p1b: Sceptile|Sceptile|Sceptilite
|move|p1b: Sceptile|Dragon Pulse|p2b: Vileplume
|-damage|p2b: Vileplume|0 fnt
|faint|p2b: Vileplume
|
|win|KuroVGC974
