|j|☆GlitchXDGOAT
|j|☆pechugadepollico
|html|GlitchXDGOATpechugadepollico    
|uhtml|bestof|Game 2 of a best-of-3
|t:|1784905177
|gametype|doubles
|player|p1|GlitchXDGOAT|170|1293
|player|p2|pechugadepollico|102|1328
|gen|9
|tier|[Gen 9 Champions] VGC 2026 Reg M-B (Bo3)
|rated|
|rule|Species Clause: Limit one of each Pokémon
|rule|Item Clause: Limit 1 of each item
|clearpoke
|poke|p1|Froslass, L50, F|
|poke|p1|Lycanroc-Dusk, L50, F|
|poke|p1|Scovillain, L50, M|
|poke|p1|Annihilape, L50, M|
|poke|p1|Incineroar, L50, M|
|poke|p1|Toxapex, L50, F|
|poke|p2|Milotic, L50, M, shiny|
|poke|p2|Ceruledge, L50, M|
|poke|p2|Raichu, L50, M|
|poke|p2|Incineroar, L50, F|
|poke|p2|Sneasler, L50, M|
|poke|p2|Ninetales-Alola, L50, M, shiny|
|teampreview|4
|showteam|p1|Froslass||Froslassite|CursedBody|Blizzard,ShadowBall,AuroraVeil,Protect|Timid||F|||50|]Lycanroc-Dusk||ExpertBelt|ToughClaws|Accelerock,CloseCombat,RockSlide,Protect|Jolly||F|||50|]Scovillain||Scovillainite|Chlorophyll|Overheat,LeechSeed,RagePowder,Protect|Bold||M|||50|]Annihilape||FocusSash|Defiant|PhantomForce,CloseCombat,RockTomb,Protect|Jolly||M|||50|]Incineroar||SitrusBerry|Intimidate|FakeOut,FlareBlitz,ThroatChop,PartingShot|Careful||M|||50|]Toxapex||Leftovers|Regenerator|Toxic,BanefulBunker,Infestation,WideGuard|Bold||F|||50|
|showteam|p2|Milotic||Leftovers|Competitive|Recover,Coil,Hypnosis,HydroPump|Calm||M|||50|]Ceruledge||ColburBerry|FlashFire|Protect,BulkUp,BitterBlade,ShadowSneak|Adamant||M|||50|]Raichu||RaichuniteY|LightningRod|Protect,FakeOut,ZapCannon,FocusBlast|Timid||M|||50|]Incineroar||SitrusBerry|Intimidate|FakeOut,PartingShot,DarkestLariat,FlareBlitz|Bold||F|||50|]Sneasler||FocusSash|PoisonTouch|Protect,FakeOut,DireClaw,CloseCombat|Jolly||M|||50|]Ninetales-Alola||LifeOrb|SnowWarning|Protect,Encore,FreezeDry,Blizzard|Timid||M|||50|
|inactive|Battle timer is ON: inactive players will automatically lose when time's up. (requested by GlitchXDGOAT)
|inactive|pechugadepollico has 60 seconds left.
|
|t:|1784905219
|teamsize|p1|4
|teamsize|p2|4
|start
|switch|p1a: Froslass|Froslass, L50, F|100/100
|switch|p1b: Incineroar|Incineroar, L50, M|100/100
|switch|p2a: Ninetales|Ninetales-Alola, L50, M, shiny|100/100
|switch|p2b: Milotic|Milotic, L50, M, shiny|100/100
|-weather|Snowscape|[from] ability: Snow Warning|[of] p2a: Ninetales
|-ability|p1b: Incineroar|Intimidate|boost
|-unboost|p2a: Ninetales|atk|1
|-unboost|p2b: Milotic|atk|1
|-ability|p2b: Milotic|Competitive|boost
|-boost|p2b: Milotic|spa|2
|turn|1
|
|t:|1784905239
|detailschange|p1a: Froslass|Froslass-Mega, L50, F
|-mega|p1a: Froslass|Froslass|Froslassite
|move|p2a: Ninetales|Protect|p2a: Ninetales
|-singleturn|p2a: Ninetales|Protect
|move|p1b: Incineroar|Fake Out|p2b: Milotic
|-damage|p2b: Milotic|90/100
|move|p1a: Froslass|Shadow Ball|p2a: Ninetales
|-activate|p2a: Ninetales|move: Protect
|cant|p2b: Milotic|flinch
|
|-weather|Snowscape|[upkeep]
|-heal|p2b: Milotic|96/100|[from] item: Leftovers
|upkeep
|turn|2
|
|t:|1784905249
|switch|p1b: Toxapex|Toxapex, L50, F|100/100
|move|p1a: Froslass|Aurora Veil|p1a: Froslass
|-sidestart|p1: GlitchXDGOAT|move: Aurora Veil
|move|p2a: Ninetales|Freeze-Dry|p1b: Toxapex
|-supereffective|p1b: Toxapex|1
|-damage|p1b: Toxapex|65/100
|-damage|p2a: Ninetales|90/100|[from] item: Life Orb
|move|p2b: Milotic|Coil|p2b: Milotic
|-boost|p2b: Milotic|atk|1
|-boost|p2b: Milotic|def|1
|-boost|p2b: Milotic|accuracy|1
|
|-weather|Snowscape|[upkeep]
|-heal|p2b: Milotic|100/100|[from] item: Leftovers
|-heal|p1b: Toxapex|71/100|[from] item: Leftovers
|upkeep
|turn|3
|inactive|pechugadepollico has 30 seconds left.
|inactive|pechugadepollico has 20 seconds left.
|inactive|pechugadepollico has 15 seconds left.
|inactive|pechugadepollico has 10 seconds left.
|inactive|pechugadepollico has 5 seconds left.
|
|t:|1784905303
|move|p1a: Froslass|Shadow Ball|p2a: Ninetales
|-damage|p2a: Ninetales|37/100
|move|p2a: Ninetales|Freeze-Dry|p1b: Toxapex
|-supereffective|p1b: Toxapex|1
|-damage|p1b: Toxapex|33/100
|-damage|p2a: Ninetales|28/100|[from] item: Life Orb
|move|p2b: Milotic|Hypnosis|p1b: Toxapex
|-status|p1b: Toxapex|slp|[from] move: Hypnosis
|cant|p1b: Toxapex|slp
|
|-weather|Snowscape|[upkeep]
|-heal|p1b: Toxapex|39/100 slp|[from] item: Leftovers
|upkeep
|turn|4
|
|t:|1784905323
|move|p2a: Ninetales|Protect|p2a: Ninetales
|-singleturn|p2a: Ninetales|Protect
|move|p1a: Froslass|Shadow Ball|p2a: Ninetales
|-activate|p2a: Ninetales|move: Protect
|move|p2b: Milotic|Coil|p2b: Milotic
|-boost|p2b: Milotic|atk|1
|-boost|p2b: Milotic|def|1
|-boost|p2b: Milotic|accuracy|1
|-curestatus|p1b: Toxapex|slp|[msg]
|move|p1b: Toxapex|Toxic|p2b: Milotic
|-status|p2b: Milotic|tox
|
|-weather|Snowscape|[upkeep]
|-heal|p1b: Toxapex|45/100|[from] item: Leftovers
|-damage|p2b: Milotic|94/100 tox|[from] psn
|upkeep
|turn|5
|
|t:|1784905343
|move|p1a: Froslass|Shadow Ball|p2a: Ninetales
|-damage|p2a: Ninetales|0 fnt
|faint|p2a: Ninetales
|move|p2b: Milotic|Hypnosis|p1a: Froslass
|-status|p1a: Froslass|slp|[from] move: Hypnosis
|move|p1b: Toxapex|Infestation|p2b: Milotic
|-damage|p2b: Milotic|91/100 tox
|-activate|p2b: Milotic|move: Infestation|[of] p1b: Toxapex
|
|-weather|none
|-heal|p2b: Milotic|97/100 tox|[from] item: Leftovers
|-heal|p1b: Toxapex|50/100g|[from] item: Leftovers
|-damage|p2b: Milotic|85/100 tox|[from] psn
|-damage|p2b: Milotic|73/100 tox|[from] move: Infestation|[partiallytrapped]
|upkeep
|
|t:|1784905349
|switch|p2a: Raichu|Raichu, L50, M|100/100
|turn|6
|
|t:|1784905357
|switch|p1a: Annihilape|Annihilape, L50, M|100/100
|detailschange|p2a: Raichu|Raichu-Mega-Y, L50, M
|-mega|p2a: Raichu|Raichu|Raichunite Y
|move|p1b: Toxapex|Baneful Bunker|p1b: Toxapex
|-singleturn|p1b: Toxapex|move: Protect
|move|p2a: Raichu|Zap Cannon|p1b: Toxapex
|-activate|p1b: Toxapex|move: Protect
|move|p2b: Milotic|Hydro Pump|p1a: Annihilape
|-damage|p1a: Annihilape|51/100
|
|-heal|p2b: Milotic|79/100 tox|[from] item: Leftovers
|-heal|p1b: Toxapex|56/100|[from] item: Leftovers
|-damage|p2b: Milotic|61/100 tox|[from] psn
|-damage|p2b: Milotic|49/100 tox|[from] move: Infestation|[partiallytrapped]
|-sideend|p1: GlitchXDGOAT|move: Aurora Veil
|upkeep
|turn|7
|
|t:|1784905382
|-heal|p1b: Toxapex|89/100|[from] ability: Regenerator|[silent]
|switch|p1b: Froslass|Froslass-Mega, L50, F|100/100 slp
|-weather|Snowscape|[from] ability: Snow Warning|[of] p1b: Froslass
|move|p2a: Raichu|Zap Cannon|p1a: Annihilape
|-damage|p1a: Annihilape|0 fnt
|faint|p1a: Annihilape
|move|p2b: Milotic|Hypnosis|p1b: Froslass
|-fail|p1b: Froslass|slp
|
|-weather|Snowscape|[upkeep]
|-heal|p2b: Milotic|54/100 tox|[from] item: Leftovers
|-damage|p2b: Milotic|31/100 tox|[from] psn
|-end|p2b: Milotic|Infestation|[partiallytrapped]|[silent]
|upkeep
|
|t:|1784905392
|switch|p1a: Incineroar|Incineroar, L50, M|100/100
|-ability|p1a: Incineroar|Intimidate|boost
|-unboost|p2a: Raichu|atk|1
|-unboost|p2b: Milotic|atk|1
|-ability|p2b: Milotic|Competitive|boost
|-boost|p2b: Milotic|spa|2
|turn|8
|
|t:|1784905405
|move|p2a: Raichu|Protect|p2a: Raichu
|-singleturn|p2a: Raichu|Protect
|move|p1a: Incineroar|Fake Out|p2b: Milotic
|-damage|p2b: Milotic|26/100 tox
|cant|p1b: Froslass|slp
|cant|p2b: Milotic|flinch
|
|-weather|Snowscape|[upkeep]
|-heal|p2b: Milotic|32/100 tox|[from] item: Leftovers
|-damage|p2b: Milotic|2/100 tox|[from] psn
|upkeep
|turn|9
|
|t:|1784905419
|move|p2a: Raichu|Focus Blast|p1a: Incineroar
|-supereffective|p1a: Incineroar|1
|-damage|p1a: Incineroar|34/100
|-enditem|p1a: Incineroar|Sitrus Berry|[eat]
|-heal|p1a: Incineroar|59/100|[from] item: Sitrus Berry
|-curestatus|p1b: Froslass|slp|[msg]
|move|p1b: Froslass|Blizzard|p2b: Milotic|[spread] p2a,p2b
|-crit|p2a: Raichu
|-resisted|p2b: Milotic|1
|-damage|p2a: Raichu|16/100
|-damage|p2b: Milotic|0 fnt
|faint|p2b: Milotic
|move|p1a: Incineroar|Flare Blitz|p2a: Raichu
|-damage|p2a: Raichu|0 fnt
|faint|p2a: Raichu
|-damage|p1a: Incineroar|54/100|[from] Recoil
|
|-weather|Snowscape|[upkeep]
|upkeep
|
|t:|1784905426
|switch|p2b: Ceruledge|Ceruledge, L50, M|100/100
|turn|10
|
|t:|1784905431
|move|p1b: Froslass|Shadow Ball|p2b: Ceruledge
|-supereffective|p2b: Ceruledge|1
|-damage|p2b: Ceruledge|6/100
|move|p2b: Ceruledge|Bitter Blade|p1b: Froslass
|-supereffective|p1b: Froslass|1
|-damage|p1b: Froslass|0 fnt
|-heal|p2b: Ceruledge|46/100|[from] drain|[of] p1b: Froslass
|faint|p1b: Froslass
|move|p1a: Incineroar|Throat Chop|p2b: Ceruledge
|-supereffective|p2b: Ceruledge|1
|-enditem|p2b: Ceruledge|Colbur Berry|[eat]
|-enditem|p2b: Ceruledge|Colbur Berry|[weaken]
|-damage|p2b: Ceruledge|11/100
|-start|p2b: Ceruledge|Throat Chop|[silent]
|
|-weather|Snowscape|[upkeep]
|upkeep
|
|t:|1784905436
|switch|p1b: Toxapex|Toxapex, L50, F|89/100
|turn|11
|
|t:|1784905443
|move|p2b: Ceruledge|Bitter Blade|p1b: Toxapex
|-resisted|p1b: Toxapex|1
|-damage|p1b: Toxapex|72/100
|-heal|p2b: Ceruledge|18/100|[from] drain|[of] p1b: Toxapex
|move|p1a: Incineroar|Throat Chop|p2b: Ceruledge
|-supereffective|p2b: Ceruledge|1
|-damage|p2b: Ceruledge|0 fnt
|faint|p2b: Ceruledge
|
|win|GlitchXDGOAT
|raw|GlitchXDGOAT's rating: 1293 → 1321(+28 for winning)
|raw|pechugadepollico's rating: 1328 → 1306(-22 for losing)
|l|☆pechugadepollico
|player|p2|
|c|☆GlitchXDGOAT|GG
