|j|☆TViewierVGC
|j|☆sparrow.d.ace
|html|TViewierVGCsparrow.d.ace    
|uhtml|bestof|Game 2 of a best-of-3
|t:|1756496253
|gametype|doubles
|player|p1|TViewierVGC|tuber|1114
|player|p2|sparrow.d.ace|benga|1135
|gen|9
|tier|[Gen 9] VGC 2025 Reg H (Bo3)
|rated|
|rule|Species Clause: Limit one of each Pokémon
|rule|Item Clause: Limit 1 of each item
|clearpoke
|poke|p1|Kilowattrel, L50, F|
|poke|p1|Garchomp, L50, M|
|poke|p1|Typhlosion-Hisui, L50, F|
|poke|p1|Ribombee, L50, F|
|poke|p1|Sneasler, L50, F|
|poke|p1|Corviknight, L50, M|
|poke|p2|Basculegion, L50, M|
|poke|p2|Pelipper, L50, F|
|poke|p2|Archaludon, L50, F|
|poke|p2|Sneasler, L50, F|
|poke|p2|Rillaboom, L50, F|
|poke|p2|Incineroar, L50, M|
|teampreview|4
|showteam|p1|Kilowattrel||FocusSash|Competitive|Thunderbolt,Discharge,AirSlash,Protect|||F|||50|,,,,,Electric]Garchomp||LifeOrb|RoughSkin|DragonClaw,StompingTantrum,Earthquake,Protect|||M|||50|,,,,,Ground]Typhlosion-Hisui||ChoiceScarf|Blaze|Eruption,HeatWave,Overheat,ShadowBall|||F|||50|,,,,,Fire]Ribombee||ChoiceSpecs|ShieldDust|Moonblast,DazzlingGleam,PollenPuff,TeraBlast|||F|||50|,,,,,Fire]Sneasler||ClearAmulet|PoisonTouch|DireClaw,CloseCombat,FakeOut,Protect|||F|||50|,,,,,Flying]Corviknight||SitrusBerry|MirrorArmor|BraveBird,Tailwind,Roost,Protect|||M|||50|,,,,,Dragon
|showteam|p2|Basculegion||ChoiceBand|SwiftSwim|WaveCrash,FlipTurn,LastRespects,AquaJet|||M|||50|,,,,,Water]Pelipper||CovertCloak|Drizzle|WeatherBall,Hurricane,Tailwind,Protect|||F|||50|,,,,,Ground]Archaludon||AssaultVest|Stamina|ElectroShot,DragonPulse,FlashCannon,BodyPress|||F|||50|,,,,,Bug]Sneasler||FocusSash|PoisonTouch|DireClaw,CloseCombat,ThroatChop,Protect|||F|||50|,,,,,Ghost]Rillaboom||MiracleSeed|GrassySurge|WoodHammer,GrassyGlide,Uturn,FakeOut|||F|||50|,,,,,Fire]Incineroar||SafetyGoggles|Intimidate|FakeOut,Taunt,KnockOff,PartingShot|||M|||50|,,,,,Ghost
|inactive|Battle timer is ON: inactive players will automatically lose when time's up. (requested by TViewierVGC)
|inactive|TViewierVGC has 60 seconds left.
|inactive|TViewierVGC has 30 seconds left.
|inactive|TViewierVGC has 20 seconds left.
|
|t:|1756496327
|teamsize|p1|4
|teamsize|p2|4
|start
|switch|p1a: Kilowattrel|Kilowattrel, L50, F|100/100
|switch|p1b: Corviknight|Corviknight, L50, M|100/100
|switch|p2a: Basculegion|Basculegion, L50, M, shiny|100/100
|switch|p2b: Pelipper|Pelipper, L50, F, shiny|100/100
|-weather|RainDance|[from] ability: Drizzle|[of] p2b: Pelipper
|turn|1
|inactive|sparrow.d.ace has 30 seconds left.
|
|t:|1756496359
|-terastallize|p2b: Pelipper|Ground
|move|p1a: Kilowattrel|Protect|p1a: Kilowattrel
|-singleturn|p1a: Kilowattrel|Protect
|move|p2a: Basculegion|Flip Turn|p1b: Corviknight
|-damage|p1b: Corviknight|43/100
|-enditem|p1b: Corviknight|Sitrus Berry|[eat]
|-heal|p1b: Corviknight|67/100|[from] item: Sitrus Berry
|
|t:|1756496370
|switch|p2a: Archaludon|Archaludon, L50, F|100/100|[from] Flip Turn
|move|p2b: Pelipper|Weather Ball|p1b: Corviknight
|-damage|p1b: Corviknight|16/100
|move|p1b: Corviknight|Tailwind|p1b: Corviknight
|-sidestart|p1: TViewierVGC|move: Tailwind
|
|-weather|RainDance|[upkeep]
|upkeep
|turn|2
|inactive|TViewierVGC has 30 seconds left.
|inactive|TViewierVGC has 20 seconds left.
|
|t:|1756496408
|switch|p1a: Garchomp|Garchomp, L50, M|100/100
|move|p1b: Corviknight|Brave Bird|p2b: Pelipper
|-crit|p2b: Pelipper
|-damage|p2b: Pelipper|28/100
|-damage|p1b: Corviknight|0 fnt|[from] Recoil
|faint|p1b: Corviknight
|move|p2b: Pelipper|Tailwind|p2b: Pelipper
|-sidestart|p2: sparrow.d.ace|move: Tailwind
|move|p2a: Archaludon|Electro Shot||[still]
|-prepare|p2a: Archaludon|Electro Shot
|-boost|p2a: Archaludon|spa|1
|-anim|p2a: Archaludon|Electro Shot|p1a: Garchomp
|-immune|p1a: Garchomp
|
|-weather|RainDance|[upkeep]
|upkeep
|
|t:|1756496423
|switch|p1b: Sneasler|Sneasler, L50, F|100/100
|turn|3
|
|t:|1756496442
|-terastallize|p1b: Sneasler|Flying
|move|p2b: Pelipper|Protect|p2b: Pelipper
|-singleturn|p2b: Pelipper|Protect
|move|p1b: Sneasler|Close Combat|p2a: Archaludon
|-supereffective|p2a: Archaludon
|-damage|p2a: Archaludon|11/100
|-unboost|p1b: Sneasler|def|1
|-unboost|p1b: Sneasler|spd|1
|-ability|p2a: Archaludon|Stamina|boost
|-boost|p2a: Archaludon|def|1
|move|p1a: Garchomp|Earthquake|p2a: Archaludon|[spread] p2a
|-activate|p2b: Pelipper|move: Protect
|-immune|p1b: Sneasler
|-supereffective|p2a: Archaludon
|-damage|p2a: Archaludon|0 fnt
|faint|p2a: Archaludon
|-damage|p1a: Garchomp|91/100|[from] item: Life Orb
|
|-weather|RainDance|[upkeep]
|upkeep
|
|t:|1756496462
|switch|p2a: Basculegion|Basculegion, L50, M, shiny|100/100
|turn|4
|
|t:|1756496486
|move|p2a: Basculegion|Wave Crash|p1b: Sneasler
|-damage|p1b: Sneasler|0 fnt
|faint|p1b: Sneasler
|-damage|p2a: Basculegion|74/100|[from] Recoil
|move|p1a: Garchomp|Stomping Tantrum|p2b: Pelipper
|-damage|p2b: Pelipper|0 fnt
|faint|p2b: Pelipper
|-damage|p1a: Garchomp|81/100|[from] item: Life Orb
|
|-weather|RainDance|[upkeep]
|-sideend|p1: TViewierVGC|move: Tailwind
|upkeep
|
|t:|1756496500
|switch|p1b: Kilowattrel|Kilowattrel, L50, F|100/100
|switch|p2b: Sneasler|Sneasler, L50, F|100/100
|turn|5
|
|t:|1756496509
|move|p1b: Kilowattrel|Protect|p1b: Kilowattrel
|-singleturn|p1b: Kilowattrel|Protect
|move|p1a: Garchomp|Protect|p1a: Garchomp
|-singleturn|p1a: Garchomp|Protect
|move|p2a: Basculegion|Wave Crash|p1b: Kilowattrel
|-activate|p1b: Kilowattrel|move: Protect
|move|p2b: Sneasler|Dire Claw|p1b: Kilowattrel
|-activate|p1b: Kilowattrel|move: Protect
|
|-weather|none
|-sideend|p2: sparrow.d.ace|move: Tailwind
|upkeep
|turn|6
|
|t:|1756496522
|move|p1b: Kilowattrel|Discharge|p2b: Sneasler|[spread] p2a,p2b
|-immune|p1a: Garchomp
|-supereffective|p2a: Basculegion
|-damage|p2a: Basculegion|7/100
|-damage|p2b: Sneasler|61/100
|-status|p2a: Basculegion|par
|move|p2b: Sneasler|Dire Claw|p1b: Kilowattrel
|-damage|p1b: Kilowattrel|25/100
|-status|p1b: Kilowattrel|slp
|move|p1a: Garchomp|Earthquake|p2a: Basculegion|[spread] p2a,p2b
|-immune|p1b: Kilowattrel
|-supereffective|p2b: Sneasler
|-damage|p2a: Basculegion|0 fnt
|-damage|p2b: Sneasler|0 fnt
|faint|p2a: Basculegion
|faint|p2b: Sneasler
|-damage|p1a: Garchomp|71/100|[from] item: Life Orb
|
|win|TViewierVGC
|inactive|TViewierVGC has 30 seconds to confirm battle start!
|inactive|sparrow.d.ace has 30 seconds to confirm battle start!
|inactive|TViewierVGC has 20 seconds to confirm battle start!
|inactive|sparrow.d.ace has 20 seconds to confirm battle start!
||sparrow.d.ace is ready for game 3.
||TViewierVGC is ready for game 3.
|uhtml|next|Next: Game 3 of 3
|l|☆TViewierVGC
|player|p1|
