|j|☆Phish With A PH
|j|☆dejavu1337
|html|Phish With A PHdejavu1337    
|uhtml|bestof|Game 1 of a best-of-3
|t:|1757840637
|gametype|doubles
|player|p1|Phish With A PH|wallace|1108
|player|p2|dejavu1337|1|1172
|gen|9
|tier|[Gen 9] VGC 2025 Reg H (Bo3)
|rated|
|rule|Species Clause: Limit one of each Pokémon
|rule|Item Clause: Limit 1 of each item
|clearpoke
|poke|p1|Sinistcha-Masterpiece, L50|
|poke|p1|Incineroar, L50, F|
|poke|p1|Porygon2, L50|
|poke|p1|Gliscor, L50, M|
|poke|p1|Archaludon, L50, M|
|poke|p1|Politoed, L50, F|
|poke|p2|Dondozo, L50, M|
|poke|p2|Tatsugiri, L50, M|
|poke|p2|Gholdengo, L50|
|poke|p2|Dragonite, L50, M|
|poke|p2|Indeedee, L50, M|
|poke|p2|Sneasler, L50, F|
|teampreview|4
|showteam|p1|Sinistcha-Masterpiece||RedCard|Hospitality|MatchaGotcha,ShadowBall,RagePowder,Protect||||||50|,,,,,Water]Incineroar||SafetyGoggles|Intimidate|KnockOff,FakeOut,PartingShot,Protect|||F|||50|,,,,,Ghost]Porygon2||Eviolite|Download|TeraBlast,IceBeam,TrickRoom,Protect||||||50|,,,,,Fighting]Gliscor||ToxicOrb|PoisonHeal|HighHorsepower,StruggleBug,Tailwind,Protect|||M|||50|,,,,,Water]Archaludon||AssaultVest|Stamina|BodyPress,ElectroShot,Snarl,DracoMeteor|||M|||50|,,,,,Grass]Politoed||CovertCloak|Drizzle|WeatherBall,EarthPower,IcyWind,Encore|||F|||50|,,,,,Grass
|showteam|p2|Dondozo||Leftovers|Unaware|Protect,WaveCrash,Earthquake,OrderUp|||M|||50|,,,,,Steel]Tatsugiri||ChoiceScarf|Commander|MuddyWater,DracoMeteor,IcyWind,HydroPump|||M|||50|,,,,,Steel]Gholdengo||ChoiceSpecs|GoodasGold|MakeItRain,ShadowBall,Thunderbolt,Trick||||||50|,,,,,Steel]Dragonite||LoadedDice|Multiscale|ScaleShot,Protect,ExtremeSpeed,StompingTantrum|||M|||50|,,,,,Fairy]Indeedee||FocusSash|PsychicSurge|ExpandingForce,ShadowBall,TeraBlast,Protect|||M|||50|,,,,,Fighting]Sneasler||PsychicSeed|Unburden|ThroatChop,CloseCombat,DireClaw,Protect|||F|||50|,,,,,Dark
|inactive|Battle timer is ON: inactive players will automatically lose when time's up. (requested by dejavu1337)
|inactive|Phish With A PH has 60 seconds left.
|
|t:|1757840691
|teamsize|p1|4
|teamsize|p2|4
|start
|switch|p1a: Gliscor|Gliscor, L50, M|100/100
|switch|p1b: Archaludon|Archaludon, L50, M|100/100
|switch|p2a: Gholdengo|Gholdengo, L50|100/100
|switch|p2b: Dragonite|Dragonite, L50, M|100/100
|turn|1
|inactive|dejavu1337 has 30 seconds left.
|inactive|dejavu1337 has 20 seconds left.
|inactive|dejavu1337 has 15 seconds left.
|inactive|dejavu1337 has 10 seconds left.
|inactive|dejavu1337 has 5 seconds left.
|
|t:|1757840741
|move|p2a: Gholdengo|Make It Rain|p1b: Archaludon|[spread] p1a,p1b
|-resisted|p1b: Archaludon
|-damage|p1a: Gliscor|30/100
|-damage|p1b: Archaludon|77/100
|-unboost|p2a: Gholdengo|spa|1
|-ability|p1b: Archaludon|Stamina|boost
|-boost|p1b: Archaludon|def|1
|move|p2b: Dragonite|Scale Shot|p1a: Gliscor|[miss]
|-miss|p2b: Dragonite|p1a: Gliscor
|move|p1a: Gliscor|Tailwind|p1a: Gliscor
|-sidestart|p1: Phish With A PH|move: Tailwind
|move|p1b: Archaludon|Snarl|p2a: Gholdengo|[spread] p2a,p2b
|-supereffective|p2a: Gholdengo
|-damage|p2a: Gholdengo|70/100
|-damage|p2b: Dragonite|95/100
|-unboost|p2a: Gholdengo|spa|1
|-unboost|p2b: Dragonite|spa|1
|
|-status|p1a: Gliscor|tox|[from] item: Toxic Orb
|upkeep
|turn|2
|
|t:|1757840764
|move|p1a: Gliscor|High Horsepower|p2a: Gholdengo
|-supereffective|p2a: Gholdengo
|-damage|p2a: Gholdengo|0 fnt
|faint|p2a: Gholdengo
|move|p1b: Archaludon|Draco Meteor|p2b: Dragonite
|-supereffective|p2b: Dragonite
|-damage|p2b: Dragonite|0 fnt
|-unboost|p1b: Archaludon|spa|2
|faint|p2b: Dragonite
|
|-heal|p1a: Gliscor|43/100 tox|[from] ability: Poison Heal
|upkeep
|
|t:|1757840773
|switch|p2a: Dondozo|Dondozo, L50, M, shiny|100/100
|switch|p2b: Indeedee|Indeedee, L50, M, shiny|100/100
|-fieldstart|move: Psychic Terrain|[from] ability: Psychic Surge|[of] p2b: Indeedee
|turn|3
|
|t:|1757840788
|-terastallize|p2b: Indeedee|Fighting
|move|p1a: Gliscor|Struggle Bug|p2b: Indeedee|[spread] p2a,p2b
|-resisted|p2b: Indeedee
|-damage|p2a: Dondozo|96/100
|-damage|p2b: Indeedee|98/100
|-unboost|p2a: Dondozo|spa|1
|-unboost|p2b: Indeedee|spa|1
|move|p1b: Archaludon|Snarl|p2a: Dondozo|[spread] p2a,p2b
|-resisted|p2b: Indeedee
|-damage|p2a: Dondozo|83/100
|-damage|p2b: Indeedee|93/100
|-unboost|p2a: Dondozo|spa|1
|-unboost|p2b: Indeedee|spa|1
|move|p2b: Indeedee|Tera Blast|p1b: Archaludon|[anim] Tera Blast Fighting
|-supereffective|p1b: Archaludon
|-crit|p1b: Archaludon
|-damage|p1b: Archaludon|0 fnt
|faint|p1b: Archaludon
|move|p2a: Dondozo|Wave Crash|p1a: Gliscor
|-supereffective|p1a: Gliscor
|-damage|p1a: Gliscor|0 fnt
|faint|p1a: Gliscor
|-damage|p2a: Dondozo|72/100|[from] Recoil
|
|-heal|p2a: Dondozo|79/100|[from] item: Leftovers
|upkeep
|
|t:|1757840797
|switch|p1a: Politoed|Politoed, L50, F|100/100
|switch|p1b: Incineroar|Incineroar, L50, F|100/100
|-weather|RainDance|[from] ability: Drizzle|[of] p1a: Politoed
|-ability|p1b: Incineroar|Intimidate|boost
|-unboost|p2a: Dondozo|atk|1
|-unboost|p2b: Indeedee|atk|1
|turn|4
|
|t:|1757840821
|-terastallize|p1a: Politoed|Grass
|move|p1b: Incineroar|Protect|p1b: Incineroar
|-singleturn|p1b: Incineroar|Protect
|move|p1a: Politoed|Icy Wind|p2a: Dondozo|[spread] p2a,p2b
|-resisted|p2a: Dondozo
|-damage|p2a: Dondozo|73/100
|-damage|p2b: Indeedee|80/100
|-unboost|p2a: Dondozo|spe|1
|-unboost|p2b: Indeedee|spe|1
|move|p2b: Indeedee|Expanding Force|p1b: Incineroar|[spread] p1a
|-activate|p1b: Incineroar|move: Protect
|-damage|p1a: Politoed|80/100
|move|p2a: Dondozo|Wave Crash|p1b: Incineroar
|-activate|p1b: Incineroar|move: Protect
|
|-weather|RainDance|[upkeep]
|-heal|p2a: Dondozo|80/100|[from] item: Leftovers
|-sideend|p1: Phish With A PH|move: Tailwind
|upkeep
|turn|5
|
|t:|1757840841
|move|p2b: Indeedee|Tera Blast|p1b: Incineroar|[anim] Tera Blast Fighting
|-supereffective|p1b: Incineroar
|-damage|p1b: Incineroar|68/100
|move|p1a: Politoed|Weather Ball|p2b: Indeedee
|-crit|p2b: Indeedee
|-damage|p2b: Indeedee|0 fnt
|faint|p2b: Indeedee
|move|p1b: Incineroar|Knock Off|p2a: Dondozo
|-damage|p2a: Dondozo|47/100
|-enditem|p2a: Dondozo|Leftovers|[from] move: Knock Off|[of] p1b: Incineroar
|move|p2a: Dondozo|Wave Crash|p1b: Incineroar
|-supereffective|p1b: Incineroar
|-damage|p1b: Incineroar|0 fnt
|faint|p1b: Incineroar
|-damage|p2a: Dondozo|30/100|[from] Recoil
|
|-weather|RainDance|[upkeep]
|upkeep
|turn|6
|
|t:|1757840863
|move|p1a: Politoed|Earth Power|p2a: Dondozo
|-damage|p2a: Dondozo|6/100
|move|p2a: Dondozo|Order Up|p1a: Politoed
|-damage|p1a: Politoed|60/100
|
|-weather|RainDance|[upkeep]
|upkeep
|turn|7
|-message|dejavu1337 forfeited.
|
|win|Phish With A PH
|l|☆dejavu1337
|player|p2|
||dejavu1337 is ready for game 2.
||Phish With A PH is ready for game 2.
|uhtml|next|Next: Game 2 of 3
