|j|☆mtnchad69
|j|‽purplesty
|html|mtnchad69purplesty    
|uhtml|bestof|Game 3 of a best-of-3
|t:|1785016402
|gametype|doubles
|player|p1|mtnchad69|brycen|
|player|p2|purplesty|blackbelt-gen4dp|
|gen|9
|tier|[Gen 9 Champions] VGC 2026 Reg M-B (Bo3)
|rule|Species Clause: Limit one of each Pokémon
|rule|Item Clause: Limit 1 of each item
|clearpoke
|poke|p1|Whimsicott, L50, M, shiny|
|poke|p1|Metagross, L50, shiny|
|poke|p1|Charizard, L50, F, shiny|
|poke|p1|Dragapult, L50, F|
|poke|p1|Rotom-Mow, L50, shiny|
|poke|p1|Hydreigon, L50, M, shiny|
|poke|p2|Pelipper, L50, F|
|poke|p2|Basculegion, L50, M|
|poke|p2|Dragonite, L50, F|
|poke|p2|Metagross, L50, shiny|
|poke|p2|Sinistcha, L50|
|poke|p2|Clawitzer, L50, F|
|teampreview|4
|showteam|p1|Whimsicott||FocusSash|Prankster|LightScreen,Encore,WorrySeed,Moonblast|Modest||M|||50|]Metagross||Metagrossite|ClearBody|BulletPunch,HammerArm,Protect,PsychicFangs|Adamant|||||50|]Charizard||CharizarditeY|Blaze|HeatWave,SolarBeam,Protect,WeatherBall|Calm||F|||50|]Dragapult||LifeOrb|ClearBody|Uturn,DragonTail,PhantomForce,Protect|Jolly||F|||50|]Rotom-Mow||Leftovers|Levitate|WillOWisp,LeafStorm,Thunderbolt,Protect|Serious|||||50|]Hydreigon||ChoiceScarf|Levitate|Snarl,HeatWave,DarkPulse,DracoMeteor|Modest||M|||50|
|showteam|p2|Pelipper||DampRock|Drizzle|Tailwind,Hurricane,WideGuard,WeatherBall|Modest||F|||50|]Basculegion||ChoiceScarf|Adaptability|LastRespects,Liquidation,FlipTurn,IceFang|Adamant||M|||50|]Dragonite||KingsRock|Multiscale|ExtremeSpeed,Earthquake,DragonClaw,Protect|Jolly||F|||50|]Metagross||Metagrossite|ClearBody|Earthquake,PsychicFangs,MeteorMash,Protect|Adamant|||||50|]Sinistcha||Leftovers|Hospitality|MatchaGotcha,ShadowBall,StrengthSap,RagePowder|Calm|||||50|]Clawitzer||ExpertBelt|MegaLauncher|WaterPulse,DarkPulse,AuraSphere,IceBeam|Modest||F|||50|
|inactive|Battle timer is ON: inactive players will automatically lose when time's up. (requested by purplesty)
|j| ondawhim
|inactive|mtnchad69 has 60 seconds left.
|inactive|purplesty has 60 seconds left.
|
|t:|1785016447
|teamsize|p1|4
|teamsize|p2|4
|start
|switch|p1a: Charifoid|Charizard, L50, F, shiny|100/100
|switch|p1b: F35|Dragapult, L50, F|100/100
|switch|p2a: Basculegion|Basculegion, L50, M|100/100
|switch|p2b: Clawitzer|Clawitzer, L50, F|100/100
|turn|1
|inactive|mtnchad69 has 30 seconds left.
|inactive|purplesty has 30 seconds left.
|
|t:|1785016476
|switch|p2b: Metagross|Metagross, L50, shiny|100/100
|move|p1a: Charifoid|Protect|p1a: Charifoid
|-singleturn|p1a: Charifoid|Protect
|move|p1b: F35|Phantom Force||[still]
|-prepare|p1b: F35|Phantom Force
|move|p2a: Basculegion|Flip Turn|p1a: Charifoid
|-activate|p1a: Charifoid|move: Protect
|
|upkeep
|turn|2
|
|t:|1785016492
|switch|p2a: Big P|Pelipper, L50, F|100/100
|-weather|RainDance|[from] ability: Drizzle|[of] p2a: Big P
|switch|p1a: Hidreigon|Hydreigon, L50, M, shiny|100/100
|detailschange|p2b: Metagross|Metagross-Mega, L50, shiny
|-mega|p2b: Metagross|Metagross|Metagrossite
|move|p2b: Metagross|Protect|p2b: Metagross
|-singleturn|p2b: Metagross|Protect
|move|p1b: F35|Phantom Force|p2a: Big P|[from] lockedmove
|-damage|p2a: Big P|21/100
|-damage|p1b: F35|90/100|[from] item: Life Orb
|
|-weather|RainDance|[upkeep]
|upkeep
|turn|3
|
|t:|1785016514
|switch|p2b: Clawitzer|Clawitzer, L50, F|100/100
|move|p1a: Hidreigon|Snarl|p2a: Big P|[spread] p2a,p2b
|-damage|p2a: Big P|0 fnt
|-damage|p2b: Clawitzer|72/100
|-unboost|p2b: Clawitzer|spa|1
|faint|p2a: Big P
|move|p1b: F35|Phantom Force||[still]
|-prepare|p1b: F35|Phantom Force
|
|-weather|RainDance|[upkeep]
|upkeep
|
|t:|1785016521
|switch|p2a: Basculegion|Basculegion, L50, M|100/100
|turn|4
|
|t:|1785016527
|move|p1a: Hidreigon|Snarl|p2a: Basculegion|[spread] p2a,p2b
|-supereffective|p2a: Basculegion|1
|-damage|p2a: Basculegion|48/100
|-damage|p2b: Clawitzer|43/100
|-unboost|p2a: Basculegion|spa|1
|-unboost|p2b: Clawitzer|spa|1
|move|p1b: F35|Phantom Force|p2b: Clawitzer|[from] lockedmove
|-damage|p2b: Clawitzer|0 fnt
|faint|p2b: Clawitzer
|-damage|p1b: F35|80/100|[from] item: Life Orb
|move|p2a: Basculegion|Ice Fang|p1a: Hidreigon
|-supereffective|p1a: Hidreigon|1
|-damage|p1a: Hidreigon|54/100
|
|-weather|RainDance|[upkeep]
|upkeep
|
|t:|1785016531
|switch|p2b: Metagross|Metagross-Mega, L50, shiny|100/100
|turn|5
|
|t:|1785016549
|move|p1a: Hidreigon|Snarl|p2a: Basculegion|[spread] p2a,p2b
|-supereffective|p2a: Basculegion|1
|-supereffective|p2b: Metagross|1
|-damage|p2a: Basculegion|1/100
|-damage|p2b: Metagross|56/100
|-unboost|p2a: Basculegion|spa|1
|-unboost|p2b: Metagross|spa|1
|move|p1b: F35|Phantom Force||[still]
|-prepare|p1b: F35|Phantom Force
|move|p2a: Basculegion|Ice Fang|p1b: F35|[miss]
|-miss|p2a: Basculegion|p1b: F35
|move|p2b: Metagross|Meteor Mash|p1a: Hidreigon
|-damage|p1a: Hidreigon|0 fnt
|-boost|p2b: Metagross|atk|1
|faint|p1a: Hidreigon
|
|-weather|RainDance|[upkeep]
|upkeep
|l|‽purplesty
|inactive|purplesty disconnected and has 300 seconds to reconnect!
|player|p2|
|
|t:|1785016564
|switch|p1a: Charifoid|Charizard, L50, F, shiny|100/100
|turn|6
|inactive|purplesty has 270 seconds to reconnect!
|j|‽purplesty
|inactive|purplesty reconnected and has 55 seconds left.
|player|p2|purplesty|blackbelt-gen4dp|
|n|‽purplesty|purplesty
|
|t:|1785016617
|detailschange|p1a: Charifoid|Charizard-Mega-Y, L50, F, shiny
|-mega|p1a: Charifoid|Charizard|Charizardite Y
|-weather|SunnyDay|[from] ability: Drought|[of] p1a: Charifoid
|move|p2b: Metagross|Protect|p2b: Metagross
|-singleturn|p2b: Metagross|Protect
|move|p1b: F35|Phantom Force|p2b: Metagross|[from] lockedmove
|-activate|p2b: Metagross|move: Phantom Force|[broken]
|-supereffective|p2b: Metagross|1
|-damage|p2b: Metagross|0 fnt
|faint|p2b: Metagross
|-damage|p1b: F35|71/100|[from] item: Life Orb
|move|p2a: Basculegion|Ice Fang|p1b: F35
|-supereffective|p1b: F35|1
|-damage|p1b: F35|10/100
|move|p1a: Charifoid|Heat Wave|p2a: Basculegion
|-resisted|p2a: Basculegion|1
|-damage|p2a: Basculegion|0 fnt
|faint|p2a: Basculegion
|
|win|mtnchad69
|l|‽purplesty
|player|p2|
|l|☆mtnchad69
|player|p1|
|l| ondawhim
|j|‽purplesty
|player|p2|purplesty|blackbelt-gen4dp|
|n|‽purplesty|purplesty
