|j|☆555jjjhjhjhj
|j|☆sarkysays
|html|555jjjhjhjhjsarkysays    
|uhtml|bestof|Game 3 of a best-of-3
|t:|1783410405
|gametype|doubles
|player|p1|555jjjhjhjhj|2|1107
|player|p2|sarkysays|101|1106
|gen|9
|tier|[Gen 9 Champions] VGC 2026 Reg M-B (Bo3)
|rated|
|rule|Species Clause: Limit one of each Pokémon
|rule|Item Clause: Limit 1 of each item
|clearpoke
|poke|p1|Eelektross, L50, F|
|poke|p1|Garchomp, L50, M|
|poke|p1|Staraptor, L50, M|
|poke|p1|Whimsicott, L50, M|
|poke|p1|Sinistcha, L50|
|poke|p1|Incineroar, L50, F|
|poke|p2|Meganium, L50, F|
|poke|p2|Volcarona, L50, M|
|poke|p2|Metagross, L50|
|poke|p2|Overqwil, L50, F|
|poke|p2|Pelipper, L50, F|
|poke|p2|Garchomp, L50, F|
|teampreview|4
|showteam|p1|Eelektross||Eelektrossite|Levitate|Thunderbolt,Protect,GigaDrain,FlashCannon|Timid||F|||50|]Garchomp||LifeOrb|RoughSkin|Earthquake,IronHead,RockSlide,StompingTantrum|Jolly||M|||50|]Staraptor||Staraptite|Intimidate|Protect,BraveBird,CloseCombat,Roost|Adamant||M|||50|]Whimsicott||FocusSash|Prankster|Encore,Tailwind,Tickle,Moonblast|Bold||M|||50|]Sinistcha||CobaBerry|Hospitality|Protect,RagePowder,MatchaGotcha,StrengthSap|Bold|||||50|]Incineroar||SitrusBerry|Intimidate|FakeOut,PartingShot,FlareBlitz,ThroatChop|Adamant||F|||50|
|showteam|p2|Meganium||Meganiumite|Overgrow|DazzlingGleam,SolarBeam,Protect,WeatherBall|Modest||F|||50|]Volcarona||FocusSash|FlameBody|RagePowder,Tailwind,HeatWave,LightScreen|Modest||M|||50|]Metagross||Metagrossite|ClearBody|PsychicFangs,Earthquake,IronHead,Protect|Jolly|||||50|]Overqwil||ExpertBelt|Intimidate|Crunch,Taunt,BarbBarrage,Protect|Adamant||F|||50|]Pelipper||MysticWater|Drizzle|Hurricane,WeatherBall,IceBeam,WideGuard|Modest||F|||50|]Garchomp||Leftovers|RoughSkin|StompingTantrum,DragonClaw,RockSlide,Protect|Jolly||F|||50|
|inactive|Battle timer is ON: inactive players will automatically lose when time's up. (requested by sarkysays)
|inactive|sarkysays has 60 seconds left.
|
|t:|1783410442
|teamsize|p1|4
|teamsize|p2|4
|start
|switch|p1a: Garchomp|Garchomp, L50, M|100/100
|switch|p1b: Whimsicott|Whimsicott, L50, M|100/100
|switch|p2a: Overqwil|Overqwil, L50, F|100/100
|switch|p2b: Meganium|Meganium, L50, F|100/100
|-ability|p2a: Overqwil|Intimidate|boost
|-unboost|p1a: Garchomp|atk|1
|-unboost|p1b: Whimsicott|atk|1
|turn|1
|
|t:|1783410465
|move|p2b: Meganium|Protect|p2b: Meganium
|-singleturn|p2b: Meganium|Protect
|move|p1b: Whimsicott|Tickle|p2b: Meganium
|-activate|p2b: Meganium|move: Protect
|move|p1a: Garchomp|Iron Head|p2b: Meganium
|-activate|p2b: Meganium|move: Protect
|move|p2a: Overqwil|Barb Barrage|p1b: Whimsicott
|-supereffective|p1b: Whimsicott|2
|-crit|p1b: Whimsicott
|-enditem|p1b: Whimsicott|Focus Sash
|-damage|p1b: Whimsicott|1/100
|-status|p1b: Whimsicott|psn
|
|-damage|p1b: Whimsicott|0 fnt|[from] psn
|faint|p1b: Whimsicott
|upkeep
|
|t:|1783410483
|switch|p1b: Incineroar|Incineroar, L50, F|100/100
|-ability|p1b: Incineroar|Intimidate|boost
|-unboost|p2a: Overqwil|atk|1
|-unboost|p2b: Meganium|atk|1
|turn|2
|inactive|sarkysays has 30 seconds left.
|inactive|sarkysays has 20 seconds left.
|inactive|sarkysays has 15 seconds left.
|
|t:|1783410526
|switch|p2b: Garchomp|Garchomp, L50, F|100/100
|move|p2a: Overqwil|Protect|p2a: Overqwil
|-singleturn|p2a: Overqwil|Protect
|move|p1a: Garchomp|Stomping Tantrum|p2a: Overqwil
|-activate|p2a: Overqwil|move: Protect
|move|p1b: Incineroar|Flare Blitz|p2b: Garchomp
|-resisted|p2b: Garchomp|1
|-damage|p2b: Garchomp|65/100
|-damage|p1b: Incineroar|87/100|[from] ability: Rough Skin|[of] p2b: Garchomp
|-damage|p1b: Incineroar|77/100|[from] Recoil
|
|-heal|p2b: Garchomp|71/100|[from] item: Leftovers
|upkeep
|turn|3
|inactive|555jjjhjhjhj has 30 seconds left.
|inactive|sarkysays has 30 seconds left.
|inactive|sarkysays has 20 seconds left.
|inactive|sarkysays has 15 seconds left.
|inactive|sarkysays has 10 seconds left.
|
|t:|1783410573
|switch|p2a: Pelipper|Pelipper, L50, F|100/100
|-weather|RainDance|[from] ability: Drizzle|[of] p2a: Pelipper
|switch|p1b: Staraptor|Staraptor, L50, M|100/100
|-ability|p1b: Staraptor|Intimidate|boost
|-unboost|p2a: Pelipper|atk|1
|-unboost|p2b: Garchomp|atk|1
|move|p2b: Garchomp|Protect|p2b: Garchomp
|-singleturn|p2b: Garchomp|Protect
|move|p1a: Garchomp|Stomping Tantrum|p2a: Pelipper
|-immune|p2a: Pelipper
|
|-weather|RainDance|[upkeep]
|-heal|p2b: Garchomp|77/100|[from] item: Leftovers
|upkeep
|turn|4
|inactive|sarkysays has 30 seconds left.
|inactive|sarkysays has 20 seconds left.
|inactive|sarkysays has 15 seconds left.
|inactive|sarkysays has 10 seconds left.
|
|t:|1783410619
|detailschange|p1b: Staraptor|Staraptor-Mega, L50, M
|-mega|p1b: Staraptor|Staraptor|Staraptite
|move|p1a: Garchomp|Rock Slide|p2a: Pelipper|[spread] p2a,p2b
|-supereffective|p2a: Pelipper|1
|-resisted|p2b: Garchomp|1
|-damage|p2a: Pelipper|64/100
|-damage|p2b: Garchomp|69/100
|-damage|p1a: Garchomp|90/100|[from] item: Life Orb
|cant|p2b: Garchomp|flinch
|move|p1b: Staraptor|Close Combat|p2b: Garchomp
|-damage|p2b: Garchomp|0 fnt
|-boost|p1b: Staraptor|def|1
|-boost|p1b: Staraptor|spd|1
|-damage|p1b: Staraptor|87/100|[from] ability: Rough Skin|[of] p2b: Garchomp
|faint|p2b: Garchomp
|move|p2a: Pelipper|Weather Ball|p1a: Garchomp
|-damage|p1a: Garchomp|5/100
|
|-weather|RainDance|[upkeep]
|upkeep
|
|t:|1783410631
|switch|p2b: Meganium|Meganium, L50, F|100/100
|turn|5
|
|t:|1783410654
|move|p2b: Meganium|Protect|p2b: Meganium
|-singleturn|p2b: Meganium|Protect
|move|p1a: Garchomp|Rock Slide|p2b: Meganium|[spread] p2a
|-activate|p2b: Meganium|move: Protect
|-supereffective|p2a: Pelipper|1
|-damage|p2a: Pelipper|29/100
|-damage|p1a: Garchomp|0 fnt|[from] item: Life Orb
|faint|p1a: Garchomp
|move|p1b: Staraptor|Brave Bird|p2a: Pelipper
|-damage|p2a: Pelipper|0 fnt
|faint|p2a: Pelipper
|-damage|p1b: Staraptor|77/100|[from] Recoil
|
|-weather|RainDance|[upkeep]
|upkeep
|
|t:|1783410668
|switch|p1a: Incineroar|Incineroar, L50, F|77/100
|switch|p2a: Overqwil|Overqwil, L50, F|100/100
|-ability|p2a: Overqwil|Intimidate|boost
|-unboost|p1a: Incineroar|atk|1
|-boost|p1b: Staraptor|atk|1
|-ability|p1a: Incineroar|Intimidate|boost
|-unboost|p2a: Overqwil|atk|1
|-unboost|p2b: Meganium|atk|1
|turn|6
|
|t:|1783410691
|move|p2b: Meganium|Protect||[still]
|-fail|p2b: Meganium
|move|p1a: Incineroar|Fake Out|p2a: Overqwil
|-damage|p2a: Overqwil|88/100
|move|p1b: Staraptor|Brave Bird|p2b: Meganium
|-supereffective|p2b: Meganium|1
|-damage|p2b: Meganium|0 fnt
|faint|p2b: Meganium
|-damage|p1b: Staraptor|46/100|[from] Recoil
|cant|p2a: Overqwil|flinch
|
|-weather|RainDance|[upkeep]
|upkeep
|turn|7
|
|t:|1783410710
|move|p1b: Staraptor|Close Combat|p2a: Overqwil
|-damage|p2a: Overqwil|0 fnt
|-boost|p1b: Staraptor|def|1
|-boost|p1b: Staraptor|spd|1
|faint|p2a: Overqwil
|
|win|555jjjhjhjhj
|raw|555jjjhjhjhj's rating: 1107 → 1132(+25 for winning)
|raw|sarkysays's rating: 1106 → 1081(-25 for losing)
