|j|☆ester98
|j|☆xhooorxhi
|html|ester98xhooorxhi    
|uhtml|bestof|Game 1 of a best-of-3
|t:|1756246089
|gametype|doubles
|player|p1|ester98|1|
|player|p2|xhooorxhi|pokemonbreeder-gen4|
|gen|9
|tier|[Gen 9] VGC 2025 Reg H (Bo3)
|rule|Species Clause: Limit one of each Pokémon
|rule|Item Clause: Limit 1 of each item
|clearpoke
|poke|p1|Incineroar, L50, F|
|poke|p1|Amoonguss, L50, M|
|poke|p1|Ursaluna-Bloodmoon, L50, M|
|poke|p1|Sneasler, L50, F|
|poke|p1|Gholdengo, L50|
|poke|p1|Dragonite, L50, M|
|poke|p2|Decidueye-Hisui, L50, F|
|poke|p2|Clefable, L50, M|
|poke|p2|Dragonite, L50, M|
|poke|p2|Empoleon, L50, M|
|poke|p2|Typhlosion-Hisui, L50, F|
|poke|p2|Dragapult, L50, M|
|teampreview|4
|showteam|p1|Incineroar||SafetyGoggles|Intimidate|FlareBlitz,KnockOff,PartingShot,FakeOut|||F|||50|,,,,,Ghost]Amoonguss||SitrusBerry|Regenerator|Spore,RagePowder,PollenPuff,Protect|||M|||50|,,,,,Psychic]Ursaluna-Bloodmoon||AssaultVest|MindsEye|HyperVoice,BloodMoon,EarthPower,VacuumWave|||M|||50|,,,,,Water]Sneasler||FocusSash|Unburden|CloseCombat,DireClaw,ThroatChop,Protect|||F|||50|,,,,,Stellar]Gholdengo||LifeOrb|GoodasGold|MakeItRain,ShadowBall,NastyPlot,Protect||||||50|,,,,,Water]Dragonite||LoadedDice|Multiscale|ScaleShot,Tailwind,Haze,Protect|||M|||50|,,,,,Fairy
|showteam|p2|Decidueye-Hisui||ScopeLens|Scrappy|TripleArrows,BraveBird,LeafBlade,Protect|||F|||50|,,,,,Flying]Clefable||AguavBerry|Unaware|FollowMe,Moonblast,Protect,MistyTerrain|||M|||50|,,,,,Water]Dragonite||LoadedDice|Multiscale|ScaleShot,IceSpinner,Tailwind,Protect|||M|||50|,,,,,Fairy]Empoleon||CovertCloak|Competitive|HydroPump,FlashCannon,IcyWind,Protect|||M|||50|,,,,,Ghost]Typhlosion-Hisui||ChoiceScarf|Blaze|Eruption,Overheat,ShadowBall,HeatWave|||F|||50|,,,,,Fire]Dragapult||ChoiceBand|ClearBody|Outrage,DragonDarts,PhantomForce,Uturn|||M|||50|,,,,,Dragon
|inactive|Battle timer is ON: inactive players will automatically lose when time's up. (requested by xhooorxhi)
|inactiveoff|Battle timer is now OFF.
|c|☆ester98|ooh
|c|☆ester98|am i getting pledged all over
|c|☆xhooorxhi|you have given me something to consider
|c|☆xhooorxhi|that would be fun lol
|c|☆ester98|idr what effect typhlosion can get
|
|t:|1756246181
|teamsize|p1|4
|teamsize|p2|4
|start
|switch|p1a: Dragonite|Dragonite, L50, M|100/100
|switch|p1b: Sneasler|Sneasler, L50, F|100/100
|switch|p2a: Empoleon|Empoleon, L50, M|100/100
|switch|p2b: Dragapult|Dragapult, L50, M, shiny|100/100
|turn|1
|c|☆ester98|glhf
|c|☆xhooorxhi|to you as well
|
|t:|1756246216
|-terastallize|p2a: Empoleon|Ghost
|move|p2b: Dragapult|U-turn|p1a: Dragonite
|-resisted|p1a: Dragonite
|-damage|p1a: Dragonite|89/100
|
|t:|1756246227
|switch|p2b: Decidueye|Decidueye-Hisui, L50, F, shiny|100/100|[from] U-turn
|move|p1b: Sneasler|Throat Chop|p2b: Decidueye
|-resisted|p2b: Decidueye
|-damage|p2b: Decidueye|85/100
|-start|p2b: Decidueye|Throat Chop|[silent]
|move|p1a: Dragonite|Tailwind|p1a: Dragonite
|-sidestart|p1: ester98|move: Tailwind
|move|p2a: Empoleon|Icy Wind|p1b: Sneasler|[spread] p1a,p1b
|-supereffective|p1a: Dragonite
|-damage|p1a: Dragonite|25/100
|-damage|p1b: Sneasler|80/100
|-unboost|p1a: Dragonite|spe|1
|-unboost|p1b: Sneasler|spe|1
|
|upkeep
|turn|2
|
|t:|1756246248
|move|p2a: Empoleon|Protect|p2a: Empoleon
|-singleturn|p2a: Empoleon|Protect
|move|p1b: Sneasler|Throat Chop|p2a: Empoleon
|-activate|p2a: Empoleon|move: Protect
|move|p1a: Dragonite|Scale Shot|p2b: Decidueye
|-damage|p2b: Decidueye|69/100
|-damage|p2b: Decidueye|54/100
|-damage|p2b: Decidueye|35/100
|-damage|p2b: Decidueye|19/100
|-hitcount|p2b: Decidueye|4
|-unboost|p1a: Dragonite|def|1
|-boost|p1a: Dragonite|spe|1
|move|p2b: Decidueye|Brave Bird|p1b: Sneasler
|-supereffective|p1b: Sneasler
|-damage|p1b: Sneasler|0 fnt
|faint|p1b: Sneasler
|-damage|p2b: Decidueye|0 fnt|[from] Recoil
|faint|p2b: Decidueye
|
|upkeep
|
|t:|1756246266
|switch|p1b: Gholdengo|Gholdengo, L50|100/100
|switch|p2b: Dragapult|Dragapult, L50, M, shiny|100/100
|turn|3
|
|t:|1756246279
|switch|p2b: Clefable|Clefable, L50, M|100/100
|move|p1b: Gholdengo|Shadow Ball|p2a: Empoleon
|-supereffective|p2a: Empoleon
|-damage|p2a: Empoleon|1/100
|-damage|p1b: Gholdengo|91/100|[from] item: Life Orb
|move|p1a: Dragonite|Scale Shot|p2b: Clefable
|-immune|p2b: Clefable
|move|p2a: Empoleon|Icy Wind|p1a: Dragonite|[spread] p1a,p1b
|-supereffective|p1a: Dragonite
|-resisted|p1b: Gholdengo
|-damage|p1a: Dragonite|0 fnt
|-damage|p1b: Gholdengo|84/100
|-unboost|p1b: Gholdengo|spe|1
|faint|p1a: Dragonite
|
|upkeep
|
|t:|1756246283
|switch|p1a: Ursaluna|Ursaluna-Bloodmoon, L50, M|100/100
|turn|4
|
|t:|1756246304
|move|p2b: Clefable|Protect|p2b: Clefable
|-singleturn|p2b: Clefable|Protect
|move|p1b: Gholdengo|Make It Rain|p2b: Clefable|[spread] p2a
|-activate|p2b: Clefable|move: Protect
|-damage|p2a: Empoleon|0 fnt
|-unboost|p1b: Gholdengo|spa|1
|faint|p2a: Empoleon
|-damage|p1b: Gholdengo|74/100|[from] item: Life Orb
|move|p1a: Ursaluna|Blood Moon|p2b: Clefable
|-activate|p2b: Clefable|move: Protect
|
|-sideend|p1: ester98|move: Tailwind
|upkeep
|
|t:|1756246309
|switch|p2a: Dragapult|Dragapult, L50, M, shiny|100/100
|turn|5
|
|t:|1756246327
|move|p2b: Clefable|Follow Me|p2b: Clefable
|-singleturn|p2b: Clefable|move: Follow Me
|move|p2a: Dragapult|Outrage|p1b: Gholdengo
|-resisted|p1b: Gholdengo
|-damage|p1b: Gholdengo|26/100
|move|p1b: Gholdengo|Make It Rain|p2a: Dragapult|[spread] p2a,p2b
|-supereffective|p2b: Clefable
|-crit|p2b: Clefable
|-damage|p2a: Dragapult|44/100
|-damage|p2b: Clefable|0 fnt
|-unboost|p1b: Gholdengo|spa|1
|faint|p2b: Clefable
|-damage|p1b: Gholdengo|16/100|[from] item: Life Orb
|move|p1a: Ursaluna|Hyper Voice|p2a: Dragapult
|-damage|p2a: Dragapult|0 fnt
|faint|p2a: Dragapult
|
|win|ester98
||ester98 is ready for game 2.
||xhooorxhi is ready for game 2.
|uhtml|next|Next: Game 2 of 3
|l|☆xhooorxhi
|player|p2|
