|j|☆big electric fan
|j|☆raksbach
|html|big electric fanraksbach    
|uhtml|bestof|Game 1 of a best-of-3
|t:|1784134410
|gametype|doubles
|player|p1|big electric fan|liza|1183
|player|p2|raksbach|265|1309
|gen|9
|tier|[Gen 9 Champions] VGC 2026 Reg M-B (Bo3)
|rated|
|rule|Species Clause: Limit one of each Pokémon
|rule|Item Clause: Limit 1 of each item
|clearpoke
|poke|p1|Scrafty, L50, M|
|poke|p1|Metagross, L50|
|poke|p1|Mamoswine, L50, F|
|poke|p1|Toxapex, L50, F|
|poke|p1|Dragonite, L50, M|
|poke|p1|Charizard, L50, F|
|poke|p2|Incineroar, L50, M|
|poke|p2|Maushold, L50|
|poke|p2|Sinistcha, L50|
|poke|p2|Sneasler, L50, F|
|poke|p2|Blastoise, L50, F|
|poke|p2|Delphox, L50, F|
|teampreview|4
|showteam|p1|Scrafty||Scraftinite|Intimidate|ThroatChop,DrainPunch,FakeOut,Protect|Impish||M|||50|]Metagross||MetalCoat|ClearBody|MeteorMash,PsychicFangs,BulletPunch,Protect|Adamant|||||50|]Mamoswine||FocusSash|Oblivious|Earthquake,IcicleCrash,IceShard,Protect|Adamant||F|||50|]Toxapex||Leftovers|Regenerator|Infestation,Toxic,WideGuard,BanefulBunker|Bold||F|||50|]Dragonite||DragonFang|Multiscale|DragonClaw,ExtremeSpeed,FirePunch,Protect|Adamant||M|||50|]Charizard||CharizarditeY|Blaze|HeatWave,SolarBeam,WeatherBall,Protect|Timid||F|||50|
|showteam|p2|Incineroar||SitrusBerry|Intimidate|FakeOut,FlareBlitz,DarkestLariat,PartingShot|Impish||M|||50|]Maushold||ChopleBerry|FriendGuard|SuperFang,FollowMe,Protect,Feint|Impish|||||50|]Sinistcha||OccaBerry|Hospitality|MatchaGotcha,LifeDew,RagePowder,Protect|Bold|||||50|]Sneasler||FocusSash|PoisonTouch|FakeOut,CloseCombat,DireClaw,QuickGuard|Jolly||F|||50|]Blastoise||Blastoisinite|Torrent|WaterSpout,DarkPulse,ShellSmash,Protect|Modest||F|||50|]Delphox||Delphoxite|Blaze|HeatWave,Psychic,NastyPlot,Protect|Timid||F|||50|
|inactive|Battle timer is ON: inactive players will automatically lose when time's up. (requested by raksbach)
|inactive|big electric fan has 60 seconds left.
|
|t:|1784134446
|teamsize|p1|4
|teamsize|p2|4
|start
|switch|p1a: Dragonite|Dragonite, L50, M|100/100
|switch|p1b: Mamoswine|Mamoswine, L50, F|100/100
|switch|p2a: Delphox|Delphox, L50, F|100/100
|switch|p2b: Maushold|Maushold, L50|100/100
|turn|1
|inactive|big electric fan has 30 seconds left.
|
|t:|1784134478
|switch|p1b: Scrafty|Scrafty, L50, M|100/100
|-ability|p1b: Scrafty|Intimidate|boost
|-unboost|p2a: Delphox|atk|1
|-unboost|p2b: Maushold|atk|1
|detailschange|p2a: Delphox|Delphox-Mega, L50, F
|-mega|p2a: Delphox|Delphox|Delphoxite
|move|p2b: Maushold|Follow Me|p2b: Maushold
|-singleturn|p2b: Maushold|move: Follow Me
|move|p2a: Delphox|Nasty Plot|p2a: Delphox
|-boost|p2a: Delphox|spa|2
|move|p1a: Dragonite|Dragon Claw|p2b: Maushold
|-damage|p2b: Maushold|41/100
|
|upkeep
|turn|2
|
|t:|1784134498
|move|p2a: Delphox|Protect|p2a: Delphox
|-singleturn|p2a: Delphox|Protect
|move|p1b: Scrafty|Fake Out|p2b: Maushold
|-damage|p2b: Maushold|33/100
|cant|p2b: Maushold|flinch
|move|p1a: Dragonite|Dragon Claw|p2a: Delphox
|-activate|p2a: Delphox|move: Protect
|
|upkeep
|turn|3
|
|t:|1784134514
|detailschange|p1b: Scrafty|Scrafty-Mega, L50, M
|-mega|p1b: Scrafty|Scrafty|Scraftinite
|-ability|p1b: Scrafty|Intimidate|boost
|-unboost|p2a: Delphox|atk|1
|-unboost|p2b: Maushold|atk|1
|move|p2b: Maushold|Follow Me|p2b: Maushold
|-singleturn|p2b: Maushold|move: Follow Me
|move|p2a: Delphox|Heat Wave|p1b: Scrafty|[spread] p1a,p1b
|-resisted|p1a: Dragonite|1
|-damage|p1a: Dragonite|82/100
|-damage|p1b: Scrafty|38/100
|move|p1a: Dragonite|Dragon Claw|p2b: Maushold
|-damage|p2b: Maushold|0 fnt
|faint|p2b: Maushold
|move|p1b: Scrafty|Throat Chop|p2a: Delphox
|-supereffective|p2a: Delphox|1
|-damage|p2a: Delphox|18/100
|-start|p2a: Delphox|Throat Chop|[silent]
|
|upkeep
|
|t:|1784134528
|switch|p2b: Sinistcha|Sinistcha, L50|100/100
|-heal|p2a: Delphox|43/100|[from] ability: Hospitality|[of] p2b: Sinistcha
|turn|4
|
|t:|1784134540
|move|p1b: Scrafty|Protect|p1b: Scrafty
|-singleturn|p1b: Scrafty|Protect
|move|p1a: Dragonite|Extreme Speed|p2a: Delphox
|-damage|p2a: Delphox|6/100
|move|p2b: Sinistcha|Rage Powder|p2b: Sinistcha
|-singleturn|p2b: Sinistcha|move: Rage Powder
|move|p2a: Delphox|Heat Wave|p1b: Scrafty|[spread] p1a
|-activate|p1b: Scrafty|move: Protect
|-resisted|p1a: Dragonite|1
|-damage|p1a: Dragonite|47/100
|
|-end|p2a: Delphox|Throat Chop|[silent]
|upkeep
|turn|5
|
|t:|1784134553
|move|p2a: Delphox|Protect|p2a: Delphox
|-singleturn|p2a: Delphox|Protect
|move|p1a: Dragonite|Extreme Speed|p2a: Delphox
|-activate|p2a: Delphox|move: Protect
|move|p1b: Scrafty|Throat Chop|p2b: Sinistcha
|-supereffective|p2b: Sinistcha|1
|-damage|p2b: Sinistcha|41/100
|-start|p2b: Sinistcha|Throat Chop|[silent]
|move|p2b: Sinistcha|Life Dew|p2b: Sinistcha|[spread] p2a,p2b
|-heal|p2a: Delphox|30/100
|-heal|p2b: Sinistcha|66/100
|
|upkeep
|turn|6
|inactive|raksbach has 30 seconds left.
|
|t:|1784134581
|move|p2a: Delphox|Protect||[still]
|-fail|p2a: Delphox
|move|p1a: Dragonite|Extreme Speed|p2a: Delphox
|-damage|p2a: Delphox|0 fnt
|faint|p2a: Delphox
|move|p1b: Scrafty|Throat Chop|p2b: Sinistcha
|-supereffective|p2b: Sinistcha|1
|-damage|p2b: Sinistcha|2/100
|move|p2b: Sinistcha|Life Dew|p2b: Sinistcha
|-heal|p2b: Sinistcha|28/100
|
|-end|p2b: Sinistcha|Throat Chop|[silent]
|upkeep
|
|t:|1784134591
|switch|p2a: Sneasler|Sneasler, L50, F|100/100
|turn|7
|
|t:|1784134606
|switch|p1a: Toxapex|Toxapex, L50, F|100/100
|move|p2a: Sneasler|Dire Claw|p1a: Toxapex
|-resisted|p1a: Toxapex|1
|-damage|p1a: Toxapex|85/100
|move|p1b: Scrafty|Throat Chop|p2b: Sinistcha
|-supereffective|p2b: Sinistcha|1
|-damage|p2b: Sinistcha|0 fnt
|faint|p2b: Sinistcha
|
|-heal|p1a: Toxapex|91/100|[from] item: Leftovers
|upkeep
|turn|8
|-message|raksbach forfeited.
|
|win|big electric fan
