|j|☆vivalapizzaxd33
|j|☆dcheng24
|html|vivalapizzaxd33dcheng24    
|uhtml|bestof|Game 2 of a best-of-3
|t:|1757694286
|gametype|doubles
|player|p1|vivalapizzaxd33|rosa|1018
|player|p2|dcheng24|102|1044
|gen|9
|tier|[Gen 9] VGC 2025 Reg H (Bo3)
|rated|
|rule|Species Clause: Limit one of each Pokémon
|rule|Item Clause: Limit 1 of each item
|clearpoke
|poke|p1|Cyclizar, L50, F|
|poke|p1|Clefairy, L50, F|
|poke|p1|Azumarill, L50, F|
|poke|p1|Pelipper, L50, F|
|poke|p1|Overqwil, L50, F|
|poke|p1|Palafin, L50, F|
|poke|p2|Amoonguss, L50, M|
|poke|p2|Archaludon, L50, M|
|poke|p2|Maushold-Four, L50|
|poke|p2|Primarina, L50, F|
|poke|p2|Incineroar, L50, M|
|poke|p2|Ursaluna-Bloodmoon, L50, M|
|teampreview|4
|showteam|p1|Cyclizar||ChoiceSpecs|Regenerator|ShedTail,DracoMeteor,HyperVoice,TeraBlast|||F|||50|,,,,,Ghost]Clefairy||Eviolite|FriendGuard|HelpingHand,AfterYou,FollowMe,Protect|||F|||50|,,,,,Grass]Azumarill||SitrusBerry|HugePower|BellyDrum,AquaJet,PlayRough,Protect|||F|||50|,,,,,Grass]Pelipper||FocusSash|Drizzle|Hurricane,Tailwind,Protect,Roost|||F|||50|,,,,,Grass]Overqwil||ClearAmulet|SwiftSwim|SwordsDance,Crunch,PoisonJab,Protect|||F|||50|,,,,,Ghost]Palafin||LifeOrb|ZerotoHero|JetPunch,FlipTurn,Protect,Taunt|||F|||50|,,,,,Grass
|showteam|p2|Amoonguss||QuickClaw|Regenerator|ClearSmog,Spore,PollenPuff,RagePowder|||M|||50|,,,,,Ghost]Archaludon||AssaultVest|Stamina|Thunderbolt,Snarl,BodyPress,DragonPulse|||M|||50|,,,,,Dragon]Maushold-Four||CovertCloak|FriendGuard|FollowMe,PopulationBomb,Taunt,Encore||||||50|,,,,,Ghost]Primarina||Leftovers|Torrent|HelpingHand,Charm,LightScreen,Surf|||F|||50|,,,,,Water]Incineroar||RockyHelmet|Intimidate|KnockOff,Taunt,FakeOut,PartingShot|||M|||50|,,,,,Grass]Ursaluna-Bloodmoon||LifeOrb|MindsEye|BloodMoon,EarthPower,Protect,HyperVoice|||M|||50|,,,,,Ground
|
|t:|1757694322
|teamsize|p1|4
|teamsize|p2|4
|start
|switch|p1a: Cyclizar|Cyclizar, L50, F|100/100
|switch|p1b: Pelipper|Pelipper, L50, F|100/100
|switch|p2a: Amoonguss|Amoonguss, L50, M|100/100
|switch|p2b: Maushold|Maushold-Four, L50|100/100
|-weather|RainDance|[from] ability: Drizzle|[of] p1b: Pelipper
|turn|1
|
|t:|1757694362
|switch|p2b: Primarina|Primarina, L50, F|100/100
|switch|p2a: Archaludon|Archaludon, L50, M|100/100
|move|p1a: Cyclizar|Shed Tail|p1a: Cyclizar
|-start|p1a: Cyclizar|Substitute|[from] move: Shed Tail
|-damage|p1a: Cyclizar|50/100
|
|t:|1757694371
|switch|p1a: Azumarill|Azumarill, L50, F|100/100|[from] Shed Tail
|move|p1b: Pelipper|Tailwind|p1b: Pelipper
|-sidestart|p1: vivalapizzaxd33|move: Tailwind
|
|-weather|RainDance|[upkeep]
|upkeep
|turn|2
|
|t:|1757694405
|move|p1b: Pelipper|Hurricane|p2b: Primarina
|-damage|p2b: Primarina|73/100
|move|p1a: Azumarill|Belly Drum|p1a: Azumarill
|-damage|p1a: Azumarill|50/100
|-setboost|p1a: Azumarill|atk|6|[from] move: Belly Drum
|-enditem|p1a: Azumarill|Sitrus Berry|[eat]
|-heal|p1a: Azumarill|75/100|[from] item: Sitrus Berry
|move|p2a: Archaludon|Snarl|p1a: Azumarill|[spread] p1a,p1b
|-resisted|p1a: Azumarill
|-damage|p1a: Azumarill|69/100
|-damage|p1b: Pelipper|85/100
|-unboost|p1a: Azumarill|spa|1
|-unboost|p1b: Pelipper|spa|1
|move|p2b: Primarina|Light Screen|p2b: Primarina
|-sidestart|p2: dcheng24|move: Light Screen
|
|-weather|RainDance|[upkeep]
|-heal|p2b: Primarina|79/100|[from] item: Leftovers
|upkeep
|turn|3
|
|t:|1757694436
|switch|p2a: Amoonguss|Amoonguss, L50, M|100/100
|move|p1b: Pelipper|Hurricane|p2b: Primarina
|-damage|p2b: Primarina|68/100
|-start|p2b: Primarina|confusion
|move|p1a: Azumarill|Play Rough|p2a: Amoonguss
|-resisted|p2a: Amoonguss
|-damage|p2a: Amoonguss|0 fnt
|faint|p2a: Amoonguss
|-activate|p2b: Primarina|confusion
|move|p2b: Primarina|Charm||[still]
|-fail|p2b: Primarina
|
|-weather|RainDance|[upkeep]
|-heal|p2b: Primarina|74/100|[from] item: Leftovers
|upkeep
|
|t:|1757694461
|switch|p2a: Maushold|Maushold-Four, L50|100/100
|turn|4
|
|t:|1757694485
|-terastallize|p2a: Maushold|Ghost
|-activate|p2b: Primarina|confusion
|-damage|p2b: Primarina|67/100|[from] confusion
|move|p1b: Pelipper|Hurricane|p2b: Primarina
|-damage|p2b: Primarina|57/100
|move|p1a: Azumarill|Play Rough|p2a: Maushold
|-damage|p2a: Maushold|0 fnt
|faint|p2a: Maushold
|
|-weather|RainDance|[upkeep]
|-heal|p2b: Primarina|63/100|[from] item: Leftovers
|-sideend|p1: vivalapizzaxd33|move: Tailwind
|upkeep
|
|t:|1757694498
|switch|p2a: Archaludon|Archaludon, L50, M|100/100
|turn|5
|
|t:|1757694515
|-terastallize|p1b: Pelipper|Grass
|-activate|p2b: Primarina|confusion
|-damage|p2b: Primarina|57/100|[from] confusion
|move|p1b: Pelipper|Tailwind|p1b: Pelipper
|-sidestart|p1: vivalapizzaxd33|move: Tailwind
|move|p1a: Azumarill|Play Rough|p2a: Archaludon
|-damage|p2a: Archaludon|0 fnt
|faint|p2a: Archaludon
|
|-weather|none
|-heal|p2b: Primarina|63/100|[from] item: Leftovers
|upkeep
|turn|6
|-message|dcheng24 forfeited.
|
|win|vivalapizzaxd33
|l|☆dcheng24
|player|p2|
||vivalapizzaxd33 is ready for game 3.
||dcheng24 is ready for game 3.
|uhtml|next|Next: Game 3 of 3
