|j|☆magic 561
|j|☆TailwindMakeItRain
|html|magic 561TailwindMakeItRain    
|uhtml|bestof|Game 2 of a best-of-3
|t:|1755776332
|gametype|doubles
|player|p1|magic 561|2|1400
|player|p2|TailwindMakeItRain|iris|1494
|gen|9
|tier|[Gen 9] VGC 2025 Reg H (Bo3)
|rated|
|rule|Species Clause: Limit one of each Pokémon
|rule|Item Clause: Limit 1 of each item
|clearpoke
|poke|p1|Hydreigon, L50, M|
|poke|p1|Metagross, L50|
|poke|p1|Ninetales-Alola, L50, M|
|poke|p1|Basculegion, L50, M|
|poke|p1|Kilowattrel, L50, M|
|poke|p1|Incineroar, L50, M|
|poke|p2|Gholdengo, L50|
|poke|p2|Incineroar, L50, F|
|poke|p2|Amoonguss, L50, M|
|poke|p2|Sneasler, L50, M|
|poke|p2|Dragonite, L50, M|
|poke|p2|Ursaluna-Bloodmoon, L50, M|
|teampreview|4
|showteam|p1|Hydreigon||LifeOrb|Levitate|DarkPulse,DracoMeteor,EarthPower,Protect|||M|||50|,,,,,Poison]Metagross||AssaultVest|ClearBody|BulletPunch,HeavySlam,PsychicFangs,HammerArm||||||50|,,,,,Water]Ninetales-Alola||NeverMeltIce|SnowWarning|Moonblast,IcyWind,Blizzard,Protect|||M|||50|,,,,,Ice]Basculegion||ChoiceScarf|Adaptability|WaveCrash,LastRespects,AquaJet,FlipTurn|||M|||50|,,,,,Grass]Kilowattrel||FocusSash|Competitive|Thunderbolt,AirSlash,Tailwind,Protect|||M|||50|,,,,,Ghost]Incineroar||SafetyGoggles|Intimidate|KnockOff,FlareBlitz,PartingShot,FakeOut|||M|||50|,,,,,Ghost
|showteam|p2|Gholdengo||LifeOrb|GoodasGold|MakeItRain,ShadowBall,NastyPlot,Protect||||||50|,,,,,Water]Incineroar||SafetyGoggles|Intimidate|PartingShot,FlareBlitz,KnockOff,FakeOut|||F|||50|,,,,,Ghost]Amoonguss||CovertCloak|Regenerator|Spore,RagePowder,PollenPuff,Protect|||M|||50|,,,,,Psychic]Sneasler||FocusSash|Unburden|DireClaw,CloseCombat,ThroatChop,Protect|||M|||50|,,,,,Stellar]Dragonite||LoadedDice|Multiscale|ScaleShot,Tailwind,Haze,Protect|||M|||50|,,,,,Fairy]Ursaluna-Bloodmoon||AssaultVest|MindsEye|BloodMoon,EarthPower,HyperVoice,VacuumWave|||M|||50|,,,,,Water
|inactive|Battle timer is ON: inactive players will automatically lose when time's up. (requested by magic 561)
|inactive|magic 561 has 60 seconds left.
|
|t:|1755776365
|teamsize|p1|4
|teamsize|p2|4
|start
|switch|p1a: Kilowattrel|Kilowattrel, L50, M|100/100
|switch|p1b: Ninetales|Ninetales-Alola, L50, M|100/100
|switch|p2a: Sneasler|Sneasler, L50, M|100/100
|switch|p2b: Ursaluna|Ursaluna-Bloodmoon, L50, M|100/100
|-weather|Snowscape|[from] ability: Snow Warning|[of] p1b: Ninetales
|turn|1
|
|t:|1755776380
|move|p1a: Kilowattrel|Tailwind|p1a: Kilowattrel
|-sidestart|p1: magic 561|move: Tailwind
|move|p1b: Ninetales|Blizzard|p2b: Ursaluna|[spread] p2a,p2b
|-supereffective|p2b: Ursaluna
|-damage|p2a: Sneasler|50/100
|-damage|p2b: Ursaluna|44/100
|move|p2a: Sneasler|Dire Claw|p1b: Ninetales
|-supereffective|p1b: Ninetales
|-damage|p1b: Ninetales|23/100
|-status|p1b: Ninetales|psn
|move|p2b: Ursaluna|Blood Moon|p1a: Kilowattrel
|-enditem|p1a: Kilowattrel|Focus Sash
|-damage|p1a: Kilowattrel|1/100
|
|-weather|Snowscape|[upkeep]
|-damage|p1b: Ninetales|11/100 psn|[from] psn
|upkeep
|turn|2
|
|t:|1755776400
|move|p2a: Sneasler|Protect|p2a: Sneasler
|-singleturn|p2a: Sneasler|Protect
|move|p2b: Ursaluna|Vacuum Wave|p1b: Ninetales
|-crit|p1b: Ninetales
|-damage|p1b: Ninetales|0 fnt
|faint|p1b: Ninetales
|move|p1a: Kilowattrel|Air Slash|p2a: Sneasler
|-activate|p2a: Sneasler|move: Protect
|
|-weather|Snowscape|[upkeep]
|upkeep
|
|t:|1755776421
|switch|p1b: Adel|Hydreigon, L50, M|100/100
|turn|3
|
|t:|1755776442
|-terastallize|p1b: Adel|Poison
|move|p1a: Kilowattrel|Protect|p1a: Kilowattrel
|-singleturn|p1a: Kilowattrel|Protect
|move|p2b: Ursaluna|Vacuum Wave|p1a: Kilowattrel
|-activate|p1a: Kilowattrel|move: Protect
|move|p1b: Adel|Draco Meteor|p2b: Ursaluna
|-damage|p2b: Ursaluna|0 fnt
|-unboost|p1b: Adel|spa|2
|faint|p2b: Ursaluna
|-damage|p1b: Adel|91/100|[from] item: Life Orb
|move|p2a: Sneasler|Close Combat|p1b: Adel
|-resisted|p1b: Adel
|-damage|p1b: Adel|52/100
|-unboost|p2a: Sneasler|def|1
|-unboost|p2a: Sneasler|spd|1
|
|-weather|Snowscape|[upkeep]
|upkeep
|
|t:|1755776450
|switch|p2b: Dragonite|Dragonite, L50, M|100/100
|turn|4
|
|t:|1755776463
|switch|p1b: Metagross|Metagross, L50|100/100
|-terastallize|p2b: Dragonite|Fairy
|move|p2a: Sneasler|Protect|p2a: Sneasler
|-singleturn|p2a: Sneasler|Protect
|move|p1a: Kilowattrel|Thunderbolt|p2a: Sneasler
|-activate|p2a: Sneasler|move: Protect
|move|p2b: Dragonite|Tailwind|p2b: Dragonite
|-sidestart|p2: TailwindMakeItRain|move: Tailwind
|
|-weather|Snowscape|[upkeep]
|-sideend|p1: magic 561|move: Tailwind
|upkeep
|turn|5
|inactive|magic 561 has 30 seconds left.
|inactive|magic 561 has 20 seconds left.
|
|t:|1755776503
|move|p1a: Kilowattrel|Protect|p1a: Kilowattrel
|-singleturn|p1a: Kilowattrel|Protect
|move|p2a: Sneasler|Close Combat|p1b: Metagross
|-crit|p1b: Metagross
|-damage|p1b: Metagross|26/100
|-unboost|p2a: Sneasler|def|1
|-unboost|p2a: Sneasler|spd|1
|move|p2b: Dragonite|Scale Shot|p1a: Kilowattrel
|-activate|p1a: Kilowattrel|move: Protect
|move|p1b: Metagross|Heavy Slam|p2b: Dragonite
|-supereffective|p2b: Dragonite
|-damage|p2b: Dragonite|59/100
|
|-weather|none
|upkeep
|turn|6
|inactive|magic 561 has 30 seconds left.
|inactive|TailwindMakeItRain has 30 seconds left.
|inactive|TailwindMakeItRain has 20 seconds left.
|inactive|TailwindMakeItRain has 15 seconds left.
|
|t:|1755776547
|move|p1b: Metagross|Bullet Punch|p2a: Sneasler
|-damage|p2a: Sneasler|0 fnt
|faint|p2a: Sneasler
|move|p2b: Dragonite|Scale Shot|p1a: Kilowattrel
|-damage|p1a: Kilowattrel|0 fnt
|faint|p1a: Kilowattrel
|-hitcount|p1: Kilowattrel|1
|-unboost|p2b: Dragonite|def|1
|-boost|p2b: Dragonite|spe|1
|
|upkeep
|
|t:|1755776552
|switch|p1a: Adel|Hydreigon, L50, M, tera:Poison|52/100
|switch|p2a: Gholdengo|Gholdengo, L50|100/100
|turn|7
|
|t:|1755776566
|move|p2b: Dragonite|Protect|p2b: Dragonite
|-singleturn|p2b: Dragonite|Protect
|move|p1b: Metagross|Bullet Punch|p2b: Dragonite
|-activate|p2b: Dragonite|move: Protect
|move|p2a: Gholdengo|Shadow Ball|p1b: Metagross
|-supereffective|p1b: Metagross
|-damage|p1b: Metagross|0 fnt
|faint|p1b: Metagross
|-damage|p2a: Gholdengo|91/100|[from] item: Life Orb
|move|p1a: Adel|Dark Pulse|p2a: Gholdengo
|-supereffective|p2a: Gholdengo
|-damage|p2a: Gholdengo|0 fnt
|faint|p2a: Gholdengo
|-damage|p1a: Adel|43/100|[from] item: Life Orb
|
|-sideend|p2: TailwindMakeItRain|move: Tailwind
|upkeep
|turn|8
|
|t:|1755776573
|move|p2b: Dragonite|Scale Shot|p1a: Adel
|-damage|p1a: Adel|24/100
|-damage|p1a: Adel|6/100
|-damage|p1a: Adel|0 fnt
|faint|p1a: Adel
|-hitcount|p1: Adel|3
|
|win|TailwindMakeItRain
|raw|magic 561's rating: 1400 → 1385(-15 for losing)
|raw|TailwindMakeItRain's rating: 1494 → 1509(+15 for winning)
