|j|☆Ratat0po
|j|☆grandsabersharkrai
|html|Ratat0pograndsabersharkrai    
|uhtml|bestof|Game 2 of a best-of-3
|t:|1783362035
|gametype|doubles
|player|p1|Ratat0po|schoolkid-gen4|1075
|player|p2|grandsabersharkrai|101|1000
|gen|9
|tier|[Gen 9 Champions] VGC 2026 Reg M-B (Bo3)
|rated|
|rule|Species Clause: Limit one of each Pokémon
|rule|Item Clause: Limit 1 of each item
|clearpoke
|poke|p1|Gardevoir, L50, M, shiny|
|poke|p1|Kingambit, L50, M, shiny|
|poke|p1|Torkoal, L50, F|
|poke|p1|Hatterene, L50, F, shiny|
|poke|p1|Scrafty, L50, F, shiny|
|poke|p1|Garchomp, L50, M|
|poke|p2|Floette-Eternal, L50, F|
|poke|p2|Charizard, L50, M, shiny|
|poke|p2|Basculegion, L50, M|
|poke|p2|Kingambit, L50, M, shiny|
|poke|p2|Whimsicott, L50, M, shiny|
|poke|p2|Garchomp, L50, M|
|teampreview|4
|showteam|p1|Gardevoir||FocusSash|Telepathy|ExpandingForce,HelpingHand,Protect,TrickRoom|Sassy||M|||50|]Kingambit||BlackGlasses|Defiant|KowtowCleave,SuckerPunch,IronHead,Protect|Brave||M|||50|]Torkoal||Charcoal|Drought|Eruption,HeatWave,BodyPress,Protect|Quiet||F|||50|]Hatterene||BabiriBerry|MagicBounce|ExpandingForce,Protect,PsychicTerrain,DazzlingGleam|Quiet||F|||50|]Scrafty||Scraftinite|Intimidate|HighJumpKick,FakeOut,Protect,KnockOff|Brave||F|||50|]Garchomp||ChoiceScarf|RoughSkin|RockSlide,Earthquake,Outrage,PoisonJab|Jolly||M|||50|
|showteam|p2|Floette-Eternal||Floettite|FlowerVeil|Protect,DazzlingGleam,Moonblast,LightofRuin|Modest||F|||50|]Charizard||CharizarditeY|Blaze|Protect,HeatWave,WeatherBall,SolarBeam|Modest||M|||50|]Basculegion||ChoiceScarf|Adaptability|FlipTurn,WaveCrash,LastRespects,AquaJet|Jolly||M|||50|]Kingambit||OccaBerry|Defiant|Protect,KowtowCleave,IronHead,SuckerPunch|Adamant||M|||50|]Whimsicott||FocusSash|Prankster|Protect,Moonblast,Encore,Tailwind|Timid||M|||50|]Garchomp||HabanBerry|RoughSkin|Protect,Earthquake,DragonClaw,RockSlide|Jolly||M|||50|
|inactive|Battle timer is ON: inactive players will automatically lose when time's up. (requested by Ratat0po)
|inactive|grandsabersharkrai has 60 seconds left.
|
|t:|1783362080
|teamsize|p1|4
|teamsize|p2|4
|start
|switch|p1a: Gardevoir|Gardevoir, L50, M, shiny|100/100
|switch|p1b: Scrafty|Scrafty, L50, F, shiny|100/100
|switch|p2a: Floette|Floette-Eternal, L50, F|100/100
|switch|p2b: Kingambit|Kingambit, L50, M, shiny|100/100
|-ability|p1b: Scrafty|Intimidate|boost
|-unboost|p2a: Floette|atk|1
|-unboost|p2b: Kingambit|atk|1
|-ability|p2b: Kingambit|Defiant|boost
|-boost|p2b: Kingambit|atk|2
|turn|1
|
|t:|1783362102
|move|p1b: Scrafty|Fake Out|p2b: Kingambit
|-resisted|p2b: Kingambit|1
|-damage|p2b: Kingambit|96/100
|move|p2a: Floette|Dazzling Gleam|p1a: Gardevoir|[spread] p1a,p1b
|-supereffective|p1b: Scrafty|2
|-damage|p1a: Gardevoir|74/100
|-damage|p1b: Scrafty|0 fnt
|faint|p1b: Scrafty
|cant|p2b: Kingambit|flinch
|move|p1a: Gardevoir|Trick Room|p1a: Gardevoir
|-fieldstart|move: Trick Room|[of] p1a: Gardevoir
|
|upkeep
|
|t:|1783362112
|switch|p1b: Kingambit|Kingambit, L50, M, shiny|100/100
|turn|2
|
|t:|1783362133
|move|p1a: Gardevoir|Protect|p1a: Gardevoir
|-singleturn|p1a: Gardevoir|Protect
|move|p2a: Floette|Protect|p2a: Floette
|-singleturn|p2a: Floette|Protect
|move|p1b: Kingambit|Kowtow Cleave|p2b: Kingambit
|-resisted|p2b: Kingambit|1
|-damage|p2b: Kingambit|75/100
|move|p2b: Kingambit|Kowtow Cleave|p1b: Kingambit
|-resisted|p1b: Kingambit|1
|-damage|p1b: Kingambit|71/100
|
|upkeep
|turn|3
|
|t:|1783362157
|switch|p2a: Charizard|Charizard, L50, M, shiny|100/100
|move|p1b: Kingambit|Iron Head|p2a: Charizard
|-resisted|p2a: Charizard|1
|-damage|p2a: Charizard|75/100
|move|p2b: Kingambit|Iron Head|p1a: Gardevoir
|-supereffective|p1a: Gardevoir|1
|-damage|p1a: Gardevoir|0 fnt
|faint|p1a: Gardevoir
|
|upkeep
|
|t:|1783362166
|switch|p1a: Garchomp|Garchomp, L50, M|100/100
|turn|4
|
|t:|1783362188
|detailschange|p2a: Charizard|Charizard-Mega-Y, L50, M, shiny
|-mega|p2a: Charizard|Charizard|Charizardite Y
|-weather|SunnyDay|[from] ability: Drought|[of] p2a: Charizard
|move|p1b: Kingambit|Iron Head|p2b: Kingambit
|-resisted|p2b: Kingambit|1
|-damage|p2b: Kingambit|57/100
|move|p2b: Kingambit|Kowtow Cleave|p1a: Garchomp
|-damage|p1a: Garchomp|27/100
|-damage|p2b: Kingambit|45/100|[from] ability: Rough Skin|[of] p1a: Garchomp
|move|p2a: Charizard|Weather Ball|p1b: Kingambit
|-supereffective|p1b: Kingambit|1
|-damage|p1b: Kingambit|0 fnt
|faint|p1b: Kingambit
|move|p1a: Garchomp|Rock Slide|p2a: Charizard|[spread] p2b
|-miss|p1a: Garchomp|p2a: Charizard
|-resisted|p2b: Kingambit|1
|-damage|p2b: Kingambit|38/100
|
|-weather|SunnyDay|[upkeep]
|upkeep
|turn|5
|-message|Ratat0po forfeited.
|
|win|grandsabersharkrai
|raw|Ratat0po's rating: 1075 → 1049(-26 for losing)
|raw|grandsabersharkrai's rating: 1000 → 1049(+49 for winning)
|l|☆Ratat0po
|player|p1|
