|j|☆Ninjacoox
|j|☆Kinyachta
|html|NinjacooxKinyachta    
|uhtml|bestof|Game 2 of a best-of-3
|t:|1785363071
|gametype|doubles
|player|p1|Ninjacoox|rood|1233
|player|p2|Kinyachta|2|1373
|gen|9
|tier|[Gen 9 Champions] VGC 2026 Reg M-B (Bo3)
|rated|
|rule|Species Clause: Limit one of each Pokémon
|rule|Item Clause: Limit 1 of each item
|clearpoke
|poke|p1|Staraptor, L50, M|
|poke|p1|Sinistcha, L50|
|poke|p1|Maushold, L50|
|poke|p1|Kingambit, L50, M|
|poke|p1|Sneasler, L50, M|
|poke|p1|Delphox, L50, M|
|poke|p2|Floette-Eternal, L50, F|
|poke|p2|Whimsicott, L50, F|
|poke|p2|Gholdengo, L50|
|poke|p2|Garchomp, L50, M|
|poke|p2|Glimmora, L50, M|
|poke|p2|Incineroar, L50, F|
|teampreview|4
|showteam|p1|Staraptor||Staraptite|Intimidate|CloseCombat,BraveBird,Roost,Protect|Adamant||M|||50|]Sinistcha||SitrusBerry|Hospitality|RagePowder,MatchaGotcha,Protect,LifeDew|Calm|||||50|]Maushold||LumBerry|FriendGuard|Encore,Charm,FollowMe,Protect|Timid|||||50|]Kingambit||BlackGlasses|Defiant|KowtowCleave,SuckerPunch,SwordsDance,Protect|Adamant||M|||50|]Sneasler||WhiteHerb|Unburden|CloseCombat,DireClaw,FakeOut,Feint|Jolly||M|||50|]Delphox||Delphoxite|Blaze|HeatWave,Psyshock,NastyPlot,Protect|Timid||M|||50|
|showteam|p2|Floette-Eternal||Floettite|FlowerVeil|Moonblast,Protect,DazzlingGleam,LightofRuin|Timid||F|||50|]Whimsicott||FocusSash|Prankster|Tailwind,Encore,Moonblast,Protect|Modest||F|||50|]Gholdengo||LifeOrb|GoodasGold|MakeItRain,ShadowBall,Protect,NastyPlot|Timid|||||50|]Garchomp||Leftovers|RoughSkin|DragonClaw,RockSlide,Protect,Earthquake|Adamant||M|||50|]Glimmora||Glimmoranite|ToxicDebris|SludgeBomb,SpikyShield,EarthPower,PowerGem|Modest||M|||50|]Incineroar||SitrusBerry|Intimidate|PartingShot,FakeOut,FlareBlitz,DarkestLariat|Serious||F|||50|
|inactive|Battle timer is ON: inactive players will automatically lose when time's up. (requested by Ninjacoox)
|inactive|Ninjacoox has 60 seconds left.
|inactive|Kinyachta has 60 seconds left.
|
|t:|1785363127
|teamsize|p1|4
|teamsize|p2|4
|start
|switch|p1a: Staraptor|Staraptor, L50, M|100/100
|switch|p1b: Maushold|Maushold, L50|100/100
|switch|p2a: Whimsicott|Whimsicott, L50, F|100/100
|switch|p2b: Floette|Floette-Eternal, L50, F|100/100
|-ability|p1a: Staraptor|Intimidate|boost
|-block|p2a: Whimsicott|ability: Flower Veil|[of] p2b: Floette
|-unboost|p2b: Floette|atk|1
|turn|1
|
|t:|1785363144
|detailschange|p2b: Floette|Floette-Mega, L50, F
|-mega|p2b: Floette|Floette|Floettite
|-ability|p2b: Floette|Fairy Aura
|move|p1a: Staraptor|Protect|p1a: Staraptor
|-singleturn|p1a: Staraptor|Protect
|move|p1b: Maushold|Encore||[still]
|-fail|p1b: Maushold
|move|p2b: Floette|Dazzling Gleam|p1b: Maushold|[spread] p1b
|-activate|p1a: Staraptor|move: Protect
|-damage|p1b: Maushold|37/100
|move|p2a: Whimsicott|Moonblast|p1a: Staraptor
|-activate|p1a: Staraptor|move: Protect
|
|upkeep
|turn|2
|inactive|Ninjacoox has 30 seconds left.
|inactive|Ninjacoox has 20 seconds left.
|inactive|Ninjacoox has 15 seconds left.
|inactive|Ninjacoox has 10 seconds left.
|
|t:|1785363193
|detailschange|p1a: Staraptor|Staraptor-Mega, L50, M
|-mega|p1a: Staraptor|Staraptor|Staraptite
|move|p1b: Maushold|Follow Me|p1b: Maushold
|-singleturn|p1b: Maushold|move: Follow Me
|move|p2b: Floette|Dazzling Gleam|p1a: Staraptor|[spread] p1a,p1b
|-supereffective|p1a: Staraptor|1
|-damage|p1a: Staraptor|29/100
|-damage|p1b: Maushold|0 fnt
|faint|p1b: Maushold
|move|p1a: Staraptor|Close Combat|p2a: Whimsicott
|-resisted|p2a: Whimsicott|1
|-damage|p2a: Whimsicott|57/100
|-boost|p1a: Staraptor|def|1
|-boost|p1a: Staraptor|spd|1
|move|p2a: Whimsicott|Moonblast|p1a: Staraptor
|-supereffective|p1a: Staraptor|1
|-damage|p1a: Staraptor|0 fnt
|faint|p1a: Staraptor
|
|upkeep
|
|t:|1785363198
|switch|p1b: Kingambit|Kingambit, L50, M|100/100
|switch|p1a: Sneasler|Sneasler, L50, M|100/100
|turn|3
|
|t:|1785363216
|move|p2a: Whimsicott|Protect|p2a: Whimsicott
|-singleturn|p2a: Whimsicott|Protect
|move|p2b: Floette|Protect|p2b: Floette
|-singleturn|p2b: Floette|Protect
|move|p1a: Sneasler|Dire Claw|p2b: Floette
|-activate|p2b: Floette|move: Protect
|move|p1b: Kingambit|Kowtow Cleave|p2a: Whimsicott
|-activate|p2a: Whimsicott|move: Protect
|
|upkeep
|turn|4
|
|t:|1785363229
|move|p1b: Kingambit|Sucker Punch|p2b: Floette
|-resisted|p2b: Floette|1
|-damage|p2b: Floette|67/100
|move|p1a: Sneasler|Dire Claw|p2b: Floette
|-supereffective|p2b: Floette|1
|-damage|p2b: Floette|0 fnt
|faint|p2b: Floette
|move|p2a: Whimsicott|Moonblast|p1b: Kingambit
|-damage|p1b: Kingambit|64/100
|
|upkeep
|
|t:|1785363239
|switch|p2b: Garchomp|Garchomp, L50, M|100/100
|turn|5
|
|t:|1785363245
|move|p2a: Whimsicott|Tailwind|p2a: Whimsicott
|-sidestart|p2: Kinyachta|move: Tailwind
|move|p1b: Kingambit|Sucker Punch|p2b: Garchomp
|-damage|p2b: Garchomp|56/100
|-damage|p1b: Kingambit|52/100|[from] ability: Rough Skin|[of] p2b: Garchomp
|move|p2b: Garchomp|Earthquake|p1a: Sneasler|[spread] p2a,p1a,p1b
|-resisted|p2a: Whimsicott|1
|-supereffective|p1a: Sneasler|1
|-supereffective|p1b: Kingambit|1
|-damage|p2a: Whimsicott|31/100
|-damage|p1a: Sneasler|0 fnt
|-damage|p1b: Kingambit|0 fnt
|faint|p1a: Sneasler
|faint|p1b: Kingambit
|
|win|Kinyachta
|raw|Ninjacoox's rating: 1233 → 1218(-15 for losing)
|raw|Kinyachta's rating: 1373 → 1385(+12 for winning)
