|j|☆lettitripppp
|j|☆thaduck
|html|lettitrippppthaduck    
|uhtml|bestof|Game 2 of a best-of-3
|t:|1784076403
|gametype|doubles
|player|p1|lettitripppp|lucas|1337
|player|p2|thaduck|morty|1297
|gen|9
|tier|[Gen 9 Champions] VGC 2026 Reg M-B (Bo3)
|rated|
|rule|Species Clause: Limit one of each Pokémon
|rule|Item Clause: Limit 1 of each item
|clearpoke
|poke|p1|Charizard, L50, F, shiny|
|poke|p1|Basculegion, L50, M, shiny|
|poke|p1|Pelipper, L50, F|
|poke|p1|Venusaur, L50, F|
|poke|p1|Archaludon, L50, M|
|poke|p1|Grimmsnarl, L50, M, shiny|
|poke|p2|Gengar, L50, F|
|poke|p2|Swampert, L50, F|
|poke|p2|Incineroar, L50, F|
|poke|p2|Politoed, L50, M|
|poke|p2|Archaludon, L50, M|
|poke|p2|Vivillon-Fancy, L50, F|
|teampreview|4
|showteam|p1|Charizard||CharizarditeY|Blaze|WeatherBall,SolarBeam,HeatWave,Protect|Modest||F|||50|]Basculegion||ChoiceScarf|Adaptability|LastRespects,WaveCrash,FlipTurn,AquaJet|Jolly||M|||50|]Pelipper||SitrusBerry|Drizzle|WeatherBall,WideGuard,Hurricane,Tailwind|Modest||F|||50|]Venusaur||FocusSash|Chlorophyll|SleepPowder,SludgeBomb,EarthPower,Protect|Modest||F|||50|]Archaludon||Leftovers|Stamina|FlashCannon,DragonPulse,ElectroShot,Protect|Calm||M|||50|]Grimmsnarl||LightClay|Prankster|PartingShot,LightScreen,SpiritBreak,Reflect|Relaxed||M|||50|
|showteam|p2|Gengar||Gengarite|CursedBody|ShadowBall,PerishSong,SludgeBomb,Protect|Timid||F|||50|]Swampert||Swampertite|Torrent|WaveCrash,Earthquake,IcePunch,Protect|Adamant||F|||50|]Incineroar||PasshoBerry|Intimidate|ThroatChop,PartingShot,FakeOut,Protect|Sassy||F|||50|]Politoed||SitrusBerry|Drizzle|WeatherBall,PerishSong,Encore,Protect|Calm||M|||50|]Archaludon||Leftovers|Stamina|DragonPulse,FlashCannon,ElectroShot,Protect|Bold||M|||50|]Vivillon-Fancy||FocusSash|CompoundEyes|Hurricane,SleepPowder,RagePowder,Protect|Timid||F|||50|
|inactive|Battle timer is ON: inactive players will automatically lose when time's up. (requested by lettitripppp)
|
|t:|1784076422
|teamsize|p1|4
|teamsize|p2|4
|start
|switch|p1a: GHOSTWAVE|Basculegion, L50, M, shiny|100/100
|switch|p1b: GO JOHAN|Grimmsnarl, L50, M, shiny|100/100
|switch|p2a: Archaludon|Archaludon, L50, M|100/100
|switch|p2b: Vivillon|Vivillon-Fancy, L50, F|100/100
|turn|1
|
|t:|1784076437
|move|p1b: GO JOHAN|Light Screen|p1b: GO JOHAN
|-sidestart|p1: lettitripppp|move: Light Screen
|move|p1a: GHOSTWAVE|Flip Turn|p2b: Vivillon
|-damage|p2b: Vivillon|31/100
|
|t:|1784076442
|switch|p1a: WET-BEAK|Pelipper, L50, F|100/100|[from] Flip Turn
|-weather|RainDance|[from] ability: Drizzle|[of] p1a: WET-BEAK
|move|p2b: Vivillon|Sleep Powder|p1b: GO JOHAN
|-status|p1b: GO JOHAN|slp|[from] move: Sleep Powder
|move|p2a: Archaludon|Dragon Pulse|p1a: WET-BEAK
|-damage|p1a: WET-BEAK|65/100
|
|-weather|RainDance|[upkeep]
|upkeep
|turn|2
|
|t:|1784076455
|cant|p1b: GO JOHAN|slp
|move|p2b: Vivillon|Hurricane|p1b: GO JOHAN
|-damage|p1b: GO JOHAN|71/100 slp
|move|p2a: Archaludon|Electro Shot||[still]
|-prepare|p2a: Archaludon|Electro Shot
|-boost|p2a: Archaludon|spa|1
|-anim|p2a: Archaludon|Electro Shot|p1a: WET-BEAK
|-supereffective|p1a: WET-BEAK|2
|-damage|p1a: WET-BEAK|0 fnt
|faint|p1a: WET-BEAK
|
|-weather|RainDance|[upkeep]
|upkeep
|
|t:|1784076461
|switch|p1a: GHOSTWAVE|Basculegion, L50, M, shiny|100/100
|turn|3
|
|t:|1784076466
|move|p2b: Vivillon|Rage Powder|p2b: Vivillon
|-singleturn|p2b: Vivillon|move: Rage Powder
|cant|p1b: GO JOHAN|slp
|move|p1a: GHOSTWAVE|Flip Turn|p2b: Vivillon
|-damage|p2b: Vivillon|0 fnt
|faint|p2b: Vivillon
|
|t:|1784076470
|switch|p1a: BEYOND BRIDGE|Archaludon, L50, M|100/100|[from] Flip Turn
|move|p2a: Archaludon|Electro Shot||[still]
|-prepare|p2a: Archaludon|Electro Shot
|-boost|p2a: Archaludon|spa|1
|-anim|p2a: Archaludon|Electro Shot|p1a: BEYOND BRIDGE
|-resisted|p1a: BEYOND BRIDGE|1
|-damage|p1a: BEYOND BRIDGE|78/100
|-ability|p1a: BEYOND BRIDGE|Stamina|boost
|-boost|p1a: BEYOND BRIDGE|def|1
|
|-weather|RainDance|[upkeep]
|-heal|p1a: BEYOND BRIDGE|84/100|[from] item: Leftovers
|upkeep
|
|t:|1784076477
|switch|p2b: Gengar|Gengar, L50, F|100/100
|turn|4
|
|t:|1784076487
|detailschange|p2b: Gengar|Gengar-Mega, L50, F
|-mega|p2b: Gengar|Gengar|Gengarite
|-curestatus|p1b: GO JOHAN|slp|[msg]
|move|p1b: GO JOHAN|Reflect|p1b: GO JOHAN
|-sidestart|p1: lettitripppp|Reflect
|move|p2b: Gengar|Sludge Bomb|p1b: GO JOHAN
|-supereffective|p1b: GO JOHAN|1
|-damage|p1b: GO JOHAN|9/100
|move|p1a: BEYOND BRIDGE|Electro Shot||[still]
|-prepare|p1a: BEYOND BRIDGE|Electro Shot
|-boost|p1a: BEYOND BRIDGE|spa|1
|-anim|p1a: BEYOND BRIDGE|Electro Shot|p2b: Gengar
|-damage|p2b: Gengar|38/100
|move|p2a: Archaludon|Electro Shot||[still]
|-prepare|p2a: Archaludon|Electro Shot
|-boost|p2a: Archaludon|spa|1
|-anim|p2a: Archaludon|Electro Shot|p1a: BEYOND BRIDGE
|-resisted|p1a: BEYOND BRIDGE|1
|-damage|p1a: BEYOND BRIDGE|57/100
|-ability|p1a: BEYOND BRIDGE|Stamina|boost
|-boost|p1a: BEYOND BRIDGE|def|1
|
|-weather|RainDance|[upkeep]
|-heal|p1a: BEYOND BRIDGE|63/100|[from] item: Leftovers
|upkeep
|turn|5
|
|t:|1784076508
|move|p2b: Gengar|Shadow Ball|p1a: BEYOND BRIDGE
|-damage|p1a: BEYOND BRIDGE|39/100
|-unboost|p1a: BEYOND BRIDGE|spd|1
|-ability|p1a: BEYOND BRIDGE|Stamina|boost
|-boost|p1a: BEYOND BRIDGE|def|1
|move|p1a: BEYOND BRIDGE|Electro Shot||[still]
|-prepare|p1a: BEYOND BRIDGE|Electro Shot
|-boost|p1a: BEYOND BRIDGE|spa|1
|-anim|p1a: BEYOND BRIDGE|Electro Shot|p2b: Gengar
|-damage|p2b: Gengar|0 fnt
|faint|p2b: Gengar
|move|p2a: Archaludon|Electro Shot||[still]
|-prepare|p2a: Archaludon|Electro Shot
|-boost|p2a: Archaludon|spa|1
|-anim|p2a: Archaludon|Electro Shot|p1b: GO JOHAN
|-damage|p1b: GO JOHAN|0 fnt
|faint|p1b: GO JOHAN
|
|-weather|none
|-heal|p1a: BEYOND BRIDGE|45/100|[from] item: Leftovers
|upkeep
|
|t:|1784076520
|switch|p2b: Politoed|Politoed, L50, M|100/100
|switch|p1b: GHOSTWAVE|Basculegion, L50, M, shiny|100/100
|-weather|RainDance|[from] ability: Drizzle|[of] p2b: Politoed
|turn|6
|
|t:|1784076532
|move|p1b: GHOSTWAVE|Last Respects|p2a: Archaludon
|-damage|p2a: Archaludon|34/100
|-ability|p2a: Archaludon|Stamina|boost
|-boost|p2a: Archaludon|def|1
|move|p1a: BEYOND BRIDGE|Dragon Pulse|p2a: Archaludon
|-damage|p2a: Archaludon|0 fnt
|faint|p2a: Archaludon
|move|p2b: Politoed|Perish Song|p2b: Politoed
|-start|p1a: BEYOND BRIDGE|perish3|[silent]
|-start|p1b: GHOSTWAVE|perish3|[silent]
|-start|p2b: Politoed|perish3|[silent]
|-fieldactivate|move: Perish Song
|
|-weather|RainDance|[upkeep]
|-heal|p1a: BEYOND BRIDGE|51/100|[from] item: Leftovers
|-start|p1b: GHOSTWAVE|perish3
|-start|p1a: BEYOND BRIDGE|perish3
|-start|p2b: Politoed|perish3
|upkeep
|turn|7
|
|t:|1784076543
|move|p2b: Politoed|Protect|p2b: Politoed
|-singleturn|p2b: Politoed|Protect
|move|p1b: GHOSTWAVE|Last Respects|p2b: Politoed
|-activate|p2b: Politoed|move: Protect
|move|p1a: BEYOND BRIDGE|Electro Shot||[still]
|-prepare|p1a: BEYOND BRIDGE|Electro Shot
|-boost|p1a: BEYOND BRIDGE|spa|1
|-anim|p1a: BEYOND BRIDGE|Electro Shot|p2b: Politoed
|-activate|p2b: Politoed|move: Protect
|
|-weather|RainDance|[upkeep]
|-heal|p1a: BEYOND BRIDGE|57/100|[from] item: Leftovers
|-start|p1b: GHOSTWAVE|perish2
|-start|p1a: BEYOND BRIDGE|perish2
|-start|p2b: Politoed|perish2
|upkeep
|turn|8
|
|t:|1784076550
|move|p2b: Politoed|Protect|p2b: Politoed
|-singleturn|p2b: Politoed|Protect
|move|p1b: GHOSTWAVE|Last Respects|p2b: Politoed
|-activate|p2b: Politoed|move: Protect
|move|p1a: BEYOND BRIDGE|Electro Shot||[still]
|-prepare|p1a: BEYOND BRIDGE|Electro Shot
|-boost|p1a: BEYOND BRIDGE|spa|1
|-anim|p1a: BEYOND BRIDGE|Electro Shot|p2b: Politoed
|-activate|p2b: Politoed|move: Protect
|
|-weather|RainDance|[upkeep]
|-heal|p1a: BEYOND BRIDGE|63/100|[from] item: Leftovers
|-start|p1b: GHOSTWAVE|perish1
|-start|p1a: BEYOND BRIDGE|perish1
|-start|p2b: Politoed|perish1
|-sideend|p1: lettitripppp|move: Light Screen
|upkeep
|turn|9
|
|t:|1784076554
|move|p2b: Politoed|Protect||[still]
|-fail|p2b: Politoed
|move|p1b: GHOSTWAVE|Last Respects|p2b: Politoed
|-damage|p2b: Politoed|0 fnt
|faint|p2b: Politoed
|
|win|lettitripppp
||thaduck is ready for game 3.
||lettitripppp is ready for game 3.
|uhtml|next|Next: Game 3 of 3
