|j|☆Slackermaru
|j|☆Squ1dge_
|html|SlackermaruSqu1dge_    
|uhtml|bestof|Game 3 of a best-of-3
|t:|1754654643
|gametype|doubles
|player|p1|Slackermaru|workerice|1332
|player|p2|Squ1dge_|170|1270
|gen|9
|tier|[Gen 9] VGC 2025 Reg H (Bo3)
|rated|
|rule|Species Clause: Limit one of each Pokémon
|rule|Item Clause: Limit 1 of each item
|clearpoke
|poke|p1|Porygon2, L50|
|poke|p1|Hydreigon, L50, M|
|poke|p1|Incineroar, L50, F|
|poke|p1|Ursaluna, L50, M|
|poke|p1|Amoonguss, L50, F|
|poke|p1|Gholdengo, L50|
|poke|p2|Gholdengo, L50|
|poke|p2|Sneasler, L50, M|
|poke|p2|Rillaboom, L50, M|
|poke|p2|Dragonite, L50, M|
|poke|p2|Ninetales-Alola, L50, M|
|poke|p2|Arcanine-Hisui, L50, F|
|teampreview|4
|showteam|p1|Porygon2||Eviolite|Download|TeraBlast,IceBeam,TrickRoom,Recover||||||50|,,,,,Fighting]Hydreigon||SafetyGoggles|Levitate|Snarl,DracoMeteor,Tailwind,Protect|||M|||50|,,,,,Ghost]Incineroar||SitrusBerry|Intimidate|FlareBlitz,KnockOff,PartingShot,FakeOut|||F|||50|,,,,,Grass]Ursaluna||FlameOrb|Guts|Facade,HeadlongRush,Earthquake,Protect|||M|||50|,,,,,Ghost]Amoonguss||CovertCloak|Regenerator|PollenPuff,Spore,RagePowder,Protect|||F|||50|,,,,,Fire]Gholdengo||MetalCoat|GoodasGold|MakeItRain,ShadowBall,NastyPlot,Protect||||||50|,,,,,Flying
|showteam|p2|Gholdengo||GrassySeed|GoodasGold|NastyPlot,MakeItRain,ShadowBall,Protect||||||50|,,,,,Water]Sneasler||WhiteHerb|Unburden|CloseCombat,DireClaw,Coaching,Protect|||M|||50|,,,,,Ghost]Rillaboom||AssaultVest|GrassySurge|FakeOut,GrassyGlide,DrumBeating,HighHorsepower|||M|||50|,,,,,Fire]Dragonite||LoadedDice|Multiscale|ScaleShot,StompingTantrum,Tailwind,Protect|||M|||50|,,,,,Ground]Ninetales-Alola||FocusSash|SnowWarning|Blizzard,IcyWind,Encore,AuroraVeil|||M|||50|,,,,,Ghost]Arcanine-Hisui||ClearAmulet|Intimidate|RockSlide,FlareBlitz,ExtremeSpeed,Protect|||F|||50|,,,,,Water
|
|t:|1754654662
|teamsize|p1|4
|teamsize|p2|4
|start
|switch|p1a: Porygon2|Porygon2, L50, shiny|100/100
|switch|p1b: Incineroar|Incineroar, L50, F, shiny|100/100
|switch|p2a: Sneasler|Sneasler, L50, M|100/100
|switch|p2b: Rillaboom|Rillaboom, L50, M|100/100
|-fieldstart|move: Grassy Terrain|[from] ability: Grassy Surge|[of] p2b: Rillaboom
|-ability|p1b: Incineroar|Intimidate|boost
|-unboost|p2a: Sneasler|atk|1
|-unboost|p2b: Rillaboom|atk|1
|-ability|p1a: Porygon2|Download|boost
|-boost|p1a: Porygon2|spa|1
|-enditem|p2a: Sneasler|White Herb
|-clearnegativeboost|p2a: Sneasler|[silent]
|turn|1
|
|t:|1754654679
|-terastallize|p2a: Sneasler|Ghost
|-terastallize|p1a: Porygon2|Fighting
|move|p2b: Rillaboom|Fake Out|p1a: Porygon2
|-damage|p1a: Porygon2|94/100
|move|p1b: Incineroar|Fake Out|p2a: Sneasler
|-immune|p2a: Sneasler
|move|p2a: Sneasler|Close Combat|p1b: Incineroar
|-supereffective|p1b: Incineroar
|-damage|p1b: Incineroar|0 fnt
|-unboost|p2a: Sneasler|def|1
|-unboost|p2a: Sneasler|spd|1
|faint|p1b: Incineroar
|cant|p1a: Porygon2|flinch
|
|-heal|p1a: Porygon2|100/100|[from] Grassy Terrain
|upkeep
|
|t:|1754654693
|switch|p1b: Gholdengo|Gholdengo, L50|100/100
|turn|2
|
|t:|1754654706
|move|p2a: Sneasler|Close Combat|p1a: Porygon2
|-damage|p1a: Porygon2|59/100
|-unboost|p2a: Sneasler|def|1
|-unboost|p2a: Sneasler|spd|1
|move|p2b: Rillaboom|Drum Beating|p1a: Porygon2
|-damage|p1a: Porygon2|39/100
|-unboost|p1a: Porygon2|spe|1
|move|p1b: Gholdengo|Nasty Plot|p1b: Gholdengo
|-boost|p1b: Gholdengo|spa|2
|move|p1a: Porygon2|Trick Room|p1a: Porygon2
|-fieldstart|move: Trick Room|[of] p1a: Porygon2
|
|-heal|p1a: Porygon2|45/100|[from] Grassy Terrain
|upkeep
|turn|3
|
|t:|1754654734
|switch|p2b: Gholdengo|Gholdengo, L50|100/100
|-enditem|p2b: Gholdengo|Grassy Seed
|-boost|p2b: Gholdengo|def|1|[from] item: Grassy Seed
|move|p2a: Sneasler|Protect|p2a: Sneasler
|-singleturn|p2a: Sneasler|Protect
|move|p1a: Porygon2|Recover|p1a: Porygon2
|-heal|p1a: Porygon2|95/100
|move|p1b: Gholdengo|Make It Rain|p2b: Gholdengo|[spread] p2b
|-activate|p2a: Sneasler|move: Protect
|-resisted|p2b: Gholdengo
|-damage|p2b: Gholdengo|35/100
|-unboost|p1b: Gholdengo|spa|1
|
|-heal|p1a: Porygon2|100/100|[from] Grassy Terrain
|-heal|p2b: Gholdengo|41/100|[from] Grassy Terrain
|upkeep
|turn|4
|
|t:|1754654755
|switch|p2a: Rillaboom|Rillaboom, L50, M|100/100
|move|p2b: Gholdengo|Protect|p2b: Gholdengo
|-singleturn|p2b: Gholdengo|Protect
|move|p1a: Porygon2|Ice Beam|p2a: Rillaboom
|-supereffective|p2a: Rillaboom
|-damage|p2a: Rillaboom|30/100
|move|p1b: Gholdengo|Shadow Ball|p2b: Gholdengo
|-activate|p2b: Gholdengo|move: Protect
|
|-heal|p2b: Gholdengo|47/100|[from] Grassy Terrain
|-heal|p2a: Rillaboom|35/100|[from] Grassy Terrain
|upkeep
|turn|5
|
|t:|1754654769
|move|p2a: Rillaboom|Fake Out|p1a: Porygon2
|-damage|p1a: Porygon2|93/100
|cant|p1a: Porygon2|flinch
|move|p1b: Gholdengo|Shadow Ball|p2b: Gholdengo
|-supereffective|p2b: Gholdengo
|-damage|p2b: Gholdengo|0 fnt
|faint|p2b: Gholdengo
|
|-heal|p1a: Porygon2|99/100|[from] Grassy Terrain
|-heal|p2a: Rillaboom|41/100|[from] Grassy Terrain
|-fieldend|move: Grassy Terrain
|upkeep
|
|t:|1754654778
|switch|p2b: Arcanine|Arcanine-Hisui, L50, F|100/100
|-ability|p2b: Arcanine|Intimidate|boost
|-unboost|p1a: Porygon2|atk|1
|-unboost|p1b: Gholdengo|atk|1
|turn|6
|
|t:|1754654814
|move|p2b: Arcanine|Protect|p2b: Arcanine
|-singleturn|p2b: Arcanine|Protect
|move|p1a: Porygon2|Tera Blast|p2b: Arcanine|[anim] Tera Blast Fighting
|-activate|p2b: Arcanine|move: Protect
|move|p1b: Gholdengo|Shadow Ball|p2b: Arcanine
|-activate|p2b: Arcanine|move: Protect
|move|p2a: Rillaboom|High Horsepower|p1b: Gholdengo
|-supereffective|p1b: Gholdengo
|-damage|p1b: Gholdengo|49/100
|
|-fieldend|move: Trick Room
|upkeep
|turn|7
|
|t:|1754654844
|move|p2b: Arcanine|Rock Slide|p1a: Porygon2|[spread] p1a,p1b
|-resisted|p1a: Porygon2
|-resisted|p1b: Gholdengo
|-damage|p1a: Porygon2|90/100
|-damage|p1b: Gholdengo|38/100
|move|p2a: Rillaboom|High Horsepower|p1b: Gholdengo
|-supereffective|p1b: Gholdengo
|-damage|p1b: Gholdengo|0 fnt
|faint|p1b: Gholdengo
|move|p1a: Porygon2|Trick Room|p1a: Porygon2
|-fieldstart|move: Trick Room|[of] p1a: Porygon2
|
|upkeep
|
|t:|1754654853
|switch|p1b: Ursaluna|Ursaluna, L50, M|100/100
|turn|8
|
|t:|1754654872
|switch|p2a: Sneasler|Sneasler, L50, M, tera:Ghost|100/100
|move|p2b: Arcanine|Protect|p2b: Arcanine
|-singleturn|p2b: Arcanine|Protect
|move|p1a: Porygon2|Ice Beam|p2a: Sneasler
|-damage|p2a: Sneasler|51/100
|move|p1b: Ursaluna|Headlong Rush|p2b: Arcanine
|-activate|p2b: Arcanine|move: Protect
|
|-status|p1b: Ursaluna|brn|[from] item: Flame Orb
|upkeep
|turn|9
|
|t:|1754654896
|switch|p2b: Rillaboom|Rillaboom, L50, M|41/100
|-fieldstart|move: Grassy Terrain|[from] ability: Grassy Surge|[of] p2b: Rillaboom
|move|p1a: Porygon2|Tera Blast|p2b: Rillaboom|[anim] Tera Blast Fighting
|-damage|p2b: Rillaboom|0 fnt
|faint|p2b: Rillaboom
|move|p1b: Ursaluna|Headlong Rush|p2a: Sneasler
|-damage|p2a: Sneasler|0 fnt
|-unboost|p1b: Ursaluna|def|1
|-unboost|p1b: Ursaluna|spd|1
|faint|p2a: Sneasler
|
|-heal|p1a: Porygon2|96/100|[from] Grassy Terrain
|-damage|p1b: Ursaluna|95/100 brn|[from] brn
|upkeep
|
|t:|1754654905
|switch|p2b: Arcanine|Arcanine-Hisui, L50, F|100/100
|-ability|p2b: Arcanine|Intimidate|boost
|-unboost|p1a: Porygon2|atk|1
|-unboost|p1b: Ursaluna|atk|1
|turn|10
|
|t:|1754654917
|move|p2b: Arcanine|Protect|p2b: Arcanine
|-singleturn|p2b: Arcanine|Protect
|move|p1a: Porygon2|Tera Blast|p2b: Arcanine|[anim] Tera Blast Fighting
|-activate|p2b: Arcanine|move: Protect
|move|p1b: Ursaluna|Headlong Rush|p2b: Arcanine
|-activate|p2b: Arcanine|move: Protect
|
|-heal|p1a: Porygon2|100/100|[from] Grassy Terrain
|-heal|p1b: Ursaluna|100/100 brn|[from] Grassy Terrain
|-damage|p1b: Ursaluna|95/100 brn|[from] brn
|upkeep
|turn|11
|
|t:|1754654930
|move|p2b: Arcanine|Protect||[still]
|-fail|p2b: Arcanine
|move|p1a: Porygon2|Tera Blast|p2b: Arcanine|[anim] Tera Blast Fighting
|-supereffective|p2b: Arcanine
|-damage|p2b: Arcanine|0 fnt
|faint|p2b: Arcanine
|
|win|Slackermaru
|raw|Slackermaru's rating: 1332 → 1348(+16 for winning)
|raw|Squ1dge_'s rating: 1270 → 1249(-21 for losing)
|l|☆Squ1dge_
|player|p2|
