|j|☆dragonite0618
|j|☆marcosdeltasena31
|html|dragonite0618marcosdeltasena31    
|uhtml|bestof|Game 3 of a best-of-3
|t:|1785701947
|gametype|doubles
|player|p1|dragonite0618|pokemonranger-gen4|1321
|player|p2|marcosdeltasena31|hilbert|1406
|gen|9
|tier|[Gen 9 Champions] VGC 2026 Reg M-B (Bo3)
|rated|
|rule|Species Clause: Limit one of each Pokémon
|rule|Item Clause: Limit 1 of each item
|clearpoke
|poke|p1|Whimsicott, L50, M, shiny|
|poke|p1|Staraptor, L50, M, shiny|
|poke|p1|Garchomp, L50, F|
|poke|p1|Kingambit, L50, M, shiny|
|poke|p1|Ceruledge, L50, M, shiny|
|poke|p1|Gholdengo, L50, shiny|
|poke|p2|Staraptor, L50, M|
|poke|p2|Delphox, L50, M|
|poke|p2|Whimsicott, L50, M|
|poke|p2|Glimmora, L50, M|
|poke|p2|Garchomp, L50, M|
|poke|p2|Kingambit, L50, M|
|teampreview|4
|showteam|p1|Whimsicott||FocusSash|Prankster|Protect,Charm,Tailwind,Moonblast|Timid||M|||50|]Staraptor||Staraptite|Intimidate|Protect,CloseCombat,BraveBird,Roost|Jolly||M|||50|]Garchomp||LifeOrb|RoughSkin|Protect,Earthquake,RockSlide,DragonClaw|Jolly||F|||50|]Kingambit||ChopleBerry|Defiant|SuckerPunch,KowtowCleave,LowKick,IronHead|Adamant||M|||50|]Ceruledge||ColburBerry|FlashFire|Protect,BitterBlade,ShadowSneak,BulkUp|Adamant||M|||50|]Gholdengo||SpellTag|GoodasGold|Protect,MakeItRain,ShadowBall,NastyPlot|Modest|||||50|
|showteam|p2|Staraptor||Staraptite|Intimidate|Protect,Roost,CloseCombat,BraveBird|Jolly||M|||50|]Delphox||Delphoxite|Blaze|Protect,Psychic,HeatWave,Substitute|Timid||M|||50|]Whimsicott||OccaBerry|Prankster|Moonblast,Tailwind,Charm,LightScreen|Timid||M|||50|]Glimmora||FocusSash|ToxicDebris|SpikyShield,SludgeBomb,EarthPower,PowerGem|Timid||M|||50|]Garchomp||LifeOrb|RoughSkin|Protect,RockSlide,Earthquake,DragonClaw|Jolly||M|||50|]Kingambit||ChopleBerry|Defiant|SuckerPunch,LowKick,IronHead,KowtowCleave|Adamant||M|||50|
|inactive|Battle timer is ON: inactive players will automatically lose when time's up. (requested by dragonite0618)
|
|t:|1785701977
|teamsize|p1|4
|teamsize|p2|4
|start
|switch|p1a: Kingambit|Kingambit, L50, M, shiny|100/100
|switch|p1b: Garchomp|Garchomp, L50, F|100/100
|switch|p2a: Staraptor|Staraptor, L50, M|100/100
|switch|p2b: Whimsicott|Whimsicott, L50, M|100/100
|-ability|p2a: Staraptor|Intimidate|boost
|-unboost|p1a: Kingambit|atk|1
|-ability|p1a: Kingambit|Defiant|boost
|-boost|p1a: Kingambit|atk|2
|-unboost|p1b: Garchomp|atk|1
|turn|1
|
|t:|1785701999
|switch|p1b: Staraptor|Staraptor, L50, M, shiny|100/100
|-ability|p1b: Staraptor|Intimidate|boost
|-unboost|p2a: Staraptor|atk|1
|-unboost|p2b: Whimsicott|atk|1
|detailschange|p2a: Staraptor|Staraptor-Mega, L50, M
|-mega|p2a: Staraptor|Staraptor|Staraptite
|move|p2b: Whimsicott|Charm|p2a: Staraptor
|-boost|p2a: Staraptor|atk|2
|move|p2a: Staraptor|Close Combat|p1a: Kingambit
|-supereffective|p1a: Kingambit|2
|-enditem|p1a: Kingambit|Chople Berry|[eat]
|-enditem|p1a: Kingambit|Chople Berry|[weaken]
|-damage|p1a: Kingambit|0 fnt
|-boost|p2a: Staraptor|def|1
|-boost|p2a: Staraptor|spd|1
|faint|p1a: Kingambit
|
|upkeep
|
|t:|1785702018
|switch|p1a: Whimsicott|Whimsicott, L50, M, shiny|100/100
|turn|2
|
|t:|1785702027
|detailschange|p1b: Staraptor|Staraptor-Mega, L50, M, shiny
|-mega|p1b: Staraptor|Staraptor|Staraptite
|move|p1b: Staraptor|Protect|p1b: Staraptor
|-singleturn|p1b: Staraptor|Protect
|move|p1a: Whimsicott|Tailwind|p1a: Whimsicott
|-sidestart|p1: dragonite0618|move: Tailwind
|move|p2b: Whimsicott|Light Screen|p2b: Whimsicott
|-sidestart|p2: marcosdeltasena31|move: Light Screen
|move|p2a: Staraptor|Brave Bird|p1b: Staraptor
|-activate|p1b: Staraptor|move: Protect
|
|upkeep
|turn|3
|
|t:|1785702040
|move|p1a: Whimsicott|Charm|p1b: Staraptor
|-boost|p1b: Staraptor|atk|2
|move|p2b: Whimsicott|Charm|p2a: Staraptor
|-boost|p2a: Staraptor|atk|2
|move|p1b: Staraptor|Brave Bird|p2a: Staraptor
|-supereffective|p2a: Staraptor|1
|-damage|p2a: Staraptor|0 fnt
|faint|p2a: Staraptor
|-damage|p1b: Staraptor|67/100|[from] Recoil
|
|upkeep
|
|t:|1785702049
|switch|p2a: Delphox|Delphox, L50, M|100/100
|turn|4
|
|t:|1785702066
|move|p2b: Whimsicott|Tailwind|p2b: Whimsicott
|-sidestart|p2: marcosdeltasena31|move: Tailwind
|move|p1a: Whimsicott|Moonblast|p2b: Whimsicott
|-damage|p2b: Whimsicott|68/100
|move|p1b: Staraptor|Brave Bird|p2a: Delphox
|-damage|p2a: Delphox|0 fnt
|faint|p2a: Delphox
|-damage|p1b: Staraptor|38/100|[from] Recoil
|
|upkeep
|
|t:|1785702073
|switch|p2a: Kingambit|Kingambit, L50, M|100/100
|turn|5
|inactive|dragonite0618 has 30 seconds left.
|
|t:|1785702101
|move|p1a: Whimsicott|Protect|p1a: Whimsicott
|-singleturn|p1a: Whimsicott|Protect
|move|p1b: Staraptor|Roost|p1b: Staraptor
|-heal|p1b: Staraptor|88/100
|-singleturn|p1b: Staraptor|move: Roost
|move|p2b: Whimsicott|Moonblast|p1b: Staraptor
|-supereffective|p1b: Staraptor|1
|-damage|p1b: Staraptor|30/100
|move|p2a: Kingambit|Iron Head|p1b: Staraptor
|-damage|p1b: Staraptor|0 fnt
|faint|p1b: Staraptor
|
|-sideend|p1: dragonite0618|move: Tailwind
|upkeep
|
|t:|1785702112
|switch|p1b: Garchomp|Garchomp, L50, F|100/100
|turn|6
|
|t:|1785702122
|move|p2b: Whimsicott|Charm|p1b: Garchomp
|-unboost|p1b: Garchomp|atk|2
|move|p1a: Whimsicott|Tailwind|p1a: Whimsicott
|-sidestart|p1: dragonite0618|move: Tailwind
|move|p1b: Garchomp|Earthquake|p2a: Kingambit|[spread] p1a,p2a,p2b
|-resisted|p1a: Whimsicott|1
|-supereffective|p2a: Kingambit|1
|-resisted|p2b: Whimsicott|1
|-damage|p1a: Whimsicott|83/100
|-damage|p2a: Kingambit|66/100
|-damage|p2b: Whimsicott|57/100
|-damage|p1b: Garchomp|90/100|[from] item: Life Orb
|move|p2a: Kingambit|Iron Head|p1a: Whimsicott
|-supereffective|p1a: Whimsicott|1
|-damage|p1a: Whimsicott|0 fnt
|faint|p1a: Whimsicott
|
|-sideend|p2: marcosdeltasena31|move: Light Screen
|upkeep
|turn|7
|
|t:|1785702136
|move|p2a: Kingambit|Sucker Punch|p1b: Garchomp
|-damage|p1b: Garchomp|52/100
|-damage|p2a: Kingambit|54/100|[from] ability: Rough Skin|[of] p1b: Garchomp
|move|p1b: Garchomp|Earthquake|p2a: Kingambit|[spread] p2a,p2b
|-supereffective|p2a: Kingambit|1
|-resisted|p2b: Whimsicott|1
|-damage|p2a: Kingambit|16/100
|-damage|p2b: Whimsicott|45/100
|-damage|p1b: Garchomp|43/100|[from] item: Life Orb
|move|p2b: Whimsicott|Moonblast|p1b: Garchomp
|-supereffective|p1b: Garchomp|1
|-damage|p1b: Garchomp|0 fnt
|faint|p1b: Garchomp
|
|win|marcosdeltasena31
|raw|dragonite0618's rating: 1321 → 1306(-15 for losing)
|raw|marcosdeltasena31's rating: 1406 → 1421(+15 for winning)
|l|☆marcosdeltasena31
|player|p2|
