|j|☆fubaguy
|j|☆joeykoalas
|html|fubaguyjoeykoalas    
|uhtml|bestof|Game 1 of a best-of-3
|t:|1783563833
|gametype|doubles
|player|p1|fubaguy|hilda|
|player|p2|joeykoalas|pokemaniac|
|gen|9
|tier|[Gen 9 Champions] VGC 2026 Reg M-B (Bo3)
|rule|Species Clause: Limit one of each Pokémon
|rule|Item Clause: Limit 1 of each item
|clearpoke
|poke|p1|Kangaskhan, L50, F|
|poke|p1|Garchomp, L50, M, shiny|
|poke|p1|Corviknight, L50, F, shiny|
|poke|p1|Pinsir, L50, F|
|poke|p1|Vanilluxe, L50, M|
|poke|p1|Spiritomb, L50, M|
|poke|p2|Kangaskhan, L50, F|
|poke|p2|Talonflame, L50, F|
|poke|p2|Hydreigon, L50, M|
|poke|p2|Gengar, L50, F|
|poke|p2|Gallade, L50, M|
|poke|p2|Chandelure, L50, M|
|teampreview|4
|showteam|p1|Kangaskhan||ChopleBerry|Scrappy|FakeOut,DoubleEdge,SuckerPunch,Crunch|Adamant||F|||50|]Garchomp||Garchompite|RoughSkin|DragonClaw,RockSlide,Crunch,Protect|Adamant||M|||50|]Corviknight||SitrusBerry|Unnerve|BraveBird,BulkUp,Roost,Protect|Adamant||F|||50|]Pinsir||Pinsirite|Moxie|XScissor,BodySlam,Feint,Detect|Adamant||F|||50|]Vanilluxe||ChoiceScarf|SnowWarning|Blizzard,FreezeDry,IcyWind,ChillingWater|Modest||M|||50|]Spiritomb||Leftovers|Pressure|Snarl,FoulPlay,WillOWisp,TrickRoom|Modest||M|||50|
|showteam|p2|Kangaskhan||Kangaskhanite|Scrappy|FakeOut,DoubleEdge,Protect,SuckerPunch|Jolly||F|||50|]Talonflame||SharpBeak|GaleWings|Tailwind,BraveBird,Taunt,Protect|Jolly||F|||50|]Hydreigon||SitrusBerry|Levitate|DracoMeteor,DarkPulse,HeatWave,Protect|Timid||M|||50|]Gengar||FocusSash|CursedBody|Taunt,IcyWind,ShadowBall,Protect|Timid||F|||50|]Gallade||Galladite|Justified|SacredSword,PsychoCut,WideGuard,Protect|Jolly||M|||50|]Chandelure||MentalHerb|FlashFire|HeatWave,ShadowBall,TrickRoom,Imprison|Quiet||M|||50|
|c|☆fubaguy|glhf
|c|☆joeykoalas|glhf!
|
|t:|1783563951
|teamsize|p1|4
|teamsize|p2|4
|start
|switch|p1a: Smough|Kangaskhan, L50, F|100/100
|switch|p1b: Seath|Vanilluxe, L50, M|100/100
|switch|p2a: Big Kanga's House|Kangaskhan, L50, F|100/100
|switch|p2b: Fawk|Talonflame, L50, F|100/100
|-weather|Snowscape|[from] ability: Snow Warning|[of] p1b: Seath
|turn|1
|j| bigwill606
|
|t:|1783563987
|move|p2a: Big Kanga's House|Fake Out|p1b: Seath
|-damage|p1b: Seath|83/100
|move|p1a: Smough|Fake Out|p2b: Fawk
|-damage|p2b: Fawk|74/100
|cant|p1b: Seath|flinch
|cant|p2b: Fawk|flinch
|
|-weather|Snowscape|[upkeep]
|upkeep
|turn|2
|
|t:|1783564027
|detailschange|p2a: Big Kanga's House|Kangaskhan-Mega, L50, F
|-mega|p2a: Big Kanga's House|Kangaskhan|Kangaskhanite
|move|p1b: Seath|Blizzard|p2b: Fawk|[spread] p2a,p2b
|-damage|p2a: Big Kanga's House|56/100
|-damage|p2b: Fawk|18/100
|-status|p2b: Fawk|frz
|-curestatus|p2b: Fawk|frz|[msg]
|move|p2b: Fawk|Tailwind|p2b: Fawk
|-sidestart|p2: joeykoalas|move: Tailwind
|move|p2a: Big Kanga's House|Double-Edge|p1b: Seath
|-damage|p1b: Seath|30/100
|-damage|p1b: Seath|16/100
|-hitcount|p1b: Seath|2
|-damage|p2a: Big Kanga's House|38/100|[from] Recoil
|move|p1a: Smough|Double-Edge|p2b: Fawk
|-damage|p2b: Fawk|0 fnt
|faint|p2b: Fawk
|-damage|p1a: Smough|94/100|[from] Recoil
|
|-weather|Snowscape|[upkeep]
|upkeep
|
|t:|1783564053
|switch|p2b: Herberus|Hydreigon, L50, M|100/100
|turn|3
|
|t:|1783564103
|switch|p1b: Kalameet|Garchomp, L50, M, shiny|100/100
|move|p2a: Big Kanga's House|Double-Edge|p1b: Kalameet
|-damage|p1b: Kalameet|41/100
|-damage|p2a: Big Kanga's House|26/100|[from] ability: Rough Skin|[of] p1b: Kalameet
|-damage|p1b: Kalameet|26/100
|-damage|p2a: Big Kanga's House|14/100|[from] ability: Rough Skin|[of] p1b: Kalameet
|-hitcount|p1b: Kalameet|2
|-damage|p2a: Big Kanga's House|0 fnt|[from] Recoil
|faint|p2a: Big Kanga's House
|move|p2b: Herberus|Heat Wave|p1a: Smough|[spread] p1a,p1b
|-resisted|p1b: Kalameet|1
|-damage|p1a: Smough|69/100
|-damage|p1b: Kalameet|13/100
|move|p1a: Smough|Double-Edge|p2b: Herberus
|-damage|p2b: Herberus|33/100
|-enditem|p2b: Herberus|Sitrus Berry|[eat]
|-heal|p2b: Herberus|58/100|[from] item: Sitrus Berry
|-damage|p1a: Smough|52/100|[from] Recoil
|
|-weather|Snowscape|[upkeep]
|upkeep
|
|t:|1783564107
|switch|p2a: Gallad Ur Here|Gallade, L50, M|100/100
|turn|4
|
|t:|1783564135
|move|p1b: Kalameet|Protect|p1b: Kalameet
|-singleturn|p1b: Kalameet|Protect
|move|p1a: Smough|Sucker Punch|p2a: Gallad Ur Here
|-damage|p2a: Gallad Ur Here|64/100
|-ability|p2a: Gallad Ur Here|Justified|boost
|-boost|p2a: Gallad Ur Here|atk|1
|move|p2b: Herberus|Heat Wave|p1a: Smough|[spread] p1a
|-activate|p1b: Kalameet|move: Protect
|-damage|p1a: Smough|26/100
|move|p2a: Gallad Ur Here|Sacred Sword|p1a: Smough
|-supereffective|p1a: Smough|1
|-enditem|p1a: Smough|Chople Berry|[eat]
|-enditem|p1a: Smough|Chople Berry|[weaken]
|-damage|p1a: Smough|0 fnt
|faint|p1a: Smough
|
|-weather|Snowscape|[upkeep]
|upkeep
|
|t:|1783564150
|switch|p1a: Ornstein|Pinsir, L50, F|100/100
|turn|5
|
|t:|1783564166
|move|p1a: Ornstein|Detect|p1a: Ornstein
|-singleturn|p1a: Ornstein|Protect
|move|p2b: Herberus|Heat Wave|p1b: Kalameet|[spread] p1b
|-activate|p1a: Ornstein|move: Protect
|-resisted|p1b: Kalameet|1
|-damage|p1b: Kalameet|1/100
|-status|p1b: Kalameet|brn
|move|p2a: Gallad Ur Here|Sacred Sword|p1b: Kalameet
|-damage|p1b: Kalameet|0 fnt
|-damage|p2a: Gallad Ur Here|52/100|[from] ability: Rough Skin|[of] p1b: Kalameet
|faint|p1b: Kalameet
|
|-weather|none
|-sideend|p2: joeykoalas|move: Tailwind
|upkeep
|
|t:|1783564198
|switch|p1b: Seath|Vanilluxe, L50, M|16/100
|-weather|Snowscape|[from] ability: Snow Warning|[of] p1b: Seath
|turn|6
|
|t:|1783564248
|detailschange|p1a: Ornstein|Pinsir-Mega, L50, F
|-mega|p1a: Ornstein|Pinsir|Pinsirite
|move|p1b: Seath|Icy Wind|p2a: Gallad Ur Here|[spread] p2a,p2b
|-supereffective|p2b: Herberus|1
|-damage|p2a: Gallad Ur Here|29/100
|-damage|p2b: Herberus|7/100
|-unboost|p2a: Gallad Ur Here|spe|1
|-unboost|p2b: Herberus|spe|1
|move|p1a: Ornstein|X-Scissor|p2b: Herberus
|-supereffective|p2b: Herberus|1
|-damage|p2b: Herberus|0 fnt
|faint|p2b: Herberus
|move|p2a: Gallad Ur Here|Sacred Sword|p1b: Seath
|-supereffective|p1b: Seath|1
|-damage|p1b: Seath|0 fnt
|faint|p1b: Seath
|
|-weather|Snowscape|[upkeep]
|upkeep
|turn|7
|
|t:|1783564263
|move|p1a: Ornstein|Body Slam|p2a: Gallad Ur Here
|-supereffective|p2a: Gallad Ur Here|1
|-damage|p2a: Gallad Ur Here|0 fnt
|faint|p2a: Gallad Ur Here
|
|win|fubaguy
|c|☆fubaguy|gg
||fubaguy is ready for game 2.
|c|☆joeykoalas|gg
|inactive|joeykoalas has 30 seconds to confirm battle start!
||joeykoalas is ready for game 2.
|uhtml|next|Next: Game 2 of 3
|j| SpoiledEGG
|l| SpoiledEGG
|l| bigwill606
