|j|☆Metallicmadness
|j|☆Lab01JNEST
|html|MetallicmadnessLab01JNEST    
|uhtml|bestof|Game 2 of a best-of-3
|t:|1757690307
|gametype|doubles
|player|p1|Metallicmadness|byron|1231
|player|p2|Lab01JNEST|266|1264
|gen|9
|tier|[Gen 9] VGC 2025 Reg H (Bo3)
|rated|
|rule|Species Clause: Limit one of each Pokémon
|rule|Item Clause: Limit 1 of each item
|clearpoke
|poke|p1|Charizard, L50, F|
|poke|p1|Torkoal, L50, F|
|poke|p1|Porygon2, L50|
|poke|p1|Incineroar, L50, M|
|poke|p1|Jumpluff, L50, F|
|poke|p1|Ursaluna, L50, F|
|poke|p2|Tyranitar, L50, M|
|poke|p2|Garchomp, L50, F|
|poke|p2|Sinistcha, L50|
|poke|p2|Dragonite, L50, M|
|poke|p2|Corviknight, L50, M|
|poke|p2|Volcarona, L50, M|
|teampreview|4
|showteam|p1|Charizard||ChoiceSpecs|SolarPower|HeatWave,Overheat,WeatherBall,AirSlash|||F|||50|,,,,,Ghost]Torkoal||EjectPack|Drought|Eruption,Overheat,HelpingHand,Protect|||F|||50|,,,,,Fire]Porygon2||Eviolite|Download|TeraBlast,IceBeam,Recover,TrickRoom||||||50|,,,,,Fighting]Incineroar||SitrusBerry|Intimidate|FlareBlitz,KnockOff,FakeOut,PartingShot|||M|||50|,,,,,Ghost]Jumpluff||CovertCloak|Chlorophyll|SleepPowder,SunnyDay,RagePowder,Tailwind|||F|||50|,,,,,Water]Ursaluna||FlameOrb|Guts|HeadlongRush,Facade,Earthquake,Protect|||F|||50|,,,,,Ghost
|showteam|p2|Tyranitar||AssaultVest|SandStream|RockSlide,KnockOff,TeraBlast,LowKick|||M|||50|,,,,,Flying]Garchomp||LifeOrb|RoughSkin|Protect,DragonClaw,StompingTantrum,Earthquake|||F|||50|,,,,,Ground]Sinistcha||RockyHelmet|Hospitality|MatchaGotcha,LifeDew,TrickRoom,RagePowder||||||50|,,,,,Dark]Dragonite||ChoiceBand|InnerFocus|Outrage,ExtremeSpeed,IceSpinner,AerialAce|||M|||50|,,,,,Normal]Corviknight||SitrusBerry|MirrorArmor|Tailwind,BulkUp,Roost,BraveBird|||M|||50|,,,,,Dragon]Volcarona||Leftovers|FlameBody|FieryDance,GigaDrain,QuiverDance,Protect|||M|||50|,,,,,Dragon
|inactive|Battle timer is ON: inactive players will automatically lose when time's up. (requested by Metallicmadness)
|inactive|Lab01JNEST also wants the timer to be on.
|
|t:|1757690320
|teamsize|p1|4
|teamsize|p2|4
|start
|switch|p1a: Incineroar|Incineroar, L50, M|100/100
|switch|p1b: Porygon2|Porygon2, L50|100/100
|switch|p2a: Garchomp|Garchomp, L50, F|100/100
|switch|p2b: Dragonite|Dragonite, L50, M|100/100
|-ability|p1a: Incineroar|Intimidate|boost
|-unboost|p2a: Garchomp|atk|1
|-fail|p2b: Dragonite|unboost|Attack|[from] ability: Inner Focus|[of] p2b: Dragonite
|-ability|p1b: Porygon2|Download|boost
|-boost|p1b: Porygon2|spa|1
|turn|1
|
|t:|1757690332
|switch|p2a: Sinistcha|Sinistcha, L50|100/100
|move|p1a: Incineroar|Fake Out|p2a: Sinistcha
|-immune|p2a: Sinistcha
|move|p2b: Dragonite|Outrage|p1b: Porygon2
|-damage|p1b: Porygon2|36/100
|move|p1b: Porygon2|Trick Room|p1b: Porygon2
|-fieldstart|move: Trick Room|[of] p1b: Porygon2
|
|upkeep
|turn|2
|
|t:|1757690344
|move|p1b: Porygon2|Ice Beam|p2a: Sinistcha
|-supereffective|p2a: Sinistcha
|-crit|p2a: Sinistcha
|-damage|p2a: Sinistcha|0 fnt
|faint|p2a: Sinistcha
|move|p1a: Incineroar|Knock Off|p2b: Dragonite
|-damage|p2b: Dragonite|54/100
|-enditem|p2b: Dragonite|Choice Band|[from] move: Knock Off|[of] p1a: Incineroar
|move|p2b: Dragonite|Outrage|p1a: Incineroar|[from] lockedmove
|-damage|p1a: Incineroar|32/100
|-enditem|p1a: Incineroar|Sitrus Berry|[eat]
|-heal|p1a: Incineroar|56/100|[from] item: Sitrus Berry
|
|upkeep
|
|t:|1757690354
|switch|p2a: Garchomp|Garchomp, L50, F|100/100
|turn|3
|
|t:|1757690365
|-terastallize|p2a: Garchomp|Ground
|move|p1b: Porygon2|Ice Beam|p2b: Dragonite
|-supereffective|p2b: Dragonite
|-damage|p2b: Dragonite|0 fnt
|faint|p2b: Dragonite
|move|p1a: Incineroar|Parting Shot|p2a: Garchomp
|-unboost|p2a: Garchomp|atk|1
|-unboost|p2a: Garchomp|spa|1
|
|t:|1757690373
|switch|p1a: Ursaluna|Ursaluna, L50, F|100/100|[from] Parting Shot
|move|p2a: Garchomp|Earthquake|p1b: Porygon2|[spread] p1a,p1b
|-damage|p1a: Ursaluna|63/100
|-damage|p1b: Porygon2|2/100
|-damage|p2a: Garchomp|91/100|[from] item: Life Orb
|
|-status|p1a: Ursaluna|brn|[from] item: Flame Orb
|upkeep
|
|t:|1757690375
|switch|p2b: Tyranitar|Tyranitar, L50, M|100/100
|-weather|Sandstorm|[from] ability: Sand Stream|[of] p2b: Tyranitar
|turn|4
|
|t:|1757690388
|move|p1b: Porygon2|Recover|p1b: Porygon2
|-heal|p1b: Porygon2|52/100
|move|p1a: Ursaluna|Headlong Rush|p2b: Tyranitar
|-supereffective|p2b: Tyranitar
|-crit|p2b: Tyranitar
|-damage|p2b: Tyranitar|0 fnt
|-unboost|p1a: Ursaluna|def|1
|-unboost|p1a: Ursaluna|spd|1
|faint|p2b: Tyranitar
|move|p2a: Garchomp|Dragon Claw|p1a: Ursaluna
|-damage|p1a: Ursaluna|21/100 brn
|-damage|p2a: Garchomp|81/100|[from] item: Life Orb
|
|-weather|Sandstorm|[upkeep]
|-damage|p1b: Porygon2|46/100|[from] Sandstorm
|-damage|p1a: Ursaluna|15/100 brn|[from] brn
|upkeep
|turn|5
|-message|Lab01JNEST forfeited.
|
|win|Metallicmadness
