|j|☆bachira.lock
|j|☆johnilbello
|html|bachira.lockjohnilbello    
|uhtml|bestof|Game 1 of a best-of-3
|t:|1757930236
|gametype|doubles
|player|p1|bachira.lock|alec-anime|1000
|player|p2|johnilbello|alder|1065
|gen|9
|tier|[Gen 9] VGC 2025 Reg H (Bo3)
|rated|
|rule|Species Clause: Limit one of each Pokémon
|rule|Item Clause: Limit 1 of each item
|clearpoke
|poke|p1|Dragonite, L50, F|
|poke|p1|Ursaluna-Bloodmoon, L50, M|
|poke|p1|Gholdengo, L50|
|poke|p1|Maushold-Four, L50|
|poke|p1|Annihilape, L50, F|
|poke|p1|Rillaboom, L50, F|
|poke|p2|Ursaluna-Bloodmoon, L50, M|
|poke|p2|Electabuzz, L50, F|
|poke|p2|Sneasler, L50, F|
|poke|p2|Rillaboom, L50, F|
|poke|p2|Annihilape, L50, M|
|poke|p2|Dragonite, L50, M|
|teampreview|4
|showteam|p1|Dragonite||LoadedDice|Multiscale|ScaleShot,Tailwind,Haze,Protect|||F|||50|,,,,,Fairy]Ursaluna-Bloodmoon||AssaultVest|MindsEye|BloodMoon,EarthPower,HyperVoice,VacuumWave|||M|||50|,,,,,Water]Gholdengo||LifeOrb|GoodasGold|MakeItRain,ShadowBall,NastyPlot,Protect||||||50|,,,,,Water]Maushold-Four||FocusSash|FriendGuard|SuperFang,FollowMe,BeatUp,Protect||||||50|,,,,,Ghost]Annihilape||SitrusBerry|Defiant|RageFist,DrainPunch,BulkUp,Protect|||F|||50|,,,,,Fire]Rillaboom||MiracleSeed|GrassySurge|WoodHammer,GrassyGlide,HighHorsepower,FakeOut|||F|||50|,,,,,Fire
|showteam|p2|Ursaluna-Bloodmoon||LifeOrb|MindsEye|Protect,BloodMoon,Yawn,EarthPower|||M|||50|,,,,,Electric]Electabuzz||Eviolite|VitalSpirit|Protect,Electroweb,Taunt,FollowMe|||F|||50|,,,,,Dragon]Sneasler||GrassySeed|Unburden|Protect,DireClaw,Acrobatics,CloseCombat|||F|||50|,,,,,Stellar]Rillaboom||AssaultVest|GrassySurge|FakeOut,WoodHammer,GrassyGlide,HighHorsepower|||F|||50|,,,,,Fire]Annihilape||SafetyGoggles|Defiant|Protect,RageFist,DrainPunch,BulkUp|||M|||50|,,,,,Water]Dragonite||LoadedDice|Multiscale|ScaleShot,Tailwind,Haze,Protect|||M|||50|,,,,,Fairy
|c|☆johnilbello|glhf
|inactive|Battle timer is ON: inactive players will automatically lose when time's up. (requested by johnilbello)
|inactive|johnilbello has 60 seconds left.
|l|☆johnilbello
|inactive|johnilbello disconnected and has a minute to reconnect!
|player|p2|
|inactive|johnilbello has 30 seconds left.
|j|☆johnilbello
|inactive|johnilbello reconnected and has 30 seconds left.
|player|p2|johnilbello|alder|
|inactive|johnilbello has 20 seconds left.
|
|t:|1757930319
|teamsize|p1|4
|teamsize|p2|4
|start
|switch|p1a: Maushold|Maushold-Four, L50|100/100
|switch|p1b: Gholdengo|Gholdengo, L50|100/100
|switch|p2a: Ursaluna|Ursaluna-Bloodmoon, L50, M|100/100
|switch|p2b: Electabuzz|Electabuzz, L50, F|100/100
|turn|1
|
|t:|1757930340
|move|p2a: Ursaluna|Protect|p2a: Ursaluna
|-singleturn|p2a: Ursaluna|Protect
|move|p1a: Maushold|Super Fang|p2a: Ursaluna
|-activate|p2a: Ursaluna|move: Protect
|move|p1b: Gholdengo|Make It Rain|p2b: Electabuzz|[spread] p2b
|-activate|p2a: Ursaluna|move: Protect
|-resisted|p2b: Electabuzz
|-damage|p2b: Electabuzz|79/100
|-unboost|p1b: Gholdengo|spa|1
|-damage|p1b: Gholdengo|91/100|[from] item: Life Orb
|move|p2b: Electabuzz|Taunt|p1a: Maushold
|-start|p1a: Maushold|move: Taunt
|
|upkeep
|turn|2
|inactive|johnilbello has 30 seconds left.
|inactive|johnilbello has 20 seconds left.
|
|t:|1757930376
|-terastallize|p1b: Gholdengo|Water
|move|p1a: Maushold|Super Fang|p2a: Ursaluna
|-damage|p2a: Ursaluna|50/100
|move|p1b: Gholdengo|Nasty Plot|p1b: Gholdengo
|-boost|p1b: Gholdengo|spa|2
|move|p2b: Electabuzz|Electroweb|p1a: Maushold|[spread] p1a,p1b
|-supereffective|p1b: Gholdengo
|-damage|p1a: Maushold|81/100
|-damage|p1b: Gholdengo|69/100
|-unboost|p1a: Maushold|spe|1
|-unboost|p1b: Gholdengo|spe|1
|move|p2a: Ursaluna|Blood Moon|p1a: Maushold
|-damage|p1a: Maushold|0 fnt
|faint|p1a: Maushold
|-damage|p2a: Ursaluna|41/100|[from] item: Life Orb
|
|upkeep
|
|t:|1757930393
|switch|p1a: Dragonite|Dragonite, L50, F|100/100
|turn|3
|
|t:|1757930408
|switch|p2a: Rillaboom|Rillaboom, L50, F|100/100
|-fieldstart|move: Grassy Terrain|[from] ability: Grassy Surge|[of] p2a: Rillaboom
|move|p2b: Electabuzz|Electroweb|p1a: Dragonite|[spread] p1a,p1b
|-supereffective|p1b: Gholdengo
|-damage|p1a: Dragonite|94/100
|-damage|p1b: Gholdengo|37/100
|-unboost|p1a: Dragonite|spe|1
|-unboost|p1b: Gholdengo|spe|1
|move|p1a: Dragonite|Scale Shot|p2b: Electabuzz
|-damage|p2b: Electabuzz|67/100
|-damage|p2b: Electabuzz|54/100
|-damage|p2b: Electabuzz|40/100
|-damage|p2b: Electabuzz|25/100
|-damage|p2b: Electabuzz|12/100
|-hitcount|p2b: Electabuzz|5
|-unboost|p1a: Dragonite|def|1
|-boost|p1a: Dragonite|spe|1
|move|p1b: Gholdengo|Make It Rain|p2a: Rillaboom|[spread] p2a,p2b
|-crit|p2a: Rillaboom
|-resisted|p2b: Electabuzz
|-damage|p2a: Rillaboom|3/100
|-damage|p2b: Electabuzz|0 fnt
|-unboost|p1b: Gholdengo|spa|1
|faint|p2b: Electabuzz
|-damage|p1b: Gholdengo|28/100|[from] item: Life Orb
|
|-heal|p2a: Rillaboom|9/100|[from] Grassy Terrain
|-heal|p1b: Gholdengo|34/100|[from] Grassy Terrain
|upkeep
|l|☆johnilbello
|inactive|johnilbello disconnected and has a minute to reconnect!
|player|p2|
|j|☆johnilbello
|inactive|johnilbello reconnected and has 35 seconds left.
|player|p2|johnilbello|alder|
|inactive|johnilbello has 30 seconds left.
|inactive|johnilbello has 20 seconds left.
|
|t:|1757930443
|switch|p2b: Sneasler|Sneasler, L50, F|100/100
|-enditem|p2b: Sneasler|Grassy Seed
|-boost|p2b: Sneasler|def|1|[from] item: Grassy Seed
|turn|4
|
|t:|1757930465
|switch|p1a: Annihilape|Annihilape, L50, F|100/100
|-terastallize|p2b: Sneasler|Stellar
|move|p2a: Rillaboom|Fake Out|p1b: Gholdengo
|-damage|p1b: Gholdengo|18/100
|move|p2b: Sneasler|Dire Claw|p1a: Annihilape
|-resisted|p1a: Annihilape
|-damage|p1a: Annihilape|70/100
|cant|p1b: Gholdengo|flinch
|
|-heal|p1a: Annihilape|76/100|[from] Grassy Terrain
|-heal|p2a: Rillaboom|15/100|[from] Grassy Terrain
|-heal|p1b: Gholdengo|24/100|[from] Grassy Terrain
|upkeep
|turn|5
|inactive|bachira.lock has 30 seconds left.
|inactive|bachira.lock has 20 seconds left.
|
|t:|1757930505
|move|p1b: Gholdengo|Protect|p1b: Gholdengo
|-singleturn|p1b: Gholdengo|Protect
|move|p2a: Rillaboom|Grassy Glide|p1b: Gholdengo
|-activate|p1b: Gholdengo|move: Protect
|move|p2b: Sneasler|Acrobatics|p1a: Annihilape
|-supereffective|p1a: Annihilape
|-damage|p1a: Annihilape|0 fnt
|faint|p1a: Annihilape
|
|-heal|p2a: Rillaboom|21/100|[from] Grassy Terrain
|-heal|p1b: Gholdengo|29/100|[from] Grassy Terrain
|upkeep
|
|t:|1757930513
|switch|p1a: Dragonite|Dragonite, L50, F|94/100
|turn|6
|
|t:|1757930524
|move|p2a: Rillaboom|Grassy Glide|p1b: Gholdengo
|-supereffective|p1b: Gholdengo
|-damage|p1b: Gholdengo|0 fnt
|faint|p1b: Gholdengo
|move|p2b: Sneasler|Dire Claw|p1a: Dragonite
|-damage|p1a: Dragonite|47/100
|move|p1a: Dragonite|Scale Shot|p2b: Sneasler
|-damage|p2b: Sneasler|86/100
|-damage|p2b: Sneasler|72/100
|-damage|p2b: Sneasler|59/100
|-damage|p2b: Sneasler|43/100
|-hitcount|p2b: Sneasler|4
|-unboost|p1a: Dragonite|def|1
|-boost|p1a: Dragonite|spe|1
|
|-heal|p2b: Sneasler|49/100|[from] Grassy Terrain
|-heal|p2a: Rillaboom|27/100|[from] Grassy Terrain
|upkeep
|turn|7
|l|☆johnilbello
|inactive|johnilbello disconnected and has a minute to reconnect!
|player|p2|
|inactive|johnilbello has 30 seconds left.
|j|☆johnilbello
|inactive|johnilbello reconnected and has 30 seconds left.
|player|p2|johnilbello|alder|
|inactive|johnilbello has 20 seconds left.
|inactive|johnilbello has 15 seconds left.
|
|t:|1757930567
|switch|p2a: Ursaluna|Ursaluna-Bloodmoon, L50, M|41/100
|move|p1a: Dragonite|Protect|p1a: Dragonite
|-singleturn|p1a: Dragonite|Protect
|move|p2b: Sneasler|Close Combat|p1a: Dragonite
|-activate|p1a: Dragonite|move: Protect
|
|-heal|p2b: Sneasler|55/100|[from] Grassy Terrain
|-heal|p2a: Ursaluna|47/100|[from] Grassy Terrain
|-fieldend|move: Grassy Terrain
|upkeep
|turn|8
|inactive|bachira.lock has 30 seconds left.
|
|t:|1757930595
|move|p2b: Sneasler|Dire Claw|p1a: Dragonite
|-damage|p1a: Dragonite|0 fnt
|faint|p1a: Dragonite
|
|win|johnilbello
||johnilbello is ready for game 2.
||bachira.lock is ready for game 2.
|uhtml|next|Next: Game 2 of 3
|l|☆johnilbello
|player|p2|
