|j|☆Adriatic Tides
|j|☆chungoc
|html|Adriatic Tideschungoc    
|uhtml|bestof|Game 3 of a best-of-3
|t:|1784422720
|gametype|doubles
|player|p1|Adriatic Tides|leon|1165
|player|p2|chungoc|birdkeeper|1188
|gen|9
|tier|[Gen 9 Champions] VGC 2026 Reg M-B (Bo3)
|rated|
|rule|Species Clause: Limit one of each Pokémon
|rule|Item Clause: Limit 1 of each item
|clearpoke
|poke|p1|Tyranitar, L50, F|
|poke|p1|Excadrill, L50, M|
|poke|p1|Delphox, L50, M|
|poke|p1|Sinistcha, L50|
|poke|p1|Rotom-Wash, L50|
|poke|p1|Incineroar, L50, M|
|poke|p2|Tyranitar, L50, M, shiny|
|poke|p2|Whimsicott, L50, F|
|poke|p2|Excadrill, L50, M|
|poke|p2|Rotom-Wash, L50|
|poke|p2|Archaludon, L50, M|
|poke|p2|Dragonite, L50, M|
|teampreview|4
|showteam|p1|Tyranitar||Tyranitarite|SandStream|KnockOff,RockSlide,Protect,LowKick|Adamant||F|||50|]Excadrill||FocusSash|SandRush|Protect,Earthquake,IronHead,RockSlide|Adamant||M|||50|]Delphox||Delphoxite|Blaze|NastyPlot,HeatWave,Psyshock,Protect|Timid||M|||50|]Sinistcha||ColburBerry|Hospitality|TrickRoom,MatchaGotcha,Protect,RagePowder|Bold|||||50|]Rotom-Wash||Leftovers|Levitate|Electroweb,HydroPump,Protect,Thunderbolt|Modest|||||50|]Incineroar||SitrusBerry|Intimidate|FakeOut,FlareBlitz,PartingShot,ThroatChop|Careful||M|||50|
|showteam|p2|Tyranitar||Tyranitarite|SandStream|RockSlide,KnockOff,Protect,LowKick|Adamant||M|||50|]Whimsicott||FocusSash|Prankster|Moonblast,Tailwind,Encore,Taunt|Timid||F|||50|]Excadrill||LifeOrb|SandRush|HighHorsepower,IronHead,RockSlide,Protect|Adamant||M|||50|]Rotom-Wash||SitrusBerry|Levitate|Protect,WillOWisp,Thunderbolt,HydroPump|Modest|||||50|]Archaludon||WhiteHerb|Stamina|FlashCannon,ElectroShot,Protect,DracoMeteor|Modest||M|||50|]Dragonite||Dragoninite|InnerFocus|DragonPulse,Hurricane,IceBeam,HeatWave|Timid||M|||50|
|
|t:|1784422741
|teamsize|p1|4
|teamsize|p2|4
|start
|switch|p1a: Incineroar|Incineroar, L50, M|100/100
|switch|p1b: Delphox|Delphox, L50, M|100/100
|switch|p2a: Whimsicott|Whimsicott, L50, F|100/100
|switch|p2b: Excadrill|Excadrill, L50, M|100/100
|-ability|p1a: Incineroar|Intimidate|boost
|-unboost|p2a: Whimsicott|atk|1
|-unboost|p2b: Excadrill|atk|1
|turn|1
|
|t:|1784422777
|detailschange|p1b: Delphox|Delphox-Mega, L50, M
|-mega|p1b: Delphox|Delphox|Delphoxite
|move|p2b: Excadrill|Protect|p2b: Excadrill
|-singleturn|p2b: Excadrill|Protect
|move|p1a: Incineroar|Fake Out|p2b: Excadrill
|-activate|p2b: Excadrill|move: Protect
|move|p2a: Whimsicott|Tailwind|p2a: Whimsicott
|-sidestart|p2: chungoc|move: Tailwind
|move|p1b: Delphox|Heat Wave|p2a: Whimsicott|[spread] p2a
|-activate|p2b: Excadrill|move: Protect
|-supereffective|p2a: Whimsicott|1
|-enditem|p2a: Whimsicott|Focus Sash
|-damage|p2a: Whimsicott|1/100
|
|upkeep
|turn|2
|
|t:|1784422800
|move|p1b: Delphox|Protect|p1b: Delphox
|-singleturn|p1b: Delphox|Protect
|move|p2a: Whimsicott|Moonblast|p1a: Incineroar
|-damage|p1a: Incineroar|72/100
|-unboost|p1a: Incineroar|spa|1
|move|p2b: Excadrill|Rock Slide|p1b: Delphox|[spread] p1a
|-activate|p1b: Delphox|move: Protect
|-supereffective|p1a: Incineroar|1
|-damage|p1a: Incineroar|40/100
|-enditem|p1a: Incineroar|Sitrus Berry|[eat]
|-heal|p1a: Incineroar|65/100|[from] item: Sitrus Berry
|-damage|p2b: Excadrill|90/100|[from] item: Life Orb
|move|p1a: Incineroar|Flare Blitz|p2b: Excadrill
|-supereffective|p2b: Excadrill|1
|-crit|p2b: Excadrill
|-damage|p2b: Excadrill|0 fnt
|faint|p2b: Excadrill
|-damage|p1a: Incineroar|38/100|[from] Recoil
|
|upkeep
|
|t:|1784422825
|switch|p2b: Rotom|Rotom-Wash, L50|100/100
|turn|3
|
|t:|1784422836
|switch|p1b: Rotom|Rotom-Wash, L50|100/100
|move|p2a: Whimsicott|Moonblast|p1a: Incineroar
|-damage|p1a: Incineroar|12/100
|move|p2b: Rotom|Hydro Pump|p1b: Rotom
|-resisted|p1b: Rotom|1
|-damage|p1b: Rotom|72/100
|move|p1a: Incineroar|Flare Blitz|p2a: Whimsicott
|-supereffective|p2a: Whimsicott|1
|-damage|p2a: Whimsicott|0 fnt
|faint|p2a: Whimsicott
|-damage|p1a: Incineroar|11/100|[from] Recoil
|
|-heal|p1b: Rotom|78/100|[from] item: Leftovers
|upkeep
|
|t:|1784422850
|switch|p2a: Dragonite|Dragonite, L50, M|100/100
|turn|4
|
|t:|1784422866
|detailschange|p2a: Dragonite|Dragonite-Mega, L50, M
|-mega|p2a: Dragonite|Dragonite|Dragoninite
|move|p2a: Dragonite|Dragon Pulse|p1a: Incineroar
|-damage|p1a: Incineroar|0 fnt
|faint|p1a: Incineroar
|move|p2b: Rotom|Thunderbolt|p1b: Rotom
|-damage|p1b: Rotom|31/100
|move|p1b: Rotom|Electroweb|p2b: Rotom|[spread] p2a
|-miss|p1b: Rotom|p2b: Rotom
|-damage|p2a: Dragonite|92/100
|-unboost|p2a: Dragonite|spe|1
|
|-heal|p1b: Rotom|37/100|[from] item: Leftovers
|-sideend|p2: chungoc|move: Tailwind
|upkeep
|
|t:|1784422891
|switch|p1a: Sinistcha|Sinistcha, L50|100/100
|-heal|p1b: Rotom|62/100|[from] ability: Hospitality|[of] p1a: Sinistcha
|turn|5
|
|t:|1784422908
|move|p1b: Rotom|Electroweb|p2a: Dragonite|[spread] p2a,p2b
|-damage|p2a: Dragonite|77/100
|-damage|p2b: Rotom|78/100
|-unboost|p2a: Dragonite|spe|1
|-unboost|p2b: Rotom|spe|1
|move|p2b: Rotom|Thunderbolt|p1b: Rotom
|-damage|p1b: Rotom|14/100
|move|p1a: Sinistcha|Matcha Gotcha|p2a: Dragonite|[spread] p2a,p2b
|-resisted|p2a: Dragonite|2
|-supereffective|p2b: Rotom|1
|-damage|p2a: Dragonite|72/100
|-damage|p2b: Rotom|15/100
|-enditem|p2b: Rotom|Sitrus Berry|[eat]
|-heal|p2b: Rotom|40/100|[from] item: Sitrus Berry
|move|p2a: Dragonite|Hurricane|p1a: Sinistcha
|-supereffective|p1a: Sinistcha|1
|-damage|p1a: Sinistcha|0 fnt
|faint|p1a: Sinistcha
|
|-heal|p1b: Rotom|19/100|[from] item: Leftovers
|upkeep
|
|t:|1784422923
|switch|p1a: Delphox|Delphox-Mega, L50, M|100/100
|turn|6
|
|t:|1784422940
|move|p1a: Delphox|Psyshock|p2a: Dragonite
|-damage|p2a: Dragonite|27/100
|move|p1b: Rotom|Thunderbolt|p2b: Rotom
|-damage|p2b: Rotom|0 fnt
|faint|p2b: Rotom
|move|p2a: Dragonite|Hurricane|p1a: Delphox|[miss]
|-miss|p2a: Dragonite|p1a: Delphox
|
|-heal|p1b: Rotom|25/100|[from] item: Leftovers
|upkeep
|turn|7
|
|t:|1784422950
|move|p1a: Delphox|Psyshock|p2a: Dragonite
|-damage|p2a: Dragonite|0 fnt
|faint|p2a: Dragonite
|
|win|Adriatic Tides
|raw|Adriatic Tides's rating: 1165 → 1192(+27 for winning)
|raw|chungoc's rating: 1188 → 1161(-27 for losing)
|l|☆chungoc
|player|p2|
