|j|☆Cress De Lune
|j|☆marble_lilies
|html|Cress De Lunemarble_lilies    
|uhtml|bestof|Game 1 of a best-of-3
|t:|1786154505
|gametype|doubles
|player|p1|Cress De Lune|1|1139
|player|p2|marble_lilies|lucas-gen4pt|1131
|gen|9
|tier|[Gen 9 Champions] VGC 2026 Reg M-B (Bo3)
|rated|
|rule|Species Clause: Limit one of each Pokémon
|rule|Item Clause: Limit 1 of each item
|clearpoke
|poke|p1|Rotom-Heat, L50|
|poke|p1|Farigiraf, L50, M|
|poke|p1|Aggron, L50, F|
|poke|p1|Incineroar, L50, M|
|poke|p1|Tyranitar, L50, F|
|poke|p1|Aromatisse, L50, F|
|poke|p2|Charizard, L50, F|
|poke|p2|Incineroar, L50, M|
|poke|p2|Garchomp, L50, F|
|poke|p2|Sinistcha, L50|
|poke|p2|Staraptor, L50, F|
|poke|p2|Whimsicott, L50, F|
|teampreview|4
|showteam|p1|Rotom-Heat||WideLens|Levitate|Thunderbolt,VoltSwitch,Overheat,WillOWisp|Quiet|||||50|]Farigiraf||TwistedSpoon|ArmorTail|Psychic,HyperVoice,TrickRoom,NastyPlot|Quiet||M|||50|]Aggron||Aggronite|HeavyMetal|HeavySlam,BodyPress,IronDefense,Protect|Relaxed||F|||50|]Incineroar||Charcoal|Intimidate|PartingShot,FlareBlitz,DarkestLariat,FakeOut|Brave||M|||50|]Tyranitar||Tyranitarite|SandStream|KnockOff,RockSlide,DragonDance,Protect|Jolly||F|||50|]Aromatisse||SitrusBerry|AromaVeil|HealPulse,AromaticMist,TrickRoom,Protect|Sassy||F|||50|
|showteam|p2|Charizard||CharizarditeY|Blaze|SolarBeam,WeatherBall,HeatWave,Protect|Timid||F|||50|]Incineroar||SitrusBerry|Intimidate|FakeOut,PartingShot,FlareBlitz,ThroatChop|Careful||M|||50|]Garchomp||ChoiceScarf|RoughSkin|Earthquake,RockSlide,Protect,DragonClaw|Jolly||F|||50|]Sinistcha||KasibBerry|Hospitality|MatchaGotcha,RagePowder,Protect,TrickRoom|Relaxed|||||50|]Staraptor||Staraptite|Intimidate|CloseCombat,BraveBird,Protect,Roost|Jolly||F|||50|]Whimsicott||FocusSash|Prankster|Tailwind,Moonblast,LightScreen,Memento|Timid||F|||50|
|inactive|Battle timer is ON: inactive players will automatically lose when time's up. (requested by marble_lilies)
|inactive|Cress De Lune has 60 seconds left.
|inactive|marble_lilies has 60 seconds left.
|
|t:|1786154553
|teamsize|p1|4
|teamsize|p2|4
|start
|switch|p1a: Incineroar|Incineroar, L50, M|100/100
|switch|p1b: Rotom|Rotom-Heat, L50|100/100
|switch|p2a: Staraptor|Staraptor, L50, F|100/100
|switch|p2b: Garchomp|Garchomp, L50, F|100/100
|-ability|p2a: Staraptor|Intimidate|boost
|-unboost|p1a: Incineroar|atk|1
|-unboost|p1b: Rotom|atk|1
|-ability|p1a: Incineroar|Intimidate|boost
|-unboost|p2a: Staraptor|atk|1
|-unboost|p2b: Garchomp|atk|1
|turn|1
|inactive|Cress De Lune has 30 seconds left.
|inactive|marble_lilies has 30 seconds left.
|
|t:|1786154580
|switch|p1a: Kowalski|Aromatisse, L50, F|100/100
|detailschange|p2a: Staraptor|Staraptor-Mega, L50, F
|-mega|p2a: Staraptor|Staraptor|Staraptite
|move|p2b: Garchomp|Rock Slide|p1a: Kowalski|[spread] p1a,p1b
|-supereffective|p1b: Rotom|1
|-damage|p1a: Kowalski|86/100
|-damage|p1b: Rotom|73/100
|move|p2a: Staraptor|Close Combat|p1a: Kowalski
|-resisted|p1a: Kowalski|1
|-damage|p1a: Kowalski|62/100
|-boost|p2a: Staraptor|def|1
|-boost|p2a: Staraptor|spd|1
|move|p1b: Rotom|Will-O-Wisp|p2a: Staraptor
|-status|p2a: Staraptor|brn
|
|-damage|p2a: Staraptor|93/100 brn|[from] brn
|upkeep
|turn|2
|inactive|marble_lilies has 30 seconds left.
|
|t:|1786154606
|move|p2b: Garchomp|Rock Slide|p1b: Rotom|[spread] p1a,p1b
|-supereffective|p1b: Rotom|1
|-damage|p1a: Kowalski|48/100
|-damage|p1b: Rotom|42/100
|-enditem|p1a: Kowalski|Sitrus Berry|[eat]
|-heal|p1a: Kowalski|73/100|[from] item: Sitrus Berry
|move|p2a: Staraptor|Close Combat|p1b: Rotom
|-damage|p1b: Rotom|19/100
|-boost|p2a: Staraptor|def|1
|-boost|p2a: Staraptor|spd|1
|move|p1b: Rotom|Will-O-Wisp|p2b: Garchomp
|-status|p2b: Garchomp|brn
|move|p1a: Kowalski|Trick Room|p1a: Kowalski
|-fieldstart|move: Trick Room|[of] p1a: Kowalski
|
|-damage|p2a: Staraptor|87/100 brn|[from] brn
|-damage|p2b: Garchomp|94/100 brn|[from] brn
|upkeep
|turn|3
|
|t:|1786154628
|switch|p2b: Charizard|Charizard, L50, F|100/100
|move|p1a: Kowalski|Heal Pulse|p1b: Rotom
|-heal|p1b: Rotom|70/100
|move|p1b: Rotom|Volt Switch|p2a: Staraptor
|-supereffective|p2a: Staraptor|1
|-damage|p2a: Staraptor|45/100 brn
|
|t:|1786154633
|switch|p1b: Farigiraf|Farigiraf, L50, M|100/100|[from] Volt Switch
|move|p2a: Staraptor|Close Combat|p1b: Farigiraf
|-damage|p1b: Farigiraf|79/100
|-boost|p2a: Staraptor|def|1
|-boost|p2a: Staraptor|spd|1
|
|-damage|p2a: Staraptor|39/100 brn|[from] brn
|upkeep
|turn|4
|inactive|marble_lilies has 30 seconds left.
|
|t:|1786154661
|move|p1a: Kowalski|Aromatic Mist|p1b: Farigiraf
|-boost|p1b: Farigiraf|spd|1
|move|p1b: Farigiraf|Nasty Plot|p1b: Farigiraf
|-boost|p1b: Farigiraf|spa|2
|move|p2b: Charizard|Heat Wave|p1a: Kowalski|[spread] p1a,p1b
|-damage|p1a: Kowalski|52/100
|-damage|p1b: Farigiraf|56/100
|move|p2a: Staraptor|Roost|p2a: Staraptor
|-heal|p2a: Staraptor|89/100 brn
|-singleturn|p2a: Staraptor|move: Roost
|
|-damage|p2a: Staraptor|83/100 brn|[from] brn
|upkeep
|turn|5
|
|t:|1786154682
|move|p1a: Kowalski|Aromatic Mist|p1b: Farigiraf
|-boost|p1b: Farigiraf|spd|1
|move|p1b: Farigiraf|Nasty Plot|p1b: Farigiraf
|-boost|p1b: Farigiraf|spa|2
|move|p2b: Charizard|Heat Wave|p1b: Farigiraf|[spread] p1a,p1b
|-damage|p1a: Kowalski|27/100
|-damage|p1b: Farigiraf|39/100
|move|p2a: Staraptor|Close Combat|p1b: Farigiraf
|-damage|p1b: Farigiraf|16/100
|-boost|p2a: Staraptor|def|1
|-boost|p2a: Staraptor|spd|1
|
|-damage|p2a: Staraptor|77/100 brn|[from] brn
|upkeep
|turn|6
|
|t:|1786154707
|move|p1a: Kowalski|Heal Pulse|p1b: Farigiraf
|-heal|p1b: Farigiraf|66/100
|move|p1b: Farigiraf|Hyper Voice|p2a: Staraptor|[spread] p2a,p2b
|-damage|p2a: Staraptor|35/100 brn
|-damage|p2b: Charizard|0 fnt
|faint|p2b: Charizard
|move|p2a: Staraptor|Close Combat|p1b: Farigiraf
|-damage|p1b: Farigiraf|42/100
|-boost|p2a: Staraptor|def|1
|-boost|p2a: Staraptor|spd|1
|
|-damage|p2a: Staraptor|29/100 brn|[from] brn
|-fieldend|move: Trick Room
|upkeep
|
|t:|1786154724
|switch|p2b: Sinistcha|Sinistcha, L50|100/100
|-heal|p2a: Staraptor|54/100 brn|[from] ability: Hospitality|[of] p2b: Sinistcha
|turn|7
|
|t:|1786154744
|move|p1a: Kowalski|Protect|p1a: Kowalski
|-singleturn|p1a: Kowalski|Protect
|move|p2a: Staraptor|Roost|p2a: Staraptor
|-heal|p2a: Staraptor|100/100 brn
|-singleturn|p2a: Staraptor|move: Roost
|move|p2b: Sinistcha|Matcha Gotcha|p1b: Farigiraf|[spread] p1b
|-activate|p1a: Kowalski|move: Protect
|-damage|p1b: Farigiraf|31/100
|-status|p1b: Farigiraf|brn
|move|p1b: Farigiraf|Trick Room|p1b: Farigiraf
|-fieldstart|move: Trick Room|[of] p1b: Farigiraf
|
|-damage|p1b: Farigiraf|25/100 brn|[from] brn
|-damage|p2a: Staraptor|93/100 brn|[from] brn
|upkeep
|turn|8
|
|t:|1786154768
|move|p1a: Kowalski|Heal Pulse|p1b: Farigiraf
|-heal|p1b: Farigiraf|75/100 brn
|move|p1b: Farigiraf|Psychic|p2b: Sinistcha
|-damage|p2b: Sinistcha|0 fnt
|faint|p2b: Sinistcha
|move|p2a: Staraptor|Close Combat|p1a: Kowalski
|-resisted|p1a: Kowalski|1
|-damage|p1a: Kowalski|16/100
|-boost|p2a: Staraptor|def|1
|-boost|p2a: Staraptor|spd|1
|
|-damage|p1b: Farigiraf|69/100 brn|[from] brn
|-damage|p2a: Staraptor|87/100 brn|[from] brn
|upkeep
|
|t:|1786154782
|switch|p2b: Garchomp|Garchomp, L50, F|94/100 brn
|turn|9
|
|t:|1786154798
|move|p1a: Kowalski|Heal Pulse|p1b: Farigiraf
|-heal|p1b: Farigiraf|100/100 brn
|move|p1b: Farigiraf|Psychic|p2b: Garchomp
|-damage|p2b: Garchomp|0 fnt
|faint|p2b: Garchomp
|move|p2a: Staraptor|Close Combat|p1a: Kowalski
|-resisted|p1a: Kowalski|1
|-damage|p1a: Kowalski|5/100
|
|-damage|p1b: Farigiraf|93/100 brn|[from] brn
|-damage|p2a: Staraptor|81/100 brn|[from] brn
|upkeep
|turn|10
|
|t:|1786154813
|switch|p1a: Rotom|Rotom-Heat, L50|70/100
|move|p1b: Farigiraf|Psychic|p2a: Staraptor
|-supereffective|p2a: Staraptor|1
|-damage|p2a: Staraptor|0 fnt
|faint|p2a: Staraptor
|
|win|Cress De Lune
||Cress De Lune is ready for game 2.
|l|☆marble_lilies
|player|p2|
|inactive|marble_lilies has 30 seconds to confirm battle start!
||marble_lilies is ready for game 2.
|uhtml|next|Next: Game 2 of 3
