|j|☆drczech
|j|☆rovbmc
|html|drczechrovbmc    
|uhtml|bestof|Game 1 of a best-of-3
|t:|1782696335
|gametype|doubles
|player|p1|drczech|fisherman-gen4|
|player|p2|rovbmc|#dplxicratermakers|
|gen|9
|tier|[Gen 9 Champions] VGC 2026 Reg M-B (Bo3)
|rule|Species Clause: Limit one of each Pokémon
|rule|Item Clause: Limit 1 of each item
|clearpoke
|poke|p1|Torkoal, L50, M|
|poke|p1|Mamoswine, L50, F|
|poke|p1|Farigiraf, L50, M|
|poke|p1|Scrafty, L50, F|
|poke|p1|Pyroar, L50, M, shiny|
|poke|p1|Venusaur, L50, M|
|poke|p2|Whimsicott, L50, M|
|poke|p2|Floette-Eternal, L50, F|
|poke|p2|Basculegion, L50, M|
|poke|p2|Kingambit, L50, M|
|poke|p2|Charizard, L50, M|
|poke|p2|Garchomp, L50, F|
|teampreview|4
|showteam|p1|Torkoal||HeatRock|Drought|Protect,HelpingHand,Eruption,WeatherBall|Quiet||M|||50|]Mamoswine||FocusSash|Oblivious|HighHorsepower,RockSlide,IceShard,Protect|Adamant||F|||50|]Farigiraf||SitrusBerry|ArmorTail|Thunderbolt,Psychic,TrickRoom,Protect|Quiet||M|||50|]Scrafty||Scraftinite|Intimidate|FakeOut,IcePunch,DrainPunch,KnockOff|Adamant||F|||50|]Pyroar||Pyroarite|Unnerve|Protect,HeatWave,Overheat,Taunt|Timid||M|||50|]Venusaur||LifeOrb|Chlorophyll|Protect,EnergyBall,EarthPower,SludgeBomb|Modest||M|||50|
|showteam|p2|Whimsicott||FocusSash|Prankster|Moonblast,Tailwind,Encore,Protect|Timid||M|||50|]Floette-Eternal||Floettite|FlowerVeil|Moonblast,DazzlingGleam,LightofRuin,Protect|Timid||F|||50|]Basculegion||LifeOrb|SwiftSwim|WaveCrash,LastRespects,AquaJet,Protect|Adamant||M|||50|]Kingambit||OccaBerry|Defiant|IronHead,KowtowCleave,LowKick,SuckerPunch|Adamant||M|||50|]Charizard||CharizarditeY|Blaze|HeatWave,WeatherBall,SolarBeam,Protect|Modest||M|||50|]Garchomp||SitrusBerry|RoughSkin|Earthquake,RockSlide,DragonClaw,Protect|Jolly||F|||50|
|j| Jawnzu
|j| Paywall vgc
|j| RK_pocoyo
|j| ginny weasley 58
|j| KKCWind
|l| RK_pocoyo
|c|☆rovbmc|glhf
|c|☆drczech|u2
|
|t:|1782696436
|teamsize|p1|4
|teamsize|p2|4
|start
|switch|p1a: Mamoswine|Mamoswine, L50, F|100/100
|switch|p1b: Venusaur|Venusaur, L50, M|100/100
|switch|p2a: Whimsicott|Whimsicott, L50, M|100/100
|switch|p2b: Charizard|Charizard, L50, M|100/100
|turn|1
|l| Paywall vgc
|j| Flarefox
|j| Paywall vgc
|
|t:|1782696484
|move|p2b: Charizard|Protect|p2b: Charizard
|-singleturn|p2b: Charizard|Protect
|move|p2a: Whimsicott|Tailwind|p2a: Whimsicott
|-sidestart|p2: rovbmc|move: Tailwind
|move|p1a: Mamoswine|Rock Slide|p2b: Charizard|[spread] p2a
|-activate|p2b: Charizard|move: Protect
|-damage|p2a: Whimsicott|69/100
|move|p1b: Venusaur|Sludge Bomb|p2b: Charizard
|-activate|p2b: Charizard|move: Protect
|
|upkeep
|turn|2
|
|t:|1782696518
|detailschange|p2b: Charizard|Charizard-Mega-Y, L50, M
|-mega|p2b: Charizard|Charizard|Charizardite Y
|-weather|SunnyDay|[from] ability: Drought|[of] p2b: Charizard
|move|p1b: Venusaur|Protect|p1b: Venusaur
|-singleturn|p1b: Venusaur|Protect
|move|p1a: Mamoswine|Ice Shard|p2a: Whimsicott
|-supereffective|p2a: Whimsicott|1
|-damage|p2a: Whimsicott|0 fnt
|faint|p2a: Whimsicott
|move|p2b: Charizard|Heat Wave|p1b: Venusaur|[spread] p1a
|-activate|p1b: Venusaur|move: Protect
|-supereffective|p1a: Mamoswine|1
|-enditem|p1a: Mamoswine|Focus Sash
|-damage|p1a: Mamoswine|1/100
|
|-weather|SunnyDay|[upkeep]
|upkeep
|
|t:|1782696527
|switch|p2a: Garchomp|Garchomp, L50, F|100/100
|turn|3
|j| Code
|
|t:|1782696539
|switch|p2a: Kingambit|Kingambit, L50, M|100/100
|switch|p1b: Torkoal|Torkoal, L50, M|100/100
|move|p1a: Mamoswine|Protect|p1a: Mamoswine
|-singleturn|p1a: Mamoswine|Protect
|move|p2b: Charizard|Heat Wave|p1a: Mamoswine|[spread] 
|-activate|p1a: Mamoswine|move: Protect
|-miss|p2b: Charizard|p1b: Torkoal
|
|-weather|SunnyDay|[upkeep]
|upkeep
|turn|4
|j| thacrow
|l| Paywall vgc
|
|t:|1782696565
|move|p1a: Mamoswine|Ice Shard|p2b: Charizard
|-damage|p2b: Charizard|78/100
|move|p2b: Charizard|Heat Wave|p1a: Mamoswine|[spread] p1a,p1b
|-supereffective|p1a: Mamoswine|1
|-resisted|p1b: Torkoal|1
|-damage|p1a: Mamoswine|0 fnt
|-damage|p1b: Torkoal|62/100
|faint|p1a: Mamoswine
|move|p2a: Kingambit|Kowtow Cleave|p1b: Torkoal
|-damage|p1b: Torkoal|26/100
|move|p1b: Torkoal|Weather Ball|p2a: Kingambit
|-supereffective|p2a: Kingambit|1
|-enditem|p2a: Kingambit|Occa Berry|[eat]
|-enditem|p2a: Kingambit|Occa Berry|[weaken]
|-damage|p2a: Kingambit|31/100
|
|-weather|SunnyDay|[upkeep]
|-sideend|p2: rovbmc|move: Tailwind
|upkeep
|
|t:|1782696579
|switch|p1a: Pyroar|Pyroar, L50, M, shiny|100/100
|-ability|p1a: Pyroar|Unnerve
|turn|5
|
|t:|1782696588
|detailschange|p1a: Pyroar|Pyroar-Mega, L50, M, shiny
|-mega|p1a: Pyroar|Pyroar|Pyroarite
|move|p1b: Torkoal|Helping Hand|p1a: Pyroar
|-singleturn|p1a: Pyroar|Helping Hand|[of] p1b: Torkoal
|move|p2b: Charizard|Protect|p2b: Charizard
|-singleturn|p2b: Charizard|Protect
|move|p2a: Kingambit|Sucker Punch|p1a: Pyroar
|-damage|p1a: Pyroar|51/100
|move|p1a: Pyroar|Heat Wave|p2b: Charizard|[spread] 
|-activate|p2b: Charizard|move: Protect
|-miss|p1a: Pyroar|p2a: Kingambit
|
|-weather|SunnyDay|[upkeep]
|upkeep
|turn|6
|j| Paywall vgc
|
|t:|1782696607
|move|p1b: Torkoal|Helping Hand|p1a: Pyroar
|-singleturn|p1a: Pyroar|Helping Hand|[of] p1b: Torkoal
|move|p2a: Kingambit|Sucker Punch|p1a: Pyroar
|-damage|p1a: Pyroar|6/100
|move|p1a: Pyroar|Heat Wave|p2b: Charizard|[spread] p2a,p2b
|-supereffective|p2a: Kingambit|1
|-resisted|p2b: Charizard|1
|-damage|p2a: Kingambit|0 fnt
|-damage|p2b: Charizard|21/100
|faint|p2a: Kingambit
|move|p2b: Charizard|Heat Wave|p1a: Pyroar|[spread] p1a,p1b
|-resisted|p1a: Pyroar|1
|-resisted|p1b: Torkoal|1
|-damage|p1a: Pyroar|0 fnt
|-damage|p1b: Torkoal|0 fnt
|faint|p1a: Pyroar
|faint|p1b: Torkoal
|
|-weather|none
|upkeep
|-message|drczech forfeited.
|
|win|rovbmc
||drczech is ready for game 2.
|j| PandaMan7567
||rovbmc is ready for game 2.
|uhtml|next|Next: Game 2 of 3
|l| Flarefox
|l| Paywall vgc
|j| Tanner Mask
|l| Code
|j| marilli
|j| RK_pocoyo
|j| Code
|j| cryptbloom
|l| thacrow
|l| RK_pocoyo
|l| ginny weasley 58
|l| KKCWind
|j| Flarefox
|l| cryptbloom
|l| Tanner Mask
|l|☆rovbmc
|player|p2|
|l|☆drczech
|player|p1|
|j| illumiseshill
