|j|☆tastethekoalabear
|j|☆GetaJobApplication
|html|tastethekoalabearGetaJobApplication    
|uhtml|bestof|Game 1 of a best-of-3
|t:|1757086673
|gametype|doubles
|player|p1|tastethekoalabear|cheryl|1231
|player|p2|GetaJobApplication|cynthia-gen4|1151
|gen|9
|tier|[Gen 9] VGC 2025 Reg H (Bo3)
|rated|
|rule|Species Clause: Limit one of each Pokémon
|rule|Item Clause: Limit 1 of each item
|clearpoke
|poke|p1|Tyranitar, L50, M|
|poke|p1|Excadrill, L50, F|
|poke|p1|Annihilape, L50, M|
|poke|p1|Corviknight, L50, M|
|poke|p1|Volcarona, L50, F|
|poke|p1|Sneasler, L50, F|
|poke|p2|Rillaboom, L50, F|
|poke|p2|Magmar, L50, F|
|poke|p2|Kingambit, L50, M|
|poke|p2|Ninetales-Alola, L50, M|
|poke|p2|Basculegion, L50, M|
|poke|p2|Sneasler, L50, M|
|teampreview|4
|showteam|p1|Tyranitar||AssaultVest|SandStream|KnockOff,RockSlide,TeraBlast,LowKick|||M|||50|,,,,,Flying]Excadrill||FocusSash|SandRush|IronHead,HighHorsepower,Earthquake,Protect|||F|||50|,,,,,Stellar]Annihilape||SafetyGoggles|Defiant|BulkUp,RageFist,DrainPunch,Taunt|||M|||50|,,,,,Water]Corviknight||Leftovers|MirrorArmor|BraveBird,BulkUp,Roost,Tailwind|||M|||50|,,,,,Dragon]Volcarona||SitrusBerry|FlameBody|StruggleBug,GigaDrain,FieryDance,RagePowder|||F|||50|,,,,,Grass]Sneasler||WhiteHerb|Unburden|Protect,CloseCombat,DireClaw,ThroatChop|||F|||50|,,,,,Dark
|showteam|p2|Rillaboom||AssaultVest|GrassySurge|DrumBeating,GrassyGlide,FakeOut,Uturn|||F|||50|,,,,,Ghost]Magmar||Eviolite|VitalSpirit|Overheat,FollowMe,Taunt,Protect|||F|||50|,,,,,Ghost]Kingambit||BlackGlasses|Defiant|KowtowCleave,SuckerPunch,SwordsDance,Protect|||M|||50|,,,,,Fire]Ninetales-Alola||LifeOrb|SnowWarning|Blizzard,FreezeDry,Encore,Protect|||M|||50|,,,,,Ghost]Basculegion||ChoiceScarf|Adaptability|WaveCrash,LastRespects,FlipTurn,TeraBlast|||M|||50|,,,,,Fighting]Sneasler||FocusSash|PoisonTouch|CloseCombat,DireClaw,FakeOut,Protect|||M|||50|,,,,,Ghost
|inactive|Battle timer is ON: inactive players will automatically lose when time's up. (requested by tastethekoalabear)
|inactive|tastethekoalabear has 60 seconds left.
|inactive|GetaJobApplication has 60 seconds left.
|
|t:|1757086709
|teamsize|p1|4
|teamsize|p2|4
|start
|switch|p1a: Solaris|Volcarona, L50, F|100/100
|switch|p1b: Spine Breaker|Sneasler, L50, F|100/100
|switch|p2a: Basculegion|Basculegion, L50, M|100/100
|switch|p2b: Rillaboom|Rillaboom, L50, F|100/100
|-fieldstart|move: Grassy Terrain|[from] ability: Grassy Surge|[of] p2b: Rillaboom
|turn|1
|
|t:|1757086732
|move|p1b: Spine Breaker|Protect|p1b: Spine Breaker
|-singleturn|p1b: Spine Breaker|Protect
|move|p2a: Basculegion|Flip Turn|p1b: Spine Breaker
|-activate|p1b: Spine Breaker|move: Protect
|move|p1a: Solaris|Giga Drain|p2a: Basculegion
|-supereffective|p2a: Basculegion
|-damage|p2a: Basculegion|27/100
|move|p2b: Rillaboom|U-turn|p1b: Spine Breaker
|-activate|p1b: Spine Breaker|move: Protect
|
|-heal|p2a: Basculegion|33/100|[from] Grassy Terrain
|upkeep
|turn|2
|
|t:|1757086749
|-terastallize|p1a: Solaris|Grass
|move|p2a: Basculegion|Flip Turn|p1a: Solaris
|-resisted|p1a: Solaris
|-crit|p1a: Solaris
|-damage|p1a: Solaris|65/100
|
|t:|1757086756
|switch|p2a: Magmar|Magmar, L50, F|100/100|[from] Flip Turn
|move|p1b: Spine Breaker|Dire Claw|p2b: Rillaboom
|-supereffective|p2b: Rillaboom
|-damage|p2b: Rillaboom|9/100
|move|p1a: Solaris|Fiery Dance|p2a: Magmar
|-resisted|p2a: Magmar
|-damage|p2a: Magmar|86/100
|-boost|p1a: Solaris|spa|1
|move|p2b: Rillaboom|U-turn|p1b: Spine Breaker
|-resisted|p1b: Spine Breaker
|-damage|p1b: Spine Breaker|91/100
|
|t:|1757086766
|switch|p2b: Ninetales|Ninetales-Alola, L50, M|100/100|[from] U-turn
|-weather|Snowscape|[from] ability: Snow Warning|[of] p2b: Ninetales
|
|-weather|Snowscape|[upkeep]
|-heal|p1b: Spine Breaker|97/100|[from] Grassy Terrain
|-heal|p1a: Solaris|71/100|[from] Grassy Terrain
|-heal|p2a: Magmar|92/100|[from] Grassy Terrain
|upkeep
|turn|3
|
|t:|1757086776
|switch|p1a: Tokyo|Tyranitar, L50, M|100/100
|-weather|Sandstorm|[from] ability: Sand Stream|[of] p1a: Tokyo
|move|p2a: Magmar|Follow Me|p2a: Magmar
|-singleturn|p2a: Magmar|move: Follow Me
|move|p1b: Spine Breaker|Close Combat|p2a: Magmar
|-damage|p2a: Magmar|46/100
|-unboost|p1b: Spine Breaker|def|1
|-unboost|p1b: Spine Breaker|spd|1
|-enditem|p1b: Spine Breaker|White Herb
|-clearnegativeboost|p1b: Spine Breaker|[silent]
|move|p2b: Ninetales|Freeze-Dry|p1a: Tokyo
|-damage|p1a: Tokyo|86/100
|-damage|p2b: Ninetales|91/100|[from] item: Life Orb
|
|-weather|Sandstorm|[upkeep]
|-damage|p1b: Spine Breaker|91/100|[from] Sandstorm
|-damage|p2b: Ninetales|85/100|[from] Sandstorm
|-damage|p2a: Magmar|40/100|[from] Sandstorm
|-heal|p1b: Spine Breaker|97/100|[from] Grassy Terrain
|-heal|p2b: Ninetales|91/100|[from] Grassy Terrain
|-heal|p2a: Magmar|46/100|[from] Grassy Terrain
|-heal|p1a: Tokyo|92/100|[from] Grassy Terrain
|upkeep
|turn|4
|
|t:|1757086792
|move|p2a: Magmar|Follow Me|p2a: Magmar
|-singleturn|p2a: Magmar|move: Follow Me
|move|p1b: Spine Breaker|Dire Claw|p2a: Magmar
|-damage|p2a: Magmar|16/100
|move|p2b: Ninetales|Encore|p1b: Spine Breaker
|-start|p1b: Spine Breaker|Encore
|move|p1a: Tokyo|Knock Off|p2a: Magmar
|-damage|p2a: Magmar|0 fnt
|-enditem|p2a: Magmar|Eviolite|[from] move: Knock Off|[of] p1a: Tokyo
|faint|p2a: Magmar
|
|-weather|Sandstorm|[upkeep]
|-damage|p1b: Spine Breaker|91/100|[from] Sandstorm
|-damage|p2b: Ninetales|85/100|[from] Sandstorm
|-heal|p1b: Spine Breaker|97/100|[from] Grassy Terrain
|-heal|p2b: Ninetales|91/100|[from] Grassy Terrain
|-heal|p1a: Tokyo|98/100|[from] Grassy Terrain
|upkeep
|
|t:|1757086800
|switch|p2a: Basculegion|Basculegion, L50, M|33/100
|turn|5
|
|t:|1757086807
|switch|p2b: Rillaboom|Rillaboom, L50, F|9/100
|move|p1b: Spine Breaker|Dire Claw|p2b: Rillaboom
|-supereffective|p2b: Rillaboom
|-crit|p2b: Rillaboom
|-damage|p2b: Rillaboom|0 fnt
|faint|p2b: Rillaboom
|move|p2a: Basculegion|Wave Crash|p1a: Tokyo
|-supereffective|p1a: Tokyo
|-damage|p1a: Tokyo|0 fnt
|faint|p1a: Tokyo
|-damage|p2a: Basculegion|0 fnt|[from] Recoil
|faint|p2a: Basculegion
|
|-weather|Sandstorm|[upkeep]
|-damage|p1b: Spine Breaker|91/100|[from] Sandstorm
|-heal|p1b: Spine Breaker|97/100|[from] Grassy Terrain
|-fieldend|move: Grassy Terrain
|upkeep
|
|t:|1757086820
|switch|p2b: Ninetales|Ninetales-Alola, L50, M|91/100
|switch|p1a: Mountain|Excadrill, L50, F|100/100
|-weather|Snowscape|[from] ability: Snow Warning|[of] p2b: Ninetales
|turn|6
|
|t:|1757086825
|-terastallize|p2b: Ninetales|Ghost
|move|p1b: Spine Breaker|Dire Claw|p2b: Ninetales
|-resisted|p2b: Ninetales
|-damage|p2b: Ninetales|63/100
|move|p2b: Ninetales|Blizzard|p1a: Mountain|[spread] p1a,p1b
|-damage|p1a: Mountain|43/100
|-damage|p1b: Spine Breaker|36/100
|-damage|p2b: Ninetales|54/100|[from] item: Life Orb
|move|p1a: Mountain|Iron Head|p2b: Ninetales
|-damage|p2b: Ninetales|0 fnt
|faint|p2b: Ninetales
|
|win|tastethekoalabear
||GetaJobApplication is ready for game 2.
|inactive|tastethekoalabear has 30 seconds to confirm battle start!
||tastethekoalabear is ready for game 2.
|uhtml|next|Next: Game 2 of 3
