|j|☆monkeychese
|j|☆mikelpoyarzabal
|html|monkeychesemikelpoyarzabal    
|uhtml|bestof|Game 1 of a best-of-3
|t:|1784738783
|gametype|doubles
|player|p1|monkeychese|nate|1170
|player|p2|mikelpoyarzabal|arven-s|1326
|gen|9
|tier|[Gen 9 Champions] VGC 2026 Reg M-B (Bo3)
|rated|
|rule|Species Clause: Limit one of each Pokémon
|rule|Item Clause: Limit 1 of each item
|clearpoke
|poke|p1|Blaziken, L50, M|
|poke|p1|Lycanroc-Dusk, L50, M|
|poke|p1|Kingambit, L50, F|
|poke|p1|Ninetales-Alola, L50, F|
|poke|p1|Basculegion, L50, M|
|poke|p1|Floette-Eternal, L50, F|
|poke|p2|Charizard, L50, F|
|poke|p2|Garchomp, L50, F|
|poke|p2|Incineroar, L50, M|
|poke|p2|Venusaur, L50, M|
|poke|p2|Toxapex, L50, F|
|poke|p2|Sylveon, L50, F|
|teampreview|4
|showteam|p1|Blaziken||Blazikenite|SpeedBoost|FlareBlitz,CloseCombat,StoneEdge,Protect|Adamant||M|||50|]Lycanroc-Dusk||FocusSash|ToughClaws|RockSlide,CloseCombat,Accelerock,Protect|Jolly||M|||50|]Kingambit||LifeOrb|Defiant|KowtowCleave,SuckerPunch,IronHead,Protect|Adamant||F|||50|]Ninetales-Alola||NeverMeltIce|SnowWarning|Blizzard,FreezeDry,Encore,Protect|Timid||F|||50|]Basculegion||ChoiceScarf|Adaptability|WaveCrash,LastRespects,AquaJet,FlipTurn|Jolly||M|||50|]Floette-Eternal||Floettite|FlowerVeil|Moonblast,LightofRuin,DazzlingGleam,Protect|Timid||F|||50|
|showteam|p2|Charizard||CharizarditeY|SolarPower|WeatherBall,HeatWave,AncientPower,Protect|Modest||F|||50|]Garchomp||ChoiceScarf|RoughSkin|RockSlide,DragonClaw,Earthquake,StompingTantrum|Adamant||F|||50|]Incineroar||SitrusBerry|Intimidate|FlareBlitz,FakeOut,DarkestLariat,PartingShot|Impish||M|||50|]Venusaur||LifeOrb|Chlorophyll|SludgeBomb,LeafStorm,EarthPower,Protect|Modest||M|||50|]Toxapex||Leftovers|Regenerator|Infestation,Toxic,WideGuard,BanefulBunker|Bold||F|||50|]Sylveon||FairyFeather|Pixilate|HyperVoice,QuickAttack,Yawn,Detect|Modest||F|||50|
|inactive|Battle timer is ON: inactive players will automatically lose when time's up. (requested by mikelpoyarzabal)
|inactive|mikelpoyarzabal has 60 seconds left.
|
|t:|1784738841
|teamsize|p1|4
|teamsize|p2|4
|start
|switch|p1a: Lycanroc|Lycanroc-Dusk, L50, M|100/100
|switch|p1b: Floette|Floette-Eternal, L50, F|100/100
|switch|p2a: Charizard|Charizard, L50, F|100/100
|switch|p2b: Toxapex|Toxapex, L50, F|100/100
|turn|1
|
|t:|1784738856
|switch|p2a: Incineroar|Incineroar, L50, M|100/100
|-ability|p2a: Incineroar|Intimidate|boost
|-unboost|p1a: Lycanroc|atk|1
|-unboost|p1b: Floette|atk|1
|move|p1b: Floette|Protect|p1b: Floette
|-singleturn|p1b: Floette|Protect
|move|p1a: Lycanroc|Rock Slide|p2b: Toxapex|[spread] p2a,p2b
|-supereffective|p2a: Incineroar|1
|-damage|p2a: Incineroar|73/100
|-damage|p2b: Toxapex|88/100
|move|p2b: Toxapex|Infestation|p1a: Lycanroc
|-damage|p1a: Lycanroc|94/100
|-activate|p1a: Lycanroc|move: Infestation|[of] p2b: Toxapex
|
|-heal|p2b: Toxapex|94/100|[from] item: Leftovers
|-damage|p1a: Lycanroc|82/100|[from] move: Infestation|[partiallytrapped]
|upkeep
|turn|2
|
|t:|1784738878
|switch|p1b: Basculegion|Basculegion, L50, M|100/100
|move|p2a: Incineroar|Fake Out|p1b: Basculegion
|-immune|p1b: Basculegion
|move|p1a: Lycanroc|Close Combat|p2a: Incineroar
|-supereffective|p2a: Incineroar|1
|-damage|p2a: Incineroar|22/100
|-unboost|p1a: Lycanroc|def|1
|-unboost|p1a: Lycanroc|spd|1
|-enditem|p2a: Incineroar|Sitrus Berry|[eat]
|-heal|p2a: Incineroar|47/100|[from] item: Sitrus Berry
|move|p2b: Toxapex|Toxic|p1a: Lycanroc
|-status|p1a: Lycanroc|tox
|
|-heal|p2b: Toxapex|100/100|[from] item: Leftovers
|-damage|p1a: Lycanroc|76/100 tox|[from] psn
|-damage|p1a: Lycanroc|63/100 tox|[from] move: Infestation|[partiallytrapped]
|upkeep
|turn|3
|
|t:|1784738897
|switch|p2a: Sylveon|Sylveon, L50, F|100/100
|move|p1b: Basculegion|Flip Turn|p2a: Sylveon
|-damage|p2a: Sylveon|65/100
|
|t:|1784738906
|switch|p1b: Floette|Floette-Eternal, L50, F|100/100|[from] Flip Turn
|move|p1a: Lycanroc|Rock Slide|p2a: Sylveon|[spread] p2a,p2b
|-damage|p2a: Sylveon|46/100
|-damage|p2b: Toxapex|88/100
|cant|p2b: Toxapex|flinch
|
|-heal|p2b: Toxapex|94/100|[from] item: Leftovers
|-damage|p1a: Lycanroc|51/100 tox|[from] psn
|-damage|p1a: Lycanroc|39/100 tox|[from] move: Infestation|[partiallytrapped]
|upkeep
|turn|4
|
|t:|1784738919
|move|p1b: Floette|Protect|p1b: Floette
|-singleturn|p1b: Floette|Protect
|move|p2a: Sylveon|Detect|p2a: Sylveon
|-singleturn|p2a: Sylveon|Protect
|move|p1a: Lycanroc|Rock Slide|p2b: Toxapex|[spread] p2b
|-activate|p2a: Sylveon|move: Protect
|-damage|p2b: Toxapex|82/100
|move|p2b: Toxapex|Toxic|p1b: Floette
|-activate|p1b: Floette|move: Protect
|
|-heal|p2b: Toxapex|87/100|[from] item: Leftovers
|-damage|p1a: Lycanroc|21/100 tox|[from] psn
|-damage|p1a: Lycanroc|9/100 tox|[from] move: Infestation|[partiallytrapped]
|upkeep
|turn|5
|
|t:|1784738930
|switch|p2a: Charizard|Charizard, L50, F|100/100
|detailschange|p1b: Floette|Floette-Mega, L50, F
|-mega|p1b: Floette|Floette|Floettite
|-ability|p1b: Floette|Fairy Aura
|move|p2b: Toxapex|Wide Guard|p2b: Toxapex
|-singleturn|p2b: Toxapex|Wide Guard
|move|p1a: Lycanroc|Rock Slide|p2a: Charizard|[spread] 
|-activate|p2a: Charizard|move: Wide Guard
|-activate|p2b: Toxapex|move: Wide Guard
|move|p1b: Floette|Light of Ruin|p2b: Toxapex
|-resisted|p2b: Toxapex|1
|-damage|p2b: Toxapex|42/100
|-damage|p1b: Floette|76/100|[from] Recoil
|
|-heal|p2b: Toxapex|47/100|[from] item: Leftovers
|-damage|p1a: Lycanroc|0 fnt|[from] psn
|faint|p1a: Lycanroc
|upkeep
|
|t:|1784738945
|switch|p1a: Basculegion|Basculegion, L50, M|100/100
|turn|6
|
|t:|1784738958
|-heal|p2b: Toxapex|80/100|[from] ability: Regenerator|[silent]
|switch|p2b: Incineroar|Incineroar, L50, M|47/100
|-ability|p2b: Incineroar|Intimidate|boost
|-unboost|p1a: Basculegion|atk|1
|-unboost|p1b: Floette|atk|1
|move|p2a: Charizard|Protect|p2a: Charizard
|-singleturn|p2a: Charizard|Protect
|move|p1a: Basculegion|Flip Turn|p2a: Charizard
|-activate|p2a: Charizard|move: Protect
|move|p1b: Floette|Light of Ruin|p2a: Charizard
|-activate|p2a: Charizard|move: Protect
|
|upkeep
|turn|7
|
|t:|1784738971
|switch|p2a: Toxapex|Toxapex, L50, F|80/100
|move|p1b: Floette|Protect|p1b: Floette
|-singleturn|p1b: Floette|Protect
|move|p1a: Basculegion|Flip Turn|p1b: Floette
|-activate|p1b: Floette|move: Protect
|move|p2b: Incineroar|Parting Shot|p1a: Basculegion
|-unboost|p1a: Basculegion|atk|1
|-unboost|p1a: Basculegion|spa|1
|
|t:|1784738983
|switch|p2b: Charizard|Charizard, L50, F|100/100|[from] Parting Shot
|
|-heal|p2a: Toxapex|86/100|[from] item: Leftovers
|upkeep
|turn|8
|
|t:|1784738991
|move|p2b: Charizard|Protect|p2b: Charizard
|-singleturn|p2b: Charizard|Protect
|move|p1a: Basculegion|Flip Turn|p2a: Toxapex
|-resisted|p2a: Toxapex|1
|-damage|p2a: Toxapex|79/100
|
|t:|1784738998
|switch|p1a: Ninetales|Ninetales-Alola, L50, F|100/100|[from] Flip Turn
|-weather|Snowscape|[from] ability: Snow Warning|[of] p1a: Ninetales
|move|p1b: Floette|Light of Ruin|p2a: Toxapex
|-resisted|p2a: Toxapex|1
|-damage|p2a: Toxapex|35/100
|-damage|p1b: Floette|52/100|[from] Recoil
|move|p2a: Toxapex|Infestation|p1a: Ninetales
|-resisted|p1a: Ninetales|1
|-damage|p1a: Ninetales|98/100
|-activate|p1a: Ninetales|move: Infestation|[of] p2a: Toxapex
|
|-weather|Snowscape|[upkeep]
|-heal|p2a: Toxapex|40/100|[from] item: Leftovers
|-damage|p1a: Ninetales|85/100|[from] move: Infestation|[partiallytrapped]
|upkeep
|turn|9
|inactive|mikelpoyarzabal has 30 seconds left.
|inactive|mikelpoyarzabal has 20 seconds left.
|
|t:|1784739037
|-heal|p2a: Toxapex|73/100|[from] ability: Regenerator|[silent]
|switch|p2a: Sylveon|Sylveon, L50, F|46/100
|detailschange|p2b: Charizard|Charizard-Mega-Y, L50, F
|-mega|p2b: Charizard|Charizard|Charizardite Y
|-weather|SunnyDay|[from] ability: Drought|[of] p2b: Charizard
|move|p1a: Ninetales|Protect|p1a: Ninetales
|-singleturn|p1a: Ninetales|Protect
|move|p1b: Floette|Light of Ruin|p2b: Charizard
|-resisted|p2b: Charizard|1
|-damage|p2b: Charizard|53/100
|-damage|p1b: Floette|24/100|[from] Recoil
|move|p2b: Charizard|Heat Wave|p1b: Floette|[spread] p1b
|-activate|p1a: Ninetales|move: Protect
|-damage|p1b: Floette|0 fnt
|faint|p1b: Floette
|
|-weather|SunnyDay|[upkeep]
|-end|p1a: Ninetales|Infestation|[partiallytrapped]|[silent]
|upkeep
|
|t:|1784739052
|switch|p1b: Basculegion|Basculegion, L50, M|100/100
|turn|10
|
|t:|1784739064
|move|p1b: Basculegion|Last Respects|p2b: Charizard
|-damage|p2b: Charizard|0 fnt
|faint|p2b: Charizard
|move|p1a: Ninetales|Freeze-Dry|p2a: Sylveon
|-crit|p2a: Sylveon
|-damage|p2a: Sylveon|14/100
|move|p2a: Sylveon|Yawn|p1b: Basculegion
|-start|p1b: Basculegion|move: Yawn|[of] p2a: Sylveon
|
|-weather|SunnyDay|[upkeep]
|upkeep
|
|t:|1784739070
|switch|p2b: Incineroar|Incineroar, L50, M|47/100
|-ability|p2b: Incineroar|Intimidate|boost
|-unboost|p1a: Ninetales|atk|1
|-unboost|p1b: Basculegion|atk|1
|turn|11
|
|t:|1784739076
|move|p1a: Ninetales|Protect|p1a: Ninetales
|-singleturn|p1a: Ninetales|Protect
|move|p2b: Incineroar|Fake Out|p1a: Ninetales
|-activate|p1a: Ninetales|move: Protect
|move|p1b: Basculegion|Last Respects|p2b: Incineroar
|-resisted|p2b: Incineroar|1
|-damage|p2b: Incineroar|24/100
|move|p2a: Sylveon|Hyper Voice|p1b: Basculegion|[spread] p1b
|-activate|p1a: Ninetales|move: Protect
|-damage|p1b: Basculegion|48/100
|
|-weather|SunnyDay|[upkeep]
|-end|p1b: Basculegion|move: Yawn|[silent]
|-status|p1b: Basculegion|slp
|upkeep
|turn|12
|
|t:|1784739092
|cant|p1b: Basculegion|slp
|move|p1a: Ninetales|Freeze-Dry|p2a: Sylveon
|-damage|p2a: Sylveon|0 fnt
|faint|p2a: Sylveon
|move|p2b: Incineroar|Darkest Lariat|p1b: Basculegion
|-supereffective|p1b: Basculegion|1
|-damage|p1b: Basculegion|0 fnt
|faint|p1b: Basculegion
|
|-weather|SunnyDay|[upkeep]
|upkeep
|
|t:|1784739097
|switch|p2a: Toxapex|Toxapex, L50, F|73/100
|turn|13
|
|t:|1784739108
|move|p1a: Ninetales|Protect|p1a: Ninetales
|-singleturn|p1a: Ninetales|Protect
|move|p2b: Incineroar|Flare Blitz|p1a: Ninetales
|-activate|p1a: Ninetales|move: Protect
|move|p2a: Toxapex|Toxic|p1a: Ninetales
|-activate|p1a: Ninetales|move: Protect
|
|-weather|none
|-heal|p2a: Toxapex|79/100|[from] item: Leftovers
|upkeep
|turn|14
|
|t:|1784739120
|move|p1a: Ninetales|Freeze-Dry|p2a: Toxapex
|-supereffective|p2a: Toxapex|1
|-damage|p2a: Toxapex|29/100
|move|p2b: Incineroar|Parting Shot|p1a: Ninetales
|-unboost|p1a: Ninetales|atk|1
|-unboost|p1a: Ninetales|spa|1
|move|p2a: Toxapex|Infestation|p1a: Ninetales
|-resisted|p1a: Ninetales|1
|-damage|p1a: Ninetales|83/100
|-activate|p1a: Ninetales|move: Infestation|[of] p2a: Toxapex
|
|-heal|p2a: Toxapex|35/100|[from] item: Leftovers
|-damage|p1a: Ninetales|71/100|[from] move: Infestation|[partiallytrapped]
|upkeep
|turn|15
|
|t:|1784739131
|move|p2a: Toxapex|Baneful Bunker|p2a: Toxapex
|-singleturn|p2a: Toxapex|move: Protect
|move|p1a: Ninetales|Encore|p2b: Incineroar
|-start|p2b: Incineroar|Encore
|move|p2b: Incineroar|Parting Shot|p1a: Ninetales
|-unboost|p1a: Ninetales|atk|1
|-unboost|p1a: Ninetales|spa|1
|
|-heal|p2a: Toxapex|41/100|[from] item: Leftovers
|-damage|p1a: Ninetales|59/100|[from] move: Infestation|[partiallytrapped]
|upkeep
|turn|16
|
|t:|1784739140
|move|p1a: Ninetales|Encore|p2a: Toxapex
|-start|p2a: Toxapex|Encore
|move|p2a: Toxapex|Baneful Bunker||[still]
|-fail|p2a: Toxapex
|move|p2b: Incineroar|Parting Shot|p1a: Ninetales
|-unboost|p1a: Ninetales|atk|1
|-unboost|p1a: Ninetales|spa|1
|
|-heal|p2a: Toxapex|47/100|[from] item: Leftovers
|-damage|p1a: Ninetales|46/100|[from] move: Infestation|[partiallytrapped]
|upkeep
|turn|17
|
|t:|1784739146
|move|p2a: Toxapex|Baneful Bunker|p2a: Toxapex
|-singleturn|p2a: Toxapex|move: Protect
|move|p1a: Ninetales|Freeze-Dry|p2a: Toxapex
|-activate|p2a: Toxapex|move: Protect
|move|p2b: Incineroar|Parting Shot|p1a: Ninetales
|-unboost|p1a: Ninetales|atk|1
|-unboost|p1a: Ninetales|spa|1
|
|-heal|p2a: Toxapex|52/100|[from] item: Leftovers
|-damage|p1a: Ninetales|34/100|[from] move: Infestation|[partiallytrapped]
|-end|p2b: Incineroar|Encore
|upkeep
|turn|18
|
|t:|1784739152
|move|p2a: Toxapex|Baneful Bunker||[still]
|-fail|p2a: Toxapex
|move|p1a: Ninetales|Freeze-Dry|p2a: Toxapex
|-supereffective|p2a: Toxapex|1
|-damage|p2a: Toxapex|37/100
|move|p2b: Incineroar|Parting Shot|p1a: Ninetales
|-unboost|p1a: Ninetales|atk|1
|-unboost|p1a: Ninetales|spa|1
|
|-heal|p2a: Toxapex|43/100|[from] item: Leftovers
|-end|p1a: Ninetales|Infestation|[partiallytrapped]
|-end|p2a: Toxapex|Encore
|upkeep
|turn|19
|
|t:|1784739157
|move|p1a: Ninetales|Encore|p2b: Incineroar
|-start|p2b: Incineroar|Encore
|move|p2b: Incineroar|Parting Shot|p1a: Ninetales
|-unboost|p1a: Ninetales|atk|0
|-unboost|p1a: Ninetales|spa|1
|move|p2a: Toxapex|Toxic|p1a: Ninetales
|-status|p1a: Ninetales|tox
|
|-heal|p2a: Toxapex|49/100|[from] item: Leftovers
|-damage|p1a: Ninetales|27/100 tox|[from] psn
|upkeep
|turn|20
|-message|monkeychese forfeited.
|
|win|mikelpoyarzabal
