|j|☆Pzdns99
|j|☆randomguy1114s
|html|Pzdns99randomguy1114s    
|uhtml|bestof|Game 2 of a best-of-3
|t:|1755658313
|gametype|doubles
|player|p1|Pzdns99|grimsley|1199
|player|p2|randomguy1114s|lillie-masters|1202
|gen|9
|tier|[Gen 9] VGC 2025 Reg H (Bo3)
|rated|
|rule|Species Clause: Limit one of each Pokémon
|rule|Item Clause: Limit 1 of each item
|clearpoke
|poke|p1|Lumineon, L50, M|
|poke|p1|Pelipper, L50, M|
|poke|p1|Archaludon, L50, M|
|poke|p1|Amoonguss, L50, F|
|poke|p1|Gholdengo, L50|
|poke|p1|Meowscarada, L50, F|
|poke|p2|Pelipper, L50, M|
|poke|p2|Basculegion, L50, M|
|poke|p2|Rillaboom, L50, F|
|poke|p2|Sneasler, L50, M|
|poke|p2|Electabuzz, L50, F|
|poke|p2|Kingambit, L50, F|
|teampreview|4
|showteam|p1|Lumineon||CovertCloak|SwiftSwim|FlipTurn,Tailwind,Encore,RainDance|||M|||50|,,,,,Grass]Pelipper||ChoiceSpecs|Drizzle|Hurricane,MuddyWater,WeatherBall,Uturn|||M|||50|,,,,,Ghost]Archaludon||AssaultVest|Stamina|ElectroShot,BodyPress,Snarl,DracoMeteor|||M|||50|,,,,,Bug]Amoonguss||SitrusBerry|Regenerator|PollenPuff,Protect,RagePowder,Spore|||F|||50|,,,,,Psychic]Gholdengo||LifeOrb|GoodasGold|ShadowBall,MakeItRain,NastyPlot,Protect||||||50|,,,,,Water]Meowscarada||FocusSash|Overgrow|FlowerTrick,KnockOff,Taunt,Protect|||F|||50|,,,,,Ghost
|showteam|p2|Pelipper||FocusSash|Drizzle|Hurricane,WeatherBall,Tailwind,Protect|||M|||50|,,,,,Ghost]Basculegion||LifeOrb|SwiftSwim|WaveCrash,LastRespects,FlipTurn,Protect|||M|||50|,,,,,Water]Rillaboom||AssaultVest|GrassySurge|FakeOut,GrassyGlide,WoodHammer,Uturn|||F|||50|,,,,,Fire]Sneasler||GrassySeed|Unburden|CloseCombat,DireClaw,Coaching,Protect|||M|||50|,,,,,Dark]Electabuzz||Eviolite|VitalSpirit|FollowMe,VoltSwitch,Thunder,Protect|||F|||50|,,,,,Dragon]Kingambit||SafetyGoggles|Defiant|SuckerPunch,SwordsDance,KowtowCleave,Protect|||F|||50|,,,,,Dark
|inactive|Battle timer is ON: inactive players will automatically lose when time's up. (requested by Pzdns99)
|
|t:|1755658353
|teamsize|p1|4
|teamsize|p2|4
|start
|switch|p1a: Lumineon|Lumineon, L50, M|100/100
|switch|p1b: Meowscarada|Meowscarada, L50, F|100/100
|switch|p2a: new miraidon|Electabuzz, L50, F, shiny|100/100
|switch|p2b: cringegambit|Kingambit, L50, F|100/100
|turn|1
|j| teamthief420
|
|t:|1755658378
|-terastallize|p1a: Lumineon|Grass
|move|p2a: new miraidon|Follow Me|p2a: new miraidon
|-singleturn|p2a: new miraidon|move: Follow Me
|move|p1b: Meowscarada|Taunt|p2a: new miraidon
|-start|p2a: new miraidon|move: Taunt
|move|p1a: Lumineon|Tailwind|p1a: Lumineon
|-sidestart|p1: Pzdns99|move: Tailwind
|move|p2b: cringegambit|Swords Dance|p2b: cringegambit
|-boost|p2b: cringegambit|atk|2
|
|upkeep
|turn|2
|
|t:|1755658391
|move|p2b: cringegambit|Sucker Punch||[still]
|-fail|p2b: cringegambit
|move|p1b: Meowscarada|Taunt|p2b: cringegambit
|-start|p2b: cringegambit|move: Taunt
|move|p1a: Lumineon|Encore|p2b: cringegambit
|-start|p2b: cringegambit|Encore
|move|p2a: new miraidon|Volt Switch|p1b: Meowscarada
|-resisted|p1b: Meowscarada
|-damage|p1b: Meowscarada|77/100
|
|t:|1755658400
|switch|p2a: menacetosociety|Sneasler, L50, M, shiny|100/100|[from] Volt Switch
|
|upkeep
|turn|3
|inactive|Pzdns99 has 30 seconds left.
|
|t:|1755658426
|switch|p1b: Gholdengo|Gholdengo, L50|100/100
|move|p2b: cringegambit|Sucker Punch|p1a: Lumineon
|-damage|p1a: Lumineon|10/100
|move|p1a: Lumineon|Flip Turn|p2a: menacetosociety
|-crit|p2a: menacetosociety
|-damage|p2a: menacetosociety|66/100
|
|t:|1755658441
|switch|p1a: Meowscarada|Meowscarada, L50, F|77/100|[from] Flip Turn
|move|p2a: menacetosociety|Dire Claw|p1b: Gholdengo
|-immune|p1b: Gholdengo
|
|upkeep
|turn|4
|
|t:|1755658450
|move|p2b: cringegambit|Sucker Punch||[still]
|-fail|p2b: cringegambit
|move|p1a: Meowscarada|Flower Trick|p2a: menacetosociety
|-resisted|p2a: menacetosociety
|-crit|p2a: menacetosociety
|-damage|p2a: menacetosociety|28/100
|move|p1b: Gholdengo|Nasty Plot|p1b: Gholdengo
|-boost|p1b: Gholdengo|spa|2
|move|p2a: menacetosociety|Dire Claw|p1a: Meowscarada
|-supereffective|p1a: Meowscarada
|-damage|p1a: Meowscarada|0 fnt
|faint|p1a: Meowscarada
|
|-sideend|p1: Pzdns99|move: Tailwind
|upkeep
|
|t:|1755658461
|switch|p1a: Archaludon|Archaludon, L50, M|100/100
|turn|5
|
|t:|1755658472
|-terastallize|p2b: cringegambit|Dark
|move|p2b: cringegambit|Sucker Punch|p1b: Gholdengo
|-supereffective|p1b: Gholdengo
|-damage|p1b: Gholdengo|0 fnt
|faint|p1b: Gholdengo
|move|p2a: menacetosociety|Close Combat|p1a: Archaludon
|-supereffective|p1a: Archaludon
|-damage|p1a: Archaludon|0 fnt
|-unboost|p2a: menacetosociety|def|1
|-unboost|p2a: menacetosociety|spd|1
|faint|p1a: Archaludon
|
|-end|p2b: cringegambit|move: Taunt
|-end|p2b: cringegambit|Encore
|upkeep
|
|t:|1755658477
|switch|p1b: Lumineon|Lumineon, L50, M, tera:Grass|10/100
|turn|6
|-message|Pzdns99 forfeited.
|
|win|randomguy1114s
|raw|Pzdns99's rating: 1199 → 1174(-25 for losing)
|raw|randomguy1114s's rating: 1202 → 1227(+25 for winning)
|l|☆Pzdns99
|player|p1|
