|j|‽T-block
|j|☆pgoiko
|html|T-blockpgoiko    
|uhtml|bestof|Game 1 of a best-of-3
|t:|1756924295
|gametype|doubles
|player|p1|T-block|266|1319
|player|p2|pgoiko|102|1185
|gen|9
|tier|[Gen 9] VGC 2025 Reg H (Bo3)
|rated|
|rule|Species Clause: Limit one of each Pokémon
|rule|Item Clause: Limit 1 of each item
|clearpoke
|poke|p1|Gholdengo, L50|
|poke|p1|Rillaboom, L50, M|
|poke|p1|Tyranitar, L50, F|
|poke|p1|Maushold, L50|
|poke|p1|Sneasler, L50, M|
|poke|p1|Dragonite, L50, M|
|poke|p2|Indeedee-F, L50, F|
|poke|p2|Armarouge, L50, F|
|poke|p2|Torkoal, L50, F|
|poke|p2|Ursaluna, L50, F|
|poke|p2|Hatterene, L50, F|
|poke|p2|Lilligant-Hisui, L50, F|
|teampreview|4
|showteam|p1|Gholdengo||GrassySeed|GoodasGold|NastyPlot,MakeItRain,ShadowBall,Protect||||||50|,,,,,Water]Rillaboom||AssaultVest|GrassySurge|FakeOut,GrassyGlide,DrumBeating,HighHorsepower|||M|||50|,,,,,Fire]Tyranitar||FocusSash|SandStream|RockSlide,KnockOff,LowKick,Protect|||F|||50|,,,,,Ghost]Maushold||SafetyGoggles|FriendGuard|FollowMe,Taunt,SuperFang,Protect||||||50|,,,,,Ghost]Sneasler||WhiteHerb|Unburden|CloseCombat,DireClaw,Coaching,Protect|||M|||50|,,,,,Ghost]Dragonite||LoadedDice|Multiscale|ScaleShot,StompingTantrum,Tailwind,Protect|||M|||50|,,,,,Ground
|showteam|p2|Indeedee-F||RockyHelmet|PsychicSurge|Psychic,HelpingHand,FollowMe,TrickRoom|||F|||50|,,,,,Grass]Armarouge||PowerHerb|FlashFire|ExpandingForce,ArmorCannon,MeteorBeam,TrickRoom|||F|||50|,,,,,Grass]Torkoal||Charcoal|Drought|Eruption,WeatherBall,HeatWave,Protect|||F|||50|,,,,,Fire]Ursaluna||FlameOrb|Guts|Facade,HeadlongRush,Substitute,Protect|||F|||50|,,,,,Ghost]Hatterene||LifeOrb|MagicBounce|ExpandingForce,DazzlingGleam,TrickRoom,Protect|||F|||50|,,,,,Psychic]Lilligant-Hisui||FocusSash|Chlorophyll|SolarBlade,CloseCombat,SleepPowder,AfterYou|||F|||50|,,,,,Ghost
|inactive|Battle timer is ON: inactive players will automatically lose when time's up. (requested by T-block)
|
|t:|1756924374
|teamsize|p1|4
|teamsize|p2|4
|start
|switch|p1a: Dragonite|Dragonite, L50, M|100/100
|switch|p1b: Gholdengo|Gholdengo, L50|100/100
|switch|p2a: Indeedee|Indeedee-F, L50, F|100/100
|switch|p2b: Armarouge|Armarouge, L50, F|100/100
|-fieldstart|move: Psychic Terrain|[from] ability: Psychic Surge|[of] p2a: Indeedee
|turn|1
|inactive|T-block has 30 seconds left.
|
|t:|1756924399
|-terastallize|p1b: Gholdengo|Water
|move|p2a: Indeedee|Follow Me|p2a: Indeedee
|-singleturn|p2a: Indeedee|move: Follow Me
|move|p1b: Gholdengo|Nasty Plot|p1b: Gholdengo
|-boost|p1b: Gholdengo|spa|2
|move|p1a: Dragonite|Scale Shot|p2a: Indeedee
|-damage|p2a: Indeedee|85/100
|-damage|p2a: Indeedee|71/100
|-damage|p2a: Indeedee|56/100
|-damage|p2a: Indeedee|42/100
|-damage|p2a: Indeedee|28/100
|-hitcount|p2a: Indeedee|5
|-unboost|p1a: Dragonite|def|1
|-boost|p1a: Dragonite|spe|1
|move|p2b: Armarouge|Trick Room|p2b: Armarouge
|-fieldstart|move: Trick Room|[of] p2b: Armarouge
|
|upkeep
|turn|2
|inactive|pgoiko has 30 seconds left.
|inactive|pgoiko has 20 seconds left.
|
|t:|1756924437
|switch|p1a: Rillaboom|Rillaboom, L50, M, shiny|100/100
|-fieldstart|move: Grassy Terrain|[from] ability: Grassy Surge|[of] p1a: Rillaboom
|-enditem|p1b: Gholdengo|Grassy Seed
|-boost|p1b: Gholdengo|def|1|[from] item: Grassy Seed
|move|p2a: Indeedee|Follow Me|p2a: Indeedee
|-singleturn|p2a: Indeedee|move: Follow Me
|move|p2b: Armarouge|Expanding Force|p1a: Rillaboom
|-damage|p1a: Rillaboom|61/100
|move|p1b: Gholdengo|Make It Rain|p2b: Armarouge|[spread] p2a,p2b
|-resisted|p2b: Armarouge
|-damage|p2a: Indeedee|0 fnt
|-damage|p2b: Armarouge|56/100
|-unboost|p1b: Gholdengo|spa|1
|faint|p2a: Indeedee
|
|-heal|p2b: Armarouge|62/100|[from] Grassy Terrain
|-heal|p1a: Rillaboom|67/100|[from] Grassy Terrain
|upkeep
|inactive|pgoiko has 30 seconds left.
|
|t:|1756924465
|switch|p2a: Ursaluna|Ursaluna, L50, F|100/100
|turn|3
|inactive|T-block has 30 seconds left.
|inactive|T-block has 20 seconds left.
|inactive|T-block has 15 seconds left.
|inactive|T-block has 10 seconds left.
|inactive|T-block has 5 seconds left.
|
|t:|1756924518
|move|p2a: Ursaluna|Protect|p2a: Ursaluna
|-singleturn|p2a: Ursaluna|Protect
|move|p2b: Armarouge|Meteor Beam||[still]
|-prepare|p2b: Armarouge|Meteor Beam
|-boost|p2b: Armarouge|spa|1
|-enditem|p2b: Armarouge|Power Herb
|-anim|p2b: Armarouge|Meteor Beam|p1b: Gholdengo
|-damage|p1b: Gholdengo|29/100
|move|p1b: Gholdengo|Shadow Ball|p2b: Armarouge
|-supereffective|p2b: Armarouge
|-damage|p2b: Armarouge|0 fnt
|faint|p2b: Armarouge
|move|p1a: Rillaboom|Drum Beating|p2a: Ursaluna
|-activate|p2a: Ursaluna|move: Protect
|
|-heal|p1b: Gholdengo|35/100|[from] Grassy Terrain
|-heal|p1a: Rillaboom|72/100|[from] Grassy Terrain
|-status|p2a: Ursaluna|brn|[from] item: Flame Orb
|upkeep
|
|t:|1756924536
|switch|p2b: Torkoal|Torkoal, L50, F|100/100
|-weather|SunnyDay|[from] ability: Drought|[of] p2b: Torkoal
|turn|4
|
|t:|1756924551
|switch|p1a: Tyranitar|Tyranitar, L50, F|100/100
|-weather|Sandstorm|[from] ability: Sand Stream|[of] p1a: Tyranitar
|move|p1b: Gholdengo|Protect|p1b: Gholdengo
|-singleturn|p1b: Gholdengo|Protect
|move|p2b: Torkoal|Eruption|p1b: Gholdengo|[spread] p1a
|-activate|p1b: Gholdengo|move: Protect
|-resisted|p1a: Tyranitar
|-damage|p1a: Tyranitar|81/100
|move|p2a: Ursaluna|Substitute|p2a: Ursaluna
|-start|p2a: Ursaluna|Substitute
|-damage|p2a: Ursaluna|76/100 brn
|
|-weather|Sandstorm|[upkeep]
|-damage|p2b: Torkoal|94/100|[from] Sandstorm
|-damage|p1b: Gholdengo|29/100|[from] Sandstorm
|-heal|p2b: Torkoal|100/100|[from] Grassy Terrain
|-heal|p2a: Ursaluna|82/100 brn|[from] Grassy Terrain
|-heal|p1a: Tyranitar|87/100|[from] Grassy Terrain
|-heal|p1b: Gholdengo|35/100|[from] Grassy Terrain
|-damage|p2a: Ursaluna|76/100 brn|[from] brn
|upkeep
|turn|5
|inactive|T-block has 30 seconds left.
|inactive|pgoiko has 30 seconds left.
|inactive|T-block has 20 seconds left.
|
|t:|1756924591
|move|p1a: Tyranitar|Protect|p1a: Tyranitar
|-singleturn|p1a: Tyranitar|Protect
|move|p2b: Torkoal|Heat Wave|p1b: Gholdengo|[spread] p1b
|-activate|p1a: Tyranitar|move: Protect
|-resisted|p1b: Gholdengo
|-damage|p1b: Gholdengo|18/100
|move|p2a: Ursaluna|Facade|p1b: Gholdengo
|-damage|p1b: Gholdengo|0 fnt
|faint|p1b: Gholdengo
|
|-weather|Sandstorm|[upkeep]
|-damage|p2b: Torkoal|94/100|[from] Sandstorm
|-heal|p2b: Torkoal|100/100|[from] Grassy Terrain
|-heal|p2a: Ursaluna|82/100 brn|[from] Grassy Terrain
|-heal|p1a: Tyranitar|94/100|[from] Grassy Terrain
|-damage|p2a: Ursaluna|76/100 brn|[from] brn
|-fieldend|move: Trick Room
|upkeep
|inactive|T-block has 30 seconds left.
|
|t:|1756924620
|switch|p1b: Dragonite|Dragonite, L50, M|100/100
|turn|6
|
|t:|1756924629
|move|p2a: Ursaluna|Protect|p2a: Ursaluna
|-singleturn|p2a: Ursaluna|Protect
|move|p1b: Dragonite|Scale Shot|p2a: Ursaluna
|-activate|p2a: Ursaluna|move: Protect
|move|p1a: Tyranitar|Knock Off|p2b: Torkoal
|-damage|p2b: Torkoal|61/100
|-enditem|p2b: Torkoal|Charcoal|[from] move: Knock Off|[of] p1a: Tyranitar
|move|p2b: Torkoal|Weather Ball|p1b: Dragonite
|-supereffective|p1b: Dragonite
|-damage|p1b: Dragonite|71/100
|
|-weather|Sandstorm|[upkeep]
|-damage|p1b: Dragonite|65/100|[from] Sandstorm
|-damage|p2b: Torkoal|55/100|[from] Sandstorm
|-heal|p1a: Tyranitar|99/100|[from] Grassy Terrain
|-heal|p2a: Ursaluna|82/100 brn|[from] Grassy Terrain
|-heal|p2b: Torkoal|61/100|[from] Grassy Terrain
|-damage|p2a: Ursaluna|76/100 brn|[from] brn
|-fieldend|move: Grassy Terrain
|upkeep
|turn|7
|
|t:|1756924652
|move|p1b: Dragonite|Stomping Tantrum|p2a: Ursaluna
|-activate|p2a: Ursaluna|move: Substitute|[damage]
|move|p1a: Tyranitar|Knock Off|p2a: Ursaluna
|-end|p2a: Ursaluna|Substitute
|move|p2a: Ursaluna|Headlong Rush|p1a: Tyranitar
|-supereffective|p1a: Tyranitar
|-damage|p1a: Tyranitar|0 fnt
|-unboost|p2a: Ursaluna|def|1
|-unboost|p2a: Ursaluna|spd|1
|faint|p1a: Tyranitar
|move|p2b: Torkoal|Weather Ball|p1b: Dragonite
|-supereffective|p1b: Dragonite
|-damage|p1b: Dragonite|3/100
|
|-weather|Sandstorm|[upkeep]
|-damage|p1b: Dragonite|0 fnt|[from] Sandstorm
|-damage|p2b: Torkoal|55/100|[from] Sandstorm
|faint|p1b: Dragonite
|-damage|p2a: Ursaluna|70/100 brn|[from] brn
|upkeep
|
|t:|1756924660
|switch|p1b: Rillaboom|Rillaboom, L50, M, shiny|72/100
|-fieldstart|move: Grassy Terrain|[from] ability: Grassy Surge|[of] p1b: Rillaboom
|turn|8
|inactive|pgoiko has 30 seconds left.
|
|t:|1756924692
|-terastallize|p2a: Ursaluna|Ghost
|move|p1b: Rillaboom|High Horsepower|p2b: Torkoal
|-supereffective|p2b: Torkoal
|-damage|p2b: Torkoal|5/100
|move|p2a: Ursaluna|Facade|p1b: Rillaboom
|-damage|p1b: Rillaboom|0 fnt
|faint|p1b: Rillaboom
|
|win|pgoiko
