|j|☆itsvalkyrie
|j|☆playrornds
|html|itsvalkyrieplayrornds    
|uhtml|bestof|Game 2 of a best-of-3
|t:|1756670464
|gametype|doubles
|player|p1|itsvalkyrie|blackbelt-gen4dp|1041
|player|p2|playrornds|giovanni-gen1rb|1142
|gen|9
|tier|[Gen 9] VGC 2025 Reg H (Bo3)
|rated|
|rule|Species Clause: Limit one of each Pokémon
|rule|Item Clause: Limit 1 of each item
|clearpoke
|poke|p1|Ursaluna, L50, M|
|poke|p1|Gholdengo, L50|
|poke|p1|Porygon2, L50|
|poke|p1|Amoonguss, L50, M|
|poke|p1|Incineroar, L50, M|
|poke|p1|Hydreigon, L50, M|
|poke|p2|Gholdengo, L50|
|poke|p2|Kilowattrel, L50, F|
|poke|p2|Ursaluna, L50, F|
|poke|p2|Porygon2, L50|
|poke|p2|Incineroar, L50, F|
|poke|p2|Amoonguss, L50, M|
|teampreview|4
|showteam|p1|Ursaluna||FlameOrb|Guts|Facade,Earthquake,HeadlongRush,Protect|||M|||50|,,,,,Ghost]Gholdengo||LifeOrb|GoodasGold|MakeItRain,ShadowBall,NastyPlot,Protect||||||50|,,,,,Water]Porygon2||Eviolite|Download|TeraBlast,IceBeam,Recover,TrickRoom||||||50|,,,,,Fighting]Amoonguss||CovertCloak|Regenerator|PollenPuff,ClearSmog,RagePowder,Spore|||M|||50|,,,,,Water]Incineroar||SitrusBerry|Intimidate|FakeOut,FlareBlitz,KnockOff,PartingShot|||M|||50|,,,,,Ghost]Hydreigon||SafetyGoggles|Levitate|DracoMeteor,Snarl,Tailwind,Protect|||M|||50|,,,,,Ghost
|showteam|p2|Gholdengo||LifeOrb|GoodasGold|MakeItRain,ShadowBall,NastyPlot,Protect||||||50|,,,,,Water]Kilowattrel||FocusSash|Competitive|Thunderbolt,AirSlash,Tailwind,Protect|||F|||50|,,,,,Ghost]Ursaluna||FlameOrb|Guts|Facade,HeadlongRush,Earthquake,Protect|||F|||50|,,,,,Fairy]Porygon2||Eviolite|Download|TeraBlast,IceBeam,Recover,TrickRoom||||||50|,,,,,Fighting]Incineroar||AssaultVest|Intimidate|FakeOut,FlareBlitz,KnockOff,Uturn|||F|||50|,,,,,Grass]Amoonguss||SitrusBerry|Regenerator|SludgeBomb,Spore,RagePowder,Protect|||M|||50|,,,,,Water
|inactive|Battle timer is ON: inactive players will automatically lose when time's up. (requested by itsvalkyrie)
|
|t:|1756670493
|teamsize|p1|4
|teamsize|p2|4
|start
|switch|p1a: Hydreigon|Hydreigon, L50, M|100/100
|switch|p1b: Ursaluna|Ursaluna, L50, M|100/100
|switch|p2a: Incineroar|Incineroar, L50, F|100/100
|switch|p2b: Kilowattrel|Kilowattrel, L50, F|100/100
|-ability|p2a: Incineroar|Intimidate|boost
|-unboost|p1a: Hydreigon|atk|1
|-unboost|p1b: Ursaluna|atk|1
|turn|1
|inactive|playrornds has 30 seconds left.
|
|t:|1756670519
|switch|p2a: Ursaluna|Ursaluna, L50, F|100/100
|move|p2b: Kilowattrel|Tailwind|p2b: Kilowattrel
|-sidestart|p2: playrornds|move: Tailwind
|move|p1a: Hydreigon|Tailwind|p1a: Hydreigon
|-sidestart|p1: itsvalkyrie|move: Tailwind
|move|p1b: Ursaluna|Earthquake|p2a: Ursaluna|[spread] p2a
|-immune|p1a: Hydreigon|[from] ability: Levitate
|-immune|p2b: Kilowattrel
|-damage|p2a: Ursaluna|76/100
|
|-status|p2a: Ursaluna|brn|[from] item: Flame Orb
|-status|p1b: Ursaluna|brn|[from] item: Flame Orb
|upkeep
|turn|2
|inactive|itsvalkyrie has 30 seconds left.
|inactive|playrornds has 30 seconds left.
|inactive|playrornds has 20 seconds left.
|inactive|playrornds has 15 seconds left.
|
|t:|1756670563
|switch|p2b: Incineroar|Incineroar, L50, F|100/100
|-ability|p2b: Incineroar|Intimidate|boost
|-unboost|p1a: Hydreigon|atk|1
|-unboost|p1b: Ursaluna|atk|1
|move|p1a: Hydreigon|Snarl|p2b: Incineroar|[spread] p2a,p2b
|-resisted|p2b: Incineroar
|-damage|p2a: Ursaluna|55/100 brn
|-damage|p2b: Incineroar|94/100
|-unboost|p2a: Ursaluna|spa|1
|-unboost|p2b: Incineroar|spa|1
|move|p2a: Ursaluna|Headlong Rush|p1b: Ursaluna
|-damage|p1b: Ursaluna|17/100 brn
|-unboost|p2a: Ursaluna|def|1
|-unboost|p2a: Ursaluna|spd|1
|move|p1b: Ursaluna|Facade|p2a: Ursaluna
|-damage|p2a: Ursaluna|0 fnt
|faint|p2a: Ursaluna
|
|-damage|p1b: Ursaluna|11/100 brn|[from] brn
|upkeep
|inactive|playrornds has 30 seconds left.
|
|t:|1756670596
|switch|p2a: Kilowattrel|Kilowattrel, L50, F|100/100
|turn|3
|inactive|playrornds has 30 seconds left.
|
|t:|1756670623
|move|p2b: Incineroar|Fake Out|p1a: Hydreigon
|-damage|p1a: Hydreigon|87/100
|move|p2a: Kilowattrel|Air Slash|p1b: Ursaluna
|-damage|p1b: Ursaluna|0 fnt
|faint|p1b: Ursaluna
|cant|p1a: Hydreigon|flinch
|
|upkeep
|
|t:|1756670634
|switch|p1b: Porygon2|Porygon2, L50|100/100
|-ability|p1b: Porygon2|Download|boost
|-boost|p1b: Porygon2|atk|1
|turn|4
|inactive|playrornds has 30 seconds left.
|inactive|playrornds has 20 seconds left.
|
|t:|1756670672
|move|p2a: Kilowattrel|Air Slash|p1a: Hydreigon
|-damage|p1a: Hydreigon|47/100
|move|p1a: Hydreigon|Snarl|p2b: Incineroar|[spread] p2a,p2b
|-resisted|p2b: Incineroar
|-damage|p2a: Kilowattrel|65/100
|-damage|p2b: Incineroar|88/100
|-unboost|p2a: Kilowattrel|spa|1
|-ability|p2a: Kilowattrel|Competitive|boost
|-boost|p2a: Kilowattrel|spa|2
|-unboost|p2b: Incineroar|spa|1
|move|p2b: Incineroar|Knock Off|p1b: Porygon2
|-damage|p1b: Porygon2|69/100
|-enditem|p1b: Porygon2|Eviolite|[from] move: Knock Off|[of] p2b: Incineroar
|move|p1b: Porygon2|Ice Beam|p2a: Kilowattrel
|-supereffective|p2a: Kilowattrel
|-damage|p2a: Kilowattrel|0 fnt
|faint|p2a: Kilowattrel
|
|-sideend|p2: playrornds|move: Tailwind
|-sideend|p1: itsvalkyrie|move: Tailwind
|upkeep
|
|t:|1756670677
|switch|p2a: Porygon2|Porygon2, L50|100/100
|-ability|p2a: Porygon2|Download|boost
|-boost|p2a: Porygon2|atk|1
|turn|5
|inactive|itsvalkyrie has 30 seconds left.
|inactive|playrornds has 30 seconds left.
|
|t:|1756670709
|move|p1a: Hydreigon|Snarl|p2a: Porygon2|[spread] p2a,p2b
|-resisted|p2b: Incineroar
|-damage|p2a: Porygon2|88/100
|-damage|p2b: Incineroar|81/100
|-unboost|p2a: Porygon2|spa|1
|-unboost|p2b: Incineroar|spa|1
|move|p2b: Incineroar|U-turn|p1a: Hydreigon
|-supereffective|p1a: Hydreigon
|-damage|p1a: Hydreigon|0 fnt
|faint|p1a: Hydreigon
|move|p1b: Porygon2|Tera Blast|p2b: Incineroar
|-damage|p2b: Incineroar|59/100
|move|p2a: Porygon2|Trick Room|p2a: Porygon2
|-fieldstart|move: Trick Room|[of] p2a: Porygon2
|
|upkeep
|
|t:|1756670720
|switch|p1a: Amoonguss|Amoonguss, L50, M|100/100
|turn|6
|inactive|playrornds has 30 seconds left.
|inactive|playrornds has 20 seconds left.
|inactive|playrornds has 15 seconds left.
|inactive|playrornds has 10 seconds left.
|
|t:|1756670767
|-terastallize|p2b: Incineroar|Grass
|move|p1a: Amoonguss|Spore|p2a: Porygon2
|-status|p2a: Porygon2|slp|[from] move: Spore
|cant|p2a: Porygon2|slp
|move|p1b: Porygon2|Recover|p1b: Porygon2
|-heal|p1b: Porygon2|100/100
|move|p2b: Incineroar|Flare Blitz|p1a: Amoonguss
|-supereffective|p1a: Amoonguss
|-damage|p1a: Amoonguss|0 fnt
|faint|p1a: Amoonguss
|-damage|p2b: Incineroar|22/100|[from] Recoil
|
|upkeep
|turn|7
|
|t:|1756670787
|-terastallize|p1b: Porygon2|Fighting
|-curestatus|p2a: Porygon2|slp|[msg]
|move|p2a: Porygon2|Tera Blast|p1b: Porygon2
|-damage|p1b: Porygon2|80/100
|move|p1b: Porygon2|Tera Blast|p2b: Incineroar|[anim] Tera Blast Fighting
|-damage|p2b: Incineroar|0 fnt
|faint|p2b: Incineroar
|
|upkeep
|turn|8
|
|t:|1756670800
|move|p2a: Porygon2|Ice Beam|p1b: Porygon2
|-damage|p1b: Porygon2|64/100
|move|p1b: Porygon2|Tera Blast|p2a: Porygon2|[anim] Tera Blast Fighting
|-supereffective|p2a: Porygon2
|-damage|p2a: Porygon2|43/100
|
|upkeep
|turn|9
|
|t:|1756670810
|move|p2a: Porygon2|Ice Beam|p1b: Porygon2
|-damage|p1b: Porygon2|48/100
|move|p1b: Porygon2|Tera Blast|p2a: Porygon2|[anim] Tera Blast Fighting
|-supereffective|p2a: Porygon2
|-damage|p2a: Porygon2|0 fnt
|faint|p2a: Porygon2
|
|win|itsvalkyrie
||playrornds is ready for game 3.
||itsvalkyrie is ready for game 3.
|uhtml|next|Next: Game 3 of 3
|l|☆itsvalkyrie
|player|p1|
