|j|☆MrGardnHose
|j|☆NotAfrogGaming
|html|MrGardnHoseNotAfrogGaming    
|uhtml|bestof|Game 1 of a best-of-3
|t:|1786124031
|gametype|doubles
|player|p1|MrGardnHose|jasmine-masters2|1173
|player|p2|NotAfrogGaming|boarder|1248
|gen|9
|tier|[Gen 9 Champions] VGC 2026 Reg M-B (Bo3)
|rated|
|rule|Species Clause: Limit one of each Pokémon
|rule|Item Clause: Limit 1 of each item
|clearpoke
|poke|p1|Venusaur, L50, M|
|poke|p1|Whimsicott, L50, M|
|poke|p1|Charizard, L50, M|
|poke|p1|Garchomp, L50, F|
|poke|p1|Grimmsnarl, L50, M|
|poke|p1|Incineroar, L50, M|
|poke|p2|Tyranitar, L50, M, shiny|
|poke|p2|Excadrill, L50, F, shiny|
|poke|p2|Sinistcha, L50|
|poke|p2|Decidueye-Hisui, L50, F|
|poke|p2|Palafin, L50, M, shiny|
|poke|p2|Arcanine-Hisui, L50, M, shiny|
|teampreview|4
|showteam|p1|Venusaur||Venusaurite|Chlorophyll|GigaDrain,SludgeBomb,EarthPower,Protect|Modest||M|||50|]Whimsicott||FocusSash|Prankster|Tailwind,Encore,Protect,Moonblast|Timid||M|||50|]Charizard||CharizarditeY|Blaze|HeatWave,SolarBeam,WeatherBall,Protect|Modest||M|||50|]Garchomp||LifeOrb|RoughSkin|RockSlide,Earthquake,DragonClaw,Protect|Jolly||F|||50|]Grimmsnarl||LightClay|Prankster|Reflect,LightScreen,SpiritBreak,PartingShot|Careful||M|||50|]Incineroar||SitrusBerry|Intimidate|FakeOut,FlareBlitz,DarkestLariat,PartingShot|Adamant||M|||50|
|showteam|p2|Tyranitar||Tyranitarite|SandStream|RockSlide,KnockOff,LowKick,Protect|Adamant||M|||50|]Excadrill||FocusSash|SandRush|HighHorsepower,IronHead,RockSlide,Protect|Adamant||F|||50|]Sinistcha||SitrusBerry|Hospitality|MatchaGotcha,RagePowder,TrickRoom,Protect|Bold|||||50|]Decidueye-Hisui||ScopeLens|Scrappy|TripleArrows,LeafBlade,Trailblaze,Protect|Adamant||F|||50|]Palafin||LifeOrb|ZerotoHero|WaveCrash,JetPunch,IcePunch,Protect|Jolly||M|||50|]Arcanine-Hisui||ChoiceScarf|Intimidate|FlareBlitz,HeadSmash,WildCharge,RockSlide|Jolly||M|||50|
|inactive|Battle timer is ON: inactive players will automatically lose when time's up. (requested by MrGardnHose)
|
|t:|1786124100
|teamsize|p1|4
|teamsize|p2|4
|start
|switch|p1a: Grimmsnarl|Grimmsnarl, L50, M|100/100
|switch|p1b: Incineroar|Incineroar, L50, M|100/100
|switch|p2a: Sinistcha|Sinistcha, L50|100/100
|switch|p2b: Arcanine|Arcanine-Hisui, L50, M, shiny|100/100
|-ability|p2b: Arcanine|Intimidate|boost
|-unboost|p1a: Grimmsnarl|atk|1
|-unboost|p1b: Incineroar|atk|1
|-ability|p1b: Incineroar|Intimidate|boost
|-unboost|p2a: Sinistcha|atk|1
|-unboost|p2b: Arcanine|atk|1
|turn|1
|inactive|NotAfrogGaming has 30 seconds left.
|inactive|NotAfrogGaming has 20 seconds left.
|
|t:|1786124140
|switch|p2b: TTAR|Tyranitar, L50, M, shiny|100/100
|-weather|Sandstorm|[from] ability: Sand Stream|[of] p2b: TTAR
|switch|p2a: Ms Drill Face|Excadrill, L50, F, shiny|100/100
|move|p1b: Incineroar|Fake Out|p2b: TTAR
|-resisted|p2b: TTAR|1
|-damage|p2b: TTAR|96/100
|move|p1a: Grimmsnarl|Reflect|p1a: Grimmsnarl
|-sidestart|p1: MrGardnHose|Reflect
|
|-weather|Sandstorm|[upkeep]
|-damage|p1b: Incineroar|94/100|[from] Sandstorm
|-damage|p1a: Grimmsnarl|94/100|[from] Sandstorm
|upkeep
|turn|2
|inactive|NotAfrogGaming has 30 seconds left.
|
|t:|1786124174
|detailschange|p2b: TTAR|Tyranitar-Mega, L50, M, shiny
|-mega|p2b: TTAR|Tyranitar|Tyranitarite
|move|p1a: Grimmsnarl|Parting Shot|p2a: Ms Drill Face
|-unboost|p2a: Ms Drill Face|atk|1
|-unboost|p2a: Ms Drill Face|spa|1
|
|t:|1786124185
|switch|p1a: Garchomp|Garchomp, L50, F|100/100|[from] Parting Shot
|move|p2a: Ms Drill Face|Rock Slide|p1b: Incineroar|[spread] p1a,p1b
|-resisted|p1a: Garchomp|1
|-supereffective|p1b: Incineroar|1
|-damage|p1a: Garchomp|95/100
|-damage|p1b: Incineroar|76/100
|move|p2b: TTAR|Rock Slide|p1b: Incineroar|[spread] p1b
|-miss|p2b: TTAR|p1a: Garchomp
|-supereffective|p1b: Incineroar|1
|-damage|p1b: Incineroar|24/100
|-enditem|p1b: Incineroar|Sitrus Berry|[eat]
|-heal|p1b: Incineroar|49/100|[from] item: Sitrus Berry
|cant|p1b: Incineroar|flinch
|
|-weather|Sandstorm|[upkeep]
|-damage|p1b: Incineroar|43/100|[from] Sandstorm
|upkeep
|turn|3
|inactive|MrGardnHose has 30 seconds left.
|
|t:|1786124213
|switch|p2a: Sinistcha|Sinistcha, L50|100/100
|-heal|p2b: TTAR|100/100|[from] ability: Hospitality|[of] p2a: Sinistcha
|move|p1a: Garchomp|Earthquake|p2b: TTAR|[spread] p1b,p2a,p2b
|-supereffective|p1b: Incineroar|1
|-resisted|p2a: Sinistcha|1
|-supereffective|p2b: TTAR|1
|-damage|p1b: Incineroar|0 fnt
|-damage|p2a: Sinistcha|78/100
|-damage|p2b: TTAR|35/100
|faint|p1b: Incineroar
|-damage|p1a: Garchomp|85/100|[from] item: Life Orb
|move|p2b: TTAR|Rock Slide|p1a: Garchomp
|-resisted|p1a: Garchomp|1
|-damage|p1a: Garchomp|67/100
|
|-weather|Sandstorm|[upkeep]
|-damage|p2a: Sinistcha|71/100|[from] Sandstorm
|upkeep
|
|t:|1786124217
|switch|p1b: Venusaur|Venusaur, L50, M|100/100
|turn|4
|inactive|NotAfrogGaming has 30 seconds left.
|inactive|NotAfrogGaming has 20 seconds left.
|
|t:|1786124253
|detailschange|p1b: Venusaur|Venusaur-Mega, L50, M
|-mega|p1b: Venusaur|Venusaur|Venusaurite
|move|p2b: TTAR|Protect|p2b: TTAR
|-singleturn|p2b: TTAR|Protect
|move|p1a: Garchomp|Dragon Claw|p2a: Sinistcha
|-damage|p2a: Sinistcha|28/100
|-enditem|p2a: Sinistcha|Sitrus Berry|[eat]
|-heal|p2a: Sinistcha|52/100|[from] item: Sitrus Berry
|-damage|p1a: Garchomp|57/100|[from] item: Life Orb
|move|p1b: Venusaur|Earth Power|p2b: TTAR
|-activate|p2b: TTAR|move: Protect
|move|p2a: Sinistcha|Trick Room|p2a: Sinistcha
|-fieldstart|move: Trick Room|[of] p2a: Sinistcha
|
|-weather|Sandstorm|[upkeep]
|-damage|p2a: Sinistcha|46/100|[from] Sandstorm
|-damage|p1b: Venusaur|93/100|[from] Sandstorm
|upkeep
|turn|5
|
|t:|1786124275
|move|p2a: Sinistcha|Matcha Gotcha|p1a: Garchomp|[spread] p1a,p1b
|-resisted|p1b: Venusaur|2
|-damage|p1a: Garchomp|31/100
|-heal|p2a: Sinistcha|60/100|[from] drain|[of] p1a: Garchomp
|-damage|p1b: Venusaur|88/100
|-heal|p2a: Sinistcha|63/100|[from] drain|[of] p1b: Venusaur
|move|p2b: TTAR|Knock Off|p1a: Garchomp
|-damage|p1a: Garchomp|0 fnt
|-damage|p2b: TTAR|23/100|[from] ability: Rough Skin|[of] p1a: Garchomp
|-enditem|p1a: Garchomp|Life Orb|[from] move: Knock Off|[of] p2b: TTAR
|faint|p1a: Garchomp
|move|p1b: Venusaur|Giga Drain|p2b: TTAR
|-supereffective|p2b: TTAR|1
|-damage|p2b: TTAR|0 fnt
|-heal|p1b: Venusaur|100/100|[from] drain|[of] p2b: TTAR
|faint|p2b: TTAR
|
|-weather|none
|upkeep
|
|t:|1786124299
|switch|p2b: Ms Drill Face|Excadrill, L50, F, shiny|100/100
|switch|p1a: Grimmsnarl|Grimmsnarl, L50, M|94/100
|turn|6
|
|t:|1786124317
|move|p2a: Sinistcha|Rage Powder|p2a: Sinistcha
|-singleturn|p2a: Sinistcha|move: Rage Powder
|move|p1a: Grimmsnarl|Spirit Break|p2a: Sinistcha
|-damage|p2a: Sinistcha|38/100
|-unboost|p2a: Sinistcha|spa|1
|move|p1b: Venusaur|Sludge Bomb|p2a: Sinistcha
|-damage|p2a: Sinistcha|0 fnt
|faint|p2a: Sinistcha
|move|p2b: Ms Drill Face|Iron Head|p1a: Grimmsnarl
|-supereffective|p1a: Grimmsnarl|1
|-damage|p1a: Grimmsnarl|22/100
|
|upkeep
|
|t:|1786124328
|switch|p2a: Arcanine|Arcanine-Hisui, L50, M, shiny|100/100
|-ability|p2a: Arcanine|Intimidate|boost
|-unboost|p1a: Grimmsnarl|atk|1
|-unboost|p1b: Venusaur|atk|1
|turn|7
|
|t:|1786124350
|move|p1a: Grimmsnarl|Spirit Break|p2b: Ms Drill Face
|-resisted|p2b: Ms Drill Face|1
|-damage|p2b: Ms Drill Face|85/100
|-unboost|p2b: Ms Drill Face|spa|1
|move|p1b: Venusaur|Earth Power|p2a: Arcanine
|-supereffective|p2a: Arcanine|2
|-damage|p2a: Arcanine|0 fnt
|faint|p2a: Arcanine
|move|p2b: Ms Drill Face|High Horsepower|p1b: Venusaur
|-damage|p1b: Venusaur|67/100
|
|upkeep
|turn|8
|-message|NotAfrogGaming forfeited.
|
|win|MrGardnHose
