|j|☆Chelicerate1
|j|☆isamino
|html|Chelicerate1isamino    
|uhtml|bestof|Game 1 of a best-of-3
|t:|1784438850
|gametype|doubles
|player|p1|Chelicerate1|ethan|1297
|player|p2|isamino|nate|1179
|gen|9
|tier|[Gen 9 Champions] VGC 2026 Reg M-B (Bo3)
|rated|
|rule|Species Clause: Limit one of each Pokémon
|rule|Item Clause: Limit 1 of each item
|clearpoke
|poke|p1|Grimmsnarl, L50, M|
|poke|p1|Basculegion, L50, M|
|poke|p1|Charizard, L50, F|
|poke|p1|Pelipper, L50, M|
|poke|p1|Venusaur, L50, M|
|poke|p1|Archaludon, L50, M|
|poke|p2|Annihilape, L50, F|
|poke|p2|Maushold, L50|
|poke|p2|Dragapult, L50, F|
|poke|p2|Vivillon-Pokeball, L50, M|
|poke|p2|Floette-Eternal, L50, F|
|poke|p2|Metagross, L50|
|teampreview|4
|showteam|p1|Grimmsnarl||LightClay|Prankster|SpiritBreak,PartingShot,Reflect,LightScreen|Sassy||M|||50|]Basculegion||ChoiceScarf|Adaptability|LastRespects,WaveCrash,AquaJet,FlipTurn|Jolly||M|||50|]Charizard||CharizarditeY|Blaze|Protect,HeatWave,WeatherBall,SolarBeam|Modest||F|||50|]Pelipper||SitrusBerry|Drizzle|Hurricane,WeatherBall,Tailwind,WideGuard|Modest||M|||50|]Venusaur||FocusSash|Chlorophyll|SludgeBomb,SleepPowder,EarthPower,Protect|Modest||M|||50|]Archaludon||Leftovers|Stamina|ElectroShot,DragonPulse,FlashCannon,Protect|Calm||M|||50|
|showteam|p2|Annihilape||Leftovers|Defiant|Protect,DrainPunch,RockSlide,RageFist|Adamant||F|||50|]Maushold||WideLens|Technician|BeatUp,PopulationBomb,Protect,FollowMe|Jolly|||||50|]Dragapult||LifeOrb|ClearBody|Protect,DracoMeteor,ShadowBall,Flamethrower|Timid||F|||50|]Vivillon-Pokeball||FocusSash|CompoundEyes|Tailwind,SleepPowder,Hurricane,RagePowder|Timid||M|||50|]Floette-Eternal||Floettite|FlowerVeil|DazzlingGleam,Moonblast,Protect,DrainingKiss|Timid||F|||50|]Metagross||ChoiceScarf|ClearBody|PsychicFangs,IcePunch,IronHead,BrickBreak|Jolly|||||50|
|inactive|Battle timer is ON: inactive players will automatically lose when time's up. (requested by isamino)
|inactive|Chelicerate1 also wants the timer to be on.
|inactive|Chelicerate1 has 60 seconds left.
|inactive|isamino has 60 seconds left.
|
|t:|1784438888
|teamsize|p1|4
|teamsize|p2|4
|start
|switch|p1a: Charizard|Charizard, L50, F|100/100
|switch|p1b: Grimmsnarl|Grimmsnarl, L50, M|100/100
|switch|p2a: Vivillon|Vivillon-Pokeball, L50, M|100/100
|switch|p2b: Maushold|Maushold, L50|100/100
|turn|1
|
|t:|1784438902
|detailschange|p1a: Charizard|Charizard-Mega-Y, L50, F
|-mega|p1a: Charizard|Charizard|Charizardite Y
|-weather|SunnyDay|[from] ability: Drought|[of] p1a: Charizard
|move|p2b: Maushold|Population Bomb|p1a: Charizard
|-damage|p1a: Charizard|89/100
|-damage|p1a: Charizard|77/100
|-damage|p1a: Charizard|65/100
|-damage|p1a: Charizard|54/100
|-damage|p1a: Charizard|44/100
|-damage|p1a: Charizard|32/100
|-damage|p1a: Charizard|21/100
|-damage|p1a: Charizard|9/100
|-damage|p1a: Charizard|0 fnt
|faint|p1a: Charizard
|-hitcount|p1: Charizard|9
|move|p2a: Vivillon|Sleep Powder|p1b: Grimmsnarl
|-status|p1b: Grimmsnarl|slp|[from] move: Sleep Powder
|cant|p1b: Grimmsnarl|slp
|
|-weather|SunnyDay|[upkeep]
|upkeep
|inactive|Chelicerate1 has 30 seconds left.
|inactive|Chelicerate1 has 20 seconds left.
|inactive|Chelicerate1 has 15 seconds left.
|inactive|Chelicerate1 has 10 seconds left.
|
|t:|1784438951
|switch|p1a: Pelipper|Pelipper, L50, M|100/100
|-weather|RainDance|[from] ability: Drizzle|[of] p1a: Pelipper
|turn|2
|
|t:|1784438965
|switch|p2b: Floette|Floette-Eternal, L50, F|100/100
|switch|p1a: Archaludon|Archaludon, L50, M|100/100
|-curestatus|p1b: Grimmsnarl|slp|[msg]
|move|p1b: Grimmsnarl|Reflect|p1b: Grimmsnarl
|-sidestart|p1: Chelicerate1|Reflect
|move|p2a: Vivillon|Sleep Powder|p1a: Archaludon
|-status|p1a: Archaludon|slp|[from] move: Sleep Powder
|
|-weather|RainDance|[upkeep]
|upkeep
|turn|3
|
|t:|1784438985
|detailschange|p2b: Floette|Floette-Mega, L50, F
|-mega|p2b: Floette|Floette|Floettite
|-ability|p2b: Floette|Fairy Aura
|move|p1b: Grimmsnarl|Light Screen|p1b: Grimmsnarl
|-sidestart|p1: Chelicerate1|move: Light Screen
|move|p2b: Floette|Dazzling Gleam|p1a: Archaludon|[spread] p1a,p1b
|-supereffective|p1b: Grimmsnarl|1
|-damage|p1a: Archaludon|71/100 slp
|-damage|p1b: Grimmsnarl|48/100
|-ability|p1a: Archaludon|Stamina|boost
|-boost|p1a: Archaludon|def|1
|move|p2a: Vivillon|Sleep Powder|p1b: Grimmsnarl
|-status|p1b: Grimmsnarl|slp|[from] move: Sleep Powder
|cant|p1a: Archaludon|slp
|
|-weather|RainDance|[upkeep]
|-heal|p1a: Archaludon|77/100 slp|[from] item: Leftovers
|upkeep
|turn|4
|inactive|Chelicerate1 has 30 seconds left.
|
|t:|1784439016
|move|p2a: Vivillon|Rage Powder|p2a: Vivillon
|-singleturn|p2a: Vivillon|move: Rage Powder
|cant|p1b: Grimmsnarl|slp
|move|p2b: Floette|Moonblast|p1a: Archaludon
|-damage|p1a: Archaludon|30/100 slp
|-ability|p1a: Archaludon|Stamina|boost
|-boost|p1a: Archaludon|def|1
|cant|p1a: Archaludon|slp
|
|-weather|RainDance|[upkeep]
|-heal|p1a: Archaludon|37/100 slp|[from] item: Leftovers
|upkeep
|turn|5
|
|t:|1784439036
|-curestatus|p1a: Archaludon|slp|[msg]
|move|p1a: Archaludon|Protect|p1a: Archaludon
|-singleturn|p1a: Archaludon|Protect
|move|p2b: Floette|Dazzling Gleam|p1b: Grimmsnarl|[spread] p1b
|-activate|p1a: Archaludon|move: Protect
|-supereffective|p1b: Grimmsnarl|1
|-damage|p1b: Grimmsnarl|0 fnt
|faint|p1b: Grimmsnarl
|move|p2a: Vivillon|Tailwind|p2a: Vivillon
|-sidestart|p2: isamino|move: Tailwind
|
|-weather|RainDance|[upkeep]
|-heal|p1a: Archaludon|43/100|[from] item: Leftovers
|upkeep
|
|t:|1784439040
|switch|p1b: Pelipper|Pelipper, L50, M|100/100
|turn|6
|
|t:|1784439049
|move|p2b: Floette|Dazzling Gleam|p1a: Archaludon|[spread] p1a,p1b
|-damage|p1a: Archaludon|13/100
|-damage|p1b: Pelipper|54/100
|-ability|p1a: Archaludon|Stamina|boost
|-boost|p1a: Archaludon|def|1
|move|p2a: Vivillon|Sleep Powder|p1a: Archaludon
|-status|p1a: Archaludon|slp|[from] move: Sleep Powder
|cant|p1a: Archaludon|slp
|move|p1b: Pelipper|Tailwind|p1b: Pelipper
|-sidestart|p1: Chelicerate1|move: Tailwind
|
|-weather|none
|-heal|p1a: Archaludon|19/100 slp|[from] item: Leftovers
|upkeep
|turn|7
|
|t:|1784439067
|move|p2b: Floette|Dazzling Gleam|p1a: Archaludon|[spread] p1a,p1b
|-damage|p1a: Archaludon|0 fnt
|-damage|p1b: Pelipper|12/100
|-enditem|p1b: Pelipper|Sitrus Berry|[eat]
|-heal|p1b: Pelipper|37/100|[from] item: Sitrus Berry
|faint|p1a: Archaludon
|move|p2a: Vivillon|Hurricane|p1b: Pelipper
|-crit|p1b: Pelipper
|-damage|p1b: Pelipper|0 fnt
|faint|p1b: Pelipper
|
|win|isamino
