|j|☆lowk mate
|j|☆denaby
|html|lowk matedenaby    
|uhtml|bestof|Game 3 of a best-of-3
|t:|1782498651
|gametype|doubles
|player|p1|lowk mate|2|
|player|p2|denaby|sage|
|gen|9
|tier|[Gen 9 Champions] VGC 2026 Reg M-B (Bo3)
|rule|Species Clause: Limit one of each Pokémon
|rule|Item Clause: Limit 1 of each item
|clearpoke
|poke|p1|Whimsicott, L50, F|
|poke|p1|Charizard, L50, M|
|poke|p1|Floette-Eternal, L50, F|
|poke|p1|Basculegion, L50, M|
|poke|p1|Kingambit, L50, M|
|poke|p1|Garchomp, L50, M|
|poke|p2|Charizard, L50, F|
|poke|p2|Whimsicott, L50, M|
|poke|p2|Metagross, L50|
|poke|p2|Garchomp, L50, F|
|poke|p2|Kingambit, L50, M|
|poke|p2|Sylveon, L50, M|
|teampreview|4
|showteam|p1|Whimsicott||FocusSash|Prankster|Moonblast,Encore,Tailwind,Protect|Timid||F|||50|]Charizard||CharizarditeY|Blaze|HeatWave,SolarBeam,WeatherBall,Protect|Modest||M|||50|]Floette-Eternal||Floettite|FlowerVeil|LightofRuin,Moonblast,DazzlingGleam,Protect|Timid||F|||50|]Basculegion||MysticWater|Adaptability|LastRespects,AquaJet,WaveCrash,Protect|Adamant||M|||50|]Kingambit||BlackGlasses|Defiant|KowtowCleave,IronHead,SuckerPunch,Protect|Adamant||M|||50|]Garchomp||LifeOrb|RoughSkin|DragonClaw,Earthquake,RockSlide,Protect|Jolly||M|||50|
|showteam|p2|Charizard||CharizarditeY|Blaze|WeatherBall,HeatWave,SolarBeam,Protect|Modest||F|||50|]Whimsicott||MentalHerb|Prankster|Moonblast,Tailwind,Encore,Protect|Timid||M|||50|]Metagross||Metagrossite|ClearBody|IronHead,PsychicFangs,BodyPress,Protect|Jolly|||||50|]Garchomp||LifeOrb|RoughSkin|DragonClaw,StompingTantrum,RockTomb,Protect|Jolly||F|||50|]Kingambit||FocusSash|Defiant|SuckerPunch,KowtowCleave,IronHead,LowKick|Adamant||M|||50|]Sylveon||FairyFeather|Pixilate|QuickAttack,HyperBeam,HyperVoice,Detect|Modest||M|||50|
|c|☆denaby|gl
|c|☆lowk mate|gl
|
|t:|1782498708
|teamsize|p1|4
|teamsize|p2|4
|start
|switch|p1a: Whimsicott|Whimsicott, L50, F|100/100
|switch|p1b: Charizard|Charizard, L50, M|100/100
|switch|p2a: Whimsicott|Whimsicott, L50, M|100/100
|switch|p2b: Kingambit|Kingambit, L50, M|100/100
|turn|1
|
|t:|1782498726
|detailschange|p1b: Charizard|Charizard-Mega-Y, L50, M
|-mega|p1b: Charizard|Charizard|Charizardite Y
|-weather|SunnyDay|[from] ability: Drought|[of] p1b: Charizard
|move|p2a: Whimsicott|Tailwind|p2a: Whimsicott
|-sidestart|p2: denaby|move: Tailwind
|move|p2b: Kingambit|Kowtow Cleave|p1b: Charizard
|-damage|p1b: Charizard|52/100
|move|p1a: Whimsicott|Moonblast|p2b: Kingambit
|-damage|p2b: Kingambit|60/100
|move|p1b: Charizard|Heat Wave|p2b: Kingambit|[spread] p2a
|-miss|p1b: Charizard|p2b: Kingambit
|-supereffective|p2a: Whimsicott|1
|-damage|p2a: Whimsicott|0 fnt
|faint|p2a: Whimsicott
|
|-weather|SunnyDay|[upkeep]
|upkeep
|
|t:|1782498748
|switch|p2a: Garchomp|Garchomp, L50, F|100/100
|turn|2
|
|t:|1782498779
|switch|p1b: Garchomp|Garchomp, L50, M|100/100
|move|p1a: Whimsicott|Tailwind|p1a: Whimsicott
|-sidestart|p1: lowk mate|move: Tailwind
|move|p2a: Garchomp|Dragon Claw|p1b: Garchomp
|-supereffective|p1b: Garchomp|1
|-damage|p1b: Garchomp|0 fnt
|-damage|p2a: Garchomp|87/100|[from] ability: Rough Skin|[of] p1b: Garchomp
|faint|p1b: Garchomp
|-damage|p2a: Garchomp|78/100|[from] item: Life Orb
|move|p2b: Kingambit|Iron Head|p1a: Whimsicott
|-supereffective|p1a: Whimsicott|1
|-crit|p1a: Whimsicott
|-enditem|p1a: Whimsicott|Focus Sash
|-damage|p1a: Whimsicott|1/100
|
|-weather|SunnyDay|[upkeep]
|upkeep
|
|t:|1782498824
|switch|p1b: Basculegion|Basculegion, L50, M|100/100
|turn|3
|
|t:|1782498874
|switch|p1b: Charizard|Charizard-Mega-Y, L50, M|52/100
|move|p2b: Kingambit|Sucker Punch|p1a: Whimsicott
|-resisted|p1a: Whimsicott|1
|-damage|p1a: Whimsicott|0 fnt
|faint|p1a: Whimsicott
|move|p2a: Garchomp|Dragon Claw|p1b: Charizard
|-damage|p1b: Charizard|4/100
|-damage|p2a: Garchomp|68/100|[from] item: Life Orb
|
|-weather|SunnyDay|[upkeep]
|upkeep
|
|t:|1782498877
|switch|p1a: Basculegion|Basculegion, L50, M|100/100
|turn|4
|
|t:|1782498900
|move|p1b: Charizard|Protect|p1b: Charizard
|-singleturn|p1b: Charizard|Protect
|move|p2b: Kingambit|Sucker Punch||[still]
|-fail|p2b: Kingambit
|move|p2a: Garchomp|Dragon Claw|p1a: Basculegion
|-crit|p1a: Basculegion
|-damage|p1a: Basculegion|32/100
|-damage|p2a: Garchomp|59/100|[from] item: Life Orb
|move|p1a: Basculegion|Last Respects|p2a: Garchomp
|-damage|p2a: Garchomp|0 fnt
|faint|p2a: Garchomp
|
|-weather|SunnyDay|[upkeep]
|-sideend|p2: denaby|move: Tailwind
|upkeep
|
|t:|1782498912
|switch|p2a: Metagross|Metagross, L50|100/100
|turn|5
|
|t:|1782498935
|move|p1b: Charizard|Protect|p1b: Charizard
|-singleturn|p1b: Charizard|Protect
|move|p2a: Metagross|Protect|p2a: Metagross
|-singleturn|p2a: Metagross|Protect
|move|p2b: Kingambit|Sucker Punch||[still]
|-fail|p2b: Kingambit
|move|p1a: Basculegion|Last Respects|p2b: Kingambit
|-resisted|p2b: Kingambit|1
|-damage|p2b: Kingambit|19/100
|
|-weather|none
|-sideend|p1: lowk mate|move: Tailwind
|upkeep
|turn|6
|
|t:|1782498959
|detailschange|p2a: Metagross|Metagross-Mega, L50
|-mega|p2a: Metagross|Metagross|Metagrossite
|move|p2b: Kingambit|Sucker Punch|p1b: Charizard
|-damage|p1b: Charizard|0 fnt
|faint|p1b: Charizard
|move|p2a: Metagross|Psychic Fangs|p1a: Basculegion
|-damage|p1a: Basculegion|0 fnt
|faint|p1a: Basculegion
|
|win|denaby
|c|☆lowk mate|ggs
|c|☆denaby|ggs
|c|☆lowk mate|pasas tu?
|c|☆denaby|okey
|l|☆lowk mate
|player|p1|
|j|☆lowk mate
|player|p1|lowk mate|2|
