|j|☆ironstandseternal
|j|☆Mario3x
|html|ironstandseternalMario3x    
|uhtml|bestof|Game 2 of a best-of-3
|t:|1757937834
|gametype|doubles
|player|p1|ironstandseternal|flint|1248
|player|p2|Mario3x|169|1329
|gen|9
|tier|[Gen 9] VGC 2025 Reg H (Bo3)
|rated|
|rule|Species Clause: Limit one of each Pokémon
|rule|Item Clause: Limit 1 of each item
|clearpoke
|poke|p1|Amoonguss, L50, M|
|poke|p1|Incineroar, L50, F|
|poke|p1|Archaludon, L50, F|
|poke|p1|Pelipper, L50, M|
|poke|p1|Gholdengo, L50|
|poke|p1|Basculegion, L50, M|
|poke|p2|Whimsicott, L50, F|
|poke|p2|Ursaluna-Bloodmoon, L50, M|
|poke|p2|Annihilape, L50, M|
|poke|p2|Incineroar, L50, M|
|poke|p2|Charizard, L50, M|
|poke|p2|Rillaboom, L50, M|
|teampreview|4
|showteam|p1|Amoonguss||SitrusBerry|Regenerator|PollenPuff,Spore,RagePowder,Protect|||M|||50|,,,,,Psychic]Incineroar||SafetyGoggles|Intimidate|FlareBlitz,KnockOff,PartingShot,FakeOut|||F|||50|,,,,,Water]Archaludon||AssaultVest|Stamina|FlashCannon,DracoMeteor,ElectroShot,BodyPress|||F|||50|,,,,,Fighting]Pelipper||FocusSash|Drizzle|WeatherBall,Hurricane,Tailwind,Protect|||M|||50|,,,,,Ghost]Gholdengo||LifeOrb|GoodasGold|MakeItRain,ShadowBall,NastyPlot,Protect||||||50|,,,,,Flying]Basculegion||ChoiceBand|SwiftSwim|WaveCrash,LastRespects,FlipTurn,AquaJet|||M|||50|,,,,,Water
|showteam|p2|Whimsicott||CovertCloak|Prankster|Moonblast,Tailwind,Encore,SunnyDay|||F|||50|,,,,,Ghost]Ursaluna-Bloodmoon||LifeOrb|MindsEye|BloodMoon,HyperVoice,EarthPower,Protect|||M|||50|,,,,,Poison]Annihilape||Leftovers|Defiant|DrainPunch,RageFist,BulkUp,Protect|||M|||50|,,,,,Water]Incineroar||SafetyGoggles|Intimidate|FakeOut,FlareBlitz,KnockOff,PartingShot|||M|||50|,,,,,Ghost]Charizard||ChoiceSpecs|SolarPower|HeatWave,Overheat,AirSlash,DragonPulse|||M|||50|,,,,,Ghost]Rillaboom||AssaultVest|GrassySurge|FakeOut,WoodHammer,HighHorsepower,GrassyGlide|||M|||50|,,,,,Water
|inactive|Battle timer is ON: inactive players will automatically lose when time's up. (requested by Mario3x)
|
|t:|1757937908
|teamsize|p1|4
|teamsize|p2|4
|start
|switch|p1a: Gholdengo|Gholdengo, L50|100/100
|switch|p1b: Amoonguss|Amoonguss, L50, M|100/100
|switch|p2a: Whimsicott|Whimsicott, L50, F|100/100
|switch|p2b: Charizard|Charizard, L50, M, shiny|100/100
|turn|1
|inactive|ironstandseternal has 30 seconds left.
|inactive|ironstandseternal has 20 seconds left.
|
|t:|1757937945
|move|p1a: Gholdengo|Protect|p1a: Gholdengo
|-singleturn|p1a: Gholdengo|Protect
|move|p1b: Amoonguss|Protect|p1b: Amoonguss
|-singleturn|p1b: Amoonguss|Protect
|move|p2a: Whimsicott|Sunny Day|p2a: Whimsicott
|-weather|SunnyDay
|move|p2b: Charizard|Heat Wave|p1a: Gholdengo|[spread] 
|-activate|p1a: Gholdengo|move: Protect
|-activate|p1b: Amoonguss|move: Protect
|
|-weather|SunnyDay|[upkeep]
|-damage|p2b: Charizard|88/100|[from] ability: Solar Power|[of] p2b: Charizard
|upkeep
|turn|2
|inactive|ironstandseternal has 30 seconds left.
|
|t:|1757937977
|switch|p1a: Pelipper|Pelipper, L50, M|100/100
|-weather|RainDance|[from] ability: Drizzle|[of] p1a: Pelipper
|-terastallize|p1b: Amoonguss|Psychic
|move|p2a: Whimsicott|Sunny Day|p2a: Whimsicott
|-weather|SunnyDay
|move|p2b: Charizard|Heat Wave|p1b: Amoonguss|[spread] p1a
|-miss|p2b: Charizard|p1b: Amoonguss
|-resisted|p1a: Pelipper
|-damage|p1a: Pelipper|7/100
|-status|p1a: Pelipper|brn
|move|p1b: Amoonguss|Spore|p2b: Charizard
|-status|p2b: Charizard|slp|[from] move: Spore
|
|-weather|SunnyDay|[upkeep]
|-damage|p2b: Charizard|76/100 slp|[from] ability: Solar Power|[of] p2b: Charizard
|-damage|p1a: Pelipper|1/100 brn|[from] brn
|upkeep
|turn|3
|inactive|ironstandseternal has 30 seconds left.
|inactive|Mario3x has 30 seconds left.
|inactive|ironstandseternal has 20 seconds left.
|inactive|Mario3x has 20 seconds left.
|
|t:|1757938017
|switch|p1a: Basculegion|Basculegion, L50, M|100/100
|switch|p1b: Gholdengo|Gholdengo, L50|100/100
|move|p2a: Whimsicott|Moonblast|p1a: Basculegion
|-damage|p1a: Basculegion|63/100
|cant|p2b: Charizard|slp
|
|-weather|SunnyDay|[upkeep]
|-damage|p2b: Charizard|63/100 slp|[from] ability: Solar Power|[of] p2b: Charizard
|upkeep
|turn|4
|
|t:|1757938035
|move|p2a: Whimsicott|Sunny Day||[still]
|-fail|p2a: Whimsicott
|cant|p2b: Charizard|slp
|move|p1b: Gholdengo|Make It Rain|p2b: Charizard|[spread] p2a,p2b
|-supereffective|p2a: Whimsicott
|-resisted|p2b: Charizard
|-damage|p2a: Whimsicott|0 fnt
|-damage|p2b: Charizard|27/100 slp
|-unboost|p1b: Gholdengo|spa|1
|faint|p2a: Whimsicott
|-damage|p1b: Gholdengo|91/100|[from] item: Life Orb
|move|p1a: Basculegion|Flip Turn|p2b: Charizard
|-supereffective|p2b: Charizard
|-damage|p2b: Charizard|0 fnt
|faint|p2b: Charizard
|
|t:|1757938052
|switch|p1a: Pelipper|Pelipper, L50, M|1/100 brn|[from] Flip Turn
|-weather|RainDance|[from] ability: Drizzle|[of] p1a: Pelipper
|
|-weather|RainDance|[upkeep]
|-damage|p1a: Pelipper|0 fnt|[from] brn
|faint|p1a: Pelipper
|upkeep
|
|t:|1757938065
|switch|p2a: Rillaboom|Rillaboom, L50, M|100/100
|switch|p2b: Annihilape|Annihilape, L50, M|100/100
|switch|p1a: Basculegion|Basculegion, L50, M|63/100
|-fieldstart|move: Grassy Terrain|[from] ability: Grassy Surge|[of] p2a: Rillaboom
|turn|5
|inactive|ironstandseternal has 30 seconds left.
|
|t:|1757938095
|switch|p1a: Amoonguss|Amoonguss, L50, M, tera:Psychic|100/100
|-terastallize|p2b: Annihilape|Water
|move|p2b: Annihilape|Bulk Up|p2b: Annihilape
|-boost|p2b: Annihilape|atk|1
|-boost|p2b: Annihilape|def|1
|move|p1b: Gholdengo|Nasty Plot|p1b: Gholdengo
|-boost|p1b: Gholdengo|spa|2
|move|p2a: Rillaboom|High Horsepower|p1b: Gholdengo
|-supereffective|p1b: Gholdengo
|-crit|p1b: Gholdengo
|-damage|p1b: Gholdengo|0 fnt
|faint|p1b: Gholdengo
|
|-weather|RainDance|[upkeep]
|upkeep
|
|t:|1757938100
|switch|p1b: Basculegion|Basculegion, L50, M|63/100
|turn|6
|inactive|ironstandseternal has 30 seconds left.
|
|t:|1757938130
|move|p1a: Amoonguss|Rage Powder|p1a: Amoonguss
|-singleturn|p1a: Amoonguss|move: Rage Powder
|move|p2a: Rillaboom|Grassy Glide|p1b: Basculegion
|-supereffective|p1b: Basculegion
|-damage|p1b: Basculegion|0 fnt
|faint|p1b: Basculegion
|move|p2b: Annihilape|Rage Fist|p1a: Amoonguss
|-supereffective|p1a: Amoonguss
|-damage|p1a: Amoonguss|48/100
|-enditem|p1a: Amoonguss|Sitrus Berry|[eat]
|-heal|p1a: Amoonguss|73/100|[from] item: Sitrus Berry
|
|-weather|RainDance|[upkeep]
|-heal|p1a: Amoonguss|79/100|[from] Grassy Terrain
|upkeep
|turn|7
|-message|ironstandseternal forfeited.
|
|win|Mario3x
|raw|ironstandseternal's rating: 1248 → 1229(-19 for losing)
|raw|Mario3x's rating: 1329 → 1344(+15 for winning)
|l|☆Mario3x
|player|p2|
