|j|☆Redg7y
|j|☆lolgz
|html|Redg7ylolgz    
|uhtml|bestof|Game 2 of a best-of-3
|t:|1784035840
|gametype|doubles
|player|p1|Redg7y|yellow|1056
|player|p2|lolgz|dawn|1140
|gen|9
|tier|[Gen 9 Champions] VGC 2026 Reg M-B (Bo3)
|rated|
|rule|Species Clause: Limit one of each Pokémon
|rule|Item Clause: Limit 1 of each item
|clearpoke
|poke|p1|Staraptor, L50, M|
|poke|p1|Raichu, L50, F|
|poke|p1|Incineroar, L50, F|
|poke|p1|Torkoal, L50, M|
|poke|p1|Zoroark-Hisui, L50, M|
|poke|p1|Starmie, L50|
|poke|p2|Delphox, L50, M|
|poke|p2|Incineroar, L50, F|
|poke|p2|Vivillon, L50, F|
|poke|p2|Sinistcha, L50|
|poke|p2|Blastoise, L50, F|
|poke|p2|Maushold, L50|
|teampreview|4
|showteam|p1|Staraptor||Staraptite|Intimidate|CloseCombat,BraveBird,BlazeKick,Protect|Jolly||M|||50|]Raichu||RaichuniteY|LightningRod|Thunderbolt,Dig,Tickle,ZapCannon|Timid||F|||50|]Incineroar||ChopleBerry|Intimidate|FakeOut,FlareBlitz,DarkestLariat,PartingShot|Careful||F|||50|]Torkoal||Leftovers|Drought|HeatWave,EarthPower,SolarBeam,SunnyDay|Bold||M|||50|]Zoroark-Hisui||FocusSash|Illusion|BitterMalice,BodySlam,Flamethrower,NastyPlot|Lonely||M|||50|]Starmie||LifeOrb|Illuminate|Scald,PowerGem,IceBeam,RapidSpin|Timid|||||50|
|showteam|p2|Delphox||Delphoxite|Blaze|HeatWave,Psychic,NastyPlot,Protect|Timid||M|||50|]Incineroar||SitrusBerry|Intimidate|FakeOut,PartingShot,FlareBlitz,ThroatChop|Impish||F|||50|]Vivillon||ChoiceScarf|CompoundEyes|SleepPowder,Hurricane,RagePowder,Tailwind|Timid||F|||50|]Sinistcha||KasibBerry|Hospitality|MatchaGotcha,RagePowder,Protect,TrickRoom|Bold|||||50|]Blastoise||Blastoisinite|RainDish|Protect,WaterSpout,DarkPulse,ShellSmash|Modest||F|||50|]Maushold||FocusSash|FriendGuard|FollowMe,Protect,SuperFang,HelpingHand|Jolly|||||50|
|inactive|Battle timer is ON: inactive players will automatically lose when time's up. (requested by lolgz)
|
|t:|1784035870
|teamsize|p1|4
|teamsize|p2|4
|start
|switch|p1a: Incineroar|Incineroar, L50, F|100/100
|switch|p1b: Raichu|Raichu, L50, F|100/100
|switch|p2a: Vivillon|Vivillon, L50, F|100/100
|switch|p2b: Delphox|Delphox, L50, M|100/100
|-ability|p1a: Incineroar|Intimidate|boost
|-unboost|p2a: Vivillon|atk|1
|-unboost|p2b: Delphox|atk|1
|turn|1
|
|t:|1784035890
|detailschange|p2b: Delphox|Delphox-Mega, L50, M
|-mega|p2b: Delphox|Delphox|Delphoxite
|move|p2b: Delphox|Protect|p2b: Delphox
|-singleturn|p2b: Delphox|Protect
|move|p2a: Vivillon|Sleep Powder|p1b: Raichu
|-status|p1b: Raichu|slp|[from] move: Sleep Powder
|cant|p1b: Raichu|slp
|move|p1a: Incineroar|Flare Blitz|p2a: Vivillon
|-supereffective|p2a: Vivillon|1
|-damage|p2a: Vivillon|0 fnt
|faint|p2a: Vivillon
|-damage|p1a: Incineroar|74/100|[from] Recoil
|
|upkeep
|
|t:|1784035902
|switch|p2a: Blastoise|Blastoise, L50, F|100/100
|turn|2
|
|t:|1784035919
|move|p2b: Delphox|Heat Wave|p1b: Raichu|[spread] p1a,p1b
|-resisted|p1a: Incineroar|1
|-damage|p1a: Incineroar|57/100
|-damage|p1b: Raichu|32/100 slp
|replace|p1b: Zoroark|Zoroark-Hisui, L50, M
|-end|p1b: Zoroark|Illusion
|cant|p1b: Zoroark|slp
|move|p2a: Blastoise|Shell Smash|p2a: Blastoise
|-unboost|p2a: Blastoise|def|1
|-unboost|p2a: Blastoise|spd|1
|-boost|p2a: Blastoise|atk|2
|-boost|p2a: Blastoise|spa|2
|-boost|p2a: Blastoise|spe|2
|move|p1a: Incineroar|Darkest Lariat|p2b: Delphox
|-supereffective|p2b: Delphox|1
|-damage|p2b: Delphox|3/100
|
|upkeep
|turn|3
|
|t:|1784035936
|switch|p2b: Incineroar|Incineroar, L50, F|100/100
|-ability|p2b: Incineroar|Intimidate|boost
|-unboost|p1a: Incineroar|atk|1
|-unboost|p1b: Zoroark|atk|1
|move|p2a: Blastoise|Water Spout|p1b: Zoroark|[spread] p1a,p1b
|-supereffective|p1a: Incineroar|1
|-crit|p1a: Incineroar
|-damage|p1a: Incineroar|0 fnt
|-damage|p1b: Zoroark|0 fnt
|faint|p1a: Incineroar
|faint|p1b: Zoroark
|
|upkeep
|
|t:|1784035946
|switch|p1b: Starmie|Starmie, L50|100/100
|switch|p1a: Raichu|Raichu, L50, F|100/100
|turn|4
|
|t:|1784035957
|detailschange|p1a: Raichu|Raichu-Mega-Y, L50, F
|-mega|p1a: Raichu|Raichu|Raichunite Y
|move|p2b: Incineroar|Fake Out|p1a: Raichu
|-damage|p1a: Raichu|75/100
|move|p2a: Blastoise|Dark Pulse|p1b: Starmie
|-supereffective|p1b: Starmie|1
|-damage|p1b: Starmie|0 fnt
|faint|p1b: Starmie
|cant|p1a: Raichu|flinch
|
|upkeep
|turn|5
|
|t:|1784035968
|move|p2a: Blastoise|Water Spout|p1a: Raichu
|-damage|p1a: Raichu|0 fnt
|faint|p1a: Raichu
|
|win|lolgz
|raw|Redg7y's rating: 1056 → 1042(-14 for losing)
|raw|lolgz's rating: 1140 → 1159(+19 for winning)
