|j|☆jeanryupr
|j|☆CulantroVGC
|html|jeanryuprCulantroVGC    
|uhtml|bestof|Game 1 of a best-of-3
|t:|1785979143
|gametype|doubles
|player|p1|jeanryupr|169|1168
|player|p2|CulantroVGC|169|1363
|gen|9
|tier|[Gen 9 Champions] VGC 2026 Reg M-B (Bo3)
|rated|
|rule|Species Clause: Limit one of each Pokémon
|rule|Item Clause: Limit 1 of each item
|clearpoke
|poke|p1|Charizard, L50, M|
|poke|p1|Whimsicott, L50, M|
|poke|p1|Floette-Eternal, L50, F|
|poke|p1|Basculegion, L50, M|
|poke|p1|Garchomp, L50, M|
|poke|p1|Kingambit, L50, F, shiny|
|poke|p2|Sneasler, L50, F|
|poke|p2|Sinistcha, L50|
|poke|p2|Azumarill, L50, M|
|poke|p2|Delphox, L50, M, shiny|
|poke|p2|Tyranitar, L50, M|
|poke|p2|Farigiraf, L50, M, shiny|
|teampreview|4
|showteam|p1|Charizard||CharizarditeY|Blaze|HeatWave,SolarBeam,WeatherBall,Protect|Modest||M|||50|]Whimsicott||FocusSash|Prankster|Moonblast,Encore,Tailwind,Protect|Timid||M|||50|]Floette-Eternal||Floettite|FlowerVeil|Moonblast,DazzlingGleam,LightofRuin,Protect|Modest||F|||50|]Basculegion||MysticWater|Adaptability|WaveCrash,AquaJet,LastRespects,Protect|Adamant||M|||50|]Garchomp||LifeOrb|RoughSkin|DragonClaw,Earthquake,RockSlide,Protect|Jolly||M|||50|]Kingambit||OccaBerry|Defiant|KowtowCleave,SuckerPunch,IronHead,Protect|Adamant||F|||50|
|showteam|p2|Sneasler||WhiteHerb|Unburden|CloseCombat,FakeOut,Protect,DireClaw|Jolly||F|||50|]Sinistcha||KasibBerry|Hospitality|MatchaGotcha,RagePowder,Protect,TrickRoom|Bold|||||50|]Azumarill||SitrusBerry|HugePower|AquaJet,BellyDrum,Protect,PlayRough|Adamant||M|||50|]Delphox||Delphoxite|Blaze|Psychic,HeatWave,NastyPlot,Protect|Timid||M|||50|]Tyranitar||Tyranitarite|SandStream|RockSlide,KnockOff,LowKick,Protect|Adamant||M|||50|]Farigiraf||ColburBerry|ArmorTail|FoulPlay,Psychic,HelpingHand,TrickRoom|Modest||M|||50|
|inactive|Battle timer is ON: inactive players will automatically lose when time's up. (requested by CulantroVGC)
|inactive|jeanryupr has 60 seconds left.
|
|t:|1785979183
|teamsize|p1|4
|teamsize|p2|4
|start
|switch|p1a: Whimsicott|Whimsicott, L50, M|100/100
|switch|p1b: Basculegion|Basculegion, L50, M|100/100
|switch|p2a: Azumarill|Azumarill, L50, M|100/100
|switch|p2b: Sneasler|Sneasler, L50, F|100/100
|turn|1
|
|t:|1785979204
|move|p1a: Whimsicott|Protect|p1a: Whimsicott
|-singleturn|p1a: Whimsicott|Protect
|move|p2a: Azumarill|Aqua Jet|p1a: Whimsicott
|-activate|p1a: Whimsicott|move: Protect
|move|p2b: Sneasler|Dire Claw|p1a: Whimsicott
|-activate|p1a: Whimsicott|move: Protect
|move|p1b: Basculegion|Last Respects|p2b: Sneasler
|-damage|p2b: Sneasler|43/100
|
|upkeep
|turn|2
|inactive|CulantroVGC has 30 seconds left.
|
|t:|1785979236
|move|p1a: Whimsicott|Tailwind|p1a: Whimsicott
|-sidestart|p1: jeanryupr|move: Tailwind
|move|p1b: Basculegion|Last Respects|p2b: Sneasler
|-damage|p2b: Sneasler|0 fnt
|faint|p2b: Sneasler
|move|p2a: Azumarill|Belly Drum|p2a: Azumarill
|-damage|p2a: Azumarill|50/100y
|-setboost|p2a: Azumarill|atk|6|[from] move: Belly Drum
|-enditem|p2a: Azumarill|Sitrus Berry|[eat]
|-heal|p2a: Azumarill|75/100|[from] item: Sitrus Berry
|
|upkeep
|
|t:|1785979248
|switch|p2b: Farigiraf|Farigiraf, L50, M, shiny|100/100
|turn|3
|
|t:|1785979264
|move|p2b: Farigiraf|Helping Hand|p2a: Azumarill
|-singleturn|p2a: Azumarill|Helping Hand|[of] p2b: Farigiraf
|move|p2a: Azumarill|Aqua Jet|p1b: Basculegion
|-resisted|p1b: Basculegion|1
|-damage|p1b: Basculegion|8/100
|move|p1a: Whimsicott|Moonblast|p2b: Farigiraf
|-damage|p2b: Farigiraf|69/100
|-unboost|p2b: Farigiraf|spa|1
|move|p1b: Basculegion|Wave Crash|p2b: Farigiraf
|-damage|p2b: Farigiraf|0 fnt
|faint|p2b: Farigiraf
|-damage|p1b: Basculegion|0 fnt|[from] Recoil
|faint|p1b: Basculegion
|
|upkeep
|
|t:|1785979277
|switch|p1b: Kingambit|Kingambit, L50, F, shiny|100/100
|switch|p2b: Sinistcha|Sinistcha, L50|100/100
|-heal|p2a: Azumarill|100/100|[from] ability: Hospitality|[of] p2b: Sinistcha
|turn|4
|
|t:|1785979301
|move|p2b: Sinistcha|Protect|p2b: Sinistcha
|-singleturn|p2b: Sinistcha|Protect
|move|p1a: Whimsicott|Encore|p2a: Azumarill
|-start|p2a: Azumarill|Encore
|move|p2a: Azumarill|Aqua Jet|p1b: Kingambit
|-damage|p1b: Kingambit|25/100
|move|p1b: Kingambit|Iron Head|p2a: Azumarill
|-damage|p2a: Azumarill|47/100
|
|upkeep
|turn|5
|
|t:|1785979317
|move|p1b: Kingambit|Protect|p1b: Kingambit
|-singleturn|p1b: Kingambit|Protect
|move|p1a: Whimsicott|Encore|p2b: Sinistcha
|-start|p2b: Sinistcha|Encore
|move|p2b: Sinistcha|Protect||[still]
|-fail|p2b: Sinistcha
|move|p2a: Azumarill|Aqua Jet|p1b: Kingambit
|-activate|p1b: Kingambit|move: Protect
|
|-sideend|p1: jeanryupr|move: Tailwind
|upkeep
|turn|6
|
|t:|1785979333
|move|p2b: Sinistcha|Protect|p2b: Sinistcha
|-singleturn|p2b: Sinistcha|Protect
|move|p2a: Azumarill|Aqua Jet|p1b: Kingambit
|-damage|p1b: Kingambit|0 fnt
|faint|p1b: Kingambit
|move|p1a: Whimsicott|Moonblast|p2a: Azumarill
|-damage|p2a: Azumarill|13/100
|
|-end|p2a: Azumarill|Encore
|upkeep
|
|t:|1785979346
|switch|p1b: Floette|Floette-Eternal, L50, F|100/100
|turn|7
|inactive|CulantroVGC has 30 seconds left.
|
|t:|1785979375
|move|p1b: Floette|Protect|p1b: Floette
|-singleturn|p1b: Floette|Protect
|move|p2b: Sinistcha|Protect||[still]
|-fail|p2b: Sinistcha
|move|p2a: Azumarill|Aqua Jet|p1b: Floette
|-activate|p1b: Floette|move: Protect
|move|p1a: Whimsicott|Moonblast|p2a: Azumarill
|-damage|p2a: Azumarill|0 fnt
|faint|p2a: Azumarill
|
|-end|p2b: Sinistcha|Encore
|upkeep
|turn|8
|-message|CulantroVGC forfeited.
|
|win|jeanryupr
