|j|☆JonnyNerd
|j|☆DeewompostYT
|html|JonnyNerdDeewompostYT    
|uhtml|bestof|Game 1 of a best-of-3
|t:|1785288218
|gametype|doubles
|player|p1|JonnyNerd|waiter-gen4dp|
|player|p2|DeewompostYT|guitarist|
|gen|9
|tier|[Gen 9 Champions] VGC 2026 Reg M-B (Bo3)
|rule|Species Clause: Limit one of each Pokémon
|rule|Item Clause: Limit 1 of each item
|clearpoke
|poke|p1|Mamoswine, L50, M|
|poke|p1|Basculegion, L50, M|
|poke|p1|Gardevoir, L50, F|
|poke|p1|Maushold-Four, L50|
|poke|p1|Talonflame, L50, M|
|poke|p1|Raichu, L50, F|
|poke|p2|Whimsicott, L50, F|
|poke|p2|Kommo-o, L50, F|
|poke|p2|Charizard, L50, M|
|poke|p2|Incineroar, L50, F|
|poke|p2|Sylveon, L50, M|
|poke|p2|Basculegion, L50, M|
|teampreview|4
|showteam|p1|Mamoswine||FocusSash|Oblivious|Protect,IceShard,RockTomb,Earthquake|Adamant||M|||50|]Basculegion||ChoiceScarf|Adaptability|LastRespects,WaveCrash,AquaJet,FlipTurn|Jolly||M|||50|]Gardevoir||Gardevoirite|Telepathy|Protect,Psyshock,HyperVoice,CalmMind|Modest||F|||50|]Maushold-Four||ChopleBerry|FriendGuard|Protect,SuperFang,Taunt,FollowMe|Impish|||||50|]Talonflame||SharpBeak|GaleWings|QuickGuard,Tailwind,BraveBird,FlareBlitz|Jolly||M|||50|]Raichu||RaichuniteY|LightningRod|Protect,FakeOut,ZapCannon,FocusBlast|Modest||F|||50|
|showteam|p2|Whimsicott||FocusSash|Prankster|Tailwind,Moonblast,Encore,Protect|Timid||F|||50|]Kommo-o||LifeOrb|Overcoat|ClangingScales,AuraSphere,VacuumWave,Protect|Modest||F|||50|]Charizard||CharizarditeY|Blaze|HeatWave,SolarBeam,WeatherBall,Protect|Modest||M|||50|]Incineroar||SitrusBerry|Intimidate|FakeOut,FlareBlitz,DarkestLariat,PartingShot|Adamant||F|||50|]Sylveon||FairyFeather|Pixilate|HyperVoice,HyperBeam,QuickAttack,Detect|Modest||M|||50|]Basculegion||MysticWater|SwiftSwim|WaveCrash,LastRespects,AquaJet,Protect|Adamant||M|||50|
|
|t:|1785288284
|teamsize|p1|4
|teamsize|p2|4
|start
|switch|p1a: Gardevoir|Gardevoir, L50, F|100/100
|switch|p1b: Talonflame|Talonflame, L50, M|100/100
|switch|p2a: Incineroar|Incineroar, L50, F|100/100
|switch|p2b: Sylveon|Sylveon, L50, M|100/100
|-ability|p2a: Incineroar|Intimidate|boost
|-unboost|p1a: Gardevoir|atk|1
|-unboost|p1b: Talonflame|atk|1
|turn|1
|
|t:|1785288300
|detailschange|p1a: Gardevoir|Gardevoir-Mega, L50, F
|-mega|p1a: Gardevoir|Gardevoir|Gardevoirite
|move|p1b: Talonflame|Quick Guard|p1b: Talonflame
|-singleturn|p1b: Talonflame|Quick Guard
|move|p1a: Gardevoir|Calm Mind|p1a: Gardevoir
|-boost|p1a: Gardevoir|spa|1
|-boost|p1a: Gardevoir|spd|1
|move|p2a: Incineroar|Flare Blitz|p1a: Gardevoir
|-damage|p1a: Gardevoir|36/100
|-damage|p2a: Incineroar|78/100|[from] Recoil
|move|p2b: Sylveon|Hyper Voice|p1b: Talonflame|[spread] p1a,p1b
|-resisted|p1b: Talonflame|1
|-damage|p1a: Gardevoir|10/100
|-damage|p1b: Talonflame|64/100
|
|upkeep
|turn|2
|
|t:|1785288345
|move|p2b: Sylveon|Quick Attack|p1a: Gardevoir
|-damage|p1a: Gardevoir|0 fnt
|faint|p1a: Gardevoir
|move|p1b: Talonflame|Tailwind|p1b: Talonflame
|-sidestart|p1: JonnyNerd|move: Tailwind
|move|p2a: Incineroar|Darkest Lariat|p1b: Talonflame
|-damage|p1b: Talonflame|10/100
|
|upkeep
|
|t:|1785288350
|switch|p1a: Mamoswine|Mamoswine, L50, M|100/100
|turn|3
|
|t:|1785288368
|switch|p2a: Whimsicott|Whimsicott, L50, F|100/100
|move|p1b: Talonflame|Flare Blitz|p2b: Sylveon
|-damage|p2b: Sylveon|60/100
|-damage|p1b: Talonflame|0 fnt|[from] Recoil
|faint|p1b: Talonflame
|move|p1a: Mamoswine|Earthquake|p2b: Sylveon|[spread] p2a,p2b
|-resisted|p2a: Whimsicott|1
|-crit|p2a: Whimsicott
|-damage|p2a: Whimsicott|67/100
|-damage|p2b: Sylveon|5/100
|move|p2b: Sylveon|Hyper Voice|p1a: Mamoswine
|-enditem|p1a: Mamoswine|Focus Sash
|-damage|p1a: Mamoswine|1/100
|
|upkeep
|
|t:|1785288377
|switch|p1b: Maushold|Maushold-Four, L50|100/100
|turn|4
|
|t:|1785288405
|switch|p2b: Incineroar|Incineroar, L50, F|78/100
|-ability|p2b: Incineroar|Intimidate|boost
|-fail|p1a: Mamoswine|unboost|Attack|[from] ability: Oblivious|[of] p1a: Mamoswine
|-unboost|p1b: Maushold|atk|1
|move|p2a: Whimsicott|Protect|p2a: Whimsicott
|-singleturn|p2a: Whimsicott|Protect
|move|p1b: Maushold|Follow Me|p1b: Maushold
|-singleturn|p1b: Maushold|move: Follow Me
|move|p1a: Mamoswine|Ice Shard|p2b: Incineroar
|-resisted|p2b: Incineroar|1
|-damage|p2b: Incineroar|64/100
|
|upkeep
|turn|5
|
|t:|1785288428
|move|p1a: Mamoswine|Protect|p1a: Mamoswine
|-singleturn|p1a: Mamoswine|Protect
|move|p2b: Incineroar|Fake Out|p1a: Mamoswine
|-activate|p1a: Mamoswine|move: Protect
|move|p1b: Maushold|Super Fang|p2a: Whimsicott
|-damage|p2a: Whimsicott|34/100
|move|p2a: Whimsicott|Moonblast|p1b: Maushold
|-crit|p1b: Maushold
|-damage|p1b: Maushold|53/100
|
|-sideend|p1: JonnyNerd|move: Tailwind
|upkeep
|turn|6
|
|t:|1785288440
|move|p1b: Maushold|Follow Me|p1b: Maushold
|-singleturn|p1b: Maushold|move: Follow Me
|move|p2a: Whimsicott|Tailwind|p2a: Whimsicott
|-sidestart|p2: DeewompostYT|move: Tailwind
|move|p1a: Mamoswine|Ice Shard|p2a: Whimsicott
|-supereffective|p2a: Whimsicott|1
|-damage|p2a: Whimsicott|0 fnt
|faint|p2a: Whimsicott
|move|p2b: Incineroar|Flare Blitz|p1b: Maushold
|-damage|p1b: Maushold|0 fnt
|faint|p1b: Maushold
|-damage|p2b: Incineroar|46/100|[from] Recoil
|-enditem|p2b: Incineroar|Sitrus Berry|[eat]
|-heal|p2b: Incineroar|71/100|[from] item: Sitrus Berry
|
|upkeep
|
|t:|1785288448
|switch|p2a: Sylveon|Sylveon, L50, M|5/100
|turn|7
|-message|JonnyNerd forfeited.
|
|win|DeewompostYT
|l|☆JonnyNerd
|player|p1|
||JonnyNerd is ready for game 2.
||DeewompostYT is ready for game 2.
|uhtml|next|Next: Game 2 of 3
