|j|☆ferchoxx
|j|☆BlazikenBoy33
|html|ferchoxxBlazikenBoy33    
|uhtml|bestof|Game 3 of a best-of-3
|t:|1785166641
|gametype|doubles
|player|p1|ferchoxx|ghetsis|1139
|player|p2|BlazikenBoy33|emmet|1102
|gen|9
|tier|[Gen 9 Champions] VGC 2026 Reg M-B (Bo3)
|rated|
|rule|Species Clause: Limit one of each Pokémon
|rule|Item Clause: Limit 1 of each item
|clearpoke
|poke|p1|Tyranitar, L50, F|
|poke|p1|Staraptor, L50, F|
|poke|p1|Excadrill, L50, M|
|poke|p1|Gholdengo, L50|
|poke|p1|Milotic, L50, F|
|poke|p1|Sinistcha, L50|
|poke|p2|Gyarados, L50, M|
|poke|p2|Blaziken, L50, M|
|poke|p2|Sinistcha, L50|
|poke|p2|Kommo-o, L50, F|
|poke|p2|Metagross, L50|
|poke|p2|Sylveon, L50, F|
|teampreview|4
|showteam|p1|Tyranitar||Tyranitarite|SandStream|RockSlide,KnockOff,HighHorsepower,Protect|Adamant||F|||50|]Staraptor||Staraptite|Intimidate|BraveBird,CloseCombat,Tailwind,Protect|Jolly||F|||50|]Excadrill||FocusSash|SandRush|HighHorsepower,IronHead,RockSlide,Protect|Jolly||M|||50|]Gholdengo||LifeOrb|GoodasGold|MakeItRain,ShadowBall,NastyPlot,Protect|Timid|||||50|]Milotic||SitrusBerry|Competitive|Protect,IceBeam,Scald,IcyWind|Bold||F|||50|]Sinistcha||ColburBerry|Hospitality|MatchaGotcha,RagePowder,TrickRoom,Protect|Bold|||||50|
|showteam|p2|Gyarados||Gyaradosite|Intimidate|Waterfall,LashOut,DragonDance,Protect|Adamant||M|||50|]Blaziken||FocusSash|SpeedBoost|RockTomb,Coaching,Detect,Overheat|Timid||M|||50|]Sinistcha||OccaBerry|Hospitality|MatchaGotcha,ShadowBall,LifeDew,RagePowder|Modest|||||50|]Kommo-o||SitrusBerry|Bulletproof|ClangorousSoul,ClangingScales,AuraSphere,Protect|Modest||F|||50|]Metagross||Metagrossite|ClearBody|IronHead,PsychicFangs,IcePunch,Protect|Jolly|||||50|]Sylveon||FairyFeather|Pixilate|HyperVoice,HyperBeam,QuickAttack,Detect|Modest||F|||50|
|inactive|Battle timer is ON: inactive players will automatically lose when time's up. (requested by ferchoxx)
|inactive|ferchoxx has 60 seconds left.
|inactive|BlazikenBoy33 has 60 seconds left.
|
|t:|1785166699
|teamsize|p1|4
|teamsize|p2|4
|start
|switch|p1a: Excadrill|Excadrill, L50, M|100/100
|switch|p1b: Gholdengo|Gholdengo, L50|100/100
|switch|p2a: Gyarados|Gyarados, L50, M|100/100
|switch|p2b: Sylveon|Sylveon, L50, F|100/100
|-ability|p2a: Gyarados|Intimidate|boost
|-unboost|p1a: Excadrill|atk|1
|-unboost|p1b: Gholdengo|atk|1
|turn|1
|inactive|ferchoxx has 30 seconds left.
|inactive|BlazikenBoy33 has 30 seconds left.
|
|t:|1785166732
|switch|p1b: Tyranitar|Tyranitar, L50, F|100/100
|-weather|Sandstorm|[from] ability: Sand Stream|[of] p1b: Tyranitar
|detailschange|p2a: Gyarados|Gyarados-Mega, L50, M
|-mega|p2a: Gyarados|Gyarados|Gyaradosite
|-ability|p2a: Gyarados|Mold Breaker
|move|p2b: Sylveon|Detect|p2b: Sylveon
|-singleturn|p2b: Sylveon|Protect
|move|p1a: Excadrill|Rock Slide|p2b: Sylveon|[spread] p2a
|-activate|p2b: Sylveon|move: Protect
|-damage|p2a: Gyarados|87/100
|cant|p2a: Gyarados|flinch
|
|-weather|Sandstorm|[upkeep]
|-damage|p2a: Gyarados|81/100|[from] Sandstorm
|-damage|p2b: Sylveon|94/100|[from] Sandstorm
|upkeep
|turn|2
|inactive|ferchoxx has 30 seconds left.
|inactive|BlazikenBoy33 has 30 seconds left.
|inactive|ferchoxx has 20 seconds left.
|
|t:|1785166771
|switch|p1a: Staraptor|Staraptor, L50, F|100/100
|-ability|p1a: Staraptor|Intimidate|boost
|-unboost|p2a: Gyarados|atk|1
|-unboost|p2b: Sylveon|atk|1
|detailschange|p1b: Tyranitar|Tyranitar-Mega, L50, F
|-mega|p1b: Tyranitar|Tyranitar|Tyranitarite
|move|p1b: Tyranitar|Protect|p1b: Tyranitar
|-singleturn|p1b: Tyranitar|Protect
|move|p2b: Sylveon|Quick Attack|p1a: Staraptor
|-damage|p1a: Staraptor|87/100
|move|p2a: Gyarados|Waterfall|p1a: Staraptor
|-damage|p1a: Staraptor|44/100
|
|-weather|Sandstorm|[upkeep]
|-damage|p1a: Staraptor|38/100|[from] Sandstorm
|-damage|p2a: Gyarados|75/100|[from] Sandstorm
|-damage|p2b: Sylveon|88/100|[from] Sandstorm
|upkeep
|turn|3
|inactive|ferchoxx has 30 seconds left.
|
|t:|1785166803
|switch|p2a: Sinistcha|Sinistcha, L50|100/100
|-heal|p2b: Sylveon|100/100|[from] ability: Hospitality|[of] p2a: Sinistcha
|move|p1a: Staraptor|Brave Bird|p2b: Sylveon
|-damage|p2b: Sylveon|35/100
|-damage|p1a: Staraptor|15/100|[from] Recoil
|move|p1b: Tyranitar|Rock Slide|p2b: Sylveon|[spread] 
|-miss|p1b: Tyranitar|p2a: Sinistcha
|-miss|p1b: Tyranitar|p2b: Sylveon
|move|p2b: Sylveon|Hyper Voice|p1b: Tyranitar|[spread] p1a,p1b
|-supereffective|p1b: Tyranitar|1
|-damage|p1a: Staraptor|0 fnt
|-damage|p1b: Tyranitar|48/100
|faint|p1a: Staraptor
|
|-weather|Sandstorm|[upkeep]
|-damage|p2a: Sinistcha|93/100|[from] Sandstorm
|-damage|p2b: Sylveon|29/100|[from] Sandstorm
|upkeep
|
|t:|1785166825
|switch|p1a: Gholdengo|Gholdengo, L50|100/100
|turn|4
|
|t:|1785166847
|switch|p2a: Gyarados|Gyarados-Mega, L50, M|75/100
|-ability|p2a: Gyarados|Mold Breaker
|move|p1a: Gholdengo|Shadow Ball|p2a: Gyarados
|-resisted|p2a: Gyarados|1
|-damage|p2a: Gyarados|55/100
|-damage|p1a: Gholdengo|90/100|[from] item: Life Orb
|move|p1b: Tyranitar|Rock Slide|p2a: Gyarados|[spread] p2a,p2b
|-damage|p2a: Gyarados|22/100
|-damage|p2b: Sylveon|0 fnt
|faint|p2b: Sylveon
|
|-weather|Sandstorm|[upkeep]
|-damage|p2a: Gyarados|16/100|[from] Sandstorm
|upkeep
|
|t:|1785166864
|switch|p2b: Blaziken|Blaziken, L50, M|100/100
|turn|5
|inactive|ferchoxx has 30 seconds left.
|
|t:|1785166897
|switch|p1b: Excadrill|Excadrill, L50, M|100/100
|move|p1a: Gholdengo|Protect|p1a: Gholdengo
|-singleturn|p1a: Gholdengo|Protect
|move|p2b: Blaziken|Detect|p2b: Blaziken
|-singleturn|p2b: Blaziken|Protect
|move|p2a: Gyarados|Protect||[still]
|-fail|p2a: Gyarados
|
|-weather|none
|-ability|p2b: Blaziken|Speed Boost|boost
|-boost|p2b: Blaziken|spe|1
|upkeep
|turn|6
|inactive|BlazikenBoy33 has 30 seconds left.
|
|t:|1785166924
|switch|p2b: Sinistcha|Sinistcha, L50|93/100
|-heal|p2a: Gyarados|41/100|[from] ability: Hospitality|[of] p2b: Sinistcha
|switch|p1a: Tyranitar|Tyranitar-Mega, L50, F|48/100
|-weather|Sandstorm|[from] ability: Sand Stream|[of] p1a: Tyranitar
|move|p1b: Excadrill|Rock Slide|p2a: Gyarados|[spread] p2a,p2b
|-damage|p2a: Gyarados|22/100
|-damage|p2b: Sinistcha|73/100
|move|p2a: Gyarados|Waterfall|p1b: Excadrill
|-supereffective|p1b: Excadrill|1
|-enditem|p1b: Excadrill|Focus Sash
|-damage|p1b: Excadrill|1/100
|
|-weather|Sandstorm|[upkeep]
|-damage|p2a: Gyarados|16/100|[from] Sandstorm
|-damage|p2b: Sinistcha|66/100|[from] Sandstorm
|upkeep
|turn|7
|inactive|BlazikenBoy33 has 30 seconds left.
|inactive|BlazikenBoy33 has 20 seconds left.
|inactive|BlazikenBoy33 has 15 seconds left.
|
|t:|1785166969
|move|p2b: Sinistcha|Rage Powder|p2b: Sinistcha
|-singleturn|p2b: Sinistcha|move: Rage Powder
|move|p1b: Excadrill|Rock Slide|p2b: Sinistcha|[spread] p2a,p2b
|-damage|p2a: Gyarados|0 fnt
|-damage|p2b: Sinistcha|47/100
|faint|p2a: Gyarados
|move|p1a: Tyranitar|Knock Off|p2b: Sinistcha
|-supereffective|p2b: Sinistcha|1
|-damage|p2b: Sinistcha|0 fnt
|-enditem|p2b: Sinistcha|Occa Berry|[from] move: Knock Off|[of] p1a: Tyranitar
|faint|p2b: Sinistcha
|
|-weather|Sandstorm|[upkeep]
|upkeep
|-message|BlazikenBoy33 forfeited.
|
|win|ferchoxx
|raw|ferchoxx's rating: 1139 → 1161(+22 for winning)
|raw|BlazikenBoy33's rating: 1102 → 1080(-22 for losing)
|l|☆BlazikenBoy33
|player|p2|
