|j|☆vuelve chusooo
|j|☆maxijuegas
|html|vuelve chusooomaxijuegas    
|uhtml|bestof|Game 2 of a best-of-3
|t:|1782411757
|gametype|doubles
|player|p1|vuelve chusooo|fisherman-gen4|1097
|player|p2|maxijuegas|#vgcwlzoruas|1184
|gen|9
|tier|[Gen 9 Champions] VGC 2026 Reg M-B (Bo3)
|rated|
|rule|Species Clause: Limit one of each Pokémon
|rule|Item Clause: Limit 1 of each item
|clearpoke
|poke|p1|Whimsicott, L50, M|
|poke|p1|Swampert, L50, F|
|poke|p1|Pelipper, L50, M|
|poke|p1|Archaludon, L50, M|
|poke|p1|Floette-Eternal, L50, F|
|poke|p1|Basculegion, L50, M|
|poke|p2|Charizard, L50, F|
|poke|p2|Garchomp, L50, M|
|poke|p2|Incineroar, L50, F|
|poke|p2|Grimmsnarl, L50, M|
|poke|p2|Basculegion, L50, M|
|poke|p2|Venusaur, L50, F|
|teampreview|4
|showteam|p1|Whimsicott||CobaBerry|Prankster|Moonblast,Tailwind,Encore,Protect|Bold||M|||50|]Swampert||Swampertite|Torrent|WaveCrash,Earthquake,IcePunch,Protect|Adamant||F|||50|]Pelipper||FocusSash|Drizzle|WeatherBall,Hurricane,Tailwind,Protect|Modest||M|||50|]Archaludon||Leftovers|Stamina|DracoMeteor,FlashCannon,ElectroShot,Protect|Modest||M|||50|]Floette-Eternal||Floettite|FlowerVeil|Moonblast,DazzlingGleam,LightofRuin,Protect|Modest||F|||50|]Basculegion||LifeOrb|Adaptability|Liquidation,LastRespects,AquaJet,Protect|Adamant||M|||50|
|showteam|p2|Charizard||CharizarditeY|Blaze|HeatWave,Protect,AncientPower,WeatherBall|Timid||F|||50|]Garchomp||LifeOrb|RoughSkin|Earthquake,StompingTantrum,DragonClaw,Protect|Jolly||M|||50|]Incineroar||SitrusBerry|Intimidate|FakeOut,DarkestLariat,PartingShot,FlareBlitz|Careful||F|||50|]Grimmsnarl||LightClay|Prankster|LightScreen,Reflect,SpiritBreak,FoulPlay|Careful||M|||50|]Basculegion||ChoiceScarf|Adaptability|WaveCrash,FlipTurn,AquaJet,LastRespects|Adamant||M|||50|]Venusaur||FocusSash|Chlorophyll|EarthPower,EnergyBall,SludgeBomb,SleepPowder|Modest||F|||50|
|inactive|Battle timer is ON: inactive players will automatically lose when time's up. (requested by maxijuegas)
|inactive|vuelve chusooo has 60 seconds left.
|inactive|vuelve chusooo has 30 seconds left.
|inactive|vuelve chusooo has 20 seconds left.
|inactive|vuelve chusooo has 15 seconds left.
|inactive|vuelve chusooo has 10 seconds left.
|
|t:|1782411879
|teamsize|p1|4
|teamsize|p2|4
|start
|switch|p1a: Archaludon|Archaludon, L50, M|100/100
|switch|p1b: Basculegion|Basculegion, L50, M|100/100
|switch|p2a: Basculegion|Basculegion, L50, M|100/100
|switch|p2b: Grimmsnarl|Grimmsnarl, L50, M|100/100
|turn|1
|
|t:|1782411904
|switch|p1b: Pelipper|Pelipper, L50, M|100/100
|-weather|RainDance|[from] ability: Drizzle|[of] p1b: Pelipper
|move|p2a: Basculegion|Flip Turn|p1a: Archaludon
|-resisted|p1a: Archaludon|1
|-damage|p1a: Archaludon|77/100
|-ability|p1a: Archaludon|Stamina|boost
|-boost|p1a: Archaludon|def|1
|
|t:|1782411914
|switch|p2a: Venusaur|Venusaur, L50, F|100/100|[from] Flip Turn
|move|p1a: Archaludon|Electro Shot||[still]
|-prepare|p1a: Archaludon|Electro Shot
|-boost|p1a: Archaludon|spa|1
|-anim|p1a: Archaludon|Electro Shot|p2a: Venusaur
|-resisted|p2a: Venusaur|1
|-damage|p2a: Venusaur|63/100
|move|p2b: Grimmsnarl|Foul Play|p1b: Pelipper
|-damage|p1b: Pelipper|79/100
|
|-weather|RainDance|[upkeep]
|-heal|p1a: Archaludon|83/100|[from] item: Leftovers
|upkeep
|turn|2
|inactive|vuelve chusooo has 30 seconds left.
|inactive|maxijuegas has 30 seconds left.
|inactive|vuelve chusooo has 20 seconds left.
|inactive|vuelve chusooo has 15 seconds left.
|
|t:|1782411954
|move|p2b: Grimmsnarl|Light Screen|p2b: Grimmsnarl
|-sidestart|p2: maxijuegas|move: Light Screen
|move|p2a: Venusaur|Sleep Powder|p1a: Archaludon|[miss]
|-miss|p2a: Venusaur|p1a: Archaludon
|move|p1a: Archaludon|Electro Shot||[still]
|-prepare|p1a: Archaludon|Electro Shot
|-boost|p1a: Archaludon|spa|1
|-anim|p1a: Archaludon|Electro Shot|p2a: Venusaur
|-resisted|p2a: Venusaur|1
|-damage|p2a: Venusaur|33/100
|move|p1b: Pelipper|Hurricane|p2a: Venusaur
|-supereffective|p2a: Venusaur|1
|-damage|p2a: Venusaur|0 fnt
|faint|p2a: Venusaur
|
|-weather|RainDance|[upkeep]
|-heal|p1a: Archaludon|89/100|[from] item: Leftovers
|upkeep
|
|t:|1782411967
|switch|p2a: Charizard|Charizard, L50, F|100/100
|turn|3
|inactive|vuelve chusooo has 30 seconds left.
|inactive|vuelve chusooo has 20 seconds left.
|inactive|vuelve chusooo has 15 seconds left.
|inactive|vuelve chusooo has 10 seconds left.
|
|t:|1782412013
|switch|p1b: Basculegion|Basculegion, L50, M|100/100
|detailschange|p2a: Charizard|Charizard-Mega-Y, L50, F
|-mega|p2a: Charizard|Charizard|Charizardite Y
|-weather|SunnyDay|[from] ability: Drought|[of] p2a: Charizard
|move|p1a: Archaludon|Protect|p1a: Archaludon
|-singleturn|p1a: Archaludon|Protect
|move|p2a: Charizard|Weather Ball|p1a: Archaludon
|-activate|p1a: Archaludon|move: Protect
|move|p2b: Grimmsnarl|Foul Play|p1b: Basculegion
|-supereffective|p1b: Basculegion|1
|-damage|p1b: Basculegion|0 fnt
|faint|p1b: Basculegion
|
|-weather|SunnyDay|[upkeep]
|-heal|p1a: Archaludon|95/100|[from] item: Leftovers
|upkeep
|
|t:|1782412028
|switch|p1b: Pelipper|Pelipper, L50, M|79/100
|-weather|RainDance|[from] ability: Drizzle|[of] p1b: Pelipper
|turn|4
|inactive|maxijuegas has 30 seconds left.
|inactive|maxijuegas has 20 seconds left.
|inactive|maxijuegas has 15 seconds left.
|
|t:|1782412072
|move|p2a: Charizard|Protect|p2a: Charizard
|-singleturn|p2a: Charizard|Protect
|move|p1a: Archaludon|Electro Shot||[still]
|-prepare|p1a: Archaludon|Electro Shot
|-boost|p1a: Archaludon|spa|1
|-anim|p1a: Archaludon|Electro Shot|p2a: Charizard
|-activate|p2a: Charizard|move: Protect
|move|p1b: Pelipper|Tailwind|p1b: Pelipper
|-sidestart|p1: vuelve chusooo|move: Tailwind
|move|p2b: Grimmsnarl|Spirit Break|p1b: Pelipper
|-damage|p1b: Pelipper|40/100
|-unboost|p1b: Pelipper|spa|1
|
|-weather|RainDance|[upkeep]
|-heal|p1a: Archaludon|100/100|[from] item: Leftovers
|upkeep
|turn|5
|inactive|vuelve chusooo has 30 seconds left.
|inactive|vuelve chusooo has 20 seconds left.
|
|t:|1782412111
|switch|p1b: Swampert|Swampert, L50, F|100/100
|switch|p2a: Basculegion|Basculegion, L50, M|100/100
|move|p1a: Archaludon|Electro Shot||[still]
|-prepare|p1a: Archaludon|Electro Shot
|-boost|p1a: Archaludon|spa|1
|-anim|p1a: Archaludon|Electro Shot|p2a: Basculegion
|-supereffective|p2a: Basculegion|1
|-damage|p2a: Basculegion|0 fnt
|faint|p2a: Basculegion
|move|p2b: Grimmsnarl|Spirit Break|p1b: Swampert
|-damage|p1b: Swampert|69/100
|-unboost|p1b: Swampert|spa|1
|
|-weather|RainDance|[upkeep]
|upkeep
|
|t:|1782412121
|switch|p2a: Charizard|Charizard-Mega-Y, L50, F|100/100
|-weather|SunnyDay|[from] ability: Drought|[of] p2a: Charizard
|turn|6
|
|t:|1782412146
|switch|p1b: Pelipper|Pelipper, L50, M|40/100
|-weather|RainDance|[from] ability: Drizzle|[of] p1b: Pelipper
|move|p2a: Charizard|Protect|p2a: Charizard
|-singleturn|p2a: Charizard|Protect
|move|p1a: Archaludon|Electro Shot||[still]
|-prepare|p1a: Archaludon|Electro Shot
|-boost|p1a: Archaludon|spa|1
|-anim|p1a: Archaludon|Electro Shot|p2a: Charizard
|-activate|p2a: Charizard|move: Protect
|move|p2b: Grimmsnarl|Spirit Break|p1a: Archaludon
|-damage|p1a: Archaludon|85/100
|-unboost|p1a: Archaludon|spa|1
|-ability|p1a: Archaludon|Stamina|boost
|-boost|p1a: Archaludon|def|1
|
|-weather|RainDance|[upkeep]
|-heal|p1a: Archaludon|91/100|[from] item: Leftovers
|upkeep
|turn|7
|
|t:|1782412165
|move|p1a: Archaludon|Electro Shot||[still]
|-prepare|p1a: Archaludon|Electro Shot
|-boost|p1a: Archaludon|spa|1
|-anim|p1a: Archaludon|Electro Shot|p2a: Charizard
|-supereffective|p2a: Charizard|1
|-damage|p2a: Charizard|0 fnt
|faint|p2a: Charizard
|move|p1b: Pelipper|Weather Ball|p2b: Grimmsnarl
|-damage|p2b: Grimmsnarl|66/100
|move|p2b: Grimmsnarl|Foul Play|p1a: Archaludon
|-damage|p1a: Archaludon|79/100
|-ability|p1a: Archaludon|Stamina|boost
|-boost|p1a: Archaludon|def|1
|
|-weather|RainDance|[upkeep]
|-heal|p1a: Archaludon|85/100|[from] item: Leftovers
|-sideend|p1: vuelve chusooo|move: Tailwind
|upkeep
|turn|8
|-message|maxijuegas forfeited.
|
|win|vuelve chusooo
||maxijuegas is ready for game 3.
||vuelve chusooo is ready for game 3.
|uhtml|next|Next: Game 3 of 3
|l|☆maxijuegas
|player|p2|
