|j|☆MSAtlos
|j|☆Zacharykeith
|html|MSAtlosZacharykeith    
|uhtml|bestof|Game 2 of a best-of-3
|t:|1757862110
|gametype|doubles
|player|p1|MSAtlos|clair|1117
|player|p2|Zacharykeith|fisherman-gen4|1168
|gen|9
|tier|[Gen 9] VGC 2025 Reg H (Bo3)
|rated|
|rule|Species Clause: Limit one of each Pokémon
|rule|Item Clause: Limit 1 of each item
|clearpoke
|poke|p1|Frosmoth, L50, F|
|poke|p1|Ninetales-Alola, L50, F|
|poke|p1|Rillaboom, L50, F|
|poke|p1|Incineroar, L50, F|
|poke|p1|Ursaluna, L50, F|
|poke|p1|Dragonite, L50, M|
|poke|p2|Dragonite, L50, F|
|poke|p2|Ursaluna-Bloodmoon, L50, M|
|poke|p2|Gholdengo, L50|
|poke|p2|Annihilape, L50, M|
|poke|p2|Maushold, L50|
|poke|p2|Rillaboom, L50, F|
|teampreview|4
|showteam|p1|Frosmoth||Leftovers|IceScales|QuiverDance,Blizzard,TeraBlast,Protect|||F|||50|,,,,,Water]Ninetales-Alola||LightClay|SnowWarning|Blizzard,AuroraVeil,Disable,Encore|||F|||50|,,,,,Fire]Rillaboom||AssaultVest|GrassySurge|FakeOut,WoodHammer,GrassyGlide,Uturn|||F|||50|,,,,,Fire]Incineroar||SafetyGoggles|Intimidate|FlareBlitz,KnockOff,FakeOut,PartingShot|||F|||50|,,,,,Ghost]Ursaluna||FlameOrb|Guts|Facade,HeadlongRush,Earthquake,Protect|||F|||50|,,,,,Poison]Dragonite||LoadedDice|Multiscale|ScaleShot,Haze,Tailwind,Protect|||M|||50|,,,,,Steel
|showteam|p2|Dragonite||LoadedDice|Multiscale|ScaleShot,Tailwind,Haze,Protect|||F|||50|,,,,,Fairy]Ursaluna-Bloodmoon||AssaultVest|MindsEye|BloodMoon,HyperVoice,EarthPower,Protect|||M|||50|,,,,,Water]Gholdengo||LifeOrb|GoodasGold|MakeItRain,ShadowBall,NastyPlot,Protect||||||50|,,,,,Water]Annihilape||SitrusBerry|Defiant|RageFist,DrainPunch,BulkUp,Protect|||M|||50|,,,,,Fire]Maushold||FocusSash|FriendGuard|SuperFang,FollowMe,BeatUp,Protect||||||50|,,,,,Grass]Rillaboom||MiracleSeed|GrassySurge|DrumBeating,GrassyGlide,HighHorsepower,FakeOut|||F|||50|,,,,,Fire
|inactive|Battle timer is ON: inactive players will automatically lose when time's up. (requested by Zacharykeith)
|
|t:|1757862134
|teamsize|p1|4
|teamsize|p2|4
|start
|switch|p1a: Frosmoth|Frosmoth, L50, F|100/100
|switch|p1b: Dragonite|Dragonite, L50, M|100/100
|switch|p2a: Annihilape|Annihilape, L50, M|100/100
|switch|p2b: Maushold|Maushold, L50|100/100
|turn|1
|inactive|MSAtlos has 30 seconds left.
|inactive|MSAtlos has 20 seconds left.
|inactive|MSAtlos has 15 seconds left.
|inactive|MSAtlos has 10 seconds left.
|inactive|MSAtlos has 5 seconds left.
|
|t:|1757862187
|switch|p1a: Ninetales|Ninetales-Alola, L50, F|100/100
|-weather|Snowscape|[from] ability: Snow Warning|[of] p1a: Ninetales
|-terastallize|p2a: Annihilape|Fire
|move|p2b: Maushold|Beat Up|p2a: Annihilape
|-damage|p2a: Annihilape|98/100
|-damage|p2a: Annihilape|95/100
|-damage|p2a: Annihilape|93/100
|-damage|p2a: Annihilape|89/100
|-hitcount|p2a: Annihilape|4
|move|p2a: Annihilape|Bulk Up|p2a: Annihilape
|-boost|p2a: Annihilape|atk|1
|-boost|p2a: Annihilape|def|1
|move|p1b: Dragonite|Tailwind|p1b: Dragonite
|-sidestart|p1: MSAtlos|move: Tailwind
|
|-weather|Snowscape|[upkeep]
|upkeep
|turn|2
|inactive|MSAtlos has 30 seconds left.
|inactive|Zacharykeith has 30 seconds left.
|inactive|MSAtlos has 20 seconds left.
|inactive|Zacharykeith has 20 seconds left.
|inactive|MSAtlos has 15 seconds left.
|inactive|MSAtlos has 10 seconds left.
|
|t:|1757862234
|move|p1b: Dragonite|Protect|p1b: Dragonite
|-singleturn|p1b: Dragonite|Protect
|move|p1a: Ninetales|Encore|p2b: Maushold
|-start|p2b: Maushold|Encore
|move|p2b: Maushold|Beat Up|p1b: Dragonite
|-activate|p1b: Dragonite|move: Protect
|move|p2a: Annihilape|Rage Fist|p1b: Dragonite
|-activate|p1b: Dragonite|move: Protect
|
|-weather|Snowscape|[upkeep]
|upkeep
|turn|3
|inactive|MSAtlos has 30 seconds left.
|
|t:|1757862261
|move|p1a: Ninetales|Aurora Veil|p1a: Ninetales
|-sidestart|p1: MSAtlos|move: Aurora Veil
|move|p1b: Dragonite|Haze|p1b: Dragonite
|-clearallboost
|move|p2b: Maushold|Beat Up|p1b: Dragonite
|-damage|p1b: Dragonite|99/100
|-damage|p1b: Dragonite|97/100
|-damage|p1b: Dragonite|95/100
|-damage|p1b: Dragonite|92/100
|-hitcount|p1b: Dragonite|4
|move|p2a: Annihilape|Drain Punch|p1a: Ninetales
|-damage|p1a: Ninetales|82/100
|-heal|p2a: Annihilape|98/100|[from] drain|[of] p1a: Ninetales
|
|-weather|Snowscape|[upkeep]
|upkeep
|turn|4
|
|t:|1757862283
|switch|p1b: Ursaluna|Ursaluna, L50, F|100/100
|move|p1a: Ninetales|Encore|p2a: Annihilape
|-start|p2a: Annihilape|Encore
|move|p2b: Maushold|Beat Up|p1b: Ursaluna
|-damage|p1b: Ursaluna|98/100
|-damage|p1b: Ursaluna|96/100
|-damage|p1b: Ursaluna|95/100
|-damage|p1b: Ursaluna|92/100
|-hitcount|p1b: Ursaluna|4
|move|p2a: Annihilape|Drain Punch|p1b: Ursaluna
|-supereffective|p1b: Ursaluna
|-damage|p1b: Ursaluna|53/100
|-heal|p2a: Annihilape|100/100|[from] drain|[of] p1b: Ursaluna
|
|-weather|Snowscape|[upkeep]
|-end|p2b: Maushold|Encore
|-sideend|p1: MSAtlos|move: Tailwind
|-status|p1b: Ursaluna|brn|[from] item: Flame Orb
|upkeep
|turn|5
|inactive|MSAtlos has 30 seconds left.
|
|t:|1757862311
|switch|p1a: Dragonite|Dragonite, L50, M|92/100
|move|p2b: Maushold|Super Fang|p1b: Ursaluna
|-damage|p1b: Ursaluna|27/100 brn
|move|p2a: Annihilape|Drain Punch|p1b: Ursaluna
|-supereffective|p1b: Ursaluna
|-damage|p1b: Ursaluna|0 fnt
|faint|p1b: Ursaluna
|
|-weather|none
|upkeep
|
|t:|1757862327
|switch|p1b: Frosmoth|Frosmoth, L50, F|100/100
|turn|6
|
|t:|1757862335
|switch|p2a: Rillaboom|Rillaboom, L50, F|100/100
|-fieldstart|move: Grassy Terrain|[from] ability: Grassy Surge|[of] p2a: Rillaboom
|-terastallize|p1b: Frosmoth|Water
|move|p2b: Maushold|Super Fang|p1b: Frosmoth|[miss]
|-miss|p2b: Maushold|p1b: Frosmoth
|move|p1a: Dragonite|Tailwind|p1a: Dragonite
|-sidestart|p1: MSAtlos|move: Tailwind
|move|p1b: Frosmoth|Quiver Dance|p1b: Frosmoth
|-boost|p1b: Frosmoth|spa|1
|-boost|p1b: Frosmoth|spd|1
|-boost|p1b: Frosmoth|spe|1
|
|upkeep
|turn|7
|
|t:|1757862355
|move|p1b: Frosmoth|Protect|p1b: Frosmoth
|-singleturn|p1b: Frosmoth|Protect
|move|p2a: Rillaboom|Fake Out|p1b: Frosmoth
|-activate|p1b: Frosmoth|move: Protect
|move|p1a: Dragonite|Scale Shot|p2a: Rillaboom
|-damage|p2a: Rillaboom|90/100
|-damage|p2a: Rillaboom|78/100
|-damage|p2a: Rillaboom|66/100
|-damage|p2a: Rillaboom|55/100
|-hitcount|p2a: Rillaboom|4
|-unboost|p1a: Dragonite|def|1
|-boost|p1a: Dragonite|spe|1
|move|p2b: Maushold|Super Fang|p1a: Dragonite
|-damage|p1a: Dragonite|46/100
|
|-heal|p2a: Rillaboom|61/100|[from] Grassy Terrain
|upkeep
|turn|8
|inactive|MSAtlos has 30 seconds left.
|
|t:|1757862384
|switch|p1a: Ninetales|Ninetales-Alola, L50, F|82/100
|-weather|Snowscape|[from] ability: Snow Warning|[of] p1a: Ninetales
|move|p2a: Rillaboom|Grassy Glide|p1b: Frosmoth
|-supereffective|p1b: Frosmoth
|-damage|p1b: Frosmoth|28/100
|move|p1b: Frosmoth|Blizzard|p2b: Maushold|[spread] p2a,p2b
|-supereffective|p2a: Rillaboom
|-damage|p2a: Rillaboom|0 fnt
|-damage|p2b: Maushold|14/100
|faint|p2a: Rillaboom
|move|p2b: Maushold|Beat Up|p1a: Ninetales
|-resisted|p1a: Ninetales
|-damage|p1a: Ninetales|81/100
|-resisted|p1a: Ninetales
|-damage|p1a: Ninetales|80/100
|-resisted|p1a: Ninetales
|-damage|p1a: Ninetales|79/100
|-hitcount|p1a: Ninetales|3
|
|-weather|Snowscape|[upkeep]
|-heal|p1a: Ninetales|85/100|[from] Grassy Terrain
|-heal|p1b: Frosmoth|34/100|[from] Grassy Terrain
|-heal|p1b: Frosmoth|40/100|[from] item: Leftovers
|-heal|p2b: Maushold|20/100|[from] Grassy Terrain
|upkeep
|
|t:|1757862400
|switch|p2a: Ursaluna|Ursaluna-Bloodmoon, L50, M|100/100
|turn|9
|
|t:|1757862409
|switch|p1a: Dragonite|Dragonite, L50, M|46/100
|move|p2b: Maushold|Protect|p2b: Maushold
|-singleturn|p2b: Maushold|Protect
|move|p1b: Frosmoth|Blizzard|p2b: Maushold|[spread] p2a
|-activate|p2b: Maushold|move: Protect
|-supereffective|p2a: Ursaluna
|-damage|p2a: Ursaluna|20/100
|move|p2a: Ursaluna|Hyper Voice|p1a: Dragonite|[spread] p1a,p1b
|-damage|p1a: Dragonite|20/100
|-damage|p1b: Frosmoth|30/100
|
|-weather|Snowscape|[upkeep]
|-heal|p1b: Frosmoth|35/100|[from] Grassy Terrain
|-heal|p1b: Frosmoth|41/100|[from] item: Leftovers
|-heal|p2b: Maushold|26/100|[from] Grassy Terrain
|-heal|p2a: Ursaluna|25/100|[from] Grassy Terrain
|-sideend|p1: MSAtlos|move: Tailwind
|upkeep
|turn|10
|inactive|Zacharykeith has 30 seconds left.
|
|t:|1757862439
|switch|p2b: Annihilape|Annihilape, L50, M, tera:Fire|100/100
|move|p1b: Frosmoth|Blizzard|p2b: Annihilape|[spread] p2a,p2b
|-supereffective|p2a: Ursaluna
|-resisted|p2b: Annihilape
|-damage|p2a: Ursaluna|0 fnt
|-damage|p2b: Annihilape|71/100
|faint|p2a: Ursaluna
|move|p1a: Dragonite|Tailwind|p1a: Dragonite
|-sidestart|p1: MSAtlos|move: Tailwind
|
|-weather|Snowscape|[upkeep]
|-heal|p1b: Frosmoth|47/100|[from] Grassy Terrain
|-heal|p1b: Frosmoth|53/100|[from] item: Leftovers
|-heal|p2b: Annihilape|77/100|[from] Grassy Terrain
|-sideend|p1: MSAtlos|move: Aurora Veil
|-fieldend|move: Grassy Terrain
|upkeep
|
|t:|1757862446
|switch|p2a: Maushold|Maushold, L50|26/100
|turn|11
|
|t:|1757862464
|move|p2a: Maushold|Follow Me|p2a: Maushold
|-singleturn|p2a: Maushold|move: Follow Me
|move|p1b: Frosmoth|Blizzard|p2b: Annihilape|[spread] p2a,p2b
|-resisted|p2b: Annihilape
|-crit|p2b: Annihilape
|-damage|p2a: Maushold|0 fnt
|-damage|p2b: Annihilape|47/100
|-enditem|p2b: Annihilape|Sitrus Berry|[eat]
|-heal|p2b: Annihilape|71/100|[from] item: Sitrus Berry
|faint|p2a: Maushold
|move|p1a: Dragonite|Scale Shot|p2b: Annihilape
|-damage|p2b: Annihilape|54/100
|-damage|p2b: Annihilape|39/100
|-damage|p2b: Annihilape|23/100
|-damage|p2b: Annihilape|7/100
|-hitcount|p2b: Annihilape|4
|-unboost|p1a: Dragonite|def|1
|-boost|p1a: Dragonite|spe|1
|move|p2b: Annihilape|Rage Fist|p1b: Frosmoth
|-crit|p1b: Frosmoth
|-damage|p1b: Frosmoth|0 fnt
|faint|p1b: Frosmoth
|
|-weather|Snowscape|[upkeep]
|upkeep
|
|t:|1757862481
|switch|p1b: Ninetales|Ninetales-Alola, L50, F|85/100
|turn|12
|-message|Zacharykeith forfeited.
|
|win|MSAtlos
