|j|☆BrorGregerGaming
|j|☆dean44
|html|BrorGregerGamingdean44    
|uhtml|bestof|Game 3 of a best-of-3
|t:|1784533145
|gametype|doubles
|player|p1|BrorGregerGaming|veteran|1192
|player|p2|dean44|266|1117
|gen|9
|tier|[Gen 9 Champions] VGC 2026 Reg M-B (Bo3)
|rated|
|rule|Species Clause: Limit one of each Pokémon
|rule|Item Clause: Limit 1 of each item
|clearpoke
|poke|p1|Musharna, L50, F|
|poke|p1|Mamoswine, L50, F|
|poke|p1|Torkoal, L50, M|
|poke|p1|Sinistcha, L50|
|poke|p1|Medicham, L50, F|
|poke|p1|Bellibolt, L50, F|
|poke|p2|Pelipper, L50, M|
|poke|p2|Meganium, L50, F|
|poke|p2|Sneasler, L50, F|
|poke|p2|Farigiraf, L50, F|
|poke|p2|Swampert, L50, M|
|poke|p2|Archaludon, L50, F|
|teampreview|4
|showteam|p1|Musharna||ColburBerry|Telepathy|Moonblast,Hypnosis,HelpingHand,TrickRoom|Serious||F|||50|]Mamoswine||FocusSash|Oblivious|Earthquake,IceShard,RockSlide,Protect|Adamant||F|||50|]Torkoal||LifeOrb|Drought|HeatWave,SolarBeam,EarthPower,Protect|Modest||M|||50|]Sinistcha||KasibBerry|Hospitality|MatchaGotcha,Protect,TrickRoom,RagePowder|Serious|||||50|]Medicham||Medichamite|PurePower|FakeOut,CloseCombat,PsychoCut,RockSlide|Serious||F|||50|]Bellibolt||Magnet|Electromorphosis|Soak,ParabolicCharge,Thunderbolt,Protect|Bold||F|||50|
|showteam|p2|Pelipper||DampRock|Drizzle|Hurricane,WeatherBall,WideGuard,Tailwind|Modest||M|||50|]Meganium||Meganiumite|LeafGuard|SolarBeam,DazzlingGleam,Protect,WeatherBall|Modest||F|||50|]Sneasler||WhiteHerb|PoisonTouch|DireClaw,FakeOut,CloseCombat,Protect|Jolly||F|||50|]Farigiraf||LumBerry|ArmorTail|TrickRoom,HelpingHand,HyperVoice,PsychicNoise|Quiet||F|||50|]Swampert||Swampertite|Damp|WaveCrash,Earthquake,FlipTurn,RockSlide|Adamant||M|||50|]Archaludon||Leftovers|Stamina|ElectroShot,DragonPulse,FlashCannon,Protect|Timid||F|||50|
|inactive|Battle timer is ON: inactive players will automatically lose when time's up. (requested by dean44)
|
|t:|1784533169
|teamsize|p1|4
|teamsize|p2|4
|start
|switch|p1a: Sinistcha|Sinistcha, L50|100/100
|switch|p1b: Medicham|Medicham, L50, F|100/100
|switch|p2a: Sneasler|Sneasler, L50, F|100/100
|switch|p2b: Farigiraf|Farigiraf, L50, F|100/100
|turn|1
|
|t:|1784533187
|detailschange|p1b: Medicham|Medicham-Mega, L50, F
|-mega|p1b: Medicham|Medicham|Medichamite
|move|p2b: Farigiraf|Helping Hand|p2a: Sneasler
|-singleturn|p2a: Sneasler|Helping Hand|[of] p2b: Farigiraf
|move|p2a: Sneasler|Dire Claw|p1b: Medicham
|-damage|p1b: Medicham|19/100
|move|p1b: Medicham|Psycho Cut|p2a: Sneasler
|-supereffective|p2a: Sneasler|2
|-damage|p2a: Sneasler|0 fnt
|faint|p2a: Sneasler
|move|p1a: Sinistcha|Trick Room|p1a: Sinistcha
|-fieldstart|move: Trick Room|[of] p1a: Sinistcha
|
|upkeep
|
|t:|1784533200
|switch|p2a: Pelipper|Pelipper, L50, M|100/100
|-weather|RainDance|[from] ability: Drizzle|[of] p2a: Pelipper
|turn|2
|
|t:|1784533209
|move|p1a: Sinistcha|Protect|p1a: Sinistcha
|-singleturn|p1a: Sinistcha|Protect
|move|p2b: Farigiraf|Hyper Voice|p1b: Medicham|[spread] p1b
|-activate|p1a: Sinistcha|move: Protect
|-damage|p1b: Medicham|0 fnt
|faint|p1b: Medicham
|move|p2a: Pelipper|Hurricane|p1a: Sinistcha
|-activate|p1a: Sinistcha|move: Protect
|
|-weather|RainDance|[upkeep]
|upkeep
|
|t:|1784533221
|switch|p1b: Bellibolt|Bellibolt, L50, F|100/100
|turn|3
|
|t:|1784533237
|switch|p2a: Meganium|Meganium, L50, F|100/100
|move|p1b: Bellibolt|Soak|p2b: Farigiraf
|-start|p2b: Farigiraf|typechange|Water
|move|p2b: Farigiraf|Psychic Noise|p1b: Bellibolt
|-damage|p1b: Bellibolt|71/100
|-start|p1b: Bellibolt|move: Heal Block
|-start|p1b: Bellibolt|Charge|Psychic Noise|[from] ability: Electromorphosis
|move|p1a: Sinistcha|Matcha Gotcha|p2b: Farigiraf|[spread] p2a,p2b
|-resisted|p2a: Meganium|1
|-supereffective|p2b: Farigiraf|1
|-damage|p2a: Meganium|88/100
|-damage|p2b: Farigiraf|44/100
|-status|p2a: Meganium|brn
|
|-weather|RainDance|[upkeep]
|-damage|p2a: Meganium|82/100 brn|[from] brn
|upkeep
|turn|4
|
|t:|1784533259
|detailschange|p2a: Meganium|Meganium-Mega, L50, F
|-mega|p2a: Meganium|Meganium|Meganiumite
|move|p2a: Meganium|Protect|p2a: Meganium
|-singleturn|p2a: Meganium|Protect
|move|p1b: Bellibolt|Soak|p2a: Meganium
|-activate|p2a: Meganium|move: Protect
|move|p2b: Farigiraf|Psychic Noise|p1a: Sinistcha
|-damage|p1a: Sinistcha|73/100
|-start|p1a: Sinistcha|move: Heal Block
|cant|p1a: Sinistcha|move: Heal Block|Matcha Gotcha
|
|-weather|RainDance|[upkeep]
|-damage|p2a: Meganium|77/100 brn|[from] brn
|-end|p1b: Bellibolt|move: Heal Block
|upkeep
|turn|5
|inactive|BrorGregerGaming has 30 seconds left.
|inactive|dean44 has 30 seconds left.
|
|t:|1784533292
|move|p1a: Sinistcha|Protect|p1a: Sinistcha
|-singleturn|p1a: Sinistcha|Protect
|move|p1b: Bellibolt|Parabolic Charge|p2b: Farigiraf|[spread] p2a,p2b
|-activate|p1a: Sinistcha|move: Protect
|-resisted|p2a: Meganium|1
|-supereffective|p2b: Farigiraf|1
|-damage|p2a: Meganium|56/100 brn
|-heal|p1b: Bellibolt|81/100|[from] drain|[of] p2a: Meganium
|-damage|p2b: Farigiraf|0 fnt
|-heal|p1b: Bellibolt|100/100|[from] drain|[of] p2b: Farigiraf
|faint|p2b: Farigiraf
|-end|p1b: Bellibolt|Charge|[silent]
|move|p2a: Meganium|Solar Beam||[still]
|-prepare|p2a: Meganium|Solar Beam
|-activate|p2a: Meganium|ability: Mega Sol
|-anim|p2a: Meganium|Solar Beam|p1b: Bellibolt
|-damage|p1b: Bellibolt|23/100
|-start|p1b: Bellibolt|Charge|Solar Beam|[from] ability: Electromorphosis
|
|-weather|RainDance|[upkeep]
|-damage|p2a: Meganium|50/100g brn|[from] brn
|-end|p1a: Sinistcha|move: Heal Block
|-fieldend|move: Trick Room
|upkeep
|
|t:|1784533302
|switch|p2b: Pelipper|Pelipper, L50, M|100/100
|turn|6
|
|t:|1784533322
|move|p1a: Sinistcha|Rage Powder|p1a: Sinistcha
|-singleturn|p1a: Sinistcha|move: Rage Powder
|move|p2a: Meganium|Dazzling Gleam|p1a: Sinistcha|[spread] p1a,p1b
|-damage|p1a: Sinistcha|36/100
|-damage|p1b: Bellibolt|0 fnt
|faint|p1b: Bellibolt
|move|p2b: Pelipper|Hurricane|p1a: Sinistcha
|-supereffective|p1a: Sinistcha|1
|-damage|p1a: Sinistcha|0 fnt
|faint|p1a: Sinistcha
|
|-weather|RainDance|[upkeep]
|-damage|p2a: Meganium|44/100 brn|[from] brn
|upkeep
|
|t:|1784533336
|switch|p1a: Torkoal|Torkoal, L50, M|100/100
|-weather|SunnyDay|[from] ability: Drought|[of] p1a: Torkoal
|turn|7
|
|t:|1784533352
|move|p2a: Meganium|Solar Beam||[still]
|-prepare|p2a: Meganium|Solar Beam
|-anim|p2a: Meganium|Solar Beam|p1a: Torkoal
|-resisted|p1a: Torkoal|1
|-damage|p1a: Torkoal|53/100
|move|p2b: Pelipper|Hurricane|p1a: Torkoal|[miss]
|-miss|p2b: Pelipper|p1a: Torkoal
|move|p1a: Torkoal|Heat Wave|p2a: Meganium|[spread] p2a,p2b
|-supereffective|p2a: Meganium|1
|-resisted|p2b: Pelipper|1
|-damage|p2a: Meganium|0 fnt
|-damage|p2b: Pelipper|57/100
|faint|p2a: Meganium
|-damage|p1a: Torkoal|44/100|[from] item: Life Orb
|
|-weather|SunnyDay|[upkeep]
|upkeep
|turn|8
|
|t:|1784533370
|move|p2b: Pelipper|Weather Ball|p1a: Torkoal
|-resisted|p1a: Torkoal|1
|-damage|p1a: Torkoal|11/100
|move|p1a: Torkoal|Heat Wave|p2b: Pelipper
|-resisted|p2b: Pelipper|1
|-damage|p2b: Pelipper|5/100
|-damage|p1a: Torkoal|2/100|[from] item: Life Orb
|
|-weather|SunnyDay|[upkeep]
|upkeep
|turn|9
|c|☆dean44|gg
|
|t:|1784533381
|move|p2b: Pelipper|Weather Ball|p1a: Torkoal
|-resisted|p1a: Torkoal|1
|-damage|p1a: Torkoal|0 fnt
|faint|p1a: Torkoal
|
|win|dean44
|raw|BrorGregerGaming's rating: 1192 → 1162(-30 for losing)
|raw|dean44's rating: 1117 → 1147(+30 for winning)
|l|☆BrorGregerGaming
|player|p1|
