|j|☆Daniw9
|j|☆VGCambroz
|html|Daniw9VGCambroz    
|uhtml|bestof|Game 2 of a best-of-3
|t:|1756453130
|gametype|doubles
|player|p1|Daniw9|101|1149
|player|p2|VGCambroz|alder|1181
|gen|9
|tier|[Gen 9] VGC 2025 Reg H (Bo3)
|rated|
|rule|Species Clause: Limit one of each Pokémon
|rule|Item Clause: Limit 1 of each item
|clearpoke
|poke|p1|Garchomp, L50, F|
|poke|p1|Tyranitar, L50, F|
|poke|p1|Delphox, L50, M|
|poke|p1|Indeedee-F, L50, F|
|poke|p1|Gallade, L50, M|
|poke|p1|Whimsicott, L50, F|
|poke|p2|Annihilape, L50, M|
|poke|p2|Gholdengo, L50|
|poke|p2|Ursaluna-Bloodmoon, L50, M|
|poke|p2|Dragonite, L50, F|
|poke|p2|Maushold-Four, L50|
|poke|p2|Grimmsnarl, L50, M|
|teampreview|4
|showteam|p1|Garchomp||LifeOrb|SandVeil|Earthquake,StompingTantrum,Protect,DragonClaw|||F|||50|,,,,,Steel]Tyranitar||AssaultVest|SandStream|RockSlide,TeraBlast,KnockOff,LowKick|||F|||50|,,,,,Flying]Delphox||PsychicSeed|Magician|ExpandingForce,HeatWave,TeraBlast,Protect|||M|||50|,,,,,Fairy]Indeedee-F||SafetyGoggles|PsychicSurge|DazzlingGleam,TrickRoom,FollowMe,HelpingHand|||F|||50|,,,,,Water]Gallade||ClearAmulet|Sharpness|SacredSword,PsychoCut,TrickRoom,Protect|||M|||50|,,,,,Grass]Whimsicott||CovertCloak|Prankster|Moonblast,Tailwind,Encore,Protect|||F|||50|,,,,,Ghost
|showteam|p2|Annihilape||Leftovers|Defiant|BulkUp,Protect,DrainPunch,RageFist|||M|||50|,,,,,Water]Gholdengo||MetalCoat|GoodasGold|NastyPlot,Protect,MakeItRain,ShadowBall||||||50|,,,,,Dragon]Ursaluna-Bloodmoon||AssaultVest|MindsEye|BloodMoon,HyperVoice,EarthPower,VacuumWave|||M|||50|,,,,,Ghost]Dragonite||LoadedDice|Multiscale|ScaleShot,StompingTantrum,Haze,Protect|||F|||50|,,,,,Fairy]Maushold-Four||SafetyGoggles|FriendGuard|FollowMe,BeatUp,Taunt,Protect||||||50|,,,,,Ghost]Grimmsnarl||CovertCloak|Prankster|Reflect,LightScreen,SpiritBreak,ThunderWave|||M|||50|,,,,,Steel
|
|t:|1756453167
|teamsize|p1|4
|teamsize|p2|4
|start
|switch|p1a: Indeedee|Indeedee-F, L50, F|100/100
|switch|p1b: Gallade|Gallade, L50, M|100/100
|switch|p2a: Ursaluna|Ursaluna-Bloodmoon, L50, M|100/100
|switch|p2b: Grimmsnarl|Grimmsnarl, L50, M|100/100
|-fieldstart|move: Psychic Terrain|[from] ability: Psychic Surge|[of] p1a: Indeedee
|turn|1
|inactive|Battle timer is ON: inactive players will automatically lose when time's up. (requested by VGCambroz)
|
|t:|1756453202
|switch|p2a: Gholdengo|Gholdengo, L50|100/100
|move|p1a: Indeedee|Helping Hand|p1b: Gallade
|-singleturn|p1b: Gallade|Helping Hand|[of] p1a: Indeedee
|move|p2b: Grimmsnarl|Reflect|p2b: Grimmsnarl
|-sidestart|p2: VGCambroz|Reflect
|move|p1b: Gallade|Sacred Sword|p2b: Grimmsnarl
|-damage|p2b: Grimmsnarl|25/100
|
|upkeep
|turn|2
|
|t:|1756453213
|switch|p1a: Delphox|Delphox, L50, M|100/100
|-enditem|p1a: Delphox|Psychic Seed
|-boost|p1a: Delphox|spd|1|[from] item: Psychic Seed
|move|p2b: Grimmsnarl|Light Screen|p2b: Grimmsnarl
|-sidestart|p2: VGCambroz|move: Light Screen
|move|p2a: Gholdengo|Nasty Plot|p2a: Gholdengo
|-boost|p2a: Gholdengo|spa|2
|move|p1b: Gallade|Sacred Sword|p2b: Grimmsnarl
|-damage|p2b: Grimmsnarl|0 fnt
|faint|p2b: Grimmsnarl
|
|upkeep
|inactive|VGCambroz has 30 seconds left.
|
|t:|1756453239
|switch|p2b: Ursaluna|Ursaluna-Bloodmoon, L50, M|100/100
|turn|3
|inactive|Daniw9 has 30 seconds left.
|inactive|Daniw9 has 20 seconds left.
|inactive|Daniw9 has 15 seconds left.
|inactive|Daniw9 has 10 seconds left.
|
|t:|1756453288
|move|p1b: Gallade|Protect|p1b: Gallade
|-singleturn|p1b: Gallade|Protect
|move|p1a: Delphox|Heat Wave|p2b: Ursaluna|[spread] p2a,p2b
|-supereffective|p2a: Gholdengo
|-damage|p2a: Gholdengo|59/100
|-damage|p2b: Ursaluna|86/100
|-item|p1a: Delphox|Metal Coat|[from] ability: Magician|[of] p2a: Gholdengo
|move|p2a: Gholdengo|Make It Rain|p1b: Gallade|[spread] p1a
|-activate|p1b: Gallade|move: Protect
|-resisted|p1a: Delphox
|-damage|p1a: Delphox|65/100
|-unboost|p2a: Gholdengo|spa|1
|move|p2b: Ursaluna|Earth Power|p1a: Delphox
|-supereffective|p1a: Delphox
|-damage|p1a: Delphox|0 fnt
|faint|p1a: Delphox
|
|upkeep
|
|t:|1756453300
|switch|p1a: Indeedee|Indeedee-F, L50, F|100/100
|turn|4
|
|t:|1756453315
|-terastallize|p1a: Indeedee|Water
|-terastallize|p2b: Ursaluna|Ghost
|move|p2a: Gholdengo|Make It Rain|p1b: Gallade|[spread] p1a,p1b
|-resisted|p1a: Indeedee
|-damage|p1a: Indeedee|68/100
|-damage|p1b: Gallade|39/100
|-unboost|p2a: Gholdengo|spa|1
|move|p1b: Gallade|Sacred Sword|p2b: Ursaluna
|-immune|p2b: Ursaluna
|move|p2b: Ursaluna|Hyper Voice|p1b: Gallade|[spread] p1a,p1b
|-damage|p1a: Indeedee|36/100
|-damage|p1b: Gallade|5/100
|move|p1a: Indeedee|Trick Room|p1a: Indeedee
|-fieldstart|move: Trick Room|[of] p1a: Indeedee
|
|upkeep
|turn|5
|
|t:|1756453330
|move|p2b: Ursaluna|Hyper Voice|p1b: Gallade|[spread] p1a,p1b
|-damage|p1a: Indeedee|3/100
|-damage|p1b: Gallade|0 fnt
|faint|p1b: Gallade
|move|p1a: Indeedee|Dazzling Gleam|p2b: Ursaluna|[spread] p2a,p2b
|-resisted|p2a: Gholdengo
|-damage|p2a: Gholdengo|54/100
|-damage|p2b: Ursaluna|80/100
|move|p2a: Gholdengo|Nasty Plot|p2a: Gholdengo
|-boost|p2a: Gholdengo|spa|2
|
|-sideend|p2: VGCambroz|Reflect
|-fieldend|move: Psychic Terrain
|upkeep
|
|t:|1756453345
|switch|p1b: Tyranitar|Tyranitar, L50, F|100/100
|-weather|Sandstorm|[from] ability: Sand Stream|[of] p1b: Tyranitar
|turn|6
|
|t:|1756453360
|move|p1a: Indeedee|Follow Me|p1a: Indeedee
|-singleturn|p1a: Indeedee|move: Follow Me
|move|p2b: Ursaluna|Hyper Voice|p1b: Tyranitar|[spread] p1a,p1b
|-resisted|p1b: Tyranitar
|-damage|p1a: Indeedee|0 fnt
|-damage|p1b: Tyranitar|93/100
|faint|p1a: Indeedee
|move|p1b: Tyranitar|Knock Off|p2a: Gholdengo
|-supereffective|p2a: Gholdengo
|-damage|p2a: Gholdengo|0 fnt
|faint|p2a: Gholdengo
|
|-weather|Sandstorm|[upkeep]
|-damage|p2b: Ursaluna|75/100|[from] Sandstorm
|-sideend|p2: VGCambroz|move: Light Screen
|upkeep
|
|t:|1756453365
|switch|p2a: Dragonite|Dragonite, L50, F|100/100
|turn|7
|
|t:|1756453375
|move|p2b: Ursaluna|Earth Power|p1b: Tyranitar
|-supereffective|p1b: Tyranitar
|-damage|p1b: Tyranitar|57/100
|move|p1b: Tyranitar|Knock Off|p2b: Ursaluna
|-supereffective|p2b: Ursaluna
|-damage|p2b: Ursaluna|0 fnt
|-enditem|p2b: Ursaluna|Assault Vest|[from] move: Knock Off|[of] p1b: Tyranitar
|faint|p2b: Ursaluna
|move|p2a: Dragonite|Stomping Tantrum|p1b: Tyranitar
|-supereffective|p1b: Tyranitar
|-damage|p1b: Tyranitar|17/100
|
|-weather|Sandstorm|[upkeep]
|-damage|p2a: Dragonite|95/100|[from] Sandstorm
|upkeep
|turn|8
|
|t:|1756453383
|move|p2a: Dragonite|Protect|p2a: Dragonite
|-singleturn|p2a: Dragonite|Protect
|move|p1b: Tyranitar|Rock Slide|p2a: Dragonite
|-activate|p2a: Dragonite|move: Protect
|
|-weather|Sandstorm|[upkeep]
|-damage|p2a: Dragonite|89/100|[from] Sandstorm
|-fieldend|move: Trick Room
|upkeep
|turn|9
|
|t:|1756453385
|move|p2a: Dragonite|Stomping Tantrum|p1b: Tyranitar
|-supereffective|p1b: Tyranitar
|-damage|p1b: Tyranitar|0 fnt
|faint|p1b: Tyranitar
|
|win|VGCambroz
|raw|Daniw9's rating: 1149 → 1126(-23 for losing)
|raw|VGCambroz's rating: 1181 → 1204(+23 for winning)
|l|☆VGCambroz
|player|p2|
