|j|☆Pawah
|j|☆D_Bastial
|html|PawahD_Bastial    
|uhtml|bestof|Game 2 of a best-of-3
|t:|1757106829
|gametype|doubles
|player|p1|Pawah|ethan|1176
|player|p2|D_Bastial|clay|1118
|gen|9
|tier|[Gen 9] VGC 2025 Reg H (Bo3)
|rated|
|rule|Species Clause: Limit one of each Pokémon
|rule|Item Clause: Limit 1 of each item
|clearpoke
|poke|p1|Ursaluna, L50, F|
|poke|p1|Sinistcha, L50|
|poke|p1|Pelipper, L50, F|
|poke|p1|Archaludon, L50, F|
|poke|p1|Dragonite, L50, F|
|poke|p1|Basculegion, L50, M|
|poke|p2|Kommo-o, L50, F|
|poke|p2|Sinistcha-Masterpiece, L50|
|poke|p2|Electabuzz, L50, F|
|poke|p2|Incineroar, L50, F|
|poke|p2|Whimsicott, L50, F|
|poke|p2|Annihilape, L50, F|
|teampreview|4
|showteam|p1|Ursaluna||FlameOrb|Guts|HeadlongRush,Facade,Protect,Earthquake|||F|||50|,,,,,Ghost]Sinistcha||SitrusBerry|Hospitality|RagePowder,TrickRoom,LifeDew,MatchaGotcha||||||50|,,,,,Dark]Pelipper||FocusSash|Drizzle|Hurricane,Protect,WeatherBall,WideGuard|||F|||50|,,,,,Ghost]Archaludon||AssaultVest|Stamina|ElectroShot,FlashCannon,BodyPress,DracoMeteor|||F|||50|,,,,,Bug]Dragonite||LoadedDice|Multiscale|Protect,ScaleShot,Tailwind,Haze|||F|||50|,,,,,Steel]Basculegion||ChoiceBand|SwiftSwim|WaveCrash,FlipTurn,LastRespects,AquaJet|||M|||50|,,,,,Water
|showteam|p2|Kommo-o||ThroatSpray|Soundproof|ClangorousSoul,Protect,Flamethrower,ClangingScales|||F|||50|,,,,,Fire]Sinistcha-Masterpiece||EjectButton|Hospitality|MatchaGotcha,TrickRoom,LifeDew,RagePowder||||||50|,,,,,Water]Electabuzz||Eviolite|VitalSpirit|Electroweb,FollowMe,Feint,Taunt|||F|||50|,,,,,Fairy]Incineroar||AssaultVest|Intimidate|Uturn,FakeOut,FlareBlitz,KnockOff|||F|||50|,,,,,Ghost]Whimsicott||CovertCloak|Prankster|Tailwind,Encore,Moonblast,BeatUp|||F|||50|,,,,,Dark]Annihilape||ChoiceScarf|Defiant|FinalGambit,RageFist,Uturn,CloseCombat|||F|||50|,,,,,Ghost
|inactive|Battle timer is ON: inactive players will automatically lose when time's up. (requested by Pawah)
|inactive|Pawah has 60 seconds left.
|inactive|D_Bastial has 60 seconds left.
|
|t:|1757106864
|teamsize|p1|4
|teamsize|p2|4
|start
|switch|p1a: Sinistcha|Sinistcha, L50|100/100
|switch|p1b: Archaludon|Archaludon, L50, F|100/100
|switch|p2a: Electabuzz|Electabuzz, L50, F|100/100
|switch|p2b: Whimsicott|Whimsicott, L50, F|100/100
|turn|1
|
|t:|1757106885
|switch|p2b: Sinistcha|Sinistcha-Masterpiece, L50|100/100
|switch|p1a: Ursaluna|Ursaluna, L50, F|100/100
|move|p2a: Electabuzz|Taunt|p1a: Ursaluna
|-start|p1a: Ursaluna|move: Taunt
|move|p1b: Archaludon|Flash Cannon|p2b: Sinistcha
|-damage|p2b: Sinistcha|68/100
|-enditem|p2b: Sinistcha|Eject Button
|
|t:|1757106894
|switch|p2b: Kommo-o|Kommo-o, L50, F|100/100
|
|-status|p1a: Ursaluna|brn|[from] item: Flame Orb
|upkeep
|turn|2
|
|t:|1757106908
|switch|p1b: Dragonite|Dragonite, L50, F|100/100
|-terastallize|p1a: Ursaluna|Ghost
|move|p2a: Electabuzz|Follow Me|p2a: Electabuzz
|-singleturn|p2a: Electabuzz|move: Follow Me
|move|p2b: Kommo-o|Clanging Scales|p1a: Ursaluna|[spread] p1a,p1b
|-supereffective|p1b: Dragonite
|-damage|p1a: Ursaluna|69/100 brn
|-damage|p1b: Dragonite|61/100
|-unboost|p2b: Kommo-o|def|1
|-enditem|p2b: Kommo-o|Throat Spray
|-boost|p2b: Kommo-o|spa|1|[from] item: Throat Spray
|move|p1a: Ursaluna|Earthquake|p2b: Kommo-o|[spread] p2a,p2b
|-immune|p1b: Dragonite
|-supereffective|p2a: Electabuzz
|-crit|p2b: Kommo-o
|-damage|p2a: Electabuzz|0 fnt
|-damage|p2b: Kommo-o|0 fnt
|faint|p2a: Electabuzz
|faint|p2b: Kommo-o
|
|-damage|p1a: Ursaluna|63/100 brn|[from] brn
|upkeep
|
|t:|1757106916
|switch|p2a: Sinistcha|Sinistcha-Masterpiece, L50|68/100
|switch|p2b: Whimsicott|Whimsicott, L50, F|100/100
|turn|3
|
|t:|1757106925
|switch|p1a: Sinistcha|Sinistcha, L50|100/100
|-heal|p1b: Dragonite|86/100|[from] ability: Hospitality|[of] p1a: Sinistcha
|move|p2b: Whimsicott|Moonblast|p1b: Dragonite
|-supereffective|p1b: Dragonite
|-damage|p1b: Dragonite|31/100
|-unboost|p1b: Dragonite|spa|1
|move|p1b: Dragonite|Scale Shot|p2a: Sinistcha|[miss]
|-miss|p1b: Dragonite|p2a: Sinistcha
|move|p2a: Sinistcha|Matcha Gotcha|p1b: Dragonite|[spread] p1a,p1b
|-resisted|p1a: Sinistcha
|-resisted|p1b: Dragonite
|-damage|p1a: Sinistcha|89/100
|-heal|p2a: Sinistcha|74/100|[from] drain|[of] p1a: Sinistcha
|-damage|p1b: Dragonite|25/100
|-heal|p2a: Sinistcha|77/100|[from] drain|[of] p1b: Dragonite
|
|upkeep
|turn|4
|inactive|D_Bastial has 30 seconds left.
|inactive|Pawah has 30 seconds left.
|inactive|D_Bastial has 20 seconds left.
|
|t:|1757106962
|switch|p1b: Archaludon|Archaludon, L50, F|100/100
|move|p2b: Whimsicott|Moonblast|p1b: Archaludon
|-damage|p1b: Archaludon|84/100
|-unboost|p1b: Archaludon|spa|1
|-ability|p1b: Archaludon|Stamina|boost
|-boost|p1b: Archaludon|def|1
|move|p1a: Sinistcha|Matcha Gotcha|p2b: Whimsicott|[spread] p2a,p2b
|-resisted|p2a: Sinistcha
|-resisted|p2b: Whimsicott
|-damage|p2a: Sinistcha|66/100
|-heal|p1a: Sinistcha|94/100|[from] drain|[of] p2a: Sinistcha
|-damage|p2b: Whimsicott|86/100
|-heal|p1a: Sinistcha|99/100|[from] drain|[of] p2b: Whimsicott
|move|p2a: Sinistcha|Trick Room|p2a: Sinistcha
|-fieldstart|move: Trick Room|[of] p2a: Sinistcha
|
|upkeep
|turn|5
|
|t:|1757106983
|-terastallize|p2b: Whimsicott|Dark
|move|p2a: Sinistcha|Life Dew|p2a: Sinistcha|[spread] p2a,p2b
|-heal|p2a: Sinistcha|91/100
|-heal|p2b: Whimsicott|100/100
|move|p1a: Sinistcha|Matcha Gotcha|p2a: Sinistcha|[spread] p2a,p2b
|-resisted|p2a: Sinistcha
|-crit|p2a: Sinistcha
|-damage|p2a: Sinistcha|76/100
|-heal|p1a: Sinistcha|100/100|[from] drain|[of] p2a: Sinistcha
|-damage|p2b: Whimsicott|72/100
|-status|p2a: Sinistcha|brn
|move|p1b: Archaludon|Flash Cannon|p2b: Whimsicott
|-damage|p2b: Whimsicott|40/100
|move|p2b: Whimsicott|Moonblast|p1b: Archaludon
|-damage|p1b: Archaludon|65/100
|-ability|p1b: Archaludon|Stamina|boost
|-boost|p1b: Archaludon|def|1
|
|-damage|p2a: Sinistcha|70/100 brn|[from] brn
|upkeep
|turn|6
|-message|D_Bastial forfeited.
|
|win|Pawah
|raw|Pawah's rating: 1176 → 1197(+21 for winning)
|raw|D_Bastial's rating: 1118 → 1097(-21 for losing)
|l|☆D_Bastial
|player|p2|
