|badge|p1|gold|gen9randombattle|3-10
|uhtml|medal-msg|Curious what those medals under the avatar are? PS now has Ladder Seasons! For more information, check out the thread on Smogon.
|j|☆MichaelderBeste2
|j|☆dominicex
|html|MichaelderBeste2dominicex    
|uhtml|bestof|Game 2 of a best-of-3
|t:|1785690776
|gametype|doubles
|player|p1|MichaelderBeste2|#wcop2026germany|
|player|p2|dominicex|#smogonxnpa2026draftee|
|gen|9
|tier|[Gen 9 Champions] VGC 2026 Reg M-B (Bo3)
|rule|Species Clause: Limit one of each Pokémon
|rule|Item Clause: Limit 1 of each item
|clearpoke
|poke|p1|Kingambit, L50, F|
|poke|p1|Ninetales-Alola, L50, M|
|poke|p1|Incineroar, L50, M|
|poke|p1|Dragonite, L50, M|
|poke|p1|Sneasler, L50, F|
|poke|p1|Gengar, L50, M|
|poke|p2|Staraptor, L50, F|
|poke|p2|Gholdengo, L50|
|poke|p2|Sinistcha, L50|
|poke|p2|Incineroar, L50, F|
|poke|p2|Arcanine-Hisui, L50, M|
|poke|p2|Ninetales-Alola, L50, F|
|teampreview|4
|showteam|p1|Kingambit||BlackGlasses|Defiant|KowtowCleave,SuckerPunch,LowKick,Protect|Adamant||F|||50|]Ninetales-Alola||ChoiceScarf|SnowWarning|Blizzard,FreezeDry,IcyWind,Encore|Timid||M|||50|]Incineroar||SitrusBerry|Intimidate|FlareBlitz,ThroatChop,FakeOut,PartingShot|Impish||M|||50|]Dragonite||LifeOrb|InnerFocus|DragonClaw,Superpower,ExtremeSpeed,Protect|Adamant||M|||50|]Sneasler||FocusSash|Unburden|CloseCombat,DireClaw,RockSlide,Protect|Adamant||F|||50|]Gengar||Gengarite|CursedBody|SludgeBomb,ShadowBall,Substitute,Protect|Modest||M|||50|
|showteam|p2|Staraptor||Staraptite|Intimidate|CloseCombat,BraveBird,Roost,Protect|Jolly||F|||50|]Gholdengo||LifeOrb|GoodasGold|MakeItRain,ShadowBall,NastyPlot,Protect|Modest|||||50|]Sinistcha||ColburBerry|Hospitality|MatchaGotcha,RagePowder,TrickRoom,StrengthSap|Calm|||||50|]Incineroar||SitrusBerry|Intimidate|FakeOut,FlareBlitz,DarkestLariat,PartingShot|Impish||F|||50|]Arcanine-Hisui||FocusSash|RockHead|FlareBlitz,HeadSmash,ExtremeSpeed,Protect|Adamant||M|||50|]Ninetales-Alola||NeverMeltIce|SnowWarning|Blizzard,FreezeDry,Encore,Protect|Timid||F|||50|
|j| thepokemonuploads
|inactive|Battle timer is ON: inactive players will automatically lose when time's up. (requested by MichaelderBeste2)
|j| icypenguin604
|j|+Radio Free C-Side
|j| AKhant
|inactive|MichaelderBeste2 has 60 seconds left.
|inactive|dominicex has 60 seconds left.
|inactive|MichaelderBeste2 has 30 seconds left.
|inactive|dominicex has 30 seconds left.
|j| val16
|inactive|MichaelderBeste2 has 20 seconds left.
|inactive|dominicex has 20 seconds left.
|j| 0-x ft wayne
|inactive|dominicex has 15 seconds left.
|inactive|dominicex has 10 seconds left.
|
|t:|1785690863
|teamsize|p1|4
|teamsize|p2|4
|start
|switch|p1a: Gengar|Gengar, L50, M|100/100
|switch|p1b: Incineroar|Incineroar, L50, M|100/100
|switch|p2a: Sinistcha|Sinistcha, L50|100/100
|switch|p2b: Gholdengo|Gholdengo, L50|100/100
|-ability|p1b: Incineroar|Intimidate|boost
|-unboost|p2a: Sinistcha|atk|1
|-unboost|p2b: Gholdengo|atk|1
|turn|1
|j| darthmorton
|j|+iPetBigfoot
|j| TrueView
|inactive|dominicex has 30 seconds left.
|inactive|MichaelderBeste2 has 30 seconds left.
|inactive|dominicex has 20 seconds left.
|j| Schister
|j| Jdjeeheu
|j| FRD DecK
|inactive|MichaelderBeste2 has 20 seconds left.
|inactive|MichaelderBeste2 has 15 seconds left.
|j| elladine
|
|t:|1785690918
|switch|p2a: Incineroar|Incineroar, L50, F|100/100
|-ability|p2a: Incineroar|Intimidate|boost
|-unboost|p1a: Gengar|atk|1
|-unboost|p1b: Incineroar|atk|1
|detailschange|p1a: Gengar|Gengar-Mega, L50, M
|-mega|p1a: Gengar|Gengar|Gengarite
|move|p1a: Gengar|Substitute|p1a: Gengar
|-start|p1a: Gengar|Substitute
|-damage|p1a: Gengar|75/100
|move|p2b: Gholdengo|Shadow Ball|p1a: Gengar
|-supereffective|p1a: Gengar|1
|-end|p1a: Gengar|Substitute
|-damage|p2b: Gholdengo|90/100|[from] item: Life Orb
|move|p1b: Incineroar|Flare Blitz|p2b: Gholdengo
|-supereffective|p2b: Gholdengo|1
|-damage|p2b: Gholdengo|30/100
|-damage|p1b: Incineroar|82/100|[from] Recoil
|
|upkeep
|turn|2
|j| AIRedzone
|l| Jdjeeheu
|inactive|dominicex has 30 seconds left.
|inactive|dominicex has 20 seconds left.
|j| LT131WVT
|inactive|dominicex has 15 seconds left.
|inactive|dominicex has 10 seconds left.
|j| Monai
|inactive|dominicex has 5 seconds left.
|
|t:|1785690968
|switch|p1b: Sneasler|Sneasler, L50, F|100/100
|move|p1a: Gengar|Protect|p1a: Gengar
|-singleturn|p1a: Gengar|Protect
|move|p2b: Gholdengo|Protect|p2b: Gholdengo
|-singleturn|p2b: Gholdengo|Protect
|move|p2a: Incineroar|Parting Shot|p1b: Sneasler
|-unboost|p1b: Sneasler|atk|1
|-unboost|p1b: Sneasler|spa|1
|
|t:|1785690976
|switch|p2a: Sinistcha|Sinistcha, L50|100/100|[from] Parting Shot
|-heal|p2b: Gholdengo|54/100|[from] ability: Hospitality|[of] p2a: Sinistcha
|
|upkeep
|turn|3
|j|+zee
|j| KIoyZ
|
|t:|1785691003
|move|p2a: Sinistcha|Rage Powder|p2a: Sinistcha
|-singleturn|p2a: Sinistcha|move: Rage Powder
|move|p1a: Gengar|Shadow Ball|p2a: Sinistcha
|-supereffective|p2a: Sinistcha|1
|-damage|p2a: Sinistcha|0 fnt
|faint|p2a: Sinistcha
|move|p1b: Sneasler|Dire Claw|p2b: Gholdengo
|-immune|p2b: Gholdengo
|move|p2b: Gholdengo|Shadow Ball|p1a: Gengar
|-supereffective|p1a: Gengar|1
|-damage|p1a: Gengar|0 fnt
|faint|p1a: Gengar
|-damage|p2b: Gholdengo|45/100|[from] item: Life Orb
|
|upkeep
|
|t:|1785691023
|switch|p1a: Incineroar|Incineroar, L50, M|82/100
|switch|p2a: Incineroar|Incineroar, L50, F|100/100
|-ability|p2a: Incineroar|Intimidate|boost
|-unboost|p1a: Incineroar|atk|1
|-unboost|p1b: Sneasler|atk|1
|-ability|p1a: Incineroar|Intimidate|boost
|-unboost|p2a: Incineroar|atk|1
|-unboost|p2b: Gholdengo|atk|1
|turn|4
|inactive|dominicex has 30 seconds left.
|
|t:|1785691049
|move|p1b: Sneasler|Close Combat|p2a: Incineroar
|-supereffective|p2a: Incineroar|1
|-damage|p2a: Incineroar|46/100
|-unboost|p1b: Sneasler|def|1
|-unboost|p1b: Sneasler|spd|1
|-enditem|p2a: Incineroar|Sitrus Berry|[eat]
|-heal|p2a: Incineroar|71/100|[from] item: Sitrus Berry
|move|p2b: Gholdengo|Make It Rain|p1a: Incineroar|[spread] p1a,p1b
|-resisted|p1a: Incineroar|1
|-damage|p1a: Incineroar|54/100
|-enditem|p1b: Sneasler|Focus Sash
|-damage|p1b: Sneasler|1/100
|-unboost|p2b: Gholdengo|spa|2
|-damage|p2b: Gholdengo|35/100|[from] item: Life Orb
|move|p2a: Incineroar|Parting Shot|p1a: Incineroar
|-unboost|p1a: Incineroar|atk|1
|-unboost|p1a: Incineroar|spa|1
|l| darthmorton
|
|t:|1785691066
|switch|p2a: Staraptor|Staraptor, L50, F|100/100|[from] Parting Shot
|-ability|p2a: Staraptor|Intimidate|boost
|-unboost|p1a: Incineroar|atk|1
|-unboost|p1b: Sneasler|atk|1
|move|p1a: Incineroar|Throat Chop|p2b: Gholdengo
|-supereffective|p2b: Gholdengo|1
|-damage|p2b: Gholdengo|7/100
|-start|p2b: Gholdengo|Throat Chop|[silent]
|
|upkeep
|turn|5
|j| darthmorton
|
|t:|1785691089
|switch|p1a: Ninetales|Ninetales-Alola, L50, M|100/100
|-weather|Snowscape|[from] ability: Snow Warning|[of] p1a: Ninetales
|detailschange|p2a: Staraptor|Staraptor-Mega, L50, F
|-mega|p2a: Staraptor|Staraptor|Staraptite
|move|p1b: Sneasler|Rock Slide|p2b: Gholdengo|[spread] p2a,p2b
|-resisted|p2b: Gholdengo|1
|-damage|p2a: Staraptor|92/100
|-damage|p2b: Gholdengo|3/100
|cant|p2a: Staraptor|flinch
|move|p2b: Gholdengo|Make It Rain|p1b: Sneasler|[spread] p1a,p1b
|-supereffective|p1a: Ninetales|2
|-damage|p1a: Ninetales|0 fnt
|-damage|p1b: Sneasler|0 fnt
|-unboost|p2b: Gholdengo|spa|2
|faint|p1a: Ninetales
|faint|p1b: Sneasler
|-damage|p2b: Gholdengo|0 fnt|[from] item: Life Orb
|faint|p2b: Gholdengo
|
|-weather|Snowscape|[upkeep]
|upkeep
|-message|MichaelderBeste2 forfeited.
|
|win|dominicex
||MichaelderBeste2 is ready for game 3.
|j| thing japan
|inactive|dominicex has 30 seconds to confirm battle start!
|l| TrueView
||dominicex is ready for game 3.
|uhtml|next|Next: Game 3 of 3
|l| thingjapan
|l|+Radio Free C-Side
|l| icypenguin604
|l| KIoyZ
|l| AIRedzone
|l| Schister
|l| darthmorton
|j| Schister
|l|+iPetBigfoot
|j| Lmk
|l| Lmk
|l| FRD DecK
|l| LT131WVT
|l| elladine
|j| proszz
|l| Schister
|l| AKhant
|j| AKhant
|l| thepokemonuploads
