|j|☆zaharba
|j|☆1234moe
|html|zaharba1234moe    
|uhtml|bestof|Game 2 of a best-of-3
|t:|1783941263
|gametype|doubles
|player|p1|zaharba|265|1116
|player|p2|1234moe|170|1090
|gen|9
|tier|[Gen 9 Champions] VGC 2026 Reg M-B (Bo3)
|rated|
|rule|Species Clause: Limit one of each Pokémon
|rule|Item Clause: Limit 1 of each item
|clearpoke
|poke|p1|Raichu, L50, F, shiny|
|poke|p1|Vivillon, L50, F|
|poke|p1|Ninetales-Alola, L50, F, shiny|
|poke|p1|Tyranitar, L50, M|
|poke|p1|Basculegion-F, L50, F|
|poke|p1|Talonflame, L50, M|
|poke|p2|Whimsicott, L50, F|
|poke|p2|Floette-Eternal, L50, F|
|poke|p2|Charizard, L50, F|
|poke|p2|Kingambit, L50, M|
|poke|p2|Incineroar, L50, M|
|poke|p2|Basculegion, L50, M|
|teampreview|4
|showteam|p1|Raichu||RaichuniteY|LightningRod|FocusBlast,ZapCannon,UpperHand,FakeOut|Timid||F|||50|]Vivillon||ChoiceScarf|CompoundEyes|SleepPowder,RagePowder,Hurricane,WeatherBall|Timid||F|||50|]Ninetales-Alola||NeverMeltIce|SnowWarning|Protect,FreezeDry,Blizzard,Encore|Timid||F|||50|]Tyranitar||FocusSash|SandStream|RockSlide,KnockOff,Protect,DragonDance|Jolly||M|||50|]Basculegion-F||SpellTag|Adaptability|Protect,Hex,HydroPump,MuddyWater|Modest||F|||50|]Talonflame||LifeOrb|GaleWings|Whirlwind,BraveBird,Overheat,Tailwind|Naive||M|||50|
|showteam|p2|Whimsicott||FocusSash|Prankster|Protect,Moonblast,Tailwind,Encore|Timid||F|||50|]Floette-Eternal||Floettite|FlowerVeil|Protect,DazzlingGleam,DrainingKiss,LightofRuin|Timid||F|||50|]Charizard||CharizarditeY|Blaze|Protect,WeatherBall,HeatWave,SolarBeam|Modest||F|||50|]Kingambit||BlackGlasses|Defiant|Protect,KowtowCleave,SuckerPunch,IronHead|Adamant||M|||50|]Incineroar||SitrusBerry|Intimidate|FakeOut,FlareBlitz,ThroatChop,PartingShot|Careful||M|||50|]Basculegion||LifeOrb|Adaptability|WaveCrash,LastRespects,AquaJet,Protect|Jolly||M|||50|
|inactive|Battle timer is ON: inactive players will automatically lose when time's up. (requested by zaharba)
|inactive|1234moe also wants the timer to be on.
|l|☆zaharba
|inactive|zaharba disconnected and has a minute to reconnect!
|player|p1|
|j|☆zaharba
|inactive|zaharba reconnected.
|player|p1|zaharba|265|
|
|t:|1783941291
|teamsize|p1|4
|teamsize|p2|4
|start
|switch|p1a: Talonflame|Talonflame, L50, M|100/100
|switch|p1b: Raichu|Raichu, L50, F, shiny|100/100
|switch|p2a: Basculegion|Basculegion, L50, M|100/100
|switch|p2b: Incineroar|Incineroar, L50, M|100/100
|-ability|p2b: Incineroar|Intimidate|boost
|-unboost|p1a: Talonflame|atk|1
|-unboost|p1b: Raichu|atk|1
|turn|1
|inactive|zaharba has 30 seconds left.
|inactive|zaharba has 20 seconds left.
|inactive|zaharba has 15 seconds left.
|
|t:|1783941335
|detailschange|p1b: Raichu|Raichu-Mega-Y, L50, F, shiny
|-mega|p1b: Raichu|Raichu|Raichunite Y
|move|p2b: Incineroar|Fake Out|p1b: Raichu
|-damage|p1b: Raichu|80/100
|move|p1a: Talonflame|Tailwind|p1a: Talonflame
|-sidestart|p1: zaharba|move: Tailwind
|cant|p1b: Raichu|flinch
|move|p2a: Basculegion|Wave Crash|p1a: Talonflame
|-supereffective|p1a: Talonflame|1
|-damage|p1a: Talonflame|0 fnt
|faint|p1a: Talonflame
|-damage|p2a: Basculegion|73/100|[from] Recoil
|-damage|p2a: Basculegion|64/100|[from] item: Life Orb
|
|upkeep
|
|t:|1783941349
|switch|p1a: Tyranitar|Tyranitar, L50, M|100/100
|-weather|Sandstorm|[from] ability: Sand Stream|[of] p1a: Tyranitar
|turn|2
|
|t:|1783941372
|move|p2a: Basculegion|Protect|p2a: Basculegion
|-singleturn|p2a: Basculegion|Protect
|move|p1b: Raichu|Zap Cannon|p2b: Incineroar
|-damage|p2b: Incineroar|42/100
|-status|p2b: Incineroar|par
|-enditem|p2b: Incineroar|Sitrus Berry|[eat]
|-heal|p2b: Incineroar|66/100 par|[from] item: Sitrus Berry
|move|p1a: Tyranitar|Dragon Dance|p1a: Tyranitar
|-boost|p1a: Tyranitar|atk|1
|-boost|p1a: Tyranitar|spe|1
|move|p2b: Incineroar|Parting Shot|p1a: Tyranitar
|-unboost|p1a: Tyranitar|atk|1
|-unboost|p1a: Tyranitar|spa|1
|
|t:|1783941387
|switch|p2b: Whimsicott|Whimsicott, L50, F|100/100|[from] Parting Shot
|
|-weather|Sandstorm|[upkeep]
|-damage|p1b: Raichu|73/100|[from] Sandstorm
|-damage|p2b: Whimsicott|94/100|[from] Sandstorm
|-damage|p2a: Basculegion|57/100|[from] Sandstorm
|upkeep
|turn|3
|
|t:|1783941404
|switch|p2a: Incineroar|Incineroar, L50, M|66/100 par
|-ability|p2a: Incineroar|Intimidate|boost
|-unboost|p1a: Tyranitar|atk|1
|-unboost|p1b: Raichu|atk|1
|move|p2b: Whimsicott|Tailwind|p2b: Whimsicott
|-sidestart|p2: 1234moe|move: Tailwind
|move|p1b: Raichu|Zap Cannon|p2a: Incineroar
|-damage|p2a: Incineroar|9/100 par
|move|p1a: Tyranitar|Dragon Dance|p1a: Tyranitar
|-boost|p1a: Tyranitar|atk|1
|-boost|p1a: Tyranitar|spe|1
|
|-weather|Sandstorm|[upkeep]
|-damage|p1b: Raichu|67/100|[from] Sandstorm
|-damage|p2b: Whimsicott|88/100|[from] Sandstorm
|-damage|p2a: Incineroar|3/100 par|[from] Sandstorm
|upkeep
|turn|4
|inactive|1234moe has 30 seconds left.
|
|t:|1783941434
|move|p1a: Tyranitar|Protect|p1a: Tyranitar
|-singleturn|p1a: Tyranitar|Protect
|move|p2a: Incineroar|Fake Out|p1a: Tyranitar
|-activate|p1a: Tyranitar|move: Protect
|move|p1b: Raichu|Zap Cannon|p2b: Whimsicott
|-resisted|p2b: Whimsicott|1
|-damage|p2b: Whimsicott|33/100
|-status|p2b: Whimsicott|par
|move|p2b: Whimsicott|Moonblast|p1a: Tyranitar
|-activate|p1a: Tyranitar|move: Protect
|
|-weather|Sandstorm|[upkeep]
|-damage|p1b: Raichu|61/100|[from] Sandstorm
|-damage|p2b: Whimsicott|27/100 par|[from] Sandstorm
|-damage|p2a: Incineroar|0 fnt|[from] Sandstorm
|faint|p2a: Incineroar
|-sideend|p1: zaharba|move: Tailwind
|upkeep
|inactive|1234moe has 30 seconds left.
|
|t:|1783941461
|switch|p2a: Floette|Floette-Eternal, L50, F|100/100
|turn|5
|inactive|zaharba has 30 seconds left.
|
|t:|1783941490
|detailschange|p2a: Floette|Floette-Mega, L50, F
|-mega|p2a: Floette|Floette|Floettite
|-ability|p2a: Floette|Fairy Aura
|move|p2a: Floette|Dazzling Gleam|p1a: Tyranitar|[spread] p1a,p1b
|-supereffective|p1a: Tyranitar|1
|-damage|p1a: Tyranitar|31/100
|-damage|p1b: Raichu|0 fnt
|faint|p1b: Raichu
|move|p1a: Tyranitar|Dragon Dance|p1a: Tyranitar
|-boost|p1a: Tyranitar|atk|1
|-boost|p1a: Tyranitar|spe|1
|cant|p2b: Whimsicott|par
|
|-weather|Sandstorm|[upkeep]
|-damage|p2a: Floette|94/100|[from] Sandstorm
|-damage|p2b: Whimsicott|21/100 par|[from] Sandstorm
|upkeep
|
|t:|1783941503
|switch|p1b: Vivillon|Vivillon, L50, F|100/100
|turn|6
|
|t:|1783941524
|move|p2b: Whimsicott|Protect|p2b: Whimsicott
|-singleturn|p2b: Whimsicott|Protect
|move|p1a: Tyranitar|Protect|p1a: Tyranitar
|-singleturn|p1a: Tyranitar|Protect
|move|p2a: Floette|Dazzling Gleam|p1b: Vivillon|[spread] p1b
|-activate|p1a: Tyranitar|move: Protect
|-damage|p1b: Vivillon|19/100
|move|p1b: Vivillon|Hurricane|p2b: Whimsicott
|-activate|p2b: Whimsicott|move: Protect
|
|-weather|none
|-sideend|p2: 1234moe|move: Tailwind
|upkeep
|turn|7
|inactive|1234moe has 30 seconds left.
|
|t:|1783941551
|move|p2a: Floette|Protect|p2a: Floette
|-singleturn|p2a: Floette|Protect
|move|p2b: Whimsicott|Tailwind|p2b: Whimsicott
|-sidestart|p2: 1234moe|move: Tailwind
|move|p1a: Tyranitar|Rock Slide|p2a: Floette|[spread] 
|-activate|p2a: Floette|move: Protect
|-miss|p1a: Tyranitar|p2b: Whimsicott
|move|p1b: Vivillon|Hurricane|p2b: Whimsicott|[miss]
|-miss|p1b: Vivillon|p2b: Whimsicott
|
|upkeep
|turn|8
|
|t:|1783941573
|move|p1a: Tyranitar|Rock Slide|p2a: Floette|[spread] p2a,p2b
|-damage|p2a: Floette|43/100
|-damage|p2b: Whimsicott|0 fnt
|faint|p2b: Whimsicott
|move|p2a: Floette|Dazzling Gleam|p1b: Vivillon|[spread] p1a,p1b
|-supereffective|p1a: Tyranitar|1
|-damage|p1a: Tyranitar|0 fnt
|-damage|p1b: Vivillon|0 fnt
|faint|p1a: Tyranitar
|faint|p1b: Vivillon
|
|win|1234moe
|raw|zaharba's rating: 1116 → 1089(-27 for losing)
|raw|1234moe's rating: 1090 → 1118(+28 for winning)
|l|☆zaharba
|player|p1|
