|j|☆pantalonesHat
|j|☆higigig
|html|pantalonesHathigigig    
|uhtml|bestof|Game 3 of a best-of-3
|t:|1757042575
|gametype|doubles
|player|p1|pantalonesHat|swimmer-gen4dp|1053
|player|p2|higigig|sisandbro|1093
|gen|9
|tier|[Gen 9] VGC 2025 Reg H (Bo3)
|rated|
|rule|Species Clause: Limit one of each Pokémon
|rule|Item Clause: Limit 1 of each item
|clearpoke
|poke|p1|Archaludon, L50, F|
|poke|p1|Gholdengo, L50|
|poke|p1|Incineroar, L50, F|
|poke|p1|Overqwil, L50, F|
|poke|p1|Pelipper, L50, M|
|poke|p1|Amoonguss, L50, M|
|poke|p2|Sneasler, L50, M|
|poke|p2|Gholdengo, L50|
|poke|p2|Amoonguss, L50, F|
|poke|p2|Incineroar, L50, M|
|poke|p2|Ursaluna-Bloodmoon, L50, M|
|poke|p2|Dragonite, L50, F|
|teampreview|4
|showteam|p1|Archaludon||AssaultVest|Stamina|BodyPress,DragonPulse,ElectroShot,FlashCannon|||F|||50|,,,,,Steel]Gholdengo||LifeOrb|GoodasGold|MakeItRain,ShadowBall,NastyPlot,Protect||||||50|,,,,,Water]Incineroar||SafetyGoggles|Intimidate|KnockOff,Taunt,PartingShot,FakeOut|||F|||50|,,,,,Fire]Overqwil||ClearAmulet|SwiftSwim|GunkShot,SwordsDance,AquaTail,Protect|||F|||50|,,,,,Water]Pelipper||CovertCloak|Drizzle|WeatherBall,Hurricane,Protect,Tailwind|||M|||50|,,,,,Ground]Amoonguss||MentalHerb|Regenerator|Spore,RagePowder,Protect,ClearSmog|||M|||50|,,,,,Water
|showteam|p2|Sneasler||ClearAmulet|PoisonTouch|FakeOut,CloseCombat,DireClaw,Protect|||M|||50|,,,,,Water]Gholdengo||MetalCoat|GoodasGold|NastyPlot,MakeItRain,ShadowBall,Protect||||||50|,,,,,Water]Amoonguss||SitrusBerry|Regenerator|Spore,RagePowder,PollenPuff,Protect|||F|||50|,,,,,Water]Incineroar||SafetyGoggles|Intimidate|FakeOut,FlareBlitz,KnockOff,PartingShot|||M|||50|,,,,,Ghost]Ursaluna-Bloodmoon||LifeOrb|MindsEye|CalmMind,EarthPower,BloodMoon,Protect|||M|||50|,,,,,Poison]Dragonite||LoadedDice|Multiscale|ScaleShot,Haze,Tailwind,Protect|||F|||50|,,,,,Fairy
|inactive|Battle timer is ON: inactive players will automatically lose when time's up. (requested by higigig)
|inactive|pantalonesHat has 60 seconds left.
|inactive|pantalonesHat has 30 seconds left.
|inactive|pantalonesHat has 20 seconds left.
|inactive|pantalonesHat has 15 seconds left.
|inactive|pantalonesHat has 10 seconds left.
|
|t:|1757042659
|teamsize|p1|4
|teamsize|p2|4
|start
|switch|p1a: Amoonguss|Amoonguss, L50, M, shiny|100/100
|switch|p1b: Overqwil|Overqwil, L50, F, shiny|100/100
|switch|p2a: Dragonite|Dragonite, L50, F|100/100
|switch|p2b: Ursaluna|Ursaluna-Bloodmoon, L50, M|100/100
|turn|1
|inactive|higigig has 30 seconds left.
|
|t:|1757042690
|-terastallize|p1b: Overqwil|Water
|move|p2a: Dragonite|Scale Shot|p1a: Amoonguss
|-damage|p1a: Amoonguss|88/100
|-damage|p1a: Amoonguss|73/100
|-damage|p1a: Amoonguss|58/100
|-damage|p1a: Amoonguss|44/100
|-damage|p1a: Amoonguss|30/100
|-hitcount|p1a: Amoonguss|5
|-unboost|p2a: Dragonite|def|1
|-boost|p2a: Dragonite|spe|1
|move|p1b: Overqwil|Swords Dance|p1b: Overqwil
|-boost|p1b: Overqwil|atk|2
|move|p2b: Ursaluna|Blood Moon|p1a: Amoonguss
|-damage|p1a: Amoonguss|0 fnt
|faint|p1a: Amoonguss
|-damage|p2b: Ursaluna|91/100|[from] item: Life Orb
|
|upkeep
|
|t:|1757042710
|switch|p1a: Pelipper|Pelipper, L50, M|100/100
|-weather|RainDance|[from] ability: Drizzle|[of] p1a: Pelipper
|turn|2
|
|t:|1757042731
|switch|p2b: Amoonguss|Amoonguss, L50, F|100/100
|move|p1b: Overqwil|Aqua Tail|p2b: Amoonguss
|-resisted|p2b: Amoonguss
|-damage|p2b: Amoonguss|48/100
|-enditem|p2b: Amoonguss|Sitrus Berry|[eat]
|-heal|p2b: Amoonguss|73/100|[from] item: Sitrus Berry
|move|p2a: Dragonite|Tailwind|p2a: Dragonite
|-sidestart|p2: higigig|move: Tailwind
|move|p1a: Pelipper|Tailwind|p1a: Pelipper
|-sidestart|p1: pantalonesHat|move: Tailwind
|
|-weather|RainDance|[upkeep]
|upkeep
|turn|3
|inactive|higigig has 30 seconds left.
|inactive|pantalonesHat has 30 seconds left.
|
|t:|1757042765
|move|p1b: Overqwil|Aqua Tail|p2a: Dragonite
|-resisted|p2a: Dragonite
|-damage|p2a: Dragonite|46/100
|move|p2a: Dragonite|Scale Shot|p1b: Overqwil
|-damage|p1b: Overqwil|83/100
|-damage|p1b: Overqwil|67/100
|-damage|p1b: Overqwil|52/100
|-damage|p1b: Overqwil|37/100
|-hitcount|p1b: Overqwil|4
|-unboost|p2a: Dragonite|def|1
|-boost|p2a: Dragonite|spe|1
|move|p1a: Pelipper|Hurricane|p2b: Amoonguss
|-supereffective|p2b: Amoonguss
|-damage|p2b: Amoonguss|8/100
|move|p2b: Amoonguss|Spore|p1b: Overqwil
|-status|p1b: Overqwil|slp|[from] move: Spore
|
|-weather|RainDance|[upkeep]
|upkeep
|turn|4
|inactive|pantalonesHat has 30 seconds left.
|inactive|higigig has 30 seconds left.
|inactive|pantalonesHat has 20 seconds left.
|inactive|pantalonesHat has 15 seconds left.
|inactive|pantalonesHat has 10 seconds left.
|
|t:|1757042815
|switch|p1a: Gholdengo|Gholdengo, L50, shiny|100/100
|cant|p1b: Overqwil|slp
|move|p2a: Dragonite|Scale Shot|p1b: Overqwil
|-damage|p1b: Overqwil|21/100 slp
|-damage|p1b: Overqwil|6/100 slp
|-damage|p1b: Overqwil|0 fnt
|faint|p1b: Overqwil
|-hitcount|p1: Overqwil|3
|-unboost|p2a: Dragonite|def|1
|-boost|p2a: Dragonite|spe|1
|move|p2b: Amoonguss|Pollen Puff|p2a: Dragonite
|-heal|p2a: Dragonite|96/100
|
|-weather|RainDance|[upkeep]
|upkeep
|
|t:|1757042831
|switch|p1b: Pelipper|Pelipper, L50, M|100/100
|turn|5
|inactive|higigig has 30 seconds left.
|inactive|pantalonesHat has 30 seconds left.
|inactive|higigig has 20 seconds left.
|
|t:|1757042869
|switch|p2b: Ursaluna|Ursaluna-Bloodmoon, L50, M|91/100
|move|p2a: Dragonite|Scale Shot|p1b: Pelipper
|-damage|p1b: Pelipper|80/100
|-damage|p1b: Pelipper|61/100
|-damage|p1b: Pelipper|41/100
|-damage|p1b: Pelipper|20/100
|-damage|p1b: Pelipper|0 fnt
|faint|p1b: Pelipper
|-hitcount|p1: Pelipper|5
|-unboost|p2a: Dragonite|def|1
|-boost|p2a: Dragonite|spe|1
|move|p1a: Gholdengo|Nasty Plot|p1a: Gholdengo
|-boost|p1a: Gholdengo|spa|2
|
|-weather|RainDance|[upkeep]
|-sideend|p1: pantalonesHat|move: Tailwind
|-sideend|p2: higigig|move: Tailwind
|upkeep
|turn|6
|
|t:|1757042888
|move|p2a: Dragonite|Haze|p2a: Dragonite
|-clearallboost
|move|p1a: Gholdengo|Make It Rain|p2a: Dragonite|[spread] p2a,p2b
|-damage|p2a: Dragonite|39/100
|-damage|p2b: Ursaluna|34/100
|-unboost|p1a: Gholdengo|spa|1
|-damage|p1a: Gholdengo|91/100|[from] item: Life Orb
|move|p2b: Ursaluna|Earth Power|p1a: Gholdengo
|-supereffective|p1a: Gholdengo
|-damage|p1a: Gholdengo|0 fnt
|faint|p1a: Gholdengo
|-damage|p2b: Ursaluna|24/100|[from] item: Life Orb
|
|win|higigig
|raw|pantalonesHat's rating: 1053 → 1037(-16 for losing)
|raw|higigig's rating: 1093 → 1116(+23 for winning)
