|j|☆DOCTVGC
|j|☆andiom123
|html|DOCTVGCandiom123    
|uhtml|bestof|Game 2 of a best-of-3
|t:|1783182709
|gametype|doubles
|player|p1|DOCTVGC|benga|1151
|player|p2|andiom123|red|1051
|gen|9
|tier|[Gen 9 Champions] VGC 2026 Reg M-B (Bo3)
|rated|
|rule|Species Clause: Limit one of each Pokémon
|rule|Item Clause: Limit 1 of each item
|clearpoke
|poke|p1|Staraptor, L50, F|
|poke|p1|Gholdengo, L50|
|poke|p1|Raichu, L50, M|
|poke|p1|Grimmsnarl, L50, M|
|poke|p1|Toxapex, L50, F|
|poke|p1|Hydreigon, L50, M|
|poke|p2|Incineroar, L50, M|
|poke|p2|Farigiraf, L50, M|
|poke|p2|Sylveon, L50, F|
|poke|p2|Torkoal, L50, M|
|poke|p2|Kangaskhan, L50, F|
|poke|p2|Mawile, L50, F|
|teampreview|4
|showteam|p1|Staraptor||Staraptite|Intimidate|Protect,BlazeKick,BraveBird,CloseCombat|Jolly||F|||50|]Gholdengo||LifeOrb|GoodasGold|Protect,NastyPlot,MakeItRain,ShadowBall|Timid|||||50|]Raichu||FocusSash|LightningRod|Protect,FakeOut,Encore,Thunderbolt|Timid||M|||50|]Grimmsnarl||IronBall|Prankster|Trick,PartingShot,Protect,SpiritBreak|Adamant||M|||50|]Toxapex||Leftovers|Regenerator|BanefulBunker,WideGuard,Toxic,Infestation|Sassy||F|||50|]Hydreigon||ChoiceScarf|Levitate|DarkPulse,EarthPower,FlashCannon,DracoMeteor|Modest||M|||50|
|showteam|p2|Incineroar||MuscleBand|Intimidate|ThroatChop,FlareBlitz,FakeOut,PartingShot|Brave||M|||50|]Farigiraf||SitrusBerry|ArmorTail|FoulPlay,Psyshock,TrickRoom,HelpingHand|Relaxed||M|||50|]Sylveon||LifeOrb|Pixilate|HyperVoice,HyperBeam,QuickAttack,Detect|Modest||F|||50|]Torkoal||Charcoal|Drought|Eruption,EarthPower,Flamethrower,Protect|Quiet||M|||50|]Kangaskhan||Kangaskhanite|Scrappy|DoubleEdge,FakeOut,IcePunch,HammerArm|Brave||F|||50|]Mawile||Mawilite|HyperCutter|RockSlide,PlayRough,SuckerPunch,Protect|Brave||F|||50|
|inactive|Battle timer is ON: inactive players will automatically lose when time's up. (requested by DOCTVGC)
|
|t:|1783182757
|teamsize|p1|4
|teamsize|p2|4
|start
|switch|p1a: Staraptor|Staraptor, L50, F|100/100
|switch|p1b: Grimmsnarl|Grimmsnarl, L50, M|100/100
|switch|p2a: Farigiraf|Farigiraf, L50, M|100/100
|switch|p2b: Incineroar|Incineroar, L50, M|100/100
|-ability|p1a: Staraptor|Intimidate|boost
|-unboost|p2a: Farigiraf|atk|1
|-unboost|p2b: Incineroar|atk|1
|-ability|p2b: Incineroar|Intimidate|boost
|-unboost|p1a: Staraptor|atk|1
|-unboost|p1b: Grimmsnarl|atk|1
|turn|1
|inactive|andiom123 has 30 seconds left.
|inactive|DOCTVGC has 30 seconds left.
|
|t:|1783182793
|switch|p1b: Toxapex|Toxapex, L50, F|100/100
|detailschange|p1a: Staraptor|Staraptor-Mega, L50, F
|-mega|p1a: Staraptor|Staraptor|Staraptite
|move|p2b: Incineroar|Fake Out|p1a: Staraptor
|-damage|p1a: Staraptor|87/100
|cant|p1a: Staraptor|flinch
|move|p2a: Farigiraf|Trick Room|p2a: Farigiraf
|-fieldstart|move: Trick Room|[of] p2a: Farigiraf
|
|upkeep
|turn|2
|inactive|andiom123 has 30 seconds left.
|inactive|andiom123 has 20 seconds left.
|inactive|andiom123 has 15 seconds left.
|inactive|andiom123 has 10 seconds left.
|
|t:|1783182842
|switch|p2b: Sylveon|Sylveon, L50, F|100/100
|switch|p1a: Grimmsnarl|Grimmsnarl, L50, M|100/100
|move|p1b: Toxapex|Toxic|p2a: Farigiraf
|-status|p2a: Farigiraf|tox
|move|p2a: Farigiraf|Psyshock|p1b: Toxapex
|-supereffective|p1b: Toxapex|1
|-damage|p1b: Toxapex|56/100
|
|-heal|p1b: Toxapex|61/100|[from] item: Leftovers
|-damage|p2a: Farigiraf|93/100 tox|[from] psn
|upkeep
|turn|3
|inactive|andiom123 has 30 seconds left.
|
|t:|1783182877
|move|p1b: Toxapex|Baneful Bunker|p1b: Toxapex
|-singleturn|p1b: Toxapex|move: Protect
|move|p1a: Grimmsnarl|Spirit Break|p2a: Farigiraf
|-damage|p2a: Farigiraf|66/100 tox
|-unboost|p2a: Farigiraf|spa|1
|move|p2a: Farigiraf|Psyshock|p1b: Toxapex
|-activate|p1b: Toxapex|move: Protect
|move|p2b: Sylveon|Hyper Voice|p1b: Toxapex|[spread] p1a
|-activate|p1b: Toxapex|move: Protect
|-supereffective|p1a: Grimmsnarl|1
|-damage|p1a: Grimmsnarl|12/100
|-damage|p2b: Sylveon|90/100|[from] item: Life Orb
|
|-heal|p1b: Toxapex|67/100|[from] item: Leftovers
|-damage|p2a: Farigiraf|54/100 tox|[from] psn
|upkeep
|turn|4
|
|t:|1783182899
|move|p1a: Grimmsnarl|Spirit Break|p2b: Sylveon
|-damage|p2b: Sylveon|55/100
|-unboost|p2b: Sylveon|spa|1
|move|p1b: Toxapex|Infestation|p2a: Farigiraf
|-supereffective|p2a: Farigiraf|1
|-damage|p2a: Farigiraf|48/100 tox
|-activate|p2a: Farigiraf|move: Infestation|[of] p1b: Toxapex
|-enditem|p2a: Farigiraf|Sitrus Berry|[eat]
|-heal|p2a: Farigiraf|73/100 tox|[from] item: Sitrus Berry
|move|p2a: Farigiraf|Psyshock|p1b: Toxapex
|-supereffective|p1b: Toxapex|1
|-damage|p1b: Toxapex|32/100
|move|p2b: Sylveon|Hyper Voice|p1a: Grimmsnarl|[spread] p1a,p1b
|-supereffective|p1a: Grimmsnarl|1
|-resisted|p1b: Toxapex|1
|-damage|p1a: Grimmsnarl|0 fnt
|-damage|p1b: Toxapex|21/100
|faint|p1a: Grimmsnarl
|-damage|p2b: Sylveon|46/100|[from] item: Life Orb
|
|-heal|p1b: Toxapex|27/100|[from] item: Leftovers
|-damage|p2a: Farigiraf|54/100 tox|[from] psn
|-damage|p2a: Farigiraf|42/100 tox|[from] move: Infestation|[partiallytrapped]
|upkeep
|
|t:|1783182920
|switch|p1a: Gholdengo|Gholdengo, L50|100/100
|turn|5
|
|t:|1783182935
|switch|p2b: Incineroar|Incineroar, L50, M|100/100
|-ability|p2b: Incineroar|Intimidate|boost
|-unboost|p1a: Gholdengo|atk|1
|-unboost|p1b: Toxapex|atk|1
|move|p1b: Toxapex|Baneful Bunker|p1b: Toxapex
|-singleturn|p1b: Toxapex|move: Protect
|move|p2a: Farigiraf|Psyshock|p1b: Toxapex
|-activate|p1b: Toxapex|move: Protect
|move|p1a: Gholdengo|Nasty Plot|p1a: Gholdengo
|-boost|p1a: Gholdengo|spa|2
|
|-heal|p1b: Toxapex|33/100|[from] item: Leftovers
|-damage|p2a: Farigiraf|17/100 tox|[from] psn
|-damage|p2a: Farigiraf|4/100 tox|[from] move: Infestation|[partiallytrapped]
|-fieldend|move: Trick Room
|upkeep
|turn|6
|inactive|DOCTVGC has 30 seconds left.
|
|t:|1783182967
|-heal|p1b: Toxapex|66/100|[from] ability: Regenerator|[silent]
|switch|p1b: Staraptor|Staraptor-Mega, L50, F|87/100
|move|p1a: Gholdengo|Make It Rain|p2a: Farigiraf|[spread] p2a,p2b
|-resisted|p2b: Incineroar|1
|-damage|p2a: Farigiraf|0 fnt
|-damage|p2b: Incineroar|42/100
|-unboost|p1a: Gholdengo|spa|2
|faint|p2a: Farigiraf
|-damage|p1a: Gholdengo|90/100|[from] item: Life Orb
|move|p2b: Incineroar|Flare Blitz|p1a: Gholdengo
|-supereffective|p1a: Gholdengo|1
|-damage|p1a: Gholdengo|0 fnt
|faint|p1a: Gholdengo
|-damage|p2b: Incineroar|17/100|[from] Recoil
|
|upkeep
|
|t:|1783182984
|switch|p1a: Toxapex|Toxapex, L50, F|66/100
|switch|p2a: Kangaskhan|Kangaskhan, L50, F|100/100
|turn|7
|
|t:|1783183009
|switch|p2a: Sylveon|Sylveon, L50, F|46/100
|move|p1b: Staraptor|Protect|p1b: Staraptor
|-singleturn|p1b: Staraptor|Protect
|move|p2b: Incineroar|Parting Shot|p2a: Sylveon
|-unboost|p2a: Sylveon|atk|1
|-unboost|p2a: Sylveon|spa|1
|
|t:|1783183021
|switch|p2b: Kangaskhan|Kangaskhan, L50, F|100/100|[from] Parting Shot
|move|p1a: Toxapex|Toxic|p2a: Sylveon
|-status|p2a: Sylveon|tox
|
|-heal|p1a: Toxapex|72/100|[from] item: Leftovers
|-damage|p2a: Sylveon|40/100 tox|[from] psn
|upkeep
|turn|8
|
|t:|1783183041
|detailschange|p2b: Kangaskhan|Kangaskhan-Mega, L50, F
|-mega|p2b: Kangaskhan|Kangaskhan|Kangaskhanite
|move|p2b: Kangaskhan|Fake Out|p1b: Staraptor
|-damage|p1b: Staraptor|61/100
|-damage|p1b: Staraptor|55/100
|-hitcount|p1b: Staraptor|2
|cant|p1b: Staraptor|flinch
|move|p2a: Sylveon|Hyper Beam|p1b: Staraptor
|-supereffective|p1b: Staraptor|1
|-damage|p1b: Staraptor|0 fnt
|-mustrecharge|p2a: Sylveon
|faint|p1b: Staraptor
|-damage|p2a: Sylveon|30/100 tox|[from] item: Life Orb
|move|p1a: Toxapex|Toxic|p2b: Kangaskhan
|-status|p2b: Kangaskhan|tox
|
|-heal|p1a: Toxapex|78/100|[from] item: Leftovers
|-damage|p2b: Kangaskhan|93/100 tox|[from] psn
|-damage|p2a: Sylveon|19/100 tox|[from] psn
|upkeep
|turn|9
|inactive|andiom123 has 30 seconds left.
|
|t:|1783183071
|switch|p2b: Incineroar|Incineroar, L50, M|17/100
|-ability|p2b: Incineroar|Intimidate|boost
|-unboost|p1a: Toxapex|atk|1
|cant|p2a: Sylveon|recharge
|move|p1a: Toxapex|Infestation|p2b: Incineroar
|-damage|p2b: Incineroar|14/100
|-activate|p2b: Incineroar|move: Infestation|[of] p1a: Toxapex
|
|-heal|p1a: Toxapex|83/100|[from] item: Leftovers
|-damage|p2a: Sylveon|1/100 tox|[from] psn
|-damage|p2b: Incineroar|2/100|[from] move: Infestation|[partiallytrapped]
|upkeep
|turn|10
|inactive|andiom123 has 30 seconds left.
|
|t:|1783183096
|switch|p2a: Kangaskhan|Kangaskhan-Mega, L50, F|93/100 tox
|move|p1a: Toxapex|Baneful Bunker|p1a: Toxapex
|-singleturn|p1a: Toxapex|move: Protect
|move|p2b: Incineroar|Throat Chop|p1a: Toxapex
|-activate|p1a: Toxapex|move: Protect
|-status|p2b: Incineroar|psn
|
|-heal|p1a: Toxapex|89/100|[from] item: Leftovers
|-damage|p2a: Kangaskhan|87/100 tox|[from] psn
|-damage|p2b: Incineroar|0 fnt|[from] psn
|faint|p2b: Incineroar
|upkeep
|
|t:|1783183107
|switch|p2b: Sylveon|Sylveon, L50, F|1/100 tox
|turn|11
|
|t:|1783183113
|move|p2a: Kangaskhan|Double-Edge|p1a: Toxapex
|-damage|p1a: Toxapex|41/100
|-damage|p1a: Toxapex|29/100
|-hitcount|p1a: Toxapex|2
|-damage|p2a: Kangaskhan|73/100 tox|[from] Recoil
|move|p2b: Sylveon|Hyper Beam|p1a: Toxapex
|-resisted|p1a: Toxapex|1
|-damage|p1a: Toxapex|0 fnt
|-mustrecharge|p2b: Sylveon
|faint|p1a: Toxapex
|-damage|p2b: Sylveon|0 fnt|[from] item: Life Orb
|faint|p2b: Sylveon
|
|win|andiom123
||DOCTVGC is ready for game 3.
|inactive|andiom123 has 30 seconds to confirm battle start!
||andiom123 is ready for game 3.
|uhtml|next|Next: Game 3 of 3
|l|☆DOCTVGC
|player|p1|
