|j|☆Panexeri
|j|☆Franz Slowdived
|html|PanexeriFranz Slowdived    
|uhtml|bestof|Game 3 of a best-of-3
|t:|1756934636
|gametype|doubles
|player|p1|Panexeri|guitarist|1128
|player|p2|Franz Slowdived|2|1048
|gen|9
|tier|[Gen 9] VGC 2025 Reg H (Bo3)
|rated|
|rule|Species Clause: Limit one of each Pokémon
|rule|Item Clause: Limit 1 of each item
|clearpoke
|poke|p1|Incineroar, L50, M|
|poke|p1|Amoonguss, L50, M|
|poke|p1|Sneasler, L50, M|
|poke|p1|Gholdengo, L50|
|poke|p1|Porygon2, L50|
|poke|p1|Ursaluna, L50, F|
|poke|p2|Goodra-Hisui, L50, F|
|poke|p2|Grimmsnarl, L50, M|
|poke|p2|Primarina, L50, F|
|poke|p2|Rillaboom, L50, F|
|poke|p2|Volcarona, L50, F|
|poke|p2|Salamence, L50, F|
|teampreview|4
|showteam|p1|Incineroar||SafetyGoggles|Intimidate|FlareBlitz,KnockOff,PartingShot,FakeOut|||M|||50|,,,,,Ghost]Amoonguss||RockyHelmet|Regenerator|Protect,PollenPuff,RagePowder,Spore|||M|||50|,,,,,Water]Sneasler||FocusSash|Unburden|DireClaw,CloseCombat,ThroatChop,Protect|||M|||50|,,,,,Dark]Gholdengo||LifeOrb|GoodasGold|Protect,NastyPlot,MakeItRain,ShadowBall||||||50|,,,,,Dragon]Porygon2||Eviolite|Download|TeraBlast,IceBeam,Recover,TrickRoom||||||50|,,,,,Fighting]Ursaluna||FlameOrb|Guts|Protect,Facade,HeadlongRush,Substitute|||F|||50|,,,,,Ghost
|showteam|p2|Goodra-Hisui||Leftovers|ShellArmor|BodyPress,HeavySlam,Shelter,Protect|||F|||50|,,,,,Bug]Grimmsnarl||LightClay|Prankster|SpiritBreak,Reflect,LightScreen,MistyTerrain|||M|||50|,,,,,Ghost]Primarina||ThroatSpray|LiquidVoice|HyperVoice,Moonblast,Haze,Protect|||F|||50|,,,,,Poison]Rillaboom||MiracleSeed|GrassySurge|WoodHammer,GrassyGlide,HighHorsepower,FakeOut|||F|||50|,,,,,Grass]Volcarona||SitrusBerry|FlameBody|HeatWave,WillOWisp,RagePowder,Tailwind|||F|||50|,,,,,Electric]Salamence||ChoiceBand|Intimidate|DualWingbeat,DragonClaw,RockSlide,Crunch|||F|||50|,,,,,Stellar
|inactive|Battle timer is ON: inactive players will automatically lose when time's up. (requested by Panexeri)
|inactive|Franz Slowdived has 60 seconds left.
|inactive|Franz Slowdived has 30 seconds left.
|inactive|Franz Slowdived has 20 seconds left.
|inactive|Franz Slowdived has 15 seconds left.
|
|t:|1756934767
|teamsize|p1|4
|teamsize|p2|4
|start
|switch|p1a: Incineroar|Incineroar, L50, M, shiny|100/100
|switch|p1b: Gholdengo|Gholdengo, L50|100/100
|switch|p2a: Grimmsnarl|Grimmsnarl, L50, M|100/100
|switch|p2b: Volcarona|Volcarona, L50, F|100/100
|-ability|p1a: Incineroar|Intimidate|boost
|-unboost|p2a: Grimmsnarl|atk|1
|-unboost|p2b: Volcarona|atk|1
|turn|1
|inactive|Franz Slowdived has 30 seconds left.
|inactive|Franz Slowdived has 20 seconds left.
|
|t:|1756934803
|move|p1a: Incineroar|Fake Out|p2b: Volcarona
|-damage|p2b: Volcarona|87/100
|move|p2a: Grimmsnarl|Light Screen|p2a: Grimmsnarl
|-sidestart|p2: Franz Slowdived|move: Light Screen
|cant|p2b: Volcarona|flinch
|move|p1b: Gholdengo|Nasty Plot|p1b: Gholdengo
|-boost|p1b: Gholdengo|spa|2
|
|upkeep
|turn|2
|inactive|Panexeri has 30 seconds left.
|
|t:|1756934831
|switch|p2a: Primarina|Primarina, L50, F|100/100
|move|p1b: Gholdengo|Protect|p1b: Gholdengo
|-singleturn|p1b: Gholdengo|Protect
|move|p2b: Volcarona|Heat Wave|p1b: Gholdengo|[spread] p1a
|-activate|p1b: Gholdengo|move: Protect
|-resisted|p1a: Incineroar
|-damage|p1a: Incineroar|90/100
|move|p1a: Incineroar|Parting Shot|p2b: Volcarona
|-unboost|p2b: Volcarona|atk|1
|-unboost|p2b: Volcarona|spa|1
|
|t:|1756934847
|switch|p1a: Amoonguss|Amoonguss, L50, M, shiny|100/100|[from] Parting Shot
|
|upkeep
|turn|3
|
|t:|1756934870
|switch|p2b: Grimmsnarl|Grimmsnarl, L50, M|100/100
|-terastallize|p1a: Amoonguss|Water
|move|p1a: Amoonguss|Rage Powder|p1a: Amoonguss
|-singleturn|p1a: Amoonguss|move: Rage Powder
|move|p1b: Gholdengo|Shadow Ball|p2b: Grimmsnarl
|-resisted|p2b: Grimmsnarl
|-damage|p2b: Grimmsnarl|66/100
|-damage|p1b: Gholdengo|91/100|[from] item: Life Orb
|move|p2a: Primarina|Haze|p2a: Primarina
|-clearallboost
|
|upkeep
|turn|4
|inactive|Panexeri has 30 seconds left.
|inactive|Panexeri has 20 seconds left.
|
|t:|1756934907
|move|p2b: Grimmsnarl|Misty Terrain|p2b: Grimmsnarl
|-fieldstart|move: Misty Terrain
|move|p1b: Gholdengo|Make It Rain|p2b: Grimmsnarl|[spread] p2a,p2b
|-supereffective|p2b: Grimmsnarl
|-damage|p2a: Primarina|67/100
|-damage|p2b: Grimmsnarl|0 fnt
|-unboost|p1b: Gholdengo|spa|1
|faint|p2b: Grimmsnarl
|-damage|p1b: Gholdengo|82/100|[from] item: Life Orb
|move|p2a: Primarina|Moonblast|p1a: Amoonguss
|-damage|p1a: Amoonguss|60/100
|-unboost|p1a: Amoonguss|spa|1
|move|p1a: Amoonguss|Pollen Puff|p2a: Primarina
|-resisted|p2a: Primarina
|-damage|p2a: Primarina|64/100
|
|upkeep
|inactive|Franz Slowdived has 30 seconds left.
|
|t:|1756934941
|switch|p2b: Volcarona|Volcarona, L50, F|87/100
|turn|5
|
|t:|1756934957
|switch|p1b: Incineroar|Incineroar, L50, M, shiny|90/100
|-ability|p1b: Incineroar|Intimidate|boost
|-unboost|p2a: Primarina|atk|1
|-unboost|p2b: Volcarona|atk|1
|move|p2b: Volcarona|Tailwind|p2b: Volcarona
|-sidestart|p2: Franz Slowdived|move: Tailwind
|move|p2a: Primarina|Hyper Voice|p1b: Incineroar|[spread] p1a,p1b
|-resisted|p1a: Amoonguss
|-supereffective|p1b: Incineroar
|-damage|p1a: Amoonguss|47/100
|-damage|p1b: Incineroar|42/100
|-enditem|p2a: Primarina|Throat Spray
|-boost|p2a: Primarina|spa|1|[from] item: Throat Spray
|move|p1a: Amoonguss|Pollen Puff|p1b: Incineroar
|-heal|p1b: Incineroar|92/100
|
|upkeep
|turn|6
|inactive|Panexeri has 30 seconds left.
|inactive|Franz Slowdived has 30 seconds left.
|inactive|Panexeri has 20 seconds left.
|inactive|Panexeri has 15 seconds left.
|
|t:|1756934997
|move|p2b: Volcarona|Rage Powder|p2b: Volcarona
|-singleturn|p2b: Volcarona|move: Rage Powder
|move|p2a: Primarina|Hyper Voice|p1a: Amoonguss|[spread] p1a,p1b
|-resisted|p1a: Amoonguss
|-supereffective|p1b: Incineroar
|-damage|p1a: Amoonguss|25/100
|-damage|p1b: Incineroar|22/100
|move|p1b: Incineroar|Knock Off|p2b: Volcarona
|-damage|p2b: Volcarona|40/100
|-enditem|p2b: Volcarona|Sitrus Berry|[from] move: Knock Off|[of] p1b: Incineroar
|move|p1a: Amoonguss|Pollen Puff|p2b: Volcarona
|-resisted|p2b: Volcarona
|-damage|p2b: Volcarona|36/100
|
|upkeep
|turn|7
|
|t:|1756935021
|switch|p1b: Sneasler|Sneasler, L50, M|100/100
|move|p1a: Amoonguss|Protect|p1a: Amoonguss
|-singleturn|p1a: Amoonguss|Protect
|move|p2b: Volcarona|Heat Wave|p1b: Sneasler|[spread] p1b
|-activate|p1a: Amoonguss|move: Protect
|-damage|p1b: Sneasler|60/100
|move|p2a: Primarina|Hyper Voice|p1b: Sneasler|[spread] p1b
|-activate|p1a: Amoonguss|move: Protect
|-damage|p1b: Sneasler|0 fnt
|faint|p1b: Sneasler
|
|upkeep
|
|t:|1756935037
|switch|p1b: Gholdengo|Gholdengo, L50|82/100
|turn|8
|
|t:|1756935052
|switch|p1a: Incineroar|Incineroar, L50, M, shiny|22/100
|-ability|p1a: Incineroar|Intimidate|boost
|-unboost|p2a: Primarina|atk|1
|-unboost|p2b: Volcarona|atk|1
|move|p2b: Volcarona|Heat Wave|p1b: Gholdengo|[spread] p1a,p1b
|-resisted|p1a: Incineroar
|-crit|p1a: Incineroar
|-supereffective|p1b: Gholdengo
|-damage|p1a: Incineroar|4/100
|-damage|p1b: Gholdengo|18/100
|move|p2a: Primarina|Hyper Voice|p1a: Incineroar|[spread] p1a,p1b
|-supereffective|p1a: Incineroar
|-damage|p1a: Incineroar|0 fnt
|-damage|p1b: Gholdengo|0 fnt
|faint|p1a: Incineroar
|faint|p1b: Gholdengo
|
|-sideend|p2: Franz Slowdived|move: Light Screen
|-sideend|p2: Franz Slowdived|move: Tailwind
|-fieldend|Misty Terrain
|upkeep
|
|t:|1756935059
|switch|p1b: Amoonguss|Amoonguss, L50, M, shiny, tera:Water|58/100
|turn|9
|-message|Panexeri forfeited.
|
|win|Franz Slowdived
|raw|Panexeri's rating: 1128 → 1097(-31 for losing)
|raw|Franz Slowdived's rating: 1048 → 1088(+40 for winning)
