|j|☆toxiccroc12
|j|☆satandagiii2005
|html|toxiccroc12satandagiii2005    
|uhtml|bestof|Game 2 of a best-of-3
|t:|1784330457
|gametype|doubles
|player|p1|toxiccroc12|101|1079
|player|p2|satandagiii2005|byron|1169
|gen|9
|tier|[Gen 9 Champions] VGC 2026 Reg M-B (Bo3)
|rated|
|rule|Species Clause: Limit one of each Pokémon
|rule|Item Clause: Limit 1 of each item
|clearpoke
|poke|p1|Floette-Eternal, L50, F|
|poke|p1|Incineroar, L50, F|
|poke|p1|Sinistcha, L50|
|poke|p1|Delphox, L50, M|
|poke|p1|Sneasler, L50, M|
|poke|p1|Kingambit, L50, F|
|poke|p2|Venusaur, L50, M|
|poke|p2|Grimmsnarl, L50, M|
|poke|p2|Pelipper, L50, F|
|poke|p2|Archaludon, L50, F|
|poke|p2|Swampert, L50, M|
|poke|p2|Hydreigon, L50, M|
|teampreview|4
|showteam|p1|Floette-Eternal||Floettite|FlowerVeil|DazzlingGleam,DrainingKiss,CalmMind,Protect|Modest||F|||50|]Incineroar||SitrusBerry|Intimidate|FlareBlitz,FakeOut,PartingShot,HelpingHand|Impish||F|||50|]Sinistcha||OccaBerry|Hospitality|MatchaGotcha,RagePowder,TrickRoom,Protect|Relaxed|||||50|]Delphox||Delphoxite|Blaze|HeatWave,Psyshock,NastyPlot,Protect|Timid||M|||50|]Sneasler||FocusSash|PoisonTouch|PoisonJab,CloseCombat,FakeOut,QuickGuard|Jolly||M|||50|]Kingambit||BlackGlasses|Defiant|KowtowCleave,SuckerPunch,SwordsDance,Protect|Adamant||F|||50|
|showteam|p2|Venusaur||Venusaurite|Chlorophyll|Protect,GigaDrain,EarthPower,SludgeBomb|Modest||M|||50|]Grimmsnarl||LightClay|Prankster|SpiritBreak,Reflect,LightScreen,PartingShot|Careful||M|||50|]Pelipper||SitrusBerry|Drizzle|WeatherBall,Hurricane,Tailwind,WideGuard|Modest||F|||50|]Archaludon||Leftovers|Stamina|Protect,ElectroShot,DragonPulse,FlashCannon|Calm||F|||50|]Swampert||Swampertite|Torrent|Protect,WaveCrash,Earthquake,IcePunch|Adamant||M|||50|]Hydreigon||ChoiceScarf|Levitate|DarkPulse,Snarl,DracoMeteor,Uturn|Timid||M|||50|
|
|t:|1784330512
|teamsize|p1|4
|teamsize|p2|4
|start
|switch|p1a: Floette|Floette-Eternal, L50, F|100/100
|switch|p1b: Sneasler|Sneasler, L50, M|100/100
|switch|p2a: Grimmsnarl|Grimmsnarl, L50, M|100/100
|switch|p2b: Venusaur|Venusaur, L50, M|100/100
|turn|1
|inactive|Battle timer is ON: inactive players will automatically lose when time's up. (requested by satandagiii2005)
|
|t:|1784330539
|switch|p1a: Kingambit|Kingambit, L50, F|100/100
|detailschange|p2b: Venusaur|Venusaur-Mega, L50, M
|-mega|p2b: Venusaur|Venusaur|Venusaurite
|move|p2a: Grimmsnarl|Light Screen|p2a: Grimmsnarl
|-sidestart|p2: satandagiii2005|move: Light Screen
|move|p1b: Sneasler|Poison Jab|p2a: Grimmsnarl
|-supereffective|p2a: Grimmsnarl|1
|-damage|p2a: Grimmsnarl|0 fnt
|faint|p2a: Grimmsnarl
|move|p2b: Venusaur|Sludge Bomb|p1a: Kingambit
|-immune|p1a: Kingambit
|
|upkeep
|
|t:|1784330558
|switch|p2a: Pelipper|Pelipper, L50, F|100/100
|-weather|RainDance|[from] ability: Drizzle|[of] p2a: Pelipper
|turn|2
|inactive|toxiccroc12 has 30 seconds left.
|inactive|toxiccroc12 has 20 seconds left.
|inactive|toxiccroc12 has 15 seconds left.
|inactive|toxiccroc12 has 10 seconds left.
|
|t:|1784330607
|switch|p1b: Floette|Floette-Eternal, L50, F|100/100
|move|p1a: Kingambit|Protect|p1a: Kingambit
|-singleturn|p1a: Kingambit|Protect
|move|p2b: Venusaur|Earth Power|p1a: Kingambit
|-activate|p1a: Kingambit|move: Protect
|move|p2a: Pelipper|Tailwind|p2a: Pelipper
|-sidestart|p2: satandagiii2005|move: Tailwind
|
|-weather|RainDance|[upkeep]
|upkeep
|turn|3
|
|t:|1784330631
|move|p1b: Floette|Protect|p1b: Floette
|-singleturn|p1b: Floette|Protect
|move|p2b: Venusaur|Earth Power|p1a: Kingambit
|-supereffective|p1a: Kingambit|1
|-damage|p1a: Kingambit|40/100
|-unboost|p1a: Kingambit|spd|1
|-ability|p1a: Kingambit|Defiant|boost
|-boost|p1a: Kingambit|atk|2
|move|p2a: Pelipper|Weather Ball|p1a: Kingambit
|-damage|p1a: Kingambit|0 fnt
|faint|p1a: Kingambit
|
|-weather|RainDance|[upkeep]
|upkeep
|
|t:|1784330647
|switch|p1a: Sneasler|Sneasler, L50, M|100/100
|turn|4
|
|t:|1784330659
|switch|p2a: Archaludon|Archaludon, L50, F|100/100
|move|p1a: Sneasler|Fake Out|p2b: Venusaur
|-damage|p2b: Venusaur|86/100
|cant|p2b: Venusaur|flinch
|move|p1b: Floette|Calm Mind|p1b: Floette
|-boost|p1b: Floette|spa|1
|-boost|p1b: Floette|spd|1
|
|-weather|RainDance|[upkeep]
|upkeep
|turn|5
|inactive|toxiccroc12 has 30 seconds left.
|inactive|toxiccroc12 has 20 seconds left.
|
|t:|1784330695
|detailschange|p1b: Floette|Floette-Mega, L50, F
|-mega|p1b: Floette|Floette|Floettite
|-ability|p1b: Floette|Fairy Aura
|move|p1b: Floette|Protect|p1b: Floette
|-singleturn|p1b: Floette|Protect
|move|p2b: Venusaur|Sludge Bomb|p1b: Floette
|-activate|p1b: Floette|move: Protect
|move|p2a: Archaludon|Electro Shot||[still]
|-prepare|p2a: Archaludon|Electro Shot
|-boost|p2a: Archaludon|spa|1
|-anim|p2a: Archaludon|Electro Shot|p1b: Floette
|-activate|p1b: Floette|move: Protect
|move|p1a: Sneasler|Close Combat|p2a: Archaludon
|-supereffective|p2a: Archaludon|1
|-damage|p2a: Archaludon|0 fnt
|-unboost|p1a: Sneasler|def|1
|-unboost|p1a: Sneasler|spd|1
|faint|p2a: Archaludon
|
|-weather|RainDance|[upkeep]
|-sideend|p2: satandagiii2005|move: Tailwind
|upkeep
|
|t:|1784330714
|switch|p2a: Pelipper|Pelipper, L50, F|100/100
|turn|6
|inactive|toxiccroc12 has 30 seconds left.
|inactive|toxiccroc12 has 20 seconds left.
|inactive|toxiccroc12 has 15 seconds left.
|
|t:|1784330757
|move|p2a: Pelipper|Wide Guard|p2a: Pelipper
|-singleturn|p2a: Pelipper|Wide Guard
|move|p1a: Sneasler|Poison Jab|p2a: Pelipper
|-damage|p2a: Pelipper|53/100
|move|p1b: Floette|Dazzling Gleam|p2a: Pelipper|[spread] 
|-activate|p2a: Pelipper|move: Wide Guard
|-activate|p2b: Venusaur|move: Wide Guard
|move|p2b: Venusaur|Sludge Bomb|p1b: Floette
|-supereffective|p1b: Floette|1
|-damage|p1b: Floette|53/100
|
|-weather|none
|upkeep
|turn|7
|inactive|toxiccroc12 has 30 seconds left.
|inactive|toxiccroc12 has 20 seconds left.
|inactive|toxiccroc12 has 15 seconds left.
|inactive|toxiccroc12 has 10 seconds left.
|
|t:|1784330806
|move|p1a: Sneasler|Poison Jab|p2b: Venusaur
|-damage|p2b: Venusaur|48/100
|move|p1b: Floette|Draining Kiss|p2a: Pelipper
|-damage|p2a: Pelipper|6/100
|-heal|p1b: Floette|88/100|[from] drain|[of] p2a: Pelipper
|-enditem|p2a: Pelipper|Sitrus Berry|[eat]
|-heal|p2a: Pelipper|30/100|[from] item: Sitrus Berry
|move|p2b: Venusaur|Sludge Bomb|p1b: Floette
|-supereffective|p1b: Floette|1
|-damage|p1b: Floette|41/100
|move|p2a: Pelipper|Tailwind|p2a: Pelipper
|-sidestart|p2: satandagiii2005|move: Tailwind
|
|upkeep
|turn|8
|
|t:|1784330830
|move|p1b: Floette|Protect|p1b: Floette
|-singleturn|p1b: Floette|Protect
|move|p2b: Venusaur|Earth Power|p1a: Sneasler
|-supereffective|p1a: Sneasler|1
|-enditem|p1a: Sneasler|Focus Sash
|-damage|p1a: Sneasler|1/100
|move|p2a: Pelipper|Weather Ball|p1a: Sneasler
|-damage|p1a: Sneasler|0 fnt
|faint|p1a: Sneasler
|
|-sideend|p2: satandagiii2005|move: Light Screen
|upkeep
|
|t:|1784330839
|switch|p1a: Sinistcha|Sinistcha, L50|100/100
|-heal|p1b: Floette|66/100|[from] ability: Hospitality|[of] p1a: Sinistcha
|turn|9
|
|t:|1784330851
|move|p2a: Pelipper|Wide Guard|p2a: Pelipper
|-singleturn|p2a: Pelipper|Wide Guard
|move|p1a: Sinistcha|Rage Powder|p1a: Sinistcha
|-singleturn|p1a: Sinistcha|move: Rage Powder
|move|p2b: Venusaur|Sludge Bomb|p1a: Sinistcha
|-crit|p1a: Sinistcha
|-damage|p1a: Sinistcha|27/100
|-status|p1a: Sinistcha|psn
|move|p1b: Floette|Draining Kiss|p2a: Pelipper
|-damage|p2a: Pelipper|0 fnt
|-heal|p1b: Floette|88/100|[from] drain|[of] p2a: Pelipper
|faint|p2a: Pelipper
|
|-damage|p1a: Sinistcha|15/100 psn|[from] psn
|upkeep
|turn|10
|
|t:|1784330870
|move|p2b: Venusaur|Protect|p2b: Venusaur
|-singleturn|p2b: Venusaur|Protect
|move|p1b: Floette|Protect|p1b: Floette
|-singleturn|p1b: Floette|Protect
|move|p1a: Sinistcha|Protect||[still]
|-fail|p1a: Sinistcha
|
|-damage|p1a: Sinistcha|2/100 psn|[from] psn
|-sideend|p2: satandagiii2005|move: Tailwind
|upkeep
|turn|11
|
|t:|1784330890
|move|p2b: Venusaur|Protect||[still]
|-fail|p2b: Venusaur
|move|p1a: Sinistcha|Rage Powder|p1a: Sinistcha
|-singleturn|p1a: Sinistcha|move: Rage Powder
|move|p1b: Floette|Calm Mind|p1b: Floette
|-boost|p1b: Floette|spa|1
|-boost|p1b: Floette|spd|1
|
|-damage|p1a: Sinistcha|0 fnt|[from] psn
|faint|p1a: Sinistcha
|upkeep
|turn|12
|
|t:|1784330899
|move|p1b: Floette|Dazzling Gleam|p2b: Venusaur
|-resisted|p2b: Venusaur|1
|-damage|p2b: Venusaur|2/100
|move|p2b: Venusaur|Sludge Bomb|p1b: Floette
|-supereffective|p1b: Floette|1
|-damage|p1b: Floette|55/100
|
|upkeep
|turn|13
|
|t:|1784330906
|move|p1b: Floette|Dazzling Gleam|p2b: Venusaur
|-resisted|p2b: Venusaur|1
|-damage|p2b: Venusaur|0 fnt
|faint|p2b: Venusaur
|
|win|toxiccroc12
||satandagiii2005 is ready for game 3.
||toxiccroc12 is ready for game 3.
|uhtml|next|Next: Game 3 of 3
|l|☆toxiccroc12
|player|p1|
