|j|☆reshiee
|j|☆vvffZs
|html|reshieevvffZs    
|uhtml|bestof|Game 1 of a best-of-3
|t:|1785874323
|gametype|doubles
|player|p1|reshiee|gwynn|1233
|player|p2|vvffZs|hilbert|1213
|gen|9
|tier|[Gen 9 Champions] VGC 2026 Reg M-B (Bo3)
|rated|
|rule|Species Clause: Limit one of each Pokémon
|rule|Item Clause: Limit 1 of each item
|clearpoke
|poke|p1|Charizard, L50, M|
|poke|p1|Venusaur, L50, F|
|poke|p1|Pelipper, L50, F|
|poke|p1|Grimmsnarl, L50, M|
|poke|p1|Basculegion, L50, M|
|poke|p1|Archaludon, L50, M|
|poke|p2|Pelipper, L50, F|
|poke|p2|Swampert, L50, F, shiny|
|poke|p2|Farigiraf, L50, M|
|poke|p2|Sylveon, L50, M|
|poke|p2|Meganium, L50, F|
|poke|p2|Talonflame, L50, M|
|teampreview|4
|showteam|p1|Charizard||CharizarditeY|Blaze|HeatWave,WeatherBall,SolarBeam,Protect|Modest||M|||50|]Venusaur||FocusSash|Chlorophyll|SludgeBomb,EarthPower,SleepPowder,Protect|Modest||F|||50|]Pelipper||SitrusBerry|Drizzle|Hurricane,WeatherBall,Tailwind,WideGuard|Modest||F|||50|]Grimmsnarl||LightClay|Prankster|SpiritBreak,Reflect,LightScreen,PartingShot|Sassy||M|||50|]Basculegion||ChoiceScarf|Adaptability|WaveCrash,LastRespects,FlipTurn,AquaJet|Jolly||M|||50|]Archaludon||Leftovers|Stamina|DragonPulse,FlashCannon,ElectroShot,Protect|Calm||M|||50|
|showteam|p2|Pelipper||DampRock|Drizzle|WideGuard,WeatherBall,Hurricane,Protect|Modest||F|||50|]Swampert||Swampertite|Torrent|Protect,Earthquake,WaveCrash,IcePunch|Adamant||F|||50|]Farigiraf||MentalHerb|ArmorTail|PsychicFangs,HelpingHand,AllySwitch,TrickRoom|Relaxed||M|||50|]Sylveon||LifeOrb|Pixilate|Protect,HyperVoice,CalmMind,Moonblast|Modest||M|||50|]Meganium||Meganiumite|LeafGuard|Protect,SolarBeam,DazzlingGleam,WeatherBall|Modest||F|||50|]Talonflame||ExpertBelt|GaleWings|Protect,BraveBird,FlareBlitz,Tailwind|Adamant||M|||50|
|inactive|Battle timer is ON: inactive players will automatically lose when time's up. (requested by vvffZs)
|c|☆reshiee|glhf
|c|☆reshiee|love the swampert btws
|inactive|reshiee has 60 seconds left.
|inactive|vvffZs has 60 seconds left.
|
|t:|1785874381
|teamsize|p1|4
|teamsize|p2|4
|start
|switch|p1a: Charizard|Charizard, L50, M|100/100
|switch|p1b: Venusaur|Venusaur, L50, F|100/100
|switch|p2a: Talonflame|Talonflame, L50, M|100/100
|switch|p2b: Farigiraf|Farigiraf, L50, M|100/100
|turn|1
|inactive|reshiee has 30 seconds left.
|
|t:|1785874414
|detailschange|p1a: Charizard|Charizard-Mega-Y, L50, M
|-mega|p1a: Charizard|Charizard|Charizardite Y
|-weather|SunnyDay|[from] ability: Drought|[of] p1a: Charizard
|move|p2b: Farigiraf|Helping Hand|p2a: Talonflame
|-singleturn|p2a: Talonflame|Helping Hand|[of] p2b: Farigiraf
|move|p2a: Talonflame|Brave Bird|p1b: Venusaur
|-supereffective|p1b: Venusaur|1
|-enditem|p1b: Venusaur|Focus Sash
|-damage|p1b: Venusaur|1/100
|-damage|p2a: Talonflame|67/100|[from] Recoil
|move|p1b: Venusaur|Sleep Powder|p2b: Farigiraf|[miss]
|-miss|p1b: Venusaur|p2b: Farigiraf
|move|p1a: Charizard|Heat Wave|p2a: Talonflame|[spread] p2a,p2b
|-resisted|p2a: Talonflame|1
|-damage|p2a: Talonflame|21/100
|-damage|p2b: Farigiraf|42/100
|-status|p2b: Farigiraf|brn
|
|-weather|SunnyDay|[upkeep]
|-damage|p2b: Farigiraf|36/100 brn|[from] brn
|upkeep
|turn|2
|inactive|reshiee has 30 seconds left.
|inactive|vvffZs has 30 seconds left.
|inactive|reshiee has 20 seconds left.
|inactive|reshiee has 15 seconds left.
|
|t:|1785874454
|switch|p2b: Pelipper|Pelipper, L50, F|100/100
|-weather|RainDance|[from] ability: Drizzle|[of] p2b: Pelipper
|move|p2a: Talonflame|Brave Bird|p1b: Venusaur
|-supereffective|p1b: Venusaur|1
|-damage|p1b: Venusaur|0 fnt
|faint|p1b: Venusaur
|-damage|p2a: Talonflame|21/100|[from] Recoil
|move|p1a: Charizard|Weather Ball|p2b: Pelipper
|-resisted|p2b: Pelipper|1
|-damage|p2b: Pelipper|52/100
|
|-weather|RainDance|[upkeep]
|upkeep
|
|t:|1785874470
|switch|p1b: Basculegion|Basculegion, L50, M|100/100
|turn|3
|inactive|reshiee has 30 seconds left.
|
|t:|1785874495
|switch|p1a: Archaludon|Archaludon, L50, M|100/100
|move|p1b: Basculegion|Flip Turn|p2a: Talonflame
|-supereffective|p2a: Talonflame|1
|-damage|p2a: Talonflame|0 fnt
|faint|p2a: Talonflame
|
|t:|1785874503
|switch|p1b: Charizard|Charizard-Mega-Y, L50, M|100/100|[from] Flip Turn
|-weather|SunnyDay|[from] ability: Drought|[of] p1b: Charizard
|move|p2b: Pelipper|Weather Ball|p1a: Archaludon
|-damage|p1a: Archaludon|60/100
|-ability|p1a: Archaludon|Stamina|boost
|-boost|p1a: Archaludon|def|1
|
|-weather|SunnyDay|[upkeep]
|-heal|p1a: Archaludon|66/100|[from] item: Leftovers
|upkeep
|
|t:|1785874512
|switch|p2a: Sylveon|Sylveon, L50, M|100/100
|turn|4
|
|t:|1785874530
|switch|p2b: Farigiraf|Farigiraf, L50, M|36/100 brn
|move|p2a: Sylveon|Protect|p2a: Sylveon
|-singleturn|p2a: Sylveon|Protect
|move|p1b: Charizard|Weather Ball|p2a: Sylveon
|-activate|p2a: Sylveon|move: Protect
|move|p1a: Archaludon|Flash Cannon|p2a: Sylveon
|-activate|p2a: Sylveon|move: Protect
|
|-weather|SunnyDay|[upkeep]
|-heal|p1a: Archaludon|72/100|[from] item: Leftovers
|-damage|p2b: Farigiraf|31/100 brn|[from] brn
|upkeep
|turn|5
|inactive|reshiee has 30 seconds left.
|inactive|reshiee has 20 seconds left.
|inactive|reshiee has 15 seconds left.
|inactive|reshiee has 10 seconds left.
|
|t:|1785874577
|move|p1b: Charizard|Protect|p1b: Charizard
|-singleturn|p1b: Charizard|Protect
|move|p2b: Farigiraf|Ally Switch|p2b: Farigiraf
|swap|p2b: Farigiraf|0|[from] move: Ally Switch
|move|p1a: Archaludon|Flash Cannon|p2a: Farigiraf
|-damage|p2a: Farigiraf|0 fnt
|faint|p2a: Farigiraf
|move|p2b: Sylveon|Calm Mind|p2b: Sylveon
|-boost|p2b: Sylveon|spa|1
|-boost|p2b: Sylveon|spd|1
|
|-weather|SunnyDay|[upkeep]
|-heal|p1a: Archaludon|78/100|[from] item: Leftovers
|upkeep
|
|t:|1785874595
|switch|p2a: Pelipper|Pelipper, L50, F|52/100
|-weather|RainDance|[from] ability: Drizzle|[of] p2a: Pelipper
|turn|6
|
|t:|1785874607
|switch|p1b: Basculegion|Basculegion, L50, M|100/100
|move|p2a: Pelipper|Protect|p2a: Pelipper
|-singleturn|p2a: Pelipper|Protect
|move|p1a: Archaludon|Electro Shot||[still]
|-prepare|p1a: Archaludon|Electro Shot
|-boost|p1a: Archaludon|spa|1
|-anim|p1a: Archaludon|Electro Shot|p2a: Pelipper
|-activate|p2a: Pelipper|move: Protect
|move|p2b: Sylveon|Hyper Voice|p1b: Basculegion|[spread] p1a,p1b
|-damage|p1a: Archaludon|9/100
|-damage|p1b: Basculegion|11/100
|-ability|p1a: Archaludon|Stamina|boost
|-boost|p1a: Archaludon|def|1
|-damage|p2b: Sylveon|90/100|[from] item: Life Orb
|
|-weather|RainDance|[upkeep]
|-heal|p1a: Archaludon|15/100|[from] item: Leftovers
|upkeep
|turn|7
|inactive|reshiee has 30 seconds left.
|
|t:|1785874639
|move|p1b: Basculegion|Wave Crash|p2b: Sylveon
|-damage|p2b: Sylveon|0 fnt
|faint|p2b: Sylveon
|-damage|p1b: Basculegion|0 fnt|[from] Recoil
|faint|p1b: Basculegion
|move|p1a: Archaludon|Electro Shot||[still]
|-prepare|p1a: Archaludon|Electro Shot
|-boost|p1a: Archaludon|spa|1
|-anim|p1a: Archaludon|Electro Shot|p2a: Pelipper
|-supereffective|p2a: Pelipper|2
|-damage|p2a: Pelipper|0 fnt
|faint|p2a: Pelipper
|
|win|reshiee
|l|☆vvffZs
|player|p2|
||vvffZs is ready for game 2.
|inactive|reshiee has 30 seconds to confirm battle start!
