|j|☆fangyusuhe
|j|☆xyzzzbyl
|html|fangyusuhexyzzzbyl    
|uhtml|bestof|Game 1 of a best-of-3
|t:|1785495619
|gametype|doubles
|player|p1|fangyusuhe|dawn|
|player|p2|xyzzzbyl|102|
|gen|9
|tier|[Gen 9 Champions] VGC 2026 Reg M-B (Bo3)
|rule|Species Clause: Limit one of each Pokémon
|rule|Item Clause: Limit 1 of each item
|clearpoke
|poke|p1|Charizard, L50, F|
|poke|p1|Kingambit, L50, M|
|poke|p1|Whimsicott, L50, M|
|poke|p1|Floette-Eternal, L50, F|
|poke|p1|Garchomp, L50, M|
|poke|p1|Basculegion, L50, M|
|poke|p2|Whimsicott, L50, F, shiny|
|poke|p2|Charizard, L50, F, shiny|
|poke|p2|Pelipper, L50, M|
|poke|p2|Archaludon, L50, F|
|poke|p2|Grimmsnarl, L50, M|
|poke|p2|Swampert, L50, F|
|teampreview|4
|showteam|p1|Charizard||CharizarditeY|Blaze|HeatWave,SolarBeam,WeatherBall,Protect|Modest||F|||50|]Kingambit||ChopleBerry|Defiant|Protect,SuckerPunch,IronHead,KowtowCleave|Adamant||M|||50|]Whimsicott||FocusSash|Prankster|Moonblast,Tailwind,Encore,Protect|Timid||M|||50|]Floette-Eternal||Floettite|FlowerVeil|Moonblast,DazzlingGleam,LightofRuin,Protect|Modest||F|||50|]Garchomp||SitrusBerry|RoughSkin|Earthquake,DragonClaw,RockSlide,Protect|Adamant||M|||50|]Basculegion||LifeOrb|Adaptability|WaveCrash,LastRespects,AquaJet,Protect|Adamant||M|||50|
|showteam|p2|Whimsicott||LifeOrb|Chlorophyll|Moonblast,GrassKnot,Uturn,Tailwind|Timid||F|||50|]Charizard||CharizarditeY|SolarPower|HeatWave,WeatherBall,SolarBeam,Protect|Serious||F|||50|]Pelipper||SitrusBerry|Drizzle|WeatherBall,Hurricane,Tailwind,WideGuard|Modest||M|||50|]Archaludon||Leftovers|Stamina|FlashCannon,DragonPulse,ElectroShot,Protect|Calm||F|||50|]Grimmsnarl||LightClay|Prankster|SpiritBreak,Reflect,LightScreen,PartingShot|Sassy||M|||50|]Swampert||Swampertite|Damp|Earthquake,WaveCrash,IcePunch,Protect|Adamant||F|||50|
|inactive|Battle timer is ON: inactive players will automatically lose when time's up. (requested by fangyusuhe)
|
|t:|1785495658
|teamsize|p1|4
|teamsize|p2|4
|start
|switch|p1a: Charizard|Charizard, L50, F|100/100
|switch|p1b: Garchomp|Garchomp, L50, M|100/100
|switch|p2a: Whimsicott|Whimsicott, L50, F, shiny|100/100
|switch|p2b: Charizard|Charizard, L50, F, shiny|100/100
|turn|1
|inactive|xyzzzbyl has 30 seconds left.
|inactive|xyzzzbyl has 20 seconds left.
|inactive|xyzzzbyl has 15 seconds left.
|inactive|xyzzzbyl has 10 seconds left.
|inactive|xyzzzbyl has 5 seconds left.
|
|t:|1785495709
|detailschange|p1a: Charizard|Charizard-Mega-Y, L50, F
|-mega|p1a: Charizard|Charizard|Charizardite Y
|-weather|SunnyDay|[from] ability: Drought|[of] p1a: Charizard
|move|p2b: Charizard|Protect|p2b: Charizard
|-singleturn|p2b: Charizard|Protect
|move|p1b: Garchomp|Protect|p1b: Garchomp
|-singleturn|p1b: Garchomp|Protect
|move|p2a: Whimsicott|U-turn|p1a: Charizard
|-resisted|p1a: Charizard|2
|-damage|p1a: Charizard|97/100
|-damage|p2a: Whimsicott|90/100|[from] item: Life Orb
|
|t:|1785495720
|switch|p2a: Pelipper|Pelipper, L50, M|100/100|[from] U-turn
|-weather|RainDance|[from] ability: Drizzle|[of] p2a: Pelipper
|move|p1a: Charizard|Heat Wave|p2b: Charizard|[spread] p2a
|-activate|p2b: Charizard|move: Protect
|-resisted|p2a: Pelipper|1
|-damage|p2a: Pelipper|83/100
|
|-weather|RainDance|[upkeep]
|upkeep
|turn|2
|inactive|xyzzzbyl has 30 seconds left.
|inactive|xyzzzbyl has 20 seconds left.
|inactive|xyzzzbyl has 15 seconds left.
|
|t:|1785495762
|switch|p2b: Archaludon|Archaludon, L50, F|100/100
|move|p1b: Garchomp|Rock Slide|p2a: Pelipper|[spread] p2a,p2b
|-supereffective|p2a: Pelipper|1
|-resisted|p2b: Archaludon|1
|-damage|p2a: Pelipper|47/100
|-damage|p2b: Archaludon|93/100
|-ability|p2b: Archaludon|Stamina|boost
|-boost|p2b: Archaludon|def|1
|-enditem|p2a: Pelipper|Sitrus Berry|[eat]
|-heal|p2a: Pelipper|72/100|[from] item: Sitrus Berry
|move|p1a: Charizard|Weather Ball|p2a: Pelipper
|-resisted|p2a: Pelipper|1
|-damage|p2a: Pelipper|25/100
|move|p2a: Pelipper|Tailwind|p2a: Pelipper
|-sidestart|p2: xyzzzbyl|move: Tailwind
|
|-weather|RainDance|[upkeep]
|-heal|p2b: Archaludon|99/100|[from] item: Leftovers
|upkeep
|turn|3
|
|t:|1785495785
|switch|p1a: Kingambit|Kingambit, L50, M|100/100
|move|p1b: Garchomp|Protect|p1b: Garchomp
|-singleturn|p1b: Garchomp|Protect
|move|p2b: Archaludon|Electro Shot||[still]
|-prepare|p2b: Archaludon|Electro Shot
|-boost|p2b: Archaludon|spa|1
|-anim|p2b: Archaludon|Electro Shot|p1a: Kingambit
|-damage|p1a: Kingambit|46/100
|move|p2a: Pelipper|Hurricane|p1b: Garchomp
|-activate|p1b: Garchomp|move: Protect
|
|-weather|RainDance|[upkeep]
|-heal|p2b: Archaludon|100/100|[from] item: Leftovers
|upkeep
|turn|4
|
|t:|1785495805
|switch|p1b: Charizard|Charizard-Mega-Y, L50, F|97/100
|-weather|SunnyDay|[from] ability: Drought|[of] p1b: Charizard
|move|p1a: Kingambit|Sucker Punch|p2a: Pelipper
|-damage|p2a: Pelipper|0 fnt
|faint|p2a: Pelipper
|move|p2b: Archaludon|Electro Shot||[still]
|-prepare|p2b: Archaludon|Electro Shot
|-boost|p2b: Archaludon|spa|1
|
|-weather|SunnyDay|[upkeep]
|upkeep
|
|t:|1785495823
|switch|p2a: Charizard|Charizard, L50, F, shiny|100/100
|turn|5
|
|t:|1785495836
|detailschange|p2a: Charizard|Charizard-Mega-Y, L50, F, shiny
|-mega|p2a: Charizard|Charizard|Charizardite Y
|move|p1b: Charizard|Protect|p1b: Charizard
|-singleturn|p1b: Charizard|Protect
|move|p1a: Kingambit|Sucker Punch|p2a: Charizard
|-damage|p2a: Charizard|53/100
|move|p2a: Charizard|Heat Wave|p1a: Kingambit|[spread] p1a
|-activate|p1b: Charizard|move: Protect
|-supereffective|p1a: Kingambit|1
|-damage|p1a: Kingambit|0 fnt
|faint|p1a: Kingambit
|move|p2b: Archaludon|Electro Shot|p1b: Charizard|[from] lockedmove
|-activate|p1b: Charizard|move: Protect
|
|-weather|SunnyDay|[upkeep]
|-sideend|p2: xyzzzbyl|move: Tailwind
|upkeep
|
|t:|1785495844
|switch|p1a: Garchomp|Garchomp, L50, M|100/100
|turn|6
|
|t:|1785495858
|move|p2b: Archaludon|Protect|p2b: Archaludon
|-singleturn|p2b: Archaludon|Protect
|move|p2a: Charizard|Heat Wave|p1b: Charizard|[spread] p1a,p1b
|-resisted|p1a: Garchomp|1
|-resisted|p1b: Charizard|1
|-damage|p1a: Garchomp|75/100
|-damage|p1b: Charizard|70/100
|move|p1a: Garchomp|Earthquake|p2b: Archaludon|[spread] 
|-activate|p2b: Archaludon|move: Protect
|-immune|p1b: Charizard
|-immune|p2a: Charizard
|move|p1b: Charizard|Weather Ball|p2b: Archaludon
|-activate|p2b: Archaludon|move: Protect
|
|-weather|SunnyDay|[upkeep]
|upkeep
|turn|7
|inactive|xyzzzbyl has 30 seconds left.
|
|t:|1785495885
|move|p2a: Charizard|Heat Wave|p1b: Charizard|[spread] p1a,p1b
|-resisted|p1a: Garchomp|1
|-resisted|p1b: Charizard|1
|-damage|p1a: Garchomp|52/100
|-damage|p1b: Charizard|47/100
|move|p1a: Garchomp|Earthquake|p2b: Archaludon|[spread] p2b
|-immune|p1b: Charizard
|-immune|p2a: Charizard
|-supereffective|p2b: Archaludon|1
|-damage|p2b: Archaludon|62/100
|-ability|p2b: Archaludon|Stamina|boost
|-boost|p2b: Archaludon|def|1
|move|p1b: Charizard|Weather Ball|p2b: Archaludon
|-damage|p2b: Archaludon|0 fnt
|faint|p2b: Archaludon
|
|-weather|SunnyDay|[upkeep]
|upkeep
|
|t:|1785495900
|switch|p2b: Whimsicott|Whimsicott, L50, F, shiny|90/100
|turn|8
|
|t:|1785495908
|move|p2b: Whimsicott|Moonblast|p1a: Garchomp
|-supereffective|p1a: Garchomp|1
|-damage|p1a: Garchomp|0 fnt
|faint|p1a: Garchomp
|-damage|p2b: Whimsicott|80/100|[from] item: Life Orb
|move|p2a: Charizard|Heat Wave|p1b: Charizard
|-resisted|p1b: Charizard|1
|-damage|p1b: Charizard|16/100
|move|p1b: Charizard|Heat Wave|p2b: Whimsicott|[spread] p2a,p2b
|-resisted|p2a: Charizard|1
|-supereffective|p2b: Whimsicott|1
|-damage|p2a: Charizard|18/100
|-damage|p2b: Whimsicott|0 fnt
|faint|p2b: Whimsicott
|
|-weather|none
|upkeep
|
|t:|1785495919
|switch|p1a: Basculegion|Basculegion, L50, M|100/100
|turn|9
|
|t:|1785495930
|move|p1a: Basculegion|Aqua Jet|p2a: Charizard
|-supereffective|p2a: Charizard|1
|-damage|p2a: Charizard|0 fnt
|faint|p2a: Charizard
|-damage|p1a: Basculegion|90/100|[from] item: Life Orb
|
|win|fangyusuhe
||fangyusuhe is ready for game 2.
