|j|☆Invoker Kuzan
|j|☆ronansting
|html|Invoker Kuzanronansting    
|uhtml|bestof|Game 3 of a best-of-3
|t:|1756394961
|gametype|doubles
|player|p1|Invoker Kuzan|marnie-masters3|1308
|player|p2|ronansting|baker|1428
|gen|9
|tier|[Gen 9] VGC 2025 Reg H (Bo3)
|rated|
|rule|Species Clause: Limit one of each Pokémon
|rule|Item Clause: Limit 1 of each item
|clearpoke
|poke|p1|Indeedee-F, L50, F|
|poke|p1|Hatterene, L50, F|
|poke|p1|Gallade, L50, M|
|poke|p1|Ursaluna, L50, M|
|poke|p1|Lilligant-Hisui, L50, F|
|poke|p1|Torkoal, L50, M|
|poke|p2|Archaludon, L50, M|
|poke|p2|Pelipper, L50, F|
|poke|p2|Indeedee, L50, M|
|poke|p2|Amoonguss, L50, F|
|poke|p2|Basculegion, L50, M|
|poke|p2|Hydreigon, L50, F|
|teampreview|4
|showteam|p1|Indeedee-F||PsychicSeed|PsychicSurge|TrickRoom,FollowMe,HelpingHand,DazzlingGleam|||F|||50|,,,,,Fire]Hatterene||LifeOrb|MagicBounce|ExpandingForce,TrickRoom,DazzlingGleam,Protect|||F|||50|,,,,,Psychic]Gallade||ClearAmulet|Sharpness|PsychoCut,TrickRoom,SacredSword,WideGuard|||M|||50|,,,,,Grass]Ursaluna||FlameOrb|Guts|HeadlongRush,Facade,SwordsDance,Protect|||M|||50|,,,,,Ghost]Lilligant-Hisui||FocusSash|Chlorophyll|SolarBlade,SleepPowder,CloseCombat,AfterYou|||F|||50|,,,,,Ghost]Torkoal||ChoiceSpecs|Drought|Eruption,HeatWave,WeatherBall,EarthPower|||M|||50|,,,,,Fire
|showteam|p2|Archaludon||AssaultVest|Stamina|ElectroShot,DracoMeteor,BodyPress,FlashCannon|||M|||50|,,,,,Grass]Pelipper||FocusSash|Drizzle|WeatherBall,Hurricane,Tailwind,Protect|||F|||50|,,,,,Ghost]Indeedee||ChoiceScarf|PsychicSurge|ExpandingForce,TeraBlast,Trick,DazzlingGleam|||M|||50|,,,,,Ground]Amoonguss||SitrusBerry|Regenerator|Spore,SludgeBomb,Protect,RagePowder|||F|||50|,,,,,Water]Basculegion||ChoiceBand|SwiftSwim|FlipTurn,WaveCrash,LastRespects,AquaJet|||M|||50|,,,,,Poison]Hydreigon||CovertCloak|Levitate|Taunt,Snarl,DracoMeteor,EarthPower|||F|||50|,,,,,Fairy
|inactive|Battle timer is ON: inactive players will automatically lose when time's up. (requested by Invoker Kuzan)
|
|t:|1756394970
|teamsize|p1|4
|teamsize|p2|4
|start
|switch|p1a: Indeedee|Indeedee-F, L50, F, shiny|100/100
|switch|p1b: Gallade|Gallade, L50, M, shiny|100/100
|switch|p2a: Piedragon|Hydreigon, L50, F|100/100
|switch|p2b: Empire|Basculegion, L50, M|100/100
|-fieldstart|move: Psychic Terrain|[from] ability: Psychic Surge|[of] p1a: Indeedee
|-enditem|p1a: Indeedee|Psychic Seed
|-boost|p1a: Indeedee|spd|1|[from] item: Psychic Seed
|turn|1
|
|t:|1756394984
|move|p2a: Piedragon|Taunt|p1b: Gallade
|-start|p1b: Gallade|move: Taunt
|move|p2b: Empire|Flip Turn|p1a: Indeedee
|-damage|p1a: Indeedee|63/100
|
|t:|1756394990
|switch|p2b: Smellypper|Pelipper, L50, F|100/100|[from] Flip Turn
|-weather|RainDance|[from] ability: Drizzle|[of] p2b: Smellypper
|move|p1b: Gallade|Sacred Sword|p2a: Piedragon
|-supereffective|p2a: Piedragon
|-damage|p2a: Piedragon|0 fnt
|faint|p2a: Piedragon
|move|p1a: Indeedee|Trick Room|p1a: Indeedee
|-fieldstart|move: Trick Room|[of] p1a: Indeedee
|
|-weather|RainDance|[upkeep]
|upkeep
|
|t:|1756394997
|switch|p2a: Arching|Archaludon, L50, M|100/100
|turn|2
|
|t:|1756395013
|move|p2b: Smellypper|Protect|p2b: Smellypper
|-singleturn|p2b: Smellypper|Protect
|move|p1a: Indeedee|Dazzling Gleam|p2a: Arching|[spread] p2a
|-activate|p2b: Smellypper|move: Protect
|-damage|p2a: Arching|91/100
|-ability|p2a: Arching|Stamina|boost
|-boost|p2a: Arching|def|1
|move|p1b: Gallade|Psycho Cut|p2b: Smellypper
|-activate|p2b: Smellypper|move: Protect
|move|p2a: Arching|Body Press|p1a: Indeedee
|-damage|p1a: Indeedee|31/100
|
|-weather|RainDance|[upkeep]
|upkeep
|turn|3
|
|t:|1756395030
|switch|p2b: Empire|Basculegion, L50, M|100/100
|-terastallize|p2a: Arching|Grass
|move|p1a: Indeedee|Dazzling Gleam|p2b: Empire|[spread] p2a,p2b
|-damage|p2a: Arching|82/100
|-damage|p2b: Empire|85/100
|-ability|p2a: Arching|Stamina|boost
|-boost|p2a: Arching|def|1
|move|p1b: Gallade|Sacred Sword|p2a: Arching
|-damage|p2a: Arching|24/100
|-ability|p2a: Arching|Stamina|boost
|-boost|p2a: Arching|def|1
|move|p2a: Arching|Electro Shot||[still]
|-prepare|p2a: Arching|Electro Shot
|-boost|p2a: Arching|spa|1
|-anim|p2a: Arching|Electro Shot|p1b: Gallade
|-damage|p1b: Gallade|40/100
|
|-weather|RainDance|[upkeep]
|-end|p1b: Gallade|move: Taunt
|upkeep
|turn|4
|
|t:|1756395050
|move|p1a: Indeedee|Dazzling Gleam|p2b: Empire|[spread] p2a,p2b
|-damage|p2a: Arching|16/100
|-damage|p2b: Empire|71/100
|-ability|p2a: Arching|Stamina|boost
|-boost|p2a: Arching|def|1
|move|p1b: Gallade|Psycho Cut|p2b: Empire
|-damage|p2b: Empire|0 fnt
|faint|p2b: Empire
|move|p2a: Arching|Electro Shot||[still]
|-prepare|p2a: Arching|Electro Shot
|-boost|p2a: Arching|spa|1
|-anim|p2a: Arching|Electro Shot|p1b: Gallade
|-damage|p1b: Gallade|0 fnt
|faint|p1b: Gallade
|
|-weather|RainDance|[upkeep]
|upkeep
|
|t:|1756395058
|switch|p1b: Torkoal|Torkoal, L50, M, shiny|100/100
|switch|p2b: Smellypper|Pelipper, L50, F|100/100
|-weather|SunnyDay|[from] ability: Drought|[of] p1b: Torkoal
|-weather|RainDance|[from] ability: Drizzle|[of] p2b: Smellypper
|turn|5
|
|t:|1756395082
|move|p1b: Torkoal|Eruption|p2b: Smellypper|[spread] p2a,p2b
|-supereffective|p2a: Arching
|-resisted|p2b: Smellypper
|-damage|p2a: Arching|0 fnt
|-damage|p2b: Smellypper|67/100
|faint|p2a: Arching
|move|p1a: Indeedee|Dazzling Gleam|p2b: Smellypper
|-damage|p2b: Smellypper|38/100
|move|p2b: Smellypper|Weather Ball|p1a: Indeedee
|-damage|p1a: Indeedee|0 fnt
|faint|p1a: Indeedee
|
|-weather|RainDance|[upkeep]
|-fieldend|move: Trick Room
|-fieldend|move: Psychic Terrain
|upkeep
|
|t:|1756395085
|switch|p1a: Hatterene|Hatterene, L50, F, shiny|100/100
|turn|6
|
|t:|1756395090
|move|p2b: Smellypper|Weather Ball|p1b: Torkoal
|-supereffective|p1b: Torkoal
|-damage|p1b: Torkoal|0 fnt
|faint|p1b: Torkoal
|move|p1a: Hatterene|Dazzling Gleam|p2b: Smellypper
|-damage|p2b: Smellypper|0 fnt
|faint|p2b: Smellypper
|-damage|p1a: Hatterene|91/100|[from] item: Life Orb
|
|win|Invoker Kuzan
|raw|Invoker Kuzan's rating: 1308 → 1335(+27 for winning)
|raw|ronansting's rating: 1428 → 1401(-27 for losing)
|c|☆Invoker Kuzan|g
|c|☆ronansting|gg
