|j|☆Olciax34
|j|☆RouletteRegional
|html|Olciax34RouletteRegional    
|uhtml|bestof|Game 3 of a best-of-3
|t:|1784925670
|gametype|doubles
|player|p1|Olciax34|169|1327
|player|p2|RouletteRegional|lance|1446
|gen|9
|tier|[Gen 9 Champions] VGC 2026 Reg M-B (Bo3)
|rated|
|rule|Species Clause: Limit one of each Pokémon
|rule|Item Clause: Limit 1 of each item
|clearpoke
|poke|p1|Charizard, L50, M|
|poke|p1|Whimsicott, L50, M|
|poke|p1|Garchomp, L50, M|
|poke|p1|Basculegion, L50, M|
|poke|p1|Sylveon, L50, M|
|poke|p1|Metagross, L50|
|poke|p2|Gengar, L50, M|
|poke|p2|Swampert, L50, M|
|poke|p2|Archaludon, L50, M|
|poke|p2|Politoed, L50, F|
|poke|p2|Incineroar, L50, F|
|poke|p2|Vivillon-Fancy, L50, M|
|teampreview|4
|showteam|p1|Charizard||CharizarditeY|SolarPower|HeatWave,WeatherBall,SolarBeam,Protect|Modest||M|||50|]Whimsicott||FocusSash|Prankster|Moonblast,Tailwind,Encore,Protect|Timid||M|||50|]Garchomp||LifeOrb|RoughSkin|Earthquake,DragonClaw,RockSlide,Protect|Jolly||M|||50|]Basculegion||ChoiceScarf|Adaptability|WaveCrash,FlipTurn,LastRespects,AquaJet|Jolly||M|||50|]Sylveon||FairyFeather|Pixilate|HyperVoice,Yawn,HyperBeam,Protect|Modest||M|||50|]Metagross||Metagrossite|ClearBody|IronHead,PsychicFangs,BodyPress,Protect|Jolly|||||50|
|showteam|p2|Gengar||Gengarite|CursedBody|ShadowBall,SludgeBomb,PerishSong,Protect|Modest||M|||50|]Swampert||Swampertite|Torrent|WaveCrash,Earthquake,IcePunch,Protect|Adamant||M|||50|]Archaludon||Leftovers|Stamina|ElectroShot,DragonPulse,FlashCannon,Protect|Bold||M|||50|]Politoed||SitrusBerry|Drizzle|WeatherBall,Hypnosis,PerishSong,Protect|Calm||F|||50|]Incineroar||PasshoBerry|Intimidate|ThroatChop,FakeOut,PartingShot,Protect|Impish||F|||50|]Vivillon-Fancy||FocusSash|CompoundEyes|Hurricane,SleepPowder,RagePowder,Protect|Timid||M|||50|
|inactive|Battle timer is ON: inactive players will automatically lose when time's up. (requested by Olciax34)
|inactive|Olciax34 has 60 seconds left.
|inactive|RouletteRegional has 60 seconds left.
|
|t:|1784925726
|teamsize|p1|4
|teamsize|p2|4
|start
|switch|p1a: Whimsicott|Whimsicott, L50, M|100/100
|switch|p1b: Basculegion|Basculegion, L50, M|100/100
|switch|p2a: Swampert|Swampert, L50, M|100/100
|switch|p2b: Politoed|Politoed, L50, F|100/100
|-weather|RainDance|[from] ability: Drizzle|[of] p2b: Politoed
|turn|1
|inactive|RouletteRegional has 30 seconds left.
|
|t:|1784925756
|switch|p2a: Archaludon|Archaludon, L50, M|100/100
|move|p1a: Whimsicott|Tailwind|p1a: Whimsicott
|-sidestart|p1: Olciax34|move: Tailwind
|move|p1b: Basculegion|Flip Turn|p2a: Archaludon
|-resisted|p2a: Archaludon|1
|-damage|p2a: Archaludon|80/100
|-ability|p2a: Archaludon|Stamina|boost
|-boost|p2a: Archaludon|def|1
|
|t:|1784925779
|switch|p1b: Garchomp|Garchomp, L50, M|100/100|[from] Flip Turn
|move|p2b: Politoed|Weather Ball|p1b: Garchomp
|-damage|p1b: Garchomp|42/100
|
|-weather|RainDance|[upkeep]
|-heal|p2a: Archaludon|86/100|[from] item: Leftovers
|upkeep
|turn|2
|
|t:|1784925793
|switch|p2b: Incineroar|Incineroar, L50, F|100/100
|-ability|p2b: Incineroar|Intimidate|boost
|-unboost|p1a: Whimsicott|atk|1
|-unboost|p1b: Garchomp|atk|1
|move|p1a: Whimsicott|Protect|p1a: Whimsicott
|-singleturn|p1a: Whimsicott|Protect
|move|p1b: Garchomp|Earthquake|p2a: Archaludon|[spread] p2a,p2b
|-activate|p1a: Whimsicott|move: Protect
|-supereffective|p2a: Archaludon|1
|-supereffective|p2b: Incineroar|1
|-damage|p2a: Archaludon|54/100
|-damage|p2b: Incineroar|46/100
|-ability|p2a: Archaludon|Stamina|boost
|-boost|p2a: Archaludon|def|1
|-damage|p1b: Garchomp|32/100|[from] item: Life Orb
|move|p2a: Archaludon|Electro Shot||[still]
|-prepare|p2a: Archaludon|Electro Shot
|-boost|p2a: Archaludon|spa|1
|-anim|p2a: Archaludon|Electro Shot|p1a: Whimsicott
|-activate|p1a: Whimsicott|move: Protect
|
|-weather|RainDance|[upkeep]
|-heal|p2a: Archaludon|60/100|[from] item: Leftovers
|upkeep
|turn|3
|inactive|Olciax34 has 30 seconds left.
|inactive|RouletteRegional has 30 seconds left.
|
|t:|1784925825
|move|p2b: Incineroar|Fake Out|p1a: Whimsicott
|-damage|p1a: Whimsicott|84/100
|cant|p1a: Whimsicott|flinch
|move|p1b: Garchomp|Earthquake|p2b: Incineroar|[spread] p1a,p2a,p2b
|-resisted|p1a: Whimsicott|1
|-supereffective|p2a: Archaludon|1
|-supereffective|p2b: Incineroar|1
|-damage|p1a: Whimsicott|61/100
|-damage|p2a: Archaludon|39/100
|-damage|p2b: Incineroar|0 fnt
|-ability|p2a: Archaludon|Stamina|boost
|-boost|p2a: Archaludon|def|1
|faint|p2b: Incineroar
|-damage|p1b: Garchomp|23/100|[from] item: Life Orb
|move|p2a: Archaludon|Flash Cannon|p1a: Whimsicott
|-supereffective|p1a: Whimsicott|1
|-damage|p1a: Whimsicott|0 fnt
|faint|p1a: Whimsicott
|
|-weather|RainDance|[upkeep]
|-heal|p2a: Archaludon|45/100|[from] item: Leftovers
|upkeep
|inactive|Olciax34 has 30 seconds left.
|inactive|Olciax34 has 20 seconds left.
|inactive|Olciax34 has 15 seconds left.
|
|t:|1784925869
|switch|p1a: Basculegion|Basculegion, L50, M|100/100
|switch|p2b: Swampert|Swampert, L50, M|100/100
|turn|4
|
|t:|1784925880
|switch|p1b: Metagross|Metagross, L50|100/100
|detailschange|p2b: Swampert|Swampert-Mega, L50, M
|-mega|p2b: Swampert|Swampert|Swampertite
|move|p2b: Swampert|Protect|p2b: Swampert
|-singleturn|p2b: Swampert|Protect
|move|p2a: Archaludon|Protect|p2a: Archaludon
|-singleturn|p2a: Archaludon|Protect
|move|p1a: Basculegion|Flip Turn|p2b: Swampert
|-activate|p2b: Swampert|move: Protect
|
|-weather|RainDance|[upkeep]
|-heal|p2a: Archaludon|51/100|[from] item: Leftovers
|-sideend|p1: Olciax34|move: Tailwind
|upkeep
|turn|5
|inactive|Olciax34 has 30 seconds left.
|inactive|RouletteRegional has 30 seconds left.
|inactive|Olciax34 has 20 seconds left.
|
|t:|1784925919
|move|p1b: Metagross|Protect|p1b: Metagross
|-singleturn|p1b: Metagross|Protect
|move|p2b: Swampert|Wave Crash|p1b: Metagross
|-activate|p1b: Metagross|move: Protect
|move|p1a: Basculegion|Flip Turn|p2b: Swampert
|-damage|p2b: Swampert|48/100
|
|t:|1784925926
|switch|p1a: Garchomp|Garchomp, L50, M|23/100|[from] Flip Turn
|move|p2a: Archaludon|Dragon Pulse|p1a: Garchomp
|-supereffective|p1a: Garchomp|1
|-damage|p1a: Garchomp|0 fnt
|faint|p1a: Garchomp
|
|-weather|none
|-heal|p2a: Archaludon|57/100|[from] item: Leftovers
|upkeep
|
|t:|1784925933
|switch|p1a: Basculegion|Basculegion, L50, M|100/100
|turn|6
|
|t:|1784925952
|detailschange|p1b: Metagross|Metagross-Mega, L50
|-mega|p1b: Metagross|Metagross|Metagrossite
|move|p2b: Swampert|Protect|p2b: Swampert
|-singleturn|p2b: Swampert|Protect
|move|p2a: Archaludon|Protect|p2a: Archaludon
|-singleturn|p2a: Archaludon|Protect
|move|p1a: Basculegion|Last Respects|p2b: Swampert
|-activate|p2b: Swampert|move: Protect
|move|p1b: Metagross|Psychic Fangs|p2b: Swampert
|-activate|p2b: Swampert|move: Protect
|
|-heal|p2a: Archaludon|63/100|[from] item: Leftovers
|upkeep
|turn|7
|
|t:|1784925966
|switch|p2b: Politoed|Politoed, L50, F|100/100
|-weather|RainDance|[from] ability: Drizzle|[of] p2b: Politoed
|move|p1a: Basculegion|Last Respects|p2a: Archaludon
|-damage|p2a: Archaludon|36/100
|-ability|p2a: Archaludon|Stamina|boost
|-boost|p2a: Archaludon|def|1
|move|p1b: Metagross|Body Press|p2a: Archaludon
|-supereffective|p2a: Archaludon|1
|-damage|p2a: Archaludon|21/100
|-ability|p2a: Archaludon|Stamina|boost
|-boost|p2a: Archaludon|def|1
|move|p2a: Archaludon|Electro Shot||[still]
|-prepare|p2a: Archaludon|Electro Shot
|-boost|p2a: Archaludon|spa|1
|-anim|p2a: Archaludon|Electro Shot|p1a: Basculegion
|-supereffective|p1a: Basculegion|1
|-damage|p1a: Basculegion|0 fnt
|faint|p1a: Basculegion
|
|-weather|RainDance|[upkeep]
|-heal|p2a: Archaludon|27/100|[from] item: Leftovers
|upkeep
|turn|8
|-message|Olciax34 forfeited.
|
|win|RouletteRegional
|raw|Olciax34's rating: 1327 → 1314(-13 for losing)
|raw|RouletteRegional's rating: 1446 → 1459(+13 for winning)
