|j|☆FosaNando
|j|☆PokeLucho
|html|FosaNandoPokeLucho    
|uhtml|bestof|Game 1 of a best-of-3
|t:|1756699489
|gametype|doubles
|player|p1|FosaNando|pokefan|
|player|p2|PokeLucho|170|
|gen|9
|tier|[Gen 9] VGC 2025 Reg H (Bo3)
|rule|Species Clause: Limit one of each Pokémon
|rule|Item Clause: Limit 1 of each item
|clearpoke
|poke|p1|Pelipper, L50, F|
|poke|p1|Archaludon, L50, M|
|poke|p1|Maushold, L50|
|poke|p1|Rillaboom, L50, F|
|poke|p1|Volcarona, L50, M|
|poke|p1|Kingambit, L50, M|
|poke|p2|Electabuzz, L50, M|
|poke|p2|Kingambit, L50, M|
|poke|p2|Rillaboom, L50, M|
|poke|p2|Sneasler, L50, F|
|poke|p2|Volcarona, L50, F|
|poke|p2|Dragonite, L50, M|
|teampreview|4
|showteam|p1|Pelipper||DampRock|Drizzle|Hurricane,WeatherBall,WideGuard,Protect|||F|||50|,,,,,Stellar]Archaludon||AssaultVest|Stamina|FlashCannon,DragonPulse,ElectroShot,BodyPress|||M|||50|,,,,,Fairy]Maushold||WideLens|Technician|PopulationBomb,FollowMe,HelpingHand,ThunderWave||||||50|,,,,,Ghost]Rillaboom||MiracleSeed|GrassySurge|GrassyGlide,FakeOut,Uturn,HighHorsepower|||F|||50|,,,,,Fire]Volcarona||SitrusBerry|FlameBody|HeatWave,GigaDrain,QuiverDance,Protect|||M|||50|,,,,,Grass]Kingambit||BlackGlasses|Defiant|KowtowCleave,IronHead,SuckerPunch,Protect|||M|||50|,,,,,Dark
|showteam|p2|Electabuzz||Eviolite|VitalSpirit|Thunderbolt,Taunt,FollowMe,Protect|||M|||50|,,,,,Ghost]Kingambit||BlackGlasses|Defiant|KowtowCleave,SuckerPunch,SwordsDance,Protect|||M|||50|,,,,,Dark]Rillaboom||AssaultVest|GrassySurge|FakeOut,HighHorsepower,WoodHammer,GrassyGlide|||M|||50|,,,,,Fire]Sneasler||FocusSash|PoisonTouch|DireClaw,CloseCombat,FakeOut,Coaching|||F|||50|,,,,,Stellar]Volcarona||Leftovers|FlameBody|HeatWave,TeraBlast,QuiverDance,Protect|||F|||50|,,,,,Fairy]Dragonite||LoadedDice|Multiscale|ExtremeSpeed,ScaleShot,Protect,Haze|||M|||50|,,,,,Steel
|inactive|Battle timer is ON: inactive players will automatically lose when time's up. (requested by FosaNando)
|inactive|FosaNando has 60 seconds left.
|inactive|PokeLucho has 60 seconds left.
|inactive|PokeLucho has 30 seconds left.
|
|t:|1756699558
|teamsize|p1|4
|teamsize|p2|4
|start
|switch|p1a: Volcarona|Volcarona, L50, M|100/100
|switch|p1b: Maushold|Maushold, L50|100/100
|switch|p2a: Kingambit|Kingambit, L50, M|100/100
|switch|p2b: Electabuzz|Electabuzz, L50, M|100/100
|turn|1
|
|t:|1756699583
|move|p2a: Kingambit|Protect|p2a: Kingambit
|-singleturn|p2a: Kingambit|Protect
|move|p1b: Maushold|Follow Me|p1b: Maushold
|-singleturn|p1b: Maushold|move: Follow Me
|move|p1a: Volcarona|Quiver Dance|p1a: Volcarona
|-boost|p1a: Volcarona|spa|1
|-boost|p1a: Volcarona|spd|1
|-boost|p1a: Volcarona|spe|1
|move|p2b: Electabuzz|Taunt|p1b: Maushold
|-start|p1b: Maushold|move: Taunt
|
|upkeep
|turn|2
|inactive|PokeLucho has 30 seconds left.
|inactive|PokeLucho has 20 seconds left.
|inactive|PokeLucho has 15 seconds left.
|
|t:|1756699626
|switch|p2a: Dragonite|Dragonite, L50, M|100/100
|move|p1a: Volcarona|Heat Wave|p2b: Electabuzz|[spread] p2a,p2b
|-resisted|p2a: Dragonite
|-crit|p2a: Dragonite
|-damage|p2a: Dragonite|78/100
|-damage|p2b: Electabuzz|59/100
|move|p1b: Maushold|Population Bomb|p2b: Electabuzz
|-damage|p2b: Electabuzz|49/100
|-damage|p2b: Electabuzz|39/100
|-damage|p2b: Electabuzz|28/100
|-damage|p2b: Electabuzz|18/100
|-damage|p2b: Electabuzz|9/100
|-damage|p2b: Electabuzz|0 fnt
|faint|p2b: Electabuzz
|-hitcount|p2: Electabuzz|6
|
|upkeep
|
|t:|1756699641
|switch|p2b: Kingambit|Kingambit, L50, M|100/100
|turn|3
|inactive|FosaNando has 30 seconds left.
|
|t:|1756699673
|-terastallize|p2b: Kingambit|Dark
|move|p1a: Volcarona|Heat Wave|p2a: Dragonite|[spread] p2a,p2b
|-resisted|p2a: Dragonite
|-crit|p2a: Dragonite
|-damage|p2a: Dragonite|31/100
|-damage|p2b: Kingambit|45/100
|move|p1b: Maushold|Population Bomb|p2a: Dragonite
|-damage|p2a: Dragonite|18/100
|-damage|p2a: Dragonite|5/100
|-damage|p2a: Dragonite|0 fnt
|faint|p2a: Dragonite
|-hitcount|p2: Dragonite|3
|move|p2b: Kingambit|Kowtow Cleave|p1a: Volcarona
|-damage|p1a: Volcarona|0 fnt
|-status|p2b: Kingambit|brn|[from] ability: Flame Body|[of] p1a: Volcarona
|faint|p1a: Volcarona
|
|-damage|p2b: Kingambit|40/100 brn|[from] brn
|upkeep
|
|t:|1756699692
|switch|p1a: Archaludon|Archaludon, L50, M|100/100
|switch|p2a: Volcarona|Volcarona, L50, F|100/100
|turn|4
|inactive|FosaNando has 30 seconds left.
|inactive|PokeLucho has 30 seconds left.
|inactive|FosaNando has 20 seconds left.
|
|t:|1756699731
|switch|p1b: Pelipper|Pelipper, L50, F|100/100
|-weather|RainDance|[from] ability: Drizzle|[of] p1b: Pelipper
|-terastallize|p1a: Archaludon|Fairy
|move|p2b: Kingambit|Protect|p2b: Kingambit
|-singleturn|p2b: Kingambit|Protect
|move|p2a: Volcarona|Quiver Dance|p2a: Volcarona
|-boost|p2a: Volcarona|spa|1
|-boost|p2a: Volcarona|spd|1
|-boost|p2a: Volcarona|spe|1
|move|p1a: Archaludon|Electro Shot||[still]
|-prepare|p1a: Archaludon|Electro Shot
|-boost|p1a: Archaludon|spa|1
|-anim|p1a: Archaludon|Electro Shot|p2a: Volcarona
|-crit|p2a: Volcarona
|-damage|p2a: Volcarona|15/100
|
|-weather|RainDance|[upkeep]
|-heal|p2a: Volcarona|21/100|[from] item: Leftovers
|-damage|p2b: Kingambit|34/100 brn|[from] brn
|upkeep
|turn|5
|inactive|FosaNando has 30 seconds left.
|inactive|PokeLucho has 30 seconds left.
|
|t:|1756699759
|move|p2b: Kingambit|Sucker Punch|p1b: Pelipper
|-crit|p1b: Pelipper
|-damage|p1b: Pelipper|33/100
|move|p2a: Volcarona|Heat Wave|p1a: Archaludon|[spread] p1a,p1b
|-resisted|p1b: Pelipper
|-damage|p1a: Archaludon|85/100
|-damage|p1b: Pelipper|11/100
|-status|p1a: Archaludon|brn
|-ability|p1a: Archaludon|Stamina|boost
|-boost|p1a: Archaludon|def|1
|move|p1b: Pelipper|Weather Ball|p2a: Volcarona
|-supereffective|p2a: Volcarona
|-damage|p2a: Volcarona|0 fnt
|faint|p2a: Volcarona
|move|p1a: Archaludon|Electro Shot||[still]
|-prepare|p1a: Archaludon|Electro Shot
|-boost|p1a: Archaludon|spa|1
|-anim|p1a: Archaludon|Electro Shot|p2b: Kingambit
|-damage|p2b: Kingambit|0 fnt
|faint|p2b: Kingambit
|
|win|FosaNando
|inactive|FosaNando has 30 seconds to confirm battle start!
|inactive|PokeLucho has 30 seconds to confirm battle start!
||PokeLucho is ready for game 2.
||FosaNando is ready for game 2.
|uhtml|next|Next: Game 2 of 3
