|j|☆Slyfox128
|j|☆Mr.Coffee.Kat
|html|Slyfox128Mr.Coffee.Kat    
|uhtml|bestof|Game 3 of a best-of-3
|t:|1757160195
|gametype|doubles
|player|p1|Slyfox128|caitlin|1095
|player|p2|Mr.Coffee.Kat|rei|1000
|gen|9
|tier|[Gen 9] VGC 2025 Reg H (Bo3)
|rated|
|rule|Species Clause: Limit one of each Pokémon
|rule|Item Clause: Limit 1 of each item
|clearpoke
|poke|p1|Dragapult, L50, F|
|poke|p1|Ninetales-Alola, L50, F|
|poke|p1|Lucario, L50, M|
|poke|p1|Glimmora, L50, F|
|poke|p1|Talonflame, L50, F|
|poke|p1|Incineroar, L50, M|
|poke|p2|Charizard, L50, F|
|poke|p2|Torkoal, L50, F|
|poke|p2|Porygon2, L50|
|poke|p2|Incineroar, L50, M|
|poke|p2|Jumpluff, L50, F|
|poke|p2|Ursaluna, L50, F|
|teampreview|4
|showteam|p1|Dragapult||ChoiceBand|ClearBody|DragonDarts,DragonClaw,TeraBlast,Uturn|||F|||50|,,,,,Ghost]Ninetales-Alola||CovertCloak|SnowWarning|AuroraVeil,Protect,Moonblast,Blizzard|||F|||50|,,,,,Water]Lucario||LifeOrb|InnerFocus|AuraSphere,FlashCannon,Protect,DarkPulse|||M|||50|,,,,,Dark]Glimmora||PowerHerb|ToxicDebris|MeteorBeam,SpikyShield,SludgeWave,EarthPower|||F|||50|,,,,,Ground]Talonflame||FocusSash|GaleWings|Tailwind,BraveBird,Protect,FlareBlitz|||F|||50|,,,,,Dark]Incineroar||SafetyGoggles|Intimidate|KnockOff,PartingShot,Taunt,FakeOut|||M|||50|,,,,,Water
|showteam|p2|Charizard||ChoiceSpecs|SolarPower|HeatWave,Overheat,WeatherBall,AirSlash|||F|||50|,,,,,Ghost]Torkoal||EjectPack|Drought|Eruption,Overheat,HelpingHand,Protect|||F|||50|,,,,,Fire]Porygon2||Eviolite|Download|TeraBlast,IceBeam,Recover,TrickRoom||||||50|,,,,,Fighting]Incineroar||SitrusBerry|Intimidate|FlareBlitz,KnockOff,FakeOut,PartingShot|||M|||50|,,,,,Ghost]Jumpluff||CovertCloak|Chlorophyll|SleepPowder,SunnyDay,RagePowder,Tailwind|||F|||50|,,,,,Water]Ursaluna||FlameOrb|Guts|HeadlongRush,Facade,Earthquake,Protect|||F|||50|,,,,,Ghost
|inactive|Battle timer is ON: inactive players will automatically lose when time's up. (requested by Slyfox128)
|inactive|Slyfox128 has 60 seconds left.
|inactive|Slyfox128 has 30 seconds left.
|
|t:|1757160258
|teamsize|p1|4
|teamsize|p2|4
|start
|switch|p1a: Talonflame|Talonflame, L50, F|100/100
|switch|p1b: Dragapult|Dragapult, L50, F|100/100
|switch|p2a: Jumpluff|Jumpluff, L50, F|100/100
|switch|p2b: Charizard|Charizard, L50, F|100/100
|turn|1
|inactive|Mr.Coffee.Kat has 30 seconds left.
|
|t:|1757160291
|switch|p2a: Incineroar|Incineroar, L50, M|100/100
|-ability|p2a: Incineroar|Intimidate|boost
|-unboost|p1a: Talonflame|atk|1
|-fail|p1b: Dragapult|unboost|[from] ability: Clear Body|[of] p1b: Dragapult
|move|p1a: Talonflame|Brave Bird|p2a: Incineroar
|-damage|p2a: Incineroar|69/100
|-damage|p1a: Talonflame|87/100|[from] Recoil
|move|p1b: Dragapult|Dragon Darts|p2b: Charizard
|-damage|p2b: Charizard|43/100
|-anim|p1b: Dragapult|Dragon Darts|p2a: Incineroar
|-damage|p2a: Incineroar|32/100
|-enditem|p2a: Incineroar|Sitrus Berry|[eat]
|-heal|p2a: Incineroar|56/100|[from] item: Sitrus Berry
|move|p2b: Charizard|Air Slash|p1b: Dragapult
|-damage|p1b: Dragapult|34/100
|
|upkeep
|turn|2
|
|t:|1757160316
|switch|p2b: Jumpluff|Jumpluff, L50, F|100/100
|move|p1a: Talonflame|Protect|p1a: Talonflame
|-singleturn|p1a: Talonflame|Protect
|move|p1b: Dragapult|Dragon Darts|p2a: Incineroar
|-damage|p2a: Incineroar|20/100
|-anim|p1b: Dragapult|Dragon Darts|p2b: Jumpluff
|-damage|p2b: Jumpluff|56/100
|move|p2a: Incineroar|Knock Off|p1b: Dragapult
|-supereffective|p1b: Dragapult
|-damage|p1b: Dragapult|0 fnt
|-enditem|p1b: Dragapult|Choice Band|[from] move: Knock Off|[of] p2a: Incineroar
|faint|p1b: Dragapult
|
|upkeep
|
|t:|1757160329
|switch|p1b: Ninetales|Ninetales-Alola, L50, F|100/100
|-weather|Snowscape|[from] ability: Snow Warning|[of] p1b: Ninetales
|turn|3
|
|t:|1757160351
|-terastallize|p2b: Jumpluff|Water
|move|p1a: Talonflame|Tailwind|p1a: Talonflame
|-sidestart|p1: Slyfox128|move: Tailwind
|move|p1b: Ninetales|Blizzard|p2a: Incineroar|[spread] p2a,p2b
|-resisted|p2a: Incineroar
|-resisted|p2b: Jumpluff
|-damage|p2a: Incineroar|6/100
|-damage|p2b: Jumpluff|41/100
|move|p2b: Jumpluff|Tailwind|p2b: Jumpluff
|-sidestart|p2: Mr.Coffee.Kat|move: Tailwind
|move|p2a: Incineroar|Flare Blitz|p1b: Ninetales
|-supereffective|p1b: Ninetales
|-damage|p1b: Ninetales|1/100
|-damage|p2a: Incineroar|0 fnt|[from] Recoil
|faint|p2a: Incineroar
|
|-weather|Snowscape|[upkeep]
|upkeep
|c|☆Slyfox128|holy 1hp
|
|t:|1757160367
|switch|p2a: Charizard|Charizard, L50, F|43/100
|turn|4
|
|t:|1757160384
|move|p1a: Talonflame|Brave Bird|p2b: Jumpluff
|-damage|p2b: Jumpluff|0 fnt
|faint|p2b: Jumpluff
|-damage|p1a: Talonflame|71/100|[from] Recoil
|move|p1b: Ninetales|Aurora Veil|p1b: Ninetales
|-sidestart|p1: Slyfox128|move: Aurora Veil
|move|p2a: Charizard|Heat Wave|p1b: Ninetales|[spread] p1b
|-miss|p2a: Charizard|p1a: Talonflame
|-supereffective|p1b: Ninetales
|-damage|p1b: Ninetales|0 fnt
|faint|p1b: Ninetales
|
|-weather|Snowscape|[upkeep]
|upkeep
|
|t:|1757160396
|switch|p1b: Incineroar|Incineroar, L50, M|100/100
|switch|p2b: Ursaluna|Ursaluna, L50, F|100/100
|-ability|p1b: Incineroar|Intimidate|boost
|-unboost|p2a: Charizard|atk|1
|-unboost|p2b: Ursaluna|atk|1
|turn|5
|
|t:|1757160416
|move|p1b: Incineroar|Fake Out|p2a: Charizard
|-damage|p2a: Charizard|27/100
|move|p1a: Talonflame|Brave Bird|p2b: Ursaluna
|-damage|p2b: Ursaluna|76/100
|-damage|p1a: Talonflame|59/100|[from] Recoil
|cant|p2a: Charizard|flinch
|move|p2b: Ursaluna|Headlong Rush|p1b: Incineroar
|-supereffective|p1b: Incineroar
|-damage|p1b: Incineroar|43/100
|-unboost|p2b: Ursaluna|def|1
|-unboost|p2b: Ursaluna|spd|1
|
|-weather|Snowscape|[upkeep]
|-status|p2b: Ursaluna|brn|[from] item: Flame Orb
|upkeep
|turn|6
|
|t:|1757160433
|move|p1a: Talonflame|Protect|p1a: Talonflame
|-singleturn|p1a: Talonflame|Protect
|move|p2a: Charizard|Heat Wave|p1b: Incineroar|[spread] p1b
|-activate|p1a: Talonflame|move: Protect
|-resisted|p1b: Incineroar
|-damage|p1b: Incineroar|28/100
|move|p2b: Ursaluna|Facade|p1a: Talonflame
|-activate|p1a: Talonflame|move: Protect
|move|p1b: Incineroar|Parting Shot|p2b: Ursaluna
|-unboost|p2b: Ursaluna|atk|1
|-unboost|p2b: Ursaluna|spa|1
|
|-weather|Snowscape|[upkeep]
|-damage|p2b: Ursaluna|70/100 brn|[from] brn
|-sideend|p2: Mr.Coffee.Kat|move: Tailwind
|-sideend|p1: Slyfox128|move: Tailwind
|upkeep
|turn|7
|
|t:|1757160454
|move|p1a: Talonflame|Flare Blitz|p2b: Ursaluna
|-damage|p2b: Ursaluna|35/100 brn
|-damage|p1a: Talonflame|42/100|[from] Recoil
|move|p2a: Charizard|Heat Wave|p1b: Incineroar|[spread] p1a
|-miss|p2a: Charizard|p1b: Incineroar
|-resisted|p1a: Talonflame
|-damage|p1a: Talonflame|16/100
|move|p2b: Ursaluna|Facade|p1a: Talonflame
|-damage|p1a: Talonflame|0 fnt
|faint|p1a: Talonflame
|move|p1b: Incineroar|Knock Off|p2a: Charizard
|-damage|p2a: Charizard|0 fnt
|-enditem|p2a: Charizard|Choice Specs|[from] move: Knock Off|[of] p1b: Incineroar
|faint|p2a: Charizard
|
|-weather|none
|-damage|p2b: Ursaluna|29/100 brn|[from] brn
|upkeep
|turn|8
|
|t:|1757160472
|-terastallize|p1b: Incineroar|Water
|move|p2b: Ursaluna|Headlong Rush|p1b: Incineroar
|-damage|p1b: Incineroar|0 fnt
|-unboost|p2b: Ursaluna|def|1
|-unboost|p2b: Ursaluna|spd|1
|faint|p1b: Incineroar
|
|win|Mr.Coffee.Kat
|raw|Slyfox128's rating: 1095 → 1064(-31 for losing)
|raw|Mr.Coffee.Kat's rating: 1000 → 1051(+51 for winning)
|c|☆Slyfox128|ggs
|c|☆Slyfox128|damn
|c|☆Mr.Coffee.Kat|Gg
|l|☆Mr.Coffee.Kat
|player|p2|
