|j|☆jANMxRin
|j|☆nillythekid
|html|jANMxRinnillythekid    
|uhtml|bestof|Game 3 of a best-of-3
|t:|1783536264
|gametype|doubles
|player|p1|jANMxRin|2|
|player|p2|nillythekid|hiker-gen4|
|gen|9
|tier|[Gen 9 Champions] VGC 2026 Reg M-B (Bo3)
|rule|Species Clause: Limit one of each Pokémon
|rule|Item Clause: Limit 1 of each item
|clearpoke
|poke|p1|Delphox, L50, M|
|poke|p1|Blastoise, L50, M|
|poke|p1|Incineroar, L50, M|
|poke|p1|Sneasler, L50, F|
|poke|p1|Sinistcha, L50|
|poke|p1|Kingambit, L50, F|
|poke|p2|Sinistcha, L50|
|poke|p2|Incineroar, L50, M|
|poke|p2|Milotic, L50, M|
|poke|p2|Raichu, L50, F|
|poke|p2|Floette-Eternal, L50, F|
|poke|p2|Ceruledge, L50, M|
|teampreview|4
|showteam|p1|Delphox||Delphoxite|Blaze|HeatWave,Psyshock,Protect,NastyPlot|Timid||M|||50|]Blastoise||Blastoisinite|Torrent|WaterSpout,DarkPulse,ShellSmash,Protect|Timid||M|||50|]Incineroar||SitrusBerry|Intimidate|FlareBlitz,FakeOut,PartingShot,HelpingHand|Careful||M|||50|]Sneasler||FocusSash|PoisonTouch|PoisonJab,CloseCombat,FakeOut,QuickGuard|Jolly||F|||50|]Sinistcha||KasibBerry|Hospitality|MatchaGotcha,RagePowder,Protect,LifeDew|Bold|||||50|]Kingambit||BlackGlasses|Defiant|KowtowCleave,SuckerPunch,SwordsDance,Protect|Adamant||F|||50|
|showteam|p2|Sinistcha||KasibBerry|Hospitality|MatchaGotcha,LifeDew,RagePowder,Protect|Relaxed|||||50|]Incineroar||SitrusBerry|Intimidate|FlareBlitz,ThroatChop,FakeOut,PartingShot|Impish||M|||50|]Milotic||Leftovers|Competitive|MuddyWater,Coil,Hypnosis,Protect|Calm||M|||50|]Raichu||RaichuniteY|LightningRod|ZapCannon,FocusBlast,FakeOut,Protect|Timid||F|||50|]Floette-Eternal||Floettite|FlowerVeil|DazzlingGleam,DrainingKiss,CalmMind,Protect|Timid||F|||50|]Ceruledge||ColburBerry|FlashFire|BitterBlade,ShadowSneak,BulkUp,Protect|Adamant||M|||50|
|inactive|Battle timer is ON: inactive players will automatically lose when time's up. (requested by jANMxRin)
|
|t:|1783536274
|teamsize|p1|4
|teamsize|p2|4
|start
|switch|p1a: Blastoise|Blastoise, L50, M|100/100
|switch|p1b: Sneasler|Sneasler, L50, F|100/100
|switch|p2a: Milotic|Milotic, L50, M|100/100
|switch|p2b: Incineroar|Incineroar, L50, M|100/100
|-ability|p2b: Incineroar|Intimidate|boost
|-unboost|p1a: Blastoise|atk|1
|-unboost|p1b: Sneasler|atk|1
|turn|1
|inactive|nillythekid has 30 seconds left.
|
|t:|1783536303
|switch|p2b: Sinistcha|Sinistcha, L50|100/100
|detailschange|p1a: Blastoise|Blastoise-Mega, L50, M
|-mega|p1a: Blastoise|Blastoise|Blastoisinite
|move|p1b: Sneasler|Fake Out|p2b: Sinistcha
|-immune|p2b: Sinistcha
|move|p1a: Blastoise|Shell Smash|p1a: Blastoise
|-unboost|p1a: Blastoise|def|1
|-unboost|p1a: Blastoise|spd|1
|-boost|p1a: Blastoise|atk|2
|-boost|p1a: Blastoise|spa|2
|-boost|p1a: Blastoise|spe|2
|move|p2a: Milotic|Coil|p2a: Milotic
|-boost|p2a: Milotic|atk|1
|-boost|p2a: Milotic|def|1
|-boost|p2a: Milotic|accuracy|1
|
|upkeep
|turn|2
|
|t:|1783536322
|move|p1a: Blastoise|Dark Pulse|p2b: Sinistcha
|-supereffective|p2b: Sinistcha|1
|-damage|p2b: Sinistcha|0 fnt
|faint|p2b: Sinistcha
|move|p1b: Sneasler|Poison Jab|p2a: Milotic
|-damage|p2a: Milotic|84/100
|-status|p2a: Milotic|psn
|move|p2a: Milotic|Muddy Water|p1b: Sneasler|[spread] p1a,p1b
|-resisted|p1a: Blastoise|1
|-crit|p1a: Blastoise
|-crit|p1b: Sneasler
|-damage|p1a: Blastoise|72/100
|-damage|p1b: Sneasler|54/100
|
|-heal|p2a: Milotic|90/100 psn|[from] item: Leftovers
|-damage|p2a: Milotic|78/100 psn|[from] psn
|upkeep
|
|t:|1783536336
|switch|p2b: Incineroar|Incineroar, L50, M|100/100
|-ability|p2b: Incineroar|Intimidate|boost
|-unboost|p1a: Blastoise|atk|1
|-unboost|p1b: Sneasler|atk|1
|turn|3
|inactive|jANMxRin has 30 seconds left.
|inactive|nillythekid has 30 seconds left.
|
|t:|1783536365
|move|p1b: Sneasler|Quick Guard|p1b: Sneasler
|-singleturn|p1b: Sneasler|Quick Guard
|move|p1a: Blastoise|Shell Smash|p1a: Blastoise
|-unboost|p1a: Blastoise|def|1
|-unboost|p1a: Blastoise|spd|1
|-boost|p1a: Blastoise|atk|2
|-boost|p1a: Blastoise|spa|2
|-boost|p1a: Blastoise|spe|2
|move|p2a: Milotic|Coil|p2a: Milotic
|-boost|p2a: Milotic|atk|1
|-boost|p2a: Milotic|def|1
|-boost|p2a: Milotic|accuracy|1
|move|p2b: Incineroar|Flare Blitz|p1b: Sneasler
|-damage|p1b: Sneasler|0 fnt
|faint|p1b: Sneasler
|-damage|p2b: Incineroar|86/100|[from] Recoil
|
|-heal|p2a: Milotic|84/100 psn|[from] item: Leftovers
|-damage|p2a: Milotic|71/100 psn|[from] psn
|upkeep
|
|t:|1783536377
|switch|p1b: Sinistcha|Sinistcha, L50|100/100
|-heal|p1a: Blastoise|97/100|[from] ability: Hospitality|[of] p1b: Sinistcha
|turn|4
|
|t:|1783536399
|move|p1a: Blastoise|Water Spout|p2a: Milotic|[spread] p2a,p2b
|-resisted|p2a: Milotic|1
|-supereffective|p2b: Incineroar|1
|-damage|p2a: Milotic|12/100 psn
|-damage|p2b: Incineroar|0 fnt
|faint|p2b: Incineroar
|move|p2a: Milotic|Hypnosis|p1a: Blastoise
|-status|p1a: Blastoise|slp|[from] move: Hypnosis
|move|p1b: Sinistcha|Matcha Gotcha|p2a: Milotic
|-supereffective|p2a: Milotic|1
|-damage|p2a: Milotic|0 fnt
|faint|p2a: Milotic
|
|upkeep
|
|t:|1783536408
|switch|p2a: Floette|Floette-Eternal, L50, F|100/100
|turn|5
|
|t:|1783536420
|detailschange|p2a: Floette|Floette-Mega, L50, F
|-mega|p2a: Floette|Floette|Floettite
|-ability|p2a: Floette|Fairy Aura
|cant|p1a: Blastoise|slp
|move|p2a: Floette|Dazzling Gleam|p1a: Blastoise|[spread] p1a,p1b
|-damage|p1a: Blastoise|23/100 slp
|-damage|p1b: Sinistcha|57/100
|move|p1b: Sinistcha|Life Dew|p1b: Sinistcha|[spread] p1a,p1b
|-heal|p1a: Blastoise|48/100 slp
|-heal|p1b: Sinistcha|82/100
|
|upkeep
|turn|6
|
|t:|1783536442
|cant|p1a: Blastoise|slp
|move|p2a: Floette|Dazzling Gleam|p1b: Sinistcha|[spread] p1a,p1b
|-crit|p1b: Sinistcha
|-damage|p1a: Blastoise|0 fnt
|-damage|p1b: Sinistcha|21/100
|faint|p1a: Blastoise
|move|p1b: Sinistcha|Matcha Gotcha|p2a: Floette
|-damage|p2a: Floette|72/100
|-heal|p1b: Sinistcha|34/100|[from] drain|[of] p2a: Floette
|-status|p2a: Floette|brn
|
|-damage|p2a: Floette|66/100 brn|[from] brn
|upkeep
|
|t:|1783536447
|switch|p1a: Incineroar|Incineroar, L50, M|100/100
|-ability|p1a: Incineroar|Intimidate|boost
|-unboost|p2a: Floette|atk|1
|turn|7
|
|t:|1783536461
|move|p2a: Floette|Protect|p2a: Floette
|-singleturn|p2a: Floette|Protect
|move|p1a: Incineroar|Fake Out|p2a: Floette
|-activate|p2a: Floette|move: Protect
|move|p1b: Sinistcha|Life Dew||[still]|[spread] p1a,p1b
|-fail|p1a: Incineroar|heal
|-heal|p1b: Sinistcha|59/100
|
|-damage|p2a: Floette|60/100 brn|[from] brn
|upkeep
|turn|8
|inactive|jANMxRin has 30 seconds left.
|
|t:|1783536490
|move|p2a: Floette|Draining Kiss|p1b: Sinistcha
|-damage|p1b: Sinistcha|22/100
|-heal|p2a: Floette|92/100 brn|[from] drain|[of] p1b: Sinistcha
|move|p1a: Incineroar|Flare Blitz|p2a: Floette
|-damage|p2a: Floette|42/100 brn
|-damage|p1a: Incineroar|87/100|[from] Recoil
|move|p1b: Sinistcha|Matcha Gotcha|p2a: Floette
|-damage|p2a: Floette|14/100 brn
|-heal|p1b: Sinistcha|35/100|[from] drain|[of] p2a: Floette
|
|-damage|p2a: Floette|8/100 brn|[from] brn
|upkeep
|turn|9
|inactive|jANMxRin has 30 seconds left.
|
|t:|1783536523
|move|p2a: Floette|Draining Kiss|p1b: Sinistcha
|-damage|p1b: Sinistcha|1/100
|-heal|p2a: Floette|37/100 brn|[from] drain|[of] p1b: Sinistcha
|move|p1a: Incineroar|Flare Blitz|p2a: Floette
|-damage|p2a: Floette|0 fnt
|faint|p2a: Floette
|-damage|p1a: Incineroar|77/100|[from] Recoil
|
|win|jANMxRin
