|j|☆Arkhept
|j|☆wumblesnsuch
|html|Arkheptwumblesnsuch    
|uhtml|bestof|Game 3 of a best-of-3
|t:|1756664978
|gametype|doubles
|player|p1|Arkhept|misty|1228
|player|p2|wumblesnsuch|blue|1156
|gen|9
|tier|[Gen 9] VGC 2025 Reg H (Bo3)
|rated|
|rule|Species Clause: Limit one of each Pokémon
|rule|Item Clause: Limit 1 of each item
|clearpoke
|poke|p1|Ninetales-Alola, L50, M|
|poke|p1|Ursaluna-Bloodmoon, L50, M|
|poke|p1|Maushold-Four, L50|
|poke|p1|Annihilape, L50, F|
|poke|p1|Klefki, L50, M|
|poke|p1|Sinistcha-Masterpiece, L50|
|poke|p2|Talonflame, L50, F|
|poke|p2|Sneasler, L50, F|
|poke|p2|Indeedee, L50, M|
|poke|p2|Gholdengo, L50|
|poke|p2|Garchomp, L50, M|
|poke|p2|Ninetales-Alola, L50, F|
|teampreview|4
|showteam|p1|Ninetales-Alola||NeverMeltIce|SnowWarning|Blizzard,FreezeDry,Encore,Protect|||M|||50|,,,,,Ice]Ursaluna-Bloodmoon||AssaultVest|MindsEye|BloodMoon,EarthPower,HyperVoice,VacuumWave|||M|||50|,,,,,Water]Maushold-Four||SafetyGoggles|FriendGuard|BeatUp,Taunt,FollowMe,Protect||||||50|,,,,,Ghost]Annihilape||Leftovers|Defiant|DrainPunch,RageFist,BulkUp,Protect|||F|||50|,,,,,Fire]Klefki||LightClay|Prankster|DazzlingGleam,Reflect,LightScreen,MistyTerrain|||M|||50|,,,,,Ghost]Sinistcha-Masterpiece||SitrusBerry|Hospitality|MatchaGotcha,RagePowder,LifeDew,TrickRoom||||||50|,,,,,Water
|showteam|p2|Talonflame||CovertCloak|GaleWings|BraveBird,Tailwind,WillOWisp,FlareBlitz|||F|||50|,,,,,Flying]Sneasler||PsychicSeed|Unburden|ThroatChop,CloseCombat,DireClaw,AcidSpray|||F|||50|,,,,,Dark]Indeedee||FocusSash|PsychicSurge|Protect,TrickRoom,Imprison,ExpandingForce|||M|||50|,,,,,Psychic]Gholdengo||ChoiceSpecs|GoodasGold|MakeItRain,ShadowBall,Thunderbolt,SteelBeam||||||50|,,,,,Steel]Garchomp||LifeOrb|RoughSkin|Protect,StompingTantrum,Earthquake,Outrage|||M|||50|,,,,,Ground]Ninetales-Alola||NeverMeltIce|SnowWarning|Blizzard,FreezeDry,AuroraVeil,Protect|||F|||50|,,,,,Ice
|inactive|Battle timer is ON: inactive players will automatically lose when time's up. (requested by Arkhept)
|
|t:|1756664994
|teamsize|p1|4
|teamsize|p2|4
|start
|switch|p1a: Klefki|Klefki, L50, M|100/100
|switch|p1b: Ursaluna|Ursaluna-Bloodmoon, L50, M|100/100
|switch|p2a: Gholdengo|Gholdengo, L50|100/100
|switch|p2b: Ninetales|Ninetales-Alola, L50, F|100/100
|-weather|Snowscape|[from] ability: Snow Warning|[of] p2b: Ninetales
|turn|1
|inactive|Arkhept has 30 seconds left.
|inactive|Arkhept has 20 seconds left.
|
|t:|1756665029
|-terastallize|p1b: Ursaluna|Water
|move|p1a: Klefki|Light Screen|p1a: Klefki
|-sidestart|p1: Arkhept|move: Light Screen
|move|p2b: Ninetales|Aurora Veil|p2b: Ninetales
|-sidestart|p2: wumblesnsuch|move: Aurora Veil
|move|p2a: Gholdengo|Make It Rain|p1b: Ursaluna|[spread] p1a,p1b
|-resisted|p1b: Ursaluna
|-crit|p1b: Ursaluna
|-damage|p1a: Klefki|46/100
|-damage|p1b: Ursaluna|64/100
|-unboost|p2a: Gholdengo|spa|1
|move|p1b: Ursaluna|Earth Power|p2a: Gholdengo
|-supereffective|p2a: Gholdengo
|-damage|p2a: Gholdengo|26/100
|
|-weather|Snowscape|[upkeep]
|upkeep
|turn|2
|
|t:|1756665044
|move|p1a: Klefki|Reflect|p1a: Klefki
|-sidestart|p1: Arkhept|Reflect
|move|p2b: Ninetales|Blizzard|p1a: Klefki|[spread] p1a,p1b
|-resisted|p1a: Klefki
|-resisted|p1b: Ursaluna
|-damage|p1a: Klefki|35/100
|-damage|p1b: Ursaluna|56/100
|-status|p1b: Ursaluna|frz
|move|p2a: Gholdengo|Make It Rain|p1b: Ursaluna|[spread] p1a,p1b
|-resisted|p1b: Ursaluna
|-damage|p1a: Klefki|0 fnt
|-damage|p1b: Ursaluna|45/100 frz
|-unboost|p2a: Gholdengo|spa|1
|faint|p1a: Klefki
|cant|p1b: Ursaluna|frz
|
|-weather|Snowscape|[upkeep]
|upkeep
|
|t:|1756665049
|switch|p1a: Sinistcha|Sinistcha-Masterpiece, L50|100/100
|-heal|p1b: Ursaluna|70/100 frz|[from] ability: Hospitality|[of] p1a: Sinistcha
|turn|3
|
|t:|1756665056
|switch|p2a: Sneasler|Sneasler, L50, F, shiny|100/100
|move|p2b: Ninetales|Blizzard|p1a: Sinistcha|[spread] p1a,p1b
|-supereffective|p1a: Sinistcha
|-resisted|p1b: Ursaluna
|-damage|p1a: Sinistcha|51/100
|-damage|p1b: Ursaluna|62/100 frz
|cant|p1b: Ursaluna|frz
|move|p1a: Sinistcha|Trick Room|p1a: Sinistcha
|-fieldstart|move: Trick Room|[of] p1a: Sinistcha
|
|-weather|Snowscape|[upkeep]
|upkeep
|turn|4
|
|t:|1756665071
|cant|p1b: Ursaluna|frz
|move|p1a: Sinistcha|Matcha Gotcha|p2b: Ninetales|[spread] p2a,p2b
|-resisted|p2a: Sneasler
|-damage|p2a: Sneasler|91/100
|-heal|p1a: Sinistcha|56/100|[from] drain|[of] p2a: Sneasler
|-damage|p2b: Ninetales|81/100
|-heal|p1a: Sinistcha|64/100|[from] drain|[of] p2b: Ninetales
|-status|p2b: Ninetales|brn
|move|p2a: Sneasler|Throat Chop|p1a: Sinistcha
|-supereffective|p1a: Sinistcha
|-damage|p1a: Sinistcha|30/100
|-start|p1a: Sinistcha|Throat Chop|[silent]
|-enditem|p1a: Sinistcha|Sitrus Berry|[eat]
|-heal|p1a: Sinistcha|55/100|[from] item: Sitrus Berry
|move|p2b: Ninetales|Blizzard|p1a: Sinistcha|[spread] p1a,p1b
|-supereffective|p1a: Sinistcha
|-resisted|p1b: Ursaluna
|-damage|p1a: Sinistcha|5/100
|-damage|p1b: Ursaluna|55/100 frz
|
|-weather|Snowscape|[upkeep]
|-damage|p2b: Ninetales|75/100 brn|[from] brn
|upkeep
|turn|5
|
|t:|1756665090
|cant|p1b: Ursaluna|frz
|move|p1a: Sinistcha|Matcha Gotcha|p2b: Ninetales|[spread] p2b
|-miss|p1a: Sinistcha|p2a: Sneasler
|-damage|p2b: Ninetales|55/100 brn
|-heal|p1a: Sinistcha|13/100|[from] drain|[of] p2b: Ninetales
|move|p2a: Sneasler|Close Combat|p1b: Ursaluna
|-damage|p1b: Ursaluna|20/100 frz
|-unboost|p2a: Sneasler|def|1
|-unboost|p2a: Sneasler|spd|1
|move|p2b: Ninetales|Blizzard|p1a: Sinistcha|[spread] p1a,p1b
|-supereffective|p1a: Sinistcha
|-resisted|p1b: Ursaluna
|-damage|p1a: Sinistcha|0 fnt
|-damage|p1b: Ursaluna|13/100 frz
|faint|p1a: Sinistcha
|
|-weather|none
|-damage|p2b: Ninetales|50/100 brn|[from] brn
|-sideend|p2: wumblesnsuch|move: Aurora Veil
|upkeep
|
|t:|1756665108
|switch|p1a: Ninetales|Ninetales-Alola, L50, M|100/100
|-weather|Snowscape|[from] ability: Snow Warning|[of] p1a: Ninetales
|turn|6
|
|t:|1756665121
|cant|p1b: Ursaluna|frz
|move|p2a: Sneasler|Dire Claw|p1a: Ninetales
|-supereffective|p1a: Ninetales
|-crit|p1a: Ninetales
|-damage|p1a: Ninetales|0 fnt
|faint|p1a: Ninetales
|move|p2b: Ninetales|Blizzard|p1b: Ursaluna
|-resisted|p1b: Ursaluna
|-damage|p1b: Ursaluna|1/100 frz
|
|-weather|Snowscape|[upkeep]
|-damage|p2b: Ninetales|44/100 brn|[from] brn
|upkeep
|turn|7
|c|☆wumblesnsuch|im very sorry
|c|☆Arkhept|wow
|c|☆Arkhept|this game was unwinnable X)
|
|t:|1756665142
|cant|p1b: Ursaluna|frz
|move|p2a: Sneasler|Dire Claw|p1b: Ursaluna
|-crit|p1b: Ursaluna
|-damage|p1b: Ursaluna|0 fnt
|faint|p1b: Ursaluna
|
|win|wumblesnsuch
|raw|Arkhept's rating: 1228 → 1198(-30 for losing)
|raw|wumblesnsuch's rating: 1156 → 1186(+30 for winning)
