|j|☆Test-chan 2
|j|☆Yankiken
|html|Test-chan 2Yankiken    
|uhtml|bestof|Game 2 of a best-of-3
|t:|1756014289
|gametype|doubles
|player|p1|Test-chan 2|lucas|1136
|player|p2|Yankiken|unknown|1236
|gen|9
|tier|[Gen 9] VGC 2025 Reg H (Bo3)
|rated|
|rule|Species Clause: Limit one of each Pokémon
|rule|Item Clause: Limit 1 of each item
|clearpoke
|poke|p1|Archaludon, L50, M|
|poke|p1|Whimsicott, L50, M|
|poke|p1|Incineroar, L50, F|
|poke|p1|Pelipper, L50, M|
|poke|p1|Amoonguss, L50, M|
|poke|p1|Basculegion, L50, M|
|poke|p2|Garganacl, L50, F|
|poke|p2|Tyranitar, L50, F|
|poke|p2|Sneasler, L50, F|
|poke|p2|Primarina, L50, M|
|poke|p2|Volcarona, L50, M|
|poke|p2|Rillaboom, L50, F|
|teampreview|4
|showteam|p1|Archaludon||AssaultVest|Stamina|BodyPress,FlashCannon,ElectroShot,DragonPulse|||M|||50|,,,,,Fairy]Whimsicott||CovertCloak|Prankster|Moonblast,Tailwind,Encore,LightScreen|||M|||50|,,,,,Water]Incineroar||SafetyGoggles|Intimidate|FakeOut,PartingShot,Taunt,KnockOff|||F|||50|,,,,,Ghost]Pelipper||FocusSash|Drizzle|WeatherBall,Protect,WideGuard,Hurricane|||M|||50|,,,,,Stellar]Amoonguss||SitrusBerry|Regenerator|PollenPuff,Spore,RagePowder,Protect|||M|||50|,,,,,Electric]Basculegion||ChoiceBand|SwiftSwim|WaveCrash,LastRespects,AquaJet,FlipTurn|||M|||50|,,,,,Grass
|showteam|p2|Garganacl||Leftovers|PurifyingSalt|SaltCure,Recover,Protect,WideGuard|||F|||50|,,,,,Poison]Tyranitar||ChoiceBand|SandStream|RockSlide,KnockOff,HeavySlam,LowKick|||F|||50|,,,,,Dark]Sneasler||FocusSash|PoisonTouch|Coaching,CloseCombat,DireClaw,Protect|||F|||50|,,,,,Ghost]Primarina||ThroatSpray|LiquidVoice|HyperVoice,Moonblast,Haze,Protect|||M|||50|,,,,,Steel]Volcarona||SitrusBerry|FlameBody|RagePowder,StruggleBug,Overheat,Protect|||M|||50|,,,,,Dragon]Rillaboom||AssaultVest|GrassySurge|FakeOut,WoodHammer,GrassyGlide,Uturn|||F|||50|,,,,,Fire
|inactive|Battle timer is ON: inactive players will automatically lose when time's up. (requested by Yankiken)
|
|t:|1756014318
|teamsize|p1|4
|teamsize|p2|4
|start
|switch|p1a: Pelipper|Pelipper, L50, M|100/100
|switch|p1b: Archaludon|Archaludon, L50, M|100/100
|switch|p2a: Garganacl|Garganacl, L50, F|100/100
|switch|p2b: Sneasler|Sneasler, L50, F|100/100
|-weather|RainDance|[from] ability: Drizzle|[of] p1a: Pelipper
|turn|1
|
|t:|1756014333
|switch|p2b: Tyranitar|Tyranitar, L50, F|100/100
|-weather|Sandstorm|[from] ability: Sand Stream|[of] p2b: Tyranitar
|switch|p1a: Incineroar|Incineroar, L50, F|100/100
|-ability|p1a: Incineroar|Intimidate|boost
|-unboost|p2a: Garganacl|atk|1
|-unboost|p2b: Tyranitar|atk|1
|-terastallize|p2a: Garganacl|Poison
|move|p1b: Archaludon|Flash Cannon|p2a: Garganacl
|-damage|p2a: Garganacl|72/100
|move|p2a: Garganacl|Salt Cure|p1a: Incineroar
|-supereffective|p1a: Incineroar
|-damage|p1a: Incineroar|82/100
|-start|p1a: Incineroar|Salt Cure
|
|-weather|Sandstorm|[upkeep]
|-damage|p2a: Garganacl|67/100|[from] Sandstorm
|-heal|p2a: Garganacl|72/100|[from] item: Leftovers
|-damage|p1a: Incineroar|70/100|[from] Salt Cure
|upkeep
|turn|2
|inactive|Yankiken has 30 seconds left.
|
|t:|1756014365
|switch|p1b: Basculegion|Basculegion, L50, M|100/100
|move|p1a: Incineroar|Fake Out|p2b: Tyranitar
|-resisted|p2b: Tyranitar
|-damage|p2b: Tyranitar|96/100
|cant|p2b: Tyranitar|flinch
|move|p2a: Garganacl|Recover|p2a: Garganacl
|-heal|p2a: Garganacl|100/100
|
|-weather|Sandstorm|[upkeep]
|-damage|p1b: Basculegion|94/100|[from] Sandstorm
|-damage|p2a: Garganacl|95/100|[from] Sandstorm
|-heal|p2a: Garganacl|100/100|[from] item: Leftovers
|-damage|p1a: Incineroar|57/100|[from] Salt Cure
|upkeep
|turn|3
|
|t:|1756014377
|switch|p1a: Pelipper|Pelipper, L50, M|100/100
|-weather|RainDance|[from] ability: Drizzle|[of] p1a: Pelipper
|switch|p2a: Rillaboom|Rillaboom, L50, F|100/100
|-fieldstart|move: Grassy Terrain|[from] ability: Grassy Surge|[of] p2a: Rillaboom
|move|p1b: Basculegion|Flip Turn|p2b: Tyranitar
|-supereffective|p2b: Tyranitar
|-damage|p2b: Tyranitar|0 fnt
|faint|p2b: Tyranitar
|
|t:|1756014391
|switch|p1b: Archaludon|Archaludon, L50, M|100/100|[from] Flip Turn
|
|-weather|RainDance|[upkeep]
|upkeep
|
|t:|1756014394
|switch|p2b: Garganacl|Garganacl, L50, F, tera:Poison|100/100
|turn|4
|
|t:|1756014403
|switch|p1b: Incineroar|Incineroar, L50, F|57/100
|-ability|p1b: Incineroar|Intimidate|boost
|-unboost|p2a: Rillaboom|atk|1
|-unboost|p2b: Garganacl|atk|1
|move|p1a: Pelipper|Protect|p1a: Pelipper
|-singleturn|p1a: Pelipper|Protect
|move|p2a: Rillaboom|Fake Out|p1b: Incineroar
|-damage|p1b: Incineroar|48/100
|move|p2b: Garganacl|Salt Cure|p1a: Pelipper
|-activate|p1a: Pelipper|move: Protect
|
|-weather|RainDance|[upkeep]
|-heal|p1b: Incineroar|54/100|[from] Grassy Terrain
|upkeep
|turn|5
|
|t:|1756014411
|move|p1a: Pelipper|Hurricane|p2a: Rillaboom
|-supereffective|p2a: Rillaboom
|-damage|p2a: Rillaboom|31/100
|-start|p2a: Rillaboom|confusion
|-activate|p2a: Rillaboom|confusion
|-damage|p2a: Rillaboom|21/100|[from] confusion
|move|p1b: Incineroar|Parting Shot|p2a: Rillaboom
|-unboost|p2a: Rillaboom|atk|1
|-unboost|p2a: Rillaboom|spa|1
|
|t:|1756014419
|switch|p1b: Archaludon|Archaludon, L50, M|100/100|[from] Parting Shot
|move|p2b: Garganacl|Salt Cure|p1b: Archaludon
|-resisted|p1b: Archaludon
|-damage|p1b: Archaludon|97/100
|-start|p1b: Archaludon|Salt Cure
|-ability|p1b: Archaludon|Stamina|boost
|-boost|p1b: Archaludon|def|1
|
|-weather|RainDance|[upkeep]
|-heal|p2a: Rillaboom|27/100|[from] Grassy Terrain
|-heal|p1b: Archaludon|100/100|[from] Grassy Terrain
|-damage|p1b: Archaludon|75/100|[from] Salt Cure
|upkeep
|turn|6
|
|t:|1756014436
|switch|p2a: Sneasler|Sneasler, L50, F|100/100
|-terastallize|p1b: Archaludon|Fairy
|move|p1a: Pelipper|Hurricane|p2a: Sneasler
|-supereffective|p2a: Sneasler
|-crit|p2a: Sneasler
|-enditem|p2a: Sneasler|Focus Sash
|-damage|p2a: Sneasler|1/100
|move|p1b: Archaludon|Electro Shot||[still]
|-prepare|p1b: Archaludon|Electro Shot
|-boost|p1b: Archaludon|spa|1
|-anim|p1b: Archaludon|Electro Shot|p2b: Garganacl
|-damage|p2b: Garganacl|59/100
|move|p2b: Garganacl|Salt Cure|p1a: Pelipper
|-supereffective|p1a: Pelipper
|-damage|p1a: Pelipper|77/100
|-start|p1a: Pelipper|Salt Cure
|
|-weather|RainDance|[upkeep]
|-heal|p2a: Sneasler|7/100|[from] Grassy Terrain
|-heal|p1b: Archaludon|82/100|[from] Grassy Terrain
|-heal|p2b: Garganacl|65/100|[from] Grassy Terrain
|-heal|p2b: Garganacl|71/100|[from] item: Leftovers
|-damage|p1a: Pelipper|52/100|[from] Salt Cure
|-damage|p1b: Archaludon|69/100|[from] Salt Cure
|upkeep
|turn|7
|
|t:|1756014448
|switch|p1a: Incineroar|Incineroar, L50, F|54/100
|-ability|p1a: Incineroar|Intimidate|boost
|-unboost|p2a: Sneasler|atk|1
|-unboost|p2b: Garganacl|atk|1
|move|p2b: Garganacl|Protect|p2b: Garganacl
|-singleturn|p2b: Garganacl|Protect
|move|p2a: Sneasler|Dire Claw|p1b: Archaludon
|-supereffective|p1b: Archaludon
|-damage|p1b: Archaludon|40/100
|-ability|p1b: Archaludon|Stamina|boost
|-boost|p1b: Archaludon|def|1
|move|p1b: Archaludon|Electro Shot||[still]
|-prepare|p1b: Archaludon|Electro Shot
|-boost|p1b: Archaludon|spa|1
|-anim|p1b: Archaludon|Electro Shot|p2a: Sneasler
|-damage|p2a: Sneasler|0 fnt
|faint|p2a: Sneasler
|
|-weather|none
|-heal|p1b: Archaludon|46/100|[from] Grassy Terrain
|-heal|p1a: Incineroar|60/100|[from] Grassy Terrain
|-heal|p2b: Garganacl|76/100|[from] Grassy Terrain
|-heal|p2b: Garganacl|82/100|[from] item: Leftovers
|-damage|p1b: Archaludon|34/100|[from] Salt Cure
|-fieldend|move: Grassy Terrain
|upkeep
|
|t:|1756014451
|switch|p2a: Rillaboom|Rillaboom, L50, F|27/100
|-fieldstart|move: Grassy Terrain|[from] ability: Grassy Surge|[of] p2a: Rillaboom
|turn|8
|
|t:|1756014468
|move|p2a: Rillaboom|Fake Out|p1a: Incineroar
|-damage|p1a: Incineroar|48/100
|move|p1b: Archaludon|Flash Cannon|p2a: Rillaboom
|-damage|p2a: Rillaboom|0 fnt
|faint|p2a: Rillaboom
|cant|p1a: Incineroar|flinch
|move|p2b: Garganacl|Salt Cure|p1a: Incineroar
|-supereffective|p1a: Incineroar
|-crit|p1a: Incineroar
|-damage|p1a: Incineroar|9/100
|-start|p1a: Incineroar|Salt Cure
|
|-heal|p1b: Archaludon|40/100|[from] Grassy Terrain
|-heal|p1a: Incineroar|15/100|[from] Grassy Terrain
|-heal|p2b: Garganacl|88/100|[from] Grassy Terrain
|-heal|p2b: Garganacl|94/100|[from] item: Leftovers
|-damage|p1b: Archaludon|28/100|[from] Salt Cure
|-damage|p1a: Incineroar|2/100|[from] Salt Cure
|upkeep
|turn|9
|
|t:|1756014475
|switch|p1a: Pelipper|Pelipper, L50, M|52/100
|-weather|RainDance|[from] ability: Drizzle|[of] p1a: Pelipper
|move|p2b: Garganacl|Protect|p2b: Garganacl
|-singleturn|p2b: Garganacl|Protect
|move|p1b: Archaludon|Electro Shot||[still]
|-prepare|p1b: Archaludon|Electro Shot
|-boost|p1b: Archaludon|spa|1
|-anim|p1b: Archaludon|Electro Shot|p2b: Garganacl
|-activate|p2b: Garganacl|move: Protect
|
|-weather|RainDance|[upkeep]
|-heal|p1b: Archaludon|34/100|[from] Grassy Terrain
|-heal|p2b: Garganacl|99/100|[from] Grassy Terrain
|-heal|p2b: Garganacl|100/100|[from] item: Leftovers
|-damage|p1b: Archaludon|21/100|[from] Salt Cure
|upkeep
|turn|10
|c|☆Test-chan 2|gg wp
|
|t:|1756014489
|move|p1a: Pelipper|Weather Ball|p2b: Garganacl
|-damage|p2b: Garganacl|54/100
|move|p1b: Archaludon|Electro Shot||[still]
|-prepare|p1b: Archaludon|Electro Shot
|-boost|p1b: Archaludon|spa|1
|-anim|p1b: Archaludon|Electro Shot|p2b: Garganacl
|-crit|p2b: Garganacl
|-damage|p2b: Garganacl|0 fnt
|faint|p2b: Garganacl
|
|win|Test-chan 2
|raw|Test-chan 2's rating: 1136 → 1168(+32 for winning)
|raw|Yankiken's rating: 1236 → 1204(-32 for losing)
|l|☆Yankiken
|player|p2|
