|j|☆Boss_Melee
|j|☆Chelicerate1
|html|Boss_MeleeChelicerate1    
|uhtml|bestof|Game 3 of a best-of-3
|t:|1784706994
|gametype|doubles
|player|p1|Boss_Melee|swimmerf|1195
|player|p2|Chelicerate1|ethan|1317
|gen|9
|tier|[Gen 9 Champions] VGC 2026 Reg M-B (Bo3)
|rated|
|rule|Species Clause: Limit one of each Pokémon
|rule|Item Clause: Limit 1 of each item
|clearpoke
|poke|p1|Grimmsnarl, L50, M|
|poke|p1|Basculegion, L50, M|
|poke|p1|Venusaur, L50, F|
|poke|p1|Charizard, L50, M|
|poke|p1|Archaludon, L50, M|
|poke|p1|Pelipper, L50, M|
|poke|p2|Grimmsnarl, L50, M|
|poke|p2|Basculegion, L50, M|
|poke|p2|Charizard, L50, F|
|poke|p2|Pelipper, L50, M|
|poke|p2|Venusaur, L50, M|
|poke|p2|Archaludon, L50, M|
|teampreview|4
|showteam|p1|Grimmsnarl||LightClay|Prankster|SpiritBreak,Reflect,LightScreen,PartingShot|Careful||M|||50|]Basculegion||ChoiceScarf|Adaptability|FlipTurn,WaveCrash,AquaJet,LastRespects|Jolly||M|||50|]Venusaur||FocusSash|Chlorophyll|Protect,EarthPower,SludgeBomb,SleepPowder|Modest||F|||50|]Charizard||CharizarditeY|Blaze|HeatWave,SolarBeam,WeatherBall,Protect|Modest||M|||50|]Archaludon||Leftovers|Stamina|ElectroShot,DragonPulse,FlashCannon,Protect|Calm||M|||50|]Pelipper||SitrusBerry|Drizzle|Hurricane,WeatherBall,Tailwind,WideGuard|Modest||M|||50|
|showteam|p2|Grimmsnarl||LightClay|Prankster|SpiritBreak,PartingShot,Reflect,LightScreen|Sassy||M|||50|]Basculegion||ChoiceScarf|Adaptability|LastRespects,WaveCrash,AquaJet,FlipTurn|Jolly||M|||50|]Charizard||CharizarditeY|Blaze|Protect,HeatWave,WeatherBall,SolarBeam|Modest||F|||50|]Pelipper||SitrusBerry|Drizzle|Hurricane,WeatherBall,Tailwind,WideGuard|Modest||M|||50|]Venusaur||FocusSash|Chlorophyll|SludgeBomb,SleepPowder,EarthPower,Protect|Modest||M|||50|]Archaludon||Leftovers|Stamina|ElectroShot,DragonPulse,FlashCannon,Protect|Calm||M|||50|
|inactive|Battle timer is ON: inactive players will automatically lose when time's up. (requested by Chelicerate1)
|
|t:|1784707011
|teamsize|p1|4
|teamsize|p2|4
|start
|switch|p1a: Grimmsnarl|Grimmsnarl, L50, M|100/100
|switch|p1b: Venusaur|Venusaur, L50, F|100/100
|switch|p2a: Charizard|Charizard, L50, F|100/100
|switch|p2b: Venusaur|Venusaur, L50, M|100/100
|turn|1
|inactive|Chelicerate1 has 30 seconds left.
|
|t:|1784707042
|move|p2a: Charizard|Protect|p2a: Charizard
|-singleturn|p2a: Charizard|Protect
|move|p1a: Grimmsnarl|Light Screen|p1a: Grimmsnarl
|-sidestart|p1: Boss_Melee|move: Light Screen
|move|p2b: Venusaur|Sludge Bomb|p1b: Venusaur
|-damage|p1b: Venusaur|66/100
|move|p1b: Venusaur|Sleep Powder|p2a: Charizard
|-activate|p2a: Charizard|move: Protect
|
|upkeep
|turn|2
|inactive|Boss_Melee has 30 seconds left.
|
|t:|1784707067
|detailschange|p2a: Charizard|Charizard-Mega-Y, L50, F
|-mega|p2a: Charizard|Charizard|Charizardite Y
|-weather|SunnyDay|[from] ability: Drought|[of] p2a: Charizard
|move|p1a: Grimmsnarl|Parting Shot|p2a: Charizard
|-unboost|p2a: Charizard|atk|1
|-unboost|p2a: Charizard|spa|1
|
|t:|1784707081
|switch|p1a: Charizard|Charizard, L50, M|100/100|[from] Parting Shot
|move|p1b: Venusaur|Sleep Powder|p2a: Charizard
|-status|p2a: Charizard|slp|[from] move: Sleep Powder
|move|p2b: Venusaur|Sleep Powder|p1a: Charizard
|-status|p1a: Charizard|slp|[from] move: Sleep Powder
|cant|p2a: Charizard|slp
|
|-weather|SunnyDay|[upkeep]
|upkeep
|turn|3
|
|t:|1784707099
|detailschange|p1a: Charizard|Charizard-Mega-Y, L50, M
|-mega|p1a: Charizard|Charizard|Charizardite Y
|move|p2b: Venusaur|Sludge Bomb|p1b: Venusaur
|-damage|p1b: Venusaur|35/100
|move|p1b: Venusaur|Sludge Bomb|p2b: Venusaur
|-damage|p2b: Venusaur|53/100
|-curestatus|p2a: Charizard|slp|[msg]
|move|p2a: Charizard|Heat Wave|p1b: Venusaur|[spread] p1a,p1b
|-resisted|p1a: Charizard|1
|-supereffective|p1b: Venusaur|1
|-damage|p1a: Charizard|87/100 slp
|-damage|p1b: Venusaur|0 fnt
|faint|p1b: Venusaur
|cant|p1a: Charizard|slp
|
|-weather|SunnyDay|[upkeep]
|upkeep
|
|t:|1784707119
|switch|p1b: Archaludon|Archaludon, L50, M|100/100
|turn|4
|
|t:|1784707131
|switch|p2a: Archaludon|Archaludon, L50, M|100/100
|move|p1b: Archaludon|Protect|p1b: Archaludon
|-singleturn|p1b: Archaludon|Protect
|move|p2b: Venusaur|Sleep Powder|p1b: Archaludon
|-activate|p1b: Archaludon|move: Protect
|-curestatus|p1a: Charizard|slp|[msg]
|move|p1a: Charizard|Heat Wave|p2b: Venusaur|[spread] p2a,p2b
|-supereffective|p2b: Venusaur|1
|-damage|p2a: Archaludon|49/100
|-damage|p2b: Venusaur|0 fnt
|-ability|p2a: Archaludon|Stamina|boost
|-boost|p2a: Archaludon|def|1
|faint|p2b: Venusaur
|
|-weather|SunnyDay|[upkeep]
|-heal|p2a: Archaludon|55/100|[from] item: Leftovers
|upkeep
|
|t:|1784707153
|switch|p2b: Charizard|Charizard-Mega-Y, L50, F|100/100
|turn|5
|
|t:|1784707172
|switch|p1a: Grimmsnarl|Grimmsnarl, L50, M|100/100
|move|p2b: Charizard|Weather Ball|p1b: Archaludon
|-damage|p1b: Archaludon|44/100
|-ability|p1b: Archaludon|Stamina|boost
|-boost|p1b: Archaludon|def|1
|move|p1b: Archaludon|Electro Shot||[still]
|-prepare|p1b: Archaludon|Electro Shot
|-boost|p1b: Archaludon|spa|1
|move|p2a: Archaludon|Dragon Pulse|p1b: Archaludon
|-damage|p1b: Archaludon|21/100
|-ability|p1b: Archaludon|Stamina|boost
|-boost|p1b: Archaludon|def|1
|
|-weather|SunnyDay|[upkeep]
|-heal|p2a: Archaludon|61/100|[from] item: Leftovers
|-heal|p1b: Archaludon|27/100|[from] item: Leftovers
|upkeep
|turn|6
|inactive|Chelicerate1 has 30 seconds left.
|inactive|Chelicerate1 has 20 seconds left.
|inactive|Chelicerate1 has 15 seconds left.
|
|t:|1784707212
|move|p1a: Grimmsnarl|Parting Shot|p2a: Archaludon
|-unboost|p2a: Archaludon|atk|1
|-unboost|p2a: Archaludon|spa|1
|
|t:|1784707216
|switch|p1a: Charizard|Charizard-Mega-Y, L50, M|87/100|[from] Parting Shot
|move|p2b: Charizard|Weather Ball|p1b: Archaludon
|-damage|p1b: Archaludon|0 fnt
|faint|p1b: Archaludon
|move|p2a: Archaludon|Flash Cannon|p1a: Charizard
|-resisted|p1a: Charizard|1
|-damage|p1a: Charizard|81/100
|
|-weather|none
|-heal|p2a: Archaludon|67/100|[from] item: Leftovers
|upkeep
|
|t:|1784707223
|switch|p1b: Grimmsnarl|Grimmsnarl, L50, M|100/100
|turn|7
|
|t:|1784707244
|switch|p2a: Pelipper|Pelipper, L50, M|100/100
|-weather|RainDance|[from] ability: Drizzle|[of] p2a: Pelipper
|move|p2b: Charizard|Weather Ball|p1a: Charizard
|-supereffective|p1a: Charizard|1
|-damage|p1a: Charizard|14/100
|move|p1a: Charizard|Heat Wave|p2a: Pelipper|[spread] p2a,p2b
|-resisted|p2a: Pelipper|1
|-resisted|p2b: Charizard|1
|-damage|p2a: Pelipper|86/100
|-damage|p2b: Charizard|91/100
|move|p1b: Grimmsnarl|Spirit Break|p2b: Charizard
|-resisted|p2b: Charizard|1
|-damage|p2b: Charizard|76/100
|-unboost|p2b: Charizard|spa|1
|
|-weather|RainDance|[upkeep]
|upkeep
|turn|8
|inactive|Boss_Melee has 30 seconds left.
|inactive|Chelicerate1 has 30 seconds left.
|
|t:|1784707277
|switch|p2b: Archaludon|Archaludon, L50, M|67/100
|move|p1a: Charizard|Weather Ball|p2b: Archaludon
|-resisted|p2b: Archaludon|1
|-damage|p2b: Archaludon|40/100
|-ability|p2b: Archaludon|Stamina|boost
|-boost|p2b: Archaludon|def|1
|move|p2a: Pelipper|Weather Ball|p1a: Charizard
|-supereffective|p1a: Charizard|1
|-damage|p1a: Charizard|0 fnt
|faint|p1a: Charizard
|move|p1b: Grimmsnarl|Spirit Break|p2a: Pelipper
|-damage|p2a: Pelipper|52/100
|-unboost|p2a: Pelipper|spa|1
|
|-weather|RainDance|[upkeep]
|-heal|p2b: Archaludon|46/100|[from] item: Leftovers
|-sideend|p1: Boss_Melee|move: Light Screen
|upkeep
|turn|9
|
|t:|1784707300
|move|p2b: Archaludon|Electro Shot||[still]
|-prepare|p2b: Archaludon|Electro Shot
|-boost|p2b: Archaludon|spa|1
|-anim|p2b: Archaludon|Electro Shot|p1b: Grimmsnarl
|-damage|p1b: Grimmsnarl|50/100g
|move|p2a: Pelipper|Hurricane|p1b: Grimmsnarl
|-damage|p1b: Grimmsnarl|22/100
|-start|p1b: Grimmsnarl|confusion
|-activate|p1b: Grimmsnarl|confusion
|-damage|p1b: Grimmsnarl|11/100|[from] confusion
|
|-weather|RainDance|[upkeep]
|-heal|p2b: Archaludon|52/100|[from] item: Leftovers
|upkeep
|turn|10
|
|t:|1784707319
|move|p2b: Archaludon|Flash Cannon|p1b: Grimmsnarl
|-supereffective|p1b: Grimmsnarl|1
|-damage|p1b: Grimmsnarl|0 fnt
|faint|p1b: Grimmsnarl
|
|win|Chelicerate1
|raw|Boss_Melee's rating: 1195 → 1178(-17 for losing)
|raw|Chelicerate1's rating: 1317 → 1330(+13 for winning)
