|j|☆Felon74
|j|☆maish
|html|Felon74maish    
|uhtml|bestof|Game 2 of a best-of-3
|t:|1756768022
|gametype|doubles
|player|p1|Felon74|1|1118
|player|p2|maish|roxie|1139
|gen|9
|tier|[Gen 9] VGC 2025 Reg H (Bo3)
|rated|
|rule|Species Clause: Limit one of each Pokémon
|rule|Item Clause: Limit 1 of each item
|clearpoke
|poke|p1|Kingambit, L50, M|
|poke|p1|Rillaboom, L50, F|
|poke|p1|Electabuzz, L50, F|
|poke|p1|Blaziken, L50, F|
|poke|p1|Dragapult, L50, M|
|poke|p1|Primarina, L50, M|
|poke|p2|Archaludon, L50, M|
|poke|p2|Pelipper, L50, M|
|poke|p2|Basculegion, L50, M|
|poke|p2|Amoonguss, L50, F|
|poke|p2|Gholdengo, L50|
|poke|p2|Incineroar, L50, M|
|teampreview|4
|showteam|p1|Kingambit||AssaultVest|Defiant|KowtowCleave,IronHead,SuckerPunch,LowKick|||M|||50|,,,,,Fire]Rillaboom||MiracleSeed|GrassySurge|WoodHammer,GrassyGlide,Uturn,FakeOut|||F|||50|,,,,,Fire]Electabuzz||Eviolite|VitalSpirit|Thunderbolt,FollowMe,Taunt,Protect|||F|||50|,,,,,Dark]Blaziken||FocusSash|SpeedBoost|CloseCombat,FlareBlitz,Coaching,Protect|||F|||50|,,,,,Stellar]Dragapult||ChoiceBand|ClearBody|DragonDarts,PhantomForce,TeraBlast,Uturn|||M|||50|,,,,,Ghost]Primarina||SitrusBerry|LiquidVoice|HyperVoice,Moonblast,Haze,Protect|||M|||50|,,,,,Steel
|showteam|p2|Archaludon||AssaultVest|Stamina|DragonPulse,ElectroShot,Snarl,BodyPress|||M|||50|,,,,,Bug]Pelipper||FocusSash|Drizzle|WeatherBall,Hurricane,Tailwind,Protect|||M|||50|,,,,,Ghost]Basculegion||ChoiceBand|SwiftSwim|WaveCrash,LastRespects,AquaJet,FlipTurn|||M|||50|,,,,,Grass]Amoonguss||RockyHelmet|Regenerator|PollenPuff,Spore,RagePowder,Protect|||F|||50|,,,,,Water]Gholdengo||LifeOrb|GoodasGold|MakeItRain,ShadowBall,NastyPlot,Protect||||||50|,,,,,Water]Incineroar||SafetyGoggles|Intimidate|KnockOff,WillOWisp,PartingShot,FakeOut|||M|||50|,,,,,Ghost
|inactive|Battle timer is ON: inactive players will automatically lose when time's up. (requested by Felon74)
|
|t:|1756768057
|teamsize|p1|4
|teamsize|p2|4
|start
|switch|p1a: Blaziken|Blaziken, L50, F|100/100
|switch|p1b: Rillaboom|Rillaboom, L50, F|100/100
|switch|p2a: Pelipper|Pelipper, L50, M|100/100
|switch|p2b: Archaludon|Archaludon, L50, M|100/100
|-fieldstart|move: Grassy Terrain|[from] ability: Grassy Surge|[of] p1b: Rillaboom
|-weather|RainDance|[from] ability: Drizzle|[of] p2a: Pelipper
|turn|1
|inactive|Felon74 has 30 seconds left.
|
|t:|1756768087
|move|p2a: Pelipper|Protect|p2a: Pelipper
|-singleturn|p2a: Pelipper|Protect
|move|p1b: Rillaboom|Grassy Glide|p2a: Pelipper
|-activate|p2a: Pelipper|move: Protect
|move|p1a: Blaziken|Coaching|p1b: Rillaboom
|-boost|p1b: Rillaboom|atk|1
|-boost|p1b: Rillaboom|def|1
|move|p2b: Archaludon|Electro Shot||[still]
|-prepare|p2b: Archaludon|Electro Shot
|-boost|p2b: Archaludon|spa|1
|-anim|p2b: Archaludon|Electro Shot|p1a: Blaziken
|-damage|p1a: Blaziken|2/100
|
|-weather|RainDance|[upkeep]
|-heal|p1a: Blaziken|8/100|[from] Grassy Terrain
|-ability|p1a: Blaziken|Speed Boost|boost
|-boost|p1a: Blaziken|spe|1
|upkeep
|turn|2
|inactive|Felon74 has 30 seconds left.
|inactive|maish has 30 seconds left.
|
|t:|1756768120
|move|p1b: Rillaboom|Grassy Glide|p2a: Pelipper
|-crit|p2a: Pelipper
|-enditem|p2a: Pelipper|Focus Sash
|-damage|p2a: Pelipper|1/100
|move|p1a: Blaziken|Coaching|p1b: Rillaboom
|-boost|p1b: Rillaboom|atk|1
|-boost|p1b: Rillaboom|def|1
|move|p2a: Pelipper|Hurricane|p1b: Rillaboom
|-supereffective|p1b: Rillaboom
|-damage|p1b: Rillaboom|0 fnt
|faint|p1b: Rillaboom
|move|p2b: Archaludon|Electro Shot||[still]
|-prepare|p2b: Archaludon|Electro Shot
|-boost|p2b: Archaludon|spa|1
|-anim|p2b: Archaludon|Electro Shot|p1a: Blaziken
|-damage|p1a: Blaziken|0 fnt
|faint|p1a: Blaziken
|
|-weather|RainDance|[upkeep]
|upkeep
|
|t:|1756768132
|switch|p1a: Primarina|Primarina, L50, M|100/100
|switch|p1b: Dragapult|Dragapult, L50, M|100/100
|turn|3
|
|t:|1756768153
|-terastallize|p2b: Archaludon|Bug
|-terastallize|p1a: Primarina|Steel
|move|p1b: Dragapult|Dragon Darts|p2b: Archaludon
|-damage|p2b: Archaludon|68/100
|-ability|p2b: Archaludon|Stamina|boost
|-boost|p2b: Archaludon|def|1
|-anim|p1b: Dragapult|Dragon Darts|p2a: Pelipper
|-damage|p2a: Pelipper|0 fnt
|faint|p2a: Pelipper
|move|p2b: Archaludon|Electro Shot||[still]
|-prepare|p2b: Archaludon|Electro Shot
|-boost|p2b: Archaludon|spa|1
|-anim|p2b: Archaludon|Electro Shot|p1a: Primarina
|-damage|p1a: Primarina|8/100
|-enditem|p1a: Primarina|Sitrus Berry|[eat]
|-heal|p1a: Primarina|33/100|[from] item: Sitrus Berry
|move|p1a: Primarina|Haze|p1a: Primarina
|-clearallboost
|
|-weather|RainDance|[upkeep]
|-heal|p2b: Archaludon|74/100|[from] Grassy Terrain
|-heal|p1a: Primarina|40/100|[from] Grassy Terrain
|upkeep
|
|t:|1756768177
|switch|p2a: Amoonguss|Amoonguss, L50, F|100/100
|turn|4
|l|☆Felon74
|inactive|Felon74 disconnected and has a minute to reconnect!
|player|p1|
|inactive|Felon74 has 30 seconds left.
|inactive|maish has 30 seconds left.
|j|☆Felon74
|inactive|Felon74 reconnected and has 25 seconds left.
|player|p1|Felon74|1|
|inactive|Felon74 has 20 seconds left.
|inactive|Felon74 has 15 seconds left.
|
|t:|1756768218
|move|p2a: Amoonguss|Rage Powder|p2a: Amoonguss
|-singleturn|p2a: Amoonguss|move: Rage Powder
|move|p1b: Dragapult|Dragon Darts|p2a: Amoonguss
|-damage|p2a: Amoonguss|69/100
|-anim|p1b: Dragapult|Dragon Darts|p2a: Amoonguss
|-damage|p2a: Amoonguss|39/100
|move|p2b: Archaludon|Dragon Pulse|p1b: Dragapult
|-supereffective|p1b: Dragapult
|-damage|p1b: Dragapult|0 fnt
|faint|p1b: Dragapult
|move|p1a: Primarina|Hyper Voice|p2b: Archaludon|[spread] p2a,p2b
|-resisted|p2a: Amoonguss
|-damage|p2a: Amoonguss|12/100
|-damage|p2b: Archaludon|36/100
|-ability|p2b: Archaludon|Stamina|boost
|-boost|p2b: Archaludon|def|1
|
|-weather|RainDance|[upkeep]
|-heal|p2b: Archaludon|42/100|[from] Grassy Terrain
|-heal|p1a: Primarina|46/100|[from] Grassy Terrain
|-heal|p2a: Amoonguss|18/100|[from] Grassy Terrain
|upkeep
|turn|5
|
|t:|1756768236
|move|p2b: Archaludon|Electro Shot||[still]
|-prepare|p2b: Archaludon|Electro Shot
|-boost|p2b: Archaludon|spa|1
|-anim|p2b: Archaludon|Electro Shot|p1a: Primarina
|-damage|p1a: Primarina|0 fnt
|faint|p1a: Primarina
|
|win|maish
