|j|â˜†martharia
|j|â˜†VenuDaAscoInRain
|html|marthariaVenuDaAscoInRain    
|uhtml|bestof|Game 3 of a best-of-3
|t:|1783290665
|gametype|doubles
|player|p1|martharia|flannery|1193
|player|p2|VenuDaAscoInRain|li|1240
|gen|9
|tier|[Gen 9 Champions] VGC 2026 Reg M-B (Bo3)
|rated|
|rule|Species Clause: Limit one of each PokÃ©mon
|rule|Item Clause: Limit 1 of each item
|clearpoke
|poke|p1|Delphox, L50, F, shiny|
|poke|p1|Meowscarada, L50, F|
|poke|p1|Talonflame, L50, F|
|poke|p1|Basculegion, L50, M, shiny|
|poke|p1|Sneasler, L50, F|
|poke|p1|Garchomp, L50, F|
|poke|p2|Blastoise, L50, M, shiny|
|poke|p2|Delphox, L50, F, shiny|
|poke|p2|Sinistcha, L50, shiny|
|poke|p2|Incineroar, L50, M, shiny|
|poke|p2|Sneasler, L50, M, shiny|
|poke|p2|Maushold-Four, L50, shiny|
|teampreview|4
|showteam|p1|Delphox||Delphoxite|Blaze|HeatWave,Psychic,NastyPlot,Protect|Timid||F|||50|]Meowscarada||FocusSash|Protean|FlowerTrick,ThroatChop,TripleAxel,Protect|Jolly||F|||50|]Talonflame||SharpBeak|GaleWings|DualWingbeat,Taunt,Tailwind,QuickGuard|Jolly||F|||50|]Basculegion||ChoiceScarf|Adaptability|WaveCrash,FlipTurn,AquaJet,LastRespects|Adamant||M|||50|]Sneasler||WhiteHerb|Unburden|CloseCombat,DireClaw,FakeOut,Protect|Jolly||F|||50|]Garchomp||LifeOrb|RoughSkin|DragonClaw,Earthquake,RockSlide,Protect|Jolly||F|||50|
|showteam|p2|Blastoise||Blastoisinite|RainDish|WaterSpout,DarkPulse,ShellSmash,Protect|Modest||M|||50|]Delphox||Delphoxite|Blaze|HeatWave,Psyshock,NastyPlot,Protect|Timid||F|||50|]Sinistcha||KasibBerry|Hospitality|MatchaGotcha,RagePowder,LifeDew,Protect|Bold|||||50|]Incineroar||PasshoBerry|Intimidate|FlareBlitz,PartingShot,HelpingHand,FakeOut|Impish||M|||50|]Sneasler||WhiteHerb|Unburden|DireClaw,CloseCombat,QuickGuard,FakeOut|Jolly||M|||50|]Maushold-Four||ChopleBerry|FriendGuard|SuperFang,Feint,FollowMe,Protect|Bold|||||50|
|inactive|Battle timer is ON: inactive players will automatically lose when time's up. (requested by VenuDaAscoInRain)
|inactive|martharia has 60 seconds left.
|
|t:|1783290706
|teamsize|p1|4
|teamsize|p2|4
|start
|switch|p1a: Sneasler|Sneasler, L50, F|100/100
|switch|p1b: Garchomp|Garchomp, L50, F|100/100
|switch|p2a: Blastoise|Blastoise, L50, M, shiny|100/100
|switch|p2b: Incineroar|Incineroar, L50, M, shiny|100/100
|-ability|p2b: Incineroar|Intimidate|boost
|-unboost|p1a: Sneasler|atk|1
|-unboost|p1b: Garchomp|atk|1
|-enditem|p1a: Sneasler|White Herb
|-clearnegativeboost|p1a: Sneasler|[silent]
|turn|1
|inactive|VenuDaAscoInRain has 30 seconds left.
|
|t:|1783290733
|move|p2a: Blastoise|Protect|p2a: Blastoise
|-singleturn|p2a: Blastoise|Protect
|move|p1a: Sneasler|Fake Out|p2b: Incineroar
|-damage|p2b: Incineroar|90/100
|move|p1b: Garchomp|Rock Slide|p2a: Blastoise|[spread] p2b
|-activate|p2a: Blastoise|move: Protect
|-supereffective|p2b: Incineroar|1
|-damage|p2b: Incineroar|64/100
|-damage|p1b: Garchomp|90/100|[from] item: Life Orb
|cant|p2b: Incineroar|flinch
|
|upkeep
|turn|2
|
|t:|1783290746
|switch|p2a: Sinistcha|Sinistcha, L50, shiny|100/100
|-heal|p2b: Incineroar|89/100|[from] ability: Hospitality|[of] p2a: Sinistcha
|move|p1a: Sneasler|Dire Claw|p2a: Sinistcha
|-damage|p2a: Sinistcha|66/100
|move|p1b: Garchomp|Rock Slide|p2b: Incineroar|[spread] p2a,p2b
|-supereffective|p2b: Incineroar|1
|-crit|p2b: Incineroar
|-damage|p2a: Sinistcha|53/100
|-damage|p2b: Incineroar|31/100
|-damage|p1b: Garchomp|80/100|[from] item: Life Orb
|move|p2b: Incineroar|Parting Shot|p1a: Sneasler
|-unboost|p1a: Sneasler|atk|1
|-unboost|p1a: Sneasler|spa|1
|
|t:|1783290760
|switch|p2b: Blastoise|Blastoise, L50, M, shiny|100/100|[from] Parting Shot
|
|upkeep
|turn|3
|
|t:|1783290767
|detailschange|p2b: Blastoise|Blastoise-Mega, L50, M, shiny
|-mega|p2b: Blastoise|Blastoise|Blastoisinite
|move|p2a: Sinistcha|Rage Powder|p2a: Sinistcha
|-singleturn|p2a: Sinistcha|move: Rage Powder
|move|p1a: Sneasler|Dire Claw|p2a: Sinistcha
|-damage|p2a: Sinistcha|33/100
|move|p1b: Garchomp|Rock Slide|p2b: Blastoise|[spread] p2a,p2b
|-damage|p2a: Sinistcha|19/100
|-damage|p2b: Blastoise|85/100
|-damage|p1b: Garchomp|70/100|[from] item: Life Orb
|move|p2b: Blastoise|Shell Smash|p2b: Blastoise
|-unboost|p2b: Blastoise|def|1
|-unboost|p2b: Blastoise|spd|1
|-boost|p2b: Blastoise|atk|2
|-boost|p2b: Blastoise|spa|2
|-boost|p2b: Blastoise|spe|2
|
|upkeep
|turn|4
|inactive|martharia has 30 seconds left.
|inactive|martharia has 20 seconds left.
|
|t:|1783290802
|switch|p2a: Incineroar|Incineroar, L50, M, shiny|31/100
|-ability|p2a: Incineroar|Intimidate|boost
|-unboost|p1a: Sneasler|atk|1
|-unboost|p1b: Garchomp|atk|1
|move|p2b: Blastoise|Protect|p2b: Blastoise
|-singleturn|p2b: Blastoise|Protect
|move|p1b: Garchomp|Protect|p1b: Garchomp
|-singleturn|p1b: Garchomp|Protect
|move|p1a: Sneasler|Close Combat|p2b: Blastoise
|-activate|p2b: Blastoise|move: Protect
|
|upkeep
|turn|5
|
|t:|1783290816
|move|p1a: Sneasler|Protect|p1a: Sneasler
|-singleturn|p1a: Sneasler|Protect
|move|p2a: Incineroar|Fake Out|p1a: Sneasler
|-activate|p1a: Sneasler|move: Protect
|move|p2b: Blastoise|Water Spout|p1a: Sneasler|[spread] p1b
|-activate|p1a: Sneasler|move: Protect
|-damage|p1b: Garchomp|0 fnt
|faint|p1b: Garchomp
|
|upkeep
|
|t:|1783290825
|switch|p1b: Basculegion|Basculegion, L50, M, shiny|100/100
|turn|6
|
|t:|1783290830
|move|p2b: Blastoise|Protect|p2b: Blastoise
|-singleturn|p2b: Blastoise|Protect
|move|p1a: Sneasler|Close Combat|p2b: Blastoise
|-activate|p2b: Blastoise|move: Protect
|move|p1b: Basculegion|Last Respects|p2a: Incineroar
|-resisted|p2a: Incineroar|1
|-damage|p2a: Incineroar|3/100
|move|p2a: Incineroar|Parting Shot|p1a: Sneasler
|-unboost|p1a: Sneasler|atk|1
|-unboost|p1a: Sneasler|spa|1
|
|t:|1783290841
|switch|p2a: Maushold|Maushold-Four, L50, shiny|100/100|[from] Parting Shot
|
|upkeep
|turn|7
|j| chestnot
|
|t:|1783290858
|switch|p1a: Talonflame|Talonflame, L50, F|100/100
|move|p2a: Maushold|Follow Me|p2a: Maushold
|-singleturn|p2a: Maushold|move: Follow Me
|move|p2b: Blastoise|Water Spout|p1a: Talonflame|[spread] p1a,p1b
|-supereffective|p1a: Talonflame|1
|-resisted|p1b: Basculegion|1
|-damage|p1a: Talonflame|0 fnt
|-damage|p1b: Basculegion|36/100
|faint|p1a: Talonflame
|move|p1b: Basculegion|Last Respects|p2a: Maushold
|-immune|p2a: Maushold
|
|upkeep
|
|t:|1783290861
|switch|p1a: Sneasler|Sneasler, L50, F|100/100
|turn|8
|-message|martharia forfeited.
|
|win|VenuDaAscoInRain
|raw|martharia's rating: 1193 → 1171(-22 for losing)
|raw|VenuDaAscoInRain's rating: 1240 → 1262(+22 for winning)
