|j|☆bluefox08
|j|☆re4pr.
|html|bluefox08re4pr.    
|uhtml|bestof|Game 1 of a best-of-3
|t:|1784027542
|gametype|doubles
|player|p1|bluefox08|hugh|
|player|p2|re4pr.|266|
|gen|9
|tier|[Gen 9 Champions] VGC 2026 Reg M-B (Bo3)
|rule|Species Clause: Limit one of each Pokémon
|rule|Item Clause: Limit 1 of each item
|clearpoke
|poke|p1|Floette-Eternal, L50, F|
|poke|p1|Rotom-Wash, L50|
|poke|p1|Talonflame, L50, F|
|poke|p1|Garchomp, L50, M|
|poke|p1|Luxray, L50, F|
|poke|p1|Pangoro, L50, M|
|poke|p2|Eelektross, L50, F|
|poke|p2|Garchomp, L50, M|
|poke|p2|Gholdengo, L50|
|poke|p2|Talonflame, L50, M|
|poke|p2|Falinks, L50|
|poke|p2|Watchog, L50, F|
|teampreview|4
|showteam|p1|Floette-Eternal||Floettite|FlowerVeil|Psychic,DazzlingGleam,LightofRuin,Protect|Timid||F|||50|]Rotom-Wash||Leftovers|Levitate|LightScreen,WillOWisp,HydroPump,Electroweb|Bold|||||50|]Talonflame|||FlameBody|WillOWisp,Tailwind,Acrobatics,FlareBlitz|Jolly||F|||50|]Garchomp||FocusSash|RoughSkin|ScaleShot,StompingTantrum,RockSlide,Protect|Jolly||M|||50|]Luxray||ShucaBerry|Intimidate|WildCharge,IceFang,PlayRough,Protect|Adamant||F|||50|]Pangoro||ChopleBerry|Scrappy|RockSlide,IcePunch,ThunderPunch,DrainPunch|Adamant||M|||50|
|showteam|p2|Eelektross||Eelektrossite|Levitate|Protect,Discharge,Thunderbolt,GrassKnot|Modest||F|||50|]Garchomp||RoseliBerry|RoughSkin|RockSlide,DragonClaw,PoisonJab,Earthquake|Jolly||M|||50|]Gholdengo||LifeOrb|GoodasGold|Protect,ShadowBall,NastyPlot,MakeItRain|Timid|||||50|]Talonflame||Charcoal|GaleWings|Overheat,BraveBird,Tailwind,QuickGuard|Naive||M|||50|]Falinks||Falinksite|Defiant|Protect,CloseCombat,KnockOff,NoRetreat|Adamant|||||50|]Watchog||ChopleBerry|Analytic|Crunch,IcePunch,LowKick,Hypnosis|Jolly||F|||50|
|j| harrybxrry
|
|t:|1784027603
|teamsize|p1|4
|teamsize|p2|4
|start
|switch|p1a: Talonflame|Talonflame, L50, F|100/100
|switch|p1b: Pangoro|Pangoro, L50, M|100/100
|switch|p2a: Wiggle Wiggle|Eelektross, L50, F|100/100
|switch|p2b: Chomper|Garchomp, L50, M|100/100
|turn|1
|
|t:|1784027638
|detailschange|p2a: Wiggle Wiggle|Eelektross-Mega, L50, F
|-mega|p2a: Wiggle Wiggle|Eelektross|Eelektrossite
|move|p1a: Talonflame|Tailwind|p1a: Talonflame
|-sidestart|p1: bluefox08|move: Tailwind
|move|p2b: Chomper|Rock Slide|p1a: Talonflame|[spread] p1a,p1b
|-supereffective|p1a: Talonflame|2
|-resisted|p1b: Pangoro|1
|-damage|p1a: Talonflame|0 fnt
|-damage|p1b: Pangoro|91/100
|faint|p1a: Talonflame
|move|p1b: Pangoro|Drain Punch|p2a: Wiggle Wiggle
|-damage|p2a: Wiggle Wiggle|47/100
|-heal|p1b: Pangoro|100/100|[from] drain|[of] p2a: Wiggle Wiggle
|move|p2a: Wiggle Wiggle|Thunderbolt|p1b: Pangoro
|-damage|p1b: Pangoro|40/100
|
|upkeep
|
|t:|1784027655
|switch|p1a: Floette|Floette-Eternal, L50, F|100/100
|turn|2
|
|t:|1784027666
|detailschange|p1a: Floette|Floette-Mega, L50, F
|-mega|p1a: Floette|Floette|Floettite
|-ability|p1a: Floette|Fairy Aura
|move|p2a: Wiggle Wiggle|Protect|p2a: Wiggle Wiggle
|-singleturn|p2a: Wiggle Wiggle|Protect
|move|p1a: Floette|Dazzling Gleam|p2b: Chomper|[spread] p2b
|-activate|p2a: Wiggle Wiggle|move: Protect
|-supereffective|p2b: Chomper|1
|-enditem|p2b: Chomper|Roseli Berry|[eat]
|-enditem|p2b: Chomper|Roseli Berry|[weaken]
|-damage|p2b: Chomper|52/100
|move|p2b: Chomper|Poison Jab|p1a: Floette
|-supereffective|p1a: Floette|1
|-damage|p1a: Floette|36/100
|-status|p1a: Floette|psn
|move|p1b: Pangoro|Ice Punch|p2b: Chomper
|-supereffective|p2b: Chomper|2
|-damage|p2b: Chomper|0 fnt
|-damage|p1b: Pangoro|28/100|[from] ability: Rough Skin|[of] p2b: Chomper
|faint|p2b: Chomper
|
|-damage|p1a: Floette|24/100 psn|[from] psn
|upkeep
|
|t:|1784027682
|switch|p2b: Cheese Strips|Gholdengo, L50|100/100
|turn|3
|
|t:|1784027690
|move|p1a: Floette|Protect|p1a: Floette
|-singleturn|p1a: Floette|Protect
|move|p2b: Cheese Strips|Protect|p2b: Cheese Strips
|-singleturn|p2b: Cheese Strips|Protect
|move|p1b: Pangoro|Drain Punch|p2b: Cheese Strips
|-activate|p2b: Cheese Strips|move: Protect
|move|p2a: Wiggle Wiggle|Discharge|p1b: Pangoro|[spread] p1b
|-activate|p2b: Cheese Strips|move: Protect
|-activate|p1a: Floette|move: Protect
|-damage|p1b: Pangoro|0 fnt
|faint|p1b: Pangoro
|-ability|p2a: Wiggle Wiggle|Eelevate|boost
|-boost|p2a: Wiggle Wiggle|spa|1
|
|-damage|p1a: Floette|12/100 psn|[from] psn
|upkeep
|
|t:|1784027701
|switch|p1b: Rotom|Rotom-Wash, L50|100/100
|turn|4
|
|t:|1784027718
|move|p1a: Floette|Light of Ruin|p2a: Wiggle Wiggle|[miss]
|-miss|p1a: Floette|p2a: Wiggle Wiggle
|move|p1b: Rotom|Light Screen|p1b: Rotom
|-sidestart|p1: bluefox08|move: Light Screen
|move|p2b: Cheese Strips|Shadow Ball|p1b: Rotom
|-damage|p1b: Rotom|60/100
|-damage|p2b: Cheese Strips|90/100|[from] item: Life Orb
|move|p2a: Wiggle Wiggle|Discharge|p1b: Rotom|[spread] p2b,p1a,p1b
|-damage|p2b: Cheese Strips|31/100
|-damage|p1a: Floette|0 fnt
|-damage|p1b: Rotom|21/100
|faint|p1a: Floette
|-ability|p2a: Wiggle Wiggle|Eelevate|boost
|-boost|p2a: Wiggle Wiggle|spa|1
|
|-heal|p1b: Rotom|27/100|[from] item: Leftovers
|-sideend|p1: bluefox08|move: Tailwind
|upkeep
|turn|5
|
|t:|1784027735
|move|p2b: Cheese Strips|Protect|p2b: Cheese Strips
|-singleturn|p2b: Cheese Strips|Protect
|move|p2a: Wiggle Wiggle|Protect|p2a: Wiggle Wiggle
|-singleturn|p2a: Wiggle Wiggle|Protect
|move|p1b: Rotom|Hydro Pump|p2a: Wiggle Wiggle
|-activate|p2a: Wiggle Wiggle|move: Protect
|
|-heal|p1b: Rotom|33/100|[from] item: Leftovers
|upkeep
|turn|6
|
|t:|1784027749
|move|p2b: Cheese Strips|Shadow Ball|p1b: Rotom
|-damage|p1b: Rotom|0 fnt
|faint|p1b: Rotom
|-damage|p2b: Cheese Strips|21/100|[from] item: Life Orb
|
|win|re4pr.
||bluefox08 is ready for game 2.
||re4pr. is ready for game 2.
|uhtml|next|Next: Game 2 of 3
