|j|‽daniiivgc
|j|☆sadnessvgc
|html|daniiivgcsadnessvgc    
|uhtml|bestof|Game 2 of a best-of-3
|t:|1784908944
|gametype|doubles
|player|p1|daniiivgc|giovanni|1411
|player|p2|sadnessvgc|agatha-gen1rb|1357
|gen|9
|tier|[Gen 9 Champions] VGC 2026 Reg M-B (Bo3)
|rated|
|rule|Species Clause: Limit one of each Pokémon
|rule|Item Clause: Limit 1 of each item
|clearpoke
|poke|p1|Raichu, L50, M|
|poke|p1|Sinistcha, L50|
|poke|p1|Corviknight, L50, F|
|poke|p1|Sylveon, L50, M|
|poke|p1|Garchomp, L50, M|
|poke|p1|Tyranitar, L50, F|
|poke|p2|Floette-Eternal, L50, F|
|poke|p2|Sinistcha, L50, shiny|
|poke|p2|Sneasler, L50, F, shiny|
|poke|p2|Incineroar, L50, M, shiny|
|poke|p2|Garchomp, L50, F, shiny|
|poke|p2|Kingambit, L50, F, shiny|
|teampreview|4
|showteam|p1|Raichu||RaichuniteY|LightningRod|ZapCannon,FocusBlast,FakeOut,Protect|Timid||M|||50|]Sinistcha||KasibBerry|Hospitality|MatchaGotcha,ShadowBall,RagePowder,Protect|Modest|||||50|]Corviknight||Leftovers|MirrorArmor|IronHead,BraveBird,Tailwind,Protect|Adamant||F|||50|]Sylveon||FairyFeather|Pixilate|HyperVoice,QuickAttack,Yawn,Detect|Modest||M|||50|]Garchomp||SitrusBerry|RoughSkin|DragonClaw,StompingTantrum,RockSlide,Protect|Adamant||M|||50|]Tyranitar||FocusSash|SandStream|RockSlide,KnockOff,Superpower,Protect|Adamant||F|||50|
|showteam|p2|Floette-Eternal||Floettite|FlowerVeil|DazzlingGleam,DrainingKiss,Protect,CalmMind|Timid||F|||50|]Sinistcha||SitrusBerry|Hospitality|MatchaGotcha,Protect,TrickRoom,RagePowder|Bold|||||50|]Sneasler||FocusSash|Unburden|DireClaw,FakeOut,CloseCombat,Coaching|Naive||F|||50|]Incineroar||Leftovers|Intimidate|FlareBlitz,FakeOut,PartingShot,HelpingHand|Sassy||M|||50|]Garchomp||Garchompite|RoughSkin|Earthquake,StompingTantrum,RockSlide,Protect|Adamant||F|||50|]Kingambit||ChopleBerry|Defiant|KowtowCleave,SuckerPunch,IronHead,Protect|Adamant||F|||50|
|inactive|Battle timer is ON: inactive players will automatically lose when time's up. (requested by sadnessvgc)
|inactive|sadnessvgc has 60 seconds left.
|inactive|sadnessvgc has 30 seconds left.
|inactive|sadnessvgc has 20 seconds left.
|inactive|sadnessvgc has 15 seconds left.
|inactive|sadnessvgc has 10 seconds left.
|inactive|sadnessvgc has 5 seconds left.
|
|t:|1784909038
|teamsize|p1|4
|teamsize|p2|4
|start
|switch|p1a: Sinistcha|Sinistcha, L50|100/100
|switch|p1b: Corviknight|Corviknight, L50, F|100/100
|switch|p2a: Sneasler|Sneasler, L50, F, shiny|100/100
|switch|p2b: Garchomp|Garchomp, L50, F, shiny|100/100
|turn|1
|
|t:|1784909052
|detailschange|p2b: Garchomp|Garchomp-Mega, L50, F, shiny
|-mega|p2b: Garchomp|Garchomp|Garchompite
|move|p2a: Sneasler|Coaching|p2b: Garchomp
|-boost|p2b: Garchomp|atk|1
|-boost|p2b: Garchomp|def|1
|move|p2b: Garchomp|Rock Slide|p1a: Sinistcha|[spread] p1a,p1b
|-damage|p1a: Sinistcha|68/100
|-damage|p1b: Corviknight|64/100
|move|p1b: Corviknight|Tailwind|p1b: Corviknight
|-sidestart|p1: daniiivgc|move: Tailwind
|move|p1a: Sinistcha|Matcha Gotcha|p2a: Sneasler|[spread] p2a
|-miss|p1a: Sinistcha|p2b: Garchomp
|-resisted|p2a: Sneasler|1
|-damage|p2a: Sneasler|76/100
|-heal|p1a: Sinistcha|78/100|[from] drain|[of] p2a: Sneasler
|-status|p2a: Sneasler|brn
|
|-heal|p1b: Corviknight|70/100|[from] item: Leftovers
|-damage|p2a: Sneasler|70/100 brn|[from] brn
|upkeep
|turn|2
|inactive|daniiivgc has 30 seconds left.
|inactive|sadnessvgc has 30 seconds left.
|
|t:|1784909079
|switch|p2a: Incineroar|Incineroar, L50, M, shiny|100/100
|-ability|p2a: Incineroar|Intimidate|boost
|-unboost|p1a: Sinistcha|atk|1
|-ability|p1b: Corviknight|Mirror Armor
|-unboost|p2a: Incineroar|atk|1
|move|p1b: Corviknight|Protect|p1b: Corviknight
|-singleturn|p1b: Corviknight|Protect
|move|p1a: Sinistcha|Matcha Gotcha|p2b: Garchomp|[spread] p2a,p2b
|-resisted|p2a: Incineroar|1
|-damage|p2a: Incineroar|89/100
|-heal|p1a: Sinistcha|84/100|[from] drain|[of] p2a: Incineroar
|-damage|p2b: Garchomp|78/100
|-heal|p1a: Sinistcha|96/100|[from] drain|[of] p2b: Garchomp
|move|p2b: Garchomp|Rock Slide|p1a: Sinistcha|[spread] p1a
|-activate|p1b: Corviknight|move: Protect
|-damage|p1a: Sinistcha|64/100
|
|-heal|p1b: Corviknight|77/100|[from] item: Leftovers
|-heal|p2a: Incineroar|95/100|[from] item: Leftovers
|upkeep
|turn|3
|inactive|sadnessvgc has 30 seconds left.
|
|t:|1784909112
|switch|p1b: Garchomp|Garchomp, L50, M|100/100
|move|p2b: Garchomp|Protect|p2b: Garchomp
|-singleturn|p2b: Garchomp|Protect
|move|p1a: Sinistcha|Matcha Gotcha|p2a: Incineroar|[spread] p2a
|-activate|p2b: Garchomp|move: Protect
|-resisted|p2a: Incineroar|1
|-damage|p2a: Incineroar|83/100
|-heal|p1a: Sinistcha|70/100|[from] drain|[of] p2a: Incineroar
|move|p2a: Incineroar|Flare Blitz|p1a: Sinistcha
|-supereffective|p1a: Sinistcha|1
|-damage|p1a: Sinistcha|12/100
|-damage|p2a: Incineroar|66/100|[from] Recoil
|
|-heal|p2a: Incineroar|72/100|[from] item: Leftovers
|upkeep
|turn|4
|inactive|sadnessvgc has 30 seconds left.
|
|t:|1784909139
|switch|p1b: Corviknight|Corviknight, L50, F|77/100
|switch|p2a: Sinistcha|Sinistcha, L50, shiny|100/100
|-heal|p2b: Garchomp|100/100|[from] ability: Hospitality|[of] p2a: Sinistcha
|move|p1a: Sinistcha|Matcha Gotcha|p2b: Garchomp|[spread] p2a,p2b
|-resisted|p2a: Sinistcha|1
|-damage|p2a: Sinistcha|85/100
|-heal|p1a: Sinistcha|20/100r|[from] drain|[of] p2a: Sinistcha
|-damage|p2b: Garchomp|78/100
|-heal|p1a: Sinistcha|32/100|[from] drain|[of] p2b: Garchomp
|move|p2b: Garchomp|Earthquake|p1a: Sinistcha|[spread] p2a,p1a
|-immune|p1b: Corviknight
|-resisted|p2a: Sinistcha|1
|-resisted|p1a: Sinistcha|1
|-damage|p2a: Sinistcha|58/100
|-damage|p1a: Sinistcha|0 fnt
|faint|p1a: Sinistcha
|
|-heal|p1b: Corviknight|83/100|[from] item: Leftovers
|-sideend|p1: daniiivgc|move: Tailwind
|upkeep
|
|t:|1784909161
|switch|p1a: Garchomp|Garchomp, L50, M|100/100
|turn|5
|inactive|daniiivgc has 30 seconds left.
|
|t:|1784909195
|switch|p2a: Incineroar|Incineroar, L50, M, shiny|72/100
|-ability|p2a: Incineroar|Intimidate|boost
|-unboost|p1a: Garchomp|atk|1
|-ability|p1b: Corviknight|Mirror Armor
|-unboost|p2a: Incineroar|atk|1
|move|p1a: Garchomp|Protect|p1a: Garchomp
|-singleturn|p1a: Garchomp|Protect
|move|p2b: Garchomp|Stomping Tantrum|p1a: Garchomp
|-activate|p1a: Garchomp|move: Protect
|move|p1b: Corviknight|Brave Bird|p2a: Incineroar
|-damage|p2a: Incineroar|30/100
|-damage|p1b: Corviknight|68/100|[from] Recoil
|
|-heal|p1b: Corviknight|75/100|[from] item: Leftovers
|-heal|p2a: Incineroar|36/100|[from] item: Leftovers
|upkeep
|turn|6
|inactive|sadnessvgc has 30 seconds left.
|
|t:|1784909226
|switch|p1a: Sylveon|Sylveon, L50, M|100/100
|move|p2a: Incineroar|Fake Out|p1a: Sylveon
|-crit|p1a: Sylveon
|-damage|p1a: Sylveon|82/100
|move|p2b: Garchomp|Stomping Tantrum|p1a: Sylveon
|-damage|p1a: Sylveon|1/100
|move|p1b: Corviknight|Tailwind|p1b: Corviknight
|-sidestart|p1: daniiivgc|move: Tailwind
|
|-heal|p1b: Corviknight|81/100|[from] item: Leftovers
|-heal|p2a: Incineroar|42/100|[from] item: Leftovers
|upkeep
|turn|7
|inactive|daniiivgc has 30 seconds left.
|inactive|daniiivgc has 20 seconds left.
|inactive|daniiivgc has 15 seconds left.
|inactive|daniiivgc has 10 seconds left.
|inactive|daniiivgc has 5 seconds left.
|
|t:|1784909281
|switch|p2a: Sneasler|Sneasler, L50, F, shiny|70/100 brn
|move|p2b: Garchomp|Protect|p2b: Garchomp
|-singleturn|p2b: Garchomp|Protect
|move|p1b: Corviknight|Iron Head|p2a: Sneasler
|-damage|p2a: Sneasler|9/100 brn
|move|p1a: Sylveon|Hyper Voice|p2a: Sneasler|[spread] p2a
|-activate|p2b: Garchomp|move: Protect
|-damage|p2a: Sneasler|0 fnt
|faint|p2a: Sneasler
|
|-heal|p1b: Corviknight|87/100|[from] item: Leftovers
|upkeep
|
|t:|1784909290
|switch|p2a: Incineroar|Incineroar, L50, M, shiny|42/100
|-ability|p2a: Incineroar|Intimidate|boost
|-unboost|p1a: Sylveon|atk|1
|-ability|p1b: Corviknight|Mirror Armor
|-unboost|p2a: Incineroar|atk|1
|turn|8
|
|t:|1784909306
|switch|p1a: Garchomp|Garchomp, L50, M|100/100
|switch|p2a: Sinistcha|Sinistcha, L50, shiny|58/100
|-heal|p2b: Garchomp|100/100|[from] ability: Hospitality|[of] p2a: Sinistcha
|move|p1b: Corviknight|Brave Bird|p2a: Sinistcha
|-supereffective|p2a: Sinistcha|1
|-damage|p2a: Sinistcha|0 fnt
|faint|p2a: Sinistcha
|-damage|p1b: Corviknight|69/100|[from] Recoil
|move|p2b: Garchomp|Rock Slide|p1b: Corviknight|[spread] p1a
|-miss|p2b: Garchomp|p1b: Corviknight
|-resisted|p1a: Garchomp|1
|-damage|p1a: Garchomp|83/100
|
|-heal|p1b: Corviknight|75/100|[from] item: Leftovers
|upkeep
|
|t:|1784909322
|switch|p2a: Incineroar|Incineroar, L50, M, shiny|42/100
|-ability|p2a: Incineroar|Intimidate|boost
|-unboost|p1a: Garchomp|atk|1
|-ability|p1b: Corviknight|Mirror Armor
|-unboost|p2a: Incineroar|atk|1
|turn|9
|
|t:|1784909341
|move|p2a: Incineroar|Fake Out|p1b: Corviknight
|-resisted|p1b: Corviknight|1
|-damage|p1b: Corviknight|72/100
|move|p1a: Garchomp|Rock Slide|p2a: Incineroar|[spread] p2a,p2b
|-supereffective|p2a: Incineroar|1
|-resisted|p2b: Garchomp|1
|-crit|p2b: Garchomp
|-damage|p2a: Incineroar|20/100y
|-damage|p2b: Garchomp|88/100
|cant|p1b: Corviknight|flinch
|move|p2b: Garchomp|Rock Slide|p1a: Garchomp|[spread] p1a,p1b
|-resisted|p1a: Garchomp|1
|-damage|p1a: Garchomp|68/100
|-damage|p1b: Corviknight|41/100
|
|-heal|p1b: Corviknight|47/100|[from] item: Leftovers
|-heal|p2a: Incineroar|26/100|[from] item: Leftovers
|-sideend|p1: daniiivgc|move: Tailwind
|upkeep
|turn|10
|
|t:|1784909364
|move|p2a: Incineroar|Helping Hand|p2b: Garchomp
|-singleturn|p2b: Garchomp|Helping Hand|[of] p2a: Incineroar
|move|p1a: Garchomp|Stomping Tantrum|p2a: Incineroar
|-supereffective|p2a: Incineroar|1
|-damage|p2a: Incineroar|0 fnt
|faint|p2a: Incineroar
|move|p2b: Garchomp|Rock Slide|p1b: Corviknight|[spread] p1b
|-miss|p2b: Garchomp|p1a: Garchomp
|-damage|p1b: Corviknight|0 fnt
|faint|p1b: Corviknight
|
|upkeep
|
|t:|1784909374
|switch|p1b: Sylveon|Sylveon, L50, M|1/100
|turn|11
|inactive|daniiivgc has 30 seconds left.
|inactive|daniiivgc has 20 seconds left.
|
|t:|1784909412
|move|p1a: Garchomp|Dragon Claw|p2b: Garchomp
|-supereffective|p2b: Garchomp|1
|-damage|p2b: Garchomp|61/100
|move|p2b: Garchomp|Earthquake|p1a: Garchomp|[spread] p1a,p1b
|-damage|p1a: Garchomp|1/100
|-damage|p1b: Sylveon|0 fnt
|-enditem|p1a: Garchomp|Sitrus Berry|[eat]
|-heal|p1a: Garchomp|25/100|[from] item: Sitrus Berry
|faint|p1b: Sylveon
|
|upkeep
|turn|12
|c|☆sadnessvgc|survive mega garchomp!
|c|☆sadnessvgc|dont crit
|inactive|daniiivgc has 30 seconds left.
|
|t:|1784909444
|move|p1a: Garchomp|Dragon Claw|p2b: Garchomp
|-supereffective|p2b: Garchomp|1
|-damage|p2b: Garchomp|34/100
|move|p2b: Garchomp|Earthquake|p1a: Garchomp
|-damage|p1a: Garchomp|0 fnt
|faint|p1a: Garchomp
|
|win|sadnessvgc
|raw|daniiivgc's rating: 1411 → 1388(-23 for losing)
|raw|sadnessvgc's rating: 1357 → 1380(+23 for winning)
