|j|Ōśåzilongkumo
|j|Ōśåaman3141560
|html|zilongkumoaman3141560    
|uhtml|bestof|Game 1 of a best-of-3
|t:|1785039609
|gametype|doubles
|player|p1|zilongkumo|volkner|
|player|p2|aman3141560|lucas|
|gen|9
|tier|[Gen 9 Champions] VGC 2026 Reg M-B (Bo3)
|rule|Species Clause: Limit one of each Pok├®mon
|rule|Item Clause: Limit 1 of each item
|clearpoke
|poke|p1|Raichu, L50, F|
|poke|p1|Blastoise, L50, M|
|poke|p1|Reuniclus, L50, F, shiny|
|poke|p1|Lucario, L50, F|
|poke|p1|Tsareena, L50, F|
|poke|p1|Pangoro, L50, F|
|poke|p2|Hawlucha, L50, M|
|poke|p2|Snorlax, L50, M|
|poke|p2|Slowking-Galar, L50, F|
|poke|p2|Milotic, L50, F|
|poke|p2|Morpeko, L50, M|
|poke|p2|Garchomp, L50, F|
|teampreview|4
|showteam|p1|Raichu||WideLens|Static|Thunder,FakeOut,Protect,RainDance|Hasty||F|||50|]Blastoise||Blastoisinite|RainDish|WeatherBall,IceBeam,AuraSphere,DragonPulse|Modest||M|||50|]Reuniclus||KasibBerry|MagicGuard|TrickRoom,Recover,CalmMind,StoredPower|Relaxed||F|||50|]Lucario||ScopeLens|Justified|MeteorMash,BulletPunch,RockSlide,DrainPunch|Jolly||F|||50|]Tsareena||Metronome|QueenlyMajesty|KnockOff,TripleAxel,TropKick,PetalBlizzard|Adamant||F|||50|]Pangoro||FocusSash|IronFist|DrainPunch,Coaching,KnockOff,Protect|Impish||F|||50|
|showteam|p2|Hawlucha||Hawluchanite|MoldBreaker|Detect,HighJumpKick,DualWingbeat,Uturn|Jolly||M|||50|]Snorlax||ChopleBerry|ThickFat|BellyDrum,Earthquake,Facade,Protect|Careful||M|||50|]Slowking-Galar||ColburBerry|Regenerator|Psychic,SludgeBomb,TrickRoom,HealPulse|Quiet||F|||50|]Milotic||SitrusBerry|Competitive|Coil,Hypnosis,Recover,IcyWind|Calm||F|||50|]Morpeko||ChoiceScarf|HungerSwitch|AuraWheel,PartingShot,KnockOff,EerieImpulse|Adamant||M|||50|]Garchomp||YacheBerry|RoughSkin|DragonClaw,StompingTantrum,SwordsDance,Protect|Jolly||F|||50|
|inactive|Battle timer is ON: inactive players will automatically lose when time's up. (requested by aman3141560)
|c|Ōśåzilongkumo|I'm not looking at team sheet, by the way.
|c|Ōśåzilongkumo|GLHF!
|inactive|zilongkumo has 60 seconds left.
|c|Ōśåaman3141560|Glhf same for me
|
|t:|1785039649
|teamsize|p1|4
|teamsize|p2|4
|start
|switch|p1a: Raichu|Raichu, L50, F|100/100
|switch|p1b: Blastoise|Blastoise, L50, M|100/100
|switch|p2a: Hawlucha|Hawlucha, L50, M|100/100
|switch|p2b: Morpeko|Morpeko, L50, M|100/100
|-ability|p2a: Hawlucha|Mold Breaker
|turn|1
|
|t:|1785039674
|switch|p2a: Slowking|Slowking-Galar, L50, F|100/100
|detailschange|p1b: Blastoise|Blastoise-Mega, L50, M
|-mega|p1b: Blastoise|Blastoise|Blastoisinite
|move|p1a: Raichu|Fake Out|p2a: Slowking
|-damage|p2a: Slowking|90/100
|move|p2b: Morpeko|Aura Wheel|p1b: Blastoise
|-supereffective|p1b: Blastoise|1
|-crit|p1b: Blastoise
|-damage|p1b: Blastoise|0 fnt
|-boost|p2b: Morpeko|spe|1
|faint|p1b: Blastoise
|
|-formechange|p2b: Morpeko|Morpeko-Hangry|
|upkeep
|
|t:|1785039687
|switch|p1b: Lucario|Lucario, L50, F|100/100
|turn|2
|
|t:|1785039702
|move|p2b: Morpeko|Aura Wheel|p1a: Raichu
|-damage|p1a: Raichu|0 fnt
|-boost|p2b: Morpeko|spe|1
|faint|p1a: Raichu
|move|p1b: Lucario|Drain Punch|p2b: Morpeko
|-supereffective|p2b: Morpeko|1
|-damage|p2b: Morpeko|0 fnt
|faint|p2b: Morpeko
|move|p2a: Slowking|Trick Room|p2a: Slowking
|-fieldstart|move: Trick Room|[of] p2a: Slowking
|
|upkeep
|
|t:|1785039713
|switch|p2b: Snorlax|Snorlax, L50, M|100/100
|switch|p1a: Reuniclus|Reuniclus, L50, F, shiny|100/100
|turn|3
|
|t:|1785039728
|move|p2a: Slowking|Psychic|p1b: Lucario
|-damage|p1b: Lucario|26/100
|-unboost|p1b: Lucario|spd|1
|move|p1a: Reuniclus|Calm Mind|p1a: Reuniclus
|-boost|p1a: Reuniclus|spa|1
|-boost|p1a: Reuniclus|spd|1
|move|p2b: Snorlax|Belly Drum|p2b: Snorlax
|-damage|p2b: Snorlax|50/100g
|-setboost|p2b: Snorlax|atk|6|[from] move: Belly Drum
|move|p1b: Lucario|Drain Punch|p2b: Snorlax
|-supereffective|p2b: Snorlax|1
|-enditem|p2b: Snorlax|Chople Berry|[eat]
|-enditem|p2b: Snorlax|Chople Berry|[weaken]
|-damage|p2b: Snorlax|18/100
|-heal|p1b: Lucario|55/100|[from] drain|[of] p2b: Snorlax
|
|upkeep
|turn|4
|
|t:|1785039754
|move|p2b: Snorlax|Protect|p2b: Snorlax
|-singleturn|p2b: Snorlax|Protect
|move|p1b: Lucario|Bullet Punch|p2b: Snorlax
|-activate|p2b: Snorlax|move: Protect
|move|p1a: Reuniclus|Stored Power|p2a: Slowking
|-damage|p2a: Slowking|59/100
|move|p2a: Slowking|Psychic|p1b: Lucario
|-damage|p1b: Lucario|0 fnt
|faint|p1b: Lucario
|
|upkeep
|turn|5
|
|t:|1785039773
|move|p2a: Slowking|Heal Pulse|p2b: Snorlax
|-heal|p2b: Snorlax|68/100
|move|p1a: Reuniclus|Stored Power|p2b: Snorlax
|-damage|p2b: Snorlax|52/100
|move|p2b: Snorlax|Facade|p1a: Reuniclus
|-damage|p1a: Reuniclus|21/100
|
|upkeep
|turn|6
|
|t:|1785039786
|move|p1a: Reuniclus|Recover|p1a: Reuniclus
|-heal|p1a: Reuniclus|71/100
|move|p2a: Slowking|Heal Pulse|p2b: Snorlax
|-heal|p2b: Snorlax|100/100
|move|p2b: Snorlax|Facade|p1a: Reuniclus
|-damage|p1a: Reuniclus|1/100
|
|-fieldend|move: Trick Room
|upkeep
|turn|7
|
|t:|1785039800
|move|p2b: Snorlax|Facade|p1a: Reuniclus
|-damage|p1a: Reuniclus|0 fnt
|faint|p1a: Reuniclus
|
|win|aman3141560
