|j|☆Jaybird112233
|j|☆terosath
|html|Jaybird112233terosath    
|uhtml|bestof|Game 3 of a best-of-3
|t:|1785110003
|gametype|doubles
|player|p1|Jaybird112233|naveen|
|player|p2|terosath|n|
|gen|9
|tier|[Gen 9 Champions] VGC 2026 Reg M-B (Bo3)
|rule|Species Clause: Limit one of each Pokémon
|rule|Item Clause: Limit 1 of each item
|clearpoke
|poke|p1|Altaria, L50, F, shiny|
|poke|p1|Sinistcha, L50|
|poke|p1|Tyranitar, L50, M, shiny|
|poke|p1|Rotom-Heat, L50, shiny|
|poke|p1|Slowbro, L50, F|
|poke|p1|Aggron, L50, M|
|poke|p2|Drampa, L50, M|
|poke|p2|Crabominable, L50, F|
|poke|p2|Sinistcha-Masterpiece, L50|
|poke|p2|Politoed, L50, M|
|poke|p2|Farigiraf, L50, F|
|poke|p2|Garganacl, L50, M|
|teampreview|4
|showteam|p1|Altaria||Altarianite|CloudNine|HyperVoice,DracoMeteor,HyperBeam,Protect|Quiet||F|||50|]Sinistcha||SitrusBerry|Hospitality|MatchaGotcha,LifeDew,RagePowder,TrickRoom|Calm|||||50|]Tyranitar||Tyranitarite|SandStream|KnockOff,RockSlide,LowKick,Protect|Adamant||M|||50|]Rotom-Heat||WhiteHerb|Levitate|Thunderbolt,Overheat,LightScreen,VoltSwitch|Modest|||||50|]Slowbro||Leftovers|Regenerator|HealPulse,TrickRoom,Scald,Protect|Relaxed||F|||50|]Aggron||Aggronite|Sturdy|IronDefense,BodyPress,HeavySlam,Protect|Impish||M|||50|
|showteam|p2|Drampa||Drampanite|Berserk|Protect,EarthPower,CalmMind,HyperVoice|Quiet||M|||50|]Crabominable||Crabominite|HyperCutter|DrainPunch,Protect,IceHammer,ThunderPunch|Brave||F|||50|]Sinistcha-Masterpiece||SitrusBerry|Hospitality|TrickRoom,MatchaGotcha,LifeDew,RagePowder|Modest|||||50|]Politoed||MysticWater|Drizzle|MuddyWater,Protect,Encore,HelpingHand|Calm||M|||50|]Farigiraf||MentalHerb|ArmorTail|TrickRoom,PsychicNoise,LightScreen,Reflect|Sassy||F|||50|]Garganacl||Leftovers|PurifyingSalt|WideGuard,RockSlide,Protect,BodyPress|Relaxed||M|||50|
|j| geminiduality2
|j| Bingus Von Bongus
|j| seafan13
|
|t:|1785110121
|teamsize|p1|4
|teamsize|p2|4
|start
|switch|p1a: Air Fryer|Rotom-Heat, L50, shiny|100/100
|switch|p1b: Ferrous|Aggron, L50, M|100/100
|switch|p2a: RacecaR|Farigiraf, L50, F|100/100
|switch|p2b: 'Nam Veteran|Drampa, L50, M|100/100
|turn|1
|
|t:|1785110150
|switch|p1b: Pidgeon|Altaria, L50, F, shiny|100/100
|-ability|p1b: Pidgeon|Cloud Nine
|detailschange|p2b: 'Nam Veteran|Drampa-Mega, L50, M
|-mega|p2b: 'Nam Veteran|Drampa|Drampanite
|move|p1a: Air Fryer|Light Screen|p1a: Air Fryer
|-sidestart|p1: Jaybird112233|move: Light Screen
|move|p2b: 'Nam Veteran|Earth Power|p1b: Pidgeon
|-immune|p1b: Pidgeon
|move|p2a: RacecaR|Trick Room|p2a: RacecaR
|-fieldstart|move: Trick Room|[of] p2a: RacecaR
|
|upkeep
|turn|2
|
|t:|1785110198
|move|p1b: Pidgeon|Protect|p1b: Pidgeon
|-singleturn|p1b: Pidgeon|Protect
|move|p2b: 'Nam Veteran|Calm Mind|p2b: 'Nam Veteran
|-boost|p2b: 'Nam Veteran|spa|1
|-boost|p2b: 'Nam Veteran|spd|1
|move|p2a: RacecaR|Light Screen|p2a: RacecaR
|-sidestart|p2: terosath|move: Light Screen
|move|p1a: Air Fryer|Volt Switch|p2b: 'Nam Veteran
|-resisted|p2b: 'Nam Veteran|1
|-damage|p2b: 'Nam Veteran|93/100
|
|t:|1785110207
|switch|p1a: Ferrous|Aggron, L50, M|100/100|[from] Volt Switch
|
|upkeep
|turn|3
|
|t:|1785110258
|detailschange|p1a: Ferrous|Aggron-Mega, L50, M
|-mega|p1a: Ferrous|Aggron|Aggronite
|move|p2b: 'Nam Veteran|Calm Mind|p2b: 'Nam Veteran
|-boost|p2b: 'Nam Veteran|spa|1
|-boost|p2b: 'Nam Veteran|spd|1
|move|p1a: Ferrous|Body Press|p2b: 'Nam Veteran
|-supereffective|p2b: 'Nam Veteran|1
|-damage|p2b: 'Nam Veteran|8/100
|-ability|p2b: 'Nam Veteran|Berserk|boost
|-boost|p2b: 'Nam Veteran|spa|1
|move|p2a: RacecaR|Reflect|p2a: RacecaR
|-sidestart|p2: terosath|Reflect
|move|p1b: Pidgeon|Draco Meteor|p2b: 'Nam Veteran
|-supereffective|p2b: 'Nam Veteran|1
|-damage|p2b: 'Nam Veteran|0 fnt
|-unboost|p1b: Pidgeon|spa|2
|faint|p2b: 'Nam Veteran
|
|upkeep
|
|t:|1785110273
|switch|p2b: Put up yer dukes|Crabominable, L50, F|100/100
|turn|4
|
|t:|1785110302
|move|p2b: Put up yer dukes|Drain Punch|p1a: Ferrous
|-supereffective|p1a: Ferrous|1
|-damage|p1a: Ferrous|74/100
|move|p1a: Ferrous|Body Press|p2b: Put up yer dukes
|-supereffective|p2b: Put up yer dukes|1
|-damage|p2b: Put up yer dukes|36/100
|move|p2a: RacecaR|Psychic Noise|p1a: Ferrous
|-resisted|p1a: Ferrous|1
|-damage|p1a: Ferrous|62/100
|-start|p1a: Ferrous|move: Heal Block
|move|p1b: Pidgeon|Draco Meteor|p2b: Put up yer dukes
|-damage|p2b: Put up yer dukes|16/100
|-unboost|p1b: Pidgeon|spa|2
|
|upkeep
|turn|5
|
|t:|1785110323
|switch|p2a: Double Gulp|Sinistcha-Masterpiece, L50|100/100
|-heal|p2b: Put up yer dukes|41/100|[from] ability: Hospitality|[of] p2a: Double Gulp
|switch|p1b: Cuppa Tay|Sinistcha, L50|100/100
|move|p2b: Put up yer dukes|Ice Hammer|p1b: Cuppa Tay
|-supereffective|p1b: Cuppa Tay|1
|-damage|p1b: Cuppa Tay|0 fnt
|-unboost|p2b: Put up yer dukes|spe|1
|faint|p1b: Cuppa Tay
|move|p1a: Ferrous|Iron Defense|p1a: Ferrous
|-boost|p1a: Ferrous|def|2
|
|-end|p1a: Ferrous|move: Heal Block
|-sideend|p1: Jaybird112233|move: Light Screen
|-fieldend|move: Trick Room
|upkeep
|
|t:|1785110345
|switch|p1b: Air Fryer|Rotom-Heat, L50, shiny|100/100
|turn|6
|
|t:|1785110361
|move|p2b: Put up yer dukes|Protect|p2b: Put up yer dukes
|-singleturn|p2b: Put up yer dukes|Protect
|move|p1b: Air Fryer|Overheat|p2a: Double Gulp
|-supereffective|p2a: Double Gulp|1
|-damage|p2a: Double Gulp|18/100
|-unboost|p1b: Air Fryer|spa|2
|-enditem|p2a: Double Gulp|Sitrus Berry|[eat]
|-heal|p2a: Double Gulp|43/100|[from] item: Sitrus Berry
|-enditem|p1b: Air Fryer|White Herb
|-clearnegativeboost|p1b: Air Fryer|[silent]
|move|p1a: Ferrous|Heavy Slam|p2b: Put up yer dukes
|-activate|p2b: Put up yer dukes|move: Protect
|move|p2a: Double Gulp|Trick Room|p2a: Double Gulp
|-fieldstart|move: Trick Room|[of] p2a: Double Gulp
|
|-sideend|p2: terosath|move: Light Screen
|upkeep
|turn|7
|
|t:|1785110426
|move|p2b: Put up yer dukes|Drain Punch|p1b: Air Fryer
|-damage|p1b: Air Fryer|54/100
|-heal|p2b: Put up yer dukes|59/100|[from] drain|[of] p1b: Air Fryer
|move|p1a: Ferrous|Heavy Slam|p2b: Put up yer dukes
|-supereffective|p2b: Put up yer dukes|1
|-damage|p2b: Put up yer dukes|19/100
|move|p2a: Double Gulp|Life Dew|p2a: Double Gulp|[spread] p2a,p2b
|-heal|p2a: Double Gulp|68/100
|-heal|p2b: Put up yer dukes|44/100
|move|p1b: Air Fryer|Overheat|p2a: Double Gulp
|-supereffective|p2a: Double Gulp|1
|-damage|p2a: Double Gulp|0 fnt
|-unboost|p1b: Air Fryer|spa|2
|faint|p2a: Double Gulp
|
|-sideend|p2: terosath|Reflect
|upkeep
|
|t:|1785110441
|switch|p2a: RacecaR|Farigiraf, L50, F|100/100
|turn|8
|
|t:|1785110457
|move|p2b: Put up yer dukes|Drain Punch|p1a: Ferrous
|-supereffective|p1a: Ferrous|1
|-damage|p1a: Ferrous|47/100
|-heal|p2b: Put up yer dukes|51/100|[from] drain|[of] p1a: Ferrous
|move|p1a: Ferrous|Body Press|p2b: Put up yer dukes
|-supereffective|p2b: Put up yer dukes|1
|-damage|p2b: Put up yer dukes|0 fnt
|faint|p2b: Put up yer dukes
|move|p2a: RacecaR|Psychic Noise|p1a: Ferrous
|-resisted|p1a: Ferrous|1
|-damage|p1a: Ferrous|32/100
|-start|p1a: Ferrous|move: Heal Block
|move|p1b: Air Fryer|Light Screen|p1b: Air Fryer
|-sidestart|p1: Jaybird112233|move: Light Screen
|
|upkeep
|turn|9
|
|t:|1785110475
|move|p1a: Ferrous|Body Press|p2a: RacecaR
|-damage|p2a: RacecaR|3/100
|move|p2a: RacecaR|Psychic Noise|p1a: Ferrous
|-resisted|p1a: Ferrous|1
|-damage|p1a: Ferrous|21/100
|move|p1b: Air Fryer|Volt Switch|p2a: RacecaR
|-damage|p2a: RacecaR|0 fnt
|faint|p2a: RacecaR
|
|win|Jaybird112233
|l| geminiduality2
