|j|☆Lego Darth Malgus
|j|☆scottedstone
|html|Lego Darth Malgusscottedstone    
|uhtml|bestof|Game 2 of a best-of-3
|t:|1757751027
|gametype|doubles
|player|p1|Lego Darth Malgus|102|1094
|player|p2|scottedstone|170|1281
|gen|9
|tier|[Gen 9] VGC 2025 Reg H (Bo3)
|rated|
|rule|Species Clause: Limit one of each Pokémon
|rule|Item Clause: Limit 1 of each item
|clearpoke
|poke|p1|Empoleon, L50, M|
|poke|p1|Rillaboom, L50, F|
|poke|p1|Volcarona, L50, M|
|poke|p1|Zoroark-Hisui, L50, F|
|poke|p1|Salamence, L50, M|
|poke|p1|Kleavor, L50, F|
|poke|p2|Pelipper, L50, M|
|poke|p2|Basculegion, L50, M|
|poke|p2|Archaludon, L50, M|
|poke|p2|Sneasler, L50, M|
|poke|p2|Indeedee, L50, M|
|poke|p2|Amoonguss, L50, F|
|teampreview|4
|showteam|p1|Empoleon||Leftovers|Competitive|WaterPledge,Protect,IcyWind,Yawn|||M|||50|,,,,,Ghost]Rillaboom||MiracleSeed|GrassySurge|FakeOut,DrumBeating,GrassyGlide,Taunt|||F|||50|,,,,,Water]Volcarona||SitrusBerry|FlameBody|QuiverDance,HeatWave,TeraBlast,Protect|||M|||50|,,,,,Fairy]Zoroark-Hisui||ChoiceSpecs|Illusion|IcyWind,HyperVoice,ShadowBall,Trick|||F|||50|,,,,,Normal]Salamence||LifeOrb|Intimidate|DracoMeteor,Tailwind,AirSlash,Protect|||M|||50|,,,,,Dragon]Kleavor||AssaultVest|Sharpness|StoneAxe,XScissor,CloseCombat,NightSlash|||F|||50|,,,,,Steel
|showteam|p2|Pelipper||FocusSash|Drizzle|Hurricane,WeatherBall,Tailwind,Protect|||M|||50|,,,,,Stellar]Basculegion||LifeOrb|SwiftSwim|WaveCrash,LastRespects,AquaJet,Protect|||M|||50|,,,,,Water]Archaludon||AssaultVest|Stamina|DragonPulse,FlashCannon,ElectroShot,BodyPress|||M|||50|,,,,,Grass]Sneasler||PsychicSeed|Unburden|DireClaw,CloseCombat,ThroatChop,Protect|||M|||50|,,,,,Dark]Indeedee||ChoiceScarf|PsychicSurge|ExpandingForce,TeraBlast,Protect,Trick|||M|||50|,,,,,Psychic]Amoonguss||SitrusBerry|Regenerator|PollenPuff,RagePowder,Spore,Protect|||F|||50|,,,,,Water
|inactive|Battle timer is ON: inactive players will automatically lose when time's up. (requested by Lego Darth Malgus)
|inactive|Lego Darth Malgus has 60 seconds left.
|
|t:|1757751058
|teamsize|p1|4
|teamsize|p2|4
|start
|switch|p1a: Salamence|Salamence, L50, M|100/100
|switch|p1b: Rillaboom|Rillaboom, L50, F, shiny|100/100
|switch|p2a: Pelipper|Pelipper, L50, M|100/100
|switch|p2b: Basculegion|Basculegion, L50, M|100/100
|-ability|p1a: Salamence|Intimidate|boost
|-unboost|p2a: Pelipper|atk|1
|-unboost|p2b: Basculegion|atk|1
|-fieldstart|move: Grassy Terrain|[from] ability: Grassy Surge|[of] p1b: Rillaboom
|-weather|RainDance|[from] ability: Drizzle|[of] p2a: Pelipper
|turn|1
|
|t:|1757751083
|switch|p2b: Indeedee|Indeedee, L50, M|100/100
|-fieldstart|move: Psychic Terrain|[from] ability: Psychic Surge|[of] p2b: Indeedee
|move|p1a: Salamence|Tailwind|p1a: Salamence
|-sidestart|p1: Lego Darth Malgus|move: Tailwind
|move|p1b: Rillaboom|Drum Beating|p2a: Pelipper
|-damage|p2a: Pelipper|36/100
|-unboost|p2a: Pelipper|spe|1
|move|p2a: Pelipper|Hurricane|p1b: Rillaboom
|-supereffective|p1b: Rillaboom
|-damage|p1b: Rillaboom|0 fnt
|faint|p1b: Rillaboom
|
|-weather|RainDance|[upkeep]
|upkeep
|
|t:|1757751097
|switch|p1b: Volcarona|Volcarona, L50, M, shiny|100/100
|turn|2
|inactive|Lego Darth Malgus has 30 seconds left.
|
|t:|1757751131
|-terastallize|p1b: Volcarona|Normal
|-terastallize|p2b: Indeedee|Psychic
|move|p1b: Volcarona|Hyper Voice|p2a: Pelipper|[spread] p2a,p2b
|-damage|p2a: Pelipper|0 fnt
|-damage|p2b: Indeedee|8/100
|faint|p2a: Pelipper
|move|p1a: Salamence|Air Slash|p2b: Indeedee
|-crit|p2b: Indeedee
|-damage|p2b: Indeedee|0 fnt
|faint|p2b: Indeedee
|-damage|p1a: Salamence|90/100|[from] item: Life Orb
|
|-weather|RainDance|[upkeep]
|upkeep
|
|t:|1757751139
|switch|p2b: Basculegion|Basculegion, L50, M|100/100
|switch|p2a: Sneasler|Sneasler, L50, M|100/100
|-enditem|p2a: Sneasler|Psychic Seed
|-boost|p2a: Sneasler|spd|1|[from] item: Psychic Seed
|turn|3
|
|t:|1757751160
|switch|p1a: Volcarona|Volcarona, L50, M, shiny|100/100
|move|p1b: Volcarona|Hyper Voice|p2b: Basculegion|[spread] p2a
|-immune|p2b: Basculegion
|-damage|p2a: Sneasler|39/100
|move|p2a: Sneasler|Close Combat|p1b: Volcarona
|-supereffective|p1b: Volcarona
|-damage|p1b: Volcarona|0 fnt
|-unboost|p2a: Sneasler|def|1
|-unboost|p2a: Sneasler|spd|1
|replace|p1b: Zoroark|Zoroark-Hisui, L50, F
|-end|p1b: Zoroark|Illusion
|faint|p1b: Zoroark
|move|p2b: Basculegion|Last Respects|p1a: Volcarona
|-damage|p1a: Volcarona|0 fnt
|faint|p1a: Volcarona
|-damage|p2b: Basculegion|91/100|[from] item: Life Orb
|
|-weather|RainDance|[upkeep]
|upkeep
|
|t:|1757751167
|switch|p1b: Salamence|Salamence, L50, M|90/100
|-ability|p1b: Salamence|Intimidate|boost
|-unboost|p2a: Sneasler|atk|1
|-unboost|p2b: Basculegion|atk|1
|turn|4
|
|t:|1757751181
|move|p2a: Sneasler|Dire Claw|p1b: Salamence
|-damage|p1b: Salamence|53/100
|move|p1b: Salamence|Draco Meteor|p2b: Basculegion
|-damage|p2b: Basculegion|0 fnt
|-unboost|p1b: Salamence|spa|2
|faint|p2b: Basculegion
|-damage|p1b: Salamence|43/100|[from] item: Life Orb
|
|-weather|RainDance|[upkeep]
|-sideend|p1: Lego Darth Malgus|move: Tailwind
|upkeep
|turn|5
|
|t:|1757751195
|move|p1b: Salamence|Protect|p1b: Salamence
|-singleturn|p1b: Salamence|Protect
|move|p2a: Sneasler|Dire Claw|p1b: Salamence
|-activate|p1b: Salamence|move: Protect
|
|-weather|none
|-fieldend|move: Psychic Terrain
|upkeep
|turn|6
|
|t:|1757751199
|move|p2a: Sneasler|Dire Claw|p1b: Salamence
|-damage|p1b: Salamence|9/100
|move|p1b: Salamence|Air Slash|p2a: Sneasler
|-supereffective|p2a: Sneasler
|-damage|p2a: Sneasler|0 fnt
|faint|p2a: Sneasler
|-damage|p1b: Salamence|0 fnt|[from] item: Life Orb
|faint|p1b: Salamence
|
|win|Lego Darth Malgus
||scottedstone is ready for game 3.
||Lego Darth Malgus is ready for game 3.
|uhtml|next|Next: Game 3 of 3
|l|☆Lego Darth Malgus
|player|p1|
