|j|☆Proc541
|j|☆rip bozo lol lmao
|html|Proc541rip bozo lol lmao    
|uhtml|bestof|Game 2 of a best-of-3
|t:|1757734596
|gametype|doubles
|player|p1|Proc541|102|1030
|player|p2|rip bozo lol lmao|miku-fairy|1107
|gen|9
|tier|[Gen 9] VGC 2025 Reg H (Bo3)
|rated|
|rule|Species Clause: Limit one of each Pokémon
|rule|Item Clause: Limit 1 of each item
|clearpoke
|poke|p1|Annihilape, L50, F|
|poke|p1|Garchomp, L50, F|
|poke|p1|Hydreigon, L50, M|
|poke|p1|Gholdengo, L50|
|poke|p1|Arcanine, L50, M|
|poke|p1|Clefairy, L50, F|
|poke|p2|Volcarona, L50, M|
|poke|p2|Basculegion, L50, M|
|poke|p2|Baxcalibur, L50, M|
|poke|p2|Rillaboom, L50, F|
|poke|p2|Sneasler, L50, M|
|poke|p2|Ninetales-Alola, L50, M|
|teampreview|4
|showteam|p1|Annihilape||SitrusBerry|Defiant|Protect,BulkUp,DrainPunch,RageFist|||F|||50|,,,,,Water]Garchomp||LifeOrb|RoughSkin|Protect,StompingTantrum,DragonClaw,Earthquake|||F|||50|,,,,,Steel]Hydreigon||ChoiceSpecs|Levitate|HeatWave,Snarl,DarkPulse,DracoMeteor|||M|||50|,,,,,Fire]Gholdengo||MetalCoat|GoodasGold|Protect,NastyPlot,ShadowBall,MakeItRain||||||50|,,,,,Steel]Arcanine||SafetyGoggles|Intimidate|ExtremeSpeed,FlareBlitz,WillOWisp,Protect|||M|||50|,,,,,Fire]Clefairy||Eviolite|FriendGuard|Protect,FollowMe,SunnyDay,Moonblast|||F|||50|,,,,,Water
|showteam|p2|Volcarona||Leftovers|FlameBody|FieryDance,GigaDrain,QuiverDance,Protect|||M|||50|,,,,,Grass]Basculegion||ChoiceScarf|Adaptability|WaveCrash,LastRespects,FlipTurn,AquaJet|||M|||50|,,,,,Water]Baxcalibur||LoadedDice|ThermalExchange|IcicleSpear,ScaleShot,IceShard,Protect|||M|||50|,,,,,Ghost]Rillaboom||AssaultVest|GrassySurge|GrassyGlide,FakeOut,WoodHammer,Uturn|||F|||50|,,,,,Fire]Sneasler||WhiteHerb|Unburden|DireClaw,CloseCombat,Coaching,Protect|||M|||50|,,,,,Ghost]Ninetales-Alola||CovertCloak|SnowWarning|Blizzard,AuroraVeil,Encore,Protect|||M|||50|,,,,,Water
|j| yangxin19881211
|inactive|Battle timer is ON: inactive players will automatically lose when time's up. (requested by rip bozo lol lmao)
|
|t:|1757734628
|teamsize|p1|4
|teamsize|p2|4
|start
|switch|p1a: Clefairy|Clefairy, L50, F|100/100
|switch|p1b: Hydreigon|Hydreigon, L50, M|100/100
|switch|p2a: A strong fellow|Baxcalibur, L50, M|100/100
|switch|p2b: I'm sorry.|Sneasler, L50, M|100/100
|turn|1
|inactive|rip bozo lol lmao has 30 seconds left.
|inactive|Proc541 has 30 seconds left.
|inactive|rip bozo lol lmao has 20 seconds left.
|
|t:|1757734664
|-terastallize|p1b: Hydreigon|Fire
|move|p2a: A strong fellow|Protect|p2a: A strong fellow
|-singleturn|p2a: A strong fellow|Protect
|move|p1a: Clefairy|Protect|p1a: Clefairy
|-singleturn|p1a: Clefairy|Protect
|move|p2b: I'm sorry.|Close Combat|p1b: Hydreigon
|-damage|p1b: Hydreigon|43/100
|-unboost|p2b: I'm sorry.|def|1
|-unboost|p2b: I'm sorry.|spd|1
|-enditem|p2b: I'm sorry.|White Herb
|-clearnegativeboost|p2b: I'm sorry.|[silent]
|move|p1b: Hydreigon|Snarl|p2b: I'm sorry.|[spread] p2b
|-activate|p2a: A strong fellow|move: Protect
|-resisted|p2b: I'm sorry.
|-damage|p2b: I'm sorry.|77/100
|-unboost|p2b: I'm sorry.|spa|1
|
|upkeep
|turn|2
|
|t:|1757734685
|move|p1a: Clefairy|Follow Me|p1a: Clefairy
|-singleturn|p1a: Clefairy|move: Follow Me
|move|p2b: I'm sorry.|Coaching|p2a: A strong fellow
|-boost|p2a: A strong fellow|atk|1
|-boost|p2a: A strong fellow|def|1
|move|p1b: Hydreigon|Snarl|p2a: A strong fellow|[spread] p2a,p2b
|-resisted|p2b: I'm sorry.
|-crit|p2b: I'm sorry.
|-damage|p2a: A strong fellow|62/100
|-damage|p2b: I'm sorry.|39/100
|-unboost|p2a: A strong fellow|spa|1
|-unboost|p2b: I'm sorry.|spa|1
|move|p2a: A strong fellow|Icicle Spear|p1a: Clefairy
|-damage|p1a: Clefairy|85/100
|-damage|p1a: Clefairy|65/100
|-damage|p1a: Clefairy|49/100
|-damage|p1a: Clefairy|30/100
|-hitcount|p1a: Clefairy|4
|
|upkeep
|turn|3
|
|t:|1757734707
|switch|p1a: Gholdengo|Gholdengo, L50|100/100
|move|p2b: I'm sorry.|Dire Claw|p1a: Gholdengo
|-immune|p1a: Gholdengo
|move|p1b: Hydreigon|Snarl|p2a: A strong fellow|[spread] p2a,p2b
|-resisted|p2b: I'm sorry.
|-damage|p2a: A strong fellow|24/100
|-damage|p2b: I'm sorry.|14/100
|-unboost|p2a: A strong fellow|spa|1
|-unboost|p2b: I'm sorry.|spa|1
|move|p2a: A strong fellow|Scale Shot|p1b: Hydreigon
|-damage|p1b: Hydreigon|15/100
|-damage|p1b: Hydreigon|0 fnt
|faint|p1b: Hydreigon
|-hitcount|p1: Hydreigon|2
|-unboost|p2a: A strong fellow|def|1
|-boost|p2a: A strong fellow|spe|1
|
|upkeep
|l| yangxin19881211
|
|t:|1757734726
|switch|p1b: Arcanine|Arcanine, L50, M|100/100
|-ability|p1b: Arcanine|Intimidate|boost
|-unboost|p2a: A strong fellow|atk|1
|-unboost|p2b: I'm sorry.|atk|1
|turn|4
|
|t:|1757734744
|move|p2a: A strong fellow|Protect|p2a: A strong fellow
|-singleturn|p2a: A strong fellow|Protect
|move|p1a: Gholdengo|Protect|p1a: Gholdengo
|-singleturn|p1a: Gholdengo|Protect
|move|p2b: I'm sorry.|Coaching|p2a: A strong fellow
|-boost|p2a: A strong fellow|atk|1
|-boost|p2a: A strong fellow|def|1
|move|p1b: Arcanine|Flare Blitz|p2b: I'm sorry.
|-damage|p2b: I'm sorry.|0 fnt
|faint|p2b: I'm sorry.
|-damage|p1b: Arcanine|96/100|[from] Recoil
|
|upkeep
|
|t:|1757734756
|switch|p2b: Oceangate Titan|Basculegion, L50, M|100/100
|turn|5
|
|t:|1757734779
|-terastallize|p2b: Oceangate Titan|Water
|move|p1b: Arcanine|Extreme Speed|p2a: A strong fellow
|-damage|p2a: A strong fellow|8/100
|move|p2a: A strong fellow|Scale Shot|p1a: Gholdengo
|-resisted|p1a: Gholdengo
|-damage|p1a: Gholdengo|88/100
|-resisted|p1a: Gholdengo
|-damage|p1a: Gholdengo|75/100
|-resisted|p1a: Gholdengo
|-damage|p1a: Gholdengo|61/100
|-resisted|p1a: Gholdengo
|-crit|p1a: Gholdengo
|-damage|p1a: Gholdengo|42/100
|-hitcount|p1a: Gholdengo|4
|-unboost|p2a: A strong fellow|def|1
|-boost|p2a: A strong fellow|spe|1
|move|p2b: Oceangate Titan|Flip Turn|p1a: Gholdengo
|-damage|p1a: Gholdengo|0 fnt
|faint|p1a: Gholdengo
|
|t:|1757734796
|switch|p2b: Ninetales-She/They|Ninetales-Alola, L50, M|100/100|[from] Flip Turn
|-weather|Snowscape|[from] ability: Snow Warning|[of] p2b: Ninetales-She/They
|
|-weather|Snowscape|[upkeep]
|upkeep
|
|t:|1757734801
|switch|p1a: Clefairy|Clefairy, L50, F|30/100
|turn|6
|
|t:|1757734808
|move|p2a: A strong fellow|Protect|p2a: A strong fellow
|-singleturn|p2a: A strong fellow|Protect
|move|p1b: Arcanine|Extreme Speed|p2a: A strong fellow
|-activate|p2a: A strong fellow|move: Protect
|move|p2b: Ninetales-She/They|Aurora Veil|p2b: Ninetales-She/They
|-sidestart|p2: rip bozo lol lmao|move: Aurora Veil
|move|p1a: Clefairy|Sunny Day|p1a: Clefairy
|-weather|SunnyDay
|
|-weather|SunnyDay|[upkeep]
|upkeep
|turn|7
|
|t:|1757734822
|switch|p2b: Oceangate Titan|Basculegion, L50, M, tera:Water|100/100
|move|p2a: A strong fellow|Ice Shard|p1a: Clefairy
|-damage|p1a: Clefairy|3/100
|move|p1b: Arcanine|Flare Blitz|p2b: Oceangate Titan
|-resisted|p2b: Oceangate Titan
|-damage|p2b: Oceangate Titan|68/100
|-damage|p1b: Arcanine|84/100|[from] Recoil
|move|p1a: Clefairy|Moonblast|p2a: A strong fellow
|-supereffective|p2a: A strong fellow
|-damage|p2a: A strong fellow|0 fnt
|faint|p2a: A strong fellow
|
|-weather|SunnyDay|[upkeep]
|upkeep
|
|t:|1757734826
|switch|p2a: Ninetales-She/They|Ninetales-Alola, L50, M|100/100
|-weather|Snowscape|[from] ability: Snow Warning|[of] p2a: Ninetales-She/They
|turn|8
|
|t:|1757734843
|move|p1a: Clefairy|Protect|p1a: Clefairy
|-singleturn|p1a: Clefairy|Protect
|move|p2b: Oceangate Titan|Wave Crash|p1b: Arcanine
|-supereffective|p1b: Arcanine
|-damage|p1b: Arcanine|0 fnt
|faint|p1b: Arcanine
|-damage|p2b: Oceangate Titan|45/100|[from] Recoil
|move|p2a: Ninetales-She/They|Blizzard|p1a: Clefairy
|-activate|p1a: Clefairy|move: Protect
|
|-weather|Snowscape|[upkeep]
|upkeep
|turn|9
|
|t:|1757734856
|move|p1a: Clefairy|Follow Me|p1a: Clefairy
|-singleturn|p1a: Clefairy|move: Follow Me
|move|p2b: Oceangate Titan|Wave Crash|p1a: Clefairy
|-damage|p1a: Clefairy|0 fnt
|faint|p1a: Clefairy
|-damage|p2b: Oceangate Titan|45/100|[from] Recoil
|
|win|rip bozo lol lmao
||Proc541 is ready for game 3.
|inactive|rip bozo lol lmao has 30 seconds to confirm battle start!
