|j|☆prod_axel
|j|☆cjvaldez
|html|prod_axelcjvaldez    
|uhtml|bestof|Game 2 of a best-of-3
|t:|1782232769
|gametype|doubles
|player|p1|prod_axel|unknown|1112
|player|p2|cjvaldez|aaron|1129
|gen|9
|tier|[Gen 9 Champions] VGC 2026 Reg M-B (Bo3)
|rated|
|rule|Species Clause: Limit one of each Pokémon
|rule|Item Clause: Limit 1 of each item
|clearpoke
|poke|p1|Delphox, L50, F|
|poke|p1|Floette-Eternal, L50, F|
|poke|p1|Kingambit, L50, M|
|poke|p1|Sneasler, L50, F|
|poke|p1|Incineroar, L50, F|
|poke|p1|Sinistcha, L50|
|poke|p2|Pyroar, L50, F|
|poke|p2|Ninetales, L50, M|
|poke|p2|Whimsicott, L50, M|
|poke|p2|Basculegion, L50, M|
|poke|p2|Farigiraf, L50, M|
|poke|p2|Dragalge, L50, F|
|teampreview|4
|showteam|p1|Delphox||Delphoxite|Blaze|HeatWave,Psyshock,NastyPlot,Protect|Timid||F|||50|]Floette-Eternal||Floettite|FlowerVeil|Moonblast,DazzlingGleam,CalmMind,Protect|Modest||F|||50|]Kingambit||BlackGlasses|Defiant|KowtowCleave,SuckerPunch,SwordsDance,Protect|Adamant||M|||50|]Sneasler||FocusSash|PoisonTouch|FakeOut,CloseCombat,DireClaw,QuickGuard|Jolly||F|||50|]Incineroar||SitrusBerry|Intimidate|PartingShot,FlareBlitz,ThroatChop,FakeOut|Impish||F|||50|]Sinistcha||KasibBerry|Hospitality|RagePowder,MatchaGotcha,TrickRoom,Protect|Bold|||||50|
|showteam|p2|Pyroar||Pyroarite|Unnerve|HeatWave,Overheat,SolarBeam,Protect|Modest||F|||50|]Ninetales||ChoiceScarf|Drought|FakeTears,SolarBeam,Overheat,HeatWave|Modest||M|||50|]Whimsicott||FocusSash|Prankster|Moonblast,Tailwind,SunnyDay,Protect|Timid||M|||50|]Basculegion||LifeOrb|Adaptability|WaveCrash,LastRespects,AquaJet,Protect|Adamant||M|||50|]Farigiraf||SitrusBerry|ArmorTail|Psychic,Thunderbolt,TrickRoom,HelpingHand|Quiet||M|||50|]Dragalge||Dragalgite|Adaptability|DracoMeteor,SludgeBomb,Protect,AcidArmor|Modest||F|||50|
|inactive|Battle timer is ON: inactive players will automatically lose when time's up. (requested by prod_axel)
|
|t:|1782232796
|teamsize|p1|4
|teamsize|p2|4
|start
|switch|p1a: Delphox|Delphox, L50, F|100/100
|switch|p1b: Incineroar|Incineroar, L50, F|100/100
|switch|p2a: Pyroar|Pyroar, L50, F|100/100
|switch|p2b: Ninetales|Ninetales, L50, M|100/100
|-ability|p2a: Pyroar|Unnerve
|-weather|SunnyDay|[from] ability: Drought|[of] p2b: Ninetales
|-ability|p1b: Incineroar|Intimidate|boost
|-unboost|p2a: Pyroar|atk|1
|-unboost|p2b: Ninetales|atk|1
|turn|1
|
|t:|1782232814
|switch|p2b: Farigiraf|Farigiraf, L50, M|100/100
|detailschange|p2a: Pyroar|Pyroar-Mega, L50, F
|-mega|p2a: Pyroar|Pyroar|Pyroarite
|detailschange|p1a: Delphox|Delphox-Mega, L50, F
|-mega|p1a: Delphox|Delphox|Delphoxite
|move|p1b: Incineroar|Fake Out||[still]
|cant|p2b: Farigiraf|ability: Armor Tail|Fake Out|[of] p1b: Incineroar
|move|p1a: Delphox|Nasty Plot|p1a: Delphox
|-boost|p1a: Delphox|spa|2
|move|p2a: Pyroar|Heat Wave|p1b: Incineroar|[spread] p1a,p1b
|-resisted|p1a: Delphox|1
|-crit|p1a: Delphox
|-resisted|p1b: Incineroar|1
|-damage|p1a: Delphox|48/100
|-damage|p1b: Incineroar|64/100
|
|-weather|SunnyDay|[upkeep]
|upkeep
|turn|2
|
|t:|1782232835
|move|p2a: Pyroar|Protect|p2a: Pyroar
|-singleturn|p2a: Pyroar|Protect
|move|p1a: Delphox|Psyshock|p2a: Pyroar
|-activate|p2a: Pyroar|move: Protect
|move|p1b: Incineroar|Throat Chop|p2b: Farigiraf
|-supereffective|p2b: Farigiraf|1
|-damage|p2b: Farigiraf|33/100
|-start|p2b: Farigiraf|Throat Chop|[silent]
|-enditem|p2b: Farigiraf|Sitrus Berry|[eat]
|-heal|p2b: Farigiraf|58/100|[from] item: Sitrus Berry
|move|p2b: Farigiraf|Trick Room|p2b: Farigiraf
|-fieldstart|move: Trick Room|[of] p2b: Farigiraf
|
|-weather|SunnyDay|[upkeep]
|upkeep
|turn|3
|
|t:|1782232852
|move|p2b: Farigiraf|Helping Hand|p2a: Pyroar
|-singleturn|p2a: Pyroar|Helping Hand|[of] p2b: Farigiraf
|move|p1b: Incineroar|Parting Shot|p2a: Pyroar
|-unboost|p2a: Pyroar|atk|1
|-unboost|p2a: Pyroar|spa|1
|
|t:|1782232858
|switch|p1b: Sinistcha|Sinistcha, L50|100/100|[from] Parting Shot
|-heal|p1a: Delphox|72/100|[from] ability: Hospitality|[of] p1b: Sinistcha
|move|p2a: Pyroar|Heat Wave|p1b: Sinistcha|[spread] p1b
|-miss|p2a: Pyroar|p1a: Delphox
|-supereffective|p1b: Sinistcha|1
|-damage|p1b: Sinistcha|0 fnt
|faint|p1b: Sinistcha
|move|p1a: Delphox|Psyshock|p2a: Pyroar
|-damage|p2a: Pyroar|1/100
|
|-weather|SunnyDay|[upkeep]
|-end|p2b: Farigiraf|Throat Chop|[silent]
|upkeep
|
|t:|1782232878
|switch|p1b: Kingambit|Kingambit, L50, M|100/100
|turn|4
|
|t:|1782232889
|move|p2a: Pyroar|Protect|p2a: Pyroar
|-singleturn|p2a: Pyroar|Protect
|move|p1b: Kingambit|Kowtow Cleave|p2a: Pyroar
|-activate|p2a: Pyroar|move: Protect
|move|p1a: Delphox|Psyshock|p2b: Farigiraf
|-resisted|p2b: Farigiraf|1
|-damage|p2b: Farigiraf|14/100
|move|p2b: Farigiraf|Trick Room|p2b: Farigiraf
|-fieldend|move: Trick Room
|
|-weather|SunnyDay|[upkeep]
|upkeep
|turn|5
|inactive|cjvaldez has 30 seconds left.
|
|t:|1782232920
|switch|p2b: Ninetales|Ninetales, L50, M|100/100
|move|p1a: Delphox|Heat Wave|p2b: Ninetales|[spread] p2a,p2b
|-resisted|p2a: Pyroar|1
|-resisted|p2b: Ninetales|1
|-damage|p2a: Pyroar|0 fnt
|-damage|p2b: Ninetales|33/100
|faint|p2a: Pyroar
|move|p1b: Kingambit|Kowtow Cleave|p2b: Ninetales
|-damage|p2b: Ninetales|0 fnt
|faint|p2b: Ninetales
|
|-weather|none
|upkeep
|
|t:|1782232923
|switch|p2a: Whimsicott|Whimsicott, L50, M|100/100
|switch|p2b: Farigiraf|Farigiraf, L50, M|14/100
|turn|6
|
|t:|1782232939
|move|p2b: Farigiraf|Helping Hand|p2a: Whimsicott
|-singleturn|p2a: Whimsicott|Helping Hand|[of] p2b: Farigiraf
|move|p2a: Whimsicott|Moonblast|p1b: Kingambit
|-damage|p1b: Kingambit|47/100
|move|p1a: Delphox|Heat Wave|p2b: Farigiraf|[spread] p2a,p2b
|-supereffective|p2a: Whimsicott|1
|-enditem|p2a: Whimsicott|Focus Sash
|-damage|p2a: Whimsicott|1/100
|-damage|p2b: Farigiraf|0 fnt
|-status|p2a: Whimsicott|brn
|faint|p2b: Farigiraf
|move|p1b: Kingambit|Kowtow Cleave|p2a: Whimsicott
|-resisted|p2a: Whimsicott|1
|-damage|p2a: Whimsicott|0 fnt
|faint|p2a: Whimsicott
|
|win|prod_axel
||cjvaldez is ready for game 3.
|l|☆cjvaldez
|player|p2|
