|j|☆Kunojan
|j|☆Comeonbruv
|html|KunojanComeonbruv    
|uhtml|bestof|Game 2 of a best-of-3
|t:|1783486319
|gametype|doubles
|player|p1|Kunojan|depotagent|1072
|player|p2|Comeonbruv|youngster|1130
|gen|9
|tier|[Gen 9 Champions] VGC 2026 Reg M-B (Bo3)
|rated|
|rule|Species Clause: Limit one of each Pokémon
|rule|Item Clause: Limit 1 of each item
|clearpoke
|poke|p1|Incineroar, L50, M|
|poke|p1|Clefable, L50, M|
|poke|p1|Sableye, L50, F, shiny|
|poke|p1|Sinistcha, L50|
|poke|p1|Talonflame, L50, F|
|poke|p1|Delphox, L50, F, shiny|
|poke|p2|Sceptile, L50, F|
|poke|p2|Infernape, L50, M|
|poke|p2|Blastoise, L50, M|
|poke|p2|Empoleon, L50, F|
|poke|p2|Venusaur, L50, F|
|poke|p2|Charizard, L50, M, shiny|
|teampreview|4
|showteam|p1|Incineroar||SitrusBerry|Intimidate|CloseCombat,Roar,PartingShot,FakeOut|Careful||M|||50|]Clefable||KebiaBerry|Unaware|Moonblast,HelpingHand,FollowMe,Protect|Bold||M|||50|]Sableye||RoseliBerry|Prankster|ThunderWave,Encore,SunnyDay,FakeOut|Calm||F|||50|]Sinistcha||FocusSash|Hospitality|MatchaGotcha,StrengthSap,RagePowder,Protect|Bold|||||50|]Talonflame|||GaleWings|Acrobatics,QuickGuard,Tailwind,Protect|Serious||F|||50|]Delphox||Delphoxite|Blaze|HeatWave,Psychic,NastyPlot,Protect|Timid||F|||50|
|showteam|p2|Sceptile||WhiteHerb|Overgrow|LeafStorm,DragonPulse,Protect,Detect|Timid||F|||50|]Infernape||LifeOrb|IronFist|FakeOut,CloseCombat,Protect,FlareBlitz|Jolly||M|||50|]Blastoise||ShellBell|Torrent|WaterPulse,IceBeam,AuraSphere,DarkPulse|Modest||M|||50|]Empoleon||Leftovers|Competitive|HydroPump,FlashCannon,IcyWind,Protect|Modest||F|||50|]Venusaur||FocusSash|Chlorophyll|SludgeBomb,Protect,SleepPowder,GigaDrain|Modest||F|||50|]Charizard||CharizarditeY|Blaze|HeatWave,SolarBeam,Protect,Overheat|Timid||M|||50|
|inactive|Battle timer is ON: inactive players will automatically lose when time's up. (requested by Comeonbruv)
|inactive|Kunojan has 60 seconds left.
|
|t:|1783486353
|teamsize|p1|4
|teamsize|p2|4
|start
|switch|p1a: Incineroar|Incineroar, L50, M|100/100
|switch|p1b: Delphox|Delphox, L50, F, shiny|100/100
|switch|p2a: El Padrino|Empoleon, L50, F|100/100
|switch|p2b: Mono|Infernape, L50, M|100/100
|-ability|p1a: Incineroar|Intimidate|boost
|-unboost|p2a: El Padrino|atk|1
|-ability|p2a: El Padrino|Competitive|boost
|-boost|p2a: El Padrino|spa|2
|-unboost|p2b: Mono|atk|1
|turn|1
|
|t:|1783486370
|switch|p1a: Sableye|Sableye, L50, F, shiny|100/100
|detailschange|p1b: Delphox|Delphox-Mega, L50, F, shiny
|-mega|p1b: Delphox|Delphox|Delphoxite
|move|p1b: Delphox|Protect|p1b: Delphox
|-singleturn|p1b: Delphox|Protect
|move|p2b: Mono|Fake Out|p1a: Sableye
|-immune|p1a: Sableye
|move|p2a: El Padrino|Icy Wind|p1a: Sableye|[spread] p1a
|-activate|p1b: Delphox|move: Protect
|-damage|p1a: Sableye|68/100
|-unboost|p1a: Sableye|spe|1
|
|upkeep
|turn|2
|
|t:|1783486387
|move|p1a: Sableye|Fake Out|p2a: El Padrino
|-resisted|p2a: El Padrino|1
|-damage|p2a: El Padrino|96/100
|move|p1b: Delphox|Nasty Plot|p1b: Delphox
|-boost|p1b: Delphox|spa|2
|move|p2b: Mono|Flare Blitz|p1a: Sableye
|-damage|p1a: Sableye|10/100
|-damage|p2b: Mono|80/100|[from] Recoil
|-damage|p2b: Mono|70/100|[from] item: Life Orb
|cant|p2a: El Padrino|flinch
|
|-heal|p2a: El Padrino|100/100|[from] item: Leftovers
|upkeep
|turn|3
|inactive|Comeonbruv has 30 seconds left.
|inactive|Comeonbruv has 20 seconds left.
|inactive|Comeonbruv has 15 seconds left.
|inactive|Comeonbruv has 10 seconds left.
|
|t:|1783486434
|switch|p1a: Incineroar|Incineroar, L50, M|100/100
|-ability|p1a: Incineroar|Intimidate|boost
|-unboost|p2a: El Padrino|atk|1
|-ability|p2a: El Padrino|Competitive|boost
|-boost|p2a: El Padrino|spa|2
|-unboost|p2b: Mono|atk|1
|move|p1b: Delphox|Protect|p1b: Delphox
|-singleturn|p1b: Delphox|Protect
|move|p2b: Mono|Protect|p2b: Mono
|-singleturn|p2b: Mono|Protect
|move|p2a: El Padrino|Icy Wind|p1b: Delphox|[spread] p1a
|-activate|p1b: Delphox|move: Protect
|-resisted|p1a: Incineroar|1
|-damage|p1a: Incineroar|85/100
|-unboost|p1a: Incineroar|spe|1
|
|upkeep
|turn|4
|inactive|Comeonbruv has 30 seconds left.
|inactive|Comeonbruv has 20 seconds left.
|inactive|Comeonbruv has 15 seconds left.
|inactive|Comeonbruv has 10 seconds left.
|
|t:|1783486481
|switch|p2b: Chorizo|Charizard, L50, M, shiny|100/100
|move|p1a: Incineroar|Fake Out|p2a: El Padrino
|-resisted|p2a: El Padrino|1
|-damage|p2a: El Padrino|95/100
|move|p1b: Delphox|Nasty Plot|p1b: Delphox
|-boost|p1b: Delphox|spa|2
|cant|p2a: El Padrino|flinch
|
|-heal|p2a: El Padrino|100/100|[from] item: Leftovers
|upkeep
|turn|5
|inactive|Kunojan has 30 seconds left.
|inactive|Comeonbruv has 30 seconds left.
|inactive|Comeonbruv has 20 seconds left.
|inactive|Comeonbruv has 15 seconds left.
|
|t:|1783486524
|switch|p1a: Sableye|Sableye, L50, F, shiny|10/100
|detailschange|p2b: Chorizo|Charizard-Mega-Y, L50, M, shiny
|-mega|p2b: Chorizo|Charizard|Charizardite Y
|-weather|SunnyDay|[from] ability: Drought|[of] p2b: Chorizo
|move|p1b: Delphox|Protect|p1b: Delphox
|-singleturn|p1b: Delphox|Protect
|move|p2b: Chorizo|Heat Wave|p1b: Delphox|[spread] p1a
|-activate|p1b: Delphox|move: Protect
|-damage|p1a: Sableye|0 fnt
|faint|p1a: Sableye
|move|p2a: El Padrino|Icy Wind|p1b: Delphox
|-activate|p1b: Delphox|move: Protect
|
|-weather|SunnyDay|[upkeep]
|upkeep
|
|t:|1783486538
|switch|p1a: Clefable|Clefable, L50, M|100/100
|turn|6
|
|t:|1783486550
|move|p1a: Clefable|Helping Hand|p1b: Delphox
|-singleturn|p1b: Delphox|Helping Hand|[of] p1a: Clefable
|move|p1b: Delphox|Heat Wave|p2a: El Padrino|[spread] p2a,p2b
|-resisted|p2b: Chorizo|1
|-damage|p2a: El Padrino|0 fnt
|-damage|p2b: Chorizo|0 fnt
|faint|p2a: El Padrino
|faint|p2b: Chorizo
|
|-weather|SunnyDay|[upkeep]
|upkeep
|
|t:|1783486556
|switch|p2b: Gloria|Venusaur, L50, F|100/100
|switch|p2a: Mono|Infernape, L50, M|70/100
|turn|7
|
|t:|1783486571
|move|p1b: Delphox|Protect|p1b: Delphox
|-singleturn|p1b: Delphox|Protect
|move|p1a: Clefable|Protect|p1a: Clefable
|-singleturn|p1a: Clefable|Protect
|move|p2a: Mono|Fake Out|p1a: Clefable
|-activate|p1a: Clefable|move: Protect
|move|p2b: Gloria|Sleep Powder|p1a: Clefable
|-activate|p1a: Clefable|move: Protect
|
|-weather|SunnyDay|[upkeep]
|upkeep
|turn|8
|
|t:|1783486584
|move|p2a: Mono|Protect|p2a: Mono
|-singleturn|p2a: Mono|Protect
|move|p1a: Clefable|Follow Me|p1a: Clefable
|-singleturn|p1a: Clefable|move: Follow Me
|move|p2b: Gloria|Sleep Powder|p1a: Clefable
|-status|p1a: Clefable|slp|[from] move: Sleep Powder
|move|p1b: Delphox|Psychic|p2b: Gloria
|-supereffective|p2b: Gloria|1
|-enditem|p2b: Gloria|Focus Sash
|-damage|p2b: Gloria|1/100
|-unboost|p2b: Gloria|spd|1
|
|-weather|SunnyDay|[upkeep]
|upkeep
|turn|9
|
|t:|1783486607
|move|p1b: Delphox|Protect|p1b: Delphox
|-singleturn|p1b: Delphox|Protect
|move|p2b: Gloria|Sleep Powder|p1b: Delphox
|-activate|p1b: Delphox|move: Protect
|move|p2a: Mono|Flare Blitz|p1a: Clefable
|-damage|p1a: Clefable|14/100 slp
|-damage|p2a: Mono|33/100|[from] Recoil
|-damage|p2a: Mono|23/100|[from] item: Life Orb
|cant|p1a: Clefable|slp
|
|-weather|none
|upkeep
|turn|10
|
|t:|1783486621
|move|p2a: Mono|Protect|p2a: Mono
|-singleturn|p2a: Mono|Protect
|cant|p1a: Clefable|slp
|move|p1b: Delphox|Psychic|p2b: Gloria
|-supereffective|p2b: Gloria|1
|-damage|p2b: Gloria|0 fnt
|faint|p2b: Gloria
|
|upkeep
|turn|11
|
|t:|1783486630
|-curestatus|p1a: Clefable|slp|[msg]
|move|p1a: Clefable|Follow Me|p1a: Clefable
|-singleturn|p1a: Clefable|move: Follow Me
|move|p1b: Delphox|Psychic|p2a: Mono
|-supereffective|p2a: Mono|1
|-damage|p2a: Mono|0 fnt
|faint|p2a: Mono
|
|win|Kunojan
