|j|☆hinoky
|j|☆mrchris21
|html|hinokymrchris21    
|uhtml|bestof|Game 2 of a best-of-3
|t:|1785775756
|gametype|doubles
|player|p1|hinoky|wattson|1119
|player|p2|mrchris21|ethan|1112
|gen|9
|tier|[Gen 9 Champions] VGC 2026 Reg M-B (Bo3)
|rated|
|rule|Species Clause: Limit one of each Pokémon
|rule|Item Clause: Limit 1 of each item
|clearpoke
|poke|p1|Kingambit, L50, F|
|poke|p1|Glimmora, L50, M|
|poke|p1|Whimsicott, L50, F|
|poke|p1|Delphox, L50, M|
|poke|p1|Garchomp, L50, M|
|poke|p1|Staraptor, L50, M|
|poke|p2|Staraptor, L50, F|
|poke|p2|Vanilluxe, L50, F|
|poke|p2|Farigiraf, L50, M|
|poke|p2|Blastoise, L50, F|
|poke|p2|Kingambit, L50, M|
|poke|p2|Camerupt, L50, M|
|teampreview|4
|showteam|p1|Kingambit||ChopleBerry|Defiant|SuckerPunch,KowtowCleave,IronHead,LowKick|Adamant||F|||50|]Glimmora||FocusSash|ToxicDebris|SludgeBomb,PowerGem,EarthPower,SpikyShield|Timid||M|||50|]Whimsicott||OccaBerry|Prankster|Moonblast,Tailwind,Charm,Protect|Timid||F|||50|]Delphox||Delphoxite|Blaze|HeatWave,Psyshock,Substitute,Protect|Modest||M|||50|]Garchomp||LifeOrb|RoughSkin|DragonClaw,Earthquake,RockSlide,Protect|Jolly||M|||50|]Staraptor||Staraptite|Intimidate|BraveBird,CloseCombat,Roost,Protect|Jolly||M|||50|
|showteam|p2|Staraptor||ChoiceScarf|Intimidate|FinalGambit,BraveBird,CloseCombat,Uturn|Jolly||F|||50|]Vanilluxe||NeverMeltIce|SnowWarning|Blizzard,FreezeDry,Protect,IceShard|Quiet||F|||50|]Farigiraf||SitrusBerry|ArmorTail|PsychicFangs,HyperVoice,HelpingHand,TrickRoom|Relaxed||M|||50|]Blastoise||Blastoisinite|RainDish|FakeOut,WaterSpout,AuraSphere,DarkPulse|Quiet||F|||50|]Kingambit||LifeOrb|Defiant|KowtowCleave,IronHead,Protect,SuckerPunch|Brave||M|||50|]Camerupt||Cameruptite|SolidRock|HeatWave,EarthPower,Protect,AncientPower|Quiet||M|||50|
|inactive|Battle timer is ON: inactive players will automatically lose when time's up. (requested by mrchris21)
|
|t:|1785775786
|teamsize|p1|4
|teamsize|p2|4
|start
|switch|p1a: Kingambit|Kingambit, L50, F|100/100
|switch|p1b: Glimmora|Glimmora, L50, M|100/100
|switch|p2a: Blastoise|Blastoise, L50, F|100/100
|switch|p2b: Farigiraf|Farigiraf, L50, M|100/100
|turn|1
|inactive|hinoky has 30 seconds left.
|inactive|hinoky has 20 seconds left.
|
|t:|1785775822
|move|p2a: Blastoise|Fake Out|p1a: Kingambit
|-resisted|p1a: Kingambit|1
|-damage|p1a: Kingambit|97/100
|move|p1b: Glimmora|Power Gem|p2b: Farigiraf
|-damage|p2b: Farigiraf|64/100
|cant|p1a: Kingambit|flinch
|move|p2b: Farigiraf|Trick Room|p2b: Farigiraf
|-fieldstart|move: Trick Room|[of] p2b: Farigiraf
|
|upkeep
|turn|2
|inactive|hinoky has 30 seconds left.
|
|t:|1785775853
|move|p2b: Farigiraf|Helping Hand|p2a: Blastoise
|-singleturn|p2a: Blastoise|Helping Hand|[of] p2b: Farigiraf
|move|p1a: Kingambit|Kowtow Cleave|p2b: Farigiraf
|-supereffective|p2b: Farigiraf|1
|-damage|p2b: Farigiraf|0 fnt
|faint|p2b: Farigiraf
|move|p2a: Blastoise|Aura Sphere|p1a: Kingambit
|-supereffective|p1a: Kingambit|2
|-enditem|p1a: Kingambit|Chople Berry|[eat]
|-enditem|p1a: Kingambit|Chople Berry|[weaken]
|-damage|p1a: Kingambit|39/100
|move|p1b: Glimmora|Sludge Bomb|p2a: Blastoise
|-damage|p2a: Blastoise|59/100
|
|upkeep
|
|t:|1785775868
|switch|p2b: Camerupt|Camerupt, L50, M|100/100
|turn|3
|
|t:|1785775887
|detailschange|p2b: Camerupt|Camerupt-Mega, L50, M
|-mega|p2b: Camerupt|Camerupt|Cameruptite
|move|p1a: Kingambit|Sucker Punch|p2a: Blastoise
|-damage|p2a: Blastoise|23/100
|move|p2b: Camerupt|Heat Wave|p1b: Glimmora|[spread] p1a,p1b
|-supereffective|p1a: Kingambit|1
|-resisted|p1b: Glimmora|1
|-damage|p1a: Kingambit|0 fnt
|-damage|p1b: Glimmora|64/100
|faint|p1a: Kingambit
|move|p2a: Blastoise|Water Spout|p1b: Glimmora
|-supereffective|p1b: Glimmora|1
|-damage|p1b: Glimmora|25/100
|move|p1b: Glimmora|Earth Power|p2b: Camerupt
|-supereffective|p2b: Camerupt|1
|-damage|p2b: Camerupt|42/100
|
|upkeep
|
|t:|1785775902
|switch|p1a: Garchomp|Garchomp, L50, M|100/100
|turn|4
|
|t:|1785775925
|move|p2b: Camerupt|Protect|p2b: Camerupt
|-singleturn|p2b: Camerupt|Protect
|move|p2a: Blastoise|Dark Pulse|p1b: Glimmora
|-damage|p1b: Glimmora|0 fnt
|faint|p1b: Glimmora
|move|p1a: Garchomp|Earthquake|p2b: Camerupt|[spread] p2a
|-activate|p2b: Camerupt|move: Protect
|-damage|p2a: Blastoise|0 fnt
|faint|p2a: Blastoise
|-damage|p1a: Garchomp|90/100|[from] item: Life Orb
|
|upkeep
|
|t:|1785775937
|switch|p2a: Vanilluxe|Vanilluxe, L50, F|100/100
|switch|p1b: Staraptor|Staraptor, L50, M|100/100
|-weather|Snowscape|[from] ability: Snow Warning|[of] p2a: Vanilluxe
|-ability|p1b: Staraptor|Intimidate|boost
|-unboost|p2a: Vanilluxe|atk|1
|-unboost|p2b: Camerupt|atk|1
|turn|5
|
|t:|1785775946
|detailschange|p1b: Staraptor|Staraptor-Mega, L50, M
|-mega|p1b: Staraptor|Staraptor|Staraptite
|move|p1a: Garchomp|Protect|p1a: Garchomp
|-singleturn|p1a: Garchomp|Protect
|move|p1b: Staraptor|Protect|p1b: Staraptor
|-singleturn|p1b: Staraptor|Protect
|move|p2b: Camerupt|Heat Wave|p1a: Garchomp|[spread] 
|-activate|p1a: Garchomp|move: Protect
|-activate|p1b: Staraptor|move: Protect
|move|p2a: Vanilluxe|Blizzard|p1b: Staraptor|[spread] 
|-activate|p1a: Garchomp|move: Protect
|-activate|p1b: Staraptor|move: Protect
|
|-weather|Snowscape|[upkeep]
|-fieldend|move: Trick Room
|upkeep
|turn|6
|
|t:|1785775965
|move|p1b: Staraptor|Close Combat|p2a: Vanilluxe
|-supereffective|p2a: Vanilluxe|1
|-damage|p2a: Vanilluxe|11/100
|-boost|p1b: Staraptor|def|1
|-boost|p1b: Staraptor|spd|1
|move|p1a: Garchomp|Earthquake|p2a: Vanilluxe|[spread] p2a,p2b
|-immune|p1b: Staraptor
|-supereffective|p2b: Camerupt|1
|-damage|p2a: Vanilluxe|0 fnt
|-damage|p2b: Camerupt|0 fnt
|faint|p2a: Vanilluxe
|faint|p2b: Camerupt
|-damage|p1a: Garchomp|80/100|[from] item: Life Orb
|
|win|hinoky
|raw|hinoky's rating: 1119 → 1143(+24 for winning)
|raw|mrchris21's rating: 1112 → 1088(-24 for losing)
|l|☆mrchris21
|player|p2|
