|j|☆GWMicroK
|j|☆legbiter
|html|GWMicroKlegbiter    
|uhtml|bestof|Game 2 of a best-of-3
|t:|1783620396
|gametype|doubles
|player|p1|GWMicroK|169|1082
|player|p2|legbiter|roxie|1000
|gen|9
|tier|[Gen 9 Champions] VGC 2026 Reg M-B (Bo3)
|rated|
|rule|Species Clause: Limit one of each Pokémon
|rule|Item Clause: Limit 1 of each item
|clearpoke
|poke|p1|Ditto, L50, shiny|
|poke|p1|Sinistcha-Masterpiece, L50, shiny|
|poke|p1|Pelipper, L50, F|
|poke|p1|Swampert, L50, M|
|poke|p1|Tyranitar, L50, F|
|poke|p1|Archaludon, L50, M|
|poke|p2|Annihilape, L50, M|
|poke|p2|Maushold, L50|
|poke|p2|Garchomp, L50, M|
|poke|p2|Ninetales-Alola, L50, M|
|poke|p2|Sinistcha, L50|
|poke|p2|Mawile, L50, M|
|teampreview|4
|showteam|p1|Ditto||QuickClaw|Imposter|Transform|Relaxed|||||50|]Sinistcha-Masterpiece||SitrusBerry|Hospitality|MatchaGotcha,TrickRoom,LifeDew,RagePowder|Bold|||||50|]Pelipper||FocusSash|Drizzle|WeatherBall,Hurricane,WideGuard,Tailwind|Timid||F|||50|]Swampert||Swampertite|Damp|WaveCrash,Earthquake,IcePunch,Protect|Adamant||M|||50|]Tyranitar||Tyranitarite|SandStream|KnockOff,RockSlide,DragonDance,Protect|Adamant||F|||50|]Archaludon||Leftovers|Stamina|DragonPulse,FlashCannon,ElectroShot,Protect|Modest||M|||50|
|showteam|p2|Annihilape||Leftovers|Defiant|RageFist,DrainPunch,BulkUp,Protect|Adamant||M|||50|]Maushold||ChopleBerry|FriendGuard|Feint,BeatUp,FollowMe,Protect|Impish|||||50|]Garchomp||LifeOrb|RoughSkin|DragonClaw,StompingTantrum,RockSlide,Protect|Adamant||M|||50|]Ninetales-Alola||NeverMeltIce|SnowWarning|Blizzard,IcyWind,FreezeDry,Protect|Timid||M|||50|]Sinistcha||SitrusBerry|Hospitality|MatchaGotcha,RagePowder,TrickRoom,Protect|Bold|||||50|]Mawile||Mawilite|HyperCutter|IronHead,PlayRough,SuckerPunch,Protect|Adamant||M|||50|
|
|t:|1783620432
|teamsize|p1|4
|teamsize|p2|4
|start
|switch|p1a: Archaludon|Archaludon, L50, M|100/100
|switch|p1b: Ditto|Ditto, L50, shiny|100/100
|switch|p2a: Mawile|Mawile, L50, M|100/100
|switch|p2b: Maushold|Maushold, L50|100/100
|-transform|p1b: Ditto|p2a: Mawile|[from] ability: Imposter
|turn|1
|inactive|Battle timer is ON: inactive players will automatically lose when time's up. (requested by GWMicroK)
|inactive|legbiter has 60 seconds left.
|
|t:|1783620475
|switch|p1b: Pelipper|Pelipper, L50, F|100/100
|-weather|RainDance|[from] ability: Drizzle|[of] p1b: Pelipper
|detailschange|p2a: Mawile|Mawile-Mega, L50, M
|-mega|p2a: Mawile|Mawile|Mawilite
|move|p2b: Maushold|Follow Me|p2b: Maushold
|-singleturn|p2b: Maushold|move: Follow Me
|move|p1a: Archaludon|Electro Shot||[still]
|-prepare|p1a: Archaludon|Electro Shot
|-boost|p1a: Archaludon|spa|1
|-anim|p1a: Archaludon|Electro Shot|p2b: Maushold
|-damage|p2b: Maushold|23/100
|move|p2a: Mawile|Iron Head|p1b: Pelipper
|-resisted|p1b: Pelipper|1
|-damage|p1b: Pelipper|51/100
|
|-weather|RainDance|[upkeep]
|upkeep
|turn|2
|inactive|GWMicroK has 30 seconds left.
|inactive|legbiter has 30 seconds left.
|inactive|legbiter has 20 seconds left.
|inactive|legbiter has 15 seconds left.
|inactive|legbiter has 10 seconds left.
|
|t:|1783620522
|switch|p1b: Ditto|Ditto, L50, shiny|100/100
|-transform|p1b: Ditto|p2a: Mawile|[from] ability: Imposter
|switch|p2a: Ninetales|Ninetales-Alola, L50, M|100/100
|-weather|Snowscape|[from] ability: Snow Warning|[of] p2a: Ninetales
|move|p2b: Maushold|Follow Me|p2b: Maushold
|-singleturn|p2b: Maushold|move: Follow Me
|move|p1a: Archaludon|Electro Shot||[still]
|-prepare|p1a: Archaludon|Electro Shot
|-boost|p1a: Archaludon|spa|1
|
|-weather|Snowscape|[upkeep]
|upkeep
|turn|3
|inactive|legbiter has 30 seconds left.
|
|t:|1783620552
|switch|p2b: Mawile|Mawile-Mega, L50, M|100/100
|move|p2a: Ninetales|Protect|p2a: Ninetales
|-singleturn|p2a: Ninetales|Protect
|move|p1a: Archaludon|Electro Shot|p2a: Ninetales|[from] lockedmove
|-activate|p2a: Ninetales|move: Protect
|move|p1b: Ditto|Iron Head|p2a: Ninetales
|-activate|p2a: Ninetales|move: Protect
|
|-weather|Snowscape|[upkeep]
|upkeep
|turn|4
|inactive|legbiter has 30 seconds left.
|
|t:|1783620587
|switch|p2a: Maushold|Maushold, L50|23/100
|move|p1a: Archaludon|Protect|p1a: Archaludon
|-singleturn|p1a: Archaludon|Protect
|move|p1b: Ditto|Iron Head|p2a: Maushold
|-damage|p2a: Maushold|0 fnt
|faint|p2a: Maushold
|move|p2b: Mawile|Play Rough|p1b: Ditto
|-resisted|p1b: Ditto|1
|-damage|p1b: Ditto|55/100
|
|-weather|Snowscape|[upkeep]
|upkeep
|
|t:|1783620600
|switch|p2a: Sinistcha|Sinistcha, L50|100/100
|turn|5
|
|t:|1783620623
|move|p1b: Ditto|Protect|p1b: Ditto
|-singleturn|p1b: Ditto|Protect
|move|p2a: Sinistcha|Rage Powder|p2a: Sinistcha
|-singleturn|p2a: Sinistcha|move: Rage Powder
|move|p2b: Mawile|Sucker Punch|p1a: Archaludon
|-damage|p1a: Archaludon|66/100
|-ability|p1a: Archaludon|Stamina|boost
|-boost|p1a: Archaludon|def|1
|move|p1a: Archaludon|Dragon Pulse|p2a: Sinistcha
|-damage|p2a: Sinistcha|23/100
|-enditem|p2a: Sinistcha|Sitrus Berry|[eat]
|-heal|p2a: Sinistcha|48/100|[from] item: Sitrus Berry
|
|-weather|Snowscape|[upkeep]
|-heal|p1a: Archaludon|72/100|[from] item: Leftovers
|upkeep
|turn|6
|inactive|GWMicroK has 30 seconds left.
|inactive|legbiter has 30 seconds left.
|inactive|legbiter has 20 seconds left.
|
|t:|1783620659
|move|p1a: Archaludon|Flash Cannon|p2b: Mawile
|-damage|p2b: Mawile|0 fnt
|faint|p2b: Mawile
|move|p2a: Sinistcha|Matcha Gotcha|p1a: Archaludon|[spread] p1a,p1b
|-resisted|p1a: Archaludon|2
|-resisted|p1b: Ditto|1
|-damage|p1a: Archaludon|65/100
|-heal|p2a: Sinistcha|52/100|[from] drain|[of] p1a: Archaludon
|-damage|p1b: Ditto|40/100
|-heal|p2a: Sinistcha|58/100|[from] drain|[of] p1b: Ditto
|-status|p1a: Archaludon|brn
|-ability|p1a: Archaludon|Stamina|boost
|-boost|p1a: Archaludon|def|1
|move|p1b: Ditto|Iron Head|p2a: Sinistcha
|-damage|p2a: Sinistcha|0 fnt
|faint|p2a: Sinistcha
|
|-weather|none
|-heal|p1a: Archaludon|72/100 brn|[from] item: Leftovers
|-damage|p1a: Archaludon|65/100 brn|[from] brn
|upkeep
|-message|legbiter forfeited.
|
|win|GWMicroK
|raw|GWMicroK's rating: 1082 → 1103(+21 for winning)
|raw|legbiter's rating: 1000 → 1000(+0 for losing)
|l|☆legbiter
|player|p2|
