|j|☆bluntmaster9000
|j|☆8BitBidoof
|html|bluntmaster90008BitBidoof    
|uhtml|bestof|Game 3 of a best-of-3
|t:|1756852499
|gametype|doubles
|player|p1|bluntmaster9000|1|1215
|player|p2|8BitBidoof|red-lgpe|1316
|gen|9
|tier|[Gen 9] VGC 2025 Reg H (Bo3)
|rated|
|rule|Species Clause: Limit one of each Pokémon
|rule|Item Clause: Limit 1 of each item
|clearpoke
|poke|p1|Charizard, L50, M|
|poke|p1|Torkoal, L50, F|
|poke|p1|Jumpluff, L50, M|
|poke|p1|Ursaluna, L50, M|
|poke|p1|Sneasler, L50, M|
|poke|p1|Indeedee, L50, M|
|poke|p2|Sneasler, L50, F|
|poke|p2|Indeedee, L50, M|
|poke|p2|Volcarona, L50, M|
|poke|p2|Ursaluna-Bloodmoon, L50, M|
|poke|p2|Annihilape, L50, F|
|poke|p2|Tyranitar, L50, M|
|teampreview|4
|showteam|p1|Charizard||ChoiceSpecs|SolarPower|HeatWave,Overheat,WeatherBall,AirSlash|||M|||50|,,,,,Fire]Torkoal||EjectPack|Drought|Eruption,Overheat,HelpingHand,Protect|||F|||50|,,,,,Fire]Jumpluff||CovertCloak|Chlorophyll|SleepPowder,SunnyDay,RagePowder,Tailwind|||M|||50|,,,,,Poison]Ursaluna||FlameOrb|Guts|HeadlongRush,Facade,Earthquake,Protect|||M|||50|,,,,,Ghost]Sneasler||PsychicSeed|Unburden|CloseCombat,DireClaw,ThroatChop,Protect|||M|||50|,,,,,Ghost]Indeedee||FocusSash|PsychicSurge|ExpandingForce,EnergyBall,TrickRoom,Protect|||M|||50|,,,,,Grass
|showteam|p2|Sneasler||PsychicSeed|Unburden|CloseCombat,DireClaw,ThroatChop,Protect|||F|||50|,,,,,Dark]Indeedee||ChoiceScarf|PsychicSurge|ExpandingForce,TeraBlast,Trick,Protect|||M|||50|,,,,,Psychic]Volcarona||SitrusBerry|FlameBody|Overheat,StruggleBug,RagePowder,Tailwind|||M|||50|,,,,,Grass]Ursaluna-Bloodmoon||LifeOrb|MindsEye|BloodMoon,HyperVoice,EarthPower,Protect|||M|||50|,,,,,Normal]Annihilape||SafetyGoggles|Defiant|CloseCombat,RageFist,Taunt,FinalGambit|||F|||50|,,,,,Fairy]Tyranitar||AssaultVest|SandStream|RockSlide,KnockOff,TeraBlast,LowKick|||M|||50|,,,,,Flying
|inactive|Battle timer is ON: inactive players will automatically lose when time's up. (requested by bluntmaster9000)
|inactive|8BitBidoof has 60 seconds left.
|
|t:|1756852546
|teamsize|p1|4
|teamsize|p2|4
|start
|switch|p1a: Jumpluff|Jumpluff, L50, M|100/100
|switch|p1b: Indeedee|Indeedee, L50, M|100/100
|switch|p2a: Sneasler|Sneasler, L50, F|100/100
|switch|p2b: Annihilape|Annihilape, L50, F|100/100
|-fieldstart|move: Psychic Terrain|[from] ability: Psychic Surge|[of] p1b: Indeedee
|-enditem|p2a: Sneasler|Psychic Seed
|-boost|p2a: Sneasler|spd|1|[from] item: Psychic Seed
|turn|1
|inactive|bluntmaster9000 has 30 seconds left.
|inactive|8BitBidoof has 30 seconds left.
|inactive|8BitBidoof has 20 seconds left.
|
|t:|1756852585
|-terastallize|p1a: Jumpluff|Poison
|move|p2a: Sneasler|Protect|p2a: Sneasler
|-singleturn|p2a: Sneasler|Protect
|move|p1a: Jumpluff|Rage Powder|p1a: Jumpluff
|-singleturn|p1a: Jumpluff|move: Rage Powder
|move|p2b: Annihilape|Taunt|p1b: Indeedee
|-start|p1b: Indeedee|move: Taunt
|cant|p1b: Indeedee|move: Taunt|Trick Room
|
|upkeep
|turn|2
|inactive|8BitBidoof has 30 seconds left.
|inactive|8BitBidoof has 20 seconds left.
|inactive|8BitBidoof has 15 seconds left.
|
|t:|1756852626
|switch|p2b: Tyranitar|Tyranitar, L50, M|100/100
|-weather|Sandstorm|[from] ability: Sand Stream|[of] p2b: Tyranitar
|switch|p1b: Torkoal|Torkoal, L50, F|100/100
|-weather|SunnyDay|[from] ability: Drought|[of] p1b: Torkoal
|-terastallize|p2a: Sneasler|Dark
|move|p2a: Sneasler|Throat Chop|p1b: Torkoal
|-damage|p1b: Torkoal|67/100
|-start|p1b: Torkoal|Throat Chop|[silent]
|move|p1a: Jumpluff|Sleep Powder|p2a: Sneasler
|-status|p2a: Sneasler|slp|[from] move: Sleep Powder
|
|-weather|SunnyDay|[upkeep]
|upkeep
|turn|3
|inactive|bluntmaster9000 has 30 seconds left.
|inactive|8BitBidoof has 30 seconds left.
|inactive|8BitBidoof has 20 seconds left.
|
|t:|1756852663
|switch|p1b: Ursaluna|Ursaluna, L50, M|100/100
|cant|p2a: Sneasler|slp
|move|p1a: Jumpluff|Tailwind|p1a: Jumpluff
|-sidestart|p1: bluntmaster9000|move: Tailwind
|move|p2b: Tyranitar|Rock Slide|p1b: Ursaluna|[spread] p1a,p1b
|-resisted|p1b: Ursaluna
|-damage|p1a: Jumpluff|63/100
|-damage|p1b: Ursaluna|87/100
|
|-weather|SunnyDay|[upkeep]
|-status|p1b: Ursaluna|brn|[from] item: Flame Orb
|upkeep
|turn|4
|inactive|8BitBidoof has 30 seconds left.
|inactive|8BitBidoof has 20 seconds left.
|
|t:|1756852698
|switch|p2b: Annihilape|Annihilape, L50, F|100/100
|-curestatus|p2a: Sneasler|slp|[msg]
|move|p2a: Sneasler|Protect|p2a: Sneasler
|-singleturn|p2a: Sneasler|Protect
|move|p1a: Jumpluff|Rage Powder|p1a: Jumpluff
|-singleturn|p1a: Jumpluff|move: Rage Powder
|move|p1b: Ursaluna|Headlong Rush|p2b: Annihilape
|-damage|p2b: Annihilape|0 fnt
|-unboost|p1b: Ursaluna|def|1
|-unboost|p1b: Ursaluna|spd|1
|faint|p2b: Annihilape
|
|-weather|SunnyDay|[upkeep]
|-damage|p1b: Ursaluna|81/100 brn|[from] brn
|upkeep
|
|t:|1756852714
|switch|p2b: Indeedee|Indeedee, L50, M|100/100
|turn|5
|
|t:|1756852734
|move|p1b: Ursaluna|Protect|p1b: Ursaluna
|-singleturn|p1b: Ursaluna|Protect
|move|p1a: Jumpluff|Sleep Powder|p2a: Sneasler
|-status|p2a: Sneasler|slp|[from] move: Sleep Powder
|cant|p2a: Sneasler|slp
|move|p2b: Indeedee|Expanding Force|p1a: Jumpluff|[spread] p1a
|-activate|p1b: Ursaluna|move: Protect
|-supereffective|p1a: Jumpluff
|-damage|p1a: Jumpluff|0 fnt
|faint|p1a: Jumpluff
|
|-weather|SunnyDay|[upkeep]
|-damage|p1b: Ursaluna|75/100 brn|[from] brn
|-fieldend|move: Psychic Terrain
|upkeep
|
|t:|1756852750
|switch|p1a: Indeedee|Indeedee, L50, M|100/100
|-fieldstart|move: Psychic Terrain|[from] ability: Psychic Surge|[of] p1a: Indeedee
|turn|6
|inactive|8BitBidoof has 30 seconds left.
|inactive|8BitBidoof has 20 seconds left.
|inactive|8BitBidoof has 15 seconds left.
|
|t:|1756852792
|-curestatus|p2a: Sneasler|slp|[msg]
|move|p2a: Sneasler|Throat Chop|p1a: Indeedee
|-supereffective|p1a: Indeedee
|-enditem|p1a: Indeedee|Focus Sash
|-damage|p1a: Indeedee|1/100
|-start|p1a: Indeedee|Throat Chop|[silent]
|move|p2b: Indeedee|Expanding Force|p1a: Indeedee|[spread] p1a,p1b
|-resisted|p1a: Indeedee
|-damage|p1a: Indeedee|0 fnt
|-damage|p1b: Ursaluna|0 fnt
|faint|p1a: Indeedee
|faint|p1b: Ursaluna
|
|-weather|none
|-sideend|p1: bluntmaster9000|move: Tailwind
|upkeep
|
|t:|1756852805
|switch|p1b: Torkoal|Torkoal, L50, F|67/100
|-weather|SunnyDay|[from] ability: Drought|[of] p1b: Torkoal
|turn|7
|
|t:|1756852814
|move|p2a: Sneasler|Close Combat|p1b: Torkoal
|-damage|p1b: Torkoal|17/100
|-unboost|p2a: Sneasler|def|1
|-unboost|p2a: Sneasler|spd|1
|move|p2b: Indeedee|Expanding Force|p1b: Torkoal
|-crit|p1b: Torkoal
|-damage|p1b: Torkoal|0 fnt
|faint|p1b: Torkoal
|
|win|8BitBidoof
|raw|bluntmaster9000's rating: 1215 → 1197(-18 for losing)
|raw|8BitBidoof's rating: 1316 → 1330(+14 for winning)
