|j|☆Herdier1590
|j|☆Delacruso
|html|Herdier1590Delacruso    
|uhtml|bestof|Game 2 of a best-of-3
|t:|1784832027
|gametype|doubles
|player|p1|Herdier1590|ethan|1242
|player|p2|Delacruso|red|1239
|gen|9
|tier|[Gen 9 Champions] VGC 2026 Reg M-B (Bo3)
|rated|
|rule|Species Clause: Limit one of each Pokémon
|rule|Item Clause: Limit 1 of each item
|clearpoke
|poke|p1|Swampert, L50, F|
|poke|p1|Venusaur, L50, M|
|poke|p1|Pelipper, L50, M|
|poke|p1|Basculegion, L50, M|
|poke|p1|Archaludon, L50, M|
|poke|p1|Grimmsnarl, L50, M|
|poke|p2|Charizard, L50, M, shiny|
|poke|p2|Grimmsnarl, L50, M, shiny|
|poke|p2|Pelipper, L50, M|
|poke|p2|Archaludon, L50, F|
|poke|p2|Basculegion, L50, M, shiny|
|poke|p2|Venusaur, L50, M|
|teampreview|4
|showteam|p1|Swampert||Swampertite|Torrent|WaveCrash,Earthquake,IcePunch,Protect|Adamant||F|||50|]Venusaur||Venusaurite|Chlorophyll|SludgeBomb,EarthPower,GigaDrain,Protect|Modest||M|||50|]Pelipper||SitrusBerry|Drizzle|WeatherBall,WideGuard,Hurricane,Tailwind|Modest||M|||50|]Basculegion||LifeOrb|SwiftSwim|WaveCrash,LastRespects,AquaJet,Protect|Adamant||M|||50|]Archaludon||Leftovers|Stamina|FlashCannon,DragonPulse,ElectroShot,Protect|Calm||M|||50|]Grimmsnarl||LightClay|Prankster|SpiritBreak,Reflect,LightScreen,PartingShot|Sassy||M|||50|
|showteam|p2|Charizard||CharizarditeY|Blaze|Protect,HeatWave,WeatherBall,SolarBeam|Modest||M|||50|]Grimmsnarl||LightClay|Prankster|SpiritBreak,Reflect,LightScreen,PartingShot|Sassy||M|||50|]Pelipper||SitrusBerry|Drizzle|Hurricane,WeatherBall,Tailwind,WideGuard|Modest||M|||50|]Archaludon||Leftovers|Stamina|Protect,ElectroShot,DragonPulse,FlashCannon|Calm||F|||50|]Basculegion||ChoiceScarf|Adaptability|FlipTurn,WaveCrash,AquaJet,LastRespects|Jolly||M|||50|]Venusaur||FocusSash|Chlorophyll|Protect,SleepPowder,SludgeBomb,EarthPower|Modest||M|||50|
|inactive|Battle timer is ON: inactive players will automatically lose when time's up. (requested by Delacruso)
|inactive|Delacruso has 60 seconds left.
|
|t:|1784832084
|teamsize|p1|4
|teamsize|p2|4
|start
|switch|p1a: Big Stapler|Archaludon, L50, M|100/100
|switch|p1b: Gremlin|Grimmsnarl, L50, M|100/100
|switch|p2a: Charizard|Charizard, L50, M, shiny|100/100
|switch|p2b: Venusaur|Venusaur, L50, M|100/100
|turn|1
|
|t:|1784832100
|move|p2a: Charizard|Protect|p2a: Charizard
|-singleturn|p2a: Charizard|Protect
|move|p1a: Big Stapler|Protect|p1a: Big Stapler
|-singleturn|p1a: Big Stapler|Protect
|move|p1b: Gremlin|Light Screen|p1b: Gremlin
|-sidestart|p1: Herdier1590|move: Light Screen
|move|p2b: Venusaur|Sludge Bomb|p1b: Gremlin
|-supereffective|p1b: Gremlin|1
|-damage|p1b: Gremlin|62/100
|-status|p1b: Gremlin|psn
|
|-damage|p1b: Gremlin|49/100 psn|[from] psn
|upkeep
|turn|2
|inactive|Delacruso has 30 seconds left.
|inactive|Delacruso has 20 seconds left.
|inactive|Delacruso has 15 seconds left.
|inactive|Delacruso has 10 seconds left.
|
|t:|1784832146
|switch|p2a: Archaludon|Archaludon, L50, F|100/100
|move|p1b: Gremlin|Parting Shot|p2b: Venusaur
|-unboost|p2b: Venusaur|atk|1
|-unboost|p2b: Venusaur|spa|1
|
|t:|1784832162
|switch|p1b: FEED ME|Pelipper, L50, M|100/100|[from] Parting Shot
|-weather|RainDance|[from] ability: Drizzle|[of] p1b: FEED ME
|move|p2b: Venusaur|Sleep Powder|p1a: Big Stapler
|-status|p1a: Big Stapler|slp|[from] move: Sleep Powder
|cant|p1a: Big Stapler|slp
|
|-weather|RainDance|[upkeep]
|upkeep
|turn|3
|
|t:|1784832181
|switch|p1b: Gremlin|Grimmsnarl, L50, M|49/100 psn
|move|p2b: Venusaur|Earth Power|p1a: Big Stapler
|-supereffective|p1a: Big Stapler|1
|-damage|p1a: Big Stapler|81/100 slp
|-unboost|p1a: Big Stapler|spd|1
|-ability|p1a: Big Stapler|Stamina|boost
|-boost|p1a: Big Stapler|def|1
|cant|p1a: Big Stapler|slp
|move|p2a: Archaludon|Electro Shot||[still]
|-prepare|p2a: Archaludon|Electro Shot
|-boost|p2a: Archaludon|spa|1
|-anim|p2a: Archaludon|Electro Shot|p1b: Gremlin
|-damage|p1b: Gremlin|19/100 psn
|
|-weather|RainDance|[upkeep]
|-heal|p1a: Big Stapler|88/100 slp|[from] item: Leftovers
|-damage|p1b: Gremlin|6/100 psn|[from] psn
|upkeep
|turn|4
|inactive|Delacruso has 30 seconds left.
|inactive|Delacruso has 20 seconds left.
|
|t:|1784832217
|switch|p1a: The Goat|Swampert, L50, F|100/100
|move|p1b: Gremlin|Parting Shot|p2a: Archaludon
|-unboost|p2a: Archaludon|atk|1
|-unboost|p2a: Archaludon|spa|1
|
|t:|1784832222
|switch|p1b: Big Stapler|Archaludon, L50, M|88/100 slp|[from] Parting Shot
|move|p2b: Venusaur|Earth Power|p1a: The Goat
|-damage|p1a: The Goat|89/100
|-unboost|p1a: The Goat|spd|1
|move|p2a: Archaludon|Electro Shot||[still]
|-prepare|p2a: Archaludon|Electro Shot
|-boost|p2a: Archaludon|spa|1
|-anim|p2a: Archaludon|Electro Shot|p1b: Big Stapler
|-resisted|p1b: Big Stapler|1
|-damage|p1b: Big Stapler|70/100 slp
|-ability|p1b: Big Stapler|Stamina|boost
|-boost|p1b: Big Stapler|def|1
|
|-weather|RainDance|[upkeep]
|-heal|p1b: Big Stapler|77/100 slp|[from] item: Leftovers
|upkeep
|turn|5
|inactive|Delacruso has 30 seconds left.
|inactive|Herdier1590 has 30 seconds left.
|inactive|Delacruso has 20 seconds left.
|inactive|Delacruso has 15 seconds left.
|
|t:|1784832264
|switch|p2b: Pelipper|Pelipper, L50, M|100/100
|detailschange|p1a: The Goat|Swampert-Mega, L50, F
|-mega|p1a: The Goat|Swampert|Swampertite
|move|p1a: The Goat|Wave Crash|p2b: Pelipper
|-resisted|p2b: Pelipper|1
|-damage|p2b: Pelipper|34/100
|-enditem|p2b: Pelipper|Sitrus Berry|[eat]
|-heal|p2b: Pelipper|59/100|[from] item: Sitrus Berry
|-damage|p1a: The Goat|75/100|[from] Recoil
|-curestatus|p1b: Big Stapler|slp|[msg]
|move|p1b: Big Stapler|Electro Shot||[still]
|-prepare|p1b: Big Stapler|Electro Shot
|-boost|p1b: Big Stapler|spa|1
|-anim|p1b: Big Stapler|Electro Shot|p2a: Archaludon
|-resisted|p2a: Archaludon|1
|-damage|p2a: Archaludon|76/100
|-ability|p2a: Archaludon|Stamina|boost
|-boost|p2a: Archaludon|def|1
|move|p2a: Archaludon|Dragon Pulse|p1a: The Goat
|-damage|p1a: The Goat|29/100
|
|-weather|RainDance|[upkeep]
|-heal|p1b: Big Stapler|83/100|[from] item: Leftovers
|-heal|p2a: Archaludon|82/100|[from] item: Leftovers
|upkeep
|turn|6
|inactive|Herdier1590 has 30 seconds left.
|inactive|Delacruso has 30 seconds left.
|inactive|Herdier1590 has 20 seconds left.
|inactive|Delacruso has 20 seconds left.
|
|t:|1784832302
|move|p2a: Archaludon|Protect|p2a: Archaludon
|-singleturn|p2a: Archaludon|Protect
|move|p1a: The Goat|Wave Crash|p2b: Pelipper
|-resisted|p2b: Pelipper|1
|-damage|p2b: Pelipper|0 fnt
|faint|p2b: Pelipper
|-damage|p1a: The Goat|16/100|[from] Recoil
|move|p1b: Big Stapler|Electro Shot||[still]
|-prepare|p1b: Big Stapler|Electro Shot
|-boost|p1b: Big Stapler|spa|1
|-anim|p1b: Big Stapler|Electro Shot|p2a: Archaludon
|-activate|p2a: Archaludon|move: Protect
|
|-weather|none
|-heal|p1b: Big Stapler|89/100|[from] item: Leftovers
|-heal|p2a: Archaludon|88/100|[from] item: Leftovers
|upkeep
|
|t:|1784832324
|switch|p2b: Charizard|Charizard, L50, M, shiny|100/100
|turn|7
|inactive|Delacruso has 30 seconds left.
|
|t:|1784832358
|move|p2b: Charizard|Protect|p2b: Charizard
|-singleturn|p2b: Charizard|Protect
|move|p1a: The Goat|Protect|p1a: The Goat
|-singleturn|p1a: The Goat|Protect
|move|p1b: Big Stapler|Dragon Pulse|p2a: Archaludon
|-damage|p2a: Archaludon|24/100
|-ability|p2a: Archaludon|Stamina|boost
|-boost|p2a: Archaludon|def|1
|move|p2a: Archaludon|Dragon Pulse|p1b: Big Stapler
|-damage|p1b: Big Stapler|53/100
|-ability|p1b: Big Stapler|Stamina|boost
|-boost|p1b: Big Stapler|def|1
|
|-heal|p1b: Big Stapler|60/100|[from] item: Leftovers
|-heal|p2a: Archaludon|30/100|[from] item: Leftovers
|upkeep
|turn|8
|inactive|Herdier1590 has 30 seconds left.
|inactive|Delacruso has 30 seconds left.
|
|t:|1784832392
|switch|p1a: Gremlin|Grimmsnarl, L50, M|6/100 psn
|detailschange|p2b: Charizard|Charizard-Mega-Y, L50, M, shiny
|-mega|p2b: Charizard|Charizard|Charizardite Y
|-weather|SunnyDay|[from] ability: Drought|[of] p2b: Charizard
|move|p1b: Big Stapler|Protect|p1b: Big Stapler
|-singleturn|p1b: Big Stapler|Protect
|move|p2b: Charizard|Heat Wave|p1b: Big Stapler|[spread] 
|-activate|p1b: Big Stapler|move: Protect
|-miss|p2b: Charizard|p1a: Gremlin
|move|p2a: Archaludon|Dragon Pulse|p1b: Big Stapler
|-activate|p1b: Big Stapler|move: Protect
|
|-weather|SunnyDay|[upkeep]
|-heal|p1b: Big Stapler|66/100|[from] item: Leftovers
|-heal|p2a: Archaludon|36/100|[from] item: Leftovers
|-damage|p1a: Gremlin|0 fnt|[from] psn
|faint|p1a: Gremlin
|-sideend|p1: Herdier1590|move: Light Screen
|upkeep
|
|t:|1784832402
|switch|p1a: FEED ME|Pelipper, L50, M|100/100
|-weather|RainDance|[from] ability: Drizzle|[of] p1a: FEED ME
|turn|9
|inactive|Delacruso has 30 seconds left.
|
|t:|1784832435
|switch|p2b: Venusaur|Venusaur, L50, M|100/100
|move|p1b: Big Stapler|Dragon Pulse|p2a: Archaludon
|-damage|p2a: Archaludon|0 fnt
|faint|p2a: Archaludon
|move|p1a: FEED ME|Tailwind|p1a: FEED ME
|-sidestart|p1: Herdier1590|move: Tailwind
|
|-weather|RainDance|[upkeep]
|-heal|p1b: Big Stapler|72/100|[from] item: Leftovers
|upkeep
|
|t:|1784832444
|switch|p2a: Charizard|Charizard-Mega-Y, L50, M, shiny|100/100
|-weather|SunnyDay|[from] ability: Drought|[of] p2a: Charizard
|turn|10
|inactive|Herdier1590 has 30 seconds left.
|inactive|Delacruso has 30 seconds left.
|inactive|Herdier1590 has 20 seconds left.
|
|t:|1784832479
|switch|p1a: The Goat|Swampert-Mega, L50, F|16/100
|move|p1b: Big Stapler|Protect|p1b: Big Stapler
|-singleturn|p1b: Big Stapler|Protect
|move|p2b: Venusaur|Earth Power|p1b: Big Stapler
|-activate|p1b: Big Stapler|move: Protect
|move|p2a: Charizard|Heat Wave|p1b: Big Stapler|[spread] p1a
|-activate|p1b: Big Stapler|move: Protect
|-resisted|p1a: The Goat|1
|-damage|p1a: The Goat|0 fnt
|faint|p1a: The Goat
|
|-weather|SunnyDay|[upkeep]
|-heal|p1b: Big Stapler|78/100|[from] item: Leftovers
|upkeep
|
|t:|1784832483
|switch|p1a: FEED ME|Pelipper, L50, M|100/100
|-weather|RainDance|[from] ability: Drizzle|[of] p1a: FEED ME
|turn|11
|inactive|Delacruso has 30 seconds left.
|inactive|Delacruso has 20 seconds left.
|
|t:|1784832519
|move|p2a: Charizard|Protect|p2a: Charizard
|-singleturn|p2a: Charizard|Protect
|move|p1b: Big Stapler|Electro Shot||[still]
|-prepare|p1b: Big Stapler|Electro Shot
|-boost|p1b: Big Stapler|spa|1
|-anim|p1b: Big Stapler|Electro Shot|p2b: Venusaur
|-resisted|p2b: Venusaur|1
|-damage|p2b: Venusaur|53/100
|move|p1a: FEED ME|Hurricane|p2b: Venusaur
|-supereffective|p2b: Venusaur|1
|-damage|p2b: Venusaur|0 fnt
|faint|p2b: Venusaur
|
|-weather|RainDance|[upkeep]
|-heal|p1b: Big Stapler|84/100|[from] item: Leftovers
|upkeep
|turn|12
|-message|Delacruso forfeited.
|
|win|Herdier1590
