|j|☆monsoonisbest
|j|☆CammelloGasante
|html|monsoonisbestCammelloGasante    
|uhtml|bestof|Game 1 of a best-of-3
|t:|1783965083
|gametype|doubles
|player|p1|monsoonisbest|1|1214
|player|p2|CammelloGasante|palmer|1217
|gen|9
|tier|[Gen 9 Champions] VGC 2026 Reg M-B (Bo3)
|rated|
|rule|Species Clause: Limit one of each Pokémon
|rule|Item Clause: Limit 1 of each item
|clearpoke
|poke|p1|Gengar, L50, M|
|poke|p1|Incineroar, L50, M|
|poke|p1|Politoed, L50, M, shiny|
|poke|p1|Archaludon, L50, F|
|poke|p1|Vivillon, L50, M|
|poke|p1|Swampert, L50, F|
|poke|p2|Staraptor, L50, M|
|poke|p2|Whimsicott, L50, M|
|poke|p2|Gholdengo, L50|
|poke|p2|Tyranitar, L50, M|
|poke|p2|Venusaur, L50, M|
|poke|p2|Mamoswine, L50, F|
|teampreview|4
|showteam|p1|Gengar||Gengarite|CursedBody|ShadowBall,SludgeBomb,PerishSong,Protect|Timid||M|||50|]Incineroar||PasshoBerry|Intimidate|PartingShot,DarkestLariat,Protect,FakeOut|Sassy||M|||50|]Politoed||SitrusBerry|Drizzle|WeatherBall,PerishSong,Encore,Protect|Calm||M|||50|]Archaludon||Leftovers|Stamina|DragonPulse,FlashCannon,ElectroShot,Protect|Bold||F|||50|]Vivillon||FocusSash|CompoundEyes|Hurricane,SleepPowder,RagePowder,Protect|Timid||M|||50|]Swampert||Swampertite|Torrent|WaveCrash,IcePunch,Earthquake,Protect|Adamant||F|||50|
|showteam|p2|Staraptor||Staraptite|Intimidate|CloseCombat,DualWingbeat,Roost,Protect|Jolly||M|||50|]Whimsicott||FocusSash|Prankster|Moonblast,Charm,FakeTears,Tailwind|Timid||M|||50|]Gholdengo||LifeOrb|GoodasGold|MakeItRain,ShadowBall,PowerGem,Protect|Modest|||||50|]Tyranitar||WhiteHerb|SandStream|RockSlide,Crunch,LowKick,Protect|Adamant||M|||50|]Venusaur||Venusaurite|Chlorophyll|EnergyBall,EarthPower,SludgeBomb,Protect|Modest||M|||50|]Mamoswine||ChoiceScarf|Oblivious|IcicleCrash,RockSlide,HighHorsepower,IceShard|Jolly||F|||50|
|inactive|Battle timer is ON: inactive players will automatically lose when time's up. (requested by CammelloGasante)
|inactive|monsoonisbest has 60 seconds left.
|
|t:|1783965119
|teamsize|p1|4
|teamsize|p2|4
|start
|switch|p1a: Incineroar|Incineroar, L50, M|100/100
|switch|p1b: Politoed|Politoed, L50, M, shiny|100/100
|switch|p2a: Whimsicott|Whimsicott, L50, M|100/100
|switch|p2b: Mamoswine|Mamoswine, L50, F|100/100
|-weather|RainDance|[from] ability: Drizzle|[of] p1b: Politoed
|-ability|p1a: Incineroar|Intimidate|boost
|-unboost|p2a: Whimsicott|atk|1
|-fail|p2b: Mamoswine|unboost|Attack|[from] ability: Oblivious|[of] p2b: Mamoswine
|turn|1
|
|t:|1783965140
|switch|p2b: Gholdengo|Gholdengo, L50|100/100
|move|p1a: Incineroar|Fake Out|p2b: Gholdengo
|-immune|p2b: Gholdengo
|move|p2a: Whimsicott|Moonblast|p1a: Incineroar
|-damage|p1a: Incineroar|74/100
|move|p1b: Politoed|Perish Song|p1b: Politoed
|-start|p1a: Incineroar|perish3|[silent]
|-start|p1b: Politoed|perish3|[silent]
|-start|p2a: Whimsicott|perish3|[silent]
|-immune|p2b: Gholdengo|[from] ability: Good as Gold
|-fieldactivate|move: Perish Song
|
|-weather|RainDance|[upkeep]
|-start|p2a: Whimsicott|perish3
|-start|p1b: Politoed|perish3
|-start|p1a: Incineroar|perish3
|upkeep
|turn|2
|inactive|CammelloGasante has 30 seconds left.
|
|t:|1783965167
|move|p2a: Whimsicott|Tailwind|p2a: Whimsicott
|-sidestart|p2: CammelloGasante|move: Tailwind
|move|p2b: Gholdengo|Power Gem|p1a: Incineroar
|-supereffective|p1a: Incineroar|1
|-damage|p1a: Incineroar|7/100
|-damage|p2b: Gholdengo|90/100|[from] item: Life Orb
|move|p1b: Politoed|Weather Ball|p2b: Gholdengo
|-damage|p2b: Gholdengo|41/100
|move|p1a: Incineroar|Darkest Lariat|p2b: Gholdengo
|-supereffective|p2b: Gholdengo|1
|-damage|p2b: Gholdengo|0 fnt
|faint|p2b: Gholdengo
|
|-weather|RainDance|[upkeep]
|-start|p2a: Whimsicott|perish2
|-start|p1b: Politoed|perish2
|-start|p1a: Incineroar|perish2
|upkeep
|
|t:|1783965173
|switch|p2b: Venusaur|Venusaur, L50, M|100/100
|turn|3
|
|t:|1783965198
|switch|p1a: Vivillon|Vivillon, L50, M|100/100
|detailschange|p2b: Venusaur|Venusaur-Mega, L50, M
|-mega|p2b: Venusaur|Venusaur|Venusaurite
|move|p1b: Politoed|Protect|p1b: Politoed
|-singleturn|p1b: Politoed|Protect
|move|p2a: Whimsicott|Fake Tears|p1b: Politoed
|-activate|p1b: Politoed|move: Protect
|move|p2b: Venusaur|Energy Ball|p1b: Politoed
|-activate|p1b: Politoed|move: Protect
|
|-weather|RainDance|[upkeep]
|-start|p2a: Whimsicott|perish1
|-start|p1b: Politoed|perish1
|upkeep
|turn|4
|
|t:|1783965213
|switch|p2a: Mamoswine|Mamoswine, L50, F|100/100
|switch|p1b: Incineroar|Incineroar, L50, M|7/100
|-ability|p1b: Incineroar|Intimidate|boost
|-fail|p2a: Mamoswine|unboost|Attack|[from] ability: Oblivious|[of] p2a: Mamoswine
|-unboost|p2b: Venusaur|atk|1
|move|p2b: Venusaur|Energy Ball|p1b: Incineroar
|-resisted|p1b: Incineroar|1
|-damage|p1b: Incineroar|0 fnt
|faint|p1b: Incineroar
|move|p1a: Vivillon|Hurricane|p2b: Venusaur
|-supereffective|p2b: Venusaur|1
|-damage|p2b: Venusaur|26/100
|
|-weather|RainDance|[upkeep]
|upkeep
|
|t:|1783965227
|switch|p1b: Gengar|Gengar, L50, M|100/100
|turn|5
|inactive|CammelloGasante has 30 seconds left.
|
|t:|1783965256
|detailschange|p1b: Gengar|Gengar-Mega, L50, M
|-mega|p1b: Gengar|Gengar|Gengarite
|move|p1b: Gengar|Protect|p1b: Gengar
|-singleturn|p1b: Gengar|Protect
|move|p1a: Vivillon|Protect|p1a: Vivillon
|-singleturn|p1a: Vivillon|Protect
|move|p2a: Mamoswine|Icicle Crash|p1a: Vivillon
|-activate|p1a: Vivillon|move: Protect
|move|p2b: Venusaur|Sludge Bomb|p1a: Vivillon
|-activate|p1a: Vivillon|move: Protect
|
|-weather|none
|-sideend|p2: CammelloGasante|move: Tailwind
|upkeep
|turn|6
|
|t:|1783965278
|move|p2b: Venusaur|Protect|p2b: Venusaur
|-singleturn|p2b: Venusaur|Protect
|move|p2a: Mamoswine|Icicle Crash|p1b: Gengar
|-damage|p1b: Gengar|50/100g
|move|p1b: Gengar|Shadow Ball|p2a: Mamoswine
|-damage|p2a: Mamoswine|35/100
|move|p1a: Vivillon|Hurricane|p2b: Venusaur
|-activate|p2b: Venusaur|move: Protect
|
|upkeep
|turn|7
|
|t:|1783965290
|move|p2a: Mamoswine|Icicle Crash|p1b: Gengar
|-damage|p1b: Gengar|4/100
|move|p1b: Gengar|Shadow Ball|p2a: Mamoswine
|-damage|p2a: Mamoswine|0 fnt
|faint|p2a: Mamoswine
|move|p1a: Vivillon|Hurricane|p2b: Venusaur
|-supereffective|p2b: Venusaur|1
|-damage|p2b: Venusaur|0 fnt
|faint|p2b: Venusaur
|
|upkeep
|
|t:|1783965293
|switch|p2b: Whimsicott|Whimsicott, L50, M|100/100
|turn|8
|-message|CammelloGasante forfeited.
|
|win|monsoonisbest
