|j|☆Bowdidee
|j|☆vilan333
|html|Bowdideevilan333    
|uhtml|bestof|Game 1 of a best-of-3
|t:|1785941973
|gametype|doubles
|player|p1|Bowdidee|youngster-gen4dp|1144
|player|p2|vilan333|marshal|1254
|gen|9
|tier|[Gen 9 Champions] VGC 2026 Reg M-B (Bo3)
|rated|
|rule|Species Clause: Limit one of each Pokémon
|rule|Item Clause: Limit 1 of each item
|clearpoke
|poke|p1|Aerodactyl, L50, F|
|poke|p1|Raichu, L50, F|
|poke|p1|Qwilfish, L50, M|
|poke|p1|Sinistcha, L50|
|poke|p1|Sylveon, L50, M|
|poke|p1|Kingambit, L50, M|
|poke|p2|Raichu, L50, M|
|poke|p2|Staraptor, L50, M|
|poke|p2|Arcanine-Hisui, L50, M|
|poke|p2|Kingambit, L50, F|
|poke|p2|Sylveon, L50, M|
|poke|p2|Farigiraf, L50, M|
|teampreview|4
|showteam|p1|Aerodactyl||Aerodactylite|Unnerve|RockSlide,DualWingbeat,WideGuard,Tailwind|Jolly||F|||50|]Raichu||RaichuniteY|LightningRod|FakeOut,ZapCannon,FocusBlast,Protect|Modest||F|||50|]Qwilfish||FocusSash|Intimidate|FlipTurn,AquaJet,Taunt,Protect|Jolly||M|||50|]Sinistcha||SitrusBerry|Hospitality|MatchaGotcha,TrickRoom,RagePowder,Protect|Relaxed|||||50|]Sylveon||FairyFeather|Pixilate|HyperBeam,HyperVoice,CalmMind,Protect|Modest||M|||50|]Kingambit||LifeOrb|Defiant|SuckerPunch,KowtowCleave,IronHead,Protect|Brave||M|||50|
|showteam|p2|Raichu||RaichuniteY|LightningRod|Protect,FakeOut,ZapCannon,FocusBlast|Timid||M|||50|]Staraptor||Staraptite|Intimidate|Protect,CloseCombat,BraveBird,Tailwind|Jolly||M|||50|]Arcanine-Hisui||FocusSash|RockHead|Protect,HeadSmash,FlareBlitz,ExtremeSpeed|Adamant||M|||50|]Kingambit||LifeOrb|Defiant|Protect,KowtowCleave,SuckerPunch,SwordsDance|Adamant||F|||50|]Sylveon||FairyFeather|Pixilate|Protect,HyperBeam,HyperVoice,QuickAttack|Modest||M|||50|]Farigiraf||SitrusBerry|ArmorTail|Protect,Psychic,HelpingHand,TrickRoom|Calm||M|||50|
|
|t:|1785942014
|teamsize|p1|4
|teamsize|p2|4
|start
|switch|p1a: Aerodactyl|Aerodactyl, L50, F|100/100
|switch|p1b: Raichu|Raichu, L50, F|100/100
|switch|p2a: Kingambit|Kingambit, L50, F|100/100
|switch|p2b: Raichu|Raichu, L50, M|100/100
|-ability|p1a: Aerodactyl|Unnerve
|turn|1
|inactive|Battle timer is ON: inactive players will automatically lose when time's up. (requested by vilan333)
|
|t:|1785942043
|detailschange|p2b: Raichu|Raichu-Mega-Y, L50, M
|-mega|p2b: Raichu|Raichu|Raichunite Y
|move|p2b: Raichu|Fake Out|p1b: Raichu
|-damage|p1b: Raichu|86/100
|cant|p1b: Raichu|flinch
|move|p1a: Aerodactyl|Rock Slide|p2b: Raichu|[spread] p2a,p2b
|-resisted|p2a: Kingambit|1
|-damage|p2a: Kingambit|91/100
|-damage|p2b: Raichu|61/100
|move|p2a: Kingambit|Swords Dance|p2a: Kingambit
|-boost|p2a: Kingambit|atk|2
|
|upkeep
|turn|2
|inactive|Bowdidee has 30 seconds left.
|inactive|vilan333 has 30 seconds left.
|
|t:|1785942075
|switch|p1b: Sylveon|Sylveon, L50, M|100/100
|detailschange|p1a: Aerodactyl|Aerodactyl-Mega, L50, F
|-mega|p1a: Aerodactyl|Aerodactyl|Aerodactylite
|move|p2a: Kingambit|Sucker Punch||[still]
|-fail|p2a: Kingambit
|move|p1a: Aerodactyl|Rock Slide|p2b: Raichu|[spread] p2a,p2b
|-resisted|p2a: Kingambit|1
|-damage|p2a: Kingambit|79/100
|-damage|p2b: Raichu|19/100
|move|p2b: Raichu|Focus Blast|p1a: Aerodactyl
|-damage|p1a: Aerodactyl|47/100
|-unboost|p1a: Aerodactyl|spd|1
|
|upkeep
|turn|3
|inactive|Bowdidee has 30 seconds left.
|inactive|vilan333 has 30 seconds left.
|
|t:|1785942108
|switch|p1a: Raichu|Raichu, L50, F|86/100
|move|p2b: Raichu|Zap Cannon|p1a: Raichu
|-ability|p1a: Raichu|Lightning Rod|boost
|-boost|p1a: Raichu|spa|1
|move|p1b: Sylveon|Hyper Voice|p2a: Kingambit|[spread] p2a,p2b
|-damage|p2a: Kingambit|39/100
|-damage|p2b: Raichu|0 fnt
|faint|p2b: Raichu
|move|p2a: Kingambit|Kowtow Cleave|p1b: Sylveon
|-resisted|p1b: Sylveon|1
|-damage|p1b: Sylveon|24/100
|-damage|p2a: Kingambit|29/100|[from] item: Life Orb
|
|upkeep
|
|t:|1785942124
|switch|p2b: Sylveon|Sylveon, L50, M|100/100
|turn|4
|inactive|Bowdidee has 30 seconds left.
|inactive|vilan333 has 30 seconds left.
|inactive|vilan333 has 20 seconds left.
|
|t:|1785942163
|move|p2b: Sylveon|Protect|p2b: Sylveon
|-singleturn|p2b: Sylveon|Protect
|move|p2a: Kingambit|Protect|p2a: Kingambit
|-singleturn|p2a: Kingambit|Protect
|move|p1a: Raichu|Zap Cannon|p2b: Sylveon
|-activate|p2b: Sylveon|move: Protect
|move|p1b: Sylveon|Hyper Voice|p2b: Sylveon|[spread] 
|-activate|p2a: Kingambit|move: Protect
|-activate|p2b: Sylveon|move: Protect
|
|upkeep
|turn|5
|
|t:|1785942185
|move|p1a: Raichu|Protect|p1a: Raichu
|-singleturn|p1a: Raichu|Protect
|move|p2a: Kingambit|Sucker Punch||[still]
|-fail|p2a: Kingambit
|move|p1b: Sylveon|Hyper Voice|p2b: Sylveon|[spread] p2a,p2b
|-damage|p2a: Kingambit|0 fnt
|-damage|p2b: Sylveon|61/100
|faint|p2a: Kingambit
|move|p2b: Sylveon|Hyper Voice|p1b: Sylveon|[spread] p1b
|-activate|p1a: Raichu|move: Protect
|-damage|p1b: Sylveon|0 fnt
|faint|p1b: Sylveon
|
|upkeep
|
|t:|1785942204
|switch|p1b: Aerodactyl|Aerodactyl-Mega, L50, F|47/100
|switch|p2a: Arcanine|Arcanine-Hisui, L50, M|100/100
|turn|6
|
|t:|1785942224
|switch|p1a: Qwilfish|Qwilfish, L50, M|100/100
|-ability|p1a: Qwilfish|Intimidate|boost
|-unboost|p2a: Arcanine|atk|1
|-unboost|p2b: Sylveon|atk|1
|move|p2a: Arcanine|Extreme Speed|p1a: Qwilfish
|-damage|p1a: Qwilfish|74/100
|move|p1b: Aerodactyl|Rock Slide|p2b: Sylveon|[spread] p2a,p2b
|-supereffective|p2a: Arcanine|1
|-damage|p2a: Arcanine|23/100
|-damage|p2b: Sylveon|30/100
|move|p2b: Sylveon|Hyper Voice|p1a: Qwilfish|[spread] p1a,p1b
|-resisted|p1a: Qwilfish|1
|-damage|p1a: Qwilfish|27/100
|-damage|p1b: Aerodactyl|0 fnt
|faint|p1b: Aerodactyl
|
|upkeep
|
|t:|1785942239
|switch|p1b: Raichu|Raichu, L50, F|86/100
|turn|7
|-message|vilan333 forfeited.
|
|win|Bowdidee
|l|☆vilan333
|player|p2|
|j|☆vilan333
|player|p2|vilan333|marshal|
||Bowdidee is ready for game 2.
