|j|☆camala64
|j|☆battle sim trainer
|html|camala64battle sim trainer    
|uhtml|bestof|Game 1 of a best-of-3
|t:|1784326678
|gametype|doubles
|player|p1|camala64|lance-masters2|
|player|p2|battle sim trainer|turo|
|gen|9
|tier|[Gen 9 Champions] VGC 2026 Reg M-B (Bo3)
|rule|Species Clause: Limit one of each Pokémon
|rule|Item Clause: Limit 1 of each item
|clearpoke
|poke|p1|Kleavor, L50, F|
|poke|p1|Floette-Eternal, L50, F|
|poke|p1|Kingambit, L50, M, shiny|
|poke|p1|Whimsicott, L50, M, shiny|
|poke|p1|Basculegion, L50, M, shiny|
|poke|p1|Scovillain, L50, F|
|poke|p2|Swampert, L50, F|
|poke|p2|Grimmsnarl, L50, M|
|poke|p2|Pelipper, L50, F|
|poke|p2|Archaludon, L50, M|
|poke|p2|Sinistcha, L50|
|poke|p2|Froslass, L50, F|
|teampreview|4
|showteam|p1|Kleavor||ChoiceScarf|Sharpness|StoneAxe,XScissor,AerialAce,CloseCombat|Jolly||F|||50|]Floette-Eternal||Floettite|FlowerVeil|Moonblast,DazzlingGleam,LightofRuin,Protect|Timid||F|||50|]Kingambit||LifeOrb|Defiant|KowtowCleave,SuckerPunch,SwordsDance,Protect|Adamant||M|||50|]Whimsicott||FairyFeather|Prankster|Moonblast,Tailwind,Encore,Protect|Modest||M|||50|]Basculegion||FocusSash|Adaptability|Liquidation,AquaJet,LastRespects,Protect|Adamant||M|||50|]Scovillain||Scovillainite|Moody|Overheat,LeechSeed,RagePowder,Protect|Calm||F|||50|
|showteam|p2|Swampert||Swampertite|Damp|WaveCrash,IcePunch,Earthquake,Protect|Adamant||F|||50|]Grimmsnarl||LightClay|Prankster|SpiritBreak,LightScreen,Reflect,PartingShot|Impish||M|||50|]Pelipper||FocusSash|Drizzle|WideGuard,Tailwind,Hurricane,WeatherBall|Modest||F|||50|]Archaludon||Leftovers|Stamina|ElectroShot,DragonPulse,FlashCannon,Protect|Calm||M|||50|]Sinistcha||SitrusBerry|Hospitality|MatchaGotcha,RagePowder,TrickRoom,LifeDew|Calm|||||50|]Froslass||Froslassite|SnowCloak|Blizzard,ShadowBall,AuroraVeil,Protect|Quiet||F|||50|
|c|☆battle sim trainer|nvm f the bo1
|c|☆camala64|Glhf
|c|☆battle sim trainer|idc abt rating anyway lol
|c|☆battle sim trainer|fhlg
|
|t:|1784326744
|teamsize|p1|4
|teamsize|p2|4
|start
|switch|p1a: Floette|Floette-Eternal, L50, F|100/100
|switch|p1b: Whimsicott|Whimsicott, L50, M, shiny|100/100
|switch|p2a: Archaludon|Archaludon, L50, M|100/100
|switch|p2b: Froslass|Froslass, L50, F|100/100
|turn|1
|c|☆battle sim trainer|oh goodie i get to test the new mega
|
|t:|1784326779
|detailschange|p1a: Floette|Floette-Mega, L50, F
|-mega|p1a: Floette|Floette|Floettite
|-ability|p1a: Floette|Fairy Aura
|detailschange|p2b: Froslass|Froslass-Mega, L50, F
|-mega|p2b: Froslass|Froslass|Froslassite
|-weather|Snowscape|[from] ability: Snow Warning|[of] p2b: Froslass
|move|p1a: Floette|Dazzling Gleam|p2b: Froslass|[spread] p2a,p2b
|-damage|p2a: Archaludon|55/100
|-damage|p2b: Froslass|55/100
|-ability|p2a: Archaludon|Stamina|boost
|-boost|p2a: Archaludon|def|1
|move|p1b: Whimsicott|Moonblast|p2b: Froslass
|-damage|p2b: Froslass|5/100
|-unboost|p2b: Froslass|spa|1
|move|p2b: Froslass|Aurora Veil|p2b: Froslass
|-sidestart|p2: battle sim trainer|move: Aurora Veil
|move|p2a: Archaludon|Flash Cannon|p1b: Whimsicott
|-supereffective|p1b: Whimsicott|1
|-damage|p1b: Whimsicott|17/100
|
|-weather|Snowscape|[upkeep]
|-heal|p2a: Archaludon|61/100|[from] item: Leftovers
|upkeep
|turn|2
|c|☆battle sim trainer|0_0
|
|t:|1784326823
|switch|p2b: Pelipper|Pelipper, L50, F|100/100
|-weather|RainDance|[from] ability: Drizzle|[of] p2b: Pelipper
|move|p1b: Whimsicott|Tailwind|p1b: Whimsicott
|-sidestart|p1: camala64|move: Tailwind
|move|p1a: Floette|Moonblast|p2a: Archaludon
|-damage|p2a: Archaludon|13/100
|-ability|p2a: Archaludon|Stamina|boost
|-boost|p2a: Archaludon|def|1
|move|p2a: Archaludon|Electro Shot||[still]
|-prepare|p2a: Archaludon|Electro Shot
|-boost|p2a: Archaludon|spa|1
|-anim|p2a: Archaludon|Electro Shot|p1a: Floette
|-damage|p1a: Floette|53/100
|
|-weather|RainDance|[upkeep]
|-heal|p2a: Archaludon|19/100|[from] item: Leftovers
|upkeep
|turn|3
|
|t:|1784326856
|switch|p2b: Sinistcha|Sinistcha, L50|100/100
|-heal|p2a: Archaludon|44/100|[from] ability: Hospitality|[of] p2b: Sinistcha
|move|p2a: Archaludon|Protect|p2a: Archaludon
|-singleturn|p2a: Archaludon|Protect
|move|p1a: Floette|Dazzling Gleam|p2a: Archaludon|[spread] p2b
|-activate|p2a: Archaludon|move: Protect
|-damage|p2b: Sinistcha|71/100
|move|p1b: Whimsicott|Moonblast|p2a: Archaludon
|-activate|p2a: Archaludon|move: Protect
|
|-weather|RainDance|[upkeep]
|-heal|p2a: Archaludon|50/100g|[from] item: Leftovers
|upkeep
|turn|4
|c|☆battle sim trainer|F
|
|t:|1784326902
|move|p1b: Whimsicott|Encore|p2a: Archaludon
|-start|p2a: Archaludon|Encore
|move|p2a: Archaludon|Protect||[still]
|-fail|p2a: Archaludon
|move|p1a: Floette|Moonblast|p2a: Archaludon
|-damage|p2a: Archaludon|7/100
|-ability|p2a: Archaludon|Stamina|boost
|-boost|p2a: Archaludon|def|1
|move|p2b: Sinistcha|Trick Room|p2b: Sinistcha
|-fieldstart|move: Trick Room|[of] p2b: Sinistcha
|
|-weather|RainDance|[upkeep]
|-heal|p2a: Archaludon|13/100|[from] item: Leftovers
|upkeep
|turn|5
|
|t:|1784326933
|switch|p2a: Froslass|Froslass-Mega, L50, F|5/100
|-weather|Snowscape|[from] ability: Snow Warning|[of] p2a: Froslass
|move|p1b: Whimsicott|Encore|p2b: Sinistcha
|-start|p2b: Sinistcha|Encore
|move|p1a: Floette|Dazzling Gleam|p2a: Froslass|[spread] p2a,p2b
|-crit|p2b: Sinistcha
|-damage|p2a: Froslass|0 fnt
|-damage|p2b: Sinistcha|8/100
|-enditem|p2b: Sinistcha|Sitrus Berry|[eat]
|-heal|p2b: Sinistcha|33/100|[from] item: Sitrus Berry
|faint|p2a: Froslass
|move|p2b: Sinistcha|Trick Room|p2b: Sinistcha
|-fieldend|move: Trick Room
|
|-weather|Snowscape|[upkeep]
|-sideend|p1: camala64|move: Tailwind
|-sideend|p2: battle sim trainer|move: Aurora Veil
|upkeep
|c|☆battle sim trainer|my brain
|-message|battle sim trainer forfeited.
|
|win|camala64
||camala64 is ready for game 2.
||battle sim trainer is ready for game 2.
|uhtml|next|Next: Game 2 of 3
