|j|☆Natsuharusama
|j|☆new mental
|html|Natsuharusamanew mental    
|uhtml|bestof|Game 1 of a best-of-3
|t:|1784462916
|gametype|doubles
|player|p1|Natsuharusama|pokemaniac|1125
|player|p2|new mental|volkner|1220
|gen|9
|tier|[Gen 9 Champions] VGC 2026 Reg M-B (Bo3)
|rated|
|rule|Species Clause: Limit one of each Pokémon
|rule|Item Clause: Limit 1 of each item
|clearpoke
|poke|p1|Staraptor, L50, F, shiny|
|poke|p1|Whimsicott, L50, M, shiny|
|poke|p1|Sinistcha-Masterpiece, L50, shiny|
|poke|p1|Sneasler, L50, M, shiny|
|poke|p1|Basculegion, L50, M, shiny|
|poke|p1|Metagross, L50, shiny|
|poke|p2|Aerodactyl, L50, F|
|poke|p2|Garchomp, L50, M|
|poke|p2|Kingambit, L50, M|
|poke|p2|Charizard, L50, M|
|poke|p2|Sylveon, L50, M|
|poke|p2|Farigiraf, L50, M|
|teampreview|4
|showteam|p1|Staraptor||Staraptite|Intimidate|CloseCombat,BraveBird,Roost,Protect|Jolly||F|||50|]Whimsicott||Leftovers|Prankster|Moonblast,Tailwind,Charm,Encore|Bold||M|||50|]Sinistcha-Masterpiece||SitrusBerry|Hospitality|RagePowder,MatchaGotcha,ShadowBall,Protect|Relaxed|||||50|]Sneasler||WhiteHerb|PoisonTouch|FakeOut,DireClaw,CloseCombat,Protect|Adamant||M|||50|]Basculegion||LifeOrb|Adaptability|WaveCrash,Protect,LastRespects,AquaJet|Jolly||M|||50|]Metagross||Metagrossite|ClearBody|MeteorMash,Protect,ZenHeadbutt,BulletPunch|Jolly|||||50|
|showteam|p2|Aerodactyl||Aerodactylite|Unnerve|IceFang,RockSlide,Tailwind,DualWingbeat|Jolly||F|||50|]Garchomp||LifeOrb|RoughSkin|DragonClaw,RockSlide,Earthquake,Protect|Jolly||M|||50|]Kingambit||FocusSash|Defiant|SuckerPunch,KowtowCleave,IronHead,LowKick|Adamant||M|||50|]Charizard||CharizarditeY|SolarPower|Protect,WeatherBall,HeatWave,SolarBeam|Modest||M|||50|]Sylveon||FairyFeather|Pixilate|Protect,HyperVoice,HyperBeam,QuickAttack|Modest||M|||50|]Farigiraf||SitrusBerry|ArmorTail|TrickRoom,Thunderbolt,Roar,Psychic|Bold||M|||50|
|inactive|Battle timer is ON: inactive players will automatically lose when time's up. (requested by Natsuharusama)
|
|t:|1784462930
|teamsize|p1|4
|teamsize|p2|4
|start
|switch|p1a: PeenusBreaker5000|Staraptor, L50, F, shiny|100/100
|switch|p1b: Puffy Balls|Whimsicott, L50, M, shiny|100/100
|switch|p2a: Sylveon|Sylveon, L50, M|100/100
|switch|p2b: Farigiraf|Farigiraf, L50, M|100/100
|-ability|p1a: PeenusBreaker5000|Intimidate|boost
|-unboost|p2a: Sylveon|atk|1
|-unboost|p2b: Farigiraf|atk|1
|turn|1
|
|t:|1784462951
|detailschange|p1a: PeenusBreaker5000|Staraptor-Mega, L50, F, shiny
|-mega|p1a: PeenusBreaker5000|Staraptor|Staraptite
|move|p2a: Sylveon|Protect|p2a: Sylveon
|-singleturn|p2a: Sylveon|Protect
|move|p1b: Puffy Balls|Charm|p1a: PeenusBreaker5000
|-boost|p1a: PeenusBreaker5000|atk|2
|move|p1a: PeenusBreaker5000|Brave Bird|p2a: Sylveon
|-activate|p2a: Sylveon|move: Protect
|move|p2b: Farigiraf|Trick Room|p2b: Farigiraf
|-fieldstart|move: Trick Room|[of] p2b: Farigiraf
|
|upkeep
|turn|2
|
|t:|1784462971
|switch|p1b: Chai Tea|Sinistcha-Masterpiece, L50, shiny|100/100
|move|p1a: PeenusBreaker5000|Protect|p1a: PeenusBreaker5000
|-singleturn|p1a: PeenusBreaker5000|Protect
|move|p2b: Farigiraf|Psychic|p1a: PeenusBreaker5000
|-activate|p1a: PeenusBreaker5000|move: Protect
|move|p2a: Sylveon|Hyper Voice|p1b: Chai Tea|[spread] p1b
|-activate|p1a: PeenusBreaker5000|move: Protect
|-damage|p1b: Chai Tea|41/100
|-enditem|p1b: Chai Tea|Sitrus Berry|[eat]
|-heal|p1b: Chai Tea|65/100|[from] item: Sitrus Berry
|
|upkeep
|turn|3
|inactive|Natsuharusama has 30 seconds left.
|inactive|Natsuharusama has 20 seconds left.
|inactive|Natsuharusama has 15 seconds left.
|
|t:|1784463014
|move|p1b: Chai Tea|Rage Powder|p1b: Chai Tea
|-singleturn|p1b: Chai Tea|move: Rage Powder
|move|p2b: Farigiraf|Psychic|p1b: Chai Tea
|-damage|p1b: Chai Tea|26/100
|move|p2a: Sylveon|Hyper Voice|p1b: Chai Tea|[spread] p1a,p1b
|-supereffective|p1a: PeenusBreaker5000|1
|-damage|p1a: PeenusBreaker5000|0 fnt
|-damage|p1b: Chai Tea|0 fnt
|faint|p1a: PeenusBreaker5000
|faint|p1b: Chai Tea
|
|upkeep
|
|t:|1784463023
|switch|p1b: Toeneepumus Prime|Sneasler, L50, M, shiny|100/100
|switch|p1a: Puffy Balls|Whimsicott, L50, M, shiny|100/100
|turn|4
|
|t:|1784463040
|move|p2b: Farigiraf|Psychic|p1b: Toeneepumus Prime
|-supereffective|p1b: Toeneepumus Prime|2
|-damage|p1b: Toeneepumus Prime|0 fnt
|faint|p1b: Toeneepumus Prime
|move|p2a: Sylveon|Hyper Voice|p1a: Puffy Balls
|-damage|p1a: Puffy Balls|19/100
|move|p1a: Puffy Balls|Moonblast|p2b: Farigiraf
|-damage|p2b: Farigiraf|76/100
|
|-heal|p1a: Puffy Balls|25/100|[from] item: Leftovers
|upkeep
|turn|5
|-message|Natsuharusama forfeited.
|
|win|new mental
