|j|☆Ethan159
|j|☆LorGhez
|html|Ethan159LorGhez    
|uhtml|bestof|Game 1 of a best-of-3
|t:|1783537648
|gametype|doubles
|player|p1|Ethan159|steven|
|player|p2|LorGhez|170|
|gen|9
|tier|[Gen 9 Champions] VGC 2026 Reg M-B (Bo3)
|rule|Species Clause: Limit one of each Pokémon
|rule|Item Clause: Limit 1 of each item
|clearpoke
|poke|p1|Altaria, L50, F|
|poke|p1|Gengar, L50, F|
|poke|p1|Scrafty, L50, M|
|poke|p1|Whimsicott, L50, M|
|poke|p1|Meowstic, L50, M|
|poke|p1|Bastiodon, L50, M|
|poke|p2|Venusaur, L50, F|
|poke|p2|Incineroar, L50, M|
|poke|p2|Primarina, L50, F|
|poke|p2|Aerodactyl, L50, M|
|poke|p2|Kingambit, L50, F|
|poke|p2|Farigiraf, L50, M|
|teampreview|4
|showteam|p1|Altaria||Altarianite|CloudNine|Protect,HyperVoice,CottonGuard,PerishSong|Modest||F|||50|]Gengar||Gengarite|CursedBody|Protect,ShadowBall,PerishSong,EnergyBall|Timid||F|||50|]Scrafty||RoseliBerry|Moxie|Payback,Detect,DrainPunch,RockSlide|Adamant||M|||50|]Whimsicott||FocusSash|Prankster|Protect,Encore,Tailwind,Moonblast|Timid||M|||50|]Meowstic||ColburBerry|Prankster|FakeTears,PsychicNoise,RainDance,Charm|Calm||M|||50|]Bastiodon||ChopleBerry|Soundproof|BodyPress,HeavySlam,Protect,Roar|Impish||M|||50|
|showteam|p2|Venusaur||Venusaurite|Chlorophyll|Protect,GigaDrain,SludgeBomb,EarthPower|Modest||F|||50|]Incineroar||Charcoal|Intimidate|FakeOut,PartingShot,DarkestLariat,FlareBlitz|Adamant||M|||50|]Primarina||LifeOrb|LiquidVoice|Protect,CalmMind,HyperVoice,Moonblast|Modest||F|||50|]Aerodactyl||Aerodactylite|Unnerve|DualWingbeat,Tailwind,RockSlide,IceFang|Adamant||M|||50|]Kingambit||BlackGlasses|Defiant|Protect,SuckerPunch,KowtowCleave,LowKick|Adamant||F|||50|]Farigiraf||ColburBerry|ArmorTail|TwinBeam,TrickRoom,Thunderbolt,HelpingHand|Sassy||M|||50|
|inactive|Battle timer is ON: inactive players will automatically lose when time's up. (requested by LorGhez)
|inactive|Ethan159 has 60 seconds left.
|
|t:|1783537693
|teamsize|p1|4
|teamsize|p2|4
|start
|switch|p1a: Scrafty|Scrafty, L50, M|100/100
|switch|p1b: Bastiodon|Bastiodon, L50, M|100/100
|switch|p2a: Primarina|Primarina, L50, F|100/100
|switch|p2b: Kingambit|Kingambit, L50, F|100/100
|turn|1
|inactive|Ethan159 has 30 seconds left.
|inactive|LorGhez has 30 seconds left.
|inactive|Ethan159 has 20 seconds left.
|inactive|Ethan159 has 15 seconds left.
|inactive|Ethan159 has 10 seconds left.
|inactive|Ethan159 has 5 seconds left.
|
|t:|1783537748
|move|p2a: Primarina|Protect|p2a: Primarina
|-singleturn|p2a: Primarina|Protect
|move|p2b: Kingambit|Protect|p2b: Kingambit
|-singleturn|p2b: Kingambit|Protect
|move|p1a: Scrafty|Payback|p2b: Kingambit
|-activate|p2b: Kingambit|move: Protect
|move|p1b: Bastiodon|Body Press|p2a: Primarina
|-activate|p2a: Primarina|move: Protect
|
|upkeep
|turn|2
|
|t:|1783537773
|switch|p2b: Venusaur|Venusaur, L50, F|100/100
|move|p2a: Primarina|Calm Mind|p2a: Primarina
|-boost|p2a: Primarina|spa|1
|-boost|p2a: Primarina|spd|1
|move|p1a: Scrafty|Drain Punch|p2b: Venusaur
|-resisted|p2b: Venusaur|1
|-damage|p2b: Venusaur|82/100
|move|p1b: Bastiodon|Heavy Slam|p2a: Primarina
|-damage|p2a: Primarina|81/100
|
|upkeep
|turn|3
|inactive|Ethan159 has 30 seconds left.
|inactive|LorGhez has 30 seconds left.
|inactive|Ethan159 has 20 seconds left.
|
|t:|1783537813
|detailschange|p2b: Venusaur|Venusaur-Mega, L50, F
|-mega|p2b: Venusaur|Venusaur|Venusaurite
|move|p2b: Venusaur|Giga Drain|p1b: Bastiodon
|-damage|p1b: Bastiodon|71/100
|-heal|p2b: Venusaur|95/100|[from] drain|[of] p1b: Bastiodon
|move|p2a: Primarina|Moonblast|p1a: Scrafty
|-supereffective|p1a: Scrafty|2
|-enditem|p1a: Scrafty|Roseli Berry|[eat]
|-enditem|p1a: Scrafty|Roseli Berry|[weaken]
|-damage|p1a: Scrafty|0 fnt
|faint|p1a: Scrafty
|-damage|p2a: Primarina|72/100|[from] item: Life Orb
|move|p1b: Bastiodon|Roar|p2a: Primarina
|drag|p2a: Farigiraf|Farigiraf, L50, M|100/100
|
|upkeep
|
|t:|1783537828
|switch|p1a: Gengar|Gengar, L50, F|100/100
|turn|4
|
|t:|1783537840
|switch|p2a: Kingambit|Kingambit, L50, F|100/100
|detailschange|p1a: Gengar|Gengar-Mega, L50, F
|-mega|p1a: Gengar|Gengar|Gengarite
|move|p1a: Gengar|Shadow Ball|p2b: Venusaur
|-crit|p2b: Venusaur
|-damage|p2b: Venusaur|43/100
|move|p2b: Venusaur|Earth Power|p1a: Gengar
|-supereffective|p1a: Gengar|1
|-damage|p1a: Gengar|27/100
|move|p1b: Bastiodon|Roar|p2a: Kingambit
|drag|p2a: Farigiraf|Farigiraf, L50, M|100/100
|
|upkeep
|turn|5
|inactive|Ethan159 has 30 seconds left.
|
|t:|1783537875
|move|p1a: Gengar|Protect|p1a: Gengar
|-singleturn|p1a: Gengar|Protect
|move|p2b: Venusaur|Giga Drain|p1b: Bastiodon
|-damage|p1b: Bastiodon|40/100
|-heal|p2b: Venusaur|57/100|[from] drain|[of] p1b: Bastiodon
|move|p2a: Farigiraf|Twin Beam|p1a: Gengar
|-activate|p1a: Gengar|move: Protect
|move|p1b: Bastiodon|Heavy Slam|p2a: Farigiraf
|-damage|p2a: Farigiraf|91/100
|
|upkeep
|turn|6
|
|t:|1783537891
|switch|p1b: Altaria|Altaria, L50, F|100/100
|-ability|p1b: Altaria|Cloud Nine
|move|p1a: Gengar|Shadow Ball|p2b: Venusaur
|-damage|p2b: Venusaur|20/100y
|move|p2b: Venusaur|Giga Drain|p1b: Altaria
|-resisted|p1b: Altaria|2
|-damage|p1b: Altaria|90/100
|-heal|p2b: Venusaur|24/100|[from] drain|[of] p1b: Altaria
|move|p2a: Farigiraf|Twin Beam|p1a: Gengar
|-supereffective|p1a: Gengar|1
|-damage|p1a: Gengar|0 fnt
|faint|p1a: Gengar
|-hitcount|p1: Gengar|1
|
|upkeep
|
|t:|1783537907
|switch|p1a: Bastiodon|Bastiodon, L50, M|40/100
|turn|7
|
|t:|1783537917
|move|p2a: Farigiraf|Helping Hand|p2b: Venusaur
|-singleturn|p2b: Venusaur|Helping Hand|[of] p2a: Farigiraf
|move|p2b: Venusaur|Giga Drain|p1a: Bastiodon
|-damage|p1a: Bastiodon|0 fnt
|-heal|p2b: Venusaur|41/100|[from] drain|[of] p1a: Bastiodon
|faint|p1a: Bastiodon
|move|p1b: Altaria|Hyper Voice|p2a: Farigiraf|[spread] p2a,p2b
|-damage|p2a: Farigiraf|77/100
|-damage|p2b: Venusaur|28/100
|
|upkeep
|turn|8
|
|t:|1783537931
|move|p2a: Farigiraf|Helping Hand|p2b: Venusaur
|-singleturn|p2b: Venusaur|Helping Hand|[of] p2a: Farigiraf
|move|p2b: Venusaur|Sludge Bomb|p1b: Altaria
|-damage|p1b: Altaria|26/100
|move|p1b: Altaria|Hyper Voice|p2b: Venusaur|[spread] p2a,p2b
|-damage|p2a: Farigiraf|63/100
|-damage|p2b: Venusaur|14/100
|
|upkeep
|turn|9
|
|t:|1783537942
|move|p2a: Farigiraf|Helping Hand|p2b: Venusaur
|-singleturn|p2b: Venusaur|Helping Hand|[of] p2a: Farigiraf
|move|p2b: Venusaur|Sludge Bomb|p1b: Altaria
|-damage|p1b: Altaria|0 fnt
|faint|p1b: Altaria
|
|win|LorGhez
|c|☆Ethan159|gg
|l|☆Ethan159
|player|p1|
|inactive|Ethan159 has 30 seconds to confirm battle start!
|inactive|LorGhez has 30 seconds to confirm battle start!
||LorGhez is ready for game 2.
|inactive|Ethan159 has 19 seconds to confirm battle start!
||Ethan159 is ready for game 2.
|uhtml|next|Next: Game 2 of 3
