|j|☆Umberella24
|j|☆higigig
|html|Umberella24higigig    
|uhtml|bestof|Game 2 of a best-of-3
|t:|1756238911
|gametype|doubles
|player|p1|Umberella24|linebacker|1140
|player|p2|higigig|sisandbro|1197
|gen|9
|tier|[Gen 9] VGC 2025 Reg H (Bo3)
|rated|
|rule|Species Clause: Limit one of each Pokémon
|rule|Item Clause: Limit 1 of each item
|clearpoke
|poke|p1|Zoroark-Hisui, L50, F|
|poke|p1|Hydreigon, L50, F|
|poke|p1|Arcanine-Hisui, L50, M|
|poke|p1|Gholdengo, L50|
|poke|p1|Amoonguss, L50, F|
|poke|p1|Whimsicott, L50, F|
|poke|p2|Sneasler, L50, F|
|poke|p2|Gholdengo, L50|
|poke|p2|Farigiraf, L50, M|
|poke|p2|Ursaluna-Bloodmoon, L50, M|
|poke|p2|Amoonguss, L50, F|
|poke|p2|Altaria, L50, F|
|teampreview|4
|showteam|p1|Zoroark-Hisui||FocusSash|Illusion|TeraBlast,Taunt,BitterMalice,IcyWind|||F|||50|,,,,,Fighting]Hydreigon||ChoiceSpecs|Levitate|DarkPulse,HeatWave,DracoMeteor,EarthPower|||F|||50|,,,,,Fire]Arcanine-Hisui||LifeOrb|RockHead|FlareBlitz,HeadSmash,RockSlide,Protect|||M|||50|,,,,,Ghost]Gholdengo||MetalCoat|GoodasGold|MakeItRain,ShadowBall,NastyPlot,Protect||||||50|,,,,,Dragon]Amoonguss||RockyHelmet|Regenerator|RagePowder,Spore,ClearSmog,LeafStorm|||F|||50|,,,,,Water]Whimsicott||CovertCloak|Prankster|Moonblast,Tailwind,Encore,SunnyDay|||F|||50|,,,,,Dark
|showteam|p2|Sneasler||FocusSash|PoisonTouch|FakeOut,CloseCombat,DireClaw,Protect|||F|||50|,,,,,Dark]Gholdengo||ChoiceSpecs|GoodasGold|MakeItRain,ShadowBall,PowerGem,Trick||||||50|,,,,,Steel]Farigiraf||MentalHerb|ArmorTail|Psychic,Imprison,HelpingHand,TrickRoom|||M|||50|,,,,,Grass]Ursaluna-Bloodmoon||ThroatSpray|MindsEye|HyperVoice,EarthPower,BloodMoon,Protect|||M|||50|,,,,,Normal]Amoonguss||SitrusBerry|Regenerator|SludgeBomb,PollenPuff,Spore,RagePowder|||F|||50|,,,,,Water]Altaria||CovertCloak|CloudNine|BreakingSwipe,HelpingHand,Haze,Tailwind|||F|||50|,,,,,Water
|inactive|Battle timer is ON: inactive players will automatically lose when time's up. (requested by higigig)
|inactive|Umberella24 has 60 seconds left.
|
|t:|1756238959
|teamsize|p1|4
|teamsize|p2|4
|start
|switch|p1a: Arcanine|Arcanine-Hisui, L50, M|100/100
|switch|p1b: Hydreigon|Hydreigon, L50, F|100/100
|switch|p2a: Farigiraf|Farigiraf, L50, M|100/100
|switch|p2b: Amoonguss|Amoonguss, L50, F|100/100
|turn|1
|inactive|Umberella24 has 30 seconds left.
|inactive|higigig has 30 seconds left.
|inactive|Umberella24 has 20 seconds left.
|inactive|Umberella24 has 15 seconds left.
|inactive|Umberella24 has 10 seconds left.
|inactive|Umberella24 has 5 seconds left.
|
|t:|1756239011
|-terastallize|p2b: Amoonguss|Water
|move|p2b: Amoonguss|Rage Powder|p2b: Amoonguss
|-singleturn|p2b: Amoonguss|move: Rage Powder
|move|p1a: Arcanine|Rock Slide|p2b: Amoonguss|[spread] p2a,p2b
|-damage|p2a: Farigiraf|73/100
|-damage|p2b: Amoonguss|70/100
|-damage|p1a: Arcanine|91/100|[from] item: Life Orb
|move|p1b: Hydreigon|Draco Meteor|p2b: Amoonguss
|-damage|p2b: Amoonguss|0 fnt
|-unboost|p1b: Hydreigon|spa|2
|faint|p2b: Amoonguss
|move|p2a: Farigiraf|Trick Room|p2a: Farigiraf
|-fieldstart|move: Trick Room|[of] p2a: Farigiraf
|
|upkeep
|
|t:|1756239025
|switch|p2b: Ursaluna|Ursaluna-Bloodmoon, L50, M|100/100
|turn|2
|inactive|higigig has 30 seconds left.
|
|t:|1756239052
|move|p1a: Arcanine|Protect|p1a: Arcanine
|-singleturn|p1a: Arcanine|Protect
|move|p2a: Farigiraf|Psychic|p1a: Arcanine
|-activate|p1a: Arcanine|move: Protect
|move|p2b: Ursaluna|Hyper Voice|p1b: Hydreigon|[spread] p1b
|-activate|p1a: Arcanine|move: Protect
|-damage|p1b: Hydreigon|57/100
|-enditem|p2b: Ursaluna|Throat Spray
|-boost|p2b: Ursaluna|spa|1|[from] item: Throat Spray
|move|p1b: Hydreigon|Draco Meteor|p2b: Ursaluna
|-damage|p2b: Ursaluna|38/100
|-unboost|p1b: Hydreigon|spa|2
|
|upkeep
|turn|3
|
|t:|1756239076
|switch|p2a: Gholdengo|Gholdengo, L50|100/100
|switch|p1a: Gholdengo|Gholdengo, L50|100/100
|move|p2b: Ursaluna|Protect|p2b: Ursaluna
|-singleturn|p2b: Ursaluna|Protect
|move|p1b: Hydreigon|Draco Meteor|p2b: Ursaluna
|-activate|p2b: Ursaluna|move: Protect
|
|upkeep
|turn|4
|
|t:|1756239100
|move|p1a: Gholdengo|Protect|p1a: Gholdengo
|-singleturn|p1a: Gholdengo|Protect
|move|p2b: Ursaluna|Hyper Voice|p1a: Gholdengo|[spread] p1b
|-activate|p1a: Gholdengo|move: Protect
|-damage|p1b: Hydreigon|0 fnt
|faint|p1b: Hydreigon
|move|p2a: Gholdengo|Make It Rain|p1a: Gholdengo
|-activate|p1a: Gholdengo|move: Protect
|
|upkeep
|
|t:|1756239112
|switch|p1b: Amoonguss|Amoonguss, L50, F|100/100
|turn|5
|
|t:|1756239130
|-terastallize|p1a: Gholdengo|Dragon
|move|p1b: Amoonguss|Spore|p2b: Ursaluna
|-status|p2b: Ursaluna|slp|[from] move: Spore
|cant|p2b: Ursaluna|slp
|move|p2a: Gholdengo|Make It Rain|p1a: Gholdengo|[spread] p1a,p1b
|-damage|p1a: Gholdengo|23/100
|-damage|p1b: Amoonguss|34/100
|-unboost|p2a: Gholdengo|spa|1
|move|p1a: Gholdengo|Shadow Ball|p2a: Gholdengo
|-supereffective|p2a: Gholdengo
|-damage|p2a: Gholdengo|8/100
|-unboost|p2a: Gholdengo|spd|1
|
|-fieldend|move: Trick Room
|upkeep
|turn|6
|inactive|Umberella24 has 30 seconds left.
|inactive|higigig has 30 seconds left.
|inactive|higigig has 20 seconds left.
|inactive|higigig has 15 seconds left.
|inactive|higigig has 10 seconds left.
|
|t:|1756239178
|switch|p2b: Farigiraf|Farigiraf, L50, M|73/100
|switch|p1b: Arcanine|Arcanine-Hisui, L50, M|91/100
|move|p2a: Gholdengo|Make It Rain|p1b: Arcanine|[spread] p1a,p1b
|-damage|p1a: Gholdengo|0 fnt
|-damage|p1b: Arcanine|30/100
|-unboost|p2a: Gholdengo|spa|1
|faint|p1a: Gholdengo
|
|upkeep
|
|t:|1756239190
|switch|p1a: Amoonguss|Amoonguss, L50, F|67/100
|turn|7
|
|t:|1756239210
|move|p1b: Arcanine|Rock Slide|p2b: Farigiraf|[spread] p2a,p2b
|-resisted|p2a: Gholdengo
|-damage|p2a: Gholdengo|0 fnt
|-damage|p2b: Farigiraf|46/100
|faint|p2a: Gholdengo
|-damage|p1b: Arcanine|20/100|[from] item: Life Orb
|move|p2b: Farigiraf|Psychic|p1a: Amoonguss
|-supereffective|p1a: Amoonguss
|-damage|p1a: Amoonguss|4/100
|move|p1a: Amoonguss|Spore|p2b: Farigiraf
|-status|p2b: Farigiraf|slp|[from] move: Spore
|
|upkeep
|
|t:|1756239212
|switch|p2a: Ursaluna|Ursaluna-Bloodmoon, L50, M|38/100 slp
|turn|8
|inactive|Umberella24 has 30 seconds left.
|inactive|Umberella24 has 20 seconds left.
|
|t:|1756239248
|move|p1a: Amoonguss|Rage Powder|p1a: Amoonguss
|-singleturn|p1a: Amoonguss|move: Rage Powder
|move|p1b: Arcanine|Flare Blitz|p2a: Ursaluna
|-damage|p2a: Ursaluna|0 fnt
|faint|p2a: Ursaluna
|-damage|p1b: Arcanine|10/100|[from] item: Life Orb
|cant|p2b: Farigiraf|slp
|
|upkeep
|turn|9
|
|t:|1756239266
|move|p1b: Arcanine|Flare Blitz|p2b: Farigiraf
|-damage|p2b: Farigiraf|0 fnt
|faint|p2b: Farigiraf
|-damage|p1b: Arcanine|0 fnt|[from] item: Life Orb
|faint|p1b: Arcanine
|
|win|Umberella24
|raw|Umberella24's rating: 1140 → 1169(+29 for winning)
|raw|higigig's rating: 1197 → 1168(-29 for losing)
