|j|☆robotarmadillo
|j|☆Xto80
|html|robotarmadilloXto80    
|uhtml|bestof|Game 1 of a best-of-3
|t:|1783351435
|gametype|doubles
|player|p1|robotarmadillo|lucas|
|player|p2|Xto80|cheren|
|gen|9
|tier|[Gen 9 Champions] VGC 2026 Reg M-B (Bo3)
|rule|Species Clause: Limit one of each Pokémon
|rule|Item Clause: Limit 1 of each item
|clearpoke
|poke|p1|Politoed, L50, F|
|poke|p1|Basculegion, L50, M|
|poke|p1|Scizor, L50, F|
|poke|p1|Tsareena, L50, F|
|poke|p1|Raichu, L50, M|
|poke|p1|Tinkaton, L50, F|
|poke|p2|Lucario, L50, F|
|poke|p2|Pelipper, L50, F|
|poke|p2|Archaludon, L50, M|
|poke|p2|Mimikyu, L50, M|
|poke|p2|Toxicroak, L50, M|
|poke|p2|Appletun, L50, F|
|teampreview|4
|showteam|p1|Politoed||SitrusBerry|Drizzle|HelpingHand,IcyWind,Protect,HydroPump|Calm||F|||50|]Basculegion||MysticWater|SwiftSwim|WaveCrash,PsychicFangs,AquaJet,LastRespects|Adamant||M|||50|]Scizor||Scizorite|Technician|BulletPunch,Uturn,CloseCombat,Protect|Adamant||F|||50|]Tsareena||ExpertBelt|QueenlyMajesty|PowerWhip,Uturn,TripleAxel,Protect|Careful||F|||50|]Raichu||FocusSash|LightningRod|FakeOut,Nuzzle,VoltSwitch,Protect|Jolly||M|||50|]Tinkaton||Leftovers|OwnTempo|GigatonHammer,PlayRough,FakeOut,KnockOff|Jolly||F|||50|
|showteam|p2|Lucario||Lucarionite|InnerFocus|CloseCombat,ExtremeSpeed,MeteorMash,Detect|Jolly||F|||50|]Pelipper||FocusSash|Drizzle|Hurricane,Tailwind,Protect,HydroPump|Timid||F|||50|]Archaludon||SitrusBerry|Stamina|ElectroShot,FlashCannon,DracoMeteor,BodySlam|Modest||M|||50|]Mimikyu||MentalHerb|Disguise|TrickRoom,PlayRough,WillOWisp,ShadowClaw|Brave||M|||50|]Toxicroak||LifeOrb|DrySkin|FakeOut,GunkShot,DrainPunch,SuckerPunch|Jolly||M|||50|]Appletun||Leftovers|ThickFat|AppleAcid,DragonPulse,Recover,Protect|Calm||F|||50|
|
|t:|1783351660
|teamsize|p1|4
|teamsize|p2|4
|start
|switch|p1a: Raichu|Raichu, L50, M|100/100
|switch|p1b: Basculegion|Basculegion, L50, M|100/100
|switch|p2a: Toxicroak|Toxicroak, L50, M|100/100
|switch|p2b: Archaludon|Archaludon, L50, M|100/100
|turn|1
|
|t:|1783351760
|move|p1a: Raichu|Fake Out|p2a: Toxicroak
|-damage|p2a: Toxicroak|81/100
|cant|p2a: Toxicroak|flinch
|move|p1b: Basculegion|Psychic Fangs|p2a: Toxicroak
|-supereffective|p2a: Toxicroak|2
|-damage|p2a: Toxicroak|0 fnt
|faint|p2a: Toxicroak
|move|p2b: Archaludon|Flash Cannon|p1a: Raichu
|-resisted|p1a: Raichu|1
|-damage|p1a: Raichu|63/100
|
|upkeep
|
|t:|1783351827
|switch|p2a: Lucario|Lucario, L50, F|100/100
|turn|2
|
|t:|1783351935
|switch|p1b: Scizor|Scizor, L50, F|100/100
|detailschange|p2a: Lucario|Lucario-Mega, L50, F
|-mega|p2a: Lucario|Lucario|Lucarionite
|move|p2a: Lucario|Close Combat|p1a: Raichu
|-damage|p1a: Raichu|0 fnt
|-unboost|p2a: Lucario|def|1
|-unboost|p2a: Lucario|spd|1
|faint|p1a: Raichu
|move|p2b: Archaludon|Draco Meteor|p1b: Scizor
|-resisted|p1b: Scizor|1
|-damage|p1b: Scizor|56/100
|-unboost|p2b: Archaludon|spa|2
|
|upkeep
|
|t:|1783351982
|switch|p1a: Tinkaton|Tinkaton, L50, F|100/100
|turn|3
|
|t:|1783352147
|detailschange|p1b: Scizor|Scizor-Mega, L50, F
|-mega|p1b: Scizor|Scizor|Scizorite
|move|p1a: Tinkaton|Fake Out|p2b: Archaludon
|-resisted|p2b: Archaludon|1
|-damage|p2b: Archaludon|96/100
|-ability|p2b: Archaludon|Stamina|boost
|-boost|p2b: Archaludon|def|1
|move|p1b: Scizor|Bullet Punch|p2a: Lucario
|-resisted|p2a: Lucario|1
|-damage|p2a: Lucario|59/100
|move|p2a: Lucario|Close Combat|p1b: Scizor
|-damage|p1b: Scizor|0 fnt
|-unboost|p2a: Lucario|def|1
|-unboost|p2a: Lucario|spd|1
|faint|p1b: Scizor
|cant|p2b: Archaludon|flinch
|
|upkeep
|
|t:|1783352167
|switch|p1b: Basculegion|Basculegion, L50, M|100/100
|turn|4
|
|t:|1783352274
|move|p1b: Basculegion|Aqua Jet|p2a: Lucario
|-damage|p2a: Lucario|0 fnt
|faint|p2a: Lucario
|move|p1a: Tinkaton|Play Rough|p2b: Archaludon
|-damage|p2b: Archaludon|81/100
|-ability|p2b: Archaludon|Stamina|boost
|-boost|p2b: Archaludon|def|1
|move|p2b: Archaludon|Draco Meteor|p1b: Basculegion
|-damage|p1b: Basculegion|58/100
|-unboost|p2b: Archaludon|spa|2
|
|upkeep
|
|t:|1783352319
|switch|p2a: Pelipper|Pelipper, L50, F|100/100
|-weather|RainDance|[from] ability: Drizzle|[of] p2a: Pelipper
|turn|5
|
|t:|1783352382
|move|p1b: Basculegion|Wave Crash|p2a: Pelipper
|-resisted|p2a: Pelipper|1
|-damage|p2a: Pelipper|21/100
|-damage|p1b: Basculegion|40/100|[from] Recoil
|move|p1a: Tinkaton|Knock Off|p2b: Archaludon
|-damage|p2b: Archaludon|72/100
|-ability|p2b: Archaludon|Stamina|boost
|-boost|p2b: Archaludon|def|1
|-enditem|p2b: Archaludon|Sitrus Berry|[from] move: Knock Off|[of] p1a: Tinkaton
|move|p2a: Pelipper|Tailwind|p2a: Pelipper
|-sidestart|p2: Xto80|move: Tailwind
|move|p2b: Archaludon|Electro Shot||[still]
|-prepare|p2b: Archaludon|Electro Shot
|-boost|p2b: Archaludon|spa|1
|-anim|p2b: Archaludon|Electro Shot|p1b: Basculegion
|-supereffective|p1b: Basculegion|1
|-damage|p1b: Basculegion|0 fnt
|faint|p1b: Basculegion
|
|-weather|RainDance|[upkeep]
|upkeep
|turn|6
|
|t:|1783352491
|move|p2a: Pelipper|Hydro Pump|p1a: Tinkaton
|-damage|p1a: Tinkaton|24/100
|move|p2b: Archaludon|Electro Shot||[still]
|-prepare|p2b: Archaludon|Electro Shot
|-boost|p2b: Archaludon|spa|1
|-anim|p2b: Archaludon|Electro Shot|p1a: Tinkaton
|-crit|p1a: Tinkaton
|-damage|p1a: Tinkaton|0 fnt
|faint|p1a: Tinkaton
|
|win|Xto80
||Xto80 is ready for game 2.
||robotarmadillo is ready for game 2.
|uhtml|next|Next: Game 2 of 3
