|j|☆panijc
|j|☆kk1pper1314
|html|panijckk1pper1314    
|uhtml|bestof|Game 3 of a best-of-3
|t:|1785809355
|gametype|doubles
|player|p1|panijc|266|1214
|player|p2|kk1pper1314|170|1321
|gen|9
|tier|[Gen 9 Champions] VGC 2026 Reg M-B (Bo3)
|rated|
|rule|Species Clause: Limit one of each Pokémon
|rule|Item Clause: Limit 1 of each item
|clearpoke
|poke|p1|Raichu, L50, M|
|poke|p1|Mamoswine, L50, F|
|poke|p1|Sylveon, L50, M|
|poke|p1|Incineroar, L50, F|
|poke|p1|Basculegion, L50, M|
|poke|p1|Whimsicott, L50, F|
|poke|p2|Gardevoir, L50, F|
|poke|p2|Maushold-Four, L50|
|poke|p2|Talonflame, L50, M|
|poke|p2|Garchomp, L50, F|
|poke|p2|Kingambit, L50, M|
|poke|p2|Blastoise, L50, F|
|teampreview|4
|showteam|p1|Raichu||RaichuniteY|LightningRod|ZapCannon,FocusBlast,FakeOut,Protect|Timid||M|||50|]Mamoswine||LifeOrb|Oblivious|IcicleCrash,HighHorsepower,IceShard,Protect|Adamant||F|||50|]Sylveon||FairyFeather|Pixilate|HyperVoice,HyperBeam,Detect,Yawn|Modest||M|||50|]Incineroar||SitrusBerry|Intimidate|ThroatChop,FlareBlitz,FakeOut,PartingShot|Impish||F|||50|]Basculegion||MysticWater|Adaptability|WaveCrash,LastRespects,AquaJet,Protect|Adamant||M|||50|]Whimsicott||FocusSash|Prankster|Moonblast,Tailwind,Protect,Encore|Timid||F|||50|
|showteam|p2|Gardevoir||Gardevoirite|Trace|Protect,HyperVoice,Psyshock,TrickRoom|Modest||F|||50|]Maushold-Four||FocusSash|FriendGuard|Taunt,SuperFang,FollowMe,Protect|Jolly|||||50|]Talonflame|||GaleWings|Protect,Acrobatics,Tailwind,FlareBlitz|Jolly||M|||50|]Garchomp||LumBerry|RoughSkin|DragonClaw,Earthquake,Protect,RockSlide|Adamant||F|||50|]Kingambit||LifeOrb|Defiant|IronHead,KowtowCleave,SuckerPunch,Protect|Adamant||M|||50|]Blastoise||Blastoisinite|Torrent|WaterSpout,AuraSphere,DarkPulse,FakeOut|Modest||F|||50|
|inactive|Battle timer is ON: inactive players will automatically lose when time's up. (requested by kk1pper1314)
|
|t:|1785809377
|teamsize|p1|4
|teamsize|p2|4
|start
|switch|p1a: Raichu|Raichu, L50, M|100/100
|switch|p1b: Sylveon|Sylveon, L50, M|100/100
|switch|p2a: Gardevoir|Gardevoir, L50, F|100/100
|switch|p2b: Maushold|Maushold-Four, L50|100/100
|-ability|p2a: Gardevoir|Lightning Rod|Trace|[from] ability: Trace|[of] p1a: Raichu
|turn|1
|
|t:|1785809391
|detailschange|p1a: Raichu|Raichu-Mega-Y, L50, M
|-mega|p1a: Raichu|Raichu|Raichunite Y
|detailschange|p2a: Gardevoir|Gardevoir-Mega, L50, F
|-mega|p2a: Gardevoir|Gardevoir|Gardevoirite
|move|p2b: Maushold|Protect|p2b: Maushold
|-singleturn|p2b: Maushold|Protect
|move|p2a: Gardevoir|Protect|p2a: Gardevoir
|-singleturn|p2a: Gardevoir|Protect
|move|p1a: Raichu|Fake Out|p2a: Gardevoir
|-activate|p2a: Gardevoir|move: Protect
|move|p1b: Sylveon|Hyper Voice|p2a: Gardevoir|[spread] 
|-activate|p2a: Gardevoir|move: Protect
|-activate|p2b: Maushold|move: Protect
|
|upkeep
|turn|2
|
|t:|1785809410
|move|p2b: Maushold|Follow Me|p2b: Maushold
|-singleturn|p2b: Maushold|move: Follow Me
|move|p1a: Raichu|Focus Blast|p2b: Maushold
|-supereffective|p2b: Maushold|1
|-enditem|p2b: Maushold|Focus Sash
|-damage|p2b: Maushold|1/100
|move|p2a: Gardevoir|Hyper Voice|p1b: Sylveon|[spread] p1a,p1b
|-damage|p1a: Raichu|11/100
|-damage|p1b: Sylveon|53/100
|move|p1b: Sylveon|Hyper Voice|p2b: Maushold|[spread] p2a,p2b
|-damage|p2a: Gardevoir|72/100
|-damage|p2b: Maushold|0 fnt
|faint|p2b: Maushold
|
|upkeep
|
|t:|1785809421
|switch|p2b: Talonflame|Talonflame, L50, M|100/100
|turn|3
|inactive|kk1pper1314 has 30 seconds left.
|
|t:|1785809452
|move|p1a: Raichu|Protect|p1a: Raichu
|-singleturn|p1a: Raichu|Protect
|move|p2b: Talonflame|Acrobatics|p1a: Raichu
|-activate|p1a: Raichu|move: Protect
|move|p2a: Gardevoir|Psyshock|p1b: Sylveon
|-damage|p1b: Sylveon|0 fnt
|faint|p1b: Sylveon
|
|upkeep
|
|t:|1785809463
|switch|p1b: Basculegion|Basculegion, L50, M|100/100
|turn|4
|
|t:|1785809486
|move|p2b: Talonflame|Tailwind|p2b: Talonflame
|-sidestart|p2: kk1pper1314|move: Tailwind
|move|p1b: Basculegion|Aqua Jet|p2b: Talonflame
|-supereffective|p2b: Talonflame|1
|-damage|p2b: Talonflame|3/100
|move|p2a: Gardevoir|Hyper Voice|p1b: Basculegion|[spread] p1a,p1b
|-damage|p1a: Raichu|0 fnt
|-damage|p1b: Basculegion|41/100
|faint|p1a: Raichu
|
|upkeep
|
|t:|1785809495
|switch|p1a: Mamoswine|Mamoswine, L50, F|100/100
|turn|5
|
|t:|1785809502
|move|p2a: Gardevoir|Protect|p2a: Gardevoir
|-singleturn|p2a: Gardevoir|Protect
|move|p1a: Mamoswine|Ice Shard|p2a: Gardevoir
|-activate|p2a: Gardevoir|move: Protect
|move|p1b: Basculegion|Aqua Jet|p2a: Gardevoir
|-activate|p2a: Gardevoir|move: Protect
|move|p2b: Talonflame|Flare Blitz|p1a: Mamoswine
|-supereffective|p1a: Mamoswine|1
|-damage|p1a: Mamoswine|0 fnt
|faint|p1a: Mamoswine
|-damage|p2b: Talonflame|0 fnt|[from] Recoil
|faint|p2b: Talonflame
|
|upkeep
|
|t:|1785809509
|switch|p2b: Kingambit|Kingambit, L50, M|100/100
|turn|6
|
|t:|1785809521
|move|p2b: Kingambit|Sucker Punch|p1b: Basculegion
|-supereffective|p1b: Basculegion|1
|-damage|p1b: Basculegion|0 fnt
|faint|p1b: Basculegion
|-damage|p2b: Kingambit|90/100|[from] item: Life Orb
|
|win|kk1pper1314
|raw|panijc's rating: 1214 → 1196(-18 for losing)
|raw|kk1pper1314's rating: 1321 → 1335(+14 for winning)
