|j|☆PaniniWeenie
|j|☆A Regu1ar Guy
|html|PaniniWeenieA Regu1ar Guy    
|uhtml|bestof|Game 1 of a best-of-3
|t:|1757005346
|gametype|doubles
|player|p1|PaniniWeenie|pokemaniac|1412
|player|p2|A Regu1ar Guy|elesa|1461
|gen|9
|tier|[Gen 9] VGC 2025 Reg H (Bo3)
|rated|
|rule|Species Clause: Limit one of each Pokémon
|rule|Item Clause: Limit 1 of each item
|clearpoke
|poke|p1|Sneasler, L50, F|
|poke|p1|Volcarona, L50, F|
|poke|p1|Dragonite, L50, M|
|poke|p1|Rillaboom, L50, F|
|poke|p1|Electabuzz, L50, M|
|poke|p1|Kingambit, L50, M|
|poke|p2|Volcarona, L50, F|
|poke|p2|Rillaboom, L50, M|
|poke|p2|Electabuzz, L50, F|
|poke|p2|Tauros-Paldea-Aqua, L50, M|
|poke|p2|Tyranitar, L50, M|
|poke|p2|Gholdengo, L50|
|teampreview|4
|showteam|p1|Sneasler||FocusSash|PoisonTouch|DireClaw,CloseCombat,FakeOut,Coaching|||F|||50|,,,,,Stellar]Volcarona||Leftovers|FlameBody|HeatWave,QuiverDance,Protect,TeraBlast|||F|||50|,,,,,Fairy]Dragonite||LoadedDice|Multiscale|ScaleShot,ExtremeSpeed,Haze,Protect|||M|||50|,,,,,Steel]Rillaboom||AssaultVest|GrassySurge|WoodHammer,GrassyGlide,HighHorsepower,FakeOut|||F|||50|,,,,,Fire]Electabuzz||Eviolite|VitalSpirit|FollowMe,Thunderbolt,Taunt,Protect|||M|||50|,,,,,Ghost]Kingambit||BlackGlasses|Defiant|KowtowCleave,SuckerPunch,SwordsDance,Protect|||M|||50|,,,,,Dark
|showteam|p2|Volcarona||GrassySeed|FlameBody|HeatWave,GigaDrain,QuiverDance,Protect|||F|||50|,,,,,Grass]Rillaboom||MiracleSeed|GrassySurge|WoodHammer,GrassyGlide,FakeOut,HighHorsepower|||M|||50|,,,,,Fire]Electabuzz||Eviolite|VitalSpirit|Electroweb,FollowMe,Taunt,Protect|||F|||50|,,,,,Ghost]Tauros-Paldea-Aqua||MirrorHerb|Intimidate|WaveCrash,AquaJet,CloseCombat,Protect|||M|||50|,,,,,Water]Tyranitar||AssaultVest|SandStream|KnockOff,RockSlide,TeraBlast,LowKick|||M|||50|,,,,,Flying]Gholdengo||LifeOrb|GoodasGold|MakeItRain,ShadowBall,NastyPlot,Protect||||||50|,,,,,Water
|
|t:|1757005379
|teamsize|p1|4
|teamsize|p2|4
|start
|switch|p1a: Sneasler|Sneasler, L50, F|100/100
|switch|p1b: Dragonite|Dragonite, L50, M|100/100
|switch|p2a: Volcarona|Volcarona, L50, F, shiny|100/100
|switch|p2b: Rillaboom|Rillaboom, L50, M|100/100
|-fieldstart|move: Grassy Terrain|[from] ability: Grassy Surge|[of] p2b: Rillaboom
|-enditem|p2a: Volcarona|Grassy Seed
|-boost|p2a: Volcarona|def|1|[from] item: Grassy Seed
|turn|1
|
|t:|1757005391
|move|p1a: Sneasler|Fake Out|p2b: Rillaboom
|-damage|p2b: Rillaboom|87/100
|cant|p2b: Rillaboom|flinch
|move|p2a: Volcarona|Quiver Dance|p2a: Volcarona
|-boost|p2a: Volcarona|spa|1
|-boost|p2a: Volcarona|spd|1
|-boost|p2a: Volcarona|spe|1
|move|p1b: Dragonite|Scale Shot|p2a: Volcarona
|-damage|p2a: Volcarona|88/100
|-damage|p2a: Volcarona|77/100
|-damage|p2a: Volcarona|64/100
|-damage|p2a: Volcarona|53/100
|-damage|p2a: Volcarona|41/100
|-hitcount|p2a: Volcarona|5
|-unboost|p1b: Dragonite|def|1
|-boost|p1b: Dragonite|spe|1
|
|-heal|p2a: Volcarona|47/100|[from] Grassy Terrain
|-heal|p2b: Rillaboom|93/100|[from] Grassy Terrain
|upkeep
|turn|2
|
|t:|1757005425
|-terastallize|p1a: Sneasler|Stellar
|move|p2b: Rillaboom|Grassy Glide|p1a: Sneasler
|-resisted|p1a: Sneasler
|-damage|p1a: Sneasler|60/100
|move|p2a: Volcarona|Heat Wave|p1b: Dragonite|[spread] p1a,p1b
|-resisted|p1b: Dragonite
|-damage|p1a: Sneasler|0 fnt
|-damage|p1b: Dragonite|87/100
|faint|p1a: Sneasler
|move|p1b: Dragonite|Scale Shot|p2b: Rillaboom
|-damage|p2b: Rillaboom|78/100
|-damage|p2b: Rillaboom|64/100
|-damage|p2b: Rillaboom|50/100
|-damage|p2b: Rillaboom|35/100
|-damage|p2b: Rillaboom|20/100
|-hitcount|p2b: Rillaboom|5
|-unboost|p1b: Dragonite|def|1
|-boost|p1b: Dragonite|spe|1
|
|-heal|p2a: Volcarona|54/100|[from] Grassy Terrain
|-heal|p2b: Rillaboom|26/100|[from] Grassy Terrain
|upkeep
|
|t:|1757005445
|switch|p1a: Electabuzz|Electabuzz, L50, M|100/100
|turn|3
|
|t:|1757005456
|switch|p2b: Tauros|Tauros-Paldea-Aqua, L50, M|100/100
|-ability|p2b: Tauros|Intimidate|boost
|-unboost|p1a: Electabuzz|atk|1
|-unboost|p1b: Dragonite|atk|1
|move|p1a: Electabuzz|Follow Me|p1a: Electabuzz
|-singleturn|p1a: Electabuzz|move: Follow Me
|move|p1b: Dragonite|Scale Shot|p2b: Tauros
|-damage|p2b: Tauros|89/100
|-crit|p2b: Tauros
|-damage|p2b: Tauros|65/100
|-damage|p2b: Tauros|53/100
|-damage|p2b: Tauros|43/100
|-damage|p2b: Tauros|33/100
|-hitcount|p2b: Tauros|5
|-unboost|p1b: Dragonite|def|1
|-boost|p1b: Dragonite|spe|1
|-enditem|p2b: Tauros|Mirror Herb
|-boost|p2b: Tauros|spe|1|[from] item: Mirror Herb
|move|p2a: Volcarona|Heat Wave|p1a: Electabuzz|[spread] p1a,p1b
|-resisted|p1b: Dragonite
|-damage|p1a: Electabuzz|56/100
|-damage|p1b: Dragonite|56/100
|
|-heal|p2b: Tauros|39/100|[from] Grassy Terrain
|-heal|p2a: Volcarona|60/100|[from] Grassy Terrain
|-heal|p1a: Electabuzz|62/100|[from] Grassy Terrain
|upkeep
|turn|4
|
|t:|1757005486
|switch|p2b: Rillaboom|Rillaboom, L50, M|26/100
|move|p1b: Dragonite|Scale Shot|p2a: Volcarona
|-damage|p2a: Volcarona|52/100
|-damage|p2a: Volcarona|43/100
|-damage|p2a: Volcarona|35/100
|-damage|p2a: Volcarona|27/100
|-hitcount|p2a: Volcarona|4
|-unboost|p1b: Dragonite|def|1
|-boost|p1b: Dragonite|spe|1
|move|p2a: Volcarona|Quiver Dance|p2a: Volcarona
|-boost|p2a: Volcarona|spa|1
|-boost|p2a: Volcarona|spd|1
|-boost|p2a: Volcarona|spe|1
|move|p1a: Electabuzz|Thunderbolt|p2b: Rillaboom
|-resisted|p2b: Rillaboom
|-damage|p2b: Rillaboom|8/100
|
|-heal|p2a: Volcarona|33/100|[from] Grassy Terrain
|-heal|p1a: Electabuzz|68/100|[from] Grassy Terrain
|-heal|p2b: Rillaboom|14/100|[from] Grassy Terrain
|upkeep
|turn|5
|
|t:|1757005524
|move|p1b: Dragonite|Protect|p1b: Dragonite
|-singleturn|p1b: Dragonite|Protect
|move|p2b: Rillaboom|Grassy Glide|p1a: Electabuzz
|-damage|p1a: Electabuzz|34/100
|move|p2a: Volcarona|Heat Wave|p1b: Dragonite|[spread] p1a
|-activate|p1b: Dragonite|move: Protect
|-damage|p1a: Electabuzz|0 fnt
|faint|p1a: Electabuzz
|
|-heal|p2a: Volcarona|40/100|[from] Grassy Terrain
|-heal|p2b: Rillaboom|20/100|[from] Grassy Terrain
|-fieldend|move: Grassy Terrain
|upkeep
|
|t:|1757005527
|switch|p1a: Rillaboom|Rillaboom, L50, F|100/100
|-fieldstart|move: Grassy Terrain|[from] ability: Grassy Surge|[of] p1a: Rillaboom
|turn|6
|
|t:|1757005537
|move|p2a: Volcarona|Protect|p2a: Volcarona
|-singleturn|p2a: Volcarona|Protect
|move|p1b: Dragonite|Scale Shot|p2a: Volcarona
|-activate|p2a: Volcarona|move: Protect
|move|p1a: Rillaboom|High Horsepower|p2a: Volcarona
|-activate|p2a: Volcarona|move: Protect
|move|p2b: Rillaboom|Wood Hammer|p1b: Dragonite
|-resisted|p1b: Dragonite
|-damage|p1b: Dragonite|0 fnt
|faint|p1b: Dragonite
|-damage|p2b: Rillaboom|5/100|[from] Recoil
|
|-heal|p2a: Volcarona|46/100|[from] Grassy Terrain
|-heal|p2b: Rillaboom|11/100|[from] Grassy Terrain
|upkeep
|turn|7
|-message|PaniniWeenie forfeited.
|
|win|A Regu1ar Guy
||PaniniWeenie is ready for game 2.
||A Regu1ar Guy is ready for game 2.
|uhtml|next|Next: Game 2 of 3
|l|☆A Regu1ar Guy
|player|p2|
