|j|☆Girharft
|j|☆kst kampfi
|html|Girharftkst kampfi    
|uhtml|bestof|Game 2 of a best-of-3
|t:|1783753728
|gametype|doubles
|player|p1|Girharft|schoolkid-gen4|1047
|player|p2|kst kampfi|colress|1061
|gen|9
|tier|[Gen 9 Champions] VGC 2026 Reg M-B (Bo3)
|rated|
|rule|Species Clause: Limit one of each Pokémon
|rule|Item Clause: Limit 1 of each item
|clearpoke
|poke|p1|Malamar, L50, F|
|poke|p1|Sableye, L50, M|
|poke|p1|Vanilluxe, L50, F|
|poke|p1|Farigiraf, L50, F|
|poke|p1|Whimsicott, L50, M|
|poke|p1|Empoleon, L50, M|
|poke|p2|Floette-Eternal, L50, F|
|poke|p2|Sneasler, L50, M|
|poke|p2|Sinistcha, L50|
|poke|p2|Grimmsnarl, L50, M|
|poke|p2|Incineroar, L50, M|
|poke|p2|Rotom-Wash, L50|
|teampreview|4
|showteam|p1|Malamar||Malamarite|Contrary|Protect,Superpower,KnockOff,PsychoCut|Careful||F|||50|]Sableye||FocusSash|Prankster|Quash,FakeOut,WillOWisp,RainDance|Careful||M|||50|]Vanilluxe||LifeOrb|SnowWarning|Blizzard,FreezeDry,AuroraVeil,Protect|Modest||F|||50|]Farigiraf||Leftovers|ArmorTail|HelpingHand,Psychic,HyperVoice,Protect|Modest||F|||50|]Whimsicott||MentalHerb|Prankster|Tailwind,Charm,Moonblast,Encore|Calm||M|||50|]Empoleon||ChoiceScarf|Competitive|FlashCannon,HydroPump,IceBeam,FlipTurn|Timid||M|||50|
|showteam|p2|Floette-Eternal||Floettite|FlowerVeil|DazzlingGleam,DrainingKiss,CalmMind,Protect|Bold||F|||50|]Sneasler||FocusSash|Unburden|DireClaw,CloseCombat,Coaching,FakeOut|Jolly||M|||50|]Sinistcha||OccaBerry|Hospitality|MatchaGotcha,LifeDew,RagePowder,TrickRoom|Calm|||||50|]Grimmsnarl||LightClay|Prankster|FoulPlay,PartingShot,LightScreen,ScaryFace|Calm||M|||50|]Incineroar||SitrusBerry|Intimidate|FlareBlitz,Taunt,FakeOut,PartingShot|Careful||M|||50|]Rotom-Wash||Magnet|Levitate|HydroPump,Thunderbolt,Protect,VoltSwitch|Modest|||||50|
|inactive|Battle timer is ON: inactive players will automatically lose when time's up. (requested by kst kampfi)
|inactive|Girharft has 60 seconds left.
|inactive|Girharft has 30 seconds left.
|inactive|Girharft has 20 seconds left.
|
|t:|1783753800
|teamsize|p1|4
|teamsize|p2|4
|start
|switch|p1a: Sableye|Sableye, L50, M|100/100
|switch|p1b: Empoleon|Empoleon, L50, M|100/100
|switch|p2a: Floette|Floette-Eternal, L50, F|100/100
|switch|p2b: Sneasler|Sneasler, L50, M|100/100
|turn|1
|inactive|Girharft has 30 seconds left.
|
|t:|1783753826
|switch|p1b: Farigiraf|Farigiraf, L50, F|100/100
|detailschange|p2a: Floette|Floette-Mega, L50, F
|-mega|p2a: Floette|Floette|Floettite
|-ability|p2a: Floette|Fairy Aura
|move|p2b: Sneasler|Fake Out||[still]
|cant|p1b: Farigiraf|ability: Armor Tail|Fake Out|[of] p2b: Sneasler
|move|p1a: Sableye|Fake Out|p2a: Floette
|-damage|p2a: Floette|93/100
|cant|p2a: Floette|flinch
|
|upkeep
|turn|2
|inactive|Girharft has 30 seconds left.
|inactive|kst kampfi has 30 seconds left.
|inactive|Girharft has 20 seconds left.
|inactive|Girharft has 15 seconds left.
|
|t:|1783753869
|move|p1a: Sableye|Will-O-Wisp|p2b: Sneasler
|-status|p2b: Sneasler|brn
|move|p2b: Sneasler|Dire Claw|p1b: Farigiraf
|-damage|p1b: Farigiraf|79/100
|move|p2a: Floette|Calm Mind|p2a: Floette
|-boost|p2a: Floette|spa|1
|-boost|p2a: Floette|spd|1
|move|p1b: Farigiraf|Psychic|p2b: Sneasler
|-supereffective|p2b: Sneasler|2
|-enditem|p2b: Sneasler|Focus Sash
|-damage|p2b: Sneasler|1/100 brn
|
|-heal|p1b: Farigiraf|85/100|[from] item: Leftovers
|-damage|p2b: Sneasler|0 fnt|[from] brn
|faint|p2b: Sneasler
|upkeep
|
|t:|1783753882
|switch|p2b: Rotom|Rotom-Wash, L50|100/100
|turn|3
|inactive|Girharft has 30 seconds left.
|
|t:|1783753913
|switch|p1a: Whimsicott|Whimsicott, L50, M|100/100
|move|p2a: Floette|Calm Mind|p2a: Floette
|-boost|p2a: Floette|spa|1
|-boost|p2a: Floette|spd|1
|move|p2b: Rotom|Thunderbolt|p1a: Whimsicott
|-resisted|p1a: Whimsicott|1
|-crit|p1a: Whimsicott
|-damage|p1a: Whimsicott|67/100
|move|p1b: Farigiraf|Psychic|p2a: Floette
|-damage|p2a: Floette|76/100
|
|-heal|p1b: Farigiraf|91/100|[from] item: Leftovers
|upkeep
|turn|4
|inactive|Girharft has 30 seconds left.
|inactive|kst kampfi has 30 seconds left.
|inactive|Girharft has 20 seconds left.
|inactive|kst kampfi has 20 seconds left.
|
|t:|1783753950
|move|p1a: Whimsicott|Encore|p2a: Floette
|-start|p2a: Floette|Encore
|move|p2a: Floette|Calm Mind|p2a: Floette
|-boost|p2a: Floette|spa|1
|-boost|p2a: Floette|spd|1
|move|p2b: Rotom|Volt Switch|p1b: Farigiraf
|-damage|p1b: Farigiraf|54/100
|
|t:|1783753958
|switch|p2b: Sinistcha|Sinistcha, L50|100/100|[from] Volt Switch
|-heal|p2a: Floette|100/100|[from] ability: Hospitality|[of] p2b: Sinistcha
|move|p1b: Farigiraf|Psychic|p2b: Sinistcha
|-damage|p2b: Sinistcha|60/100
|
|-heal|p1b: Farigiraf|60/100|[from] item: Leftovers
|upkeep
|turn|5
|inactive|Girharft has 30 seconds left.
|
|t:|1783753985
|move|p1a: Whimsicott|Moonblast|p2b: Sinistcha
|-damage|p2b: Sinistcha|25/100
|move|p2a: Floette|Calm Mind|p2a: Floette
|-boost|p2a: Floette|spa|1
|-boost|p2a: Floette|spd|1
|move|p2b: Sinistcha|Matcha Gotcha|p1a: Whimsicott|[spread] p1a,p1b
|-resisted|p1a: Whimsicott|1
|-damage|p1a: Whimsicott|56/100
|-heal|p2b: Sinistcha|31/100|[from] drain|[of] p1a: Whimsicott
|-damage|p1b: Farigiraf|36/100
|-heal|p2b: Sinistcha|46/100|[from] drain|[of] p1b: Farigiraf
|-status|p1b: Farigiraf|brn
|move|p1b: Farigiraf|Psychic|p2b: Sinistcha
|-damage|p2b: Sinistcha|2/100
|
|-heal|p1b: Farigiraf|42/100 brn|[from] item: Leftovers
|-damage|p1b: Farigiraf|36/100 brn|[from] brn
|upkeep
|turn|6
|inactive|Girharft has 30 seconds left.
|
|t:|1783754018
|switch|p2b: Rotom|Rotom-Wash, L50|100/100
|switch|p1b: Empoleon|Empoleon, L50, M|100/100
|move|p1a: Whimsicott|Moonblast|p2b: Rotom
|-damage|p2b: Rotom|66/100
|move|p2a: Floette|Calm Mind|p2a: Floette
|-boost|p2a: Floette|spa|1
|-boost|p2a: Floette|spd|1
|
|-end|p2a: Floette|Encore
|upkeep
|turn|7
|inactive|Girharft has 30 seconds left.
|inactive|Girharft has 20 seconds left.
|
|t:|1783754058
|switch|p1b: Sableye|Sableye, L50, M|100/100
|move|p2a: Floette|Protect|p2a: Floette
|-singleturn|p2a: Floette|Protect
|move|p1a: Whimsicott|Encore|p2a: Floette
|-activate|p2a: Floette|move: Protect
|move|p2b: Rotom|Volt Switch|p1b: Sableye
|-damage|p1b: Sableye|57/100
|
|t:|1783754066
|switch|p2b: Sinistcha|Sinistcha, L50|2/100|[from] Volt Switch
|
|upkeep
|turn|8
|inactive|Girharft has 30 seconds left.
|
|t:|1783754093
|switch|p1a: Farigiraf|Farigiraf, L50, F|36/100 brn
|switch|p2b: Rotom|Rotom-Wash, L50|66/100
|move|p1b: Sableye|Will-O-Wisp|p2b: Rotom
|-status|p2b: Rotom|brn
|move|p2a: Floette|Dazzling Gleam|p1b: Sableye|[spread] p1a,p1b
|-supereffective|p1b: Sableye|1
|-damage|p1a: Farigiraf|0 fnt
|-damage|p1b: Sableye|0 fnt
|faint|p1a: Farigiraf
|faint|p1b: Sableye
|
|-damage|p2b: Rotom|60/100 brn|[from] brn
|upkeep
|
|t:|1783754108
|switch|p1a: Whimsicott|Whimsicott, L50, M|56/100
|switch|p1b: Empoleon|Empoleon, L50, M|100/100
|turn|9
|
|t:|1783754115
|move|p1a: Whimsicott|Tailwind|p1a: Whimsicott
|-sidestart|p1: Girharft|move: Tailwind
|move|p1b: Empoleon|Flash Cannon|p2a: Floette
|-supereffective|p2a: Floette|1
|-damage|p2a: Floette|83/100
|move|p2a: Floette|Dazzling Gleam|p1b: Empoleon|[spread] p1a,p1b
|-resisted|p1b: Empoleon|1
|-damage|p1a: Whimsicott|0 fnt
|-damage|p1b: Empoleon|21/100
|faint|p1a: Whimsicott
|move|p2b: Rotom|Thunderbolt|p1b: Empoleon
|-supereffective|p1b: Empoleon|1
|-damage|p1b: Empoleon|0 fnt
|faint|p1b: Empoleon
|
|win|kst kampfi
|raw|Girharft's rating: 1047 → 1031(-16 for losing)
|raw|kst kampfi's rating: 1061 → 1091(+30 for winning)
