|j|☆daniw9
|j|☆Pakaan64
|html|daniw9Pakaan64    
|uhtml|bestof|Game 1 of a best-of-3
|t:|1784369808
|gametype|doubles
|player|p1|daniw9|169|1095
|player|p2|Pakaan64|266|1232
|gen|9
|tier|[Gen 9 Champions] VGC 2026 Reg M-B (Bo3)
|rated|
|rule|Species Clause: Limit one of each Pokémon
|rule|Item Clause: Limit 1 of each item
|clearpoke
|poke|p1|Ninetales-Alola, L50, M|
|poke|p1|Sneasler, L50, M|
|poke|p1|Eelektross, L50, M|
|poke|p1|Kingambit, L50, F|
|poke|p1|Sinistcha-Masterpiece, L50|
|poke|p1|Basculegion, L50, M|
|poke|p2|Sneasler, L50, F, shiny|
|poke|p2|Metagross, L50|
|poke|p2|Tsareena, L50, F|
|poke|p2|Pelipper, L50, M|
|poke|p2|Swampert, L50, F|
|poke|p2|Ceruledge, L50, M|
|teampreview|4
|showteam|p1|Ninetales-Alola||LightClay|SnowWarning|Blizzard,AuroraVeil,IcyWind,Protect|Timid||M|||50|]Sneasler||WhiteHerb|Unburden|CloseCombat,DireClaw,FakeOut,Protect|Jolly||M|||50|]Eelektross||Eelektrossite|Levitate|Thunderbolt,GigaDrain,Flamethrower,Protect|Modest||M|||50|]Kingambit||BlackGlasses|Defiant|KowtowCleave,SuckerPunch,IronHead,Protect|Adamant||F|||50|]Sinistcha-Masterpiece||KasibBerry|Hospitality|MatchaGotcha,StrengthSap,TrickRoom,RagePowder|Sassy|||||50|]Basculegion||ChoiceScarf|SwiftSwim|LastRespects,WaveCrash,AquaJet,FlipTurn|Jolly||M|||50|
|showteam|p2|Sneasler||FocusSash|Unburden|DireClaw,CloseCombat,Coaching,FakeOut|Adamant||F|||50|]Metagross||Metagrossite|ClearBody|PsychicFangs,IronHead,Protect,BulletPunch|Jolly|||||50|]Tsareena||ChoiceScarf|QueenlyMajesty|LowKick,TripleAxel,TropKick,Uturn|Jolly||F|||50|]Pelipper||SitrusBerry|Drizzle|Tailwind,HelpingHand,WeatherBall,Hurricane|Bold||M|||50|]Swampert||Swampertite|Torrent|HighHorsepower,WaveCrash,Protect,IcePunch|Adamant||F|||50|]Ceruledge||ColburBerry|FlashFire|BitterBlade,ShadowSneak,Protect,BulkUp|Adamant||M|||50|
|inactive|Battle timer is ON: inactive players will automatically lose when time's up. (requested by Pakaan64)
|inactive|daniw9 has 60 seconds left.
|
|t:|1784369840
|teamsize|p1|4
|teamsize|p2|4
|start
|switch|p1a: Eelektross|Eelektross, L50, M|100/100
|switch|p1b: Basculegion|Basculegion, L50, M|100/100
|switch|p2a: Swampert|Swampert, L50, F|100/100
|switch|p2b: Tsareena|Tsareena, L50, F|100/100
|turn|1
|
|t:|1784369863
|detailschange|p2a: Swampert|Swampert-Mega, L50, F
|-mega|p2a: Swampert|Swampert|Swampertite
|detailschange|p1a: Eelektross|Eelektross-Mega, L50, M
|-mega|p1a: Eelektross|Eelektross|Eelektrossite
|move|p1b: Basculegion|Flip Turn|p2b: Tsareena
|-resisted|p2b: Tsareena|1
|-damage|p2b: Tsareena|83/100
|
|t:|1784369867
|switch|p1b: Sinistcha|Sinistcha-Masterpiece, L50|100/100|[from] Flip Turn
|move|p2b: Tsareena|U-turn|p1b: Sinistcha
|-damage|p1b: Sinistcha|79/100
|
|t:|1784369874
|switch|p2b: Pelipper|Pelipper, L50, M|100/100|[from] U-turn
|-weather|RainDance|[from] ability: Drizzle|[of] p2b: Pelipper
|move|p2a: Swampert|Wave Crash|p1a: Eelektross
|-damage|p1a: Eelektross|0 fnt
|faint|p1a: Eelektross
|-damage|p2a: Swampert|69/100|[from] Recoil
|
|-weather|RainDance|[upkeep]
|upkeep
|
|t:|1784369883
|switch|p1a: Ninetales|Ninetales-Alola, L50, M|100/100
|-weather|Snowscape|[from] ability: Snow Warning|[of] p1a: Ninetales
|turn|2
|j| Cannon14
|
|t:|1784369894
|switch|p2b: Sneasler|Sneasler, L50, F, shiny|100/100
|move|p2a: Swampert|Protect|p2a: Swampert
|-singleturn|p2a: Swampert|Protect
|move|p1a: Ninetales|Aurora Veil|p1a: Ninetales
|-sidestart|p1: daniw9|move: Aurora Veil
|move|p1b: Sinistcha|Matcha Gotcha|p2a: Swampert|[spread] p2b
|-activate|p2a: Swampert|move: Protect
|-resisted|p2b: Sneasler|1
|-damage|p2b: Sneasler|82/100
|-heal|p1b: Sinistcha|87/100|[from] drain|[of] p2b: Sneasler
|
|-weather|Snowscape|[upkeep]
|upkeep
|turn|3
|l| Cannon14
|
|t:|1784369911
|switch|p2a: Pelipper|Pelipper, L50, M|100/100
|-weather|RainDance|[from] ability: Drizzle|[of] p2a: Pelipper
|move|p1a: Ninetales|Icy Wind|p2a: Pelipper|[spread] p2a,p2b
|-damage|p2a: Pelipper|86/100
|-damage|p2b: Sneasler|64/100
|-unboost|p2a: Pelipper|spe|1
|-unboost|p2b: Sneasler|spe|1
|move|p2b: Sneasler|Dire Claw|p1b: Sinistcha
|-damage|p1b: Sinistcha|56/100
|move|p1b: Sinistcha|Matcha Gotcha|p2a: Pelipper|[spread] p2a,p2b
|-resisted|p2b: Sneasler|1
|-damage|p2a: Pelipper|59/100
|-heal|p1b: Sinistcha|69/100|[from] drain|[of] p2a: Pelipper
|-damage|p2b: Sneasler|46/100
|-heal|p1b: Sinistcha|76/100|[from] drain|[of] p2b: Sneasler
|
|-weather|RainDance|[upkeep]
|upkeep
|turn|4
|
|t:|1784369934
|switch|p1a: Basculegion|Basculegion, L50, M|100/100
|move|p2b: Sneasler|Dire Claw|p1a: Basculegion
|-resisted|p1a: Basculegion|1
|-damage|p1a: Basculegion|81/100
|move|p1b: Sinistcha|Strength Sap|p2b: Sneasler
|-unboost|p2b: Sneasler|atk|1
|-heal|p1b: Sinistcha|100/100
|move|p2a: Pelipper|Hurricane|p1b: Sinistcha
|-supereffective|p1b: Sinistcha|1
|-damage|p1b: Sinistcha|57/100
|
|-weather|RainDance|[upkeep]
|upkeep
|turn|5
|
|t:|1784369953
|move|p1a: Basculegion|Flip Turn|p2b: Sneasler
|-damage|p2b: Sneasler|0 fnt
|faint|p2b: Sneasler
|
|t:|1784369957
|switch|p1a: Ninetales|Ninetales-Alola, L50, M|100/100|[from] Flip Turn
|-weather|Snowscape|[from] ability: Snow Warning|[of] p1a: Ninetales
|move|p1b: Sinistcha|Matcha Gotcha|p2a: Pelipper
|-damage|p2a: Pelipper|25/100
|-heal|p1b: Sinistcha|73/100|[from] drain|[of] p2a: Pelipper
|-enditem|p2a: Pelipper|Sitrus Berry|[eat]
|-heal|p2a: Pelipper|49/100|[from] item: Sitrus Berry
|move|p2a: Pelipper|Tailwind|p2a: Pelipper
|-sidestart|p2: Pakaan64|move: Tailwind
|
|-weather|Snowscape|[upkeep]
|upkeep
|
|t:|1784369965
|switch|p2b: Swampert|Swampert-Mega, L50, F|69/100
|turn|6
|
|t:|1784369976
|move|p2b: Swampert|Ice Punch|p1b: Sinistcha
|-supereffective|p1b: Sinistcha|1
|-damage|p1b: Sinistcha|33/100
|move|p1a: Ninetales|Blizzard|p2a: Pelipper|[spread] p2a,p2b
|-damage|p2a: Pelipper|24/100
|-damage|p2b: Swampert|45/100
|move|p2a: Pelipper|Hurricane|p1b: Sinistcha|[miss]
|-miss|p2a: Pelipper|p1b: Sinistcha
|move|p1b: Sinistcha|Trick Room|p1b: Sinistcha
|-fieldstart|move: Trick Room|[of] p1b: Sinistcha
|
|-weather|Snowscape|[upkeep]
|upkeep
|turn|7
|
|t:|1784369996
|switch|p1a: Basculegion|Basculegion, L50, M|81/100
|move|p2b: Swampert|Protect|p2b: Swampert
|-singleturn|p2b: Swampert|Protect
|move|p1b: Sinistcha|Matcha Gotcha|p2b: Swampert|[spread] p2a
|-activate|p2b: Swampert|move: Protect
|-damage|p2a: Pelipper|0 fnt
|-heal|p1b: Sinistcha|44/100|[from] drain|[of] p2a: Pelipper
|faint|p2a: Pelipper
|
|-weather|Snowscape|[upkeep]
|upkeep
|
|t:|1784370003
|switch|p2a: Tsareena|Tsareena, L50, F|83/100
|turn|8
|
|t:|1784370014
|move|p1b: Sinistcha|Matcha Gotcha|p2a: Tsareena|[spread] p2a,p2b
|-resisted|p2a: Tsareena|1
|-supereffective|p2b: Swampert|2
|-crit|p2b: Swampert
|-damage|p2a: Tsareena|69/100
|-heal|p1b: Sinistcha|51/100|[from] drain|[of] p2a: Tsareena
|-damage|p2b: Swampert|0 fnt
|-heal|p1b: Sinistcha|73/100|[from] drain|[of] p2b: Swampert
|faint|p2b: Swampert
|move|p1a: Basculegion|Last Respects|p2a: Tsareena
|-damage|p2a: Tsareena|14/100
|move|p2a: Tsareena|Trop Kick|p1a: Basculegion
|-supereffective|p1a: Basculegion|1
|-damage|p1a: Basculegion|16/100
|-unboost|p1a: Basculegion|atk|1
|
|-weather|Snowscape|[upkeep]
|-sideend|p2: Pakaan64|move: Tailwind
|upkeep
|turn|9
|
|t:|1784370031
|move|p1b: Sinistcha|Matcha Gotcha|p2a: Tsareena
|-resisted|p2a: Tsareena|1
|-damage|p2a: Tsareena|0 fnt
|-heal|p1b: Sinistcha|79/100|[from] drain|[of] p2a: Tsareena
|faint|p2a: Tsareena
|
|win|daniw9
||Pakaan64 is ready for game 2.
||daniw9 is ready for game 2.
|uhtml|next|Next: Game 2 of 3
