|j|☆Letmein191
|j|☆Quill86
|html|Letmein191Quill86    
|uhtml|bestof|Game 1 of a best-of-3
|t:|1756168317
|gametype|doubles
|player|p1|Letmein191|265|1259
|player|p2|Quill86|lucas|1307
|gen|9
|tier|[Gen 9] VGC 2025 Reg H (Bo3)
|rated|
|rule|Species Clause: Limit one of each Pokémon
|rule|Item Clause: Limit 1 of each item
|clearpoke
|poke|p1|Electabuzz, L50, F|
|poke|p1|Kingambit, L50, M|
|poke|p1|Volcarona, L50, M|
|poke|p1|Dragonite, L50, M|
|poke|p1|Sneasler, L50, M|
|poke|p1|Rillaboom, L50, F|
|poke|p2|Indeedee-F, L50, F|
|poke|p2|Gallade, L50, M|
|poke|p2|Torkoal, L50, F|
|poke|p2|Ursaluna, L50, M|
|poke|p2|Hatterene, L50, F|
|poke|p2|Smeargle, L50, M|
|teampreview|4
|showteam|p1|Electabuzz||Eviolite|VitalSpirit|FollowMe,Thunderbolt,Taunt,Protect|||F|||50|,,,,,Ghost]Kingambit||BlackGlasses|Defiant|KowtowCleave,SuckerPunch,SwordsDance,Protect|||M|||50|,,,,,Dark]Volcarona||Leftovers|FlameBody|HeatWave,GigaDrain,QuiverDance,Protect|||M|||50|,,,,,Fairy]Dragonite||LoadedDice|Multiscale|ScaleShot,ExtremeSpeed,Haze,Protect|||M|||50|,,,,,Fairy]Sneasler||FocusSash|Unburden|DireClaw,CloseCombat,Coaching,FakeOut|||M|||50|,,,,,Stellar]Rillaboom||AssaultVest|GrassySurge|FakeOut,WoodHammer,GrassyGlide,HighHorsepower|||F|||50|,,,,,Fire
|showteam|p2|Indeedee-F||PsychicSeed|PsychicSurge|FollowMe,TrickRoom,HelpingHand,DazzlingGleam|||F|||50|,,,,,Fairy]Gallade||ClearAmulet|Sharpness|SacredSword,PsychoCut,WideGuard,TrickRoom|||M|||50|,,,,,Grass]Torkoal||ChoiceSpecs|Drought|Eruption,WeatherBall,EarthPower,HeatWave|||F|||50|,,,,,Fire]Ursaluna||FlameOrb|Guts|Protect,HeadlongRush,Facade,Earthquake|||M|||50|,,,,,Ghost]Hatterene||LifeOrb|MagicBounce|DazzlingGleam,ExpandingForce,MysticalFire,TrickRoom|||F|||50|,,,,,Fire]Smeargle||FocusSash|Technician|FakeOut,Spore,Decorate,FollowMe|||M|||50|,,,,,Ghost
|
|t:|1756168347
|teamsize|p1|4
|teamsize|p2|4
|start
|switch|p1a: Kingambit|Kingambit, L50, M|100/100
|switch|p1b: Electabuzz|Electabuzz, L50, F|100/100
|switch|p2a: Gallade|Gallade, L50, M|100/100
|switch|p2b: Hatterene|Hatterene, L50, F|100/100
|turn|1
|inactive|Battle timer is ON: inactive players will automatically lose when time's up. (requested by Quill86)
|
|t:|1756168366
|move|p1b: Electabuzz|Follow Me|p1b: Electabuzz
|-singleturn|p1b: Electabuzz|move: Follow Me
|move|p2a: Gallade|Sacred Sword|p1b: Electabuzz
|-damage|p1b: Electabuzz|41/100
|move|p1a: Kingambit|Kowtow Cleave|p2b: Hatterene
|-damage|p2b: Hatterene|27/100
|move|p2b: Hatterene|Trick Room|p2b: Hatterene
|-fieldstart|move: Trick Room|[of] p2b: Hatterene
|
|upkeep
|turn|2
|inactive|Letmein191 has 30 seconds left.
|inactive|Letmein191 has 20 seconds left.
|inactive|Letmein191 has 15 seconds left.
|inactive|Letmein191 has 10 seconds left.
|inactive|Letmein191 has 5 seconds left.
|
|t:|1756168418
|move|p1a: Kingambit|Protect|p1a: Kingambit
|-singleturn|p1a: Kingambit|Protect
|move|p2b: Hatterene|Expanding Force|p1b: Electabuzz
|-damage|p1b: Electabuzz|0 fnt
|faint|p1b: Electabuzz
|-damage|p2b: Hatterene|18/100|[from] item: Life Orb
|move|p2a: Gallade|Sacred Sword|p1a: Kingambit
|-activate|p1a: Kingambit|move: Protect
|
|upkeep
|
|t:|1756168430
|switch|p1b: Rillaboom|Rillaboom, L50, F|100/100
|-fieldstart|move: Grassy Terrain|[from] ability: Grassy Surge|[of] p1b: Rillaboom
|turn|3
|
|t:|1756168446
|switch|p2b: Indeedee|Indeedee-F, L50, F|100/100
|-fieldstart|move: Psychic Terrain|[from] ability: Psychic Surge|[of] p2b: Indeedee
|-enditem|p2b: Indeedee|Psychic Seed
|-boost|p2b: Indeedee|spd|1|[from] item: Psychic Seed
|switch|p1a: Sneasler|Sneasler, L50, M|100/100
|move|p2a: Gallade|Sacred Sword|p1a: Sneasler
|-resisted|p1a: Sneasler
|-damage|p1a: Sneasler|35/100
|move|p1b: Rillaboom|Wood Hammer|p2b: Indeedee
|-damage|p2b: Indeedee|41/100
|-damage|p1b: Rillaboom|84/100|[from] Recoil
|
|upkeep
|turn|4
|
|t:|1756168468
|move|p2b: Indeedee|Helping Hand|p2a: Gallade
|-singleturn|p2a: Gallade|Helping Hand|[of] p2b: Indeedee
|move|p2a: Gallade|Sacred Sword|p1b: Rillaboom
|-damage|p1b: Rillaboom|0 fnt
|faint|p1b: Rillaboom
|move|p1a: Sneasler|Dire Claw|p2b: Indeedee
|-damage|p2b: Indeedee|0 fnt
|faint|p2b: Indeedee
|
|upkeep
|
|t:|1756168482
|switch|p2b: Torkoal|Torkoal, L50, F|100/100
|switch|p1b: Kingambit|Kingambit, L50, M|100/100
|-weather|SunnyDay|[from] ability: Drought|[of] p2b: Torkoal
|turn|5
|
|t:|1756168498
|move|p1b: Kingambit|Protect|p1b: Kingambit
|-singleturn|p1b: Kingambit|Protect
|move|p2b: Torkoal|Eruption|p1a: Sneasler|[spread] p1a
|-activate|p1b: Kingambit|move: Protect
|-damage|p1a: Sneasler|0 fnt
|faint|p1a: Sneasler
|move|p2a: Gallade|Sacred Sword|p1b: Kingambit
|-activate|p1b: Kingambit|move: Protect
|
|-weather|SunnyDay|[upkeep]
|-fieldend|move: Trick Room
|upkeep
|turn|6
|
|t:|1756168520
|-terastallize|p1b: Kingambit|Dark
|-terastallize|p2b: Torkoal|Fire
|move|p2a: Gallade|Sacred Sword|p1b: Kingambit
|-supereffective|p1b: Kingambit
|-damage|p1b: Kingambit|0 fnt
|faint|p1b: Kingambit
|
|win|Quill86
||Quill86 is ready for game 2.
|inactive|Letmein191 has 30 seconds to confirm battle start!
||Letmein191 is ready for game 2.
|uhtml|next|Next: Game 2 of 3
|l|☆Letmein191
|player|p1|
