|j|☆DomDaBomb886!
|j|☆majordomo0001
|html|DomDaBomb886!majordomo0001    
|uhtml|bestof|Game 2 of a best-of-3
|t:|1785024377
|gametype|doubles
|player|p1|DomDaBomb886!|2|1240
|player|p2|majordomo0001|266|1222
|gen|9
|tier|[Gen 9 Champions] VGC 2026 Reg M-B (Bo3)
|rated|
|rule|Species Clause: Limit one of each Pokémon
|rule|Item Clause: Limit 1 of each item
|clearpoke
|poke|p1|Gengar, L50, M|
|poke|p1|Swampert, L50, F|
|poke|p1|Incineroar, L50, M|
|poke|p1|Vivillon, L50, F|
|poke|p1|Archaludon, L50, M|
|poke|p1|Politoed, L50, F|
|poke|p2|Blaziken, L50, F, shiny|
|poke|p2|Kingambit, L50, F|
|poke|p2|Floette-Eternal, L50, F|
|poke|p2|Whimsicott, L50, M|
|poke|p2|Incineroar, L50, F|
|poke|p2|Basculegion, L50, M|
|teampreview|4
|showteam|p1|Gengar||Gengarite|CursedBody|Protect,ShadowBall,SludgeBomb,PerishSong|Modest||M|||50|]Swampert||Swampertite|Torrent|Protect,WaveCrash,Earthquake,IcePunch|Adamant||F|||50|]Incineroar||PasshoBerry|Intimidate|Protect,ThroatChop,FakeOut,PartingShot|Careful||M|||50|]Vivillon||FocusSash|CompoundEyes|Protect,Hurricane,SleepPowder,RagePowder|Timid||F|||50|]Archaludon||Leftovers|Stamina|Protect,DragonPulse,FlashCannon,ElectroShot|Calm||M|||50|]Politoed||SitrusBerry|Drizzle|Protect,WeatherBall,Encore,PerishSong|Bold||F|||50|
|showteam|p2|Blaziken||Blazikenite|SpeedBoost|FlareBlitz,CloseCombat,RockSlide,Detect|Adamant||F|||50|]Kingambit||BlackGlasses|Defiant|SuckerPunch,KowtowCleave,IronHead,Protect|Adamant||F|||50|]Floette-Eternal||Floettite|FlowerVeil|Protect,DazzlingGleam,Moonblast,DrainingKiss|Timid||F|||50|]Whimsicott||FocusSash|Prankster|Tailwind,Moonblast,Encore,Protect|Timid||M|||50|]Incineroar||SitrusBerry|Intimidate|FakeOut,PartingShot,FlareBlitz,HelpingHand|Impish||F|||50|]Basculegion||ChoiceScarf|Adaptability|WaveCrash,LastRespects,AquaJet,FlipTurn|Jolly||M|||50|
|inactive|Battle timer is ON: inactive players will automatically lose when time's up. (requested by DomDaBomb886!)
|inactive|majordomo0001 has 60 seconds left.
|inactive|majordomo0001 has 30 seconds left.
|
|t:|1785024441
|teamsize|p1|4
|teamsize|p2|4
|start
|switch|p1a: Gengar|Gengar, L50, M|100/100
|switch|p1b: Vivillon|Vivillon, L50, F|100/100
|switch|p2a: Floette|Floette-Eternal, L50, F|100/100
|switch|p2b: Whimsicott|Whimsicott, L50, M|100/100
|turn|1
|inactive|majordomo0001 has 30 seconds left.
|
|t:|1785024470
|switch|p1b: Incineroar|Incineroar, L50, M|100/100
|-ability|p1b: Incineroar|Intimidate|boost
|-unboost|p2a: Floette|atk|1
|-block|p2b: Whimsicott|ability: Flower Veil|[of] p2a: Floette
|detailschange|p2a: Floette|Floette-Mega, L50, F
|-mega|p2a: Floette|Floette|Floettite
|-ability|p2a: Floette|Fairy Aura
|detailschange|p1a: Gengar|Gengar-Mega, L50, M
|-mega|p1a: Gengar|Gengar|Gengarite
|move|p2b: Whimsicott|Tailwind|p2b: Whimsicott
|-sidestart|p2: majordomo0001|move: Tailwind
|move|p2a: Floette|Dazzling Gleam|p1b: Incineroar|[spread] p1a,p1b
|-resisted|p1a: Gengar|1
|-damage|p1a: Gengar|78/100
|-damage|p1b: Incineroar|65/100
|move|p1a: Gengar|Perish Song|p1a: Gengar
|-start|p1a: Gengar|perish3|[silent]
|-start|p1b: Incineroar|perish3|[silent]
|-start|p2a: Floette|perish3|[silent]
|-start|p2b: Whimsicott|perish3|[silent]
|-fieldactivate|move: Perish Song
|
|-start|p2b: Whimsicott|perish3
|-start|p2a: Floette|perish3
|-start|p1a: Gengar|perish3
|-start|p1b: Incineroar|perish3
|upkeep
|turn|2
|inactive|DomDaBomb886! has 30 seconds left.
|inactive|majordomo0001 has 30 seconds left.
|
|t:|1785024503
|switch|p1a: Politoed|Politoed, L50, F|100/100
|-weather|RainDance|[from] ability: Drizzle|[of] p1a: Politoed
|move|p2a: Floette|Protect|p2a: Floette
|-singleturn|p2a: Floette|Protect
|move|p2b: Whimsicott|Moonblast|p1a: Politoed
|-damage|p1a: Politoed|61/100
|move|p1b: Incineroar|Parting Shot|p2a: Floette
|-activate|p2a: Floette|move: Protect
|
|-weather|RainDance|[upkeep]
|-start|p2b: Whimsicott|perish2
|-start|p2a: Floette|perish2
|-start|p1b: Incineroar|perish2
|upkeep
|turn|3
|inactive|majordomo0001 has 30 seconds left.
|
|t:|1785024533
|switch|p2b: Basculegion|Basculegion, L50, M|100/100
|switch|p2a: Kingambit|Kingambit, L50, F|100/100
|move|p1a: Politoed|Perish Song|p1a: Politoed
|-start|p1a: Politoed|perish3|[silent]
|-start|p2a: Kingambit|perish3|[silent]
|-start|p2b: Basculegion|perish3|[silent]
|-fieldactivate|move: Perish Song
|move|p1b: Incineroar|Parting Shot|p2a: Kingambit
|-unboost|p2a: Kingambit|atk|1
|-ability|p2a: Kingambit|Defiant|boost
|-boost|p2a: Kingambit|atk|2
|-unboost|p2a: Kingambit|spa|1
|-ability|p2a: Kingambit|Defiant|boost
|-boost|p2a: Kingambit|atk|2
|inactive|DomDaBomb886! has 30 seconds left.
|c|☆majordomo0001|lol
|
|t:|1785024558
|switch|p1b: Gengar|Gengar-Mega, L50, M|78/100|[from] Parting Shot
|
|-weather|RainDance|[upkeep]
|-start|p2b: Basculegion|perish3
|-start|p2a: Kingambit|perish3
|-start|p1a: Politoed|perish3
|upkeep
|turn|4
|
|t:|1785024570
|switch|p2b: Whimsicott|Whimsicott, L50, M|100/100
|move|p1b: Gengar|Protect|p1b: Gengar
|-singleturn|p1b: Gengar|Protect
|move|p2a: Kingambit|Kowtow Cleave|p1b: Gengar
|-activate|p1b: Gengar|move: Protect
|move|p1a: Politoed|Encore|p2a: Kingambit
|-start|p2a: Kingambit|Encore
|
|-weather|RainDance|[upkeep]
|-start|p2a: Kingambit|perish2
|-start|p1a: Politoed|perish2
|-sideend|p2: majordomo0001|move: Tailwind
|upkeep
|turn|5
|inactive|DomDaBomb886! has 30 seconds left.
|
|t:|1785024599
|switch|p1b: Incineroar|Incineroar, L50, M|65/100
|-ability|p1b: Incineroar|Intimidate|boost
|-unboost|p2a: Kingambit|atk|1
|-ability|p2a: Kingambit|Defiant|boost
|-boost|p2a: Kingambit|atk|2
|-unboost|p2b: Whimsicott|atk|1
|move|p2b: Whimsicott|Tailwind|p2b: Whimsicott
|-sidestart|p2: majordomo0001|move: Tailwind
|move|p2a: Kingambit|Kowtow Cleave|p1b: Incineroar
|-resisted|p1b: Incineroar|1
|-damage|p1b: Incineroar|0 fnt
|faint|p1b: Incineroar
|move|p1a: Politoed|Perish Song|p1a: Politoed
|-start|p2b: Whimsicott|perish3|[silent]
|-fieldactivate|move: Perish Song
|
|-weather|RainDance|[upkeep]
|-start|p2b: Whimsicott|perish3
|-start|p2a: Kingambit|perish1
|-start|p1a: Politoed|perish1
|upkeep
|
|t:|1785024613
|switch|p1b: Gengar|Gengar-Mega, L50, M|78/100
|turn|6
|
|t:|1785024631
|move|p2b: Whimsicott|Protect|p2b: Whimsicott
|-singleturn|p2b: Whimsicott|Protect
|move|p1b: Gengar|Protect|p1b: Gengar
|-singleturn|p1b: Gengar|Protect
|move|p1a: Politoed|Protect|p1a: Politoed
|-singleturn|p1a: Politoed|Protect
|move|p2a: Kingambit|Kowtow Cleave|p1b: Gengar
|-activate|p1b: Gengar|move: Protect
|
|-weather|none
|-start|p2b: Whimsicott|perish2
|-start|p2a: Kingambit|perish0
|-start|p1a: Politoed|perish0
|faint|p2a: Kingambit
|faint|p1a: Politoed
|upkeep
|
|t:|1785024648
|switch|p1a: Vivillon|Vivillon, L50, F|100/100
|switch|p2a: Floette|Floette-Mega, L50, F|100/100
|-ability|p2a: Floette|Fairy Aura
|turn|7
|inactive|DomDaBomb886! has 30 seconds left.
|
|t:|1785024683
|move|p1a: Vivillon|Protect|p1a: Vivillon
|-singleturn|p1a: Vivillon|Protect
|move|p2b: Whimsicott|Encore|p1b: Gengar
|-start|p1b: Gengar|Encore
|move|p1b: Gengar|Protect||[still]
|-fail|p1b: Gengar
|move|p2a: Floette|Dazzling Gleam|p1b: Gengar|[spread] p1b
|-activate|p1a: Vivillon|move: Protect
|-resisted|p1b: Gengar|1
|-damage|p1b: Gengar|56/100
|
|-start|p2b: Whimsicott|perish1
|upkeep
|turn|8
|
|t:|1785024705
|move|p1b: Gengar|Protect|p1b: Gengar
|-singleturn|p1b: Gengar|Protect
|move|p2b: Whimsicott|Encore|p1a: Vivillon
|-start|p1a: Vivillon|Encore
|move|p1a: Vivillon|Protect||[still]
|-fail|p1a: Vivillon
|move|p2a: Floette|Dazzling Gleam|p1a: Vivillon|[spread] p1a
|-activate|p1b: Gengar|move: Protect
|-damage|p1a: Vivillon|15/100
|
|-start|p2b: Whimsicott|perish0
|-sideend|p2: majordomo0001|move: Tailwind
|faint|p2b: Whimsicott
|upkeep
|
|t:|1785024716
|switch|p2b: Basculegion|Basculegion, L50, M|100/100
|turn|9
|
|t:|1785024721
|move|p1b: Gengar|Protect||[still]
|-fail|p1b: Gengar
|move|p1a: Vivillon|Protect|p1a: Vivillon
|-singleturn|p1a: Vivillon|Protect
|move|p2b: Basculegion|Last Respects|p1b: Gengar
|-supereffective|p1b: Gengar|1
|-damage|p1b: Gengar|0 fnt
|faint|p1b: Gengar
|move|p2a: Floette|Dazzling Gleam|p1a: Vivillon
|-activate|p1a: Vivillon|move: Protect
|
|upkeep
|turn|10
|-message|DomDaBomb886! forfeited.
|
|win|majordomo0001
|raw|DomDaBomb886!'s rating: 1240 → 1214(-26 for losing)
|raw|majordomo0001's rating: 1222 → 1248(+26 for winning)
