|j|☆Bexuanmailonto
|j|☆Gancelot
|html|BexuanmailontoGancelot    
|uhtml|bestof|Game 2 of a best-of-3
|t:|1784231720
|gametype|doubles
|player|p1|Bexuanmailonto|101|1216
|player|p2|Gancelot|morty|1342
|gen|9
|tier|[Gen 9 Champions] VGC 2026 Reg M-B (Bo3)
|rated|
|rule|Species Clause: Limit one of each Pokémon
|rule|Item Clause: Limit 1 of each item
|clearpoke
|poke|p1|Garchomp, L50, M, shiny|
|poke|p1|Aerodactyl, L50, M|
|poke|p1|Charizard, L50, M|
|poke|p1|Farigiraf, L50, M|
|poke|p1|Incineroar, L50, F|
|poke|p1|Sylveon, L50, M|
|poke|p2|Garchomp, L50, M|
|poke|p2|Venusaur, L50, F|
|poke|p2|Incineroar, L50, M|
|poke|p2|Charizard, L50, F|
|poke|p2|Toxapex, L50, M|
|poke|p2|Annihilape, L50, M|
|teampreview|4
|showteam|p1|Garchomp||Garchompite|RoughSkin|Earthquake,DragonClaw,Protect,StompingTantrum|Adamant||M|||50|]Aerodactyl||FocusSash|Unnerve|RockSlide,WideGuard,Sandstorm,Tailwind|Jolly||M|||50|]Charizard||CharizarditeY|Blaze|WeatherBall,HeatWave,Protect,SolarBeam|Modest||M|||50|]Farigiraf||TwistedSpoon|ArmorTail|TwinBeam,TrickRoom,HyperVoice,HelpingHand|Quiet||M|||50|]Incineroar||SitrusBerry|Intimidate|FlareBlitz,DarkestLariat,FakeOut,PartingShot|Adamant||F|||50|]Sylveon||LifeOrb|Pixilate|HyperVoice,HyperBeam,Detect,QuickAttack|Modest||M|||50|
|showteam|p2|Garchomp||ChoiceScarf|RoughSkin|Earthquake,RockSlide,DragonClaw,StompingTantrum|Adamant||M|||50|]Venusaur||LifeOrb|Chlorophyll|SludgeBomb,SolarBeam,EarthPower,Protect|Modest||F|||50|]Incineroar||SitrusBerry|Intimidate|FakeOut,FlareBlitz,ThroatChop,PartingShot|Impish||M|||50|]Charizard||CharizarditeY|Blaze|HeatWave,WeatherBall,Protect,HelpingHand|Modest||F|||50|]Toxapex||Leftovers|Regenerator|Infestation,Toxic,WideGuard,BanefulBunker|Impish||M|||50|]Annihilape||FocusSash|Defiant|CloseCombat,PhantomForce,RockTomb,Protect|Jolly||M|||50|
|inactive|Battle timer is ON: inactive players will automatically lose when time's up. (requested by Gancelot)
|inactive|Bexuanmailonto has 60 seconds left.
|inactive|Bexuanmailonto has 30 seconds left.
|inactive|Bexuanmailonto has 20 seconds left.
|
|t:|1784231795
|teamsize|p1|4
|teamsize|p2|4
|start
|switch|p1a: Aerodactyl|Aerodactyl, L50, M|100/100
|switch|p1b: Garchomp|Garchomp, L50, M, shiny|100/100
|switch|p2a: Incineroar|Incineroar, L50, M|100/100
|switch|p2b: Toxapex|Toxapex, L50, M|100/100
|-ability|p1a: Aerodactyl|Unnerve
|-ability|p2a: Incineroar|Intimidate|boost
|-unboost|p1a: Aerodactyl|atk|1
|-unboost|p1b: Garchomp|atk|1
|turn|1
|inactive|Bexuanmailonto has 30 seconds left.
|inactive|Bexuanmailonto has 20 seconds left.
|inactive|Bexuanmailonto has 15 seconds left.
|inactive|Bexuanmailonto has 10 seconds left.
|
|t:|1784231844
|detailschange|p1b: Garchomp|Garchomp-Mega, L50, M, shiny
|-mega|p1b: Garchomp|Garchomp|Garchompite
|move|p2a: Incineroar|Fake Out|p1b: Garchomp
|-damage|p1b: Garchomp|92/100
|move|p1a: Aerodactyl|Sandstorm|p1a: Aerodactyl
|-weather|Sandstorm
|cant|p1b: Garchomp|flinch
|move|p2b: Toxapex|Toxic|p1a: Aerodactyl
|-status|p1a: Aerodactyl|tox
|
|-weather|Sandstorm|[upkeep]
|-damage|p2a: Incineroar|94/100|[from] Sandstorm
|-damage|p2b: Toxapex|94/100|[from] Sandstorm
|-heal|p2b: Toxapex|100/100|[from] item: Leftovers
|-damage|p1a: Aerodactyl|94/100 tox|[from] psn
|upkeep
|turn|2
|inactive|Gancelot has 30 seconds left.
|
|t:|1784231872
|move|p2b: Toxapex|Wide Guard|p2b: Toxapex
|-singleturn|p2b: Toxapex|Wide Guard
|move|p1a: Aerodactyl|Rock Slide|p2b: Toxapex|[spread] 
|-activate|p2a: Incineroar|move: Wide Guard
|-activate|p2b: Toxapex|move: Wide Guard
|move|p1b: Garchomp|Stomping Tantrum|p2a: Incineroar
|-supereffective|p2a: Incineroar|1
|-damage|p2a: Incineroar|0 fnt
|faint|p2a: Incineroar
|
|-weather|Sandstorm|[upkeep]
|-damage|p2b: Toxapex|94/100|[from] Sandstorm
|-heal|p2b: Toxapex|100/100|[from] item: Leftovers
|-damage|p1a: Aerodactyl|82/100 tox|[from] psn
|upkeep
|
|t:|1784231883
|switch|p2a: Charizard|Charizard, L50, F|100/100
|turn|3
|
|t:|1784231898
|switch|p2b: Venusaur|Venusaur, L50, F|100/100
|move|p2a: Charizard|Protect|p2a: Charizard
|-singleturn|p2a: Charizard|Protect
|move|p1a: Aerodactyl|Sandstorm||[still]
|-fail|p1a: Aerodactyl
|move|p1b: Garchomp|Stomping Tantrum|p2b: Venusaur
|-damage|p2b: Venusaur|45/100
|
|-weather|Sandstorm|[upkeep]
|-damage|p2a: Charizard|93/100|[from] Sandstorm
|-damage|p2b: Venusaur|39/100|[from] Sandstorm
|-damage|p1a: Aerodactyl|65/100 tox|[from] psn
|upkeep
|turn|4
|inactive|Bexuanmailonto has 30 seconds left.
|inactive|Bexuanmailonto has 20 seconds left.
|
|t:|1784231937
|detailschange|p2a: Charizard|Charizard-Mega-Y, L50, F
|-mega|p2a: Charizard|Charizard|Charizardite Y
|-weather|SunnyDay|[from] ability: Drought|[of] p2a: Charizard
|move|p2b: Venusaur|Solar Beam||[still]
|-prepare|p2b: Venusaur|Solar Beam
|-anim|p2b: Venusaur|Solar Beam|p1a: Aerodactyl
|-damage|p1a: Aerodactyl|0 fnt
|faint|p1a: Aerodactyl
|-damage|p2b: Venusaur|30/100|[from] item: Life Orb
|move|p1b: Garchomp|Dragon Claw|p2b: Venusaur
|-damage|p2b: Venusaur|0 fnt
|faint|p2b: Venusaur
|move|p2a: Charizard|Weather Ball|p1b: Garchomp
|-resisted|p1b: Garchomp|1
|-damage|p1b: Garchomp|51/100
|
|-weather|SunnyDay|[upkeep]
|upkeep
|
|t:|1784231960
|switch|p1a: Sylveon|Sylveon, L50, M|100/100
|switch|p2b: Toxapex|Toxapex, L50, M|100/100
|turn|5
|inactive|Gancelot has 30 seconds left.
|inactive|Gancelot has 20 seconds left.
|inactive|Gancelot has 15 seconds left.
|inactive|Gancelot has 10 seconds left.
|
|t:|1784232006
|switch|p1b: Farigiraf|Farigiraf, L50, M|100/100
|move|p2a: Charizard|Heat Wave|p1a: Sylveon|[spread] p1a
|-miss|p2a: Charizard|p1b: Farigiraf
|-damage|p1a: Sylveon|55/100
|move|p1a: Sylveon|Hyper Voice|p2a: Charizard|[spread] p2a,p2b
|-resisted|p2a: Charizard|1
|-resisted|p2b: Toxapex|1
|-damage|p2a: Charizard|70/100
|-damage|p2b: Toxapex|80/100
|-damage|p1a: Sylveon|45/100|[from] item: Life Orb
|move|p2b: Toxapex|Toxic|p1a: Sylveon
|-status|p1a: Sylveon|tox
|
|-weather|SunnyDay|[upkeep]
|-heal|p2b: Toxapex|85/100|[from] item: Leftovers
|-damage|p1a: Sylveon|39/100 tox|[from] psn
|upkeep
|turn|6
|inactive|Bexuanmailonto has 30 seconds left.
|inactive|Bexuanmailonto has 20 seconds left.
|inactive|Bexuanmailonto has 15 seconds left.
|inactive|Bexuanmailonto has 10 seconds left.
|inactive|Bexuanmailonto has 5 seconds left.
|
|t:|1784232059
|move|p1a: Sylveon|Quick Attack|p2a: Charizard
|-resisted|p2a: Charizard|1
|-damage|p2a: Charizard|63/100
|-damage|p1a: Sylveon|29/100 tox|[from] item: Life Orb
|move|p2a: Charizard|Weather Ball|p1b: Farigiraf
|-damage|p1b: Farigiraf|33/100
|move|p1b: Farigiraf|Twin Beam|p2b: Toxapex
|-supereffective|p2b: Toxapex|1
|-crit|p2b: Toxapex
|-damage|p2b: Toxapex|38/100
|-supereffective|p2b: Toxapex|1
|-damage|p2b: Toxapex|8/100
|-hitcount|p2b: Toxapex|2
|move|p2b: Toxapex|Infestation|p1b: Farigiraf
|-supereffective|p1b: Farigiraf|1
|-damage|p1b: Farigiraf|28/100
|-activate|p1b: Farigiraf|move: Infestation|[of] p2b: Toxapex
|
|-weather|SunnyDay|[upkeep]
|-heal|p2b: Toxapex|14/100|[from] item: Leftovers
|-damage|p1a: Sylveon|17/100 tox|[from] psn
|-damage|p1b: Farigiraf|16/100|[from] move: Infestation|[partiallytrapped]
|upkeep
|turn|7
|
|t:|1784232084
|move|p2b: Toxapex|Baneful Bunker|p2b: Toxapex
|-singleturn|p2b: Toxapex|move: Protect
|move|p1a: Sylveon|Quick Attack|p2b: Toxapex
|-activate|p2b: Toxapex|move: Protect
|move|p2a: Charizard|Heat Wave|p1a: Sylveon|[spread] p1a,p1b
|-damage|p1a: Sylveon|0 fnt
|-damage|p1b: Farigiraf|0 fnt
|faint|p1a: Sylveon
|faint|p1b: Farigiraf
|
|-weather|SunnyDay|[upkeep]
|-heal|p2b: Toxapex|19/100|[from] item: Leftovers
|upkeep
|
|t:|1784232093
|switch|p1b: Garchomp|Garchomp-Mega, L50, M, shiny|51/100
|turn|8
|
|t:|1784232104
|move|p1b: Garchomp|Stomping Tantrum|p2b: Toxapex
|-supereffective|p2b: Toxapex|1
|-damage|p2b: Toxapex|0 fnt
|faint|p2b: Toxapex
|move|p2a: Charizard|Weather Ball|p1b: Garchomp
|-resisted|p1b: Garchomp|1
|-damage|p1b: Garchomp|14/100
|
|-weather|none
|upkeep
|turn|9
|
|t:|1784232113
|move|p1b: Garchomp|Dragon Claw|p2a: Charizard
|-damage|p2a: Charizard|11/100
|move|p2a: Charizard|Heat Wave|p1b: Garchomp
|-resisted|p1b: Garchomp|1
|-damage|p1b: Garchomp|0 fnt
|faint|p1b: Garchomp
|
|win|Gancelot
||Gancelot is ready for game 3.
|l|☆Bexuanmailonto
|player|p1|
|inactive|Bexuanmailonto has 30 seconds to confirm battle start!
||Bexuanmailonto is ready for game 3.
|uhtml|next|Next: Game 3 of 3
