|j|☆MetagrossMasher
|j|☆malo maalez
|html|MetagrossMashermalo maalez    
|uhtml|bestof|Game 1 of a best-of-3
|t:|1756679096
|gametype|doubles
|player|p1|MetagrossMasher|265|1105
|player|p2|malo maalez|steven|1139
|gen|9
|tier|[Gen 9] VGC 2025 Reg H (Bo3)
|rated|
|rule|Species Clause: Limit one of each Pokémon
|rule|Item Clause: Limit 1 of each item
|clearpoke
|poke|p1|Rillaboom, L50, F|
|poke|p1|Gholdengo, L50|
|poke|p1|Annihilape, L50, F|
|poke|p1|Grimmsnarl, L50, M|
|poke|p1|Sinistcha-Masterpiece, L50|
|poke|p1|Ursaluna-Bloodmoon, L50, M|
|poke|p2|Sneasler, L50, M|
|poke|p2|Kingambit, L50, F|
|poke|p2|Dragonite, L50, M|
|poke|p2|Rillaboom, L50, F|
|poke|p2|Volcarona, L50, F|
|poke|p2|Electabuzz, L50, M|
|teampreview|4
|showteam|p1|Rillaboom||AssaultVest|GrassySurge|GrassyGlide,WoodHammer,Uturn,FakeOut|||F|||50|,,,,,Fire]Gholdengo||GrassySeed|GoodasGold|NastyPlot,MakeItRain,Protect,ShadowBall||||||50|,,,,,Water]Annihilape||SafetyGoggles|Defiant|BulkUp,Protect,RageFist,DrainPunch|||F|||50|,,,,,Fire]Grimmsnarl||LightClay|Prankster|LightScreen,Reflect,Taunt,SpiritBreak|||M|||50|,,,,,Ghost]Sinistcha-Masterpiece||Leftovers|Hospitality|CalmMind,MatchaGotcha,ShadowBall,TrickRoom||||||50|,,,,,Fairy]Ursaluna-Bloodmoon||SitrusBerry|MindsEye|EarthPower,Protect,BloodMoon,HyperVoice|||M|||50|,,,,,Normal
|showteam|p2|Sneasler||FocusSash|PoisonTouch|FakeOut,Coaching,CloseCombat,DireClaw|||M|||50|,,,,,Ghost]Kingambit||BlackGlasses|Defiant|KowtowCleave,SuckerPunch,SwordsDance,Protect|||F|||50|,,,,,Dark]Dragonite||LoadedDice|Multiscale|Protect,Haze,ScaleShot,ExtremeSpeed|||M|||50|,,,,,Fairy]Rillaboom||AssaultVest|GrassySurge|FakeOut,GrassyGlide,WoodHammer,HighHorsepower|||F|||50|,,,,,Fire]Volcarona||Leftovers|FlameBody|QuiverDance,Protect,TeraBlast,HeatWave|||F|||50|,,,,,Fairy]Electabuzz||Eviolite|VitalSpirit|Electroweb,FollowMe,Taunt,Protect|||M|||50|,,,,,Ghost
|inactive|Battle timer is ON: inactive players will automatically lose when time's up. (requested by MetagrossMasher)
|inactive|malo maalez has 60 seconds left.
|
|t:|1756679187
|teamsize|p1|4
|teamsize|p2|4
|start
|switch|p1a: Grimmsnarl|Grimmsnarl, L50, M|100/100
|switch|p1b: Gholdengo|Gholdengo, L50|100/100
|switch|p2a: A Su Lugar|Electabuzz, L50, M, shiny|100/100
|switch|p2b: ImitadoraVoy|Volcarona, L50, F|100/100
|turn|1
|inactive|MetagrossMasher has 30 seconds left.
|
|t:|1756679215
|switch|p1b: Ursaluna|Ursaluna-Bloodmoon, L50, M|100/100
|move|p2a: A Su Lugar|Follow Me|p2a: A Su Lugar
|-singleturn|p2a: A Su Lugar|move: Follow Me
|move|p1a: Grimmsnarl|Taunt|p2a: A Su Lugar
|-start|p2a: A Su Lugar|move: Taunt
|move|p2b: ImitadoraVoy|Quiver Dance|p2b: ImitadoraVoy
|-boost|p2b: ImitadoraVoy|spa|1
|-boost|p2b: ImitadoraVoy|spd|1
|-boost|p2b: ImitadoraVoy|spe|1
|
|upkeep
|turn|2
|inactive|malo maalez has 30 seconds left.
|
|t:|1756679241
|switch|p2a: Quien es esta|Rillaboom, L50, F, shiny|100/100
|-fieldstart|move: Grassy Terrain|[from] ability: Grassy Surge|[of] p2a: Quien es esta
|move|p2b: ImitadoraVoy|Protect|p2b: ImitadoraVoy
|-singleturn|p2b: ImitadoraVoy|Protect
|move|p1b: Ursaluna|Protect|p1b: Ursaluna
|-singleturn|p1b: Ursaluna|Protect
|move|p1a: Grimmsnarl|Taunt|p2b: ImitadoraVoy
|-activate|p2b: ImitadoraVoy|move: Protect
|
|upkeep
|turn|3
|inactive|MetagrossMasher has 30 seconds left.
|
|t:|1756679274
|-terastallize|p1b: Ursaluna|Normal
|move|p1a: Grimmsnarl|Light Screen|p1a: Grimmsnarl
|-sidestart|p1: MetagrossMasher|move: Light Screen
|move|p2b: ImitadoraVoy|Heat Wave|p1b: Ursaluna|[spread] p1b
|-miss|p2b: ImitadoraVoy|p1a: Grimmsnarl
|-damage|p1b: Ursaluna|58/100
|move|p2a: Quien es esta|Wood Hammer|p1b: Ursaluna
|-damage|p1b: Ursaluna|0 fnt
|faint|p1b: Ursaluna
|-damage|p2a: Quien es esta|82/100|[from] Recoil
|
|-heal|p2a: Quien es esta|88/100|[from] Grassy Terrain
|upkeep
|
|t:|1756679285
|switch|p1b: Sinistcha|Sinistcha-Masterpiece, L50|100/100
|turn|4
|
|t:|1756679298
|move|p1a: Grimmsnarl|Reflect|p1a: Grimmsnarl
|-sidestart|p1: MetagrossMasher|Reflect
|move|p2b: ImitadoraVoy|Heat Wave|p1b: Sinistcha|[spread] p1a,p1b
|-supereffective|p1b: Sinistcha
|-damage|p1a: Grimmsnarl|66/100
|-damage|p1b: Sinistcha|14/100
|move|p2a: Quien es esta|Wood Hammer|p1a: Grimmsnarl
|-crit|p1a: Grimmsnarl
|-damage|p1a: Grimmsnarl|0 fnt
|faint|p1a: Grimmsnarl
|-damage|p2a: Quien es esta|67/100|[from] Recoil
|move|p1b: Sinistcha|Shadow Ball|p2b: ImitadoraVoy
|-damage|p2b: ImitadoraVoy|73/100
|
|-heal|p2b: ImitadoraVoy|79/100|[from] Grassy Terrain
|-heal|p2b: ImitadoraVoy|85/100|[from] item: Leftovers
|-heal|p2a: Quien es esta|73/100|[from] Grassy Terrain
|-heal|p1b: Sinistcha|20/100|[from] Grassy Terrain
|-heal|p1b: Sinistcha|27/100|[from] item: Leftovers
|upkeep
|
|t:|1756679302
|switch|p1a: Gholdengo|Gholdengo, L50|100/100
|-enditem|p1a: Gholdengo|Grassy Seed
|-boost|p1a: Gholdengo|def|1|[from] item: Grassy Seed
|turn|5
|
|t:|1756679309
|move|p2b: ImitadoraVoy|Heat Wave|p1a: Gholdengo|[spread] p1a,p1b
|-supereffective|p1a: Gholdengo
|-supereffective|p1b: Sinistcha
|-damage|p1a: Gholdengo|13/100
|-damage|p1b: Sinistcha|0 fnt
|faint|p1b: Sinistcha
|move|p1a: Gholdengo|Make It Rain|p2b: ImitadoraVoy|[spread] p2a,p2b
|-crit|p2a: Quien es esta
|-resisted|p2b: ImitadoraVoy
|-damage|p2a: Quien es esta|12/100
|-damage|p2b: ImitadoraVoy|70/100
|-unboost|p1a: Gholdengo|spa|1
|move|p2a: Quien es esta|High Horsepower|p1a: Gholdengo
|-supereffective|p1a: Gholdengo
|-damage|p1a: Gholdengo|0 fnt
|faint|p1a: Gholdengo
|
|win|malo maalez
