|j|ŌśåJewelpet2002
|j|Ōśåzuiyyy
|html|Jewelpet2002zuiyyy    
|uhtml|bestof|Game 1 of a best-of-3
|t:|1757107702
|gametype|doubles
|player|p1|Jewelpet2002|lady|
|player|p2|zuiyyy|1|
|gen|9
|tier|[Gen 9] VGC 2025 Reg H (Bo3)
|rule|Tera Type Preview: Tera Types are shown at Team Preview
|rule|Species Clause: Limit one of each Pok├®mon
|rule|Item Clause: Limit 1 of each item
|raw|2 custom rules: Tera Type Preview, !Force Open Team Sheets
|clearpoke
|poke|p1|Dragonite, L50, M|
|poke|p1|Ninetales-Alola, L50, M|
|poke|p1|Ceruledge, L50, M|
|poke|p1|Slowking, L50, M|
|poke|p1|Electabuzz, L50, M|
|poke|p1|Hitmontop, L50, M|
|poke|p2|Tyranitar, L50, F|
|poke|p2|Houndstone, L50, M|
|poke|p2|Mimikyu, L50, F|
|poke|p2|Empoleon, L50, M|
|poke|p2|Gliscor, L50, M|
|poke|p2|Kommo-o, L50, F|
|raw|Jewelpet2002's Tera Types: /  /  /  /  / 
|raw|zuiyyy's Tera Types: /  /  /  /  / 
|teampreview|4
|c|Ōśåzuiyyy|u play no timer right?
|c|ŌśåJewelpet2002|yeah
|c|Ōśåzuiyyy|down to wait for ppl to join
|j| jfwarriors
|c|ŌśåJewelpet2002|okieee
|j| Criee
|j| qwhat1234
|c|Ōśåzuiyyy|r?
|j| hunterdrago
|c|ŌśåJewelpet2002|ye
|
|t:|1757107854
|teamsize|p1|4
|teamsize|p2|4
|start
|switch|p1a: Electabuzz|Electabuzz, L50, M|100/100
|switch|p1b: Ninetales|Ninetales-Alola, L50, M|100/100
|switch|p2a: Mimi|Mimikyu, L50, F|100/100
|switch|p2b: Emperor|Empoleon, L50, M|100/100
|-weather|Snowscape|[from] ability: Snow Warning|[of] p1b: Ninetales
|turn|1
|
|t:|1757107933
|switch|p1a: Hitmontop|Hitmontop, L50, M|100/100
|-ability|p1a: Hitmontop|Intimidate|boost
|-unboost|p2a: Mimi|atk|1
|-unboost|p2b: Emperor|atk|1
|-ability|p2b: Emperor|Competitive|boost
|-boost|p2b: Emperor|spa|2
|move|p1b: Ninetales|Protect|p1b: Ninetales
|-singleturn|p1b: Ninetales|Protect
|move|p2b: Emperor|Flash Cannon|p1b: Ninetales
|-activate|p1b: Ninetales|move: Protect
|move|p2a: Mimi|Trick Room|p2a: Mimi
|-fieldstart|move: Trick Room|[of] p2a: Mimi
|
|-weather|Snowscape|[upkeep]
|upkeep
|turn|2
|j| yAGGmans2
|
|t:|1757107990
|-terastallize|p2b: Emperor|Water
|move|p1a: Hitmontop|Fake Out|p2b: Emperor
|-damage|p2b: Emperor|91/100
|cant|p2b: Emperor|flinch
|move|p2a: Mimi|Play Rough|p1a: Hitmontop
|-supereffective|p1a: Hitmontop
|-damage|p1a: Hitmontop|61/100
|-damage|p2a: Mimi|84/100|[from] item: Rocky Helmet|[of] p1a: Hitmontop
|move|p1b: Ninetales|Moonblast|p2a: Mimi
|-activate|p2a: Mimi|ability: Disguise
|-damage|p2a: Mimi|84/100
|detailschange|p2a: Mimi|Mimikyu-Busted, L50, F
|-damage|p2a: Mimi|71/100|[from] pokemon: Mimikyu-Busted
|
|-weather|Snowscape|[upkeep]
|upkeep
|turn|3
|j| freshveggies2
|
|t:|1757108039
|switch|p1b: Dragonite|Dragonite, L50, M|100/100
|move|p2b: Emperor|Flash Cannon|p1b: Dragonite
|-damage|p1b: Dragonite|58/100
|move|p1a: Hitmontop|Coaching|p1b: Dragonite
|-boost|p1b: Dragonite|atk|1
|-boost|p1b: Dragonite|def|1
|move|p2a: Mimi|Will-O-Wisp|p1a: Hitmontop
|-status|p1a: Hitmontop|brn
|
|-weather|Snowscape|[upkeep]
|-damage|p1a: Hitmontop|55/100 brn|[from] brn
|upkeep
|turn|4
|j| qwhat1234
|
|t:|1757108096
|switch|p1a: Electabuzz|Electabuzz, L50, M|100/100
|-terastallize|p1b: Dragonite|Normal
|move|p2b: Emperor|Weather Ball|p1b: Dragonite
|-damage|p1b: Dragonite|0 fnt
|faint|p1b: Dragonite
|move|p2a: Mimi|Play Rough|p1a: Electabuzz
|-damage|p1a: Electabuzz|88/100
|-status|p2a: Mimi|par|[from] ability: Static|[of] p1a: Electabuzz
|
|-weather|Snowscape|[upkeep]
|upkeep
|
|t:|1757108110
|switch|p1b: Hitmontop|Hitmontop, L50, M|55/100 brn
|-ability|p1b: Hitmontop|Intimidate|boost
|-unboost|p2a: Mimi|atk|1
|-unboost|p2b: Emperor|atk|1
|-ability|p2b: Emperor|Competitive|boost
|-boost|p2b: Emperor|spa|2
|turn|5
|
|t:|1757108143
|switch|p2a: LIVEEE ACTIONNN|Tyranitar, L50, F|100/100
|-weather|Sandstorm|[from] ability: Sand Stream|[of] p2a: LIVEEE ACTIONNN
|switch|p2b: Who Let Da Dog Out|Houndstone, L50, M|100/100
|move|p1b: Hitmontop|Fake Out|p2b: Who Let Da Dog Out
|-immune|p2b: Who Let Da Dog Out
|move|p1a: Electabuzz|Electroweb|p2b: Who Let Da Dog Out|[spread] p2b
|-miss|p1a: Electabuzz|p2a: LIVEEE ACTIONNN
|-crit|p2b: Who Let Da Dog Out
|-damage|p2b: Who Let Da Dog Out|77/100
|-unboost|p2b: Who Let Da Dog Out|spe|1
|
|-weather|Sandstorm|[upkeep]
|-damage|p1b: Hitmontop|50/100 brn|[from] Sandstorm
|-damage|p1a: Electabuzz|82/100|[from] Sandstorm
|-damage|p1b: Hitmontop|44/100 brn|[from] brn
|-fieldend|move: Trick Room
|upkeep
|turn|6
|
|t:|1757108191
|move|p1a: Electabuzz|Follow Me|p1a: Electabuzz
|-singleturn|p1a: Electabuzz|move: Follow Me
|move|p1b: Hitmontop|Sucker Punch|p2b: Who Let Da Dog Out
|-supereffective|p2b: Who Let Da Dog Out
|-damage|p2b: Who Let Da Dog Out|60/100
|move|p2b: Who Let Da Dog Out|Play Rough|p1a: Electabuzz
|-damage|p1a: Electabuzz|54/100
|-damage|p2b: Who Let Da Dog Out|50/100|[from] item: Life Orb
|move|p2a: LIVEEE ACTIONNN|Rock Slide|p1a: Electabuzz|[spread] p1a,p1b
|-resisted|p1b: Hitmontop
|-damage|p1a: Electabuzz|36/100
|-damage|p1b: Hitmontop|30/100 brn
|
|-weather|Sandstorm|[upkeep]
|-damage|p1a: Electabuzz|30/100|[from] Sandstorm
|-damage|p1b: Hitmontop|25/100 brn|[from] Sandstorm
|-damage|p1b: Hitmontop|19/100 brn|[from] brn
|upkeep
|turn|7
|
|t:|1757108229
|move|p2b: Who Let Da Dog Out|Protect|p2b: Who Let Da Dog Out
|-singleturn|p2b: Who Let Da Dog Out|Protect
|move|p1a: Electabuzz|Follow Me|p1a: Electabuzz
|-singleturn|p1a: Electabuzz|move: Follow Me
|move|p1b: Hitmontop|Sucker Punch||[still]
|-fail|p1b: Hitmontop
|move|p2a: LIVEEE ACTIONNN|Rock Slide|p1b: Hitmontop|[spread] p1a,p1b
|-resisted|p1b: Hitmontop
|-damage|p1a: Electabuzz|12/100
|-damage|p1b: Hitmontop|4/100 brn
|
|-weather|Sandstorm|[upkeep]
|-damage|p1a: Electabuzz|6/100|[from] Sandstorm
|-damage|p1b: Hitmontop|0 fnt|[from] Sandstorm
|faint|p1b: Hitmontop
|upkeep
|
|t:|1757108241
|switch|p1b: Ninetales|Ninetales-Alola, L50, M|100/100
|-weather|Snowscape|[from] ability: Snow Warning|[of] p1b: Ninetales
|turn|8
|
|t:|1757108270
|switch|p2b: Emperor|Empoleon, L50, M, tera:Water|91/100
|switch|p2a: Mimi|Mimikyu-Busted, L50, F|71/100 par
|move|p1b: Ninetales|Moonblast|p2a: Mimi
|-damage|p2a: Mimi|43/100 par
|move|p1a: Electabuzz|Electroweb|p2b: Emperor|[spread] p2a,p2b
|-supereffective|p2b: Emperor
|-damage|p2a: Mimi|32/100 par
|-damage|p2b: Emperor|74/100
|-unboost|p2a: Mimi|spe|1
|-unboost|p2b: Emperor|spe|1
|-ability|p2b: Emperor|Competitive|boost
|-boost|p2b: Emperor|spa|2
|
|-weather|Snowscape|[upkeep]
|upkeep
|turn|9
|c| hunterdrago|tier 1 empoleon
|c|Ōśåzuiyyy|type shit
|
|t:|1757108321
|move|p2a: Mimi|Shadow Sneak|p1a: Electabuzz
|-damage|p1a: Electabuzz|0 fnt
|faint|p1a: Electabuzz
|move|p1b: Ninetales|Weather Ball|p2b: Emperor
|-resisted|p2b: Emperor
|-damage|p2b: Emperor|62/100
|move|p2b: Emperor|Flash Cannon|p1b: Ninetales
|-supereffective|p1b: Ninetales
|-enditem|p1b: Ninetales|Focus Sash
|-damage|p1b: Ninetales|1/100
|
|-weather|Snowscape|[upkeep]
|upkeep
|turn|10
|
|t:|1757108343
|cant|p2a: Mimi|par
|move|p1b: Ninetales|Moonblast|p2a: Mimi
|-damage|p2a: Mimi|5/100 par
|move|p2b: Emperor|Flash Cannon|p1b: Ninetales
|-supereffective|p1b: Ninetales
|-damage|p1b: Ninetales|0 fnt
|faint|p1b: Ninetales
|
|win|zuiyyy
||zuiyyy is ready for game 2.
||Jewelpet2002 is ready for game 2.
|uhtml|next|Next: Game 2 of 3
|l| yAGGmans2
|l| Criee
|l| freshveggies2
