|j|☆FoulScowl
|j|☆Iceman5687
|html|FoulScowlIceman5687    
|uhtml|bestof|Game 2 of a best-of-3
|t:|1783483054
|gametype|doubles
|player|p1|FoulScowl|grimsley|1155
|player|p2|Iceman5687|265|1159
|gen|9
|tier|[Gen 9 Champions] VGC 2026 Reg M-B (Bo3)
|rated|
|rule|Species Clause: Limit one of each Pokémon
|rule|Item Clause: Limit 1 of each item
|clearpoke
|poke|p1|Scrafty, L50, M, shiny|
|poke|p1|Gholdengo, L50|
|poke|p1|Basculegion, L50, M|
|poke|p1|Charizard, L50, M, shiny|
|poke|p1|Garchomp, L50, M|
|poke|p1|Farigiraf, L50, F, shiny|
|poke|p2|Sylveon, L50, M, shiny|
|poke|p2|Basculegion, L50, M|
|poke|p2|Kingambit, L50, M, shiny|
|poke|p2|Garchomp, L50, M|
|poke|p2|Charizard, L50, F, shiny|
|poke|p2|Whimsicott, L50, F, shiny|
|teampreview|4
|showteam|p1|Scrafty||Scraftinite|Intimidate|KnockOff,DrainPunch,FakeOut,IcePunch|Adamant||M|||50|]Gholdengo||KasibBerry|GoodasGold|MakeItRain,ShadowBall,NastyPlot,Protect|Modest|||||50|]Basculegion||FocusSash|Adaptability|Liquidation,LastRespects,AquaJet,Protect|Adamant||M|||50|]Charizard||CharizarditeY|Blaze|HeatWave,SolarBeam,WeatherBall,Protect|Modest||M|||50|]Garchomp||ChoiceScarf|RoughSkin|DragonClaw,Earthquake,RockSlide,PoisonJab|Adamant||M|||50|]Farigiraf||ExpertBelt|ArmorTail|Psychic,Thunderbolt,Imprison,TrickRoom|Quiet||F|||50|
|showteam|p2|Sylveon||FairyFeather|Pixilate|HyperVoice,QuickAttack,Protect,HyperBeam|Modest||M|||50|]Basculegion||LifeOrb|Adaptability|WaveCrash,LastRespects,AquaJet,Protect|Adamant||M|||50|]Kingambit||ChopleBerry|Defiant|KowtowCleave,IronHead,SuckerPunch,LowKick|Adamant||M|||50|]Garchomp||RoseliBerry|RoughSkin|Earthquake,RockSlide,DragonClaw,PoisonJab|Adamant||M|||50|]Charizard||CharizarditeY|Blaze|HeatWave,WeatherBall,SolarBeam,Protect|Modest||F|||50|]Whimsicott||FocusSash|Prankster|Moonblast,Tailwind,Encore,Protect|Timid||F|||50|
|
|t:|1783483090
|teamsize|p1|4
|teamsize|p2|4
|start
|switch|p1a: Garchomp|Garchomp, L50, M|100/100
|switch|p1b: Scrafty|Scrafty, L50, M, shiny|100/100
|switch|p2a: Garchomp|Garchomp, L50, M|100/100
|switch|p2b: Kingambit|Kingambit, L50, M, shiny|100/100
|-ability|p1b: Scrafty|Intimidate|boost
|-unboost|p2a: Garchomp|atk|1
|-unboost|p2b: Kingambit|atk|1
|-ability|p2b: Kingambit|Defiant|boost
|-boost|p2b: Kingambit|atk|2
|turn|1
|
|t:|1783483112
|switch|p2a: Charizard|Charizard, L50, F, shiny|100/100
|move|p1b: Scrafty|Fake Out|p2b: Kingambit
|-resisted|p2b: Kingambit|1
|-crit|p2b: Kingambit
|-damage|p2b: Kingambit|92/100
|cant|p2b: Kingambit|flinch
|move|p1a: Garchomp|Dragon Claw|p2a: Charizard
|-damage|p2a: Charizard|56/100
|
|upkeep
|turn|2
|
|t:|1783483126
|detailschange|p2a: Charizard|Charizard-Mega-Y, L50, F, shiny
|-mega|p2a: Charizard|Charizard|Charizardite Y
|-weather|SunnyDay|[from] ability: Drought|[of] p2a: Charizard
|move|p2b: Kingambit|Sucker Punch|p1a: Garchomp
|-damage|p1a: Garchomp|48/100
|-damage|p2b: Kingambit|80/100|[from] ability: Rough Skin|[of] p1a: Garchomp
|move|p1a: Garchomp|Dragon Claw|p2a: Charizard
|-damage|p2a: Charizard|12/100
|move|p2a: Charizard|Heat Wave|p1b: Scrafty|[spread] p1a
|-miss|p2a: Charizard|p1b: Scrafty
|-resisted|p1a: Garchomp|1
|-damage|p1a: Garchomp|16/100
|-status|p1a: Garchomp|brn
|move|p1b: Scrafty|Drain Punch|p2b: Kingambit
|-supereffective|p2b: Kingambit|2
|-enditem|p2b: Kingambit|Chople Berry|[eat]
|-enditem|p2b: Kingambit|Chople Berry|[weaken]
|-damage|p2b: Kingambit|26/100
|
|-weather|SunnyDay|[upkeep]
|-damage|p1a: Garchomp|10/100 brn|[from] brn
|upkeep
|turn|3
|
|t:|1783483155
|switch|p1a: Charizard|Charizard, L50, M, shiny|100/100
|move|p2b: Kingambit|Sucker Punch||[still]
|-fail|p2b: Kingambit
|move|p2a: Charizard|Weather Ball|p1b: Scrafty
|-damage|p1b: Scrafty|14/100
|move|p1b: Scrafty|Drain Punch|p2b: Kingambit
|-supereffective|p2b: Kingambit|2
|-damage|p2b: Kingambit|0 fnt
|-heal|p1b: Scrafty|30/100|[from] drain|[of] p2b: Kingambit
|faint|p2b: Kingambit
|
|-weather|SunnyDay|[upkeep]
|upkeep
|
|t:|1783483164
|switch|p2b: Garchomp|Garchomp, L50, M|100/100
|turn|4
|
|t:|1783483171
|switch|p1a: Garchomp|Garchomp, L50, M|10/100 brn
|move|p2b: Garchomp|Rock Slide|p1a: Garchomp|[spread] p1a,p1b
|-resisted|p1a: Garchomp|1
|-resisted|p1b: Scrafty|1
|-damage|p1a: Garchomp|1/100 brn
|-damage|p1b: Scrafty|21/100
|move|p2a: Charizard|Heat Wave|p1b: Scrafty|[spread] p1b
|-miss|p2a: Charizard|p1a: Garchomp
|-damage|p1b: Scrafty|0 fnt
|faint|p1b: Scrafty
|
|-weather|SunnyDay|[upkeep]
|-damage|p1a: Garchomp|0 fnt|[from] brn
|faint|p1a: Garchomp
|upkeep
|
|t:|1783483182
|switch|p1a: Charizard|Charizard, L50, M, shiny|100/100
|switch|p1b: Farigiraf|Farigiraf, L50, F, shiny|100/100
|turn|5
|
|t:|1783483196
|move|p1a: Charizard|Protect|p1a: Charizard
|-singleturn|p1a: Charizard|Protect
|move|p2b: Garchomp|Dragon Claw|p1b: Farigiraf
|-damage|p1b: Farigiraf|64/100
|move|p2a: Charizard|Weather Ball|p1b: Farigiraf
|-damage|p1b: Farigiraf|0 fnt
|faint|p1b: Farigiraf
|
|-weather|SunnyDay|[upkeep]
|upkeep
|turn|6
|
|t:|1783483210
|detailschange|p1a: Charizard|Charizard-Mega-Y, L50, M, shiny
|-mega|p1a: Charizard|Charizard|Charizardite Y
|move|p2b: Garchomp|Rock Slide|p1a: Charizard
|-supereffective|p1a: Charizard|2
|-damage|p1a: Charizard|1/100
|move|p2a: Charizard|Weather Ball|p1a: Charizard
|-resisted|p1a: Charizard|1
|-damage|p1a: Charizard|0 fnt
|faint|p1a: Charizard
|
|win|Iceman5687
