|j|☆tyrannosaurusrex75
|j|☆ferpshowdown
|html|tyrannosaurusrex75ferpshowdown    
|uhtml|bestof|Game 2 of a best-of-3
|t:|1783104229
|gametype|doubles
|player|p1|tyrannosaurusrex75|1|1160
|player|p2|ferpshowdown|lucas|1205
|gen|9
|tier|[Gen 9 Champions] VGC 2026 Reg M-B (Bo3)
|rated|
|rule|Species Clause: Limit one of each Pokémon
|rule|Item Clause: Limit 1 of each item
|clearpoke
|poke|p1|Kleavor, L50, F|
|poke|p1|Incineroar, L50, M|
|poke|p1|Farigiraf, L50, F|
|poke|p1|Whimsicott, L50, F|
|poke|p1|Staraptor, L50, F|
|poke|p1|Archaludon, L50, F|
|poke|p2|Charizard, L50, M|
|poke|p2|Garchomp, L50, F|
|poke|p2|Aerodactyl, L50, F|
|poke|p2|Farigiraf, L50, M|
|poke|p2|Kingambit, L50, F|
|poke|p2|Sylveon, L50, F|
|teampreview|4
|showteam|p1|Kleavor||FocusSash|Sharpness|RockSlide,StoneAxe,XScissor,Protect|Adamant||F|||50|]Incineroar||SitrusBerry|Intimidate|FakeOut,FlareBlitz,ThroatChop,PartingShot|Brave||M|||50|]Farigiraf||Leftovers|ArmorTail|TrickRoom,HyperVoice,Psychic,Protect|Modest||F|||50|]Whimsicott||MentalHerb|Prankster|Tailwind,Charm,Encore,Protect|Bold||F|||50|]Staraptor||Staraptite|Intimidate|CloseCombat,BraveBird,Protect,Roost|Adamant||F|||50|]Archaludon||ChoiceScarf|Stalwart|SteelBeam,Thunderbolt,DracoMeteor,FlashCannon|Timid||F|||50|
|showteam|p2|Charizard||CharizarditeY|Blaze|HeatWave,WeatherBall,SolarBeam,Protect|Modest||M|||50|]Garchomp||LifeOrb|RoughSkin|DragonClaw,Earthquake,RockSlide,Protect|Jolly||F|||50|]Aerodactyl||Aerodactylite|Unnerve|RockSlide,DualWingbeat,IceFang,Tailwind|Jolly||F|||50|]Farigiraf||SitrusBerry|ArmorTail|Psychic,Thunderbolt,SunnyDay,TrickRoom|Bold||M|||50|]Kingambit||FocusSash|Defiant|KowtowCleave,IronHead,SuckerPunch,LowKick|Adamant||F|||50|]Sylveon||FairyFeather|Pixilate|HyperVoice,HyperBeam,QuickAttack,Protect|Modest||F|||50|
|inactive|Battle timer is ON: inactive players will automatically lose when time's up. (requested by tyrannosaurusrex75)
|
|t:|1783104253
|teamsize|p1|4
|teamsize|p2|4
|start
|switch|p1a: Staraptor|Staraptor, L50, F|100/100
|switch|p1b: Incineroar|Incineroar, L50, M|100/100
|switch|p2a: Aerodactyl|Aerodactyl, L50, F|100/100
|switch|p2b: Sylveon|Sylveon, L50, F|100/100
|-ability|p2a: Aerodactyl|Unnerve
|-ability|p1a: Staraptor|Intimidate|boost
|-unboost|p2a: Aerodactyl|atk|1
|-unboost|p2b: Sylveon|atk|1
|-ability|p1b: Incineroar|Intimidate|boost
|-unboost|p2a: Aerodactyl|atk|1
|-unboost|p2b: Sylveon|atk|1
|turn|1
|inactive|ferpshowdown has 30 seconds left.
|
|t:|1783104286
|detailschange|p2a: Aerodactyl|Aerodactyl-Mega, L50, F
|-mega|p2a: Aerodactyl|Aerodactyl|Aerodactylite
|detailschange|p1a: Staraptor|Staraptor-Mega, L50, F
|-mega|p1a: Staraptor|Staraptor|Staraptite
|move|p2b: Sylveon|Protect|p2b: Sylveon
|-singleturn|p2b: Sylveon|Protect
|move|p1b: Incineroar|Fake Out|p2b: Sylveon
|-activate|p2b: Sylveon|move: Protect
|move|p2a: Aerodactyl|Dual Wingbeat|p1a: Staraptor
|-supereffective|p1a: Staraptor|1
|-damage|p1a: Staraptor|69/100
|-supereffective|p1a: Staraptor|1
|-damage|p1a: Staraptor|41/100
|-hitcount|p1a: Staraptor|2
|move|p1a: Staraptor|Close Combat|p2a: Aerodactyl
|-damage|p2a: Aerodactyl|21/100
|-boost|p1a: Staraptor|def|1
|-boost|p1a: Staraptor|spd|1
|
|upkeep
|turn|2
|inactive|ferpshowdown has 30 seconds left.
|
|t:|1783104316
|move|p1a: Staraptor|Protect|p1a: Staraptor
|-singleturn|p1a: Staraptor|Protect
|move|p2a: Aerodactyl|Tailwind|p2a: Aerodactyl
|-sidestart|p2: ferpshowdown|move: Tailwind
|move|p2b: Sylveon|Hyper Voice|p1a: Staraptor|[spread] p1b
|-activate|p1a: Staraptor|move: Protect
|-damage|p1b: Incineroar|54/100
|move|p1b: Incineroar|Parting Shot|p2b: Sylveon
|-unboost|p2b: Sylveon|atk|1
|-unboost|p2b: Sylveon|spa|1
|
|t:|1783104330
|switch|p1b: Archaludon|Archaludon, L50, F|100/100|[from] Parting Shot
|
|upkeep
|turn|3
|
|t:|1783104341
|switch|p2b: Kingambit|Kingambit, L50, F|100/100
|move|p2a: Aerodactyl|Dual Wingbeat|p1a: Staraptor
|-supereffective|p1a: Staraptor|1
|-damage|p1a: Staraptor|23/100
|-supereffective|p1a: Staraptor|1
|-damage|p1a: Staraptor|4/100
|-hitcount|p1a: Staraptor|2
|move|p1b: Archaludon|Flash Cannon|p2b: Kingambit
|-resisted|p2b: Kingambit|1
|-damage|p2b: Kingambit|74/100
|move|p1a: Staraptor|Close Combat|p2a: Aerodactyl
|-damage|p2a: Aerodactyl|0 fnt
|-boost|p1a: Staraptor|def|1
|-boost|p1a: Staraptor|spd|1
|faint|p2a: Aerodactyl
|
|upkeep
|
|t:|1783104357
|switch|p2a: Sylveon|Sylveon, L50, F|100/100
|turn|4
|
|t:|1783104380
|switch|p1b: Incineroar|Incineroar, L50, M|54/100
|-ability|p1b: Incineroar|Intimidate|boost
|-unboost|p2a: Sylveon|atk|1
|-unboost|p2b: Kingambit|atk|1
|-ability|p2b: Kingambit|Defiant|boost
|-boost|p2b: Kingambit|atk|2
|move|p1a: Staraptor|Protect|p1a: Staraptor
|-singleturn|p1a: Staraptor|Protect
|move|p2b: Kingambit|Low Kick|p1b: Incineroar
|-supereffective|p1b: Incineroar|1
|-damage|p1b: Incineroar|0 fnt
|faint|p1b: Incineroar
|move|p2a: Sylveon|Hyper Voice|p1a: Staraptor
|-activate|p1a: Staraptor|move: Protect
|
|upkeep
|
|t:|1783104401
|switch|p1b: Archaludon|Archaludon, L50, F|100/100
|turn|5
|
|t:|1783104412
|move|p1b: Archaludon|Steel Beam|p2a: Sylveon
|-supereffective|p2a: Sylveon|1
|-damage|p2a: Sylveon|0 fnt
|-damage|p1b: Archaludon|49/100|[from] steelbeam
|faint|p2a: Sylveon
|move|p2b: Kingambit|Low Kick|p1b: Archaludon
|-supereffective|p1b: Archaludon|1
|-damage|p1b: Archaludon|0 fnt
|faint|p1b: Archaludon
|move|p1a: Staraptor|Roost|p1a: Staraptor
|-heal|p1a: Staraptor|54/100
|-singleturn|p1a: Staraptor|move: Roost
|
|-sideend|p2: ferpshowdown|move: Tailwind
|upkeep
|
|t:|1783104424
|switch|p1b: Kleavor|Kleavor, L50, F|100/100
|switch|p2a: Farigiraf|Farigiraf, L50, M|100/100
|turn|6
|inactive|ferpshowdown has 30 seconds left.
|inactive|ferpshowdown has 20 seconds left.
|inactive|ferpshowdown has 15 seconds left.
|inactive|ferpshowdown has 10 seconds left.
|
|t:|1783104472
|move|p1a: Staraptor|Roost|p1a: Staraptor
|-heal|p1a: Staraptor|100/100
|-singleturn|p1a: Staraptor|move: Roost
|move|p1b: Kleavor|X-Scissor|p2a: Farigiraf
|-supereffective|p2a: Farigiraf|1
|-damage|p2a: Farigiraf|1/100
|-enditem|p2a: Farigiraf|Sitrus Berry|[eat]
|-heal|p2a: Farigiraf|25/100|[from] item: Sitrus Berry
|move|p2b: Kingambit|Iron Head|p1b: Kleavor
|-supereffective|p1b: Kleavor|1
|-enditem|p1b: Kleavor|Focus Sash
|-damage|p1b: Kleavor|1/100
|move|p2a: Farigiraf|Thunderbolt|p1a: Staraptor
|-damage|p1a: Staraptor|86/100
|-status|p1a: Staraptor|par
|
|upkeep
|turn|7
|
|t:|1783104495
|move|p2b: Kingambit|Sucker Punch|p1b: Kleavor
|-damage|p1b: Kleavor|0 fnt
|faint|p1b: Kleavor
|move|p1a: Staraptor|Close Combat|p2b: Kingambit
|-supereffective|p2b: Kingambit|2
|-damage|p2b: Kingambit|0 fnt
|-boost|p1a: Staraptor|def|1
|-boost|p1a: Staraptor|spd|1
|faint|p2b: Kingambit
|move|p2a: Farigiraf|Psychic|p1a: Staraptor
|-supereffective|p1a: Staraptor|1
|-damage|p1a: Staraptor|55/100 par
|
|upkeep
|turn|8
|
|t:|1783104507
|move|p1a: Staraptor|Roost|p1a: Staraptor
|-heal|p1a: Staraptor|100/100 par
|-singleturn|p1a: Staraptor|move: Roost
|move|p2a: Farigiraf|Psychic|p1a: Staraptor
|-supereffective|p1a: Staraptor|1
|-damage|p1a: Staraptor|65/100 par
|-boost|p1a: Staraptor|spd|1
|
|upkeep
|turn|9
|
|t:|1783104517
|move|p1a: Staraptor|Close Combat|p2a: Farigiraf
|-damage|p2a: Farigiraf|0 fnt
|-boost|p1a: Staraptor|def|1
|-boost|p1a: Staraptor|spd|1
|faint|p2a: Farigiraf
|
|win|tyrannosaurusrex75
||ferpshowdown is ready for game 3.
||tyrannosaurusrex75 is ready for game 3.
|uhtml|next|Next: Game 3 of 3
|l|☆tyrannosaurusrex75
|player|p1|
