|j|☆VermillionAcademy
|j|☆jonen
|html|VermillionAcademyjonen    
|uhtml|bestof|Game 1 of a best-of-3
|t:|1756918329
|gametype|doubles
|player|p1|VermillionAcademy|169|1133
|player|p2|jonen|ruinmaniac-gen3|1231
|gen|9
|tier|[Gen 9] VGC 2025 Reg H (Bo3)
|rated|
|rule|Species Clause: Limit one of each Pokémon
|rule|Item Clause: Limit 1 of each item
|clearpoke
|poke|p1|Electabuzz, L50, M|
|poke|p1|Kingambit, L50, M|
|poke|p1|Volcarona, L50, F|
|poke|p1|Dragonite, L50, M|
|poke|p1|Sneasler, L50, M|
|poke|p1|Rillaboom, L50, F|
|poke|p2|Garchomp, L50, M|
|poke|p2|Weezing-Galar, L50, F|
|poke|p2|Archaludon, L50, M|
|poke|p2|Gholdengo, L50|
|poke|p2|Talonflame, L50, M|
|poke|p2|Annihilape, L50, F|
|teampreview|4
|showteam|p1|Electabuzz||Eviolite|VitalSpirit|FollowMe,Thunderbolt,Taunt,Protect|||M|||50|,,,,,Ghost]Kingambit||BlackGlasses|Defiant|KowtowCleave,SuckerPunch,SwordsDance,Protect|||M|||50|,,,,,Dark]Volcarona||Leftovers|FlameBody|HeatWave,TeraBlast,QuiverDance,Protect|||F|||50|,,,,,Fairy]Dragonite||LoadedDice|Multiscale|ScaleShot,ExtremeSpeed,Haze,Protect|||M|||50|,,,,,Fairy]Sneasler||FocusSash|Unburden|DireClaw,CloseCombat,Coaching,FakeOut|||M|||50|,,,,,Stellar]Rillaboom||AssaultVest|GrassySurge|FakeOut,WoodHammer,GrassyGlide,HighHorsepower|||F|||50|,,,,,Fire
|showteam|p2|Garchomp||LifeOrb|RoughSkin|DragonClaw,Earthquake,StompingTantrum,Protect|||M|||50|,,,,,Ground]Weezing-Galar||FocusSash|NeutralizingGas|Protect,SludgeBomb,Taunt,StrangeSteam|||F|||50|,,,,,Flying]Archaludon||PowerHerb|Sturdy|ElectroShot,Thunderbolt,DracoMeteor,Protect|||M|||50|,,,,,Electric]Gholdengo||ChoiceSpecs|GoodasGold|ShadowBall,DazzlingGleam,PowerGem,MakeItRain||||||50|,,,,,Fairy]Talonflame||CovertCloak|GaleWings|Tailwind,DualWingbeat,UpperHand,FlareBlitz|||M|||50|,,,,,Fairy]Annihilape||AssaultVest|Defiant|CloseCombat,RageFist,FinalGambit,IcePunch|||F|||50|,,,,,Grass
|
|t:|1756918393
|teamsize|p1|4
|teamsize|p2|4
|start
|switch|p1a: Kingambit|Kingambit, L50, M|100/100
|switch|p1b: Sneasler|Sneasler, L50, M|100/100
|switch|p2a: Talonflame|Talonflame, L50, M|100/100
|switch|p2b: Annihilape|Annihilape, L50, F|100/100
|turn|1
|inactive|Battle timer is ON: inactive players will automatically lose when time's up. (requested by VermillionAcademy)
|
|t:|1756918424
|move|p1a: Kingambit|Protect|p1a: Kingambit
|-singleturn|p1a: Kingambit|Protect
|move|p2a: Talonflame|Dual Wingbeat|p1b: Sneasler
|-supereffective|p1b: Sneasler
|-damage|p1b: Sneasler|45/100
|-supereffective|p1b: Sneasler
|-damage|p1b: Sneasler|0 fnt
|faint|p1b: Sneasler
|-hitcount|p1: Sneasler|2
|move|p2b: Annihilape|Close Combat|p1a: Kingambit
|-activate|p1a: Kingambit|move: Protect
|
|upkeep
|
|t:|1756918433
|switch|p1b: Electabuzz|Electabuzz, L50, M|100/100
|turn|2
|
|t:|1756918457
|switch|p2a: Garchomp|Garchomp, L50, M|100/100
|-terastallize|p1b: Electabuzz|Ghost
|move|p1b: Electabuzz|Follow Me|p1b: Electabuzz
|-singleturn|p1b: Electabuzz|move: Follow Me
|move|p2b: Annihilape|Final Gambit|p1b: Electabuzz
|-immune|p1b: Electabuzz
|move|p1a: Kingambit|Swords Dance|p1a: Kingambit
|-boost|p1a: Kingambit|atk|2
|
|upkeep
|turn|3
|inactive|VermillionAcademy has 30 seconds left.
|inactive|jonen has 30 seconds left.
|
|t:|1756918489
|switch|p2b: Gholdengo|Gholdengo, L50|100/100
|switch|p1b: Rillaboom|Rillaboom, L50, F|100/100
|-fieldstart|move: Grassy Terrain|[from] ability: Grassy Surge|[of] p1b: Rillaboom
|move|p2a: Garchomp|Protect|p2a: Garchomp
|-singleturn|p2a: Garchomp|Protect
|move|p1a: Kingambit|Protect||[still]
|-fail|p1a: Kingambit
|
|upkeep
|turn|4
|inactive|VermillionAcademy has 30 seconds left.
|
|t:|1756918520
|switch|p2a: Talonflame|Talonflame, L50, M|100/100
|-terastallize|p2b: Gholdengo|Fairy
|move|p2b: Gholdengo|Dazzling Gleam|p1b: Rillaboom|[spread] p1a,p1b
|-damage|p1a: Kingambit|51/100
|-damage|p1b: Rillaboom|63/100
|move|p1b: Rillaboom|High Horsepower|p2a: Talonflame
|-immune|p2a: Talonflame
|move|p1a: Kingambit|Kowtow Cleave|p2a: Talonflame
|-damage|p2a: Talonflame|0 fnt
|faint|p2a: Talonflame
|
|-heal|p1b: Rillaboom|68/100|[from] Grassy Terrain
|-heal|p1a: Kingambit|57/100|[from] Grassy Terrain
|upkeep
|
|t:|1756918534
|switch|p2a: Garchomp|Garchomp, L50, M|100/100
|turn|5
|
|t:|1756918554
|switch|p2b: Annihilape|Annihilape, L50, F|100/100
|move|p1b: Rillaboom|Grassy Glide|p2b: Annihilape
|-damage|p2b: Annihilape|59/100
|move|p1a: Kingambit|Sucker Punch||[still]
|-fail|p1a: Kingambit
|move|p2a: Garchomp|Stomping Tantrum|p1a: Kingambit
|-supereffective|p1a: Kingambit
|-damage|p1a: Kingambit|0 fnt
|faint|p1a: Kingambit
|-damage|p2a: Garchomp|91/100|[from] item: Life Orb
|
|-heal|p2a: Garchomp|97/100|[from] Grassy Terrain
|-heal|p2b: Annihilape|65/100|[from] Grassy Terrain
|-heal|p1b: Rillaboom|74/100|[from] Grassy Terrain
|upkeep
|
|t:|1756918557
|switch|p1a: Electabuzz|Electabuzz, L50, M, tera:Ghost|100/100
|turn|6
|inactive|VermillionAcademy has 30 seconds left.
|inactive|VermillionAcademy has 20 seconds left.
|inactive|VermillionAcademy has 15 seconds left.
|
|t:|1756918599
|move|p1a: Electabuzz|Protect|p1a: Electabuzz
|-singleturn|p1a: Electabuzz|Protect
|move|p2a: Garchomp|Dragon Claw|p1b: Rillaboom
|-damage|p1b: Rillaboom|25/100
|-damage|p2a: Garchomp|87/100|[from] item: Life Orb
|move|p2b: Annihilape|Rage Fist|p1b: Rillaboom
|-damage|p1b: Rillaboom|0 fnt
|faint|p1b: Rillaboom
|
|-heal|p2a: Garchomp|93/100|[from] Grassy Terrain
|-heal|p2b: Annihilape|71/100|[from] Grassy Terrain
|upkeep
|turn|7
|
|t:|1756918610
|move|p2a: Garchomp|Dragon Claw|p1a: Electabuzz
|-damage|p1a: Electabuzz|62/100
|-damage|p2a: Garchomp|83/100|[from] item: Life Orb
|move|p2b: Annihilape|Rage Fist|p1a: Electabuzz
|-supereffective|p1a: Electabuzz
|-damage|p1a: Electabuzz|0 fnt
|faint|p1a: Electabuzz
|
|win|jonen
