|j|☆CappyTJ5
|j|☆Mynameisralsei
|html|CappyTJ5Mynameisralsei    
|uhtml|bestof|Game 3 of a best-of-3
|t:|1757027812
|gametype|doubles
|player|p1|CappyTJ5|170|1000
|player|p2|Mynameisralsei|colress|1041
|gen|9
|tier|[Gen 9] VGC 2025 Reg H (Bo3)
|rated|
|rule|Species Clause: Limit one of each Pokémon
|rule|Item Clause: Limit 1 of each item
|clearpoke
|poke|p1|Sneasler, L50, F|
|poke|p1|Incineroar, L50, M|
|poke|p1|Dragonite, L50, M|
|poke|p1|Gholdengo, L50|
|poke|p1|Amoonguss, L50, F|
|poke|p1|Ursaluna-Bloodmoon, L50, M|
|poke|p2|Archaludon, L50, M|
|poke|p2|Basculegion, L50, M|
|poke|p2|Pelipper, L50, F|
|poke|p2|Amoonguss, L50, M|
|poke|p2|Incineroar, L50, F|
|poke|p2|Maushold, L50|
|teampreview|4
|showteam|p1|Sneasler||FocusSash|Unburden|Protect,DireClaw,CloseCombat,ThroatChop|||F|||50|,,,,,Stellar]Incineroar||SafetyGoggles|Intimidate|KnockOff,FlareBlitz,PartingShot,FakeOut|||M|||50|,,,,,Ghost]Dragonite||LoadedDice|Multiscale|Protect,ScaleShot,Tailwind,Haze|||M|||50|,,,,,Fairy]Gholdengo||LifeOrb|GoodasGold|Protect,MakeItRain,ShadowBall,NastyPlot||||||50|,,,,,Water]Amoonguss||SitrusBerry|Regenerator|Protect,Spore,PollenPuff,RagePowder|||F|||50|,,,,,Water]Ursaluna-Bloodmoon||AssaultVest|MindsEye|HyperVoice,BloodMoon,EarthPower,VacuumWave|||M|||50|,,,,,Water
|showteam|p2|Archaludon||AssaultVest|Stamina|ElectroShot,DragonPulse,FlashCannon,BodyPress|||M|||50|,,,,,Grass]Basculegion||MysticWater|SwiftSwim|Protect,WaveCrash,AquaJet,LastRespects|||M|||50|,,,,,Water]Pelipper||FocusSash|Drizzle|Hurricane,WeatherBall,Tailwind,Protect|||F|||50|,,,,,Ghost]Amoonguss||SitrusBerry|Regenerator|Spore,RagePowder,PollenPuff,ClearSmog|||M|||50|,,,,,Water]Incineroar||SafetyGoggles|Intimidate|FakeOut,FlareBlitz,KnockOff,PartingShot|||F|||50|,,,,,Ghost]Maushold||WideLens|Technician|PopulationBomb,FollowMe,Taunt,Protect||||||50|,,,,,Grass
|inactive|Battle timer is ON: inactive players will automatically lose when time's up. (requested by CappyTJ5)
|inactive|Mynameisralsei has 60 seconds left.
|
|t:|1757027857
|teamsize|p1|4
|teamsize|p2|4
|start
|switch|p1a: Dragonite|Dragonite, L50, M|100/100
|switch|p1b: Ursaluna|Ursaluna-Bloodmoon, L50, M|100/100
|switch|p2a: Maushold|Maushold, L50|100/100
|switch|p2b: Archaludon|Archaludon, L50, M|100/100
|turn|1
|inactive|CappyTJ5 has 30 seconds left.
|
|t:|1757027889
|move|p2a: Maushold|Taunt|p1a: Dragonite
|-start|p1a: Dragonite|move: Taunt
|cant|p1a: Dragonite|move: Taunt|Tailwind
|move|p2b: Archaludon|Dragon Pulse|p1a: Dragonite
|-supereffective|p1a: Dragonite
|-damage|p1a: Dragonite|51/100
|move|p1b: Ursaluna|Earth Power|p2b: Archaludon
|-supereffective|p2b: Archaludon
|-damage|p2b: Archaludon|17/100
|-ability|p2b: Archaludon|Stamina|boost
|-boost|p2b: Archaludon|def|1
|
|upkeep
|turn|2
|inactive|CappyTJ5 has 30 seconds left.
|inactive|CappyTJ5 has 20 seconds left.
|
|t:|1757027925
|switch|p1a: Gholdengo|Gholdengo, L50|100/100
|move|p2a: Maushold|Population Bomb|p1a: Gholdengo
|-immune|p1a: Gholdengo
|move|p2b: Archaludon|Body Press|p1b: Ursaluna
|-supereffective|p1b: Ursaluna
|-damage|p1b: Ursaluna|48/100
|move|p1b: Ursaluna|Hyper Voice|p2a: Maushold|[spread] p2a,p2b
|-resisted|p2b: Archaludon
|-damage|p2a: Maushold|38/100
|-damage|p2b: Archaludon|2/100
|-ability|p2b: Archaludon|Stamina|boost
|-boost|p2b: Archaludon|def|1
|
|upkeep
|turn|3
|inactive|Mynameisralsei has 30 seconds left.
|inactive|CappyTJ5 has 30 seconds left.
|
|t:|1757027958
|switch|p1b: Dragonite|Dragonite, L50, M|51/100
|move|p2a: Maushold|Follow Me|p2a: Maushold
|-singleturn|p2a: Maushold|move: Follow Me
|move|p1a: Gholdengo|Make It Rain|p2a: Maushold|[spread] p2a,p2b
|-resisted|p2b: Archaludon
|-damage|p2a: Maushold|0 fnt
|-damage|p2b: Archaludon|0 fnt
|-unboost|p1a: Gholdengo|spa|1
|faint|p2a: Maushold
|faint|p2b: Archaludon
|-damage|p1a: Gholdengo|91/100|[from] item: Life Orb
|
|upkeep
|
|t:|1757027966
|switch|p2a: Pelipper|Pelipper, L50, F|100/100
|switch|p2b: Amoonguss|Amoonguss, L50, M, shiny|100/100
|-weather|RainDance|[from] ability: Drizzle|[of] p2a: Pelipper
|turn|4
|
|t:|1757027990
|move|p1a: Gholdengo|Protect|p1a: Gholdengo
|-singleturn|p1a: Gholdengo|Protect
|move|p1b: Dragonite|Tailwind|p1b: Dragonite
|-sidestart|p1: CappyTJ5|move: Tailwind
|move|p2a: Pelipper|Weather Ball|p1a: Gholdengo
|-activate|p1a: Gholdengo|move: Protect
|move|p2b: Amoonguss|Spore|p1b: Dragonite
|-status|p1b: Dragonite|slp|[from] move: Spore
|
|-weather|RainDance|[upkeep]
|upkeep
|turn|5
|inactive|CappyTJ5 has 30 seconds left.
|inactive|Mynameisralsei has 30 seconds left.
|
|t:|1757028022
|-terastallize|p1a: Gholdengo|Water
|move|p1a: Gholdengo|Nasty Plot|p1a: Gholdengo
|-boost|p1a: Gholdengo|spa|2
|cant|p1b: Dragonite|slp
|move|p2a: Pelipper|Tailwind|p2a: Pelipper
|-sidestart|p2: Mynameisralsei|move: Tailwind
|move|p2b: Amoonguss|Pollen Puff|p2a: Pelipper
|
|-weather|RainDance|[upkeep]
|upkeep
|turn|6
|inactive|CappyTJ5 has 30 seconds left.
|
|t:|1757028054
|move|p1a: Gholdengo|Shadow Ball|p2a: Pelipper
|-enditem|p2a: Pelipper|Focus Sash
|-damage|p2a: Pelipper|1/100
|-damage|p1a: Gholdengo|82/100|[from] item: Life Orb
|cant|p1b: Dragonite|slp
|move|p2a: Pelipper|Hurricane|p1a: Gholdengo
|-damage|p1a: Gholdengo|29/100
|-start|p1a: Gholdengo|confusion
|move|p2b: Amoonguss|Clear Smog|p1a: Gholdengo
|-damage|p1a: Gholdengo|11/100
|-clearboost|p1a: Gholdengo
|
|-weather|RainDance|[upkeep]
|upkeep
|turn|7
|
|t:|1757028076
|switch|p1a: Ursaluna|Ursaluna-Bloodmoon, L50, M|48/100
|cant|p1b: Dragonite|slp
|move|p2a: Pelipper|Hurricane|p1a: Ursaluna
|-damage|p1a: Ursaluna|13/100
|move|p2b: Amoonguss|Pollen Puff|p2a: Pelipper
|-heal|p2a: Pelipper|51/100
|
|-weather|RainDance|[upkeep]
|-sideend|p1: CappyTJ5|move: Tailwind
|upkeep
|turn|8
|inactive|CappyTJ5 has 30 seconds left.
|
|t:|1757028101
|move|p2a: Pelipper|Weather Ball|p1a: Ursaluna
|-supereffective|p1a: Ursaluna
|-damage|p1a: Ursaluna|0 fnt
|faint|p1a: Ursaluna
|-curestatus|p1b: Dragonite|slp|[msg]
|move|p1b: Dragonite|Tailwind|p1b: Dragonite
|-sidestart|p1: CappyTJ5|move: Tailwind
|move|p2b: Amoonguss|Spore|p1b: Dragonite
|-status|p1b: Dragonite|slp|[from] move: Spore
|
|-weather|none
|-sideend|p2: Mynameisralsei|move: Tailwind
|upkeep
|inactive|CappyTJ5 has 30 seconds left.
|inactive|CappyTJ5 has 20 seconds left.
|inactive|CappyTJ5 has 15 seconds left.
|
|t:|1757028143
|switch|p1a: Gholdengo|Gholdengo, L50, tera:Water|11/100
|turn|9
|inactive|CappyTJ5 has 30 seconds left.
|
|t:|1757028175
|move|p2a: Pelipper|Protect|p2a: Pelipper
|-singleturn|p2a: Pelipper|Protect
|move|p1a: Gholdengo|Make It Rain|p2a: Pelipper|[spread] p2b
|-activate|p2a: Pelipper|move: Protect
|-damage|p2b: Amoonguss|45/100
|-unboost|p1a: Gholdengo|spa|1
|-enditem|p2b: Amoonguss|Sitrus Berry|[eat]
|-heal|p2b: Amoonguss|70/100|[from] item: Sitrus Berry
|-damage|p1a: Gholdengo|2/100|[from] item: Life Orb
|cant|p1b: Dragonite|slp
|move|p2b: Amoonguss|Pollen Puff|p1a: Gholdengo
|-damage|p1a: Gholdengo|0 fnt
|faint|p1a: Gholdengo
|
|upkeep
|
|t:|1757028190
|switch|p1a: Sneasler|Sneasler, L50, F|100/100
|turn|10
|inactive|Mynameisralsei has 30 seconds left.
|inactive|Mynameisralsei has 20 seconds left.
|inactive|Mynameisralsei has 15 seconds left.
|inactive|Mynameisralsei has 10 seconds left.
|
|t:|1757028235
|move|p1a: Sneasler|Dire Claw|p2a: Pelipper
|-damage|p2a: Pelipper|0 fnt
|faint|p2a: Pelipper
|cant|p1b: Dragonite|slp
|move|p2b: Amoonguss|Spore|p1a: Sneasler
|-status|p1a: Sneasler|slp|[from] move: Spore
|
|upkeep
|turn|11
|-message|Mynameisralsei forfeited.
|
|win|CappyTJ5
|raw|CappyTJ5's rating: 1000 → 1045(+45 for winning)
|raw|Mynameisralsei's rating: 1041 → 1023(-18 for losing)
|l|☆Mynameisralsei
|player|p2|
