|j|☆ciuk88
|j|☆iloveships
|html|ciuk88iloveships    
|uhtml|bestof|Game 1 of a best-of-3
|t:|1785354757
|gametype|doubles
|player|p1|ciuk88|2|1160
|player|p2|iloveships|emmet|1181
|gen|9
|tier|[Gen 9 Champions] VGC 2026 Reg M-B (Bo3)
|rated|
|rule|Species Clause: Limit one of each Pokémon
|rule|Item Clause: Limit 1 of each item
|clearpoke
|poke|p1|Bellibolt, L50, M|
|poke|p1|Mamoswine, L50, F|
|poke|p1|Staraptor, L50, M|
|poke|p1|Grimmsnarl, L50, M|
|poke|p1|Sinistcha-Masterpiece, L50|
|poke|p1|Ceruledge, L50, F|
|poke|p2|Whimsicott, L50, M|
|poke|p2|Vanilluxe, L50, F|
|poke|p2|Blaziken, L50, M|
|poke|p2|Kingambit, L50, F|
|poke|p2|Basculegion, L50, M|
|poke|p2|Farigiraf, L50, M|
|teampreview|4
|showteam|p1|Bellibolt||Leftovers|Electromorphosis|Thunderbolt,ParabolicCharge,MuddyWater,SlackOff|Modest||M|||50|]Mamoswine||FocusSash|Oblivious|HighHorsepower,IceShard,RockTomb,Protect|Adamant||F|||50|]Staraptor||Staraptite|Intimidate|BraveBird,CloseCombat,Tailwind,Protect|Jolly||M|||50|]Grimmsnarl||LightClay|Prankster|SpiritBreak,LightScreen,Reflect,PartingShot|Impish||M|||50|]Sinistcha-Masterpiece||KasibBerry|Hospitality|TrickRoom,MatchaGotcha,Protect,RagePowder|Serious|||||50|]Ceruledge||ColburBerry|FlashFire|ShadowSneak,BitterBlade,BulkUp,Protect|Adamant||F|||50|
|showteam|p2|Whimsicott||FocusSash|Prankster|Moonblast,Encore,Protect,Tailwind|Timid||M|||50|]Vanilluxe||ChoiceScarf|SnowWarning|Blizzard,FreezeDry,IcyWind,SheerCold|Timid||F|||50|]Blaziken||Blazikenite|SpeedBoost|Protect,CloseCombat,FlareBlitz,RockSlide|Adamant||M|||50|]Kingambit||BlackGlasses|Defiant|Protect,IronHead,KowtowCleave,SuckerPunch|Adamant||F|||50|]Basculegion||LifeOrb|Adaptability|Protect,WaveCrash,LastRespects,AquaJet|Adamant||M|||50|]Farigiraf||SitrusBerry|ArmorTail|Psychic,Thunderbolt,TrickRoom,Protect|Modest||M|||50|
|inactive|Battle timer is ON: inactive players will automatically lose when time's up. (requested by iloveships)
|inactive|ciuk88 has 60 seconds left.
|inactive|iloveships has 60 seconds left.
|inactive|ciuk88 has 30 seconds left.
|inactive|ciuk88 has 20 seconds left.
|inactive|ciuk88 has 15 seconds left.
|
|t:|1785354832
|teamsize|p1|4
|teamsize|p2|4
|start
|switch|p1a: Grimmsnarl|Grimmsnarl, L50, M|100/100
|switch|p1b: Ceruledge|Ceruledge, L50, F|100/100
|switch|p2a: Kingambit|Kingambit, L50, F|100/100
|switch|p2b: Blaziken|Blaziken, L50, M|100/100
|turn|1
|
|t:|1785354854
|detailschange|p2b: Blaziken|Blaziken-Mega, L50, M
|-mega|p2b: Blaziken|Blaziken|Blazikenite
|move|p1a: Grimmsnarl|Reflect|p1a: Grimmsnarl
|-sidestart|p1: ciuk88|Reflect
|move|p2b: Blaziken|Rock Slide|p1a: Grimmsnarl|[spread] p1b
|-miss|p2b: Blaziken|p1a: Grimmsnarl
|-supereffective|p1b: Ceruledge|1
|-damage|p1b: Ceruledge|62/100
|move|p1b: Ceruledge|Bulk Up|p1b: Ceruledge
|-boost|p1b: Ceruledge|atk|1
|-boost|p1b: Ceruledge|def|1
|move|p2a: Kingambit|Kowtow Cleave|p1b: Ceruledge
|-supereffective|p1b: Ceruledge|1
|-enditem|p1b: Ceruledge|Colbur Berry|[eat]
|-enditem|p1b: Ceruledge|Colbur Berry|[weaken]
|-damage|p1b: Ceruledge|33/100
|
|-ability|p2b: Blaziken|Speed Boost|boost
|-boost|p2b: Blaziken|spe|1
|upkeep
|turn|2
|
|t:|1785354880
|move|p1a: Grimmsnarl|Parting Shot|p2b: Blaziken
|-unboost|p2b: Blaziken|atk|1
|-unboost|p2b: Blaziken|spa|1
|
|t:|1785354883
|switch|p1a: Sinistcha|Sinistcha-Masterpiece, L50|100/100|[from] Parting Shot
|-heal|p1b: Ceruledge|58/100|[from] ability: Hospitality|[of] p1a: Sinistcha
|move|p2a: Kingambit|Sucker Punch|p1b: Ceruledge
|-supereffective|p1b: Ceruledge|1
|-damage|p1b: Ceruledge|11/100
|move|p2b: Blaziken|Rock Slide|p1a: Sinistcha|[spread] p1b
|-miss|p2b: Blaziken|p1a: Sinistcha
|-supereffective|p1b: Ceruledge|1
|-damage|p1b: Ceruledge|0 fnt
|faint|p1b: Ceruledge
|
|-ability|p2b: Blaziken|Speed Boost|boost
|-boost|p2b: Blaziken|spe|1
|upkeep
|
|t:|1785354895
|switch|p1b: Bellibolt|Bellibolt, L50, M|100/100
|turn|3
|
|t:|1785354912
|switch|p2b: Vanilluxe|Vanilluxe, L50, F|100/100
|-weather|Snowscape|[from] ability: Snow Warning|[of] p2b: Vanilluxe
|move|p1a: Sinistcha|Matcha Gotcha|p2a: Kingambit|[spread] p2a,p2b
|-resisted|p2a: Kingambit|1
|-damage|p2a: Kingambit|87/100
|-damage|p2b: Vanilluxe|66/100
|-status|p2a: Kingambit|brn
|move|p2a: Kingambit|Kowtow Cleave|p1a: Sinistcha
|-supereffective|p1a: Sinistcha|1
|-damage|p1a: Sinistcha|65/100
|move|p1b: Bellibolt|Parabolic Charge|p2b: Vanilluxe|[spread] p1a,p2a,p2b
|-resisted|p1a: Sinistcha|1
|-damage|p1a: Sinistcha|53/100
|-damage|p2a: Kingambit|62/100 brn
|-damage|p2b: Vanilluxe|36/100
|
|-weather|Snowscape|[upkeep]
|-damage|p2a: Kingambit|57/100 brn|[from] brn
|upkeep
|turn|4
|inactive|iloveships has 30 seconds left.
|
|t:|1785354939
|move|p1a: Sinistcha|Protect|p1a: Sinistcha
|-singleturn|p1a: Sinistcha|Protect
|move|p2a: Kingambit|Sucker Punch||[still]
|-fail|p2a: Kingambit
|move|p2b: Vanilluxe|Blizzard|p1a: Sinistcha|[spread] p1b
|-activate|p1a: Sinistcha|move: Protect
|-damage|p1b: Bellibolt|63/100
|-start|p1b: Bellibolt|Charge|Blizzard|[from] ability: Electromorphosis
|move|p1b: Bellibolt|Parabolic Charge|p2a: Kingambit|[spread] p2a,p2b
|-activate|p1a: Sinistcha|move: Protect
|-damage|p2a: Kingambit|13/100 brn
|-heal|p1b: Bellibolt|85/100|[from] drain|[of] p2a: Kingambit
|-damage|p2b: Vanilluxe|0 fnt
|-heal|p1b: Bellibolt|97/100|[from] drain|[of] p2b: Vanilluxe
|faint|p2b: Vanilluxe
|-end|p1b: Bellibolt|Charge|[silent]
|
|-weather|Snowscape|[upkeep]
|-heal|p1b: Bellibolt|100/100|[from] item: Leftovers
|-damage|p2a: Kingambit|7/100 brn|[from] brn
|upkeep
|
|t:|1785354953
|switch|p2b: Blaziken|Blaziken-Mega, L50, M|100/100
|turn|5
|
|t:|1785354971
|switch|p1a: Grimmsnarl|Grimmsnarl, L50, M|100/100
|move|p2b: Blaziken|Protect|p2b: Blaziken
|-singleturn|p2b: Blaziken|Protect
|move|p2a: Kingambit|Kowtow Cleave|p1a: Grimmsnarl
|-resisted|p1a: Grimmsnarl|2
|-damage|p1a: Grimmsnarl|95/100
|move|p1b: Bellibolt|Thunderbolt|p2b: Blaziken
|-activate|p2b: Blaziken|move: Protect
|
|-weather|Snowscape|[upkeep]
|-damage|p2a: Kingambit|1/100 brn|[from] brn
|-ability|p2b: Blaziken|Speed Boost|boost
|-boost|p2b: Blaziken|spe|1
|upkeep
|turn|6
|inactive|iloveships has 30 seconds left.
|
|t:|1785355006
|move|p2b: Blaziken|Flare Blitz|p1a: Grimmsnarl
|-damage|p1a: Grimmsnarl|50/100y
|-damage|p2b: Blaziken|80/100|[from] Recoil
|move|p1a: Grimmsnarl|Spirit Break|p2b: Blaziken
|-damage|p2b: Blaziken|40/100
|-unboost|p2b: Blaziken|spa|1
|move|p2a: Kingambit|Iron Head|p1a: Grimmsnarl
|-supereffective|p1a: Grimmsnarl|1
|-damage|p1a: Grimmsnarl|21/100
|move|p1b: Bellibolt|Thunderbolt|p2b: Blaziken
|-damage|p2b: Blaziken|0 fnt
|faint|p2b: Blaziken
|
|-weather|Snowscape|[upkeep]
|-damage|p2a: Kingambit|0 fnt|[from] brn
|faint|p2a: Kingambit
|upkeep
|
|t:|1785355019
|switch|p2a: Basculegion|Basculegion, L50, M|100/100
|turn|7
|
|t:|1785355027
|move|p1a: Grimmsnarl|Parting Shot|p2a: Basculegion
|-unboost|p2a: Basculegion|atk|1
|-unboost|p2a: Basculegion|spa|1
|
|t:|1785355030
|switch|p1a: Sinistcha|Sinistcha-Masterpiece, L50|53/100|[from] Parting Shot
|move|p2a: Basculegion|Last Respects|p1b: Bellibolt
|-damage|p1b: Bellibolt|25/100
|-start|p1b: Bellibolt|Charge|Last Respects|[from] ability: Electromorphosis
|-damage|p2a: Basculegion|90/100|[from] item: Life Orb
|move|p1b: Bellibolt|Thunderbolt|p2a: Basculegion
|-supereffective|p2a: Basculegion|1
|-damage|p2a: Basculegion|0 fnt
|faint|p2a: Basculegion
|-end|p1b: Bellibolt|Charge|[silent]
|
|win|ciuk88
