|j|☆syll0gism
|j|☆gundot
|html|syll0gismgundot    
|uhtml|bestof|Game 2 of a best-of-3
|t:|1782744899
|gametype|doubles
|player|p1|syll0gism|265|1039
|player|p2|gundot|ethan-gen2|1113
|gen|9
|tier|[Gen 9 Champions] VGC 2026 Reg M-B (Bo3)
|rated|
|rule|Species Clause: Limit one of each Pokémon
|rule|Item Clause: Limit 1 of each item
|clearpoke
|poke|p1|Tyranitar, L50, F|
|poke|p1|Houndstone, L50, M|
|poke|p1|Scolipede, L50, F|
|poke|p1|Sylveon, L50, F|
|poke|p1|Metagross, L50|
|poke|p1|Tsareena, L50, F|
|poke|p2|Charizard, L50, M, shiny|
|poke|p2|Whimsicott, L50, F, shiny|
|poke|p2|Floette-Eternal, L50, F|
|poke|p2|Garchomp, L50, M|
|poke|p2|Kingambit, L50, M|
|poke|p2|Basculegion, L50, M|
|teampreview|4
|showteam|p1|Tyranitar||Tyranitarite|SandStream|KnockOff,RockSlide,DragonDance,Protect|Jolly||F|||50|]Houndstone||KasibBerry|SandRush|Poltergeist,PsychicFangs,Howl,WillOWisp|Jolly||M|||50|]Scolipede||SitrusBerry|SpeedBoost|PoisonJab,SwordsDance,BatonPass,Protect|Jolly||F|||50|]Sylveon||LifeOrb|Pixilate|HyperVoice,HyperBeam,QuickAttack,Protect|Modest||F|||50|]Metagross||Metagrossite|ClearBody|MeteorMash,PsychicFangs,BodyPress,CosmicPower|Jolly|||||50|]Tsareena||WideLens|QueenlyMajesty|PowerWhip,TripleAxel,Acupressure,Protect|Adamant||F|||50|
|showteam|p2|Charizard||CharizarditeY|SolarPower|HeatWave,WeatherBall,SolarBeam,Protect|Modest||M|||50|]Whimsicott||FocusSash|Prankster|Moonblast,Tailwind,Encore,Protect|Timid||F|||50|]Floette-Eternal||Floettite|FlowerVeil|Moonblast,DazzlingGleam,LightofRuin,Protect|Timid||F|||50|]Garchomp||SitrusBerry|RoughSkin|Earthquake,DragonClaw,RockSlide,Protect|Jolly||M|||50|]Kingambit||BlackGlasses|Defiant|KowtowCleave,SuckerPunch,IronHead,Protect|Adamant||M|||50|]Basculegion||MysticWater|Adaptability|WaveCrash,AquaJet,LastRespects,Protect|Adamant||M|||50|
|inactive|Battle timer is ON: inactive players will automatically lose when time's up. (requested by gundot)
|inactive|syll0gism has 60 seconds left.
|
|t:|1782744941
|teamsize|p1|4
|teamsize|p2|4
|start
|switch|p1a: Metagross|Metagross, L50|100/100
|switch|p1b: Scolipede|Scolipede, L50, F|100/100
|switch|p2a: Floette|Floette-Eternal, L50, F|100/100
|switch|p2b: Whimsicott|Whimsicott, L50, F, shiny|100/100
|turn|1
|inactive|syll0gism has 30 seconds left.
|inactive|gundot has 30 seconds left.
|
|t:|1782744974
|detailschange|p2a: Floette|Floette-Mega, L50, F
|-mega|p2a: Floette|Floette|Floettite
|-ability|p2a: Floette|Fairy Aura
|detailschange|p1a: Metagross|Metagross-Mega, L50
|-mega|p1a: Metagross|Metagross|Metagrossite
|move|p2b: Whimsicott|Tailwind|p2b: Whimsicott
|-sidestart|p2: gundot|move: Tailwind
|move|p2a: Floette|Light of Ruin|p1a: Metagross
|-resisted|p1a: Metagross|1
|-damage|p1a: Metagross|42/100
|-damage|p2a: Floette|69/100|[from] Recoil
|move|p1a: Metagross|Meteor Mash|p2a: Floette|[miss]
|-miss|p1a: Metagross|p2a: Floette
|move|p1b: Scolipede|Poison Jab|p2b: Whimsicott
|-supereffective|p2b: Whimsicott|2
|-enditem|p2b: Whimsicott|Focus Sash
|-damage|p2b: Whimsicott|1/100
|-status|p2b: Whimsicott|psn
|
|-damage|p2b: Whimsicott|0 fnt|[from] psn
|faint|p2b: Whimsicott
|-ability|p1b: Scolipede|Speed Boost|boost
|-boost|p1b: Scolipede|spe|1
|upkeep
|
|t:|1782744984
|switch|p2b: Basculegion|Basculegion, L50, M|100/100
|turn|2
|inactive|syll0gism has 30 seconds left.
|
|t:|1782745013
|switch|p1a: Tyranitar|Tyranitar, L50, F|100/100
|-weather|Sandstorm|[from] ability: Sand Stream|[of] p1a: Tyranitar
|move|p1b: Scolipede|Protect|p1b: Scolipede
|-singleturn|p1b: Scolipede|Protect
|move|p2a: Floette|Light of Ruin|p1a: Tyranitar
|-supereffective|p1a: Tyranitar|1
|-damage|p1a: Tyranitar|0 fnt
|faint|p1a: Tyranitar
|-damage|p2a: Floette|10/100|[from] Recoil
|move|p2b: Basculegion|Last Respects|p1b: Scolipede
|-activate|p1b: Scolipede|move: Protect
|
|-weather|Sandstorm|[upkeep]
|-damage|p2a: Floette|4/100|[from] Sandstorm
|-damage|p2b: Basculegion|94/100|[from] Sandstorm
|-damage|p1b: Scolipede|94/100|[from] Sandstorm
|-ability|p1b: Scolipede|Speed Boost|boost
|-boost|p1b: Scolipede|spe|1
|upkeep
|
|t:|1782745034
|switch|p1a: Tsareena|Tsareena, L50, F|100/100
|turn|3
|
|t:|1782745056
|move|p2a: Floette|Light of Ruin|p1a: Tsareena
|-damage|p1a: Tsareena|5/100
|-damage|p2a: Floette|0 fnt|[from] Recoil
|faint|p2a: Floette
|move|p1b: Scolipede|Poison Jab|p2b: Basculegion
|-resisted|p2b: Basculegion|1
|-damage|p2b: Basculegion|77/100
|move|p2b: Basculegion|Last Respects|p1b: Scolipede
|-damage|p1b: Scolipede|0 fnt
|faint|p1b: Scolipede
|move|p1a: Tsareena|Power Whip|p2b: Basculegion
|-supereffective|p2b: Basculegion|1
|-damage|p2b: Basculegion|0 fnt
|faint|p2b: Basculegion
|
|-weather|Sandstorm|[upkeep]
|-damage|p1a: Tsareena|0 fnt|[from] Sandstorm
|faint|p1a: Tsareena
|upkeep
|
|t:|1782745075
|switch|p1b: Metagross|Metagross-Mega, L50|42/100
|switch|p2b: Kingambit|Kingambit, L50, M|100/100
|turn|4
|
|t:|1782745089
|move|p2b: Kingambit|Sucker Punch||[still]
|-fail|p2b: Kingambit
|move|p1b: Metagross|Cosmic Power|p1b: Metagross
|-boost|p1b: Metagross|def|1
|-boost|p1b: Metagross|spd|1
|
|-weather|Sandstorm|[upkeep]
|-sideend|p2: gundot|move: Tailwind
|upkeep
|turn|5
|
|t:|1782745104
|move|p2b: Kingambit|Sucker Punch|p1b: Metagross
|-supereffective|p1b: Metagross|1
|-damage|p1b: Metagross|0 fnt
|faint|p1b: Metagross
|
|win|gundot
|raw|syll0gism's rating: 1039 → 1026(-13 for losing)
|raw|gundot's rating: 1113 → 1133(+20 for winning)
