|j|☆Thatboydin
|j|☆bosilek
|html|Thatboydinbosilek    
|uhtml|bestof|Game 1 of a best-of-3
|t:|1756410230
|gametype|doubles
|player|p1|Thatboydin|pilot|1050
|player|p2|bosilek|hilbert-wonderlauncher|1143
|gen|9
|tier|[Gen 9] VGC 2025 Reg H (Bo3)
|rated|
|rule|Species Clause: Limit one of each Pokémon
|rule|Item Clause: Limit 1 of each item
|clearpoke
|poke|p1|Archaludon, L50, M|
|poke|p1|Basculegion, L50, M|
|poke|p1|Pelipper, L50, F|
|poke|p1|Rillaboom, L50, F|
|poke|p1|Incineroar, L50, M|
|poke|p1|Maushold, L50|
|poke|p2|Garchomp, L50, M|
|poke|p2|Talonflame, L50, M|
|poke|p2|Gholdengo, L50|
|poke|p2|Ninetales-Alola, L50, F|
|poke|p2|Hydreigon, L50, M|
|poke|p2|Annihilape, L50, F|
|teampreview|4
|showteam|p1|Archaludon||PowerHerb|Stamina|ElectroShot,DragonPulse,Protect,BodyPress|||M|||50|,,,,,Grass]Basculegion||ChoiceBand|SwiftSwim|AquaJet,WaveCrash,FlipTurn,LastRespects|||M|||50|,,,,,Water]Pelipper||FocusSash|Drizzle|Hurricane,WeatherBall,Tailwind,Protect|||F|||50|,,,,,Ghost]Rillaboom||AssaultVest|GrassySurge|DrumBeating,GrassyGlide,FakeOut,HighHorsepower|||F|||50|,,,,,Fire]Incineroar||SitrusBerry|Intimidate|FakeOut,FlareBlitz,KnockOff,PartingShot|||M|||50|,,,,,Grass]Maushold||WideLens|Technician|PopulationBomb,FollowMe,Taunt,Protect||||||50|,,,,,Grass
|showteam|p2|Garchomp||LifeOrb|RoughSkin|Protect,Earthquake,DragonClaw,StompingTantrum|||M|||50|,,,,,Steel]Talonflame||CovertCloak|GaleWings|BraveBird,Taunt,WillOWisp,Tailwind|||M|||50|,,,,,Grass]Gholdengo||MetalCoat|GoodasGold|MakeItRain,ShadowBall,Protect,NastyPlot||||||50|,,,,,Water]Ninetales-Alola||FocusSash|SnowWarning|Blizzard,FreezeDry,Encore,Protect|||F|||50|,,,,,Water]Hydreigon||ChoiceSpecs|Levitate|HeatWave,Snarl,EarthPower,DragonPulse|||M|||50|,,,,,Fire]Annihilape||SafetyGoggles|Defiant|FinalGambit,RageFist,CloseCombat,Protect|||F|||50|,,,,,Fire
|
|t:|1756410309
|teamsize|p1|4
|teamsize|p2|4
|start
|switch|p1a: Basculegion|Basculegion, L50, M|100/100
|switch|p1b: Pelipper|Pelipper, L50, F, shiny|100/100
|switch|p2a: Talonflame|Talonflame, L50, M|100/100
|switch|p2b: Annihilape|Annihilape, L50, F|100/100
|-weather|RainDance|[from] ability: Drizzle|[of] p1b: Pelipper
|turn|1
|
|t:|1756410345
|switch|p2b: Ninetales|Ninetales-Alola, L50, F|100/100
|-weather|Snowscape|[from] ability: Snow Warning|[of] p2b: Ninetales
|move|p2a: Talonflame|Tailwind|p2a: Talonflame
|-sidestart|p2: bosilek|move: Tailwind
|move|p1a: Basculegion|Wave Crash|p2b: Ninetales
|-damage|p2b: Ninetales|9/100
|-damage|p1a: Basculegion|77/100|[from] Recoil
|move|p1b: Pelipper|Weather Ball|p2a: Talonflame
|-damage|p2a: Talonflame|60/100
|
|-weather|Snowscape|[upkeep]
|upkeep
|turn|2
|
|t:|1756410364
|switch|p1a: Archaludon|Archaludon, L50, M|100/100
|move|p2a: Talonflame|Will-O-Wisp|p1a: Archaludon
|-status|p1a: Archaludon|brn
|move|p2b: Ninetales|Blizzard|p1b: Pelipper|[spread] p1a,p1b
|-damage|p1a: Archaludon|69/100 brn
|-damage|p1b: Pelipper|43/100
|-ability|p1a: Archaludon|Stamina|boost
|-boost|p1a: Archaludon|def|1
|move|p1b: Pelipper|Tailwind|p1b: Pelipper
|-sidestart|p1: Thatboydin|move: Tailwind
|
|-weather|Snowscape|[upkeep]
|-damage|p1a: Archaludon|63/100 brn|[from] brn
|upkeep
|turn|3
|
|t:|1756410406
|switch|p2b: Annihilape|Annihilape, L50, F|100/100
|switch|p1b: Incineroar|Incineroar, L50, M|100/100
|-ability|p1b: Incineroar|Intimidate|boost
|-unboost|p2a: Talonflame|atk|1
|-unboost|p2b: Annihilape|atk|1
|-ability|p2b: Annihilape|Defiant|boost
|-boost|p2b: Annihilape|atk|2
|move|p2a: Talonflame|Brave Bird|p1b: Incineroar
|-damage|p1b: Incineroar|72/100
|-damage|p2a: Talonflame|48/100|[from] Recoil
|move|p1a: Archaludon|Electro Shot||[still]
|-prepare|p1a: Archaludon|Electro Shot
|-boost|p1a: Archaludon|spa|1
|-enditem|p1a: Archaludon|Power Herb
|-anim|p1a: Archaludon|Electro Shot|p2a: Talonflame
|-supereffective|p2a: Talonflame
|-damage|p2a: Talonflame|0 fnt
|faint|p2a: Talonflame
|
|-weather|Snowscape|[upkeep]
|-damage|p1a: Archaludon|57/100 brn|[from] brn
|upkeep
|
|t:|1756410427
|switch|p2a: Hydreigon|Hydreigon, L50, M|100/100
|turn|4
|
|t:|1756410451
|switch|p1b: Pelipper|Pelipper, L50, F, shiny|43/100
|-weather|RainDance|[from] ability: Drizzle|[of] p1b: Pelipper
|move|p2a: Hydreigon|Earth Power|p1a: Archaludon
|-supereffective|p1a: Archaludon
|-damage|p1a: Archaludon|0 fnt
|faint|p1a: Archaludon
|move|p2b: Annihilape|Close Combat|p1b: Pelipper
|-resisted|p1b: Pelipper
|-damage|p1b: Pelipper|0 fnt
|-unboost|p2b: Annihilape|def|1
|-unboost|p2b: Annihilape|spd|1
|faint|p1b: Pelipper
|
|-weather|RainDance|[upkeep]
|-sideend|p2: bosilek|move: Tailwind
|upkeep
|
|t:|1756410461
|switch|p1b: Incineroar|Incineroar, L50, M|72/100
|switch|p1a: Basculegion|Basculegion, L50, M|77/100
|-ability|p1b: Incineroar|Intimidate|boost
|-unboost|p2a: Hydreigon|atk|1
|-unboost|p2b: Annihilape|atk|1
|-ability|p2b: Annihilape|Defiant|boost
|-boost|p2b: Annihilape|atk|2
|turn|5
|
|t:|1756410473
|switch|p2a: Ninetales|Ninetales-Alola, L50, F|9/100
|-weather|Snowscape|[from] ability: Snow Warning|[of] p2a: Ninetales
|-terastallize|p1a: Basculegion|Water
|move|p2b: Annihilape|Protect|p2b: Annihilape
|-singleturn|p2b: Annihilape|Protect
|move|p1b: Incineroar|Fake Out|p2a: Ninetales
|-damage|p2a: Ninetales|0 fnt
|faint|p2a: Ninetales
|move|p1a: Basculegion|Last Respects|p2b: Annihilape
|-activate|p2b: Annihilape|move: Protect
|
|-weather|Snowscape|[upkeep]
|-sideend|p1: Thatboydin|move: Tailwind
|upkeep
|
|t:|1756410487
|switch|p2a: Hydreigon|Hydreigon, L50, M|100/100
|turn|6
|
|t:|1756410514
|move|p2a: Hydreigon|Dragon Pulse|p1a: Basculegion
|-damage|p1a: Basculegion|8/100
|move|p2b: Annihilape|Close Combat|p1a: Basculegion
|-damage|p1a: Basculegion|0 fnt
|-unboost|p2b: Annihilape|def|1
|-unboost|p2b: Annihilape|spd|1
|faint|p1a: Basculegion
|move|p1b: Incineroar|Knock Off|p2a: Hydreigon
|-resisted|p2a: Hydreigon
|-damage|p2a: Hydreigon|76/100
|-enditem|p2a: Hydreigon|Choice Specs|[from] move: Knock Off|[of] p1b: Incineroar
|
|-weather|Snowscape|[upkeep]
|upkeep
|turn|7
|
|t:|1756410529
|move|p2a: Hydreigon|Earth Power|p1b: Incineroar
|-supereffective|p1b: Incineroar
|-damage|p1b: Incineroar|6/100
|-enditem|p1b: Incineroar|Sitrus Berry|[eat]
|-heal|p1b: Incineroar|31/100|[from] item: Sitrus Berry
|move|p2b: Annihilape|Close Combat|p1b: Incineroar
|-supereffective|p1b: Incineroar
|-damage|p1b: Incineroar|0 fnt
|-unboost|p2b: Annihilape|def|1
|-unboost|p2b: Annihilape|spd|1
|faint|p1b: Incineroar
|
|win|bosilek
||Thatboydin is ready for game 2.
