|j|☆raccan
|j|☆Wolferus
|html|raccanWolferus    
|uhtml|bestof|Game 1 of a best-of-3
|t:|1785027796
|gametype|doubles
|player|p1|raccan|hilbert|
|player|p2|Wolferus|grimsley|
|gen|9
|tier|[Gen 9 Champions] VGC 2026 Reg M-B (Bo3)
|rule|Species Clause: Limit one of each Pokémon
|rule|Item Clause: Limit 1 of each item
|clearpoke
|poke|p1|Meganium, L50, F, shiny|
|poke|p1|Sableye, L50, M, shiny|
|poke|p1|Noivern, L50, M|
|poke|p1|Basculegion, L50, M|
|poke|p1|Golurk, L50, shiny|
|poke|p1|Goodra-Hisui, L50, F|
|poke|p2|Garchomp, L50, M|
|poke|p2|Zoroark-Hisui, L50, F, shiny|
|poke|p2|Ninetales-Alola, L50, M|
|poke|p2|Toxapex, L50, F|
|poke|p2|Armarouge, L50, F|
|poke|p2|Hydreigon, L50, M|
|teampreview|4
|showteam|p1|Meganium||Meganiumite|Overgrow|Protect,SolarBeam,WeatherBall,DazzlingGleam|Timid||F|||50|]Sableye||Sablenite|Prankster|Reflect,LightScreen,Quash,FakeOut|Sassy||M|||50|]Noivern||WhiteHerb|Frisk|DarkPulse,Protect,DracoMeteor,Uturn|Timid||M|||50|]Basculegion||ChoiceScarf|Adaptability|AquaJet,LastRespects,FlipTurn,WaveCrash|Adamant||M|||50|]Golurk||Golurkite|NoGuard|Poltergeist,DynamicPunch,Protect,KnockOff|Adamant|||||50|]Goodra-Hisui||Leftovers|ShellArmor|DragonPulse,IceBeam,FlashCannon,LifeDew|Bold||F|||50|
|showteam|p2|Garchomp||Garchompite|RoughSkin|SwordsDance,Earthquake,Protect,RockSlide|Jolly||M|||50|]Zoroark-Hisui||FocusSash|Illusion|ShadowBall,HyperVoice,WillOWisp,Protect|Timid||F|||50|]Ninetales-Alola||LightClay|SnowWarning|AuroraVeil,FreezeDry,Encore,Moonblast|Timid||M|||50|]Toxapex||Leftovers|Regenerator|BanefulBunker,Haze,WideGuard,Recover|Impish||F|||50|]Armarouge||LifeOrb|FlashFire|HeatWave,AuraSphere,Protect,Psychic|Modest||F|||50|]Hydreigon||ExpertBelt|Levitate|DarkPulse,EarthPower,DracoMeteor,FireBlast|Timid||M|||50|
|
|t:|1785027927
|teamsize|p1|4
|teamsize|p2|4
|start
|switch|p1a: Sableye|Sableye, L50, M, shiny|100/100
|switch|p1b: Noivern|Noivern, L50, M|100/100
|switch|p2a: Kurama-Snow|Ninetales-Alola, L50, M|100/100
|switch|p2b: Reginald|Garchomp, L50, M|100/100
|-item|p2a: Kurama-Snow|Light Clay|[from] ability: Frisk|[of] p1b: Noivern
|-item|p2b: Reginald|Garchompite|[from] ability: Frisk|[of] p1b: Noivern
|-weather|Snowscape|[from] ability: Snow Warning|[of] p2a: Kurama-Snow
|turn|1
|
|t:|1785027977
|move|p2b: Reginald|Protect|p2b: Reginald
|-singleturn|p2b: Reginald|Protect
|move|p1a: Sableye|Fake Out|p2a: Kurama-Snow
|-damage|p2a: Kurama-Snow|91/100
|move|p1b: Noivern|Draco Meteor|p2b: Reginald
|-activate|p2b: Reginald|move: Protect
|cant|p2a: Kurama-Snow|flinch
|
|-weather|Snowscape|[upkeep]
|upkeep
|turn|2
|
|t:|1785028016
|move|p1a: Sableye|Light Screen|p1a: Sableye
|-sidestart|p1: raccan|move: Light Screen
|move|p1b: Noivern|Draco Meteor|p2b: Reginald
|-supereffective|p2b: Reginald|1
|-damage|p2b: Reginald|0 fnt
|-unboost|p1b: Noivern|spa|2
|faint|p2b: Reginald
|-enditem|p1b: Noivern|White Herb
|-clearnegativeboost|p1b: Noivern|[silent]
|move|p2a: Kurama-Snow|Freeze-Dry|p1b: Noivern
|-supereffective|p1b: Noivern|2
|-damage|p1b: Noivern|4/100
|
|-weather|Snowscape|[upkeep]
|upkeep
|
|t:|1785028051
|switch|p2b: Toxic Pecs|Toxapex, L50, F|100/100
|turn|3
|
|t:|1785028109
|move|p2b: Toxic Pecs|Baneful Bunker|p2b: Toxic Pecs
|-singleturn|p2b: Toxic Pecs|move: Protect
|move|p1a: Sableye|Reflect|p1a: Sableye
|-sidestart|p1: raccan|Reflect
|move|p1b: Noivern|Draco Meteor|p2b: Toxic Pecs
|-activate|p2b: Toxic Pecs|move: Protect
|move|p2a: Kurama-Snow|Moonblast|p1b: Noivern
|-supereffective|p1b: Noivern|1
|-damage|p1b: Noivern|0 fnt
|faint|p1b: Noivern
|
|-weather|Snowscape|[upkeep]
|upkeep
|
|t:|1785028121
|switch|p1b: Meganium|Meganium, L50, F, shiny|100/100
|turn|4
|
|t:|1785028156
|detailschange|p1b: Meganium|Meganium-Mega, L50, F, shiny
|-mega|p1b: Meganium|Meganium|Meganiumite
|move|p2b: Toxic Pecs|Wide Guard|p2b: Toxic Pecs
|-singleturn|p2b: Toxic Pecs|Wide Guard
|move|p1a: Sableye|Quash|p2a: Kurama-Snow
|-activate|p2a: Kurama-Snow|move: Quash
|move|p1b: Meganium|Weather Ball|p2a: Kurama-Snow
|-supereffective|p2a: Kurama-Snow|1
|-damage|p2a: Kurama-Snow|0 fnt
|faint|p2a: Kurama-Snow
|
|-weather|Snowscape|[upkeep]
|upkeep
|
|t:|1785028167
|switch|p2a: Hydranoid|Hydreigon, L50, M|100/100
|turn|5
|
|t:|1785028189
|move|p2b: Toxic Pecs|Baneful Bunker|p2b: Toxic Pecs
|-singleturn|p2b: Toxic Pecs|move: Protect
|move|p1a: Sableye|Quash|p2a: Hydranoid
|-hint|Since gen 7, Dark is immune to Prankster moves.
|-immune|p2a: Hydranoid
|move|p2a: Hydranoid|Fire Blast|p1b: Meganium
|-supereffective|p1b: Meganium|1
|-damage|p1b: Meganium|38/100
|move|p1b: Meganium|Dazzling Gleam|p2a: Hydranoid|[spread] p2a
|-activate|p2b: Toxic Pecs|move: Protect
|-supereffective|p2a: Hydranoid|2
|-damage|p2a: Hydranoid|0 fnt
|faint|p2a: Hydranoid
|
|-weather|none
|upkeep
|turn|6
|
|t:|1785028211
|move|p1a: Sableye|Quash|p2b: Toxic Pecs
|-activate|p2b: Toxic Pecs|move: Quash
|move|p1b: Meganium|Solar Beam||[still]
|-prepare|p1b: Meganium|Solar Beam
|-activate|p1b: Meganium|ability: Mega Sol
|-anim|p1b: Meganium|Solar Beam|p2b: Toxic Pecs
|-damage|p2b: Toxic Pecs|40/100
|move|p2b: Toxic Pecs|Haze|p2b: Toxic Pecs
|-clearallboost
|
|-heal|p2b: Toxic Pecs|45/100|[from] item: Leftovers
|-sideend|p1: raccan|move: Light Screen
|upkeep
|turn|7
|
|t:|1785028238
|move|p1a: Sableye|Light Screen|p1a: Sableye
|-sidestart|p1: raccan|move: Light Screen
|move|p1b: Meganium|Solar Beam||[still]
|-prepare|p1b: Meganium|Solar Beam
|-activate|p1b: Meganium|ability: Mega Sol
|-anim|p1b: Meganium|Solar Beam|p2b: Toxic Pecs
|-damage|p2b: Toxic Pecs|0 fnt
|faint|p2b: Toxic Pecs
|
|win|raccan
||Wolferus is ready for game 2.
|inactive|raccan has 30 seconds to confirm battle start!
||raccan is ready for game 2.
|uhtml|next|Next: Game 2 of 3
|l|☆Wolferus
|player|p2|
