|j|☆lol lol lol blue
|j|☆parsley<3
|html|lol lol lol blueparsley<3    
|uhtml|bestof|Game 2 of a best-of-3
|t:|1755236937
|gametype|doubles
|player|p1|lol lol lol blue|gentleman-gen4|1155
|player|p2|parsley<3|lacey|1299
|gen|9
|tier|[Gen 9] VGC 2025 Reg H (Bo3)
|rated|
|rule|Species Clause: Limit one of each Pokémon
|rule|Item Clause: Limit 1 of each item
|clearpoke
|poke|p1|Archaludon, L50, F|
|poke|p1|Pelipper, L50, F|
|poke|p1|Maushold-Four, L50|
|poke|p1|Basculegion, L50, M|
|poke|p1|Sneasler, L50, F|
|poke|p1|Incineroar, L50, F|
|poke|p2|Maushold, L50|
|poke|p2|Annihilape, L50, M|
|poke|p2|Grimmsnarl, L50, M|
|poke|p2|Gholdengo, L50|
|poke|p2|Dragonite, L50, F|
|poke|p2|Garchomp, L50, M|
|teampreview|4
|showteam|p1|Archaludon||AssaultVest|Stamina|ElectroShot,FlashCannon,BodyPress,DracoMeteor|||F|||50|,,,,,Grass]Pelipper||FocusSash|Drizzle|WeatherBall,Hurricane,Protect,Tailwind|||F|||50|,,,,,Ghost]Maushold-Four||WideLens|FriendGuard|SuperFang,PopulationBomb,Taunt,FollowMe||||||50|,,,,,Ghost]Basculegion||ChoiceBand|SwiftSwim|WaveCrash,LastRespects,FlipTurn,AquaJet|||M|||50|,,,,,Water]Sneasler||NormalGem|Unburden|FakeOut,GunkShot,CloseCombat,Protect|||F|||50|,,,,,Ghost]Incineroar||SafetyGoggles|Intimidate|KnockOff,PartingShot,FakeOut,FlareBlitz|||F|||50|,,,,,Ghost
|showteam|p2|Maushold||WideLens|FriendGuard|PopulationBomb,BeatUp,Protect,FollowMe||||||50|,,,,,Ghost]Annihilape||Leftovers|Defiant|RageFist,DrainPunch,Protect,BulkUp|||M|||50|,,,,,Fire]Grimmsnarl||LightClay|Prankster|ThunderWave,LightScreen,SpiritBreak,Reflect|||M|||50|,,,,,Ghost]Gholdengo||MetalCoat|GoodasGold|MakeItRain,ShadowBall,Protect,NastyPlot||||||50|,,,,,Water]Dragonite||LoadedDice|Multiscale|ScaleShot,Tailwind,Protect,Haze|||F|||50|,,,,,Fairy]Garchomp||LifeOrb|RoughSkin|StompingTantrum,Earthquake,Protect,DragonClaw|||M|||50|,,,,,Ground
|
|t:|1755237035
|teamsize|p1|4
|teamsize|p2|4
|start
|switch|p1a: Maushold|Maushold-Four, L50|100/100
|switch|p1b: Sneasler|Sneasler, L50, F|100/100
|switch|p2a: homosexual 1|Dragonite, L50, F|100/100
|switch|p2b: capitalism|Gholdengo, L50|100/100
|turn|1
|
|t:|1755237060
|switch|p1b: Pelipper|Pelipper, L50, F|100/100
|-weather|RainDance|[from] ability: Drizzle|[of] p1b: Pelipper
|move|p2a: homosexual 1|Protect|p2a: homosexual 1
|-singleturn|p2a: homosexual 1|Protect
|move|p1a: Maushold|Population Bomb|p2a: homosexual 1
|-activate|p2a: homosexual 1|move: Protect
|move|p2b: capitalism|Nasty Plot|p2b: capitalism
|-boost|p2b: capitalism|spa|2
|
|-weather|RainDance|[upkeep]
|upkeep
|turn|2
|c|☆parsley<3|gholdengo is literally untouchable by this lead lmao
|c|☆lol lol lol blue|yep
|
|t:|1755237095
|move|p1b: Pelipper|Protect|p1b: Pelipper
|-singleturn|p1b: Pelipper|Protect
|move|p1a: Maushold|Population Bomb|p2a: homosexual 1
|-damage|p2a: homosexual 1|97/100
|-damage|p2a: homosexual 1|89/100
|-damage|p2a: homosexual 1|81/100
|-damage|p2a: homosexual 1|72/100
|-damage|p2a: homosexual 1|65/100
|-damage|p2a: homosexual 1|57/100
|-damage|p2a: homosexual 1|50/100
|-damage|p2a: homosexual 1|42/100
|-damage|p2a: homosexual 1|35/100
|-damage|p2a: homosexual 1|27/100
|-hitcount|p2a: homosexual 1|10
|move|p2b: capitalism|Make It Rain|p1a: Maushold|[spread] p1a
|-activate|p1b: Pelipper|move: Protect
|-damage|p1a: Maushold|0 fnt
|-unboost|p2b: capitalism|spa|1
|faint|p1a: Maushold
|move|p2a: homosexual 1|Scale Shot|p1b: Pelipper
|-activate|p1b: Pelipper|move: Protect
|
|-weather|RainDance|[upkeep]
|upkeep
|
|t:|1755237118
|switch|p1a: Basculegion|Basculegion, L50, M|100/100
|turn|3
|
|t:|1755237158
|-terastallize|p1a: Basculegion|Water
|-terastallize|p2b: capitalism|Water
|move|p2a: homosexual 1|Protect|p2a: homosexual 1
|-singleturn|p2a: homosexual 1|Protect
|move|p1a: Basculegion|Flip Turn|p2a: homosexual 1
|-activate|p2a: homosexual 1|move: Protect
|move|p2b: capitalism|Make It Rain|p1a: Basculegion|[spread] p1a,p1b
|-resisted|p1a: Basculegion
|-crit|p1a: Basculegion
|-resisted|p1b: Pelipper
|-damage|p1a: Basculegion|27/100
|-damage|p1b: Pelipper|32/100
|-unboost|p2b: capitalism|spa|1
|move|p1b: Pelipper|Hurricane|p2b: capitalism
|-damage|p2b: capitalism|45/100
|
|-weather|RainDance|[upkeep]
|upkeep
|turn|4
|
|t:|1755237178
|move|p1b: Pelipper|Protect|p1b: Pelipper
|-singleturn|p1b: Pelipper|Protect
|move|p1a: Basculegion|Flip Turn|p2a: homosexual 1
|-resisted|p2a: homosexual 1
|-damage|p2a: homosexual 1|0 fnt
|faint|p2a: homosexual 1
|
|t:|1755237184
|switch|p1a: Sneasler|Sneasler, L50, F|100/100|[from] Flip Turn
|move|p2b: capitalism|Make It Rain|p1a: Sneasler|[spread] p1a
|-activate|p1b: Pelipper|move: Protect
|-damage|p1a: Sneasler|26/100
|-unboost|p2b: capitalism|spa|1
|
|-weather|RainDance|[upkeep]
|upkeep
|
|t:|1755237194
|switch|p2a: hetero couple|Maushold, L50|100/100
|turn|5
|
|t:|1755237221
|switch|p1b: Basculegion|Basculegion, L50, M, tera:Water|27/100
|move|p1a: Sneasler|Fake Out|p2b: capitalism
|-enditem|p1a: Sneasler|Normal Gem|[from] gem
|-damage|p2b: capitalism|31/100
|move|p2a: hetero couple|Follow Me|p2a: hetero couple
|-singleturn|p2a: hetero couple|move: Follow Me
|cant|p2b: capitalism|flinch
|
|-weather|none
|upkeep
|turn|6
|
|t:|1755237238
|move|p2a: hetero couple|Follow Me|p2a: hetero couple
|-singleturn|p2a: hetero couple|move: Follow Me
|move|p1a: Sneasler|Close Combat|p2a: hetero couple
|-supereffective|p2a: hetero couple
|-damage|p2a: hetero couple|0 fnt
|-unboost|p1a: Sneasler|def|1
|-unboost|p1a: Sneasler|spd|1
|faint|p2a: hetero couple
|move|p2b: capitalism|Make It Rain|p1b: Basculegion|[spread] p1a,p1b
|-resisted|p1b: Basculegion
|-damage|p1a: Sneasler|0 fnt
|-damage|p1b: Basculegion|5/100
|-unboost|p2b: capitalism|spa|1
|faint|p1a: Sneasler
|move|p1b: Basculegion|Last Respects|p2b: capitalism
|-crit|p2b: capitalism
|-damage|p2b: capitalism|0 fnt
|faint|p2b: capitalism
|
|upkeep
|
|t:|1755237256
|switch|p1a: Pelipper|Pelipper, L50, F|32/100
|switch|p2b: angsty teenage son|Annihilape, L50, M|100/100
|-weather|RainDance|[from] ability: Drizzle|[of] p1a: Pelipper
|turn|7
|c|☆parsley<3|aint no way man
|c|☆lol lol lol blue|yeah i dont know how i suvired
|
|t:|1755237288
|move|p1b: Basculegion|Last Respects|p2b: angsty teenage son
|-supereffective|p2b: angsty teenage son
|-damage|p2b: angsty teenage son|0 fnt
|faint|p2b: angsty teenage son
|
|win|lol lol lol blue
|raw|lol lol lol blue's rating: 1155 → 1190(+35 for winning)
|raw|parsley<3's rating: 1299 → 1264(-35 for losing)
