|j|☆Pie225
|j|☆BlackStag52
|html|Pie225BlackStag52    
|uhtml|bestof|Game 2 of a best-of-3
|t:|1782184648
|gametype|doubles
|player|p1|Pie225|boarder|1000
|player|p2|BlackStag52|lebanne|1046
|gen|9
|tier|[Gen 9 Champions] VGC 2026 Reg M-B (Bo3)
|rated|
|rule|Species Clause: Limit one of each Pokémon
|rule|Item Clause: Limit 1 of each item
|clearpoke
|poke|p1|Pyroar, L50, F|
|poke|p1|Sneasler, L50, M|
|poke|p1|Houndstone, L50, F|
|poke|p1|Meowscarada, L50, M|
|poke|p1|Palafin, L50, F|
|poke|p1|Grimmsnarl, L50, M|
|poke|p2|Garchomp, L50, F|
|poke|p2|Eelektross, L50, M|
|poke|p2|Sinistcha, L50|
|poke|p2|Primarina, L50, M|
|poke|p2|Vivillon-High Plains, L50, M|
|poke|p2|Sneasler, L50, M|
|teampreview|4
|showteam|p1|Pyroar||Pyroarite|Rivalry|Overheat,BurningJealousy,FlameCharge,HyperVoice|Naive||F|||50|]Sneasler||FocusSash|PoisonTouch|DireClaw,FakeOut,CloseCombat,Uturn|Jolly||M|||50|]Houndstone||MentalHerb|Fluffy|LastRespects,PlayRough,WillOWisp,Yawn|Careful||F|||50|]Meowscarada||ExpertBelt|Protean|Uturn,TripleAxel,KnockOff,BrickBreak|Jolly||M|||50|]Palafin||MysticWater|ZerotoHero|WaveCrash,JetPunch,IcyWind,Haze|Naive||F|||50|]Grimmsnarl||LightClay|Prankster|LightScreen,Reflect,Swagger,SpiritBreak|Careful||M|||50|
|showteam|p2|Garchomp||LifeOrb|RoughSkin|DragonClaw,Earthquake,Protect,RockSlide|Impish||F|||50|]Eelektross||Eelektrossite|Levitate|GrassKnot,Thunderbolt,Protect,Flamethrower|Modest||M|||50|]Sinistcha||KasibBerry|Hospitality|MatchaGotcha,RagePowder,TrickRoom,LifeDew|Bold|||||50|]Primarina||FairyFeather|Torrent|DazzlingGleam,EnergyBall,HyperVoice,Protect|Modest||M|||50|]Vivillon-High Plains||FocusSash|FriendGuard|Tailwind,AirSlash,PollenPuff,Protect|Timid||M|||50|]Sneasler||WhiteHerb|Unburden|FakeOut,CloseCombat,DireClaw,Protect|Adamant||M|||50|
|
|t:|1782184666
|teamsize|p1|4
|teamsize|p2|4
|start
|switch|p1a: Palafin|Palafin, L50, F|100/100
|switch|p1b: Houndstone|Houndstone, L50, F|100/100
|switch|p2a: Primarina|Primarina, L50, M|100/100
|switch|p2b: Garchomp|Garchomp, L50, F|100/100
|turn|1
|inactive|Battle timer is ON: inactive players will automatically lose when time's up. (requested by BlackStag52)
|inactive|Pie225 has 60 seconds left.
|inactive|Pie225 has 30 seconds left.
|inactive|Pie225 has 20 seconds left.
|
|t:|1782184802
|detailschange|p1a: Palafin|Palafin-Hero, L50, F
|switch|p1a: Pyroar|Pyroar, L50, F|100/100
|move|p2b: Garchomp|Rock Slide|p1b: Houndstone|[spread] p1a,p1b
|-supereffective|p1a: Pyroar|1
|-damage|p1a: Pyroar|41/100
|-damage|p1b: Houndstone|77/100
|-damage|p2b: Garchomp|90/100|[from] item: Life Orb
|move|p1b: Houndstone|Yawn|p2b: Garchomp
|-start|p2b: Garchomp|move: Yawn|[of] p1b: Houndstone
|move|p2a: Primarina|Dazzling Gleam|p1b: Houndstone|[spread] p1a,p1b
|-resisted|p1a: Pyroar|1
|-damage|p1a: Pyroar|6/100
|-damage|p1b: Houndstone|50/100g
|
|upkeep
|turn|2
|inactive|Pie225 has 30 seconds left.
|inactive|BlackStag52 has 30 seconds left.
|
|t:|1782184829
|switch|p2b: Sneasler|Sneasler, L50, M|100/100
|detailschange|p1a: Pyroar|Pyroar-Mega, L50, F
|-mega|p1a: Pyroar|Pyroar|Pyroarite
|move|p1a: Pyroar|Hyper Voice|p2a: Primarina|[spread] p2a,p2b
|-damage|p2a: Primarina|71/100
|-damage|p2b: Sneasler|53/100
|move|p1b: Houndstone|Play Rough|p2b: Sneasler
|-damage|p2b: Sneasler|18/100
|move|p2a: Primarina|Dazzling Gleam|p1b: Houndstone|[spread] p1a,p1b
|-resisted|p1a: Pyroar|1
|-crit|p1a: Pyroar
|-damage|p1a: Pyroar|0 fnt
|-damage|p1b: Houndstone|21/100
|faint|p1a: Pyroar
|
|upkeep
|
|t:|1782184841
|switch|p1a: Palafin|Palafin-Hero, L50, F|100/100
|-activate|p1a: Palafin|ability: Zero to Hero
|turn|3
|inactive|BlackStag52 has 30 seconds left.
|
|t:|1782184874
|move|p1a: Palafin|Jet Punch|p2b: Sneasler
|-damage|p2b: Sneasler|0 fnt
|faint|p2b: Sneasler
|move|p1b: Houndstone|Last Respects|p2a: Primarina
|-damage|p2a: Primarina|30/100
|move|p2a: Primarina|Energy Ball|p1a: Palafin
|-supereffective|p1a: Palafin|1
|-damage|p1a: Palafin|9/100
|
|upkeep
|
|t:|1782184881
|switch|p2b: Garchomp|Garchomp, L50, F|90/100
|turn|4
|
|t:|1782184905
|move|p2a: Primarina|Protect|p2a: Primarina
|-singleturn|p2a: Primarina|Protect
|move|p1a: Palafin|Icy Wind|p2b: Garchomp|[spread] p2b
|-activate|p2a: Primarina|move: Protect
|-supereffective|p2b: Garchomp|2
|-damage|p2b: Garchomp|40/100
|-unboost|p2b: Garchomp|spe|1
|move|p2b: Garchomp|Earthquake|p1a: Palafin|[spread] p1a,p1b
|-activate|p2a: Primarina|move: Protect
|-damage|p1a: Palafin|0 fnt
|-damage|p1b: Houndstone|0 fnt
|faint|p1a: Palafin
|faint|p1b: Houndstone
|-damage|p2b: Garchomp|30/100|[from] item: Life Orb
|
|upkeep
|
|t:|1782184908
|switch|p1b: Grimmsnarl|Grimmsnarl, L50, M|100/100
|turn|5
|
|t:|1782184919
|switch|p2b: Eelektross|Eelektross, L50, M|100/100
|move|p2a: Primarina|Dazzling Gleam|p1b: Grimmsnarl
|-supereffective|p1b: Grimmsnarl|1
|-damage|p1b: Grimmsnarl|21/100
|move|p1b: Grimmsnarl|Spirit Break|p2b: Eelektross
|-damage|p2b: Eelektross|70/100
|-unboost|p2b: Eelektross|spa|1
|
|upkeep
|turn|6
|
|t:|1782184930
|detailschange|p2b: Eelektross|Eelektross-Mega, L50, M
|-mega|p2b: Eelektross|Eelektross|Eelektrossite
|move|p2b: Eelektross|Thunderbolt|p1b: Grimmsnarl
|-damage|p1b: Grimmsnarl|0 fnt
|faint|p1b: Grimmsnarl
|
|win|BlackStag52
|raw|Pie225's rating: 1000 → 1000(+0 for losing)
|raw|BlackStag52's rating: 1046 → 1075(+29 for winning)
