|j|☆KingNoahC17
|j|☆KatKraydel
|html|KingNoahC17KatKraydel    
|uhtml|bestof|Game 2 of a best-of-3
|t:|1786057134
|gametype|doubles
|player|p1|KingNoahC17|alec-anime|
|player|p2|KatKraydel|lebanne|
|gen|9
|tier|[Gen 9 Champions] VGC 2026 Reg M-B (Bo3)
|rule|Species Clause: Limit one of each Pokémon
|rule|Item Clause: Limit 1 of each item
|clearpoke
|poke|p1|Garchomp, L50, F|
|poke|p1|Floette-Eternal, L50, F|
|poke|p1|Grimmsnarl, L50, M|
|poke|p1|Incineroar, L50, M|
|poke|p1|Metagross, L50|
|poke|p1|Hydreigon, L50, M|
|poke|p2|Torkoal, L50, M, shiny|
|poke|p2|Farigiraf, L50, M, shiny|
|poke|p2|Sylveon, L50, M, shiny|
|poke|p2|Kingambit, L50, M|
|poke|p2|Kangaskhan, L50, F|
|poke|p2|Raichu, L50, F|
|teampreview|4
|showteam|p1|Garchomp||SitrusBerry|RoughSkin|Earthquake,DragonClaw,RockSlide,Protect|Adamant||F|||50|]Floette-Eternal||Floettite|FlowerVeil|DrainingKiss,DazzlingGleam,CalmMind,Protect|Modest||F|||50|]Grimmsnarl||LightClay|Prankster|SpiritBreak,Reflect,LightScreen,PartingShot|Careful||M|||50|]Incineroar||Charcoal|Intimidate|FlareBlitz,ThroatChop,FakeOut,PartingShot|Adamant||M|||50|]Metagross||Metagrossite|ClearBody|Protect,PsychicFangs,IronHead,StompingTantrum|Jolly|||||50|]Hydreigon||ChoiceScarf|Levitate|DarkPulse,DracoMeteor,Snarl,EarthPower|Modest||M|||50|
|showteam|p2|Torkoal||Charcoal|Drought|Eruption,HeatWave,WeatherBall,Protect|Quiet||M|||50|]Farigiraf||SitrusBerry|ArmorTail|HyperVoice,Psychic,TrickRoom,Protect|Relaxed||M|||50|]Sylveon||LifeOrb|Pixilate|HyperVoice,HyperBeam,QuickAttack,Protect|Quiet||M|||50|]Kingambit||OccaBerry|Defiant|KowtowCleave,SuckerPunch,LowKick,IronHead|Brave||M|||50|]Kangaskhan||Kangaskhanite|Scrappy|FakeOut,DoubleEdge,LowKick,SuckerPunch|Adamant||F|||50|]Raichu||RaichuniteY|LightningRod|FakeOut,ZapCannon,FocusBlast,Protect|Timid||F|||50|
|j| camala64
|
|t:|1786057179
|teamsize|p1|4
|teamsize|p2|4
|start
|switch|p1a: Garchomp|Garchomp, L50, F|100/100
|switch|p1b: Grimmsnarl|Grimmsnarl, L50, M|100/100
|switch|p2a: Porcelain|Kingambit, L50, M|100/100
|switch|p2b: Space Girl|Sylveon, L50, M, shiny|100/100
|turn|1
|
|t:|1786057205
|move|p1a: Garchomp|Protect|p1a: Garchomp
|-singleturn|p1a: Garchomp|Protect
|move|p1b: Grimmsnarl|Spirit Break|p2b: Space Girl
|-damage|p2b: Space Girl|59/100
|-unboost|p2b: Space Girl|spa|1
|move|p2b: Space Girl|Hyper Voice|p1b: Grimmsnarl|[spread] p1b
|-activate|p1a: Garchomp|move: Protect
|-supereffective|p1b: Grimmsnarl|1
|-damage|p1b: Grimmsnarl|38/100
|-damage|p2b: Space Girl|50/100y|[from] item: Life Orb
|move|p2a: Porcelain|Iron Head|p1b: Grimmsnarl
|-supereffective|p1b: Grimmsnarl|1
|-damage|p1b: Grimmsnarl|0 fnt
|faint|p1b: Grimmsnarl
|
|upkeep
|c| camala64|Hi Noah
|
|t:|1786057220
|switch|p1b: Floette|Floette-Eternal, L50, F|100/100
|turn|2
|
|t:|1786057258
|switch|p2b: Jumpsuit|Farigiraf, L50, M, shiny|100/100
|switch|p2a: Lipslap|Kangaskhan, L50, F|100/100
|detailschange|p1b: Floette|Floette-Mega, L50, F
|-mega|p1b: Floette|Floette|Floettite
|-ability|p1b: Floette|Fairy Aura
|move|p1b: Floette|Protect|p1b: Floette
|-singleturn|p1b: Floette|Protect
|move|p1a: Garchomp|Earthquake|p2a: Lipslap|[spread] p2a,p2b
|-activate|p1b: Floette|move: Protect
|-damage|p2a: Lipslap|64/100
|-damage|p2b: Jumpsuit|69/100
|
|upkeep
|turn|3
|
|t:|1786057281
|detailschange|p2a: Lipslap|Kangaskhan-Mega, L50, F
|-mega|p2a: Lipslap|Kangaskhan|Kangaskhanite
|move|p2a: Lipslap|Fake Out|p1b: Floette
|-damage|p1b: Floette|77/100
|-damage|p1b: Floette|72/100
|-hitcount|p1b: Floette|2
|cant|p1b: Floette|flinch
|move|p1a: Garchomp|Dragon Claw|p2b: Jumpsuit
|-damage|p2b: Jumpsuit|38/100
|-enditem|p2b: Jumpsuit|Sitrus Berry|[eat]
|-heal|p2b: Jumpsuit|63/100|[from] item: Sitrus Berry
|move|p2b: Jumpsuit|Trick Room|p2b: Jumpsuit
|-fieldstart|move: Trick Room|[of] p2b: Jumpsuit
|
|upkeep
|turn|4
|
|t:|1786057305
|switch|p2b: Space Girl|Sylveon, L50, M, shiny|50/100y
|move|p1b: Floette|Protect|p1b: Floette
|-singleturn|p1b: Floette|Protect
|move|p2a: Lipslap|Double-Edge|p1b: Floette
|-activate|p1b: Floette|move: Protect
|move|p1a: Garchomp|Earthquake|p2a: Lipslap|[spread] p2a,p2b
|-activate|p1b: Floette|move: Protect
|-damage|p2a: Lipslap|35/100
|-damage|p2b: Space Girl|5/100
|
|upkeep
|turn|5
|
|t:|1786057320
|switch|p1b: Incineroar|Incineroar, L50, M|100/100
|-ability|p1b: Incineroar|Intimidate|boost
|-unboost|p2a: Lipslap|atk|1
|-unboost|p2b: Space Girl|atk|1
|move|p1a: Garchomp|Protect|p1a: Garchomp
|-singleturn|p1a: Garchomp|Protect
|move|p2b: Space Girl|Hyper Voice|p1a: Garchomp|[spread] p1b
|-activate|p1a: Garchomp|move: Protect
|-damage|p1b: Incineroar|49/100
|-damage|p2b: Space Girl|0 fnt|[from] item: Life Orb
|faint|p2b: Space Girl
|move|p2a: Lipslap|Double-Edge|p1b: Incineroar
|-damage|p1b: Incineroar|6/100
|-crit|p1b: Incineroar
|-damage|p1b: Incineroar|0 fnt
|faint|p1b: Incineroar
|-hitcount|p1: Incineroar|2
|-damage|p2a: Lipslap|20/100y|[from] Recoil
|
|upkeep
|
|t:|1786057341
|switch|p2b: Porcelain|Kingambit, L50, M|100/100
|switch|p1b: Floette|Floette-Mega, L50, F|72/100
|-ability|p1b: Floette|Fairy Aura
|turn|6
|
|t:|1786057362
|move|p2b: Porcelain|Kowtow Cleave|p1a: Garchomp
|-damage|p1a: Garchomp|53/100
|-damage|p2b: Porcelain|87/100|[from] ability: Rough Skin|[of] p1a: Garchomp
|move|p2a: Lipslap|Double-Edge|p1a: Garchomp
|-damage|p1a: Garchomp|11/100
|-damage|p2a: Lipslap|8/100|[from] ability: Rough Skin|[of] p1a: Garchomp
|-enditem|p1a: Garchomp|Sitrus Berry|[eat]
|-heal|p1a: Garchomp|36/100|[from] item: Sitrus Berry
|-damage|p1a: Garchomp|26/100
|-damage|p2a: Lipslap|0 fnt|[from] ability: Rough Skin|[of] p1a: Garchomp
|faint|p2a: Lipslap
|-hitcount|p1a: Garchomp|2
|move|p1a: Garchomp|Earthquake|p2b: Porcelain|[spread] p1b,p2b
|-supereffective|p2b: Porcelain|1
|-damage|p1b: Floette|29/100
|-damage|p2b: Porcelain|35/100
|move|p1b: Floette|Dazzling Gleam|p2b: Porcelain
|-damage|p2b: Porcelain|0 fnt
|faint|p2b: Porcelain
|
|upkeep
|
|t:|1786057369
|switch|p2b: Jumpsuit|Farigiraf, L50, M, shiny|63/100
|turn|7
|
|t:|1786057385
|move|p1a: Garchomp|Protect|p1a: Garchomp
|-singleturn|p1a: Garchomp|Protect
|move|p1b: Floette|Protect|p1b: Floette
|-singleturn|p1b: Floette|Protect
|move|p2b: Jumpsuit|Hyper Voice|p1b: Floette|[spread] 
|-activate|p1a: Garchomp|move: Protect
|-activate|p1b: Floette|move: Protect
|
|-fieldend|move: Trick Room
|upkeep
|turn|8
|
|t:|1786057393
|move|p2b: Jumpsuit|Protect|p2b: Jumpsuit
|-singleturn|p2b: Jumpsuit|Protect
|move|p1b: Floette|Dazzling Gleam|p2b: Jumpsuit
|-activate|p2b: Jumpsuit|move: Protect
|move|p1a: Garchomp|Dragon Claw|p2b: Jumpsuit
|-activate|p2b: Jumpsuit|move: Protect
|
|upkeep
|turn|9
|
|t:|1786057402
|move|p2b: Jumpsuit|Protect||[still]
|-fail|p2b: Jumpsuit
|move|p1b: Floette|Dazzling Gleam|p2b: Jumpsuit
|-crit|p2b: Jumpsuit
|-damage|p2b: Jumpsuit|0 fnt
|faint|p2b: Jumpsuit
|
|win|KingNoahC17
|l| camala64
