|j|☆Jacrepid
|j|☆Gianni Incestino
|html|JacrepidGianni Incestino    
|uhtml|bestof|Game 1 of a best-of-3
|t:|1785433533
|gametype|doubles
|player|p1|Jacrepid|fisherman|1071
|player|p2|Gianni Incestino|265|1041
|gen|9
|tier|[Gen 9 Champions] VGC 2026 Reg M-B (Bo3)
|rated|
|rule|Species Clause: Limit one of each Pokémon
|rule|Item Clause: Limit 1 of each item
|clearpoke
|poke|p1|Metagross, L50, shiny|
|poke|p1|Charizard, L50, M, shiny|
|poke|p1|Incineroar, L50, F, shiny|
|poke|p1|Garchomp, L50, M, shiny|
|poke|p1|Hydreigon, L50, F, shiny|
|poke|p1|Whimsicott, L50, F|
|poke|p2|Kingambit, L50, M|
|poke|p2|Sylveon, L50, M|
|poke|p2|Garchomp, L50, M|
|poke|p2|Charizard, L50, M|
|poke|p2|Farigiraf, L50, F|
|poke|p2|Kangaskhan, L50, F|
|teampreview|4
|showteam|p1|Metagross||Metagrossite|ClearBody|IronHead,PsychicFangs,BodyPress,Protect|Jolly|||||50|]Charizard||CharizarditeY|Blaze|HeatWave,WeatherBall,SolarBeam,Protect|Timid||M|||50|]Incineroar||SitrusBerry|Intimidate|FlareBlitz,ThroatChop,FakeOut,PartingShot|Impish||F|||50|]Garchomp||LifeOrb|RoughSkin|Earthquake,DragonClaw,RockSlide,Protect|Jolly||M|||50|]Hydreigon||ChoiceScarf|Levitate|DracoMeteor,DarkPulse,Snarl,HeatWave|Modest||F|||50|]Whimsicott||FocusSash|Prankster|Tailwind,Encore,Protect,Moonblast|Timid||F|||50|
|showteam|p2|Kingambit||FocusSash|Defiant|KowtowCleave,SuckerPunch,IronHead,LowKick|Adamant||M|||50|]Sylveon||FairyFeather|Pixilate|Detect,HyperVoice,HyperBeam,QuickAttack|Modest||M|||50|]Garchomp||LifeOrb|RoughSkin|Earthquake,DragonClaw,RockSlide,Protect|Jolly||M|||50|]Charizard||CharizarditeY|Blaze|Protect,HeatWave,SolarBeam,WeatherBall|Modest||M|||50|]Farigiraf||SitrusBerry|ArmorTail|TrickRoom,Psychic,Protect,Thunderbolt|Sassy||F|||50|]Kangaskhan||SilkScarf|Scrappy|FakeOut,LastResort|Brave||F|||50|
|inactive|Battle timer is ON: inactive players will automatically lose when time's up. (requested by Gianni Incestino)
|inactive|Jacrepid has 60 seconds left.
|inactive|Jacrepid has 30 seconds left.
|
|t:|1785433608
|teamsize|p1|4
|teamsize|p2|4
|start
|switch|p1a: Ol' Reliable|Incineroar, L50, F, shiny|100/100
|switch|p1b: Triple Kelp|Hydreigon, L50, F, shiny|100/100
|switch|p2a: Kangaskhan|Kangaskhan, L50, F|100/100
|switch|p2b: Kingambit|Kingambit, L50, M|100/100
|-ability|p1a: Ol' Reliable|Intimidate|boost
|-fail|p2a: Kangaskhan|unboost|Attack|[from] ability: Scrappy|[of] p2a: Kangaskhan
|-unboost|p2b: Kingambit|atk|1
|-ability|p2b: Kingambit|Defiant|boost
|-boost|p2b: Kingambit|atk|2
|turn|1
|
|t:|1785433627
|move|p2a: Kangaskhan|Fake Out|p1a: Ol' Reliable
|-crit|p1a: Ol' Reliable
|-damage|p1a: Ol' Reliable|70/100
|move|p1b: Triple Kelp|Heat Wave|p2a: Kangaskhan|[spread] p2a,p2b
|-supereffective|p2b: Kingambit|1
|-damage|p2a: Kangaskhan|73/100
|-damage|p2b: Kingambit|45/100
|move|p2b: Kingambit|Iron Head|p1b: Triple Kelp
|-damage|p1b: Triple Kelp|21/100
|cant|p1a: Ol' Reliable|flinch
|
|upkeep
|turn|2
|
|t:|1785433647
|move|p2b: Kingambit|Sucker Punch|p1b: Triple Kelp
|-resisted|p1b: Triple Kelp|1
|-damage|p1b: Triple Kelp|0 fnt
|faint|p1b: Triple Kelp
|move|p2a: Kangaskhan|Last Resort|p1a: Ol' Reliable
|-damage|p1a: Ol' Reliable|10/100
|-enditem|p1a: Ol' Reliable|Sitrus Berry|[eat]
|-heal|p1a: Ol' Reliable|35/100|[from] item: Sitrus Berry
|move|p1a: Ol' Reliable|Flare Blitz|p2b: Kingambit
|-supereffective|p2b: Kingambit|1
|-damage|p2b: Kingambit|0 fnt
|faint|p2b: Kingambit
|-damage|p1a: Ol' Reliable|21/100|[from] Recoil
|
|upkeep
|
|t:|1785433655
|switch|p1b: Xaria|Charizard, L50, M, shiny|100/100
|switch|p2b: Charizard|Charizard, L50, M|100/100
|turn|3
|
|t:|1785433666
|detailschange|p1b: Xaria|Charizard-Mega-Y, L50, M, shiny
|-mega|p1b: Xaria|Charizard|Charizardite Y
|-weather|SunnyDay|[from] ability: Drought|[of] p1b: Xaria
|detailschange|p2b: Charizard|Charizard-Mega-Y, L50, M
|-mega|p2b: Charizard|Charizard|Charizardite Y
|move|p1b: Xaria|Weather Ball|p2a: Kangaskhan
|-damage|p2a: Kangaskhan|4/100
|move|p2b: Charizard|Heat Wave|p1a: Ol' Reliable|[spread] p1a,p1b
|-resisted|p1a: Ol' Reliable|1
|-resisted|p1b: Xaria|1
|-damage|p1a: Ol' Reliable|0 fnt
|-damage|p1b: Xaria|72/100
|faint|p1a: Ol' Reliable
|move|p2a: Kangaskhan|Last Resort|p1b: Xaria
|-damage|p1b: Xaria|0 fnt
|faint|p1b: Xaria
|
|-weather|SunnyDay|[upkeep]
|upkeep
|
|t:|1785433676
|switch|p1b: Jarrkhan|Garchomp, L50, M, shiny|100/100
|turn|4
|
|t:|1785433681
|move|p1b: Jarrkhan|Rock Slide|p2a: Kangaskhan|[spread] p2a,p2b
|-supereffective|p2b: Charizard|2
|-damage|p2a: Kangaskhan|0 fnt
|-damage|p2b: Charizard|0 fnt
|faint|p2a: Kangaskhan
|faint|p2b: Charizard
|-damage|p1b: Jarrkhan|90/100|[from] item: Life Orb
|
|-weather|SunnyDay|[upkeep]
|upkeep
|
|t:|1785433685
|switch|p2b: Sylveon|Sylveon, L50, M|100/100
|turn|5
|
|t:|1785433702
|move|p1b: Jarrkhan|Rock Slide|p2b: Sylveon
|-damage|p2b: Sylveon|56/100
|-damage|p1b: Jarrkhan|80/100|[from] item: Life Orb
|move|p2b: Sylveon|Hyper Beam|p1b: Jarrkhan
|-supereffective|p1b: Jarrkhan|1
|-damage|p1b: Jarrkhan|0 fnt
|-mustrecharge|p2b: Sylveon
|faint|p1b: Jarrkhan
|
|win|Gianni Incestino
