|j|☆AncientFuture
|j|☆L1onHeart10
|html|AncientFutureL1onHeart10    
|uhtml|bestof|Game 3 of a best-of-3
|t:|1783552764
|gametype|doubles
|player|p1|AncientFuture|benga|
|player|p2|L1onHeart10|cyclist-gen4|
|gen|9
|tier|[Gen 9 Champions] VGC 2026 Reg M-B (Bo3)
|rule|Species Clause: Limit one of each Pokémon
|rule|Item Clause: Limit 1 of each item
|clearpoke
|poke|p1|Blaziken, L50, F|
|poke|p1|Aerodactyl, L50, M|
|poke|p1|Kingambit, L50, F|
|poke|p1|Basculegion, L50, M|
|poke|p1|Sylveon, L50, M|
|poke|p1|Torkoal, L50, M|
|poke|p2|Grimmsnarl, L50, M|
|poke|p2|Swampert, L50, M|
|poke|p2|Pelipper, L50, M|
|poke|p2|Archaludon, L50, M|
|poke|p2|Sinistcha, L50|
|poke|p2|Metagross, L50|
|teampreview|4
|showteam|p1|Blaziken||Blazikenite|SpeedBoost|FlareBlitz,CloseCombat,Protect,RockSlide|Adamant||F|||50|]Aerodactyl||Aerodactylite|Unnerve|RockSlide,DualWingbeat,IceFang,Tailwind|Jolly||M|||50|]Kingambit||LifeOrb|Defiant|KowtowCleave,Protect,IronHead,SuckerPunch|Adamant||F|||50|]Basculegion||FocusSash|Adaptability|Liquidation,Protect,LastRespects,AquaJet|Adamant||M|||50|]Sylveon||FairyFeather|Pixilate|HyperVoice,Moonblast,QuickAttack,Protect|Modest||M|||50|]Torkoal||Leftovers|Drought|BurningJealousy,WeatherBall,Protect,Yawn|Relaxed||M|||50|
|showteam|p2|Grimmsnarl||LightClay|Prankster|FoulPlay,PartingShot,Reflect,LightScreen|Calm||M|||50|]Swampert||Swampertite|Damp|WaveCrash,Earthquake,IcePunch,Protect|Adamant||M|||50|]Pelipper||SitrusBerry|Drizzle|Hurricane,WeatherBall,Tailwind,WideGuard|Modest||M|||50|]Archaludon||Leftovers|Stamina|ElectroShot,DragonPulse,FlashCannon,Protect|Modest||M|||50|]Sinistcha||CobaBerry|Hospitality|MatchaGotcha,RagePowder,TrickRoom,Protect|Relaxed|||||50|]Metagross||Metagrossite|ClearBody|IronHead,PsychicFangs,BodyPress,Protect|Jolly|||||50|
|j| Evelyie
|j| TemporalDonut
|
|t:|1783552833
|teamsize|p1|4
|teamsize|p2|4
|start
|switch|p1a: Aerodactyl|Aerodactyl, L50, M|100/100
|switch|p1b: Sylveon|Sylveon, L50, M|100/100
|switch|p2a: Swampert|Swampert, L50, M|100/100
|switch|p2b: Pelipper|Pelipper, L50, M|100/100
|-ability|p1a: Aerodactyl|Unnerve
|-weather|RainDance|[from] ability: Drizzle|[of] p2b: Pelipper
|turn|1
|
|t:|1783552848
|detailschange|p1a: Aerodactyl|Aerodactyl-Mega, L50, M
|-mega|p1a: Aerodactyl|Aerodactyl|Aerodactylite
|detailschange|p2a: Swampert|Swampert-Mega, L50, M
|-mega|p2a: Swampert|Swampert|Swampertite
|move|p2a: Swampert|Protect|p2a: Swampert
|-singleturn|p2a: Swampert|Protect
|move|p1a: Aerodactyl|Tailwind|p1a: Aerodactyl
|-sidestart|p1: AncientFuture|move: Tailwind
|move|p1b: Sylveon|Moonblast|p2a: Swampert
|-activate|p2a: Swampert|move: Protect
|move|p2b: Pelipper|Weather Ball|p1a: Aerodactyl
|-supereffective|p1a: Aerodactyl|1
|-damage|p1a: Aerodactyl|0 fnt
|faint|p1a: Aerodactyl
|
|-weather|RainDance|[upkeep]
|upkeep
|
|t:|1783552859
|switch|p1a: Basculegion|Basculegion, L50, M|100/100
|turn|2
|
|t:|1783552876
|move|p1a: Basculegion|Liquidation|p2a: Swampert
|-damage|p2a: Swampert|27/100
|move|p2a: Swampert|Earthquake|p1b: Sylveon|[spread] p1a,p1b
|-immune|p2b: Pelipper
|-damage|p1a: Basculegion|44/100
|-damage|p1b: Sylveon|46/100
|move|p1b: Sylveon|Hyper Voice|p2b: Pelipper|[spread] p2a,p2b
|-damage|p2a: Swampert|0 fnt
|-damage|p2b: Pelipper|41/100
|-enditem|p2b: Pelipper|Sitrus Berry|[eat]
|-heal|p2b: Pelipper|66/100|[from] item: Sitrus Berry
|faint|p2a: Swampert
|move|p2b: Pelipper|Tailwind|p2b: Pelipper
|-sidestart|p2: L1onHeart10|move: Tailwind
|
|-weather|RainDance|[upkeep]
|upkeep
|
|t:|1783552886
|switch|p2a: Archaludon|Archaludon, L50, M|100/100
|turn|3
|
|t:|1783552912
|move|p1a: Basculegion|Protect|p1a: Basculegion
|-singleturn|p1a: Basculegion|Protect
|move|p2a: Archaludon|Flash Cannon|p1b: Sylveon
|-supereffective|p1b: Sylveon|1
|-damage|p1b: Sylveon|0 fnt
|faint|p1b: Sylveon
|move|p2b: Pelipper|Hurricane|p1a: Basculegion
|-activate|p1a: Basculegion|move: Protect
|
|-weather|RainDance|[upkeep]
|upkeep
|
|t:|1783552920
|switch|p1b: Kingambit|Kingambit, L50, F|100/100
|turn|4
|
|t:|1783552968
|move|p1a: Basculegion|Last Respects|p2a: Archaludon
|-damage|p2a: Archaludon|22/100
|-ability|p2a: Archaludon|Stamina|boost
|-boost|p2a: Archaludon|def|1
|move|p2a: Archaludon|Electro Shot||[still]
|-prepare|p2a: Archaludon|Electro Shot
|-boost|p2a: Archaludon|spa|1
|-anim|p2a: Archaludon|Electro Shot|p1a: Basculegion
|-supereffective|p1a: Basculegion|1
|-damage|p1a: Basculegion|0 fnt
|faint|p1a: Basculegion
|move|p2b: Pelipper|Hurricane|p1b: Kingambit
|-resisted|p1b: Kingambit|1
|-damage|p1b: Kingambit|77/100
|-start|p1b: Kingambit|confusion
|-activate|p1b: Kingambit|confusion
|-damage|p1b: Kingambit|65/100|[from] confusion
|
|-weather|RainDance|[upkeep]
|-heal|p2a: Archaludon|28/100|[from] item: Leftovers
|-sideend|p1: AncientFuture|move: Tailwind
|upkeep
|turn|5
|
|t:|1783552987
|switch|p2b: Sinistcha|Sinistcha, L50|100/100
|-heal|p2a: Archaludon|53/100|[from] ability: Hospitality|[of] p2b: Sinistcha
|-end|p1b: Kingambit|confusion
|move|p1b: Kingambit|Protect|p1b: Kingambit
|-singleturn|p1b: Kingambit|Protect
|move|p2a: Archaludon|Electro Shot||[still]
|-prepare|p2a: Archaludon|Electro Shot
|-boost|p2a: Archaludon|spa|1
|-anim|p2a: Archaludon|Electro Shot|p1b: Kingambit
|-activate|p1b: Kingambit|move: Protect
|
|-weather|none
|-heal|p2a: Archaludon|59/100|[from] item: Leftovers
|-sideend|p2: L1onHeart10|move: Tailwind
|upkeep
|turn|6
|c| Evelyie|bro..
|l| TemporalDonut
|j| TemporalDonut
|
|t:|1783553002
|switch|p2b: Pelipper|Pelipper, L50, M|66/100
|-weather|RainDance|[from] ability: Drizzle|[of] p2b: Pelipper
|move|p2a: Archaludon|Electro Shot||[still]
|-prepare|p2a: Archaludon|Electro Shot
|-boost|p2a: Archaludon|spa|1
|-anim|p2a: Archaludon|Electro Shot|p1b: Kingambit
|-damage|p1b: Kingambit|0 fnt
|faint|p1b: Kingambit
|
|win|L1onHeart10
|c|☆L1onHeart10|ggwp
|l| Evelyie
|c|☆AncientFuture|gg
|l| TemporalDonut
