|j|☆myshirtisdirty
|j|☆Karkz
|html|myshirtisdirtyKarkz    
|uhtml|bestof|Game 2 of a best-of-3
|t:|1757905231
|gametype|doubles
|player|p1|myshirtisdirty|1|1071
|player|p2|Karkz|lance|1132
|gen|9
|tier|[Gen 9] VGC 2025 Reg H (Bo3)
|rated|
|rule|Species Clause: Limit one of each Pokémon
|rule|Item Clause: Limit 1 of each item
|clearpoke
|poke|p1|Indeedee-F, L50, F|
|poke|p1|Gallade, L50, M|
|poke|p1|Ursaluna, L50, M|
|poke|p1|Torkoal, L50, M|
|poke|p1|Hatterene, L50, F|
|poke|p1|Lilligant-Hisui, L50, F|
|poke|p2|Garganacl, L50, F|
|poke|p2|Volcarona, L50, M|
|poke|p2|Dondozo, L50, M|
|poke|p2|Grimmsnarl, L50, M|
|poke|p2|Rillaboom, L50, M|
|poke|p2|Tyranitar, L50, M|
|teampreview|4
|showteam|p1|Indeedee-F||SafetyGoggles|PsychicSurge|DazzlingGleam,HelpingHand,TrickRoom,FollowMe|||F|||50|,,,,,Fairy]Gallade||ClearAmulet|Sharpness|PsychoCut,SacredSword,TrickRoom,WideGuard|||M|||50|,,,,,Steel]Ursaluna||FlameOrb|Guts|Facade,Earthquake,HeadlongRush,Protect|||M|||50|,,,,,Ghost]Torkoal||ChoiceSpecs|Drought|WeatherBall,HeatWave,Eruption,EarthPower|||M|||50|,,,,,Grass]Hatterene||LifeOrb|MagicBounce|ExpandingForce,DazzlingGleam,MysticalFire,TrickRoom|||F|||50|,,,,,Water]Lilligant-Hisui||FocusSash|Chlorophyll|SleepPowder,AfterYou,CloseCombat,SolarBlade|||F|||50|,,,,,Ghost
|showteam|p2|Garganacl||SitrusBerry|PurifyingSalt|SaltCure,Recover,IronDefense,Protect|||F|||50|,,,,,Poison]Volcarona||Leftovers|FlameBody|HeatWave,GigaDrain,QuiverDance,Protect|||M|||50|,,,,,Dragon]Dondozo||SafetyGoggles|Unaware|WaveCrash,Fissure,Yawn,Protect|||M|||50|,,,,,Dragon]Grimmsnarl||LightClay|Prankster|SpiritBreak,ThunderWave,Reflect,LightScreen|||M|||50|,,,,,Ghost]Rillaboom||MiracleSeed|GrassySurge|WoodHammer,GrassyGlide,Uturn,FakeOut|||M|||50|,,,,,Grass]Tyranitar||AssaultVest|SandStream|RockSlide,KnockOff,TeraBlast,SandTomb|||M|||50|,,,,,Flying
|inactive|Battle timer is ON: inactive players will automatically lose when time's up. (requested by Karkz)
|inactive|Karkz has 60 seconds left.
|
|t:|1757905263
|teamsize|p1|4
|teamsize|p2|4
|start
|switch|p1a: Indeedee|Indeedee-F, L50, F|100/100
|switch|p1b: Gallade|Gallade, L50, M, shiny|100/100
|switch|p2a: Cloverfield|Tyranitar, L50, M|100/100
|switch|p2b: Boto|Dondozo, L50, M|100/100
|-weather|Sandstorm|[from] ability: Sand Stream|[of] p2a: Cloverfield
|-fieldstart|move: Psychic Terrain|[from] ability: Psychic Surge|[of] p1a: Indeedee
|turn|1
|
|t:|1757905279
|-terastallize|p2a: Cloverfield|Flying
|move|p1b: Gallade|Wide Guard|p1b: Gallade
|-singleturn|p1b: Gallade|Wide Guard
|move|p2a: Cloverfield|Knock Off|p1a: Indeedee
|-supereffective|p1a: Indeedee
|-damage|p1a: Indeedee|0 fnt
|-enditem|p1a: Indeedee|Safety Goggles|[from] move: Knock Off|[of] p2a: Cloverfield
|faint|p1a: Indeedee
|move|p2b: Boto|Yawn|p1b: Gallade
|-start|p1b: Gallade|move: Yawn|[of] p2b: Boto
|
|-weather|Sandstorm|[upkeep]
|-damage|p2a: Cloverfield|95/100|[from] Sandstorm
|-damage|p1b: Gallade|95/100|[from] Sandstorm
|upkeep
|
|t:|1757905291
|switch|p1a: Torkoal|Torkoal, L50, M, shiny|100/100
|-weather|SunnyDay|[from] ability: Drought|[of] p1a: Torkoal
|turn|2
|
|t:|1757905309
|-terastallize|p1a: Torkoal|Grass
|move|p2a: Cloverfield|Knock Off|p1a: Torkoal
|-damage|p1a: Torkoal|64/100
|-enditem|p1a: Torkoal|Choice Specs|[from] move: Knock Off|[of] p2a: Cloverfield
|move|p2b: Boto|Wave Crash|p1a: Torkoal
|-resisted|p1a: Torkoal
|-damage|p1a: Torkoal|55/100
|-damage|p2b: Boto|98/100|[from] Recoil
|move|p1a: Torkoal|Heat Wave|p2a: Cloverfield|[spread] p2a
|-miss|p1a: Torkoal|p2b: Boto
|-damage|p2a: Cloverfield|70/100
|move|p1b: Gallade|Trick Room|p1b: Gallade
|-fieldstart|move: Trick Room|[of] p1b: Gallade
|
|-weather|SunnyDay|[upkeep]
|-end|p1b: Gallade|move: Yawn|[silent]
|-status|p1b: Gallade|slp
|upkeep
|turn|3
|
|t:|1757905332
|switch|p1b: Ursaluna|Ursaluna, L50, M|100/100
|move|p1a: Torkoal|Heat Wave|p2a: Cloverfield|[spread] p2a,p2b
|-resisted|p2b: Boto
|-damage|p2a: Cloverfield|44/100
|-damage|p2b: Boto|81/100
|move|p2b: Boto|Wave Crash|p1b: Ursaluna
|-supereffective|p1b: Ursaluna
|-damage|p1b: Ursaluna|69/100
|-damage|p2b: Boto|71/100|[from] Recoil
|move|p2a: Cloverfield|Tera Blast|p1a: Torkoal|[anim] Tera Blast Flying
|-supereffective|p1a: Torkoal
|-crit|p1a: Torkoal
|-damage|p1a: Torkoal|0 fnt
|faint|p1a: Torkoal
|
|-weather|SunnyDay|[upkeep]
|-status|p1b: Ursaluna|brn|[from] item: Flame Orb
|upkeep
|
|t:|1757905335
|switch|p1a: Gallade|Gallade, L50, M, shiny|95/100 slp
|turn|4
|
|t:|1757905355
|move|p1b: Ursaluna|Facade|p2b: Boto
|-damage|p2b: Boto|0 fnt
|faint|p2b: Boto
|cant|p1a: Gallade|slp
|move|p2a: Cloverfield|Knock Off|p1b: Ursaluna
|-damage|p1b: Ursaluna|35/100 brn
|-enditem|p1b: Ursaluna|Flame Orb|[from] move: Knock Off|[of] p2a: Cloverfield
|
|-weather|SunnyDay|[upkeep]
|-damage|p1b: Ursaluna|29/100 brn|[from] brn
|upkeep
|
|t:|1757905358
|switch|p2b: Gangrel|Rillaboom, L50, M|100/100
|-fieldstart|move: Grassy Terrain|[from] ability: Grassy Surge|[of] p2b: Gangrel
|turn|5
|
|t:|1757905377
|move|p1b: Ursaluna|Protect|p1b: Ursaluna
|-singleturn|p1b: Ursaluna|Protect
|move|p2b: Gangrel|Grassy Glide|p1b: Ursaluna
|-activate|p1b: Ursaluna|move: Protect
|-curestatus|p1a: Gallade|slp|[msg]
|move|p1a: Gallade|Psycho Cut|p2a: Cloverfield
|-damage|p2a: Cloverfield|2/100
|move|p2a: Cloverfield|Tera Blast|p1a: Gallade|[anim] Tera Blast Flying
|-supereffective|p1a: Gallade
|-damage|p1a: Gallade|0 fnt
|faint|p1a: Gallade
|
|-weather|SunnyDay|[upkeep]
|-heal|p1b: Ursaluna|35/100 brn|[from] Grassy Terrain
|-damage|p1b: Ursaluna|29/100 brn|[from] brn
|upkeep
|turn|6
|
|t:|1757905392
|move|p2b: Gangrel|Grassy Glide|p1b: Ursaluna
|-supereffective|p1b: Ursaluna
|-damage|p1b: Ursaluna|0 fnt
|faint|p1b: Ursaluna
|
|win|Karkz
|raw|myshirtisdirty's rating: 1071 → 1054(-17 for losing)
|raw|Karkz's rating: 1132 → 1153(+21 for winning)
