|j|☆VenusaurBot
|j|‽bermusinho
|html|VenusaurBotbermusinho    
|uhtml|bestof|Game 1 of a best-of-3
|t:|1784464015
|gametype|doubles
|player|p1|VenusaurBot|koga|1217
|player|p2|bermusinho|102|1301
|gen|9
|tier|[Gen 9 Champions] VGC 2026 Reg M-B (Bo3)
|rated|
|rule|Species Clause: Limit one of each Pokémon
|rule|Item Clause: Limit 1 of each item
|clearpoke
|poke|p1|Blaziken, L50, M|
|poke|p1|Venusaur, L50, F|
|poke|p1|Ninetales-Alola, L50, M|
|poke|p1|Dragonite, L50, M|
|poke|p1|Kingambit, L50, F|
|poke|p1|Basculegion, L50, M|
|poke|p2|Aerodactyl, L50, M|
|poke|p2|Kingambit, L50, F|
|poke|p2|Sylveon, L50, M|
|poke|p2|Garchomp, L50, F|
|poke|p2|Charizard, L50, F|
|poke|p2|Incineroar, L50, M|
|teampreview|4
|showteam|p1|Blaziken||Blazikenite|SpeedBoost|Protect,FlareBlitz,CloseCombat,RockSlide|Adamant||M|||50|]Venusaur||Venusaurite|Chlorophyll|Protect,EarthPower,SludgeBomb,GigaDrain|Modest||F|||50|]Ninetales-Alola||NeverMeltIce|SnowWarning|Protect,Blizzard,FreezeDry,Encore|Timid||M|||50|]Dragonite||LifeOrb|InnerFocus|Protect,ExtremeSpeed,DragonClaw,LowKick|Adamant||M|||50|]Kingambit||BlackGlasses|Defiant|Protect,KowtowCleave,SuckerPunch,IronHead|Adamant||F|||50|]Basculegion||ChoiceScarf|Adaptability|WaveCrash,FlipTurn,AquaJet,LastRespects|Jolly||M|||50|
|showteam|p2|Aerodactyl||Aerodactylite|Unnerve|RockSlide,IceFang,Tailwind,WideGuard|Jolly||M|||50|]Kingambit||FocusSash|Defiant|KowtowCleave,SuckerPunch,IronHead,Protect|Adamant||F|||50|]Sylveon||FairyFeather|Pixilate|Detect,HyperVoice,HyperBeam,QuickAttack|Modest||M|||50|]Garchomp||LifeOrb|RoughSkin|Earthquake,DragonClaw,StompingTantrum,Protect|Jolly||F|||50|]Charizard||CharizarditeY|Blaze|Protect,HeatWave,SolarBeam,WeatherBall|Modest||F|||50|]Incineroar||SitrusBerry|Intimidate|DarkestLariat,FlareBlitz,FakeOut,PartingShot|Impish||M|||50|
|inactive|Battle timer is ON: inactive players will automatically lose when time's up. (requested by VenusaurBot)
|inactive|VenusaurBot has 60 seconds left.
|inactive|bermusinho has 60 seconds left.
|inactive|VenusaurBot has 30 seconds left.
|inactive|VenusaurBot has 20 seconds left.
|inactive|VenusaurBot has 15 seconds left.
|inactive|VenusaurBot has 10 seconds left.
|inactive|VenusaurBot has 5 seconds left.
|
|t:|1784464114
|teamsize|p1|4
|teamsize|p2|4
|start
|switch|p1a: Venusaur|Venusaur, L50, F|100/100
|switch|p1b: Basculegion|Basculegion, L50, M|100/100
|switch|p2a: Sylveon|Sylveon, L50, M|100/100
|switch|p2b: Charizard|Charizard, L50, F|100/100
|turn|1
|inactive|bermusinho has 30 seconds left.
|inactive|VenusaurBot has 30 seconds left.
|
|t:|1784464154
|switch|p2a: Incineroar|Incineroar, L50, M|100/100
|-ability|p2a: Incineroar|Intimidate|boost
|-unboost|p1a: Venusaur|atk|1
|-unboost|p1b: Basculegion|atk|1
|detailschange|p2b: Charizard|Charizard-Mega-Y, L50, F
|-mega|p2b: Charizard|Charizard|Charizardite Y
|-weather|SunnyDay|[from] ability: Drought|[of] p2b: Charizard
|detailschange|p1a: Venusaur|Venusaur-Mega, L50, F
|-mega|p1a: Venusaur|Venusaur|Venusaurite
|move|p1b: Basculegion|Flip Turn|p2a: Incineroar
|-supereffective|p2a: Incineroar|1
|-damage|p2a: Incineroar|84/100
|
|t:|1784464169
|switch|p1b: Ninetales|Ninetales-Alola, L50, M|100/100|[from] Flip Turn
|-weather|Snowscape|[from] ability: Snow Warning|[of] p1b: Ninetales
|move|p2b: Charizard|Heat Wave|p1a: Venusaur|[spread] p1a
|-miss|p2b: Charizard|p1b: Ninetales
|-supereffective|p1a: Venusaur|1
|-damage|p1a: Venusaur|66/100
|move|p1a: Venusaur|Sludge Bomb|p2a: Incineroar
|-damage|p2a: Incineroar|41/100
|-enditem|p2a: Incineroar|Sitrus Berry|[eat]
|-heal|p2a: Incineroar|65/100|[from] item: Sitrus Berry
|
|-weather|Snowscape|[upkeep]
|upkeep
|turn|2
|inactive|bermusinho has 30 seconds left.
|inactive|VenusaurBot has 30 seconds left.
|inactive|VenusaurBot has 20 seconds left.
|inactive|VenusaurBot has 15 seconds left.
|
|t:|1784464218
|move|p1b: Ninetales|Protect|p1b: Ninetales
|-singleturn|p1b: Ninetales|Protect
|move|p1a: Venusaur|Protect|p1a: Venusaur
|-singleturn|p1a: Venusaur|Protect
|move|p2b: Charizard|Heat Wave|p1b: Ninetales|[spread] 
|-activate|p1a: Venusaur|move: Protect
|-activate|p1b: Ninetales|move: Protect
|move|p2a: Incineroar|Parting Shot|p1a: Venusaur
|-activate|p1a: Venusaur|move: Protect
|
|-weather|Snowscape|[upkeep]
|upkeep
|turn|3
|
|t:|1784464232
|switch|p2a: Sylveon|Sylveon, L50, M|100/100
|move|p1b: Ninetales|Blizzard|p2a: Sylveon|[spread] p2a,p2b
|-damage|p2a: Sylveon|77/100
|-damage|p2b: Charizard|70/100
|move|p2b: Charizard|Heat Wave|p1b: Ninetales|[spread] p1a,p1b
|-supereffective|p1a: Venusaur|1
|-supereffective|p1b: Ninetales|1
|-damage|p1a: Venusaur|33/100
|-damage|p1b: Ninetales|6/100
|move|p1a: Venusaur|Earth Power|p2a: Sylveon
|-damage|p2a: Sylveon|53/100
|
|-weather|Snowscape|[upkeep]
|upkeep
|turn|4
|
|t:|1784464249
|move|p1a: Venusaur|Protect|p1a: Venusaur
|-singleturn|p1a: Venusaur|Protect
|move|p2a: Sylveon|Quick Attack|p1b: Ninetales
|-damage|p1b: Ninetales|0 fnt
|faint|p1b: Ninetales
|move|p2b: Charizard|Weather Ball|p1a: Venusaur
|-activate|p1a: Venusaur|move: Protect
|
|-weather|Snowscape|[upkeep]
|upkeep
|
|t:|1784464258
|switch|p1b: Basculegion|Basculegion, L50, M|100/100
|turn|5
|
|t:|1784464273
|switch|p2b: Incineroar|Incineroar, L50, M|65/100
|-ability|p2b: Incineroar|Intimidate|boost
|-unboost|p1a: Venusaur|atk|1
|-unboost|p1b: Basculegion|atk|1
|move|p2a: Sylveon|Detect|p2a: Sylveon
|-singleturn|p2a: Sylveon|Protect
|move|p1b: Basculegion|Wave Crash|p2b: Incineroar
|-supereffective|p2b: Incineroar|1
|-crit|p2b: Incineroar
|-damage|p2b: Incineroar|0 fnt
|faint|p2b: Incineroar
|-damage|p1b: Basculegion|77/100|[from] Recoil
|move|p1a: Venusaur|Sludge Bomb|p2a: Sylveon
|-activate|p2a: Sylveon|move: Protect
|
|-weather|none
|upkeep
|
|t:|1784464289
|switch|p2b: Charizard|Charizard-Mega-Y, L50, F|70/100
|-weather|SunnyDay|[from] ability: Drought|[of] p2b: Charizard
|turn|6
|
|t:|1784464303
|move|p1a: Venusaur|Protect|p1a: Venusaur
|-singleturn|p1a: Venusaur|Protect
|move|p1b: Basculegion|Wave Crash|p2b: Charizard
|-supereffective|p2b: Charizard|1
|-damage|p2b: Charizard|16/100
|-damage|p1b: Basculegion|61/100|[from] Recoil
|move|p2b: Charizard|Heat Wave|p1b: Basculegion|[spread] p1b
|-activate|p1a: Venusaur|move: Protect
|-resisted|p1b: Basculegion|1
|-damage|p1b: Basculegion|24/100
|move|p2a: Sylveon|Hyper Voice|p1b: Basculegion|[spread] p1b
|-activate|p1a: Venusaur|move: Protect
|-damage|p1b: Basculegion|0 fnt
|faint|p1b: Basculegion
|
|-weather|SunnyDay|[upkeep]
|upkeep
|
|t:|1784464311
|switch|p1b: Dragonite|Dragonite, L50, M|100/100
|turn|7
|inactive|bermusinho has 30 seconds left.
|
|t:|1784464339
|switch|p2a: Kingambit|Kingambit, L50, F|100/100
|move|p2b: Charizard|Protect|p2b: Charizard
|-singleturn|p2b: Charizard|Protect
|move|p1b: Dragonite|Extreme Speed|p2b: Charizard
|-activate|p2b: Charizard|move: Protect
|move|p1a: Venusaur|Sludge Bomb|p2a: Kingambit
|-immune|p2a: Kingambit
|
|-weather|SunnyDay|[upkeep]
|upkeep
|turn|8
|
|t:|1784464357
|move|p1b: Dragonite|Extreme Speed|p2b: Charizard
|-damage|p2b: Charizard|0 fnt
|faint|p2b: Charizard
|-damage|p1b: Dragonite|90/100|[from] item: Life Orb
|move|p1a: Venusaur|Earth Power|p2a: Kingambit
|-supereffective|p2a: Kingambit|1
|-damage|p2a: Kingambit|31/100
|move|p2a: Kingambit|Kowtow Cleave|p1b: Dragonite
|-damage|p1b: Dragonite|33/100
|
|-weather|SunnyDay|[upkeep]
|upkeep
|
|t:|1784464368
|switch|p2b: Sylveon|Sylveon, L50, M|53/100
|turn|9
|inactive|VenusaurBot has 30 seconds left.
|
|t:|1784464409
|move|p1b: Dragonite|Extreme Speed|p2b: Sylveon
|-damage|p2b: Sylveon|9/100
|-damage|p1b: Dragonite|23/100|[from] item: Life Orb
|move|p2a: Kingambit|Sucker Punch|p1a: Venusaur
|-crit|p1a: Venusaur
|-damage|p1a: Venusaur|0 fnt
|faint|p1a: Venusaur
|move|p2b: Sylveon|Hyper Voice|p1b: Dragonite
|-supereffective|p1b: Dragonite|1
|-damage|p1b: Dragonite|0 fnt
|faint|p1b: Dragonite
|
|win|bermusinho
||VenusaurBot is ready for game 2.
|inactive|bermusinho has 30 seconds to confirm battle start!
||bermusinho is ready for game 2.
|uhtml|next|Next: Game 2 of 3
|l|‽bermusinho
|player|p2|
