|j|☆marcosdeltasena31
|j|☆xxxPlayer5xxx
|html|marcosdeltasena31xxxPlayer5xxx    
|uhtml|bestof|Game 3 of a best-of-3
|t:|1755292133
|gametype|doubles
|player|p1|marcosdeltasena31|hilbert|1382
|player|p2|xxxPlayer5xxx|169|1230
|gen|9
|tier|[Gen 9] VGC 2025 Reg H (Bo3)
|rated|
|rule|Species Clause: Limit one of each Pokémon
|rule|Item Clause: Limit 1 of each item
|clearpoke
|poke|p1|Dragonite, L50, F|
|poke|p1|Sneasler, L50, F|
|poke|p1|Volcarona, L50, F|
|poke|p1|Rillaboom, L50, M|
|poke|p1|Kingambit, L50, F|
|poke|p1|Electabuzz, L50, F|
|poke|p2|Corviknight, L50, M|
|poke|p2|Palafin, L50, F|
|poke|p2|Amoonguss, L50, F|
|poke|p2|Incineroar, L50, F|
|poke|p2|Archaludon, L50, F|
|poke|p2|Chandelure, L50, F|
|teampreview|4
|showteam|p1|Dragonite||LoadedDice|Multiscale|ScaleShot,ExtremeSpeed,Haze,Protect|||F|||50|,,,,,Fairy]Sneasler||FocusSash|PoisonTouch|DireClaw,CloseCombat,FakeOut,Coaching|||F|||50|,,,,,Ghost]Volcarona||CovertCloak|FlameBody|HeatWave,TeraBlast,QuiverDance,Protect|||F|||50|,,,,,Fairy]Rillaboom||AssaultVest|GrassySurge|WoodHammer,FakeOut,GrassyGlide,HighHorsepower|||M|||50|,,,,,Fire]Kingambit||BlackGlasses|Defiant|KowtowCleave,SwordsDance,SuckerPunch,Protect|||F|||50|,,,,,Dark]Electabuzz||Eviolite|VitalSpirit|Electroweb,FollowMe,Taunt,Protect|||F|||50|,,,,,Ghost
|showteam|p2|Corviknight||Leftovers|MirrorArmor|BraveBird,BodyPress,Roost,BulkUp|||M|||50|,,,,,Dragon]Palafin||ChoiceBand|ZerotoHero|JetPunch,WaveCrash,FlipTurn,CloseCombat|||F|||50|,,,,,Water]Amoonguss||SitrusBerry|Regenerator|RagePowder,Spore,SludgeBomb,Protect|||F|||50|,,,,,Water]Incineroar||AssaultVest|Intimidate|KnockOff,FakeOut,Snarl,Uturn|||F|||50|,,,,,Grass]Archaludon||PowerHerb|Stalwart|ElectroShot,DragonPulse,Thunderbolt,Protect|||F|||50|,,,,,Electric]Chandelure||ChoiceScarf|FlashFire|HeatWave,ShadowBall,EnergyBall,Flamethrower|||F|||50|,,,,,Grass
|inactive|Battle timer is ON: inactive players will automatically lose when time's up. (requested by xxxPlayer5xxx)
|
|t:|1755292143
|teamsize|p1|4
|teamsize|p2|4
|start
|switch|p1a: Kingambit|Kingambit, L50, F|100/100
|switch|p1b: Rillaboom|Rillaboom, L50, M|100/100
|switch|p2a: Amoonguss|Amoonguss, L50, F|100/100
|switch|p2b: Corviknight|Corviknight, L50, M|100/100
|-fieldstart|move: Grassy Terrain|[from] ability: Grassy Surge|[of] p1b: Rillaboom
|turn|1
|
|t:|1755292166
|switch|p1a: Dragonite|Dragonite, L50, F|100/100
|move|p1b: Rillaboom|Fake Out|p2a: Amoonguss
|-damage|p2a: Amoonguss|86/100
|move|p2b: Corviknight|Bulk Up|p2b: Corviknight
|-boost|p2b: Corviknight|atk|1
|-boost|p2b: Corviknight|def|1
|cant|p2a: Amoonguss|flinch
|
|-heal|p2a: Amoonguss|92/100|[from] Grassy Terrain
|upkeep
|turn|2
|
|t:|1755292184
|move|p1a: Dragonite|Scale Shot|p2a: Amoonguss
|-damage|p2a: Amoonguss|76/100
|-damage|p2a: Amoonguss|62/100
|-damage|p2a: Amoonguss|47/100
|-enditem|p2a: Amoonguss|Sitrus Berry|[eat]
|-heal|p2a: Amoonguss|72/100|[from] item: Sitrus Berry
|-damage|p2a: Amoonguss|57/100
|-damage|p2a: Amoonguss|41/100
|-hitcount|p2a: Amoonguss|5
|-unboost|p1a: Dragonite|def|1
|-boost|p1a: Dragonite|spe|1
|move|p1b: Rillaboom|High Horsepower|p2a: Amoonguss
|-damage|p2a: Amoonguss|8/100
|move|p2b: Corviknight|Bulk Up|p2b: Corviknight
|-boost|p2b: Corviknight|atk|1
|-boost|p2b: Corviknight|def|1
|move|p2a: Amoonguss|Spore|p1a: Dragonite
|-status|p1a: Dragonite|slp|[from] move: Spore
|
|-heal|p2a: Amoonguss|14/100|[from] Grassy Terrain
|upkeep
|turn|3
|inactive|marcosdeltasena31 has 30 seconds left.
|inactive|xxxPlayer5xxx has 30 seconds left.
|
|t:|1755292215
|switch|p2a: Chandelure|Chandelure, L50, F|100/100
|cant|p1a: Dragonite|slp
|move|p1b: Rillaboom|Wood Hammer|p2a: Chandelure
|-resisted|p2a: Chandelure
|-damage|p2a: Chandelure|48/100
|-damage|p1b: Rillaboom|89/100|[from] Recoil
|move|p2b: Corviknight|Body Press|p1a: Dragonite
|-resisted|p1a: Dragonite
|-damage|p1a: Dragonite|80/100 slp
|
|-heal|p2a: Chandelure|54/100|[from] Grassy Terrain
|-heal|p1b: Rillaboom|95/100|[from] Grassy Terrain
|upkeep
|turn|4
|
|t:|1755292232
|-terastallize|p1b: Rillaboom|Fire
|cant|p1a: Dragonite|slp
|move|p2a: Chandelure|Heat Wave|p1a: Dragonite|[spread] p1a,p1b
|-resisted|p1a: Dragonite
|-resisted|p1b: Rillaboom
|-damage|p1a: Dragonite|57/100 slp
|-damage|p1b: Rillaboom|80/100
|move|p1b: Rillaboom|High Horsepower|p2a: Chandelure
|-supereffective|p2a: Chandelure
|-damage|p2a: Chandelure|0 fnt
|faint|p2a: Chandelure
|move|p2b: Corviknight|Brave Bird|p1a: Dragonite
|-damage|p1a: Dragonite|0 fnt
|faint|p1a: Dragonite
|-damage|p2b: Corviknight|84/100|[from] Recoil
|
|-heal|p1b: Rillaboom|86/100|[from] Grassy Terrain
|-heal|p2b: Corviknight|91/100|[from] item: Leftovers
|upkeep
|
|t:|1755292246
|switch|p1a: Sneasler|Sneasler, L50, F|100/100
|switch|p2a: Amoonguss|Amoonguss, L50, F|47/100
|turn|5
|
|t:|1755292264
|switch|p2a: Archaludon|Archaludon, L50, F|100/100
|move|p1a: Sneasler|Dire Claw|p2a: Archaludon
|-immune|p2a: Archaludon
|move|p1b: Rillaboom|High Horsepower|p2a: Archaludon
|-supereffective|p2a: Archaludon
|-crit|p2a: Archaludon
|-damage|p2a: Archaludon|21/100
|move|p2b: Corviknight|Body Press|p1b: Rillaboom
|-damage|p1b: Rillaboom|42/100
|
|-heal|p2a: Archaludon|27/100|[from] Grassy Terrain
|-heal|p1b: Rillaboom|48/100|[from] Grassy Terrain
|-heal|p2b: Corviknight|97/100|[from] item: Leftovers
|-fieldend|move: Grassy Terrain
|upkeep
|turn|6
|
|t:|1755292287
|move|p1a: Sneasler|Close Combat|p2a: Archaludon
|-supereffective|p2a: Archaludon
|-damage|p2a: Archaludon|0 fnt
|-unboost|p1a: Sneasler|def|1
|-unboost|p1a: Sneasler|spd|1
|faint|p2a: Archaludon
|move|p1b: Rillaboom|High Horsepower|p2b: Corviknight
|-immune|p2b: Corviknight
|move|p2b: Corviknight|Body Press|p1a: Sneasler
|-resisted|p1a: Sneasler
|-damage|p1a: Sneasler|44/100
|
|-heal|p2b: Corviknight|100/100|[from] item: Leftovers
|upkeep
|
|t:|1755292290
|switch|p2a: Amoonguss|Amoonguss, L50, F|80/100
|turn|7
|
|t:|1755292304
|switch|p1a: Kingambit|Kingambit, L50, F|100/100
|move|p2a: Amoonguss|Protect|p2a: Amoonguss
|-singleturn|p2a: Amoonguss|Protect
|move|p1b: Rillaboom|High Horsepower|p2a: Amoonguss
|-activate|p2a: Amoonguss|move: Protect
|move|p2b: Corviknight|Body Press|p1a: Kingambit
|-supereffective|p1a: Kingambit
|-damage|p1a: Kingambit|0 fnt
|faint|p1a: Kingambit
|
|upkeep
|
|t:|1755292317
|switch|p1a: Sneasler|Sneasler, L50, F|44/100
|turn|8
|
|t:|1755292323
|move|p1a: Sneasler|Dire Claw|p2a: Amoonguss
|-damage|p2a: Amoonguss|40/100
|move|p1b: Rillaboom|High Horsepower|p2a: Amoonguss
|-damage|p2a: Amoonguss|8/100
|move|p2b: Corviknight|Brave Bird|p1a: Sneasler
|-supereffective|p1a: Sneasler
|-damage|p1a: Sneasler|0 fnt
|faint|p1a: Sneasler
|-damage|p2b: Corviknight|89/100|[from] Recoil
|move|p2a: Amoonguss|Spore|p1b: Rillaboom
|-status|p1b: Rillaboom|slp|[from] move: Spore
|
|-heal|p2b: Corviknight|95/100|[from] item: Leftovers
|upkeep
|turn|9
|-message|marcosdeltasena31 forfeited.
|raw|marcosdeltasena31's rating: 1382 → 1354(-28 for losing)
|raw|xxxPlayer5xxx's rating: 1230 → 1265(+35 for winning)
|
|win|xxxPlayer5xxx
