|j|☆shaboogles
|j|☆3Soul3
|html|shaboogles3Soul3    
|uhtml|bestof|Game 1 of a best-of-3
|t:|1783946579
|gametype|doubles
|player|p1|shaboogles|rosa|
|player|p2|3Soul3|iris-gen5bw2|
|gen|9
|tier|[Gen 9 Champions] VGC 2026 Reg M-B (Bo3)
|rule|Species Clause: Limit one of each Pokémon
|rule|Item Clause: Limit 1 of each item
|clearpoke
|poke|p1|Chandelure, L50, M|
|poke|p1|Chesnaught, L50, F|
|poke|p1|Greninja, L50, F|
|poke|p1|Rotom-Mow, L50|
|poke|p1|Krookodile, L50, M|
|poke|p1|Ariados, L50, M|
|poke|p2|Floette-Eternal, L50, F|
|poke|p2|Scovillain, L50, F|
|poke|p2|Blastoise, L50, M|
|poke|p2|Krookodile, L50, M|
|poke|p2|Ampharos, L50, F|
|poke|p2|Hawlucha, L50, F|
|teampreview|4
|showteam|p1|Chandelure||Chandelurite|Infiltrator|HeatWave,ShadowBall,TrickRoom,Protect|Modest||M|||50|]Chesnaught||RoseliBerry|Bulletproof|WoodHammer,SpikyShield,HammerArm,WideGuard|Adamant||F|||50|]Greninja||Greninjite|Torrent|IcyWind,Protect,HydroPump,DarkPulse|Timid||F|||50|]Rotom-Mow||ChoiceScarf|Levitate|Thunderbolt,LeafStorm,Electroweb,VoltSwitch|Timid|||||50|]Krookodile||PasshoBerry|Intimidate|Crunch,Taunt,Protect,HighHorsepower|Adamant||M|||50|]Ariados||ScopeLens|Sniper|CrossPoison,Protect,RagePowder,KnockOff|Impish||M|||50|
|showteam|p2|Floette-Eternal||FairyFeather|FlowerVeil|CalmMind,DazzlingGleam,Moonblast,Protect|Modest||F|||50|]Scovillain||FocusSash|Moody|RagePowder,HelpingHand,Flamethrower,Protect|Serious||F|||50|]Blastoise||SitrusBerry|Torrent|HydroPump,WaterSpout,ShellSmash,Protect|Bold||M|||50|]Krookodile||ChoiceScarf|Intimidate|Earthquake,HighHorsepower,KnockOff,RockSlide|Adamant||M|||50|]Ampharos||Ampharosite|Static|Discharge,Thunderbolt,DragonPulse,Protect|Quiet||F|||50|]Hawlucha||Hawluchanite|MoldBreaker|FlyingPress,Encore,Detect,BulkUp|Jolly||F|||50|
|
|t:|1783946643
|teamsize|p1|4
|teamsize|p2|4
|start
|switch|p1a: Rotom|Rotom-Mow, L50|100/100
|switch|p1b: Ariados|Ariados, L50, M|100/100
|switch|p2a: Scovillain|Scovillain, L50, F|100/100
|switch|p2b: Hawlucha|Hawlucha, L50, F|100/100
|-ability|p2b: Hawlucha|Mold Breaker
|turn|1
|
|t:|1783946688
|detailschange|p2b: Hawlucha|Hawlucha-Mega, L50, F
|-mega|p2b: Hawlucha|Hawlucha|Hawluchanite
|move|p1b: Ariados|Protect|p1b: Ariados
|-singleturn|p1b: Ariados|Protect
|move|p1a: Rotom|Volt Switch|p2a: Scovillain
|-resisted|p2a: Scovillain|1
|-damage|p2a: Scovillain|78/100
|
|t:|1783946698
|switch|p1a: Chandelure|Chandelure, L50, M|100/100|[from] Volt Switch
|move|p2b: Hawlucha|Flying Press|p1b: Ariados
|-activate|p1b: Ariados|move: Protect
|move|p2a: Scovillain|Flamethrower|p1a: Chandelure
|-resisted|p1a: Chandelure|1
|-damage|p1a: Chandelure|77/100
|
|-ability|p2a: Scovillain|Moody|boost
|-boost|p2a: Scovillain|spd|2
|-unboost|p2a: Scovillain|atk|1
|upkeep
|turn|2
|
|t:|1783946741
|switch|p2a: Krookodile|Krookodile, L50, M|100/100
|-ability|p2a: Krookodile|Intimidate|boost
|-unboost|p1a: Chandelure|atk|1
|-unboost|p1b: Ariados|atk|1
|switch|p1b: Krookodile|Krookodile, L50, M|100/100
|-ability|p1b: Krookodile|Intimidate|boost
|-unboost|p2a: Krookodile|atk|1
|-unboost|p2b: Hawlucha|atk|1
|detailschange|p1a: Chandelure|Chandelure-Mega, L50, M
|-mega|p1a: Chandelure|Chandelure|Chandelurite
|move|p2b: Hawlucha|Flying Press|p1b: Krookodile
|-supereffective|p1b: Krookodile|1
|-damage|p1b: Krookodile|15/100
|move|p1a: Chandelure|Heat Wave|p2b: Hawlucha|[spread] p2a,p2b
|-damage|p2a: Krookodile|28/100
|-damage|p2b: Hawlucha|43/100
|
|upkeep
|turn|3
|
|t:|1783946788
|move|p1a: Chandelure|Protect|p1a: Chandelure
|-singleturn|p1a: Chandelure|Protect
|move|p2a: Krookodile|Knock Off|p1a: Chandelure
|-activate|p1a: Chandelure|move: Protect
|move|p2b: Hawlucha|Flying Press|p1a: Chandelure
|-activate|p1a: Chandelure|move: Protect
|move|p1b: Krookodile|High Horsepower|p2a: Krookodile
|-damage|p2a: Krookodile|0 fnt
|faint|p2a: Krookodile
|
|upkeep
|
|t:|1783946806
|switch|p2a: Floette|Floette-Eternal, L50, F|100/100
|turn|4
|
|t:|1783946831
|move|p1b: Krookodile|Protect|p1b: Krookodile
|-singleturn|p1b: Krookodile|Protect
|move|p2b: Hawlucha|Flying Press|p1a: Chandelure
|-immune|p1a: Chandelure
|move|p2a: Floette|Dazzling Gleam|p1a: Chandelure|[spread] p1a
|-activate|p1b: Krookodile|move: Protect
|-resisted|p1a: Chandelure|1
|-damage|p1a: Chandelure|55/100
|move|p1a: Chandelure|Heat Wave|p2b: Hawlucha|[spread] p2b
|-miss|p1a: Chandelure|p2a: Floette
|-damage|p2b: Hawlucha|0 fnt
|faint|p2b: Hawlucha
|
|upkeep
|
|t:|1783946846
|switch|p2b: Scovillain|Scovillain, L50, F|78/100
|turn|5
|
|t:|1783946878
|move|p2b: Scovillain|Helping Hand|p2a: Floette
|-singleturn|p2a: Floette|Helping Hand|[of] p2b: Scovillain
|move|p2a: Floette|Moonblast|p1a: Chandelure
|-resisted|p1a: Chandelure|1
|-damage|p1a: Chandelure|8/100
|move|p1b: Krookodile|High Horsepower|p2a: Floette
|-damage|p2a: Floette|31/100
|move|p1a: Chandelure|Trick Room|p1a: Chandelure
|-fieldstart|move: Trick Room|[of] p1a: Chandelure
|
|-ability|p2b: Scovillain|Moody|boost
|-boost|p2b: Scovillain|atk|2
|-unboost|p2b: Scovillain|spa|1
|upkeep
|turn|6
|
|t:|1783946902
|move|p2b: Scovillain|Flamethrower|p1a: Chandelure
|-resisted|p1a: Chandelure|1
|-damage|p1a: Chandelure|0 fnt
|faint|p1a: Chandelure
|move|p1b: Krookodile|High Horsepower|p2b: Scovillain
|-crit|p2b: Scovillain
|-damage|p2b: Scovillain|0 fnt
|faint|p2b: Scovillain
|move|p2a: Floette|Dazzling Gleam|p1b: Krookodile
|-supereffective|p1b: Krookodile|1
|-damage|p1b: Krookodile|0 fnt
|faint|p1b: Krookodile
|
|upkeep
|
|t:|1783946906
|switch|p1a: Ariados|Ariados, L50, M|100/100
|switch|p1b: Rotom|Rotom-Mow, L50|100/100
|turn|7
|
|t:|1783946923
|move|p1a: Ariados|Cross Poison|p2a: Floette
|-supereffective|p2a: Floette|1
|-damage|p2a: Floette|0 fnt
|faint|p2a: Floette
|
|win|shaboogles
||shaboogles is ready for game 2.
|inactive|3Soul3 has 30 seconds to confirm battle start!
||3Soul3 is ready for game 2.
|uhtml|next|Next: Game 2 of 3
|j| Marafish
