|j|☆TheLeoj
|j|☆balon609
|html|TheLeojbalon609    
|uhtml|bestof|Game 1 of a best-of-3
|t:|1784159914
|gametype|doubles
|player|p1|TheLeoj|102|1142
|player|p2|balon609|policeman-gen4|1159
|gen|9
|tier|[Gen 9 Champions] VGC 2026 Reg M-B (Bo3)
|rated|
|rule|Species Clause: Limit one of each Pokémon
|rule|Item Clause: Limit 1 of each item
|clearpoke
|poke|p1|Politoed, L50, F, shiny|
|poke|p1|Incineroar, L50, F, shiny|
|poke|p1|Gengar, L50, F, shiny|
|poke|p1|Archaludon, L50, F, shiny|
|poke|p1|Swampert, L50, M, shiny|
|poke|p1|Vivillon-Elegant, L50, M, shiny|
|poke|p2|Aerodactyl, L50, M|
|poke|p2|Charizard, L50, F|
|poke|p2|Kingambit, L50, M|
|poke|p2|Sylveon, L50, F|
|poke|p2|Garchomp, L50, F|
|poke|p2|Farigiraf, L50, M|
|teampreview|4
|showteam|p1|Politoed||SitrusBerry|Drizzle|WeatherBall,Encore,PerishSong,Protect|Calm||F|||50|]Incineroar||PasshoBerry|Intimidate|ThroatChop,FakeOut,PartingShot,Protect|Sassy||F|||50|]Gengar||Gengarite|CursedBody|ShadowBall,SludgeBomb,PerishSong,Protect|Timid||F|||50|]Archaludon||Leftovers|Stamina|ElectroShot,FlashCannon,DragonPulse,Protect|Bold||F|||50|]Swampert||Swampertite|Torrent|WaveCrash,Earthquake,IcePunch,Protect|Adamant||M|||50|]Vivillon-Elegant||FocusSash|CompoundEyes|Hurricane,SleepPowder,RagePowder,Protect|Timid||M|||50|
|showteam|p2|Aerodactyl||Aerodactylite|Unnerve|RockSlide,DualWingbeat,IceFang,Tailwind|Jolly||M|||50|]Charizard||CharizarditeY|SolarPower|HeatWave,WeatherBall,SolarBeam,Protect|Modest||F|||50|]Kingambit||FocusSash|Defiant|KowtowCleave,SuckerPunch,IronHead,LowKick|Adamant||M|||50|]Sylveon||FairyFeather|Pixilate|QuickAttack,HyperVoice,HyperBeam,Protect|Modest||F|||50|]Garchomp||LifeOrb|RoughSkin|Earthquake,DragonClaw,StompingTantrum,Protect|Jolly||F|||50|]Farigiraf||SitrusBerry|ArmorTail|TwinBeam,Thunderbolt,GrassKnot,TrickRoom|Bold||M|||50|
|inactive|Battle timer is ON: inactive players will automatically lose when time's up. (requested by TheLeoj)
|inactive|TheLeoj has 60 seconds left.
|inactive|balon609 has 60 seconds left.
|
|t:|1784159958
|teamsize|p1|4
|teamsize|p2|4
|start
|switch|p1a: Vivillon|Vivillon-Elegant, L50, M, shiny|100/100
|switch|p1b: Incineroar|Incineroar, L50, F, shiny|100/100
|switch|p2a: Charizard|Charizard, L50, F|100/100
|switch|p2b: Kingambit|Kingambit, L50, M|100/100
|-ability|p1b: Incineroar|Intimidate|boost
|-unboost|p2a: Charizard|atk|1
|-unboost|p2b: Kingambit|atk|1
|-ability|p2b: Kingambit|Defiant|boost
|-boost|p2b: Kingambit|atk|2
|turn|1
|inactive|balon609 has 30 seconds left.
|
|t:|1784159988
|switch|p2a: Farigiraf|Farigiraf, L50, M|100/100
|move|p1b: Incineroar|Fake Out||[still]
|cant|p2a: Farigiraf|ability: Armor Tail|Fake Out|[of] p1b: Incineroar
|move|p1a: Vivillon|Sleep Powder|p2b: Kingambit
|-status|p2b: Kingambit|slp|[from] move: Sleep Powder
|cant|p2b: Kingambit|slp
|
|upkeep
|turn|2
|
|t:|1784160010
|move|p1a: Vivillon|Sleep Powder|p2a: Farigiraf
|-status|p2a: Farigiraf|slp|[from] move: Sleep Powder
|-curestatus|p2b: Kingambit|slp|[msg]
|move|p2b: Kingambit|Kowtow Cleave|p1a: Vivillon
|-enditem|p1a: Vivillon|Focus Sash
|-damage|p1a: Vivillon|1/100
|cant|p2a: Farigiraf|slp
|move|p1b: Incineroar|Throat Chop|p2a: Farigiraf
|-supereffective|p2a: Farigiraf|1
|-damage|p2a: Farigiraf|48/100 slp
|-start|p2a: Farigiraf|Throat Chop|[silent]
|-enditem|p2a: Farigiraf|Sitrus Berry|[eat]
|-heal|p2a: Farigiraf|73/100 slp|[from] item: Sitrus Berry
|
|upkeep
|turn|3
|
|t:|1784160034
|move|p1a: Vivillon|Sleep Powder|p2b: Kingambit
|-status|p2b: Kingambit|slp|[from] move: Sleep Powder
|cant|p2b: Kingambit|slp
|cant|p2a: Farigiraf|slp
|move|p1b: Incineroar|Throat Chop|p2a: Farigiraf
|-supereffective|p2a: Farigiraf|1
|-damage|p2a: Farigiraf|21/100 slp
|
|-end|p2a: Farigiraf|Throat Chop|[silent]
|upkeep
|turn|4
|
|t:|1784160054
|move|p1a: Vivillon|Protect|p1a: Vivillon
|-singleturn|p1a: Vivillon|Protect
|cant|p2b: Kingambit|slp
|-curestatus|p2a: Farigiraf|slp|[msg]
|move|p2a: Farigiraf|Thunderbolt|p1a: Vivillon
|-activate|p1a: Vivillon|move: Protect
|move|p1b: Incineroar|Throat Chop|p2a: Farigiraf
|-supereffective|p2a: Farigiraf|1
|-damage|p2a: Farigiraf|0 fnt
|faint|p2a: Farigiraf
|
|upkeep
|
|t:|1784160067
|switch|p2a: Charizard|Charizard, L50, F|100/100
|turn|5
|inactive|TheLeoj has 30 seconds left.
|inactive|balon609 has 30 seconds left.
|
|t:|1784160099
|detailschange|p2a: Charizard|Charizard-Mega-Y, L50, F
|-mega|p2a: Charizard|Charizard|Charizardite Y
|-weather|SunnyDay|[from] ability: Drought|[of] p2a: Charizard
|move|p1a: Vivillon|Sleep Powder|p2a: Charizard
|-status|p2a: Charizard|slp|[from] move: Sleep Powder
|cant|p2a: Charizard|slp
|-curestatus|p2b: Kingambit|slp|[msg]
|move|p2b: Kingambit|Kowtow Cleave|p1a: Vivillon
|-damage|p1a: Vivillon|0 fnt
|faint|p1a: Vivillon
|move|p1b: Incineroar|Parting Shot|p2a: Charizard
|-unboost|p2a: Charizard|atk|1
|-unboost|p2a: Charizard|spa|1
|
|t:|1784160119
|switch|p1b: Politoed|Politoed, L50, F, shiny|100/100|[from] Parting Shot
|-weather|RainDance|[from] ability: Drizzle|[of] p1b: Politoed
|
|-weather|RainDance|[upkeep]
|upkeep
|
|t:|1784160122
|switch|p1a: Swampert|Swampert, L50, M, shiny|100/100
|turn|6
|inactive|TheLeoj has 30 seconds left.
|inactive|balon609 has 30 seconds left.
|inactive|balon609 has 20 seconds left.
|
|t:|1784160158
|detailschange|p1a: Swampert|Swampert-Mega, L50, M, shiny
|-mega|p1a: Swampert|Swampert|Swampertite
|move|p1b: Politoed|Protect|p1b: Politoed
|-singleturn|p1b: Politoed|Protect
|move|p1a: Swampert|Earthquake|p2b: Kingambit|[spread] p2b
|-activate|p1b: Politoed|move: Protect
|-immune|p2a: Charizard
|-supereffective|p2b: Kingambit|1
|-damage|p2b: Kingambit|10/100
|cant|p2a: Charizard|slp
|move|p2b: Kingambit|Kowtow Cleave|p1a: Swampert
|-damage|p1a: Swampert|33/100
|
|-weather|RainDance|[upkeep]
|upkeep
|turn|7
|inactive|balon609 has 30 seconds left.
|inactive|TheLeoj has 30 seconds left.
|
|t:|1784160191
|move|p1a: Swampert|Protect|p1a: Swampert
|-singleturn|p1a: Swampert|Protect
|move|p2b: Kingambit|Sucker Punch|p1b: Politoed
|-damage|p1b: Politoed|43/100
|-enditem|p1b: Politoed|Sitrus Berry|[eat]
|-heal|p1b: Politoed|68/100|[from] item: Sitrus Berry
|-curestatus|p2a: Charizard|slp|[msg]
|move|p2a: Charizard|Weather Ball|p1a: Swampert
|-activate|p1a: Swampert|move: Protect
|move|p1b: Politoed|Weather Ball|p2b: Kingambit
|-damage|p2b: Kingambit|0 fnt
|faint|p2b: Kingambit
|
|-weather|RainDance|[upkeep]
|upkeep
|
|t:|1784160205
|switch|p2b: Garchomp|Garchomp, L50, F|100/100
|turn|8
|
|t:|1784160212
|move|p2b: Garchomp|Protect|p2b: Garchomp
|-singleturn|p2b: Garchomp|Protect
|move|p1a: Swampert|Ice Punch|p2b: Garchomp
|-activate|p2b: Garchomp|move: Protect
|move|p2a: Charizard|Weather Ball|p1a: Swampert
|-damage|p1a: Swampert|0 fnt
|faint|p1a: Swampert
|move|p1b: Politoed|Weather Ball|p2a: Charizard
|-supereffective|p2a: Charizard|1
|-damage|p2a: Charizard|8/100
|
|-weather|RainDance|[upkeep]
|upkeep
|
|t:|1784160225
|switch|p1a: Incineroar|Incineroar, L50, F, shiny|100/100
|-ability|p1a: Incineroar|Intimidate|boost
|-unboost|p2a: Charizard|atk|1
|-unboost|p2b: Garchomp|atk|1
|turn|9
|
|t:|1784160255
|move|p2a: Charizard|Protect|p2a: Charizard
|-singleturn|p2a: Charizard|Protect
|move|p1a: Incineroar|Fake Out|p2b: Garchomp
|-damage|p2b: Garchomp|89/100
|-damage|p1a: Incineroar|87/100|[from] ability: Rough Skin|[of] p2b: Garchomp
|cant|p2b: Garchomp|flinch
|move|p1b: Politoed|Encore|p2b: Garchomp
|-start|p2b: Garchomp|Encore
|
|-weather|none
|upkeep
|turn|10
|
|t:|1784160273
|move|p2b: Garchomp|Protect|p2b: Garchomp
|-singleturn|p2b: Garchomp|Protect
|move|p2a: Charizard|Heat Wave|p1a: Incineroar|[spread] p1a,p1b
|-resisted|p1a: Incineroar|1
|-resisted|p1b: Politoed|1
|-damage|p1a: Incineroar|77/100
|-damage|p1b: Politoed|57/100
|move|p1b: Politoed|Perish Song|p1b: Politoed
|-start|p1a: Incineroar|perish3|[silent]
|-start|p1b: Politoed|perish3|[silent]
|-start|p2a: Charizard|perish3|[silent]
|-start|p2b: Garchomp|perish3|[silent]
|-fieldactivate|move: Perish Song
|move|p1a: Incineroar|Throat Chop|p2a: Charizard
|-damage|p2a: Charizard|0 fnt
|faint|p2a: Charizard
|
|-start|p2b: Garchomp|perish3
|-start|p1b: Politoed|perish3
|-start|p1a: Incineroar|perish3
|upkeep
|turn|11
|inactive|TheLeoj has 30 seconds left.
|
|t:|1784160305
|move|p2b: Garchomp|Protect||[still]
|-fail|p2b: Garchomp
|move|p1b: Politoed|Weather Ball|p2b: Garchomp
|-damage|p2b: Garchomp|77/100
|move|p1a: Incineroar|Throat Chop|p2b: Garchomp
|-damage|p2b: Garchomp|47/100
|-start|p2b: Garchomp|Throat Chop|[silent]
|-damage|p1a: Incineroar|65/100|[from] ability: Rough Skin|[of] p2b: Garchomp
|
|-start|p2b: Garchomp|perish2
|-start|p1b: Politoed|perish2
|-start|p1a: Incineroar|perish2
|upkeep
|turn|12
|
|t:|1784160327
|move|p2b: Garchomp|Protect|p2b: Garchomp
|-singleturn|p2b: Garchomp|Protect
|move|p1b: Politoed|Weather Ball|p2b: Garchomp
|-activate|p2b: Garchomp|move: Protect
|move|p1a: Incineroar|Throat Chop|p2b: Garchomp
|-activate|p2b: Garchomp|move: Protect
|
|-end|p2b: Garchomp|Encore
|-end|p2b: Garchomp|Throat Chop|[silent]
|-start|p2b: Garchomp|perish1
|-start|p1b: Politoed|perish1
|-start|p1a: Incineroar|perish1
|upkeep
|turn|13
|
|t:|1784160340
|move|p1b: Politoed|Protect|p1b: Politoed
|-singleturn|p1b: Politoed|Protect
|move|p1a: Incineroar|Protect|p1a: Incineroar
|-singleturn|p1a: Incineroar|Protect
|move|p2b: Garchomp|Earthquake|p1a: Incineroar|[spread] 
|-activate|p1a: Incineroar|move: Protect
|-activate|p1b: Politoed|move: Protect
|
|-start|p2b: Garchomp|perish0
|-start|p1b: Politoed|perish0
|-start|p1a: Incineroar|perish0
|faint|p2b: Garchomp
|faint|p1b: Politoed
|faint|p1a: Incineroar
|
|win|TheLeoj
