|j|☆Pelosis
|j|☆Iultimatemage
|html|PelosisIultimatemage    
|uhtml|bestof|Game 1 of a best-of-3
|t:|1783701590
|gametype|doubles
|player|p1|Pelosis|101|1000
|player|p2|Iultimatemage|169|1086
|gen|9
|tier|[Gen 9 Champions] VGC 2026 Reg M-B (Bo3)
|rated|
|rule|Species Clause: Limit one of each Pokémon
|rule|Item Clause: Limit 1 of each item
|clearpoke
|poke|p1|Mawile, L50, F|
|poke|p1|Farigiraf, L50, M|
|poke|p1|Incineroar, L50, M|
|poke|p1|Torkoal, L50, M|
|poke|p1|Venusaur, L50, M|
|poke|p1|Scrafty, L50, M|
|poke|p2|Eelektross, L50, M|
|poke|p2|Whimsicott, L50, M|
|poke|p2|Mamoswine, L50, F|
|poke|p2|Gholdengo, L50|
|poke|p2|Sneasler, L50, F|
|poke|p2|Politoed, L50, F|
|teampreview|4
|showteam|p1|Mawile||Mawilite|HyperCutter|Protect,PlayRough,RockSlide,IronHead|Brave||F|||50|]Farigiraf||SitrusBerry|ArmorTail|TrickRoom,TwinBeam,Thunderbolt,HelpingHand|Quiet||M|||50|]Incineroar||WhiteHerb|Intimidate|FakeOut,CloseCombat,FlareBlitz,ThroatChop|Brave||M|||50|]Torkoal||Charcoal|Drought|Protect,Eruption,HeatWave,WeatherBall|Quiet||M|||50|]Venusaur||FocusSash|Chlorophyll|SleepPowder,EarthPower,EnergyBall,SludgeBomb|Modest||M|||50|]Scrafty||Scraftinite|Intimidate|FakeOut,CloseCombat,KnockOff,IcePunch|Brave||M|||50|
|showteam|p2|Eelektross||Eelektrossite|Levitate|Thunderbolt,Flamethrower,GrassKnot,Protect|Timid||M|||50|]Whimsicott||FocusSash|Prankster|Moonblast,Encore,Tailwind,Protect|Timid||M|||50|]Mamoswine||ChoiceScarf|Oblivious|Earthquake,IcicleSpear,IceShard,RockSlide|Jolly||F|||50|]Gholdengo||LifeOrb|GoodasGold|NastyPlot,ShadowBall,MakeItRain,Protect|Modest|||||50|]Sneasler||WhiteHerb|Unburden|FakeOut,CloseCombat,DireClaw,Protect|Jolly||F|||50|]Politoed||Leftovers|Drizzle|Encore,WeatherBall,IcyWind,Protect|Calm||F|||50|
|inactive|Battle timer is ON: inactive players will automatically lose when time's up. (requested by Iultimatemage)
|inactive|Pelosis has 60 seconds left.
|inactive|Pelosis has 30 seconds left.
|inactive|Pelosis has 20 seconds left.
|inactive|Pelosis has 15 seconds left.
|inactive|Pelosis has 10 seconds left.
|inactive|Pelosis has 5 seconds left.
|inactive|Iultimatemage has 60 seconds left.
|
|t:|1783701685
|teamsize|p1|4
|teamsize|p2|4
|start
|switch|p1a: Farigiraf|Farigiraf, L50, M|100/100
|switch|p1b: Incineroar|Incineroar, L50, M|100/100
|switch|p2a: Whimsicott|Whimsicott, L50, M|100/100
|switch|p2b: Eelektross|Eelektross, L50, M|100/100
|-ability|p1b: Incineroar|Intimidate|boost
|-unboost|p2a: Whimsicott|atk|1
|-unboost|p2b: Eelektross|atk|1
|turn|1
|inactive|Pelosis has 30 seconds left.
|inactive|Pelosis has 20 seconds left.
|inactive|Pelosis has 15 seconds left.
|inactive|Pelosis has 10 seconds left.
|inactive|Pelosis has 5 seconds left.
|
|t:|1783701738
|detailschange|p2b: Eelektross|Eelektross-Mega, L50, M
|-mega|p2b: Eelektross|Eelektross|Eelektrossite
|move|p2a: Whimsicott|Moonblast|p1a: Farigiraf
|-damage|p1a: Farigiraf|69/100
|move|p2b: Eelektross|Thunderbolt|p1a: Farigiraf
|-damage|p1a: Farigiraf|28/100
|-enditem|p1a: Farigiraf|Sitrus Berry|[eat]
|-heal|p1a: Farigiraf|53/100|[from] item: Sitrus Berry
|move|p1b: Incineroar|Flare Blitz|p2b: Eelektross
|-damage|p2b: Eelektross|13/100
|-damage|p1b: Incineroar|77/100|[from] Recoil
|move|p1a: Farigiraf|Trick Room|p1a: Farigiraf
|-fieldstart|move: Trick Room|[of] p1a: Farigiraf
|
|upkeep
|turn|2
|inactive|Pelosis has 30 seconds left.
|inactive|Iultimatemage has 30 seconds left.
|inactive|Pelosis has 20 seconds left.
|inactive|Pelosis has 15 seconds left.
|inactive|Pelosis has 10 seconds left.
|inactive|Iultimatemage has 20 seconds left.
|
|t:|1783701787
|switch|p1a: Torkoal|Torkoal, L50, M|100/100
|-weather|SunnyDay|[from] ability: Drought|[of] p1a: Torkoal
|move|p2a: Whimsicott|Protect|p2a: Whimsicott
|-singleturn|p2a: Whimsicott|Protect
|move|p1b: Incineroar|Flare Blitz|p2a: Whimsicott
|-activate|p2a: Whimsicott|move: Protect
|move|p2b: Eelektross|Thunderbolt|p1a: Torkoal
|-crit|p1a: Torkoal
|-damage|p1a: Torkoal|8/100
|
|-weather|SunnyDay|[upkeep]
|upkeep
|turn|3
|inactive|Pelosis has 30 seconds left.
|inactive|Pelosis has 20 seconds left.
|inactive|Pelosis has 15 seconds left.
|inactive|Iultimatemage has 30 seconds left.
|
|t:|1783701837
|move|p2b: Eelektross|Protect|p2b: Eelektross
|-singleturn|p2b: Eelektross|Protect
|move|p1a: Torkoal|Heat Wave|p2a: Whimsicott|[spread] p2a
|-activate|p2b: Eelektross|move: Protect
|-supereffective|p2a: Whimsicott|1
|-enditem|p2a: Whimsicott|Focus Sash
|-damage|p2a: Whimsicott|1/100
|move|p1b: Incineroar|Flare Blitz|p2a: Whimsicott
|-supereffective|p2a: Whimsicott|1
|-damage|p2a: Whimsicott|0 fnt
|faint|p2a: Whimsicott
|-damage|p1b: Incineroar|76/100|[from] Recoil
|
|-weather|SunnyDay|[upkeep]
|upkeep
|
|t:|1783701851
|switch|p2a: Politoed|Politoed, L50, F|100/100
|-weather|RainDance|[from] ability: Drizzle|[of] p2a: Politoed
|turn|4
|inactive|Pelosis has 30 seconds left.
|inactive|Pelosis has 20 seconds left.
|
|t:|1783701890
|switch|p1a: Mawile|Mawile, L50, F|100/100
|move|p1b: Incineroar|Close Combat|p2b: Eelektross
|-damage|p2b: Eelektross|0 fnt
|-unboost|p1b: Incineroar|def|1
|-unboost|p1b: Incineroar|spd|1
|faint|p2b: Eelektross
|-enditem|p1b: Incineroar|White Herb
|-clearnegativeboost|p1b: Incineroar|[silent]
|move|p2a: Politoed|Weather Ball|p1b: Incineroar
|-supereffective|p1b: Incineroar|1
|-damage|p1b: Incineroar|0 fnt
|faint|p1b: Incineroar
|
|-weather|RainDance|[upkeep]
|upkeep
|
|t:|1783701913
|switch|p1b: Torkoal|Torkoal, L50, M|8/100
|switch|p2b: Sneasler|Sneasler, L50, F|100/100
|-weather|SunnyDay|[from] ability: Drought|[of] p1b: Torkoal
|turn|5
|inactive|Pelosis has 30 seconds left.
|inactive|Pelosis has 20 seconds left.
|
|t:|1783701952
|switch|p1b: Farigiraf|Farigiraf, L50, M|53/100
|detailschange|p1a: Mawile|Mawile-Mega, L50, F
|-mega|p1a: Mawile|Mawile|Mawilite
|move|p2b: Sneasler|Fake Out||[still]
|cant|p1b: Farigiraf|ability: Armor Tail|Fake Out|[of] p2b: Sneasler
|move|p1a: Mawile|Play Rough|p2a: Politoed
|-damage|p2a: Politoed|0 fnt
|faint|p2a: Politoed
|
|-weather|SunnyDay|[upkeep]
|-fieldend|move: Trick Room
|upkeep
|turn|6
|
|t:|1783701974
|move|p2b: Sneasler|Close Combat|p1b: Farigiraf
|-damage|p1b: Farigiraf|0 fnt
|-unboost|p2b: Sneasler|def|1
|-unboost|p2b: Sneasler|spd|1
|faint|p1b: Farigiraf
|-enditem|p2b: Sneasler|White Herb
|-clearnegativeboost|p2b: Sneasler|[silent]
|move|p1a: Mawile|Iron Head|p2b: Sneasler
|-damage|p2b: Sneasler|0 fnt
|faint|p2b: Sneasler
|
|win|Pelosis
||Iultimatemage is ready for game 2.
|inactive|Pelosis has 30 seconds to confirm battle start!
||Pelosis is ready for game 2.
|uhtml|next|Next: Game 2 of 3
