|j|☆Solcerer
|j|☆cheeto squid
|html|Solcerercheeto squid    
|uhtml|bestof|Game 1 of a best-of-3
|t:|1756242370
|gametype|doubles
|player|p1|Solcerer|265|1000
|player|p2|cheeto squid|101|1166
|gen|9
|tier|[Gen 9] VGC 2025 Reg H (Bo3)
|rated|
|rule|Species Clause: Limit one of each Pokémon
|rule|Item Clause: Limit 1 of each item
|clearpoke
|poke|p1|Sneasler, L50, F|
|poke|p1|Inteleon, L50, F|
|poke|p1|Espeon, L50, F|
|poke|p1|Metagross, L50|
|poke|p1|Amoonguss, L50, M|
|poke|p1|Hydreigon, L50, M|
|poke|p2|Samurott-Hisui, L50, F|
|poke|p2|Pelipper, L50, F|
|poke|p2|Archaludon, L50, M|
|poke|p2|Clefairy, L50, M|
|poke|p2|Gholdengo, L50|
|poke|p2|Kingambit, L50, M|
|teampreview|4
|showteam|p1|Sneasler||WhiteHerb|Unburden|DireClaw,CloseCombat,FakeOut,Acrobatics|||F|||50|,,,,,Flying]Inteleon||FocusSash|Sniper|SnipeShot,IceBeam,Soak,Protect|||F|||50|,,,,,Ghost]Espeon||ChoiceScarf|MagicBounce|ExpandingForce,ShadowBall,DazzlingGleam,PowerGem|||F|||50|,,,,,Psychic]Metagross||SafetyGoggles|ClearBody|PsychicFangs,HeavySlam,KnockOff,Protect||||||50|,,,,,Water]Amoonguss||RockyHelmet|Regenerator|PollenPuff,Spore,RagePowder,SludgeBomb|||M|||50|,,,,,Steel]Hydreigon||ScopeLens|Levitate|DracoMeteor,DarkPulse,FocusEnergy,Protect|||M|||50|,,,,,Ghost
|showteam|p2|Samurott-Hisui||MysticWater|Sharpness|RazorShell,SacredSword,Detect,FlipTurn|||F|||50|,,,,,Ghost]Pelipper||CovertCloak|Drizzle|Hurricane,WeatherBall,Tailwind,Protect|||F|||50|,,,,,Stellar]Archaludon||PowerHerb|Stalwart|ElectroShot,DracoMeteor,FlashCannon,Protect|||M|||50|,,,,,Electric]Clefairy||Eviolite|FriendGuard|AfterYou,FollowMe,HelpingHand,Protect|||M|||50|,,,,,Water]Gholdengo||LifeOrb|GoodasGold|MakeItRain,ShadowBall,NastyPlot,Protect||||||50|,,,,,Dragon]Kingambit||BlackGlasses|Defiant|KowtowCleave,SuckerPunch,Protect,SwordsDance|||M|||50|,,,,,Dark
|inactive|Battle timer is ON: inactive players will automatically lose when time's up. (requested by Solcerer)
|inactive|Solcerer has 60 seconds left.
|
|t:|1756242413
|teamsize|p1|4
|teamsize|p2|4
|start
|switch|p1a: Sneasler|Sneasler, L50, F|100/100
|switch|p1b: Inteleon|Inteleon, L50, F|100/100
|switch|p2a: Archaludon|Archaludon, L50, M|100/100
|switch|p2b: Samurott|Samurott-Hisui, L50, F|100/100
|turn|1
|
|t:|1756242438
|-terastallize|p2b: Samurott|Ghost
|move|p1a: Sneasler|Fake Out|p2b: Samurott
|-immune|p2b: Samurott
|move|p1b: Inteleon|Soak|p2a: Archaludon
|-start|p2a: Archaludon|typechange|Water
|move|p2a: Archaludon|Electro Shot||[still]
|-prepare|p2a: Archaludon|Electro Shot
|-boost|p2a: Archaludon|spa|1
|-enditem|p2a: Archaludon|Power Herb
|-anim|p2a: Archaludon|Electro Shot|p1a: Sneasler
|-damage|p1a: Sneasler|8/100
|move|p2b: Samurott|Flip Turn|p1a: Sneasler
|-damage|p1a: Sneasler|0 fnt
|faint|p1a: Sneasler
|
|t:|1756242460
|switch|p2b: Clefairy|Clefairy, L50, M|100/100|[from] Flip Turn
|
|upkeep
|
|t:|1756242466
|switch|p1a: Amoonguss|Amoonguss, L50, M|100/100
|turn|2
|
|t:|1756242489
|switch|p1b: Hydreigon|Hydreigon, L50, M|100/100
|move|p2b: Clefairy|Protect|p2b: Clefairy
|-singleturn|p2b: Clefairy|Protect
|move|p2a: Archaludon|Draco Meteor|p1b: Hydreigon
|-supereffective|p1b: Hydreigon
|-crit|p1b: Hydreigon
|-damage|p1b: Hydreigon|0 fnt
|-unboost|p2a: Archaludon|spa|2
|faint|p1b: Hydreigon
|move|p1a: Amoonguss|Spore|p2a: Archaludon
|-status|p2a: Archaludon|slp|[from] move: Spore
|
|upkeep
|
|t:|1756242497
|switch|p1b: Inteleon|Inteleon, L50, F|100/100
|turn|3
|inactive|cheeto squid has 30 seconds left.
|
|t:|1756242524
|switch|p2b: Samurott|Samurott-Hisui, L50, F, tera:Ghost|100/100
|cant|p2a: Archaludon|slp
|move|p1b: Inteleon|Snipe Shot|p2b: Samurott
|-damage|p2b: Samurott|50/100
|move|p1a: Amoonguss|Sludge Bomb|p2a: Archaludon
|-damage|p2a: Archaludon|66/100 slp
|
|upkeep
|turn|4
|
|t:|1756242543
|-curestatus|p2a: Archaludon|slp|[msg]
|move|p2a: Archaludon|Protect|p2a: Archaludon
|-singleturn|p2a: Archaludon|Protect
|move|p2b: Samurott|Detect|p2b: Samurott
|-singleturn|p2b: Samurott|Protect
|move|p1b: Inteleon|Snipe Shot|p2b: Samurott
|-activate|p2b: Samurott|move: Protect
|move|p1a: Amoonguss|Sludge Bomb|p2a: Archaludon
|-activate|p2a: Archaludon|move: Protect
|
|upkeep
|turn|5
|
|t:|1756242560
|switch|p2a: Clefairy|Clefairy, L50, M|100/100
|move|p1b: Inteleon|Protect|p1b: Inteleon
|-singleturn|p1b: Inteleon|Protect
|move|p2b: Samurott|Flip Turn|p1b: Inteleon
|-activate|p1b: Inteleon|move: Protect
|move|p1a: Amoonguss|Spore|p2a: Clefairy
|-status|p2a: Clefairy|slp|[from] move: Spore
|
|upkeep
|turn|6
|
|t:|1756242574
|switch|p2b: Gholdengo|Gholdengo, L50|100/100
|cant|p2a: Clefairy|slp
|move|p1b: Inteleon|Snipe Shot|p2b: Gholdengo
|-damage|p2b: Gholdengo|61/100
|move|p1a: Amoonguss|Sludge Bomb|p2a: Clefairy
|-supereffective|p2a: Clefairy
|-crit|p2a: Clefairy
|-damage|p2a: Clefairy|48/100 slp
|
|upkeep
|turn|7
|
|t:|1756242589
|-curestatus|p2a: Clefairy|slp|[msg]
|move|p2a: Clefairy|Helping Hand|p2b: Gholdengo
|-immune|p2b: Gholdengo|[from] ability: Good as Gold
|move|p1b: Inteleon|Snipe Shot|p2b: Gholdengo
|-damage|p2b: Gholdengo|28/100
|move|p2b: Gholdengo|Shadow Ball|p1a: Amoonguss
|-damage|p1a: Amoonguss|53/100
|-damage|p2b: Gholdengo|18/100|[from] item: Life Orb
|move|p1a: Amoonguss|Pollen Puff|p1b: Inteleon
|
|upkeep
|turn|8
|inactive|cheeto squid has 30 seconds left.
|
|t:|1756242615
|move|p2a: Clefairy|Follow Me|p2a: Clefairy
|-singleturn|p2a: Clefairy|move: Follow Me
|move|p1b: Inteleon|Snipe Shot|p2b: Gholdengo
|-crit|p2b: Gholdengo
|-damage|p2b: Gholdengo|0 fnt
|faint|p2b: Gholdengo
|move|p1a: Amoonguss|Sludge Bomb|p2a: Clefairy
|-supereffective|p2a: Clefairy
|-damage|p2a: Clefairy|14/100
|
|upkeep
|
|t:|1756242623
|switch|p2b: Archaludon|Archaludon, L50, M|66/100
|turn|9
|
|t:|1756242638
|move|p2a: Clefairy|Follow Me|p2a: Clefairy
|-singleturn|p2a: Clefairy|move: Follow Me
|move|p1b: Inteleon|Snipe Shot|p2a: Clefairy
|-damage|p2a: Clefairy|0 fnt
|faint|p2a: Clefairy
|move|p2b: Archaludon|Flash Cannon|p1a: Amoonguss
|-damage|p1a: Amoonguss|19/100
|move|p1a: Amoonguss|Spore|p2b: Archaludon
|-status|p2b: Archaludon|slp|[from] move: Spore
|
|upkeep
|
|t:|1756242642
|switch|p2a: Samurott|Samurott-Hisui, L50, F, tera:Ghost|50/100
|turn|10
|
|t:|1756242660
|move|p1b: Inteleon|Snipe Shot|p2a: Samurott
|-damage|p2a: Samurott|0 fnt
|faint|p2a: Samurott
|cant|p2b: Archaludon|slp
|move|p1a: Amoonguss|Pollen Puff|p2b: Archaludon
|-resisted|p2b: Archaludon
|-damage|p2b: Archaludon|54/100 slp
|
|upkeep
|turn|11
|
|t:|1756242682
|move|p1b: Inteleon|Soak|p2b: Archaludon
|-start|p2b: Archaludon|typechange|Water
|-curestatus|p2b: Archaludon|slp|[msg]
|move|p2b: Archaludon|Flash Cannon|p1a: Amoonguss
|-damage|p1a: Amoonguss|0 fnt
|faint|p1a: Amoonguss
|
|upkeep
|turn|12
|
|t:|1756242696
|move|p1b: Inteleon|Snipe Shot|p2b: Archaludon
|-resisted|p2b: Archaludon
|-damage|p2b: Archaludon|29/100
|move|p2b: Archaludon|Draco Meteor|p1b: Inteleon
|-damage|p1b: Inteleon|23/100
|-unboost|p2b: Archaludon|spa|2
|
|upkeep
|turn|13
|
|t:|1756242705
|move|p1b: Inteleon|Protect|p1b: Inteleon
|-singleturn|p1b: Inteleon|Protect
|move|p2b: Archaludon|Draco Meteor|p1b: Inteleon
|-activate|p1b: Inteleon|move: Protect
|
|upkeep
|turn|14
|
|t:|1756242712
|move|p1b: Inteleon|Snipe Shot|p2b: Archaludon
|-resisted|p2b: Archaludon
|-damage|p2b: Archaludon|4/100
|move|p2b: Archaludon|Draco Meteor|p1b: Inteleon|[miss]
|-miss|p2b: Archaludon|p1b: Inteleon
|
|upkeep
|turn|15
|-message|cheeto squid forfeited.
|
|win|Solcerer
||cheeto squid is ready for game 2.
||Solcerer is ready for game 2.
|uhtml|next|Next: Game 2 of 3
|l|☆Solcerer
|player|p1|
