|j|☆Raichu y fan
|j|☆Professor_J93
|html|Raichu y fanProfessor_J93    
|uhtml|bestof|Game 2 of a best-of-3
|t:|1782324421
|gametype|doubles
|player|p1|Raichu y fan|101|
|player|p2|Professor_J93|n|
|gen|9
|tier|[Gen 9 Champions] VGC 2026 Reg M-B (Bo3)
|rule|Species Clause: Limit one of each Pokémon
|rule|Item Clause: Limit 1 of each item
|clearpoke
|poke|p1|Venusaur, L50, F|
|poke|p1|Incineroar, L50, F|
|poke|p1|Alcremie, L50, F|
|poke|p1|Kingambit, L50, F|
|poke|p1|Sinistcha, L50|
|poke|p1|Altaria, L50, F|
|poke|p2|Raichu, L50, F|
|poke|p2|Vivillon-Ocean, L50, F|
|poke|p2|Infernape, L50, M|
|poke|p2|Sylveon, L50, M|
|poke|p2|Basculegion, L50, M|
|poke|p2|Farigiraf, L50, F|
|teampreview|4
|showteam|p1|Venusaur||Venusaurite|Chlorophyll|GigaDrain,EarthPower,SludgeBomb,Protect|Modest||F|||50|]Incineroar||SitrusBerry|Intimidate|FlareBlitz,FakeOut,BatonPass,Protect|Careful||F|||50|]Alcremie||KebiaBerry|AromaVeil|DazzlingGleam,Decorate,HelpingHand,Protect|Calm||F|||50|]Kingambit||Leftovers|Defiant|KowtowCleave,IronHead,SuckerPunch,Protect|Adamant||F|||50|]Sinistcha||CobaBerry|Hospitality|MatchaGotcha,RagePowder,TrickRoom,Protect|Relaxed|||||50|]Altaria||Altarianite|CloudNine|HyperVoice,Roost,PowerSwap,Protect|Calm||F|||50|
|showteam|p2|Raichu||RaichuniteY|LightningRod|ZapCannon,FocusBlast,FakeOut,Protect|Modest||F|||50|]Vivillon-Ocean||FocusSash|CompoundEyes|Hurricane,Tailwind,SleepPowder,Protect|Timid||F|||50|]Infernape||Charcoal|Blaze|Overheat,FakeOut,Encore,Protect|Timid||M|||50|]Sylveon||FairyFeather|Pixilate|HyperVoice,HyperBeam,QuickAttack,Protect|Modest||M|||50|]Basculegion||MysticWater|Adaptability|WaveCrash,AquaJet,LastRespects,Protect|Jolly||M|||50|]Farigiraf||SitrusBerry|ArmorTail|Psyshock,Roar,TrickRoom,HelpingHand|Relaxed||F|||50|
|
|t:|1782324453
|teamsize|p1|4
|teamsize|p2|4
|start
|switch|p1a: Incineroar|Incineroar, L50, F|100/100
|switch|p1b: Alcremie|Alcremie, L50, F|100/100
|switch|p2a: Raichu|Raichu, L50, F|100/100
|switch|p2b: Farigiraf|Farigiraf, L50, F|100/100
|-ability|p1a: Incineroar|Intimidate|boost
|-unboost|p2a: Raichu|atk|1
|-unboost|p2b: Farigiraf|atk|1
|turn|1
|
|t:|1782324471
|detailschange|p2a: Raichu|Raichu-Mega-Y, L50, F
|-mega|p2a: Raichu|Raichu|Raichunite Y
|move|p2b: Farigiraf|Helping Hand|p2a: Raichu
|-singleturn|p2a: Raichu|Helping Hand|[of] p2b: Farigiraf
|move|p2a: Raichu|Focus Blast|p1a: Incineroar
|-supereffective|p1a: Incineroar|1
|-damage|p1a: Incineroar|0 fnt
|faint|p1a: Incineroar
|move|p1b: Alcremie|Dazzling Gleam|p2b: Farigiraf|[spread] p2a,p2b
|-damage|p2a: Raichu|69/100
|-damage|p2b: Farigiraf|79/100
|
|upkeep
|
|t:|1782324478
|switch|p1a: Venusaur|Venusaur, L50, F|100/100
|turn|2
|
|t:|1782324492
|detailschange|p1a: Venusaur|Venusaur-Mega, L50, F
|-mega|p1a: Venusaur|Venusaur|Venusaurite
|move|p2a: Raichu|Zap Cannon|p1b: Alcremie
|-damage|p1b: Alcremie|45/100
|-status|p1b: Alcremie|par
|move|p1a: Venusaur|Sludge Bomb|p2b: Farigiraf
|-damage|p2b: Farigiraf|41/100
|-status|p2b: Farigiraf|psn
|-enditem|p2b: Farigiraf|Sitrus Berry|[eat]
|-heal|p2b: Farigiraf|66/100 psn|[from] item: Sitrus Berry
|cant|p1b: Alcremie|par
|move|p2b: Farigiraf|Roar|p1a: Venusaur
|drag|p1a: Kingambit|Kingambit, L50, F|100/100
|
|-damage|p2b: Farigiraf|54/100 psn|[from] psn
|upkeep
|turn|3
|
|t:|1782324519
|switch|p1a: Venusaur|Venusaur-Mega, L50, F|100/100
|move|p1b: Alcremie|Protect|p1b: Alcremie
|-singleturn|p1b: Alcremie|Protect
|move|p2a: Raichu|Focus Blast|p1a: Venusaur
|-resisted|p1a: Venusaur|1
|-crit|p1a: Venusaur
|-damage|p1a: Venusaur|68/100
|move|p2b: Farigiraf|Psyshock|p1b: Alcremie
|-activate|p1b: Alcremie|move: Protect
|
|-damage|p2b: Farigiraf|41/100 psn|[from] psn
|upkeep
|turn|4
|
|t:|1782324543
|switch|p1a: Kingambit|Kingambit, L50, F|100/100
|move|p2a: Raichu|Protect|p2a: Raichu
|-singleturn|p2a: Raichu|Protect
|move|p2b: Farigiraf|Psyshock|p1a: Kingambit
|-immune|p1a: Kingambit
|cant|p1b: Alcremie|par
|
|-damage|p2b: Farigiraf|29/100 psn|[from] psn
|upkeep
|turn|5
|
|t:|1782324556
|move|p1a: Kingambit|Protect|p1a: Kingambit
|-singleturn|p1a: Kingambit|Protect
|move|p2a: Raichu|Focus Blast|p1a: Kingambit
|-activate|p1a: Kingambit|move: Protect
|move|p1b: Alcremie|Dazzling Gleam|p2a: Raichu|[spread] p2a,p2b
|-damage|p2a: Raichu|35/100
|-damage|p2b: Farigiraf|10/100 psn
|move|p2b: Farigiraf|Roar|p1b: Alcremie
|drag|p1b: Venusaur|Venusaur-Mega, L50, F|68/100
|
|-damage|p2b: Farigiraf|0 fnt|[from] psn
|faint|p2b: Farigiraf
|upkeep
|
|t:|1782324564
|switch|p2b: Basculegion|Basculegion, L50, M|100/100
|turn|6
|
|t:|1782324583
|switch|p2a: Sylveon|Sylveon, L50, M|100/100
|move|p1a: Kingambit|Sucker Punch||[still]
|-fail|p1a: Kingambit
|move|p1b: Venusaur|Giga Drain|p2b: Basculegion
|-supereffective|p2b: Basculegion|1
|-damage|p2b: Basculegion|26/100
|-heal|p1b: Venusaur|100/100|[from] drain|[of] p2b: Basculegion
|move|p2b: Basculegion|Last Respects|p1b: Venusaur
|-damage|p1b: Venusaur|54/100
|
|upkeep
|turn|7
|
|t:|1782324608
|move|p2a: Sylveon|Protect|p2a: Sylveon
|-singleturn|p2a: Sylveon|Protect
|move|p1b: Venusaur|Giga Drain|p2b: Basculegion
|-supereffective|p2b: Basculegion|1
|-damage|p2b: Basculegion|0 fnt
|-heal|p1b: Venusaur|68/100|[from] drain|[of] p2b: Basculegion
|faint|p2b: Basculegion
|move|p1a: Kingambit|Iron Head|p2a: Sylveon
|-activate|p2a: Sylveon|move: Protect
|
|upkeep
|
|t:|1782324611
|switch|p2b: Raichu|Raichu-Mega-Y, L50, F|35/100
|turn|8
|
|t:|1782324629
|move|p1b: Venusaur|Protect|p1b: Venusaur
|-singleturn|p1b: Venusaur|Protect
|move|p1a: Kingambit|Protect|p1a: Kingambit
|-singleturn|p1a: Kingambit|Protect
|move|p2b: Raichu|Fake Out|p1b: Venusaur
|-activate|p1b: Venusaur|move: Protect
|move|p2a: Sylveon|Hyper Voice|p1b: Venusaur|[spread] 
|-activate|p1a: Kingambit|move: Protect
|-activate|p1b: Venusaur|move: Protect
|
|upkeep
|turn|9
|
|t:|1782324640
|move|p2b: Raichu|Protect|p2b: Raichu
|-singleturn|p2b: Raichu|Protect
|move|p1a: Kingambit|Sucker Punch||[still]
|-fail|p1a: Kingambit
|move|p1b: Venusaur|Sludge Bomb|p2a: Sylveon
|-supereffective|p2a: Sylveon|1
|-damage|p2a: Sylveon|40/100
|move|p2a: Sylveon|Hyper Voice|p1a: Kingambit|[spread] p1a,p1b
|-resisted|p1b: Venusaur|1
|-damage|p1a: Kingambit|61/100
|-damage|p1b: Venusaur|49/100
|
|-heal|p1a: Kingambit|67/100|[from] item: Leftovers
|upkeep
|turn|10
|
|t:|1782324654
|move|p2a: Sylveon|Protect|p2a: Sylveon
|-singleturn|p2a: Sylveon|Protect
|move|p1a: Kingambit|Sucker Punch|p2b: Raichu
|-damage|p2b: Raichu|0 fnt
|faint|p2b: Raichu
|move|p1b: Venusaur|Sludge Bomb|p2a: Sylveon
|-activate|p2a: Sylveon|move: Protect
|
|-heal|p1a: Kingambit|73/100|[from] item: Leftovers
|upkeep
|turn|11
|-message|Professor_J93 forfeited.
|
|win|Raichu y fan
||Raichu y fan is ready for game 3.
||Professor_J93 is ready for game 3.
|uhtml|next|Next: Game 3 of 3
