|j|☆Lewis Hamilton Fan
|j|☆Naya314
|html|Lewis Hamilton FanNaya314    
|uhtml|bestof|Game 1 of a best-of-3
|t:|1783190967
|gametype|doubles
|player|p1|Lewis Hamilton Fan|benga|1198
|player|p2|Naya314|candice|1271
|gen|9
|tier|[Gen 9 Champions] VGC 2026 Reg M-B (Bo3)
|rated|
|rule|Species Clause: Limit one of each Pokémon
|rule|Item Clause: Limit 1 of each item
|clearpoke
|poke|p1|Blastoise, L50, F|
|poke|p1|Sinistcha, L50|
|poke|p1|Kingambit, L50, F|
|poke|p1|Sneasler, L50, F|
|poke|p1|Incineroar, L50, M|
|poke|p1|Floette-Eternal, L50, F|
|poke|p2|Scizor, L50, M|
|poke|p2|Charizard, L50, M|
|poke|p2|Garchomp, L50, M|
|poke|p2|Basculegion, L50, M|
|poke|p2|Whimsicott, L50, M|
|poke|p2|Floette-Eternal, L50, F|
|teampreview|4
|showteam|p1|Blastoise||Blastoisinite|Torrent|WaterSpout,Protect,DarkPulse,ShellSmash|Modest||F|||50|]Sinistcha||KasibBerry|Hospitality|MatchaGotcha,RagePowder,Protect,TrickRoom|Bold|||||50|]Kingambit||BlackGlasses|Defiant|SuckerPunch,KowtowCleave,Protect,IronHead|Adamant||F|||50|]Sneasler||WhiteHerb|Unburden|CloseCombat,FakeOut,DireClaw,Protect|Jolly||F|||50|]Incineroar||SitrusBerry|Intimidate|FakeOut,PartingShot,FlareBlitz,ThroatChop|Relaxed||M|||50|]Floette-Eternal||Floettite|FlowerVeil|Protect,DazzlingGleam,Moonblast,CalmMind|Timid||F|||50|
|showteam|p2|Scizor||ExpertBelt|Technician|BugBite,BulletPunch,CloseCombat,Protect|Adamant||M|||50|]Charizard||CharizarditeY|Blaze|HeatWave,SolarBeam,WeatherBall,Protect|Modest||M|||50|]Garchomp||LifeOrb|RoughSkin|Earthquake,DragonClaw,RockSlide,Protect|Jolly||M|||50|]Basculegion||ChoiceScarf|Adaptability|LastRespects,WaveCrash,AquaJet,FlipTurn|Adamant||M|||50|]Whimsicott||FocusSash|Prankster|Moonblast,Tailwind,Encore,Protect|Timid||M|||50|]Floette-Eternal||Floettite|FlowerVeil|DazzlingGleam,EnergyBall,Moonblast,Protect|Modest||F|||50|
|inactive|Battle timer is ON: inactive players will automatically lose when time's up. (requested by Naya314)
|
|t:|1783191002
|teamsize|p1|4
|teamsize|p2|4
|start
|switch|p1a: Blastoise|Blastoise, L50, F|100/100
|switch|p1b: Sneasler|Sneasler, L50, F|100/100
|switch|p2a: Garchomp|Garchomp, L50, M|100/100
|switch|p2b: Charizard|Charizard, L50, M|100/100
|turn|1
|
|t:|1783191015
|detailschange|p2b: Charizard|Charizard-Mega-Y, L50, M
|-mega|p2b: Charizard|Charizard|Charizardite Y
|-weather|SunnyDay|[from] ability: Drought|[of] p2b: Charizard
|detailschange|p1a: Blastoise|Blastoise-Mega, L50, F
|-mega|p1a: Blastoise|Blastoise|Blastoisinite
|move|p1b: Sneasler|Fake Out|p2b: Charizard
|-damage|p2b: Charizard|80/100
|move|p2a: Garchomp|Earthquake|p1b: Sneasler|[spread] p1a,p1b
|-immune|p2b: Charizard
|-supereffective|p1b: Sneasler|1
|-damage|p1a: Blastoise|52/100
|-damage|p1b: Sneasler|0 fnt
|faint|p1b: Sneasler
|-damage|p2a: Garchomp|90/100|[from] item: Life Orb
|cant|p2b: Charizard|flinch
|move|p1a: Blastoise|Shell Smash|p1a: Blastoise
|-unboost|p1a: Blastoise|def|1
|-unboost|p1a: Blastoise|spd|1
|-boost|p1a: Blastoise|atk|2
|-boost|p1a: Blastoise|spa|2
|-boost|p1a: Blastoise|spe|2
|
|-weather|SunnyDay|[upkeep]
|upkeep
|
|t:|1783191023
|switch|p1b: Sinistcha|Sinistcha, L50|100/100
|-heal|p1a: Blastoise|77/100|[from] ability: Hospitality|[of] p1b: Sinistcha
|turn|2
|
|t:|1783191046
|move|p2b: Charizard|Protect|p2b: Charizard
|-singleturn|p2b: Charizard|Protect
|move|p1b: Sinistcha|Rage Powder|p1b: Sinistcha
|-singleturn|p1b: Sinistcha|move: Rage Powder
|move|p1a: Blastoise|Water Spout|p2b: Charizard|[spread] p2a
|-activate|p2b: Charizard|move: Protect
|-damage|p2a: Garchomp|36/100
|move|p2a: Garchomp|Earthquake|p1b: Sinistcha|[spread] p1a,p1b
|-activate|p2b: Charizard|move: Protect
|-resisted|p1b: Sinistcha|1
|-damage|p1a: Blastoise|7/100
|-damage|p1b: Sinistcha|80/100
|-damage|p2a: Garchomp|27/100|[from] item: Life Orb
|
|-weather|SunnyDay|[upkeep]
|upkeep
|turn|3
|inactive|Naya314 has 30 seconds left.
|
|t:|1783191072
|switch|p2b: Whimsicott|Whimsicott, L50, M|100/100
|move|p1a: Blastoise|Dark Pulse|p2b: Whimsicott
|-resisted|p2b: Whimsicott|1
|-damage|p2b: Whimsicott|21/100
|move|p2a: Garchomp|Rock Slide|p1a: Blastoise|[spread] p1b
|-miss|p2a: Garchomp|p1a: Blastoise
|-damage|p1b: Sinistcha|59/100
|-damage|p2a: Garchomp|17/100|[from] item: Life Orb
|move|p1b: Sinistcha|Matcha Gotcha|p2a: Garchomp|[spread] p2b
|-miss|p1b: Sinistcha|p2a: Garchomp
|-resisted|p2b: Whimsicott|1
|-damage|p2b: Whimsicott|2/100
|-heal|p1b: Sinistcha|66/100|[from] drain|[of] p2b: Whimsicott
|
|-weather|SunnyDay|[upkeep]
|upkeep
|turn|4
|
|t:|1783191095
|move|p2b: Whimsicott|Tailwind|p2b: Whimsicott
|-sidestart|p2: Naya314|move: Tailwind
|move|p2a: Garchomp|Rock Slide|p1b: Sinistcha|[spread] p1a,p1b
|-damage|p1a: Blastoise|0 fnt
|-damage|p1b: Sinistcha|44/100
|faint|p1a: Blastoise
|-damage|p2a: Garchomp|7/100|[from] item: Life Orb
|move|p1b: Sinistcha|Matcha Gotcha|p2a: Garchomp|[spread] p2a,p2b
|-resisted|p2b: Whimsicott|1
|-damage|p2a: Garchomp|0 fnt
|-heal|p1b: Sinistcha|48/100|[from] drain|[of] p2a: Garchomp
|-damage|p2b: Whimsicott|0 fnt
|-heal|p1b: Sinistcha|50/100y|[from] drain|[of] p2b: Whimsicott
|faint|p2a: Garchomp
|faint|p2b: Whimsicott
|
|-weather|SunnyDay|[upkeep]
|upkeep
|
|t:|1783191112
|switch|p2b: Basculegion|Basculegion, L50, M|100/100
|switch|p2a: Charizard|Charizard-Mega-Y, L50, M|80/100
|switch|p1a: Kingambit|Kingambit, L50, F|100/100
|turn|5
|inactive|Naya314 has 30 seconds left.
|
|t:|1783191141
|move|p1b: Sinistcha|Protect|p1b: Sinistcha
|-singleturn|p1b: Sinistcha|Protect
|move|p1a: Kingambit|Protect|p1a: Kingambit
|-singleturn|p1a: Kingambit|Protect
|move|p2b: Basculegion|Last Respects|p1b: Sinistcha
|-activate|p1b: Sinistcha|move: Protect
|move|p2a: Charizard|Heat Wave|p1a: Kingambit|[spread] 
|-activate|p1a: Kingambit|move: Protect
|-activate|p1b: Sinistcha|move: Protect
|
|-weather|none
|upkeep
|turn|6
|
|t:|1783191156
|move|p1a: Kingambit|Sucker Punch|p2b: Basculegion
|-supereffective|p2b: Basculegion|1
|-damage|p2b: Basculegion|0 fnt
|faint|p2b: Basculegion
|move|p2a: Charizard|Heat Wave|p1b: Sinistcha|[spread] p1a,p1b
|-supereffective|p1a: Kingambit|1
|-supereffective|p1b: Sinistcha|1
|-damage|p1a: Kingambit|1/100
|-damage|p1b: Sinistcha|0 fnt
|-status|p1a: Kingambit|brn
|faint|p1b: Sinistcha
|
|-damage|p1a: Kingambit|0 fnt|[from] brn
|faint|p1a: Kingambit
|
|win|Naya314
