|j|☆jaime huertas
|j|☆SunshineTufo
|html|jaime huertasSunshineTufo    
|uhtml|bestof|Game 2 of a best-of-3
|t:|1784723480
|gametype|doubles
|player|p1|jaime huertas|ghetsis|1217
|player|p2|SunshineTufo|li|1268
|gen|9
|tier|[Gen 9 Champions] VGC 2026 Reg M-B (Bo3)
|rated|
|rule|Species Clause: Limit one of each Pokémon
|rule|Item Clause: Limit 1 of each item
|clearpoke
|poke|p1|Charizard, L50, F|
|poke|p1|Garchomp, L50, F|
|poke|p1|Incineroar, L50, F|
|poke|p1|Venusaur, L50, M|
|poke|p1|Toxapex, L50, F|
|poke|p1|Sylveon, L50, F|
|poke|p2|Charizard, L50, M, shiny|
|poke|p2|Incineroar, L50, M, shiny|
|poke|p2|Sylveon, L50, M, shiny|
|poke|p2|Aerodactyl, L50, M, shiny|
|poke|p2|Garchomp, L50, M, shiny|
|poke|p2|Farigiraf, L50, M, shiny|
|teampreview|4
|showteam|p1|Charizard||CharizarditeY|SolarPower|WeatherBall,HeatWave,AncientPower,Protect|Modest||F|||50|]Garchomp||ChoiceScarf|RoughSkin|RockSlide,DragonClaw,Earthquake,StompingTantrum|Adamant||F|||50|]Incineroar||SitrusBerry|Intimidate|FlareBlitz,FakeOut,DarkestLariat,PartingShot|Impish||F|||50|]Venusaur||LifeOrb|Chlorophyll|SludgeBomb,LeafStorm,EarthPower,Protect|Modest||M|||50|]Toxapex||Leftovers|Regenerator|Infestation,Toxic,WideGuard,BanefulBunker|Bold||F|||50|]Sylveon||FairyFeather|Pixilate|HyperVoice,QuickAttack,Yawn,Detect|Modest||F|||50|
|showteam|p2|Charizard||CharizarditeY|SolarPower|HeatWave,WeatherBall,SolarBeam,Protect|Modest||M|||50|]Incineroar||Charcoal|Intimidate|FlareBlitz,DarkestLariat,FakeOut,PartingShot|Brave||M|||50|]Sylveon||FairyFeather|Pixilate|HyperVoice,QuickAttack,HyperBeam,Detect|Modest||M|||50|]Aerodactyl||Aerodactylite|Unnerve|WideGuard,RockSlide,DualWingbeat,Tailwind|Jolly||M|||50|]Garchomp||LifeOrb|RoughSkin|Protect,StompingTantrum,DragonClaw,Earthquake|Adamant||M|||50|]Farigiraf||SitrusBerry|ArmorTail|SunnyDay,PsychicFangs,Thunderbolt,TrickRoom|Relaxed||M|||50|
|inactive|Battle timer is ON: inactive players will automatically lose when time's up. (requested by SunshineTufo)
|inactive|jaime huertas has 60 seconds left.
|j| Hideto.S.
|inactive|jaime huertas has 30 seconds left.
|
|t:|1784723544
|teamsize|p1|4
|teamsize|p2|4
|start
|switch|p1a: Toxapex|Toxapex, L50, F|100/100
|switch|p1b: Sylveon|Sylveon, L50, F|100/100
|switch|p2a: Aerodactyl|Aerodactyl, L50, M, shiny|100/100
|switch|p2b: Incineroar|Incineroar, L50, M, shiny|100/100
|-ability|p2a: Aerodactyl|Unnerve
|-ability|p2b: Incineroar|Intimidate|boost
|-unboost|p1a: Toxapex|atk|1
|-unboost|p1b: Sylveon|atk|1
|turn|1
|
|t:|1784723565
|switch|p2a: Sylveon|Sylveon, L50, M, shiny|100/100
|move|p1b: Sylveon|Yawn|p2b: Incineroar
|-start|p2b: Incineroar|move: Yawn|[of] p1b: Sylveon
|move|p2b: Incineroar|Parting Shot|p1b: Sylveon
|-unboost|p1b: Sylveon|atk|1
|-unboost|p1b: Sylveon|spa|1
|
|t:|1784723572
|switch|p2b: Garchomp|Garchomp, L50, M, shiny|100/100|[from] Parting Shot
|move|p1a: Toxapex|Infestation|p2b: Garchomp
|-damage|p2b: Garchomp|96/100
|-activate|p2b: Garchomp|move: Infestation|[of] p1a: Toxapex
|-damage|p1a: Toxapex|87/100|[from] ability: Rough Skin|[of] p2b: Garchomp
|
|-heal|p1a: Toxapex|93/100|[from] item: Leftovers
|-damage|p2b: Garchomp|84/100|[from] move: Infestation|[partiallytrapped]
|upkeep
|turn|2
|l| Hideto.S.
|inactive|jaime huertas has 30 seconds left.
|inactive|jaime huertas has 20 seconds left.
|inactive|jaime huertas has 15 seconds left.
|inactive|jaime huertas has 10 seconds left.
|inactive|jaime huertas has 5 seconds left.
|
|t:|1784723622
|move|p2b: Garchomp|Protect|p2b: Garchomp
|-singleturn|p2b: Garchomp|Protect
|move|p1b: Sylveon|Detect|p1b: Sylveon
|-singleturn|p1b: Sylveon|Protect
|move|p2a: Sylveon|Hyper Beam|p1b: Sylveon
|-activate|p1b: Sylveon|move: Protect
|move|p1a: Toxapex|Toxic|p2a: Sylveon
|-status|p2a: Sylveon|tox
|
|-heal|p1a: Toxapex|99/100|[from] item: Leftovers
|-damage|p2a: Sylveon|94/100 tox|[from] psn
|-damage|p2b: Garchomp|72/100|[from] move: Infestation|[partiallytrapped]
|upkeep
|turn|3
|
|t:|1784723643
|switch|p1b: Charizard|Charizard, L50, F|100/100
|move|p2b: Garchomp|Stomping Tantrum|p1b: Charizard
|-immune|p1b: Charizard
|move|p2a: Sylveon|Hyper Beam|p1b: Charizard
|-resisted|p1b: Charizard|1
|-damage|p1b: Charizard|41/100
|-mustrecharge|p2a: Sylveon
|move|p1a: Toxapex|Toxic|p2b: Garchomp
|-status|p2b: Garchomp|tox
|
|-heal|p1a: Toxapex|100/100|[from] item: Leftovers
|-damage|p2b: Garchomp|66/100 tox|[from] psn
|-damage|p2a: Sylveon|82/100 tox|[from] psn
|-damage|p2b: Garchomp|54/100 tox|[from] move: Infestation|[partiallytrapped]
|upkeep
|turn|4
|inactive|jaime huertas has 30 seconds left.
|inactive|jaime huertas has 20 seconds left.
|
|t:|1784723681
|switch|p1b: Sylveon|Sylveon, L50, F|100/100
|move|p2b: Garchomp|Dragon Claw|p1b: Sylveon
|-immune|p1b: Sylveon
|cant|p2a: Sylveon|recharge
|move|p1a: Toxapex|Infestation|p2a: Sylveon
|-resisted|p2a: Sylveon|1
|-damage|p2a: Sylveon|81/100 tox
|-activate|p2a: Sylveon|move: Infestation|[of] p1a: Toxapex
|
|-damage|p2b: Garchomp|42/100 tox|[from] psn
|-damage|p2a: Sylveon|63/100 tox|[from] psn
|-damage|p2b: Garchomp|30/100 tox|[from] move: Infestation|[partiallytrapped]
|-damage|p2a: Sylveon|51/100 tox|[from] move: Infestation|[partiallytrapped]
|upkeep
|turn|5
|
|t:|1784723703
|move|p1b: Sylveon|Detect|p1b: Sylveon
|-singleturn|p1b: Sylveon|Protect
|move|p1a: Toxapex|Baneful Bunker|p1a: Toxapex
|-singleturn|p1a: Toxapex|move: Protect
|move|p2b: Garchomp|Stomping Tantrum|p1a: Toxapex
|-activate|p1a: Toxapex|move: Protect
|move|p2a: Sylveon|Hyper Voice|p1b: Sylveon|[spread] 
|-activate|p1a: Toxapex|move: Protect
|-activate|p1b: Sylveon|move: Protect
|
|-damage|p2b: Garchomp|12/100 tox|[from] psn
|-damage|p2a: Sylveon|28/100 tox|[from] psn
|-end|p2b: Garchomp|Infestation|[partiallytrapped]
|-damage|p2a: Sylveon|15/100 tox|[from] move: Infestation|[partiallytrapped]
|upkeep
|turn|6
|inactive|jaime huertas has 30 seconds left.
|inactive|jaime huertas has 20 seconds left.
|inactive|jaime huertas has 15 seconds left.
|inactive|jaime huertas has 10 seconds left.
|
|t:|1784723750
|move|p1a: Toxapex|Wide Guard|p1a: Toxapex
|-singleturn|p1a: Toxapex|Wide Guard
|move|p1b: Sylveon|Quick Attack|p2b: Garchomp
|-supereffective|p2b: Garchomp|1
|-damage|p2b: Garchomp|0 fnt
|-damage|p1b: Sylveon|87/100|[from] ability: Rough Skin|[of] p2b: Garchomp
|faint|p2b: Garchomp
|move|p2a: Sylveon|Hyper Beam|p1b: Sylveon
|-damage|p1b: Sylveon|10/100
|-mustrecharge|p2a: Sylveon
|
|-damage|p2a: Sylveon|0 fnt|[from] psn
|faint|p2a: Sylveon
|upkeep
|
|t:|1784723755
|switch|p2b: Aerodactyl|Aerodactyl, L50, M, shiny|100/100
|switch|p2a: Incineroar|Incineroar, L50, M, shiny|100/100
|-ability|p2b: Aerodactyl|Unnerve
|-ability|p2a: Incineroar|Intimidate|boost
|-unboost|p1a: Toxapex|atk|1
|-unboost|p1b: Sylveon|atk|1
|turn|7
|inactive|jaime huertas has 30 seconds left.
|
|t:|1784723787
|detailschange|p2b: Aerodactyl|Aerodactyl-Mega, L50, M, shiny
|-mega|p2b: Aerodactyl|Aerodactyl|Aerodactylite
|move|p2a: Incineroar|Fake Out|p1a: Toxapex
|-damage|p1a: Toxapex|91/100
|move|p2b: Aerodactyl|Rock Slide|p1a: Toxapex|[spread] p1a,p1b
|-damage|p1a: Toxapex|73/100
|-damage|p1b: Sylveon|0 fnt
|faint|p1b: Sylveon
|cant|p1a: Toxapex|flinch
|
|-heal|p1a: Toxapex|79/100|[from] item: Leftovers
|upkeep
|
|t:|1784723807
|switch|p1b: Garchomp|Garchomp, L50, F|100/100
|turn|8
|
|t:|1784723827
|move|p1a: Toxapex|Wide Guard|p1a: Toxapex
|-singleturn|p1a: Toxapex|Wide Guard
|move|p1b: Garchomp|Rock Slide|p2b: Aerodactyl|[spread] p2a,p2b
|-supereffective|p2a: Incineroar|1
|-supereffective|p2b: Aerodactyl|1
|-damage|p2a: Incineroar|63/100
|-damage|p2b: Aerodactyl|57/100
|move|p2b: Aerodactyl|Dual Wingbeat|p1a: Toxapex
|-damage|p1a: Toxapex|63/100
|-damage|p1a: Toxapex|46/100
|-hitcount|p1a: Toxapex|2
|move|p2a: Incineroar|Darkest Lariat|p1a: Toxapex
|-damage|p1a: Toxapex|17/100
|
|-heal|p1a: Toxapex|22/100|[from] item: Leftovers
|upkeep
|turn|9
|
|t:|1784723845
|-heal|p1a: Toxapex|56/100|[from] ability: Regenerator|[silent]
|switch|p1a: Charizard|Charizard, L50, F|41/100
|move|p2b: Aerodactyl|Wide Guard|p2b: Aerodactyl
|-singleturn|p2b: Aerodactyl|Wide Guard
|move|p1b: Garchomp|Rock Slide|p2a: Incineroar|[spread] 
|-activate|p2a: Incineroar|move: Wide Guard
|-activate|p2b: Aerodactyl|move: Wide Guard
|move|p2a: Incineroar|Darkest Lariat|p1b: Garchomp
|-damage|p1b: Garchomp|63/100
|-damage|p2a: Incineroar|50/100g|[from] ability: Rough Skin|[of] p1b: Garchomp
|
|upkeep
|turn|10
|inactive|jaime huertas has 30 seconds left.
|
|t:|1784723870
|switch|p1b: Toxapex|Toxapex, L50, F|56/100
|move|p1a: Charizard|Protect|p1a: Charizard
|-singleturn|p1a: Charizard|Protect
|move|p2b: Aerodactyl|Rock Slide|p1a: Charizard|[spread] p1b
|-activate|p1a: Charizard|move: Protect
|-crit|p1b: Toxapex
|-damage|p1b: Toxapex|28/100
|move|p2a: Incineroar|Darkest Lariat|p1b: Toxapex
|-damage|p1b: Toxapex|3/100
|
|-heal|p1b: Toxapex|8/100|[from] item: Leftovers
|upkeep
|turn|11
|
|t:|1784723892
|-heal|p1b: Toxapex|42/100|[from] ability: Regenerator|[silent]
|switch|p1b: Garchomp|Garchomp, L50, F|63/100
|detailschange|p1a: Charizard|Charizard-Mega-Y, L50, F
|-mega|p1a: Charizard|Charizard|Charizardite Y
|-weather|SunnyDay|[from] ability: Drought|[of] p1a: Charizard
|move|p2b: Aerodactyl|Dual Wingbeat|p1a: Charizard
|-damage|p1a: Charizard|20/100r
|-damage|p1a: Charizard|0 fnt
|faint|p1a: Charizard
|-hitcount|p1: Charizard|2
|move|p2a: Incineroar|Darkest Lariat|p1b: Garchomp
|-damage|p1b: Garchomp|22/100
|-damage|p2a: Incineroar|38/100|[from] ability: Rough Skin|[of] p1b: Garchomp
|
|-weather|SunnyDay|[upkeep]
|upkeep
|
|t:|1784723905
|switch|p1a: Toxapex|Toxapex, L50, F|42/100
|turn|12
|inactive|jaime huertas has 30 seconds left.
|inactive|jaime huertas has 20 seconds left.
|inactive|jaime huertas has 15 seconds left.
|
|t:|1784723947
|move|p1b: Garchomp|Dragon Claw|p2b: Aerodactyl
|-damage|p2b: Aerodactyl|7/100
|move|p2b: Aerodactyl|Dual Wingbeat|p1b: Garchomp
|-damage|p1b: Garchomp|0 fnt
|-damage|p2b: Aerodactyl|0 fnt|[from] ability: Rough Skin|[of] p1b: Garchomp
|faint|p1b: Garchomp
|faint|p2b: Aerodactyl
|-hitcount|p1: Garchomp|1
|move|p2a: Incineroar|Darkest Lariat|p1a: Toxapex
|-damage|p1a: Toxapex|15/100
|move|p1a: Toxapex|Toxic|p2a: Incineroar
|-status|p2a: Incineroar|tox
|
|-weather|SunnyDay|[upkeep]
|-heal|p1a: Toxapex|21/100|[from] item: Leftovers
|-damage|p2a: Incineroar|32/100 tox|[from] psn
|upkeep
|turn|13
|
|t:|1784723959
|move|p1a: Toxapex|Baneful Bunker|p1a: Toxapex
|-singleturn|p1a: Toxapex|move: Protect
|move|p2a: Incineroar|Darkest Lariat|p1a: Toxapex
|-activate|p1a: Toxapex|move: Protect
|
|-weather|SunnyDay|[upkeep]
|-heal|p1a: Toxapex|26/100|[from] item: Leftovers
|-damage|p2a: Incineroar|20/100y tox|[from] psn
|upkeep
|turn|14
|
|t:|1784723971
|move|p1a: Toxapex|Baneful Bunker||[still]
|-fail|p1a: Toxapex
|move|p2a: Incineroar|Flare Blitz|p1a: Toxapex
|-resisted|p1a: Toxapex|1
|-damage|p1a: Toxapex|0 fnt
|faint|p1a: Toxapex
|-damage|p2a: Incineroar|13/100 tox|[from] Recoil
|
|win|SunshineTufo
|raw|jaime huertas's rating: 1217 → 1196(-21 for losing)
|raw|SunshineTufo's rating: 1268 → 1289(+21 for winning)
