|j|☆blum10
|j|☆Cl0cKer
|html|blum10Cl0cKer    
|uhtml|bestof|Game 3 of a best-of-3
|t:|1783991931
|gametype|doubles
|player|p1|blum10|265|1000
|player|p2|Cl0cKer|roxie|1030
|gen|9
|tier|[Gen 9 Champions] VGC 2026 Reg M-B (Bo3)
|rated|
|rule|Species Clause: Limit one of each Pokémon
|rule|Item Clause: Limit 1 of each item
|clearpoke
|poke|p1|Sneasler, L50, M|
|poke|p1|Blastoise, L50, M|
|poke|p1|Kingambit, L50, M|
|poke|p1|Incineroar, L50, M|
|poke|p1|Delphox, L50, F|
|poke|p1|Sinistcha, L50|
|poke|p2|Hatterene, L50, F|
|poke|p2|Farigiraf, L50, F, shiny|
|poke|p2|Torkoal, L50, F|
|poke|p2|Kingambit, L50, M|
|poke|p2|Crabominable, L50, F, shiny|
|poke|p2|Blastoise, L50, M|
|teampreview|4
|showteam|p1|Sneasler||FocusSash|PoisonTouch|PoisonJab,CloseCombat,FakeOut,QuickGuard|Jolly||M|||50|]Blastoise||Blastoisinite|RainDish|DarkPulse,WaterSpout,ShellSmash,Protect|Modest||M|||50|]Kingambit||BlackGlasses|Defiant|KowtowCleave,SuckerPunch,SwordsDance,Protect|Adamant||M|||50|]Incineroar||SitrusBerry|Intimidate|FlareBlitz,HelpingHand,PartingShot,FakeOut|Careful||M|||50|]Delphox||Delphoxite|Blaze|HeatWave,NastyPlot,Psyshock,Protect|Modest||F|||50|]Sinistcha||KasibBerry|Hospitality|MatchaGotcha,RagePowder,TrickRoom,Protect|Bold|||||50|
|showteam|p2|Hatterene||FairyFeather|MagicBounce|DazzlingGleam,MysticalFire,TrickRoom,Psychic|Quiet||F|||50|]Farigiraf||SitrusBerry|ArmorTail|TrickRoom,HyperVoice,HelpingHand,Protect|Quiet||F|||50|]Torkoal||Charcoal|Drought|Eruption,Protect,WeatherBall,HeatWave|Quiet||F|||50|]Kingambit||ChopleBerry|Defiant|SuckerPunch,KowtowCleave,Protect,LowKick|Adamant||M|||50|]Crabominable||Crabominite|IronFist|IceHammer,MachPunch,DrainPunch,Protect|Brave||F|||50|]Blastoise||Blastoisinite|Torrent|WaterSpout,DarkPulse,AuraSphere,IceBeam|Quiet||M|||50|
|inactive|Battle timer is ON: inactive players will automatically lose when time's up. (requested by Cl0cKer)
|
|t:|1783991965
|teamsize|p1|4
|teamsize|p2|4
|start
|switch|p1a: Sneasler|Sneasler, L50, M|100/100
|switch|p1b: Delphox|Delphox, L50, F|100/100
|switch|p2a: Farigiraf|Farigiraf, L50, F, shiny|100/100
|switch|p2b: Hatterene|Hatterene, L50, F|100/100
|turn|1
|inactive|blum10 has 30 seconds left.
|inactive|blum10 has 20 seconds left.
|inactive|blum10 has 15 seconds left.
|
|t:|1783992009
|move|p2a: Farigiraf|Protect|p2a: Farigiraf
|-singleturn|p2a: Farigiraf|Protect
|move|p1a: Sneasler|Poison Jab|p2b: Hatterene
|-supereffective|p2b: Hatterene|1
|-damage|p2b: Hatterene|10/100
|-status|p2b: Hatterene|psn|[from] ability: Poison Touch|[of] p1a: Sneasler
|move|p1b: Delphox|Nasty Plot|p1b: Delphox
|-boost|p1b: Delphox|spa|2
|move|p2b: Hatterene|Trick Room|p2b: Hatterene
|-fieldstart|move: Trick Room|[of] p2b: Hatterene
|
|-damage|p2b: Hatterene|0 fnt|[from] psn
|faint|p2b: Hatterene
|upkeep
|
|t:|1783992021
|switch|p2b: Blastoise|Blastoise, L50, M|100/100
|turn|2
|inactive|blum10 has 30 seconds left.
|inactive|blum10 has 20 seconds left.
|
|t:|1783992057
|switch|p1a: Sinistcha|Sinistcha, L50|100/100
|detailschange|p2b: Blastoise|Blastoise-Mega, L50, M
|-mega|p2b: Blastoise|Blastoise|Blastoisinite
|detailschange|p1b: Delphox|Delphox-Mega, L50, F
|-mega|p1b: Delphox|Delphox|Delphoxite
|move|p2a: Farigiraf|Helping Hand|p2b: Blastoise
|-singleturn|p2b: Blastoise|Helping Hand|[of] p2a: Farigiraf
|move|p1b: Delphox|Protect|p1b: Delphox
|-singleturn|p1b: Delphox|Protect
|move|p2b: Blastoise|Water Spout|p1a: Sinistcha|[spread] p1a
|-activate|p1b: Delphox|move: Protect
|-resisted|p1a: Sinistcha|1
|-damage|p1a: Sinistcha|51/100
|
|upkeep
|turn|3
|inactive|blum10 has 30 seconds left.
|
|t:|1783992091
|switch|p1b: Sneasler|Sneasler, L50, M|100/100
|move|p2a: Farigiraf|Helping Hand|p2b: Blastoise
|-singleturn|p2b: Blastoise|Helping Hand|[of] p2a: Farigiraf
|move|p2b: Blastoise|Water Spout|p1a: Sinistcha|[spread] p1a,p1b
|-resisted|p1a: Sinistcha|1
|-damage|p1a: Sinistcha|3/100
|-enditem|p1b: Sneasler|Focus Sash
|-damage|p1b: Sneasler|1/100
|move|p1a: Sinistcha|Trick Room|p1a: Sinistcha
|-fieldend|move: Trick Room
|
|upkeep
|turn|4
|inactive|blum10 has 30 seconds left.
|inactive|Cl0cKer has 30 seconds left.
|inactive|blum10 has 20 seconds left.
|inactive|blum10 has 15 seconds left.
|inactive|blum10 has 10 seconds left.
|
|t:|1783992137
|move|p1b: Sneasler|Close Combat|p2b: Blastoise
|-damage|p2b: Blastoise|48/100
|-unboost|p1b: Sneasler|def|1
|-unboost|p1b: Sneasler|spd|1
|move|p1a: Sinistcha|Matcha Gotcha|p2b: Blastoise|[spread] p2a,p2b
|-supereffective|p2b: Blastoise|1
|-damage|p2a: Farigiraf|75/100
|-heal|p1a: Sinistcha|18/100|[from] drain|[of] p2a: Farigiraf
|-damage|p2b: Blastoise|9/100
|-heal|p1a: Sinistcha|38/100|[from] drain|[of] p2b: Blastoise
|move|p2b: Blastoise|Ice Beam|p1a: Sinistcha
|-supereffective|p1a: Sinistcha|1
|-damage|p1a: Sinistcha|0 fnt
|faint|p1a: Sinistcha
|move|p2a: Farigiraf|Hyper Voice|p1b: Sneasler
|-damage|p1b: Sneasler|0 fnt
|faint|p1b: Sneasler
|
|upkeep
|
|t:|1783992157
|switch|p1b: Incineroar|Incineroar, L50, M|100/100
|switch|p1a: Delphox|Delphox-Mega, L50, F|100/100
|-ability|p1b: Incineroar|Intimidate|boost
|-unboost|p2a: Farigiraf|atk|1
|-unboost|p2b: Blastoise|atk|1
|turn|5
|
|t:|1783992173
|move|p1b: Incineroar|Helping Hand|p1a: Delphox
|-singleturn|p1a: Delphox|Helping Hand|[of] p1b: Incineroar
|move|p1a: Delphox|Heat Wave|p2b: Blastoise|[spread] p2a,p2b
|-resisted|p2b: Blastoise|1
|-damage|p2a: Farigiraf|24/100
|-damage|p2b: Blastoise|0 fnt
|-enditem|p2a: Farigiraf|Sitrus Berry|[eat]
|-heal|p2a: Farigiraf|49/100|[from] item: Sitrus Berry
|faint|p2b: Blastoise
|move|p2a: Farigiraf|Trick Room|p2a: Farigiraf
|-fieldstart|move: Trick Room|[of] p2a: Farigiraf
|
|upkeep
|
|t:|1783992180
|switch|p2b: Crabominable|Crabominable, L50, F, shiny|100/100
|turn|6
|inactive|blum10 has 30 seconds left.
|
|t:|1783992215
|move|p2a: Farigiraf|Helping Hand|p2b: Crabominable
|-singleturn|p2b: Crabominable|Helping Hand|[of] p2a: Farigiraf
|move|p1a: Delphox|Protect|p1a: Delphox
|-singleturn|p1a: Delphox|Protect
|move|p2b: Crabominable|Ice Hammer|p1a: Delphox
|-activate|p1a: Delphox|move: Protect
|move|p1b: Incineroar|Parting Shot|p2b: Crabominable
|-unboost|p2b: Crabominable|atk|1
|-unboost|p2b: Crabominable|spa|1
|
|upkeep
|turn|7
|
|t:|1783992239
|move|p2a: Farigiraf|Helping Hand|p2b: Crabominable
|-singleturn|p2b: Crabominable|Helping Hand|[of] p2a: Farigiraf
|move|p2b: Crabominable|Ice Hammer|p1a: Delphox
|-resisted|p1a: Delphox|1
|-damage|p1a: Delphox|59/100
|-unboost|p2b: Crabominable|spe|1
|move|p1b: Incineroar|Flare Blitz|p2a: Farigiraf
|-damage|p2a: Farigiraf|9/100
|-damage|p1b: Incineroar|86/100|[from] Recoil
|move|p1a: Delphox|Heat Wave|p2b: Crabominable|[spread] p2a,p2b
|-supereffective|p2b: Crabominable|1
|-damage|p2a: Farigiraf|0 fnt
|-damage|p2b: Crabominable|11/100
|faint|p2a: Farigiraf
|
|upkeep
|turn|8
|
|t:|1783992261
|move|p1a: Delphox|Protect|p1a: Delphox
|-singleturn|p1a: Delphox|Protect
|move|p2b: Crabominable|Drain Punch|p1b: Incineroar
|-supereffective|p1b: Incineroar|1
|-damage|p1b: Incineroar|23/100
|-heal|p2b: Crabominable|42/100|[from] drain|[of] p1b: Incineroar
|-enditem|p1b: Incineroar|Sitrus Berry|[eat]
|-heal|p1b: Incineroar|48/100|[from] item: Sitrus Berry
|move|p1b: Incineroar|Flare Blitz|p2b: Crabominable
|-supereffective|p2b: Crabominable|1
|-damage|p2b: Crabominable|0 fnt
|faint|p2b: Crabominable
|-damage|p1b: Incineroar|34/100|[from] Recoil
|
|win|blum10
|raw|blum10's rating: 1000 → 1043(+43 for winning)
|raw|Cl0cKer's rating: 1030 → 1014(-16 for losing)
