|j|☆Darkan33
|j|☆AN555GEL
|html|Darkan33AN555GEL    
|uhtml|bestof|Game 2 of a best-of-3
|t:|1756397074
|gametype|doubles
|player|p1|Darkan33|veteran|1063
|player|p2|AN555GEL|101|1125
|gen|9
|tier|[Gen 9] VGC 2025 Reg H (Bo3)
|rated|
|rule|Species Clause: Limit one of each Pokémon
|rule|Item Clause: Limit 1 of each item
|clearpoke
|poke|p1|Kingdra, L50, M|
|poke|p1|Pelipper, L50, M|
|poke|p1|Garchomp, L50, M|
|poke|p1|Breloom, L50, M|
|poke|p1|Archaludon, L50, F|
|poke|p1|Grimmsnarl, L50, M|
|poke|p2|Rillaboom, L50, M|
|poke|p2|Sneasler, L50, F|
|poke|p2|Basculegion, L50, M|
|poke|p2|Ninetales-Alola, L50, F|
|poke|p2|Magmar, L50, F|
|poke|p2|Archaludon, L50, F|
|teampreview|4
|showteam|p1|Kingdra||LifeOrb|SwiftSwim|MuddyWater,DracoMeteor,Hurricane,Protect|||M|||50|,,,,,Stellar]Pelipper||CovertCloak|Drizzle|WeatherBall,Hurricane,WideGuard,Tailwind|||M|||50|,,,,,Ghost]Garchomp||LoadedDice|RoughSkin|ScaleShot,Protect,StompingTantrum,Earthquake|||M|||50|,,,,,Steel]Breloom||FocusSash|Technician|MachPunch,BulletSeed,Spore,Protect|||M|||50|,,,,,Steel]Archaludon||AssaultVest|Stamina|BodyPress,FlashCannon,ElectroShot,DragonPulse|||F|||50|,,,,,Grass]Grimmsnarl||LightClay|Prankster|LightScreen,Reflect,SpiritBreak,ThunderWave|||M|||50|,,,,,Ghost
|showteam|p2|Rillaboom||AssaultVest|GrassySurge|WoodHammer,GrassyGlide,FakeOut,HighHorsepower|||M|||50|,,,,,Fire]Sneasler||FocusSash|Unburden|DireClaw,CloseCombat,ThroatChop,Protect|||F|||50|,,,,,Stellar]Basculegion||ChoiceScarf|Adaptability|WaveCrash,LastRespects,AquaJet,FlipTurn|||M|||50|,,,,,Grass]Ninetales-Alola||IciclePlate|SnowWarning|Blizzard,FreezeDry,IcyWind,Protect|||F|||50|,,,,,Ice]Magmar||Eviolite|VitalSpirit|Flamethrower,Taunt,FollowMe,Protect|||F|||50|,,,,,Fairy]Archaludon||PowerHerb|Sturdy|ElectroShot,DragonPulse,Thunderbolt,Protect|||F|||50|,,,,,Electric
|
|t:|1756397102
|teamsize|p1|4
|teamsize|p2|4
|start
|switch|p1a: Archaludon|Archaludon, L50, F|100/100
|switch|p1b: Breloom|Breloom, L50, M, shiny|100/100
|switch|p2a: Rillaboom|Rillaboom, L50, M, shiny|100/100
|switch|p2b: Gooseberry|Basculegion, L50, M, shiny|100/100
|-fieldstart|move: Grassy Terrain|[from] ability: Grassy Surge|[of] p2a: Rillaboom
|turn|1
|
|t:|1756397142
|-terastallize|p1a: Archaludon|Grass
|move|p1b: Breloom|Protect|p1b: Breloom
|-singleturn|p1b: Breloom|Protect
|move|p2a: Rillaboom|Fake Out|p1b: Breloom
|-activate|p1b: Breloom|move: Protect
|move|p2b: Gooseberry|Flip Turn|p1b: Breloom
|-activate|p1b: Breloom|move: Protect
|move|p1a: Archaludon|Electro Shot||[still]
|-prepare|p1a: Archaludon|Electro Shot
|-boost|p1a: Archaludon|spa|1
|
|upkeep
|turn|2
|
|t:|1756397161
|move|p2b: Gooseberry|Flip Turn|p1b: Breloom
|-resisted|p1b: Breloom
|-damage|p1b: Breloom|73/100
|
|t:|1756397165
|switch|p2b: Sneasler|Sneasler, L50, F, shiny|100/100|[from] Flip Turn
|move|p1b: Breloom|Bullet Seed|p2b: Sneasler
|-resisted|p2b: Sneasler
|-damage|p2b: Sneasler|81/100
|-resisted|p2b: Sneasler
|-damage|p2b: Sneasler|62/100
|-resisted|p2b: Sneasler
|-damage|p2b: Sneasler|42/100
|-resisted|p2b: Sneasler
|-damage|p2b: Sneasler|21/100
|-hitcount|p2b: Sneasler|4
|move|p2a: Rillaboom|Wood Hammer|p1b: Breloom
|-resisted|p1b: Breloom
|-damage|p1b: Breloom|13/100
|-damage|p2a: Rillaboom|86/100|[from] Recoil
|move|p1a: Archaludon|Electro Shot|p2b: Sneasler|[from] lockedmove
|-damage|p2b: Sneasler|0 fnt
|faint|p2b: Sneasler
|
|-heal|p1b: Breloom|18/100|[from] Grassy Terrain
|-heal|p2a: Rillaboom|92/100|[from] Grassy Terrain
|upkeep
|
|t:|1756397173
|switch|p2b: Gooseberry|Basculegion, L50, M, shiny|100/100
|turn|3
|
|t:|1756397213
|move|p1b: Breloom|Protect|p1b: Breloom
|-singleturn|p1b: Breloom|Protect
|move|p2b: Gooseberry|Last Respects|p1a: Archaludon
|-damage|p1a: Archaludon|56/100
|-ability|p1a: Archaludon|Stamina|boost
|-boost|p1a: Archaludon|def|1
|move|p2a: Rillaboom|Wood Hammer|p1a: Archaludon
|-resisted|p1a: Archaludon
|-damage|p1a: Archaludon|35/100
|-ability|p1a: Archaludon|Stamina|boost
|-boost|p1a: Archaludon|def|1
|-damage|p2a: Rillaboom|85/100|[from] Recoil
|move|p1a: Archaludon|Dragon Pulse|p2b: Gooseberry
|-damage|p2b: Gooseberry|36/100
|
|-heal|p2b: Gooseberry|42/100|[from] Grassy Terrain
|-heal|p1b: Breloom|24/100|[from] Grassy Terrain
|-heal|p2a: Rillaboom|91/100|[from] Grassy Terrain
|-heal|p1a: Archaludon|41/100|[from] Grassy Terrain
|upkeep
|turn|4
|
|t:|1756397244
|switch|p2b: Ninetales|Ninetales-Alola, L50, F, shiny|100/100
|-weather|Snowscape|[from] ability: Snow Warning|[of] p2b: Ninetales
|move|p1b: Breloom|Bullet Seed|p2b: Ninetales
|-damage|p2b: Ninetales|78/100
|-damage|p2b: Ninetales|55/100
|-hitcount|p2b: Ninetales|2
|move|p2a: Rillaboom|Wood Hammer|p1b: Breloom
|-resisted|p1b: Breloom
|-damage|p1b: Breloom|0 fnt
|faint|p1b: Breloom
|-damage|p2a: Rillaboom|86/100|[from] Recoil
|move|p1a: Archaludon|Dragon Pulse|p2b: Ninetales
|-immune|p2b: Ninetales
|
|-weather|Snowscape|[upkeep]
|-heal|p2b: Ninetales|62/100|[from] Grassy Terrain
|-heal|p2a: Rillaboom|92/100|[from] Grassy Terrain
|-heal|p1a: Archaludon|47/100|[from] Grassy Terrain
|upkeep
|
|t:|1756397264
|switch|p1b: Pelipper|Pelipper, L50, M, shiny|100/100
|-weather|RainDance|[from] ability: Drizzle|[of] p1b: Pelipper
|turn|5
|
|t:|1756397291
|-terastallize|p2b: Ninetales|Ice
|move|p1b: Pelipper|Wide Guard|p1b: Pelipper
|-singleturn|p1b: Pelipper|Wide Guard
|move|p2a: Rillaboom|Grassy Glide|p1b: Pelipper
|-damage|p1b: Pelipper|51/100
|move|p2b: Ninetales|Blizzard|p1b: Pelipper|[spread] 
|-activate|p1a: Archaludon|move: Wide Guard
|-activate|p1b: Pelipper|move: Wide Guard
|move|p1a: Archaludon|Flash Cannon|p2b: Ninetales
|-supereffective|p2b: Ninetales
|-damage|p2b: Ninetales|0 fnt
|faint|p2b: Ninetales
|
|-weather|RainDance|[upkeep]
|-heal|p2a: Rillaboom|98/100|[from] Grassy Terrain
|-heal|p1a: Archaludon|53/100|[from] Grassy Terrain
|-fieldend|move: Grassy Terrain
|upkeep
|
|t:|1756397298
|switch|p2b: Gooseberry|Basculegion, L50, M, shiny|42/100
|turn|6
|inactive|Battle timer is ON: inactive players will automatically lose when time's up. (requested by AN555GEL)
|
|t:|1756397319
|switch|p1b: Grimmsnarl|Grimmsnarl, L50, M|100/100
|move|p2b: Gooseberry|Last Respects|p1a: Archaludon
|-damage|p1a: Archaludon|15/100
|-ability|p1a: Archaludon|Stamina|boost
|-boost|p1a: Archaludon|def|1
|move|p2a: Rillaboom|Grassy Glide|p1b: Grimmsnarl
|-damage|p1b: Grimmsnarl|71/100
|move|p1a: Archaludon|Electro Shot||[still]
|-prepare|p1a: Archaludon|Electro Shot
|-boost|p1a: Archaludon|spa|1
|-anim|p1a: Archaludon|Electro Shot|p2b: Gooseberry
|-supereffective|p2b: Gooseberry
|-damage|p2b: Gooseberry|0 fnt
|faint|p2b: Gooseberry
|
|-weather|RainDance|[upkeep]
|upkeep
|turn|7
|
|t:|1756397338
|move|p2a: Rillaboom|Wood Hammer|p1a: Archaludon
|-resisted|p1a: Archaludon
|-damage|p1a: Archaludon|5/100
|-ability|p1a: Archaludon|Stamina|boost
|-boost|p1a: Archaludon|def|1
|-damage|p2a: Rillaboom|95/100|[from] Recoil
|move|p1a: Archaludon|Dragon Pulse|p2a: Rillaboom
|-damage|p2a: Rillaboom|33/100
|move|p1b: Grimmsnarl|Spirit Break|p2a: Rillaboom
|-damage|p2a: Rillaboom|2/100
|-unboost|p2a: Rillaboom|spa|1
|
|-weather|RainDance|[upkeep]
|upkeep
|turn|8
|-message|AN555GEL forfeited.
|
|win|Darkan33
||AN555GEL is ready for game 3.
|inactive|Darkan33 has 30 seconds to confirm battle start!
