|j|☆trevYAH
|j|☆failandimprove5
|html|trevYAHfailandimprove5    
|uhtml|bestof|Game 1 of a best-of-3
|t:|1784392368
|gametype|doubles
|player|p1|trevYAH|trevor|1376
|player|p2|failandimprove5|102|1459
|gen|9
|tier|[Gen 9 Champions] VGC 2026 Reg M-B (Bo3)
|rated|
|rule|Species Clause: Limit one of each Pokémon
|rule|Item Clause: Limit 1 of each item
|clearpoke
|poke|p1|Incineroar, L50, F|
|poke|p1|Toxapex, L50, F|
|poke|p1|Froslass, L50, F|
|poke|p1|Kingambit, L50, F|
|poke|p1|Garchomp, L50, F|
|poke|p1|Charizard, L50, M|
|poke|p2|Ninetales-Alola, L50, F|
|poke|p2|Glimmora, L50, F|
|poke|p2|Basculegion, L50, M|
|poke|p2|Kingambit, L50, F|
|poke|p2|Kommo-o, L50, M|
|poke|p2|Whimsicott, L50, M|
|teampreview|4
|showteam|p1|Incineroar||SitrusBerry|Intimidate|FlareBlitz,ThroatChop,PartingShot,FakeOut|Careful||F|||50|]Toxapex||Leftovers|Regenerator|Toxic,Infestation,WideGuard,BanefulBunker|Impish||F|||50|]Froslass||Froslassite|CursedBody|Blizzard,ShadowBall,AuroraVeil,Protect|Modest||F|||50|]Kingambit||ChopleBerry|Defiant|KowtowCleave,LowKick,SuckerPunch,Protect|Adamant||F|||50|]Garchomp||LifeOrb|RoughSkin|DragonClaw,Earthquake,RockSlide,Protect|Jolly||F|||50|]Charizard||CharizarditeY|Blaze|HeatWave,WeatherBall,SolarBeam,Protect|Modest||M|||50|
|showteam|p2|Ninetales-Alola||NeverMeltIce|SnowWarning|Blizzard,FreezeDry,HelpingHand,Protect|Timid||F|||50|]Glimmora||Glimmoranite|ToxicDebris|PowerGem,SludgeBomb,EarthPower,SpikyShield|Modest||F|||50|]Basculegion||ChoiceScarf|Adaptability|WaveCrash,LastRespects,AquaJet,FlipTurn|Jolly||M|||50|]Kingambit||BlackGlasses|Defiant|KowtowCleave,LowKick,SuckerPunch,Protect|Adamant||F|||50|]Kommo-o||LifeOrb|Soundproof|ClangingScales,AuraSphere,VacuumWave,Protect|Modest||M|||50|]Whimsicott||FocusSash|Prankster|Moonblast,Tailwind,Encore,Protect|Timid||M|||50|
|inactive|Battle timer is ON: inactive players will automatically lose when time's up. (requested by failandimprove5)
|inactive|trevYAH has 60 seconds left.
|inactive|failandimprove5 has 60 seconds left.
|
|t:|1784392405
|teamsize|p1|4
|teamsize|p2|4
|start
|switch|p1a: Froslass|Froslass, L50, F|100/100
|switch|p1b: Garchomp|Garchomp, L50, F|100/100
|switch|p2a: Kingambit|Kingambit, L50, F|100/100
|switch|p2b: Glimmora|Glimmora, L50, F|100/100
|turn|1
|
|t:|1784392423
|detailschange|p1a: Froslass|Froslass-Mega, L50, F
|-mega|p1a: Froslass|Froslass|Froslassite
|-weather|Snowscape|[from] ability: Snow Warning|[of] p1a: Froslass
|move|p1b: Garchomp|Protect|p1b: Garchomp
|-singleturn|p1b: Garchomp|Protect
|move|p2b: Glimmora|Spiky Shield|p2b: Glimmora
|-singleturn|p2b: Glimmora|move: Protect
|move|p1a: Froslass|Aurora Veil|p1a: Froslass
|-sidestart|p1: trevYAH|move: Aurora Veil
|move|p2a: Kingambit|Kowtow Cleave|p1a: Froslass
|-supereffective|p1a: Froslass|1
|-damage|p1a: Froslass|29/100
|
|-weather|Snowscape|[upkeep]
|upkeep
|turn|2
|
|t:|1784392440
|switch|p2b: Ninetales|Ninetales-Alola, L50, F|100/100
|move|p1a: Froslass|Protect|p1a: Froslass
|-singleturn|p1a: Froslass|Protect
|move|p1b: Garchomp|Earthquake|p2b: Ninetales|[spread] p2a,p2b
|-activate|p1a: Froslass|move: Protect
|-supereffective|p2a: Kingambit|1
|-damage|p2a: Kingambit|18/100
|-damage|p2b: Ninetales|56/100
|-damage|p1b: Garchomp|90/100|[from] item: Life Orb
|move|p2a: Kingambit|Kowtow Cleave|p1b: Garchomp
|-damage|p1b: Garchomp|47/100
|-damage|p2a: Kingambit|6/100|[from] ability: Rough Skin|[of] p1b: Garchomp
|
|-weather|Snowscape|[upkeep]
|upkeep
|turn|3
|
|t:|1784392463
|switch|p1a: Kingambit|Kingambit, L50, F|100/100
|switch|p1b: Incineroar|Incineroar, L50, F|100/100
|-ability|p1b: Incineroar|Intimidate|boost
|-unboost|p2a: Kingambit|atk|1
|-ability|p2a: Kingambit|Defiant|boost
|-boost|p2a: Kingambit|atk|2
|-unboost|p2b: Ninetales|atk|1
|move|p2b: Ninetales|Blizzard|p1b: Incineroar|[spread] p1a,p1b
|-resisted|p1a: Kingambit|1
|-resisted|p1b: Incineroar|1
|-damage|p1a: Kingambit|89/100
|-damage|p1b: Incineroar|91/100
|move|p2a: Kingambit|Kowtow Cleave|p1a: Kingambit
|-resisted|p1a: Kingambit|1
|-damage|p1a: Kingambit|69/100
|
|-weather|Snowscape|[upkeep]
|upkeep
|turn|4
|inactive|failandimprove5 has 30 seconds left.
|
|t:|1784392491
|switch|p2b: Glimmora|Glimmora, L50, F|100/100
|move|p2a: Kingambit|Sucker Punch|p1a: Kingambit
|-resisted|p1a: Kingambit|1
|-damage|p1a: Kingambit|52/100
|move|p1b: Incineroar|Parting Shot|p2b: Glimmora
|-unboost|p2b: Glimmora|atk|1
|-unboost|p2b: Glimmora|spa|1
|
|t:|1784392501
|switch|p1b: Froslass|Froslass-Mega, L50, F|29/100|[from] Parting Shot
|move|p1a: Kingambit|Kowtow Cleave|p2a: Kingambit
|-resisted|p2a: Kingambit|1
|-damage|p2a: Kingambit|0 fnt
|faint|p2a: Kingambit
|
|-weather|Snowscape|[upkeep]
|upkeep
|
|t:|1784392513
|switch|p2a: Ninetales|Ninetales-Alola, L50, F|56/100
|turn|5
|inactive|failandimprove5 has 30 seconds left.
|inactive|failandimprove5 has 20 seconds left.
|inactive|failandimprove5 has 15 seconds left.
|inactive|failandimprove5 has 10 seconds left.
|
|t:|1784392561
|switch|p2a: Basculegion|Basculegion, L50, M|100/100
|detailschange|p2b: Glimmora|Glimmora-Mega, L50, F
|-mega|p2b: Glimmora|Glimmora|Glimmoranite
|move|p1a: Kingambit|Sucker Punch|p2b: Glimmora
|-damage|p2b: Glimmora|61/100
|move|p1b: Froslass|Blizzard|p2b: Glimmora|[spread] p2a,p2b
|-resisted|p2a: Basculegion|1
|-damage|p2a: Basculegion|76/100
|-damage|p2b: Glimmora|10/100
|move|p2b: Glimmora|Power Gem|p1b: Froslass
|-supereffective|p1b: Froslass|1
|-damage|p1b: Froslass|0 fnt
|faint|p1b: Froslass
|
|-weather|none
|-sideend|p1: trevYAH|move: Aurora Veil
|upkeep
|
|t:|1784392576
|switch|p1b: Garchomp|Garchomp, L50, F|47/100
|turn|6
|
|t:|1784392583
|move|p1a: Kingambit|Sucker Punch|p2a: Basculegion
|-supereffective|p2a: Basculegion|1
|-damage|p2a: Basculegion|0 fnt
|faint|p2a: Basculegion
|move|p1b: Garchomp|Rock Slide|p2b: Glimmora
|-damage|p2b: Glimmora|0 fnt
|faint|p2b: Glimmora
|-damage|p1b: Garchomp|37/100|[from] item: Life Orb
|
|upkeep
|-message|failandimprove5 forfeited.
|
|win|trevYAH
