|j|☆SpiringOcean
|j|☆sigueinventando
|html|SpiringOceansigueinventando    
|uhtml|bestof|Game 1 of a best-of-3
|t:|1783618087
|gametype|doubles
|player|p1|SpiringOcean|brycen|1097
|player|p2|sigueinventando|benga|1120
|gen|9
|tier|[Gen 9 Champions] VGC 2026 Reg M-B (Bo3)
|rated|
|rule|Species Clause: Limit one of each Pokémon
|rule|Item Clause: Limit 1 of each item
|clearpoke
|poke|p1|Swampert, L50, M|
|poke|p1|Farigiraf, L50, M|
|poke|p1|Mawile, L50, F, shiny|
|poke|p1|Incineroar, L50, M|
|poke|p1|Pelipper, L50, F|
|poke|p1|Archaludon, L50, F|
|poke|p2|Lycanroc-Dusk, L50, M|
|poke|p2|Scizor, L50, M|
|poke|p2|Froslass, L50, F|
|poke|p2|Hydreigon, L50, F|
|poke|p2|Sneasler, L50, F|
|poke|p2|Scovillain, L50, M|
|teampreview|4
|showteam|p1|Swampert||Swampertite|Damp|WaveCrash,IcePunch,HighHorsepower,Protect|Adamant||M|||50|]Farigiraf||SitrusBerry|ArmorTail|Psychic,Thunder,HelpingHand,TrickRoom|Bold||M|||50|]Mawile||Mawilite|HyperCutter|PlayRough,BrickBreak,SuckerPunch,Protect|Adamant||F|||50|]Incineroar||WhiteHerb|Intimidate|CloseCombat,FakeOut,FlareBlitz,DarkestLariat|Adamant||M|||50|]Pelipper||LifeOrb|Drizzle|Tailwind,WeatherBall,Hurricane,WideGuard|Modest||F|||50|]Archaludon||Leftovers|Stamina|Protect,DragonPulse,ElectroShot,FlashCannon|Modest||F|||50|
|showteam|p2|Lycanroc-Dusk||FocusSash|ToughClaws|Accelerock,RockSlide,CloseCombat,Protect|Jolly||M|||50|]Scizor||LifeOrb|Technician|BulletPunch,AerialAce,SwordsDance,Protect|Adamant||M|||50|]Froslass||Froslassite|CursedBody|Blizzard,ShadowBall,AuroraVeil,Protect|Modest||F|||50|]Hydreigon||ChoiceScarf|Levitate|DarkPulse,Snarl,DracoMeteor,EarthPower|Modest||F|||50|]Sneasler||WhiteHerb|Unburden|FakeOut,DireClaw,CloseCombat,Protect|Adamant||F|||50|]Scovillain||Scovillainite|Moody|Overheat,RagePowder,LeechSeed,Protect|Bold||M|||50|
|c|☆sigueinventando|glhf
|inactive|Battle timer is ON: inactive players will automatically lose when time's up. (requested by SpiringOcean)
|
|t:|1783618140
|teamsize|p1|4
|teamsize|p2|4
|start
|switch|p1a: Archaludon|Archaludon, L50, F|100/100
|switch|p1b: Pelipper|Pelipper, L50, F|100/100
|switch|p2a: Scovillain|Scovillain, L50, M|100/100
|switch|p2b: Hydreigon|Hydreigon, L50, F|100/100
|-weather|RainDance|[from] ability: Drizzle|[of] p1b: Pelipper
|turn|1
|inactive|sigueinventando has 30 seconds left.
|
|t:|1783618174
|switch|p1a: Farigiraf|Farigiraf, L50, M|100/100
|move|p2a: Scovillain|Protect|p2a: Scovillain
|-singleturn|p2a: Scovillain|Protect
|move|p2b: Hydreigon|Earth Power|p1a: Farigiraf
|-damage|p1a: Farigiraf|69/100
|move|p1b: Pelipper|Hurricane|p2a: Scovillain
|-activate|p2a: Scovillain|move: Protect
|
|-weather|RainDance|[upkeep]
|-ability|p2a: Scovillain|Moody|boost
|-boost|p2a: Scovillain|spe|2
|-unboost|p2a: Scovillain|spa|1
|upkeep
|turn|2
|inactive|sigueinventando has 30 seconds left.
|
|t:|1783618207
|switch|p2a: Scizor|Scizor, L50, M|100/100
|move|p2b: Hydreigon|Earth Power|p1a: Farigiraf
|-damage|p1a: Farigiraf|37/100
|-enditem|p1a: Farigiraf|Sitrus Berry|[eat]
|-heal|p1a: Farigiraf|61/100|[from] item: Sitrus Berry
|move|p1b: Pelipper|Hurricane|p2a: Scizor
|-damage|p2a: Scizor|17/100
|-damage|p1b: Pelipper|90/100|[from] item: Life Orb
|move|p1a: Farigiraf|Thunder|p2b: Hydreigon
|-resisted|p2b: Hydreigon|1
|-crit|p2b: Hydreigon
|-damage|p2b: Hydreigon|75/100
|
|-weather|RainDance|[upkeep]
|upkeep
|turn|3
|inactive|SpiringOcean has 30 seconds left.
|
|t:|1783618234
|switch|p2b: Scovillain|Scovillain, L50, M|100/100
|move|p2a: Scizor|Protect|p2a: Scizor
|-singleturn|p2a: Scizor|Protect
|move|p1b: Pelipper|Hurricane|p2b: Scovillain
|-supereffective|p2b: Scovillain|1
|-damage|p2b: Scovillain|0 fnt
|faint|p2b: Scovillain
|-damage|p1b: Pelipper|80/100|[from] item: Life Orb
|move|p1a: Farigiraf|Thunder|p2a: Scizor
|-activate|p2a: Scizor|move: Protect
|
|-weather|RainDance|[upkeep]
|upkeep
|
|t:|1783618243
|switch|p2b: Hydreigon|Hydreigon, L50, F|75/100
|turn|4
|
|t:|1783618264
|switch|p1b: Swampert|Swampert, L50, M|100/100
|move|p2b: Hydreigon|Dark Pulse|p1b: Swampert
|-damage|p1b: Swampert|52/100
|move|p2a: Scizor|Swords Dance|p2a: Scizor
|-boost|p2a: Scizor|atk|2
|move|p1a: Farigiraf|Thunder|p2a: Scizor
|-damage|p2a: Scizor|0 fnt
|faint|p2a: Scizor
|
|-weather|RainDance|[upkeep]
|upkeep
|
|t:|1783618275
|switch|p2a: Sneasler|Sneasler, L50, F|100/100
|turn|5
|
|t:|1783618285
|detailschange|p1b: Swampert|Swampert-Mega, L50, M
|-mega|p1b: Swampert|Swampert|Swampertite
|move|p1b: Swampert|Protect|p1b: Swampert
|-singleturn|p1b: Swampert|Protect
|move|p2b: Hydreigon|Dark Pulse|p1b: Swampert
|-activate|p1b: Swampert|move: Protect
|move|p2a: Sneasler|Close Combat|p1a: Farigiraf
|-damage|p1a: Farigiraf|14/100
|-unboost|p2a: Sneasler|def|1
|-unboost|p2a: Sneasler|spd|1
|-enditem|p2a: Sneasler|White Herb
|-clearnegativeboost|p2a: Sneasler|[silent]
|move|p1a: Farigiraf|Psychic|p2a: Sneasler
|-supereffective|p2a: Sneasler|2
|-damage|p2a: Sneasler|0 fnt
|faint|p2a: Sneasler
|
|-weather|none
|upkeep
|turn|6
|-message|sigueinventando forfeited.
|
|win|SpiringOcean
||sigueinventando is ready for game 2.
||SpiringOcean is ready for game 2.
|uhtml|next|Next: Game 2 of 3
|l|☆SpiringOcean
|player|p1|
