|j|☆GenG Fan
|j|☆pompomgirls123
|html|GenG Fanpompomgirls123    
|uhtml|bestof|Game 2 of a best-of-3
|t:|1756380217
|gametype|doubles
|player|p1|GenG Fan|cynthia-gen4|1096
|player|p2|pompomgirls123|backersf|1040
|gen|9
|tier|[Gen 9] VGC 2025 Reg H (Bo3)
|rated|
|rule|Species Clause: Limit one of each Pokémon
|rule|Item Clause: Limit 1 of each item
|clearpoke
|poke|p1|Torkoal, L50, M|
|poke|p1|Indeedee-F, L50, F|
|poke|p1|Gallade, L50, M|
|poke|p1|Ursaluna, L50, M|
|poke|p1|Hatterene, L50, F|
|poke|p1|Lilligant-Hisui, L50, F|
|poke|p2|Whimsicott, L50, F|
|poke|p2|Amoonguss, L50, M|
|poke|p2|Incineroar, L50, F|
|poke|p2|Rillaboom, L50, F|
|poke|p2|Torkoal, L50, F|
|poke|p2|Venusaur, L50, M|
|teampreview|4
|showteam|p1|Torkoal||Charcoal|Drought|Eruption,WeatherBall,EarthPower,Protect|||M|||50|,,,,,Fire]Indeedee-F||PsychicSeed|PsychicSurge|Psychic,FollowMe,HelpingHand,TrickRoom|||F|||50|,,,,,Grass]Gallade||ClearAmulet|Sharpness|SacredSword,PsychoCut,WideGuard,TrickRoom|||M|||50|,,,,,Grass]Ursaluna||FlameOrb|Guts|Facade,HeadlongRush,Substitute,Protect|||M|||50|,,,,,Ghost]Hatterene||LifeOrb|MagicBounce|ExpandingForce,DazzlingGleam,TrickRoom,Protect|||F|||50|,,,,,Water]Lilligant-Hisui||FocusSash|Chlorophyll|SolarBlade,CloseCombat,SleepPowder,AfterYou|||F|||50|,,,,,Grass
|showteam|p2|Whimsicott||CovertCloak|Prankster|Tailwind,Encore,SunnyDay,Protect|||F|||50|,,,,,Dark]Amoonguss||RockyHelmet|Regenerator|RagePowder,PollenPuff,SludgeBomb,Spore|||M|||50|,,,,,Dark]Incineroar||SafetyGoggles|Intimidate|FakeOut,PartingShot,FlareBlitz,KnockOff|||F|||50|,,,,,Ghost]Rillaboom||AssaultVest|GrassySurge|FakeOut,Uturn,GrassyGlide,WoodHammer|||F|||50|,,,,,Fire]Torkoal||EjectPack|Drought|SolarBeam,HeatWave,Overheat,Protect|||F|||50|,,,,,Grass]Venusaur||BlackSludge|Chlorophyll|SleepPowder,GigaDrain,LeechSeed,SludgeBomb|||M|||50|,,,,,Poison
|inactive|Battle timer is ON: inactive players will automatically lose when time's up. (requested by GenG Fan)
|inactive|pompomgirls123 has 60 seconds left.
|inactive|pompomgirls123 has 30 seconds left.
|inactive|pompomgirls123 has 20 seconds left.
|inactive|pompomgirls123 has 15 seconds left.
|inactive|pompomgirls123 has 10 seconds left.
|
|t:|1756380303
|teamsize|p1|4
|teamsize|p2|4
|start
|switch|p1a: Indeedee|Indeedee-F, L50, F|100/100
|switch|p1b: Hatterene|Hatterene, L50, F|100/100
|switch|p2a: Incineroar|Incineroar, L50, F, shiny|100/100
|switch|p2b: Venusaur|Venusaur, L50, M, shiny|100/100
|-fieldstart|move: Psychic Terrain|[from] ability: Psychic Surge|[of] p1a: Indeedee
|-enditem|p1a: Indeedee|Psychic Seed
|-boost|p1a: Indeedee|spd|1|[from] item: Psychic Seed
|-ability|p2a: Incineroar|Intimidate|boost
|-unboost|p1a: Indeedee|atk|1
|-unboost|p1b: Hatterene|atk|1
|turn|1
|inactive|GenG Fan has 30 seconds left.
|inactive|pompomgirls123 has 30 seconds left.
|
|t:|1756380334
|switch|p2b: Rillaboom|Rillaboom, L50, F, shiny|100/100
|-fieldstart|move: Grassy Terrain|[from] ability: Grassy Surge|[of] p2b: Rillaboom
|move|p1b: Hatterene|Protect|p1b: Hatterene
|-singleturn|p1b: Hatterene|Protect
|move|p2a: Incineroar|Flare Blitz|p1a: Indeedee
|-damage|p1a: Indeedee|42/100
|-damage|p2a: Incineroar|84/100|[from] Recoil
|move|p1a: Indeedee|Trick Room|p1a: Indeedee
|-fieldstart|move: Trick Room|[of] p1a: Indeedee
|
|-heal|p2a: Incineroar|90/100|[from] Grassy Terrain
|-heal|p1a: Indeedee|48/100|[from] Grassy Terrain
|upkeep
|turn|2
|inactive|GenG Fan has 30 seconds left.
|inactive|pompomgirls123 has 30 seconds left.
|inactive|pompomgirls123 has 20 seconds left.
|
|t:|1756380371
|switch|p1b: Torkoal|Torkoal, L50, M|100/100
|-weather|SunnyDay|[from] ability: Drought|[of] p1b: Torkoal
|move|p2b: Rillaboom|Fake Out|p1b: Torkoal
|-damage|p1b: Torkoal|88/100
|move|p1a: Indeedee|Follow Me|p1a: Indeedee
|-singleturn|p1a: Indeedee|move: Follow Me
|move|p2a: Incineroar|Knock Off|p1a: Indeedee
|-supereffective|p1a: Indeedee
|-damage|p1a: Indeedee|0 fnt
|faint|p1a: Indeedee
|
|-weather|SunnyDay|[upkeep]
|-heal|p1b: Torkoal|94/100|[from] Grassy Terrain
|-heal|p2a: Incineroar|96/100|[from] Grassy Terrain
|upkeep
|
|t:|1756380386
|switch|p1a: Ursaluna|Ursaluna, L50, M|100/100
|turn|3
|inactive|GenG Fan has 30 seconds left.
|inactive|pompomgirls123 has 30 seconds left.
|inactive|GenG Fan has 20 seconds left.
|
|t:|1756380421
|switch|p2b: Venusaur|Venusaur, L50, M, shiny|100/100
|-terastallize|p1b: Torkoal|Fire
|move|p1b: Torkoal|Eruption|p2b: Venusaur|[spread] p2a,p2b
|-resisted|p2a: Incineroar
|-supereffective|p2b: Venusaur
|-damage|p2a: Incineroar|41/100
|-damage|p2b: Venusaur|0 fnt
|faint|p2b: Venusaur
|move|p1a: Ursaluna|Headlong Rush|p2a: Incineroar
|-supereffective|p2a: Incineroar
|-damage|p2a: Incineroar|0 fnt
|-unboost|p1a: Ursaluna|def|1
|-unboost|p1a: Ursaluna|spd|1
|faint|p2a: Incineroar
|
|-weather|SunnyDay|[upkeep]
|-heal|p1b: Torkoal|99/100|[from] Grassy Terrain
|-status|p1a: Ursaluna|brn|[from] item: Flame Orb
|upkeep
|
|t:|1756380434
|switch|p2a: Amoonguss|Amoonguss, L50, M, shiny|100/100
|switch|p2b: Rillaboom|Rillaboom, L50, F, shiny|100/100
|turn|4
|
|t:|1756380453
|move|p1b: Torkoal|Protect|p1b: Torkoal
|-singleturn|p1b: Torkoal|Protect
|move|p1a: Ursaluna|Protect|p1a: Ursaluna
|-singleturn|p1a: Ursaluna|Protect
|move|p2b: Rillaboom|Fake Out|p1a: Ursaluna
|-activate|p1a: Ursaluna|move: Protect
|move|p2a: Amoonguss|Spore|p1b: Torkoal
|-activate|p1b: Torkoal|move: Protect
|
|-weather|SunnyDay|[upkeep]
|-heal|p1b: Torkoal|100/100|[from] Grassy Terrain
|-damage|p1a: Ursaluna|95/100 brn|[from] brn
|upkeep
|turn|5
|
|t:|1756380476
|-terastallize|p2a: Amoonguss|Dark
|move|p2a: Amoonguss|Rage Powder|p2a: Amoonguss
|-singleturn|p2a: Amoonguss|move: Rage Powder
|move|p1b: Torkoal|Eruption|p2a: Amoonguss|[spread] p2a,p2b
|-supereffective|p2b: Rillaboom
|-damage|p2a: Amoonguss|0 fnt
|-damage|p2b: Rillaboom|0 fnt
|faint|p2a: Amoonguss
|faint|p2b: Rillaboom
|
|win|GenG Fan
|raw|GenG Fan's rating: 1096 → 1118(+22 for winning)
|raw|pompomgirls123's rating: 1040 → 1027(-13 for losing)
|c|☆GenG Fan|gg
