|j|☆jonen
|j|☆habeebomarali123
|html|jonenhabeebomarali123    
|uhtml|bestof|Game 1 of a best-of-3
|t:|1757691052
|gametype|doubles
|player|p1|jonen|ruinmaniac|1165
|player|p2|habeebomarali123|giovanni|1161
|gen|9
|tier|[Gen 9] VGC 2025 Reg H (Bo3)
|rated|
|rule|Species Clause: Limit one of each Pokémon
|rule|Item Clause: Limit 1 of each item
|clearpoke
|poke|p1|Garchomp, L50, F|
|poke|p1|Weezing-Galar, L50, F|
|poke|p1|Archaludon, L50, F|
|poke|p1|Gholdengo, L50|
|poke|p1|Talonflame, L50, F|
|poke|p1|Annihilape, L50, M|
|poke|p2|Rillaboom, L50, M|
|poke|p2|Volcarona, L50, M|
|poke|p2|Dragonite, L50, M|
|poke|p2|Gastrodon, L50, M|
|poke|p2|Sneasler, L50, M|
|poke|p2|Incineroar, L50, M|
|teampreview|4
|showteam|p1|Garchomp||LifeOrb|RoughSkin|DragonClaw,Earthquake,StompingTantrum,Protect|||F|||50|,,,,,Steel]Weezing-Galar||FocusSash|NeutralizingGas|Protect,SludgeBomb,Taunt,StrangeSteam|||F|||50|,,,,,Flying]Archaludon||PowerHerb|Sturdy|ElectroShot,Thunderbolt,DracoMeteor,Protect|||F|||50|,,,,,Electric]Gholdengo||ChoiceSpecs|GoodasGold|ShadowBall,DazzlingGleam,PowerGem,MakeItRain||||||50|,,,,,Fairy]Talonflame||CovertCloak|GaleWings|Tailwind,DualWingbeat,UpperHand,FlareBlitz|||F|||50|,,,,,Fairy]Annihilape||AssaultVest|Defiant|CloseCombat,RageFist,FinalGambit,IcePunch|||M|||50|,,,,,Grass
|showteam|p2|Rillaboom||AssaultVest|GrassySurge|FakeOut,GrassyGlide,HighHorsepower,WoodHammer|||M|||50|,,,,,Fire]Volcarona||GrassySeed|FlameBody|Protect,QuiverDance,TeraBlast,HeatWave|||M|||50|,,,,,Fairy]Dragonite||LoadedDice|Multiscale|Tailwind,Protect,Haze,ScaleShot|||M|||50|,,,,,Fairy]Gastrodon||Leftovers|StormDrain|Recover,Yawn,IceBeam,EarthPower|||M|||50|,,,,,Grass]Sneasler||FocusSash|Unburden|Protect,DireClaw,CloseCombat,ThroatChop|||M|||50|,,,,,Ghost]Incineroar||SafetyGoggles|Intimidate|KnockOff,FlareBlitz,PartingShot,FakeOut|||M|||50|,,,,,Ghost
|inactive|Battle timer is ON: inactive players will automatically lose when time's up. (requested by jonen)
|inactive|habeebomarali123 has 60 seconds left.
|inactive|habeebomarali123 has 30 seconds left.
|inactive|habeebomarali123 has 20 seconds left.
|inactive|habeebomarali123 has 15 seconds left.
|inactive|habeebomarali123 has 10 seconds left.
|inactive|habeebomarali123 has 5 seconds left.
|
|t:|1757691145
|teamsize|p1|4
|teamsize|p2|4
|start
|switch|p1a: Talonflame|Talonflame, L50, F|100/100
|switch|p1b: Annihilape|Annihilape, L50, M|100/100
|switch|p2a: Rillaboom|Rillaboom, L50, M|100/100
|switch|p2b: Volcarona|Volcarona, L50, M|100/100
|-fieldstart|move: Grassy Terrain|[from] ability: Grassy Surge|[of] p2a: Rillaboom
|-enditem|p2b: Volcarona|Grassy Seed
|-boost|p2b: Volcarona|def|1|[from] item: Grassy Seed
|turn|1
|inactive|habeebomarali123 has 30 seconds left.
|inactive|habeebomarali123 has 20 seconds left.
|
|t:|1757691184
|move|p2b: Volcarona|Protect|p2b: Volcarona
|-singleturn|p2b: Volcarona|Protect
|move|p2a: Rillaboom|Fake Out|p1a: Talonflame
|-damage|p1a: Talonflame|81/100
|move|p1a: Talonflame|Tailwind|p1a: Talonflame
|-sidestart|p1: jonen|move: Tailwind
|move|p1b: Annihilape|Final Gambit|p2b: Volcarona
|-activate|p2b: Volcarona|move: Protect
|
|upkeep
|turn|2
|inactive|jonen has 30 seconds left.
|
|t:|1757691220
|switch|p2b: Gastrodon|Gastrodon, L50, M|100/100
|switch|p2a: Dragonite|Dragonite, L50, M|100/100
|move|p1a: Talonflame|Upper Hand||[still]
|-fail|p1a: Talonflame
|move|p1b: Annihilape|Final Gambit|p2b: Gastrodon
|-damage|p2b: Gastrodon|10/100
|faint|p1b: Annihilape
|
|-heal|p2b: Gastrodon|16/100|[from] Grassy Terrain
|-heal|p2b: Gastrodon|22/100|[from] item: Leftovers
|upkeep
|
|t:|1757691235
|switch|p1b: Gholdengo|Gholdengo, L50|100/100
|turn|3
|
|t:|1757691251
|move|p1a: Talonflame|Flare Blitz|p2a: Dragonite
|-resisted|p2a: Dragonite
|-damage|p2a: Dragonite|88/100
|-damage|p1a: Talonflame|76/100|[from] Recoil
|move|p1b: Gholdengo|Shadow Ball|p2b: Gastrodon
|-damage|p2b: Gastrodon|0 fnt
|faint|p2b: Gastrodon
|move|p2a: Dragonite|Scale Shot|p1a: Talonflame
|-damage|p1a: Talonflame|54/100
|-damage|p1a: Talonflame|34/100
|-damage|p1a: Talonflame|11/100
|-damage|p1a: Talonflame|0 fnt
|faint|p1a: Talonflame
|-hitcount|p1: Talonflame|4
|-unboost|p2a: Dragonite|def|1
|-boost|p2a: Dragonite|spe|1
|
|upkeep
|
|t:|1757691264
|switch|p1a: Garchomp|Garchomp, L50, F, shiny|100/100
|switch|p2b: Volcarona|Volcarona, L50, M|100/100
|turn|4
|
|t:|1757691277
|-terastallize|p1a: Garchomp|Steel
|move|p2a: Dragonite|Protect|p2a: Dragonite
|-singleturn|p2a: Dragonite|Protect
|move|p2b: Volcarona|Protect|p2b: Volcarona
|-singleturn|p2b: Volcarona|Protect
|move|p1a: Garchomp|Dragon Claw|p2a: Dragonite
|-activate|p2a: Dragonite|move: Protect
|move|p1b: Gholdengo|Shadow Ball|p2b: Volcarona
|-activate|p2b: Volcarona|move: Protect
|
|-sideend|p1: jonen|move: Tailwind
|upkeep
|turn|5
|
|t:|1757691298
|-terastallize|p2a: Dragonite|Fairy
|move|p2a: Dragonite|Tailwind|p2a: Dragonite
|-sidestart|p2: habeebomarali123|move: Tailwind
|move|p2b: Volcarona|Heat Wave|p1a: Garchomp|[spread] p1a,p1b
|-supereffective|p1a: Garchomp
|-supereffective|p1b: Gholdengo
|-damage|p1a: Garchomp|3/100
|-damage|p1b: Gholdengo|9/100
|move|p1a: Garchomp|Stomping Tantrum|p2b: Volcarona
|-damage|p2b: Volcarona|37/100
|-damage|p1a: Garchomp|0 fnt|[from] item: Life Orb
|faint|p1a: Garchomp
|move|p1b: Gholdengo|Shadow Ball|p2b: Volcarona
|-damage|p2b: Volcarona|0 fnt
|faint|p2b: Volcarona
|
|-heal|p2a: Dragonite|94/100|[from] Grassy Terrain
|-heal|p1b: Gholdengo|15/100|[from] Grassy Terrain
|-fieldend|move: Grassy Terrain
|upkeep
|
|t:|1757691304
|switch|p2b: Rillaboom|Rillaboom, L50, M|100/100
|-fieldstart|move: Grassy Terrain|[from] ability: Grassy Surge|[of] p2b: Rillaboom
|turn|6
|
|t:|1757691314
|move|p2a: Dragonite|Scale Shot|p1b: Gholdengo
|-resisted|p1b: Gholdengo
|-damage|p1b: Gholdengo|8/100
|-resisted|p1b: Gholdengo
|-damage|p1b: Gholdengo|2/100
|-resisted|p1b: Gholdengo
|-damage|p1b: Gholdengo|0 fnt
|faint|p1b: Gholdengo
|-hitcount|p1: Gholdengo|3
|
|win|habeebomarali123
||habeebomarali123 is ready for game 2.
||jonen is ready for game 2.
|uhtml|next|Next: Game 2 of 3
