|j|☆Megafraudette
|j|☆sbhaga34
|html|Megafraudettesbhaga34    
|uhtml|bestof|Game 1 of a best-of-3
|t:|1784336851
|gametype|doubles
|player|p1|Megafraudette|169|1392
|player|p2|sbhaga34|hugh|1393
|gen|9
|tier|[Gen 9 Champions] VGC 2026 Reg M-B (Bo3)
|rated|
|rule|Species Clause: Limit one of each Pokémon
|rule|Item Clause: Limit 1 of each item
|clearpoke
|poke|p1|Charizard, L50, F|
|poke|p1|Garchomp, L50, F|
|poke|p1|Venusaur, L50, F|
|poke|p1|Grimmsnarl, L50, M|
|poke|p1|Aegislash, L50, M|
|poke|p1|Farigiraf, L50, F|
|poke|p2|Excadrill, L50, F|
|poke|p2|Tyranitar, L50, M|
|poke|p2|Corviknight, L50, F|
|poke|p2|Rotom-Wash, L50|
|poke|p2|Sinistcha, L50|
|poke|p2|Pyroar, L50, M|
|teampreview|4
|showteam|p1|Charizard||CharizarditeY|Blaze|WeatherBall,HeatWave,HelpingHand,Protect|Modest||F|||50|]Garchomp||ChoiceScarf|RoughSkin|Earthquake,RockSlide,DragonClaw,StompingTantrum|Adamant||F|||50|]Venusaur||LifeOrb|Chlorophyll|SludgeBomb,LeafStorm,SleepPowder,Protect|Timid||F|||50|]Grimmsnarl||LightClay|Prankster|Reflect,LightScreen,PartingShot,SpiritBreak|Sassy||M|||50|]Aegislash||FocusSash|StanceChange|Poltergeist,ShadowSneak,CloseCombat,WideGuard|Adamant||M|||50|]Farigiraf||SitrusBerry|ArmorTail|TrickRoom,TwinBeam,Thunderbolt,Protect|Calm||F|||50|
|showteam|p2|Excadrill||FocusSash|SandRush|Earthquake,IronHead,SwordsDance,Protect|Adamant||F|||50|]Tyranitar||Tyranitarite|SandStream|RockSlide,KnockOff,LowKick,Protect|Adamant||M|||50|]Corviknight||SharpBeak|MirrorArmor|BraveBird,Tailwind,BulkUp,Roost|Careful||F|||50|]Rotom-Wash||ChoiceScarf|Levitate|VoltSwitch,Thunderbolt,Electroweb,HydroPump|Timid|||||50|]Sinistcha||SitrusBerry|Hospitality|MatchaGotcha,TrickRoom,RagePowder,Protect|Calm|||||50|]Pyroar||Pyroarite|Unnerve|Overheat,HeatWave,Flamethrower,Protect|Timid||M|||50|
|
|t:|1784336901
|teamsize|p1|4
|teamsize|p2|4
|start
|switch|p1a: Charizard|Charizard, L50, F|100/100
|switch|p1b: Venusaur|Venusaur, L50, F|100/100
|switch|p2a: Rotom|Rotom-Wash, L50|100/100
|switch|p2b: Pyroar|Pyroar, L50, M|100/100
|-ability|p2b: Pyroar|Unnerve
|turn|1
|
|t:|1784336926
|detailschange|p2b: Pyroar|Pyroar-Mega, L50, M
|-mega|p2b: Pyroar|Pyroar|Pyroarite
|move|p1b: Venusaur|Protect|p1b: Venusaur
|-singleturn|p1b: Venusaur|Protect
|move|p1a: Charizard|Protect|p1a: Charizard
|-singleturn|p1a: Charizard|Protect
|move|p2a: Rotom|Electroweb|p1b: Venusaur|[spread] 
|-activate|p1a: Charizard|move: Protect
|-activate|p1b: Venusaur|move: Protect
|move|p2b: Pyroar|Heat Wave|p1a: Charizard|[spread] 
|-activate|p1a: Charizard|move: Protect
|-activate|p1b: Venusaur|move: Protect
|
|upkeep
|turn|2
|
|t:|1784336932
|detailschange|p1a: Charizard|Charizard-Mega-Y, L50, F
|-mega|p1a: Charizard|Charizard|Charizardite Y
|-weather|SunnyDay|[from] ability: Drought|[of] p1a: Charizard
|move|p1b: Venusaur|Leaf Storm|p2a: Rotom
|-supereffective|p2a: Rotom|1
|-damage|p2a: Rotom|0 fnt
|-unboost|p1b: Venusaur|spa|2
|faint|p2a: Rotom
|-damage|p1b: Venusaur|90/100|[from] item: Life Orb
|move|p2b: Pyroar|Heat Wave|p1a: Charizard|[spread] p1a,p1b
|-resisted|p1a: Charizard|1
|-supereffective|p1b: Venusaur|1
|-damage|p1a: Charizard|64/100
|-damage|p1b: Venusaur|0 fnt
|faint|p1b: Venusaur
|move|p1a: Charizard|Weather Ball|p2b: Pyroar
|-resisted|p2b: Pyroar|1
|-damage|p2b: Pyroar|52/100
|
|-weather|SunnyDay|[upkeep]
|upkeep
|
|t:|1784336957
|switch|p1b: Garchomp|Garchomp, L50, F|100/100
|switch|p2a: Tyranitar|Tyranitar, L50, M|100/100
|-weather|Sandstorm|[from] ability: Sand Stream|[of] p2a: Tyranitar
|turn|3
|
|t:|1784336969
|switch|p2a: Corviknight|Corviknight, L50, F|100/100
|move|p2b: Pyroar|Protect|p2b: Pyroar
|-singleturn|p2b: Pyroar|Protect
|move|p1a: Charizard|Protect|p1a: Charizard
|-singleturn|p1a: Charizard|Protect
|move|p1b: Garchomp|Earthquake|p2b: Pyroar|[spread] 
|-activate|p1a: Charizard|move: Protect
|-activate|p2b: Pyroar|move: Protect
|-immune|p2a: Corviknight
|
|-weather|Sandstorm|[upkeep]
|-damage|p2b: Pyroar|46/100|[from] Sandstorm
|-damage|p1a: Charizard|59/100|[from] Sandstorm
|upkeep
|turn|4
|
|t:|1784336993
|switch|p2b: Tyranitar|Tyranitar, L50, M|100/100
|move|p1b: Garchomp|Earthquake|p2a: Corviknight|[spread] p2b
|-immune|p1a: Charizard
|-immune|p2a: Corviknight
|-supereffective|p2b: Tyranitar|1
|-damage|p2b: Tyranitar|38/100
|move|p1a: Charizard|Heat Wave|p2a: Corviknight|[spread] p2a,p2b
|-supereffective|p2a: Corviknight|1
|-resisted|p2b: Tyranitar|1
|-damage|p2a: Corviknight|27/100
|-damage|p2b: Tyranitar|25/100
|move|p2a: Corviknight|Tailwind|p2a: Corviknight
|-sidestart|p2: sbhaga34|move: Tailwind
|
|-weather|Sandstorm|[upkeep]
|-damage|p1a: Charizard|53/100|[from] Sandstorm
|upkeep
|turn|5
|
|t:|1784337013
|move|p1b: Garchomp|Earthquake|p2a: Corviknight|[spread] p2b
|-immune|p1a: Charizard
|-immune|p2a: Corviknight
|-supereffective|p2b: Tyranitar|1
|-damage|p2b: Tyranitar|0 fnt
|faint|p2b: Tyranitar
|move|p2a: Corviknight|Brave Bird|p1b: Garchomp
|-damage|p1b: Garchomp|53/100
|-damage|p2a: Corviknight|14/100|[from] ability: Rough Skin|[of] p1b: Garchomp
|-damage|p2a: Corviknight|0 fnt|[from] Recoil
|faint|p2a: Corviknight
|move|p1a: Charizard|Heat Wave|p2: Corviknight|[notarget]
|-fail|p1a: Charizard
|
|-weather|Sandstorm|[upkeep]
|-damage|p1a: Charizard|47/100|[from] Sandstorm
|upkeep
|-message|sbhaga34 forfeited.
|
|win|Megafraudette
