|j|☆matrod
|j|☆fsucia
|html|matrodfsucia    
|uhtml|bestof|Game 3 of a best-of-3
|t:|1756228211
|gametype|doubles
|player|p1|matrod|steven|1312
|player|p2|fsucia|266|1362
|gen|9
|tier|[Gen 9] VGC 2025 Reg H (Bo3)
|rated|
|rule|Species Clause: Limit one of each Pokémon
|rule|Item Clause: Limit 1 of each item
|clearpoke
|poke|p1|Incineroar, L50, M|
|poke|p1|Amoonguss, L50, M|
|poke|p1|Pelipper, L50, F|
|poke|p1|Archaludon, L50, F|
|poke|p1|Gholdengo, L50|
|poke|p1|Palafin, L50, F|
|poke|p2|Primarina, L50, M|
|poke|p2|Sneasler, L50, F|
|poke|p2|Incineroar, L50, M|
|poke|p2|Dragonite, L50, M|
|poke|p2|Amoonguss, L50, M|
|poke|p2|Gholdengo, L50|
|teampreview|4
|showteam|p1|Incineroar||SafetyGoggles|Intimidate|KnockOff,FakeOut,FlareBlitz,Uturn|||M|||50|,,,,,Water]Amoonguss||SitrusBerry|Regenerator|Spore,Protect,RagePowder,PollenPuff|||M|||50|,,,,,Psychic]Pelipper||FocusSash|Drizzle|MuddyWater,Hurricane,Tailwind,Protect|||F|||50|,,,,,Ground]Archaludon||AssaultVest|Stamina|ElectroShot,DracoMeteor,FlashCannon,BodyPress|||F|||50|,,,,,Bug]Gholdengo||LifeOrb|GoodasGold|MakeItRain,ShadowBall,NastyPlot,Protect||||||50|,,,,,Water]Palafin||MysticWater|ZerotoHero|WaveCrash,JetPunch,Haze,Protect|||F|||50|,,,,,Water
|showteam|p2|Primarina||ThroatSpray|LiquidVoice|HyperVoice,Haze,Moonblast,Protect|||M|||50|,,,,,Electric]Sneasler||FocusSash|Unburden|Protect,CloseCombat,DireClaw,Coaching|||F|||50|,,,,,Ghost]Incineroar||SafetyGoggles|Intimidate|FakeOut,KnockOff,FlareBlitz,PartingShot|||M|||50|,,,,,Water]Dragonite||LoadedDice|Multiscale|Protect,Tailwind,ExtremeSpeed,ScaleShot|||M|||50|,,,,,Steel]Amoonguss||SitrusBerry|Regenerator|RagePowder,Spore,PollenPuff,Protect|||M|||50|,,,,,Water]Gholdengo||LifeOrb|GoodasGold|Protect,NastyPlot,ShadowBall,MakeItRain||||||50|,,,,,Water
|inactive|Battle timer is ON: inactive players will automatically lose when time's up. (requested by matrod)
|inactive|matrod has 60 seconds left.
|inactive|matrod has 30 seconds left.
|inactive|matrod has 20 seconds left.
|inactive|matrod has 15 seconds left.
|inactive|matrod has 10 seconds left.
|inactive|matrod has 5 seconds left.
|
|t:|1756228299
|teamsize|p1|4
|teamsize|p2|4
|start
|switch|p1a: Gholdengo|Gholdengo, L50|100/100
|switch|p1b: Incineroar|Incineroar, L50, M|100/100
|switch|p2a: Dragonite|Dragonite, L50, M|100/100
|switch|p2b: Incineroar|Incineroar, L50, M, shiny|100/100
|-ability|p2b: Incineroar|Intimidate|boost
|-unboost|p1a: Gholdengo|atk|1
|-unboost|p1b: Incineroar|atk|1
|-ability|p1b: Incineroar|Intimidate|boost
|-unboost|p2a: Dragonite|atk|1
|-unboost|p2b: Incineroar|atk|1
|turn|1
|inactive|fsucia has 30 seconds left.
|
|t:|1756228327
|switch|p2a: Gholdengo|Gholdengo, L50|100/100
|move|p1b: Incineroar|Fake Out|p2b: Incineroar
|-damage|p2b: Incineroar|95/100
|move|p1a: Gholdengo|Nasty Plot|p1a: Gholdengo
|-boost|p1a: Gholdengo|spa|2
|cant|p2b: Incineroar|flinch
|
|upkeep
|turn|2
|inactive|matrod has 30 seconds left.
|inactive|matrod has 20 seconds left.
|
|t:|1756228362
|-terastallize|p2a: Gholdengo|Water
|-terastallize|p1a: Gholdengo|Water
|move|p2a: Gholdengo|Shadow Ball|p1a: Gholdengo
|-damage|p1a: Gholdengo|54/100
|-unboost|p1a: Gholdengo|spd|1
|-damage|p2a: Gholdengo|90/100|[from] item: Life Orb
|move|p1a: Gholdengo|Shadow Ball|p2a: Gholdengo
|-damage|p2a: Gholdengo|0 fnt
|faint|p2a: Gholdengo
|-damage|p1a: Gholdengo|44/100|[from] item: Life Orb
|move|p2b: Incineroar|Knock Off|p1a: Gholdengo
|-damage|p1a: Gholdengo|20/100
|-enditem|p1a: Gholdengo|Life Orb|[from] move: Knock Off|[of] p2b: Incineroar
|move|p1b: Incineroar|U-turn|p2b: Incineroar
|-damage|p2b: Incineroar|85/100
|inactive|matrod has 30 seconds left.
|inactive|matrod has 20 seconds left.
|inactive|matrod has 15 seconds left.
|
|t:|1756228403
|switch|p1b: Palafin|Palafin, L50, F|100/100|[from] U-turn
|
|upkeep
|
|t:|1756228412
|switch|p2a: Dragonite|Dragonite, L50, M|100/100
|turn|3
|
|t:|1756228429
|switch|p1a: Incineroar|Incineroar, L50, M|100/100
|-ability|p1a: Incineroar|Intimidate|boost
|-unboost|p2a: Dragonite|atk|1
|-unboost|p2b: Incineroar|atk|1
|switch|p2b: Amoonguss|Amoonguss, L50, M|100/100
|move|p1b: Palafin|Wave Crash|p2b: Amoonguss
|-resisted|p2b: Amoonguss
|-damage|p2b: Amoonguss|81/100
|-damage|p1b: Palafin|93/100|[from] Recoil
|move|p2a: Dragonite|Scale Shot|p1b: Palafin
|-damage|p1b: Palafin|78/100
|-damage|p1b: Palafin|66/100
|-crit|p1b: Palafin
|-damage|p1b: Palafin|33/100
|-damage|p1b: Palafin|21/100
|-crit|p1b: Palafin
|-damage|p1b: Palafin|0 fnt
|faint|p1b: Palafin
|-hitcount|p1: Palafin|5
|-unboost|p2a: Dragonite|def|1
|-boost|p2a: Dragonite|spe|1
|
|upkeep
|
|t:|1756228447
|switch|p1b: Amoonguss|Amoonguss, L50, M, shiny|100/100
|turn|4
|
|t:|1756228458
|switch|p2b: Incineroar|Incineroar, L50, M, shiny|85/100
|-ability|p2b: Incineroar|Intimidate|boost
|-unboost|p1a: Incineroar|atk|1
|-unboost|p1b: Amoonguss|atk|1
|move|p2a: Dragonite|Protect|p2a: Dragonite
|-singleturn|p2a: Dragonite|Protect
|move|p1a: Incineroar|U-turn|p2a: Dragonite
|-activate|p2a: Dragonite|move: Protect
|move|p1b: Amoonguss|Pollen Puff|p1a: Incineroar
|
|upkeep
|turn|5
|inactive|fsucia has 30 seconds left.
|
|t:|1756228488
|switch|p2a: Amoonguss|Amoonguss, L50, M|100/100
|move|p2b: Incineroar|Flare Blitz|p1b: Amoonguss
|-supereffective|p1b: Amoonguss
|-damage|p1b: Amoonguss|0 fnt
|faint|p1b: Amoonguss
|-damage|p2b: Incineroar|49/100|[from] Recoil
|move|p1a: Incineroar|Knock Off|p2a: Amoonguss
|-damage|p2a: Amoonguss|81/100
|-enditem|p2a: Amoonguss|Sitrus Berry|[from] move: Knock Off|[of] p1a: Incineroar
|
|upkeep
|
|t:|1756228493
|switch|p1b: Gholdengo|Gholdengo, L50, tera:Water|20/100
|turn|6
|
|t:|1756228506
|move|p2a: Amoonguss|Protect|p2a: Amoonguss
|-singleturn|p2a: Amoonguss|Protect
|move|p1b: Gholdengo|Make It Rain|p2b: Incineroar|[spread] p2b
|-activate|p2a: Amoonguss|move: Protect
|-resisted|p2b: Incineroar
|-damage|p2b: Incineroar|30/100
|-unboost|p1b: Gholdengo|spa|1
|move|p2b: Incineroar|Parting Shot|p1a: Incineroar
|-unboost|p1a: Incineroar|atk|1
|-unboost|p1a: Incineroar|spa|1
|
|t:|1756228513
|switch|p2b: Dragonite|Dragonite, L50, M|100/100|[from] Parting Shot
|move|p1a: Incineroar|Knock Off|p2b: Dragonite
|-damage|p2b: Dragonite|91/100
|-enditem|p2b: Dragonite|Loaded Dice|[from] move: Knock Off|[of] p1a: Incineroar
|
|upkeep
|turn|7
|
|t:|1756228521
|switch|p2a: Incineroar|Incineroar, L50, M, shiny|30/100
|-ability|p2a: Incineroar|Intimidate|boost
|-unboost|p1a: Incineroar|atk|1
|-unboost|p1b: Gholdengo|atk|1
|move|p2b: Dragonite|Extreme Speed|p1b: Gholdengo
|-damage|p1b: Gholdengo|0 fnt
|faint|p1b: Gholdengo
|move|p1a: Incineroar|Flare Blitz|p2a: Incineroar
|-resisted|p2a: Incineroar
|-damage|p2a: Incineroar|23/100
|-damage|p1a: Incineroar|98/100|[from] Recoil
|
|upkeep
|turn|8
|
|t:|1756228534
|move|p2a: Incineroar|Fake Out|p1a: Incineroar
|-damage|p1a: Incineroar|90/100
|move|p2b: Dragonite|Extreme Speed|p1a: Incineroar
|-damage|p1a: Incineroar|65/100
|cant|p1a: Incineroar|flinch
|
|upkeep
|turn|9
|
|t:|1756228541
|move|p2b: Dragonite|Extreme Speed|p1a: Incineroar
|-damage|p1a: Incineroar|41/100
|move|p2a: Incineroar|Parting Shot|p1a: Incineroar
|-unboost|p1a: Incineroar|atk|1
|-unboost|p1a: Incineroar|spa|1
|
|t:|1756228544
|switch|p2a: Amoonguss|Amoonguss, L50, M|100/100|[from] Parting Shot
|move|p1a: Incineroar|Knock Off|p2b: Dragonite
|-damage|p2b: Dragonite|80/100
|
|upkeep
|turn|10
|
|t:|1756228549
|move|p2b: Dragonite|Extreme Speed|p1a: Incineroar
|-damage|p1a: Incineroar|18/100
|move|p1a: Incineroar|Flare Blitz|p2a: Amoonguss
|-supereffective|p2a: Amoonguss
|-damage|p2a: Amoonguss|72/100
|-damage|p1a: Incineroar|8/100|[from] Recoil
|move|p2a: Amoonguss|Pollen Puff|p2b: Dragonite
|-heal|p2b: Dragonite|100/100
|
|upkeep
|turn|11
|
|t:|1756228558
|switch|p2a: Incineroar|Incineroar, L50, M, shiny|23/100
|-ability|p2a: Incineroar|Intimidate|boost
|-unboost|p1a: Incineroar|atk|1
|move|p2b: Dragonite|Extreme Speed|p1a: Incineroar
|-damage|p1a: Incineroar|0 fnt
|faint|p1a: Incineroar
|
|win|fsucia
|raw|matrod's rating: 1312 → 1295(-17 for losing)
|raw|fsucia's rating: 1362 → 1379(+17 for winning)
