|j|☆Yukihiro_SnM
|j|☆Professor_J93
|html|Yukihiro_SnMProfessor_J93    
|uhtml|bestof|Game 1 of a best-of-3
|t:|1782327902
|gametype|doubles
|player|p1|Yukihiro_SnM|cynthia|
|player|p2|Professor_J93|n|
|gen|9
|tier|[Gen 9 Champions] VGC 2026 Reg M-B (Bo3)
|rule|Species Clause: Limit one of each Pokémon
|rule|Item Clause: Limit 1 of each item
|clearpoke
|poke|p1|Raichu, L50, M|
|poke|p1|Staraptor, L50, F|
|poke|p1|Sinistcha, L50|
|poke|p1|Ceruledge, L50, M|
|poke|p1|Milotic, L50, F|
|poke|p1|Incineroar, L50, F|
|poke|p2|Raichu, L50, M|
|poke|p2|Vivillon-Ocean, L50, M|
|poke|p2|Infernape, L50, F|
|poke|p2|Sylveon, L50, M|
|poke|p2|Basculegion, L50, M|
|poke|p2|Farigiraf, L50, M|
|teampreview|4
|showteam|p1|Raichu||RaichuniteY|LightningRod|ZapCannon,FocusBlast,FakeOut,Protect|Timid||M|||50|]Staraptor||Staraptite|Intimidate|CloseCombat,BraveBird,Roost,Protect|Adamant||F|||50|]Sinistcha||KasibBerry|Hospitality|MatchaGotcha,LifeDew,RagePowder,Protect|Relaxed|||||50|]Ceruledge||ColburBerry|FlashFire|BitterBlade,ShadowSneak,BulkUp,Protect|Adamant||M|||50|]Milotic||Leftovers|Competitive|MuddyWater,Coil,Hypnosis,Protect|Calm||F|||50|]Incineroar||SitrusBerry|Intimidate|FlareBlitz,ThroatChop,FakeOut,PartingShot|Impish||F|||50|
|showteam|p2|Raichu||RaichuniteY|LightningRod|ZapCannon,FocusBlast,FakeOut,Protect|Modest||M|||50|]Vivillon-Ocean||FocusSash|CompoundEyes|Hurricane,Tailwind,SleepPowder,Protect|Timid||M|||50|]Infernape||Charcoal|Blaze|Overheat,FakeOut,Encore,Protect|Timid||F|||50|]Sylveon||FairyFeather|Pixilate|HyperVoice,HyperBeam,QuickAttack,Protect|Modest||M|||50|]Basculegion||MysticWater|Adaptability|WaveCrash,AquaJet,LastRespects,Protect|Jolly||M|||50|]Farigiraf||SitrusBerry|ArmorTail|Psyshock,Roar,TrickRoom,HelpingHand|Relaxed||M|||50|
|c|☆Professor_J93|glhf
|c|☆Yukihiro_SnM|glhf
|
|t:|1782327973
|teamsize|p1|4
|teamsize|p2|4
|start
|switch|p1a: Ceruledge|Ceruledge, L50, M|100/100
|switch|p1b: Raichu|Raichu, L50, M|100/100
|switch|p2a: Infernape|Infernape, L50, F|100/100
|switch|p2b: Sylveon|Sylveon, L50, M|100/100
|turn|1
|
|t:|1782327993
|switch|p1b: Incineroar|Incineroar, L50, F|100/100
|-ability|p1b: Incineroar|Intimidate|boost
|-unboost|p2a: Infernape|atk|1
|-unboost|p2b: Sylveon|atk|1
|move|p2a: Infernape|Protect|p2a: Infernape
|-singleturn|p2a: Infernape|Protect
|move|p1a: Ceruledge|Bulk Up|p1a: Ceruledge
|-boost|p1a: Ceruledge|atk|1
|-boost|p1a: Ceruledge|def|1
|move|p2b: Sylveon|Hyper Voice|p1a: Ceruledge|[spread] p1a,p1b
|-resisted|p1a: Ceruledge|1
|-damage|p1a: Ceruledge|78/100
|-damage|p1b: Incineroar|59/100
|
|upkeep
|turn|2
|
|t:|1782328009
|move|p1b: Incineroar|Fake Out|p2a: Infernape
|-damage|p2a: Infernape|85/100
|cant|p2a: Infernape|flinch
|move|p1a: Ceruledge|Bitter Blade|p2b: Sylveon
|-damage|p2b: Sylveon|21/100
|-heal|p1a: Ceruledge|100/100|[from] drain|[of] p2b: Sylveon
|move|p2b: Sylveon|Hyper Voice|p1a: Ceruledge|[spread] p1a,p1b
|-resisted|p1a: Ceruledge|1
|-damage|p1a: Ceruledge|76/100
|-damage|p1b: Incineroar|16/100
|-enditem|p1b: Incineroar|Sitrus Berry|[eat]
|-heal|p1b: Incineroar|41/100|[from] item: Sitrus Berry
|
|upkeep
|turn|3
|
|t:|1782328033
|switch|p1b: Sinistcha|Sinistcha, L50|100/100
|-heal|p1a: Ceruledge|100/100|[from] ability: Hospitality|[of] p1b: Sinistcha
|move|p2a: Infernape|Protect|p2a: Infernape
|-singleturn|p2a: Infernape|Protect
|move|p1a: Ceruledge|Bitter Blade|p2b: Sylveon
|-damage|p2b: Sylveon|0 fnt
|faint|p2b: Sylveon
|
|upkeep
|
|t:|1782328040
|switch|p2b: Vivillon|Vivillon-Ocean, L50, M|100/100
|turn|4
|
|t:|1782328048
|move|p1b: Sinistcha|Rage Powder|p1b: Sinistcha
|-singleturn|p1b: Sinistcha|move: Rage Powder
|move|p2a: Infernape|Overheat|p1b: Sinistcha
|-supereffective|p1b: Sinistcha|1
|-damage|p1b: Sinistcha|0 fnt
|-unboost|p2a: Infernape|spa|2
|faint|p1b: Sinistcha
|move|p2b: Vivillon|Sleep Powder|p1a: Ceruledge
|-status|p1a: Ceruledge|slp|[from] move: Sleep Powder
|cant|p1a: Ceruledge|slp
|
|upkeep
|
|t:|1782328060
|switch|p1b: Incineroar|Incineroar, L50, F|41/100
|-ability|p1b: Incineroar|Intimidate|boost
|-unboost|p2a: Infernape|atk|1
|-unboost|p2b: Vivillon|atk|1
|turn|5
|
|t:|1782328068
|switch|p2a: Raichu|Raichu, L50, M|100/100
|move|p2b: Vivillon|Protect|p2b: Vivillon
|-singleturn|p2b: Vivillon|Protect
|move|p1b: Incineroar|Fake Out|p2b: Vivillon
|-activate|p2b: Vivillon|move: Protect
|-curestatus|p1a: Ceruledge|slp|[msg]
|move|p1a: Ceruledge|Bitter Blade|p2b: Vivillon
|-activate|p2b: Vivillon|move: Protect
|
|upkeep
|turn|6
|
|t:|1782328087
|detailschange|p2a: Raichu|Raichu-Mega-Y, L50, M
|-mega|p2a: Raichu|Raichu|Raichunite Y
|move|p1a: Ceruledge|Shadow Sneak|p2a: Raichu
|-damage|p2a: Raichu|35/100
|move|p2a: Raichu|Focus Blast|p1b: Incineroar
|-supereffective|p1b: Incineroar|1
|-damage|p1b: Incineroar|0 fnt
|faint|p1b: Incineroar
|move|p2b: Vivillon|Sleep Powder|p1a: Ceruledge
|-status|p1a: Ceruledge|slp|[from] move: Sleep Powder
|
|upkeep
|
|t:|1782328095
|switch|p1b: Raichu|Raichu, L50, M|100/100
|turn|7
|
|t:|1782328113
|switch|p2a: Infernape|Infernape, L50, F|85/100
|move|p1b: Raichu|Fake Out|p2b: Vivillon
|-damage|p2b: Vivillon|85/100
|cant|p1a: Ceruledge|slp
|cant|p2b: Vivillon|flinch
|
|upkeep
|turn|8
|
|t:|1782328134
|move|p1b: Raichu|Protect|p1b: Raichu
|-singleturn|p1b: Raichu|Protect
|move|p2a: Infernape|Overheat|p1b: Raichu
|-activate|p1b: Raichu|move: Protect
|move|p2b: Vivillon|Hurricane|p1a: Ceruledge
|-damage|p1a: Ceruledge|53/100 slp
|cant|p1a: Ceruledge|slp
|
|upkeep
|turn|9
|
|t:|1782328156
|detailschange|p1b: Raichu|Raichu-Mega-Y, L50, M
|-mega|p1b: Raichu|Raichu|Raichunite Y
|move|p2b: Vivillon|Protect|p2b: Vivillon
|-singleturn|p2b: Vivillon|Protect
|move|p1b: Raichu|Zap Cannon|p2a: Infernape
|-crit|p2a: Infernape
|-damage|p2a: Infernape|0 fnt
|faint|p2a: Infernape
|-curestatus|p1a: Ceruledge|slp|[msg]
|move|p1a: Ceruledge|Bitter Blade|p2b: Vivillon
|-activate|p2b: Vivillon|move: Protect
|
|upkeep
|
|t:|1782328162
|switch|p2a: Raichu|Raichu-Mega-Y, L50, M|35/100
|turn|10
|
|t:|1782328169
|move|p2a: Raichu|Protect|p2a: Raichu
|-singleturn|p2a: Raichu|Protect
|move|p1a: Ceruledge|Shadow Sneak|p2a: Raichu
|-activate|p2a: Raichu|move: Protect
|move|p1b: Raichu|Zap Cannon|p2b: Vivillon
|-supereffective|p2b: Vivillon|1
|-damage|p2b: Vivillon|0 fnt
|faint|p2b: Vivillon
|
|upkeep
|turn|11
|-message|Professor_J93 forfeited.
|
|win|Yukihiro_SnM
||Professor_J93 is ready for game 2.
||Yukihiro_SnM is ready for game 2.
|uhtml|next|Next: Game 2 of 3
