|j|☆INT Shinji
|j|☆smalltownkirlia
|html|INT Shinjismalltownkirlia    
|uhtml|bestof|Game 1 of a best-of-3
|t:|1757641433
|gametype|doubles
|player|p1|INT Shinji|hilbert|1208
|player|p2|smalltownkirlia|whitney|1177
|gen|9
|tier|[Gen 9] VGC 2025 Reg H (Bo3)
|rated|
|rule|Species Clause: Limit one of each Pokémon
|rule|Item Clause: Limit 1 of each item
|clearpoke
|poke|p1|Archaludon, L50, M|
|poke|p1|Maushold, L50|
|poke|p1|Annihilape, L50, F|
|poke|p1|Ursaluna, L50, M|
|poke|p1|Pelipper, L50, M|
|poke|p1|Sinistcha-Masterpiece, L50|
|poke|p2|Dragonite, L50, M|
|poke|p2|Ursaluna-Bloodmoon, L50, M|
|poke|p2|Gholdengo, L50|
|poke|p2|Maushold-Four, L50|
|poke|p2|Annihilape, L50, F|
|poke|p2|Rillaboom, L50, F|
|teampreview|4
|showteam|p1|Archaludon||AssaultVest|Stamina|ElectroShot,DracoMeteor,FlashCannon,BodyPress|||M|||50|,,,,,Grass]Maushold||WideLens|Technician|PopulationBomb,Protect,BeatUp,Taunt||||||50|,,,,,Grass]Annihilape||SafetyGoggles|Defiant|CloseCombat,Taunt,RageFist,FinalGambit|||F|||50|,,,,,Fire]Ursaluna||FlameOrb|Guts|Facade,HeadlongRush,Earthquake,Protect|||M|||50|,,,,,Ghost]Pelipper||FocusSash|Drizzle|MuddyWater,Hurricane,Tailwind,Protect|||M|||50|,,,,,Ghost]Sinistcha-Masterpiece||SitrusBerry|Hospitality|MatchaGotcha,LifeDew,RagePowder,TrickRoom||||||50|,,,,,Dark
|showteam|p2|Dragonite||LoadedDice|Multiscale|ScaleShot,Tailwind,Haze,Protect|||M|||50|,,,,,Fairy]Ursaluna-Bloodmoon||AssaultVest|MindsEye|BloodMoon,EarthPower,HyperVoice,VacuumWave|||M|||50|,,,,,Water]Gholdengo||LifeOrb|GoodasGold|MakeItRain,ShadowBall,NastyPlot,Protect||||||50|,,,,,Dragon]Maushold-Four||FocusSash|FriendGuard|Taunt,FollowMe,BeatUp,Protect||||||50|,,,,,Ghost]Annihilape||SitrusBerry|Defiant|RageFist,DrainPunch,BulkUp,Protect|||F|||50|,,,,,Fire]Rillaboom||MiracleSeed|GrassySurge|WoodHammer,GrassyGlide,HighHorsepower,FakeOut|||F|||50|,,,,,Fire
|inactive|Battle timer is ON: inactive players will automatically lose when time's up. (requested by smalltownkirlia)
|inactive|INT Shinji has 60 seconds left.
|inactive|smalltownkirlia has 60 seconds left.
|
|t:|1757641467
|teamsize|p1|4
|teamsize|p2|4
|start
|switch|p1a: Maushold|Maushold, L50|100/100
|switch|p1b: Pelipper|Pelipper, L50, M|100/100
|switch|p2a: Dragonite|Dragonite, L50, M|100/100
|switch|p2b: Ursaluna|Ursaluna-Bloodmoon, L50, M|100/100
|-weather|RainDance|[from] ability: Drizzle|[of] p1b: Pelipper
|turn|1
|
|t:|1757641484
|-terastallize|p2b: Ursaluna|Water
|move|p1a: Maushold|Population Bomb|p2b: Ursaluna
|-damage|p2b: Ursaluna|93/100
|-damage|p2b: Ursaluna|85/100
|-crit|p2b: Ursaluna
|-damage|p2b: Ursaluna|74/100
|-damage|p2b: Ursaluna|65/100
|-damage|p2b: Ursaluna|58/100
|-damage|p2b: Ursaluna|50/100
|-damage|p2b: Ursaluna|43/100
|-damage|p2b: Ursaluna|34/100
|-damage|p2b: Ursaluna|25/100
|-damage|p2b: Ursaluna|17/100
|-hitcount|p2b: Ursaluna|10
|move|p2a: Dragonite|Scale Shot|p1a: Maushold
|-damage|p1a: Maushold|78/100
|-damage|p1a: Maushold|56/100
|-damage|p1a: Maushold|34/100
|-damage|p1a: Maushold|10/100
|-damage|p1a: Maushold|0 fnt
|faint|p1a: Maushold
|-hitcount|p1: Maushold|5
|-unboost|p2a: Dragonite|def|1
|-boost|p2a: Dragonite|spe|1
|move|p1b: Pelipper|Muddy Water|p2b: Ursaluna|[spread] p2a,p2b
|-resisted|p2a: Dragonite
|-resisted|p2b: Ursaluna
|-damage|p2a: Dragonite|90/100
|-damage|p2b: Ursaluna|4/100
|move|p2b: Ursaluna|Hyper Voice|p1b: Pelipper
|-damage|p1b: Pelipper|14/100
|
|-weather|RainDance|[upkeep]
|upkeep
|inactive|INT Shinji has 30 seconds left.
|
|t:|1757641511
|switch|p1a: Archaludon|Archaludon, L50, M|100/100
|turn|2
|
|t:|1757641522
|switch|p2b: Rillaboom|Rillaboom, L50, F|100/100
|-fieldstart|move: Grassy Terrain|[from] ability: Grassy Surge|[of] p2b: Rillaboom
|-terastallize|p1a: Archaludon|Grass
|move|p2a: Dragonite|Tailwind|p2a: Dragonite
|-sidestart|p2: smalltownkirlia|move: Tailwind
|move|p1a: Archaludon|Electro Shot||[still]
|-prepare|p1a: Archaludon|Electro Shot
|-boost|p1a: Archaludon|spa|1
|-anim|p1a: Archaludon|Electro Shot|p2b: Rillaboom
|-resisted|p2b: Rillaboom
|-damage|p2b: Rillaboom|73/100
|move|p1b: Pelipper|Tailwind|p1b: Pelipper
|-sidestart|p1: INT Shinji|move: Tailwind
|
|-weather|RainDance|[upkeep]
|-heal|p2b: Rillaboom|79/100|[from] Grassy Terrain
|upkeep
|turn|3
|inactive|smalltownkirlia has 30 seconds left.
|inactive|smalltownkirlia has 20 seconds left.
|inactive|smalltownkirlia has 15 seconds left.
|inactive|smalltownkirlia has 10 seconds left.
|inactive|smalltownkirlia has 5 seconds left.
|
|t:|1757641574
|move|p1b: Pelipper|Protect|p1b: Pelipper
|-singleturn|p1b: Pelipper|Protect
|move|p2b: Rillaboom|Fake Out|p1b: Pelipper
|-activate|p1b: Pelipper|move: Protect
|move|p2a: Dragonite|Scale Shot|p1a: Archaludon
|-damage|p1a: Archaludon|91/100
|-ability|p1a: Archaludon|Stamina|boost
|-boost|p1a: Archaludon|def|1
|-damage|p1a: Archaludon|83/100
|-ability|p1a: Archaludon|Stamina|boost
|-boost|p1a: Archaludon|def|1
|-damage|p1a: Archaludon|77/100
|-ability|p1a: Archaludon|Stamina|boost
|-boost|p1a: Archaludon|def|1
|-damage|p1a: Archaludon|72/100
|-ability|p1a: Archaludon|Stamina|boost
|-boost|p1a: Archaludon|def|1
|-hitcount|p1a: Archaludon|4
|-unboost|p2a: Dragonite|def|1
|-boost|p2a: Dragonite|spe|1
|move|p1a: Archaludon|Electro Shot||[still]
|-prepare|p1a: Archaludon|Electro Shot
|-boost|p1a: Archaludon|spa|1
|-anim|p1a: Archaludon|Electro Shot|p2a: Dragonite
|-damage|p2a: Dragonite|13/100
|
|-weather|RainDance|[upkeep]
|-heal|p1a: Archaludon|78/100|[from] Grassy Terrain
|-heal|p2b: Rillaboom|86/100|[from] Grassy Terrain
|upkeep
|turn|4
|inactive|INT Shinji has 30 seconds left.
|inactive|smalltownkirlia has 30 seconds left.
|inactive|INT Shinji has 20 seconds left.
|inactive|smalltownkirlia has 20 seconds left.
|inactive|INT Shinji has 15 seconds left.
|inactive|smalltownkirlia has 15 seconds left.
|inactive|INT Shinji has 10 seconds left.
|inactive|smalltownkirlia has 10 seconds left.
|inactive|smalltownkirlia has 5 seconds left.
|
|t:|1757641627
|switch|p2b: Ursaluna|Ursaluna-Bloodmoon, L50, M, tera:Water|4/100
|move|p2a: Dragonite|Scale Shot|p1b: Pelipper
|-damage|p1b: Pelipper|0 fnt
|faint|p1b: Pelipper
|-hitcount|p1: Pelipper|1
|-unboost|p2a: Dragonite|def|1
|-boost|p2a: Dragonite|spe|1
|move|p1a: Archaludon|Electro Shot||[still]
|-prepare|p1a: Archaludon|Electro Shot
|-boost|p1a: Archaludon|spa|1
|-anim|p1a: Archaludon|Electro Shot|p2a: Dragonite
|-damage|p2a: Dragonite|0 fnt
|faint|p2a: Dragonite
|
|-weather|RainDance|[upkeep]
|-heal|p1a: Archaludon|84/100|[from] Grassy Terrain
|-heal|p2b: Ursaluna|10/100|[from] Grassy Terrain
|upkeep
|
|t:|1757641642
|switch|p2a: Rillaboom|Rillaboom, L50, F|86/100
|switch|p1b: Annihilape|Annihilape, L50, F|100/100
|turn|5
|inactive|smalltownkirlia has 30 seconds left.
|
|t:|1757641669
|move|p1b: Annihilape|Rage Fist|p2b: Ursaluna
|-damage|p2b: Ursaluna|0 fnt
|faint|p2b: Ursaluna
|move|p1a: Archaludon|Electro Shot||[still]
|-prepare|p1a: Archaludon|Electro Shot
|-boost|p1a: Archaludon|spa|1
|-anim|p1a: Archaludon|Electro Shot|p2a: Rillaboom
|-resisted|p2a: Rillaboom
|-damage|p2a: Rillaboom|31/100
|move|p2a: Rillaboom|Wood Hammer|p1a: Archaludon
|-resisted|p1a: Archaludon
|-damage|p1a: Archaludon|73/100
|-ability|p1a: Archaludon|Stamina|boost
|-boost|p1a: Archaludon|def|1
|-damage|p2a: Rillaboom|27/100|[from] Recoil
|
|-weather|none
|-heal|p1a: Archaludon|79/100|[from] Grassy Terrain
|-heal|p2a: Rillaboom|33/100|[from] Grassy Terrain
|-sideend|p1: INT Shinji|move: Tailwind
|-sideend|p2: smalltownkirlia|move: Tailwind
|upkeep
|
|t:|1757641678
|switch|p2b: Gholdengo|Gholdengo, L50|100/100
|turn|6
|
|t:|1757641697
|move|p2b: Gholdengo|Protect|p2b: Gholdengo
|-singleturn|p2b: Gholdengo|Protect
|move|p2a: Rillaboom|Grassy Glide|p1b: Annihilape
|-damage|p1b: Annihilape|56/100
|move|p1b: Annihilape|Rage Fist|p2b: Gholdengo
|-activate|p2b: Gholdengo|move: Protect
|move|p1a: Archaludon|Flash Cannon|p2a: Rillaboom
|-damage|p2a: Rillaboom|0 fnt
|faint|p2a: Rillaboom
|
|-heal|p1b: Annihilape|62/100|[from] Grassy Terrain
|-heal|p1a: Archaludon|85/100|[from] Grassy Terrain
|-fieldend|move: Grassy Terrain
|upkeep
|turn|7
|
|t:|1757641704
|move|p1b: Annihilape|Rage Fist|p2b: Gholdengo
|-supereffective|p2b: Gholdengo
|-damage|p2b: Gholdengo|19/100
|move|p2b: Gholdengo|Shadow Ball|p1a: Archaludon
|-damage|p1a: Archaludon|47/100
|-ability|p1a: Archaludon|Stamina|boost
|-boost|p1a: Archaludon|def|1
|-damage|p2b: Gholdengo|9/100|[from] item: Life Orb
|move|p1a: Archaludon|Flash Cannon|p2b: Gholdengo
|-resisted|p2b: Gholdengo
|-damage|p2b: Gholdengo|0 fnt
|faint|p2b: Gholdengo
|
|win|INT Shinji
|inactive|INT Shinji has 30 seconds to confirm battle start!
|inactive|smalltownkirlia has 30 seconds to confirm battle start!
||INT Shinji is ready for game 2.
||smalltownkirlia is ready for game 2.
|uhtml|next|Next: Game 2 of 3
