|j|☆we_are_toasted
|j|☆cascais shopping
|html|we_are_toastedcascais shopping    
|uhtml|bestof|Game 2 of a best-of-3
|t:|1784653254
|gametype|doubles
|player|p1|we_are_toasted|102|1352
|player|p2|cascais shopping|101|1415
|gen|9
|tier|[Gen 9 Champions] VGC 2026 Reg M-B (Bo3)
|rated|
|rule|Species Clause: Limit one of each Pokémon
|rule|Item Clause: Limit 1 of each item
|clearpoke
|poke|p1|Froslass, L50, F|
|poke|p1|Sneasler, L50, F, shiny|
|poke|p1|Lycanroc-Dusk, L50, M, shiny|
|poke|p1|Basculegion, L50, M|
|poke|p1|Kingambit, L50, M, shiny|
|poke|p1|Scovillain, L50, M, shiny|
|poke|p2|Floette-Eternal, L50, F|
|poke|p2|Charizard, L50, M|
|poke|p2|Whimsicott, L50, M|
|poke|p2|Basculegion, L50, M|
|poke|p2|Kingambit, L50, F|
|poke|p2|Garchomp, L50, M|
|teampreview|4
|showteam|p1|Froslass||Froslassite|CursedBody|Blizzard,ShadowBall,AuroraVeil,Protect|Timid||F|||50|]Sneasler||WhiteHerb|Unburden|FakeOut,CloseCombat,GunkShot,Protect|Adamant||F|||50|]Lycanroc-Dusk||FocusSash|ToughClaws|RockSlide,CloseCombat,Accelerock,Protect|Adamant||M|||50|]Basculegion||SitrusBerry|Adaptability|AquaJet,LastRespects,WaveCrash,Protect|Adamant||M|||50|]Kingambit||LifeOrb|Defiant|SuckerPunch,KowtowCleave,SwordsDance,Protect|Adamant||M|||50|]Scovillain||Scovillainite|Moody|GigaDrain,RagePowder,Overheat,Protect|Bold||M|||50|
|showteam|p2|Floette-Eternal||Floettite|FlowerVeil|Protect,Moonblast,DazzlingGleam,LightofRuin|Timid||F|||50|]Charizard||CharizarditeY|Blaze|Protect,WeatherBall,HeatWave,SolarBeam|Modest||M|||50|]Whimsicott||FocusSash|Prankster|Protect,Moonblast,Tailwind,Encore|Timid||M|||50|]Basculegion||LifeOrb|Adaptability|Protect,WaveCrash,LastRespects,AquaJet|Adamant||M|||50|]Kingambit||BlackGlasses|Defiant|Protect,KowtowCleave,SuckerPunch,IronHead|Adamant||F|||50|]Garchomp||SitrusBerry|RoughSkin|Protect,DragonClaw,Earthquake,RockSlide|Adamant||M|||50|
|inactive|Battle timer is ON: inactive players will automatically lose when time's up. (requested by we_are_toasted)
|inactive|cascais shopping also wants the timer to be on.
|inactive|we_are_toasted has 60 seconds left.
|
|t:|1784653317
|teamsize|p1|4
|teamsize|p2|4
|start
|switch|p1a: Scovillain|Scovillain, L50, M, shiny|100/100
|switch|p1b: Basculegion|Basculegion, L50, M|100/100
|switch|p2a: Charizard|Charizard, L50, M|100/100
|switch|p2b: Garchomp|Garchomp, L50, M|100/100
|turn|1
|inactive|we_are_toasted has 30 seconds left.
|inactive|we_are_toasted has 20 seconds left.
|inactive|we_are_toasted has 15 seconds left.
|
|t:|1784653359
|switch|p2b: Whimsicott|Whimsicott, L50, M|100/100
|detailschange|p1a: Scovillain|Scovillain-Mega, L50, M, shiny
|-mega|p1a: Scovillain|Scovillain|Scovillainite
|move|p2a: Charizard|Protect|p2a: Charizard
|-singleturn|p2a: Charizard|Protect
|move|p1a: Scovillain|Rage Powder|p1a: Scovillain
|-singleturn|p1a: Scovillain|move: Rage Powder
|move|p1b: Basculegion|Wave Crash|p2b: Whimsicott
|-resisted|p2b: Whimsicott|1
|-damage|p2b: Whimsicott|42/100
|-damage|p1b: Basculegion|88/100|[from] Recoil
|
|upkeep
|turn|2
|inactive|we_are_toasted has 30 seconds left.
|
|t:|1784653390
|switch|p1a: Lycanroc|Lycanroc-Dusk, L50, M, shiny|100/100
|detailschange|p2a: Charizard|Charizard-Mega-Y, L50, M
|-mega|p2a: Charizard|Charizard|Charizardite Y
|-weather|SunnyDay|[from] ability: Drought|[of] p2a: Charizard
|move|p2b: Whimsicott|Tailwind|p2b: Whimsicott
|-sidestart|p2: cascais shopping|move: Tailwind
|move|p2a: Charizard|Heat Wave|p1a: Lycanroc|[spread] p1a,p1b
|-resisted|p1a: Lycanroc|1
|-resisted|p1b: Basculegion|1
|-damage|p1a: Lycanroc|49/100
|-damage|p1b: Basculegion|57/100
|move|p1b: Basculegion|Wave Crash|p2a: Charizard
|-supereffective|p2a: Charizard|1
|-damage|p2a: Charizard|27/100
|-damage|p1b: Basculegion|36/100|[from] Recoil
|-enditem|p1b: Basculegion|Sitrus Berry|[eat]
|-heal|p1b: Basculegion|61/100|[from] item: Sitrus Berry
|
|-weather|SunnyDay|[upkeep]
|upkeep
|turn|3
|inactive|we_are_toasted has 30 seconds left.
|inactive|cascais shopping has 30 seconds left.
|inactive|we_are_toasted has 20 seconds left.
|inactive|cascais shopping has 20 seconds left.
|inactive|cascais shopping has 15 seconds left.
|
|t:|1784653439
|move|p1a: Lycanroc|Protect|p1a: Lycanroc
|-singleturn|p1a: Lycanroc|Protect
|move|p2b: Whimsicott|Moonblast|p1b: Basculegion
|-damage|p1b: Basculegion|26/100
|move|p2a: Charizard|Solar Beam||[still]
|-prepare|p2a: Charizard|Solar Beam
|-anim|p2a: Charizard|Solar Beam|p1b: Basculegion
|-supereffective|p1b: Basculegion|1
|-damage|p1b: Basculegion|0 fnt
|faint|p1b: Basculegion
|
|-weather|SunnyDay|[upkeep]
|upkeep
|
|t:|1784653446
|switch|p1b: Sneasler|Sneasler, L50, F, shiny|100/100
|turn|4
|
|t:|1784653467
|switch|p2a: Garchomp|Garchomp, L50, M|100/100
|move|p1b: Sneasler|Fake Out|p2b: Whimsicott
|-damage|p2b: Whimsicott|24/100
|cant|p2b: Whimsicott|flinch
|move|p1a: Lycanroc|Accelerock|p2a: Garchomp
|-resisted|p2a: Garchomp|1
|-damage|p2a: Garchomp|88/100
|-damage|p1a: Lycanroc|37/100|[from] ability: Rough Skin|[of] p2a: Garchomp
|
|-weather|SunnyDay|[upkeep]
|upkeep
|turn|5
|inactive|cascais shopping has 30 seconds left.
|
|t:|1784653504
|switch|p1b: Scovillain|Scovillain-Mega, L50, M, shiny|100/100
|move|p2b: Whimsicott|Protect|p2b: Whimsicott
|-singleturn|p2b: Whimsicott|Protect
|move|p1a: Lycanroc|Protect|p1a: Lycanroc
|-singleturn|p1a: Lycanroc|Protect
|move|p2a: Garchomp|Earthquake|p1b: Scovillain|[spread] p1b
|-activate|p2b: Whimsicott|move: Protect
|-activate|p1a: Lycanroc|move: Protect
|-damage|p1b: Scovillain|66/100
|-status|p2a: Garchomp|brn|[from] ability: Spicy Spray|[of] p1b: Scovillain
|
|-weather|SunnyDay|[upkeep]
|-damage|p2a: Garchomp|82/100 brn|[from] brn
|-sideend|p2: cascais shopping|move: Tailwind
|upkeep
|turn|6
|inactive|we_are_toasted has 30 seconds left.
|inactive|we_are_toasted has 20 seconds left.
|inactive|we_are_toasted has 15 seconds left.
|
|t:|1784653549
|switch|p1a: Sneasler|Sneasler, L50, F, shiny|100/100
|move|p2b: Whimsicott|Tailwind|p2b: Whimsicott
|-sidestart|p2: cascais shopping|move: Tailwind
|move|p2a: Garchomp|Earthquake|p1a: Sneasler|[spread] p2b,p1a,p1b
|-resisted|p2b: Whimsicott|1
|-supereffective|p1a: Sneasler|1
|-damage|p2b: Whimsicott|10/100
|-damage|p1a: Sneasler|55/100
|-damage|p1b: Scovillain|50/100y
|move|p1b: Scovillain|Giga Drain|p2a: Garchomp
|-damage|p2a: Garchomp|49/100 brn
|-heal|p1b: Scovillain|70/100|[from] drain|[of] p2a: Garchomp
|-enditem|p2a: Garchomp|Sitrus Berry|[eat]
|-heal|p2a: Garchomp|73/100 brn|[from] item: Sitrus Berry
|
|-weather|none
|-damage|p2a: Garchomp|67/100 brn|[from] brn
|upkeep
|turn|7
|inactive|we_are_toasted has 30 seconds left.
|inactive|cascais shopping has 30 seconds left.
|inactive|we_are_toasted has 20 seconds left.
|inactive|we_are_toasted has 15 seconds left.
|inactive|we_are_toasted has 10 seconds left.
|
|t:|1784653597
|switch|p2b: Charizard|Charizard-Mega-Y, L50, M|27/100
|-weather|SunnyDay|[from] ability: Drought|[of] p2b: Charizard
|move|p1a: Sneasler|Fake Out|p2b: Charizard
|-damage|p2b: Charizard|15/100
|move|p2a: Garchomp|Dragon Claw|p1a: Sneasler
|-damage|p1a: Sneasler|33/100
|move|p1b: Scovillain|Giga Drain|p2a: Garchomp
|-damage|p2a: Garchomp|33/100 brn
|-heal|p1b: Scovillain|92/100|[from] drain|[of] p2a: Garchomp
|
|-weather|SunnyDay|[upkeep]
|-damage|p2a: Garchomp|27/100 brn|[from] brn
|upkeep
|turn|8
|inactive|we_are_toasted has 30 seconds left.
|inactive|we_are_toasted has 20 seconds left.
|
|t:|1784653635
|move|p1a: Sneasler|Protect|p1a: Sneasler
|-singleturn|p1a: Sneasler|Protect
|move|p2a: Garchomp|Earthquake|p1a: Sneasler|[spread] p1b
|-activate|p1a: Sneasler|move: Protect
|-immune|p2b: Charizard
|-damage|p1b: Scovillain|75/100
|move|p2b: Charizard|Heat Wave|p1a: Sneasler|[spread] p1b
|-activate|p1a: Sneasler|move: Protect
|-damage|p1b: Scovillain|16/100
|-immune|p2b: Charizard
|move|p1b: Scovillain|Giga Drain|p2a: Garchomp
|-damage|p2a: Garchomp|0 fnt
|-heal|p1b: Scovillain|34/100|[from] drain|[of] p2a: Garchomp
|faint|p2a: Garchomp
|
|-weather|SunnyDay|[upkeep]
|upkeep
|
|t:|1784653642
|switch|p2a: Whimsicott|Whimsicott, L50, M|10/100
|turn|9
|
|t:|1784653665
|switch|p1a: Lycanroc|Lycanroc-Dusk, L50, M, shiny|37/100
|move|p2a: Whimsicott|Moonblast|p1a: Lycanroc
|-damage|p1a: Lycanroc|0 fnt
|faint|p1a: Lycanroc
|move|p2b: Charizard|Heat Wave|p1b: Scovillain
|-crit|p1b: Scovillain
|-damage|p1b: Scovillain|0 fnt
|-immune|p2b: Charizard
|faint|p1b: Scovillain
|
|-weather|SunnyDay|[upkeep]
|-sideend|p2: cascais shopping|move: Tailwind
|upkeep
|-message|we_are_toasted forfeited.
|
|win|cascais shopping
