|j|☆p4golo
|j|☆Truevillany123
|html|p4goloTruevillany123    
|uhtml|bestof|Game 3 of a best-of-3
|t:|1757774847
|gametype|doubles
|player|p1|p4golo|265|1203
|player|p2|Truevillany123|101|1143
|gen|9
|tier|[Gen 9] VGC 2025 Reg H (Bo3)
|rated|
|rule|Species Clause: Limit one of each Pokémon
|rule|Item Clause: Limit 1 of each item
|clearpoke
|poke|p1|Dragonite, L50, F|
|poke|p1|Ursaluna-Bloodmoon, L50, M|
|poke|p1|Gholdengo, L50|
|poke|p1|Maushold-Four, L50|
|poke|p1|Annihilape, L50, M|
|poke|p1|Rillaboom, L50, F|
|poke|p2|Dragonite, L50, M|
|poke|p2|Ursaluna-Bloodmoon, L50, M|
|poke|p2|Gholdengo, L50|
|poke|p2|Annihilape, L50, F|
|poke|p2|Ninetales-Alola, L50, M|
|poke|p2|Rillaboom, L50, M|
|teampreview|4
|showteam|p1|Dragonite||LoadedDice|Multiscale|ScaleShot,Tailwind,Haze,Protect|||F|||50|,,,,,Fairy]Ursaluna-Bloodmoon||AssaultVest|MindsEye|BloodMoon,EarthPower,HyperVoice,VacuumWave|||M|||50|,,,,,Water]Gholdengo||LifeOrb|GoodasGold|MakeItRain,ShadowBall,NastyPlot,Protect||||||50|,,,,,Dragon]Maushold-Four||FocusSash|FriendGuard|Taunt,FollowMe,BeatUp,Protect||||||50|,,,,,Ghost]Annihilape||SitrusBerry|Defiant|RageFist,DrainPunch,BulkUp,Protect|||M|||50|,,,,,Fire]Rillaboom||MiracleSeed|GrassySurge|WoodHammer,GrassyGlide,HighHorsepower,FakeOut|||F|||50|,,,,,Fire
|showteam|p2|Dragonite||LoadedDice|Multiscale|ScaleShot,Protect,Haze,Tailwind|||M|||50|,,,,,Fairy]Ursaluna-Bloodmoon||LifeOrb|MindsEye|BloodMoon,HyperVoice,EarthPower,Protect|||M|||50|,,,,,Normal]Gholdengo||GrassySeed|GoodasGold|MakeItRain,ShadowBall,Protect,NastyPlot||||||50|,,,,,Water]Annihilape||SafetyGoggles|Defiant|DrainPunch,RageFist,Protect,BulkUp|||F|||50|,,,,,Fire]Ninetales-Alola||FocusSash|SnowWarning|IcyWind,AuroraVeil,Encore,IcicleSpear|||M|||50|,,,,,Ghost]Rillaboom||AssaultVest|GrassySurge|FakeOut,WoodHammer,HighHorsepower,Uturn|||M|||50|,,,,,Fire
|inactive|Battle timer is ON: inactive players will automatically lose when time's up. (requested by Truevillany123)
|
|t:|1757774894
|teamsize|p1|4
|teamsize|p2|4
|start
|switch|p1a: Dragonite|Dragonite, L50, F|100/100
|switch|p1b: Gholdengo|Gholdengo, L50|100/100
|switch|p2a: Ninetales|Ninetales-Alola, L50, M|100/100
|switch|p2b: Dragonite|Dragonite, L50, M, shiny|100/100
|-weather|Snowscape|[from] ability: Snow Warning|[of] p2a: Ninetales
|turn|1
|
|t:|1757774918
|-terastallize|p1a: Dragonite|Fairy
|move|p2a: Ninetales|Aurora Veil|p2a: Ninetales
|-sidestart|p2: Truevillany123|move: Aurora Veil
|move|p1b: Gholdengo|Nasty Plot|p1b: Gholdengo
|-boost|p1b: Gholdengo|spa|2
|move|p2b: Dragonite|Tailwind|p2b: Dragonite
|-sidestart|p2: Truevillany123|move: Tailwind
|move|p1a: Dragonite|Tailwind|p1a: Dragonite
|-sidestart|p1: p4golo|move: Tailwind
|
|-weather|Snowscape|[upkeep]
|upkeep
|turn|2
|
|t:|1757774941
|move|p2b: Dragonite|Protect|p2b: Dragonite
|-singleturn|p2b: Dragonite|Protect
|move|p2a: Ninetales|Encore|p1a: Dragonite
|-start|p1a: Dragonite|Encore
|move|p1b: Gholdengo|Make It Rain|p2a: Ninetales|[spread] p2a
|-activate|p2b: Dragonite|move: Protect
|-supereffective|p2a: Ninetales
|-enditem|p2a: Ninetales|Focus Sash
|-damage|p2a: Ninetales|1/100
|-unboost|p1b: Gholdengo|spa|1
|-damage|p1b: Gholdengo|91/100|[from] item: Life Orb
|move|p1a: Dragonite|Tailwind||[still]
|-fail|p1a: Dragonite
|
|-weather|Snowscape|[upkeep]
|upkeep
|turn|3
|
|t:|1757774964
|switch|p1a: Annihilape|Annihilape, L50, M|100/100
|move|p2a: Ninetales|Icy Wind|p1b: Gholdengo|[spread] p1a,p1b
|-resisted|p1b: Gholdengo
|-damage|p1a: Annihilape|86/100
|-damage|p1b: Gholdengo|82/100
|-unboost|p1a: Annihilape|spe|1
|-ability|p1a: Annihilape|Defiant|boost
|-boost|p1a: Annihilape|atk|2
|-unboost|p1b: Gholdengo|spe|1
|move|p2b: Dragonite|Scale Shot|p1b: Gholdengo|[miss]
|-miss|p2b: Dragonite|p1b: Gholdengo
|move|p1b: Gholdengo|Make It Rain|p2a: Ninetales|[spread] p2a,p2b
|-supereffective|p2a: Ninetales
|-crit|p2b: Dragonite
|-damage|p2a: Ninetales|0 fnt
|-damage|p2b: Dragonite|28/100
|-unboost|p1b: Gholdengo|spa|1
|faint|p2a: Ninetales
|-damage|p1b: Gholdengo|73/100|[from] item: Life Orb
|
|-weather|Snowscape|[upkeep]
|upkeep
|
|t:|1757774987
|switch|p2a: Ursaluna|Ursaluna-Bloodmoon, L50, M|100/100
|turn|4
|
|t:|1757775001
|move|p2a: Ursaluna|Protect|p2a: Ursaluna
|-singleturn|p2a: Ursaluna|Protect
|move|p2b: Dragonite|Scale Shot|p1b: Gholdengo
|-resisted|p1b: Gholdengo
|-damage|p1b: Gholdengo|64/100
|-resisted|p1b: Gholdengo
|-damage|p1b: Gholdengo|55/100
|-resisted|p1b: Gholdengo
|-damage|p1b: Gholdengo|48/100
|-resisted|p1b: Gholdengo
|-damage|p1b: Gholdengo|39/100
|-resisted|p1b: Gholdengo
|-damage|p1b: Gholdengo|31/100
|-hitcount|p1b: Gholdengo|5
|-unboost|p2b: Dragonite|def|1
|-boost|p2b: Dragonite|spe|1
|move|p1a: Annihilape|Drain Punch|p2a: Ursaluna
|-activate|p2a: Ursaluna|move: Protect
|move|p1b: Gholdengo|Shadow Ball|p2b: Dragonite
|-damage|p2b: Dragonite|0 fnt
|faint|p2b: Dragonite
|-damage|p1b: Gholdengo|21/100|[from] item: Life Orb
|
|-weather|Snowscape|[upkeep]
|-sideend|p2: Truevillany123|move: Tailwind
|-sideend|p1: p4golo|move: Tailwind
|upkeep
|
|t:|1757775023
|switch|p2b: Gholdengo|Gholdengo, L50|100/100
|turn|5
|
|t:|1757775040
|-terastallize|p2a: Ursaluna|Normal
|move|p2b: Gholdengo|Make It Rain|p1a: Annihilape|[spread] p1a,p1b
|-resisted|p1b: Gholdengo
|-damage|p1a: Annihilape|40/100
|-damage|p1b: Gholdengo|0 fnt
|-unboost|p2b: Gholdengo|spa|1
|-enditem|p1a: Annihilape|Sitrus Berry|[eat]
|-heal|p1a: Annihilape|65/100|[from] item: Sitrus Berry
|faint|p1b: Gholdengo
|move|p1a: Annihilape|Drain Punch|p2a: Ursaluna
|-supereffective|p2a: Ursaluna
|-damage|p2a: Ursaluna|34/100
|-heal|p1a: Annihilape|95/100|[from] drain|[of] p2a: Ursaluna
|move|p2a: Ursaluna|Blood Moon|p1a: Annihilape
|-damage|p1a: Annihilape|0 fnt
|faint|p1a: Annihilape
|-damage|p2a: Ursaluna|25/100|[from] item: Life Orb
|
|-weather|none
|-sideend|p2: Truevillany123|move: Aurora Veil
|upkeep
|
|t:|1757775059
|switch|p1a: Dragonite|Dragonite, L50, F, tera:Fairy|100/100
|switch|p1b: Rillaboom|Rillaboom, L50, F|100/100
|-fieldstart|move: Grassy Terrain|[from] ability: Grassy Surge|[of] p1b: Rillaboom
|-enditem|p2b: Gholdengo|Grassy Seed
|-boost|p2b: Gholdengo|def|1|[from] item: Grassy Seed
|turn|6
|inactive|p4golo has 30 seconds left.
|
|t:|1757775085
|move|p2a: Ursaluna|Protect|p2a: Ursaluna
|-singleturn|p2a: Ursaluna|Protect
|move|p1b: Rillaboom|Grassy Glide|p2a: Ursaluna
|-activate|p2a: Ursaluna|move: Protect
|move|p2b: Gholdengo|Nasty Plot|p2b: Gholdengo
|-boost|p2b: Gholdengo|spa|2
|move|p1a: Dragonite|Tailwind|p1a: Dragonite
|-sidestart|p1: p4golo|move: Tailwind
|
|-heal|p2a: Ursaluna|31/100|[from] Grassy Terrain
|upkeep
|turn|7
|
|t:|1757775103
|move|p1a: Dragonite|Scale Shot|p2a: Ursaluna
|-damage|p2a: Ursaluna|17/100
|-damage|p2a: Ursaluna|5/100
|-damage|p2a: Ursaluna|0 fnt
|faint|p2a: Ursaluna
|-hitcount|p2: Ursaluna|3
|-unboost|p1a: Dragonite|def|1
|-boost|p1a: Dragonite|spe|1
|move|p1b: Rillaboom|High Horsepower|p2b: Gholdengo|[miss]
|-miss|p1b: Rillaboom|p2b: Gholdengo
|move|p2b: Gholdengo|Make It Rain|p1a: Dragonite|[spread] p1a,p1b
|-supereffective|p1a: Dragonite
|-damage|p1a: Dragonite|28/100
|-damage|p1b: Rillaboom|31/100
|-unboost|p2b: Gholdengo|spa|1
|
|-heal|p1a: Dragonite|34/100|[from] Grassy Terrain
|-heal|p1b: Rillaboom|37/100|[from] Grassy Terrain
|upkeep
|turn|8
|c|☆Truevillany123|Oh I'm sorry
|inactive|p4golo has 30 seconds left.
|
|t:|1757775129
|move|p1a: Dragonite|Scale Shot|p2b: Gholdengo|[miss]
|-miss|p1a: Dragonite|p2b: Gholdengo
|move|p1b: Rillaboom|High Horsepower|p2b: Gholdengo
|-supereffective|p2b: Gholdengo
|-damage|p2b: Gholdengo|51/100
|move|p2b: Gholdengo|Make It Rain|p1a: Dragonite|[spread] p1a,p1b
|-supereffective|p1a: Dragonite
|-damage|p1a: Dragonite|0 fnt
|-damage|p1b: Rillaboom|0 fnt
|-unboost|p2b: Gholdengo|spa|1
|faint|p1a: Dragonite
|faint|p1b: Rillaboom
|
|win|Truevillany123
|raw|p4golo's rating: 1203 → 1174(-29 for losing)
|raw|Truevillany123's rating: 1143 → 1172(+29 for winning)
