|j|☆LookBackInBanger
|j|☆seannnmcg
|html|LookBackInBangerseannnmcg    
|uhtml|bestof|Game 2 of a best-of-3
|t:|1756491436
|gametype|doubles
|player|p1|LookBackInBanger|mina|1125
|player|p2|seannnmcg|1|1050
|gen|9
|tier|[Gen 9] VGC 2025 Reg H (Bo3)
|rated|
|rule|Species Clause: Limit one of each Pokémon
|rule|Item Clause: Limit 1 of each item
|clearpoke
|poke|p1|Dragonite, L50, M|
|poke|p1|Electabuzz, L50, M|
|poke|p1|Indeedee, L50, M|
|poke|p1|Sneasler, L50, F|
|poke|p1|Talonflame, L50, F|
|poke|p1|Ursaluna-Bloodmoon, L50, M|
|poke|p2|Pelipper, L50, M|
|poke|p2|Ludicolo, L50, M|
|poke|p2|Ninetales-Alola, L50, F|
|poke|p2|Beartic, L50, F|
|poke|p2|Archaludon, L50, F|
|poke|p2|Porygon2, L50|
|teampreview|4
|showteam|p1|Dragonite||LoadedDice|Multiscale|ScaleShot,StompingTantrum,Haze,Protect|||M|||50|,,,,,Fairy]Electabuzz||Eviolite|VitalSpirit|Electroweb,FollowMe,Taunt,Protect|||M|||50|,,,,,Dragon]Indeedee||FocusSash|PsychicSurge|ExpandingForce,HelpingHand,TrickRoom,Imprison|||M|||50|,,,,,Psychic]Sneasler||PsychicSeed|Unburden|DireClaw,CloseCombat,ThroatChop,Protect|||F|||50|,,,,,Stellar]Talonflame||CovertCloak|GaleWings|FlareBlitz,DualWingbeat,WillOWisp,Tailwind|||F|||50|,,,,,Stellar]Ursaluna-Bloodmoon||LifeOrb|MindsEye|BloodMoon,HyperVoice,EarthPower,Protect|||M|||50|,,,,,Normal
|showteam|p2|Pelipper||CovertCloak|Drizzle|WeatherBall,Hurricane,Uturn,Tailwind|||M|||50|,,,,,Ghost]Ludicolo||KingsRock|SwiftSwim|WeatherBall,Fling,FakeOut,Protect|||M|||50|,,,,,Ice]Ninetales-Alola||LightClay|SnowWarning|Blizzard,Moonblast,AuroraVeil,HelpingHand|||F|||50|,,,,,Fire]Beartic||ClearAmulet|SlushRush|IcePunch,CloseCombat,XScissor,AquaJet|||F|||50|,,,,,Ghost]Archaludon||PowerHerb|Stalwart|ElectroShot,Thunderbolt,DragonPulse,Protect|||F|||50|,,,,,Electric]Porygon2||Eviolite|Download|Psychic,TriAttack,TrickRoom,Recover||||||50|,,,,,Psychic
|
|t:|1756491494
|teamsize|p1|4
|teamsize|p2|4
|start
|switch|p1a: Sneasler|Sneasler, L50, F|100/100
|switch|p1b: Electabuzz|Electabuzz, L50, M|100/100
|switch|p2a: Ninetales|Ninetales-Alola, L50, F|100/100
|switch|p2b: Porygon2|Porygon2, L50|100/100
|-weather|Snowscape|[from] ability: Snow Warning|[of] p2a: Ninetales
|-ability|p2b: Porygon2|Download|boost
|-boost|p2b: Porygon2|atk|1
|turn|1
|
|t:|1756491548
|move|p1a: Sneasler|Dire Claw|p2a: Ninetales
|-supereffective|p2a: Ninetales
|-damage|p2a: Ninetales|35/100
|-status|p2a: Ninetales|par
|move|p1b: Electabuzz|Taunt|p2b: Porygon2
|-start|p2b: Porygon2|move: Taunt
|move|p2b: Porygon2|Psychic|p1a: Sneasler
|-supereffective|p1a: Sneasler
|-damage|p1a: Sneasler|0 fnt
|faint|p1a: Sneasler
|move|p2a: Ninetales|Aurora Veil|p2a: Ninetales
|-sidestart|p2: seannnmcg|move: Aurora Veil
|
|-weather|Snowscape|[upkeep]
|upkeep
|
|t:|1756491577
|switch|p1a: Ursaluna|Ursaluna-Bloodmoon, L50, M|100/100
|turn|2
|
|t:|1756491614
|-terastallize|p1a: Ursaluna|Normal
|move|p1b: Electabuzz|Electroweb|p2a: Ninetales|[spread] p2a,p2b
|-damage|p2a: Ninetales|25/100 par
|-damage|p2b: Porygon2|95/100
|-unboost|p2a: Ninetales|spe|1
|-unboost|p2b: Porygon2|spe|1
|move|p1a: Ursaluna|Hyper Voice|p2a: Ninetales|[spread] p2a,p2b
|-damage|p2a: Ninetales|0 fnt
|-damage|p2b: Porygon2|64/100
|faint|p2a: Ninetales
|-damage|p1a: Ursaluna|91/100|[from] item: Life Orb
|move|p2b: Porygon2|Psychic|p1b: Electabuzz
|-damage|p1b: Electabuzz|79/100
|-unboost|p1b: Electabuzz|spd|1
|
|-weather|Snowscape|[upkeep]
|upkeep
|
|t:|1756491634
|switch|p2a: Ludicolo|Ludicolo, L50, M, shiny|100/100
|turn|3
|
|t:|1756491673
|-terastallize|p2b: Porygon2|Psychic
|move|p1a: Ursaluna|Protect|p1a: Ursaluna
|-singleturn|p1a: Ursaluna|Protect
|move|p2a: Ludicolo|Fake Out|p1a: Ursaluna
|-activate|p1a: Ursaluna|move: Protect
|move|p1b: Electabuzz|Electroweb|p2a: Ludicolo|[spread] p2a,p2b
|-damage|p2a: Ludicolo|90/100
|-damage|p2b: Porygon2|58/100
|-unboost|p2a: Ludicolo|spe|1
|-unboost|p2b: Porygon2|spe|1
|move|p2b: Porygon2|Psychic|p1b: Electabuzz
|-damage|p1b: Electabuzz|31/100
|
|-weather|Snowscape|[upkeep]
|-end|p2b: Porygon2|move: Taunt
|upkeep
|turn|4
|
|t:|1756491706
|move|p1b: Electabuzz|Follow Me|p1b: Electabuzz
|-singleturn|p1b: Electabuzz|move: Follow Me
|move|p1a: Ursaluna|Blood Moon|p2b: Porygon2
|-damage|p2b: Porygon2|0 fnt
|faint|p2b: Porygon2
|-damage|p1a: Ursaluna|81/100|[from] item: Life Orb
|move|p2a: Ludicolo|Fling|p1b: Electabuzz
|-damage|p1b: Electabuzz|26/100
|-enditem|p2a: Ludicolo|King's Rock|[from] move: Fling
|
|-weather|Snowscape|[upkeep]
|upkeep
|
|t:|1756491716
|switch|p2b: Archaludon|Archaludon, L50, F|100/100
|turn|5
|
|t:|1756491742
|move|p2b: Archaludon|Protect|p2b: Archaludon
|-singleturn|p2b: Archaludon|Protect
|move|p1a: Ursaluna|Protect|p1a: Ursaluna
|-singleturn|p1a: Ursaluna|Protect
|move|p1b: Electabuzz|Electroweb|p2b: Archaludon|[spread] p2a
|-activate|p2b: Archaludon|move: Protect
|-damage|p2a: Ludicolo|80/100
|-unboost|p2a: Ludicolo|spe|1
|move|p2a: Ludicolo|Weather Ball|p1b: Electabuzz
|-damage|p1b: Electabuzz|0 fnt
|faint|p1b: Electabuzz
|
|-weather|none
|upkeep
|
|t:|1756491756
|switch|p1b: Indeedee|Indeedee, L50, M|100/100
|-fieldstart|move: Psychic Terrain|[from] ability: Psychic Surge|[of] p1b: Indeedee
|turn|6
|
|t:|1756491802
|move|p1b: Indeedee|Expanding Force|p2a: Ludicolo|[spread] p2a,p2b
|-resisted|p2b: Archaludon
|-damage|p2a: Ludicolo|39/100
|-damage|p2b: Archaludon|73/100
|move|p2b: Archaludon|Electro Shot||[still]
|-prepare|p2b: Archaludon|Electro Shot
|-boost|p2b: Archaludon|spa|1
|-enditem|p2b: Archaludon|Power Herb
|-anim|p2b: Archaludon|Electro Shot|p1a: Ursaluna
|-damage|p1a: Ursaluna|0 fnt
|faint|p1a: Ursaluna
|move|p2a: Ludicolo|Weather Ball|p1b: Indeedee
|-damage|p1b: Indeedee|81/100
|
|upkeep
|turn|7
|
|t:|1756491841
|move|p1b: Indeedee|Expanding Force|p2a: Ludicolo|[spread] p2a,p2b
|-resisted|p2b: Archaludon
|-damage|p2a: Ludicolo|0 fnt
|-damage|p2b: Archaludon|41/100
|faint|p2a: Ludicolo
|move|p2b: Archaludon|Dragon Pulse|p1b: Indeedee
|-damage|p1b: Indeedee|0 fnt
|faint|p1b: Indeedee
|
|win|seannnmcg
||seannnmcg is ready for game 3.
||LookBackInBanger is ready for game 3.
|uhtml|next|Next: Game 3 of 3
|l|☆seannnmcg
|player|p2|
