|j|☆OdieVGC
|j|☆bcam1
|html|OdieVGCbcam1    
|uhtml|bestof|Game 2 of a best-of-3
|t:|1783631358
|gametype|doubles
|player|p1|OdieVGC|2|1109
|player|p2|bcam1|266|1051
|gen|9
|tier|[Gen 9 Champions] VGC 2026 Reg M-B (Bo3)
|rated|
|rule|Species Clause: Limit one of each Pokémon
|rule|Item Clause: Limit 1 of each item
|clearpoke
|poke|p1|Primarina, L50, F|
|poke|p1|Staraptor, L50, F, shiny|
|poke|p1|Delphox, L50, M, shiny|
|poke|p1|Garchomp, L50, M|
|poke|p1|Grimmsnarl, L50, M|
|poke|p1|Sinistcha-Masterpiece, L50, shiny|
|poke|p2|Torkoal, L50, F|
|poke|p2|Pyroar, L50, M|
|poke|p2|Gholdengo, L50|
|poke|p2|Venusaur, L50, F|
|poke|p2|Sableye, L50, F|
|poke|p2|Blaziken, L50, M|
|teampreview|4
|showteam|p1|Primarina||Leftovers|LiquidVoice|Protect,HyperVoice,CalmMind,Moonblast|Modest||F|||50|]Staraptor||Staraptite|Intimidate|Protect,BraveBird,Tailwind,CloseCombat|Jolly||F|||50|]Delphox||Delphoxite|Blaze|Protect,HeatWave,Encore,Psychic|Timid||M|||50|]Garchomp||LifeOrb|RoughSkin|Protect,DragonClaw,RockSlide,StompingTantrum|Jolly||M|||50|]Grimmsnarl||LightClay|Prankster|SpiritBreak,Reflect,LightScreen,PartingShot|Careful||M|||50|]Sinistcha-Masterpiece||KasibBerry|Hospitality|Protect,MatchaGotcha,RagePowder,StrengthSap|Bold|||||50|
|showteam|p2|Torkoal||HeatRock|Drought|Protect,HeatWave,SolarBeam,ShellSmash|Modest||F|||50|]Pyroar||Pyroarite|Rivalry|Protect,HeatWave,HyperVoice,ScorchingSands|Timid||M|||50|]Gholdengo||ChoiceScarf|GoodasGold|MakeItRain,ShadowBall,Thunderbolt,Trick|Timid|||||50|]Venusaur||Leftovers|Chlorophyll|Protect,SludgeBomb,LeechSeed,SleepPowder|Calm||F|||50|]Sableye||SitrusBerry|Prankster|FakeOut,Encore,Taunt,ShadowSneak|Careful||F|||50|]Blaziken||Blazikenite|SpeedBoost|Protect,FlareBlitz,CloseCombat,Uturn|Adamant||M|||50|
|inactive|Battle timer is ON: inactive players will automatically lose when time's up. (requested by bcam1)
|inactive|OdieVGC has 60 seconds left.
|inactive|OdieVGC has 30 seconds left.
|inactive|OdieVGC has 20 seconds left.
|inactive|OdieVGC has 15 seconds left.
|inactive|OdieVGC has 10 seconds left.
|
|t:|1783631445
|teamsize|p1|4
|teamsize|p2|4
|start
|switch|p1a: Delphox|Delphox, L50, M, shiny|100/100
|switch|p1b: Staraptor|Staraptor, L50, F, shiny|100/100
|switch|p2a: Torkoal|Torkoal, L50, F|100/100
|switch|p2b: Pyroar|Pyroar, L50, M|100/100
|-ability|p1b: Staraptor|Intimidate|boost
|-unboost|p2a: Torkoal|atk|1
|-unboost|p2b: Pyroar|atk|1
|-weather|SunnyDay|[from] ability: Drought|[of] p2a: Torkoal
|turn|1
|inactive|OdieVGC has 30 seconds left.
|inactive|OdieVGC has 20 seconds left.
|inactive|OdieVGC has 15 seconds left.
|inactive|OdieVGC has 10 seconds left.
|inactive|OdieVGC has 5 seconds left.
|
|t:|1783631498
|switch|p2b: Sableye|Sableye, L50, F|100/100
|detailschange|p1a: Delphox|Delphox-Mega, L50, M, shiny
|-mega|p1a: Delphox|Delphox|Delphoxite
|move|p1a: Delphox|Protect|p1a: Delphox
|-singleturn|p1a: Delphox|Protect
|move|p1b: Staraptor|Tailwind|p1b: Staraptor
|-sidestart|p1: OdieVGC|move: Tailwind
|move|p2a: Torkoal|Heat Wave|p1a: Delphox|[spread] p1b
|-activate|p1a: Delphox|move: Protect
|-crit|p1b: Staraptor
|-damage|p1b: Staraptor|0 fnt
|faint|p1b: Staraptor
|
|-weather|SunnyDay|[upkeep]
|upkeep
|
|t:|1783631511
|switch|p1b: Grimmsnarl|Grimmsnarl, L50, M|100/100
|turn|2
|
|t:|1783631529
|switch|p1a: Garchomp|Garchomp, L50, M|100/100
|move|p1b: Grimmsnarl|Light Screen|p1b: Grimmsnarl
|-sidestart|p1: OdieVGC|move: Light Screen
|move|p2b: Sableye|Encore||[still]
|-fail|p2b: Sableye
|move|p2a: Torkoal|Shell Smash|p2a: Torkoal
|-unboost|p2a: Torkoal|def|1
|-unboost|p2a: Torkoal|spd|1
|-boost|p2a: Torkoal|atk|2
|-boost|p2a: Torkoal|spa|2
|-boost|p2a: Torkoal|spe|2
|
|-weather|SunnyDay|[upkeep]
|upkeep
|turn|3
|
|t:|1783631550
|move|p1b: Grimmsnarl|Parting Shot|p2a: Torkoal
|-unboost|p2a: Torkoal|atk|1
|-unboost|p2a: Torkoal|spa|1
|
|t:|1783631553
|switch|p1b: Delphox|Delphox-Mega, L50, M, shiny|100/100|[from] Parting Shot
|move|p2b: Sableye|Shadow Sneak|p1a: Garchomp
|-damage|p1a: Garchomp|88/100
|-damage|p2b: Sableye|87/100|[from] ability: Rough Skin|[of] p1a: Garchomp
|move|p1a: Garchomp|Stomping Tantrum|p2b: Sableye
|-damage|p2b: Sableye|22/100
|-enditem|p2b: Sableye|Sitrus Berry|[eat]
|-heal|p2b: Sableye|47/100|[from] item: Sitrus Berry
|-damage|p1a: Garchomp|78/100|[from] item: Life Orb
|move|p2a: Torkoal|Heat Wave|p1b: Delphox|[spread] p1a,p1b
|-resisted|p1a: Garchomp|1
|-resisted|p1b: Delphox|1
|-damage|p1a: Garchomp|54/100
|-damage|p1b: Delphox|80/100
|
|-weather|SunnyDay|[upkeep]
|upkeep
|turn|4
|
|t:|1783631577
|switch|p1a: Grimmsnarl|Grimmsnarl, L50, M|100/100
|move|p2b: Sableye|Shadow Sneak|p1b: Delphox
|-supereffective|p1b: Delphox|1
|-damage|p1b: Delphox|54/100
|move|p1b: Delphox|Psychic|p2a: Torkoal
|-damage|p2a: Torkoal|0 fnt
|faint|p2a: Torkoal
|
|-weather|SunnyDay|[upkeep]
|-sideend|p1: OdieVGC|move: Tailwind
|upkeep
|
|t:|1783631585
|switch|p2a: Gholdengo|Gholdengo, L50|100/100
|turn|5
|inactive|OdieVGC has 30 seconds left.
|inactive|OdieVGC has 20 seconds left.
|
|t:|1783631622
|move|p1a: Grimmsnarl|Parting Shot|p2b: Sableye
|-hint|Since gen 7, Dark is immune to Prankster moves.
|-immune|p2b: Sableye
|move|p2b: Sableye|Shadow Sneak|p1b: Delphox
|-supereffective|p1b: Delphox|1
|-damage|p1b: Delphox|26/100
|move|p2a: Gholdengo|Make It Rain|p1a: Grimmsnarl|[spread] p1a,p1b
|-supereffective|p1a: Grimmsnarl|1
|-resisted|p1b: Delphox|1
|-damage|p1a: Grimmsnarl|44/100
|-damage|p1b: Delphox|11/100
|-unboost|p2a: Gholdengo|spa|2
|move|p1b: Delphox|Heat Wave|p2a: Gholdengo|[spread] p2a,p2b
|-supereffective|p2a: Gholdengo|1
|-damage|p2a: Gholdengo|0 fnt
|-damage|p2b: Sableye|0 fnt
|faint|p2a: Gholdengo
|faint|p2b: Sableye
|
|-weather|SunnyDay|[upkeep]
|upkeep
|
|t:|1783631632
|switch|p2b: Pyroar|Pyroar, L50, M|100/100
|turn|6
|
|t:|1783631644
|detailschange|p2b: Pyroar|Pyroar-Mega, L50, M
|-mega|p2b: Pyroar|Pyroar|Pyroarite
|move|p2b: Pyroar|Protect|p2b: Pyroar
|-singleturn|p2b: Pyroar|Protect
|move|p1a: Grimmsnarl|Parting Shot|p2b: Pyroar
|-activate|p2b: Pyroar|move: Protect
|move|p1b: Delphox|Psychic|p2b: Pyroar
|-activate|p2b: Pyroar|move: Protect
|
|-weather|SunnyDay|[upkeep]
|upkeep
|turn|7
|
|t:|1783631663
|move|p1a: Grimmsnarl|Parting Shot|p2b: Pyroar
|-unboost|p2b: Pyroar|atk|1
|-unboost|p2b: Pyroar|spa|1
|
|t:|1783631666
|switch|p1a: Garchomp|Garchomp, L50, M|54/100|[from] Parting Shot
|move|p1b: Delphox|Encore|p2b: Pyroar
|-start|p2b: Pyroar|Encore
|move|p2b: Pyroar|Protect||[still]
|-fail|p2b: Pyroar
|
|-weather|SunnyDay|[upkeep]
|upkeep
|turn|8
|-message|bcam1 forfeited.
|raw|OdieVGC's rating: 1109 → 1130(+21 for winning)
|raw|bcam1's rating: 1051 → 1036(-15 for losing)
|
|win|OdieVGC
|l|☆bcam1
|player|p2|
