|j|☆PizzaSanwitch
|j|☆JP the president
|html|PizzaSanwitchJP the president    
|uhtml|bestof|Game 1 of a best-of-3
|t:|1786151033
|gametype|doubles
|player|p1|PizzaSanwitch|266|1134
|player|p2|JP the president|steven|1150
|gen|9
|tier|[Gen 9 Champions] VGC 2026 Reg M-B (Bo3)
|rated|
|rule|Species Clause: Limit one of each Pokémon
|rule|Item Clause: Limit 1 of each item
|clearpoke
|poke|p1|Pelipper, L50, M|
|poke|p1|Archaludon, L50, M|
|poke|p1|Basculegion, L50, M|
|poke|p1|Grimmsnarl, L50, M|
|poke|p1|Charizard, L50, M|
|poke|p1|Metagross, L50|
|poke|p2|Sableye, L50, M, shiny|
|poke|p2|Incineroar, L50, M, shiny|
|poke|p2|Kingambit, L50, M, shiny|
|poke|p2|Charizard, L50, M, shiny|
|poke|p2|Venusaur, L50, M, shiny|
|poke|p2|Garchomp, L50, M|
|teampreview|4
|showteam|p1|Pelipper||SitrusBerry|Drizzle|WeatherBall,Hurricane,Tailwind,Protect|Modest||M|||50|]Archaludon||Leftovers|Stamina|ElectroShot,FlashCannon,DragonPulse,Protect|Modest||M|||50|]Basculegion||ChoiceScarf|Adaptability|WaveCrash,LastRespects,AquaJet,FlipTurn|Jolly||M|||50|]Grimmsnarl||LightClay|Prankster|SpiritBreak,Reflect,LightScreen,PartingShot|Sassy||M|||50|]Charizard||CharizarditeY|Blaze|HeatWave,WeatherBall,Hurricane,Protect|Modest||M|||50|]Metagross||Metagrossite|ClearBody|HardPress,PsychicFangs,BodyPress,Protect|Adamant|||||50|
|showteam|p2|Sableye||Leftovers|Prankster|ThunderWave,Disable,WillOWisp,Encore|Calm||M|||50|]Incineroar||SitrusBerry|Intimidate|FakeOut,FlareBlitz,PartingShot,Protect|Careful||M|||50|]Kingambit||FocusSash|Defiant|KowtowCleave,IronHead,Protect,SuckerPunch|Adamant||M|||50|]Charizard||CharizarditeY|SolarPower|HeatWave,AncientPower,Protect,SolarBeam|Hasty||M|||50|]Venusaur||OccaBerry|Chlorophyll|EarthPower,SludgeBomb,SleepPowder,Protect|Modest||M|||50|]Garchomp||LifeOrb|RoughSkin|Earthquake,Protect,RockSlide,DragonClaw|Jolly||M|||50|
|inactive|Battle timer is ON: inactive players will automatically lose when time's up. (requested by JP the president)
|inactive|PizzaSanwitch has 60 seconds left.
|
|t:|1786151109
|teamsize|p1|4
|teamsize|p2|4
|start
|switch|p1a: Grimmsnarl|Grimmsnarl, L50, M|100/100
|switch|p1b: Charizard|Charizard, L50, M|100/100
|switch|p2a: Sword|Kingambit, L50, M, shiny|100/100
|switch|p2b: Star scream|Garchomp, L50, M|100/100
|turn|1
|
|t:|1786151130
|switch|p1b: Archaludon|Archaludon, L50, M|100/100
|move|p1a: Grimmsnarl|Reflect|p1a: Grimmsnarl
|-sidestart|p1: PizzaSanwitch|Reflect
|move|p2b: Star scream|Rock Slide|p1b: Archaludon|[spread] p1b
|-miss|p2b: Star scream|p1a: Grimmsnarl
|-resisted|p1b: Archaludon|1
|-damage|p1b: Archaludon|94/100
|-ability|p1b: Archaludon|Stamina|boost
|-boost|p1b: Archaludon|def|1
|-damage|p2b: Star scream|90/100|[from] item: Life Orb
|move|p2a: Sword|Iron Head|p1a: Grimmsnarl
|-supereffective|p1a: Grimmsnarl|1
|-damage|p1a: Grimmsnarl|32/100
|
|-heal|p1b: Archaludon|100/100|[from] item: Leftovers
|upkeep
|turn|2
|inactive|PizzaSanwitch has 30 seconds left.
|inactive|JP the president has 30 seconds left.
|inactive|PizzaSanwitch has 20 seconds left.
|
|t:|1786151169
|move|p2b: Star scream|Protect|p2b: Star scream
|-singleturn|p2b: Star scream|Protect
|move|p1a: Grimmsnarl|Parting Shot|p2b: Star scream
|-activate|p2b: Star scream|move: Protect
|move|p1b: Archaludon|Electro Shot||[still]
|-prepare|p1b: Archaludon|Electro Shot
|-boost|p1b: Archaludon|spa|1
|move|p2a: Sword|Iron Head|p1a: Grimmsnarl
|-supereffective|p1a: Grimmsnarl|1
|-damage|p1a: Grimmsnarl|0 fnt
|faint|p1a: Grimmsnarl
|
|upkeep
|
|t:|1786151173
|switch|p1a: Pelipper|Pelipper, L50, M|100/100
|-weather|RainDance|[from] ability: Drizzle|[of] p1a: Pelipper
|turn|3
|
|t:|1786151195
|move|p2a: Sword|Protect|p2a: Sword
|-singleturn|p2a: Sword|Protect
|move|p2b: Star scream|Earthquake|p1b: Archaludon|[spread] p1b
|-activate|p2a: Sword|move: Protect
|-immune|p1a: Pelipper
|-supereffective|p1b: Archaludon|1
|-damage|p1b: Archaludon|65/100
|-ability|p1b: Archaludon|Stamina|boost
|-boost|p1b: Archaludon|def|1
|-damage|p2b: Star scream|80/100|[from] item: Life Orb
|move|p1b: Archaludon|Electro Shot|p2a: Sword|[from] lockedmove
|-activate|p2a: Sword|move: Protect
|move|p1a: Pelipper|Tailwind|p1a: Pelipper
|-sidestart|p1: PizzaSanwitch|move: Tailwind
|
|-weather|RainDance|[upkeep]
|-heal|p1b: Archaludon|71/100|[from] item: Leftovers
|upkeep
|turn|4
|inactive|PizzaSanwitch has 30 seconds left.
|inactive|JP the president has 30 seconds left.
|inactive|JP the president has 20 seconds left.
|inactive|JP the president has 15 seconds left.
|inactive|JP the president has 10 seconds left.
|
|t:|1786151240
|switch|p2b: Greed|Sableye, L50, M, shiny|100/100
|move|p2a: Sword|Sucker Punch|p1a: Pelipper
|-damage|p1a: Pelipper|71/100
|move|p1b: Archaludon|Electro Shot||[still]
|-prepare|p1b: Archaludon|Electro Shot
|-boost|p1b: Archaludon|spa|1
|-anim|p1b: Archaludon|Electro Shot|p2a: Sword
|-damage|p2a: Sword|27/100
|move|p1a: Pelipper|Weather Ball|p2a: Sword
|-damage|p2a: Sword|0 fnt
|faint|p2a: Sword
|
|-weather|RainDance|[upkeep]
|-heal|p1b: Archaludon|77/100|[from] item: Leftovers
|upkeep
|inactive|JP the president has 30 seconds left.
|
|t:|1786151265
|switch|p2a: Lizardo|Charizard, L50, M, shiny|100/100
|turn|5
|inactive|PizzaSanwitch has 30 seconds left.
|inactive|JP the president has 30 seconds left.
|inactive|JP the president has 20 seconds left.
|inactive|JP the president has 15 seconds left.
|
|t:|1786151308
|switch|p1a: Charizard|Charizard, L50, M|100/100
|detailschange|p2a: Lizardo|Charizard-Mega-Y, L50, M, shiny
|-mega|p2a: Lizardo|Charizard|Charizardite Y
|-weather|SunnyDay|[from] ability: Drought|[of] p2a: Lizardo
|move|p2b: Greed|Encore|p1b: Archaludon
|-start|p1b: Archaludon|Encore
|move|p1b: Archaludon|Electro Shot||[still]
|-prepare|p1b: Archaludon|Electro Shot
|-boost|p1b: Archaludon|spa|1
|move|p2a: Lizardo|Heat Wave|p1b: Archaludon|[spread] p1a,p1b
|-resisted|p1a: Charizard|1
|-damage|p1a: Charizard|62/100
|-damage|p1b: Archaludon|16/100
|-ability|p1b: Archaludon|Stamina|boost
|-boost|p1b: Archaludon|def|1
|
|-weather|SunnyDay|[upkeep]
|-heal|p1b: Archaludon|22/100|[from] item: Leftovers
|upkeep
|turn|6
|inactive|JP the president has 30 seconds left.
|
|t:|1786151340
|switch|p1a: Pelipper|Pelipper, L50, M|71/100
|-weather|RainDance|[from] ability: Drizzle|[of] p1a: Pelipper
|move|p2b: Greed|Disable|p1b: Archaludon
|-start|p1b: Archaludon|Disable|Electro Shot
|cant|p1b: Archaludon|Disable|Electro Shot
|move|p2a: Lizardo|Ancient Power|p1a: Pelipper
|-supereffective|p1a: Pelipper|1
|-damage|p1a: Pelipper|11/100
|-enditem|p1a: Pelipper|Sitrus Berry|[eat]
|-heal|p1a: Pelipper|36/100|[from] item: Sitrus Berry
|
|-weather|RainDance|[upkeep]
|-heal|p1b: Archaludon|28/100|[from] item: Leftovers
|-sideend|p1: PizzaSanwitch|move: Tailwind
|upkeep
|turn|7
|-message|PizzaSanwitch forfeited.
|
|win|JP the president
||PizzaSanwitch is ready for game 2.
||JP the president is ready for game 2.
|uhtml|next|Next: Game 2 of 3
|l|☆JP the president
|player|p2|
