|j|☆SGRspears
|j|☆Tchoubib
|html|SGRspearsTchoubib    
|uhtml|bestof|Game 2 of a best-of-3
|t:|1756583982
|gametype|doubles
|player|p1|SGRspears|hiker-gen4|1119
|player|p2|Tchoubib|cynthia|1212
|gen|9
|tier|[Gen 9] VGC 2025 Reg H (Bo3)
|rated|
|rule|Species Clause: Limit one of each Pokémon
|rule|Item Clause: Limit 1 of each item
|clearpoke
|poke|p1|Tyranitar, L50, M|
|poke|p1|Archaludon, L50, M|
|poke|p1|Empoleon, L50, F|
|poke|p1|Rillaboom, L50, M|
|poke|p1|Kingambit, L50, M|
|poke|p1|Gholdengo, L50|
|poke|p2|Sneasler, L50, F|
|poke|p2|Dragapult, L50, M|
|poke|p2|Primarina, L50, M|
|poke|p2|Rillaboom, L50, F|
|poke|p2|Kingambit, L50, M|
|poke|p2|Magmar, L50, M|
|teampreview|4
|showteam|p1|Tyranitar||GrassySeed|SandStream|RockSlide,Snarl,BodyPress,Protect|||M|||50|,,,,,Fighting]Archaludon||PowerHerb|Stamina|ElectroShot,DragonPulse,FlashCannon,Protect|||M|||50|,,,,,Electric]Empoleon||SafetyGoggles|Competitive|FlashCannon,WaterPledge,IcyWind,Protect|||F|||50|,,,,,Water]Rillaboom||CovertCloak|GrassySurge|GrassyGlide,KnockOff,FakeOut,GrassPledge|||M|||50|,,,,,Grass]Kingambit||AssaultVest|Defiant|KowtowCleave,BrickBreak,IronHead,AerialAce|||M|||50|,,,,,Dark]Gholdengo||LifeOrb|GoodasGold|Protect,NastyPlot,MakeItRain,ShadowBall||||||50|,,,,,Steel
|showteam|p2|Sneasler||FocusSash|PoisonTouch|CloseCombat,DireClaw,FakeOut,Protect|||F|||50|,,,,,Stellar]Dragapult||ChoiceBand|ClearBody|DragonDarts,TeraBlast,PhantomForce,Uturn|||M|||50|,,,,,Ghost]Primarina||SitrusBerry|LiquidVoice|HyperVoice,Moonblast,Haze,Protect|||M|||50|,,,,,Water]Rillaboom||AssaultVest|GrassySurge|WoodHammer,GrassyGlide,HighHorsepower,FakeOut|||F|||50|,,,,,Fire]Kingambit||BlackGlasses|Defiant|KowtowCleave,SuckerPunch,SwordsDance,Protect|||M|||50|,,,,,Ghost]Magmar||Eviolite|VitalSpirit|Flamethrower,WillOWisp,FollowMe,Protect|||M|||50|,,,,,Ghost
|
|t:|1756584025
|teamsize|p1|4
|teamsize|p2|4
|start
|switch|p1a: Rillaboom|Rillaboom, L50, M|100/100
|switch|p1b: Empoleon|Empoleon, L50, F|100/100
|switch|p2a: Sneasler|Sneasler, L50, F|100/100
|switch|p2b: Dragapult|Dragapult, L50, M|100/100
|-fieldstart|move: Grassy Terrain|[from] ability: Grassy Surge|[of] p1a: Rillaboom
|turn|1
|
|t:|1756584038
|move|p2a: Sneasler|Fake Out|p1b: Empoleon
|-resisted|p1b: Empoleon
|-damage|p1b: Empoleon|93/100
|move|p1a: Rillaboom|Fake Out|p2a: Sneasler
|-damage|p2a: Sneasler|81/100
|move|p2b: Dragapult|U-turn|p1a: Rillaboom
|-supereffective|p1a: Rillaboom
|-crit|p1a: Rillaboom
|-damage|p1a: Rillaboom|19/100
|
|t:|1756584052
|switch|p2b: Magmar|Magmar, L50, M|100/100|[from] U-turn
|cant|p1b: Empoleon|flinch
|
|-heal|p2a: Sneasler|87/100|[from] Grassy Terrain
|-heal|p1a: Rillaboom|25/100|[from] Grassy Terrain
|-heal|p1b: Empoleon|98/100|[from] Grassy Terrain
|upkeep
|turn|2
|
|t:|1756584080
|move|p1b: Empoleon|Protect|p1b: Empoleon
|-singleturn|p1b: Empoleon|Protect
|move|p2a: Sneasler|Close Combat|p1b: Empoleon
|-activate|p1b: Empoleon|move: Protect
|move|p2b: Magmar|Flamethrower|p1a: Rillaboom
|-supereffective|p1a: Rillaboom
|-damage|p1a: Rillaboom|0 fnt
|faint|p1a: Rillaboom
|
|-heal|p2a: Sneasler|93/100|[from] Grassy Terrain
|-heal|p1b: Empoleon|100/100|[from] Grassy Terrain
|upkeep
|
|t:|1756584092
|switch|p1a: Gholdengo|Gholdengo, L50|100/100
|turn|3
|
|t:|1756584128
|-terastallize|p1a: Gholdengo|Steel
|move|p1b: Empoleon|Protect|p1b: Empoleon
|-singleturn|p1b: Empoleon|Protect
|move|p2a: Sneasler|Close Combat|p1b: Empoleon
|-activate|p1b: Empoleon|move: Protect
|move|p1a: Gholdengo|Make It Rain|p2a: Sneasler|[spread] p2a,p2b
|-resisted|p2b: Magmar
|-damage|p2a: Sneasler|0 fnt
|-damage|p2b: Magmar|63/100
|-unboost|p1a: Gholdengo|spa|1
|faint|p2a: Sneasler
|-damage|p1a: Gholdengo|91/100|[from] item: Life Orb
|move|p2b: Magmar|Flamethrower|p1a: Gholdengo
|-supereffective|p1a: Gholdengo
|-damage|p1a: Gholdengo|15/100
|
|-heal|p1a: Gholdengo|21/100|[from] Grassy Terrain
|-heal|p2b: Magmar|69/100|[from] Grassy Terrain
|upkeep
|
|t:|1756584153
|switch|p2a: Kingambit|Kingambit, L50, M|100/100
|turn|4
|
|t:|1756584203
|switch|p1a: Kingambit|Kingambit, L50, M|100/100
|move|p2b: Magmar|Protect|p2b: Magmar
|-singleturn|p2b: Magmar|Protect
|move|p1b: Empoleon|Icy Wind|p2b: Magmar|[spread] p2a
|-activate|p2b: Magmar|move: Protect
|-resisted|p2a: Kingambit
|-damage|p2a: Kingambit|94/100
|-unboost|p2a: Kingambit|spe|1
|-ability|p2a: Kingambit|Defiant|boost
|-boost|p2a: Kingambit|atk|2
|move|p2a: Kingambit|Kowtow Cleave|p1a: Kingambit
|-resisted|p1a: Kingambit
|-damage|p1a: Kingambit|55/100
|
|-heal|p2b: Magmar|74/100|[from] Grassy Terrain
|-heal|p1a: Kingambit|61/100|[from] Grassy Terrain
|-heal|p2a: Kingambit|100/100|[from] Grassy Terrain
|upkeep
|turn|5
|
|t:|1756584245
|move|p2a: Kingambit|Sucker Punch|p1a: Kingambit
|-resisted|p1a: Kingambit
|-damage|p1a: Kingambit|23/100
|move|p2b: Magmar|Flamethrower|p1a: Kingambit
|-supereffective|p1a: Kingambit
|-damage|p1a: Kingambit|0 fnt
|faint|p1a: Kingambit
|move|p1b: Empoleon|Water Pledge|p2b: Magmar
|-supereffective|p2b: Magmar
|-damage|p2b: Magmar|12/100
|
|-heal|p2b: Magmar|17/100|[from] Grassy Terrain
|-fieldend|move: Grassy Terrain
|upkeep
|
|t:|1756584256
|switch|p1a: Gholdengo|Gholdengo, L50, tera:Steel|21/100
|turn|6
|
|t:|1756584288
|move|p1a: Gholdengo|Protect|p1a: Gholdengo
|-singleturn|p1a: Gholdengo|Protect
|move|p2b: Magmar|Flamethrower|p1a: Gholdengo
|-activate|p1a: Gholdengo|move: Protect
|move|p1b: Empoleon|Water Pledge|p2a: Kingambit
|-damage|p2a: Kingambit|61/100
|move|p2a: Kingambit|Kowtow Cleave|p1b: Empoleon
|-crit|p1b: Empoleon
|-damage|p1b: Empoleon|0 fnt
|faint|p1b: Empoleon
|
|upkeep
|turn|7
|
|t:|1756584303
|move|p2a: Kingambit|Sucker Punch|p1a: Gholdengo
|-damage|p1a: Gholdengo|0 fnt
|faint|p1a: Gholdengo
|
|win|Tchoubib
|raw|SGRspears's rating: 1119 → 1101(-18 for losing)
|raw|Tchoubib's rating: 1212 → 1230(+18 for winning)
|l|☆SGRspears
|player|p1|
|j|☆SGRspears
|player|p1|SGRspears|hiker-gen4|
|l|☆SGRspears
|player|p1|
