|j|☆randomguy1114s
|j|☆CallMeDG
|html|randomguy1114sCallMeDG    
|uhtml|bestof|Game 1 of a best-of-3
|t:|1756863703
|gametype|doubles
|player|p1|randomguy1114s|lillie-masters|1141
|player|p2|CallMeDG|byron|1108
|gen|9
|tier|[Gen 9] VGC 2025 Reg H (Bo3)
|rated|
|rule|Species Clause: Limit one of each Pokémon
|rule|Item Clause: Limit 1 of each item
|clearpoke
|poke|p1|Garchomp, L50, F|
|poke|p1|Tyranitar, L50, M|
|poke|p1|Ursaluna-Bloodmoon, L50, M|
|poke|p1|Talonflame, L50, M|
|poke|p1|Glimmora, L50, M|
|poke|p1|Archaludon, L50, M|
|poke|p2|Dragonite, L50, M|
|poke|p2|Ninetales, L50, F|
|poke|p2|Typhlosion-Hisui, L50, F|
|poke|p2|Gothitelle, L50, F|
|poke|p2|Clefable, L50, F|
|poke|p2|Lilligant-Hisui, L50, F|
|teampreview|4
|showteam|p1|Garchomp||ClearAmulet|SandVeil|Earthquake,DragonClaw,StompingTantrum,Protect|||F|||50|,,,,,Steel]Tyranitar||AssaultVest|SandStream|RockSlide,KnockOff,TeraBlast,LowKick|||M|||50|,,,,,Flying]Ursaluna-Bloodmoon||LifeOrb|MindsEye|BloodMoon,HyperVoice,EarthPower,Protect|||M|||50|,,,,,Normal]Talonflame||SafetyGoggles|FlameBody|Tailwind,FlareBlitz,BraveBird,WillOWisp|||M|||50|,,,,,Ghost]Glimmora||FocusSash|ToxicDebris|SludgeWave,PowerGem,EarthPower,SpikyShield|||M|||50|,,,,,Stellar]Archaludon||PowerHerb|Sturdy|ElectroShot,FlashCannon,DragonPulse,Protect|||M|||50|,,,,,Electric
|showteam|p2|Dragonite||AssaultVest|InnerFocus|StompingTantrum,ExtremeSpeed,IceSpinner,TeraBlast|||M|||50|,,,,,Flying]Ninetales||CovertCloak|Drought|HeatWave,Snarl,Disable,HelpingHand|||F|||50|,,,,,Ghost]Typhlosion-Hisui||ChoiceScarf|Blaze|Eruption,FocusBlast,SolarBeam,Flamethrower|||F|||50|,,,,,Fire]Gothitelle||Leftovers|ShadowTag|FakeOut,Psychic,Protect,Taunt|||F|||50|,,,,,Dark]Clefable||SafetyGoggles|Unaware|Moonblast,KnockOff,HelpingHand,FollowMe|||F|||50|,,,,,Steel]Lilligant-Hisui||FocusSash|Chlorophyll|AxeKick,SolarBlade,VictoryDance,SleepPowder|||F|||50|,,,,,Ghost
|inactive|Battle timer is ON: inactive players will automatically lose when time's up. (requested by CallMeDG)
|
|t:|1756863728
|teamsize|p1|4
|teamsize|p2|4
|start
|switch|p1a: Talonflame|Talonflame, L50, M, shiny|100/100
|switch|p1b: Garchomp|Garchomp, L50, F, shiny|100/100
|switch|p2a: Clefable|Clefable, L50, F, shiny|100/100
|switch|p2b: Lilligant|Lilligant-Hisui, L50, F, shiny|100/100
|turn|1
|
|t:|1756863747
|move|p2a: Clefable|Follow Me|p2a: Clefable
|-singleturn|p2a: Clefable|move: Follow Me
|move|p1a: Talonflame|Brave Bird|p2a: Clefable
|-damage|p2a: Clefable|66/100
|-damage|p1a: Talonflame|86/100|[from] Recoil
|move|p1b: Garchomp|Earthquake|p2b: Lilligant|[spread] p2a,p2b
|-immune|p1a: Talonflame
|-resisted|p2b: Lilligant
|-damage|p2a: Clefable|36/100
|-damage|p2b: Lilligant|72/100
|move|p2b: Lilligant|Sleep Powder|p1b: Garchomp|[miss]
|-miss|p2b: Lilligant|p1b: Garchomp
|
|upkeep
|turn|2
|inactive|randomguy1114s has 30 seconds left.
|inactive|CallMeDG has 30 seconds left.
|
|t:|1756863791
|move|p1b: Garchomp|Protect|p1b: Garchomp
|-singleturn|p1b: Garchomp|Protect
|move|p2a: Clefable|Follow Me|p2a: Clefable
|-singleturn|p2a: Clefable|move: Follow Me
|move|p1a: Talonflame|Brave Bird|p2a: Clefable
|-damage|p2a: Clefable|2/100
|-damage|p1a: Talonflame|71/100|[from] Recoil
|move|p2b: Lilligant|Sleep Powder|p1b: Garchomp
|-activate|p1b: Garchomp|move: Protect
|
|upkeep
|turn|3
|
|t:|1756863807
|move|p2a: Clefable|Follow Me|p2a: Clefable
|-singleturn|p2a: Clefable|move: Follow Me
|move|p1a: Talonflame|Tailwind|p1a: Talonflame
|-sidestart|p1: randomguy1114s|move: Tailwind
|move|p1b: Garchomp|Earthquake|p2b: Lilligant|[spread] p2a,p2b
|-immune|p1a: Talonflame
|-resisted|p2b: Lilligant
|-damage|p2a: Clefable|0 fnt
|-damage|p2b: Lilligant|43/100
|faint|p2a: Clefable
|move|p2b: Lilligant|Sleep Powder|p1b: Garchomp
|-status|p1b: Garchomp|slp|[from] move: Sleep Powder
|
|upkeep
|
|t:|1756863813
|switch|p2a: Ninetales|Ninetales, L50, F, shiny|100/100
|-weather|SunnyDay|[from] ability: Drought|[of] p2a: Ninetales
|turn|4
|
|t:|1756863828
|switch|p2b: Dragonite|Dragonite, L50, M, shiny|100/100
|move|p1a: Talonflame|Brave Bird|p2b: Dragonite
|-damage|p2b: Dragonite|56/100
|-damage|p1a: Talonflame|52/100|[from] Recoil
|cant|p1b: Garchomp|slp
|move|p2a: Ninetales|Disable|p1a: Talonflame
|-start|p1a: Talonflame|Disable|Brave Bird
|
|-weather|SunnyDay|[upkeep]
|upkeep
|turn|5
|
|t:|1756863848
|move|p1a: Talonflame|Will-O-Wisp|p2b: Dragonite
|-status|p2b: Dragonite|brn
|cant|p1b: Garchomp|slp
|move|p2a: Ninetales|Heat Wave|p1a: Talonflame|[spread] p1a,p1b
|-resisted|p1a: Talonflame
|-resisted|p1b: Garchomp
|-damage|p1a: Talonflame|18/100
|-damage|p1b: Garchomp|78/100 slp
|move|p2b: Dragonite|Ice Spinner|p1b: Garchomp
|-supereffective|p1b: Garchomp
|-damage|p1b: Garchomp|17/100 slp
|
|-weather|SunnyDay|[upkeep]
|-damage|p2b: Dragonite|50/100 brn|[from] brn
|upkeep
|turn|6
|
|t:|1756863869
|switch|p1a: the tank|Tyranitar, L50, M, shiny|100/100
|-weather|Sandstorm|[from] ability: Sand Stream|[of] p1a: the tank
|move|p2b: Dragonite|Extreme Speed|p1a: the tank
|-resisted|p1a: the tank
|-damage|p1a: the tank|94/100
|cant|p1b: Garchomp|slp
|move|p2a: Ninetales|Heat Wave|p1a: the tank|[spread] 
|-miss|p2a: Ninetales|p1a: the tank
|-miss|p2a: Ninetales|p1b: Garchomp
|
|-weather|Sandstorm|[upkeep]
|-damage|p2a: Ninetales|94/100|[from] Sandstorm
|-damage|p2b: Dragonite|44/100 brn|[from] Sandstorm
|-damage|p2b: Dragonite|38/100 brn|[from] brn
|-sideend|p1: randomguy1114s|move: Tailwind
|upkeep
|turn|7
|inactive|randomguy1114s has 30 seconds left.
|
|t:|1756863895
|-curestatus|p1b: Garchomp|slp|[msg]
|move|p1b: Garchomp|Protect|p1b: Garchomp
|-singleturn|p1b: Garchomp|Protect
|move|p2a: Ninetales|Heat Wave|p1a: the tank|[spread] p1a
|-activate|p1b: Garchomp|move: Protect
|-resisted|p1a: the tank
|-damage|p1a: the tank|88/100
|move|p1a: the tank|Rock Slide|p2b: Dragonite|[spread] p2a,p2b
|-supereffective|p2a: Ninetales
|-crit|p2a: Ninetales
|-supereffective|p2b: Dragonite
|-damage|p2a: Ninetales|0 fnt
|-damage|p2b: Dragonite|0 fnt
|faint|p2a: Ninetales
|faint|p2b: Dragonite
|
|-weather|Sandstorm|[upkeep]
|upkeep
|
|t:|1756863904
|switch|p2b: Lilligant|Lilligant-Hisui, L50, F, shiny|43/100
|turn|8
|-message|CallMeDG forfeited.
|
|win|randomguy1114s
|l|☆CallMeDG
|player|p2|
||CallMeDG is ready for game 2.
|inactive|randomguy1114s has 30 seconds to confirm battle start!
|inactive|randomguy1114s has 20 seconds to confirm battle start!
