|j|☆huntr/x rumi
|j|☆TheMarrsterVGC
|html|huntr/x rumiTheMarrsterVGC    
|uhtml|bestof|Game 3 of a best-of-3
|t:|1756401712
|gametype|doubles
|player|p1|huntr/x rumi|guitarist|1275
|player|p2|TheMarrsterVGC|266|1233
|gen|9
|tier|[Gen 9] VGC 2025 Reg H (Bo3)
|rated|
|rule|Species Clause: Limit one of each Pokémon
|rule|Item Clause: Limit 1 of each item
|clearpoke
|poke|p1|Grimmsnarl, L50, M|
|poke|p1|Incineroar, L50, F|
|poke|p1|Gliscor, L50, M|
|poke|p1|Archaludon, L50, F|
|poke|p1|Sinistcha, L50|
|poke|p1|Pelipper, L50, F|
|poke|p2|Ursaluna, L50, M|
|poke|p2|Pelipper, L50, F|
|poke|p2|Archaludon, L50, F|
|poke|p2|Sinistcha, L50|
|poke|p2|Dragonite, L50, F|
|poke|p2|Gholdengo, L50|
|teampreview|4
|showteam|p1|Grimmsnarl||LightClay|Prankster|SpiritBreak,Reflect,LightScreen,ThunderWave|||M|||50|,,,,,Ghost]Incineroar||SafetyGoggles|Intimidate|FlareBlitz,KnockOff,FakeOut,PartingShot|||F|||50|,,,,,Ghost]Gliscor||ToxicOrb|PoisonHeal|DualWingbeat,HighHorsepower,SwordsDance,Protect|||M|||50|,,,,,Water]Archaludon||PowerHerb|Stalwart|ElectroShot,DracoMeteor,Thunderbolt,Protect|||F|||50|,,,,,Electric]Sinistcha||AssaultVest|Hospitality|MatchaGotcha,ShadowBall,Scald,Hex||||||50|,,,,,Water]Pelipper||FocusSash|Drizzle|WeatherBall,Hurricane,Tailwind,Protect|||F|||50|,,,,,Ghost
|showteam|p2|Ursaluna||FlameOrb|Guts|Facade,HeadlongRush,Earthquake,Protect|||M|||50|,,,,,Ghost]Pelipper||FocusSash|Drizzle|MuddyWater,Hurricane,Tailwind,Protect|||F|||50|,,,,,Ghost]Archaludon||AssaultVest|Stamina|ElectroShot,Snarl,BodyPress,DragonPulse|||F|||50|,,,,,Grass]Sinistcha||SitrusBerry|Hospitality|MatchaGotcha,RagePowder,TrickRoom,LifeDew||||||50|,,,,,Dark]Dragonite||LoadedDice|Multiscale|ScaleShot,Tailwind,Haze,Protect|||F|||50|,,,,,Fairy]Gholdengo||ChoiceScarf|GoodasGold|MakeItRain,ShadowBall,PowerGem,Trick||||||50|,,,,,Steel
|inactive|Battle timer is ON: inactive players will automatically lose when time's up. (requested by TheMarrsterVGC)
|
|t:|1756401733
|teamsize|p1|4
|teamsize|p2|4
|start
|switch|p1a: Grimmsnarl|Grimmsnarl, L50, M|100/100
|switch|p1b: Incineroar|Incineroar, L50, F|100/100
|switch|p2a: Dragonite|Dragonite, L50, F|100/100
|switch|p2b: Gholdengo|Gholdengo, L50|100/100
|-ability|p1b: Incineroar|Intimidate|boost
|-unboost|p2a: Dragonite|atk|1
|-unboost|p2b: Gholdengo|atk|1
|turn|1
|inactive|huntr/x rumi has 30 seconds left.
|inactive|huntr/x rumi has 20 seconds left.
|
|t:|1756401775
|switch|p2b: Archaludon|Archaludon, L50, F|100/100
|move|p2a: Dragonite|Protect|p2a: Dragonite
|-singleturn|p2a: Dragonite|Protect
|move|p1a: Grimmsnarl|Light Screen|p1a: Grimmsnarl
|-sidestart|p1: huntr/x rumi|move: Light Screen
|move|p1b: Incineroar|Knock Off|p2b: Archaludon
|-damage|p2b: Archaludon|71/100
|-ability|p2b: Archaludon|Stamina|boost
|-boost|p2b: Archaludon|def|1
|-enditem|p2b: Archaludon|Assault Vest|[from] move: Knock Off|[of] p1b: Incineroar
|
|upkeep
|turn|2
|inactive|TheMarrsterVGC has 30 seconds left.
|
|t:|1756401804
|move|p1a: Grimmsnarl|Thunder Wave|p2b: Archaludon
|-status|p2b: Archaludon|par
|move|p2a: Dragonite|Scale Shot|p1b: Incineroar
|-damage|p1b: Incineroar|91/100
|-damage|p1b: Incineroar|81/100
|-damage|p1b: Incineroar|72/100
|-damage|p1b: Incineroar|62/100
|-damage|p1b: Incineroar|53/100
|-hitcount|p1b: Incineroar|5
|-unboost|p2a: Dragonite|def|1
|-boost|p2a: Dragonite|spe|1
|move|p1b: Incineroar|Parting Shot|p2b: Archaludon
|-unboost|p2b: Archaludon|atk|1
|-unboost|p2b: Archaludon|spa|1
|
|t:|1756401818
|switch|p1b: Sinistcha|Sinistcha, L50|100/100|[from] Parting Shot
|move|p2b: Archaludon|Electro Shot||[still]
|-prepare|p2b: Archaludon|Electro Shot
|-boost|p2b: Archaludon|spa|1
|
|upkeep
|turn|3
|
|t:|1756401832
|move|p2a: Dragonite|Protect|p2a: Dragonite
|-singleturn|p2a: Dragonite|Protect
|move|p1a: Grimmsnarl|Reflect|p1a: Grimmsnarl
|-sidestart|p1: huntr/x rumi|Reflect
|move|p1b: Sinistcha|Hex|p2b: Archaludon
|-damage|p2b: Archaludon|3/100 par
|-ability|p2b: Archaludon|Stamina|boost
|-boost|p2b: Archaludon|def|1
|move|p2b: Archaludon|Electro Shot|p1b: Sinistcha|[from] lockedmove
|-resisted|p1b: Sinistcha
|-damage|p1b: Sinistcha|92/100
|
|upkeep
|turn|4
|
|t:|1756401851
|move|p2a: Dragonite|Tailwind|p2a: Dragonite
|-sidestart|p2: TheMarrsterVGC|move: Tailwind
|move|p2b: Archaludon|Snarl|p1a: Grimmsnarl|[spread] p1a,p1b
|-resisted|p1a: Grimmsnarl
|-supereffective|p1b: Sinistcha
|-damage|p1a: Grimmsnarl|99/100
|-damage|p1b: Sinistcha|81/100
|-unboost|p1a: Grimmsnarl|spa|1
|-unboost|p1b: Sinistcha|spa|1
|move|p1b: Sinistcha|Matcha Gotcha|p2b: Archaludon|[spread] p2a,p2b
|-resisted|p2a: Dragonite
|-resisted|p2b: Archaludon
|-damage|p2a: Dragonite|99/100
|-heal|p1b: Sinistcha|82/100|[from] drain|[of] p2a: Dragonite
|-damage|p2b: Archaludon|0 fnt
|-heal|p1b: Sinistcha|83/100|[from] drain|[of] p2b: Archaludon
|faint|p2b: Archaludon
|move|p1a: Grimmsnarl|Spirit Break|p2a: Dragonite
|-supereffective|p2a: Dragonite
|-damage|p2a: Dragonite|0 fnt
|faint|p2a: Dragonite
|
|upkeep
|
|t:|1756401866
|switch|p2a: Gholdengo|Gholdengo, L50|100/100
|switch|p2b: Ursaluna|Ursaluna, L50, M|100/100
|turn|5
|inactive|TheMarrsterVGC has 30 seconds left.
|
|t:|1756401894
|switch|p1b: Incineroar|Incineroar, L50, F|53/100
|-ability|p1b: Incineroar|Intimidate|boost
|-unboost|p2a: Gholdengo|atk|1
|-unboost|p2b: Ursaluna|atk|1
|move|p2a: Gholdengo|Shadow Ball|p1b: Incineroar
|-resisted|p1b: Incineroar
|-damage|p1b: Incineroar|39/100
|move|p2b: Ursaluna|Headlong Rush|p1b: Incineroar
|-supereffective|p1b: Incineroar
|-damage|p1b: Incineroar|0 fnt
|-unboost|p2b: Ursaluna|def|1
|-unboost|p2b: Ursaluna|spd|1
|faint|p1b: Incineroar
|move|p1a: Grimmsnarl|Spirit Break|p2a: Gholdengo
|-resisted|p2a: Gholdengo
|-damage|p2a: Gholdengo|82/100
|-unboost|p2a: Gholdengo|spa|1
|
|-status|p2b: Ursaluna|brn|[from] item: Flame Orb
|upkeep
|inactive|huntr/x rumi has 30 seconds left.
|
|t:|1756401922
|switch|p1b: Sinistcha|Sinistcha, L50|83/100
|-heal|p1a: Grimmsnarl|100/100|[from] ability: Hospitality|[of] p1b: Sinistcha
|turn|6
|
|t:|1756401932
|move|p2a: Gholdengo|Shadow Ball|p1b: Sinistcha
|-supereffective|p1b: Sinistcha
|-damage|p1b: Sinistcha|53/100
|-unboost|p1b: Sinistcha|spd|1
|move|p2b: Ursaluna|Headlong Rush|p1b: Sinistcha
|-resisted|p1b: Sinistcha
|-damage|p1b: Sinistcha|28/100
|-unboost|p2b: Ursaluna|def|1
|-unboost|p2b: Ursaluna|spd|1
|move|p1b: Sinistcha|Shadow Ball|p2a: Gholdengo
|-supereffective|p2a: Gholdengo
|-damage|p2a: Gholdengo|0 fnt
|faint|p2a: Gholdengo
|move|p1a: Grimmsnarl|Spirit Break|p2b: Ursaluna
|-damage|p2b: Ursaluna|54/100 brn
|-unboost|p2b: Ursaluna|spa|1
|
|-damage|p2b: Ursaluna|48/100 brn|[from] brn
|upkeep
|turn|7
|
|t:|1756401958
|-terastallize|p1a: Grimmsnarl|Ghost
|move|p2b: Ursaluna|Headlong Rush|p1a: Grimmsnarl
|-damage|p1a: Grimmsnarl|54/100
|-unboost|p2b: Ursaluna|def|1
|-unboost|p2b: Ursaluna|spd|1
|move|p1b: Sinistcha|Scald|p2b: Ursaluna
|-supereffective|p2b: Ursaluna
|-damage|p2b: Ursaluna|0 fnt
|faint|p2b: Ursaluna
|
|win|huntr/x rumi
|raw|huntr/x rumi's rating: 1275 → 1297(+22 for winning)
|raw|TheMarrsterVGC's rating: 1233 → 1211(-22 for losing)
|c|☆TheMarrsterVGC|Cringe team
|c|☆TheMarrsterVGC|ggwp
|c|☆huntr/x rumi|u2
|c|☆huntr/x rumi|ggwp
|c|☆TheMarrsterVGC|Thank you, have a nice day !!!
|c|☆huntr/x rumi|u2
|l|☆TheMarrsterVGC
|player|p2|
