|j|☆Jacrepid
|j|☆Gestral
|html|JacrepidGestral    
|uhtml|bestof|Game 1 of a best-of-3
|t:|1756925175
|gametype|doubles
|player|p1|Jacrepid|101|1118
|player|p2|Gestral|170|1069
|gen|9
|tier|[Gen 9] VGC 2025 Reg H (Bo3)
|rated|
|rule|Species Clause: Limit one of each Pokémon
|rule|Item Clause: Limit 1 of each item
|clearpoke
|poke|p1|Archaludon, L50, M|
|poke|p1|Pelipper, L50, M|
|poke|p1|Basculegion, L50, M|
|poke|p1|Sinistcha, L50|
|poke|p1|Incineroar, L50, M|
|poke|p1|Klefki, L50, M|
|poke|p2|Sneasler, L50, F|
|poke|p2|Kingambit, L50, F|
|poke|p2|Garchomp, L50, M|
|poke|p2|Gholdengo, L50|
|poke|p2|Murkrow, L50, M|
|poke|p2|Incineroar, L50, F|
|teampreview|4
|showteam|p1|Archaludon||AssaultVest|Stamina|ElectroShot,BodyPress,FlashCannon,DracoMeteor|||M|||50|,,,,,Bug]Pelipper||FocusSash|Drizzle|Tailwind,Protect,WeatherBall,Hurricane|||M|||50|,,,,,Stellar]Basculegion||ChoiceBand|SwiftSwim|WaveCrash,FlipTurn,LastRespects,TeraBlast|||M|||50|,,,,,Grass]Sinistcha||RockyHelmet|Hospitality|RagePowder,TrickRoom,LifeDew,MatchaGotcha||||||50|,,,,,Water]Incineroar||SafetyGoggles|Intimidate|FakeOut,KnockOff,FlareBlitz,PartingShot|||M|||50|,,,,,Ghost]Klefki||MentalHerb|Prankster|LightScreen,Reflect,ThunderWave,RainDance|||M|||50|,,,,,Grass
|showteam|p2|Sneasler||FocusSash|PoisonTouch|FakeOut,CloseCombat,DireClaw,Protect|||F|||50|,,,,,Flying]Kingambit||AssaultVest|Defiant|LowKick,KowtowCleave,SuckerPunch,IronHead|||F|||50|,,,,,Dark]Garchomp||LifeOrb|RoughSkin|StompingTantrum,Earthquake,DragonClaw,Protect|||M|||50|,,,,,Ground]Gholdengo||ChoiceScarf|GoodasGold|Psychic,ShadowBall,MakeItRain,DazzlingGleam||||||50|,,,,,Fairy]Murkrow||CovertCloak|Prankster|Tailwind,Haze,FoulPlay,Protect|||M|||50|,,,,,Dark]Incineroar||SitrusBerry|Intimidate|FlareBlitz,KnockOff,FakeOut,PartingShot|||F|||50|,,,,,Ghost
|inactive|Battle timer is ON: inactive players will automatically lose when time's up. (requested by Gestral)
|l|☆Gestral
|inactive|Gestral disconnected and has a minute to reconnect!
|player|p2|
|inactive|Jacrepid has 60 seconds left.
|j|☆Gestral
|inactive|Gestral reconnected.
|player|p2|Gestral|170|
|
|t:|1756925254
|teamsize|p1|4
|teamsize|p2|4
|start
|switch|p1a: Pelipper|Pelipper, L50, M|100/100
|switch|p1b: Basculegion|Basculegion, L50, M|100/100
|switch|p2a: Sneasler|Sneasler, L50, F, shiny|100/100
|switch|p2b: Garchomp|Garchomp, L50, M|100/100
|-weather|RainDance|[from] ability: Drizzle|[of] p1a: Pelipper
|turn|1
|l|☆Gestral
|inactive|Gestral disconnected and has a minute to reconnect!
|player|p2|
|inactive|Gestral has 30 seconds left.
|j|☆Gestral
|inactive|Gestral reconnected and has 25 seconds left.
|player|p2|Gestral|170|
|inactive|Gestral has 20 seconds left.
|inactive|Gestral has 15 seconds left.
|inactive|Gestral has 10 seconds left.
|
|t:|1756925303
|switch|p2b: Kingambit|Kingambit, L50, F|100/100
|move|p1b: Basculegion|Flip Turn|p2a: Sneasler
|-enditem|p2a: Sneasler|Focus Sash
|-damage|p2a: Sneasler|1/100
|
|t:|1756925310
|switch|p1b: Klefki|Klefki, L50, M|100/100|[from] Flip Turn
|move|p2a: Sneasler|Dire Claw|p1a: Pelipper
|-damage|p1a: Pelipper|50/100
|move|p1a: Pelipper|Tailwind|p1a: Pelipper
|-sidestart|p1: Jacrepid|move: Tailwind
|
|-weather|RainDance|[upkeep]
|upkeep
|turn|2
|inactive|Gestral has 30 seconds left.
|inactive|Gestral has 20 seconds left.
|
|t:|1756925349
|move|p1b: Klefki|Reflect|p1b: Klefki
|-sidestart|p1: Jacrepid|Reflect
|move|p1a: Pelipper|Weather Ball|p2a: Sneasler
|-damage|p2a: Sneasler|0 fnt
|faint|p2a: Sneasler
|move|p2b: Kingambit|Low Kick|p1b: Klefki
|-damage|p1b: Klefki|95/100
|
|-weather|RainDance|[upkeep]
|upkeep
|
|t:|1756925357
|switch|p2a: Garchomp|Garchomp, L50, M|100/100
|turn|3
|
|t:|1756925378
|move|p1b: Klefki|Thunder Wave|p2b: Kingambit
|-hint|Since gen 7, Dark is immune to Prankster moves.
|-immune|p2b: Kingambit
|move|p1a: Pelipper|Weather Ball|p2a: Garchomp
|-damage|p2a: Garchomp|22/100
|move|p2a: Garchomp|Stomping Tantrum|p1b: Klefki
|-supereffective|p1b: Klefki
|-damage|p1b: Klefki|25/100
|-damage|p2a: Garchomp|12/100|[from] item: Life Orb
|move|p2b: Kingambit|Kowtow Cleave|p1a: Pelipper
|-damage|p1a: Pelipper|5/100
|
|-weather|RainDance|[upkeep]
|upkeep
|turn|4
|inactive|Gestral has 30 seconds left.
|
|t:|1756925412
|move|p1b: Klefki|Light Screen|p1b: Klefki
|-sidestart|p1: Jacrepid|move: Light Screen
|move|p2b: Kingambit|Sucker Punch|p1a: Pelipper
|-damage|p1a: Pelipper|0 fnt
|faint|p1a: Pelipper
|move|p2a: Garchomp|Stomping Tantrum|p1b: Klefki
|-supereffective|p1b: Klefki
|-damage|p1b: Klefki|0 fnt
|faint|p1b: Klefki
|-damage|p2a: Garchomp|3/100|[from] item: Life Orb
|
|-weather|RainDance|[upkeep]
|-sideend|p1: Jacrepid|move: Tailwind
|upkeep
|
|t:|1756925425
|switch|p1a: Archaludon|Archaludon, L50, M, shiny|100/100
|switch|p1b: Basculegion|Basculegion, L50, M|100/100
|turn|5
|inactive|Jacrepid has 30 seconds left.
|
|t:|1756925451
|-terastallize|p1b: Basculegion|Grass
|-terastallize|p2b: Kingambit|Dark
|move|p2a: Garchomp|Protect|p2a: Garchomp
|-singleturn|p2a: Garchomp|Protect
|move|p1b: Basculegion|Last Respects|p2b: Kingambit
|-resisted|p2b: Kingambit
|-damage|p2b: Kingambit|57/100
|move|p1a: Archaludon|Electro Shot||[still]
|-prepare|p1a: Archaludon|Electro Shot
|-boost|p1a: Archaludon|spa|1
|-anim|p1a: Archaludon|Electro Shot|p2b: Kingambit
|-damage|p2b: Kingambit|19/100
|move|p2b: Kingambit|Low Kick|p1a: Archaludon
|-supereffective|p1a: Archaludon
|-damage|p1a: Archaludon|72/100
|-ability|p1a: Archaludon|Stamina|boost
|-boost|p1a: Archaludon|def|1
|
|-weather|none
|upkeep
|turn|6
|inactive|Gestral has 30 seconds left.
|
|t:|1756925481
|move|p2a: Garchomp|Dragon Claw|p1b: Basculegion
|-damage|p1b: Basculegion|49/100
|-damage|p2a: Garchomp|0 fnt|[from] item: Life Orb
|faint|p2a: Garchomp
|move|p1b: Basculegion|Last Respects|p2b: Kingambit
|-resisted|p2b: Kingambit
|-damage|p2b: Kingambit|0 fnt
|faint|p2b: Kingambit
|move|p1a: Archaludon|Body Press|p2: Garchomp|[notarget]
|-fail|p1a: Archaludon
|
|-sideend|p1: Jacrepid|Reflect
|upkeep
|
|t:|1756925489
|switch|p2b: Gholdengo|Gholdengo, L50|100/100
|turn|7
|-message|Gestral forfeited.
|raw|Jacrepid's rating: 1118 → 1139(+21 for winning)
|raw|Gestral's rating: 1069 → 1052(-17 for losing)
|
|win|Jacrepid
|l|☆Gestral
|player|p2|
