|j|☆VOVOMAXBEN10
|j|☆sum1dum
|html|VOVOMAXBEN10sum1dum    
|uhtml|bestof|Game 3 of a best-of-3
|t:|1783136149
|gametype|doubles
|player|p1|VOVOMAXBEN10|wattson|1335
|player|p2|sum1dum|rosa|1293
|gen|9
|tier|[Gen 9 Champions] VGC 2026 Reg M-B (Bo3)
|rated|
|rule|Species Clause: Limit one of each Pokémon
|rule|Item Clause: Limit 1 of each item
|clearpoke
|poke|p1|Gardevoir, L50, M|
|poke|p1|Talonflame, L50, F|
|poke|p1|Maushold-Four, L50|
|poke|p1|Kingambit, L50, F|
|poke|p1|Kommo-o, L50, M|
|poke|p1|Basculegion, L50, M|
|poke|p2|Gliscor, L50, M|
|poke|p2|Primarina, L50, M|
|poke|p2|Metagross, L50|
|poke|p2|Ninetales-Alola, L50, M|
|poke|p2|Incineroar, L50, F|
|poke|p2|Sinistcha, L50|
|teampreview|4
|showteam|p1|Gardevoir||Gardevoirite|Trace|HyperVoice,Psychic,Thunderbolt,Protect|Modest||M|||50|]Talonflame||SharpBeak|GaleWings|DualWingbeat,FlareBlitz,Tailwind,Protect|Jolly||F|||50|]Maushold-Four||FocusSash|FriendGuard|SuperFang,Taunt,FollowMe,Protect|Jolly|||||50|]Kingambit||ExpertBelt|Defiant|KowtowCleave,SuckerPunch,LowKick,IronHead|Jolly||F|||50|]Kommo-o||LifeOrb|Soundproof|ClangingScales,DracoMeteor,AuraSphere,Protect|Modest||M|||50|]Basculegion||ChoiceScarf|Adaptability|WaveCrash,LastRespects,AquaJet,FlipTurn|Jolly||M|||50|
|showteam|p2|Gliscor||LifeOrb|HyperCutter|DualWingbeat,HighHorsepower,Protect,RockSlide|Jolly||M|||50|]Primarina||Leftovers|LiquidVoice|CalmMind,HyperVoice,Moonblast,Protect|Modest||M|||50|]Metagross||Metagrossite|ClearBody|BulletPunch,IronHead,Protect,PsychicFangs|Jolly|||||50|]Ninetales-Alola||LightClay|SnowWarning|AuroraVeil,FreezeDry,Moonblast,Protect|Timid||M|||50|]Incineroar||ChopleBerry|Intimidate|FakeOut,FlareBlitz,DarkestLariat,PartingShot|Impish||F|||50|]Sinistcha||SitrusBerry|Hospitality|MatchaGotcha,Protect,LifeDew,RagePowder|Bold|||||50|
|inactive|Battle timer is ON: inactive players will automatically lose when time's up. (requested by sum1dum)
|inactive|sum1dum has 60 seconds left.
|
|t:|1783136191
|teamsize|p1|4
|teamsize|p2|4
|start
|switch|p1a: Gardevoir|Gardevoir, L50, M|100/100
|switch|p1b: Maushold|Maushold-Four, L50|100/100
|switch|p2a: Justice|Incineroar, L50, F|100/100
|switch|p2b: Patience|Primarina, L50, M|100/100
|-ability|p1a: Gardevoir|Liquid Voice|Trace|[from] ability: Trace|[of] p2b: Patience
|-ability|p2a: Justice|Intimidate|boost
|-unboost|p1a: Gardevoir|atk|1
|-unboost|p1b: Maushold|atk|1
|turn|1
|
|t:|1783136212
|move|p2a: Justice|Fake Out|p1b: Maushold
|-damage|p1b: Maushold|86/100
|cant|p1b: Maushold|flinch
|move|p1a: Gardevoir|Hyper Voice|p2b: Patience|[spread] p2a,p2b
|-supereffective|p2a: Justice|1
|-resisted|p2b: Patience|1
|-damage|p2a: Justice|58/100
|-damage|p2b: Patience|89/100
|move|p2b: Patience|Calm Mind|p2b: Patience
|-boost|p2b: Patience|spa|1
|-boost|p2b: Patience|spd|1
|
|-heal|p2b: Patience|95/100|[from] item: Leftovers
|upkeep
|turn|2
|
|t:|1783136226
|switch|p2a: Kindness|Sinistcha, L50|100/100
|-heal|p2b: Patience|100/100|[from] ability: Hospitality|[of] p2a: Kindness
|detailschange|p1a: Gardevoir|Gardevoir-Mega, L50, M
|-mega|p1a: Gardevoir|Gardevoir|Gardevoirite
|move|p1b: Maushold|Super Fang|p2b: Patience
|-damage|p2b: Patience|50/100g
|move|p1a: Gardevoir|Thunderbolt|p2b: Patience
|-supereffective|p2b: Patience|1
|-damage|p2b: Patience|5/100
|move|p2b: Patience|Moonblast|p1b: Maushold
|-damage|p1b: Maushold|0 fnt
|faint|p1b: Maushold
|
|-heal|p2b: Patience|11/100|[from] item: Leftovers
|upkeep
|
|t:|1783136241
|switch|p1b: Kingambit|Kingambit, L50, F|100/100
|turn|3
|
|t:|1783136245
|move|p2b: Patience|Protect|p2b: Patience
|-singleturn|p2b: Patience|Protect
|move|p1a: Gardevoir|Hyper Voice|p2a: Kindness|[spread] p2a
|-activate|p2b: Patience|move: Protect
|-damage|p2a: Kindness|48/100
|-enditem|p2a: Kindness|Sitrus Berry|[eat]
|-heal|p2a: Kindness|73/100|[from] item: Sitrus Berry
|move|p1b: Kingambit|Kowtow Cleave|p2a: Kindness
|-supereffective|p2a: Kindness|1
|-damage|p2a: Kindness|0 fnt
|faint|p2a: Kindness
|
|-heal|p2b: Patience|17/100|[from] item: Leftovers
|upkeep
|
|t:|1783136251
|switch|p2a: Perserverance|Metagross, L50|100/100
|turn|4
|
|t:|1783136262
|detailschange|p2a: Perserverance|Metagross-Mega, L50
|-mega|p2a: Perserverance|Metagross|Metagrossite
|move|p2a: Perserverance|Bullet Punch|p1a: Gardevoir
|-supereffective|p1a: Gardevoir|1
|-damage|p1a: Gardevoir|0 fnt
|faint|p1a: Gardevoir
|move|p1b: Kingambit|Iron Head|p2b: Patience
|-damage|p2b: Patience|0 fnt
|faint|p2b: Patience
|
|upkeep
|
|t:|1783136269
|switch|p1a: Basculegion|Basculegion, L50, M|100/100
|switch|p2b: Justice|Incineroar, L50, F|58/100
|-ability|p2b: Justice|Intimidate|boost
|-unboost|p1a: Basculegion|atk|1
|-unboost|p1b: Kingambit|atk|1
|-ability|p1b: Kingambit|Defiant|boost
|-boost|p1b: Kingambit|atk|2
|turn|5
|
|t:|1783136278
|move|p2a: Perserverance|Protect|p2a: Perserverance
|-singleturn|p2a: Perserverance|Protect
|move|p1a: Basculegion|Wave Crash|p2b: Justice
|-supereffective|p2b: Justice|1
|-damage|p2b: Justice|0 fnt
|faint|p2b: Justice
|-damage|p1a: Basculegion|80/100|[from] Recoil
|move|p1b: Kingambit|Kowtow Cleave|p2a: Perserverance
|-activate|p2a: Perserverance|move: Protect
|
|upkeep
|turn|6
|-message|sum1dum forfeited.
|
|win|VOVOMAXBEN10
|raw|VOVOMAXBEN10's rating: 1335 → 1353(+18 for winning)
|raw|sum1dum's rating: 1293 → 1271(-22 for losing)
