|j|☆lolgz
|j|☆TheGamerVGC008
|html|lolgzTheGamerVGC008    
|uhtml|bestof|Game 1 of a best-of-3
|t:|1782206756
|gametype|doubles
|player|p1|lolgz|dawn|1177
|player|p2|TheGamerVGC008|boarder|1429
|gen|9
|tier|[Gen 9 Champions] VGC 2026 Reg M-B (Bo3)
|rated|
|rule|Species Clause: Limit one of each Pokémon
|rule|Item Clause: Limit 1 of each item
|clearpoke
|poke|p1|Torkoal, L50, M|
|poke|p1|Vileplume, L50, F|
|poke|p1|Farigiraf, L50, F|
|poke|p1|Scrafty, L50, F|
|poke|p1|Gallade, L50, M|
|poke|p1|Mawile, L50, M|
|poke|p2|Charizard, L50, M|
|poke|p2|Gholdengo, L50|
|poke|p2|Garchomp, L50, F|
|poke|p2|Basculegion, L50, M|
|poke|p2|Whimsicott, L50, M|
|poke|p2|Incineroar, L50, M|
|teampreview|4
|showteam|p1|Torkoal||Charcoal|Drought|Eruption,WeatherBall,EarthPower,Protect|Quiet||M|||50|]Vileplume||FocusSash|Chlorophyll|EnergyBall,SludgeBomb,SleepPowder,AfterYou|Timid||F|||50|]Farigiraf||SitrusBerry|ArmorTail|TrickRoom,Protect,Psychic,HelpingHand|Bold||F|||50|]Scrafty||Scraftinite|Intimidate|CloseCombat,KnockOff,FakeOut,RockSlide|Brave||F|||50|]Gallade||IronBall|Sharpness|SacredSword,PsychoCut,WideGuard,TrickRoom|Brave||M|||50|]Mawile||Mawilite|Intimidate|SuckerPunch,PlayRough,SwordsDance,Protect|Brave||M|||50|
|showteam|p2|Charizard||CharizarditeY|Blaze|HeatWave,WeatherBall,SolarBeam,Protect|Modest||M|||50|]Gholdengo||MetalCoat|GoodasGold|MakeItRain,ShadowBall,NastyPlot,Protect|Modest|||||50|]Garchomp||LifeOrb|RoughSkin|Earthquake,DragonClaw,RockSlide,Protect|Jolly||F|||50|]Basculegion||MysticWater|Adaptability|WaveCrash,LastRespects,AquaJet,Protect|Adamant||M|||50|]Whimsicott||FocusSash|Prankster|Moonblast,Tailwind,Encore,Protect|Timid||M|||50|]Incineroar||SitrusBerry|Intimidate|FakeOut,FlareBlitz,ThroatChop,PartingShot|Impish||M|||50|
|inactive|Battle timer is ON: inactive players will automatically lose when time's up. (requested by lolgz)
|inactive|TheGamerVGC008 has 60 seconds left.
|
|t:|1782206795
|teamsize|p1|4
|teamsize|p2|4
|start
|switch|p1a: Farigiraf|Farigiraf, L50, F|100/100
|switch|p1b: Scrafty|Scrafty, L50, F|100/100
|switch|p2a: Charizard|Charizard, L50, M|100/100
|switch|p2b: Incineroar|Incineroar, L50, M|100/100
|-ability|p2b: Incineroar|Intimidate|boost
|-unboost|p1a: Farigiraf|atk|1
|-unboost|p1b: Scrafty|atk|1
|-ability|p1b: Scrafty|Intimidate|boost
|-unboost|p2a: Charizard|atk|1
|-unboost|p2b: Incineroar|atk|1
|turn|1
|inactive|lolgz has 30 seconds left.
|
|t:|1782206820
|detailschange|p2a: Charizard|Charizard-Mega-Y, L50, M
|-mega|p2a: Charizard|Charizard|Charizardite Y
|-weather|SunnyDay|[from] ability: Drought|[of] p2a: Charizard
|detailschange|p1b: Scrafty|Scrafty-Mega, L50, F
|-mega|p1b: Scrafty|Scrafty|Scraftinite
|-ability|p1b: Scrafty|Intimidate|boost
|-unboost|p2a: Charizard|atk|1
|-unboost|p2b: Incineroar|atk|1
|move|p1b: Scrafty|Fake Out|p2b: Incineroar
|-damage|p2b: Incineroar|92/100
|move|p2a: Charizard|Heat Wave|p1b: Scrafty|[spread] p1b
|-miss|p2a: Charizard|p1a: Farigiraf
|-damage|p1b: Scrafty|50/100g
|cant|p2b: Incineroar|flinch
|move|p1a: Farigiraf|Trick Room|p1a: Farigiraf
|-fieldstart|move: Trick Room|[of] p1a: Farigiraf
|
|-weather|SunnyDay|[upkeep]
|upkeep
|turn|2
|
|t:|1782206838
|switch|p1a: Gallade|Gallade, L50, M|100/100
|move|p2a: Charizard|Protect|p2a: Charizard
|-singleturn|p2a: Charizard|Protect
|move|p1b: Scrafty|Close Combat|p2b: Incineroar
|-supereffective|p2b: Incineroar|1
|-damage|p2b: Incineroar|20/100y
|-unboost|p1b: Scrafty|def|1
|-unboost|p1b: Scrafty|spd|1
|-enditem|p2b: Incineroar|Sitrus Berry|[eat]
|-heal|p2b: Incineroar|45/100|[from] item: Sitrus Berry
|move|p2b: Incineroar|Parting Shot|p1a: Gallade
|-unboost|p1a: Gallade|atk|1
|-unboost|p1a: Gallade|spa|1
|
|t:|1782206851
|switch|p2b: Garchomp|Garchomp, L50, F|100/100|[from] Parting Shot
|
|-weather|SunnyDay|[upkeep]
|upkeep
|turn|3
|
|t:|1782206861
|switch|p2a: Incineroar|Incineroar, L50, M|45/100
|-ability|p2a: Incineroar|Intimidate|boost
|-unboost|p1a: Gallade|atk|1
|-unboost|p1b: Scrafty|atk|1
|move|p1a: Gallade|Sacred Sword|p2b: Garchomp
|-damage|p2b: Garchomp|62/100
|-damage|p1a: Gallade|88/100|[from] ability: Rough Skin|[of] p2b: Garchomp
|move|p1b: Scrafty|Rock Slide|p2a: Incineroar|[spread] p2a,p2b
|-supereffective|p2a: Incineroar|1
|-resisted|p2b: Garchomp|1
|-damage|p2a: Incineroar|28/100
|-damage|p2b: Garchomp|56/100
|move|p2b: Garchomp|Dragon Claw|p1b: Scrafty
|-damage|p1b: Scrafty|0 fnt
|faint|p1b: Scrafty
|-damage|p2b: Garchomp|47/100|[from] item: Life Orb
|
|-weather|SunnyDay|[upkeep]
|upkeep
|
|t:|1782206864
|switch|p1b: Torkoal|Torkoal, L50, M|100/100
|turn|4
|inactive|TheGamerVGC008 has 30 seconds left.
|inactive|TheGamerVGC008 has 20 seconds left.
|inactive|TheGamerVGC008 has 15 seconds left.
|
|t:|1782206906
|switch|p2b: Charizard|Charizard-Mega-Y, L50, M|100/100
|move|p1b: Torkoal|Protect|p1b: Torkoal
|-singleturn|p1b: Torkoal|Protect
|move|p1a: Gallade|Sacred Sword|p2b: Charizard
|-resisted|p2b: Charizard|1
|-damage|p2b: Charizard|80/100
|move|p2a: Incineroar|Parting Shot|p1a: Gallade
|-unboost|p1a: Gallade|atk|1
|-unboost|p1a: Gallade|spa|1
|
|t:|1782206914
|switch|p2a: Garchomp|Garchomp, L50, F|47/100|[from] Parting Shot
|
|-weather|SunnyDay|[upkeep]
|upkeep
|turn|5
|
|t:|1782206917
|switch|p1a: Farigiraf|Farigiraf, L50, F|100/100
|move|p2b: Charizard|Protect|p2b: Charizard
|-singleturn|p2b: Charizard|Protect
|move|p2a: Garchomp|Protect|p2a: Garchomp
|-singleturn|p2a: Garchomp|Protect
|move|p1b: Torkoal|Eruption|p2a: Garchomp|[spread] 
|-activate|p2a: Garchomp|move: Protect
|-activate|p2b: Charizard|move: Protect
|
|-weather|none
|-fieldend|move: Trick Room
|upkeep
|turn|6
|
|t:|1782206937
|move|p1a: Farigiraf|Protect|p1a: Farigiraf
|-singleturn|p1a: Farigiraf|Protect
|move|p2a: Garchomp|Earthquake|p1a: Farigiraf|[spread] p1b
|-activate|p1a: Farigiraf|move: Protect
|-immune|p2b: Charizard
|-supereffective|p1b: Torkoal|1
|-damage|p1b: Torkoal|28/100
|-damage|p2a: Garchomp|37/100|[from] item: Life Orb
|move|p2b: Charizard|Heat Wave|p1b: Torkoal|[spread] p1b
|-activate|p1a: Farigiraf|move: Protect
|-resisted|p1b: Torkoal|1
|-damage|p1b: Torkoal|2/100
|move|p1b: Torkoal|Earth Power|p2a: Garchomp
|-damage|p2a: Garchomp|7/100
|-unboost|p2a: Garchomp|spd|1
|
|upkeep
|turn|7
|
|t:|1782206956
|move|p2a: Garchomp|Earthquake|p1b: Torkoal|[spread] p1a,p1b
|-immune|p2b: Charizard
|-supereffective|p1b: Torkoal|1
|-damage|p1a: Farigiraf|59/100
|-damage|p1b: Torkoal|0 fnt
|faint|p1b: Torkoal
|-damage|p2a: Garchomp|0 fnt|[from] item: Life Orb
|faint|p2a: Garchomp
|move|p2b: Charizard|Heat Wave|p1a: Farigiraf
|-damage|p1a: Farigiraf|1/100
|-enditem|p1a: Farigiraf|Sitrus Berry|[eat]
|-heal|p1a: Farigiraf|25/100|[from] item: Sitrus Berry
|move|p1a: Farigiraf|Trick Room|p1a: Farigiraf
|-fieldstart|move: Trick Room|[of] p1a: Farigiraf
|
|upkeep
|
|t:|1782206976
|switch|p1b: Gallade|Gallade, L50, M|88/100
|switch|p2a: Incineroar|Incineroar, L50, M|28/100
|-ability|p2a: Incineroar|Intimidate|boost
|-unboost|p1a: Farigiraf|atk|1
|-unboost|p1b: Gallade|atk|1
|turn|8
|
|t:|1782206983
|move|p1b: Gallade|Sacred Sword|p2a: Incineroar
|-supereffective|p2a: Incineroar|1
|-damage|p2a: Incineroar|0 fnt
|faint|p2a: Incineroar
|move|p1a: Farigiraf|Psychic|p2b: Charizard
|-damage|p2b: Charizard|48/100
|move|p2b: Charizard|Heat Wave|p1b: Gallade|[spread] p1a,p1b
|-damage|p1a: Farigiraf|0 fnt
|-damage|p1b: Gallade|48/100
|faint|p1a: Farigiraf
|
|upkeep
|inactive|TheGamerVGC008 has 30 seconds left.
|inactive|TheGamerVGC008 has 20 seconds left.
|
|t:|1782207023
|switch|p2a: Basculegion|Basculegion, L50, M|100/100
|turn|9
|-message|lolgz forfeited.
|
|win|TheGamerVGC008
