|j|☆yzuii
|j|☆gamemaster54
|html|yzuiigamemaster54    
|uhtml|bestof|Game 1 of a best-of-3
|t:|1786079957
|gametype|doubles
|player|p1|yzuii|kimonogirl|
|player|p2|gamemaster54|gambler|
|gen|9
|tier|[Gen 9 Champions] VGC 2026 Reg M-B (Bo3)
|rule|Species Clause: Limit one of each Pokémon
|rule|Item Clause: Limit 1 of each item
|clearpoke
|poke|p1|Gengar, L50, M|
|poke|p1|Politoed, L50, F|
|poke|p1|Incineroar, L50, M|
|poke|p1|Sinistcha, L50|
|poke|p1|Annihilape, L50, F|
|poke|p1|Grimmsnarl, L50, M|
|poke|p2|Hatterene, L50, F|
|poke|p2|Metagross, L50|
|poke|p2|Archaludon, L50, M|
|poke|p2|Golurk, L50|
|poke|p2|Aerodactyl, L50, M|
|poke|p2|Farigiraf, L50, F|
|teampreview|4
|showteam|p1|Gengar||Gengarite|CursedBody|ShadowBall,Disable,Protect,PerishSong|Timid||M|||50|]Politoed||SitrusBerry|Drizzle|PerishSong,Protect,Encore,WeatherBall|Bold||F|||50|]Incineroar||PasshoBerry|Intimidate|PartingShot,FakeOut,ThroatChop,Protect|Sassy||M|||50|]Sinistcha||KasibBerry|Hospitality|RagePowder,TrickRoom,Protect,MatchaGotcha|Relaxed|||||50|]Annihilape||Leftovers|Defiant|Protect,DrainPunch,BulkUp,RageFist|Adamant||F|||50|]Grimmsnarl||LightClay|Prankster|SpiritBreak,PartingShot,Reflect,LightScreen|Careful||M|||50|
|showteam|p2|Hatterene||FocusSash|MagicBounce|TrickRoom,Psychic,DarkPulse,GigaDrain|Modest||F|||50|]Metagross||Metagrossite|ClearBody|PsychicFangs,BodyPress,Protect,IronHead|Adamant|||||50|]Archaludon||LifeOrb|Stamina|ElectroShot,IronDefense,Protect,FlashCannon|Quiet||M|||50|]Golurk||ExpertBelt|NoGuard|Earthquake,LowSweep,HeavySlam,Poltergeist|Impish|||||50|]Aerodactyl||Aerodactylite|Unnerve|RockSlide,Tailwind,DualWingbeat,IceFang|Jolly||M|||50|]Farigiraf||SitrusBerry|ArmorTail|TrickRoom,AllySwitch,HelpingHand,DazzlingGleam|Sassy||F|||50|
|inactive|Battle timer is ON: inactive players will automatically lose when time's up. (requested by gamemaster54)
|inactive|yzuii has 60 seconds left.
|inactive|gamemaster54 has 60 seconds left.
|
|t:|1786080005
|teamsize|p1|4
|teamsize|p2|4
|start
|switch|p1a: Knight|Annihilape, L50, F|100/100
|switch|p1b: Bishop|Grimmsnarl, L50, M|100/100
|switch|p2a: Aerodactyl|Aerodactyl, L50, M|100/100
|switch|p2b: Metagross|Metagross, L50|100/100
|-ability|p2a: Aerodactyl|Unnerve
|turn|1
|
|t:|1786080019
|move|p1a: Knight|Protect|p1a: Knight
|-singleturn|p1a: Knight|Protect
|move|p2b: Metagross|Protect|p2b: Metagross
|-singleturn|p2b: Metagross|Protect
|move|p1b: Bishop|Reflect|p1b: Bishop
|-sidestart|p1: yzuii|Reflect
|move|p2a: Aerodactyl|Rock Slide|p1a: Knight|[spread] p1b
|-activate|p1a: Knight|move: Protect
|-damage|p1b: Bishop|82/100
|
|upkeep
|turn|2
|
|t:|1786080044
|detailschange|p2b: Metagross|Metagross-Mega, L50
|-mega|p2b: Metagross|Metagross|Metagrossite
|move|p1b: Bishop|Parting Shot|p2b: Metagross
|-unboost|p2b: Metagross|atk|1
|-unboost|p2b: Metagross|spa|1
|
|t:|1786080049
|switch|p1b: Pawn|Incineroar, L50, M|100/100|[from] Parting Shot
|-ability|p1b: Pawn|Intimidate|boost
|-unboost|p2a: Aerodactyl|atk|1
|-unboost|p2b: Metagross|atk|1
|move|p2a: Aerodactyl|Tailwind|p2a: Aerodactyl
|-sidestart|p2: gamemaster54|move: Tailwind
|move|p2b: Metagross|Psychic Fangs|p1a: Knight
|-sideend|p1: yzuii|Reflect
|-supereffective|p1a: Knight|1
|-damage|p1a: Knight|41/100
|move|p1a: Knight|Bulk Up|p1a: Knight
|-boost|p1a: Knight|atk|1
|-boost|p1a: Knight|def|1
|
|-heal|p1a: Knight|47/100|[from] item: Leftovers
|upkeep
|turn|3
|
|t:|1786080066
|switch|p2b: Farigiraf|Farigiraf, L50, F|100/100
|move|p1a: Knight|Protect|p1a: Knight
|-singleturn|p1a: Knight|Protect
|move|p2a: Aerodactyl|Rock Slide|p1b: Pawn|[spread] p1b
|-activate|p1a: Knight|move: Protect
|-supereffective|p1b: Pawn|1
|-damage|p1b: Pawn|72/100
|move|p1b: Pawn|Parting Shot|p2b: Farigiraf
|-unboost|p2b: Farigiraf|atk|1
|-unboost|p2b: Farigiraf|spa|1
|
|t:|1786080073
|switch|p1b: Bishop|Grimmsnarl, L50, M|82/100|[from] Parting Shot
|
|-heal|p1a: Knight|52/100|[from] item: Leftovers
|upkeep
|turn|4
|
|t:|1786080093
|move|p2b: Farigiraf|Helping Hand|p2a: Aerodactyl
|-singleturn|p2a: Aerodactyl|Helping Hand|[of] p2b: Farigiraf
|move|p1b: Bishop|Parting Shot||[still]
|cant|p2b: Farigiraf|ability: Armor Tail|Parting Shot|[of] p1b: Bishop
|move|p2a: Aerodactyl|Dual Wingbeat|p1a: Knight
|-supereffective|p1a: Knight|1
|-damage|p1a: Knight|33/100
|-supereffective|p1a: Knight|1
|-damage|p1a: Knight|13/100
|-hitcount|p1a: Knight|2
|move|p1a: Knight|Drain Punch|p2a: Aerodactyl
|-damage|p2a: Aerodactyl|17/100
|-heal|p1a: Knight|43/100|[from] drain|[of] p2a: Aerodactyl
|
|-heal|p1a: Knight|49/100|[from] item: Leftovers
|upkeep
|turn|5
|inactive|yzuii has 30 seconds left.
|
|t:|1786080125
|switch|p2a: Metagross|Metagross-Mega, L50|100/100
|move|p1a: Knight|Protect|p1a: Knight
|-singleturn|p1a: Knight|Protect
|move|p1b: Bishop|Reflect|p1b: Bishop
|-sidestart|p1: yzuii|Reflect
|move|p2b: Farigiraf|Dazzling Gleam|p1b: Bishop|[spread] p1b
|-activate|p1a: Knight|move: Protect
|-supereffective|p1b: Bishop|1
|-damage|p1b: Bishop|65/100
|
|-heal|p1a: Knight|55/100|[from] item: Leftovers
|-sideend|p2: gamemaster54|move: Tailwind
|upkeep
|turn|6
|inactive|yzuii has 30 seconds left.
|inactive|gamemaster54 has 30 seconds left.
|inactive|gamemaster54 has 20 seconds left.
|
|t:|1786080163
|switch|p1a: Pawn|Incineroar, L50, M|72/100
|-ability|p1a: Pawn|Intimidate|boost
|-unboost|p2a: Metagross|atk|1
|-unboost|p2b: Farigiraf|atk|1
|move|p2a: Metagross|Psychic Fangs|p1a: Pawn
|-immune|p1a: Pawn
|move|p1b: Bishop|Spirit Break|p2b: Farigiraf
|-damage|p2b: Farigiraf|66/100
|-unboost|p2b: Farigiraf|spa|1
|move|p2b: Farigiraf|Trick Room|p2b: Farigiraf
|-fieldstart|move: Trick Room|[of] p2b: Farigiraf
|
|upkeep
|turn|7
|inactive|yzuii has 30 seconds left.
|
|t:|1786080192
|switch|p1b: Rook|Sinistcha, L50|100/100
|-heal|p1a: Pawn|97/100|[from] ability: Hospitality|[of] p1b: Rook
|move|p2b: Farigiraf|Helping Hand|p2a: Metagross
|-singleturn|p2a: Metagross|Helping Hand|[of] p2b: Farigiraf
|move|p1a: Pawn|Throat Chop|p2a: Metagross
|-supereffective|p2a: Metagross|1
|-damage|p2a: Metagross|57/100
|-start|p2a: Metagross|Throat Chop|[silent]
|move|p2a: Metagross|Body Press|p1a: Pawn
|-supereffective|p1a: Pawn|1
|-damage|p1a: Pawn|39/100
|
|upkeep
|turn|8
|
|t:|1786080209
|move|p2a: Metagross|Protect|p2a: Metagross
|-singleturn|p2a: Metagross|Protect
|move|p1b: Rook|Rage Powder|p1b: Rook
|-singleturn|p1b: Rook|move: Rage Powder
|move|p2b: Farigiraf|Dazzling Gleam|p1b: Rook|[spread] p1a,p1b
|-damage|p1a: Pawn|33/100
|-damage|p1b: Rook|92/100
|move|p1a: Pawn|Throat Chop|p2a: Metagross
|-activate|p2a: Metagross|move: Protect
|
|-end|p2a: Metagross|Throat Chop|[silent]
|upkeep
|turn|9
|
|t:|1786080228
|switch|p2a: Aerodactyl|Aerodactyl, L50, M|17/100
|-ability|p2a: Aerodactyl|Unnerve
|move|p1b: Rook|Protect|p1b: Rook
|-singleturn|p1b: Rook|Protect
|move|p1a: Pawn|Throat Chop|p2a: Aerodactyl
|-damage|p2a: Aerodactyl|0 fnt
|faint|p2a: Aerodactyl
|move|p2b: Farigiraf|Dazzling Gleam|p1a: Pawn|[spread] p1a
|-activate|p1b: Rook|move: Protect
|-damage|p1a: Pawn|28/100
|
|upkeep
|
|t:|1786080242
|switch|p2a: Metagross|Metagross-Mega, L50|57/100
|turn|10
|
|t:|1786080255
|move|p2b: Farigiraf|Helping Hand|p2a: Metagross
|-singleturn|p2a: Metagross|Helping Hand|[of] p2b: Farigiraf
|move|p1a: Pawn|Parting Shot|p2a: Metagross
|-unboost|p2a: Metagross|atk|1
|-unboost|p2a: Metagross|spa|1
|
|t:|1786080260
|switch|p1a: Knight|Annihilape, L50, F|55/100|[from] Parting Shot
|move|p1b: Rook|Matcha Gotcha|p2b: Farigiraf|[spread] p2a,p2b
|-resisted|p2a: Metagross|1
|-crit|p2b: Farigiraf
|-damage|p2a: Metagross|47/100
|-heal|p1b: Rook|97/100|[from] drain|[of] p2a: Metagross
|-damage|p2b: Farigiraf|40/100
|-heal|p1b: Rook|100/100|[from] drain|[of] p2b: Farigiraf
|-enditem|p2b: Farigiraf|Sitrus Berry|[eat]
|-heal|p2b: Farigiraf|64/100|[from] item: Sitrus Berry
|move|p2a: Metagross|Iron Head|p1a: Knight
|-damage|p1a: Knight|19/100
|
|-heal|p1a: Knight|25/100|[from] item: Leftovers
|-fieldend|move: Trick Room
|upkeep
|turn|11
|
|t:|1786080281
|switch|p1b: Pawn|Incineroar, L50, M|28/100
|-ability|p1b: Pawn|Intimidate|boost
|-unboost|p2a: Metagross|atk|1
|-unboost|p2b: Farigiraf|atk|1
|move|p2a: Metagross|Protect|p2a: Metagross
|-singleturn|p2a: Metagross|Protect
|move|p1a: Knight|Protect|p1a: Knight
|-singleturn|p1a: Knight|Protect
|move|p2b: Farigiraf|Trick Room|p2b: Farigiraf
|-fieldstart|move: Trick Room|[of] p2b: Farigiraf
|
|-heal|p1a: Knight|31/100|[from] item: Leftovers
|upkeep
|turn|12
|
|t:|1786080297
|switch|p1a: Rook|Sinistcha, L50|100/100
|-heal|p1b: Pawn|52/100|[from] ability: Hospitality|[of] p1a: Rook
|switch|p2a: Golurk|Golurk, L50|100/100
|move|p1b: Pawn|Throat Chop|p2b: Farigiraf
|-supereffective|p2b: Farigiraf|1
|-damage|p2b: Farigiraf|3/100
|-start|p2b: Farigiraf|Throat Chop|[silent]
|move|p2b: Farigiraf|Dazzling Gleam|p1a: Rook|[spread] p1a,p1b
|-damage|p1a: Rook|92/100
|-damage|p1b: Pawn|47/100
|
|-sideend|p1: yzuii|Reflect
|upkeep
|turn|13
|inactive|gamemaster54 has 30 seconds left.
|
|t:|1786080328
|move|p2b: Farigiraf|Helping Hand|p2a: Golurk
|-singleturn|p2a: Golurk|Helping Hand|[of] p2b: Farigiraf
|move|p1b: Pawn|Parting Shot|p2a: Golurk
|-unboost|p2a: Golurk|atk|1
|-unboost|p2a: Golurk|spa|1
|
|t:|1786080337
|switch|p1b: Bishop|Grimmsnarl, L50, M|65/100|[from] Parting Shot
|move|p2a: Golurk|Low Sweep|p1b: Bishop
|-damage|p1b: Bishop|41/100
|-unboost|p1b: Bishop|spe|1
|move|p1a: Rook|Matcha Gotcha|p2b: Farigiraf|[spread] p2a,p2b
|-supereffective|p2a: Golurk|1
|-crit|p2a: Golurk
|-damage|p2a: Golurk|4/100
|-heal|p1a: Rook|100/100|[from] drain|[of] p2a: Golurk
|-damage|p2b: Farigiraf|0 fnt
|faint|p2b: Farigiraf
|
|upkeep
|
|t:|1786080347
|switch|p2b: Metagross|Metagross-Mega, L50|47/100
|turn|14
|
|t:|1786080355
|move|p2b: Metagross|Protect|p2b: Metagross
|-singleturn|p2b: Metagross|Protect
|move|p1b: Bishop|Reflect|p1b: Bishop
|-sidestart|p1: yzuii|Reflect
|move|p2a: Golurk|Poltergeist|p1a: Rook
|-activate|p1a: Rook|move: Poltergeist|Kasib Berry
|-supereffective|p1a: Rook|1
|-enditem|p1a: Rook|Kasib Berry|[eat]
|-enditem|p1a: Rook|Kasib Berry|[weaken]
|-damage|p1a: Rook|78/100
|move|p1a: Rook|Matcha Gotcha|p2b: Metagross|[spread] p2a
|-activate|p2b: Metagross|move: Protect
|-supereffective|p2a: Golurk|1
|-damage|p2a: Golurk|0 fnt
|-heal|p1a: Rook|80/100|[from] drain|[of] p2a: Golurk
|faint|p2a: Golurk
|
|upkeep
|turn|15
|
|t:|1786080371
|switch|p1a: Pawn|Incineroar, L50, M|47/100
|-ability|p1a: Pawn|Intimidate|boost
|-unboost|p2b: Metagross|atk|1
|move|p1b: Bishop|Parting Shot|p2b: Metagross
|-unboost|p2b: Metagross|atk|1
|-unboost|p2b: Metagross|spa|1
|
|t:|1786080376
|switch|p1b: Knight|Annihilape, L50, F|31/100|[from] Parting Shot
|move|p2b: Metagross|Psychic Fangs|p1a: Pawn
|-immune|p1a: Pawn
|
|-heal|p1b: Knight|37/100|[from] item: Leftovers
|-fieldend|move: Trick Room
|upkeep
|turn|16
|
|t:|1786080381
|move|p1a: Pawn|Fake Out|p2b: Metagross
|-resisted|p2b: Metagross|1
|-damage|p2b: Metagross|43/100
|cant|p2b: Metagross|flinch
|move|p1b: Knight|Bulk Up|p1b: Knight
|-boost|p1b: Knight|atk|1
|-boost|p1b: Knight|def|1
|
|-heal|p1b: Knight|43/100|[from] item: Leftovers
|upkeep
|turn|17
|
|t:|1786080384
|switch|p1a: Rook|Sinistcha, L50|80/100
|-heal|p1b: Knight|68/100|[from] ability: Hospitality|[of] p1a: Rook
|move|p1b: Knight|Protect|p1b: Knight
|-singleturn|p1b: Knight|Protect
|move|p2b: Metagross|Body Press|p1a: Rook
|-immune|p1a: Rook
|
|-heal|p1b: Knight|74/100|[from] item: Leftovers
|upkeep
|turn|18
|-message|gamemaster54 forfeited.
|
|win|yzuii
|l|☆gamemaster54
|player|p2|
||yzuii is ready for game 2.
|inactive|gamemaster54 has 30 seconds to confirm battle start!
|inactive|gamemaster54 has 20 seconds to confirm battle start!
|inactive|gamemaster54 has 10 seconds to confirm battle start!
||gamemaster54 is ready for game 2.
|uhtml|next|Next: Game 2 of 3
|l|☆yzuii
|player|p1|
|j|☆yzuii
|player|p1|yzuii|kimonogirl|
|l|☆yzuii
|player|p1|
|j|☆yzuii
|player|p1|yzuii|kimonogirl|
