|j|☆aguakatekun
|j|☆superboy245
|html|aguakatekunsuperboy245    
|uhtml|bestof|Game 1 of a best-of-3
|t:|1782524823
|gametype|doubles
|player|p1|aguakatekun|li|1052
|player|p2|superboy245|buck|1050
|gen|9
|tier|[Gen 9 Champions] VGC 2026 Reg M-B (Bo3)
|rated|
|rule|Species Clause: Limit one of each Pokémon
|rule|Item Clause: Limit 1 of each item
|clearpoke
|poke|p1|Metagross, L50, shiny|
|poke|p1|Kommo-o, L50, F|
|poke|p1|Sylveon, L50, M, shiny|
|poke|p1|Aerodactyl, L50, M|
|poke|p1|Incineroar, L50, M, shiny|
|poke|p1|Milotic, L50, F, shiny|
|poke|p2|Raichu, L50, M|
|poke|p2|Toxicroak, L50, M|
|poke|p2|Whimsicott, L50, M|
|poke|p2|Mr. Rime, L50, M|
|poke|p2|Corviknight, L50, M|
|poke|p2|Aerodactyl, L50, M|
|teampreview|4
|showteam|p1|Metagross||Metagrossite|ClearBody|IronHead,PsychicFangs,StompingTantrum,Protect|Adamant|||||50|]Kommo-o||Leftovers|Soundproof|ClangingScales,AuraSphere,ClangorousSoul,Protect|Modest||F|||50|]Sylveon||FairyFeather|Pixilate|HyperVoice,HyperBeam,QuickAttack,Detect|Modest||M|||50|]Aerodactyl||Aerodactylite|Unnerve|RockSlide,DualWingbeat,Tailwind,Protect|Jolly||M|||50|]Incineroar||PasshoBerry|Intimidate|FlareBlitz,ThroatChop,PartingShot,FakeOut|Careful||M|||50|]Milotic||SitrusBerry|Competitive|Scald,IcyWind,LifeDew,Protect|Modest||F|||50|
|showteam|p2|Raichu||RaichuniteY|LightningRod|FakeOut,ZapCannon,FocusBlast,Protect|Timid||M|||50|]Toxicroak||FocusSash|DrySkin|FakeOut,CloseCombat,PoisonJab,Protect|Jolly||M|||50|]Whimsicott||MentalHerb|Prankster|Tailwind,Encore,Moonblast,Protect|Bold||M|||50|]Mr. Rime||ChoiceScarf|ScreenCleaner|FreezeDry,Psychic,Trick,IceBeam|Timid||M|||50|]Corviknight||Leftovers|MirrorArmor|BraveBird,BodyPress,IronHead,Protect|Impish||M|||50|]Aerodactyl||Aerodactylite|Unnerve|RockSlide,DualWingbeat,Tailwind,Protect|Jolly||M|||50|
|
|t:|1782524882
|teamsize|p1|4
|teamsize|p2|4
|start
|switch|p1a: Metagross|Metagross, L50, shiny|100/100
|switch|p1b: Incineroar|Incineroar, L50, M, shiny|100/100
|switch|p2a: Mr. DownFall|Mr. Rime, L50, M|100/100
|switch|p2b: Rakai|Raichu, L50, M|100/100
|-ability|p1b: Incineroar|Intimidate|boost
|-unboost|p2a: Mr. DownFall|atk|1
|-unboost|p2b: Rakai|atk|1
|turn|1
|inactive|Battle timer is ON: inactive players will automatically lose when time's up. (requested by aguakatekun)
|
|t:|1782524903
|switch|p2a: SnesLing|Toxicroak, L50, M|100/100
|detailschange|p2b: Rakai|Raichu-Mega-Y, L50, M
|-mega|p2b: Rakai|Raichu|Raichunite Y
|move|p1a: Metagross|Protect|p1a: Metagross
|-singleturn|p1a: Metagross|Protect
|move|p2b: Rakai|Fake Out|p1a: Metagross
|-activate|p1a: Metagross|move: Protect
|move|p1b: Incineroar|Fake Out|p2a: SnesLing
|-crit|p2a: SnesLing
|-damage|p2a: SnesLing|75/100
|
|upkeep
|turn|2
|
|t:|1782524920
|switch|p1b: Sylveon|Sylveon, L50, M, shiny|100/100
|detailschange|p1a: Metagross|Metagross-Mega, L50, shiny
|-mega|p1a: Metagross|Metagross|Metagrossite
|move|p2b: Rakai|Zap Cannon|p1a: Metagross
|-crit|p1a: Metagross
|-damage|p1a: Metagross|0 fnt
|faint|p1a: Metagross
|move|p2a: SnesLing|Close Combat|p1b: Sylveon
|-resisted|p1b: Sylveon|1
|-damage|p1b: Sylveon|68/100
|-unboost|p2a: SnesLing|def|1
|-unboost|p2a: SnesLing|spd|1
|
|upkeep
|
|t:|1782524929
|switch|p1a: Incineroar|Incineroar, L50, M, shiny|100/100
|-ability|p1a: Incineroar|Intimidate|boost
|-unboost|p2a: SnesLing|atk|1
|-unboost|p2b: Rakai|atk|1
|turn|3
|c|☆superboy245|...
|c|☆aguakatekun|XD
|c|☆superboy245|The crit mattered
|c|☆aguakatekun|ik
|inactive|superboy245 has 30 seconds left.
|inactive|superboy245 has 20 seconds left.
|inactive|superboy245 has 15 seconds left.
|
|t:|1782524974
|switch|p2b: Mini Wall|Corviknight, L50, M|100/100
|move|p2a: SnesLing|Protect|p2a: SnesLing
|-singleturn|p2a: SnesLing|Protect
|move|p1a: Incineroar|Fake Out|p2a: SnesLing
|-activate|p2a: SnesLing|move: Protect
|move|p1b: Sylveon|Hyper Voice|p2b: Mini Wall|[spread] p2b
|-activate|p2a: SnesLing|move: Protect
|-resisted|p2b: Mini Wall|1
|-damage|p2b: Mini Wall|76/100
|
|-heal|p2b: Mini Wall|82/100|[from] item: Leftovers
|upkeep
|turn|4
|
|t:|1782524985
|switch|p2a: Mr. DownFall|Mr. Rime, L50, M|100/100
|move|p1b: Sylveon|Detect|p1b: Sylveon
|-singleturn|p1b: Sylveon|Protect
|move|p2b: Mini Wall|Protect|p2b: Mini Wall
|-singleturn|p2b: Mini Wall|Protect
|move|p1a: Incineroar|Flare Blitz|p2b: Mini Wall
|-activate|p2b: Mini Wall|move: Protect
|
|-heal|p2b: Mini Wall|88/100|[from] item: Leftovers
|upkeep
|turn|5
|inactive|superboy245 has 30 seconds left.
|inactive|superboy245 has 20 seconds left.
|
|t:|1782525022
|switch|p1b: Milotic|Milotic, L50, F, shiny|100/100
|move|p2a: Mr. DownFall|Freeze-Dry|p1b: Milotic
|-supereffective|p1b: Milotic|1
|-damage|p1b: Milotic|55/100
|move|p2b: Mini Wall|Iron Head|p1b: Milotic
|-resisted|p1b: Milotic|1
|-damage|p1b: Milotic|42/100
|-enditem|p1b: Milotic|Sitrus Berry|[eat]
|-heal|p1b: Milotic|67/100|[from] item: Sitrus Berry
|move|p1a: Incineroar|Flare Blitz|p2b: Mini Wall
|-supereffective|p2b: Mini Wall|1
|-damage|p2b: Mini Wall|31/100
|-damage|p1a: Incineroar|81/100|[from] Recoil
|
|-heal|p2b: Mini Wall|37/100|[from] item: Leftovers
|upkeep
|turn|6
|inactive|superboy245 has 30 seconds left.
|
|t:|1782525050
|move|p1b: Milotic|Protect|p1b: Milotic
|-singleturn|p1b: Milotic|Protect
|move|p2a: Mr. DownFall|Freeze-Dry|p1b: Milotic
|-activate|p1b: Milotic|move: Protect
|move|p2b: Mini Wall|Body Press|p1a: Incineroar
|-supereffective|p1a: Incineroar|1
|-damage|p1a: Incineroar|38/100
|move|p1a: Incineroar|Flare Blitz|p2a: Mr. DownFall
|-supereffective|p2a: Mr. DownFall|1
|-damage|p2a: Mr. DownFall|0 fnt
|faint|p2a: Mr. DownFall
|-damage|p1a: Incineroar|13/100|[from] Recoil
|
|-heal|p2b: Mini Wall|43/100|[from] item: Leftovers
|upkeep
|
|t:|1782525054
|switch|p2a: Rakai|Raichu-Mega-Y, L50, M|100/100
|turn|7
|
|t:|1782525067
|switch|p1a: Sylveon|Sylveon, L50, M, shiny|68/100
|move|p2a: Rakai|Zap Cannon|p1b: Milotic
|-supereffective|p1b: Milotic|1
|-damage|p1b: Milotic|0 fnt
|faint|p1b: Milotic
|move|p2b: Mini Wall|Body Press|p1a: Sylveon
|-resisted|p1a: Sylveon|1
|-damage|p1a: Sylveon|53/100
|
|-heal|p2b: Mini Wall|49/100|[from] item: Leftovers
|upkeep
|
|t:|1782525071
|switch|p1b: Incineroar|Incineroar, L50, M, shiny|13/100
|-ability|p1b: Incineroar|Intimidate|boost
|-unboost|p2a: Rakai|atk|1
|-ability|p2b: Mini Wall|Mirror Armor
|-unboost|p1b: Incineroar|atk|1
|turn|8
|
|t:|1782525086
|move|p2a: Rakai|Protect|p2a: Rakai
|-singleturn|p2a: Rakai|Protect
|move|p2b: Mini Wall|Protect|p2b: Mini Wall
|-singleturn|p2b: Mini Wall|Protect
|move|p1b: Incineroar|Fake Out|p2b: Mini Wall
|-activate|p2b: Mini Wall|move: Protect
|move|p1a: Sylveon|Hyper Beam|p2a: Rakai
|-activate|p2a: Rakai|move: Protect
|
|-heal|p2b: Mini Wall|55/100|[from] item: Leftovers
|upkeep
|turn|9
|c|☆superboy245|Gs for game 1g
|
|t:|1782525095
|move|p1a: Sylveon|Detect|p1a: Sylveon
|-singleturn|p1a: Sylveon|Protect
|move|p2a: Rakai|Zap Cannon|p1a: Sylveon
|-activate|p1a: Sylveon|move: Protect
|move|p2b: Mini Wall|Body Press|p1b: Incineroar
|-supereffective|p1b: Incineroar|1
|-damage|p1b: Incineroar|0 fnt
|faint|p1b: Incineroar
|
|-heal|p2b: Mini Wall|60/100|[from] item: Leftovers
|upkeep
|turn|10
|
|t:|1782525105
|move|p2a: Rakai|Zap Cannon|p1a: Sylveon
|-damage|p1a: Sylveon|0 fnt
|faint|p1a: Sylveon
|
|win|superboy245
|l|☆aguakatekun
|player|p1|
