|j|☆lillyrosethedemon
|j|☆viatles
|html|lillyrosethedemonviatles    
|uhtml|bestof|Game 1 of a best-of-3
|t:|1783559277
|gametype|doubles
|player|p1|lillyrosethedemon|madame|1167
|player|p2|viatles|hiker|1184
|gen|9
|tier|[Gen 9 Champions] VGC 2026 Reg M-B (Bo3)
|rated|
|rule|Species Clause: Limit one of each Pokémon
|rule|Item Clause: Limit 1 of each item
|clearpoke
|poke|p1|Garchomp, L50, F|
|poke|p1|Milotic, L50, F|
|poke|p1|Staraptor, L50, M|
|poke|p1|Gholdengo, L50|
|poke|p1|Sinistcha, L50|
|poke|p1|Rotom-Heat, L50|
|poke|p2|Beedrill, L50, F, shiny|
|poke|p2|Milotic, L50, M, shiny|
|poke|p2|Talonflame, L50, F, shiny|
|poke|p2|Farigiraf, L50, M|
|poke|p2|Decidueye-Hisui, L50, F|
|poke|p2|Sableye, L50, F|
|teampreview|4
|showteam|p1|Garchomp||LifeOrb|RoughSkin|RockSlide,StompingTantrum,DragonClaw,Protect|Jolly||F|||50|]Milotic||Leftovers|Competitive|MuddyWater,Hypnosis,Coil,Protect|Calm||F|||50|]Staraptor||Staraptite|Intimidate|BraveBird,CloseCombat,Protect,Tailwind|Jolly||M|||50|]Gholdengo||SitrusBerry|GoodasGold|NastyPlot,ShadowBall,MakeItRain,Protect|Modest|||||50|]Sinistcha||CobaBerry|Hospitality|MatchaGotcha,TrickRoom,RagePowder,Protect|Relaxed|||||50|]Rotom-Heat||ChoiceScarf|Levitate|Electroweb,VoltSwitch,Overheat,Thunderbolt|Timid|||||50|
|showteam|p2|Beedrill||Beedrillite|Swarm|Uturn,DrillRun,PoisonJab,Protect|Jolly||F|||50|]Milotic||Leftovers|Competitive|IcyWind,Scald,Protect,LifeDew|Bold||M|||50|]Talonflame||SharpBeak|GaleWings|DualWingbeat,Tailwind,Protect,WillOWisp|Jolly||F|||50|]Farigiraf||SitrusBerry|ArmorTail|TrickRoom,Thunderbolt,TwinBeam,HelpingHand|Bold||M|||50|]Decidueye-Hisui||ScopeLens|Scrappy|Protect,TripleArrows,LeafBlade,SuckerPunch|Adamant||F|||50|]Sableye||RoseliBerry|Prankster|FakeOut,FoulPlay,RainDance,Quash|Sassy||F|||50|
|c|☆viatles|gl hf
|inactive|Battle timer is ON: inactive players will automatically lose when time's up. (requested by viatles)
|c|☆lillyrosethedemon|glhf
|c|☆lillyrosethedemon|bee
|inactive|lillyrosethedemon has 60 seconds left.
|inactive|viatles has 60 seconds left.
|
|t:|1783559318
|teamsize|p1|4
|teamsize|p2|4
|start
|switch|p1a: Rotom|Rotom-Heat, L50|100/100
|switch|p1b: Gholdengo|Gholdengo, L50|100/100
|switch|p2a: Malsumas|Beedrill, L50, F, shiny|100/100
|switch|p2b: Sableye|Sableye, L50, F|100/100
|turn|1
|inactive|lillyrosethedemon has 30 seconds left.
|
|t:|1783559344
|detailschange|p2a: Malsumas|Beedrill-Mega, L50, F, shiny
|-mega|p2a: Malsumas|Beedrill|Beedrillite
|move|p2b: Sableye|Fake Out|p1a: Rotom
|-damage|p1a: Rotom|89/100
|cant|p1a: Rotom|flinch
|move|p2a: Malsumas|Drill Run|p1b: Gholdengo|[miss]
|-miss|p2a: Malsumas|p1b: Gholdengo
|move|p1b: Gholdengo|Nasty Plot|p1b: Gholdengo
|-boost|p1b: Gholdengo|spa|2
|
|upkeep
|turn|2
|
|t:|1783559359
|move|p2b: Sableye|Quash|p1a: Rotom
|-activate|p1a: Rotom|move: Quash
|move|p2a: Malsumas|U-turn|p1a: Rotom
|-resisted|p1a: Rotom|1
|-damage|p1a: Rotom|51/100
|
|t:|1783559363
|switch|p2a: Pentious|Milotic, L50, M, shiny|100/100|[from] U-turn
|move|p1b: Gholdengo|Shadow Ball|p2a: Pentious
|-damage|p2a: Pentious|44/100
|move|p1a: Rotom|Electroweb|p2b: Sableye|[spread] p2a,p2b
|-supereffective|p2a: Pentious|1
|-damage|p2a: Pentious|19/100
|-damage|p2b: Sableye|78/100
|-unboost|p2a: Pentious|spe|1
|-ability|p2a: Pentious|Competitive|boost
|-boost|p2a: Pentious|spa|2
|-unboost|p2b: Sableye|spe|1
|
|-heal|p2a: Pentious|26/100|[from] item: Leftovers
|upkeep
|turn|3
|
|t:|1783559383
|move|p2a: Pentious|Protect|p2a: Pentious
|-singleturn|p2a: Pentious|Protect
|move|p1a: Rotom|Electroweb|p2a: Pentious|[spread] p2b
|-activate|p2a: Pentious|move: Protect
|-damage|p2b: Sableye|55/100
|-unboost|p2b: Sableye|spe|1
|move|p1b: Gholdengo|Shadow Ball|p2a: Pentious
|-activate|p2a: Pentious|move: Protect
|move|p2b: Sableye|Foul Play|p1b: Gholdengo
|-supereffective|p1b: Gholdengo|1
|-damage|p1b: Gholdengo|62/100
|
|-heal|p2a: Pentious|32/100|[from] item: Leftovers
|upkeep
|turn|4
|inactive|viatles has 30 seconds left.
|
|t:|1783559415
|move|p2b: Sableye|Quash|p1b: Gholdengo
|-immune|p1b: Gholdengo|[from] ability: Good as Gold
|move|p1a: Rotom|Electroweb|p2b: Sableye|[spread] p2a,p2b
|-supereffective|p2a: Pentious|1
|-damage|p2a: Pentious|7/100
|-damage|p2b: Sableye|32/100
|-unboost|p2a: Pentious|spe|1
|-ability|p2a: Pentious|Competitive|boost
|-boost|p2a: Pentious|spa|2
|-unboost|p2b: Sableye|spe|1
|move|p1b: Gholdengo|Shadow Ball|p2a: Pentious
|-damage|p2a: Pentious|0 fnt
|faint|p2a: Pentious
|
|upkeep
|
|t:|1783559432
|switch|p2a: Decidueye|Decidueye-Hisui, L50, F|100/100
|turn|5
|
|t:|1783559442
|switch|p1a: Sinistcha|Sinistcha, L50|100/100
|-heal|p1b: Gholdengo|87/100|[from] ability: Hospitality|[of] p1a: Sinistcha
|move|p1b: Gholdengo|Protect|p1b: Gholdengo
|-singleturn|p1b: Gholdengo|Protect
|move|p2a: Decidueye|Sucker Punch||[still]
|-fail|p2a: Decidueye
|move|p2b: Sableye|Foul Play|p1b: Gholdengo
|-activate|p1b: Gholdengo|move: Protect
|
|upkeep
|turn|6
|
|t:|1783559462
|move|p1a: Sinistcha|Rage Powder|p1a: Sinistcha
|-singleturn|p1a: Sinistcha|move: Rage Powder
|move|p1b: Gholdengo|Make It Rain|p2b: Sableye|[spread] p2a,p2b
|-damage|p2a: Decidueye|12/100
|-damage|p2b: Sableye|0 fnt
|-unboost|p1b: Gholdengo|spa|2
|faint|p2b: Sableye
|move|p2a: Decidueye|Triple Arrows|p1b: Gholdengo
|-supereffective|p1b: Gholdengo|1
|-crit|p1b: Gholdengo
|-damage|p1b: Gholdengo|0 fnt
|faint|p1b: Gholdengo
|
|upkeep
|
|t:|1783559476
|switch|p1b: Rotom|Rotom-Heat, L50|51/100
|switch|p2b: Malsumas|Beedrill-Mega, L50, F, shiny|100/100
|turn|7
|
|t:|1783559485
|move|p1a: Sinistcha|Rage Powder|p1a: Sinistcha
|-singleturn|p1a: Sinistcha|move: Rage Powder
|move|p2a: Decidueye|Sucker Punch|p1b: Rotom
|-damage|p1b: Rotom|20/100y
|move|p1b: Rotom|Volt Switch|p2a: Decidueye
|-resisted|p2a: Decidueye|1
|-damage|p2a: Decidueye|0 fnt
|faint|p2a: Decidueye
|
|t:|1783559492
|switch|p1b: Staraptor|Staraptor, L50, M|100/100|[from] Volt Switch
|-ability|p1b: Staraptor|Intimidate|boost
|-unboost|p2b: Malsumas|atk|1
|move|p2b: Malsumas|Poison Jab|p1a: Sinistcha
|-damage|p1a: Sinistcha|66/100
|
|upkeep
|turn|8
|
|t:|1783559502
|move|p2b: Malsumas|Poison Jab|p1a: Sinistcha
|-damage|p1a: Sinistcha|30/100
|move|p1b: Staraptor|Brave Bird|p2b: Malsumas
|-supereffective|p2b: Malsumas|1
|-damage|p2b: Malsumas|0 fnt
|faint|p2b: Malsumas
|-damage|p1b: Staraptor|72/100|[from] Recoil
|
|win|lillyrosethedemon
