|j|â˜†Littlenap
|j|â˜†PippoLungoCalzino
|html|LittlenapPippoLungoCalzino    
|uhtml|bestof|Game 2 of a best-of-3
|t:|1756222028
|gametype|doubles
|player|p1|Littlenap|dawn|1146
|player|p2|PippoLungoCalzino|1|1148
|gen|9
|tier|[Gen 9] VGC 2025 Reg H (Bo3)
|rated|
|rule|Species Clause: Limit one of each PokÃ©mon
|rule|Item Clause: Limit 1 of each item
|clearpoke
|poke|p1|Garchomp, L50, F|
|poke|p1|Whimsicott, L50, F|
|poke|p1|Incineroar, L50, M|
|poke|p1|Gholdengo, L50|
|poke|p1|Dragonite, L50, F|
|poke|p1|Sneasler, L50, F|
|poke|p2|Dragonite, L50, F|
|poke|p2|Gholdengo, L50|
|poke|p2|Sneasler, L50, M|
|poke|p2|Talonflame, L50, M|
|poke|p2|Archaludon, L50, M|
|poke|p2|Garchomp, L50, F|
|teampreview|4
|showteam|p1|Garchomp||LifeOrb|RoughSkin|StompingTantrum,Earthquake,DragonClaw,Protect|||F|||50|,,,,,Ground]Whimsicott||FocusSash|Prankster|Encore,Tailwind,Moonblast,Protect|||F|||50|,,,,,Ghost]Incineroar||AssaultVest|Intimidate|FakeOut,Uturn,KnockOff,FlareBlitz|||M|||50|,,,,,Grass]Gholdengo||ChoiceScarf|GoodasGold|Trick,MakeItRain,ShadowBall,Protect||||||50|,,,,,Steel]Dragonite||ChoiceBand|InnerFocus|ExtremeSpeed,StompingTantrum,IceSpinner,Outrage|||F|||50|,,,,,Normal]Sneasler||WhiteHerb|Unburden|FakeOut,DireClaw,CloseCombat,Protect|||F|||50|,,,,,Stellar
|showteam|p2|Dragonite||LoadedDice|Multiscale|ScaleShot,ExtremeSpeed,IceSpinner,Haze|||F|||50|,,,,,Fairy]Gholdengo||ChoiceSpecs|GoodasGold|MakeItRain,ShadowBall,PowerGem,Thunderbolt||||||50|,,,,,Steel]Sneasler||FocusSash|Unburden|CloseCombat,DireClaw,FakeOut,Coaching|||M|||50|,,,,,Stellar]Talonflame||CovertCloak|GaleWings|BraveBird,Tailwind,WillOWisp,Taunt|||M|||50|,,,,,Grass]Archaludon||PowerHerb|Sturdy|FlashCannon,DracoMeteor,ElectroShot,Protect|||M|||50|,,,,,Flying]Garchomp||LifeOrb|RoughSkin|DragonClaw,StompingTantrum,Earthquake,Protect|||F|||50|,,,,,Ground
|inactive|Battle timer is ON: inactive players will automatically lose when time's up. (requested by Littlenap)
|inactive|PippoLungoCalzino has 60 seconds left.
|
|t:|1756222071
|teamsize|p1|4
|teamsize|p2|4
|start
|switch|p1a: Incineroar|Incineroar, L50, M|100/100
|switch|p1b: Whimsicott|Whimsicott, L50, F|100/100
|switch|p2a: Sneasler|Sneasler, L50, M|100/100
|switch|p2b: Garchomp|Garchomp, L50, F|100/100
|-ability|p1a: Incineroar|Intimidate|boost
|-unboost|p2a: Sneasler|atk|1
|-unboost|p2b: Garchomp|atk|1
|turn|1
|inactive|Littlenap has 30 seconds left.
|inactive|PippoLungoCalzino has 30 seconds left.
|
|t:|1756222101
|-terastallize|p2b: Garchomp|Ground
|move|p1b: Whimsicott|Tailwind|p1b: Whimsicott
|-sidestart|p1: Littlenap|move: Tailwind
|move|p2a: Sneasler|Coaching|p2b: Garchomp
|-boost|p2b: Garchomp|atk|1
|-boost|p2b: Garchomp|def|1
|move|p1a: Incineroar|U-turn|p2a: Sneasler
|-resisted|p2a: Sneasler
|-crit|p2a: Sneasler
|-damage|p2a: Sneasler|87/100
|
|t:|1756222112
|switch|p1a: Dragonite|Dragonite, L50, F|100/100|[from] U-turn
|move|p2b: Garchomp|Stomping Tantrum|p1a: Dragonite
|-immune|p1a: Dragonite
|
|upkeep
|turn|2
|inactive|Littlenap has 30 seconds left.
|inactive|PippoLungoCalzino has 30 seconds left.
|
|t:|1756222145
|switch|p2a: Talonflame|Talonflame, L50, M|100/100
|move|p1b: Whimsicott|Encore|p2b: Garchomp
|-start|p2b: Garchomp|Encore
|move|p1a: Dragonite|Stomping Tantrum|p2a: Talonflame
|-immune|p2a: Talonflame
|move|p2b: Garchomp|Stomping Tantrum|p1b: Whimsicott
|-resisted|p1b: Whimsicott
|-damage|p1b: Whimsicott|3/100
|-damage|p2b: Garchomp|91/100|[from] item: Life Orb
|
|upkeep
|turn|3
|
|t:|1756222168
|switch|p1b: Incineroar|Incineroar, L50, M|100/100
|-ability|p1b: Incineroar|Intimidate|boost
|-unboost|p2a: Talonflame|atk|1
|-unboost|p2b: Garchomp|atk|1
|move|p2a: Talonflame|Tailwind|p2a: Talonflame
|-sidestart|p2: PippoLungoCalzino|move: Tailwind
|move|p2b: Garchomp|Stomping Tantrum|p1b: Incineroar
|-supereffective|p1b: Incineroar
|-damage|p1b: Incineroar|25/100
|-damage|p2b: Garchomp|81/100|[from] item: Life Orb
|move|p1a: Dragonite|Stomping Tantrum|p2b: Garchomp
|-damage|p2b: Garchomp|30/100
|-damage|p1a: Dragonite|88/100|[from] ability: Rough Skin|[of] p2b: Garchomp
|
|upkeep
|turn|4
|
|t:|1756222191
|move|p1b: Incineroar|Fake Out|p2a: Talonflame
|-damage|p2a: Talonflame|84/100
|move|p2a: Talonflame|Will-O-Wisp|p1a: Dragonite
|-status|p1a: Dragonite|brn
|move|p2b: Garchomp|Stomping Tantrum|p1b: Incineroar
|-supereffective|p1b: Incineroar
|-damage|p1b: Incineroar|0 fnt
|faint|p1b: Incineroar
|-damage|p2b: Garchomp|21/100|[from] item: Life Orb
|move|p1a: Dragonite|Stomping Tantrum|p2b: Garchomp
|-damage|p2b: Garchomp|6/100
|-damage|p1a: Dragonite|76/100 brn|[from] ability: Rough Skin|[of] p2b: Garchomp
|
|-damage|p1a: Dragonite|70/100 brn|[from] brn
|-end|p2b: Garchomp|Encore
|-sideend|p1: Littlenap|move: Tailwind
|upkeep
|
|t:|1756222211
|switch|p1b: Whimsicott|Whimsicott, L50, F|3/100
|turn|5
|
|t:|1756222226
|move|p1b: Whimsicott|Tailwind|p1b: Whimsicott
|-sidestart|p1: Littlenap|move: Tailwind
|move|p2a: Talonflame|Brave Bird|p1b: Whimsicott
|-supereffective|p1b: Whimsicott
|-damage|p1b: Whimsicott|0 fnt
|faint|p1b: Whimsicott
|-damage|p2a: Talonflame|83/100|[from] Recoil
|move|p2b: Garchomp|Dragon Claw|p1a: Dragonite
|-supereffective|p1a: Dragonite
|-damage|p1a: Dragonite|0 fnt
|faint|p1a: Dragonite
|-damage|p2b: Garchomp|0 fnt|[from] item: Life Orb
|faint|p2b: Garchomp
|
|upkeep
|
|t:|1756222237
|switch|p2b: Sneasler|Sneasler, L50, M|87/100
|switch|p1b: Gholdengo|Gholdengo, L50|100/100
|turn|6
|
|t:|1756222268
|move|p1b: Gholdengo|Shadow Ball|p2a: Talonflame
|-damage|p2a: Talonflame|24/100
|move|p2a: Talonflame|Brave Bird|p1b: Gholdengo
|-resisted|p1b: Gholdengo
|-damage|p1b: Gholdengo|87/100
|-damage|p2a: Talonflame|20/100|[from] Recoil
|move|p2b: Sneasler|Dire Claw|p1b: Gholdengo
|-immune|p1b: Gholdengo
|
|-sideend|p2: PippoLungoCalzino|move: Tailwind
|upkeep
|turn|7
|inactive|PippoLungoCalzino has 30 seconds left.
|inactive|Littlenap has 30 seconds left.
|
|t:|1756222314
|move|p1b: Gholdengo|Shadow Ball|p2a: Talonflame
|-damage|p2a: Talonflame|0 fnt
|faint|p2a: Talonflame
|move|p2b: Sneasler|Dire Claw|p1b: Gholdengo
|-immune|p1b: Gholdengo
|
|upkeep
|
|t:|1756222318
|switch|p2a: Gholdengo|Gholdengo, L50|100/100
|turn|8
|
|t:|1756222341
|-terastallize|p1b: Gholdengo|Steel
|move|p1b: Gholdengo|Shadow Ball|p2a: Gholdengo
|-supereffective|p2a: Gholdengo
|-damage|p2a: Gholdengo|11/100
|move|p2b: Sneasler|Coaching|p2a: Gholdengo
|-immune|p2a: Gholdengo|[from] ability: Good as Gold
|move|p2a: Gholdengo|Shadow Ball|p1b: Gholdengo
|-damage|p1b: Gholdengo|20/100
|-unboost|p1b: Gholdengo|spd|1
|
|-sideend|p1: Littlenap|move: Tailwind
|upkeep
|turn|9
|
|t:|1756222357
|move|p1b: Gholdengo|Shadow Ball|p2b: Sneasler
|-damage|p2b: Sneasler|32/100
|-unboost|p2b: Sneasler|spd|1
|move|p2b: Sneasler|Close Combat|p1b: Gholdengo
|-supereffective|p1b: Gholdengo
|-damage|p1b: Gholdengo|0 fnt
|-unboost|p2b: Sneasler|def|1
|-unboost|p2b: Sneasler|spd|1
|faint|p1b: Gholdengo
|
|win|PippoLungoCalzino
|raw|Littlenap's rating: 1146 → 1121(-25 for losing)
|raw|PippoLungoCalzino's rating: 1148 → 1173(+25 for winning)
|l|â˜†Littlenap
|player|p1|
