|j|☆prove it to ya
|j|☆Gundnub
|html|prove it to yaGundnub    
|uhtml|bestof|Game 1 of a best-of-3
|t:|1786092646
|gametype|doubles
|player|p1|prove it to ya|pokemonranger-gen4|
|player|p2|Gundnub|170|
|gen|9
|tier|[Gen 9 Champions] VGC 2026 Reg M-B (Bo3)
|rule|Species Clause: Limit one of each Pokémon
|rule|Item Clause: Limit 1 of each item
|clearpoke
|poke|p1|Kingambit, L50, F|
|poke|p1|Gardevoir, L50, F|
|poke|p1|Talonflame, L50, F|
|poke|p1|Maushold, L50|
|poke|p1|Basculegion, L50, M|
|poke|p1|Garchomp, L50, M|
|poke|p2|Staraptor, L50, M|
|poke|p2|Garchomp, L50, M|
|poke|p2|Whimsicott, L50, M|
|poke|p2|Delphox, L50, M|
|poke|p2|Glimmora, L50, M|
|poke|p2|Kingambit, L50, M|
|teampreview|4
|showteam|p1|Kingambit||FocusSash|Defiant|KowtowCleave,IronHead,SuckerPunch,LowKick|Adamant||F|||50|]Gardevoir||Gardevoirite|Telepathy|HyperVoice,Psyshock,TrickRoom,Protect|Modest||F|||50|]Talonflame||LifeOrb|GaleWings|DualWingbeat,FlareBlitz,Tailwind,Protect|Jolly||F|||50|]Maushold||ChopleBerry|FriendGuard|Feint,SuperFang,FollowMe,Protect|Impish|||||50|]Basculegion||MysticWater|Adaptability|WaveCrash,LastRespects,AquaJet,Protect|Adamant||M|||50|]Garchomp||SitrusBerry|RoughSkin|Earthquake,StompingTantrum,RockTomb,Protect|Adamant||M|||50|
|showteam|p2|Staraptor||Staraptite|Intimidate|Protect,Roost,CloseCombat,BraveBird|Jolly||M|||50|]Garchomp||LifeOrb|RoughSkin|Protect,RockSlide,Earthquake,DragonClaw|Jolly||M|||50|]Whimsicott||OccaBerry|Prankster|Moonblast,Tailwind,Charm,LightScreen|Timid||M|||50|]Delphox||Delphoxite|Magician|Protect,Psychic,HeatWave,Substitute|Timid||M|||50|]Glimmora||FocusSash|ToxicDebris|SpikyShield,SludgeBomb,EarthPower,PowerGem|Timid||M|||50|]Kingambit||ChopleBerry|Defiant|SuckerPunch,LowKick,IronHead,KowtowCleave|Adamant||M|||50|
|
|t:|1786092785
|teamsize|p1|4
|teamsize|p2|4
|start
|switch|p1a: Garchomp|Garchomp, L50, M|100/100
|switch|p1b: Gardevoir|Gardevoir, L50, F|100/100
|switch|p2a: Staraptor|Staraptor, L50, M|100/100
|switch|p2b: Glimmora|Glimmora, L50, M|100/100
|-ability|p2a: Staraptor|Intimidate|boost
|-unboost|p1a: Garchomp|atk|1
|-unboost|p1b: Gardevoir|atk|1
|turn|1
|
|t:|1786092872
|switch|p2a: Kingambit|Kingambit, L50, M|100/100
|switch|p1a: Basculegion|Basculegion, L50, M|100/100
|detailschange|p1b: Gardevoir|Gardevoir-Mega, L50, F
|-mega|p1b: Gardevoir|Gardevoir|Gardevoirite
|move|p1b: Gardevoir|Protect|p1b: Gardevoir
|-singleturn|p1b: Gardevoir|Protect
|move|p2b: Glimmora|Sludge Bomb|p1b: Gardevoir
|-activate|p1b: Gardevoir|move: Protect
|
|upkeep
|turn|2
|
|t:|1786092993
|switch|p1b: Garchomp|Garchomp, L50, M|100/100
|move|p1a: Basculegion|Protect|p1a: Basculegion
|-singleturn|p1a: Basculegion|Protect
|move|p2b: Glimmora|Sludge Bomb|p1b: Garchomp
|-resisted|p1b: Garchomp|1
|-damage|p1b: Garchomp|77/100
|move|p2a: Kingambit|Kowtow Cleave|p1a: Basculegion
|-activate|p1a: Basculegion|move: Protect
|
|upkeep
|turn|3
|
|t:|1786093102
|switch|p2b: Staraptor|Staraptor, L50, M|100/100
|-ability|p2b: Staraptor|Intimidate|boost
|-unboost|p1a: Basculegion|atk|1
|-unboost|p1b: Garchomp|atk|1
|switch|p1a: Kingambit|Kingambit, L50, F|100/100
|move|p1b: Garchomp|Stomping Tantrum|p2a: Kingambit
|-supereffective|p2a: Kingambit|1
|-damage|p2a: Kingambit|58/100
|move|p2a: Kingambit|Kowtow Cleave|p1a: Kingambit
|-resisted|p1a: Kingambit|1
|-damage|p1a: Kingambit|81/100
|
|upkeep
|turn|4
|
|t:|1786093267
|switch|p1a: Basculegion|Basculegion, L50, M|100/100
|switch|p2a: Glimmora|Glimmora, L50, M|100/100
|detailschange|p2b: Staraptor|Staraptor-Mega, L50, M
|-mega|p2b: Staraptor|Staraptor|Staraptite
|move|p2b: Staraptor|Close Combat|p1a: Basculegion
|-immune|p1a: Basculegion
|move|p1b: Garchomp|Stomping Tantrum|p2a: Glimmora
|-supereffective|p2a: Glimmora|2
|-enditem|p2a: Glimmora|Focus Sash
|-damage|p2a: Glimmora|1/100
|-activate|p2a: Glimmora|ability: Toxic Debris
|-sidestart|p1: prove it to ya|move: Toxic Spikes
|
|upkeep
|turn|5
|
|t:|1786093331
|switch|p1b: Gardevoir|Gardevoir-Mega, L50, F|100/100
|-status|p1b: Gardevoir|psn
|move|p1a: Basculegion|Aqua Jet|p2a: Glimmora
|-supereffective|p2a: Glimmora|1
|-damage|p2a: Glimmora|0 fnt
|-activate|p2a: Glimmora|ability: Toxic Debris
|-sidestart|p1: prove it to ya|move: Toxic Spikes
|faint|p2a: Glimmora
|move|p2b: Staraptor|Brave Bird|p1a: Basculegion
|-damage|p1a: Basculegion|42/100
|-damage|p2b: Staraptor|78/100|[from] Recoil
|
|-damage|p1b: Gardevoir|88/100 psn|[from] psn
|upkeep
|
|t:|1786093340
|switch|p2a: Garchomp|Garchomp, L50, M|100/100
|turn|6
|
|t:|1786093372
|move|p1b: Gardevoir|Protect|p1b: Gardevoir
|-singleturn|p1b: Gardevoir|Protect
|move|p1a: Basculegion|Aqua Jet|p2b: Staraptor
|-damage|p2b: Staraptor|46/100
|move|p2b: Staraptor|Brave Bird|p1b: Gardevoir
|-activate|p1b: Gardevoir|move: Protect
|move|p2a: Garchomp|Earthquake|p1b: Gardevoir|[spread] p1a
|-activate|p1b: Gardevoir|move: Protect
|-immune|p2b: Staraptor
|-damage|p1a: Basculegion|0 fnt
|faint|p1a: Basculegion
|-damage|p2a: Garchomp|90/100|[from] item: Life Orb
|
|-damage|p1b: Gardevoir|76/100 psn|[from] psn
|upkeep
|
|t:|1786093400
|switch|p1a: Garchomp|Garchomp, L50, M|77/100
|-status|p1a: Garchomp|tox
|turn|7
|
|t:|1786093442
|switch|p1b: Kingambit|Kingambit, L50, F|81/100
|move|p2b: Staraptor|Brave Bird|p1b: Kingambit
|-resisted|p1b: Kingambit|1
|-damage|p1b: Kingambit|55/100
|-damage|p2b: Staraptor|38/100|[from] Recoil
|move|p2a: Garchomp|Earthquake|p1b: Kingambit|[spread] p1a,p1b
|-immune|p2b: Staraptor
|-supereffective|p1b: Kingambit|1
|-damage|p1a: Garchomp|29/100 tox
|-damage|p1b: Kingambit|0 fnt
|-enditem|p1a: Garchomp|Sitrus Berry|[eat]
|-heal|p1a: Garchomp|54/100 tox|[from] item: Sitrus Berry
|faint|p1b: Kingambit
|-damage|p2a: Garchomp|80/100|[from] item: Life Orb
|move|p1a: Garchomp|Rock Tomb|p2a: Garchomp
|-resisted|p2a: Garchomp|1
|-damage|p2a: Garchomp|69/100
|-unboost|p2a: Garchomp|spe|1
|
|-damage|p1a: Garchomp|48/100 tox|[from] psn
|upkeep
|
|t:|1786093459
|switch|p1b: Gardevoir|Gardevoir-Mega, L50, F|76/100 psn
|turn|8
|
|t:|1786093545
|move|p2a: Garchomp|Protect|p2a: Garchomp
|-singleturn|p2a: Garchomp|Protect
|move|p2b: Staraptor|Brave Bird|p1b: Gardevoir
|-damage|p1b: Gardevoir|0 fnt
|faint|p1b: Gardevoir
|-damage|p2b: Staraptor|14/100|[from] Recoil
|move|p1a: Garchomp|Stomping Tantrum|p2a: Garchomp
|-activate|p2a: Garchomp|move: Protect
|
|-damage|p1a: Garchomp|37/100 tox|[from] psn
|upkeep
|turn|9
|
|t:|1786093573
|move|p2b: Staraptor|Close Combat|p1a: Garchomp
|-damage|p1a: Garchomp|0 fnt
|-boost|p2b: Staraptor|def|1
|-boost|p2b: Staraptor|spd|1
|-damage|p2b: Staraptor|2/100|[from] ability: Rough Skin|[of] p1a: Garchomp
|faint|p1a: Garchomp
|
|win|Gundnub
