|j|☆learning to perish
|j|☆MrPhoenixGC
|html|learning to perishMrPhoenixGC    
|uhtml|bestof|Game 1 of a best-of-3
|t:|1756999961
|gametype|doubles
|player|p1|learning to perish|2|1249
|player|p2|MrPhoenixGC|steven|1194
|gen|9
|tier|[Gen 9] VGC 2025 Reg H (Bo3)
|rated|
|rule|Species Clause: Limit one of each Pokémon
|rule|Item Clause: Limit 1 of each item
|clearpoke
|poke|p1|Azumarill, L50, M|
|poke|p1|Gothitelle, L50, F|
|poke|p1|Torkoal, L50, M|
|poke|p1|Charizard, L50, M|
|poke|p1|Incineroar, L50, F|
|poke|p1|Ursaluna-Bloodmoon, L50, M|
|poke|p2|Gholdengo, L50|
|poke|p2|Pelipper, L50, F|
|poke|p2|Archaludon, L50, F|
|poke|p2|Ursaluna, L50, M|
|poke|p2|Dragonite, L50, F|
|poke|p2|Sinistcha, L50|
|teampreview|4
|showteam|p1|Azumarill||MentalHerb|SapSipper|AquaJet,PerishSong,Encore,Protect|||M|||50|,,,,,Ground]Gothitelle||SitrusBerry|ShadowTag|Psychic,TrickRoom,FakeOut,Protect|||F|||50|,,,,,Dark]Torkoal||EjectPack|Drought|Overheat,Eruption,HelpingHand,Protect|||M|||50|,,,,,Fire]Charizard||ChoiceSpecs|SolarPower|HeatWave,Overheat,WeatherBall,Protect|||M|||50|,,,,,Ghost]Incineroar||ChopleBerry|Intimidate|KnockOff,PartingShot,FakeOut,Protect|||F|||50|,,,,,Grass]Ursaluna-Bloodmoon||LifeOrb|MindsEye|BloodMoon,HyperVoice,EarthPower,Protect|||M|||50|,,,,,Normal
|showteam|p2|Gholdengo||ChoiceScarf|GoodasGold|MakeItRain,ShadowBall,Trick,Protect||||||50|,,,,,Water]Pelipper||FocusSash|Drizzle|Protect,MuddyWater,Hurricane,WideGuard|||F|||50|,,,,,Ghost]Archaludon||AssaultVest|Stamina|BodyPress,Snarl,ElectroShot,FlashCannon|||F|||50|,,,,,Bug]Ursaluna||FlameOrb|Guts|Protect,Facade,Earthquake,HeadlongRush|||M|||50|,,,,,Ghost]Dragonite||LoadedDice|Multiscale|ScaleShot,Haze,Tailwind,Protect|||F|||50|,,,,,Fairy]Sinistcha||SitrusBerry|Hospitality|TrickRoom,MatchaGotcha,LifeDew,RagePowder||||||50|,,,,,Dark
|inactive|Battle timer is ON: inactive players will automatically lose when time's up. (requested by learning to perish)
|inactive|MrPhoenixGC has 60 seconds left.
|inactive|MrPhoenixGC has 30 seconds left.
|
|t:|1757000021
|teamsize|p1|4
|teamsize|p2|4
|start
|switch|p1a: Charizard|Charizard, L50, M|100/100
|switch|p1b: Gothitelle|Gothitelle, L50, F|100/100
|switch|p2a: Sinistcha|Sinistcha, L50|100/100
|switch|p2b: Dragonite|Dragonite, L50, F|100/100
|turn|1
|inactive|MrPhoenixGC has 30 seconds left.
|inactive|MrPhoenixGC has 20 seconds left.
|inactive|MrPhoenixGC has 15 seconds left.
|inactive|MrPhoenixGC has 10 seconds left.
|inactive|MrPhoenixGC has 5 seconds left.
|
|t:|1757000074
|-terastallize|p2a: Sinistcha|Dark
|move|p1b: Gothitelle|Fake Out|p2b: Dragonite
|-damage|p2b: Dragonite|98/100
|move|p1a: Charizard|Heat Wave|p2b: Dragonite|[spread] p2b
|-miss|p1a: Charizard|p2a: Sinistcha
|-resisted|p2b: Dragonite
|-damage|p2b: Dragonite|72/100
|cant|p2b: Dragonite|flinch
|move|p2a: Sinistcha|Matcha Gotcha|p1b: Gothitelle|[spread] p1a,p1b
|-resisted|p1a: Charizard
|-damage|p1a: Charizard|92/100
|-damage|p1b: Gothitelle|82/100
|
|upkeep
|turn|2
|
|t:|1757000097
|switch|p1b: Torkoal|Torkoal, L50, M|100/100
|-weather|SunnyDay|[from] ability: Drought|[of] p1b: Torkoal
|move|p2b: Dragonite|Protect|p2b: Dragonite
|-singleturn|p2b: Dragonite|Protect
|move|p1a: Charizard|Heat Wave|p2a: Sinistcha|[spread] p2a
|-activate|p2b: Dragonite|move: Protect
|-damage|p2a: Sinistcha|4/100
|-enditem|p2a: Sinistcha|Sitrus Berry|[eat]
|-heal|p2a: Sinistcha|29/100|[from] item: Sitrus Berry
|move|p2a: Sinistcha|Life Dew|p2a: Sinistcha|[spread] p2a,p2b
|-heal|p2a: Sinistcha|54/100
|-heal|p2b: Dragonite|97/100
|
|-weather|SunnyDay|[upkeep]
|-damage|p1a: Charizard|80/100|[from] ability: Solar Power|[of] p1a: Charizard
|upkeep
|turn|3
|
|t:|1757000122
|switch|p2a: Pelipper|Pelipper, L50, F|100/100
|-weather|RainDance|[from] ability: Drizzle|[of] p2a: Pelipper
|move|p1a: Charizard|Heat Wave|p2a: Pelipper|[spread] p2a,p2b
|-resisted|p2a: Pelipper
|-resisted|p2b: Dragonite
|-crit|p2b: Dragonite
|-damage|p2a: Pelipper|79/100
|-damage|p2b: Dragonite|79/100
|move|p2b: Dragonite|Scale Shot|p1a: Charizard
|-damage|p1a: Charizard|58/100
|-damage|p1a: Charizard|39/100
|-damage|p1a: Charizard|19/100
|-damage|p1a: Charizard|0 fnt
|faint|p1a: Charizard
|-hitcount|p1: Charizard|4
|-unboost|p2b: Dragonite|def|1
|-boost|p2b: Dragonite|spe|1
|move|p1b: Torkoal|Overheat|p2b: Dragonite
|-resisted|p2b: Dragonite
|-damage|p2b: Dragonite|66/100
|-unboost|p1b: Torkoal|spa|2
|-enditem|p1b: Torkoal|Eject Pack
|
|t:|1757000135
|switch|p1b: Gothitelle|Gothitelle, L50, F|82/100
|
|-weather|RainDance|[upkeep]
|upkeep
|
|t:|1757000136
|switch|p1a: Torkoal|Torkoal, L50, M|100/100
|-weather|SunnyDay|[from] ability: Drought|[of] p1a: Torkoal
|turn|4
|inactive|MrPhoenixGC has 30 seconds left.
|inactive|MrPhoenixGC has 20 seconds left.
|
|t:|1757000172
|switch|p1a: Ursaluna|Ursaluna-Bloodmoon, L50, M|100/100
|move|p2b: Dragonite|Scale Shot|p1a: Ursaluna
|-crit|p1a: Ursaluna
|-damage|p1a: Ursaluna|85/100
|-damage|p1a: Ursaluna|74/100
|-damage|p1a: Ursaluna|64/100
|-damage|p1a: Ursaluna|52/100
|-hitcount|p1a: Ursaluna|4
|-unboost|p2b: Dragonite|def|1
|-boost|p2b: Dragonite|spe|1
|move|p2a: Pelipper|Muddy Water|p1a: Ursaluna|[spread] p1a,p1b
|-supereffective|p1a: Ursaluna
|-damage|p1a: Ursaluna|15/100
|-damage|p1b: Gothitelle|68/100
|move|p1b: Gothitelle|Trick Room|p1b: Gothitelle
|-fieldstart|move: Trick Room|[of] p1b: Gothitelle
|
|-weather|SunnyDay|[upkeep]
|upkeep
|turn|5
|inactive|MrPhoenixGC has 30 seconds left.
|inactive|MrPhoenixGC has 20 seconds left.
|inactive|MrPhoenixGC has 15 seconds left.
|inactive|MrPhoenixGC has 10 seconds left.
|inactive|MrPhoenixGC has 5 seconds left.
|
|t:|1757000225
|move|p2b: Dragonite|Protect|p2b: Dragonite
|-singleturn|p2b: Dragonite|Protect
|move|p1a: Ursaluna|Blood Moon|p2b: Dragonite
|-activate|p2b: Dragonite|move: Protect
|move|p1b: Gothitelle|Psychic|p2a: Pelipper
|-damage|p2a: Pelipper|28/100
|move|p2a: Pelipper|Muddy Water|p1a: Ursaluna|[spread] p1a,p1b
|-supereffective|p1a: Ursaluna
|-damage|p1a: Ursaluna|0 fnt
|-damage|p1b: Gothitelle|54/100
|faint|p1a: Ursaluna
|
|-weather|SunnyDay|[upkeep]
|upkeep
|
|t:|1757000227
|switch|p1a: Torkoal|Torkoal, L50, M|100/100
|turn|6
|inactive|MrPhoenixGC has 30 seconds left.
|inactive|MrPhoenixGC has 20 seconds left.
|inactive|MrPhoenixGC has 15 seconds left.
|inactive|MrPhoenixGC has 10 seconds left.
|
|t:|1757000272
|-terastallize|p1a: Torkoal|Fire
|move|p2a: Pelipper|Protect|p2a: Pelipper
|-singleturn|p2a: Pelipper|Protect
|move|p1a: Torkoal|Eruption|p2a: Pelipper|[spread] p2b
|-activate|p2a: Pelipper|move: Protect
|-resisted|p2b: Dragonite
|-damage|p2b: Dragonite|15/100
|move|p1b: Gothitelle|Psychic|p2a: Pelipper
|-activate|p2a: Pelipper|move: Protect
|move|p2b: Dragonite|Scale Shot|p1b: Gothitelle
|-damage|p1b: Gothitelle|43/100
|-enditem|p1b: Gothitelle|Sitrus Berry|[eat]
|-heal|p1b: Gothitelle|68/100|[from] item: Sitrus Berry
|-damage|p1b: Gothitelle|54/100
|-damage|p1b: Gothitelle|40/100
|-damage|p1b: Gothitelle|28/100
|-damage|p1b: Gothitelle|15/100
|-hitcount|p1b: Gothitelle|5
|-unboost|p2b: Dragonite|def|1
|-boost|p2b: Dragonite|spe|1
|
|-weather|SunnyDay|[upkeep]
|upkeep
|turn|7
|inactive|MrPhoenixGC has 30 seconds left.
|inactive|MrPhoenixGC has 20 seconds left.
|inactive|MrPhoenixGC has 15 seconds left.
|inactive|MrPhoenixGC has 10 seconds left.
|inactive|MrPhoenixGC has 5 seconds left.
|
|t:|1757000324
|move|p1a: Torkoal|Overheat|p2b: Dragonite
|-resisted|p2b: Dragonite
|-damage|p2b: Dragonite|0 fnt
|-unboost|p1a: Torkoal|spa|2
|faint|p2b: Dragonite
|move|p1b: Gothitelle|Psychic|p2a: Pelipper
|-damage|p2a: Pelipper|0 fnt
|faint|p2a: Pelipper
|
|-weather|SunnyDay|[upkeep]
|upkeep
|
|t:|1757000336
|switch|p2a: Archaludon|Archaludon, L50, F|100/100
|switch|p2b: Sinistcha|Sinistcha, L50, tera:Dark|54/100
|turn|8
|inactive|MrPhoenixGC has 30 seconds left.
|inactive|MrPhoenixGC has 20 seconds left.
|inactive|MrPhoenixGC has 15 seconds left.
|inactive|MrPhoenixGC has 10 seconds left.
|inactive|MrPhoenixGC has 5 seconds left.
|
|t:|1757000391
|move|p1a: Torkoal|Eruption|p2a: Archaludon|[spread] p2a,p2b
|-damage|p2a: Archaludon|63/100
|-damage|p2b: Sinistcha|13/100
|-ability|p2a: Archaludon|Stamina|boost
|-boost|p2a: Archaludon|def|1
|move|p1b: Gothitelle|Psychic|p2a: Archaludon
|-resisted|p2a: Archaludon
|-damage|p2a: Archaludon|52/100
|-ability|p2a: Archaludon|Stamina|boost
|-boost|p2a: Archaludon|def|1
|move|p2a: Archaludon|Body Press|p1b: Gothitelle
|-resisted|p1b: Gothitelle
|-damage|p1b: Gothitelle|0 fnt
|faint|p1b: Gothitelle
|move|p2b: Sinistcha|Trick Room|p2b: Sinistcha
|-fieldend|move: Trick Room
|
|-weather|none
|upkeep
|turn|9
|-message|learning to perish forfeited.
|
|win|MrPhoenixGC
|l|☆learning to perish
|player|p1|
||learning to perish is ready for game 2.
|inactive|MrPhoenixGC has 30 seconds to confirm battle start!
|inactive|MrPhoenixGC has 20 seconds to confirm battle start!
