|j|☆J.Arch
|j|☆Kevin-V8
|html|J.ArchKevin-V8    
|uhtml|bestof|Game 1 of a best-of-3
|t:|1756257993
|gametype|doubles
|player|p1|J.Arch|ethan|1147
|player|p2|Kevin-V8|ethan|1078
|gen|9
|tier|[Gen 9] VGC 2025 Reg H (Bo3)
|rated|
|rule|Species Clause: Limit one of each Pokémon
|rule|Item Clause: Limit 1 of each item
|clearpoke
|poke|p1|Annihilape, L50, F|
|poke|p1|Pelipper, L50, M|
|poke|p1|Archaludon, L50, M|
|poke|p1|Breloom, L50, F|
|poke|p1|Farigiraf, L50, M|
|poke|p1|Incineroar, L50, F|
|poke|p2|Dragonite, L50, M|
|poke|p2|Ursaluna-Bloodmoon, L50, M|
|poke|p2|Archaludon, L50, M|
|poke|p2|Whimsicott, L50, M|
|poke|p2|Gholdengo, L50|
|poke|p2|Incineroar, L50, F|
|teampreview|4
|showteam|p1|Annihilape||ChoiceScarf|Defiant|FinalGambit,RageFist,Coaching,Uturn|||F|||50|,,,,,Poison]Pelipper||DampRock|Drizzle|Tailwind,Hurricane,WeatherBall,Protect|||M|||50|,,,,,Ghost]Archaludon||AssaultVest|Stamina|ElectroShot,DracoMeteor,BodyPress,FlashCannon|||M|||50|,,,,,Bug]Breloom||FocusSash|Technician|BulletSeed,MachPunch,Spore,SwordsDance|||F|||50|,,,,,Ghost]Farigiraf||ThroatSpray|ArmorTail|TrickRoom,HyperVoice,Psychic,HelpingHand|||M|||50|,,,,,Fairy]Incineroar||SitrusBerry|Intimidate|FakeOut,KnockOff,FlareBlitz,PartingShot|||F|||50|,,,,,Water
|showteam|p2|Dragonite||LoadedDice|Multiscale|ScaleShot,ExtremeSpeed,IceSpinner,Protect|||M|||50|,,,,,Fairy]Ursaluna-Bloodmoon||AssaultVest|MindsEye|BloodMoon,HyperVoice,EarthPower,VacuumWave|||M|||50|,,,,,Water]Archaludon||PowerHerb|Sturdy|ElectroShot,FlashCannon,DracoMeteor,Protect|||M|||50|,,,,,Stellar]Whimsicott||CovertCloak|Prankster|FakeTears,Tailwind,Encore,Moonblast|||M|||50|,,,,,Poison]Gholdengo||ChoiceSpecs|GoodasGold|MakeItRain,ShadowBall,PowerGem,SteelBeam||||||50|,,,,,Steel]Incineroar||MirrorHerb|Intimidate|FakeOut,PartingShot,KnockOff,FlareBlitz|||F|||50|,,,,,Ghost
|inactive|Battle timer is ON: inactive players will automatically lose when time's up. (requested by Kevin-V8)
|inactive|J.Arch has 60 seconds left.
|inactive|Kevin-V8 has 60 seconds left.
|inactive|J.Arch has 30 seconds left.
|inactive|J.Arch has 20 seconds left.
|
|t:|1756258066
|teamsize|p1|4
|teamsize|p2|4
|start
|switch|p1a: Annihilape|Annihilape, L50, F|100/100
|switch|p1b: Pelipper|Pelipper, L50, M|100/100
|switch|p2a: Whimsicott|Whimsicott, L50, M|100/100
|switch|p2b: Archaludon|Archaludon, L50, M|100/100
|-weather|RainDance|[from] ability: Drizzle|[of] p1b: Pelipper
|turn|1
|inactive|J.Arch has 30 seconds left.
|inactive|Kevin-V8 has 30 seconds left.
|inactive|Kevin-V8 has 20 seconds left.
|
|t:|1756258103
|move|p2a: Whimsicott|Tailwind|p2a: Whimsicott
|-sidestart|p2: Kevin-V8|move: Tailwind
|move|p2b: Archaludon|Electro Shot||[still]
|-prepare|p2b: Archaludon|Electro Shot
|-boost|p2b: Archaludon|spa|1
|-anim|p2b: Archaludon|Electro Shot|p1a: Annihilape
|-damage|p1a: Annihilape|35/100
|move|p1a: Annihilape|U-turn|p2a: Whimsicott
|-damage|p2a: Whimsicott|75/100
|
|t:|1756258115
|switch|p1a: Archaludon|Archaludon, L50, M|100/100|[from] U-turn
|move|p1b: Pelipper|Hurricane|p2a: Whimsicott
|-supereffective|p2a: Whimsicott
|-damage|p2a: Whimsicott|0 fnt
|faint|p2a: Whimsicott
|
|-weather|RainDance|[upkeep]
|upkeep
|
|t:|1756258126
|switch|p2a: Incineroar|Incineroar, L50, F|100/100
|-ability|p2a: Incineroar|Intimidate|boost
|-unboost|p1a: Archaludon|atk|1
|-unboost|p1b: Pelipper|atk|1
|turn|2
|inactive|J.Arch has 30 seconds left.
|
|t:|1756258152
|-terastallize|p2b: Archaludon|Stellar
|move|p1b: Pelipper|Protect|p1b: Pelipper
|-singleturn|p1b: Pelipper|Protect
|move|p2a: Incineroar|Fake Out|p1b: Pelipper
|-activate|p1b: Pelipper|move: Protect
|move|p2b: Archaludon|Draco Meteor|p1a: Archaludon
|-damage|p1a: Archaludon|0 fnt
|-unboost|p2b: Archaludon|spa|2
|faint|p1a: Archaludon
|
|-weather|RainDance|[upkeep]
|upkeep
|
|t:|1756258169
|switch|p1a: Annihilape|Annihilape, L50, F|35/100
|turn|3
|inactive|J.Arch has 30 seconds left.
|
|t:|1756258199
|-terastallize|p1b: Pelipper|Ghost
|move|p2b: Archaludon|Electro Shot||[still]
|-prepare|p2b: Archaludon|Electro Shot
|-boost|p2b: Archaludon|spa|1
|-anim|p2b: Archaludon|Electro Shot|p1b: Pelipper
|-damage|p1b: Pelipper|18/100
|move|p1a: Annihilape|U-turn|p2a: Incineroar
|-damage|p2a: Incineroar|83/100
|
|t:|1756258208
|switch|p1a: Incineroar|Incineroar, L50, F|100/100|[from] U-turn
|-ability|p1a: Incineroar|Intimidate|boost
|-unboost|p2a: Incineroar|atk|1
|-unboost|p2b: Archaludon|atk|1
|move|p2a: Incineroar|Knock Off|p1a: Incineroar
|-resisted|p1a: Incineroar
|-damage|p1a: Incineroar|89/100
|-enditem|p1a: Incineroar|Sitrus Berry|[from] move: Knock Off|[of] p2a: Incineroar
|move|p1b: Pelipper|Tailwind|p1b: Pelipper
|-sidestart|p1: J.Arch|move: Tailwind
|
|-weather|RainDance|[upkeep]
|upkeep
|turn|4
|
|t:|1756258226
|move|p1a: Incineroar|Fake Out|p2b: Archaludon
|-resisted|p2b: Archaludon
|-damage|p2b: Archaludon|95/100
|cant|p2b: Archaludon|flinch
|move|p2a: Incineroar|Knock Off|p1b: Pelipper
|-supereffective|p1b: Pelipper
|-damage|p1b: Pelipper|0 fnt
|-enditem|p1b: Pelipper|Damp Rock|[from] move: Knock Off|[of] p2a: Incineroar
|faint|p1b: Pelipper
|
|-weather|RainDance|[upkeep]
|-sideend|p2: Kevin-V8|move: Tailwind
|upkeep
|
|t:|1756258239
|switch|p1b: Annihilape|Annihilape, L50, F|35/100
|turn|5
|inactive|J.Arch has 30 seconds left.
|
|t:|1756258269
|move|p2b: Archaludon|Protect|p2b: Archaludon
|-singleturn|p2b: Archaludon|Protect
|move|p1b: Annihilape|Coaching|p1a: Incineroar
|-boost|p1a: Incineroar|atk|1
|-boost|p1a: Incineroar|def|1
|-enditem|p2a: Incineroar|Mirror Herb
|-boost|p2a: Incineroar|atk|1|[from] item: Mirror Herb
|-boost|p2a: Incineroar|def|1|[from] item: Mirror Herb
|move|p1a: Incineroar|Knock Off|p2b: Archaludon
|-activate|p2b: Archaludon|move: Protect
|move|p2a: Incineroar|Knock Off|p1b: Annihilape
|-damage|p1b: Annihilape|0 fnt
|-enditem|p1b: Annihilape|Choice Scarf|[from] move: Knock Off|[of] p2a: Incineroar
|faint|p1b: Annihilape
|
|-weather|RainDance|[upkeep]
|upkeep
|turn|6
|inactive|J.Arch has 30 seconds left.
|inactive|Kevin-V8 has 30 seconds left.
|inactive|J.Arch has 20 seconds left.
|inactive|Kevin-V8 has 20 seconds left.
|
|t:|1756258309
|move|p1a: Incineroar|Knock Off|p2b: Archaludon
|-damage|p2b: Archaludon|42/100
|-enditem|p2b: Archaludon|Power Herb|[from] move: Knock Off|[of] p1a: Incineroar
|move|p2b: Archaludon|Electro Shot||[still]
|-prepare|p2b: Archaludon|Electro Shot
|-boost|p2b: Archaludon|spa|1
|-anim|p2b: Archaludon|Electro Shot|p1a: Incineroar
|-damage|p1a: Incineroar|24/100
|move|p2a: Incineroar|Parting Shot|p1a: Incineroar
|-unboost|p1a: Incineroar|atk|1
|-unboost|p1a: Incineroar|spa|1
|
|t:|1756258319
|switch|p2a: Ursaluna|Ursaluna-Bloodmoon, L50, M|100/100|[from] Parting Shot
|
|-weather|RainDance|[upkeep]
|-sideend|p1: J.Arch|move: Tailwind
|upkeep
|turn|7
|
|t:|1756258335
|move|p2a: Ursaluna|Vacuum Wave|p1a: Incineroar
|-supereffective|p1a: Incineroar
|-damage|p1a: Incineroar|0 fnt
|faint|p1a: Incineroar
|
|win|Kevin-V8
|l|☆J.Arch
|player|p1|
