|j|☆mariocansado
|j|☆Gottkomplexe
|html|mariocansadoGottkomplexe    
|uhtml|bestof|Game 2 of a best-of-3
|t:|1757023962
|gametype|doubles
|player|p1|mariocansado|arven-s|1217
|player|p2|Gottkomplexe|ilima|1152
|gen|9
|tier|[Gen 9] VGC 2025 Reg H (Bo3)
|rated|
|rule|Species Clause: Limit one of each Pokémon
|rule|Item Clause: Limit 1 of each item
|clearpoke
|poke|p1|Rillaboom, L50, F|
|poke|p1|Dragapult, L50, F|
|poke|p1|Electabuzz, L50, M|
|poke|p1|Volcarona, L50, F|
|poke|p1|Whimsicott, L50, M|
|poke|p1|Arcanine-Hisui, L50, M|
|poke|p2|Dragonite, L50, M|
|poke|p2|Rillaboom, L50, F|
|poke|p2|Incineroar, L50, F|
|poke|p2|Gholdengo, L50|
|poke|p2|Sneasler, L50, M|
|poke|p2|Ursaluna-Bloodmoon, L50, M|
|teampreview|4
|showteam|p1|Rillaboom||AssaultVest|GrassySurge|FakeOut,WoodHammer,Uturn,GrassyGlide|||F|||50|,,,,,Fire]Dragapult||ChoiceBand|ClearBody|DragonDarts,Outrage,PhantomForce,Uturn|||F|||50|,,,,,Dragon]Electabuzz||Eviolite|VitalSpirit|Thunderbolt,Taunt,FollowMe,Protect|||M|||50|,,,,,Ghost]Volcarona||Leftovers|FlameBody|HeatWave,QuiverDance,Protect,GigaDrain|||F|||50|,,,,,Grass]Whimsicott||CovertCloak|Prankster|SunnyDay,Moonblast,Encore,Tailwind|||M|||50|,,,,,Dark]Arcanine-Hisui||SafetyGoggles|Intimidate|RockSlide,FlareBlitz,ExtremeSpeed,Protect|||M|||50|,,,,,Fairy
|showteam|p2|Dragonite||LoadedDice|Multiscale|ScaleShot,Tailwind,Haze,Protect|||M|||50|,,,,,Fairy]Rillaboom||AssaultVest|GrassySurge|WoodHammer,GrassyGlide,FakeOut,HighHorsepower|||F|||50|,,,,,Fire]Incineroar||SafetyGoggles|Intimidate|FlareBlitz,KnockOff,FakeOut,PartingShot|||F|||50|,,,,,Ghost]Gholdengo||Leftovers|GoodasGold|MakeItRain,ShadowBall,NastyPlot,Protect||||||50|,,,,,Water]Sneasler||FocusSash|PoisonTouch|DireClaw,CloseCombat,ThroatChop,Protect|||M|||50|,,,,,Dark]Ursaluna-Bloodmoon||LifeOrb|MindsEye|BloodMoon,HyperVoice,EarthPower,Protect|||M|||50|,,,,,Normal
|inactive|Battle timer is ON: inactive players will automatically lose when time's up. (requested by Gottkomplexe)
|inactive|mariocansado has 60 seconds left.
|
|t:|1757024009
|teamsize|p1|4
|teamsize|p2|4
|start
|switch|p1a: Dragapult|Dragapult, L50, F|100/100
|switch|p1b: Big Jerry|Rillaboom, L50, F|100/100
|switch|p2a: Sneasler|Sneasler, L50, M|100/100
|switch|p2b: Incineroar|Incineroar, L50, F|100/100
|-fieldstart|move: Grassy Terrain|[from] ability: Grassy Surge|[of] p1b: Big Jerry
|-ability|p2b: Incineroar|Intimidate|boost
|-fail|p1a: Dragapult|unboost|[from] ability: Clear Body|[of] p1a: Dragapult
|-unboost|p1b: Big Jerry|atk|1
|turn|1
|
|t:|1757024024
|-terastallize|p1a: Dragapult|Dragon
|move|p2a: Sneasler|Protect|p2a: Sneasler
|-singleturn|p2a: Sneasler|Protect
|move|p1b: Big Jerry|Fake Out|p2b: Incineroar
|-damage|p2b: Incineroar|93/100
|move|p1a: Dragapult|Dragon Darts|p2b: Incineroar
|-damage|p2b: Incineroar|47/100
|-anim|p1a: Dragapult|Dragon Darts|p2b: Incineroar
|-damage|p2b: Incineroar|0 fnt
|faint|p2b: Incineroar
|
|upkeep
|
|t:|1757024029
|switch|p2b: Dragonite|Dragonite, L50, M|100/100
|turn|2
|
|t:|1757024046
|switch|p1a: Arcanine|Arcanine-Hisui, L50, M|100/100
|-ability|p1a: Arcanine|Intimidate|boost
|-unboost|p2a: Sneasler|atk|1
|-unboost|p2b: Dragonite|atk|1
|-terastallize|p2b: Dragonite|Fairy
|move|p2a: Sneasler|Dire Claw|p1a: Arcanine
|-resisted|p1a: Arcanine
|-damage|p1a: Arcanine|83/100
|-status|p1a: Arcanine|slp
|move|p1b: Big Jerry|Wood Hammer|p2b: Dragonite
|-damage|p2b: Dragonite|75/100
|-damage|p1b: Big Jerry|93/100|[from] Recoil
|move|p2b: Dragonite|Scale Shot|p1a: Arcanine
|-damage|p1a: Arcanine|73/100 slp
|-damage|p1a: Arcanine|60/100 slp
|-damage|p1a: Arcanine|49/100 slp
|-damage|p1a: Arcanine|37/100 slp
|-damage|p1a: Arcanine|27/100 slp
|-hitcount|p1a: Arcanine|5
|-unboost|p2b: Dragonite|def|1
|-boost|p2b: Dragonite|spe|1
|
|-heal|p2b: Dragonite|81/100|[from] Grassy Terrain
|-heal|p1a: Arcanine|33/100 slp|[from] Grassy Terrain
|-heal|p1b: Big Jerry|99/100|[from] Grassy Terrain
|upkeep
|turn|3
|inactive|mariocansado has 30 seconds left.
|inactive|Gottkomplexe has 30 seconds left.
|
|t:|1757024078
|move|p2a: Sneasler|Dire Claw|p1b: Big Jerry
|-supereffective|p1b: Big Jerry
|-damage|p1b: Big Jerry|39/100
|-status|p1b: Big Jerry|par
|move|p2b: Dragonite|Scale Shot|p1b: Big Jerry
|-damage|p1b: Big Jerry|29/100 par
|-damage|p1b: Big Jerry|19/100 par
|-damage|p1b: Big Jerry|10/100 par
|-damage|p1b: Big Jerry|1/100 par
|-hitcount|p1b: Big Jerry|4
|-unboost|p2b: Dragonite|def|1
|-boost|p2b: Dragonite|spe|1
|cant|p1a: Arcanine|slp
|cant|p1b: Big Jerry|par
|
|-heal|p2b: Dragonite|87/100|[from] Grassy Terrain
|-heal|p1a: Arcanine|39/100 slp|[from] Grassy Terrain
|-heal|p1b: Big Jerry|7/100 par|[from] Grassy Terrain
|upkeep
|turn|4
|
|t:|1757024104
|-curestatus|p1a: Arcanine|slp|[msg]
|move|p1a: Arcanine|Protect|p1a: Arcanine
|-singleturn|p1a: Arcanine|Protect
|move|p2b: Dragonite|Tailwind|p2b: Dragonite
|-sidestart|p2: Gottkomplexe|move: Tailwind
|move|p2a: Sneasler|Close Combat|p1a: Arcanine
|-activate|p1a: Arcanine|move: Protect
|move|p1b: Big Jerry|Wood Hammer|p2b: Dragonite
|-damage|p2b: Dragonite|0 fnt
|faint|p2b: Dragonite
|-damage|p1b: Big Jerry|0 fnt|[from] Recoil
|faint|p1b: Big Jerry
|
|-heal|p1a: Arcanine|45/100|[from] Grassy Terrain
|upkeep
|
|t:|1757024119
|switch|p1b: Dragapult|Dragapult, L50, F, tera:Dragon|100/100
|switch|p2b: Ursaluna|Ursaluna-Bloodmoon, L50, M|100/100
|turn|5
|
|t:|1757024131
|move|p2a: Sneasler|Close Combat|p1a: Arcanine
|-supereffective|p1a: Arcanine
|-damage|p1a: Arcanine|0 fnt
|-unboost|p2a: Sneasler|def|1
|-unboost|p2a: Sneasler|spd|1
|faint|p1a: Arcanine
|move|p1b: Dragapult|Dragon Darts|p2a: Sneasler
|-enditem|p2a: Sneasler|Focus Sash
|-damage|p2a: Sneasler|1/100
|-anim|p1b: Dragapult|Dragon Darts|p2b: Ursaluna
|-damage|p2b: Ursaluna|62/100
|move|p2b: Ursaluna|Blood Moon|p1b: Dragapult
|-damage|p1b: Dragapult|0 fnt
|faint|p1b: Dragapult
|-damage|p2b: Ursaluna|53/100|[from] item: Life Orb
|
|-heal|p2a: Sneasler|7/100|[from] Grassy Terrain
|-heal|p2b: Ursaluna|59/100|[from] Grassy Terrain
|-fieldend|move: Grassy Terrain
|upkeep
|
|t:|1757024141
|switch|p1b: Volcarona|Volcarona, L50, F|100/100
|turn|6
|
|t:|1757024150
|move|p2a: Sneasler|Dire Claw|p1b: Volcarona
|-damage|p1b: Volcarona|65/100
|-status|p2a: Sneasler|brn|[from] ability: Flame Body|[of] p1b: Volcarona
|move|p2b: Ursaluna|Hyper Voice|p1b: Volcarona
|-damage|p1b: Volcarona|3/100
|-damage|p2b: Ursaluna|49/100|[from] item: Life Orb
|move|p1b: Volcarona|Heat Wave|p2a: Sneasler|[spread] p2a
|-miss|p1b: Volcarona|p2b: Ursaluna
|-damage|p2a: Sneasler|0 fnt
|faint|p2a: Sneasler
|
|-heal|p1b: Volcarona|9/100|[from] item: Leftovers
|upkeep
|turn|7
|
|t:|1757024161
|move|p1b: Volcarona|Protect|p1b: Volcarona
|-singleturn|p1b: Volcarona|Protect
|move|p2b: Ursaluna|Hyper Voice|p1b: Volcarona
|-activate|p1b: Volcarona|move: Protect
|
|-heal|p1b: Volcarona|15/100|[from] item: Leftovers
|-sideend|p2: Gottkomplexe|move: Tailwind
|upkeep
|turn|8
|
|t:|1757024167
|move|p1b: Volcarona|Giga Drain|p2b: Ursaluna
|-supereffective|p2b: Ursaluna
|-damage|p2b: Ursaluna|0 fnt
|-heal|p1b: Volcarona|42/100|[from] drain|[of] p2b: Ursaluna
|faint|p2b: Ursaluna
|
|win|mariocansado
|raw|mariocansado's rating: 1217 → 1237(+20 for winning)
|raw|Gottkomplexe's rating: 1152 → 1132(-20 for losing)
|l|☆Gottkomplexe
|player|p2|
