|j|☆Hackervgc
|j|☆DominicVGC07
|html|HackervgcDominicVGC07    
|uhtml|bestof|Game 1 of a best-of-3
|t:|1756994553
|gametype|doubles
|player|p1|Hackervgc|gentleman-gen4|
|player|p2|DominicVGC07|ghetsis|
|gen|9
|tier|[Gen 9] VGC 2025 Reg H (Bo3)
|rule|Species Clause: Limit one of each Pokémon
|rule|Item Clause: Limit 1 of each item
|clearpoke
|poke|p1|Kingambit, L50, F|
|poke|p1|Magmar, L50, M|
|poke|p1|Dragonite, L50, M|
|poke|p1|Sneasler, L50, M|
|poke|p1|Ursaluna-Bloodmoon, L50, M|
|poke|p1|Farigiraf, L50, F|
|poke|p2|Kingambit, L50, M|
|poke|p2|Sneasler, L50, F|
|poke|p2|Rillaboom, L50, M|
|poke|p2|Dragonite, L50, M|
|poke|p2|Volcarona, L50, F|
|poke|p2|Electabuzz, L50, F|
|teampreview|4
|showteam|p1|Kingambit||AssaultVest|Defiant|KowtowCleave,SuckerPunch,LowKick,TeraBlast|||F|||50|,,,,,Flying]Magmar||Eviolite|VitalSpirit|FollowMe,Protect,Flamethrower,WillOWisp|||M|||50|,,,,,Dragon]Dragonite||LoadedDice|Multiscale|ScaleShot,Protect,Tailwind,Haze|||M|||50|,,,,,Fairy]Sneasler||FocusSash|Unburden|ThroatChop,DireClaw,CloseCombat,Protect|||M|||50|,,,,,Stellar]Ursaluna-Bloodmoon||LifeOrb|MindsEye|BloodMoon,Protect,EarthPower,HyperVoice|||M|||50|,,,,,Normal]Farigiraf||SitrusBerry|ArmorTail|TrickRoom,HelpingHand,Psychic,Protect|||F|||50|,,,,,Water
|showteam|p2|Kingambit||BlackGlasses|Defiant|KowtowCleave,SuckerPunch,SwordsDance,Protect|||M|||50|,,,,,Dark]Sneasler||FocusSash|Unburden|FakeOut,CloseCombat,DireClaw,Coaching|||F|||50|,,,,,Stellar]Rillaboom||AssaultVest|GrassySurge|FakeOut,WoodHammer,GrassyGlide,HighHorsepower|||M|||50|,,,,,Fire]Dragonite||LoadedDice|Multiscale|ScaleShot,ExtremeSpeed,Haze,Protect|||M|||50|,,,,,Steel]Volcarona||Leftovers|FlameBody|HeatWave,TeraBlast,QuiverDance,Protect|||F|||50|,,,,,Fairy]Electabuzz||Eviolite|VitalSpirit|Electroweb,FollowMe,Taunt,Protect|||F|||50|,,,,,Dragon
|c|☆Hackervgc|gkhf
|c|☆DominicVGC07|glhf
|
|t:|1756994699
|teamsize|p1|4
|teamsize|p2|4
|start
|switch|p1a: Dragonita|Dragonite, L50, M|100/100
|switch|p1b: Sneasler|Sneasler, L50, M|100/100
|switch|p2a: Skydragon|Dragonite, L50, M|100/100
|switch|p2b: Nightmare|Sneasler, L50, F|100/100
|turn|1
|
|t:|1756994751
|switch|p2b: 1000volt|Electabuzz, L50, F|100/100
|move|p1b: Sneasler|Protect|p1b: Sneasler
|-singleturn|p1b: Sneasler|Protect
|move|p2a: Skydragon|Protect|p2a: Skydragon
|-singleturn|p2a: Skydragon|Protect
|move|p1a: Dragonita|Scale Shot|p2a: Skydragon
|-activate|p2a: Skydragon|move: Protect
|
|upkeep
|turn|2
|
|t:|1756994797
|switch|p1b: Kingambit|Kingambit, L50, F|100/100
|-terastallize|p1a: Dragonita|Fairy
|move|p2b: 1000volt|Follow Me|p2b: 1000volt
|-singleturn|p2b: 1000volt|move: Follow Me
|move|p1a: Dragonita|Scale Shot|p2b: 1000volt
|-damage|p2b: 1000volt|90/100
|-damage|p2b: 1000volt|79/100
|-damage|p2b: 1000volt|70/100
|-damage|p2b: 1000volt|58/100
|-damage|p2b: 1000volt|47/100
|-hitcount|p2b: 1000volt|5
|-unboost|p1a: Dragonita|def|1
|-boost|p1a: Dragonita|spe|1
|move|p2a: Skydragon|Scale Shot|p1b: Kingambit
|-resisted|p1b: Kingambit
|-damage|p1b: Kingambit|95/100
|-resisted|p1b: Kingambit
|-damage|p1b: Kingambit|89/100
|-resisted|p1b: Kingambit
|-damage|p1b: Kingambit|83/100
|-resisted|p1b: Kingambit
|-damage|p1b: Kingambit|78/100
|-resisted|p1b: Kingambit
|-damage|p1b: Kingambit|72/100
|-hitcount|p1b: Kingambit|5
|-unboost|p2a: Skydragon|def|1
|-boost|p2a: Skydragon|spe|1
|
|upkeep
|turn|3
|
|t:|1756994828
|move|p1a: Dragonita|Protect|p1a: Dragonita
|-singleturn|p1a: Dragonita|Protect
|move|p2a: Skydragon|Extreme Speed|p1a: Dragonita
|-activate|p1a: Dragonita|move: Protect
|move|p2b: 1000volt|Follow Me|p2b: 1000volt
|-singleturn|p2b: 1000volt|move: Follow Me
|move|p1b: Kingambit|Kowtow Cleave|p2b: 1000volt
|-damage|p2b: 1000volt|10/100
|
|upkeep
|turn|4
|
|t:|1756994867
|move|p2a: Skydragon|Extreme Speed|p1a: Dragonita
|-damage|p1a: Dragonita|76/100
|move|p2b: 1000volt|Follow Me|p2b: 1000volt
|-singleturn|p2b: 1000volt|move: Follow Me
|move|p1a: Dragonita|Scale Shot|p2b: 1000volt
|-damage|p2b: 1000volt|0 fnt
|faint|p2b: 1000volt
|-hitcount|p2: 1000volt|1
|-unboost|p1a: Dragonita|def|1
|-boost|p1a: Dragonita|spe|1
|move|p1b: Kingambit|Kowtow Cleave|p2a: Skydragon
|-damage|p2a: Skydragon|63/100
|
|upkeep
|
|t:|1756994908
|switch|p2b: Nightmare|Sneasler, L50, F|100/100
|turn|5
|
|t:|1756994993
|switch|p2b: Kong|Rillaboom, L50, M|100/100
|-fieldstart|move: Grassy Terrain|[from] ability: Grassy Surge|[of] p2b: Kong
|move|p2a: Skydragon|Protect|p2a: Skydragon
|-singleturn|p2a: Skydragon|Protect
|move|p1a: Dragonita|Scale Shot|p2b: Kong
|-damage|p2b: Kong|87/100
|-damage|p2b: Kong|73/100
|-damage|p2b: Kong|60/100
|-damage|p2b: Kong|47/100
|-hitcount|p2b: Kong|4
|-unboost|p1a: Dragonita|def|1
|-boost|p1a: Dragonita|spe|1
|move|p1b: Kingambit|Kowtow Cleave|p2a: Skydragon
|-activate|p2a: Skydragon|move: Protect
|
|-heal|p1a: Dragonita|82/100|[from] Grassy Terrain
|-heal|p2b: Kong|53/100|[from] Grassy Terrain
|-heal|p1b: Kingambit|78/100|[from] Grassy Terrain
|upkeep
|turn|6
|
|t:|1756995038
|-terastallize|p2a: Skydragon|Steel
|move|p1a: Dragonita|Protect|p1a: Dragonita
|-singleturn|p1a: Dragonita|Protect
|move|p2a: Skydragon|Extreme Speed|p1b: Kingambit
|-resisted|p1b: Kingambit
|-damage|p1b: Kingambit|67/100
|move|p2b: Kong|High Horsepower|p1b: Kingambit
|-supereffective|p1b: Kingambit
|-damage|p1b: Kingambit|15/100
|move|p1b: Kingambit|Kowtow Cleave|p2a: Skydragon
|-damage|p2a: Skydragon|0 fnt
|faint|p2a: Skydragon
|
|-heal|p1a: Dragonita|88/100|[from] Grassy Terrain
|-heal|p2b: Kong|59/100|[from] Grassy Terrain
|-heal|p1b: Kingambit|21/100|[from] Grassy Terrain
|upkeep
|
|t:|1756995049
|switch|p2a: Nightmare|Sneasler, L50, F|100/100
|turn|7
|
|t:|1756995079
|switch|p1a: Sneasler|Sneasler, L50, M|100/100
|move|p2b: Kong|Grassy Glide|p1a: Sneasler
|-resisted|p1a: Sneasler
|-damage|p1a: Sneasler|68/100
|move|p2a: Nightmare|Close Combat|p1b: Kingambit
|-supereffective|p1b: Kingambit
|-damage|p1b: Kingambit|0 fnt
|-unboost|p2a: Nightmare|def|1
|-unboost|p2a: Nightmare|spd|1
|faint|p1b: Kingambit
|
|-heal|p1a: Sneasler|74/100|[from] Grassy Terrain
|-heal|p2b: Kong|65/100|[from] Grassy Terrain
|upkeep
|
|t:|1756995090
|switch|p1b: Ursaluna|Ursaluna-Bloodmoon, L50, M|100/100
|turn|8
|
|t:|1756995107
|move|p2b: Kong|Grassy Glide|p1a: Sneasler
|-resisted|p1a: Sneasler
|-damage|p1a: Sneasler|40/100
|move|p2a: Nightmare|Close Combat|p1a: Sneasler
|-resisted|p1a: Sneasler
|-damage|p1a: Sneasler|0 fnt
|-unboost|p2a: Nightmare|def|1
|-unboost|p2a: Nightmare|spd|1
|faint|p1a: Sneasler
|move|p1b: Ursaluna|Hyper Voice|p2a: Nightmare|[spread] p2a,p2b
|-enditem|p2a: Nightmare|Focus Sash
|-damage|p2a: Nightmare|1/100
|-damage|p2b: Kong|24/100
|-damage|p1b: Ursaluna|90/100|[from] item: Life Orb
|
|-heal|p2a: Nightmare|7/100|[from] Grassy Terrain
|-heal|p2b: Kong|30/100|[from] Grassy Terrain
|-heal|p1b: Ursaluna|96/100|[from] Grassy Terrain
|upkeep
|
|t:|1756995118
|switch|p1a: Dragonita|Dragonite, L50, M, tera:Fairy|88/100
|turn|9
|
|t:|1756995126
|move|p1a: Dragonita|Protect|p1a: Dragonita
|-singleturn|p1a: Dragonita|Protect
|move|p1b: Ursaluna|Protect|p1b: Ursaluna
|-singleturn|p1b: Ursaluna|Protect
|move|p2a: Nightmare|Dire Claw|p1a: Dragonita
|-activate|p1a: Dragonita|move: Protect
|move|p2b: Kong|Wood Hammer|p1b: Ursaluna
|-activate|p1b: Ursaluna|move: Protect
|
|-heal|p2a: Nightmare|13/100|[from] Grassy Terrain
|-heal|p1a: Dragonita|94/100|[from] Grassy Terrain
|-heal|p2b: Kong|36/100|[from] Grassy Terrain
|-heal|p1b: Ursaluna|100/100|[from] Grassy Terrain
|-fieldend|move: Grassy Terrain
|upkeep
|turn|10
|
|t:|1756995154
|move|p2a: Nightmare|Dire Claw|p1a: Dragonita
|-supereffective|p1a: Dragonita
|-damage|p1a: Dragonita|6/100
|move|p1a: Dragonita|Scale Shot|p2b: Kong
|-damage|p2b: Kong|22/100
|-damage|p2b: Kong|9/100
|-damage|p2b: Kong|0 fnt
|faint|p2b: Kong
|-hitcount|p2: Kong|3
|-unboost|p1a: Dragonita|def|1
|-boost|p1a: Dragonita|spe|1
|move|p1b: Ursaluna|Hyper Voice|p2a: Nightmare
|-damage|p2a: Nightmare|0 fnt
|faint|p2a: Nightmare
|-damage|p1b: Ursaluna|90/100|[from] item: Life Orb
|
|win|Hackervgc
||DominicVGC07 is ready for game 2.
||Hackervgc is ready for game 2.
|uhtml|next|Next: Game 2 of 3
