|j|☆ghostboydillon
|j|☆lettitripppp
|html|ghostboydillonlettitripppp    
|uhtml|bestof|Game 1 of a best-of-3
|t:|1785953796
|gametype|doubles
|player|p1|ghostboydillon|gambler|1077
|player|p2|lettitripppp|lucas|1179
|gen|9
|tier|[Gen 9 Champions] VGC 2026 Reg M-B (Bo3)
|rated|
|rule|Species Clause: Limit one of each Pokémon
|rule|Item Clause: Limit 1 of each item
|clearpoke
|poke|p1|Aggron, L50, F|
|poke|p1|Pelipper, L50, M|
|poke|p1|Appletun, L50, F|
|poke|p1|Stunfisk, L50, M|
|poke|p1|Glaceon, L50, M|
|poke|p1|Klefki, L50, M|
|poke|p2|Charizard, L50, M, shiny|
|poke|p2|Swampert, L50, F|
|poke|p2|Pelipper, L50, M|
|poke|p2|Venusaur, L50, M|
|poke|p2|Archaludon, L50, F|
|poke|p2|Grimmsnarl, L50, M, shiny|
|teampreview|4
|showteam|p1|Aggron||Aggronite|Sturdy|HeavySlam,BodyPress,IronDefense,Protect|Impish||F|||50|]Pelipper||WacanBerry|Drizzle|Hurricane,HydroPump,Tailwind,Protect|Bold||M|||50|]Appletun||SitrusBerry|ThickFat|AppleAcid,LeechSeed,Recover,Protect|Calm||F|||50|]Stunfisk||FocusSash|Static|SludgeWave,EarthPower,Thunderbolt,Protect|Modest||M|||50|]Glaceon||ChopleBerry|IceBody|IceBeam,FreezeDry,IcyWind,Protect|Bold||M|||50|]Klefki|||Prankster|DazzlingGleam,ThunderWave,TrickRoom,Protect|Calm||M|||50|
|showteam|p2|Charizard||CharizarditeY|Blaze|WeatherBall,HeatWave,Hurricane,Protect|Modest||M|||50|]Swampert||Swampertite|Damp|WaveCrash,Earthquake,IcePunch,Protect|Adamant||F|||50|]Pelipper||SitrusBerry|Drizzle|WeatherBall,WideGuard,Hurricane,Tailwind|Modest||M|||50|]Venusaur||FocusSash|Chlorophyll|SleepPowder,SludgeBomb,LeafStorm,Protect|Modest||M|||50|]Archaludon||Leftovers|Stamina|FlashCannon,DragonPulse,ElectroShot,Protect|Calm||F|||50|]Grimmsnarl||LightClay|Prankster|PartingShot,LightScreen,SpiritBreak,Reflect|Sassy||M|||50|
|inactive|Battle timer is ON: inactive players will automatically lose when time's up. (requested by lettitripppp)
|inactive|lettitripppp has 60 seconds left.
|
|t:|1785953836
|teamsize|p1|4
|teamsize|p2|4
|start
|switch|p1a: Stunfisk|Stunfisk, L50, M|100/100
|switch|p1b: Pelipper|Pelipper, L50, M|100/100
|switch|p2a: WET-BEAK|Pelipper, L50, M|100/100
|switch|p2b: BEYOND BRIDGE|Archaludon, L50, F|100/100
|-weather|RainDance|[from] ability: Drizzle|[of] p2a: WET-BEAK
|turn|1
|
|t:|1785953856
|move|p2b: BEYOND BRIDGE|Electro Shot||[still]
|-prepare|p2b: BEYOND BRIDGE|Electro Shot
|-boost|p2b: BEYOND BRIDGE|spa|1
|-anim|p2b: BEYOND BRIDGE|Electro Shot|p1b: Pelipper
|-supereffective|p1b: Pelipper|2
|-enditem|p1b: Pelipper|Wacan Berry|[eat]
|-enditem|p1b: Pelipper|Wacan Berry|[weaken]
|-damage|p1b: Pelipper|0 fnt
|faint|p1b: Pelipper
|move|p2a: WET-BEAK|Tailwind|p2a: WET-BEAK
|-sidestart|p2: lettitripppp|move: Tailwind
|move|p1a: Stunfisk|Earth Power|p2b: BEYOND BRIDGE
|-supereffective|p2b: BEYOND BRIDGE|1
|-damage|p2b: BEYOND BRIDGE|39/100
|-ability|p2b: BEYOND BRIDGE|Stamina|boost
|-boost|p2b: BEYOND BRIDGE|def|1
|
|-weather|RainDance|[upkeep]
|-heal|p2b: BEYOND BRIDGE|45/100|[from] item: Leftovers
|upkeep
|
|t:|1785953873
|switch|p1b: Klefki|Klefki, L50, M|100/100
|turn|2
|
|t:|1785953882
|move|p1a: Stunfisk|Protect|p1a: Stunfisk
|-singleturn|p1a: Stunfisk|Protect
|move|p2b: BEYOND BRIDGE|Electro Shot||[still]
|-prepare|p2b: BEYOND BRIDGE|Electro Shot
|-boost|p2b: BEYOND BRIDGE|spa|1
|-anim|p2b: BEYOND BRIDGE|Electro Shot|p1b: Klefki
|-damage|p1b: Klefki|42/100
|move|p2a: WET-BEAK|Weather Ball|p1a: Stunfisk
|-activate|p1a: Stunfisk|move: Protect
|move|p1b: Klefki|Trick Room|p1b: Klefki
|-fieldstart|move: Trick Room|[of] p1b: Klefki
|
|-weather|RainDance|[upkeep]
|-heal|p2b: BEYOND BRIDGE|51/100|[from] item: Leftovers
|upkeep
|turn|3
|c|☆ghostboydillon|good luck
|
|t:|1785953902
|move|p1b: Klefki|Protect|p1b: Klefki
|-singleturn|p1b: Klefki|Protect
|move|p1a: Stunfisk|Earth Power|p2b: BEYOND BRIDGE
|-supereffective|p2b: BEYOND BRIDGE|1
|-damage|p2b: BEYOND BRIDGE|0 fnt
|faint|p2b: BEYOND BRIDGE
|move|p2a: WET-BEAK|Weather Ball|p1b: Klefki
|-activate|p1b: Klefki|move: Protect
|
|-weather|RainDance|[upkeep]
|upkeep
|
|t:|1785953911
|switch|p2b: AGNI|Charizard, L50, M, shiny|100/100
|turn|4
|
|t:|1785953933
|switch|p1b: Aggron|Aggron, L50, F|100/100
|detailschange|p2b: AGNI|Charizard-Mega-Y, L50, M, shiny
|-mega|p2b: AGNI|Charizard|Charizardite Y
|-weather|SunnyDay|[from] ability: Drought|[of] p2b: AGNI
|move|p1a: Stunfisk|Thunderbolt|p2a: WET-BEAK
|-supereffective|p2a: WET-BEAK|2
|-damage|p2a: WET-BEAK|0 fnt
|faint|p2a: WET-BEAK
|move|p2b: AGNI|Heat Wave|p1a: Stunfisk|[spread] p1a,p1b
|-damage|p1a: Stunfisk|52/100
|-damage|p1b: Aggron|14/100
|
|-weather|SunnyDay|[upkeep]
|-sideend|p2: lettitripppp|move: Tailwind
|upkeep
|c|☆lettitripppp|Thx for the good luck
|
|t:|1785953945
|switch|p2a: SOFT-SLEEP|Venusaur, L50, M|100/100
|turn|5
|
|t:|1785953970
|detailschange|p1b: Aggron|Aggron-Mega, L50, F
|-mega|p1b: Aggron|Aggron|Aggronite
|move|p2b: AGNI|Protect|p2b: AGNI
|-singleturn|p2b: AGNI|Protect
|move|p1a: Stunfisk|Thunderbolt|p2b: AGNI
|-activate|p2b: AGNI|move: Protect
|move|p1b: Aggron|Heavy Slam|p2a: SOFT-SLEEP
|-damage|p2a: SOFT-SLEEP|53/100
|move|p2a: SOFT-SLEEP|Sleep Powder|p1a: Stunfisk
|-status|p1a: Stunfisk|slp|[from] move: Sleep Powder
|
|-weather|SunnyDay|[upkeep]
|upkeep
|turn|6
|inactive|ghostboydillon has 30 seconds left.
|inactive|ghostboydillon has 20 seconds left.
|inactive|ghostboydillon has 15 seconds left.
|inactive|ghostboydillon has 10 seconds left.
|inactive|ghostboydillon has 5 seconds left.
|
|t:|1785954022
|cant|p1a: Stunfisk|slp
|move|p1b: Aggron|Heavy Slam|p2a: SOFT-SLEEP
|-damage|p2a: SOFT-SLEEP|1/100
|move|p2b: AGNI|Heat Wave|p1a: Stunfisk|[spread] p1a,p1b
|-supereffective|p1b: Aggron|1
|-damage|p1a: Stunfisk|2/100 slp
|-damage|p1b: Aggron|0 fnt
|faint|p1b: Aggron
|move|p2a: SOFT-SLEEP|Leaf Storm|p1a: Stunfisk
|-supereffective|p1a: Stunfisk|1
|-damage|p1a: Stunfisk|0 fnt
|-unboost|p2a: SOFT-SLEEP|spa|2
|faint|p1a: Stunfisk
|
|-weather|SunnyDay|[upkeep]
|-fieldend|move: Trick Room
|upkeep
|
|t:|1785954041
|switch|p1b: Klefki|Klefki, L50, M|42/100
|turn|7
|
|t:|1785954045
|move|p2a: SOFT-SLEEP|Sleep Powder|p1b: Klefki
|-status|p1b: Klefki|slp|[from] move: Sleep Powder
|move|p2b: AGNI|Weather Ball|p1b: Klefki
|-supereffective|p1b: Klefki|1
|-damage|p1b: Klefki|0 fnt
|faint|p1b: Klefki
|
|win|lettitripppp
