|j|☆Zacharykeith
|j|☆oscber7
|html|Zacharykeithoscber7    
|uhtml|bestof|Game 1 of a best-of-3
|t:|1757756544
|gametype|doubles
|player|p1|Zacharykeith|fisherman-gen4|1105
|player|p2|oscber7|170|1050
|gen|9
|tier|[Gen 9] VGC 2025 Reg H (Bo3)
|rated|
|rule|Species Clause: Limit one of each Pokémon
|rule|Item Clause: Limit 1 of each item
|clearpoke
|poke|p1|Zoroark-Hisui, L50, M|
|poke|p1|Kingambit, L50, F|
|poke|p1|Primarina, L50, M|
|poke|p1|Rillaboom, L50, F|
|poke|p1|Electabuzz, L50, F|
|poke|p1|Sneasler, L50, M|
|poke|p2|Incineroar, L50, M|
|poke|p2|Orthworm, L50, F|
|poke|p2|Ursaluna, L50, F|
|poke|p2|Sinistcha, L50|
|poke|p2|Indeedee, L50, M|
|poke|p2|Sneasler, L50, F|
|teampreview|4
|showteam|p1|Zoroark-Hisui||ChoiceSpecs|Illusion|HyperVoice,ShadowBall,DarkPulse,Flamethrower|||M|||50|,,,,,Normal]Kingambit||BlackGlasses|Defiant|SuckerPunch,KowtowCleave,SwordsDance,Protect|||F|||50|,,,,,Dark]Primarina||ThroatSpray|LiquidVoice|HyperVoice,Moonblast,Haze,Protect|||M|||50|,,,,,Poison]Rillaboom||AssaultVest|GrassySurge|FakeOut,GrassyGlide,WoodHammer,Uturn|||F|||50|,,,,,Fire]Electabuzz||Eviolite|VitalSpirit|Electroweb,Taunt,FollowMe,Protect|||F|||50|,,,,,Electric]Sneasler||WhiteHerb|Unburden|DireClaw,CloseCombat,Coaching,Protect|||M|||50|,,,,,Stellar
|showteam|p2|Incineroar||SafetyGoggles|Intimidate|FakeOut,FlareBlitz,KnockOff,PartingShot|||M|||50|,,,,,Ghost]Orthworm||SitrusBerry|EarthEater|ShedTail,IronDefense,HighHorsepower,BodyPress|||F|||50|,,,,,Fire]Ursaluna||FlameOrb|Guts|Protect,Facade,Earthquake,HeadlongRush|||F|||50|,,,,,Water]Sinistcha||RockyHelmet|Hospitality|MatchaGotcha,CalmMind,ShadowBall,TrickRoom||||||50|,,,,,Fairy]Indeedee||FocusSash|PsychicSurge|Protect,TrickRoom,ExpandingForce,TeraBlast|||M|||50|,,,,,Fighting]Sneasler||WhiteHerb|Unburden|Protect,CloseCombat,DireClaw,ThroatChop|||F|||50|,,,,,Stellar
|inactive|Battle timer is ON: inactive players will automatically lose when time's up. (requested by oscber7)
|inactive|Zacharykeith has 60 seconds left.
|
|t:|1757756583
|teamsize|p1|4
|teamsize|p2|4
|start
|switch|p1a: Sneasler|Sneasler, L50, M|100/100
|switch|p1b: Electabuzz|Electabuzz, L50, F|100/100
|switch|p2a: Indeedee|Indeedee, L50, M|100/100
|switch|p2b: Sneasler|Sneasler, L50, F|100/100
|-fieldstart|move: Psychic Terrain|[from] ability: Psychic Surge|[of] p2a: Indeedee
|turn|1
|inactive|Zacharykeith has 30 seconds left.
|inactive|oscber7 has 30 seconds left.
|inactive|Zacharykeith has 20 seconds left.
|inactive|Zacharykeith has 15 seconds left.
|inactive|Zacharykeith has 10 seconds left.
|
|t:|1757756632
|-terastallize|p1a: Sneasler|Normal
|move|p2b: Sneasler|Protect|p2b: Sneasler
|-singleturn|p2b: Sneasler|Protect
|move|p1b: Electabuzz|Follow Me|p1b: Electabuzz
|-singleturn|p1b: Electabuzz|move: Follow Me
|move|p1a: Sneasler|Hyper Voice|p2b: Sneasler|[spread] p2a
|-activate|p2b: Sneasler|move: Protect
|-enditem|p2a: Indeedee|Focus Sash
|-damage|p2a: Indeedee|1/100
|move|p2a: Indeedee|Expanding Force|p1b: Electabuzz|[spread] p1a,p1b
|-damage|p1a: Sneasler|0 fnt
|-damage|p1b: Electabuzz|48/100
|replace|p1a: Zoroark|Zoroark-Hisui, L50, M
|-end|p1a: Zoroark|Illusion
|faint|p1a: Zoroark
|
|upkeep
|
|t:|1757756644
|switch|p1a: Rillaboom|Rillaboom, L50, F|100/100
|-fieldstart|move: Grassy Terrain|[from] ability: Grassy Surge|[of] p1a: Rillaboom
|turn|2
|
|t:|1757756660
|move|p2a: Indeedee|Protect|p2a: Indeedee
|-singleturn|p2a: Indeedee|Protect
|move|p1a: Rillaboom|Fake Out|p2b: Sneasler
|-damage|p2b: Sneasler|81/100
|cant|p2b: Sneasler|flinch
|move|p1b: Electabuzz|Electroweb|p2b: Sneasler|[spread] p2b
|-activate|p2a: Indeedee|move: Protect
|-damage|p2b: Sneasler|61/100
|-unboost|p2b: Sneasler|spe|1
|-enditem|p2b: Sneasler|White Herb
|-clearnegativeboost|p2b: Sneasler|[silent]
|
|-heal|p2b: Sneasler|67/100|[from] Grassy Terrain
|-heal|p2a: Indeedee|7/100|[from] Grassy Terrain
|-heal|p1b: Electabuzz|54/100|[from] Grassy Terrain
|upkeep
|turn|3
|
|t:|1757756680
|switch|p2a: Sinistcha|Sinistcha, L50|100/100
|-heal|p2b: Sneasler|92/100|[from] ability: Hospitality|[of] p2a: Sinistcha
|move|p2b: Sneasler|Dire Claw|p1a: Rillaboom
|-supereffective|p1a: Rillaboom
|-damage|p1a: Rillaboom|19/100
|move|p1b: Electabuzz|Electroweb|p2b: Sneasler|[spread] p2a,p2b
|-resisted|p2a: Sinistcha
|-damage|p2a: Sinistcha|94/100
|-damage|p2b: Sneasler|74/100
|-unboost|p2a: Sinistcha|spe|1
|-unboost|p2b: Sneasler|spe|1
|move|p1a: Rillaboom|Wood Hammer|p2b: Sneasler
|-resisted|p2b: Sneasler
|-damage|p2b: Sneasler|15/100
|-damage|p1a: Rillaboom|5/100|[from] Recoil
|
|-heal|p2b: Sneasler|21/100|[from] Grassy Terrain
|-heal|p1b: Electabuzz|60/100|[from] Grassy Terrain
|-heal|p1a: Rillaboom|11/100|[from] Grassy Terrain
|-heal|p2a: Sinistcha|99/100|[from] Grassy Terrain
|upkeep
|turn|4
|inactive|Zacharykeith has 30 seconds left.
|
|t:|1757756706
|move|p1a: Rillaboom|Grassy Glide|p2b: Sneasler
|-resisted|p2b: Sneasler
|-damage|p2b: Sneasler|0 fnt
|faint|p2b: Sneasler
|move|p1b: Electabuzz|Taunt|p2a: Sinistcha
|-start|p2a: Sinistcha|move: Taunt
|cant|p2a: Sinistcha|move: Taunt|Trick Room
|
|-heal|p1b: Electabuzz|65/100|[from] Grassy Terrain
|-heal|p1a: Rillaboom|16/100|[from] Grassy Terrain
|-heal|p2a: Sinistcha|100/100|[from] Grassy Terrain
|upkeep
|
|t:|1757756714
|switch|p2b: Indeedee|Indeedee, L50, M|7/100
|-fieldstart|move: Psychic Terrain|[from] ability: Psychic Surge|[of] p2b: Indeedee
|turn|5
|
|t:|1757756722
|switch|p1a: Sneasler|Sneasler, L50, M|100/100
|move|p2b: Indeedee|Protect|p2b: Indeedee
|-singleturn|p2b: Indeedee|Protect
|move|p1b: Electabuzz|Follow Me|p1b: Electabuzz
|-singleturn|p1b: Electabuzz|move: Follow Me
|move|p2a: Sinistcha|Shadow Ball|p1b: Electabuzz
|-damage|p1b: Electabuzz|29/100
|
|upkeep
|turn|6
|
|t:|1757756742
|switch|p1a: Rillaboom|Rillaboom, L50, F|16/100
|-fieldstart|move: Grassy Terrain|[from] ability: Grassy Surge|[of] p1a: Rillaboom
|move|p2b: Indeedee|Expanding Force|p1a: Rillaboom
|-damage|p1a: Rillaboom|0 fnt
|faint|p1a: Rillaboom
|move|p1b: Electabuzz|Electroweb|p2b: Indeedee|[spread] p2a,p2b
|-resisted|p2a: Sinistcha
|-damage|p2a: Sinistcha|94/100
|-damage|p2b: Indeedee|0 fnt
|-unboost|p2a: Sinistcha|spe|1
|faint|p2b: Indeedee
|move|p2a: Sinistcha|Shadow Ball|p1b: Electabuzz
|-damage|p1b: Electabuzz|0 fnt
|faint|p1b: Electabuzz
|
|-heal|p2a: Sinistcha|99/100|[from] Grassy Terrain
|-end|p2a: Sinistcha|move: Taunt
|upkeep
|
|t:|1757756762
|switch|p2b: Ursaluna|Ursaluna, L50, F|100/100
|switch|p1b: Sneasler|Sneasler, L50, M|100/100
|turn|7
|
|t:|1757756780
|-terastallize|p2b: Ursaluna|Water
|move|p1b: Sneasler|Dire Claw|p2a: Sinistcha
|-damage|p2a: Sinistcha|58/100
|-status|p2a: Sinistcha|slp
|-damage|p1b: Sneasler|84/100|[from] item: Rocky Helmet|[of] p2a: Sinistcha
|move|p2b: Ursaluna|Headlong Rush|p1b: Sneasler
|-supereffective|p1b: Sneasler
|-damage|p1b: Sneasler|0 fnt
|-unboost|p2b: Ursaluna|def|1
|-unboost|p2b: Ursaluna|spd|1
|faint|p1b: Sneasler
|
|win|oscber7
