|j|☆Duca_tommy
|j|☆Brendu04
|html|Duca_tommyBrendu04    
|uhtml|bestof|Game 1 of a best-of-3
|t:|1757797243
|gametype|doubles
|player|p1|Duca_tommy|101|1243
|player|p2|Brendu04|hilbert|1348
|gen|9
|tier|[Gen 9] VGC 2025 Reg H (Bo3)
|rated|
|rule|Species Clause: Limit one of each Pokémon
|rule|Item Clause: Limit 1 of each item
|clearpoke
|poke|p1|Hydrapple, L50, F|
|poke|p1|Indeedee-F, L50, F|
|poke|p1|Gallade, L50, M|
|poke|p1|Torkoal, L50, M|
|poke|p1|Zoroark-Hisui, L50, F|
|poke|p1|Hatterene, L50, F|
|poke|p2|Sneasler, L50, M|
|poke|p2|Baxcalibur, L50, F|
|poke|p2|Volcarona, L50, F|
|poke|p2|Rillaboom, L50, F|
|poke|p2|Kingambit, L50, F|
|poke|p2|Dondozo, L50, F|
|teampreview|4
|showteam|p1|Hydrapple||AssaultVest|Regenerator|PollenPuff,SolarBeam,EnergyBall,FickleBeam|||F|||50|,,,,,Poison]Indeedee-F||PsychicSeed|PsychicSurge|TrickRoom,FollowMe,HelpingHand,Psychic|||F|||50|,,,,,Grass]Gallade||ClearAmulet|Sharpness|PsychoCut,SacredSword,WideGuard,TrickRoom|||M|||50|,,,,,Grass]Torkoal||Charcoal|Drought|Eruption,HeatWave,WeatherBall,Protect|||M|||50|,,,,,Fire]Zoroark-Hisui||ChoiceSpecs|Illusion|HyperBeam,HyperVoice,BitterMalice,ShadowBall|||F|||50|,,,,,Normal]Hatterene||LifeOrb|MagicBounce|TrickRoom,ExpandingForce,MysticalFire,Protect|||F|||50|,,,,,Fire
|showteam|p2|Sneasler||FocusSash|Unburden|FakeOut,CloseCombat,DireClaw,Coaching|||M|||50|,,,,,Ghost]Baxcalibur||LoadedDice|ThermalExchange|Protect,IceShard,ScaleShot,IcicleSpear|||F|||50|,,,,,Ghost]Volcarona||CovertCloak|FlameBody|QuiverDance,HeatWave,TeraBlast,RagePowder|||F|||50|,,,,,Fairy]Rillaboom||AssaultVest|GrassySurge|GrassyGlide,FakeOut,HighHorsepower,WoodHammer|||F|||50|,,,,,Fire]Kingambit||SafetyGoggles|Defiant|Protect,SwordsDance,SuckerPunch,KowtowCleave|||F|||50|,,,,,Dark]Dondozo||Leftovers|Unaware|WaveCrash,Fissure,Yawn,Protect|||F|||50|,,,,,Grass
|inactive|Battle timer is ON: inactive players will automatically lose when time's up. (requested by Duca_tommy)
|inactive|Duca_tommy has 60 seconds left.
|
|t:|1757797287
|teamsize|p1|4
|teamsize|p2|4
|start
|switch|p1a: Indeedee|Indeedee-F, L50, F|100/100
|switch|p1b: Gallade|Gallade, L50, M|100/100
|switch|p2a: Sneasler|Sneasler, L50, M|100/100
|switch|p2b: Kingambit|Kingambit, L50, F|100/100
|-fieldstart|move: Psychic Terrain|[from] ability: Psychic Surge|[of] p1a: Indeedee
|-enditem|p1a: Indeedee|Psychic Seed
|-boost|p1a: Indeedee|spd|1|[from] item: Psychic Seed
|turn|1
|
|t:|1757797310
|move|p2b: Kingambit|Protect|p2b: Kingambit
|-singleturn|p2b: Kingambit|Protect
|move|p1a: Indeedee|Follow Me|p1a: Indeedee
|-singleturn|p1a: Indeedee|move: Follow Me
|move|p2a: Sneasler|Dire Claw|p1a: Indeedee
|-damage|p1a: Indeedee|63/100
|move|p1b: Gallade|Trick Room|p1b: Gallade
|-fieldstart|move: Trick Room|[of] p1b: Gallade
|
|upkeep
|turn|2
|
|t:|1757797334
|switch|p2b: Rillaboom|Rillaboom, L50, F|100/100
|-fieldstart|move: Grassy Terrain|[from] ability: Grassy Surge|[of] p2b: Rillaboom
|switch|p1a: Hatterene|Hatterene, L50, F|100/100
|move|p1b: Gallade|Sacred Sword|p2b: Rillaboom
|-damage|p2b: Rillaboom|34/100
|move|p2a: Sneasler|Dire Claw|p1b: Gallade
|-damage|p1b: Gallade|42/100
|
|-heal|p1b: Gallade|48/100|[from] Grassy Terrain
|-heal|p2b: Rillaboom|40/100|[from] Grassy Terrain
|upkeep
|turn|3
|
|t:|1757797355
|switch|p1b: Indeedee|Indeedee-F, L50, F|63/100
|-fieldstart|move: Psychic Terrain|[from] ability: Psychic Surge|[of] p1b: Indeedee
|move|p2b: Rillaboom|Fake Out|p1a: Hatterene
|-activate|p1a: Hatterene|move: Psychic Terrain
|move|p1a: Hatterene|Expanding Force|p2b: Rillaboom|[spread] p2a,p2b
|-supereffective|p2a: Sneasler
|-enditem|p2a: Sneasler|Focus Sash
|-damage|p2a: Sneasler|1/100
|-damage|p2b: Rillaboom|0 fnt
|faint|p2b: Rillaboom
|-damage|p1a: Hatterene|91/100|[from] item: Life Orb
|move|p2a: Sneasler|Dire Claw|p1a: Hatterene
|-supereffective|p1a: Hatterene
|-damage|p1a: Hatterene|2/100
|-status|p1a: Hatterene|slp
|
|upkeep
|
|t:|1757797365
|switch|p2b: Kingambit|Kingambit, L50, F|100/100
|turn|4
|
|t:|1757797379
|switch|p2a: Baxcalibur|Baxcalibur, L50, F|100/100
|cant|p1a: Hatterene|slp
|move|p2b: Kingambit|Kowtow Cleave|p1b: Indeedee
|-supereffective|p1b: Indeedee
|-damage|p1b: Indeedee|0 fnt
|faint|p1b: Indeedee
|
|upkeep
|
|t:|1757797383
|switch|p1b: Torkoal|Torkoal, L50, M|100/100
|-weather|SunnyDay|[from] ability: Drought|[of] p1b: Torkoal
|turn|5
|
|t:|1757797406
|-terastallize|p1b: Torkoal|Fire
|move|p2b: Kingambit|Protect|p2b: Kingambit
|-singleturn|p2b: Kingambit|Protect
|move|p2a: Baxcalibur|Protect|p2a: Baxcalibur
|-singleturn|p2a: Baxcalibur|Protect
|move|p1b: Torkoal|Eruption|p2a: Baxcalibur|[spread] 
|-activate|p2a: Baxcalibur|move: Protect
|-activate|p2b: Kingambit|move: Protect
|-curestatus|p1a: Hatterene|slp|[msg]
|move|p1a: Hatterene|Mystical Fire|p2a: Baxcalibur
|-activate|p2a: Baxcalibur|move: Protect
|
|-weather|SunnyDay|[upkeep]
|-fieldend|move: Trick Room
|upkeep
|turn|6
|
|t:|1757797430
|-terastallize|p2b: Kingambit|Dark
|move|p2a: Baxcalibur|Scale Shot|p1b: Torkoal
|-damage|p1b: Torkoal|90/100
|-damage|p1b: Torkoal|79/100
|-damage|p1b: Torkoal|69/100
|-damage|p1b: Torkoal|59/100
|-damage|p1b: Torkoal|49/100
|-hitcount|p1b: Torkoal|5
|-unboost|p2a: Baxcalibur|def|1
|-boost|p2a: Baxcalibur|spe|1
|move|p2b: Kingambit|Kowtow Cleave|p1a: Hatterene
|-damage|p1a: Hatterene|0 fnt
|faint|p1a: Hatterene
|move|p1b: Torkoal|Heat Wave|p2b: Kingambit|[spread] p2a,p2b
|-damage|p2a: Baxcalibur|29/100
|-damage|p2b: Kingambit|22/100
|-ability|p2a: Baxcalibur|Thermal Exchange|boost
|-boost|p2a: Baxcalibur|atk|1
|
|-weather|SunnyDay|[upkeep]
|upkeep
|
|t:|1757797437
|switch|p1a: Gallade|Gallade, L50, M|48/100
|turn|7
|
|t:|1757797460
|move|p2a: Baxcalibur|Icicle Spear|p1a: Gallade
|-damage|p1a: Gallade|15/100
|-damage|p1a: Gallade|0 fnt
|faint|p1a: Gallade
|-hitcount|p1: Gallade|2
|move|p2b: Kingambit|Kowtow Cleave|p1b: Torkoal
|-damage|p1b: Torkoal|3/100
|move|p1b: Torkoal|Heat Wave|p2a: Baxcalibur|[spread] p2a,p2b
|-damage|p2a: Baxcalibur|0 fnt
|-damage|p2b: Kingambit|0 fnt
|faint|p2a: Baxcalibur
|faint|p2b: Kingambit
|
|-weather|SunnyDay|[upkeep]
|-fieldend|move: Psychic Terrain
|upkeep
|
|t:|1757797464
|switch|p2b: Sneasler|Sneasler, L50, M|1/100
|turn|8
|
|t:|1757797471
|move|p2b: Sneasler|Close Combat|p1b: Torkoal
|-damage|p1b: Torkoal|0 fnt
|-unboost|p2b: Sneasler|def|1
|-unboost|p2b: Sneasler|spd|1
|faint|p1b: Torkoal
|
|win|Brendu04
||Brendu04 is ready for game 2.
||Duca_tommy is ready for game 2.
|uhtml|next|Next: Game 2 of 3
|l|☆Brendu04
|player|p2|
|l|☆Duca_tommy
|player|p1|
