|j|☆higigig
|j|☆Tecmovgc
|html|higigigTecmovgc    
|uhtml|bestof|Game 2 of a best-of-3
|t:|1756245268
|gametype|doubles
|player|p1|higigig|sisandbro|1075
|player|p2|Tecmovgc|linebacker|1079
|gen|9
|tier|[Gen 9] VGC 2025 Reg H (Bo3)
|rated|
|rule|Species Clause: Limit one of each Pokémon
|rule|Item Clause: Limit 1 of each item
|clearpoke
|poke|p1|Sneasler, L50, F|
|poke|p1|Gholdengo, L50|
|poke|p1|Farigiraf, L50, M|
|poke|p1|Ursaluna-Bloodmoon, L50, M|
|poke|p1|Amoonguss, L50, F|
|poke|p1|Altaria, L50, F|
|poke|p2|Rillaboom, L50, F|
|poke|p2|Sneasler, L50, M|
|poke|p2|Archaludon, L50, F|
|poke|p2|Pelipper, L50, M|
|poke|p2|Basculegion, L50, M|
|poke|p2|Overqwil, L50, M|
|teampreview|4
|showteam|p1|Sneasler||FocusSash|PoisonTouch|FakeOut,CloseCombat,DireClaw,Protect|||F|||50|,,,,,Dark]Gholdengo||ChoiceSpecs|GoodasGold|MakeItRain,ShadowBall,PowerGem,Trick||||||50|,,,,,Steel]Farigiraf||MentalHerb|ArmorTail|Psychic,Imprison,HelpingHand,TrickRoom|||M|||50|,,,,,Grass]Ursaluna-Bloodmoon||ThroatSpray|MindsEye|HyperVoice,EarthPower,BloodMoon,Protect|||M|||50|,,,,,Normal]Amoonguss||SitrusBerry|Regenerator|SludgeBomb,PollenPuff,Spore,RagePowder|||F|||50|,,,,,Water]Altaria||CovertCloak|CloudNine|BreakingSwipe,HelpingHand,Haze,Tailwind|||F|||50|,,,,,Water
|showteam|p2|Rillaboom||LoadedDice|GrassySurge|FakeOut,GrassyGlide,BulletSeed,HighHorsepower|||F|||50|,,,,,Fire]Sneasler||GrassySeed|Unburden|FakeOut,Coaching,CloseCombat,DireClaw|||M|||50|,,,,,Stellar]Archaludon||AssaultVest|Stamina|DragonPulse,ElectroShot,FlashCannon,BodyPress|||F|||50|,,,,,Flying]Pelipper||FocusSash|Drizzle|Hurricane,MuddyWater,Tailwind,Protect|||M|||50|,,,,,Ghost]Basculegion||ChoiceBand|SwiftSwim|WaveCrash,LastRespects,AquaJet,FlipTurn|||M|||50|,,,,,Grass]Overqwil||SafetyGoggles|Intimidate|RainDance,Haze,Taunt,BarbBarrage|||M|||50|,,,,,Dragon
|inactive|Battle timer is ON: inactive players will automatically lose when time's up. (requested by higigig)
|inactive|Tecmovgc also wants the timer to be on.
|inactive|higigig has 60 seconds left.
|inactive|higigig has 30 seconds left.
|inactive|higigig has 20 seconds left.
|inactive|higigig has 15 seconds left.
|inactive|higigig has 10 seconds left.
|inactive|higigig has 5 seconds left.
|
|t:|1756245358
|teamsize|p1|4
|teamsize|p2|4
|start
|switch|p1a: Sneasler|Sneasler, L50, F|100/100
|switch|p1b: Gholdengo|Gholdengo, L50|100/100
|switch|p2a: Rillaboom|Rillaboom, L50, F|100/100
|switch|p2b: Archaludon|Archaludon, L50, F|100/100
|-fieldstart|move: Grassy Terrain|[from] ability: Grassy Surge|[of] p2a: Rillaboom
|turn|1
|
|t:|1756245380
|switch|p2a: Overqwil|Overqwil, L50, M|100/100
|-ability|p2a: Overqwil|Intimidate|boost
|-unboost|p1a: Sneasler|atk|1
|-unboost|p1b: Gholdengo|atk|1
|move|p1a: Sneasler|Fake Out|p2b: Archaludon
|-resisted|p2b: Archaludon
|-damage|p2b: Archaludon|97/100
|-ability|p2b: Archaludon|Stamina|boost
|-boost|p2b: Archaludon|def|1
|move|p1b: Gholdengo|Trick|p2a: Overqwil
|-activate|p1b: Gholdengo|move: Trick|[of] p2a: Overqwil
|-item|p2a: Overqwil|Choice Specs|[from] move: Trick
|-item|p1b: Gholdengo|Safety Goggles|[from] move: Trick
|cant|p2b: Archaludon|flinch
|
|-heal|p2b: Archaludon|100/100|[from] Grassy Terrain
|upkeep
|turn|2
|inactive|higigig has 30 seconds left.
|
|t:|1756245406
|switch|p1a: Farigiraf|Farigiraf, L50, M|100/100
|move|p1b: Gholdengo|Shadow Ball|p2b: Archaludon
|-damage|p2b: Archaludon|62/100
|-ability|p2b: Archaludon|Stamina|boost
|-boost|p2b: Archaludon|def|1
|move|p2a: Overqwil|Rain Dance|p2a: Overqwil
|-weather|RainDance
|move|p2b: Archaludon|Electro Shot||[still]
|-prepare|p2b: Archaludon|Electro Shot
|-boost|p2b: Archaludon|spa|1
|-anim|p2b: Archaludon|Electro Shot|p1a: Farigiraf
|-damage|p1a: Farigiraf|38/100
|
|-weather|RainDance|[upkeep]
|-heal|p2b: Archaludon|69/100|[from] Grassy Terrain
|-heal|p1a: Farigiraf|45/100|[from] Grassy Terrain
|upkeep
|turn|3
|inactive|higigig has 30 seconds left.
|inactive|Tecmovgc has 30 seconds left.
|inactive|higigig has 20 seconds left.
|inactive|higigig has 15 seconds left.
|
|t:|1756245449
|switch|p2a: Rillaboom|Rillaboom, L50, F|100/100
|-terastallize|p1a: Farigiraf|Grass
|move|p1b: Gholdengo|Shadow Ball|p2b: Archaludon
|-damage|p2b: Archaludon|31/100
|-ability|p2b: Archaludon|Stamina|boost
|-boost|p2b: Archaludon|def|1
|move|p2b: Archaludon|Electro Shot||[still]
|-prepare|p2b: Archaludon|Electro Shot
|-boost|p2b: Archaludon|spa|1
|-anim|p2b: Archaludon|Electro Shot|p1a: Farigiraf
|-resisted|p1a: Farigiraf
|-damage|p1a: Farigiraf|0 fnt
|faint|p1a: Farigiraf
|
|-weather|RainDance|[upkeep]
|-heal|p2b: Archaludon|38/100|[from] Grassy Terrain
|upkeep
|
|t:|1756245461
|switch|p1a: Ursaluna|Ursaluna-Bloodmoon, L50, M|100/100
|turn|4
|
|t:|1756245478
|move|p2a: Rillaboom|Fake Out|p1a: Ursaluna
|-crit|p1a: Ursaluna
|-damage|p1a: Ursaluna|84/100
|move|p1b: Gholdengo|Shadow Ball|p2b: Archaludon
|-damage|p2b: Archaludon|0 fnt
|faint|p2b: Archaludon
|cant|p1a: Ursaluna|flinch
|
|-weather|RainDance|[upkeep]
|-heal|p1a: Ursaluna|90/100|[from] Grassy Terrain
|upkeep
|
|t:|1756245494
|switch|p2b: Sneasler|Sneasler, L50, M|100/100
|-enditem|p2b: Sneasler|Grassy Seed
|-boost|p2b: Sneasler|def|1|[from] item: Grassy Seed
|turn|5
|inactive|higigig has 30 seconds left.
|
|t:|1756245519
|-terastallize|p2b: Sneasler|Stellar
|move|p2b: Sneasler|Close Combat|p1a: Ursaluna
|-supereffective|p1a: Ursaluna
|-damage|p1a: Ursaluna|0 fnt
|-unboost|p2b: Sneasler|def|1
|-unboost|p2b: Sneasler|spd|1
|faint|p1a: Ursaluna
|move|p1b: Gholdengo|Make It Rain|p2a: Rillaboom|[spread] p2a,p2b
|-damage|p2a: Rillaboom|48/100
|-damage|p2b: Sneasler|2/100
|-unboost|p1b: Gholdengo|spa|1
|move|p2a: Rillaboom|High Horsepower|p1b: Gholdengo
|-supereffective|p1b: Gholdengo
|-damage|p1b: Gholdengo|38/100
|
|-weather|RainDance|[upkeep]
|-heal|p2b: Sneasler|8/100|[from] Grassy Terrain
|-heal|p1b: Gholdengo|44/100|[from] Grassy Terrain
|-heal|p2a: Rillaboom|54/100|[from] Grassy Terrain
|-fieldend|move: Grassy Terrain
|upkeep
|
|t:|1756245525
|switch|p1a: Sneasler|Sneasler, L50, F|100/100
|turn|6
|
|t:|1756245547
|switch|p2b: Overqwil|Overqwil, L50, M|100/100
|-ability|p2b: Overqwil|Intimidate|boost
|-unboost|p1a: Sneasler|atk|1
|-unboost|p1b: Gholdengo|atk|1
|move|p1a: Sneasler|Fake Out|p2a: Rillaboom
|-damage|p2a: Rillaboom|44/100
|move|p1b: Gholdengo|Make It Rain|p2b: Overqwil|[spread] p2a,p2b
|-damage|p2a: Rillaboom|8/100
|-damage|p2b: Overqwil|67/100
|-unboost|p1b: Gholdengo|spa|1
|cant|p2a: Rillaboom|flinch
|
|-weather|none
|upkeep
|turn|7
|
|t:|1756245569
|switch|p2a: Sneasler|Sneasler, L50, M, tera:Stellar|8/100
|move|p1a: Sneasler|Dire Claw|p2a: Sneasler
|-resisted|p2a: Sneasler
|-damage|p2a: Sneasler|0 fnt
|faint|p2a: Sneasler
|move|p1b: Gholdengo|Power Gem|p2b: Overqwil
|-damage|p2b: Overqwil|50/100
|move|p2b: Overqwil|Barb Barrage|p1a: Sneasler
|-resisted|p1a: Sneasler
|-damage|p1a: Sneasler|77/100
|
|upkeep
|
|t:|1756245583
|switch|p2a: Rillaboom|Rillaboom, L50, F|8/100
|-fieldstart|move: Grassy Terrain|[from] ability: Grassy Surge|[of] p2a: Rillaboom
|turn|8
|
|t:|1756245593
|move|p2a: Rillaboom|Grassy Glide|p1b: Gholdengo
|-resisted|p1b: Gholdengo
|-damage|p1b: Gholdengo|25/100
|move|p1a: Sneasler|Dire Claw|p2a: Rillaboom
|-supereffective|p2a: Rillaboom
|-damage|p2a: Rillaboom|0 fnt
|faint|p2a: Rillaboom
|move|p1b: Gholdengo|Make It Rain|p2b: Overqwil
|-damage|p2b: Overqwil|16/100
|-unboost|p1b: Gholdengo|spa|1
|move|p2b: Overqwil|Barb Barrage|p1a: Sneasler
|-resisted|p1a: Sneasler
|-damage|p1a: Sneasler|52/100
|
|-heal|p1a: Sneasler|58/100|[from] Grassy Terrain
|-heal|p1b: Gholdengo|31/100|[from] Grassy Terrain
|-heal|p2b: Overqwil|22/100|[from] Grassy Terrain
|upkeep
|turn|9
|
|t:|1756245613
|move|p1a: Sneasler|Close Combat|p2b: Overqwil
|-damage|p2b: Overqwil|0 fnt
|-unboost|p1a: Sneasler|def|1
|-unboost|p1a: Sneasler|spd|1
|faint|p2b: Overqwil
|
|win|higigig
