|j|☆new mental
|j|☆lokito777
|html|new mentallokito777    
|uhtml|bestof|Game 3 of a best-of-3
|t:|1784461761
|gametype|doubles
|player|p1|new mental|volkner|1187
|player|p2|lokito777|169|1320
|gen|9
|tier|[Gen 9 Champions] VGC 2026 Reg M-B (Bo3)
|rated|
|rule|Species Clause: Limit one of each Pokémon
|rule|Item Clause: Limit 1 of each item
|clearpoke
|poke|p1|Aerodactyl, L50, F|
|poke|p1|Garchomp, L50, F|
|poke|p1|Kingambit, L50, M|
|poke|p1|Charizard, L50, F|
|poke|p1|Sylveon, L50, F|
|poke|p1|Farigiraf, L50, M|
|poke|p2|Floette-Eternal, L50, F|
|poke|p2|Incineroar, L50, F|
|poke|p2|Sinistcha, L50|
|poke|p2|Delphox, L50, F|
|poke|p2|Milotic, L50, F|
|poke|p2|Sneasler, L50, M|
|teampreview|4
|showteam|p1|Aerodactyl||Aerodactylite|Unnerve|IceFang,RockSlide,Tailwind,DualWingbeat|Jolly||F|||50|]Garchomp||LifeOrb|RoughSkin|DragonClaw,RockSlide,Earthquake,Protect|Jolly||F|||50|]Kingambit||FocusSash|Defiant|SuckerPunch,KowtowCleave,IronHead,LowKick|Adamant||M|||50|]Charizard||CharizarditeY|SolarPower|Protect,WeatherBall,HeatWave,SolarBeam|Modest||F|||50|]Sylveon||FairyFeather|Pixilate|Protect,HyperVoice,HyperBeam,QuickAttack|Modest||F|||50|]Farigiraf||SitrusBerry|ArmorTail|TrickRoom,Thunderbolt,Roar,Psychic|Bold||M|||50|
|showteam|p2|Floette-Eternal||Floettite|FlowerVeil|CalmMind,DrainingKiss,DazzlingGleam,Protect|Modest||F|||50|]Incineroar||PasshoBerry|Intimidate|PartingShot,FakeOut,ThroatChop,FlareBlitz|Impish||F|||50|]Sinistcha||SitrusBerry|Hospitality|RagePowder,TrickRoom,LeafStorm,Protect|Bold|||||50|]Delphox||Delphoxite|Blaze|NastyPlot,HeatWave,Psychic,Protect|Timid||F|||50|]Milotic||Leftovers|Competitive|MuddyWater,Hypnosis,Coil,Protect|Calm||F|||50|]Sneasler||FocusSash|PoisonTouch|PoisonJab,FakeOut,CloseCombat,QuickGuard|Jolly||M|||50|
|
|t:|1784461781
|teamsize|p1|4
|teamsize|p2|4
|start
|switch|p1a: Aerodactyl|Aerodactyl, L50, F|100/100
|switch|p1b: Kingambit|Kingambit, L50, M|100/100
|switch|p2a: Incineroar|Incineroar, L50, F|100/100
|switch|p2b: Milotic|Milotic, L50, F|100/100
|-ability|p1a: Aerodactyl|Unnerve
|-ability|p2a: Incineroar|Intimidate|boost
|-unboost|p1a: Aerodactyl|atk|1
|-unboost|p1b: Kingambit|atk|1
|-ability|p1b: Kingambit|Defiant|boost
|-boost|p1b: Kingambit|atk|2
|turn|1
|
|t:|1784461787
|detailschange|p1a: Aerodactyl|Aerodactyl-Mega, L50, F
|-mega|p1a: Aerodactyl|Aerodactyl|Aerodactylite
|move|p1a: Aerodactyl|Rock Slide|p2b: Milotic|[spread] p2a,p2b
|-supereffective|p2a: Incineroar|1
|-damage|p2a: Incineroar|76/100
|-damage|p2b: Milotic|82/100
|move|p2b: Milotic|Muddy Water|p1b: Kingambit|[spread] p1b
|-miss|p2b: Milotic|p1a: Aerodactyl
|-damage|p1b: Kingambit|72/100
|move|p1b: Kingambit|Low Kick|p2a: Incineroar
|-supereffective|p2a: Incineroar|1
|-damage|p2a: Incineroar|10/100
|move|p2a: Incineroar|Flare Blitz|p1b: Kingambit
|-supereffective|p1b: Kingambit|1
|-damage|p1b: Kingambit|0 fnt
|faint|p1b: Kingambit
|-damage|p2a: Incineroar|0 fnt|[from] Recoil
|faint|p2a: Incineroar
|
|-heal|p2b: Milotic|89/100|[from] item: Leftovers
|upkeep
|
|t:|1784461805
|switch|p1b: Sylveon|Sylveon, L50, F|100/100
|switch|p2a: Delphox|Delphox, L50, F|100/100
|turn|2
|
|t:|1784461840
|switch|p1a: Farigiraf|Farigiraf, L50, M|100/100
|detailschange|p2a: Delphox|Delphox-Mega, L50, F
|-mega|p2a: Delphox|Delphox|Delphoxite
|move|p2a: Delphox|Heat Wave|p1b: Sylveon|[spread] p1a,p1b
|-damage|p1a: Farigiraf|64/100
|-damage|p1b: Sylveon|67/100
|move|p2b: Milotic|Muddy Water|p1b: Sylveon|[spread] p1b
|-miss|p2b: Milotic|p1a: Farigiraf
|-damage|p1b: Sylveon|48/100
|-unboost|p1b: Sylveon|accuracy|1
|move|p1b: Sylveon|Hyper Voice|p2b: Milotic|[spread] p2b
|-miss|p1b: Sylveon|p2a: Delphox
|-damage|p2b: Milotic|62/100
|
|-heal|p2b: Milotic|68/100|[from] item: Leftovers
|upkeep
|turn|3
|
|t:|1784461885
|move|p2a: Delphox|Heat Wave|p1b: Sylveon|[spread] p1a,p1b
|-damage|p1a: Farigiraf|29/100
|-damage|p1b: Sylveon|17/100
|-status|p1b: Sylveon|brn
|-enditem|p1a: Farigiraf|Sitrus Berry|[eat]
|-heal|p1a: Farigiraf|54/100|[from] item: Sitrus Berry
|move|p2b: Milotic|Muddy Water|p1a: Farigiraf|[spread] p1a,p1b
|-damage|p1a: Farigiraf|32/100
|-damage|p1b: Sylveon|0 fnt
|faint|p1b: Sylveon
|move|p1a: Farigiraf|Thunderbolt|p2b: Milotic
|-supereffective|p2b: Milotic|1
|-damage|p2b: Milotic|41/100
|
|-heal|p2b: Milotic|48/100|[from] item: Leftovers
|upkeep
|
|t:|1784461893
|switch|p1b: Aerodactyl|Aerodactyl-Mega, L50, F|100/100
|turn|4
|inactive|Battle timer is ON: inactive players will automatically lose when time's up. (requested by new mental)
|
|t:|1784461906
|move|p1b: Aerodactyl|Rock Slide|p2b: Milotic|[spread] p2a,p2b
|-supereffective|p2a: Delphox|1
|-damage|p2a: Delphox|44/100
|-damage|p2b: Milotic|21/100
|move|p2a: Delphox|Heat Wave|p1b: Aerodactyl|[spread] p1a
|-miss|p2a: Delphox|p1b: Aerodactyl
|-damage|p1a: Farigiraf|0 fnt
|faint|p1a: Farigiraf
|move|p2b: Milotic|Muddy Water|p1b: Aerodactyl|[miss]
|-miss|p2b: Milotic|p1b: Aerodactyl
|
|-heal|p2b: Milotic|27/100|[from] item: Leftovers
|upkeep
|turn|5
|
|t:|1784461925
|move|p2b: Milotic|Protect|p2b: Milotic
|-singleturn|p2b: Milotic|Protect
|move|p1b: Aerodactyl|Dual Wingbeat|p2b: Milotic
|-activate|p2b: Milotic|move: Protect
|move|p2a: Delphox|Psychic|p1b: Aerodactyl
|-damage|p1b: Aerodactyl|45/100
|
|-heal|p2b: Milotic|34/100|[from] item: Leftovers
|upkeep
|turn|6
|c|☆lokito777|Ggs
|
|t:|1784461937
|move|p1b: Aerodactyl|Rock Slide|p2a: Delphox|[spread] p2b
|-miss|p1b: Aerodactyl|p2a: Delphox
|-damage|p2b: Milotic|10/100
|move|p2a: Delphox|Psychic|p1b: Aerodactyl
|-damage|p1b: Aerodactyl|0 fnt
|faint|p1b: Aerodactyl
|
|win|lokito777
|raw|new mental's rating: 1187 → 1171(-16 for losing)
|raw|lokito777's rating: 1320 → 1333(+13 for winning)
