|j|☆Chelicerate1
|j|☆plsbringregi
|html|Chelicerate1plsbringregi    
|uhtml|bestof|Game 1 of a best-of-3
|t:|1785169073
|gametype|doubles
|player|p1|Chelicerate1|ethan|1364
|player|p2|plsbringregi|102|1456
|gen|9
|tier|[Gen 9 Champions] VGC 2026 Reg M-B (Bo3)
|rated|
|rule|Species Clause: Limit one of each Pokémon
|rule|Item Clause: Limit 1 of each item
|clearpoke
|poke|p1|Grimmsnarl, L50, M|
|poke|p1|Basculegion, L50, M|
|poke|p1|Charizard, L50, F|
|poke|p1|Pelipper, L50, M|
|poke|p1|Venusaur, L50, M|
|poke|p1|Archaludon, L50, M|
|poke|p2|Garchomp, L50, M|
|poke|p2|Gholdengo, L50|
|poke|p2|Sinistcha, L50|
|poke|p2|Incineroar, L50, M|
|poke|p2|Charizard, L50, F|
|poke|p2|Floette-Eternal, L50, F|
|teampreview|4
|showteam|p1|Grimmsnarl||LightClay|Prankster|SpiritBreak,PartingShot,Reflect,LightScreen|Sassy||M|||50|]Basculegion||ChoiceScarf|Adaptability|LastRespects,WaveCrash,AquaJet,FlipTurn|Jolly||M|||50|]Charizard||CharizarditeY|Blaze|Protect,HeatWave,WeatherBall,SolarBeam|Modest||F|||50|]Pelipper||SitrusBerry|Drizzle|Hurricane,WeatherBall,Tailwind,WideGuard|Modest||M|||50|]Venusaur||FocusSash|Chlorophyll|SludgeBomb,SleepPowder,EarthPower,Protect|Modest||M|||50|]Archaludon||Leftovers|Stamina|ElectroShot,DragonPulse,FlashCannon,Protect|Calm||M|||50|
|showteam|p2|Garchomp||ChoiceScarf|RoughSkin|RockSlide,DragonClaw,Earthquake,StompingTantrum|Adamant||M|||50|]Gholdengo||FocusSash|GoodasGold|Protect,PowerGem,MakeItRain,ShadowBall|Timid|||||50|]Sinistcha||KasibBerry|Hospitality|MatchaGotcha,RagePowder,TrickRoom,Protect|Bold|||||50|]Incineroar||SitrusBerry|Intimidate|FlareBlitz,ThroatChop,PartingShot,FakeOut|Careful||M|||50|]Charizard||CharizarditeY|Blaze|HeatWave,WeatherBall,SolarBeam,Protect|Modest||F|||50|]Floette-Eternal||Floettite|FlowerVeil|DazzlingGleam,DrainingKiss,CalmMind,Protect|Modest||F|||50|
|inactive|Battle timer is ON: inactive players will automatically lose when time's up. (requested by Chelicerate1)
|
|t:|1785169095
|teamsize|p1|4
|teamsize|p2|4
|start
|switch|p1a: Charizard|Charizard, L50, F|100/100
|switch|p1b: Grimmsnarl|Grimmsnarl, L50, M|100/100
|switch|p2a: Gholdengo|Gholdengo, L50|100/100
|switch|p2b: Garchomp|Garchomp, L50, M|100/100
|turn|1
|
|t:|1785169120
|switch|p1a: Archaludon|Archaludon, L50, M|100/100
|move|p1b: Grimmsnarl|Light Screen|p1b: Grimmsnarl
|-sidestart|p1: Chelicerate1|move: Light Screen
|move|p2b: Garchomp|Rock Slide|p1b: Grimmsnarl|[spread] p1a
|-miss|p2b: Garchomp|p1b: Grimmsnarl
|-resisted|p1a: Archaludon|1
|-damage|p1a: Archaludon|91/100
|-ability|p1a: Archaludon|Stamina|boost
|-boost|p1a: Archaludon|def|1
|move|p2a: Gholdengo|Shadow Ball|p1b: Grimmsnarl
|-resisted|p1b: Grimmsnarl|1
|-damage|p1b: Grimmsnarl|88/100
|
|-heal|p1a: Archaludon|97/100|[from] item: Leftovers
|upkeep
|turn|2
|
|t:|1785169135
|switch|p2b: Floette|Floette-Eternal, L50, F|100/100
|move|p1b: Grimmsnarl|Parting Shot|p2b: Floette
|-unboost|p2b: Floette|atk|1
|-unboost|p2b: Floette|spa|1
|
|t:|1785169140
|switch|p1b: Pelipper|Pelipper, L50, M|100/100|[from] Parting Shot
|-weather|RainDance|[from] ability: Drizzle|[of] p1b: Pelipper
|move|p2a: Gholdengo|Shadow Ball|p1a: Archaludon
|-damage|p1a: Archaludon|74/100
|-ability|p1a: Archaludon|Stamina|boost
|-boost|p1a: Archaludon|def|1
|move|p1a: Archaludon|Electro Shot||[still]
|-prepare|p1a: Archaludon|Electro Shot
|-boost|p1a: Archaludon|spa|1
|-anim|p1a: Archaludon|Electro Shot|p2a: Gholdengo
|-damage|p2a: Gholdengo|33/100
|
|-weather|RainDance|[upkeep]
|-heal|p1a: Archaludon|80/100|[from] item: Leftovers
|upkeep
|turn|3
|
|t:|1785169165
|detailschange|p2b: Floette|Floette-Mega, L50, F
|-mega|p2b: Floette|Floette|Floettite
|-ability|p2b: Floette|Fairy Aura
|move|p2b: Floette|Calm Mind|p2b: Floette
|-boost|p2b: Floette|spa|1
|-boost|p2b: Floette|spd|1
|move|p2a: Gholdengo|Power Gem|p1b: Pelipper
|-supereffective|p1b: Pelipper|1
|-damage|p1b: Pelipper|46/100
|-enditem|p1b: Pelipper|Sitrus Berry|[eat]
|-heal|p1b: Pelipper|71/100|[from] item: Sitrus Berry
|move|p1a: Archaludon|Electro Shot||[still]
|-prepare|p1a: Archaludon|Electro Shot
|-boost|p1a: Archaludon|spa|1
|-anim|p1a: Archaludon|Electro Shot|p2b: Floette
|-damage|p2b: Floette|63/100
|move|p1b: Pelipper|Weather Ball|p2a: Gholdengo
|-damage|p2a: Gholdengo|0 fnt
|faint|p2a: Gholdengo
|
|-weather|RainDance|[upkeep]
|-heal|p1a: Archaludon|86/100|[from] item: Leftovers
|upkeep
|
|t:|1785169176
|switch|p2a: WeCanMakeItBetter|Sinistcha, L50|100/100
|-heal|p2b: Floette|88/100|[from] ability: Hospitality|[of] p2a: WeCanMakeItBetter
|turn|4
|
|t:|1785169190
|move|p2a: WeCanMakeItBetter|Rage Powder|p2a: WeCanMakeItBetter
|-singleturn|p2a: WeCanMakeItBetter|move: Rage Powder
|move|p2b: Floette|Dazzling Gleam|p1a: Archaludon|[spread] p1a,p1b
|-damage|p1a: Archaludon|61/100
|-damage|p1b: Pelipper|26/100
|-ability|p1a: Archaludon|Stamina|boost
|-boost|p1a: Archaludon|def|1
|move|p1a: Archaludon|Electro Shot||[still]
|-prepare|p1a: Archaludon|Electro Shot
|-boost|p1a: Archaludon|spa|1
|-anim|p1a: Archaludon|Electro Shot|p2a: WeCanMakeItBetter
|-resisted|p2a: WeCanMakeItBetter|1
|-damage|p2a: WeCanMakeItBetter|53/100
|move|p1b: Pelipper|Hurricane|p2a: WeCanMakeItBetter
|-supereffective|p2a: WeCanMakeItBetter|1
|-damage|p2a: WeCanMakeItBetter|0 fnt
|faint|p2a: WeCanMakeItBetter
|
|-weather|RainDance|[upkeep]
|-heal|p1a: Archaludon|67/100|[from] item: Leftovers
|upkeep
|
|t:|1785169194
|switch|p2a: Garchomp|Garchomp, L50, M|100/100
|turn|5
|
|t:|1785169200
|move|p1b: Pelipper|Wide Guard|p1b: Pelipper
|-singleturn|p1b: Pelipper|Wide Guard
|move|p2a: Garchomp|Stomping Tantrum|p1a: Archaludon
|-supereffective|p1a: Archaludon|1
|-damage|p1a: Archaludon|41/100
|-ability|p1a: Archaludon|Stamina|boost
|-boost|p1a: Archaludon|def|1
|move|p2b: Floette|Draining Kiss|p1b: Pelipper
|-damage|p1b: Pelipper|0 fnt
|-heal|p2b: Floette|100/100|[from] drain|[of] p1b: Pelipper
|faint|p1b: Pelipper
|move|p1a: Archaludon|Dragon Pulse|p2a: Garchomp
|-supereffective|p2a: Garchomp|1
|-damage|p2a: Garchomp|0 fnt
|faint|p2a: Garchomp
|
|-weather|RainDance|[upkeep]
|-heal|p1a: Archaludon|47/100|[from] item: Leftovers
|upkeep
|-message|plsbringregi forfeited.
|
|win|Chelicerate1
|l|☆plsbringregi
|player|p2|
||plsbringregi is ready for game 2.
