|j|☆LookBackInBanger
|j|☆nikolasnaiz
|html|LookBackInBangernikolasnaiz    
|uhtml|bestof|Game 3 of a best-of-3
|t:|1756481297
|gametype|doubles
|player|p1|LookBackInBanger|mina|1102
|player|p2|nikolasnaiz|larry|1084
|gen|9
|tier|[Gen 9] VGC 2025 Reg H (Bo3)
|rated|
|rule|Species Clause: Limit one of each Pokémon
|rule|Item Clause: Limit 1 of each item
|clearpoke
|poke|p1|Dragonite, L50, M|
|poke|p1|Electabuzz, L50, F|
|poke|p1|Indeedee, L50, M|
|poke|p1|Sneasler, L50, M|
|poke|p1|Talonflame, L50, M|
|poke|p1|Ursaluna-Bloodmoon, L50, M|
|poke|p2|Dragonite, L50, F|
|poke|p2|Ursaluna-Bloodmoon, L50, M|
|poke|p2|Annihilape, L50, M|
|poke|p2|Volcarona, L50, M|
|poke|p2|Rillaboom, L50, F|
|poke|p2|Incineroar, L50, M|
|teampreview|4
|showteam|p1|Dragonite||LoadedDice|Multiscale|ScaleShot,StompingTantrum,Haze,Protect|||M|||50|,,,,,Fairy]Electabuzz||Eviolite|VitalSpirit|Electroweb,FollowMe,Taunt,Protect|||F|||50|,,,,,Dragon]Indeedee||FocusSash|PsychicSurge|ExpandingForce,HelpingHand,TrickRoom,Imprison|||M|||50|,,,,,Psychic]Sneasler||PsychicSeed|Unburden|DireClaw,CloseCombat,ThroatChop,Protect|||M|||50|,,,,,Stellar]Talonflame||CovertCloak|GaleWings|FlareBlitz,DualWingbeat,WillOWisp,Tailwind|||M|||50|,,,,,Stellar]Ursaluna-Bloodmoon||LifeOrb|MindsEye|BloodMoon,HyperVoice,EarthPower,Protect|||M|||50|,,,,,Normal
|showteam|p2|Dragonite||LoadedDice|Multiscale|Protect,ScaleShot,Tailwind,Haze|||F|||50|,,,,,Steel]Ursaluna-Bloodmoon||FocusSash|MindsEye|Protect,BloodMoon,EarthPower,HyperVoice|||M|||50|,,,,,Normal]Annihilape||LumBerry|Defiant|Protect,RageFist,CloseCombat,Taunt|||M|||50|,,,,,Fire]Volcarona||CovertCloak|FlameBody|Protect,QuiverDance,HeatWave,TeraBlast|||M|||50|,,,,,Fairy]Rillaboom||AssaultVest|GrassySurge|FakeOut,WoodHammer,GrassyGlide,HighHorsepower|||F|||50|,,,,,Fire]Incineroar||SafetyGoggles|Intimidate|FakeOut,PartingShot,FlareBlitz,KnockOff|||M|||50|,,,,,Ghost
|inactive|Battle timer is ON: inactive players will automatically lose when time's up. (requested by nikolasnaiz)
|inactive|LookBackInBanger has 60 seconds left.
|
|t:|1756481333
|teamsize|p1|4
|teamsize|p2|4
|start
|switch|p1a: Talonflame|Talonflame, L50, M, shiny|100/100
|switch|p1b: Ursaluna|Ursaluna-Bloodmoon, L50, M|100/100
|switch|p2a: Dragonite|Dragonite, L50, F, shiny|100/100
|switch|p2b: Ursaluna|Ursaluna-Bloodmoon, L50, M|100/100
|turn|1
|inactive|LookBackInBanger has 30 seconds left.
|inactive|nikolasnaiz has 30 seconds left.
|inactive|LookBackInBanger has 20 seconds left.
|inactive|nikolasnaiz has 20 seconds left.
|inactive|nikolasnaiz has 15 seconds left.
|inactive|nikolasnaiz has 10 seconds left.
|inactive|nikolasnaiz has 5 seconds left.
|
|t:|1756481389
|-terastallize|p1b: Ursaluna|Normal
|move|p2a: Dragonite|Protect|p2a: Dragonite
|-singleturn|p2a: Dragonite|Protect
|move|p2b: Ursaluna|Protect|p2b: Ursaluna
|-singleturn|p2b: Ursaluna|Protect
|move|p1a: Talonflame|Tailwind|p1a: Talonflame
|-sidestart|p1: LookBackInBanger|move: Tailwind
|move|p1b: Ursaluna|Hyper Voice|p2b: Ursaluna|[spread] 
|-activate|p2a: Dragonite|move: Protect
|-activate|p2b: Ursaluna|move: Protect
|
|upkeep
|turn|2
|inactive|LookBackInBanger has 30 seconds left.
|inactive|nikolasnaiz has 30 seconds left.
|inactive|nikolasnaiz has 20 seconds left.
|inactive|nikolasnaiz has 15 seconds left.
|
|t:|1756481429
|switch|p2b: Incineroar|Incineroar, L50, M, shiny|100/100
|-ability|p2b: Incineroar|Intimidate|boost
|-unboost|p1a: Talonflame|atk|1
|-unboost|p1b: Ursaluna|atk|1
|move|p1a: Talonflame|Will-O-Wisp|p2a: Dragonite
|-status|p2a: Dragonite|brn
|move|p1b: Ursaluna|Hyper Voice|p2b: Incineroar|[spread] p2a,p2b
|-damage|p2a: Dragonite|65/100 brn
|-damage|p2b: Incineroar|35/100
|-damage|p1b: Ursaluna|91/100|[from] item: Life Orb
|move|p2a: Dragonite|Scale Shot|p1a: Talonflame
|-damage|p1a: Talonflame|90/100
|-damage|p1a: Talonflame|79/100
|-damage|p1a: Talonflame|68/100
|-damage|p1a: Talonflame|57/100
|-damage|p1a: Talonflame|45/100
|-hitcount|p1a: Talonflame|5
|-unboost|p2a: Dragonite|def|1
|-boost|p2a: Dragonite|spe|1
|
|-damage|p2a: Dragonite|59/100 brn|[from] brn
|upkeep
|turn|3
|inactive|LookBackInBanger has 30 seconds left.
|inactive|LookBackInBanger has 20 seconds left.
|inactive|LookBackInBanger has 15 seconds left.
|inactive|LookBackInBanger has 10 seconds left.
|inactive|LookBackInBanger has 5 seconds left.
|
|t:|1756481483
|move|p1b: Ursaluna|Protect|p1b: Ursaluna
|-singleturn|p1b: Ursaluna|Protect
|move|p2b: Incineroar|Fake Out|p1b: Ursaluna
|-activate|p1b: Ursaluna|move: Protect
|move|p1a: Talonflame|Dual Wingbeat|p2a: Dragonite
|-damage|p2a: Dragonite|40/100 brn
|-damage|p2a: Dragonite|24/100 brn
|-hitcount|p2a: Dragonite|2
|move|p2a: Dragonite|Scale Shot|p1a: Talonflame
|-damage|p1a: Talonflame|33/100
|-damage|p1a: Talonflame|21/100
|-damage|p1a: Talonflame|10/100
|-damage|p1a: Talonflame|0 fnt
|faint|p1a: Talonflame
|-hitcount|p1: Talonflame|4
|-unboost|p2a: Dragonite|def|1
|-boost|p2a: Dragonite|spe|1
|
|-damage|p2a: Dragonite|18/100 brn|[from] brn
|upkeep
|
|t:|1756481505
|switch|p1a: Sneasler|Sneasler, L50, M|100/100
|turn|4
|inactive|LookBackInBanger has 30 seconds left.
|inactive|nikolasnaiz has 30 seconds left.
|inactive|LookBackInBanger has 20 seconds left.
|inactive|LookBackInBanger has 15 seconds left.
|
|t:|1756481546
|move|p2a: Dragonite|Protect|p2a: Dragonite
|-singleturn|p2a: Dragonite|Protect
|move|p1a: Sneasler|Throat Chop|p2a: Dragonite
|-activate|p2a: Dragonite|move: Protect
|move|p1b: Ursaluna|Hyper Voice|p2b: Incineroar|[spread] p2b
|-activate|p2a: Dragonite|move: Protect
|-damage|p2b: Incineroar|0 fnt
|faint|p2b: Incineroar
|-damage|p1b: Ursaluna|81/100|[from] item: Life Orb
|
|-damage|p2a: Dragonite|12/100 brn|[from] brn
|-sideend|p1: LookBackInBanger|move: Tailwind
|upkeep
|
|t:|1756481553
|switch|p2b: Rillaboom|Rillaboom, L50, F|100/100
|-fieldstart|move: Grassy Terrain|[from] ability: Grassy Surge|[of] p2b: Rillaboom
|turn|5
|
|t:|1756481569
|move|p1a: Sneasler|Protect|p1a: Sneasler
|-singleturn|p1a: Sneasler|Protect
|move|p1b: Ursaluna|Protect|p1b: Ursaluna
|-singleturn|p1b: Ursaluna|Protect
|move|p2a: Dragonite|Tailwind|p2a: Dragonite
|-sidestart|p2: nikolasnaiz|move: Tailwind
|move|p2b: Rillaboom|High Horsepower|p1a: Sneasler
|-activate|p1a: Sneasler|move: Protect
|
|-heal|p1b: Ursaluna|87/100|[from] Grassy Terrain
|-damage|p2a: Dragonite|6/100 brn|[from] brn
|upkeep
|turn|6
|inactive|LookBackInBanger has 30 seconds left.
|
|t:|1756481599
|move|p2a: Dragonite|Scale Shot|p1a: Sneasler|[miss]
|-miss|p2a: Dragonite|p1a: Sneasler
|move|p2b: Rillaboom|High Horsepower|p1a: Sneasler
|-supereffective|p1a: Sneasler
|-damage|p1a: Sneasler|2/100
|move|p1a: Sneasler|Dire Claw|p2b: Rillaboom
|-supereffective|p2b: Rillaboom
|-damage|p2b: Rillaboom|17/100
|move|p1b: Ursaluna|Blood Moon|p2b: Rillaboom
|-damage|p2b: Rillaboom|0 fnt
|faint|p2b: Rillaboom
|-damage|p1b: Ursaluna|78/100|[from] item: Life Orb
|
|-heal|p1a: Sneasler|8/100|[from] Grassy Terrain
|-heal|p1b: Ursaluna|83/100|[from] Grassy Terrain
|-damage|p2a: Dragonite|0 fnt|[from] brn
|faint|p2a: Dragonite
|upkeep
|
|t:|1756481602
|switch|p2b: Ursaluna|Ursaluna-Bloodmoon, L50, M|100/100
|turn|7
|inactive|LookBackInBanger has 30 seconds left.
|
|t:|1756481629
|-terastallize|p2b: Ursaluna|Normal
|move|p2b: Ursaluna|Hyper Voice|p1a: Sneasler|[spread] p1a,p1b
|-damage|p1a: Sneasler|0 fnt
|-damage|p1b: Ursaluna|22/100
|faint|p1a: Sneasler
|move|p1b: Ursaluna|Hyper Voice|p2b: Ursaluna
|-enditem|p2b: Ursaluna|Focus Sash
|-damage|p2b: Ursaluna|1/100
|-damage|p1b: Ursaluna|12/100|[from] item: Life Orb
|
|-heal|p2b: Ursaluna|7/100|[from] Grassy Terrain
|-heal|p1b: Ursaluna|18/100|[from] Grassy Terrain
|upkeep
|
|t:|1756481640
|switch|p1a: Indeedee|Indeedee, L50, M|100/100
|-fieldstart|move: Psychic Terrain|[from] ability: Psychic Surge|[of] p1a: Indeedee
|turn|8
|c|☆LookBackInBanger|ggs I got reeeally good luck
|inactive|LookBackInBanger has 30 seconds left.
|c|☆nikolasnaiz|gg
|c|☆nikolasnaiz|is part of the game
|c|☆LookBackInBanger|you would've won
|inactive|LookBackInBanger has 20 seconds left.
|c|☆nikolasnaiz|dont worry
|
|t:|1756481680
|move|p2b: Ursaluna|Hyper Voice|p1a: Indeedee|[spread] p1a,p1b
|-damage|p1a: Indeedee|31/100
|-damage|p1b: Ursaluna|0 fnt
|faint|p1b: Ursaluna
|move|p1a: Indeedee|Expanding Force|p2b: Ursaluna
|-damage|p2b: Ursaluna|0 fnt
|faint|p2b: Ursaluna
|
|win|LookBackInBanger
|raw|LookBackInBanger's rating: 1102 → 1126(+24 for winning)
|raw|nikolasnaiz's rating: 1084 → 1063(-21 for losing)
|c|☆nikolasnaiz|gl for next games
|c|☆LookBackInBanger|thankks you too!=)
|l|☆nikolasnaiz
|player|p2|
