|j|☆natsukivgc
|j|☆Plopy14
|html|natsukivgcPlopy14    
|uhtml|bestof|Game 1 of a best-of-3
|t:|1785471241
|gametype|doubles
|player|p1|natsukivgc|1|1098
|player|p2|Plopy14|bugcatcher|1245
|gen|9
|tier|[Gen 9 Champions] VGC 2026 Reg M-B (Bo3)
|rated|
|rule|Species Clause: Limit one of each Pokémon
|rule|Item Clause: Limit 1 of each item
|clearpoke
|poke|p1|Charizard, L50, F|
|poke|p1|Sneasler, L50, F|
|poke|p1|Kingambit, L50, F|
|poke|p1|Dragonite, L50, M|
|poke|p1|Floette-Eternal, L50, F|
|poke|p1|Whimsicott, L50, M|
|poke|p2|Toxapex, L50, F|
|poke|p2|Annihilape, L50, M|
|poke|p2|Incineroar, L50, F|
|poke|p2|Garchomp, L50, M|
|poke|p2|Venusaur, L50, F|
|poke|p2|Charizard, L50, M|
|teampreview|4
|showteam|p1|Charizard||CharizarditeY|Blaze|HeatWave,SolarBeam,WeatherBall,Protect|Modest||F|||50|]Sneasler||WhiteHerb|Unburden|CloseCombat,DireClaw,FakeOut,Coaching|Jolly||F|||50|]Kingambit||BlackGlasses|Defiant|KowtowCleave,SuckerPunch,SwordsDance,Protect|Adamant||F|||50|]Dragonite||LifeOrb|InnerFocus|DragonClaw,LowKick,ExtremeSpeed,Protect|Adamant||M|||50|]Floette-Eternal||Floettite|FlowerVeil|Moonblast,DazzlingGleam,LightofRuin,Protect|Modest||F|||50|]Whimsicott||FocusSash|Prankster|Moonblast,Tailwind,Encore,Protect|Timid||M|||50|
|showteam|p2|Toxapex||Leftovers|Regenerator|WideGuard,Infestation,Toxic,BanefulBunker|Bold||F|||50|]Annihilape||FocusSash|Defiant|PhantomForce,CloseCombat,RockTomb,Protect|Jolly||M|||50|]Incineroar||SitrusBerry|Intimidate|FlareBlitz,DarkestLariat,FakeOut,PartingShot|Careful||F|||50|]Garchomp||ChoiceScarf|RoughSkin|StompingTantrum,DragonClaw,RockSlide,Earthquake|Jolly||M|||50|]Venusaur||LifeOrb|Chlorophyll|SludgeBomb,SolarBeam,EarthPower,Protect|Modest||F|||50|]Charizard||CharizarditeY|Blaze|HeatWave,WeatherBall,HelpingHand,Protect|Modest||M|||50|
|j| Tindall64
|
|t:|1785471321
|teamsize|p1|4
|teamsize|p2|4
|start
|switch|p1a: Charizard|Charizard, L50, F|100/100
|switch|p1b: Whimsicott|Whimsicott, L50, M|100/100
|switch|p2a: Charizard|Charizard, L50, M|100/100
|switch|p2b: Annihilape|Annihilape, L50, M|100/100
|turn|1
|
|t:|1785471353
|switch|p2b: Toxapex|Toxapex, L50, F|100/100
|detailschange|p1a: Charizard|Charizard-Mega-Y, L50, F
|-mega|p1a: Charizard|Charizard|Charizardite Y
|-weather|SunnyDay|[from] ability: Drought|[of] p1a: Charizard
|detailschange|p2a: Charizard|Charizard-Mega-Y, L50, M
|-mega|p2a: Charizard|Charizard|Charizardite Y
|move|p1b: Whimsicott|Tailwind|p1b: Whimsicott
|-sidestart|p1: natsukivgc|move: Tailwind
|move|p1a: Charizard|Heat Wave|p2b: Toxapex|[spread] p2b
|-miss|p1a: Charizard|p2a: Charizard
|-resisted|p2b: Toxapex|1
|-damage|p2b: Toxapex|76/100
|move|p2a: Charizard|Heat Wave|p1a: Charizard|[spread] p1a,p1b
|-resisted|p1a: Charizard|1
|-supereffective|p1b: Whimsicott|1
|-damage|p1a: Charizard|70/100
|-enditem|p1b: Whimsicott|Focus Sash
|-damage|p1b: Whimsicott|1/100
|
|-weather|SunnyDay|[upkeep]
|-heal|p2b: Toxapex|82/100|[from] item: Leftovers
|upkeep
|turn|2
|
|t:|1785471394
|switch|p1b: Dragonite|Dragonite, L50, M|100/100
|move|p1a: Charizard|Weather Ball|p2a: Charizard
|-resisted|p2a: Charizard|1
|-damage|p2a: Charizard|61/100
|move|p2a: Charizard|Heat Wave|p1a: Charizard|[spread] p1a,p1b
|-resisted|p1a: Charizard|1
|-resisted|p1b: Dragonite|1
|-damage|p1a: Charizard|44/100
|-damage|p1b: Dragonite|69/100
|move|p2b: Toxapex|Toxic|p1a: Charizard
|-status|p1a: Charizard|tox
|
|-weather|SunnyDay|[upkeep]
|-heal|p2b: Toxapex|87/100|[from] item: Leftovers
|-damage|p1a: Charizard|38/100 tox|[from] psn
|upkeep
|turn|3
|j| sudoz
|
|t:|1785471417
|move|p2a: Charizard|Protect|p2a: Charizard
|-singleturn|p2a: Charizard|Protect
|move|p2b: Toxapex|Baneful Bunker|p2b: Toxapex
|-singleturn|p2b: Toxapex|move: Protect
|move|p1a: Charizard|Weather Ball|p2a: Charizard
|-activate|p2a: Charizard|move: Protect
|move|p1b: Dragonite|Dragon Claw|p2a: Charizard
|-activate|p2a: Charizard|move: Protect
|
|-weather|SunnyDay|[upkeep]
|-heal|p2b: Toxapex|93/100|[from] item: Leftovers
|-damage|p1a: Charizard|27/100 tox|[from] psn
|upkeep
|turn|4
|
|t:|1785471435
|move|p1a: Charizard|Weather Ball|p2a: Charizard
|-resisted|p2a: Charizard|1
|-damage|p2a: Charizard|21/100
|move|p1b: Dragonite|Dragon Claw|p2a: Charizard
|-damage|p2a: Charizard|0 fnt
|faint|p2a: Charizard
|-damage|p1b: Dragonite|60/100|[from] item: Life Orb
|move|p2b: Toxapex|Toxic|p1b: Dragonite
|-status|p1b: Dragonite|tox
|
|-weather|SunnyDay|[upkeep]
|-heal|p2b: Toxapex|99/100|[from] item: Leftovers
|-damage|p1a: Charizard|10/100 tox|[from] psn
|-damage|p1b: Dragonite|54/100 tox|[from] psn
|-sideend|p1: natsukivgc|move: Tailwind
|upkeep
|l| sudoz
|
|t:|1785471461
|switch|p2a: Garchomp|Garchomp, L50, M|100/100
|turn|5
|
|t:|1785471483
|switch|p1b: Kingambit|Kingambit, L50, F|100/100
|move|p2a: Garchomp|Rock Slide|p1a: Charizard|[spread] p1a,p1b
|-supereffective|p1a: Charizard|2
|-resisted|p1b: Kingambit|1
|-damage|p1a: Charizard|0 fnt
|-damage|p1b: Kingambit|92/100
|faint|p1a: Charizard
|move|p2b: Toxapex|Infestation|p1b: Kingambit
|-damage|p1b: Kingambit|90/100
|-activate|p1b: Kingambit|move: Infestation|[of] p2b: Toxapex
|
|-weather|none
|-heal|p2b: Toxapex|100/100|[from] item: Leftovers
|-damage|p1b: Kingambit|78/100|[from] move: Infestation|[partiallytrapped]
|upkeep
|
|t:|1785471496
|switch|p1a: Dragonite|Dragonite, L50, M|54/100 tox
|turn|6
|
|t:|1785471507
|move|p2a: Garchomp|Rock Slide|p1a: Dragonite|[spread] p1a,p1b
|-supereffective|p1a: Dragonite|1
|-resisted|p1b: Kingambit|1
|-damage|p1a: Dragonite|15/100 tox
|-damage|p1b: Kingambit|71/100
|move|p1a: Dragonite|Dragon Claw|p2a: Garchomp
|-supereffective|p2a: Garchomp|1
|-damage|p2a: Garchomp|0 fnt
|-damage|p1a: Dragonite|2/100 tox|[from] ability: Rough Skin|[of] p2a: Garchomp
|faint|p2a: Garchomp
|-damage|p1a: Dragonite|0 fnt|[from] item: Life Orb
|faint|p1a: Dragonite
|move|p1b: Kingambit|Swords Dance|p1b: Kingambit
|-boost|p1b: Kingambit|atk|2
|move|p2b: Toxapex|Infestation|p1b: Kingambit
|-damage|p1b: Kingambit|69/100
|
|-damage|p1b: Kingambit|57/100|[from] move: Infestation|[partiallytrapped]
|upkeep
|
|t:|1785471524
|switch|p2a: Annihilape|Annihilape, L50, M|100/100
|switch|p1a: Whimsicott|Whimsicott, L50, M|1/100
|turn|7
|
|t:|1785471580
|move|p2a: Annihilape|Protect|p2a: Annihilape
|-singleturn|p2a: Annihilape|Protect
|move|p1b: Kingambit|Protect|p1b: Kingambit
|-singleturn|p1b: Kingambit|Protect
|move|p1a: Whimsicott|Moonblast|p2a: Annihilape
|-activate|p2a: Annihilape|move: Protect
|move|p2b: Toxapex|Infestation|p1a: Whimsicott
|-damage|p1a: Whimsicott|0 fnt
|faint|p1a: Whimsicott
|
|-damage|p1b: Kingambit|44/100|[from] move: Infestation|[partiallytrapped]
|upkeep
|turn|8
|
|t:|1785471603
|move|p2b: Toxapex|Baneful Bunker|p2b: Toxapex
|-singleturn|p2b: Toxapex|move: Protect
|move|p2a: Annihilape|Close Combat|p1b: Kingambit
|-supereffective|p1b: Kingambit|2
|-damage|p1b: Kingambit|0 fnt
|-unboost|p2a: Annihilape|def|1
|-unboost|p2a: Annihilape|spd|1
|faint|p1b: Kingambit
|
|win|Plopy14
