|j|☆Dah_tobster
|j|☆JNAOFARIA
|html|Dah_tobsterJNAOFARIA    
|uhtml|bestof|Game 1 of a best-of-3
|t:|1757041563
|gametype|doubles
|player|p1|Dah_tobster|266|1172
|player|p2|JNAOFARIA|169|1143
|gen|9
|tier|[Gen 9] VGC 2025 Reg H (Bo3)
|rated|
|rule|Species Clause: Limit one of each Pokémon
|rule|Item Clause: Limit 1 of each item
|clearpoke
|poke|p1|Grimmsnarl, L50, M|
|poke|p1|Dragonite, L50, M|
|poke|p1|Gholdengo, L50|
|poke|p1|Annihilape, L50, F|
|poke|p1|Maushold-Four, L50|
|poke|p1|Rillaboom, L50, F|
|poke|p2|Pelipper, L50, M|
|poke|p2|Braviary-Hisui, L50, M|
|poke|p2|Indeedee-F, L50, F|
|poke|p2|Archaludon, L50, M|
|poke|p2|Basculegion, L50, M|
|poke|p2|Decidueye-Hisui, L50, F|
|teampreview|4
|showteam|p1|Grimmsnarl||LightClay|Prankster|SpiritBreak,Reflect,LightScreen,ThunderWave|||M|||50|,,,,,Steel]Dragonite||LoadedDice|Multiscale|ScaleShot,ExtremeSpeed,Tailwind,Protect|||M|||50|,,,,,Steel]Gholdengo||LifeOrb|GoodasGold|MakeItRain,NastyPlot,ShadowBall,Protect||||||50|,,,,,Water]Annihilape||Leftovers|Defiant|RageFist,DrainPunch,BulkUp,Protect|||F|||50|,,,,,Fire]Maushold-Four||FocusSash|FriendGuard|SuperFang,FollowMe,BeatUp,Protect||||||50|,,,,,Ghost]Rillaboom||AssaultVest|GrassySurge|FakeOut,WoodHammer,HighHorsepower,GrassyGlide|||F|||50|,,,,,Fire
|showteam|p2|Pelipper||FocusSash|Drizzle|WeatherBall,Hurricane,Tailwind,Protect|||M|||50|,,,,,Ghost]Braviary-Hisui||LifeOrb|TintedLens|ExpandingForce,Hurricane,DazzlingGleam,Protect|||M|||50|,,,,,Psychic]Indeedee-F||PsychicSeed|PsychicSurge|Psychic,FollowMe,HelpingHand,TrickRoom|||F|||50|,,,,,Fairy]Archaludon||AssaultVest|Stamina|ElectroShot,DragonPulse,FlashCannon,BodyPress|||M|||50|,,,,,Bug]Basculegion||ChoiceBand|SwiftSwim|WaveCrash,FlipTurn,AquaJet,LastRespects|||M|||50|,,,,,Water]Decidueye-Hisui||RazorClaw|Scrappy|TripleArrows,LeafBlade,Haze,Protect|||F|||50|,,,,,Fire
|inactive|Battle timer is ON: inactive players will automatically lose when time's up. (requested by Dah_tobster)
|inactive|Dah_tobster has 60 seconds left.
|inactive|JNAOFARIA has 60 seconds left.
|inactive|JNAOFARIA has 30 seconds left.
|inactive|JNAOFARIA has 20 seconds left.
|inactive|JNAOFARIA has 15 seconds left.
|inactive|JNAOFARIA has 10 seconds left.
|
|t:|1757041646
|teamsize|p1|4
|teamsize|p2|4
|start
|switch|p1a: Gholdengo|Gholdengo, L50|100/100
|switch|p1b: Grimmsnarl|Grimmsnarl, L50, M|100/100
|switch|p2a: Archaludon|Archaludon, L50, M|100/100
|switch|p2b: Pelipper|Pelipper, L50, M|100/100
|-weather|RainDance|[from] ability: Drizzle|[of] p2b: Pelipper
|turn|1
|
|t:|1757041663
|move|p1b: Grimmsnarl|Light Screen|p1b: Grimmsnarl
|-sidestart|p1: Dah_tobster|move: Light Screen
|move|p1a: Gholdengo|Nasty Plot|p1a: Gholdengo
|-boost|p1a: Gholdengo|spa|2
|move|p2a: Archaludon|Electro Shot||[still]
|-prepare|p2a: Archaludon|Electro Shot
|-boost|p2a: Archaludon|spa|1
|-anim|p2a: Archaludon|Electro Shot|p1a: Gholdengo
|-damage|p1a: Gholdengo|61/100
|move|p2b: Pelipper|Weather Ball|p1a: Gholdengo
|-damage|p1a: Gholdengo|13/100
|
|-weather|RainDance|[upkeep]
|upkeep
|turn|2
|
|t:|1757041687
|move|p1a: Gholdengo|Make It Rain|p2b: Pelipper|[spread] p2a,p2b
|-resisted|p2a: Archaludon
|-resisted|p2b: Pelipper
|-damage|p2a: Archaludon|60/100
|-damage|p2b: Pelipper|19/100
|-unboost|p1a: Gholdengo|spa|1
|-ability|p2a: Archaludon|Stamina|boost
|-boost|p2a: Archaludon|def|1
|-damage|p1a: Gholdengo|4/100|[from] item: Life Orb
|move|p2a: Archaludon|Electro Shot||[still]
|-prepare|p2a: Archaludon|Electro Shot
|-boost|p2a: Archaludon|spa|1
|-anim|p2a: Archaludon|Electro Shot|p1b: Grimmsnarl
|-damage|p1b: Grimmsnarl|50/100
|move|p1b: Grimmsnarl|Spirit Break|p2a: Archaludon
|-damage|p2a: Archaludon|45/100
|-unboost|p2a: Archaludon|spa|1
|-ability|p2a: Archaludon|Stamina|boost
|-boost|p2a: Archaludon|def|1
|move|p2b: Pelipper|Tailwind|p2b: Pelipper
|-sidestart|p2: JNAOFARIA|move: Tailwind
|
|-weather|RainDance|[upkeep]
|upkeep
|turn|3
|inactive|Dah_tobster has 30 seconds left.
|
|t:|1757041717
|move|p1a: Gholdengo|Protect|p1a: Gholdengo
|-singleturn|p1a: Gholdengo|Protect
|move|p1b: Grimmsnarl|Thunder Wave|p2a: Archaludon
|-status|p2a: Archaludon|par
|move|p2b: Pelipper|Weather Ball|p1a: Gholdengo
|-activate|p1a: Gholdengo|move: Protect
|move|p2a: Archaludon|Electro Shot||[still]
|-prepare|p2a: Archaludon|Electro Shot
|-boost|p2a: Archaludon|spa|1
|-anim|p2a: Archaludon|Electro Shot|p1b: Grimmsnarl
|-damage|p1b: Grimmsnarl|1/100
|
|-weather|RainDance|[upkeep]
|upkeep
|turn|4
|inactive|JNAOFARIA has 30 seconds left.
|
|t:|1757041747
|move|p1b: Grimmsnarl|Thunder Wave|p2b: Pelipper
|-status|p2b: Pelipper|par
|move|p1a: Gholdengo|Shadow Ball|p2a: Archaludon
|-crit|p2a: Archaludon
|-damage|p2a: Archaludon|0 fnt
|faint|p2a: Archaludon
|-damage|p1a: Gholdengo|0 fnt|[from] item: Life Orb
|faint|p1a: Gholdengo
|move|p2b: Pelipper|Hurricane|p1b: Grimmsnarl
|-damage|p1b: Grimmsnarl|0 fnt
|faint|p1b: Grimmsnarl
|
|-weather|RainDance|[upkeep]
|upkeep
|c|☆JNAOFARIA|any more rng?
|inactive|Dah_tobster has 30 seconds left.
|inactive|Dah_tobster has 20 seconds left.
|inactive|Dah_tobster has 15 seconds left.
|c|☆Dah_tobster|that crit did not matter im sorry to say
|
|t:|1757041791
|switch|p1a: Dragonite|Dragonite, L50, M|100/100
|switch|p2a: Basculegion|Basculegion, L50, M|100/100
|switch|p1b: Annihilape|Annihilape, L50, F|100/100
|turn|5
|c|☆Dah_tobster|you never live a +1 shadow ball at half
|inactive|Dah_tobster has 30 seconds left.
|inactive|Dah_tobster has 20 seconds left.
|inactive|Dah_tobster has 15 seconds left.
|inactive|Dah_tobster has 10 seconds left.
|
|t:|1757041840
|switch|p2b: Indeedee|Indeedee-F, L50, F|100/100
|-fieldstart|move: Psychic Terrain|[from] ability: Psychic Surge|[of] p2b: Indeedee
|-enditem|p2b: Indeedee|Psychic Seed
|-boost|p2b: Indeedee|spd|1|[from] item: Psychic Seed
|move|p1b: Annihilape|Protect|p1b: Annihilape
|-singleturn|p1b: Annihilape|Protect
|move|p2a: Basculegion|Flip Turn|p1a: Dragonite
|-resisted|p1a: Dragonite
|-damage|p1a: Dragonite|83/100
|
|t:|1757041850
|switch|p2a: Pelipper|Pelipper, L50, M|19/100 par|[from] Flip Turn
|move|p1a: Dragonite|Scale Shot|p2a: Pelipper
|-damage|p2a: Pelipper|4/100 par
|-damage|p2a: Pelipper|0 fnt
|faint|p2a: Pelipper
|-hitcount|p2: Pelipper|2
|-unboost|p1a: Dragonite|def|1
|-boost|p1a: Dragonite|spe|1
|
|-weather|none
|-sideend|p2: JNAOFARIA|move: Tailwind
|upkeep
|
|t:|1757041855
|switch|p2a: Basculegion|Basculegion, L50, M|100/100
|turn|6
|inactive|Dah_tobster has 30 seconds left.
|inactive|Dah_tobster has 20 seconds left.
|inactive|Dah_tobster has 15 seconds left.
|
|t:|1757041896
|-terastallize|p2b: Indeedee|Fairy
|move|p2b: Indeedee|Follow Me|p2b: Indeedee
|-singleturn|p2b: Indeedee|move: Follow Me
|move|p1a: Dragonite|Scale Shot|p2b: Indeedee
|-immune|p2b: Indeedee
|move|p2a: Basculegion|Last Respects|p1b: Annihilape
|-supereffective|p1b: Annihilape
|-damage|p1b: Annihilape|0 fnt
|faint|p1b: Annihilape
|
|upkeep
|turn|7
|-message|Dah_tobster forfeited.
|
|win|JNAOFARIA
|l|☆Dah_tobster
|player|p1|
||JNAOFARIA is ready for game 2.
||Dah_tobster is ready for game 2.
|uhtml|next|Next: Game 2 of 3
|l|☆JNAOFARIA
|player|p2|
|j|☆Dah_tobster
|player|p1|Dah_tobster|266|
