|j|☆Helix275
|j|☆forgepure2008
|html|Helix275forgepure2008    
|uhtml|bestof|Game 1 of a best-of-3
|t:|1782240004
|gametype|doubles
|player|p1|Helix275|plasmagrunt|1000
|player|p2|forgepure2008|steven|1000
|gen|9
|tier|[Gen 9 Champions] VGC 2026 Reg M-B (Bo3)
|rated|
|rule|Species Clause: Limit one of each Pokémon
|rule|Item Clause: Limit 1 of each item
|clearpoke
|poke|p1|Floette-Eternal, L50, F|
|poke|p1|Basculegion, L50, M, shiny|
|poke|p1|Whimsicott, L50, F, shiny|
|poke|p1|Garchomp, L50, F|
|poke|p1|Aegislash, L50, F, shiny|
|poke|p1|Incineroar, L50, F|
|poke|p2|Whimsicott, L50, F, shiny|
|poke|p2|Blaziken, L50, M, shiny|
|poke|p2|Swampert, L50, M, shiny|
|poke|p2|Sceptile, L50, M, shiny|
|poke|p2|Raichu, L50, M, shiny|
|poke|p2|Metagross, L50, shiny|
|teampreview|4
|showteam|p1|Floette-Eternal||Floettite|FlowerVeil|Moonblast,DazzlingGleam,CalmMind,Protect|Modest||F|||50|]Basculegion||ChoiceScarf|Adaptability|WaveCrash,AquaJet,FlipTurn,LastRespects|Jolly||M|||50|]Whimsicott||FocusSash|Prankster|Encore,Tailwind,Moonblast,Protect|Calm||F|||50|]Garchomp||SoftSand|RoughSkin|Earthquake,Outrage,PoisonJab,RockTomb|Jolly||F|||50|]Aegislash||Leftovers|StanceChange|Poltergeist,ShadowSneak,KingsShield,SacredSword|Adamant||F|||50|]Incineroar||SitrusBerry|Intimidate|FakeOut,PartingShot,FlareBlitz,ThroatChop|Careful||F|||50|
|showteam|p2|Whimsicott||FocusSash|Prankster|Moonblast,Tailwind,Protect,Encore|Timid||F|||50|]Blaziken||LifeOrb|SpeedBoost|FlareBlitz,Coaching,Detect,CloseCombat|Adamant||M|||50|]Swampert||ChoiceScarf|Torrent|StompingTantrum,Liquidation,KnockOff,IcePunch|Jolly||M|||50|]Sceptile||MiracleSeed|Overgrow|GigaDrain,DragonPulse,Detect,EarthPower|Timid||M|||50|]Raichu||RaichuniteY|LightningRod|ZapCannon,FocusBlast,Protect,DazzlingGleam|Timid||M|||50|]Metagross||Metagrossite|ClearBody|BulletPunch,PsychicFangs,Protect,IcePunch|Jolly|||||50|
|inactive|Battle timer is ON: inactive players will automatically lose when time's up. (requested by forgepure2008)
|inactive|forgepure2008 has 60 seconds left.
|
|t:|1782240054
|teamsize|p1|4
|teamsize|p2|4
|start
|switch|p1a: Whimsicott|Whimsicott, L50, F, shiny|100/100
|switch|p1b: Incineroar|Incineroar, L50, F|100/100
|switch|p2a: Chaos|Whimsicott, L50, F, shiny|100/100
|switch|p2b: Metagross|Metagross, L50, shiny|100/100
|-ability|p1b: Incineroar|Intimidate|boost
|-unboost|p2a: Chaos|atk|1
|-fail|p2b: Metagross|unboost|[from] ability: Clear Body|[of] p2b: Metagross
|turn|1
|
|t:|1782240076
|detailschange|p2b: Metagross|Metagross-Mega, L50, shiny
|-mega|p2b: Metagross|Metagross|Metagrossite
|move|p2b: Metagross|Protect|p2b: Metagross
|-singleturn|p2b: Metagross|Protect
|move|p1b: Incineroar|Fake Out|p2b: Metagross
|-activate|p2b: Metagross|move: Protect
|move|p2a: Chaos|Tailwind|p2a: Chaos
|-sidestart|p2: forgepure2008|move: Tailwind
|move|p1a: Whimsicott|Tailwind|p1a: Whimsicott
|-sidestart|p1: Helix275|move: Tailwind
|
|upkeep
|turn|2
|
|t:|1782240093
|switch|p2b: The First|Blaziken, L50, M, shiny|100/100
|move|p1a: Whimsicott|Protect|p1a: Whimsicott
|-singleturn|p1a: Whimsicott|Protect
|move|p2a: Chaos|Encore|p1a: Whimsicott
|-activate|p1a: Whimsicott|move: Protect
|move|p1b: Incineroar|Flare Blitz|p2a: Chaos
|-supereffective|p2a: Chaos|1
|-enditem|p2a: Chaos|Focus Sash
|-damage|p2a: Chaos|1/100
|-damage|p1b: Incineroar|77/100|[from] Recoil
|
|upkeep
|turn|3
|inactive|Helix275 has 30 seconds left.
|inactive|Helix275 has 20 seconds left.
|inactive|Helix275 has 15 seconds left.
|
|t:|1782240134
|move|p2a: Chaos|Encore|p1a: Whimsicott
|-start|p1a: Whimsicott|Encore
|move|p1a: Whimsicott|Protect||[still]
|-fail|p1a: Whimsicott
|move|p2b: The First|Close Combat|p1b: Incineroar
|-supereffective|p1b: Incineroar|1
|-damage|p1b: Incineroar|0 fnt
|-unboost|p2b: The First|def|1
|-unboost|p2b: The First|spd|1
|faint|p1b: Incineroar
|-damage|p2b: The First|90/100|[from] item: Life Orb
|
|-ability|p2b: The First|Speed Boost|boost
|-boost|p2b: The First|spe|1
|upkeep
|
|t:|1782240149
|switch|p1b: Garchomp|Garchomp, L50, F|100/100
|turn|4
|
|t:|1782240158
|move|p1a: Whimsicott|Protect|p1a: Whimsicott
|-singleturn|p1a: Whimsicott|Protect
|move|p2b: The First|Close Combat|p1b: Garchomp
|-damage|p1b: Garchomp|8/100
|-unboost|p2b: The First|def|1
|-unboost|p2b: The First|spd|1
|-damage|p2b: The First|78/100|[from] ability: Rough Skin|[of] p1b: Garchomp
|-damage|p2b: The First|68/100|[from] item: Life Orb
|move|p2a: Chaos|Moonblast|p1b: Garchomp
|-supereffective|p1b: Garchomp|1
|-damage|p1b: Garchomp|0 fnt
|faint|p1b: Garchomp
|
|-sideend|p2: forgepure2008|move: Tailwind
|-sideend|p1: Helix275|move: Tailwind
|-ability|p2b: The First|Speed Boost|boost
|-boost|p2b: The First|spe|1
|upkeep
|
|t:|1782240173
|switch|p1b: Floette|Floette-Eternal, L50, F|100/100
|turn|5
|
|t:|1782240185
|detailschange|p1b: Floette|Floette-Mega, L50, F
|-mega|p1b: Floette|Floette|Floettite
|-ability|p1b: Floette|Fairy Aura
|move|p1a: Whimsicott|Protect|p1a: Whimsicott
|-singleturn|p1a: Whimsicott|Protect
|move|p1b: Floette|Protect|p1b: Floette
|-singleturn|p1b: Floette|Protect
|move|p2a: Chaos|Encore|p1a: Whimsicott
|-activate|p1a: Whimsicott|move: Protect
|move|p2b: The First|Flare Blitz|p1b: Floette
|-activate|p1b: Floette|move: Protect
|
|-end|p1a: Whimsicott|Encore
|-ability|p2b: The First|Speed Boost|boost
|-boost|p2b: The First|spe|1
|upkeep
|turn|6
|inactive|Helix275 has 30 seconds left.
|
|t:|1782240217
|move|p2a: Chaos|Encore|p1b: Floette
|-start|p1b: Floette|Encore
|move|p1b: Floette|Protect|p1b: Floette
|-singleturn|p1b: Floette|Protect
|move|p1a: Whimsicott|Tailwind|p1a: Whimsicott
|-sidestart|p1: Helix275|move: Tailwind
|move|p2b: The First|Flare Blitz|p1a: Whimsicott
|-supereffective|p1a: Whimsicott|1
|-enditem|p1a: Whimsicott|Focus Sash
|-damage|p1a: Whimsicott|1/100
|-damage|p2b: The First|33/100|[from] Recoil
|-damage|p2b: The First|24/100|[from] item: Life Orb
|
|-ability|p2b: The First|Speed Boost|boost
|-boost|p2b: The First|spe|1
|upkeep
|turn|7
|inactive|Helix275 has 30 seconds left.
|
|t:|1782240243
|move|p1a: Whimsicott|Protect|p1a: Whimsicott
|-singleturn|p1a: Whimsicott|Protect
|move|p1b: Floette|Protect||[still]
|-fail|p1b: Floette
|move|p2a: Chaos|Tailwind|p2a: Chaos
|-sidestart|p2: forgepure2008|move: Tailwind
|move|p2b: The First|Flare Blitz|p1b: Floette
|-damage|p1b: Floette|0 fnt
|faint|p1b: Floette
|-damage|p2b: The First|0 fnt|[from] Recoil
|faint|p2b: The First
|
|upkeep
|
|t:|1782240250
|switch|p2b: Metagross|Metagross-Mega, L50, shiny|100/100
|turn|8
|
|t:|1782240260
|move|p2b: Metagross|Bullet Punch|p1a: Whimsicott
|-supereffective|p1a: Whimsicott|1
|-damage|p1a: Whimsicott|0 fnt
|faint|p1a: Whimsicott
|
|win|forgepure2008
||Helix275 is ready for game 2.
