|j|☆LOArmarouge
|j|☆Zurneus
|html|LOArmarougeZurneus    
|uhtml|bestof|Game 1 of a best-of-3
|t:|1756187249
|gametype|doubles
|player|p1|LOArmarouge|101|1235
|player|p2|Zurneus|silver|1192
|gen|9
|tier|[Gen 9] VGC 2025 Reg H (Bo3)
|rated|
|rule|Species Clause: Limit one of each Pokémon
|rule|Item Clause: Limit 1 of each item
|clearpoke
|poke|p1|Porygon2, L50|
|poke|p1|Ursaluna, L50, F|
|poke|p1|Amoonguss, L50, F|
|poke|p1|Gholdengo, L50|
|poke|p1|Incineroar, L50, M|
|poke|p1|Mienshao, L50, M|
|poke|p2|Gyarados, L50, M|
|poke|p2|Indeedee, L50, M|
|poke|p2|Volcarona, L50, M|
|poke|p2|Excadrill, L50, M|
|poke|p2|Amoonguss, L50, M|
|poke|p2|Tyranitar, L50, F|
|teampreview|4
|showteam|p1|Porygon2||Eviolite|Download|TeraBlast,IceBeam,TrickRoom,Recover||||||50|,,,,,Fighting]Ursaluna||FlameOrb|Guts|Facade,HeadlongRush,Earthquake,Protect|||F|||50|,,,,,Ghost]Amoonguss||CovertCloak|Regenerator|PollenPuff,RagePowder,Spore,Protect|||F|||50|,,,,,Water]Gholdengo||LifeOrb|GoodasGold|MakeItRain,ShadowBall,NastyPlot,Protect||||||50|,,,,,Dragon]Incineroar||SafetyGoggles|Intimidate|FakeOut,KnockOff,FlareBlitz,PartingShot|||M|||50|,,,,,Ghost]Mienshao||FocusSash|InnerFocus|CloseCombat,KnockOff,FakeOut,Feint|||M|||50|,,,,,Stellar
|showteam|p2|Gyarados||SafetyGoggles|Intimidate|Taunt,ThunderWave,Waterfall,Protect|||M|||50|,,,,,Steel]Indeedee||ChoiceScarf|PsychicSurge|DazzlingGleam,TeraBlast,Trick,ExpandingForce|||M|||50|,,,,,Psychic]Volcarona||LifeOrb|FlameBody|HeatWave,Tailwind,TeraBlast,Protect|||M|||50|,,,,,Fairy]Excadrill||ClearAmulet|SandRush|Protect,Earthquake,HighHorsepower,IronHead|||M|||50|,,,,,Ghost]Amoonguss||SitrusBerry|Regenerator|Protect,ClearSmog,RagePowder,Spore|||M|||50|,,,,,Water]Tyranitar||AssaultVest|SandStream|LowKick,TeraBlast,KnockOff,RockSlide|||F|||50|,,,,,Flying
|
|t:|1756187300
|teamsize|p1|4
|teamsize|p2|4
|start
|switch|p1a: Mienshao|Mienshao, L50, M|100/100
|switch|p1b: Gholdengo|Gholdengo, L50|100/100
|switch|p2a: Excadrill|Excadrill, L50, M|100/100
|switch|p2b: Gyarados|Gyarados, L50, M|100/100
|-ability|p2b: Gyarados|Intimidate|boost
|-fail|p1a: Mienshao|unboost|Attack|[from] ability: Inner Focus|[of] p1a: Mienshao
|-unboost|p1b: Gholdengo|atk|1
|turn|1
|
|t:|1756187353
|-terastallize|p1b: Gholdengo|Dragon
|-terastallize|p2a: Excadrill|Ghost
|move|p2b: Gyarados|Protect|p2b: Gyarados
|-singleturn|p2b: Gyarados|Protect
|move|p1a: Mienshao|Knock Off|p2b: Gyarados
|-activate|p2b: Gyarados|move: Protect
|move|p1b: Gholdengo|Make It Rain|p2a: Excadrill|[spread] p2a
|-activate|p2b: Gyarados|move: Protect
|-damage|p2a: Excadrill|30/100
|-unboost|p1b: Gholdengo|spa|1
|-damage|p1b: Gholdengo|91/100|[from] item: Life Orb
|move|p2a: Excadrill|Earthquake|p1a: Mienshao|[spread] p1a,p1b
|-activate|p2b: Gyarados|move: Protect
|-damage|p1a: Mienshao|23/100
|-damage|p1b: Gholdengo|49/100
|
|upkeep
|turn|2
|
|t:|1756187377
|switch|p2b: Tyranitar|Tyranitar, L50, F|100/100
|-weather|Sandstorm|[from] ability: Sand Stream|[of] p2b: Tyranitar
|move|p1b: Gholdengo|Protect|p1b: Gholdengo
|-singleturn|p1b: Gholdengo|Protect
|move|p2a: Excadrill|Earthquake|p1b: Gholdengo|[spread] p2b,p1a
|-activate|p1b: Gholdengo|move: Protect
|-supereffective|p2b: Tyranitar
|-damage|p2b: Tyranitar|36/100
|-damage|p1a: Mienshao|0 fnt
|faint|p1a: Mienshao
|
|-weather|Sandstorm|[upkeep]
|-damage|p1b: Gholdengo|43/100|[from] Sandstorm
|upkeep
|
|t:|1756187392
|switch|p1a: Porygon2|Porygon2, L50|100/100
|-ability|p1a: Porygon2|Download|boost
|-boost|p1a: Porygon2|spa|1
|turn|3
|
|t:|1756187408
|switch|p2b: Gyarados|Gyarados, L50, M|100/100
|-ability|p2b: Gyarados|Intimidate|boost
|-unboost|p1a: Porygon2|atk|1
|-unboost|p1b: Gholdengo|atk|1
|move|p2a: Excadrill|Earthquake|p1a: Porygon2|[spread] p1a,p1b
|-immune|p2b: Gyarados
|-damage|p1a: Porygon2|75/100
|-damage|p1b: Gholdengo|1/100
|move|p1b: Gholdengo|Make It Rain|p2b: Gyarados|[spread] p2a,p2b
|-resisted|p2b: Gyarados
|-damage|p2a: Excadrill|0 fnt
|-damage|p2b: Gyarados|84/100
|-unboost|p1b: Gholdengo|spa|1
|faint|p2a: Excadrill
|-damage|p1b: Gholdengo|0 fnt|[from] item: Life Orb
|faint|p1b: Gholdengo
|move|p1a: Porygon2|Trick Room|p1a: Porygon2
|-fieldstart|move: Trick Room|[of] p1a: Porygon2
|
|-weather|Sandstorm|[upkeep]
|-damage|p1a: Porygon2|69/100|[from] Sandstorm
|upkeep
|
|t:|1756187432
|switch|p2a: Indeedee|Indeedee, L50, M|100/100
|switch|p1b: Ursaluna|Ursaluna, L50, F|100/100
|-fieldstart|move: Psychic Terrain|[from] ability: Psychic Surge|[of] p2a: Indeedee
|turn|4
|
|t:|1756187460
|move|p1b: Ursaluna|Protect|p1b: Ursaluna
|-singleturn|p1b: Ursaluna|Protect
|move|p1a: Porygon2|Recover|p1a: Porygon2
|-heal|p1a: Porygon2|100/100
|move|p2b: Gyarados|Thunder Wave|p1a: Porygon2
|-status|p1a: Porygon2|par
|move|p2a: Indeedee|Trick|p1b: Ursaluna
|-activate|p1b: Ursaluna|move: Protect
|
|-weather|Sandstorm|[upkeep]
|-damage|p1a: Porygon2|94/100 par|[from] Sandstorm
|-damage|p2a: Indeedee|95/100|[from] Sandstorm
|-status|p1b: Ursaluna|brn|[from] item: Flame Orb
|upkeep
|turn|5
|
|t:|1756187487
|switch|p2b: Tyranitar|Tyranitar, L50, F|36/100
|move|p1a: Porygon2|Ice Beam|p2b: Tyranitar
|-damage|p2b: Tyranitar|20/100
|move|p1b: Ursaluna|Facade|p2a: Indeedee
|-damage|p2a: Indeedee|0 fnt
|faint|p2a: Indeedee
|
|-weather|Sandstorm|[upkeep]
|-damage|p1a: Porygon2|88/100 par|[from] Sandstorm
|-damage|p1b: Ursaluna|95/100 brn|[from] brn
|upkeep
|inactive|Battle timer is ON: inactive players will automatically lose when time's up. (requested by LOArmarouge)
|
|t:|1756187500
|switch|p2a: Gyarados|Gyarados, L50, M|84/100
|-ability|p2a: Gyarados|Intimidate|boost
|-unboost|p1a: Porygon2|atk|1
|-unboost|p1b: Ursaluna|atk|1
|turn|6
|
|t:|1756187525
|move|p2a: Gyarados|Protect|p2a: Gyarados
|-singleturn|p2a: Gyarados|Protect
|move|p1a: Porygon2|Ice Beam|p2a: Gyarados
|-activate|p2a: Gyarados|move: Protect
|move|p1b: Ursaluna|Facade|p2b: Tyranitar
|-resisted|p2b: Tyranitar
|-crit|p2b: Tyranitar
|-damage|p2b: Tyranitar|0 fnt
|faint|p2b: Tyranitar
|
|-weather|none
|-damage|p1b: Ursaluna|89/100 brn|[from] brn
|upkeep
|turn|7
|-message|Zurneus forfeited.
|
|win|LOArmarouge
||Zurneus is ready for game 2.
||LOArmarouge is ready for game 2.
|uhtml|next|Next: Game 2 of 3
|l|☆LOArmarouge
|player|p1|
