|j|☆Scoseb
|j|☆Lorido
|html|ScosebLorido    
|uhtml|bestof|Game 2 of a best-of-3
|t:|1785400047
|gametype|doubles
|player|p1|Scoseb|brycenman|1302
|player|p2|Lorido|170|1326
|gen|9
|tier|[Gen 9 Champions] VGC 2026 Reg M-B (Bo3)
|rated|
|rule|Species Clause: Limit one of each Pokémon
|rule|Item Clause: Limit 1 of each item
|clearpoke
|poke|p1|Gholdengo, L50|
|poke|p1|Zoroark-Hisui, L50, M|
|poke|p1|Incineroar, L50, M|
|poke|p1|Whimsicott, L50, M|
|poke|p1|Staraptor, L50, F|
|poke|p1|Tyranitar, L50, M|
|poke|p2|Delphox, L50, M|
|poke|p2|Incineroar, L50, F|
|poke|p2|Floette-Eternal, L50, F|
|poke|p2|Kingambit, L50, F|
|poke|p2|Sinistcha, L50|
|poke|p2|Sneasler, L50, M|
|teampreview|4
|showteam|p1|Gholdengo||LifeOrb|GoodasGold|PowerGem,Protect,MakeItRain,ShadowBall|Modest|||||50|]Zoroark-Hisui||FocusSash|Illusion|Taunt,IcyWind,FakeTears,ShadowBall|Timid||M|||50|]Incineroar||SitrusBerry|Intimidate|FakeOut,PartingShot,FlareBlitz,DarkestLariat|Careful||M|||50|]Whimsicott||FairyFeather|Prankster|Moonblast,Tailwind,Charm,Encore|Modest||M|||50|]Staraptor||Staraptite|Reckless|CloseCombat,Protect,BraveBird,Roost|Jolly||F|||50|]Tyranitar||Tyranitarite|SandStream|RockSlide,KnockOff,LowKick,Protect|Adamant||M|||50|
|showteam|p2|Delphox||Delphoxite|Blaze|HeatWave,Psychic,NastyPlot,Protect|Timid||M|||50|]Incineroar||SitrusBerry|Intimidate|FlareBlitz,DarkestLariat,FakeOut,PartingShot|Careful||F|||50|]Floette-Eternal||Floettite|FlowerVeil|DazzlingGleam,DrainingKiss,CalmMind,Protect|Bold||F|||50|]Kingambit||BlackGlasses|Defiant|KowtowCleave,SuckerPunch,SwordsDance,Protect|Adamant||F|||50|]Sinistcha||OccaBerry|Hospitality|MatchaGotcha,RagePowder,TrickRoom,Protect|Bold|||||50|]Sneasler||FocusSash|PoisonTouch|CloseCombat,PoisonJab,FakeOut,QuickGuard|Jolly||M|||50|
|inactive|Battle timer is ON: inactive players will automatically lose when time's up. (requested by Scoseb)
|
|t:|1785400071
|teamsize|p1|4
|teamsize|p2|4
|start
|switch|p1a: Whimsicott|Whimsicott, L50, M|100/100
|switch|p1b: Staraptor|Staraptor, L50, F|100/100
|switch|p2a: Kingambit|Kingambit, L50, F|100/100
|switch|p2b: Sneasler|Sneasler, L50, M|100/100
|turn|1
|
|t:|1785400096
|switch|p2a: Incineroar|Incineroar, L50, F|100/100
|-ability|p2a: Incineroar|Intimidate|boost
|-unboost|p1a: Whimsicott|atk|1
|-unboost|p1b: Staraptor|atk|1
|detailschange|p1b: Staraptor|Staraptor-Mega, L50, F
|-mega|p1b: Staraptor|Staraptor|Staraptite
|move|p1a: Whimsicott|Tailwind|p1a: Whimsicott
|-sidestart|p1: Scoseb|move: Tailwind
|move|p1b: Staraptor|Close Combat|p2a: Incineroar
|-supereffective|p2a: Incineroar|1
|-damage|p2a: Incineroar|34/100
|-boost|p1b: Staraptor|def|1
|-boost|p1b: Staraptor|spd|1
|-enditem|p2a: Incineroar|Sitrus Berry|[eat]
|-heal|p2a: Incineroar|59/100|[from] item: Sitrus Berry
|move|p2b: Sneasler|Poison Jab|p1a: Whimsicott
|-supereffective|p1a: Whimsicott|2
|-damage|p1a: Whimsicott|0 fnt
|faint|p1a: Whimsicott
|
|upkeep
|
|t:|1785400112
|switch|p1a: Incineroar|Incineroar, L50, M|100/100
|-ability|p1a: Incineroar|Intimidate|boost
|-unboost|p2a: Incineroar|atk|1
|-unboost|p2b: Sneasler|atk|1
|turn|2
|inactive|Lorido has 30 seconds left.
|inactive|Lorido has 20 seconds left.
|
|t:|1785400148
|move|p1a: Incineroar|Fake Out|p2b: Sneasler
|-damage|p2b: Sneasler|80/100
|move|p1b: Staraptor|Brave Bird|p2b: Sneasler
|-supereffective|p2b: Sneasler|1
|-damage|p2b: Sneasler|0 fnt
|faint|p2b: Sneasler
|-damage|p1b: Staraptor|78/100|[from] Recoil
|move|p2a: Incineroar|Parting Shot|p1a: Incineroar
|-unboost|p1a: Incineroar|atk|1
|-unboost|p1a: Incineroar|spa|1
|
|t:|1785400158
|switch|p2a: Floette|Floette-Eternal, L50, F|100/100|[from] Parting Shot
|
|upkeep
|
|t:|1785400162
|switch|p2b: Incineroar|Incineroar, L50, F|59/100
|-ability|p2b: Incineroar|Intimidate|boost
|-unboost|p1a: Incineroar|atk|1
|-boost|p1b: Staraptor|atk|1
|turn|3
|
|t:|1785400178
|detailschange|p2a: Floette|Floette-Mega, L50, F
|-mega|p2a: Floette|Floette|Floettite
|-ability|p2a: Floette|Fairy Aura
|move|p1b: Staraptor|Protect|p1b: Staraptor
|-singleturn|p1b: Staraptor|Protect
|move|p2b: Incineroar|Fake Out|p1a: Incineroar
|-damage|p1a: Incineroar|90/100
|cant|p1a: Incineroar|flinch
|move|p2a: Floette|Draining Kiss|p1b: Staraptor
|-activate|p1b: Staraptor|move: Protect
|
|upkeep
|turn|4
|
|t:|1785400194
|move|p1b: Staraptor|Close Combat|p2b: Incineroar
|-supereffective|p2b: Incineroar|1
|-damage|p2b: Incineroar|0 fnt
|-boost|p1b: Staraptor|def|1
|-boost|p1b: Staraptor|spd|1
|faint|p2b: Incineroar
|move|p1a: Incineroar|Parting Shot|p2a: Floette
|-unboost|p2a: Floette|atk|1
|-unboost|p2a: Floette|spa|1
|
|t:|1785400201
|switch|p1a: Tyranitar|Tyranitar, L50, M|100/100|[from] Parting Shot
|-weather|Sandstorm|[from] ability: Sand Stream|[of] p1a: Tyranitar
|move|p2a: Floette|Dazzling Gleam|p1a: Tyranitar|[spread] p1a,p1b
|-supereffective|p1a: Tyranitar|1
|-supereffective|p1b: Staraptor|1
|-damage|p1a: Tyranitar|62/100
|-damage|p1b: Staraptor|52/100
|
|-weather|Sandstorm|[upkeep]
|-damage|p1b: Staraptor|46/100|[from] Sandstorm
|-damage|p2a: Floette|94/100|[from] Sandstorm
|-sideend|p1: Scoseb|move: Tailwind
|upkeep
|
|t:|1785400215
|switch|p2b: Kingambit|Kingambit, L50, F|100/100
|turn|5
|
|t:|1785400226
|move|p2b: Kingambit|Sucker Punch|p1b: Staraptor
|-resisted|p1b: Staraptor|1
|-damage|p1b: Staraptor|36/100
|move|p1b: Staraptor|Brave Bird|p2a: Floette
|-damage|p2a: Floette|44/100
|-damage|p1b: Staraptor|21/100|[from] Recoil
|move|p2a: Floette|Dazzling Gleam|p1a: Tyranitar|[spread] p1a,p1b
|-supereffective|p1a: Tyranitar|1
|-supereffective|p1b: Staraptor|1
|-damage|p1a: Tyranitar|25/100
|-damage|p1b: Staraptor|0 fnt
|faint|p1b: Staraptor
|move|p1a: Tyranitar|Rock Slide|p2b: Kingambit|[spread] p2a,p2b
|-resisted|p2b: Kingambit|1
|-damage|p2a: Floette|19/100
|-damage|p2b: Kingambit|87/100
|
|-weather|Sandstorm|[upkeep]
|-damage|p2a: Floette|13/100|[from] Sandstorm
|upkeep
|
|t:|1785400241
|switch|p1b: Incineroar|Incineroar, L50, M|90/100
|-ability|p1b: Incineroar|Intimidate|boost
|-unboost|p2a: Floette|atk|1
|-unboost|p2b: Kingambit|atk|1
|-ability|p2b: Kingambit|Defiant|boost
|-boost|p2b: Kingambit|atk|2
|turn|6
|
|t:|1785400250
|move|p2a: Floette|Protect|p2a: Floette
|-singleturn|p2a: Floette|Protect
|move|p1b: Incineroar|Fake Out|p2a: Floette
|-activate|p2a: Floette|move: Protect
|move|p1a: Tyranitar|Low Kick|p2b: Kingambit
|-supereffective|p2b: Kingambit|2
|-damage|p2b: Kingambit|0 fnt
|faint|p2b: Kingambit
|
|-weather|Sandstorm|[upkeep]
|-damage|p2a: Floette|8/100|[from] Sandstorm
|-damage|p1b: Incineroar|84/100|[from] Sandstorm
|upkeep
|turn|7
|
|t:|1785400263
|move|p1a: Tyranitar|Protect|p1a: Tyranitar
|-singleturn|p1a: Tyranitar|Protect
|move|p2a: Floette|Draining Kiss|p1a: Tyranitar
|-activate|p1a: Tyranitar|move: Protect
|move|p1b: Incineroar|Flare Blitz|p2a: Floette
|-damage|p2a: Floette|0 fnt
|faint|p2a: Floette
|-damage|p1b: Incineroar|82/100|[from] Recoil
|
|win|Scoseb
