|j|☆LostInCalabria
|j|☆ivanpexa
|html|LostInCalabriaivanpexa    
|uhtml|bestof|Game 3 of a best-of-3
|t:|1786187580
|gametype|doubles
|player|p1|LostInCalabria|shadowtriad|1111
|player|p2|ivanpexa|170|1099
|gen|9
|tier|[Gen 9 Champions] VGC 2026 Reg M-B (Bo3)
|rated|
|rule|Species Clause: Limit one of each Pokémon
|rule|Item Clause: Limit 1 of each item
|clearpoke
|poke|p1|Delphox, L50, F|
|poke|p1|Clefable, L50, F|
|poke|p1|Meowscarada, L50, M|
|poke|p1|Staraptor, L50, F|
|poke|p1|Araquanid, L50, M|
|poke|p1|Luxray, L50, M|
|poke|p2|Sinistcha, L50|
|poke|p2|Kingambit, L50, F|
|poke|p2|Sneasler, L50, M|
|poke|p2|Floette-Eternal, L50, F|
|poke|p2|Delphox, L50, M|
|poke|p2|Incineroar, L50, M|
|teampreview|4
|showteam|p1|Delphox||Delphoxite|Blaze|Psyshock,HeatWave,CalmMind,Protect|Timid||F|||50|]Clefable||SitrusBerry|Unaware|AlluringVoice,FollowMe,LifeDew,Protect|Bold||F|||50|]Meowscarada||ChoiceScarf|Protean|Uturn,FlowerTrick,LowKick,TripleAxel|Jolly||M|||50|]Staraptor||Staraptite|Intimidate|CloseCombat,BraveBird,Tailwind,Protect|Jolly||F|||50|]Araquanid||Leftovers|WaterBubble|Liquidation,Protect,IcyWind,WideGuard|Sassy||M|||50|]Luxray||ShucaBerry|Intimidate|WildCharge,HelpingHand,BabyDollEyes,Protect|Adamant||M|||50|
|showteam|p2|Sinistcha||KasibBerry|Hospitality|MatchaGotcha,RagePowder,TrickRoom,Protect|Relaxed|||||50|]Kingambit||BlackGlasses|Defiant|KowtowCleave,SuckerPunch,SwordsDance,Protect|Adamant||F|||50|]Sneasler||FocusSash|PoisonTouch|FakeOut,CloseCombat,DireClaw,QuickGuard|Jolly||M|||50|]Floette-Eternal||Floettite|FlowerVeil|Moonblast,DazzlingGleam,CalmMind,Protect|Modest||F|||50|]Delphox||Delphoxite|Blaze|HeatWave,Psyshock,NastyPlot,Protect|Timid||M|||50|]Incineroar||SitrusBerry|Intimidate|FlareBlitz,FakeOut,PartingShot,ThroatChop|Careful||M|||50|
|inactive|Battle timer is ON: inactive players will automatically lose when time's up. (requested by ivanpexa)
|inactive|LostInCalabria has 60 seconds left.
|
|t:|1786187628
|teamsize|p1|4
|teamsize|p2|4
|start
|switch|p1a: Delphox|Delphox, L50, F|100/100
|switch|p1b: Clefable|Clefable, L50, F|100/100
|switch|p2a: Sneasler|Sneasler, L50, M|100/100
|switch|p2b: Floette|Floette-Eternal, L50, F|100/100
|turn|1
|
|t:|1786187651
|detailschange|p1a: Delphox|Delphox-Mega, L50, F
|-mega|p1a: Delphox|Delphox|Delphoxite
|detailschange|p2b: Floette|Floette-Mega, L50, F
|-mega|p2b: Floette|Floette|Floettite
|-ability|p2b: Floette|Fairy Aura
|move|p2a: Sneasler|Fake Out|p1a: Delphox
|-damage|p1a: Delphox|85/100
|cant|p1a: Delphox|flinch
|move|p2b: Floette|Calm Mind|p2b: Floette
|-boost|p2b: Floette|spa|1
|-boost|p2b: Floette|spd|1
|move|p1b: Clefable|Alluring Voice|p2b: Floette
|-damage|p2b: Floette|69/100
|-start|p2b: Floette|confusion
|
|upkeep
|turn|2
|inactive|LostInCalabria has 30 seconds left.
|inactive|ivanpexa has 30 seconds left.
|inactive|ivanpexa has 20 seconds left.
|
|t:|1786187691
|move|p1b: Clefable|Follow Me|p1b: Clefable
|-singleturn|p1b: Clefable|move: Follow Me
|move|p1a: Delphox|Calm Mind|p1a: Delphox
|-boost|p1a: Delphox|spa|1
|-boost|p1a: Delphox|spd|1
|move|p2a: Sneasler|Dire Claw|p1b: Clefable
|-supereffective|p1b: Clefable|1
|-damage|p1b: Clefable|41/100
|-enditem|p1b: Clefable|Sitrus Berry|[eat]
|-heal|p1b: Clefable|66/100|[from] item: Sitrus Berry
|-activate|p2b: Floette|confusion
|move|p2b: Floette|Moonblast|p1b: Clefable
|-damage|p1b: Clefable|4/100
|
|upkeep
|turn|3
|inactive|LostInCalabria has 30 seconds left.
|inactive|LostInCalabria has 20 seconds left.
|
|t:|1786187729
|move|p1a: Delphox|Psyshock|p2b: Floette
|-damage|p2b: Floette|0 fnt
|faint|p2b: Floette
|move|p2a: Sneasler|Dire Claw|p1a: Delphox
|-damage|p1a: Delphox|44/100
|-status|p1a: Delphox|par
|move|p1b: Clefable|Alluring Voice|p2a: Sneasler
|-damage|p2a: Sneasler|62/100
|
|upkeep
|
|t:|1786187737
|switch|p2b: Incineroar|Incineroar, L50, M|100/100
|-ability|p2b: Incineroar|Intimidate|boost
|-unboost|p1a: Delphox|atk|1
|-unboost|p1b: Clefable|atk|1
|turn|4
|
|t:|1786187762
|move|p1a: Delphox|Protect|p1a: Delphox
|-singleturn|p1a: Delphox|Protect
|move|p2a: Sneasler|Dire Claw|p1b: Clefable
|-supereffective|p1b: Clefable|1
|-damage|p1b: Clefable|0 fnt
|faint|p1b: Clefable
|move|p2b: Incineroar|Throat Chop|p1a: Delphox
|-activate|p1a: Delphox|move: Protect
|
|upkeep
|
|t:|1786187784
|switch|p1b: Araquanid|Araquanid, L50, M|100/100
|turn|5
|inactive|LostInCalabria has 30 seconds left.
|inactive|ivanpexa has 30 seconds left.
|inactive|LostInCalabria has 20 seconds left.
|inactive|LostInCalabria has 15 seconds left.
|
|t:|1786187826
|switch|p2b: Sinistcha|Sinistcha, L50|100/100
|-heal|p2a: Sneasler|87/100|[from] ability: Hospitality|[of] p2b: Sinistcha
|move|p1a: Delphox|Protect|p1a: Delphox
|-singleturn|p1a: Delphox|Protect
|move|p2a: Sneasler|Close Combat|p1a: Delphox
|-activate|p1a: Delphox|move: Protect
|move|p1b: Araquanid|Liquidation|p2b: Sinistcha
|-resisted|p2b: Sinistcha|1
|-damage|p2b: Sinistcha|77/100
|
|upkeep
|turn|6
|
|t:|1786187855
|switch|p2b: Incineroar|Incineroar, L50, M|100/100
|-ability|p2b: Incineroar|Intimidate|boost
|-unboost|p1a: Delphox|atk|1
|-unboost|p1b: Araquanid|atk|1
|move|p2a: Sneasler|Dire Claw|p1a: Delphox
|-damage|p1a: Delphox|3/100 par
|move|p1a: Delphox|Heat Wave|p2a: Sneasler|[spread] p2a,p2b
|-resisted|p2b: Incineroar|1
|-damage|p2a: Sneasler|5/100
|-damage|p2b: Incineroar|71/100
|move|p1b: Araquanid|Liquidation|p2a: Sneasler
|-damage|p2a: Sneasler|0 fnt
|faint|p2a: Sneasler
|
|upkeep
|
|t:|1786187862
|switch|p2a: Sinistcha|Sinistcha, L50|77/100
|-heal|p2b: Incineroar|95/100|[from] ability: Hospitality|[of] p2a: Sinistcha
|turn|7
|
|t:|1786187885
|move|p2b: Incineroar|Fake Out|p1b: Araquanid
|-damage|p1b: Araquanid|90/100
|move|p1a: Delphox|Heat Wave|p2a: Sinistcha|[spread] p2a,p2b
|-supereffective|p2a: Sinistcha|1
|-resisted|p2b: Incineroar|1
|-damage|p2a: Sinistcha|0 fnt
|-damage|p2b: Incineroar|67/100
|faint|p2a: Sinistcha
|cant|p1b: Araquanid|flinch
|
|-heal|p1b: Araquanid|96/100|[from] item: Leftovers
|upkeep
|turn|8
|-message|ivanpexa forfeited.
|
|win|LostInCalabria
|raw|LostInCalabria's rating: 1111 → 1135(+24 for winning)
|raw|ivanpexa's rating: 1099 → 1075(-24 for losing)
|l|☆ivanpexa
|player|p2|
