|j|☆endras125
|j|☆epkiller34321
|html|endras125epkiller34321    
|uhtml|bestof|Game 1 of a best-of-3
|t:|1784675598
|gametype|doubles
|player|p1|endras125|170|
|player|p2|epkiller34321|101|
|gen|9
|tier|[Gen 9 Champions] VGC 2026 Reg M-B (Bo3)
|rule|Species Clause: Limit one of each Pokémon
|rule|Item Clause: Limit 1 of each item
|clearpoke
|poke|p1|Sneasler, L50, M|
|poke|p1|Froslass, L50, F|
|poke|p1|Whimsicott, L50, F|
|poke|p1|Scovillain, L50, M|
|poke|p1|Empoleon, L50, M|
|poke|p1|Skarmory, L50, M|
|poke|p2|Tinkaton, L50, F|
|poke|p2|Infernape, L50, F|
|poke|p2|Conkeldurr, L50, F|
|poke|p2|Blastoise, L50, M|
|poke|p2|Toxicroak, L50, M|
|poke|p2|Tyranitar, L50, F|
|teampreview|4
|showteam|p1|Sneasler||FocusSash|PoisonTouch|CloseCombat,DireClaw,FakeOut,QuickGuard|Jolly||M|||50|]Froslass||Froslassite|SnowCloak|AuroraVeil,Blizzard,Protect,ShadowBall|Timid||F|||50|]Whimsicott||SitrusBerry|Prankster|Encore,Moonblast,Protect,Tailwind|Timid||F|||50|]Scovillain||Scovillainite|Chlorophyll|GigaDrain,Overheat,Protect,RagePowder|Adamant||M|||50|]Empoleon||Leftovers|Competitive|FlashCannon,GrassKnot,HydroPump,Protect|Modest||M|||50|]Skarmory||WhiteHerb|WeakArmor|DualWingbeat,IronHead,Protect,SwordsDance|Adamant||M|||50|
|showteam|p2|Tinkaton||MetalCoat|OwnTempo|FakeOut,GigatonHammer,PlayRough,Protect|Jolly||F|||50|]Infernape||Charcoal|Blaze|Encore,FakeOut,Overheat,Protect|Jolly||F|||50|]Conkeldurr||BlackBelt|IronFist|DrainPunch,MachPunch,Protect,ThunderPunch|Brave||F|||50|]Blastoise||Blastoisinite|RainDish|ShellSmash,WaterSpout,DarkPulse,Protect|Modest||M|||50|]Toxicroak||ScopeLens|PoisonTouch|CloseCombat,CrossPoison,FakeOut,Feint|Jolly||M|||50|]Tyranitar||Tyranitarite|SandStream|StealthRock,KnockOff,RockBlast,Earthquake|Careful||F|||50|
|
|t:|1784675725
|teamsize|p1|4
|teamsize|p2|4
|start
|switch|p1a: Sneasler|Sneasler, L50, M|100/100
|switch|p1b: Whimsicott|Whimsicott, L50, F|100/100
|switch|p2a: Infernape|Infernape, L50, F|100/100
|switch|p2b: Tyranitar|Tyranitar, L50, F|100/100
|-weather|Sandstorm|[from] ability: Sand Stream|[of] p2b: Tyranitar
|turn|1
|
|t:|1784675811
|move|p1a: Sneasler|Fake Out|p2b: Tyranitar
|-resisted|p2b: Tyranitar|1
|-damage|p2b: Tyranitar|94/100
|move|p1b: Whimsicott|Tailwind|p1b: Whimsicott
|-sidestart|p1: endras125|move: Tailwind
|move|p2a: Infernape|Overheat|p1b: Whimsicott
|-supereffective|p1b: Whimsicott|1
|-damage|p1b: Whimsicott|0 fnt
|-unboost|p2a: Infernape|spa|2
|faint|p1b: Whimsicott
|cant|p2b: Tyranitar|flinch
|
|-weather|Sandstorm|[upkeep]
|-damage|p1a: Sneasler|94/100|[from] Sandstorm
|-damage|p2a: Infernape|94/100|[from] Sandstorm
|upkeep
|
|t:|1784675863
|switch|p1b: Skarmory|Skarmory, L50, M|100/100
|turn|2
|
|t:|1784675890
|move|p1a: Sneasler|Close Combat|p2b: Tyranitar
|-supereffective|p2b: Tyranitar|2
|-damage|p2b: Tyranitar|0 fnt
|-unboost|p1a: Sneasler|def|1
|-unboost|p1a: Sneasler|spd|1
|faint|p2b: Tyranitar
|move|p1b: Skarmory|Dual Wingbeat|p2a: Infernape
|-supereffective|p2a: Infernape|1
|-damage|p2a: Infernape|41/100
|-supereffective|p2a: Infernape|1
|-damage|p2a: Infernape|0 fnt
|faint|p2a: Infernape
|-hitcount|p2: Infernape|2
|
|-weather|Sandstorm|[upkeep]
|-damage|p1a: Sneasler|88/100|[from] Sandstorm
|upkeep
|
|t:|1784675904
|switch|p2a: Toxicroak|Toxicroak, L50, M|100/100
|switch|p2b: Tinkaton|Tinkaton, L50, F|100/100
|turn|3
|
|t:|1784675969
|move|p1a: Sneasler|Close Combat|p2b: Tinkaton
|-damage|p2b: Tinkaton|16/100
|-unboost|p1a: Sneasler|def|1
|-unboost|p1a: Sneasler|spd|1
|move|p1b: Skarmory|Dual Wingbeat|p2a: Toxicroak
|-supereffective|p2a: Toxicroak|1
|-damage|p2a: Toxicroak|42/100
|-supereffective|p2a: Toxicroak|1
|-damage|p2a: Toxicroak|0 fnt
|faint|p2a: Toxicroak
|-hitcount|p2: Toxicroak|2
|move|p2b: Tinkaton|Gigaton Hammer|p1b: Skarmory
|-resisted|p1b: Skarmory|1
|-damage|p1b: Skarmory|70/100
|-ability|p1b: Skarmory|Weak Armor|boost
|-unboost|p1b: Skarmory|def|1
|-boost|p1b: Skarmory|spe|2
|-enditem|p1b: Skarmory|White Herb
|-clearnegativeboost|p1b: Skarmory|[silent]
|
|-weather|Sandstorm|[upkeep]
|-damage|p1a: Sneasler|82/100|[from] Sandstorm
|upkeep
|turn|4
|
|t:|1784675994
|move|p2b: Tinkaton|Protect|p2b: Tinkaton
|-singleturn|p2b: Tinkaton|Protect
|move|p1a: Sneasler|Close Combat|p2b: Tinkaton
|-activate|p2b: Tinkaton|move: Protect
|move|p1b: Skarmory|Iron Head|p2b: Tinkaton
|-activate|p2b: Tinkaton|move: Protect
|
|-weather|Sandstorm|[upkeep]
|-damage|p1a: Sneasler|77/100|[from] Sandstorm
|-sideend|p1: endras125|move: Tailwind
|upkeep
|turn|5
|
|t:|1784676006
|move|p1a: Sneasler|Close Combat|p2b: Tinkaton
|-damage|p2b: Tinkaton|0 fnt
|-unboost|p1a: Sneasler|def|1
|-unboost|p1a: Sneasler|spd|1
|faint|p2b: Tinkaton
|
|win|endras125
||endras125 is ready for game 2.
|inactive|epkiller34321 has 30 seconds to confirm battle start!
|inactive|epkiller34321 has 20 seconds to confirm battle start!
|inactive|epkiller34321 has 10 seconds to confirm battle start!
|l|☆epkiller34321
|player|p2|
|uhtml|next|Next: Game 2 of 3
