|j|☆DONTARIC
|j|☆Aronaldo
|html|DONTARICAronaldo    
|uhtml|bestof|Game 3 of a best-of-3
|t:|1785749634
|gametype|doubles
|player|p1|DONTARIC|265|1096
|player|p2|Aronaldo|102|1135
|gen|9
|tier|[Gen 9 Champions] VGC 2026 Reg M-B (Bo3)
|rated|
|rule|Species Clause: Limit one of each Pokémon
|rule|Item Clause: Limit 1 of each item
|clearpoke
|poke|p1|Venusaur, L50, F|
|poke|p1|Charizard, L50, F|
|poke|p1|Garchomp, L50, M|
|poke|p1|Incineroar, L50, M|
|poke|p1|Floette-Eternal, L50, F|
|poke|p1|Sinistcha, L50|
|poke|p2|Garchomp, L50, F|
|poke|p2|Tyranitar, L50, F|
|poke|p2|Farigiraf, L50, M|
|poke|p2|Annihilape, L50, M|
|poke|p2|Incineroar, L50, F|
|poke|p2|Gholdengo, L50|
|teampreview|4
|showteam|p1|Venusaur||FocusSash|Chlorophyll|SleepPowder,SludgeBomb,EarthPower,Protect|Timid||F|||50|]Charizard||CharizarditeY|Blaze|HeatWave,SolarBeam,WeatherBall,Protect|Modest||F|||50|]Garchomp||ChoiceScarf|RoughSkin|Earthquake,RockSlide,StompingTantrum,DragonClaw|Adamant||M|||50|]Incineroar||SitrusBerry|Intimidate|FakeOut,FlareBlitz,PartingShot,ThroatChop|Careful||M|||50|]Floette-Eternal||Floettite|FlowerVeil|Moonblast,DazzlingGleam,CalmMind,Protect|Modest||F|||50|]Sinistcha||KasibBerry|Hospitality|MatchaGotcha,RagePowder,TrickRoom,Protect|Relaxed|||||50|
|showteam|p2|Garchomp||Garchompite|RoughSkin|Protect,EarthPower,DracoMeteor,RockSlide|Quiet||F|||50|]Tyranitar||Tyranitarite|SandStream|DragonDance,Protect,RockSlide,KnockOff|Adamant||F|||50|]Farigiraf||SitrusBerry|ArmorTail|TrickRoom,Psychic,HelpingHand,BeatUp|Sassy||M|||50|]Annihilape||KasibBerry|Defiant|CloseCombat,Protect,RageFist,Taunt|Adamant||M|||50|]Incineroar||PasshoBerry|Intimidate|FakeOut,PartingShot,FlareBlitz,HelpingHand|Impish||F|||50|]Gholdengo||LifeOrb|GoodasGold|NastyPlot,Protect,MakeItRain,ShadowBall|Modest|||||50|
|inactive|Battle timer is ON: inactive players will automatically lose when time's up. (requested by Aronaldo)
|c|☆DONTARIC|gl
|inactive|DONTARIC has 60 seconds left.
|
|t:|1785749665
|teamsize|p1|4
|teamsize|p2|4
|start
|switch|p1a: Garchomp|Garchomp, L50, M|100/100
|switch|p1b: Charizard|Charizard, L50, F|100/100
|switch|p2a: Incineroar|Incineroar, L50, F|100/100
|switch|p2b: Farigiraf|Farigiraf, L50, M|100/100
|-ability|p2a: Incineroar|Intimidate|boost
|-unboost|p1a: Garchomp|atk|1
|-unboost|p1b: Charizard|atk|1
|turn|1
|
|t:|1785749688
|detailschange|p1b: Charizard|Charizard-Mega-Y, L50, F
|-mega|p1b: Charizard|Charizard|Charizardite Y
|-weather|SunnyDay|[from] ability: Drought|[of] p1b: Charizard
|move|p2a: Incineroar|Fake Out|p1b: Charizard
|-damage|p1b: Charizard|83/100
|move|p1a: Garchomp|Earthquake|p2b: Farigiraf|[spread] p2a,p2b
|-immune|p1b: Charizard
|-supereffective|p2a: Incineroar|1
|-crit|p2b: Farigiraf
|-damage|p2a: Incineroar|52/100
|-damage|p2b: Farigiraf|36/100
|-enditem|p2b: Farigiraf|Sitrus Berry|[eat]
|-heal|p2b: Farigiraf|61/100|[from] item: Sitrus Berry
|cant|p1b: Charizard|flinch
|move|p2b: Farigiraf|Trick Room|p2b: Farigiraf
|-fieldstart|move: Trick Room|[of] p2b: Farigiraf
|
|-weather|SunnyDay|[upkeep]
|upkeep
|turn|2
|
|t:|1785749708
|switch|p2b: Tyranitar|Tyranitar, L50, F|100/100
|-weather|Sandstorm|[from] ability: Sand Stream|[of] p2b: Tyranitar
|move|p2a: Incineroar|Parting Shot|p1a: Garchomp
|-unboost|p1a: Garchomp|atk|1
|-unboost|p1a: Garchomp|spa|1
|
|t:|1785749713
|switch|p2a: Annihilape|Annihilape, L50, M|100/100|[from] Parting Shot
|move|p1b: Charizard|Heat Wave|p2b: Tyranitar|[spread] p2a,p2b
|-resisted|p2b: Tyranitar|1
|-damage|p2a: Annihilape|59/100
|-damage|p2b: Tyranitar|85/100
|move|p1a: Garchomp|Earthquake|p2b: Tyranitar|[spread] p2a,p2b
|-immune|p1b: Charizard
|-supereffective|p2b: Tyranitar|1
|-damage|p2a: Annihilape|39/100
|-damage|p2b: Tyranitar|52/100
|
|-weather|Sandstorm|[upkeep]
|-damage|p2a: Annihilape|33/100|[from] Sandstorm
|-damage|p1b: Charizard|77/100|[from] Sandstorm
|upkeep
|turn|3
|
|t:|1785749736
|switch|p1b: Venusaur|Venusaur, L50, F|100/100
|switch|p1a: Sinistcha|Sinistcha, L50|100/100
|detailschange|p2b: Tyranitar|Tyranitar-Mega, L50, F
|-mega|p2b: Tyranitar|Tyranitar|Tyranitarite
|move|p2a: Annihilape|Rage Fist|p1a: Sinistcha
|-supereffective|p1a: Sinistcha|1
|-enditem|p1a: Sinistcha|Kasib Berry|[eat]
|-enditem|p1a: Sinistcha|Kasib Berry|[weaken]
|-damage|p1a: Sinistcha|40/100
|move|p2b: Tyranitar|Knock Off|p1a: Sinistcha
|-supereffective|p1a: Sinistcha|1
|-damage|p1a: Sinistcha|0 fnt
|faint|p1a: Sinistcha
|
|-weather|Sandstorm|[upkeep]
|-damage|p2a: Annihilape|27/100|[from] Sandstorm
|-damage|p1b: Venusaur|94/100|[from] Sandstorm
|upkeep
|
|t:|1785749751
|switch|p1a: Charizard|Charizard-Mega-Y, L50, F|77/100
|-weather|SunnyDay|[from] ability: Drought|[of] p1a: Charizard
|turn|4
|
|t:|1785749764
|move|p2a: Annihilape|Rage Fist|p1b: Venusaur
|-damage|p1b: Venusaur|0 fnt
|faint|p1b: Venusaur
|move|p2b: Tyranitar|Rock Slide|p1a: Charizard
|-supereffective|p1a: Charizard|2
|-damage|p1a: Charizard|0 fnt
|faint|p1a: Charizard
|
|-weather|SunnyDay|[upkeep]
|upkeep
|n|!DONTARIC|dontaric
|inactive|DONTARIC has 30 seconds left.
|
|t:|1785749793
|switch|p1b: Garchomp|Garchomp, L50, M|100/100
|turn|5
|
|t:|1785749797
|switch|p2b: Incineroar|Incineroar, L50, F|52/100
|-ability|p2b: Incineroar|Intimidate|boost
|-unboost|p1b: Garchomp|atk|1
|move|p2a: Annihilape|Close Combat|p1b: Garchomp
|-damage|p1b: Garchomp|31/100
|-unboost|p2a: Annihilape|def|1
|-unboost|p2a: Annihilape|spd|1
|-damage|p2a: Annihilape|15/100|[from] ability: Rough Skin|[of] p1b: Garchomp
|move|p1b: Garchomp|Earthquake|p2b: Incineroar|[spread] p2a,p2b
|-supereffective|p2b: Incineroar|1
|-damage|p2a: Annihilape|0 fnt
|-damage|p2b: Incineroar|7/100
|faint|p2a: Annihilape
|
|-weather|SunnyDay|[upkeep]
|-fieldend|move: Trick Room
|upkeep
|
|t:|1785749809
|switch|p2a: Tyranitar|Tyranitar-Mega, L50, F|52/100
|-weather|Sandstorm|[from] ability: Sand Stream|[of] p2a: Tyranitar
|turn|6
|
|t:|1785749813
|switch|p2b: Farigiraf|Farigiraf, L50, M|61/100
|move|p2a: Tyranitar|Protect|p2a: Tyranitar
|-singleturn|p2a: Tyranitar|Protect
|move|p1b: Garchomp|Earthquake|p2b: Farigiraf|[spread] p2b
|-activate|p2a: Tyranitar|move: Protect
|-damage|p2b: Farigiraf|35/100
|
|-weather|Sandstorm|[upkeep]
|-damage|p2b: Farigiraf|29/100|[from] Sandstorm
|upkeep
|turn|7
|
|t:|1785749834
|move|p1b: Garchomp|Earthquake|p2a: Tyranitar|[spread] p2a,p2b
|-supereffective|p2a: Tyranitar|1
|-damage|p2a: Tyranitar|17/100
|-damage|p2b: Farigiraf|2/100
|move|p2a: Tyranitar|Knock Off|p1b: Garchomp
|-damage|p1b: Garchomp|0 fnt
|-damage|p2a: Tyranitar|5/100|[from] ability: Rough Skin|[of] p1b: Garchomp
|-enditem|p1b: Garchomp|Choice Scarf|[from] move: Knock Off|[of] p2a: Tyranitar
|faint|p1b: Garchomp
|
|win|Aronaldo
