|j|☆Yinobo
|j|☆GiBy0520
|html|YinoboGiBy0520    
|uhtml|bestof|Game 1 of a best-of-3
|t:|1785945852
|gametype|doubles
|player|p1|Yinobo|lucas|1219
|player|p2|GiBy0520|102|1294
|gen|9
|tier|[Gen 9 Champions] VGC 2026 Reg M-B (Bo3)
|rated|
|rule|Species Clause: Limit one of each Pokémon
|rule|Item Clause: Limit 1 of each item
|clearpoke
|poke|p1|Charizard, L50, M, shiny|
|poke|p1|Garchomp, L50, M, shiny|
|poke|p1|Sylveon, L50, M, shiny|
|poke|p1|Incineroar, L50, M, shiny|
|poke|p1|Toxapex, L50, F, shiny|
|poke|p1|Venusaur, L50, M, shiny|
|poke|p2|Staraptor, L50, M|
|poke|p2|Garchomp, L50, M|
|poke|p2|Whimsicott, L50, M|
|poke|p2|Delphox, L50, M|
|poke|p2|Glimmora, L50, M|
|poke|p2|Kingambit, L50, M|
|teampreview|4
|showteam|p1|Charizard||CharizarditeY|Blaze|Protect,WeatherBall,AncientPower,HeatWave|Modest||M|||50|]Garchomp||ChoiceScarf|RoughSkin|StompingTantrum,RockSlide,Earthquake,DragonClaw|Adamant||M|||50|]Sylveon||FairyFeather|Pixilate|Detect,Yawn,QuickAttack,HyperVoice|Modest||M|||50|]Incineroar||SitrusBerry|Intimidate|FlareBlitz,PartingShot,DarkestLariat,FakeOut|Impish||M|||50|]Toxapex||Leftovers|Regenerator|BanefulBunker,WideGuard,Toxic,Infestation|Bold||F|||50|]Venusaur||LifeOrb|Chlorophyll|Protect,EarthPower,SludgeBomb,LeafStorm|Modest||M|||50|
|showteam|p2|Staraptor||Staraptite|Intimidate|Protect,Roost,CloseCombat,BraveBird|Jolly||M|||50|]Garchomp||LifeOrb|RoughSkin|Protect,RockSlide,Earthquake,DragonClaw|Jolly||M|||50|]Whimsicott||OccaBerry|Prankster|Moonblast,Tailwind,Charm,LightScreen|Timid||M|||50|]Delphox||Delphoxite|Magician|Protect,Psychic,HeatWave,Substitute|Timid||M|||50|]Glimmora||FocusSash|ToxicDebris|SpikyShield,SludgeBomb,EarthPower,PowerGem|Timid||M|||50|]Kingambit||ChopleBerry|Defiant|SuckerPunch,LowKick,IronHead,KowtowCleave|Adamant||M|||50|
|inactive|Battle timer is ON: inactive players will automatically lose when time's up. (requested by Yinobo)
|j| Agentcalyrex10
|l| Agentcalyrex10
|inactive|Yinobo has 60 seconds left.
|inactive|GiBy0520 has 60 seconds left.
|inactive|Yinobo has 30 seconds left.
|inactive|Yinobo has 20 seconds left.
|inactive|Yinobo has 15 seconds left.
|inactive|Yinobo has 10 seconds left.
|
|t:|1785945934
|teamsize|p1|4
|teamsize|p2|4
|start
|switch|p1a: Toxapex|Toxapex, L50, F, shiny|100/100
|switch|p1b: Garchomp|Garchomp, L50, M, shiny|100/100
|switch|p2a: Delphox|Delphox, L50, M|100/100
|switch|p2b: Garchomp|Garchomp, L50, M|100/100
|turn|1
|inactive|Yinobo has 30 seconds left.
|
|t:|1785945967
|switch|p2b: Kingambit|Kingambit, L50, M|100/100
|switch|p1a: Incineroar|Incineroar, L50, M, shiny|100/100
|-ability|p1a: Incineroar|Intimidate|boost
|-unboost|p2a: Delphox|atk|1
|-unboost|p2b: Kingambit|atk|1
|-ability|p2b: Kingambit|Defiant|boost
|-boost|p2b: Kingambit|atk|2
|detailschange|p2a: Delphox|Delphox-Mega, L50, M
|-mega|p2a: Delphox|Delphox|Delphoxite
|move|p1b: Garchomp|Rock Slide|p2a: Delphox|[spread] p2a,p2b
|-supereffective|p2a: Delphox|1
|-resisted|p2b: Kingambit|1
|-damage|p2a: Delphox|48/100
|-damage|p2b: Kingambit|92/100
|move|p2a: Delphox|Substitute|p2a: Delphox
|-start|p2a: Delphox|Substitute
|-damage|p2a: Delphox|23/100
|
|upkeep
|turn|2
|inactive|Yinobo has 30 seconds left.
|inactive|Yinobo has 20 seconds left.
|inactive|Yinobo has 15 seconds left.
|
|t:|1785946008
|move|p1a: Incineroar|Fake Out|p2b: Kingambit
|-resisted|p2b: Kingambit|1
|-damage|p2b: Kingambit|88/100
|move|p1b: Garchomp|Rock Slide|p2b: Kingambit|[spread] p2a,p2b
|-supereffective|p2a: Delphox|1
|-end|p2a: Delphox|Substitute
|-resisted|p2b: Kingambit|1
|-damage|p2b: Kingambit|81/100
|move|p2a: Delphox|Psychic|p1b: Garchomp
|-damage|p1b: Garchomp|38/100
|cant|p2b: Kingambit|flinch
|
|upkeep
|turn|3
|inactive|Yinobo has 30 seconds left.
|
|t:|1785946034
|move|p2a: Delphox|Protect|p2a: Delphox
|-singleturn|p2a: Delphox|Protect
|move|p1b: Garchomp|Rock Slide|p2b: Kingambit|[spread] p2b
|-activate|p2a: Delphox|move: Protect
|-resisted|p2b: Kingambit|1
|-damage|p2b: Kingambit|73/100
|move|p1a: Incineroar|Flare Blitz|p2b: Kingambit
|-supereffective|p2b: Kingambit|1
|-damage|p2b: Kingambit|1/100
|-status|p2b: Kingambit|brn
|-damage|p1a: Incineroar|75/100|[from] Recoil
|move|p2b: Kingambit|Low Kick|p1a: Incineroar
|-supereffective|p1a: Incineroar|1
|-damage|p1a: Incineroar|40/100
|-enditem|p1a: Incineroar|Sitrus Berry|[eat]
|-heal|p1a: Incineroar|65/100|[from] item: Sitrus Berry
|
|-damage|p2b: Kingambit|0 fnt|[from] brn
|faint|p2b: Kingambit
|upkeep
|
|t:|1785946054
|switch|p2b: Garchomp|Garchomp, L50, M|100/100
|turn|4
|inactive|Yinobo has 30 seconds left.
|
|t:|1785946084
|move|p2a: Delphox|Protect||[still]
|-fail|p2a: Delphox
|move|p1b: Garchomp|Rock Slide|p2b: Garchomp|[spread] p2a,p2b
|-supereffective|p2a: Delphox|1
|-resisted|p2b: Garchomp|1
|-damage|p2a: Delphox|0 fnt
|-damage|p2b: Garchomp|90/100
|faint|p2a: Delphox
|cant|p2b: Garchomp|flinch
|move|p1a: Incineroar|Parting Shot|p2b: Garchomp
|-unboost|p2b: Garchomp|atk|1
|-unboost|p2b: Garchomp|spa|1
|
|t:|1785946096
|switch|p1a: Toxapex|Toxapex, L50, F, shiny|100/100|[from] Parting Shot
|
|upkeep
|
|t:|1785946103
|switch|p2a: Glimmora|Glimmora, L50, M|100/100
|turn|5
|
|t:|1785946120
|switch|p1b: Incineroar|Incineroar, L50, M, shiny|65/100
|-ability|p1b: Incineroar|Intimidate|boost
|-unboost|p2a: Glimmora|atk|1
|-unboost|p2b: Garchomp|atk|1
|move|p2b: Garchomp|Dragon Claw|p1b: Incineroar
|-damage|p1b: Incineroar|44/100
|-damage|p2b: Garchomp|80/100|[from] item: Life Orb
|move|p2a: Glimmora|Earth Power|p1a: Toxapex
|-supereffective|p1a: Toxapex|1
|-damage|p1a: Toxapex|52/100
|move|p1a: Toxapex|Toxic|p2b: Garchomp
|-status|p2b: Garchomp|tox
|
|-heal|p1a: Toxapex|58/100|[from] item: Leftovers
|-damage|p2b: Garchomp|74/100 tox|[from] psn
|upkeep
|turn|6
|inactive|Yinobo has 30 seconds left.
|inactive|Yinobo has 20 seconds left.
|inactive|Yinobo has 15 seconds left.
|
|t:|1785946160
|move|p2a: Glimmora|Spiky Shield|p2a: Glimmora
|-singleturn|p2a: Glimmora|move: Protect
|move|p2b: Garchomp|Earthquake|p1b: Incineroar|[spread] p1a,p1b
|-activate|p2a: Glimmora|move: Protect
|-supereffective|p1a: Toxapex|1
|-supereffective|p1b: Incineroar|1
|-damage|p1a: Toxapex|27/100
|-damage|p1b: Incineroar|3/100
|-damage|p2b: Garchomp|64/100 tox|[from] item: Life Orb
|move|p1b: Incineroar|Parting Shot|p2a: Glimmora
|-activate|p2a: Glimmora|move: Protect
|move|p1a: Toxapex|Infestation|p2a: Glimmora
|-activate|p2a: Glimmora|move: Protect
|-damage|p1a: Toxapex|15/100|[from] Spiky Shield|[of] p2a: Glimmora
|
|-heal|p1a: Toxapex|21/100|[from] item: Leftovers
|-damage|p2b: Garchomp|52/100 tox|[from] psn
|upkeep
|turn|7
|inactive|GiBy0520 has 30 seconds left.
|
|t:|1785946191
|switch|p1b: Charizard|Charizard, L50, M, shiny|100/100
|move|p1a: Toxapex|Baneful Bunker|p1a: Toxapex
|-singleturn|p1a: Toxapex|move: Protect
|move|p2b: Garchomp|Dragon Claw|p1b: Charizard
|-damage|p1b: Charizard|69/100
|-damage|p2b: Garchomp|42/100 tox|[from] item: Life Orb
|move|p2a: Glimmora|Earth Power|p1a: Toxapex
|-activate|p1a: Toxapex|move: Protect
|
|-heal|p1a: Toxapex|26/100|[from] item: Leftovers
|-damage|p2b: Garchomp|24/100 tox|[from] psn
|upkeep
|turn|8
|
|t:|1785946210
|-heal|p1a: Toxapex|59/100|[from] ability: Regenerator|[silent]
|switch|p1a: Incineroar|Incineroar, L50, M, shiny|3/100
|-ability|p1a: Incineroar|Intimidate|boost
|-unboost|p2a: Glimmora|atk|1
|-unboost|p2b: Garchomp|atk|1
|move|p1b: Charizard|Protect|p1b: Charizard
|-singleturn|p1b: Charizard|Protect
|move|p2b: Garchomp|Dragon Claw|p1a: Incineroar
|-damage|p1a: Incineroar|0 fnt
|faint|p1a: Incineroar
|-damage|p2b: Garchomp|14/100 tox|[from] item: Life Orb
|move|p2a: Glimmora|Power Gem|p1b: Charizard
|-activate|p1b: Charizard|move: Protect
|
|-damage|p2b: Garchomp|0 fnt|[from] psn
|faint|p2b: Garchomp
|upkeep
|
|t:|1785946231
|switch|p1a: Garchomp|Garchomp, L50, M, shiny|38/100
|turn|9
|
|t:|1785946241
|detailschange|p1b: Charizard|Charizard-Mega-Y, L50, M, shiny
|-mega|p1b: Charizard|Charizard|Charizardite Y
|-weather|SunnyDay|[from] ability: Drought|[of] p1b: Charizard
|move|p1a: Garchomp|Stomping Tantrum|p2a: Glimmora
|-supereffective|p2a: Glimmora|2
|-enditem|p2a: Glimmora|Focus Sash
|-damage|p2a: Glimmora|1/100
|-activate|p2a: Glimmora|ability: Toxic Debris
|-sidestart|p1: Yinobo|move: Toxic Spikes
|move|p2a: Glimmora|Earth Power|p1a: Garchomp
|-damage|p1a: Garchomp|4/100
|move|p1b: Charizard|Weather Ball|p2a: Glimmora
|-resisted|p2a: Glimmora|1
|-damage|p2a: Glimmora|0 fnt
|faint|p2a: Glimmora
|
|win|Yinobo
|inactive|Yinobo has 30 seconds to confirm battle start!
|inactive|GiBy0520 has 30 seconds to confirm battle start!
||GiBy0520 is ready for game 2.
|inactive|Yinobo has 20 seconds to confirm battle start!
|inactive|Yinobo has 10 seconds to confirm battle start!
||Yinobo is ready for game 2.
|uhtml|next|Next: Game 2 of 3
|l|☆GiBy0520
|player|p2|
