|j|☆odio esta reg
|j|☆gingembre230197
|html|odio esta reggingembre230197    
|uhtml|bestof|Game 1 of a best-of-3
|t:|1785505539
|gametype|doubles
|player|p1|odio esta reg|101|1130
|player|p2|gingembre230197|266|1143
|gen|9
|tier|[Gen 9 Champions] VGC 2026 Reg M-B (Bo3)
|rated|
|rule|Species Clause: Limit one of each Pokémon
|rule|Item Clause: Limit 1 of each item
|clearpoke
|poke|p1|Charizard, L50, M|
|poke|p1|Garchomp, L50, M|
|poke|p1|Incineroar, L50, M|
|poke|p1|Venusaur, L50, M|
|poke|p1|Toxapex, L50, F|
|poke|p1|Sylveon, L50, M|
|poke|p2|Charizard, L50, F, shiny|
|poke|p2|Toxapex, L50, M, shiny|
|poke|p2|Incineroar, L50, F, shiny|
|poke|p2|Whimsicott, L50, M, shiny|
|poke|p2|Basculegion, L50, M, shiny|
|poke|p2|Garchomp, L50, F, shiny|
|teampreview|4
|showteam|p1|Charizard||CharizarditeY|SolarPower|WeatherBall,HeatWave,AncientPower,Protect|Modest||M|||50|]Garchomp||ChoiceScarf|RoughSkin|RockSlide,DragonClaw,Earthquake,StompingTantrum|Adamant||M|||50|]Incineroar||SitrusBerry|Intimidate|FlareBlitz,FakeOut,DarkestLariat,PartingShot|Impish||M|||50|]Venusaur||LifeOrb|Chlorophyll|SludgeBomb,LeafStorm,EarthPower,Protect|Modest||M|||50|]Toxapex||Leftovers|Regenerator|Infestation,Toxic,WideGuard,BanefulBunker|Bold||F|||50|]Sylveon||FairyFeather|Pixilate|HyperVoice,QuickAttack,Yawn,Detect|Modest||M|||50|
|showteam|p2|Charizard||CharizarditeY|Blaze|Protect,SolarBeam,HeatWave,WeatherBall|Timid||F|||50|]Toxapex||Leftovers|Regenerator|Toxic,BanefulBunker,Infestation,WideGuard|Calm||M|||50|]Incineroar||SitrusBerry|Intimidate|FakeOut,DarkestLariat,PartingShot,FlareBlitz|Careful||F|||50|]Whimsicott||FocusSash|Prankster|Tailwind,Encore,Moonblast,HelpingHand|Timid||M|||50|]Basculegion||ChoiceScarf|Adaptability|AquaJet,WaveCrash,FlipTurn,LastRespects|Adamant||M|||50|]Garchomp||Garchompite|RoughSkin|DragonClaw,Earthquake,RockSlide,Protect|Jolly||F|||50|
|inactive|Battle timer is ON: inactive players will automatically lose when time's up. (requested by odio esta reg)
|inactive|odio esta reg has 60 seconds left.
|inactive|odio esta reg has 30 seconds left.
|
|t:|1785505608
|teamsize|p1|4
|teamsize|p2|4
|start
|switch|p1a: Charizard|Charizard, L50, M|100/100
|switch|p1b: Incineroar|Incineroar, L50, M|100/100
|switch|p2a: Toxapex|Toxapex, L50, M, shiny|100/100
|switch|p2b: big fish|Basculegion, L50, M, shiny|100/100
|-ability|p1b: Incineroar|Intimidate|boost
|-unboost|p2a: Toxapex|atk|1
|-unboost|p2b: big fish|atk|1
|turn|1
|inactive|odio esta reg has 30 seconds left.
|inactive|gingembre230197 has 30 seconds left.
|inactive|odio esta reg has 20 seconds left.
|inactive|odio esta reg has 15 seconds left.
|inactive|odio esta reg has 10 seconds left.
|
|t:|1785505656
|detailschange|p1a: Charizard|Charizard-Mega-Y, L50, M
|-mega|p1a: Charizard|Charizard|Charizardite Y
|-weather|SunnyDay|[from] ability: Drought|[of] p1a: Charizard
|move|p2a: Toxapex|Baneful Bunker|p2a: Toxapex
|-singleturn|p2a: Toxapex|move: Protect
|move|p2b: big fish|Wave Crash|p1b: Incineroar
|-supereffective|p1b: Incineroar|1
|-damage|p1b: Incineroar|60/100
|-damage|p2b: big fish|86/100|[from] Recoil
|move|p1a: Charizard|Weather Ball|p2b: big fish
|-resisted|p2b: big fish|1
|-damage|p2b: big fish|36/100
|move|p1b: Incineroar|Parting Shot|p2b: big fish
|-unboost|p2b: big fish|atk|1
|-unboost|p2b: big fish|spa|1
|
|t:|1785505668
|switch|p1b: Venusaur|Venusaur, L50, M|100/100|[from] Parting Shot
|
|-weather|SunnyDay|[upkeep]
|upkeep
|turn|2
|
|t:|1785505679
|move|p1b: Venusaur|Earth Power|p2a: Toxapex
|-supereffective|p2a: Toxapex|1
|-damage|p2a: Toxapex|38/100
|-damage|p1b: Venusaur|90/100|[from] item: Life Orb
|move|p2b: big fish|Wave Crash|p1a: Charizard
|-supereffective|p1a: Charizard|1
|-damage|p1a: Charizard|65/100
|-damage|p2b: big fish|25/100|[from] Recoil
|move|p1a: Charizard|Weather Ball|p2b: big fish
|-resisted|p2b: big fish|1
|-damage|p2b: big fish|0 fnt
|faint|p2b: big fish
|move|p2a: Toxapex|Toxic|p1a: Charizard
|-status|p1a: Charizard|tox
|
|-weather|SunnyDay|[upkeep]
|-heal|p2a: Toxapex|44/100|[from] item: Leftovers
|-damage|p1a: Charizard|59/100 tox|[from] psn
|upkeep
|
|t:|1785505696
|switch|p2b: pitch black|Garchomp, L50, F, shiny|100/100
|turn|3
|
|t:|1785505708
|switch|p1a: Incineroar|Incineroar, L50, M|60/100
|-ability|p1a: Incineroar|Intimidate|boost
|-unboost|p2a: Toxapex|atk|1
|-unboost|p2b: pitch black|atk|1
|detailschange|p2b: pitch black|Garchomp-Mega, L50, F, shiny
|-mega|p2b: pitch black|Garchomp|Garchompite
|move|p2a: Toxapex|Baneful Bunker|p2a: Toxapex
|-singleturn|p2a: Toxapex|move: Protect
|move|p1b: Venusaur|Earth Power|p2a: Toxapex
|-activate|p2a: Toxapex|move: Protect
|move|p2b: pitch black|Rock Slide|p1b: Venusaur|[spread] p1b
|-miss|p2b: pitch black|p1a: Incineroar
|-damage|p1b: Venusaur|72/100
|
|-weather|SunnyDay|[upkeep]
|-heal|p2a: Toxapex|49/100|[from] item: Leftovers
|upkeep
|turn|4
|
|t:|1785505733
|-heal|p2a: Toxapex|82/100|[from] ability: Regenerator|[silent]
|switch|p2a: too fast|Whimsicott, L50, M, shiny|100/100
|move|p1a: Incineroar|Fake Out|p2b: pitch black
|-damage|p2b: pitch black|90/100
|move|p1b: Venusaur|Earth Power|p2a: too fast
|-resisted|p2a: too fast|1
|-damage|p2a: too fast|67/100
|-damage|p1b: Venusaur|63/100|[from] item: Life Orb
|cant|p2b: pitch black|flinch
|
|-weather|SunnyDay|[upkeep]
|upkeep
|turn|5
|
|t:|1785505751
|move|p2a: too fast|Encore|p1a: Incineroar
|-hint|Since gen 7, Dark is immune to Prankster moves.
|-immune|p1a: Incineroar
|move|p1b: Venusaur|Sludge Bomb|p2a: too fast
|-supereffective|p2a: too fast|2
|-damage|p2a: too fast|0 fnt
|faint|p2a: too fast
|-damage|p1b: Venusaur|54/100|[from] item: Life Orb
|move|p2b: pitch black|Rock Slide|p1b: Venusaur|[spread] p1a,p1b
|-supereffective|p1a: Incineroar|1
|-damage|p1a: Incineroar|37/100
|-damage|p1b: Venusaur|35/100
|-enditem|p1a: Incineroar|Sitrus Berry|[eat]
|-heal|p1a: Incineroar|62/100|[from] item: Sitrus Berry
|move|p1a: Incineroar|Parting Shot|p2b: pitch black
|-unboost|p2b: pitch black|atk|1
|-unboost|p2b: pitch black|spa|1
|
|t:|1785505763
|switch|p1a: Sylveon|Sylveon, L50, M|100/100|[from] Parting Shot
|
|-weather|none
|upkeep
|
|t:|1785505770
|switch|p2a: Toxapex|Toxapex, L50, M, shiny|82/100
|turn|6
|
|t:|1785505780
|switch|p1b: Incineroar|Incineroar, L50, M|62/100
|-ability|p1b: Incineroar|Intimidate|boost
|-unboost|p2a: Toxapex|atk|1
|-unboost|p2b: pitch black|atk|1
|move|p2a: Toxapex|Baneful Bunker|p2a: Toxapex
|-singleturn|p2a: Toxapex|move: Protect
|move|p2b: pitch black|Earthquake|p1a: Sylveon|[spread] p1a,p1b
|-activate|p2a: Toxapex|move: Protect
|-supereffective|p1b: Incineroar|1
|-crit|p1b: Incineroar
|-damage|p1a: Sylveon|82/100
|-damage|p1b: Incineroar|0 fnt
|faint|p1b: Incineroar
|move|p1a: Sylveon|Hyper Voice|p2a: Toxapex|[spread] p2b
|-activate|p2a: Toxapex|move: Protect
|-supereffective|p2b: pitch black|1
|-damage|p2b: pitch black|0 fnt
|faint|p2b: pitch black
|
|-heal|p2a: Toxapex|88/100|[from] item: Leftovers
|upkeep
|
|t:|1785505796
|switch|p1b: Venusaur|Venusaur, L50, M|35/100
|turn|7
|
|t:|1785505805
|move|p1b: Venusaur|Earth Power|p2a: Toxapex
|-supereffective|p2a: Toxapex|1
|-damage|p2a: Toxapex|30/100
|-damage|p1b: Venusaur|25/100|[from] item: Life Orb
|move|p1a: Sylveon|Hyper Voice|p2a: Toxapex
|-resisted|p2a: Toxapex|1
|-damage|p2a: Toxapex|7/100
|move|p2a: Toxapex|Toxic|p1a: Sylveon
|-status|p1a: Sylveon|tox
|
|-heal|p2a: Toxapex|12/100|[from] item: Leftovers
|-damage|p1a: Sylveon|76/100 tox|[from] psn
|upkeep
|turn|8
|
|t:|1785505819
|move|p2a: Toxapex|Baneful Bunker|p2a: Toxapex
|-singleturn|p2a: Toxapex|move: Protect
|move|p1b: Venusaur|Earth Power|p2a: Toxapex
|-activate|p2a: Toxapex|move: Protect
|move|p1a: Sylveon|Hyper Voice|p2a: Toxapex
|-activate|p2a: Toxapex|move: Protect
|
|-heal|p2a: Toxapex|18/100|[from] item: Leftovers
|-damage|p1a: Sylveon|65/100 tox|[from] psn
|upkeep
|turn|9
|
|t:|1785505830
|switch|p1a: Charizard|Charizard-Mega-Y, L50, M|59/100 tox
|-weather|SunnyDay|[from] ability: Drought|[of] p1a: Charizard
|move|p2a: Toxapex|Wide Guard|p2a: Toxapex
|-singleturn|p2a: Toxapex|Wide Guard
|move|p1b: Venusaur|Earth Power|p2a: Toxapex
|-supereffective|p2a: Toxapex|1
|-damage|p2a: Toxapex|0 fnt
|faint|p2a: Toxapex
|-damage|p1b: Venusaur|16/100|[from] item: Life Orb
|
|win|odio esta reg
