|j|☆crudo de fava
|j|☆PatmonVGC
|html|crudo de favaPatmonVGC    
|uhtml|bestof|Game 2 of a best-of-3
|t:|1756562708
|gametype|doubles
|player|p1|crudo de fava|cyclist-gen4|1262
|player|p2|PatmonVGC|grusha|1147
|gen|9
|tier|[Gen 9] VGC 2025 Reg H (Bo3)
|rated|
|rule|Species Clause: Limit one of each Pokémon
|rule|Item Clause: Limit 1 of each item
|clearpoke
|poke|p1|Charizard, L50, M|
|poke|p1|Torkoal, L50, F|
|poke|p1|Porygon2, L50|
|poke|p1|Incineroar, L50, M|
|poke|p1|Jumpluff, L50, M|
|poke|p1|Ursaluna, L50, F|
|poke|p2|Tyranitar, L50, F|
|poke|p2|Lycanroc, L50, F|
|poke|p2|Gholdengo, L50|
|poke|p2|Rillaboom, L50, M|
|poke|p2|Annihilape, L50, F|
|poke|p2|Maushold, L50|
|teampreview|4
|showteam|p1|Charizard||ChoiceSpecs|SolarPower|HeatWave,Overheat,WeatherBall,AirSlash|||M|||50|,,,,,Ghost]Torkoal||EjectPack|Drought|Eruption,Overheat,HelpingHand,Protect|||F|||50|,,,,,Fire]Porygon2||Eviolite|Download|TeraBlast,IceBeam,Recover,TrickRoom||||||50|,,,,,Fighting]Incineroar||SitrusBerry|Intimidate|FlareBlitz,KnockOff,FakeOut,PartingShot|||M|||50|,,,,,Ghost]Jumpluff||CovertCloak|Chlorophyll|SleepPowder,SunnyDay,RagePowder,Tailwind|||M|||50|,,,,,Water]Ursaluna||FlameOrb|Guts|HeadlongRush,Facade,Earthquake,Protect|||F|||50|,,,,,Ghost
|showteam|p2|Tyranitar||ChoiceScarf|SandStream|RockSlide,KnockOff,TeraBlast,StoneEdge|||F|||50|,,,,,Flying]Lycanroc||FocusSash|SandRush|RockSlide,CloseCombat,PsychicFangs,Protect|||F|||50|,,,,,Fighting]Gholdengo||GrassySeed|GoodasGold|MakeItRain,ShadowBall,NastyPlot,Protect||||||50|,,,,,Water]Rillaboom||AssaultVest|GrassySurge|FakeOut,WoodHammer,GrassyGlide,HighHorsepower|||M|||50|,,,,,Fire]Annihilape||SitrusBerry|Defiant|RageFist,DrainPunch,BulkUp,Protect|||F|||50|,,,,,Water]Maushold||SafetyGoggles|FriendGuard|BeatUp,FollowMe,Taunt,Protect||||||50|,,,,,Ghost
|inactive|Battle timer is ON: inactive players will automatically lose when time's up. (requested by PatmonVGC)
|inactive|PatmonVGC has 60 seconds left.
|
|t:|1756562742
|teamsize|p1|4
|teamsize|p2|4
|start
|switch|p1a: Charizard|Charizard, L50, M|100/100
|switch|p1b: Porygon2|Porygon2, L50|100/100
|switch|p2a: Lycanroc|Lycanroc, L50, F, shiny|100/100
|switch|p2b: Annihilape|Annihilape, L50, F|100/100
|-ability|p1b: Porygon2|Download|boost
|-boost|p1b: Porygon2|atk|1
|turn|1
|inactive|crudo de fava has 30 seconds left.
|inactive|crudo de fava has 20 seconds left.
|inactive|crudo de fava has 15 seconds left.
|
|t:|1756562786
|switch|p1a: Ursaluna|Ursaluna, L50, F|100/100
|-terastallize|p2b: Annihilape|Water
|-terastallize|p1b: Porygon2|Fighting
|move|p2a: Lycanroc|Rock Slide|p1b: Porygon2|[spread] p1a,p1b
|-resisted|p1a: Ursaluna
|-resisted|p1b: Porygon2
|-damage|p1a: Ursaluna|90/100
|-damage|p1b: Porygon2|92/100
|move|p2b: Annihilape|Bulk Up|p2b: Annihilape
|-boost|p2b: Annihilape|atk|1
|-boost|p2b: Annihilape|def|1
|move|p1b: Porygon2|Trick Room|p1b: Porygon2
|-fieldstart|move: Trick Room|[of] p1b: Porygon2
|
|-status|p1a: Ursaluna|brn|[from] item: Flame Orb
|upkeep
|turn|2
|inactive|crudo de fava has 30 seconds left.
|
|t:|1756562816
|move|p2b: Annihilape|Protect|p2b: Annihilape
|-singleturn|p2b: Annihilape|Protect
|move|p2a: Lycanroc|Protect|p2a: Lycanroc
|-singleturn|p2a: Lycanroc|Protect
|move|p1b: Porygon2|Ice Beam|p2a: Lycanroc
|-activate|p2a: Lycanroc|move: Protect
|move|p1a: Ursaluna|Facade|p2a: Lycanroc
|-activate|p2a: Lycanroc|move: Protect
|
|-damage|p1a: Ursaluna|84/100 brn|[from] brn
|upkeep
|turn|3
|
|t:|1756562829
|move|p1b: Porygon2|Tera Blast|p2b: Annihilape|[anim] Tera Blast Fighting
|-damage|p2b: Annihilape|73/100
|move|p1a: Ursaluna|Facade|p2b: Annihilape
|-damage|p2b: Annihilape|0 fnt
|faint|p2b: Annihilape
|move|p2a: Lycanroc|Close Combat|p1a: Ursaluna
|-supereffective|p1a: Ursaluna
|-damage|p1a: Ursaluna|25/100 brn
|-unboost|p2a: Lycanroc|def|1
|-unboost|p2a: Lycanroc|spd|1
|
|-damage|p1a: Ursaluna|19/100 brn|[from] brn
|upkeep
|
|t:|1756562835
|switch|p2b: Rillaboom|Rillaboom, L50, M|100/100
|-fieldstart|move: Grassy Terrain|[from] ability: Grassy Surge|[of] p2b: Rillaboom
|turn|4
|
|t:|1756562856
|move|p2b: Rillaboom|Grassy Glide|p1a: Ursaluna
|-supereffective|p1a: Ursaluna
|-damage|p1a: Ursaluna|0 fnt
|faint|p1a: Ursaluna
|move|p1b: Porygon2|Ice Beam|p2a: Lycanroc
|-damage|p2a: Lycanroc|31/100
|move|p2a: Lycanroc|Psychic Fangs|p1b: Porygon2
|-supereffective|p1b: Porygon2
|-damage|p1b: Porygon2|56/100
|
|-heal|p1b: Porygon2|62/100|[from] Grassy Terrain
|-heal|p2a: Lycanroc|37/100|[from] Grassy Terrain
|upkeep
|
|t:|1756562864
|switch|p1a: Torkoal|Torkoal, L50, F|100/100
|-weather|SunnyDay|[from] ability: Drought|[of] p1a: Torkoal
|turn|5
|
|t:|1756562871
|switch|p2b: Tyranitar|Tyranitar, L50, F, shiny|100/100
|-weather|Sandstorm|[from] ability: Sand Stream|[of] p2b: Tyranitar
|move|p2a: Lycanroc|Protect|p2a: Lycanroc
|-singleturn|p2a: Lycanroc|Protect
|move|p1a: Torkoal|Eruption|p2b: Tyranitar|[spread] p2b
|-activate|p2a: Lycanroc|move: Protect
|-resisted|p2b: Tyranitar
|-damage|p2b: Tyranitar|83/100
|move|p1b: Porygon2|Tera Blast|p2b: Tyranitar|[anim] Tera Blast Fighting
|-supereffective|p2b: Tyranitar
|-damage|p2b: Tyranitar|0 fnt
|faint|p2b: Tyranitar
|
|-weather|Sandstorm|[upkeep]
|-damage|p1a: Torkoal|94/100|[from] Sandstorm
|-damage|p1b: Porygon2|56/100|[from] Sandstorm
|-heal|p1a: Torkoal|100/100|[from] Grassy Terrain
|-heal|p1b: Porygon2|62/100|[from] Grassy Terrain
|-heal|p2a: Lycanroc|43/100|[from] Grassy Terrain
|-fieldend|move: Trick Room
|upkeep
|
|t:|1756562883
|switch|p2b: Rillaboom|Rillaboom, L50, M|100/100
|turn|6
|inactive|crudo de fava has 30 seconds left.
|inactive|crudo de fava has 20 seconds left.
|
|t:|1756562923
|move|p2a: Lycanroc|Rock Slide|p1b: Porygon2|[spread] p1a,p1b
|-supereffective|p1a: Torkoal
|-resisted|p1b: Porygon2
|-damage|p1a: Torkoal|56/100
|-damage|p1b: Porygon2|53/100
|move|p2b: Rillaboom|Wood Hammer|p1b: Porygon2
|-damage|p1b: Porygon2|3/100
|-damage|p2b: Rillaboom|85/100|[from] Recoil
|move|p1b: Porygon2|Recover|p1b: Porygon2
|-heal|p1b: Porygon2|53/100
|move|p1a: Torkoal|Overheat|p2a: Lycanroc
|-resisted|p2a: Lycanroc
|-damage|p2a: Lycanroc|0 fnt
|-unboost|p1a: Torkoal|spa|2
|faint|p2a: Lycanroc
|-enditem|p1a: Torkoal|Eject Pack
|-message|PatmonVGC forfeited.
|raw|crudo de fava's rating: 1262 → 1279(+17 for winning)
|raw|PatmonVGC's rating: 1147 → 1130(-17 for losing)
|
|win|crudo de fava
