|j|☆Spasio
|j|☆SupernovaSZ8
|html|SpasioSupernovaSZ8    
|uhtml|bestof|Game 1 of a best-of-3
|t:|1785695393
|gametype|doubles
|player|p1|Spasio|265|1319
|player|p2|SupernovaSZ8|canari|1205
|gen|9
|tier|[Gen 9 Champions] VGC 2026 Reg M-B (Bo3)
|rated|
|rule|Species Clause: Limit one of each Pokémon
|rule|Item Clause: Limit 1 of each item
|clearpoke
|poke|p1|Charizard, L50, M|
|poke|p1|Glimmora, L50, M|
|poke|p1|Whimsicott, L50, F|
|poke|p1|Ninetales-Alola, L50, F|
|poke|p1|Kingambit, L50, M|
|poke|p1|Kommo-o, L50, M|
|poke|p2|Whimsicott, L50, F, shiny|
|poke|p2|Charizard, L50, F|
|poke|p2|Floette-Eternal, L50, F|
|poke|p2|Basculegion, L50, M|
|poke|p2|Garchomp, L50, F|
|poke|p2|Farigiraf, L50, F, shiny|
|teampreview|4
|showteam|p1|Charizard||CharizarditeY|Blaze|HeatWave,WeatherBall,SolarBeam,Protect|Modest||M|||50|]Glimmora||Glimmoranite|ToxicDebris|SludgeBomb,PowerGem,EarthPower,SpikyShield|Modest||M|||50|]Whimsicott||FocusSash|Prankster|Moonblast,Tailwind,Encore,Protect|Timid||F|||50|]Ninetales-Alola||NeverMeltIce|SnowWarning|Blizzard,FreezeDry,Disable,Protect|Timid||F|||50|]Kingambit||BlackGlasses|Defiant|KowtowCleave,SuckerPunch,IronHead,Protect|Adamant||M|||50|]Kommo-o||LifeOrb|Overcoat|ClangingScales,AuraSphere,VacuumWave,Protect|Modest||M|||50|
|showteam|p2|Whimsicott||FocusSash|Prankster|Moonblast,FakeTears,SunnyDay,Tailwind|Modest||F|||50|]Charizard||CharizarditeY|SolarPower|HeatWave,WeatherBall,SolarBeam,Protect|Modest||F|||50|]Floette-Eternal||Floettite|FlowerVeil|Moonblast,LightofRuin,DazzlingGleam,Protect|Modest||F|||50|]Basculegion||ChoiceScarf|Adaptability|LastRespects,WaveCrash,FlipTurn,AquaJet|Adamant||M|||50|]Garchomp||WhiteHerb|RoughSkin|Earthquake,StompingTantrum,RockSlide,Protect|Jolly||F|||50|]Farigiraf||ColburBerry|ArmorTail|HyperVoice,TwinBeam,TrickRoom,Protect|Modest||F|||50|
|inactive|Battle timer is ON: inactive players will automatically lose when time's up. (requested by Spasio)
|inactive|SupernovaSZ8 has 60 seconds left.
|inactive|SupernovaSZ8 has 30 seconds left.
|
|t:|1785695458
|teamsize|p1|4
|teamsize|p2|4
|start
|switch|p1a: Whimsicott|Whimsicott, L50, F|100/100
|switch|p1b: Glimmora|Glimmora, L50, M|100/100
|switch|p2a: Farigiraf|Farigiraf, L50, F, shiny|100/100
|switch|p2b: Garchomp|Garchomp, L50, F|100/100
|turn|1
|inactive|Spasio has 30 seconds left.
|
|t:|1785695491
|move|p1b: Glimmora|Spiky Shield|p1b: Glimmora
|-singleturn|p1b: Glimmora|move: Protect
|move|p1a: Whimsicott|Moonblast|p2b: Garchomp
|-supereffective|p2b: Garchomp|1
|-damage|p2b: Garchomp|15/100
|move|p2b: Garchomp|Stomping Tantrum|p1b: Glimmora
|-activate|p1b: Glimmora|move: Protect
|-damage|p2b: Garchomp|2/100|[from] Spiky Shield|[of] p1b: Glimmora
|move|p2a: Farigiraf|Trick Room|p2a: Farigiraf
|-fieldstart|move: Trick Room|[of] p2a: Farigiraf
|
|upkeep
|turn|2
|
|t:|1785695503
|switch|p1b: Ninetales|Ninetales-Alola, L50, F|100/100
|-weather|Snowscape|[from] ability: Snow Warning|[of] p1b: Ninetales
|move|p2a: Farigiraf|Twin Beam|p1b: Ninetales
|-damage|p1b: Ninetales|75/100
|-damage|p1b: Ninetales|51/100
|-hitcount|p1b: Ninetales|2
|move|p2b: Garchomp|Rock Slide|p1a: Whimsicott|[spread] 
|-miss|p2b: Garchomp|p1a: Whimsicott
|-miss|p2b: Garchomp|p1b: Ninetales
|move|p1a: Whimsicott|Moonblast|p2a: Farigiraf
|-damage|p2a: Farigiraf|62/100
|
|-weather|Snowscape|[upkeep]
|upkeep
|turn|3
|
|t:|1785695516
|move|p1a: Whimsicott|Protect|p1a: Whimsicott
|-singleturn|p1a: Whimsicott|Protect
|move|p1b: Ninetales|Protect|p1b: Ninetales
|-singleturn|p1b: Ninetales|Protect
|move|p2a: Farigiraf|Hyper Voice|p1b: Ninetales|[spread] 
|-activate|p1a: Whimsicott|move: Protect
|-activate|p1b: Ninetales|move: Protect
|move|p2b: Garchomp|Rock Slide|p1a: Whimsicott|[spread] 
|-activate|p1a: Whimsicott|move: Protect
|-activate|p1b: Ninetales|move: Protect
|
|-weather|Snowscape|[upkeep]
|upkeep
|turn|4
|
|t:|1785695524
|move|p2a: Farigiraf|Hyper Voice|p1a: Whimsicott|[spread] p1a,p1b
|-damage|p1a: Whimsicott|48/100
|-damage|p1b: Ninetales|10/100
|move|p2b: Garchomp|Rock Slide|p1a: Whimsicott|[spread] p1a,p1b
|-supereffective|p1b: Ninetales|1
|-damage|p1a: Whimsicott|20/100y
|-damage|p1b: Ninetales|0 fnt
|faint|p1b: Ninetales
|move|p1a: Whimsicott|Moonblast|p2a: Farigiraf
|-damage|p2a: Farigiraf|29/100
|
|-weather|Snowscape|[upkeep]
|upkeep
|
|t:|1785695532
|switch|p1b: Kingambit|Kingambit, L50, M|100/100
|turn|5
|
|t:|1785695540
|move|p2a: Farigiraf|Protect|p2a: Farigiraf
|-singleturn|p2a: Farigiraf|Protect
|move|p1b: Kingambit|Kowtow Cleave|p2b: Garchomp
|-damage|p2b: Garchomp|0 fnt
|-damage|p1b: Kingambit|87/100|[from] ability: Rough Skin|[of] p2b: Garchomp
|faint|p2b: Garchomp
|move|p1a: Whimsicott|Moonblast|p2a: Farigiraf
|-activate|p2a: Farigiraf|move: Protect
|
|-weather|Snowscape|[upkeep]
|-fieldend|move: Trick Room
|upkeep
|
|t:|1785695546
|switch|p2b: Charizard|Charizard, L50, F|100/100
|turn|6
|
|t:|1785695554
|detailschange|p2b: Charizard|Charizard-Mega-Y, L50, F
|-mega|p2b: Charizard|Charizard|Charizardite Y
|-weather|SunnyDay|[from] ability: Drought|[of] p2b: Charizard
|move|p1a: Whimsicott|Tailwind|p1a: Whimsicott
|-sidestart|p1: Spasio|move: Tailwind
|move|p1b: Kingambit|Kowtow Cleave|p2a: Farigiraf
|-supereffective|p2a: Farigiraf|1
|-enditem|p2a: Farigiraf|Colbur Berry|[eat]
|-enditem|p2a: Farigiraf|Colbur Berry|[weaken]
|-damage|p2a: Farigiraf|0 fnt
|faint|p2a: Farigiraf
|move|p2b: Charizard|Heat Wave|p1a: Whimsicott|[spread] p1b
|-miss|p2b: Charizard|p1a: Whimsicott
|-supereffective|p1b: Kingambit|1
|-damage|p1b: Kingambit|0 fnt
|faint|p1b: Kingambit
|
|-weather|SunnyDay|[upkeep]
|upkeep
|
|t:|1785695568
|switch|p1b: Glimmora|Glimmora, L50, M|100/100
|switch|p2a: Basculegion|Basculegion, L50, M|100/100
|turn|7
|
|t:|1785695580
|detailschange|p1b: Glimmora|Glimmora-Mega, L50, M
|-mega|p1b: Glimmora|Glimmora|Glimmoranite
|move|p1a: Whimsicott|Moonblast|p2a: Basculegion
|-damage|p2a: Basculegion|60/100
|move|p1b: Glimmora|Power Gem|p2b: Charizard
|-supereffective|p2b: Charizard|2
|-damage|p2b: Charizard|0 fnt
|faint|p2b: Charizard
|move|p2a: Basculegion|Last Respects|p1b: Glimmora
|-damage|p1b: Glimmora|0 fnt
|faint|p1b: Glimmora
|
|-weather|SunnyDay|[upkeep]
|upkeep
|turn|8
|
|t:|1785695590
|move|p1a: Whimsicott|Moonblast|p2a: Basculegion
|-damage|p2a: Basculegion|18/100
|move|p2a: Basculegion|Last Respects|p1a: Whimsicott
|-damage|p1a: Whimsicott|0 fnt
|faint|p1a: Whimsicott
|
|win|SupernovaSZ8
||Spasio is ready for game 2.
||SupernovaSZ8 is ready for game 2.
|uhtml|next|Next: Game 2 of 3
|l|☆Spasio
|player|p1|
