|j|☆Daniw9
|j|☆Ribombees believer
|html|Daniw9Ribombees believer    
|uhtml|bestof|Game 2 of a best-of-3
|t:|1755966280
|gametype|doubles
|player|p1|Daniw9|1|1305
|player|p2|Ribombees believer|skier|1301
|gen|9
|tier|[Gen 9] VGC 2025 Reg H (Bo3)
|rated|
|rule|Species Clause: Limit one of each Pokémon
|rule|Item Clause: Limit 1 of each item
|clearpoke
|poke|p1|Ninetales-Alola, L50, M|
|poke|p1|Dragonite, L50, M|
|poke|p1|Rillaboom, L50, F|
|poke|p1|Arcanine-Hisui, L50, M|
|poke|p1|Sneasler, L50, F|
|poke|p1|Ursaluna-Bloodmoon, L50, M|
|poke|p2|Dondozo, L50, M|
|poke|p2|Tatsugiri, L50, F|
|poke|p2|Indeedee, L50, M|
|poke|p2|Dragapult, L50, M|
|poke|p2|Hydreigon, L50, F|
|poke|p2|Ribombee, L50, M|
|teampreview|4
|showteam|p1|Ninetales-Alola||LightClay|SnowWarning|AuroraVeil,Blizzard,IcyWind,Howl|||M|||50|,,,,,Ghost]Dragonite||LoadedDice|Multiscale|ScaleShot,Haze,Tailwind,StompingTantrum|||M|||50|,,,,,Fairy]Rillaboom||AssaultVest|GrassySurge|Uturn,WoodHammer,GrassyGlide,FakeOut|||F|||50|,,,,,Fire]Arcanine-Hisui||ClearAmulet|Intimidate|ExtremeSpeed,FlareBlitz,RockSlide,Protect|||M|||50|,,,,,Ghost]Sneasler||FocusSash|PoisonTouch|CloseCombat,DireClaw,FakeOut,Protect|||F|||50|,,,,,Dark]Ursaluna-Bloodmoon||LifeOrb|MindsEye|BloodMoon,HyperVoice,EarthPower,Protect|||M|||50|,,,,,Normal
|showteam|p2|Dondozo||Leftovers|Unaware|WaveCrash,Earthquake,OrderUp,Protect|||M|||50|,,,,,Grass]Tatsugiri||ChoiceScarf|Commander|MuddyWater,DracoMeteor,DragonPulse,TeraBlast|||F|||50|,,,,,Fairy]Indeedee||FocusSash|PsychicSurge|ExpandingForce,TeraBlast,HyperVoice,Protect|||M|||50|,,,,,Fighting]Dragapult||ChoiceBand|ClearBody|DragonDarts,Outrage,PhantomForce,Uturn|||M|||50|,,,,,Dragon]Hydreigon||AssaultVest|Levitate|EarthPower,Snarl,DarkPulse,DracoMeteor|||F|||50|,,,,,Steel]Ribombee||ChoiceSpecs|ShieldDust|Moonblast,PollenPuff,DazzlingGleam,TeraBlast|||M|||50|,,,,,Ground
|inactive|Battle timer is ON: inactive players will automatically lose when time's up. (requested by Ribombees believer)
|inactive|Ribombees believer has 60 seconds left.
|inactive|Daniw9 has 60 seconds left.
|
|t:|1755966341
|teamsize|p1|4
|teamsize|p2|4
|start
|switch|p1a: Ninetales|Ninetales-Alola, L50, M, shiny|100/100
|switch|p1b: Dragonite|Dragonite, L50, M|100/100
|switch|p2a: Dragapult|Dragapult, L50, M|100/100
|switch|p2b: Ribombee|Ribombee, L50, M|100/100
|-weather|Snowscape|[from] ability: Snow Warning|[of] p1a: Ninetales
|turn|1
|
|t:|1755966365
|-terastallize|p1b: Dragonite|Fairy
|move|p2a: Dragapult|Phantom Force||[still]
|-prepare|p2a: Dragapult|Phantom Force
|move|p2b: Ribombee|Dazzling Gleam|p1a: Ninetales|[spread] p1a,p1b
|-damage|p1a: Ninetales|63/100
|-damage|p1b: Dragonite|82/100
|move|p1a: Ninetales|Aurora Veil|p1a: Ninetales
|-sidestart|p1: Daniw9|move: Aurora Veil
|move|p1b: Dragonite|Scale Shot|p2a: Dragapult|[miss]
|-miss|p1b: Dragonite|p2a: Dragapult
|
|-weather|Snowscape|[upkeep]
|upkeep
|turn|2
|
|t:|1755966377
|switch|p1a: Arcanine|Arcanine-Hisui, L50, M|100/100
|-ability|p1a: Arcanine|Intimidate|boost
|-fail|p2a: Dragapult|unboost|[from] ability: Clear Body|[of] p2a: Dragapult
|-unboost|p2b: Ribombee|atk|1
|move|p2a: Dragapult|Phantom Force|p1b: Dragonite|[from] lockedmove
|-damage|p1b: Dragonite|30/100
|move|p2b: Ribombee|Dazzling Gleam|p1b: Dragonite|[spread] p1a,p1b
|-resisted|p1a: Arcanine
|-damage|p1a: Arcanine|86/100
|-damage|p1b: Dragonite|6/100
|move|p1b: Dragonite|Scale Shot|p2a: Dragapult
|-supereffective|p2a: Dragapult
|-damage|p2a: Dragapult|60/100
|-supereffective|p2a: Dragapult
|-damage|p2a: Dragapult|22/100
|-supereffective|p2a: Dragapult
|-damage|p2a: Dragapult|0 fnt
|faint|p2a: Dragapult
|-hitcount|p2: Dragapult|3
|-unboost|p1b: Dragonite|def|1
|-boost|p1b: Dragonite|spe|1
|
|-weather|Snowscape|[upkeep]
|upkeep
|
|t:|1755966392
|switch|p2a: Dondozo|Dondozo, L50, M|100/100
|turn|3
|inactive|Ribombees believer has 30 seconds left.
|
|t:|1755966422
|switch|p1b: Ninetales|Ninetales-Alola, L50, M, shiny|63/100
|move|p2b: Ribombee|Dazzling Gleam|p1b: Ninetales|[spread] p1a,p1b
|-resisted|p1a: Arcanine
|-damage|p1a: Arcanine|72/100
|-damage|p1b: Ninetales|36/100
|move|p1a: Arcanine|Rock Slide|p2a: Dondozo|[spread] p2a,p2b
|-supereffective|p2b: Ribombee
|-damage|p2a: Dondozo|83/100
|-damage|p2b: Ribombee|5/100
|move|p2a: Dondozo|Wave Crash|p1a: Arcanine
|-supereffective|p1a: Arcanine
|-damage|p1a: Arcanine|0 fnt
|faint|p1a: Arcanine
|-damage|p2a: Dondozo|66/100|[from] Recoil
|
|-weather|Snowscape|[upkeep]
|-heal|p2a: Dondozo|72/100|[from] item: Leftovers
|upkeep
|
|t:|1755966433
|switch|p1a: Sneasler|Sneasler, L50, F|100/100
|turn|4
|
|t:|1755966451
|switch|p2b: Tatsugiri|Tatsugiri, L50, F|100/100
|-activate|p2b: Tatsugiri|ability: Commander|[of] p2a: Dondozo
|-boost|p2a: Dondozo|atk|2
|-boost|p2a: Dondozo|spa|2
|-boost|p2a: Dondozo|spe|2
|-boost|p2a: Dondozo|def|2
|-boost|p2a: Dondozo|spd|2
|move|p2a: Dondozo|Protect|p2a: Dondozo
|-singleturn|p2a: Dondozo|Protect
|move|p1a: Sneasler|Fake Out|p2b: Tatsugiri|[miss]
|-miss|p1a: Sneasler|p2b: Tatsugiri
|move|p1b: Ninetales|Icy Wind|p2a: Dondozo|[spread] 
|-miss|p1b: Ninetales|p2b: Tatsugiri
|-activate|p2a: Dondozo|move: Protect
|
|-weather|Snowscape|[upkeep]
|-heal|p2a: Dondozo|78/100|[from] item: Leftovers
|upkeep
|turn|5
|
|t:|1755966467
|move|p1a: Sneasler|Dire Claw|p2a: Dondozo
|-damage|p2a: Dondozo|62/100
|-status|p2a: Dondozo|slp
|cant|p2a: Dondozo|slp
|move|p1b: Ninetales|Icy Wind|p2a: Dondozo|[spread] p2a
|-miss|p1b: Ninetales|p2b: Tatsugiri
|-resisted|p2a: Dondozo
|-damage|p2a: Dondozo|58/100 slp
|-unboost|p2a: Dondozo|spe|1
|
|-weather|none
|-heal|p2a: Dondozo|64/100 slp|[from] item: Leftovers
|upkeep
|turn|6
|
|t:|1755966477
|switch|p1b: Dragonite|Dragonite, L50, M, tera:Fairy|6/100
|move|p1a: Sneasler|Dire Claw|p2a: Dondozo
|-damage|p2a: Dondozo|51/100 slp
|cant|p2a: Dondozo|slp
|
|-heal|p2a: Dondozo|57/100 slp|[from] item: Leftovers
|upkeep
|turn|7
|
|t:|1755966488
|move|p1a: Sneasler|Dire Claw|p2a: Dondozo
|-damage|p2a: Dondozo|42/100 slp
|-curestatus|p2a: Dondozo|slp|[msg]
|move|p2a: Dondozo|Earthquake|p1a: Sneasler|[spread] p1a,p1b
|-miss|p2a: Dondozo|p2b: Tatsugiri
|-supereffective|p1a: Sneasler
|-enditem|p1a: Sneasler|Focus Sash
|-damage|p1a: Sneasler|1/100
|-damage|p1b: Dragonite|0 fnt
|faint|p1b: Dragonite
|
|-heal|p2a: Dondozo|48/100|[from] item: Leftovers
|upkeep
|
|t:|1755966494
|switch|p1b: Ninetales|Ninetales-Alola, L50, M, shiny|36/100
|-weather|Snowscape|[from] ability: Snow Warning|[of] p1b: Ninetales
|turn|8
|
|t:|1755966504
|move|p1a: Sneasler|Dire Claw|p2a: Dondozo
|-damage|p2a: Dondozo|32/100
|-status|p2a: Dondozo|psn|[from] ability: Poison Touch|[of] p1a: Sneasler
|move|p1b: Ninetales|Howl|p1b: Ninetales|[spread] p1a,p1b
|-boost|p1a: Sneasler|atk|1
|-boost|p1b: Ninetales|atk|1
|move|p2a: Dondozo|Earthquake|p1b: Ninetales|[spread] p1a,p1b
|-miss|p2a: Dondozo|p2b: Tatsugiri
|-supereffective|p1a: Sneasler
|-damage|p1a: Sneasler|0 fnt
|-damage|p1b: Ninetales|10/100
|faint|p1a: Sneasler
|
|-weather|Snowscape|[upkeep]
|-heal|p2a: Dondozo|38/100 psn|[from] item: Leftovers
|-damage|p2a: Dondozo|26/100 psn|[from] psn
|-sideend|p1: Daniw9|move: Aurora Veil
|upkeep
|turn|9
|l|☆Daniw9
|inactive|Daniw9 disconnected and has a minute to reconnect!
|player|p1|
|inactive|Daniw9 has 30 seconds left.
|inactive|Daniw9 has 20 seconds left.
|inactive|Daniw9 has 15 seconds left.
|inactive|Daniw9 has 10 seconds left.
|inactive|Daniw9 has 5 seconds left.
|-message|Daniw9 lost due to inactivity.
|
|win|Ribombees believer
|raw|Daniw9's rating: 1305 → 1285(-20 for losing)
|raw|Ribombees believer's rating: 1301 → 1321(+20 for winning)
