|j|â˜†Farakas11
|j|â˜†HeroOfHydrangea
|html|Farakas11HeroOfHydrangea    
|uhtml|bestof|Game 2 of a best-of-3
|t:|1783726700
|gametype|doubles
|player|p1|Farakas11|265|1049
|player|p2|HeroOfHydrangea|169|1087
|gen|9
|tier|[Gen 9 Champions] VGC 2026 Reg M-B (Bo3)
|rated|
|rule|Species Clause: Limit one of each PokÃ©mon
|rule|Item Clause: Limit 1 of each item
|clearpoke
|poke|p1|Medicham, L50, F, shiny|
|poke|p1|Dragonite, L50, M|
|poke|p1|Sinistcha, L50|
|poke|p1|Hatterene, L50, F|
|poke|p1|Talonflame, L50, F|
|poke|p1|Kingambit, L50, M|
|poke|p2|Blastoise, L50, F|
|poke|p2|Sneasler, L50, F|
|poke|p2|Kingambit, L50, F|
|poke|p2|Incineroar, L50, M|
|poke|p2|Delphox, L50, M|
|poke|p2|Sinistcha, L50|
|teampreview|4
|showteam|p1|Medicham||Medichamite|PurePower|Protect,SkillSwap,FakeOut,CloseCombat|Jolly||F|||50|]Dragonite||LifeOrb|InnerFocus|RockSlide,DragonClaw,ExtremeSpeed,Protect|Adamant||M|||50|]Sinistcha||Leftovers|Hospitality|MatchaGotcha,LifeDew,RagePowder,Protect|Bold|||||50|]Hatterene||ExpertBelt|MagicBounce|TrickRoom,DazzlingGleam,Protect,ExpandingForce|Sassy||F|||50|]Talonflame||Charcoal|GaleWings|Tailwind,BraveBird,FlareBlitz,Protect|Jolly||F|||50|]Kingambit||FocusSash|Defiant|KowtowCleave,SuckerPunch,Protect,LowKick|Adamant||M|||50|
|showteam|p2|Blastoise||Blastoisinite|Torrent|WaterSpout,DarkPulse,ShellSmash,Protect|Modest||F|||50|]Sneasler||FocusSash|PoisonTouch|CloseCombat,DireClaw,FakeOut,QuickGuard|Jolly||F|||50|]Kingambit||BlackGlasses|Defiant|KowtowCleave,SuckerPunch,SwordsDance,Protect|Adamant||F|||50|]Incineroar||SitrusBerry|Intimidate|FlareBlitz,HelpingHand,PartingShot,FakeOut|Careful||M|||50|]Delphox||Delphoxite|Blaze|HeatWave,Psyshock,NastyPlot,Protect|Modest||M|||50|]Sinistcha||KasibBerry|Hospitality|MatchaGotcha,RagePowder,TrickRoom,Protect|Bold|||||50|
|inactive|Battle timer is ON: inactive players will automatically lose when time's up. (requested by HeroOfHydrangea)
|
|t:|1783726757
|teamsize|p1|4
|teamsize|p2|4
|start
|switch|p1a: Medicham|Medicham, L50, F, shiny|100/100
|switch|p1b: Dragonite|Dragonite, L50, M|100/100
|switch|p2a: Sneasler|Sneasler, L50, F|100/100
|switch|p2b: Blastoise|Blastoise, L50, F|100/100
|turn|1
|inactive|Farakas11 has 30 seconds left.
|
|t:|1783726789
|detailschange|p2b: Blastoise|Blastoise-Mega, L50, F
|-mega|p2b: Blastoise|Blastoise|Blastoisinite
|move|p1a: Medicham|Protect|p1a: Medicham
|-singleturn|p1a: Medicham|Protect
|move|p2a: Sneasler|Fake Out|p1a: Medicham
|-activate|p1a: Medicham|move: Protect
|move|p2b: Blastoise|Water Spout|p1a: Medicham|[spread] p1b
|-activate|p1a: Medicham|move: Protect
|-resisted|p1b: Dragonite|1
|-damage|p1b: Dragonite|71/100
|move|p1b: Dragonite|Dragon Claw|p2b: Blastoise
|-damage|p2b: Blastoise|43/100
|-damage|p1b: Dragonite|62/100|[from] item: Life Orb
|
|upkeep
|turn|2
|inactive|Farakas11 has 30 seconds left.
|inactive|HeroOfHydrangea has 30 seconds left.
|
|t:|1783726828
|move|p2a: Sneasler|Dire Claw|p1b: Dragonite
|-damage|p1b: Dragonite|24/100
|move|p2b: Blastoise|Dark Pulse|p1b: Dragonite
|-crit|p1b: Dragonite
|-damage|p1b: Dragonite|0 fnt
|faint|p1b: Dragonite
|move|p1a: Medicham|Skill Swap|p1: Dragonite|[notarget]
|-fail|p1a: Medicham
|
|upkeep
|
|t:|1783726837
|switch|p1b: Hatterene|Hatterene, L50, F|100/100
|turn|3
|inactive|HeroOfHydrangea has 30 seconds left.
|inactive|Farakas11 has 30 seconds left.
|inactive|HeroOfHydrangea has 20 seconds left.
|inactive|HeroOfHydrangea has 15 seconds left.
|
|t:|1783726877
|switch|p2b: Sinistcha|Sinistcha, L50|100/100
|detailschange|p1a: Medicham|Medicham-Mega, L50, F, shiny
|-mega|p1a: Medicham|Medicham|Medichamite
|move|p2a: Sneasler|Dire Claw|p1b: Hatterene
|-supereffective|p1b: Hatterene|1
|-damage|p1b: Hatterene|10/100
|move|p1a: Medicham|Close Combat|p2a: Sneasler
|-resisted|p2a: Sneasler|1
|-damage|p2a: Sneasler|5/100
|-unboost|p1a: Medicham|def|1
|-unboost|p1a: Medicham|spd|1
|move|p1b: Hatterene|Trick Room|p1b: Hatterene
|-fieldstart|move: Trick Room|[of] p1b: Hatterene
|
|upkeep
|turn|4
|inactive|HeroOfHydrangea has 30 seconds left.
|inactive|HeroOfHydrangea has 20 seconds left.
|inactive|HeroOfHydrangea has 15 seconds left.
|
|t:|1783726921
|switch|p1a: Sinistcha|Sinistcha, L50|100/100
|-heal|p1b: Hatterene|35/100|[from] ability: Hospitality|[of] p1a: Sinistcha
|switch|p2a: Kingambit|Kingambit, L50, F|100/100
|move|p1b: Hatterene|Dazzling Gleam|p2b: Sinistcha|[spread] p2a,p2b
|-damage|p2a: Kingambit|79/100
|-damage|p2b: Sinistcha|76/100
|move|p2b: Sinistcha|Matcha Gotcha|p1a: Sinistcha|[spread] p1a,p1b
|-resisted|p1a: Sinistcha|1
|-damage|p1a: Sinistcha|84/100
|-heal|p2b: Sinistcha|84/100|[from] drain|[of] p1a: Sinistcha
|-damage|p1b: Hatterene|17/100
|-heal|p2b: Sinistcha|93/100|[from] drain|[of] p1b: Hatterene
|-status|p1a: Sinistcha|brn
|
|-heal|p1a: Sinistcha|91/100 brn|[from] item: Leftovers
|-damage|p1a: Sinistcha|84/100 brn|[from] brn
|upkeep
|turn|5
|inactive|Farakas11 has 30 seconds left.
|inactive|HeroOfHydrangea has 30 seconds left.
|
|t:|1783726955
|switch|p1b: Medicham|Medicham-Mega, L50, F, shiny|100/100
|move|p1a: Sinistcha|Rage Powder|p1a: Sinistcha
|-singleturn|p1a: Sinistcha|move: Rage Powder
|move|p2a: Kingambit|Kowtow Cleave|p1a: Sinistcha
|-supereffective|p1a: Sinistcha|1
|-damage|p1a: Sinistcha|16/100 brn
|move|p2b: Sinistcha|Trick Room|p2b: Sinistcha
|-fieldend|move: Trick Room
|
|-heal|p1a: Sinistcha|22/100 brn|[from] item: Leftovers
|-damage|p1a: Sinistcha|16/100 brn|[from] brn
|upkeep
|turn|6
|
|t:|1783726977
|move|p2a: Kingambit|Protect|p2a: Kingambit
|-singleturn|p2a: Kingambit|Protect
|move|p1b: Medicham|Close Combat|p2a: Kingambit
|-activate|p2a: Kingambit|move: Protect
|move|p2b: Sinistcha|Matcha Gotcha|p1b: Medicham|[spread] p1a,p1b
|-resisted|p1a: Sinistcha|1
|-damage|p1a: Sinistcha|1/100 brn
|-heal|p2b: Sinistcha|100/100|[from] drain|[of] p1a: Sinistcha
|-damage|p1b: Medicham|69/100
|move|p1a: Sinistcha|Life Dew|p1a: Sinistcha|[spread] p1a,p1b
|-heal|p1a: Sinistcha|26/100 brn
|-heal|p1b: Medicham|94/100
|
|-heal|p1a: Sinistcha|32/100 brn|[from] item: Leftovers
|-damage|p1a: Sinistcha|26/100 brn|[from] brn
|upkeep
|turn|7
|inactive|HeroOfHydrangea has 30 seconds left.
|inactive|HeroOfHydrangea has 20 seconds left.
|inactive|HeroOfHydrangea has 15 seconds left.
|
|t:|1783727020
|switch|p1a: Hatterene|Hatterene, L50, F|17/100
|switch|p2a: Blastoise|Blastoise-Mega, L50, F|43/100
|move|p1b: Medicham|Close Combat|p2a: Blastoise
|-damage|p2a: Blastoise|0 fnt
|-unboost|p1b: Medicham|def|1
|-unboost|p1b: Medicham|spd|1
|faint|p2a: Blastoise
|move|p2b: Sinistcha|Matcha Gotcha|p1b: Medicham|[spread] p1a,p1b
|-damage|p1a: Hatterene|0 fnt
|-damage|p1b: Medicham|41/100
|faint|p1a: Hatterene
|
|upkeep
|-message|Farakas11 forfeited.
|
|win|HeroOfHydrangea
|l|â˜†Farakas11
|player|p1|
|raw|Farakas11's rating: 1049 → 1034(-15 for losing)
|raw|HeroOfHydrangea's rating: 1087 → 1111(+24 for winning)
