|j|☆marillrag1
|j|☆Promesus
|html|marillrag1Promesus    
|uhtml|bestof|Game 3 of a best-of-3
|t:|1785229109
|gametype|doubles
|player|p1|marillrag1|101|1290
|player|p2|Promesus|hilbert-wonderlauncher|1278
|gen|9
|tier|[Gen 9 Champions] VGC 2026 Reg M-B (Bo3)
|rated|
|rule|Species Clause: Limit one of each Pokémon
|rule|Item Clause: Limit 1 of each item
|clearpoke
|poke|p1|Raichu, L50, F|
|poke|p1|Sylveon, L50, F|
|poke|p1|Arcanine-Hisui, L50, M|
|poke|p1|Kingambit, L50, F|
|poke|p1|Farigiraf, L50, M|
|poke|p1|Staraptor, L50, F|
|poke|p2|Charizard, L50, M, shiny|
|poke|p2|Venusaur, L50, F|
|poke|p2|Grimmsnarl, L50, M|
|poke|p2|Archaludon, L50, M|
|poke|p2|Pelipper, L50, F|
|poke|p2|Basculegion, L50, M, shiny|
|teampreview|4
|showteam|p1|Raichu||RaichuniteY|LightningRod|Protect,ZapCannon,FocusBlast,FakeOut|Timid||F|||50|]Sylveon||FairyFeather|Pixilate|Detect,HyperVoice,HyperBeam,QuickAttack|Modest||F|||50|]Arcanine-Hisui||FocusSash|RockHead|Protect,FlareBlitz,HeadSmash,ExtremeSpeed|Jolly||M|||50|]Kingambit||LifeOrb|Defiant|Protect,KowtowCleave,SwordsDance,SuckerPunch|Adamant||F|||50|]Farigiraf||SitrusBerry|ArmorTail|Protect,Psychic,HelpingHand,TrickRoom|Calm||M|||50|]Staraptor||Staraptite|Intimidate|Protect,DualWingbeat,CloseCombat,Tailwind|Jolly||F|||50|
|showteam|p2|Charizard||CharizarditeY|Blaze|HeatWave,WeatherBall,SolarBeam,Protect|Modest||M|||50|]Venusaur||FocusSash|Chlorophyll|EarthPower,SludgeBomb,Protect,SleepPowder|Modest||F|||50|]Grimmsnarl||LightClay|Prankster|SpiritBreak,PartingShot,Reflect,LightScreen|Sassy||M|||50|]Archaludon||Leftovers|Stamina|ElectroShot,DragonPulse,FlashCannon,Protect|Calm||M|||50|]Pelipper||SitrusBerry|Drizzle|WeatherBall,Hurricane,Tailwind,WideGuard|Bold||F|||50|]Basculegion||ChoiceScarf|Adaptability|FlipTurn,WaveCrash,AquaJet,LastRespects|Adamant||M|||50|
|inactive|Battle timer is ON: inactive players will automatically lose when time's up. (requested by Promesus)
|inactive|marillrag1 has 60 seconds left.
|
|t:|1785229150
|teamsize|p1|4
|teamsize|p2|4
|start
|switch|p1a: Raichu|Raichu, L50, F|100/100
|switch|p1b: Arcanine|Arcanine-Hisui, L50, M|100/100
|switch|p2a: Charizard|Charizard, L50, M, shiny|100/100
|switch|p2b: Venusaur|Venusaur, L50, F|100/100
|turn|1
|
|t:|1785229174
|detailschange|p1a: Raichu|Raichu-Mega-Y, L50, F
|-mega|p1a: Raichu|Raichu|Raichunite Y
|move|p2a: Charizard|Protect|p2a: Charizard
|-singleturn|p2a: Charizard|Protect
|move|p1a: Raichu|Zap Cannon|p2b: Venusaur
|-resisted|p2b: Venusaur|1
|-damage|p2b: Venusaur|64/100
|-status|p2b: Venusaur|par
|move|p1b: Arcanine|Head Smash|p2a: Charizard
|-activate|p2a: Charizard|move: Protect
|move|p2b: Venusaur|Sleep Powder|p1a: Raichu
|-status|p1a: Raichu|slp|[from] move: Sleep Powder
|
|upkeep
|turn|2
|inactive|marillrag1 has 30 seconds left.
|
|t:|1785229200
|switch|p2a: Archaludon|Archaludon, L50, M|100/100
|cant|p1a: Raichu|slp
|move|p1b: Arcanine|Head Smash|p2a: Archaludon
|-resisted|p2a: Archaludon|1
|-damage|p2a: Archaludon|75/100
|-ability|p2a: Archaludon|Stamina|boost
|-boost|p2a: Archaludon|def|1
|move|p2b: Venusaur|Sleep Powder|p1b: Arcanine
|-status|p1b: Arcanine|slp|[from] move: Sleep Powder
|
|-heal|p2a: Archaludon|81/100|[from] item: Leftovers
|upkeep
|turn|3
|inactive|Promesus has 30 seconds left.
|inactive|Promesus has 20 seconds left.
|inactive|Promesus has 15 seconds left.
|
|t:|1785229240
|switch|p2b: Pelipper|Pelipper, L50, F|100/100
|-weather|RainDance|[from] ability: Drizzle|[of] p2b: Pelipper
|-curestatus|p1a: Raichu|slp|[msg]
|move|p1a: Raichu|Focus Blast|p2a: Archaludon
|-supereffective|p2a: Archaludon|1
|-damage|p2a: Archaludon|12/100
|-ability|p2a: Archaludon|Stamina|boost
|-boost|p2a: Archaludon|def|1
|cant|p1b: Arcanine|slp
|move|p2a: Archaludon|Electro Shot||[still]
|-prepare|p2a: Archaludon|Electro Shot
|-boost|p2a: Archaludon|spa|1
|-anim|p2a: Archaludon|Electro Shot|p1b: Arcanine
|-damage|p1b: Arcanine|30/100 slp
|
|-weather|RainDance|[upkeep]
|-heal|p2a: Archaludon|18/100|[from] item: Leftovers
|upkeep
|turn|4
|inactive|marillrag1 has 30 seconds left.
|
|t:|1785229272
|switch|p1b: Kingambit|Kingambit, L50, F|100/100
|move|p1a: Raichu|Zap Cannon|p2b: Pelipper
|-supereffective|p2b: Pelipper|2
|-damage|p2b: Pelipper|0 fnt
|faint|p2b: Pelipper
|move|p2a: Archaludon|Dragon Pulse|p1a: Raichu
|-damage|p1a: Raichu|25/100
|
|-weather|RainDance|[upkeep]
|-heal|p2a: Archaludon|24/100|[from] item: Leftovers
|upkeep
|
|t:|1785229287
|switch|p2b: Venusaur|Venusaur, L50, F|64/100 par
|turn|5
|
|t:|1785229309
|move|p1a: Raichu|Protect|p1a: Raichu
|-singleturn|p1a: Raichu|Protect
|move|p2a: Archaludon|Protect|p2a: Archaludon
|-singleturn|p2a: Archaludon|Protect
|move|p1b: Kingambit|Swords Dance|p1b: Kingambit
|-boost|p1b: Kingambit|atk|2
|move|p2b: Venusaur|Sleep Powder|p1b: Kingambit
|-status|p1b: Kingambit|slp|[from] move: Sleep Powder
|
|-weather|RainDance|[upkeep]
|-heal|p2a: Archaludon|30/100|[from] item: Leftovers
|upkeep
|turn|6
|inactive|marillrag1 has 30 seconds left.
|
|t:|1785229336
|move|p1a: Raichu|Zap Cannon|p2a: Archaludon
|-resisted|p2a: Archaludon|1
|-damage|p2a: Archaludon|5/100
|-status|p2a: Archaludon|par
|-ability|p2a: Archaludon|Stamina|boost
|-boost|p2a: Archaludon|def|1
|cant|p1b: Kingambit|slp
|cant|p2b: Venusaur|par
|move|p2a: Archaludon|Dragon Pulse|p1a: Raichu
|-damage|p1a: Raichu|0 fnt
|faint|p1a: Raichu
|
|-weather|RainDance|[upkeep]
|-heal|p2a: Archaludon|11/100 par|[from] item: Leftovers
|upkeep
|
|t:|1785229346
|switch|p1a: Sylveon|Sylveon, L50, F|100/100
|turn|7
|
|t:|1785229352
|move|p1a: Sylveon|Hyper Voice|p2a: Archaludon|[spread] p2a,p2b
|-resisted|p2b: Venusaur|1
|-damage|p2a: Archaludon|0 fnt
|-damage|p2b: Venusaur|40/100 par
|faint|p2a: Archaludon
|cant|p1b: Kingambit|slp
|move|p2b: Venusaur|Sleep Powder|p1a: Sylveon|[miss]
|-miss|p2b: Venusaur|p1a: Sylveon
|
|-weather|none
|upkeep
|
|t:|1785229359
|switch|p2a: Charizard|Charizard, L50, M, shiny|100/100
|turn|8
|
|t:|1785229370
|move|p2a: Charizard|Protect|p2a: Charizard
|-singleturn|p2a: Charizard|Protect
|-curestatus|p1b: Kingambit|slp|[msg]
|move|p1b: Kingambit|Sucker Punch||[still]
|-fail|p1b: Kingambit
|move|p1a: Sylveon|Hyper Voice|p2a: Charizard|[spread] p2b
|-activate|p2a: Charizard|move: Protect
|-resisted|p2b: Venusaur|1
|-damage|p2b: Venusaur|15/100 par
|move|p2b: Venusaur|Sleep Powder|p1a: Sylveon
|-status|p1a: Sylveon|slp|[from] move: Sleep Powder
|
|upkeep
|turn|9
|inactive|Promesus has 30 seconds left.
|
|t:|1785229396
|detailschange|p2a: Charizard|Charizard-Mega-Y, L50, M, shiny
|-mega|p2a: Charizard|Charizard|Charizardite Y
|-weather|SunnyDay|[from] ability: Drought|[of] p2a: Charizard
|move|p1b: Kingambit|Protect|p1b: Kingambit
|-singleturn|p1b: Kingambit|Protect
|move|p2a: Charizard|Heat Wave|p1b: Kingambit|[spread] p1a
|-activate|p1b: Kingambit|move: Protect
|-damage|p1a: Sylveon|46/100 slp
|move|p2b: Venusaur|Sleep Powder|p1b: Kingambit
|-activate|p1b: Kingambit|move: Protect
|cant|p1a: Sylveon|slp
|
|-weather|SunnyDay|[upkeep]
|upkeep
|turn|10
|
|t:|1785229413
|move|p1b: Kingambit|Sucker Punch|p2a: Charizard
|-crit|p2a: Charizard
|-damage|p2a: Charizard|0 fnt
|faint|p2a: Charizard
|-damage|p1b: Kingambit|90/100|[from] item: Life Orb
|move|p2b: Venusaur|Sleep Powder|p1b: Kingambit|[miss]
|-miss|p2b: Venusaur|p1b: Kingambit
|-curestatus|p1a: Sylveon|slp|[msg]
|move|p1a: Sylveon|Hyper Voice|p2b: Venusaur
|-resisted|p2b: Venusaur|1
|-damage|p2b: Venusaur|0 fnt
|faint|p2b: Venusaur
|
|win|marillrag1
|raw|marillrag1's rating: 1290 → 1314(+24 for winning)
|raw|Promesus's rating: 1278 → 1254(-24 for losing)
|l|☆Promesus
|player|p2|
|j|☆Promesus
|player|p2|Promesus|hilbert-wonderlauncher|
