|j|‽redpkmntrainer14
|j|☆owbd
|html|redpkmntrainer14owbd    
|uhtml|bestof|Game 2 of a best-of-3
|t:|1784193771
|gametype|doubles
|player|p1|redpkmntrainer14|guitarist|1070
|player|p2|owbd|cynthia-gen4|1163
|gen|9
|tier|[Gen 9 Champions] VGC 2026 Reg M-B (Bo3)
|rated|
|rule|Species Clause: Limit one of each Pokémon
|rule|Item Clause: Limit 1 of each item
|clearpoke
|poke|p1|Charizard, L50, M|
|poke|p1|Sinistcha, L50|
|poke|p1|Sneasler, L50, M|
|poke|p1|Kingambit, L50, M|
|poke|p1|Scizor, L50, M, shiny|
|poke|p1|Glimmora, L50, F|
|poke|p2|Charizard, L50, M|
|poke|p2|Floette-Eternal, L50, F|
|poke|p2|Kingambit, L50, F|
|poke|p2|Garchomp, L50, M|
|poke|p2|Basculegion, L50, M|
|poke|p2|Whimsicott, L50, F|
|teampreview|4
|showteam|p1|Charizard||CharizarditeX|Blaze|BellyDrum,BreakingSwipe,FlareBlitz,Protect|Jolly||M|||50|]Sinistcha||SitrusBerry|Hospitality|RagePowder,MatchaGotcha,LifeDew,StrengthSap|Modest|||||50|]Sneasler||FocusSash|PoisonTouch|DireClaw,Uturn,CloseCombat,FakeOut|Adamant||M|||50|]Kingambit||LifeOrb|SupremeOverlord|Protect,KowtowCleave,IronHead,SuckerPunch|Adamant||M|||50|]Scizor||Scizorite|Technician|BulletPunch,CloseCombat,SwordsDance,BugBite|Adamant||M|||50|]Glimmora||ShucaBerry|ToxicDebris|DazzlingGleam,EarthPower,PowerGem,SludgeBomb|Modest||F|||50|
|showteam|p2|Charizard||CharizarditeY|Blaze|HeatWave,WeatherBall,SolarBeam,Protect|Modest||M|||50|]Floette-Eternal||Floettite|FlowerVeil|Moonblast,DazzlingGleam,LightofRuin,Protect|Modest||F|||50|]Kingambit||ChopleBerry|Defiant|IronHead,KowtowCleave,SuckerPunch,LowKick|Adamant||F|||50|]Garchomp||RoseliBerry|RoughSkin|DragonClaw,Earthquake,RockSlide,PoisonJab|Jolly||M|||50|]Basculegion||LifeOrb|Adaptability|WaveCrash,LastRespects,AquaJet,Protect|Adamant||M|||50|]Whimsicott||FocusSash|Prankster|Moonblast,Encore,Tailwind,Protect|Timid||F|||50|
|
|t:|1784193788
|teamsize|p1|4
|teamsize|p2|4
|start
|switch|p1a: Sneasler|Sneasler, L50, M|100/100
|switch|p1b: Charizard|Charizard, L50, M|100/100
|switch|p2a: Charizard|Charizard, L50, M|100/100
|switch|p2b: Whimsicott|Whimsicott, L50, F|100/100
|turn|1
|
|t:|1784193800
|detailschange|p1b: Charizard|Charizard-Mega-X, L50, M
|-mega|p1b: Charizard|Charizard|Charizardite X
|move|p2a: Charizard|Protect|p2a: Charizard
|-singleturn|p2a: Charizard|Protect
|move|p1a: Sneasler|Fake Out|p2b: Whimsicott
|-damage|p2b: Whimsicott|75/100
|cant|p2b: Whimsicott|flinch
|move|p1b: Charizard|Belly Drum|p1b: Charizard
|-damage|p1b: Charizard|50/100g
|-setboost|p1b: Charizard|atk|6|[from] move: Belly Drum
|
|upkeep
|turn|2
|
|t:|1784193826
|detailschange|p2a: Charizard|Charizard-Mega-Y, L50, M
|-mega|p2a: Charizard|Charizard|Charizardite Y
|-weather|SunnyDay|[from] ability: Drought|[of] p2a: Charizard
|move|p2b: Whimsicott|Tailwind|p2b: Whimsicott
|-sidestart|p2: owbd|move: Tailwind
|move|p2a: Charizard|Heat Wave|p1a: Sneasler|[spread] p1a,p1b
|-resisted|p1b: Charizard|2
|-damage|p1a: Sneasler|9/100
|-damage|p1b: Charizard|30/100
|move|p1a: Sneasler|U-turn|p2b: Whimsicott
|-damage|p2b: Whimsicott|37/100
|
|t:|1784193835
|switch|p1a: Sinistcha|Sinistcha, L50|100/100|[from] U-turn
|-heal|p1b: Charizard|54/100|[from] ability: Hospitality|[of] p1a: Sinistcha
|move|p1b: Charizard|Breaking Swipe|p2a: Charizard|[spread] p2a
|-immune|p2b: Whimsicott
|-damage|p2a: Charizard|0 fnt
|faint|p2a: Charizard
|
|-weather|SunnyDay|[upkeep]
|upkeep
|
|t:|1784193847
|switch|p2a: Basculegion|Basculegion, L50, M|100/100
|turn|3
|inactive|Battle timer is ON: inactive players will automatically lose when time's up. (requested by redpkmntrainer14)
|
|t:|1784193866
|move|p1b: Charizard|Protect|p1b: Charizard
|-singleturn|p1b: Charizard|Protect
|move|p2b: Whimsicott|Moonblast|p1b: Charizard
|-activate|p1b: Charizard|move: Protect
|move|p2a: Basculegion|Last Respects|p1b: Charizard
|-activate|p1b: Charizard|move: Protect
|move|p1a: Sinistcha|Matcha Gotcha|p2a: Basculegion|[spread] p2a,p2b
|-supereffective|p2a: Basculegion|1
|-resisted|p2b: Whimsicott|1
|-damage|p2a: Basculegion|44/100
|-damage|p2b: Whimsicott|14/100
|-status|p2a: Basculegion|brn
|
|-weather|SunnyDay|[upkeep]
|-damage|p2a: Basculegion|38/100 brn|[from] brn
|upkeep
|turn|4
|
|t:|1784193890
|move|p2b: Whimsicott|Encore|p1b: Charizard
|-start|p1b: Charizard|Encore
|move|p1b: Charizard|Protect|p1b: Charizard
|-singleturn|p1b: Charizard|Protect
|move|p2a: Basculegion|Last Respects|p1a: Sinistcha
|-supereffective|p1a: Sinistcha|1
|-damage|p1a: Sinistcha|13/100
|-enditem|p1a: Sinistcha|Sitrus Berry|[eat]
|-heal|p1a: Sinistcha|37/100|[from] item: Sitrus Berry
|-damage|p2a: Basculegion|28/100 brn|[from] item: Life Orb
|move|p1a: Sinistcha|Matcha Gotcha|p2a: Basculegion|[spread] p2a,p2b
|-supereffective|p2a: Basculegion|1
|-resisted|p2b: Whimsicott|1
|-damage|p2a: Basculegion|0 fnt
|-heal|p1a: Sinistcha|56/100|[from] drain|[of] p2a: Basculegion
|-damage|p2b: Whimsicott|0 fnt
|-heal|p1a: Sinistcha|63/100|[from] drain|[of] p2b: Whimsicott
|faint|p2a: Basculegion
|faint|p2b: Whimsicott
|
|-weather|SunnyDay|[upkeep]
|upkeep
|inactive|owbd has 30 seconds left.
|
|t:|1784193915
|switch|p2a: Garchomp|Garchomp, L50, M|100/100
|turn|5
|
|t:|1784193924
|move|p1b: Charizard|Protect||[still]
|-fail|p1b: Charizard
|move|p2a: Garchomp|Earthquake|p1b: Charizard|[spread] p1a,p1b
|-resisted|p1a: Sinistcha|1
|-supereffective|p1b: Charizard|1
|-damage|p1a: Sinistcha|45/100
|-damage|p1b: Charizard|0 fnt
|faint|p1b: Charizard
|move|p1a: Sinistcha|Strength Sap|p2a: Garchomp
|-unboost|p2a: Garchomp|atk|1
|-heal|p1a: Sinistcha|100/100
|
|-weather|SunnyDay|[upkeep]
|-sideend|p2: owbd|move: Tailwind
|upkeep
|
|t:|1784193927
|switch|p1b: Sneasler|Sneasler, L50, M|9/100
|turn|6
|
|t:|1784193938
|move|p1b: Sneasler|Close Combat|p2a: Garchomp
|-damage|p2a: Garchomp|30/100
|-unboost|p1b: Sneasler|def|1
|-unboost|p1b: Sneasler|spd|1
|-damage|p1b: Sneasler|0 fnt|[from] ability: Rough Skin|[of] p2a: Garchomp
|faint|p1b: Sneasler
|move|p2a: Garchomp|Earthquake|p1a: Sinistcha
|-resisted|p1a: Sinistcha|1
|-damage|p1a: Sinistcha|84/100
|move|p1a: Sinistcha|Matcha Gotcha|p2a: Garchomp
|-damage|p2a: Garchomp|0 fnt
|-heal|p1a: Sinistcha|100/100|[from] drain|[of] p2a: Garchomp
|faint|p2a: Garchomp
|
|win|redpkmntrainer14
||redpkmntrainer14 is ready for game 3.
|l|‽redpkmntrainer14
|player|p1|
||owbd is ready for game 3.
|uhtml|next|Next: Game 3 of 3
