|j|☆aygguan
|j|☆Iceman5687
|html|aygguanIceman5687    
|uhtml|bestof|Game 3 of a best-of-3
|t:|1782464725
|gametype|doubles
|player|p1|aygguan|1|1120
|player|p2|Iceman5687|101|1197
|gen|9
|tier|[Gen 9 Champions] VGC 2026 Reg M-B (Bo3)
|rated|
|rule|Species Clause: Limit one of each Pokémon
|rule|Item Clause: Limit 1 of each item
|clearpoke
|poke|p1|Incineroar, L50, M|
|poke|p1|Farigiraf, L50, F|
|poke|p1|Torkoal, L50, F|
|poke|p1|Maushold, L50|
|poke|p1|Mawile, L50, F|
|poke|p1|Pyroar, L50, M|
|poke|p2|Floette-Eternal, L50, F|
|poke|p2|Charizard, L50, M|
|poke|p2|Kingambit, L50, F|
|poke|p2|Whimsicott, L50, M|
|poke|p2|Basculegion, L50, M|
|poke|p2|Garchomp, L50, F|
|teampreview|4
|showteam|p1|Incineroar||WhiteHerb|Intimidate|FakeOut,FlareBlitz,DarkestLariat,CloseCombat|Brave||M|||50|]Farigiraf||SitrusBerry|ArmorTail|TwinBeam,HelpingHand,TrickRoom,Protect|Bold||F|||50|]Torkoal||Charcoal|Drought|Eruption,WeatherBall,HelpingHand,Protect|Modest||F|||50|]Maushold||WideLens|Technician|PopulationBomb,Charm,FollowMe,Protect|Jolly|||||50|]Mawile||Mawilite|Intimidate|PlayRough,SuckerPunch,SwordsDance,Protect|Adamant||F|||50|]Pyroar||Pyroarite|Unnerve|Overheat,HeatWave,SolarBeam,Protect|Timid||M|||50|
|showteam|p2|Floette-Eternal||Floettite|FlowerVeil|LightofRuin,Moonblast,DazzlingGleam,Protect|Modest||F|||50|]Charizard||CharizarditeY|Blaze|SolarBeam,HeatWave,WeatherBall,Protect|Modest||M|||50|]Kingambit||ChopleBerry|Defiant|IronHead,LowKick,KowtowCleave,SuckerPunch|Adamant||F|||50|]Whimsicott||FocusSash|Prankster|Moonblast,Tailwind,Encore,Protect|Timid||M|||50|]Basculegion||LifeOrb|Adaptability|WaveCrash,Protect,LastRespects,AquaJet|Adamant||M|||50|]Garchomp||RoseliBerry|RoughSkin|Earthquake,RockSlide,PoisonJab,DragonClaw|Adamant||F|||50|
|inactive|Battle timer is ON: inactive players will automatically lose when time's up. (requested by aygguan)
|inactive|Iceman5687 has 60 seconds left.
|
|t:|1782464762
|teamsize|p1|4
|teamsize|p2|4
|start
|switch|p1a: Farigiraf|Farigiraf, L50, F|100/100
|switch|p1b: Maushold|Maushold, L50|100/100
|switch|p2a: Charizard|Charizard, L50, M|100/100
|switch|p2b: Garchomp|Garchomp, L50, F|100/100
|turn|1
|
|t:|1782464776
|detailschange|p2a: Charizard|Charizard-Mega-Y, L50, M
|-mega|p2a: Charizard|Charizard|Charizardite Y
|-weather|SunnyDay|[from] ability: Drought|[of] p2a: Charizard
|move|p1b: Maushold|Population Bomb|p2a: Charizard
|-damage|p2a: Charizard|87/100
|-damage|p2a: Charizard|77/100
|-damage|p2a: Charizard|66/100
|-damage|p2a: Charizard|56/100
|-damage|p2a: Charizard|44/100
|-damage|p2a: Charizard|34/100
|-damage|p2a: Charizard|22/100
|-damage|p2a: Charizard|12/100
|-damage|p2a: Charizard|2/100
|-damage|p2a: Charizard|0 fnt
|faint|p2a: Charizard
|-hitcount|p2: Charizard|10
|move|p2b: Garchomp|Rock Slide|p1b: Maushold|[spread] p1a,p1b
|-damage|p1a: Farigiraf|84/100
|-damage|p1b: Maushold|69/100
|cant|p1a: Farigiraf|flinch
|
|-weather|SunnyDay|[upkeep]
|upkeep
|
|t:|1782464786
|switch|p2a: Basculegion|Basculegion, L50, M|100/100
|turn|2
|
|t:|1782464798
|move|p1b: Maushold|Charm|p2a: Basculegion
|-unboost|p2a: Basculegion|atk|2
|move|p2b: Garchomp|Rock Slide|p1b: Maushold|[spread] p1a
|-miss|p2b: Garchomp|p1b: Maushold
|-crit|p1a: Farigiraf
|-damage|p1a: Farigiraf|63/100
|move|p2a: Basculegion|Wave Crash|p1a: Farigiraf
|-damage|p1a: Farigiraf|41/100
|-enditem|p1a: Farigiraf|Sitrus Berry|[eat]
|-heal|p1a: Farigiraf|66/100|[from] item: Sitrus Berry
|-damage|p2a: Basculegion|91/100|[from] Recoil
|-damage|p2a: Basculegion|82/100|[from] item: Life Orb
|cant|p1a: Farigiraf|flinch
|
|-weather|SunnyDay|[upkeep]
|upkeep
|turn|3
|
|t:|1782464821
|switch|p2a: Whimsicott|Whimsicott, L50, M|100/100
|move|p1b: Maushold|Charm|p2b: Garchomp
|-unboost|p2b: Garchomp|atk|2
|move|p2b: Garchomp|Rock Slide|p1b: Maushold|[spread] p1a,p1b
|-damage|p1a: Farigiraf|58/100
|-damage|p1b: Maushold|53/100
|move|p1a: Farigiraf|Trick Room|p1a: Farigiraf
|-fieldstart|move: Trick Room|[of] p1a: Farigiraf
|
|-weather|SunnyDay|[upkeep]
|upkeep
|turn|4
|
|t:|1782464845
|move|p1a: Farigiraf|Twin Beam|p2b: Garchomp
|-damage|p2b: Garchomp|86/100
|-damage|p2b: Garchomp|71/100
|-hitcount|p2b: Garchomp|2
|move|p2b: Garchomp|Rock Slide|p1b: Maushold|[spread] p1a,p1b
|-damage|p1a: Farigiraf|51/100
|-damage|p1b: Maushold|36/100
|move|p1b: Maushold|Population Bomb|p2a: Whimsicott
|-crit|p2a: Whimsicott
|-damage|p2a: Whimsicott|79/100
|-crit|p2a: Whimsicott
|-damage|p2a: Whimsicott|59/100
|-damage|p2a: Whimsicott|45/100
|-damage|p2a: Whimsicott|31/100
|-damage|p2a: Whimsicott|19/100
|-damage|p2a: Whimsicott|6/100
|-damage|p2a: Whimsicott|0 fnt
|faint|p2a: Whimsicott
|-hitcount|p2: Whimsicott|7
|
|-weather|SunnyDay|[upkeep]
|upkeep
|
|t:|1782464855
|switch|p2a: Basculegion|Basculegion, L50, M|82/100
|turn|5
|
|t:|1782464868
|move|p1a: Farigiraf|Twin Beam|p2b: Garchomp
|-damage|p2b: Garchomp|58/100
|-damage|p2b: Garchomp|44/100
|-hitcount|p2b: Garchomp|2
|move|p2a: Basculegion|Wave Crash|p1b: Maushold
|-damage|p1b: Maushold|0 fnt
|faint|p1b: Maushold
|-damage|p2a: Basculegion|72/100|[from] Recoil
|-damage|p2a: Basculegion|63/100|[from] item: Life Orb
|move|p2b: Garchomp|Rock Slide|p1a: Farigiraf
|-damage|p1a: Farigiraf|40/100
|
|-weather|none
|upkeep
|
|t:|1782464876
|switch|p1b: Torkoal|Torkoal, L50, F|100/100
|-weather|SunnyDay|[from] ability: Drought|[of] p1b: Torkoal
|turn|6
|
|t:|1782464888
|move|p1a: Farigiraf|Helping Hand|p1b: Torkoal
|-singleturn|p1b: Torkoal|Helping Hand|[of] p1a: Farigiraf
|move|p2a: Basculegion|Protect|p2a: Basculegion
|-singleturn|p2a: Basculegion|Protect
|move|p1b: Torkoal|Eruption|p2b: Garchomp|[spread] p2b
|-activate|p2a: Basculegion|move: Protect
|-resisted|p2b: Garchomp|1
|-damage|p2b: Garchomp|0 fnt
|faint|p2b: Garchomp
|
|-weather|SunnyDay|[upkeep]
|upkeep
|turn|7
|-message|Iceman5687 forfeited.
|
|win|aygguan
|raw|aygguan's rating: 1120 → 1150(+30 for winning)
|raw|Iceman5687's rating: 1197 → 1167(-30 for losing)
