|j|☆sweetlysunny
|j|☆helio list
|html|sweetlysunnyhelio list    
|uhtml|bestof|Game 3 of a best-of-3
|t:|1783877682
|gametype|doubles
|player|p1|sweetlysunny|serena|1196
|player|p2|helio list|102|1319
|gen|9
|tier|[Gen 9 Champions] VGC 2026 Reg M-B (Bo3)
|rated|
|rule|Species Clause: Limit one of each Pokémon
|rule|Item Clause: Limit 1 of each item
|clearpoke
|poke|p1|Torkoal, L50, M|
|poke|p1|Pyroar, L50, F|
|poke|p1|Vileplume, L50, M|
|poke|p1|Scrafty, L50, M|
|poke|p1|Farigiraf, L50, F|
|poke|p1|Sylveon, L50, M|
|poke|p2|Garchomp, L50, F|
|poke|p2|Talonflame, L50, M|
|poke|p2|Floette-Eternal, L50, F|
|poke|p2|Basculegion, L50, M|
|poke|p2|Vivillon-Pokeball, L50, F|
|poke|p2|Kingambit, L50, F|
|teampreview|4
|showteam|p1|Torkoal||Charcoal|Drought|HeatWave,Eruption,HelpingHand,Protect|Quiet||M|||50|]Pyroar||Pyroarite|Unnerve|HeatWave,Overheat,ScorchingSands,Protect|Timid||F|||50|]Vileplume||FocusSash|Chlorophyll|EnergyBall,SludgeBomb,SleepPowder,AfterYou|Timid||M|||50|]Scrafty||Scraftinite|Intimidate|FakeOut,CloseCombat,PoisonJab,KnockOff|Brave||M|||50|]Farigiraf||SitrusBerry|ArmorTail|HyperVoice,Psychic,HelpingHand,TrickRoom|Bold||F|||50|]Sylveon||FairyFeather|Pixilate|HyperVoice,HyperBeam,QuickAttack,Protect|Quiet||M|||50|
|showteam|p2|Garchomp||LifeOrb|RoughSkin|Earthquake,RockSlide,DragonClaw,Protect|Jolly||F|||50|]Talonflame||SharpBeak|GaleWings|DualWingbeat,FlareBlitz,Tailwind,Protect|Jolly||M|||50|]Floette-Eternal||Floettite|FlowerVeil|CalmMind,Protect,LightofRuin,DazzlingGleam|Modest||F|||50|]Basculegion||FocusSash|Adaptability|Liquidation,LastRespects,AquaJet,Protect|Adamant||M|||50|]Vivillon-Pokeball||ChoiceScarf|CompoundEyes|SleepPowder,Tailwind,RagePowder,Hurricane|Timid||F|||50|]Kingambit||OccaBerry|Defiant|SuckerPunch,KowtowCleave,IronHead,Protect|Adamant||F|||50|
|inactive|Battle timer is ON: inactive players will automatically lose when time's up. (requested by helio list)
|inactive|sweetlysunny also wants the timer to be on.
|inactive|sweetlysunny has 60 seconds left.
|
|t:|1783877717
|teamsize|p1|4
|teamsize|p2|4
|start
|switch|p1a: Farigiraf|Farigiraf, L50, F|100/100
|switch|p1b: Scrafty|Scrafty, L50, M|100/100
|switch|p2a: Vivillon|Vivillon-Pokeball, L50, F|100/100
|switch|p2b: Floette|Floette-Eternal, L50, F|100/100
|-ability|p1b: Scrafty|Intimidate|boost
|-unboost|p2a: Vivillon|atk|1
|-unboost|p2b: Floette|atk|1
|turn|1
|inactive|helio list has 30 seconds left.
|
|t:|1783877747
|detailschange|p2b: Floette|Floette-Mega, L50, F
|-mega|p2b: Floette|Floette|Floettite
|-ability|p2b: Floette|Fairy Aura
|detailschange|p1b: Scrafty|Scrafty-Mega, L50, M
|-mega|p1b: Scrafty|Scrafty|Scraftinite
|-ability|p1b: Scrafty|Intimidate|boost
|-unboost|p2a: Vivillon|atk|1
|-unboost|p2b: Floette|atk|1
|move|p1b: Scrafty|Fake Out|p2a: Vivillon
|-damage|p2a: Vivillon|78/100
|cant|p2a: Vivillon|flinch
|move|p2b: Floette|Light of Ruin|p1a: Farigiraf
|-damage|p1a: Farigiraf|0 fnt
|faint|p1a: Farigiraf
|-damage|p2b: Floette|32/100|[from] Recoil
|
|upkeep
|
|t:|1783877763
|switch|p1a: Torkoal|Torkoal, L50, M|100/100
|-weather|SunnyDay|[from] ability: Drought|[of] p1a: Torkoal
|turn|2
|
|t:|1783877776
|move|p2a: Vivillon|Sleep Powder|p1a: Torkoal
|-status|p1a: Torkoal|slp|[from] move: Sleep Powder
|move|p2b: Floette|Dazzling Gleam|p1b: Scrafty|[spread] p1a,p1b
|-resisted|p1a: Torkoal|1
|-supereffective|p1b: Scrafty|2
|-damage|p1a: Torkoal|66/100 slp
|-damage|p1b: Scrafty|0 fnt
|faint|p1b: Scrafty
|cant|p1a: Torkoal|slp
|
|-weather|SunnyDay|[upkeep]
|upkeep
|
|t:|1783877781
|switch|p1b: Pyroar|Pyroar, L50, F|100/100
|-ability|p1b: Pyroar|Unnerve
|turn|3
|
|t:|1783877799
|move|p1b: Pyroar|Protect|p1b: Pyroar
|-singleturn|p1b: Pyroar|Protect
|move|p2a: Vivillon|Sleep Powder|p1b: Pyroar
|-activate|p1b: Pyroar|move: Protect
|move|p2b: Floette|Dazzling Gleam|p1a: Torkoal|[spread] p1a
|-activate|p1b: Pyroar|move: Protect
|-resisted|p1a: Torkoal|1
|-damage|p1a: Torkoal|32/100 slp
|cant|p1a: Torkoal|slp
|
|-weather|SunnyDay|[upkeep]
|upkeep
|turn|4
|
|t:|1783877810
|move|p2a: Vivillon|Sleep Powder|p1b: Pyroar
|-status|p1b: Pyroar|slp|[from] move: Sleep Powder
|cant|p1b: Pyroar|slp
|move|p2b: Floette|Dazzling Gleam|p1a: Torkoal|[spread] p1a,p1b
|-resisted|p1a: Torkoal|1
|-resisted|p1b: Pyroar|1
|-damage|p1a: Torkoal|0 fnt
|-damage|p1b: Pyroar|63/100 slp
|faint|p1a: Torkoal
|
|-weather|SunnyDay|[upkeep]
|upkeep
|turn|5
|
|t:|1783877819
|switch|p2a: Basculegion|Basculegion, L50, M|100/100
|-curestatus|p1b: Pyroar|slp|[msg]
|move|p1b: Pyroar|Heat Wave|p2a: Basculegion|[spread] p2a,p2b
|-resisted|p2a: Basculegion|1
|-damage|p2a: Basculegion|73/100
|-damage|p2b: Floette|0 fnt
|faint|p2b: Floette
|
|-weather|SunnyDay|[upkeep]
|upkeep
|
|t:|1783877822
|switch|p2b: Vivillon|Vivillon-Pokeball, L50, F|78/100
|turn|6
|
|t:|1783877827
|move|p2b: Vivillon|Sleep Powder|p1b: Pyroar|[miss]
|-miss|p2b: Vivillon|p1b: Pyroar
|move|p1b: Pyroar|Heat Wave|p2b: Vivillon|[spread] p2a,p2b
|-resisted|p2a: Basculegion|1
|-crit|p2a: Basculegion
|-supereffective|p2b: Vivillon|1
|-damage|p2a: Basculegion|29/100
|-damage|p2b: Vivillon|0 fnt
|faint|p2b: Vivillon
|move|p2a: Basculegion|Liquidation|p1b: Pyroar
|-supereffective|p1b: Pyroar|1
|-damage|p1b: Pyroar|0 fnt
|faint|p1b: Pyroar
|
|win|helio list
|raw|sweetlysunny's rating: 1196 → 1179(-17 for losing)
|raw|helio list's rating: 1319 → 1332(+13 for winning)
