|j|☆markingdra
|j|☆KingDom1992
|html|markingdraKingDom1992    
|uhtml|bestof|Game 2 of a best-of-3
|t:|1756255649
|gametype|doubles
|player|p1|markingdra|unknown|1138
|player|p2|KingDom1992|brock|1192
|gen|9
|tier|[Gen 9] VGC 2025 Reg H (Bo3)
|rated|
|rule|Species Clause: Limit one of each Pokémon
|rule|Item Clause: Limit 1 of each item
|clearpoke
|poke|p1|Archaludon, L50, M|
|poke|p1|Rillaboom, L50, M|
|poke|p1|Basculegion, L50, M|
|poke|p1|Kingambit, L50, F|
|poke|p1|Pelipper, L50, M|
|poke|p1|Electabuzz, L50, M|
|poke|p2|Gholdengo, L50|
|poke|p2|Sneasler, L50, F|
|poke|p2|Incineroar, L50, M|
|poke|p2|Amoonguss, L50, M|
|poke|p2|Dragonite, L50, F|
|poke|p2|Ursaluna-Bloodmoon, L50, M|
|teampreview|4
|showteam|p1|Archaludon||AssaultVest|Stamina|ElectroShot,DracoMeteor,FlashCannon,BodyPress|||M|||50|,,,,,Bug]Rillaboom||LoadedDice|GrassySurge|BulletSeed,GrassyGlide,FakeOut,HighHorsepower|||M|||50|,,,,,Fire]Basculegion||ChoiceBand|SwiftSwim|WaveCrash,LastRespects,FlipTurn,AquaJet|||M|||50|,,,,,Grass]Kingambit||BlackGlasses|Defiant|KowtowCleave,SuckerPunch,SwordsDance,Protect|||F|||50|,,,,,Dark]Pelipper||FocusSash|Drizzle|WeatherBall,Hurricane,Tailwind,Protect|||M|||50|,,,,,Ghost]Electabuzz||Eviolite|VitalSpirit|Electroweb,Taunt,FollowMe,Protect|||M|||50|,,,,,Ghost
|showteam|p2|Gholdengo||LifeOrb|GoodasGold|MakeItRain,ShadowBall,NastyPlot,Protect||||||50|,,,,,Water]Sneasler||FocusSash|PoisonTouch|FakeOut,CloseCombat,DireClaw,Protect|||F|||50|,,,,,Stellar]Incineroar||SafetyGoggles|Intimidate|FakeOut,FlareBlitz,KnockOff,PartingShot|||M|||50|,,,,,Ghost]Amoonguss||SitrusBerry|Regenerator|Spore,RagePowder,PollenPuff,Protect|||M|||50|,,,,,Water]Dragonite||LoadedDice|Multiscale|ScaleShot,Haze,Tailwind,ExtremeSpeed|||F|||50|,,,,,Fairy]Ursaluna-Bloodmoon||AssaultVest|MindsEye|HyperVoice,BloodMoon,EarthPower,VacuumWave|||M|||50|,,,,,Normal
|inactive|Battle timer is ON: inactive players will automatically lose when time's up. (requested by KingDom1992)
|inactive|KingDom1992 has 60 seconds left.
|j| teamthief420
|
|t:|1756255701
|teamsize|p1|4
|teamsize|p2|4
|start
|switch|p1a: Basculegion|Basculegion, L50, M, shiny|100/100
|switch|p1b: Pelipper|Pelipper, L50, M|100/100
|switch|p2a: Sneasler|Sneasler, L50, F, shiny|100/100
|switch|p2b: Dragonite|Dragonite, L50, F|100/100
|-weather|RainDance|[from] ability: Drizzle|[of] p1b: Pelipper
|turn|1
|
|t:|1756255717
|move|p2a: Sneasler|Fake Out|p1b: Pelipper
|-damage|p1b: Pelipper|81/100
|move|p1a: Basculegion|Flip Turn|p2a: Sneasler
|-enditem|p2a: Sneasler|Focus Sash
|-damage|p2a: Sneasler|1/100
|
|t:|1756255722
|switch|p1a: Archaludon|Archaludon, L50, M, shiny|100/100|[from] Flip Turn
|move|p2b: Dragonite|Tailwind|p2b: Dragonite
|-sidestart|p2: KingDom1992|move: Tailwind
|cant|p1b: Pelipper|flinch
|
|-weather|RainDance|[upkeep]
|upkeep
|turn|2
|
|t:|1756255737
|switch|p2a: Amoonguss|Amoonguss, L50, M, shiny|100/100
|switch|p1b: Electabuzz|Electabuzz, L50, M, shiny|100/100
|-terastallize|p1a: Archaludon|Bug
|move|p2b: Dragonite|Scale Shot|p1b: Electabuzz
|-damage|p1b: Electabuzz|89/100
|-damage|p1b: Electabuzz|77/100
|-damage|p1b: Electabuzz|65/100
|-damage|p1b: Electabuzz|53/100
|-hitcount|p1b: Electabuzz|4
|-unboost|p2b: Dragonite|def|1
|-boost|p2b: Dragonite|spe|1
|move|p1a: Archaludon|Electro Shot||[still]
|-prepare|p1a: Archaludon|Electro Shot
|-boost|p1a: Archaludon|spa|1
|-anim|p1a: Archaludon|Electro Shot|p2a: Amoonguss
|-resisted|p2a: Amoonguss
|-damage|p2a: Amoonguss|74/100
|
|-weather|RainDance|[upkeep]
|upkeep
|turn|3
|
|t:|1756255759
|move|p2a: Amoonguss|Rage Powder|p2a: Amoonguss
|-singleturn|p2a: Amoonguss|move: Rage Powder
|move|p2b: Dragonite|Scale Shot|p1b: Electabuzz
|-damage|p1b: Electabuzz|40/100
|-damage|p1b: Electabuzz|28/100
|-damage|p1b: Electabuzz|16/100
|-damage|p1b: Electabuzz|5/100
|-hitcount|p1b: Electabuzz|4
|-unboost|p2b: Dragonite|def|1
|-boost|p2b: Dragonite|spe|1
|move|p1b: Electabuzz|Taunt|p2a: Amoonguss
|-start|p2a: Amoonguss|move: Taunt
|move|p1a: Archaludon|Electro Shot||[still]
|-prepare|p1a: Archaludon|Electro Shot
|-boost|p1a: Archaludon|spa|1
|-anim|p1a: Archaludon|Electro Shot|p2a: Amoonguss
|-resisted|p2a: Amoonguss
|-damage|p2a: Amoonguss|39/100
|-enditem|p2a: Amoonguss|Sitrus Berry|[eat]
|-heal|p2a: Amoonguss|64/100|[from] item: Sitrus Berry
|
|-weather|RainDance|[upkeep]
|upkeep
|turn|4
|
|t:|1756255777
|move|p1b: Electabuzz|Protect|p1b: Electabuzz
|-singleturn|p1b: Electabuzz|Protect
|move|p2b: Dragonite|Haze|p2b: Dragonite
|-clearallboost
|move|p1a: Archaludon|Flash Cannon|p2b: Dragonite
|-damage|p2b: Dragonite|80/100
|move|p2a: Amoonguss|Pollen Puff|p1b: Electabuzz
|-activate|p1b: Electabuzz|move: Protect
|
|-weather|RainDance|[upkeep]
|-sideend|p2: KingDom1992|move: Tailwind
|upkeep
|turn|5
|inactive|markingdra has 30 seconds left.
|
|t:|1756255807
|switch|p1b: Basculegion|Basculegion, L50, M, shiny|100/100
|move|p2b: Dragonite|Extreme Speed|p1b: Basculegion
|-immune|p1b: Basculegion
|move|p1a: Archaludon|Electro Shot||[still]
|-prepare|p1a: Archaludon|Electro Shot
|-boost|p1a: Archaludon|spa|1
|-anim|p1a: Archaludon|Electro Shot|p2b: Dragonite
|-damage|p2b: Dragonite|23/100
|move|p2a: Amoonguss|Pollen Puff|p2b: Dragonite
|-heal|p2b: Dragonite|72/100
|
|-weather|none
|upkeep
|turn|6
|inactive|KingDom1992 has 30 seconds left.
|inactive|KingDom1992 has 20 seconds left.
|inactive|KingDom1992 has 15 seconds left.
|inactive|KingDom1992 has 10 seconds left.
|
|t:|1756255853
|switch|p2b: Ursaluna|Ursaluna-Bloodmoon, L50, M|100/100
|switch|p1b: Pelipper|Pelipper, L50, M|81/100
|-weather|RainDance|[from] ability: Drizzle|[of] p1b: Pelipper
|move|p1a: Archaludon|Electro Shot||[still]
|-prepare|p1a: Archaludon|Electro Shot
|-boost|p1a: Archaludon|spa|1
|-anim|p1a: Archaludon|Electro Shot|p2b: Ursaluna
|-immune|p2b: Ursaluna
|move|p2a: Amoonguss|Pollen Puff|p2b: Ursaluna
|
|-weather|RainDance|[upkeep]
|-end|p2a: Amoonguss|move: Taunt
|upkeep
|turn|7
|inactive|markingdra has 30 seconds left.
|inactive|KingDom1992 has 30 seconds left.
|
|t:|1756255883
|switch|p1b: Basculegion|Basculegion, L50, M, shiny|100/100
|-terastallize|p2b: Ursaluna|Normal
|move|p1a: Archaludon|Draco Meteor|p2a: Amoonguss
|-crit|p2a: Amoonguss
|-damage|p2a: Amoonguss|0 fnt
|-unboost|p1a: Archaludon|spa|2
|faint|p2a: Amoonguss
|move|p2b: Ursaluna|Blood Moon|p1b: Basculegion
|-damage|p1b: Basculegion|0 fnt
|faint|p1b: Basculegion
|
|-weather|RainDance|[upkeep]
|upkeep
|
|t:|1756255899
|switch|p1b: Electabuzz|Electabuzz, L50, M, shiny|5/100
|switch|p2a: Sneasler|Sneasler, L50, F, shiny|1/100
|turn|8
|
|t:|1756255913
|switch|p1a: Pelipper|Pelipper, L50, M|81/100
|move|p2a: Sneasler|Fake Out|p1a: Pelipper
|-damage|p1a: Pelipper|64/100
|move|p1b: Electabuzz|Electroweb|p2b: Ursaluna|[spread] p2a,p2b
|-damage|p2a: Sneasler|0 fnt
|-damage|p2b: Ursaluna|90/100
|-unboost|p2b: Ursaluna|spe|1
|faint|p2a: Sneasler
|move|p2b: Ursaluna|Hyper Voice|p1a: Pelipper|[spread] p1a,p1b
|-damage|p1a: Pelipper|0 fnt
|-damage|p1b: Electabuzz|0 fnt
|faint|p1a: Pelipper
|faint|p1b: Electabuzz
|
|-weather|RainDance|[upkeep]
|upkeep
|
|t:|1756255921
|switch|p2a: Dragonite|Dragonite, L50, F|72/100
|switch|p1b: Archaludon|Archaludon, L50, M, shiny, tera:Bug|100/100
|turn|9
|
|t:|1756255933
|move|p2a: Dragonite|Tailwind|p2a: Dragonite
|-sidestart|p2: KingDom1992|move: Tailwind
|move|p2b: Ursaluna|Blood Moon|p1b: Archaludon
|-damage|p1b: Archaludon|27/100
|-ability|p1b: Archaludon|Stamina|boost
|-boost|p1b: Archaludon|def|1
|move|p1b: Archaludon|Draco Meteor|p2a: Dragonite
|-supereffective|p2a: Dragonite
|-damage|p2a: Dragonite|0 fnt
|-unboost|p1b: Archaludon|spa|2
|faint|p2a: Dragonite
|
|-weather|RainDance|[upkeep]
|upkeep
|turn|10
|
|t:|1756255945
|move|p2b: Ursaluna|Hyper Voice|p1b: Archaludon
|-damage|p1b: Archaludon|0 fnt
|faint|p1b: Archaludon
|
|win|KingDom1992
|raw|markingdra's rating: 1138 → 1117(-21 for losing)
|raw|KingDom1992's rating: 1192 → 1213(+21 for winning)
|l|☆markingdra
|player|p1|
