|j|☆SnowyPex
|j|☆lettitripppp
|html|SnowyPexlettitripppp    
|uhtml|bestof|Game 2 of a best-of-3
|t:|1783367050
|gametype|doubles
|player|p1|SnowyPex|volkner|1258
|player|p2|lettitripppp|lucas|1318
|gen|9
|tier|[Gen 9 Champions] VGC 2026 Reg M-B (Bo3)
|rated|
|rule|Species Clause: Limit one of each Pokémon
|rule|Item Clause: Limit 1 of each item
|clearpoke
|poke|p1|Froslass, L50, F|
|poke|p1|Toxapex, L50, F|
|poke|p1|Kingambit, L50, F|
|poke|p1|Sneasler, L50, F|
|poke|p1|Garchomp, L50, M|
|poke|p1|Talonflame, L50, F|
|poke|p2|Charizard, L50, M|
|poke|p2|Basculegion, L50, M|
|poke|p2|Whimsicott, L50, F, shiny|
|poke|p2|Garchomp, L50, F, shiny|
|poke|p2|Floette-Eternal, L50, F|
|poke|p2|Kingambit, L50, F, shiny|
|teampreview|4
|showteam|p1|Froslass||Froslassite|SnowCloak|Blizzard,ShadowBall,AuroraVeil,Protect|Modest||F|||50|]Toxapex||Leftovers|Regenerator|Toxic,Infestation,WideGuard,BanefulBunker|Calm||F|||50|]Kingambit||ChopleBerry|Defiant|KowtowCleave,SuckerPunch,LowKick,Protect|Adamant||F|||50|]Sneasler||WhiteHerb|Unburden|DireClaw,CloseCombat,FakeOut,Protect|Jolly||F|||50|]Garchomp||SitrusBerry|RoughSkin|StompingTantrum,DragonClaw,RockSlide,Protect|Adamant||M|||50|]Talonflame||FocusSash|GaleWings|Protect,Tailwind,DualWingbeat,WillOWisp|Jolly||F|||50|
|showteam|p2|Charizard||CharizarditeY|Blaze|WeatherBall,SolarBeam,HeatWave,Protect|Modest||M|||50|]Basculegion||MysticWater|Adaptability|LastRespects,WaveCrash,AquaJet,Protect|Adamant||M|||50|]Whimsicott||FocusSash|Prankster|Moonblast,Tailwind,Encore,Protect|Timid||F|||50|]Garchomp||LifeOrb|RoughSkin|DragonClaw,Earthquake,RockSlide,Protect|Jolly||F|||50|]Floette-Eternal||Floettite|FlowerVeil|DazzlingGleam,LightofRuin,Moonblast,Protect|Modest||F|||50|]Kingambit||ChopleBerry|Defiant|KowtowCleave,SuckerPunch,IronHead,LowKick|Adamant||F|||50|
|inactive|Battle timer is ON: inactive players will automatically lose when time's up. (requested by SnowyPex)
|inactive|lettitripppp also wants the timer to be on.
|inactive|SnowyPex has 60 seconds left.
|
|t:|1783367086
|teamsize|p1|4
|teamsize|p2|4
|start
|switch|p1a: Kingambit|Kingambit, L50, F|100/100
|switch|p1b: Toxapex|Toxapex, L50, F|100/100
|switch|p2a: GHOSTWAVE|Basculegion, L50, M|100/100
|switch|p2b: LETS GO GO|Whimsicott, L50, F, shiny|100/100
|turn|1
|
|t:|1783367096
|move|p2b: LETS GO GO|Moonblast|p1a: Kingambit
|-damage|p1a: Kingambit|73/100
|move|p2a: GHOSTWAVE|Wave Crash|p1a: Kingambit
|-damage|p1a: Kingambit|6/100
|-damage|p2a: GHOSTWAVE|78/100|[from] Recoil
|move|p1a: Kingambit|Kowtow Cleave|p2a: GHOSTWAVE
|-supereffective|p2a: GHOSTWAVE|1
|-damage|p2a: GHOSTWAVE|0 fnt
|faint|p2a: GHOSTWAVE
|move|p1b: Toxapex|Infestation|p2b: LETS GO GO
|-damage|p2b: LETS GO GO|95/100
|-activate|p2b: LETS GO GO|move: Infestation|[of] p1b: Toxapex
|
|-damage|p2b: LETS GO GO|83/100|[from] move: Infestation|[partiallytrapped]
|upkeep
|
|t:|1783367105
|switch|p2a: AGNI|Charizard, L50, M|100/100
|turn|2
|
|t:|1783367113
|move|p2a: AGNI|Protect|p2a: AGNI
|-singleturn|p2a: AGNI|Protect
|move|p1a: Kingambit|Sucker Punch||[still]
|-fail|p1a: Kingambit
|move|p2b: LETS GO GO|Moonblast|p1a: Kingambit
|-damage|p1a: Kingambit|0 fnt
|faint|p1a: Kingambit
|move|p1b: Toxapex|Toxic|p2b: LETS GO GO
|-status|p2b: LETS GO GO|tox
|
|-damage|p2b: LETS GO GO|77/100 tox|[from] psn
|-damage|p2b: LETS GO GO|65/100 tox|[from] move: Infestation|[partiallytrapped]
|upkeep
|
|t:|1783367126
|switch|p1a: Talonflame|Talonflame, L50, F|100/100
|turn|3
|
|t:|1783367132
|detailschange|p2a: AGNI|Charizard-Mega-Y, L50, M
|-mega|p2a: AGNI|Charizard|Charizardite Y
|-weather|SunnyDay|[from] ability: Drought|[of] p2a: AGNI
|move|p1a: Talonflame|Dual Wingbeat|p2b: LETS GO GO
|-supereffective|p2b: LETS GO GO|1
|-damage|p2b: LETS GO GO|22/100 tox
|-supereffective|p2b: LETS GO GO|1
|-damage|p2b: LETS GO GO|0 fnt
|faint|p2b: LETS GO GO
|-hitcount|p2: LETS GO GO|2
|move|p2a: AGNI|Weather Ball|p1a: Talonflame
|-resisted|p1a: Talonflame|1
|-damage|p1a: Talonflame|25/100
|move|p1b: Toxapex|Toxic|p2a: AGNI
|-status|p2a: AGNI|tox
|
|-weather|SunnyDay|[upkeep]
|-damage|p2a: AGNI|93/100 tox|[from] psn
|upkeep
|
|t:|1783367139
|switch|p2b: CRUSH SHARK|Garchomp, L50, F, shiny|100/100
|turn|4
|
|t:|1783367163
|move|p1b: Toxapex|Baneful Bunker|p1b: Toxapex
|-singleturn|p1b: Toxapex|move: Protect
|move|p1a: Talonflame|Tailwind|p1a: Talonflame
|-sidestart|p1: SnowyPex|move: Tailwind
|move|p2b: CRUSH SHARK|Rock Slide|p1a: Talonflame|[spread] p1a
|-activate|p1b: Toxapex|move: Protect
|-supereffective|p1a: Talonflame|2
|-damage|p1a: Talonflame|0 fnt
|faint|p1a: Talonflame
|-damage|p2b: CRUSH SHARK|90/100|[from] item: Life Orb
|move|p2a: AGNI|Heat Wave|p1b: Toxapex
|-activate|p1b: Toxapex|move: Protect
|
|-weather|SunnyDay|[upkeep]
|-damage|p2a: AGNI|81/100 tox|[from] psn
|upkeep
|
|t:|1783367170
|switch|p1a: Garchomp|Garchomp, L50, M|100/100
|turn|5
|
|t:|1783367175
|move|p1b: Toxapex|Wide Guard|p1b: Toxapex
|-singleturn|p1b: Toxapex|Wide Guard
|move|p1a: Garchomp|Dragon Claw|p2b: CRUSH SHARK
|-supereffective|p2b: CRUSH SHARK|1
|-damage|p2b: CRUSH SHARK|5/100
|-damage|p1a: Garchomp|87/100|[from] ability: Rough Skin|[of] p2b: CRUSH SHARK
|move|p2b: CRUSH SHARK|Dragon Claw|p1a: Garchomp
|-supereffective|p1a: Garchomp|1
|-damage|p1a: Garchomp|0 fnt
|-damage|p2b: CRUSH SHARK|0 fnt|[from] ability: Rough Skin|[of] p1a: Garchomp
|faint|p1a: Garchomp
|faint|p2b: CRUSH SHARK
|move|p2a: AGNI|Solar Beam||[still]
|-prepare|p2a: AGNI|Solar Beam
|-anim|p2a: AGNI|Solar Beam|p1b: Toxapex
|-damage|p1b: Toxapex|63/100
|
|-weather|SunnyDay|[upkeep]
|-heal|p1b: Toxapex|68/100|[from] item: Leftovers
|-damage|p2a: AGNI|62/100 tox|[from] psn
|upkeep
|turn|6
|
|t:|1783367188
|move|p2a: AGNI|Solar Beam||[still]
|-prepare|p2a: AGNI|Solar Beam
|-anim|p2a: AGNI|Solar Beam|p1b: Toxapex
|-damage|p1b: Toxapex|37/100
|move|p1b: Toxapex|Infestation|p2a: AGNI
|-resisted|p2a: AGNI|2
|-damage|p2a: AGNI|61/100 tox
|-activate|p2a: AGNI|move: Infestation|[of] p1b: Toxapex
|
|-weather|SunnyDay|[upkeep]
|-heal|p1b: Toxapex|43/100|[from] item: Leftovers
|-damage|p2a: AGNI|36/100 tox|[from] psn
|-damage|p2a: AGNI|24/100 tox|[from] move: Infestation|[partiallytrapped]
|upkeep
|turn|7
|
|t:|1783367193
|move|p1b: Toxapex|Baneful Bunker|p1b: Toxapex
|-singleturn|p1b: Toxapex|move: Protect
|move|p2a: AGNI|Solar Beam||[still]
|-prepare|p2a: AGNI|Solar Beam
|-anim|p2a: AGNI|Solar Beam|p1b: Toxapex
|-activate|p1b: Toxapex|move: Protect
|
|-weather|none
|-heal|p1b: Toxapex|49/100|[from] item: Leftovers
|-damage|p2a: AGNI|0 fnt|[from] psn
|faint|p2a: AGNI
|
|win|SnowyPex
