|j|☆yenjang
|j|☆D0DID0
|html|yenjangD0DID0    
|uhtml|bestof|Game 1 of a best-of-3
|t:|1786172196
|gametype|doubles
|player|p1|yenjang|cynthia-gen4|1123
|player|p2|D0DID0|palmer|1100
|gen|9
|tier|[Gen 9 Champions] VGC 2026 Reg M-B (Bo3)
|rated|
|rule|Species Clause: Limit one of each Pokémon
|rule|Item Clause: Limit 1 of each item
|clearpoke
|poke|p1|Raichu, L50, M, shiny|
|poke|p1|Sylveon, L50, F, shiny|
|poke|p1|Arcanine-Hisui, L50, M, shiny|
|poke|p1|Kingambit, L50, M, shiny|
|poke|p1|Farigiraf, L50, F, shiny|
|poke|p1|Staraptor, L50, M, shiny|
|poke|p2|Politoed, L50, M|
|poke|p2|Archaludon, L50, M|
|poke|p2|Swampert, L50, F|
|poke|p2|Sinistcha, L50|
|poke|p2|Grimmsnarl, L50, M|
|poke|p2|Gardevoir, L50, F|
|teampreview|4
|showteam|p1|Raichu||RaichuniteY|LightningRod|ZapCannon,FocusBlast,Protect,FakeOut|Timid||M|||50|]Sylveon||FairyFeather|Pixilate|HyperVoice,HyperBeam,Detect,QuickAttack|Modest||F|||50|]Arcanine-Hisui||FocusSash|RockHead|HeadSmash,FlareBlitz,Protect,ExtremeSpeed|Jolly||M|||50|]Kingambit||LifeOrb|Defiant|SuckerPunch,KowtowCleave,LowKick,Protect|Adamant||M|||50|]Farigiraf||SitrusBerry|ArmorTail|Thunderbolt,Psychic,HelpingHand,TrickRoom|Calm||F|||50|]Staraptor||Staraptite|Intimidate|CloseCombat,DualWingbeat,Protect,Tailwind|Jolly||M|||50|
|showteam|p2|Politoed||FocusSash|Drizzle|WeatherBall,IcyWind,HelpingHand,Protect|Timid||M|||50|]Archaludon||Leftovers|Stamina|ElectroShot,DracoMeteor,FlashCannon,Protect|Modest||M|||50|]Swampert||Swampertite|Torrent|WaveCrash,HighHorsepower,IcePunch,Protect|Naughty||F|||50|]Sinistcha||SitrusBerry|Hospitality|RagePowder,MatchaGotcha,LifeDew,Protect|Bold|||||50|]Grimmsnarl||LightClay|Prankster|LightScreen,Reflect,SpiritBreak,PartingShot|Impish||M|||50|]Gardevoir||Gardevoirite|Synchronize|HyperVoice,Psychic,CalmMind,Protect|Modest||F|||50|
|inactive|Battle timer is ON: inactive players will automatically lose when time's up. (requested by D0DID0)
|inactive|yenjang has 60 seconds left.
|inactive|D0DID0 has 60 seconds left.
|
|t:|1786172254
|teamsize|p1|4
|teamsize|p2|4
|start
|switch|p1a: Farigiraf|Farigiraf, L50, F, shiny|100/100
|switch|p1b: Staraptor|Staraptor, L50, M, shiny|100/100
|switch|p2a: Grimmsnarl|Grimmsnarl, L50, M|100/100
|switch|p2b: Gardevoir|Gardevoir, L50, F|100/100
|-ability|p1b: Staraptor|Intimidate|boost
|-unboost|p2a: Grimmsnarl|atk|1
|-unboost|p2b: Gardevoir|atk|1
|turn|1
|inactive|D0DID0 has 30 seconds left.
|
|t:|1786172284
|switch|p1b: Kingambit|Kingambit, L50, M, shiny|100/100
|detailschange|p2b: Gardevoir|Gardevoir-Mega, L50, F
|-mega|p2b: Gardevoir|Gardevoir|Gardevoirite
|move|p2a: Grimmsnarl|Reflect|p2a: Grimmsnarl
|-sidestart|p2: D0DID0|Reflect
|move|p2b: Gardevoir|Hyper Voice|p1b: Kingambit|[spread] p1a,p1b
|-damage|p1a: Farigiraf|63/100
|-damage|p1b: Kingambit|63/100
|move|p1a: Farigiraf|Trick Room|p1a: Farigiraf
|-fieldstart|move: Trick Room|[of] p1a: Farigiraf
|
|upkeep
|turn|2
|inactive|yenjang has 30 seconds left.
|inactive|D0DID0 has 30 seconds left.
|
|t:|1786172315
|move|p1a: Farigiraf|Helping Hand|p1b: Kingambit
|-singleturn|p1b: Kingambit|Helping Hand|[of] p1a: Farigiraf
|move|p2b: Gardevoir|Protect|p2b: Gardevoir
|-singleturn|p2b: Gardevoir|Protect
|move|p1b: Kingambit|Kowtow Cleave|p2b: Gardevoir
|-activate|p2b: Gardevoir|move: Protect
|move|p2a: Grimmsnarl|Spirit Break|p1a: Farigiraf
|-crit|p1a: Farigiraf
|-damage|p1a: Farigiraf|22/100
|-unboost|p1a: Farigiraf|spa|1
|-enditem|p1a: Farigiraf|Sitrus Berry|[eat]
|-heal|p1a: Farigiraf|47/100|[from] item: Sitrus Berry
|
|upkeep
|turn|3
|inactive|yenjang has 30 seconds left.
|
|t:|1786172345
|switch|p1a: Sylveon|Sylveon, L50, F, shiny|100/100
|move|p2a: Grimmsnarl|Light Screen|p2a: Grimmsnarl
|-sidestart|p2: D0DID0|move: Light Screen
|move|p1b: Kingambit|Kowtow Cleave|p2b: Gardevoir
|-damage|p2b: Gardevoir|50/100g
|-damage|p1b: Kingambit|53/100|[from] item: Life Orb
|move|p2b: Gardevoir|Hyper Voice|p1b: Kingambit|[spread] p1a,p1b
|-damage|p1a: Sylveon|59/100
|-damage|p1b: Kingambit|15/100
|
|upkeep
|turn|4
|
|t:|1786172368
|move|p2b: Gardevoir|Protect|p2b: Gardevoir
|-singleturn|p2b: Gardevoir|Protect
|move|p2a: Grimmsnarl|Parting Shot|p1a: Sylveon
|-unboost|p1a: Sylveon|atk|1
|-unboost|p1a: Sylveon|spa|1
|
|t:|1786172374
|switch|p2a: Sinistcha|Sinistcha, L50|100/100|[from] Parting Shot
|-heal|p2b: Gardevoir|74/100|[from] ability: Hospitality|[of] p2a: Sinistcha
|move|p1b: Kingambit|Kowtow Cleave|p2a: Sinistcha
|-supereffective|p2a: Sinistcha|1
|-damage|p2a: Sinistcha|38/100
|-enditem|p2a: Sinistcha|Sitrus Berry|[eat]
|-heal|p2a: Sinistcha|63/100|[from] item: Sitrus Berry
|-damage|p1b: Kingambit|5/100|[from] item: Life Orb
|move|p1a: Sylveon|Hyper Voice|p2b: Gardevoir|[spread] p2a
|-activate|p2b: Gardevoir|move: Protect
|-damage|p2a: Sinistcha|42/100
|
|upkeep
|turn|5
|inactive|yenjang has 30 seconds left.
|inactive|D0DID0 has 30 seconds left.
|
|t:|1786172409
|move|p2a: Sinistcha|Rage Powder|p2a: Sinistcha
|-singleturn|p2a: Sinistcha|move: Rage Powder
|move|p1b: Kingambit|Kowtow Cleave|p2a: Sinistcha
|-supereffective|p2a: Sinistcha|1
|-damage|p2a: Sinistcha|0 fnt
|faint|p2a: Sinistcha
|-damage|p1b: Kingambit|0 fnt|[from] item: Life Orb
|faint|p1b: Kingambit
|move|p1a: Sylveon|Hyper Beam|p2b: Gardevoir
|-damage|p2b: Gardevoir|41/100
|-mustrecharge|p1a: Sylveon
|move|p2b: Gardevoir|Calm Mind|p2b: Gardevoir
|-boost|p2b: Gardevoir|spa|1
|-boost|p2b: Gardevoir|spd|1
|
|-fieldend|move: Trick Room
|upkeep
|inactive|D0DID0 has 30 seconds left.
|
|t:|1786172437
|switch|p2a: Politoed|Politoed, L50, M|100/100
|switch|p1b: Staraptor|Staraptor, L50, M, shiny|100/100
|-ability|p1b: Staraptor|Intimidate|boost
|-unboost|p2a: Politoed|atk|1
|-unboost|p2b: Gardevoir|atk|1
|-weather|RainDance|[from] ability: Drizzle|[of] p2a: Politoed
|turn|6
|
|t:|1786172455
|detailschange|p1b: Staraptor|Staraptor-Mega, L50, M, shiny
|-mega|p1b: Staraptor|Staraptor|Staraptite
|move|p2b: Gardevoir|Protect|p2b: Gardevoir
|-singleturn|p2b: Gardevoir|Protect
|move|p1b: Staraptor|Dual Wingbeat|p2b: Gardevoir
|-activate|p2b: Gardevoir|move: Protect
|move|p2a: Politoed|Weather Ball|p1b: Staraptor
|-damage|p1b: Staraptor|42/100
|cant|p1a: Sylveon|recharge
|
|-weather|RainDance|[upkeep]
|upkeep
|turn|7
|inactive|yenjang has 30 seconds left.
|
|t:|1786172487
|switch|p2b: Grimmsnarl|Grimmsnarl, L50, M|100/100
|move|p1b: Staraptor|Dual Wingbeat|p2b: Grimmsnarl
|-damage|p2b: Grimmsnarl|87/100
|-damage|p2b: Grimmsnarl|73/100
|-hitcount|p2b: Grimmsnarl|2
|move|p2a: Politoed|Weather Ball|p1b: Staraptor
|-damage|p1b: Staraptor|0 fnt
|faint|p1b: Staraptor
|move|p1a: Sylveon|Hyper Voice|p2a: Politoed|[spread] p2a,p2b
|-supereffective|p2b: Grimmsnarl|1
|-damage|p2a: Politoed|77/100
|-damage|p2b: Grimmsnarl|33/100
|
|-weather|RainDance|[upkeep]
|upkeep
|
|t:|1786172501
|switch|p1b: Farigiraf|Farigiraf, L50, F, shiny|47/100
|turn|8
|
|t:|1786172520
|move|p2a: Politoed|Weather Ball|p1b: Farigiraf
|-damage|p1b: Farigiraf|0 fnt
|faint|p1b: Farigiraf
|move|p1a: Sylveon|Hyper Voice|p2b: Grimmsnarl|[spread] p2a,p2b
|-supereffective|p2b: Grimmsnarl|1
|-damage|p2a: Politoed|56/100
|-damage|p2b: Grimmsnarl|0 fnt
|faint|p2b: Grimmsnarl
|
|-weather|RainDance|[upkeep]
|-sideend|p2: D0DID0|Reflect
|upkeep
|
|t:|1786172531
|switch|p2b: Gardevoir|Gardevoir-Mega, L50, F|41/100
|turn|9
|
|t:|1786172539
|move|p2b: Gardevoir|Hyper Voice|p1a: Sylveon
|-damage|p1a: Sylveon|8/100
|move|p2a: Politoed|Weather Ball|p1a: Sylveon
|-damage|p1a: Sylveon|0 fnt
|faint|p1a: Sylveon
|
|win|D0DID0
