|j|☆Bulbasaur001VGC
|j|☆Arr0_Soul
|html|Bulbasaur001VGCArr0_Soul    
|uhtml|bestof|Game 1 of a best-of-3
|t:|1782441844
|gametype|doubles
|player|p1|Bulbasaur001VGC|riley|1000
|player|p2|Arr0_Soul|1|1083
|gen|9
|tier|[Gen 9 Champions] VGC 2026 Reg M-B (Bo3)
|rated|
|rule|Species Clause: Limit one of each Pokémon
|rule|Item Clause: Limit 1 of each item
|clearpoke
|poke|p1|Swampert, L50, F|
|poke|p1|Pelipper, L50, M|
|poke|p1|Archaludon, L50, F|
|poke|p1|Sableye, L50, F|
|poke|p1|Venusaur, L50, F|
|poke|p1|Basculegion, L50, M|
|poke|p2|Staraptor, L50, M|
|poke|p2|Garchomp, L50, M|
|poke|p2|Incineroar, L50, M|
|poke|p2|Meowscarada, L50, M|
|poke|p2|Whimsicott, L50, F|
|poke|p2|Pyroar, L50, M|
|teampreview|4
|showteam|p1|Swampert||Swampertite|Torrent|Earthquake,WaveCrash,IcePunch,Protect|Adamant||F|||50|]Pelipper||FocusSash|Drizzle|Hurricane,WeatherBall,Tailwind,Protect|Modest||M|||50|]Archaludon||Leftovers|Stamina|ElectroShot,DragonPulse,FlashCannon,Protect|Modest||F|||50|]Sableye||LightClay|Prankster|WillOWisp,RainDance,LightScreen,Reflect|Sassy||F|||50|]Venusaur||Venusaurite|Chlorophyll|Protect,EarthPower,SludgeBomb,GigaDrain|Modest||F|||50|]Basculegion||ChoiceScarf|Adaptability|WaveCrash,FlipTurn,AquaJet,LastRespects|Jolly||M|||50|
|showteam|p2|Staraptor||Staraptite|Intimidate|CloseCombat,Protect,Uturn,BraveBird|Jolly||M|||50|]Garchomp||Leftovers|RoughSkin|Earthquake,Protect,DragonClaw,RockSlide|Jolly||M|||50|]Incineroar||SitrusBerry|Intimidate|PartingShot,FakeOut,Taunt,FlareBlitz|Careful||M|||50|]Meowscarada||ChoiceScarf|Protean|FlowerTrick,KnockOff,BrickBreak,TripleAxel|Jolly||M|||50|]Whimsicott||FocusSash|Prankster|Tailwind,Moonblast,Taunt,SunnyDay|Timid||F|||50|]Pyroar||Pyroarite|Moxie|FireBlast,HeatWave,Protect,DarkPulse|Timid||M|||50|
|inactive|Battle timer is ON: inactive players will automatically lose when time's up. (requested by Bulbasaur001VGC)
|inactive|Arr0_Soul has 60 seconds left.
|inactive|Arr0_Soul has 30 seconds left.
|inactive|Arr0_Soul has 20 seconds left.
|
|t:|1782441921
|teamsize|p1|4
|teamsize|p2|4
|start
|switch|p1a: Archaludon|Archaludon, L50, F|100/100
|switch|p1b: Sableye|Sableye, L50, F|100/100
|switch|p2a: Whimsicott|Whimsicott, L50, F|100/100
|switch|p2b: Staraptor|Staraptor, L50, M|100/100
|-ability|p2b: Staraptor|Intimidate|boost
|-unboost|p1a: Archaludon|atk|1
|-unboost|p1b: Sableye|atk|1
|turn|1
|
|t:|1782441941
|move|p2b: Staraptor|Protect|p2b: Staraptor
|-singleturn|p2b: Staraptor|Protect
|move|p2a: Whimsicott|Tailwind|p2a: Whimsicott
|-sidestart|p2: Arr0_Soul|move: Tailwind
|move|p1b: Sableye|Rain Dance|p1b: Sableye
|-weather|RainDance
|move|p1a: Archaludon|Electro Shot||[still]
|-prepare|p1a: Archaludon|Electro Shot
|-boost|p1a: Archaludon|spa|1
|-anim|p1a: Archaludon|Electro Shot|p2b: Staraptor
|-activate|p2b: Staraptor|move: Protect
|
|-weather|RainDance|[upkeep]
|upkeep
|turn|2
|
|t:|1782441953
|detailschange|p2b: Staraptor|Staraptor-Mega, L50, M
|-mega|p2b: Staraptor|Staraptor|Staraptite
|move|p1a: Archaludon|Protect|p1a: Archaludon
|-singleturn|p1a: Archaludon|Protect
|move|p2a: Whimsicott|Sunny Day|p2a: Whimsicott
|-weather|SunnyDay
|move|p1b: Sableye|Will-O-Wisp|p2b: Staraptor
|-status|p2b: Staraptor|brn
|move|p2b: Staraptor|Close Combat|p1a: Archaludon
|-activate|p1a: Archaludon|move: Protect
|
|-weather|SunnyDay|[upkeep]
|-damage|p2b: Staraptor|93/100 brn|[from] brn
|upkeep
|turn|3
|
|t:|1782441972
|move|p1b: Sableye|Rain Dance|p1b: Sableye
|-weather|RainDance
|move|p2a: Whimsicott|Moonblast|p1b: Sableye
|-supereffective|p1b: Sableye|1
|-damage|p1b: Sableye|38/100
|-unboost|p1b: Sableye|spa|1
|move|p2b: Staraptor|Brave Bird|p1b: Sableye
|-damage|p1b: Sableye|0 fnt
|faint|p1b: Sableye
|-damage|p2b: Staraptor|81/100 brn|[from] Recoil
|move|p1a: Archaludon|Electro Shot||[still]
|-prepare|p1a: Archaludon|Electro Shot
|-boost|p1a: Archaludon|spa|1
|-anim|p1a: Archaludon|Electro Shot|p2b: Staraptor
|-supereffective|p2b: Staraptor|1
|-damage|p2b: Staraptor|0 fnt
|faint|p2b: Staraptor
|
|-weather|RainDance|[upkeep]
|upkeep
|
|t:|1782441986
|switch|p2b: Meowscarada|Meowscarada, L50, M|100/100
|switch|p1b: Swampert|Swampert, L50, F|100/100
|turn|4
|
|t:|1782442005
|switch|p2b: Garchomp|Garchomp, L50, M|100/100
|detailschange|p1b: Swampert|Swampert-Mega, L50, F
|-mega|p1b: Swampert|Swampert|Swampertite
|move|p1b: Swampert|Protect|p1b: Swampert
|-singleturn|p1b: Swampert|Protect
|move|p2a: Whimsicott|Sunny Day|p2a: Whimsicott
|-weather|SunnyDay
|move|p1a: Archaludon|Flash Cannon|p2b: Garchomp
|-damage|p2b: Garchomp|12/100
|-unboost|p2b: Garchomp|spd|1
|
|-weather|SunnyDay|[upkeep]
|-heal|p2b: Garchomp|18/100|[from] item: Leftovers
|-sideend|p2: Arr0_Soul|move: Tailwind
|upkeep
|turn|5
|inactive|Bulbasaur001VGC has 30 seconds left.
|inactive|Bulbasaur001VGC has 20 seconds left.
|inactive|Bulbasaur001VGC has 15 seconds left.
|
|t:|1782442047
|move|p2b: Garchomp|Protect|p2b: Garchomp
|-singleturn|p2b: Garchomp|Protect
|move|p2a: Whimsicott|Tailwind|p2a: Whimsicott
|-sidestart|p2: Arr0_Soul|move: Tailwind
|move|p1b: Swampert|Ice Punch|p2a: Whimsicott
|-supereffective|p2a: Whimsicott|1
|-damage|p2a: Whimsicott|28/100
|move|p1a: Archaludon|Flash Cannon|p2a: Whimsicott
|-supereffective|p2a: Whimsicott|1
|-damage|p2a: Whimsicott|0 fnt
|faint|p2a: Whimsicott
|
|-weather|SunnyDay|[upkeep]
|-heal|p2b: Garchomp|24/100|[from] item: Leftovers
|upkeep
|
|t:|1782442059
|switch|p2a: Meowscarada|Meowscarada, L50, M|100/100
|turn|6
|
|t:|1782442068
|switch|p1a: Pelipper|Pelipper, L50, M|100/100
|-weather|RainDance|[from] ability: Drizzle|[of] p1a: Pelipper
|move|p2a: Meowscarada|Flower Trick|p1b: Swampert
|-start|p2a: Meowscarada|typechange|Grass|[from] ability: Protean
|-supereffective|p1b: Swampert|2
|-crit|p1b: Swampert
|-damage|p1b: Swampert|0 fnt
|faint|p1b: Swampert
|move|p2b: Garchomp|Earthquake|p1a: Pelipper|[spread] p2a
|-immune|p1a: Pelipper
|-resisted|p2a: Meowscarada|1
|-damage|p2a: Meowscarada|72/100
|
|-weather|RainDance|[upkeep]
|-heal|p2b: Garchomp|30/100|[from] item: Leftovers
|upkeep
|
|t:|1782442076
|switch|p1b: Archaludon|Archaludon, L50, F|100/100
|turn|7
|
|t:|1782442088
|move|p1b: Archaludon|Protect|p1b: Archaludon
|-singleturn|p1b: Archaludon|Protect
|move|p2a: Meowscarada|Flower Trick|p1a: Pelipper
|-crit|p1a: Pelipper
|-damage|p1a: Pelipper|37/100
|move|p2b: Garchomp|Rock Slide|p1a: Pelipper|[spread] p1a
|-activate|p1b: Archaludon|move: Protect
|-supereffective|p1a: Pelipper|1
|-damage|p1a: Pelipper|0 fnt
|faint|p1a: Pelipper
|
|-weather|RainDance|[upkeep]
|-heal|p2b: Garchomp|36/100|[from] item: Leftovers
|upkeep
|turn|8
|
|t:|1782442104
|move|p2a: Meowscarada|Flower Trick|p1b: Archaludon
|-resisted|p1b: Archaludon|2
|-crit|p1b: Archaludon
|-damage|p1b: Archaludon|91/100
|-ability|p1b: Archaludon|Stamina|boost
|-boost|p1b: Archaludon|def|1
|move|p2b: Garchomp|Earthquake|p1b: Archaludon|[spread] p2a,p1b
|-resisted|p2a: Meowscarada|1
|-supereffective|p1b: Archaludon|1
|-damage|p2a: Meowscarada|43/100
|-damage|p1b: Archaludon|53/100
|-ability|p1b: Archaludon|Stamina|boost
|-boost|p1b: Archaludon|def|1
|move|p1b: Archaludon|Dragon Pulse|p2b: Garchomp
|-supereffective|p2b: Garchomp|1
|-damage|p2b: Garchomp|0 fnt
|faint|p2b: Garchomp
|
|-weather|RainDance|[upkeep]
|-heal|p1b: Archaludon|59/100|[from] item: Leftovers
|-sideend|p2: Arr0_Soul|move: Tailwind
|upkeep
|turn|9
|
|t:|1782442120
|move|p2a: Meowscarada|Flower Trick|p1b: Archaludon
|-resisted|p1b: Archaludon|2
|-crit|p1b: Archaludon
|-damage|p1b: Archaludon|50/100g
|-ability|p1b: Archaludon|Stamina|boost
|-boost|p1b: Archaludon|def|1
|move|p1b: Archaludon|Flash Cannon|p2a: Meowscarada
|-crit|p2a: Meowscarada
|-damage|p2a: Meowscarada|0 fnt
|faint|p2a: Meowscarada
|
|win|Bulbasaur001VGC
||Bulbasaur001VGC is ready for game 2.
|inactive|Arr0_Soul has 30 seconds to confirm battle start!
||Arr0_Soul is ready for game 2.
|uhtml|next|Next: Game 2 of 3
|l|☆Arr0_Soul
|player|p2|
