|j|☆agapitodisousa04
|j|‽dwjgbe
|html|agapitodisousa04dwjgbe    
|uhtml|bestof|Game 2 of a best-of-3
|t:|1782361543
|gametype|doubles
|player|p1|agapitodisousa04|101|1122
|player|p2|dwjgbe|skier|1130
|gen|9
|tier|[Gen 9 Champions] VGC 2026 Reg M-B (Bo3)
|rated|
|rule|Species Clause: Limit one of each Pokémon
|rule|Item Clause: Limit 1 of each item
|clearpoke
|poke|p1|Staraptor, L50, F|
|poke|p1|Milotic, L50, M|
|poke|p1|Sinistcha, L50|
|poke|p1|Grimmsnarl, L50, M|
|poke|p1|Garchomp, L50, M|
|poke|p1|Sylveon, L50, F|
|poke|p2|Hawlucha, L50, F|
|poke|p2|Snorlax, L50, F|
|poke|p2|Sinistcha, L50|
|poke|p2|Incineroar, L50, F|
|poke|p2|Farigiraf, L50, M|
|poke|p2|Mawile, L50, M|
|teampreview|4
|showteam|p1|Staraptor||Staraptite|Intimidate|Roost,CloseCombat,BraveBird,Protect|Jolly||F|||50|]Milotic||Leftovers|Competitive|Recover,Coil,Hypnosis,MuddyWater|Calm||M|||50|]Sinistcha||SitrusBerry|Hospitality|TrickRoom,MatchaGotcha,RagePowder,StrengthSap|Calm|||||50|]Grimmsnarl||LightClay|Prankster|Reflect,LightScreen,PartingShot,FakeOut|Impish||M|||50|]Garchomp||LifeOrb|RoughSkin|StompingTantrum,RockSlide,Protect,DragonClaw|Jolly||M|||50|]Sylveon||FairyFeather|Pixilate|HyperBeam,HyperVoice,QuickAttack,Detect|Modest||F|||50|
|showteam|p2|Hawlucha||Hawluchanite|MoldBreaker|Entrainment,Encore,HighJumpKick,Detect|Jolly||F|||50|]Snorlax||Leftovers|ThickFat|BodyPress,Fissure,Stockpile,Protect|Relaxed||F|||50|]Sinistcha||KasibBerry|Hospitality|LifeDew,TrickRoom,MatchaGotcha,RagePowder|Relaxed|||||50|]Incineroar||SitrusBerry|Intimidate|FakeOut,ThroatChop,FlareBlitz,PartingShot|Careful||F|||50|]Farigiraf||ColburBerry|ArmorTail|Protect,TrickRoom,Psychic,HyperVoice|Calm||M|||50|]Mawile||Mawilite|Intimidate|Protect,PlayRough,IronHead,KnockOff|Brave||M|||50|
|
|t:|1782361584
|teamsize|p1|4
|teamsize|p2|4
|start
|switch|p1a: Milotic|Milotic, L50, M|100/100
|switch|p1b: Grimmsnarl|Grimmsnarl, L50, M|100/100
|switch|p2a: Farigiraf|Farigiraf, L50, M|100/100
|switch|p2b: Sinistcha|Sinistcha, L50|100/100
|turn|1
|
|t:|1782361615
|move|p1b: Grimmsnarl|Light Screen|p1b: Grimmsnarl
|-sidestart|p1: agapitodisousa04|move: Light Screen
|move|p1a: Milotic|Coil|p1a: Milotic
|-boost|p1a: Milotic|atk|1
|-boost|p1a: Milotic|def|1
|-boost|p1a: Milotic|accuracy|1
|move|p2b: Sinistcha|Matcha Gotcha|p1a: Milotic|[spread] p1a,p1b
|-supereffective|p1a: Milotic|1
|-damage|p1a: Milotic|81/100
|-damage|p1b: Grimmsnarl|83/100
|move|p2a: Farigiraf|Trick Room|p2a: Farigiraf
|-fieldstart|move: Trick Room|[of] p2a: Farigiraf
|
|-heal|p1a: Milotic|87/100|[from] item: Leftovers
|upkeep
|turn|2
|
|t:|1782361643
|switch|p2a: Hawlucha|Hawlucha, L50, F|100/100
|-ability|p2a: Hawlucha|Mold Breaker
|move|p1b: Grimmsnarl|Parting Shot|p2b: Sinistcha
|-unboost|p2b: Sinistcha|atk|1
|-unboost|p2b: Sinistcha|spa|1
|
|t:|1782361655
|switch|p1b: Sinistcha|Sinistcha, L50|100/100|[from] Parting Shot
|-heal|p1a: Milotic|100/100|[from] ability: Hospitality|[of] p1b: Sinistcha
|move|p2b: Sinistcha|Matcha Gotcha|p1a: Milotic|[spread] p1a,p1b
|-supereffective|p1a: Milotic|1
|-resisted|p1b: Sinistcha|1
|-damage|p1a: Milotic|87/100
|-damage|p1b: Sinistcha|94/100
|-status|p1b: Sinistcha|brn
|move|p1a: Milotic|Coil|p1a: Milotic
|-boost|p1a: Milotic|atk|1
|-boost|p1a: Milotic|def|1
|-boost|p1a: Milotic|accuracy|1
|
|-heal|p1a: Milotic|93/100|[from] item: Leftovers
|-damage|p1b: Sinistcha|88/100 brn|[from] brn
|upkeep
|turn|3
|
|t:|1782361689
|switch|p2b: Snorlax|Snorlax, L50, F|100/100
|detailschange|p2a: Hawlucha|Hawlucha-Mega, L50, F
|-mega|p2a: Hawlucha|Hawlucha|Hawluchanite
|move|p2a: Hawlucha|Detect|p2a: Hawlucha
|-singleturn|p2a: Hawlucha|Protect
|move|p1b: Sinistcha|Rage Powder|p1b: Sinistcha
|-singleturn|p1b: Sinistcha|move: Rage Powder
|move|p1a: Milotic|Hypnosis|p2a: Hawlucha
|-activate|p2a: Hawlucha|move: Protect
|
|-heal|p1a: Milotic|99/100|[from] item: Leftovers
|-damage|p1b: Sinistcha|82/100 brn|[from] brn
|upkeep
|turn|4
|
|t:|1782361730
|switch|p1b: Staraptor|Staraptor, L50, F|100/100
|-ability|p1b: Staraptor|Intimidate|boost
|-unboost|p2a: Hawlucha|atk|1
|-unboost|p2b: Snorlax|atk|1
|move|p2b: Snorlax|Stockpile|p2b: Snorlax
|-start|p2b: Snorlax|stockpile1
|-boost|p2b: Snorlax|def|1
|-boost|p2b: Snorlax|spd|1
|move|p1a: Milotic|Hypnosis|p2b: Snorlax
|-status|p2b: Snorlax|slp|[from] move: Hypnosis
|move|p2a: Hawlucha|Entrainment|p2b: Snorlax
|-ability|p2b: Snorlax|No Guard|Thick Fat|[from] move: Entrainment|[of] p2a: Hawlucha
|
|-heal|p1a: Milotic|100/100|[from] item: Leftovers
|upkeep
|turn|5
|
|t:|1782361761
|detailschange|p1b: Staraptor|Staraptor-Mega, L50, F
|-mega|p1b: Staraptor|Staraptor|Staraptite
|cant|p2b: Snorlax|slp
|move|p1a: Milotic|Muddy Water|p2b: Snorlax|[spread] p2a,p2b
|-damage|p2a: Hawlucha|74/100
|-damage|p2b: Snorlax|90/100 slp
|move|p1b: Staraptor|Close Combat|p2b: Snorlax
|-supereffective|p2b: Snorlax|1
|-damage|p2b: Snorlax|34/100 slp
|-boost|p1b: Staraptor|def|1
|-boost|p1b: Staraptor|spd|1
|move|p2a: Hawlucha|Entrainment|p1b: Staraptor
|-ability|p1b: Staraptor|No Guard|Contrary|[from] move: Entrainment|[of] p2a: Hawlucha
|
|-heal|p2b: Snorlax|40/100 slp|[from] item: Leftovers
|-fieldend|move: Trick Room
|upkeep
|turn|6
|
|t:|1782361785
|switch|p2a: Sinistcha|Sinistcha, L50|100/100
|-heal|p2b: Snorlax|65/100 slp|[from] ability: Hospitality|[of] p2a: Sinistcha
|move|p1b: Staraptor|Close Combat|p2b: Snorlax
|-supereffective|p2b: Snorlax|1
|-damage|p2b: Snorlax|14/100 slp
|-unboost|p1b: Staraptor|def|1
|-unboost|p1b: Staraptor|spd|1
|move|p1a: Milotic|Muddy Water|p2b: Snorlax|[spread] p2a,p2b
|-resisted|p2a: Sinistcha|1
|-damage|p2a: Sinistcha|85/100
|-damage|p2b: Snorlax|4/100 slp
|cant|p2b: Snorlax|slp
|
|-heal|p2b: Snorlax|10/100 slp|[from] item: Leftovers
|upkeep
|turn|7
|
|t:|1782361833
|-curestatus|p2b: Snorlax|slp|[msg]
|move|p2b: Snorlax|Protect|p2b: Snorlax
|-singleturn|p2b: Snorlax|Protect
|move|p1b: Staraptor|Brave Bird|p2b: Snorlax
|-activate|p2b: Snorlax|move: Protect
|move|p1a: Milotic|Muddy Water|p2b: Snorlax|[spread] p2a
|-activate|p2b: Snorlax|move: Protect
|-resisted|p2a: Sinistcha|1
|-damage|p2a: Sinistcha|70/100
|move|p2a: Sinistcha|Trick Room|p2a: Sinistcha
|-fieldstart|move: Trick Room|[of] p2a: Sinistcha
|
|-heal|p2b: Snorlax|17/100|[from] item: Leftovers
|upkeep
|turn|8
|
|t:|1782361874
|move|p2a: Sinistcha|Rage Powder|p2a: Sinistcha
|-singleturn|p2a: Sinistcha|move: Rage Powder
|move|p2b: Snorlax|Fissure|p1a: Milotic
|-damage|p1a: Milotic|0 fnt
|faint|p1a: Milotic
|-ohko
|move|p1b: Staraptor|Brave Bird|p2a: Sinistcha
|-supereffective|p2a: Sinistcha|1
|-damage|p2a: Sinistcha|0 fnt
|faint|p2a: Sinistcha
|-damage|p1b: Staraptor|74/100|[from] Recoil
|
|-heal|p2b: Snorlax|23/100|[from] item: Leftovers
|-sideend|p1: agapitodisousa04|move: Light Screen
|upkeep
|
|t:|1782361891
|switch|p2a: Farigiraf|Farigiraf, L50, M|100/100
|switch|p1a: Grimmsnarl|Grimmsnarl, L50, M|83/100
|turn|9
|
|t:|1782361905
|move|p1a: Grimmsnarl|Fake Out||[still]
|cant|p2a: Farigiraf|ability: Armor Tail|Fake Out|[of] p1a: Grimmsnarl
|move|p2b: Snorlax|Fissure|p1a: Grimmsnarl
|-damage|p1a: Grimmsnarl|0 fnt
|faint|p1a: Grimmsnarl
|-ohko
|move|p2a: Farigiraf|Psychic|p1b: Staraptor
|-supereffective|p1b: Staraptor|1
|-damage|p1b: Staraptor|0 fnt
|faint|p1b: Staraptor
|
|-heal|p2b: Snorlax|29/100|[from] item: Leftovers
|upkeep
|
|t:|1782361931
|switch|p1b: Sinistcha|Sinistcha, L50|82/100 brn
|turn|10
|
|t:|1782361942
|move|p2a: Farigiraf|Protect|p2a: Farigiraf
|-singleturn|p2a: Farigiraf|Protect
|move|p2b: Snorlax|Fissure|p1b: Sinistcha
|-damage|p1b: Sinistcha|0 fnt
|faint|p1b: Sinistcha
|-ohko
|
|win|dwjgbe
