|j|☆andorite2
|j|☆Potatomonstr
|html|andorite2Potatomonstr    
|uhtml|bestof|Game 2 of a best-of-3
|t:|1786166345
|gametype|doubles
|player|p1|andorite2|169|
|player|p2|Potatomonstr|miku-flying|
|gen|9
|tier|[Gen 9 Champions] VGC 2026 Reg M-B (Bo3)
|rule|Species Clause: Limit one of each Pokémon
|rule|Item Clause: Limit 1 of each item
|clearpoke
|poke|p1|Steelix, L50, M|
|poke|p1|Sinistcha, L50|
|poke|p1|Incineroar, L50, M|
|poke|p1|Lycanroc-Dusk, L50, F|
|poke|p1|Maushold, L50|
|poke|p1|Dragonite, L50, M|
|poke|p2|Steelix, L50, M, shiny|
|poke|p2|Klefki, L50, F|
|poke|p2|Vivillon, L50, M|
|poke|p2|Tyranitar, L50, F|
|poke|p2|Primarina, L50, F|
|poke|p2|Floette-Eternal, L50, F|
|teampreview|4
|showteam|p1|Steelix||LifeOrb|SheerForce|WideGuard,BodyPress,HeavySlam,RockSlide|Relaxed||M|||50|]Sinistcha||ColburBerry|Hospitality|MatchaGotcha,RagePowder,Protect,TrickRoom|Bold|||||50|]Incineroar||SitrusBerry|Intimidate|FakeOut,PartingShot,FlareBlitz,ThroatChop|Impish||M|||50|]Lycanroc-Dusk||FocusSash|ToughClaws|Accelerock,CloseCombat,Protect,RockSlide|Adamant||F|||50|]Maushold||WideLens|Technician|FollowMe,Protect,Crunch,PopulationBomb|Jolly|||||50|]Dragonite||Dragoninite|Multiscale|DragonDance,Protect,IronHead,Superpower|Adamant||M|||50|
|showteam|p2|Steelix||Steelixite|RockHead|Protect,Curse,HeavySlam,HighHorsepower|Sassy||M|||50|]Klefki||OccaBerry|Prankster|TrickRoom,LightScreen,DazzlingGleam,Sandstorm|Bold||F|||50|]Vivillon||FocusSash|CompoundEyes|SleepPowder,PollenPuff,Hurricane,Protect|Timid||M|||50|]Tyranitar||ChoiceScarf|SandStream|RockSlide,KnockOff,HighHorsepower,IcePunch|Jolly||F|||50|]Primarina||LifeOrb|LiquidVoice|Protect,HyperVoice,Moonblast,AquaJet|Quiet||F|||50|]Floette-Eternal||Floettite|FlowerVeil|Protect,LightofRuin,DazzlingGleam,Moonblast|Timid||F|||50|
|j| Peppersalt1
|inactive|Battle timer is ON: inactive players will automatically lose when time's up. (requested by andorite2)
|j| falba
|j| tobyga
|j| PuffTheCutie
|j| BambooCyclone
|inactive|andorite2 has 60 seconds left.
|inactive|Potatomonstr has 60 seconds left.
|
|t:|1786166386
|teamsize|p1|4
|teamsize|p2|4
|start
|switch|p1a: Incineroar|Incineroar, L50, M|100/100
|switch|p1b: Steelix|Steelix, L50, M|100/100
|switch|p2a: go to sleep|Vivillon, L50, M|100/100
|switch|p2b: i sing u die|Primarina, L50, F|100/100
|-ability|p1a: Incineroar|Intimidate|boost
|-unboost|p2a: go to sleep|atk|1
|-unboost|p2b: i sing u die|atk|1
|turn|1
|inactive|andorite2 has 30 seconds left.
|inactive|andorite2 has 20 seconds left.
|inactive|andorite2 has 15 seconds left.
|inactive|andorite2 has 10 seconds left.
|inactive|andorite2 has 5 seconds left.
|
|t:|1786166436
|switch|p1b: Sinistcha|Sinistcha, L50|100/100
|move|p2a: go to sleep|Protect|p2a: go to sleep
|-singleturn|p2a: go to sleep|Protect
|move|p2b: i sing u die|Protect|p2b: i sing u die
|-singleturn|p2b: i sing u die|Protect
|move|p1a: Incineroar|Parting Shot|p2a: go to sleep
|-activate|p2a: go to sleep|move: Protect
|
|upkeep
|turn|2
|inactive|andorite2 has 30 seconds left.
|
|t:|1786166464
|move|p2a: go to sleep|Hurricane|p1b: Sinistcha
|-supereffective|p1b: Sinistcha|1
|-damage|p1b: Sinistcha|1/100
|-start|p1b: Sinistcha|confusion
|move|p1a: Incineroar|Parting Shot|p2b: i sing u die
|-unboost|p2b: i sing u die|atk|1
|-unboost|p2b: i sing u die|spa|1
|inactive|andorite2 has 30 seconds left.
|
|t:|1786166492
|switch|p1a: Dragonite|Dragonite, L50, M|100/100|[from] Parting Shot
|move|p2b: i sing u die|Hyper Voice|p1b: Sinistcha|[spread] p1a,p1b
|-resisted|p1a: Dragonite|1
|-resisted|p1b: Sinistcha|1
|-damage|p1a: Dragonite|91/100
|-damage|p1b: Sinistcha|0 fnt
|faint|p1b: Sinistcha
|-damage|p2b: i sing u die|90/100|[from] item: Life Orb
|
|upkeep
|
|t:|1786166497
|switch|p1b: Incineroar|Incineroar, L50, M|100/100
|-ability|p1b: Incineroar|Intimidate|boost
|-unboost|p2a: go to sleep|atk|1
|-unboost|p2b: i sing u die|atk|1
|turn|3
|
|t:|1786166519
|detailschange|p1a: Dragonite|Dragonite-Mega, L50, M
|-mega|p1a: Dragonite|Dragonite|Dragoninite
|move|p1b: Incineroar|Fake Out|p2a: go to sleep
|-damage|p2a: go to sleep|78/100
|cant|p2a: go to sleep|flinch
|move|p1a: Dragonite|Dragon Dance|p1a: Dragonite
|-boost|p1a: Dragonite|atk|1
|-boost|p1a: Dragonite|spe|1
|move|p2b: i sing u die|Moonblast|p1a: Dragonite
|-supereffective|p1a: Dragonite|1
|-damage|p1a: Dragonite|10/100
|-damage|p2b: i sing u die|81/100|[from] item: Life Orb
|
|upkeep
|turn|4
|
|t:|1786166538
|move|p1a: Dragonite|Protect|p1a: Dragonite
|-singleturn|p1a: Dragonite|Protect
|move|p2a: go to sleep|Sleep Powder|p1b: Incineroar
|-status|p1b: Incineroar|slp|[from] move: Sleep Powder
|cant|p1b: Incineroar|slp
|move|p2b: i sing u die|Hyper Voice|p1b: Incineroar|[spread] p1b
|-activate|p1a: Dragonite|move: Protect
|-supereffective|p1b: Incineroar|1
|-damage|p1b: Incineroar|40/100 slp
|-enditem|p1b: Incineroar|Sitrus Berry|[eat]
|-heal|p1b: Incineroar|65/100 slp|[from] item: Sitrus Berry
|-damage|p2b: i sing u die|71/100|[from] item: Life Orb
|
|upkeep
|turn|5
|inactive|andorite2 has 30 seconds left.
|
|t:|1786166564
|switch|p2a: Keys to ur heart|Klefki, L50, F|100/100
|move|p1a: Dragonite|Iron Head|p2b: i sing u die
|-damage|p2b: i sing u die|20/100y
|cant|p1b: Incineroar|slp
|move|p2b: i sing u die|Hyper Voice|p1b: Incineroar|[spread] p1a,p1b
|-resisted|p1a: Dragonite|1
|-supereffective|p1b: Incineroar|1
|-damage|p1a: Dragonite|0 fnt
|-damage|p1b: Incineroar|5/100 slp
|faint|p1a: Dragonite
|-damage|p2b: i sing u die|11/100|[from] item: Life Orb
|
|upkeep
|
|t:|1786166568
|switch|p1a: Steelix|Steelix, L50, M|100/100
|turn|6
|
|t:|1786166591
|move|p1a: Steelix|Wide Guard|p1a: Steelix
|-singleturn|p1a: Steelix|Wide Guard
|move|p2a: Keys to ur heart|Dazzling Gleam|p1b: Incineroar|[spread] 
|-activate|p1a: Steelix|move: Wide Guard
|-activate|p1b: Incineroar|move: Wide Guard
|-curestatus|p1b: Incineroar|slp|[msg]
|move|p1b: Incineroar|Flare Blitz|p2b: i sing u die
|-resisted|p2b: i sing u die|1
|-damage|p2b: i sing u die|0 fnt
|faint|p2b: i sing u die
|-damage|p1b: Incineroar|2/100|[from] Recoil
|
|upkeep
|
|t:|1786166598
|switch|p2b: really strong worm|Steelix, L50, M, shiny|100/100
|turn|7
|
|t:|1786166615
|detailschange|p2b: really strong worm|Steelix-Mega, L50, M, shiny
|-mega|p2b: really strong worm|Steelix|Steelixite
|move|p2b: really strong worm|Protect|p2b: really strong worm
|-singleturn|p2b: really strong worm|Protect
|move|p2a: Keys to ur heart|Sandstorm|p2a: Keys to ur heart
|-weather|Sandstorm
|move|p1b: Incineroar|Flare Blitz|p2b: really strong worm
|-activate|p2b: really strong worm|move: Protect
|move|p1a: Steelix|Body Press|p2b: really strong worm
|-activate|p2b: really strong worm|move: Protect
|
|-weather|Sandstorm|[upkeep]
|-damage|p1b: Incineroar|0 fnt|[from] Sandstorm
|faint|p1b: Incineroar
|upkeep
|turn|8
|
|t:|1786166625
|move|p2a: Keys to ur heart|Dazzling Gleam|p1a: Steelix
|-resisted|p1a: Steelix|1
|-damage|p1a: Steelix|84/100
|move|p2b: really strong worm|High Horsepower|p1a: Steelix
|-supereffective|p1a: Steelix|1
|-damage|p1a: Steelix|37/100
|move|p1a: Steelix|Body Press|p2b: really strong worm
|-supereffective|p2b: really strong worm|1
|-damage|p2b: really strong worm|48/100
|-damage|p1a: Steelix|28/100|[from] item: Life Orb
|
|-weather|Sandstorm|[upkeep]
|upkeep
|turn|9
|
|t:|1786166639
|switch|p2a: go to sleep|Vivillon, L50, M|78/100
|move|p2b: really strong worm|Protect|p2b: really strong worm
|-singleturn|p2b: really strong worm|Protect
|move|p1a: Steelix|Body Press|p2b: really strong worm
|-activate|p2b: really strong worm|move: Protect
|
|-weather|Sandstorm|[upkeep]
|-damage|p2a: go to sleep|73/100|[from] Sandstorm
|upkeep
|turn|10
|
|t:|1786166646
|move|p2a: go to sleep|Pollen Puff|p2b: really strong worm
|-heal|p2b: really strong worm|98/100
|move|p2b: really strong worm|High Horsepower|p1a: Steelix
|-supereffective|p1a: Steelix|1
|-damage|p1a: Steelix|0 fnt
|faint|p1a: Steelix
|
|win|Potatomonstr
||Potatomonstr is ready for game 3.
||andorite2 is ready for game 3.
|uhtml|next|Next: Game 3 of 3
