|j|☆Homero tg
|j|☆Trieshjan
|html|Homero tgTrieshjan    
|uhtml|bestof|Game 1 of a best-of-3
|t:|1756351576
|gametype|doubles
|player|p1|Homero tg|170|1087
|player|p2|Trieshjan|266|1000
|gen|9
|tier|[Gen 9] VGC 2025 Reg H (Bo3)
|rated|
|rule|Species Clause: Limit one of each Pokémon
|rule|Item Clause: Limit 1 of each item
|clearpoke
|poke|p1|Ursaluna, L50, M|
|poke|p1|Jumpluff, L50, M|
|poke|p1|Charizard, L50, F|
|poke|p1|Torkoal, L50, F|
|poke|p1|Incineroar, L50, M|
|poke|p1|Porygon2, L50|
|poke|p2|Vaporeon, L50, M|
|poke|p2|Rillaboom, L50, M|
|poke|p2|Snorlax, L50, M|
|poke|p2|Ceruledge, L50, M|
|poke|p2|Reuniclus, L50, M|
|poke|p2|Dusclops, L50, M|
|teampreview|4
|showteam|p1|Ursaluna||FlameOrb|Guts|HeadlongRush,Facade,Earthquake,Protect|||M|||50|,,,,,Ghost]Jumpluff||CovertCloak|Chlorophyll|SleepPowder,SunnyDay,Tailwind,RagePowder|||M|||50|,,,,,Fire]Charizard||ChoiceSpecs|SolarPower|DragonPulse,HeatWave,Overheat,WeatherBall|||F|||50|,,,,,Ghost]Torkoal||EjectPack|Drought|ClearSmog,Eruption,Overheat,Protect|||F|||50|,,,,,Fire]Incineroar||SitrusBerry|Intimidate|FakeOut,FlareBlitz,KnockOff,PartingShot|||M|||50|,,,,,Ghost]Porygon2||Eviolite|Download|TeraBlast,IceBeam,Recover,TrickRoom||||||50|,,,,,Fighting
|showteam|p2|Vaporeon||Leftovers|WaterAbsorb|Scald,IcyWind,Yawn,Protect|||M|||50|,,,,,Grass]Rillaboom||AssaultVest|GrassySurge|FakeOut,GrassyGlide,WoodHammer,HighHorsepower|||M|||50|,,,,,Fire]Snorlax||GrassySeed|ThickFat|HeavySlam,BodySlam,HighHorsepower,Protect|||M|||50|,,,,,Ghost]Ceruledge||ClearAmulet|FlashFire|BitterBlade,Poltergeist,FlameCharge,Protect|||M|||50|,,,,,Grass]Reuniclus||LifeOrb|MagicGuard|ShadowBall,Psychic,FlashCannon,EnergyBall|||M|||50|,,,,,Steel]Dusclops||Eviolite|Frisk|TrickRoom,WillOWisp,IcyWind,HelpingHand|||M|||50|,,,,,Water
|inactive|Battle timer is ON: inactive players will automatically lose when time's up. (requested by Trieshjan)
|
|t:|1756351657
|teamsize|p1|4
|teamsize|p2|4
|start
|switch|p1a: Jumpluff|Jumpluff, L50, M|100/100
|switch|p1b: Torkoal|Torkoal, L50, F|100/100
|switch|p2a: Dusclops|Dusclops, L50, M|100/100
|switch|p2b: Vaporeon|Vaporeon, L50, M|100/100
|-item|p1a: Jumpluff|Covert Cloak|[from] ability: Frisk|[of] p2a: Dusclops
|-item|p1b: Torkoal|Eject Pack|[from] ability: Frisk|[of] p2a: Dusclops
|-weather|SunnyDay|[from] ability: Drought|[of] p1b: Torkoal
|turn|1
|inactive|Trieshjan has 30 seconds left.
|
|t:|1756351684
|move|p1a: Jumpluff|Rage Powder|p1a: Jumpluff
|-singleturn|p1a: Jumpluff|move: Rage Powder
|move|p2b: Vaporeon|Icy Wind|p1a: Jumpluff|[spread] p1a,p1b
|-supereffective|p1a: Jumpluff
|-resisted|p1b: Torkoal
|-damage|p1a: Jumpluff|52/100
|-damage|p1b: Torkoal|94/100
|-unboost|p1b: Torkoal|spe|1
|-enditem|p1b: Torkoal|Eject Pack
|
|t:|1756351695
|switch|p1b: Ursaluna|Ursaluna, L50, M|100/100
|move|p2a: Dusclops|Icy Wind|p1b: Ursaluna|[spread] p1a,p1b
|-supereffective|p1a: Jumpluff
|-supereffective|p1b: Ursaluna
|-damage|p1a: Jumpluff|28/100
|-damage|p1b: Ursaluna|90/100
|-unboost|p1b: Ursaluna|spe|1
|
|-weather|SunnyDay|[upkeep]
|-status|p1b: Ursaluna|brn|[from] item: Flame Orb
|upkeep
|turn|2
|
|t:|1756351713
|move|p2a: Dusclops|Helping Hand|p2b: Vaporeon
|-singleturn|p2b: Vaporeon|Helping Hand|[of] p2a: Dusclops
|move|p1a: Jumpluff|Sleep Powder|p2b: Vaporeon
|-status|p2b: Vaporeon|slp|[from] move: Sleep Powder
|cant|p2b: Vaporeon|slp
|move|p1b: Ursaluna|Earthquake|p2b: Vaporeon|[spread] p2a,p2b
|-immune|p1a: Jumpluff
|-damage|p2a: Dusclops|57/100
|-damage|p2b: Vaporeon|46/100 slp
|
|-weather|SunnyDay|[upkeep]
|-heal|p2b: Vaporeon|52/100 slp|[from] item: Leftovers
|-damage|p1b: Ursaluna|84/100 brn|[from] brn
|upkeep
|turn|3
|
|t:|1756351730
|-curestatus|p2b: Vaporeon|slp|[msg]
|move|p2b: Vaporeon|Protect|p2b: Vaporeon
|-singleturn|p2b: Vaporeon|Protect
|move|p1a: Jumpluff|Sleep Powder|p2a: Dusclops
|-status|p2a: Dusclops|slp|[from] move: Sleep Powder
|move|p1b: Ursaluna|Earthquake|p2b: Vaporeon|[spread] p2a
|-activate|p2b: Vaporeon|move: Protect
|-immune|p1a: Jumpluff
|-damage|p2a: Dusclops|13/100 slp
|cant|p2a: Dusclops|slp
|
|-weather|SunnyDay|[upkeep]
|-heal|p2b: Vaporeon|59/100|[from] item: Leftovers
|-damage|p1b: Ursaluna|78/100 brn|[from] brn
|upkeep
|turn|4
|inactive|Homero tg has 30 seconds left.
|
|t:|1756351756
|move|p1a: Jumpluff|Sleep Powder|p2b: Vaporeon
|-status|p2b: Vaporeon|slp|[from] move: Sleep Powder
|cant|p2b: Vaporeon|slp
|move|p1b: Ursaluna|Earthquake|p2b: Vaporeon|[spread] p2a,p2b
|-immune|p1a: Jumpluff
|-damage|p2a: Dusclops|0 fnt
|-damage|p2b: Vaporeon|0 fnt
|faint|p2a: Dusclops
|faint|p2b: Vaporeon
|
|-weather|SunnyDay|[upkeep]
|-damage|p1b: Ursaluna|72/100 brn|[from] brn
|upkeep
|
|t:|1756351760
|switch|p2b: Snorlax|Snorlax, L50, M, shiny|100/100
|switch|p2a: Reuniclus|Reuniclus, L50, M, shiny|100/100
|turn|5
|
|t:|1756351782
|move|p1a: Jumpluff|Tailwind|p1a: Jumpluff
|-sidestart|p1: Homero tg|move: Tailwind
|move|p1b: Ursaluna|Earthquake|p2b: Snorlax|[spread] p2a,p2b
|-immune|p1a: Jumpluff
|-damage|p2a: Reuniclus|36/100
|-damage|p2b: Snorlax|41/100
|move|p2b: Snorlax|Heavy Slam|p1a: Jumpluff
|-damage|p1a: Jumpluff|0 fnt
|faint|p1a: Jumpluff
|move|p2a: Reuniclus|Energy Ball|p1b: Ursaluna
|-supereffective|p1b: Ursaluna
|-damage|p1b: Ursaluna|0 fnt
|faint|p1b: Ursaluna
|
|-weather|none
|upkeep
|
|t:|1756351793
|switch|p1a: Torkoal|Torkoal, L50, F|94/100
|switch|p1b: Incineroar|Incineroar, L50, M|100/100
|-ability|p1b: Incineroar|Intimidate|boost
|-unboost|p2a: Reuniclus|atk|1
|-unboost|p2b: Snorlax|atk|1
|-weather|SunnyDay|[from] ability: Drought|[of] p1a: Torkoal
|turn|6
|
|t:|1756351817
|-terastallize|p2b: Snorlax|Ghost
|move|p1b: Incineroar|Knock Off|p2b: Snorlax
|-supereffective|p2b: Snorlax
|-damage|p2b: Snorlax|0 fnt
|-enditem|p2b: Snorlax|Grassy Seed|[from] move: Knock Off|[of] p1b: Incineroar
|faint|p2b: Snorlax
|move|p1a: Torkoal|Eruption|p2a: Reuniclus
|-damage|p2a: Reuniclus|0 fnt
|faint|p2a: Reuniclus
|
|win|Homero tg
||Trieshjan is ready for game 2.
|inactive|Homero tg has 30 seconds to confirm battle start!
||Homero tg is ready for game 2.
|uhtml|next|Next: Game 2 of 3
