|j|☆sky yeh
|j|☆Ted725
|html|sky yehTed725    
|uhtml|bestof|Game 2 of a best-of-3
|t:|1782746866
|gametype|doubles
|player|p1|sky yeh|perrin|1185
|player|p2|Ted725|steven|1080
|gen|9
|tier|[Gen 9 Champions] VGC 2026 Reg M-B (Bo3)
|rated|
|rule|Species Clause: Limit one of each Pokémon
|rule|Item Clause: Limit 1 of each item
|clearpoke
|poke|p1|Charizard, L50, M, shiny|
|poke|p1|Metagross, L50, shiny|
|poke|p1|Garchomp, L50, M, shiny|
|poke|p1|Basculegion, L50, M, shiny|
|poke|p1|Sylveon, L50, F, shiny|
|poke|p1|Whimsicott, L50, F, shiny|
|poke|p2|Blaziken, L50, M|
|poke|p2|Whimsicott, L50, M|
|poke|p2|Garchomp, L50, M|
|poke|p2|Basculegion, L50, M|
|poke|p2|Gholdengo, L50|
|poke|p2|Milotic, L50, F|
|teampreview|4
|showteam|p1|Charizard||CharizarditeY|Blaze|WeatherBall,HeatWave,SolarBeam,Protect|Modest||M|||50|]Metagross||Metagrossite|ClearBody|PsychicFangs,IronHead,BulletPunch,Protect|Adamant|||||50|]Garchomp||SitrusBerry|RoughSkin|DragonClaw,StompingTantrum,RockSlide,Protect|Adamant||M|||50|]Basculegion||LifeOrb|Adaptability|LastRespects,WaveCrash,AquaJet,Protect|Jolly||M|||50|]Sylveon||FairyFeather|Pixilate|HyperBeam,HyperVoice,QuickAttack,Detect|Modest||F|||50|]Whimsicott||FocusSash|Prankster|Moonblast,Tailwind,Encore,Protect|Timid||F|||50|
|showteam|p2|Blaziken||Blazikenite|SpeedBoost|Protect,KnockOff,FlareBlitz,CloseCombat|Jolly||M|||50|]Whimsicott||FocusSash|Prankster|Tailwind,Protect,Moonblast,Encore|Modest||M|||50|]Garchomp||SitrusBerry|RoughSkin|RockSlide,StompingTantrum,DragonClaw,Protect|Adamant||M|||50|]Basculegion||MysticWater|Adaptability|Protect,WaveCrash,AquaJet,LastRespects|Adamant||M|||50|]Gholdengo||LifeOrb|GoodasGold|NastyPlot,Protect,MakeItRain,ShadowBall|Modest|||||50|]Milotic||Leftovers|Competitive|MuddyWater,Protect,Recover,IcyWind|Modest||F|||50|
|inactive|Battle timer is ON: inactive players will automatically lose when time's up. (requested by Ted725)
|
|t:|1782746924
|teamsize|p1|4
|teamsize|p2|4
|start
|switch|p1a: Whimsicott|Whimsicott, L50, F, shiny|100/100
|switch|p1b: Charizard|Charizard, L50, M, shiny|100/100
|switch|p2a: Whimsicott|Whimsicott, L50, M|100/100
|switch|p2b: Gholdengo|Gholdengo, L50|100/100
|turn|1
|
|t:|1782746944
|detailschange|p1b: Charizard|Charizard-Mega-Y, L50, M, shiny
|-mega|p1b: Charizard|Charizard|Charizardite Y
|-weather|SunnyDay|[from] ability: Drought|[of] p1b: Charizard
|move|p1a: Whimsicott|Tailwind|p1a: Whimsicott
|-sidestart|p1: sky yeh|move: Tailwind
|move|p2a: Whimsicott|Tailwind|p2a: Whimsicott
|-sidestart|p2: Ted725|move: Tailwind
|move|p1b: Charizard|Heat Wave|p2b: Gholdengo|[spread] p2a,p2b
|-supereffective|p2a: Whimsicott|1
|-supereffective|p2b: Gholdengo|1
|-enditem|p2a: Whimsicott|Focus Sash
|-damage|p2a: Whimsicott|1/100
|-damage|p2b: Gholdengo|0 fnt
|faint|p2b: Gholdengo
|
|-weather|SunnyDay|[upkeep]
|upkeep
|
|t:|1782746956
|switch|p2b: Basculegion|Basculegion, L50, M|100/100
|turn|2
|
|t:|1782746966
|move|p2b: Basculegion|Protect|p2b: Basculegion
|-singleturn|p2b: Basculegion|Protect
|move|p1a: Whimsicott|Encore|p2a: Whimsicott
|-start|p2a: Whimsicott|Encore
|move|p2a: Whimsicott|Tailwind||[still]
|-fail|p2a: Whimsicott
|move|p1b: Charizard|Solar Beam||[still]
|-prepare|p1b: Charizard|Solar Beam
|-anim|p1b: Charizard|Solar Beam|p2b: Basculegion
|-activate|p2b: Basculegion|move: Protect
|
|-weather|SunnyDay|[upkeep]
|upkeep
|turn|3
|inactive|Ted725 has 30 seconds left.
|inactive|Ted725 has 20 seconds left.
|inactive|Ted725 has 15 seconds left.
|
|t:|1782747009
|switch|p2a: Blaziken|Blaziken, L50, M|100/100
|move|p1a: Whimsicott|Encore|p2b: Basculegion
|-start|p2b: Basculegion|Encore
|move|p2b: Basculegion|Protect||[still]
|-fail|p2b: Basculegion
|move|p1b: Charizard|Heat Wave|p2b: Basculegion|[spread] p2a,p2b
|-resisted|p2a: Blaziken|1
|-resisted|p2b: Basculegion|1
|-damage|p2a: Blaziken|52/100
|-damage|p2b: Basculegion|66/100
|
|-weather|SunnyDay|[upkeep]
|upkeep
|turn|4
|inactive|sky yeh has 30 seconds left.
|inactive|Ted725 has 30 seconds left.
|
|t:|1782747036
|switch|p2b: Whimsicott|Whimsicott, L50, M|1/100
|detailschange|p2a: Blaziken|Blaziken-Mega, L50, M
|-mega|p2a: Blaziken|Blaziken|Blazikenite
|move|p1a: Whimsicott|Moonblast|p2a: Blaziken
|-damage|p2a: Blaziken|1/100
|move|p2a: Blaziken|Flare Blitz|p1b: Charizard
|-resisted|p1b: Charizard|1
|-damage|p1b: Charizard|38/100
|-damage|p2a: Blaziken|0 fnt|[from] Recoil
|faint|p2a: Blaziken
|move|p1b: Charizard|Heat Wave|p2b: Whimsicott
|-supereffective|p2b: Whimsicott|1
|-damage|p2b: Whimsicott|0 fnt
|faint|p2b: Whimsicott
|
|-weather|SunnyDay|[upkeep]
|-sideend|p1: sky yeh|move: Tailwind
|-sideend|p2: Ted725|move: Tailwind
|upkeep
|
|t:|1782747051
|switch|p2b: Basculegion|Basculegion, L50, M|66/100
|turn|5
|
|t:|1782747055
|move|p2b: Basculegion|Aqua Jet|p1b: Charizard
|-supereffective|p1b: Charizard|1
|-damage|p1b: Charizard|3/100
|move|p1a: Whimsicott|Moonblast|p2b: Basculegion
|-damage|p2b: Basculegion|29/100
|move|p1b: Charizard|Solar Beam||[still]
|-prepare|p1b: Charizard|Solar Beam
|-anim|p1b: Charizard|Solar Beam|p2b: Basculegion
|-supereffective|p2b: Basculegion|1
|-damage|p2b: Basculegion|0 fnt
|faint|p2b: Basculegion
|
|win|sky yeh
||sky yeh is ready for game 3.
||Ted725 is ready for game 3.
|uhtml|next|Next: Game 3 of 3
|l|☆sky yeh
|player|p1|
|j|☆sky yeh
|player|p1|sky yeh|perrin|
