|j|☆Rat Rizzo
|j|☆bobovile
|html|Rat Rizzobobovile    
|uhtml|bestof|Game 2 of a best-of-3
|t:|1757024740
|gametype|doubles
|player|p1|Rat Rizzo|2|1082
|player|p2|bobovile|ruinmaniac|1089
|gen|9
|tier|[Gen 9] VGC 2025 Reg H (Bo3)
|rated|
|rule|Species Clause: Limit one of each Pokémon
|rule|Item Clause: Limit 1 of each item
|clearpoke
|poke|p1|Garchomp, L50, F|
|poke|p1|Jumpluff, L50, M|
|poke|p1|Torkoal, L50, M|
|poke|p1|Dragonite, L50, F|
|poke|p1|Kingambit, L50, M|
|poke|p1|Typhlosion-Hisui, L50, F|
|poke|p2|Mandibuzz, L50, F|
|poke|p2|Baxcalibur, L50, M|
|poke|p2|Ursaluna-Bloodmoon, L50, M|
|poke|p2|Gyarados, L50, M|
|poke|p2|Tsareena, L50, F|
|poke|p2|Electabuzz, L50, F|
|teampreview|4
|showteam|p1|Garchomp||LifeOrb|RoughSkin|DragonClaw,StompingTantrum,Earthquake,Protect|||F|||50|,,,,,Fire]Jumpluff||CovertCloak|Chlorophyll|LeafStorm,SleepPowder,Encore,Tailwind|||M|||50|,,,,,Poison]Torkoal||EjectPack|Drought|Overheat,BurningJealousy,HelpingHand,Protect|||M|||50|,,,,,Flying]Dragonite||LoadedDice|Multiscale|ScaleShot,ExtremeSpeed,IceSpinner,Protect|||F|||50|,,,,,Fairy]Kingambit||AssaultVest|Defiant|IronHead,SuckerPunch,KowtowCleave,LowKick|||M|||50|,,,,,Flying]Typhlosion-Hisui||ChoiceScarf|Blaze|Eruption,ShadowBall,HeatWave,Overheat|||F|||50|,,,,,Fire
|showteam|p2|Mandibuzz||CovertCloak|Overcoat|Protect,FoulPlay,Tailwind,Taunt|||F|||50|,,,,,Water]Baxcalibur||LoadedDice|ThermalExchange|IcicleSpear,ScaleShot,Protect,SwordsDance|||M|||50|,,,,,Water]Ursaluna-Bloodmoon||LifeOrb|MindsEye|HyperVoice,BloodMoon,Protect,EarthPower|||M|||50|,,,,,Normal]Gyarados||ClearAmulet|Intimidate|Protect,DragonDance,Waterfall,TeraBlast|||M|||50|,,,,,Flying]Tsareena||WideLens|QueenlyMajesty|Protect,PowerWhip,TripleAxel,HighJumpKick|||F|||50|,,,,,Fire]Electabuzz||Eviolite|VitalSpirit|FollowMe,Protect,Taunt,Electroweb|||F|||50|,,,,,Ghost
|inactive|Battle timer is ON: inactive players will automatically lose when time's up. (requested by Rat Rizzo)
|inactive|bobovile has 60 seconds left.
|inactive|Rat Rizzo has 60 seconds left.
|
|t:|1757024788
|teamsize|p1|4
|teamsize|p2|4
|start
|switch|p1a: Dragonite|Dragonite, L50, F|100/100
|switch|p1b: Kingambit|Kingambit, L50, M|100/100
|switch|p2a: Ursaluna|Ursaluna-Bloodmoon, L50, M|100/100
|switch|p2b: Mandibuzz|Mandibuzz, L50, F|100/100
|turn|1
|inactive|bobovile has 30 seconds left.
|
|t:|1757024814
|-terastallize|p1b: Kingambit|Flying
|move|p2a: Ursaluna|Protect|p2a: Ursaluna
|-singleturn|p2a: Ursaluna|Protect
|move|p1a: Dragonite|Scale Shot|p2a: Ursaluna
|-activate|p2a: Ursaluna|move: Protect
|move|p2b: Mandibuzz|Tailwind|p2b: Mandibuzz
|-sidestart|p2: bobovile|move: Tailwind
|move|p1b: Kingambit|Low Kick|p2a: Ursaluna
|-activate|p2a: Ursaluna|move: Protect
|
|upkeep
|turn|2
|inactive|bobovile has 30 seconds left.
|inactive|bobovile has 20 seconds left.
|
|t:|1757024852
|move|p2b: Mandibuzz|Foul Play|p1b: Kingambit
|-damage|p1b: Kingambit|65/100
|move|p2a: Ursaluna|Blood Moon|p1b: Kingambit
|-damage|p1b: Kingambit|0 fnt
|faint|p1b: Kingambit
|-damage|p2a: Ursaluna|91/100|[from] item: Life Orb
|move|p1a: Dragonite|Scale Shot|p2a: Ursaluna
|-damage|p2a: Ursaluna|78/100
|-damage|p2a: Ursaluna|65/100
|-damage|p2a: Ursaluna|54/100
|-damage|p2a: Ursaluna|41/100
|-hitcount|p2a: Ursaluna|4
|-unboost|p1a: Dragonite|def|1
|-boost|p1a: Dragonite|spe|1
|
|upkeep
|
|t:|1757024861
|switch|p1b: Garchomp|Garchomp, L50, F|100/100
|turn|3
|
|t:|1757024881
|move|p1a: Dragonite|Protect|p1a: Dragonite
|-singleturn|p1a: Dragonite|Protect
|move|p1b: Garchomp|Protect|p1b: Garchomp
|-singleturn|p1b: Garchomp|Protect
|move|p2a: Ursaluna|Hyper Voice|p1b: Garchomp|[spread] 
|-activate|p1a: Dragonite|move: Protect
|-activate|p1b: Garchomp|move: Protect
|move|p2b: Mandibuzz|Foul Play|p1a: Dragonite
|-activate|p1a: Dragonite|move: Protect
|
|upkeep
|turn|4
|
|t:|1757024899
|move|p2b: Mandibuzz|Foul Play|p1a: Dragonite
|-damage|p1a: Dragonite|50/100
|move|p2a: Ursaluna|Blood Moon|p1b: Garchomp
|-damage|p1b: Garchomp|0 fnt
|faint|p1b: Garchomp
|-damage|p2a: Ursaluna|31/100|[from] item: Life Orb
|move|p1a: Dragonite|Scale Shot|p2a: Ursaluna
|-damage|p2a: Ursaluna|18/100
|-damage|p2a: Ursaluna|6/100
|-crit|p2a: Ursaluna
|-damage|p2a: Ursaluna|0 fnt
|faint|p2a: Ursaluna
|-hitcount|p2: Ursaluna|3
|-unboost|p1a: Dragonite|def|1
|-boost|p1a: Dragonite|spe|1
|
|-sideend|p2: bobovile|move: Tailwind
|upkeep
|inactive|bobovile has 30 seconds left.
|
|t:|1757024933
|switch|p1b: Typhlosion|Typhlosion-Hisui, L50, F|100/100
|switch|p2a: Gyarados|Gyarados, L50, M|100/100
|-ability|p2a: Gyarados|Intimidate|boost
|-unboost|p1a: Dragonite|atk|1
|-unboost|p1b: Typhlosion|atk|1
|turn|5
|
|t:|1757024952
|-terastallize|p2b: Mandibuzz|Water
|move|p1a: Dragonite|Scale Shot|p2a: Gyarados
|-damage|p2a: Gyarados|91/100
|-damage|p2a: Gyarados|81/100
|-damage|p2a: Gyarados|70/100
|-damage|p2a: Gyarados|58/100
|-damage|p2a: Gyarados|48/100
|-hitcount|p2a: Gyarados|5
|-unboost|p1a: Dragonite|def|1
|-boost|p1a: Dragonite|spe|1
|move|p1b: Typhlosion|Eruption|p2a: Gyarados|[spread] p2a,p2b
|-resisted|p2a: Gyarados
|-resisted|p2b: Mandibuzz
|-damage|p2a: Gyarados|24/100
|-damage|p2b: Mandibuzz|82/100
|move|p2a: Gyarados|Waterfall|p1b: Typhlosion
|-supereffective|p1b: Typhlosion
|-damage|p1b: Typhlosion|0 fnt
|faint|p1b: Typhlosion
|move|p2b: Mandibuzz|Foul Play|p1a: Dragonite
|-damage|p1a: Dragonite|0 fnt
|faint|p1a: Dragonite
|
|win|bobovile
