|j|☆InkynVG
|j|☆Jaden_Copeland
|html|InkynVGJaden_Copeland    
|uhtml|bestof|Game 3 of a best-of-3
|t:|1755779002
|gametype|doubles
|player|p1|InkynVG|shadowtriad|1256
|player|p2|Jaden_Copeland|lucas-gen4pt|1179
|gen|9
|tier|[Gen 9] VGC 2025 Reg H (Bo3)
|rated|
|rule|Species Clause: Limit one of each Pokémon
|rule|Item Clause: Limit 1 of each item
|clearpoke
|poke|p1|Volcarona, L50, M|
|poke|p1|Electabuzz, L50, F|
|poke|p1|Ursaluna-Bloodmoon, L50, M|
|poke|p1|Rillaboom, L50, F|
|poke|p1|Archaludon, L50, M|
|poke|p1|Flamigo, L50, M|
|poke|p2|Archaludon, L50, M|
|poke|p2|Kingdra, L50, M|
|poke|p2|Incineroar, L50, M|
|poke|p2|Indeedee, L50, M|
|poke|p2|Amoonguss, L50, F|
|poke|p2|Pelipper, L50, F|
|teampreview|4
|showteam|p1|Volcarona||Leftovers|FlameBody|HeatWave,TeraBlast,QuiverDance,Protect|||M|||50|,,,,,Fairy]Electabuzz||Eviolite|VitalSpirit|FollowMe,Taunt,Electroweb,Protect|||F|||50|,,,,,Ghost]Ursaluna-Bloodmoon||LifeOrb|MindsEye|EarthPower,BloodMoon,HyperVoice,Protect|||M|||50|,,,,,Ghost]Rillaboom||LoadedDice|GrassySurge|FakeOut,GrassyGlide,BulletSeed,Uturn|||F|||50|,,,,,Fire]Archaludon||AssaultVest|Stamina|DragonPulse,ElectroShot,BodyPress,FlashCannon|||M|||50|,,,,,Bug]Flamigo||FocusSash|Scrappy|CloseCombat,DualWingbeat,Tailwind,WideGuard|||M|||50|,,,,,Ghost
|showteam|p2|Archaludon||AssaultVest|Stalwart|ElectroShot,DragonPulse,FlashCannon,AuraSphere|||M|||50|,,,,,Electric]Kingdra||LifeOrb|SwiftSwim|DracoMeteor,MuddyWater,Substitute,Protect|||M|||50|,,,,,Stellar]Incineroar||SafetyGoggles|Intimidate|FlareBlitz,KnockOff,FakeOut,PartingShot|||M|||50|,,,,,Ghost]Indeedee||ChoiceScarf|PsychicSurge|ExpandingForce,ShadowBall,DazzlingGleam,Trick|||M|||50|,,,,,Fairy]Amoonguss||SitrusBerry|Regenerator|SludgeBomb,RagePowder,Spore,Protect|||F|||50|,,,,,Dark]Pelipper||FocusSash|Drizzle|Hurricane,WeatherBall,Tailwind,Protect|||F|||50|,,,,,Stellar
|inactive|Battle timer is ON: inactive players will automatically lose when time's up. (requested by Jaden_Copeland)
|
|t:|1755779029
|teamsize|p1|4
|teamsize|p2|4
|start
|switch|p1a: Archaludon|Archaludon, L50, M|100/100
|switch|p1b: Rillaboom|Rillaboom, L50, F|100/100
|switch|p2a: LeBron|Kingdra, L50, M, shiny|100/100
|switch|p2b: Peeko|Pelipper, L50, F, shiny|100/100
|-weather|RainDance|[from] ability: Drizzle|[of] p2b: Peeko
|-fieldstart|move: Grassy Terrain|[from] ability: Grassy Surge|[of] p1b: Rillaboom
|turn|1
|inactive|InkynVG has 30 seconds left.
|inactive|InkynVG has 20 seconds left.
|inactive|InkynVG has 15 seconds left.
|
|t:|1755779074
|move|p2a: LeBron|Substitute|p2a: LeBron
|-start|p2a: LeBron|Substitute
|-damage|p2a: LeBron|76/100
|move|p2b: Peeko|Hurricane|p1b: Rillaboom
|-supereffective|p1b: Rillaboom
|-damage|p1b: Rillaboom|0 fnt
|faint|p1b: Rillaboom
|move|p1a: Archaludon|Electro Shot||[still]
|-prepare|p1a: Archaludon|Electro Shot
|-boost|p1a: Archaludon|spa|1
|-anim|p1a: Archaludon|Electro Shot|p2b: Peeko
|-supereffective|p2b: Peeko
|-enditem|p2b: Peeko|Focus Sash
|-damage|p2b: Peeko|1/100
|
|-weather|RainDance|[upkeep]
|-heal|p2a: LeBron|82/100|[from] Grassy Terrain
|upkeep
|
|t:|1755779086
|switch|p1b: Electabuzz|Electabuzz, L50, F|100/100
|turn|2
|
|t:|1755779101
|move|p2a: LeBron|Protect|p2a: LeBron
|-singleturn|p2a: LeBron|Protect
|move|p1b: Electabuzz|Electroweb|p2b: Peeko|[spread] p2b
|-activate|p2a: LeBron|move: Protect
|-supereffective|p2b: Peeko
|-damage|p2b: Peeko|0 fnt
|faint|p2b: Peeko
|move|p1a: Archaludon|Electro Shot||[still]
|-prepare|p1a: Archaludon|Electro Shot
|-boost|p1a: Archaludon|spa|1
|-anim|p1a: Archaludon|Electro Shot|p2a: LeBron
|-activate|p2a: LeBron|move: Protect
|
|-weather|RainDance|[upkeep]
|-heal|p2a: LeBron|88/100|[from] Grassy Terrain
|upkeep
|
|t:|1755779117
|switch|p2b: Indeed|Indeedee, L50, M|100/100
|-fieldstart|move: Psychic Terrain|[from] ability: Psychic Surge|[of] p2b: Indeed
|turn|3
|
|t:|1755779127
|-terastallize|p2a: LeBron|Stellar
|move|p1b: Electabuzz|Follow Me|p1b: Electabuzz
|-singleturn|p1b: Electabuzz|move: Follow Me
|move|p2a: LeBron|Muddy Water|p1b: Electabuzz|[spread] p1a,p1b
|-resisted|p1a: Archaludon
|-damage|p1a: Archaludon|62/100
|-damage|p1b: Electabuzz|40/100
|-ability|p1a: Archaludon|Stamina|boost
|-boost|p1a: Archaludon|def|1
|-damage|p2a: LeBron|78/100|[from] item: Life Orb
|move|p2b: Indeed|Expanding Force|p1b: Electabuzz|[spread] p1a,p1b
|-resisted|p1a: Archaludon
|-damage|p1a: Archaludon|39/100
|-damage|p1b: Electabuzz|1/100
|-ability|p1a: Archaludon|Stamina|boost
|-boost|p1a: Archaludon|def|1
|move|p1a: Archaludon|Dragon Pulse|p2b: Indeed
|-damage|p2b: Indeed|0 fnt
|faint|p2b: Indeed
|
|-weather|RainDance|[upkeep]
|upkeep
|
|t:|1755779143
|switch|p2b: Empire|Archaludon, L50, M, shiny|100/100
|turn|4
|inactive|InkynVG has 30 seconds left.
|inactive|InkynVG has 20 seconds left.
|inactive|InkynVG has 15 seconds left.
|inactive|InkynVG has 10 seconds left.
|inactive|InkynVG has 5 seconds left.
|
|t:|1755779195
|move|p1b: Electabuzz|Follow Me|p1b: Electabuzz
|-singleturn|p1b: Electabuzz|move: Follow Me
|move|p2a: LeBron|Muddy Water|p1b: Electabuzz|[spread] p1a,p1b
|-resisted|p1a: Archaludon
|-crit|p1b: Electabuzz
|-damage|p1a: Archaludon|12/100
|-damage|p1b: Electabuzz|0 fnt
|-unboost|p1a: Archaludon|accuracy|1
|-ability|p1a: Archaludon|Stamina|boost
|-boost|p1a: Archaludon|def|1
|faint|p1b: Electabuzz
|-damage|p2a: LeBron|68/100|[from] item: Life Orb
|move|p1a: Archaludon|Electro Shot||[still]
|-prepare|p1a: Archaludon|Electro Shot
|-boost|p1a: Archaludon|spa|1
|-anim|p1a: Archaludon|Electro Shot|p2a: LeBron
|-end|p2a: LeBron|Substitute
|move|p2b: Empire|Dragon Pulse|p1a: Archaludon
|-damage|p1a: Archaludon|0 fnt
|faint|p1a: Archaludon
|
|-weather|RainDance|[upkeep]
|upkeep
|
|t:|1755779201
|switch|p1b: Flamigo|Flamigo, L50, M|100/100
|turn|5
|
|t:|1755779217
|move|p2a: LeBron|Draco Meteor|p1b: Flamigo
|-enditem|p1b: Flamigo|Focus Sash
|-damage|p1b: Flamigo|1/100
|-unboost|p2a: LeBron|spa|2
|-damage|p2a: LeBron|58/100|[from] item: Life Orb
|move|p1b: Flamigo|Close Combat|p2b: Empire
|-supereffective|p2b: Empire
|-damage|p2b: Empire|14/100
|-unboost|p1b: Flamigo|def|1
|-unboost|p1b: Flamigo|spd|1
|move|p2b: Empire|Electro Shot||[still]
|-prepare|p2b: Empire|Electro Shot
|-boost|p2b: Empire|spa|1
|-anim|p2b: Empire|Electro Shot|p1b: Flamigo
|-supereffective|p1b: Flamigo
|-damage|p1b: Flamigo|0 fnt
|faint|p1b: Flamigo
|
|win|Jaden_Copeland
|raw|InkynVG's rating: 1256 → 1226(-30 for losing)
|raw|Jaden_Copeland's rating: 1179 → 1209(+30 for winning)
|l|☆InkynVG
|player|p1|
