|j|‽bretmeister13
|j|☆Gen4lover2
|html|bretmeister13Gen4lover2    
|uhtml|bestof|Game 1 of a best-of-3
|t:|1785783921
|gametype|doubles
|player|p1|bretmeister13|102|1218
|player|p2|Gen4lover2|wallace|1224
|gen|9
|tier|[Gen 9 Champions] VGC 2026 Reg M-B (Bo3)
|rated|
|rule|Species Clause: Limit one of each Pokémon
|rule|Item Clause: Limit 1 of each item
|clearpoke
|poke|p1|Malamar, L50, M|
|poke|p1|Whimsicott, L50, M|
|poke|p1|Ceruledge, L50, M|
|poke|p1|Basculegion, L50, M|
|poke|p1|Vileplume, L50, F|
|poke|p1|Mawile, L50, F|
|poke|p2|Tyranitar, L50, M|
|poke|p2|Excadrill, L50, F|
|poke|p2|Staraptor, L50, F|
|poke|p2|Milotic, L50, F|
|poke|p2|Gholdengo, L50|
|poke|p2|Sinistcha-Masterpiece, L50|
|teampreview|4
|showteam|p1|Malamar||Malamarite|Contrary|KnockOff,Superpower,Protect,TrickRoom|Adamant||M|||50|]Whimsicott||FocusSash|Prankster|Tailwind,Moonblast,FakeTears,Charm|Modest||M|||50|]Ceruledge||Leftovers|FlashFire|BulkUp,BitterBlade,ShadowSneak,Protect|Adamant||M|||50|]Basculegion||ChoiceScarf|SwiftSwim|LastRespects,WaveCrash,FlipTurn,AquaJet|Adamant||M|||50|]Vileplume||WideLens|Chlorophyll|LeafStorm,Protect,SleepPowder,SludgeBomb|Calm||F|||50|]Mawile||Mawilite|SheerForce|KnockOff,PlayRough,RockSlide,Protect|Adamant||F|||50|
|showteam|p2|Tyranitar||Tyranitarite|SandStream|RockSlide,KnockOff,LowKick,Protect|Adamant||M|||50|]Excadrill||FocusSash|SandRush|HighHorsepower,IronHead,RockSlide,Protect|Adamant||F|||50|]Staraptor||Staraptite|Intimidate|BraveBird,CloseCombat,Tailwind,Protect|Jolly||F|||50|]Milotic||SitrusBerry|Competitive|Scald,IceBeam,Recover,Protect|Modest||F|||50|]Gholdengo||LifeOrb|GoodasGold|MakeItRain,ShadowBall,NastyPlot,Protect|Modest|||||50|]Sinistcha-Masterpiece||ColburBerry|Hospitality|MatchaGotcha,RagePowder,TrickRoom,Protect|Relaxed|||||50|
|inactive|Battle timer is ON: inactive players will automatically lose when time's up. (requested by Gen4lover2)
|inactive|Gen4lover2 has 60 seconds left.
|inactive|Gen4lover2 has 30 seconds left.
|inactive|Gen4lover2 has 20 seconds left.
|inactive|Gen4lover2 has 15 seconds left.
|inactive|Gen4lover2 has 10 seconds left.
|
|t:|1785784006
|teamsize|p1|4
|teamsize|p2|4
|start
|switch|p1a: Malamar|Malamar, L50, M|100/100
|switch|p1b: Whimsicott|Whimsicott, L50, M|100/100
|switch|p2a: Staraptor|Staraptor, L50, F|100/100
|switch|p2b: Gholdengo|Gholdengo, L50|100/100
|-ability|p2a: Staraptor|Intimidate|boost
|-boost|p1a: Malamar|atk|1
|-unboost|p1b: Whimsicott|atk|1
|turn|1
|
|t:|1785784022
|detailschange|p1a: Malamar|Malamar-Mega, L50, M
|-mega|p1a: Malamar|Malamar|Malamarite
|move|p1b: Whimsicott|Charm|p1a: Malamar
|-boost|p1a: Malamar|atk|2
|move|p2a: Staraptor|Tailwind|p2a: Staraptor
|-sidestart|p2: Gen4lover2|move: Tailwind
|move|p2b: Gholdengo|Nasty Plot|p2b: Gholdengo
|-boost|p2b: Gholdengo|spa|2
|move|p1a: Malamar|Knock Off|p2b: Gholdengo
|-supereffective|p2b: Gholdengo|1
|-damage|p2b: Gholdengo|0 fnt
|-enditem|p2b: Gholdengo|Life Orb|[from] move: Knock Off|[of] p1a: Malamar
|faint|p2b: Gholdengo
|
|upkeep
|
|t:|1785784037
|switch|p2b: Sinistcha|Sinistcha-Masterpiece, L50|100/100
|turn|2
|
|t:|1785784055
|detailschange|p2a: Staraptor|Staraptor-Mega, L50, F
|-mega|p2a: Staraptor|Staraptor|Staraptite
|move|p1b: Whimsicott|Charm|p1a: Malamar
|-boost|p1a: Malamar|atk|2
|move|p2a: Staraptor|Close Combat|p1a: Malamar
|-damage|p1a: Malamar|36/100
|-boost|p2a: Staraptor|def|1
|-boost|p2a: Staraptor|spd|1
|move|p2b: Sinistcha|Matcha Gotcha|p1b: Whimsicott|[spread] p1b
|-miss|p2b: Sinistcha|p1a: Malamar
|-resisted|p1b: Whimsicott|1
|-damage|p1b: Whimsicott|80/100
|move|p1a: Malamar|Knock Off|p2b: Sinistcha
|-supereffective|p2b: Sinistcha|1
|-enditem|p2b: Sinistcha|Colbur Berry|[eat]
|-enditem|p2b: Sinistcha|Colbur Berry|[weaken]
|-damage|p2b: Sinistcha|0 fnt
|faint|p2b: Sinistcha
|
|upkeep
|
|t:|1785784075
|switch|p2b: Milotic|Milotic, L50, F|100/100
|turn|3
|
|t:|1785784086
|move|p1a: Malamar|Protect|p1a: Malamar
|-singleturn|p1a: Malamar|Protect
|move|p2a: Staraptor|Close Combat|p1a: Malamar
|-activate|p1a: Malamar|move: Protect
|move|p2b: Milotic|Ice Beam|p1b: Whimsicott
|-supereffective|p1b: Whimsicott|1
|-damage|p1b: Whimsicott|0 fnt
|faint|p1b: Whimsicott
|
|upkeep
|
|t:|1785784101
|switch|p1b: Vileplume|Vileplume, L50, F|100/100
|turn|4
|
|t:|1785784118
|move|p2b: Milotic|Protect|p2b: Milotic
|-singleturn|p2b: Milotic|Protect
|move|p2a: Staraptor|Close Combat|p1a: Malamar
|-damage|p1a: Malamar|0 fnt
|-boost|p2a: Staraptor|def|1
|-boost|p2a: Staraptor|spd|1
|faint|p1a: Malamar
|move|p1b: Vileplume|Sleep Powder|p2a: Staraptor
|-status|p2a: Staraptor|slp|[from] move: Sleep Powder
|
|-sideend|p2: Gen4lover2|move: Tailwind
|upkeep
|
|t:|1785784124
|switch|p1a: Basculegion|Basculegion, L50, M|100/100
|turn|5
|
|t:|1785784136
|move|p1a: Basculegion|Last Respects|p2a: Staraptor
|-damage|p2a: Staraptor|65/100 slp
|cant|p2a: Staraptor|slp
|move|p2b: Milotic|Ice Beam|p1b: Vileplume
|-supereffective|p1b: Vileplume|1
|-damage|p1b: Vileplume|55/100
|move|p1b: Vileplume|Sludge Bomb|p2a: Staraptor
|-damage|p2a: Staraptor|43/100 slp
|
|upkeep
|turn|6
|
|t:|1785784151
|-curestatus|p2a: Staraptor|slp|[msg]
|move|p2a: Staraptor|Protect|p2a: Staraptor
|-singleturn|p2a: Staraptor|Protect
|move|p1a: Basculegion|Last Respects|p2a: Staraptor
|-activate|p2a: Staraptor|move: Protect
|move|p2b: Milotic|Ice Beam|p1b: Vileplume
|-supereffective|p1b: Vileplume|1
|-damage|p1b: Vileplume|5/100
|move|p1b: Vileplume|Sludge Bomb|p2a: Staraptor
|-activate|p2a: Staraptor|move: Protect
|
|upkeep
|turn|7
|
|t:|1785784168
|move|p1a: Basculegion|Last Respects|p2a: Staraptor
|-crit|p2a: Staraptor
|-damage|p2a: Staraptor|0 fnt
|faint|p2a: Staraptor
|move|p2b: Milotic|Ice Beam|p1b: Vileplume
|-supereffective|p1b: Vileplume|1
|-damage|p1b: Vileplume|0 fnt
|faint|p1b: Vileplume
|
|upkeep
|turn|8
|
|t:|1785784175
|move|p1a: Basculegion|Last Respects|p2b: Milotic
|-damage|p2b: Milotic|1/100
|-enditem|p2b: Milotic|Sitrus Berry|[eat]
|-heal|p2b: Milotic|26/100|[from] item: Sitrus Berry
|move|p2b: Milotic|Scald|p1a: Basculegion
|-resisted|p1a: Basculegion|1
|-damage|p1a: Basculegion|81/100
|
|upkeep
|turn|9
|
|t:|1785784180
|move|p1a: Basculegion|Last Respects|p2b: Milotic
|-damage|p2b: Milotic|0 fnt
|faint|p2b: Milotic
|
|win|bretmeister13
|l|☆Gen4lover2
|player|p2|
|j|☆Gen4lover2
|player|p2|Gen4lover2|wallace|
