|j|â˜†Mebbyaids
|j|â˜†Luks1220
|html|MebbyaidsLuks1220    
|uhtml|bestof|Game 1 of a best-of-3
|t:|1783788274
|gametype|doubles
|player|p1|Mebbyaids|102|
|player|p2|Luks1220|volkner|
|gen|9
|tier|[Gen 9 Champions] VGC 2026 Reg M-B (Bo3)
|rule|Species Clause: Limit one of each PokÃ©mon
|rule|Item Clause: Limit 1 of each item
|clearpoke
|poke|p1|Starmie, L50|
|poke|p1|Pelipper, L50, F|
|poke|p1|Archaludon, L50, F|
|poke|p1|Meowscarada, L50, F|
|poke|p1|Annihilape, L50, F|
|poke|p1|Raichu, L50, F|
|poke|p2|Falinks, L50|
|poke|p2|Sinistcha, L50|
|poke|p2|Incineroar, L50, M|
|poke|p2|Rotom-Wash, L50|
|poke|p2|Dragalge, L50, M|
|poke|p2|Glimmora, L50, F|
|teampreview|4
|showteam|p1|Starmie||Starminite|Illuminate|RapidSpin,IceSpinner,Liquidation,ZenHeadbutt|Jolly|||||50|]Pelipper||MysticWater|Drizzle|Hurricane,Surf,Protect,Tailwind|Bold||F|||50|]Archaludon||LifeOrb|Stamina|ElectroShot,DragonPulse,FlashCannon,MirrorCoat|Timid||F|||50|]Meowscarada||ChoiceScarf|Protean|FlowerTrick,KnockOff,PlayRough,Uturn|Jolly||F|||50|]Annihilape||ExpertBelt|Defiant|DrainPunch,RageFist,Earthquake,SeedBomb|Jolly||F|||50|]Raichu||RaichuniteY|Static|FocusBlast,ZapCannon,Surf,AlluringVoice|Timid||F|||50|
|showteam|p2|Falinks||Falinksite|Defiant|NoRetreat,CloseCombat,IronHead,Protect|Adamant|||||50|]Sinistcha||KasibBerry|Hospitality|MatchaGotcha,Protect,RagePowder,StrengthSap|Bold|||||50|]Incineroar||ChopleBerry|Intimidate|FakeOut,PartingShot,DarkestLariat,FlareBlitz|Impish||M|||50|]Rotom-Wash||SitrusBerry|Levitate|Thunderbolt,WillOWisp,HydroPump,LightScreen|Bold|||||50|]Dragalge||Dragalgite|Adaptability|SludgeBomb,FlipTurn,Protect,DracoMeteor|Serious||M|||50|]Glimmora||FocusSash|ToxicDebris|SpikyShield,EarthPower,PowerGem,SludgeBomb|Timid||F|||50|
|c|â˜†Luks1220|ohhh shit
|c|â˜†Luks1220|well ggs
|
|t:|1783788329
|teamsize|p1|4
|teamsize|p2|4
|start
|switch|p1a: Starmie|Starmie, L50|100/100
|switch|p1b: Raichu|Raichu, L50, F|100/100
|switch|p2a: PredictableCreatur|Falinks, L50|100/100
|switch|p2b: Jarona!|Incineroar, L50, M|100/100
|-ability|p2b: Jarona!|Intimidate|boost
|-unboost|p1a: Starmie|atk|1
|-unboost|p1b: Raichu|atk|1
|turn|1
|
|t:|1783788362
|detailschange|p1b: Raichu|Raichu-Mega-Y, L50, F
|-mega|p1b: Raichu|Raichu|Raichunite Y
|detailschange|p2a: PredictableCreatur|Falinks-Mega, L50
|-mega|p2a: PredictableCreatur|Falinks|Falinksite
|move|p2b: Jarona!|Fake Out|p1a: Starmie
|-damage|p1a: Starmie|81/100
|move|p1b: Raichu|Alluring Voice|p2a: PredictableCreatur
|-supereffective|p2a: PredictableCreatur|1
|-damage|p2a: PredictableCreatur|0 fnt
|faint|p2a: PredictableCreatur
|cant|p1a: Starmie|flinch
|
|upkeep
|c|â˜†Mebbyaids|waiiiiit i just realized i messed up
|c|â˜†Mebbyaids|i brought 2 megas but i can only mega one
|
|t:|1783788377
|switch|p2a: It's me Flowery!|Sinistcha, L50|100/100
|turn|2
|
|t:|1783788398
|move|p2a: It's me Flowery!|Rage Powder|p2a: It's me Flowery!
|-singleturn|p2a: It's me Flowery!|move: Rage Powder
|move|p1b: Raichu|Alluring Voice|p2a: It's me Flowery!
|-damage|p2a: It's me Flowery!|61/100
|move|p1a: Starmie|Ice Spinner|p2a: It's me Flowery!
|-supereffective|p2a: It's me Flowery!|1
|-damage|p2a: It's me Flowery!|43/100
|move|p2b: Jarona!|Darkest Lariat|p1a: Starmie
|-supereffective|p1a: Starmie|1
|-damage|p1a: Starmie|0 fnt
|faint|p1a: Starmie
|
|upkeep
|
|t:|1783788406
|switch|p1a: Meowscarada|Meowscarada, L50, F|100/100
|turn|3
|
|t:|1783788420
|move|p1a: Meowscarada|Play Rough|p2b: Jarona!
|-start|p1a: Meowscarada|typechange|Fairy|[from] ability: Protean
|-damage|p2b: Jarona!|64/100
|move|p1b: Raichu|Focus Blast|p2b: Jarona!
|-supereffective|p2b: Jarona!|1
|-enditem|p2b: Jarona!|Chople Berry|[eat]
|-enditem|p2b: Jarona!|Chople Berry|[weaken]
|-damage|p2b: Jarona!|14/100
|move|p2a: It's me Flowery!|Matcha Gotcha|p1b: Raichu|[spread] p1a,p1b
|-damage|p1a: Meowscarada|58/100
|-heal|p2a: It's me Flowery!|61/100|[from] drain|[of] p1a: Meowscarada
|-damage|p1b: Raichu|59/100
|-heal|p2a: It's me Flowery!|76/100|[from] drain|[of] p1b: Raichu
|move|p2b: Jarona!|Flare Blitz|p1a: Meowscarada
|-damage|p1a: Meowscarada|0 fnt
|faint|p1a: Meowscarada
|-damage|p2b: Jarona!|0 fnt|[from] Recoil
|faint|p2b: Jarona!
|
|upkeep
|
|t:|1783788440
|switch|p1a: Annihilape|Annihilape, L50, F|100/100
|switch|p2b: Ja-orange!|Rotom-Wash, L50|100/100
|turn|4
|
|t:|1783788451
|move|p2a: It's me Flowery!|Protect|p2a: It's me Flowery!
|-singleturn|p2a: It's me Flowery!|Protect
|move|p1b: Raichu|Zap Cannon|p2a: It's me Flowery!
|-activate|p2a: It's me Flowery!|move: Protect
|move|p1a: Annihilape|Seed Bomb|p2b: Ja-orange!
|-supereffective|p2b: Ja-orange!|1
|-damage|p2b: Ja-orange!|45/100
|-enditem|p2b: Ja-orange!|Sitrus Berry|[eat]
|-heal|p2b: Ja-orange!|70/100|[from] item: Sitrus Berry
|move|p2b: Ja-orange!|Hydro Pump|p1a: Annihilape
|-damage|p1a: Annihilape|53/100
|
|upkeep
|turn|5
|
|t:|1783788473
|move|p1b: Raichu|Focus Blast|p2b: Ja-orange!
|-damage|p2b: Ja-orange!|22/100
|-unboost|p2b: Ja-orange!|spd|1
|move|p1a: Annihilape|Seed Bomb|p2b: Ja-orange!
|-supereffective|p2b: Ja-orange!|1
|-damage|p2b: Ja-orange!|0 fnt
|faint|p2b: Ja-orange!
|move|p2a: It's me Flowery!|Matcha Gotcha|p1a: Annihilape|[spread] p1a,p1b
|-damage|p1a: Annihilape|25/100
|-heal|p2a: It's me Flowery!|91/100|[from] drain|[of] p1a: Annihilape
|-damage|p1b: Raichu|19/100
|-heal|p2a: It's me Flowery!|100/100|[from] drain|[of] p1b: Raichu
|-status|p1b: Raichu|brn
|
|-damage|p1b: Raichu|13/100 brn|[from] brn
|upkeep
|turn|6
|
|t:|1783788495
|move|p1b: Raichu|Alluring Voice|p2a: It's me Flowery!
|-damage|p2a: It's me Flowery!|59/100
|move|p1a: Annihilape|Rage Fist|p2a: It's me Flowery!
|-supereffective|p2a: It's me Flowery!|1
|-enditem|p2a: It's me Flowery!|Kasib Berry|[eat]
|-enditem|p2a: It's me Flowery!|Kasib Berry|[weaken]
|-damage|p2a: It's me Flowery!|2/100
|move|p2a: It's me Flowery!|Matcha Gotcha|p1a: Annihilape|[spread] p1b
|-miss|p2a: It's me Flowery!|p1a: Annihilape
|-damage|p1b: Raichu|0 fnt
|-heal|p2a: It's me Flowery!|8/100|[from] drain|[of] p1b: Raichu
|faint|p1b: Raichu
|
|upkeep
|turn|7
|c|â˜†Luks1220|oh that miss saved your ass
|
|t:|1783788519
|move|p2a: It's me Flowery!|Protect|p2a: It's me Flowery!
|-singleturn|p2a: It's me Flowery!|Protect
|move|p1a: Annihilape|Rage Fist|p2a: It's me Flowery!
|-activate|p2a: It's me Flowery!|move: Protect
|
|upkeep
|turn|8
|c|â˜†Mebbyaids|it did
|
|t:|1783788526
|move|p1a: Annihilape|Rage Fist|p2a: It's me Flowery!
|-supereffective|p2a: It's me Flowery!|1
|-damage|p2a: It's me Flowery!|0 fnt
|faint|p2a: It's me Flowery!
|
|win|Mebbyaids
||Mebbyaids is ready for game 2.
||Luks1220 is ready for game 2.
|uhtml|next|Next: Game 2 of 3
