|j|☆CavaliereIsSoPeak
|j|☆pabloblo
|html|CavaliereIsSoPeakpabloblo    
|uhtml|bestof|Game 3 of a best-of-3
|t:|1756896720
|gametype|doubles
|player|p1|CavaliereIsSoPeak|gambler|1410
|player|p2|pabloblo|guitarist|1292
|gen|9
|tier|[Gen 9] VGC 2025 Reg H (Bo3)
|rated|
|rule|Species Clause: Limit one of each Pokémon
|rule|Item Clause: Limit 1 of each item
|clearpoke
|poke|p1|Volcarona, L50, M|
|poke|p1|Rillaboom, L50, M|
|poke|p1|Sneasler, L50, F|
|poke|p1|Dragonite, L50, M|
|poke|p1|Ursaluna-Bloodmoon, L50, M|
|poke|p1|Whimsicott, L50, F|
|poke|p2|Torkoal, L50, M|
|poke|p2|Indeedee-F, L50, F|
|poke|p2|Armarouge, L50, F|
|poke|p2|Ursaluna, L50, M|
|poke|p2|Kingambit, L50, F|
|poke|p2|Maushold, L50|
|teampreview|4
|showteam|p1|Volcarona||SitrusBerry|FlameBody|HeatWave,TeraBlast,QuiverDance,Protect|||M|||50|,,,,,Fairy]Rillaboom||AssaultVest|GrassySurge|WoodHammer,GrassyGlide,FakeOut,Uturn|||M|||50|,,,,,Fire]Sneasler||FocusSash|Unburden|DireClaw,CloseCombat,ThroatChop,Protect|||F|||50|,,,,,Dark]Dragonite||LoadedDice|Multiscale|ScaleShot,ExtremeSpeed,Haze,Protect|||M|||50|,,,,,Steel]Ursaluna-Bloodmoon||LifeOrb|MindsEye|BloodMoon,HyperVoice,EarthPower,Protect|||M|||50|,,,,,Normal]Whimsicott||CovertCloak|Prankster|Moonblast,Tailwind,Encore,Taunt|||F|||50|,,,,,Poison
|showteam|p2|Torkoal||Charcoal|Drought|Eruption,Overheat,HelpingHand,Protect|||M|||50|,,,,,Fire]Indeedee-F||SafetyGoggles|PsychicSurge|FollowMe,Psychic,TrickRoom,HelpingHand|||F|||50|,,,,,Water]Armarouge||PowerHerb|FlashFire|ArmorCannon,MeteorBeam,ExpandingForce,TrickRoom|||F|||50|,,,,,Grass]Ursaluna||FlameOrb|Guts|Facade,HeadlongRush,Earthquake,Protect|||M|||50|,,,,,Ghost]Kingambit||AssaultVest|Defiant|KowtowCleave,IronHead,SuckerPunch,LowKick|||F|||50|,,,,,Flying]Maushold||WideLens|Technician|PopulationBomb,FollowMe,Taunt,Protect||||||50|,,,,,Ghost
|inactive|Battle timer is ON: inactive players will automatically lose when time's up. (requested by pabloblo)
|inactive|CavaliereIsSoPeak has 60 seconds left.
|inactive|CavaliereIsSoPeak has 30 seconds left.
|
|t:|1756896792
|teamsize|p1|4
|teamsize|p2|4
|start
|switch|p1a: Ventus|Dragonite, L50, M|100/100
|switch|p1b: D'oro|Sneasler, L50, F|100/100
|switch|p2a: Indeedee|Indeedee-F, L50, F|100/100
|switch|p2b: Maushold|Maushold, L50|100/100
|-fieldstart|move: Psychic Terrain|[from] ability: Psychic Surge|[of] p2a: Indeedee
|turn|1
|inactive|CavaliereIsSoPeak has 30 seconds left.
|inactive|pabloblo has 30 seconds left.
|inactive|pabloblo has 20 seconds left.
|inactive|pabloblo has 15 seconds left.
|inactive|pabloblo has 10 seconds left.
|inactive|pabloblo has 5 seconds left.
|
|t:|1756896844
|-terastallize|p1a: Ventus|Steel
|move|p1b: D'oro|Protect|p1b: D'oro
|-singleturn|p1b: D'oro|Protect
|move|p2b: Maushold|Follow Me|p2b: Maushold
|-singleturn|p2b: Maushold|move: Follow Me
|move|p1a: Ventus|Scale Shot|p2b: Maushold|[miss]
|-miss|p1a: Ventus|p2b: Maushold
|move|p2a: Indeedee|Trick Room|p2a: Indeedee
|-fieldstart|move: Trick Room|[of] p2a: Indeedee
|
|upkeep
|turn|2
|inactive|CavaliereIsSoPeak has 30 seconds left.
|
|t:|1756896874
|switch|p2a: Kingambit|Kingambit, L50, F|100/100
|move|p1a: Ventus|Scale Shot|p2b: Maushold
|-damage|p2b: Maushold|78/100
|-damage|p2b: Maushold|53/100
|-damage|p2b: Maushold|29/100
|-damage|p2b: Maushold|3/100
|-damage|p2b: Maushold|0 fnt
|faint|p2b: Maushold
|-hitcount|p2: Maushold|5
|-unboost|p1a: Ventus|def|1
|-boost|p1a: Ventus|spe|1
|move|p1b: D'oro|Close Combat|p2a: Kingambit
|-supereffective|p2a: Kingambit
|-crit|p2a: Kingambit
|-damage|p2a: Kingambit|0 fnt
|-unboost|p1b: D'oro|def|1
|-unboost|p1b: D'oro|spd|1
|faint|p2a: Kingambit
|
|upkeep
|
|t:|1756896886
|switch|p2a: Indeedee|Indeedee-F, L50, F|100/100
|switch|p2b: Armarouge|Armarouge, L50, F|100/100
|turn|3
|
|t:|1756896902
|move|p1a: Ventus|Protect|p1a: Ventus
|-singleturn|p1a: Ventus|Protect
|move|p2b: Armarouge|Meteor Beam||[still]
|-prepare|p2b: Armarouge|Meteor Beam
|-boost|p2b: Armarouge|spa|1
|-enditem|p2b: Armarouge|Power Herb
|-anim|p2b: Armarouge|Meteor Beam|p1b: D'oro
|-resisted|p1b: D'oro
|-damage|p1b: D'oro|33/100
|move|p2a: Indeedee|Psychic|p1b: D'oro
|-supereffective|p1b: D'oro
|-damage|p1b: D'oro|0 fnt
|faint|p1b: D'oro
|
|upkeep
|
|t:|1756896910
|switch|p1b: Sylva|Rillaboom, L50, M|100/100
|-fieldstart|move: Grassy Terrain|[from] ability: Grassy Surge|[of] p1b: Sylva
|turn|4
|
|t:|1756896919
|move|p1b: Sylva|Fake Out|p2b: Armarouge
|-damage|p2b: Armarouge|88/100
|move|p2a: Indeedee|Follow Me|p2a: Indeedee
|-singleturn|p2a: Indeedee|move: Follow Me
|cant|p2b: Armarouge|flinch
|move|p1a: Ventus|Scale Shot|p2a: Indeedee
|-damage|p2a: Indeedee|85/100
|-damage|p2a: Indeedee|70/100
|-damage|p2a: Indeedee|56/100
|-damage|p2a: Indeedee|40/100
|-hitcount|p2a: Indeedee|4
|-unboost|p1a: Ventus|def|1
|-boost|p1a: Ventus|spe|1
|
|-heal|p2b: Armarouge|94/100|[from] Grassy Terrain
|-heal|p2a: Indeedee|46/100|[from] Grassy Terrain
|upkeep
|turn|5
|
|t:|1756896938
|-terastallize|p2a: Indeedee|Water
|move|p1a: Ventus|Extreme Speed|p2a: Indeedee
|-damage|p2a: Indeedee|12/100
|move|p1b: Sylva|Grassy Glide|p2a: Indeedee
|-supereffective|p2a: Indeedee
|-damage|p2a: Indeedee|0 fnt
|faint|p2a: Indeedee
|move|p2b: Armarouge|Trick Room|p2b: Armarouge
|-fieldend|move: Trick Room
|
|-heal|p2b: Armarouge|100/100|[from] Grassy Terrain
|upkeep
|turn|6
|-message|pabloblo forfeited.
|
|win|CavaliereIsSoPeak
|raw|CavaliereIsSoPeak's rating: 1410 → 1423(+13 for winning)
|raw|pabloblo's rating: 1292 → 1275(-17 for losing)
|c|☆CavaliereIsSoPeak|GG
|c|☆pabloblo|ggs
|l|☆pabloblo
|player|p2|
