|j|☆yslink
|j|☆nmls_paladin
|html|yslinknmls_paladin    
|uhtml|bestof|Game 1 of a best-of-3
|t:|1785013900
|gametype|doubles
|player|p1|yslink|n|
|player|p2|nmls_paladin|hilda-wonderlauncher|
|gen|9
|tier|[Gen 9 Champions] VGC 2026 Reg M-B (Bo3)
|rule|Species Clause: Limit one of each Pokémon
|rule|Item Clause: Limit 1 of each item
|clearpoke
|poke|p1|Mawile, L50, M|
|poke|p1|Farigiraf, L50, F|
|poke|p1|Incineroar, L50, M|
|poke|p1|Hatterene, L50, F|
|poke|p1|Primarina, L50, M|
|poke|p1|Golurk, L50|
|poke|p2|Annihilape, L50, M|
|poke|p2|Blaziken, L50, F, shiny|
|poke|p2|Primarina, L50, M|
|poke|p2|Aerodactyl, L50, M|
|poke|p2|Tsareena, L50, F|
|poke|p2|Empoleon, L50, M, shiny|
|teampreview|4
|showteam|p1|Mawile||Mawilite|Intimidate|IronHead,PlayRough,Protect,SuckerPunch|Adamant||M|||50|]Farigiraf||FocusSash|ArmorTail|TrickRoom,HyperVoice,Protect,Imprison|Modest||F|||50|]Incineroar||SitrusBerry|Intimidate|FakeOut,PartingShot,ThroatChop,FlareBlitz|Adamant||M|||50|]Hatterene||LifeOrb|MagicBounce|DazzlingGleam,Psychic,TrickRoom,Protect|Modest||F|||50|]Primarina||Leftovers|LiquidVoice|HyperVoice,EnergyBall,DazzlingGleam,Protect|Quiet||M|||50|]Golurk||Golurkite|IronFist|HeadlongRush,Poltergeist,Protect,RockSlide|Brave|||||50|
|showteam|p2|Annihilape||SitrusBerry|Defiant|DrainPunch,BulkUp,RageFist,RockSlide|Adamant||M|||50|]Blaziken||Blazikenite|SpeedBoost|FlareBlitz,CloseCombat,Protect,RockSlide|Adamant||F|||50|]Primarina||Leftovers|LiquidVoice|HyperVoice,IceBeam,Moonblast,EnergyBall|Modest||M|||50|]Aerodactyl||FocusSash|RockHead|Tailwind,RockSlide,DualWingbeat,Taunt|Jolly||M|||50|]Tsareena||LifeOrb|QueenlyMajesty|TropKick,LowKick,TripleAxel,Protect|Adamant||F|||50|]Empoleon||ChopleBerry|Competitive|Blizzard,VacuumWave,FlashCannon,Protect|Modest||M|||50|
|j| Strongest man son
|c| Strongest man son|does it show shinies in team preview now on showdown
|
|t:|1785013961
|teamsize|p1|4
|teamsize|p2|4
|start
|switch|p1a: Farigiraf|Farigiraf, L50, F|100/100
|switch|p1b: Golurk|Golurk, L50|100/100
|switch|p2a: Aerodactyl|Aerodactyl, L50, M|100/100
|switch|p2b: Empoleon|Empoleon, L50, M, shiny|100/100
|turn|1
|
|t:|1785013978
|detailschange|p1b: Golurk|Golurk-Mega, L50
|-mega|p1b: Golurk|Golurk|Golurkite
|move|p1b: Golurk|Protect|p1b: Golurk
|-singleturn|p1b: Golurk|Protect
|move|p2a: Aerodactyl|Taunt|p1a: Farigiraf
|-start|p1a: Farigiraf|move: Taunt
|move|p2b: Empoleon|Blizzard|p1b: Golurk|[spread] p1a
|-activate|p1b: Golurk|move: Protect
|-damage|p1a: Farigiraf|72/100
|cant|p1a: Farigiraf|move: Taunt|Trick Room
|
|upkeep
|turn|2
|
|t:|1785013995
|switch|p1a: Hatterene|Hatterene, L50, F|100/100
|move|p2a: Aerodactyl|Rock Slide|p1b: Golurk|[spread] p1a,p1b
|-resisted|p1b: Golurk|1
|-damage|p1a: Hatterene|62/100
|-damage|p1b: Golurk|89/100
|move|p2b: Empoleon|Blizzard|p1a: Hatterene|[spread] p1a,p1b
|-supereffective|p1b: Golurk|1
|-damage|p1a: Hatterene|34/100
|-damage|p1b: Golurk|42/100
|move|p1b: Golurk|Headlong Rush|p2b: Empoleon
|-supereffective|p2b: Empoleon|1
|-damage|p2b: Empoleon|0 fnt
|-unboost|p1b: Golurk|def|1
|-unboost|p1b: Golurk|spd|1
|faint|p2b: Empoleon
|
|upkeep
|
|t:|1785014014
|switch|p2b: Blaziken|Blaziken, L50, F, shiny|100/100
|turn|3
|
|t:|1785014040
|switch|p1b: Primarina|Primarina, L50, M|100/100
|detailschange|p2b: Blaziken|Blaziken-Mega, L50, F, shiny
|-mega|p2b: Blaziken|Blaziken|Blazikenite
|move|p2b: Blaziken|Protect|p2b: Blaziken
|-singleturn|p2b: Blaziken|Protect
|move|p2a: Aerodactyl|Rock Slide|p1a: Hatterene|[spread] p1a,p1b
|-damage|p1a: Hatterene|0 fnt
|-damage|p1b: Primarina|59/100
|faint|p1a: Hatterene
|
|-heal|p1b: Primarina|65/100|[from] item: Leftovers
|-ability|p2b: Blaziken|Speed Boost|boost
|-boost|p2b: Blaziken|spe|1
|upkeep
|
|t:|1785014052
|switch|p1a: Farigiraf|Farigiraf, L50, F|72/100
|turn|4
|
|t:|1785014064
|move|p2b: Blaziken|Flare Blitz|p1a: Farigiraf
|-damage|p1a: Farigiraf|0 fnt
|faint|p1a: Farigiraf
|-damage|p2b: Blaziken|65/100|[from] Recoil
|move|p2a: Aerodactyl|Rock Slide|p1b: Primarina
|-damage|p1b: Primarina|12/100
|move|p1b: Primarina|Hyper Voice|p2b: Blaziken|[spread] p2a,p2b
|-supereffective|p2a: Aerodactyl|1
|-supereffective|p2b: Blaziken|1
|-enditem|p2a: Aerodactyl|Focus Sash
|-damage|p2a: Aerodactyl|1/100
|-damage|p2b: Blaziken|0 fnt
|faint|p2b: Blaziken
|
|-heal|p1b: Primarina|18/100|[from] item: Leftovers
|upkeep
|
|t:|1785014079
|switch|p2b: Annihilape|Annihilape, L50, M|100/100
|switch|p1a: Golurk|Golurk-Mega, L50|42/100
|turn|5
|
|t:|1785014094
|move|p2a: Aerodactyl|Rock Slide|p1a: Golurk|[spread] p1a,p1b
|-resisted|p1a: Golurk|1
|-damage|p1a: Golurk|32/100
|-damage|p1b: Primarina|0 fnt
|faint|p1b: Primarina
|move|p2b: Annihilape|Rage Fist|p1a: Golurk
|-supereffective|p1a: Golurk|1
|-damage|p1a: Golurk|0 fnt
|faint|p1a: Golurk
|
|win|nmls_paladin
|inactive|yslink has 30 seconds to confirm battle start!
|inactive|nmls_paladin has 30 seconds to confirm battle start!
||yslink is ready for game 2.
|inactive|nmls_paladin has 20 seconds to confirm battle start!
|c|☆nmls_paladin|that giraffe
|inactive|nmls_paladin has 10 seconds to confirm battle start!
||nmls_paladin is ready for game 2.
|uhtml|next|Next: Game 2 of 3
|l| Strongest man son
|j| Strongest man son
