|j|☆iota_002
|j|☆pkojlkhbj
|html|iota_002pkojlkhbj    
|uhtml|bestof|Game 3 of a best-of-3
|t:|1785832102
|gametype|doubles
|player|p1|iota_002|ethan|1066
|player|p2|pkojlkhbj|pokemonrangerf|1072
|gen|9
|tier|[Gen 9 Champions] VGC 2026 Reg M-B (Bo3)
|rated|
|rule|Species Clause: Limit one of each Pokémon
|rule|Item Clause: Limit 1 of each item
|clearpoke
|poke|p1|Beedrill, L50, M|
|poke|p1|Aegislash, L50, M|
|poke|p1|Talonflame, L50, F|
|poke|p1|Gardevoir, L50, F|
|poke|p1|Glimmora, L50, F|
|poke|p1|Weavile, L50, M|
|poke|p2|Staraptor, L50, M|
|poke|p2|Farigiraf, L50, M|
|poke|p2|Incineroar, L50, F|
|poke|p2|Floette-Eternal, L50, F|
|poke|p2|Excadrill, L50, F|
|poke|p2|Milotic, L50, M|
|teampreview|4
|showteam|p1|Beedrill||Beedrillite|Sniper|Uturn,PoisonJab,DrillRun,Protect|Jolly||M|||50|]Aegislash||SitrusBerry|StanceChange|Poltergeist,SacredSword,WideGuard,KingsShield|Brave||M|||50|]Talonflame||SharpBeak|GaleWings|DualWingbeat,Tailwind,QuickGuard,Taunt|Jolly||F|||50|]Gardevoir||ExpertBelt|Trace|Thunderbolt,Moonblast,Encore,Protect|Quiet||F|||50|]Glimmora||FocusSash|ToxicDebris|EnergyBall,PowerGem,EarthPower,SpikyShield|Modest||F|||50|]Weavile||KingsRock|Pressure|FakeOut,Fling,KnockOff,IceSpinner|Jolly||M|||50|
|showteam|p2|Staraptor||ChoiceScarf|Intimidate|FinalGambit,CloseCombat,Uturn,BraveBird|Jolly||M|||50|]Farigiraf||SitrusBerry|ArmorTail|TrickRoom,Psychic,Thunderbolt,HelpingHand|Bold||M|||50|]Incineroar||FocusSash|Intimidate|FakeOut,PartingShot,FlareBlitz,ThroatChop|Adamant||F|||50|]Floette-Eternal||Floettite|FlowerVeil|DazzlingGleam,Protect,CalmMind,DrainingKiss|Modest||F|||50|]Excadrill||LifeOrb|MoldBreaker|IronHead,HighHorsepower,Protect,RockSlide|Jolly||F|||50|]Milotic||Leftovers|Competitive|MuddyWater,Hypnosis,Coil,Recover|Calm||M|||50|
|inactive|Battle timer is ON: inactive players will automatically lose when time's up. (requested by pkojlkhbj)
|inactive|iota_002 has 60 seconds left.
|
|t:|1785832142
|teamsize|p1|4
|teamsize|p2|4
|start
|switch|p1a: Beedrill|Beedrill, L50, M|100/100
|switch|p1b: Weavile|Weavile, L50, M|100/100
|switch|p2a: Staraptor|Staraptor, L50, M|100/100
|switch|p2b: Farigiraf|Farigiraf, L50, M|100/100
|-ability|p2a: Staraptor|Intimidate|boost
|-unboost|p1a: Beedrill|atk|1
|-unboost|p1b: Weavile|atk|1
|-ability|p1b: Weavile|Pressure
|turn|1
|inactive|iota_002 has 30 seconds left.
|
|t:|1785832173
|switch|p2b: Incineroar|Incineroar, L50, F|100/100
|-ability|p2b: Incineroar|Intimidate|boost
|-unboost|p1a: Beedrill|atk|1
|-unboost|p1b: Weavile|atk|1
|detailschange|p1a: Beedrill|Beedrill-Mega, L50, M
|-mega|p1a: Beedrill|Beedrill|Beedrillite
|move|p1a: Beedrill|Protect|p1a: Beedrill
|-singleturn|p1a: Beedrill|Protect
|move|p2a: Staraptor|Brave Bird|p1a: Beedrill
|-activate|p1a: Beedrill|move: Protect
|move|p1b: Weavile|Knock Off|p2a: Staraptor
|-damage|p2a: Staraptor|71/100
|-enditem|p2a: Staraptor|Choice Scarf|[from] move: Knock Off|[of] p1b: Weavile
|
|upkeep
|turn|2
|
|t:|1785832195
|move|p2b: Incineroar|Fake Out|p1b: Weavile
|-damage|p1b: Weavile|74/100
|move|p1a: Beedrill|U-turn|p2b: Incineroar
|-damage|p2b: Incineroar|70/100
|
|t:|1785832201
|switch|p1a: Glimmora|Glimmora, L50, F|100/100|[from] U-turn
|cant|p1b: Weavile|flinch
|move|p2a: Staraptor|U-turn|p1a: Glimmora
|-resisted|p1a: Glimmora|1
|-damage|p1a: Glimmora|89/100
|-activate|p1a: Glimmora|ability: Toxic Debris
|-sidestart|p2: pkojlkhbj|move: Toxic Spikes
|
|t:|1785832205
|switch|p2a: Farigiraf|Farigiraf, L50, M|100/100|[from] U-turn
|-status|p2a: Farigiraf|psn
|
|-damage|p2a: Farigiraf|87/100 psn|[from] psn
|upkeep
|turn|3
|
|t:|1785832221
|move|p1b: Weavile|Fling|p2a: Farigiraf
|-supereffective|p2a: Farigiraf|1
|-damage|p2a: Farigiraf|76/100 psn
|-enditem|p1b: Weavile|King's Rock|[from] move: Fling
|move|p1a: Glimmora|Power Gem|p2b: Incineroar
|-supereffective|p2b: Incineroar|1
|-damage|p2b: Incineroar|0 fnt
|faint|p2b: Incineroar
|cant|p2a: Farigiraf|flinch
|
|-damage|p2a: Farigiraf|63/100 psn|[from] psn
|upkeep
|
|t:|1785832228
|switch|p2b: Staraptor|Staraptor, L50, M|71/100
|-ability|p2b: Staraptor|Intimidate|boost
|-unboost|p1a: Glimmora|atk|1
|-unboost|p1b: Weavile|atk|1
|turn|4
|
|t:|1785832242
|move|p1b: Weavile|Knock Off|p2a: Farigiraf
|-supereffective|p2a: Farigiraf|1
|-damage|p2a: Farigiraf|31/100 psn
|-enditem|p2a: Farigiraf|Sitrus Berry|[from] move: Knock Off|[of] p1b: Weavile
|move|p2b: Staraptor|Close Combat|p1b: Weavile
|-supereffective|p1b: Weavile|2
|-damage|p1b: Weavile|0 fnt
|-unboost|p2b: Staraptor|def|1
|-unboost|p2b: Staraptor|spd|1
|faint|p1b: Weavile
|move|p1a: Glimmora|Power Gem|p2a: Farigiraf
|-damage|p2a: Farigiraf|0 fnt
|faint|p2a: Farigiraf
|
|upkeep
|
|t:|1785832257
|switch|p1b: Talonflame|Talonflame, L50, F|100/100
|switch|p2a: Milotic|Milotic, L50, M|100/100
|-status|p2a: Milotic|psn
|turn|5
|
|t:|1785832267
|move|p1b: Talonflame|Tailwind|p1b: Talonflame
|-sidestart|p1: iota_002|move: Tailwind
|move|p1a: Glimmora|Power Gem|p2b: Staraptor
|-supereffective|p2b: Staraptor|1
|-damage|p2b: Staraptor|0 fnt
|faint|p2b: Staraptor
|move|p2a: Milotic|Muddy Water|p1b: Talonflame|[spread] p1a
|-miss|p2a: Milotic|p1b: Talonflame
|-supereffective|p1a: Glimmora|1
|-damage|p1a: Glimmora|27/100
|-unboost|p1a: Glimmora|accuracy|1
|
|-damage|p2a: Milotic|87/100 psn|[from] psn
|upkeep
|turn|6
|
|t:|1785832283
|move|p1b: Talonflame|Dual Wingbeat|p2a: Milotic
|-damage|p2a: Milotic|72/100 psn
|-damage|p2a: Milotic|57/100 psn
|-hitcount|p2a: Milotic|2
|move|p1a: Glimmora|Energy Ball|p2a: Milotic|[miss]
|-miss|p1a: Glimmora|p2a: Milotic
|move|p2a: Milotic|Coil|p2a: Milotic
|-boost|p2a: Milotic|atk|1
|-boost|p2a: Milotic|def|1
|-boost|p2a: Milotic|accuracy|1
|
|-heal|p2a: Milotic|63/100 psn|[from] item: Leftovers
|-damage|p2a: Milotic|51/100 psn|[from] psn
|upkeep
|turn|7
|
|t:|1785832300
|move|p1b: Talonflame|Taunt|p2a: Milotic
|-start|p2a: Milotic|move: Taunt
|move|p1a: Glimmora|Energy Ball|p2a: Milotic|[miss]
|-miss|p1a: Glimmora|p2a: Milotic
|cant|p2a: Milotic|move: Taunt|Recover
|
|-heal|p2a: Milotic|57/100 psn|[from] item: Leftovers
|-damage|p2a: Milotic|45/100 psn|[from] psn
|upkeep
|turn|8
|
|t:|1785832312
|move|p1b: Talonflame|Dual Wingbeat|p2a: Milotic
|-damage|p2a: Milotic|34/100 psn
|-damage|p2a: Milotic|25/100 psn
|-hitcount|p2a: Milotic|2
|move|p1a: Glimmora|Energy Ball|p2a: Milotic|[miss]
|-miss|p1a: Glimmora|p2a: Milotic
|move|p2a: Milotic|Muddy Water|p1a: Glimmora|[spread] p1a,p1b
|-supereffective|p1a: Glimmora|1
|-supereffective|p1b: Talonflame|1
|-damage|p1a: Glimmora|0 fnt
|-damage|p1b: Talonflame|32/100
|faint|p1a: Glimmora
|
|-heal|p2a: Milotic|31/100 psn|[from] item: Leftovers
|-damage|p2a: Milotic|18/100 psn|[from] psn
|-sideend|p1: iota_002|move: Tailwind
|upkeep
|
|t:|1785832328
|switch|p1a: Beedrill|Beedrill-Mega, L50, M|100/100
|turn|9
|
|t:|1785832333
|move|p1a: Beedrill|Poison Jab|p2a: Milotic
|-damage|p2a: Milotic|0 fnt
|faint|p2a: Milotic
|
|win|iota_002
|raw|iota_002's rating: 1066 → 1097(+31 for winning)
|raw|pkojlkhbj's rating: 1072 → 1051(-21 for losing)
