|j|☆theferg1
|j|☆freudianbreath
|html|theferg1freudianbreath    
|uhtml|bestof|Game 2 of a best-of-3
|t:|1785098676
|gametype|doubles
|player|p1|theferg1|266|1025
|player|p2|freudianbreath|101|1094
|gen|9
|tier|[Gen 9 Champions] VGC 2026 Reg M-B (Bo3)
|rated|
|rule|Species Clause: Limit one of each Pokémon
|rule|Item Clause: Limit 1 of each item
|clearpoke
|poke|p1|Garchomp, L50, M|
|poke|p1|Eelektross, L50, F, shiny|
|poke|p1|Whimsicott, L50, M|
|poke|p1|Sinistcha, L50|
|poke|p1|Kingambit, L50, M, shiny|
|poke|p1|Kangaskhan, L50, F|
|poke|p2|Raichu, L50, F|
|poke|p2|Basculegion, L50, M|
|poke|p2|Charizard, L50, M|
|poke|p2|Whimsicott, L50, F|
|poke|p2|Kingambit, L50, F|
|poke|p2|Ninetales-Alola, L50, F|
|teampreview|4
|showteam|p1|Garchomp||LifeOrb|RoughSkin|Earthquake,DragonClaw,RockSlide,Protect|Adamant||M|||50|]Eelektross||Eelektrossite|Levitate|Discharge,Thunderbolt,Protect,VoltSwitch|Timid||F|||50|]Whimsicott||FocusSash|Prankster|FakeTears,Tailwind,Moonblast,Encore|Timid||M|||50|]Sinistcha||BrightPowder|Hospitality|MatchaGotcha,TrickRoom,RagePowder,Imprison|Bold|||||50|]Kingambit||BlackGlasses|Defiant|KowtowCleave,SuckerPunch,IronHead,Protect|Brave||M|||50|]Kangaskhan||Kangaskhanite|Scrappy|FakeOut,Disable,DoubleEdge,Protect|Jolly||F|||50|
|showteam|p2|Raichu||RaichuniteX|LightningRod|FakeOut,Protect,VoltTackle,Trailblaze|Jolly||F|||50|]Basculegion||ChoiceScarf|Adaptability|WaveCrash,LastRespects,AquaJet,IcyWind|Adamant||M|||50|]Charizard||CharizarditeY|Blaze|HeatWave,WeatherBall,AncientPower,Protect|Timid||M|||50|]Whimsicott||SitrusBerry|Prankster|Moonblast,Encore,Tailwind,Protect|Bold||F|||50|]Kingambit||OccaBerry|Defiant|KowtowCleave,SwordsDance,SuckerPunch,Protect|Adamant||F|||50|]Ninetales-Alola||LifeOrb|SnowWarning|Blizzard,FreezeDry,Encore,Protect|Timid||F|||50|
|
|t:|1785098707
|teamsize|p1|4
|teamsize|p2|4
|start
|switch|p1a: Garchomp|Garchomp, L50, M|100/100
|switch|p1b: Kangaskhan|Kangaskhan, L50, F|100/100
|switch|p2a: Raichu|Raichu, L50, F|100/100
|switch|p2b: Ninetales|Ninetales-Alola, L50, F|100/100
|-weather|Snowscape|[from] ability: Snow Warning|[of] p2b: Ninetales
|turn|1
|
|t:|1785098796
|move|p1b: Kangaskhan|Protect|p1b: Kangaskhan
|-singleturn|p1b: Kangaskhan|Protect
|move|p1a: Garchomp|Protect|p1a: Garchomp
|-singleturn|p1a: Garchomp|Protect
|move|p2a: Raichu|Fake Out|p1b: Kangaskhan
|-activate|p1b: Kangaskhan|move: Protect
|move|p2b: Ninetales|Blizzard|p1a: Garchomp|[spread] 
|-activate|p1a: Garchomp|move: Protect
|-activate|p1b: Kangaskhan|move: Protect
|
|-weather|Snowscape|[upkeep]
|upkeep
|turn|2
|inactive|Battle timer is ON: inactive players will automatically lose when time's up. (requested by freudianbreath)
|
|t:|1785098855
|detailschange|p2a: Raichu|Raichu-Mega-X, L50, F
|-mega|p2a: Raichu|Raichu|Raichunite X
|-fieldstart|move: Electric Terrain|[from] ability: Electric Surge|[of] p2a: Raichu
|move|p1a: Garchomp|Protect||[still]
|-fail|p1a: Garchomp
|move|p2a: Raichu|Volt Tackle|p1b: Kangaskhan
|-damage|p1b: Kangaskhan|0 fnt
|faint|p1b: Kangaskhan
|-damage|p2a: Raichu|56/100|[from] Recoil
|move|p2b: Ninetales|Blizzard|p1a: Garchomp
|-supereffective|p1a: Garchomp|2
|-damage|p1a: Garchomp|0 fnt
|faint|p1a: Garchomp
|-damage|p2b: Ninetales|90/100|[from] item: Life Orb
|
|-weather|Snowscape|[upkeep]
|upkeep
|
|t:|1785098874
|switch|p1b: Whimsicott|Whimsicott, L50, M|100/100
|switch|p1a: Eelektross|Eelektross, L50, F, shiny|100/100
|turn|3
|inactive|freudianbreath has 30 seconds left.
|inactive|freudianbreath has 20 seconds left.
|
|t:|1785098912
|detailschange|p1a: Eelektross|Eelektross-Mega, L50, F, shiny
|-mega|p1a: Eelektross|Eelektross|Eelektrossite
|move|p2b: Ninetales|Protect|p2b: Ninetales
|-singleturn|p2b: Ninetales|Protect
|move|p1b: Whimsicott|Tailwind|p1b: Whimsicott
|-sidestart|p1: theferg1|move: Tailwind
|move|p1a: Eelektross|Discharge|p2b: Ninetales|[spread] p1b,p2a
|-activate|p2b: Ninetales|move: Protect
|-resisted|p1b: Whimsicott|1
|-resisted|p2a: Raichu|1
|-damage|p1b: Whimsicott|71/100
|-damage|p2a: Raichu|32/100
|-status|p1b: Whimsicott|par
|move|p2a: Raichu|Volt Tackle|p1a: Eelektross
|-resisted|p1a: Eelektross|1
|-damage|p1a: Eelektross|44/100
|-damage|p2a: Raichu|10/100|[from] Recoil
|
|-weather|Snowscape|[upkeep]
|upkeep
|turn|4
|inactive|theferg1 has 30 seconds left.
|inactive|freudianbreath has 30 seconds left.
|inactive|theferg1 has 20 seconds left.
|inactive|freudianbreath has 20 seconds left.
|inactive|freudianbreath has 15 seconds left.
|inactive|freudianbreath has 10 seconds left.
|inactive|freudianbreath has 5 seconds left.
|
|t:|1785098964
|switch|p2b: Basculegion|Basculegion, L50, M|100/100
|move|p2a: Raichu|Protect|p2a: Raichu
|-singleturn|p2a: Raichu|Protect
|move|p1b: Whimsicott|Fake Tears|p2b: Basculegion
|-unboost|p2b: Basculegion|spd|2
|move|p1a: Eelektross|Discharge|p2a: Raichu|[spread] p1b,p2b
|-activate|p2a: Raichu|move: Protect
|-resisted|p1b: Whimsicott|1
|-supereffective|p2b: Basculegion|1
|-crit|p2b: Basculegion
|-damage|p1b: Whimsicott|46/100 par
|-damage|p2b: Basculegion|0 fnt
|faint|p2b: Basculegion
|-ability|p1a: Eelektross|Eelevate|boost
|-boost|p1a: Eelektross|spa|1
|
|-weather|Snowscape|[upkeep]
|upkeep
|
|t:|1785098987
|switch|p2b: Whimsicott|Whimsicott, L50, F|100/100
|turn|5
|inactive|theferg1 has 30 seconds left.
|
|t:|1785099022
|move|p1a: Eelektross|Protect|p1a: Eelektross
|-singleturn|p1a: Eelektross|Protect
|move|p2b: Whimsicott|Tailwind|p2b: Whimsicott
|-sidestart|p2: freudianbreath|move: Tailwind
|move|p2a: Raichu|Volt Tackle|p1a: Eelektross
|-activate|p1a: Eelektross|move: Protect
|move|p1b: Whimsicott|Moonblast|p2a: Raichu
|-damage|p2a: Raichu|0 fnt
|faint|p2a: Raichu
|
|-weather|none
|upkeep
|
|t:|1785099031
|switch|p2a: Ninetales|Ninetales-Alola, L50, F|90/100
|-weather|Snowscape|[from] ability: Snow Warning|[of] p2a: Ninetales
|turn|6
|
|t:|1785099046
|move|p2b: Whimsicott|Encore|p1a: Eelektross
|-start|p1a: Eelektross|Encore
|move|p1a: Eelektross|Protect||[still]
|-fail|p1a: Eelektross
|move|p1b: Whimsicott|Fake Tears|p2a: Ninetales
|-unboost|p2a: Ninetales|spd|2
|move|p2a: Ninetales|Blizzard|p1a: Eelektross|[spread] p1a,p1b
|-crit|p1a: Eelektross
|-supereffective|p1b: Whimsicott|1
|-damage|p1a: Eelektross|0 fnt
|-damage|p1b: Whimsicott|0 fnt
|faint|p1a: Eelektross
|faint|p1b: Whimsicott
|-damage|p2a: Ninetales|81/100|[from] item: Life Orb
|
|win|freudianbreath
|raw|theferg1's rating: 1025 → 1014(-11 for losing)
|raw|freudianbreath's rating: 1094 → 1115(+21 for winning)
