|j|☆moicito
|j|☆megacsc
|html|moicitomegacsc    
|uhtml|bestof|Game 3 of a best-of-3
|t:|1756256050
|gametype|doubles
|player|p1|moicito|266|1181
|player|p2|megacsc|n|1093
|gen|9
|tier|[Gen 9] VGC 2025 Reg H (Bo3)
|rated|
|rule|Species Clause: Limit one of each Pokémon
|rule|Item Clause: Limit 1 of each item
|clearpoke
|poke|p1|Kingambit, L50, F|
|poke|p1|Rillaboom, L50, F|
|poke|p1|Electabuzz, L50, M|
|poke|p1|Volcarona, L50, M|
|poke|p1|Sneasler, L50, F|
|poke|p1|Dragonite, L50, F|
|poke|p2|Pelipper, L50, F|
|poke|p2|Amoonguss, L50, F|
|poke|p2|Incineroar, L50, M|
|poke|p2|Archaludon, L50, F|
|poke|p2|Basculegion, L50, M|
|poke|p2|Gholdengo, L50|
|teampreview|4
|showteam|p1|Kingambit||BlackGlasses|Defiant|Protect,KowtowCleave,SuckerPunch,SwordsDance|||F|||50|,,,,,Dark]Rillaboom||AssaultVest|GrassySurge|WoodHammer,GrassyGlide,HighHorsepower,FakeOut|||F|||50|,,,,,Fire]Electabuzz||Eviolite|VitalSpirit|Protect,Thunderbolt,HelpingHand,FollowMe|||M|||50|,,,,,Ghost]Volcarona||CovertCloak|FlameBody|Protect,HeatWave,TeraBlast,QuiverDance|||M|||50|,,,,,Fairy]Sneasler||FocusSash|Unburden|CloseCombat,DireClaw,Coaching,FakeOut|||F|||50|,,,,,Stellar]Dragonite||LoadedDice|Multiscale|ScaleShot,Haze,ExtremeSpeed,Protect|||F|||50|,,,,,Fairy
|showteam|p2|Pelipper||FocusSash|Drizzle|WeatherBall,Hurricane,Tailwind,Protect|||F|||50|,,,,,Ground]Amoonguss||SitrusBerry|Regenerator|PollenPuff,Spore,RagePowder,Protect|||F|||50|,,,,,Psychic]Incineroar||SafetyGoggles|Intimidate|KnockOff,FlareBlitz,PartingShot,FakeOut|||M|||50|,,,,,Ghost]Archaludon||AssaultVest|Stamina|DracoMeteor,ElectroShot,FlashCannon,BodyPress|||F|||50|,,,,,Bug]Basculegion||ChoiceBand|SwiftSwim|WaveCrash,LastRespects,FlipTurn,AquaJet|||M|||50|,,,,,Water]Gholdengo||ChoiceSpecs|GoodasGold|MakeItRain,ShadowBall,Thunderbolt,PowerGem||||||50|,,,,,Water
|
|t:|1756256065
|teamsize|p1|4
|teamsize|p2|4
|start
|switch|p1a: Kingii|Kingambit, L50, F, shiny|100/100
|switch|p1b: Elii|Electabuzz, L50, M, shiny|100/100
|switch|p2a: Amoonguss|Amoonguss, L50, F|100/100
|switch|p2b: Gholdengo|Gholdengo, L50|100/100
|turn|1
|j| teamthief420
|l| teamthief420
|
|t:|1756256080
|move|p1b: Elii|Follow Me|p1b: Elii
|-singleturn|p1b: Elii|move: Follow Me
|move|p2a: Amoonguss|Rage Powder|p2a: Amoonguss
|-singleturn|p2a: Amoonguss|move: Rage Powder
|move|p2b: Gholdengo|Thunderbolt|p1b: Elii
|-resisted|p1b: Elii
|-damage|p1b: Elii|83/100
|move|p1a: Kingii|Swords Dance|p1a: Kingii
|-boost|p1a: Kingii|atk|2
|
|upkeep
|turn|2
|
|t:|1756256096
|switch|p2b: Pelipper|Pelipper, L50, F|100/100
|-weather|RainDance|[from] ability: Drizzle|[of] p2b: Pelipper
|move|p2a: Amoonguss|Protect|p2a: Amoonguss
|-singleturn|p2a: Amoonguss|Protect
|move|p1b: Elii|Follow Me|p1b: Elii
|-singleturn|p1b: Elii|move: Follow Me
|move|p1a: Kingii|Kowtow Cleave|p2b: Pelipper
|-enditem|p2b: Pelipper|Focus Sash
|-damage|p2b: Pelipper|1/100
|
|-weather|RainDance|[upkeep]
|upkeep
|turn|3
|
|t:|1756256118
|move|p2a: Amoonguss|Rage Powder|p2a: Amoonguss
|-singleturn|p2a: Amoonguss|move: Rage Powder
|move|p1b: Elii|Thunderbolt|p2a: Amoonguss
|-resisted|p2a: Amoonguss
|-damage|p2a: Amoonguss|89/100
|move|p2b: Pelipper|Tailwind|p2b: Pelipper
|-sidestart|p2: megacsc|move: Tailwind
|move|p1a: Kingii|Kowtow Cleave|p2a: Amoonguss
|-damage|p2a: Amoonguss|0 fnt
|faint|p2a: Amoonguss
|
|-weather|RainDance|[upkeep]
|upkeep
|
|t:|1756256129
|switch|p2a: Basculegion|Basculegion, L50, M|100/100
|turn|4
|
|t:|1756256148
|-terastallize|p2a: Basculegion|Water
|-terastallize|p1a: Kingii|Dark
|move|p2a: Basculegion|Aqua Jet|p1a: Kingii
|-damage|p1a: Kingii|53/100
|move|p1a: Kingii|Sucker Punch||[still]
|-fail|p1a: Kingii
|move|p2b: Pelipper|Weather Ball|p1b: Elii
|-damage|p1b: Elii|26/100
|move|p1b: Elii|Thunderbolt|p2b: Pelipper
|-supereffective|p2b: Pelipper
|-damage|p2b: Pelipper|0 fnt
|faint|p2b: Pelipper
|
|-weather|RainDance|[upkeep]
|upkeep
|
|t:|1756256161
|switch|p2b: Gholdengo|Gholdengo, L50|100/100
|turn|5
|
|t:|1756256184
|move|p1b: Elii|Follow Me|p1b: Elii
|-singleturn|p1b: Elii|move: Follow Me
|move|p2a: Basculegion|Aqua Jet|p1b: Elii
|-damage|p1b: Elii|0 fnt
|faint|p1b: Elii
|move|p1a: Kingii|Sucker Punch|p2b: Gholdengo
|-supereffective|p2b: Gholdengo
|-damage|p2b: Gholdengo|0 fnt
|faint|p2b: Gholdengo
|
|-weather|RainDance|[upkeep]
|upkeep
|
|t:|1756256193
|switch|p1b: Dragii|Dragonite, L50, F|100/100
|turn|6
|-message|megacsc forfeited.
|raw|moicito's rating: 1181 → 1200(+19 for winning)
|raw|megacsc's rating: 1093 → 1075(-18 for losing)
|
|win|moicito
|l|☆megacsc
|player|p2|
