|j|☆Hoanglatao
|j|☆dean44
|html|Hoanglataodean44    
|uhtml|bestof|Game 2 of a best-of-3
|t:|1784532466
|gametype|doubles
|player|p1|Hoanglatao|170|1200
|player|p2|dean44|266|1138
|gen|9
|tier|[Gen 9 Champions] VGC 2026 Reg M-B (Bo3)
|rated|
|rule|Species Clause: Limit one of each Pokémon
|rule|Item Clause: Limit 1 of each item
|clearpoke
|poke|p1|Floette-Eternal, L50, F|
|poke|p1|Whimsicott, L50, M|
|poke|p1|Basculegion, L50, M|
|poke|p1|Kingambit, L50, M|
|poke|p1|Arcanine-Hisui, L50, F|
|poke|p1|Dragonite, L50, M|
|poke|p2|Pelipper, L50, M|
|poke|p2|Meganium, L50, F|
|poke|p2|Sneasler, L50, M|
|poke|p2|Farigiraf, L50, F|
|poke|p2|Swampert, L50, F|
|poke|p2|Archaludon, L50, F|
|teampreview|4
|showteam|p1|Floette-Eternal||Floettite|FlowerVeil|Moonblast,DazzlingGleam,LightofRuin,Protect|Modest||F|||50|]Whimsicott||FocusSash|Prankster|Moonblast,Tailwind,Encore,Protect|Timid||M|||50|]Basculegion||ChoiceScarf|Adaptability|LastRespects,WaveCrash,AquaJet,FlipTurn|Jolly||M|||50|]Kingambit||BlackGlasses|Defiant|SuckerPunch,KowtowCleave,IronHead,Protect|Adamant||M|||50|]Arcanine-Hisui||SitrusBerry|RockHead|FlareBlitz,RockSlide,HeadSmash,Protect|Jolly||F|||50|]Dragonite||LifeOrb|InnerFocus|Protect,LowKick,ExtremeSpeed,DragonClaw|Adamant||M|||50|
|showteam|p2|Pelipper||DampRock|Drizzle|Hurricane,WeatherBall,WideGuard,Tailwind|Modest||M|||50|]Meganium||Meganiumite|LeafGuard|SolarBeam,DazzlingGleam,Protect,WeatherBall|Modest||F|||50|]Sneasler||WhiteHerb|PoisonTouch|DireClaw,FakeOut,CloseCombat,Protect|Jolly||M|||50|]Farigiraf||LumBerry|ArmorTail|TrickRoom,HelpingHand,HyperVoice,PsychicNoise|Quiet||F|||50|]Swampert||Swampertite|Damp|WaveCrash,Earthquake,FlipTurn,RockSlide|Adamant||F|||50|]Archaludon||Leftovers|Stamina|ElectroShot,DragonPulse,FlashCannon,Protect|Timid||F|||50|
|inactive|Battle timer is ON: inactive players will automatically lose when time's up. (requested by dean44)
|
|t:|1784532491
|teamsize|p1|4
|teamsize|p2|4
|start
|switch|p1a: Kingambit|Kingambit, L50, M|100/100
|switch|p1b: Dragonite|Dragonite, L50, M|100/100
|switch|p2a: Farigiraf|Farigiraf, L50, F|100/100
|switch|p2b: Sneasler|Sneasler, L50, M|100/100
|turn|1
|
|t:|1784532502
|move|p2b: Sneasler|Close Combat|p1a: Kingambit
|-supereffective|p1a: Kingambit|2
|-damage|p1a: Kingambit|0 fnt
|-unboost|p2b: Sneasler|def|1
|-unboost|p2b: Sneasler|spd|1
|faint|p1a: Kingambit
|-enditem|p2b: Sneasler|White Herb
|-clearnegativeboost|p2b: Sneasler|[silent]
|move|p1b: Dragonite|Dragon Claw|p2b: Sneasler
|-crit|p2b: Sneasler
|-damage|p2b: Sneasler|0 fnt
|faint|p2b: Sneasler
|-damage|p1b: Dragonite|90/100|[from] item: Life Orb
|move|p2a: Farigiraf|Trick Room|p2a: Farigiraf
|-fieldstart|move: Trick Room|[of] p2a: Farigiraf
|
|upkeep
|
|t:|1784532515
|switch|p1a: Floette|Floette-Eternal, L50, F|100/100
|switch|p2b: Pelipper|Pelipper, L50, M|100/100
|-weather|RainDance|[from] ability: Drizzle|[of] p2b: Pelipper
|turn|2
|
|t:|1784532529
|detailschange|p1a: Floette|Floette-Mega, L50, F
|-mega|p1a: Floette|Floette|Floettite
|-ability|p1a: Floette|Fairy Aura
|move|p2a: Farigiraf|Helping Hand|p2b: Pelipper
|-singleturn|p2b: Pelipper|Helping Hand|[of] p2a: Farigiraf
|move|p2b: Pelipper|Weather Ball|p1a: Floette
|-damage|p1a: Floette|28/100
|move|p1b: Dragonite|Dragon Claw|p2b: Pelipper
|-damage|p2b: Pelipper|32/100
|-damage|p1b: Dragonite|80/100|[from] item: Life Orb
|move|p1a: Floette|Moonblast|p2b: Pelipper
|-damage|p2b: Pelipper|0 fnt
|faint|p2b: Pelipper
|
|-weather|RainDance|[upkeep]
|upkeep
|
|t:|1784532537
|switch|p2b: Meganium|Meganium, L50, F|100/100
|turn|3
|
|t:|1784532543
|detailschange|p2b: Meganium|Meganium-Mega, L50, F
|-mega|p2b: Meganium|Meganium|Meganiumite
|move|p2a: Farigiraf|Helping Hand|p2b: Meganium
|-singleturn|p2b: Meganium|Helping Hand|[of] p2a: Farigiraf
|move|p1b: Dragonite|Protect|p1b: Dragonite
|-singleturn|p1b: Dragonite|Protect
|move|p1a: Floette|Protect|p1a: Floette
|-singleturn|p1a: Floette|Protect
|move|p2b: Meganium|Dazzling Gleam|p1b: Dragonite|[spread] 
|-activate|p1a: Floette|move: Protect
|-activate|p1b: Dragonite|move: Protect
|
|-weather|RainDance|[upkeep]
|upkeep
|turn|4
|inactive|Hoanglatao has 30 seconds left.
|
|t:|1784532570
|move|p2a: Farigiraf|Helping Hand|p2b: Meganium
|-singleturn|p2b: Meganium|Helping Hand|[of] p2a: Farigiraf
|move|p1b: Dragonite|Protect||[still]
|-fail|p1b: Dragonite
|move|p1a: Floette|Protect||[still]
|-fail|p1a: Floette
|move|p2b: Meganium|Dazzling Gleam|p1a: Floette|[spread] p1a,p1b
|-supereffective|p1b: Dragonite|1
|-damage|p1a: Floette|0 fnt
|-damage|p1b: Dragonite|0 fnt
|faint|p1a: Floette
|faint|p1b: Dragonite
|
|-weather|RainDance|[upkeep]
|upkeep
|
|t:|1784532574
|switch|p1b: Basculegion|Basculegion, L50, M|100/100
|turn|5
|
|t:|1784532589
|move|p2a: Farigiraf|Helping Hand|p2b: Meganium
|-singleturn|p2b: Meganium|Helping Hand|[of] p2a: Farigiraf
|move|p2b: Meganium|Solar Beam||[still]
|-prepare|p2b: Meganium|Solar Beam
|-activate|p2b: Meganium|ability: Mega Sol
|-anim|p2b: Meganium|Solar Beam|p1b: Basculegion
|-supereffective|p1b: Basculegion|1
|-damage|p1b: Basculegion|0 fnt
|faint|p1b: Basculegion
|
|win|dean44
||Hoanglatao is ready for game 3.
||dean44 is ready for game 3.
|uhtml|next|Next: Game 3 of 3
