|j|☆MinasDevilCrobats
|j|☆MetagrossMasher
|html|MinasDevilCrobatsMetagrossMasher    
|uhtml|bestof|Game 2 of a best-of-3
|t:|1756156137
|gametype|doubles
|player|p1|MinasDevilCrobats|darach-caitlin|1132
|player|p2|MetagrossMasher|169|1116
|gen|9
|tier|[Gen 9] VGC 2025 Reg H (Bo3)
|rated|
|rule|Species Clause: Limit one of each Pokémon
|rule|Item Clause: Limit 1 of each item
|clearpoke
|poke|p1|Dragapult, L50, M|
|poke|p1|Electabuzz, L50, M|
|poke|p1|Sneasler, L50, F|
|poke|p1|Primarina, L50, F|
|poke|p1|Gholdengo, L50|
|poke|p1|Whimsicott, L50, F|
|poke|p2|Ursaluna, L50, F|
|poke|p2|Amoonguss, L50, M|
|poke|p2|Porygon2, L50|
|poke|p2|Incineroar, L50, M|
|poke|p2|Gholdengo, L50|
|poke|p2|Mienshao, L50, M|
|teampreview|4
|showteam|p1|Dragapult||ChoiceBand|ClearBody|DragonDarts,PhantomForce,SuckerPunch,Curse|||M|||50|,,,,,Dragon]Electabuzz||Eviolite|VitalSpirit|Electroweb,FollowMe,Taunt,Protect|||M|||50|,,,,,Ghost]Sneasler||FocusSash|Unburden|DireClaw,CloseCombat,FakeOut,Protect|||F|||50|,,,,,Stellar]Primarina||ThroatSpray|LiquidVoice|HyperVoice,Moonblast,Haze,Protect|||F|||50|,,,,,Water]Gholdengo||LifeOrb|GoodasGold|MakeItRain,ShadowBall,NastyPlot,Protect||||||50|,,,,,Water]Whimsicott||CovertCloak|Prankster|Tailwind,Moonblast,Taunt,FakeTears|||F|||50|,,,,,Water
|showteam|p2|Ursaluna||FlameOrb|Guts|Protect,Facade,HeadlongRush,Substitute|||F|||50|,,,,,Ghost]Amoonguss||CovertCloak|Regenerator|RagePowder,ClearSmog,PollenPuff,Spore|||M|||50|,,,,,Electric]Porygon2||Eviolite|Download|Recover,TeraBlast,IceBeam,TrickRoom||||||50|,,,,,Fighting]Incineroar||AssaultVest|Intimidate|Uturn,FlareBlitz,KnockOff,FakeOut|||M|||50|,,,,,Grass]Gholdengo||LifeOrb|GoodasGold|Protect,MakeItRain,ShadowBall,NastyPlot||||||50|,,,,,Water]Mienshao||FocusSash|InnerFocus|CloseCombat,KnockOff,IceSpinner,WideGuard|||M|||50|,,,,,Stellar
|inactive|Battle timer is ON: inactive players will automatically lose when time's up. (requested by MetagrossMasher)
|
|t:|1756156175
|teamsize|p1|4
|teamsize|p2|4
|start
|switch|p1a: Gholdengo|Gholdengo, L50|100/100
|switch|p1b: Electabuzz|Electabuzz, L50, M|100/100
|switch|p2a: Incineroar|Incineroar, L50, M|100/100
|switch|p2b: Gholdengo|Gholdengo, L50|100/100
|-ability|p2a: Incineroar|Intimidate|boost
|-unboost|p1a: Gholdengo|atk|1
|-unboost|p1b: Electabuzz|atk|1
|turn|1
|inactive|MinasDevilCrobats has 30 seconds left.
|inactive|MetagrossMasher has 30 seconds left.
|inactive|MetagrossMasher has 20 seconds left.
|inactive|MetagrossMasher has 15 seconds left.
|inactive|MetagrossMasher has 10 seconds left.
|inactive|MinasDevilCrobats has 20 seconds left.
|inactive|MetagrossMasher has 5 seconds left.
|inactive|MinasDevilCrobats has 15 seconds left.
|
|t:|1756156230
|-terastallize|p1a: Gholdengo|Water
|-terastallize|p2b: Gholdengo|Water
|move|p1b: Electabuzz|Follow Me|p1b: Electabuzz
|-singleturn|p1b: Electabuzz|move: Follow Me
|move|p1a: Gholdengo|Nasty Plot|p1a: Gholdengo
|-boost|p1a: Gholdengo|spa|2
|move|p2a: Incineroar|Knock Off|p1b: Electabuzz
|-damage|p1b: Electabuzz|69/100
|-enditem|p1b: Electabuzz|Eviolite|[from] move: Knock Off|[of] p2a: Incineroar
|move|p2b: Gholdengo|Nasty Plot|p2b: Gholdengo
|-boost|p2b: Gholdengo|spa|2
|
|upkeep
|turn|2
|inactive|MetagrossMasher has 30 seconds left.
|inactive|MetagrossMasher has 20 seconds left.
|
|t:|1756156266
|switch|p2a: Mienshao|Mienshao, L50, M|100/100
|move|p1a: Gholdengo|Protect|p1a: Gholdengo
|-singleturn|p1a: Gholdengo|Protect
|move|p1b: Electabuzz|Electroweb|p2b: Gholdengo|[spread] p2a
|-miss|p1b: Electabuzz|p2b: Gholdengo
|-damage|p2a: Mienshao|72/100
|-unboost|p2a: Mienshao|spe|1
|move|p2b: Gholdengo|Make It Rain|p1a: Gholdengo|[spread] p1b
|-activate|p1a: Gholdengo|move: Protect
|-resisted|p1b: Electabuzz
|-damage|p1b: Electabuzz|3/100
|-unboost|p2b: Gholdengo|spa|1
|-damage|p2b: Gholdengo|91/100|[from] item: Life Orb
|
|upkeep
|turn|3
|
|t:|1756156289
|switch|p2a: Incineroar|Incineroar, L50, M|100/100
|-ability|p2a: Incineroar|Intimidate|boost
|-unboost|p1a: Gholdengo|atk|1
|-unboost|p1b: Electabuzz|atk|1
|move|p2b: Gholdengo|Protect|p2b: Gholdengo
|-singleturn|p2b: Gholdengo|Protect
|move|p1b: Electabuzz|Follow Me|p1b: Electabuzz
|-singleturn|p1b: Electabuzz|move: Follow Me
|move|p1a: Gholdengo|Shadow Ball|p2b: Gholdengo
|-activate|p2b: Gholdengo|move: Protect
|
|upkeep
|turn|4
|
|t:|1756156300
|move|p1b: Electabuzz|Protect|p1b: Electabuzz
|-singleturn|p1b: Electabuzz|Protect
|move|p1a: Gholdengo|Protect|p1a: Gholdengo
|-singleturn|p1a: Gholdengo|Protect
|move|p2a: Incineroar|Fake Out|p1a: Gholdengo
|-activate|p1a: Gholdengo|move: Protect
|move|p2b: Gholdengo|Make It Rain|p1a: Gholdengo|[spread] 
|-activate|p1a: Gholdengo|move: Protect
|-activate|p1b: Electabuzz|move: Protect
|
|upkeep
|turn|5
|
|t:|1756156313
|move|p2b: Gholdengo|Protect|p2b: Gholdengo
|-singleturn|p2b: Gholdengo|Protect
|move|p1b: Electabuzz|Follow Me|p1b: Electabuzz
|-singleturn|p1b: Electabuzz|move: Follow Me
|move|p1a: Gholdengo|Shadow Ball|p2b: Gholdengo
|-activate|p2b: Gholdengo|move: Protect
|move|p2a: Incineroar|U-turn|p1b: Electabuzz
|-damage|p1b: Electabuzz|0 fnt
|faint|p1b: Electabuzz
|
|t:|1756156325
|switch|p2a: Mienshao|Mienshao, L50, M|72/100|[from] U-turn
|
|upkeep
|
|t:|1756156328
|switch|p1b: Whimsicott|Whimsicott, L50, F|100/100
|turn|6
|inactive|MetagrossMasher has 30 seconds left.
|inactive|MetagrossMasher has 20 seconds left.
|inactive|MetagrossMasher has 15 seconds left.
|inactive|MetagrossMasher has 10 seconds left.
|
|t:|1756156373
|switch|p2b: Incineroar|Incineroar, L50, M|100/100
|-ability|p2b: Incineroar|Intimidate|boost
|-unboost|p1a: Gholdengo|atk|1
|-unboost|p1b: Whimsicott|atk|1
|move|p1b: Whimsicott|Moonblast|p2a: Mienshao
|-supereffective|p2a: Mienshao
|-damage|p2a: Mienshao|0 fnt
|faint|p2a: Mienshao
|move|p1a: Gholdengo|Shadow Ball|p2b: Incineroar
|-resisted|p2b: Incineroar
|-damage|p2b: Incineroar|64/100
|-damage|p1a: Gholdengo|91/100|[from] item: Life Orb
|
|upkeep
|
|t:|1756156382
|switch|p2a: Gholdengo|Gholdengo, L50, tera:Water|91/100
|turn|7
|inactive|MetagrossMasher has 30 seconds left.
|
|t:|1756156409
|move|p1a: Gholdengo|Protect|p1a: Gholdengo
|-singleturn|p1a: Gholdengo|Protect
|move|p2b: Incineroar|Fake Out|p1a: Gholdengo
|-activate|p1a: Gholdengo|move: Protect
|move|p1b: Whimsicott|Tailwind|p1b: Whimsicott
|-sidestart|p1: MinasDevilCrobats|move: Tailwind
|move|p2a: Gholdengo|Make It Rain|p1b: Whimsicott|[spread] p1b
|-activate|p1a: Gholdengo|move: Protect
|-supereffective|p1b: Whimsicott
|-damage|p1b: Whimsicott|0 fnt
|-unboost|p2a: Gholdengo|spa|1
|faint|p1b: Whimsicott
|-damage|p2a: Gholdengo|82/100|[from] item: Life Orb
|
|upkeep
|
|t:|1756156417
|switch|p1b: Primarina|Primarina, L50, F|100/100
|turn|8
|inactive|MetagrossMasher has 30 seconds left.
|
|t:|1756156446
|move|p2a: Gholdengo|Protect|p2a: Gholdengo
|-singleturn|p2a: Gholdengo|Protect
|move|p1a: Gholdengo|Shadow Ball|p2a: Gholdengo
|-activate|p2a: Gholdengo|move: Protect
|move|p1b: Primarina|Hyper Voice|p2b: Incineroar|[spread] p2b
|-activate|p2a: Gholdengo|move: Protect
|-supereffective|p2b: Incineroar
|-crit|p2b: Incineroar
|-damage|p2b: Incineroar|0 fnt
|faint|p2b: Incineroar
|-enditem|p1b: Primarina|Throat Spray
|-boost|p1b: Primarina|spa|1|[from] item: Throat Spray
|
|upkeep
|
|t:|1756156455
|switch|p2b: Ursaluna|Ursaluna, L50, F|100/100
|turn|9
|
|t:|1756156463
|move|p1a: Gholdengo|Shadow Ball|p2a: Gholdengo
|-damage|p2a: Gholdengo|0 fnt
|faint|p2a: Gholdengo
|-damage|p1a: Gholdengo|81/100|[from] item: Life Orb
|move|p1b: Primarina|Hyper Voice|p2b: Ursaluna
|-supereffective|p2b: Ursaluna
|-damage|p2b: Ursaluna|0 fnt
|faint|p2b: Ursaluna
|
|win|MinasDevilCrobats
|raw|MinasDevilCrobats's rating: 1132 → 1156(+24 for winning)
|raw|MetagrossMasher's rating: 1116 → 1092(-24 for losing)
|l|☆MetagrossMasher
|player|p2|
