|j|☆anonfy
|j|☆fangyusuhe
|html|anonfyfangyusuhe    
|uhtml|bestof|Game 3 of a best-of-3
|t:|1784994589
|gametype|doubles
|player|p1|anonfy|dawn|
|player|p2|fangyusuhe|dawn|
|gen|9
|tier|[Gen 9 Champions] VGC 2026 Reg M-B (Bo3)
|rule|Species Clause: Limit one of each Pokémon
|rule|Item Clause: Limit 1 of each item
|clearpoke
|poke|p1|Basculegion, L50, M|
|poke|p1|Talonflame, L50, F|
|poke|p1|Kingambit, L50, M|
|poke|p1|Garchomp, L50, F|
|poke|p1|Gardevoir, L50, M|
|poke|p1|Maushold-Four, L50|
|poke|p2|Incineroar, L50, M|
|poke|p2|Sylveon, L50, F|
|poke|p2|Aerodactyl, L50, M|
|poke|p2|Kingambit, L50, M|
|poke|p2|Charizard, L50, M|
|poke|p2|Garchomp, L50, F|
|teampreview|4
|showteam|p1|Basculegion||ChoiceScarf|Adaptability|WaveCrash,LastRespects,FlipTurn,AquaJet|Jolly||M|||50|]Talonflame||SharpBeak|GaleWings|DualWingbeat,FlareBlitz,Tailwind,Protect|Jolly||F|||50|]Kingambit||ExpertBelt|Defiant|KowtowCleave,SuckerPunch,IronHead,LowKick|Jolly||M|||50|]Garchomp||LifeOrb|RoughSkin|DragonClaw,RockSlide,StompingTantrum,Protect|Jolly||F|||50|]Gardevoir||Gardevoirite|Trace|Psychic,HyperVoice,Protect,TrickRoom|Modest||M|||50|]Maushold-Four||FocusSash|FriendGuard|Taunt,Protect,FollowMe,SuperFang|Timid|||||50|
|showteam|p2|Incineroar||SitrusBerry|Intimidate|FlareBlitz,ThroatChop,PartingShot,FakeOut|Impish||M|||50|]Sylveon||FairyFeather|Pixilate|HyperVoice,QuickAttack,Yawn,Detect|Modest||F|||50|]Aerodactyl||Aerodactylite|Unnerve|RockSlide,DualWingbeat,WideGuard,Tailwind|Jolly||M|||50|]Kingambit||FocusSash|Defiant|IronHead,KowtowCleave,SuckerPunch,Protect|Adamant||M|||50|]Charizard||CharizarditeY|Blaze|HeatWave,WeatherBall,SolarBeam,Protect|Modest||M|||50|]Garchomp||LifeOrb|RoughSkin|DragonClaw,Earthquake,StompingTantrum,Protect|Jolly||F|||50|
|inactive|Battle timer is ON: inactive players will automatically lose when time's up. (requested by anonfy)
|
|t:|1784994610
|teamsize|p1|4
|teamsize|p2|4
|start
|switch|p1a: Talonflame|Talonflame, L50, F|100/100
|switch|p1b: Kingambit|Kingambit, L50, M|100/100
|switch|p2a: Aerodactyl|Aerodactyl, L50, M|100/100
|switch|p2b: Charizard|Charizard, L50, M|100/100
|-ability|p2a: Aerodactyl|Unnerve
|turn|1
|
|t:|1784994623
|switch|p2a: Garchomp|Garchomp, L50, F|100/100
|detailschange|p2b: Charizard|Charizard-Mega-Y, L50, M
|-mega|p2b: Charizard|Charizard|Charizardite Y
|-weather|SunnyDay|[from] ability: Drought|[of] p2b: Charizard
|move|p1a: Talonflame|Tailwind|p1a: Talonflame
|-sidestart|p1: anonfy|move: Tailwind
|move|p1b: Kingambit|Iron Head|p2a: Garchomp
|-damage|p2a: Garchomp|54/100
|-damage|p1b: Kingambit|87/100|[from] ability: Rough Skin|[of] p2a: Garchomp
|move|p2b: Charizard|Heat Wave|p1a: Talonflame|[spread] p1a,p1b
|-resisted|p1a: Talonflame|1
|-supereffective|p1b: Kingambit|1
|-damage|p1a: Talonflame|50/100g
|-damage|p1b: Kingambit|0 fnt
|faint|p1b: Kingambit
|
|-weather|SunnyDay|[upkeep]
|upkeep
|
|t:|1784994638
|switch|p1b: Garchomp|Garchomp, L50, F|100/100
|turn|2
|
|t:|1784994649
|switch|p1a: Gardevoir|Gardevoir, L50, M|100/100
|-ability|p1a: Gardevoir|Drought|Trace|[from] ability: Trace|[of] p2b: Charizard
|switch|p2a: Incineroar|Incineroar, L50, M|100/100
|-ability|p2a: Incineroar|Intimidate|boost
|-unboost|p1a: Gardevoir|atk|1
|-unboost|p1b: Garchomp|atk|1
|move|p1b: Garchomp|Rock Slide|p2b: Charizard|[spread] p2a,p2b
|-supereffective|p2a: Incineroar|1
|-supereffective|p2b: Charizard|2
|-damage|p2a: Incineroar|75/100
|-damage|p2b: Charizard|36/100
|-damage|p1b: Garchomp|90/100|[from] item: Life Orb
|move|p2b: Charizard|Heat Wave|p1b: Garchomp|[spread] p1a,p1b
|-resisted|p1b: Garchomp|1
|-damage|p1a: Gardevoir|40/100
|-damage|p1b: Garchomp|54/100
|
|-weather|SunnyDay|[upkeep]
|upkeep
|turn|3
|inactive|anonfy has 30 seconds left.
|
|t:|1784994674
|detailschange|p1a: Gardevoir|Gardevoir-Mega, L50, M
|-mega|p1a: Gardevoir|Gardevoir|Gardevoirite
|move|p2a: Incineroar|Fake Out|p1a: Gardevoir
|-damage|p1a: Gardevoir|25/100
|move|p1b: Garchomp|Rock Slide|p2b: Charizard|[spread] p2b
|-miss|p1b: Garchomp|p2a: Incineroar
|-supereffective|p2b: Charizard|2
|-damage|p2b: Charizard|0 fnt
|faint|p2b: Charizard
|-damage|p1b: Garchomp|44/100|[from] item: Life Orb
|cant|p1a: Gardevoir|flinch
|
|-weather|SunnyDay|[upkeep]
|upkeep
|
|t:|1784994680
|switch|p2b: Aerodactyl|Aerodactyl, L50, M|100/100
|-ability|p2b: Aerodactyl|Unnerve
|turn|4
|
|t:|1784994700
|move|p2b: Aerodactyl|Wide Guard|p2b: Aerodactyl
|-singleturn|p2b: Aerodactyl|Wide Guard
|move|p1b: Garchomp|Rock Slide|p2b: Aerodactyl|[spread] 
|-activate|p2a: Incineroar|move: Wide Guard
|-activate|p2b: Aerodactyl|move: Wide Guard
|move|p1a: Gardevoir|Psychic|p2b: Aerodactyl
|-damage|p2b: Aerodactyl|15/100
|move|p2a: Incineroar|Parting Shot|p1b: Garchomp
|-unboost|p1b: Garchomp|atk|1
|-unboost|p1b: Garchomp|spa|1
|
|t:|1784994717
|switch|p2a: Garchomp|Garchomp, L50, F|54/100|[from] Parting Shot
|
|-weather|SunnyDay|[upkeep]
|-sideend|p1: anonfy|move: Tailwind
|upkeep
|turn|5
|
|t:|1784994737
|move|p2b: Aerodactyl|Tailwind|p2b: Aerodactyl
|-sidestart|p2: fangyusuhe|move: Tailwind
|move|p2a: Garchomp|Earthquake|p1b: Garchomp|[spread] p1a,p1b
|-immune|p2b: Aerodactyl
|-damage|p1a: Gardevoir|0 fnt
|-damage|p1b: Garchomp|0 fnt
|faint|p1a: Gardevoir
|faint|p1b: Garchomp
|-damage|p2a: Garchomp|44/100|[from] item: Life Orb
|
|-weather|none
|upkeep
|-message|anonfy forfeited.
|
|win|fangyusuhe
|l|☆anonfy
|player|p1|
