|j|☆AlboPalestratoVGC
|j|☆beppe_brescia
|html|AlboPalestratoVGCbeppe_brescia    
|uhtml|bestof|Game 1 of a best-of-3
|t:|1756286871
|gametype|doubles
|player|p1|AlboPalestratoVGC|ethan|1093
|player|p2|beppe_brescia|rocketgrunt|1048
|gen|9
|tier|[Gen 9] VGC 2025 Reg H (Bo3)
|rated|
|rule|Species Clause: Limit one of each Pokémon
|rule|Item Clause: Limit 1 of each item
|clearpoke
|poke|p1|Garchomp, L50, M|
|poke|p1|Incineroar, L50, M|
|poke|p1|Gholdengo, L50|
|poke|p1|Tyranitar, L50, F|
|poke|p1|Kilowattrel, L50, M|
|poke|p1|Amoonguss, L50, M|
|poke|p2|Glimmora, L50, M|
|poke|p2|Gholdengo, L50|
|poke|p2|Murkrow, L50, M|
|poke|p2|Rillaboom, L50, F|
|poke|p2|Tatsugiri, L50, M|
|poke|p2|Dondozo, L50, M|
|teampreview|4
|showteam|p1|Garchomp||LifeOrb|RoughSkin|Earthquake,DragonClaw,StompingTantrum,Protect|||M|||50|,,,,,Fire]Incineroar||SafetyGoggles|Intimidate|Taunt,KnockOff,PartingShot,FakeOut|||M|||50|,,,,,Ghost]Gholdengo||IronPlate|GoodasGold|ShadowBall,MakeItRain,NastyPlot,Protect||||||50|,,,,,Flying]Tyranitar||AssaultVest|SandStream|RockSlide,KnockOff,LowKick,TeraBlast|||F|||50|,,,,,Flying]Kilowattrel||FocusSash|Competitive|Tailwind,Thunderbolt,AirSlash,Protect|||M|||50|,,,,,Ghost]Amoonguss||SitrusBerry|Regenerator|Spore,RagePowder,PollenPuff,Protect|||M|||50|,,,,,Water
|showteam|p2|Glimmora||FocusSash|ToxicDebris|SludgeBomb,MortalSpin,PowerGem,SpikyShield|||M|||50|,,,,,Grass]Gholdengo||ChoiceSpecs|GoodasGold|MakeItRain,ShadowBall,Psyshock,Trick||||||50|,,,,,Steel]Murkrow||Eviolite|Prankster|FoulPlay,Tailwind,Taunt,Haze|||M|||50|,,,,,Ghost]Rillaboom||AssaultVest|GrassySurge|WoodHammer,GrassyGlide,Uturn,FakeOut|||F|||50|,,,,,Fire]Tatsugiri||ToxicOrb|Commander|Protect,DracoMeteor,Endure,MuddyWater|||M|||50|,,,,,Dragon]Dondozo||Leftovers|Unaware|RockSlide,Protect,OrderUp,Liquidation|||M|||50|,,,,,Grass
|
|t:|1756286923
|teamsize|p1|4
|teamsize|p2|4
|start
|switch|p1a: Kilowattrel|Kilowattrel, L50, M|100/100
|switch|p1b: Garchomp|Garchomp, L50, M|100/100
|switch|p2a: Glimmora|Glimmora, L50, M|100/100
|switch|p2b: Rillaboom|Rillaboom, L50, F|100/100
|-fieldstart|move: Grassy Terrain|[from] ability: Grassy Surge|[of] p2b: Rillaboom
|turn|1
|
|t:|1756286942
|move|p1a: Kilowattrel|Protect|p1a: Kilowattrel
|-singleturn|p1a: Kilowattrel|Protect
|move|p1b: Garchomp|Protect|p1b: Garchomp
|-singleturn|p1b: Garchomp|Protect
|move|p2b: Rillaboom|Fake Out|p1b: Garchomp
|-activate|p1b: Garchomp|move: Protect
|move|p2a: Glimmora|Sludge Bomb|p1a: Kilowattrel
|-activate|p1a: Kilowattrel|move: Protect
|
|upkeep
|turn|2
|
|t:|1756286967
|move|p1a: Kilowattrel|Air Slash|p2a: Glimmora
|-resisted|p2a: Glimmora
|-damage|p2a: Glimmora|78/100
|move|p1b: Garchomp|Stomping Tantrum|p2a: Glimmora
|-supereffective|p2a: Glimmora
|-damage|p2a: Glimmora|0 fnt
|-activate|p2a: Glimmora|ability: Toxic Debris
|-sidestart|p1: AlboPalestratoVGC|move: Toxic Spikes
|faint|p2a: Glimmora
|-damage|p1b: Garchomp|91/100|[from] item: Life Orb
|move|p2b: Rillaboom|Wood Hammer|p1a: Kilowattrel
|-resisted|p1a: Kilowattrel
|-damage|p1a: Kilowattrel|31/100
|-damage|p2b: Rillaboom|83/100|[from] Recoil
|
|-heal|p1b: Garchomp|97/100|[from] Grassy Terrain
|-heal|p2b: Rillaboom|89/100|[from] Grassy Terrain
|upkeep
|
|t:|1756286982
|switch|p2a: Tatsugiri|Tatsugiri, L50, M|100/100
|turn|3
|
|t:|1756286998
|move|p1b: Garchomp|Protect|p1b: Garchomp
|-singleturn|p1b: Garchomp|Protect
|move|p2a: Tatsugiri|Endure|p2a: Tatsugiri
|-singleturn|p2a: Tatsugiri|move: Endure
|move|p1a: Kilowattrel|Tailwind|p1a: Kilowattrel
|-sidestart|p1: AlboPalestratoVGC|move: Tailwind
|move|p2b: Rillaboom|Wood Hammer|p1b: Garchomp
|-activate|p1b: Garchomp|move: Protect
|
|-heal|p1b: Garchomp|100/100|[from] Grassy Terrain
|-heal|p2b: Rillaboom|95/100|[from] Grassy Terrain
|-status|p2a: Tatsugiri|tox|[from] item: Toxic Orb
|upkeep
|turn|4
|
|t:|1756287015
|move|p2b: Rillaboom|Grassy Glide|p1a: Kilowattrel
|-resisted|p1a: Kilowattrel
|-damage|p1a: Kilowattrel|0 fnt
|faint|p1a: Kilowattrel
|move|p1b: Garchomp|Dragon Claw|p2b: Rillaboom
|-damage|p2b: Rillaboom|44/100
|-damage|p1b: Garchomp|91/100|[from] item: Life Orb
|move|p2a: Tatsugiri|Muddy Water|p1b: Garchomp|[miss]
|-miss|p2a: Tatsugiri|p1b: Garchomp
|
|-heal|p1b: Garchomp|97/100|[from] Grassy Terrain
|-heal|p2b: Rillaboom|50/100|[from] Grassy Terrain
|-damage|p2a: Tatsugiri|95/100 tox|[from] psn
|upkeep
|
|t:|1756287028
|switch|p1a: Amoonguss|Amoonguss, L50, M|100/100
|-sideend|p1: AlboPalestratoVGC|move: Toxic Spikes|[of] p1a: Amoonguss
|turn|5
|
|t:|1756287053
|move|p1b: Garchomp|Dragon Claw|p2b: Rillaboom
|-damage|p2b: Rillaboom|0 fnt
|faint|p2b: Rillaboom
|-damage|p1b: Garchomp|87/100|[from] item: Life Orb
|move|p2a: Tatsugiri|Draco Meteor|p1b: Garchomp
|-supereffective|p1b: Garchomp
|-damage|p1b: Garchomp|0 fnt
|-unboost|p2a: Tatsugiri|spa|2
|faint|p1b: Garchomp
|move|p1a: Amoonguss|Spore||[still]
|-fail|p1a: Amoonguss
|
|-heal|p2a: Tatsugiri|100/100 tox|[from] Grassy Terrain
|-damage|p2a: Tatsugiri|89/100 tox|[from] psn
|-fieldend|move: Grassy Terrain
|upkeep
|
|t:|1756287070
|switch|p1b: Gholdengo|Gholdengo, L50|100/100
|switch|p2b: Dondozo|Dondozo, L50, M|100/100
|-activate|p2a: Tatsugiri|ability: Commander|[of] p2b: Dondozo
|-boost|p2b: Dondozo|atk|2
|-boost|p2b: Dondozo|spa|2
|-boost|p2b: Dondozo|spe|2
|-boost|p2b: Dondozo|def|2
|-boost|p2b: Dondozo|spd|2
|turn|6
|
|t:|1756287082
|-terastallize|p2b: Dondozo|Grass
|move|p1b: Gholdengo|Shadow Ball|p2b: Dondozo
|-damage|p2b: Dondozo|79/100
|move|p2b: Dondozo|Order Up|p1a: Amoonguss
|-damage|p1a: Amoonguss|65/100
|-boost|p2b: Dondozo|atk|1
|move|p1a: Amoonguss|Pollen Puff|p2b: Dondozo
|-supereffective|p2b: Dondozo
|-damage|p2b: Dondozo|61/100
|
|-heal|p2b: Dondozo|67/100|[from] item: Leftovers
|-damage|p2a: Tatsugiri|73/100 tox|[from] psn
|-sideend|p1: AlboPalestratoVGC|move: Tailwind
|upkeep
|turn|7
|
|t:|1756287104
|move|p1b: Gholdengo|Make It Rain|p2b: Dondozo|[spread] p2b
|-miss|p1b: Gholdengo|p2a: Tatsugiri
|-damage|p2b: Dondozo|40/100
|-unboost|p1b: Gholdengo|spa|1
|move|p2b: Dondozo|Liquidation|p1b: Gholdengo
|-damage|p1b: Gholdengo|0 fnt
|faint|p1b: Gholdengo
|move|p1a: Amoonguss|Pollen Puff|p2b: Dondozo
|-supereffective|p2b: Dondozo
|-damage|p2b: Dondozo|22/100
|
|-heal|p2b: Dondozo|28/100|[from] item: Leftovers
|-damage|p2a: Tatsugiri|50/100 tox|[from] psn
|upkeep
|turn|8
|
|t:|1756287126
|move|p2b: Dondozo|Order Up|p1a: Amoonguss
|-damage|p1a: Amoonguss|17/100
|-enditem|p1a: Amoonguss|Sitrus Berry|[eat]
|-heal|p1a: Amoonguss|42/100|[from] item: Sitrus Berry
|-boost|p2b: Dondozo|atk|1
|move|p1a: Amoonguss|Pollen Puff|p2b: Dondozo
|-supereffective|p2b: Dondozo
|-damage|p2b: Dondozo|9/100
|
|-heal|p2b: Dondozo|15/100|[from] item: Leftovers
|-damage|p2a: Tatsugiri|22/100 tox|[from] psn
|upkeep
|turn|9
|
|t:|1756287140
|move|p2b: Dondozo|Protect|p2b: Dondozo
|-singleturn|p2b: Dondozo|Protect
|move|p1a: Amoonguss|Pollen Puff|p2b: Dondozo
|-activate|p2b: Dondozo|move: Protect
|
|-heal|p2b: Dondozo|21/100|[from] item: Leftovers
|-damage|p2a: Tatsugiri|0 fnt|[from] psn
|faint|p2a: Tatsugiri
|upkeep
|turn|10
|
|t:|1756287150
|move|p2b: Dondozo|Order Up|p1a: Amoonguss
|-damage|p1a: Amoonguss|0 fnt
|faint|p1a: Amoonguss
|
|win|beppe_brescia
||AlboPalestratoVGC is ready for game 2.
||beppe_brescia is ready for game 2.
|uhtml|next|Next: Game 2 of 3
|j| Albrtix
|l| Albrtix
|j| Albrtix
