|j|☆raylix
|j|☆Ho-Nononono
|html|raylixHo-Nononono    
|uhtml|bestof|Game 1 of a best-of-3
|t:|1756808316
|gametype|doubles
|player|p1|raylix|bruno|1173
|player|p2|Ho-Nononono|caitlin-masters|1463
|gen|9
|tier|[Gen 9] VGC 2025 Reg H (Bo3)
|rated|
|rule|Species Clause: Limit one of each Pokémon
|rule|Item Clause: Limit 1 of each item
|clearpoke
|poke|p1|Sneasler, L50, F|
|poke|p1|Indeedee, L50, M|
|poke|p1|Volcarona, L50, M|
|poke|p1|Ursaluna-Bloodmoon, L50, M|
|poke|p1|Annihilape, L50, M|
|poke|p1|Tyranitar, L50, M|
|poke|p2|Archaludon, L50, M|
|poke|p2|Pelipper, L50, F|
|poke|p2|Dragonite, L50, F|
|poke|p2|Ursaluna, L50, F|
|poke|p2|Sinistcha, L50|
|poke|p2|Incineroar, L50, M|
|teampreview|4
|showteam|p1|Sneasler||PsychicSeed|Unburden|CloseCombat,DireClaw,ThroatChop,Protect|||F|||50|,,,,,Dark]Indeedee||ChoiceScarf|PsychicSurge|ExpandingForce,TeraBlast,Trick,Protect|||M|||50|,,,,,Psychic]Volcarona||SitrusBerry|FlameBody|Overheat,StruggleBug,RagePowder,Tailwind|||M|||50|,,,,,Grass]Ursaluna-Bloodmoon||LifeOrb|MindsEye|BloodMoon,HyperVoice,EarthPower,Protect|||M|||50|,,,,,Normal]Annihilape||SafetyGoggles|Defiant|CloseCombat,RageFist,Taunt,FinalGambit|||M|||50|,,,,,Fairy]Tyranitar||AssaultVest|SandStream|RockSlide,KnockOff,TeraBlast,LowKick|||M|||50|,,,,,Flying
|showteam|p2|Archaludon||AssaultVest|Stamina|ElectroShot,Snarl,FlashCannon,BodyPress|||M|||50|,,,,,Bug]Pelipper||FocusSash|Drizzle|WeatherBall,Hurricane,Tailwind,Protect|||F|||50|,,,,,Ghost]Dragonite||LoadedDice|Multiscale|ScaleShot,Tailwind,Haze,Protect|||F|||50|,,,,,Steel]Ursaluna||FlameOrb|Guts|Facade,HeadlongRush,Earthquake,Protect|||F|||50|,,,,,Ghost]Sinistcha||SitrusBerry|Hospitality|MatchaGotcha,RagePowder,LifeDew,TrickRoom||||||50|,,,,,Dark]Incineroar||SafetyGoggles|Intimidate|Taunt,KnockOff,PartingShot,FakeOut|||M|||50|,,,,,Ghost
|inactive|Battle timer is ON: inactive players will automatically lose when time's up. (requested by Ho-Nononono)
|inactive|raylix has 60 seconds left.
|inactive|Ho-Nononono has 60 seconds left.
|
|t:|1756808367
|teamsize|p1|4
|teamsize|p2|4
|start
|switch|p1a: Volcarona|Volcarona, L50, M|100/100
|switch|p1b: Tyranitar|Tyranitar, L50, M|100/100
|switch|p2a: Dragonite|Dragonite, L50, F|100/100
|switch|p2b: Sinistcha|Sinistcha, L50|100/100
|-weather|Sandstorm|[from] ability: Sand Stream|[of] p1b: Tyranitar
|turn|1
|inactive|raylix has 30 seconds left.
|inactive|Ho-Nononono has 30 seconds left.
|inactive|raylix has 20 seconds left.
|inactive|Ho-Nononono has 20 seconds left.
|inactive|raylix has 15 seconds left.
|inactive|Ho-Nononono has 15 seconds left.
|inactive|raylix has 10 seconds left.
|
|t:|1756808412
|switch|p2b: Pelipper|Pelipper, L50, F|100/100
|-weather|RainDance|[from] ability: Drizzle|[of] p2b: Pelipper
|move|p1a: Volcarona|Overheat|p2b: Pelipper
|-resisted|p2b: Pelipper
|-damage|p2b: Pelipper|77/100
|-unboost|p1a: Volcarona|spa|2
|move|p2a: Dragonite|Scale Shot|p1b: Tyranitar
|-damage|p1b: Tyranitar|89/100
|-damage|p1b: Tyranitar|77/100
|-damage|p1b: Tyranitar|64/100
|-damage|p1b: Tyranitar|53/100
|-damage|p1b: Tyranitar|42/100
|-hitcount|p1b: Tyranitar|5
|-unboost|p2a: Dragonite|def|1
|-boost|p2a: Dragonite|spe|1
|move|p1b: Tyranitar|Rock Slide|p2a: Dragonite|[spread] p2a
|-miss|p1b: Tyranitar|p2b: Pelipper
|-supereffective|p2a: Dragonite
|-damage|p2a: Dragonite|46/100
|
|-weather|RainDance|[upkeep]
|upkeep
|turn|2
|inactive|raylix has 30 seconds left.
|inactive|Ho-Nononono has 30 seconds left.
|inactive|raylix has 20 seconds left.
|inactive|Ho-Nononono has 20 seconds left.
|inactive|raylix has 15 seconds left.
|inactive|Ho-Nononono has 15 seconds left.
|inactive|raylix has 10 seconds left.
|inactive|Ho-Nononono has 10 seconds left.
|
|t:|1756808460
|-terastallize|p2a: Dragonite|Steel
|move|p2a: Dragonite|Tailwind|p2a: Dragonite
|-sidestart|p2: Ho-Nononono|move: Tailwind
|move|p2b: Pelipper|Weather Ball|p1a: Volcarona
|-supereffective|p1a: Volcarona
|-damage|p1a: Volcarona|0 fnt
|faint|p1a: Volcarona
|move|p1b: Tyranitar|Rock Slide|p2a: Dragonite|[spread] p2a,p2b
|-resisted|p2a: Dragonite
|-supereffective|p2b: Pelipper
|-damage|p2a: Dragonite|17/100
|-damage|p2b: Pelipper|0 fnt
|faint|p2b: Pelipper
|
|-weather|RainDance|[upkeep]
|upkeep
|
|t:|1756808474
|switch|p1a: Sneasler|Sneasler, L50, F|100/100
|switch|p2b: Sinistcha|Sinistcha, L50|100/100
|-heal|p2a: Dragonite|42/100|[from] ability: Hospitality|[of] p2b: Sinistcha
|turn|3
|inactive|raylix has 30 seconds left.
|
|t:|1756808503
|switch|p1b: Indeedee|Indeedee, L50, M|100/100
|-fieldstart|move: Psychic Terrain|[from] ability: Psychic Surge|[of] p1b: Indeedee
|-enditem|p1a: Sneasler|Psychic Seed
|-boost|p1a: Sneasler|spd|1|[from] item: Psychic Seed
|-terastallize|p1a: Sneasler|Dark
|move|p2a: Dragonite|Scale Shot|p1a: Sneasler
|-damage|p1a: Sneasler|77/100
|-damage|p1a: Sneasler|54/100
|-damage|p1a: Sneasler|28/100
|-damage|p1a: Sneasler|7/100
|-damage|p1a: Sneasler|0 fnt
|faint|p1a: Sneasler
|-hitcount|p1: Sneasler|5
|-unboost|p2a: Dragonite|def|1
|-boost|p2a: Dragonite|spe|1
|move|p2b: Sinistcha|Matcha Gotcha|p1b: Indeedee
|-damage|p1b: Indeedee|58/100
|
|-weather|RainDance|[upkeep]
|upkeep
|
|t:|1756808516
|switch|p1a: Tyranitar|Tyranitar, L50, M|42/100
|-weather|Sandstorm|[from] ability: Sand Stream|[of] p1a: Tyranitar
|turn|4
|inactive|raylix has 30 seconds left.
|
|t:|1756808541
|move|p2a: Dragonite|Scale Shot|p1a: Tyranitar
|-damage|p1a: Tyranitar|29/100
|-damage|p1a: Tyranitar|16/100
|-damage|p1a: Tyranitar|5/100
|-damage|p1a: Tyranitar|0 fnt
|faint|p1a: Tyranitar
|-hitcount|p1: Tyranitar|4
|-unboost|p2a: Dragonite|def|1
|-boost|p2a: Dragonite|spe|1
|move|p1b: Indeedee|Expanding Force|p2b: Sinistcha|[spread] p2a,p2b
|-resisted|p2a: Dragonite
|-damage|p2a: Dragonite|14/100
|-damage|p2b: Sinistcha|53/100
|move|p2b: Sinistcha|Matcha Gotcha|p1b: Indeedee
|-damage|p1b: Indeedee|11/100
|-heal|p2b: Sinistcha|71/100|[from] drain|[of] p1b: Indeedee
|
|-weather|Sandstorm|[upkeep]
|-damage|p1b: Indeedee|5/100|[from] Sandstorm
|-damage|p2b: Sinistcha|65/100|[from] Sandstorm
|upkeep
|turn|5
|
|t:|1756808555
|move|p2a: Dragonite|Protect|p2a: Dragonite
|-singleturn|p2a: Dragonite|Protect
|move|p1b: Indeedee|Expanding Force|p2b: Sinistcha|[spread] p2b
|-activate|p2a: Dragonite|move: Protect
|-damage|p2b: Sinistcha|18/100
|-enditem|p2b: Sinistcha|Sitrus Berry|[eat]
|-heal|p2b: Sinistcha|43/100|[from] item: Sitrus Berry
|move|p2b: Sinistcha|Life Dew|p2b: Sinistcha|[spread] p2a,p2b
|-heal|p2a: Dragonite|39/100
|-heal|p2b: Sinistcha|68/100
|
|-weather|Sandstorm|[upkeep]
|-damage|p1b: Indeedee|0 fnt|[from] Sandstorm
|-damage|p2b: Sinistcha|62/100|[from] Sandstorm
|faint|p1b: Indeedee
|
|win|Ho-Nononono
||Ho-Nononono is ready for game 2.
