|j|‽battle sim trainer
|j|☆Farkz7
|html|battle sim trainerFarkz7    
|uhtml|bestof|Game 1 of a best-of-3
|t:|1783623665
|gametype|doubles
|player|p1|battle sim trainer|turo|1142
|player|p2|Farkz7|266|1000
|gen|9
|tier|[Gen 9 Champions] VGC 2026 Reg M-B (Bo3)
|rated|
|rule|Species Clause: Limit one of each Pokémon
|rule|Item Clause: Limit 1 of each item
|clearpoke
|poke|p1|Swampert, L50, F|
|poke|p1|Pelipper, L50, F|
|poke|p1|Archaludon, L50, M|
|poke|p1|Grimmsnarl, L50, M|
|poke|p1|Annihilape, L50, M|
|poke|p1|Greninja, L50, M|
|poke|p2|Camerupt, L50, M|
|poke|p2|Hydreigon, L50, F|
|poke|p2|Hawlucha, L50, F|
|poke|p2|Abomasnow, L50, F|
|poke|p2|Farigiraf, L50, F|
|poke|p2|Hatterene, L50, F|
|teampreview|4
|showteam|p1|Swampert||Swampertite|Damp|WaveCrash,Earthquake,IcePunch,Protect|Adamant||F|||50|]Pelipper||SitrusBerry|Drizzle|Hurricane,WeatherBall,Tailwind,Protect|Modest||F|||50|]Archaludon||Leftovers|Stamina|ElectroShot,DragonPulse,FlashCannon,Protect|Modest||M|||50|]Grimmsnarl||LightClay|Prankster|SpiritBreak,Reflect,LightScreen,PartingShot|Careful||M|||50|]Annihilape||ChoiceScarf|Defiant|RageFist,CloseCombat,Uturn,Coaching|Adamant||M|||50|]Greninja||Greninjite|Protean|WaterShuriken,DarkPulse,LowKick,WeatherBall|Modest||M|||50|
|showteam|p2|Camerupt||Cameruptite|SolidRock|LavaPlume,Eruption,Earthquake,Protect|Quiet||M|||50|]Hydreigon||ChoiceScarf|Levitate|DarkPulse,EarthPower,DragonDance,Flamethrower|Modest||F|||50|]Hawlucha|||MoldBreaker|CloseCombat,BraveBird,StoneEdge,Protect|Jolly||F|||50|]Abomasnow||Abomasite|SnowWarning|Blizzard,GigaDrain,Protect,EarthPower|Modest||F|||50|]Farigiraf||SitrusBerry|ArmorTail|Thunderbolt,Protect,TrickRoom,HyperVoice|Sassy||F|||50|]Hatterene||LifeOrb|MagicBounce|DazzlingGleam,Psychic,Protect,TrickRoom|Serious||F|||50|
|
|t:|1783623715
|teamsize|p1|4
|teamsize|p2|4
|start
|switch|p1a: Grimmsnarl|Grimmsnarl, L50, M|100/100
|switch|p1b: Archaludon|Archaludon, L50, M|100/100
|switch|p2a: Hydreigon|Hydreigon, L50, F|100/100
|switch|p2b: Farigiraf|Farigiraf, L50, F|100/100
|turn|1
|
|t:|1783623737
|move|p1a: Grimmsnarl|Light Screen|p1a: Grimmsnarl
|-sidestart|p1: battle sim trainer|move: Light Screen
|move|p2a: Hydreigon|Earth Power|p1b: Archaludon
|-supereffective|p1b: Archaludon|1
|-damage|p1b: Archaludon|58/100
|-ability|p1b: Archaludon|Stamina|boost
|-boost|p1b: Archaludon|def|1
|move|p1b: Archaludon|Dragon Pulse|p2a: Hydreigon
|-supereffective|p2a: Hydreigon|1
|-damage|p2a: Hydreigon|0 fnt
|faint|p2a: Hydreigon
|move|p2b: Farigiraf|Trick Room|p2b: Farigiraf
|-fieldstart|move: Trick Room|[of] p2b: Farigiraf
|
|-heal|p1b: Archaludon|64/100|[from] item: Leftovers
|upkeep
|
|t:|1783623750
|switch|p2a: Abomasnow|Abomasnow, L50, F|100/100
|-weather|Snowscape|[from] ability: Snow Warning|[of] p2a: Abomasnow
|turn|2
|
|t:|1783623779
|move|p2a: Abomasnow|Protect|p2a: Abomasnow
|-singleturn|p2a: Abomasnow|Protect
|move|p1a: Grimmsnarl|Parting Shot|p1b: Archaludon
|-unboost|p1b: Archaludon|atk|1
|-unboost|p1b: Archaludon|spa|1
|
|t:|1783623787
|switch|p1a: Greninja|Greninja, L50, M|100/100|[from] Parting Shot
|move|p2b: Farigiraf|Thunderbolt|p1b: Archaludon
|-resisted|p1b: Archaludon|1
|-damage|p1b: Archaludon|56/100
|-ability|p1b: Archaludon|Stamina|boost
|-boost|p1b: Archaludon|def|1
|move|p1b: Archaludon|Electro Shot||[still]
|-prepare|p1b: Archaludon|Electro Shot
|-boost|p1b: Archaludon|spa|1
|
|-weather|Snowscape|[upkeep]
|-heal|p1b: Archaludon|62/100|[from] item: Leftovers
|upkeep
|turn|3
|
|t:|1783623812
|switch|p1a: Pelipper|Pelipper, L50, F|100/100
|-weather|RainDance|[from] ability: Drizzle|[of] p1a: Pelipper
|detailschange|p2a: Abomasnow|Abomasnow-Mega, L50, F
|-mega|p2a: Abomasnow|Abomasnow|Abomasite
|-weather|Snowscape|[from] ability: Snow Warning|[of] p2a: Abomasnow
|move|p2a: Abomasnow|Earth Power|p1b: Archaludon
|-supereffective|p1b: Archaludon|1
|-damage|p1b: Archaludon|18/100
|-ability|p1b: Archaludon|Stamina|boost
|-boost|p1b: Archaludon|def|1
|move|p2b: Farigiraf|Thunderbolt|p1a: Pelipper
|-supereffective|p1a: Pelipper|2
|-damage|p1a: Pelipper|40/100
|-enditem|p1a: Pelipper|Sitrus Berry|[eat]
|-heal|p1a: Pelipper|65/100|[from] item: Sitrus Berry
|move|p1b: Archaludon|Electro Shot|p2b: Farigiraf|[from] lockedmove
|-damage|p2b: Farigiraf|69/100
|
|-weather|Snowscape|[upkeep]
|-heal|p1b: Archaludon|24/100|[from] item: Leftovers
|upkeep
|turn|4
|
|t:|1783623841
|switch|p1b: Grimmsnarl|Grimmsnarl, L50, M|100/100
|move|p1a: Pelipper|Protect|p1a: Pelipper
|-singleturn|p1a: Pelipper|Protect
|move|p2a: Abomasnow|Earth Power|p1b: Grimmsnarl
|-damage|p1b: Grimmsnarl|80/100
|move|p2b: Farigiraf|Thunderbolt|p1a: Pelipper
|-activate|p1a: Pelipper|move: Protect
|
|-weather|Snowscape|[upkeep]
|upkeep
|turn|5
|
|t:|1783623867
|switch|p1a: Archaludon|Archaludon, L50, M|24/100
|move|p2a: Abomasnow|Blizzard|p1b: Grimmsnarl|[spread] p1a,p1b
|-damage|p1a: Archaludon|0 fnt
|-damage|p1b: Grimmsnarl|51/100
|faint|p1a: Archaludon
|move|p2b: Farigiraf|Thunderbolt|p1b: Grimmsnarl
|-damage|p1b: Grimmsnarl|37/100
|move|p1b: Grimmsnarl|Spirit Break|p2a: Abomasnow
|-damage|p2a: Abomasnow|83/100
|-unboost|p2a: Abomasnow|spa|1
|
|-weather|Snowscape|[upkeep]
|-fieldend|move: Trick Room
|upkeep
|
|t:|1783623880
|switch|p1a: Greninja|Greninja, L50, M|100/100
|turn|6
|
|t:|1783623907
|detailschange|p1a: Greninja|Greninja-Mega, L50, M
|-mega|p1a: Greninja|Greninja|Greninjite
|move|p1a: Greninja|Dark Pulse|p2b: Farigiraf
|-start|p1a: Greninja|typechange|Dark|[from] ability: Protean
|-supereffective|p2b: Farigiraf|1
|-damage|p2b: Farigiraf|7/100
|-enditem|p2b: Farigiraf|Sitrus Berry|[eat]
|-heal|p2b: Farigiraf|32/100|[from] item: Sitrus Berry
|move|p1b: Grimmsnarl|Spirit Break|p2b: Farigiraf
|-damage|p2b: Farigiraf|0 fnt
|faint|p2b: Farigiraf
|move|p2a: Abomasnow|Blizzard|p1b: Grimmsnarl|[spread] p1a,p1b
|-damage|p1a: Greninja|69/100
|-damage|p1b: Grimmsnarl|19/100
|-status|p1b: Grimmsnarl|frz
|
|-weather|Snowscape|[upkeep]
|upkeep
|
|t:|1783623922
|switch|p2b: Hatterene|Hatterene, L50, F|100/100
|turn|7
|
|t:|1783623935
|move|p2b: Hatterene|Protect|p2b: Hatterene
|-singleturn|p2b: Hatterene|Protect
|cant|p1b: Grimmsnarl|frz
|move|p1a: Greninja|Dark Pulse|p2b: Hatterene
|-activate|p2b: Hatterene|move: Protect
|move|p2a: Abomasnow|Blizzard|p1b: Grimmsnarl|[spread] p1a,p1b
|-damage|p1a: Greninja|38/100
|-damage|p1b: Grimmsnarl|1/100 frz
|
|-weather|none
|upkeep
|turn|8
|
|t:|1783623957
|move|p1a: Greninja|Low Kick|p2a: Abomasnow
|-supereffective|p2a: Abomasnow|1
|-damage|p2a: Abomasnow|42/100
|cant|p1b: Grimmsnarl|frz
|move|p2a: Abomasnow|Giga Drain|p1a: Greninja
|-damage|p1a: Greninja|12/100
|-heal|p2a: Abomasnow|52/100|[from] drain|[of] p1a: Greninja
|move|p2b: Hatterene|Dazzling Gleam|p1a: Greninja|[spread] p1a,p1b
|-supereffective|p1a: Greninja|1
|-supereffective|p1b: Grimmsnarl|1
|-damage|p1a: Greninja|0 fnt
|-damage|p1b: Grimmsnarl|0 fnt
|faint|p1a: Greninja
|faint|p1b: Grimmsnarl
|-damage|p2b: Hatterene|90/100|[from] item: Life Orb
|
|-sideend|p1: battle sim trainer|move: Light Screen
|upkeep
|
|t:|1783623966
|switch|p1a: Pelipper|Pelipper, L50, F|65/100
|-weather|RainDance|[from] ability: Drizzle|[of] p1a: Pelipper
|turn|9
|
|t:|1783623977
|move|p1a: Pelipper|Hurricane|p2b: Hatterene
|-damage|p2b: Hatterene|47/100
|move|p2a: Abomasnow|Giga Drain|p1a: Pelipper
|-damage|p1a: Pelipper|33/100
|-heal|p2a: Abomasnow|65/100|[from] drain|[of] p1a: Pelipper
|move|p2b: Hatterene|Psychic|p1a: Pelipper
|-damage|p1a: Pelipper|0 fnt
|faint|p1a: Pelipper
|-damage|p2b: Hatterene|37/100|[from] item: Life Orb
|
|win|Farkz7
