|j|☆tc9393
|j|☆vc_573
|html|tc9393vc_573    
|uhtml|bestof|Game 2 of a best-of-3
|t:|1757923994
|gametype|doubles
|player|p1|tc9393|169|
|player|p2|vc_573|elesa|
|gen|9
|tier|[Gen 9] VGC 2025 Reg H (Bo3)
|rule|Species Clause: Limit one of each Pokémon
|rule|Item Clause: Limit 1 of each item
|clearpoke
|poke|p1|Gholdengo, L50|
|poke|p1|Rillaboom, L50, F|
|poke|p1|Incineroar, L50, F|
|poke|p1|Farigiraf, L50, M|
|poke|p1|Ursaluna, L50, M|
|poke|p1|Whimsicott, L50, M|
|poke|p2|Maushold-Four, L50|
|poke|p2|Annihilape, L50, F|
|poke|p2|Sinistcha-Masterpiece, L50|
|poke|p2|Incineroar, L50, M|
|poke|p2|Magnezone, L50|
|poke|p2|Rillaboom, L50, M|
|teampreview|4
|showteam|p1|Gholdengo||LifeOrb|GoodasGold|Protect,NastyPlot,MakeItRain,ShadowBall||||||50|,,,,,Water]Rillaboom||AssaultVest|GrassySurge|FakeOut,Uturn,GrassyGlide,WoodHammer|||F|||50|,,,,,Fire]Incineroar||RockyHelmet|Intimidate|FakeOut,PartingShot,KnockOff,FlareBlitz|||F|||50|,,,,,Bug]Farigiraf||SitrusBerry|ArmorTail|Protect,TrickRoom,Psychic,Imprison|||M|||50|,,,,,Fairy]Ursaluna||FlameOrb|Guts|Protect,Facade,HeadlongRush,Earthquake|||M|||50|,,,,,Ghost]Whimsicott||FocusSash|Prankster|Tailwind,Encore,Endeavor,Moonblast|||M|||50|,,,,,Ghost
|showteam|p2|Maushold-Four||WideLens|FriendGuard|HelpingHand,BeatUp,FollowMe,Protect||||||50|,,,,,Normal]Annihilape||LifeOrb|Defiant|RageFist,DrainPunch,Protect,BulkUp|||F|||50|,,,,,Fighting]Sinistcha-Masterpiece||Leftovers|Hospitality|LifeDew,Protect,MatchaGotcha,Hex||||||50|,,,,,Grass]Incineroar||SafetyGoggles|Intimidate|FakeOut,PartingShot,KnockOff,FlareBlitz|||M|||50|,,,,,Fire]Magnezone||ChoiceSpecs|Analytic|VoltSwitch,Thunderbolt,FlashCannon,Discharge||||||50|,,,,,Electric]Rillaboom||AssaultVest|GrassySurge|FakeOut,GrassyGlide,WoodHammer,Uturn|||M|||50|,,,,,Grass
|
|t:|1757924042
|teamsize|p1|4
|teamsize|p2|4
|start
|switch|p1a: Incineroar|Incineroar, L50, F|100/100
|switch|p1b: Farigiraf|Farigiraf, L50, M|100/100
|switch|p2a: Annihilape|Annihilape, L50, F|100/100
|switch|p2b: Sinistcha|Sinistcha-Masterpiece, L50|100/100
|-ability|p1a: Incineroar|Intimidate|boost
|-unboost|p2a: Annihilape|atk|1
|-ability|p2a: Annihilape|Defiant|boost
|-boost|p2a: Annihilape|atk|2
|-unboost|p2b: Sinistcha|atk|1
|turn|1
|
|t:|1757924068
|-terastallize|p2a: Annihilape|Fighting
|-terastallize|p1a: Incineroar|Bug
|move|p2a: Annihilape|Drain Punch|p1b: Farigiraf
|-damage|p1b: Farigiraf|11/100
|-enditem|p1b: Farigiraf|Sitrus Berry|[eat]
|-heal|p1b: Farigiraf|36/100|[from] item: Sitrus Berry
|-damage|p2a: Annihilape|91/100|[from] item: Life Orb
|move|p2b: Sinistcha|Matcha Gotcha|p1a: Incineroar|[spread] p1a,p1b
|-resisted|p1a: Incineroar
|-crit|p1a: Incineroar
|-damage|p1a: Incineroar|87/100
|-damage|p1b: Farigiraf|15/100
|move|p1b: Farigiraf|Psychic|p2a: Annihilape
|-supereffective|p2a: Annihilape
|-damage|p2a: Annihilape|29/100
|move|p1a: Incineroar|Knock Off|p2b: Sinistcha
|-supereffective|p2b: Sinistcha
|-damage|p2b: Sinistcha|47/100
|-enditem|p2b: Sinistcha|Leftovers|[from] move: Knock Off|[of] p1a: Incineroar
|
|upkeep
|turn|2
|
|t:|1757924094
|move|p1b: Farigiraf|Protect|p1b: Farigiraf
|-singleturn|p1b: Farigiraf|Protect
|move|p2a: Annihilape|Rage Fist|p1a: Incineroar
|-damage|p1a: Incineroar|0 fnt
|-damage|p2a: Annihilape|12/100|[from] item: Rocky Helmet|[of] p1a: Incineroar
|faint|p1a: Incineroar
|-damage|p2a: Annihilape|3/100|[from] item: Life Orb
|move|p2b: Sinistcha|Matcha Gotcha|p1b: Farigiraf
|-activate|p1b: Farigiraf|move: Protect
|
|upkeep
|
|t:|1757924105
|switch|p1a: Gholdengo|Gholdengo, L50|100/100
|turn|3
|
|t:|1757924115
|switch|p2b: Rillaboom|Rillaboom, L50, M|100/100
|-fieldstart|move: Grassy Terrain|[from] ability: Grassy Surge|[of] p2b: Rillaboom
|move|p2a: Annihilape|Protect|p2a: Annihilape
|-singleturn|p2a: Annihilape|Protect
|move|p1a: Gholdengo|Shadow Ball|p2a: Annihilape
|-activate|p2a: Annihilape|move: Protect
|move|p1b: Farigiraf|Psychic|p2b: Rillaboom
|-damage|p2b: Rillaboom|77/100
|
|-heal|p2a: Annihilape|9/100|[from] Grassy Terrain
|-heal|p2b: Rillaboom|83/100|[from] Grassy Terrain
|-heal|p1b: Farigiraf|22/100|[from] Grassy Terrain
|upkeep
|turn|4
|
|t:|1757924134
|switch|p2b: Sinistcha|Sinistcha-Masterpiece, L50|47/100
|-heal|p2a: Annihilape|34/100|[from] ability: Hospitality|[of] p2b: Sinistcha
|move|p1a: Gholdengo|Make It Rain|p2b: Sinistcha|[spread] p2a,p2b
|-damage|p2a: Annihilape|0 fnt
|-damage|p2b: Sinistcha|0 fnt
|-unboost|p1a: Gholdengo|spa|1
|faint|p2a: Annihilape
|faint|p2b: Sinistcha
|-damage|p1a: Gholdengo|91/100|[from] item: Life Orb
|move|p1b: Farigiraf|Trick Room|p1b: Farigiraf
|-fieldstart|move: Trick Room|[of] p1b: Farigiraf
|
|-heal|p1b: Farigiraf|28/100|[from] Grassy Terrain
|-heal|p1a: Gholdengo|97/100|[from] Grassy Terrain
|upkeep
|
|t:|1757924143
|switch|p2b: Rillaboom|Rillaboom, L50, M|83/100
|switch|p2a: Magnezone|Magnezone, L50|100/100
|turn|5
|
|t:|1757924184
|move|p2a: Magnezone|Discharge|p1a: Gholdengo|[spread] p2b,p1a,p1b
|-resisted|p2b: Rillaboom
|-damage|p2b: Rillaboom|66/100
|-damage|p1a: Gholdengo|34/100
|-damage|p1b: Farigiraf|0 fnt
|-status|p2b: Rillaboom|par
|faint|p1b: Farigiraf
|move|p2b: Rillaboom|Wood Hammer|p1a: Gholdengo
|-resisted|p1a: Gholdengo
|-damage|p1a: Gholdengo|0 fnt
|faint|p1a: Gholdengo
|-damage|p2b: Rillaboom|57/100 par|[from] Recoil
|
|-heal|p2b: Rillaboom|63/100 par|[from] Grassy Terrain
|upkeep
|
|t:|1757924194
|switch|p1b: Ursaluna|Ursaluna, L50, M|100/100
|turn|6
|
|t:|1757924208
|move|p1b: Ursaluna|Protect|p1b: Ursaluna
|-singleturn|p1b: Ursaluna|Protect
|move|p2b: Rillaboom|Grassy Glide|p1b: Ursaluna
|-activate|p1b: Ursaluna|move: Protect
|move|p2a: Magnezone|Discharge|p1b: Ursaluna|[spread] p2b
|-activate|p1b: Ursaluna|move: Protect
|-resisted|p2b: Rillaboom
|-damage|p2b: Rillaboom|41/100 par
|
|-heal|p2b: Rillaboom|47/100 par|[from] Grassy Terrain
|-status|p1b: Ursaluna|brn|[from] item: Flame Orb
|upkeep
|turn|7
|
|t:|1757924225
|move|p2b: Rillaboom|Wood Hammer|p1b: Ursaluna
|-supereffective|p1b: Ursaluna
|-damage|p1b: Ursaluna|0 fnt
|faint|p1b: Ursaluna
|-damage|p2b: Rillaboom|8/100 par|[from] Recoil
|
|win|vc_573
||tc9393 is ready for game 3.
|l|☆vc_573
|player|p2|
|inactive|vc_573 has 30 seconds to confirm battle start!
||vc_573 is ready for game 3.
|uhtml|next|Next: Game 3 of 3
|l|☆tc9393
|player|p1|
