|j|☆hello for none
|j|☆exessvgc
|html|hello for noneexessvgc    
|uhtml|bestof|Game 2 of a best-of-3
|t:|1783886827
|gametype|doubles
|player|p1|hello for none|2|1050
|player|p2|exessvgc|266|1181
|gen|9
|tier|[Gen 9 Champions] VGC 2026 Reg M-B (Bo3)
|rated|
|rule|Species Clause: Limit one of each Pokémon
|rule|Item Clause: Limit 1 of each item
|clearpoke
|poke|p1|Farigiraf, L50, F|
|poke|p1|Gengar, L50, F|
|poke|p1|Alakazam, L50, F|
|poke|p1|Pelipper, L50, F|
|poke|p1|Sinistcha-Masterpiece, L50|
|poke|p1|Basculegion, L50, M|
|poke|p2|Steelix, L50, F, shiny|
|poke|p2|Tyranitar, L50, F|
|poke|p2|Sinistcha, L50|
|poke|p2|Rotom-Wash, L50, shiny|
|poke|p2|Sneasler, L50, F|
|poke|p2|Talonflame, L50, F, shiny|
|teampreview|4
|showteam|p1|Farigiraf||Leftovers|ArmorTail|Protect,TrickRoom,HyperVoice,HelpingHand|Bold||F|||50|]Gengar||Gengarite|CursedBody|IcyWind,Protect,ShadowBall,SludgeWave|Timid||F|||50|]Alakazam||Alakazite|InnerFocus|Psychic,Protect,DazzlingGleam,EnergyBall|Timid||F|||50|]Pelipper||FocusSash|Drizzle|Tailwind,Hurricane,WeatherBall,Protect|Bold||F|||50|]Sinistcha-Masterpiece||MiracleSeed|Hospitality|MatchaGotcha,Protect,RagePowder,Hex|Bold|||||50|]Basculegion||ChoiceScarf|Adaptability|Liquidation,FlipTurn,LastRespects,HeadSmash|Jolly||M|||50|
|showteam|p2|Steelix||Steelixite|Sturdy|Protect,WideGuard,HeavySlam,HighHorsepower|Brave||F|||50|]Tyranitar||Tyranitarite|SandStream|Protect,RockSlide,KnockOff,DragonDance|Jolly||F|||50|]Sinistcha||SitrusBerry|Hospitality|Protect,TrickRoom,RagePowder,MatchaGotcha|Relaxed|||||50|]Rotom-Wash||Leftovers|Levitate|Thunderbolt,HydroPump,WillOWisp,LightScreen|Bold|||||50|]Sneasler||WhiteHerb|Unburden|Protect,FakeOut,CloseCombat,DireClaw|Jolly||F|||50|]Talonflame||SharpBeak|GaleWings|Protect,BraveBird,SwordsDance,FlareBlitz|Jolly||F|||50|
|
|t:|1783886845
|teamsize|p1|4
|teamsize|p2|4
|start
|switch|p1a: Farigiraf|Farigiraf, L50, F|100/100
|switch|p1b: Basculegion|Basculegion, L50, M|100/100
|switch|p2a: Steelix|Steelix, L50, F, shiny|100/100
|switch|p2b: Sinistcha|Sinistcha, L50|100/100
|turn|1
|
|t:|1783886873
|detailschange|p2a: Steelix|Steelix-Mega, L50, F, shiny
|-mega|p2a: Steelix|Steelix|Steelixite
|move|p1a: Farigiraf|Helping Hand|p1b: Basculegion
|-singleturn|p1b: Basculegion|Helping Hand|[of] p1a: Farigiraf
|move|p1b: Basculegion|Liquidation|p2a: Steelix
|-supereffective|p2a: Steelix|1
|-damage|p2a: Steelix|29/100
|move|p2a: Steelix|High Horsepower|p1b: Basculegion
|-damage|p1b: Basculegion|32/100
|move|p2b: Sinistcha|Trick Room|p2b: Sinistcha
|-fieldstart|move: Trick Room|[of] p2b: Sinistcha
|
|upkeep
|turn|2
|
|t:|1783886892
|switch|p2b: Tyranitar|Tyranitar, L50, F|100/100
|-weather|Sandstorm|[from] ability: Sand Stream|[of] p2b: Tyranitar
|switch|p1b: Pelipper|Pelipper, L50, F|100/100
|-weather|RainDance|[from] ability: Drizzle|[of] p1b: Pelipper
|move|p2a: Steelix|Heavy Slam|p1b: Pelipper
|-resisted|p1b: Pelipper|1
|-damage|p1b: Pelipper|68/100
|move|p1a: Farigiraf|Trick Room|p1a: Farigiraf
|-fieldend|move: Trick Room
|
|-weather|RainDance|[upkeep]
|upkeep
|turn|3
|
|t:|1783886918
|switch|p2a: Rotom|Rotom-Wash, L50, shiny|100/100
|move|p1a: Farigiraf|Helping Hand|p1b: Pelipper
|-singleturn|p1b: Pelipper|Helping Hand|[of] p1a: Farigiraf
|move|p2b: Tyranitar|Rock Slide|p1b: Pelipper|[spread] p1a,p1b
|-supereffective|p1b: Pelipper|1
|-damage|p1a: Farigiraf|74/100
|-damage|p1b: Pelipper|14/100
|move|p1b: Pelipper|Weather Ball|p2a: Rotom
|-resisted|p2a: Rotom|1
|-damage|p2a: Rotom|61/100
|
|-weather|RainDance|[upkeep]
|-heal|p2a: Rotom|67/100|[from] item: Leftovers
|-heal|p1a: Farigiraf|80/100|[from] item: Leftovers
|upkeep
|turn|4
|
|t:|1783886940
|move|p1b: Pelipper|Protect|p1b: Pelipper
|-singleturn|p1b: Pelipper|Protect
|move|p2b: Tyranitar|Dragon Dance|p2b: Tyranitar
|-boost|p2b: Tyranitar|atk|1
|-boost|p2b: Tyranitar|spe|1
|move|p2a: Rotom|Thunderbolt|p1b: Pelipper
|-activate|p1b: Pelipper|move: Protect
|move|p1a: Farigiraf|Trick Room|p1a: Farigiraf
|-fieldstart|move: Trick Room|[of] p1a: Farigiraf
|
|-weather|RainDance|[upkeep]
|-heal|p1a: Farigiraf|86/100|[from] item: Leftovers
|-heal|p2a: Rotom|73/100|[from] item: Leftovers
|upkeep
|turn|5
|
|t:|1783886961
|move|p1a: Farigiraf|Helping Hand|p1b: Pelipper
|-singleturn|p1b: Pelipper|Helping Hand|[of] p1a: Farigiraf
|move|p2b: Tyranitar|Protect|p2b: Tyranitar
|-singleturn|p2b: Tyranitar|Protect
|move|p1b: Pelipper|Weather Ball|p2b: Tyranitar
|-activate|p2b: Tyranitar|move: Protect
|move|p2a: Rotom|Thunderbolt|p1b: Pelipper
|-supereffective|p1b: Pelipper|2
|-damage|p1b: Pelipper|0 fnt
|faint|p1b: Pelipper
|
|-weather|RainDance|[upkeep]
|-heal|p1a: Farigiraf|92/100|[from] item: Leftovers
|-heal|p2a: Rotom|78/100|[from] item: Leftovers
|upkeep
|
|t:|1783886979
|switch|p1b: Alakazam|Alakazam, L50, F|100/100
|turn|6
|
|t:|1783887000
|detailschange|p1b: Alakazam|Alakazam-Mega, L50, F
|-mega|p1b: Alakazam|Alakazam|Alakazite
|-ability|p1b: Alakazam|Levitate|Trace|[from] ability: Trace|[of] p2a: Rotom
|move|p1b: Alakazam|Protect|p1b: Alakazam
|-singleturn|p1b: Alakazam|Protect
|move|p2a: Rotom|Light Screen|p2a: Rotom
|-sidestart|p2: exessvgc|move: Light Screen
|move|p2b: Tyranitar|Knock Off|p1a: Farigiraf
|-supereffective|p1a: Farigiraf|1
|-damage|p1a: Farigiraf|0 fnt
|-enditem|p1a: Farigiraf|Leftovers|[from] move: Knock Off|[of] p2b: Tyranitar
|faint|p1a: Farigiraf
|
|-weather|none
|-heal|p2a: Rotom|84/100|[from] item: Leftovers
|upkeep
|-message|hello for none forfeited.
|raw|hello for none's rating: 1050 → 1039(-11 for losing)
|raw|exessvgc's rating: 1181 → 1197(+16 for winning)
|
|win|exessvgc
|l|☆hello for none
|player|p1|
