|j|☆Cristante terabug
|j|☆livelaughlotad1
|html|Cristante terabuglivelaughlotad1    
|uhtml|bestof|Game 3 of a best-of-3
|t:|1757019891
|gametype|doubles
|player|p1|Cristante terabug|kieran-champion|1255
|player|p2|livelaughlotad1|acetrainerf|1146
|gen|9
|tier|[Gen 9] VGC 2025 Reg H (Bo3)
|rated|
|rule|Species Clause: Limit one of each Pokémon
|rule|Item Clause: Limit 1 of each item
|clearpoke
|poke|p1|Incineroar, L50, M|
|poke|p1|Pelipper, L50, M|
|poke|p1|Archaludon, L50, M|
|poke|p1|Dragonite, L50, M|
|poke|p1|Sinistcha, L50|
|poke|p1|Ursaluna, L50, M|
|poke|p2|Kilowattrel, L50, F|
|poke|p2|Annihilape, L50, M|
|poke|p2|Ursaluna, L50, M|
|poke|p2|Amoonguss, L50, M|
|poke|p2|Farigiraf, L50, F|
|poke|p2|Incineroar, L50, M|
|teampreview|4
|showteam|p1|Incineroar||SafetyGoggles|Intimidate|FakeOut,PartingShot,KnockOff,Taunt|||M|||50|,,,,,Ghost]Pelipper||FocusSash|Drizzle|Hurricane,MuddyWater,Tailwind,Protect|||M|||50|,,,,,Ghost]Archaludon||AssaultVest|Stamina|ElectroShot,Snarl,FlashCannon,BodyPress|||M|||50|,,,,,Fighting]Dragonite||LoadedDice|Multiscale|ScaleShot,Tailwind,Haze,Protect|||M|||50|,,,,,Fairy]Sinistcha||SitrusBerry|Hospitality|MatchaGotcha,RagePowder,LifeDew,TrickRoom||||||50|,,,,,Dark]Ursaluna||FlameOrb|Guts|Earthquake,Facade,HeadlongRush,Protect|||M|||50|,,,,,Ghost
|showteam|p2|Kilowattrel||FocusSash|Competitive|Discharge,AirSlash,Tailwind,Protect|||F|||50|,,,,,Ghost]Annihilape||SitrusBerry|Defiant|RageFist,DrainPunch,CloseCombat,Protect|||M|||50|,,,,,Grass]Ursaluna||FlameOrb|Guts|Facade,Earthquake,HeadlongRush,Protect|||M|||50|,,,,,Ghost]Amoonguss||EjectButton|Regenerator|Spore,SludgeBomb,RagePowder,Protect|||M|||50|,,,,,Water]Farigiraf||ThroatSpray|ArmorTail|HyperVoice,Psychic,TrickRoom,Protect|||F|||50|,,,,,Fairy]Incineroar||SafetyGoggles|Intimidate|FakeOut,KnockOff,FlareBlitz,PartingShot|||M|||50|,,,,,Grass
|inactive|Battle timer is ON: inactive players will automatically lose when time's up. (requested by Cristante terabug)
|
|t:|1757019928
|teamsize|p1|4
|teamsize|p2|4
|start
|switch|p1a: Silvano|Pelipper, L50, M, shiny|100/100
|switch|p1b: Olmo|Ursaluna, L50, M|100/100
|switch|p2a: Incineroar|Incineroar, L50, M|100/100
|switch|p2b: Farigiraf|Farigiraf, L50, F|100/100
|-weather|RainDance|[from] ability: Drizzle|[of] p1a: Silvano
|-ability|p2a: Incineroar|Intimidate|boost
|-unboost|p1a: Silvano|atk|1
|-unboost|p1b: Olmo|atk|1
|turn|1
|inactive|livelaughlotad1 has 30 seconds left.
|inactive|Cristante terabug has 30 seconds left.
|
|t:|1757019959
|-terastallize|p1a: Silvano|Ghost
|move|p2a: Incineroar|Fake Out|p1a: Silvano
|-immune|p1a: Silvano
|move|p1a: Silvano|Hurricane|p2b: Farigiraf
|-damage|p2b: Farigiraf|60/100
|move|p1b: Olmo|Headlong Rush|p2b: Farigiraf
|-damage|p2b: Farigiraf|5/100
|-unboost|p1b: Olmo|def|1
|-unboost|p1b: Olmo|spd|1
|move|p2b: Farigiraf|Trick Room|p2b: Farigiraf
|-fieldstart|move: Trick Room|[of] p2b: Farigiraf
|
|-weather|RainDance|[upkeep]
|-status|p1b: Olmo|brn|[from] item: Flame Orb
|upkeep
|turn|2
|
|t:|1757019980
|switch|p1b: Luca|Archaludon, L50, M|100/100
|move|p2b: Farigiraf|Protect|p2b: Farigiraf
|-singleturn|p2b: Farigiraf|Protect
|move|p2a: Incineroar|Parting Shot|p1b: Luca
|-unboost|p1b: Luca|atk|1
|-unboost|p1b: Luca|spa|1
|
|t:|1757019986
|switch|p2a: Amoonguss|Amoonguss, L50, M|100/100|[from] Parting Shot
|move|p1a: Silvano|Muddy Water|p2b: Farigiraf|[spread] p2a
|-activate|p2b: Farigiraf|move: Protect
|-resisted|p2a: Amoonguss
|-damage|p2a: Amoonguss|82/100
|-unboost|p2a: Amoonguss|accuracy|1
|-enditem|p2a: Amoonguss|Eject Button
|
|t:|1757019992
|switch|p2a: Ursaluna|Ursaluna, L50, M|100/100
|
|-weather|RainDance|[upkeep]
|-status|p2a: Ursaluna|brn|[from] item: Flame Orb
|upkeep
|turn|3
|
|t:|1757020012
|switch|p1b: Paolo|Dragonite, L50, M|100/100
|-terastallize|p2a: Ursaluna|Ghost
|move|p2a: Ursaluna|Headlong Rush|p1b: Paolo
|-immune|p1b: Paolo
|move|p2b: Farigiraf|Psychic|p1b: Paolo
|-damage|p1b: Paolo|80/100
|move|p1a: Silvano|Muddy Water|p2b: Farigiraf|[spread] p2a
|-miss|p1a: Silvano|p2b: Farigiraf
|-damage|p2a: Ursaluna|54/100 brn
|
|-weather|RainDance|[upkeep]
|-damage|p2a: Ursaluna|48/100 brn|[from] brn
|upkeep
|turn|4
|
|t:|1757020035
|move|p2a: Ursaluna|Facade|p1b: Paolo
|-damage|p1b: Paolo|0 fnt
|faint|p1b: Paolo
|move|p2b: Farigiraf|Psychic|p1a: Silvano
|-damage|p1a: Silvano|30/100
|move|p1a: Silvano|Muddy Water|p2a: Ursaluna|[spread] p2b
|-miss|p1a: Silvano|p2a: Ursaluna
|-damage|p2b: Farigiraf|0 fnt
|faint|p2b: Farigiraf
|
|-weather|RainDance|[upkeep]
|-damage|p2a: Ursaluna|42/100 brn|[from] brn
|upkeep
|
|t:|1757020045
|switch|p2b: Amoonguss|Amoonguss, L50, M|100/100
|switch|p1b: Olmo|Ursaluna, L50, M|100/100 brn
|turn|5
|
|t:|1757020057
|switch|p2a: Incineroar|Incineroar, L50, M|100/100
|-ability|p2a: Incineroar|Intimidate|boost
|-unboost|p1a: Silvano|atk|1
|-unboost|p1b: Olmo|atk|1
|move|p1b: Olmo|Protect|p1b: Olmo
|-singleturn|p1b: Olmo|Protect
|move|p1a: Silvano|Protect|p1a: Silvano
|-singleturn|p1a: Silvano|Protect
|move|p2b: Amoonguss|Spore|p1a: Silvano
|-activate|p1a: Silvano|move: Protect
|
|-weather|none
|-damage|p1b: Olmo|94/100 brn|[from] brn
|-fieldend|move: Trick Room
|upkeep
|turn|6
|
|t:|1757020074
|switch|p1b: Luca|Archaludon, L50, M|100/100
|move|p2a: Incineroar|Fake Out|p1b: Luca
|-resisted|p1b: Luca
|-damage|p1b: Luca|96/100
|-ability|p1b: Luca|Stamina|boost
|-boost|p1b: Luca|def|1
|move|p1a: Silvano|Hurricane|p2b: Amoonguss
|-supereffective|p2b: Amoonguss
|-damage|p2b: Amoonguss|21/100
|move|p2b: Amoonguss|Spore|p1a: Silvano
|-status|p1a: Silvano|slp|[from] move: Spore
|
|upkeep
|turn|7
|
|t:|1757020097
|switch|p1b: Olmo|Ursaluna, L50, M|94/100 brn
|move|p2b: Amoonguss|Protect|p2b: Amoonguss
|-singleturn|p2b: Amoonguss|Protect
|cant|p1a: Silvano|slp
|move|p2a: Incineroar|Parting Shot|p1b: Olmo
|-unboost|p1b: Olmo|atk|1
|-unboost|p1b: Olmo|spa|1
|
|t:|1757020105
|switch|p2a: Ursaluna|Ursaluna, L50, M, tera:Ghost|42/100 brn|[from] Parting Shot
|
|-damage|p1b: Olmo|88/100 brn|[from] brn
|-damage|p2a: Ursaluna|36/100 brn|[from] brn
|upkeep
|turn|8
|
|t:|1757020126
|switch|p2a: Incineroar|Incineroar, L50, M|100/100
|-ability|p2a: Incineroar|Intimidate|boost
|-unboost|p1a: Silvano|atk|1
|-unboost|p1b: Olmo|atk|1
|cant|p1a: Silvano|slp
|move|p1b: Olmo|Earthquake|p2a: Incineroar|[spread] p1a,p2a,p2b
|-supereffective|p2a: Incineroar
|-damage|p1a: Silvano|0 fnt
|-damage|p2a: Incineroar|31/100
|-damage|p2b: Amoonguss|0 fnt
|faint|p1a: Silvano
|faint|p2b: Amoonguss
|
|-damage|p1b: Olmo|82/100 brn|[from] brn
|upkeep
|
|t:|1757020134
|switch|p1a: Luca|Archaludon, L50, M|96/100
|switch|p2b: Ursaluna|Ursaluna, L50, M, tera:Ghost|36/100 brn
|turn|9
|
|t:|1757020144
|move|p1b: Olmo|Protect|p1b: Olmo
|-singleturn|p1b: Olmo|Protect
|move|p2a: Incineroar|Fake Out|p1a: Luca
|-resisted|p1a: Luca
|-damage|p1a: Luca|91/100
|-ability|p1a: Luca|Stamina|boost
|-boost|p1a: Luca|def|1
|cant|p1a: Luca|flinch
|move|p2b: Ursaluna|Headlong Rush|p1a: Luca
|-supereffective|p1a: Luca
|-damage|p1a: Luca|0 fnt
|-unboost|p2b: Ursaluna|def|1
|-unboost|p2b: Ursaluna|spd|1
|faint|p1a: Luca
|
|-damage|p1b: Olmo|76/100 brn|[from] brn
|-damage|p2b: Ursaluna|30/100 brn|[from] brn
|upkeep
|turn|10
|
|t:|1757020161
|move|p1b: Olmo|Earthquake|p2b: Ursaluna|[spread] p2a,p2b
|-supereffective|p2a: Incineroar
|-damage|p2a: Incineroar|0 fnt
|-damage|p2b: Ursaluna|0 fnt
|faint|p2a: Incineroar
|faint|p2b: Ursaluna
|
|win|Cristante terabug
|raw|Cristante terabug's rating: 1255 → 1272(+17 for winning)
|raw|livelaughlotad1's rating: 1146 → 1129(-17 for losing)
