|j|☆ShabazXVGC
|j|☆Bobbo1
|html|ShabazXVGCBobbo1    
|uhtml|bestof|Game 2 of a best-of-3
|t:|1756913246
|gametype|doubles
|player|p1|ShabazXVGC|marlon|1140
|player|p2|Bobbo1|ghetsis|1180
|gen|9
|tier|[Gen 9] VGC 2025 Reg H (Bo3)
|rated|
|rule|Species Clause: Limit one of each Pokémon
|rule|Item Clause: Limit 1 of each item
|clearpoke
|poke|p1|Rillaboom, L50, M|
|poke|p1|Incineroar, L50, F|
|poke|p1|Weezing-Galar, L50, M|
|poke|p1|Dragapult, L50, F|
|poke|p1|Kingambit, L50, M|
|poke|p1|Porygon2, L50|
|poke|p2|Palafin, L50, M|
|poke|p2|Incineroar, L50, F|
|poke|p2|Rillaboom, L50, M|
|poke|p2|Volcarona, L50, F|
|poke|p2|Ninetales-Alola, L50, M|
|poke|p2|Gholdengo, L50|
|teampreview|4
|showteam|p1|Rillaboom||GrassySeed|GrassySurge|FakeOut,HighHorsepower,GrassyGlide,WoodHammer|||M|||50|,,,,,Fire]Incineroar||AssaultVest|Intimidate|FlareBlitz,KnockOff,Uturn,FakeOut|||F|||50|,,,,,Ghost]Weezing-Galar||SitrusBerry|NeutralizingGas|Protect,PoisonGas,SludgeBomb,DazzlingGleam|||M|||50|,,,,,Water]Dragapult||LifeOrb|ClearBody|DragonDarts,PhantomForce,Uturn,Protect|||F|||50|,,,,,Dragon]Kingambit||SafetyGoggles|Defiant|SuckerPunch,KowtowCleave,Protect,SwordsDance|||M|||50|,,,,,Dragon]Porygon2||Eviolite|Download|TeraBlast,IceBeam,TrickRoom,Recover||||||50|,,,,,Poison
|showteam|p2|Palafin||MysticWater|ZerotoHero|IcePunch,JetPunch,WaveCrash,Protect|||M|||50|,,,,,Water]Incineroar||SafetyGoggles|Intimidate|FakeOut,KnockOff,FlareBlitz,PartingShot|||F|||50|,,,,,Ghost]Rillaboom||AssaultVest|GrassySurge|FakeOut,GrassyGlide,WoodHammer,Uturn|||M|||50|,,,,,Fire]Volcarona||GrassySeed|FlameBody|QuiverDance,FieryDance,GigaDrain,Protect|||F|||50|,,,,,Grass]Ninetales-Alola||LightClay|SnowWarning|AuroraVeil,Blizzard,Moonblast,Protect|||M|||50|,,,,,Fire]Gholdengo||LifeOrb|GoodasGold|NastyPlot,MakeItRain,ShadowBall,Protect||||||50|,,,,,Water
|
|t:|1756913266
|teamsize|p1|4
|teamsize|p2|4
|start
|switch|p1a: Vegapunk|Porygon2, L50|100/100
|switch|p1b: Caesar|Weezing-Galar, L50, M|100/100
|switch|p2a: Rillaboom|Rillaboom, L50, M|100/100
|switch|p2b: Volcarona|Volcarona, L50, F|100/100
|-ability|p1b: Caesar|Neutralizing Gas
|turn|1
|
|t:|1756913296
|move|p2b: Volcarona|Quiver Dance|p2b: Volcarona
|-boost|p2b: Volcarona|spa|1
|-boost|p2b: Volcarona|spd|1
|-boost|p2b: Volcarona|spe|1
|move|p2a: Rillaboom|U-turn|p1a: Vegapunk
|-damage|p1a: Vegapunk|90/100
|
|t:|1756913306
|switch|p2a: Incineroar|Incineroar, L50, F|100/100|[from] U-turn
|move|p1b: Caesar|Poison Gas|p2a: Incineroar|[spread] p2a,p2b
|-status|p2a: Incineroar|psn
|-status|p2b: Volcarona|psn
|move|p1a: Vegapunk|Trick Room|p1a: Vegapunk
|-fieldstart|move: Trick Room|[of] p1a: Vegapunk
|
|-damage|p2a: Incineroar|88/100 psn|[from] psn
|-damage|p2b: Volcarona|88/100 psn|[from] psn
|upkeep
|turn|2
|
|t:|1756913334
|-end|p1b: Caesar|ability: Neutralizing Gas
|-ability|p1a: Vegapunk|Download|boost
|-boost|p1a: Vegapunk|atk|1
|-ability|p2a: Incineroar|Intimidate|boost
|-unboost|p1a: Vegapunk|atk|1
|-unboost|p1b: Caesar|atk|1
|switch|p1b: Ace|Incineroar, L50, F|100/100
|-ability|p1b: Ace|Intimidate|boost
|-unboost|p2a: Incineroar|atk|1
|-unboost|p2b: Volcarona|atk|1
|move|p1a: Vegapunk|Tera Blast|p2b: Volcarona
|-damage|p2b: Volcarona|71/100 psn
|move|p2a: Incineroar|Knock Off|p1a: Vegapunk
|-damage|p1a: Vegapunk|73/100
|-enditem|p1a: Vegapunk|Eviolite|[from] move: Knock Off|[of] p2a: Incineroar
|move|p2b: Volcarona|Giga Drain|p1a: Vegapunk
|-damage|p1a: Vegapunk|40/100
|-heal|p2b: Volcarona|87/100 psn|[from] drain|[of] p1a: Vegapunk
|
|-damage|p2a: Incineroar|76/100 psn|[from] psn
|-damage|p2b: Volcarona|75/100 psn|[from] psn
|upkeep
|turn|3
|
|t:|1756913365
|move|p1a: Vegapunk|Tera Blast|p2b: Volcarona
|-damage|p2b: Volcarona|59/100 psn
|move|p2a: Incineroar|Knock Off|p1b: Ace
|-resisted|p1b: Ace
|-damage|p1b: Ace|86/100
|-enditem|p1b: Ace|Assault Vest|[from] move: Knock Off|[of] p2a: Incineroar
|move|p1b: Ace|Flare Blitz|p2b: Volcarona
|-damage|p2b: Volcarona|0 fnt
|faint|p2b: Volcarona
|-damage|p1b: Ace|64/100|[from] Recoil
|
|-damage|p2a: Incineroar|63/100 psn|[from] psn
|upkeep
|
|t:|1756913378
|switch|p2b: Ninetales|Ninetales-Alola, L50, M|100/100
|-weather|Snowscape|[from] ability: Snow Warning|[of] p2b: Ninetales
|turn|4
|
|t:|1756913420
|-terastallize|p2b: Ninetales|Fire
|move|p1a: Vegapunk|Recover|p1a: Vegapunk
|-heal|p1a: Vegapunk|90/100
|move|p2a: Incineroar|Parting Shot|p1a: Vegapunk
|-unboost|p1a: Vegapunk|atk|1
|-unboost|p1a: Vegapunk|spa|1
|
|t:|1756913427
|switch|p2a: Rillaboom|Rillaboom, L50, M|100/100|[from] Parting Shot
|-fieldstart|move: Grassy Terrain|[from] ability: Grassy Surge|[of] p2a: Rillaboom
|move|p1b: Ace|Flare Blitz|p2b: Ninetales
|-resisted|p2b: Ninetales
|-crit|p2b: Ninetales
|-damage|p2b: Ninetales|48/100
|-damage|p1b: Ace|47/100|[from] Recoil
|move|p2b: Ninetales|Aurora Veil|p2b: Ninetales
|-sidestart|p2: Bobbo1|move: Aurora Veil
|
|-weather|Snowscape|[upkeep]
|-heal|p1a: Vegapunk|96/100|[from] Grassy Terrain
|-heal|p1b: Ace|53/100|[from] Grassy Terrain
|-heal|p2b: Ninetales|54/100|[from] Grassy Terrain
|upkeep
|turn|5
|
|t:|1756913451
|switch|p1a: Caesar|Weezing-Galar, L50, M|100/100
|-ability|p1a: Caesar|Neutralizing Gas
|switch|p2a: Incineroar|Incineroar, L50, F|63/100 psn
|move|p2b: Ninetales|Protect|p2b: Ninetales
|-singleturn|p2b: Ninetales|Protect
|move|p1b: Ace|U-turn|p2a: Incineroar
|-damage|p2a: Incineroar|49/100 psn
|
|t:|1756913462
|switch|p1b: Mihawk|Kingambit, L50, M|100/100|[from] U-turn
|
|-weather|Snowscape|[upkeep]
|-heal|p2a: Incineroar|55/100 psn|[from] Grassy Terrain
|-heal|p2b: Ninetales|60/100|[from] Grassy Terrain
|-damage|p2a: Incineroar|43/100 psn|[from] psn
|-fieldend|move: Trick Room
|upkeep
|turn|6
|
|t:|1756913473
|-end|p1a: Caesar|ability: Neutralizing Gas
|-ability|p2a: Incineroar|Intimidate|boost
|-unboost|p1a: Caesar|atk|1
|-unboost|p1b: Mihawk|atk|1
|-ability|p1b: Mihawk|Defiant|boost
|-boost|p1b: Mihawk|atk|2
|switch|p1a: Ace|Incineroar, L50, F|53/100
|-ability|p1a: Ace|Intimidate|boost
|-unboost|p2a: Incineroar|atk|1
|-unboost|p2b: Ninetales|atk|1
|move|p1b: Mihawk|Protect|p1b: Mihawk
|-singleturn|p1b: Mihawk|Protect
|move|p2b: Ninetales|Blizzard|p1b: Mihawk|[spread] p1a
|-activate|p1b: Mihawk|move: Protect
|-resisted|p1a: Ace
|-damage|p1a: Ace|36/100
|move|p2a: Incineroar|Flare Blitz|p1b: Mihawk
|-activate|p1b: Mihawk|move: Protect
|
|-weather|Snowscape|[upkeep]
|-heal|p2b: Ninetales|66/100|[from] Grassy Terrain
|-heal|p1a: Ace|41/100|[from] Grassy Terrain
|-heal|p2a: Incineroar|49/100 psn|[from] Grassy Terrain
|-damage|p2a: Incineroar|36/100 psn|[from] psn
|upkeep
|turn|7
|
|t:|1756913525
|switch|p2b: Rillaboom|Rillaboom, L50, M|100/100
|move|p1a: Ace|Fake Out|p2a: Incineroar
|-damage|p2a: Incineroar|27/100 psn
|cant|p2a: Incineroar|flinch
|move|p1b: Mihawk|Kowtow Cleave|p2b: Rillaboom
|-damage|p2b: Rillaboom|53/100
|
|-weather|Snowscape|[upkeep]
|-heal|p1a: Ace|47/100|[from] Grassy Terrain
|-heal|p2b: Rillaboom|59/100|[from] Grassy Terrain
|-heal|p2a: Incineroar|33/100 psn|[from] Grassy Terrain
|-damage|p2a: Incineroar|21/100 psn|[from] psn
|upkeep
|turn|8
|
|t:|1756913549
|-terastallize|p1a: Ace|Ghost
|move|p1b: Mihawk|Protect|p1b: Mihawk
|-singleturn|p1b: Mihawk|Protect
|move|p2b: Rillaboom|Fake Out|p1b: Mihawk
|-activate|p1b: Mihawk|move: Protect
|move|p1a: Ace|Flare Blitz|p2b: Rillaboom
|-supereffective|p2b: Rillaboom
|-damage|p2b: Rillaboom|0 fnt
|faint|p2b: Rillaboom
|-damage|p1a: Ace|24/100|[from] Recoil
|move|p2a: Incineroar|Parting Shot|p1a: Ace
|-unboost|p1a: Ace|atk|1
|-unboost|p1a: Ace|spa|1
|
|t:|1756913562
|switch|p2a: Ninetales|Ninetales-Alola, L50, M, tera:Fire|66/100|[from] Parting Shot
|
|-weather|none
|-heal|p2a: Ninetales|72/100|[from] Grassy Terrain
|-heal|p1a: Ace|30/100|[from] Grassy Terrain
|-fieldend|move: Grassy Terrain
|upkeep
|-message|Bobbo1 forfeited.
|
|win|ShabazXVGC
|raw|ShabazXVGC's rating: 1140 → 1168(+28 for winning)
|raw|Bobbo1's rating: 1180 → 1152(-28 for losing)
