|j|☆aqoursfan1
|j|☆breloomb01
|html|aqoursfan1breloomb01    
|uhtml|bestof|Game 1 of a best-of-3
|t:|1786053979
|gametype|doubles
|player|p1|aqoursfan1|anabel-gen7|1346
|player|p2|breloomb01|roughneck|1245
|gen|9
|tier|[Gen 9 Champions] VGC 2026 Reg M-B (Bo3)
|rated|
|rule|Species Clause: Limit one of each Pokémon
|rule|Item Clause: Limit 1 of each item
|clearpoke
|poke|p1|Raichu, L50, M|
|poke|p1|Kingambit, L50, M|
|poke|p1|Sylveon, L50, M, shiny|
|poke|p1|Whimsicott, L50, F|
|poke|p1|Basculegion, L50, M|
|poke|p1|Charizard, L50, F, shiny|
|poke|p2|Floette-Eternal, L50, F|
|poke|p2|Incineroar, L50, M|
|poke|p2|Sinistcha, L50|
|poke|p2|Garchomp, L50, M|
|poke|p2|Sneasler, L50, F|
|poke|p2|Rotom-Wash, L50|
|teampreview|4
|showteam|p1|Raichu||RaichuniteY|LightningRod|ZapCannon,FocusBlast,FakeOut,Protect|Timid||M|||50|]Kingambit||FocusSash|Defiant|KowtowCleave,SuckerPunch,IronHead,Protect|Adamant||M|||50|]Sylveon||FairyFeather|Pixilate|HyperVoice,HyperBeam,QuickAttack,Detect|Modest||M|||50|]Whimsicott||LifeOrb|Prankster|Moonblast,Encore,Tailwind,Protect|Timid||F|||50|]Basculegion||MysticWater|Adaptability|WaveCrash,LastRespects,AquaJet,Protect|Adamant||M|||50|]Charizard||CharizarditeY|SolarPower|HeatWave,WeatherBall,SolarBeam,Protect|Modest||F|||50|
|showteam|p2|Floette-Eternal||Floettite|FlowerVeil|DrainingKiss,DazzlingGleam,CalmMind,Protect|Modest||F|||50|]Incineroar||SitrusBerry|Intimidate|FakeOut,FlareBlitz,ThroatChop,PartingShot|Careful||M|||50|]Sinistcha||KasibBerry|Hospitality|Protect,RagePowder,MatchaGotcha,TrickRoom|Calm|||||50|]Garchomp||LifeOrb|RoughSkin|Earthquake,DragonClaw,RockSlide,Protect|Jolly||M|||50|]Sneasler||FocusSash|PoisonTouch|FakeOut,PoisonJab,CloseCombat,Protect|Jolly||F|||50|]Rotom-Wash||Leftovers|Levitate|HydroPump,Protect,WillOWisp,Thunderbolt|Bold|||||50|
|inactive|Battle timer is ON: inactive players will automatically lose when time's up. (requested by aqoursfan1)
|
|t:|1786054004
|teamsize|p1|4
|teamsize|p2|4
|start
|switch|p1a: Raichu|Raichu, L50, M|100/100
|switch|p1b: Kingambit|Kingambit, L50, M|100/100
|switch|p2a: Garchomp|Garchomp, L50, M|100/100
|switch|p2b: Rotom|Rotom-Wash, L50|100/100
|turn|1
|
|t:|1786054012
|switch|p1b: Whimsicott|Whimsicott, L50, F|100/100
|detailschange|p1a: Raichu|Raichu-Mega-Y, L50, M
|-mega|p1a: Raichu|Raichu|Raichunite Y
|move|p1a: Raichu|Zap Cannon|p2b: Rotom
|-damage|p2b: Rotom|38/100
|move|p2a: Garchomp|Earthquake|p1b: Whimsicott|[spread] p1a,p1b
|-immune|p2b: Rotom|[from] ability: Levitate
|-supereffective|p1a: Raichu|1
|-resisted|p1b: Whimsicott|1
|-damage|p1a: Raichu|0 fnt
|-damage|p1b: Whimsicott|62/100
|faint|p1a: Raichu
|-damage|p2a: Garchomp|90/100|[from] item: Life Orb
|move|p2b: Rotom|Will-O-Wisp|p1b: Whimsicott
|-status|p1b: Whimsicott|brn
|
|-heal|p2b: Rotom|44/100|[from] item: Leftovers
|-damage|p1b: Whimsicott|56/100 brn|[from] brn
|upkeep
|
|t:|1786054019
|switch|p1a: Basculegion|Basculegion, L50, M|100/100
|turn|2
|
|t:|1786054024
|switch|p2a: Sneasler|Sneasler, L50, F|100/100
|move|p1b: Whimsicott|Moonblast|p2a: Sneasler
|-damage|p2a: Sneasler|34/100
|-damage|p1b: Whimsicott|46/100 brn|[from] item: Life Orb
|move|p1a: Basculegion|Wave Crash|p2b: Rotom
|-resisted|p2b: Rotom|1
|-damage|p2b: Rotom|0 fnt
|faint|p2b: Rotom
|-damage|p1a: Basculegion|88/100|[from] Recoil
|
|-damage|p1b: Whimsicott|40/100 brn|[from] brn
|upkeep
|
|t:|1786054036
|switch|p2b: Garchomp|Garchomp, L50, M|90/100
|turn|3
|
|t:|1786054041
|move|p1b: Whimsicott|Protect|p1b: Whimsicott
|-singleturn|p1b: Whimsicott|Protect
|move|p2a: Sneasler|Fake Out|p1b: Whimsicott
|-activate|p1b: Whimsicott|move: Protect
|move|p1a: Basculegion|Aqua Jet|p2a: Sneasler
|-damage|p2a: Sneasler|0 fnt
|faint|p2a: Sneasler
|move|p2b: Garchomp|Earthquake|p1a: Basculegion|[spread] p1a
|-activate|p1b: Whimsicott|move: Protect
|-damage|p1a: Basculegion|32/100
|-damage|p2b: Garchomp|80/100|[from] item: Life Orb
|
|-damage|p1b: Whimsicott|34/100 brn|[from] brn
|upkeep
|
|t:|1786054043
|switch|p2a: Floette|Floette-Eternal, L50, F|100/100
|turn|4
|
|t:|1786054050
|detailschange|p2a: Floette|Floette-Mega, L50, F
|-mega|p2a: Floette|Floette|Floettite
|-ability|p2a: Floette|Fairy Aura
|move|p1a: Basculegion|Protect|p1a: Basculegion
|-singleturn|p1a: Basculegion|Protect
|move|p1b: Whimsicott|Tailwind|p1b: Whimsicott
|-sidestart|p1: aqoursfan1|move: Tailwind
|move|p2b: Garchomp|Rock Slide|p1a: Basculegion|[spread] p1b
|-activate|p1a: Basculegion|move: Protect
|-damage|p1b: Whimsicott|0 fnt
|faint|p1b: Whimsicott
|-damage|p2b: Garchomp|70/100|[from] item: Life Orb
|move|p2a: Floette|Draining Kiss|p1a: Basculegion
|-activate|p1a: Basculegion|move: Protect
|
|upkeep
|
|t:|1786054058
|switch|p1b: Kingambit|Kingambit, L50, M|100/100
|turn|5
|
|t:|1786054066
|move|p2b: Garchomp|Protect|p2b: Garchomp
|-singleturn|p2b: Garchomp|Protect
|move|p1a: Basculegion|Last Respects|p2b: Garchomp
|-activate|p2b: Garchomp|move: Protect
|move|p1b: Kingambit|Iron Head|p2a: Floette
|-supereffective|p2a: Floette|1
|-damage|p2a: Floette|0 fnt
|faint|p2a: Floette
|
|upkeep
|turn|6
|-message|breloomb01 forfeited.
|
|win|aqoursfan1
