|j|☆caZISA
|j|☆EXHOUL
|html|caZISAEXHOUL    
|uhtml|bestof|Game 1 of a best-of-3
|t:|1757681025
|gametype|doubles
|player|p1|caZISA|red|1408
|player|p2|EXHOUL|shadowtriad|1400
|gen|9
|tier|[Gen 9] VGC 2025 Reg H (Bo3)
|rated|
|rule|Species Clause: Limit one of each Pokémon
|rule|Item Clause: Limit 1 of each item
|clearpoke
|poke|p1|Amoonguss, L50, M|
|poke|p1|Incineroar, L50, M|
|poke|p1|Pelipper, L50, M|
|poke|p1|Basculegion, L50, M|
|poke|p1|Archaludon, L50, M|
|poke|p1|Maushold-Four, L50|
|poke|p2|Torkoal, L50, F|
|poke|p2|Lilligant-Hisui, L50, F|
|poke|p2|Armarouge, L50, M|
|poke|p2|Indeedee-F, L50, F|
|poke|p2|Gallade, L50, M|
|poke|p2|Ursaluna, L50, F|
|teampreview|4
|showteam|p1|Amoonguss||RockyHelmet|Regenerator|Spore,RagePowder,PollenPuff,ClearSmog|||M|||50|,,,,,Water]Incineroar||SafetyGoggles|Intimidate|FakeOut,FlareBlitz,KnockOff,PartingShot|||M|||50|,,,,,Ghost]Pelipper||FocusSash|Drizzle|Hurricane,MuddyWater,WideGuard,Tailwind|||M|||50|,,,,,Ghost]Basculegion||LifeOrb|SwiftSwim|WaveCrash,LastRespects,AquaJet,Protect|||M|||50|,,,,,Grass]Archaludon||AssaultVest|Stamina|FlashCannon,DracoMeteor,ElectroShot,BodyPress|||M|||50|,,,,,Fighting]Maushold-Four||WideLens|Technician|PopulationBomb,Taunt,FollowMe,Protect||||||50|,,,,,Ghost
|showteam|p2|Torkoal||Charcoal|Drought|Eruption,Flamethrower,ClearSmog,Protect|||F|||50|,,,,,Fire]Lilligant-Hisui||FocusSash|Chlorophyll|SleepPowder,CloseCombat,Encore,AfterYou|||F|||50|,,,,,Ghost]Armarouge||LifeOrb|FlashFire|ExpandingForce,ArmorCannon,WideGuard,TrickRoom|||M|||50|,,,,,Grass]Indeedee-F||SafetyGoggles|PsychicSurge|FollowMe,HelpingHand,FakeOut,TrickRoom|||F|||50|,,,,,Steel]Gallade||ClearAmulet|Sharpness|SacredSword,NightSlash,DestinyBond,TrickRoom|||M|||50|,,,,,Dark]Ursaluna||FlameOrb|Guts|Facade,HeadlongRush,Earthquake,Protect|||F|||50|,,,,,Ghost
|inactive|Battle timer is ON: inactive players will automatically lose when time's up. (requested by EXHOUL)
|inactive|caZISA has 60 seconds left.
|
|t:|1757681064
|teamsize|p1|4
|teamsize|p2|4
|start
|switch|p1a: Ochurus|Maushold-Four, L50|100/100
|switch|p1b: Sporini|Amoonguss, L50, M|100/100
|switch|p2a: Indeedee|Indeedee-F, L50, F|100/100
|switch|p2b: Armarouge|Armarouge, L50, M|100/100
|-fieldstart|move: Psychic Terrain|[from] ability: Psychic Surge|[of] p2a: Indeedee
|turn|1
|
|t:|1757681073
|-terastallize|p2a: Indeedee|Steel
|move|p2a: Indeedee|Follow Me|p2a: Indeedee
|-singleturn|p2a: Indeedee|move: Follow Me
|move|p1a: Ochurus|Population Bomb|p2a: Indeedee
|-resisted|p2a: Indeedee
|-damage|p2a: Indeedee|94/100
|-resisted|p2a: Indeedee
|-damage|p2a: Indeedee|89/100
|-resisted|p2a: Indeedee
|-damage|p2a: Indeedee|84/100
|-resisted|p2a: Indeedee
|-damage|p2a: Indeedee|78/100
|-resisted|p2a: Indeedee
|-damage|p2a: Indeedee|73/100
|-resisted|p2a: Indeedee
|-damage|p2a: Indeedee|67/100
|-resisted|p2a: Indeedee
|-damage|p2a: Indeedee|62/100
|-resisted|p2a: Indeedee
|-damage|p2a: Indeedee|56/100
|-resisted|p2a: Indeedee
|-damage|p2a: Indeedee|50/100
|-resisted|p2a: Indeedee
|-damage|p2a: Indeedee|45/100
|-hitcount|p2a: Indeedee|10
|move|p1b: Sporini|Spore|p2a: Indeedee
|-activate|p2a: Indeedee|item: Safety Goggles|Spore
|move|p2b: Armarouge|Trick Room|p2b: Armarouge
|-fieldstart|move: Trick Room|[of] p2b: Armarouge
|
|upkeep
|turn|2
|
|t:|1757681084
|switch|p1b: Tigre Toño|Incineroar, L50, M, shiny|100/100
|-ability|p1b: Tigre Toño|Intimidate|boost
|-unboost|p2a: Indeedee|atk|1
|-unboost|p2b: Armarouge|atk|1
|move|p1a: Ochurus|Protect|p1a: Ochurus
|-singleturn|p1a: Ochurus|Protect
|move|p2a: Indeedee|Follow Me|p2a: Indeedee
|-singleturn|p2a: Indeedee|move: Follow Me
|move|p2b: Armarouge|Expanding Force|p1b: Tigre Toño|[spread] 
|-activate|p1a: Ochurus|move: Protect
|-immune|p1b: Tigre Toño
|
|upkeep
|turn|3
|
|t:|1757681097
|switch|p2a: Gallade|Gallade, L50, M|100/100
|move|p2b: Armarouge|Expanding Force|p1a: Ochurus|[spread] p1a
|-immune|p1b: Tigre Toño
|-damage|p1a: Ochurus|0 fnt
|faint|p1a: Ochurus
|-damage|p2b: Armarouge|91/100|[from] item: Life Orb
|move|p1b: Tigre Toño|Knock Off|p2b: Armarouge
|-supereffective|p2b: Armarouge
|-damage|p2b: Armarouge|0 fnt
|-enditem|p2b: Armarouge|Life Orb|[from] move: Knock Off|[of] p1b: Tigre Toño
|faint|p2b: Armarouge
|
|upkeep
|
|t:|1757681110
|switch|p2b: Torkoal|Torkoal, L50, F|100/100
|switch|p1a: Sporini|Amoonguss, L50, M|100/100
|-weather|SunnyDay|[from] ability: Drought|[of] p2b: Torkoal
|turn|4
|
|t:|1757681128
|switch|p2b: Indeedee|Indeedee-F, L50, F, tera:Steel|45/100
|switch|p1b: Nigel|Pelipper, L50, M|100/100
|-weather|RainDance|[from] ability: Drizzle|[of] p1b: Nigel
|-terastallize|p1a: Sporini|Water
|move|p1a: Sporini|Spore|p2b: Indeedee
|-activate|p2b: Indeedee|item: Safety Goggles|Spore
|move|p2a: Gallade|Sacred Sword|p1a: Sporini
|-damage|p1a: Sporini|44/100
|-damage|p2a: Gallade|84/100|[from] item: Rocky Helmet|[of] p1a: Sporini
|
|-weather|RainDance|[upkeep]
|upkeep
|turn|5
|
|t:|1757681149
|move|p2b: Indeedee|Follow Me|p2b: Indeedee
|-singleturn|p2b: Indeedee|move: Follow Me
|move|p1a: Sporini|Spore|p2b: Indeedee
|-activate|p2b: Indeedee|item: Safety Goggles|Spore
|move|p2a: Gallade|Destiny Bond|p2a: Gallade
|-singlemove|p2a: Gallade|Destiny Bond
|move|p1b: Nigel|Muddy Water|p2a: Gallade|[spread] p2a,p2b
|-crit|p2a: Gallade
|-damage|p2a: Gallade|27/100
|-damage|p2b: Indeedee|7/100
|-unboost|p2b: Indeedee|accuracy|1
|
|-weather|RainDance|[upkeep]
|-fieldend|move: Trick Room
|-fieldend|move: Psychic Terrain
|upkeep
|turn|6
|
|t:|1757681164
|switch|p1a: Tigre Toño|Incineroar, L50, M, shiny|100/100
|-ability|p1a: Tigre Toño|Intimidate|boost
|-fail|p2a: Gallade|unboost|[from] item: Clear Amulet|[of] p2a: Gallade
|-unboost|p2b: Indeedee|atk|1
|move|p2b: Indeedee|Follow Me|p2b: Indeedee
|-singleturn|p2b: Indeedee|move: Follow Me
|move|p1b: Nigel|Muddy Water|p2a: Gallade|[spread] p2a,p2b
|-damage|p2a: Gallade|0 fnt
|-damage|p2b: Indeedee|0 fnt
|faint|p2a: Gallade
|-activate|p2a: Gallade|move: Destiny Bond
|faint|p2b: Indeedee
|faint|p1b: Nigel
|
|-weather|RainDance|[upkeep]
|upkeep
|
|t:|1757681176
|switch|p1b: Sporini|Amoonguss, L50, M, tera:Water|77/100
|switch|p2b: Torkoal|Torkoal, L50, F|100/100
|-weather|SunnyDay|[from] ability: Drought|[of] p2b: Torkoal
|turn|7
|
|t:|1757681184
|move|p2b: Torkoal|Protect|p2b: Torkoal
|-singleturn|p2b: Torkoal|Protect
|move|p1a: Tigre Toño|Fake Out|p2b: Torkoal
|-activate|p2b: Torkoal|move: Protect
|move|p1b: Sporini|Spore|p2b: Torkoal
|-activate|p2b: Torkoal|move: Protect
|
|-weather|SunnyDay|[upkeep]
|upkeep
|turn|8
|
|t:|1757681191
|move|p1a: Tigre Toño|Knock Off|p2b: Torkoal
|-damage|p2b: Torkoal|68/100
|-enditem|p2b: Torkoal|Charcoal|[from] move: Knock Off|[of] p1a: Tigre Toño
|move|p1b: Sporini|Spore|p2b: Torkoal
|-status|p2b: Torkoal|slp|[from] move: Spore
|cant|p2b: Torkoal|slp
|
|-weather|SunnyDay|[upkeep]
|upkeep
|turn|9
|
|t:|1757681205
|move|p1a: Tigre Toño|Flare Blitz|p2b: Torkoal
|-resisted|p2b: Torkoal
|-damage|p2b: Torkoal|37/100 slp
|-damage|p1a: Tigre Toño|92/100|[from] Recoil
|move|p1b: Sporini|Clear Smog|p2b: Torkoal
|-damage|p2b: Torkoal|16/100 slp
|-clearboost|p2b: Torkoal
|cant|p2b: Torkoal|slp
|
|-weather|SunnyDay|[upkeep]
|upkeep
|turn|10
|
|t:|1757681220
|move|p1a: Tigre Toño|Flare Blitz|p2b: Torkoal
|-resisted|p2b: Torkoal
|-damage|p2b: Torkoal|0 fnt
|faint|p2b: Torkoal
|-damage|p1a: Tigre Toño|87/100|[from] Recoil
|
|win|caZISA
||caZISA is ready for game 2.
|l|☆EXHOUL
|player|p2|
|inactive|EXHOUL has 30 seconds to confirm battle start!
||EXHOUL is ready for game 2.
|uhtml|next|Next: Game 2 of 3
