|j|☆Daniw9
|j|☆Tractie
|html|Daniw9Tractie    
|uhtml|bestof|Game 1 of a best-of-3
|t:|1757111075
|gametype|doubles
|player|p1|Daniw9|169|1226
|player|p2|Tractie|170|1327
|gen|9
|tier|[Gen 9] VGC 2025 Reg H (Bo3)
|rated|
|rule|Species Clause: Limit one of each Pokémon
|rule|Item Clause: Limit 1 of each item
|clearpoke
|poke|p1|Garchomp, L50, M|
|poke|p1|Tyranitar, L50, F|
|poke|p1|Indeedee-F, L50, F|
|poke|p1|Gardevoir, L50, F|
|poke|p1|Annihilape, L50, F|
|poke|p1|Talonflame, L50, F|
|poke|p2|Gothitelle, L50, F|
|poke|p2|Dondozo, L50, F|
|poke|p2|Kingambit, L50, F|
|poke|p2|Incineroar, L50, F|
|poke|p2|Amoonguss, L50, M|
|poke|p2|Zoroark-Hisui, L50, M|
|teampreview|4
|showteam|p1|Garchomp||ClearAmulet|SandVeil|Earthquake,StompingTantrum,Protect,DragonClaw|||M|||50|,,,,,Steel]Tyranitar||AssaultVest|SandStream|RockSlide,TeraBlast,KnockOff,LowKick|||F|||50|,,,,,Flying]Indeedee-F||SafetyGoggles|PsychicSurge|DazzlingGleam,TrickRoom,FollowMe,HelpingHand|||F|||50|,,,,,Water]Gardevoir||ChoiceScarf|Telepathy|IcyWind,Moonblast,ExpandingForce,MysticalFire|||F|||50|,,,,,Fire]Annihilape||SitrusBerry|Defiant|CloseCombat,RageFist,Coaching,FinalGambit|||F|||50|,,,,,Grass]Talonflame||CovertCloak|GaleWings|Tailwind,DualWingbeat,FlareBlitz,Taunt|||F|||50|,,,,,Flying
|showteam|p2|Gothitelle||SitrusBerry|ShadowTag|FakeOut,Psychic,TrickRoom,Protect|||F|||50|,,,,,Water]Dondozo||Leftovers|Unaware|WaveCrash,BodyPress,Yawn,Protect|||F|||50|,,,,,Electric]Kingambit||BlackGlasses|Defiant|SuckerPunch,KowtowCleave,SwordsDance,Protect|||F|||50|,,,,,Dark]Incineroar||SafetyGoggles|Intimidate|FakeOut,FlareBlitz,KnockOff,PartingShot|||F|||50|,,,,,Ghost]Amoonguss||RockyHelmet|Regenerator|Spore,RagePowder,PollenPuff,Protect|||M|||50|,,,,,Fairy]Zoroark-Hisui||LifeOrb|Illusion|ShadowBall,TeraBlast,FocusBlast,Protect|||M|||50|,,,,,Stellar
|inactive|Battle timer is ON: inactive players will automatically lose when time's up. (requested by Tractie)
|inactive|Daniw9 has 60 seconds left.
|inactive|Tractie has 60 seconds left.
|inactive|Tractie has 30 seconds left.
|inactive|Tractie has 20 seconds left.
|inactive|Tractie has 15 seconds left.
|
|t:|1757111154
|teamsize|p1|4
|teamsize|p2|4
|start
|switch|p1a: Garchomp|Garchomp, L50, M|100/100
|switch|p1b: Talonflame|Talonflame, L50, F|100/100
|switch|p2a: Gothitelle|Gothitelle, L50, F|100/100
|switch|p2b: Dondozo|Dondozo, L50, F|100/100
|turn|1
|
|t:|1757111171
|switch|p2b: Incineroar|Incineroar, L50, F|100/100
|-ability|p2b: Incineroar|Intimidate|boost
|-fail|p1a: Garchomp|unboost|[from] item: Clear Amulet|[of] p1a: Garchomp
|-unboost|p1b: Talonflame|atk|1
|move|p1a: Garchomp|Protect|p1a: Garchomp
|-singleturn|p1a: Garchomp|Protect
|move|p2a: Gothitelle|Protect|p2a: Gothitelle
|-singleturn|p2a: Gothitelle|Protect
|move|p1b: Talonflame|Taunt|p2b: Incineroar
|-start|p2b: Incineroar|move: Taunt
|
|upkeep
|turn|2
|inactive|Tractie has 30 seconds left.
|inactive|Tractie has 20 seconds left.
|
|t:|1757111207
|-terastallize|p2b: Incineroar|Ghost
|move|p1b: Talonflame|Tailwind|p1b: Talonflame
|-sidestart|p1: Daniw9|move: Tailwind
|move|p1a: Garchomp|Earthquake|p2a: Gothitelle|[spread] p2a,p2b
|-immune|p1b: Talonflame
|-damage|p2a: Gothitelle|61/100
|-damage|p2b: Incineroar|55/100
|move|p2a: Gothitelle|Psychic|p1a: Garchomp
|-damage|p1a: Garchomp|68/100
|move|p2b: Incineroar|Knock Off|p1a: Garchomp
|-damage|p1a: Garchomp|26/100
|-enditem|p1a: Garchomp|Clear Amulet|[from] move: Knock Off|[of] p2b: Incineroar
|
|upkeep
|turn|3
|inactive|Tractie has 30 seconds left.
|inactive|Daniw9 has 30 seconds left.
|inactive|Tractie has 20 seconds left.
|inactive|Tractie has 15 seconds left.
|inactive|Tractie has 10 seconds left.
|inactive|Tractie has 5 seconds left.
|
|t:|1757111259
|move|p1b: Talonflame|Flare Blitz|p2a: Gothitelle
|-damage|p2a: Gothitelle|35/100
|-enditem|p2a: Gothitelle|Sitrus Berry|[eat]
|-heal|p2a: Gothitelle|60/100|[from] item: Sitrus Berry
|-damage|p1b: Talonflame|91/100|[from] Recoil
|move|p1a: Garchomp|Earthquake|p2b: Incineroar|[spread] p2a,p2b
|-immune|p1b: Talonflame
|-damage|p2a: Gothitelle|20/100
|-damage|p2b: Incineroar|16/100
|move|p2b: Incineroar|Knock Off|p1a: Garchomp
|-damage|p1a: Garchomp|0 fnt
|faint|p1a: Garchomp
|move|p2a: Gothitelle|Trick Room|p2a: Gothitelle
|-fieldstart|move: Trick Room|[of] p2a: Gothitelle
|
|-end|p2b: Incineroar|move: Taunt
|upkeep
|
|t:|1757111268
|switch|p1a: Tyranitar|Tyranitar, L50, F|100/100
|-weather|Sandstorm|[from] ability: Sand Stream|[of] p1a: Tyranitar
|turn|4
|
|t:|1757111292
|switch|p2b: Dondozo|Dondozo, L50, F|100/100
|move|p2a: Gothitelle|Protect|p2a: Gothitelle
|-singleturn|p2a: Gothitelle|Protect
|move|p1a: Tyranitar|Rock Slide|p2a: Gothitelle|[spread] p2b
|-activate|p2a: Gothitelle|move: Protect
|-damage|p2b: Dondozo|82/100
|move|p1b: Talonflame|Dual Wingbeat|p2a: Gothitelle
|-activate|p2a: Gothitelle|move: Protect
|
|-weather|Sandstorm|[upkeep]
|-damage|p2b: Dondozo|75/100|[from] Sandstorm
|-damage|p2a: Gothitelle|14/100|[from] Sandstorm
|-damage|p1b: Talonflame|85/100|[from] Sandstorm
|-heal|p2b: Dondozo|82/100|[from] item: Leftovers
|upkeep
|turn|5
|
|t:|1757111314
|-terastallize|p1a: Tyranitar|Flying
|move|p2b: Dondozo|Wave Crash|p1b: Talonflame
|-supereffective|p1b: Talonflame
|-damage|p1b: Talonflame|0 fnt
|faint|p1b: Talonflame
|-damage|p2b: Dondozo|64/100|[from] Recoil
|move|p2a: Gothitelle|Psychic|p1a: Tyranitar
|-damage|p1a: Tyranitar|82/100
|move|p1a: Tyranitar|Knock Off|p2b: Dondozo
|-damage|p2b: Dondozo|30/100
|-enditem|p2b: Dondozo|Leftovers|[from] move: Knock Off|[of] p1a: Tyranitar
|
|-weather|Sandstorm|[upkeep]
|-damage|p2b: Dondozo|24/100|[from] Sandstorm
|-damage|p2a: Gothitelle|8/100|[from] Sandstorm
|-damage|p1a: Tyranitar|76/100|[from] Sandstorm
|-sideend|p1: Daniw9|move: Tailwind
|upkeep
|
|t:|1757111325
|switch|p1b: Indeedee|Indeedee-F, L50, F|100/100
|-fieldstart|move: Psychic Terrain|[from] ability: Psychic Surge|[of] p1b: Indeedee
|turn|6
|
|t:|1757111343
|switch|p2a: Incineroar|Incineroar, L50, F, tera:Ghost|16/100
|-ability|p2a: Incineroar|Intimidate|boost
|-unboost|p1a: Tyranitar|atk|1
|-unboost|p1b: Indeedee|atk|1
|move|p1b: Indeedee|Follow Me|p1b: Indeedee
|-singleturn|p1b: Indeedee|move: Follow Me
|move|p2b: Dondozo|Yawn|p1b: Indeedee
|-start|p1b: Indeedee|move: Yawn|[of] p2b: Dondozo
|move|p1a: Tyranitar|Rock Slide|p2a: Incineroar|[spread] p2a,p2b
|-damage|p2a: Incineroar|0 fnt
|-damage|p2b: Dondozo|3/100
|faint|p2a: Incineroar
|
|-weather|Sandstorm|[upkeep]
|-damage|p2b: Dondozo|0 fnt|[from] Sandstorm
|-damage|p1a: Tyranitar|70/100|[from] Sandstorm
|faint|p2b: Dondozo
|upkeep
|
|t:|1757111362
|switch|p2b: Gothitelle|Gothitelle, L50, F|100/100
|switch|p2a: Gothitelle|Gothitelle, L50, F|8/100
|turn|7
|inactive|Tractie has 30 seconds left.
|inactive|Tractie has 20 seconds left.
|inactive|Tractie has 15 seconds left.
|
|t:|1757111405
|move|p2b: Gothitelle|Protect|p2b: Gothitelle
|-singleturn|p2b: Gothitelle|Protect
|move|p1b: Indeedee|Dazzling Gleam|p2b: Gothitelle|[spread] p2a
|-activate|p2b: Gothitelle|move: Protect
|-damage|p2a: Gothitelle|0 fnt
|faint|p2a: Gothitelle
|move|p1a: Tyranitar|Rock Slide|p2b: Gothitelle
|-activate|p2b: Gothitelle|move: Protect
|
|-weather|Sandstorm|[upkeep]
|-damage|p1a: Tyranitar|63/100|[from] Sandstorm
|-damage|p2b: Gothitelle|94/100|[from] Sandstorm
|-end|p1b: Indeedee|move: Yawn|[silent]
|-status|p1b: Indeedee|slp
|-fieldend|move: Trick Room
|upkeep
|turn|8
|
|t:|1757111426
|move|p2b: Gothitelle|Protect||[still]
|-fail|p2b: Gothitelle
|move|p1a: Tyranitar|Knock Off|p2b: Gothitelle
|-supereffective|p2b: Gothitelle
|-damage|p2b: Gothitelle|0 fnt
|replace|p2b: Zoroark|Zoroark-Hisui, L50, M
|-end|p2b: Zoroark|Illusion
|-enditem|p2b: Zoroark|Life Orb|[from] move: Knock Off|[of] p1a: Tyranitar
|faint|p2b: Zoroark
|
|win|Daniw9
