|j|☆2BStellar
|j|☆MoliSodio
|html|2BStellarMoliSodio    
|uhtml|bestof|Game 3 of a best-of-3
|t:|1783736960
|gametype|doubles
|player|p1|2BStellar|hilbert-wonderlauncher|1113
|player|p2|MoliSodio|rosa|1140
|gen|9
|tier|[Gen 9 Champions] VGC 2026 Reg M-B (Bo3)
|rated|
|rule|Species Clause: Limit one of each Pokémon
|rule|Item Clause: Limit 1 of each item
|clearpoke
|poke|p1|Sylveon, L50, M|
|poke|p1|Incineroar, L50, M|
|poke|p1|Kingambit, L50, M|
|poke|p1|Garchomp, L50, M|
|poke|p1|Aerodactyl, L50, M|
|poke|p1|Charizard, L50, M|
|poke|p2|Sylveon, L50, M|
|poke|p2|Charizard, L50, M|
|poke|p2|Metagross, L50|
|poke|p2|Rotom-Wash, L50|
|poke|p2|Sinistcha-Masterpiece, L50|
|poke|p2|Garchomp, L50, F|
|teampreview|4
|showteam|p1|Sylveon||FairyFeather|Pixilate|Detect,HyperVoice,HyperBeam,QuickAttack|Modest||M|||50|]Incineroar||SitrusBerry|Intimidate|DarkestLariat,FlareBlitz,FakeOut,PartingShot|Impish||M|||50|]Kingambit||FocusSash|Defiant|KowtowCleave,SuckerPunch,IronHead,Protect|Adamant||M|||50|]Garchomp||LifeOrb|RoughSkin|Earthquake,DragonClaw,StompingTantrum,Protect|Jolly||M|||50|]Aerodactyl||Aerodactylite|Unnerve|RockSlide,DualWingbeat,Tailwind,WideGuard|Jolly||M|||50|]Charizard||CharizarditeY|Blaze|Protect,HeatWave,SolarBeam,WeatherBall|Modest||M|||50|
|showteam|p2|Sylveon||FairyFeather|Pixilate|QuickAttack,Detect,HyperBeam,HyperVoice|Modest||M|||50|]Charizard||CharizarditeY|Blaze|SolarBeam,HeatWave,WeatherBall,Protect|Timid||M|||50|]Metagross||Metagrossite|ClearBody|PsychicFangs,IronHead,Protect,BodyPress|Jolly|||||50|]Rotom-Wash||SitrusBerry|Levitate|WillOWisp,Thunderbolt,Protect,HydroPump|Modest|||||50|]Sinistcha-Masterpiece||KasibBerry|Hospitality|LifeDew,MatchaGotcha,StrengthSap,RagePowder|Relaxed|||||50|]Garchomp||SoftSand|RoughSkin|RockSlide,StompingTantrum,DragonClaw,Protect|Adamant||F|||50|
|inactive|Battle timer is ON: inactive players will automatically lose when time's up. (requested by MoliSodio)
|inactive|2BStellar has 60 seconds left.
|inactive|MoliSodio has 60 seconds left.
|
|t:|1783737019
|teamsize|p1|4
|teamsize|p2|4
|start
|switch|p1a: Garchomp|Garchomp, L50, M|100/100
|switch|p1b: Charizard|Charizard, L50, M|100/100
|switch|p2a: Rotom|Rotom-Wash, L50|100/100
|switch|p2b: Garchomp|Garchomp, L50, F|100/100
|turn|1
|inactive|2BStellar has 30 seconds left.
|inactive|MoliSodio has 30 seconds left.
|inactive|MoliSodio has 20 seconds left.
|inactive|2BStellar has 20 seconds left.
|inactive|MoliSodio has 15 seconds left.
|inactive|2BStellar has 15 seconds left.
|inactive|2BStellar has 10 seconds left.
|
|t:|1783737069
|detailschange|p1b: Charizard|Charizard-Mega-Y, L50, M
|-mega|p1b: Charizard|Charizard|Charizardite Y
|-weather|SunnyDay|[from] ability: Drought|[of] p1b: Charizard
|move|p1a: Garchomp|Dragon Claw|p2b: Garchomp
|-supereffective|p2b: Garchomp|1
|-damage|p2b: Garchomp|0 fnt
|-damage|p1a: Garchomp|87/100|[from] ability: Rough Skin|[of] p2b: Garchomp
|faint|p2b: Garchomp
|-damage|p1a: Garchomp|78/100|[from] item: Life Orb
|move|p1b: Charizard|Heat Wave|p2a: Rotom|[miss]
|-miss|p1b: Charizard|p2a: Rotom
|move|p2a: Rotom|Will-O-Wisp|p1a: Garchomp
|-status|p1a: Garchomp|brn
|
|-weather|SunnyDay|[upkeep]
|-damage|p1a: Garchomp|72/100 brn|[from] brn
|upkeep
|inactive|MoliSodio has 30 seconds left.
|
|t:|1783737098
|switch|p2b: Sylveon|Sylveon, L50, M|100/100
|turn|2
|
|t:|1783737117
|move|p1a: Garchomp|Earthquake|p2a: Rotom|[spread] p2b
|-immune|p1b: Charizard
|-immune|p2a: Rotom|[from] ability: Levitate
|-damage|p2b: Sylveon|73/100
|-damage|p1a: Garchomp|62/100 brn|[from] item: Life Orb
|move|p1b: Charizard|Solar Beam||[still]
|-prepare|p1b: Charizard|Solar Beam
|-anim|p1b: Charizard|Solar Beam|p2a: Rotom
|-supereffective|p2a: Rotom|1
|-damage|p2a: Rotom|1/100
|-enditem|p2a: Rotom|Sitrus Berry|[eat]
|-heal|p2a: Rotom|26/100|[from] item: Sitrus Berry
|move|p2a: Rotom|Hydro Pump|p1b: Charizard
|-supereffective|p1b: Charizard|1
|-damage|p1b: Charizard|59/100
|move|p2b: Sylveon|Hyper Voice|p1a: Garchomp|[spread] p1a,p1b
|-supereffective|p1a: Garchomp|1
|-crit|p1a: Garchomp
|-resisted|p1b: Charizard|1
|-damage|p1a: Garchomp|0 fnt
|-damage|p1b: Charizard|40/100
|faint|p1a: Garchomp
|
|-weather|SunnyDay|[upkeep]
|upkeep
|inactive|2BStellar has 30 seconds left.
|
|t:|1783737147
|switch|p1a: Kingambit|Kingambit, L50, M|100/100
|turn|3
|
|t:|1783737172
|move|p2b: Sylveon|Detect|p2b: Sylveon
|-singleturn|p2b: Sylveon|Protect
|move|p1b: Charizard|Solar Beam||[still]
|-prepare|p1b: Charizard|Solar Beam
|-anim|p1b: Charizard|Solar Beam|p2a: Rotom
|-supereffective|p2a: Rotom|1
|-damage|p2a: Rotom|0 fnt
|faint|p2a: Rotom
|move|p1a: Kingambit|Iron Head|p2b: Sylveon
|-activate|p2b: Sylveon|move: Protect
|
|-weather|SunnyDay|[upkeep]
|upkeep
|
|t:|1783737180
|switch|p2a: Metagross|Metagross, L50|100/100
|turn|4
|inactive|2BStellar has 30 seconds left.
|inactive|MoliSodio has 30 seconds left.
|inactive|MoliSodio has 20 seconds left.
|inactive|MoliSodio has 15 seconds left.
|inactive|MoliSodio has 10 seconds left.
|
|t:|1783737229
|detailschange|p2a: Metagross|Metagross-Mega, L50
|-mega|p2a: Metagross|Metagross|Metagrossite
|move|p1b: Charizard|Protect|p1b: Charizard
|-singleturn|p1b: Charizard|Protect
|move|p1a: Kingambit|Protect|p1a: Kingambit
|-singleturn|p1a: Kingambit|Protect
|move|p2b: Sylveon|Quick Attack|p1a: Kingambit
|-activate|p1a: Kingambit|move: Protect
|move|p2a: Metagross|Psychic Fangs|p1b: Charizard
|-activate|p1b: Charizard|move: Protect
|
|-weather|SunnyDay|[upkeep]
|upkeep
|turn|5
|inactive|2BStellar has 30 seconds left.
|inactive|2BStellar has 20 seconds left.
|
|t:|1783737268
|move|p2b: Sylveon|Quick Attack|p1a: Kingambit
|-damage|p1a: Kingambit|88/100
|move|p2a: Metagross|Body Press|p1a: Kingambit
|-supereffective|p1a: Kingambit|2
|-damage|p1a: Kingambit|0 fnt
|faint|p1a: Kingambit
|move|p1b: Charizard|Heat Wave|p2a: Metagross|[spread] p2a,p2b
|-supereffective|p2a: Metagross|1
|-damage|p2a: Metagross|0 fnt
|-damage|p2b: Sylveon|25/100
|faint|p2a: Metagross
|
|-weather|none
|upkeep
|
|t:|1783737276
|switch|p1a: Sylveon|Sylveon, L50, M|100/100
|turn|6
|-message|MoliSodio forfeited.
|
|win|2BStellar
|raw|2BStellar's rating: 1113 → 1140(+27 for winning)
|raw|MoliSodio's rating: 1140 → 1113(-27 for losing)
|c|☆2BStellar|gg
