|j|☆Mario3x
|j|☆Lab01JNEST
|html|Mario3xLab01JNEST    
|uhtml|bestof|Game 2 of a best-of-3
|t:|1757686905
|gametype|doubles
|player|p1|Mario3x|170|1214
|player|p2|Lab01JNEST|266|1215
|gen|9
|tier|[Gen 9] VGC 2025 Reg H (Bo3)
|rated|
|rule|Species Clause: Limit one of each Pokémon
|rule|Item Clause: Limit 1 of each item
|clearpoke
|poke|p1|Whimsicott, L50, M|
|poke|p1|Ursaluna-Bloodmoon, L50, M|
|poke|p1|Annihilape, L50, M|
|poke|p1|Incineroar, L50, F|
|poke|p1|Charizard, L50, F|
|poke|p1|Rillaboom, L50, F|
|poke|p2|Tyranitar, L50, F|
|poke|p2|Garchomp, L50, M|
|poke|p2|Sinistcha, L50|
|poke|p2|Dragonite, L50, M|
|poke|p2|Corviknight, L50, M|
|poke|p2|Volcarona, L50, M|
|teampreview|4
|showteam|p1|Whimsicott||FocusSash|Prankster|Moonblast,Tailwind,Encore,SunnyDay|||M|||50|,,,,,Ghost]Ursaluna-Bloodmoon||LifeOrb|MindsEye|BloodMoon,HyperVoice,EarthPower,Protect|||M|||50|,,,,,Poison]Annihilape||Leftovers|Defiant|DrainPunch,RageFist,BulkUp,Protect|||M|||50|,,,,,Water]Incineroar||SafetyGoggles|Intimidate|FakeOut,FlareBlitz,KnockOff,PartingShot|||F|||50|,,,,,Ghost]Charizard||ChoiceSpecs|SolarPower|WeatherBall,HeatWave,Overheat,AirSlash|||F|||50|,,,,,Fire]Rillaboom||AssaultVest|GrassySurge|FakeOut,WoodHammer,HighHorsepower,GrassyGlide|||F|||50|,,,,,Water
|showteam|p2|Tyranitar||AssaultVest|SandStream|RockSlide,KnockOff,TeraBlast,LowKick|||F|||50|,,,,,Flying]Garchomp||LifeOrb|RoughSkin|Protect,DragonClaw,StompingTantrum,Earthquake|||M|||50|,,,,,Ground]Sinistcha||RockyHelmet|Hospitality|MatchaGotcha,LifeDew,TrickRoom,RagePowder||||||50|,,,,,Dark]Dragonite||ChoiceBand|InnerFocus|Outrage,ExtremeSpeed,IceSpinner,AerialAce|||M|||50|,,,,,Normal]Corviknight||SitrusBerry|MirrorArmor|Tailwind,BulkUp,Roost,BraveBird|||M|||50|,,,,,Dragon]Volcarona||Leftovers|FlameBody|FieryDance,GigaDrain,QuiverDance,Protect|||M|||50|,,,,,Dragon
|inactive|Battle timer is ON: inactive players will automatically lose when time's up. (requested by Lab01JNEST)
|
|t:|1757686935
|teamsize|p1|4
|teamsize|p2|4
|start
|switch|p1a: Charizard|Charizard, L50, F, shiny|100/100
|switch|p1b: Whimsicott|Whimsicott, L50, M|100/100
|switch|p2a: Volcarona|Volcarona, L50, M|100/100
|switch|p2b: Tyranitar|Tyranitar, L50, F|100/100
|-weather|Sandstorm|[from] ability: Sand Stream|[of] p2b: Tyranitar
|turn|1
|
|t:|1757686951
|switch|p1a: Annihilape|Annihilape, L50, M|100/100
|move|p2a: Volcarona|Protect|p2a: Volcarona
|-singleturn|p2a: Volcarona|Protect
|move|p1b: Whimsicott|Moonblast|p2b: Tyranitar
|-supereffective|p2b: Tyranitar
|-damage|p2b: Tyranitar|72/100
|move|p2b: Tyranitar|Rock Slide|p1a: Annihilape|[spread] p1a,p1b
|-resisted|p1a: Annihilape
|-damage|p1a: Annihilape|82/100
|-damage|p1b: Whimsicott|53/100
|
|-weather|Sandstorm|[upkeep]
|-damage|p1b: Whimsicott|47/100|[from] Sandstorm
|-damage|p1a: Annihilape|76/100|[from] Sandstorm
|-damage|p2a: Volcarona|94/100|[from] Sandstorm
|-heal|p1a: Annihilape|82/100|[from] item: Leftovers
|-heal|p2a: Volcarona|100/100|[from] item: Leftovers
|upkeep
|turn|2
|
|t:|1757686971
|switch|p2a: Sinistcha|Sinistcha, L50|100/100
|-heal|p2b: Tyranitar|97/100|[from] ability: Hospitality|[of] p2a: Sinistcha
|-terastallize|p1a: Annihilape|Water
|-terastallize|p2b: Tyranitar|Flying
|move|p1b: Whimsicott|Encore||[still]
|-fail|p1b: Whimsicott
|move|p1a: Annihilape|Rage Fist|p2a: Sinistcha
|-supereffective|p2a: Sinistcha
|-damage|p2a: Sinistcha|19/100
|-damage|p1a: Annihilape|66/100|[from] item: Rocky Helmet|[of] p2a: Sinistcha
|move|p2b: Tyranitar|Tera Blast|p1a: Annihilape|[anim] Tera Blast Flying
|-damage|p1a: Annihilape|13/100
|
|-weather|Sandstorm|[upkeep]
|-damage|p1b: Whimsicott|41/100|[from] Sandstorm
|-damage|p1a: Annihilape|7/100|[from] Sandstorm
|-damage|p2b: Tyranitar|91/100|[from] Sandstorm
|-damage|p2a: Sinistcha|12/100|[from] Sandstorm
|-heal|p1a: Annihilape|13/100|[from] item: Leftovers
|upkeep
|turn|3
|inactive|Mario3x has 30 seconds left.
|
|t:|1757687000
|move|p1b: Whimsicott|Tailwind|p1b: Whimsicott
|-sidestart|p1: Mario3x|move: Tailwind
|move|p1a: Annihilape|Rage Fist|p2a: Sinistcha
|-supereffective|p2a: Sinistcha
|-damage|p2a: Sinistcha|0 fnt
|-damage|p1a: Annihilape|0 fnt|[from] item: Rocky Helmet|[of] p2a: Sinistcha
|faint|p2a: Sinistcha
|faint|p1a: Annihilape
|move|p2b: Tyranitar|Rock Slide|p1b: Whimsicott
|-crit|p1b: Whimsicott
|-damage|p1b: Whimsicott|0 fnt
|faint|p1b: Whimsicott
|
|-weather|Sandstorm|[upkeep]
|-damage|p2b: Tyranitar|85/100|[from] Sandstorm
|upkeep
|
|t:|1757687014
|switch|p1b: Ursaluna|Ursaluna-Bloodmoon, L50, M|100/100
|switch|p1a: Charizard|Charizard, L50, F, shiny|100/100
|switch|p2a: Dragonite|Dragonite, L50, M|100/100
|turn|4
|
|t:|1757687021
|move|p2a: Dragonite|Extreme Speed|p1a: Charizard
|-damage|p1a: Charizard|34/100
|move|p1a: Charizard|Heat Wave|p2b: Tyranitar|[spread] p2a,p2b
|-resisted|p2a: Dragonite
|-damage|p2a: Dragonite|74/100
|-damage|p2b: Tyranitar|55/100
|move|p1b: Ursaluna|Hyper Voice|p2b: Tyranitar|[spread] p2a,p2b
|-damage|p2a: Dragonite|22/100
|-damage|p2b: Tyranitar|24/100
|-damage|p1b: Ursaluna|91/100|[from] item: Life Orb
|move|p2b: Tyranitar|Rock Slide|p1b: Ursaluna|[spread] p1a,p1b
|-supereffective|p1a: Charizard
|-resisted|p1b: Ursaluna
|-damage|p1a: Charizard|0 fnt
|-damage|p1b: Ursaluna|78/100
|faint|p1a: Charizard
|
|-weather|Sandstorm|[upkeep]
|-damage|p2a: Dragonite|16/100|[from] Sandstorm
|-damage|p2b: Tyranitar|18/100|[from] Sandstorm
|upkeep
|turn|5
|
|t:|1757687040
|move|p2a: Dragonite|Extreme Speed|p1b: Ursaluna
|-damage|p1b: Ursaluna|38/100
|move|p1b: Ursaluna|Hyper Voice|p2a: Dragonite|[spread] p2a,p2b
|-damage|p2a: Dragonite|0 fnt
|-damage|p2b: Tyranitar|0 fnt
|faint|p2a: Dragonite
|faint|p2b: Tyranitar
|-damage|p1b: Ursaluna|28/100|[from] item: Life Orb
|
|-weather|none
|upkeep
|
|t:|1757687046
|switch|p2b: Volcarona|Volcarona, L50, M|100/100
|turn|6
|
|t:|1757687053
|move|p2b: Volcarona|Protect|p2b: Volcarona
|-singleturn|p2b: Volcarona|Protect
|move|p1b: Ursaluna|Hyper Voice|p2b: Volcarona
|-activate|p2b: Volcarona|move: Protect
|
|-sideend|p1: Mario3x|move: Tailwind
|upkeep
|turn|7
|
|t:|1757687061
|move|p2b: Volcarona|Giga Drain|p1b: Ursaluna
|-supereffective|p1b: Ursaluna
|-damage|p1b: Ursaluna|0 fnt
|faint|p1b: Ursaluna
|
|win|Lab01JNEST
|raw|Mario3x's rating: 1214 → 1189(-25 for losing)
|raw|Lab01JNEST's rating: 1215 → 1240(+25 for winning)
|l|☆Mario3x
|player|p1|
