|j|☆grandsabersharkrai
|j|☆ming0mang0
|html|grandsabersharkraiming0mang0    
|uhtml|bestof|Game 2 of a best-of-3
|t:|1756705809
|gametype|doubles
|player|p1|grandsabersharkrai|265|1084
|player|p2|ming0mang0|harlequin|1024
|gen|9
|tier|[Gen 9] VGC 2025 Reg H (Bo3)
|rated|
|rule|Species Clause: Limit one of each Pokémon
|rule|Item Clause: Limit 1 of each item
|clearpoke
|poke|p1|Dragonite, L50, F|
|poke|p1|Gholdengo, L50|
|poke|p1|Rillaboom, L50, M|
|poke|p1|Ursaluna-Bloodmoon, L50, M|
|poke|p1|Maushold-Four, L50|
|poke|p1|Annihilape, L50, M|
|poke|p2|Incineroar, L50, M|
|poke|p2|Porygon2, L50|
|poke|p2|Amoonguss, L50, F|
|poke|p2|Ursaluna, L50, M|
|poke|p2|Gholdengo, L50|
|poke|p2|Tyranitar, L50, F|
|teampreview|4
|showteam|p1|Dragonite||LoadedDice|Multiscale|Protect,ScaleShot,Haze,Tailwind|||F|||50|,,,,,Fairy]Gholdengo||LifeOrb|GoodasGold|Protect,MakeItRain,ShadowBall,NastyPlot||||||50|,,,,,Water]Rillaboom||MiracleSeed|GrassySurge|WoodHammer,GrassyGlide,FakeOut,HighHorsepower|||M|||50|,,,,,Fire]Ursaluna-Bloodmoon||AssaultVest|MindsEye|EarthPower,BloodMoon,HyperVoice,VacuumWave|||M|||50|,,,,,Water]Maushold-Four||FocusSash|FriendGuard|Protect,SuperFang,BeatUp,FollowMe||||||50|,,,,,Ghost]Annihilape||SitrusBerry|Defiant|Protect,DrainPunch,RageFist,BulkUp|||M|||50|,,,,,Fire
|showteam|p2|Incineroar||SafetyGoggles|Intimidate|FlareBlitz,KnockOff,FakeOut,PartingShot|||M|||50|,,,,,Ghost]Porygon2||Eviolite|Download|TeraBlast,IceBeam,Recover,TrickRoom||||||50|,,,,,Fighting]Amoonguss||CovertCloak|Regenerator|RagePowder,Spore,PollenPuff,ClearSmog|||F|||50|,,,,,Fairy]Ursaluna||FlameOrb|Guts|Facade,HeadlongRush,Earthquake,Protect|||M|||50|,,,,,Ghost]Gholdengo||LifeOrb|GoodasGold|MakeItRain,ShadowBall,NastyPlot,Protect||||||50|,,,,,Water]Tyranitar||AssaultVest|SandStream|RockSlide,KnockOff,LowKick,TeraBlast|||F|||50|,,,,,Flying
|
|t:|1756705886
|teamsize|p1|4
|teamsize|p2|4
|start
|switch|p1a: Annihilape|Annihilape, L50, M|100/100
|switch|p1b: Ursaluna|Ursaluna-Bloodmoon, L50, M|100/100
|switch|p2a: Porygon2|Porygon2, L50|100/100
|switch|p2b: Amoonguss|Amoonguss, L50, F|100/100
|-ability|p2a: Porygon2|Download|boost
|-boost|p2a: Porygon2|spa|1
|turn|1
|inactive|Battle timer is ON: inactive players will automatically lose when time's up. (requested by grandsabersharkrai)
|inactive|grandsabersharkrai has 60 seconds left.
|inactive|ming0mang0 has 60 seconds left.
|
|t:|1756705926
|move|p1a: Annihilape|Bulk Up|p1a: Annihilape
|-boost|p1a: Annihilape|atk|1
|-boost|p1a: Annihilape|def|1
|move|p1b: Ursaluna|Blood Moon|p2a: Porygon2
|-damage|p2a: Porygon2|44/100
|move|p2b: Amoonguss|Spore|p1a: Annihilape
|-status|p1a: Annihilape|slp|[from] move: Spore
|move|p2a: Porygon2|Trick Room|p2a: Porygon2
|-fieldstart|move: Trick Room|[of] p2a: Porygon2
|
|upkeep
|turn|2
|inactive|grandsabersharkrai has 30 seconds left.
|
|t:|1756705955
|-terastallize|p1b: Ursaluna|Water
|move|p1b: Ursaluna|Vacuum Wave|p2a: Porygon2
|-supereffective|p2a: Porygon2
|-damage|p2a: Porygon2|23/100
|move|p2b: Amoonguss|Spore|p1b: Ursaluna
|-status|p1b: Ursaluna|slp|[from] move: Spore
|move|p2a: Porygon2|Recover|p2a: Porygon2
|-heal|p2a: Porygon2|73/100
|cant|p1a: Annihilape|slp
|
|upkeep
|turn|3
|inactive|ming0mang0 has 30 seconds left.
|inactive|grandsabersharkrai has 30 seconds left.
|
|t:|1756705988
|switch|p2a: Ursaluna|Ursaluna, L50, M|100/100
|-curestatus|p1a: Annihilape|slp|[msg]
|move|p1a: Annihilape|Protect|p1a: Annihilape
|-singleturn|p1a: Annihilape|Protect
|cant|p1b: Ursaluna|slp
|move|p2b: Amoonguss|Clear Smog|p1a: Annihilape
|-activate|p1a: Annihilape|move: Protect
|
|-status|p2a: Ursaluna|brn|[from] item: Flame Orb
|upkeep
|turn|4
|inactive|grandsabersharkrai has 30 seconds left.
|inactive|ming0mang0 has 30 seconds left.
|inactive|ming0mang0 has 20 seconds left.
|inactive|ming0mang0 has 15 seconds left.
|inactive|ming0mang0 has 10 seconds left.
|
|t:|1756706036
|move|p2a: Ursaluna|Facade|p1b: Ursaluna
|-damage|p1b: Ursaluna|4/100 slp
|move|p2b: Amoonguss|Spore|p1a: Annihilape
|-status|p1a: Annihilape|slp|[from] move: Spore
|-curestatus|p1b: Ursaluna|slp|[msg]
|move|p1b: Ursaluna|Blood Moon|p2a: Ursaluna
|-damage|p2a: Ursaluna|37/100 brn
|cant|p1a: Annihilape|slp
|
|-damage|p2a: Ursaluna|31/100 brn|[from] brn
|upkeep
|turn|5
|inactive|ming0mang0 has 30 seconds left.
|
|t:|1756706069
|-curestatus|p1a: Annihilape|slp|[msg]
|move|p1a: Annihilape|Protect|p1a: Annihilape
|-singleturn|p1a: Annihilape|Protect
|move|p1b: Ursaluna|Vacuum Wave|p2a: Ursaluna
|-supereffective|p2a: Ursaluna
|-damage|p2a: Ursaluna|4/100 brn
|move|p2a: Ursaluna|Earthquake|p1b: Ursaluna|[spread] p2b,p1b
|-activate|p1a: Annihilape|move: Protect
|-damage|p2b: Amoonguss|39/100
|-damage|p1b: Ursaluna|0 fnt
|faint|p1b: Ursaluna
|move|p2b: Amoonguss|Clear Smog|p1a: Annihilape
|-activate|p1a: Annihilape|move: Protect
|
|-damage|p2a: Ursaluna|0 fnt|[from] brn
|faint|p2a: Ursaluna
|-fieldend|move: Trick Room
|upkeep
|inactive|ming0mang0 has 30 seconds left.
|inactive|ming0mang0 has 20 seconds left.
|
|t:|1756706106
|switch|p1b: Maushold|Maushold-Four, L50|100/100
|switch|p2a: Porygon2|Porygon2, L50|73/100
|-ability|p2a: Porygon2|Download|boost
|-boost|p2a: Porygon2|spa|1
|turn|6
|inactive|ming0mang0 has 30 seconds left.
|inactive|ming0mang0 has 20 seconds left.
|inactive|ming0mang0 has 15 seconds left.
|
|t:|1756706147
|move|p2b: Amoonguss|Rage Powder|p2b: Amoonguss
|-singleturn|p2b: Amoonguss|move: Rage Powder
|move|p1b: Maushold|Beat Up|p2b: Amoonguss
|-damage|p2b: Amoonguss|36/100
|-damage|p2b: Amoonguss|34/100
|-damage|p2b: Amoonguss|31/100
|-hitcount|p2b: Amoonguss|3
|move|p1a: Annihilape|Rage Fist|p2b: Amoonguss
|-damage|p2b: Amoonguss|0 fnt
|faint|p2b: Amoonguss
|move|p2a: Porygon2|Trick Room|p2a: Porygon2
|-fieldstart|move: Trick Room|[of] p2a: Porygon2
|
|upkeep
|
|t:|1756706160
|switch|p2b: Gholdengo|Gholdengo, L50|100/100
|turn|7
|inactive|ming0mang0 has 30 seconds left.
|inactive|ming0mang0 has 20 seconds left.
|inactive|ming0mang0 has 15 seconds left.
|inactive|ming0mang0 has 10 seconds left.
|inactive|ming0mang0 has 5 seconds left.
|
|t:|1756706210
|-terastallize|p2b: Gholdengo|Water
|move|p1b: Maushold|Follow Me|p1b: Maushold
|-singleturn|p1b: Maushold|move: Follow Me
|move|p2a: Porygon2|Recover|p2a: Porygon2
|-heal|p2a: Porygon2|100/100
|move|p2b: Gholdengo|Nasty Plot|p2b: Gholdengo
|-boost|p2b: Gholdengo|spa|2
|move|p1a: Annihilape|Drain Punch|p2a: Porygon2
|-supereffective|p2a: Porygon2
|-damage|p2a: Porygon2|38/100
|
|upkeep
|turn|8
|inactive|grandsabersharkrai has 30 seconds left.
|inactive|ming0mang0 has 30 seconds left.
|inactive|grandsabersharkrai has 20 seconds left.
|inactive|ming0mang0 has 20 seconds left.
|
|t:|1756706248
|move|p1b: Maushold|Follow Me|p1b: Maushold
|-singleturn|p1b: Maushold|move: Follow Me
|move|p2a: Porygon2|Ice Beam|p1b: Maushold
|-damage|p1b: Maushold|50/100
|move|p2b: Gholdengo|Shadow Ball|p1b: Maushold
|-immune|p1b: Maushold
|move|p1a: Annihilape|Drain Punch|p2a: Porygon2
|-supereffective|p2a: Porygon2
|-crit|p2a: Porygon2
|-damage|p2a: Porygon2|0 fnt
|faint|p2a: Porygon2
|
|upkeep
|turn|9
|
|t:|1756706270
|move|p1b: Maushold|Follow Me|p1b: Maushold
|-singleturn|p1b: Maushold|move: Follow Me
|move|p2b: Gholdengo|Make It Rain|p1b: Maushold|[spread] p1a,p1b
|-crit|p1a: Annihilape
|-damage|p1a: Annihilape|0 fnt
|-damage|p1b: Maushold|0 fnt
|-unboost|p2b: Gholdengo|spa|1
|faint|p1a: Annihilape
|faint|p1b: Maushold
|-damage|p2b: Gholdengo|91/100|[from] item: Life Orb
|
|upkeep
|
|t:|1756706277
|switch|p1a: Dragonite|Dragonite, L50, F|100/100
|turn|10
|
|t:|1756706287
|move|p1a: Dragonite|Protect|p1a: Dragonite
|-singleturn|p1a: Dragonite|Protect
|move|p2b: Gholdengo|Make It Rain|p1a: Dragonite
|-activate|p1a: Dragonite|move: Protect
|
|-fieldend|move: Trick Room
|upkeep
|turn|11
|inactive|grandsabersharkrai has 30 seconds left.
|inactive|grandsabersharkrai has 20 seconds left.
|
|t:|1756706324
|move|p2b: Gholdengo|Shadow Ball|p1a: Dragonite
|-damage|p1a: Dragonite|53/100
|-damage|p2b: Gholdengo|82/100|[from] item: Life Orb
|move|p1a: Dragonite|Scale Shot|p2b: Gholdengo
|-crit|p2b: Gholdengo
|-damage|p2b: Gholdengo|57/100
|-damage|p2b: Gholdengo|41/100
|-damage|p2b: Gholdengo|23/100
|-crit|p2b: Gholdengo
|-damage|p2b: Gholdengo|0 fnt
|faint|p2b: Gholdengo
|-hitcount|p2: Gholdengo|4
|
|win|grandsabersharkrai
|raw|grandsabersharkrai's rating: 1084 → 1107(+23 for winning)
|raw|ming0mang0's rating: 1024 → 1013(-11 for losing)
