|j|☆ortainee
|j|☆bricktree
|html|ortaineebricktree    
|uhtml|bestof|Game 1 of a best-of-3
|t:|1782979355
|gametype|doubles
|player|p1|ortainee|grimsley-gen7|1215
|player|p2|bricktree|2|1434
|gen|9
|tier|[Gen 9 Champions] VGC 2026 Reg M-B (Bo3)
|rated|
|rule|Species Clause: Limit one of each Pokémon
|rule|Item Clause: Limit 1 of each item
|clearpoke
|poke|p1|Charizard, L50, M, shiny|
|poke|p1|Garchomp, L50, F|
|poke|p1|Mawile, L50, M|
|poke|p1|Whimsicott, L50, F, shiny|
|poke|p1|Farigiraf, L50, F, shiny|
|poke|p1|Basculegion, L50, M|
|poke|p2|Maushold, L50|
|poke|p2|Staraptor, L50, F|
|poke|p2|Gholdengo, L50|
|poke|p2|Incineroar, L50, F|
|poke|p2|Sinistcha, L50|
|poke|p2|Ceruledge, L50, F|
|teampreview|4
|showteam|p1|Charizard||CharizarditeY|Blaze|SolarBeam,HeatWave,WeatherBall,Protect|Modest||M|||50|]Garchomp||LifeOrb|RoughSkin|Earthquake,DragonClaw,RockSlide,Protect|Jolly||F|||50|]Mawile||Mawilite|HyperCutter|PlayRough,BrickBreak,SuckerPunch,Protect|Adamant||M|||50|]Whimsicott||FocusSash|Prankster|Moonblast,Tailwind,Encore,Protect|Timid||F|||50|]Farigiraf||SitrusBerry|ArmorTail|Psychic,TrickRoom,HelpingHand,Thunderbolt|Bold||F|||50|]Basculegion||MysticWater|Adaptability|WaveCrash,LastRespects,AquaJet,Protect|Adamant||M|||50|
|showteam|p2|Maushold||FocusSash|FriendGuard|FollowMe,SuperFang,Charm,Protect|Timid|||||50|]Staraptor||Staraptite|Intimidate|CloseCombat,BraveBird,Roost,Protect|Jolly||F|||50|]Gholdengo||LifeOrb|GoodasGold|NastyPlot,MakeItRain,ShadowBall,Protect|Modest|||||50|]Incineroar||SitrusBerry|Intimidate|FakeOut,FlareBlitz,DarkestLariat,PartingShot|Impish||F|||50|]Sinistcha||KasibBerry|Hospitality|RagePowder,MatchaGotcha,TrickRoom,Protect|Bold|||||50|]Ceruledge||ColburBerry|FlashFire|SwordsDance,BitterBlade,ShadowSneak,Protect|Adamant||F|||50|
|inactive|Battle timer is ON: inactive players will automatically lose when time's up. (requested by ortainee)
|inactive|ortainee has 60 seconds left.
|inactive|bricktree has 60 seconds left.
|inactive|ortainee has 30 seconds left.
|inactive|ortainee has 20 seconds left.
|inactive|ortainee has 15 seconds left.
|
|t:|1782979434
|teamsize|p1|4
|teamsize|p2|4
|start
|switch|p1a: Whimsicott|Whimsicott, L50, F, shiny|100/100
|switch|p1b: Charizard|Charizard, L50, M, shiny|100/100
|switch|p2a: Maushold|Maushold, L50|100/100
|switch|p2b: Staraptor|Staraptor, L50, F|100/100
|-ability|p2b: Staraptor|Intimidate|boost
|-unboost|p1a: Whimsicott|atk|1
|-unboost|p1b: Charizard|atk|1
|turn|1
|
|t:|1782979455
|switch|p2b: Ceruledge|Ceruledge, L50, F|100/100
|detailschange|p1b: Charizard|Charizard-Mega-Y, L50, M, shiny
|-mega|p1b: Charizard|Charizard|Charizardite Y
|-weather|SunnyDay|[from] ability: Drought|[of] p1b: Charizard
|move|p2a: Maushold|Protect|p2a: Maushold
|-singleturn|p2a: Maushold|Protect
|move|p1a: Whimsicott|Tailwind|p1a: Whimsicott
|-sidestart|p1: ortainee|move: Tailwind
|move|p1b: Charizard|Heat Wave|p2a: Maushold|[spread] 
|-activate|p2a: Maushold|move: Protect
|-start|p2b: Ceruledge|ability: Flash Fire
|
|-weather|SunnyDay|[upkeep]
|upkeep
|turn|2
|
|t:|1782979477
|move|p1a: Whimsicott|Protect|p1a: Whimsicott
|-singleturn|p1a: Whimsicott|Protect
|move|p1b: Charizard|Weather Ball|p2a: Maushold
|-enditem|p2a: Maushold|Focus Sash
|-damage|p2a: Maushold|1/100
|move|p2a: Maushold|Super Fang|p1b: Charizard
|-damage|p1b: Charizard|50/100g
|move|p2b: Ceruledge|Bitter Blade|p1b: Charizard
|-resisted|p1b: Charizard|1
|-damage|p1b: Charizard|0 fnt
|faint|p1b: Charizard
|
|-weather|SunnyDay|[upkeep]
|upkeep
|
|t:|1782979501
|switch|p1b: Basculegion|Basculegion, L50, M|100/100
|turn|3
|
|t:|1782979510
|switch|p2a: Sinistcha|Sinistcha, L50|100/100
|-end|p2b: Ceruledge|ability: Flash Fire|[silent]
|switch|p2b: Staraptor|Staraptor, L50, F|100/100
|-ability|p2b: Staraptor|Intimidate|boost
|-unboost|p1a: Whimsicott|atk|1
|-unboost|p1b: Basculegion|atk|1
|move|p1a: Whimsicott|Moonblast|p2a: Sinistcha
|-damage|p2a: Sinistcha|62/100
|move|p1b: Basculegion|Wave Crash|p2b: Staraptor
|-damage|p2b: Staraptor|63/100
|-damage|p1b: Basculegion|89/100|[from] Recoil
|
|-weather|SunnyDay|[upkeep]
|upkeep
|turn|4
|inactive|ortainee has 30 seconds left.
|inactive|bricktree has 30 seconds left.
|inactive|bricktree has 20 seconds left.
|
|t:|1782979545
|switch|p2b: Maushold|Maushold, L50|1/100
|move|p1a: Whimsicott|Moonblast|p2a: Sinistcha
|-damage|p2a: Sinistcha|35/100
|-unboost|p2a: Sinistcha|spa|1
|move|p1b: Basculegion|Last Respects|p2a: Sinistcha
|-supereffective|p2a: Sinistcha|1
|-enditem|p2a: Sinistcha|Kasib Berry|[eat]
|-enditem|p2a: Sinistcha|Kasib Berry|[weaken]
|-damage|p2a: Sinistcha|10/100
|move|p2a: Sinistcha|Matcha Gotcha|p1b: Basculegion|[spread] p1b
|-miss|p2a: Sinistcha|p1a: Whimsicott
|-supereffective|p1b: Basculegion|1
|-damage|p1b: Basculegion|57/100
|-heal|p2a: Sinistcha|29/100|[from] drain|[of] p1b: Basculegion
|
|-weather|SunnyDay|[upkeep]
|-sideend|p1: ortainee|move: Tailwind
|upkeep
|turn|5
|inactive|ortainee has 30 seconds left.
|inactive|bricktree has 30 seconds left.
|
|t:|1782979577
|switch|p2a: Staraptor|Staraptor, L50, F|63/100
|-ability|p2a: Staraptor|Intimidate|boost
|-unboost|p1a: Whimsicott|atk|1
|-unboost|p1b: Basculegion|atk|1
|move|p2b: Maushold|Protect|p2b: Maushold
|-singleturn|p2b: Maushold|Protect
|move|p1b: Basculegion|Aqua Jet|p2b: Maushold
|-activate|p2b: Maushold|move: Protect
|move|p1a: Whimsicott|Moonblast|p2a: Staraptor
|-damage|p2a: Staraptor|30/100
|
|-weather|none
|upkeep
|turn|6
|inactive|bricktree has 30 seconds left.
|
|t:|1782979608
|switch|p2b: Sinistcha|Sinistcha, L50|29/100
|-heal|p2a: Staraptor|55/100|[from] ability: Hospitality|[of] p2b: Sinistcha
|switch|p2a: Ceruledge|Ceruledge, L50, F|100/100
|move|p1b: Basculegion|Aqua Jet|p2b: Sinistcha
|-resisted|p2b: Sinistcha|1
|-damage|p2b: Sinistcha|23/100
|move|p1a: Whimsicott|Moonblast|p2a: Ceruledge
|-resisted|p2a: Ceruledge|1
|-damage|p2a: Ceruledge|82/100
|
|upkeep
|turn|7
|inactive|bricktree has 30 seconds left.
|
|t:|1782979637
|switch|p1b: Garchomp|Garchomp, L50, F|100/100
|move|p2b: Sinistcha|Protect|p2b: Sinistcha
|-singleturn|p2b: Sinistcha|Protect
|move|p2a: Ceruledge|Shadow Sneak|p1b: Garchomp
|-damage|p1b: Garchomp|77/100
|-damage|p2a: Ceruledge|70/100|[from] ability: Rough Skin|[of] p1b: Garchomp
|move|p1a: Whimsicott|Moonblast|p2b: Sinistcha
|-activate|p2b: Sinistcha|move: Protect
|
|upkeep
|turn|8
|
|t:|1782979659
|switch|p2a: Staraptor|Staraptor, L50, F|55/100
|-ability|p2a: Staraptor|Intimidate|boost
|-unboost|p1a: Whimsicott|atk|1
|-unboost|p1b: Garchomp|atk|1
|switch|p2b: Maushold|Maushold, L50|1/100
|move|p1a: Whimsicott|Moonblast|p2b: Maushold
|-damage|p2b: Maushold|0 fnt
|faint|p2b: Maushold
|move|p1b: Garchomp|Dragon Claw|p2a: Staraptor
|-damage|p2a: Staraptor|13/100
|-damage|p1b: Garchomp|67/100|[from] item: Life Orb
|
|upkeep
|
|t:|1782979669
|switch|p2b: Sinistcha|Sinistcha, L50|23/100
|-heal|p2a: Staraptor|38/100|[from] ability: Hospitality|[of] p2b: Sinistcha
|turn|9
|-message|bricktree forfeited.
|
|win|ortainee
