|j|☆Artere Happy
|j|☆GS Barnabe
|html|Artere HappyGS Barnabe    
|uhtml|bestof|Game 1 of a best-of-3
|t:|1785956496
|gametype|doubles
|player|p1|Artere Happy|101|1089
|player|p2|GS Barnabe|1|1192
|gen|9
|tier|[Gen 9 Champions] VGC 2026 Reg M-B (Bo3)
|rated|
|rule|Species Clause: Limit one of each Pokémon
|rule|Item Clause: Limit 1 of each item
|clearpoke
|poke|p1|Gengar, L50, F|
|poke|p1|Archaludon, L50, F|
|poke|p1|Politoed, L50, F|
|poke|p1|Swampert, L50, M|
|poke|p1|Vivillon, L50, F|
|poke|p1|Incineroar, L50, M|
|poke|p2|Clefable, L50, M|
|poke|p2|Tyranitar, L50, F|
|poke|p2|Garchomp, L50, M|
|poke|p2|Gholdengo, L50|
|poke|p2|Rotom-Wash, L50|
|poke|p2|Aerodactyl, L50, M|
|teampreview|4
|showteam|p1|Gengar||Gengarite|CursedBody|Disable,SludgeBomb,PerishSong,Protect|Modest||F|||50|]Archaludon||Leftovers|Stamina|ElectroShot,DragonPulse,FlashCannon,Protect|Bold||F|||50|]Politoed||SitrusBerry|Drizzle|WeatherBall,Encore,PerishSong,Protect|Calm||F|||50|]Swampert||Swampertite|Torrent|WaveCrash,HighHorsepower,IcePunch,Protect|Adamant||M|||50|]Vivillon||FocusSash|CompoundEyes|Hurricane,SleepPowder,RagePowder,Protect|Timid||F|||50|]Incineroar||PasshoBerry|Intimidate|ThroatChop,FakeOut,PartingShot,Protect|Impish||M|||50|
|showteam|p2|Clefable||SitrusBerry|Unaware|Moonblast,FollowMe,HealPulse,Protect|Bold||M|||50|]Tyranitar||ChoiceScarf|SandStream|RockSlide,KnockOff,IcePunch,Superpower|Jolly||F|||50|]Garchomp||Garchompite|SandVeil|DracoMeteor,EarthPower,PowerGem,Protect|Modest||M|||50|]Gholdengo||LifeOrb|GoodasGold|MakeItRain,ShadowBall,NastyPlot,Protect|Modest|||||50|]Rotom-Wash||Leftovers|Levitate|HydroPump,VoltSwitch,WillOWisp,Protect|Calm|||||50|]Aerodactyl||Aerodactylite|RockHead|RockSlide,DualWingbeat,Tailwind,Protect|Jolly||M|||50|
|j| humanbacon
|
|t:|1785956523
|teamsize|p1|4
|teamsize|p2|4
|start
|switch|p1a: Incineroar|Incineroar, L50, M|100/100
|switch|p1b: Gengar|Gengar, L50, F|100/100
|switch|p2a: Gholdengo|Gholdengo, L50|100/100
|switch|p2b: Clefable|Clefable, L50, M|100/100
|-ability|p1a: Incineroar|Intimidate|boost
|-unboost|p2a: Gholdengo|atk|1
|-unboost|p2b: Clefable|atk|1
|turn|1
|
|t:|1785956549
|detailschange|p1b: Gengar|Gengar-Mega, L50, F
|-mega|p1b: Gengar|Gengar|Gengarite
|move|p1b: Gengar|Protect|p1b: Gengar
|-singleturn|p1b: Gengar|Protect
|move|p2b: Clefable|Follow Me|p2b: Clefable
|-singleturn|p2b: Clefable|move: Follow Me
|move|p2a: Gholdengo|Shadow Ball|p1b: Gengar
|-activate|p1b: Gengar|move: Protect
|move|p1a: Incineroar|Throat Chop|p2b: Clefable
|-resisted|p2b: Clefable|1
|-damage|p2b: Clefable|86/100
|-start|p2b: Clefable|Throat Chop|[silent]
|
|upkeep
|turn|2
|
|t:|1785956569
|switch|p1b: Politoed|Politoed, L50, F|100/100
|-weather|RainDance|[from] ability: Drizzle|[of] p1b: Politoed
|move|p2b: Clefable|Follow Me|p2b: Clefable
|-singleturn|p2b: Clefable|move: Follow Me
|move|p2a: Gholdengo|Shadow Ball|p1b: Politoed
|-damage|p1b: Politoed|58/100
|-damage|p2a: Gholdengo|90/100|[from] item: Life Orb
|move|p1a: Incineroar|Throat Chop|p2b: Clefable
|-resisted|p2b: Clefable|1
|-damage|p2b: Clefable|73/100
|
|-weather|RainDance|[upkeep]
|-end|p2b: Clefable|Throat Chop|[silent]
|upkeep
|turn|3
|
|t:|1785956599
|move|p2b: Clefable|Follow Me|p2b: Clefable
|-singleturn|p2b: Clefable|move: Follow Me
|move|p2a: Gholdengo|Nasty Plot|p2a: Gholdengo
|-boost|p2a: Gholdengo|spa|2
|move|p1b: Politoed|Encore|p2b: Clefable
|-start|p2b: Clefable|Encore
|move|p1a: Incineroar|Parting Shot|p2b: Clefable
|-unboost|p2b: Clefable|atk|1
|-unboost|p2b: Clefable|spa|1
|
|t:|1785956602
|switch|p1a: Gengar|Gengar-Mega, L50, F|100/100|[from] Parting Shot
|
|-weather|RainDance|[upkeep]
|upkeep
|turn|4
|l| humanbacon
|
|t:|1785956619
|switch|p1b: Incineroar|Incineroar, L50, M|100/100
|-ability|p1b: Incineroar|Intimidate|boost
|-unboost|p2a: Gholdengo|atk|1
|-unboost|p2b: Clefable|atk|1
|move|p1a: Gengar|Protect|p1a: Gengar
|-singleturn|p1a: Gengar|Protect
|move|p2b: Clefable|Follow Me|p2b: Clefable
|-singleturn|p2b: Clefable|move: Follow Me
|move|p2a: Gholdengo|Shadow Ball|p1b: Incineroar
|-resisted|p1b: Incineroar|1
|-damage|p1b: Incineroar|61/100
|-damage|p2a: Gholdengo|80/100|[from] item: Life Orb
|
|-weather|RainDance|[upkeep]
|upkeep
|turn|5
|
|t:|1785956647
|move|p2b: Clefable|Follow Me|p2b: Clefable
|-singleturn|p2b: Clefable|move: Follow Me
|move|p1a: Gengar|Disable|p2b: Clefable
|-start|p2b: Clefable|Disable|Follow Me
|move|p2a: Gholdengo|Shadow Ball|p1a: Gengar
|-supereffective|p1a: Gengar|1
|-damage|p1a: Gengar|0 fnt
|faint|p1a: Gengar
|-damage|p2a: Gholdengo|71/100|[from] item: Life Orb
|move|p1b: Incineroar|Throat Chop|p2b: Clefable
|-resisted|p2b: Clefable|1
|-damage|p2b: Clefable|58/100
|-start|p2b: Clefable|Throat Chop|[silent]
|
|-weather|RainDance|[upkeep]
|upkeep
|
|t:|1785956655
|switch|p1a: Vivillon|Vivillon, L50, F|100/100
|turn|6
|inactive|Battle timer is ON: inactive players will automatically lose when time's up. (requested by Artere Happy)
|
|t:|1785956677
|switch|p2b: Tyranitar|Tyranitar, L50, F|100/100
|-weather|Sandstorm|[from] ability: Sand Stream|[of] p2b: Tyranitar
|move|p1a: Vivillon|Rage Powder|p1a: Vivillon
|-singleturn|p1a: Vivillon|move: Rage Powder
|move|p2a: Gholdengo|Shadow Ball|p1a: Vivillon
|-enditem|p1a: Vivillon|Focus Sash
|-damage|p1a: Vivillon|1/100
|-damage|p2a: Gholdengo|61/100|[from] item: Life Orb
|move|p1b: Incineroar|Throat Chop|p2a: Gholdengo
|-supereffective|p2a: Gholdengo|1
|-damage|p2a: Gholdengo|6/100
|-start|p2a: Gholdengo|Throat Chop|[silent]
|
|-weather|Sandstorm|[upkeep]
|-damage|p1a: Vivillon|0 fnt|[from] Sandstorm
|-damage|p1b: Incineroar|55/100|[from] Sandstorm
|faint|p1a: Vivillon
|upkeep
|
|t:|1785956692
|switch|p1a: Politoed|Politoed, L50, F|58/100
|-weather|RainDance|[from] ability: Drizzle|[of] p1a: Politoed
|turn|7
|
|t:|1785956702
|move|p1a: Politoed|Protect|p1a: Politoed
|-singleturn|p1a: Politoed|Protect
|move|p2b: Tyranitar|Rock Slide|p1b: Incineroar|[spread] p1b
|-activate|p1a: Politoed|move: Protect
|-supereffective|p1b: Incineroar|1
|-damage|p1b: Incineroar|7/100
|move|p2a: Gholdengo|Shadow Ball|p1a: Politoed
|-activate|p1a: Politoed|move: Protect
|move|p1b: Incineroar|Throat Chop|p2a: Gholdengo
|-supereffective|p2a: Gholdengo|1
|-damage|p2a: Gholdengo|0 fnt
|faint|p2a: Gholdengo
|
|-weather|RainDance|[upkeep]
|upkeep
|
|t:|1785956717
|switch|p2a: Clefable|Clefable, L50, M|58/100
|turn|8
|
|t:|1785956727
|move|p1b: Incineroar|Protect|p1b: Incineroar
|-singleturn|p1b: Incineroar|Protect
|move|p2b: Tyranitar|Rock Slide|p1b: Incineroar|[spread] p1a
|-activate|p1b: Incineroar|move: Protect
|-damage|p1a: Politoed|30/100
|-enditem|p1a: Politoed|Sitrus Berry|[eat]
|-heal|p1a: Politoed|55/100|[from] item: Sitrus Berry
|move|p1a: Politoed|Weather Ball|p2b: Tyranitar
|-supereffective|p2b: Tyranitar|1
|-damage|p2b: Tyranitar|1/100
|move|p2a: Clefable|Moonblast|p1a: Politoed
|-damage|p1a: Politoed|29/100
|-unboost|p1a: Politoed|spa|1
|
|-weather|RainDance|[upkeep]
|upkeep
|turn|9
|
|t:|1785956748
|move|p2b: Tyranitar|Rock Slide|p1b: Incineroar|[spread] p1a,p1b
|-supereffective|p1b: Incineroar|1
|-damage|p1a: Politoed|3/100
|-damage|p1b: Incineroar|0 fnt
|faint|p1b: Incineroar
|cant|p1a: Politoed|flinch
|move|p2a: Clefable|Moonblast|p1a: Politoed
|-damage|p1a: Politoed|0 fnt
|faint|p1a: Politoed
|
|win|GS Barnabe
