|j|☆me vs you
|j|☆dragonite fraude
|html|me vs youdragonite fraude    
|uhtml|bestof|Game 2 of a best-of-3
|t:|1757843425
|gametype|doubles
|player|p1|me vs you|sightseerf|1025
|player|p2|dragonite fraude|265|1087
|gen|9
|tier|[Gen 9] VGC 2025 Reg H (Bo3)
|rated|
|rule|Species Clause: Limit one of each Pokémon
|rule|Item Clause: Limit 1 of each item
|clearpoke
|poke|p1|Charizard, L50, F|
|poke|p1|Jumpluff, L50, F|
|poke|p1|Torkoal, L50, F|
|poke|p1|Ursaluna, L50, M|
|poke|p1|Porygon2, L50|
|poke|p1|Incineroar, L50, M|
|poke|p2|Maushold-Four, L50|
|poke|p2|Gholdengo, L50|
|poke|p2|Dragonite, L50, F|
|poke|p2|Annihilape, L50, M|
|poke|p2|Rillaboom, L50, M|
|poke|p2|Ursaluna-Bloodmoon, L50, M|
|teampreview|4
|showteam|p1|Charizard||ChoiceSpecs|SolarPower|HeatWave,Overheat,SolarBeam,WeatherBall|||F|||50|,,,,,Ghost]Jumpluff||FocusSash|Chlorophyll|Encore,RagePowder,SunnyDay,Tailwind|||F|||50|,,,,,Ghost]Torkoal||EjectPack|Drought|Eruption,Bulldoze,HeatWave,WillOWisp|||F|||50|,,,,,Fire]Ursaluna||FlameOrb|Guts|Earthquake,HeadlongRush,Facade,Protect|||M|||50|,,,,,Ground]Porygon2||Eviolite|Download|TrickRoom,TeraBlast,Psyshock,IceBeam||||||50|,,,,,Fighting]Incineroar||AssaultVest|Intimidate|FakeOut,KnockOff,FlareBlitz,Uturn|||M|||50|,,,,,Fire
|showteam|p2|Maushold-Four||FocusSash|FriendGuard|SuperFang,BeatUp,FollowMe,Protect||||||50|,,,,,Ghost]Gholdengo||LifeOrb|GoodasGold|MakeItRain,ShadowBall,NastyPlot,Protect||||||50|,,,,,Water]Dragonite||LoadedDice|Multiscale|ScaleShot,Tailwind,Haze,Protect|||F|||50|,,,,,Fairy]Annihilape||SitrusBerry|Defiant|DrainPunch,RageFist,BulkUp,Protect|||M|||50|,,,,,Fire]Rillaboom||MiracleSeed|GrassySurge|WoodHammer,GrassyGlide,HighHorsepower,FakeOut|||M|||50|,,,,,Fire]Ursaluna-Bloodmoon||AssaultVest|MindsEye|BloodMoon,EarthPower,HyperVoice,VacuumWave|||M|||50|,,,,,Water
|
|t:|1757843443
|teamsize|p1|4
|teamsize|p2|4
|start
|switch|p1a: Charizard|Charizard, L50, F, shiny|100/100
|switch|p1b: Jumpluff|Jumpluff, L50, F, shiny|100/100
|switch|p2a: Ursaluna|Ursaluna-Bloodmoon, L50, M|100/100
|switch|p2b: Maushold|Maushold-Four, L50|100/100
|turn|1
|inactive|Battle timer is ON: inactive players will automatically lose when time's up. (requested by dragonite fraude)
|
|t:|1757843475
|-terastallize|p2a: Ursaluna|Water
|move|p2b: Maushold|Follow Me|p2b: Maushold
|-singleturn|p2b: Maushold|move: Follow Me
|move|p1b: Jumpluff|Sunny Day|p1b: Jumpluff
|-weather|SunnyDay
|move|p1a: Charizard|Heat Wave|p2a: Ursaluna|[spread] p2a,p2b
|-resisted|p2a: Ursaluna
|-damage|p2a: Ursaluna|73/100
|-enditem|p2b: Maushold|Focus Sash
|-damage|p2b: Maushold|1/100
|move|p2a: Ursaluna|Blood Moon|p1a: Charizard
|-damage|p1a: Charizard|10/100
|
|-weather|SunnyDay|[upkeep]
|-damage|p1a: Charizard|0 fnt|[from] ability: Solar Power|[of] p1a: Charizard
|faint|p1a: Charizard
|upkeep
|
|t:|1757843490
|switch|p1a: Incineroar|Incineroar, L50, M|100/100
|-ability|p1a: Incineroar|Intimidate|boost
|-unboost|p2a: Ursaluna|atk|1
|-unboost|p2b: Maushold|atk|1
|turn|2
|
|t:|1757843497
|move|p1a: Incineroar|Fake Out|p2b: Maushold
|-damage|p2b: Maushold|0 fnt
|faint|p2b: Maushold
|move|p1b: Jumpluff|Encore|p2a: Ursaluna
|-start|p2a: Ursaluna|Encore
|move|p2a: Ursaluna|Blood Moon|p1b: Jumpluff
|-damage|p1b: Jumpluff|25/100
|-hint|Some effects can force a Pokemon to use Blood Moon again in a row.
|
|-weather|SunnyDay|[upkeep]
|upkeep
|
|t:|1757843505
|switch|p2b: Dragonite|Dragonite, L50, F|100/100
|turn|3
|c|☆me vs you|u can use it again?
|c|☆me vs you|arent u supposed to struggle or smthn?
|inactive|me vs you has 30 seconds left.
|
|t:|1757843531
|switch|p2a: Annihilape|Annihilape, L50, M|100/100
|move|p1b: Jumpluff|Rage Powder|p1b: Jumpluff
|-singleturn|p1b: Jumpluff|move: Rage Powder
|move|p2b: Dragonite|Scale Shot|p1b: Jumpluff
|-damage|p1b: Jumpluff|5/100
|-damage|p1b: Jumpluff|0 fnt
|faint|p1b: Jumpluff
|-hitcount|p1: Jumpluff|2
|-unboost|p2b: Dragonite|def|1
|-boost|p2b: Dragonite|spe|1
|move|p1a: Incineroar|Knock Off|p2a: Annihilape
|-damage|p2a: Annihilape|46/100
|-enditem|p2a: Annihilape|Sitrus Berry|[from] move: Knock Off|[of] p1a: Incineroar
|
|-weather|SunnyDay|[upkeep]
|upkeep
|
|t:|1757843537
|switch|p1b: Torkoal|Torkoal, L50, F|100/100
|turn|4
|c|☆dragonite fraude|The turn you encore I can use it again
|c|☆dragonite fraude|but then struggle
|c|☆me vs you|aha
|c|☆me vs you|makes sense
|inactive|me vs you has 30 seconds left.
|inactive|me vs you has 20 seconds left.
|
|t:|1757843573
|move|p2b: Dragonite|Scale Shot|p1a: Incineroar
|-damage|p1a: Incineroar|86/100
|-damage|p1a: Incineroar|72/100
|-damage|p1a: Incineroar|58/100
|-damage|p1a: Incineroar|44/100
|-hitcount|p1a: Incineroar|4
|-unboost|p2b: Dragonite|def|1
|-boost|p2b: Dragonite|spe|1
|move|p2a: Annihilape|Drain Punch|p1a: Incineroar
|-supereffective|p1a: Incineroar
|-damage|p1a: Incineroar|0 fnt
|-heal|p2a: Annihilape|67/100|[from] drain|[of] p1a: Incineroar
|faint|p1a: Incineroar
|move|p1b: Torkoal|Heat Wave|p2b: Dragonite|[spread] p2a,p2b
|-resisted|p2b: Dragonite
|-damage|p2a: Annihilape|38/100
|-damage|p2b: Dragonite|92/100
|
|-weather|SunnyDay|[upkeep]
|upkeep
|turn|5
|c|☆me vs you|really thought i cooked too lol
|c|☆me vs you|ggs
|
|t:|1757843592
|move|p2b: Dragonite|Scale Shot|p1b: Torkoal
|-damage|p1b: Torkoal|90/100
|-damage|p1b: Torkoal|80/100
|-crit|p1b: Torkoal
|-damage|p1b: Torkoal|64/100
|-damage|p1b: Torkoal|52/100
|-hitcount|p1b: Torkoal|4
|-unboost|p2b: Dragonite|def|1
|-boost|p2b: Dragonite|spe|1
|move|p2a: Annihilape|Rage Fist|p1b: Torkoal
|-damage|p1b: Torkoal|6/100
|move|p1b: Torkoal|Heat Wave|p2a: Annihilape|[spread] p2a,p2b
|-resisted|p2b: Dragonite
|-crit|p2b: Dragonite
|-damage|p2a: Annihilape|7/100
|-damage|p2b: Dragonite|67/100
|
|-weather|none
|upkeep
|turn|6
|-message|me vs you forfeited.
|
|win|dragonite fraude
|l|☆me vs you
|player|p1|
||me vs you is ready for game 3.
||dragonite fraude is ready for game 3.
|uhtml|next|Next: Game 3 of 3
