|j|☆enyelvgc
|j|☆bellytelevision
|html|enyelvgcbellytelevision    
|uhtml|bestof|Game 1 of a best-of-3
|t:|1782241486
|gametype|doubles
|player|p1|enyelvgc|1|1092
|player|p2|bellytelevision|biker|1000
|gen|9
|tier|[Gen 9 Champions] VGC 2026 Reg M-B (Bo3)
|rated|
|rule|Species Clause: Limit one of each Pokémon
|rule|Item Clause: Limit 1 of each item
|clearpoke
|poke|p1|Maushold, L50, shiny|
|poke|p1|Aerodactyl, L50, F|
|poke|p1|Farigiraf, L50, M, shiny|
|poke|p1|Garchomp, L50, M|
|poke|p1|Charizard, L50, M, shiny|
|poke|p1|Sinistcha-Masterpiece, L50|
|poke|p2|Venusaur, L50, M, shiny|
|poke|p2|Swampert, L50, M|
|poke|p2|Sinistcha, L50|
|poke|p2|Pelipper, L50, F|
|poke|p2|Archaludon, L50, M, shiny|
|poke|p2|Sableye, L50, F, shiny|
|teampreview|4
|showteam|p1|Maushold||WideLens|Technician|FollowMe,Protect,PopulationBomb,SuperFang|Jolly|||||50|]Aerodactyl||FocusSash|Unnerve|Tailwind,Protect,WideGuard,RockSlide|Jolly||F|||50|]Farigiraf||SitrusBerry|ArmorTail|TrickRoom,HelpingHand,Psychic,Imprison|Relaxed||M|||50|]Garchomp||LifeOrb|RoughSkin|Earthquake,StompingTantrum,DragonClaw,Protect|Jolly||M|||50|]Charizard||CharizarditeY|Blaze|HeatWave,WeatherBall,SolarBeam,Protect|Timid||M|||50|]Sinistcha-Masterpiece||Leftovers|Hospitality|MatchaGotcha,RagePowder,Protect,CalmMind|Bold|||||50|
|showteam|p2|Venusaur||Venusaurite|Chlorophyll|GigaDrain,SludgeBomb,Protect,EarthPower|Modest||M|||50|]Swampert||Swampertite|Torrent|WaveCrash,IcePunch,HighHorsepower,Protect|Adamant||M|||50|]Sinistcha||CobaBerry|Hospitality|RagePowder,MatchaGotcha,LifeDew,TrickRoom|Sassy|||||50|]Pelipper||SitrusBerry|Drizzle|Tailwind,Hurricane,WeatherBall,WideGuard|Bold||F|||50|]Archaludon||Leftovers|Stamina|ElectroShot,FlashCannon,DragonPulse,Protect|Modest||M|||50|]Sableye||LightClay|Prankster|RainDance,Reflect,LightScreen,WillOWisp|Sassy||F|||50|
|
|t:|1782241557
|teamsize|p1|4
|teamsize|p2|4
|start
|switch|p1a: Sinistcha|Sinistcha-Masterpiece, L50|100/100
|switch|p1b: Maushold|Maushold, L50, shiny|100/100
|switch|p2a: Sableye|Sableye, L50, F, shiny|100/100
|switch|p2b: Pelipper|Pelipper, L50, F|100/100
|-weather|RainDance|[from] ability: Drizzle|[of] p2b: Pelipper
|turn|1
|
|t:|1782241585
|switch|p2b: Archaludon|Archaludon, L50, M, shiny|100/100
|move|p2a: Sableye|Will-O-Wisp|p1b: Maushold
|-status|p1b: Maushold|brn
|move|p1b: Maushold|Population Bomb|p2b: Archaludon
|-resisted|p2b: Archaludon|1
|-damage|p2b: Archaludon|98/100
|-ability|p2b: Archaludon|Stamina|boost
|-boost|p2b: Archaludon|def|1
|-resisted|p2b: Archaludon|1
|-damage|p2b: Archaludon|97/100
|-ability|p2b: Archaludon|Stamina|boost
|-boost|p2b: Archaludon|def|1
|-resisted|p2b: Archaludon|1
|-damage|p2b: Archaludon|96/100
|-ability|p2b: Archaludon|Stamina|boost
|-boost|p2b: Archaludon|def|1
|-resisted|p2b: Archaludon|1
|-damage|p2b: Archaludon|96/100
|-ability|p2b: Archaludon|Stamina|boost
|-boost|p2b: Archaludon|def|1
|-resisted|p2b: Archaludon|1
|-damage|p2b: Archaludon|95/100
|-ability|p2b: Archaludon|Stamina|boost
|-boost|p2b: Archaludon|def|1
|-resisted|p2b: Archaludon|1
|-damage|p2b: Archaludon|95/100
|-ability|p2b: Archaludon|Stamina|boost
|-boost|p2b: Archaludon|def|1
|-resisted|p2b: Archaludon|1
|-damage|p2b: Archaludon|94/100
|-resisted|p2b: Archaludon|1
|-damage|p2b: Archaludon|94/100
|-resisted|p2b: Archaludon|1
|-crit|p2b: Archaludon
|-damage|p2b: Archaludon|91/100
|-resisted|p2b: Archaludon|1
|-damage|p2b: Archaludon|91/100
|-hitcount|p2b: Archaludon|10
|move|p1a: Sinistcha|Matcha Gotcha|p2b: Archaludon|[spread] p2a,p2b
|-resisted|p2b: Archaludon|2
|-damage|p2a: Sableye|70/100
|-damage|p2b: Archaludon|84/100
|
|-weather|RainDance|[upkeep]
|-heal|p2b: Archaludon|91/100|[from] item: Leftovers
|-damage|p1b: Maushold|93/100 brn|[from] brn
|upkeep
|turn|2
|inactive|Battle timer is ON: inactive players will automatically lose when time's up. (requested by enyelvgc)
|
|t:|1782241630
|move|p1b: Maushold|Protect|p1b: Maushold
|-singleturn|p1b: Maushold|Protect
|move|p2a: Sableye|Light Screen|p2a: Sableye
|-sidestart|p2: bellytelevision|move: Light Screen
|move|p2b: Archaludon|Electro Shot||[still]
|-prepare|p2b: Archaludon|Electro Shot
|-boost|p2b: Archaludon|spa|1
|-anim|p2b: Archaludon|Electro Shot|p1a: Sinistcha
|-resisted|p1a: Sinistcha|1
|-damage|p1a: Sinistcha|70/100
|move|p1a: Sinistcha|Calm Mind|p1a: Sinistcha
|-boost|p1a: Sinistcha|spa|1
|-boost|p1a: Sinistcha|spd|1
|
|-weather|RainDance|[upkeep]
|-heal|p2b: Archaludon|97/100|[from] item: Leftovers
|-heal|p1a: Sinistcha|76/100|[from] item: Leftovers
|-damage|p1b: Maushold|87/100 brn|[from] brn
|upkeep
|turn|3
|inactive|enyelvgc has 30 seconds left.
|
|t:|1782241658
|move|p2a: Sableye|Will-O-Wisp|p1a: Sinistcha
|-status|p1a: Sinistcha|brn
|move|p1b: Maushold|Super Fang|p2b: Archaludon
|-damage|p2b: Archaludon|48/100
|move|p2b: Archaludon|Electro Shot||[still]
|-prepare|p2b: Archaludon|Electro Shot
|-boost|p2b: Archaludon|spa|1
|-anim|p2b: Archaludon|Electro Shot|p1a: Sinistcha
|-resisted|p1a: Sinistcha|1
|-damage|p1a: Sinistcha|50/100g brn
|move|p1a: Sinistcha|Calm Mind|p1a: Sinistcha
|-boost|p1a: Sinistcha|spa|1
|-boost|p1a: Sinistcha|spd|1
|
|-weather|RainDance|[upkeep]
|-heal|p2b: Archaludon|55/100|[from] item: Leftovers
|-heal|p1a: Sinistcha|56/100 brn|[from] item: Leftovers
|-damage|p1b: Maushold|81/100 brn|[from] brn
|-damage|p1a: Sinistcha|50/100g brn|[from] brn
|upkeep
|turn|4
|inactive|bellytelevision has 30 seconds left.
|
|t:|1782241687
|move|p2a: Sableye|Reflect|p2a: Sableye
|-sidestart|p2: bellytelevision|Reflect
|move|p1b: Maushold|Super Fang|p2b: Archaludon
|-damage|p2b: Archaludon|27/100
|move|p2b: Archaludon|Electro Shot||[still]
|-prepare|p2b: Archaludon|Electro Shot
|-boost|p2b: Archaludon|spa|1
|-anim|p2b: Archaludon|Electro Shot|p1a: Sinistcha
|-resisted|p1a: Sinistcha|1
|-damage|p1a: Sinistcha|27/100 brn
|move|p1a: Sinistcha|Matcha Gotcha|p2b: Archaludon|[spread] p2a,p2b
|-resisted|p2b: Archaludon|2
|-damage|p2a: Sableye|31/100
|-heal|p1a: Sinistcha|44/100 brn|[from] drain|[of] p2a: Sableye
|-damage|p2b: Archaludon|19/100
|-heal|p1a: Sinistcha|49/100 brn|[from] drain|[of] p2b: Archaludon
|
|-weather|RainDance|[upkeep]
|-heal|p2b: Archaludon|26/100|[from] item: Leftovers
|-heal|p1a: Sinistcha|55/100 brn|[from] item: Leftovers
|-damage|p1b: Maushold|75/100 brn|[from] brn
|-damage|p1a: Sinistcha|49/100 brn|[from] brn
|upkeep
|turn|5
|inactive|enyelvgc has 30 seconds left.
|
|t:|1782241722
|switch|p1b: Charizard|Charizard, L50, M, shiny|100/100
|switch|p2a: Pelipper|Pelipper, L50, F|100/100
|move|p2b: Archaludon|Protect|p2b: Archaludon
|-singleturn|p2b: Archaludon|Protect
|move|p1a: Sinistcha|Calm Mind|p1a: Sinistcha
|-boost|p1a: Sinistcha|spa|1
|-boost|p1a: Sinistcha|spd|1
|
|-weather|none
|-heal|p2b: Archaludon|32/100|[from] item: Leftovers
|-heal|p1a: Sinistcha|55/100 brn|[from] item: Leftovers
|-damage|p1a: Sinistcha|49/100 brn|[from] brn
|upkeep
|turn|6
|
|t:|1782241744
|detailschange|p1b: Charizard|Charizard-Mega-Y, L50, M, shiny
|-mega|p1b: Charizard|Charizard|Charizardite Y
|-weather|SunnyDay|[from] ability: Drought|[of] p1b: Charizard
|move|p2a: Pelipper|Wide Guard|p2a: Pelipper
|-singleturn|p2a: Pelipper|Wide Guard
|move|p1b: Charizard|Weather Ball|p2b: Archaludon
|-damage|p2b: Archaludon|0 fnt
|faint|p2b: Archaludon
|move|p1a: Sinistcha|Calm Mind|p1a: Sinistcha
|-boost|p1a: Sinistcha|spa|1
|-boost|p1a: Sinistcha|spd|1
|
|-weather|SunnyDay|[upkeep]
|-heal|p1a: Sinistcha|55/100 brn|[from] item: Leftovers
|-damage|p1a: Sinistcha|49/100 brn|[from] brn
|upkeep
|
|t:|1782241758
|switch|p2b: Swampert|Swampert, L50, M|100/100
|turn|7
|inactive|enyelvgc has 30 seconds left.
|inactive|enyelvgc has 20 seconds left.
|
|t:|1782241794
|switch|p2a: Sableye|Sableye, L50, F, shiny|31/100
|move|p2b: Swampert|Protect|p2b: Swampert
|-singleturn|p2b: Swampert|Protect
|move|p1a: Sinistcha|Rage Powder|p1a: Sinistcha
|-singleturn|p1a: Sinistcha|move: Rage Powder
|move|p1b: Charizard|Solar Beam||[still]
|-prepare|p1b: Charizard|Solar Beam
|-anim|p1b: Charizard|Solar Beam|p2a: Sableye
|-damage|p2a: Sableye|0 fnt
|faint|p2a: Sableye
|
|-weather|SunnyDay|[upkeep]
|-heal|p1a: Sinistcha|55/100 brn|[from] item: Leftovers
|-damage|p1a: Sinistcha|49/100 brn|[from] brn
|upkeep
|
|t:|1782241807
|switch|p2a: Pelipper|Pelipper, L50, F|100/100
|-weather|RainDance|[from] ability: Drizzle|[of] p2a: Pelipper
|turn|8
|
|t:|1782241826
|switch|p1b: Maushold|Maushold, L50, shiny|75/100 brn
|detailschange|p2b: Swampert|Swampert-Mega, L50, M
|-mega|p2b: Swampert|Swampert|Swampertite
|move|p2b: Swampert|Ice Punch|p1a: Sinistcha
|-supereffective|p1a: Sinistcha|1
|-damage|p1a: Sinistcha|0 fnt
|faint|p1a: Sinistcha
|move|p2a: Pelipper|Tailwind|p2a: Pelipper
|-sidestart|p2: bellytelevision|move: Tailwind
|
|-weather|RainDance|[upkeep]
|-damage|p1b: Maushold|69/100 brn|[from] brn
|upkeep
|
|t:|1782241843
|switch|p1a: Charizard|Charizard-Mega-Y, L50, M, shiny|100/100
|-weather|SunnyDay|[from] ability: Drought|[of] p1a: Charizard
|turn|9
|
|t:|1782241865
|move|p2b: Swampert|Protect|p2b: Swampert
|-singleturn|p2b: Swampert|Protect
|move|p1b: Maushold|Follow Me|p1b: Maushold
|-singleturn|p1b: Maushold|move: Follow Me
|move|p2a: Pelipper|Weather Ball|p1b: Maushold
|-crit|p1b: Maushold
|-damage|p1b: Maushold|6/100 brn
|move|p1a: Charizard|Solar Beam||[still]
|-prepare|p1a: Charizard|Solar Beam
|-anim|p1a: Charizard|Solar Beam|p2a: Pelipper
|-damage|p2a: Pelipper|63/100
|
|-weather|SunnyDay|[upkeep]
|-damage|p1b: Maushold|1/100 brn|[from] brn
|-sideend|p2: bellytelevision|move: Light Screen
|upkeep
|turn|10
|inactive|enyelvgc has 30 seconds left.
|
|t:|1782241894
|move|p2b: Swampert|Wave Crash|p1a: Charizard
|-supereffective|p1a: Charizard|1
|-damage|p1a: Charizard|0 fnt
|faint|p1a: Charizard
|-damage|p2b: Swampert|73/100|[from] Recoil
|move|p1b: Maushold|Super Fang|p2a: Pelipper
|-damage|p2a: Pelipper|31/100
|-enditem|p2a: Pelipper|Sitrus Berry|[eat]
|-heal|p2a: Pelipper|56/100|[from] item: Sitrus Berry
|move|p2a: Pelipper|Weather Ball|p1b: Maushold
|-damage|p1b: Maushold|0 fnt
|faint|p1b: Maushold
|
|-weather|SunnyDay|[upkeep]
|upkeep
|
|t:|1782241902
|switch|p1b: Garchomp|Garchomp, L50, M|100/100
|turn|11
|
|t:|1782241918
|move|p2b: Swampert|Ice Punch|p1b: Garchomp
|-supereffective|p1b: Garchomp|2
|-damage|p1b: Garchomp|0 fnt
|-damage|p2b: Swampert|61/100|[from] ability: Rough Skin|[of] p1b: Garchomp
|faint|p1b: Garchomp
|
|win|bellytelevision
||enyelvgc is ready for game 2.
||bellytelevision is ready for game 2.
|uhtml|next|Next: Game 2 of 3
