|j|☆laufey#1fan
|j|☆JNEST
|html|laufey#1fanJNEST    
|uhtml|bestof|Game 2 of a best-of-3
|t:|1756159862
|gametype|doubles
|player|p1|laufey#1fan|lady|1129
|player|p2|JNEST|veteran-gen4|1216
|gen|9
|tier|[Gen 9] VGC 2025 Reg H (Bo3)
|rated|
|rule|Species Clause: Limit one of each Pokémon
|rule|Item Clause: Limit 1 of each item
|clearpoke
|poke|p1|Gholdengo, L50|
|poke|p1|Rillaboom, L50, F|
|poke|p1|Ninetales-Alola, L50, M|
|poke|p1|Annihilape, L50, F|
|poke|p1|Kilowattrel, L50, F|
|poke|p1|Gyarados, L50, F|
|poke|p2|Weezing, L50, M|
|poke|p2|Incineroar, L50, M|
|poke|p2|Annihilape, L50, F|
|poke|p2|Tyranitar, L50, M|
|poke|p2|Toedscruel, L50, F|
|teampreview|4
|showteam|p1|Gholdengo||GrassySeed|GoodasGold|MakeItRain,ShadowBall,NastyPlot,Protect||||||50|,,,,,Water]Rillaboom||AssaultVest|GrassySurge|GrassyGlide,WoodHammer,Uturn,FakeOut|||F|||50|,,,,,Fire]Ninetales-Alola||LightClay|SnowWarning|Blizzard,IcyWind,AuroraVeil,Encore|||M|||50|,,,,,Ghost]Annihilape||SafetyGoggles|Defiant|BulkUp,Protect,RageFist,DrainPunch|||F|||50|,,,,,Fire]Kilowattrel||FocusSash|Competitive|Tailwind,Thunderbolt,AirSlash,Electroweb|||F|||50|,,,,,Ghost]Gyarados||CovertCloak|Intimidate|Waterfall,Protect,HelpingHand,Taunt|||F|||50|,,,,,Ground
|showteam|p2|Weezing||SitrusBerry|NeutralizingGas|Protect,Taunt,WillOWisp,SludgeBomb|||M|||50|,,,,,Ghost]Incineroar||AbilityShield|Intimidate|KnockOff,FlareBlitz,FakeOut,PartingShot|||M|||50|,,,,,Ghost]Annihilape||SafetyGoggles|Defiant|Taunt,RageFist,CloseCombat,FinalGambit|||F|||50|,,,,,Fairy]Tyranitar||AssaultVest|SandStream|RockSlide,KnockOff,TeraBlast,LowKick|||M|||50|,,,,,Flying]Toedscruel||CovertCloak|MyceliumMight|RagePowder,Spore,AcidSpray,EarthPower|||F|||50|,,,,,Ground
|inactive|Battle timer is ON: inactive players will automatically lose when time's up. (requested by JNEST)
|
|t:|1756159882
|teamsize|p1|4
|teamsize|p2|4
|start
|switch|p1a: Woodstock|Kilowattrel, L50, F, shiny|100/100
|switch|p1b: Gyarados|Gyarados, L50, F|100/100
|switch|p2a: Annihilape|Annihilape, L50, F|100/100
|switch|p2b: Toedscruel|Toedscruel, L50, F|100/100
|-ability|p1b: Gyarados|Intimidate|boost
|-unboost|p2a: Annihilape|atk|1
|-ability|p2a: Annihilape|Defiant|boost
|-boost|p2a: Annihilape|atk|2
|-unboost|p2b: Toedscruel|atk|1
|turn|1
|
|t:|1756159900
|-terastallize|p2a: Annihilape|Fairy
|move|p1a: Woodstock|Air Slash|p2a: Annihilape
|-damage|p2a: Annihilape|69/100
|move|p2a: Annihilape|Rage Fist|p1a: Woodstock
|-enditem|p1a: Woodstock|Focus Sash
|-damage|p1a: Woodstock|1/100
|move|p1b: Gyarados|Waterfall|p2b: Toedscruel
|-damage|p2b: Toedscruel|41/100
|move|p2b: Toedscruel|Spore|p1a: Woodstock
|-status|p1a: Woodstock|slp|[from] move: Spore
|
|upkeep
|turn|2
|
|t:|1756159917
|move|p1b: Gyarados|Protect|p1b: Gyarados
|-singleturn|p1b: Gyarados|Protect
|move|p2b: Toedscruel|Rage Powder|p2b: Toedscruel
|-singleturn|p2b: Toedscruel|move: Rage Powder
|cant|p1a: Woodstock|slp
|move|p2a: Annihilape|Rage Fist|p1a: Woodstock
|-damage|p1a: Woodstock|0 fnt
|faint|p1a: Woodstock
|
|upkeep
|
|t:|1756159919
|switch|p1a: Laufey|Ninetales-Alola, L50, M, shiny|100/100
|-weather|Snowscape|[from] ability: Snow Warning|[of] p1a: Laufey
|turn|3
|
|t:|1756159927
|switch|p2b: Tyranitar|Tyranitar, L50, M|100/100
|-weather|Sandstorm|[from] ability: Sand Stream|[of] p2b: Tyranitar
|move|p1a: Laufey|Blizzard|p2b: Tyranitar|[spread] 
|-miss|p1a: Laufey|p2a: Annihilape
|-miss|p1a: Laufey|p2b: Tyranitar
|move|p2a: Annihilape|Rage Fist|p1a: Laufey
|-damage|p1a: Laufey|18/100
|move|p1b: Gyarados|Waterfall|p2a: Annihilape
|-damage|p2a: Annihilape|33/100
|
|-weather|Sandstorm|[upkeep]
|-damage|p1a: Laufey|12/100|[from] Sandstorm
|-damage|p1b: Gyarados|94/100|[from] Sandstorm
|upkeep
|turn|4
|
|t:|1756159946
|switch|p1a: Gnarly|Annihilape, L50, F|100/100
|move|p2a: Annihilape|Rage Fist|p1a: Gnarly
|-supereffective|p1a: Gnarly
|-damage|p1a: Gnarly|0 fnt
|faint|p1a: Gnarly
|move|p1b: Gyarados|Waterfall|p2a: Annihilape
|-damage|p2a: Annihilape|0 fnt
|faint|p2a: Annihilape
|move|p2b: Tyranitar|Rock Slide|p1b: Gyarados|[miss]
|-miss|p2b: Tyranitar|p1b: Gyarados
|
|-weather|Sandstorm|[upkeep]
|-damage|p1b: Gyarados|88/100|[from] Sandstorm
|upkeep
|
|t:|1756159959
|switch|p2a: Incineroar|Incineroar, L50, M|100/100
|switch|p1a: Laufey|Ninetales-Alola, L50, M, shiny|12/100
|-weather|Snowscape|[from] ability: Snow Warning|[of] p1a: Laufey
|-ability|p2a: Incineroar|Intimidate|boost
|-unboost|p1a: Laufey|atk|1
|-unboost|p1b: Gyarados|atk|1
|turn|5
|
|t:|1756159970
|-terastallize|p1a: Laufey|Ghost
|move|p2a: Incineroar|Fake Out|p1a: Laufey
|-immune|p1a: Laufey
|move|p1a: Laufey|Encore|p2a: Incineroar
|-start|p2a: Incineroar|Encore
|move|p1b: Gyarados|Waterfall|p2b: Tyranitar
|-supereffective|p2b: Tyranitar
|-damage|p2b: Tyranitar|63/100
|move|p2b: Tyranitar|Rock Slide|p1b: Gyarados|[spread] p1a,p1b
|-supereffective|p1b: Gyarados
|-damage|p1a: Laufey|0 fnt
|-damage|p1b: Gyarados|19/100
|faint|p1a: Laufey
|
|-weather|Snowscape|[upkeep]
|upkeep
|turn|6
|
|t:|1756159982
|switch|p2a: Toedscruel|Toedscruel, L50, F|41/100
|move|p1b: Gyarados|Waterfall|p2b: Tyranitar
|-supereffective|p2b: Tyranitar
|-damage|p2b: Tyranitar|18/100
|move|p2b: Tyranitar|Knock Off|p1b: Gyarados
|-damage|p1b: Gyarados|0 fnt
|-enditem|p1b: Gyarados|Covert Cloak|[from] move: Knock Off|[of] p2b: Tyranitar
|faint|p1b: Gyarados
|
|win|JNEST
||laufey#1fan is ready for game 3.
