|j|☆Snivii
|j|☆paydayvgc
|html|Sniviipaydayvgc    
|uhtml|bestof|Game 1 of a best-of-3
|t:|1783026894
|gametype|doubles
|player|p1|Snivii|169|1224
|player|p2|paydayvgc|jogger|1312
|gen|9
|tier|[Gen 9 Champions] VGC 2026 Reg M-B (Bo3)
|rated|
|rule|Species Clause: Limit one of each Pokémon
|rule|Item Clause: Limit 1 of each item
|clearpoke
|poke|p1|Serperior, L50, M|
|poke|p1|Grimmsnarl, L50, M|
|poke|p1|Staraptor, L50, M|
|poke|p1|Incineroar, L50, M|
|poke|p1|Whimsicott, L50, M|
|poke|p1|Charizard, L50, F|
|poke|p2|Incineroar, L50, F|
|poke|p2|Farigiraf, L50, M|
|poke|p2|Mawile, L50, F|
|poke|p2|Dragonite, L50, M|
|poke|p2|Charizard, L50, M, shiny|
|poke|p2|Whimsicott, L50, M|
|teampreview|4
|showteam|p1|Serperior||WideLens|Contrary|LeafStorm,Glare,Protect,GastroAcid|Timid||M|||50|]Grimmsnarl||LightClay|Prankster|SpiritBreak,LightScreen,Reflect,PartingShot|Careful||M|||50|]Staraptor||Staraptite|Intimidate|BraveBird,CloseCombat,Roost,Protect|Jolly||M|||50|]Incineroar||SitrusBerry|Intimidate|FlareBlitz,DarkestLariat,FakeOut,PartingShot|Adamant||M|||50|]Whimsicott||FocusSash|Prankster|Moonblast,Charm,Encore,Tailwind|Timid||M|||50|]Charizard||CharizarditeY|SolarPower|HeatWave,AncientPower,WeatherBall,Protect|Timid||F|||50|
|showteam|p2|Incineroar||ShucaBerry|Intimidate|FlareBlitz,DarkestLariat,PartingShot,FakeOut|Relaxed||F|||50|]Farigiraf||SitrusBerry|ArmorTail|Psychic,Roar,HelpingHand,TrickRoom|Bold||M|||50|]Mawile||Mawilite|Intimidate|IronHead,PlayRough,SuckerPunch,Protect|Adamant||F|||50|]Dragonite||ExpertBelt|InnerFocus|DragonClaw,LowKick,ExtremeSpeed,Protect|Adamant||M|||50|]Charizard||CharizarditeY|Blaze|WeatherBall,HeatWave,SolarBeam,Protect|Modest||M|||50|]Whimsicott||FocusSash|Prankster|Moonblast,Tailwind,Encore,Protect|Timid||M|||50|
|inactive|Battle timer is ON: inactive players will automatically lose when time's up. (requested by paydayvgc)
|inactive|Snivii has 60 seconds left.
|
|t:|1783026933
|teamsize|p1|4
|teamsize|p2|4
|start
|switch|p1a: Serperior|Serperior, L50, M|100/100
|switch|p1b: Grimmsnarl|Grimmsnarl, L50, M|100/100
|switch|p2a: Incineroar|Incineroar, L50, F|100/100
|switch|p2b: Dragonite|Dragonite, L50, M|100/100
|-ability|p2a: Incineroar|Intimidate|boost
|-boost|p1a: Serperior|atk|1
|-unboost|p1b: Grimmsnarl|atk|1
|turn|1
|
|t:|1783026955
|switch|p2b: Whimsicott|Whimsicott, L50, M|100/100
|move|p2a: Incineroar|Fake Out|p1b: Grimmsnarl
|-damage|p1b: Grimmsnarl|88/100
|cant|p1b: Grimmsnarl|flinch
|move|p1a: Serperior|Gastro Acid|p2b: Whimsicott
|-endability|p2b: Whimsicott
|
|upkeep
|turn|2
|
|t:|1783026969
|switch|p1a: Staraptor|Staraptor, L50, M|100/100
|-ability|p1a: Staraptor|Intimidate|boost
|-unboost|p2a: Incineroar|atk|1
|-unboost|p2b: Whimsicott|atk|1
|move|p1b: Grimmsnarl|Light Screen|p1b: Grimmsnarl
|-sidestart|p1: Snivii|move: Light Screen
|move|p2b: Whimsicott|Moonblast|p1b: Grimmsnarl
|-supereffective|p1b: Grimmsnarl|1
|-damage|p1b: Grimmsnarl|41/100
|move|p2a: Incineroar|Flare Blitz|p1a: Staraptor
|-damage|p1a: Staraptor|61/100
|-damage|p2a: Incineroar|88/100|[from] Recoil
|
|upkeep
|turn|3
|
|t:|1783026994
|switch|p2a: Dragonite|Dragonite, L50, M|100/100
|detailschange|p1a: Staraptor|Staraptor-Mega, L50, M
|-mega|p1a: Staraptor|Staraptor|Staraptite
|move|p1b: Grimmsnarl|Reflect|p1b: Grimmsnarl
|-sidestart|p1: Snivii|Reflect
|move|p2b: Whimsicott|Moonblast|p1a: Staraptor
|-supereffective|p1a: Staraptor|1
|-damage|p1a: Staraptor|5/100
|-boost|p1a: Staraptor|spa|1
|move|p1a: Staraptor|Close Combat|p2a: Dragonite
|-resisted|p2a: Dragonite|1
|-damage|p2a: Dragonite|70/100
|-boost|p1a: Staraptor|def|1
|-boost|p1a: Staraptor|spd|1
|
|upkeep
|turn|4
|
|t:|1783027015
|switch|p1a: Incineroar|Incineroar, L50, M|100/100
|-ability|p1a: Incineroar|Intimidate|boost
|-fail|p2a: Dragonite|unboost|Attack|[from] ability: Inner Focus|[of] p2a: Dragonite
|-unboost|p2b: Whimsicott|atk|1
|move|p2a: Dragonite|Protect|p2a: Dragonite
|-singleturn|p2a: Dragonite|Protect
|move|p1b: Grimmsnarl|Parting Shot|p2a: Dragonite
|-activate|p2a: Dragonite|move: Protect
|move|p2b: Whimsicott|Moonblast|p1b: Grimmsnarl
|-supereffective|p1b: Grimmsnarl|1
|-damage|p1b: Grimmsnarl|0 fnt
|faint|p1b: Grimmsnarl
|
|upkeep
|
|t:|1783027023
|switch|p1b: Serperior|Serperior, L50, M|100/100
|turn|5
|
|t:|1783027036
|move|p2b: Whimsicott|Moonblast|p1a: Incineroar
|-damage|p1a: Incineroar|78/100
|move|p1b: Serperior|Leaf Storm|p2b: Whimsicott|[miss]
|-miss|p1b: Serperior|p2b: Whimsicott
|move|p2a: Dragonite|Low Kick|p1a: Incineroar
|-supereffective|p1a: Incineroar|1
|-damage|p1a: Incineroar|32/100
|-enditem|p1a: Incineroar|Sitrus Berry|[eat]
|-heal|p1a: Incineroar|57/100|[from] item: Sitrus Berry
|move|p1a: Incineroar|Flare Blitz|p2b: Whimsicott
|-supereffective|p2b: Whimsicott|1
|-enditem|p2b: Whimsicott|Focus Sash
|-damage|p2b: Whimsicott|1/100
|-damage|p1a: Incineroar|33/100|[from] Recoil
|
|upkeep
|turn|6
|
|t:|1783027060
|move|p2b: Whimsicott|Encore|p1b: Serperior
|-start|p1b: Serperior|Encore
|move|p1b: Serperior|Leaf Storm|p2b: Whimsicott
|-resisted|p2b: Whimsicott|1
|-damage|p2b: Whimsicott|0 fnt
|-boost|p1b: Serperior|spa|2
|faint|p2b: Whimsicott
|move|p2a: Dragonite|Low Kick|p1a: Incineroar
|-supereffective|p1a: Incineroar|1
|-crit|p1a: Incineroar
|-damage|p1a: Incineroar|0 fnt
|faint|p1a: Incineroar
|
|upkeep
|
|t:|1783027068
|switch|p2b: Charizard|Charizard, L50, M, shiny|100/100
|switch|p1a: Staraptor|Staraptor-Mega, L50, M|5/100
|turn|7
|
|t:|1783027075
|detailschange|p2b: Charizard|Charizard-Mega-Y, L50, M, shiny
|-mega|p2b: Charizard|Charizard|Charizardite Y
|-weather|SunnyDay|[from] ability: Drought|[of] p2b: Charizard
|move|p2a: Dragonite|Extreme Speed|p1a: Staraptor
|-damage|p1a: Staraptor|0 fnt
|faint|p1a: Staraptor
|move|p1b: Serperior|Leaf Storm|p2a: Dragonite
|-resisted|p2a: Dragonite|2
|-damage|p2a: Dragonite|53/100
|-boost|p1b: Serperior|spa|2
|move|p2b: Charizard|Weather Ball|p1b: Serperior
|-supereffective|p1b: Serperior|1
|-damage|p1b: Serperior|0 fnt
|faint|p1b: Serperior
|
|win|paydayvgc
||Snivii is ready for game 2.
|inactive|paydayvgc has 30 seconds to confirm battle start!
||paydayvgc is ready for game 2.
|uhtml|next|Next: Game 2 of 3
