|j|☆jacre22
|j|☆Dametrix
|html|jacre22Dametrix    
|uhtml|bestof|Game 1 of a best-of-3
|t:|1756178163
|gametype|doubles
|player|p1|jacre22|iris-gen5bw2|1269
|player|p2|Dametrix|caitlin|1251
|gen|9
|tier|[Gen 9] VGC 2025 Reg H (Bo3)
|rated|
|rule|Species Clause: Limit one of each Pokémon
|rule|Item Clause: Limit 1 of each item
|clearpoke
|poke|p1|Whimsicott, L50, F|
|poke|p1|Garchomp, L50, M|
|poke|p1|Gholdengo, L50|
|poke|p1|Incineroar, L50, F|
|poke|p1|Sneasler, L50, F|
|poke|p1|Dragonite, L50, F|
|poke|p2|Gardevoir, L50, M|
|poke|p2|Indeedee, L50, M|
|poke|p2|Sneasler, L50, M|
|poke|p2|Tyranitar, L50, M|
|poke|p2|Excadrill, L50, F|
|poke|p2|Salamence, L50, F|
|teampreview|4
|showteam|p1|Whimsicott||FocusSash|Prankster|Moonblast,Tailwind,Encore,Protect|||F|||50|,,,,,Ghost]Garchomp||LifeOrb|RoughSkin|Earthquake,DragonClaw,StompingTantrum,Protect|||M|||50|,,,,,Ground]Gholdengo||ChoiceSpecs|GoodasGold|MakeItRain,ShadowBall,Trick,PowerGem||||||50|,,,,,Steel]Incineroar||AssaultVest|Intimidate|FakeOut,FlareBlitz,KnockOff,Uturn|||F|||50|,,,,,Grass]Sneasler||WhiteHerb|Unburden|FakeOut,DireClaw,CloseCombat,Protect|||F|||50|,,,,,Stellar]Dragonite||ChoiceBand|InnerFocus|ExtremeSpeed,Outrage,IceSpinner,StompingTantrum|||F|||50|,,,,,Normal
|showteam|p2|Gardevoir||ChoiceScarf|Telepathy|ExpandingForce,DazzlingGleam,Moonblast,Trick|||M|||50|,,,,,Psychic]Indeedee||FocusSash|PsychicSurge|ExpandingForce,TeraBlast,TrickRoom,Imprison|||M|||50|,,,,,Fighting]Sneasler||PsychicSeed|Unburden|CloseCombat,DireClaw,ThroatChop,Protect|||M|||50|,,,,,Stellar]Tyranitar||AssaultVest|SandStream|RockSlide,KnockOff,LowKick,TeraBlast|||M|||50|,,,,,Flying]Excadrill||ClearAmulet|SandRush|Earthquake,IronHead,HighHorsepower,Protect|||F|||50|,,,,,Ghost]Salamence||SafetyGoggles|Intimidate|DracoMeteor,AirSlash,HeatWave,Protect|||F|||50|,,,,,Fairy
|
|t:|1756178226
|teamsize|p1|4
|teamsize|p2|4
|start
|switch|p1a: Whimsicott|Whimsicott, L50, F|100/100
|switch|p1b: Garchomp|Garchomp, L50, M|100/100
|switch|p2a: Excadrill|Excadrill, L50, F|100/100
|switch|p2b: Gardevoir|Gardevoir, L50, M|100/100
|turn|1
|
|t:|1756178245
|switch|p2a: Salamence|Salamence, L50, F|100/100
|-ability|p2a: Salamence|Intimidate|boost
|-unboost|p1a: Whimsicott|atk|1
|-unboost|p1b: Garchomp|atk|1
|-terastallize|p1b: Garchomp|Ground
|move|p1a: Whimsicott|Tailwind|p1a: Whimsicott
|-sidestart|p1: jacre22|move: Tailwind
|move|p1b: Garchomp|Earthquake|p2a: Salamence|[spread] p1a,p2b
|-immune|p2a: Salamence
|-resisted|p1a: Whimsicott
|-damage|p1a: Whimsicott|65/100
|-damage|p2b: Gardevoir|21/100
|-damage|p1b: Garchomp|91/100|[from] item: Life Orb
|move|p2b: Gardevoir|Dazzling Gleam|p1a: Whimsicott|[spread] p1a,p1b
|-damage|p1a: Whimsicott|17/100
|-damage|p1b: Garchomp|58/100
|
|upkeep
|turn|2
|
|t:|1756178295
|switch|p1b: Incineroar|Incineroar, L50, F|100/100
|-ability|p1b: Incineroar|Intimidate|boost
|-unboost|p2a: Salamence|atk|1
|-unboost|p2b: Gardevoir|atk|1
|-terastallize|p2a: Salamence|Fairy
|move|p1a: Whimsicott|Moonblast|p2b: Gardevoir
|-damage|p2b: Gardevoir|0 fnt
|faint|p2b: Gardevoir
|move|p2a: Salamence|Heat Wave|p1b: Incineroar|[spread] p1a,p1b
|-supereffective|p1a: Whimsicott
|-resisted|p1b: Incineroar
|-damage|p1a: Whimsicott|0 fnt
|-damage|p1b: Incineroar|93/100
|faint|p1a: Whimsicott
|
|upkeep
|
|t:|1756178311
|switch|p1a: Garchomp|Garchomp, L50, M, tera:Ground|58/100
|switch|p2b: Indeedee|Indeedee, L50, M|100/100
|-fieldstart|move: Psychic Terrain|[from] ability: Psychic Surge|[of] p2b: Indeedee
|turn|3
|
|t:|1756178333
|move|p1a: Garchomp|Stomping Tantrum|p2b: Indeedee
|-enditem|p2b: Indeedee|Focus Sash
|-damage|p2b: Indeedee|1/100
|-damage|p1a: Garchomp|48/100|[from] item: Life Orb
|move|p1b: Incineroar|Knock Off|p2b: Indeedee
|-supereffective|p2b: Indeedee
|-damage|p2b: Indeedee|0 fnt
|faint|p2b: Indeedee
|move|p2a: Salamence|Air Slash|p1a: Garchomp
|-damage|p1a: Garchomp|11/100
|
|upkeep
|
|t:|1756178338
|switch|p2b: Excadrill|Excadrill, L50, F|100/100
|turn|4
|
|t:|1756178349
|switch|p1b: Dragonite|Dragonite, L50, F|100/100
|move|p2a: Salamence|Protect|p2a: Salamence
|-singleturn|p2a: Salamence|Protect
|move|p2b: Excadrill|Protect|p2b: Excadrill
|-singleturn|p2b: Excadrill|Protect
|move|p1a: Garchomp|Earthquake|p2b: Excadrill|[spread] 
|-activate|p2a: Salamence|move: Protect
|-activate|p2b: Excadrill|move: Protect
|-immune|p1b: Dragonite
|
|-sideend|p1: jacre22|move: Tailwind
|upkeep
|turn|5
|
|t:|1756178399
|move|p1a: Garchomp|Stomping Tantrum|p2b: Excadrill
|-supereffective|p2b: Excadrill
|-damage|p2b: Excadrill|0 fnt
|faint|p2b: Excadrill
|-damage|p1a: Garchomp|2/100|[from] item: Life Orb
|move|p2a: Salamence|Draco Meteor|p1b: Dragonite
|-supereffective|p1b: Dragonite
|-damage|p1b: Dragonite|0 fnt
|-unboost|p2a: Salamence|spa|2
|faint|p1b: Dragonite
|
|upkeep
|
|t:|1756178409
|switch|p1b: Incineroar|Incineroar, L50, F|93/100
|-ability|p1b: Incineroar|Intimidate|boost
|-unboost|p2a: Salamence|atk|1
|turn|6
|
|t:|1756178422
|move|p1a: Garchomp|Stomping Tantrum|p2a: Salamence
|-damage|p2a: Salamence|21/100
|-damage|p1a: Garchomp|0 fnt|[from] item: Life Orb
|faint|p1a: Garchomp
|move|p2a: Salamence|Air Slash|p1b: Incineroar
|-damage|p1b: Incineroar|80/100
|move|p1b: Incineroar|Knock Off|p2a: Salamence
|-resisted|p2a: Salamence
|-damage|p2a: Salamence|0 fnt
|-enditem|p2a: Salamence|Safety Goggles|[from] move: Knock Off|[of] p1b: Incineroar
|faint|p2a: Salamence
|
|win|jacre22
||Dametrix is ready for game 2.
||jacre22 is ready for game 2.
|uhtml|next|Next: Game 2 of 3
|l|☆Dametrix
|player|p2|
