|j|‽tavinn_n
|j|☆hugoggg
|html|tavinn_nhugoggg    
|uhtml|bestof|Game 2 of a best-of-3
|t:|1785957840
|gametype|doubles
|player|p1|tavinn_n|ghetsis|1215
|player|p2|hugoggg|102|1212
|gen|9
|tier|[Gen 9 Champions] VGC 2026 Reg M-B (Bo3)
|rated|
|rule|Species Clause: Limit one of each Pokémon
|rule|Item Clause: Limit 1 of each item
|clearpoke
|poke|p1|Staraptor, L50, F|
|poke|p1|Delphox, L50, F|
|poke|p1|Whimsicott, L50, M|
|poke|p1|Glimmora, L50, F|
|poke|p1|Garchomp, L50, M|
|poke|p1|Kingambit, L50, F|
|poke|p2|Froslass, L50, F|
|poke|p2|Dragonite, L50, F|
|poke|p2|Sneasler, L50, F|
|poke|p2|Arcanine-Hisui, L50, F|
|poke|p2|Gholdengo, L50|
|poke|p2|Kingambit, L50, F|
|teampreview|4
|showteam|p1|Staraptor||Staraptite|Intimidate|Protect,Roost,BraveBird,CloseCombat|Jolly||F|||50|]Delphox||Delphoxite|Blaze|Protect,Encore,HeatWave,Psychic|Timid||F|||50|]Whimsicott||OccaBerry|Prankster|Tailwind,Charm,Moonblast,LightScreen|Bold||M|||50|]Glimmora||FocusSash|ToxicDebris|SpikyShield,PowerGem,EarthPower,SludgeBomb|Timid||F|||50|]Garchomp||ChoiceScarf|RoughSkin|RockSlide,Earthquake,StompingTantrum,DragonClaw|Jolly||M|||50|]Kingambit||ChopleBerry|Defiant|IronHead,LowKick,SuckerPunch,KowtowCleave|Adamant||F|||50|
|showteam|p2|Froslass||Froslassite|CursedBody|Blizzard,ShadowBall,AuroraVeil,Protect|Modest||F|||50|]Dragonite||DragonFang|Multiscale|ScaleShot,LowKick,Tailwind,Protect|Adamant||F|||50|]Sneasler||WhiteHerb|Unburden|CloseCombat,GunkShot,FakeOut,Protect|Adamant||F|||50|]Arcanine-Hisui||FocusSash|RockHead|HeadSmash,FlareBlitz,ExtremeSpeed,Protect|Adamant||F|||50|]Gholdengo||ChoiceScarf|GoodasGold|MakeItRain,ShadowBall,PowerGem,Trick|Modest|||||50|]Kingambit||LifeOrb|Defiant|KowtowCleave,SuckerPunch,SwordsDance,Protect|Adamant||F|||50|
|inactive|Battle timer is ON: inactive players will automatically lose when time's up. (requested by tavinn_n)
|inactive|hugoggg has 60 seconds left.
|
|t:|1785957880
|teamsize|p1|4
|teamsize|p2|4
|start
|switch|p1a: Staraptor|Staraptor, L50, F|100/100
|switch|p1b: Whimsicott|Whimsicott, L50, M|100/100
|switch|p2a: Rollin girl|Dragonite, L50, F|100/100
|switch|p2b: Animal|Arcanine-Hisui, L50, F|100/100
|-ability|p1a: Staraptor|Intimidate|boost
|-unboost|p2a: Rollin girl|atk|1
|-unboost|p2b: Animal|atk|1
|turn|1
|
|t:|1785957900
|detailschange|p1a: Staraptor|Staraptor-Mega, L50, F
|-mega|p1a: Staraptor|Staraptor|Staraptite
|move|p2b: Animal|Protect|p2b: Animal
|-singleturn|p2b: Animal|Protect
|move|p1b: Whimsicott|Charm|p1a: Staraptor
|-boost|p1a: Staraptor|atk|2
|move|p1a: Staraptor|Close Combat|p2a: Rollin girl
|-resisted|p2a: Rollin girl|1
|-damage|p2a: Rollin girl|70/100
|-boost|p1a: Staraptor|def|1
|-boost|p1a: Staraptor|spd|1
|move|p2a: Rollin girl|Tailwind|p2a: Rollin girl
|-sidestart|p2: hugoggg|move: Tailwind
|
|upkeep
|turn|2
|
|t:|1785957919
|move|p1b: Whimsicott|Tailwind|p1b: Whimsicott
|-sidestart|p1: tavinn_n|move: Tailwind
|move|p1a: Staraptor|Close Combat|p2b: Animal
|-supereffective|p2b: Animal|1
|-enditem|p2b: Animal|Focus Sash
|-damage|p2b: Animal|1/100
|-boost|p1a: Staraptor|def|1
|-boost|p1a: Staraptor|spd|1
|move|p2b: Animal|Head Smash|p1a: Staraptor
|-damage|p1a: Staraptor|75/100
|move|p2a: Rollin girl|Scale Shot|p1a: Staraptor
|-damage|p1a: Staraptor|69/100
|-damage|p1a: Staraptor|63/100
|-damage|p1a: Staraptor|58/100
|-damage|p1a: Staraptor|51/100
|-hitcount|p1a: Staraptor|4
|-unboost|p2a: Rollin girl|def|1
|-boost|p2a: Rollin girl|spe|1
|
|upkeep
|turn|3
|
|t:|1785957936
|move|p2b: Animal|Extreme Speed|p1a: Staraptor
|-damage|p1a: Staraptor|42/100
|move|p2a: Rollin girl|Scale Shot|p1a: Staraptor
|-damage|p1a: Staraptor|37/100
|-damage|p1a: Staraptor|32/100
|-damage|p1a: Staraptor|27/100
|-hitcount|p1a: Staraptor|3
|-unboost|p2a: Rollin girl|def|1
|-boost|p2a: Rollin girl|spe|1
|move|p1a: Staraptor|Roost|p1a: Staraptor
|-heal|p1a: Staraptor|77/100
|-singleturn|p1a: Staraptor|move: Roost
|move|p1b: Whimsicott|Moonblast|p2a: Rollin girl
|-supereffective|p2a: Rollin girl|1
|-damage|p2a: Rollin girl|12/100
|
|upkeep
|turn|4
|inactive|tavinn_n has 30 seconds left.
|inactive|tavinn_n has 20 seconds left.
|inactive|tavinn_n has 15 seconds left.
|
|t:|1785957976
|move|p1b: Whimsicott|Charm|p2a: Rollin girl
|-unboost|p2a: Rollin girl|atk|2
|move|p2a: Rollin girl|Low Kick|p1b: Whimsicott
|-resisted|p1b: Whimsicott|1
|-damage|p1b: Whimsicott|98/100
|move|p1a: Staraptor|Close Combat|p2b: Animal
|-supereffective|p2b: Animal|1
|-damage|p2b: Animal|0 fnt
|-boost|p1a: Staraptor|def|1
|-boost|p1a: Staraptor|spd|1
|faint|p2b: Animal
|
|-sideend|p2: hugoggg|move: Tailwind
|upkeep
|
|t:|1785957985
|switch|p2b: Ghost rule|Froslass, L50, F|100/100
|turn|5
|
|t:|1785958006
|switch|p2a: Villain|Kingambit, L50, F|100/100
|detailschange|p2b: Ghost rule|Froslass-Mega, L50, F
|-mega|p2b: Ghost rule|Froslass|Froslassite
|-weather|Snowscape|[from] ability: Snow Warning|[of] p2b: Ghost rule
|move|p1a: Staraptor|Protect|p1a: Staraptor
|-singleturn|p1a: Staraptor|Protect
|move|p1b: Whimsicott|Light Screen|p1b: Whimsicott
|-sidestart|p1: tavinn_n|move: Light Screen
|move|p2b: Ghost rule|Blizzard|p1b: Whimsicott|[spread] p1b
|-activate|p1a: Staraptor|move: Protect
|-supereffective|p1b: Whimsicott|1
|-damage|p1b: Whimsicott|20/100y
|
|-weather|Snowscape|[upkeep]
|-sideend|p1: tavinn_n|move: Tailwind
|upkeep
|turn|6
|
|t:|1785958031
|move|p2b: Ghost rule|Protect|p2b: Ghost rule
|-singleturn|p2b: Ghost rule|Protect
|move|p1b: Whimsicott|Charm|p1a: Staraptor
|-boost|p1a: Staraptor|atk|2
|move|p1a: Staraptor|Brave Bird|p2b: Ghost rule
|-activate|p2b: Ghost rule|move: Protect
|move|p2a: Villain|Swords Dance|p2a: Villain
|-boost|p2a: Villain|atk|2
|
|-weather|Snowscape|[upkeep]
|upkeep
|turn|7
|
|t:|1785958047
|move|p2b: Ghost rule|Protect|p2b: Ghost rule
|-singleturn|p2b: Ghost rule|Protect
|move|p1b: Whimsicott|Charm|p1a: Staraptor
|-boost|p1a: Staraptor|atk|2
|move|p1a: Staraptor|Brave Bird|p2b: Ghost rule
|-activate|p2b: Ghost rule|move: Protect
|move|p2a: Villain|Kowtow Cleave|p1a: Staraptor
|-resisted|p1a: Staraptor|1
|-damage|p1a: Staraptor|54/100
|-damage|p2a: Villain|90/100|[from] item: Life Orb
|
|-weather|Snowscape|[upkeep]
|upkeep
|turn|8
|
|t:|1785958060
|move|p1a: Staraptor|Roost|p1a: Staraptor
|-heal|p1a: Staraptor|100/100
|-singleturn|p1a: Staraptor|move: Roost
|move|p2b: Ghost rule|Blizzard|p1a: Staraptor|[spread] p1a,p1b
|-supereffective|p1b: Whimsicott|1
|-damage|p1a: Staraptor|87/100
|-damage|p1b: Whimsicott|0 fnt
|faint|p1b: Whimsicott
|move|p2a: Villain|Kowtow Cleave|p1a: Staraptor
|-resisted|p1a: Staraptor|1
|-damage|p1a: Staraptor|62/100
|-damage|p2a: Villain|80/100|[from] item: Life Orb
|
|-weather|Snowscape|[upkeep]
|upkeep
|
|t:|1785958068
|switch|p1b: Garchomp|Garchomp, L50, M|100/100
|turn|9
|
|t:|1785958082
|move|p2a: Villain|Sucker Punch|p1b: Garchomp
|-damage|p1b: Garchomp|2/100
|-damage|p2a: Villain|68/100|[from] ability: Rough Skin|[of] p1b: Garchomp
|-damage|p2a: Villain|58/100|[from] item: Life Orb
|move|p1b: Garchomp|Stomping Tantrum|p2a: Villain
|-supereffective|p2a: Villain|1
|-damage|p2a: Villain|2/100
|move|p1a: Staraptor|Brave Bird|p2b: Ghost rule
|-damage|p2b: Ghost rule|0 fnt
|faint|p2b: Ghost rule
|-damage|p1a: Staraptor|32/100|[from] Recoil
|
|-weather|none
|-sideend|p1: tavinn_n|move: Light Screen
|upkeep
|
|t:|1785958092
|switch|p2b: Rollin girl|Dragonite, L50, F|12/100
|turn|10
|
|t:|1785958117
|move|p2a: Villain|Protect|p2a: Villain
|-singleturn|p2a: Villain|Protect
|move|p1b: Garchomp|Stomping Tantrum|p2a: Villain
|-activate|p2a: Villain|move: Protect
|move|p1a: Staraptor|Roost|p1a: Staraptor
|-heal|p1a: Staraptor|83/100
|-singleturn|p1a: Staraptor|move: Roost
|move|p2b: Rollin girl|Scale Shot|p1b: Garchomp
|-supereffective|p1b: Garchomp|1
|-damage|p1b: Garchomp|0 fnt
|faint|p1b: Garchomp
|-hitcount|p1: Garchomp|1
|-unboost|p2b: Rollin girl|def|1
|-boost|p2b: Rollin girl|spe|1
|
|upkeep
|
|t:|1785958126
|switch|p1b: Glimmora|Glimmora, L50, F|100/100
|turn|11
|
|t:|1785958138
|move|p2a: Villain|Sucker Punch|p1a: Staraptor
|-resisted|p1a: Staraptor|1
|-damage|p1a: Staraptor|62/100
|-damage|p2a: Villain|0 fnt|[from] item: Life Orb
|faint|p2a: Villain
|move|p2b: Rollin girl|Scale Shot|p1b: Glimmora
|-damage|p1b: Glimmora|79/100
|-activate|p1b: Glimmora|ability: Toxic Debris
|-sidestart|p2: hugoggg|move: Toxic Spikes
|-damage|p1b: Glimmora|58/100
|-activate|p1b: Glimmora|ability: Toxic Debris
|-sidestart|p2: hugoggg|move: Toxic Spikes
|-hitcount|p1b: Glimmora|2
|-unboost|p2b: Rollin girl|def|1
|-boost|p2b: Rollin girl|spe|1
|move|p1a: Staraptor|Close Combat|p2b: Rollin girl
|-resisted|p2b: Rollin girl|1
|-damage|p2b: Rollin girl|0 fnt
|-boost|p1a: Staraptor|def|1
|-boost|p1a: Staraptor|spd|1
|faint|p2b: Rollin girl
|
|win|tavinn_n
||hugoggg is ready for game 3.
|inactive|tavinn_n has 30 seconds to confirm battle start!
||tavinn_n is ready for game 3.
|uhtml|next|Next: Game 3 of 3
|l|‽tavinn_n
|player|p1|
