|j|â˜†Cesarnoouu
|j|â˜†DrunkPestoBirb
|html|CesarnoouuDrunkPestoBirb    
|uhtml|bestof|Game 3 of a best-of-3
|t:|1782420074
|gametype|doubles
|player|p1|Cesarnoouu|steven|1069
|player|p2|DrunkPestoBirb|1|1000
|gen|9
|tier|[Gen 9 Champions] VGC 2026 Reg M-B (Bo3)
|rated|
|rule|Species Clause: Limit one of each PokÃ©mon
|rule|Item Clause: Limit 1 of each item
|clearpoke
|poke|p1|Staraptor, L50, M, shiny|
|poke|p1|Sneasler, L50, F|
|poke|p1|Whimsicott, L50, M|
|poke|p1|Grimmsnarl, L50, M|
|poke|p1|Gholdengo, L50|
|poke|p1|Sinistcha, L50|
|poke|p2|Raichu, L50, M|
|poke|p2|Corviknight, L50, F|
|poke|p2|Sylveon, L50, F|
|poke|p2|Alcremie, L50, F|
|poke|p2|Arcanine-Hisui, L50, F|
|poke|p2|Oranguru, L50, M|
|teampreview|4
|showteam|p1|Staraptor||Staraptite|Intimidate|CloseCombat,Protect,BraveBird,Roost|Jolly||M|||50|]Sneasler||PayapaBerry|PoisonTouch|FakeOut,DireClaw,BrickBreak,Taunt|Jolly||F|||50|]Whimsicott||FocusSash|Prankster|Tailwind,Charm,Encore,DazzlingGleam|Serious||M|||50|]Grimmsnarl||LightClay|Prankster|LightScreen,Reflect,PartingShot,LashOut|Impish||M|||50|]Gholdengo||LifeOrb|GoodasGold|MakeItRain,FlashCannon,DazzlingGleam,NastyPlot|Timid|||||50|]Sinistcha||Leftovers|Hospitality|RagePowder,MatchaGotcha,ShadowBall,StrengthSap|Calm|||||50|
|showteam|p2|Raichu||RaichuniteY|LightningRod|ZapCannon,FocusBlast,GrassKnot,FakeOut|Hasty||M|||50|]Corviknight||Leftovers|MirrorArmor|BulkUp,Roost,BodyPress,BraveBird|Careful||F|||50|]Sylveon||BrightPowder|Pixilate|HyperVoice,Moonblast,Roar,Protect|Calm||F|||50|]Alcremie||SitrusBerry|AromaVeil|Decorate,Psychic,Protect,Recover|Calm||F|||50|]Arcanine-Hisui||HardStone|RockHead|HeadSmash,CloseCombat,FlareBlitz,WildCharge|Jolly||F|||50|]Oranguru||MentalHerb|InnerFocus|Instruct,TrickRoom,Taunt,Extrasensory|Sassy||M|||50|
|inactive|Battle timer is ON: inactive players will automatically lose when time's up. (requested by Cesarnoouu)
|
|t:|1782420095
|teamsize|p1|4
|teamsize|p2|4
|start
|switch|p1a: Staraptor|Staraptor, L50, M, shiny|100/100
|switch|p1b: Sneasler|Sneasler, L50, F|100/100
|switch|p2a: Raichu|Raichu, L50, M|100/100
|switch|p2b: Oranguru|Oranguru, L50, M|100/100
|-ability|p1a: Staraptor|Intimidate|boost
|-unboost|p2a: Raichu|atk|1
|-fail|p2b: Oranguru|unboost|Attack|[from] ability: Inner Focus|[of] p2b: Oranguru
|turn|1
|
|t:|1782420113
|detailschange|p2a: Raichu|Raichu-Mega-Y, L50, M
|-mega|p2a: Raichu|Raichu|Raichunite Y
|detailschange|p1a: Staraptor|Staraptor-Mega, L50, M, shiny
|-mega|p1a: Staraptor|Staraptor|Staraptite
|move|p2a: Raichu|Fake Out|p1a: Staraptor
|-crit|p1a: Staraptor
|-damage|p1a: Staraptor|83/100
|move|p1b: Sneasler|Fake Out|p2a: Raichu
|-damage|p2a: Raichu|71/100
|cant|p1a: Staraptor|flinch
|move|p2b: Oranguru|Extrasensory|p1b: Sneasler
|-supereffective|p1b: Sneasler|2
|-enditem|p1b: Sneasler|Payapa Berry|[eat]
|-enditem|p1b: Sneasler|Payapa Berry|[weaken]
|-damage|p1b: Sneasler|30/100
|
|upkeep
|turn|2
|
|t:|1782420131
|move|p2a: Raichu|Zap Cannon|p1a: Staraptor
|-supereffective|p1a: Staraptor|1
|-damage|p1a: Staraptor|0 fnt
|faint|p1a: Staraptor
|move|p1b: Sneasler|Dire Claw|p2b: Oranguru
|-damage|p2b: Oranguru|58/100
|-status|p2b: Oranguru|par
|move|p2b: Oranguru|Instruct|p2a: Raichu
|-singleturn|p2a: Raichu|move: Instruct|[of] p2b: Oranguru
|move|p2a: Raichu|Zap Cannon|p1b: Sneasler
|-damage|p1b: Sneasler|0 fnt
|faint|p1b: Sneasler
|
|upkeep
|inactive|Cesarnoouu has 30 seconds left.
|inactive|Cesarnoouu has 20 seconds left.
|inactive|Cesarnoouu has 15 seconds left.
|
|t:|1782420172
|switch|p1b: Gholdengo|Gholdengo, L50|100/100
|switch|p1a: Sinistcha|Sinistcha, L50|100/100
|turn|3
|
|t:|1782420187
|move|p1a: Sinistcha|Rage Powder|p1a: Sinistcha
|-singleturn|p1a: Sinistcha|move: Rage Powder
|move|p2a: Raichu|Zap Cannon|p1a: Sinistcha
|-resisted|p1a: Sinistcha|1
|-damage|p1a: Sinistcha|63/100
|-status|p1a: Sinistcha|par
|move|p1b: Gholdengo|Dazzling Gleam|p2a: Raichu|[spread] p2a,p2b
|-damage|p2a: Raichu|26/100
|-damage|p2b: Oranguru|42/100 par
|-damage|p1b: Gholdengo|90/100|[from] item: Life Orb
|move|p2b: Oranguru|Instruct|p1a: Sinistcha
|-singleturn|p1a: Sinistcha|move: Instruct|[of] p2b: Oranguru
|move|p1a: Sinistcha|Rage Powder||[still]
|-fail|p1a: Sinistcha
|
|-heal|p1a: Sinistcha|69/100 par|[from] item: Leftovers
|upkeep
|turn|4
|inactive|DrunkPestoBirb has 30 seconds left.
|inactive|DrunkPestoBirb has 20 seconds left.
|
|t:|1782420224
|move|p1a: Sinistcha|Rage Powder|p1a: Sinistcha
|-singleturn|p1a: Sinistcha|move: Rage Powder
|move|p2a: Raichu|Zap Cannon|p1a: Sinistcha
|-resisted|p1a: Sinistcha|1
|-damage|p1a: Sinistcha|28/100 par
|move|p1b: Gholdengo|Dazzling Gleam|p2a: Raichu|[spread] p2a,p2b
|-damage|p2a: Raichu|0 fnt
|-damage|p2b: Oranguru|26/100 par
|faint|p2a: Raichu
|-damage|p1b: Gholdengo|80/100|[from] item: Life Orb
|move|p2b: Oranguru|Taunt|p1a: Sinistcha
|-start|p1a: Sinistcha|move: Taunt
|
|-heal|p1a: Sinistcha|34/100 par|[from] item: Leftovers
|upkeep
|
|t:|1782420240
|switch|p2a: Corviknight|Corviknight, L50, F|100/100
|turn|5
|
|t:|1782420253
|move|p1b: Gholdengo|Nasty Plot|p1b: Gholdengo
|-boost|p1b: Gholdengo|spa|2
|move|p2a: Corviknight|Bulk Up|p2a: Corviknight
|-boost|p2a: Corviknight|atk|1
|-boost|p2a: Corviknight|def|1
|move|p1a: Sinistcha|Matcha Gotcha|p2a: Corviknight|[spread] p2a
|-miss|p1a: Sinistcha|p2b: Oranguru
|-resisted|p2a: Corviknight|2
|-damage|p2a: Corviknight|94/100
|-heal|p1a: Sinistcha|38/100 par|[from] drain|[of] p2a: Corviknight
|-status|p2a: Corviknight|brn
|move|p2b: Oranguru|Instruct|p2a: Corviknight
|-singleturn|p2a: Corviknight|move: Instruct|[of] p2b: Oranguru
|move|p2a: Corviknight|Bulk Up|p2a: Corviknight
|-boost|p2a: Corviknight|atk|1
|-boost|p2a: Corviknight|def|1
|
|-heal|p2a: Corviknight|100/100 brn|[from] item: Leftovers
|-heal|p1a: Sinistcha|44/100 par|[from] item: Leftovers
|-damage|p2a: Corviknight|94/100 brn|[from] brn
|upkeep
|turn|6
|inactive|DrunkPestoBirb has 30 seconds left.
|inactive|DrunkPestoBirb has 20 seconds left.
|
|t:|1782420289
|move|p1b: Gholdengo|Dazzling Gleam|p2b: Oranguru|[spread] p2a,p2b
|-resisted|p2a: Corviknight|1
|-damage|p2a: Corviknight|74/100 brn
|-damage|p2b: Oranguru|0 fnt
|faint|p2b: Oranguru
|-damage|p1b: Gholdengo|70/100|[from] item: Life Orb
|move|p2a: Corviknight|Brave Bird|p1a: Sinistcha
|-supereffective|p1a: Sinistcha|1
|-damage|p1a: Sinistcha|0 fnt
|faint|p1a: Sinistcha
|-damage|p2a: Corviknight|62/100 brn|[from] Recoil
|
|-heal|p2a: Corviknight|68/100 brn|[from] item: Leftovers
|-damage|p2a: Corviknight|62/100 brn|[from] brn
|upkeep
|
|t:|1782420299
|switch|p2b: Alcremie|Alcremie, L50, F|100/100
|turn|7
|
|t:|1782420309
|move|p2b: Alcremie|Protect|p2b: Alcremie
|-singleturn|p2b: Alcremie|Protect
|move|p1b: Gholdengo|Make It Rain|p2b: Alcremie|[spread] p2a
|-activate|p2b: Alcremie|move: Protect
|-resisted|p2a: Corviknight|1
|-damage|p2a: Corviknight|21/100 brn
|-unboost|p1b: Gholdengo|spa|2
|-damage|p1b: Gholdengo|60/100|[from] item: Life Orb
|move|p2a: Corviknight|Roost|p2a: Corviknight
|-heal|p2a: Corviknight|72/100 brn
|-singleturn|p2a: Corviknight|move: Roost
|
|-heal|p2a: Corviknight|78/100 brn|[from] item: Leftovers
|-damage|p2a: Corviknight|72/100 brn|[from] brn
|upkeep
|turn|8
|inactive|DrunkPestoBirb has 30 seconds left.
|
|t:|1782420335
|move|p1b: Gholdengo|Make It Rain|p2b: Alcremie|[spread] p2a,p2b
|-resisted|p2a: Corviknight|1
|-supereffective|p2b: Alcremie|1
|-damage|p2a: Corviknight|51/100 brn
|-damage|p2b: Alcremie|13/100
|-unboost|p1b: Gholdengo|spa|2
|-enditem|p2b: Alcremie|Sitrus Berry|[eat]
|-heal|p2b: Alcremie|38/100|[from] item: Sitrus Berry
|-damage|p1b: Gholdengo|51/100|[from] item: Life Orb
|move|p2a: Corviknight|Brave Bird|p1b: Gholdengo
|-resisted|p1b: Gholdengo|1
|-damage|p1b: Gholdengo|30/100
|-damage|p2a: Corviknight|46/100 brn|[from] Recoil
|move|p2b: Alcremie|Decorate|p2a: Corviknight
|-boost|p2a: Corviknight|atk|2
|-boost|p2a: Corviknight|spa|2
|
|-heal|p2a: Corviknight|52/100 brn|[from] item: Leftovers
|-damage|p2a: Corviknight|46/100 brn|[from] brn
|upkeep
|turn|9
|
|t:|1782420359
|move|p1b: Gholdengo|Make It Rain|p2b: Alcremie|[spread] p2a,p2b
|-resisted|p2a: Corviknight|1
|-supereffective|p2b: Alcremie|1
|-damage|p2a: Corviknight|35/100 brn
|-damage|p2b: Alcremie|0 fnt
|-unboost|p1b: Gholdengo|spa|2
|faint|p2b: Alcremie
|-damage|p1b: Gholdengo|20/100y|[from] item: Life Orb
|move|p2a: Corviknight|Roost|p2a: Corviknight
|-heal|p2a: Corviknight|85/100 brn
|-singleturn|p2a: Corviknight|move: Roost
|
|-heal|p2a: Corviknight|91/100 brn|[from] item: Leftovers
|-damage|p2a: Corviknight|85/100 brn|[from] brn
|upkeep
|turn|10
|-message|Cesarnoouu forfeited.
|
|win|DrunkPestoBirb
|raw|Cesarnoouu's rating: 1069 → 1045(-24 for losing)
|raw|DrunkPestoBirb's rating: 1000 → 1048(+48 for winning)
|l|â˜†Cesarnoouu
|player|p1|
|l|â˜†DrunkPestoBirb
|player|p2|
|j|â˜†DrunkPestoBirb
|player|p2|DrunkPestoBirb|1|
