|j|☆eggtophat_real
|j|☆rampopst
|html|eggtophat_realrampopst    
|uhtml|bestof|Game 1 of a best-of-3
|t:|1757090652
|gametype|doubles
|player|p1|eggtophat_real|miku-fire|1103
|player|p2|rampopst|1|1038
|gen|9
|tier|[Gen 9] VGC 2025 Reg H (Bo3)
|rated|
|rule|Species Clause: Limit one of each Pokémon
|rule|Item Clause: Limit 1 of each item
|clearpoke
|poke|p1|Gholdengo, L50|
|poke|p1|Sneasler, L50, M|
|poke|p1|Rillaboom, L50, M|
|poke|p1|Dragonite, L50, F|
|poke|p1|Ninetales-Alola, L50, F|
|poke|p1|Arcanine-Hisui, L50, F|
|poke|p2|Hatterene, L50, F|
|poke|p2|Indeedee-F, L50, F|
|poke|p2|Torkoal, L50, M|
|poke|p2|Gallade, L50, M|
|poke|p2|Araquanid, L50, M|
|poke|p2|Amoonguss, L50, F|
|teampreview|4
|showteam|p1|Gholdengo||GrassySeed|GoodasGold|NastyPlot,MakeItRain,ShadowBall,Protect||||||50|,,,,,Water]Sneasler||WhiteHerb|Unburden|CloseCombat,DireClaw,Coaching,Protect|||M|||50|,,,,,Ghost]Rillaboom||AssaultVest|GrassySurge|FakeOut,GrassyGlide,DrumBeating,HighHorsepower|||M|||50|,,,,,Fire]Dragonite||LoadedDice|Multiscale|ScaleShot,StompingTantrum,Tailwind,Protect|||F|||50|,,,,,Ground]Ninetales-Alola||FocusSash|SnowWarning|Blizzard,IcyWind,Encore,AuroraVeil|||F|||50|,,,,,Ghost]Arcanine-Hisui||ClearAmulet|Intimidate|RockSlide,FlareBlitz,ExtremeSpeed,Protect|||F|||50|,,,,,Water
|showteam|p2|Hatterene||LifeOrb|MagicBounce|TrickRoom,ExpandingForce,DazzlingGleam,Protect|||F|||50|,,,,,Water]Indeedee-F||PsychicSeed|PsychicSurge|TrickRoom,FollowMe,HelpingHand,DazzlingGleam|||F|||50|,,,,,Grass]Torkoal||ChoiceSpecs|Drought|Eruption,HeatWave,Flamethrower,EarthPower|||M|||50|,,,,,Fire]Gallade||ScopeLens|Sharpness|PsychoCut,SacredSword,WideGuard,Protect|||M|||50|,,,,,Psychic]Araquanid||Leftovers|WaterBubble|Liquidation,LeechLife,WideGuard,Protect|||M|||50|,,,,,Grass]Amoonguss||RockyHelmet|Regenerator|Spore,PollenPuff,RagePowder,Protect|||F|||50|,,,,,Water
|inactive|Battle timer is ON: inactive players will automatically lose when time's up. (requested by eggtophat_real)
|inactive|rampopst has 60 seconds left.
|
|t:|1757090684
|teamsize|p1|4
|teamsize|p2|4
|start
|switch|p1a: Arcanine|Arcanine-Hisui, L50, F|100/100
|switch|p1b: Sneasler|Sneasler, L50, M|100/100
|switch|p2a: Hatterene|Hatterene, L50, F|100/100
|switch|p2b: Indeedee|Indeedee-F, L50, F|100/100
|-ability|p1a: Arcanine|Intimidate|boost
|-unboost|p2a: Hatterene|atk|1
|-unboost|p2b: Indeedee|atk|1
|-fieldstart|move: Psychic Terrain|[from] ability: Psychic Surge|[of] p2b: Indeedee
|-enditem|p2b: Indeedee|Psychic Seed
|-boost|p2b: Indeedee|spd|1|[from] item: Psychic Seed
|turn|1
|
|t:|1757090693
|move|p1b: Sneasler|Coaching|p1a: Arcanine
|-boost|p1a: Arcanine|atk|1
|-boost|p1a: Arcanine|def|1
|move|p1a: Arcanine|Rock Slide|p2a: Hatterene|[spread] p2a,p2b
|-crit|p2a: Hatterene
|-damage|p2a: Hatterene|31/100
|-damage|p2b: Indeedee|63/100
|move|p2b: Indeedee|Dazzling Gleam|p1b: Sneasler|[spread] p1a,p1b
|-resisted|p1a: Arcanine
|-damage|p1a: Arcanine|92/100
|-damage|p1b: Sneasler|85/100
|move|p2a: Hatterene|Trick Room|p2a: Hatterene
|-fieldstart|move: Trick Room|[of] p2a: Hatterene
|
|upkeep
|turn|2
|
|t:|1757090711
|switch|p1b: Rillaboom|Rillaboom, L50, M|100/100
|-fieldstart|move: Grassy Terrain|[from] ability: Grassy Surge|[of] p1b: Rillaboom
|move|p2b: Indeedee|Helping Hand|p2a: Hatterene
|-singleturn|p2a: Hatterene|Helping Hand|[of] p2b: Indeedee
|move|p1a: Arcanine|Extreme Speed|p2a: Hatterene
|-damage|p2a: Hatterene|0 fnt
|faint|p2a: Hatterene
|
|-heal|p2b: Indeedee|69/100|[from] Grassy Terrain
|-heal|p1a: Arcanine|98/100|[from] Grassy Terrain
|upkeep
|
|t:|1757090720
|switch|p2a: Torkoal|Torkoal, L50, M|100/100
|-weather|SunnyDay|[from] ability: Drought|[of] p2a: Torkoal
|turn|3
|
|t:|1757090738
|-terastallize|p2a: Torkoal|Fire
|move|p2b: Indeedee|Helping Hand|p2a: Torkoal
|-singleturn|p2a: Torkoal|Helping Hand|[of] p2b: Indeedee
|move|p1b: Rillaboom|Fake Out|p2a: Torkoal
|-damage|p2a: Torkoal|90/100
|cant|p2a: Torkoal|flinch
|move|p1a: Arcanine|Rock Slide|p2b: Indeedee|[spread] p2a,p2b
|-supereffective|p2a: Torkoal
|-crit|p2b: Indeedee
|-damage|p2a: Torkoal|25/100
|-damage|p2b: Indeedee|10/100
|
|-weather|SunnyDay|[upkeep]
|-heal|p2a: Torkoal|32/100|[from] Grassy Terrain
|-heal|p2b: Indeedee|16/100|[from] Grassy Terrain
|-heal|p1a: Arcanine|100/100|[from] Grassy Terrain
|upkeep
|turn|4
|
|t:|1757090756
|move|p2b: Indeedee|Helping Hand|p2a: Torkoal
|-singleturn|p2a: Torkoal|Helping Hand|[of] p2b: Indeedee
|move|p1a: Arcanine|Extreme Speed|p2a: Torkoal
|-damage|p2a: Torkoal|3/100
|move|p1b: Rillaboom|Grassy Glide|p2b: Indeedee
|-damage|p2b: Indeedee|0 fnt
|faint|p2b: Indeedee
|move|p2a: Torkoal|Heat Wave|p1b: Rillaboom|[spread] p1a,p1b
|-resisted|p1a: Arcanine
|-supereffective|p1b: Rillaboom
|-damage|p1a: Arcanine|60/100
|-damage|p1b: Rillaboom|0 fnt
|faint|p1b: Rillaboom
|
|-weather|SunnyDay|[upkeep]
|-heal|p2a: Torkoal|10/100|[from] Grassy Terrain
|-heal|p1a: Arcanine|66/100|[from] Grassy Terrain
|upkeep
|
|t:|1757090774
|switch|p2b: Gallade|Gallade, L50, M|100/100
|switch|p1b: Sneasler|Sneasler, L50, M|85/100
|turn|5
|
|t:|1757090795
|move|p1b: Sneasler|Protect|p1b: Sneasler
|-singleturn|p1b: Sneasler|Protect
|move|p1a: Arcanine|Extreme Speed|p2a: Torkoal
|-damage|p2a: Torkoal|0 fnt
|faint|p2a: Torkoal
|move|p2b: Gallade|Psycho Cut|p1b: Sneasler
|-activate|p1b: Sneasler|move: Protect
|
|-weather|SunnyDay|[upkeep]
|-heal|p1a: Arcanine|72/100|[from] Grassy Terrain
|-heal|p1b: Sneasler|91/100|[from] Grassy Terrain
|-fieldend|move: Trick Room
|upkeep
|turn|6
|
|t:|1757090804
|move|p1b: Sneasler|Coaching|p1a: Arcanine
|-boost|p1a: Arcanine|atk|1
|-boost|p1a: Arcanine|def|1
|move|p1a: Arcanine|Flare Blitz|p2b: Gallade
|-damage|p2b: Gallade|0 fnt
|faint|p2b: Gallade
|-damage|p1a: Arcanine|44/100|[from] Recoil
|
|win|eggtophat_real
||eggtophat_real is ready for game 2.
|inactive|rampopst has 30 seconds to confirm battle start!
