|j|☆Neofalcon
|j|☆JuanGuerrero09
|html|NeofalconJuanGuerrero09    
|uhtml|bestof|Game 2 of a best-of-3
|t:|1757155164
|gametype|doubles
|player|p1|Neofalcon|265|1181
|player|p2|JuanGuerrero09|170|1178
|gen|9
|tier|[Gen 9] VGC 2025 Reg H (Bo3)
|rated|
|rule|Species Clause: Limit one of each Pokémon
|rule|Item Clause: Limit 1 of each item
|clearpoke
|poke|p1|Talonflame, L50, M|
|poke|p1|Garchomp, L50, F|
|poke|p1|Tyranitar, L50, M|
|poke|p1|Milotic, L50, F|
|poke|p1|Amoonguss, L50, M|
|poke|p1|Gholdengo, L50|
|poke|p2|Sneasler, L50, M|
|poke|p2|Indeedee, L50, M|
|poke|p2|Tyranitar, L50, M|
|poke|p2|Excadrill, L50, M|
|poke|p2|Gholdengo, L50|
|poke|p2|Incineroar, L50, M|
|teampreview|4
|showteam|p1|Talonflame||CovertCloak|GaleWings|DualWingbeat,Tailwind,WillOWisp,Taunt|||M|||50|,,,,,Ghost]Garchomp||LifeOrb|RoughSkin|Protect,StompingTantrum,Earthquake,DragonClaw|||F|||50|,,,,,Steel]Tyranitar||AssaultVest|SandStream|RockSlide,KnockOff,LowKick,TeraBlast|||M|||50|,,,,,Flying]Milotic||SafetyGoggles|Competitive|Scald,IcyWind,Haze,Protect|||F|||50|,,,,,Dragon]Amoonguss||SitrusBerry|Regenerator|Protect,RagePowder,Spore,PollenPuff|||M|||50|,,,,,Water]Gholdengo||IronPlate|GoodasGold|MakeItRain,ShadowBall,NastyPlot,Protect||||||50|,,,,,Flying
|showteam|p2|Sneasler||WhiteHerb|Unburden|CloseCombat,DireClaw,FakeOut,Protect|||M|||50|,,,,,Dark]Indeedee||ChoiceScarf|PsychicSurge|ExpandingForce,TeraBlast,Trick,Protect|||M|||50|,,,,,Fire]Tyranitar||AssaultVest|SandStream|RockSlide,KnockOff,TeraBlast,LowKick|||M|||50|,,,,,Flying]Excadrill||FocusSash|SandRush|HighHorsepower,Earthquake,IronHead,Protect|||M|||50|,,,,,Ground]Gholdengo||MetalCoat|GoodasGold|ShadowBall,Protect,MakeItRain,NastyPlot||||||50|,,,,,Water]Incineroar||SafetyGoggles|Intimidate|FakeOut,KnockOff,FlareBlitz,PartingShot|||M|||50|,,,,,Ghost
|inactive|Battle timer is ON: inactive players will automatically lose when time's up. (requested by JuanGuerrero09)
|
|t:|1757155198
|teamsize|p1|4
|teamsize|p2|4
|start
|switch|p1a: Tyranitar|Tyranitar, L50, M|100/100
|switch|p1b: Milotic|Milotic, L50, F|100/100
|switch|p2a: Gholdengo|Gholdengo, L50|100/100
|switch|p2b: Tyranitar|Tyranitar, L50, M|100/100
|-weather|Sandstorm|[from] ability: Sand Stream|[of] p1a: Tyranitar
|turn|1
|inactive|JuanGuerrero09 has 30 seconds left.
|inactive|JuanGuerrero09 has 20 seconds left.
|
|t:|1757155234
|-terastallize|p1a: Tyranitar|Flying
|-terastallize|p2b: Tyranitar|Flying
|move|p2a: Gholdengo|Protect|p2a: Gholdengo
|-singleturn|p2a: Gholdengo|Protect
|move|p1b: Milotic|Icy Wind|p2b: Tyranitar|[spread] p2b
|-activate|p2a: Gholdengo|move: Protect
|-supereffective|p2b: Tyranitar
|-damage|p2b: Tyranitar|87/100
|-unboost|p2b: Tyranitar|spe|1
|move|p1a: Tyranitar|Knock Off|p2a: Gholdengo
|-activate|p2a: Gholdengo|move: Protect
|move|p2b: Tyranitar|Knock Off|p1b: Milotic
|-damage|p1b: Milotic|52/100
|-enditem|p1b: Milotic|Safety Goggles|[from] move: Knock Off|[of] p2b: Tyranitar
|
|-weather|Sandstorm|[upkeep]
|-damage|p1b: Milotic|46/100|[from] Sandstorm
|-damage|p1a: Tyranitar|95/100|[from] Sandstorm
|-damage|p2b: Tyranitar|81/100|[from] Sandstorm
|upkeep
|turn|2
|inactive|Neofalcon has 30 seconds left.
|inactive|JuanGuerrero09 has 30 seconds left.
|inactive|JuanGuerrero09 has 20 seconds left.
|inactive|JuanGuerrero09 has 15 seconds left.
|inactive|JuanGuerrero09 has 10 seconds left.
|inactive|JuanGuerrero09 has 5 seconds left.
|
|t:|1757155284
|switch|p2a: Incineroar|Incineroar, L50, M|100/100
|-ability|p2a: Incineroar|Intimidate|boost
|-unboost|p1a: Tyranitar|atk|1
|-unboost|p1b: Milotic|atk|1
|-ability|p1b: Milotic|Competitive|boost
|-boost|p1b: Milotic|spa|2
|move|p1b: Milotic|Scald|p2a: Incineroar
|-supereffective|p2a: Incineroar
|-damage|p2a: Incineroar|0 fnt
|faint|p2a: Incineroar
|move|p1a: Tyranitar|Knock Off|p2b: Tyranitar
|-damage|p2b: Tyranitar|52/100
|-enditem|p2b: Tyranitar|Assault Vest|[from] move: Knock Off|[of] p1a: Tyranitar
|move|p2b: Tyranitar|Knock Off|p1a: Tyranitar
|-damage|p1a: Tyranitar|53/100
|-enditem|p1a: Tyranitar|Assault Vest|[from] move: Knock Off|[of] p2b: Tyranitar
|
|-weather|Sandstorm|[upkeep]
|-damage|p1b: Milotic|40/100|[from] Sandstorm
|-damage|p1a: Tyranitar|47/100|[from] Sandstorm
|-damage|p2b: Tyranitar|46/100|[from] Sandstorm
|upkeep
|
|t:|1757155295
|switch|p2a: Gholdengo|Gholdengo, L50|100/100
|turn|3
|inactive|Neofalcon has 30 seconds left.
|inactive|JuanGuerrero09 has 30 seconds left.
|inactive|Neofalcon has 20 seconds left.
|inactive|Neofalcon has 15 seconds left.
|inactive|Neofalcon has 10 seconds left.
|inactive|Neofalcon has 5 seconds left.
|
|t:|1757155346
|move|p2a: Gholdengo|Protect|p2a: Gholdengo
|-singleturn|p2a: Gholdengo|Protect
|move|p1b: Milotic|Protect|p1b: Milotic
|-singleturn|p1b: Milotic|Protect
|move|p1a: Tyranitar|Rock Slide|p2a: Gholdengo|[spread] p2b
|-activate|p2a: Gholdengo|move: Protect
|-supereffective|p2b: Tyranitar
|-damage|p2b: Tyranitar|15/100
|move|p2b: Tyranitar|Rock Slide|p1b: Milotic|[spread] p1a
|-activate|p1b: Milotic|move: Protect
|-supereffective|p1a: Tyranitar
|-damage|p1a: Tyranitar|0 fnt
|faint|p1a: Tyranitar
|
|-weather|Sandstorm|[upkeep]
|-damage|p1b: Milotic|33/100|[from] Sandstorm
|-damage|p2b: Tyranitar|9/100|[from] Sandstorm
|upkeep
|
|t:|1757155367
|switch|p1a: Garchomp|Garchomp, L50, F|100/100
|turn|4
|inactive|JuanGuerrero09 has 30 seconds left.
|
|t:|1757155401
|switch|p2a: Excadrill|Excadrill, L50, M|100/100
|move|p1a: Garchomp|Stomping Tantrum|p2a: Excadrill
|-supereffective|p2a: Excadrill
|-enditem|p2a: Excadrill|Focus Sash
|-damage|p2a: Excadrill|1/100
|-damage|p1a: Garchomp|91/100|[from] item: Life Orb
|move|p1b: Milotic|Scald|p2a: Excadrill
|-supereffective|p2a: Excadrill
|-damage|p2a: Excadrill|0 fnt
|faint|p2a: Excadrill
|move|p2b: Tyranitar|Knock Off|p1a: Garchomp
|-damage|p1a: Garchomp|32/100
|-damage|p2b: Tyranitar|0 fnt|[from] ability: Rough Skin|[of] p1a: Garchomp
|faint|p2b: Tyranitar
|
|-weather|Sandstorm|[upkeep]
|-damage|p1b: Milotic|27/100|[from] Sandstorm
|upkeep
|inactive|JuanGuerrero09 has 30 seconds left.
|
|t:|1757155426
|switch|p2a: Gholdengo|Gholdengo, L50|100/100
|turn|5
|
|t:|1757155441
|move|p1a: Garchomp|Protect|p1a: Garchomp
|-singleturn|p1a: Garchomp|Protect
|move|p2a: Gholdengo|Make It Rain|p1a: Garchomp|[spread] p1b
|-activate|p1a: Garchomp|move: Protect
|-resisted|p1b: Milotic
|-damage|p1b: Milotic|7/100
|-unboost|p2a: Gholdengo|spa|1
|move|p1b: Milotic|Scald|p2a: Gholdengo
|-damage|p2a: Gholdengo|25/100
|
|-weather|none
|upkeep
|turn|6
|
|t:|1757155454
|move|p2a: Gholdengo|Protect|p2a: Gholdengo
|-singleturn|p2a: Gholdengo|Protect
|move|p1a: Garchomp|Stomping Tantrum|p2a: Gholdengo
|-activate|p2a: Gholdengo|move: Protect
|move|p1b: Milotic|Scald|p2a: Gholdengo
|-activate|p2a: Gholdengo|move: Protect
|
|upkeep
|turn|7
|-message|JuanGuerrero09 forfeited.
|
|win|Neofalcon
|raw|Neofalcon's rating: 1181 → 1206(+25 for winning)
|raw|JuanGuerrero09's rating: 1178 → 1153(-25 for losing)
