|j|☆zeedra
|j|☆ultraquesito
|html|zeedraultraquesito    
|uhtml|bestof|Game 1 of a best-of-3
|t:|1785097129
|gametype|doubles
|player|p1|zeedra|chili|
|player|p2|ultraquesito|170|
|gen|9
|tier|[Gen 9 Champions] VGC 2026 Reg M-B (Bo3)
|rule|Species Clause: Limit one of each Pokémon
|rule|Item Clause: Limit 1 of each item
|clearpoke
|poke|p1|Floette-Eternal, L50, F|
|poke|p1|Basculegion, L50, M|
|poke|p1|Sneasler, L50, M|
|poke|p1|Weavile, L50, M|
|poke|p1|Aerodactyl, L50, F|
|poke|p1|Hydreigon, L50, F|
|poke|p2|Blaziken, L50, F|
|poke|p2|Farigiraf, L50, F|
|poke|p2|Venusaur, L50, F|
|poke|p2|Torkoal, L50, M|
|poke|p2|Kingambit, L50, M|
|poke|p2|Grimmsnarl, L50, M|
|teampreview|4
|showteam|p1|Floette-Eternal||Floettite|FlowerVeil|DazzlingGleam,Moonblast,Protect,CalmMind|Timid||F|||50|]Basculegion||ChoiceScarf|Adaptability|AquaJet,LastRespects,WaveCrash,FlipTurn|Jolly||M|||50|]Sneasler||WhiteHerb|PoisonTouch|CloseCombat,DireClaw,ShadowClaw,FakeOut|Jolly||M|||50|]Weavile||FocusSash|Pickpocket|FakeOut,LowKick,KnockOff,TripleAxel|Jolly||M|||50|]Aerodactyl||Aerodactylite|Unnerve|RockSlide,Protect,DualWingbeat,Tailwind|Jolly||F|||50|]Hydreigon||LifeOrb|Levitate|DracoMeteor,DarkPulse,Protect,Flamethrower|Timid||F|||50|
|showteam|p2|Blaziken||Blazikenite|SpeedBoost|FlareBlitz,CloseCombat,RockSlide,Detect|Adamant||F|||50|]Farigiraf||SitrusBerry|ArmorTail|Psychic,Thunderbolt,HelpingHand,TrickRoom|Relaxed||F|||50|]Venusaur||LifeOrb|Chlorophyll|EnergyBall,SludgeBomb,EarthPower,Protect|Modest||F|||50|]Torkoal||Leftovers|Drought|WeatherBall,Yawn,HelpingHand,Protect|Relaxed||M|||50|]Kingambit||FocusSash|Defiant|KowtowCleave,SuckerPunch,IronHead,Protect|Adamant||M|||50|]Grimmsnarl||LightClay|Prankster|SpiritBreak,Reflect,LightScreen,FakeOut|Careful||M|||50|
|c|☆ultraquesito|holaa
|c|☆ultraquesito|goo
|c|☆zeedra|holaa
|
|t:|1785097246
|teamsize|p1|4
|teamsize|p2|4
|start
|switch|p1a: Hydreigon|Hydreigon, L50, F|100/100
|switch|p1b: Floette|Floette-Eternal, L50, F|100/100
|switch|p2a: Grimmsnarl|Grimmsnarl, L50, M|100/100
|switch|p2b: Farigiraf|Farigiraf, L50, F|100/100
|turn|1
|
|t:|1785097342
|detailschange|p1b: Floette|Floette-Mega, L50, F
|-mega|p1b: Floette|Floette|Floettite
|-ability|p1b: Floette|Fairy Aura
|move|p2a: Grimmsnarl|Fake Out|p1b: Floette
|-damage|p1b: Floette|85/100
|cant|p1b: Floette|flinch
|move|p1a: Hydreigon|Dark Pulse|p2b: Farigiraf
|-supereffective|p2b: Farigiraf|1
|-damage|p2b: Farigiraf|6/100
|-enditem|p2b: Farigiraf|Sitrus Berry|[eat]
|-heal|p2b: Farigiraf|31/100|[from] item: Sitrus Berry
|-damage|p1a: Hydreigon|90/100|[from] item: Life Orb
|move|p2b: Farigiraf|Psychic|p1b: Floette
|-damage|p1b: Floette|54/100
|
|upkeep
|turn|2
|
|t:|1785097392
|move|p2a: Grimmsnarl|Light Screen|p2a: Grimmsnarl
|-sidestart|p2: ultraquesito|move: Light Screen
|move|p1b: Floette|Moonblast|p2a: Grimmsnarl
|-supereffective|p2a: Grimmsnarl|1
|-damage|p2a: Grimmsnarl|6/100
|move|p1a: Hydreigon|Dark Pulse|p2b: Farigiraf
|-supereffective|p2b: Farigiraf|1
|-damage|p2b: Farigiraf|0 fnt
|faint|p2b: Farigiraf
|-damage|p1a: Hydreigon|81/100|[from] item: Life Orb
|
|upkeep
|
|t:|1785097423
|switch|p2b: Venusaur|Venusaur, L50, F|100/100
|turn|3
|
|t:|1785097470
|move|p2a: Grimmsnarl|Reflect|p2a: Grimmsnarl
|-sidestart|p2: ultraquesito|Reflect
|move|p1b: Floette|Dazzling Gleam|p2b: Venusaur|[spread] p2a,p2b
|-supereffective|p2a: Grimmsnarl|1
|-resisted|p2b: Venusaur|1
|-damage|p2a: Grimmsnarl|0 fnt
|-damage|p2b: Venusaur|82/100
|faint|p2a: Grimmsnarl
|move|p1a: Hydreigon|Flamethrower|p2b: Venusaur
|-supereffective|p2b: Venusaur|1
|-damage|p2b: Venusaur|21/100
|-damage|p1a: Hydreigon|71/100|[from] item: Life Orb
|move|p2b: Venusaur|Sludge Bomb|p1b: Floette
|-supereffective|p1b: Floette|1
|-damage|p1b: Floette|0 fnt
|faint|p1b: Floette
|-damage|p2b: Venusaur|11/100|[from] item: Life Orb
|
|upkeep
|
|t:|1785097486
|switch|p1b: Sneasler|Sneasler, L50, M|100/100
|switch|p2a: Kingambit|Kingambit, L50, M|100/100
|turn|4
|
|t:|1785097539
|move|p2b: Venusaur|Protect|p2b: Venusaur
|-singleturn|p2b: Venusaur|Protect
|move|p1b: Sneasler|Fake Out|p2b: Venusaur
|-activate|p2b: Venusaur|move: Protect
|move|p1a: Hydreigon|Flamethrower|p2a: Kingambit
|-supereffective|p2a: Kingambit|1
|-damage|p2a: Kingambit|40/100
|-damage|p1a: Hydreigon|62/100|[from] item: Life Orb
|move|p2a: Kingambit|Iron Head|p1a: Hydreigon
|-damage|p1a: Hydreigon|10/100
|
|upkeep
|turn|5
|
|t:|1785097569
|move|p2a: Kingambit|Sucker Punch|p1a: Hydreigon
|-resisted|p1a: Hydreigon|1
|-damage|p1a: Hydreigon|0 fnt
|faint|p1a: Hydreigon
|move|p1b: Sneasler|Shadow Claw|p2b: Venusaur
|-damage|p2b: Venusaur|0 fnt
|faint|p2b: Venusaur
|
|upkeep
|
|t:|1785097577
|switch|p1a: Basculegion|Basculegion, L50, M|100/100
|turn|6
|
|t:|1785097586
|move|p2a: Kingambit|Sucker Punch|p1a: Basculegion
|-supereffective|p1a: Basculegion|1
|-damage|p1a: Basculegion|0 fnt
|faint|p1a: Basculegion
|move|p1b: Sneasler|Close Combat|p2a: Kingambit
|-supereffective|p2a: Kingambit|2
|-damage|p2a: Kingambit|0 fnt
|-unboost|p1b: Sneasler|def|1
|-unboost|p1b: Sneasler|spd|1
|faint|p2a: Kingambit
|
|win|zeedra
|inactive|zeedra has 30 seconds to confirm battle start!
|inactive|ultraquesito has 30 seconds to confirm battle start!
|inactive|zeedra has 20 seconds to confirm battle start!
|inactive|ultraquesito has 20 seconds to confirm battle start!
||zeedra is ready for game 2.
||ultraquesito is ready for game 2.
|uhtml|next|Next: Game 2 of 3
|l|☆ultraquesito
|player|p2|
