|j|☆peripatooo
|j|☆mikedel
|html|peripatooomikedel    
|uhtml|bestof|Game 1 of a best-of-3
|t:|1783106958
|gametype|doubles
|player|p1|peripatooo|lance|
|player|p2|mikedel|170|
|gen|9
|tier|[Gen 9 Champions] VGC 2026 Reg M-B (Bo3)
|rule|Species Clause: Limit one of each Pokémon
|rule|Item Clause: Limit 1 of each item
|clearpoke
|poke|p1|Grimmsnarl, L50, M|
|poke|p1|Archaludon, L50, M|
|poke|p1|Pelipper, L50, M|
|poke|p1|Venusaur, L50, M|
|poke|p1|Incineroar, L50, M|
|poke|p1|Swampert, L50, M|
|poke|p2|Scrafty, L50, M|
|poke|p2|Mawile, L50, F|
|poke|p2|Farigiraf, L50, M|
|poke|p2|Torkoal, L50, M|
|poke|p2|Incineroar, L50, M|
|poke|p2|Hatterene, L50, F|
|teampreview|4
|showteam|p1|Grimmsnarl||LightClay|Prankster|Reflect,SpiritBreak,PartingShot,LightScreen|Careful||M|||50|]Archaludon||Leftovers|Stamina|Protect,ElectroShot,DragonPulse,FlashCannon|Modest||M|||50|]Pelipper||LifeOrb|Drizzle|Protect,Tailwind,Hurricane,WeatherBall|Timid||M|||50|]Venusaur||Venusaurite|Chlorophyll|Protect,GigaDrain,EarthPower,SludgeBomb|Modest||M|||50|]Incineroar||SitrusBerry|Intimidate|FakeOut,FlareBlitz,ThroatChop,PartingShot|Careful||M|||50|]Swampert||Swampertite|Damp|Protect,IcePunch,Earthquake,WaveCrash|Adamant||M|||50|
|showteam|p2|Scrafty||Scraftinite|Intimidate|KnockOff,LowKick,IronHead,FakeOut|Brave||M|||50|]Mawile||Mawilite|Intimidate|SuckerPunch,PlayRough,SwordsDance,IronHead|Brave||F|||50|]Farigiraf||SitrusBerry|ArmorTail|Psychic,HyperVoice,Protect,TrickRoom|Quiet||M|||50|]Torkoal||Charcoal|Drought|Eruption,WeatherBall,EarthPower,Protect|Quiet||M|||50|]Incineroar||WhiteHerb|Intimidate|ThroatChop,FakeOut,FlareBlitz,PartingShot|Adamant||M|||50|]Hatterene||LifeOrb|MagicBounce|Psychic,TrickRoom,SkillSwap,DazzlingGleam|Quiet||F|||50|
|inactive|Battle timer is ON: inactive players will automatically lose when time's up. (requested by peripatooo)
|
|t:|1783107057
|teamsize|p1|4
|teamsize|p2|4
|start
|switch|p1a: Grimmsnarl|Grimmsnarl, L50, M|100/100
|switch|p1b: Swampert|Swampert, L50, M|100/100
|switch|p2a: Farigiraf|Farigiraf, L50, M|100/100
|switch|p2b: Incineroar|Incineroar, L50, M|100/100
|-ability|p2b: Incineroar|Intimidate|boost
|-unboost|p1a: Grimmsnarl|atk|1
|-unboost|p1b: Swampert|atk|1
|turn|1
|inactive|mikedel has 30 seconds left.
|
|t:|1783107086
|switch|p1b: Incineroar|Incineroar, L50, M|100/100
|-ability|p1b: Incineroar|Intimidate|boost
|-unboost|p2a: Farigiraf|atk|1
|-unboost|p2b: Incineroar|atk|1
|-enditem|p2b: Incineroar|White Herb
|-clearnegativeboost|p2b: Incineroar|[silent]
|move|p2b: Incineroar|Fake Out|p1a: Grimmsnarl
|-damage|p1a: Grimmsnarl|85/100
|cant|p1a: Grimmsnarl|flinch
|move|p2a: Farigiraf|Trick Room|p2a: Farigiraf
|-fieldstart|move: Trick Room|[of] p2a: Farigiraf
|
|upkeep
|turn|2
|inactive|mikedel has 30 seconds left.
|inactive|peripatooo has 30 seconds left.
|inactive|mikedel has 20 seconds left.
|
|t:|1783107123
|move|p1a: Grimmsnarl|Light Screen|p1a: Grimmsnarl
|-sidestart|p1: peripatooo|move: Light Screen
|move|p2a: Farigiraf|Hyper Voice|p1a: Grimmsnarl|[spread] p1a,p1b
|-damage|p1a: Grimmsnarl|67/100
|-damage|p1b: Incineroar|83/100
|move|p2b: Incineroar|Flare Blitz|p1a: Grimmsnarl
|-damage|p1a: Grimmsnarl|0 fnt
|faint|p1a: Grimmsnarl
|-damage|p2b: Incineroar|77/100|[from] Recoil
|move|p1b: Incineroar|Parting Shot|p2b: Incineroar
|-unboost|p2b: Incineroar|atk|1
|-unboost|p2b: Incineroar|spa|1
|
|t:|1783107135
|switch|p1b: Pelipper|Pelipper, L50, M|100/100|[from] Parting Shot
|-weather|RainDance|[from] ability: Drizzle|[of] p1b: Pelipper
|
|-weather|RainDance|[upkeep]
|upkeep
|
|t:|1783107140
|switch|p1a: Swampert|Swampert, L50, M|100/100
|turn|3
|inactive|mikedel has 30 seconds left.
|
|t:|1783107166
|detailschange|p1a: Swampert|Swampert-Mega, L50, M
|-mega|p1a: Swampert|Swampert|Swampertite
|move|p2a: Farigiraf|Hyper Voice|p1b: Pelipper|[spread] p1a,p1b
|-damage|p1a: Swampert|79/100
|-damage|p1b: Pelipper|64/100
|move|p2b: Incineroar|Throat Chop|p1a: Swampert
|-damage|p1a: Swampert|56/100
|-start|p1a: Swampert|Throat Chop|[silent]
|move|p1b: Pelipper|Weather Ball|p2b: Incineroar
|-supereffective|p2b: Incineroar|1
|-damage|p2b: Incineroar|0 fnt
|faint|p2b: Incineroar
|-damage|p1b: Pelipper|55/100|[from] item: Life Orb
|move|p1a: Swampert|Earthquake|p2a: Farigiraf|[spread] p2a
|-immune|p1b: Pelipper
|-damage|p2a: Farigiraf|52/100
|
|-weather|RainDance|[upkeep]
|upkeep
|
|t:|1783107183
|switch|p2b: Mawile|Mawile, L50, F|100/100
|-ability|p2b: Mawile|Intimidate|boost
|-unboost|p1a: Swampert|atk|1
|-unboost|p1b: Pelipper|atk|1
|turn|4
|inactive|mikedel has 30 seconds left.
|
|t:|1783107218
|switch|p1b: Incineroar|Incineroar, L50, M|83/100
|-ability|p1b: Incineroar|Intimidate|boost
|-unboost|p2a: Farigiraf|atk|1
|-unboost|p2b: Mawile|atk|1
|detailschange|p2b: Mawile|Mawile-Mega, L50, F
|-mega|p2b: Mawile|Mawile|Mawilite
|move|p1a: Swampert|Protect|p1a: Swampert
|-singleturn|p1a: Swampert|Protect
|move|p2b: Mawile|Play Rough|p1a: Swampert
|-activate|p1a: Swampert|move: Protect
|move|p2a: Farigiraf|Hyper Voice|p1b: Incineroar|[spread] p1b
|-activate|p1a: Swampert|move: Protect
|-damage|p1b: Incineroar|67/100
|
|-weather|RainDance|[upkeep]
|-end|p1a: Swampert|Throat Chop|[silent]
|upkeep
|turn|5
|inactive|mikedel has 30 seconds left.
|inactive|mikedel has 20 seconds left.
|inactive|peripatooo has 30 seconds left.
|
|t:|1783107263
|move|p2b: Mawile|Play Rough|p1a: Swampert|[miss]
|-miss|p2b: Mawile|p1a: Swampert
|move|p2a: Farigiraf|Hyper Voice|p1b: Incineroar|[spread] p1a,p1b
|-damage|p1a: Swampert|36/100
|-damage|p1b: Incineroar|48/100
|-enditem|p1b: Incineroar|Sitrus Berry|[eat]
|-heal|p1b: Incineroar|73/100|[from] item: Sitrus Berry
|move|p1b: Incineroar|Throat Chop|p2a: Farigiraf
|-supereffective|p2a: Farigiraf|1
|-damage|p2a: Farigiraf|0 fnt
|faint|p2a: Farigiraf
|move|p1a: Swampert|Wave Crash|p2b: Mawile
|-damage|p2b: Mawile|24/100
|-damage|p1a: Swampert|15/100|[from] Recoil
|
|-weather|RainDance|[upkeep]
|-fieldend|move: Trick Room
|upkeep
|
|t:|1783107278
|switch|p2a: Torkoal|Torkoal, L50, M|100/100
|-weather|SunnyDay|[from] ability: Drought|[of] p2a: Torkoal
|turn|6
|
|t:|1783107294
|move|p1a: Swampert|Protect|p1a: Swampert
|-singleturn|p1a: Swampert|Protect
|move|p1b: Incineroar|Parting Shot|p2a: Torkoal
|-unboost|p2a: Torkoal|atk|1
|-unboost|p2a: Torkoal|spa|1
|
|t:|1783107299
|switch|p1b: Pelipper|Pelipper, L50, M|55/100|[from] Parting Shot
|-weather|RainDance|[from] ability: Drizzle|[of] p1b: Pelipper
|move|p2b: Mawile|Play Rough|p1a: Swampert
|-activate|p1a: Swampert|move: Protect
|move|p2a: Torkoal|Earth Power|p1b: Pelipper
|-immune|p1b: Pelipper
|
|-weather|RainDance|[upkeep]
|upkeep
|turn|7
|inactive|mikedel has 30 seconds left.
|
|t:|1783107332
|move|p2b: Mawile|Sucker Punch|p1b: Pelipper
|-damage|p1b: Pelipper|13/100
|move|p1a: Swampert|Earthquake|p2a: Torkoal|[spread] p2a,p2b
|-immune|p1b: Pelipper
|-supereffective|p2a: Torkoal|1
|-supereffective|p2b: Mawile|1
|-damage|p2a: Torkoal|55/100
|-damage|p2b: Mawile|0 fnt
|faint|p2b: Mawile
|move|p1b: Pelipper|Weather Ball|p2a: Torkoal
|-supereffective|p2a: Torkoal|1
|-damage|p2a: Torkoal|0 fnt
|faint|p2a: Torkoal
|-damage|p1b: Pelipper|4/100|[from] item: Life Orb
|
|win|peripatooo
||peripatooo is ready for game 2.
|inactive|mikedel has 30 seconds to confirm battle start!
||mikedel is ready for game 2.
|uhtml|next|Next: Game 2 of 3
