|j|☆endK649
|j|☆ChefShimi
|html|endK649ChefShimi    
|uhtml|bestof|Game 1 of a best-of-3
|t:|1757099645
|gametype|doubles
|player|p1|endK649|gambler|
|player|p2|ChefShimi|102|
|gen|9
|tier|[Gen 9] VGC 2025 Reg H (Bo3)
|rule|Species Clause: Limit one of each Pokémon
|rule|Item Clause: Limit 1 of each item
|clearpoke
|poke|p1|Baxcalibur, L50, M|
|poke|p1|Volcarona, L50, F|
|poke|p1|Rillaboom, L50, F|
|poke|p1|Kingambit, L50, F|
|poke|p1|Dondozo, L50, M|
|poke|p1|Sneasler, L50, F|
|poke|p2|Amoonguss, L50, F|
|poke|p2|Sneasler, L50, F|
|poke|p2|Gholdengo, L50|
|poke|p2|Incineroar, L50, M|
|poke|p2|Ursaluna-Bloodmoon, L50, M|
|poke|p2|Dragonite, L50, M|
|teampreview|4
|showteam|p1|Baxcalibur||LoadedDice|ThermalExchange|IcicleSpear,ScaleShot,IceShard,Protect|||M|||50|,,,,,Ghost]Volcarona||CovertCloak|FlameBody|HeatWave,TeraBlast,QuiverDance,RagePowder|||F|||50|,,,,,Fairy]Rillaboom||AssaultVest|GrassySurge|GrassyGlide,WoodHammer,HighHorsepower,FakeOut|||F|||50|,,,,,Water]Kingambit||SafetyGoggles|Defiant|KowtowCleave,SuckerPunch,SwordsDance,Protect|||F|||50|,,,,,Dark]Dondozo||Leftovers|Unaware|WaveCrash,Fissure,Curse,Protect|||M|||50|,,,,,Bug]Sneasler||FocusSash|PoisonTouch|DireClaw,CloseCombat,Coaching,Protect|||F|||50|,,,,,Ghost
|showteam|p2|Amoonguss||SitrusBerry|Regenerator|RagePowder,Spore,PollenPuff,Protect|||F|||50|,,,,,Psychic]Sneasler||FocusSash|Unburden|Protect,DireClaw,CloseCombat,ThroatChop|||F|||50|,,,,,Stellar]Gholdengo||LifeOrb|GoodasGold|Protect,MakeItRain,ShadowBall,NastyPlot||||||50|,,,,,Water]Incineroar||SafetyGoggles|Intimidate|KnockOff,PartingShot,FlareBlitz,FakeOut|||M|||50|,,,,,Ghost]Ursaluna-Bloodmoon||AssaultVest|MindsEye|BloodMoon,EarthPower,VacuumWave,HyperVoice|||M|||50|,,,,,Water]Dragonite||LoadedDice|Multiscale|ScaleShot,Tailwind,Haze,Protect|||M|||50|,,,,,Fairy
|inactive|Battle timer is ON: inactive players will automatically lose when time's up. (requested by ChefShimi)
|inactiveoff|Battle timer is now OFF.
|c|☆ChefShimi|gl
|j| chessguru101
|inactive|Battle timer is ON: inactive players will automatically lose when time's up. (requested by endK649)
|
|t:|1757099751
|teamsize|p1|4
|teamsize|p2|4
|start
|switch|p1a: Sneasler|Sneasler, L50, F, shiny|100/100
|switch|p1b: Rillaboom|Rillaboom, L50, F, shiny|100/100
|switch|p2a: Amoonguss|Amoonguss, L50, F|100/100
|switch|p2b: Ursaluna|Ursaluna-Bloodmoon, L50, M|100/100
|-fieldstart|move: Grassy Terrain|[from] ability: Grassy Surge|[of] p1b: Rillaboom
|turn|1
|
|t:|1757099772
|switch|p2b: Dragonite|Dragonite, L50, M|100/100
|move|p1b: Rillaboom|Fake Out|p2a: Amoonguss
|-damage|p2a: Amoonguss|89/100
|move|p1a: Sneasler|Close Combat|p2b: Dragonite
|-resisted|p2b: Dragonite
|-damage|p2b: Dragonite|82/100
|-unboost|p1a: Sneasler|def|1
|-unboost|p1a: Sneasler|spd|1
|-status|p2b: Dragonite|psn|[from] ability: Poison Touch|[of] p1a: Sneasler
|cant|p2a: Amoonguss|flinch
|
|-heal|p2a: Amoonguss|95/100|[from] Grassy Terrain
|-damage|p2b: Dragonite|70/100 psn|[from] psn
|upkeep
|turn|2
|
|t:|1757099788
|switch|p1a: Kingambit|Kingambit, L50, F, shiny|100/100
|move|p2b: Dragonite|Protect|p2b: Dragonite
|-singleturn|p2b: Dragonite|Protect
|move|p1b: Rillaboom|Wood Hammer|p2b: Dragonite
|-activate|p2b: Dragonite|move: Protect
|move|p2a: Amoonguss|Spore|p1a: Kingambit
|-activate|p1a: Kingambit|item: Safety Goggles|Spore
|
|-heal|p2a: Amoonguss|100/100|[from] Grassy Terrain
|-damage|p2b: Dragonite|58/100 psn|[from] psn
|upkeep
|turn|3
|
|t:|1757099801
|move|p2b: Dragonite|Tailwind|p2b: Dragonite
|-sidestart|p2: ChefShimi|move: Tailwind
|move|p1b: Rillaboom|Wood Hammer|p2b: Dragonite
|-resisted|p2b: Dragonite
|-damage|p2b: Dragonite|37/100 psn
|-damage|p1b: Rillaboom|95/100|[from] Recoil
|move|p2a: Amoonguss|Pollen Puff|p2b: Dragonite
|-heal|p2b: Dragonite|87/100 psn
|move|p1a: Kingambit|Swords Dance|p1a: Kingambit
|-boost|p1a: Kingambit|atk|2
|
|-heal|p1b: Rillaboom|100/100|[from] Grassy Terrain
|-damage|p2b: Dragonite|75/100 psn|[from] psn
|upkeep
|turn|4
|
|t:|1757099814
|switch|p1b: Dondozo|Dondozo, L50, M, shiny|100/100
|switch|p2a: Sneasler|Sneasler, L50, F|100/100
|move|p2b: Dragonite|Haze|p2b: Dragonite
|-clearallboost
|move|p1a: Kingambit|Kowtow Cleave|p2b: Dragonite
|-damage|p2b: Dragonite|23/100 psn
|
|-damage|p2b: Dragonite|11/100 psn|[from] psn
|upkeep
|turn|5
|j| zaraskadi
|l| chessguru101
|inactive|endK649 has 30 seconds left.
|
|t:|1757099839
|switch|p1a: Sneasler|Sneasler, L50, F, shiny|100/100
|-terastallize|p1b: Dondozo|Bug
|move|p2a: Sneasler|Protect|p2a: Sneasler
|-singleturn|p2a: Sneasler|Protect
|move|p2b: Dragonite|Scale Shot|p1b: Dondozo
|-damage|p1b: Dondozo|90/100
|-damage|p1b: Dondozo|80/100
|-damage|p1b: Dondozo|72/100
|-damage|p1b: Dondozo|63/100
|-crit|p1b: Dondozo
|-damage|p1b: Dondozo|48/100
|-hitcount|p1b: Dondozo|5
|-unboost|p2b: Dragonite|def|1
|-boost|p2b: Dragonite|spe|1
|move|p1b: Dondozo|Curse|p1b: Dondozo
|-unboost|p1b: Dondozo|spe|1
|-boost|p1b: Dondozo|atk|1
|-boost|p1b: Dondozo|def|1
|
|-heal|p1b: Dondozo|54/100|[from] Grassy Terrain
|-heal|p1b: Dondozo|60/100|[from] item: Leftovers
|-damage|p2b: Dragonite|0 fnt|[from] psn
|faint|p2b: Dragonite
|-fieldend|move: Grassy Terrain
|upkeep
|inactive|ChefShimi has 30 seconds left.
|
|t:|1757099869
|switch|p2b: Amoonguss|Amoonguss, L50, F|100/100
|turn|6
|inactive|endK649 has 30 seconds left.
|
|t:|1757099904
|move|p1a: Sneasler|Protect|p1a: Sneasler
|-singleturn|p1a: Sneasler|Protect
|move|p1b: Dondozo|Protect|p1b: Dondozo
|-singleturn|p1b: Dondozo|Protect
|move|p2a: Sneasler|Close Combat|p1a: Sneasler
|-activate|p1a: Sneasler|move: Protect
|move|p2b: Amoonguss|Spore|p1a: Sneasler
|-activate|p1a: Sneasler|move: Protect
|
|-heal|p1b: Dondozo|67/100|[from] item: Leftovers
|-sideend|p2: ChefShimi|move: Tailwind
|upkeep
|turn|7
|
|t:|1757099920
|move|p2a: Sneasler|Protect|p2a: Sneasler
|-singleturn|p2a: Sneasler|Protect
|move|p1a: Sneasler|Dire Claw|p2b: Amoonguss
|-damage|p2b: Amoonguss|61/100
|-status|p2b: Amoonguss|par
|move|p1b: Dondozo|Curse|p1b: Dondozo
|-unboost|p1b: Dondozo|spe|1
|-boost|p1b: Dondozo|atk|1
|-boost|p1b: Dondozo|def|1
|cant|p2b: Amoonguss|par
|
|-heal|p1b: Dondozo|73/100|[from] item: Leftovers
|upkeep
|turn|8
|
|t:|1757099934
|move|p2a: Sneasler|Dire Claw|p1b: Dondozo
|-damage|p1b: Dondozo|59/100
|move|p1a: Sneasler|Dire Claw|p2a: Sneasler
|-resisted|p2a: Sneasler
|-damage|p2a: Sneasler|62/100
|move|p1b: Dondozo|Wave Crash|p2a: Sneasler
|-damage|p2a: Sneasler|0 fnt
|faint|p2a: Sneasler
|-damage|p1b: Dondozo|47/100|[from] Recoil
|move|p2b: Amoonguss|Spore|p1a: Sneasler
|-status|p1a: Sneasler|slp|[from] move: Spore
|
|-heal|p1b: Dondozo|53/100|[from] item: Leftovers
|upkeep
|
|t:|1757099942
|switch|p2a: Ursaluna|Ursaluna-Bloodmoon, L50, M|100/100
|turn|9
|
|t:|1757099958
|switch|p1a: Rillaboom|Rillaboom, L50, F, shiny|100/100
|-fieldstart|move: Grassy Terrain|[from] ability: Grassy Surge|[of] p1a: Rillaboom
|-terastallize|p2a: Ursaluna|Water
|move|p1b: Dondozo|Protect|p1b: Dondozo
|-singleturn|p1b: Dondozo|Protect
|move|p2a: Ursaluna|Earth Power|p1a: Rillaboom
|-resisted|p1a: Rillaboom
|-damage|p1a: Rillaboom|84/100
|move|p2b: Amoonguss|Pollen Puff|p1a: Rillaboom
|-supereffective|p1a: Rillaboom
|-damage|p1a: Rillaboom|59/100
|
|-heal|p1a: Rillaboom|65/100|[from] Grassy Terrain
|-heal|p1b: Dondozo|59/100|[from] Grassy Terrain
|-heal|p1b: Dondozo|66/100|[from] item: Leftovers
|-heal|p2b: Amoonguss|67/100 par|[from] Grassy Terrain
|upkeep
|turn|10
|
|t:|1757099977
|move|p1a: Rillaboom|Wood Hammer|p2a: Ursaluna
|-supereffective|p2a: Ursaluna
|-damage|p2a: Ursaluna|0 fnt
|faint|p2a: Ursaluna
|-damage|p1a: Rillaboom|32/100|[from] Recoil
|move|p1b: Dondozo|Fissure|p2b: Amoonguss|[miss]
|-miss|p1b: Dondozo|p2b: Amoonguss
|move|p2b: Amoonguss|Spore|p1b: Dondozo
|-status|p1b: Dondozo|slp|[from] move: Spore
|
|-heal|p1a: Rillaboom|38/100|[from] Grassy Terrain
|-heal|p1b: Dondozo|72/100 slp|[from] Grassy Terrain
|-heal|p1b: Dondozo|78/100 slp|[from] item: Leftovers
|-heal|p2b: Amoonguss|73/100 par|[from] Grassy Terrain
|upkeep
|turn|11
|-message|ChefShimi forfeited.
|
|win|endK649
|l|☆ChefShimi
|player|p2|
||ChefShimi is ready for game 2.
|inactive|endK649 has 30 seconds to confirm battle start!
||endK649 is ready for game 2.
|uhtml|next|Next: Game 2 of 3
|l| zaraskadi
|j| zaraskadi
|j| Steveybobjoey
|l| zaraskadi
|l| Steveybobjoey
