|j|☆Slothpk
|j|☆lettitripppp
|html|Slothpklettitripppp    
|uhtml|bestof|Game 2 of a best-of-3
|t:|1785782750
|gametype|doubles
|player|p1|Slothpk|1|1174
|player|p2|lettitripppp|lucas|1245
|gen|9
|tier|[Gen 9 Champions] VGC 2026 Reg M-B (Bo3)
|rated|
|rule|Species Clause: Limit one of each Pokémon
|rule|Item Clause: Limit 1 of each item
|clearpoke
|poke|p1|Garchomp, L50, F|
|poke|p1|Milotic, L50, F|
|poke|p1|Scizor, L50, M|
|poke|p1|Sinistcha-Masterpiece, L50|
|poke|p1|Whimsicott, L50, M|
|poke|p1|Weavile, L50, F|
|poke|p2|Charizard, L50, M|
|poke|p2|Floette-Eternal, L50, F|
|poke|p2|Basculegion, L50, M|
|poke|p2|Whimsicott, L50, M, shiny|
|poke|p2|Garchomp, L50, M|
|poke|p2|Kingambit, L50, M, shiny|
|teampreview|4
|showteam|p1|Garchomp||Garchompite|RoughSkin|EarthPower,DracoMeteor,Protect,PowerGem|Modest||F|||50|]Milotic||Leftovers|Competitive|IcyWind,Scald,LifeDew,LightScreen|Modest||F|||50|]Scizor||Scizorite|Technician|SwordsDance,BulletPunch,Roost,BugBite|Adamant||M|||50|]Sinistcha-Masterpiece||SitrusBerry|Hospitality|RagePowder,Protect,TrickRoom,MatchaGotcha|Bold|||||50|]Whimsicott||FocusSash|Prankster|Tailwind,Encore,Protect,Moonblast|Timid||M|||50|]Weavile||WideLens|Pressure|FakeOut,KnockOff,TripleAxel,Protect|Jolly||F|||50|
|showteam|p2|Charizard||CharizarditeY|Blaze|WeatherBall,SolarBeam,HeatWave,Protect|Modest||M|||50|]Floette-Eternal||Floettite|Symbiosis|DazzlingGleam,LightofRuin,Moonblast,Protect|Modest||F|||50|]Basculegion||MysticWater|Adaptability|LastRespects,WaveCrash,AquaJet,Protect|Adamant||M|||50|]Whimsicott||FocusSash|Prankster|Moonblast,Tailwind,Encore,Protect|Timid||M|||50|]Garchomp||LifeOrb|RoughSkin|StompingTantrum,DragonClaw,RockSlide,Protect|Jolly||M|||50|]Kingambit||ChopleBerry|Defiant|KowtowCleave,SuckerPunch,IronHead,LowKick|Adamant||M|||50|
|inactive|Battle timer is ON: inactive players will automatically lose when time's up. (requested by lettitripppp)
|
|t:|1785782780
|teamsize|p1|4
|teamsize|p2|4
|start
|switch|p1a: Weavile|Weavile, L50, F|100/100
|switch|p1b: Garchomp|Garchomp, L50, F|100/100
|switch|p2a: GHOSTWAVE|Basculegion, L50, M|100/100
|switch|p2b: LETS GO AGAIN|Whimsicott, L50, M, shiny|100/100
|-ability|p1a: Weavile|Pressure
|turn|1
|
|t:|1785782804
|detailschange|p1b: Garchomp|Garchomp-Mega, L50, F
|-mega|p1b: Garchomp|Garchomp|Garchompite
|move|p2b: LETS GO AGAIN|Protect|p2b: LETS GO AGAIN
|-singleturn|p2b: LETS GO AGAIN|Protect
|move|p2a: GHOSTWAVE|Protect|p2a: GHOSTWAVE
|-singleturn|p2a: GHOSTWAVE|Protect
|move|p1a: Weavile|Knock Off|p2a: GHOSTWAVE
|-activate|p2a: GHOSTWAVE|move: Protect
|move|p1b: Garchomp|Power Gem|p2b: LETS GO AGAIN
|-activate|p2b: LETS GO AGAIN|move: Protect
|
|upkeep
|turn|2
|inactive|Slothpk has 30 seconds left.
|
|t:|1785782836
|move|p2b: LETS GO AGAIN|Tailwind|p2b: LETS GO AGAIN
|-sidestart|p2: lettitripppp|move: Tailwind
|move|p2a: GHOSTWAVE|Wave Crash|p1a: Weavile
|-damage|p1a: Weavile|0 fnt
|faint|p1a: Weavile
|-damage|p2a: GHOSTWAVE|75/100|[from] Recoil
|move|p1b: Garchomp|Draco Meteor|p2a: GHOSTWAVE
|-damage|p2a: GHOSTWAVE|0 fnt
|-unboost|p1b: Garchomp|spa|2
|faint|p2a: GHOSTWAVE
|
|upkeep
|
|t:|1785782846
|switch|p1a: Milotic|Milotic, L50, F|100/100
|switch|p2a: AGNI|Charizard, L50, M|100/100
|turn|3
|
|t:|1785782857
|detailschange|p2a: AGNI|Charizard-Mega-Y, L50, M
|-mega|p2a: AGNI|Charizard|Charizardite Y
|-weather|SunnyDay|[from] ability: Drought|[of] p2a: AGNI
|move|p2b: LETS GO AGAIN|Moonblast|p1a: Milotic
|-damage|p1a: Milotic|75/100
|move|p2a: AGNI|Solar Beam||[still]
|-prepare|p2a: AGNI|Solar Beam
|-anim|p2a: AGNI|Solar Beam|p1a: Milotic
|-supereffective|p1a: Milotic|1
|-damage|p1a: Milotic|1/100
|move|p1b: Garchomp|Power Gem|p2a: AGNI
|-supereffective|p2a: AGNI|2
|-damage|p2a: AGNI|51/100
|move|p1a: Milotic|Light Screen|p1a: Milotic
|-sidestart|p1: Slothpk|move: Light Screen
|
|-weather|SunnyDay|[upkeep]
|-heal|p1a: Milotic|7/100|[from] item: Leftovers
|upkeep
|turn|4
|
|t:|1785782880
|switch|p1a: Sinistcha|Sinistcha-Masterpiece, L50|100/100
|move|p2b: LETS GO AGAIN|Moonblast|p1b: Garchomp
|-supereffective|p1b: Garchomp|1
|-damage|p1b: Garchomp|56/100
|move|p2a: AGNI|Heat Wave|p1b: Garchomp|[spread] p1a,p1b
|-supereffective|p1a: Sinistcha|1
|-resisted|p1b: Garchomp|1
|-damage|p1a: Sinistcha|0 fnt
|-damage|p1b: Garchomp|36/100
|faint|p1a: Sinistcha
|move|p1b: Garchomp|Power Gem|p2a: AGNI
|-supereffective|p2a: AGNI|2
|-damage|p2a: AGNI|0 fnt
|faint|p2a: AGNI
|
|-weather|SunnyDay|[upkeep]
|upkeep
|
|t:|1785782892
|switch|p2a: GENERAL BLADUS|Kingambit, L50, M, shiny|100/100
|switch|p1a: Milotic|Milotic, L50, F|7/100
|turn|5
|inactive|Slothpk has 30 seconds left.
|
|t:|1785782918
|move|p2b: LETS GO AGAIN|Moonblast|p1a: Milotic
|-damage|p1a: Milotic|0 fnt
|faint|p1a: Milotic
|move|p2a: GENERAL BLADUS|Kowtow Cleave|p1b: Garchomp
|-damage|p1b: Garchomp|1/100
|move|p1b: Garchomp|Earth Power|p2a: GENERAL BLADUS
|-supereffective|p2a: GENERAL BLADUS|1
|-damage|p2a: GENERAL BLADUS|49/100
|
|-weather|SunnyDay|[upkeep]
|-sideend|p2: lettitripppp|move: Tailwind
|upkeep
|turn|6
|
|t:|1785782927
|move|p2a: GENERAL BLADUS|Sucker Punch|p1b: Garchomp
|-damage|p1b: Garchomp|0 fnt
|faint|p1b: Garchomp
|
|win|lettitripppp
|raw|Slothpk's rating: 1174 → 1154(-20 for losing)
|raw|lettitripppp's rating: 1245 → 1265(+20 for winning)
|c|☆lettitripppp|gg
|l|☆Slothpk
|player|p1|
