|j|☆PaquitoelBollito
|j|☆furqaan16
|html|PaquitoelBollitofurqaan16    
|uhtml|bestof|Game 3 of a best-of-3
|t:|1783880563
|gametype|doubles
|player|p1|PaquitoelBollito|102|1146
|player|p2|furqaan16|101|1036
|gen|9
|tier|[Gen 9 Champions] VGC 2026 Reg M-B (Bo3)
|rated|
|rule|Species Clause: Limit one of each Pokémon
|rule|Item Clause: Limit 1 of each item
|clearpoke
|poke|p1|Aerodactyl, L50, M|
|poke|p1|Kingambit, L50, M|
|poke|p1|Garchomp, L50, F|
|poke|p1|Farigiraf, L50, M|
|poke|p1|Charizard, L50, M|
|poke|p1|Sylveon, L50, M|
|poke|p2|Staraptor, L50, M|
|poke|p2|Whimsicott, L50, F|
|poke|p2|Ninetales-Alola, L50, M|
|poke|p2|Incineroar, L50, M|
|poke|p2|Sneasler, L50, M|
|poke|p2|Greninja, L50, M|
|teampreview|4
|showteam|p1|Aerodactyl||Aerodactylite|Unnerve|Tailwind,DualWingbeat,IceFang,RockSlide|Jolly||M|||50|]Kingambit||BlackGlasses|Defiant|SuckerPunch,KowtowCleave,Protect,LowKick|Adamant||M|||50|]Garchomp||LifeOrb|RoughSkin|Protect,DragonClaw,Earthquake,StompingTantrum|Jolly||F|||50|]Farigiraf||SitrusBerry|ArmorTail|PsychicFangs,Thunderbolt,TrickRoom,SunnyDay|Relaxed||M|||50|]Charizard||CharizarditeY|Blaze|Protect,HeatWave,WeatherBall,SolarBeam|Modest||M|||50|]Sylveon||FairyFeather|Pixilate|HyperVoice,Protect,QuickAttack,HyperBeam|Modest||M|||50|
|showteam|p2|Staraptor||Staraptite|Intimidate|CloseCombat,DualWingbeat,Roost,Protect|Jolly||M|||50|]Whimsicott||FocusSash|Prankster|Tailwind,Charm,Encore,Moonblast|Timid||F|||50|]Ninetales-Alola||LightClay|SnowWarning|AuroraVeil,FreezeDry,Disable,Protect|Timid||M|||50|]Incineroar||SitrusBerry|Intimidate|FakeOut,ThroatChop,PartingShot,Protect|Adamant||M|||50|]Sneasler||MentalHerb|Unburden|CloseCombat,DireClaw,Acrobatics,Uturn|Adamant||M|||50|]Greninja||Greninjite|Protean|DarkPulse,WaterPulse,HydroPump,Protect|Timid||M|||50|
|inactive|Battle timer is ON: inactive players will automatically lose when time's up. (requested by PaquitoelBollito)
|inactive|furqaan16 has 60 seconds left.
|
|t:|1783880599
|teamsize|p1|4
|teamsize|p2|4
|start
|switch|p1a: Farigiraf|Farigiraf, L50, M|100/100
|switch|p1b: Charizard|Charizard, L50, M|100/100
|switch|p2a: Incineroar|Incineroar, L50, M|100/100
|switch|p2b: Greninja|Greninja, L50, M|100/100
|-ability|p2a: Incineroar|Intimidate|boost
|-unboost|p1a: Farigiraf|atk|1
|-unboost|p1b: Charizard|atk|1
|turn|1
|inactive|PaquitoelBollito has 30 seconds left.
|inactive|furqaan16 has 30 seconds left.
|inactive|PaquitoelBollito has 20 seconds left.
|inactive|furqaan16 has 20 seconds left.
|inactive|furqaan16 has 15 seconds left.
|
|t:|1783880641
|detailschange|p2b: Greninja|Greninja-Mega, L50, M
|-mega|p2b: Greninja|Greninja|Greninjite
|detailschange|p1b: Charizard|Charizard-Mega-Y, L50, M
|-mega|p1b: Charizard|Charizard|Charizardite Y
|-weather|SunnyDay|[from] ability: Drought|[of] p1b: Charizard
|move|p2b: Greninja|Hydro Pump|p1a: Farigiraf|[miss]
|-start|p2b: Greninja|typechange|Water|[from] ability: Protean
|-miss|p2b: Greninja|p1a: Farigiraf
|move|p1b: Charizard|Heat Wave|p2a: Incineroar|[spread] p2a,p2b
|-resisted|p2a: Incineroar|1
|-resisted|p2b: Greninja|1
|-damage|p2a: Incineroar|76/100
|-damage|p2b: Greninja|59/100
|move|p2a: Incineroar|Throat Chop|p1a: Farigiraf
|-supereffective|p1a: Farigiraf|1
|-damage|p1a: Farigiraf|41/100
|-start|p1a: Farigiraf|Throat Chop|[silent]
|-enditem|p1a: Farigiraf|Sitrus Berry|[eat]
|-heal|p1a: Farigiraf|66/100|[from] item: Sitrus Berry
|move|p1a: Farigiraf|Trick Room|p1a: Farigiraf
|-fieldstart|move: Trick Room|[of] p1a: Farigiraf
|
|-weather|SunnyDay|[upkeep]
|upkeep
|turn|2
|inactive|furqaan16 has 30 seconds left.
|inactive|PaquitoelBollito has 30 seconds left.
|inactive|furqaan16 has 20 seconds left.
|
|t:|1783880681
|switch|p1b: Sylveon|Sylveon, L50, M|100/100
|move|p2b: Greninja|Protect|p2b: Greninja
|-singleturn|p2b: Greninja|Protect
|move|p1a: Farigiraf|Thunderbolt|p2b: Greninja
|-activate|p2b: Greninja|move: Protect
|move|p2a: Incineroar|Throat Chop|p1a: Farigiraf
|-supereffective|p1a: Farigiraf|1
|-damage|p1a: Farigiraf|3/100
|
|-weather|SunnyDay|[upkeep]
|-end|p1a: Farigiraf|Throat Chop|[silent]
|upkeep
|turn|3
|inactive|furqaan16 has 30 seconds left.
|inactive|furqaan16 has 20 seconds left.
|
|t:|1783880718
|switch|p1a: Charizard|Charizard-Mega-Y, L50, M|100/100
|switch|p2b: Sneasler|Sneasler, L50, M|100/100
|move|p2a: Incineroar|Parting Shot|p1b: Sylveon
|-unboost|p1b: Sylveon|atk|1
|-unboost|p1b: Sylveon|spa|1
|
|t:|1783880735
|switch|p2a: Ninetales|Ninetales-Alola, L50, M|100/100|[from] Parting Shot
|-weather|Snowscape|[from] ability: Snow Warning|[of] p2a: Ninetales
|move|p1b: Sylveon|Hyper Voice|p2a: Ninetales|[spread] p2a,p2b
|-damage|p2a: Ninetales|64/100
|-damage|p2b: Sneasler|57/100
|
|-weather|Snowscape|[upkeep]
|upkeep
|turn|4
|
|t:|1783880758
|switch|p1a: Kingambit|Kingambit, L50, M|100/100
|move|p1b: Sylveon|Hyper Beam|p2b: Sneasler
|-crit|p2b: Sneasler
|-damage|p2b: Sneasler|0 fnt
|-mustrecharge|p1b: Sylveon
|faint|p2b: Sneasler
|move|p2a: Ninetales|Aurora Veil|p2a: Ninetales
|-sidestart|p2: furqaan16|move: Aurora Veil
|
|-weather|Snowscape|[upkeep]
|upkeep
|
|t:|1783880766
|switch|p2b: Greninja|Greninja-Mega, L50, M|59/100
|turn|5
|inactive|furqaan16 has 30 seconds left.
|
|t:|1783880793
|move|p2b: Greninja|Protect|p2b: Greninja
|-start|p2b: Greninja|typechange|Normal|[from] ability: Protean
|-singleturn|p2b: Greninja|Protect
|cant|p1b: Sylveon|recharge
|move|p1a: Kingambit|Kowtow Cleave|p2a: Ninetales
|-resisted|p2a: Ninetales|1
|-damage|p2a: Ninetales|44/100
|move|p2a: Ninetales|Freeze-Dry|p1b: Sylveon
|-damage|p1b: Sylveon|75/100
|
|-weather|Snowscape|[upkeep]
|-fieldend|move: Trick Room
|upkeep
|turn|6
|inactive|PaquitoelBollito has 30 seconds left.
|inactive|furqaan16 has 30 seconds left.
|inactive|furqaan16 has 20 seconds left.
|inactive|PaquitoelBollito has 20 seconds left.
|inactive|PaquitoelBollito has 15 seconds left.
|
|t:|1783880839
|move|p2b: Greninja|Hydro Pump|p1b: Sylveon|[miss]
|-miss|p2b: Greninja|p1b: Sylveon
|move|p2a: Ninetales|Freeze-Dry|p1b: Sylveon
|-damage|p1b: Sylveon|54/100
|move|p1a: Kingambit|Kowtow Cleave|p2a: Ninetales
|-resisted|p2a: Ninetales|1
|-damage|p2a: Ninetales|25/100
|move|p1b: Sylveon|Hyper Voice|p2a: Ninetales|[spread] p2a,p2b
|-damage|p2a: Ninetales|0 fnt
|-damage|p2b: Greninja|28/100
|faint|p2a: Ninetales
|
|-weather|Snowscape|[upkeep]
|upkeep
|l|☆furqaan16
|inactive|furqaan16 disconnected and has a minute to reconnect!
|player|p2|
|inactive|furqaan16 has 30 seconds left.
|inactive|furqaan16 has 20 seconds left.
|j|☆furqaan16
|inactive|furqaan16 reconnected and has 20 seconds left.
|player|p2|furqaan16|101|
|inactive|furqaan16 has 15 seconds left.
|inactive|furqaan16 has 10 seconds left.
|
|t:|1783880886
|switch|p2a: Incineroar|Incineroar, L50, M|76/100
|-ability|p2a: Incineroar|Intimidate|boost
|-unboost|p1a: Kingambit|atk|1
|-ability|p1a: Kingambit|Defiant|boost
|-boost|p1a: Kingambit|atk|2
|-unboost|p1b: Sylveon|atk|1
|turn|7
|
|t:|1783880898
|move|p1a: Kingambit|Protect|p1a: Kingambit
|-singleturn|p1a: Kingambit|Protect
|move|p1b: Sylveon|Protect|p1b: Sylveon
|-singleturn|p1b: Sylveon|Protect
|move|p2a: Incineroar|Fake Out|p1b: Sylveon
|-activate|p1b: Sylveon|move: Protect
|move|p2b: Greninja|Hydro Pump|p1a: Kingambit
|-activate|p1a: Kingambit|move: Protect
|
|-weather|none
|upkeep
|turn|8
|
|t:|1783880916
|switch|p1b: Farigiraf|Farigiraf, L50, M|3/100
|move|p2b: Greninja|Hydro Pump|p1a: Kingambit|[miss]
|-miss|p2b: Greninja|p1a: Kingambit
|move|p1a: Kingambit|Low Kick|p2a: Incineroar
|-supereffective|p2a: Incineroar|1
|-damage|p2a: Incineroar|12/100
|-enditem|p2a: Incineroar|Sitrus Berry|[eat]
|-heal|p2a: Incineroar|37/100|[from] item: Sitrus Berry
|move|p2a: Incineroar|Parting Shot|p1b: Farigiraf
|-unboost|p1b: Farigiraf|atk|1
|-unboost|p1b: Farigiraf|spa|1
|
|upkeep
|turn|9
|inactive|PaquitoelBollito has 30 seconds left.
|
|t:|1783880945
|move|p1a: Kingambit|Sucker Punch|p2b: Greninja
|-damage|p2b: Greninja|0 fnt
|faint|p2b: Greninja
|move|p2a: Incineroar|Throat Chop|p1b: Farigiraf
|-supereffective|p1b: Farigiraf|1
|-damage|p1b: Farigiraf|0 fnt
|faint|p1b: Farigiraf
|
|upkeep
|
|t:|1783880950
|switch|p1b: Charizard|Charizard-Mega-Y, L50, M|100/100
|-weather|SunnyDay|[from] ability: Drought|[of] p1b: Charizard
|turn|10
|-message|furqaan16 forfeited.
|
|win|PaquitoelBollito
|raw|PaquitoelBollito's rating: 1146 → 1163(+17 for winning)
|raw|furqaan16's rating: 1036 → 1025(-11 for losing)
