|j|☆raylix
|j|☆Fredoulambeza
|html|raylixFredoulambeza    
|uhtml|bestof|Game 2 of a best-of-3
|t:|1756895469
|gametype|doubles
|player|p1|raylix|bruno|1104
|player|p2|Fredoulambeza|101|1042
|gen|9
|tier|[Gen 9] VGC 2025 Reg H (Bo3)
|rated|
|rule|Species Clause: Limit one of each Pokémon
|rule|Item Clause: Limit 1 of each item
|clearpoke
|poke|p1|Sneasler, L50, F|
|poke|p1|Indeedee, L50, M|
|poke|p1|Volcarona, L50, F|
|poke|p1|Ursaluna-Bloodmoon, L50, M|
|poke|p1|Annihilape, L50, M|
|poke|p1|Tyranitar, L50, M|
|poke|p2|Incineroar, L50, F|
|poke|p2|Gholdengo, L50|
|poke|p2|Amoonguss, L50, M|
|poke|p2|Hydreigon, L50, F|
|poke|p2|Porygon2, L50|
|poke|p2|Ursaluna, L50, M|
|teampreview|4
|showteam|p1|Sneasler||PsychicSeed|Unburden|CloseCombat,DireClaw,ThroatChop,Protect|||F|||50|,,,,,Dark]Indeedee||ChoiceScarf|PsychicSurge|ExpandingForce,TeraBlast,Trick,Protect|||M|||50|,,,,,Psychic]Volcarona||SitrusBerry|FlameBody|Overheat,StruggleBug,RagePowder,Tailwind|||F|||50|,,,,,Grass]Ursaluna-Bloodmoon||LifeOrb|MindsEye|BloodMoon,HyperVoice,EarthPower,Protect|||M|||50|,,,,,Normal]Annihilape||SafetyGoggles|Defiant|CloseCombat,RageFist,Taunt,FinalGambit|||M|||50|,,,,,Fairy]Tyranitar||AssaultVest|SandStream|RockSlide,KnockOff,TeraBlast,LowKick|||M|||50|,,,,,Flying
|showteam|p2|Incineroar||SitrusBerry|Intimidate|KnockOff,FakeOut,FlareBlitz,PartingShot|||F|||50|,,,,,Ghost]Gholdengo||MetalCoat|GoodasGold|Protect,NastyPlot,MakeItRain,ShadowBall||||||50|,,,,,Water]Amoonguss||RockyHelmet|Regenerator|Spore,RagePowder,PollenPuff,Protect|||M|||50|,,,,,Water]Hydreigon||SafetyGoggles|Levitate|DracoMeteor,Snarl,Tailwind,Protect|||F|||50|,,,,,Ghost]Porygon2||Eviolite|Download|Recover,IceBeam,TeraBlast,TrickRoom||||||50|,,,,,Fighting]Ursaluna||FlameOrb|Guts|Earthquake,Facade,HeadlongRush,Protect|||M|||50|,,,,,Ghost
|
|t:|1756895495
|teamsize|p1|4
|teamsize|p2|4
|start
|switch|p1a: Volcarona|Volcarona, L50, F|100/100
|switch|p1b: Annihilape|Annihilape, L50, M|100/100
|switch|p2a: Hydreigon|Hydreigon, L50, F, shiny|100/100
|switch|p2b: Incineroar|Incineroar, L50, F, shiny|100/100
|-ability|p2b: Incineroar|Intimidate|boost
|-unboost|p1a: Volcarona|atk|1
|-unboost|p1b: Annihilape|atk|1
|-ability|p1b: Annihilape|Defiant|boost
|-boost|p1b: Annihilape|atk|2
|turn|1
|
|t:|1756895514
|move|p1a: Volcarona|Tailwind|p1a: Volcarona
|-sidestart|p1: raylix|move: Tailwind
|move|p1b: Annihilape|Close Combat|p2b: Incineroar
|-supereffective|p2b: Incineroar
|-damage|p2b: Incineroar|0 fnt
|-unboost|p1b: Annihilape|def|1
|-unboost|p1b: Annihilape|spd|1
|faint|p2b: Incineroar
|move|p2a: Hydreigon|Tailwind|p2a: Hydreigon
|-sidestart|p2: Fredoulambeza|move: Tailwind
|
|upkeep
|
|t:|1756895527
|switch|p2b: Ursaluna|Ursaluna, L50, M, shiny|100/100
|turn|2
|
|t:|1756895580
|move|p2b: Ursaluna|Protect|p2b: Ursaluna
|-singleturn|p2b: Ursaluna|Protect
|move|p1a: Volcarona|Struggle Bug|p2a: Hydreigon|[spread] p2a
|-activate|p2b: Ursaluna|move: Protect
|-supereffective|p2a: Hydreigon
|-damage|p2a: Hydreigon|67/100
|-unboost|p2a: Hydreigon|spa|1
|move|p2a: Hydreigon|Draco Meteor|p1b: Annihilape
|-damage|p1b: Annihilape|50/100
|-unboost|p2a: Hydreigon|spa|2
|move|p1b: Annihilape|Close Combat|p2a: Hydreigon
|-supereffective|p2a: Hydreigon
|-damage|p2a: Hydreigon|0 fnt
|-unboost|p1b: Annihilape|def|1
|-unboost|p1b: Annihilape|spd|1
|faint|p2a: Hydreigon
|
|-status|p2b: Ursaluna|brn|[from] item: Flame Orb
|upkeep
|
|t:|1756895595
|switch|p2a: Porygon2|Porygon2, L50, shiny|100/100
|-ability|p2a: Porygon2|Download|boost
|-boost|p2a: Porygon2|atk|1
|turn|3
|inactive|Battle timer is ON: inactive players will automatically lose when time's up. (requested by Fredoulambeza)
|
|t:|1756895645
|-terastallize|p2b: Ursaluna|Ghost
|move|p1a: Volcarona|Overheat|p2a: Porygon2
|-damage|p2a: Porygon2|68/100
|-unboost|p1a: Volcarona|spa|2
|move|p1b: Annihilape|Close Combat|p2b: Ursaluna
|-immune|p2b: Ursaluna
|move|p2b: Ursaluna|Earthquake|p1b: Annihilape|[spread] p2a,p1a,p1b
|-damage|p2a: Porygon2|20/100
|-damage|p1a: Volcarona|19/100
|-damage|p1b: Annihilape|0 fnt
|-enditem|p1a: Volcarona|Sitrus Berry|[eat]
|-heal|p1a: Volcarona|44/100|[from] item: Sitrus Berry
|faint|p1b: Annihilape
|move|p2a: Porygon2|Trick Room|p2a: Porygon2
|-fieldstart|move: Trick Room|[of] p2a: Porygon2
|
|-damage|p2b: Ursaluna|94/100 brn|[from] brn
|upkeep
|
|t:|1756895651
|switch|p1b: Tyranitar|Tyranitar, L50, M|100/100
|-weather|Sandstorm|[from] ability: Sand Stream|[of] p1b: Tyranitar
|turn|4
|
|t:|1756895679
|-terastallize|p1b: Tyranitar|Flying
|move|p2a: Porygon2|Recover|p2a: Porygon2
|-heal|p2a: Porygon2|70/100
|move|p2b: Ursaluna|Facade|p1b: Tyranitar
|-damage|p1b: Tyranitar|0 fnt
|faint|p1b: Tyranitar
|move|p1a: Volcarona|Overheat|p2a: Porygon2|[miss]
|-miss|p1a: Volcarona|p2a: Porygon2
|
|-weather|Sandstorm|[upkeep]
|-damage|p2a: Porygon2|64/100|[from] Sandstorm
|-damage|p2b: Ursaluna|88/100 brn|[from] Sandstorm
|-damage|p1a: Volcarona|38/100|[from] Sandstorm
|-damage|p2b: Ursaluna|82/100 brn|[from] brn
|-sideend|p1: raylix|move: Tailwind
|-sideend|p2: Fredoulambeza|move: Tailwind
|upkeep
|
|t:|1756895686
|switch|p1b: Ursaluna|Ursaluna-Bloodmoon, L50, M|100/100
|turn|5
|inactive|raylix has 30 seconds left.
|inactive|raylix has 20 seconds left.
|inactive|raylix has 15 seconds left.
|inactive|raylix has 10 seconds left.
|
|t:|1756895735
|move|p2a: Porygon2|Ice Beam|p1b: Ursaluna
|-supereffective|p1b: Ursaluna
|-damage|p1b: Ursaluna|23/100
|-status|p1b: Ursaluna|frz
|move|p2b: Ursaluna|Earthquake|p1a: Volcarona|[spread] p2a,p1a,p1b
|-damage|p2a: Porygon2|17/100
|-damage|p1a: Volcarona|0 fnt
|-damage|p1b: Ursaluna|0 fnt
|faint|p1a: Volcarona
|faint|p1b: Ursaluna
|
|win|Fredoulambeza
|raw|raylix's rating: 1104 → 1075(-29 for losing)
|raw|Fredoulambeza's rating: 1042 → 1082(+40 for winning)
