|j|☆Arcsouth
|j|☆ayeeetonyyy
|html|Arcsouthayeeetonyyy    
|uhtml|bestof|Game 3 of a best-of-3
|t:|1784589375
|gametype|doubles
|player|p1|Arcsouth|hiker-gen4|
|player|p2|ayeeetonyyy|marshal|
|gen|9
|tier|[Gen 9 Champions] VGC 2026 Reg M-B (Bo3)
|rule|Species Clause: Limit one of each Pokémon
|rule|Item Clause: Limit 1 of each item
|clearpoke
|poke|p1|Metagross, L50, shiny|
|poke|p1|Pikachu, L50, M|
|poke|p1|Rotom-Wash, L50|
|poke|p1|Trevenant, L50, M|
|poke|p1|Talonflame, L50, M|
|poke|p1|Alcremie-Ruby-Cream, L50, F|
|poke|p2|Pelipper, L50, F|
|poke|p2|Archaludon, L50, M|
|poke|p2|Blastoise, L50, F|
|poke|p2|Bellibolt, L50, F|
|poke|p2|Eelektross, L50, M|
|poke|p2|Jolteon, L50, M|
|teampreview|4
|showteam|p1|Metagross||Metagrossite|ClearBody|PsychicFangs,StompingTantrum,Explosion,RockSlide|Jolly|||||50|]Pikachu||LightBall|LightningRod|FakeOut,AlluringVoice,Encore,GrassKnot|Hasty||M|||50|]Rotom-Wash||PechaBerry|Levitate|SunnyDay,VoltSwitch,Trick,ShadowBall|Timid|||||50|]Trevenant||SitrusBerry|Harvest|HornLeech,Protect,ShadowClaw,KnockOff|Adamant||M|||50|]Talonflame||WacanBerry|GaleWings|Tailwind,Protect,FlareBlitz,Feint|Careful||M|||50|]Alcremie-Ruby-Cream||Leftovers|SweetVeil|DazzlingGleam,AlluringVoice,Decorate,Protect|Modest||F|||50|
|showteam|p2|Pelipper||SitrusBerry|Drizzle|HydroPump,Hurricane,WideGuard,Uturn|Modest||F|||50|]Archaludon||ChoiceScarf|Stamina|DracoMeteor,FlashCannon,ElectroShot,AuraSphere|Timid||M|||50|]Blastoise||Blastoisinite|RainDish|WaterSpout,DarkPulse,AuraSphere,FakeOut|Quiet||F|||50|]Bellibolt||ExpertBelt|Electromorphosis|ChillingWater,HyperVoice,Thunder,Thunderbolt|Modest||F|||50|]Eelektross||Eelektrossite|Levitate|Thunderbolt,DragonPulse,DrainPunch,CloseCombat|Hasty||M|||50|]Jolteon||ShucaBerry|VoltAbsorb|VoltSwitch,RisingVoltage,AlluringVoice,RainDance|Timid||M|||50|
|
|t:|1784589416
|teamsize|p1|4
|teamsize|p2|4
|start
|switch|p1a: Rotom|Rotom-Wash, L50|100/100
|switch|p1b: Alcremie|Alcremie-Ruby-Cream, L50, F|100/100
|switch|p2a: Pelipper|Pelipper, L50, F|100/100
|switch|p2b: Bellibolt|Bellibolt, L50, F|100/100
|-weather|RainDance|[from] ability: Drizzle|[of] p2a: Pelipper
|turn|1
|
|t:|1784589441
|move|p1a: Rotom|Sunny Day|p1a: Rotom
|-weather|SunnyDay
|move|p2a: Pelipper|U-turn|p1a: Rotom
|-damage|p1a: Rotom|86/100
|c|☆Arcsouth|that misclick hurts
|
|t:|1784589463
|switch|p2a: Archaludon|Archaludon, L50, M|100/100|[from] U-turn
|move|p1b: Alcremie|Decorate|p2b: Bellibolt
|-boost|p2b: Bellibolt|atk|2
|-boost|p2b: Bellibolt|spa|2
|move|p2b: Bellibolt|Hyper Voice|p1a: Rotom|[spread] p1a,p1b
|-damage|p1a: Rotom|29/100
|-damage|p1b: Alcremie|59/100
|
|-weather|SunnyDay|[upkeep]
|-heal|p1b: Alcremie|65/100|[from] item: Leftovers
|upkeep
|turn|2
|
|t:|1784589498
|move|p2a: Archaludon|Flash Cannon|p1b: Alcremie
|-supereffective|p1b: Alcremie|1
|-damage|p1b: Alcremie|0 fnt
|faint|p1b: Alcremie
|move|p1a: Rotom|Trick|p2b: Bellibolt
|-activate|p1a: Rotom|move: Trick|[of] p2b: Bellibolt
|-item|p2b: Bellibolt|Pecha Berry|[from] move: Trick
|-item|p1a: Rotom|Expert Belt|[from] move: Trick
|move|p2b: Bellibolt|Thunderbolt|p1a: Rotom
|-damage|p1a: Rotom|0 fnt
|faint|p1a: Rotom
|
|-weather|SunnyDay|[upkeep]
|upkeep
|
|t:|1784589506
|switch|p1a: Trevenant|Trevenant, L50, M|100/100
|switch|p1b: Metagross|Metagross, L50, shiny|100/100
|turn|3
|
|t:|1784589537
|switch|p2a: Pelipper|Pelipper, L50, F|100/100
|-weather|RainDance|[from] ability: Drizzle|[of] p2a: Pelipper
|switch|p2b: Eelektross|Eelektross, L50, M|100/100
|detailschange|p1b: Metagross|Metagross-Mega, L50, shiny
|-mega|p1b: Metagross|Metagross|Metagrossite
|move|p1b: Metagross|Stomping Tantrum|p2a: Pelipper
|-immune|p2a: Pelipper
|move|p1a: Trevenant|Shadow Claw|p2b: Eelektross
|-damage|p2b: Eelektross|54/100
|
|-weather|RainDance|[upkeep]
|upkeep
|turn|4
|
|t:|1784589582
|detailschange|p2b: Eelektross|Eelektross-Mega, L50, M
|-mega|p2b: Eelektross|Eelektross|Eelektrossite
|move|p1b: Metagross|Psychic Fangs|p2a: Pelipper
|-damage|p2a: Pelipper|36/100
|-enditem|p2a: Pelipper|Sitrus Berry|[eat]
|-heal|p2a: Pelipper|61/100|[from] item: Sitrus Berry
|move|p2b: Eelektross|Thunderbolt|p1b: Metagross
|-damage|p1b: Metagross|57/100
|move|p2a: Pelipper|Hurricane|p1a: Trevenant
|-supereffective|p1a: Trevenant|1
|-damage|p1a: Trevenant|0 fnt
|faint|p1a: Trevenant
|
|-weather|RainDance|[upkeep]
|upkeep
|turn|5
|
|t:|1784589740
|move|p1b: Metagross|Psychic Fangs|p2a: Pelipper
|-damage|p2a: Pelipper|0 fnt
|faint|p2a: Pelipper
|move|p2b: Eelektross|Drain Punch|p1b: Metagross
|-damage|p1b: Metagross|33/100
|-heal|p2b: Eelektross|66/100|[from] drain|[of] p1b: Metagross
|
|-weather|RainDance|[upkeep]
|upkeep
|
|t:|1784589753
|switch|p2a: Bellibolt|Bellibolt, L50, F|100/100
|turn|6
|
|t:|1784589770
|move|p1b: Metagross|Stomping Tantrum|p2a: Bellibolt
|-supereffective|p2a: Bellibolt|1
|-damage|p2a: Bellibolt|28/100
|-start|p2a: Bellibolt|Charge|Stomping Tantrum|[from] ability: Electromorphosis
|move|p2b: Eelektross|Thunderbolt|p1b: Metagross
|-damage|p1b: Metagross|0 fnt
|faint|p1b: Metagross
|
|win|ayeeetonyyy
