|j|☆letcheflan
|j|☆Kosken
|html|letcheflanKosken    
|uhtml|bestof|Game 1 of a best-of-3
|t:|1782317553
|gametype|doubles
|player|p1|letcheflan|n|1056
|player|p2|Kosken|firebreather|1079
|gen|9
|tier|[Gen 9 Champions] VGC 2026 Reg M-B (Bo3)
|rated|
|rule|Species Clause: Limit one of each Pokémon
|rule|Item Clause: Limit 1 of each item
|clearpoke
|poke|p1|Mawile, L50, F|
|poke|p1|Farigiraf, L50, F, shiny|
|poke|p1|Sableye, L50, M|
|poke|p1|Swampert, L50, F|
|poke|p1|Sinistcha, L50|
|poke|p1|Skeledirge, L50, F|
|poke|p2|Scolipede, L50, F|
|poke|p2|Basculegion, L50, M|
|poke|p2|Raichu, L50, F|
|poke|p2|Whimsicott, L50, M|
|poke|p2|Incineroar, L50, F|
|poke|p2|Gholdengo, L50|
|teampreview|4
|showteam|p1|Mawile||Mawilite|HyperCutter|Protect,PlayRough,IronHead,SuckerPunch|Brave||F|||50|]Farigiraf||SitrusBerry|ArmorTail|AllySwitch,PsychicNoise,HelpingHand,TrickRoom|Bold||F|||50|]Sableye||RoseliBerry|Prankster|LightScreen,Reflect,RainDance,Quash|Careful||M|||50|]Swampert||Swampertite|Torrent|Protect,WaveCrash,HighHorsepower,BrickBreak|Adamant||F|||50|]Sinistcha||CobaBerry|Hospitality|MatchaGotcha,RagePowder,LifeDew,TrickRoom|Bold|||||50|]Skeledirge||ColburBerry|Unaware|Protect,TorchSong,ShadowBall,AlluringVoice|Relaxed||F|||50|
|showteam|p2|Scolipede||Scolipite|SpeedBoost|Protect,IronDefense,PoisonJab,XScissor|Adamant||F|||50|]Basculegion||ChoiceScarf|Adaptability|AquaJet,LastRespects,WaveCrash,FlipTurn|Adamant||M|||50|]Raichu||RaichuniteY|LightningRod|FakeOut,ZapCannon,DazzlingGleam,Protect|Mild||F|||50|]Whimsicott||FocusSash|Prankster|Tailwind,Protect,Moonblast,Taunt|Timid||M|||50|]Incineroar||ChopleBerry|Intimidate|FakeOut,Protect,PartingShot,FlareBlitz|Adamant||F|||50|]Gholdengo||LifeOrb|GoodasGold|DazzlingGleam,NastyPlot,MakeItRain,ShadowBall|Bold|||||50|
|inactive|Battle timer is ON: inactive players will automatically lose when time's up. (requested by Kosken)
|inactive|letcheflan also wants the timer to be on.
|inactive|Kosken has 60 seconds left.
|
|t:|1782317610
|teamsize|p1|4
|teamsize|p2|4
|start
|switch|p1a: Mawile|Mawile, L50, F|100/100
|switch|p1b: Float|Farigiraf, L50, F, shiny|100/100
|switch|p2a: Whimsicott|Whimsicott, L50, M|100/100
|switch|p2b: Incineroar|Incineroar, L50, F|100/100
|-ability|p2b: Incineroar|Intimidate|boost
|-fail|p1a: Mawile|unboost|Attack|[from] ability: Hyper Cutter|[of] p1a: Mawile
|-unboost|p1b: Float|atk|1
|turn|1
|inactive|Kosken has 30 seconds left.
|
|t:|1782317638
|move|p1a: Mawile|Protect|p1a: Mawile
|-singleturn|p1a: Mawile|Protect
|move|p2a: Whimsicott|Moonblast|p1b: Float
|-damage|p1b: Float|69/100
|-unboost|p1b: Float|spa|1
|move|p2b: Incineroar|Parting Shot|p1a: Mawile
|-activate|p1a: Mawile|move: Protect
|move|p1b: Float|Trick Room|p1b: Float
|-fieldstart|move: Trick Room|[of] p1b: Float
|
|upkeep
|turn|2
|
|t:|1782317656
|detailschange|p1a: Mawile|Mawile-Mega, L50, F
|-mega|p1a: Mawile|Mawile|Mawilite
|move|p1b: Float|Helping Hand|p1a: Mawile
|-singleturn|p1a: Mawile|Helping Hand|[of] p1b: Float
|move|p1a: Mawile|Play Rough|p2b: Incineroar
|-damage|p2b: Incineroar|0 fnt
|faint|p2b: Incineroar
|move|p2a: Whimsicott|Moonblast|p1b: Float
|-damage|p1b: Float|40/100
|-enditem|p1b: Float|Sitrus Berry|[eat]
|-heal|p1b: Float|65/100|[from] item: Sitrus Berry
|
|upkeep
|
|t:|1782317669
|switch|p2b: Gholdengo|Gholdengo, L50|100/100
|turn|3
|
|t:|1782317683
|move|p1a: Mawile|Sucker Punch|p2b: Gholdengo
|-supereffective|p2b: Gholdengo|1
|-damage|p2b: Gholdengo|15/100
|move|p1b: Float|Psychic Noise|p2a: Whimsicott
|-damage|p2a: Whimsicott|71/100
|-start|p2a: Whimsicott|move: Heal Block
|move|p2b: Gholdengo|Make It Rain|p1a: Mawile|[spread] p1a,p1b
|-damage|p1a: Mawile|34/100
|-damage|p1b: Float|17/100
|-unboost|p2b: Gholdengo|spa|2
|-damage|p2b: Gholdengo|5/100|[from] item: Life Orb
|move|p2a: Whimsicott|Moonblast|p1b: Float
|-damage|p1b: Float|0 fnt
|faint|p1b: Float
|
|upkeep
|
|t:|1782317701
|switch|p1b: earl grey|Sinistcha, L50|100/100
|-heal|p1a: Mawile|59/100|[from] ability: Hospitality|[of] p1b: earl grey
|turn|4
|
|t:|1782317716
|move|p2a: Whimsicott|Taunt|p1b: earl grey
|-start|p1b: earl grey|move: Taunt
|move|p1a: Mawile|Iron Head|p2a: Whimsicott
|-supereffective|p2a: Whimsicott|1
|-damage|p2a: Whimsicott|0 fnt
|faint|p2a: Whimsicott
|move|p1b: earl grey|Matcha Gotcha|p2b: Gholdengo
|-resisted|p2b: Gholdengo|1
|-damage|p2b: Gholdengo|0 fnt
|faint|p2b: Gholdengo
|
|upkeep
|
|t:|1782317725
|switch|p2b: Scolipede|Scolipede, L50, F|100/100
|turn|5
|
|t:|1782317733
|move|p2b: Scolipede|Protect|p2b: Scolipede
|-singleturn|p2b: Scolipede|Protect
|move|p1a: Mawile|Iron Head|p2b: Scolipede
|-activate|p2b: Scolipede|move: Protect
|move|p1b: earl grey|Matcha Gotcha|p2b: Scolipede
|-activate|p2b: Scolipede|move: Protect
|
|-fieldend|move: Trick Room
|-ability|p2b: Scolipede|Speed Boost|boost
|-boost|p2b: Scolipede|spe|1
|upkeep
|turn|6
|
|t:|1782317748
|switch|p1b: Salsa|Skeledirge, L50, F|100/100
|detailschange|p2b: Scolipede|Scolipede-Mega, L50, F
|-mega|p2b: Scolipede|Scolipede|Scolipite
|move|p1a: Mawile|Sucker Punch||[still]
|-fail|p1a: Mawile
|move|p2b: Scolipede|Iron Defense|p2b: Scolipede
|-boost|p2b: Scolipede|def|2
|
|upkeep
|turn|7
|
|t:|1782317762
|move|p1a: Mawile|Protect|p1a: Mawile
|-singleturn|p1a: Mawile|Protect
|move|p2b: Scolipede|Poison Jab|p1b: Salsa
|-resisted|p1b: Salsa|1
|-damage|p1b: Salsa|88/100
|-status|p1b: Salsa|psn
|move|p1b: Salsa|Torch Song|p2b: Scolipede
|-supereffective|p2b: Scolipede|1
|-damage|p2b: Scolipede|41/100
|-boost|p1b: Salsa|spa|1
|
|-damage|p1b: Salsa|75/100 psn|[from] psn
|upkeep
|turn|8
|-message|Kosken forfeited.
|
|win|letcheflan
|l|☆Kosken
|player|p2|
||Kosken is ready for game 2.
||letcheflan is ready for game 2.
|uhtml|next|Next: Game 2 of 3
