|j|☆5NitesAtTrickRoom
|j|☆patchspitzy
|html|5NitesAtTrickRoompatchspitzy    
|uhtml|bestof|Game 2 of a best-of-3
|t:|1757806615
|gametype|doubles
|player|p1|5NitesAtTrickRoom|hilbert|
|player|p2|patchspitzy|roark|
|gen|9
|tier|[Gen 9] VGC 2025 Reg H (Bo3)
|rule|Species Clause: Limit one of each Pokémon
|rule|Item Clause: Limit 1 of each item
|clearpoke
|poke|p1|Dragonite, L50, M|
|poke|p1|Gholdengo, L50|
|poke|p1|Ursaluna-Bloodmoon, L50, M|
|poke|p1|Annihilape, L50, M|
|poke|p1|Maushold-Four, L50|
|poke|p1|Rillaboom, L50, F|
|poke|p2|Sneasler, L50, F|
|poke|p2|Dragapult, L50, M|
|poke|p2|Primarina, L50, F|
|poke|p2|Rillaboom, L50, M|
|poke|p2|Kingambit, L50, F|
|poke|p2|Electabuzz, L50, M|
|teampreview|4
|showteam|p1|Dragonite||LoadedDice|Multiscale|ScaleShot,Tailwind,Haze,Protect|||M|||50|,,,,,Fairy]Gholdengo||LifeOrb|GoodasGold|MakeItRain,ShadowBall,NastyPlot,Protect||||||50|,,,,,Water]Ursaluna-Bloodmoon||AssaultVest|MindsEye|BloodMoon,EarthPower,HyperVoice,VacuumWave|||M|||50|,,,,,Water]Annihilape||SitrusBerry|Defiant|DrainPunch,RageFist,BulkUp,Protect|||M|||50|,,,,,Fire]Maushold-Four||FocusSash|FriendGuard|SuperFang,BeatUp,FollowMe,Protect||||||50|,,,,,Ghost]Rillaboom||MiracleSeed|GrassySurge|WoodHammer,GrassyGlide,HighHorsepower,FakeOut|||F|||50|,,,,,Fire
|showteam|p2|Sneasler||FocusSash|PoisonTouch|CloseCombat,DireClaw,FakeOut,Protect|||F|||50|,,,,,Stellar]Dragapult||ChoiceBand|ClearBody|DragonDarts,Outrage,PhantomForce,Uturn|||M|||50|,,,,,Dragon]Primarina||LifeOrb|LiquidVoice|HyperVoice,Moonblast,Haze,Protect|||F|||50|,,,,,Grass]Rillaboom||AssaultVest|GrassySurge|WoodHammer,GrassyGlide,HighHorsepower,FakeOut|||M|||50|,,,,,Fire]Kingambit||BlackGlasses|Defiant|KowtowCleave,SuckerPunch,SwordsDance,Protect|||F|||50|,,,,,Ghost]Electabuzz||Eviolite|VitalSpirit|Thunderbolt,FollowMe,HelpingHand,Protect|||M|||50|,,,,,Ghost
|j| slendyducky
|
|t:|1757806721
|teamsize|p1|4
|teamsize|p2|4
|start
|switch|p1a: Maushold|Maushold-Four, L50|100/100
|switch|p1b: Annihilape|Annihilape, L50, M|100/100
|switch|p2a: Slayyy|Primarina, L50, F|100/100
|switch|p2b: Laa-Laa|Electabuzz, L50, M|100/100
|turn|1
|
|t:|1757806743
|move|p1a: Maushold|Super Fang|p2a: Slayyy
|-damage|p2a: Slayyy|51/100
|move|p1b: Annihilape|Bulk Up|p1b: Annihilape
|-boost|p1b: Annihilape|atk|1
|-boost|p1b: Annihilape|def|1
|move|p2b: Laa-Laa|Thunderbolt|p1a: Maushold
|-damage|p1a: Maushold|60/100
|move|p2a: Slayyy|Moonblast|p1a: Maushold
|-damage|p1a: Maushold|0 fnt
|faint|p1a: Maushold
|-damage|p2a: Slayyy|41/100|[from] item: Life Orb
|
|upkeep
|
|t:|1757806769
|switch|p1a: Dragonite|Dragonite, L50, M|100/100
|turn|2
|
|t:|1757806779
|move|p2b: Laa-Laa|Follow Me|p2b: Laa-Laa
|-singleturn|p2b: Laa-Laa|move: Follow Me
|move|p1b: Annihilape|Bulk Up|p1b: Annihilape
|-boost|p1b: Annihilape|atk|1
|-boost|p1b: Annihilape|def|1
|move|p1a: Dragonite|Scale Shot|p2b: Laa-Laa
|-damage|p2b: Laa-Laa|88/100
|-damage|p2b: Laa-Laa|76/100
|-damage|p2b: Laa-Laa|64/100
|-damage|p2b: Laa-Laa|53/100
|-hitcount|p2b: Laa-Laa|4
|-unboost|p1a: Dragonite|def|1
|-boost|p1a: Dragonite|spe|1
|move|p2a: Slayyy|Moonblast|p1b: Annihilape
|-supereffective|p1b: Annihilape
|-damage|p1b: Annihilape|5/100
|-enditem|p1b: Annihilape|Sitrus Berry|[eat]
|-heal|p1b: Annihilape|30/100|[from] item: Sitrus Berry
|-damage|p2a: Slayyy|32/100|[from] item: Life Orb
|
|upkeep
|turn|3
|
|t:|1757806802
|move|p2b: Laa-Laa|Follow Me|p2b: Laa-Laa
|-singleturn|p2b: Laa-Laa|move: Follow Me
|move|p1a: Dragonite|Scale Shot|p2b: Laa-Laa
|-damage|p2b: Laa-Laa|41/100
|-damage|p2b: Laa-Laa|28/100
|-damage|p2b: Laa-Laa|16/100
|-damage|p2b: Laa-Laa|5/100
|-damage|p2b: Laa-Laa|0 fnt
|faint|p2b: Laa-Laa
|-hitcount|p2: Laa-Laa|5
|-unboost|p1a: Dragonite|def|1
|-boost|p1a: Dragonite|spe|1
|move|p1b: Annihilape|Rage Fist|p2a: Slayyy
|-damage|p2a: Slayyy|0 fnt
|faint|p2a: Slayyy
|
|upkeep
|
|t:|1757806816
|switch|p2b: 777|Sneasler, L50, F|100/100
|switch|p2a: Grassy Kong|Rillaboom, L50, M|100/100
|-fieldstart|move: Grassy Terrain|[from] ability: Grassy Surge|[of] p2a: Grassy Kong
|turn|4
|
|t:|1757806827
|move|p1a: Dragonite|Protect|p1a: Dragonite
|-singleturn|p1a: Dragonite|Protect
|move|p1b: Annihilape|Protect|p1b: Annihilape
|-singleturn|p1b: Annihilape|Protect
|move|p2b: 777|Fake Out|p1a: Dragonite
|-activate|p1a: Dragonite|move: Protect
|move|p2a: Grassy Kong|Wood Hammer|p1b: Annihilape
|-activate|p1b: Annihilape|move: Protect
|
|-heal|p1b: Annihilape|37/100|[from] Grassy Terrain
|upkeep
|turn|5
|
|t:|1757806848
|-terastallize|p1b: Annihilape|Fire
|move|p1a: Dragonite|Scale Shot|p2b: 777
|-damage|p2b: 777|73/100
|-damage|p2b: 777|48/100
|-damage|p2b: 777|24/100
|-damage|p2b: 777|0 fnt
|faint|p2b: 777
|-hitcount|p2: 777|4
|-unboost|p1a: Dragonite|def|1
|-boost|p1a: Dragonite|spe|1
|move|p1b: Annihilape|Rage Fist|p2a: Grassy Kong
|-damage|p2a: Grassy Kong|15/100
|move|p2a: Grassy Kong|Wood Hammer|p1b: Annihilape
|-resisted|p1b: Annihilape
|-damage|p1b: Annihilape|15/100
|-damage|p2a: Grassy Kong|7/100|[from] Recoil
|
|-heal|p1b: Annihilape|21/100|[from] Grassy Terrain
|-heal|p2a: Grassy Kong|13/100|[from] Grassy Terrain
|upkeep
|turn|6
|l| slendyducky
|
|t:|1757806886
|move|p2a: Grassy Kong|Grassy Glide|p1b: Annihilape
|-resisted|p1b: Annihilape
|-damage|p1b: Annihilape|11/100
|move|p1a: Dragonite|Scale Shot|p2a: Grassy Kong
|-crit|p2a: Grassy Kong
|-damage|p2a: Grassy Kong|0 fnt
|faint|p2a: Grassy Kong
|-hitcount|p2: Grassy Kong|1
|
|win|5NitesAtTrickRoom
|l|☆patchspitzy
|player|p2|
|j|☆patchspitzy
|player|p2|patchspitzy|roark|
