|j|☆scottedstone
|j|☆Altotesino Errante
|html|scottedstoneAltotesino Errante    
|uhtml|bestof|Game 2 of a best-of-3
|t:|1755944368
|gametype|doubles
|player|p1|scottedstone|265|1223
|player|p2|Altotesino Errante|1|1249
|gen|9
|tier|[Gen 9] VGC 2025 Reg H (Bo3)
|rated|
|rule|Species Clause: Limit one of each Pokémon
|rule|Item Clause: Limit 1 of each item
|clearpoke
|poke|p1|Pelipper, L50, M|
|poke|p1|Basculegion, L50, M|
|poke|p1|Archaludon, L50, F|
|poke|p1|Amoonguss, L50, F|
|poke|p1|Gholdengo, L50|
|poke|p1|Incineroar, L50, M|
|poke|p2|Dragonite, L50, M|
|poke|p2|Kingambit, L50, M|
|poke|p2|Volcarona, L50, F|
|poke|p2|Sneasler, L50, F|
|poke|p2|Rillaboom, L50, M|
|poke|p2|Electabuzz, L50, M|
|teampreview|4
|showteam|p1|Pelipper||FocusSash|Drizzle|WeatherBall,Hurricane,Tailwind,Protect|||M|||50|,,,,,Stellar]Basculegion||LifeOrb|SwiftSwim|WaveCrash,LastRespects,AquaJet,Protect|||M|||50|,,,,,Water]Archaludon||AssaultVest|Stamina|DracoMeteor,ElectroShot,FlashCannon,BodyPress|||F|||50|,,,,,Grass]Amoonguss||SitrusBerry|Regenerator|PollenPuff,RagePowder,Spore,Protect|||F|||50|,,,,,Psychic]Gholdengo||Leftovers|GoodasGold|NastyPlot,MakeItRain,ShadowBall,Protect||||||50|,,,,,Dragon]Incineroar||SafetyGoggles|Intimidate|KnockOff,FakeOut,PartingShot,Taunt|||M|||50|,,,,,Water
|showteam|p2|Dragonite||LoadedDice|Multiscale|ScaleShot,ExtremeSpeed,Haze,Protect|||M|||50|,,,,,Steel]Kingambit||SafetyGoggles|Defiant|KowtowCleave,SuckerPunch,SwordsDance,Protect|||M|||50|,,,,,Dark]Volcarona||Leftovers|FlameBody|HeatWave,TeraBlast,QuiverDance,Protect|||F|||50|,,,,,Fairy]Sneasler||FocusSash|Unburden|CloseCombat,DireClaw,Coaching,FakeOut|||F|||50|,,,,,Ghost]Rillaboom||AssaultVest|GrassySurge|WoodHammer,GrassyGlide,HighHorsepower,FakeOut|||M|||50|,,,,,Fire]Electabuzz||Eviolite|VitalSpirit|Electroweb,HelpingHand,FollowMe,Protect|||M|||50|,,,,,Ghost
|inactive|Battle timer is ON: inactive players will automatically lose when time's up. (requested by Altotesino Errante)
|
|t:|1755944391
|teamsize|p1|4
|teamsize|p2|4
|start
|switch|p1a: Pelipper|Pelipper, L50, M|100/100
|switch|p1b: Archaludon|Archaludon, L50, F|100/100
|switch|p2a: Red Terror|Volcarona, L50, F|100/100
|switch|p2b: Loot|Electabuzz, L50, M|100/100
|-weather|RainDance|[from] ability: Drizzle|[of] p1a: Pelipper
|turn|1
|inactive|scottedstone has 30 seconds left.
|inactive|scottedstone has 20 seconds left.
|inactive|scottedstone has 15 seconds left.
|
|t:|1755944436
|-terastallize|p1a: Pelipper|Stellar
|move|p2b: Loot|Follow Me|p2b: Loot
|-singleturn|p2b: Loot|move: Follow Me
|move|p2a: Red Terror|Quiver Dance|p2a: Red Terror
|-boost|p2a: Red Terror|spa|1
|-boost|p2a: Red Terror|spd|1
|-boost|p2a: Red Terror|spe|1
|move|p1a: Pelipper|Weather Ball|p2b: Loot
|-damage|p2b: Loot|28/100
|move|p1b: Archaludon|Electro Shot||[still]
|-prepare|p1b: Archaludon|Electro Shot
|-boost|p1b: Archaludon|spa|1
|-anim|p1b: Archaludon|Electro Shot|p2b: Loot
|-resisted|p2b: Loot
|-damage|p2b: Loot|2/100
|
|-weather|RainDance|[upkeep]
|upkeep
|turn|2
|inactive|scottedstone has 30 seconds left.
|
|t:|1755944464
|switch|p1a: Amoonguss|Amoonguss, L50, F|100/100
|-terastallize|p2a: Red Terror|Fairy
|move|p2a: Red Terror|Tera Blast|p1a: Amoonguss|[anim] Tera Blast Fairy
|-resisted|p1a: Amoonguss
|-damage|p1a: Amoonguss|75/100
|move|p2b: Loot|Electroweb|p1a: Amoonguss|[spread] p1a,p1b
|-resisted|p1a: Amoonguss
|-resisted|p1b: Archaludon
|-damage|p1a: Amoonguss|69/100
|-damage|p1b: Archaludon|96/100
|-unboost|p1a: Amoonguss|spe|1
|-unboost|p1b: Archaludon|spe|1
|-ability|p1b: Archaludon|Stamina|boost
|-boost|p1b: Archaludon|def|1
|move|p1b: Archaludon|Electro Shot||[still]
|-prepare|p1b: Archaludon|Electro Shot
|-boost|p1b: Archaludon|spa|1
|-anim|p1b: Archaludon|Electro Shot|p2a: Red Terror
|-damage|p2a: Red Terror|46/100
|
|-weather|RainDance|[upkeep]
|-heal|p2a: Red Terror|52/100|[from] item: Leftovers
|upkeep
|turn|3
|inactive|scottedstone has 30 seconds left.
|inactive|Altotesino Errante has 30 seconds left.
|
|t:|1755944493
|switch|p2b: Kogla|Rillaboom, L50, M|100/100
|-fieldstart|move: Grassy Terrain|[from] ability: Grassy Surge|[of] p2b: Kogla
|move|p2a: Red Terror|Protect|p2a: Red Terror
|-singleturn|p2a: Red Terror|Protect
|move|p1b: Archaludon|Electro Shot||[still]
|-prepare|p1b: Archaludon|Electro Shot
|-boost|p1b: Archaludon|spa|1
|-anim|p1b: Archaludon|Electro Shot|p2b: Kogla
|-resisted|p2b: Kogla
|-damage|p2b: Kogla|63/100
|move|p1a: Amoonguss|Spore|p2a: Red Terror
|-activate|p2a: Red Terror|move: Protect
|
|-weather|RainDance|[upkeep]
|-heal|p2a: Red Terror|58/100|[from] Grassy Terrain
|-heal|p2a: Red Terror|64/100|[from] item: Leftovers
|-heal|p2b: Kogla|69/100|[from] Grassy Terrain
|-heal|p1b: Archaludon|100/100|[from] Grassy Terrain
|-heal|p1a: Amoonguss|75/100|[from] Grassy Terrain
|upkeep
|turn|4
|inactive|Altotesino Errante has 30 seconds left.
|inactive|Altotesino Errante has 20 seconds left.
|inactive|Altotesino Errante has 15 seconds left.
|inactive|scottedstone has 30 seconds left.
|inactive|Altotesino Errante has 10 seconds left.
|
|t:|1755944540
|move|p2a: Red Terror|Heat Wave|p1a: Amoonguss|[spread] p1a,p1b
|-supereffective|p1a: Amoonguss
|-damage|p1a: Amoonguss|27/100
|-damage|p1b: Archaludon|84/100
|-ability|p1b: Archaludon|Stamina|boost
|-boost|p1b: Archaludon|def|1
|-enditem|p1a: Amoonguss|Sitrus Berry|[eat]
|-heal|p1a: Amoonguss|52/100|[from] item: Sitrus Berry
|move|p2b: Kogla|High Horsepower|p1a: Amoonguss
|-damage|p1a: Amoonguss|27/100
|move|p1b: Archaludon|Draco Meteor|p2b: Kogla
|-damage|p2b: Kogla|0 fnt
|-unboost|p1b: Archaludon|spa|2
|faint|p2b: Kogla
|move|p1a: Amoonguss|Spore|p2a: Red Terror
|-status|p2a: Red Terror|slp|[from] move: Spore
|
|-weather|RainDance|[upkeep]
|-heal|p2a: Red Terror|69/100 slp|[from] Grassy Terrain
|-heal|p2a: Red Terror|75/100 slp|[from] item: Leftovers
|-heal|p1b: Archaludon|90/100|[from] Grassy Terrain
|-heal|p1a: Amoonguss|33/100|[from] Grassy Terrain
|upkeep
|
|t:|1755944550
|switch|p2b: Loot|Electabuzz, L50, M|2/100
|turn|5
|
|t:|1755944567
|move|p2b: Loot|Follow Me|p2b: Loot
|-singleturn|p2b: Loot|move: Follow Me
|cant|p2a: Red Terror|slp
|move|p1b: Archaludon|Electro Shot||[still]
|-prepare|p1b: Archaludon|Electro Shot
|-boost|p1b: Archaludon|spa|1
|-anim|p1b: Archaludon|Electro Shot|p2b: Loot
|-resisted|p2b: Loot
|-damage|p2b: Loot|0 fnt
|faint|p2b: Loot
|move|p1a: Amoonguss|Pollen Puff|p1b: Archaludon
|-heal|p1b: Archaludon|100/100
|
|-weather|none
|-heal|p2a: Red Terror|81/100 slp|[from] Grassy Terrain
|-heal|p2a: Red Terror|87/100 slp|[from] item: Leftovers
|-heal|p1a: Amoonguss|39/100|[from] Grassy Terrain
|upkeep
|
|t:|1755944581
|switch|p2b: Atraxa|Sneasler, L50, F|100/100
|turn|6
|inactive|scottedstone has 30 seconds left.
|
|t:|1755944611
|switch|p1a: Pelipper|Pelipper, L50, M, tera:Stellar|100/100
|-weather|RainDance|[from] ability: Drizzle|[of] p1a: Pelipper
|move|p2b: Atraxa|Fake Out|p1a: Pelipper
|-damage|p1a: Pelipper|82/100
|cant|p2a: Red Terror|slp
|move|p1b: Archaludon|Flash Cannon|p2a: Red Terror
|-supereffective|p2a: Red Terror
|-damage|p2a: Red Terror|0 fnt
|faint|p2a: Red Terror
|
|-weather|RainDance|[upkeep]
|upkeep
|turn|7
|-message|Altotesino Errante forfeited.
|
|win|scottedstone
|raw|scottedstone's rating: 1223 → 1250(+27 for winning)
|raw|Altotesino Errante's rating: 1249 → 1222(-27 for losing)
|l|☆Altotesino Errante
|player|p2|
|c|☆scottedstone|gg
