|j|☆KopeensHobbyShop
|j|☆daviduv
|html|KopeensHobbyShopdaviduv    
|uhtml|bestof|Game 1 of a best-of-3
|t:|1785839584
|gametype|doubles
|player|p1|KopeensHobbyShop|crasherwake|1333
|player|p2|daviduv|blackbelt-gen4dp|1280
|gen|9
|tier|[Gen 9 Champions] VGC 2026 Reg M-B (Bo3)
|rated|
|rule|Species Clause: Limit one of each Pokémon
|rule|Item Clause: Limit 1 of each item
|clearpoke
|poke|p1|Hydreigon, L50, F|
|poke|p1|Charizard, L50, F|
|poke|p1|Incineroar, L50, F|
|poke|p1|Toxapex, L50, M|
|poke|p1|Gengar, L50, F|
|poke|p1|Garchomp, L50, M|
|poke|p2|Staraptor, L50, F, shiny|
|poke|p2|Raichu, L50, F|
|poke|p2|Garchomp, L50, F|
|poke|p2|Arcanine-Hisui, L50, F|
|poke|p2|Sylveon, L50, M|
|poke|p2|Farigiraf, L50, M|
|teampreview|4
|showteam|p1|Hydreigon||ChopleBerry|Levitate|Protect,DracoMeteor,Snarl,DarkPulse|Timid||F|||50|]Charizard||CharizarditeY|Blaze|Protect,HeatWave,SolarBeam,WeatherBall|Timid||F|||50|]Incineroar||PasshoBerry|Intimidate|FakeOut,ThroatChop,PartingShot,Protect|Impish||F|||50|]Toxapex||Leftovers|Regenerator|Infestation,Toxic,BanefulBunker,WideGuard|Bold||M|||50|]Gengar||Gengarite|CursedBody|ShadowBall,PerishSong,Disable,Protect|Timid||F|||50|]Garchomp||SitrusBerry|RoughSkin|Earthquake,RockSlide,DragonClaw,Protect|Adamant||M|||50|
|showteam|p2|Staraptor||Staraptite|Intimidate|Protect,CloseCombat,BraveBird,Tailwind|Jolly||F|||50|]Raichu||RaichuniteY|LightningRod|Protect,ZapCannon,FocusBlast,FakeOut|Timid||F|||50|]Garchomp||LifeOrb|RoughSkin|Protect,Earthquake,DragonClaw,RockSlide|Jolly||F|||50|]Arcanine-Hisui||FocusSash|RockHead|Protect,FlareBlitz,HeadSmash,ExtremeSpeed|Jolly||F|||50|]Sylveon||FairyFeather|Pixilate|Detect,HyperVoice,Moonblast,QuickAttack|Modest||M|||50|]Farigiraf||SitrusBerry|ArmorTail|Psychic,Thunderbolt,TrickRoom,Imprison|Bold||M|||50|
|c|☆daviduv|Glhf
|c|☆KopeensHobbyShop|u2 homie!
|c|☆KopeensHobbyShop|practicing for tourney
|c|☆KopeensHobbyShop|glhf
|inactive|Battle timer is ON: inactive players will automatically lose when time's up. (requested by KopeensHobbyShop)
|
|t:|1785839658
|teamsize|p1|4
|teamsize|p2|4
|start
|switch|p1a: Incineroar|Incineroar, L50, F|100/100
|switch|p1b: Gengar|Gengar, L50, F|100/100
|switch|p2a: Raichu|Raichu, L50, F|100/100
|switch|p2b: Arcanine|Arcanine-Hisui, L50, F|100/100
|-ability|p1a: Incineroar|Intimidate|boost
|-unboost|p2a: Raichu|atk|1
|-unboost|p2b: Arcanine|atk|1
|turn|1
|inactive|daviduv has 30 seconds left.
|inactive|KopeensHobbyShop has 30 seconds left.
|
|t:|1785839691
|switch|p2a: Farigiraf|Farigiraf, L50, M|100/100
|detailschange|p1b: Gengar|Gengar-Mega, L50, F
|-mega|p1b: Gengar|Gengar|Gengarite
|move|p1a: Incineroar|Fake Out||[still]
|cant|p2a: Farigiraf|ability: Armor Tail|Fake Out|[of] p1a: Incineroar
|move|p1b: Gengar|Perish Song|p1b: Gengar
|-start|p1a: Incineroar|perish3|[silent]
|-start|p1b: Gengar|perish3|[silent]
|-start|p2a: Farigiraf|perish3|[silent]
|-start|p2b: Arcanine|perish3|[silent]
|-fieldactivate|move: Perish Song
|move|p2b: Arcanine|Head Smash|p1a: Incineroar
|-supereffective|p1a: Incineroar|1
|-damage|p1a: Incineroar|27/100
|
|-start|p1b: Gengar|perish3
|-start|p2b: Arcanine|perish3
|-start|p2a: Farigiraf|perish3
|-start|p1a: Incineroar|perish3
|upkeep
|turn|2
|inactive|daviduv has 30 seconds left.
|
|t:|1785839726
|move|p1b: Gengar|Protect|p1b: Gengar
|-singleturn|p1b: Gengar|Protect
|move|p1a: Incineroar|Protect|p1a: Incineroar
|-singleturn|p1a: Incineroar|Protect
|move|p2b: Arcanine|Head Smash|p1a: Incineroar
|-activate|p1a: Incineroar|move: Protect
|move|p2a: Farigiraf|Psychic|p1b: Gengar
|-activate|p1b: Gengar|move: Protect
|
|-start|p1b: Gengar|perish2
|-start|p2b: Arcanine|perish2
|-start|p2a: Farigiraf|perish2
|-start|p1a: Incineroar|perish2
|upkeep
|turn|3
|inactive|KopeensHobbyShop has 30 seconds left.
|inactive|daviduv has 30 seconds left.
|inactive|KopeensHobbyShop has 20 seconds left.
|inactive|daviduv has 20 seconds left.
|inactive|daviduv has 15 seconds left.
|inactive|KopeensHobbyShop has 15 seconds left.
|
|t:|1785839773
|switch|p1a: Toxapex|Toxapex, L50, M|100/100
|move|p1b: Gengar|Disable|p2a: Farigiraf
|-start|p2a: Farigiraf|Disable|Psychic
|move|p2b: Arcanine|Head Smash|p1a: Toxapex
|-damage|p1a: Toxapex|67/100
|cant|p2a: Farigiraf|Disable|Psychic
|
|-heal|p1a: Toxapex|73/100|[from] item: Leftovers
|-start|p1b: Gengar|perish1
|-start|p2b: Arcanine|perish1
|-start|p2a: Farigiraf|perish1
|upkeep
|turn|4
|inactive|KopeensHobbyShop has 30 seconds left.
|
|t:|1785839805
|switch|p1b: Garchomp|Garchomp, L50, M|100/100
|-heal|p1a: Toxapex|100/100|[from] ability: Regenerator|[silent]
|switch|p1a: Incineroar|Incineroar, L50, F|27/100
|-ability|p1a: Incineroar|Intimidate|boost
|-unboost|p2a: Farigiraf|atk|1
|-unboost|p2b: Arcanine|atk|1
|move|p2b: Arcanine|Head Smash|p1b: Garchomp
|-resisted|p1b: Garchomp|1
|-damage|p1b: Garchomp|83/100
|-damage|p2b: Arcanine|87/100|[from] ability: Rough Skin|[of] p1b: Garchomp
|move|p2a: Farigiraf|Thunderbolt|p1b: Garchomp
|-immune|p1b: Garchomp
|
|-start|p2b: Arcanine|perish0
|-start|p2a: Farigiraf|perish0
|upkeep
|faint|p2b: Arcanine
|faint|p2a: Farigiraf
|
|t:|1785839814
|switch|p2b: Garchomp|Garchomp, L50, F|100/100
|switch|p2a: Raichu|Raichu, L50, F|100/100
|turn|5
|
|t:|1785839832
|switch|p1a: Toxapex|Toxapex, L50, M|100/100
|detailschange|p2a: Raichu|Raichu-Mega-Y, L50, F
|-mega|p2a: Raichu|Raichu|Raichunite Y
|move|p1b: Garchomp|Protect|p1b: Garchomp
|-singleturn|p1b: Garchomp|Protect
|move|p2a: Raichu|Fake Out|p1a: Toxapex
|-damage|p1a: Toxapex|93/100
|move|p2b: Garchomp|Dragon Claw|p1b: Garchomp
|-activate|p1b: Garchomp|move: Protect
|
|-heal|p1a: Toxapex|99/100|[from] item: Leftovers
|upkeep
|turn|6
|
|t:|1785839851
|-heal|p1a: Toxapex|100/100|[from] ability: Regenerator|[silent]
|switch|p1a: Incineroar|Incineroar, L50, F|27/100
|-ability|p1a: Incineroar|Intimidate|boost
|-unboost|p2a: Raichu|atk|1
|-unboost|p2b: Garchomp|atk|1
|move|p2a: Raichu|Focus Blast|p1b: Garchomp
|-damage|p1b: Garchomp|46/100
|-enditem|p1b: Garchomp|Sitrus Berry|[eat]
|-heal|p1b: Garchomp|71/100|[from] item: Sitrus Berry
|move|p2b: Garchomp|Dragon Claw|p1b: Garchomp
|-supereffective|p1b: Garchomp|1
|-damage|p1b: Garchomp|4/100
|-damage|p2b: Garchomp|87/100|[from] ability: Rough Skin|[of] p1b: Garchomp
|-damage|p2b: Garchomp|77/100|[from] item: Life Orb
|move|p1b: Garchomp|Dragon Claw|p2b: Garchomp
|-supereffective|p2b: Garchomp|1
|-damage|p2b: Garchomp|0 fnt
|-damage|p1b: Garchomp|0 fnt|[from] ability: Rough Skin|[of] p2b: Garchomp
|faint|p2b: Garchomp
|faint|p1b: Garchomp
|
|upkeep
|
|t:|1785839870
|switch|p1b: Gengar|Gengar-Mega, L50, F|100/100
|turn|7
|
|t:|1785839875
|move|p1a: Incineroar|Fake Out|p2a: Raichu
|-damage|p2a: Raichu|83/100
|cant|p2a: Raichu|flinch
|move|p1b: Gengar|Perish Song|p1b: Gengar
|-start|p1a: Incineroar|perish3|[silent]
|-start|p1b: Gengar|perish3|[silent]
|-start|p2a: Raichu|perish3|[silent]
|-fieldactivate|move: Perish Song
|
|-start|p2a: Raichu|perish3
|-start|p1b: Gengar|perish3
|-start|p1a: Incineroar|perish3
|upkeep
|turn|8
|
|t:|1785839884
|move|p2a: Raichu|Zap Cannon|p1a: Incineroar
|-damage|p1a: Incineroar|0 fnt
|faint|p1a: Incineroar
|move|p1b: Gengar|Disable|p2a: Raichu
|-start|p2a: Raichu|Disable|Zap Cannon
|
|-start|p2a: Raichu|perish2
|-start|p1b: Gengar|perish2
|upkeep
|
|t:|1785839889
|switch|p1a: Toxapex|Toxapex, L50, M|100/100
|turn|9
|-message|daviduv forfeited.
|raw|KopeensHobbyShop's rating: 1333 → 1350(+17 for winning)
|raw|daviduv's rating: 1280 → 1259(-21 for losing)
|
|win|KopeensHobbyShop
|l|☆daviduv
|player|p2|
