|j|ŌśåConnorClub
|j|Ōśårangersxx30
|html|ConnorClubrangersxx30    
|uhtml|bestof|Game 1 of a best-of-3
|t:|1757781094
|gametype|doubles
|player|p1|ConnorClub|102|
|player|p2|rangersxx30|bede-masters|
|gen|9
|tier|[Gen 9] VGC 2025 Reg H (Bo3)
|rule|Species Clause: Limit one of each Pok├®mon
|rule|Item Clause: Limit 1 of each item
|clearpoke
|poke|p1|Porygon2, L50|
|poke|p1|Sneasler, L50, M|
|poke|p1|Gholdengo, L50|
|poke|p1|Amoonguss, L50, F|
|poke|p1|Garchomp, L50, F|
|poke|p1|Incineroar, L50, F|
|poke|p2|Tyranitar, L50, M|
|poke|p2|Excadrill, L50, F|
|poke|p2|Indeedee, L50, M|
|poke|p2|Sneasler, L50, F|
|poke|p2|Annihilape, L50, F|
|poke|p2|Corviknight, L50, F|
|teampreview|4
|showteam|p1|Porygon2||Eviolite|Download|TeraBlast,IceBeam,Recover,TrickRoom||||||50|,,,,,Ground]Sneasler||FocusSash|PoisonTouch|CloseCombat,DireClaw,Coaching,Protect|||M|||50|,,,,,Flying]Gholdengo||LifeOrb|GoodasGold|MakeItRain,ShadowBall,NastyPlot,Protect||||||50|,,,,,Water]Amoonguss||SitrusBerry|Regenerator|PollenPuff,Spore,RagePowder,Protect|||F|||50|,,,,,Fairy]Garchomp||ClearAmulet|RoughSkin|Earthquake,StompingTantrum,DragonClaw,Protect|||F|||50|,,,,,Fire]Incineroar||SafetyGoggles|Intimidate|FlareBlitz,KnockOff,FakeOut,PartingShot|||F|||50|,,,,,Ghost
|showteam|p2|Tyranitar||AssaultVest|SandStream|RockSlide,KnockOff,TeraBlast,LowKick|||M|||50|,,,,,Flying]Excadrill||FocusSash|SandRush|Earthquake,HighHorsepower,IronHead,Protect|||F|||50|,,,,,Stellar]Indeedee||ChoiceScarf|PsychicSurge|ExpandingForce,TeraBlast,Protect,Trick|||M|||50|,,,,,Psychic]Sneasler||PsychicSeed|Unburden|DireClaw,CloseCombat,ThroatChop,Protect|||F|||50|,,,,,Stellar]Annihilape||SafetyGoggles|Defiant|RageFist,CloseCombat,FinalGambit,Taunt|||F|||50|,,,,,Water]Corviknight||Leftovers|MirrorArmor|BraveBird,Roost,Tailwind,BulkUp|||F|||50|,,,,,Dragon
|c|Ōśårangersxx30|i'll post the link
|c|Ōśårangersxx30|glhf :)
|c|ŌśåConnorClub|glgl
|j| L1mun
|c| L1mun|well well well
|c|Ōśårangersxx30|i think adam wanted me to dm him one sec
|j| when.what.how
|j| JohnathanKirk
|j| Scarlanox
|j| Jayden2820
|l| JohnathanKirk
|
|t:|1757781247
|teamsize|p1|4
|teamsize|p2|4
|start
|switch|p1a: Porygon2|Porygon2, L50|100/100
|switch|p1b: Sneasler|Sneasler, L50, M|100/100
|switch|p2a: Corviknight|Corviknight, L50, F|100/100
|switch|p2b: Annihilape|Annihilape, L50, F|100/100
|-ability|p1a: Porygon2|Download|boost
|-boost|p1a: Porygon2|atk|1
|turn|1
|j| Kekerzz
|c| Kekerzz|game of the week right here
|c| Kekerzz|prime time television
|j| JohnathanKirk
|c| L1mun|deffo a contender
|
|t:|1757781335
|switch|p1a: Gholdengo|Gholdengo, L50|100/100
|move|p1b: Sneasler|Close Combat|p2a: Corviknight
|-damage|p2a: Corviknight|52/100
|-unboost|p1b: Sneasler|def|1
|-unboost|p1b: Sneasler|spd|1
|move|p2b: Annihilape|Taunt|p1a: Gholdengo
|-immune|p1a: Gholdengo|[from] ability: Good as Gold
|move|p2a: Corviknight|Bulk Up|p2a: Corviknight
|-boost|p2a: Corviknight|atk|1
|-boost|p2a: Corviknight|def|1
|
|-heal|p2a: Corviknight|58/100|[from] item: Leftovers
|upkeep
|turn|2
|
|t:|1757781401
|-terastallize|p2b: Annihilape|Water
|move|p1b: Sneasler|Protect|p1b: Sneasler
|-singleturn|p1b: Sneasler|Protect
|move|p2b: Annihilape|Rage Fist|p1b: Sneasler
|-activate|p1b: Sneasler|move: Protect
|move|p1a: Gholdengo|Nasty Plot|p1a: Gholdengo
|-boost|p1a: Gholdengo|spa|2
|move|p2a: Corviknight|Tailwind|p2a: Corviknight
|-sidestart|p2: rangersxx30|move: Tailwind
|
|-heal|p2a: Corviknight|64/100|[from] item: Leftovers
|upkeep
|turn|3
|
|t:|1757781468
|move|p2b: Annihilape|Rage Fist|p1a: Gholdengo
|-supereffective|p1a: Gholdengo
|-damage|p1a: Gholdengo|61/100
|move|p2a: Corviknight|Brave Bird|p1a: Gholdengo
|-resisted|p1a: Gholdengo
|-damage|p1a: Gholdengo|32/100
|-damage|p2a: Corviknight|55/100|[from] Recoil
|move|p1b: Sneasler|Close Combat|p2b: Annihilape
|-damage|p2b: Annihilape|30/100
|-unboost|p1b: Sneasler|def|1
|-unboost|p1b: Sneasler|spd|1
|move|p1a: Gholdengo|Make It Rain|p2b: Annihilape|[spread] p2a,p2b
|-resisted|p2a: Corviknight
|-resisted|p2b: Annihilape
|-damage|p2a: Corviknight|3/100
|-damage|p2b: Annihilape|0 fnt
|-unboost|p1a: Gholdengo|spa|1
|faint|p2b: Annihilape
|-damage|p1a: Gholdengo|23/100|[from] item: Life Orb
|
|-heal|p2a: Corviknight|9/100|[from] item: Leftovers
|upkeep
|
|t:|1757781485
|switch|p2b: Excadrill|Excadrill, L50, F|100/100
|turn|4
|
|t:|1757781531
|-terastallize|p1b: Sneasler|Flying
|move|p2b: Excadrill|Iron Head|p1b: Sneasler
|-enditem|p1b: Sneasler|Focus Sash
|-damage|p1b: Sneasler|1/100
|move|p2a: Corviknight|Brave Bird|p1a: Gholdengo
|-resisted|p1a: Gholdengo
|-damage|p1a: Gholdengo|0 fnt
|faint|p1a: Gholdengo
|-damage|p2a: Corviknight|2/100|[from] Recoil
|cant|p1b: Sneasler|flinch
|
|-heal|p2a: Corviknight|8/100|[from] item: Leftovers
|upkeep
|c| JohnathanKirk|damn :(
|c|Ōśårangersxx30|just popped off in my desk chair
|
|t:|1757781567
|switch|p1a: Porygon2|Porygon2, L50|100/100
|-ability|p1a: Porygon2|Download|boost
|-boost|p1a: Porygon2|spa|1
|turn|5
|
|t:|1757781602
|move|p1b: Sneasler|Protect|p1b: Sneasler
|-singleturn|p1b: Sneasler|Protect
|move|p2b: Excadrill|Earthquake|p1a: Porygon2|[spread] p1a
|-activate|p1b: Sneasler|move: Protect
|-immune|p2a: Corviknight
|-damage|p1a: Porygon2|72/100
|move|p2a: Corviknight|Brave Bird|p1b: Sneasler
|-activate|p1b: Sneasler|move: Protect
|move|p1a: Porygon2|Trick Room|p1a: Porygon2
|-fieldstart|move: Trick Room|[of] p1a: Porygon2
|
|-heal|p2a: Corviknight|14/100|[from] item: Leftovers
|-sideend|p2: rangersxx30|move: Tailwind
|upkeep
|turn|6
|
|t:|1757781673
|switch|p1b: Incineroar|Incineroar, L50, F|100/100
|-ability|p1b: Incineroar|Intimidate|boost
|-ability|p2a: Corviknight|Mirror Armor
|-unboost|p1b: Incineroar|atk|1
|-unboost|p2b: Excadrill|atk|1
|move|p1a: Porygon2|Ice Beam|p2a: Corviknight
|-damage|p2a: Corviknight|0 fnt
|faint|p2a: Corviknight
|move|p2b: Excadrill|Iron Head|p1b: Incineroar
|-resisted|p1b: Incineroar
|-damage|p1b: Incineroar|87/100
|
|upkeep
|
|t:|1757781683
|switch|p2a: Tyranitar|Tyranitar, L50, M|100/100
|-weather|Sandstorm|[from] ability: Sand Stream|[of] p2a: Tyranitar
|turn|7
|
|t:|1757781724
|move|p2b: Excadrill|Protect|p2b: Excadrill
|-singleturn|p2b: Excadrill|Protect
|move|p1b: Incineroar|Fake Out|p2a: Tyranitar
|-resisted|p2a: Tyranitar
|-crit|p2a: Tyranitar
|-damage|p2a: Tyranitar|94/100
|move|p1a: Porygon2|Ice Beam|p2b: Excadrill
|-activate|p2b: Excadrill|move: Protect
|cant|p2a: Tyranitar|flinch
|
|-weather|Sandstorm|[upkeep]
|-damage|p1a: Porygon2|66/100|[from] Sandstorm
|upkeep
|turn|8
|
|t:|1757781746
|move|p1b: Incineroar|Flare Blitz|p2b: Excadrill
|-supereffective|p2b: Excadrill
|-damage|p2b: Excadrill|5/100
|-status|p2b: Excadrill|brn
|-damage|p1b: Incineroar|58/100|[from] Recoil
|move|p1a: Porygon2|Ice Beam|p2b: Excadrill
|-damage|p2b: Excadrill|0 fnt
|faint|p2b: Excadrill
|move|p2a: Tyranitar|Rock Slide|p1a: Porygon2|[spread] p1a,p1b
|-supereffective|p1b: Incineroar
|-damage|p1a: Porygon2|47/100
|-damage|p1b: Incineroar|2/100
|
|-weather|Sandstorm|[upkeep]
|-damage|p1a: Porygon2|41/100|[from] Sandstorm
|upkeep
|turn|9
|
|t:|1757781761
|move|p1b: Incineroar|Knock Off|p2a: Tyranitar
|-resisted|p2a: Tyranitar
|-crit|p2a: Tyranitar
|-damage|p2a: Tyranitar|65/100
|-enditem|p2a: Tyranitar|Assault Vest|[from] move: Knock Off|[of] p1b: Incineroar
|move|p1a: Porygon2|Recover|p1a: Porygon2
|-heal|p1a: Porygon2|91/100
|move|p2a: Tyranitar|Rock Slide|p1a: Porygon2|[spread] p1a,p1b
|-supereffective|p1b: Incineroar
|-damage|p1a: Porygon2|70/100
|-damage|p1b: Incineroar|0 fnt
|faint|p1b: Incineroar
|
|-weather|Sandstorm|[upkeep]
|-damage|p1a: Porygon2|64/100|[from] Sandstorm
|-fieldend|move: Trick Room
|upkeep
|
|t:|1757781764
|switch|p1b: Sneasler|Sneasler, L50, M, tera:Flying|1/100
|turn|10
|c|Ōśårangersxx30|bro can that guy chill
|
|t:|1757781772
|move|p1b: Sneasler|Close Combat|p2a: Tyranitar
|-supereffective|p2a: Tyranitar
|-damage|p2a: Tyranitar|0 fnt
|-unboost|p1b: Sneasler|def|1
|-unboost|p1b: Sneasler|spd|1
|faint|p2a: Tyranitar
|
|win|ConnorClub
||rangersxx30 is ready for game 2.
||ConnorClub is ready for game 2.
|uhtml|next|Next: Game 2 of 3
|c| JohnathanKirk|The biggest
|c| JohnathanKirk|The largest
|l| Scarlanox
