|j|â˜†ghhbbj
|j|â˜†GetaJobApplication
|html|ghhbbjGetaJobApplication    
|uhtml|bestof|Game 1 of a best-of-3
|t:|1785610320
|gametype|doubles
|player|p1|ghhbbj|roxie|1189
|player|p2|GetaJobApplication|cynthia|1357
|gen|9
|tier|[Gen 9 Champions] VGC 2026 Reg M-B (Bo3)
|rated|
|rule|Species Clause: Limit one of each PokÃ©mon
|rule|Item Clause: Limit 1 of each item
|clearpoke
|poke|p1|Kingambit, L50, M|
|poke|p1|Garchomp, L50, M|
|poke|p1|Aerodactyl, L50, M|
|poke|p1|Charizard, L50, M|
|poke|p1|Farigiraf, L50, M|
|poke|p1|Sylveon, L50, F|
|poke|p2|Farigiraf, L50, M|
|poke|p2|Pelipper, L50, M|
|poke|p2|Archaludon, L50, M|
|poke|p2|Incineroar, L50, F|
|poke|p2|Sylveon, L50, F|
|poke|p2|Swampert, L50, M|
|teampreview|4
|showteam|p1|Kingambit||BlackGlasses|Defiant|KowtowCleave,Protect,IronHead,SuckerPunch|Adamant||M|||50|]Garchomp||LifeOrb|RoughSkin|RockSlide,Earthquake,DragonClaw,Protect|Jolly||M|||50|]Aerodactyl||FocusSash|Unnerve|RockSlide,IceFang,DualWingbeat,Tailwind|Jolly||M|||50|]Charizard||CharizarditeY|Blaze|HeatWave,SolarBeam,WeatherBall,Protect|Modest||M|||50|]Farigiraf||SitrusBerry|ArmorTail|TrickRoom,PsychicFangs,GrassKnot,TwinBeam|Bold||M|||50|]Sylveon||FairyFeather|Pixilate|HyperVoice,HyperBeam,QuickAttack,Protect|Modest||F|||50|
|showteam|p2|Farigiraf||SitrusBerry|ArmorTail|TrickRoom,HelpingHand,Psychic,Protect|Bold||M|||50|]Pelipper||FocusSash|Drizzle|Hurricane,WeatherBall,Tailwind,WideGuard|Modest||M|||50|]Archaludon||Leftovers|Stamina|ElectroShot,Protect,FlashCannon,DragonPulse|Modest||M|||50|]Incineroar||PasshoBerry|Intimidate|FakeOut,PartingShot,FlareBlitz,ThroatChop|Careful||F|||50|]Sylveon||FairyFeather|Pixilate|HyperVoice,QuickAttack,HyperBeam,Detect|Modest||F|||50|]Swampert||Swampertite|Damp|WaveCrash,HighHorsepower,IcePunch,Protect|Adamant||M|||50|
|inactive|Battle timer is ON: inactive players will automatically lose when time's up. (requested by ghhbbj)
|inactive|GetaJobApplication has 60 seconds left.
|
|t:|1785610369
|teamsize|p1|4
|teamsize|p2|4
|start
|switch|p1a: Farigiraf|Farigiraf, L50, M|100/100
|switch|p1b: Aerodactyl|Aerodactyl, L50, M|100/100
|switch|p2a: Sylveon|Sylveon, L50, F|100/100
|switch|p2b: Incineroar|Incineroar, L50, F|100/100
|-ability|p1b: Aerodactyl|Unnerve
|-ability|p2b: Incineroar|Intimidate|boost
|-unboost|p1a: Farigiraf|atk|1
|-unboost|p1b: Aerodactyl|atk|1
|turn|1
|
|t:|1785610388
|move|p1b: Aerodactyl|Tailwind|p1b: Aerodactyl
|-sidestart|p1: ghhbbj|move: Tailwind
|move|p1a: Farigiraf|Twin Beam|p2a: Sylveon
|-damage|p2a: Sylveon|86/100
|-damage|p2a: Sylveon|73/100
|-hitcount|p2a: Sylveon|2
|move|p2a: Sylveon|Hyper Voice|p1b: Aerodactyl|[spread] p1a,p1b
|-damage|p1a: Farigiraf|51/100
|-damage|p1b: Aerodactyl|33/100
|move|p2b: Incineroar|Throat Chop|p1a: Farigiraf
|-supereffective|p1a: Farigiraf|1
|-damage|p1a: Farigiraf|8/100
|-start|p1a: Farigiraf|Throat Chop|[silent]
|-enditem|p1a: Farigiraf|Sitrus Berry|[eat]
|-heal|p1a: Farigiraf|33/100|[from] item: Sitrus Berry
|
|upkeep
|turn|2
|
|t:|1785610410
|switch|p1a: Charizard|Charizard, L50, M|100/100
|move|p2a: Sylveon|Detect|p2a: Sylveon
|-singleturn|p2a: Sylveon|Protect
|move|p1b: Aerodactyl|Rock Slide|p2b: Incineroar|[spread] p2b
|-activate|p2a: Sylveon|move: Protect
|-supereffective|p2b: Incineroar|1
|-damage|p2b: Incineroar|69/100
|move|p2b: Incineroar|Throat Chop|p1b: Aerodactyl
|-damage|p1b: Aerodactyl|0 fnt
|faint|p1b: Aerodactyl
|
|upkeep
|
|t:|1785610424
|switch|p1b: Sylveon|Sylveon, L50, F|100/100
|turn|3
|
|t:|1785610435
|detailschange|p1a: Charizard|Charizard-Mega-Y, L50, M
|-mega|p1a: Charizard|Charizard|Charizardite Y
|-weather|SunnyDay|[from] ability: Drought|[of] p1a: Charizard
|move|p1a: Charizard|Heat Wave|p2b: Incineroar|[spread] p2a,p2b
|-resisted|p2b: Incineroar|1
|-damage|p2a: Sylveon|19/100
|-damage|p2b: Incineroar|44/100
|move|p1b: Sylveon|Hyper Beam|p2b: Incineroar
|-damage|p2b: Incineroar|0 fnt
|-mustrecharge|p1b: Sylveon
|faint|p2b: Incineroar
|move|p2a: Sylveon|Hyper Voice|p1b: Sylveon|[spread] p1a,p1b
|-resisted|p1a: Charizard|1
|-damage|p1a: Charizard|77/100
|-damage|p1b: Sylveon|69/100
|
|-weather|SunnyDay|[upkeep]
|upkeep
|
|t:|1785610447
|switch|p2b: Swampert|Swampert, L50, M|100/100
|turn|4
|
|t:|1785610458
|switch|p1a: Farigiraf|Farigiraf, L50, M|33/100
|switch|p2a: Pelipper|Pelipper, L50, M|100/100
|-weather|RainDance|[from] ability: Drizzle|[of] p2a: Pelipper
|detailschange|p2b: Swampert|Swampert-Mega, L50, M
|-mega|p2b: Swampert|Swampert|Swampertite
|move|p2b: Swampert|Wave Crash|p1a: Farigiraf
|-damage|p1a: Farigiraf|0 fnt
|faint|p1a: Farigiraf
|-damage|p2b: Swampert|86/100|[from] Recoil
|cant|p1b: Sylveon|recharge
|
|-weather|RainDance|[upkeep]
|-sideend|p1: ghhbbj|move: Tailwind
|upkeep
|
|t:|1785610475
|switch|p1a: Charizard|Charizard-Mega-Y, L50, M|77/100
|-weather|SunnyDay|[from] ability: Drought|[of] p1a: Charizard
|turn|5
|
|t:|1785610489
|switch|p2a: Sylveon|Sylveon, L50, F|19/100
|move|p2b: Swampert|Protect|p2b: Swampert
|-singleturn|p2b: Swampert|Protect
|move|p1a: Charizard|Weather Ball|p2a: Sylveon
|-damage|p2a: Sylveon|0 fnt
|faint|p2a: Sylveon
|move|p1b: Sylveon|Hyper Voice|p2b: Swampert
|-activate|p2b: Swampert|move: Protect
|
|-weather|SunnyDay|[upkeep]
|upkeep
|
|t:|1785610496
|switch|p2a: Pelipper|Pelipper, L50, M|100/100
|-weather|RainDance|[from] ability: Drizzle|[of] p2a: Pelipper
|turn|6
|
|t:|1785610508
|move|p1a: Charizard|Protect|p1a: Charizard
|-singleturn|p1a: Charizard|Protect
|move|p2b: Swampert|Wave Crash|p1b: Sylveon
|-damage|p1b: Sylveon|0 fnt
|faint|p1b: Sylveon
|-damage|p2b: Swampert|61/100|[from] Recoil
|move|p2a: Pelipper|Weather Ball|p1a: Charizard
|-activate|p1a: Charizard|move: Protect
|
|-weather|RainDance|[upkeep]
|upkeep
|turn|7
|l|â˜†ghhbbj
|inactive|ghhbbj disconnected and has a minute to reconnect!
|player|p1|
|j|â˜†ghhbbj
|inactive|ghhbbj reconnected and has 40 seconds left.
|player|p1|ghhbbj|roxie|
|inactive|ghhbbj has 30 seconds left.
|inactive|ghhbbj has 20 seconds left.
|inactive|ghhbbj has 15 seconds left.
|inactive|ghhbbj has 10 seconds left.
|inactive|ghhbbj has 5 seconds left.
|
|t:|1785610563
|move|p2b: Swampert|Wave Crash|p1a: Charizard
|-supereffective|p1a: Charizard|1
|-damage|p1a: Charizard|0 fnt
|faint|p1a: Charizard
|-damage|p2b: Swampert|39/100|[from] Recoil
|
|win|GetaJobApplication
|inactive|ghhbbj has 30 seconds to confirm battle start!
|inactive|GetaJobApplication has 30 seconds to confirm battle start!
||GetaJobApplication is ready for game 2.
|l|â˜†ghhbbj
|player|p1|
|inactive|ghhbbj has 20 seconds to confirm battle start!
|inactive|ghhbbj has 10 seconds to confirm battle start!
|uhtml|next|Next: Game 2 of 3
