|j|☆PYS_Max2
|j|☆HEDGEHOGMEOW
|html|PYS_Max2HEDGEHOGMEOW    
|uhtml|bestof|Game 1 of a best-of-3
|t:|1785431411
|gametype|doubles
|player|p1|PYS_Max2|clay|1377
|player|p2|HEDGEHOGMEOW|1|1392
|gen|9
|tier|[Gen 9 Champions] VGC 2026 Reg M-B (Bo3)
|rated|
|rule|Species Clause: Limit one of each Pokémon
|rule|Item Clause: Limit 1 of each item
|clearpoke
|poke|p1|Blastoise, L50, M|
|poke|p1|Sinistcha-Masterpiece, L50|
|poke|p1|Charizard, L50, F|
|poke|p1|Incineroar, L50, M|
|poke|p1|Kingambit, L50, F|
|poke|p1|Sylveon, L50, F|
|poke|p2|Pyroar, L50, M|
|poke|p2|Torkoal, L50, F|
|poke|p2|Farigiraf, L50, F|
|poke|p2|Whimsicott, L50, M|
|poke|p2|Garchomp, L50, M|
|poke|p2|Staraptor, L50, F|
|teampreview|4
|showteam|p1|Blastoise||Blastoisinite|RainDish|WaterSpout,DarkPulse,FakeOut,AuraSphere|Quiet||M|||50|]Sinistcha-Masterpiece||FocusSash|Hospitality|MatchaGotcha,RagePowder,ShadowBall,TrickRoom|Quiet|||||50|]Charizard||CharizarditeY|Blaze|HeatWave,SolarBeam,AncientPower,Protect|Modest||F|||50|]Incineroar||SitrusBerry|Intimidate|FlareBlitz,PartingShot,HelpingHand,FakeOut|Careful||M|||50|]Kingambit||LifeOrb|Defiant|KowtowCleave,Protect,SwordsDance,SuckerPunch|Adamant||F|||50|]Sylveon||FairyFeather|Pixilate|HyperVoice,CalmMind,Protect,QuickAttack|Quiet||F|||50|
|showteam|p2|Pyroar||Pyroarite|Unnerve|Overheat,HeatWave,SolarBeam,Protect|Timid||M|||50|]Torkoal||Charcoal|Drought|Eruption,WeatherBall,HelpingHand,Protect|Quiet||F|||50|]Farigiraf||SitrusBerry|ArmorTail|HelpingHand,Psychic,Thunderbolt,TrickRoom|Relaxed||F|||50|]Whimsicott||FocusSash|Prankster|Charm,Tailwind,Moonblast,SunnyDay|Modest||M|||50|]Garchomp||LifeOrb|RoughSkin|DragonClaw,StompingTantrum,RockSlide,Protect|Jolly||M|||50|]Staraptor||Staraptite|Intimidate|Protect,CloseCombat,BraveBird,Roost|Jolly||F|||50|
|inactive|Battle timer is ON: inactive players will automatically lose when time's up. (requested by HEDGEHOGMEOW)
|inactive|HEDGEHOGMEOW has 60 seconds left.
|
|t:|1785431487
|teamsize|p1|4
|teamsize|p2|4
|start
|switch|p1a: Incineroar|Incineroar, L50, M|100/100
|switch|p1b: Charizard|Charizard, L50, F|100/100
|switch|p2a: Pyroar|Pyroar, L50, M|100/100
|switch|p2b: Torkoal|Torkoal, L50, F|100/100
|-ability|p2a: Pyroar|Unnerve
|-ability|p1a: Incineroar|Intimidate|boost
|-unboost|p2a: Pyroar|atk|1
|-unboost|p2b: Torkoal|atk|1
|-weather|SunnyDay|[from] ability: Drought|[of] p2b: Torkoal
|turn|1
|inactive|PYS_Max2 has 30 seconds left.
|inactive|HEDGEHOGMEOW has 30 seconds left.
|inactive|PYS_Max2 has 20 seconds left.
|inactive|HEDGEHOGMEOW has 20 seconds left.
|inactive|PYS_Max2 has 15 seconds left.
|inactive|HEDGEHOGMEOW has 15 seconds left.
|inactive|PYS_Max2 has 10 seconds left.
|inactive|HEDGEHOGMEOW has 10 seconds left.
|
|t:|1785431534
|switch|p2b: Farigiraf|Farigiraf, L50, F|100/100
|detailschange|p2a: Pyroar|Pyroar-Mega, L50, M
|-mega|p2a: Pyroar|Pyroar|Pyroarite
|move|p1b: Charizard|Protect|p1b: Charizard
|-singleturn|p1b: Charizard|Protect
|move|p2a: Pyroar|Heat Wave|p1a: Incineroar|[spread] p1a
|-activate|p1b: Charizard|move: Protect
|-resisted|p1a: Incineroar|1
|-damage|p1a: Incineroar|67/100
|move|p1a: Incineroar|Parting Shot|p2a: Pyroar
|-unboost|p2a: Pyroar|atk|1
|-unboost|p2a: Pyroar|spa|1
|
|t:|1785431548
|switch|p1a: Sylveon|Sylveon, L50, F|100/100|[from] Parting Shot
|
|-weather|SunnyDay|[upkeep]
|upkeep
|turn|2
|
|t:|1785431565
|detailschange|p1b: Charizard|Charizard-Mega-Y, L50, F
|-mega|p1b: Charizard|Charizard|Charizardite Y
|move|p2b: Farigiraf|Helping Hand|p2a: Pyroar
|-singleturn|p2a: Pyroar|Helping Hand|[of] p2b: Farigiraf
|move|p2a: Pyroar|Overheat|p1a: Sylveon
|-damage|p1a: Sylveon|1/100
|-unboost|p2a: Pyroar|spa|2
|move|p1b: Charizard|Heat Wave|p2a: Pyroar|[spread] p2a,p2b
|-resisted|p2a: Pyroar|1
|-damage|p2a: Pyroar|61/100
|-damage|p2b: Farigiraf|46/100
|-enditem|p2b: Farigiraf|Sitrus Berry|[eat]
|-heal|p2b: Farigiraf|71/100|[from] item: Sitrus Berry
|move|p1a: Sylveon|Calm Mind|p1a: Sylveon
|-boost|p1a: Sylveon|spa|1
|-boost|p1a: Sylveon|spd|1
|
|-weather|SunnyDay|[upkeep]
|upkeep
|turn|3
|inactive|HEDGEHOGMEOW has 30 seconds left.
|inactive|HEDGEHOGMEOW has 20 seconds left.
|inactive|HEDGEHOGMEOW has 15 seconds left.
|
|t:|1785431607
|switch|p2a: Garchomp|Garchomp, L50, M|100/100
|move|p1a: Sylveon|Protect|p1a: Sylveon
|-singleturn|p1a: Sylveon|Protect
|move|p1b: Charizard|Ancient Power|p2a: Garchomp
|-resisted|p2a: Garchomp|1
|-damage|p2a: Garchomp|87/100
|move|p2b: Farigiraf|Psychic|p1a: Sylveon
|-activate|p1a: Sylveon|move: Protect
|
|-weather|SunnyDay|[upkeep]
|upkeep
|turn|4
|inactive|PYS_Max2 has 30 seconds left.
|
|t:|1785431633
|switch|p1b: Sinistcha|Sinistcha-Masterpiece, L50|100/100
|-heal|p1a: Sylveon|25/100|[from] ability: Hospitality|[of] p1b: Sinistcha
|move|p2b: Farigiraf|Helping Hand|p2a: Garchomp
|-singleturn|p2a: Garchomp|Helping Hand|[of] p2b: Farigiraf
|move|p2a: Garchomp|Rock Slide|p1a: Sylveon|[spread] p1a,p1b
|-damage|p1a: Sylveon|0 fnt
|-damage|p1b: Sinistcha|61/100
|faint|p1a: Sylveon
|-damage|p2a: Garchomp|77/100|[from] item: Life Orb
|
|-weather|SunnyDay|[upkeep]
|upkeep
|
|t:|1785431643
|switch|p1a: Incineroar|Incineroar, L50, M|67/100
|-ability|p1a: Incineroar|Intimidate|boost
|-unboost|p2a: Garchomp|atk|1
|-unboost|p2b: Farigiraf|atk|1
|turn|5
|inactive|HEDGEHOGMEOW has 30 seconds left.
|
|t:|1785431674
|switch|p2b: Pyroar|Pyroar-Mega, L50, M|61/100
|move|p2a: Garchomp|Stomping Tantrum|p1a: Incineroar
|-supereffective|p1a: Incineroar|1
|-damage|p1a: Incineroar|11/100
|-enditem|p1a: Incineroar|Sitrus Berry|[eat]
|-heal|p1a: Incineroar|36/100|[from] item: Sitrus Berry
|-damage|p2a: Garchomp|68/100|[from] item: Life Orb
|move|p1b: Sinistcha|Matcha Gotcha|p2a: Garchomp|[spread] p2a,p2b
|-resisted|p2b: Pyroar|1
|-damage|p2a: Garchomp|29/100
|-heal|p1b: Sinistcha|82/100|[from] drain|[of] p2a: Garchomp
|-damage|p2b: Pyroar|42/100
|-heal|p1b: Sinistcha|91/100|[from] drain|[of] p2b: Pyroar
|move|p1a: Incineroar|Parting Shot|p2b: Pyroar
|-unboost|p2b: Pyroar|atk|1
|-unboost|p2b: Pyroar|spa|1
|
|t:|1785431692
|switch|p1a: Charizard|Charizard-Mega-Y, L50, F|100/100|[from] Parting Shot
|
|-weather|none
|upkeep
|turn|6
|
|t:|1785431705
|switch|p2a: Torkoal|Torkoal, L50, F|100/100
|-weather|SunnyDay|[from] ability: Drought|[of] p2a: Torkoal
|switch|p1b: Incineroar|Incineroar, L50, M|36/100
|-ability|p1b: Incineroar|Intimidate|boost
|-unboost|p2a: Torkoal|atk|1
|-unboost|p2b: Pyroar|atk|1
|move|p2b: Pyroar|Heat Wave|p1a: Charizard|[spread] p1a,p1b
|-resisted|p1a: Charizard|1
|-resisted|p1b: Incineroar|1
|-damage|p1a: Charizard|78/100
|-damage|p1b: Incineroar|16/100
|move|p1a: Charizard|Heat Wave|p2a: Torkoal|[spread] p2a
|-miss|p1a: Charizard|p2b: Pyroar
|-resisted|p2a: Torkoal|1
|-damage|p2a: Torkoal|57/100
|
|-weather|SunnyDay|[upkeep]
|upkeep
|turn|7
|inactive|PYS_Max2 has 30 seconds left.
|
|t:|1785431731
|switch|p2a: Farigiraf|Farigiraf, L50, F|71/100
|move|p1b: Incineroar|Helping Hand|p1a: Charizard
|-singleturn|p1a: Charizard|Helping Hand|[of] p1b: Incineroar
|move|p2b: Pyroar|Heat Wave|p1b: Incineroar|[spread] p1a,p1b
|-resisted|p1a: Charizard|1
|-resisted|p1b: Incineroar|1
|-damage|p1a: Charizard|54/100
|-damage|p1b: Incineroar|0 fnt
|faint|p1b: Incineroar
|move|p1a: Charizard|Heat Wave|p2b: Pyroar|[spread] p2a,p2b
|-resisted|p2b: Pyroar|1
|-damage|p2a: Farigiraf|0 fnt
|-damage|p2b: Pyroar|0 fnt
|faint|p2a: Farigiraf
|faint|p2b: Pyroar
|
|-weather|SunnyDay|[upkeep]
|upkeep
|
|t:|1785431746
|switch|p2b: Torkoal|Torkoal, L50, F|57/100
|switch|p1b: Sinistcha|Sinistcha-Masterpiece, L50|91/100
|switch|p2a: Garchomp|Garchomp, L50, M|29/100
|-heal|p1a: Charizard|78/100|[from] ability: Hospitality|[of] p1b: Sinistcha
|turn|8
|inactive|PYS_Max2 has 30 seconds left.
|
|t:|1785431776
|move|p2a: Garchomp|Protect|p2a: Garchomp
|-singleturn|p2a: Garchomp|Protect
|move|p1a: Charizard|Ancient Power|p2b: Torkoal
|-supereffective|p2b: Torkoal|1
|-damage|p2b: Torkoal|0 fnt
|faint|p2b: Torkoal
|move|p1b: Sinistcha|Matcha Gotcha|p2a: Garchomp
|-activate|p2a: Garchomp|move: Protect
|
|-weather|SunnyDay|[upkeep]
|upkeep
|turn|9
|
|t:|1785431788
|move|p1a: Charizard|Protect|p1a: Charizard
|-singleturn|p1a: Charizard|Protect
|move|p2a: Garchomp|Rock Slide|p1b: Sinistcha|[spread] p1b
|-activate|p1a: Charizard|move: Protect
|-damage|p1b: Sinistcha|66/100
|-damage|p2a: Garchomp|19/100|[from] item: Life Orb
|cant|p1b: Sinistcha|flinch
|
|-weather|SunnyDay|[upkeep]
|upkeep
|turn|10
|
|t:|1785431802
|move|p2a: Garchomp|Rock Slide|p1a: Charizard|[spread] p1a,p1b
|-supereffective|p1a: Charizard|2
|-crit|p1b: Sinistcha
|-damage|p1a: Charizard|0 fnt
|-damage|p1b: Sinistcha|32/100
|faint|p1a: Charizard
|-damage|p2a: Garchomp|9/100|[from] item: Life Orb
|move|p1b: Sinistcha|Shadow Ball|p2a: Garchomp
|-damage|p2a: Garchomp|0 fnt
|faint|p2a: Garchomp
|
|win|PYS_Max2
