|j|☆sacrybeppe
|j|☆humanbacon
|html|sacrybeppehumanbacon    
|uhtml|bestof|Game 2 of a best-of-3
|t:|1783271317
|gametype|doubles
|player|p1|sacrybeppe|falkner|1333
|player|p2|humanbacon|acetrainer|1248
|gen|9
|tier|[Gen 9 Champions] VGC 2026 Reg M-B (Bo3)
|rated|
|rule|Species Clause: Limit one of each Pokémon
|rule|Item Clause: Limit 1 of each item
|clearpoke
|poke|p1|Scovillain, L50, F|
|poke|p1|Floette-Eternal, L50, F|
|poke|p1|Gholdengo, L50|
|poke|p1|Arcanine-Hisui, L50, F|
|poke|p1|Basculegion, L50, M|
|poke|p1|Whimsicott, L50, F|
|poke|p2|Raichu, L50, F|
|poke|p2|Sneasler, L50, M|
|poke|p2|Incineroar, L50, M|
|poke|p2|Venusaur, L50, M|
|poke|p2|Milotic, L50, M|
|poke|p2|Ninetales-Alola, L50, F|
|teampreview|4
|showteam|p1|Scovillain||Scovillainite|Moody|RagePowder,Overheat,GigaDrain,Protect|Bold||F|||50|]Floette-Eternal||Floettite|FlowerVeil|LightofRuin,DazzlingGleam,Moonblast,Protect|Timid||F|||50|]Gholdengo||SpellTag|GoodasGold|MakeItRain,ShadowBall,NastyPlot,Protect|Modest|||||50|]Arcanine-Hisui||FocusSash|RockHead|RockSlide,FlareBlitz,ExtremeSpeed,Protect|Jolly||F|||50|]Basculegion||LifeOrb|Adaptability|WaveCrash,LastRespects,AquaJet,Protect|Adamant||M|||50|]Whimsicott||FairyFeather|Prankster|Moonblast,Tailwind,Encore,Protect|Timid||F|||50|
|showteam|p2|Raichu||RaichuniteY|LightningRod|ZapCannon,FocusBlast,FakeOut,Protect|Timid||F|||50|]Sneasler||WhiteHerb|Unburden|CloseCombat,DireClaw,FakeOut,Feint|Jolly||M|||50|]Incineroar||SitrusBerry|Intimidate|FakeOut,ThroatChop,PartingShot,FlareBlitz|Impish||M|||50|]Venusaur||Venusaurite|Chlorophyll|EnergyBall,SludgeBomb,LeechSeed,Protect|Modest||M|||50|]Milotic||Leftovers|Competitive|Scald,IcyWind,LifeDew,Protect|Calm||M|||50|]Ninetales-Alola||FocusSash|SnowWarning|FreezeDry,IcyWind,HelpingHand,Protect|Timid||F|||50|
|inactive|Battle timer is ON: inactive players will automatically lose when time's up. (requested by humanbacon)
|
|t:|1783271332
|teamsize|p1|4
|teamsize|p2|4
|start
|switch|p1a: Basculegion|Basculegion, L50, M|100/100
|switch|p1b: Floette|Floette-Eternal, L50, F|100/100
|switch|p2a: Incineroar|Incineroar, L50, M|100/100
|switch|p2b: Milotic|Milotic, L50, M|100/100
|-ability|p2a: Incineroar|Intimidate|boost
|-unboost|p1a: Basculegion|atk|1
|-unboost|p1b: Floette|atk|1
|turn|1
|
|t:|1783271345
|switch|p2a: Venusaur|Venusaur, L50, M|100/100
|detailschange|p1b: Floette|Floette-Mega, L50, F
|-mega|p1b: Floette|Floette|Floettite
|-ability|p1b: Floette|Fairy Aura
|move|p1b: Floette|Moonblast|p2b: Milotic
|-damage|p2b: Milotic|55/100
|move|p1a: Basculegion|Wave Crash|p2a: Venusaur
|-resisted|p2a: Venusaur|1
|-damage|p2a: Venusaur|60/100
|-damage|p1a: Basculegion|88/100|[from] Recoil
|-damage|p1a: Basculegion|78/100|[from] item: Life Orb
|move|p2b: Milotic|Icy Wind|p1a: Basculegion|[spread] p1a,p1b
|-resisted|p1a: Basculegion|1
|-damage|p1a: Basculegion|73/100
|-damage|p1b: Floette|92/100
|-unboost|p1a: Basculegion|spe|1
|-unboost|p1b: Floette|spe|1
|
|-heal|p2b: Milotic|62/100|[from] item: Leftovers
|upkeep
|turn|2
|
|t:|1783271361
|switch|p1a: Whimsicott|Whimsicott, L50, F|100/100
|move|p1b: Floette|Protect|p1b: Floette
|-singleturn|p1b: Floette|Protect
|move|p2b: Milotic|Life Dew|p2b: Milotic|[spread] p2a,p2b
|-heal|p2a: Venusaur|85/100
|-heal|p2b: Milotic|87/100
|move|p2a: Venusaur|Leech Seed|p1b: Floette
|-activate|p1b: Floette|move: Protect
|
|-heal|p2b: Milotic|93/100|[from] item: Leftovers
|upkeep
|turn|3
|
|t:|1783271371
|move|p1a: Whimsicott|Encore|p2a: Venusaur
|-start|p2a: Venusaur|Encore
|move|p2b: Milotic|Icy Wind|p1a: Whimsicott|[spread] p1a,p1b
|-supereffective|p1a: Whimsicott|1
|-damage|p1a: Whimsicott|73/100
|-damage|p1b: Floette|84/100
|-unboost|p1a: Whimsicott|spe|1
|-unboost|p1b: Floette|spe|1
|move|p2a: Venusaur|Leech Seed|p1b: Floette
|-start|p1b: Floette|move: Leech Seed
|move|p1b: Floette|Moonblast|p2b: Milotic
|-crit|p2b: Milotic
|-damage|p2b: Milotic|24/100
|
|-heal|p2b: Milotic|31/100|[from] item: Leftovers
|-damage|p1b: Floette|72/100|[from] Leech Seed|[of] p2a: Venusaur
|-heal|p2a: Venusaur|95/100|[silent]
|upkeep
|turn|4
|
|t:|1783271386
|switch|p2a: Incineroar|Incineroar, L50, M|100/100
|-ability|p2a: Incineroar|Intimidate|boost
|-unboost|p1a: Whimsicott|atk|1
|-unboost|p1b: Floette|atk|1
|move|p2b: Milotic|Protect|p2b: Milotic
|-singleturn|p2b: Milotic|Protect
|move|p1a: Whimsicott|Tailwind|p1a: Whimsicott
|-sidestart|p1: sacrybeppe|move: Tailwind
|move|p1b: Floette|Dazzling Gleam|p2a: Incineroar|[spread] p2a
|-activate|p2b: Milotic|move: Protect
|-damage|p2a: Incineroar|55/100
|
|-heal|p2b: Milotic|37/100|[from] item: Leftovers
|-damage|p1b: Floette|60/100|[from] Leech Seed|[of] p2a: Incineroar
|-heal|p2a: Incineroar|64/100|[silent]
|upkeep
|turn|5
|
|t:|1783271402
|move|p1a: Whimsicott|Moonblast|p2a: Incineroar
|-damage|p2a: Incineroar|23/100
|-enditem|p2a: Incineroar|Sitrus Berry|[eat]
|-heal|p2a: Incineroar|48/100|[from] item: Sitrus Berry
|move|p1b: Floette|Dazzling Gleam|p2a: Incineroar|[spread] p2a,p2b
|-damage|p2a: Incineroar|1/100
|-damage|p2b: Milotic|6/100
|move|p2b: Milotic|Life Dew|p2b: Milotic|[spread] p2a,p2b
|-heal|p2a: Incineroar|26/100
|-heal|p2b: Milotic|31/100
|move|p2a: Incineroar|Parting Shot|p1a: Whimsicott
|-unboost|p1a: Whimsicott|atk|1
|-unboost|p1a: Whimsicott|spa|1
|
|t:|1783271415
|switch|p2a: Venusaur|Venusaur, L50, M|95/100|[from] Parting Shot
|
|-heal|p2b: Milotic|37/100|[from] item: Leftovers
|-damage|p1b: Floette|49/100|[from] Leech Seed|[of] p2a: Venusaur
|-heal|p2a: Venusaur|100/100|[silent]
|upkeep
|turn|6
|
|t:|1783271434
|switch|p1a: Arcanine|Arcanine-Hisui, L50, F|100/100
|move|p2b: Milotic|Protect|p2b: Milotic
|-singleturn|p2b: Milotic|Protect
|move|p1b: Floette|Moonblast|p2b: Milotic
|-activate|p2b: Milotic|move: Protect
|move|p2a: Venusaur|Sludge Bomb|p1a: Arcanine
|-resisted|p1a: Arcanine|1
|-damage|p1a: Arcanine|76/100
|
|-heal|p2b: Milotic|43/100|[from] item: Leftovers
|-damage|p1b: Floette|37/100|[from] Leech Seed|[of] p2a: Venusaur
|upkeep
|turn|7
|
|t:|1783271454
|switch|p2a: Incineroar|Incineroar, L50, M|26/100
|-ability|p2a: Incineroar|Intimidate|boost
|-unboost|p1a: Arcanine|atk|1
|-unboost|p1b: Floette|atk|1
|move|p2b: Milotic|Protect|p2b: Milotic
|-singleturn|p2b: Milotic|Protect
|move|p1a: Arcanine|Rock Slide|p2a: Incineroar|[spread] p2a
|-activate|p2b: Milotic|move: Protect
|-supereffective|p2a: Incineroar|1
|-damage|p2a: Incineroar|0 fnt
|faint|p2a: Incineroar
|move|p1b: Floette|Dazzling Gleam|p2b: Milotic
|-activate|p2b: Milotic|move: Protect
|
|-heal|p2b: Milotic|49/100|[from] item: Leftovers
|-sideend|p1: sacrybeppe|move: Tailwind
|upkeep
|
|t:|1783271467
|switch|p2a: Raichu|Raichu, L50, F|100/100
|turn|8
|
|t:|1783271483
|switch|p1b: Basculegion|Basculegion, L50, M|73/100
|detailschange|p2a: Raichu|Raichu-Mega-Y, L50, F
|-mega|p2a: Raichu|Raichu|Raichunite Y
|move|p2a: Raichu|Zap Cannon|p1b: Basculegion
|-supereffective|p1b: Basculegion|1
|-damage|p1b: Basculegion|0 fnt
|faint|p1b: Basculegion
|move|p1a: Arcanine|Flare Blitz|p2a: Raichu
|-damage|p2a: Raichu|34/100
|-status|p2a: Raichu|brn
|move|p2b: Milotic|Scald|p1a: Arcanine
|-supereffective|p1a: Arcanine|2
|-damage|p1a: Arcanine|0 fnt
|faint|p1a: Arcanine
|
|-heal|p2b: Milotic|55/100|[from] item: Leftovers
|-damage|p2a: Raichu|28/100 brn|[from] brn
|upkeep
|
|t:|1783271485
|switch|p1a: Floette|Floette-Mega, L50, F|37/100
|switch|p1b: Whimsicott|Whimsicott, L50, F|73/100
|-ability|p1a: Floette|Fairy Aura
|turn|9
|
|t:|1783271502
|move|p1a: Floette|Protect|p1a: Floette
|-singleturn|p1a: Floette|Protect
|move|p1b: Whimsicott|Tailwind|p1b: Whimsicott
|-sidestart|p1: sacrybeppe|move: Tailwind
|move|p2a: Raichu|Zap Cannon|p1a: Floette
|-activate|p1a: Floette|move: Protect
|move|p2b: Milotic|Icy Wind|p1a: Floette|[spread] p1b
|-activate|p1a: Floette|move: Protect
|-supereffective|p1b: Whimsicott|1
|-damage|p1b: Whimsicott|48/100
|-unboost|p1b: Whimsicott|spe|1
|
|-heal|p2b: Milotic|62/100|[from] item: Leftovers
|-damage|p2a: Raichu|22/100 brn|[from] brn
|upkeep
|turn|10
|
|t:|1783271515
|move|p1a: Floette|Dazzling Gleam|p2a: Raichu|[spread] p2a,p2b
|-damage|p2a: Raichu|0 fnt
|-damage|p2b: Milotic|32/100
|faint|p2a: Raichu
|move|p1b: Whimsicott|Moonblast|p2b: Milotic
|-damage|p2b: Milotic|1/100
|move|p2b: Milotic|Icy Wind|p1a: Floette|[spread] p1a,p1b
|-supereffective|p1b: Whimsicott|1
|-damage|p1a: Floette|29/100
|-damage|p1b: Whimsicott|23/100
|-unboost|p1a: Floette|spe|1
|-unboost|p1b: Whimsicott|spe|1
|
|-heal|p2b: Milotic|6/100|[from] item: Leftovers
|upkeep
|
|t:|1783271524
|switch|p2a: Venusaur|Venusaur, L50, M|100/100
|turn|11
|
|t:|1783271536
|move|p1a: Floette|Moonblast|p2a: Venusaur
|-resisted|p2a: Venusaur|1
|-damage|p2a: Venusaur|68/100
|move|p1b: Whimsicott|Moonblast|p2b: Milotic
|-damage|p2b: Milotic|0 fnt
|faint|p2b: Milotic
|move|p2a: Venusaur|Sludge Bomb|p1a: Floette
|-supereffective|p1a: Floette|1
|-damage|p1a: Floette|0 fnt
|faint|p1a: Floette
|
|upkeep
|turn|12
|
|t:|1783271542
|move|p1b: Whimsicott|Moonblast|p2a: Venusaur
|-resisted|p2a: Venusaur|1
|-damage|p2a: Venusaur|52/100
|move|p2a: Venusaur|Sludge Bomb|p1b: Whimsicott
|-supereffective|p1b: Whimsicott|2
|-damage|p1b: Whimsicott|0 fnt
|faint|p1b: Whimsicott
|
|win|humanbacon
|raw|sacrybeppe's rating: 1333 → 1308(-25 for losing)
|raw|humanbacon's rating: 1248 → 1279(+31 for winning)
|l|☆sacrybeppe
|player|p1|
