|j|☆Chavo666
|j|☆testdigi
|html|Chavo666testdigi    
|uhtml|bestof|Game 2 of a best-of-3
|t:|1785417315
|gametype|doubles
|player|p1|Chavo666|steven|1123
|player|p2|testdigi|169|1109
|gen|9
|tier|[Gen 9 Champions] VGC 2026 Reg M-B (Bo3)
|rated|
|rule|Species Clause: Limit one of each Pokémon
|rule|Item Clause: Limit 1 of each item
|clearpoke
|poke|p1|Dragonite, L50, F|
|poke|p1|Glimmora, L50, F|
|poke|p1|Kingambit, L50, M|
|poke|p1|Milotic, L50, M|
|poke|p1|Garchomp, L50, M|
|poke|p1|Whimsicott, L50, M|
|poke|p2|Tyranitar, L50, M|
|poke|p2|Excadrill, L50, M|
|poke|p2|Gholdengo, L50, shiny|
|poke|p2|Milotic, L50, M, shiny|
|poke|p2|Sinistcha, L50|
|poke|p2|Staraptor, L50, M|
|teampreview|4
|showteam|p1|Dragonite||Dragoninite|Multiscale|Flamethrower,AirSlash,Protect,DragonPulse|Modest||F|||50|]Glimmora||Glimmoranite|ToxicDebris|EarthPower,PowerGem,SludgeBomb,Protect|Timid||F|||50|]Kingambit||BlackGlasses|Defiant|KowtowCleave,LowKick,SuckerPunch,IronHead|Adamant||M|||50|]Milotic||Leftovers|Competitive|IcyWind,DragonCheer,Scald,Recover|Bold||M|||50|]Garchomp||LifeOrb|RoughSkin|Earthquake,DragonClaw,RockSlide,Protect|Jolly||M|||50|]Whimsicott||FocusSash|Prankster|Encore,Tailwind,Protect,Moonblast|Timid||M|||50|
|showteam|p2|Tyranitar||Tyranitarite|SandStream|RockSlide,KnockOff,LowKick,Protect|Adamant||M|||50|]Excadrill||FocusSash|SandRush|HighHorsepower,IronHead,RockTomb,Protect|Adamant||M|||50|]Gholdengo||LifeOrb|GoodasGold|ShadowBall,MakeItRain,NastyPlot,Protect|Modest|||||50|]Milotic||Leftovers|Competitive|Scald,Recover,IceBeam,Protect|Calm||M|||50|]Sinistcha||ColburBerry|Hospitality|MatchaGotcha,ShadowBall,RagePowder,Protect|Relaxed|||||50|]Staraptor||Staraptite|Intimidate|CloseCombat,BraveBird,Tailwind,Protect|Jolly||M|||50|
|inactive|Battle timer is ON: inactive players will automatically lose when time's up. (requested by testdigi)
|
|t:|1785417348
|teamsize|p1|4
|teamsize|p2|4
|start
|switch|p1a: Milotic|Milotic, L50, M|100/100
|switch|p1b: Garchomp|Garchomp, L50, M|100/100
|switch|p2a: Milotic|Milotic, L50, M, shiny|100/100
|switch|p2b: Staraptor|Staraptor, L50, M|100/100
|-ability|p2b: Staraptor|Intimidate|boost
|-unboost|p1a: Milotic|atk|1
|-ability|p1a: Milotic|Competitive|boost
|-boost|p1a: Milotic|spa|2
|-unboost|p1b: Garchomp|atk|1
|turn|1
|
|t:|1785417366
|switch|p1b: Whimsicott|Whimsicott, L50, M|100/100
|detailschange|p2b: Staraptor|Staraptor-Mega, L50, M
|-mega|p2b: Staraptor|Staraptor|Staraptite
|move|p2b: Staraptor|Tailwind|p2b: Staraptor
|-sidestart|p2: testdigi|move: Tailwind
|move|p2a: Milotic|Ice Beam|p1b: Whimsicott
|-supereffective|p1b: Whimsicott|1
|-damage|p1b: Whimsicott|34/100
|move|p1a: Milotic|Scald|p2b: Staraptor
|-damage|p2b: Staraptor|40/100
|
|upkeep
|turn|2
|
|t:|1785417382
|move|p2b: Staraptor|Protect|p2b: Staraptor
|-singleturn|p2b: Staraptor|Protect
|move|p1b: Whimsicott|Encore|p2b: Staraptor
|-activate|p2b: Staraptor|move: Protect
|move|p2a: Milotic|Ice Beam|p1b: Whimsicott
|-supereffective|p1b: Whimsicott|1
|-damage|p1b: Whimsicott|0 fnt
|faint|p1b: Whimsicott
|move|p1a: Milotic|Scald|p2b: Staraptor
|-activate|p2b: Staraptor|move: Protect
|
|upkeep
|
|t:|1785417386
|switch|p1b: Glimmora|Glimmora, L50, F|100/100
|turn|3
|
|t:|1785417409
|switch|p2b: Gholdengo|Gholdengo, L50, shiny|100/100
|detailschange|p1b: Glimmora|Glimmora-Mega, L50, F
|-mega|p1b: Glimmora|Glimmora|Glimmoranite
|move|p1b: Glimmora|Protect|p1b: Glimmora
|-singleturn|p1b: Glimmora|Protect
|move|p2a: Milotic|Scald|p1b: Glimmora
|-activate|p1b: Glimmora|move: Protect
|move|p1a: Milotic|Scald|p2b: Gholdengo
|-damage|p2b: Gholdengo|34/100
|
|upkeep
|turn|4
|
|t:|1785417434
|switch|p1b: Garchomp|Garchomp, L50, M|100/100
|move|p2b: Gholdengo|Shadow Ball|p1a: Milotic
|-damage|p1a: Milotic|61/100
|-damage|p2b: Gholdengo|24/100|[from] item: Life Orb
|move|p2a: Milotic|Scald|p1b: Garchomp
|-damage|p1b: Garchomp|70/100
|move|p1a: Milotic|Scald|p2b: Gholdengo
|-damage|p2b: Gholdengo|0 fnt
|faint|p2b: Gholdengo
|
|-heal|p1a: Milotic|67/100|[from] item: Leftovers
|-sideend|p2: testdigi|move: Tailwind
|upkeep
|
|t:|1785417444
|switch|p2b: Staraptor|Staraptor-Mega, L50, M|40/100
|turn|5
|inactive|testdigi has 30 seconds left.
|
|t:|1785417474
|move|p2b: Staraptor|Protect|p2b: Staraptor
|-singleturn|p2b: Staraptor|Protect
|move|p1b: Garchomp|Rock Slide|p2a: Milotic|[spread] p2a
|-activate|p2b: Staraptor|move: Protect
|-damage|p2a: Milotic|76/100
|-damage|p1b: Garchomp|60/100|[from] item: Life Orb
|move|p1a: Milotic|Scald|p2b: Staraptor
|-activate|p2b: Staraptor|move: Protect
|cant|p2a: Milotic|flinch
|
|-heal|p1a: Milotic|73/100|[from] item: Leftovers
|-heal|p2a: Milotic|82/100|[from] item: Leftovers
|upkeep
|turn|6
|
|t:|1785417488
|move|p1b: Garchomp|Protect|p1b: Garchomp
|-singleturn|p1b: Garchomp|Protect
|move|p2b: Staraptor|Tailwind|p2b: Staraptor
|-sidestart|p2: testdigi|move: Tailwind
|move|p2a: Milotic|Ice Beam|p1b: Garchomp
|-activate|p1b: Garchomp|move: Protect
|move|p1a: Milotic|Scald|p2b: Staraptor
|-damage|p2b: Staraptor|0 fnt
|faint|p2b: Staraptor
|
|-heal|p2a: Milotic|88/100|[from] item: Leftovers
|-heal|p1a: Milotic|79/100|[from] item: Leftovers
|upkeep
|
|t:|1785417491
|switch|p2b: Tyranitar|Tyranitar, L50, M|100/100
|-weather|Sandstorm|[from] ability: Sand Stream|[of] p2b: Tyranitar
|turn|7
|
|t:|1785417511
|move|p2b: Tyranitar|Knock Off|p1a: Milotic
|-damage|p1a: Milotic|33/100
|-enditem|p1a: Milotic|Leftovers|[from] move: Knock Off|[of] p2b: Tyranitar
|move|p2a: Milotic|Ice Beam|p1b: Garchomp
|-supereffective|p1b: Garchomp|2
|-damage|p1b: Garchomp|0 fnt
|faint|p1b: Garchomp
|move|p1a: Milotic|Scald|p2b: Tyranitar
|-supereffective|p2b: Tyranitar|1
|-damage|p2b: Tyranitar|22/100
|
|-weather|Sandstorm|[upkeep]
|-damage|p2a: Milotic|82/100|[from] Sandstorm
|-damage|p1a: Milotic|27/100|[from] Sandstorm
|-heal|p2a: Milotic|88/100|[from] item: Leftovers
|upkeep
|
|t:|1785417520
|switch|p1b: Glimmora|Glimmora-Mega, L50, F|100/100
|turn|8
|
|t:|1785417536
|move|p2b: Tyranitar|Protect|p2b: Tyranitar
|-singleturn|p2b: Tyranitar|Protect
|move|p2a: Milotic|Scald|p1a: Milotic
|-resisted|p1a: Milotic|1
|-damage|p1a: Milotic|17/100
|move|p1b: Glimmora|Earth Power|p2b: Tyranitar
|-activate|p2b: Tyranitar|move: Protect
|move|p1a: Milotic|Recover|p1a: Milotic
|-heal|p1a: Milotic|67/100
|
|-weather|Sandstorm|[upkeep]
|-damage|p2a: Milotic|82/100|[from] Sandstorm
|-damage|p1a: Milotic|61/100|[from] Sandstorm
|-heal|p2a: Milotic|88/100|[from] item: Leftovers
|upkeep
|turn|9
|
|t:|1785417549
|move|p1b: Glimmora|Protect|p1b: Glimmora
|-singleturn|p1b: Glimmora|Protect
|move|p2b: Tyranitar|Rock Slide|p1a: Milotic|[spread] p1a
|-activate|p1b: Glimmora|move: Protect
|-damage|p1a: Milotic|36/100
|move|p2a: Milotic|Scald|p1b: Glimmora
|-activate|p1b: Glimmora|move: Protect
|move|p1a: Milotic|Recover|p1a: Milotic
|-heal|p1a: Milotic|86/100
|
|-weather|Sandstorm|[upkeep]
|-damage|p2a: Milotic|82/100|[from] Sandstorm
|-damage|p1a: Milotic|80/100|[from] Sandstorm
|-heal|p2a: Milotic|88/100|[from] item: Leftovers
|-sideend|p2: testdigi|move: Tailwind
|upkeep
|turn|10
|
|t:|1785417566
|move|p2b: Tyranitar|Protect|p2b: Tyranitar
|-singleturn|p2b: Tyranitar|Protect
|move|p1b: Glimmora|Sludge Bomb|p2a: Milotic
|-damage|p2a: Milotic|41/100
|-status|p2a: Milotic|psn
|move|p1a: Milotic|Scald|p2b: Tyranitar
|-activate|p2b: Tyranitar|move: Protect
|move|p2a: Milotic|Scald|p1b: Glimmora
|-supereffective|p1b: Glimmora|1
|-damage|p1b: Glimmora|49/100
|
|-weather|Sandstorm|[upkeep]
|-damage|p1a: Milotic|74/100|[from] Sandstorm
|-damage|p2a: Milotic|35/100 psn|[from] Sandstorm
|-heal|p2a: Milotic|41/100 psn|[from] item: Leftovers
|-damage|p2a: Milotic|29/100 psn|[from] psn
|upkeep
|turn|11
|
|t:|1785417582
|move|p1b: Glimmora|Protect|p1b: Glimmora
|-singleturn|p1b: Glimmora|Protect
|move|p2b: Tyranitar|Protect|p2b: Tyranitar
|-singleturn|p2b: Tyranitar|Protect
|move|p1a: Milotic|Scald|p2b: Tyranitar
|-activate|p2b: Tyranitar|move: Protect
|move|p2a: Milotic|Scald|p1b: Glimmora
|-activate|p1b: Glimmora|move: Protect
|
|-weather|none
|-heal|p2a: Milotic|35/100 psn|[from] item: Leftovers
|-damage|p2a: Milotic|22/100 psn|[from] psn
|upkeep
|turn|12
|-message|testdigi forfeited.
|
|win|Chavo666
