|j|☆csrthenewbeginning
|j|☆MoltresMania
|html|csrthenewbeginningMoltresMania    
|uhtml|bestof|Game 3 of a best-of-3
|t:|1754917046
|gametype|doubles
|player|p1|csrthenewbeginning|101|1210
|player|p2|MoltresMania|265|1325
|gen|9
|tier|[Gen 9] VGC 2025 Reg H (Bo3)
|rated|
|rule|Species Clause: Limit one of each Pokémon
|rule|Item Clause: Limit 1 of each item
|clearpoke
|poke|p1|Electabuzz, L50, M|
|poke|p1|Incineroar, L50, M|
|poke|p1|Ursaluna-Bloodmoon, L50, M|
|poke|p1|Dragonite, L50, M|
|poke|p1|Rillaboom, L50, F|
|poke|p1|Annihilape, L50, F|
|poke|p2|Kingdra, L50, M|
|poke|p2|Pelipper, L50, M|
|poke|p2|Incineroar, L50, M|
|poke|p2|Tsareena, L50, F|
|poke|p2|Gholdengo, L50|
|poke|p2|Whimsicott, L50, F|
|teampreview|4
|showteam|p1|Electabuzz||Eviolite|VitalSpirit|Electroweb,Taunt,Protect,FollowMe|||M|||50|,,,,,Dragon]Incineroar||SitrusBerry|Intimidate|FakeOut,FlareBlitz,PartingShot,KnockOff|||M|||50|,,,,,Ghost]Ursaluna-Bloodmoon||Leftovers|MindsEye|BloodMoon,EarthPower,Protect,CalmMind|||M|||50|,,,,,Electric]Dragonite||LoadedDice|Multiscale|ScaleShot,Haze,Tailwind,Protect|||M|||50|,,,,,Fairy]Rillaboom||AssaultVest|GrassySurge|FakeOut,WoodHammer,HighHorsepower,GrassyGlide|||F|||50|,,,,,Fire]Annihilape||FocusSash|Defiant|RageFist,CloseCombat,FinalGambit,Coaching|||F|||50|,,,,,Grass
|showteam|p2|Kingdra||LifeOrb|SwiftSwim|MuddyWater,WeatherBall,DracoMeteor,Protect|||M|||50|,,,,,Stellar]Pelipper||FocusSash|Drizzle|Hurricane,WeatherBall,Protect,HelpingHand|||M|||50|,,,,,Ghost]Incineroar||SafetyGoggles|Intimidate|FlareBlitz,KnockOff,PartingShot,FakeOut|||M|||50|,,,,,Ghost]Tsareena||AssaultVest|QueenlyMajesty|PowerWhip,LowKick,TripleAxel,Uturn|||F|||50|,,,,,Fighting]Gholdengo||MetalCoat|GoodasGold|MakeItRain,NastyPlot,ShadowBall,Protect||||||50|,,,,,Water]Whimsicott||CovertCloak|Prankster|Moonblast,Tailwind,FakeTears,Encore|||F|||50|,,,,,Water
|inactive|Battle timer is ON: inactive players will automatically lose when time's up. (requested by MoltresMania)
|inactive|csrthenewbeginning has 60 seconds left.
|inactive|MoltresMania has 60 seconds left.
|inactive|csrthenewbeginning has 30 seconds left.
|inactive|csrthenewbeginning has 20 seconds left.
|inactive|csrthenewbeginning has 15 seconds left.
|inactive|csrthenewbeginning has 10 seconds left.
|inactive|csrthenewbeginning has 5 seconds left.
|
|t:|1754917134
|teamsize|p1|4
|teamsize|p2|4
|start
|switch|p1a: Ursaluna|Ursaluna-Bloodmoon, L50, M|100/100
|switch|p1b: Rillaboom|Rillaboom, L50, F|100/100
|switch|p2a: Whimsicott|Whimsicott, L50, F|100/100
|switch|p2b: Gholdengo|Gholdengo, L50|100/100
|-fieldstart|move: Grassy Terrain|[from] ability: Grassy Surge|[of] p1b: Rillaboom
|turn|1
|inactive|MoltresMania has 30 seconds left.
|
|t:|1754917159
|switch|p1a: Incineroar|Incineroar, L50, M|100/100
|-ability|p1a: Incineroar|Intimidate|boost
|-unboost|p2a: Whimsicott|atk|1
|-unboost|p2b: Gholdengo|atk|1
|-terastallize|p2b: Gholdengo|Water
|move|p2a: Whimsicott|Fake Tears|p1b: Rillaboom
|-unboost|p1b: Rillaboom|spd|2
|move|p2b: Gholdengo|Make It Rain|p1b: Rillaboom|[spread] p1a,p1b
|-resisted|p1a: Incineroar
|-damage|p1a: Incineroar|78/100
|-damage|p1b: Rillaboom|24/100
|-unboost|p2b: Gholdengo|spa|1
|move|p1b: Rillaboom|High Horsepower|p2b: Gholdengo
|-damage|p2b: Gholdengo|67/100
|
|-heal|p2b: Gholdengo|73/100|[from] Grassy Terrain
|-heal|p1b: Rillaboom|30/100|[from] Grassy Terrain
|-heal|p1a: Incineroar|84/100|[from] Grassy Terrain
|upkeep
|turn|2
|inactive|csrthenewbeginning has 30 seconds left.
|inactive|MoltresMania has 30 seconds left.
|
|t:|1754917193
|switch|p2b: Kingdra|Kingdra, L50, M|100/100
|switch|p1b: Electabuzz|Electabuzz, L50, M|100/100
|move|p2a: Whimsicott|Moonblast|p1b: Electabuzz
|-damage|p1b: Electabuzz|74/100
|-unboost|p1b: Electabuzz|spa|1
|move|p1a: Incineroar|Flare Blitz|p2a: Whimsicott
|-supereffective|p2a: Whimsicott
|-damage|p2a: Whimsicott|0 fnt
|faint|p2a: Whimsicott
|-damage|p1a: Incineroar|59/100|[from] Recoil
|
|-heal|p1b: Electabuzz|80/100|[from] Grassy Terrain
|-heal|p1a: Incineroar|65/100|[from] Grassy Terrain
|upkeep
|
|t:|1754917205
|switch|p2a: Pelipper|Pelipper, L50, M|100/100
|-weather|RainDance|[from] ability: Drizzle|[of] p2a: Pelipper
|turn|3
|inactive|MoltresMania has 30 seconds left.
|
|t:|1754917236
|move|p2a: Pelipper|Helping Hand|p2b: Kingdra
|-singleturn|p2b: Kingdra|Helping Hand|[of] p2a: Pelipper
|move|p1b: Electabuzz|Protect|p1b: Electabuzz
|-singleturn|p1b: Electabuzz|Protect
|move|p2b: Kingdra|Muddy Water|p1b: Electabuzz|[spread] 
|-activate|p1b: Electabuzz|move: Protect
|-miss|p2b: Kingdra|p1a: Incineroar
|move|p1a: Incineroar|Parting Shot|p2b: Kingdra
|-unboost|p2b: Kingdra|atk|1
|-unboost|p2b: Kingdra|spa|1
|
|t:|1754917247
|switch|p1a: Rillaboom|Rillaboom, L50, F|30/100|[from] Parting Shot
|
|-weather|RainDance|[upkeep]
|-heal|p1b: Electabuzz|87/100|[from] Grassy Terrain
|-heal|p1a: Rillaboom|36/100|[from] Grassy Terrain
|upkeep
|turn|4
|
|t:|1754917268
|move|p1a: Rillaboom|Fake Out|p2b: Kingdra
|-damage|p2b: Kingdra|83/100
|cant|p2b: Kingdra|flinch
|move|p1b: Electabuzz|Electroweb|p2b: Kingdra|[spread] p2a,p2b
|-supereffective|p2a: Pelipper
|-damage|p2a: Pelipper|39/100
|-damage|p2b: Kingdra|71/100
|-unboost|p2a: Pelipper|spe|1
|-unboost|p2b: Kingdra|spe|1
|move|p2a: Pelipper|Hurricane|p1a: Rillaboom
|-supereffective|p1a: Rillaboom
|-damage|p1a: Rillaboom|0 fnt
|faint|p1a: Rillaboom
|
|-weather|RainDance|[upkeep]
|-heal|p2b: Kingdra|77/100|[from] Grassy Terrain
|-heal|p1b: Electabuzz|93/100|[from] Grassy Terrain
|upkeep
|
|t:|1754917285
|switch|p1a: Ursaluna|Ursaluna-Bloodmoon, L50, M|100/100
|turn|5
|
|t:|1754917310
|move|p1a: Ursaluna|Protect|p1a: Ursaluna
|-singleturn|p1a: Ursaluna|Protect
|move|p2b: Kingdra|Muddy Water|p1b: Electabuzz|[spread] p1b
|-activate|p1a: Ursaluna|move: Protect
|-damage|p1b: Electabuzz|61/100
|-unboost|p1b: Electabuzz|accuracy|1
|-damage|p2b: Kingdra|67/100|[from] item: Life Orb
|move|p1b: Electabuzz|Electroweb|p2a: Pelipper|[spread] p2b
|-miss|p1b: Electabuzz|p2a: Pelipper
|-damage|p2b: Kingdra|55/100
|-unboost|p2b: Kingdra|spe|1
|move|p2a: Pelipper|Weather Ball|p1a: Ursaluna
|-activate|p1a: Ursaluna|move: Protect
|
|-weather|RainDance|[upkeep]
|-heal|p1b: Electabuzz|67/100|[from] Grassy Terrain
|-heal|p2b: Kingdra|61/100|[from] Grassy Terrain
|-fieldend|move: Grassy Terrain
|upkeep
|turn|6
|inactive|MoltresMania has 30 seconds left.
|
|t:|1754917337
|switch|p2a: Gholdengo|Gholdengo, L50, tera:Water|73/100
|-terastallize|p1a: Ursaluna|Electric
|move|p1b: Electabuzz|Electroweb|p2b: Kingdra|[spread] p2a
|-miss|p1b: Electabuzz|p2b: Kingdra
|-supereffective|p2a: Gholdengo
|-damage|p2a: Gholdengo|53/100
|-unboost|p2a: Gholdengo|spe|1
|move|p2b: Kingdra|Weather Ball|p1a: Ursaluna
|-damage|p1a: Ursaluna|35/100
|-damage|p2b: Kingdra|51/100|[from] item: Life Orb
|move|p1a: Ursaluna|Blood Moon|p2b: Kingdra
|-damage|p2b: Kingdra|0 fnt
|faint|p2b: Kingdra
|
|-weather|RainDance|[upkeep]
|-heal|p1a: Ursaluna|42/100|[from] item: Leftovers
|upkeep
|
|t:|1754917352
|switch|p2b: Pelipper|Pelipper, L50, M|39/100
|turn|7
|inactive|csrthenewbeginning has 30 seconds left.
|
|t:|1754917379
|move|p1a: Ursaluna|Protect|p1a: Ursaluna
|-singleturn|p1a: Ursaluna|Protect
|move|p1b: Electabuzz|Electroweb|p2a: Gholdengo|[spread] p2a,p2b
|-supereffective|p2a: Gholdengo
|-supereffective|p2b: Pelipper
|-damage|p2a: Gholdengo|35/100
|-damage|p2b: Pelipper|0 fnt
|-unboost|p2a: Gholdengo|spe|1
|faint|p2b: Pelipper
|move|p2a: Gholdengo|Shadow Ball|p1a: Ursaluna
|-activate|p1a: Ursaluna|move: Protect
|
|-weather|none
|-heal|p1a: Ursaluna|48/100|[from] item: Leftovers
|upkeep
|turn|8
|-message|MoltresMania forfeited.
|
|win|csrthenewbeginning
|raw|csrthenewbeginning's rating: 1210 → 1243(+33 for winning)
|raw|MoltresMania's rating: 1325 → 1299(-26 for losing)
|l|☆MoltresMania
|player|p2|
