|j|☆K-TrachoVgc2189
|j|☆Olciax34
|html|K-TrachoVgc2189Olciax34    
|uhtml|bestof|Game 2 of a best-of-3
|t:|1783637402
|gametype|doubles
|player|p1|K-TrachoVgc2189|265|1153
|player|p2|Olciax34|clair|1254
|gen|9
|tier|[Gen 9 Champions] VGC 2026 Reg M-B (Bo3)
|rated|
|rule|Species Clause: Limit one of each Pokémon
|rule|Item Clause: Limit 1 of each item
|clearpoke
|poke|p1|Garchomp, L50, M|
|poke|p1|Charizard, L50, M|
|poke|p1|Whimsicott, L50, F|
|poke|p1|Sylveon, L50, M|
|poke|p1|Kingambit, L50, M|
|poke|p1|Basculegion, L50, M|
|poke|p2|Ceruledge, L50, M|
|poke|p2|Milotic, L50, F|
|poke|p2|Sinistcha, L50|
|poke|p2|Raichu, L50, F|
|poke|p2|Incineroar, L50, M|
|poke|p2|Floette-Eternal, L50, F|
|teampreview|4
|showteam|p1|Garchomp||LifeOrb|RoughSkin|DragonClaw,Earthquake,RockSlide,Protect|Jolly||M|||50|]Charizard||CharizarditeY|Blaze|HeatWave,SolarBeam,AncientPower,Protect|Modest||M|||50|]Whimsicott||FocusSash|Prankster|Moonblast,Tailwind,Encore,Protect|Timid||F|||50|]Sylveon||FairyFeather|Pixilate|HyperVoice,HyperBeam,QuickAttack,Detect|Modest||M|||50|]Kingambit||BlackGlasses|Defiant|KowtowCleave,IronHead,SuckerPunch,LowKick|Adamant||M|||50|]Basculegion||MysticWater|Adaptability|LastRespects,WaveCrash,AquaJet,Protect|Adamant||M|||50|
|showteam|p2|Ceruledge||ColburBerry|FlashFire|ShadowSneak,BitterBlade,BulkUp,Protect|Adamant||M|||50|]Milotic||Leftovers|Competitive|MuddyWater,Coil,Hypnosis,Protect|Calm||F|||50|]Sinistcha||KasibBerry|Hospitality|MatchaGotcha,LifeDew,RagePowder,StrengthSap|Calm|||||50|]Raichu||RaichuniteY|LightningRod|FakeOut,ZapCannon,FocusBlast,Protect|Modest||F|||50|]Incineroar||SitrusBerry|Intimidate|FakeOut,ThroatChop,FlareBlitz,PartingShot|Careful||M|||50|]Floette-Eternal||Floettite|FlowerVeil|CalmMind,DrainingKiss,Moonblast,Protect|Modest||F|||50|
|inactive|Battle timer is ON: inactive players will automatically lose when time's up. (requested by Olciax34)
|inactive|Olciax34 has 60 seconds left.
|
|t:|1783637462
|teamsize|p1|4
|teamsize|p2|4
|start
|switch|p1a: Kingambit|Kingambit, L50, M|100/100
|switch|p1b: Garchomp|Garchomp, L50, M|100/100
|switch|p2a: Sinistcha|Sinistcha, L50|100/100
|switch|p2b: Ceruledge|Ceruledge, L50, M|100/100
|turn|1
|
|t:|1783637486
|switch|p2a: Incineroar|Incineroar, L50, M|100/100
|-ability|p2a: Incineroar|Intimidate|boost
|-unboost|p1a: Kingambit|atk|1
|-ability|p1a: Kingambit|Defiant|boost
|-boost|p1a: Kingambit|atk|2
|-unboost|p1b: Garchomp|atk|1
|move|p1b: Garchomp|Dragon Claw|p2a: Incineroar
|-damage|p2a: Incineroar|65/100
|-damage|p1b: Garchomp|90/100|[from] item: Life Orb
|move|p2b: Ceruledge|Bitter Blade|p1a: Kingambit
|-supereffective|p1a: Kingambit|1
|-damage|p1a: Kingambit|17/100
|move|p1a: Kingambit|Kowtow Cleave|p2a: Incineroar
|-resisted|p2a: Incineroar|1
|-damage|p2a: Incineroar|28/100
|-enditem|p2a: Incineroar|Sitrus Berry|[eat]
|-heal|p2a: Incineroar|53/100|[from] item: Sitrus Berry
|
|upkeep
|turn|2
|
|t:|1783637510
|switch|p1a: Charizard|Charizard, L50, M|100/100
|move|p2a: Incineroar|Fake Out|p1a: Charizard
|-damage|p1a: Charizard|87/100
|move|p1b: Garchomp|Earthquake|p2a: Incineroar|[spread] p2a,p2b
|-immune|p1a: Charizard
|-supereffective|p2a: Incineroar|1
|-supereffective|p2b: Ceruledge|1
|-damage|p2a: Incineroar|0 fnt
|-damage|p2b: Ceruledge|26/100
|faint|p2a: Incineroar
|-damage|p1b: Garchomp|80/100|[from] item: Life Orb
|move|p2b: Ceruledge|Bulk Up|p2b: Ceruledge
|-boost|p2b: Ceruledge|atk|1
|-boost|p2b: Ceruledge|def|1
|
|upkeep
|l|☆K-TrachoVgc2189
|inactive|K-TrachoVgc2189 disconnected and has a minute to reconnect!
|player|p1|
|
|t:|1783637527
|switch|p2a: Raichu|Raichu, L50, F|100/100
|turn|3
|j|☆K-TrachoVgc2189
|inactive|K-TrachoVgc2189 reconnected and has 45 seconds left.
|player|p1|K-TrachoVgc2189|265|
|
|t:|1783637549
|detailschange|p2a: Raichu|Raichu-Mega-Y, L50, F
|-mega|p2a: Raichu|Raichu|Raichunite Y
|move|p1a: Charizard|Protect|p1a: Charizard
|-singleturn|p1a: Charizard|Protect
|move|p2b: Ceruledge|Shadow Sneak|p1b: Garchomp
|-damage|p1b: Garchomp|52/100
|-damage|p2b: Ceruledge|14/100|[from] ability: Rough Skin|[of] p1b: Garchomp
|move|p2a: Raichu|Focus Blast|p1b: Garchomp
|-damage|p1b: Garchomp|0 fnt
|faint|p1b: Garchomp
|
|upkeep
|
|t:|1783637561
|switch|p1b: Kingambit|Kingambit, L50, M|17/100
|turn|4
|
|t:|1783637573
|detailschange|p1a: Charizard|Charizard-Mega-Y, L50, M
|-mega|p1a: Charizard|Charizard|Charizardite Y
|-weather|SunnyDay|[from] ability: Drought|[of] p1a: Charizard
|move|p1b: Kingambit|Sucker Punch|p2a: Raichu
|-damage|p2a: Raichu|2/100
|move|p2a: Raichu|Zap Cannon|p1a: Charizard
|-supereffective|p1a: Charizard|1
|-damage|p1a: Charizard|0 fnt
|faint|p1a: Charizard
|move|p2b: Ceruledge|Bitter Blade|p1b: Kingambit
|-supereffective|p1b: Kingambit|1
|-damage|p1b: Kingambit|0 fnt
|-heal|p2b: Ceruledge|23/100|[from] drain|[of] p1b: Kingambit
|faint|p1b: Kingambit
|
|-weather|SunnyDay|[upkeep]
|upkeep
|
|t:|1783637580
|switch|p1b: Basculegion|Basculegion, L50, M|100/100
|turn|5
|-message|K-TrachoVgc2189 forfeited.
|
|win|Olciax34
|raw|K-TrachoVgc2189's rating: 1153 → 1135(-18 for losing)
|raw|Olciax34's rating: 1254 → 1272(+18 for winning)
