|j|☆bob8787
|j|☆ToastedArt
|html|bob8787ToastedArt    
|uhtml|bestof|Game 2 of a best-of-3
|t:|1784398155
|gametype|doubles
|player|p1|bob8787|170|1101
|player|p2|ToastedArt|iris|1005
|gen|9
|tier|[Gen 9 Champions] VGC 2026 Reg M-B (Bo3)
|rated|
|rule|Species Clause: Limit one of each Pokémon
|rule|Item Clause: Limit 1 of each item
|clearpoke
|poke|p1|Aggron, L50, F|
|poke|p1|Sinistcha, L50|
|poke|p1|Farigiraf, L50, M|
|poke|p1|Alakazam, L50, F|
|poke|p1|Meowstic, L50, M|
|poke|p1|Hatterene, L50, F|
|poke|p2|Falinks, L50, shiny|
|poke|p2|Gholdengo, L50|
|poke|p2|Hydreigon, L50, F, shiny|
|poke|p2|Sneasler, L50, F|
|poke|p2|Talonflame, L50, F, shiny|
|poke|p2|Kingambit, L50, M|
|teampreview|4
|showteam|p1|Aggron||Aggronite|RockHead|BodyPress,HeavySlam,IronDefense,HeadSmash|Sassy||F|||50|]Sinistcha||Leftovers|Hospitality|RagePowder,StrengthSap,TrickRoom,MatchaGotcha|Calm|||||50|]Farigiraf||MentalHerb|ArmorTail|HelpingHand,TrickRoom,Psychic,Imprison|Sassy||M|||50|]Alakazam||Alakazite|Synchronize|SpeedSwap,ExpandingForce,DazzlingGleam,Substitute|Timid||F|||50|]Meowstic||FocusSash|Prankster|PsychicTerrain,ExpandingForce,TrickRoom,LightScreen|Modest||M|||50|]Hatterene||LifeOrb|MagicBounce|ExpandingForce,DazzlingGleam,MysticalFire,TrickRoom|Quiet||F|||50|
|showteam|p2|Falinks||Falinksite|Defiant|NoRetreat,SwordsDance,CloseCombat,Protect|Careful|||||50|]Gholdengo||SpellTag|GoodasGold|MakeItRain,ShadowBall,NastyPlot,Protect|Modest|||||50|]Hydreigon||LifeOrb|Levitate|DracoMeteor,Snarl,EarthPower,DarkPulse|Modest||F|||50|]Sneasler||FocusSash|PoisonTouch|CloseCombat,PoisonJab,Coaching,FakeOut|Jolly||F|||50|]Talonflame||SharpBeak|GaleWings|BraveBird,Tailwind,Uturn,QuickGuard|Adamant||F|||50|]Kingambit||BlackGlasses|Defiant|KowtowCleave,SuckerPunch,SwordsDance,Protect|Adamant||M|||50|
|inactive|Battle timer is ON: inactive players will automatically lose when time's up. (requested by ToastedArt)
|inactive|bob8787 has 60 seconds left.
|
|t:|1784398188
|teamsize|p1|4
|teamsize|p2|4
|start
|switch|p1a: Meowstic|Meowstic, L50, M|100/100
|switch|p1b: Alakazam|Alakazam, L50, F|100/100
|switch|p2a: Kingambit|Kingambit, L50, M|100/100
|switch|p2b: Sneasler|Sneasler, L50, F|100/100
|turn|1
|inactive|ToastedArt has 30 seconds left.
|inactive|bob8787 has 30 seconds left.
|inactive|ToastedArt has 20 seconds left.
|inactive|bob8787 has 20 seconds left.
|inactive|ToastedArt has 15 seconds left.
|
|t:|1784398230
|move|p1b: Alakazam|Dazzling Gleam|p2a: Kingambit|[spread] p2a,p2b
|-damage|p2a: Kingambit|77/100
|-damage|p2b: Sneasler|71/100
|move|p2b: Sneasler|Coaching|p2a: Kingambit
|-boost|p2a: Kingambit|atk|1
|-boost|p2a: Kingambit|def|1
|move|p1a: Meowstic|Expanding Force|p2b: Sneasler
|-supereffective|p2b: Sneasler|2
|-damage|p2b: Sneasler|0 fnt
|faint|p2b: Sneasler
|move|p2a: Kingambit|Kowtow Cleave|p1b: Alakazam
|-supereffective|p1b: Alakazam|1
|-damage|p1b: Alakazam|0 fnt
|faint|p1b: Alakazam
|
|upkeep
|
|t:|1784398244
|switch|p1b: Aggron|Aggron, L50, F|100/100
|switch|p2b: Falinks|Falinks, L50, shiny|100/100
|turn|2
|
|t:|1784398260
|detailschange|p2b: Falinks|Falinks-Mega, L50, shiny
|-mega|p2b: Falinks|Falinks|Falinksite
|detailschange|p1b: Aggron|Aggron-Mega, L50, F
|-mega|p1b: Aggron|Aggron|Aggronite
|move|p2a: Kingambit|Sucker Punch|p1a: Meowstic
|-supereffective|p1a: Meowstic|1
|-enditem|p1a: Meowstic|Focus Sash
|-damage|p1a: Meowstic|1/100
|move|p1a: Meowstic|Expanding Force|p2b: Falinks
|-supereffective|p2b: Falinks|1
|-damage|p2b: Falinks|28/100
|move|p2b: Falinks|No Retreat|p2b: Falinks
|-boost|p2b: Falinks|atk|1
|-boost|p2b: Falinks|def|1
|-boost|p2b: Falinks|spa|1
|-boost|p2b: Falinks|spd|1
|-boost|p2b: Falinks|spe|1
|-start|p2b: Falinks|move: No Retreat
|move|p1b: Aggron|Body Press|p2a: Kingambit
|-supereffective|p2a: Kingambit|2
|-damage|p2a: Kingambit|0 fnt
|faint|p2a: Kingambit
|
|upkeep
|
|t:|1784398267
|switch|p2a: Gholdengo|Gholdengo, L50|100/100
|turn|3
|inactive|bob8787 has 30 seconds left.
|
|t:|1784398295
|move|p2b: Falinks|Swords Dance|p2b: Falinks
|-boost|p2b: Falinks|atk|2
|move|p1a: Meowstic|Expanding Force|p2b: Falinks
|-supereffective|p2b: Falinks|1
|-crit|p2b: Falinks
|-damage|p2b: Falinks|0 fnt
|faint|p2b: Falinks
|move|p2a: Gholdengo|Shadow Ball|p1a: Meowstic
|-supereffective|p1a: Meowstic|1
|-damage|p1a: Meowstic|0 fnt
|faint|p1a: Meowstic
|move|p1b: Aggron|Heavy Slam|p2a: Gholdengo
|-resisted|p2a: Gholdengo|1
|-damage|p2a: Gholdengo|68/100
|
|upkeep
|
|t:|1784398303
|switch|p1a: Sinistcha|Sinistcha, L50|100/100
|turn|4
|
|t:|1784398316
|move|p1a: Sinistcha|Rage Powder|p1a: Sinistcha
|-singleturn|p1a: Sinistcha|move: Rage Powder
|move|p2a: Gholdengo|Nasty Plot|p2a: Gholdengo
|-boost|p2a: Gholdengo|spa|2
|move|p1b: Aggron|Heavy Slam|p2a: Gholdengo
|-resisted|p2a: Gholdengo|1
|-damage|p2a: Gholdengo|39/100
|
|upkeep
|turn|5
|
|t:|1784398334
|move|p1a: Sinistcha|Rage Powder|p1a: Sinistcha
|-singleturn|p1a: Sinistcha|move: Rage Powder
|move|p2a: Gholdengo|Shadow Ball|p1a: Sinistcha
|-supereffective|p1a: Sinistcha|1
|-damage|p1a: Sinistcha|0 fnt
|faint|p1a: Sinistcha
|move|p1b: Aggron|Heavy Slam|p2a: Gholdengo
|-resisted|p2a: Gholdengo|1
|-damage|p2a: Gholdengo|10/100
|
|upkeep
|turn|6
|
|t:|1784398342
|move|p2a: Gholdengo|Shadow Ball|p1b: Aggron
|-damage|p1b: Aggron|0 fnt
|faint|p1b: Aggron
|
|win|ToastedArt
|raw|bob8787's rating: 1101 → 1069(-32 for losing)
|raw|ToastedArt's rating: 1005 → 1055(+50 for winning)
