|j|☆Shaboogles
|j|☆mikewww
|html|Shabooglesmikewww    
|uhtml|bestof|Game 2 of a best-of-3
|t:|1783641388
|gametype|doubles
|player|p1|Shaboogles|rosa|
|player|p2|mikewww|swimmer-gen4dp|
|gen|9
|tier|[Gen 9 Champions] VGC 2026 Reg M-B (Bo3)
|rule|Species Clause: Limit one of each Pokémon
|rule|Item Clause: Limit 1 of each item
|clearpoke
|poke|p1|Chandelure, L50, F|
|poke|p1|Garganacl, L50, F|
|poke|p1|Greninja, L50, M|
|poke|p1|Rotom-Mow, L50|
|poke|p1|Krookodile, L50, F|
|poke|p1|Ariados, L50, M|
|poke|p2|Pidgeot, L50, F|
|poke|p2|Gardevoir, L50, F|
|poke|p2|Ariados, L50, M|
|poke|p2|Diggersby, L50, F|
|poke|p2|Starmie, L50|
|poke|p2|Klefki, L50, M|
|teampreview|4
|showteam|p1|Chandelure||Chandelurite|Infiltrator|HeatWave,ShadowBall,TrickRoom,Protect|Modest||F|||50|]Garganacl||Leftovers|PurifyingSalt|WideGuard,SaltCure,Recover,Protect|Sassy||F|||50|]Greninja||Greninjite|Torrent|IcyWind,Protect,HydroPump,DarkPulse|Timid||M|||50|]Rotom-Mow||ChoiceScarf|Levitate|Thunderbolt,LeafStorm,Electroweb,Trick|Timid|||||50|]Krookodile||PasshoBerry|Intimidate|Crunch,Taunt,Protect,HighHorsepower|Adamant||F|||50|]Ariados||ScopeLens|Sniper|CrossPoison,Protect,RagePowder,KnockOff|Impish||M|||50|
|showteam|p2|Pidgeot||Pidgeotite|BigPecks|Protect,HeatWave,Hurricane,Tailwind|Timid||F|||50|]Gardevoir||FairyFeather|Telepathy|Protect,DazzlingGleam,Moonblast,Psychic|Modest||F|||50|]Ariados||FocusSash|Insomnia|Protect,PoisonJab,StruggleBug,RagePowder|Adamant||M|||50|]Diggersby||LifeOrb|HugePower|Protect,Earthquake,HighHorsepower,IcePunch|Adamant||F|||50|]Starmie||Starminite|NaturalCure|Protect,Liquidation,PsychoCut,AquaJet|Jolly|||||50|]Klefki||LightClay|Prankster|FlashCannon,LightScreen,Reflect,RainDance|Bold||M|||50|
|inactive|Battle timer is ON: inactive players will automatically lose when time's up. (requested by mikewww)
|inactive|Shaboogles has 60 seconds left.
|inactive|Shaboogles has 30 seconds left.
|
|t:|1783641450
|teamsize|p1|4
|teamsize|p2|4
|start
|switch|p1a: Garganacl|Garganacl, L50, F|100/100
|switch|p1b: Rotom|Rotom-Mow, L50|100/100
|switch|p2a: Pidgeot|Pidgeot, L50, F|100/100
|switch|p2b: Diggersby|Diggersby, L50, F|100/100
|turn|1
|inactive|Shaboogles has 30 seconds left.
|
|t:|1783641480
|detailschange|p2a: Pidgeot|Pidgeot-Mega, L50, F
|-mega|p2a: Pidgeot|Pidgeot|Pidgeotite
|move|p2b: Diggersby|Protect|p2b: Diggersby
|-singleturn|p2b: Diggersby|Protect
|move|p1b: Rotom|Thunderbolt|p2a: Pidgeot
|-supereffective|p2a: Pidgeot|1
|-damage|p2a: Pidgeot|0 fnt
|faint|p2a: Pidgeot
|move|p1a: Garganacl|Salt Cure|p2b: Diggersby
|-activate|p2b: Diggersby|move: Protect
|
|upkeep
|
|t:|1783641496
|switch|p2a: Gardevoir|Gardevoir, L50, F|100/100
|turn|2
|
|t:|1783641511
|move|p1b: Rotom|Thunderbolt|p2a: Gardevoir
|-damage|p2a: Gardevoir|61/100
|-status|p2a: Gardevoir|par
|move|p2b: Diggersby|Earthquake|p1b: Rotom|[spread] p1a
|-activate|p2a: Gardevoir|ability: Telepathy
|-immune|p1b: Rotom|[from] ability: Levitate
|-supereffective|p1a: Garganacl|1
|-damage|p1a: Garganacl|20/100y
|-damage|p2b: Diggersby|90/100|[from] item: Life Orb
|cant|p2a: Gardevoir|par
|move|p1a: Garganacl|Salt Cure|p2b: Diggersby
|-resisted|p2b: Diggersby|1
|-damage|p2b: Diggersby|81/100
|-start|p2b: Diggersby|Salt Cure
|
|-heal|p1a: Garganacl|26/100|[from] item: Leftovers
|-damage|p2b: Diggersby|75/100|[from] Salt Cure
|upkeep
|turn|3
|
|t:|1783641536
|move|p1a: Garganacl|Protect|p1a: Garganacl
|-singleturn|p1a: Garganacl|Protect
|move|p1b: Rotom|Thunderbolt|p2a: Gardevoir
|-damage|p2a: Gardevoir|15/100 par
|move|p2b: Diggersby|Earthquake|p1b: Rotom|[spread] 
|-activate|p1a: Garganacl|move: Protect
|-activate|p2a: Gardevoir|ability: Telepathy
|-immune|p1b: Rotom|[from] ability: Levitate
|move|p2a: Gardevoir|Moonblast|p1b: Rotom
|-damage|p1b: Rotom|18/100
|
|-heal|p1a: Garganacl|32/100|[from] item: Leftovers
|-damage|p2b: Diggersby|69/100|[from] Salt Cure
|upkeep
|turn|4
|
|t:|1783641552
|cant|p2a: Gardevoir|par
|move|p1b: Rotom|Thunderbolt|p2a: Gardevoir
|-damage|p2a: Gardevoir|0 fnt
|faint|p2a: Gardevoir
|move|p2b: Diggersby|Ice Punch|p1b: Rotom
|-supereffective|p1b: Rotom|1
|-damage|p1b: Rotom|0 fnt
|faint|p1b: Rotom
|-damage|p2b: Diggersby|59/100|[from] item: Life Orb
|move|p1a: Garganacl|Recover|p1a: Garganacl
|-heal|p1a: Garganacl|82/100
|
|-heal|p1a: Garganacl|88/100|[from] item: Leftovers
|-damage|p2b: Diggersby|53/100|[from] Salt Cure
|upkeep
|
|t:|1783641563
|switch|p1b: Greninja|Greninja, L50, M|100/100
|switch|p2a: Ariados|Ariados, L50, M|100/100
|turn|5
|
|t:|1783641581
|move|p1b: Greninja|Protect|p1b: Greninja
|-singleturn|p1b: Greninja|Protect
|move|p1a: Garganacl|Protect|p1a: Garganacl
|-singleturn|p1a: Garganacl|Protect
|move|p2a: Ariados|Rage Powder|p2a: Ariados
|-singleturn|p2a: Ariados|move: Rage Powder
|move|p2b: Diggersby|High Horsepower|p1b: Greninja
|-activate|p1b: Greninja|move: Protect
|
|-heal|p1a: Garganacl|94/100|[from] item: Leftovers
|-damage|p2b: Diggersby|47/100|[from] Salt Cure
|upkeep
|turn|6
|
|t:|1783641605
|detailschange|p1b: Greninja|Greninja-Mega, L50, M
|-mega|p1b: Greninja|Greninja|Greninjite
|move|p2a: Ariados|Rage Powder|p2a: Ariados
|-singleturn|p2a: Ariados|move: Rage Powder
|move|p1b: Greninja|Icy Wind|p2b: Diggersby|[spread] p2a,p2b
|-start|p1b: Greninja|typechange|Ice|[from] ability: Protean
|-crit|p2a: Ariados
|-supereffective|p2b: Diggersby|1
|-damage|p2a: Ariados|50/100g
|-damage|p2b: Diggersby|0 fnt
|-unboost|p2a: Ariados|spe|1
|faint|p2b: Diggersby
|move|p1a: Garganacl|Salt Cure|p2a: Ariados
|-supereffective|p2a: Ariados|1
|-damage|p2a: Ariados|7/100
|-start|p2a: Ariados|Salt Cure
|
|-heal|p1a: Garganacl|100/100|[from] item: Leftovers
|-damage|p2a: Ariados|1/100|[from] Salt Cure
|upkeep
|turn|7
|
|t:|1783641618
|move|p1b: Greninja|Dark Pulse|p2a: Ariados
|-crit|p2a: Ariados
|-damage|p2a: Ariados|0 fnt
|faint|p2a: Ariados
|
|win|Shaboogles
||mikewww is ready for game 3.
||Shaboogles is ready for game 3.
|uhtml|next|Next: Game 3 of 3
