|j|☆iceshard00
|j|☆jamirolol
|html|iceshard00jamirolol    
|uhtml|bestof|Game 2 of a best-of-3
|t:|1756650029
|gametype|doubles
|player|p1|iceshard00|lucas|1078
|player|p2|jamirolol|101|1134
|gen|9
|tier|[Gen 9] VGC 2025 Reg H (Bo3)
|rated|
|rule|Species Clause: Limit one of each Pokémon
|rule|Item Clause: Limit 1 of each item
|clearpoke
|poke|p1|Ninetales-Alola, L50, M|
|poke|p1|Baxcalibur, L50, M|
|poke|p1|Empoleon, L50, F|
|poke|p1|Volcarona, L50, M|
|poke|p1|Talonflame, L50, M|
|poke|p1|Rillaboom, L50, M|
|poke|p2|Dragonite, L50, F|
|poke|p2|Gholdengo, L50|
|poke|p2|Sneasler, L50, F|
|poke|p2|Incineroar, L50, F|
|poke|p2|Rillaboom, L50, F|
|poke|p2|Farigiraf, L50, M|
|teampreview|4
|showteam|p1|Ninetales-Alola||LightClay|SnowWarning|Blizzard,IcyWind,AuroraVeil,HelpingHand|||M|||50|,,,,,Water]Baxcalibur||ClearAmulet|ThermalExchange|IcicleCrash,GlaiveRush,HighHorsepower,Protect|||M|||50|,,,,,Fire]Empoleon||Leftovers|Competitive|WaterPledge,FlashCannon,Haze,Protect|||F|||50|,,,,,Fairy]Volcarona||SitrusBerry|FlameBody|HeatWave,GigaDrain,QuiverDance,Protect|||M|||50|,,,,,Grass]Talonflame||CovertCloak|GaleWings|DualWingbeat,FlareBlitz,Tailwind,Taunt|||M|||50|,,,,,Stellar]Rillaboom||AssaultVest|GrassySurge|WoodHammer,GrassyGlide,FakeOut,HighHorsepower|||M|||50|,,,,,Fire
|showteam|p2|Dragonite||LoadedDice|InnerFocus|ScaleShot,Protect,ExtremeSpeed,Haze|||F|||50|,,,,,Normal]Gholdengo||LifeOrb|GoodasGold|MakeItRain,ShadowBall,NastyPlot,Protect||||||50|,,,,,Flying]Sneasler||GrassySeed|Unburden|DireClaw,Coaching,CloseCombat,Protect|||F|||50|,,,,,Stellar]Incineroar||SafetyGoggles|Intimidate|FakeOut,FlareBlitz,PartingShot,KnockOff|||F|||50|,,,,,Bug]Rillaboom||AssaultVest|GrassySurge|FakeOut,GrassyGlide,WoodHammer,HighHorsepower|||F|||50|,,,,,Fire]Farigiraf||ThroatSpray|ArmorTail|HyperVoice,Psychic,TrickRoom,Protect|||M|||50|,,,,,Fairy
|
|t:|1756650062
|teamsize|p1|4
|teamsize|p2|4
|start
|switch|p1a: Baxcalibur|Baxcalibur, L50, M|100/100
|switch|p1b: Volcarona|Volcarona, L50, M|100/100
|switch|p2a: Sneasler|Sneasler, L50, F|100/100
|switch|p2b: Rillaboom|Rillaboom, L50, F|100/100
|-fieldstart|move: Grassy Terrain|[from] ability: Grassy Surge|[of] p2b: Rillaboom
|-enditem|p2a: Sneasler|Grassy Seed
|-boost|p2a: Sneasler|def|1|[from] item: Grassy Seed
|turn|1
|
|t:|1756650090
|-terastallize|p2b: Rillaboom|Fire
|move|p1a: Baxcalibur|Protect|p1a: Baxcalibur
|-singleturn|p1a: Baxcalibur|Protect
|move|p2b: Rillaboom|Fake Out|p1b: Volcarona
|-damage|p1b: Volcarona|84/100
|move|p2a: Sneasler|Close Combat|p1a: Baxcalibur
|-activate|p1a: Baxcalibur|move: Protect
|cant|p1b: Volcarona|flinch
|
|-heal|p1b: Volcarona|91/100|[from] Grassy Terrain
|upkeep
|turn|2
|
|t:|1756650117
|-terastallize|p1a: Baxcalibur|Fire
|move|p1b: Volcarona|Protect|p1b: Volcarona
|-singleturn|p1b: Volcarona|Protect
|move|p2a: Sneasler|Close Combat|p1a: Baxcalibur
|-damage|p1a: Baxcalibur|41/100
|-unboost|p2a: Sneasler|def|1
|-unboost|p2a: Sneasler|spd|1
|move|p1a: Baxcalibur|High Horsepower|p2b: Rillaboom
|-supereffective|p2b: Rillaboom
|-damage|p2b: Rillaboom|22/100
|move|p2b: Rillaboom|High Horsepower|p1a: Baxcalibur
|-supereffective|p1a: Baxcalibur
|-damage|p1a: Baxcalibur|0 fnt
|faint|p1a: Baxcalibur
|
|-heal|p1b: Volcarona|97/100|[from] Grassy Terrain
|-heal|p2b: Rillaboom|28/100|[from] Grassy Terrain
|upkeep
|
|t:|1756650135
|switch|p1a: Talonflame|Talonflame, L50, M|100/100
|turn|3
|
|t:|1756650151
|switch|p2b: Farigiraf|Farigiraf, L50, M|100/100
|move|p1a: Talonflame|Dual Wingbeat||[still]
|cant|p2b: Farigiraf|ability: Armor Tail|Dual Wingbeat|[of] p1a: Talonflame
|move|p2a: Sneasler|Dire Claw|p1b: Volcarona
|-damage|p1b: Volcarona|44/100
|-status|p2a: Sneasler|brn|[from] ability: Flame Body|[of] p1b: Volcarona
|-enditem|p1b: Volcarona|Sitrus Berry|[eat]
|-heal|p1b: Volcarona|69/100|[from] item: Sitrus Berry
|move|p1b: Volcarona|Heat Wave|p2b: Farigiraf|[spread] p2b
|-miss|p1b: Volcarona|p2a: Sneasler
|-damage|p2b: Farigiraf|64/100
|
|-heal|p1b: Volcarona|75/100|[from] Grassy Terrain
|-heal|p2b: Farigiraf|70/100|[from] Grassy Terrain
|-damage|p2a: Sneasler|95/100 brn|[from] brn
|upkeep
|turn|4
|
|t:|1756650195
|switch|p2b: Rillaboom|Rillaboom, L50, F, tera:Fire|28/100
|move|p2a: Sneasler|Coaching|p2b: Rillaboom
|-boost|p2b: Rillaboom|atk|1
|-boost|p2b: Rillaboom|def|1
|move|p1a: Talonflame|Taunt|p2b: Rillaboom
|-start|p2b: Rillaboom|move: Taunt
|move|p1b: Volcarona|Giga Drain|p2a: Sneasler
|-resisted|p2a: Sneasler
|-damage|p2a: Sneasler|62/100 brn
|-heal|p1b: Volcarona|89/100|[from] drain|[of] p2a: Sneasler
|
|-heal|p2a: Sneasler|68/100 brn|[from] Grassy Terrain
|-heal|p1b: Volcarona|95/100|[from] Grassy Terrain
|-heal|p2b: Rillaboom|34/100|[from] Grassy Terrain
|-damage|p2a: Sneasler|62/100 brn|[from] brn
|upkeep
|turn|5
|
|t:|1756650233
|move|p1b: Volcarona|Protect|p1b: Volcarona
|-singleturn|p1b: Volcarona|Protect
|move|p2b: Rillaboom|Fake Out|p1b: Volcarona
|-activate|p1b: Volcarona|move: Protect
|move|p2a: Sneasler|Coaching|p2b: Rillaboom
|-boost|p2b: Rillaboom|atk|1
|-boost|p2b: Rillaboom|def|1
|move|p1a: Talonflame|Flare Blitz|p2a: Sneasler
|-damage|p2a: Sneasler|0 fnt
|faint|p2a: Sneasler
|-damage|p1a: Talonflame|80/100|[from] Recoil
|
|-heal|p1b: Volcarona|100/100|[from] Grassy Terrain
|-heal|p2b: Rillaboom|40/100|[from] Grassy Terrain
|-fieldend|move: Grassy Terrain
|upkeep
|
|t:|1756650239
|switch|p2a: Farigiraf|Farigiraf, L50, M|70/100
|turn|6
|
|t:|1756650266
|move|p1a: Talonflame|Tailwind|p1a: Talonflame
|-sidestart|p1: iceshard00|move: Tailwind
|move|p1b: Volcarona|Heat Wave|p2a: Farigiraf|[spread] p2b
|-miss|p1b: Volcarona|p2a: Farigiraf
|-resisted|p2b: Rillaboom
|-damage|p2b: Rillaboom|28/100
|move|p2b: Rillaboom|High Horsepower|p1b: Volcarona
|-damage|p1b: Volcarona|18/100
|move|p2a: Farigiraf|Trick Room|p2a: Farigiraf
|-fieldstart|move: Trick Room|[of] p2a: Farigiraf
|
|-end|p2b: Rillaboom|move: Taunt
|upkeep
|turn|7
|
|t:|1756650300
|move|p1b: Volcarona|Protect|p1b: Volcarona
|-singleturn|p1b: Volcarona|Protect
|move|p2a: Farigiraf|Hyper Voice|p1a: Talonflame|[spread] p1a
|-activate|p1b: Volcarona|move: Protect
|-damage|p1a: Talonflame|32/100
|-enditem|p2a: Farigiraf|Throat Spray
|-boost|p2a: Farigiraf|spa|1|[from] item: Throat Spray
|move|p2b: Rillaboom|Wood Hammer|p1a: Talonflame
|-resisted|p1a: Talonflame
|-damage|p1a: Talonflame|0 fnt
|faint|p1a: Talonflame
|-damage|p2b: Rillaboom|19/100|[from] Recoil
|
|upkeep
|
|t:|1756650314
|switch|p1a: Rillaboom|Rillaboom, L50, M|100/100
|-fieldstart|move: Grassy Terrain|[from] ability: Grassy Surge|[of] p1a: Rillaboom
|turn|8
|
|t:|1756650332
|move|p2a: Farigiraf|Hyper Voice|p1a: Rillaboom|[spread] p1a,p1b
|-damage|p1a: Rillaboom|69/100
|-damage|p1b: Volcarona|0 fnt
|faint|p1b: Volcarona
|move|p2b: Rillaboom|Wood Hammer|p1a: Rillaboom
|-resisted|p1a: Rillaboom
|-damage|p1a: Rillaboom|0 fnt
|faint|p1a: Rillaboom
|-damage|p2b: Rillaboom|0 fnt|[from] Recoil
|faint|p2b: Rillaboom
|
|win|jamirolol
|inactive|iceshard00 has 30 seconds to confirm battle start!
|inactive|jamirolol has 30 seconds to confirm battle start!
||iceshard00 is ready for game 3.
||jamirolol is ready for game 3.
|uhtml|next|Next: Game 3 of 3
|l|☆jamirolol
|player|p2|
