|j|ŌśåAlfaceb
|j|ŌśåSpinySpino
|html|AlfacebSpinySpino    
|uhtml|bestof|Game 1 of a best-of-3
|t:|1783025413
|gametype|doubles
|player|p1|Alfaceb|pokefan|1060
|player|p2|SpinySpino|pokemaniac|1000
|gen|9
|tier|[Gen 9 Champions] VGC 2026 Reg M-B (Bo3)
|rated|
|rule|Species Clause: Limit one of each Pok├®mon
|rule|Item Clause: Limit 1 of each item
|clearpoke
|poke|p1|Charizard, L50, F|
|poke|p1|Blastoise, L50, F|
|poke|p1|Venusaur, L50, M|
|poke|p1|Aerodactyl, L50, F, shiny|
|poke|p1|Kangaskhan, L50, F|
|poke|p1|Clefable, L50, F|
|poke|p2|Eelektross, L50, F, shiny|
|poke|p2|Charizard, L50, F|
|poke|p2|Sinistcha, L50|
|poke|p2|Garchomp, L50, F|
|poke|p2|Basculegion, L50, M|
|poke|p2|Whimsicott, L50, F|
|teampreview|4
|showteam|p1|Charizard||CharizarditeY|SolarPower|HeatWave,WeatherBall,Protect,SolarBeam|Modest||F|||50|]Blastoise||Blastoisinite|Torrent|ShellSmash,WaterSpout,AuraSphere,Protect|Modest||F|||50|]Venusaur||LifeOrb|Chlorophyll|SleepPowder,SludgeBomb,EnergyBall,Protect|Modest||M|||50|]Aerodactyl||FocusSash|Unnerve|DualWingbeat,RockSlide,Protect,Tailwind|Jolly||F|||50|]Kangaskhan||SilkScarf|Scrappy|FakeOut,LastResort|Adamant||F|||50|]Clefable||SitrusBerry|Unaware|Moonblast,FollowMe,HelpingHand,Protect|Bold||F|||50|
|showteam|p2|Eelektross||Eelektrossite|Levitate|GigaDrain,Protect,Electroweb,Flamethrower|Modest||F|||50|]Charizard||Charcoal|Blaze|Protect,Overheat,SolarBeam,HeatWave|Modest||F|||50|]Sinistcha||Leftovers|Hospitality|MatchaGotcha,ShadowBall,LifeDew,RagePowder|Timid|||||50|]Garchomp||LifeOrb|RoughSkin|Earthquake,DragonClaw,RockSlide,Protect|Adamant||F|||50|]Basculegion||ShellBell|Adaptability|WaveCrash,AquaJet,PhantomForce,LastRespects|Adamant||M|||50|]Whimsicott||FocusSash|Prankster|Encore,DazzlingGleam,SunnyDay,Tailwind|Timid||F|||50|
|
|t:|1783025449
|teamsize|p1|4
|teamsize|p2|4
|start
|switch|p1a: Aerodactyl|Aerodactyl, L50, F, shiny|100/100
|switch|p1b: Kangaskhan|Kangaskhan, L50, F|100/100
|switch|p2a: Eelektross|Eelektross, L50, F, shiny|100/100
|switch|p2b: Whimsicott|Whimsicott, L50, F|100/100
|-ability|p1a: Aerodactyl|Unnerve
|turn|1
|l|ŌśåAlfaceb
|player|p1|
|j|ŌśåAlfaceb
|player|p1|Alfaceb|pokefan|
|
|t:|1783025487
|move|p1b: Kangaskhan|Fake Out|p2b: Whimsicott
|-damage|p2b: Whimsicott|66/100
|cant|p2b: Whimsicott|flinch
|move|p1a: Aerodactyl|Dual Wingbeat|p2b: Whimsicott
|-supereffective|p2b: Whimsicott|1
|-damage|p2b: Whimsicott|8/100
|-supereffective|p2b: Whimsicott|1
|-damage|p2b: Whimsicott|0 fnt
|faint|p2b: Whimsicott
|-hitcount|p2: Whimsicott|2
|move|p2a: Eelektross|Electroweb|p1b: Kangaskhan|[spread] p1a,p1b
|-supereffective|p1a: Aerodactyl|1
|-crit|p1a: Aerodactyl
|-damage|p1a: Aerodactyl|18/100
|-damage|p1b: Kangaskhan|76/100
|-unboost|p1a: Aerodactyl|spe|1
|-unboost|p1b: Kangaskhan|spe|1
|
|upkeep
|
|t:|1783025516
|switch|p2b: Garchomp|Garchomp, L50, F|100/100
|turn|2
|j| mii_miim
|
|t:|1783025534
|detailschange|p2a: Eelektross|Eelektross-Mega, L50, F, shiny
|-mega|p2a: Eelektross|Eelektross|Eelektrossite
|move|p2b: Garchomp|Rock Slide|p1b: Kangaskhan|[spread] p1b
|-miss|p2b: Garchomp|p1a: Aerodactyl
|-damage|p1b: Kangaskhan|45/100
|-damage|p2b: Garchomp|90/100|[from] item: Life Orb
|move|p1a: Aerodactyl|Tailwind|p1a: Aerodactyl
|-sidestart|p1: Alfaceb|move: Tailwind
|cant|p1b: Kangaskhan|flinch
|move|p2a: Eelektross|Flamethrower|p1b: Kangaskhan
|-damage|p1b: Kangaskhan|3/100
|
|upkeep
|turn|3
|l|ŌśåAlfaceb
|player|p1|
|j|ŌśåAlfaceb
|player|p1|Alfaceb|pokefan|
|
|t:|1783025569
|move|p1a: Aerodactyl|Protect|p1a: Aerodactyl
|-singleturn|p1a: Aerodactyl|Protect
|move|p1b: Kangaskhan|Last Resort|p2a: Eelektross
|-damage|p2a: Eelektross|0 fnt
|faint|p2a: Eelektross
|move|p2b: Garchomp|Rock Slide|p1b: Kangaskhan|[spread] 
|-activate|p1a: Aerodactyl|move: Protect
|-miss|p2b: Garchomp|p1b: Kangaskhan
|
|upkeep
|
|t:|1783025583
|switch|p2a: Sinistcha|Sinistcha, L50|100/100
|-heal|p2b: Garchomp|100/100|[from] ability: Hospitality|[of] p2a: Sinistcha
|turn|4
|
|t:|1783025600
|move|p1a: Aerodactyl|Rock Slide|p2b: Garchomp|[spread] p2a
|-miss|p1a: Aerodactyl|p2b: Garchomp
|-crit|p2a: Sinistcha
|-damage|p2a: Sinistcha|54/100
|move|p1b: Kangaskhan|Last Resort|p2a: Sinistcha
|-damage|p2a: Sinistcha|0 fnt
|faint|p2a: Sinistcha
|move|p2b: Garchomp|Rock Slide|p1a: Aerodactyl|[spread] p1b
|-miss|p2b: Garchomp|p1a: Aerodactyl
|-damage|p1b: Kangaskhan|0 fnt
|faint|p1b: Kangaskhan
|-damage|p2b: Garchomp|90/100|[from] item: Life Orb
|
|upkeep
|l|ŌśåAlfaceb
|player|p1|
|j|ŌśåAlfaceb
|player|p1|Alfaceb|pokefan|
|
|t:|1783025626
|switch|p1b: Clefable|Clefable, L50, F|100/100
|turn|5
|
|t:|1783025635
|move|p1a: Aerodactyl|Rock Slide|p2b: Garchomp
|-resisted|p2b: Garchomp|1
|-damage|p2b: Garchomp|71/100
|move|p1b: Clefable|Moonblast|p2b: Garchomp
|-supereffective|p2b: Garchomp|1
|-damage|p2b: Garchomp|5/100
|move|p2b: Garchomp|Rock Slide|p1a: Aerodactyl|[spread] p1a,p1b
|-supereffective|p1a: Aerodactyl|1
|-damage|p1a: Aerodactyl|0 fnt
|-damage|p1b: Clefable|73/100
|faint|p1a: Aerodactyl
|-damage|p2b: Garchomp|0 fnt|[from] item: Life Orb
|faint|p2b: Garchomp
|
|win|Alfaceb
|inactive|Alfaceb has 30 seconds to confirm battle start!
|inactive|SpinySpino has 30 seconds to confirm battle start!
||SpinySpino is ready for game 2.
|inactive|Alfaceb has 20 seconds to confirm battle start!
||Alfaceb is ready for game 2.
|uhtml|next|Next: Game 2 of 3
|l| mii_miim
|l|ŌśåSpinySpino
|player|p2|
|l|ŌśåAlfaceb
|player|p1|
|j|ŌśåAlfaceb
|player|p1|Alfaceb|pokefan|
