|j|☆foxito24z
|j|☆florb morb
|html|foxito24zflorb morb    
|uhtml|bestof|Game 2 of a best-of-3
|t:|1784453723
|gametype|doubles
|player|p1|foxito24z|cynthia|1000
|player|p2|florb morb|benga|1105
|gen|9
|tier|[Gen 9 Champions] VGC 2026 Reg M-B (Bo3)
|rated|
|rule|Species Clause: Limit one of each Pokémon
|rule|Item Clause: Limit 1 of each item
|clearpoke
|poke|p1|Whimsicott, L50, F|
|poke|p1|Basculegion, L50, M|
|poke|p1|Garchomp, L50, M|
|poke|p1|Sneasler, L50, F|
|poke|p1|Gholdengo, L50|
|poke|p1|Charizard, L50, M|
|poke|p2|Charizard, L50, F|
|poke|p2|Milotic, L50, F|
|poke|p2|Sinistcha, L50|
|poke|p2|Floette-Eternal, L50, F|
|poke|p2|Sneasler, L50, F|
|poke|p2|Incineroar, L50, F|
|teampreview|4
|showteam|p1|Whimsicott||FocusSash|Prankster|Protect,Encore,Tailwind,Moonblast|Modest||F|||50|]Basculegion||MysticWater|Adaptability|Protect,AquaJet,WaveCrash,LastRespects|Adamant||M|||50|]Garchomp||LifeOrb|RoughSkin|Protect,Earthquake,DragonClaw,RockSlide|Adamant||M|||50|]Sneasler||WhiteHerb|PoisonTouch|Protect,FakeOut,CloseCombat,DireClaw|Jolly||F|||50|]Gholdengo||MetalCoat|GoodasGold|Protect,MakeItRain,ShadowBall,NastyPlot|Timid|||||50|]Charizard||CharizarditeY|Blaze|Protect,HeatWave,WeatherBall,SolarBeam|Timid||M|||50|
|showteam|p2|Charizard||CharizarditeX|Blaze|DragonDance,FlareBlitz,BreakingSwipe,Protect|Adamant||F|||50|]Milotic||ZoomLens|Competitive|Coil,Hypnosis,Scald,IcyWind|Modest||F|||50|]Sinistcha||SitrusBerry|Hospitality|MatchaGotcha,RagePowder,LifeDew,Protect|Bold|||||50|]Floette-Eternal||Floettite|FlowerVeil|DazzlingGleam,Moonblast,CalmMind,Protect|Modest||F|||50|]Sneasler||FocusSash|Unburden|FakeOut,DireClaw,CloseCombat,Coaching|Jolly||F|||50|]Incineroar||ShucaBerry|Intimidate|FakeOut,DarkestLariat,FlareBlitz,PartingShot|Careful||F|||50|
|
|t:|1784453770
|teamsize|p1|4
|teamsize|p2|4
|start
|switch|p1a: Sneasler|Sneasler, L50, F|100/100
|switch|p1b: Gholdengo|Gholdengo, L50|100/100
|switch|p2a: Charizard|Charizard, L50, F|100/100
|switch|p2b: Sneasler|Sneasler, L50, F|100/100
|turn|1
|
|t:|1784453792
|detailschange|p2a: Charizard|Charizard-Mega-X, L50, F
|-mega|p2a: Charizard|Charizard|Charizardite X
|move|p2b: Sneasler|Fake Out|p1a: Sneasler
|-damage|p1a: Sneasler|77/100
|cant|p1a: Sneasler|flinch
|move|p2a: Charizard|Dragon Dance|p2a: Charizard
|-boost|p2a: Charizard|atk|1
|-boost|p2a: Charizard|spe|1
|move|p1b: Gholdengo|Shadow Ball|p2a: Charizard
|-damage|p2a: Charizard|43/100
|
|upkeep
|turn|2
|
|t:|1784453821
|move|p2a: Charizard|Flare Blitz|p1b: Gholdengo
|-supereffective|p1b: Gholdengo|1
|-damage|p1b: Gholdengo|0 fnt
|faint|p1b: Gholdengo
|-damage|p2a: Charizard|8/100|[from] Recoil
|move|p1a: Sneasler|Dire Claw|p2a: Charizard
|-damage|p2a: Charizard|0 fnt
|faint|p2a: Charizard
|move|p2b: Sneasler|Coaching|p2: Charizard|[notarget]
|-fail|p2b: Sneasler
|
|upkeep
|
|t:|1784453836
|switch|p2a: Sinistcha|Sinistcha, L50|100/100
|switch|p1b: Garchomp|Garchomp, L50, M|100/100
|turn|3
|
|t:|1784453847
|switch|p2b: Incineroar|Incineroar, L50, F|100/100
|-ability|p2b: Incineroar|Intimidate|boost
|-unboost|p1a: Sneasler|atk|1
|-unboost|p1b: Garchomp|atk|1
|-enditem|p1a: Sneasler|White Herb
|-clearnegativeboost|p1a: Sneasler|[silent]
|move|p1a: Sneasler|Protect|p1a: Sneasler
|-singleturn|p1a: Sneasler|Protect
|move|p1b: Garchomp|Earthquake|p2b: Incineroar|[spread] p2a,p2b
|-activate|p1a: Sneasler|move: Protect
|-resisted|p2a: Sinistcha|1
|-supereffective|p2b: Incineroar|1
|-enditem|p2b: Incineroar|Shuca Berry|[eat]
|-enditem|p2b: Incineroar|Shuca Berry|[weaken]
|-damage|p2a: Sinistcha|87/100
|-damage|p2b: Incineroar|71/100
|-damage|p1b: Garchomp|90/100|[from] item: Life Orb
|move|p2a: Sinistcha|Matcha Gotcha|p1b: Garchomp|[spread] p1b
|-activate|p1a: Sneasler|move: Protect
|-damage|p1b: Garchomp|62/100
|-heal|p2a: Sinistcha|100/100|[from] drain|[of] p1b: Garchomp
|
|upkeep
|turn|4
|
|t:|1784453884
|switch|p2b: Sneasler|Sneasler, L50, F|100/100
|move|p1a: Sneasler|Close Combat|p2b: Sneasler
|-resisted|p2b: Sneasler|1
|-damage|p2b: Sneasler|50/100g
|-unboost|p1a: Sneasler|def|1
|-unboost|p1a: Sneasler|spd|1
|move|p1b: Garchomp|Dragon Claw|p2a: Sinistcha
|-damage|p2a: Sinistcha|73/100
|-damage|p1b: Garchomp|52/100|[from] item: Life Orb
|move|p2a: Sinistcha|Matcha Gotcha|p1a: Sneasler|[spread] p1a,p1b
|-resisted|p1a: Sneasler|1
|-damage|p1a: Sneasler|52/100
|-heal|p2a: Sinistcha|84/100|[from] drain|[of] p1a: Sneasler
|-damage|p1b: Garchomp|25/100
|-heal|p2a: Sinistcha|98/100|[from] drain|[of] p1b: Garchomp
|
|upkeep
|turn|5
|
|t:|1784453908
|move|p1a: Sneasler|Protect|p1a: Sneasler
|-singleturn|p1a: Sneasler|Protect
|move|p2b: Sneasler|Close Combat|p1b: Garchomp
|-damage|p1b: Garchomp|0 fnt
|-unboost|p2b: Sneasler|def|1
|-unboost|p2b: Sneasler|spd|1
|-damage|p2b: Sneasler|38/100|[from] ability: Rough Skin|[of] p1b: Garchomp
|faint|p1b: Garchomp
|move|p2a: Sinistcha|Matcha Gotcha|p1a: Sneasler
|-activate|p1a: Sneasler|move: Protect
|
|upkeep
|
|t:|1784453920
|switch|p1b: Charizard|Charizard, L50, M|100/100
|turn|6
|
|t:|1784453944
|switch|p2a: Incineroar|Incineroar, L50, F|71/100
|-ability|p2a: Incineroar|Intimidate|boost
|-unboost|p1a: Sneasler|atk|1
|-unboost|p1b: Charizard|atk|1
|detailschange|p1b: Charizard|Charizard-Mega-Y, L50, M
|-mega|p1b: Charizard|Charizard|Charizardite Y
|-weather|SunnyDay|[from] ability: Drought|[of] p1b: Charizard
|move|p1a: Sneasler|Dire Claw|p2b: Sneasler
|-resisted|p2b: Sneasler|1
|-damage|p2b: Sneasler|2/100
|move|p2b: Sneasler|Close Combat|p1b: Charizard
|-resisted|p1b: Charizard|1
|-damage|p1b: Charizard|52/100
|-unboost|p2b: Sneasler|def|1
|-unboost|p2b: Sneasler|spd|1
|move|p1b: Charizard|Weather Ball|p2a: Incineroar
|-resisted|p2a: Incineroar|1
|-damage|p2a: Incineroar|34/100
|
|-weather|SunnyDay|[upkeep]
|upkeep
|turn|7
|
|t:|1784453968
|move|p2a: Incineroar|Fake Out|p1a: Sneasler
|-damage|p1a: Sneasler|28/100
|cant|p1a: Sneasler|flinch
|move|p2b: Sneasler|Dire Claw|p1b: Charizard
|-damage|p1b: Charizard|0 fnt
|faint|p1b: Charizard
|
|-weather|SunnyDay|[upkeep]
|upkeep
|turn|8
|c|☆foxito24z|gg
|-message|foxito24z forfeited.
|raw|foxito24z's rating: 1000 → 1000(+0 for losing)
|raw|florb morb's rating: 1105 → 1123(+18 for winning)
|
|win|florb morb
|l|☆foxito24z
|player|p1|
|c|☆florb morb|Gg
|l|☆florb morb
|player|p2|
|j|☆florb morb
|player|p2|florb morb|benga|
|l|☆florb morb
|player|p2|
|j|☆florb morb
|player|p2|florb morb|benga|
