|j|☆othunder21
|j|☆Pietplezier7
|html|othunder21Pietplezier7    
|uhtml|bestof|Game 1 of a best-of-3
|t:|1784746143
|gametype|doubles
|player|p1|othunder21|nate|
|player|p2|Pietplezier7|265|
|gen|9
|tier|[Gen 9 Champions] VGC 2026 Reg M-B (Bo3)
|rule|Species Clause: Limit one of each Pokémon
|rule|Item Clause: Limit 1 of each item
|clearpoke
|poke|p1|Charizard, L50, M|
|poke|p1|Sylveon, L50, M|
|poke|p1|Farigiraf, L50, F|
|poke|p1|Aerodactyl, L50, F|
|poke|p1|Kingambit, L50, F|
|poke|p1|Garchomp, L50, F|
|poke|p2|Aerodactyl, L50, M|
|poke|p2|Charizard, L50, M|
|poke|p2|Incineroar, L50, M|
|poke|p2|Kingambit, L50, F|
|poke|p2|Sylveon, L50, M|
|poke|p2|Garchomp, L50, M|
|teampreview|4
|showteam|p1|Charizard||CharizarditeY|SolarPower|Protect,WeatherBall,SolarBeam,HeatWave|Modest||M|||50|]Sylveon||FairyFeather|Pixilate|Detect,HyperVoice,QuickAttack,HyperBeam|Modest||M|||50|]Farigiraf||SitrusBerry|ArmorTail|Thunderbolt,TwinBeam,Roar,TrickRoom|Bold||F|||50|]Aerodactyl||Aerodactylite|Unnerve|RockSlide,DualWingbeat,IceFang,Tailwind|Jolly||F|||50|]Kingambit||FocusSash|Defiant|KowtowCleave,SuckerPunch,IronHead,LowKick|Adamant||F|||50|]Garchomp||LifeOrb|RoughSkin|Earthquake,StompingTantrum,DragonClaw,Protect|Jolly||F|||50|
|showteam|p2|Aerodactyl||Aerodactylite|Unnerve|RockSlide,DualWingbeat,WideGuard,Tailwind|Jolly||M|||50|]Charizard||CharizarditeY|Blaze|HeatWave,WeatherBall,SolarBeam,Protect|Modest||M|||50|]Incineroar||SitrusBerry|Intimidate|FlareBlitz,DarkestLariat,FakeOut,PartingShot|Impish||M|||50|]Kingambit||FocusSash|Defiant|KowtowCleave,IronHead,SuckerPunch,LowKick|Adamant||F|||50|]Sylveon||FairyFeather|Pixilate|HyperVoice,HyperBeam,QuickAttack,Detect|Modest||M|||50|]Garchomp||LifeOrb|RoughSkin|Earthquake,DragonClaw,RockSlide,Protect|Jolly||M|||50|
|inactive|Battle timer is ON: inactive players will automatically lose when time's up. (requested by Pietplezier7)
|inactive|othunder21 also wants the timer to be on.
|c|☆Pietplezier7|glhf!
|c|☆othunder21|glhf u2
|inactive|Pietplezier7 has 60 seconds left.
|inactive|Pietplezier7 has 30 seconds left.
|inactive|Pietplezier7 has 20 seconds left.
|inactive|Pietplezier7 has 15 seconds left.
|inactive|Pietplezier7 has 10 seconds left.
|inactive|Pietplezier7 has 5 seconds left.
|
|t:|1784746231
|teamsize|p1|4
|teamsize|p2|4
|start
|switch|p1a: Aerodactyl|Aerodactyl, L50, F|100/100
|switch|p1b: Kingambit|Kingambit, L50, F|100/100
|switch|p2a: Aerodactyl|Aerodactyl, L50, M|100/100
|switch|p2b: Sylveon|Sylveon, L50, M|100/100
|-ability|p2a: Aerodactyl|Unnerve
|-ability|p1a: Aerodactyl|Unnerve
|turn|1
|inactive|Pietplezier7 has 30 seconds left.
|inactive|Pietplezier7 has 20 seconds left.
|inactive|Pietplezier7 has 15 seconds left.
|
|t:|1784746271
|detailschange|p1a: Aerodactyl|Aerodactyl-Mega, L50, F
|-mega|p1a: Aerodactyl|Aerodactyl|Aerodactylite
|detailschange|p2a: Aerodactyl|Aerodactyl-Mega, L50, M
|-mega|p2a: Aerodactyl|Aerodactyl|Aerodactylite
|move|p2b: Sylveon|Detect|p2b: Sylveon
|-singleturn|p2b: Sylveon|Protect
|move|p1a: Aerodactyl|Tailwind|p1a: Aerodactyl
|-sidestart|p1: othunder21|move: Tailwind
|move|p2a: Aerodactyl|Tailwind|p2a: Aerodactyl
|-sidestart|p2: Pietplezier7|move: Tailwind
|move|p1b: Kingambit|Iron Head|p2b: Sylveon
|-activate|p2b: Sylveon|move: Protect
|
|upkeep
|turn|2
|inactive|Pietplezier7 has 30 seconds left.
|
|t:|1784746300
|move|p1a: Aerodactyl|Rock Slide|p2b: Sylveon|[spread] p2b
|-miss|p1a: Aerodactyl|p2a: Aerodactyl
|-damage|p2b: Sylveon|67/100
|move|p2a: Aerodactyl|Rock Slide|p1a: Aerodactyl|[spread] p1a,p1b
|-supereffective|p1a: Aerodactyl|1
|-resisted|p1b: Kingambit|1
|-damage|p1a: Aerodactyl|34/100
|-damage|p1b: Kingambit|89/100
|cant|p1b: Kingambit|flinch
|cant|p2b: Sylveon|flinch
|
|upkeep
|turn|3
|inactive|Pietplezier7 has 30 seconds left.
|inactive|Pietplezier7 has 20 seconds left.
|
|t:|1784746336
|switch|p2b: Garchomp|Garchomp, L50, M|100/100
|move|p1a: Aerodactyl|Rock Slide|p2a: Aerodactyl|[spread] p2b
|-miss|p1a: Aerodactyl|p2a: Aerodactyl
|-resisted|p2b: Garchomp|1
|-damage|p2b: Garchomp|86/100
|move|p2a: Aerodactyl|Rock Slide|p1a: Aerodactyl|[spread] p1b
|-miss|p2a: Aerodactyl|p1a: Aerodactyl
|-resisted|p1b: Kingambit|1
|-damage|p1b: Kingambit|77/100
|move|p1b: Kingambit|Iron Head|p2b: Garchomp
|-damage|p2b: Garchomp|44/100
|-damage|p1b: Kingambit|64/100|[from] ability: Rough Skin|[of] p2b: Garchomp
|
|upkeep
|turn|4
|inactive|Pietplezier7 has 30 seconds left.
|
|t:|1784746363
|move|p2b: Garchomp|Protect|p2b: Garchomp
|-singleturn|p2b: Garchomp|Protect
|move|p2a: Aerodactyl|Rock Slide|p1b: Kingambit|[spread] p1a
|-miss|p2a: Aerodactyl|p1b: Kingambit
|-supereffective|p1a: Aerodactyl|1
|-damage|p1a: Aerodactyl|0 fnt
|faint|p1a: Aerodactyl
|move|p1b: Kingambit|Iron Head|p2a: Aerodactyl
|-supereffective|p2a: Aerodactyl|1
|-damage|p2a: Aerodactyl|0 fnt
|faint|p2a: Aerodactyl
|
|-sideend|p2: Pietplezier7|move: Tailwind
|-sideend|p1: othunder21|move: Tailwind
|upkeep
|
|t:|1784746378
|switch|p2a: Sylveon|Sylveon, L50, M|67/100
|switch|p1a: Garchomp|Garchomp, L50, F|100/100
|turn|5
|
|t:|1784746398
|move|p2a: Sylveon|Detect|p2a: Sylveon
|-singleturn|p2a: Sylveon|Protect
|move|p1a: Garchomp|Dragon Claw|p2b: Garchomp
|-supereffective|p2b: Garchomp|1
|-damage|p2b: Garchomp|0 fnt
|-damage|p1a: Garchomp|87/100|[from] ability: Rough Skin|[of] p2b: Garchomp
|faint|p2b: Garchomp
|-damage|p1a: Garchomp|77/100|[from] item: Life Orb
|move|p1b: Kingambit|Iron Head|p2a: Sylveon
|-activate|p2a: Sylveon|move: Protect
|
|upkeep
|
|t:|1784746405
|switch|p2b: Kingambit|Kingambit, L50, F|100/100
|turn|6
|
|t:|1784746419
|move|p1b: Kingambit|Sucker Punch|p2b: Kingambit
|-resisted|p2b: Kingambit|1
|-damage|p2b: Kingambit|84/100
|move|p1a: Garchomp|Stomping Tantrum|p2b: Kingambit
|-supereffective|p2b: Kingambit|1
|-damage|p2b: Kingambit|1/100
|-damage|p1a: Garchomp|68/100|[from] item: Life Orb
|move|p2a: Sylveon|Hyper Voice|p1b: Kingambit|[spread] p1a,p1b
|-supereffective|p1a: Garchomp|1
|-damage|p1a: Garchomp|0 fnt
|-damage|p1b: Kingambit|6/100
|faint|p1a: Garchomp
|move|p2b: Kingambit|Low Kick|p1b: Kingambit
|-supereffective|p1b: Kingambit|2
|-damage|p1b: Kingambit|0 fnt
|faint|p1b: Kingambit
|
|upkeep
|
|t:|1784746429
|switch|p1b: Sylveon|Sylveon, L50, M|100/100
|turn|7
|
|t:|1784746451
|move|p1b: Sylveon|Quick Attack|p2b: Kingambit
|-damage|p2b: Kingambit|0 fnt
|faint|p2b: Kingambit
|move|p2a: Sylveon|Hyper Voice|p1b: Sylveon
|-damage|p1b: Sylveon|47/100
|
|upkeep
|turn|8
|
|t:|1784746463
|move|p2a: Sylveon|Hyper Voice|p1b: Sylveon
|-damage|p1b: Sylveon|0 fnt
|faint|p1b: Sylveon
|
|win|Pietplezier7
||othunder21 is ready for game 2.
||Pietplezier7 is ready for game 2.
|uhtml|next|Next: Game 2 of 3
|l|☆othunder21
|player|p1|
