|j|☆Chelo.vgc
|j|☆robby w
|html|Chelo.vgcrobby w    
|uhtml|bestof|Game 1 of a best-of-3
|t:|1756819797
|gametype|doubles
|player|p1|Chelo.vgc|benga|1078
|player|p2|robby w|pokefan-gen4|1117
|gen|9
|tier|[Gen 9] VGC 2025 Reg H (Bo3)
|rated|
|rule|Species Clause: Limit one of each Pokémon
|rule|Item Clause: Limit 1 of each item
|clearpoke
|poke|p1|Incineroar, L50, F|
|poke|p1|Indeedee-F, L50, F|
|poke|p1|Armarouge, L50, M|
|poke|p1|Ursaluna, L50, F|
|poke|p1|Torkoal, L50, M|
|poke|p1|Lilligant-Hisui, L50, F|
|poke|p2|Dondozo, L50, M|
|poke|p2|Tatsugiri, L50, M|
|poke|p2|Sneasler, L50, F|
|poke|p2|Whimsicott, L50, F|
|poke|p2|Indeedee, L50, M|
|poke|p2|Hydreigon, L50, F|
|teampreview|4
|showteam|p1|Incineroar||RockyHelmet|Intimidate|SunnyDay,PartingShot,KnockOff,FakeOut|||F|||50|,,,,,Bug]Indeedee-F||SafetyGoggles|PsychicSurge|Psychic,HelpingHand,TrickRoom,FollowMe|||F|||50|,,,,,Fairy]Armarouge||LifeOrb|FlashFire|TrickRoom,ArmorCannon,ExpandingForce,Protect|||M|||50|,,,,,Grass]Ursaluna||FlameOrb|Guts|Protect,HeadlongRush,Earthquake,Facade|||F|||50|,,,,,Ghost]Torkoal||EjectButton|Drought|Eruption,Protect,EarthPower,HeatWave|||M|||50|,,,,,Fire]Lilligant-Hisui||FocusSash|Chlorophyll|Encore,LeafBlade,CloseCombat,AfterYou|||F|||50|,,,,,Ghost
|showteam|p2|Dondozo||Leftovers|Unaware|Protect,WaveCrash,Earthquake,OrderUp|||M|||50|,,,,,Grass]Tatsugiri||ChoiceScarf|Commander|DragonPulse,IcyWind,DracoMeteor,MuddyWater|||M|||50|,,,,,Stellar]Sneasler||PsychicSeed|Unburden|DireClaw,CloseCombat,Protect,ThroatChop|||F|||50|,,,,,Dark]Whimsicott||CovertCloak|Prankster|Tailwind,Moonblast,Taunt,HelpingHand|||F|||50|,,,,,Dark]Indeedee||FocusSash|PsychicSurge|ExpandingForce,TrickRoom,DazzlingGleam,Protect|||M|||50|,,,,,Fairy]Hydreigon||LifeOrb|Levitate|DracoMeteor,Snarl,HeatWave,Protect|||F|||50|,,,,,Steel
|
|t:|1756819826
|teamsize|p1|4
|teamsize|p2|4
|start
|switch|p1a: moggerman|Armarouge, L50, M, shiny|100/100
|switch|p1b: turcool|Torkoal, L50, M|100/100
|switch|p2a: Whimsicott|Whimsicott, L50, F|100/100
|switch|p2b: Sneasler|Sneasler, L50, F|100/100
|-weather|SunnyDay|[from] ability: Drought|[of] p1b: turcool
|turn|1
|
|t:|1756819866
|move|p2a: Whimsicott|Taunt|p1a: moggerman
|-start|p1a: moggerman|move: Taunt
|move|p2b: Sneasler|Close Combat|p1b: turcool
|-damage|p1b: turcool|45/100
|-unboost|p2b: Sneasler|def|1
|-unboost|p2b: Sneasler|spd|1
|-enditem|p1b: turcool|Eject Button
|inactive|Battle timer is ON: inactive players will automatically lose when time's up. (requested by robby w)
|
|t:|1756819888
|switch|p1b: go to sleep|Lilligant-Hisui, L50, F, shiny|100/100
|move|p1a: moggerman|Expanding Force|p2b: Sneasler
|-supereffective|p2b: Sneasler
|-damage|p2b: Sneasler|0 fnt
|faint|p2b: Sneasler
|-damage|p1a: moggerman|91/100|[from] item: Life Orb
|
|-weather|SunnyDay|[upkeep]
|upkeep
|
|t:|1756819899
|switch|p2b: Dondozo|Dondozo, L50, M, shiny|100/100
|turn|2
|inactive|Chelo.vgc has 30 seconds left.
|inactive|robby w has 30 seconds left.
|inactive|Chelo.vgc has 20 seconds left.
|inactive|Chelo.vgc has 15 seconds left.
|
|t:|1756819940
|move|p2b: Dondozo|Protect|p2b: Dondozo
|-singleturn|p2b: Dondozo|Protect
|move|p1b: go to sleep|Leaf Blade|p2b: Dondozo
|-activate|p2b: Dondozo|move: Protect
|move|p2a: Whimsicott|Moonblast|p1b: go to sleep
|-supereffective|p1b: go to sleep
|-enditem|p1b: go to sleep|Focus Sash
|-damage|p1b: go to sleep|1/100
|move|p1a: moggerman|Armor Cannon|p2b: Dondozo
|-activate|p2b: Dondozo|move: Protect
|
|-weather|SunnyDay|[upkeep]
|upkeep
|turn|3
|inactive|robby w has 30 seconds left.
|inactive|Chelo.vgc has 30 seconds left.
|inactive|robby w has 20 seconds left.
|
|t:|1756819977
|switch|p1b: paddington|Ursaluna, L50, F, shiny|100/100
|-terastallize|p2b: Dondozo|Grass
|move|p2a: Whimsicott|Tailwind|p2a: Whimsicott
|-sidestart|p2: robby w|move: Tailwind
|move|p2b: Dondozo|Earthquake|p1b: paddington|[spread] p2a,p1a,p1b
|-resisted|p2a: Whimsicott
|-supereffective|p1a: moggerman
|-damage|p2a: Whimsicott|84/100
|-damage|p1a: moggerman|50/100
|-damage|p1b: paddington|83/100
|move|p1a: moggerman|Armor Cannon|p2b: Dondozo
|-supereffective|p2b: Dondozo
|-damage|p2b: Dondozo|0 fnt
|-unboost|p1a: moggerman|def|1
|-unboost|p1a: moggerman|spd|1
|faint|p2b: Dondozo
|-damage|p1a: moggerman|40/100|[from] item: Life Orb
|
|-weather|SunnyDay|[upkeep]
|-end|p1a: moggerman|move: Taunt
|-status|p1b: paddington|brn|[from] item: Flame Orb
|upkeep
|
|t:|1756819998
|switch|p2b: Tatsugiri|Tatsugiri, L50, M|100/100
|turn|4
|inactive|robby w has 30 seconds left.
|inactive|robby w has 20 seconds left.
|
|t:|1756820037
|move|p2a: Whimsicott|Helping Hand|p2b: Tatsugiri
|-singleturn|p2b: Tatsugiri|Helping Hand|[of] p2a: Whimsicott
|move|p1b: paddington|Protect|p1b: paddington
|-singleturn|p1b: paddington|Protect
|move|p2b: Tatsugiri|Muddy Water|p1b: paddington|[spread] p1a
|-activate|p1b: paddington|move: Protect
|-supereffective|p1a: moggerman
|-damage|p1a: moggerman|0 fnt
|faint|p1a: moggerman
|
|-weather|SunnyDay|[upkeep]
|-damage|p1b: paddington|77/100 brn|[from] brn
|upkeep
|
|t:|1756820048
|switch|p1a: go to sleep|Lilligant-Hisui, L50, F, shiny|1/100
|turn|5
|inactive|Chelo.vgc has 30 seconds left.
|
|t:|1756820079
|move|p2b: Tatsugiri|Muddy Water|p1a: go to sleep|[spread] p1a,p1b
|-resisted|p1a: go to sleep
|-supereffective|p1b: paddington
|-damage|p1a: go to sleep|0 fnt
|-damage|p1b: paddington|48/100 brn
|faint|p1a: go to sleep
|move|p2a: Whimsicott|Moonblast|p1b: paddington
|-damage|p1b: paddington|15/100 brn
|move|p1b: paddington|Facade|p2b: Tatsugiri
|-damage|p2b: Tatsugiri|0 fnt
|faint|p2b: Tatsugiri
|
|-weather|none
|-damage|p1b: paddington|9/100 brn|[from] brn
|upkeep
|
|t:|1756820091
|switch|p1a: turcool|Torkoal, L50, M|45/100
|-weather|SunnyDay|[from] ability: Drought|[of] p1a: turcool
|turn|6
|
|t:|1756820104
|-terastallize|p1a: turcool|Fire
|move|p2a: Whimsicott|Moonblast|p1b: paddington
|-crit|p1b: paddington
|-damage|p1b: paddington|0 fnt
|faint|p1b: paddington
|move|p1a: turcool|Heat Wave|p2a: Whimsicott
|-supereffective|p2a: Whimsicott
|-crit|p2a: Whimsicott
|-damage|p2a: Whimsicott|0 fnt
|faint|p2a: Whimsicott
|
|win|Chelo.vgc
|inactive|Chelo.vgc has 30 seconds to confirm battle start!
|inactive|robby w has 30 seconds to confirm battle start!
||robby w is ready for game 2.
||Chelo.vgc is ready for game 2.
|uhtml|next|Next: Game 2 of 3
