|j|☆busterbunner
|j|☆Wundergrob
|html|busterbunnerWundergrob    
|uhtml|bestof|Game 2 of a best-of-3
|t:|1785950756
|gametype|doubles
|player|p1|busterbunner|clair|
|player|p2|Wundergrob|cynthia|
|gen|9
|tier|[Gen 9 Champions] VGC 2026 Reg M-B (Bo3)
|rule|Species Clause: Limit one of each Pokémon
|rule|Item Clause: Limit 1 of each item
|clearpoke
|poke|p1|Floette-Eternal, L50, F|
|poke|p1|Metagross, L50|
|poke|p1|Whimsicott, L50, F|
|poke|p1|Garchomp, L50, F|
|poke|p1|Pelipper, L50, M|
|poke|p1|Kingambit, L50, M|
|poke|p2|Blaziken, L50, F|
|poke|p2|Gholdengo, L50|
|poke|p2|Rotom-Wash, L50|
|poke|p2|Whimsicott, L50, M|
|poke|p2|Kangaskhan, L50, F|
|poke|p2|Sylveon, L50, F|
|teampreview|4
|showteam|p1|Floette-Eternal||Floettite|FlowerVeil|Moonblast,DazzlingGleam,CalmMind,Protect|Timid||F|||50|]Metagross||Metagrossite|ClearBody|IronHead,PsychicFangs,StompingTantrum,Protect|Jolly|||||50|]Whimsicott||FocusSash|Prankster|Moonblast,Tailwind,Encore,Protect|Timid||F|||50|]Garchomp||LifeOrb|RoughSkin|DragonClaw,RockSlide,Earthquake,Protect|Jolly||F|||50|]Pelipper||SitrusBerry|Drizzle|MuddyWater,Hurricane,WideGuard,Protect|Timid||M|||50|]Kingambit||BlackGlasses|Defiant|KowtowCleave,SuckerPunch,IronHead,Protect|Adamant||M|||50|
|showteam|p2|Blaziken||Blazikenite|SpeedBoost|CloseCombat,FlareBlitz,Protect,RockTomb|Adamant||F|||50|]Gholdengo||LifeOrb|GoodasGold|MakeItRain,ShadowBall,Protect,PowerGem|Timid|||||50|]Rotom-Wash||SitrusBerry|Levitate|Thunderbolt,HydroPump,VoltSwitch,WillOWisp|Modest|||||50|]Whimsicott||FocusSash|Prankster|Tailwind,Encore,Moonblast,GrassKnot|Timid||M|||50|]Kangaskhan||Kangaskhanite|Scrappy|FakeOut,DoubleEdge,BrickBreak,SuckerPunch|Adamant||F|||50|]Sylveon||FairyFeather|Pixilate|HyperVoice,QuickAttack,HyperBeam,Detect|Modest||F|||50|
|inactive|Battle timer is ON: inactive players will automatically lose when time's up. (requested by busterbunner)
|inactive|busterbunner has 60 seconds left.
|inactive|Wundergrob has 60 seconds left.
|
|t:|1785950810
|teamsize|p1|4
|teamsize|p2|4
|start
|switch|p1a: Metagross|Metagross, L50|100/100
|switch|p1b: Garchomp|Garchomp, L50, F|100/100
|switch|p2a: Kangaskhan|Kangaskhan, L50, F|100/100
|switch|p2b: Rotom|Rotom-Wash, L50|100/100
|turn|1
|inactive|Wundergrob has 30 seconds left.
|
|t:|1785950838
|detailschange|p1a: Metagross|Metagross-Mega, L50
|-mega|p1a: Metagross|Metagross|Metagrossite
|move|p1a: Metagross|Protect|p1a: Metagross
|-singleturn|p1a: Metagross|Protect
|move|p1b: Garchomp|Protect|p1b: Garchomp
|-singleturn|p1b: Garchomp|Protect
|move|p2a: Kangaskhan|Double-Edge|p1b: Garchomp
|-activate|p1b: Garchomp|move: Protect
|move|p2b: Rotom|Volt Switch|p1a: Metagross
|-activate|p1a: Metagross|move: Protect
|
|upkeep
|turn|2
|inactive|Wundergrob has 30 seconds left.
|
|t:|1785950865
|move|p2a: Kangaskhan|Sucker Punch|p1a: Metagross
|-supereffective|p1a: Metagross|1
|-damage|p1a: Metagross|65/100
|move|p1a: Metagross|Psychic Fangs|p2b: Rotom
|-damage|p2b: Rotom|32/100
|-enditem|p2b: Rotom|Sitrus Berry|[eat]
|-heal|p2b: Rotom|57/100|[from] item: Sitrus Berry
|move|p1b: Garchomp|Dragon Claw|p2b: Rotom
|-damage|p2b: Rotom|1/100
|-damage|p1b: Garchomp|90/100|[from] item: Life Orb
|move|p2b: Rotom|Volt Switch|p1a: Metagross
|-damage|p1a: Metagross|29/100
|
|t:|1785950883
|switch|p2b: Whimsicott|Whimsicott, L50, M|100/100|[from] Volt Switch
|
|upkeep
|turn|3
|
|t:|1785950907
|move|p2b: Whimsicott|Tailwind|p2b: Whimsicott
|-sidestart|p2: Wundergrob|move: Tailwind
|move|p2a: Kangaskhan|Sucker Punch|p1a: Metagross
|-supereffective|p1a: Metagross|1
|-damage|p1a: Metagross|0 fnt
|faint|p1a: Metagross
|move|p1b: Garchomp|Dragon Claw|p2a: Kangaskhan
|-damage|p2a: Kangaskhan|46/100
|-damage|p1b: Garchomp|80/100|[from] item: Life Orb
|
|upkeep
|
|t:|1785950913
|switch|p1a: Whimsicott|Whimsicott, L50, F|100/100
|turn|4
|
|t:|1785950927
|switch|p2b: Blaziken|Blaziken, L50, F|100/100
|switch|p2a: Rotom|Rotom-Wash, L50|1/100
|move|p1a: Whimsicott|Encore||[still]
|-fail|p1a: Whimsicott
|move|p1b: Garchomp|Dragon Claw|p2a: Rotom
|-damage|p2a: Rotom|0 fnt
|faint|p2a: Rotom
|-damage|p1b: Garchomp|70/100|[from] item: Life Orb
|
|upkeep
|
|t:|1785950942
|switch|p2a: Whimsicott|Whimsicott, L50, M|100/100
|turn|5
|
|t:|1785950963
|move|p2b: Blaziken|Protect|p2b: Blaziken
|-singleturn|p2b: Blaziken|Protect
|move|p1a: Whimsicott|Tailwind|p1a: Whimsicott
|-sidestart|p1: busterbunner|move: Tailwind
|move|p2a: Whimsicott|Moonblast|p1b: Garchomp
|-supereffective|p1b: Garchomp|1
|-damage|p1b: Garchomp|0 fnt
|faint|p1b: Garchomp
|
|-ability|p2b: Blaziken|Speed Boost|boost
|-boost|p2b: Blaziken|spe|1
|upkeep
|
|t:|1785950968
|switch|p1b: Kingambit|Kingambit, L50, M|100/100
|turn|6
|
|t:|1785950983
|switch|p2b: Kangaskhan|Kangaskhan, L50, F|46/100
|move|p1a: Whimsicott|Encore||[still]
|-fail|p1a: Whimsicott
|move|p2a: Whimsicott|Moonblast|p1a: Whimsicott
|-damage|p1a: Whimsicott|46/100
|move|p1b: Kingambit|Iron Head|p2a: Whimsicott
|-supereffective|p2a: Whimsicott|1
|-enditem|p2a: Whimsicott|Focus Sash
|-damage|p2a: Whimsicott|1/100
|
|-sideend|p2: Wundergrob|move: Tailwind
|upkeep
|turn|7
|inactive|Wundergrob has 30 seconds left.
|inactive|Wundergrob has 20 seconds left.
|inactive|Wundergrob has 15 seconds left.
|inactive|Wundergrob has 10 seconds left.
|
|t:|1785951029
|move|p2b: Kangaskhan|Fake Out|p1b: Kingambit
|-resisted|p1b: Kingambit|1
|-damage|p1b: Kingambit|93/100
|move|p1a: Whimsicott|Encore|p2a: Whimsicott
|-start|p2a: Whimsicott|Encore
|move|p2a: Whimsicott|Moonblast|p1a: Whimsicott
|-damage|p1a: Whimsicott|0 fnt
|faint|p1a: Whimsicott
|cant|p1b: Kingambit|flinch
|
|upkeep
|turn|8
|
|t:|1785951048
|detailschange|p2b: Kangaskhan|Kangaskhan-Mega, L50, F
|-mega|p2b: Kangaskhan|Kangaskhan|Kangaskhanite
|move|p2a: Whimsicott|Moonblast|p1b: Kingambit
|-damage|p1b: Kingambit|61/100
|move|p1b: Kingambit|Kowtow Cleave|p2b: Kangaskhan
|-damage|p2b: Kangaskhan|0 fnt
|faint|p2b: Kangaskhan
|
|-sideend|p1: busterbunner|move: Tailwind
|upkeep
|
|t:|1785951056
|switch|p2b: Blaziken|Blaziken, L50, F|100/100
|turn|9
|
|t:|1785951070
|move|p2a: Whimsicott|Moonblast|p1b: Kingambit
|-damage|p1b: Kingambit|25/100
|move|p2b: Blaziken|Close Combat|p1b: Kingambit
|-supereffective|p1b: Kingambit|2
|-damage|p1b: Kingambit|0 fnt
|-unboost|p2b: Blaziken|def|1
|-unboost|p2b: Blaziken|spd|1
|faint|p1b: Kingambit
|
|win|Wundergrob
|l|☆busterbunner
|player|p1|
|c|☆Wundergrob|gg
