|j|ŌśåTetheredAvian74
|j|Ōśålillyrosethedemon
|html|TetheredAvian74lillyrosethedemon    
|uhtml|bestof|Game 2 of a best-of-3
|t:|1785282649
|gametype|doubles
|player|p1|TetheredAvian74|266|1220
|player|p2|lillyrosethedemon|nurse|1239
|gen|9
|tier|[Gen 9 Champions] VGC 2026 Reg M-B (Bo3)
|rated|
|rule|Species Clause: Limit one of each Pok├®mon
|rule|Item Clause: Limit 1 of each item
|clearpoke
|poke|p1|Pelipper, L50, F|
|poke|p1|Swampert, L50, F|
|poke|p1|Sinistcha, L50|
|poke|p1|Blastoise, L50, F|
|poke|p1|Archaludon, L50, M|
|poke|p1|Raichu, L50, F|
|poke|p2|Staraptor, L50, F|
|poke|p2|Delphox, L50, F|
|poke|p2|Glimmora, L50, F|
|poke|p2|Kingambit, L50, M|
|poke|p2|Whimsicott, L50, M|
|poke|p2|Garchomp, L50, M|
|teampreview|4
|showteam|p1|Pelipper||FocusSash|Drizzle|Tailwind,WideGuard,Hurricane,WeatherBall|Modest||F|||50|]Swampert||Swampertite|Torrent|Earthquake,WaveCrash,RockSlide,Protect|Adamant||F|||50|]Sinistcha||SitrusBerry|Hospitality|RagePowder,LifeDew,MatchaGotcha,Protect|Calm|||||50|]Blastoise||Blastoisinite|RainDish|ShellSmash,WaterSpout,DarkPulse,Protect|Modest||F|||50|]Archaludon||Leftovers|Stamina|ElectroShot,DragonPulse,AuraSphere,Protect|Calm||M|||50|]Raichu||RaichuniteX|LightningRod|Feint,VoltTackle,VoltSwitch,BrickBreak|Jolly||F|||50|
|showteam|p2|Staraptor||Staraptite|Intimidate|BraveBird,CloseCombat,Protect,Roost|Jolly||F|||50|]Delphox||Delphoxite|Blaze|Substitute,Psyshock,HeatWave,Protect|Timid||F|||50|]Glimmora||FocusSash|ToxicDebris|EarthPower,SpikyShield,PowerGem,SludgeBomb|Timid||F|||50|]Kingambit||ChopleBerry|Defiant|KowtowCleave,LowKick,SuckerPunch,IronHead|Adamant||M|||50|]Whimsicott||OccaBerry|Prankster|Moonblast,Charm,Encore,Tailwind|Timid||M|||50|]Garchomp||LifeOrb|RoughSkin|RockSlide,StompingTantrum,Protect,DragonClaw|Adamant||M|||50|
|inactive|Battle timer is ON: inactive players will automatically lose when time's up. (requested by TetheredAvian74)
|
|t:|1785282675
|teamsize|p1|4
|teamsize|p2|4
|start
|switch|p1a: Pelipper|Pelipper, L50, F|100/100
|switch|p1b: Archaludon|Archaludon, L50, M|100/100
|switch|p2a: Staraptor|Staraptor, L50, F|100/100
|switch|p2b: Whimsicott|Whimsicott, L50, M|100/100
|-ability|p2a: Staraptor|Intimidate|boost
|-unboost|p1a: Pelipper|atk|1
|-unboost|p1b: Archaludon|atk|1
|-weather|RainDance|[from] ability: Drizzle|[of] p1a: Pelipper
|turn|1
|
|t:|1785282692
|move|p2a: Staraptor|Protect|p2a: Staraptor
|-singleturn|p2a: Staraptor|Protect
|move|p2b: Whimsicott|Tailwind|p2b: Whimsicott
|-sidestart|p2: lillyrosethedemon|move: Tailwind
|move|p1b: Archaludon|Electro Shot||[still]
|-prepare|p1b: Archaludon|Electro Shot
|-boost|p1b: Archaludon|spa|1
|-anim|p1b: Archaludon|Electro Shot|p2a: Staraptor
|-activate|p2a: Staraptor|move: Protect
|move|p1a: Pelipper|Tailwind|p1a: Pelipper
|-sidestart|p1: TetheredAvian74|move: Tailwind
|
|-weather|RainDance|[upkeep]
|upkeep
|turn|2
|inactive|lillyrosethedemon has 30 seconds left.
|inactive|lillyrosethedemon has 20 seconds left.
|inactive|lillyrosethedemon has 15 seconds left.
|
|t:|1785282734
|detailschange|p2a: Staraptor|Staraptor-Mega, L50, F
|-mega|p2a: Staraptor|Staraptor|Staraptite
|move|p2a: Staraptor|Brave Bird|p1a: Pelipper
|-damage|p1a: Pelipper|24/100
|-damage|p2a: Staraptor|75/100|[from] Recoil
|move|p2b: Whimsicott|Moonblast|p1a: Pelipper
|-damage|p1a: Pelipper|0 fnt
|faint|p1a: Pelipper
|move|p1b: Archaludon|Electro Shot||[still]
|-prepare|p1b: Archaludon|Electro Shot
|-boost|p1b: Archaludon|spa|1
|-anim|p1b: Archaludon|Electro Shot|p2b: Whimsicott
|-resisted|p2b: Whimsicott|1
|-damage|p2b: Whimsicott|55/100
|
|-weather|RainDance|[upkeep]
|upkeep
|
|t:|1785282747
|switch|p1a: Blastoise|Blastoise, L50, F|100/100
|turn|3
|
|t:|1785282763
|move|p2b: Whimsicott|Charm|p2a: Staraptor
|-boost|p2a: Staraptor|atk|2
|move|p2a: Staraptor|Close Combat|p1b: Archaludon
|-supereffective|p1b: Archaludon|1
|-damage|p1b: Archaludon|0 fnt
|-boost|p2a: Staraptor|def|1
|-boost|p2a: Staraptor|spd|1
|faint|p1b: Archaludon
|move|p1a: Blastoise|Shell Smash|p1a: Blastoise
|-unboost|p1a: Blastoise|def|1
|-unboost|p1a: Blastoise|spd|1
|-boost|p1a: Blastoise|atk|2
|-boost|p1a: Blastoise|spa|2
|-boost|p1a: Blastoise|spe|2
|
|-weather|RainDance|[upkeep]
|upkeep
|
|t:|1785282769
|switch|p1b: Sinistcha|Sinistcha, L50|100/100
|turn|4
|
|t:|1785282780
|detailschange|p1a: Blastoise|Blastoise-Mega, L50, F
|-mega|p1a: Blastoise|Blastoise|Blastoisinite
|move|p1b: Sinistcha|Rage Powder|p1b: Sinistcha
|-singleturn|p1b: Sinistcha|move: Rage Powder
|move|p2b: Whimsicott|Encore|p1a: Blastoise
|-start|p1a: Blastoise|Encore
|move|p1a: Blastoise|Shell Smash|p1a: Blastoise
|-unboost|p1a: Blastoise|def|1
|-unboost|p1a: Blastoise|spd|1
|-boost|p1a: Blastoise|atk|2
|-boost|p1a: Blastoise|spa|2
|-boost|p1a: Blastoise|spe|2
|move|p2a: Staraptor|Brave Bird|p1b: Sinistcha
|-supereffective|p1b: Sinistcha|1
|-damage|p1b: Sinistcha|0 fnt
|faint|p1b: Sinistcha
|-damage|p2a: Staraptor|40/100|[from] Recoil
|
|-weather|RainDance|[upkeep]
|-sideend|p2: lillyrosethedemon|move: Tailwind
|-sideend|p1: TetheredAvian74|move: Tailwind
|upkeep
|turn|5
|c|Ōśålillyrosethedemon|ggwp
|c|ŌśåTetheredAvian74|i dont like you very much
|inactive|TetheredAvian74 has 30 seconds left.
|inactive|lillyrosethedemon has 30 seconds left.
|inactiveoff|Battle timer is now OFF.
|inactive|Battle timer is ON: inactive players will automatically lose when time's up. (requested by lillyrosethedemon)
|c|Ōśålillyrosethedemon|I know
|inactive|TetheredAvian74 has 30 seconds left.
|inactive|TetheredAvian74 has 20 seconds left.
|inactive|TetheredAvian74 has 15 seconds left.
|inactive|TetheredAvian74 has 10 seconds left.
|inactive|TetheredAvian74 has 5 seconds left.
|
|t:|1785282870
|move|p2b: Whimsicott|Charm|p2a: Staraptor
|-boost|p2a: Staraptor|atk|2
|move|p1a: Blastoise|Shell Smash|p1a: Blastoise
|-unboost|p1a: Blastoise|def|1
|-unboost|p1a: Blastoise|spd|1
|-boost|p1a: Blastoise|atk|2
|-boost|p1a: Blastoise|spa|2
|-boost|p1a: Blastoise|spe|2
|move|p2a: Staraptor|Close Combat|p1a: Blastoise
|-damage|p1a: Blastoise|0 fnt
|-boost|p2a: Staraptor|def|1
|-boost|p2a: Staraptor|spd|1
|faint|p1a: Blastoise
|
|win|lillyrosethedemon
|raw|TetheredAvian74's rating: 1220 → 1196(-24 for losing)
|raw|lillyrosethedemon's rating: 1239 → 1263(+24 for winning)
