|j|ŌśåPugBurro
|j|Ōśåkaizerzx
|html|PugBurrokaizerzx    
|uhtml|bestof|Game 1 of a best-of-3
|t:|1757181158
|gametype|doubles
|player|p1|PugBurro|red|
|player|p2|kaizerzx|drayden|
|gen|9
|tier|[Gen 9] VGC 2025 Reg H (Bo3)
|rule|Species Clause: Limit one of each Pok├®mon
|rule|Item Clause: Limit 1 of each item
|clearpoke
|poke|p1|Archaludon, L50, F|
|poke|p1|Pelipper, L50, M|
|poke|p1|Basculegion, L50, M|
|poke|p1|Sneasler, L50, F|
|poke|p1|Amoonguss, L50, F|
|poke|p1|Maushold-Four, L50|
|poke|p2|Maushold, L50|
|poke|p2|Annihilape, L50, M|
|poke|p2|Grimmsnarl, L50, M|
|poke|p2|Archaludon, L50, M|
|poke|p2|Whimsicott, L50, F|
|poke|p2|Gyarados, L50, F|
|teampreview|4
|showteam|p1|Archaludon||AssaultVest|Stamina|ElectroShot,DracoMeteor,FlashCannon,BodyPress|||F|||50|,,,,,Bug]Pelipper||CovertCloak|Drizzle|WeatherBall,Hurricane,Tailwind,Protect|||M|||50|,,,,,Steel]Basculegion||ChoiceBand|SwiftSwim|WaveCrash,LastRespects,AquaJet,FlipTurn|||M|||50|,,,,,Grass]Sneasler||FocusSash|Unburden|CloseCombat,DireClaw,FakeOut,Protect|||F|||50|,,,,,Stellar]Amoonguss||MentalHerb|Regenerator|Spore,RagePowder,PollenPuff,Protect|||F|||50|,,,,,Dark]Maushold-Four||WideLens|Technician|FollowMe,PopulationBomb,Taunt,Protect||||||50|,,,,,Ghost
|showteam|p2|Maushold||WideLens|Technician|FollowMe,PopulationBomb,Taunt,Protect||||||50|,,,,,Ghost]Annihilape||Leftovers|Defiant|RageFist,DrainPunch,BulkUp,Protect|||M|||50|,,,,,Fire]Grimmsnarl||LightClay|Prankster|SpiritBreak,LightScreen,Reflect,ThunderWave|||M|||50|,,,,,Steel]Archaludon||AssaultVest|Stamina|ElectroShot,FlashCannon,BodyPress,Snarl|||M|||50|,,,,,Grass]Whimsicott||FocusSash|Prankster|Moonblast,BeatUp,Encore,Tailwind|||F|||50|,,,,,Ghost]Gyarados||SitrusBerry|Intimidate|Waterfall,ThunderWave,Taunt,Protect|||F|||50|,,,,,Steel
|c|Ōśåkaizerzx|├® bo3?
|c|ŌśåPugBurro|sim
|c|Ōśåkaizerzx|os cara tao com tempo
|c|Ōśåkaizerzx|dropei ja
|c|ŌśåPugBurro|oloco
|j| roman_legend
|l| roman_legend
|j| pedroffranco
|j| heichur
|j| mousse Maracuja
|j| heatdash
|c| heatdash|To torcendo pro kaiserburro aq
|c|Ōśåkaizerzx|sou burro msm
|c|Ōśåkaizerzx|</3
|c| heatdash|:3
|c|Ōśåkaizerzx|mas so quero terminar logo
|c|Ōśåkaizerzx|tenho compromisso jaja <3
|c|Ōśåkaizerzx|</3
|j| yuriquars
|c| yuriquars|jogao
|c| yuriquars|bora kaizer
|inactive|Battle timer is ON: inactive players will automatically lose when time's up. (requested by kaizerzx)
|inactive|PugBurro has 60 seconds left.
|
|t:|1757182209
|teamsize|p1|4
|teamsize|p2|4
|start
|switch|p1a: Amoonguss|Amoonguss, L50, F, shiny|100/100
|switch|p1b: Sneasler|Sneasler, L50, F, shiny|100/100
|switch|p2a: Maushold|Maushold, L50|100/100
|switch|p2b: Whimsicott|Whimsicott, L50, F|100/100
|turn|1
|c| yuriquars|time teu ta maneirinho kaizer
|inactive|PugBurro has 30 seconds left.
|inactive|PugBurro has 20 seconds left.
|c| heatdash|Achei bem diferente o Gyarados, e eu gosto de times diferentes
|inactive|PugBurro has 15 seconds left.
|inactive|PugBurro has 10 seconds left.
|
|t:|1757182256
|-terastallize|p2a: Maushold|Ghost
|move|p1b: Sneasler|Protect|p1b: Sneasler
|-singleturn|p1b: Sneasler|Protect
|move|p2b: Whimsicott|Tailwind|p2b: Whimsicott
|-sidestart|p2: kaizerzx|move: Tailwind
|move|p2a: Maushold|Population Bomb|p1b: Sneasler
|-activate|p1b: Sneasler|move: Protect
|move|p1a: Amoonguss|Spore|p2a: Maushold
|-status|p2a: Maushold|slp|[from] move: Spore
|
|upkeep
|turn|2
|inactive|PugBurro has 30 seconds left.
|inactive|kaizerzx has 30 seconds left.
|inactive|PugBurro has 20 seconds left.
|inactive|kaizerzx has 20 seconds left.
|inactive|kaizerzx has 15 seconds left.
|inactive|PugBurro has 15 seconds left.
|inactive|kaizerzx has 10 seconds left.
|
|t:|1757182304
|switch|p2a: Annihilape|Annihilape, L50, M|100/100
|switch|p1b: Archaludon|Archaludon, L50, F, shiny|100/100
|switch|p1a: Pelipper|Pelipper, L50, M, shiny|100/100
|-weather|RainDance|[from] ability: Drizzle|[of] p1a: Pelipper
|move|p2b: Whimsicott|Beat Up|p2a: Annihilape
|-damage|p2a: Annihilape|98/100
|-damage|p2a: Annihilape|96/100
|-damage|p2a: Annihilape|93/100
|-hitcount|p2a: Annihilape|3
|
|-weather|RainDance|[upkeep]
|-heal|p2a: Annihilape|99/100|[from] item: Leftovers
|upkeep
|turn|3
|inactive|PugBurro has 30 seconds left.
|inactive|kaizerzx has 30 seconds left.
|inactive|PugBurro has 20 seconds left.
|
|t:|1757182341
|switch|p1b: Amoonguss|Amoonguss, L50, F, shiny|100/100
|move|p2b: Whimsicott|Moonblast|p1b: Amoonguss
|-resisted|p1b: Amoonguss
|-damage|p1b: Amoonguss|86/100
|move|p2a: Annihilape|Rage Fist|p1a: Pelipper
|-damage|p1a: Pelipper|0 fnt
|faint|p1a: Pelipper
|
|-weather|RainDance|[upkeep]
|-heal|p2a: Annihilape|100/100|[from] item: Leftovers
|upkeep
|c| heatdash|Nu
|inactive|PugBurro has 30 seconds left.
|
|t:|1757182373
|switch|p1a: Sneasler|Sneasler, L50, F, shiny|100/100
|turn|4
|inactive|PugBurro has 30 seconds left.
|inactive|kaizerzx has 30 seconds left.
|
|t:|1757182402
|switch|p2b: Maushold|Maushold, L50, tera:Ghost|100/100 slp
|move|p2a: Annihilape|Protect|p2a: Annihilape
|-singleturn|p2a: Annihilape|Protect
|move|p1a: Sneasler|Dire Claw|p2b: Maushold
|-resisted|p2b: Maushold
|-damage|p2b: Maushold|70/100 slp
|move|p1b: Amoonguss|Spore|p2a: Annihilape
|-activate|p2a: Annihilape|move: Protect
|
|-weather|RainDance|[upkeep]
|-sideend|p2: kaizerzx|move: Tailwind
|upkeep
|turn|5
|inactive|kaizerzx has 30 seconds left.
|inactive|kaizerzx has 20 seconds left.
|
|t:|1757182439
|switch|p1a: Archaludon|Archaludon, L50, F, shiny|100/100
|switch|p2a: Whimsicott|Whimsicott, L50, F|100/100
|-terastallize|p1b: Amoonguss|Dark
|cant|p2b: Maushold|slp
|move|p1b: Amoonguss|Spore|p2a: Whimsicott
|-immune|p2a: Whimsicott
|
|-weather|RainDance|[upkeep]
|upkeep
|turn|6
|
|t:|1757182459
|move|p1b: Amoonguss|Protect|p1b: Amoonguss
|-singleturn|p1b: Amoonguss|Protect
|move|p2a: Whimsicott|Tailwind|p2a: Whimsicott
|-sidestart|p2: kaizerzx|move: Tailwind
|cant|p2b: Maushold|slp
|move|p1a: Archaludon|Electro Shot||[still]
|-prepare|p1a: Archaludon|Electro Shot
|-boost|p1a: Archaludon|spa|1
|-anim|p1a: Archaludon|Electro Shot|p2b: Maushold
|-damage|p2b: Maushold|0 fnt
|faint|p2b: Maushold
|
|-weather|none
|upkeep
|
|t:|1757182469
|switch|p2b: Annihilape|Annihilape, L50, M|100/100
|turn|7
|
|t:|1757182482
|switch|p1a: Sneasler|Sneasler, L50, F, shiny|100/100
|move|p2a: Whimsicott|Moonblast|p1a: Sneasler
|-damage|p1a: Sneasler|52/100
|move|p2b: Annihilape|Rage Fist|p1b: Amoonguss
|-resisted|p1b: Amoonguss
|-damage|p1b: Amoonguss|53/100
|move|p1b: Amoonguss|Spore|p2b: Annihilape
|-status|p2b: Annihilape|slp|[from] move: Spore
|
|upkeep
|turn|8
|
|t:|1757182503
|switch|p2b: Archaludon|Archaludon, L50, M|100/100
|move|p2a: Whimsicott|Encore|p1b: Amoonguss
|-hint|Since gen 7, Dark is immune to Prankster moves.
|-immune|p1b: Amoonguss
|move|p1a: Sneasler|Dire Claw|p2a: Whimsicott
|-supereffective|p2a: Whimsicott
|-enditem|p2a: Whimsicott|Focus Sash
|-damage|p2a: Whimsicott|1/100
|-status|p2a: Whimsicott|slp
|move|p1b: Amoonguss|Pollen Puff|p1a: Sneasler
|-heal|p1a: Sneasler|100/100
|
|upkeep
|turn|9
|c|Ōśåkaizerzx|aqui foi f
|inactive|PugBurro has 30 seconds left.
|inactive|kaizerzx has 30 seconds left.
|
|t:|1757182534
|cant|p2a: Whimsicott|slp
|move|p2b: Archaludon|Body Press|p1b: Amoonguss
|-supereffective|p1b: Amoonguss
|-damage|p1b: Amoonguss|13/100
|move|p1a: Sneasler|Close Combat|p2b: Archaludon
|-supereffective|p2b: Archaludon
|-damage|p2b: Archaludon|8/100
|-unboost|p1a: Sneasler|def|1
|-unboost|p1a: Sneasler|spd|1
|-ability|p2b: Archaludon|Stamina|boost
|-boost|p2b: Archaludon|def|1
|move|p1b: Amoonguss|Spore|p2b: Archaludon
|-status|p2b: Archaludon|slp|[from] move: Spore
|
|-sideend|p2: kaizerzx|move: Tailwind
|upkeep
|turn|10
|c| yuriquars|f kaizer
|c| yuriquars|ih
|inactive|kaizerzx has 30 seconds left.
|c|Ōśåkaizerzx|sleep sendo a coisa mais tiltante
|c|ŌśåPugBurro|os 3 durmindo
|c|Ōśåkaizerzx|ainda da sleep no dire claw
|inactive|kaizerzx has 20 seconds left.
|c| yuriquars|├® bold
|c|ŌśåPugBurro|dormindo*
|c|ŌśåPugBurro|nao eh
|inactive|kaizerzx has 15 seconds left.
|c|ŌśåPugBurro|quars
|
|t:|1757182577
|switch|p1b: Archaludon|Archaludon, L50, F, shiny|100/100
|move|p1a: Sneasler|Dire Claw|p2a: Whimsicott
|-supereffective|p2a: Whimsicott
|-damage|p2a: Whimsicott|0 fnt
|faint|p2a: Whimsicott
|cant|p2b: Archaludon|slp
|
|upkeep
|c|ŌśåPugBurro|viu pq nao ├®?
|
|t:|1757182585
|switch|p2a: Annihilape|Annihilape, L50, M|100/100 slp
|turn|11
|c|ŌśåPugBurro|ou nao
|
|t:|1757182597
|move|p1a: Sneasler|Close Combat|p2b: Archaludon
|-supereffective|p2b: Archaludon
|-damage|p2b: Archaludon|0 fnt
|-unboost|p1a: Sneasler|def|1
|-unboost|p1a: Sneasler|spd|1
|faint|p2b: Archaludon
|move|p1b: Archaludon|Draco Meteor|p2a: Annihilape
|-crit|p2a: Annihilape
|-damage|p2a: Annihilape|34/100 slp
|-unboost|p1b: Archaludon|spa|2
|cant|p2a: Annihilape|slp
|
|-heal|p2a: Annihilape|40/100 slp|[from] item: Leftovers
|upkeep
|turn|12
|c|Ōśåkaizerzx|NADA ACORDA
|l| pedroffranco
|c| heatdash|Sobrou o Gyarados
|
|t:|1757182611
|cant|p2a: Annihilape|slp
|move|p1a: Sneasler|Dire Claw|p2a: Annihilape
|-resisted|p2a: Annihilape
|-damage|p2a: Annihilape|17/100 slp
|move|p1b: Archaludon|Draco Meteor|p2a: Annihilape
|-damage|p2a: Annihilape|0 fnt
|-unboost|p1b: Archaludon|spa|2
|faint|p2a: Annihilape
|
|win|PugBurro
