|j|☆xMiQux
|j|☆panikd
|html|xMiQuxpanikd    
|uhtml|bestof|Game 2 of a best-of-3
|t:|1785257924
|gametype|doubles
|player|p1|xMiQux|red|1000
|player|p2|panikd|1|1004
|gen|9
|tier|[Gen 9 Champions] VGC 2026 Reg M-B (Bo3)
|rated|
|rule|Species Clause: Limit one of each Pokémon
|rule|Item Clause: Limit 1 of each item
|clearpoke
|poke|p1|Raichu, L50, M|
|poke|p1|Ninetales-Alola, L50, M|
|poke|p1|Garchomp, L50, M|
|poke|p1|Whimsicott, L50, F|
|poke|p1|Venusaur, L50, F|
|poke|p1|Charizard, L50, M|
|poke|p2|Falinks, L50|
|poke|p2|Garchomp, L50, M|
|poke|p2|Kingambit, L50, M|
|poke|p2|Scovillain, L50, F, shiny|
|poke|p2|Dragalge, L50, M, shiny|
|poke|p2|Farigiraf, L50, F|
|teampreview|4
|showteam|p1|Raichu||RaichuniteY|LightningRod|Protect,FocusBlast,ZapCannon,Encore|Timid||M|||50|]Ninetales-Alola||NeverMeltIce|SnowWarning|Protect,Blizzard,FreezeDry,Encore|Timid||M|||50|]Garchomp||LifeOrb|RoughSkin|Protect,DragonClaw,RockSlide,Earthquake|Jolly||M|||50|]Whimsicott||FocusSash|Prankster|Protect,Encore,Tailwind,Moonblast|Timid||F|||50|]Venusaur||Leftovers|Chlorophyll|EarthPower,SludgeBomb,WeatherBall,GrassKnot|Modest||F|||50|]Charizard||CharizarditeY|SolarPower|Protect,HeatWave,SolarBeam,WeatherBall|Modest||M|||50|
|showteam|p2|Falinks||Falinksite|Defiant|CloseCombat,NoRetreat,Megahorn,RockSlide|Jolly|||||50|]Garchomp||ChoiceScarf|RoughSkin|Earthquake,DragonClaw,RockSlide,Protect|Jolly||M|||50|]Kingambit||BlackGlasses|SupremeOverlord|SuckerPunch,IronHead,PoisonJab,Protect|Adamant||M|||50|]Scovillain||Leftovers|Moody|RagePowder,HelpingHand,LeechSeed,SuperFang|Calm||F|||50|]Dragalge||Dragalgite|Adaptability|SludgeWave,ShadowBall,DracoMeteor,Protect|Modest||M|||50|]Farigiraf||MentalHerb|ArmorTail|TrickRoom,DazzlingGleam,CalmMind,Thunderbolt|Quiet||F|||50|
|
|t:|1785257935
|teamsize|p1|4
|teamsize|p2|4
|start
|switch|p1a: Charizard|Charizard, L50, M|100/100
|switch|p1b: Venusaur|Venusaur, L50, F|100/100
|switch|p2a: Buford|Scovillain, L50, F, shiny|100/100
|switch|p2b: Baljeet Tjinder|Falinks, L50|100/100
|turn|1
|
|t:|1785257966
|detailschange|p1a: Charizard|Charizard-Mega-Y, L50, M
|-mega|p1a: Charizard|Charizard|Charizardite Y
|-weather|SunnyDay|[from] ability: Drought|[of] p1a: Charizard
|detailschange|p2b: Baljeet Tjinder|Falinks-Mega, L50
|-mega|p2b: Baljeet Tjinder|Falinks|Falinksite
|move|p2a: Buford|Helping Hand|p2b: Baljeet Tjinder
|-singleturn|p2b: Baljeet Tjinder|Helping Hand|[of] p2a: Buford
|move|p1b: Venusaur|Sludge Bomb|p2a: Buford
|-supereffective|p2a: Buford|1
|-damage|p2a: Buford|19/100
|move|p2b: Baljeet Tjinder|Rock Slide|p1b: Venusaur|[spread] p1a
|-miss|p2b: Baljeet Tjinder|p1b: Venusaur
|-supereffective|p1a: Charizard|2
|-damage|p1a: Charizard|0 fnt
|faint|p1a: Charizard
|
|-weather|SunnyDay|[upkeep]
|-heal|p2a: Buford|25/100|[from] item: Leftovers
|-ability|p2a: Buford|Moody|boost
|-boost|p2a: Buford|spe|2
|-unboost|p2a: Buford|spa|1
|upkeep
|
|t:|1785257985
|switch|p1a: Garchomp|Garchomp, L50, M|100/100
|turn|2
|
|t:|1785258007
|move|p1b: Venusaur|Sludge Bomb|p2a: Buford
|-supereffective|p2a: Buford|1
|-damage|p2a: Buford|0 fnt
|faint|p2a: Buford
|move|p1a: Garchomp|Dragon Claw|p2b: Baljeet Tjinder
|-damage|p2b: Baljeet Tjinder|42/100
|-damage|p1a: Garchomp|90/100|[from] item: Life Orb
|move|p2b: Baljeet Tjinder|Close Combat|p1a: Garchomp
|-damage|p1a: Garchomp|31/100
|-unboost|p2b: Baljeet Tjinder|def|1
|-unboost|p2b: Baljeet Tjinder|spd|1
|-damage|p2b: Baljeet Tjinder|30/100|[from] ability: Rough Skin|[of] p1a: Garchomp
|
|-weather|SunnyDay|[upkeep]
|upkeep
|
|t:|1785258022
|switch|p2a: Ferb|Garchomp, L50, M|100/100
|turn|3
|
|t:|1785258034
|move|p1b: Venusaur|Sludge Bomb|p2b: Baljeet Tjinder
|-damage|p2b: Baljeet Tjinder|0 fnt
|faint|p2b: Baljeet Tjinder
|move|p2a: Ferb|Dragon Claw|p1a: Garchomp
|-supereffective|p1a: Garchomp|1
|-damage|p1a: Garchomp|0 fnt
|-damage|p2a: Ferb|87/100|[from] ability: Rough Skin|[of] p1a: Garchomp
|faint|p1a: Garchomp
|
|-weather|SunnyDay|[upkeep]
|upkeep
|
|t:|1785258045
|switch|p1a: Ninetales|Ninetales-Alola, L50, M|100/100
|switch|p2b: Phineas|Kingambit, L50, M|100/100
|-weather|Snowscape|[from] ability: Snow Warning|[of] p1a: Ninetales
|-activate|p2b: Phineas|ability: Supreme Overlord
|-start|p2b: Phineas|fallen2|[silent]
|turn|4
|
|t:|1785258054
|move|p2a: Ferb|Dragon Claw|p1b: Venusaur
|-crit|p1b: Venusaur
|-damage|p1b: Venusaur|19/100
|move|p1a: Ninetales|Blizzard|p2a: Ferb|[spread] p2a,p2b
|-supereffective|p2a: Ferb|2
|-resisted|p2b: Phineas|1
|-damage|p2a: Ferb|0 fnt
|-damage|p2b: Phineas|82/100
|faint|p2a: Ferb
|move|p1b: Venusaur|Earth Power|p2b: Phineas
|-supereffective|p2b: Phineas|1
|-damage|p2b: Phineas|24/100
|move|p2b: Phineas|Iron Head|p1a: Ninetales
|-supereffective|p1a: Ninetales|2
|-damage|p1a: Ninetales|0 fnt
|faint|p1a: Ninetales
|
|-weather|Snowscape|[upkeep]
|-heal|p1b: Venusaur|25/100|[from] item: Leftovers
|upkeep
|turn|5
|
|t:|1785258072
|move|p2b: Phineas|Sucker Punch|p1b: Venusaur
|-damage|p1b: Venusaur|0 fnt
|faint|p1b: Venusaur
|
|win|panikd
||panikd is ready for game 3.
|c|☆xMiQux|fuck
|c|☆panikd|lolz
||xMiQux is ready for game 3.
|uhtml|next|Next: Game 3 of 3
|l|☆panikd
|player|p2|
