|j|☆Crystneel
|j|☆A_TerroneVGC
|html|CrystneelA_TerroneVGC    
|uhtml|bestof|Game 2 of a best-of-3
|t:|1757165765
|gametype|doubles
|player|p1|Crystneel|ethan|1228
|player|p2|A_TerroneVGC|169|1347
|gen|9
|tier|[Gen 9] VGC 2025 Reg H (Bo3)
|rated|
|rule|Species Clause: Limit one of each Pokémon
|rule|Item Clause: Limit 1 of each item
|clearpoke
|poke|p1|Volcarona, L50, F|
|poke|p1|Electabuzz, L50, M|
|poke|p1|Sneasler, L50, M|
|poke|p1|Rillaboom, L50, M|
|poke|p1|Dragonite, L50, M|
|poke|p1|Ursaluna-Bloodmoon, L50, M|
|poke|p2|Dragonite, L50, M|
|poke|p2|Rillaboom, L50, M|
|poke|p2|Ursaluna-Bloodmoon, L50, M|
|poke|p2|Gholdengo, L50|
|poke|p2|Maushold-Four, L50|
|poke|p2|Annihilape, L50, M|
|teampreview|4
|showteam|p1|Volcarona||Leftovers|FlameBody|FieryDance,QuiverDance,GigaDrain,Protect|||F|||50|,,,,,Water]Electabuzz||Eviolite|Static|FollowMe,Electroweb,VoltSwitch,Taunt|||M|||50|,,,,,Fairy]Sneasler||GrassySeed|Unburden|DireClaw,CloseCombat,ThroatChop,Protect|||M|||50|,,,,,Dark]Rillaboom||AssaultVest|GrassySurge|FakeOut,GrassyGlide,WoodHammer,Uturn|||M|||50|,,,,,Fire]Dragonite||LoadedDice|Multiscale|ExtremeSpeed,ScaleShot,IceSpinner,LowKick|||M|||50|,,,,,Normal]Ursaluna-Bloodmoon||ThroatSpray|MindsEye|BloodMoon,HyperVoice,EarthPower,Protect|||M|||50|,,,,,Poison
|showteam|p2|Dragonite||LoadedDice|Multiscale|ScaleShot,Tailwind,Haze,Protect|||M|||50|,,,,,Fairy]Rillaboom||MiracleSeed|GrassySurge|WoodHammer,GrassyGlide,HighHorsepower,FakeOut|||M|||50|,,,,,Fire]Ursaluna-Bloodmoon||AssaultVest|MindsEye|EarthPower,BloodMoon,HyperVoice,VacuumWave|||M|||50|,,,,,Water]Gholdengo||LifeOrb|GoodasGold|MakeItRain,ShadowBall,NastyPlot,Protect||||||50|,,,,,Water]Maushold-Four||FocusSash|FriendGuard|SuperFang,BeatUp,FollowMe,Protect||||||50|,,,,,Ghost]Annihilape||SitrusBerry|Defiant|DrainPunch,RageFist,BulkUp,Protect|||M|||50|,,,,,Fire
|inactive|Battle timer is ON: inactive players will automatically lose when time's up. (requested by Crystneel)
|
|t:|1757165782
|teamsize|p1|4
|teamsize|p2|4
|start
|switch|p1a: Electabuzz|Electabuzz, L50, M|100/100
|switch|p1b: Sneasler|Sneasler, L50, M|100/100
|switch|p2a: Maushold|Maushold-Four, L50|100/100
|switch|p2b: Ursaluna|Ursaluna-Bloodmoon, L50, M|100/100
|turn|1
|inactive|Crystneel has 30 seconds left.
|inactive|A_TerroneVGC has 30 seconds left.
|
|t:|1757165813
|switch|p2b: Gholdengo|Gholdengo, L50|100/100
|move|p1a: Electabuzz|Follow Me|p1a: Electabuzz
|-singleturn|p1a: Electabuzz|move: Follow Me
|move|p1b: Sneasler|Close Combat|p2b: Gholdengo
|-immune|p2b: Gholdengo
|move|p2a: Maushold|Super Fang|p1a: Electabuzz
|-damage|p1a: Electabuzz|50/100
|
|upkeep
|turn|2
|
|t:|1757165838
|move|p2a: Maushold|Follow Me|p2a: Maushold
|-singleturn|p2a: Maushold|move: Follow Me
|move|p1a: Electabuzz|Follow Me|p1a: Electabuzz
|-singleturn|p1a: Electabuzz|move: Follow Me
|move|p1b: Sneasler|Throat Chop|p2a: Maushold
|-damage|p2a: Maushold|64/100
|-start|p2a: Maushold|Throat Chop|[silent]
|move|p2b: Gholdengo|Nasty Plot|p2b: Gholdengo
|-boost|p2b: Gholdengo|spa|2
|
|upkeep
|turn|3
|
|t:|1757165848
|move|p2a: Maushold|Protect|p2a: Maushold
|-singleturn|p2a: Maushold|Protect
|move|p2b: Gholdengo|Protect|p2b: Gholdengo
|-singleturn|p2b: Gholdengo|Protect
|move|p1a: Electabuzz|Follow Me|p1a: Electabuzz
|-singleturn|p1a: Electabuzz|move: Follow Me
|move|p1b: Sneasler|Close Combat|p2a: Maushold
|-activate|p2a: Maushold|move: Protect
|
|-end|p2a: Maushold|Throat Chop|[silent]
|upkeep
|turn|4
|
|t:|1757165862
|switch|p1b: Rillaboom|Rillaboom, L50, M|100/100
|-fieldstart|move: Grassy Terrain|[from] ability: Grassy Surge|[of] p1b: Rillaboom
|-terastallize|p2a: Maushold|Ghost
|move|p2a: Maushold|Follow Me|p2a: Maushold
|-singleturn|p2a: Maushold|move: Follow Me
|move|p2b: Gholdengo|Make It Rain|p1a: Electabuzz|[spread] p1a,p1b
|-resisted|p1a: Electabuzz
|-damage|p1a: Electabuzz|15/100
|-damage|p1b: Rillaboom|15/100
|-unboost|p2b: Gholdengo|spa|1
|-damage|p2b: Gholdengo|91/100|[from] item: Life Orb
|move|p1a: Electabuzz|Volt Switch|p2a: Maushold
|-damage|p2a: Maushold|33/100
|
|t:|1757165877
|switch|p1a: Sneasler|Sneasler, L50, M|100/100|[from] Volt Switch
|-enditem|p1a: Sneasler|Grassy Seed
|-boost|p1a: Sneasler|def|1|[from] item: Grassy Seed
|
|-heal|p2a: Maushold|39/100|[from] Grassy Terrain
|-heal|p2b: Gholdengo|97/100|[from] Grassy Terrain
|-heal|p1b: Rillaboom|21/100|[from] Grassy Terrain
|upkeep
|turn|5
|
|t:|1757165894
|move|p2a: Maushold|Follow Me|p2a: Maushold
|-singleturn|p2a: Maushold|move: Follow Me
|move|p1b: Rillaboom|Grassy Glide|p2a: Maushold
|-damage|p2a: Maushold|0 fnt
|faint|p2a: Maushold
|move|p1a: Sneasler|Throat Chop|p2b: Gholdengo
|-supereffective|p2b: Gholdengo
|-damage|p2b: Gholdengo|32/100
|-start|p2b: Gholdengo|Throat Chop|[silent]
|move|p2b: Gholdengo|Make It Rain|p1a: Sneasler|[spread] p1a,p1b
|-damage|p1a: Sneasler|0 fnt
|-damage|p1b: Rillaboom|0 fnt
|-unboost|p2b: Gholdengo|spa|1
|faint|p1a: Sneasler
|faint|p1b: Rillaboom
|-damage|p2b: Gholdengo|22/100|[from] item: Life Orb
|
|-heal|p2b: Gholdengo|28/100|[from] Grassy Terrain
|upkeep
|
|t:|1757165912
|switch|p1a: Electabuzz|Electabuzz, L50, M|15/100
|switch|p2a: Ursaluna|Ursaluna-Bloodmoon, L50, M|100/100
|switch|p1b: Volcarona|Volcarona, L50, F|100/100
|turn|6
|
|t:|1757165929
|-terastallize|p1b: Volcarona|Water
|move|p1a: Electabuzz|Follow Me|p1a: Electabuzz
|-singleturn|p1a: Electabuzz|move: Follow Me
|move|p2b: Gholdengo|Make It Rain|p1a: Electabuzz|[spread] p1a,p1b
|-resisted|p1a: Electabuzz
|-resisted|p1b: Volcarona
|-damage|p1a: Electabuzz|0 fnt
|-damage|p1b: Volcarona|76/100
|-unboost|p2b: Gholdengo|spa|1
|faint|p1a: Electabuzz
|-damage|p2b: Gholdengo|19/100|[from] item: Life Orb
|move|p1b: Volcarona|Quiver Dance|p1b: Volcarona
|-boost|p1b: Volcarona|spa|1
|-boost|p1b: Volcarona|spd|1
|-boost|p1b: Volcarona|spe|1
|move|p2a: Ursaluna|Hyper Voice|p1b: Volcarona
|-damage|p1b: Volcarona|50/100
|
|-heal|p1b: Volcarona|56/100|[from] Grassy Terrain
|-heal|p1b: Volcarona|62/100|[from] item: Leftovers
|-heal|p2b: Gholdengo|25/100|[from] Grassy Terrain
|-end|p2b: Gholdengo|Throat Chop|[silent]
|upkeep
|turn|7
|
|t:|1757165951
|move|p1b: Volcarona|Quiver Dance|p1b: Volcarona
|-boost|p1b: Volcarona|spa|1
|-boost|p1b: Volcarona|spd|1
|-boost|p1b: Volcarona|spe|1
|move|p2b: Gholdengo|Shadow Ball|p1b: Volcarona
|-damage|p1b: Volcarona|46/100
|-damage|p2b: Gholdengo|15/100|[from] item: Life Orb
|move|p2a: Ursaluna|Blood Moon|p1b: Volcarona
|-damage|p1b: Volcarona|16/100
|
|-heal|p1b: Volcarona|21/100|[from] Grassy Terrain
|-heal|p1b: Volcarona|27/100|[from] item: Leftovers
|-heal|p2b: Gholdengo|21/100|[from] Grassy Terrain
|upkeep
|turn|8
|
|t:|1757165967
|move|p1b: Volcarona|Giga Drain|p2a: Ursaluna
|-supereffective|p2a: Ursaluna
|-damage|p2a: Ursaluna|21/100
|-heal|p1b: Volcarona|70/100|[from] drain|[of] p2a: Ursaluna
|move|p2b: Gholdengo|Shadow Ball|p1b: Volcarona
|-damage|p1b: Volcarona|54/100
|-damage|p2b: Gholdengo|12/100|[from] item: Life Orb
|move|p2a: Ursaluna|Hyper Voice|p1b: Volcarona
|-damage|p1b: Volcarona|35/100
|
|-heal|p1b: Volcarona|40/100|[from] Grassy Terrain
|-heal|p1b: Volcarona|46/100|[from] item: Leftovers
|-heal|p2b: Gholdengo|18/100|[from] Grassy Terrain
|-heal|p2a: Ursaluna|27/100|[from] Grassy Terrain
|-fieldend|move: Grassy Terrain
|upkeep
|turn|9
|
|t:|1757165978
|move|p2a: Ursaluna|Vacuum Wave|p1b: Volcarona
|-damage|p1b: Volcarona|40/100
|move|p1b: Volcarona|Giga Drain|p2a: Ursaluna
|-supereffective|p2a: Ursaluna
|-damage|p2a: Ursaluna|0 fnt
|-heal|p1b: Volcarona|54/100|[from] drain|[of] p2a: Ursaluna
|faint|p2a: Ursaluna
|move|p2b: Gholdengo|Shadow Ball|p1b: Volcarona
|-damage|p1b: Volcarona|38/100
|-damage|p2b: Gholdengo|8/100|[from] item: Life Orb
|
|-heal|p1b: Volcarona|44/100|[from] item: Leftovers
|upkeep
|
|t:|1757165983
|switch|p2a: Dragonite|Dragonite, L50, M|100/100
|turn|10
|
|t:|1757166002
|move|p2b: Gholdengo|Protect|p2b: Gholdengo
|-singleturn|p2b: Gholdengo|Protect
|move|p1b: Volcarona|Fiery Dance|p2b: Gholdengo
|-activate|p2b: Gholdengo|move: Protect
|move|p2a: Dragonite|Haze|p2a: Dragonite
|-clearallboost
|
|-heal|p1b: Volcarona|50/100|[from] item: Leftovers
|upkeep
|turn|11
|
|t:|1757166015
|move|p1b: Volcarona|Protect|p1b: Volcarona
|-singleturn|p1b: Volcarona|Protect
|move|p2b: Gholdengo|Shadow Ball|p1b: Volcarona
|-activate|p1b: Volcarona|move: Protect
|move|p2a: Dragonite|Scale Shot|p1b: Volcarona
|-activate|p1b: Volcarona|move: Protect
|
|-heal|p1b: Volcarona|55/100|[from] item: Leftovers
|upkeep
|turn|12
|
|t:|1757166024
|move|p2b: Gholdengo|Shadow Ball|p1b: Volcarona
|-damage|p1b: Volcarona|10/100
|-damage|p2b: Gholdengo|0 fnt|[from] item: Life Orb
|faint|p2b: Gholdengo
|move|p1b: Volcarona|Fiery Dance|p2a: Dragonite
|-resisted|p2a: Dragonite
|-damage|p2a: Dragonite|91/100
|-boost|p1b: Volcarona|spa|1
|move|p2a: Dragonite|Scale Shot|p1b: Volcarona
|-damage|p1b: Volcarona|0 fnt
|faint|p1b: Volcarona
|-hitcount|p1: Volcarona|1
|
|win|A_TerroneVGC
|raw|Crystneel's rating: 1228 → 1211(-17 for losing)
|raw|A_TerroneVGC's rating: 1347 → 1360(+13 for winning)
