|j|☆Jordan230806
|j|☆Tajinvgc4
|html|Jordan230806Tajinvgc4    
|uhtml|bestof|Game 3 of a best-of-3
|t:|1785886688
|gametype|doubles
|player|p1|Jordan230806|lucas|1038
|player|p2|Tajinvgc4|101|1000
|gen|9
|tier|[Gen 9 Champions] VGC 2026 Reg M-B (Bo3)
|rated|
|rule|Species Clause: Limit one of each Pokémon
|rule|Item Clause: Limit 1 of each item
|clearpoke
|poke|p1|Raichu, L50, F|
|poke|p1|Farigiraf, L50, F|
|poke|p1|Mawile, L50, M|
|poke|p1|Garchomp, L50, F|
|poke|p1|Vivillon, L50, F|
|poke|p1|Torkoal, L50, F|
|poke|p2|Charizard, L50, M, shiny|
|poke|p2|Garchomp, L50, M, shiny|
|poke|p2|Kingambit, L50, M, shiny|
|poke|p2|Floette-Eternal, L50, F|
|poke|p2|Whimsicott, L50, M, shiny|
|poke|p2|Basculegion, L50, M, shiny|
|teampreview|4
|showteam|p1|Raichu||RaichuniteY|LightningRod|FakeOut,ZapCannon,FocusBlast,Protect|Hasty||F|||50|]Farigiraf||SitrusBerry|ArmorTail|Psychic,TrickRoom,HelpingHand,Thunderbolt|Quiet||F|||50|]Mawile||Mawilite|Intimidate|PlayRough,RockSlide,SuckerPunch,Protect|Adamant||M|||50|]Garchomp||LifeOrb|RoughSkin|Earthquake,DragonClaw,RockSlide,Protect|Jolly||F|||50|]Vivillon||FocusSash|CompoundEyes|SleepPowder,Hurricane,RagePowder,Protect|Timid||F|||50|]Torkoal||Charcoal|Drought|Eruption,EarthPower,WeatherBall,Protect|Modest||F|||50|
|showteam|p2|Charizard||CharizarditeY|Blaze|HeatWave,WeatherBall,SolarBeam,Protect|Modest||M|||50|]Garchomp||LifeOrb|RoughSkin|DragonClaw,Earthquake,Protect,RockSlide|Jolly||M|||50|]Kingambit||BlackGlasses|Defiant|KowtowCleave,LowKick,SuckerPunch,Protect|Adamant||M|||50|]Floette-Eternal||Floettite|FlowerVeil|Moonblast,DazzlingGleam,LightofRuin,Protect|Timid||F|||50|]Whimsicott||FocusSash|Prankster|Moonblast,Encore,Tailwind,Protect|Timid||M|||50|]Basculegion||MysticWater|Adaptability|WaveCrash,LastRespects,AquaJet,Protect|Adamant||M|||50|
|inactive|Battle timer is ON: inactive players will automatically lose when time's up. (requested by Tajinvgc4)
|inactive|Jordan230806 has 60 seconds left.
|inactive|Tajinvgc4 has 60 seconds left.
|
|t:|1785886737
|teamsize|p1|4
|teamsize|p2|4
|start
|switch|p1a: Mawile|Mawile, L50, M|100/100
|switch|p1b: Vivillon|Vivillon, L50, F|100/100
|switch|p2a: Charizard|Charizard, L50, M, shiny|100/100
|switch|p2b: Garchomp|Garchomp, L50, M, shiny|100/100
|-ability|p1a: Mawile|Intimidate|boost
|-unboost|p2a: Charizard|atk|1
|-unboost|p2b: Garchomp|atk|1
|turn|1
|inactive|Tajinvgc4 has 30 seconds left.
|
|t:|1785886762
|detailschange|p1a: Mawile|Mawile-Mega, L50, M
|-mega|p1a: Mawile|Mawile|Mawilite
|move|p1b: Vivillon|Protect|p1b: Vivillon
|-singleturn|p1b: Vivillon|Protect
|move|p2a: Charizard|Protect|p2a: Charizard
|-singleturn|p2a: Charizard|Protect
|move|p2b: Garchomp|Rock Slide|p1b: Vivillon|[spread] p1a
|-activate|p1b: Vivillon|move: Protect
|-resisted|p1a: Mawile|1
|-damage|p1a: Mawile|91/100
|-damage|p2b: Garchomp|90/100|[from] item: Life Orb
|move|p1a: Mawile|Rock Slide|p2b: Garchomp|[spread] p2b
|-activate|p2a: Charizard|move: Protect
|-resisted|p2b: Garchomp|1
|-crit|p2b: Garchomp
|-damage|p2b: Garchomp|61/100
|
|upkeep
|turn|2
|inactive|Jordan230806 has 30 seconds left.
|inactive|Tajinvgc4 has 30 seconds left.
|inactive|Jordan230806 has 20 seconds left.
|inactive|Tajinvgc4 has 20 seconds left.
|inactive|Tajinvgc4 has 15 seconds left.
|
|t:|1785886807
|switch|p1b: Garchomp|Garchomp, L50, F|100/100
|switch|p2a: Basculegion|Basculegion, L50, M, shiny|100/100
|move|p2b: Garchomp|Protect|p2b: Garchomp
|-singleturn|p2b: Garchomp|Protect
|move|p1a: Mawile|Play Rough|p2b: Garchomp
|-activate|p2b: Garchomp|move: Protect
|
|upkeep
|turn|3
|inactive|Jordan230806 has 30 seconds left.
|inactive|Tajinvgc4 has 30 seconds left.
|
|t:|1785886841
|switch|p2b: Kingambit|Kingambit, L50, M, shiny|100/100
|move|p1b: Garchomp|Protect|p1b: Garchomp
|-singleturn|p1b: Garchomp|Protect
|move|p2a: Basculegion|Protect|p2a: Basculegion
|-singleturn|p2a: Basculegion|Protect
|move|p1a: Mawile|Sucker Punch||[still]
|-fail|p1a: Mawile
|
|upkeep
|turn|4
|inactive|Jordan230806 has 30 seconds left.
|inactive|Tajinvgc4 has 30 seconds left.
|inactive|Tajinvgc4 has 20 seconds left.
|inactive|Jordan230806 has 20 seconds left.
|
|t:|1785886882
|move|p2a: Basculegion|Aqua Jet|p1b: Garchomp
|-damage|p1b: Garchomp|69/100
|-damage|p2a: Basculegion|87/100|[from] ability: Rough Skin|[of] p1b: Garchomp
|move|p1a: Mawile|Sucker Punch||[still]
|-fail|p1a: Mawile
|move|p1b: Garchomp|Rock Slide|p2a: Basculegion|[spread] p2a,p2b
|-crit|p2a: Basculegion
|-resisted|p2b: Kingambit|1
|-damage|p2a: Basculegion|42/100
|-damage|p2b: Kingambit|90/100
|-damage|p1b: Garchomp|60/100|[from] item: Life Orb
|move|p2b: Kingambit|Kowtow Cleave|p1b: Garchomp
|-damage|p1b: Garchomp|0 fnt
|-damage|p2b: Kingambit|78/100|[from] ability: Rough Skin|[of] p1b: Garchomp
|faint|p1b: Garchomp
|
|upkeep
|
|t:|1785886897
|switch|p1b: Farigiraf|Farigiraf, L50, F|100/100
|turn|5
|inactive|Tajinvgc4 has 30 seconds left.
|
|t:|1785886931
|move|p1a: Mawile|Protect|p1a: Mawile
|-singleturn|p1a: Mawile|Protect
|move|p2a: Basculegion|Wave Crash|p1b: Farigiraf
|-damage|p1b: Farigiraf|3/100
|-enditem|p1b: Farigiraf|Sitrus Berry|[eat]
|-heal|p1b: Farigiraf|27/100|[from] item: Sitrus Berry
|-damage|p2a: Basculegion|6/100|[from] Recoil
|move|p2b: Kingambit|Kowtow Cleave|p1b: Farigiraf
|-supereffective|p1b: Farigiraf|1
|-damage|p1b: Farigiraf|0 fnt
|faint|p1b: Farigiraf
|
|upkeep
|
|t:|1785886943
|switch|p1b: Vivillon|Vivillon, L50, F|100/100
|turn|6
|inactive|Tajinvgc4 has 30 seconds left.
|
|t:|1785886971
|move|p2a: Basculegion|Protect|p2a: Basculegion
|-singleturn|p2a: Basculegion|Protect
|move|p2b: Kingambit|Protect|p2b: Kingambit
|-singleturn|p2b: Kingambit|Protect
|move|p1b: Vivillon|Sleep Powder|p2b: Kingambit
|-activate|p2b: Kingambit|move: Protect
|move|p1a: Mawile|Rock Slide|p2a: Basculegion|[spread] 
|-activate|p2a: Basculegion|move: Protect
|-activate|p2b: Kingambit|move: Protect
|
|upkeep
|turn|7
|inactive|Jordan230806 has 30 seconds left.
|
|t:|1785886999
|move|p1b: Vivillon|Protect|p1b: Vivillon
|-singleturn|p1b: Vivillon|Protect
|move|p2a: Basculegion|Aqua Jet|p1b: Vivillon
|-activate|p1b: Vivillon|move: Protect
|move|p1a: Mawile|Sucker Punch||[still]
|-fail|p1a: Mawile
|move|p2b: Kingambit|Kowtow Cleave|p1a: Mawile
|-resisted|p1a: Mawile|1
|-damage|p1a: Mawile|64/100
|
|upkeep
|turn|8
|
|t:|1785887018
|move|p2a: Basculegion|Aqua Jet|p1b: Vivillon
|-damage|p1b: Vivillon|49/100
|move|p1b: Vivillon|Hurricane|p2b: Kingambit
|-resisted|p2b: Kingambit|1
|-damage|p2b: Kingambit|61/100
|move|p2b: Kingambit|Kowtow Cleave|p1b: Vivillon
|-damage|p1b: Vivillon|0 fnt
|faint|p1b: Vivillon
|move|p1a: Mawile|Play Rough|p2b: Kingambit
|-damage|p2b: Kingambit|0 fnt
|faint|p2b: Kingambit
|
|upkeep
|c|☆Tajinvgc4|Gg
|
|t:|1785887033
|switch|p2b: Charizard|Charizard, L50, M, shiny|100/100
|turn|9
|
|t:|1785887040
|detailschange|p2b: Charizard|Charizard-Mega-Y, L50, M, shiny
|-mega|p2b: Charizard|Charizard|Charizardite Y
|-weather|SunnyDay|[from] ability: Drought|[of] p2b: Charizard
|move|p2b: Charizard|Weather Ball|p1a: Mawile
|-supereffective|p1a: Mawile|1
|-damage|p1a: Mawile|0 fnt
|faint|p1a: Mawile
|
|win|Tajinvgc4
|raw|Jordan230806's rating: 1038 → 1021(-17 for losing)
|raw|Tajinvgc4's rating: 1000 → 1044(+44 for winning)
|l|☆Jordan230806
|player|p1|
