|j|☆Heitorcosmos
|j|☆eklyst
|html|Heitorcosmoseklyst    
|uhtml|bestof|Game 1 of a best-of-3
|t:|1785922933
|gametype|doubles
|player|p1|Heitorcosmos|169|1088
|player|p2|eklyst|pokemaniac|1140
|gen|9
|tier|[Gen 9 Champions] VGC 2026 Reg M-B (Bo3)
|rated|
|rule|Species Clause: Limit one of each Pokémon
|rule|Item Clause: Limit 1 of each item
|clearpoke
|poke|p1|Froslass, L50, F|
|poke|p1|Farigiraf, L50, M|
|poke|p1|Glaceon, L50, M|
|poke|p1|Sneasler, L50, F|
|poke|p1|Incineroar, L50, M|
|poke|p1|Glimmora, L50, M|
|poke|p2|Metagross, L50|
|poke|p2|Garchomp, L50, M|
|poke|p2|Tyranitar, L50, M|
|poke|p2|Sinistcha, L50|
|poke|p2|Milotic, L50, F|
|poke|p2|Sneasler, L50, M, shiny|
|teampreview|4
|showteam|p1|Froslass||Froslassite|SnowCloak|Protect,Thunderbolt,Blizzard,AuroraVeil|Modest||F|||50|]Farigiraf|||ArmorTail|HyperVoice,AllySwitch,TrickRoom,HelpingHand|Calm||M|||50|]Glaceon||FocusSash|SnowCloak|Blizzard,Snowscape,AlluringVoice,Yawn|Jolly||M|||50|]Sneasler||WhiteHerb|Pressure|CloseCombat,DireClaw,FakeOut,Protect|Jolly||F|||50|]Incineroar||SitrusBerry|Intimidate|FakeOut,PartingShot,FlareBlitz,Taunt|Adamant||M|||50|]Glimmora||Glimmoranite|ToxicDebris|EarthPower,SpikyShield,GunkShot,MeteorBeam|Jolly||M|||50|
|showteam|p2|Metagross||Metagrossite|ClearBody|IronHead,PsychicFangs,StompingTantrum,Protect|Jolly|||||50|]Garchomp||Garchompite|SandVeil|EarthPower,DracoMeteor,PowerGem,Protect|Modest||M|||50|]Tyranitar||ChoiceScarf|SandStream|RockSlide,KnockOff,LowKick,IcePunch|Jolly||M|||50|]Sinistcha||ColburBerry|Hospitality|MatchaGotcha,RagePowder,TrickRoom,Protect|Relaxed|||||50|]Milotic||SitrusBerry|Competitive|IcyWind,Haze,Scald,Protect|Bold||F|||50|]Sneasler||WhiteHerb|Unburden|CloseCombat,FakeOut,GunkShot,Protect|Jolly||M|||50|
|inactive|Battle timer is ON: inactive players will automatically lose when time's up. (requested by eklyst)
|inactive|Heitorcosmos has 60 seconds left.
|inactive|eklyst has 60 seconds left.
|inactive|eklyst has 30 seconds left.
|c|☆Heitorcosmos|olá meu amiguinho
|inactive|eklyst has 20 seconds left.
|
|t:|1785923006
|teamsize|p1|4
|teamsize|p2|4
|start
|switch|p1a: Froslass|Froslass, L50, F|100/100
|switch|p1b: Incineroar|Incineroar, L50, M|100/100
|switch|p2a: Garchomp|Garchomp, L50, M|100/100
|switch|p2b: Tyranitar|Tyranitar, L50, M|100/100
|-weather|Sandstorm|[from] ability: Sand Stream|[of] p2b: Tyranitar
|-ability|p1b: Incineroar|Intimidate|boost
|-unboost|p2a: Garchomp|atk|1
|-unboost|p2b: Tyranitar|atk|1
|turn|1
|inactive|eklyst has 30 seconds left.
|inactive|Heitorcosmos has 30 seconds left.
|
|t:|1785923042
|switch|p2a: Milotic|Milotic, L50, F|100/100
|move|p1b: Incineroar|Fake Out|p2b: Tyranitar
|-resisted|p2b: Tyranitar|1
|-damage|p2b: Tyranitar|92/100
|cant|p2b: Tyranitar|flinch
|move|p1a: Froslass|Aurora Veil||[still]
|-fail|p1a: Froslass
|
|-weather|Sandstorm|[upkeep]
|-damage|p1a: Froslass|93/100|[from] Sandstorm
|-damage|p2a: Milotic|94/100|[from] Sandstorm
|-damage|p1b: Incineroar|94/100|[from] Sandstorm
|upkeep
|turn|2
|
|t:|1785923066
|detailschange|p1a: Froslass|Froslass-Mega, L50, F
|-mega|p1a: Froslass|Froslass|Froslassite
|-weather|Snowscape|[from] ability: Snow Warning|[of] p1a: Froslass
|move|p2b: Tyranitar|Knock Off|p1a: Froslass
|-supereffective|p1a: Froslass|1
|-damage|p1a: Froslass|47/100
|move|p1a: Froslass|Aurora Veil|p1a: Froslass
|-sidestart|p1: Heitorcosmos|move: Aurora Veil
|move|p2a: Milotic|Scald|p1b: Incineroar
|-supereffective|p1b: Incineroar|1
|-damage|p1b: Incineroar|56/100
|move|p1b: Incineroar|Parting Shot|p2a: Milotic
|-unboost|p2a: Milotic|atk|1
|-ability|p2a: Milotic|Competitive|boost
|-boost|p2a: Milotic|spa|2
|-unboost|p2a: Milotic|spa|1
|-ability|p2a: Milotic|Competitive|boost
|-boost|p2a: Milotic|spa|2
|
|t:|1785923083
|switch|p1b: Glaceon|Glaceon, L50, M|100/100|[from] Parting Shot
|
|-weather|Snowscape|[upkeep]
|upkeep
|turn|3
|
|t:|1785923098
|move|p2b: Tyranitar|Knock Off|p1a: Froslass
|-supereffective|p1a: Froslass|1
|-damage|p1a: Froslass|12/100
|move|p1a: Froslass|Thunderbolt|p2a: Milotic
|-supereffective|p2a: Milotic|1
|-damage|p2a: Milotic|41/100
|-enditem|p2a: Milotic|Sitrus Berry|[eat]
|-heal|p2a: Milotic|66/100|[from] item: Sitrus Berry
|move|p1b: Glaceon|Alluring Voice|p2b: Tyranitar
|-supereffective|p2b: Tyranitar|1
|-damage|p2b: Tyranitar|44/100
|move|p2a: Milotic|Scald|p1b: Glaceon
|-damage|p1b: Glaceon|43/100
|
|-weather|Snowscape|[upkeep]
|upkeep
|turn|4
|
|t:|1785923119
|move|p2b: Tyranitar|Knock Off|p1a: Froslass
|-supereffective|p1a: Froslass|1
|-crit|p1a: Froslass
|-damage|p1a: Froslass|0 fnt
|faint|p1a: Froslass
|move|p1b: Glaceon|Yawn|p2a: Milotic
|-start|p2a: Milotic|move: Yawn|[of] p1b: Glaceon
|move|p2a: Milotic|Scald|p1b: Glaceon|[miss]
|-miss|p2a: Milotic|p1b: Glaceon
|
|-weather|Snowscape|[upkeep]
|upkeep
|
|t:|1785923124
|switch|p1a: Sneasler|Sneasler, L50, F|100/100
|-ability|p1a: Sneasler|Pressure
|turn|5
|
|t:|1785923132
|switch|p2b: Sinistcha|Sinistcha, L50|100/100
|-heal|p2a: Milotic|91/100|[from] ability: Hospitality|[of] p2b: Sinistcha
|move|p1a: Sneasler|Close Combat|p2b: Sinistcha
|-immune|p2b: Sinistcha
|move|p1b: Glaceon|Blizzard|p2b: Sinistcha|[spread] p2a,p2b
|-resisted|p2a: Milotic|1
|-supereffective|p2b: Sinistcha|1
|-damage|p2a: Milotic|77/100
|-damage|p2b: Sinistcha|29/100
|-status|p2b: Sinistcha|frz
|move|p2a: Milotic|Scald|p1a: Sneasler
|-damage|p1a: Sneasler|36/100
|
|-weather|Snowscape|[upkeep]
|-end|p2a: Milotic|move: Yawn|[silent]
|-status|p2a: Milotic|slp
|upkeep
|turn|6
|
|t:|1785923156
|cant|p2a: Milotic|slp
|cant|p2b: Sinistcha|frz
|move|p1a: Sneasler|Dire Claw|p2b: Sinistcha
|-damage|p2b: Sinistcha|0 fnt
|-fail|p2b: Sinistcha
|faint|p2b: Sinistcha
|move|p1b: Glaceon|Blizzard|p2a: Milotic
|-resisted|p2a: Milotic|1
|-damage|p2a: Milotic|57/100 slp
|
|-weather|none
|-sideend|p1: Heitorcosmos|move: Aurora Veil
|upkeep
|
|t:|1785923173
|switch|p2b: Garchomp|Garchomp, L50, M|100/100
|turn|7
|
|t:|1785923191
|detailschange|p2b: Garchomp|Garchomp-Mega, L50, M
|-mega|p2b: Garchomp|Garchomp|Garchompite
|move|p1a: Sneasler|Protect|p1a: Sneasler
|-singleturn|p1a: Sneasler|Protect
|move|p2b: Garchomp|Power Gem|p1b: Glaceon
|-supereffective|p1b: Glaceon|1
|-damage|p1b: Glaceon|0 fnt
|faint|p1b: Glaceon
|-curestatus|p2a: Milotic|slp|[msg]
|move|p2a: Milotic|Icy Wind|p1a: Sneasler
|-activate|p1a: Sneasler|move: Protect
|
|upkeep
|
|t:|1785923197
|switch|p1b: Incineroar|Incineroar, L50, M|56/100
|-ability|p1b: Incineroar|Intimidate|boost
|-unboost|p2a: Milotic|atk|1
|-ability|p2a: Milotic|Competitive|boost
|-boost|p2a: Milotic|spa|2
|-unboost|p2b: Garchomp|atk|1
|turn|8
|
|t:|1785923210
|move|p2b: Garchomp|Protect|p2b: Garchomp
|-singleturn|p2b: Garchomp|Protect
|move|p2a: Milotic|Protect|p2a: Milotic
|-singleturn|p2a: Milotic|Protect
|move|p1b: Incineroar|Fake Out|p2a: Milotic
|-activate|p2a: Milotic|move: Protect
|move|p1a: Sneasler|Dire Claw|p2a: Milotic
|-activate|p2a: Milotic|move: Protect
|
|upkeep
|turn|9
|
|t:|1785923217
|move|p1a: Sneasler|Dire Claw|p2a: Milotic
|-damage|p2a: Milotic|27/100
|move|p2b: Garchomp|Earth Power|p1b: Incineroar
|-supereffective|p1b: Incineroar|1
|-damage|p1b: Incineroar|0 fnt
|faint|p1b: Incineroar
|move|p2a: Milotic|Scald|p1a: Sneasler
|-damage|p1a: Sneasler|0 fnt
|faint|p1a: Sneasler
|
|win|eklyst
||Heitorcosmos is ready for game 2.
|inactive|eklyst has 30 seconds to confirm battle start!
||eklyst is ready for game 2.
|uhtml|next|Next: Game 2 of 3
|l|☆Heitorcosmos
|player|p1|
|l|☆eklyst
|player|p2|
|j|☆eklyst
|player|p2|eklyst|pokemaniac|
