|j|☆sparshjha
|j|☆EchoShadowYT
|html|sparshjhaEchoShadowYT    
|uhtml|bestof|Game 1 of a best-of-3
|t:|1786033234
|gametype|doubles
|player|p1|sparshjha|266|1308
|player|p2|EchoShadowYT|skierf|1348
|gen|9
|tier|[Gen 9 Champions] VGC 2026 Reg M-B (Bo3)
|rated|
|rule|Species Clause: Limit one of each Pokémon
|rule|Item Clause: Limit 1 of each item
|clearpoke
|poke|p1|Staraptor, L50, M|
|poke|p1|Garchomp, L50, F|
|poke|p1|Whimsicott, L50, M|
|poke|p1|Delphox, L50, M|
|poke|p1|Sneasler, L50, F|
|poke|p1|Kingambit, L50, M|
|poke|p2|Charizard, L50, F|
|poke|p2|Venusaur, L50, M|
|poke|p2|Garchomp, L50, M|
|poke|p2|Toxapex, L50, F|
|poke|p2|Incineroar, L50, F|
|poke|p2|Annihilape, L50, F|
|teampreview|4
|showteam|p1|Staraptor||Staraptite|Intimidate|Protect,Roost,CloseCombat,BraveBird|Jolly||M|||50|]Garchomp||LifeOrb|RoughSkin|Protect,RockSlide,Earthquake,DragonClaw|Jolly||F|||50|]Whimsicott||FocusSash|Prankster|Moonblast,Tailwind,Charm,LightScreen|Timid||M|||50|]Delphox||Delphoxite|Blaze|Protect,Psychic,HeatWave,Encore|Timid||M|||50|]Sneasler||WhiteHerb|Unburden|FakeOut,QuickGuard,CloseCombat,DireClaw|Adamant||F|||50|]Kingambit||BlackGlasses|Defiant|KowtowCleave,IronHead,SuckerPunch,Protect|Adamant||M|||50|
|showteam|p2|Charizard||CharizarditeY|Blaze|HeatWave,WeatherBall,HelpingHand,Protect|Modest||F|||50|]Venusaur||LifeOrb|Chlorophyll|SludgeBomb,EarthPower,SolarBeam,Protect|Modest||M|||50|]Garchomp||ChoiceScarf|RoughSkin|DragonClaw,Earthquake,RockSlide,StompingTantrum|Adamant||M|||50|]Toxapex||Leftovers|Regenerator|Toxic,Infestation,BanefulBunker,WideGuard|Bold||F|||50|]Incineroar||SitrusBerry|Intimidate|FlareBlitz,ThroatChop,PartingShot,FakeOut|Impish||F|||50|]Annihilape||FocusSash|Defiant|PhantomForce,CloseCombat,RockTomb,Protect|Jolly||F|||50|
|inactive|Battle timer is ON: inactive players will automatically lose when time's up. (requested by EchoShadowYT)
|inactive|sparshjha has 60 seconds left.
|inactive|EchoShadowYT has 60 seconds left.
|inactive|sparshjha has 30 seconds left.
|
|t:|1786033297
|teamsize|p1|4
|teamsize|p2|4
|start
|switch|p1a: Delphox|Delphox, L50, M|100/100
|switch|p1b: Whimsicott|Whimsicott, L50, M|100/100
|switch|p2a: Toxapex|Toxapex, L50, F|100/100
|switch|p2b: Incineroar|Incineroar, L50, F|100/100
|-ability|p2b: Incineroar|Intimidate|boost
|-unboost|p1a: Delphox|atk|1
|-unboost|p1b: Whimsicott|atk|1
|turn|1
|inactive|sparshjha has 30 seconds left.
|
|t:|1786033331
|switch|p1b: Garchomp|Garchomp, L50, F|100/100
|detailschange|p1a: Delphox|Delphox-Mega, L50, M
|-mega|p1a: Delphox|Delphox|Delphoxite
|move|p1a: Delphox|Protect|p1a: Delphox
|-singleturn|p1a: Delphox|Protect
|move|p2b: Incineroar|Fake Out|p1a: Delphox
|-activate|p1a: Delphox|move: Protect
|move|p2a: Toxapex|Toxic|p1b: Garchomp
|-status|p1b: Garchomp|tox
|
|-damage|p1b: Garchomp|94/100 tox|[from] psn
|upkeep
|turn|2
|
|t:|1786033353
|switch|p2b: Charizard|Charizard, L50, F|100/100
|move|p2a: Toxapex|Baneful Bunker|p2a: Toxapex
|-singleturn|p2a: Toxapex|move: Protect
|move|p1a: Delphox|Psychic|p2a: Toxapex
|-activate|p2a: Toxapex|move: Protect
|move|p1b: Garchomp|Earthquake|p2b: Charizard|[spread] 
|-activate|p2a: Toxapex|move: Protect
|-immune|p1a: Delphox|[from] ability: Levitate
|-immune|p2b: Charizard
|
|-damage|p1b: Garchomp|82/100 tox|[from] psn
|upkeep
|turn|3
|
|t:|1786033373
|switch|p2a: Incineroar|Incineroar, L50, F|100/100
|-ability|p2a: Incineroar|Intimidate|boost
|-unboost|p1a: Delphox|atk|1
|-unboost|p1b: Garchomp|atk|1
|move|p2b: Charizard|Protect|p2b: Charizard
|-singleturn|p2b: Charizard|Protect
|move|p1a: Delphox|Psychic|p2a: Incineroar
|-immune|p2a: Incineroar
|move|p1b: Garchomp|Earthquake|p2a: Incineroar|[spread] p2a
|-activate|p2b: Charizard|move: Protect
|-immune|p1a: Delphox|[from] ability: Levitate
|-supereffective|p2a: Incineroar|1
|-damage|p2a: Incineroar|52/100
|-damage|p1b: Garchomp|72/100 tox|[from] item: Life Orb
|
|-damage|p1b: Garchomp|55/100 tox|[from] psn
|upkeep
|turn|4
|inactive|EchoShadowYT has 30 seconds left.
|inactive|EchoShadowYT has 20 seconds left.
|inactive|EchoShadowYT has 15 seconds left.
|
|t:|1786033413
|switch|p2b: Garchomp|Garchomp, L50, M|100/100
|move|p2a: Incineroar|Fake Out|p1b: Garchomp
|-damage|p1b: Garchomp|44/100 tox
|-damage|p2a: Incineroar|39/100|[from] ability: Rough Skin|[of] p1b: Garchomp
|-enditem|p2a: Incineroar|Sitrus Berry|[eat]
|-heal|p2a: Incineroar|64/100|[from] item: Sitrus Berry
|move|p1a: Delphox|Encore|p2a: Incineroar
|-start|p2a: Incineroar|Encore
|cant|p1b: Garchomp|flinch
|
|-damage|p1b: Garchomp|20/100y tox|[from] psn
|upkeep
|turn|5
|inactive|sparshjha has 30 seconds left.
|inactive|sparshjha has 20 seconds left.
|inactive|sparshjha has 15 seconds left.
|inactive|sparshjha has 10 seconds left.
|
|t:|1786033460
|switch|p1b: Whimsicott|Whimsicott, L50, M|100/100
|switch|p2a: Charizard|Charizard, L50, F|100/100
|move|p1a: Delphox|Protect|p1a: Delphox
|-singleturn|p1a: Delphox|Protect
|move|p2b: Garchomp|Rock Slide|p1a: Delphox|[spread] p1b
|-activate|p1a: Delphox|move: Protect
|-damage|p1b: Whimsicott|68/100
|
|upkeep
|turn|6
|inactive|sparshjha has 30 seconds left.
|
|t:|1786033490
|detailschange|p2a: Charizard|Charizard-Mega-Y, L50, F
|-mega|p2a: Charizard|Charizard|Charizardite Y
|-weather|SunnyDay|[from] ability: Drought|[of] p2a: Charizard
|move|p1b: Whimsicott|Tailwind|p1b: Whimsicott
|-sidestart|p1: sparshjha|move: Tailwind
|move|p1a: Delphox|Psychic|p2a: Charizard
|-damage|p2a: Charizard|51/100
|move|p2b: Garchomp|Rock Slide|p1b: Whimsicott|[spread] p1a,p1b
|-supereffective|p1a: Delphox|1
|-damage|p1a: Delphox|39/100
|-damage|p1b: Whimsicott|36/100
|move|p2a: Charizard|Heat Wave|p1a: Delphox|[spread] p1a,p1b
|-resisted|p1a: Delphox|1
|-supereffective|p1b: Whimsicott|1
|-damage|p1a: Delphox|10/100
|-damage|p1b: Whimsicott|0 fnt
|faint|p1b: Whimsicott
|
|-weather|SunnyDay|[upkeep]
|upkeep
|
|t:|1786033515
|switch|p1b: Garchomp|Garchomp, L50, F|20/100y tox
|turn|7
|inactive|sparshjha has 30 seconds left.
|
|t:|1786033543
|switch|p2b: Incineroar|Incineroar, L50, F|64/100
|-ability|p2b: Incineroar|Intimidate|boost
|-unboost|p1a: Delphox|atk|1
|-unboost|p1b: Garchomp|atk|1
|move|p2a: Charizard|Protect|p2a: Charizard
|-singleturn|p2a: Charizard|Protect
|move|p1a: Delphox|Psychic|p2a: Charizard
|-activate|p2a: Charizard|move: Protect
|move|p1b: Garchomp|Dragon Claw|p2b: Incineroar
|-damage|p2b: Incineroar|38/100
|-damage|p1b: Garchomp|11/100 tox|[from] item: Life Orb
|
|-weather|SunnyDay|[upkeep]
|-damage|p1b: Garchomp|5/100 tox|[from] psn
|upkeep
|turn|8
|inactive|sparshjha has 30 seconds left.
|inactive|EchoShadowYT has 30 seconds left.
|
|t:|1786033577
|switch|p2a: Garchomp|Garchomp, L50, M|100/100
|move|p2b: Incineroar|Fake Out|p1a: Delphox
|-damage|p1a: Delphox|0 fnt
|faint|p1a: Delphox
|move|p1b: Garchomp|Rock Slide|p2b: Incineroar|[spread] 
|-miss|p1b: Garchomp|p2a: Garchomp
|-miss|p1b: Garchomp|p2b: Incineroar
|
|-weather|SunnyDay|[upkeep]
|-damage|p1b: Garchomp|0 fnt|[from] psn
|faint|p1b: Garchomp
|upkeep
|
|t:|1786033583
|switch|p1b: Kingambit|Kingambit, L50, M|100/100
|turn|9
|
|t:|1786033597
|move|p2a: Garchomp|Stomping Tantrum|p1b: Kingambit
|-supereffective|p1b: Kingambit|1
|-damage|p1b: Kingambit|28/100
|move|p1b: Kingambit|Kowtow Cleave|p2a: Garchomp
|-damage|p2a: Garchomp|34/100
|-damage|p1b: Kingambit|16/100|[from] ability: Rough Skin|[of] p2a: Garchomp
|move|p2b: Incineroar|Flare Blitz|p1b: Kingambit
|-supereffective|p1b: Kingambit|1
|-damage|p1b: Kingambit|0 fnt
|faint|p1b: Kingambit
|-damage|p2b: Incineroar|33/100|[from] Recoil
|
|win|EchoShadowYT
||sparshjha is ready for game 2.
||EchoShadowYT is ready for game 2.
|uhtml|next|Next: Game 2 of 3
|l|☆sparshjha
|player|p1|
