|j|☆Orichalcum25
|j|☆Dcironeagle
|html|Orichalcum25Dcironeagle    
|uhtml|bestof|Game 1 of a best-of-3
|t:|1757722445
|gametype|doubles
|player|p1|Orichalcum25|molayne|
|player|p2|Dcironeagle|cueball-gen1rb|
|gen|9
|tier|[Gen 9] VGC 2025 Reg H (Bo3)
|rule|Species Clause: Limit one of each Pokémon
|rule|Item Clause: Limit 1 of each item
|clearpoke
|poke|p1|Gholdengo, L50|
|poke|p1|Dragonite, L50, F|
|poke|p1|Sneasler, L50, M|
|poke|p1|Rillaboom, L50, F|
|poke|p1|Ursaluna, L50, M|
|poke|p1|Porygon2, L50|
|poke|p2|Archaludon, L50, M|
|poke|p2|Typhlosion-Hisui, L50, M|
|poke|p2|Primarina, L50, F|
|poke|p2|Meowscarada, L50, F|
|poke|p2|Ursaluna-Bloodmoon, L50, M|
|poke|p2|Murkrow, L50, F|
|teampreview|4
|showteam|p1|Gholdengo||LifeOrb|GoodasGold|MakeItRain,ShadowBall,NastyPlot,Protect||||||50|,,,,,Water]Dragonite||LoadedDice|Multiscale|ScaleShot,StompingTantrum,Tailwind,Protect|||F|||50|,,,,,Fairy]Sneasler||FocusSash|Unburden|DireClaw,CloseCombat,Coaching,Protect|||M|||50|,,,,,Ghost]Rillaboom||AssaultVest|GrassySurge|GrassyGlide,WoodHammer,FakeOut,HighHorsepower|||F|||50|,,,,,Fire]Ursaluna||FlameOrb|Guts|Facade,Protect,HeadlongRush,Earthquake|||M|||50|,,,,,Ghost]Porygon2||Eviolite|Download|TeraBlast,IceBeam,TrickRoom,Recover||||||50|,,,,,Fighting
|showteam|p2|Archaludon||PowerHerb|Sturdy|ElectroShot,FlashCannon,DracoMeteor,Protect|||M|||50|,,,,,Electric]Typhlosion-Hisui||ChoiceSpecs|Blaze|Eruption,ShadowBall,FirePledge,HeatWave|||M|||50|,,,,,Fire]Primarina||CovertCloak|LiquidVoice|HyperVoice,Moonblast,WaterPledge,Protect|||F|||50|,,,,,Poison]Meowscarada||FocusSash|Protean|KnockOff,GrassPledge,FlowerTrick,Protect|||F|||50|,,,,,Ghost]Ursaluna-Bloodmoon||LifeOrb|MindsEye|HyperVoice,BloodMoon,EarthPower,Protect|||M|||50|,,,,,Normal]Murkrow||Eviolite|Prankster|Tailwind,SunnyDay,RainDance,FoulPlay|||F|||50|,,,,,Ghost
|inactive|Battle timer is ON: inactive players will automatically lose when time's up. (requested by Dcironeagle)
|j| 1012aj
|l| 1012aj
|j| 1012aj
|inactive|Orichalcum25 has 60 seconds left.
|inactive|Dcironeagle has 60 seconds left.
|
|t:|1757722499
|teamsize|p1|4
|teamsize|p2|4
|start
|switch|p1a: Dargon|Dragonite, L50, F|100/100
|switch|p1b: Gambling|Sneasler, L50, M|100/100
|switch|p2a: You're Welcome|Primarina, L50, F|100/100
|switch|p2b: Stayin' Alive|Meowscarada, L50, F|100/100
|turn|1
|l| 1012aj
|inactive|Orichalcum25 has 30 seconds left.
|inactive|Orichalcum25 has 20 seconds left.
|
|t:|1757722535
|move|p2b: Stayin' Alive|Grass Pledge|p1b: Gambling
|-waiting|p2b: Stayin' Alive|p2a: You're Welcome
|move|p2a: You're Welcome|Water Pledge|p1b: Gambling|[from] move: Grass Pledge
|-combine
|-resisted|p1b: Gambling
|-damage|p1b: Gambling|48/100
|-sidestart|p1: Orichalcum25|Grass Pledge
|move|p1b: Gambling|Dire Claw|p2b: Stayin' Alive
|-supereffective|p2b: Stayin' Alive
|-enditem|p2b: Stayin' Alive|Focus Sash
|-damage|p2b: Stayin' Alive|1/100
|-status|p2b: Stayin' Alive|slp
|move|p1a: Dargon|Scale Shot|p2b: Stayin' Alive
|-damage|p2b: Stayin' Alive|0 fnt
|faint|p2b: Stayin' Alive
|-hitcount|p2: Stayin' Alive|1
|-unboost|p1a: Dargon|def|1
|-boost|p1a: Dargon|spe|1
|
|upkeep
|
|t:|1757722549
|switch|p2b: Dancing Queen|Murkrow, L50, F|100/100
|turn|2
|
|t:|1757722563
|move|p2b: Dancing Queen|Foul Play|p1a: Dargon
|-damage|p1a: Dargon|55/100
|move|p2a: You're Welcome|Hyper Voice|p1b: Gambling|[spread] p1a,p1b
|-resisted|p1a: Dargon
|-crit|p1b: Gambling
|-damage|p1a: Dargon|36/100
|-damage|p1b: Gambling|0 fnt
|faint|p1b: Gambling
|move|p1a: Dargon|Scale Shot|p2b: Dancing Queen
|-damage|p2b: Dancing Queen|87/100
|-damage|p2b: Dancing Queen|74/100
|-damage|p2b: Dancing Queen|62/100
|-damage|p2b: Dancing Queen|48/100
|-damage|p2b: Dancing Queen|37/100
|-hitcount|p2b: Dancing Queen|5
|-unboost|p1a: Dargon|def|1
|-boost|p1a: Dargon|spe|1
|
|upkeep
|
|t:|1757722587
|switch|p1b: Cocaine Bear|Ursaluna, L50, M|100/100
|turn|3
|inactive|Orichalcum25 has 30 seconds left.
|
|t:|1757722612
|switch|p1a: Beep Boop|Porygon2, L50, shiny|100/100
|-ability|p1a: Beep Boop|Download|boost
|-boost|p1a: Beep Boop|atk|1
|move|p1b: Cocaine Bear|Protect|p1b: Cocaine Bear
|-singleturn|p1b: Cocaine Bear|Protect
|move|p2b: Dancing Queen|Rain Dance|p2b: Dancing Queen
|-weather|RainDance
|move|p2a: You're Welcome|Hyper Voice|p1b: Cocaine Bear|[spread] p1a
|-activate|p1b: Cocaine Bear|move: Protect
|-damage|p1a: Beep Boop|69/100
|
|-weather|RainDance|[upkeep]
|-status|p1b: Cocaine Bear|brn|[from] item: Flame Orb
|upkeep
|turn|4
|inactive|Dcironeagle has 30 seconds left.
|inactive|Orichalcum25 has 30 seconds left.
|inactive|Dcironeagle has 20 seconds left.
|inactive|Orichalcum25 has 20 seconds left.
|inactive|Dcironeagle has 15 seconds left.
|inactive|Orichalcum25 has 15 seconds left.
|inactive|Dcironeagle has 10 seconds left.
|inactive|Orichalcum25 has 10 seconds left.
|
|t:|1757722664
|switch|p1b: Dargon|Dragonite, L50, F|36/100
|move|p2b: Dancing Queen|Foul Play|p1a: Beep Boop
|-damage|p1a: Beep Boop|42/100
|move|p2a: You're Welcome|Water Pledge|p1b: Dargon
|-resisted|p1b: Dargon
|-damage|p1b: Dargon|0 fnt
|faint|p1b: Dargon
|move|p1a: Beep Boop|Trick Room|p1a: Beep Boop
|-fieldstart|move: Trick Room|[of] p1a: Beep Boop
|
|-weather|RainDance|[upkeep]
|-sideend|p1: Orichalcum25|Grass Pledge
|upkeep
|
|t:|1757722674
|switch|p1b: Cocaine Bear|Ursaluna, L50, M|100/100 brn
|turn|5
|
|t:|1757722685
|move|p2a: You're Welcome|Protect|p2a: You're Welcome
|-singleturn|p2a: You're Welcome|Protect
|move|p1a: Beep Boop|Ice Beam|p2b: Dancing Queen
|-supereffective|p2b: Dancing Queen
|-damage|p2b: Dancing Queen|0 fnt
|faint|p2b: Dancing Queen
|move|p1b: Cocaine Bear|Facade|p2a: You're Welcome
|-activate|p2a: You're Welcome|move: Protect
|
|-weather|RainDance|[upkeep]
|-damage|p1b: Cocaine Bear|95/100 brn|[from] brn
|upkeep
|
|t:|1757722690
|switch|p2b: Thunderstruck|Archaludon, L50, M|100/100
|turn|6
|inactive|Dcironeagle has 30 seconds left.
|
|t:|1757722719
|-terastallize|p1a: Beep Boop|Fighting
|move|p1a: Beep Boop|Tera Blast|p2b: Thunderstruck|[anim] Tera Blast Fighting
|-supereffective|p2b: Thunderstruck
|-ability|p2b: Thunderstruck|Sturdy
|-damage|p2b: Thunderstruck|1/100
|move|p1b: Cocaine Bear|Facade|p2a: You're Welcome
|-damage|p2a: You're Welcome|0 fnt
|faint|p2a: You're Welcome
|move|p2b: Thunderstruck|Electro Shot||[still]
|-prepare|p2b: Thunderstruck|Electro Shot
|-boost|p2b: Thunderstruck|spa|1
|-anim|p2b: Thunderstruck|Electro Shot|p1a: Beep Boop
|-damage|p1a: Beep Boop|0 fnt
|faint|p1a: Beep Boop
|
|-weather|RainDance|[upkeep]
|-damage|p1b: Cocaine Bear|89/100 brn|[from] brn
|upkeep
|turn|7
|
|t:|1757722739
|move|p2b: Thunderstruck|Protect|p2b: Thunderstruck
|-singleturn|p2b: Thunderstruck|Protect
|move|p1b: Cocaine Bear|Facade|p2b: Thunderstruck
|-activate|p2b: Thunderstruck|move: Protect
|
|-weather|none
|-damage|p1b: Cocaine Bear|83/100 brn|[from] brn
|upkeep
|turn|8
|
|t:|1757722747
|move|p2b: Thunderstruck|Protect||[still]
|-fail|p2b: Thunderstruck
|move|p1b: Cocaine Bear|Facade|p2b: Thunderstruck
|-resisted|p2b: Thunderstruck
|-damage|p2b: Thunderstruck|0 fnt
|faint|p2b: Thunderstruck
|
|win|Orichalcum25
||Dcironeagle is ready for game 2.
||Orichalcum25 is ready for game 2.
|uhtml|next|Next: Game 2 of 3
|j| LinkLegends11
|l| LinkLegends11
