|j|☆bogging
|j|☆INKevin
|html|boggingINKevin    
|uhtml|bestof|Game 1 of a best-of-3
|t:|1783284108
|gametype|doubles
|player|p1|bogging|bugcatcher-gen4dp|1472
|player|p2|INKevin|2|1170
|gen|9
|tier|[Gen 9 Champions] VGC 2026 Reg M-B (Bo3)
|rated|
|rule|Species Clause: Limit one of each Pokémon
|rule|Item Clause: Limit 1 of each item
|clearpoke
|poke|p1|Staraptor, L50, M|
|poke|p1|Incineroar, L50, F|
|poke|p1|Whimsicott, L50, M|
|poke|p1|Ceruledge, L50, M|
|poke|p1|Mawile, L50, F|
|poke|p1|Hydreigon, L50, F|
|poke|p2|Blaziken, L50, F, shiny|
|poke|p2|Ninetales-Alola, L50, F, shiny|
|poke|p2|Aerodactyl, L50, M, shiny|
|poke|p2|Sylveon, L50, F, shiny|
|poke|p2|Garchomp, L50, F|
|poke|p2|Sinistcha, L50|
|teampreview|4
|showteam|p1|Staraptor||Staraptite|Intimidate|CloseCombat,BraveBird,Roost,Protect|Jolly||M|||50|]Incineroar||SitrusBerry|Intimidate|DarkestLariat,PartingShot,FakeOut,FlareBlitz|Impish||F|||50|]Whimsicott||FocusSash|Prankster|Moonblast,Protect,Charm,Tailwind|Timid||M|||50|]Ceruledge||ColburBerry|FlashFire|BitterBlade,Protect,BulkUp,ShadowSneak|Adamant||M|||50|]Mawile||Mawilite|HyperCutter|PlayRough,IronHead,SuckerPunch,Protect|Adamant||F|||50|]Hydreigon||ChoiceScarf|Levitate|DarkPulse,DracoMeteor,Snarl,EarthPower|Modest||F|||50|
|showteam|p2|Blaziken||Blazikenite|SpeedBoost|CloseCombat,FlareBlitz,RockSlide,Protect|Adamant||F|||50|]Ninetales-Alola||NeverMeltIce|SnowWarning|Blizzard,Protect,FreezeDry,AuroraVeil|Timid||F|||50|]Aerodactyl||Aerodactylite|RockHead|RockSlide,Tailwind,DualWingbeat,Protect|Jolly||M|||50|]Sylveon||FairyFeather|Pixilate|HyperVoice,QuickAttack,HyperBeam,Protect|Modest||F|||50|]Garchomp||LifeOrb|RoughSkin|DragonClaw,Protect,Earthquake,RockSlide|Jolly||F|||50|]Sinistcha||KasibBerry|Hospitality|MatchaGotcha,RagePowder,Protect,TrickRoom|Bold|||||50|
|inactive|Battle timer is ON: inactive players will automatically lose when time's up. (requested by INKevin)
|j| BielBrentano
|l| BielBrentano
|inactive|bogging has 60 seconds left.
|inactive|INKevin has 60 seconds left.
|
|t:|1783284157
|teamsize|p1|4
|teamsize|p2|4
|start
|switch|p1a: Staraptor|Staraptor, L50, M|100/100
|switch|p1b: Incineroar|Incineroar, L50, F|100/100
|switch|p2a: Sylveon|Sylveon, L50, F, shiny|100/100
|switch|p2b: Blaziken|Blaziken, L50, F, shiny|100/100
|-ability|p1a: Staraptor|Intimidate|boost
|-unboost|p2a: Sylveon|atk|1
|-unboost|p2b: Blaziken|atk|1
|-ability|p1b: Incineroar|Intimidate|boost
|-unboost|p2a: Sylveon|atk|1
|-unboost|p2b: Blaziken|atk|1
|turn|1
|
|t:|1783284177
|switch|p1b: Whimsicott|Whimsicott, L50, M|100/100
|detailschange|p1a: Staraptor|Staraptor-Mega, L50, M
|-mega|p1a: Staraptor|Staraptor|Staraptite
|move|p2b: Blaziken|Protect|p2b: Blaziken
|-singleturn|p2b: Blaziken|Protect
|move|p2a: Sylveon|Protect|p2a: Sylveon
|-singleturn|p2a: Sylveon|Protect
|move|p1a: Staraptor|Close Combat|p2a: Sylveon
|-activate|p2a: Sylveon|move: Protect
|
|-ability|p2b: Blaziken|Speed Boost|boost
|-boost|p2b: Blaziken|spe|1
|upkeep
|turn|2
|inactive|INKevin has 30 seconds left.
|inactive|INKevin has 20 seconds left.
|inactive|INKevin has 15 seconds left.
|
|t:|1783284221
|detailschange|p2b: Blaziken|Blaziken-Mega, L50, F, shiny
|-mega|p2b: Blaziken|Blaziken|Blazikenite
|move|p1b: Whimsicott|Charm|p1a: Staraptor
|-boost|p1a: Staraptor|atk|2
|move|p2b: Blaziken|Flare Blitz|p1a: Staraptor
|-damage|p1a: Staraptor|63/100
|-damage|p2b: Blaziken|85/100|[from] Recoil
|move|p1a: Staraptor|Brave Bird|p2a: Sylveon
|-damage|p2a: Sylveon|0 fnt
|faint|p2a: Sylveon
|-damage|p1a: Staraptor|30/100|[from] Recoil
|
|-ability|p2b: Blaziken|Speed Boost|boost
|-boost|p2b: Blaziken|spe|1
|upkeep
|
|t:|1783284236
|switch|p2a: Ninetales|Ninetales-Alola, L50, F, shiny|100/100
|-weather|Snowscape|[from] ability: Snow Warning|[of] p2a: Ninetales
|turn|3
|
|t:|1783284248
|move|p2b: Blaziken|Protect|p2b: Blaziken
|-singleturn|p2b: Blaziken|Protect
|move|p1b: Whimsicott|Tailwind|p1b: Whimsicott
|-sidestart|p1: bogging|move: Tailwind
|move|p1a: Staraptor|Close Combat|p2a: Ninetales
|-damage|p2a: Ninetales|0 fnt
|-boost|p1a: Staraptor|def|1
|-boost|p1a: Staraptor|spd|1
|faint|p2a: Ninetales
|
|-weather|Snowscape|[upkeep]
|-ability|p2b: Blaziken|Speed Boost|boost
|-boost|p2b: Blaziken|spe|1
|upkeep
|
|t:|1783284256
|switch|p2a: Garchomp|Garchomp, L50, F|100/100
|turn|4
|
|t:|1783284263
|move|p1b: Whimsicott|Charm|p2b: Blaziken
|-unboost|p2b: Blaziken|atk|2
|move|p2b: Blaziken|Flare Blitz|p1b: Whimsicott
|-supereffective|p1b: Whimsicott|1
|-damage|p1b: Whimsicott|12/100
|-damage|p2b: Blaziken|60/100|[from] Recoil
|move|p1a: Staraptor|Close Combat|p2a: Garchomp
|-damage|p2a: Garchomp|0 fnt
|-boost|p1a: Staraptor|def|1
|-boost|p1a: Staraptor|spd|1
|-damage|p1a: Staraptor|18/100|[from] ability: Rough Skin|[of] p2a: Garchomp
|faint|p2a: Garchomp
|
|-weather|Snowscape|[upkeep]
|-ability|p2b: Blaziken|Speed Boost|boost
|-boost|p2b: Blaziken|spe|1
|upkeep
|turn|5
|
|t:|1783284279
|move|p1b: Whimsicott|Charm|p2b: Blaziken
|-unboost|p2b: Blaziken|atk|2
|move|p2b: Blaziken|Flare Blitz|p1a: Staraptor
|-damage|p1a: Staraptor|9/100
|-damage|p2b: Blaziken|57/100|[from] Recoil
|move|p1a: Staraptor|Close Combat|p2b: Blaziken
|-damage|p2b: Blaziken|0 fnt
|-boost|p1a: Staraptor|def|1
|-boost|p1a: Staraptor|spd|1
|faint|p2b: Blaziken
|
|win|bogging
||INKevin is ready for game 2.
||bogging is ready for game 2.
|uhtml|next|Next: Game 2 of 3
