|j|☆nemadevil
|j|☆Tatsugrilo
|html|nemadevilTatsugrilo    
|uhtml|bestof|Game 2 of a best-of-3
|t:|1782488297
|gametype|doubles
|player|p1|nemadevil|102|1217
|player|p2|Tatsugrilo|169|1310
|gen|9
|tier|[Gen 9 Champions] VGC 2026 Reg M-B (Bo3)
|rated|
|rule|Species Clause: Limit one of each Pokémon
|rule|Item Clause: Limit 1 of each item
|clearpoke
|poke|p1|Swampert, L50, F|
|poke|p1|Pelipper, L50, F, shiny|
|poke|p1|Dragonite, L50, M|
|poke|p1|Archaludon, L50, F|
|poke|p1|Tsareena, L50, F, shiny|
|poke|p1|Incineroar, L50, F|
|poke|p2|Sinistcha, L50|
|poke|p2|Staraptor, L50, F|
|poke|p2|Incineroar, L50, M|
|poke|p2|Delphox, L50, F|
|poke|p2|Garchomp, L50, F|
|poke|p2|Ninetales-Alola, L50, M|
|teampreview|4
|showteam|p1|Swampert||Swampertite|Torrent|WaveCrash,HighHorsepower,Protect,Earthquake|Adamant||F|||50|]Pelipper||FocusSash|Drizzle|WeatherBall,Hurricane,Protect,Tailwind|Modest||F|||50|]Dragonite||LifeOrb|InnerFocus|Hurricane,DracoMeteor,Protect,Tailwind|Timid||M|||50|]Archaludon||Magnet|Sturdy|ElectroShot,DracoMeteor,Protect,FlashCannon|Timid||F|||50|]Tsareena||KebiaBerry|QueenlyMajesty|TropKick,KnockOff,Protect,Taunt|Adamant||F|||50|]Incineroar||SitrusBerry|Intimidate|FakeOut,DarkestLariat,Taunt,PartingShot|Careful||F|||50|
|showteam|p2|Sinistcha||KasibBerry|Hospitality|MatchaGotcha,LifeDew,RagePowder,Protect|Relaxed|||||50|]Staraptor||Staraptite|Intimidate|BraveBird,CloseCombat,Roost,Protect|Jolly||F|||50|]Incineroar||Charcoal|Intimidate|FlareBlitz,ThroatChop,PartingShot,FakeOut|Jolly||M|||50|]Delphox||Delphoxite|Blaze|Psyshock,HeatWave,NastyPlot,Protect|Timid||F|||50|]Garchomp||LifeOrb|RoughSkin|Earthquake,DragonClaw,RockSlide,Protect|Jolly||F|||50|]Ninetales-Alola||FocusSash|SnowWarning|Blizzard,FreezeDry,Encore,Protect|Timid||M|||50|
|
|t:|1782488397
|teamsize|p1|4
|teamsize|p2|4
|start
|switch|p1a: Dragonite|Dragonite, L50, M|100/100
|switch|p1b: Incineroar|Incineroar, L50, F|100/100
|switch|p2a: Staraptor|Staraptor, L50, F|100/100
|switch|p2b: vini jr|Incineroar, L50, M|100/100
|-ability|p2a: Staraptor|Intimidate|boost
|-fail|p1a: Dragonite|unboost|Attack|[from] ability: Inner Focus|[of] p1a: Dragonite
|-unboost|p1b: Incineroar|atk|1
|-ability|p2b: vini jr|Intimidate|boost
|-fail|p1a: Dragonite|unboost|Attack|[from] ability: Inner Focus|[of] p1a: Dragonite
|-unboost|p1b: Incineroar|atk|1
|-ability|p1b: Incineroar|Intimidate|boost
|-unboost|p2a: Staraptor|atk|1
|-unboost|p2b: vini jr|atk|1
|turn|1
|inactive|Battle timer is ON: inactive players will automatically lose when time's up. (requested by nemadevil)
|
|t:|1782488425
|switch|p1b: Pelipper|Pelipper, L50, F, shiny|100/100
|-weather|RainDance|[from] ability: Drizzle|[of] p1b: Pelipper
|detailschange|p2a: Staraptor|Staraptor-Mega, L50, F
|-mega|p2a: Staraptor|Staraptor|Staraptite
|move|p2a: Staraptor|Protect|p2a: Staraptor
|-singleturn|p2a: Staraptor|Protect
|move|p1a: Dragonite|Tailwind|p1a: Dragonite
|-sidestart|p1: nemadevil|move: Tailwind
|move|p2b: vini jr|Parting Shot|p1a: Dragonite
|-unboost|p1a: Dragonite|atk|1
|-unboost|p1a: Dragonite|spa|1
|
|t:|1782488434
|switch|p2b: Ninetales|Ninetales-Alola, L50, M|100/100|[from] Parting Shot
|-weather|Snowscape|[from] ability: Snow Warning|[of] p2b: Ninetales
|
|-weather|Snowscape|[upkeep]
|upkeep
|turn|2
|
|t:|1782488450
|switch|p1a: Incineroar|Incineroar, L50, F|100/100
|-ability|p1a: Incineroar|Intimidate|boost
|-boost|p2a: Staraptor|atk|1
|-unboost|p2b: Ninetales|atk|1
|switch|p2a: vini jr|Incineroar, L50, M|100/100
|-ability|p2a: vini jr|Intimidate|boost
|-unboost|p1a: Incineroar|atk|1
|-unboost|p1b: Pelipper|atk|1
|move|p1b: Pelipper|Protect|p1b: Pelipper
|-singleturn|p1b: Pelipper|Protect
|move|p2b: Ninetales|Blizzard|p1b: Pelipper|[spread] p1a
|-activate|p1b: Pelipper|move: Protect
|-resisted|p1a: Incineroar|1
|-damage|p1a: Incineroar|86/100
|
|-weather|Snowscape|[upkeep]
|upkeep
|turn|3
|inactive|nemadevil has 30 seconds left.
|
|t:|1782488484
|switch|p1b: Swampert|Swampert, L50, F|100/100
|move|p1a: Incineroar|Fake Out|p2b: Ninetales
|-damage|p2b: Ninetales|92/100
|move|p2a: vini jr|Fake Out|p1a: Incineroar
|-damage|p1a: Incineroar|76/100
|cant|p2b: Ninetales|flinch
|
|-weather|Snowscape|[upkeep]
|upkeep
|turn|4
|inactive|nemadevil has 30 seconds left.
|
|t:|1782488512
|switch|p1a: Pelipper|Pelipper, L50, F, shiny|100/100
|-weather|RainDance|[from] ability: Drizzle|[of] p1a: Pelipper
|switch|p2a: Sinistcha|Sinistcha, L50|100/100
|-heal|p2b: Ninetales|100/100|[from] ability: Hospitality|[of] p2a: Sinistcha
|detailschange|p1b: Swampert|Swampert-Mega, L50, F
|-mega|p1b: Swampert|Swampert|Swampertite
|move|p2b: Ninetales|Protect|p2b: Ninetales
|-singleturn|p2b: Ninetales|Protect
|move|p1b: Swampert|Wave Crash|p2b: Ninetales
|-activate|p2b: Ninetales|move: Protect
|
|-weather|RainDance|[upkeep]
|-sideend|p1: nemadevil|move: Tailwind
|upkeep
|turn|5
|inactive|nemadevil has 30 seconds left.
|inactive|nemadevil has 20 seconds left.
|
|t:|1782488551
|switch|p1b: Incineroar|Incineroar, L50, F|76/100
|-ability|p1b: Incineroar|Intimidate|boost
|-unboost|p2a: Sinistcha|atk|1
|-unboost|p2b: Ninetales|atk|1
|move|p2b: Ninetales|Freeze-Dry|p1a: Pelipper
|-supereffective|p1a: Pelipper|2
|-enditem|p1a: Pelipper|Focus Sash
|-damage|p1a: Pelipper|1/100
|move|p1a: Pelipper|Hurricane|p2a: Sinistcha
|-supereffective|p2a: Sinistcha|1
|-damage|p2a: Sinistcha|4/100
|move|p2a: Sinistcha|Matcha Gotcha|p1b: Incineroar|[spread] p1a,p1b
|-resisted|p1b: Incineroar|1
|-damage|p1a: Pelipper|0 fnt
|-heal|p2a: Sinistcha|5/100|[from] drain|[of] p1a: Pelipper
|-damage|p1b: Incineroar|67/100
|-heal|p2a: Sinistcha|10/100|[from] drain|[of] p1b: Incineroar
|faint|p1a: Pelipper
|
|-weather|RainDance|[upkeep]
|upkeep
|
|t:|1782488570
|switch|p1a: Swampert|Swampert-Mega, L50, F|100/100
|turn|6
|inactive|nemadevil has 30 seconds left.
|inactive|nemadevil has 20 seconds left.
|inactive|nemadevil has 15 seconds left.
|
|t:|1782488611
|switch|p2a: vini jr|Incineroar, L50, M|100/100
|-ability|p2a: vini jr|Intimidate|boost
|-unboost|p1a: Swampert|atk|1
|-unboost|p1b: Incineroar|atk|1
|move|p2b: Ninetales|Protect|p2b: Ninetales
|-singleturn|p2b: Ninetales|Protect
|move|p1b: Incineroar|Fake Out|p2b: Ninetales
|-activate|p2b: Ninetales|move: Protect
|move|p1a: Swampert|Wave Crash|p2a: vini jr
|-supereffective|p2a: vini jr|1
|-damage|p2a: vini jr|0 fnt
|faint|p2a: vini jr
|-damage|p1a: Swampert|65/100|[from] Recoil
|
|-weather|RainDance|[upkeep]
|upkeep
|
|t:|1782488627
|switch|p2a: Sinistcha|Sinistcha, L50|10/100
|turn|7
|
|t:|1782488649
|switch|p1b: Dragonite|Dragonite, L50, M|100/100
|move|p2a: Sinistcha|Rage Powder|p2a: Sinistcha
|-singleturn|p2a: Sinistcha|move: Rage Powder
|move|p1a: Swampert|Earthquake|p2a: Sinistcha|[spread] p2a,p2b
|-immune|p1b: Dragonite
|-resisted|p2a: Sinistcha|1
|-damage|p2a: Sinistcha|0 fnt
|-damage|p2b: Ninetales|50/100y
|faint|p2a: Sinistcha
|move|p2b: Ninetales|Encore||[still]
|-fail|p2b: Ninetales
|
|-weather|RainDance|[upkeep]
|upkeep
|
|t:|1782488652
|switch|p2a: Staraptor|Staraptor-Mega, L50, F|100/100
|turn|8
|
|t:|1782488670
|move|p2b: Ninetales|Protect|p2b: Ninetales
|-singleturn|p2b: Ninetales|Protect
|move|p1a: Swampert|Earthquake|p2b: Ninetales|[spread] 
|-activate|p2b: Ninetales|move: Protect
|-immune|p1b: Dragonite
|-immune|p2a: Staraptor
|move|p2a: Staraptor|Close Combat|p1a: Swampert
|-damage|p1a: Swampert|10/100
|-boost|p2a: Staraptor|def|1
|-boost|p2a: Staraptor|spd|1
|move|p1b: Dragonite|Tailwind|p1b: Dragonite
|-sidestart|p1: nemadevil|move: Tailwind
|
|-weather|none
|upkeep
|turn|9
|
|t:|1782488689
|move|p1b: Dragonite|Hurricane|p2a: Staraptor
|-supereffective|p2a: Staraptor|1
|-damage|p2a: Staraptor|3/100
|-damage|p1b: Dragonite|90/100|[from] item: Life Orb
|move|p1a: Swampert|Wave Crash|p2b: Ninetales
|-damage|p2b: Ninetales|0 fnt
|faint|p2b: Ninetales
|-damage|p1a: Swampert|0 fnt|[from] Recoil
|faint|p1a: Swampert
|move|p2a: Staraptor|Close Combat|p1b: Dragonite
|-resisted|p1b: Dragonite|1
|-damage|p1b: Dragonite|55/100
|-boost|p2a: Staraptor|def|1
|-boost|p2a: Staraptor|spd|1
|
|upkeep
|
|t:|1782488703
|switch|p1a: Incineroar|Incineroar, L50, F|67/100
|-ability|p1a: Incineroar|Intimidate|boost
|-boost|p2a: Staraptor|atk|1
|turn|10
|
|t:|1782488712
|move|p2a: Staraptor|Protect|p2a: Staraptor
|-singleturn|p2a: Staraptor|Protect
|move|p1a: Incineroar|Fake Out|p2a: Staraptor
|-activate|p2a: Staraptor|move: Protect
|move|p1b: Dragonite|Draco Meteor|p2a: Staraptor
|-activate|p2a: Staraptor|move: Protect
|
|upkeep
|turn|11
|
|t:|1782488724
|move|p2a: Staraptor|Protect||[still]
|-fail|p2a: Staraptor
|move|p1b: Dragonite|Draco Meteor|p2a: Staraptor
|-damage|p2a: Staraptor|0 fnt
|-unboost|p1b: Dragonite|spa|2
|faint|p2a: Staraptor
|-damage|p1b: Dragonite|45/100|[from] item: Life Orb
|
|win|nemadevil
|raw|nemadevil's rating: 1217 → 1249(+32 for winning)
|raw|Tatsugrilo's rating: 1310 → 1285(-25 for losing)
|c|☆nemadevil|wp
|l|☆Tatsugrilo
|player|p2|
