|j|☆new mental
|j|☆Kinyachta
|html|new mentalKinyachta    
|uhtml|bestof|Game 2 of a best-of-3
|t:|1786127625
|gametype|doubles
|player|p1|new mental|volkner|1142
|player|p2|Kinyachta|1|1262
|gen|9
|tier|[Gen 9 Champions] VGC 2026 Reg M-B (Bo3)
|rated|
|rule|Species Clause: Limit one of each Pokémon
|rule|Item Clause: Limit 1 of each item
|clearpoke
|poke|p1|Charizard, L50, F|
|poke|p1|Garchomp, L50, F|
|poke|p1|Incineroar, L50, F|
|poke|p1|Venusaur, L50, M|
|poke|p1|Toxapex, L50, M|
|poke|p1|Sylveon, L50, M|
|poke|p2|Floette-Eternal, L50, F|
|poke|p2|Farigiraf, L50, M|
|poke|p2|Sneasler, L50, M|
|poke|p2|Garchomp, L50, M|
|poke|p2|Charizard, L50, M|
|poke|p2|Whimsicott, L50, M|
|teampreview|4
|showteam|p1|Charizard||CharizarditeY|Blaze|WeatherBall,HeatWave,AncientPower,Protect|Modest||F|||50|]Garchomp||ChoiceScarf|RoughSkin|RockSlide,DragonClaw,Earthquake,StompingTantrum|Adamant||F|||50|]Incineroar||SitrusBerry|Intimidate|FlareBlitz,FakeOut,DarkestLariat,PartingShot|Impish||F|||50|]Venusaur||LifeOrb|Chlorophyll|SludgeBomb,LeafStorm,EarthPower,Protect|Modest||M|||50|]Toxapex||Leftovers|Regenerator|Infestation,Toxic,WideGuard,BanefulBunker|Bold||M|||50|]Sylveon||FairyFeather|Pixilate|HyperVoice,QuickAttack,Yawn,Detect|Modest||M|||50|
|showteam|p2|Floette-Eternal||Floettite|FlowerVeil|Moonblast,Protect,DazzlingGleam,LightofRuin|Timid||F|||50|]Farigiraf||SitrusBerry|ArmorTail|TrickRoom,HelpingHand,TwinBeam,HyperVoice|Quiet||M|||50|]Sneasler||WhiteHerb|Unburden|Protect,CloseCombat,Coaching,DireClaw|Jolly||M|||50|]Garchomp||Leftovers|RoughSkin|DragonClaw,RockSlide,Protect,Earthquake|Adamant||M|||50|]Charizard||CharizarditeY|SolarPower|WeatherBall,Protect,HeatWave,SolarBeam|Modest||M|||50|]Whimsicott||FocusSash|Prankster|Tailwind,CottonSpore,Encore,Moonblast|Modest||M|||50|
|inactive|Battle timer is ON: inactive players will automatically lose when time's up. (requested by Kinyachta)
|
|t:|1786127637
|teamsize|p1|4
|teamsize|p2|4
|start
|switch|p1a: Incineroar|Incineroar, L50, F|100/100
|switch|p1b: Toxapex|Toxapex, L50, M|100/100
|switch|p2a: Sneasler|Sneasler, L50, M|100/100
|switch|p2b: Garchomp|Garchomp, L50, M|100/100
|-ability|p1a: Incineroar|Intimidate|boost
|-unboost|p2a: Sneasler|atk|1
|-unboost|p2b: Garchomp|atk|1
|-enditem|p2a: Sneasler|White Herb
|-clearnegativeboost|p2a: Sneasler|[silent]
|turn|1
|
|t:|1786127654
|move|p1a: Incineroar|Fake Out|p2b: Garchomp
|-damage|p2b: Garchomp|90/100
|-damage|p1a: Incineroar|87/100|[from] ability: Rough Skin|[of] p2b: Garchomp
|move|p2a: Sneasler|Coaching|p2b: Garchomp
|-boost|p2b: Garchomp|atk|1
|-boost|p2b: Garchomp|def|1
|cant|p2b: Garchomp|flinch
|move|p1b: Toxapex|Toxic|p2b: Garchomp
|-status|p2b: Garchomp|tox
|
|-heal|p2b: Garchomp|96/100 tox|[from] item: Leftovers
|-damage|p2b: Garchomp|90/100 tox|[from] psn
|upkeep
|turn|2
|c|☆Kinyachta|are you crazy bro
|inactive|new mental has 30 seconds left.
|inactive|new mental has 20 seconds left.
|
|t:|1786127691
|switch|p1a: Garchomp|Garchomp, L50, F|100/100
|move|p2a: Sneasler|Dire Claw|p1a: Garchomp
|-resisted|p1a: Garchomp|1
|-damage|p1a: Garchomp|78/100
|-damage|p2a: Sneasler|87/100|[from] ability: Rough Skin|[of] p1a: Garchomp
|move|p2b: Garchomp|Rock Slide|p1b: Toxapex|[spread] p1a
|-miss|p2b: Garchomp|p1b: Toxapex
|-resisted|p1a: Garchomp|1
|-damage|p1a: Garchomp|67/100
|move|p1b: Toxapex|Infestation|p2a: Sneasler
|-resisted|p2a: Sneasler|2
|-damage|p2a: Sneasler|87/100
|-activate|p2a: Sneasler|move: Infestation|[of] p1b: Toxapex
|
|-heal|p2b: Garchomp|96/100 tox|[from] item: Leftovers
|-damage|p2b: Garchomp|84/100 tox|[from] psn
|-damage|p2a: Sneasler|75/100|[from] move: Infestation|[partiallytrapped]
|upkeep
|turn|3
|
|t:|1786127715
|switch|p1a: Incineroar|Incineroar, L50, F|87/100
|-ability|p1a: Incineroar|Intimidate|boost
|-unboost|p2a: Sneasler|atk|1
|-unboost|p2b: Garchomp|atk|1
|move|p2a: Sneasler|Coaching|p2b: Garchomp
|-boost|p2b: Garchomp|atk|1
|-boost|p2b: Garchomp|def|1
|move|p2b: Garchomp|Earthquake|p1b: Toxapex|[spread] p2a,p1a,p1b
|-supereffective|p2a: Sneasler|1
|-supereffective|p1a: Incineroar|1
|-supereffective|p1b: Toxapex|1
|-damage|p2a: Sneasler|0 fnt
|-damage|p1a: Incineroar|18/100
|-damage|p1b: Toxapex|41/100
|-enditem|p1a: Incineroar|Sitrus Berry|[eat]
|-heal|p1a: Incineroar|43/100|[from] item: Sitrus Berry
|faint|p2a: Sneasler
|move|p1b: Toxapex|Infestation|p2b: Garchomp
|-damage|p2b: Garchomp|80/100 tox
|-activate|p2b: Garchomp|move: Infestation|[of] p1b: Toxapex
|-damage|p1b: Toxapex|29/100|[from] ability: Rough Skin|[of] p2b: Garchomp
|
|-heal|p2b: Garchomp|86/100 tox|[from] item: Leftovers
|-heal|p1b: Toxapex|35/100|[from] item: Leftovers
|-damage|p2b: Garchomp|68/100 tox|[from] psn
|-damage|p2b: Garchomp|56/100 tox|[from] move: Infestation|[partiallytrapped]
|upkeep
|
|t:|1786127738
|switch|p2a: Floette|Floette-Eternal, L50, F|100/100
|turn|4
|
|t:|1786127746
|switch|p2a: Farigiraf|Farigiraf, L50, M|100/100
|-heal|p1b: Toxapex|68/100|[from] ability: Regenerator|[silent]
|switch|p1b: Charizard|Charizard, L50, F|100/100
|move|p1a: Incineroar|Fake Out||[still]
|cant|p2a: Farigiraf|ability: Armor Tail|Fake Out|[of] p1a: Incineroar
|move|p2b: Garchomp|Dragon Claw|p1a: Incineroar
|-damage|p1a: Incineroar|9/100
|
|-heal|p2b: Garchomp|62/100 tox|[from] item: Leftovers
|-damage|p2b: Garchomp|38/100 tox|[from] psn
|-end|p2b: Garchomp|Infestation|[partiallytrapped]|[silent]
|upkeep
|turn|5
|
|t:|1786127767
|switch|p1a: Toxapex|Toxapex, L50, M|68/100
|move|p1b: Charizard|Protect|p1b: Charizard
|-singleturn|p1b: Charizard|Protect
|move|p2b: Garchomp|Rock Slide|p1b: Charizard|[spread] p1a
|-activate|p1b: Charizard|move: Protect
|-damage|p1a: Toxapex|52/100
|move|p2a: Farigiraf|Twin Beam|p1a: Toxapex
|-supereffective|p1a: Toxapex|1
|-damage|p1a: Toxapex|24/100
|-supereffective|p1a: Toxapex|1
|-damage|p1a: Toxapex|0 fnt
|faint|p1a: Toxapex
|-hitcount|p1: Toxapex|2
|
|-heal|p2b: Garchomp|44/100 tox|[from] item: Leftovers
|-damage|p2b: Garchomp|14/100 tox|[from] psn
|upkeep
|
|t:|1786127776
|switch|p1a: Garchomp|Garchomp, L50, F|67/100
|turn|6
|inactive|Kinyachta has 30 seconds left.
|
|t:|1786127802
|detailschange|p1b: Charizard|Charizard-Mega-Y, L50, F
|-mega|p1b: Charizard|Charizard|Charizardite Y
|-weather|SunnyDay|[from] ability: Drought|[of] p1b: Charizard
|move|p1a: Garchomp|Dragon Claw|p2b: Garchomp
|-supereffective|p2b: Garchomp|1
|-damage|p2b: Garchomp|0 fnt
|-damage|p1a: Garchomp|55/100|[from] ability: Rough Skin|[of] p2b: Garchomp
|faint|p2b: Garchomp
|move|p1b: Charizard|Heat Wave|p2a: Farigiraf
|-damage|p2a: Farigiraf|14/100
|-enditem|p2a: Farigiraf|Sitrus Berry|[eat]
|-heal|p2a: Farigiraf|38/100|[from] item: Sitrus Berry
|move|p2a: Farigiraf|Hyper Voice|p1a: Garchomp|[spread] p1a,p1b
|-damage|p1a: Garchomp|23/100
|-damage|p1b: Charizard|71/100
|
|-weather|SunnyDay|[upkeep]
|upkeep
|
|t:|1786127818
|switch|p2b: Floette|Floette-Eternal, L50, F|100/100
|turn|7
|
|t:|1786127826
|switch|p1a: Incineroar|Incineroar, L50, F|9/100
|-ability|p1a: Incineroar|Intimidate|boost
|-unboost|p2a: Farigiraf|atk|1
|-unboost|p2b: Floette|atk|1
|detailschange|p2b: Floette|Floette-Mega, L50, F
|-mega|p2b: Floette|Floette|Floettite
|-ability|p2b: Floette|Fairy Aura
|move|p2a: Farigiraf|Helping Hand|p2b: Floette
|-singleturn|p2b: Floette|Helping Hand|[of] p2a: Farigiraf
|move|p1b: Charizard|Protect|p1b: Charizard
|-singleturn|p1b: Charizard|Protect
|move|p2b: Floette|Dazzling Gleam|p1a: Incineroar|[spread] p1a
|-activate|p1b: Charizard|move: Protect
|-damage|p1a: Incineroar|0 fnt
|faint|p1a: Incineroar
|
|-weather|SunnyDay|[upkeep]
|upkeep
|
|t:|1786127835
|switch|p1a: Garchomp|Garchomp, L50, F|23/100
|turn|8
|
|t:|1786127848
|move|p2a: Farigiraf|Helping Hand|p2b: Floette
|-singleturn|p2b: Floette|Helping Hand|[of] p2a: Farigiraf
|move|p1a: Garchomp|Earthquake|p2b: Floette|[spread] p2a,p2b
|-immune|p1b: Charizard
|-damage|p2a: Farigiraf|0 fnt
|-damage|p2b: Floette|45/100
|faint|p2a: Farigiraf
|move|p2b: Floette|Dazzling Gleam|p1b: Charizard|[spread] p1a,p1b
|-supereffective|p1a: Garchomp|1
|-resisted|p1b: Charizard|1
|-damage|p1a: Garchomp|0 fnt
|-damage|p1b: Charizard|35/100
|faint|p1a: Garchomp
|move|p1b: Charizard|Heat Wave|p2b: Floette
|-damage|p2b: Floette|0 fnt
|faint|p2b: Floette
|
|win|new mental
