|j|☆Dungx showdown
|j|☆Nhatpia
|html|Dungx showdownNhatpia    
|uhtml|bestof|Game 1 of a best-of-3
|t:|1783596842
|gametype|doubles
|player|p1|Dungx showdown|miku-ghost|
|player|p2|Nhatpia|swimmerf|
|gen|9
|tier|[Gen 9 Champions] VGC 2026 Reg M-B (Bo3)
|rule|Species Clause: Limit one of each Pokémon
|rule|Item Clause: Limit 1 of each item
|clearpoke
|poke|p1|Pelipper, L50, M|
|poke|p1|Archaludon, L50, M|
|poke|p1|Basculegion, L50, M|
|poke|p1|Dragonite, L50, F|
|poke|p1|Metagross, L50|
|poke|p1|Sableye, L50, M|
|poke|p2|Charizard, L50, F, shiny|
|poke|p2|Aerodactyl, L50, M, shiny|
|poke|p2|Garchomp, L50, F, shiny|
|poke|p2|Sylveon, L50, M, shiny|
|poke|p2|Kingambit, L50, F|
|poke|p2|Farigiraf, L50, M, shiny|
|teampreview|4
|showteam|p1|Pelipper||FocusSash|Drizzle|Tailwind,Protect,WeatherBall,Hurricane|Modest||M|||50|]Archaludon||Leftovers|Stamina|ElectroShot,Protect,FlashCannon,DragonPulse|Modest||M|||50|]Basculegion||LifeOrb|SwiftSwim|AquaJet,WaveCrash,Protect,LastRespects|Adamant||M|||50|]Dragonite||Dragoninite|InnerFocus|Hurricane,WeatherBall,Protect,DracoMeteor|Modest||F|||50|]Metagross||Metagrossite|ClearBody|PsychicFangs,Protect,MeteorMash,HammerArm|Adamant|||||50|]Sableye||RoseliBerry|Prankster|LightScreen,Reflect,FoulPlay,RainDance|Calm||M|||50|
|showteam|p2|Charizard||CharizarditeY|Blaze|Protect,HeatWave,WeatherBall,SolarBeam|Modest||F|||50|]Aerodactyl||Aerodactylite|Unnerve|RockSlide,DualWingbeat,Tailwind,IceFang|Jolly||M|||50|]Garchomp||LifeOrb|RoughSkin|StompingTantrum,Protect,Earthquake,DragonClaw|Jolly||F|||50|]Sylveon||FairyFeather|Pixilate|HyperVoice,QuickAttack,HyperBeam,Detect|Modest||M|||50|]Kingambit||FocusSash|Defiant|SuckerPunch,KowtowCleave,LowKick,IronHead|Adamant||F|||50|]Farigiraf||SitrusBerry|ArmorTail|TwinBeam,TrickRoom,Thunderbolt,HelpingHand|Bold||M|||50|
|inactive|Battle timer is ON: inactive players will automatically lose when time's up. (requested by Dungx showdown)
|inactive|Dungx showdown has 60 seconds left.
|inactive|Nhatpia has 60 seconds left.
|
|t:|1783596884
|teamsize|p1|4
|teamsize|p2|4
|start
|switch|p1a: Hạt tiêu|Sableye, L50, M|100/100
|switch|p1b: Ultra neon|Metagross, L50|100/100
|switch|p2a: Sylveon|Sylveon, L50, M, shiny|100/100
|switch|p2b: Farigiraf|Farigiraf, L50, M, shiny|100/100
|turn|1
|
|t:|1783596907
|detailschange|p1b: Ultra neon|Metagross-Mega, L50
|-mega|p1b: Ultra neon|Metagross|Metagrossite
|move|p1a: Hạt tiêu|Light Screen|p1a: Hạt tiêu
|-sidestart|p1: Dungx showdown|move: Light Screen
|move|p1b: Ultra neon|Meteor Mash|p2b: Farigiraf
|-damage|p2b: Farigiraf|48/100
|-boost|p1b: Ultra neon|atk|1
|-enditem|p2b: Farigiraf|Sitrus Berry|[eat]
|-heal|p2b: Farigiraf|73/100|[from] item: Sitrus Berry
|move|p2a: Sylveon|Hyper Voice|p1b: Ultra neon|[spread] p1a,p1b
|-supereffective|p1a: Hạt tiêu|1
|-enditem|p1a: Hạt tiêu|Roseli Berry|[eat]
|-enditem|p1a: Hạt tiêu|Roseli Berry|[weaken]
|-resisted|p1b: Ultra neon|1
|-damage|p1a: Hạt tiêu|66/100
|-damage|p1b: Ultra neon|83/100
|move|p2b: Farigiraf|Trick Room|p2b: Farigiraf
|-fieldstart|move: Trick Room|[of] p2b: Farigiraf
|
|upkeep
|turn|2
|inactive|Dungx showdown has 30 seconds left.
|inactive|Nhatpia has 30 seconds left.
|
|t:|1783596938
|switch|p2a: Kingambit|Kingambit, L50, F|100/100
|move|p1a: Hạt tiêu|Rain Dance|p1a: Hạt tiêu
|-weather|RainDance
|move|p2b: Farigiraf|Thunderbolt|p1a: Hạt tiêu
|-damage|p1a: Hạt tiêu|49/100
|move|p1b: Ultra neon|Meteor Mash|p2b: Farigiraf
|-damage|p2b: Farigiraf|0 fnt
|faint|p2b: Farigiraf
|
|-weather|RainDance|[upkeep]
|upkeep
|
|t:|1783596948
|switch|p2b: Sylveon|Sylveon, L50, M, shiny|100/100
|turn|3
|
|t:|1783596955
|move|p1a: Hạt tiêu|Foul Play|p2a: Kingambit
|-resisted|p2a: Kingambit|1
|-crit|p2a: Kingambit
|-damage|p2a: Kingambit|62/100
|move|p2b: Sylveon|Hyper Voice|p1a: Hạt tiêu|[spread] p1a,p1b
|-supereffective|p1a: Hạt tiêu|1
|-resisted|p1b: Ultra neon|1
|-damage|p1a: Hạt tiêu|0 fnt
|-damage|p1b: Ultra neon|68/100
|faint|p1a: Hạt tiêu
|move|p2a: Kingambit|Kowtow Cleave|p1b: Ultra neon
|-supereffective|p1b: Ultra neon|1
|-damage|p1b: Ultra neon|0 fnt
|faint|p1b: Ultra neon
|
|-weather|RainDance|[upkeep]
|upkeep
|
|t:|1783596966
|switch|p1a: Mồm to|Pelipper, L50, M|100/100
|switch|p1b: Roblox|Archaludon, L50, M|100/100
|turn|4
|
|t:|1783596980
|move|p2b: Sylveon|Hyper Beam|p1b: Roblox
|-damage|p1b: Roblox|27/100
|-mustrecharge|p2b: Sylveon
|-ability|p1b: Roblox|Stamina|boost
|-boost|p1b: Roblox|def|1
|move|p2a: Kingambit|Kowtow Cleave|p1a: Mồm to
|-damage|p1a: Mồm to|29/100
|move|p1b: Roblox|Electro Shot||[still]
|-prepare|p1b: Roblox|Electro Shot
|-boost|p1b: Roblox|spa|1
|-anim|p1b: Roblox|Electro Shot|p2a: Kingambit
|-damage|p2a: Kingambit|0 fnt
|faint|p2a: Kingambit
|move|p1a: Mồm to|Weather Ball|p2b: Sylveon
|-damage|p2b: Sylveon|48/100
|
|-weather|RainDance|[upkeep]
|-heal|p1b: Roblox|33/100|[from] item: Leftovers
|upkeep
|
|t:|1783596987
|switch|p2a: Charizard|Charizard, L50, F, shiny|100/100
|turn|5
|
|t:|1783597003
|detailschange|p2a: Charizard|Charizard-Mega-Y, L50, F, shiny
|-mega|p2a: Charizard|Charizard|Charizardite Y
|-weather|SunnyDay|[from] ability: Drought|[of] p2a: Charizard
|move|p2a: Charizard|Protect|p2a: Charizard
|-singleturn|p2a: Charizard|Protect
|cant|p2b: Sylveon|recharge
|move|p1b: Roblox|Electro Shot||[still]
|-prepare|p1b: Roblox|Electro Shot
|-boost|p1b: Roblox|spa|1
|move|p1a: Mồm to|Tailwind|p1a: Mồm to
|-sidestart|p1: Dungx showdown|move: Tailwind
|
|-weather|SunnyDay|[upkeep]
|-heal|p1b: Roblox|39/100|[from] item: Leftovers
|-sideend|p1: Dungx showdown|move: Light Screen
|-fieldend|move: Trick Room
|upkeep
|turn|6
|
|t:|1783597026
|move|p1a: Mồm to|Weather Ball|p2b: Sylveon
|-damage|p2b: Sylveon|11/100
|move|p1b: Roblox|Electro Shot|p2a: Charizard|[from] lockedmove
|-supereffective|p2a: Charizard|1
|-damage|p2a: Charizard|0 fnt
|faint|p2a: Charizard
|move|p2b: Sylveon|Hyper Voice|p1a: Mồm to|[spread] p1a,p1b
|-damage|p1a: Mồm to|0 fnt
|-damage|p1b: Roblox|0 fnt
|faint|p1a: Mồm to
|faint|p1b: Roblox
|
|win|Nhatpia
|inactive|Dungx showdown has 30 seconds to confirm battle start!
|inactive|Nhatpia has 30 seconds to confirm battle start!
||Dungx showdown is ready for game 2.
||Nhatpia is ready for game 2.
|uhtml|next|Next: Game 2 of 3
|l|☆Dungx showdown
|player|p1|
|l|☆Nhatpia
|player|p2|
|j|☆Nhatpia
|player|p2|Nhatpia|swimmerf|
