|j|☆jackpaulsartre33
|j|☆BeckVGC
|html|jackpaulsartre33BeckVGC    
|uhtml|bestof|Game 1 of a best-of-3
|t:|1785441551
|gametype|doubles
|player|p1|jackpaulsartre33|102|1000
|player|p2|BeckVGC|roughneck-gen4|1080
|gen|9
|tier|[Gen 9 Champions] VGC 2026 Reg M-B (Bo3)
|rated|
|rule|Species Clause: Limit one of each Pokémon
|rule|Item Clause: Limit 1 of each item
|clearpoke
|poke|p1|Gengar, L50, M|
|poke|p1|Incineroar, L50, M|
|poke|p1|Ninetales-Alola, L50, F|
|poke|p1|Garchomp, L50, M|
|poke|p1|Kingambit, L50, M|
|poke|p1|Charizard, L50, F|
|poke|p2|Staraptor, L50, F|
|poke|p2|Garchomp, L50, F|
|poke|p2|Whimsicott, L50, M|
|poke|p2|Delphox, L50, F|
|poke|p2|Glimmora, L50, M|
|poke|p2|Kingambit, L50, F, shiny|
|teampreview|4
|showteam|p1|Gengar||Gengarite|CursedBody|Protect,ShadowBall,SludgeBomb,PerishSong|Timid||M|||50|]Incineroar||SitrusBerry|Intimidate|Protect,PartingShot,ThroatChop,FakeOut|Impish||M|||50|]Ninetales-Alola||NeverMeltIce|SnowWarning|Protect,Blizzard,FreezeDry,IcyWind|Timid||F|||50|]Garchomp||LifeOrb|RoughSkin|Protect,DragonClaw,StompingTantrum,RockSlide|Jolly||M|||50|]Kingambit||FocusSash|Defiant|Protect,KowtowCleave,SuckerPunch,LowKick|Adamant||M|||50|]Charizard||CharizarditeY|Blaze|Protect,HeatWave,SolarBeam,WeatherBall|Modest||F|||50|
|showteam|p2|Staraptor||Staraptite|Intimidate|Protect,Roost,CloseCombat,BraveBird|Adamant||F|||50|]Garchomp||LifeOrb|RoughSkin|Protect,RockSlide,Earthquake,DragonClaw|Jolly||F|||50|]Whimsicott||OccaBerry|Prankster|Moonblast,Tailwind,Charm,LightScreen|Timid||M|||50|]Delphox||Delphoxite|Magician|Protect,Psychic,HeatWave,Substitute|Timid||F|||50|]Glimmora||FocusSash|ToxicDebris|SpikyShield,EarthPower,PowerGem,SludgeBomb|Timid||M|||50|]Kingambit||ChopleBerry|Defiant|KowtowCleave,IronHead,SuckerPunch,LowKick|Adamant||F|||50|
|inactive|Battle timer is ON: inactive players will automatically lose when time's up. (requested by BeckVGC)
|inactive|jackpaulsartre33 has 60 seconds left.
|
|t:|1785441597
|teamsize|p1|4
|teamsize|p2|4
|start
|switch|p1a: Ninetales|Ninetales-Alola, L50, F|100/100
|switch|p1b: Garchomp|Garchomp, L50, M|100/100
|switch|p2a: Delphox|Delphox, L50, F|100/100
|switch|p2b: Kingambit|Kingambit, L50, F, shiny|100/100
|-weather|Snowscape|[from] ability: Snow Warning|[of] p1a: Ninetales
|turn|1
|inactive|jackpaulsartre33 has 30 seconds left.
|
|t:|1785441631
|switch|p1a: Charizard|Charizard, L50, F|100/100
|detailschange|p2a: Delphox|Delphox-Mega, L50, F
|-mega|p2a: Delphox|Delphox|Delphoxite
|move|p2b: Kingambit|Sucker Punch|p1b: Garchomp
|-damage|p1b: Garchomp|60/100
|-damage|p2b: Kingambit|87/100|[from] ability: Rough Skin|[of] p1b: Garchomp
|move|p2a: Delphox|Heat Wave|p1b: Garchomp|[spread] p1a,p1b
|-resisted|p1a: Charizard|1
|-resisted|p1b: Garchomp|1
|-damage|p1a: Charizard|73/100
|-damage|p1b: Garchomp|37/100
|move|p1b: Garchomp|Rock Slide|p2b: Kingambit|[spread] 
|-miss|p1b: Garchomp|p2a: Delphox
|-miss|p1b: Garchomp|p2b: Kingambit
|
|-weather|Snowscape|[upkeep]
|upkeep
|turn|2
|inactive|jackpaulsartre33 has 30 seconds left.
|
|t:|1785441661
|detailschange|p1a: Charizard|Charizard-Mega-Y, L50, F
|-mega|p1a: Charizard|Charizard|Charizardite Y
|-weather|SunnyDay|[from] ability: Drought|[of] p1a: Charizard
|move|p1b: Garchomp|Protect|p1b: Garchomp
|-singleturn|p1b: Garchomp|Protect
|move|p2b: Kingambit|Sucker Punch|p1a: Charizard
|-damage|p1a: Charizard|33/100
|move|p2a: Delphox|Heat Wave|p1a: Charizard|[spread] p1a
|-activate|p1b: Garchomp|move: Protect
|-resisted|p1a: Charizard|1
|-damage|p1a: Charizard|2/100
|move|p1a: Charizard|Heat Wave|p2b: Kingambit|[spread] p2b
|-miss|p1a: Charizard|p2a: Delphox
|-supereffective|p2b: Kingambit|1
|-damage|p2b: Kingambit|0 fnt
|faint|p2b: Kingambit
|
|-weather|SunnyDay|[upkeep]
|upkeep
|
|t:|1785441672
|switch|p2b: Glimmora|Glimmora, L50, M|100/100
|turn|3
|c|☆jackpaulsartre33|lol
|inactive|jackpaulsartre33 has 30 seconds left.
|inactive|jackpaulsartre33 has 20 seconds left.
|inactive|jackpaulsartre33 has 15 seconds left.
|inactive|jackpaulsartre33 has 10 seconds left.
|
|t:|1785441719
|move|p1b: Garchomp|Protect||[still]
|-fail|p1b: Garchomp
|move|p2a: Delphox|Heat Wave|p1b: Garchomp|[spread] p1a,p1b
|-resisted|p1a: Charizard|1
|-resisted|p1b: Garchomp|1
|-damage|p1a: Charizard|0 fnt
|-damage|p1b: Garchomp|0 fnt
|faint|p1a: Charizard
|faint|p1b: Garchomp
|move|p2b: Glimmora|Sludge Bomb|p1: Charizard|[notarget]
|-fail|p2b: Glimmora
|
|-weather|SunnyDay|[upkeep]
|upkeep
|
|t:|1785441724
|switch|p1b: Ninetales|Ninetales-Alola, L50, F|100/100
|switch|p1a: Kingambit|Kingambit, L50, M|100/100
|-weather|Snowscape|[from] ability: Snow Warning|[of] p1b: Ninetales
|turn|4
|c|☆BeckVGC|Computah make this guy miss all of his move
|c|☆BeckVGC|pol
|c|☆BeckVGC|Lol
|inactive|jackpaulsartre33 has 30 seconds left.
|
|t:|1785441752
|move|p2a: Delphox|Substitute|p2a: Delphox
|-start|p2a: Delphox|Substitute
|-damage|p2a: Delphox|75/100
|move|p1b: Ninetales|Blizzard|p2b: Glimmora|[spread] p2a,p2b
|-resisted|p2a: Delphox|1
|-activate|p2a: Delphox|move: Substitute|[damage]
|-damage|p2b: Glimmora|55/100
|move|p2b: Glimmora|Sludge Bomb|p1b: Ninetales
|-supereffective|p1b: Ninetales|1
|-damage|p1b: Ninetales|0 fnt
|faint|p1b: Ninetales
|move|p1a: Kingambit|Kowtow Cleave|p2a: Delphox
|-supereffective|p2a: Delphox|1
|-end|p2a: Delphox|Substitute
|
|-weather|Snowscape|[upkeep]
|upkeep
|turn|5
|
|t:|1785441767
|move|p1a: Kingambit|Sucker Punch||[still]
|-fail|p1a: Kingambit
|move|p2a: Delphox|Substitute|p2a: Delphox
|-start|p2a: Delphox|Substitute
|-damage|p2a: Delphox|50/100g
|move|p2b: Glimmora|Earth Power|p1a: Kingambit
|-supereffective|p1a: Kingambit|1
|-damage|p1a: Kingambit|24/100
|
|-weather|Snowscape|[upkeep]
|upkeep
|turn|6
|
|t:|1785441784
|move|p2a: Delphox|Heat Wave|p1a: Kingambit
|-supereffective|p1a: Kingambit|1
|-damage|p1a: Kingambit|0 fnt
|faint|p1a: Kingambit
|
|win|BeckVGC
||BeckVGC is ready for game 2.
|inactive|jackpaulsartre33 has 30 seconds to confirm battle start!
||jackpaulsartre33 is ready for game 2.
|uhtml|next|Next: Game 2 of 3
|l|☆BeckVGC
|player|p2|
