|j|☆shaboogles
|j|☆horseki
|html|shaboogleshorseki    
|uhtml|bestof|Game 2 of a best-of-3
|t:|1783549434
|gametype|doubles
|player|p1|shaboogles|furisodegirl-white|
|player|p2|horseki|clerkf|
|gen|9
|tier|[Gen 9 Champions] VGC 2026 Reg M-B (Bo3)
|rule|Species Clause: Limit one of each Pokémon
|rule|Item Clause: Limit 1 of each item
|clearpoke
|poke|p1|Chandelure, L50, F|
|poke|p1|Garganacl, L50, F|
|poke|p1|Greninja, L50, F|
|poke|p1|Rotom-Mow, L50|
|poke|p1|Krookodile, L50, M|
|poke|p1|Ariados, L50, F|
|poke|p2|Krookodile, L50, F|
|poke|p2|Gengar, L50, F|
|poke|p2|Rotom-Mow, L50|
|poke|p2|Salazzle, L50, F|
|poke|p2|Barbaracle, L50, M|
|poke|p2|Empoleon, L50, M|
|teampreview|4
|showteam|p1|Chandelure||Chandelurite|Infiltrator|HeatWave,ShadowBall,TrickRoom,Protect|Modest||F|||50|]Garganacl||Leftovers|PurifyingSalt|WideGuard,SaltCure,Recover,Protect|Sassy||F|||50|]Greninja||Greninjite|Torrent|IcyWind,Protect,HydroPump,DarkPulse|Timid||F|||50|]Rotom-Mow||ChoiceScarf|Levitate|Thunderbolt,LeafStorm,Electroweb,Trick|Timid|||||50|]Krookodile||PasshoBerry|Intimidate|Crunch,Taunt,Protect,HighHorsepower|Adamant||M|||50|]Ariados||ScopeLens|Sniper|CrossPoison,Protect,RagePowder,KnockOff|Impish||F|||50|
|showteam|p2|Krookodile||LifeOrb|Intimidate|Crunch,HighHorsepower,Taunt,Protect|Adamant||F|||50|]Gengar||FocusSash|CursedBody|IcyWind,ShadowBall,SludgeBomb,Protect|Hasty||F|||50|]Rotom-Mow||ExpertBelt|Levitate|Thunderbolt,LeafStorm,Protect,HelpingHand|Modest|||||50|]Salazzle||WideLens|Oblivious|HeatWave,SludgeBomb,FakeOut,Protect|Hasty||F|||50|]Barbaracle||WhiteHerb|ToughClaws|ShellSmash,Liquidation,RockSlide,Protect|Adamant||M|||50|]Empoleon||Leftovers|Competitive|HydroPump,FlashCannon,IceBeam,Protect|Modest||M|||50|
|
|t:|1783549491
|teamsize|p1|4
|teamsize|p2|4
|start
|switch|p1a: Rotom|Rotom-Mow, L50|100/100
|switch|p1b: Greninja|Greninja, L50, F|100/100
|switch|p2a: Rotom|Rotom-Mow, L50|100/100
|switch|p2b: Barbaracle|Barbaracle, L50, M|100/100
|turn|1
|
|t:|1783549513
|switch|p2b: Krookodile|Krookodile, L50, F|100/100
|-ability|p2b: Krookodile|Intimidate|boost
|-unboost|p1a: Rotom|atk|1
|-unboost|p1b: Greninja|atk|1
|detailschange|p1b: Greninja|Greninja-Mega, L50, F
|-mega|p1b: Greninja|Greninja|Greninjite
|move|p1a: Rotom|Electroweb|p2b: Krookodile|[spread] p2a
|-immune|p2b: Krookodile
|-resisted|p2a: Rotom|2
|-damage|p2a: Rotom|95/100
|-unboost|p2a: Rotom|spe|1
|move|p1b: Greninja|Dark Pulse|p2a: Rotom
|-start|p1b: Greninja|typechange|Dark|[from] ability: Protean
|-damage|p2a: Rotom|49/100
|cant|p2a: Rotom|flinch
|
|upkeep
|turn|2
|
|t:|1783549540
|switch|p1a: Krookodile|Krookodile, L50, M|100/100
|-ability|p1a: Krookodile|Intimidate|boost
|-unboost|p2a: Rotom|atk|1
|-unboost|p2b: Krookodile|atk|1
|move|p2a: Rotom|Helping Hand|p2b: Krookodile
|-singleturn|p2b: Krookodile|Helping Hand|[of] p2a: Rotom
|move|p1b: Greninja|Protect|p1b: Greninja
|-singleturn|p1b: Greninja|Protect
|move|p2b: Krookodile|High Horsepower|p1b: Greninja
|-activate|p1b: Greninja|move: Protect
|
|upkeep
|turn|3
|
|t:|1783549569
|switch|p1b: Rotom|Rotom-Mow, L50|100/100
|move|p2b: Krookodile|High Horsepower|p1b: Rotom
|-immune|p1b: Rotom|[from] ability: Levitate
|move|p1a: Krookodile|Crunch|p2a: Rotom
|-damage|p2a: Rotom|4/100
|move|p2a: Rotom|Leaf Storm|p1a: Krookodile
|-supereffective|p1a: Krookodile|1
|-damage|p1a: Krookodile|0 fnt
|-unboost|p2a: Rotom|spa|2
|faint|p1a: Krookodile
|
|upkeep
|
|t:|1783549586
|switch|p1a: Greninja|Greninja-Mega, L50, F|100/100
|turn|4
|
|t:|1783549604
|move|p2a: Rotom|Helping Hand|p2b: Krookodile
|-singleturn|p2b: Krookodile|Helping Hand|[of] p2a: Rotom
|move|p1b: Rotom|Thunderbolt|p2a: Rotom
|-resisted|p2a: Rotom|2
|-damage|p2a: Rotom|0 fnt
|faint|p2a: Rotom
|move|p1a: Greninja|Hydro Pump|p2b: Krookodile|[miss]
|-start|p1a: Greninja|typechange|Water|[from] ability: Protean
|-miss|p1a: Greninja|p2b: Krookodile
|move|p2b: Krookodile|Crunch|p1b: Rotom
|-damage|p1b: Rotom|24/100
|-damage|p2b: Krookodile|90/100|[from] item: Life Orb
|
|upkeep
|
|t:|1783549627
|switch|p2a: Gengar|Gengar, L50, F|100/100
|turn|5
|
|t:|1783549641
|move|p1b: Rotom|Thunderbolt|p2a: Gengar
|-damage|p2a: Gengar|35/100
|move|p1a: Greninja|Dark Pulse|p2a: Gengar
|-supereffective|p2a: Gengar|1
|-damage|p2a: Gengar|0 fnt
|-start|p1a: Greninja|Disable|Dark Pulse|[from] ability: Cursed Body|[of] p2a: Gengar
|faint|p2a: Gengar
|move|p2b: Krookodile|Crunch|p1a: Greninja
|-damage|p1a: Greninja|44/100
|-damage|p2b: Krookodile|80/100|[from] item: Life Orb
|
|upkeep
|
|t:|1783549651
|switch|p2a: Barbaracle|Barbaracle, L50, M|100/100
|turn|6
|
|t:|1783549661
|move|p2a: Barbaracle|Protect|p2a: Barbaracle
|-singleturn|p2a: Barbaracle|Protect
|move|p1b: Rotom|Thunderbolt|p2a: Barbaracle
|-activate|p2a: Barbaracle|move: Protect
|move|p1a: Greninja|Hydro Pump|p2b: Krookodile
|-supereffective|p2b: Krookodile|1
|-damage|p2b: Krookodile|0 fnt
|faint|p2b: Krookodile
|
|upkeep
|turn|7
|
|t:|1783549670
|move|p1b: Rotom|Thunderbolt|p2a: Barbaracle
|-supereffective|p2a: Barbaracle|1
|-damage|p2a: Barbaracle|1/100
|move|p1a: Greninja|Hydro Pump|p2a: Barbaracle
|-damage|p2a: Barbaracle|0 fnt
|faint|p2a: Barbaracle
|
|win|shaboogles
|c|☆horseki|gg
|c|☆shaboogles|ggwp goat!!
