|j|☆zio_gelato
|j|☆Israelkuro
|html|zio_gelatoIsraelkuro    
|uhtml|bestof|Game 3 of a best-of-3
|t:|1757855914
|gametype|doubles
|player|p1|zio_gelato|cynthia-gen4|1154
|player|p2|Israelkuro|1|1215
|gen|9
|tier|[Gen 9] VGC 2025 Reg H (Bo3)
|rated|
|rule|Species Clause: Limit one of each Pokémon
|rule|Item Clause: Limit 1 of each item
|clearpoke
|poke|p1|Archaludon, L50, M|
|poke|p1|Rillaboom, L50, F|
|poke|p1|Basculegion, L50, M|
|poke|p1|Kingambit, L50, F|
|poke|p1|Pelipper, L50, F|
|poke|p1|Electabuzz, L50, M|
|poke|p2|Ceruledge, L50, M|
|poke|p2|Gastrodon, L50, M|
|poke|p2|Rillaboom, L50, M|
|poke|p2|Dragonite, L50, M|
|poke|p2|Ninetales-Alola, L50, M|
|poke|p2|Annihilape, L50, F|
|teampreview|4
|showteam|p1|Archaludon||AssaultVest|Stamina|ElectroShot,DracoMeteor,FlashCannon,BodyPress|||M|||50|,,,,,Fairy]Rillaboom||GrassySeed|GrassySurge|WoodHammer,GrassyGlide,FakeOut,HighHorsepower|||F|||50|,,,,,Fire]Basculegion||ChoiceBand|SwiftSwim|WaveCrash,LastRespects,FlipTurn,AquaJet|||M|||50|,,,,,Grass]Kingambit||BlackGlasses|Defiant|KowtowCleave,SuckerPunch,SwordsDance,Protect|||F|||50|,,,,,Dark]Pelipper||FocusSash|Drizzle|WeatherBall,Hurricane,Tailwind,Protect|||F|||50|,,,,,Ghost]Electabuzz||Eviolite|VitalSpirit|Electroweb,Taunt,FollowMe,Protect|||M|||50|,,,,,Ghost
|showteam|p2|Ceruledge||Leftovers|FlashFire|BitterBlade,ShadowSneak,BulkUp,Protect|||M|||50|,,,,,Grass]Gastrodon||SitrusBerry|StormDrain|EarthPower,IceBeam,ClearSmog,Protect|||M|||50|,,,,,Poison]Rillaboom||AssaultVest|GrassySurge|WoodHammer,HighHorsepower,GrassyGlide,FakeOut|||M|||50|,,,,,Fire]Dragonite||LumBerry|Multiscale|TeraBlast,LowKick,ExtremeSpeed,Protect|||M|||50|,,,,,Flying]Ninetales-Alola||FocusSash|SnowWarning|AuroraVeil,FreezeDry,Moonblast,Encore|||M|||50|,,,,,Ghost]Annihilape||SafetyGoggles|Defiant|CloseCombat,Taunt,RageFist,Protect|||F|||50|,,,,,Fire
|inactive|Battle timer is ON: inactive players will automatically lose when time's up. (requested by zio_gelato)
|inactive|Israelkuro has 60 seconds left.
|
|t:|1757855975
|teamsize|p1|4
|teamsize|p2|4
|start
|switch|p1a: Basculegion|Basculegion, L50, M|100/100
|switch|p1b: Electabuzz|Electabuzz, L50, M|100/100
|switch|p2a: Ceruledge|Ceruledge, L50, M|100/100
|switch|p2b: Annihilape|Annihilape, L50, F|100/100
|turn|1
|
|t:|1757855999
|switch|p1b: Pelipper|Pelipper, L50, F|100/100
|-weather|RainDance|[from] ability: Drizzle|[of] p1b: Pelipper
|-terastallize|p2a: Ceruledge|Grass
|move|p1a: Basculegion|Wave Crash|p2b: Annihilape
|-damage|p2b: Annihilape|0 fnt
|faint|p2b: Annihilape
|-damage|p1a: Basculegion|65/100|[from] Recoil
|move|p2a: Ceruledge|Bulk Up|p2a: Ceruledge
|-boost|p2a: Ceruledge|atk|1
|-boost|p2a: Ceruledge|def|1
|
|-weather|RainDance|[upkeep]
|upkeep
|
|t:|1757856009
|switch|p2b: Gastrodon|Gastrodon, L50, M|100/100
|turn|2
|
|t:|1757856028
|switch|p1a: Archaludon|Archaludon, L50, M|100/100
|move|p2a: Ceruledge|Shadow Sneak|p1b: Pelipper
|-damage|p1b: Pelipper|65/100
|move|p1b: Pelipper|Weather Ball|p2b: Gastrodon
|-activate|p2b: Gastrodon|ability: Storm Drain
|-ability|p2b: Gastrodon|Storm Drain|boost
|-boost|p2b: Gastrodon|spa|1
|move|p2b: Gastrodon|Ice Beam|p1b: Pelipper
|-damage|p1b: Pelipper|12/100
|
|-weather|RainDance|[upkeep]
|upkeep
|turn|3
|inactive|zio_gelato has 30 seconds left.
|inactive|Israelkuro has 30 seconds left.
|
|t:|1757856059
|switch|p1b: Electabuzz|Electabuzz, L50, M|100/100
|-terastallize|p1a: Archaludon|Fairy
|move|p2a: Ceruledge|Shadow Sneak|p1b: Electabuzz
|-damage|p1b: Electabuzz|78/100
|move|p1a: Archaludon|Draco Meteor|p2a: Ceruledge
|-damage|p2a: Ceruledge|49/100
|-unboost|p1a: Archaludon|spa|2
|move|p2b: Gastrodon|Earth Power|p1a: Archaludon
|-damage|p1a: Archaludon|68/100
|-ability|p1a: Archaludon|Stamina|boost
|-boost|p1a: Archaludon|def|1
|
|-weather|RainDance|[upkeep]
|-heal|p2a: Ceruledge|56/100|[from] item: Leftovers
|upkeep
|turn|4
|inactive|zio_gelato has 30 seconds left.
|inactive|zio_gelato has 20 seconds left.
|inactive|zio_gelato has 15 seconds left.
|
|t:|1757856099
|move|p1b: Electabuzz|Electroweb|p2a: Ceruledge|[spread] p2a
|-immune|p2b: Gastrodon
|-resisted|p2a: Ceruledge
|-damage|p2a: Ceruledge|50/100
|-unboost|p2a: Ceruledge|spe|1
|move|p1a: Archaludon|Body Press|p2a: Ceruledge
|-damage|p2a: Ceruledge|19/100
|move|p2a: Ceruledge|Bulk Up|p2a: Ceruledge
|-boost|p2a: Ceruledge|atk|1
|-boost|p2a: Ceruledge|def|1
|move|p2b: Gastrodon|Earth Power|p1b: Electabuzz
|-supereffective|p1b: Electabuzz
|-damage|p1b: Electabuzz|4/100
|
|-weather|RainDance|[upkeep]
|-heal|p2a: Ceruledge|25/100|[from] item: Leftovers
|upkeep
|turn|5
|inactive|zio_gelato has 30 seconds left.
|inactive|Israelkuro has 30 seconds left.
|
|t:|1757856130
|move|p1b: Electabuzz|Protect|p1b: Electabuzz
|-singleturn|p1b: Electabuzz|Protect
|move|p2a: Ceruledge|Protect|p2a: Ceruledge
|-singleturn|p2a: Ceruledge|Protect
|move|p1a: Archaludon|Body Press|p2a: Ceruledge
|-activate|p2a: Ceruledge|move: Protect
|move|p2b: Gastrodon|Clear Smog|p1a: Archaludon
|-supereffective|p1a: Archaludon
|-damage|p1a: Archaludon|45/100
|-clearboost|p1a: Archaludon
|-ability|p1a: Archaludon|Stamina|boost
|-boost|p1a: Archaludon|def|1
|
|-weather|none
|-heal|p2a: Ceruledge|32/100|[from] item: Leftovers
|upkeep
|turn|6
|inactive|zio_gelato has 30 seconds left.
|
|t:|1757856159
|switch|p1b: Pelipper|Pelipper, L50, F|12/100
|-weather|RainDance|[from] ability: Drizzle|[of] p1b: Pelipper
|move|p1a: Archaludon|Electro Shot||[still]
|-prepare|p1a: Archaludon|Electro Shot
|-boost|p1a: Archaludon|spa|1
|-anim|p1a: Archaludon|Electro Shot|p2a: Ceruledge
|-resisted|p2a: Ceruledge
|-damage|p2a: Ceruledge|7/100
|move|p2a: Ceruledge|Bitter Blade|p1a: Archaludon
|-damage|p1a: Archaludon|28/100
|-heal|p2a: Ceruledge|17/100|[from] drain|[of] p1a: Archaludon
|-ability|p1a: Archaludon|Stamina|boost
|-boost|p1a: Archaludon|def|1
|move|p2b: Gastrodon|Clear Smog|p1a: Archaludon
|-supereffective|p1a: Archaludon
|-damage|p1a: Archaludon|4/100
|-clearboost|p1a: Archaludon
|-ability|p1a: Archaludon|Stamina|boost
|-boost|p1a: Archaludon|def|1
|
|-weather|RainDance|[upkeep]
|-heal|p2a: Ceruledge|23/100|[from] item: Leftovers
|upkeep
|turn|7
|inactive|zio_gelato has 30 seconds left.
|inactive|zio_gelato has 20 seconds left.
|inactive|zio_gelato has 15 seconds left.
|inactive|zio_gelato has 10 seconds left.
|inactive|Israelkuro has 30 seconds left.
|
|t:|1757856217
|move|p1b: Pelipper|Protect|p1b: Pelipper
|-singleturn|p1b: Pelipper|Protect
|move|p2a: Ceruledge|Protect|p2a: Ceruledge
|-singleturn|p2a: Ceruledge|Protect
|move|p1a: Archaludon|Body Press|p2a: Ceruledge
|-activate|p2a: Ceruledge|move: Protect
|move|p2b: Gastrodon|Earth Power|p1a: Archaludon
|-damage|p1a: Archaludon|0 fnt
|faint|p1a: Archaludon
|
|-weather|RainDance|[upkeep]
|-heal|p2a: Ceruledge|29/100|[from] item: Leftovers
|upkeep
|
|t:|1757856229
|switch|p1a: Basculegion|Basculegion, L50, M|65/100
|turn|8
|
|t:|1757856249
|move|p2a: Ceruledge|Shadow Sneak|p1a: Basculegion
|-supereffective|p1a: Basculegion
|-damage|p1a: Basculegion|0 fnt
|faint|p1a: Basculegion
|move|p1b: Pelipper|Hurricane|p2b: Gastrodon
|-damage|p2b: Gastrodon|56/100
|-start|p2b: Gastrodon|confusion
|-activate|p2b: Gastrodon|confusion
|move|p2b: Gastrodon|Ice Beam|p1b: Pelipper
|-damage|p1b: Pelipper|0 fnt
|faint|p1b: Pelipper
|
|-weather|RainDance|[upkeep]
|-heal|p2a: Ceruledge|36/100|[from] item: Leftovers
|upkeep
|c|☆Israelkuro|Gg
|
|t:|1757856263
|switch|p1a: Electabuzz|Electabuzz, L50, M|4/100
|turn|9
|c|☆zio_gelato|gg
|
|t:|1757856273
|switch|p2b: Ninetales|Ninetales-Alola, L50, M|100/100
|-weather|Snowscape|[from] ability: Snow Warning|[of] p2b: Ninetales
|move|p1a: Electabuzz|Taunt|p2a: Ceruledge
|-start|p2a: Ceruledge|move: Taunt
|move|p2a: Ceruledge|Bitter Blade|p1a: Electabuzz
|-damage|p1a: Electabuzz|0 fnt
|-heal|p2a: Ceruledge|37/100|[from] drain|[of] p1a: Electabuzz
|faint|p1a: Electabuzz
|
|win|Israelkuro
|raw|zio_gelato's rating: 1154 → 1133(-21 for losing)
|raw|Israelkuro's rating: 1215 → 1236(+21 for winning)
