|j|☆viatles
|j|☆ManoloVAR
|html|viatlesManoloVAR    
|uhtml|bestof|Game 1 of a best-of-3
|t:|1783566419
|gametype|doubles
|player|p1|viatles|hiker|1136
|player|p2|ManoloVAR|hilbert|1137
|gen|9
|tier|[Gen 9 Champions] VGC 2026 Reg M-B (Bo3)
|rated|
|rule|Species Clause: Limit one of each Pokémon
|rule|Item Clause: Limit 1 of each item
|clearpoke
|poke|p1|Beedrill, L50, F, shiny|
|poke|p1|Corviknight, L50, F|
|poke|p1|Hydreigon, L50, F|
|poke|p1|Sableye, L50, F|
|poke|p1|Talonflame, L50, F, shiny|
|poke|p1|Glimmora, L50, F|
|poke|p2|Sinistcha-Masterpiece, L50|
|poke|p2|Swampert, L50, M|
|poke|p2|Politoed, L50, M|
|poke|p2|Incineroar, L50, M|
|poke|p2|Archaludon, L50, M|
|poke|p2|Gengar, L50, M, shiny|
|teampreview|4
|showteam|p1|Beedrill||Beedrillite|Sniper|Uturn,DrillRun,PoisonJab,Protect|Jolly||F|||50|]Corviknight||Leftovers|MirrorArmor|BodyPress,BraveBird,IronHead,Roost|Impish||F|||50|]Hydreigon||ChoiceScarf|Levitate|DracoMeteor,DarkPulse,HeatWave,EarthPower|Modest||F|||50|]Sableye||RoseliBerry|Prankster|FakeOut,FoulPlay,RainDance,Quash|Sassy||F|||50|]Talonflame||SharpBeak|GaleWings|DualWingbeat,Tailwind,Protect,WillOWisp|Jolly||F|||50|]Glimmora||FocusSash|ToxicDebris|PowerGem,SludgeBomb,EarthPower,SpikyShield|Modest||F|||50|
|showteam|p2|Sinistcha-Masterpiece||KasibBerry|Hospitality|MatchaGotcha,Protect,LifeDew,TrickRoom|Bold|||||50|]Swampert||Swampertite|Torrent|HighHorsepower,WaveCrash,IcePunch,Protect|Adamant||M|||50|]Politoed||SitrusBerry|Drizzle|PerishSong,Protect,IcyWind,WeatherBall|Calm||M|||50|]Incineroar||WhiteHerb|Intimidate|CloseCombat,FlareBlitz,PartingShot,FakeOut|Adamant||M|||50|]Archaludon||Leftovers|Stamina|ElectroShot,DracoMeteor,Protect,FlashCannon|Modest||M|||50|]Gengar||Gengarite|CursedBody|Protect,SludgeBomb,ShadowBall,PerishSong|Timid||M|||50|
|inactive|Battle timer is ON: inactive players will automatically lose when time's up. (requested by ManoloVAR)
|c|☆viatles|gl hf
|c|☆ManoloVAR|glhf
|inactive|ManoloVAR has 60 seconds left.
|
|t:|1783566457
|teamsize|p1|4
|teamsize|p2|4
|start
|switch|p1a: Sableye|Sableye, L50, F|100/100
|switch|p1b: Malsumas|Beedrill, L50, F, shiny|100/100
|switch|p2a: Incineroar|Incineroar, L50, M|100/100
|switch|p2b: Politoed|Politoed, L50, M|100/100
|-weather|RainDance|[from] ability: Drizzle|[of] p2b: Politoed
|-ability|p2a: Incineroar|Intimidate|boost
|-unboost|p1a: Sableye|atk|1
|-unboost|p1b: Malsumas|atk|1
|turn|1
|
|t:|1783566474
|detailschange|p1b: Malsumas|Beedrill-Mega, L50, F, shiny
|-mega|p1b: Malsumas|Beedrill|Beedrillite
|move|p1b: Malsumas|Protect|p1b: Malsumas
|-singleturn|p1b: Malsumas|Protect
|move|p2a: Incineroar|Fake Out|p1b: Malsumas
|-activate|p1b: Malsumas|move: Protect
|move|p1a: Sableye|Fake Out|p2a: Incineroar
|-damage|p2a: Incineroar|94/100
|move|p2b: Politoed|Icy Wind|p1b: Malsumas|[spread] p1a
|-activate|p1b: Malsumas|move: Protect
|-damage|p1a: Sableye|89/100
|-unboost|p1a: Sableye|spe|1
|
|-weather|RainDance|[upkeep]
|upkeep
|turn|2
|inactive|viatles has 30 seconds left.
|
|t:|1783566502
|move|p1b: Malsumas|Poison Jab|p2b: Politoed
|-damage|p2b: Politoed|60/100
|move|p2b: Politoed|Icy Wind|p1a: Sableye|[spread] p1a,p1b
|-damage|p1a: Sableye|79/100
|-damage|p1b: Malsumas|87/100
|-unboost|p1a: Sableye|spe|1
|-unboost|p1b: Malsumas|spe|1
|move|p2a: Incineroar|Parting Shot|p1b: Malsumas
|-unboost|p1b: Malsumas|atk|1
|-unboost|p1b: Malsumas|spa|1
|
|t:|1783566510
|switch|p2a: Archaludon|Archaludon, L50, M|100/100|[from] Parting Shot
|move|p1a: Sableye|Foul Play|p2a: Archaludon
|-damage|p2a: Archaludon|75/100
|-ability|p2a: Archaludon|Stamina|boost
|-boost|p2a: Archaludon|def|1
|
|-weather|RainDance|[upkeep]
|-heal|p2a: Archaludon|81/100|[from] item: Leftovers
|upkeep
|turn|3
|
|t:|1783566523
|move|p1b: Malsumas|U-turn|p2b: Politoed
|-damage|p2b: Politoed|35/100
|-enditem|p2b: Politoed|Sitrus Berry|[eat]
|-heal|p2b: Politoed|60/100|[from] item: Sitrus Berry
|
|t:|1783566531
|switch|p1b: Glimmora|Glimmora, L50, F|100/100|[from] U-turn
|move|p2a: Archaludon|Electro Shot||[still]
|-prepare|p2a: Archaludon|Electro Shot
|-boost|p2a: Archaludon|spa|1
|-anim|p2a: Archaludon|Electro Shot|p1b: Glimmora
|-damage|p1b: Glimmora|22/100
|move|p2b: Politoed|Weather Ball|p1a: Sableye
|-damage|p1a: Sableye|27/100
|move|p1a: Sableye|Foul Play|p2a: Archaludon
|-damage|p2a: Archaludon|65/100
|-ability|p2a: Archaludon|Stamina|boost
|-boost|p2a: Archaludon|def|1
|
|-weather|RainDance|[upkeep]
|-heal|p2a: Archaludon|71/100|[from] item: Leftovers
|upkeep
|turn|4
|inactive|viatles has 30 seconds left.
|
|t:|1783566558
|move|p2a: Archaludon|Protect|p2a: Archaludon
|-singleturn|p2a: Archaludon|Protect
|move|p1b: Glimmora|Sludge Bomb|p2b: Politoed
|-damage|p2b: Politoed|20/100y
|move|p2b: Politoed|Icy Wind|p1b: Glimmora|[spread] p1a,p1b
|-damage|p1a: Sableye|17/100
|-damage|p1b: Glimmora|11/100
|-unboost|p1a: Sableye|spe|1
|-unboost|p1b: Glimmora|spe|1
|move|p1a: Sableye|Foul Play|p2b: Politoed
|-damage|p2b: Politoed|0 fnt
|faint|p2b: Politoed
|
|-weather|RainDance|[upkeep]
|-heal|p2a: Archaludon|77/100|[from] item: Leftovers
|upkeep
|
|t:|1783566566
|switch|p2b: Swampert|Swampert, L50, M|100/100
|turn|5
|
|t:|1783566584
|detailschange|p2b: Swampert|Swampert-Mega, L50, M
|-mega|p2b: Swampert|Swampert|Swampertite
|move|p1a: Sableye|Quash|p2b: Swampert
|-activate|p2b: Swampert|move: Quash
|move|p2a: Archaludon|Flash Cannon|p1b: Glimmora
|-supereffective|p1b: Glimmora|1
|-damage|p1b: Glimmora|0 fnt
|faint|p1b: Glimmora
|move|p2b: Swampert|Wave Crash|p1a: Sableye
|-damage|p1a: Sableye|0 fnt
|faint|p1a: Sableye
|-damage|p2b: Swampert|95/100|[from] Recoil
|
|-weather|none
|-heal|p2a: Archaludon|83/100|[from] item: Leftovers
|upkeep
|
|t:|1783566597
|switch|p1b: Malsumas|Beedrill-Mega, L50, F, shiny|87/100
|switch|p1a: Hydreigon|Hydreigon, L50, F|100/100
|turn|6
|inactive|viatles has 30 seconds left.
|inactive|viatles has 20 seconds left.
|
|t:|1783566635
|switch|p2b: Incineroar|Incineroar, L50, M|94/100
|-ability|p2b: Incineroar|Intimidate|boost
|-unboost|p1a: Hydreigon|atk|1
|-unboost|p1b: Malsumas|atk|1
|move|p1b: Malsumas|Protect|p1b: Malsumas
|-singleturn|p1b: Malsumas|Protect
|move|p1a: Hydreigon|Earth Power|p2a: Archaludon
|-supereffective|p2a: Archaludon|1
|-damage|p2a: Archaludon|15/100
|-ability|p2a: Archaludon|Stamina|boost
|-boost|p2a: Archaludon|def|1
|move|p2a: Archaludon|Draco Meteor|p1a: Hydreigon
|-supereffective|p1a: Hydreigon|1
|-damage|p1a: Hydreigon|0 fnt
|-unboost|p2a: Archaludon|spa|2
|faint|p1a: Hydreigon
|
|-heal|p2a: Archaludon|21/100|[from] item: Leftovers
|upkeep
|turn|7
|
|t:|1783566656
|switch|p2a: Swampert|Swampert-Mega, L50, M|95/100
|move|p1b: Malsumas|Drill Run|p2a: Swampert
|-crit|p2a: Swampert
|-damage|p2a: Swampert|51/100
|move|p2b: Incineroar|Parting Shot|p1b: Malsumas
|-unboost|p1b: Malsumas|atk|1
|-unboost|p1b: Malsumas|spa|1
|
|t:|1783566663
|switch|p2b: Archaludon|Archaludon, L50, M|21/100|[from] Parting Shot
|
|-heal|p2b: Archaludon|27/100|[from] item: Leftovers
|upkeep
|turn|8
|
|t:|1783566669
|move|p1b: Malsumas|Drill Run|p2b: Archaludon
|-supereffective|p2b: Archaludon|1
|-damage|p2b: Archaludon|4/100
|-ability|p2b: Archaludon|Stamina|boost
|-boost|p2b: Archaludon|def|1
|move|p2a: Swampert|High Horsepower|p1b: Malsumas
|-damage|p1b: Malsumas|0 fnt
|faint|p1b: Malsumas
|
|win|ManoloVAR
||ManoloVAR is ready for game 2.
