|j|☆Reckzz
|j|☆ToastedArt
|html|ReckzzToastedArt    
|uhtml|bestof|Game 2 of a best-of-3
|t:|1785363334
|gametype|doubles
|player|p1|Reckzz|169|1226
|player|p2|ToastedArt|iris|1149
|gen|9
|tier|[Gen 9 Champions] VGC 2026 Reg M-B (Bo3)
|rated|
|rule|Species Clause: Limit one of each Pokémon
|rule|Item Clause: Limit 1 of each item
|clearpoke
|poke|p1|Tyranitar, L50, F|
|poke|p1|Excadrill, L50, F|
|poke|p1|Milotic, L50, M|
|poke|p1|Sinistcha, L50|
|poke|p1|Staraptor, L50, M|
|poke|p1|Gholdengo, L50|
|poke|p2|Falinks, L50, shiny|
|poke|p2|Gholdengo, L50|
|poke|p2|Sinistcha, L50|
|poke|p2|Grimmsnarl, L50, M|
|poke|p2|Incineroar, L50, F|
|poke|p2|Arcanine-Hisui, L50, F|
|teampreview|4
|showteam|p1|Tyranitar||Tyranitarite|SandStream|KnockOff,RockSlide,LowKick,Protect|Jolly||F|||50|]Excadrill||FocusSash|SandRush|Earthquake,IronHead,RockSlide,Protect|Adamant||F|||50|]Milotic||SitrusBerry|Competitive|Scald,IcyWind,Haze,Protect|Calm||M|||50|]Sinistcha||ColburBerry|Hospitality|MatchaGotcha,ShadowBall,Protect,RagePowder|Bold|||||50|]Staraptor||Staraptite|Intimidate|CloseCombat,BraveBird,Tailwind,Protect|Jolly||M|||50|]Gholdengo||LifeOrb|GoodasGold|MakeItRain,ShadowBall,NastyPlot,Protect|Modest|||||50|
|showteam|p2|Falinks||Falinksite|Defiant|NoRetreat,CloseCombat,RockSlide,Protect|Adamant|||||50|]Gholdengo||LifeOrb|GoodasGold|MakeItRain,ShadowBall,NastyPlot,Protect|Modest|||||50|]Sinistcha||CobaBerry|Hospitality|MatchaGotcha,RagePowder,TrickRoom,Protect|Relaxed|||||50|]Grimmsnarl||LightClay|Prankster|SpiritBreak,LightScreen,Reflect,PartingShot|Careful||M|||50|]Incineroar||SitrusBerry|Intimidate|FlareBlitz,DarkestLariat,PartingShot,FakeOut|Careful||F|||50|]Arcanine-Hisui||FocusSash|RockHead|FlareBlitz,HeadSmash,ExtremeSpeed,Protect|Jolly||F|||50|
|inactive|Battle timer is ON: inactive players will automatically lose when time's up. (requested by ToastedArt)
|
|t:|1785363363
|teamsize|p1|4
|teamsize|p2|4
|start
|switch|p1a: Milotic|Milotic, L50, M|100/100
|switch|p1b: Excadrill|Excadrill, L50, F|100/100
|switch|p2a: Grimmsnarl|Grimmsnarl, L50, M|100/100
|switch|p2b: Falinks|Falinks, L50, shiny|100/100
|turn|1
|
|t:|1785363386
|switch|p1b: Gholdengo|Gholdengo, L50|100/100
|detailschange|p2b: Falinks|Falinks-Mega, L50, shiny
|-mega|p2b: Falinks|Falinks|Falinksite
|move|p2a: Grimmsnarl|Reflect|p2a: Grimmsnarl
|-sidestart|p2: ToastedArt|Reflect
|move|p2b: Falinks|Rock Slide|p1b: Gholdengo|[spread] p1a,p1b
|-resisted|p1b: Gholdengo|1
|-damage|p1a: Milotic|79/100
|-damage|p1b: Gholdengo|91/100
|cant|p1a: Milotic|flinch
|
|upkeep
|turn|2
|
|t:|1785363401
|move|p2a: Grimmsnarl|Light Screen|p2a: Grimmsnarl
|-sidestart|p2: ToastedArt|move: Light Screen
|move|p2b: Falinks|Rock Slide|p1a: Milotic|[spread] p1a,p1b
|-resisted|p1b: Gholdengo|1
|-damage|p1a: Milotic|60/100
|-damage|p1b: Gholdengo|82/100
|move|p1a: Milotic|Scald|p2b: Falinks
|-damage|p2b: Falinks|74/100
|-status|p2b: Falinks|brn
|cant|p1b: Gholdengo|flinch
|
|-damage|p2b: Falinks|68/100 brn|[from] brn
|upkeep
|turn|3
|
|t:|1785363422
|move|p2b: Falinks|No Retreat|p2b: Falinks
|-boost|p2b: Falinks|atk|1
|-boost|p2b: Falinks|def|1
|-boost|p2b: Falinks|spa|1
|-boost|p2b: Falinks|spd|1
|-boost|p2b: Falinks|spe|1
|-start|p2b: Falinks|move: No Retreat
|move|p1a: Milotic|Scald|p2b: Falinks
|-damage|p2b: Falinks|51/100 brn
|move|p1b: Gholdengo|Nasty Plot|p1b: Gholdengo
|-boost|p1b: Gholdengo|spa|2
|move|p2a: Grimmsnarl|Spirit Break|p1b: Gholdengo
|-resisted|p1b: Gholdengo|1
|-damage|p1b: Gholdengo|67/100
|-unboost|p1b: Gholdengo|spa|1
|
|-damage|p2b: Falinks|45/100 brn|[from] brn
|upkeep
|turn|4
|
|t:|1785363445
|switch|p2a: Sinistcha|Sinistcha, L50|100/100
|-heal|p2b: Falinks|70/100 brn|[from] ability: Hospitality|[of] p2a: Sinistcha
|move|p2b: Falinks|Close Combat|p1a: Milotic
|-damage|p1a: Milotic|13/100
|-unboost|p2b: Falinks|def|1
|-unboost|p2b: Falinks|spd|1
|-enditem|p1a: Milotic|Sitrus Berry|[eat]
|-heal|p1a: Milotic|38/100|[from] item: Sitrus Berry
|move|p1a: Milotic|Scald|p2a: Sinistcha
|-resisted|p2a: Sinistcha|1
|-damage|p2a: Sinistcha|90/100
|move|p1b: Gholdengo|Make It Rain|p2a: Sinistcha|[spread] p2a,p2b
|-damage|p2a: Sinistcha|33/100
|-damage|p2b: Falinks|0 fnt
|-unboost|p1b: Gholdengo|spa|2
|faint|p2b: Falinks
|-damage|p1b: Gholdengo|58/100|[from] item: Life Orb
|
|upkeep
|
|t:|1785363465
|switch|p2b: Incineroar|Incineroar, L50, F|100/100
|-ability|p2b: Incineroar|Intimidate|boost
|-unboost|p1a: Milotic|atk|1
|-ability|p1a: Milotic|Competitive|boost
|-boost|p1a: Milotic|spa|2
|-unboost|p1b: Gholdengo|atk|1
|turn|5
|
|t:|1785363476
|move|p1a: Milotic|Protect|p1a: Milotic
|-singleturn|p1a: Milotic|Protect
|move|p1b: Gholdengo|Shadow Ball|p2a: Sinistcha
|-supereffective|p2a: Sinistcha|1
|-damage|p2a: Sinistcha|0 fnt
|faint|p2a: Sinistcha
|-damage|p1b: Gholdengo|48/100|[from] item: Life Orb
|move|p2b: Incineroar|Flare Blitz|p1b: Gholdengo
|-supereffective|p1b: Gholdengo|1
|-damage|p1b: Gholdengo|0 fnt
|faint|p1b: Gholdengo
|-damage|p2b: Incineroar|85/100|[from] Recoil
|
|upkeep
|
|t:|1785363488
|switch|p1b: Excadrill|Excadrill, L50, F|100/100
|switch|p2a: Grimmsnarl|Grimmsnarl, L50, M|100/100
|turn|6
|
|t:|1785363511
|move|p2a: Grimmsnarl|Parting Shot|p1b: Excadrill
|-unboost|p1b: Excadrill|atk|1
|-unboost|p1b: Excadrill|spa|1
|move|p1b: Excadrill|Iron Head|p2a: Grimmsnarl
|-supereffective|p2a: Grimmsnarl|1
|-damage|p2a: Grimmsnarl|52/100
|move|p1a: Milotic|Scald|p2b: Incineroar
|-supereffective|p2b: Incineroar|1
|-damage|p2b: Incineroar|29/100
|-enditem|p2b: Incineroar|Sitrus Berry|[eat]
|-heal|p2b: Incineroar|54/100|[from] item: Sitrus Berry
|move|p2b: Incineroar|Darkest Lariat|p1a: Milotic
|-damage|p1a: Milotic|3/100
|
|upkeep
|turn|7
|
|t:|1785363536
|switch|p1b: Tyranitar|Tyranitar, L50, F|100/100
|-weather|Sandstorm|[from] ability: Sand Stream|[of] p1b: Tyranitar
|move|p1a: Milotic|Scald|p2b: Incineroar
|-supereffective|p2b: Incineroar|1
|-damage|p2b: Incineroar|1/100
|move|p2a: Grimmsnarl|Spirit Break|p1a: Milotic
|-damage|p1a: Milotic|0 fnt
|faint|p1a: Milotic
|move|p2b: Incineroar|Flare Blitz|p1b: Tyranitar
|-resisted|p1b: Tyranitar|1
|-damage|p1b: Tyranitar|78/100
|-status|p1b: Tyranitar|brn
|-damage|p2b: Incineroar|0 fnt|[from] Recoil
|faint|p2b: Incineroar
|
|-weather|Sandstorm|[upkeep]
|-damage|p2a: Grimmsnarl|46/100|[from] Sandstorm
|-damage|p1b: Tyranitar|71/100 brn|[from] brn
|upkeep
|
|t:|1785363546
|switch|p1a: Excadrill|Excadrill, L50, F|100/100
|turn|8
|-message|ToastedArt forfeited.
|
|win|Reckzz
|raw|Reckzz's rating: 1226 → 1246(+20 for winning)
|raw|ToastedArt's rating: 1149 → 1129(-20 for losing)
