|j|☆Lewis94
|j|☆Zachkahan
|html|Lewis94Zachkahan    
|uhtml|bestof|Game 2 of a best-of-3
|t:|1756313158
|gametype|doubles
|player|p1|Lewis94|ethan-gen2|1110
|player|p2|Zachkahan|266|1071
|gen|9
|tier|[Gen 9] VGC 2025 Reg H (Bo3)
|rated|
|rule|Species Clause: Limit one of each Pokémon
|rule|Item Clause: Limit 1 of each item
|clearpoke
|poke|p1|Garchomp, L50, M|
|poke|p1|Whimsicott, L50, F|
|poke|p1|Dragonite, L50, M|
|poke|p1|Typhlosion-Hisui, L50, F|
|poke|p1|Torkoal, L50, F|
|poke|p1|Kingambit, L50, F|
|poke|p2|Sneasler, L50, M|
|poke|p2|Incineroar, L50, M|
|poke|p2|Gholdengo, L50|
|poke|p2|Dragonite, L50, M|
|poke|p2|Amoonguss, L50, F|
|poke|p2|Ursaluna-Bloodmoon, L50, M|
|teampreview|4
|showteam|p1|Garchomp||LifeOrb|RoughSkin|DragonClaw,StompingTantrum,Earthquake,Protect|||M|||50|,,,,,Ground]Whimsicott||CovertCloak|Prankster|Tailwind,SunnyDay,Moonblast,Encore|||F|||50|,,,,,Dark]Dragonite||LoadedDice|Multiscale|ExtremeSpeed,ScaleShot,IceSpinner,Protect|||M|||50|,,,,,Normal]Typhlosion-Hisui||ChoiceSpecs|Blaze|Eruption,ShadowBall,HeatWave,Protect|||F|||50|,,,,,Fire]Torkoal||EjectPack|Drought|Overheat,Eruption,HelpingHand,Protect|||F|||50|,,,,,Flying]Kingambit||AssaultVest|Defiant|IronHead,Assurance,SuckerPunch,LowKick|||F|||50|,,,,,Flying
|showteam|p2|Sneasler||FocusSash|PoisonTouch|DireClaw,CloseCombat,ThroatChop,Protect|||M|||50|,,,,,Stellar]Incineroar||SafetyGoggles|Intimidate|FakeOut,FlareBlitz,KnockOff,PartingShot|||M|||50|,,,,,Ghost]Gholdengo||LifeOrb|GoodasGold|MakeItRain,ShadowBall,NastyPlot,Protect||||||50|,,,,,Water]Dragonite||LoadedDice|Multiscale|ScaleShot,StompingTantrum,Tailwind,Protect|||M|||50|,,,,,Ground]Amoonguss||MentalHerb|Regenerator|PollenPuff,Spore,RagePowder,Protect|||F|||50|,,,,,Psychic]Ursaluna-Bloodmoon||AssaultVest|MindsEye|BloodMoon,HyperVoice,EarthPower,VacuumWave|||M|||50|,,,,,Normal
|inactive|Battle timer is ON: inactive players will automatically lose when time's up. (requested by Lewis94)
|
|t:|1756313190
|teamsize|p1|4
|teamsize|p2|4
|start
|switch|p1a: Garchomp|Garchomp, L50, M|100/100
|switch|p1b: Kingambit|Kingambit, L50, F|100/100
|switch|p2a: Sneasler|Sneasler, L50, M|100/100
|switch|p2b: Amoonguss|Amoonguss, L50, F|100/100
|turn|1
|inactive|Lewis94 has 30 seconds left.
|inactive|Lewis94 has 20 seconds left.
|
|t:|1756313225
|-terastallize|p1b: Kingambit|Flying
|move|p2a: Sneasler|Protect|p2a: Sneasler
|-singleturn|p2a: Sneasler|Protect
|move|p1b: Kingambit|Sucker Punch||[still]
|-fail|p1b: Kingambit
|move|p1a: Garchomp|Earthquake|p2b: Amoonguss|[spread] p2b
|-activate|p2a: Sneasler|move: Protect
|-immune|p1b: Kingambit
|-damage|p2b: Amoonguss|65/100
|-damage|p1a: Garchomp|91/100|[from] item: Life Orb
|move|p2b: Amoonguss|Spore|p1b: Kingambit
|-status|p1b: Kingambit|slp|[from] move: Spore
|
|upkeep
|turn|2
|inactive|Lewis94 has 30 seconds left.
|
|t:|1756313252
|switch|p2a: Dragonite|Dragonite, L50, M|100/100
|cant|p1b: Kingambit|slp
|move|p1a: Garchomp|Earthquake|p2b: Amoonguss|[spread] p2b
|-immune|p1b: Kingambit
|-immune|p2a: Dragonite
|-damage|p2b: Amoonguss|24/100
|-damage|p1a: Garchomp|81/100|[from] item: Life Orb
|move|p2b: Amoonguss|Spore|p1a: Garchomp
|-status|p1a: Garchomp|slp|[from] move: Spore
|
|upkeep
|turn|3
|inactive|Lewis94 has 30 seconds left.
|inactive|Lewis94 has 20 seconds left.
|
|t:|1756313288
|switch|p1a: Torkoal|Torkoal, L50, F|100/100
|-weather|SunnyDay|[from] ability: Drought|[of] p1a: Torkoal
|switch|p2b: Ursaluna|Ursaluna-Bloodmoon, L50, M|100/100
|cant|p1b: Kingambit|slp
|move|p2a: Dragonite|Scale Shot|p1b: Kingambit
|-damage|p1b: Kingambit|90/100 slp
|-damage|p1b: Kingambit|78/100 slp
|-damage|p1b: Kingambit|67/100 slp
|-damage|p1b: Kingambit|55/100 slp
|-hitcount|p1b: Kingambit|4
|-unboost|p2a: Dragonite|def|1
|-boost|p2a: Dragonite|spe|1
|
|-weather|SunnyDay|[upkeep]
|upkeep
|turn|4
|inactive|Lewis94 has 30 seconds left.
|inactive|Zachkahan has 30 seconds left.
|
|t:|1756313320
|cant|p1b: Kingambit|slp
|move|p2a: Dragonite|Scale Shot|p1a: Torkoal
|-damage|p1a: Torkoal|88/100
|-damage|p1a: Torkoal|75/100
|-damage|p1a: Torkoal|64/100
|-damage|p1a: Torkoal|51/100
|-crit|p1a: Torkoal
|-damage|p1a: Torkoal|34/100
|-hitcount|p1a: Torkoal|5
|-unboost|p2a: Dragonite|def|1
|-boost|p2a: Dragonite|spe|1
|move|p2b: Ursaluna|Blood Moon|p1b: Kingambit
|-damage|p1b: Kingambit|7/100 slp
|move|p1a: Torkoal|Overheat|p2a: Dragonite|[miss]
|-miss|p1a: Torkoal|p2a: Dragonite
|
|-weather|SunnyDay|[upkeep]
|upkeep
|turn|5
|inactive|Lewis94 has 30 seconds left.
|
|t:|1756313346
|move|p1a: Torkoal|Protect|p1a: Torkoal
|-singleturn|p1a: Torkoal|Protect
|-curestatus|p1b: Kingambit|slp|[msg]
|move|p1b: Kingambit|Sucker Punch|p2a: Dragonite
|-damage|p2a: Dragonite|53/100
|move|p2a: Dragonite|Stomping Tantrum|p1a: Torkoal
|-activate|p1a: Torkoal|move: Protect
|move|p2b: Ursaluna|Hyper Voice|p1a: Torkoal|[spread] p1b
|-activate|p1a: Torkoal|move: Protect
|-damage|p1b: Kingambit|0 fnt
|faint|p1b: Kingambit
|
|-weather|SunnyDay|[upkeep]
|upkeep
|
|t:|1756313361
|switch|p1b: Typhlosion|Typhlosion-Hisui, L50, F|100/100
|turn|6
|
|t:|1756313372
|-terastallize|p2a: Dragonite|Ground
|move|p1a: Torkoal|Helping Hand|p1b: Typhlosion
|-singleturn|p1b: Typhlosion|Helping Hand|[of] p1a: Torkoal
|move|p2a: Dragonite|Stomping Tantrum|p1b: Typhlosion
|-supereffective|p1b: Typhlosion
|-damage|p1b: Typhlosion|0 fnt
|faint|p1b: Typhlosion
|move|p2b: Ursaluna|Blood Moon|p1a: Torkoal
|-damage|p1a: Torkoal|0 fnt
|faint|p1a: Torkoal
|
|-weather|SunnyDay|[upkeep]
|upkeep
|-message|Lewis94 forfeited.
|
|win|Zachkahan
||Lewis94 is ready for game 3.
|inactive|Zachkahan has 30 seconds to confirm battle start!
||Zachkahan is ready for game 3.
|uhtml|next|Next: Game 3 of 3
|l|☆Zachkahan
|player|p2|
