|j|☆wxtermelxxxn
|j|☆Keeper08
|html|wxtermelxxxnKeeper08    
|uhtml|bestof|Game 1 of a best-of-3
|t:|1757934832
|gametype|doubles
|player|p1|wxtermelxxxn|roxie|1142
|player|p2|Keeper08|lance|1055
|gen|9
|tier|[Gen 9] VGC 2025 Reg H (Bo3)
|rated|
|rule|Species Clause: Limit one of each Pokémon
|rule|Item Clause: Limit 1 of each item
|clearpoke
|poke|p1|Gholdengo, L50|
|poke|p1|Incineroar, L50, M|
|poke|p1|Sneasler, L50, F|
|poke|p1|Ursaluna, L50, F|
|poke|p1|Porygon2, L50|
|poke|p1|Amoonguss, L50, M|
|poke|p2|Rillaboom, L50, M|
|poke|p2|Volcarona, L50, M|
|poke|p2|Archaludon, L50, M|
|poke|p2|Mandibuzz, L50, F|
|poke|p2|Krookodile, L50, M|
|poke|p2|Amoonguss, L50, M|
|teampreview|4
|showteam|p1|Gholdengo||LifeOrb|GoodasGold|MakeItRain,ShadowBall,NastyPlot,Protect||||||50|,,,,,Water]Incineroar||SafetyGoggles|Intimidate|KnockOff,FlareBlitz,PartingShot,FakeOut|||M|||50|,,,,,Ghost]Sneasler||FocusSash|PoisonTouch|CloseCombat,DireClaw,ThroatChop,Protect|||F|||50|,,,,,Dark]Ursaluna||FlameOrb|Guts|Facade,HeadlongRush,Earthquake,Protect|||F|||50|,,,,,Ghost]Porygon2||Eviolite|Download|TeraBlast,IceBeam,TrickRoom,Recover||||||50|,,,,,Fighting]Amoonguss||CovertCloak|Regenerator|Spore,RagePowder,PollenPuff,SludgeBomb|||M|||50|,,,,,Water
|showteam|p2|Rillaboom||AssaultVest|GrassySurge|FakeOut,WoodHammer,GrassyGlide,HighHorsepower|||M|||50|,,,,,Ground]Volcarona||SafetyGoggles|FlameBody|HeatWave,BugBuzz,QuiverDance,Protect|||M|||50|,,,,,Water]Archaludon||Leftovers|Stamina|DracoMeteor,FlashCannon,ElectroShot,BodyPress|||M|||50|,,,,,Fairy]Mandibuzz||RockyHelmet|Overcoat|Tailwind,Toxic,Roost,KnockOff|||F|||50|,,,,,Poison]Krookodile||ChoiceBand|Intimidate|KnockOff,Earthquake,CloseCombat,DragonClaw|||M|||50|,,,,,Grass]Amoonguss|||Regenerator|RagePowder,Spore,Protect,PollenPuff|||M|||50|,,,,,Fire
|inactive|Battle timer is ON: inactive players will automatically lose when time's up. (requested by Keeper08)
|j| Upsilon Sul G
|inactive|wxtermelxxxn has 60 seconds left.
|inactive|Keeper08 has 60 seconds left.
|
|t:|1757934881
|teamsize|p1|4
|teamsize|p2|4
|start
|switch|p1a: Achoo|Sneasler, L50, F|100/100
|switch|p1b: Fazbear|Ursaluna, L50, F|100/100
|switch|p2a: Krookodile|Krookodile, L50, M, shiny|100/100
|switch|p2b: Volcarona|Volcarona, L50, M, shiny|100/100
|-ability|p2a: Krookodile|Intimidate|boost
|-unboost|p1a: Achoo|atk|1
|-unboost|p1b: Fazbear|atk|1
|turn|1
|inactive|Keeper08 has 30 seconds left.
|
|t:|1757934907
|move|p1a: Achoo|Protect|p1a: Achoo
|-singleturn|p1a: Achoo|Protect
|move|p1b: Fazbear|Protect|p1b: Fazbear
|-singleturn|p1b: Fazbear|Protect
|move|p2b: Volcarona|Quiver Dance|p2b: Volcarona
|-boost|p2b: Volcarona|spa|1
|-boost|p2b: Volcarona|spd|1
|-boost|p2b: Volcarona|spe|1
|move|p2a: Krookodile|Knock Off|p1b: Fazbear
|-activate|p1b: Fazbear|move: Protect
|
|-status|p1b: Fazbear|brn|[from] item: Flame Orb
|upkeep
|turn|2
|
|t:|1757934924
|switch|p1a: Osono|Incineroar, L50, M|100/100
|-ability|p1a: Osono|Intimidate|boost
|-unboost|p2a: Krookodile|atk|1
|-unboost|p2b: Volcarona|atk|1
|move|p2b: Volcarona|Heat Wave|p1b: Fazbear|[spread] p1a,p1b
|-resisted|p1a: Osono
|-damage|p1a: Osono|71/100
|-damage|p1b: Fazbear|53/100 brn
|move|p2a: Krookodile|Knock Off|p1b: Fazbear
|-damage|p1b: Fazbear|17/100 brn
|-enditem|p1b: Fazbear|Flame Orb|[from] move: Knock Off|[of] p2a: Krookodile
|move|p1b: Fazbear|Headlong Rush|p2b: Volcarona
|-damage|p2b: Volcarona|8/100
|-unboost|p1b: Fazbear|def|1
|-unboost|p1b: Fazbear|spd|1
|
|-damage|p1b: Fazbear|11/100 brn|[from] brn
|upkeep
|turn|3
|inactive|Keeper08 has 30 seconds left.
|inactive|Keeper08 has 20 seconds left.
|
|t:|1757934963
|move|p1a: Osono|Fake Out|p2a: Krookodile
|-damage|p2a: Krookodile|85/100
|move|p2b: Volcarona|Heat Wave|p1a: Osono|[spread] p1a
|-miss|p2b: Volcarona|p1b: Fazbear
|-resisted|p1a: Osono
|-damage|p1a: Osono|42/100
|cant|p2a: Krookodile|flinch
|move|p1b: Fazbear|Facade|p2a: Krookodile
|-damage|p2a: Krookodile|0 fnt
|faint|p2a: Krookodile
|
|-damage|p1b: Fazbear|5/100 brn|[from] brn
|upkeep
|
|t:|1757934977
|switch|p2a: Archaludon|Archaludon, L50, M, shiny|100/100
|turn|4
|
|t:|1757934991
|move|p2b: Volcarona|Heat Wave|p1a: Osono|[spread] p1a,p1b
|-resisted|p1a: Osono
|-crit|p1b: Fazbear
|-damage|p1a: Osono|15/100
|-damage|p1b: Fazbear|0 fnt
|faint|p1b: Fazbear
|move|p2a: Archaludon|Body Press|p1a: Osono
|-supereffective|p1a: Osono
|-damage|p1a: Osono|0 fnt
|faint|p1a: Osono
|
|upkeep
|
|t:|1757935001
|switch|p1a: Achoo|Sneasler, L50, F|100/100
|switch|p1b: Clanker|Porygon2, L50|100/100
|-ability|p1b: Clanker|Download|boost
|-boost|p1b: Clanker|atk|1
|turn|5
|
|t:|1757935016
|-terastallize|p1b: Clanker|Fighting
|move|p1a: Achoo|Protect|p1a: Achoo
|-singleturn|p1a: Achoo|Protect
|move|p2b: Volcarona|Heat Wave|p1a: Achoo|[spread] p1b
|-activate|p1a: Achoo|move: Protect
|-damage|p1b: Clanker|66/100
|move|p2a: Archaludon|Body Press|p1b: Clanker
|-crit|p1b: Clanker
|-damage|p1b: Clanker|45/100
|move|p1b: Clanker|Tera Blast|p2a: Archaludon|[anim] Tera Blast Fighting
|-supereffective|p2a: Archaludon
|-damage|p2a: Archaludon|46/100
|-ability|p2a: Archaludon|Stamina|boost
|-boost|p2a: Archaludon|def|1
|
|-heal|p2a: Archaludon|52/100|[from] item: Leftovers
|upkeep
|turn|6
|
|t:|1757935038
|move|p2b: Volcarona|Heat Wave|p1b: Clanker|[spread] p1a,p1b
|-damage|p1a: Achoo|12/100
|-damage|p1b: Clanker|6/100
|move|p1a: Achoo|Dire Claw|p2b: Volcarona
|-crit|p2b: Volcarona
|-damage|p2b: Volcarona|0 fnt
|faint|p2b: Volcarona
|move|p2a: Archaludon|Draco Meteor|p1b: Clanker
|-damage|p1b: Clanker|0 fnt
|-unboost|p2a: Archaludon|spa|2
|faint|p1b: Clanker
|
|-heal|p2a: Archaludon|58/100|[from] item: Leftovers
|upkeep
|
|t:|1757935043
|switch|p2b: Amoonguss|Amoonguss, L50, M|100/100
|turn|7
|-message|wxtermelxxxn forfeited.
|raw|wxtermelxxxn's rating: 1142 → 1111(-31 for losing)
|raw|Keeper08's rating: 1055 → 1095(+40 for winning)
|
|win|Keeper08
|l|☆wxtermelxxxn
|player|p1|
|l|☆Keeper08
|player|p2|
