|j|☆quetzalyami
|j|☆3k Ligue Croissant
|html|quetzalyami3k Ligue Croissant    
|uhtml|bestof|Game 1 of a best-of-3
|t:|1757627161
|gametype|doubles
|player|p1|quetzalyami|265|1212
|player|p2|3k Ligue Croissant|102|1184
|gen|9
|tier|[Gen 9] VGC 2025 Reg H (Bo3)
|rated|
|rule|Species Clause: Limit one of each Pokémon
|rule|Item Clause: Limit 1 of each item
|clearpoke
|poke|p1|Rillaboom, L50, M|
|poke|p1|Kingambit, L50, M|
|poke|p1|Dragonite, L50, F|
|poke|p1|Sneasler, L50, F|
|poke|p1|Ceruledge, L50, F|
|poke|p1|Gastrodon, L50, M|
|poke|p2|Weavile, L50, F|
|poke|p2|Annihilape, L50, F|
|poke|p2|Coalossal, L50, M|
|poke|p2|Sinistcha, L50|
|poke|p2|Farigiraf, L50, M|
|poke|p2|Ninetales-Alola, L50, F|
|teampreview|4
|showteam|p1|Rillaboom||MiracleSeed|GrassySurge|FakeOut,GrassyGlide,WoodHammer,HighHorsepower|||M|||50|,,,,,Fire]Kingambit||AssaultVest|Defiant|KowtowCleave,SuckerPunch,IronHead,TeraBlast|||M|||50|,,,,,Flying]Dragonite||LoadedDice|Multiscale|ExtremeSpeed,ScaleShot,Protect,LowKick|||F|||50|,,,,,Fairy]Sneasler||FocusSash|Unburden|DireClaw,CloseCombat,FakeOut,Coaching|||F|||50|,,,,,Ghost]Ceruledge||Leftovers|FlashFire|BitterBlade,Protect,BulkUp,ShadowClaw|||F|||50|,,,,,Grass]Gastrodon||SitrusBerry|StormDrain|EarthPower,Protect,ClearSmog,IceBeam|||M|||50|,,,,,Poison
|showteam|p2|Weavile||FocusSash|Pickpocket|Surf,BeatUp,KnockOff,TripleAxel|||F|||50|,,,,,Ghost]Annihilape||SafetyGoggles|Defiant|RageFist,DrainPunch,BulkUp,Protect|||F|||50|,,,,,Fire]Coalossal||WeaknessPolicy|SteamEngine|HeatWave,PowerGem,EarthPower,Protect|||M|||50|,,,,,Rock]Sinistcha||SitrusBerry|Hospitality|StrengthSap,LifeDew,RagePowder,MatchaGotcha||||||50|,,,,,Water]Farigiraf||ThroatSpray|ArmorTail|HyperVoice,DazzlingGleam,TrickRoom,SkillSwap|||M|||50|,,,,,Fairy]Ninetales-Alola||LightClay|SnowWarning|Blizzard,IcicleSpear,FreezeDry,AuroraVeil|||F|||50|,,,,,Ghost
|inactive|Battle timer is ON: inactive players will automatically lose when time's up. (requested by quetzalyami)
|inactive|quetzalyami has 60 seconds left.
|inactive|3k Ligue Croissant has 60 seconds left.
|inactive|quetzalyami has 30 seconds left.
|inactive|3k Ligue Croissant has 30 seconds left.
|
|t:|1757627231
|teamsize|p1|4
|teamsize|p2|4
|start
|switch|p1a: Ceruledge|Ceruledge, L50, F|100/100
|switch|p1b: Rillaboom|Rillaboom, L50, M|100/100
|switch|p2a: Ninetales|Ninetales-Alola, L50, F|100/100
|switch|p2b: Annihilape|Annihilape, L50, F|100/100
|-weather|Snowscape|[from] ability: Snow Warning|[of] p2a: Ninetales
|-fieldstart|move: Grassy Terrain|[from] ability: Grassy Surge|[of] p1b: Rillaboom
|turn|1
|inactive|quetzalyami has 30 seconds left.
|inactive|quetzalyami has 20 seconds left.
|
|t:|1757627270
|-terastallize|p2b: Annihilape|Fire
|move|p1b: Rillaboom|Fake Out|p2a: Ninetales
|-damage|p2a: Ninetales|89/100
|cant|p2a: Ninetales|flinch
|move|p2b: Annihilape|Bulk Up|p2b: Annihilape
|-boost|p2b: Annihilape|atk|1
|-boost|p2b: Annihilape|def|1
|move|p1a: Ceruledge|Bulk Up|p1a: Ceruledge
|-boost|p1a: Ceruledge|atk|1
|-boost|p1a: Ceruledge|def|1
|
|-weather|Snowscape|[upkeep]
|-heal|p2a: Ninetales|95/100|[from] Grassy Terrain
|upkeep
|turn|2
|inactive|quetzalyami has 30 seconds left.
|
|t:|1757627297
|-terastallize|p1b: Rillaboom|Fire
|move|p1a: Ceruledge|Protect|p1a: Ceruledge
|-singleturn|p1a: Ceruledge|Protect
|move|p2a: Ninetales|Icicle Spear|p2b: Annihilape
|-resisted|p2b: Annihilape
|-damage|p2b: Annihilape|99/100
|-resisted|p2b: Annihilape
|-damage|p2b: Annihilape|97/100
|-resisted|p2b: Annihilape
|-damage|p2b: Annihilape|94/100
|-hitcount|p2b: Annihilape|3
|move|p2b: Annihilape|Rage Fist|p1a: Ceruledge
|-activate|p1a: Ceruledge|move: Protect
|move|p1b: Rillaboom|High Horsepower|p2b: Annihilape
|-supereffective|p2b: Annihilape
|-damage|p2b: Annihilape|46/100
|
|-weather|Snowscape|[upkeep]
|-heal|p2a: Ninetales|100/100|[from] Grassy Terrain
|-heal|p2b: Annihilape|52/100|[from] Grassy Terrain
|upkeep
|turn|3
|
|t:|1757627318
|move|p2a: Ninetales|Aurora Veil|p2a: Ninetales
|-sidestart|p2: 3k Ligue Croissant|move: Aurora Veil
|move|p2b: Annihilape|Rage Fist|p1a: Ceruledge
|-supereffective|p1a: Ceruledge
|-damage|p1a: Ceruledge|0 fnt
|faint|p1a: Ceruledge
|move|p1b: Rillaboom|High Horsepower|p2b: Annihilape
|-supereffective|p2b: Annihilape
|-damage|p2b: Annihilape|22/100
|
|-weather|Snowscape|[upkeep]
|-heal|p2b: Annihilape|28/100|[from] Grassy Terrain
|upkeep
|
|t:|1757627329
|switch|p1a: Sneasler|Sneasler, L50, F|100/100
|turn|4
|
|t:|1757627346
|move|p2b: Annihilape|Protect|p2b: Annihilape
|-singleturn|p2b: Annihilape|Protect
|move|p1a: Sneasler|Fake Out|p2b: Annihilape
|-activate|p2b: Annihilape|move: Protect
|move|p2a: Ninetales|Blizzard|p1b: Rillaboom|[spread] p1a,p1b
|-resisted|p1b: Rillaboom
|-damage|p1a: Sneasler|66/100
|-damage|p1b: Rillaboom|86/100
|move|p1b: Rillaboom|High Horsepower|p2b: Annihilape
|-activate|p2b: Annihilape|move: Protect
|
|-weather|Snowscape|[upkeep]
|-heal|p1a: Sneasler|71/100|[from] Grassy Terrain
|-heal|p2b: Annihilape|34/100|[from] Grassy Terrain
|-heal|p1b: Rillaboom|92/100|[from] Grassy Terrain
|upkeep
|turn|5
|
|t:|1757627366
|switch|p2a: Farigiraf|Farigiraf, L50, M|100/100
|move|p1a: Sneasler|Close Combat|p2b: Annihilape
|-damage|p2b: Annihilape|4/100
|-unboost|p1a: Sneasler|def|1
|-unboost|p1a: Sneasler|spd|1
|move|p2b: Annihilape|Rage Fist|p1b: Rillaboom
|-damage|p1b: Rillaboom|0 fnt
|faint|p1b: Rillaboom
|
|-weather|none
|-heal|p1a: Sneasler|77/100|[from] Grassy Terrain
|-heal|p2b: Annihilape|10/100|[from] Grassy Terrain
|-fieldend|move: Grassy Terrain
|upkeep
|
|t:|1757627376
|switch|p1b: Gastrodon|Gastrodon, L50, M|100/100
|turn|6
|
|t:|1757627398
|move|p2b: Annihilape|Protect|p2b: Annihilape
|-singleturn|p2b: Annihilape|Protect
|move|p1a: Sneasler|Dire Claw|p2b: Annihilape
|-activate|p2b: Annihilape|move: Protect
|move|p2a: Farigiraf|Hyper Voice|p1b: Gastrodon|[spread] p1a,p1b
|-damage|p1a: Sneasler|3/100
|-damage|p1b: Gastrodon|69/100
|-enditem|p2a: Farigiraf|Throat Spray
|-boost|p2a: Farigiraf|spa|1|[from] item: Throat Spray
|move|p1b: Gastrodon|Clear Smog|p2a: Farigiraf
|-damage|p2a: Farigiraf|91/100
|-clearboost|p2a: Farigiraf
|
|upkeep
|turn|7
|
|t:|1757627417
|move|p1a: Sneasler|Dire Claw|p2b: Annihilape
|-damage|p2b: Annihilape|0 fnt
|faint|p2b: Annihilape
|move|p2a: Farigiraf|Hyper Voice|p1a: Sneasler|[spread] p1a,p1b
|-damage|p1a: Sneasler|0 fnt
|-damage|p1b: Gastrodon|38/100
|-enditem|p1b: Gastrodon|Sitrus Berry|[eat]
|-heal|p1b: Gastrodon|63/100|[from] item: Sitrus Berry
|faint|p1a: Sneasler
|move|p1b: Gastrodon|Earth Power|p2a: Farigiraf
|-damage|p2a: Farigiraf|67/100
|
|upkeep
|
|t:|1757627426
|switch|p2b: Ninetales|Ninetales-Alola, L50, F|100/100
|-weather|Snowscape|[from] ability: Snow Warning|[of] p2b: Ninetales
|turn|8
|
|t:|1757627432
|move|p1b: Gastrodon|Protect|p1b: Gastrodon
|-singleturn|p1b: Gastrodon|Protect
|move|p2b: Ninetales|Freeze-Dry|p1b: Gastrodon
|-activate|p1b: Gastrodon|move: Protect
|move|p2a: Farigiraf|Hyper Voice|p1b: Gastrodon
|-activate|p1b: Gastrodon|move: Protect
|
|-weather|Snowscape|[upkeep]
|upkeep
|turn|9
|
|t:|1757627447
|move|p2b: Ninetales|Freeze-Dry|p1b: Gastrodon
|-supereffective|p1b: Gastrodon
|-damage|p1b: Gastrodon|0 fnt
|faint|p1b: Gastrodon
|
|win|3k Ligue Croissant
||quetzalyami is ready for game 2.
||3k Ligue Croissant is ready for game 2.
|uhtml|next|Next: Game 2 of 3
