|j|☆Alysa Liu
|j|☆CavaliereIsSoPeak
|html|Alysa LiuCavaliereIsSoPeak    
|uhtml|bestof|Game 2 of a best-of-3
|t:|1756857669
|gametype|doubles
|player|p1|Alysa Liu|lady|1379
|player|p2|CavaliereIsSoPeak|gambler|1431
|gen|9
|tier|[Gen 9] VGC 2025 Reg H (Bo3)
|rated|
|rule|Species Clause: Limit one of each Pokémon
|rule|Item Clause: Limit 1 of each item
|clearpoke
|poke|p1|Dachsbun, L50, M|
|poke|p1|Typhlosion-Hisui, L50, M|
|poke|p1|Kingambit, L50, M|
|poke|p1|Jumpluff, L50, M|
|poke|p1|Rillaboom, L50, M|
|poke|p1|Torkoal, L50, F|
|poke|p2|Volcarona, L50, M|
|poke|p2|Rillaboom, L50, M|
|poke|p2|Sneasler, L50, F|
|poke|p2|Dragonite, L50, M|
|poke|p2|Ursaluna-Bloodmoon, L50, M|
|poke|p2|Whimsicott, L50, F|
|teampreview|4
|showteam|p1|Dachsbun||Leftovers|WellBakedBody|BodyPress,Snarl,HelpingHand,Protect|||M|||50|,,,,,Steel]Typhlosion-Hisui||ChoiceSpecs|Blaze|Eruption,LavaPlume,Overheat,ShadowBall|||M|||50|,,,,,Fire]Kingambit||SafetyGoggles|Defiant|Protect,KowtowCleave,SuckerPunch,SwordsDance|||M|||50|,,,,,Dark]Jumpluff||CovertCloak|Chlorophyll|SleepPowder,SunnyDay,RagePowder,Tailwind|||M|||50|,,,,,Water]Rillaboom||AssaultVest|GrassySurge|WoodHammer,GrassyGlide,FakeOut,HighHorsepower|||M|||50|,,,,,Water]Torkoal||SitrusBerry|Drought|HeatWave,LavaPlume,ClearSmog,Protect|||F|||50|,,,,,Fairy
|showteam|p2|Volcarona||SitrusBerry|FlameBody|HeatWave,TeraBlast,QuiverDance,Protect|||M|||50|,,,,,Fairy]Rillaboom||AssaultVest|GrassySurge|WoodHammer,GrassyGlide,FakeOut,Uturn|||M|||50|,,,,,Fire]Sneasler||FocusSash|Unburden|DireClaw,CloseCombat,ThroatChop,Protect|||F|||50|,,,,,Dark]Dragonite||LoadedDice|Multiscale|ScaleShot,ExtremeSpeed,Haze,Protect|||M|||50|,,,,,Steel]Ursaluna-Bloodmoon||LifeOrb|MindsEye|BloodMoon,HyperVoice,EarthPower,Protect|||M|||50|,,,,,Normal]Whimsicott||CovertCloak|Prankster|Moonblast,Tailwind,Encore,Taunt|||F|||50|,,,,,Poison
|inactive|Battle timer is ON: inactive players will automatically lose when time's up. (requested by Alysa Liu)
|j| roman_legend
|inactive|CavaliereIsSoPeak has 60 seconds left.
|
|t:|1756857700
|teamsize|p1|4
|teamsize|p2|4
|start
|switch|p1a: Torkoal|Torkoal, L50, F|100/100
|switch|p1b: Typhlosion|Typhlosion-Hisui, L50, M|100/100
|switch|p2a: Shāhmat|Ursaluna-Bloodmoon, L50, M|100/100
|switch|p2b: Mary|Whimsicott, L50, F|100/100
|-weather|SunnyDay|[from] ability: Drought|[of] p1a: Torkoal
|turn|1
|
|t:|1756857722
|switch|p1b: Dachsbun|Dachsbun, L50, M|100/100
|-terastallize|p2a: Shāhmat|Normal
|move|p2b: Mary|Tailwind|p2b: Mary
|-sidestart|p2: CavaliereIsSoPeak|move: Tailwind
|move|p2a: Shāhmat|Hyper Voice|p1a: Torkoal|[spread] p1a,p1b
|-damage|p1a: Torkoal|25/100
|-damage|p1b: Dachsbun|11/100
|-enditem|p1a: Torkoal|Sitrus Berry|[eat]
|-heal|p1a: Torkoal|50/100|[from] item: Sitrus Berry
|-damage|p2a: Shāhmat|91/100|[from] item: Life Orb
|move|p1a: Torkoal|Lava Plume|p2b: Mary|[spread] p2a,p2b
|-ability|p1b: Dachsbun|Well-Baked Body|boost
|-boost|p1b: Dachsbun|def|2
|-supereffective|p2b: Mary
|-damage|p2a: Shāhmat|55/100
|-damage|p2b: Mary|21/100
|-status|p2a: Shāhmat|brn
|
|-weather|SunnyDay|[upkeep]
|-heal|p1b: Dachsbun|18/100|[from] item: Leftovers
|-damage|p2a: Shāhmat|49/100 brn|[from] brn
|upkeep
|turn|2
|
|t:|1756857738
|switch|p2b: D'oro|Sneasler, L50, F|100/100
|move|p1b: Dachsbun|Protect|p1b: Dachsbun
|-singleturn|p1b: Dachsbun|Protect
|move|p2a: Shāhmat|Hyper Voice|p1b: Dachsbun|[spread] p1a
|-activate|p1b: Dachsbun|move: Protect
|-damage|p1a: Torkoal|0 fnt
|faint|p1a: Torkoal
|-damage|p2a: Shāhmat|40/100 brn|[from] item: Life Orb
|
|-weather|SunnyDay|[upkeep]
|-heal|p1b: Dachsbun|24/100|[from] item: Leftovers
|-damage|p2a: Shāhmat|33/100 brn|[from] brn
|upkeep
|
|t:|1756857748
|switch|p1a: Kingambit|Kingambit, L50, M|100/100
|turn|3
|
|t:|1756857763
|move|p1a: Kingambit|Protect|p1a: Kingambit
|-singleturn|p1a: Kingambit|Protect
|move|p2b: D'oro|Close Combat|p1a: Kingambit
|-activate|p1a: Kingambit|move: Protect
|move|p2a: Shāhmat|Hyper Voice|p1a: Kingambit|[spread] p1b
|-activate|p1a: Kingambit|move: Protect
|-damage|p1b: Dachsbun|0 fnt
|faint|p1b: Dachsbun
|-damage|p2a: Shāhmat|24/100 brn|[from] item: Life Orb
|
|-weather|SunnyDay|[upkeep]
|-damage|p2a: Shāhmat|18/100 brn|[from] brn
|upkeep
|
|t:|1756857771
|switch|p1b: Typhlosion|Typhlosion-Hisui, L50, M|100/100
|turn|4
|
|t:|1756857780
|-terastallize|p1a: Kingambit|Dark
|move|p2a: Shāhmat|Protect|p2a: Shāhmat
|-singleturn|p2a: Shāhmat|Protect
|move|p1a: Kingambit|Sucker Punch||[still]
|-fail|p1a: Kingambit
|move|p2b: D'oro|Close Combat|p1a: Kingambit
|-supereffective|p1a: Kingambit
|-damage|p1a: Kingambit|0 fnt
|-unboost|p2b: D'oro|def|1
|-unboost|p2b: D'oro|spd|1
|faint|p1a: Kingambit
|move|p1b: Typhlosion|Eruption|p2a: Shāhmat|[spread] p2b
|-activate|p2a: Shāhmat|move: Protect
|-enditem|p2b: D'oro|Focus Sash
|-damage|p2b: D'oro|1/100
|
|-weather|SunnyDay|[upkeep]
|-damage|p2a: Shāhmat|12/100 brn|[from] brn
|-sideend|p2: CavaliereIsSoPeak|move: Tailwind
|upkeep
|turn|5
|
|t:|1756857790
|move|p2b: D'oro|Throat Chop|p1b: Typhlosion
|-supereffective|p1b: Typhlosion
|-damage|p1b: Typhlosion|19/100
|-start|p1b: Typhlosion|Throat Chop|[silent]
|move|p1b: Typhlosion|Eruption|p2b: D'oro|[spread] p2a,p2b
|-damage|p2a: Shāhmat|0 fnt
|-damage|p2b: D'oro|0 fnt
|faint|p2a: Shāhmat
|faint|p2b: D'oro
|
|-weather|none
|upkeep
|
|t:|1756857792
|switch|p2b: Ventus|Dragonite, L50, M|100/100
|switch|p2a: Mary|Whimsicott, L50, F|21/100
|turn|6
|
|t:|1756857799
|move|p2a: Mary|Moonblast|p1b: Typhlosion
|-resisted|p1b: Typhlosion
|-damage|p1b: Typhlosion|0 fnt
|faint|p1b: Typhlosion
|
|win|CavaliereIsSoPeak
|raw|Alysa Liu's rating: 1379 → 1362(-17 for losing)
|raw|CavaliereIsSoPeak's rating: 1431 → 1448(+17 for winning)
|l|☆CavaliereIsSoPeak
|player|p2|
|l|☆Alysa Liu
|player|p1|
