|j|☆Terrycat
|j|☆raccan
|html|Terrycatraccan    
|uhtml|bestof|Game 2 of a best-of-3
|t:|1783715529
|gametype|doubles
|player|p1|Terrycat|101|
|player|p2|raccan|hilbert|
|gen|9
|tier|[Gen 9 Champions] VGC 2026 Reg M-B (Bo3)
|rule|Species Clause: Limit one of each Pokémon
|rule|Item Clause: Limit 1 of each item
|clearpoke
|poke|p1|Emolga, L50, M|
|poke|p1|Sylveon, L50, F, shiny|
|poke|p1|Charizard, L50, M, shiny|
|poke|p1|Tsareena, L50, F|
|poke|p1|Snorlax, L50, M|
|poke|p1|Victreebel, L50, M|
|poke|p2|Meganium, L50, F, shiny|
|poke|p2|Noivern, L50, M|
|poke|p2|Basculegion, L50, M|
|poke|p2|Politoed, L50, F|
|poke|p2|Goodra-Hisui, L50, F|
|poke|p2|Ceruledge, L50, M, shiny|
|teampreview|4
|showteam|p1|Emolga||ChoiceScarf|Static|Nuzzle,VoltSwitch,Protect,Discharge|Hasty||M|||50|]Sylveon||FairyFeather|Pixilate|Moonblast,Protect,HyperVoice,DrainingKiss|Modest||F|||50|]Charizard||CharizarditeY|Blaze|Protect,HeatWave,SolarBeam,WeatherBall|Timid||M|||50|]Tsareena||WideLens|QueenlyMajesty|TripleAxel,Uturn,PlayRough,TropKick|Adamant||F|||50|]Snorlax||Leftovers|ThickFat|IcePunch,Protect,Crunch,ThunderPunch|Adamant||M|||50|]Victreebel||Victreebelite|Chlorophyll|GigaDrain,LeafBlade,WeatherBall,SludgeWave|Mild||M|||50|
|showteam|p2|Meganium||Meganiumite|Overgrow|Protect,SolarBeam,WeatherBall,DazzlingGleam|Timid||F|||50|]Noivern||LifeOrb|Frisk|Tailwind,AirSlash,DracoMeteor,Uturn|Timid||M|||50|]Basculegion||MysticWater|SwiftSwim|AquaJet,LastRespects,FlipTurn,WaveCrash|Adamant||M|||50|]Politoed||DampRock|Drizzle|HelpingHand,Protect,IcyWind,WeatherBall|Bold||F|||50|]Goodra-Hisui||ShucaBerry|ShellArmor|IceBeam,FlashCannon,RainDance,Thunder|Quiet||F|||50|]Ceruledge||ChoiceScarf|FlashFire|BitterBlade,CloseCombat,ThroatChop,PoisonJab|Adamant||M|||50|
|
|t:|1783715559
|teamsize|p1|4
|teamsize|p2|4
|start
|switch|p1a: Saved by the Bell|Victreebel, L50, M|100/100
|switch|p1b: Sylvie|Sylveon, L50, F, shiny|100/100
|switch|p2a: Meganium|Meganium, L50, F, shiny|100/100
|switch|p2b: Noivern|Noivern, L50, M|100/100
|-item|p1a: Saved by the Bell|Victreebelite|[from] ability: Frisk|[of] p2b: Noivern
|-item|p1b: Sylvie|Fairy Feather|[from] ability: Frisk|[of] p2b: Noivern
|turn|1
|
|t:|1783715588
|detailschange|p2a: Meganium|Meganium-Mega, L50, F, shiny
|-mega|p2a: Meganium|Meganium|Meganiumite
|detailschange|p1a: Saved by the Bell|Victreebel-Mega, L50, M
|-mega|p1a: Saved by the Bell|Victreebel|Victreebelite
|move|p2b: Noivern|U-turn|p1a: Saved by the Bell
|-damage|p1a: Saved by the Bell|80/100
|-damage|p2b: Noivern|90/100|[from] item: Life Orb
|
|t:|1783715596
|switch|p2b: Politoed|Politoed, L50, F|100/100|[from] U-turn
|-weather|RainDance|[from] ability: Drizzle|[of] p2b: Politoed
|move|p2a: Meganium|Weather Ball|p1a: Saved by the Bell
|-supereffective|p1a: Saved by the Bell|1
|-damage|p1a: Saved by the Bell|0 fnt
|-damage|p2a: Meganium|21/100|[from] ability: Innards Out|[of] p1a: Saved by the Bell
|faint|p1a: Saved by the Bell
|move|p1b: Sylvie|Moonblast|p2b: Politoed
|-damage|p2b: Politoed|51/100
|
|-weather|RainDance|[upkeep]
|upkeep
|
|t:|1783715633
|switch|p1a: Charles Zard|Charizard, L50, M, shiny|100/100
|turn|2
|
|t:|1783715658
|move|p1a: Charles Zard|Heat Wave|p2a: Meganium|[spread] p2a,p2b
|-supereffective|p2a: Meganium|1
|-resisted|p2b: Politoed|1
|-damage|p2a: Meganium|0 fnt
|-damage|p2b: Politoed|44/100
|faint|p2a: Meganium
|move|p2b: Politoed|Weather Ball|p1a: Charles Zard
|-supereffective|p1a: Charles Zard|1
|-damage|p1a: Charles Zard|0 fnt
|faint|p1a: Charles Zard
|move|p1b: Sylvie|Moonblast|p2b: Politoed
|-damage|p2b: Politoed|0 fnt
|faint|p2b: Politoed
|
|-weather|RainDance|[upkeep]
|upkeep
|
|t:|1783715678
|switch|p1a: Eepy Boi|Snorlax, L50, M|100/100
|switch|p2a: Noivern|Noivern, L50, M|90/100
|switch|p2b: Basculegion|Basculegion, L50, M|100/100
|-item|p1a: Eepy Boi|Leftovers|[from] ability: Frisk|[of] p2a: Noivern
|-item|p1b: Sylvie|Fairy Feather|[from] ability: Frisk|[of] p2a: Noivern
|turn|3
|n|☆Terrycat|terrycat
|
|t:|1783715729
|move|p2b: Basculegion|Wave Crash|p1b: Sylvie
|-damage|p1b: Sylvie|0 fnt
|faint|p1b: Sylvie
|-damage|p2b: Basculegion|65/100|[from] Recoil
|move|p2a: Noivern|Draco Meteor|p1a: Eepy Boi
|-damage|p1a: Eepy Boi|57/100
|-unboost|p2a: Noivern|spa|2
|-damage|p2a: Noivern|80/100|[from] item: Life Orb
|move|p1a: Eepy Boi|Thunder Punch|p2b: Basculegion
|-supereffective|p2b: Basculegion|1
|-damage|p2b: Basculegion|0 fnt
|faint|p2b: Basculegion
|
|-weather|RainDance|[upkeep]
|-heal|p1a: Eepy Boi|63/100|[from] item: Leftovers
|upkeep
|turn|4
|
|t:|1783715760
|move|p1a: Eepy Boi|Protect|p1a: Eepy Boi
|-singleturn|p1a: Eepy Boi|Protect
|move|p2a: Noivern|Air Slash|p1a: Eepy Boi
|-activate|p1a: Eepy Boi|move: Protect
|
|-weather|RainDance|[upkeep]
|-heal|p1a: Eepy Boi|69/100|[from] item: Leftovers
|upkeep
|turn|5
|j| meknomancer
|
|t:|1783715788
|move|p2a: Noivern|Air Slash|p1a: Eepy Boi|[miss]
|-miss|p2a: Noivern|p1a: Eepy Boi
|move|p1a: Eepy Boi|Ice Punch|p2a: Noivern
|-supereffective|p2a: Noivern|2
|-damage|p2a: Noivern|0 fnt
|faint|p2a: Noivern
|
|win|Terrycat
||raccan is ready for game 3.
|inactive|Terrycat has 30 seconds to confirm battle start!
|l|☆Terrycat
|player|p1|
|inactive|Terrycat has 20 seconds to confirm battle start!
|inactive|Terrycat has 10 seconds to confirm battle start!
|uhtml|next|Next: Game 3 of 3
|l| meknomancer
