|j|☆suminduta
|j|☆failandimprove2
|html|sumindutafailandimprove2    
|uhtml|bestof|Game 2 of a best-of-3
|t:|1783271956
|gametype|doubles
|player|p1|suminduta|shadowtriad|1269
|player|p2|failandimprove2|2|1441
|gen|9
|tier|[Gen 9 Champions] VGC 2026 Reg M-B (Bo3)
|rated|
|rule|Species Clause: Limit one of each Pokémon
|rule|Item Clause: Limit 1 of each item
|clearpoke
|poke|p1|Staraptor, L50, F|
|poke|p1|Grimmsnarl, L50, M|
|poke|p1|Sinistcha, L50|
|poke|p1|Mawile, L50, M|
|poke|p1|Torkoal, L50, F|
|poke|p1|Farigiraf, L50, F|
|poke|p2|Charizard, L50, F|
|poke|p2|Floette-Eternal, L50, F|
|poke|p2|Whimsicott, L50, M|
|poke|p2|Basculegion, L50, M|
|poke|p2|Kingambit, L50, F|
|poke|p2|Garchomp, L50, F|
|teampreview|4
|showteam|p1|Staraptor||ChoiceScarf|Intimidate|FinalGambit,CloseCombat,BraveBird,Uturn|Jolly||F|||50|]Grimmsnarl||BabiriBerry|Pickpocket|ThroatChop,LowKick,PartingShot,FakeOut|Brave||M|||50|]Sinistcha||SitrusBerry|Hospitality|MatchaGotcha,ShadowBall,RagePowder,TrickRoom|Modest|||||50|]Mawile||Mawilite|Intimidate|IronHead,PlayRough,SuckerPunch,Protect|Brave||M|||50|]Torkoal||Charcoal|Drought|Eruption,HeatWave,EarthPower,Protect|Quiet||F|||50|]Farigiraf||ColburBerry|ArmorTail|Psychic,TrickRoom,HelpingHand,Thunderbolt|Sassy||F|||50|
|showteam|p2|Charizard||CharizarditeY|Blaze|HeatWave,WeatherBall,SolarBeam,Protect|Modest||F|||50|]Floette-Eternal||Floettite|FlowerVeil|Moonblast,DazzlingGleam,LightofRuin,Protect|Timid||F|||50|]Whimsicott||FocusSash|Prankster|Moonblast,Tailwind,Encore,Protect|Timid||M|||50|]Basculegion||MysticWater|Adaptability|WaveCrash,LastRespects,AquaJet,Protect|Adamant||M|||50|]Kingambit||ChopleBerry|Defiant|KowtowCleave,SuckerPunch,IronHead,LowKick|Adamant||F|||50|]Garchomp||LifeOrb|RoughSkin|Earthquake,RockSlide,DragonClaw,Protect|Jolly||F|||50|
|inactive|Battle timer is ON: inactive players will automatically lose when time's up. (requested by failandimprove2)
|inactive|failandimprove2 has 60 seconds left.
|
|t:|1783271989
|teamsize|p1|4
|teamsize|p2|4
|start
|switch|p1a: Grimmsnarl|Grimmsnarl, L50, M|100/100
|switch|p1b: Farigiraf|Farigiraf, L50, F|100/100
|switch|p2a: Charizard|Charizard, L50, F|100/100
|switch|p2b: Kingambit|Kingambit, L50, F|100/100
|turn|1
|
|t:|1783272012
|detailschange|p2a: Charizard|Charizard-Mega-Y, L50, F
|-mega|p2a: Charizard|Charizard|Charizardite Y
|-weather|SunnyDay|[from] ability: Drought|[of] p2a: Charizard
|move|p1a: Grimmsnarl|Fake Out|p2a: Charizard
|-damage|p2a: Charizard|86/100
|cant|p2a: Charizard|flinch
|move|p2b: Kingambit|Kowtow Cleave|p1b: Farigiraf
|-supereffective|p1b: Farigiraf|1
|-enditem|p1b: Farigiraf|Colbur Berry|[eat]
|-enditem|p1b: Farigiraf|Colbur Berry|[weaken]
|-damage|p1b: Farigiraf|53/100
|move|p1b: Farigiraf|Trick Room|p1b: Farigiraf
|-fieldstart|move: Trick Room|[of] p1b: Farigiraf
|
|-weather|SunnyDay|[upkeep]
|upkeep
|turn|2
|
|t:|1783272016
|switch|p2b: Garchomp|Garchomp, L50, F|100/100
|move|p1b: Farigiraf|Helping Hand|p1a: Grimmsnarl
|-singleturn|p1a: Grimmsnarl|Helping Hand|[of] p1b: Farigiraf
|move|p1a: Grimmsnarl|Low Kick|p2b: Garchomp
|-damage|p2b: Garchomp|58/100
|-damage|p1a: Grimmsnarl|87/100|[from] ability: Rough Skin|[of] p2b: Garchomp
|move|p2a: Charizard|Heat Wave|p1b: Farigiraf|[spread] p1a,p1b
|-damage|p1a: Grimmsnarl|14/100
|-damage|p1b: Farigiraf|8/100
|
|-weather|SunnyDay|[upkeep]
|upkeep
|turn|3
|
|t:|1783272039
|move|p1a: Grimmsnarl|Throat Chop|p2b: Garchomp
|-damage|p2b: Garchomp|17/100
|-start|p2b: Garchomp|Throat Chop|[silent]
|-damage|p1a: Grimmsnarl|2/100|[from] ability: Rough Skin|[of] p2b: Garchomp
|move|p1b: Farigiraf|Psychic|p2b: Garchomp
|-damage|p2b: Garchomp|0 fnt
|faint|p2b: Garchomp
|move|p2a: Charizard|Heat Wave|p1b: Farigiraf|[spread] p1a,p1b
|-damage|p1a: Grimmsnarl|0 fnt
|-damage|p1b: Farigiraf|0 fnt
|faint|p1a: Grimmsnarl
|faint|p1b: Farigiraf
|
|-weather|SunnyDay|[upkeep]
|upkeep
|
|t:|1783272047
|switch|p1a: Mawile|Mawile, L50, M|100/100
|switch|p1b: Torkoal|Torkoal, L50, F|100/100
|switch|p2b: Kingambit|Kingambit, L50, F|100/100
|-ability|p1a: Mawile|Intimidate|boost
|-unboost|p2a: Charizard|atk|1
|-unboost|p2b: Kingambit|atk|1
|-ability|p2b: Kingambit|Defiant|boost
|-boost|p2b: Kingambit|atk|2
|turn|4
|
|t:|1783272057
|switch|p2a: Basculegion|Basculegion, L50, M|100/100
|detailschange|p1a: Mawile|Mawile-Mega, L50, M
|-mega|p1a: Mawile|Mawile|Mawilite
|move|p2b: Kingambit|Sucker Punch|p1b: Torkoal
|-damage|p1b: Torkoal|52/100
|move|p1b: Torkoal|Heat Wave|p2b: Kingambit|[spread] p2a,p2b
|-resisted|p2a: Basculegion|1
|-supereffective|p2b: Kingambit|1
|-damage|p2a: Basculegion|70/100
|-damage|p2b: Kingambit|0 fnt
|faint|p2b: Kingambit
|move|p1a: Mawile|Iron Head|p2a: Basculegion
|-resisted|p2a: Basculegion|1
|-damage|p2a: Basculegion|25/100
|
|-weather|SunnyDay|[upkeep]
|upkeep
|
|t:|1783272064
|switch|p2b: Charizard|Charizard-Mega-Y, L50, F|86/100
|turn|5
|
|t:|1783272075
|move|p2a: Basculegion|Protect|p2a: Basculegion
|-singleturn|p2a: Basculegion|Protect
|move|p2b: Charizard|Protect|p2b: Charizard
|-singleturn|p2b: Charizard|Protect
|move|p1a: Mawile|Sucker Punch||[still]
|-fail|p1a: Mawile
|move|p1b: Torkoal|Eruption|p2b: Charizard|[spread] 
|-activate|p2a: Basculegion|move: Protect
|-activate|p2b: Charizard|move: Protect
|
|-weather|none
|-fieldend|move: Trick Room
|upkeep
|turn|6
|
|t:|1783272082
|move|p2a: Basculegion|Aqua Jet|p1b: Torkoal
|-supereffective|p1b: Torkoal|1
|-damage|p1b: Torkoal|1/100
|move|p1a: Mawile|Sucker Punch||[still]
|-fail|p1a: Mawile
|move|p2b: Charizard|Heat Wave|p1a: Mawile|[spread] p1a,p1b
|-supereffective|p1a: Mawile|1
|-resisted|p1b: Torkoal|1
|-damage|p1a: Mawile|4/100
|-damage|p1b: Torkoal|0 fnt
|faint|p1b: Torkoal
|
|upkeep
|turn|7
|-message|suminduta forfeited.
|
|win|failandimprove2
|raw|suminduta's rating: 1269 → 1255(-14 for losing)
|raw|failandimprove2's rating: 1441 → 1452(+11 for winning)
