|j|☆satandagiii2005
|j|☆DesignacionserialD
|html|satandagiii2005DesignacionserialD    
|uhtml|bestof|Game 1 of a best-of-3
|t:|1782512097
|gametype|doubles
|player|p1|satandagiii2005|byron|1131
|player|p2|DesignacionserialD|hilbert-wonderlauncher|1040
|gen|9
|tier|[Gen 9 Champions] VGC 2026 Reg M-B (Bo3)
|rated|
|rule|Species Clause: Limit one of each Pokémon
|rule|Item Clause: Limit 1 of each item
|clearpoke
|poke|p1|Swampert, L50, F|
|poke|p1|Pelipper, L50, F|
|poke|p1|Archaludon, L50, M|
|poke|p1|Scrafty, L50, M|
|poke|p1|Farigiraf, L50, M|
|poke|p1|Sylveon, L50, F|
|poke|p2|Tyranitar, L50, M|
|poke|p2|Excadrill, L50, M|
|poke|p2|Sneasler, L50, F|
|poke|p2|Sinistcha-Masterpiece, L50|
|poke|p2|Kingambit, L50, F|
|poke|p2|Basculegion, L50, M|
|teampreview|4
|showteam|p1|Swampert||Swampertite|Torrent|Protect,WaveCrash,Liquidation,HighHorsepower|Adamant||F|||50|]Pelipper||SitrusBerry|Drizzle|WideGuard,Tailwind,WeatherBall,Hurricane|Modest||F|||50|]Archaludon||Leftovers|Stamina|Protect,ElectroShot,DragonPulse,FlashCannon|Calm||M|||50|]Scrafty||Scraftinite|Intimidate|FakeOut,CloseCombat,ThroatChop,RockSlide|Adamant||M|||50|]Farigiraf||TwistedSpoon|ArmorTail|Roar,TrickRoom,TwinBeam,Protect|Modest||M|||50|]Sylveon||LifeOrb|Pixilate|HyperVoice,HyperBeam,QuickAttack,Detect|Modest||F|||50|
|showteam|p2|Tyranitar||Tyranitarite|SandStream|RockSlide,KnockOff,Protect,IcePunch|Adamant||M|||50|]Excadrill||FocusSash|SandRush|HighHorsepower,IronHead,RockSlide,Protect|Adamant||M|||50|]Sneasler||WhiteHerb|PoisonTouch|DireClaw,FakeOut,CloseCombat,Protect|Jolly||F|||50|]Sinistcha-Masterpiece||SitrusBerry|Hospitality|MatchaGotcha,Protect,TrickRoom,RagePowder|Calm|||||50|]Kingambit||ChopleBerry|Defiant|KowtowCleave,IronHead,SuckerPunch,Protect|Adamant||F|||50|]Basculegion||ChoiceScarf|Adaptability|WaveCrash,LastRespects,FlipTurn,AquaJet|Adamant||M|||50|
|inactive|Battle timer is ON: inactive players will automatically lose when time's up. (requested by satandagiii2005)
|
|t:|1782512158
|teamsize|p1|4
|teamsize|p2|4
|start
|switch|p1a: Scrafty|Scrafty, L50, M|100/100
|switch|p1b: Farigiraf|Farigiraf, L50, M|100/100
|switch|p2a: Sneasler|Sneasler, L50, F|100/100
|switch|p2b: Basculegion|Basculegion, L50, M|100/100
|-ability|p1a: Scrafty|Intimidate|boost
|-unboost|p2a: Sneasler|atk|1
|-unboost|p2b: Basculegion|atk|1
|-enditem|p2a: Sneasler|White Herb
|-clearnegativeboost|p2a: Sneasler|[silent]
|turn|1
|
|t:|1782512181
|detailschange|p1a: Scrafty|Scrafty-Mega, L50, M
|-mega|p1a: Scrafty|Scrafty|Scraftinite
|-ability|p1a: Scrafty|Intimidate|boost
|-unboost|p2a: Sneasler|atk|1
|-unboost|p2b: Basculegion|atk|1
|move|p1a: Scrafty|Fake Out|p2a: Sneasler
|-damage|p2a: Sneasler|75/100
|move|p2b: Basculegion|Flip Turn|p1a: Scrafty
|-damage|p1a: Scrafty|82/100
|inactive|DesignacionserialD has 30 seconds left.
|inactive|DesignacionserialD has 20 seconds left.
|
|t:|1782512218
|switch|p2b: Tyranitar|Tyranitar, L50, M|100/100|[from] Flip Turn
|-weather|Sandstorm|[from] ability: Sand Stream|[of] p2b: Tyranitar
|cant|p2a: Sneasler|flinch
|move|p1b: Farigiraf|Trick Room|p1b: Farigiraf
|-fieldstart|move: Trick Room|[of] p1b: Farigiraf
|
|-weather|Sandstorm|[upkeep]
|-damage|p1b: Farigiraf|93/100|[from] Sandstorm
|-damage|p1a: Scrafty|76/100|[from] Sandstorm
|-damage|p2a: Sneasler|70/100|[from] Sandstorm
|upkeep
|turn|2
|inactive|DesignacionserialD has 30 seconds left.
|
|t:|1782512243
|switch|p2a: Sinistcha|Sinistcha-Masterpiece, L50|100/100
|move|p2b: Tyranitar|Protect|p2b: Tyranitar
|-singleturn|p2b: Tyranitar|Protect
|move|p1b: Farigiraf|Twin Beam|p2a: Sinistcha
|-damage|p2a: Sinistcha|80/100
|-damage|p2a: Sinistcha|61/100
|-hitcount|p2a: Sinistcha|2
|move|p1a: Scrafty|Close Combat|p2b: Tyranitar
|-activate|p2b: Tyranitar|move: Protect
|
|-weather|Sandstorm|[upkeep]
|-damage|p1b: Farigiraf|87/100|[from] Sandstorm
|-damage|p1a: Scrafty|70/100|[from] Sandstorm
|-damage|p2a: Sinistcha|55/100|[from] Sandstorm
|upkeep
|turn|3
|inactive|DesignacionserialD has 30 seconds left.
|
|t:|1782512273
|switch|p1b: Sylveon|Sylveon, L50, F|100/100
|detailschange|p2b: Tyranitar|Tyranitar-Mega, L50, M
|-mega|p2b: Tyranitar|Tyranitar|Tyranitarite
|move|p1a: Scrafty|Throat Chop|p2a: Sinistcha
|-supereffective|p2a: Sinistcha|1
|-damage|p2a: Sinistcha|0 fnt
|faint|p2a: Sinistcha
|move|p2b: Tyranitar|Knock Off|p1b: Sylveon
|-resisted|p1b: Sylveon|1
|-damage|p1b: Sylveon|56/100
|-enditem|p1b: Sylveon|Life Orb|[from] move: Knock Off|[of] p2b: Tyranitar
|
|-weather|Sandstorm|[upkeep]
|-damage|p1a: Scrafty|65/100|[from] Sandstorm
|-damage|p1b: Sylveon|50/100g|[from] Sandstorm
|upkeep
|
|t:|1782512291
|switch|p2a: Sneasler|Sneasler, L50, F|70/100
|turn|4
|
|t:|1782512310
|switch|p1a: Farigiraf|Farigiraf, L50, M|87/100
|move|p2a: Sneasler|Fake Out||[still]
|cant|p1a: Farigiraf|ability: Armor Tail|Fake Out|[of] p2a: Sneasler
|move|p2b: Tyranitar|Rock Slide|p1b: Sylveon|[spread] p1a,p1b
|-damage|p1a: Farigiraf|54/100
|-damage|p1b: Sylveon|5/100
|move|p1b: Sylveon|Hyper Voice|p2b: Tyranitar|[spread] p2a,p2b
|-supereffective|p2b: Tyranitar|1
|-damage|p2a: Sneasler|17/100
|-damage|p2b: Tyranitar|60/100
|
|-weather|Sandstorm|[upkeep]
|-damage|p1a: Farigiraf|48/100|[from] Sandstorm
|-damage|p1b: Sylveon|0 fnt|[from] Sandstorm
|-damage|p2a: Sneasler|12/100|[from] Sandstorm
|faint|p1b: Sylveon
|upkeep
|
|t:|1782512328
|switch|p1b: Pelipper|Pelipper, L50, F|100/100
|-weather|RainDance|[from] ability: Drizzle|[of] p1b: Pelipper
|turn|5
|
|t:|1782512337
|move|p2b: Tyranitar|Protect|p2b: Tyranitar
|-singleturn|p2b: Tyranitar|Protect
|move|p2a: Sneasler|Protect|p2a: Sneasler
|-singleturn|p2a: Sneasler|Protect
|move|p1a: Farigiraf|Twin Beam|p2a: Sneasler
|-activate|p2a: Sneasler|move: Protect
|move|p1b: Pelipper|Tailwind|p1b: Pelipper
|-sidestart|p1: satandagiii2005|move: Tailwind
|
|-weather|RainDance|[upkeep]
|-fieldend|move: Trick Room
|upkeep
|turn|6
|inactive|DesignacionserialD has 30 seconds left.
|inactive|satandagiii2005 has 30 seconds left.
|
|t:|1782512374
|move|p1b: Pelipper|Weather Ball|p2b: Tyranitar
|-supereffective|p2b: Tyranitar|1
|-damage|p2b: Tyranitar|0 fnt
|faint|p2b: Tyranitar
|move|p2a: Sneasler|Dire Claw|p1b: Pelipper
|-damage|p1b: Pelipper|54/100
|move|p1a: Farigiraf|Roar|p1b: Pelipper
|drag|p1b: Scrafty|Scrafty-Mega, L50, M|65/100
|-ability|p1b: Scrafty|Intimidate|boost
|-unboost|p2a: Sneasler|atk|1
|
|-weather|RainDance|[upkeep]
|upkeep
|
|t:|1782512392
|switch|p2b: Basculegion|Basculegion, L50, M|100/100
|turn|7
|
|t:|1782512405
|switch|p1b: Pelipper|Pelipper, L50, F|54/100
|move|p2a: Sneasler|Protect|p2a: Sneasler
|-singleturn|p2a: Sneasler|Protect
|move|p2b: Basculegion|Wave Crash|p1b: Pelipper
|-resisted|p1b: Pelipper|1
|-damage|p1b: Pelipper|0 fnt
|faint|p1b: Pelipper
|-damage|p2b: Basculegion|84/100|[from] Recoil
|move|p1a: Farigiraf|Trick Room|p1a: Farigiraf
|-fieldstart|move: Trick Room|[of] p1a: Farigiraf
|
|-weather|RainDance|[upkeep]
|upkeep
|
|t:|1782512415
|switch|p1b: Scrafty|Scrafty-Mega, L50, M|65/100
|-ability|p1b: Scrafty|Intimidate|boost
|-unboost|p2a: Sneasler|atk|1
|-unboost|p2b: Basculegion|atk|1
|turn|8
|
|t:|1782512436
|move|p1a: Farigiraf|Twin Beam|p2a: Sneasler
|-supereffective|p2a: Sneasler|2
|-damage|p2a: Sneasler|0 fnt
|faint|p2a: Sneasler
|-hitcount|p2: Sneasler|1
|move|p1b: Scrafty|Throat Chop|p2b: Basculegion
|-supereffective|p2b: Basculegion|1
|-damage|p2b: Basculegion|0 fnt
|faint|p2b: Basculegion
|
|win|satandagiii2005
||satandagiii2005 is ready for game 2.
||DesignacionserialD is ready for game 2.
|uhtml|next|Next: Game 2 of 3
|l|☆DesignacionserialD
|player|p2|
