|j|☆t8mcrae
|j|‽Regilover2015
|html|t8mcraeRegilover2015    
|uhtml|bestof|Game 1 of a best-of-3
|t:|1757722526
|gametype|doubles
|player|p1|t8mcrae|265|1220
|player|p2|Regilover2015|hilbert|1235
|gen|9
|tier|[Gen 9] VGC 2025 Reg H (Bo3)
|rated|
|rule|Species Clause: Limit one of each Pokémon
|rule|Item Clause: Limit 1 of each item
|clearpoke
|poke|p1|Annihilape, L50, F|
|poke|p1|Maushold-Four, L50|
|poke|p1|Talonflame, L50, M|
|poke|p1|Ursaluna-Bloodmoon, L50, M|
|poke|p1|Farigiraf, L50, M|
|poke|p1|Gholdengo, L50|
|poke|p2|Whimsicott, L50, F|
|poke|p2|Annihilape, L50, F|
|poke|p2|Incineroar, L50, F|
|poke|p2|Rillaboom, L50, M|
|poke|p2|Ursaluna-Bloodmoon, L50, M|
|poke|p2|Dragonite, L50, M|
|teampreview|4
|showteam|p1|Annihilape||SafetyGoggles|Defiant|DrainPunch,RageFist,BulkUp,Protect|||F|||50|,,,,,Fire]Maushold-Four||FocusSash|FriendGuard|AfterYou,BeatUp,FollowMe,Protect||||||50|,,,,,Ghost]Talonflame||SharpBeak|GaleWings|DualWingbeat,FlareBlitz,Tailwind,Protect|||M|||50|,,,,,Ghost]Ursaluna-Bloodmoon||LifeOrb|MindsEye|HyperVoice,BloodMoon,EarthPower,Protect|||M|||50|,,,,,Normal]Farigiraf||ThroatSpray|ArmorTail|HyperVoice,PsychicNoise,TrickRoom,HelpingHand|||M|||50|,,,,,Fairy]Gholdengo||MetalCoat|GoodasGold|MakeItRain,ShadowBall,NastyPlot,Protect||||||50|,,,,,Water
|showteam|p2|Whimsicott||CovertCloak|Prankster|BeatUp,Moonblast,Tailwind,Encore|||F|||50|,,,,,Ghost]Annihilape||SafetyGoggles|Defiant|RageFist,CloseCombat,FinalGambit,Taunt|||F|||50|,,,,,Water]Incineroar||SitrusBerry|Intimidate|FakeOut,KnockOff,FlareBlitz,PartingShot|||F|||50|,,,,,Ghost]Rillaboom||AssaultVest|GrassySurge|FakeOut,GrassyGlide,WoodHammer,HighHorsepower|||M|||50|,,,,,Grass]Ursaluna-Bloodmoon||LifeOrb|MindsEye|HyperVoice,BloodMoon,EarthPower,Protect|||M|||50|,,,,,Fairy]Dragonite||LoadedDice|Multiscale|ScaleShot,Tailwind,Haze,Protect|||M|||50|,,,,,Fairy
|inactive|Battle timer is ON: inactive players will automatically lose when time's up. (requested by t8mcrae)
|
|t:|1757722581
|teamsize|p1|4
|teamsize|p2|4
|start
|switch|p1a: Talonflame|Talonflame, L50, M|100/100
|switch|p1b: Ursaluna|Ursaluna-Bloodmoon, L50, M|100/100
|switch|p2a: Whimsicott|Whimsicott, L50, F|100/100
|switch|p2b: Dragonite|Dragonite, L50, M|100/100
|turn|1
|
|t:|1757722605
|switch|p1b: Gholdengo|Gholdengo, L50|100/100
|move|p1a: Talonflame|Dual Wingbeat|p2a: Whimsicott
|-supereffective|p2a: Whimsicott
|-damage|p2a: Whimsicott|50/100
|-supereffective|p2a: Whimsicott
|-damage|p2a: Whimsicott|0 fnt
|faint|p2a: Whimsicott
|-hitcount|p2: Whimsicott|2
|move|p2b: Dragonite|Scale Shot|p1a: Talonflame
|-damage|p1a: Talonflame|78/100
|-damage|p1a: Talonflame|55/100
|-damage|p1a: Talonflame|33/100
|-damage|p1a: Talonflame|11/100
|-hitcount|p1a: Talonflame|4
|-unboost|p2b: Dragonite|def|1
|-boost|p2b: Dragonite|spe|1
|
|upkeep
|
|t:|1757722614
|switch|p2a: Ursaluna|Ursaluna-Bloodmoon, L50, M|100/100
|turn|2
|
|t:|1757722632
|move|p1b: Gholdengo|Protect|p1b: Gholdengo
|-singleturn|p1b: Gholdengo|Protect
|move|p2b: Dragonite|Scale Shot|p1a: Talonflame|[miss]
|-miss|p2b: Dragonite|p1a: Talonflame
|move|p1a: Talonflame|Tailwind|p1a: Talonflame
|-sidestart|p1: t8mcrae|move: Tailwind
|move|p2a: Ursaluna|Earth Power|p1b: Gholdengo
|-activate|p1b: Gholdengo|move: Protect
|
|upkeep
|turn|3
|inactive|t8mcrae has 30 seconds left.
|
|t:|1757722661
|move|p1a: Talonflame|Dual Wingbeat|p2b: Dragonite|[miss]
|-miss|p1a: Talonflame|p2b: Dragonite
|move|p1b: Gholdengo|Make It Rain|p2b: Dragonite|[spread] p2a,p2b
|-damage|p2a: Ursaluna|29/100
|-damage|p2b: Dragonite|74/100
|-unboost|p1b: Gholdengo|spa|1
|move|p2b: Dragonite|Scale Shot|p1a: Talonflame
|-damage|p1a: Talonflame|0 fnt
|faint|p1a: Talonflame
|-hitcount|p1: Talonflame|1
|-unboost|p2b: Dragonite|def|1
|-boost|p2b: Dragonite|spe|1
|move|p2a: Ursaluna|Earth Power|p1b: Gholdengo
|-supereffective|p1b: Gholdengo
|-damage|p1b: Gholdengo|0 fnt
|faint|p1b: Gholdengo
|-damage|p2a: Ursaluna|20/100|[from] item: Life Orb
|
|upkeep
|
|t:|1757722670
|switch|p1a: Ursaluna|Ursaluna-Bloodmoon, L50, M|100/100
|switch|p1b: Farigiraf|Farigiraf, L50, M|100/100
|turn|4
|inactive|Regilover2015 has 30 seconds left.
|inactive|Regilover2015 has 20 seconds left.
|
|t:|1757722708
|-terastallize|p1b: Farigiraf|Fairy
|move|p2a: Ursaluna|Protect|p2a: Ursaluna
|-singleturn|p2a: Ursaluna|Protect
|move|p2b: Dragonite|Tailwind|p2b: Dragonite
|-sidestart|p2: Regilover2015|move: Tailwind
|move|p1a: Ursaluna|Hyper Voice|p2a: Ursaluna|[spread] p2b
|-activate|p2a: Ursaluna|move: Protect
|-damage|p2b: Dragonite|17/100
|-damage|p1a: Ursaluna|91/100|[from] item: Life Orb
|move|p1b: Farigiraf|Hyper Voice|p2b: Dragonite|[spread] p2b
|-activate|p2a: Ursaluna|move: Protect
|-damage|p2b: Dragonite|0 fnt
|faint|p2b: Dragonite
|-enditem|p1b: Farigiraf|Throat Spray
|-boost|p1b: Farigiraf|spa|1|[from] item: Throat Spray
|
|upkeep
|
|t:|1757722716
|switch|p2b: Annihilape|Annihilape, L50, F|100/100
|turn|5
|inactive|Regilover2015 has 30 seconds left.
|inactive|Regilover2015 has 20 seconds left.
|inactive|Regilover2015 has 15 seconds left.
|
|t:|1757722758
|move|p2b: Annihilape|Close Combat|p1a: Ursaluna
|-supereffective|p1a: Ursaluna
|-damage|p1a: Ursaluna|17/100
|-unboost|p2b: Annihilape|def|1
|-unboost|p2b: Annihilape|spd|1
|move|p2a: Ursaluna|Blood Moon|p1b: Farigiraf
|-damage|p1b: Farigiraf|17/100
|-damage|p2a: Ursaluna|10/100|[from] item: Life Orb
|move|p1a: Ursaluna|Hyper Voice|p2a: Ursaluna|[spread] p2a,p2b
|-damage|p2a: Ursaluna|0 fnt
|-damage|p2b: Annihilape|34/100
|faint|p2a: Ursaluna
|-damage|p1a: Ursaluna|7/100|[from] item: Life Orb
|move|p1b: Farigiraf|Trick Room|p1b: Farigiraf
|-fieldstart|move: Trick Room|[of] p1b: Farigiraf
|
|-sideend|p1: t8mcrae|move: Tailwind
|upkeep
|turn|6
|
|t:|1757722775
|move|p1b: Farigiraf|Psychic Noise|p2b: Annihilape
|-supereffective|p2b: Annihilape
|-crit|p2b: Annihilape
|-damage|p2b: Annihilape|0 fnt
|faint|p2b: Annihilape
|
|win|t8mcrae
||Regilover2015 is ready for game 2.
||t8mcrae is ready for game 2.
|uhtml|next|Next: Game 2 of 3
