|j|☆metecan
|j|☆Lorido
|html|metecanLorido    
|uhtml|bestof|Game 2 of a best-of-3
|t:|1782552981
|gametype|doubles
|player|p1|metecan|101|1155
|player|p2|Lorido|266|1238
|gen|9
|tier|[Gen 9 Champions] VGC 2026 Reg M-B (Bo3)
|rated|
|rule|Species Clause: Limit one of each Pokémon
|rule|Item Clause: Limit 1 of each item
|clearpoke
|poke|p1|Metagross, L50|
|poke|p1|Hydreigon, L50, M|
|poke|p1|Tyranitar, L50, M|
|poke|p1|Tsareena, L50, F|
|poke|p1|Incineroar, L50, F|
|poke|p1|Sinistcha-Masterpiece, L50|
|poke|p2|Charizard, L50, M|
|poke|p2|Floette-Eternal, L50, F|
|poke|p2|Whimsicott, L50, F|
|poke|p2|Kingambit, L50, M|
|poke|p2|Garchomp, L50, M|
|poke|p2|Basculegion, L50, M|
|teampreview|4
|showteam|p1|Metagross||Metagrossite|ClearBody|IronHead,PsychicFangs,StompingTantrum,Protect|Adamant|||||50|]Hydreigon||HabanBerry|Levitate|Snarl,DracoMeteor,Tailwind,Protect|Timid||M|||50|]Tyranitar||Tyranitarite|SandStream|KnockOff,RockSlide,LowKick,Protect|Adamant||M|||50|]Tsareena||ChoiceScarf|QueenlyMajesty|HighJumpKick,TripleAxel,Uturn,SeedBomb|Jolly||F|||50|]Incineroar||ShucaBerry|Intimidate|FakeOut,FlareBlitz,DarkestLariat,PartingShot|Adamant||F|||50|]Sinistcha-Masterpiece||Leftovers|Hospitality|MatchaGotcha,RagePowder,TrickRoom,Protect|Bold|||||50|
|showteam|p2|Charizard||CharizarditeY|Blaze|HeatWave,WeatherBall,SolarBeam,Protect|Modest||M|||50|]Floette-Eternal||Floettite|FlowerVeil|DazzlingGleam,Protect,Moonblast,LightofRuin|Modest||F|||50|]Whimsicott||FocusSash|Prankster|Moonblast,Protect,Tailwind,Encore|Timid||F|||50|]Kingambit||ChopleBerry|Defiant|KowtowCleave,SuckerPunch,IronHead,LowKick|Adamant||M|||50|]Garchomp||LifeOrb|RoughSkin|DragonClaw,StompingTantrum,RockSlide,Protect|Jolly||M|||50|]Basculegion||MysticWater|Adaptability|WaveCrash,LastRespects,AquaJet,Protect|Adamant||M|||50|
|inactive|Battle timer is ON: inactive players will automatically lose when time's up. (requested by Lorido)
|inactive|metecan has 60 seconds left.
|inactive|Lorido has 60 seconds left.
|
|t:|1782553017
|teamsize|p1|4
|teamsize|p2|4
|start
|switch|p1a: Tyranitar|Tyranitar, L50, M|100/100
|switch|p1b: Tsareena|Tsareena, L50, F|100/100
|switch|p2a: Garchomp|Garchomp, L50, M|100/100
|switch|p2b: Whimsicott|Whimsicott, L50, F|100/100
|-weather|Sandstorm|[from] ability: Sand Stream|[of] p1a: Tyranitar
|turn|1
|inactive|metecan has 30 seconds left.
|inactive|Lorido has 30 seconds left.
|inactive|metecan has 20 seconds left.
|inactive|Lorido has 20 seconds left.
|inactive|Lorido has 15 seconds left.
|inactive|metecan has 15 seconds left.
|
|t:|1782553067
|switch|p2a: Kingambit|Kingambit, L50, M|100/100
|move|p2b: Whimsicott|Tailwind|p2b: Whimsicott
|-sidestart|p2: Lorido|move: Tailwind
|move|p1b: Tsareena|Triple Axel|p2a: Kingambit
|-resisted|p2a: Kingambit|1
|-damage|p2a: Kingambit|97/100
|-resisted|p2a: Kingambit|1
|-damage|p2a: Kingambit|92/100
|-resisted|p2a: Kingambit|1
|-damage|p2a: Kingambit|85/100
|-hitcount|p2a: Kingambit|3
|move|p1a: Tyranitar|Rock Slide|p2b: Whimsicott|[spread] p2a,p2b
|-resisted|p2a: Kingambit|1
|-damage|p2a: Kingambit|72/100
|-damage|p2b: Whimsicott|51/100
|
|-weather|Sandstorm|[upkeep]
|-damage|p2b: Whimsicott|45/100|[from] Sandstorm
|-damage|p1b: Tsareena|93/100|[from] Sandstorm
|upkeep
|turn|2
|inactive|metecan has 30 seconds left.
|inactive|Lorido has 30 seconds left.
|
|t:|1782553099
|switch|p2b: Garchomp|Garchomp, L50, M|100/100
|move|p1a: Tyranitar|Protect|p1a: Tyranitar
|-singleturn|p1a: Tyranitar|Protect
|move|p1b: Tsareena|Triple Axel|p2b: Garchomp
|-supereffective|p2b: Garchomp|2
|-damage|p2b: Garchomp|70/100
|-damage|p1b: Tsareena|81/100|[from] ability: Rough Skin|[of] p2b: Garchomp
|-supereffective|p2b: Garchomp|2
|-damage|p2b: Garchomp|14/100
|-damage|p1b: Tsareena|69/100|[from] ability: Rough Skin|[of] p2b: Garchomp
|-hitcount|p2b: Garchomp|2
|move|p2a: Kingambit|Kowtow Cleave|p1b: Tsareena
|-damage|p1b: Tsareena|3/100
|
|-weather|Sandstorm|[upkeep]
|-damage|p1b: Tsareena|0 fnt|[from] Sandstorm
|faint|p1b: Tsareena
|upkeep
|
|t:|1782553119
|switch|p1b: Hydreigon|Hydreigon, L50, M|100/100
|turn|3
|
|t:|1782553143
|switch|p1a: Metagross|Metagross, L50|100/100
|move|p2b: Garchomp|Dragon Claw|p1b: Hydreigon
|-supereffective|p1b: Hydreigon|1
|-enditem|p1b: Hydreigon|Haban Berry|[eat]
|-enditem|p1b: Hydreigon|Haban Berry|[weaken]
|-damage|p1b: Hydreigon|41/100
|-damage|p2b: Garchomp|4/100|[from] item: Life Orb
|move|p1b: Hydreigon|Tailwind|p1b: Hydreigon
|-sidestart|p1: metecan|move: Tailwind
|move|p2a: Kingambit|Low Kick|p1b: Hydreigon
|-supereffective|p1b: Hydreigon|1
|-damage|p1b: Hydreigon|0 fnt
|faint|p1b: Hydreigon
|
|-weather|Sandstorm|[upkeep]
|upkeep
|
|t:|1782553157
|switch|p1b: Tyranitar|Tyranitar, L50, M|100/100
|turn|4
|
|t:|1782553169
|move|p1a: Metagross|Protect|p1a: Metagross
|-singleturn|p1a: Metagross|Protect
|move|p2b: Garchomp|Stomping Tantrum|p1a: Metagross
|-activate|p1a: Metagross|move: Protect
|move|p1b: Tyranitar|Low Kick|p2a: Kingambit
|-supereffective|p2a: Kingambit|2
|-enditem|p2a: Kingambit|Chople Berry|[eat]
|-enditem|p2a: Kingambit|Chople Berry|[weaken]
|-damage|p2a: Kingambit|11/100
|move|p2a: Kingambit|Low Kick|p1b: Tyranitar
|-supereffective|p1b: Tyranitar|2
|-damage|p1b: Tyranitar|0 fnt
|faint|p1b: Tyranitar
|
|-weather|Sandstorm|[upkeep]
|-sideend|p2: Lorido|move: Tailwind
|upkeep
|turn|5
|
|t:|1782553186
|detailschange|p1a: Metagross|Metagross-Mega, L50
|-mega|p1a: Metagross|Metagross|Metagrossite
|move|p2a: Kingambit|Sucker Punch|p1a: Metagross
|-supereffective|p1a: Metagross|1
|-damage|p1a: Metagross|34/100
|move|p1a: Metagross|Stomping Tantrum|p2a: Kingambit
|-supereffective|p2a: Kingambit|1
|-damage|p2a: Kingambit|0 fnt
|faint|p2a: Kingambit
|move|p2b: Garchomp|Stomping Tantrum|p1a: Metagross
|-supereffective|p1a: Metagross|1
|-damage|p1a: Metagross|0 fnt
|faint|p1a: Metagross
|-damage|p2b: Garchomp|0 fnt|[from] item: Life Orb
|faint|p2b: Garchomp
|
|win|Lorido
|raw|metecan's rating: 1131 → 1113(-18 for losing)
|raw|Lorido's rating: 1238 → 1256(+18 for winning)
