|j|☆lukashz
|j|☆freeherdess624
|html|lukashzfreeherdess624    
|uhtml|bestof|Game 1 of a best-of-3
|t:|1782705016
|gametype|doubles
|player|p1|lukashz|elesa|1374
|player|p2|freeherdess624|blue|1368
|gen|9
|tier|[Gen 9 Champions] VGC 2026 Reg M-B (Bo3)
|rated|
|rule|Species Clause: Limit one of each Pokémon
|rule|Item Clause: Limit 1 of each item
|clearpoke
|poke|p1|Chandelure, L50, M|
|poke|p1|Kangaskhan, L50, F|
|poke|p1|Basculegion, L50, M|
|poke|p1|Sylveon, L50, M|
|poke|p1|Kingambit, L50, M|
|poke|p1|Machamp, L50, M|
|poke|p2|Kingambit, L50, M|
|poke|p2|Floette-Eternal, L50, F|
|poke|p2|Sneasler, L50, M|
|poke|p2|Incineroar, L50, M|
|poke|p2|Sinistcha, L50|
|poke|p2|Aerodactyl, L50, M, shiny|
|teampreview|4
|showteam|p1|Chandelure||FocusSash|FlashFire|HeatWave,ShadowBall,TrickRoom,Taunt|Quiet||M|||50|]Kangaskhan||Kangaskhanite|InnerFocus|FakeOut,Facade,DoubleEdge,SuckerPunch|Brave||F|||50|]Basculegion||MysticWater|Adaptability|HeadSmash,WaveCrash,LastRespects,AquaJet|Brave||M|||50|]Sylveon||FairyFeather|Pixilate|HyperVoice,Protect,HyperBeam,QuickAttack|Quiet||M|||50|]Kingambit||ChopleBerry|Defiant|KowtowCleave,SuckerPunch,IronHead,Protect|Adamant||M|||50|]Machamp||ChoiceScarf|NoGuard|DynamicPunch,StoneEdge,IcePunch,BulletPunch|Jolly||M|||50|
|showteam|p2|Kingambit||ChopleBerry|Defiant|KowtowCleave,Protect,SuckerPunch,IronHead|Adamant||M|||50|]Floette-Eternal||Floettite|FlowerVeil|DazzlingGleam,DrainingKiss,Protect,CalmMind|Timid||F|||50|]Sneasler||FocusSash|Unburden|FakeOut,DireClaw,CloseCombat,Coaching|Naive||M|||50|]Incineroar||Leftovers|Intimidate|FakeOut,FlareBlitz,PartingShot,HelpingHand|Sassy||M|||50|]Sinistcha||SitrusBerry|Hospitality|MatchaGotcha,Protect,TrickRoom,RagePowder|Bold|||||50|]Aerodactyl||Aerodactylite|Unnerve|RockSlide,DualWingbeat,IceFang,Tailwind|Jolly||M|||50|
|inactive|Battle timer is ON: inactive players will automatically lose when time's up. (requested by freeherdess624)
|inactive|freeherdess624 has 60 seconds left.
|inactive|freeherdess624 has 30 seconds left.
|
|t:|1782705090
|teamsize|p1|4
|teamsize|p2|4
|start
|switch|p1a: Machamp|Machamp, L50, M|100/100
|switch|p1b: Kingambit|Kingambit, L50, M|100/100
|switch|p2a: Floette|Floette-Eternal, L50, F|100/100
|switch|p2b: Incineroar|Incineroar, L50, M|100/100
|-ability|p2b: Incineroar|Intimidate|boost
|-unboost|p1a: Machamp|atk|1
|-unboost|p1b: Kingambit|atk|1
|-ability|p1b: Kingambit|Defiant|boost
|-boost|p1b: Kingambit|atk|2
|turn|1
|inactive|freeherdess624 has 30 seconds left.
|
|t:|1782705123
|detailschange|p2a: Floette|Floette-Mega, L50, F
|-mega|p2a: Floette|Floette|Floettite
|-ability|p2a: Floette|Fairy Aura
|move|p2b: Incineroar|Fake Out|p1b: Kingambit
|-resisted|p1b: Kingambit|1
|-damage|p1b: Kingambit|96/100
|move|p1a: Machamp|Dynamic Punch|p2b: Incineroar
|-supereffective|p2b: Incineroar|1
|-damage|p2b: Incineroar|36/100
|-start|p2b: Incineroar|confusion
|move|p2a: Floette|Dazzling Gleam|p1b: Kingambit|[spread] p1a,p1b
|-supereffective|p1a: Machamp|1
|-damage|p1a: Machamp|2/100
|-damage|p1b: Kingambit|55/100
|cant|p1b: Kingambit|flinch
|
|-heal|p2b: Incineroar|42/100|[from] item: Leftovers
|upkeep
|turn|2
|
|t:|1782705147
|-activate|p2b: Incineroar|confusion
|move|p2b: Incineroar|Helping Hand|p2a: Floette
|-singleturn|p2a: Floette|Helping Hand|[of] p2b: Incineroar
|move|p1a: Machamp|Dynamic Punch|p2b: Incineroar
|-supereffective|p2b: Incineroar|1
|-damage|p2b: Incineroar|0 fnt
|faint|p2b: Incineroar
|move|p2a: Floette|Dazzling Gleam|p1b: Kingambit|[spread] p1a,p1b
|-supereffective|p1a: Machamp|1
|-damage|p1a: Machamp|0 fnt
|-damage|p1b: Kingambit|0 fnt
|faint|p1a: Machamp
|faint|p1b: Kingambit
|
|upkeep
|
|t:|1782705163
|switch|p1a: Sylveon|Sylveon, L50, M|100/100
|switch|p2b: Sneasler|Sneasler, L50, M|100/100
|switch|p1b: Chandelure|Chandelure, L50, M|100/100
|turn|3
|
|t:|1782705174
|move|p1a: Sylveon|Protect|p1a: Sylveon
|-singleturn|p1a: Sylveon|Protect
|move|p2b: Sneasler|Dire Claw|p1a: Sylveon
|-activate|p1a: Sylveon|move: Protect
|move|p2a: Floette|Calm Mind|p2a: Floette
|-boost|p2a: Floette|spa|1
|-boost|p2a: Floette|spd|1
|move|p1b: Chandelure|Trick Room|p1b: Chandelure
|-fieldstart|move: Trick Room|[of] p1b: Chandelure
|
|upkeep
|turn|4
|
|t:|1782705188
|move|p1a: Sylveon|Hyper Voice|p2a: Floette|[spread] p2a,p2b
|-damage|p2a: Floette|61/100
|-enditem|p2b: Sneasler|Focus Sash
|-damage|p2b: Sneasler|1/100
|move|p1b: Chandelure|Heat Wave|p2a: Floette|[spread] p2a,p2b
|-damage|p2a: Floette|38/100
|-damage|p2b: Sneasler|0 fnt
|faint|p2b: Sneasler
|move|p2a: Floette|Dazzling Gleam|p1b: Chandelure|[spread] p1a,p1b
|-resisted|p1b: Chandelure|1
|-damage|p1a: Sylveon|56/100
|-damage|p1b: Chandelure|67/100
|
|upkeep
|
|t:|1782705196
|switch|p2b: Kingambit|Kingambit, L50, M|100/100
|turn|5
|
|t:|1782705214
|move|p2b: Kingambit|Protect|p2b: Kingambit
|-singleturn|p2b: Kingambit|Protect
|move|p2a: Floette|Protect|p2a: Floette
|-singleturn|p2a: Floette|Protect
|move|p1a: Sylveon|Hyper Beam|p2b: Kingambit
|-activate|p2b: Kingambit|move: Protect
|move|p1b: Chandelure|Shadow Ball|p2a: Floette
|-activate|p2a: Floette|move: Protect
|
|upkeep
|turn|6
|
|t:|1782705227
|move|p2b: Kingambit|Iron Head|p1a: Sylveon
|-supereffective|p1a: Sylveon|1
|-damage|p1a: Sylveon|0 fnt
|faint|p1a: Sylveon
|move|p1b: Chandelure|Taunt|p2a: Floette
|-start|p2a: Floette|move: Taunt
|move|p2a: Floette|Draining Kiss|p1b: Chandelure
|-resisted|p1b: Chandelure|1
|-damage|p1b: Chandelure|36/100
|-heal|p2a: Floette|62/100|[from] drain|[of] p1b: Chandelure
|
|upkeep
|turn|7
|
|t:|1782705235
|move|p2b: Kingambit|Kowtow Cleave|p1b: Chandelure
|-supereffective|p1b: Chandelure|1
|-damage|p1b: Chandelure|0 fnt
|faint|p1b: Chandelure
|
|win|freeherdess624
||lukashz is ready for game 2.
|inactive|freeherdess624 has 30 seconds to confirm battle start!
|inactive|freeherdess624 has 20 seconds to confirm battle start!
||freeherdess624 is ready for game 2.
|uhtml|next|Next: Game 2 of 3
