|j|☆GzRekt
|j|☆doongel
|html|GzRektdoongel    
|uhtml|bestof|Game 2 of a best-of-3
|t:|1755789894
|gametype|doubles
|player|p1|GzRekt|fisherman-gen4|1244
|player|p2|doongel|bugcatcher-gen4dp|1169
|gen|9
|tier|[Gen 9] VGC 2025 Reg H (Bo3)
|rated|
|rule|Species Clause: Limit one of each Pokémon
|rule|Item Clause: Limit 1 of each item
|clearpoke
|poke|p1|Dragonite, L50, M|
|poke|p1|Incineroar, L50, F|
|poke|p1|Sneasler, L50, M|
|poke|p1|Ursaluna-Bloodmoon, L50, M|
|poke|p1|Clefable, L50, F|
|poke|p1|Gholdengo, L50|
|poke|p2|Rillaboom, L50, F|
|poke|p2|Dragonite, L50, M|
|poke|p2|Sneasler, L50, F|
|poke|p2|Kingambit, L50, M|
|poke|p2|Electabuzz, L50, M|
|poke|p2|Volcarona, L50, M|
|teampreview|4
|showteam|p1|Dragonite||LoadedDice|Multiscale|ScaleShot,Tailwind,ExtremeSpeed,Protect|||M|||50|,,,,,Fairy]Incineroar||SafetyGoggles|Intimidate|FlareBlitz,KnockOff,PartingShot,FakeOut|||F|||50|,,,,,Ghost]Sneasler||FocusSash|Unburden|Protect,ThroatChop,CloseCombat,DireClaw|||M|||50|,,,,,Stellar]Ursaluna-Bloodmoon||AssaultVest|MindsEye|HyperVoice,BloodMoon,EarthPower,VacuumWave|||M|||50|,,,,,Water]Clefable||RockyHelmet|Unaware|Protect,FollowMe,Moonblast,Moonlight|||F|||50|,,,,,Fairy]Gholdengo||LifeOrb|GoodasGold|Protect,NastyPlot,MakeItRain,ShadowBall||||||50|,,,,,Water
|showteam|p2|Rillaboom||AssaultVest|GrassySurge|FakeOut,HighHorsepower,WoodHammer,GrassyGlide|||F|||50|,,,,,Fire]Dragonite||LoadedDice|Multiscale|ExtremeSpeed,ScaleShot,Protect,Haze|||M|||50|,,,,,Steel]Sneasler||FocusSash|PoisonTouch|DireClaw,CloseCombat,FakeOut,Coaching|||F|||50|,,,,,Stellar]Kingambit||BlackGlasses|Defiant|KowtowCleave,SuckerPunch,SwordsDance,Protect|||M|||50|,,,,,Dark]Electabuzz||Eviolite|VitalSpirit|Thunderbolt,Taunt,FollowMe,Protect|||M|||50|,,,,,Ghost]Volcarona||Leftovers|FlameBody|HeatWave,TeraBlast,QuiverDance,Protect|||M|||50|,,,,,Fairy
|inactive|Battle timer is ON: inactive players will automatically lose when time's up. (requested by GzRekt)
|inactive|doongel also wants the timer to be on.
|inactive|doongel has 60 seconds left.
|inactive|doongel has 30 seconds left.
|
|t:|1755789962
|teamsize|p1|4
|teamsize|p2|4
|start
|switch|p1a: Ursaluna|Ursaluna-Bloodmoon, L50, M|100/100
|switch|p1b: Sneasler|Sneasler, L50, M|100/100
|switch|p2a: Volcarona|Volcarona, L50, M|100/100
|switch|p2b: Kingambit|Kingambit, L50, M|100/100
|turn|1
|inactive|GzRekt has 30 seconds left.
|
|t:|1755789992
|switch|p2b: Sneasler|Sneasler, L50, F|100/100
|move|p1b: Sneasler|Dire Claw|p2a: Volcarona
|-damage|p2a: Volcarona|47/100
|move|p2a: Volcarona|Quiver Dance|p2a: Volcarona
|-boost|p2a: Volcarona|spa|1
|-boost|p2a: Volcarona|spd|1
|-boost|p2a: Volcarona|spe|1
|move|p1a: Ursaluna|Earth Power|p2b: Sneasler
|-supereffective|p2b: Sneasler
|-enditem|p2b: Sneasler|Focus Sash
|-damage|p2b: Sneasler|1/100
|
|-heal|p2a: Volcarona|53/100|[from] item: Leftovers
|upkeep
|turn|2
|
|t:|1755790010
|switch|p1a: Incineroar|Incineroar, L50, F|100/100
|-ability|p1a: Incineroar|Intimidate|boost
|-unboost|p2a: Volcarona|atk|1
|-unboost|p2b: Sneasler|atk|1
|move|p1b: Sneasler|Protect|p1b: Sneasler
|-singleturn|p1b: Sneasler|Protect
|move|p2b: Sneasler|Fake Out|p1b: Sneasler
|-activate|p1b: Sneasler|move: Protect
|move|p2a: Volcarona|Quiver Dance|p2a: Volcarona
|-boost|p2a: Volcarona|spa|1
|-boost|p2a: Volcarona|spd|1
|-boost|p2a: Volcarona|spe|1
|
|-heal|p2a: Volcarona|60/100|[from] item: Leftovers
|upkeep
|turn|3
|
|t:|1755790030
|move|p2a: Volcarona|Protect|p2a: Volcarona
|-singleturn|p2a: Volcarona|Protect
|move|p1a: Incineroar|Fake Out|p2a: Volcarona
|-activate|p2a: Volcarona|move: Protect
|move|p2b: Sneasler|Coaching|p2a: Volcarona
|-boost|p2a: Volcarona|atk|1
|-boost|p2a: Volcarona|def|1
|move|p1b: Sneasler|Close Combat|p2b: Sneasler
|-resisted|p2b: Sneasler
|-damage|p2b: Sneasler|0 fnt
|-unboost|p1b: Sneasler|def|1
|-unboost|p1b: Sneasler|spd|1
|faint|p2b: Sneasler
|
|-heal|p2a: Volcarona|66/100|[from] item: Leftovers
|upkeep
|
|t:|1755790054
|switch|p2b: Kingambit|Kingambit, L50, M|100/100
|turn|4
|
|t:|1755790074
|-terastallize|p2b: Kingambit|Dark
|move|p2b: Kingambit|Sucker Punch|p1b: Sneasler
|-resisted|p1b: Sneasler
|-damage|p1b: Sneasler|21/100
|move|p2a: Volcarona|Heat Wave|p1a: Incineroar|[spread] p1a,p1b
|-resisted|p1a: Incineroar
|-damage|p1a: Incineroar|75/100
|-damage|p1b: Sneasler|0 fnt
|faint|p1b: Sneasler
|move|p1a: Incineroar|Flare Blitz|p2a: Volcarona
|-damage|p2a: Volcarona|32/100
|-damage|p1a: Incineroar|65/100|[from] Recoil
|
|-heal|p2a: Volcarona|38/100|[from] item: Leftovers
|upkeep
|
|t:|1755790085
|switch|p1b: Ursaluna|Ursaluna-Bloodmoon, L50, M|100/100
|turn|5
|
|t:|1755790101
|move|p2a: Volcarona|Heat Wave|p1a: Incineroar|[spread] p1a,p1b
|-resisted|p1a: Incineroar
|-damage|p1a: Incineroar|38/100
|-damage|p1b: Ursaluna|50/100
|-status|p1b: Ursaluna|brn
|move|p1a: Incineroar|Knock Off|p2a: Volcarona
|-damage|p2a: Volcarona|11/100
|-enditem|p2a: Volcarona|Leftovers|[from] move: Knock Off|[of] p1a: Incineroar
|move|p1b: Ursaluna|Blood Moon|p2a: Volcarona
|-damage|p2a: Volcarona|0 fnt
|faint|p2a: Volcarona
|move|p2b: Kingambit|Kowtow Cleave|p1b: Ursaluna
|-damage|p1b: Ursaluna|0 fnt
|faint|p1b: Ursaluna
|
|upkeep
|
|t:|1755790111
|switch|p2a: Dragonite|Dragonite, L50, M|100/100
|switch|p1b: Clefable|Clefable, L50, F|100/100
|turn|6
|
|t:|1755790129
|move|p2a: Dragonite|Extreme Speed|p1a: Incineroar
|-damage|p1a: Incineroar|10/100
|move|p1b: Clefable|Follow Me|p1b: Clefable
|-singleturn|p1b: Clefable|move: Follow Me
|move|p1a: Incineroar|Knock Off|p2b: Kingambit
|-resisted|p2b: Kingambit
|-damage|p2b: Kingambit|87/100
|-enditem|p2b: Kingambit|Black Glasses|[from] move: Knock Off|[of] p1a: Incineroar
|move|p2b: Kingambit|Kowtow Cleave|p1b: Clefable
|-resisted|p1b: Clefable
|-damage|p1b: Clefable|69/100
|-damage|p2b: Kingambit|70/100|[from] item: Rocky Helmet|[of] p1b: Clefable
|
|upkeep
|turn|7
|inactive|GzRekt has 30 seconds left.
|inactive|doongel has 30 seconds left.
|
|t:|1755790157
|-terastallize|p1a: Incineroar|Ghost
|move|p2a: Dragonite|Extreme Speed|p1b: Clefable
|-damage|p1b: Clefable|42/100
|-damage|p2a: Dragonite|84/100|[from] item: Rocky Helmet|[of] p1b: Clefable
|move|p1a: Incineroar|Knock Off|p2a: Dragonite
|-damage|p2a: Dragonite|43/100
|-enditem|p2a: Dragonite|Loaded Dice|[from] move: Knock Off|[of] p1a: Incineroar
|move|p1b: Clefable|Moonblast|p2b: Kingambit
|-supereffective|p2b: Kingambit
|-damage|p2b: Kingambit|2/100
|-unboost|p2b: Kingambit|spa|1
|-ability|p2b: Kingambit|Defiant|boost
|-boost|p2b: Kingambit|atk|2
|move|p2b: Kingambit|Kowtow Cleave|p1a: Incineroar
|-supereffective|p1a: Incineroar
|-damage|p1a: Incineroar|0 fnt
|faint|p1a: Incineroar
|
|upkeep
|turn|8
|
|t:|1755790178
|move|p2a: Dragonite|Extreme Speed|p1b: Clefable
|-damage|p1b: Clefable|11/100
|-damage|p2a: Dragonite|27/100|[from] item: Rocky Helmet|[of] p1b: Clefable
|move|p2b: Kingambit|Sucker Punch|p1b: Clefable
|-resisted|p1b: Clefable
|-damage|p1b: Clefable|0 fnt
|-damage|p2b: Kingambit|0 fnt|[from] item: Rocky Helmet|[of] p1b: Clefable
|faint|p1b: Clefable
|faint|p2b: Kingambit
|
|win|doongel
|raw|GzRekt's rating: 1244 → 1214(-30 for losing)
|raw|doongel's rating: 1169 → 1199(+30 for winning)
|l|☆doongel
|player|p2|
