|j|☆Zurneus
|j|☆parsley<3
|html|Zurneusparsley<3    
|uhtml|bestof|Game 2 of a best-of-3
|t:|1756252286
|gametype|doubles
|player|p1|Zurneus|silver|1183
|player|p2|parsley<3|lacey|1222
|gen|9
|tier|[Gen 9] VGC 2025 Reg H (Bo3)
|rated|
|rule|Species Clause: Limit one of each Pokémon
|rule|Item Clause: Limit 1 of each item
|clearpoke
|poke|p1|Gyarados, L50, M|
|poke|p1|Indeedee, L50, M|
|poke|p1|Volcarona, L50, M|
|poke|p1|Excadrill, L50, F|
|poke|p1|Amoonguss, L50, M|
|poke|p1|Tyranitar, L50, F|
|poke|p2|Maushold, L50|
|poke|p2|Annihilape, L50, M|
|poke|p2|Gholdengo, L50|
|poke|p2|Ursaluna-Bloodmoon, L50, M|
|poke|p2|Dragonite, L50, M|
|poke|p2|Sneasler, L50, F|
|teampreview|4
|showteam|p1|Gyarados||SafetyGoggles|Intimidate|Taunt,ThunderWave,Waterfall,Protect|||M|||50|,,,,,Steel]Indeedee||ChoiceScarf|PsychicSurge|DazzlingGleam,TeraBlast,Trick,ExpandingForce|||M|||50|,,,,,Psychic]Volcarona||CovertCloak|FlameBody|HeatWave,Tailwind,TeraBlast,WillOWisp|||M|||50|,,,,,Fairy]Excadrill||ClearAmulet|SandRush|Protect,Earthquake,HighHorsepower,IronHead|||F|||50|,,,,,Ghost]Amoonguss||SitrusBerry|Regenerator|Protect,ClearSmog,RagePowder,Spore|||M|||50|,,,,,Water]Tyranitar||AssaultVest|SandStream|LowKick,TeraBlast,KnockOff,RockSlide|||F|||50|,,,,,Flying
|showteam|p2|Maushold||SafetyGoggles|FriendGuard|SuperFang,BeatUp,Protect,FollowMe||||||50|,,,,,Ghost]Annihilape||SitrusBerry|Defiant|RageFist,CloseCombat,Protect,FinalGambit|||M|||50|,,,,,Fire]Gholdengo||LifeOrb|GoodasGold|MakeItRain,ShadowBall,Protect,NastyPlot||||||50|,,,,,Water]Ursaluna-Bloodmoon||AssaultVest|MindsEye|HyperVoice,BloodMoon,EarthPower,VacuumWave|||M|||50|,,,,,Ghost]Dragonite||LoadedDice|Multiscale|ScaleShot,Tailwind,Protect,Haze|||M|||50|,,,,,Fairy]Sneasler||FocusSash|Unburden|DireClaw,CloseCombat,Protect,ThroatChop|||F|||50|,,,,,Stellar
|c|☆parsley<3|i thought id win in that scenario oops
|c|☆parsley<3|tried to cover for scale shot miss
|j| Hockeystick7
|c| Hockeystick7|Games 2 3 comeback
|c| Hockeystick7|Trust
|
|t:|1756252330
|teamsize|p1|4
|teamsize|p2|4
|start
|switch|p1a: Indeedee|Indeedee, L50, M|100/100
|switch|p1b: Excadrill|Excadrill, L50, F|100/100
|switch|p2a: Gholdengo|Gholdengo, L50|100/100
|switch|p2b: freddy fivebear|Ursaluna-Bloodmoon, L50, M|100/100
|-fieldstart|move: Psychic Terrain|[from] ability: Psychic Surge|[of] p1a: Indeedee
|turn|1
|
|t:|1756252369
|move|p2a: Gholdengo|Protect|p2a: Gholdengo
|-singleturn|p2a: Gholdengo|Protect
|move|p1a: Indeedee|Expanding Force|p2a: Gholdengo|[spread] p2b
|-activate|p2a: Gholdengo|move: Protect
|-damage|p2b: freddy fivebear|55/100
|move|p1b: Excadrill|High Horsepower|p2b: freddy fivebear
|-damage|p2b: freddy fivebear|17/100
|move|p2b: freddy fivebear|Blood Moon|p1a: Indeedee
|-damage|p1a: Indeedee|3/100
|
|upkeep
|turn|2
|c| Hockeystick7|Ignore that
|
|t:|1756252427
|switch|p2a: hermes|Dragonite, L50, M|100/100
|move|p1a: Indeedee|Expanding Force|p2a: hermes|[spread] p2a,p2b
|-damage|p2a: hermes|69/100
|-damage|p2b: freddy fivebear|0 fnt
|faint|p2b: freddy fivebear
|move|p1b: Excadrill|High Horsepower|p2a: hermes
|-immune|p2a: hermes
|
|upkeep
|
|t:|1756252447
|switch|p2b: Sneasler|Sneasler, L50, F|100/100
|turn|3
|
|t:|1756252475
|move|p2b: Sneasler|Protect|p2b: Sneasler
|-singleturn|p2b: Sneasler|Protect
|move|p1b: Excadrill|Protect|p1b: Excadrill
|-singleturn|p1b: Excadrill|Protect
|move|p1a: Indeedee|Expanding Force|p2b: Sneasler|[spread] p2a
|-activate|p2b: Sneasler|move: Protect
|-damage|p2a: hermes|12/100
|move|p2a: hermes|Tailwind|p2a: hermes
|-sidestart|p2: parsley<3|move: Tailwind
|
|upkeep
|turn|4
|
|t:|1756252516
|switch|p1b: Volcarona|Volcarona, L50, M|100/100
|move|p2b: Sneasler|Close Combat|p1b: Volcarona
|-resisted|p1b: Volcarona
|-crit|p1b: Volcarona
|-damage|p1b: Volcarona|42/100
|-unboost|p2b: Sneasler|def|1
|-unboost|p2b: Sneasler|spd|1
|move|p2a: hermes|Scale Shot|p1a: Indeedee
|-damage|p1a: Indeedee|0 fnt
|faint|p1a: Indeedee
|-hitcount|p1: Indeedee|1
|-unboost|p2a: hermes|def|1
|-boost|p2a: hermes|spe|1
|
|upkeep
|
|t:|1756252528
|switch|p1a: Tyranitar|Tyranitar, L50, F|100/100
|-weather|Sandstorm|[from] ability: Sand Stream|[of] p1a: Tyranitar
|turn|5
|
|t:|1756252571
|-terastallize|p1a: Tyranitar|Flying
|move|p2a: hermes|Scale Shot|p1b: Volcarona
|-damage|p1b: Volcarona|23/100
|-damage|p1b: Volcarona|4/100
|-damage|p1b: Volcarona|0 fnt
|faint|p1b: Volcarona
|-hitcount|p1: Volcarona|3
|-unboost|p2a: hermes|def|1
|-boost|p2a: hermes|spe|1
|move|p2b: Sneasler|Close Combat|p1a: Tyranitar
|-resisted|p1a: Tyranitar
|-damage|p1a: Tyranitar|74/100
|-unboost|p2b: Sneasler|def|1
|-unboost|p2b: Sneasler|spd|1
|move|p1a: Tyranitar|Tera Blast|p2b: Sneasler|[anim] Tera Blast Flying
|-supereffective|p2b: Sneasler
|-enditem|p2b: Sneasler|Focus Sash
|-damage|p2b: Sneasler|1/100
|
|-weather|Sandstorm|[upkeep]
|-damage|p2b: Sneasler|0 fnt|[from] Sandstorm
|-damage|p2a: hermes|6/100|[from] Sandstorm
|-damage|p1a: Tyranitar|69/100|[from] Sandstorm
|faint|p2b: Sneasler
|-fieldend|move: Psychic Terrain
|upkeep
|
|t:|1756252592
|switch|p2b: Gholdengo|Gholdengo, L50|100/100
|switch|p1b: Excadrill|Excadrill, L50, F|100/100
|turn|6
|
|t:|1756252613
|-terastallize|p2b: Gholdengo|Water
|move|p1b: Excadrill|Protect|p1b: Excadrill
|-singleturn|p1b: Excadrill|Protect
|move|p2a: hermes|Scale Shot|p1a: Tyranitar
|-damage|p1a: Tyranitar|57/100
|-damage|p1a: Tyranitar|44/100
|-damage|p1a: Tyranitar|32/100
|-damage|p1a: Tyranitar|20/100
|-hitcount|p1a: Tyranitar|4
|-unboost|p2a: hermes|def|1
|-boost|p2a: hermes|spe|1
|move|p2b: Gholdengo|Make It Rain|p1b: Excadrill|[spread] p1a
|-activate|p1b: Excadrill|move: Protect
|-damage|p1a: Tyranitar|0 fnt
|-unboost|p2b: Gholdengo|spa|1
|faint|p1a: Tyranitar
|-damage|p2b: Gholdengo|91/100|[from] item: Life Orb
|
|-weather|Sandstorm|[upkeep]
|-damage|p2a: hermes|0 fnt|[from] Sandstorm
|-damage|p2b: Gholdengo|85/100|[from] Sandstorm
|faint|p2a: hermes
|-sideend|p2: parsley<3|move: Tailwind
|upkeep
|turn|7
|
|t:|1756252659
|move|p1b: Excadrill|Earthquake|p2b: Gholdengo
|-damage|p2b: Gholdengo|16/100
|move|p2b: Gholdengo|Shadow Ball|p1b: Excadrill
|-damage|p1b: Excadrill|59/100
|-damage|p2b: Gholdengo|6/100|[from] item: Life Orb
|
|-weather|Sandstorm|[upkeep]
|-damage|p2b: Gholdengo|0 fnt|[from] Sandstorm
|faint|p2b: Gholdengo
|
|win|Zurneus
|raw|Zurneus's rating: 1183 → 1211(+28 for winning)
|raw|parsley<3's rating: 1222 → 1194(-28 for losing)
