|j|☆Pawah
|j|☆Karlye
|html|PawahKarlye    
|uhtml|bestof|Game 1 of a best-of-3
|t:|1756756345
|gametype|doubles
|player|p1|Pawah|ethan|
|player|p2|Karlye|blue|
|gen|9
|tier|[Gen 9] VGC 2025 Reg H (Bo3)
|rule|Species Clause: Limit one of each Pokémon
|rule|Item Clause: Limit 1 of each item
|clearpoke
|poke|p1|Ursaluna, L50, F|
|poke|p1|Sinistcha, L50|
|poke|p1|Pelipper, L50, M|
|poke|p1|Archaludon, L50, M|
|poke|p1|Gholdengo, L50|
|poke|p1|Murkrow, L50, F|
|poke|p2|Porygon2, L50|
|poke|p2|Rillaboom, L50, M|
|poke|p2|Ursaluna, L50, F|
|poke|p2|Jumpluff, L50, F|
|poke|p2|Charizard, L50, F|
|poke|p2|Torkoal, L50, F|
|teampreview|4
|showteam|p1|Ursaluna||FlameOrb|Guts|HeadlongRush,Facade,Protect,Earthquake|||F|||50|,,,,,Ghost]Sinistcha||SitrusBerry|Hospitality|RagePowder,TrickRoom,LifeDew,MatchaGotcha||||||50|,,,,,Dark]Pelipper||FocusSash|Drizzle|Hurricane,Protect,WeatherBall,WideGuard|||M|||50|,,,,,Ghost]Archaludon||AssaultVest|Stamina|ElectroShot,FlashCannon,BodyPress,DracoMeteor|||M|||50|,,,,,Bug]Gholdengo||LifeOrb|GoodasGold|MakeItRain,ShadowBall,NastyPlot,Protect||||||50|,,,,,Water]Murkrow||Eviolite|Prankster|Quash,Tailwind,FoulPlay,Taunt|||F|||50|,,,,,Ghost
|showteam|p2|Porygon2||Eviolite|Download|TeraBlast,IceBeam,TrickRoom,Recover||||||50|,,,,,Fighting]Rillaboom||AssaultVest|GrassySurge|FakeOut,GrassyGlide,WoodHammer,HighHorsepower|||M|||50|,,,,,Water]Ursaluna||FlameOrb|Guts|Protect,Facade,Earthquake,HeadlongRush|||F|||50|,,,,,Ghost]Jumpluff||CovertCloak|Chlorophyll|SleepPowder,SunnyDay,Tailwind,RagePowder|||F|||50|,,,,,Fire]Charizard||ChoiceSpecs|SolarPower|HeatWave,Overheat,WeatherBall,DragonPulse|||F|||50|,,,,,Ghost]Torkoal||EjectPack|Drought|Overheat,Eruption,HelpingHand,Protect|||F|||50|,,,,,Fire
|inactive|Battle timer is ON: inactive players will automatically lose when time's up. (requested by Pawah)
|inactive|Pawah has 60 seconds left.
|inactive|Karlye has 60 seconds left.
|inactive|Karlye has 30 seconds left.
|
|t:|1756756409
|teamsize|p1|4
|teamsize|p2|4
|start
|switch|p1a: Ursaluna|Ursaluna, L50, F|100/100
|switch|p1b: Murkrow|Murkrow, L50, F|100/100
|switch|p2a: Jumpluff|Jumpluff, L50, F|100/100
|switch|p2b: Torkoal|Torkoal, L50, F|100/100
|-weather|SunnyDay|[from] ability: Drought|[of] p2b: Torkoal
|turn|1
|inactive|Karlye has 30 seconds left.
|inactive|Karlye has 20 seconds left.
|inactive|Karlye has 15 seconds left.
|
|t:|1756756453
|switch|p2a: Ursaluna|Ursaluna, L50, F|100/100
|move|p2b: Torkoal|Protect|p2b: Torkoal
|-singleturn|p2b: Torkoal|Protect
|move|p1b: Murkrow|Taunt|p2a: Ursaluna
|-start|p2a: Ursaluna|move: Taunt
|move|p1a: Ursaluna|Earthquake|p2a: Ursaluna|[spread] p2a
|-activate|p2b: Torkoal|move: Protect
|-immune|p1b: Murkrow
|-crit|p2a: Ursaluna
|-damage|p2a: Ursaluna|51/100
|
|-weather|SunnyDay|[upkeep]
|-status|p2a: Ursaluna|brn|[from] item: Flame Orb
|-status|p1a: Ursaluna|brn|[from] item: Flame Orb
|upkeep
|turn|2
|inactive|Karlye has 30 seconds left.
|inactive|Karlye has 20 seconds left.
|inactive|Karlye has 15 seconds left.
|inactive|Karlye has 10 seconds left.
|
|t:|1756756503
|switch|p2a: Jumpluff|Jumpluff, L50, F|100/100
|switch|p2b: Porygon2|Porygon2, L50|100/100
|-ability|p2b: Porygon2|Download|boost
|-boost|p2b: Porygon2|spa|1
|move|p1b: Murkrow|Tailwind|p1b: Murkrow
|-sidestart|p1: Pawah|move: Tailwind
|move|p1a: Ursaluna|Earthquake|p2b: Porygon2|[spread] p2b
|-immune|p1b: Murkrow
|-immune|p2a: Jumpluff
|-damage|p2b: Porygon2|61/100
|
|-weather|SunnyDay|[upkeep]
|-damage|p1a: Ursaluna|95/100 brn|[from] brn
|upkeep
|turn|3
|inactive|Karlye has 30 seconds left.
|inactive|Karlye has 20 seconds left.
|inactive|Karlye has 15 seconds left.
|
|t:|1756756548
|move|p1b: Murkrow|Taunt|p2a: Jumpluff
|-start|p2a: Jumpluff|move: Taunt
|cant|p2a: Jumpluff|move: Taunt|Sleep Powder
|move|p1a: Ursaluna|Facade|p2b: Porygon2
|-damage|p2b: Porygon2|0 fnt
|faint|p2b: Porygon2
|
|-weather|SunnyDay|[upkeep]
|-damage|p1a: Ursaluna|89/100 brn|[from] brn
|upkeep
|
|t:|1756756568
|switch|p2b: Torkoal|Torkoal, L50, F|100/100
|turn|4
|
|t:|1756756583
|-terastallize|p2b: Torkoal|Fire
|move|p1b: Murkrow|Taunt|p2b: Torkoal
|-start|p2b: Torkoal|move: Taunt
|-activate|p2a: Jumpluff|move: Struggle
|move|p2a: Jumpluff|Struggle|p1b: Murkrow
|-damage|p1b: Murkrow|95/100
|-damage|p2a: Jumpluff|76/100|[from] recoil
|move|p1a: Ursaluna|Earthquake|p2b: Torkoal|[spread] p2b
|-immune|p1b: Murkrow
|-immune|p2a: Jumpluff
|-supereffective|p2b: Torkoal
|-damage|p2b: Torkoal|0 fnt
|faint|p2b: Torkoal
|
|-weather|SunnyDay|[upkeep]
|-damage|p1a: Ursaluna|83/100 brn|[from] brn
|upkeep
|
|t:|1756756594
|switch|p2b: Ursaluna|Ursaluna, L50, F|51/100 brn
|turn|5
|
|t:|1756756603
|move|p2b: Ursaluna|Protect|p2b: Ursaluna
|-singleturn|p2b: Ursaluna|Protect
|-activate|p2a: Jumpluff|move: Struggle
|move|p2a: Jumpluff|Struggle|p1b: Murkrow
|-damage|p1b: Murkrow|90/100
|-damage|p2a: Jumpluff|51/100|[from] recoil
|move|p1b: Murkrow|Foul Play|p2b: Ursaluna
|-activate|p2b: Ursaluna|move: Protect
|move|p1a: Ursaluna|Earthquake|p2b: Ursaluna|[spread] 
|-activate|p2b: Ursaluna|move: Protect
|-immune|p1b: Murkrow
|-immune|p2a: Jumpluff
|
|-weather|none
|-damage|p1a: Ursaluna|77/100 brn|[from] brn
|-damage|p2b: Ursaluna|45/100 brn|[from] brn
|-end|p2a: Jumpluff|move: Taunt
|-sideend|p1: Pawah|move: Tailwind
|upkeep
|turn|6
|inactive|Pawah has 30 seconds left.
|
|t:|1756756631
|move|p1a: Ursaluna|Protect|p1a: Ursaluna
|-singleturn|p1a: Ursaluna|Protect
|move|p1b: Murkrow|Tailwind|p1b: Murkrow
|-sidestart|p1: Pawah|move: Tailwind
|move|p2a: Jumpluff|Sleep Powder|p1a: Ursaluna
|-activate|p1a: Ursaluna|move: Protect
|move|p2b: Ursaluna|Facade|p1b: Murkrow
|-damage|p1b: Murkrow|0 fnt
|faint|p1b: Murkrow
|
|-damage|p1a: Ursaluna|71/100 brn|[from] brn
|-damage|p2b: Ursaluna|39/100 brn|[from] brn
|upkeep
|
|t:|1756756638
|switch|p1b: Gholdengo|Gholdengo, L50|100/100
|turn|7
|inactive|Karlye has 30 seconds left.
|
|t:|1756756665
|move|p1b: Gholdengo|Make It Rain|p2a: Jumpluff|[spread] p2a,p2b
|-damage|p2a: Jumpluff|0 fnt
|-damage|p2b: Ursaluna|0 fnt
|-unboost|p1b: Gholdengo|spa|1
|faint|p2a: Jumpluff
|faint|p2b: Ursaluna
|-damage|p1b: Gholdengo|91/100|[from] item: Life Orb
|
|win|Pawah
||Pawah is ready for game 2.
||Karlye is ready for game 2.
|uhtml|next|Next: Game 2 of 3
