|j|☆OssiGT
|j|☆FreezyPop439
|html|OssiGTFreezyPop439    
|uhtml|bestof|Game 2 of a best-of-3
|t:|1784633589
|gametype|doubles
|player|p1|OssiGT|hilbert-wonderlauncher|1287
|player|p2|FreezyPop439|collector|1373
|gen|9
|tier|[Gen 9 Champions] VGC 2026 Reg M-B (Bo3)
|rated|
|rule|Species Clause: Limit one of each Pokémon
|rule|Item Clause: Limit 1 of each item
|clearpoke
|poke|p1|Raichu, L50, F|
|poke|p1|Mawile, L50, F|
|poke|p1|Sinistcha, L50|
|poke|p1|Ceruledge, L50, M|
|poke|p1|Milotic, L50, F|
|poke|p1|Incineroar, L50, F|
|poke|p2|Raichu, L50, M|
|poke|p2|Gyarados, L50, F|
|poke|p2|Mamoswine, L50, F|
|poke|p2|Ceruledge, L50, F|
|poke|p2|Clefable, L50, F|
|poke|p2|Kingambit, L50, F|
|teampreview|4
|showteam|p1|Raichu||RaichuniteY|LightningRod|ZapCannon,FocusBlast,FakeOut,Protect|Timid||F|||50|]Mawile||Mawilite|HyperCutter|PlayRough,SuckerPunch,SwordsDance,Protect|Adamant||F|||50|]Sinistcha||KasibBerry|Hospitality|MatchaGotcha,LifeDew,RagePowder,Protect|Relaxed|||||50|]Ceruledge||ColburBerry|FlashFire|BitterBlade,ShadowSneak,BulkUp,Protect|Adamant||M|||50|]Milotic||Leftovers|Competitive|MuddyWater,Coil,Hypnosis,Protect|Calm||F|||50|]Incineroar||SitrusBerry|Intimidate|FlareBlitz,ThroatChop,FakeOut,PartingShot|Impish||F|||50|
|showteam|p2|Raichu||RaichuniteY|LightningRod|ZapCannon,FocusBlast,FakeOut,Protect|Timid||M|||50|]Gyarados||Gyaradosite|Intimidate|Waterfall,PowerWhip,DragonDance,Protect|Adamant||F|||50|]Mamoswine||LifeOrb|Oblivious|HighHorsepower,IceShard,IcicleCrash,Protect|Jolly||F|||50|]Ceruledge||ColburBerry|FlashFire|BitterBlade,ShadowSneak,BulkUp,Protect|Adamant||F|||50|]Clefable||SitrusBerry|Unaware|Moonblast,FollowMe,HelpingHand,Protect|Bold||F|||50|]Kingambit||FocusSash|Defiant|IronHead,KowtowCleave,SuckerPunch,LowKick|Adamant||F|||50|
|inactive|Battle timer is ON: inactive players will automatically lose when time's up. (requested by OssiGT)
|
|t:|1784633608
|teamsize|p1|4
|teamsize|p2|4
|start
|switch|p1a: Ceruledge|Ceruledge, L50, M|100/100
|switch|p1b: Incineroar|Incineroar, L50, F|100/100
|switch|p2a: Raichu|Raichu, L50, M|100/100
|switch|p2b: Mamoswine|Mamoswine, L50, F|100/100
|-ability|p1b: Incineroar|Intimidate|boost
|-unboost|p2a: Raichu|atk|1
|-fail|p2b: Mamoswine|unboost|Attack|[from] ability: Oblivious|[of] p2b: Mamoswine
|turn|1
|
|t:|1784633618
|detailschange|p2a: Raichu|Raichu-Mega-Y, L50, M
|-mega|p2a: Raichu|Raichu|Raichunite Y
|move|p1b: Incineroar|Fake Out|p2b: Mamoswine
|-damage|p2b: Mamoswine|88/100
|move|p2a: Raichu|Zap Cannon|p1a: Ceruledge
|-damage|p1a: Ceruledge|38/100
|-status|p1a: Ceruledge|par
|cant|p2b: Mamoswine|flinch
|move|p1a: Ceruledge|Bulk Up|p1a: Ceruledge
|-boost|p1a: Ceruledge|atk|1
|-boost|p1a: Ceruledge|def|1
|
|upkeep
|turn|2
|inactive|OssiGT has 30 seconds left.
|inactive|FreezyPop439 has 30 seconds left.
|
|t:|1784633646
|move|p1a: Ceruledge|Protect|p1a: Ceruledge
|-singleturn|p1a: Ceruledge|Protect
|move|p2a: Raichu|Focus Blast|p1b: Incineroar
|-supereffective|p1b: Incineroar|1
|-damage|p1b: Incineroar|24/100
|-unboost|p1b: Incineroar|spd|1
|-enditem|p1b: Incineroar|Sitrus Berry|[eat]
|-heal|p1b: Incineroar|49/100|[from] item: Sitrus Berry
|move|p2b: Mamoswine|High Horsepower|p1a: Ceruledge
|-activate|p1a: Ceruledge|move: Protect
|move|p1b: Incineroar|Parting Shot|p2a: Raichu
|-unboost|p2a: Raichu|atk|1
|-unboost|p2a: Raichu|spa|1
|
|t:|1784633659
|switch|p1b: Sinistcha|Sinistcha, L50|100/100|[from] Parting Shot
|-heal|p1a: Ceruledge|63/100 par|[from] ability: Hospitality|[of] p1b: Sinistcha
|
|upkeep
|turn|3
|
|t:|1784633679
|switch|p2a: Clefable|Clefable, L50, F|100/100
|move|p2b: Mamoswine|Protect|p2b: Mamoswine
|-singleturn|p2b: Mamoswine|Protect
|move|p1b: Sinistcha|Rage Powder|p1b: Sinistcha
|-singleturn|p1b: Sinistcha|move: Rage Powder
|move|p1a: Ceruledge|Bitter Blade|p2b: Mamoswine
|-activate|p2b: Mamoswine|move: Protect
|
|upkeep
|turn|4
|inactive|FreezyPop439 has 30 seconds left.
|
|t:|1784633705
|cant|p1a: Ceruledge|par
|move|p2a: Clefable|Follow Me|p2a: Clefable
|-singleturn|p2a: Clefable|move: Follow Me
|move|p2b: Mamoswine|Icicle Crash|p1b: Sinistcha
|-supereffective|p1b: Sinistcha|1
|-damage|p1b: Sinistcha|2/100
|-damage|p2b: Mamoswine|78/100|[from] item: Life Orb
|move|p1b: Sinistcha|Matcha Gotcha|p2b: Mamoswine|[spread] p2a,p2b
|-supereffective|p2b: Mamoswine|1
|-damage|p2a: Clefable|79/100
|-heal|p1b: Sinistcha|14/100|[from] drain|[of] p2a: Clefable
|-damage|p2b: Mamoswine|3/100
|-heal|p1b: Sinistcha|53/100|[from] drain|[of] p2b: Mamoswine
|
|upkeep
|turn|5
|
|t:|1784633726
|move|p1b: Sinistcha|Protect|p1b: Sinistcha
|-singleturn|p1b: Sinistcha|Protect
|move|p2a: Clefable|Follow Me|p2a: Clefable
|-singleturn|p2a: Clefable|move: Follow Me
|move|p2b: Mamoswine|Icicle Crash|p1b: Sinistcha
|-activate|p1b: Sinistcha|move: Protect
|move|p1a: Ceruledge|Bitter Blade|p2a: Clefable
|-damage|p2a: Clefable|34/100
|-heal|p1a: Ceruledge|88/100 par|[from] drain|[of] p2a: Clefable
|-enditem|p2a: Clefable|Sitrus Berry|[eat]
|-heal|p2a: Clefable|58/100|[from] item: Sitrus Berry
|
|upkeep
|turn|6
|inactive|OssiGT has 30 seconds left.
|
|t:|1784633752
|switch|p1b: Incineroar|Incineroar, L50, F|49/100
|-ability|p1b: Incineroar|Intimidate|boost
|-unboost|p2a: Clefable|atk|1
|-fail|p2b: Mamoswine|unboost|Attack|[from] ability: Oblivious|[of] p2b: Mamoswine
|move|p2a: Clefable|Follow Me|p2a: Clefable
|-singleturn|p2a: Clefable|move: Follow Me
|move|p2b: Mamoswine|High Horsepower|p1a: Ceruledge
|-supereffective|p1a: Ceruledge|1
|-damage|p1a: Ceruledge|0 fnt
|faint|p1a: Ceruledge
|-damage|p2b: Mamoswine|0 fnt|[from] item: Life Orb
|faint|p2b: Mamoswine
|
|upkeep
|
|t:|1784633769
|switch|p2b: Raichu|Raichu-Mega-Y, L50, M|100/100
|switch|p1a: Raichu|Raichu, L50, F|100/100
|turn|7
|inactive|FreezyPop439 has 30 seconds left.
|inactive|FreezyPop439 has 20 seconds left.
|inactive|FreezyPop439 has 15 seconds left.
|
|t:|1784633810
|detailschange|p1a: Raichu|Raichu-Mega-Y, L50, F
|-mega|p1a: Raichu|Raichu|Raichunite Y
|move|p2b: Raichu|Protect|p2b: Raichu
|-singleturn|p2b: Raichu|Protect
|move|p1a: Raichu|Zap Cannon|p2a: Clefable
|-damage|p2a: Clefable|2/100
|-status|p2a: Clefable|par
|move|p1b: Incineroar|Parting Shot|p2b: Raichu
|-activate|p2b: Raichu|move: Protect
|move|p2a: Clefable|Moonblast|p1a: Raichu
|-damage|p1a: Raichu|57/100
|
|upkeep
|turn|8
|inactive|FreezyPop439 has 30 seconds left.
|
|t:|1784633842
|switch|p2b: Kingambit|Kingambit, L50, F|100/100
|switch|p1b: Sinistcha|Sinistcha, L50|53/100
|-heal|p1a: Raichu|82/100|[from] ability: Hospitality|[of] p1b: Sinistcha
|move|p1a: Raichu|Protect|p1a: Raichu
|-singleturn|p1a: Raichu|Protect
|move|p2a: Clefable|Moonblast|p1a: Raichu
|-activate|p1a: Raichu|move: Protect
|
|upkeep
|turn|9
|
|t:|1784633866
|move|p2a: Clefable|Follow Me|p2a: Clefable
|-singleturn|p2a: Clefable|move: Follow Me
|move|p1a: Raichu|Zap Cannon|p2a: Clefable
|-damage|p2a: Clefable|0 fnt
|faint|p2a: Clefable
|move|p2b: Kingambit|Kowtow Cleave|p1b: Sinistcha
|-supereffective|p1b: Sinistcha|1
|-crit|p1b: Sinistcha
|-damage|p1b: Sinistcha|0 fnt
|faint|p1b: Sinistcha
|
|upkeep
|
|t:|1784633870
|switch|p2a: Raichu|Raichu-Mega-Y, L50, M|100/100
|switch|p1b: Incineroar|Incineroar, L50, F|49/100
|-ability|p1b: Incineroar|Intimidate|boost
|-unboost|p2a: Raichu|atk|1
|-unboost|p2b: Kingambit|atk|1
|-ability|p2b: Kingambit|Defiant|boost
|-boost|p2b: Kingambit|atk|2
|turn|10
|
|t:|1784633885
|move|p2a: Raichu|Fake Out|p1b: Incineroar
|-damage|p1b: Incineroar|45/100
|move|p1a: Raichu|Focus Blast|p2b: Kingambit
|-supereffective|p2b: Kingambit|2
|-enditem|p2b: Kingambit|Focus Sash
|-damage|p2b: Kingambit|1/100
|move|p2b: Kingambit|Kowtow Cleave|p1a: Raichu
|-damage|p1a: Raichu|0 fnt
|faint|p1a: Raichu
|cant|p1b: Incineroar|flinch
|
|upkeep
|turn|11
|
|t:|1784633898
|move|p2a: Raichu|Focus Blast|p1b: Incineroar
|-supereffective|p1b: Incineroar|1
|-damage|p1b: Incineroar|0 fnt
|faint|p1b: Incineroar
|
|win|FreezyPop439
|raw|OssiGT's rating: 1287 → 1268(-19 for losing)
|raw|FreezyPop439's rating: 1373 → 1388(+15 for winning)
