|j|☆foosrodah
|j|☆Jaden_Copeland
|html|foosrodahJaden_Copeland    
|uhtml|bestof|Game 2 of a best-of-3
|t:|1754184982
|gametype|doubles
|player|p1|foosrodah|1|1270
|player|p2|Jaden_Copeland|lucas-gen4pt|1157
|gen|9
|tier|[Gen 9] VGC 2025 Reg H (Bo3)
|rated|
|rule|Species Clause: Limit one of each Pokémon
|rule|Item Clause: Limit 1 of each item
|clearpoke
|poke|p1|Grimmsnarl, L50, M|
|poke|p1|Annihilape, L50, F|
|poke|p1|Maushold, L50|
|poke|p1|Pelipper, L50, M|
|poke|p1|Archaludon, L50, F|
|poke|p1|Sinistcha, L50|
|poke|p2|Dragonite, L50, M|
|poke|p2|Ursaluna-Bloodmoon, L50, M|
|poke|p2|Gholdengo, L50|
|poke|p2|Incineroar, L50, M|
|poke|p2|Porygon2, L50|
|poke|p2|Amoonguss, L50, F|
|teampreview|4
|showteam|p1|Grimmsnarl||LightClay|Prankster|Reflect,LightScreen,ThunderWave,SpiritBreak|||M|||50|,,,,,Ghost]Annihilape||SpellTag|Defiant|BulkUp,Protect,DrainPunch,RageFist|||F|||50|,,,,,Fire]Maushold||SafetyGoggles|FriendGuard|BeatUp,Taunt,FollowMe,Protect||||||50|,,,,,Ghost]Pelipper||FocusSash|Drizzle|Hurricane,WeatherBall,Tailwind,Protect|||M|||50|,,,,,Stellar]Archaludon||AssaultVest|Stamina|ElectroShot,DracoMeteor,Snarl,BodyPress|||F|||50|,,,,,Grass]Sinistcha||SitrusBerry|Hospitality|LifeDew,TrickRoom,StrengthSap,MatchaGotcha||||||50|,,,,,Water
|showteam|p2|Dragonite||LoadedDice|Multiscale|ScaleShot,Haze,Tailwind,Protect|||M|||50|,,,,,Fairy]Ursaluna-Bloodmoon||AssaultVest|MindsEye|BloodMoon,EarthPower,HyperVoice,VacuumWave|||M|||50|,,,,,Water]Gholdengo||LifeOrb|GoodasGold|MakeItRain,ShadowBall,NastyPlot,Protect||||||50|,,,,,Water]Incineroar||SafetyGoggles|Intimidate|FlareBlitz,KnockOff,FakeOut,PartingShot|||M|||50|,,,,,Ghost]Porygon2||Eviolite|Download|TeraBlast,IceBeam,Recover,TrickRoom||||||50|,,,,,Fighting]Amoonguss||SitrusBerry|Regenerator|PollenPuff,RagePowder,Spore,Protect|||F|||50|,,,,,Dark
|inactive|Battle timer is ON: inactive players will automatically lose when time's up. (requested by Jaden_Copeland)
|
|t:|1754185004
|teamsize|p1|4
|teamsize|p2|4
|start
|switch|p1a: Maushold|Maushold, L50|100/100
|switch|p1b: Archaludon|Archaludon, L50, F|100/100
|switch|p2a: Drake|Dragonite, L50, M|100/100
|switch|p2b: Portobello|Amoonguss, L50, F, shiny|100/100
|turn|1
|
|t:|1754185019
|-terastallize|p1b: Archaludon|Grass
|move|p2b: Portobello|Protect|p2b: Portobello
|-singleturn|p2b: Portobello|Protect
|move|p1a: Maushold|Beat Up|p1b: Archaludon
|-damage|p1b: Archaludon|99/100
|-ability|p1b: Archaludon|Stamina|boost
|-boost|p1b: Archaludon|def|1
|-damage|p1b: Archaludon|98/100
|-ability|p1b: Archaludon|Stamina|boost
|-boost|p1b: Archaludon|def|1
|-damage|p1b: Archaludon|98/100
|-ability|p1b: Archaludon|Stamina|boost
|-boost|p1b: Archaludon|def|1
|-damage|p1b: Archaludon|97/100
|-ability|p1b: Archaludon|Stamina|boost
|-boost|p1b: Archaludon|def|1
|-hitcount|p1b: Archaludon|4
|move|p2a: Drake|Tailwind|p2a: Drake
|-sidestart|p2: Jaden_Copeland|move: Tailwind
|move|p1b: Archaludon|Snarl|p2b: Portobello|[spread] p2a
|-activate|p2b: Portobello|move: Protect
|-damage|p2a: Drake|94/100
|-unboost|p2a: Drake|spa|1
|
|upkeep
|turn|2
|inactive|Jaden_Copeland has 30 seconds left.
|
|t:|1754185047
|switch|p1a: Pelipper|Pelipper, L50, M|100/100
|-weather|RainDance|[from] ability: Drizzle|[of] p1a: Pelipper
|move|p2a: Drake|Scale Shot|p1a: Pelipper
|-crit|p1a: Pelipper
|-damage|p1a: Pelipper|72/100
|-damage|p1a: Pelipper|53/100
|-damage|p1a: Pelipper|35/100
|-damage|p1a: Pelipper|15/100
|-damage|p1a: Pelipper|0 fnt
|faint|p1a: Pelipper
|-hitcount|p1: Pelipper|5
|-unboost|p2a: Drake|def|1
|-boost|p2a: Drake|spe|1
|move|p2b: Portobello|Pollen Puff|p2a: Drake
|-heal|p2a: Drake|100/100
|move|p1b: Archaludon|Electro Shot||[still]
|-prepare|p1b: Archaludon|Electro Shot
|-boost|p1b: Archaludon|spa|1
|-anim|p1b: Archaludon|Electro Shot|p2a: Drake
|-damage|p2a: Drake|72/100
|
|-weather|RainDance|[upkeep]
|upkeep
|
|t:|1754185059
|switch|p1a: Maushold|Maushold, L50|100/100
|turn|3
|
|t:|1754185077
|move|p1a: Maushold|Protect|p1a: Maushold
|-singleturn|p1a: Maushold|Protect
|move|p2a: Drake|Scale Shot|p1a: Maushold
|-activate|p1a: Maushold|move: Protect
|move|p2b: Portobello|Pollen Puff|p2a: Drake
|-heal|p2a: Drake|100/100
|move|p1b: Archaludon|Electro Shot||[still]
|-prepare|p1b: Archaludon|Electro Shot
|-boost|p1b: Archaludon|spa|1
|-anim|p1b: Archaludon|Electro Shot|p2a: Drake
|-damage|p2a: Drake|60/100
|
|-weather|RainDance|[upkeep]
|upkeep
|turn|4
|
|t:|1754185093
|switch|p1a: Sinistcha|Sinistcha, L50|100/100
|-heal|p1b: Archaludon|100/100|[from] ability: Hospitality|[of] p1a: Sinistcha
|move|p2a: Drake|Scale Shot|p1a: Sinistcha
|-damage|p1a: Sinistcha|89/100
|-damage|p1a: Sinistcha|75/100
|-damage|p1a: Sinistcha|63/100
|-damage|p1a: Sinistcha|50/100
|-enditem|p1a: Sinistcha|Sitrus Berry|[eat]
|-heal|p1a: Sinistcha|75/100|[from] item: Sitrus Berry
|-hitcount|p1a: Sinistcha|4
|-unboost|p2a: Drake|def|1
|-boost|p2a: Drake|spe|1
|move|p2b: Portobello|Pollen Puff|p2a: Drake
|-heal|p2a: Drake|100/100
|move|p1b: Archaludon|Body Press|p2a: Drake
|-resisted|p2a: Drake
|-damage|p2a: Drake|60/100
|
|-weather|RainDance|[upkeep]
|-sideend|p2: Jaden_Copeland|move: Tailwind
|upkeep
|turn|5
|inactive|foosrodah has 30 seconds left.
|inactive|Jaden_Copeland has 30 seconds left.
|
|t:|1754185127
|move|p2a: Drake|Scale Shot|p1a: Sinistcha
|-damage|p1a: Sinistcha|61/100
|-damage|p1a: Sinistcha|48/100
|-damage|p1a: Sinistcha|36/100
|-damage|p1a: Sinistcha|22/100
|-damage|p1a: Sinistcha|9/100
|-hitcount|p1a: Sinistcha|5
|-unboost|p2a: Drake|def|1
|-boost|p2a: Drake|spe|1
|move|p1b: Archaludon|Draco Meteor|p2a: Drake
|-supereffective|p2a: Drake
|-damage|p2a: Drake|0 fnt
|-unboost|p1b: Archaludon|spa|2
|faint|p2a: Drake
|move|p1a: Sinistcha|Life Dew||[still]|[spread] p1a,p1b
|-heal|p1a: Sinistcha|34/100
|-fail|p1b: Archaludon|heal
|move|p2b: Portobello|Pollen Puff|p2: Drake|[notarget]
|-fail|p2b: Portobello
|
|-weather|RainDance|[upkeep]
|upkeep
|
|t:|1754185148
|switch|p2a: Eldlich|Gholdengo, L50|100/100
|turn|6
|
|t:|1754185170
|switch|p1a: Maushold|Maushold, L50|100/100
|move|p1b: Archaludon|Electro Shot||[still]
|-prepare|p1b: Archaludon|Electro Shot
|-boost|p1b: Archaludon|spa|1
|-anim|p1b: Archaludon|Electro Shot|p2a: Eldlich
|-damage|p2a: Eldlich|41/100
|move|p2a: Eldlich|Nasty Plot|p2a: Eldlich
|-boost|p2a: Eldlich|spa|2
|move|p2b: Portobello|Pollen Puff|p2a: Eldlich
|-heal|p2a: Eldlich|91/100
|
|-weather|none
|upkeep
|turn|7
|inactive|Jaden_Copeland has 30 seconds left.
|
|t:|1754185197
|move|p1a: Maushold|Protect|p1a: Maushold
|-singleturn|p1a: Maushold|Protect
|move|p2b: Portobello|Rage Powder|p2b: Portobello
|-singleturn|p2b: Portobello|move: Rage Powder
|move|p2a: Eldlich|Make It Rain|p1b: Archaludon|[spread] p1b
|-activate|p1a: Maushold|move: Protect
|-damage|p1b: Archaludon|29/100
|-unboost|p2a: Eldlich|spa|1
|-ability|p1b: Archaludon|Stamina|boost
|-boost|p1b: Archaludon|def|1
|-damage|p2a: Eldlich|81/100|[from] item: Life Orb
|move|p1b: Archaludon|Snarl|p2a: Eldlich|[spread] p2a,p2b
|-supereffective|p2a: Eldlich
|-damage|p2a: Eldlich|42/100
|-damage|p2b: Portobello|86/100
|-unboost|p2a: Eldlich|spa|1
|-unboost|p2b: Portobello|spa|1
|
|upkeep
|turn|8
|
|t:|1754185222
|move|p2b: Portobello|Rage Powder|p2b: Portobello
|-singleturn|p2b: Portobello|move: Rage Powder
|move|p1a: Maushold|Beat Up|p2a: Eldlich
|-supereffective|p2a: Eldlich
|-damage|p2a: Eldlich|38/100
|-supereffective|p2a: Eldlich
|-damage|p2a: Eldlich|33/100
|-supereffective|p2a: Eldlich
|-damage|p2a: Eldlich|29/100
|-hitcount|p2a: Eldlich|3
|move|p2a: Eldlich|Make It Rain|p1a: Maushold|[spread] p1a,p1b
|-damage|p1a: Maushold|17/100
|-damage|p1b: Archaludon|0 fnt
|-unboost|p2a: Eldlich|spa|1
|faint|p1b: Archaludon
|-damage|p2a: Eldlich|19/100|[from] item: Life Orb
|
|upkeep
|
|t:|1754185235
|switch|p1b: Sinistcha|Sinistcha, L50|34/100
|-heal|p1a: Maushold|41/100|[from] ability: Hospitality|[of] p1b: Sinistcha
|turn|9
|-message|foosrodah forfeited.
|
|win|Jaden_Copeland
|raw|foosrodah's rating: 1270 → 1237(-33 for losing)
|raw|Jaden_Copeland's rating: 1157 → 1190(+33 for winning)
|l|☆foosrodah
|player|p1|
