|j|☆x-demon18
|j|☆Harbinger Aegis
|html|x-demon18Harbinger Aegis    
|uhtml|bestof|Game 2 of a best-of-3
|t:|1784775580
|gametype|doubles
|player|p1|x-demon18|lucas|1042
|player|p2|Harbinger Aegis|170|1000
|gen|9
|tier|[Gen 9 Champions] VGC 2026 Reg M-B (Bo3)
|rated|
|rule|Species Clause: Limit one of each Pokémon
|rule|Item Clause: Limit 1 of each item
|clearpoke
|poke|p1|Incineroar, L50, M|
|poke|p1|Rotom-Wash, L50|
|poke|p1|Venusaur, L50, M|
|poke|p1|Corviknight, L50, M|
|poke|p1|Sylveon, L50, F|
|poke|p1|Garchomp, L50, M|
|poke|p2|Floette-Eternal, L50, F|
|poke|p2|Volcarona, L50, M|
|poke|p2|Tyranitar, L50, M|
|poke|p2|Excadrill, L50, F|
|poke|p2|Staraptor, L50, M|
|poke|p2|Sinistcha, L50|
|teampreview|4
|showteam|p1|Incineroar||ExpertBelt|Intimidate|FakeOut,TemperFlare,ThroatChop,PartingShot|Adamant||M|||50|]Rotom-Wash||RindoBerry|Levitate|HydroPump,Electroweb,WillOWisp,VoltSwitch|Modest|||||50|]Venusaur||Venusaurite|Chlorophyll|GigaDrain,SludgeBomb,EarthPower,Protect|Modest||M|||50|]Corviknight||OccaBerry|MirrorArmor|Tailwind,DualWingbeat,IronHead,BodyPress|Adamant||M|||50|]Sylveon||FairyFeather|Pixilate|HyperVoice,QuickAttack,Yawn,Detect|Modest||F|||50|]Garchomp||LifeOrb|RoughSkin|RockSlide,DragonClaw,StompingTantrum,Protect|Jolly||M|||50|
|showteam|p2|Floette-Eternal||Floettite|FlowerVeil|DazzlingGleam,Moonblast,CalmMind,Protect|Quiet||F|||50|]Volcarona||SitrusBerry|FlameBody|HeatWave,GigaDrain,QuiverDance,Protect|Modest||M|||50|]Tyranitar||ChoiceScarf|SandStream|RockSlide,KnockOff,Superpower,IcePunch|Jolly||M|||50|]Excadrill||FocusSash|SandRush|Earthquake,IronHead,HighHorsepower,Protect|Jolly||F|||50|]Staraptor||Staraptite|Intimidate|BraveBird,CloseCombat,Tailwind,Protect|Jolly||M|||50|]Sinistcha||KasibBerry|Hospitality|MatchaGotcha,RagePowder,TrickRoom,Protect|Bold|||||50|
|
|t:|1784775594
|teamsize|p1|4
|teamsize|p2|4
|start
|switch|p1a: Griffith|Corviknight, L50, M|100/100
|switch|p1b: HydroVolt|Rotom-Wash, L50|100/100
|switch|p2a: Excadrill|Excadrill, L50, F|100/100
|switch|p2b: Volcarona|Volcarona, L50, M|100/100
|turn|1
|
|t:|1784775622
|switch|p2a: Tyranitar|Tyranitar, L50, M|100/100
|-weather|Sandstorm|[from] ability: Sand Stream|[of] p2a: Tyranitar
|move|p2b: Volcarona|Quiver Dance|p2b: Volcarona
|-boost|p2b: Volcarona|spa|1
|-boost|p2b: Volcarona|spd|1
|-boost|p2b: Volcarona|spe|1
|move|p1b: HydroVolt|Hydro Pump|p2b: Volcarona
|-supereffective|p2b: Volcarona|1
|-damage|p2b: Volcarona|43/100
|-enditem|p2b: Volcarona|Sitrus Berry|[eat]
|-heal|p2b: Volcarona|68/100|[from] item: Sitrus Berry
|move|p1a: Griffith|Dual Wingbeat|p2b: Volcarona
|-supereffective|p2b: Volcarona|1
|-damage|p2b: Volcarona|33/100
|-status|p1a: Griffith|brn|[from] ability: Flame Body|[of] p2b: Volcarona
|-supereffective|p2b: Volcarona|1
|-damage|p2b: Volcarona|16/100
|-hitcount|p2b: Volcarona|2
|
|-weather|Sandstorm|[upkeep]
|-damage|p2b: Volcarona|10/100|[from] Sandstorm
|-damage|p1b: HydroVolt|94/100|[from] Sandstorm
|-damage|p1a: Griffith|94/100 brn|[from] brn
|upkeep
|turn|2
|
|t:|1784775652
|move|p2b: Volcarona|Giga Drain|p1b: HydroVolt
|-supereffective|p1b: HydroVolt|1
|-enditem|p1b: HydroVolt|Rindo Berry|[eat]
|-enditem|p1b: HydroVolt|Rindo Berry|[weaken]
|-damage|p1b: HydroVolt|57/100
|-heal|p2b: Volcarona|25/100|[from] drain|[of] p1b: HydroVolt
|move|p2a: Tyranitar|Rock Slide|p1b: HydroVolt|[spread] p1a,p1b
|-damage|p1a: Griffith|69/100 brn
|-damage|p1b: HydroVolt|26/100
|cant|p1b: HydroVolt|flinch
|cant|p1a: Griffith|flinch
|
|-weather|Sandstorm|[upkeep]
|-damage|p2b: Volcarona|19/100|[from] Sandstorm
|-damage|p1b: HydroVolt|20/100y|[from] Sandstorm
|-damage|p1a: Griffith|63/100 brn|[from] brn
|upkeep
|turn|3
|
|t:|1784775674
|switch|p1b: Frieren|Sylveon, L50, F|100/100
|move|p2b: Volcarona|Heat Wave|p1a: Griffith|[spread] p1a,p1b
|-supereffective|p1a: Griffith|1
|-enditem|p1a: Griffith|Occa Berry|[eat]
|-enditem|p1a: Griffith|Occa Berry|[weaken]
|-damage|p1a: Griffith|19/100 brn
|-damage|p1b: Frieren|60/100
|move|p2a: Tyranitar|Rock Slide|p1a: Griffith|[spread] p1a,p1b
|-damage|p1a: Griffith|0 fnt
|-damage|p1b: Frieren|32/100
|faint|p1a: Griffith
|
|-weather|Sandstorm|[upkeep]
|-damage|p2b: Volcarona|14/100|[from] Sandstorm
|-damage|p1b: Frieren|26/100|[from] Sandstorm
|upkeep
|
|t:|1784775690
|switch|p1a: Berserk|Garchomp, L50, M|100/100
|turn|4
|
|t:|1784775701
|switch|p2a: Excadrill|Excadrill, L50, F|100/100
|move|p1b: Frieren|Quick Attack|p2b: Volcarona
|-resisted|p2b: Volcarona|1
|-damage|p2b: Volcarona|7/100
|move|p2b: Volcarona|Heat Wave|p1b: Frieren|[spread] p1a,p1b
|-resisted|p1a: Berserk|1
|-damage|p1a: Berserk|74/100
|-damage|p1b: Frieren|0 fnt
|faint|p1b: Frieren
|move|p1a: Berserk|Stomping Tantrum|p2a: Excadrill
|-supereffective|p2a: Excadrill|1
|-enditem|p2a: Excadrill|Focus Sash
|-damage|p2a: Excadrill|1/100
|-damage|p1a: Berserk|64/100|[from] item: Life Orb
|
|-weather|Sandstorm|[upkeep]
|-damage|p2b: Volcarona|2/100|[from] Sandstorm
|upkeep
|
|t:|1784775719
|switch|p1b: HydroVolt|Rotom-Wash, L50|20/100y
|turn|5
|
|t:|1784775729
|move|p2a: Excadrill|Protect|p2a: Excadrill
|-singleturn|p2a: Excadrill|Protect
|move|p2b: Volcarona|Giga Drain|p1b: HydroVolt
|-supereffective|p1b: HydroVolt|1
|-damage|p1b: HydroVolt|0 fnt
|-heal|p2b: Volcarona|10/100|[from] drain|[of] p1b: HydroVolt
|faint|p1b: HydroVolt
|move|p1a: Berserk|Rock Slide|p2b: Volcarona|[spread] p2b
|-activate|p2a: Excadrill|move: Protect
|-supereffective|p2b: Volcarona|2
|-damage|p2b: Volcarona|0 fnt
|faint|p2b: Volcarona
|-damage|p1a: Berserk|55/100|[from] item: Life Orb
|
|-weather|none
|upkeep
|
|t:|1784775735
|switch|p2b: Tyranitar|Tyranitar, L50, M|100/100
|-weather|Sandstorm|[from] ability: Sand Stream|[of] p2b: Tyranitar
|turn|6
|
|t:|1784775750
|move|p2a: Excadrill|Iron Head|p1a: Berserk
|-crit|p1a: Berserk
|-damage|p1a: Berserk|0 fnt
|-damage|p2a: Excadrill|0 fnt|[from] ability: Rough Skin|[of] p1a: Berserk
|faint|p1a: Berserk
|faint|p2a: Excadrill
|
|win|Harbinger Aegis
|inactive|x-demon18 has 30 seconds to confirm battle start!
|inactive|Harbinger Aegis has 30 seconds to confirm battle start!
||Harbinger Aegis is ready for game 3.
|l|☆x-demon18
|player|p1|
|inactive|x-demon18 has 20 seconds to confirm battle start!
||x-demon18 is ready for game 3.
|uhtml|next|Next: Game 3 of 3
