|j|☆olciax34
|j|☆tmjp01
|html|olciax34tmjp01    
|uhtml|bestof|Game 3 of a best-of-3
|t:|1782244444
|gametype|doubles
|player|p1|olciax34|170|1220
|player|p2|tmjp01|169|1157
|gen|9
|tier|[Gen 9 Champions] VGC 2026 Reg M-B (Bo3)
|rated|
|rule|Species Clause: Limit one of each Pokémon
|rule|Item Clause: Limit 1 of each item
|clearpoke
|poke|p1|Garchomp, L50, M|
|poke|p1|Gholdengo, L50|
|poke|p1|Whimsicott, L50, M|
|poke|p1|Incineroar, L50, F|
|poke|p1|Kangaskhan, L50, F|
|poke|p1|Charizard, L50, M|
|poke|p2|Corviknight, L50, F|
|poke|p2|Tyranitar, L50, M|
|poke|p2|Hydreigon, L50, M|
|poke|p2|Froslass, L50, F|
|poke|p2|Garchomp, L50, M|
|poke|p2|Arcanine-Hisui, L50, F|
|teampreview|4
|showteam|p1|Garchomp||LifeOrb|RoughSkin|Earthquake,RockSlide,DragonClaw,Protect|Jolly||M|||50|]Gholdengo||SpellTag|GoodasGold|MakeItRain,ShadowBall,NastyPlot,Protect|Modest|||||50|]Whimsicott||FocusSash|Prankster|Moonblast,Tailwind,Encore,Protect|Timid||M|||50|]Incineroar||SitrusBerry|Intimidate|FakeOut,ThroatChop,FlareBlitz,PartingShot|Careful||F|||50|]Kangaskhan||Kangaskhanite|Scrappy|FakeOut,IcePunch,LowKick,DoubleEdge|Adamant||F|||50|]Charizard||CharizarditeY|SolarPower|HeatWave,WeatherBall,SolarBeam,Protect|Modest||M|||50|
|showteam|p2|Corviknight||OccaBerry|MirrorArmor|BraveBird,Protect,IronHead,Tailwind|Adamant||F|||50|]Tyranitar||Tyranitarite|SandStream|Protect,KnockOff,RockSlide,DragonDance|Adamant||M|||50|]Hydreigon||ChoiceScarf|Levitate|DarkPulse,DracoMeteor,EarthPower,ZenHeadbutt|Timid||M|||50|]Froslass||Froslassite|SnowCloak|Blizzard,Protect,ShadowBall,WeatherBall|Timid||F|||50|]Garchomp||LifeOrb|RoughSkin|Protect,DragonClaw,RockSlide,Earthquake|Jolly||M|||50|]Arcanine-Hisui||FocusSash|RockHead|Protect,HeadSmash,ExtremeSpeed,FlareBlitz|Adamant||F|||50|
|
|t:|1782244497
|teamsize|p1|4
|teamsize|p2|4
|start
|switch|p1a: Garchomp|Garchomp, L50, M|100/100
|switch|p1b: Incineroar|Incineroar, L50, F|100/100
|switch|p2a: Corviknight|Corviknight, L50, F|100/100
|switch|p2b: Arcanine|Arcanine-Hisui, L50, F|100/100
|-ability|p1b: Incineroar|Intimidate|boost
|-ability|p2a: Corviknight|Mirror Armor
|-unboost|p1b: Incineroar|atk|1
|-unboost|p2b: Arcanine|atk|1
|turn|1
|inactive|Battle timer is ON: inactive players will automatically lose when time's up. (requested by olciax34)
|
|t:|1782244522
|switch|p1b: Whimsicott|Whimsicott, L50, M|100/100
|move|p2b: Arcanine|Protect|p2b: Arcanine
|-singleturn|p2b: Arcanine|Protect
|move|p2a: Corviknight|Protect|p2a: Corviknight
|-singleturn|p2a: Corviknight|Protect
|move|p1a: Garchomp|Rock Slide|p2b: Arcanine|[spread] 
|-activate|p2a: Corviknight|move: Protect
|-activate|p2b: Arcanine|move: Protect
|
|upkeep
|turn|2
|
|t:|1782244544
|move|p1b: Whimsicott|Encore|p2b: Arcanine
|-start|p2b: Arcanine|Encore
|move|p2b: Arcanine|Protect|p2b: Arcanine
|-singleturn|p2b: Arcanine|Protect
|move|p1a: Garchomp|Rock Slide|p2a: Corviknight|[spread] p2a
|-activate|p2b: Arcanine|move: Protect
|-damage|p2a: Corviknight|79/100
|-damage|p1a: Garchomp|90/100|[from] item: Life Orb
|move|p2a: Corviknight|Brave Bird|p1b: Whimsicott
|-supereffective|p1b: Whimsicott|1
|-enditem|p1b: Whimsicott|Focus Sash
|-damage|p1b: Whimsicott|1/100
|-damage|p2a: Corviknight|58/100|[from] Recoil
|
|upkeep
|turn|3
|inactive|olciax34 has 30 seconds left.
|
|t:|1782244578
|switch|p1b: Incineroar|Incineroar, L50, F|100/100
|-ability|p1b: Incineroar|Intimidate|boost
|-ability|p2a: Corviknight|Mirror Armor
|-unboost|p1b: Incineroar|atk|1
|-unboost|p2b: Arcanine|atk|1
|switch|p1a: Kangaskhan|Kangaskhan, L50, F|100/100
|switch|p2b: Garchomp|Garchomp, L50, M|100/100
|move|p2a: Corviknight|Tailwind|p2a: Corviknight
|-sidestart|p2: tmjp01|move: Tailwind
|
|upkeep
|turn|4
|inactive|olciax34 has 30 seconds left.
|inactive|tmjp01 has 30 seconds left.
|inactive|olciax34 has 20 seconds left.
|inactive|olciax34 has 15 seconds left.
|
|t:|1782244620
|switch|p2a: Arcanine|Arcanine-Hisui, L50, F|100/100
|detailschange|p1a: Kangaskhan|Kangaskhan-Mega, L50, F
|-mega|p1a: Kangaskhan|Kangaskhan|Kangaskhanite
|move|p2b: Garchomp|Protect|p2b: Garchomp
|-singleturn|p2b: Garchomp|Protect
|move|p1a: Kangaskhan|Ice Punch|p2b: Garchomp
|-activate|p2b: Garchomp|move: Protect
|move|p1b: Incineroar|Flare Blitz|p2a: Arcanine
|-resisted|p2a: Arcanine|2
|-damage|p2a: Arcanine|90/100
|-damage|p1b: Incineroar|97/100|[from] Recoil
|
|upkeep
|turn|5
|inactive|olciax34 has 30 seconds left.
|inactive|tmjp01 has 30 seconds left.
|inactive|olciax34 has 20 seconds left.
|inactive|tmjp01 has 20 seconds left.
|inactive|olciax34 has 15 seconds left.
|inactive|tmjp01 has 15 seconds left.
|inactive|olciax34 has 10 seconds left.
|inactive|tmjp01 has 10 seconds left.
|inactive|olciax34 has 5 seconds left.
|
|t:|1782244673
|switch|p1a: Garchomp|Garchomp, L50, M|90/100
|move|p2b: Garchomp|Dragon Claw|p1a: Garchomp
|-supereffective|p1a: Garchomp|1
|-damage|p1a: Garchomp|0 fnt
|-damage|p2b: Garchomp|87/100|[from] ability: Rough Skin|[of] p1a: Garchomp
|faint|p1a: Garchomp
|-damage|p2b: Garchomp|78/100|[from] item: Life Orb
|move|p2a: Arcanine|Flare Blitz|p1b: Incineroar
|-resisted|p1b: Incineroar|1
|-damage|p1b: Incineroar|70/100
|move|p1b: Incineroar|Parting Shot|p2a: Arcanine
|-unboost|p2a: Arcanine|atk|1
|-unboost|p2a: Arcanine|spa|1
|
|t:|1782244690
|switch|p1b: Kangaskhan|Kangaskhan-Mega, L50, F|100/100|[from] Parting Shot
|
|upkeep
|
|t:|1782244696
|switch|p1a: Incineroar|Incineroar, L50, F|70/100
|-ability|p1a: Incineroar|Intimidate|boost
|-unboost|p2a: Arcanine|atk|1
|-unboost|p2b: Garchomp|atk|1
|turn|6
|
|t:|1782244718
|switch|p2a: Corviknight|Corviknight, L50, F|58/100
|switch|p1a: Whimsicott|Whimsicott, L50, M|1/100
|move|p2b: Garchomp|Protect|p2b: Garchomp
|-singleturn|p2b: Garchomp|Protect
|move|p1b: Kangaskhan|Low Kick|p2a: Corviknight
|-damage|p2a: Corviknight|37/100
|-damage|p2a: Corviknight|30/100
|-hitcount|p2a: Corviknight|2
|
|-sideend|p2: tmjp01|move: Tailwind
|upkeep
|turn|7
|
|t:|1782244741
|move|p1a: Whimsicott|Moonblast|p2a: Corviknight
|-resisted|p2a: Corviknight|1
|-damage|p2a: Corviknight|15/100
|move|p2b: Garchomp|Earthquake|p1b: Kangaskhan|[spread] p1a,p1b
|-immune|p2a: Corviknight
|-resisted|p1a: Whimsicott|1
|-damage|p1a: Whimsicott|0 fnt
|-damage|p1b: Kangaskhan|74/100
|faint|p1a: Whimsicott
|-damage|p2b: Garchomp|68/100|[from] item: Life Orb
|move|p1b: Kangaskhan|Low Kick|p2a: Corviknight
|-damage|p2a: Corviknight|0 fnt
|faint|p2a: Corviknight
|
|upkeep
|
|t:|1782244761
|switch|p1a: Incineroar|Incineroar, L50, F|70/100
|switch|p2a: Arcanine|Arcanine-Hisui, L50, F|90/100
|-ability|p1a: Incineroar|Intimidate|boost
|-unboost|p2a: Arcanine|atk|1
|-unboost|p2b: Garchomp|atk|1
|turn|8
|
|t:|1782244771
|move|p2b: Garchomp|Protect|p2b: Garchomp
|-singleturn|p2b: Garchomp|Protect
|move|p2a: Arcanine|Protect|p2a: Arcanine
|-singleturn|p2a: Arcanine|Protect
|move|p1a: Incineroar|Fake Out|p2a: Arcanine
|-activate|p2a: Arcanine|move: Protect
|move|p1b: Kangaskhan|Ice Punch|p2b: Garchomp
|-activate|p2b: Garchomp|move: Protect
|
|upkeep
|turn|9
|
|t:|1782244787
|move|p2b: Garchomp|Dragon Claw|p1a: Incineroar
|-damage|p1a: Incineroar|43/100
|-enditem|p1a: Incineroar|Sitrus Berry|[eat]
|-heal|p1a: Incineroar|68/100|[from] item: Sitrus Berry
|-damage|p2b: Garchomp|58/100|[from] item: Life Orb
|move|p2a: Arcanine|Head Smash|p1a: Incineroar
|-supereffective|p1a: Incineroar|1
|-damage|p1a: Incineroar|0 fnt
|faint|p1a: Incineroar
|move|p1b: Kangaskhan|Low Kick|p2a: Arcanine
|-supereffective|p2a: Arcanine|1
|-crit|p2a: Arcanine
|-damage|p2a: Arcanine|0 fnt
|faint|p2a: Arcanine
|
|upkeep
|
|t:|1782244797
|switch|p2a: Froslass|Froslass, L50, F|100/100
|turn|10
|
|t:|1782244804
|detailschange|p2a: Froslass|Froslass-Mega, L50, F
|-mega|p2a: Froslass|Froslass|Froslassite
|-weather|Snowscape|[from] ability: Snow Warning|[of] p2a: Froslass
|move|p2a: Froslass|Blizzard|p1b: Kangaskhan
|-damage|p1b: Kangaskhan|25/100
|move|p2b: Garchomp|Dragon Claw|p1b: Kangaskhan
|-damage|p1b: Kangaskhan|1/100
|-damage|p2b: Garchomp|48/100|[from] item: Life Orb
|move|p1b: Kangaskhan|Ice Punch|p2a: Froslass
|-resisted|p2a: Froslass|1
|-damage|p2a: Froslass|85/100
|-resisted|p2a: Froslass|1
|-damage|p2a: Froslass|82/100
|-hitcount|p2a: Froslass|2
|
|-weather|Snowscape|[upkeep]
|upkeep
|turn|11
|inactive|olciax34 has 30 seconds left.
|
|t:|1782244831
|move|p2a: Froslass|Blizzard|p1b: Kangaskhan
|-damage|p1b: Kangaskhan|0 fnt
|faint|p1b: Kangaskhan
|
|win|tmjp01
|raw|olciax34's rating: 1220 → 1191(-29 for losing)
|raw|tmjp01's rating: 1157 → 1186(+29 for winning)
|l|☆olciax34
|player|p1|
