|j|☆Stickyflex
|j|☆tk_feenix
|html|Stickyflextk_feenix    
|uhtml|bestof|Game 1 of a best-of-3
|t:|1757053351
|gametype|doubles
|player|p1|Stickyflex|101|1077
|player|p2|tk_feenix|steven|1124
|gen|9
|tier|[Gen 9] VGC 2025 Reg H (Bo3)
|rated|
|rule|Species Clause: Limit one of each Pokémon
|rule|Item Clause: Limit 1 of each item
|clearpoke
|poke|p1|Kommo-o, L50, M|
|poke|p1|Oricorio-Pom-Pom, L50, F|
|poke|p1|Volcarona, L50, M|
|poke|p1|Quaquaval, L50, M|
|poke|p1|Clefairy, L50, M|
|poke|p1|Lilligant, L50, F|
|poke|p2|Archaludon, L50, F|
|poke|p2|Gholdengo, L50|
|poke|p2|Pelipper, L50, F|
|poke|p2|Ursaluna, L50, F|
|poke|p2|Sinistcha, L50|
|poke|p2|Dragonite, L50, M|
|teampreview|4
|showteam|p1|Kommo-o||ThroatSpray|Overcoat|ClangingScales,ClangorousSoul,AuraSphere,FlashCannon|||M|||50|,,,,,Steel]Oricorio-Pom-Pom||SafetyGoggles|Dancer|Hurricane,BatonPass,Protect,RevelationDance|||F|||50|,,,,,Ground]Volcarona||CovertCloak|FlameBody|QuiverDance,FieryDance,BugBuzz,GigaDrain|||M|||50|,,,,,Grass]Quaquaval||LifeOrb|Moxie|AquaStep,CloseCombat,KnockOff,TripleAxel|||M|||50|,,,,,Water]Clefairy||Eviolite|FriendGuard|HelpingHand,Protect,FollowMe,IcyWind|||M|||50|,,,,,Water]Lilligant||FocusSash|OwnTempo|PollenPuff,PetalDance,SleepPowder,AfterYou|||F|||50|,,,,,Fairy
|showteam|p2|Archaludon||AssaultVest|Stamina|FlashCannon,ElectroShot,BodyPress,Snarl|||F|||50|,,,,,Fighting]Gholdengo||ChoiceScarf|GoodasGold|MakeItRain,ShadowBall,ThunderWave,Trick||||||50|,,,,,Flying]Pelipper||SafetyGoggles|Drizzle|WeatherBall,Hurricane,Tailwind,Protect|||F|||50|,,,,,Steel]Ursaluna||FlameOrb|Guts|Facade,HeadlongRush,Earthquake,Protect|||F|||50|,,,,,Dragon]Sinistcha||SitrusBerry|Hospitality|MatchaGotcha,LifeDew,RagePowder,TrickRoom||||||50|,,,,,Fire]Dragonite||LoadedDice|Multiscale|ScaleShot,Tailwind,Haze,Protect|||M|||50|,,,,,Fairy
|inactive|Battle timer is ON: inactive players will automatically lose when time's up. (requested by tk_feenix)
|inactive|Stickyflex has 60 seconds left.
|inactive|tk_feenix has 60 seconds left.
|
|t:|1757053403
|teamsize|p1|4
|teamsize|p2|4
|start
|switch|p1a: Kommo-o|Kommo-o, L50, M|100/100
|switch|p1b: Clefairy|Clefairy, L50, M|100/100
|switch|p2a: Dragonite|Dragonite, L50, M|100/100
|switch|p2b: Gholdengo|Gholdengo, L50|100/100
|turn|1
|inactive|tk_feenix has 30 seconds left.
|inactive|tk_feenix has 20 seconds left.
|inactive|tk_feenix has 15 seconds left.
|
|t:|1757053445
|-terastallize|p1a: Kommo-o|Steel
|move|p1b: Clefairy|Follow Me|p1b: Clefairy
|-singleturn|p1b: Clefairy|move: Follow Me
|move|p2b: Gholdengo|Make It Rain|p1b: Clefairy|[spread] p1a,p1b
|-resisted|p1a: Kommo-o
|-supereffective|p1b: Clefairy
|-damage|p1a: Kommo-o|83/100
|-damage|p1b: Clefairy|2/100
|-unboost|p2b: Gholdengo|spa|1
|move|p2a: Dragonite|Tailwind|p2a: Dragonite
|-sidestart|p2: tk_feenix|move: Tailwind
|move|p1a: Kommo-o|Clangorous Soul|p1a: Kommo-o
|-boost|p1a: Kommo-o|atk|1
|-boost|p1a: Kommo-o|def|1
|-boost|p1a: Kommo-o|spa|1
|-boost|p1a: Kommo-o|spd|1
|-boost|p1a: Kommo-o|spe|1
|-damage|p1a: Kommo-o|50/100
|-enditem|p1a: Kommo-o|Throat Spray
|-boost|p1a: Kommo-o|spa|1|[from] item: Throat Spray
|
|upkeep
|turn|2
|inactive|Stickyflex has 30 seconds left.
|
|t:|1757053475
|move|p1b: Clefairy|Follow Me|p1b: Clefairy
|-singleturn|p1b: Clefairy|move: Follow Me
|move|p2b: Gholdengo|Make It Rain|p1a: Kommo-o|[spread] p1a,p1b
|-resisted|p1a: Kommo-o
|-supereffective|p1b: Clefairy
|-damage|p1a: Kommo-o|42/100
|-damage|p1b: Clefairy|0 fnt
|-unboost|p2b: Gholdengo|spa|1
|faint|p1b: Clefairy
|move|p2a: Dragonite|Haze|p2a: Dragonite
|-clearallboost
|move|p1a: Kommo-o|Clanging Scales|p2b: Gholdengo|[spread] p2a,p2b
|-supereffective|p2a: Dragonite
|-resisted|p2b: Gholdengo
|-damage|p2a: Dragonite|57/100
|-damage|p2b: Gholdengo|77/100
|-unboost|p1a: Kommo-o|def|1
|
|upkeep
|
|t:|1757053497
|switch|p1b: Volcarona|Volcarona, L50, M|100/100
|turn|3
|
|t:|1757053505
|switch|p2b: Pelipper|Pelipper, L50, F|100/100
|-weather|RainDance|[from] ability: Drizzle|[of] p2b: Pelipper
|switch|p1a: Oricorio|Oricorio-Pom-Pom, L50, F|100/100
|move|p2a: Dragonite|Scale Shot|p1b: Volcarona
|-damage|p1b: Volcarona|80/100
|-damage|p1b: Volcarona|59/100
|-damage|p1b: Volcarona|36/100
|-damage|p1b: Volcarona|14/100
|-damage|p1b: Volcarona|0 fnt
|faint|p1b: Volcarona
|-hitcount|p1: Volcarona|5
|-unboost|p2a: Dragonite|def|1
|-boost|p2a: Dragonite|spe|1
|
|-weather|RainDance|[upkeep]
|upkeep
|
|t:|1757053524
|switch|p1b: Kommo-o|Kommo-o, L50, M, tera:Steel|42/100
|turn|4
|
|t:|1757053549
|switch|p2b: Archaludon|Archaludon, L50, F|100/100
|move|p2a: Dragonite|Protect|p2a: Dragonite
|-singleturn|p2a: Dragonite|Protect
|move|p1a: Oricorio|Revelation Dance|p2b: Archaludon
|-resisted|p2b: Archaludon
|-damage|p2b: Archaludon|88/100
|-ability|p2b: Archaludon|Stamina|boost
|-boost|p2b: Archaludon|def|1
|move|p1b: Kommo-o|Clanging Scales|p2a: Dragonite|[spread] p2b
|-activate|p2a: Dragonite|move: Protect
|-damage|p2b: Archaludon|61/100
|-ability|p2b: Archaludon|Stamina|boost
|-boost|p2b: Archaludon|def|1
|-unboost|p1b: Kommo-o|def|1
|
|-weather|RainDance|[upkeep]
|-sideend|p2: tk_feenix|move: Tailwind
|upkeep
|turn|5
|inactive|Stickyflex has 30 seconds left.
|
|t:|1757053577
|move|p1a: Oricorio|Protect|p1a: Oricorio
|-singleturn|p1a: Oricorio|Protect
|move|p2a: Dragonite|Tailwind|p2a: Dragonite
|-sidestart|p2: tk_feenix|move: Tailwind
|move|p2b: Archaludon|Body Press|p1b: Kommo-o
|-supereffective|p1b: Kommo-o
|-damage|p1b: Kommo-o|0 fnt
|faint|p1b: Kommo-o
|
|-weather|RainDance|[upkeep]
|upkeep
|turn|6
|-message|Stickyflex forfeited.
|raw|Stickyflex's rating: 1077 → 1058(-19 for losing)
|raw|tk_feenix's rating: 1124 → 1146(+22 for winning)
|
|win|tk_feenix
|l|☆Stickyflex
|player|p1|
