|j|☆Olvidonaaaa
|j|☆janbenet
|html|Olvidonaaaajanbenet    
|uhtml|bestof|Game 1 of a best-of-3
|t:|1783525174
|gametype|doubles
|player|p1|Olvidonaaaa|170|1136
|player|p2|janbenet|101|1067
|gen|9
|tier|[Gen 9 Champions] VGC 2026 Reg M-B (Bo3)
|rated|
|rule|Species Clause: Limit one of each Pokémon
|rule|Item Clause: Limit 1 of each item
|clearpoke
|poke|p1|Froslass, L50, F, shiny|
|poke|p1|Toxapex, L50, M|
|poke|p1|Kingambit, L50, M|
|poke|p1|Garchomp, L50, M|
|poke|p1|Incineroar, L50, F|
|poke|p1|Gholdengo, L50|
|poke|p2|Kingambit, L50, F|
|poke|p2|Charizard, L50, F|
|poke|p2|Aerodactyl, L50, F|
|poke|p2|Farigiraf, L50, F|
|poke|p2|Garchomp, L50, F|
|poke|p2|Sylveon, L50, F|
|teampreview|4
|showteam|p1|Froslass||Froslassite|SnowCloak|Blizzard,AuroraVeil,ShadowBall,Protect|Timid||F|||50|]Toxapex||Leftovers|Regenerator|Toxic,Infestation,WideGuard,BanefulBunker|Calm||M|||50|]Kingambit||ChopleBerry|Defiant|SuckerPunch,KowtowCleave,LowKick,Protect|Adamant||M|||50|]Garchomp||LifeOrb|RoughSkin|StompingTantrum,DragonClaw,RockSlide,Protect|Jolly||M|||50|]Incineroar||SitrusBerry|Intimidate|FakeOut,FlareBlitz,DarkestLariat,PartingShot|Careful||F|||50|]Gholdengo||ChoiceScarf|GoodasGold|MakeItRain,PowerGem,ShadowBall,Psyshock|Timid|||||50|
|showteam|p2|Kingambit||FocusSash|Defiant|KowtowCleave,IronHead,SuckerPunch,LowKick|Adamant||F|||50|]Charizard||CharizarditeY|SolarPower|Protect,HeatWave,WeatherBall,SolarBeam|Modest||F|||50|]Aerodactyl||Aerodactylite|Unnerve|RockSlide,DualWingbeat,Tailwind,IceFang|Jolly||F|||50|]Farigiraf||SitrusBerry|ArmorTail|Psychic,Thunderbolt,TrickRoom,Roar|Bold||F|||50|]Garchomp||LifeOrb|RoughSkin|Earthquake,StompingTantrum,DragonClaw,Protect|Jolly||F|||50|]Sylveon||FairyFeather|Pixilate|HyperVoice,HyperBeam,QuickAttack,Detect|Modest||F|||50|
|inactive|Battle timer is ON: inactive players will automatically lose when time's up. (requested by janbenet)
|inactive|janbenet has 60 seconds left.
|
|t:|1783525226
|teamsize|p1|4
|teamsize|p2|4
|start
|switch|p1a: Gholdengo|Gholdengo, L50|100/100
|switch|p1b: Garchomp|Garchomp, L50, M|100/100
|switch|p2a: Aerodactyl|Aerodactyl, L50, F|100/100
|switch|p2b: Kingambit|Kingambit, L50, F|100/100
|-ability|p2a: Aerodactyl|Unnerve
|turn|1
|
|t:|1783525248
|switch|p1a: Kingambit|Kingambit, L50, M|100/100
|switch|p1b: Toxapex|Toxapex, L50, M|100/100
|detailschange|p2a: Aerodactyl|Aerodactyl-Mega, L50, F
|-mega|p2a: Aerodactyl|Aerodactyl|Aerodactylite
|move|p2b: Kingambit|Sucker Punch||[still]
|-fail|p2b: Kingambit
|move|p2a: Aerodactyl|Ice Fang|p1b: Toxapex|[miss]
|-miss|p2a: Aerodactyl|p1b: Toxapex
|
|upkeep
|turn|2
|
|t:|1783525267
|move|p1a: Kingambit|Protect|p1a: Kingambit
|-singleturn|p1a: Kingambit|Protect
|move|p2a: Aerodactyl|Tailwind|p2a: Aerodactyl
|-sidestart|p2: janbenet|move: Tailwind
|move|p2b: Kingambit|Low Kick|p1a: Kingambit
|-activate|p1a: Kingambit|move: Protect
|move|p1b: Toxapex|Toxic|p2a: Aerodactyl
|-status|p2a: Aerodactyl|tox
|
|-damage|p2a: Aerodactyl|93/100 tox|[from] psn
|upkeep
|turn|3
|
|t:|1783525280
|switch|p1a: Gholdengo|Gholdengo, L50|100/100
|move|p2a: Aerodactyl|Rock Slide|p1b: Toxapex|[spread] p1a,p1b
|-resisted|p1a: Gholdengo|1
|-damage|p1a: Gholdengo|85/100
|-damage|p1b: Toxapex|80/100
|move|p2b: Kingambit|Low Kick|p1a: Gholdengo
|-immune|p1a: Gholdengo
|move|p1b: Toxapex|Infestation|p2b: Kingambit
|-damage|p2b: Kingambit|96/100
|-activate|p2b: Kingambit|move: Infestation|[of] p1b: Toxapex
|
|-heal|p1b: Toxapex|86/100|[from] item: Leftovers
|-damage|p2a: Aerodactyl|81/100 tox|[from] psn
|-damage|p2b: Kingambit|83/100|[from] move: Infestation|[partiallytrapped]
|upkeep
|turn|4
|
|t:|1783525300
|switch|p1a: Garchomp|Garchomp, L50, M|100/100
|move|p2a: Aerodactyl|Rock Slide|p1a: Garchomp|[spread] p1a,p1b
|-resisted|p1a: Garchomp|1
|-damage|p1a: Garchomp|87/100
|-damage|p1b: Toxapex|68/100
|move|p2b: Kingambit|Kowtow Cleave|p1a: Garchomp
|-damage|p1a: Garchomp|33/100
|-damage|p2b: Kingambit|71/100|[from] ability: Rough Skin|[of] p1a: Garchomp
|move|p1b: Toxapex|Infestation|p2a: Aerodactyl
|-resisted|p2a: Aerodactyl|1
|-damage|p2a: Aerodactyl|79/100 tox
|-activate|p2a: Aerodactyl|move: Infestation|[of] p1b: Toxapex
|
|-heal|p1b: Toxapex|74/100|[from] item: Leftovers
|-damage|p2a: Aerodactyl|61/100 tox|[from] psn
|-damage|p2a: Aerodactyl|48/100 tox|[from] move: Infestation|[partiallytrapped]
|-damage|p2b: Kingambit|58/100|[from] move: Infestation|[partiallytrapped]
|upkeep
|turn|5
|
|t:|1783525322
|move|p1a: Garchomp|Protect|p1a: Garchomp
|-singleturn|p1a: Garchomp|Protect
|move|p2a: Aerodactyl|Rock Slide|p1a: Garchomp|[spread] p1b
|-activate|p1a: Garchomp|move: Protect
|-damage|p1b: Toxapex|57/100
|move|p2b: Kingambit|Kowtow Cleave|p1a: Garchomp
|-activate|p1a: Garchomp|move: Protect
|move|p1b: Toxapex|Infestation|p2b: Kingambit
|-damage|p2b: Kingambit|54/100
|
|-heal|p1b: Toxapex|63/100|[from] item: Leftovers
|-damage|p2a: Aerodactyl|23/100 tox|[from] psn
|-damage|p2a: Aerodactyl|11/100 tox|[from] move: Infestation|[partiallytrapped]
|-damage|p2b: Kingambit|42/100|[from] move: Infestation|[partiallytrapped]
|-sideend|p2: janbenet|move: Tailwind
|upkeep
|turn|6
|
|t:|1783525339
|move|p1b: Toxapex|Wide Guard|p1b: Toxapex
|-singleturn|p1b: Toxapex|Wide Guard
|move|p2a: Aerodactyl|Tailwind|p2a: Aerodactyl
|-sidestart|p2: janbenet|move: Tailwind
|move|p2b: Kingambit|Low Kick|p1a: Garchomp
|-damage|p1a: Garchomp|3/100
|-damage|p2b: Kingambit|29/100|[from] ability: Rough Skin|[of] p1a: Garchomp
|move|p1a: Garchomp|Stomping Tantrum|p2b: Kingambit
|-supereffective|p2b: Kingambit|1
|-damage|p2b: Kingambit|0 fnt
|faint|p2b: Kingambit
|-damage|p1a: Garchomp|0 fnt|[from] item: Life Orb
|faint|p1a: Garchomp
|
|-heal|p1b: Toxapex|68/100|[from] item: Leftovers
|-damage|p2a: Aerodactyl|0 fnt|[from] psn
|faint|p2a: Aerodactyl
|upkeep
|
|t:|1783525357
|switch|p2a: Farigiraf|Farigiraf, L50, F|100/100
|switch|p1a: Kingambit|Kingambit, L50, M|100/100
|switch|p2b: Garchomp|Garchomp, L50, F|100/100
|turn|7
|
|t:|1783525372
|move|p1a: Kingambit|Protect|p1a: Kingambit
|-singleturn|p1a: Kingambit|Protect
|move|p2b: Garchomp|Stomping Tantrum|p1a: Kingambit
|-activate|p1a: Kingambit|move: Protect
|move|p2a: Farigiraf|Psychic|p1b: Toxapex
|-supereffective|p1b: Toxapex|1
|-damage|p1b: Toxapex|19/100
|move|p1b: Toxapex|Toxic|p2b: Garchomp
|-status|p2b: Garchomp|tox
|
|-heal|p1b: Toxapex|24/100|[from] item: Leftovers
|-damage|p2b: Garchomp|94/100 tox|[from] psn
|upkeep
|turn|8
|inactive|Olvidonaaaa has 30 seconds left.
|inactive|janbenet has 30 seconds left.
|
|t:|1783525399
|move|p1b: Toxapex|Baneful Bunker|p1b: Toxapex
|-singleturn|p1b: Toxapex|move: Protect
|move|p2b: Garchomp|Stomping Tantrum|p1a: Kingambit
|-supereffective|p1a: Kingambit|1
|-damage|p1a: Kingambit|27/100
|-damage|p2b: Garchomp|84/100 tox|[from] item: Life Orb
|move|p2a: Farigiraf|Psychic|p1b: Toxapex
|-activate|p1b: Toxapex|move: Protect
|move|p1a: Kingambit|Kowtow Cleave|p2a: Farigiraf
|-supereffective|p2a: Farigiraf|1
|-damage|p2a: Farigiraf|26/100
|-enditem|p2a: Farigiraf|Sitrus Berry|[eat]
|-heal|p2a: Farigiraf|51/100|[from] item: Sitrus Berry
|
|-heal|p1b: Toxapex|30/100|[from] item: Leftovers
|-damage|p2b: Garchomp|73/100 tox|[from] psn
|upkeep
|turn|9
|
|t:|1783525420
|move|p1a: Kingambit|Protect|p1a: Kingambit
|-singleturn|p1a: Kingambit|Protect
|move|p1b: Toxapex|Baneful Bunker|p1b: Toxapex
|-singleturn|p1b: Toxapex|move: Protect
|move|p2b: Garchomp|Stomping Tantrum|p1a: Kingambit
|-activate|p1a: Kingambit|move: Protect
|move|p2a: Farigiraf|Psychic|p1b: Toxapex
|-activate|p1b: Toxapex|move: Protect
|
|-heal|p1b: Toxapex|36/100|[from] item: Leftovers
|-damage|p2b: Garchomp|55/100 tox|[from] psn
|-sideend|p2: janbenet|move: Tailwind
|upkeep
|turn|10
|inactive|Olvidonaaaa has 30 seconds left.
|inactive|Olvidonaaaa has 20 seconds left.
|
|t:|1783525460
|move|p2b: Garchomp|Earthquake|p1b: Toxapex|[spread] p2a,p1a,p1b
|-supereffective|p1a: Kingambit|1
|-crit|p1a: Kingambit
|-supereffective|p1b: Toxapex|1
|-damage|p2a: Farigiraf|12/100
|-damage|p1a: Kingambit|0 fnt
|-damage|p1b: Toxapex|0 fnt
|faint|p1a: Kingambit
|faint|p1b: Toxapex
|-damage|p2b: Garchomp|46/100 tox|[from] item: Life Orb
|move|p2a: Farigiraf|Trick Room|p2a: Farigiraf
|-fieldstart|move: Trick Room|[of] p2a: Farigiraf
|
|-damage|p2b: Garchomp|22/100 tox|[from] psn
|upkeep
|
|t:|1783525472
|switch|p1b: Gholdengo|Gholdengo, L50|85/100
|turn|11
|
|t:|1783525479
|move|p2a: Farigiraf|Thunderbolt|p1b: Gholdengo
|-damage|p1b: Gholdengo|60/100
|move|p2b: Garchomp|Stomping Tantrum|p1b: Gholdengo
|-supereffective|p1b: Gholdengo|1
|-damage|p1b: Gholdengo|0 fnt
|faint|p1b: Gholdengo
|-damage|p2b: Garchomp|13/100 tox|[from] item: Life Orb
|
|win|janbenet
||janbenet is ready for game 2.
|inactive|Olvidonaaaa has 30 seconds to confirm battle start!
||Olvidonaaaa is ready for game 2.
|uhtml|next|Next: Game 2 of 3
|l|☆Olvidonaaaa
|player|p1|
