|j|☆LunarMageMystia
|j|☆TemporalDonut
|html|LunarMageMystiaTemporalDonut    
|uhtml|bestof|Game 1 of a best-of-3
|t:|1785348358
|gametype|doubles
|player|p1|LunarMageMystia|rosa|
|player|p2|TemporalDonut|ingo|
|gen|9
|tier|[Gen 9 Champions] VGC 2026 Reg M-B (Bo3)
|rule|Species Clause: Limit one of each Pokémon
|rule|Item Clause: Limit 1 of each item
|clearpoke
|poke|p1|Grimmsnarl, L50, M|
|poke|p1|Swampert, L50, M|
|poke|p1|Pelipper, L50, M|
|poke|p1|Archaludon, L50, M|
|poke|p1|Sneasler, L50, M|
|poke|p1|Venusaur, L50, F|
|poke|p2|Chandelure, L50, M|
|poke|p2|Milotic, L50, F|
|poke|p2|Vanilluxe, L50, M|
|poke|p2|Hydrapple, L50, F|
|poke|p2|Grimmsnarl, L50, M|
|poke|p2|Meowscarada, L50, F|
|teampreview|4
|showteam|p1|Grimmsnarl||LightClay|Prankster|FoulPlay,PartingShot,Reflect,LightScreen|Calm||M|||50|]Swampert||Swampertite|Damp|WaveCrash,Earthquake,IcePunch,Protect|Adamant||M|||50|]Pelipper||SitrusBerry|Drizzle|Hurricane,WeatherBall,Tailwind,WideGuard|Modest||M|||50|]Archaludon||Leftovers|Stamina|ElectroShot,DragonPulse,FlashCannon,Protect|Modest||M|||50|]Sneasler||FocusSash|PoisonTouch|CloseCombat,PoisonJab,FakeOut,Protect|Jolly||M|||50|]Venusaur||Venusaurite|Chlorophyll|GigaDrain,SludgeBomb,EarthPower,Protect|Modest||F|||50|
|showteam|p2|Chandelure||Chandelurite|FlashFire|CalmMind,HeatWave,ShadowBall,Protect|Bold||M|||50|]Milotic||ZoomLens|Competitive|MuddyWater,Coil,Hypnosis,LifeDew|Relaxed||F|||50|]Vanilluxe||ChoiceScarf|SnowWarning|Blizzard,FreezeDry,IcyWind,SheerCold|Timid||M|||50|]Hydrapple||Leftovers|SupersweetSyrup|FickleBeam,PollenPuff,Yawn,Protect|Calm||F|||50|]Grimmsnarl||LightClay|Prankster|SpiritBreak,Reflect,LightScreen,PartingShot|Relaxed||M|||50|]Meowscarada||FocusSash|Overgrow|FlowerTrick,KnockOff,ThunderPunch,Protect|Jolly||F|||50|
|c|☆TemporalDonut|sending out to team
|c|☆LunarMageMystia|Same here :3
|
|t:|1785348427
|teamsize|p1|4
|teamsize|p2|4
|start
|switch|p1a: Grimmsnarl|Grimmsnarl, L50, M|100/100
|switch|p1b: Sneasler|Sneasler, L50, M|100/100
|switch|p2a: Grimmsnarl|Grimmsnarl, L50, M|100/100
|switch|p2b: Meowscarada|Meowscarada, L50, F|100/100
|turn|1
|j| tedidn
|
|t:|1785348466
|switch|p2b: Chandelure|Chandelure, L50, M|100/100
|move|p1b: Sneasler|Fake Out|p2b: Chandelure
|-immune|p2b: Chandelure
|move|p1a: Grimmsnarl|Reflect|p1a: Grimmsnarl
|-sidestart|p1: LunarMageMystia|Reflect
|move|p2a: Grimmsnarl|Reflect|p2a: Grimmsnarl
|-sidestart|p2: TemporalDonut|Reflect
|
|upkeep
|turn|2
|l| tedidn
|inactive|Battle timer is ON: inactive players will automatically lose when time's up. (requested by TemporalDonut)
|j| lysha
|c| lysha|go team
|
|t:|1785348496
|detailschange|p2b: Chandelure|Chandelure-Mega, L50, M
|-mega|p2b: Chandelure|Chandelure|Chandelurite
|move|p1a: Grimmsnarl|Light Screen|p1a: Grimmsnarl
|-sidestart|p1: LunarMageMystia|move: Light Screen
|move|p2a: Grimmsnarl|Light Screen|p2a: Grimmsnarl
|-sidestart|p2: TemporalDonut|move: Light Screen
|move|p1b: Sneasler|Poison Jab|p2b: Chandelure
|-resisted|p2b: Chandelure|1
|-damage|p2b: Chandelure|88/100
|-status|p2b: Chandelure|psn|[from] ability: Poison Touch|[of] p1b: Sneasler
|move|p2b: Chandelure|Calm Mind|p2b: Chandelure
|-boost|p2b: Chandelure|spa|1
|-boost|p2b: Chandelure|spd|1
|
|-damage|p2b: Chandelure|76/100 psn|[from] psn
|upkeep
|turn|3
|j| Hello_I'm_a_Shade
|inactive|TemporalDonut has 30 seconds left.
|
|t:|1785348524
|move|p1a: Grimmsnarl|Parting Shot|p2b: Chandelure
|-unboost|p2b: Chandelure|atk|1
|-unboost|p2b: Chandelure|spa|1
|
|t:|1785348527
|switch|p1a: Pelipper|Pelipper, L50, M|100/100|[from] Parting Shot
|-weather|RainDance|[from] ability: Drizzle|[of] p1a: Pelipper
|move|p1b: Sneasler|Poison Jab|p2a: Grimmsnarl
|-supereffective|p2a: Grimmsnarl|1
|-damage|p2a: Grimmsnarl|55/100
|move|p2b: Chandelure|Heat Wave|p1a: Pelipper|[spread] p1a,p1b
|-resisted|p1a: Pelipper|1
|-damage|p1a: Pelipper|87/100
|-damage|p1b: Sneasler|72/100
|move|p2a: Grimmsnarl|Spirit Break|p1b: Sneasler
|-damage|p1b: Sneasler|40/100
|-unboost|p1b: Sneasler|spa|1
|
|-weather|RainDance|[upkeep]
|-damage|p2b: Chandelure|64/100 psn|[from] psn
|upkeep
|turn|4
|inactive|TemporalDonut has 30 seconds left.
|j| Autin Mago
|inactive|TemporalDonut has 20 seconds left.
|
|t:|1785348563
|switch|p1b: Grimmsnarl|Grimmsnarl, L50, M|100/100
|move|p2a: Grimmsnarl|Parting Shot|p1a: Pelipper
|-unboost|p1a: Pelipper|atk|1
|-unboost|p1a: Pelipper|spa|1
|c| Autin Mago|Go team
|
|t:|1785348568
|switch|p2a: Vanilluxe|Vanilluxe, L50, M|100/100|[from] Parting Shot
|-weather|Snowscape|[from] ability: Snow Warning|[of] p2a: Vanilluxe
|move|p2b: Chandelure|Heat Wave|p1a: Pelipper|[spread] p1b
|-miss|p2b: Chandelure|p1a: Pelipper
|-damage|p1b: Grimmsnarl|62/100
|move|p1a: Pelipper|Tailwind|p1a: Pelipper
|-sidestart|p1: LunarMageMystia|move: Tailwind
|
|-weather|Snowscape|[upkeep]
|-damage|p2b: Chandelure|52/100 psn|[from] psn
|upkeep
|turn|5
|j| thebigmacky
|inactive|TemporalDonut has 30 seconds left.
|
|t:|1785348596
|switch|p1a: Sneasler|Sneasler, L50, M|40/100
|move|p1b: Grimmsnarl|Parting Shot|p2a: Vanilluxe
|-unboost|p2a: Vanilluxe|atk|1
|-unboost|p2a: Vanilluxe|spa|1
|
|t:|1785348601
|switch|p1b: Pelipper|Pelipper, L50, M|87/100|[from] Parting Shot
|-weather|RainDance|[from] ability: Drizzle|[of] p1b: Pelipper
|move|p2a: Vanilluxe|Freeze-Dry|p1a: Sneasler
|-damage|p1a: Sneasler|19/100
|move|p2b: Chandelure|Shadow Ball|p1b: Pelipper
|-damage|p1b: Pelipper|25/100
|-enditem|p1b: Pelipper|Sitrus Berry|[eat]
|-heal|p1b: Pelipper|50/100g|[from] item: Sitrus Berry
|
|-weather|RainDance|[upkeep]
|-damage|p2b: Chandelure|40/100 psn|[from] psn
|upkeep
|turn|6
|inactive|TemporalDonut has 30 seconds left.
|
|t:|1785348633
|switch|p2b: Meowscarada|Meowscarada, L50, F|100/100
|move|p1a: Sneasler|Fake Out|p2a: Vanilluxe
|-damage|p2a: Vanilluxe|87/100
|-status|p2a: Vanilluxe|psn|[from] ability: Poison Touch|[of] p1a: Sneasler
|cant|p2a: Vanilluxe|flinch
|move|p1b: Pelipper|Hurricane|p2b: Meowscarada
|-supereffective|p2b: Meowscarada|1
|-damage|p2b: Meowscarada|5/100
|
|-weather|RainDance|[upkeep]
|-damage|p2a: Vanilluxe|74/100 psn|[from] psn
|upkeep
|turn|7
|inactive|LunarMageMystia has 30 seconds left.
|
|t:|1785348661
|switch|p1b: Venusaur|Venusaur, L50, F|100/100
|move|p1a: Sneasler|Close Combat|p2a: Vanilluxe
|-supereffective|p2a: Vanilluxe|1
|-damage|p2a: Vanilluxe|0 fnt
|-unboost|p1a: Sneasler|def|1
|-unboost|p1a: Sneasler|spd|1
|faint|p2a: Vanilluxe
|move|p2b: Meowscarada|Thunder Punch|p1b: Venusaur
|-resisted|p1b: Venusaur|1
|-damage|p1b: Venusaur|90/100
|
|-weather|RainDance|[upkeep]
|-sideend|p1: LunarMageMystia|move: Tailwind
|upkeep
|
|t:|1785348674
|switch|p2a: Grimmsnarl|Grimmsnarl, L50, M|55/100
|turn|8
|
|t:|1785348693
|switch|p1a: Grimmsnarl|Grimmsnarl, L50, M|62/100
|detailschange|p1b: Venusaur|Venusaur-Mega, L50, F
|-mega|p1b: Venusaur|Venusaur|Venusaurite
|move|p2b: Meowscarada|Protect|p2b: Meowscarada
|-singleturn|p2b: Meowscarada|Protect
|move|p1b: Venusaur|Sludge Bomb|p2a: Grimmsnarl
|-supereffective|p2a: Grimmsnarl|1
|-damage|p2a: Grimmsnarl|0 fnt
|faint|p2a: Grimmsnarl
|
|-weather|RainDance|[upkeep]
|-sideend|p1: LunarMageMystia|Reflect
|-sideend|p2: TemporalDonut|Reflect
|upkeep
|-message|TemporalDonut forfeited.
|
|win|LunarMageMystia
||TemporalDonut is ready for game 2.
||LunarMageMystia is ready for game 2.
|uhtml|next|Next: Game 2 of 3
|j| tedidn
|j| YamperIsTheBest
|j| tung cubed
|l| tung cubed
|l| tedidn
|l| Autin Mago
|l| Hello_I'm_a_Shade
|l| thebigmacky
