|j|☆PuniHina
|j|☆awif34
|html|PuniHinaawif34    
|uhtml|bestof|Game 2 of a best-of-3
|t:|1783315383
|gametype|doubles
|player|p1|PuniHina|lacey|1103
|player|p2|awif34|170|1000
|gen|9
|tier|[Gen 9 Champions] VGC 2026 Reg M-B (Bo3)
|rated|
|rule|Species Clause: Limit one of each Pokémon
|rule|Item Clause: Limit 1 of each item
|clearpoke
|poke|p1|Meganium, L50, M, shiny|
|poke|p1|Altaria, L50, M|
|poke|p1|Scrafty, L50, M|
|poke|p1|Gholdengo, L50|
|poke|p1|Basculegion, L50, M|
|poke|p1|Garchomp, L50, F|
|poke|p2|Staraptor, L50, M, shiny|
|poke|p2|Grimmsnarl, L50, M|
|poke|p2|Garchomp, L50, F|
|poke|p2|Basculegion, L50, M|
|poke|p2|Kangaskhan, L50, F|
|poke|p2|Floette-Eternal, L50, F|
|teampreview|4
|showteam|p1|Meganium||Meganiumite|LeafGuard|SolarBeam,DazzlingGleam,Protect,WeatherBall|Modest||M|||50|]Altaria||RoseliBerry|CloudNine|BraveBird,Roost,Tailwind,WillOWisp|Impish||M|||50|]Scrafty||Scraftinite|Intimidate|CloseCombat,KnockOff,FakeOut,Protect|Careful||M|||50|]Gholdengo||MetalCoat|GoodasGold|MakeItRain,ShadowBall,NastyPlot,Protect|Modest|||||50|]Basculegion||SitrusBerry|Adaptability|WaveCrash,LastRespects,AquaJet,Protect|Adamant||M|||50|]Garchomp||LifeOrb|RoughSkin|StompingTantrum,DragonClaw,RockSlide,Protect|Jolly||F|||50|
|showteam|p2|Staraptor||Staraptite|Intimidate|CloseCombat,BraveBird,Protect,QuickAttack|Jolly||M|||50|]Grimmsnarl||SitrusBerry|Prankster|FakeOut,PartingShot,FakeTears,SpiritBreak|Adamant||M|||50|]Garchomp||LifeOrb|RoughSkin|Earthquake,RockSlide,BreakingSwipe,Protect|Jolly||F|||50|]Basculegion||ChoiceScarf|Adaptability|AquaJet,FlipTurn,LastRespects,Liquidation|Jolly||M|||50|]Kangaskhan||SilkScarf|Scrappy|FakeOut,LastResort|Jolly||F|||50|]Floette-Eternal||Floettite|FlowerVeil|CalmMind,LightofRuin,MistyTerrain,Psychic|Timid||F|||50|
|
|t:|1783315409
|teamsize|p1|4
|teamsize|p2|4
|start
|switch|p1a: Scrafty|Scrafty, L50, M|100/100
|switch|p1b: Gholdengo|Gholdengo, L50|100/100
|switch|p2a: Grimmsnarl|Grimmsnarl, L50, M|100/100
|switch|p2b: Staraptor|Staraptor, L50, M, shiny|100/100
|-ability|p2b: Staraptor|Intimidate|boost
|-unboost|p1a: Scrafty|atk|1
|-unboost|p1b: Gholdengo|atk|1
|-ability|p1a: Scrafty|Intimidate|boost
|-unboost|p2a: Grimmsnarl|atk|1
|-unboost|p2b: Staraptor|atk|1
|turn|1
|
|t:|1783315444
|switch|p1a: Basculegion|Basculegion, L50, M|100/100
|detailschange|p2b: Staraptor|Staraptor-Mega, L50, M, shiny
|-mega|p2b: Staraptor|Staraptor|Staraptite
|move|p2a: Grimmsnarl|Fake Out|p1a: Basculegion
|-immune|p1a: Basculegion
|move|p2b: Staraptor|Close Combat|p1a: Basculegion
|-immune|p1a: Basculegion
|move|p1b: Gholdengo|Nasty Plot|p1b: Gholdengo
|-boost|p1b: Gholdengo|spa|2
|
|upkeep
|turn|2
|
|t:|1783315468
|move|p1a: Basculegion|Protect|p1a: Basculegion
|-singleturn|p1a: Basculegion|Protect
|move|p2a: Grimmsnarl|Parting Shot|p2b: Staraptor
|-boost|p2b: Staraptor|atk|1
|-boost|p2b: Staraptor|spa|1
|
|t:|1783315472
|switch|p2a: Garchomp|Garchomp, L50, F|100/100|[from] Parting Shot
|move|p2b: Staraptor|Brave Bird|p1a: Basculegion
|-activate|p1a: Basculegion|move: Protect
|move|p1b: Gholdengo|Make It Rain|p2b: Staraptor|[spread] p2b
|-miss|p1b: Gholdengo|p2a: Garchomp
|-damage|p2b: Staraptor|0 fnt
|-unboost|p1b: Gholdengo|spa|2
|faint|p2b: Staraptor
|
|upkeep
|
|t:|1783315475
|switch|p2b: Basculegion|Basculegion, L50, M|100/100
|turn|3
|
|t:|1783315495
|switch|p1a: Scrafty|Scrafty, L50, M|100/100
|-ability|p1a: Scrafty|Intimidate|boost
|-unboost|p2a: Garchomp|atk|1
|-unboost|p2b: Basculegion|atk|1
|move|p2b: Basculegion|Flip Turn|p1b: Gholdengo
|-damage|p1b: Gholdengo|76/100
|
|t:|1783315501
|switch|p2b: Grimmsnarl|Grimmsnarl, L50, M|100/100|[from] Flip Turn
|move|p2a: Garchomp|Earthquake|p1b: Gholdengo|[spread] p2b,p1a,p1b
|-supereffective|p1b: Gholdengo|1
|-damage|p2b: Grimmsnarl|54/100
|-damage|p1a: Scrafty|66/100
|-damage|p1b: Gholdengo|14/100
|-damage|p2a: Garchomp|90/100|[from] item: Life Orb
|move|p1b: Gholdengo|Shadow Ball|p2b: Grimmsnarl
|-resisted|p2b: Grimmsnarl|1
|-damage|p2b: Grimmsnarl|32/100
|-enditem|p2b: Grimmsnarl|Sitrus Berry|[eat]
|-heal|p2b: Grimmsnarl|56/100|[from] item: Sitrus Berry
|
|upkeep
|turn|4
|
|t:|1783315515
|move|p1a: Scrafty|Protect|p1a: Scrafty
|-singleturn|p1a: Scrafty|Protect
|move|p2b: Grimmsnarl|Fake Out|p1a: Scrafty
|-activate|p1a: Scrafty|move: Protect
|move|p2a: Garchomp|Earthquake|p1b: Gholdengo|[spread] p2b,p1b
|-activate|p1a: Scrafty|move: Protect
|-supereffective|p1b: Gholdengo|1
|-damage|p2b: Grimmsnarl|14/100
|-damage|p1b: Gholdengo|0 fnt
|faint|p1b: Gholdengo
|-damage|p2a: Garchomp|80/100|[from] item: Life Orb
|
|upkeep
|
|t:|1783315526
|switch|p1b: Altaria|Altaria, L50, M|100/100
|-ability|p1b: Altaria|Cloud Nine
|turn|5
|
|t:|1783315543
|detailschange|p1a: Scrafty|Scrafty-Mega, L50, M
|-mega|p1a: Scrafty|Scrafty|Scraftinite
|-ability|p1a: Scrafty|Intimidate|boost
|-unboost|p2a: Garchomp|atk|1
|-unboost|p2b: Grimmsnarl|atk|1
|move|p2a: Garchomp|Rock Slide|p1a: Scrafty|[spread] p1a,p1b
|-resisted|p1a: Scrafty|1
|-crit|p1a: Scrafty
|-supereffective|p1b: Altaria|1
|-damage|p1a: Scrafty|51/100
|-damage|p1b: Altaria|76/100
|-damage|p2a: Garchomp|70/100|[from] item: Life Orb
|move|p1b: Altaria|Tailwind|p1b: Altaria
|-sidestart|p1: PuniHina|move: Tailwind
|cant|p1a: Scrafty|flinch
|move|p2b: Grimmsnarl|Spirit Break|p1a: Scrafty
|-supereffective|p1a: Scrafty|2
|-damage|p1a: Scrafty|0 fnt
|faint|p1a: Scrafty
|
|upkeep
|
|t:|1783315556
|switch|p1a: Basculegion|Basculegion, L50, M|100/100
|turn|6
|
|t:|1783315584
|move|p2b: Grimmsnarl|Fake Tears|p1a: Basculegion
|-unboost|p1a: Basculegion|spd|2
|move|p1b: Altaria|Brave Bird|p2b: Grimmsnarl
|-damage|p2b: Grimmsnarl|0 fnt
|faint|p2b: Grimmsnarl
|-damage|p1b: Altaria|71/100|[from] Recoil
|move|p1a: Basculegion|Last Respects|p2a: Garchomp
|-damage|p2a: Garchomp|0 fnt
|faint|p2a: Garchomp
|
|upkeep
|-message|awif34 forfeited.
|raw|PuniHina's rating: 1103 → 1121(+18 for winning)
|raw|awif34's rating: 1000 → 1000(+0 for losing)
|
|win|PuniHina
|l|☆awif34
|player|p2|
