|j|‽monster231
|j|☆fly butterfly fly
|html|monster231fly butterfly fly    
|uhtml|bestof|Game 2 of a best-of-3
|t:|1782358839
|gametype|doubles
|player|p1|monster231|psychic-gen4|1127
|player|p2|fly butterfly fly|101|1090
|gen|9
|tier|[Gen 9 Champions] VGC 2026 Reg M-B (Bo3)
|rated|
|rule|Species Clause: Limit one of each Pokémon
|rule|Item Clause: Limit 1 of each item
|clearpoke
|poke|p1|Garchomp, L50, F|
|poke|p1|Mawile, L50, M|
|poke|p1|Sneasler, L50, M|
|poke|p1|Tyranitar, L50, M|
|poke|p1|Sinistcha, L50|
|poke|p1|Whimsicott, L50, F|
|poke|p2|Kangaskhan, L50, F|
|poke|p2|Farigiraf, L50, F|
|poke|p2|Torkoal, L50, M|
|poke|p2|Vileplume, L50, M|
|poke|p2|Kommo-o, L50, M|
|poke|p2|Pyroar, L50, F|
|teampreview|4
|showteam|p1|Garchomp||Garchompite|RoughSkin|RockSlide,Earthquake,IronHead,Protect|Adamant||F|||50|]Mawile||Mawilite|Intimidate|SuckerPunch,IronHead,PlayRough,Protect|Brave||M|||50|]Sneasler||FocusSash|Unburden|FakeOut,DireClaw,CloseCombat,Uturn|Adamant||M|||50|]Tyranitar||Metronome|SandStream|RockSlide,ThunderPunch,KnockOff,Protect|Sassy||M|||50|]Sinistcha||Leftovers|Hospitality|ShadowBall,MatchaGotcha,StrengthSap,Substitute|Quiet|||||50|]Whimsicott||MentalHerb|Prankster|TrickRoom,EnergyBall,Tailwind,Protect|Timid||F|||50|
|showteam|p2|Kangaskhan||SilkScarf|Scrappy|FakeOut,LastResort|Adamant||F|||50|]Farigiraf||ColburBerry|ArmorTail|Psychic,Thunderbolt,Protect,TrickRoom|Bold||F|||50|]Torkoal||Charcoal|Drought|Eruption,WeatherBall,HelpingHand,Protect|Quiet||M|||50|]Vileplume||FocusSash|Chlorophyll|SleepPowder,EnergyBall,SludgeBomb,AfterYou|Timid||M|||50|]Kommo-o||HabanBerry|Overcoat|ClangingScales,AuraSphere,ClangorousSoul,Protect|Modest||M|||50|]Pyroar||Pyroarite|Unnerve|HeatWave,Overheat,ScorchingSands,Protect|Timid||F|||50|
|
|t:|1782358874
|teamsize|p1|4
|teamsize|p2|4
|start
|switch|p1a: Garchomp|Garchomp, L50, F|100/100
|switch|p1b: Tyranitar|Tyranitar, L50, M|100/100
|switch|p2a: Kangaskhan|Kangaskhan, L50, F|100/100
|switch|p2b: Farigiraf|Farigiraf, L50, F|100/100
|-weather|Sandstorm|[from] ability: Sand Stream|[of] p1b: Tyranitar
|turn|1
|
|t:|1782358900
|detailschange|p1a: Garchomp|Garchomp-Mega, L50, F
|-mega|p1a: Garchomp|Garchomp|Garchompite
|move|p1a: Garchomp|Protect|p1a: Garchomp
|-singleturn|p1a: Garchomp|Protect
|move|p1b: Tyranitar|Protect|p1b: Tyranitar
|-singleturn|p1b: Tyranitar|Protect
|move|p2a: Kangaskhan|Fake Out|p1a: Garchomp
|-activate|p1a: Garchomp|move: Protect
|move|p2b: Farigiraf|Trick Room|p2b: Farigiraf
|-fieldstart|move: Trick Room|[of] p2b: Farigiraf
|
|-weather|Sandstorm|[upkeep]
|-damage|p2b: Farigiraf|93/100|[from] Sandstorm
|-damage|p2a: Kangaskhan|93/100|[from] Sandstorm
|upkeep
|turn|2
|
|t:|1782358926
|switch|p1a: Sinistcha|Sinistcha, L50|100/100
|move|p1b: Tyranitar|Knock Off|p2b: Farigiraf
|-supereffective|p2b: Farigiraf|1
|-enditem|p2b: Farigiraf|Colbur Berry|[eat]
|-enditem|p2b: Farigiraf|Colbur Berry|[weaken]
|-damage|p2b: Farigiraf|59/100
|move|p2b: Farigiraf|Psychic|p1a: Sinistcha
|-damage|p1a: Sinistcha|57/100
|move|p2a: Kangaskhan|Last Resort|p1a: Sinistcha
|-damage|p1a: Sinistcha|0 fnt
|faint|p1a: Sinistcha
|
|-weather|Sandstorm|[upkeep]
|-damage|p2b: Farigiraf|53/100|[from] Sandstorm
|-damage|p2a: Kangaskhan|87/100|[from] Sandstorm
|upkeep
|
|t:|1782358941
|switch|p1a: Sneasler|Sneasler, L50, M|100/100
|turn|3
|
|t:|1782358961
|move|p1b: Tyranitar|Knock Off|p2b: Farigiraf
|-supereffective|p2b: Farigiraf|1
|-damage|p2b: Farigiraf|0 fnt
|faint|p2b: Farigiraf
|move|p2a: Kangaskhan|Last Resort|p1a: Sneasler
|-enditem|p1a: Sneasler|Focus Sash
|-damage|p1a: Sneasler|1/100
|move|p1a: Sneasler|Close Combat|p2a: Kangaskhan
|-supereffective|p2a: Kangaskhan|1
|-damage|p2a: Kangaskhan|0 fnt
|-unboost|p1a: Sneasler|def|1
|-unboost|p1a: Sneasler|spd|1
|faint|p2a: Kangaskhan
|
|-weather|Sandstorm|[upkeep]
|-damage|p1a: Sneasler|0 fnt|[from] Sandstorm
|faint|p1a: Sneasler
|upkeep
|
|t:|1782358976
|switch|p2b: Kommo-o|Kommo-o, L50, M|100/100
|switch|p2a: Torkoal|Torkoal, L50, M|100/100
|switch|p1a: Garchomp|Garchomp-Mega, L50, F|100/100
|-weather|SunnyDay|[from] ability: Drought|[of] p2a: Torkoal
|turn|4
|
|t:|1782359002
|move|p1b: Tyranitar|Protect|p1b: Tyranitar
|-singleturn|p1b: Tyranitar|Protect
|move|p2a: Torkoal|Eruption|p1a: Garchomp|[spread] p1a
|-activate|p1b: Tyranitar|move: Protect
|-resisted|p1a: Garchomp|1
|-crit|p1a: Garchomp
|-damage|p1a: Garchomp|48/100
|move|p1a: Garchomp|Earthquake|p2b: Kommo-o|[spread] p2a,p2b
|-activate|p1b: Tyranitar|move: Protect
|-supereffective|p2a: Torkoal|1
|-crit|p2a: Torkoal
|-damage|p2a: Torkoal|0 fnt
|-damage|p2b: Kommo-o|66/100
|faint|p2a: Torkoal
|move|p2b: Kommo-o|Clanging Scales|p1a: Garchomp|[spread] p1a
|-activate|p1b: Tyranitar|move: Protect
|-supereffective|p1a: Garchomp|1
|-damage|p1a: Garchomp|0 fnt
|faint|p1a: Garchomp
|-unboost|p2b: Kommo-o|def|1
|
|-weather|SunnyDay|[upkeep]
|upkeep
|turn|5
|
|t:|1782359039
|move|p2b: Kommo-o|Protect|p2b: Kommo-o
|-singleturn|p2b: Kommo-o|Protect
|move|p1b: Tyranitar|Rock Slide|p2b: Kommo-o
|-activate|p2b: Kommo-o|move: Protect
|
|-weather|SunnyDay|[upkeep]
|-fieldend|move: Trick Room
|upkeep
|turn|6
|
|t:|1782359046
|move|p2b: Kommo-o|Aura Sphere|p1b: Tyranitar
|-supereffective|p1b: Tyranitar|2
|-damage|p1b: Tyranitar|10/100
|move|p1b: Tyranitar|Rock Slide|p2b: Kommo-o
|-resisted|p2b: Kommo-o|1
|-damage|p2b: Kommo-o|43/100
|
|-weather|SunnyDay|[upkeep]
|upkeep
|turn|7
|
|t:|1782359054
|move|p1b: Tyranitar|Protect|p1b: Tyranitar
|-singleturn|p1b: Tyranitar|Protect
|move|p2b: Kommo-o|Aura Sphere|p1b: Tyranitar
|-activate|p1b: Tyranitar|move: Protect
|
|-weather|SunnyDay|[upkeep]
|upkeep
|turn|8
|
|t:|1782359058
|move|p2b: Kommo-o|Aura Sphere|p1b: Tyranitar
|-supereffective|p1b: Tyranitar|2
|-damage|p1b: Tyranitar|0 fnt
|faint|p1b: Tyranitar
|
|win|fly butterfly fly
|raw|monster231's rating: 1127 → 1099(-28 for losing)
|raw|fly butterfly fly's rating: 1090 → 1119(+29 for winning)
