|j|☆ahamedsan34
|j|☆Bl0ste
|html|ahamedsan34Bl0ste    
|uhtml|bestof|Game 1 of a best-of-3
|t:|1756812385
|gametype|doubles
|player|p1|ahamedsan34|dawn|1000
|player|p2|Bl0ste|li|1060
|gen|9
|tier|[Gen 9] VGC 2025 Reg H (Bo3)
|rated|
|rule|Species Clause: Limit one of each Pokémon
|rule|Item Clause: Limit 1 of each item
|clearpoke
|poke|p1|Amoonguss, L50, F|
|poke|p1|Mismagius, L50, F|
|poke|p1|Porygon2, L50|
|poke|p1|Incineroar, L50, M|
|poke|p1|Ursaluna, L50, F|
|poke|p1|Tyranitar, L50, M|
|poke|p2|Armarouge, L50, F|
|poke|p2|Indeedee-F, L50, F|
|poke|p2|Ursaluna, L50, M|
|poke|p2|Hatterene, L50, F|
|poke|p2|Dusclops, L50, M|
|poke|p2|Kingambit, L50, F|
|teampreview|4
|showteam|p1|Amoonguss||RockyHelmet|EffectSpore|Spore,RagePowder,PollenPuff,Protect|||F|||50|,,,,,Grass]Mismagius||Leftovers|Levitate|NastyPlot,Protect,DazzlingGleam,ShadowBall|||F|||50|,,,,,Ghost]Porygon2||Eviolite|Download|TrickRoom,IceBeam,TeraBlast,Recover||||||50|,,,,,Normal]Incineroar||SafetyGoggles|Intimidate|PartingShot,FlareBlitz,KnockOff,FakeOut|||M|||50|,,,,,Fire]Ursaluna||FlameOrb|Guts|Protect,Facade,HeadlongRush,Substitute|||F|||50|,,,,,Ground]Tyranitar||AssaultVest|SandStream|TeraBlast,LowKick,Crunch,RockSlide|||M|||50|,,,,,Rock
|showteam|p2|Armarouge||LifeOrb|FlashFire|ExpandingForce,EnergyBall,ArmorCannon,TrickRoom|||F|||50|,,,,,Grass]Indeedee-F||SafetyGoggles|PsychicSurge|DazzlingGleam,FollowMe,HelpingHand,TrickRoom|||F|||50|,,,,,Fairy]Ursaluna||FlameOrb|Guts|Facade,HeadlongRush,Earthquake,Protect|||M|||50|,,,,,Ghost]Hatterene||FocusSash|MagicBounce|TrickRoom,ExpandingForce,DazzlingGleam,Protect|||F|||50|,,,,,Psychic]Dusclops||Eviolite|Pressure|TrickRoom,NightShade,Haze,PainSplit|||M|||50|,,,,,Ghost]Kingambit||BlackGlasses|Defiant|SuckerPunch,KowtowCleave,IronHead,Protect|||F|||50|,,,,,Ghost
|
|t:|1756812399
|teamsize|p1|4
|teamsize|p2|4
|start
|switch|p1a: Incineroar|Incineroar, L50, M|100/100
|switch|p1b: Porygon2|Porygon2, L50|100/100
|switch|p2a: Indeedee|Indeedee-F, L50, F|100/100
|switch|p2b: Hatterene|Hatterene, L50, F|100/100
|-fieldstart|move: Psychic Terrain|[from] ability: Psychic Surge|[of] p2a: Indeedee
|-ability|p1a: Incineroar|Intimidate|boost
|-unboost|p2a: Indeedee|atk|1
|-unboost|p2b: Hatterene|atk|1
|-ability|p1b: Porygon2|Download|boost
|-boost|p1b: Porygon2|atk|1
|turn|1
|inactive|Battle timer is ON: inactive players will automatically lose when time's up. (requested by Bl0ste)
|c|☆ahamedsan34|Damn...didn't see dusclops for a while
|inactive|ahamedsan34 has 60 seconds left.
|
|t:|1756812441
|switch|p2a: Ursaluna|Ursaluna, L50, M|100/100
|move|p1a: Incineroar|Fake Out|p2a: Ursaluna
|-activate|p2a: Ursaluna|move: Psychic Terrain
|move|p1b: Porygon2|Ice Beam|p2b: Hatterene
|-damage|p2b: Hatterene|77/100
|move|p2b: Hatterene|Trick Room|p2b: Hatterene
|-fieldstart|move: Trick Room|[of] p2b: Hatterene
|
|-status|p2a: Ursaluna|brn|[from] item: Flame Orb
|upkeep
|turn|2
|c|☆Bl0ste|im triying play whit dusc but its dificult jajajaj
|inactive|Bl0ste has 30 seconds left.
|
|t:|1756812467
|move|p2b: Hatterene|Dazzling Gleam|p1b: Porygon2|[spread] p1a,p1b
|-damage|p1a: Incineroar|65/100
|-damage|p1b: Porygon2|85/100
|move|p2a: Ursaluna|Facade|p1a: Incineroar
|-damage|p1a: Incineroar|0 fnt
|faint|p1a: Incineroar
|move|p1b: Porygon2|Trick Room|p1b: Porygon2
|-fieldend|move: Trick Room
|
|-damage|p2a: Ursaluna|95/100 brn|[from] brn
|upkeep
|
|t:|1756812477
|switch|p1a: Ursaluna|Ursaluna, L50, F|100/100
|turn|3
|
|t:|1756812487
|switch|p2b: Armarouge|Armarouge, L50, F|100/100
|move|p1b: Porygon2|Ice Beam|p2a: Ursaluna
|-supereffective|p2a: Ursaluna
|-damage|p2a: Ursaluna|59/100 brn
|move|p1a: Ursaluna|Substitute|p1a: Ursaluna
|-start|p1a: Ursaluna|Substitute
|-damage|p1a: Ursaluna|75/100
|move|p2a: Ursaluna|Facade|p1b: Porygon2
|-damage|p1b: Porygon2|0 fnt
|faint|p1b: Porygon2
|
|-damage|p2a: Ursaluna|53/100 brn|[from] brn
|-status|p1a: Ursaluna|brn|[from] item: Flame Orb
|upkeep
|
|t:|1756812498
|switch|p1b: Tyranitar|Tyranitar, L50, M|100/100
|-weather|Sandstorm|[from] ability: Sand Stream|[of] p1b: Tyranitar
|turn|4
|
|t:|1756812517
|-terastallize|p2b: Armarouge|Grass
|move|p2b: Armarouge|Energy Ball|p1a: Ursaluna
|-supereffective|p1a: Ursaluna
|-end|p1a: Ursaluna|Substitute
|-damage|p2b: Armarouge|91/100|[from] item: Life Orb
|move|p1b: Tyranitar|Low Kick|p2a: Ursaluna
|-supereffective|p2a: Ursaluna
|-damage|p2a: Ursaluna|0 fnt
|faint|p2a: Ursaluna
|move|p1a: Ursaluna|Headlong Rush|p2b: Armarouge
|-resisted|p2b: Armarouge
|-damage|p2b: Armarouge|53/100
|-unboost|p1a: Ursaluna|def|1
|-unboost|p1a: Ursaluna|spd|1
|
|-weather|Sandstorm|[upkeep]
|-damage|p2b: Armarouge|47/100|[from] Sandstorm
|-damage|p1a: Ursaluna|70/100 brn|[from] brn
|upkeep
|c|☆ahamedsan34|It js a nice pokemon
|
|t:|1756812528
|switch|p2a: Hatterene|Hatterene, L50, F|77/100
|turn|5
|
|t:|1756812540
|move|p1a: Ursaluna|Protect|p1a: Ursaluna
|-singleturn|p1a: Ursaluna|Protect
|move|p2b: Armarouge|Energy Ball|p1a: Ursaluna
|-activate|p1a: Ursaluna|move: Protect
|move|p1b: Tyranitar|Rock Slide|p2b: Armarouge|[spread] p2a
|-miss|p1b: Tyranitar|p2b: Armarouge
|-damage|p2a: Hatterene|38/100
|cant|p2a: Hatterene|flinch
|
|-weather|Sandstorm|[upkeep]
|-damage|p2b: Armarouge|41/100|[from] Sandstorm
|-damage|p2a: Hatterene|32/100|[from] Sandstorm
|-damage|p1a: Ursaluna|64/100 brn|[from] brn
|-fieldend|move: Psychic Terrain
|upkeep
|turn|6
|
|t:|1756812560
|move|p2b: Armarouge|Energy Ball|p1a: Ursaluna
|-supereffective|p1a: Ursaluna
|-damage|p1a: Ursaluna|0 fnt
|faint|p1a: Ursaluna
|-damage|p2b: Armarouge|31/100|[from] item: Life Orb
|move|p1b: Tyranitar|Rock Slide|p2a: Hatterene|[spread] p2a,p2b
|-damage|p2a: Hatterene|0 fnt
|-damage|p2b: Armarouge|0 fnt
|faint|p2a: Hatterene
|faint|p2b: Armarouge
|
|-weather|Sandstorm|[upkeep]
|upkeep
|
|t:|1756812563
|switch|p2b: Indeedee|Indeedee-F, L50, F|100/100
|-fieldstart|move: Psychic Terrain|[from] ability: Psychic Surge|[of] p2b: Indeedee
|turn|7
|
|t:|1756812575
|move|p2b: Indeedee|Dazzling Gleam|p1b: Tyranitar
|-supereffective|p1b: Tyranitar
|-damage|p1b: Tyranitar|86/100
|move|p1b: Tyranitar|Crunch|p2b: Indeedee
|-supereffective|p2b: Indeedee
|-damage|p2b: Indeedee|2/100
|
|-weather|Sandstorm|[upkeep]
|upkeep
|turn|8
|
|t:|1756812584
|move|p2b: Indeedee|Dazzling Gleam|p1b: Tyranitar
|-supereffective|p1b: Tyranitar
|-damage|p1b: Tyranitar|73/100
|move|p1b: Tyranitar|Crunch|p2b: Indeedee
|-supereffective|p2b: Indeedee
|-damage|p2b: Indeedee|0 fnt
|faint|p2b: Indeedee
|
|win|ahamedsan34
|l|☆Bl0ste
|player|p2|
||Bl0ste is ready for game 2.
||ahamedsan34 is ready for game 2.
|uhtml|next|Next: Game 2 of 3
