|j|☆MrGardnHose
|j|☆Hesselhoff24
|html|MrGardnHoseHesselhoff24    
|uhtml|bestof|Game 2 of a best-of-3
|t:|1782244214
|gametype|doubles
|player|p1|MrGardnHose|jasmine-masters2|1098
|player|p2|Hesselhoff24|1|1084
|gen|9
|tier|[Gen 9 Champions] VGC 2026 Reg M-B (Bo3)
|rated|
|rule|Species Clause: Limit one of each Pokémon
|rule|Item Clause: Limit 1 of each item
|clearpoke
|poke|p1|Whimsicott, L50, M|
|poke|p1|Swampert, L50, F|
|poke|p1|Pelipper, L50, M|
|poke|p1|Archaludon, L50, M|
|poke|p1|Basculegion, L50, M|
|poke|p1|Floette-Eternal, L50, F|
|poke|p2|Oranguru, L50, M|
|poke|p2|Crabominable, L50, F|
|poke|p2|Lucario, L50, F, shiny|
|poke|p2|Rhyperior, L50, M, shiny|
|poke|p2|Incineroar, L50, F, shiny|
|poke|p2|Gholdengo, L50|
|teampreview|4
|showteam|p1|Whimsicott||CobaBerry|Prankster|Moonblast,Tailwind,Encore,Protect|Bold||M|||50|]Swampert||Swampertite|Torrent|WaveCrash,Earthquake,IcePunch,Protect|Adamant||F|||50|]Pelipper||LifeOrb|Drizzle|WeatherBall,Hurricane,Tailwind,Protect|Modest||M|||50|]Archaludon||Leftovers|Stamina|DracoMeteor,FlashCannon,ElectroShot,Protect|Modest||M|||50|]Basculegion||FocusSash|Adaptability|Liquidation,LastRespects,AquaJet,Protect|Adamant||M|||50|]Floette-Eternal||Floettite|FlowerVeil|Moonblast,DazzlingGleam,LightofRuin,Protect|Modest||F|||50|
|showteam|p2|Oranguru||Leftovers|InnerFocus|Protect,TrickRoom,Instruct,Encore|Sassy||M|||50|]Crabominable||Crabominite|IronFist|Protect,IceHammer,DrainPunch,Crabhammer|Brave||F|||50|]Lucario||ChoiceScarf|InnerFocus|FinalGambit,VacuumWave,Detect,SteelBeam|Timid||F|||50|]Rhyperior||MentalHerb|SolidRock|HeatCrash,RockSlide,HammerArm,IronHead|Brave||M|||50|]Incineroar||SitrusBerry|Intimidate|FakeOut,FlareBlitz,PartingShot,Taunt|Adamant||F|||50|]Gholdengo||OccaBerry|GoodasGold|NastyPlot,ShadowBall,MakeItRain,Protect|Timid|||||50|
|inactive|Battle timer is ON: inactive players will automatically lose when time's up. (requested by Hesselhoff24)
|
|t:|1782244233
|teamsize|p1|4
|teamsize|p2|4
|start
|switch|p1a: Swampert|Swampert, L50, F|100/100
|switch|p1b: Pelipper|Pelipper, L50, M|100/100
|switch|p2a: Oranguru|Oranguru, L50, M|100/100
|switch|p2b: Incineroar|Incineroar, L50, F, shiny|100/100
|-weather|RainDance|[from] ability: Drizzle|[of] p1b: Pelipper
|-ability|p2b: Incineroar|Intimidate|boost
|-unboost|p1a: Swampert|atk|1
|-unboost|p1b: Pelipper|atk|1
|turn|1
|
|t:|1782244255
|move|p1b: Pelipper|Hurricane|p2a: Oranguru
|-damage|p2a: Oranguru|62/100
|-damage|p1b: Pelipper|90/100|[from] item: Life Orb
|move|p1a: Swampert|Wave Crash|p2a: Oranguru
|-damage|p2a: Oranguru|1/100
|-damage|p1a: Swampert|79/100|[from] Recoil
|move|p2b: Incineroar|Parting Shot|p1a: Swampert
|-unboost|p1a: Swampert|atk|1
|-unboost|p1a: Swampert|spa|1
|
|t:|1782244266
|switch|p2b: Rhyperior|Rhyperior, L50, M, shiny|100/100|[from] Parting Shot
|move|p2a: Oranguru|Trick Room|p2a: Oranguru
|-fieldstart|move: Trick Room|[of] p2a: Oranguru
|
|-weather|RainDance|[upkeep]
|-heal|p2a: Oranguru|7/100|[from] item: Leftovers
|upkeep
|turn|2
|
|t:|1782244283
|move|p1b: Pelipper|Protect|p1b: Pelipper
|-singleturn|p1b: Pelipper|Protect
|move|p2b: Rhyperior|Rock Slide|p1b: Pelipper|[spread] p1a
|-activate|p1b: Pelipper|move: Protect
|-resisted|p1a: Swampert|1
|-damage|p1a: Swampert|62/100
|move|p2a: Oranguru|Instruct|p2b: Rhyperior
|-singleturn|p2b: Rhyperior|move: Instruct|[of] p2a: Oranguru
|move|p2b: Rhyperior|Rock Slide|p1b: Pelipper|[spread] 
|-activate|p1b: Pelipper|move: Protect
|-miss|p2b: Rhyperior|p1a: Swampert
|cant|p1a: Swampert|flinch
|
|-weather|RainDance|[upkeep]
|-heal|p2a: Oranguru|13/100|[from] item: Leftovers
|upkeep
|turn|3
|
|t:|1782244306
|switch|p1b: Archaludon|Archaludon, L50, M|100/100
|move|p2b: Rhyperior|Rock Slide|p1a: Swampert|[spread] p1a,p1b
|-resisted|p1a: Swampert|1
|-resisted|p1b: Archaludon|1
|-damage|p1a: Swampert|44/100
|-damage|p1b: Archaludon|87/100
|-ability|p1b: Archaludon|Stamina|boost
|-boost|p1b: Archaludon|def|1
|move|p2a: Oranguru|Instruct|p2b: Rhyperior
|-singleturn|p2b: Rhyperior|move: Instruct|[of] p2a: Oranguru
|move|p2b: Rhyperior|Rock Slide|p1a: Swampert|[spread] p1a,p1b
|-resisted|p1a: Swampert|1
|-resisted|p1b: Archaludon|1
|-damage|p1a: Swampert|25/100
|-damage|p1b: Archaludon|79/100
|-ability|p1b: Archaludon|Stamina|boost
|-boost|p1b: Archaludon|def|1
|move|p1a: Swampert|Wave Crash|p2b: Rhyperior
|-supereffective|p2b: Rhyperior|2
|-damage|p2b: Rhyperior|0 fnt
|faint|p2b: Rhyperior
|-damage|p1a: Swampert|0 fnt|[from] Recoil
|faint|p1a: Swampert
|
|-weather|RainDance|[upkeep]
|-heal|p2a: Oranguru|19/100|[from] item: Leftovers
|-heal|p1b: Archaludon|85/100|[from] item: Leftovers
|upkeep
|
|t:|1782244315
|switch|p2b: Lucario|Lucario, L50, F, shiny|100/100
|switch|p1a: Basculegion|Basculegion, L50, M|100/100
|turn|4
|
|t:|1782244326
|move|p2a: Oranguru|Protect|p2a: Oranguru
|-singleturn|p2a: Oranguru|Protect
|move|p1b: Archaludon|Electro Shot||[still]
|-prepare|p1b: Archaludon|Electro Shot
|-boost|p1b: Archaludon|spa|1
|-anim|p1b: Archaludon|Electro Shot|p2a: Oranguru
|-activate|p2a: Oranguru|move: Protect
|move|p1a: Basculegion|Liquidation|p2b: Lucario
|-damage|p2b: Lucario|0 fnt
|faint|p2b: Lucario
|
|-weather|RainDance|[upkeep]
|-heal|p2a: Oranguru|25/100|[from] item: Leftovers
|-heal|p1b: Archaludon|91/100|[from] item: Leftovers
|upkeep
|
|t:|1782244339
|switch|p2b: Incineroar|Incineroar, L50, F, shiny|100/100
|-ability|p2b: Incineroar|Intimidate|boost
|-unboost|p1a: Basculegion|atk|1
|-unboost|p1b: Archaludon|atk|1
|turn|5
|
|t:|1782244352
|move|p2a: Oranguru|Encore|p1b: Archaludon
|-start|p1b: Archaludon|Encore
|move|p2b: Incineroar|Parting Shot|p1a: Basculegion
|-unboost|p1a: Basculegion|atk|1
|-unboost|p1a: Basculegion|spa|1
|move|p1b: Archaludon|Electro Shot||[still]
|-prepare|p1b: Archaludon|Electro Shot
|-boost|p1b: Archaludon|spa|1
|-anim|p1b: Archaludon|Electro Shot|p2a: Oranguru
|-damage|p2a: Oranguru|0 fnt
|faint|p2a: Oranguru
|move|p1a: Basculegion|Liquidation|p2b: Incineroar
|-supereffective|p2b: Incineroar|1
|-crit|p2b: Incineroar
|-damage|p2b: Incineroar|0 fnt
|faint|p2b: Incineroar
|
|win|MrGardnHose
|raw|MrGardnHose's rating: 1098 → 1122(+24 for winning)
|raw|Hesselhoff24's rating: 1084 → 1062(-22 for losing)
