|j|☆Cyllage Cyclones
|j|☆igres17
|html|Cyllage Cyclonesigres17    
|uhtml|bestof|Game 2 of a best-of-3
|t:|1756243528
|gametype|doubles
|player|p1|Cyllage Cyclones|101|1000
|player|p2|igres17|265|1000
|gen|9
|tier|[Gen 9] VGC 2025 Reg H (Bo3)
|rated|
|rule|Species Clause: Limit one of each Pokémon
|rule|Item Clause: Limit 1 of each item
|clearpoke
|poke|p1|Electabuzz, L50, M|
|poke|p1|Pelipper, L50, M|
|poke|p1|Rillaboom, L50, M|
|poke|p1|Basculegion, L50, M|
|poke|p1|Kingambit, L50, M|
|poke|p1|Archaludon, L50, M|
|poke|p2|Politoed, L50, F|
|poke|p2|Gothitelle, L50, M|
|poke|p2|Incineroar, L50, M|
|poke|p2|Amoonguss, L50, M|
|poke|p2|Kingdra, L50, F|
|poke|p2|Archaludon, L50, F|
|teampreview|4
|showteam|p1|Electabuzz||Eviolite|VitalSpirit|Electroweb,Protect,FollowMe,Taunt|||M|||50|,,,,,Ghost]Pelipper||FocusSash|Drizzle|WeatherBall,Hurricane,Tailwind,Protect|||M|||50|,,,,,Ghost]Rillaboom||LoadedDice|GrassySurge|BulletSeed,GrassyGlide,FakeOut,HighHorsepower|||M|||50|,,,,,Fire]Basculegion||ChoiceBand|SwiftSwim|WaveCrash,LastRespects,FlipTurn,AquaJet|||M|||50|,,,,,Grass]Kingambit||BlackGlasses|Defiant|KowtowCleave,SuckerPunch,Protect,SwordsDance|||M|||50|,,,,,Dark]Archaludon||AssaultVest|Stamina|DracoMeteor,ElectroShot,FlashCannon,BodyPress|||M|||50|,,,,,Fairy
|showteam|p2|Politoed||Leftovers|Drizzle|Protect,WeatherBall,PerishSong,Encore|||F|||50|,,,,,Grass]Gothitelle||SitrusBerry|ShadowTag|Protect,Psychic,FakeOut,TrickRoom|||M|||50|,,,,,Dark]Incineroar||SafetyGoggles|Intimidate|Protect,KnockOff,FakeOut,PartingShot|||M|||50|,,,,,Ghost]Amoonguss||EjectButton|Regenerator|Protect,RagePowder,PollenPuff,Spore|||M|||50|,,,,,Fairy]Kingdra||LifeOrb|SwiftSwim|Protect,WeatherBall,DracoMeteor,MuddyWater|||F|||50|,,,,,Stellar]Archaludon||PowerHerb|Sturdy|Protect,ElectroShot,DragonPulse,FlashCannon|||F|||50|,,,,,Electric
|inactive|Battle timer is ON: inactive players will automatically lose when time's up. (requested by igres17)
|
|t:|1756243553
|teamsize|p1|4
|teamsize|p2|4
|start
|switch|p1a: Pelipper|Pelipper, L50, M|100/100
|switch|p1b: Archaludon|Archaludon, L50, M|100/100
|switch|p2a: Gothitelle|Gothitelle, L50, M|100/100
|switch|p2b: Politoed|Politoed, L50, F|100/100
|-weather|RainDance|[from] ability: Drizzle|[of] p1a: Pelipper
|turn|1
|inactive|Cyllage Cyclones has 30 seconds left.
|
|t:|1756243587
|-terastallize|p1a: Pelipper|Ghost
|move|p2a: Gothitelle|Fake Out|p1b: Archaludon
|-resisted|p1b: Archaludon
|-damage|p1b: Archaludon|98/100
|-ability|p1b: Archaludon|Stamina|boost
|-boost|p1b: Archaludon|def|1
|move|p1a: Pelipper|Weather Ball|p2a: Gothitelle
|-damage|p2a: Gothitelle|49/100
|-enditem|p2a: Gothitelle|Sitrus Berry|[eat]
|-heal|p2a: Gothitelle|74/100|[from] item: Sitrus Berry
|cant|p1b: Archaludon|flinch
|move|p2b: Politoed|Perish Song|p2b: Politoed
|-start|p1a: Pelipper|perish3|[silent]
|-start|p1b: Archaludon|perish3|[silent]
|-start|p2a: Gothitelle|perish3|[silent]
|-start|p2b: Politoed|perish3|[silent]
|-fieldactivate|move: Perish Song
|
|-weather|RainDance|[upkeep]
|-start|p1a: Pelipper|perish3
|-start|p1b: Archaludon|perish3
|-start|p2b: Politoed|perish3
|-start|p2a: Gothitelle|perish3
|upkeep
|turn|2
|inactive|Cyllage Cyclones has 30 seconds left.
|
|t:|1756243620
|switch|p1a: Basculegion|Basculegion, L50, M|100/100
|move|p2b: Politoed|Protect|p2b: Politoed
|-singleturn|p2b: Politoed|Protect
|move|p2a: Gothitelle|Protect|p2a: Gothitelle
|-singleturn|p2a: Gothitelle|Protect
|move|p1b: Archaludon|Electro Shot||[still]
|-prepare|p1b: Archaludon|Electro Shot
|-boost|p1b: Archaludon|spa|1
|-anim|p1b: Archaludon|Electro Shot|p2a: Gothitelle
|-activate|p2a: Gothitelle|move: Protect
|
|-weather|RainDance|[upkeep]
|-start|p1b: Archaludon|perish2
|-start|p2b: Politoed|perish2
|-start|p2a: Gothitelle|perish2
|upkeep
|turn|3
|inactive|Cyllage Cyclones has 30 seconds left.
|
|t:|1756243647
|switch|p2b: Amoonguss|Amoonguss, L50, M|100/100
|move|p1a: Basculegion|Last Respects|p2a: Gothitelle
|-supereffective|p2a: Gothitelle
|-damage|p2a: Gothitelle|2/100
|move|p1b: Archaludon|Electro Shot||[still]
|-prepare|p1b: Archaludon|Electro Shot
|-boost|p1b: Archaludon|spa|1
|-anim|p1b: Archaludon|Electro Shot|p2a: Gothitelle
|-damage|p2a: Gothitelle|0 fnt
|faint|p2a: Gothitelle
|
|-weather|RainDance|[upkeep]
|-start|p1b: Archaludon|perish1
|upkeep
|
|t:|1756243660
|switch|p2a: Kingdra|Kingdra, L50, F|100/100
|turn|4
|inactive|Cyllage Cyclones has 30 seconds left.
|inactive|igres17 has 30 seconds left.
|
|t:|1756243701
|switch|p1b: Rillaboom|Rillaboom, L50, M|100/100
|-fieldstart|move: Grassy Terrain|[from] ability: Grassy Surge|[of] p1b: Rillaboom
|-terastallize|p2a: Kingdra|Stellar
|move|p2a: Kingdra|Draco Meteor|p1b: Rillaboom
|-damage|p1b: Rillaboom|0 fnt
|-unboost|p2a: Kingdra|spa|2
|faint|p1b: Rillaboom
|-damage|p2a: Kingdra|91/100|[from] item: Life Orb
|move|p1a: Basculegion|Last Respects|p2b: Amoonguss
|-damage|p2b: Amoonguss|37/100
|-enditem|p2b: Amoonguss|Eject Button
|
|t:|1756243714
|switch|p2b: Politoed|Politoed, L50, F|100/100
|
|-weather|RainDance|[upkeep]
|-heal|p2a: Kingdra|97/100|[from] Grassy Terrain
|upkeep
|
|t:|1756243721
|switch|p1b: Archaludon|Archaludon, L50, M|98/100
|turn|5
|
|t:|1756243743
|move|p2a: Kingdra|Draco Meteor|p1a: Basculegion
|-damage|p1a: Basculegion|52/100
|-unboost|p2a: Kingdra|spa|2
|-damage|p2a: Kingdra|87/100|[from] item: Life Orb
|move|p1a: Basculegion|Last Respects|p2a: Kingdra
|-damage|p2a: Kingdra|0 fnt
|faint|p2a: Kingdra
|move|p1b: Archaludon|Electro Shot||[still]
|-prepare|p1b: Archaludon|Electro Shot
|-boost|p1b: Archaludon|spa|1
|-anim|p1b: Archaludon|Electro Shot|p2b: Politoed
|-supereffective|p2b: Politoed
|-damage|p2b: Politoed|8/100
|move|p2b: Politoed|Perish Song|p2b: Politoed
|-start|p1a: Basculegion|perish3|[silent]
|-start|p1b: Archaludon|perish3|[silent]
|-start|p2b: Politoed|perish3|[silent]
|-fieldactivate|move: Perish Song
|
|-weather|none
|-heal|p1a: Basculegion|58/100|[from] Grassy Terrain
|-heal|p1b: Archaludon|100/100|[from] Grassy Terrain
|-heal|p2b: Politoed|14/100|[from] Grassy Terrain
|-heal|p2b: Politoed|20/100|[from] item: Leftovers
|-start|p1a: Basculegion|perish3
|-start|p1b: Archaludon|perish3
|-start|p2b: Politoed|perish3
|upkeep
|
|t:|1756243753
|switch|p2a: Amoonguss|Amoonguss, L50, M|70/100
|turn|6
|
|t:|1756243778
|switch|p1a: Pelipper|Pelipper, L50, M, tera:Ghost|100/100
|-weather|RainDance|[from] ability: Drizzle|[of] p1a: Pelipper
|move|p2b: Politoed|Protect|p2b: Politoed
|-singleturn|p2b: Politoed|Protect
|move|p1b: Archaludon|Draco Meteor|p2a: Amoonguss
|-damage|p2a: Amoonguss|0 fnt
|-unboost|p1b: Archaludon|spa|2
|faint|p2a: Amoonguss
|
|-weather|RainDance|[upkeep]
|-heal|p2b: Politoed|26/100|[from] Grassy Terrain
|-heal|p2b: Politoed|32/100|[from] item: Leftovers
|-start|p1b: Archaludon|perish2
|-start|p2b: Politoed|perish2
|upkeep
|turn|7
|l|☆igres17
|inactive|igres17 disconnected and has a minute to reconnect!
|player|p2|
|inactive|Cyllage Cyclones has 30 seconds left.
|inactive|igres17 has 30 seconds left.
|inactive|igres17 has 20 seconds left.
|inactive|igres17 has 15 seconds left.
|inactive|igres17 has 10 seconds left.
|inactive|igres17 has 5 seconds left.
|-message|igres17 lost due to inactivity.
|
|win|Cyllage Cyclones
|raw|Cyllage Cyclones's rating: 1000 → 1040(+40 for winning)
|raw|igres17's rating: 1000 → 1000(+0 for losing)
