|j|☆scaccabarozzivgc
|j|☆fenking
|html|scaccabarozzivgcfenking    
|uhtml|bestof|Game 3 of a best-of-3
|t:|1757926075
|gametype|doubles
|player|p1|scaccabarozzivgc|harlequin|1201
|player|p2|fenking|265|1013
|gen|9
|tier|[Gen 9] VGC 2025 Reg H (Bo3)
|rated|
|rule|Species Clause: Limit one of each Pokémon
|rule|Item Clause: Limit 1 of each item
|clearpoke
|poke|p1|Whimsicott, L50, M|
|poke|p1|Gholdengo, L50|
|poke|p1|Incineroar, L50, M|
|poke|p1|Dragonite, L50, F|
|poke|p1|Sneasler, L50, M|
|poke|p1|Garchomp, L50, M|
|poke|p2|Archaludon, L50, M|
|poke|p2|Dragonite, L50, F|
|poke|p2|Pelipper, L50, M|
|poke|p2|Ursaluna, L50, F|
|poke|p2|Sinistcha, L50|
|poke|p2|Gholdengo, L50|
|teampreview|4
|showteam|p1|Whimsicott||FocusSash|Prankster|Moonblast,Tailwind,Encore,Protect|||M|||50|,,,,,Ghost]Gholdengo||ChoiceSpecs|GoodasGold|MakeItRain,ShadowBall,SteelBeam,Thunderbolt||||||50|,,,,,Steel]Incineroar||AssaultVest|Intimidate|FlareBlitz,KnockOff,Uturn,FakeOut|||M|||50|,,,,,Grass]Dragonite||ChoiceBand|InnerFocus|Outrage,ExtremeSpeed,IceSpinner,StompingTantrum|||F|||50|,,,,,Normal]Sneasler||WhiteHerb|Unburden|DireClaw,CloseCombat,FakeOut,Protect|||M|||50|,,,,,Stellar]Garchomp||LifeOrb|RoughSkin|Earthquake,StompingTantrum,DragonClaw,Protect|||M|||50|,,,,,Ground
|showteam|p2|Archaludon||AssaultVest|Stamina|FlashCannon,BodyPress,ElectroShot,Snarl|||M|||50|,,,,,Fighting]Dragonite||LoadedDice|Multiscale|ScaleShot,Tailwind,Haze,Protect|||F|||50|,,,,,Ghost]Pelipper||FocusSash|Drizzle|MuddyWater,Hurricane,Tailwind,Protect|||M|||50|,,,,,Water]Ursaluna||FlameOrb|Guts|Facade,HeadlongRush,Earthquake,Protect|||F|||50|,,,,,Ghost]Sinistcha||SitrusBerry|Hospitality|MatchaGotcha,LifeDew,RagePowder,TrickRoom||||||50|,,,,,Dark]Gholdengo||ChoiceScarf|GoodasGold|MakeItRain,ShadowBall,Trick,Protect||||||50|,,,,,Flying
|inactive|Battle timer is ON: inactive players will automatically lose when time's up. (requested by scaccabarozzivgc)
|
|t:|1757926094
|teamsize|p1|4
|teamsize|p2|4
|start
|switch|p1a: Whimsicott|Whimsicott, L50, M|100/100
|switch|p1b: Gholdengo|Gholdengo, L50|100/100
|switch|p2a: Pelipper|Pelipper, L50, M|100/100
|switch|p2b: Archaludon|Archaludon, L50, M|100/100
|-weather|RainDance|[from] ability: Drizzle|[of] p2a: Pelipper
|turn|1
|
|t:|1757926105
|move|p1a: Whimsicott|Tailwind|p1a: Whimsicott
|-sidestart|p1: scaccabarozzivgc|move: Tailwind
|move|p1b: Gholdengo|Shadow Ball|p2b: Archaludon
|-damage|p2b: Archaludon|36/100
|-ability|p2b: Archaludon|Stamina|boost
|-boost|p2b: Archaludon|def|1
|move|p2b: Archaludon|Snarl|p1a: Whimsicott|[spread] p1a,p1b
|-resisted|p1a: Whimsicott
|-supereffective|p1b: Gholdengo
|-damage|p1a: Whimsicott|89/100
|-damage|p1b: Gholdengo|70/100
|-unboost|p1a: Whimsicott|spa|1
|-unboost|p1b: Gholdengo|spa|1
|move|p2a: Pelipper|Tailwind|p2a: Pelipper
|-sidestart|p2: fenking|move: Tailwind
|
|-weather|RainDance|[upkeep]
|upkeep
|turn|2
|inactive|fenking has 30 seconds left.
|
|t:|1757926134
|switch|p2b: Dragonite|Dragonite, L50, F|100/100
|-terastallize|p1b: Gholdengo|Steel
|move|p1a: Whimsicott|Moonblast|p2b: Dragonite
|-supereffective|p2b: Dragonite
|-damage|p2b: Dragonite|85/100
|-unboost|p2b: Dragonite|spa|1
|move|p1b: Gholdengo|Shadow Ball|p2a: Pelipper
|-damage|p2a: Pelipper|32/100
|move|p2a: Pelipper|Hurricane|p1a: Whimsicott
|-supereffective|p1a: Whimsicott
|-damage|p1a: Whimsicott|0 fnt
|faint|p1a: Whimsicott
|
|-weather|RainDance|[upkeep]
|upkeep
|
|t:|1757926148
|switch|p1a: Incineroar|Incineroar, L50, M|100/100
|-ability|p1a: Incineroar|Intimidate|boost
|-unboost|p2a: Pelipper|atk|1
|-unboost|p2b: Dragonite|atk|1
|turn|3
|
|t:|1757926163
|move|p2b: Dragonite|Protect|p2b: Dragonite
|-singleturn|p2b: Dragonite|Protect
|move|p1a: Incineroar|Fake Out|p2b: Dragonite
|-activate|p2b: Dragonite|move: Protect
|move|p1b: Gholdengo|Shadow Ball|p2a: Pelipper
|-damage|p2a: Pelipper|0 fnt
|faint|p2a: Pelipper
|
|-weather|RainDance|[upkeep]
|upkeep
|
|t:|1757926172
|switch|p2a: Archaludon|Archaludon, L50, M|36/100
|turn|4
|
|t:|1757926179
|move|p2a: Archaludon|Electro Shot||[still]
|-prepare|p2a: Archaludon|Electro Shot
|-boost|p2a: Archaludon|spa|1
|-anim|p2a: Archaludon|Electro Shot|p1a: Incineroar
|-damage|p1a: Incineroar|58/100
|move|p1b: Gholdengo|Shadow Ball|p2b: Dragonite
|-damage|p2b: Dragonite|56/100
|move|p1a: Incineroar|Knock Off|p2b: Dragonite
|-damage|p2b: Dragonite|12/100
|-enditem|p2b: Dragonite|Loaded Dice|[from] move: Knock Off|[of] p1a: Incineroar
|move|p2b: Dragonite|Scale Shot|p1b: Gholdengo
|-resisted|p1b: Gholdengo
|-damage|p1b: Gholdengo|66/100
|-resisted|p1b: Gholdengo
|-damage|p1b: Gholdengo|62/100
|-hitcount|p1b: Gholdengo|2
|-unboost|p2b: Dragonite|def|1
|-boost|p2b: Dragonite|spe|1
|
|-weather|RainDance|[upkeep]
|-sideend|p1: scaccabarozzivgc|move: Tailwind
|-sideend|p2: fenking|move: Tailwind
|upkeep
|turn|5
|inactive|fenking has 30 seconds left.
|
|t:|1757926206
|switch|p1b: Dragonite|Dragonite, L50, F|100/100
|move|p2b: Dragonite|Tailwind|p2b: Dragonite
|-sidestart|p2: fenking|move: Tailwind
|move|p2a: Archaludon|Body Press|p1a: Incineroar
|-supereffective|p1a: Incineroar
|-damage|p1a: Incineroar|14/100
|move|p1a: Incineroar|Knock Off|p2b: Dragonite
|-damage|p2b: Dragonite|0 fnt
|faint|p2b: Dragonite
|
|-weather|none
|upkeep
|
|t:|1757926216
|switch|p2b: Gholdengo|Gholdengo, L50|100/100
|turn|6
|inactive|scaccabarozzivgc has 30 seconds left.
|inactive|scaccabarozzivgc has 20 seconds left.
|
|t:|1757926251
|-terastallize|p2b: Gholdengo|Flying
|move|p2b: Gholdengo|Shadow Ball|p1b: Dragonite
|-damage|p1b: Dragonite|55/100
|move|p2a: Archaludon|Body Press|p1a: Incineroar
|-supereffective|p1a: Incineroar
|-damage|p1a: Incineroar|0 fnt
|faint|p1a: Incineroar
|move|p1b: Dragonite|Stomping Tantrum|p2a: Archaludon
|-supereffective|p2a: Archaludon
|-damage|p2a: Archaludon|0 fnt
|faint|p2a: Archaludon
|
|upkeep
|
|t:|1757926262
|switch|p1a: Gholdengo|Gholdengo, L50, tera:Steel|62/100
|turn|7
|
|t:|1757926267
|move|p2b: Gholdengo|Shadow Ball|p1a: Gholdengo
|-damage|p1a: Gholdengo|16/100
|move|p1a: Gholdengo|Make It Rain|p2b: Gholdengo
|-damage|p2b: Gholdengo|0 fnt
|-unboost|p1a: Gholdengo|spa|1
|faint|p2b: Gholdengo
|
|win|scaccabarozzivgc
|raw|scaccabarozzivgc's rating: 1201 → 1214(+13 for winning)
|raw|fenking's rating: 1013 → 1007(-6 for losing)
|c|☆scaccabarozzivgc|gg
