|j|☆dresovense
|j|☆Lycaon05
|html|dresovenseLycaon05    
|uhtml|bestof|Game 3 of a best-of-3
|t:|1784276600
|gametype|doubles
|player|p1|dresovense|skier|
|player|p2|Lycaon05|1|
|gen|9
|tier|[Gen 9 Champions] VGC 2026 Reg M-B (Bo3)
|rule|Species Clause: Limit one of each Pokémon
|rule|Item Clause: Limit 1 of each item
|clearpoke
|poke|p1|Grimmsnarl, L50, M|
|poke|p1|Swampert, L50, F|
|poke|p1|Pelipper, L50, F|
|poke|p1|Archaludon, L50, F|
|poke|p1|Sinistcha, L50|
|poke|p1|Metagross, L50|
|poke|p2|Venusaur, L50, M|
|poke|p2|Archaludon, L50, M|
|poke|p2|Pelipper, L50, M|
|poke|p2|Basculegion, L50, M|
|poke|p2|Charizard, L50, M|
|poke|p2|Grimmsnarl, L50, M|
|teampreview|4
|showteam|p1|Grimmsnarl||LightClay|Prankster|FoulPlay,PartingShot,LightScreen,Reflect|Calm||M|||50|]Swampert||Swampertite|Damp|Protect,IcePunch,WaveCrash,Earthquake|Adamant||F|||50|]Pelipper||SitrusBerry|Drizzle|WideGuard,Tailwind,WeatherBall,Hurricane|Modest||F|||50|]Archaludon||Leftovers|Stamina|Protect,ElectroShot,FlashCannon,DragonPulse|Modest||F|||50|]Sinistcha||CobaBerry|Hospitality|Protect,ShadowBall,MatchaGotcha,RagePowder|Relaxed|||||50|]Metagross||Metagrossite|ClearBody|Protect,BodyPress,PsychicFangs,IronHead|Jolly|||||50|
|showteam|p2|Venusaur||Venusaurite|Chlorophyll|SludgeBomb,GigaDrain,EarthPower,Protect|Modest||M|||50|]Archaludon||Leftovers|Stamina|ElectroShot,DragonPulse,FlashCannon,Protect|Bold||M|||50|]Pelipper||LifeOrb|Drizzle|WeatherBall,Hurricane,WideGuard,Tailwind|Modest||M|||50|]Basculegion||ChoiceScarf|Adaptability|WaveCrash,FlipTurn,LastRespects,AquaJet|Jolly||M|||50|]Charizard||CharizarditeY|Blaze|HeatWave,SolarBeam,WeatherBall,Protect|Modest||M|||50|]Grimmsnarl||LightClay|Prankster|PartingShot,SpiritBreak,LightScreen,Reflect|Careful||M|||50|
|inactive|Battle timer is ON: inactive players will automatically lose when time's up. (requested by Lycaon05)
|inactive|dresovense has 60 seconds left.
|
|t:|1784276662
|teamsize|p1|4
|teamsize|p2|4
|start
|switch|p1a: Metagross|Metagross, L50|100/100
|switch|p1b: Archaludon|Archaludon, L50, F|100/100
|switch|p2a: Six Seveeen|Charizard, L50, M|100/100
|switch|p2b: Archaludon|Archaludon, L50, M|100/100
|turn|1
|
|t:|1784276686
|detailschange|p2a: Six Seveeen|Charizard-Mega-Y, L50, M
|-mega|p2a: Six Seveeen|Charizard|Charizardite Y
|-weather|SunnyDay|[from] ability: Drought|[of] p2a: Six Seveeen
|detailschange|p1a: Metagross|Metagross-Mega, L50
|-mega|p1a: Metagross|Metagross|Metagrossite
|move|p1a: Metagross|Psychic Fangs|p2a: Six Seveeen
|-damage|p2a: Six Seveeen|31/100
|move|p2a: Six Seveeen|Weather Ball|p1a: Metagross
|-supereffective|p1a: Metagross|1
|-damage|p1a: Metagross|0 fnt
|faint|p1a: Metagross
|move|p2b: Archaludon|Dragon Pulse|p1b: Archaludon
|-damage|p1b: Archaludon|68/100
|-ability|p1b: Archaludon|Stamina|boost
|-boost|p1b: Archaludon|def|1
|move|p1b: Archaludon|Dragon Pulse|p2a: Six Seveeen
|-damage|p2a: Six Seveeen|0 fnt
|faint|p2a: Six Seveeen
|
|-weather|SunnyDay|[upkeep]
|-heal|p1b: Archaludon|74/100|[from] item: Leftovers
|upkeep
|inactive|dresovense has 30 seconds left.
|
|t:|1784276713
|switch|p1a: Grimmsnarl|Grimmsnarl, L50, M|100/100
|switch|p2a: Venusaur|Venusaur, L50, M|100/100
|turn|2
|
|t:|1784276727
|move|p1a: Grimmsnarl|Light Screen|p1a: Grimmsnarl
|-sidestart|p1: dresovense|move: Light Screen
|move|p2a: Venusaur|Sludge Bomb|p1a: Grimmsnarl
|-supereffective|p1a: Grimmsnarl|1
|-damage|p1a: Grimmsnarl|50/100g
|move|p2b: Archaludon|Flash Cannon|p1a: Grimmsnarl
|-supereffective|p1a: Grimmsnarl|1
|-damage|p1a: Grimmsnarl|8/100
|move|p1b: Archaludon|Dragon Pulse|p2a: Venusaur
|-damage|p2a: Venusaur|63/100
|
|-weather|SunnyDay|[upkeep]
|-heal|p1b: Archaludon|80/100|[from] item: Leftovers
|upkeep
|turn|3
|
|t:|1784276750
|switch|p2a: Grimmsnarl|Grimmsnarl, L50, M|100/100
|switch|p1a: Sinistcha|Sinistcha, L50|100/100
|-heal|p1b: Archaludon|100/100|[from] ability: Hospitality|[of] p1a: Sinistcha
|move|p2b: Archaludon|Flash Cannon|p1a: Sinistcha
|-damage|p1a: Sinistcha|77/100
|move|p1b: Archaludon|Dragon Pulse|p2b: Archaludon
|-damage|p2b: Archaludon|60/100
|-ability|p2b: Archaludon|Stamina|boost
|-boost|p2b: Archaludon|def|1
|
|-weather|SunnyDay|[upkeep]
|-heal|p2b: Archaludon|66/100|[from] item: Leftovers
|upkeep
|turn|4
|inactive|dresovense has 30 seconds left.
|
|t:|1784276782
|switch|p2b: Venusaur|Venusaur, L50, M|63/100
|move|p2a: Grimmsnarl|Light Screen|p2a: Grimmsnarl
|-sidestart|p2: Lycaon05|move: Light Screen
|move|p1b: Archaludon|Dragon Pulse|p2b: Venusaur
|-damage|p2b: Venusaur|36/100
|move|p1a: Sinistcha|Shadow Ball|p2b: Venusaur
|-damage|p2b: Venusaur|17/100
|
|-weather|SunnyDay|[upkeep]
|upkeep
|turn|5
|
|t:|1784276803
|move|p1b: Archaludon|Protect|p1b: Archaludon
|-singleturn|p1b: Archaludon|Protect
|move|p1a: Sinistcha|Protect|p1a: Sinistcha
|-singleturn|p1a: Sinistcha|Protect
|move|p2a: Grimmsnarl|Parting Shot|p1b: Archaludon
|-activate|p1b: Archaludon|move: Protect
|move|p2b: Venusaur|Earth Power|p1b: Archaludon
|-activate|p1b: Archaludon|move: Protect
|
|-weather|none
|upkeep
|turn|6
|inactive|dresovense has 30 seconds left.
|
|t:|1784276830
|move|p2b: Venusaur|Protect|p2b: Venusaur
|-singleturn|p2b: Venusaur|Protect
|move|p1b: Archaludon|Dragon Pulse|p2b: Venusaur
|-activate|p2b: Venusaur|move: Protect
|move|p1a: Sinistcha|Shadow Ball|p2b: Venusaur
|-activate|p2b: Venusaur|move: Protect
|move|p2a: Grimmsnarl|Spirit Break|p1b: Archaludon
|-damage|p1b: Archaludon|86/100
|-unboost|p1b: Archaludon|spa|1
|-ability|p1b: Archaludon|Stamina|boost
|-boost|p1b: Archaludon|def|1
|
|-heal|p1b: Archaludon|92/100|[from] item: Leftovers
|upkeep
|turn|7
|
|t:|1784276854
|move|p1a: Sinistcha|Rage Powder|p1a: Sinistcha
|-singleturn|p1a: Sinistcha|move: Rage Powder
|move|p2a: Grimmsnarl|Parting Shot|p1a: Sinistcha
|-unboost|p1a: Sinistcha|atk|1
|-unboost|p1a: Sinistcha|spa|1
|
|t:|1784276858
|switch|p2a: Archaludon|Archaludon, L50, M|66/100|[from] Parting Shot
|move|p1b: Archaludon|Dragon Pulse|p2b: Venusaur
|-damage|p2b: Venusaur|0 fnt
|faint|p2b: Venusaur
|
|-heal|p2a: Archaludon|72/100|[from] item: Leftovers
|-heal|p1b: Archaludon|98/100|[from] item: Leftovers
|upkeep
|
|t:|1784276863
|switch|p2b: Grimmsnarl|Grimmsnarl, L50, M|100/100
|turn|8
|inactive|dresovense has 30 seconds left.
|
|t:|1784276896
|move|p1a: Sinistcha|Rage Powder|p1a: Sinistcha
|-singleturn|p1a: Sinistcha|move: Rage Powder
|move|p2a: Archaludon|Dragon Pulse|p1a: Sinistcha
|-damage|p1a: Sinistcha|54/100
|move|p1b: Archaludon|Dragon Pulse|p2a: Archaludon
|-damage|p2a: Archaludon|54/100
|-ability|p2a: Archaludon|Stamina|boost
|-boost|p2a: Archaludon|def|1
|move|p2b: Grimmsnarl|Spirit Break|p1a: Sinistcha
|-damage|p1a: Sinistcha|29/100
|-unboost|p1a: Sinistcha|spa|1
|
|-heal|p2a: Archaludon|60/100|[from] item: Leftovers
|-heal|p1b: Archaludon|100/100|[from] item: Leftovers
|upkeep
|turn|9
|inactive|dresovense has 30 seconds left.
|inactive|Lycaon05 has 30 seconds left.
|
|t:|1784276929
|switch|p1b: Grimmsnarl|Grimmsnarl, L50, M|8/100
|move|p1a: Sinistcha|Protect|p1a: Sinistcha
|-singleturn|p1a: Sinistcha|Protect
|move|p2a: Archaludon|Dragon Pulse|p1b: Grimmsnarl
|-immune|p1b: Grimmsnarl
|move|p2b: Grimmsnarl|Spirit Break|p1a: Sinistcha
|-activate|p1a: Sinistcha|move: Protect
|
|-heal|p2a: Archaludon|66/100|[from] item: Leftovers
|-sideend|p1: dresovense|move: Light Screen
|upkeep
|turn|10
|
|t:|1784276948
|switch|p1a: Archaludon|Archaludon, L50, F|100/100
|move|p1b: Grimmsnarl|Light Screen|p1b: Grimmsnarl
|-sidestart|p1: dresovense|move: Light Screen
|move|p2a: Archaludon|Dragon Pulse|p1a: Archaludon
|-damage|p1a: Archaludon|77/100
|-ability|p1a: Archaludon|Stamina|boost
|-boost|p1a: Archaludon|def|1
|move|p2b: Grimmsnarl|Spirit Break|p1b: Grimmsnarl
|-supereffective|p1b: Grimmsnarl|1
|-damage|p1b: Grimmsnarl|0 fnt
|faint|p1b: Grimmsnarl
|
|-heal|p2a: Archaludon|72/100|[from] item: Leftovers
|-heal|p1a: Archaludon|83/100|[from] item: Leftovers
|upkeep
|
|t:|1784276961
|switch|p1b: Sinistcha|Sinistcha, L50|29/100
|-heal|p1a: Archaludon|100/100|[from] ability: Hospitality|[of] p1b: Sinistcha
|turn|11
|inactive|dresovense has 30 seconds left.
|inactive|dresovense has 20 seconds left.
|inactive|dresovense has 15 seconds left.
|
|t:|1784277008
|move|p2a: Archaludon|Protect|p2a: Archaludon
|-singleturn|p2a: Archaludon|Protect
|move|p1a: Archaludon|Protect|p1a: Archaludon
|-singleturn|p1a: Archaludon|Protect
|move|p1b: Sinistcha|Shadow Ball|p2a: Archaludon
|-activate|p2a: Archaludon|move: Protect
|move|p2b: Grimmsnarl|Spirit Break|p1b: Sinistcha
|-damage|p1b: Sinistcha|3/100
|-unboost|p1b: Sinistcha|spa|1
|
|-heal|p2a: Archaludon|78/100|[from] item: Leftovers
|-sideend|p2: Lycaon05|move: Light Screen
|upkeep
|turn|12
|
|t:|1784277032
|move|p1b: Sinistcha|Protect|p1b: Sinistcha
|-singleturn|p1b: Sinistcha|Protect
|move|p2b: Grimmsnarl|Light Screen|p2b: Grimmsnarl
|-sidestart|p2: Lycaon05|move: Light Screen
|move|p2a: Archaludon|Flash Cannon|p1b: Sinistcha
|-activate|p1b: Sinistcha|move: Protect
|move|p1a: Archaludon|Dragon Pulse|p2a: Archaludon
|-damage|p2a: Archaludon|52/100
|-ability|p2a: Archaludon|Stamina|boost
|-boost|p2a: Archaludon|def|1
|
|-heal|p2a: Archaludon|58/100|[from] item: Leftovers
|upkeep
|turn|13
|inactive|dresovense has 30 seconds left.
|
|t:|1784277060
|move|p2a: Archaludon|Protect|p2a: Archaludon
|-singleturn|p2a: Archaludon|Protect
|move|p1a: Archaludon|Dragon Pulse|p2a: Archaludon
|-activate|p2a: Archaludon|move: Protect
|move|p1b: Sinistcha|Matcha Gotcha|p2a: Archaludon|[spread] p2b
|-activate|p2a: Archaludon|move: Protect
|-damage|p2b: Grimmsnarl|91/100
|-heal|p1b: Sinistcha|8/100|[from] drain|[of] p2b: Grimmsnarl
|-status|p2b: Grimmsnarl|brn
|move|p2b: Grimmsnarl|Spirit Break|p1b: Sinistcha
|-damage|p1b: Sinistcha|0 fnt
|faint|p1b: Sinistcha
|
|-heal|p2a: Archaludon|64/100|[from] item: Leftovers
|-damage|p2b: Grimmsnarl|85/100 brn|[from] brn
|upkeep
|turn|14
|
|t:|1784277076
|move|p2b: Grimmsnarl|Parting Shot|p1a: Archaludon
|-unboost|p1a: Archaludon|atk|1
|-unboost|p1a: Archaludon|spa|1
|move|p2a: Archaludon|Dragon Pulse|p1a: Archaludon
|-damage|p1a: Archaludon|75/100
|-ability|p1a: Archaludon|Stamina|boost
|-boost|p1a: Archaludon|def|1
|move|p1a: Archaludon|Dragon Pulse|p2a: Archaludon
|-damage|p2a: Archaludon|47/100
|-ability|p2a: Archaludon|Stamina|boost
|-boost|p2a: Archaludon|def|1
|
|-heal|p2a: Archaludon|53/100|[from] item: Leftovers
|-heal|p1a: Archaludon|81/100|[from] item: Leftovers
|-damage|p2b: Grimmsnarl|79/100 brn|[from] brn
|upkeep
|turn|15
|
|t:|1784277094
|move|p2a: Archaludon|Protect|p2a: Archaludon
|-singleturn|p2a: Archaludon|Protect
|move|p2b: Grimmsnarl|Parting Shot|p1a: Archaludon
|-unboost|p1a: Archaludon|atk|1
|-unboost|p1a: Archaludon|spa|1
|move|p1a: Archaludon|Flash Cannon|p2b: Grimmsnarl
|-supereffective|p2b: Grimmsnarl|1
|-damage|p2b: Grimmsnarl|59/100 brn
|
|-heal|p2a: Archaludon|59/100|[from] item: Leftovers
|-heal|p1a: Archaludon|87/100|[from] item: Leftovers
|-damage|p2b: Grimmsnarl|53/100 brn|[from] brn
|upkeep
|turn|16
|
|t:|1784277105
|move|p2b: Grimmsnarl|Parting Shot|p1a: Archaludon
|-unboost|p1a: Archaludon|atk|1
|-unboost|p1a: Archaludon|spa|1
|move|p2a: Archaludon|Electro Shot||[still]
|-prepare|p2a: Archaludon|Electro Shot
|-boost|p2a: Archaludon|spa|1
|move|p1a: Archaludon|Dragon Pulse|p2a: Archaludon
|-damage|p2a: Archaludon|49/100
|-ability|p2a: Archaludon|Stamina|boost
|-boost|p2a: Archaludon|def|1
|
|-heal|p2a: Archaludon|55/100|[from] item: Leftovers
|-heal|p1a: Archaludon|93/100|[from] item: Leftovers
|-damage|p2b: Grimmsnarl|47/100 brn|[from] brn
|upkeep
|turn|17
|
|t:|1784277115
|move|p2b: Grimmsnarl|Parting Shot|p1a: Archaludon
|-unboost|p1a: Archaludon|atk|1
|-unboost|p1a: Archaludon|spa|1
|move|p2a: Archaludon|Electro Shot|p1a: Archaludon|[from] lockedmove
|-resisted|p1a: Archaludon|1
|-damage|p1a: Archaludon|76/100
|-ability|p1a: Archaludon|Stamina|boost
|-boost|p1a: Archaludon|def|1
|move|p1a: Archaludon|Dragon Pulse|p2a: Archaludon
|-damage|p2a: Archaludon|46/100
|-ability|p2a: Archaludon|Stamina|boost
|-boost|p2a: Archaludon|def|1
|
|-heal|p2a: Archaludon|52/100|[from] item: Leftovers
|-heal|p1a: Archaludon|82/100|[from] item: Leftovers
|-damage|p2b: Grimmsnarl|41/100 brn|[from] brn
|-sideend|p1: dresovense|move: Light Screen
|upkeep
|turn|18
|inactive|dresovense has 30 seconds left.
|
|t:|1784277131
|move|p2a: Archaludon|Dragon Pulse|p1a: Archaludon
|-damage|p1a: Archaludon|35/100
|-ability|p1a: Archaludon|Stamina|boost
|-boost|p1a: Archaludon|def|1
|move|p1a: Archaludon|Flash Cannon|p2b: Grimmsnarl
|-supereffective|p2b: Grimmsnarl|1
|-damage|p2b: Grimmsnarl|25/100 brn
|move|p2b: Grimmsnarl|Spirit Break|p1a: Archaludon
|-damage|p1a: Archaludon|30/100
|-unboost|p1a: Archaludon|spa|1
|-ability|p1a: Archaludon|Stamina|boost
|-boost|p1a: Archaludon|def|1
|
|-heal|p2a: Archaludon|58/100|[from] item: Leftovers
|-heal|p1a: Archaludon|37/100|[from] item: Leftovers
|-damage|p2b: Grimmsnarl|19/100 brn|[from] brn
|upkeep
|turn|19
|inactive|dresovense has 25 seconds left this turn.
|inactive|dresovense has 20 seconds left.
|c|☆dresovense|ggs
|
|t:|1784277141
|move|p2a: Archaludon|Dragon Pulse|p1a: Archaludon
|-damage|p1a: Archaludon|0 fnt
|faint|p1a: Archaludon
|
|win|Lycaon05
|c|☆Lycaon05|ggs
