|j|☆batukkki
|j|☆lolgz
|html|batukkkilolgz    
|uhtml|bestof|Game 3 of a best-of-3
|t:|1782461627
|gametype|doubles
|player|p1|batukkki|ghetsis-gen5bw|1145
|player|p2|lolgz|dawn|1240
|gen|9
|tier|[Gen 9 Champions] VGC 2026 Reg M-B (Bo3)
|rated|
|rule|Species Clause: Limit one of each Pokémon
|rule|Item Clause: Limit 1 of each item
|clearpoke
|poke|p1|Pelipper, L50, F|
|poke|p1|Grimmsnarl, L50, M|
|poke|p1|Archaludon, L50, F|
|poke|p1|Basculegion, L50, M|
|poke|p1|Venusaur, L50, F|
|poke|p1|Raichu, L50, F|
|poke|p2|Torkoal, L50, F|
|poke|p2|Vileplume, L50, F|
|poke|p2|Farigiraf, L50, M|
|poke|p2|Scrafty, L50, F|
|poke|p2|Gallade, L50, M|
|poke|p2|Mawile, L50, F|
|teampreview|4
|showteam|p1|Pelipper||SitrusBerry|Drizzle|Hurricane,WeatherBall,Tailwind,WideGuard|Bold||F|||50|]Grimmsnarl||LightClay|Prankster|Reflect,LightScreen,PartingShot,SpiritBreak|Careful||M|||50|]Archaludon||Leftovers|Stamina|ElectroShot,DragonPulse,FlashCannon,Protect|Bold||F|||50|]Basculegion||ChoiceScarf|Adaptability|FlipTurn,AquaJet,WaveCrash,LastRespects|Jolly||M|||50|]Venusaur||Venusaurite|Chlorophyll|GigaDrain,SludgeBomb,EarthPower,Protect|Modest||F|||50|]Raichu||RaichuniteX|LightningRod|VoltSwitch,VoltTackle,FakeOut,Encore|Jolly||F|||50|
|showteam|p2|Torkoal||Charcoal|Drought|Eruption,WeatherBall,EarthPower,Protect|Quiet||F|||50|]Vileplume||FocusSash|Chlorophyll|EnergyBall,SludgeBomb,SleepPowder,AfterYou|Timid||F|||50|]Farigiraf||SitrusBerry|ArmorTail|TrickRoom,Thunderbolt,Psychic,HelpingHand|Bold||M|||50|]Scrafty||Scraftinite|Intimidate|FakeOut,CloseCombat,KnockOff,IcePunch|Brave||F|||50|]Gallade||IronBall|Sharpness|SacredSword,PsychoCut,WideGuard,TrickRoom|Brave||M|||50|]Mawile||Mawilite|HyperCutter|SuckerPunch,PlayRough,SwordsDance,Protect|Brave||F|||50|
|inactive|Battle timer is ON: inactive players will automatically lose when time's up. (requested by lolgz)
|inactive|batukkki has 60 seconds left.
|
|t:|1782461675
|teamsize|p1|4
|teamsize|p2|4
|start
|switch|p1a: Grimmsnarl|Grimmsnarl, L50, M|100/100
|switch|p1b: Archaludon|Archaludon, L50, F|100/100
|switch|p2a: Farigiraf|Farigiraf, L50, M|100/100
|switch|p2b: Scrafty|Scrafty, L50, F|100/100
|-ability|p2b: Scrafty|Intimidate|boost
|-unboost|p1a: Grimmsnarl|atk|1
|-unboost|p1b: Archaludon|atk|1
|turn|1
|
|t:|1782461698
|switch|p1a: Basculegion|Basculegion, L50, M|100/100
|move|p2b: Scrafty|Fake Out|p1a: Basculegion
|-immune|p1a: Basculegion
|move|p1b: Archaludon|Dragon Pulse|p2a: Farigiraf
|-damage|p2a: Farigiraf|65/100
|move|p2a: Farigiraf|Trick Room|p2a: Farigiraf
|-fieldstart|move: Trick Room|[of] p2a: Farigiraf
|
|upkeep
|turn|2
|
|t:|1782461714
|switch|p1a: Venusaur|Venusaur, L50, F|100/100
|detailschange|p2b: Scrafty|Scrafty-Mega, L50, F
|-mega|p2b: Scrafty|Scrafty|Scraftinite
|-ability|p2b: Scrafty|Intimidate|boost
|-unboost|p1a: Venusaur|atk|1
|-unboost|p1b: Archaludon|atk|1
|move|p2b: Scrafty|Knock Off|p1a: Venusaur
|-damage|p1a: Venusaur|56/100
|move|p2a: Farigiraf|Thunderbolt|p1a: Venusaur
|-resisted|p1a: Venusaur|1
|-damage|p1a: Venusaur|45/100
|-status|p1a: Venusaur|par
|move|p1b: Archaludon|Dragon Pulse|p2a: Farigiraf
|-crit|p2a: Farigiraf
|-damage|p2a: Farigiraf|11/100
|-enditem|p2a: Farigiraf|Sitrus Berry|[eat]
|-heal|p2a: Farigiraf|35/100|[from] item: Sitrus Berry
|
|upkeep
|turn|3
|
|t:|1782461736
|detailschange|p1a: Venusaur|Venusaur-Mega, L50, F
|-mega|p1a: Venusaur|Venusaur|Venusaurite
|move|p2a: Farigiraf|Helping Hand|p2b: Scrafty
|-singleturn|p2b: Scrafty|Helping Hand|[of] p2a: Farigiraf
|cant|p1a: Venusaur|par
|move|p2b: Scrafty|Close Combat|p1b: Archaludon
|-supereffective|p1b: Archaludon|1
|-damage|p1b: Archaludon|0 fnt
|-unboost|p2b: Scrafty|def|1
|-unboost|p2b: Scrafty|spd|1
|faint|p1b: Archaludon
|
|upkeep
|
|t:|1782461749
|switch|p1b: Grimmsnarl|Grimmsnarl, L50, M|100/100
|turn|4
|
|t:|1782461757
|move|p1a: Venusaur|Protect|p1a: Venusaur
|-singleturn|p1a: Venusaur|Protect
|move|p2b: Scrafty|Close Combat|p1b: Grimmsnarl
|-damage|p1b: Grimmsnarl|27/100
|-unboost|p2b: Scrafty|def|1
|-unboost|p2b: Scrafty|spd|1
|move|p2a: Farigiraf|Psychic|p1a: Venusaur
|-activate|p1a: Venusaur|move: Protect
|move|p1b: Grimmsnarl|Spirit Break|p2b: Scrafty
|-supereffective|p2b: Scrafty|2
|-damage|p2b: Scrafty|0 fnt
|faint|p2b: Scrafty
|
|upkeep
|
|t:|1782461760
|switch|p2b: Gallade|Gallade, L50, M|100/100
|turn|5
|
|t:|1782461782
|switch|p1a: Basculegion|Basculegion, L50, M|100/100
|move|p1b: Grimmsnarl|Reflect|p1b: Grimmsnarl
|-sidestart|p1: batukkki|Reflect
|move|p2b: Gallade|Sacred Sword|p1b: Grimmsnarl
|-damage|p1b: Grimmsnarl|0 fnt
|faint|p1b: Grimmsnarl
|move|p2a: Farigiraf|Thunderbolt|p1a: Basculegion
|-supereffective|p1a: Basculegion|1
|-damage|p1a: Basculegion|48/100
|
|-fieldend|move: Trick Room
|upkeep
|
|t:|1782461793
|switch|p1b: Venusaur|Venusaur-Mega, L50, F|45/100 par
|turn|6
|
|t:|1782461800
|switch|p2b: Torkoal|Torkoal, L50, F|100/100
|-weather|SunnyDay|[from] ability: Drought|[of] p2b: Torkoal
|move|p1a: Basculegion|Last Respects|p2b: Torkoal
|-damage|p2b: Torkoal|33/100
|move|p1b: Venusaur|Giga Drain|p2a: Farigiraf
|-damage|p2a: Farigiraf|0 fnt
|-heal|p1b: Venusaur|67/100 par|[from] drain|[of] p2a: Farigiraf
|faint|p2a: Farigiraf
|
|-weather|SunnyDay|[upkeep]
|upkeep
|
|t:|1782461809
|switch|p2a: Gallade|Gallade, L50, M|100/100
|turn|7
|
|t:|1782461816
|move|p1a: Basculegion|Last Respects|p2a: Gallade
|-supereffective|p2a: Gallade|1
|-damage|p2a: Gallade|0 fnt
|faint|p2a: Gallade
|move|p1b: Venusaur|Earth Power|p2b: Torkoal
|-supereffective|p2b: Torkoal|1
|-crit|p2b: Torkoal
|-damage|p2b: Torkoal|0 fnt
|faint|p2b: Torkoal
|
|win|batukkki
|raw|batukkki's rating: 1145 → 1175(+30 for winning)
|raw|lolgz's rating: 1211 → 1181(-30 for losing)
