|j|☆Slayermen34
|j|☆GetSlagged
|html|Slayermen34GetSlagged    
|uhtml|bestof|Game 1 of a best-of-3
|t:|1783052231
|gametype|doubles
|player|p1|Slayermen34|alder|
|player|p2|GetSlagged|miku-water|
|gen|9
|tier|[Gen 9 Champions] VGC 2026 Reg M-B (Bo3)
|rule|Species Clause: Limit one of each Pokémon
|rule|Item Clause: Limit 1 of each item
|clearpoke
|poke|p1|Gardevoir, L50, F, shiny|
|poke|p1|Ceruledge, L50, F|
|poke|p1|Goodra, L50, F|
|poke|p1|Mamoswine, L50, M|
|poke|p1|Musharna, L50, F, shiny|
|poke|p1|Aggron, L50, M|
|poke|p2|Swampert, L50, M|
|poke|p2|Liepard, L50, F|
|poke|p2|Venusaur, L50, M|
|poke|p2|Lycanroc, L50, F, shiny|
|poke|p2|Empoleon, L50, F, shiny|
|poke|p2|Tyrantrum, L50, M, shiny|
|teampreview|4
|showteam|p1|Gardevoir||Gardevoirite|Trace|CalmMind,HyperVoice,ShadowBall,EnergyBall|Timid||F|||50|]Ceruledge||FocusSash|FlashFire|SwordsDance,BitterBlade,SunnyDay,SolarBlade|Jolly||F|||50|]Goodra||Leftovers|Gooey|AcidArmor,GigaDrain,Thunderbolt,DragonPulse|Modest||F|||50|]Mamoswine||LifeOrb|ThickFat|Earthquake,RockSlide,IceShard,KnockOff|Jolly||M|||50|]Musharna||LightClay|Telepathy|LightScreen,Reflect,EnergyBall,MistyExplosion|Modest||F|||50|]Aggron||QuickClaw|Sturdy|RockSlide,IronHead,StealthRock,Outrage|Adamant||M|||50|
|showteam|p2|Swampert||Swampertite|Torrent|WaveCrash,Protect,Bulldoze,RockSlide|Adamant||M|||50|]Liepard||BlackGlasses|Prankster|DarkPulse,RainDance,FakeOut,FakeTears|Sassy||F|||50|]Venusaur||WideLens|Chlorophyll|SleepPowder,EarthPower,SludgeWave,WeatherBall|Modest||M|||50|]Lycanroc||FocusSash|Steadfast|Accelerock,StealthRock,RockSlide,CloseCombat|Jolly||F|||50|]Empoleon||Leftovers|Competitive|Surf,Substitute,Roost,Protect|Calm||F|||50|]Tyrantrum||ChoiceScarf|RockHead|HeadSmash,Outrage,Earthquake,CloseCombat|Jolly||M|||50|
|
|t:|1783052257
|teamsize|p1|4
|teamsize|p2|4
|start
|switch|p1a: JOD|Musharna, L50, F, shiny|100/100
|switch|p1b: Gheeeeew|Goodra, L50, F|100/100
|switch|p2a: Tyrantrum|Tyrantrum, L50, M, shiny|100/100
|switch|p2b: Venusaur|Venusaur, L50, M|100/100
|turn|1
|inactive|Battle timer is ON: inactive players will automatically lose when time's up. (requested by GetSlagged)
|
|t:|1783052293
|switch|p2b: Empoleon|Empoleon, L50, F, shiny|100/100
|move|p2a: Tyrantrum|Outrage|p1a: JOD
|-damage|p1a: JOD|49/100
|move|p1b: Gheeeeew|Acid Armor|p1b: Gheeeeew
|-boost|p1b: Gheeeeew|def|2
|move|p1a: JOD|Reflect|p1a: JOD
|-sidestart|p1: Slayermen34|Reflect
|
|upkeep
|turn|2
|inactive|Slayermen34 has 30 seconds left.
|inactive|Slayermen34 has 20 seconds left.
|inactive|Slayermen34 has 15 seconds left.
|
|t:|1783052337
|move|p2a: Tyrantrum|Outrage|p1a: JOD|[from] lockedmove
|-damage|p1a: JOD|13/100
|move|p1b: Gheeeeew|Dragon Pulse|p2a: Tyrantrum
|-supereffective|p2a: Tyrantrum|1
|-damage|p2a: Tyrantrum|0 fnt
|faint|p2a: Tyrantrum
|move|p2b: Empoleon|Substitute|p2b: Empoleon
|-start|p2b: Empoleon|Substitute
|-damage|p2b: Empoleon|75/100
|move|p1a: JOD|Light Screen|p1a: JOD
|-sidestart|p1: Slayermen34|move: Light Screen
|
|-heal|p2b: Empoleon|81/100|[from] item: Leftovers
|upkeep
|
|t:|1783052342
|switch|p2a: Venusaur|Venusaur, L50, M|100/100
|turn|3
|inactive|Slayermen34 has 30 seconds left.
|
|t:|1783052369
|move|p2b: Empoleon|Protect|p2b: Empoleon
|-singleturn|p2b: Empoleon|Protect
|move|p2a: Venusaur|Sleep Powder|p1b: Gheeeeew
|-status|p1b: Gheeeeew|slp|[from] move: Sleep Powder
|cant|p1b: Gheeeeew|slp
|move|p1a: JOD|Misty Explosion|p2a: Venusaur|[spread] p1b,p2a
|-activate|p2b: Empoleon|move: Protect
|-supereffective|p1b: Gheeeeew|1
|-resisted|p2a: Venusaur|1
|-damage|p1b: Gheeeeew|80/100 slp
|-damage|p2a: Venusaur|85/100
|faint|p1a: JOD
|
|-heal|p1b: Gheeeeew|86/100 slp|[from] item: Leftovers
|-heal|p2b: Empoleon|86/100|[from] item: Leftovers
|upkeep
|inactive|Slayermen34 has 30 seconds left.
|
|t:|1783052395
|switch|p1a: Titania|Gardevoir, L50, F, shiny|100/100
|-ability|p1a: Titania|Competitive|Trace|[from] ability: Trace|[of] p2b: Empoleon
|turn|4
|
|t:|1783052419
|detailschange|p1a: Titania|Gardevoir-Mega, L50, F, shiny
|-mega|p1a: Titania|Gardevoir|Gardevoirite
|move|p1a: Titania|Calm Mind|p1a: Titania
|-boost|p1a: Titania|spa|1
|-boost|p1a: Titania|spd|1
|move|p2a: Venusaur|Sludge Wave|p1a: Titania|[spread] p1a,p1b
|-immune|p2b: Empoleon
|-supereffective|p1a: Titania|1
|-damage|p1a: Titania|72/100
|-damage|p1b: Gheeeeew|72/100 slp
|-curestatus|p1b: Gheeeeew|slp|[msg]
|move|p1b: Gheeeeew|Giga Drain|p2b: Empoleon
|-activate|p2b: Empoleon|move: Substitute|[damage]
|-heal|p1b: Gheeeeew|80/100|[from] drain|[of] p2b: Empoleon
|move|p2b: Empoleon|Surf|p1b: Gheeeeew|[spread] p2a,p1a,p1b
|-resisted|p2a: Venusaur|1
|-resisted|p1b: Gheeeeew|1
|-damage|p2a: Venusaur|71/100
|-damage|p1a: Titania|62/100
|-damage|p1b: Gheeeeew|75/100
|
|-heal|p1b: Gheeeeew|81/100|[from] item: Leftovers
|-heal|p2b: Empoleon|92/100|[from] item: Leftovers
|upkeep
|turn|5
|inactive|Slayermen34 has 30 seconds left.
|inactive|Slayermen34 has 20 seconds left.
|inactive|Slayermen34 has 15 seconds left.
|
|t:|1783052462
|move|p2b: Empoleon|Protect|p2b: Empoleon
|-singleturn|p2b: Empoleon|Protect
|move|p1a: Titania|Calm Mind|p1a: Titania
|-boost|p1a: Titania|spa|1
|-boost|p1a: Titania|spd|1
|move|p2a: Venusaur|Sleep Powder|p1a: Titania
|-status|p1a: Titania|slp|[from] move: Sleep Powder
|move|p1b: Gheeeeew|Acid Armor|p1b: Gheeeeew
|-boost|p1b: Gheeeeew|def|2
|
|-heal|p1b: Gheeeeew|87/100|[from] item: Leftovers
|-heal|p2b: Empoleon|98/100|[from] item: Leftovers
|upkeep
|turn|6
|
|t:|1783052486
|cant|p1a: Titania|slp
|move|p2a: Venusaur|Sludge Wave|p1b: Gheeeeew|[spread] p1a,p1b
|-immune|p2b: Empoleon
|-supereffective|p1a: Titania|1
|-damage|p1a: Titania|42/100 slp
|-damage|p1b: Gheeeeew|72/100
|move|p1b: Gheeeeew|Thunderbolt|p2b: Empoleon
|-supereffective|p2b: Empoleon|1
|-end|p2b: Empoleon|Substitute
|move|p2b: Empoleon|Surf|p1b: Gheeeeew|[spread] p2a,p1a,p1b
|-resisted|p2a: Venusaur|1
|-resisted|p1b: Gheeeeew|1
|-damage|p2a: Venusaur|56/100
|-damage|p1a: Titania|33/100 slp
|-damage|p1b: Gheeeeew|66/100
|
|-heal|p1b: Gheeeeew|72/100|[from] item: Leftovers
|-heal|p2b: Empoleon|100/100|[from] item: Leftovers
|upkeep
|turn|7
|
|t:|1783052503
|cant|p1a: Titania|slp
|move|p2a: Venusaur|Sludge Wave|p1a: Titania|[spread] p1a,p1b
|-immune|p2b: Empoleon
|-supereffective|p1a: Titania|1
|-damage|p1a: Titania|13/100 slp
|-damage|p1b: Gheeeeew|57/100
|move|p1b: Gheeeeew|Thunderbolt|p2b: Empoleon
|-supereffective|p2b: Empoleon|1
|-damage|p2b: Empoleon|60/100
|-status|p2b: Empoleon|par
|move|p2b: Empoleon|Substitute|p2b: Empoleon
|-start|p2b: Empoleon|Substitute
|-damage|p2b: Empoleon|35/100 par
|
|-heal|p1b: Gheeeeew|63/100|[from] item: Leftovers
|-heal|p2b: Empoleon|41/100 par|[from] item: Leftovers
|upkeep
|turn|8
|
|t:|1783052519
|-curestatus|p1a: Titania|slp|[msg]
|move|p1a: Titania|Hyper Voice|p2a: Venusaur|[spread] p2a,p2b
|-resisted|p2a: Venusaur|1
|-resisted|p2b: Empoleon|1
|-damage|p2a: Venusaur|2/100
|-damage|p2b: Empoleon|8/100 par
|move|p2a: Venusaur|Sludge Wave|p1a: Titania|[spread] p1a,p1b
|-immune|p2b: Empoleon
|-supereffective|p1a: Titania|1
|-damage|p1a: Titania|0 fnt
|-damage|p1b: Gheeeeew|50/100g
|faint|p1a: Titania
|move|p1b: Gheeeeew|Thunderbolt|p2b: Empoleon
|-supereffective|p2b: Empoleon|1
|-end|p2b: Empoleon|Substitute
|move|p2b: Empoleon|Roost|p2b: Empoleon
|-heal|p2b: Empoleon|59/100 par
|-singleturn|p2b: Empoleon|move: Roost
|
|-heal|p1b: Gheeeeew|56/100|[from] item: Leftovers
|-heal|p2b: Empoleon|64/100 par|[from] item: Leftovers
|-sideend|p1: Slayermen34|Reflect
|upkeep
|
|t:|1783052536
|switch|p1a: Grond|Mamoswine, L50, M|100/100
|turn|9
|
|t:|1783052555
|move|p2b: Empoleon|Protect|p2b: Empoleon
|-singleturn|p2b: Empoleon|Protect
|move|p1a: Grond|Earthquake|p2a: Venusaur|[spread] p1b,p2a
|-activate|p2b: Empoleon|move: Protect
|-damage|p1b: Gheeeeew|34/100
|-damage|p2a: Venusaur|0 fnt
|faint|p2a: Venusaur
|-damage|p1a: Grond|90/100|[from] item: Life Orb
|move|p1b: Gheeeeew|Thunderbolt|p2b: Empoleon
|-activate|p2b: Empoleon|move: Protect
|
|-heal|p1b: Gheeeeew|40/100|[from] item: Leftovers
|-heal|p2b: Empoleon|70/100 par|[from] item: Leftovers
|-sideend|p1: Slayermen34|move: Light Screen
|upkeep
|
|t:|1783052561
|switch|p2a: Swampert|Swampert, L50, M|100/100
|turn|10
|
|t:|1783052573
|detailschange|p2a: Swampert|Swampert-Mega, L50, M
|-mega|p2a: Swampert|Swampert|Swampertite
|move|p2b: Empoleon|Protect|p2b: Empoleon
|-singleturn|p2b: Empoleon|Protect
|move|p1a: Grond|Earthquake|p2a: Swampert|[spread] p1b,p2a
|-activate|p2b: Empoleon|move: Protect
|-damage|p1b: Gheeeeew|20/100y
|-damage|p2a: Swampert|60/100
|-damage|p1a: Grond|80/100|[from] item: Life Orb
|move|p1b: Gheeeeew|Giga Drain|p2a: Swampert
|-supereffective|p2a: Swampert|2
|-damage|p2a: Swampert|0 fnt
|-heal|p1b: Gheeeeew|52/100|[from] drain|[of] p2a: Swampert
|faint|p2a: Swampert
|
|-heal|p1b: Gheeeeew|58/100|[from] item: Leftovers
|-heal|p2b: Empoleon|76/100 par|[from] item: Leftovers
|upkeep
|turn|11
|
|t:|1783052593
|move|p1a: Grond|Earthquake|p2b: Empoleon|[spread] p1b,p2b
|-supereffective|p2b: Empoleon|1
|-damage|p1b: Gheeeeew|39/100
|-damage|p2b: Empoleon|0 fnt
|faint|p2b: Empoleon
|-damage|p1a: Grond|71/100|[from] item: Life Orb
|
|win|Slayermen34
||GetSlagged is ready for game 2.
|inactive|Slayermen34 has 30 seconds to confirm battle start!
||Slayermen34 is ready for game 2.
|uhtml|next|Next: Game 2 of 3
