|j|☆chestnot
|j|☆gastengo
|html|chestnotgastengo    
|uhtml|bestof|Game 1 of a best-of-3
|t:|1757826383
|gametype|doubles
|player|p1|chestnot|collector|1003
|player|p2|gastengo|265|1014
|gen|9
|tier|[Gen 9] VGC 2025 Reg H (Bo3)
|rated|
|rule|Species Clause: Limit one of each Pokémon
|rule|Item Clause: Limit 1 of each item
|clearpoke
|poke|p1|Incineroar, L50, M|
|poke|p1|Tauros-Paldea-Aqua, L50, M|
|poke|p1|Volcarona, L50, M|
|poke|p1|Rillaboom, L50, M|
|poke|p1|Sableye, L50, M|
|poke|p1|Weezing-Galar, L50, M|
|poke|p2|Pelipper, L50, M|
|poke|p2|Archaludon, L50, M|
|poke|p2|Sinistcha, L50|
|poke|p2|Basculegion, L50, M|
|poke|p2|Murkrow, L50, F|
|poke|p2|Araquanid, L50, M|
|teampreview|4
|showteam|p1|Incineroar||AssaultVest|Intimidate|Uturn,FakeOut,KnockOff,Snarl|||M|||50|,,,,,Bug]Tauros-Paldea-Aqua||LifeOrb|Intimidate|CloseCombat,RagingBull,Protect,HighHorsepower|||M|||50|,,,,,Stellar]Volcarona||GrassySeed|FlameBody|StruggleBug,QuiverDance,FieryDance,Protect|||M|||50|,,,,,Water]Rillaboom||MiracleSeed|GrassySurge|WoodHammer,GrassyGlide,FakeOut,SwordsDance|||M|||50|,,,,,Grass]Sableye||LightClay|Prankster|Snarl,WillOWisp,Reflect,LightScreen|||M|||50|,,,,,Dark]Weezing-Galar||Leftovers|Levitate|StrangeSteam,Protect,SludgeBomb,WillOWisp|||M|||50|,,,,,Fairy
|showteam|p2|Pelipper||AbilityShield|Drizzle|WideGuard,Hurricane,WeatherBall,Tailwind|||M|||50|,,,,,Flying]Archaludon||AssaultVest|Stalwart|ElectroShot,FlashCannon,Thunderbolt,DragonPulse|||M|||50|,,,,,Electric]Sinistcha||EjectButton|Hospitality|MatchaGotcha,RagePowder,StrengthSap,TrickRoom||||||50|,,,,,Water]Basculegion||ChoiceBand|SwiftSwim|WaveCrash,DoubleEdge,Liquidation,PsychicFangs|||M|||50|,,,,,Water]Murkrow||Eviolite|Prankster|RainDance,Tailwind,FoulPlay,Haze|||F|||50|,,,,,Fairy]Araquanid||LifeOrb|WaterBubble|Liquidation,BodySlam,Waterfall,Protect|||M|||50|,,,,,Water
|inactive|Battle timer is ON: inactive players will automatically lose when time's up. (requested by gastengo)
|inactive|chestnot also wants the timer to be on.
|inactive|chestnot has 60 seconds left.
|inactive|chestnot has 30 seconds left.
|
|t:|1757826445
|teamsize|p1|4
|teamsize|p2|4
|start
|switch|p1a: Tauros|Tauros-Paldea-Aqua, L50, M|100/100
|switch|p1b: Incineroar|Incineroar, L50, M|100/100
|switch|p2a: Pelipper|Pelipper, L50, M, shiny|100/100
|switch|p2b: Basculegion|Basculegion, L50, M|100/100
|-ability|p1a: Tauros|Intimidate|boost
|-unboost|p2a: Pelipper|atk|1
|-unboost|p2b: Basculegion|atk|1
|-weather|RainDance|[from] ability: Drizzle|[of] p2a: Pelipper
|-ability|p1b: Incineroar|Intimidate|boost
|-unboost|p2a: Pelipper|atk|1
|-unboost|p2b: Basculegion|atk|1
|turn|1
|inactive|chestnot has 30 seconds left.
|inactive|gastengo has 30 seconds left.
|inactive|chestnot has 20 seconds left.
|inactive|gastengo has 20 seconds left.
|
|t:|1757826485
|switch|p1b: Rillaboom|Rillaboom, L50, M|100/100
|-fieldstart|move: Grassy Terrain|[from] ability: Grassy Surge|[of] p1b: Rillaboom
|-terastallize|p2b: Basculegion|Water
|move|p2b: Basculegion|Wave Crash|p1a: Tauros
|-resisted|p1a: Tauros
|-damage|p1a: Tauros|44/100
|-damage|p2b: Basculegion|86/100|[from] Recoil
|move|p1a: Tauros|Raging Bull|p2b: Basculegion
|-resisted|p2b: Basculegion
|-damage|p2b: Basculegion|33/100
|-damage|p1a: Tauros|34/100|[from] item: Life Orb
|move|p2a: Pelipper|Weather Ball|p1b: Rillaboom
|-resisted|p1b: Rillaboom
|-damage|p1b: Rillaboom|52/100
|
|-weather|RainDance|[upkeep]
|-heal|p2b: Basculegion|39/100|[from] Grassy Terrain
|-heal|p1a: Tauros|40/100|[from] Grassy Terrain
|-heal|p1b: Rillaboom|58/100|[from] Grassy Terrain
|upkeep
|turn|2
|inactive|chestnot has 30 seconds left.
|
|t:|1757826513
|switch|p2b: Archaludon|Archaludon, L50, M|100/100
|move|p1b: Rillaboom|Grassy Glide|p2a: Pelipper
|-damage|p2a: Pelipper|55/100
|move|p1a: Tauros|Raging Bull|p2a: Pelipper
|-resisted|p2a: Pelipper
|-damage|p2a: Pelipper|8/100
|-damage|p1a: Tauros|30/100|[from] item: Life Orb
|move|p2a: Pelipper|Hurricane|p1b: Rillaboom
|-supereffective|p1b: Rillaboom
|-damage|p1b: Rillaboom|0 fnt
|faint|p1b: Rillaboom
|
|-weather|RainDance|[upkeep]
|-heal|p1a: Tauros|36/100|[from] Grassy Terrain
|upkeep
|
|t:|1757826529
|switch|p1b: Weezing|Weezing-Galar, L50, M|100/100
|turn|3
|
|t:|1757826541
|move|p1a: Tauros|Raging Bull|p2a: Pelipper
|-resisted|p2a: Pelipper
|-damage|p2a: Pelipper|0 fnt
|faint|p2a: Pelipper
|-damage|p1a: Tauros|26/100|[from] item: Life Orb
|move|p2b: Archaludon|Electro Shot||[still]
|-prepare|p2b: Archaludon|Electro Shot
|-boost|p2b: Archaludon|spa|1
|-anim|p2b: Archaludon|Electro Shot|p1a: Tauros
|-supereffective|p1a: Tauros
|-damage|p1a: Tauros|0 fnt
|faint|p1a: Tauros
|move|p1b: Weezing|Strange Steam|p2b: Archaludon
|-damage|p2b: Archaludon|73/100
|
|-weather|RainDance|[upkeep]
|-heal|p2b: Archaludon|79/100|[from] Grassy Terrain
|upkeep
|
|t:|1757826556
|switch|p1a: Incineroar|Incineroar, L50, M|100/100
|switch|p2a: Basculegion|Basculegion, L50, M, tera:Water|39/100
|-ability|p1a: Incineroar|Intimidate|boost
|-unboost|p2a: Basculegion|atk|1
|-unboost|p2b: Archaludon|atk|1
|turn|4
|inactive|chestnot has 30 seconds left.
|
|t:|1757826589
|move|p1a: Incineroar|Fake Out|p2a: Basculegion
|-damage|p2a: Basculegion|20/100
|cant|p2a: Basculegion|flinch
|move|p2b: Archaludon|Flash Cannon|p1b: Weezing
|-supereffective|p1b: Weezing
|-damage|p1b: Weezing|0 fnt
|faint|p1b: Weezing
|
|-weather|RainDance|[upkeep]
|-heal|p2a: Basculegion|26/100|[from] Grassy Terrain
|-heal|p2b: Archaludon|85/100|[from] Grassy Terrain
|upkeep
|turn|5
|
|t:|1757826602
|move|p2a: Basculegion|Wave Crash|p1a: Incineroar
|-supereffective|p1a: Incineroar
|-damage|p1a: Incineroar|0 fnt
|faint|p1a: Incineroar
|-damage|p2a: Basculegion|0 fnt|[from] Recoil
|faint|p2a: Basculegion
|
|win|gastengo
||chestnot is ready for game 2.
||gastengo is ready for game 2.
|uhtml|next|Next: Game 2 of 3
