|j|☆Billtie
|j|☆TMJS01
|html|BilltieTMJS01    
|uhtml|bestof|Game 1 of a best-of-3
|t:|1782179416
|gametype|doubles
|player|p1|Billtie|ltsurge|1149
|player|p2|TMJS01|unknown|1319
|gen|9
|tier|[Gen 9 Champions] VGC 2026 Reg M-B (Bo3)
|rated|
|rule|Species Clause: Limit one of each Pokémon
|rule|Item Clause: Limit 1 of each item
|clearpoke
|poke|p1|Metagross, L50|
|poke|p1|Pelipper, L50, M|
|poke|p1|Hydreigon, L50, M|
|poke|p1|Raichu, L50, F|
|poke|p1|Swampert, L50, F|
|poke|p1|Sinistcha, L50|
|poke|p2|Sinistcha, L50|
|poke|p2|Incineroar, L50, M|
|poke|p2|Garchomp, L50, F|
|poke|p2|Floette-Eternal, L50, F|
|poke|p2|Vivillon, L50, F|
|poke|p2|Delphox, L50, M|
|teampreview|4
|showteam|p1|Metagross||Metagrossite|ClearBody|IronDefense,BodyPress,PsychicFangs,Protect|Careful|||||50|]Pelipper||WacanBerry|Drizzle|Tailwind,WeatherBall,Hurricane,Protect|Bold||M|||50|]Hydreigon||LifeOrb|Levitate|DarkPulse,DragonPulse,EarthPower,Protect|Timid||M|||50|]Raichu||FocusSash|LightningRod|FakeOut,Nuzzle,VoltSwitch,Protect|Serious||F|||50|]Swampert||Swampertite|Torrent|Earthquake,FlipTurn,Liquidation,Protect|Adamant||F|||50|]Sinistcha||ColburBerry|Hospitality|TrickRoom,RagePowder,MatchaGotcha,Protect|Relaxed|||||50|
|showteam|p2|Sinistcha||KasibBerry|Hospitality|MatchaGotcha,RagePowder,TrickRoom,LifeDew|Relaxed|||||50|]Incineroar||ChopleBerry|Intimidate|ThroatChop,FlareBlitz,PartingShot,FakeOut|Impish||M|||50|]Garchomp||LifeOrb|RoughSkin|ScaleShot,StompingTantrum,Protect,RockTomb|Jolly||F|||50|]Floette-Eternal||Floettite|FlowerVeil|Protect,CalmMind,Moonblast,DazzlingGleam|Modest||F|||50|]Vivillon||FocusSash|CompoundEyes|SleepPowder,Hurricane,Protect,Tailwind|Timid||F|||50|]Delphox||Delphoxite|Blaze|NastyPlot,HeatWave,Psyshock,Protect|Timid||M|||50|
|inactive|Battle timer is ON: inactive players will automatically lose when time's up. (requested by Billtie)
|inactive|TMJS01 also wants the timer to be on.
|
|t:|1782179431
|teamsize|p1|4
|teamsize|p2|4
|start
|switch|p1a: Metagross|Metagross, L50|100/100
|switch|p1b: Pelipper|Pelipper, L50, M|100/100
|switch|p2a: Incineroar|Incineroar, L50, M|100/100
|switch|p2b: Floette|Floette-Eternal, L50, F|100/100
|-ability|p2a: Incineroar|Intimidate|boost
|-fail|p1a: Metagross|unboost|[from] ability: Clear Body|[of] p1a: Metagross
|-unboost|p1b: Pelipper|atk|1
|-weather|RainDance|[from] ability: Drizzle|[of] p1b: Pelipper
|turn|1
|
|t:|1782179444
|switch|p2b: Garchomp|Garchomp, L50, F|100/100
|detailschange|p1a: Metagross|Metagross-Mega, L50
|-mega|p1a: Metagross|Metagross|Metagrossite
|move|p2a: Incineroar|Fake Out|p1b: Pelipper
|-damage|p1b: Pelipper|91/100
|move|p1a: Metagross|Iron Defense|p1a: Metagross
|-boost|p1a: Metagross|def|2
|cant|p1b: Pelipper|flinch
|
|-weather|RainDance|[upkeep]
|upkeep
|turn|2
|
|t:|1782179454
|move|p1a: Metagross|Protect|p1a: Metagross
|-singleturn|p1a: Metagross|Protect
|move|p2b: Garchomp|Rock Tomb|p1b: Pelipper
|-supereffective|p1b: Pelipper|1
|-damage|p1b: Pelipper|42/100
|-unboost|p1b: Pelipper|spe|1
|-damage|p2b: Garchomp|90/100|[from] item: Life Orb
|move|p2a: Incineroar|Throat Chop|p1a: Metagross
|-activate|p1a: Metagross|move: Protect
|move|p1b: Pelipper|Tailwind|p1b: Pelipper
|-sidestart|p1: Billtie|move: Tailwind
|
|-weather|RainDance|[upkeep]
|upkeep
|turn|3
|inactive|Billtie has 30 seconds left.
|
|t:|1782179482
|switch|p2a: Sinistcha|Sinistcha, L50|100/100
|-heal|p2b: Garchomp|100/100|[from] ability: Hospitality|[of] p2a: Sinistcha
|move|p1a: Metagross|Body Press|p2a: Sinistcha
|-immune|p2a: Sinistcha
|move|p2b: Garchomp|Rock Tomb|p1b: Pelipper
|-supereffective|p1b: Pelipper|1
|-damage|p1b: Pelipper|0 fnt
|faint|p1b: Pelipper
|-damage|p2b: Garchomp|90/100|[from] item: Life Orb
|
|-weather|RainDance|[upkeep]
|upkeep
|
|t:|1782179488
|switch|p1b: Raichu|Raichu, L50, F|100/100
|turn|4
|
|t:|1782179498
|switch|p2b: Incineroar|Incineroar, L50, M|100/100
|-ability|p2b: Incineroar|Intimidate|boost
|-unboost|p1a: Metagross|atk|1
|-unboost|p1b: Raichu|atk|1
|move|p2a: Sinistcha|Rage Powder|p2a: Sinistcha
|-singleturn|p2a: Sinistcha|move: Rage Powder
|move|p1b: Raichu|Nuzzle|p2a: Sinistcha
|-resisted|p2a: Sinistcha|1
|-crit|p2a: Sinistcha
|-damage|p2a: Sinistcha|94/100
|-status|p2a: Sinistcha|par
|move|p1a: Metagross|Iron Defense|p1a: Metagross
|-boost|p1a: Metagross|def|2
|
|-weather|RainDance|[upkeep]
|upkeep
|turn|5
|
|t:|1782179516
|move|p1b: Raichu|Protect|p1b: Raichu
|-singleturn|p1b: Raichu|Protect
|move|p2b: Incineroar|Fake Out|p1a: Metagross
|-resisted|p1a: Metagross|1
|-damage|p1a: Metagross|98/100
|cant|p1a: Metagross|flinch
|move|p2a: Sinistcha|Matcha Gotcha|p1b: Raichu|[spread] p1a
|-activate|p1b: Raichu|move: Protect
|-resisted|p1a: Metagross|1
|-damage|p1a: Metagross|91/100
|-heal|p2a: Sinistcha|98/100 par|[from] drain|[of] p1a: Metagross
|-status|p1a: Metagross|brn
|
|-weather|none
|-damage|p1a: Metagross|85/100 brn|[from] brn
|-sideend|p1: Billtie|move: Tailwind
|upkeep
|turn|6
|
|t:|1782179528
|move|p1b: Raichu|Nuzzle|p2b: Incineroar
|-damage|p2b: Incineroar|96/100
|-status|p2b: Incineroar|par
|move|p1a: Metagross|Body Press|p2b: Incineroar
|-supereffective|p2b: Incineroar|1
|-enditem|p2b: Incineroar|Chople Berry|[eat]
|-enditem|p2b: Incineroar|Chople Berry|[weaken]
|-damage|p2b: Incineroar|56/100 par
|move|p2b: Incineroar|Flare Blitz|p1b: Raichu
|-enditem|p1b: Raichu|Focus Sash
|-damage|p1b: Raichu|1/100
|-damage|p2b: Incineroar|33/100 par|[from] Recoil
|move|p2a: Sinistcha|Matcha Gotcha|p1b: Raichu|[spread] p1a,p1b
|-resisted|p1a: Metagross|1
|-damage|p1a: Metagross|78/100 brn
|-heal|p2a: Sinistcha|100/100 par|[from] drain|[of] p1a: Metagross
|-damage|p1b: Raichu|0 fnt
|faint|p1b: Raichu
|
|-damage|p1a: Metagross|72/100 brn|[from] brn
|upkeep
|
|t:|1782179536
|switch|p1b: Sinistcha|Sinistcha, L50|100/100
|-heal|p1a: Metagross|96/100 brn|[from] ability: Hospitality|[of] p1b: Sinistcha
|turn|7
|
|t:|1782179545
|move|p1b: Sinistcha|Rage Powder|p1b: Sinistcha
|-singleturn|p1b: Sinistcha|move: Rage Powder
|move|p2a: Sinistcha|Rage Powder|p2a: Sinistcha
|-singleturn|p2a: Sinistcha|move: Rage Powder
|move|p1a: Metagross|Body Press|p2a: Sinistcha
|-immune|p2a: Sinistcha
|cant|p2b: Incineroar|par
|
|-damage|p1a: Metagross|90/100 brn|[from] brn
|upkeep
|turn|8
|
|t:|1782179567
|move|p1b: Sinistcha|Rage Powder|p1b: Sinistcha
|-singleturn|p1b: Sinistcha|move: Rage Powder
|move|p2a: Sinistcha|Rage Powder|p2a: Sinistcha
|-singleturn|p2a: Sinistcha|move: Rage Powder
|move|p1a: Metagross|Body Press|p2a: Sinistcha
|-immune|p2a: Sinistcha
|move|p2b: Incineroar|Flare Blitz|p1b: Sinistcha
|-supereffective|p1b: Sinistcha|1
|-damage|p1b: Sinistcha|34/100
|-damage|p2b: Incineroar|13/100 par|[from] Recoil
|
|-damage|p1a: Metagross|85/100 brn|[from] brn
|upkeep
|turn|9
|
|t:|1782179576
|move|p1b: Sinistcha|Rage Powder|p1b: Sinistcha
|-singleturn|p1b: Sinistcha|move: Rage Powder
|move|p2a: Sinistcha|Rage Powder|p2a: Sinistcha
|-singleturn|p2a: Sinistcha|move: Rage Powder
|move|p1a: Metagross|Body Press|p2a: Sinistcha
|-immune|p2a: Sinistcha
|move|p2b: Incineroar|Flare Blitz|p1b: Sinistcha
|-supereffective|p1b: Sinistcha|1
|-damage|p1b: Sinistcha|0 fnt
|faint|p1b: Sinistcha
|-damage|p2b: Incineroar|3/100 par|[from] Recoil
|
|-damage|p1a: Metagross|79/100 brn|[from] brn
|upkeep
|turn|10
|
|t:|1782179585
|move|p2a: Sinistcha|Rage Powder|p2a: Sinistcha
|-singleturn|p2a: Sinistcha|move: Rage Powder
|move|p1a: Metagross|Body Press|p2a: Sinistcha
|-immune|p2a: Sinistcha
|move|p2b: Incineroar|Parting Shot|p1a: Metagross
|-unboost|p1a: Metagross|atk|1
|-unboost|p1a: Metagross|spa|1
|
|t:|1782179587
|switch|p2b: Garchomp|Garchomp, L50, F|90/100|[from] Parting Shot
|
|-damage|p1a: Metagross|73/100 brn|[from] brn
|upkeep
|turn|11
|
|t:|1782179589
|switch|p2b: Incineroar|Incineroar, L50, M|3/100 par
|-ability|p2b: Incineroar|Intimidate|boost
|-unboost|p1a: Metagross|atk|1
|move|p2a: Sinistcha|Rage Powder|p2a: Sinistcha
|-singleturn|p2a: Sinistcha|move: Rage Powder
|move|p1a: Metagross|Body Press|p2a: Sinistcha
|-immune|p2a: Sinistcha
|
|-damage|p1a: Metagross|67/100 brn|[from] brn
|upkeep
|turn|12
|
|t:|1782179592
|cant|p2a: Sinistcha|par
|move|p1a: Metagross|Body Press|p2b: Incineroar
|-supereffective|p2b: Incineroar|1
|-damage|p2b: Incineroar|0 fnt
|faint|p2b: Incineroar
|
|-damage|p1a: Metagross|61/100 brn|[from] brn
|upkeep
|
|t:|1782179594
|switch|p2b: Floette|Floette-Eternal, L50, F|100/100
|turn|13
|
|t:|1782179600
|detailschange|p2b: Floette|Floette-Mega, L50, F
|-mega|p2b: Floette|Floette|Floettite
|-ability|p2b: Floette|Fairy Aura
|move|p2a: Sinistcha|Rage Powder|p2a: Sinistcha
|-singleturn|p2a: Sinistcha|move: Rage Powder
|move|p1a: Metagross|Body Press|p2a: Sinistcha
|-immune|p2a: Sinistcha
|move|p2b: Floette|Moonblast|p1a: Metagross
|-resisted|p1a: Metagross|1
|-damage|p1a: Metagross|36/100 brn
|
|-damage|p1a: Metagross|30/100 brn|[from] brn
|upkeep
|turn|14
|
|t:|1782179606
|move|p2a: Sinistcha|Rage Powder|p2a: Sinistcha
|-singleturn|p2a: Sinistcha|move: Rage Powder
|move|p1a: Metagross|Body Press|p2a: Sinistcha
|-immune|p2a: Sinistcha
|move|p2b: Floette|Moonblast|p1a: Metagross
|-resisted|p1a: Metagross|1
|-damage|p1a: Metagross|5/100 brn
|
|-damage|p1a: Metagross|0 fnt|[from] brn
|faint|p1a: Metagross
|
|win|TMJS01
|l|☆Billtie
|player|p1|
||Billtie is ready for game 2.
|inactive|TMJS01 has 30 seconds to confirm battle start!
||TMJS01 is ready for game 2.
|uhtml|next|Next: Game 2 of 3
