|j|☆Lucariocrown
|j|☆dubbies
|html|Lucariocrowndubbies    
|uhtml|bestof|Game 1 of a best-of-3
|t:|1756649680
|gametype|doubles
|player|p1|Lucariocrown|2|1000
|player|p2|dubbies|hoopster|1043
|gen|9
|tier|[Gen 9] VGC 2025 Reg H (Bo3)
|rated|
|rule|Species Clause: Limit one of each Pokémon
|rule|Item Clause: Limit 1 of each item
|clearpoke
|poke|p1|Conkeldurr, L50, F|
|poke|p1|Ursaluna, L50, F|
|poke|p1|Arcanine-Hisui, L50, F|
|poke|p1|Primarina, L50, M|
|poke|p1|Volcarona, L50, M|
|poke|p1|Whimsicott, L50, F|
|poke|p2|Gholdengo, L50|
|poke|p2|Grimmsnarl, L50, M|
|poke|p2|Maushold, L50|
|poke|p2|Dragonite, L50, M|
|poke|p2|Pelipper, L50, M|
|poke|p2|Archaludon, L50, F|
|teampreview|4
|showteam|p1|Conkeldurr||LifeOrb|SheerForce|RockSlide,CloseCombat,HammerArm,Protect|||F|||50|,,,,,Fighting]Ursaluna||FlameOrb|Guts|HeadlongRush,Facade,Curse,Protect|||F|||50|,,,,,Ground]Arcanine-Hisui||Leftovers|Intimidate|FlareBlitz,Protect,StealthRock,RockSlide|||F|||50|,,,,,Ghost]Primarina||EjectPack|LiquidVoice|Moonblast,HyperVoice,Haze,Protect|||M|||50|,,,,,Poison]Volcarona||AssaultVest|FlameBody|StruggleBug,HeatWave,Protect,RagePowder|||M|||50|,,,,,Bug]Whimsicott||FocusSash|Prankster|TeraBlast,Tailwind,Protect,CottonSpore|||F|||50|,,,,,Ground
|showteam|p2|Gholdengo||LifeOrb|GoodasGold|MakeItRain,ShadowBall,NastyPlot,Protect||||||50|,,,,,Water]Grimmsnarl||LightClay|Prankster|FoulPlay,LightScreen,Reflect,ThunderWave|||M|||50|,,,,,Ghost]Maushold||SafetyGoggles|FriendGuard|Protect,SuperFang,FollowMe,BeatUp||||||50|,,,,,Ghost]Dragonite||LoadedDice|Multiscale|Protect,ScaleShot,ExtremeSpeed,Tailwind|||M|||50|,,,,,Steel]Pelipper||FocusSash|Drizzle|Protect,MuddyWater,Hurricane,Tailwind|||M|||50|,,,,,Ground]Archaludon||AssaultVest|Stamina|DracoMeteor,ElectroShot,BodyPress,Snarl|||F|||50|,,,,,Bug
|inactive|Battle timer is ON: inactive players will automatically lose when time's up. (requested by dubbies)
|inactive|dubbies has 60 seconds left.
|
|t:|1756649719
|teamsize|p1|4
|teamsize|p2|4
|start
|switch|p1a: Ursaluna|Ursaluna, L50, F|100/100
|switch|p1b: Primarina|Primarina, L50, M|100/100
|switch|p2a: Pelipper|Pelipper, L50, M, shiny|100/100
|switch|p2b: Maushold|Maushold, L50, shiny|100/100
|-weather|RainDance|[from] ability: Drizzle|[of] p2a: Pelipper
|turn|1
|inactive|Lucariocrown has 30 seconds left.
|inactive|Lucariocrown has 20 seconds left.
|
|t:|1756649757
|switch|p1a: Whimsicott|Whimsicott, L50, F|100/100
|move|p2b: Maushold|Super Fang|p1b: Primarina
|-damage|p1b: Primarina|51/100
|move|p2a: Pelipper|Muddy Water|p1b: Primarina|[spread] p1a,p1b
|-resisted|p1a: Whimsicott
|-crit|p1a: Whimsicott
|-resisted|p1b: Primarina
|-damage|p1a: Whimsicott|64/100
|-damage|p1b: Primarina|33/100
|-unboost|p1b: Primarina|accuracy|1
|-enditem|p1b: Primarina|Eject Pack
|j| Hackervgc
|
|t:|1756649770
|switch|p1b: Arcanine|Arcanine-Hisui, L50, F|100/100
|-ability|p1b: Arcanine|Intimidate|boost
|-unboost|p2a: Pelipper|atk|1
|-unboost|p2b: Maushold|atk|1
|
|-weather|RainDance|[upkeep]
|upkeep
|turn|2
|inactive|dubbies has 30 seconds left.
|
|t:|1756649802
|move|p1a: Whimsicott|Tailwind|p1a: Whimsicott
|-sidestart|p1: Lucariocrown|move: Tailwind
|move|p1b: Arcanine|Rock Slide|p2b: Maushold|[spread] p2b
|-miss|p1b: Arcanine|p2a: Pelipper
|-damage|p2b: Maushold|71/100
|move|p2b: Maushold|Super Fang|p1a: Whimsicott
|-damage|p1a: Whimsicott|32/100
|move|p2a: Pelipper|Muddy Water|p1a: Whimsicott|[spread] p1a,p1b
|-resisted|p1a: Whimsicott
|-supereffective|p1b: Arcanine
|-damage|p1a: Whimsicott|8/100
|-damage|p1b: Arcanine|0 fnt
|-unboost|p1a: Whimsicott|accuracy|1
|faint|p1b: Arcanine
|
|-weather|RainDance|[upkeep]
|upkeep
|
|t:|1756649825
|switch|p1b: Ursaluna|Ursaluna, L50, F|100/100
|turn|3
|inactive|Lucariocrown has 30 seconds left.
|
|t:|1756649855
|move|p1a: Whimsicott|Tera Blast|p2b: Maushold
|-damage|p2b: Maushold|51/100
|move|p1b: Ursaluna|Facade|p2a: Pelipper
|-damage|p2a: Pelipper|60/100
|move|p2b: Maushold|Super Fang|p1b: Ursaluna
|-damage|p1b: Ursaluna|50/100
|move|p2a: Pelipper|Muddy Water|p1b: Ursaluna|[spread] p1a
|-miss|p2a: Pelipper|p1b: Ursaluna
|-resisted|p1a: Whimsicott
|-damage|p1a: Whimsicott|0 fnt
|faint|p1a: Whimsicott
|
|-weather|RainDance|[upkeep]
|-status|p1b: Ursaluna|brn|[from] item: Flame Orb
|upkeep
|l| Hackervgc
|
|t:|1756649875
|switch|p1a: Primarina|Primarina, L50, M|33/100
|turn|4
|
|t:|1756649894
|-terastallize|p2b: Maushold|Ghost
|move|p2b: Maushold|Follow Me|p2b: Maushold
|-singleturn|p2b: Maushold|move: Follow Me
|move|p1b: Ursaluna|Facade|p2b: Maushold
|-immune|p2b: Maushold
|move|p1a: Primarina|Moonblast|p2b: Maushold
|-damage|p2b: Maushold|0 fnt
|faint|p2b: Maushold
|move|p2a: Pelipper|Tailwind|p2a: Pelipper
|-sidestart|p2: dubbies|move: Tailwind
|
|-weather|RainDance|[upkeep]
|-damage|p1b: Ursaluna|44/100 brn|[from] brn
|upkeep
|
|t:|1756649916
|switch|p2b: Archaludon|Archaludon, L50, F, shiny|100/100
|turn|5
|
|t:|1756649937
|move|p2b: Archaludon|Electro Shot||[still]
|-prepare|p2b: Archaludon|Electro Shot
|-boost|p2b: Archaludon|spa|1
|-anim|p2b: Archaludon|Electro Shot|p1a: Primarina
|-supereffective|p1a: Primarina
|-damage|p1a: Primarina|0 fnt
|faint|p1a: Primarina
|move|p2a: Pelipper|Muddy Water|p1b: Ursaluna
|-supereffective|p1b: Ursaluna
|-damage|p1b: Ursaluna|0 fnt
|faint|p1b: Ursaluna
|
|win|dubbies
