|j|☆Luks1220
|j|☆theghostgymleader
|html|Luks1220theghostgymleader    
|uhtml|bestof|Game 2 of a best-of-3
|t:|1783792389
|gametype|doubles
|player|p1|Luks1220|volkner|
|player|p2|theghostgymleader|brycenman|
|gen|9
|tier|[Gen 9 Champions] VGC 2026 Reg M-B (Bo3)
|rule|Species Clause: Limit one of each Pokémon
|rule|Item Clause: Limit 1 of each item
|clearpoke
|poke|p1|Falinks, L50|
|poke|p1|Sinistcha, L50|
|poke|p1|Incineroar, L50, M|
|poke|p1|Rotom-Wash, L50|
|poke|p1|Dragalge, L50, M|
|poke|p1|Glimmora, L50, F|
|poke|p2|Gengar, L50, M, shiny|
|poke|p2|Froslass, L50, F, shiny|
|poke|p2|Decidueye, L50, M, shiny|
|poke|p2|Skeledirge, L50, F, shiny|
|poke|p2|Basculegion, L50, M, shiny|
|poke|p2|Sableye, L50, F|
|teampreview|4
|showteam|p1|Falinks||Falinksite|Defiant|NoRetreat,CloseCombat,IronHead,Protect|Adamant|||||50|]Sinistcha||KasibBerry|Hospitality|MatchaGotcha,Protect,RagePowder,StrengthSap|Bold|||||50|]Incineroar||ChopleBerry|Intimidate|FakeOut,PartingShot,DarkestLariat,FlareBlitz|Impish||M|||50|]Rotom-Wash||SitrusBerry|Levitate|Thunderbolt,WillOWisp,HydroPump,LightScreen|Bold|||||50|]Dragalge||Dragalgite|Adaptability|SludgeBomb,FlipTurn,Protect,DracoMeteor|Serious||M|||50|]Glimmora||FocusSash|ToxicDebris|SpikyShield,EarthPower,PowerGem,SludgeBomb|Timid||F|||50|
|showteam|p2|Gengar||Gengarite|CursedBody|SludgeBomb,Thunderbolt,Protect,DazzlingGleam|Modest||M|||50|]Froslass||Froslassite|CursedBody|Blizzard,DestinyBond,ShadowBall,AuroraVeil|Timid||F|||50|]Decidueye||FocusSash|LongReach|Tailwind,LeafBlade,SuckerPunch,BraveBird|Adamant||M|||50|]Skeledirge||Leftovers|Unaware|TorchSong,WillOWisp,Hex,SlackOff|Bold||F|||50|]Basculegion||ChoiceScarf|Adaptability|AquaJet,LastRespects,WaveCrash,FlipTurn|Jolly||M|||50|]Sableye||RoseliBerry|Prankster|Quash,Disable,Encore,WillOWisp|Calm||F|||50|
|
|t:|1783792407
|teamsize|p1|4
|teamsize|p2|4
|start
|switch|p1a: Ja-st kidding!|Dragalge, L50, M|100/100
|switch|p1b: Jarona!|Incineroar, L50, M|100/100
|switch|p2a: Legion|Basculegion, L50, M, shiny|100/100
|switch|p2b: Yuki-onna|Froslass, L50, F, shiny|100/100
|-ability|p1b: Jarona!|Intimidate|boost
|-unboost|p2a: Legion|atk|1
|-unboost|p2b: Yuki-onna|atk|1
|turn|1
|j| wwwwa11
|
|t:|1783792425
|detailschange|p2b: Yuki-onna|Froslass-Mega, L50, F, shiny
|-mega|p2b: Yuki-onna|Froslass|Froslassite
|-weather|Snowscape|[from] ability: Snow Warning|[of] p2b: Yuki-onna
|move|p2a: Legion|Wave Crash|p1b: Jarona!
|-supereffective|p1b: Jarona!|1
|-damage|p1b: Jarona!|14/100
|-damage|p2a: Legion|73/100|[from] Recoil
|move|p2b: Yuki-onna|Blizzard|p1b: Jarona!|[spread] p1a,p1b
|-supereffective|p1a: Ja-st kidding!|1
|-resisted|p1b: Jarona!|1
|-damage|p1a: Ja-st kidding!|26/100
|-damage|p1b: Jarona!|0 fnt
|-status|p1a: Ja-st kidding!|frz
|faint|p1b: Jarona!
|cant|p1a: Ja-st kidding!|frz
|
|-weather|Snowscape|[upkeep]
|upkeep
|c|☆Luks1220|oh fuck off
|
|t:|1783792445
|switch|p1b: Ja-orange!|Rotom-Wash, L50|100/100
|turn|2
|
|t:|1783792462
|switch|p2a: NightMarcher|Decidueye, L50, M, shiny|100/100
|switch|p1a: Sastingus|Glimmora, L50, F|100/100
|move|p2b: Yuki-onna|Aurora Veil|p2b: Yuki-onna
|-sidestart|p2: theghostgymleader|move: Aurora Veil
|move|p1b: Ja-orange!|Thunderbolt|p2a: NightMarcher
|-resisted|p2a: NightMarcher|1
|-damage|p2a: NightMarcher|87/100
|
|-weather|Snowscape|[upkeep]
|upkeep
|turn|3
|
|t:|1783792479
|move|p2b: Yuki-onna|Blizzard|p1b: Ja-orange!|[spread] p1a,p1b
|-resisted|p1b: Ja-orange!|1
|-damage|p1a: Sastingus|34/100
|-damage|p1b: Ja-orange!|76/100
|move|p1a: Sastingus|Power Gem|p2b: Yuki-onna
|-supereffective|p2b: Yuki-onna|1
|-damage|p2b: Yuki-onna|37/100
|move|p2a: NightMarcher|Leaf Blade|p1b: Ja-orange!
|-supereffective|p1b: Ja-orange!|1
|-damage|p1b: Ja-orange!|3/100
|-enditem|p1b: Ja-orange!|Sitrus Berry|[eat]
|-heal|p1b: Ja-orange!|28/100|[from] item: Sitrus Berry
|move|p1b: Ja-orange!|Thunderbolt|p2a: NightMarcher
|-resisted|p2a: NightMarcher|1
|-damage|p2a: NightMarcher|74/100
|
|-weather|Snowscape|[upkeep]
|upkeep
|turn|4
|
|t:|1783792502
|move|p1a: Sastingus|Spiky Shield|p1a: Sastingus
|-singleturn|p1a: Sastingus|move: Protect
|move|p2b: Yuki-onna|Blizzard|p1b: Ja-orange!|[spread] p1b
|-activate|p1a: Sastingus|move: Protect
|-resisted|p1b: Ja-orange!|1
|-damage|p1b: Ja-orange!|7/100
|move|p2a: NightMarcher|Tailwind|p2a: NightMarcher
|-sidestart|p2: theghostgymleader|move: Tailwind
|move|p1b: Ja-orange!|Hydro Pump|p2b: Yuki-onna
|-damage|p2b: Yuki-onna|2/100
|
|-weather|Snowscape|[upkeep]
|upkeep
|turn|5
|
|t:|1783792519
|switch|p1b: Ja-st kidding!|Dragalge, L50, M|26/100 frz
|move|p2a: NightMarcher|Sucker Punch||[still]
|-fail|p2a: NightMarcher
|move|p2b: Yuki-onna|Blizzard|p1a: Sastingus|[spread] p1a,p1b
|-supereffective|p1b: Ja-st kidding!|1
|-damage|p1a: Sastingus|0 fnt
|-damage|p1b: Ja-st kidding!|0 fnt
|faint|p1a: Sastingus
|faint|p1b: Ja-st kidding!
|
|-weather|none
|upkeep
|
|t:|1783792532
|switch|p1b: Ja-orange!|Rotom-Wash, L50|7/100
|turn|6
|
|t:|1783792536
|move|p2b: Yuki-onna|Destiny Bond|p2b: Yuki-onna
|-singlemove|p2b: Yuki-onna|Destiny Bond
|move|p2a: NightMarcher|Leaf Blade|p1b: Ja-orange!
|-supereffective|p1b: Ja-orange!|1
|-damage|p1b: Ja-orange!|0 fnt
|faint|p1b: Ja-orange!
|
|win|theghostgymleader
|l| wwwwa11
|c|☆Luks1220|welp gg
|c|☆theghostgymleader|Gg!
