|j|☆Aksel1209
|j|☆p1ch1pichi
|html|Aksel1209p1ch1pichi    
|uhtml|bestof|Game 1 of a best-of-3
|t:|1785165028
|gametype|doubles
|player|p1|Aksel1209|roxie|1000
|player|p2|p1ch1pichi|n|1142
|gen|9
|tier|[Gen 9 Champions] VGC 2026 Reg M-B (Bo3)
|rated|
|rule|Species Clause: Limit one of each Pokémon
|rule|Item Clause: Limit 1 of each item
|clearpoke
|poke|p1|Raichu, L50, M|
|poke|p1|Metagross, L50|
|poke|p1|Sneasler, L50, M|
|poke|p1|Grimmsnarl, L50, M|
|poke|p1|Delphox, L50, F|
|poke|p1|Whimsicott, L50, M|
|poke|p2|Raichu, L50, M, shiny|
|poke|p2|Meganium, L50, M, shiny|
|poke|p2|Pelipper, L50, M|
|poke|p2|Archaludon, L50, M|
|poke|p2|Sableye, L50, M|
|poke|p2|Basculegion, L50, M|
|teampreview|4
|showteam|p1|Raichu||RaichuniteY|LightningRod|ZapCannon,FocusBlast,FakeOut,Protect|Modest||M|||50|]Metagross||ChoiceScarf|ClearBody|MeteorMash,ZenHeadbutt,BrickBreak,IcePunch|Jolly|||||50|]Sneasler||LifeOrb|PoisonTouch|DireClaw,CloseCombat,FakeOut,Taunt|Adamant||M|||50|]Grimmsnarl||Leftovers|Prankster|Taunt,Reflect,SpiritBreak,ThroatChop|Adamant||M|||50|]Delphox||Delphoxite|Magician|DazzlingGleam,Flamethrower,Psychic,ShadowBall|Modest||F|||50|]Whimsicott||SitrusBerry|Prankster|Tailwind,Encore,LeechSeed,Moonblast|Timid||M|||50|
|showteam|p2|Raichu||RaichuniteX|LightningRod|Protect,FakeOut,VoltSwitch,RisingVoltage|Timid||M|||50|]Meganium||Meganiumite|Overgrow|Protect,SolarBeam,WeatherBall,DazzlingGleam|Modest||M|||50|]Pelipper||FocusSash|Drizzle|Soak,Tailwind,Hurricane,WeatherBall|Timid||M|||50|]Archaludon||Leftovers|Stamina|ElectroShot,FlashCannon,DracoMeteor,Protect|Modest||M|||50|]Sableye||RoseliBerry|Prankster|Quash,Reflect,LightScreen,RainDance|Bold||M|||50|]Basculegion||ChoiceScarf|Adaptability|FlipTurn,WaveCrash,AquaJet,LastRespects|Jolly||M|||50|
|inactive|Battle timer is ON: inactive players will automatically lose when time's up. (requested by p1ch1pichi)
|inactive|Aksel1209 has 60 seconds left.
|inactive|p1ch1pichi has 60 seconds left.
|
|t:|1785165070
|teamsize|p1|4
|teamsize|p2|4
|start
|switch|p1a: Raichu|Raichu, L50, M|100/100
|switch|p1b: Whimsicott|Whimsicott, L50, M|100/100
|switch|p2a: G4MER67|Sableye, L50, M|100/100
|switch|p2b: High Tide|Basculegion, L50, M|100/100
|turn|1
|
|t:|1785165093
|detailschange|p1a: Raichu|Raichu-Mega-Y, L50, M
|-mega|p1a: Raichu|Raichu|Raichunite Y
|move|p1b: Whimsicott|Tailwind|p1b: Whimsicott
|-sidestart|p1: Aksel1209|move: Tailwind
|move|p2a: G4MER67|Rain Dance|p2a: G4MER67
|-weather|RainDance
|move|p1a: Raichu|Zap Cannon|p2b: High Tide
|-supereffective|p2b: High Tide|1
|-damage|p2b: High Tide|0 fnt
|faint|p2b: High Tide
|
|-weather|RainDance|[upkeep]
|upkeep
|
|t:|1785165103
|switch|p2b: San Juanico|Archaludon, L50, M|100/100
|turn|2
|
|t:|1785165118
|move|p2a: G4MER67|Light Screen|p2a: G4MER67
|-sidestart|p2: p1ch1pichi|move: Light Screen
|move|p1a: Raichu|Focus Blast|p2b: San Juanico
|-supereffective|p2b: San Juanico|1
|-damage|p2b: San Juanico|26/100
|-ability|p2b: San Juanico|Stamina|boost
|-boost|p2b: San Juanico|def|1
|move|p1b: Whimsicott|Moonblast|p2a: G4MER67
|-supereffective|p2a: G4MER67|1
|-enditem|p2a: G4MER67|Roseli Berry|[eat]
|-enditem|p2a: G4MER67|Roseli Berry|[weaken]
|-damage|p2a: G4MER67|67/100
|move|p2b: San Juanico|Draco Meteor|p1a: Raichu
|-damage|p1a: Raichu|0 fnt
|-unboost|p2b: San Juanico|spa|2
|faint|p1a: Raichu
|
|-weather|RainDance|[upkeep]
|-heal|p2b: San Juanico|32/100|[from] item: Leftovers
|upkeep
|inactive|Aksel1209 has 30 seconds left.
|
|t:|1785165148
|switch|p1a: Metagross|Metagross, L50|100/100
|turn|3
|
|t:|1785165162
|move|p2b: San Juanico|Protect|p2b: San Juanico
|-singleturn|p2b: San Juanico|Protect
|move|p1b: Whimsicott|Encore|p2a: G4MER67
|-hint|Since gen 7, Dark is immune to Prankster moves.
|-immune|p2a: G4MER67
|move|p2a: G4MER67|Reflect|p2a: G4MER67
|-sidestart|p2: p1ch1pichi|Reflect
|move|p1a: Metagross|Brick Break|p2b: San Juanico
|-activate|p2b: San Juanico|move: Protect
|
|-weather|RainDance|[upkeep]
|-heal|p2b: San Juanico|39/100|[from] item: Leftovers
|upkeep
|turn|4
|
|t:|1785165181
|move|p2a: G4MER67|Quash|p1b: Whimsicott
|-activate|p1b: Whimsicott|move: Quash
|move|p1a: Metagross|Brick Break|p2b: San Juanico
|-sideend|p2: p1ch1pichi|Reflect
|-sideend|p2: p1ch1pichi|move: Light Screen
|-supereffective|p2b: San Juanico|1
|-damage|p2b: San Juanico|13/100
|-ability|p2b: San Juanico|Stamina|boost
|-boost|p2b: San Juanico|def|1
|move|p2b: San Juanico|Electro Shot||[still]
|-prepare|p2b: San Juanico|Electro Shot
|-boost|p2b: San Juanico|spa|1
|-anim|p2b: San Juanico|Electro Shot|p1a: Metagross
|-damage|p1a: Metagross|63/100
|move|p1b: Whimsicott|Moonblast|p2a: G4MER67
|-supereffective|p2a: G4MER67|1
|-damage|p2a: G4MER67|0 fnt
|faint|p2a: G4MER67
|
|-weather|RainDance|[upkeep]
|-heal|p2b: San Juanico|19/100|[from] item: Leftovers
|-sideend|p1: Aksel1209|move: Tailwind
|upkeep
|
|t:|1785165199
|switch|p2a: Hikaru|Raichu, L50, M, shiny|100/100
|turn|5
|
|t:|1785165219
|detailschange|p2a: Hikaru|Raichu-Mega-X, L50, M, shiny
|-mega|p2a: Hikaru|Raichu|Raichunite X
|-fieldstart|move: Electric Terrain|[from] ability: Electric Surge|[of] p2a: Hikaru
|move|p2a: Hikaru|Fake Out|p1a: Metagross
|-resisted|p1a: Metagross|1
|-damage|p1a: Metagross|59/100
|move|p1b: Whimsicott|Leech Seed|p2a: Hikaru
|-start|p2a: Hikaru|move: Leech Seed
|cant|p1a: Metagross|flinch
|move|p2b: San Juanico|Flash Cannon|p1b: Whimsicott
|-supereffective|p1b: Whimsicott|1
|-damage|p1b: Whimsicott|29/100
|-enditem|p1b: Whimsicott|Sitrus Berry|[eat]
|-heal|p1b: Whimsicott|54/100|[from] item: Sitrus Berry
|
|-weather|none
|-heal|p2b: San Juanico|25/100|[from] item: Leftovers
|-damage|p2a: Hikaru|88/100|[from] Leech Seed|[of] p1b: Whimsicott
|-heal|p1b: Whimsicott|69/100|[silent]
|upkeep
|turn|6
|inactive|Aksel1209 has 30 seconds left.
|
|t:|1785165246
|move|p1b: Whimsicott|Encore|p2a: Hikaru
|-start|p2a: Hikaru|Encore
|move|p2a: Hikaru|Fake Out||[still]
|-hint|Fake Out only works on your first turn out.
|-fail|p2a: Hikaru
|move|p1a: Metagross|Brick Break|p2b: San Juanico
|-supereffective|p2b: San Juanico|1
|-damage|p2b: San Juanico|5/100
|-ability|p2b: San Juanico|Stamina|boost
|-boost|p2b: San Juanico|def|1
|move|p2b: San Juanico|Flash Cannon|p1b: Whimsicott
|-supereffective|p1b: Whimsicott|1
|-damage|p1b: Whimsicott|0 fnt
|faint|p1b: Whimsicott
|
|-heal|p2b: San Juanico|11/100|[from] item: Leftovers
|upkeep
|
|t:|1785165262
|switch|p1b: Sneasler|Sneasler, L50, M|100/100
|turn|7
|
|t:|1785165277
|move|p2b: San Juanico|Protect|p2b: San Juanico
|-singleturn|p2b: San Juanico|Protect
|move|p1b: Sneasler|Fake Out|p2b: San Juanico
|-activate|p2b: San Juanico|move: Protect
|move|p1a: Metagross|Brick Break|p2a: Hikaru
|-damage|p2a: Hikaru|58/100
|-activate|p2a: Hikaru|move: Struggle
|move|p2a: Hikaru|Struggle|p1a: Metagross
|-damage|p1a: Metagross|45/100
|-damage|p2a: Hikaru|33/100|[from] recoil
|
|-heal|p2b: San Juanico|17/100|[from] item: Leftovers
|-damage|p2a: Hikaru|21/100|[from] Leech Seed|[of] p1b: Sneasler
|upkeep
|turn|8
|
|t:|1785165296
|move|p1a: Metagross|Brick Break|p2b: San Juanico
|-supereffective|p2b: San Juanico|1
|-damage|p2b: San Juanico|1/100
|-ability|p2b: San Juanico|Stamina|boost
|-boost|p2b: San Juanico|def|1
|move|p1b: Sneasler|Close Combat|p2b: San Juanico
|-supereffective|p2b: San Juanico|1
|-damage|p2b: San Juanico|0 fnt
|-unboost|p1b: Sneasler|def|1
|-unboost|p1b: Sneasler|spd|1
|faint|p2b: San Juanico
|-damage|p1b: Sneasler|90/100|[from] item: Life Orb
|-activate|p2a: Hikaru|move: Struggle
|move|p2a: Hikaru|Struggle|p1a: Metagross
|-damage|p1a: Metagross|33/100
|-damage|p2a: Hikaru|0 fnt|[from] recoil
|faint|p2a: Hikaru
|
|win|Aksel1209
||p1ch1pichi is ready for game 2.
|inactive|Aksel1209 has 30 seconds to confirm battle start!
|l|☆Aksel1209
|player|p1|
|inactive|Aksel1209 has 20 seconds to confirm battle start!
|inactive|Aksel1209 has 10 seconds to confirm battle start!
|j|☆Aksel1209
|player|p1|Aksel1209|roxie|
|uhtml|next|Next: Game 2 of 3
|l|☆Aksel1209
|player|p1|
