|j|☆viatles
|j|☆Pineyfressh
|html|viatlesPineyfressh    
|uhtml|bestof|Game 1 of a best-of-3
|t:|1785372462
|gametype|doubles
|player|p1|viatles|hiker|1139
|player|p2|Pineyfressh|1|1045
|gen|9
|tier|[Gen 9 Champions] VGC 2026 Reg M-B (Bo3)
|rated|
|rule|Species Clause: Limit one of each Pokémon
|rule|Item Clause: Limit 1 of each item
|clearpoke
|poke|p1|Falinks, L50, shiny|
|poke|p1|Wyrdeer, L50, F|
|poke|p1|Milotic, L50, M, shiny|
|poke|p1|Staraptor, L50, M|
|poke|p1|Tsareena, L50, F|
|poke|p1|Grimmsnarl, L50, M|
|poke|p2|Tyranitar, L50, M|
|poke|p2|Aerodactyl, L50, M|
|poke|p2|Gholdengo, L50|
|poke|p2|Excadrill, L50, M|
|poke|p2|Scovillain, L50, F|
|poke|p2|Milotic, L50, M|
|teampreview|4
|showteam|p1|Falinks||Falinksite|Defiant|RockSlide,CloseCombat,Protect,KnockOff|Jolly|||||50|]Wyrdeer||ChoiceScarf|Intimidate|SkillSwap,PsyshieldBash,Trick,Hypnosis|Jolly||F|||50|]Milotic||Leftovers|Competitive|IcyWind,Scald,Protect,LifeDew|Bold||M|||50|]Staraptor||Staraptite|Intimidate|CloseCombat,BraveBird,Protect,Tailwind|Jolly||M|||50|]Tsareena||WideLens|QueenlyMajesty|TripleAxel,TropKick,KnockOff,LowKick|Jolly||F|||50|]Grimmsnarl||LightClay|Prankster|FakeOut,SpiritBreak,LightScreen,Reflect|Calm||M|||50|
|showteam|p2|Tyranitar||Tyranitarite|SandStream|KnockOff,RockSlide,Protect,BrickBreak|Adamant||M|||50|]Aerodactyl||MentalHerb|RockHead|Tailwind,RockSlide,Protect,Taunt|Jolly||M|||50|]Gholdengo||LifeOrb|GoodasGold|MakeItRain,ShadowBall,NastyPlot,Protect|Timid|||||50|]Excadrill||FocusSash|SandRush|Earthquake,IronHead,Protect,StompingTantrum|Adamant||M|||50|]Scovillain||Scovillainite|Chlorophyll|RagePowder,LeechSeed,Protect,Overheat|Calm||F|||50|]Milotic||Leftovers|MarvelScale|Protect,Scald,IcyWind,Haze|Modest||M|||50|
|c|☆viatles|gl hf
|inactive|Battle timer is ON: inactive players will automatically lose when time's up. (requested by viatles)
|
|t:|1785372494
|teamsize|p1|4
|teamsize|p2|4
|start
|switch|p1a: Milk Duds|Falinks, L50, shiny|100/100
|switch|p1b: Wyrdeer|Wyrdeer, L50, F|100/100
|switch|p2a: Scovillain|Scovillain, L50, F|100/100
|switch|p2b: Milotic|Milotic, L50, M|100/100
|-ability|p1b: Wyrdeer|Intimidate|boost
|-unboost|p2a: Scovillain|atk|1
|-unboost|p2b: Milotic|atk|1
|turn|1
|
|t:|1785372515
|detailschange|p1a: Milk Duds|Falinks-Mega, L50, shiny
|-mega|p1a: Milk Duds|Falinks|Falinksite
|detailschange|p2a: Scovillain|Scovillain-Mega, L50, F
|-mega|p2a: Scovillain|Scovillain|Scovillainite
|move|p1a: Milk Duds|Protect|p1a: Milk Duds
|-singleturn|p1a: Milk Duds|Protect
|move|p1b: Wyrdeer|Trick||[still]
|-fail|p1b: Wyrdeer
|move|p2b: Milotic|Icy Wind|p1b: Wyrdeer|[spread] p1b
|-activate|p1a: Milk Duds|move: Protect
|-damage|p1b: Wyrdeer|85/100
|-unboost|p1b: Wyrdeer|spe|1
|move|p2a: Scovillain|Leech Seed|p1a: Milk Duds
|-activate|p1a: Milk Duds|move: Protect
|
|upkeep
|turn|2
|
|t:|1785372534
|switch|p1a: Pentious|Milotic, L50, M, shiny|100/100
|move|p1b: Wyrdeer|Trick|p2b: Milotic
|-activate|p1b: Wyrdeer|move: Trick|[of] p2b: Milotic
|-item|p2b: Milotic|Choice Scarf|[from] move: Trick
|-item|p1b: Wyrdeer|Leftovers|[from] move: Trick
|move|p2b: Milotic|Icy Wind|p1b: Wyrdeer|[spread] p1a,p1b
|-resisted|p1a: Pentious|1
|-damage|p1a: Pentious|95/100
|-damage|p1b: Wyrdeer|70/100
|-unboost|p1a: Pentious|spe|1
|-ability|p1a: Pentious|Competitive|boost
|-boost|p1a: Pentious|spa|2
|-unboost|p1b: Wyrdeer|spe|1
|move|p2a: Scovillain|Leech Seed|p1b: Wyrdeer
|-start|p1b: Wyrdeer|move: Leech Seed
|
|-heal|p1a: Pentious|100/100|[from] item: Leftovers
|-heal|p1b: Wyrdeer|77/100|[from] item: Leftovers
|-damage|p1b: Wyrdeer|64/100|[from] Leech Seed|[of] p2a: Scovillain
|upkeep
|turn|3
|
|t:|1785372557
|switch|p2b: Excadrill|Excadrill, L50, M|100/100
|move|p2a: Scovillain|Rage Powder|p2a: Scovillain
|-singleturn|p2a: Scovillain|move: Rage Powder
|move|p1a: Pentious|Scald|p2a: Scovillain
|-damage|p2a: Scovillain|50/100g
|-status|p1a: Pentious|brn|[from] ability: Spicy Spray|[of] p2a: Scovillain
|move|p1b: Wyrdeer|Skill Swap|p2a: Scovillain
|-activate|p1b: Wyrdeer|Skill Swap|Spicy Spray|Intimidate|[of] p2a: Scovillain
|-ability|p2a: Scovillain|Intimidate|boost
|-unboost|p1a: Pentious|atk|1
|-ability|p1a: Pentious|Competitive|boost
|-boost|p1a: Pentious|spa|2
|-unboost|p1b: Wyrdeer|atk|1
|
|-heal|p1b: Wyrdeer|70/100|[from] item: Leftovers
|-damage|p1b: Wyrdeer|58/100|[from] Leech Seed|[of] p2a: Scovillain
|-heal|p2a: Scovillain|65/100|[silent]
|-damage|p1a: Pentious|93/100 brn|[from] brn
|upkeep
|turn|4
|inactive|viatles has 30 seconds left.
|inactive|Pineyfressh has 30 seconds left.
|
|t:|1785372591
|switch|p1b: Tsareena|Tsareena, L50, F|100/100
|move|p2b: Excadrill|Earthquake|p1b: Tsareena|[spread] p2a,p1a,p1b
|-resisted|p1b: Tsareena|1
|-damage|p2a: Scovillain|14/100
|-damage|p1a: Pentious|56/100 brn
|-damage|p1b: Tsareena|76/100
|move|p2a: Scovillain|Leech Seed|p1a: Pentious
|-start|p1a: Pentious|move: Leech Seed
|move|p1a: Pentious|Scald|p2b: Excadrill
|-supereffective|p2b: Excadrill|1
|-enditem|p2b: Excadrill|Focus Sash
|-damage|p2b: Excadrill|1/100
|-status|p2b: Excadrill|brn
|
|-heal|p1a: Pentious|62/100 brn|[from] item: Leftovers
|-damage|p1a: Pentious|50/100y brn|[from] Leech Seed|[of] p2a: Scovillain
|-heal|p2a: Scovillain|28/100|[silent]
|-damage|p2b: Excadrill|0 fnt|[from] brn
|faint|p2b: Excadrill
|-damage|p1a: Pentious|43/100 brn|[from] brn
|upkeep
|
|t:|1785372610
|switch|p2b: Milotic|Milotic, L50, M|100/100
|turn|5
|
|t:|1785372618
|switch|p1a: Wyrdeer|Wyrdeer, L50, F|58/100
|-ability|p1a: Wyrdeer|Intimidate|boost
|-unboost|p2a: Scovillain|atk|1
|-unboost|p2b: Milotic|atk|1
|move|p2a: Scovillain|Protect|p2a: Scovillain
|-singleturn|p2a: Scovillain|Protect
|move|p2b: Milotic|Haze|p2b: Milotic
|-clearallboost
|move|p1b: Tsareena|Trop Kick|p2b: Milotic
|-supereffective|p2b: Milotic|1
|-damage|p2b: Milotic|24/100
|-unboost|p2b: Milotic|atk|1
|
|-heal|p1a: Wyrdeer|64/100|[from] item: Leftovers
|upkeep
|turn|6
|inactive|viatles has 30 seconds left.
|
|t:|1785372654
|switch|p2b: Gholdengo|Gholdengo, L50|100/100
|move|p1b: Tsareena|Knock Off|p2b: Gholdengo
|-supereffective|p2b: Gholdengo|1
|-damage|p2b: Gholdengo|40/100
|-enditem|p2b: Gholdengo|Life Orb|[from] move: Knock Off|[of] p1b: Tsareena
|move|p1a: Wyrdeer|Psyshield Bash|p2a: Scovillain|[miss]
|-miss|p1a: Wyrdeer|p2a: Scovillain
|move|p2a: Scovillain|Overheat|p1b: Tsareena
|-supereffective|p1b: Tsareena|1
|-crit|p1b: Tsareena
|-damage|p1b: Tsareena|0 fnt
|-unboost|p2a: Scovillain|spa|2
|faint|p1b: Tsareena
|
|-heal|p1a: Wyrdeer|70/100|[from] item: Leftovers
|upkeep
|
|t:|1785372675
|switch|p1b: Pentious|Milotic, L50, M, shiny|43/100 brn
|turn|7
|
|t:|1785372687
|move|p1b: Pentious|Protect|p1b: Pentious
|-singleturn|p1b: Pentious|Protect
|move|p2a: Scovillain|Rage Powder|p2a: Scovillain
|-singleturn|p2a: Scovillain|move: Rage Powder
|move|p2b: Gholdengo|Shadow Ball|p1b: Pentious
|-activate|p1b: Pentious|move: Protect
|move|p1a: Wyrdeer|Psyshield Bash|p2a: Scovillain
|-damage|p2a: Scovillain|0 fnt
|-boost|p1a: Wyrdeer|def|1
|faint|p2a: Scovillain
|
|-heal|p1a: Wyrdeer|77/100|[from] item: Leftovers
|-heal|p1b: Pentious|50/100y brn|[from] item: Leftovers
|-damage|p1b: Pentious|43/100 brn|[from] brn
|upkeep
|
|t:|1785372700
|switch|p2a: Milotic|Milotic, L50, M|24/100
|turn|8
|inactive|viatles has 30 seconds left.
|
|t:|1785372726
|switch|p1b: Milk Duds|Falinks-Mega, L50, shiny|100/100
|move|p2a: Milotic|Icy Wind|p1a: Wyrdeer|[spread] p1a,p1b
|-damage|p1a: Wyrdeer|61/100
|-damage|p1b: Milk Duds|75/100
|-unboost|p1a: Wyrdeer|spe|1
|-unboost|p1b: Milk Duds|spe|1
|-ability|p1b: Milk Duds|Defiant|boost
|-boost|p1b: Milk Duds|atk|2
|move|p2b: Gholdengo|Make It Rain|p1b: Milk Duds|[spread] p1a,p1b
|-damage|p1a: Wyrdeer|10/100
|-damage|p1b: Milk Duds|0 fnt
|-unboost|p2b: Gholdengo|spa|2
|faint|p1b: Milk Duds
|move|p1a: Wyrdeer|Psyshield Bash|p2a: Milotic
|-damage|p2a: Milotic|0 fnt
|-boost|p1a: Wyrdeer|def|1
|faint|p2a: Milotic
|
|-heal|p1a: Wyrdeer|16/100|[from] item: Leftovers
|upkeep
|
|t:|1785372744
|switch|p1b: Pentious|Milotic, L50, M, shiny|43/100 brn
|turn|9
|
|t:|1785372754
|move|p2b: Gholdengo|Protect|p2b: Gholdengo
|-singleturn|p2b: Gholdengo|Protect
|move|p1b: Pentious|Scald|p2b: Gholdengo
|-activate|p2b: Gholdengo|move: Protect
|move|p1a: Wyrdeer|Psyshield Bash|p2b: Gholdengo
|-activate|p2b: Gholdengo|move: Protect
|
|-heal|p1b: Pentious|50/100y brn|[from] item: Leftovers
|-heal|p1a: Wyrdeer|22/100|[from] item: Leftovers
|-damage|p1b: Pentious|43/100 brn|[from] brn
|upkeep
|turn|10
|
|t:|1785372769
|move|p2b: Gholdengo|Make It Rain|p1b: Pentious|[spread] p1a,p1b
|-resisted|p1b: Pentious|1
|-damage|p1a: Wyrdeer|0 fnt
|-damage|p1b: Pentious|34/100 brn
|-unboost|p2b: Gholdengo|spa|2
|faint|p1a: Wyrdeer
|move|p1b: Pentious|Scald|p2b: Gholdengo
|-damage|p2b: Gholdengo|4/100
|
|-heal|p1b: Pentious|40/100 brn|[from] item: Leftovers
|-damage|p1b: Pentious|34/100 brn|[from] brn
|upkeep
|turn|11
|
|t:|1785372783
|move|p2b: Gholdengo|Protect|p2b: Gholdengo
|-singleturn|p2b: Gholdengo|Protect
|move|p1b: Pentious|Scald|p2b: Gholdengo
|-activate|p2b: Gholdengo|move: Protect
|
|-heal|p1b: Pentious|40/100 brn|[from] item: Leftovers
|-damage|p1b: Pentious|34/100 brn|[from] brn
|upkeep
|turn|12
|
|t:|1785372797
|move|p2b: Gholdengo|Shadow Ball|p1b: Pentious
|-damage|p1b: Pentious|24/100 brn
|move|p1b: Pentious|Scald|p2b: Gholdengo
|-damage|p2b: Gholdengo|0 fnt
|faint|p2b: Gholdengo
|
|win|viatles
