|j|☆raksbach
|j|☆ChebyshevSG
|html|raksbachChebyshevSG    
|uhtml|bestof|Game 1 of a best-of-3
|t:|1785927874
|gametype|doubles
|player|p1|raksbach|doubleteam|1286
|player|p2|ChebyshevSG|cynthia-gen4|1178
|gen|9
|tier|[Gen 9 Champions] VGC 2026 Reg M-B (Bo3)
|rated|
|rule|Species Clause: Limit one of each Pokémon
|rule|Item Clause: Limit 1 of each item
|clearpoke
|poke|p1|Charizard, L50, M|
|poke|p1|Garchomp, L50, F|
|poke|p1|Incineroar, L50, M|
|poke|p1|Venusaur, L50, M|
|poke|p1|Toxapex, L50, F|
|poke|p1|Sylveon, L50, F|
|poke|p2|Gengar, L50, F|
|poke|p2|Archaludon, L50, M|
|poke|p2|Politoed, L50, M|
|poke|p2|Swampert, L50, F|
|poke|p2|Vivillon, L50, F|
|poke|p2|Incineroar, L50, F|
|teampreview|4
|showteam|p1|Charizard||CharizarditeY|Blaze|WeatherBall,HeatWave,AncientPower,Protect|Modest||M|||50|]Garchomp||ChoiceScarf|RoughSkin|RockSlide,DragonClaw,Earthquake,StompingTantrum|Adamant||F|||50|]Incineroar||SitrusBerry|Intimidate|FlareBlitz,FakeOut,DarkestLariat,PartingShot|Impish||M|||50|]Venusaur||LifeOrb|Chlorophyll|SludgeBomb,LeafStorm,EarthPower,Protect|Modest||M|||50|]Toxapex||Leftovers|Regenerator|Infestation,Toxic,WideGuard,BanefulBunker|Bold||F|||50|]Sylveon||FairyFeather|Pixilate|HyperVoice,QuickAttack,Yawn,Detect|Modest||F|||50|
|showteam|p2|Gengar||Gengarite|CursedBody|ShadowBall,SludgeBomb,PerishSong,Protect|Modest||F|||50|]Archaludon||Leftovers|Stamina|ElectroShot,DragonPulse,FlashCannon,Protect|Bold||M|||50|]Politoed||SitrusBerry|Drizzle|WeatherBall,Hypnosis,PerishSong,Protect|Calm||M|||50|]Swampert||Swampertite|Torrent|WaveCrash,Earthquake,IcePunch,Protect|Adamant||F|||50|]Vivillon||FocusSash|CompoundEyes|Hurricane,SleepPowder,RagePowder,Protect|Timid||F|||50|]Incineroar||PasshoBerry|Intimidate|ThroatChop,FakeOut,PartingShot,Protect|Impish||F|||50|
|inactive|Battle timer is ON: inactive players will automatically lose when time's up. (requested by raksbach)
|inactive|ChebyshevSG also wants the timer to be on.
|
|t:|1785927901
|teamsize|p1|4
|teamsize|p2|4
|start
|switch|p1a: Incineroar|Incineroar, L50, M|100/100
|switch|p1b: Charizard|Charizard, L50, M|100/100
|switch|p2a: Gengar|Gengar, L50, F|100/100
|switch|p2b: Vivillon|Vivillon, L50, F|100/100
|-ability|p1a: Incineroar|Intimidate|boost
|-unboost|p2a: Gengar|atk|1
|-unboost|p2b: Vivillon|atk|1
|turn|1
|
|t:|1785927922
|detailschange|p2a: Gengar|Gengar-Mega, L50, F
|-mega|p2a: Gengar|Gengar|Gengarite
|detailschange|p1b: Charizard|Charizard-Mega-Y, L50, M
|-mega|p1b: Charizard|Charizard|Charizardite Y
|-weather|SunnyDay|[from] ability: Drought|[of] p1b: Charizard
|move|p1a: Incineroar|Fake Out|p2b: Vivillon
|-damage|p2b: Vivillon|79/100
|move|p2a: Gengar|Perish Song|p2a: Gengar
|-start|p1a: Incineroar|perish3|[silent]
|-start|p1b: Charizard|perish3|[silent]
|-start|p2a: Gengar|perish3|[silent]
|-start|p2b: Vivillon|perish3|[silent]
|-fieldactivate|move: Perish Song
|cant|p2b: Vivillon|flinch
|move|p1b: Charizard|Ancient Power|p2b: Vivillon
|-supereffective|p2b: Vivillon|2
|-damage|p2b: Vivillon|0 fnt
|faint|p2b: Vivillon
|
|-weather|SunnyDay|[upkeep]
|-start|p2a: Gengar|perish3
|-start|p1b: Charizard|perish3
|-start|p1a: Incineroar|perish3
|upkeep
|
|t:|1785927933
|switch|p2b: Politoed|Politoed, L50, M|100/100
|-weather|RainDance|[from] ability: Drizzle|[of] p2b: Politoed
|turn|2
|
|t:|1785927958
|move|p2a: Gengar|Sludge Bomb|p1a: Incineroar
|-damage|p1a: Incineroar|54/100
|-status|p1a: Incineroar|psn
|move|p1b: Charizard|Weather Ball|p2a: Gengar
|-damage|p2a: Gengar|50/100g
|move|p2b: Politoed|Weather Ball|p1a: Incineroar
|-supereffective|p1a: Incineroar|1
|-damage|p1a: Incineroar|0 fnt
|faint|p1a: Incineroar
|
|-weather|RainDance|[upkeep]
|-start|p2a: Gengar|perish2
|-start|p1b: Charizard|perish2
|upkeep
|
|t:|1785927972
|switch|p1a: Venusaur|Venusaur, L50, M|100/100
|turn|3
|
|t:|1785927984
|switch|p2b: Archaludon|Archaludon, L50, M|100/100
|move|p2a: Gengar|Protect|p2a: Gengar
|-singleturn|p2a: Gengar|Protect
|move|p1b: Charizard|Weather Ball|p2a: Gengar
|-activate|p2a: Gengar|move: Protect
|move|p1a: Venusaur|Leaf Storm|p2b: Archaludon
|-resisted|p2b: Archaludon|2
|-crit|p2b: Archaludon
|-damage|p2b: Archaludon|71/100
|-unboost|p1a: Venusaur|spa|2
|-ability|p2b: Archaludon|Stamina|boost
|-boost|p2b: Archaludon|def|1
|-damage|p1a: Venusaur|90/100|[from] item: Life Orb
|
|-weather|RainDance|[upkeep]
|-heal|p2b: Archaludon|77/100|[from] item: Leftovers
|-start|p2a: Gengar|perish1
|-start|p1b: Charizard|perish1
|upkeep
|turn|4
|
|t:|1785928007
|switch|p2a: Politoed|Politoed, L50, M|100/100
|move|p1b: Charizard|Heat Wave|p2a: Politoed|[spread] p2a,p2b
|-resisted|p2a: Politoed|1
|-damage|p2a: Politoed|92/100
|-damage|p2b: Archaludon|57/100
|-ability|p2b: Archaludon|Stamina|boost
|-boost|p2b: Archaludon|def|1
|move|p1a: Venusaur|Leaf Storm|p2a: Politoed
|-supereffective|p2a: Politoed|1
|-damage|p2a: Politoed|35/100
|-unboost|p1a: Venusaur|spa|2
|-enditem|p2a: Politoed|Sitrus Berry|[eat]
|-heal|p2a: Politoed|60/100|[from] item: Sitrus Berry
|-damage|p1a: Venusaur|81/100|[from] item: Life Orb
|move|p2b: Archaludon|Electro Shot||[still]
|-prepare|p2b: Archaludon|Electro Shot
|-boost|p2b: Archaludon|spa|1
|-anim|p2b: Archaludon|Electro Shot|p1a: Venusaur
|-resisted|p1a: Venusaur|1
|-damage|p1a: Venusaur|48/100
|
|-weather|RainDance|[upkeep]
|-heal|p2b: Archaludon|63/100|[from] item: Leftovers
|-start|p1b: Charizard|perish0
|upkeep
|faint|p1b: Charizard
|
|t:|1785928027
|switch|p1b: Sylveon|Sylveon, L50, F|100/100
|turn|5
|
|t:|1785928051
|move|p2b: Archaludon|Protect|p2b: Archaludon
|-singleturn|p2b: Archaludon|Protect
|move|p1a: Venusaur|Leaf Storm|p2a: Politoed
|-supereffective|p2a: Politoed|1
|-damage|p2a: Politoed|20/100y
|-unboost|p1a: Venusaur|spa|2
|-damage|p1a: Venusaur|38/100|[from] item: Life Orb
|move|p2a: Politoed|Hypnosis|p1b: Sylveon|[miss]
|-miss|p2a: Politoed|p1b: Sylveon
|move|p1b: Sylveon|Hyper Voice|p2b: Archaludon|[spread] p2a
|-activate|p2b: Archaludon|move: Protect
|-damage|p2a: Politoed|0 fnt
|faint|p2a: Politoed
|
|-weather|RainDance|[upkeep]
|-heal|p2b: Archaludon|69/100|[from] item: Leftovers
|upkeep
|l|☆ChebyshevSG
|inactive|ChebyshevSG disconnected and has a minute to reconnect!
|player|p2|
|inactive|ChebyshevSG has 30 seconds left.
|inactive|ChebyshevSG has 20 seconds left.
|inactive|ChebyshevSG has 15 seconds left.
|j|☆ChebyshevSG
|inactive|ChebyshevSG reconnected and has 15 seconds left.
|player|p2|ChebyshevSG|cynthia-gen4|
|l|☆ChebyshevSG
|inactive|ChebyshevSG disconnected and has a minute to reconnect!
|player|p2|
|inactive|ChebyshevSG has 10 seconds left.
|inactive|ChebyshevSG has 5 seconds left.
|-message|ChebyshevSG lost due to inactivity.
|
|win|raksbach
