|j|☆NyulaDraws
|j|☆nuzzum
|html|NyulaDrawsnuzzum    
|uhtml|bestof|Game 2 of a best-of-3
|t:|1783442208
|gametype|doubles
|player|p1|NyulaDraws|backpacker|1169
|player|p2|nuzzum|veteran|1191
|gen|9
|tier|[Gen 9 Champions] VGC 2026 Reg M-B (Bo3)
|rated|
|rule|Species Clause: Limit one of each Pokémon
|rule|Item Clause: Limit 1 of each item
|clearpoke
|poke|p1|Blastoise, L50, F|
|poke|p1|Delphox, L50, F, shiny|
|poke|p1|Incineroar, L50, M|
|poke|p1|Sneasler, L50, M|
|poke|p1|Sinistcha, L50|
|poke|p1|Maushold-Four, L50|
|poke|p2|Raichu, L50, F|
|poke|p2|Archaludon, L50, M|
|poke|p2|Pelipper, L50, M|
|poke|p2|Swampert, L50, M|
|poke|p2|Meowscarada, L50, F|
|poke|p2|Scizor, L50, F|
|teampreview|4
|showteam|p1|Blastoise||Blastoisinite|RainDish|WaterSpout,DarkPulse,ShellSmash,Protect|Modest||F|||50|]Delphox||Delphoxite|Blaze|HeatWave,Psyshock,NastyPlot,Protect|Timid||F|||50|]Incineroar||SitrusBerry|Intimidate|FakeOut,FlareBlitz,ThroatChop,PartingShot|Impish||M|||50|]Sneasler||FocusSash|PoisonTouch|FakeOut,CloseCombat,DireClaw,QuickGuard|Jolly||M|||50|]Sinistcha||KasibBerry|Hospitality|MatchaGotcha,LifeDew,RagePowder,Protect|Bold|||||50|]Maushold-Four||ChopleBerry|FriendGuard|SuperFang,Feint,FollowMe,SunnyDay|Impish|||||50|
|showteam|p2|Raichu||RaichuniteX|Static|RisingVoltage,VoltSwitch,FakeOut,AlluringVoice|Modest||F|||50|]Archaludon||Leftovers|Stamina|ElectroShot,DragonPulse,FlashCannon,Protect|Modest||M|||50|]Pelipper||DampRock|Drizzle|Hurricane,WeatherBall,Protect,Tailwind|Relaxed||M|||50|]Swampert||Swampertite|Torrent|WaveCrash,HighHorsepower,IcePunch,Protect|Adamant||M|||50|]Meowscarada||ChoiceScarf|Protean|KnockOff,FlowerTrick,TripleAxel,Uturn|Jolly||F|||50|]Scizor||LifeOrb|Technician|DualWingbeat,BulletPunch,CloseCombat,Protect|Adamant||F|||50|
|
|t:|1783442231
|teamsize|p1|4
|teamsize|p2|4
|start
|switch|p1a: Delphox|Delphox, L50, F, shiny|100/100
|switch|p1b: Sneasler|Sneasler, L50, M|100/100
|switch|p2a: Archaludon|Archaludon, L50, M|100/100
|switch|p2b: Pelipper|Pelipper, L50, M|100/100
|-weather|RainDance|[from] ability: Drizzle|[of] p2b: Pelipper
|turn|1
|inactive|Battle timer is ON: inactive players will automatically lose when time's up. (requested by NyulaDraws)
|
|t:|1783442248
|switch|p1a: Maushold|Maushold-Four, L50|100/100
|move|p2a: Archaludon|Protect|p2a: Archaludon
|-singleturn|p2a: Archaludon|Protect
|move|p1b: Sneasler|Fake Out|p2b: Pelipper
|-damage|p2b: Pelipper|88/100
|-status|p2b: Pelipper|psn|[from] ability: Poison Touch|[of] p1b: Sneasler
|cant|p2b: Pelipper|flinch
|
|-weather|RainDance|[upkeep]
|-damage|p2b: Pelipper|76/100 psn|[from] psn
|upkeep
|turn|2
|
|t:|1783442264
|move|p1b: Sneasler|Close Combat|p2a: Archaludon
|-supereffective|p2a: Archaludon|1
|-damage|p2a: Archaludon|7/100
|-unboost|p1b: Sneasler|def|1
|-unboost|p1b: Sneasler|spd|1
|-ability|p2a: Archaludon|Stamina|boost
|-boost|p2a: Archaludon|def|1
|move|p1a: Maushold|Sunny Day|p1a: Maushold
|-weather|SunnyDay
|move|p2a: Archaludon|Electro Shot||[still]
|-prepare|p2a: Archaludon|Electro Shot
|-boost|p2a: Archaludon|spa|1
|move|p2b: Pelipper|Tailwind|p2b: Pelipper
|-sidestart|p2: nuzzum|move: Tailwind
|
|-weather|SunnyDay|[upkeep]
|-heal|p2a: Archaludon|13/100|[from] item: Leftovers
|-damage|p2b: Pelipper|64/100 psn|[from] psn
|upkeep
|turn|3
|
|t:|1783442286
|move|p2b: Pelipper|Protect|p2b: Pelipper
|-singleturn|p2b: Pelipper|Protect
|move|p2a: Archaludon|Electro Shot|p1b: Sneasler|[from] lockedmove
|-enditem|p1b: Sneasler|Focus Sash
|-damage|p1b: Sneasler|1/100
|move|p1b: Sneasler|Close Combat|p2a: Archaludon
|-supereffective|p2a: Archaludon|1
|-damage|p2a: Archaludon|0 fnt
|-unboost|p1b: Sneasler|def|1
|-unboost|p1b: Sneasler|spd|1
|faint|p2a: Archaludon
|move|p1a: Maushold|Super Fang|p2b: Pelipper
|-activate|p2b: Pelipper|move: Protect
|
|-weather|SunnyDay|[upkeep]
|-damage|p2b: Pelipper|52/100 psn|[from] psn
|upkeep
|
|t:|1783442300
|switch|p2a: Scizor|Scizor, L50, F|100/100
|turn|4
|
|t:|1783442317
|switch|p2b: Swampert|Swampert, L50, M|100/100
|switch|p1a: Incineroar|Incineroar, L50, M|100/100
|-ability|p1a: Incineroar|Intimidate|boost
|-unboost|p2a: Scizor|atk|1
|-unboost|p2b: Swampert|atk|1
|move|p1b: Sneasler|Quick Guard|p1b: Sneasler
|-singleturn|p1b: Sneasler|Quick Guard
|move|p2a: Scizor|Bullet Punch|p1b: Sneasler
|-activate|p1b: Sneasler|move: Quick Guard
|
|-weather|SunnyDay|[upkeep]
|upkeep
|turn|5
|inactive|nuzzum has 30 seconds left.
|
|t:|1783442343
|switch|p2a: Pelipper|Pelipper, L50, M|52/100 psn
|-weather|RainDance|[from] ability: Drizzle|[of] p2a: Pelipper
|switch|p1b: Maushold|Maushold-Four, L50|100/100
|detailschange|p2b: Swampert|Swampert-Mega, L50, M
|-mega|p2b: Swampert|Swampert|Swampertite
|move|p1a: Incineroar|Fake Out|p2b: Swampert
|-damage|p2b: Swampert|91/100
|cant|p2b: Swampert|flinch
|
|-weather|RainDance|[upkeep]
|-damage|p2a: Pelipper|40/100 psn|[from] psn
|-sideend|p2: nuzzum|move: Tailwind
|upkeep
|turn|6
|
|t:|1783442362
|move|p2b: Swampert|Wave Crash|p1b: Maushold
|-damage|p1b: Maushold|25/100
|-damage|p2b: Swampert|69/100|[from] Recoil
|move|p1b: Maushold|Sunny Day|p1b: Maushold
|-weather|SunnyDay
|move|p1a: Incineroar|Parting Shot|p2b: Swampert
|-unboost|p2b: Swampert|atk|1
|-unboost|p2b: Swampert|spa|1
|
|t:|1783442372
|switch|p1a: Delphox|Delphox, L50, F, shiny|100/100|[from] Parting Shot
|move|p2a: Pelipper|Weather Ball|p1a: Delphox
|-resisted|p1a: Delphox|1
|-damage|p1a: Delphox|85/100
|
|-weather|SunnyDay|[upkeep]
|-damage|p2a: Pelipper|28/100 psn|[from] psn
|upkeep
|turn|7
|
|t:|1783442387
|switch|p1b: Incineroar|Incineroar, L50, M|100/100
|-ability|p1b: Incineroar|Intimidate|boost
|-unboost|p2a: Pelipper|atk|1
|-unboost|p2b: Swampert|atk|1
|detailschange|p1a: Delphox|Delphox-Mega, L50, F, shiny
|-mega|p1a: Delphox|Delphox|Delphoxite
|move|p2a: Pelipper|Protect|p2a: Pelipper
|-singleturn|p2a: Pelipper|Protect
|move|p1a: Delphox|Nasty Plot|p1a: Delphox
|-boost|p1a: Delphox|spa|2
|move|p2b: Swampert|High Horsepower|p1b: Incineroar
|-supereffective|p1b: Incineroar|1
|-damage|p1b: Incineroar|63/100
|
|-weather|SunnyDay|[upkeep]
|-damage|p2a: Pelipper|16/100 psn|[from] psn
|upkeep
|turn|8
|
|t:|1783442405
|switch|p2a: Scizor|Scizor, L50, F|100/100
|move|p2b: Swampert|Protect|p2b: Swampert
|-singleturn|p2b: Swampert|Protect
|move|p1b: Incineroar|Fake Out|p2b: Swampert
|-activate|p2b: Swampert|move: Protect
|move|p1a: Delphox|Heat Wave|p2b: Swampert|[spread] 
|-activate|p2b: Swampert|move: Protect
|-miss|p1a: Delphox|p2a: Scizor
|
|-weather|SunnyDay|[upkeep]
|upkeep
|turn|9
|
|t:|1783442419
|switch|p2b: Pelipper|Pelipper, L50, M|16/100 psn
|-weather|RainDance|[from] ability: Drizzle|[of] p2b: Pelipper
|move|p1a: Delphox|Heat Wave|p2a: Scizor|[spread] p2a,p2b
|-supereffective|p2a: Scizor|2
|-resisted|p2b: Pelipper|1
|-damage|p2a: Scizor|0 fnt
|-damage|p2b: Pelipper|0 fnt
|faint|p2a: Scizor
|faint|p2b: Pelipper
|move|p1b: Incineroar|Parting Shot|p2: Scizor|[notarget]
|-fail|p1b: Incineroar
|
|-weather|RainDance|[upkeep]
|upkeep
|
|t:|1783442432
|switch|p2b: Swampert|Swampert-Mega, L50, M|69/100
|turn|10
|
|t:|1783442441
|move|p1a: Delphox|Protect|p1a: Delphox
|-singleturn|p1a: Delphox|Protect
|move|p2b: Swampert|Wave Crash|p1a: Delphox
|-activate|p1a: Delphox|move: Protect
|move|p1b: Incineroar|Parting Shot|p2b: Swampert
|-unboost|p2b: Swampert|atk|1
|-unboost|p2b: Swampert|spa|1
|
|t:|1783442450
|switch|p1b: Sneasler|Sneasler, L50, M|1/100|[from] Parting Shot
|
|-weather|RainDance|[upkeep]
|upkeep
|turn|11
|
|t:|1783442461
|move|p1b: Sneasler|Fake Out|p2b: Swampert
|-damage|p2b: Swampert|58/100
|move|p1a: Delphox|Nasty Plot|p1a: Delphox
|-boost|p1a: Delphox|spa|2
|cant|p2b: Swampert|flinch
|
|-weather|RainDance|[upkeep]
|upkeep
|turn|12
|
|t:|1783442471
|move|p1a: Delphox|Protect|p1a: Delphox
|-singleturn|p1a: Delphox|Protect
|move|p1b: Sneasler|Dire Claw|p2b: Swampert
|-resisted|p2b: Swampert|1
|-damage|p2b: Swampert|41/100
|-status|p2b: Swampert|psn|[from] ability: Poison Touch|[of] p1b: Sneasler
|move|p2b: Swampert|Wave Crash|p1a: Delphox
|-activate|p1a: Delphox|move: Protect
|
|-weather|RainDance|[upkeep]
|-damage|p2b: Swampert|28/100 psn|[from] psn
|upkeep
|turn|13
|inactive|nuzzum has 30 seconds left.
|inactive|nuzzum has 20 seconds left.
|inactive|nuzzum has 15 seconds left.
|
|t:|1783442514
|switch|p1b: Incineroar|Incineroar, L50, M|63/100
|-ability|p1b: Incineroar|Intimidate|boost
|-unboost|p2b: Swampert|atk|1
|move|p1a: Delphox|Psyshock|p2b: Swampert
|-damage|p2b: Swampert|0 fnt
|faint|p2b: Swampert
|
|win|NyulaDraws
|inactive|NyulaDraws has 30 seconds to confirm battle start!
|inactive|nuzzum has 30 seconds to confirm battle start!
||nuzzum is ready for game 3.
||NyulaDraws is ready for game 3.
|uhtml|next|Next: Game 3 of 3
|l|☆nuzzum
|player|p2|
