|j|☆loganisaiah
|j|☆natsukivgc
|html|loganisaiahnatsukivgc    
|uhtml|bestof|Game 2 of a best-of-3
|t:|1786039663
|gametype|doubles
|player|p1|loganisaiah|2|1197
|player|p2|natsukivgc|101|1219
|gen|9
|tier|[Gen 9 Champions] VGC 2026 Reg M-B (Bo3)
|rated|
|rule|Species Clause: Limit one of each Pokémon
|rule|Item Clause: Limit 1 of each item
|clearpoke
|poke|p1|Charizard, L50, M|
|poke|p1|Gholdengo, L50|
|poke|p1|Milotic, L50, F|
|poke|p1|Incineroar, L50, F|
|poke|p1|Floette-Eternal, L50, F|
|poke|p1|Aerodactyl, L50, F|
|poke|p2|Garchomp, L50, F|
|poke|p2|Venusaur, L50, F|
|poke|p2|Incineroar, L50, M|
|poke|p2|Charizard, L50, F|
|poke|p2|Toxapex, L50, F|
|poke|p2|Annihilape, L50, M|
|teampreview|4
|showteam|p1|Charizard||CharizarditeX|Blaze|DragonClaw,FlameCharge,SwordsDance,Protect|Jolly||M|||50|]Gholdengo||WhiteHerb|GoodasGold|MakeItRain,ShadowBall,FocusBlast,Protect|Modest|||||50|]Milotic||Leftovers|Competitive|Scald,IceBeam,Coil,Recover|Calm||F|||50|]Incineroar||ShucaBerry|Intimidate|ThroatChop,FlareBlitz,FakeOut,PartingShot|Careful||F|||50|]Floette-Eternal||Floettite|FlowerVeil|DazzlingGleam,DrainingKiss,CalmMind,Protect|Modest||F|||50|]Aerodactyl||FocusSash|Unnerve|Tailwind,RockSlide,IceFang,WideGuard|Serious||F|||50|
|showteam|p2|Garchomp||ChoiceScarf|RoughSkin|Earthquake,DragonClaw,StompingTantrum,RockSlide|Adamant||F|||50|]Venusaur||LifeOrb|Chlorophyll|SolarBeam,SludgeBomb,EarthPower,Protect|Modest||F|||50|]Incineroar||SitrusBerry|Intimidate|FlareBlitz,ThroatChop,FakeOut,PartingShot|Impish||M|||50|]Charizard||CharizarditeY|Blaze|HeatWave,WeatherBall,Protect,HelpingHand|Modest||F|||50|]Toxapex||Leftovers|Regenerator|Infestation,Toxic,WideGuard,BanefulBunker|Bold||F|||50|]Annihilape||FocusSash|Defiant|CloseCombat,PhantomForce,RockTomb,Protect|Jolly||M|||50|
|
|t:|1786039684
|teamsize|p1|4
|teamsize|p2|4
|start
|switch|p1a: Incineroar|Incineroar, L50, F|100/100
|switch|p1b: Charizard|Charizard, L50, M|100/100
|switch|p2a: Charizard|Charizard, L50, F|100/100
|switch|p2b: Toxapex|Toxapex, L50, F|100/100
|-ability|p1a: Incineroar|Intimidate|boost
|-unboost|p2a: Charizard|atk|1
|-unboost|p2b: Toxapex|atk|1
|turn|1
|
|t:|1786039717
|switch|p2a: Incineroar|Incineroar, L50, M|100/100
|-ability|p2a: Incineroar|Intimidate|boost
|-unboost|p1a: Incineroar|atk|1
|-unboost|p1b: Charizard|atk|1
|detailschange|p1b: Charizard|Charizard-Mega-X, L50, M
|-mega|p1b: Charizard|Charizard|Charizardite X
|move|p1a: Incineroar|Fake Out|p2b: Toxapex
|-damage|p2b: Toxapex|94/100
|move|p1b: Charizard|Swords Dance|p1b: Charizard
|-boost|p1b: Charizard|atk|2
|cant|p2b: Toxapex|flinch
|
|-heal|p2b: Toxapex|100/100|[from] item: Leftovers
|upkeep
|turn|2
|
|t:|1786039738
|move|p1b: Charizard|Protect|p1b: Charizard
|-singleturn|p1b: Charizard|Protect
|move|p2a: Incineroar|Fake Out|p1b: Charizard
|-activate|p1b: Charizard|move: Protect
|move|p1a: Incineroar|Throat Chop|p2b: Toxapex
|-damage|p2b: Toxapex|85/100
|-start|p2b: Toxapex|Throat Chop|[silent]
|move|p2b: Toxapex|Toxic|p1b: Charizard
|-activate|p1b: Charizard|move: Protect
|
|-heal|p2b: Toxapex|91/100|[from] item: Leftovers
|upkeep
|turn|3
|
|t:|1786039750
|switch|p1a: Gholdengo|Gholdengo, L50|100/100
|move|p1b: Charizard|Dragon Claw|p2b: Toxapex
|-damage|p2b: Toxapex|49/100
|move|p2a: Incineroar|Parting Shot|p1b: Charizard
|-unboost|p1b: Charizard|atk|1
|-unboost|p1b: Charizard|spa|1
|
|t:|1786039791
|switch|p2a: Charizard|Charizard, L50, F|100/100|[from] Parting Shot
|move|p2b: Toxapex|Toxic|p1b: Charizard
|-status|p1b: Charizard|tox
|
|-heal|p2b: Toxapex|55/100|[from] item: Leftovers
|-damage|p1b: Charizard|94/100 tox|[from] psn
|-end|p2b: Toxapex|Throat Chop|[silent]
|upkeep
|turn|4
|
|t:|1786039822
|detailschange|p2a: Charizard|Charizard-Mega-Y, L50, F
|-mega|p2a: Charizard|Charizard|Charizardite Y
|-weather|SunnyDay|[from] ability: Drought|[of] p2a: Charizard
|move|p1a: Gholdengo|Protect|p1a: Gholdengo
|-singleturn|p1a: Gholdengo|Protect
|move|p2b: Toxapex|Baneful Bunker|p2b: Toxapex
|-singleturn|p2b: Toxapex|move: Protect
|move|p1b: Charizard|Swords Dance|p1b: Charizard
|-boost|p1b: Charizard|atk|2
|move|p2a: Charizard|Heat Wave|p1a: Gholdengo|[spread] p1b
|-activate|p1a: Gholdengo|move: Protect
|-resisted|p1b: Charizard|2
|-damage|p1b: Charizard|76/100 tox
|
|-weather|SunnyDay|[upkeep]
|-heal|p2b: Toxapex|61/100|[from] item: Leftovers
|-damage|p1b: Charizard|64/100 tox|[from] psn
|upkeep
|turn|5
|
|t:|1786039847
|switch|p1a: Milotic|Milotic, L50, F|100/100
|-heal|p2b: Toxapex|94/100|[from] ability: Regenerator|[silent]
|switch|p2b: Incineroar|Incineroar, L50, M|100/100
|-ability|p2b: Incineroar|Intimidate|boost
|-unboost|p1a: Milotic|atk|1
|-ability|p1a: Milotic|Competitive|boost
|-boost|p1a: Milotic|spa|2
|-unboost|p1b: Charizard|atk|1
|move|p1b: Charizard|Swords Dance|p1b: Charizard
|-boost|p1b: Charizard|atk|2
|move|p2a: Charizard|Heat Wave|p1a: Milotic|[spread] p1a,p1b
|-resisted|p1a: Milotic|1
|-resisted|p1b: Charizard|2
|-damage|p1a: Milotic|83/100
|-damage|p1b: Charizard|48/100 tox
|-status|p1a: Milotic|brn
|
|-weather|SunnyDay|[upkeep]
|-heal|p1a: Milotic|89/100 brn|[from] item: Leftovers
|-damage|p1b: Charizard|30/100 tox|[from] psn
|-damage|p1a: Milotic|83/100 brn|[from] brn
|upkeep
|turn|6
|
|t:|1786039904
|move|p2b: Incineroar|Fake Out|p1b: Charizard
|-damage|p1b: Charizard|20/100r tox
|cant|p1b: Charizard|flinch
|move|p2a: Charizard|Heat Wave|p1a: Milotic|[spread] p1a,p1b
|-resisted|p1a: Milotic|1
|-resisted|p1b: Charizard|2
|-damage|p1a: Milotic|67/100 brn
|-damage|p1b: Charizard|3/100 tox
|move|p1a: Milotic|Scald|p2a: Charizard
|-supereffective|p2a: Charizard|1
|-damage|p2a: Charizard|53/100
|
|-weather|SunnyDay|[upkeep]
|-heal|p1a: Milotic|73/100 brn|[from] item: Leftovers
|-damage|p1b: Charizard|0 fnt|[from] psn
|faint|p1b: Charizard
|-damage|p1a: Milotic|67/100 brn|[from] brn
|upkeep
|
|t:|1786039921
|switch|p1b: Incineroar|Incineroar, L50, F|100/100
|-ability|p1b: Incineroar|Intimidate|boost
|-unboost|p2a: Charizard|atk|1
|-unboost|p2b: Incineroar|atk|1
|turn|7
|
|t:|1786039967
|move|p2a: Charizard|Protect|p2a: Charizard
|-singleturn|p2a: Charizard|Protect
|move|p1a: Milotic|Recover|p1a: Milotic
|-heal|p1a: Milotic|100/100 brn
|move|p1b: Incineroar|Parting Shot|p2a: Charizard
|-activate|p2a: Charizard|move: Protect
|move|p2b: Incineroar|Throat Chop|p1a: Milotic
|-damage|p1a: Milotic|79/100 brn
|-start|p1a: Milotic|Throat Chop|[silent]
|
|-weather|SunnyDay|[upkeep]
|-heal|p1a: Milotic|85/100 brn|[from] item: Leftovers
|-damage|p1a: Milotic|79/100 brn|[from] brn
|upkeep
|turn|8
|
|t:|1786039994
|switch|p2a: Toxapex|Toxapex, L50, F|94/100
|move|p1a: Milotic|Scald|p2a: Toxapex
|-resisted|p2a: Toxapex|1
|-damage|p2a: Toxapex|84/100
|-status|p2a: Toxapex|brn
|move|p1b: Incineroar|Throat Chop|p2a: Toxapex
|-damage|p2a: Toxapex|63/100 brn
|-start|p2a: Toxapex|Throat Chop|[silent]
|move|p2b: Incineroar|Throat Chop|p1a: Milotic
|-damage|p1a: Milotic|55/100 brn
|
|-weather|none
|-heal|p1a: Milotic|61/100 brn|[from] item: Leftovers
|-heal|p2a: Toxapex|68/100 brn|[from] item: Leftovers
|-damage|p1a: Milotic|55/100 brn|[from] brn
|-damage|p2a: Toxapex|63/100 brn|[from] brn
|-end|p1a: Milotic|Throat Chop|[silent]
|upkeep
|turn|9
|
|t:|1786040047
|switch|p1a: Gholdengo|Gholdengo, L50|100/100
|switch|p2b: Charizard|Charizard-Mega-Y, L50, F|53/100
|-weather|SunnyDay|[from] ability: Drought|[of] p2b: Charizard
|move|p1b: Incineroar|Parting Shot|p2b: Charizard
|-unboost|p2b: Charizard|atk|1
|-unboost|p2b: Charizard|spa|1
|
|t:|1786040058
|switch|p1b: Milotic|Milotic, L50, F|55/100 brn|[from] Parting Shot
|move|p2a: Toxapex|Infestation|p1a: Gholdengo
|-resisted|p1a: Gholdengo|2
|-damage|p1a: Gholdengo|99/100
|-activate|p1a: Gholdengo|move: Infestation|[of] p2a: Toxapex
|
|-weather|SunnyDay|[upkeep]
|-heal|p1b: Milotic|61/100 brn|[from] item: Leftovers
|-heal|p2a: Toxapex|68/100 brn|[from] item: Leftovers
|-damage|p1b: Milotic|55/100 brn|[from] brn
|-damage|p2a: Toxapex|63/100 brn|[from] brn
|-damage|p1a: Gholdengo|87/100|[from] move: Infestation|[partiallytrapped]
|-end|p2a: Toxapex|Throat Chop|[silent]
|upkeep
|turn|10
|
|t:|1786040093
|move|p1a: Gholdengo|Protect|p1a: Gholdengo
|-singleturn|p1a: Gholdengo|Protect
|move|p2b: Charizard|Heat Wave|p1b: Milotic|[spread] p1b
|-activate|p1a: Gholdengo|move: Protect
|-resisted|p1b: Milotic|1
|-damage|p1b: Milotic|44/100 brn
|move|p1b: Milotic|Scald|p2b: Charizard
|-supereffective|p2b: Charizard|1
|-damage|p2b: Charizard|32/100
|move|p2a: Toxapex|Infestation|p1b: Milotic
|-damage|p1b: Milotic|42/100 brn
|-activate|p1b: Milotic|move: Infestation|[of] p2a: Toxapex
|
|-weather|SunnyDay|[upkeep]
|-heal|p1b: Milotic|48/100 brn|[from] item: Leftovers
|-heal|p2a: Toxapex|68/100 brn|[from] item: Leftovers
|-damage|p1b: Milotic|42/100 brn|[from] brn
|-damage|p2a: Toxapex|63/100 brn|[from] brn
|-damage|p1a: Gholdengo|74/100|[from] move: Infestation|[partiallytrapped]
|-damage|p1b: Milotic|29/100 brn|[from] move: Infestation|[partiallytrapped]
|upkeep
|turn|11
|
|t:|1786040134
|switch|p1a: Incineroar|Incineroar, L50, F|100/100
|-ability|p1a: Incineroar|Intimidate|boost
|-unboost|p2a: Toxapex|atk|1
|-unboost|p2b: Charizard|atk|1
|move|p2b: Charizard|Weather Ball|p1a: Incineroar
|-resisted|p1a: Incineroar|1
|-damage|p1a: Incineroar|80/100
|move|p1b: Milotic|Recover|p1b: Milotic
|-heal|p1b: Milotic|79/100 brn
|move|p2a: Toxapex|Infestation|p1a: Incineroar
|-damage|p1a: Incineroar|78/100
|-activate|p1a: Incineroar|move: Infestation|[of] p2a: Toxapex
|
|-weather|SunnyDay|[upkeep]
|-heal|p1b: Milotic|85/100 brn|[from] item: Leftovers
|-heal|p2a: Toxapex|68/100 brn|[from] item: Leftovers
|-damage|p1b: Milotic|79/100 brn|[from] brn
|-damage|p2a: Toxapex|63/100 brn|[from] brn
|-damage|p1b: Milotic|67/100 brn|[from] move: Infestation|[partiallytrapped]
|-damage|p1a: Incineroar|66/100|[from] move: Infestation|[partiallytrapped]
|upkeep
|turn|12
|
|t:|1786040176
|move|p2b: Charizard|Protect|p2b: Charizard
|-singleturn|p2b: Charizard|Protect
|move|p1a: Incineroar|Fake Out|p2a: Toxapex
|-damage|p2a: Toxapex|55/100 brn
|move|p1b: Milotic|Scald|p2b: Charizard
|-activate|p2b: Charizard|move: Protect
|cant|p2a: Toxapex|flinch
|
|-weather|SunnyDay|[upkeep]
|-heal|p1b: Milotic|73/100 brn|[from] item: Leftovers
|-heal|p2a: Toxapex|61/100 brn|[from] item: Leftovers
|-damage|p1b: Milotic|67/100 brn|[from] brn
|-damage|p2a: Toxapex|55/100 brn|[from] brn
|-damage|p1b: Milotic|54/100 brn|[from] move: Infestation|[partiallytrapped]
|-damage|p1a: Incineroar|54/100|[from] move: Infestation|[partiallytrapped]
|upkeep
|turn|13
|
|t:|1786040198
|move|p2b: Charizard|Protect||[still]
|-fail|p2b: Charizard
|move|p1b: Milotic|Scald|p2b: Charizard
|-supereffective|p2b: Charizard|1
|-damage|p2b: Charizard|9/100
|move|p1a: Incineroar|Parting Shot|p2b: Charizard
|-unboost|p2b: Charizard|atk|1
|-unboost|p2b: Charizard|spa|1
|
|t:|1786040207
|switch|p1a: Gholdengo|Gholdengo, L50|74/100|[from] Parting Shot
|move|p2a: Toxapex|Toxic|p1a: Gholdengo
|-immune|p1a: Gholdengo|[from] ability: Good as Gold
|
|-weather|none
|-heal|p1b: Milotic|60/100 brn|[from] item: Leftovers
|-heal|p2a: Toxapex|61/100 brn|[from] item: Leftovers
|-damage|p1b: Milotic|54/100 brn|[from] brn
|-damage|p2a: Toxapex|55/100 brn|[from] brn
|-damage|p1b: Milotic|42/100 brn|[from] move: Infestation|[partiallytrapped]
|upkeep
|turn|14
|
|t:|1786040224
|switch|p2b: Annihilape|Annihilape, L50, M|100/100
|move|p1a: Gholdengo|Protect|p1a: Gholdengo
|-singleturn|p1a: Gholdengo|Protect
|move|p1b: Milotic|Recover|p1b: Milotic
|-heal|p1b: Milotic|92/100 brn
|move|p2a: Toxapex|Infestation|p1a: Gholdengo
|-activate|p1a: Gholdengo|move: Protect
|
|-heal|p1b: Milotic|98/100 brn|[from] item: Leftovers
|-heal|p2a: Toxapex|61/100 brn|[from] item: Leftovers
|-damage|p1b: Milotic|92/100 brn|[from] brn
|-damage|p2a: Toxapex|55/100 brn|[from] brn
|-end|p1b: Milotic|Infestation|[partiallytrapped]
|upkeep
|turn|15
|l|☆loganisaiah
|player|p1|
|j|☆loganisaiah
|player|p1|loganisaiah|2|
|
|t:|1786040299
|-heal|p2a: Toxapex|88/100 brn|[from] ability: Regenerator|[silent]
|switch|p2a: Charizard|Charizard-Mega-Y, L50, F|9/100
|-weather|SunnyDay|[from] ability: Drought|[of] p2a: Charizard
|move|p2b: Annihilape|Protect|p2b: Annihilape
|-singleturn|p2b: Annihilape|Protect
|move|p1a: Gholdengo|Shadow Ball|p2b: Annihilape
|-activate|p2b: Annihilape|move: Protect
|move|p1b: Milotic|Coil|p1b: Milotic
|-boost|p1b: Milotic|atk|1
|-boost|p1b: Milotic|def|1
|-boost|p1b: Milotic|accuracy|1
|
|-weather|SunnyDay|[upkeep]
|-heal|p1b: Milotic|98/100 brn|[from] item: Leftovers
|-damage|p1b: Milotic|92/100 brn|[from] brn
|upkeep
|turn|16
|
|t:|1786040347
|move|p2b: Annihilape|Close Combat|p1a: Gholdengo
|-immune|p1a: Gholdengo
|move|p2a: Charizard|Heat Wave|p1a: Gholdengo|[spread] p1a,p1b
|-supereffective|p1a: Gholdengo|1
|-resisted|p1b: Milotic|1
|-damage|p1a: Gholdengo|0 fnt
|-damage|p1b: Milotic|76/100 brn
|faint|p1a: Gholdengo
|move|p1b: Milotic|Scald|p2b: Annihilape
|-damage|p2b: Annihilape|84/100
|
|-weather|SunnyDay|[upkeep]
|-heal|p1b: Milotic|82/100 brn|[from] item: Leftovers
|-damage|p1b: Milotic|76/100 brn|[from] brn
|upkeep
|
|t:|1786040356
|switch|p1a: Incineroar|Incineroar, L50, F|54/100
|-ability|p1a: Incineroar|Intimidate|boost
|-unboost|p2a: Charizard|atk|1
|-unboost|p2b: Annihilape|atk|1
|-ability|p2b: Annihilape|Defiant|boost
|-boost|p2b: Annihilape|atk|2
|turn|17
|
|t:|1786040374
|switch|p2a: Toxapex|Toxapex, L50, F|88/100 brn
|move|p1a: Incineroar|Fake Out|p2a: Toxapex
|-damage|p2a: Toxapex|80/100 brn
|move|p2b: Annihilape|Close Combat|p1a: Incineroar
|-supereffective|p1a: Incineroar|1
|-damage|p1a: Incineroar|0 fnt
|-unboost|p2b: Annihilape|def|1
|-unboost|p2b: Annihilape|spd|1
|faint|p1a: Incineroar
|move|p1b: Milotic|Scald|p2a: Toxapex
|-resisted|p2a: Toxapex|1
|-damage|p2a: Toxapex|75/100 brn
|
|-weather|SunnyDay|[upkeep]
|-heal|p1b: Milotic|82/100 brn|[from] item: Leftovers
|-heal|p2a: Toxapex|81/100 brn|[from] item: Leftovers
|-damage|p1b: Milotic|76/100 brn|[from] brn
|-damage|p2a: Toxapex|75/100 brn|[from] brn
|upkeep
|turn|18
|
|t:|1786040402
|move|p2b: Annihilape|Close Combat|p1b: Milotic
|-damage|p1b: Milotic|14/100 brn
|-unboost|p2b: Annihilape|def|1
|-unboost|p2b: Annihilape|spd|1
|move|p1b: Milotic|Coil|p1b: Milotic
|-boost|p1b: Milotic|atk|1
|-boost|p1b: Milotic|def|1
|-boost|p1b: Milotic|accuracy|1
|move|p2a: Toxapex|Infestation|p1b: Milotic
|-damage|p1b: Milotic|12/100 brn
|-activate|p1b: Milotic|move: Infestation|[of] p2a: Toxapex
|
|-weather|SunnyDay|[upkeep]
|-heal|p1b: Milotic|18/100 brn|[from] item: Leftovers
|-heal|p2a: Toxapex|81/100 brn|[from] item: Leftovers
|-damage|p1b: Milotic|12/100 brn|[from] brn
|-damage|p2a: Toxapex|75/100 brn|[from] brn
|-damage|p1b: Milotic|1/100 brn|[from] move: Infestation|[partiallytrapped]
|upkeep
|turn|19
|
|t:|1786040425
|move|p2b: Annihilape|Rock Tomb|p1b: Milotic
|-damage|p1b: Milotic|0 fnt
|faint|p1b: Milotic
|
|win|natsukivgc
|raw|loganisaiah's rating: 1197 → 1174(-23 for losing)
|raw|natsukivgc's rating: 1219 → 1242(+23 for winning)
