|j|☆phfg
|j|☆HowIsZacLee
|html|phfgHowIsZacLee    
|uhtml|bestof|Game 3 of a best-of-3
|t:|1756963907
|gametype|doubles
|player|p1|phfg|hilbert-wonderlauncher|1227
|player|p2|HowIsZacLee|gentleman-gen4dp|1107
|gen|9
|tier|[Gen 9] VGC 2025 Reg H (Bo3)
|rated|
|rule|Species Clause: Limit one of each Pokémon
|rule|Item Clause: Limit 1 of each item
|clearpoke
|poke|p1|Porygon2, L50|
|poke|p1|Incineroar, L50, F|
|poke|p1|Ursaluna-Bloodmoon, L50, M|
|poke|p1|Whimsicott, L50, F|
|poke|p1|Amoonguss, L50, M|
|poke|p1|Annihilape, L50, M|
|poke|p2|Dragonite, L50, M|
|poke|p2|Gholdengo, L50|
|poke|p2|Sneasler, L50, M|
|poke|p2|Garchomp, L50, M|
|poke|p2|Ninetales-Alola, L50, M|
|poke|p2|Arcanine-Hisui, L50, F|
|teampreview|4
|showteam|p1|Porygon2||Eviolite|Download|TeraBlast,IceBeam,Recover,TrickRoom||||||50|,,,,,Fighting]Incineroar||AssaultVest|Intimidate|FlareBlitz,KnockOff,FakeOut,Uturn|||F|||50|,,,,,Grass]Ursaluna-Bloodmoon||LifeOrb|MindsEye|BloodMoon,HyperVoice,EarthPower,Protect|||M|||50|,,,,,Normal]Whimsicott||CovertCloak|Prankster|Moonblast,Tailwind,Encore,BeatUp|||F|||50|,,,,,Water]Amoonguss||MentalHerb|Regenerator|Spore,RagePowder,PollenPuff,Protect|||M|||50|,,,,,Fairy]Annihilape||SafetyGoggles|Defiant|BulkUp,DrainPunch,RageFist,Protect|||M|||50|,,,,,Water
|showteam|p2|Dragonite||LoadedDice|Multiscale|ScaleShot,Tailwind,Haze,Protect|||M|||50|,,,,,Fairy]Gholdengo||LifeOrb|GoodasGold|MakeItRain,ShadowBall,NastyPlot,Protect||||||50|,,,,,Water]Sneasler||FocusSash|Unburden|CloseCombat,DireClaw,FakeOut,Coaching|||M|||50|,,,,,Stellar]Garchomp||ClearAmulet|RoughSkin|Earthquake,StompingTantrum,DragonClaw,Protect|||M|||50|,,,,,Steel]Ninetales-Alola||ChoiceSpecs|SnowWarning|Blizzard,IcyWind,Moonblast,FreezeDry|||M|||50|,,,,,Ghost]Arcanine-Hisui||MirrorHerb|Intimidate|RockSlide,FlareBlitz,ExtremeSpeed,Protect|||F|||50|,,,,,Ghost
|j| pokemonkorea co kr
|inactive|Battle timer is ON: inactive players will automatically lose when time's up. (requested by HowIsZacLee)
|
|t:|1756963952
|teamsize|p1|4
|teamsize|p2|4
|start
|switch|p1a: Incineroar|Incineroar, L50, F|100/100
|switch|p1b: Annihilape|Annihilape, L50, M|100/100
|switch|p2a: scale shot misses|Dragonite, L50, M, shiny|100/100
|switch|p2b: faketile|Sneasler, L50, M, shiny|100/100
|-ability|p1a: Incineroar|Intimidate|boost
|-unboost|p2a: scale shot misses|atk|1
|-unboost|p2b: faketile|atk|1
|turn|1
|inactive|phfg has 30 seconds left.
|inactive|phfg has 20 seconds left.
|
|t:|1756963990
|switch|p1a: Amoonguss|Amoonguss, L50, M|100/100
|move|p1b: Annihilape|Protect|p1b: Annihilape
|-singleturn|p1b: Annihilape|Protect
|move|p2b: faketile|Coaching|p2a: scale shot misses
|-boost|p2a: scale shot misses|atk|1
|-boost|p2a: scale shot misses|def|1
|move|p2a: scale shot misses|Scale Shot|p1a: Amoonguss
|-damage|p1a: Amoonguss|89/100
|-damage|p1a: Amoonguss|76/100
|-damage|p1a: Amoonguss|64/100
|-damage|p1a: Amoonguss|51/100
|-damage|p1a: Amoonguss|40/100
|-hitcount|p1a: Amoonguss|5
|-unboost|p2a: scale shot misses|def|1
|-boost|p2a: scale shot misses|spe|1
|
|upkeep
|turn|2
|inactive|phfg has 30 seconds left.
|inactive|HowIsZacLee has 30 seconds left.
|inactive|phfg has 20 seconds left.
|
|t:|1756964029
|move|p2a: scale shot misses|Protect|p2a: scale shot misses
|-singleturn|p2a: scale shot misses|Protect
|move|p1a: Amoonguss|Rage Powder|p1a: Amoonguss
|-singleturn|p1a: Amoonguss|move: Rage Powder
|move|p2b: faketile|Dire Claw|p1a: Amoonguss
|-damage|p1a: Amoonguss|19/100
|move|p1b: Annihilape|Rage Fist|p2a: scale shot misses
|-activate|p2a: scale shot misses|move: Protect
|
|upkeep
|turn|3
|inactive|HowIsZacLee has 30 seconds left.
|
|t:|1756964056
|move|p1a: Amoonguss|Rage Powder|p1a: Amoonguss
|-singleturn|p1a: Amoonguss|move: Rage Powder
|move|p2a: scale shot misses|Tailwind|p2a: scale shot misses
|-sidestart|p2: HowIsZacLee|move: Tailwind
|move|p2b: faketile|Close Combat|p1a: Amoonguss
|-resisted|p1a: Amoonguss
|-damage|p1a: Amoonguss|1/100
|-unboost|p2b: faketile|def|1
|-unboost|p2b: faketile|spd|1
|move|p1b: Annihilape|Rage Fist|p2a: scale shot misses
|-damage|p2a: scale shot misses|91/100
|
|upkeep
|turn|4
|inactive|phfg has 30 seconds left.
|inactive|HowIsZacLee has 30 seconds left.
|
|t:|1756964087
|move|p1a: Amoonguss|Protect|p1a: Amoonguss
|-singleturn|p1a: Amoonguss|Protect
|move|p2a: scale shot misses|Scale Shot|p1b: Annihilape
|-damage|p1b: Annihilape|83/100
|-damage|p1b: Annihilape|66/100
|-damage|p1b: Annihilape|49/100
|-damage|p1b: Annihilape|34/100
|-damage|p1b: Annihilape|18/100
|-hitcount|p1b: Annihilape|5
|-unboost|p2a: scale shot misses|def|1
|-boost|p2a: scale shot misses|spe|1
|move|p2b: faketile|Coaching|p2a: scale shot misses
|-boost|p2a: scale shot misses|atk|1
|-boost|p2a: scale shot misses|def|1
|move|p1b: Annihilape|Rage Fist|p2a: scale shot misses
|-damage|p2a: scale shot misses|0 fnt
|faint|p2a: scale shot misses
|
|upkeep
|
|t:|1756964100
|switch|p2a: Gholdeggo|Gholdengo, L50|100/100
|turn|5
|
|t:|1756964115
|switch|p1a: Incineroar|Incineroar, L50, F|100/100
|-ability|p1a: Incineroar|Intimidate|boost
|-unboost|p2a: Gholdeggo|atk|1
|-unboost|p2b: faketile|atk|1
|-terastallize|p2a: Gholdeggo|Water
|move|p1b: Annihilape|Protect|p1b: Annihilape
|-singleturn|p1b: Annihilape|Protect
|move|p2b: faketile|Dire Claw|p1b: Annihilape
|-activate|p1b: Annihilape|move: Protect
|move|p2a: Gholdeggo|Shadow Ball|p1a: Incineroar
|-resisted|p1a: Incineroar
|-damage|p1a: Incineroar|83/100
|-damage|p2a: Gholdeggo|91/100|[from] item: Life Orb
|
|upkeep
|turn|6
|
|t:|1756964134
|switch|p1b: Amoonguss|Amoonguss, L50, M|35/100
|move|p2b: faketile|Dire Claw|p1b: Amoonguss
|-damage|p1b: Amoonguss|16/100
|move|p2a: Gholdeggo|Make It Rain|p1a: Incineroar|[spread] p1a,p1b
|-resisted|p1a: Incineroar
|-damage|p1a: Incineroar|63/100
|-damage|p1b: Amoonguss|0 fnt
|-unboost|p2a: Gholdeggo|spa|1
|faint|p1b: Amoonguss
|-damage|p2a: Gholdeggo|81/100|[from] item: Life Orb
|move|p1a: Incineroar|U-turn|p2a: Gholdeggo
|-damage|p2a: Gholdeggo|58/100
|
|t:|1756964147
|switch|p1a: Porygon2|Porygon2, L50|100/100|[from] U-turn
|-ability|p1a: Porygon2|Download|boost
|-boost|p1a: Porygon2|atk|1
|
|-sideend|p2: HowIsZacLee|move: Tailwind
|upkeep
|
|t:|1756964149
|switch|p1b: Incineroar|Incineroar, L50, F|63/100
|-ability|p1b: Incineroar|Intimidate|boost
|-unboost|p2a: Gholdeggo|atk|1
|-unboost|p2b: faketile|atk|1
|turn|7
|
|t:|1756964172
|switch|p2a: sharktile|Garchomp, L50, M|100/100
|-terastallize|p1a: Porygon2|Fighting
|move|p2b: faketile|Coaching|p2a: sharktile
|-boost|p2a: sharktile|atk|1
|-boost|p2a: sharktile|def|1
|move|p1b: Incineroar|Knock Off|p2a: sharktile
|-damage|p2a: sharktile|69/100
|-damage|p1b: Incineroar|51/100|[from] ability: Rough Skin|[of] p2a: sharktile
|-enditem|p2a: sharktile|Clear Amulet|[from] move: Knock Off|[of] p1b: Incineroar
|move|p1a: Porygon2|Tera Blast|p2a: sharktile|[anim] Tera Blast Fighting
|-damage|p2a: sharktile|28/100
|
|upkeep
|turn|8
|inactive|HowIsZacLee has 30 seconds left.
|inactive|HowIsZacLee has 20 seconds left.
|inactive|HowIsZacLee has 15 seconds left.
|inactive|HowIsZacLee has 10 seconds left.
|inactive|HowIsZacLee has 5 seconds left.
|
|t:|1756964223
|switch|p2b: Gholdeggo|Gholdengo, L50, tera:Water|58/100
|switch|p1b: Annihilape|Annihilape, L50, M|18/100
|move|p2a: sharktile|Stomping Tantrum|p1a: Porygon2
|-damage|p1a: Porygon2|61/100
|move|p1a: Porygon2|Trick Room|p1a: Porygon2
|-fieldstart|move: Trick Room|[of] p1a: Porygon2
|
|upkeep
|turn|9
|inactive|phfg has 30 seconds left.
|
|t:|1756964255
|switch|p1b: Incineroar|Incineroar, L50, F|51/100
|-ability|p1b: Incineroar|Intimidate|boost
|-unboost|p2a: sharktile|atk|1
|-unboost|p2b: Gholdeggo|atk|1
|move|p2a: sharktile|Protect|p2a: sharktile
|-singleturn|p2a: sharktile|Protect
|move|p1a: Porygon2|Tera Blast|p2b: Gholdeggo|[anim] Tera Blast Fighting
|-damage|p2b: Gholdeggo|15/100
|move|p2b: Gholdeggo|Make It Rain|p1a: Porygon2|[spread] p1a,p1b
|-resisted|p1b: Incineroar
|-damage|p1a: Porygon2|22/100
|-damage|p1b: Incineroar|33/100
|-unboost|p2b: Gholdeggo|spa|1
|-damage|p2b: Gholdeggo|6/100|[from] item: Life Orb
|
|upkeep
|turn|10
|
|t:|1756964278
|move|p1a: Porygon2|Recover|p1a: Porygon2
|-heal|p1a: Porygon2|72/100
|move|p1b: Incineroar|Knock Off|p2b: Gholdeggo
|-damage|p2b: Gholdeggo|0 fnt
|-enditem|p2b: Gholdeggo|Life Orb|[from] move: Knock Off|[of] p1b: Incineroar
|faint|p2b: Gholdeggo
|move|p2a: sharktile|Earthquake|p1a: Porygon2|[spread] p1a,p1b
|-supereffective|p1b: Incineroar
|-damage|p1a: Porygon2|45/100
|-damage|p1b: Incineroar|0 fnt
|faint|p1b: Incineroar
|
|upkeep
|
|t:|1756964288
|switch|p1b: Annihilape|Annihilape, L50, M|18/100
|switch|p2b: faketile|Sneasler, L50, M, shiny|100/100
|turn|11
|inactive|HowIsZacLee has 30 seconds left.
|
|t:|1756964315
|move|p2b: faketile|Fake Out|p1a: Porygon2
|-damage|p1a: Porygon2|36/100
|cant|p1a: Porygon2|flinch
|move|p1b: Annihilape|Rage Fist|p2b: faketile
|-enditem|p2b: faketile|Focus Sash
|-damage|p2b: faketile|1/100
|move|p2a: sharktile|Earthquake|p1b: Annihilape|[spread] p2b,p1a,p1b
|-supereffective|p2b: faketile
|-damage|p2b: faketile|0 fnt
|-damage|p1a: Porygon2|12/100
|-damage|p1b: Annihilape|0 fnt
|faint|p2b: faketile
|faint|p1b: Annihilape
|
|upkeep
|turn|12
|
|t:|1756964328
|move|p2a: sharktile|Protect|p2a: sharktile
|-singleturn|p2a: sharktile|Protect
|move|p1a: Porygon2|Recover|p1a: Porygon2
|-heal|p1a: Porygon2|62/100
|
|-fieldend|move: Trick Room
|upkeep
|turn|13
|
|t:|1756964345
|move|p2a: sharktile|Stomping Tantrum|p1a: Porygon2
|-damage|p1a: Porygon2|35/100
|move|p1a: Porygon2|Ice Beam|p2a: sharktile
|-supereffective|p2a: sharktile
|-damage|p2a: sharktile|0 fnt
|faint|p2a: sharktile
|
|win|phfg
|raw|phfg's rating: 1227 → 1244(+17 for winning)
|raw|HowIsZacLee's rating: 1107 → 1090(-17 for losing)
|l|☆phfg
|player|p1|
|c|☆HowIsZacLee|Ggs
