|j|â˜†FB06
|j|â˜†Coolerchezzz
|html|FB06Coolerchezzz    
|uhtml|bestof|Game 1 of a best-of-3
|t:|1786033637
|gametype|doubles
|player|p1|FB06|hoopster|1119
|player|p2|Coolerchezzz|1|1108
|gen|9
|tier|[Gen 9 Champions] VGC 2026 Reg M-B (Bo3)
|rated|
|rule|Species Clause: Limit one of each PokÃ©mon
|rule|Item Clause: Limit 1 of each item
|clearpoke
|poke|p1|Metagross, L50|
|poke|p1|Floette-Eternal, L50, F|
|poke|p1|Hydreigon, L50, F|
|poke|p1|Talonflame, L50, F|
|poke|p1|Ninetales-Alola, L50, M|
|poke|p1|Gholdengo, L50|
|poke|p2|Metagross, L50|
|poke|p2|Hydreigon, L50, F|
|poke|p2|Ninetales-Alola, L50, M|
|poke|p2|Garchomp, L50, F|
|poke|p2|Whimsicott, L50, M|
|poke|p2|Slowking-Galar, L50, M|
|teampreview|4
|showteam|p1|Metagross||Metagrossite|ClearBody|BodyPress,Protect,IronHead,PsychicFangs|Jolly|||||50|]Floette-Eternal||Floettite|FlowerVeil|Moonblast,Protect,Psychic,DazzlingGleam|Modest||F|||50|]Hydreigon||LifeOrb|Levitate|DarkPulse,DracoMeteor,EarthPower,Protect|Modest||F|||50|]Talonflame||SharpBeak|GaleWings|BraveBird,FlareBlitz,Tailwind,Protect|Adamant||F|||50|]Ninetales-Alola||NeverMeltIce|SnowWarning|AuroraVeil,Blizzard,FreezeDry,Protect|Timid||M|||50|]Gholdengo||WhiteHerb|GoodasGold|NastyPlot,MakeItRain,ShadowBall,Protect|Modest|||||50|
|showteam|p2|Metagross||Metagrossite|ClearBody|PsychicFangs,IronHead,RockSlide,Protect|Jolly|||||50|]Hydreigon||ChoiceScarf|Levitate|DracoMeteor,DarkPulse,Snarl,HeatWave|Timid||F|||50|]Ninetales-Alola||FocusSash|SnowWarning|Blizzard,DazzlingGleam,AuroraVeil,Protect|Timid||M|||50|]Garchomp||LifeOrb|RoughSkin|Earthquake,DragonClaw,RockSlide,Protect|Jolly||F|||50|]Whimsicott||SitrusBerry|Prankster|EnergyBall,Tailwind,Encore,Protect|Timid||M|||50|]Slowking-Galar||Leftovers|Regenerator|ChillingWater,Toxic,Protect,ChillyReception|Sassy||M|||50|
|c|â˜†Coolerchezzz|you stole my team
|inactive|Battle timer is ON: inactive players will automatically lose when time's up. (requested by Coolerchezzz)
|c|â˜†FB06|na
|inactive|Coolerchezzz has 30 seconds left.
|inactive|Coolerchezzz has 20 seconds left.
|
|t:|1786033736
|teamsize|p1|4
|teamsize|p2|4
|start
|switch|p1a: Talonflame|Talonflame, L50, F|100/100
|switch|p1b: Metagross|Metagross, L50|100/100
|switch|p2a: Metagross|Metagross, L50|100/100
|switch|p2b: Ninetales|Ninetales-Alola, L50, M|100/100
|-weather|Snowscape|[from] ability: Snow Warning|[of] p2b: Ninetales
|turn|1
|c|â˜†FB06|wheres ur floette at lol
|c|â˜†Coolerchezzz|slowking is tech
|inactive|Coolerchezzz has 30 seconds left.
|inactive|Coolerchezzz has 20 seconds left.
|inactive|Coolerchezzz has 15 seconds left.
|inactive|Coolerchezzz has 10 seconds left.
|c|â˜†FB06|show me den
|
|t:|1786033786
|switch|p2b: Garchomp|Garchomp, L50, F|100/100
|detailschange|p1b: Metagross|Metagross-Mega, L50
|-mega|p1b: Metagross|Metagross|Metagrossite
|detailschange|p2a: Metagross|Metagross-Mega, L50
|-mega|p2a: Metagross|Metagross|Metagrossite
|move|p1a: Talonflame|Flare Blitz|p2a: Metagross
|-supereffective|p2a: Metagross|1
|-damage|p2a: Metagross|21/100
|-status|p2a: Metagross|brn
|-damage|p1a: Talonflame|74/100|[from] Recoil
|move|p1b: Metagross|Iron Head|p2b: Garchomp
|-damage|p2b: Garchomp|44/100
|-damage|p1b: Metagross|87/100|[from] ability: Rough Skin|[of] p2b: Garchomp
|move|p2a: Metagross|Rock Slide|p1a: Talonflame|[spread] p1a,p1b
|-supereffective|p1a: Talonflame|2
|-resisted|p1b: Metagross|1
|-crit|p1b: Metagross
|-damage|p1a: Talonflame|8/100
|-damage|p1b: Metagross|81/100
|
|-weather|Snowscape|[upkeep]
|-damage|p2a: Metagross|15/100 brn|[from] brn
|upkeep
|turn|2
|c|â˜†Coolerchezzz|bet
|c|â˜†Coolerchezzz|holy burn
|inactive|FB06 has 30 seconds left.
|inactive|Coolerchezzz has 30 seconds left.
|inactive|FB06 has 20 seconds left.
|inactive|Coolerchezzz has 20 seconds left.
|inactive|Coolerchezzz has 15 seconds left.
|inactive|Coolerchezzz has 10 seconds left.
|
|t:|1786033833
|move|p1b: Metagross|Protect|p1b: Metagross
|-singleturn|p1b: Metagross|Protect
|move|p2b: Garchomp|Protect|p2b: Garchomp
|-singleturn|p2b: Garchomp|Protect
|move|p1a: Talonflame|Tailwind|p1a: Talonflame
|-sidestart|p1: FB06|move: Tailwind
|move|p2a: Metagross|Rock Slide|p1a: Talonflame|[spread] p1a
|-activate|p1b: Metagross|move: Protect
|-supereffective|p1a: Talonflame|2
|-damage|p1a: Talonflame|0 fnt
|faint|p1a: Talonflame
|
|-weather|Snowscape|[upkeep]
|-damage|p2a: Metagross|9/100 brn|[from] brn
|upkeep
|c|â˜†FB06|ye crazy
|
|t:|1786033849
|switch|p1a: Floette|Floette-Eternal, L50, F|100/100
|turn|3
|c|â˜†Coolerchezzz|it might be cooked
|inactive|Coolerchezzz has 30 seconds left.
|c|â˜†FB06|rip
|inactive|Coolerchezzz has 20 seconds left.
|inactive|Coolerchezzz has 15 seconds left.
|
|t:|1786033894
|switch|p2b: Slowking|Slowking-Galar, L50, M|100/100
|move|p2a: Metagross|Protect|p2a: Metagross
|-singleturn|p2a: Metagross|Protect
|move|p1b: Metagross|Iron Head|p2a: Metagross
|-activate|p2a: Metagross|move: Protect
|move|p1a: Floette|Dazzling Gleam|p2a: Metagross|[spread] p2b
|-activate|p2a: Metagross|move: Protect
|-resisted|p2b: Slowking|1
|-damage|p2b: Slowking|89/100
|
|-weather|Snowscape|[upkeep]
|-heal|p2b: Slowking|95/100|[from] item: Leftovers
|-damage|p2a: Metagross|3/100 brn|[from] brn
|upkeep
|turn|4
|inactive|Coolerchezzz has 30 seconds left.
|
|t:|1786033924
|move|p1b: Metagross|Protect|p1b: Metagross
|-singleturn|p1b: Metagross|Protect
|move|p1a: Floette|Protect|p1a: Floette
|-singleturn|p1a: Floette|Protect
|move|p2a: Metagross|Iron Head|p1a: Floette
|-activate|p1a: Floette|move: Protect
|move|p2b: Slowking|Toxic|p1a: Floette
|-activate|p1a: Floette|move: Protect
|
|-weather|Snowscape|[upkeep]
|-heal|p2b: Slowking|100/100|[from] item: Leftovers
|-damage|p2a: Metagross|0 fnt|[from] brn
|faint|p2a: Metagross
|upkeep
|
|t:|1786033941
|switch|p2a: Garchomp|Garchomp, L50, F|44/100
|turn|5
|
|t:|1786033955
|move|p2a: Garchomp|Protect|p2a: Garchomp
|-singleturn|p2a: Garchomp|Protect
|move|p1b: Metagross|Iron Head|p2b: Slowking
|-damage|p2b: Slowking|39/100
|move|p1a: Floette|Dazzling Gleam|p2b: Slowking|[spread] p2b
|-activate|p2a: Garchomp|move: Protect
|-resisted|p2b: Slowking|1
|-damage|p2b: Slowking|29/100
|move|p2b: Slowking|Chilling Water|p1b: Metagross
|-damage|p1b: Metagross|69/100
|-unboost|p1b: Metagross|atk|1
|
|-weather|none
|-heal|p2b: Slowking|35/100|[from] item: Leftovers
|-sideend|p1: FB06|move: Tailwind
|upkeep
|turn|6
|inactive|FB06 has 30 seconds left.
|inactive|Coolerchezzz has 30 seconds left.
|
|t:|1786033988
|move|p2b: Slowking|Protect|p2b: Slowking
|-singleturn|p2b: Slowking|Protect
|move|p1b: Metagross|Psychic Fangs|p2b: Slowking
|-activate|p2b: Slowking|move: Protect
|move|p2a: Garchomp|Earthquake|p1a: Floette|[spread] p1a,p1b
|-activate|p2b: Slowking|move: Protect
|-supereffective|p1b: Metagross|1
|-damage|p1a: Floette|24/100
|-damage|p1b: Metagross|0 fnt
|faint|p1b: Metagross
|-damage|p2a: Garchomp|34/100|[from] item: Life Orb
|move|p1a: Floette|Dazzling Gleam|p2b: Slowking|[spread] p2a
|-activate|p2b: Slowking|move: Protect
|-supereffective|p2a: Garchomp|1
|-damage|p2a: Garchomp|0 fnt
|faint|p2a: Garchomp
|
|-heal|p2b: Slowking|42/100|[from] item: Leftovers
|upkeep
|
|t:|1786034005
|switch|p1b: Hydreigon|Hydreigon, L50, F|100/100
|switch|p2a: Ninetales|Ninetales-Alola, L50, M|100/100
|-weather|Snowscape|[from] ability: Snow Warning|[of] p2a: Ninetales
|turn|7
|inactive|FB06 has 30 seconds left.
|inactive|Coolerchezzz has 30 seconds left.
|
|t:|1786034038
|move|p1b: Hydreigon|Protect|p1b: Hydreigon
|-singleturn|p1b: Hydreigon|Protect
|move|p2a: Ninetales|Blizzard|p1b: Hydreigon|[spread] p1a
|-activate|p1b: Hydreigon|move: Protect
|-crit|p1a: Floette
|-damage|p1a: Floette|0 fnt
|faint|p1a: Floette
|move|p2b: Slowking|Chilling Water|p1b: Hydreigon
|-activate|p1b: Hydreigon|move: Protect
|
|-weather|Snowscape|[upkeep]
|-heal|p2b: Slowking|48/100|[from] item: Leftovers
|upkeep
|turn|8
|c|â˜†Coolerchezzz|holy comeback
|c|â˜†FB06|crit mattered
|
|t:|1786034058
|move|p2a: Ninetales|Dazzling Gleam|p1b: Hydreigon
|-supereffective|p1b: Hydreigon|2
|-damage|p1b: Hydreigon|0 fnt
|faint|p1b: Hydreigon
|
|win|Coolerchezzz
|c|â˜†Coolerchezzz|fs
||Coolerchezzz is ready for game 2.
||FB06 is ready for game 2.
|uhtml|next|Next: Game 2 of 3
|l|â˜†FB06
|player|p1|
|l|â˜†Coolerchezzz
|player|p2|
|j|â˜†Coolerchezzz
|player|p2|Coolerchezzz|1|
