|j|☆Fedemitra9
|j|☆CuboX11n
|html|Fedemitra9CuboX11n    
|uhtml|bestof|Game 2 of a best-of-3
|t:|1757848256
|gametype|doubles
|player|p1|Fedemitra9|hiker-gen4|1454
|player|p2|CuboX11n|crasherwake|1321
|gen|9
|tier|[Gen 9] VGC 2025 Reg H (Bo3)
|rated|
|rule|Species Clause: Limit one of each Pokémon
|rule|Item Clause: Limit 1 of each item
|clearpoke
|poke|p1|Charizard, L50, M|
|poke|p1|Torkoal, L50, M|
|poke|p1|Porygon2, L50|
|poke|p1|Incineroar, L50, M|
|poke|p1|Jumpluff, L50, M|
|poke|p1|Ursaluna, L50, M|
|poke|p2|Tyranitar, L50, M|
|poke|p2|Garchomp, L50, M|
|poke|p2|Basculegion, L50, M|
|poke|p2|Volcarona, L50, M|
|poke|p2|Amoonguss, L50, M|
|poke|p2|Grimmsnarl, L50, M|
|teampreview|4
|showteam|p1|Charizard||ChoiceSpecs|SolarPower|HeatWave,Overheat,WeatherBall,AirSlash|||M|||50|,,,,,Ghost]Torkoal||EjectPack|Drought|Eruption,Overheat,HelpingHand,Protect|||M|||50|,,,,,Fire]Porygon2||Eviolite|Download|TeraBlast,IceBeam,Recover,TrickRoom||||||50|,,,,,Fighting]Incineroar||SitrusBerry|Intimidate|FlareBlitz,KnockOff,FakeOut,PartingShot|||M|||50|,,,,,Ghost]Jumpluff||CovertCloak|Chlorophyll|SunnyDay,SleepPowder,RagePowder,Tailwind|||M|||50|,,,,,Water]Ursaluna||FlameOrb|Guts|HeadlongRush,Facade,Earthquake,Protect|||M|||50|,,,,,Ghost
|showteam|p2|Tyranitar||AssaultVest|SandStream|LowKick,TeraBlast,RockSlide,KnockOff|||M|||50|,,,,,Flying]Garchomp||LoadedDice|SandVeil|StompingTantrum,ScaleShot,SwordsDance,Protect|||M|||50|,,,,,Poison]Basculegion||ChoiceScarf|Adaptability|LastRespects,WaveCrash,FlipTurn,TeraBlast|||M|||50|,,,,,Ghost]Volcarona||Leftovers|FlameBody|HeatWave,GigaDrain,QuiverDance,Protect|||M|||50|,,,,,Grass]Amoonguss||SitrusBerry|Regenerator|Spore,RagePowder,LeafStorm,ClearSmog|||M|||50|,,,,,Steel]Grimmsnarl||LightClay|Prankster|ThunderWave,LightScreen,Reflect,SpiritBreak|||M|||50|,,,,,Water
|
|t:|1757848269
|teamsize|p1|4
|teamsize|p2|4
|start
|switch|p1a: Charizard|Charizard, L50, M, shiny|100/100
|switch|p1b: Jumpluff|Jumpluff, L50, M, shiny|100/100
|switch|p2a: Grimmsnarl|Grimmsnarl, L50, M, shiny|100/100
|switch|p2b: Volcarona|Volcarona, L50, M|100/100
|turn|1
|inactive|Battle timer is ON: inactive players will automatically lose when time's up. (requested by CuboX11n)
|
|t:|1757848278
|move|p2a: Grimmsnarl|Light Screen|p2a: Grimmsnarl
|-sidestart|p2: CuboX11n|move: Light Screen
|move|p1b: Jumpluff|Sleep Powder|p2b: Volcarona
|-status|p2b: Volcarona|slp|[from] move: Sleep Powder
|move|p1a: Charizard|Heat Wave|p2a: Grimmsnarl|[spread] p2a,p2b
|-damage|p2a: Grimmsnarl|68/100
|-damage|p2b: Volcarona|70/100 slp
|-status|p2a: Grimmsnarl|brn
|cant|p2b: Volcarona|slp
|
|-heal|p2b: Volcarona|76/100 slp|[from] item: Leftovers
|-damage|p2a: Grimmsnarl|62/100 brn|[from] brn
|upkeep
|turn|2
|
|t:|1757848298
|move|p2a: Grimmsnarl|Thunder Wave|p1b: Jumpluff
|-status|p1b: Jumpluff|par
|move|p1a: Charizard|Heat Wave|p2a: Grimmsnarl|[spread] p2a,p2b
|-damage|p2a: Grimmsnarl|32/100 brn
|-damage|p2b: Volcarona|45/100 slp
|cant|p2b: Volcarona|slp
|move|p1b: Jumpluff|Sunny Day|p1b: Jumpluff
|-weather|SunnyDay
|
|-weather|SunnyDay|[upkeep]
|-damage|p1a: Charizard|88/100|[from] ability: Solar Power|[of] p1a: Charizard
|-heal|p2b: Volcarona|52/100 slp|[from] item: Leftovers
|-damage|p2a: Grimmsnarl|26/100 brn|[from] brn
|upkeep
|turn|3
|
|t:|1757848313
|switch|p2a: Tyranitar|Tyranitar, L50, M|100/100
|-weather|Sandstorm|[from] ability: Sand Stream|[of] p2a: Tyranitar
|move|p1a: Charizard|Heat Wave|p2a: Tyranitar|[spread] p2a,p2b
|-resisted|p2a: Tyranitar
|-damage|p2a: Tyranitar|94/100
|-damage|p2b: Volcarona|25/100 slp
|cant|p2b: Volcarona|slp
|move|p1b: Jumpluff|Tailwind|p1b: Jumpluff
|-sidestart|p1: Fedemitra9|move: Tailwind
|
|-weather|Sandstorm|[upkeep]
|-damage|p1a: Charizard|82/100|[from] Sandstorm
|-damage|p1b: Jumpluff|94/100 par|[from] Sandstorm
|-damage|p2b: Volcarona|19/100 slp|[from] Sandstorm
|-heal|p2b: Volcarona|25/100 slp|[from] item: Leftovers
|upkeep
|turn|4
|
|t:|1757848335
|-curestatus|p2b: Volcarona|slp|[msg]
|move|p2b: Volcarona|Protect|p2b: Volcarona
|-singleturn|p2b: Volcarona|Protect
|move|p1a: Charizard|Heat Wave|p2a: Tyranitar|[spread] 
|-activate|p2b: Volcarona|move: Protect
|-miss|p1a: Charizard|p2a: Tyranitar
|cant|p1b: Jumpluff|par
|move|p2a: Tyranitar|Rock Slide|p1a: Charizard|[spread] p1a,p1b
|-supereffective|p1a: Charizard
|-supereffective|p1b: Jumpluff
|-damage|p1a: Charizard|0 fnt
|-damage|p1b: Jumpluff|20/100 par
|faint|p1a: Charizard
|
|-weather|Sandstorm|[upkeep]
|-damage|p1b: Jumpluff|13/100 par|[from] Sandstorm
|-damage|p2b: Volcarona|19/100|[from] Sandstorm
|-heal|p2b: Volcarona|25/100|[from] item: Leftovers
|upkeep
|inactive|Fedemitra9 has 30 seconds left.
|
|t:|1757848362
|switch|p1a: Porygon2|Porygon2, L50, shiny|100/100
|-ability|p1a: Porygon2|Download|boost
|-boost|p1a: Porygon2|atk|1
|turn|5
|
|t:|1757848373
|move|p1b: Jumpluff|Sleep Powder|p2a: Tyranitar
|-status|p2a: Tyranitar|slp|[from] move: Sleep Powder
|move|p1a: Porygon2|Tera Blast|p2b: Volcarona
|-damage|p2b: Volcarona|3/100
|move|p2b: Volcarona|Heat Wave|p1a: Porygon2|[spread] p1a
|-miss|p2b: Volcarona|p1b: Jumpluff
|-damage|p1a: Porygon2|77/100
|cant|p2a: Tyranitar|slp
|
|-weather|Sandstorm|[upkeep]
|-damage|p1b: Jumpluff|7/100 par|[from] Sandstorm
|-damage|p1a: Porygon2|71/100|[from] Sandstorm
|-damage|p2b: Volcarona|0 fnt|[from] Sandstorm
|faint|p2b: Volcarona
|upkeep
|
|t:|1757848390
|switch|p2b: Grimmsnarl|Grimmsnarl, L50, M, shiny|26/100 brn
|turn|6
|
|t:|1757848404
|cant|p1b: Jumpluff|par
|move|p2b: Grimmsnarl|Thunder Wave|p1a: Porygon2
|-status|p1a: Porygon2|par
|-curestatus|p2a: Tyranitar|slp|[msg]
|move|p2a: Tyranitar|Knock Off|p1a: Porygon2
|-damage|p1a: Porygon2|35/100 par
|-enditem|p1a: Porygon2|Eviolite|[from] move: Knock Off|[of] p2a: Tyranitar
|move|p1a: Porygon2|Trick Room|p1a: Porygon2
|-fieldstart|move: Trick Room|[of] p1a: Porygon2
|
|-weather|Sandstorm|[upkeep]
|-damage|p1a: Porygon2|29/100 par|[from] Sandstorm
|-damage|p2b: Grimmsnarl|20/100 brn|[from] Sandstorm
|-damage|p1b: Jumpluff|1/100 par|[from] Sandstorm
|-damage|p2b: Grimmsnarl|14/100 brn|[from] brn
|-sideend|p1: Fedemitra9|move: Tailwind
|upkeep
|turn|7
|inactive|Fedemitra9 has 30 seconds left.
|inactive|CuboX11n has 30 seconds left.
|
|t:|1757848435
|move|p1a: Porygon2|Recover|p1a: Porygon2
|-heal|p1a: Porygon2|79/100 par
|move|p2b: Grimmsnarl|Spirit Break|p1a: Porygon2
|-damage|p1a: Porygon2|64/100 par
|-unboost|p1a: Porygon2|spa|1
|move|p1b: Jumpluff|Sleep Powder|p2a: Tyranitar
|-status|p2a: Tyranitar|slp|[from] move: Sleep Powder
|cant|p2a: Tyranitar|slp
|
|-weather|none
|-damage|p2b: Grimmsnarl|8/100 brn|[from] brn
|upkeep
|turn|8
|
|t:|1757848454
|-terastallize|p1a: Porygon2|Fighting
|move|p1b: Jumpluff|Rage Powder|p1b: Jumpluff
|-singleturn|p1b: Jumpluff|move: Rage Powder
|move|p1a: Porygon2|Tera Blast|p2a: Tyranitar|[anim] Tera Blast Fighting
|-supereffective|p2a: Tyranitar
|-damage|p2a: Tyranitar|0 fnt
|faint|p2a: Tyranitar
|move|p2b: Grimmsnarl|Spirit Break|p1b: Jumpluff
|-damage|p1b: Jumpluff|0 fnt
|faint|p1b: Jumpluff
|
|-damage|p2b: Grimmsnarl|2/100 brn|[from] brn
|-sideend|p2: CuboX11n|move: Light Screen
|upkeep
|
|t:|1757848470
|switch|p2a: Garchomp|Garchomp, L50, M|100/100
|switch|p1b: Ursaluna|Ursaluna, L50, M, shiny|100/100
|turn|9
|
|t:|1757848481
|move|p2b: Grimmsnarl|Reflect|p2b: Grimmsnarl
|-sidestart|p2: CuboX11n|Reflect
|move|p1a: Porygon2|Ice Beam|p2a: Garchomp
|-supereffective|p2a: Garchomp
|-damage|p2a: Garchomp|33/100
|move|p1b: Ursaluna|Headlong Rush|p2a: Garchomp
|-damage|p2a: Garchomp|0 fnt
|-unboost|p1b: Ursaluna|def|1
|-unboost|p1b: Ursaluna|spd|1
|faint|p2a: Garchomp
|
|-damage|p2b: Grimmsnarl|0 fnt|[from] brn
|faint|p2b: Grimmsnarl
|
|win|Fedemitra9
||CuboX11n is ready for game 3.
|inactive|Fedemitra9 has 30 seconds to confirm battle start!
|inactive|Fedemitra9 has 20 seconds to confirm battle start!
|inactive|Fedemitra9 has 10 seconds to confirm battle start!
||Fedemitra9 is ready for game 3.
|uhtml|next|Next: Game 3 of 3
