|j|☆AbadanRiyi92
|j|☆Tyrunt Jumpman
|html|AbadanRiyi92Tyrunt Jumpman    
|uhtml|bestof|Game 1 of a best-of-3
|t:|1785425459
|gametype|doubles
|player|p1|AbadanRiyi92|colress|1158
|player|p2|Tyrunt Jumpman|hiker-gen4|1305
|gen|9
|tier|[Gen 9 Champions] VGC 2026 Reg M-B (Bo3)
|rated|
|rule|Species Clause: Limit one of each Pokémon
|rule|Item Clause: Limit 1 of each item
|clearpoke
|poke|p1|Gengar, L50, F, shiny|
|poke|p1|Maushold-Four, L50|
|poke|p1|Annihilape, L50, M|
|poke|p1|Incineroar, L50, F|
|poke|p1|Politoed, L50, F, shiny|
|poke|p1|Archaludon, L50, M|
|poke|p2|Tyranitar, L50, M|
|poke|p2|Excadrill, L50, M|
|poke|p2|Milotic, L50, M|
|poke|p2|Sinistcha, L50|
|poke|p2|Staraptor, L50, M|
|poke|p2|Gholdengo, L50|
|teampreview|4
|showteam|p1|Gengar||Gengarite|CursedBody|ShadowBall,Disable,PerishSong,Protect|Timid||F|||50|]Maushold-Four||FocusSash|FriendGuard|FollowMe,Encore,BeatUp,Protect|Jolly|||||50|]Annihilape||RoseliBerry|Defiant|RageFist,CloseCombat,Encore,Protect|Jolly||M|||50|]Incineroar||PasshoBerry|Intimidate|PartingShot,ThroatChop,Protect,FakeOut|Sassy||F|||50|]Politoed||SitrusBerry|Drizzle|WeatherBall,Encore,PerishSong,Protect|Calm||F|||50|]Archaludon||Leftovers|Stamina|DragonPulse,FlashCannon,ElectroShot,Protect|Bold||M|||50|
|showteam|p2|Tyranitar||Tyranitarite|SandStream|KnockOff,RockSlide,HighHorsepower,Protect|Jolly||M|||50|]Excadrill||FocusSash|SandRush|Earthquake,IronHead,RockSlide,Protect|Adamant||M|||50|]Milotic||SitrusBerry|Competitive|Scald,IceBeam,IcyWind,Protect|Calm||M|||50|]Sinistcha||ColburBerry|Hospitality|MatchaGotcha,ShadowBall,Protect,RagePowder|Bold|||||50|]Staraptor||Staraptite|Intimidate|CloseCombat,BraveBird,Tailwind,Protect|Jolly||M|||50|]Gholdengo||LifeOrb|GoodasGold|MakeItRain,ShadowBall,NastyPlot,Protect|Modest|||||50|
|inactive|Battle timer is ON: inactive players will automatically lose when time's up. (requested by AbadanRiyi92)
|inactive|Tyrunt Jumpman has 60 seconds left.
|inactive|Tyrunt Jumpman has 30 seconds left.
|inactive|Tyrunt Jumpman has 20 seconds left.
|inactive|Tyrunt Jumpman has 15 seconds left.
|
|t:|1785425580
|teamsize|p1|4
|teamsize|p2|4
|start
|switch|p1a: Maushold|Maushold-Four, L50|100/100
|switch|p1b: Annihilape|Annihilape, L50, M|100/100
|switch|p2a: Staraptor|Staraptor, L50, M|100/100
|switch|p2b: Gholdengo|Gholdengo, L50|100/100
|-ability|p2a: Staraptor|Intimidate|boost
|-unboost|p1a: Maushold|atk|1
|-unboost|p1b: Annihilape|atk|1
|-ability|p1b: Annihilape|Defiant|boost
|-boost|p1b: Annihilape|atk|2
|turn|1
|inactive|AbadanRiyi92 has 30 seconds left.
|inactive|Tyrunt Jumpman has 30 seconds left.
|inactive|AbadanRiyi92 has 20 seconds left.
|inactive|AbadanRiyi92 has 15 seconds left.
|
|t:|1785425623
|move|p1a: Maushold|Protect|p1a: Maushold
|-singleturn|p1a: Maushold|Protect
|move|p1b: Annihilape|Protect|p1b: Annihilape
|-singleturn|p1b: Annihilape|Protect
|move|p2a: Staraptor|Tailwind|p2a: Staraptor
|-sidestart|p2: Tyrunt Jumpman|move: Tailwind
|move|p2b: Gholdengo|Nasty Plot|p2b: Gholdengo
|-boost|p2b: Gholdengo|spa|2
|
|upkeep
|turn|2
|inactive|Tyrunt Jumpman has 30 seconds left.
|
|t:|1785425653
|detailschange|p2a: Staraptor|Staraptor-Mega, L50, M
|-mega|p2a: Staraptor|Staraptor|Staraptite
|move|p1a: Maushold|Follow Me|p1a: Maushold
|-singleturn|p1a: Maushold|move: Follow Me
|move|p2a: Staraptor|Close Combat|p1a: Maushold
|-supereffective|p1a: Maushold|1
|-enditem|p1a: Maushold|Focus Sash
|-damage|p1a: Maushold|1/100
|-boost|p2a: Staraptor|def|1
|-boost|p2a: Staraptor|spd|1
|move|p2b: Gholdengo|Make It Rain|p1b: Annihilape|[spread] p1a,p1b
|-damage|p1a: Maushold|0 fnt
|-damage|p1b: Annihilape|10/100
|-unboost|p2b: Gholdengo|spa|2
|faint|p1a: Maushold
|-damage|p2b: Gholdengo|90/100|[from] item: Life Orb
|move|p1b: Annihilape|Rage Fist|p2b: Gholdengo
|-supereffective|p2b: Gholdengo|1
|-damage|p2b: Gholdengo|0 fnt
|faint|p2b: Gholdengo
|
|upkeep
|
|t:|1785425677
|switch|p1a: Politoed|Politoed, L50, F, shiny|100/100
|switch|p2b: Sinistcha|Sinistcha, L50|100/100
|-weather|RainDance|[from] ability: Drizzle|[of] p1a: Politoed
|turn|3
|
|t:|1785425699
|move|p1b: Annihilape|Protect|p1b: Annihilape
|-singleturn|p1b: Annihilape|Protect
|move|p2a: Staraptor|Close Combat|p1a: Politoed
|-damage|p1a: Politoed|49/100
|-boost|p2a: Staraptor|def|1
|-boost|p2a: Staraptor|spd|1
|-enditem|p1a: Politoed|Sitrus Berry|[eat]
|-heal|p1a: Politoed|74/100|[from] item: Sitrus Berry
|move|p2b: Sinistcha|Matcha Gotcha|p1b: Annihilape|[spread] p1a
|-activate|p1b: Annihilape|move: Protect
|-supereffective|p1a: Politoed|1
|-damage|p1a: Politoed|34/100
|move|p1a: Politoed|Perish Song|p1a: Politoed
|-start|p1a: Politoed|perish3|[silent]
|-start|p1b: Annihilape|perish3|[silent]
|-start|p2a: Staraptor|perish3|[silent]
|-start|p2b: Sinistcha|perish3|[silent]
|-fieldactivate|move: Perish Song
|
|-weather|RainDance|[upkeep]
|-start|p2a: Staraptor|perish3
|-start|p2b: Sinistcha|perish3
|-start|p1b: Annihilape|perish3
|-start|p1a: Politoed|perish3
|upkeep
|turn|4
|inactive|Tyrunt Jumpman has 30 seconds left.
|
|t:|1785425732
|switch|p1b: Archaludon|Archaludon, L50, M|100/100
|move|p1a: Politoed|Protect|p1a: Politoed
|-singleturn|p1a: Politoed|Protect
|move|p2a: Staraptor|Brave Bird|p1a: Politoed
|-activate|p1a: Politoed|move: Protect
|move|p2b: Sinistcha|Matcha Gotcha|p1a: Politoed|[spread] p1b
|-activate|p1a: Politoed|move: Protect
|-resisted|p1b: Archaludon|2
|-damage|p1b: Archaludon|94/100
|-ability|p1b: Archaludon|Stamina|boost
|-boost|p1b: Archaludon|def|1
|
|-weather|RainDance|[upkeep]
|-heal|p1b: Archaludon|100/100|[from] item: Leftovers
|-start|p2a: Staraptor|perish2
|-start|p2b: Sinistcha|perish2
|-start|p1a: Politoed|perish2
|-sideend|p2: Tyrunt Jumpman|move: Tailwind
|upkeep
|turn|5
|inactive|AbadanRiyi92 has 30 seconds left.
|inactive|AbadanRiyi92 has 20 seconds left.
|
|t:|1785425771
|switch|p1a: Annihilape|Annihilape, L50, M|10/100
|switch|p2b: Tyranitar|Tyranitar, L50, M|100/100
|-weather|Sandstorm|[from] ability: Sand Stream|[of] p2b: Tyranitar
|move|p2a: Staraptor|Brave Bird|p1a: Annihilape
|-supereffective|p1a: Annihilape|1
|-damage|p1a: Annihilape|0 fnt
|faint|p1a: Annihilape
|-damage|p2a: Staraptor|96/100|[from] Recoil
|move|p1b: Archaludon|Flash Cannon|p2b: Tyranitar
|-supereffective|p2b: Tyranitar|1
|-damage|p2b: Tyranitar|61/100
|
|-weather|Sandstorm|[upkeep]
|-damage|p2a: Staraptor|91/100|[from] Sandstorm
|-start|p2a: Staraptor|perish1
|upkeep
|
|t:|1785425787
|switch|p1a: Politoed|Politoed, L50, F, shiny|34/100
|-weather|RainDance|[from] ability: Drizzle|[of] p1a: Politoed
|turn|6
|inactive|AbadanRiyi92 has 30 seconds left.
|inactive|Tyrunt Jumpman has 30 seconds left.
|inactive|Tyrunt Jumpman has 20 seconds left.
|inactive|Tyrunt Jumpman has 15 seconds left.
|inactive|Tyrunt Jumpman has 10 seconds left.
|
|t:|1785425834
|switch|p2a: Sinistcha|Sinistcha, L50|100/100
|-heal|p2b: Tyranitar|86/100|[from] ability: Hospitality|[of] p2a: Sinistcha
|move|p2b: Tyranitar|Protect|p2b: Tyranitar
|-singleturn|p2b: Tyranitar|Protect
|move|p1a: Politoed|Protect|p1a: Politoed
|-singleturn|p1a: Politoed|Protect
|move|p1b: Archaludon|Electro Shot||[still]
|-prepare|p1b: Archaludon|Electro Shot
|-boost|p1b: Archaludon|spa|1
|-anim|p1b: Archaludon|Electro Shot|p2b: Tyranitar
|-activate|p2b: Tyranitar|move: Protect
|
|-weather|RainDance|[upkeep]
|upkeep
|turn|7
|inactive|AbadanRiyi92 has 30 seconds left.
|inactive|AbadanRiyi92 has 20 seconds left.
|
|t:|1785425872
|switch|p2b: Staraptor|Staraptor-Mega, L50, M|91/100
|move|p2a: Sinistcha|Rage Powder|p2a: Sinistcha
|-singleturn|p2a: Sinistcha|move: Rage Powder
|move|p1b: Archaludon|Flash Cannon|p2a: Sinistcha
|-damage|p2a: Sinistcha|48/100
|move|p1a: Politoed|Perish Song|p1a: Politoed
|-start|p1a: Politoed|perish3|[silent]
|-start|p1b: Archaludon|perish3|[silent]
|-start|p2a: Sinistcha|perish3|[silent]
|-start|p2b: Staraptor|perish3|[silent]
|-fieldactivate|move: Perish Song
|
|-weather|RainDance|[upkeep]
|-start|p2b: Staraptor|perish3
|-start|p1b: Archaludon|perish3
|-start|p1a: Politoed|perish3
|-start|p2a: Sinistcha|perish3
|upkeep
|turn|8
|inactive|Tyrunt Jumpman has 30 seconds left.
|
|t:|1785425905
|move|p2b: Staraptor|Tailwind|p2b: Staraptor
|-sidestart|p2: Tyrunt Jumpman|move: Tailwind
|move|p2a: Sinistcha|Matcha Gotcha|p1b: Archaludon|[spread] p1a,p1b
|-supereffective|p1a: Politoed|1
|-resisted|p1b: Archaludon|2
|-damage|p1a: Politoed|0 fnt
|-heal|p2a: Sinistcha|67/100|[from] drain|[of] p1a: Politoed
|-damage|p1b: Archaludon|94/100
|-heal|p2a: Sinistcha|70/100|[from] drain|[of] p1b: Archaludon
|-ability|p1b: Archaludon|Stamina|boost
|-boost|p1b: Archaludon|def|1
|faint|p1a: Politoed
|move|p1b: Archaludon|Flash Cannon|p2a: Sinistcha
|-damage|p2a: Sinistcha|21/100
|
|-weather|RainDance|[upkeep]
|-heal|p1b: Archaludon|100/100|[from] item: Leftovers
|-start|p2b: Staraptor|perish2
|-start|p2a: Sinistcha|perish2
|-start|p1b: Archaludon|perish2
|upkeep
|turn|9
|-message|AbadanRiyi92 forfeited.
|
|win|Tyrunt Jumpman
||AbadanRiyi92 is ready for game 2.
