|j|☆SOADVGC
|j|☆viatles
|html|SOADVGCviatles    
|uhtml|bestof|Game 1 of a best-of-3
|t:|1756192671
|gametype|doubles
|player|p1|SOADVGC|roxie|1179
|player|p2|viatles|hiker|1043
|gen|9
|tier|[Gen 9] VGC 2025 Reg H (Bo3)
|rated|
|rule|Species Clause: Limit one of each Pokémon
|rule|Item Clause: Limit 1 of each item
|clearpoke
|poke|p1|Dragonite, L50, F|
|poke|p1|Whimsicott, L50, M|
|poke|p1|Volcarona, L50, M|
|poke|p1|Sneasler, L50, F|
|poke|p1|Kingambit, L50, M|
|poke|p1|Annihilape, L50, M|
|poke|p2|Oricorio-Sensu, L50, F|
|poke|p2|Volcarona, L50, F|
|poke|p2|Sylveon, L50, M|
|poke|p2|Murkrow, L50, F|
|poke|p2|Dragapult, L50, F|
|poke|p2|Baxcalibur, L50, F|
|teampreview|4
|showteam|p1|Dragonite||LoadedDice|Multiscale|ScaleShot,TeraBlast,ExtremeSpeed,Protect|||F|||50|,,,,,Flying]Whimsicott||FocusSash|Prankster|Moonblast,Tailwind,BeatUp,Protect|||M|||50|,,,,,Ghost]Volcarona||CovertCloak|FlameBody|HeatWave,TeraBlast,QuiverDance,Protect|||M|||50|,,,,,Fairy]Sneasler||WhiteHerb|Unburden|FakeOut,DireClaw,CloseCombat,Protect|||F|||50|,,,,,Stellar]Kingambit||BlackGlasses|Defiant|SuckerPunch,KowtowCleave,LowKick,Protect|||M|||50|,,,,,Dark]Annihilape||SafetyGoggles|Defiant|CloseCombat,RageFist,FinalGambit,Protect|||M|||50|,,,,,Water
|showteam|p2|Oricorio-Sensu||FocusSash|Dancer|QuiverDance,BatonPass,RevelationDance,Protect|||F|||50|,,,,,Fighting]Volcarona||SitrusBerry|FlameBody|QuiverDance,GigaDrain,FieryDance,Protect|||F|||50|,,,,,Grass]Sylveon||ChoiceScarf|Pixilate|HyperVoice,TeraBlast,StoredPower,SleepTalk|||M|||50|,,,,,Ground]Murkrow||Eviolite|Prankster|Tailwind,FoulPlay,Haze,FeatherDance|||F|||50|,,,,,Dark]Dragapult||CovertCloak|ClearBody|DragonCheer,DragonDarts,Protect,PhantomForce|||F|||50|,,,,,Stellar]Baxcalibur||LoadedDice|ThermalExchange|IcicleSpear,ScaleShot,GlaiveRush,Protect|||F|||50|,,,,,Grass
|inactive|Battle timer is ON: inactive players will automatically lose when time's up. (requested by SOADVGC)
|c|☆viatles|gl hf
|c|☆SOADVGC|glhf
|inactive|viatles has 60 seconds left.
|
|t:|1756192717
|teamsize|p1|4
|teamsize|p2|4
|start
|switch|p1a: Whimsicott|Whimsicott, L50, M|100/100
|switch|p1b: Dragonite|Dragonite, L50, F|100/100
|switch|p2a: Volcarona|Volcarona, L50, F|100/100
|switch|p2b: Oricorio|Oricorio-Sensu, L50, F|100/100
|turn|1
|
|t:|1756192735
|move|p1a: Whimsicott|Tailwind|p1a: Whimsicott
|-sidestart|p1: SOADVGC|move: Tailwind
|move|p1b: Dragonite|Scale Shot|p2b: Oricorio
|-damage|p2b: Oricorio|76/100
|-damage|p2b: Oricorio|51/100
|-damage|p2b: Oricorio|27/100
|-damage|p2b: Oricorio|2/100
|-hitcount|p2b: Oricorio|4
|-unboost|p1b: Dragonite|def|1
|-boost|p1b: Dragonite|spe|1
|move|p2b: Oricorio|Quiver Dance|p2b: Oricorio
|-boost|p2b: Oricorio|spa|1
|-boost|p2b: Oricorio|spd|1
|-boost|p2b: Oricorio|spe|1
|move|p2a: Volcarona|Quiver Dance|p2a: Volcarona
|-boost|p2a: Volcarona|spa|1
|-boost|p2a: Volcarona|spd|1
|-boost|p2a: Volcarona|spe|1
|-activate|p2b: Oricorio|ability: Dancer
|move|p2b: Oricorio|Quiver Dance|p2b: Oricorio|[from] ability: Dancer
|-boost|p2b: Oricorio|spa|1
|-boost|p2b: Oricorio|spd|1
|-boost|p2b: Oricorio|spe|1
|
|upkeep
|turn|2
|
|t:|1756192759
|-terastallize|p1b: Dragonite|Flying
|move|p2b: Oricorio|Protect|p2b: Oricorio
|-singleturn|p2b: Oricorio|Protect
|move|p1b: Dragonite|Tera Blast|p2a: Volcarona|[anim] Tera Blast Flying
|-supereffective|p2a: Volcarona
|-damage|p2a: Volcarona|0 fnt
|faint|p2a: Volcarona
|move|p1a: Whimsicott|Moonblast|p2b: Oricorio
|-activate|p2b: Oricorio|move: Protect
|
|upkeep
|
|t:|1756192770
|switch|p2a: Baxcalibur|Baxcalibur, L50, F|100/100
|turn|3
|inactive|viatles has 30 seconds left.
|
|t:|1756192797
|move|p2a: Baxcalibur|Protect|p2a: Baxcalibur
|-singleturn|p2a: Baxcalibur|Protect
|move|p1b: Dragonite|Scale Shot|p2a: Baxcalibur
|-activate|p2a: Baxcalibur|move: Protect
|move|p1a: Whimsicott|Moonblast|p2b: Oricorio
|-damage|p2b: Oricorio|0 fnt
|faint|p2b: Oricorio
|
|upkeep
|
|t:|1756192806
|switch|p2b: Sylveon|Sylveon, L50, M|100/100
|turn|4
|
|t:|1756192826
|move|p1b: Dragonite|Scale Shot|p2a: Baxcalibur
|-supereffective|p2a: Baxcalibur
|-damage|p2a: Baxcalibur|66/100
|-supereffective|p2a: Baxcalibur
|-damage|p2a: Baxcalibur|37/100
|-supereffective|p2a: Baxcalibur
|-damage|p2a: Baxcalibur|5/100
|-supereffective|p2a: Baxcalibur
|-damage|p2a: Baxcalibur|0 fnt
|faint|p2a: Baxcalibur
|-hitcount|p2: Baxcalibur|4
|-unboost|p1b: Dragonite|def|1
|-boost|p1b: Dragonite|spe|1
|move|p1a: Whimsicott|Moonblast|p2b: Sylveon
|-damage|p2b: Sylveon|67/100
|-unboost|p2b: Sylveon|spa|1
|move|p2b: Sylveon|Hyper Voice|p1a: Whimsicott|[spread] p1a,p1b
|-damage|p1a: Whimsicott|56/100
|-damage|p1b: Dragonite|85/100
|
|-sideend|p1: SOADVGC|move: Tailwind
|upkeep
|turn|5
|
|t:|1756192846
|move|p1b: Dragonite|Tera Blast|p2b: Sylveon|[anim] Tera Blast Flying
|-damage|p2b: Sylveon|0 fnt
|faint|p2b: Sylveon
|
|win|SOADVGC
||SOADVGC is ready for game 2.
||viatles is ready for game 2.
|uhtml|next|Next: Game 2 of 3
|l|☆SOADVGC
|player|p1|
