|j|☆standardamerican
|j|☆ENDERLANDA
|html|standardamericanENDERLANDA    
|uhtml|bestof|Game 3 of a best-of-3
|t:|1784821563
|gametype|doubles
|player|p1|standardamerican|169|1287
|player|p2|ENDERLANDA|265|1218
|gen|9
|tier|[Gen 9 Champions] VGC 2026 Reg M-B (Bo3)
|rated|
|rule|Species Clause: Limit one of each Pokémon
|rule|Item Clause: Limit 1 of each item
|clearpoke
|poke|p1|Sinistcha, L50|
|poke|p1|Incineroar, L50, F|
|poke|p1|Milotic, L50, F|
|poke|p1|Raichu, L50, M|
|poke|p1|Gardevoir, L50, F|
|poke|p1|Ceruledge, L50, M|
|poke|p2|Charizard, L50, F|
|poke|p2|Corviknight, L50, F|
|poke|p2|Sinistcha, L50|
|poke|p2|Sneasler, L50, F|
|poke|p2|Incineroar, L50, M|
|poke|p2|Floette-Eternal, L50, F|
|teampreview|4
|showteam|p1|Sinistcha||KasibBerry|Hospitality|MatchaGotcha,Imprison,RagePowder,Protect|Bold|||||50|]Incineroar||SitrusBerry|Intimidate|FlareBlitz,DarkestLariat,FakeOut,PartingShot|Careful||F|||50|]Milotic||Leftovers|Competitive|MuddyWater,Coil,Hypnosis,Protect|Calm||F|||50|]Raichu||RaichuniteY|LightningRod|ZapCannon,FocusBlast,FakeOut,Protect|Timid||M|||50|]Gardevoir||Gardevoirite|Trace|HyperVoice,Psyshock,TrickRoom,Protect|Modest||F|||50|]Ceruledge||ColburBerry|FlashFire|BitterBlade,ShadowSneak,BulkUp,Protect|Adamant||M|||50|
|showteam|p2|Charizard||CharizarditeX|Blaze|DragonClaw,DragonDance,Protect,FlareBlitz|Adamant||F|||50|]Corviknight||Leftovers|MirrorArmor|Tailwind,BraveBird,Roost,IronHead|Adamant||F|||50|]Sinistcha||KasibBerry|Hospitality|TrickRoom,RagePowder,MatchaGotcha,Protect|Calm|||||50|]Sneasler||FocusSash|Unburden|FakeOut,CloseCombat,DireClaw,Coaching|Jolly||F|||50|]Incineroar||SitrusBerry|Intimidate|FakeOut,FlareBlitz,ThroatChop,PartingShot|Adamant||M|||50|]Floette-Eternal||Floettite|Symbiosis|DazzlingGleam,Moonblast,Protect,CalmMind|Modest||F|||50|
|inactive|Battle timer is ON: inactive players will automatically lose when time's up. (requested by ENDERLANDA)
|
|t:|1784821589
|teamsize|p1|4
|teamsize|p2|4
|start
|switch|p1a: Raichu|Raichu, L50, M|100/100
|switch|p1b: Milotic|Milotic, L50, F|100/100
|switch|p2a: Charizard|Charizard, L50, F|100/100
|switch|p2b: Sneasler|Sneasler, L50, F|100/100
|turn|1
|inactive|standardamerican has 30 seconds left.
|
|t:|1784821617
|detailschange|p1a: Raichu|Raichu-Mega-Y, L50, M
|-mega|p1a: Raichu|Raichu|Raichunite Y
|detailschange|p2a: Charizard|Charizard-Mega-X, L50, F
|-mega|p2a: Charizard|Charizard|Charizardite X
|move|p2b: Sneasler|Fake Out|p1a: Raichu
|-damage|p1a: Raichu|80/100
|cant|p1a: Raichu|flinch
|move|p2a: Charizard|Dragon Dance|p2a: Charizard
|-boost|p2a: Charizard|atk|1
|-boost|p2a: Charizard|spe|1
|move|p1b: Milotic|Coil|p1b: Milotic
|-boost|p1b: Milotic|atk|1
|-boost|p1b: Milotic|def|1
|-boost|p1b: Milotic|accuracy|1
|
|upkeep
|turn|2
|
|t:|1784821632
|switch|p1a: Incineroar|Incineroar, L50, F|100/100
|-ability|p1a: Incineroar|Intimidate|boost
|-unboost|p2a: Charizard|atk|1
|-unboost|p2b: Sneasler|atk|1
|move|p2a: Charizard|Dragon Claw|p1a: Incineroar
|-damage|p1a: Incineroar|55/100
|move|p2b: Sneasler|Coaching|p2a: Charizard
|-boost|p2a: Charizard|atk|1
|-boost|p2a: Charizard|def|1
|move|p1b: Milotic|Hypnosis|p2b: Sneasler|[miss]
|-miss|p1b: Milotic|p2b: Sneasler
|
|upkeep
|turn|3
|
|t:|1784821653
|switch|p1a: Ceruledge|Ceruledge, L50, M|100/100
|move|p2a: Charizard|Protect|p2a: Charizard
|-singleturn|p2a: Charizard|Protect
|move|p2b: Sneasler|Coaching|p2a: Charizard
|-boost|p2a: Charizard|atk|1
|-boost|p2a: Charizard|def|1
|move|p1b: Milotic|Hypnosis|p2b: Sneasler
|-status|p2b: Sneasler|slp|[from] move: Hypnosis
|
|upkeep
|turn|4
|
|t:|1784821667
|move|p2a: Charizard|Dragon Claw|p1a: Ceruledge
|-damage|p1a: Ceruledge|0 fnt
|faint|p1a: Ceruledge
|cant|p2b: Sneasler|slp
|move|p1b: Milotic|Hypnosis|p2a: Charizard
|-status|p2a: Charizard|slp|[from] move: Hypnosis
|
|upkeep
|
|t:|1784821680
|switch|p1a: Raichu|Raichu-Mega-Y, L50, M|80/100
|turn|5
|
|t:|1784821691
|cant|p2a: Charizard|slp
|move|p1a: Raichu|Focus Blast|p2a: Charizard
|-damage|p2a: Charizard|48/100 slp
|-curestatus|p2b: Sneasler|slp|[msg]
|move|p2b: Sneasler|Coaching|p2a: Charizard
|-boost|p2a: Charizard|atk|1
|-boost|p2a: Charizard|def|1
|move|p1b: Milotic|Coil|p1b: Milotic
|-boost|p1b: Milotic|atk|1
|-boost|p1b: Milotic|def|1
|-boost|p1b: Milotic|accuracy|1
|
|upkeep
|turn|6
|
|t:|1784821706
|switch|p2b: Sinistcha|Sinistcha, L50|100/100
|-heal|p2a: Charizard|73/100 slp|[from] ability: Hospitality|[of] p2b: Sinistcha
|cant|p2a: Charizard|slp
|move|p1a: Raichu|Focus Blast|p2a: Charizard
|-damage|p2a: Charizard|22/100 slp
|move|p1b: Milotic|Coil|p1b: Milotic
|-boost|p1b: Milotic|atk|1
|-boost|p1b: Milotic|def|1
|-boost|p1b: Milotic|accuracy|1
|
|upkeep
|turn|7
|
|t:|1784821721
|switch|p1a: Incineroar|Incineroar, L50, F|55/100
|-ability|p1a: Incineroar|Intimidate|boost
|-unboost|p2a: Charizard|atk|1
|-unboost|p2b: Sinistcha|atk|1
|move|p2b: Sinistcha|Rage Powder|p2b: Sinistcha
|-singleturn|p2b: Sinistcha|move: Rage Powder
|-curestatus|p2a: Charizard|slp|[msg]
|move|p2a: Charizard|Dragon Claw|p1a: Incineroar
|-damage|p1a: Incineroar|0 fnt
|faint|p1a: Incineroar
|move|p1b: Milotic|Muddy Water|p2b: Sinistcha|[spread] p2a,p2b
|-resisted|p2b: Sinistcha|1
|-damage|p2a: Charizard|0 fnt
|-damage|p2b: Sinistcha|88/100
|faint|p2a: Charizard
|
|upkeep
|
|t:|1784821735
|switch|p2a: Sneasler|Sneasler, L50, F|100/100
|switch|p1a: Raichu|Raichu-Mega-Y, L50, M|80/100
|turn|8
|
|t:|1784821755
|move|p1a: Raichu|Fake Out|p2a: Sneasler
|-damage|p2a: Sneasler|84/100
|cant|p2a: Sneasler|flinch
|move|p1b: Milotic|Hypnosis|p2b: Sinistcha
|-status|p2b: Sinistcha|slp|[from] move: Hypnosis
|cant|p2b: Sinistcha|slp
|
|upkeep
|turn|9
|
|t:|1784821776
|move|p1a: Raichu|Zap Cannon|p2a: Sneasler
|-damage|p2a: Sneasler|5/100
|-status|p2a: Sneasler|par
|move|p1b: Milotic|Muddy Water|p2a: Sneasler|[spread] p2a,p2b
|-resisted|p2b: Sinistcha|1
|-damage|p2a: Sneasler|0 fnt
|-damage|p2b: Sinistcha|75/100 slp
|faint|p2a: Sneasler
|cant|p2b: Sinistcha|slp
|
|upkeep
|
|t:|1784821783
|switch|p2a: Incineroar|Incineroar, L50, M|100/100
|-ability|p2a: Incineroar|Intimidate|boost
|-unboost|p1a: Raichu|atk|1
|-unboost|p1b: Milotic|atk|1
|-ability|p1b: Milotic|Competitive|boost
|-boost|p1b: Milotic|spa|2
|turn|10
|
|t:|1784821798
|move|p1a: Raichu|Protect|p1a: Raichu
|-singleturn|p1a: Raichu|Protect
|move|p1b: Milotic|Protect|p1b: Milotic
|-singleturn|p1b: Milotic|Protect
|move|p2a: Incineroar|Fake Out|p1b: Milotic
|-activate|p1b: Milotic|move: Protect
|-curestatus|p2b: Sinistcha|slp|[msg]
|move|p2b: Sinistcha|Matcha Gotcha|p1b: Milotic|[spread] 
|-activate|p1a: Raichu|move: Protect
|-activate|p1b: Milotic|move: Protect
|
|upkeep
|turn|11
|
|t:|1784821822
|move|p1a: Raichu|Focus Blast|p2a: Incineroar
|-supereffective|p2a: Incineroar|1
|-damage|p2a: Incineroar|35/100
|-enditem|p2a: Incineroar|Sitrus Berry|[eat]
|-heal|p2a: Incineroar|60/100|[from] item: Sitrus Berry
|move|p1b: Milotic|Hypnosis|p2b: Sinistcha
|-status|p2b: Sinistcha|slp|[from] move: Hypnosis
|move|p2a: Incineroar|Throat Chop|p1a: Raichu
|-damage|p1a: Raichu|26/100
|-start|p1a: Raichu|Throat Chop|[silent]
|cant|p2b: Sinistcha|slp
|
|upkeep
|turn|12
|
|t:|1784821832
|move|p1a: Raichu|Focus Blast|p2a: Incineroar
|-supereffective|p2a: Incineroar|1
|-damage|p2a: Incineroar|0 fnt
|faint|p2a: Incineroar
|move|p1b: Milotic|Muddy Water|p2b: Sinistcha
|-resisted|p2b: Sinistcha|1
|-damage|p2b: Sinistcha|44/100 slp
|-curestatus|p2b: Sinistcha|slp|[msg]
|move|p2b: Sinistcha|Matcha Gotcha|p1b: Milotic|[spread] p1a,p1b
|-crit|p1a: Raichu
|-supereffective|p1b: Milotic|1
|-damage|p1a: Raichu|0 fnt
|-heal|p2b: Sinistcha|56/100|[from] drain|[of] p1a: Raichu
|-damage|p1b: Milotic|66/100
|-heal|p2b: Sinistcha|75/100|[from] drain|[of] p1b: Milotic
|-status|p1b: Milotic|brn
|faint|p1a: Raichu
|
|-heal|p1b: Milotic|72/100 brn|[from] item: Leftovers
|-damage|p1b: Milotic|66/100 brn|[from] brn
|upkeep
|turn|13
|
|t:|1784821843
|move|p1b: Milotic|Hypnosis|p2b: Sinistcha
|-status|p2b: Sinistcha|slp|[from] move: Hypnosis
|cant|p2b: Sinistcha|slp
|
|-heal|p1b: Milotic|72/100 brn|[from] item: Leftovers
|-damage|p1b: Milotic|66/100 brn|[from] brn
|upkeep
|turn|14
|
|t:|1784821851
|move|p1b: Milotic|Muddy Water|p2b: Sinistcha
|-resisted|p2b: Sinistcha|1
|-damage|p2b: Sinistcha|47/100 slp
|-curestatus|p2b: Sinistcha|slp|[msg]
|move|p2b: Sinistcha|Matcha Gotcha|p1b: Milotic
|-supereffective|p1b: Milotic|1
|-damage|p1b: Milotic|26/100 brn
|-heal|p2b: Sinistcha|69/100|[from] drain|[of] p1b: Milotic
|
|-heal|p1b: Milotic|32/100 brn|[from] item: Leftovers
|-damage|p1b: Milotic|26/100 brn|[from] brn
|upkeep
|turn|15
|
|t:|1784821865
|move|p1b: Milotic|Hypnosis|p2b: Sinistcha
|-status|p2b: Sinistcha|slp|[from] move: Hypnosis
|cant|p2b: Sinistcha|slp
|
|-heal|p1b: Milotic|32/100 brn|[from] item: Leftovers
|-damage|p1b: Milotic|26/100 brn|[from] brn
|upkeep
|turn|16
|
|t:|1784821869
|move|p1b: Milotic|Muddy Water|p2b: Sinistcha
|-resisted|p2b: Sinistcha|1
|-damage|p2b: Sinistcha|35/100 slp
|-unboost|p2b: Sinistcha|accuracy|1
|cant|p2b: Sinistcha|slp
|
|-heal|p1b: Milotic|32/100 brn|[from] item: Leftovers
|-damage|p1b: Milotic|26/100 brn|[from] brn
|upkeep
|turn|17
|
|t:|1784821877
|move|p1b: Milotic|Protect|p1b: Milotic
|-singleturn|p1b: Milotic|Protect
|-curestatus|p2b: Sinistcha|slp|[msg]
|move|p2b: Sinistcha|Trick Room|p2b: Sinistcha
|-fieldstart|move: Trick Room|[of] p2b: Sinistcha
|
|-heal|p1b: Milotic|32/100 brn|[from] item: Leftovers
|-damage|p1b: Milotic|26/100 brn|[from] brn
|upkeep
|turn|18
|
|t:|1784821887
|move|p2b: Sinistcha|Matcha Gotcha|p1b: Milotic|[miss]
|-miss|p2b: Sinistcha|p1b: Milotic
|move|p1b: Milotic|Hypnosis|p2b: Sinistcha
|-status|p2b: Sinistcha|slp|[from] move: Hypnosis
|
|-heal|p1b: Milotic|32/100 brn|[from] item: Leftovers
|-damage|p1b: Milotic|26/100 brn|[from] brn
|upkeep
|turn|19
|
|t:|1784821892
|cant|p2b: Sinistcha|slp
|move|p1b: Milotic|Muddy Water|p2b: Sinistcha
|-resisted|p2b: Sinistcha|1
|-damage|p2b: Sinistcha|3/100 slp
|
|-heal|p1b: Milotic|32/100 brn|[from] item: Leftovers
|-damage|p1b: Milotic|26/100 brn|[from] brn
|upkeep
|turn|20
|
|t:|1784821900
|cant|p2b: Sinistcha|slp
|move|p1b: Milotic|Muddy Water|p2b: Sinistcha
|-resisted|p2b: Sinistcha|1
|-damage|p2b: Sinistcha|0 fnt
|faint|p2b: Sinistcha
|
|win|standardamerican
|raw|standardamerican's rating: 1287 → 1307(+20 for winning)
|raw|ENDERLANDA's rating: 1218 → 1198(-20 for losing)
|l|☆ENDERLANDA
|player|p2|
