|j|☆wait for swarley
|j|☆kapi cant play eel
|html|wait for swarleykapi cant play eel    
|uhtml|bestof|Game 2 of a best-of-3
|t:|1783718286
|gametype|doubles
|player|p1|wait for swarley|volo|1323
|player|p2|kapi cant play eel|miku-ground|1194
|gen|9
|tier|[Gen 9 Champions] VGC 2026 Reg M-B (Bo3)
|rated|
|rule|Species Clause: Limit one of each Pokémon
|rule|Item Clause: Limit 1 of each item
|clearpoke
|poke|p1|Grimmsnarl, L50, M|
|poke|p1|Incineroar, L50, M|
|poke|p1|Maushold-Four, L50|
|poke|p1|Annihilape, L50, F|
|poke|p1|Floette-Eternal, L50, F|
|poke|p1|Venusaur, L50, F|
|poke|p2|Sinistcha-Masterpiece, L50|
|poke|p2|Mawile, L50, F|
|poke|p2|Primarina, L50, M|
|poke|p2|Scrafty, L50, M|
|poke|p2|Drampa, L50, M|
|poke|p2|Armarouge, L50, F|
|teampreview|4
|showteam|p1|Grimmsnarl||LightClay|Prankster|SpiritBreak,Reflect,LightScreen,PartingShot|Careful||M|||50|]Incineroar||SitrusBerry|Intimidate|FakeOut,FlareBlitz,ThroatChop,PartingShot|Careful||M|||50|]Maushold-Four||FocusSash|FriendGuard|FollowMe,SuperFang,Encore,Protect|Timid|||||50|]Annihilape||Leftovers|Defiant|RageFist,DrainPunch,BulkUp,Protect|Adamant||F|||50|]Floette-Eternal||Floettite|FlowerVeil|Moonblast,DrainingKiss,CalmMind,Protect|Modest||F|||50|]Venusaur||Venusaurite|Overgrow|GigaDrain,SludgeBomb,EarthPower,Protect|Modest||F|||50|
|showteam|p2|Sinistcha-Masterpiece||SitrusBerry|Hospitality|MatchaGotcha,RagePowder,TrickRoom,Protect|Relaxed|||||50|]Mawile||Mawilite|HyperCutter|IronHead,RockSlide,SuckerPunch,Protect|Brave||F|||50|]Primarina||MysticWater|LiquidVoice|HyperVoice,IceBeam,Moonblast,Protect|Quiet||M|||50|]Scrafty||Scraftinite|Intimidate|FakeOut,Crunch,CloseCombat,Protect|Brave||M|||50|]Drampa||LifeOrb|CloudNine|HyperVoice,EarthPower,DragonPulse,Protect|Quiet||M|||50|]Armarouge||ColburBerry|FlashFire|ArmorCannon,TrickRoom,Psychic,WideGuard|Sassy||F|||50|
|inactive|Battle timer is ON: inactive players will automatically lose when time's up. (requested by wait for swarley)
|j| senseii trey
|
|t:|1783718313
|teamsize|p1|4
|teamsize|p2|4
|start
|switch|p1a: Maushold|Maushold-Four, L50|100/100
|switch|p1b: Venusaur|Venusaur, L50, F|100/100
|switch|p2a: Mawile|Mawile, L50, F|100/100
|switch|p2b: Primarina|Primarina, L50, M|100/100
|turn|1
|
|t:|1783718325
|switch|p2b: Sinistcha|Sinistcha-Masterpiece, L50|100/100
|detailschange|p1b: Venusaur|Venusaur-Mega, L50, F
|-mega|p1b: Venusaur|Venusaur|Venusaurite
|move|p2a: Mawile|Protect|p2a: Mawile
|-singleturn|p2a: Mawile|Protect
|move|p1a: Maushold|Super Fang|p2a: Mawile
|-activate|p2a: Mawile|move: Protect
|move|p1b: Venusaur|Sludge Bomb|p2b: Sinistcha
|-damage|p2b: Sinistcha|55/100
|
|upkeep
|turn|2
|inactive|wait for swarley has 30 seconds left.
|
|t:|1783718357
|switch|p1a: Grimmsnarl|Grimmsnarl, L50, M|100/100
|detailschange|p2a: Mawile|Mawile-Mega, L50, F
|-mega|p2a: Mawile|Mawile|Mawilite
|move|p1b: Venusaur|Earth Power|p2a: Mawile
|-supereffective|p2a: Mawile|1
|-damage|p2a: Mawile|31/100
|move|p2a: Mawile|Iron Head|p1b: Venusaur
|-damage|p1b: Venusaur|35/100
|move|p2b: Sinistcha|Trick Room|p2b: Sinistcha
|-fieldstart|move: Trick Room|[of] p2b: Sinistcha
|
|upkeep
|turn|3
|inactive|wait for swarley has 30 seconds left.
|
|t:|1783718385
|switch|p2b: Primarina|Primarina, L50, M|100/100
|move|p1b: Venusaur|Protect|p1b: Venusaur
|-singleturn|p1b: Venusaur|Protect
|move|p1a: Grimmsnarl|Reflect|p1a: Grimmsnarl
|-sidestart|p1: wait for swarley|Reflect
|move|p2a: Mawile|Iron Head|p1b: Venusaur
|-activate|p1b: Venusaur|move: Protect
|
|upkeep
|turn|4
|
|t:|1783718398
|move|p1a: Grimmsnarl|Parting Shot|p2a: Mawile
|-unboost|p2a: Mawile|atk|1
|-unboost|p2a: Mawile|spa|1
|
|t:|1783718401
|switch|p1a: Maushold|Maushold-Four, L50|100/100|[from] Parting Shot
|move|p2a: Mawile|Iron Head|p1b: Venusaur
|-damage|p1b: Venusaur|14/100
|move|p2b: Primarina|Moonblast|p1a: Maushold
|-damage|p1a: Maushold|33/100
|move|p1b: Venusaur|Earth Power|p2a: Mawile
|-supereffective|p2a: Mawile|1
|-damage|p2a: Mawile|0 fnt
|faint|p2a: Mawile
|
|upkeep
|
|t:|1783718412
|switch|p2a: Armarouge|Armarouge, L50, F|100/100
|turn|5
|
|t:|1783718421
|switch|p1b: Grimmsnarl|Grimmsnarl, L50, M|100/100
|move|p1a: Maushold|Follow Me|p1a: Maushold
|-singleturn|p1a: Maushold|move: Follow Me
|move|p2b: Primarina|Hyper Voice|p1a: Maushold|[spread] p1a,p1b
|-damage|p1a: Maushold|0 fnt
|-damage|p1b: Grimmsnarl|68/100
|faint|p1a: Maushold
|move|p2a: Armarouge|Psychic|p1b: Grimmsnarl
|-immune|p1b: Grimmsnarl
|
|upkeep
|
|t:|1783718434
|switch|p1a: Venusaur|Venusaur-Mega, L50, F|14/100
|turn|6
|
|t:|1783718439
|switch|p2b: Sinistcha|Sinistcha-Masterpiece, L50|55/100
|move|p1a: Venusaur|Protect|p1a: Venusaur
|-singleturn|p1a: Venusaur|Protect
|move|p1b: Grimmsnarl|Light Screen|p1b: Grimmsnarl
|-sidestart|p1: wait for swarley|move: Light Screen
|move|p2a: Armarouge|Armor Cannon|p1a: Venusaur
|-activate|p1a: Venusaur|move: Protect
|
|-fieldend|move: Trick Room
|upkeep
|turn|7
|inactive|wait for swarley has 30 seconds left.
|
|t:|1783718467
|move|p1a: Venusaur|Earth Power|p2a: Armarouge
|-supereffective|p2a: Armarouge|1
|-damage|p2a: Armarouge|46/100
|move|p2a: Armarouge|Armor Cannon|p1b: Grimmsnarl
|-damage|p1b: Grimmsnarl|35/100
|-unboost|p2a: Armarouge|def|1
|-unboost|p2a: Armarouge|spd|1
|move|p1b: Grimmsnarl|Spirit Break|p2b: Sinistcha
|-damage|p2b: Sinistcha|33/100
|-unboost|p2b: Sinistcha|spa|1
|-enditem|p2b: Sinistcha|Sitrus Berry|[eat]
|-heal|p2b: Sinistcha|57/100|[from] item: Sitrus Berry
|move|p2b: Sinistcha|Trick Room|p2b: Sinistcha
|-fieldstart|move: Trick Room|[of] p2b: Sinistcha
|
|upkeep
|turn|8
|inactive|kapi cant play eel has 30 seconds left.
|
|t:|1783718497
|switch|p2b: Primarina|Primarina, L50, M|100/100
|move|p1a: Venusaur|Protect|p1a: Venusaur
|-singleturn|p1a: Venusaur|Protect
|move|p1b: Grimmsnarl|Spirit Break|p2a: Armarouge
|-resisted|p2a: Armarouge|1
|-damage|p2a: Armarouge|25/100
|-unboost|p2a: Armarouge|spa|1
|move|p2a: Armarouge|Psychic|p1a: Venusaur
|-activate|p1a: Venusaur|move: Protect
|
|upkeep
|turn|9
|
|t:|1783718514
|move|p1b: Grimmsnarl|Parting Shot|p2b: Primarina
|-unboost|p2b: Primarina|atk|1
|-unboost|p2b: Primarina|spa|1
|
|t:|1783718517
|switch|p1b: Annihilape|Annihilape, L50, F|100/100|[from] Parting Shot
|move|p2b: Primarina|Hyper Voice|p1a: Venusaur|[spread] p1a,p1b
|-resisted|p1a: Venusaur|1
|-damage|p1a: Venusaur|7/100
|-damage|p1b: Annihilape|81/100
|move|p2a: Armarouge|Armor Cannon|p1b: Annihilape
|-damage|p1b: Annihilape|61/100
|-unboost|p2a: Armarouge|def|1
|-unboost|p2a: Armarouge|spd|1
|move|p1a: Venusaur|Giga Drain|p2b: Primarina
|-supereffective|p2b: Primarina|1
|-damage|p2b: Primarina|40/100
|-heal|p1a: Venusaur|35/100|[from] drain|[of] p2b: Primarina
|
|-heal|p1b: Annihilape|67/100|[from] item: Leftovers
|upkeep
|turn|10
|inactive|wait for swarley has 30 seconds left.
|
|t:|1783718551
|switch|p1b: Grimmsnarl|Grimmsnarl, L50, M|35/100
|move|p1a: Venusaur|Protect|p1a: Venusaur
|-singleturn|p1a: Venusaur|Protect
|move|p2b: Primarina|Hyper Voice|p1b: Grimmsnarl|[spread] p1b
|-activate|p1a: Venusaur|move: Protect
|-damage|p1b: Grimmsnarl|17/100
|move|p2a: Armarouge|Armor Cannon|p1a: Venusaur
|-activate|p1a: Venusaur|move: Protect
|
|-sideend|p1: wait for swarley|Reflect
|upkeep
|turn|11
|
|t:|1783718575
|switch|p2b: Sinistcha|Sinistcha-Masterpiece, L50|57/100
|-heal|p2a: Armarouge|50/100g|[from] ability: Hospitality|[of] p2b: Sinistcha
|switch|p1a: Annihilape|Annihilape, L50, F|67/100
|move|p1b: Grimmsnarl|Spirit Break|p2a: Armarouge
|-resisted|p2a: Armarouge|1
|-damage|p2a: Armarouge|21/100
|-unboost|p2a: Armarouge|spa|1
|move|p2a: Armarouge|Psychic|p1a: Annihilape
|-supereffective|p1a: Annihilape|1
|-damage|p1a: Annihilape|42/100
|
|-heal|p1a: Annihilape|49/100|[from] item: Leftovers
|-fieldend|move: Trick Room
|upkeep
|turn|12
|
|t:|1783718596
|switch|p2a: Primarina|Primarina, L50, M|40/100
|move|p1a: Annihilape|Rage Fist|p2b: Sinistcha
|-supereffective|p2b: Sinistcha|1
|-damage|p2b: Sinistcha|0 fnt
|faint|p2b: Sinistcha
|move|p1b: Grimmsnarl|Spirit Break|p2a: Primarina
|-damage|p2a: Primarina|2/100
|-unboost|p2a: Primarina|spa|1
|
|-heal|p1a: Annihilape|55/100|[from] item: Leftovers
|upkeep
|
|t:|1783718602
|switch|p2b: Armarouge|Armarouge, L50, F|21/100
|turn|13
|
|t:|1783718614
|move|p2a: Primarina|Protect|p2a: Primarina
|-singleturn|p2a: Primarina|Protect
|move|p1a: Annihilape|Drain Punch|p2a: Primarina
|-activate|p2a: Primarina|move: Protect
|move|p1b: Grimmsnarl|Spirit Break|p2b: Armarouge
|-resisted|p2b: Armarouge|1
|-damage|p2b: Armarouge|6/100
|-unboost|p2b: Armarouge|spa|1
|move|p2b: Armarouge|Trick Room|p2b: Armarouge
|-fieldstart|move: Trick Room|[of] p2b: Armarouge
|
|-heal|p1a: Annihilape|61/100|[from] item: Leftovers
|-sideend|p1: wait for swarley|move: Light Screen
|upkeep
|turn|14
|inactive|kapi cant play eel has 30 seconds left.
|
|t:|1783718639
|move|p1a: Annihilape|Protect|p1a: Annihilape
|-singleturn|p1a: Annihilape|Protect
|move|p1b: Grimmsnarl|Light Screen|p1b: Grimmsnarl
|-sidestart|p1: wait for swarley|move: Light Screen
|move|p2a: Primarina|Hyper Voice|p1b: Grimmsnarl|[spread] p1b
|-activate|p1a: Annihilape|move: Protect
|-damage|p1b: Grimmsnarl|0 fnt
|faint|p1b: Grimmsnarl
|move|p2b: Armarouge|Psychic|p1a: Annihilape
|-activate|p1a: Annihilape|move: Protect
|
|-heal|p1a: Annihilape|67/100|[from] item: Leftovers
|upkeep
|
|t:|1783718647
|switch|p1b: Venusaur|Venusaur-Mega, L50, F|35/100
|turn|15
|
|t:|1783718658
|move|p2a: Primarina|Hyper Voice|p1b: Venusaur|[spread] p1a,p1b
|-resisted|p1b: Venusaur|1
|-damage|p1a: Annihilape|51/100
|-damage|p1b: Venusaur|27/100
|move|p2b: Armarouge|Psychic|p1b: Venusaur
|-supereffective|p1b: Venusaur|1
|-damage|p1b: Venusaur|0 fnt
|faint|p1b: Venusaur
|move|p1a: Annihilape|Rage Fist|p2b: Armarouge
|-supereffective|p2b: Armarouge|1
|-damage|p2b: Armarouge|0 fnt
|faint|p2b: Armarouge
|
|-heal|p1a: Annihilape|57/100|[from] item: Leftovers
|upkeep
|turn|16
|
|t:|1783718671
|move|p1a: Annihilape|Protect|p1a: Annihilape
|-singleturn|p1a: Annihilape|Protect
|move|p2a: Primarina|Moonblast|p1a: Annihilape
|-activate|p1a: Annihilape|move: Protect
|
|-heal|p1a: Annihilape|63/100|[from] item: Leftovers
|upkeep
|turn|17
|
|t:|1783718676
|move|p2a: Primarina|Moonblast|p1a: Annihilape
|-supereffective|p1a: Annihilape|1
|-damage|p1a: Annihilape|19/100
|-unboost|p1a: Annihilape|spa|1
|-ability|p1a: Annihilape|Defiant|boost
|-boost|p1a: Annihilape|atk|2
|move|p1a: Annihilape|Rage Fist|p2a: Primarina
|-crit|p2a: Primarina
|-damage|p2a: Primarina|0 fnt
|faint|p2a: Primarina
|
|win|wait for swarley
|raw|wait for swarley's rating: 1323 → 1336(+13 for winning)
|raw|kapi cant play eel's rating: 1194 → 1178(-16 for losing)
