|j|☆balancebro
|j|☆mausholdmerchant
|html|balancebromausholdmerchant    
|uhtml|bestof|Game 1 of a best-of-3
|t:|1756441426
|gametype|doubles
|player|p1|balancebro|buck|1054
|player|p2|mausholdmerchant|265|1033
|gen|9
|tier|[Gen 9] VGC 2025 Reg H (Bo3)
|rated|
|rule|Species Clause: Limit one of each Pokémon
|rule|Item Clause: Limit 1 of each item
|clearpoke
|poke|p1|Pelipper, L50, F|
|poke|p1|Basculegion, L50, M|
|poke|p1|Bronzong, L50|
|poke|p1|Amoonguss, L50, M|
|poke|p1|Ursaluna, L50, M|
|poke|p1|Hydreigon, L50, M|
|poke|p2|Ursaluna-Bloodmoon, L50, M|
|poke|p2|Farigiraf, L50, F|
|poke|p2|Amoonguss, L50, F|
|poke|p2|Incineroar, L50, M|
|poke|p2|Illumise, L50, F|
|poke|p2|Basculegion, L50, M|
|teampreview|4
|showteam|p1|Pelipper||FocusSash|Drizzle|MuddyWater,Hurricane,Tailwind,Protect|||F|||50|,,,,,Stellar]Basculegion||ChoiceBand|SwiftSwim|WaveCrash,LastRespects,AquaJet,FlipTurn|||M|||50|,,,,,Water]Bronzong||Leftovers|Levitate|BodyPress,GyroBall,IronDefense,TrickRoom||||||50|,,,,,Fighting]Amoonguss||RockyHelmet|Regenerator|RagePowder,Spore,PollenPuff,ClearSmog|||M|||50|,,,,,Water]Ursaluna||FlameOrb|Guts|Facade,Earthquake,HeadlongRush,Protect|||M|||50|,,,,,Ghost]Hydreigon||ChoiceSpecs|Levitate|Snarl,DarkPulse,DracoMeteor,EarthPower|||M|||50|,,,,,Ghost
|showteam|p2|Ursaluna-Bloodmoon||LifeOrb|MindsEye|BloodMoon,HyperVoice,EarthPower,Protect|||M|||50|,,,,,Normal]Farigiraf||ThroatSpray|ArmorTail|HyperVoice,PsychicNoise,TrickRoom,Protect|||F|||50|,,,,,Fairy]Amoonguss||SitrusBerry|Regenerator|RagePowder,PollenPuff,Spore,Protect|||F|||50|,,,,,Water]Incineroar||SafetyGoggles|Intimidate|FakeOut,PartingShot,KnockOff,FlareBlitz|||M|||50|,,,,,Grass]Illumise||FocusSash|Prankster|RainDance,Tailwind,Encore,Protect|||F|||50|,,,,,Water]Basculegion||ChoiceBand|SwiftSwim|FlipTurn,WaveCrash,AquaJet,LastRespects|||M|||50|,,,,,Water
|
|t:|1756441452
|teamsize|p1|4
|teamsize|p2|4
|start
|switch|p1a: Bronzong|Bronzong, L50|100/100
|switch|p1b: Hydreigon|Hydreigon, L50, M|100/100
|switch|p2a: Incineroar|Incineroar, L50, M|100/100
|switch|p2b: Amoonguss|Amoonguss, L50, F|100/100
|-ability|p2a: Incineroar|Intimidate|boost
|-unboost|p1a: Bronzong|atk|1
|-unboost|p1b: Hydreigon|atk|1
|turn|1
|
|t:|1756441494
|switch|p1a: Pelipper|Pelipper, L50, F|100/100
|-weather|RainDance|[from] ability: Drizzle|[of] p1a: Pelipper
|move|p2a: Incineroar|Fake Out|p1b: Hydreigon
|-damage|p1b: Hydreigon|86/100
|cant|p1b: Hydreigon|flinch
|move|p2b: Amoonguss|Spore|p1b: Hydreigon
|-status|p1b: Hydreigon|slp|[from] move: Spore
|
|-weather|RainDance|[upkeep]
|upkeep
|turn|2
|
|t:|1756441513
|switch|p1b: Ursaluna|Ursaluna, L50, M|100/100
|move|p2b: Amoonguss|Protect|p2b: Amoonguss
|-singleturn|p2b: Amoonguss|Protect
|move|p1a: Pelipper|Muddy Water|p2a: Incineroar|[spread] p2a
|-activate|p2b: Amoonguss|move: Protect
|-supereffective|p2a: Incineroar
|-damage|p2a: Incineroar|19/100
|move|p2a: Incineroar|Parting Shot|p1b: Ursaluna
|-unboost|p1b: Ursaluna|atk|1
|-unboost|p1b: Ursaluna|spa|1
|
|t:|1756441525
|switch|p2a: Ursaluna|Ursaluna-Bloodmoon, L50, M|100/100|[from] Parting Shot
|
|-weather|RainDance|[upkeep]
|-status|p1b: Ursaluna|brn|[from] item: Flame Orb
|upkeep
|turn|3
|
|t:|1756441556
|-terastallize|p2a: Ursaluna|Normal
|move|p1a: Pelipper|Muddy Water|p2b: Amoonguss|[spread] p2a,p2b
|-resisted|p2b: Amoonguss
|-damage|p2a: Ursaluna|47/100
|-damage|p2b: Amoonguss|85/100
|-unboost|p2b: Amoonguss|accuracy|1
|move|p2a: Ursaluna|Hyper Voice|p1b: Ursaluna|[spread] p1a,p1b
|-enditem|p1a: Pelipper|Focus Sash
|-damage|p1a: Pelipper|1/100
|-damage|p1b: Ursaluna|44/100 brn
|-damage|p2a: Ursaluna|37/100|[from] item: Life Orb
|move|p2b: Amoonguss|Spore||[still]
|-fail|p2b: Amoonguss
|move|p1b: Ursaluna|Earthquake|p2b: Amoonguss|[spread] p2a,p2b
|-immune|p1a: Pelipper
|-damage|p2a: Ursaluna|7/100
|-damage|p2b: Amoonguss|42/100
|-enditem|p2b: Amoonguss|Sitrus Berry|[eat]
|-heal|p2b: Amoonguss|67/100|[from] item: Sitrus Berry
|
|-weather|RainDance|[upkeep]
|-damage|p1b: Ursaluna|39/100 brn|[from] brn
|upkeep
|turn|4
|
|t:|1756441581
|move|p2a: Ursaluna|Protect|p2a: Ursaluna
|-singleturn|p2a: Ursaluna|Protect
|move|p1a: Pelipper|Muddy Water|p2b: Amoonguss|[spread] p2b
|-activate|p2a: Ursaluna|move: Protect
|-resisted|p2b: Amoonguss
|-damage|p2b: Amoonguss|51/100
|move|p2b: Amoonguss|Pollen Puff|p1a: Pelipper
|-resisted|p1a: Pelipper
|-damage|p1a: Pelipper|0 fnt
|faint|p1a: Pelipper
|move|p1b: Ursaluna|Facade|p2b: Amoonguss
|-damage|p2b: Amoonguss|0 fnt
|faint|p2b: Amoonguss
|
|-weather|RainDance|[upkeep]
|-damage|p1b: Ursaluna|33/100 brn|[from] brn
|upkeep
|
|t:|1756441601
|switch|p1a: Bronzong|Bronzong, L50|100/100
|switch|p2b: Incineroar|Incineroar, L50, M|19/100
|-ability|p2b: Incineroar|Intimidate|boost
|-unboost|p1a: Bronzong|atk|1
|-unboost|p1b: Ursaluna|atk|1
|turn|5
|
|t:|1756441611
|move|p2b: Incineroar|Fake Out|p1a: Bronzong
|-resisted|p1a: Bronzong
|-damage|p1a: Bronzong|96/100
|move|p2a: Ursaluna|Hyper Voice|p1b: Ursaluna|[spread] p1a,p1b
|-resisted|p1a: Bronzong
|-damage|p1a: Bronzong|64/100
|-damage|p1b: Ursaluna|0 fnt
|faint|p1b: Ursaluna
|-damage|p2a: Ursaluna|0 fnt|[from] item: Life Orb
|faint|p2a: Ursaluna
|cant|p1a: Bronzong|flinch
|
|-weather|none
|-heal|p1a: Bronzong|70/100|[from] item: Leftovers
|upkeep
|
|t:|1756441624
|switch|p2a: Farigiraf|Farigiraf, L50, F|100/100
|switch|p1b: Hydreigon|Hydreigon, L50, M|86/100 slp
|turn|6
|
|t:|1756441641
|-terastallize|p1a: Bronzong|Fighting
|cant|p1b: Hydreigon|slp
|move|p2b: Incineroar|Flare Blitz|p1a: Bronzong
|-damage|p1a: Bronzong|26/100
|-damage|p2b: Incineroar|7/100|[from] Recoil
|move|p2a: Farigiraf|Hyper Voice|p1b: Hydreigon|[spread] p1a,p1b
|-damage|p1a: Bronzong|3/100
|-damage|p1b: Hydreigon|55/100 slp
|-enditem|p2a: Farigiraf|Throat Spray
|-boost|p2a: Farigiraf|spa|1|[from] item: Throat Spray
|move|p1a: Bronzong|Body Press|p2b: Incineroar
|-supereffective|p2b: Incineroar
|-damage|p2b: Incineroar|0 fnt
|faint|p2b: Incineroar
|
|-heal|p1a: Bronzong|9/100|[from] item: Leftovers
|upkeep
|turn|7
|
|t:|1756441659
|-curestatus|p1b: Hydreigon|slp|[msg]
|move|p1b: Hydreigon|Dark Pulse|p2a: Farigiraf
|-supereffective|p2a: Farigiraf
|-damage|p2a: Farigiraf|10/100
|move|p2a: Farigiraf|Hyper Voice|p1b: Hydreigon|[spread] p1a,p1b
|-damage|p1a: Bronzong|0 fnt
|-damage|p1b: Hydreigon|10/100
|faint|p1a: Bronzong
|
|upkeep
|turn|8
|
|t:|1756441669
|move|p1b: Hydreigon|Dark Pulse|p2a: Farigiraf
|-supereffective|p2a: Farigiraf
|-damage|p2a: Farigiraf|0 fnt
|faint|p2a: Farigiraf
|
|win|balancebro
