|j|☆MrRaffa
|j|☆SlipperyDanger
|html|MrRaffaSlipperyDanger    
|uhtml|bestof|Game 2 of a best-of-3
|t:|1783537931
|gametype|doubles
|player|p1|MrRaffa|n|
|player|p2|SlipperyDanger|cynthia-gen4|
|gen|9
|tier|[Gen 9 Champions] VGC 2026 Reg M-B (Bo3)
|rule|Species Clause: Limit one of each Pokémon
|rule|Item Clause: Limit 1 of each item
|clearpoke
|poke|p1|Blastoise, L50, F|
|poke|p1|Incineroar, L50, M|
|poke|p1|Maushold, L50|
|poke|p1|Delphox, L50, F|
|poke|p1|Sinistcha, L50|
|poke|p1|Kingambit, L50, M|
|poke|p2|Blastoise, L50, M|
|poke|p2|Sableye, L50, M|
|poke|p2|Maushold, L50|
|poke|p2|Farigiraf, L50, M|
|poke|p2|Mawile, L50, F|
|poke|p2|Incineroar, L50, F|
|teampreview|4
|showteam|p1|Blastoise||Blastoisinite|RainDish|WaterSpout,DarkPulse,ShellSmash,Protect|Modest||F|||50|]Incineroar||SitrusBerry|Intimidate|FakeOut,ThroatChop,FlareBlitz,PartingShot|Impish||M|||50|]Maushold||FocusSash|FriendGuard|FollowMe,Feint,HelpingHand,Protect|Jolly|||||50|]Delphox||Delphoxite|Blaze|HeatWave,Psyshock,NastyPlot,Protect|Timid||F|||50|]Sinistcha||OccaBerry|Hospitality|MatchaGotcha,RagePowder,TrickRoom,Protect|Bold|||||50|]Kingambit||BlackGlasses|Defiant|KowtowCleave,SuckerPunch,SwordsDance,Protect|Adamant||M|||50|
|showteam|p2|Blastoise||Blastoisinite|RainDish|WaterSpout,DarkPulse,ShellSmash,Protect|Modest||M|||50|]Sableye||RoseliBerry|Prankster|RainDance,Encore,Disable,FakeOut|Calm||M|||50|]Maushold||FocusSash|FriendGuard|FollowMe,RainDance,Feint,Protect|Jolly|||||50|]Farigiraf||LifeOrb|ArmorTail|HyperVoice,Psychic,TrickRoom,HelpingHand|Quiet||M|||50|]Mawile||Mawilite|HyperCutter|PlayRough,IronHead,SuckerPunch,Protect|Adamant||F|||50|]Incineroar||WhiteHerb|Intimidate|FlareBlitz,DarkestLariat,CloseCombat,FakeOut|Adamant||F|||50|
|
|t:|1783537960
|teamsize|p1|4
|teamsize|p2|4
|start
|switch|p1a: Incineroar|Incineroar, L50, M|100/100
|switch|p1b: Sinistcha|Sinistcha, L50|100/100
|switch|p2a: Blastoise|Blastoise, L50, M|100/100
|switch|p2b: Sableye|Sableye, L50, M|100/100
|-ability|p1a: Incineroar|Intimidate|boost
|-unboost|p2a: Blastoise|atk|1
|-unboost|p2b: Sableye|atk|1
|turn|1
|
|t:|1783537967
|switch|p2b: Farigiraf|Farigiraf, L50, M|100/100
|detailschange|p2a: Blastoise|Blastoise-Mega, L50, M
|-mega|p2a: Blastoise|Blastoise|Blastoisinite
|move|p1a: Incineroar|Fake Out||[still]
|cant|p2b: Farigiraf|ability: Armor Tail|Fake Out|[of] p1a: Incineroar
|move|p2a: Blastoise|Dark Pulse|p1b: Sinistcha
|-supereffective|p1b: Sinistcha|1
|-damage|p1b: Sinistcha|11/100
|move|p1b: Sinistcha|Trick Room|p1b: Sinistcha
|-fieldstart|move: Trick Room|[of] p1b: Sinistcha
|
|upkeep
|turn|2
|
|t:|1783537994
|move|p2a: Blastoise|Protect|p2a: Blastoise
|-singleturn|p2a: Blastoise|Protect
|move|p1b: Sinistcha|Matcha Gotcha|p2a: Blastoise|[spread] p2b
|-activate|p2a: Blastoise|move: Protect
|-damage|p2b: Farigiraf|77/100
|-heal|p1b: Sinistcha|25/100|[from] drain|[of] p2b: Farigiraf
|move|p1a: Incineroar|Parting Shot|p2b: Farigiraf
|-unboost|p2b: Farigiraf|atk|1
|-unboost|p2b: Farigiraf|spa|1
|
|t:|1783537998
|switch|p1a: Kingambit|Kingambit, L50, M|100/100|[from] Parting Shot
|move|p2b: Farigiraf|Trick Room|p2b: Farigiraf
|-fieldend|move: Trick Room
|
|upkeep
|turn|3
|
|t:|1783538014
|switch|p1b: Incineroar|Incineroar, L50, M|100/100
|-ability|p1b: Incineroar|Intimidate|boost
|-unboost|p2a: Blastoise|atk|1
|-unboost|p2b: Farigiraf|atk|1
|move|p2b: Farigiraf|Helping Hand|p2a: Blastoise
|-singleturn|p2a: Blastoise|Helping Hand|[of] p2b: Farigiraf
|move|p2a: Blastoise|Water Spout|p1b: Incineroar|[spread] p1a,p1b
|-supereffective|p1b: Incineroar|1
|-damage|p1a: Kingambit|4/100
|-damage|p1b: Incineroar|0 fnt
|faint|p1b: Incineroar
|move|p1a: Kingambit|Kowtow Cleave|p2a: Blastoise
|-damage|p2a: Blastoise|44/100
|
|upkeep
|
|t:|1783538025
|switch|p1b: Blastoise|Blastoise, L50, F|100/100
|turn|4
|
|t:|1783538077
|detailschange|p1b: Blastoise|Blastoise-Mega, L50, F
|-mega|p1b: Blastoise|Blastoise|Blastoisinite
|move|p1b: Blastoise|Dark Pulse|p2a: Blastoise
|-damage|p2a: Blastoise|0 fnt
|faint|p2a: Blastoise
|move|p2b: Farigiraf|Hyper Voice|p1a: Kingambit|[spread] p1a,p1b
|-resisted|p1a: Kingambit|1
|-damage|p1a: Kingambit|0 fnt
|-damage|p1b: Blastoise|72/100
|faint|p1a: Kingambit
|-damage|p2b: Farigiraf|67/100|[from] item: Life Orb
|
|upkeep
|
|t:|1783538087
|switch|p2a: Sableye|Sableye, L50, M|100/100
|switch|p1a: Sinistcha|Sinistcha, L50|25/100
|-heal|p1b: Blastoise|97/100|[from] ability: Hospitality|[of] p1a: Sinistcha
|turn|5
|
|t:|1783538108
|move|p1b: Blastoise|Protect|p1b: Blastoise
|-singleturn|p1b: Blastoise|Protect
|move|p2a: Sableye|Fake Out|p1b: Blastoise
|-activate|p1b: Blastoise|move: Protect
|move|p1a: Sinistcha|Matcha Gotcha|p2a: Sableye|[spread] p2b
|-miss|p1a: Sinistcha|p2a: Sableye
|-damage|p2b: Farigiraf|45/100
|-heal|p1a: Sinistcha|38/100|[from] drain|[of] p2b: Farigiraf
|move|p2b: Farigiraf|Psychic|p1a: Sinistcha
|-damage|p1a: Sinistcha|6/100
|-damage|p2b: Farigiraf|35/100|[from] item: Life Orb
|
|upkeep
|turn|6
|
|t:|1783538150
|switch|p2b: Maushold|Maushold, L50|100/100
|move|p1a: Sinistcha|Rage Powder|p1a: Sinistcha
|-singleturn|p1a: Sinistcha|move: Rage Powder
|move|p2a: Sableye|Disable|p1a: Sinistcha
|-start|p1a: Sinistcha|Disable|Rage Powder
|move|p1b: Blastoise|Water Spout|p2a: Sableye|[spread] p2a,p2b
|-damage|p2a: Sableye|45/100
|-damage|p2b: Maushold|14/100
|
|upkeep
|turn|7
|inactive|Battle timer is ON: inactive players will automatically lose when time's up. (requested by MrRaffa)
|inactive|SlipperyDanger has 60 seconds left.
|
|t:|1783538241
|switch|p2b: Farigiraf|Farigiraf, L50, M|35/100
|move|p2a: Sableye|Disable|p1b: Blastoise
|-start|p1b: Blastoise|Disable|Water Spout
|move|p1b: Blastoise|Dark Pulse|p2a: Sableye
|-damage|p2a: Sableye|0 fnt
|faint|p2a: Sableye
|move|p1a: Sinistcha|Matcha Gotcha|p2b: Farigiraf
|-damage|p2b: Farigiraf|8/100
|-heal|p1a: Sinistcha|23/100|[from] drain|[of] p2b: Farigiraf
|
|upkeep
|
|t:|1783538248
|switch|p2a: Maushold|Maushold, L50|14/100
|turn|8
|
|t:|1783538267
|move|p2a: Maushold|Follow Me|p2a: Maushold
|-singleturn|p2a: Maushold|move: Follow Me
|move|p1b: Blastoise|Dark Pulse|p2a: Maushold
|-damage|p2a: Maushold|0 fnt
|faint|p2a: Maushold
|move|p1a: Sinistcha|Matcha Gotcha|p2b: Farigiraf|[miss]
|-miss|p1a: Sinistcha|p2b: Farigiraf
|move|p2b: Farigiraf|Psychic|p1a: Sinistcha
|-damage|p1a: Sinistcha|0 fnt
|faint|p1a: Sinistcha
|-damage|p2b: Farigiraf|0 fnt|[from] item: Life Orb
|faint|p2b: Farigiraf
|
|win|MrRaffa
|c|☆SlipperyDanger|Gg
|c|☆MrRaffa|Gg
|l|☆SlipperyDanger
|player|p2|
