|j|☆chikovgc
|j|☆asmodeo666
|html|chikovgcasmodeo666    
|uhtml|bestof|Game 1 of a best-of-3
|t:|1757752154
|gametype|doubles
|player|p1|chikovgc|volo|1220
|player|p2|asmodeo666|102|1133
|gen|9
|tier|[Gen 9] VGC 2025 Reg H (Bo3)
|rated|
|rule|Species Clause: Limit one of each Pokémon
|rule|Item Clause: Limit 1 of each item
|clearpoke
|poke|p1|Rillaboom, L50, M|
|poke|p1|Annihilape, L50, M|
|poke|p1|Pelipper, L50, F|
|poke|p1|Archaludon, L50, F|
|poke|p1|Sinistcha, L50|
|poke|p1|Incineroar, L50, M|
|poke|p2|Sableye, L50, F|
|poke|p2|Incineroar, L50, F|
|poke|p2|Sinistcha, L50|
|poke|p2|Rillaboom, L50, F|
|poke|p2|Ninetales-Alola, L50, F|
|poke|p2|Tsareena, L50, F|
|teampreview|4
|showteam|p1|Rillaboom||LoadedDice|GrassySurge|Uturn,FakeOut,BulletSeed,GrassyGlide|||M|||50|,,,,,Fire]Annihilape||SafetyGoggles|Defiant|BulkUp,DrainPunch,RageFist,Protect|||M|||50|,,,,,Steel]Pelipper||ChoiceScarf|Drizzle|Tailwind,WeatherBall,Hurricane,Uturn|||F|||50|,,,,,Ghost]Archaludon||AssaultVest|Stamina|ElectroShot,DracoMeteor,FlashCannon,BodyPress|||F|||50|,,,,,Grass]Sinistcha||SitrusBerry|Hospitality|MatchaGotcha,TrickRoom,Protect,RagePowder||||||50|,,,,,Water]Incineroar||RockyHelmet|Intimidate|Protect,KnockOff,FakeOut,Uturn|||M|||50|,,,,,Bug
|showteam|p2|Sableye||SafetyGoggles|Prankster|FakeOut,SkillSwap,ThunderWave,FoulPlay|||F|||50|,,,,,Steel]Incineroar||CovertCloak|Intimidate|FakeOut,FlareBlitz,KnockOff,PartingShot|||F|||50|,,,,,Flying]Sinistcha||SitrusBerry|Hospitality|MatchaGotcha,RagePowder,TrickRoom,StrengthSap||||||50|,,,,,Water]Rillaboom||AssaultVest|GrassySurge|FakeOut,GrassyGlide,WoodHammer,Uturn|||F|||50|,,,,,Fire]Ninetales-Alola||LightClay|SnowWarning|AuroraVeil,Blizzard,Moonblast,Protect|||F|||50|,,,,,Ghost]Tsareena||MentalHerb|QueenlyMajesty|TeeterDance,Acupressure,Taunt,PowerWhip|||F|||50|,,,,,Fire
|inactive|Battle timer is ON: inactive players will automatically lose when time's up. (requested by chikovgc)
|inactive|chikovgc has 60 seconds left.
|inactive|asmodeo666 has 60 seconds left.
|
|t:|1757752204
|teamsize|p1|4
|teamsize|p2|4
|start
|switch|p1a: Archaludon|Archaludon, L50, F|100/100
|switch|p1b: Incineroar|Incineroar, L50, M|100/100
|switch|p2a: Sableye|Sableye, L50, F|100/100
|switch|p2b: Tsareena|Tsareena, L50, F|100/100
|-ability|p1b: Incineroar|Intimidate|boost
|-unboost|p2a: Sableye|atk|1
|-unboost|p2b: Tsareena|atk|1
|turn|1
|
|t:|1757752225
|move|p2a: Sableye|Skill Swap|p1a: Archaludon
|-activate|p2a: Sableye|move: Skill Swap|Stamina|Prankster|[of] p1a: Archaludon
|move|p1a: Archaludon|Draco Meteor|p2b: Tsareena
|-damage|p2b: Tsareena|48/100
|-unboost|p1a: Archaludon|spa|2
|move|p2b: Tsareena|Teeter Dance|p1a: Archaludon|[spread] p2a,p1a,p1b
|-start|p2a: Sableye|confusion
|-start|p1a: Archaludon|confusion
|-start|p1b: Incineroar|confusion
|-activate|p1b: Incineroar|confusion
|move|p1b: Incineroar|Knock Off|p2b: Tsareena
|-damage|p2b: Tsareena|17/100
|-enditem|p2b: Tsareena|Mental Herb|[from] move: Knock Off|[of] p1b: Incineroar
|
|upkeep
|turn|2
|
|t:|1757752249
|switch|p2a: Sinistcha|Sinistcha, L50|100/100
|-heal|p2b: Tsareena|42/100|[from] ability: Hospitality|[of] p2a: Sinistcha
|-activate|p1a: Archaludon|confusion
|-damage|p1a: Archaludon|94/100|[from] confusion
|move|p2b: Tsareena|Acupressure|p2a: Sinistcha
|-boost|p2a: Sinistcha|evasion|2
|-activate|p1b: Incineroar|confusion
|move|p1b: Incineroar|U-turn|p2b: Tsareena
|-supereffective|p2b: Tsareena
|-damage|p2b: Tsareena|9/100
|
|t:|1757752262
|switch|p1b: Pelipper|Pelipper, L50, F|100/100|[from] U-turn
|-weather|RainDance|[from] ability: Drizzle|[of] p1b: Pelipper
|
|-weather|RainDance|[upkeep]
|upkeep
|turn|3
|
|t:|1757752275
|switch|p1a: Incineroar|Incineroar, L50, M|100/100
|-ability|p1a: Incineroar|Intimidate|boost
|-unboost|p2a: Sinistcha|atk|1
|-unboost|p2b: Tsareena|atk|1
|switch|p2b: Ninetales|Ninetales-Alola, L50, F|100/100
|-weather|Snowscape|[from] ability: Snow Warning|[of] p2b: Ninetales
|move|p1b: Pelipper|Hurricane|p2a: Sinistcha
|-supereffective|p2a: Sinistcha
|-damage|p2a: Sinistcha|11/100
|-enditem|p2a: Sinistcha|Sitrus Berry|[eat]
|-heal|p2a: Sinistcha|36/100|[from] item: Sitrus Berry
|move|p2a: Sinistcha|Trick Room|p2a: Sinistcha
|-fieldstart|move: Trick Room|[of] p2a: Sinistcha
|
|-weather|Snowscape|[upkeep]
|upkeep
|turn|4
|
|t:|1757752296
|switch|p1b: Archaludon|Archaludon, L50, F|94/100
|-terastallize|p2a: Sinistcha|Water
|move|p1a: Incineroar|U-turn|p2b: Ninetales
|-resisted|p2b: Ninetales
|-damage|p2b: Ninetales|93/100
|
|t:|1757752305
|switch|p1a: Annihilape|Annihilape, L50, M|100/100|[from] U-turn
|move|p2a: Sinistcha|Strength Sap|p1a: Annihilape
|-unboost|p1a: Annihilape|atk|1
|-ability|p1a: Annihilape|Defiant|boost
|-boost|p1a: Annihilape|atk|2
|-heal|p2a: Sinistcha|100/100
|move|p2b: Ninetales|Aurora Veil|p2b: Ninetales
|-sidestart|p2: asmodeo666|move: Aurora Veil
|
|-weather|Snowscape|[upkeep]
|upkeep
|turn|5
|
|t:|1757752326
|switch|p1a: Pelipper|Pelipper, L50, F|100/100
|-weather|RainDance|[from] ability: Drizzle|[of] p1a: Pelipper
|move|p2a: Sinistcha|Matcha Gotcha|p1a: Pelipper|[spread] p1a,p1b
|-resisted|p1b: Archaludon
|-damage|p1a: Pelipper|54/100
|-damage|p1b: Archaludon|90/100
|-ability|p1b: Archaludon|Stamina|boost
|-boost|p1b: Archaludon|def|1
|move|p1b: Archaludon|Electro Shot||[still]
|-prepare|p1b: Archaludon|Electro Shot
|-boost|p1b: Archaludon|spa|1
|-anim|p1b: Archaludon|Electro Shot|p2a: Sinistcha
|-supereffective|p2a: Sinistcha
|-damage|p2a: Sinistcha|26/100
|move|p2b: Ninetales|Blizzard|p1b: Archaludon|[spread] p1a,p1b
|-crit|p1a: Pelipper
|-damage|p1a: Pelipper|0 fnt
|-damage|p1b: Archaludon|69/100
|-status|p1b: Archaludon|frz
|-ability|p1b: Archaludon|Stamina|boost
|-boost|p1b: Archaludon|def|1
|faint|p1a: Pelipper
|
|-weather|RainDance|[upkeep]
|upkeep
|
|t:|1757752351
|switch|p1a: Annihilape|Annihilape, L50, M|100/100
|turn|6
|
|t:|1757752359
|switch|p2b: Sableye|Sableye, L50, F|100/100
|-terastallize|p1a: Annihilape|Steel
|move|p2a: Sinistcha|Matcha Gotcha|p1b: Archaludon|[spread] p1a,p1b
|-resisted|p1a: Annihilape
|-resisted|p1b: Archaludon
|-damage|p1a: Annihilape|90/100
|-heal|p2a: Sinistcha|32/100|[from] drain|[of] p1a: Annihilape
|-damage|p1b: Archaludon|66/100 frz
|-heal|p2a: Sinistcha|35/100|[from] drain|[of] p1b: Archaludon
|-ability|p1b: Archaludon|Stamina|boost
|-boost|p1b: Archaludon|def|1
|-curestatus|p1b: Archaludon|frz|[msg]
|move|p1b: Archaludon|Electro Shot||[still]
|-prepare|p1b: Archaludon|Electro Shot
|-boost|p1b: Archaludon|spa|1
|-anim|p1b: Archaludon|Electro Shot|p2a: Sinistcha|[miss]
|-miss|p1b: Archaludon|p2a: Sinistcha
|move|p1a: Annihilape|Bulk Up|p1a: Annihilape
|-boost|p1a: Annihilape|atk|1
|-boost|p1a: Annihilape|def|1
|
|-weather|RainDance|[upkeep]
|upkeep
|turn|7
|inactive|chikovgc has 30 seconds left.
|inactive|asmodeo666 has 30 seconds left.
|inactive|chikovgc has 20 seconds left.
|
|t:|1757752396
|move|p1a: Annihilape|Protect|p1a: Annihilape
|-singleturn|p1a: Annihilape|Protect
|move|p2b: Sableye|Thunder Wave|p1a: Annihilape
|-activate|p1a: Annihilape|move: Protect
|move|p2a: Sinistcha|Matcha Gotcha|p1b: Archaludon|[spread] p1b
|-activate|p1a: Annihilape|move: Protect
|-resisted|p1b: Archaludon
|-damage|p1b: Archaludon|61/100
|-heal|p2a: Sinistcha|37/100|[from] drain|[of] p1b: Archaludon
|-ability|p1b: Archaludon|Stamina|boost
|-boost|p1b: Archaludon|def|1
|move|p1b: Archaludon|Body Press|p2a: Sinistcha
|-damage|p2a: Sinistcha|0 fnt
|faint|p2a: Sinistcha
|
|-weather|RainDance|[upkeep]
|-fieldend|move: Trick Room
|upkeep
|
|t:|1757752399
|switch|p2a: Tsareena|Tsareena, L50, F|9/100
|turn|8
|
|t:|1757752420
|move|p2b: Sableye|Skill Swap|p2a: Tsareena
|-activate|p2b: Sableye|move: Skill Swap|||[of] p2a: Tsareena
|move|p2a: Tsareena|Teeter Dance|p1b: Archaludon|[spread] p2b,p1a,p1b
|-start|p2b: Sableye|confusion
|-start|p1a: Annihilape|confusion
|-start|p1b: Archaludon|confusion
|-activate|p1a: Annihilape|confusion
|-damage|p1a: Annihilape|78/100|[from] confusion
|-activate|p1b: Archaludon|confusion
|move|p1b: Archaludon|Body Press|p2a: Tsareena
|-damage|p2a: Tsareena|0 fnt
|faint|p2a: Tsareena
|
|-weather|RainDance|[upkeep]
|upkeep
|
|t:|1757752429
|switch|p2a: Ninetales|Ninetales-Alola, L50, F|93/100
|-weather|Snowscape|[from] ability: Snow Warning|[of] p2a: Ninetales
|turn|9
|
|t:|1757752445
|move|p2a: Ninetales|Blizzard|p1b: Archaludon|[spread] p1a,p1b
|-resisted|p1a: Annihilape
|-damage|p1a: Annihilape|67/100
|-damage|p1b: Archaludon|41/100
|-ability|p1b: Archaludon|Stamina|boost
|-boost|p1b: Archaludon|def|1
|-end|p1a: Annihilape|confusion
|move|p1a: Annihilape|Rage Fist|p2b: Sableye
|-damage|p2b: Sableye|1/100
|-activate|p1b: Archaludon|confusion
|move|p1b: Archaludon|Flash Cannon|p2a: Ninetales
|-supereffective|p2a: Ninetales
|-damage|p2a: Ninetales|0 fnt
|faint|p2a: Ninetales
|-activate|p2b: Sableye|confusion
|-damage|p2b: Sableye|0 fnt|[from] confusion
|faint|p2b: Sableye
|
|win|chikovgc
||chikovgc is ready for game 2.
||asmodeo666 is ready for game 2.
|uhtml|next|Next: Game 2 of 3
|l|☆chikovgc
|player|p1|
|l|☆asmodeo666
|player|p2|
