|j|☆Hikari.D9
|j|☆sandy ghost 5
|html|Hikari.D9sandy ghost 5    
|uhtml|bestof|Game 2 of a best-of-3
|t:|1756988301
|gametype|doubles
|player|p1|Hikari.D9|shadowtriad|1156
|player|p2|sandy ghost 5|baker|1282
|gen|9
|tier|[Gen 9] VGC 2025 Reg H (Bo3)
|rated|
|rule|Species Clause: Limit one of each Pokémon
|rule|Item Clause: Limit 1 of each item
|clearpoke
|poke|p1|Archaludon, L50, F|
|poke|p1|Pelipper, L50, F|
|poke|p1|Basculegion, L50, M|
|poke|p1|Amoonguss, L50, F|
|poke|p1|Gholdengo, L50|
|poke|p1|Annihilape, L50, M|
|poke|p2|Tyranitar, L50, M|
|poke|p2|Excadrill, L50, F|
|poke|p2|Sinistcha-Masterpiece, L50|
|poke|p2|Salamence, L50, M|
|poke|p2|Blaziken, L50, F|
|poke|p2|Bruxish, L50, M|
|teampreview|4
|showteam|p1|Archaludon||AssaultVest|Stamina|ElectroShot,DragonPulse,BodyPress,Snarl|||F|||50|,,,,,Bug]Pelipper||FocusSash|Drizzle|WeatherBall,Hurricane,Tailwind,Protect|||F|||50|,,,,,Ghost]Basculegion||ChoiceBand|SwiftSwim|WaveCrash,AquaJet,LastRespects,FlipTurn|||M|||50|,,,,,Water]Amoonguss||SitrusBerry|Regenerator|RagePowder,Spore,PollenPuff,Protect|||F|||50|,,,,,Fairy]Gholdengo||LifeOrb|GoodasGold|MakeItRain,ShadowBall,NastyPlot,Protect||||||50|,,,,,Water]Annihilape||SafetyGoggles|Defiant|CloseCombat,RageFist,Taunt,FinalGambit|||M|||50|,,,,,Water
|showteam|p2|Tyranitar||ClearAmulet|SandStream|RockSlide,KnockOff,DragonDance,Protect|||M|||50|,,,,,Grass]Excadrill||AssaultVest|SandRush|Earthquake,IronHead,HighHorsepower,RockSlide|||F|||50|,,,,,Ghost]Sinistcha-Masterpiece||SitrusBerry|Hospitality|ShadowBall,MatchaGotcha,RagePowder,Protect||||||50|,,,,,Dark]Salamence||LifeOrb|Intimidate|DracoMeteor,AirSlash,Protect,Tailwind|||M|||50|,,,,,Ghost]Blaziken||CovertCloak|SpeedBoost|AuraSphere,HeatWave,Coaching,WillOWisp|||F|||50|,,,,,Dragon]Bruxish||ChoiceScarf|Dazzling|PsychicFangs,FlipTurn,WaveCrash,SuperFang|||M|||50|,,,,,Water
|
|t:|1756988382
|teamsize|p1|4
|teamsize|p2|4
|start
|switch|p1a: Archaludon|Archaludon, L50, F|100/100
|switch|p1b: Pelipper|Pelipper, L50, F|100/100
|switch|p2a: Salamence|Salamence, L50, M|100/100
|switch|p2b: Blaziken|Blaziken, L50, F|100/100
|-ability|p2a: Salamence|Intimidate|boost
|-unboost|p1a: Archaludon|atk|1
|-unboost|p1b: Pelipper|atk|1
|-weather|RainDance|[from] ability: Drizzle|[of] p1b: Pelipper
|turn|1
|
|t:|1756988414
|-terastallize|p1a: Archaludon|Bug
|move|p2a: Salamence|Draco Meteor|p1a: Archaludon
|-damage|p1a: Archaludon|33/100
|-unboost|p2a: Salamence|spa|2
|-ability|p1a: Archaludon|Stamina|boost
|-boost|p1a: Archaludon|def|1
|-damage|p2a: Salamence|91/100|[from] item: Life Orb
|move|p2b: Blaziken|Heat Wave|p1a: Archaludon|[spread] p1a,p1b
|-supereffective|p1a: Archaludon
|-resisted|p1b: Pelipper
|-damage|p1a: Archaludon|6/100
|-damage|p1b: Pelipper|88/100
|-ability|p1a: Archaludon|Stamina|boost
|-boost|p1a: Archaludon|def|1
|move|p1b: Pelipper|Tailwind|p1b: Pelipper
|-sidestart|p1: Hikari.D9|move: Tailwind
|move|p1a: Archaludon|Dragon Pulse|p2a: Salamence
|-supereffective|p2a: Salamence
|-damage|p2a: Salamence|0 fnt
|faint|p2a: Salamence
|
|-weather|RainDance|[upkeep]
|-ability|p2b: Blaziken|Speed Boost|boost
|-boost|p2b: Blaziken|spe|1
|upkeep
|
|t:|1756988435
|switch|p2a: Puppet|Sinistcha-Masterpiece, L50|100/100
|turn|2
|
|t:|1756988465
|switch|p2a: Tyranitar|Tyranitar, L50, M|100/100
|-weather|Sandstorm|[from] ability: Sand Stream|[of] p2a: Tyranitar
|-terastallize|p2b: Blaziken|Dragon
|move|p1b: Pelipper|Hurricane|p2a: Tyranitar
|-resisted|p2a: Tyranitar
|-damage|p2a: Tyranitar|85/100
|-start|p2a: Tyranitar|confusion
|move|p1a: Archaludon|Dragon Pulse|p2a: Tyranitar
|-damage|p2a: Tyranitar|58/100
|move|p2b: Blaziken|Heat Wave|p1a: Archaludon|[spread] p1a,p1b
|-supereffective|p1a: Archaludon
|-resisted|p1b: Pelipper
|-damage|p1a: Archaludon|0 fnt
|-damage|p1b: Pelipper|63/100
|faint|p1a: Archaludon
|
|-weather|Sandstorm|[upkeep]
|-damage|p1b: Pelipper|57/100|[from] Sandstorm
|-damage|p2b: Blaziken|95/100|[from] Sandstorm
|-ability|p2b: Blaziken|Speed Boost|boost
|-boost|p2b: Blaziken|spe|1
|upkeep
|
|t:|1756988489
|switch|p1a: Gholdengo|Gholdengo, L50|100/100
|turn|3
|
|t:|1756988498
|switch|p1b: Basculegion|Basculegion, L50, M|100/100
|switch|p2a: Puppet|Sinistcha-Masterpiece, L50|100/100
|-heal|p2b: Blaziken|100/100|[from] ability: Hospitality|[of] p2a: Puppet
|move|p1a: Gholdengo|Make It Rain|p2a: Puppet|[spread] p2a,p2b
|-damage|p2a: Puppet|44/100
|-damage|p2b: Blaziken|23/100
|-unboost|p1a: Gholdengo|spa|1
|-enditem|p2a: Puppet|Sitrus Berry|[eat]
|-heal|p2a: Puppet|69/100|[from] item: Sitrus Berry
|-damage|p1a: Gholdengo|90/100|[from] item: Life Orb
|move|p2b: Blaziken|Will-O-Wisp|p1b: Basculegion
|-status|p1b: Basculegion|brn
|
|-weather|Sandstorm|[upkeep]
|-damage|p2b: Blaziken|18/100|[from] Sandstorm
|-damage|p1b: Basculegion|94/100 brn|[from] Sandstorm
|-damage|p2a: Puppet|63/100|[from] Sandstorm
|-damage|p1b: Basculegion|88/100 brn|[from] brn
|-ability|p2b: Blaziken|Speed Boost|boost
|-boost|p2b: Blaziken|spe|1
|upkeep
|turn|4
|
|t:|1756988520
|switch|p2a: Tyranitar|Tyranitar, L50, M|58/100
|move|p2b: Blaziken|Heat Wave|p1b: Basculegion|[spread] p1a,p1b
|-supereffective|p1a: Gholdengo
|-crit|p1a: Gholdengo
|-resisted|p1b: Basculegion
|-damage|p1a: Gholdengo|0 fnt
|-damage|p1b: Basculegion|71/100 brn
|faint|p1a: Gholdengo
|move|p1b: Basculegion|Last Respects|p2a: Tyranitar
|-resisted|p2a: Tyranitar
|-damage|p2a: Tyranitar|31/100
|
|-weather|Sandstorm|[upkeep]
|-damage|p2b: Blaziken|12/100|[from] Sandstorm
|-damage|p1b: Basculegion|65/100 brn|[from] Sandstorm
|-damage|p1b: Basculegion|59/100 brn|[from] brn
|-sideend|p1: Hikari.D9|move: Tailwind
|-ability|p2b: Blaziken|Speed Boost|boost
|-boost|p2b: Blaziken|spe|1
|upkeep
|
|t:|1756988526
|switch|p1a: Pelipper|Pelipper, L50, F|57/100
|-weather|RainDance|[from] ability: Drizzle|[of] p1a: Pelipper
|turn|5
|
|t:|1756988556
|move|p2a: Tyranitar|Protect|p2a: Tyranitar
|-singleturn|p2a: Tyranitar|Protect
|move|p2b: Blaziken|Aura Sphere|p1a: Pelipper
|-resisted|p1a: Pelipper
|-damage|p1a: Pelipper|26/100
|move|p1b: Basculegion|Last Respects|p2b: Blaziken
|-damage|p2b: Blaziken|0 fnt
|faint|p2b: Blaziken
|move|p1a: Pelipper|Weather Ball|p2a: Tyranitar
|-activate|p2a: Tyranitar|move: Protect
|
|-weather|RainDance|[upkeep]
|-damage|p1b: Basculegion|53/100 brn|[from] brn
|upkeep
|
|t:|1756988567
|switch|p2b: Puppet|Sinistcha-Masterpiece, L50|63/100
|-heal|p2a: Tyranitar|56/100|[from] ability: Hospitality|[of] p2b: Puppet
|turn|6
|
|t:|1756988604
|move|p2b: Puppet|Rage Powder|p2b: Puppet
|-singleturn|p2b: Puppet|move: Rage Powder
|move|p1b: Basculegion|Last Respects|p2b: Puppet
|-supereffective|p2b: Puppet
|-damage|p2b: Puppet|0 fnt
|faint|p2b: Puppet
|move|p1a: Pelipper|Weather Ball|p2a: Tyranitar
|-supereffective|p2a: Tyranitar
|-damage|p2a: Tyranitar|0 fnt
|faint|p2a: Tyranitar
|
|win|Hikari.D9
||Hikari.D9 is ready for game 3.
||sandy ghost 5 is ready for game 3.
|uhtml|next|Next: Game 3 of 3
