|j|☆fkk567
|j|☆lettitripppp
|html|fkk567lettitripppp    
|uhtml|bestof|Game 1 of a best-of-3
|t:|1785954864
|gametype|doubles
|player|p1|fkk567|winona-gen6|1173
|player|p2|lettitripppp|lucas|1226
|gen|9
|tier|[Gen 9 Champions] VGC 2026 Reg M-B (Bo3)
|rated|
|rule|Species Clause: Limit one of each Pokémon
|rule|Item Clause: Limit 1 of each item
|clearpoke
|poke|p1|Raichu, L50, M|
|poke|p1|Basculegion-F, L50, F|
|poke|p1|Farigiraf, L50, F|
|poke|p1|Sylveon, L50, M|
|poke|p1|Kingambit, L50, M|
|poke|p1|Kangaskhan, L50, F|
|poke|p2|Charizard, L50, F, shiny|
|poke|p2|Swampert, L50, F|
|poke|p2|Pelipper, L50, F|
|poke|p2|Venusaur, L50, F|
|poke|p2|Archaludon, L50, F|
|poke|p2|Grimmsnarl, L50, M, shiny|
|teampreview|4
|showteam|p1|Raichu||RaichuniteY|LightningRod|ZapCannon,FakeOut,FocusBlast,Protect|Timid||M|||50|]Basculegion-F||LifeOrb|Adaptability|AquaJet,MuddyWater,ShadowBall,Protect|Modest||F|||50|]Farigiraf||SitrusBerry|ArmorTail|Psychic,HelpingHand,Protect,TrickRoom|Calm||F|||50|]Sylveon||FairyFeather|Pixilate|HyperVoice,QuickAttack,HyperBeam,Detect|Quiet||M|||50|]Kingambit||BlackGlasses|Defiant|SuckerPunch,IronHead,KowtowCleave,LowKick|Brave||M|||50|]Kangaskhan||Kangaskhanite|Scrappy|FakeOut,DoubleEdge,RockSlide,HammerArm|Brave||F|||50|
|showteam|p2|Charizard||CharizarditeY|Blaze|WeatherBall,HeatWave,Hurricane,Protect|Modest||F|||50|]Swampert||Swampertite|Damp|WaveCrash,Earthquake,IcePunch,Protect|Adamant||F|||50|]Pelipper||SitrusBerry|Drizzle|WeatherBall,WideGuard,Hurricane,Tailwind|Modest||F|||50|]Venusaur||FocusSash|Chlorophyll|SleepPowder,SludgeBomb,LeafStorm,Protect|Modest||F|||50|]Archaludon||Leftovers|Stamina|FlashCannon,DragonPulse,ElectroShot,Protect|Calm||F|||50|]Grimmsnarl||LightClay|Prankster|PartingShot,LightScreen,SpiritBreak,Reflect|Sassy||M|||50|
|inactive|Battle timer is ON: inactive players will automatically lose when time's up. (requested by lettitripppp)
|inactive|fkk567 has 60 seconds left.
|inactive|lettitripppp has 60 seconds left.
|inactive|lettitripppp has 30 seconds left.
|
|t:|1785954930
|teamsize|p1|4
|teamsize|p2|4
|start
|switch|p1a: Farigiraf|Farigiraf, L50, F|100/100
|switch|p1b: Kangaskhan|Kangaskhan, L50, F|100/100
|switch|p2a: ROID WAVE|Swampert, L50, F|100/100
|switch|p2b: SOFT-SLEEP|Venusaur, L50, F|100/100
|turn|1
|
|t:|1785954950
|detailschange|p2a: ROID WAVE|Swampert-Mega, L50, F
|-mega|p2a: ROID WAVE|Swampert|Swampertite
|detailschange|p1b: Kangaskhan|Kangaskhan-Mega, L50, F
|-mega|p1b: Kangaskhan|Kangaskhan|Kangaskhanite
|move|p1b: Kangaskhan|Fake Out|p2a: ROID WAVE
|-damage|p2a: ROID WAVE|77/100
|-crit|p2a: ROID WAVE
|-damage|p2a: ROID WAVE|69/100
|-hitcount|p2a: ROID WAVE|2
|move|p2b: SOFT-SLEEP|Sleep Powder|p1a: Farigiraf
|-status|p1a: Farigiraf|slp|[from] move: Sleep Powder
|cant|p2a: ROID WAVE|flinch
|cant|p1a: Farigiraf|slp
|
|upkeep
|turn|2
|
|t:|1785954966
|move|p2b: SOFT-SLEEP|Sleep Powder|p1b: Kangaskhan
|-status|p1b: Kangaskhan|slp|[from] move: Sleep Powder
|move|p2a: ROID WAVE|Wave Crash|p1b: Kangaskhan
|-damage|p1b: Kangaskhan|38/100 slp
|-damage|p2a: ROID WAVE|45/100|[from] Recoil
|cant|p1b: Kangaskhan|slp
|-curestatus|p1a: Farigiraf|slp|[msg]
|move|p1a: Farigiraf|Trick Room|p1a: Farigiraf
|-fieldstart|move: Trick Room|[of] p1a: Farigiraf
|
|upkeep
|turn|3
|
|t:|1785954984
|move|p1a: Farigiraf|Psychic|p2b: SOFT-SLEEP
|-supereffective|p2b: SOFT-SLEEP|1
|-damage|p2b: SOFT-SLEEP|19/100
|cant|p1b: Kangaskhan|slp
|move|p2a: ROID WAVE|Wave Crash|p1a: Farigiraf
|-damage|p1a: Farigiraf|31/100
|-enditem|p1a: Farigiraf|Sitrus Berry|[eat]
|-heal|p1a: Farigiraf|56/100|[from] item: Sitrus Berry
|-damage|p2a: ROID WAVE|17/100|[from] Recoil
|move|p2b: SOFT-SLEEP|Sleep Powder|p1a: Farigiraf
|-status|p1a: Farigiraf|slp|[from] move: Sleep Powder
|
|upkeep
|turn|4
|
|t:|1785955002
|cant|p1a: Farigiraf|slp
|-curestatus|p1b: Kangaskhan|slp|[msg]
|move|p1b: Kangaskhan|Double-Edge|p2a: ROID WAVE
|-damage|p2a: ROID WAVE|0 fnt
|faint|p2a: ROID WAVE
|-damage|p1b: Kangaskhan|33/100|[from] Recoil
|move|p2b: SOFT-SLEEP|Leaf Storm|p1a: Farigiraf
|-damage|p1a: Farigiraf|9/100 slp
|-unboost|p2b: SOFT-SLEEP|spa|2
|
|upkeep
|
|t:|1785955009
|switch|p2a: GO JOHAN|Grimmsnarl, L50, M, shiny|100/100
|turn|5
|
|t:|1785955018
|switch|p2b: AGNI|Charizard, L50, F, shiny|100/100
|cant|p1a: Farigiraf|slp
|move|p2a: GO JOHAN|Spirit Break|p1a: Farigiraf
|-damage|p1a: Farigiraf|0 fnt
|faint|p1a: Farigiraf
|move|p1b: Kangaskhan|Double-Edge|p2a: GO JOHAN
|-damage|p2a: GO JOHAN|36/100
|-damage|p2a: GO JOHAN|17/100
|-hitcount|p2a: GO JOHAN|2
|-damage|p1b: Kangaskhan|8/100|[from] Recoil
|
|upkeep
|-message|fkk567 forfeited.
|
|win|lettitripppp
|l|☆fkk567
|player|p1|
