|j|☆intromition
|j|☆Truevillany123
|html|intromitionTruevillany123    
|uhtml|bestof|Game 1 of a best-of-3
|t:|1757742245
|gametype|doubles
|player|p1|intromition|2|1042
|player|p2|Truevillany123|101|1080
|gen|9
|tier|[Gen 9] VGC 2025 Reg H (Bo3)
|rated|
|rule|Species Clause: Limit one of each Pokémon
|rule|Item Clause: Limit 1 of each item
|clearpoke
|poke|p1|Chandelure, L50, F|
|poke|p1|Ursaluna, L50, M|
|poke|p1|Amoonguss, L50, F|
|poke|p1|Gardevoir, L50, F|
|poke|p1|Indeedee-F, L50, F|
|poke|p1|Drifblim, L50, F|
|poke|p2|Dragonite, L50, F|
|poke|p2|Ursaluna-Bloodmoon, L50, M|
|poke|p2|Gholdengo, L50|
|poke|p2|Annihilape, L50, F|
|poke|p2|Ninetales-Alola, L50, M|
|poke|p2|Rillaboom, L50, F|
|teampreview|4
|showteam|p1|Chandelure||Charcoal|FlashFire|HeatWave,ShadowBall,Flamethrower,Protect|||F|||50|,,,,,Ghost]Ursaluna||FlameOrb|Guts|Earthquake,Facade,SwordsDance,Protect|||M|||50|,,,,,Fire]Amoonguss||EjectButton|Regenerator|RagePowder,Spore,PollenPuff,Protect|||F|||50|,,,,,Dark]Gardevoir||LifeOrb|Telepathy|TrickRoom,ExpandingForce,DazzlingGleam,Protect|||F|||50|,,,,,Fairy]Indeedee-F||SafetyGoggles|PsychicSurge|FollowMe,HelpingHand,DazzlingGleam,Protect|||F|||50|,,,,,Fairy]Drifblim||PsychicSeed|Unburden|Tailwind,ShadowBall,AirSlash,Protect|||F|||50|,,,,,Ghost
|showteam|p2|Dragonite||LoadedDice|Multiscale|ScaleShot,Protect,Haze,Tailwind|||F|||50|,,,,,Fairy]Ursaluna-Bloodmoon||LifeOrb|MindsEye|BloodMoon,HyperVoice,EarthPower,Protect|||M|||50|,,,,,Normal]Gholdengo||GrassySeed|GoodasGold|MakeItRain,ShadowBall,Protect,NastyPlot||||||50|,,,,,Water]Annihilape||SafetyGoggles|Defiant|DrainPunch,RageFist,Protect,BulkUp|||F|||50|,,,,,Fire]Ninetales-Alola||FocusSash|SnowWarning|IcyWind,AuroraVeil,Encore,IcicleSpear|||M|||50|,,,,,Ghost]Rillaboom||AssaultVest|GrassySurge|FakeOut,WoodHammer,HighHorsepower,Uturn|||F|||50|,,,,,Fire
|c|☆Truevillany123|GG U WONJ\
|inactive|Battle timer is ON: inactive players will automatically lose when time's up. (requested by intromition)
|
|t:|1757742280
|teamsize|p1|4
|teamsize|p2|4
|start
|switch|p1a: Chandelure|Chandelure, L50, F|100/100
|switch|p1b: Gardevoir|Gardevoir, L50, F|100/100
|switch|p2a: Ninetales|Ninetales-Alola, L50, M|100/100
|switch|p2b: Gholdengo|Gholdengo, L50|100/100
|-weather|Snowscape|[from] ability: Snow Warning|[of] p2a: Ninetales
|turn|1
|inactive|Truevillany123 has 30 seconds left.
|
|t:|1757742308
|switch|p1a: Indeedee|Indeedee-F, L50, F|100/100
|-fieldstart|move: Psychic Terrain|[from] ability: Psychic Surge|[of] p1a: Indeedee
|move|p2a: Ninetales|Aurora Veil|p2a: Ninetales
|-sidestart|p2: Truevillany123|move: Aurora Veil
|move|p2b: Gholdengo|Nasty Plot|p2b: Gholdengo
|-boost|p2b: Gholdengo|spa|2
|move|p1b: Gardevoir|Trick Room|p1b: Gardevoir
|-fieldstart|move: Trick Room|[of] p1b: Gardevoir
|
|-weather|Snowscape|[upkeep]
|upkeep
|turn|2
|inactive|intromition has 30 seconds left.
|
|t:|1757742335
|move|p1a: Indeedee|Helping Hand|p1b: Gardevoir
|-singleturn|p1b: Gardevoir|Helping Hand|[of] p1a: Indeedee
|move|p1b: Gardevoir|Expanding Force|p2a: Ninetales|[spread] p2a,p2b
|-resisted|p2b: Gholdengo
|-enditem|p2a: Ninetales|Focus Sash
|-damage|p2a: Ninetales|1/100
|-damage|p2b: Gholdengo|48/100
|-damage|p1b: Gardevoir|91/100|[from] item: Life Orb
|move|p2b: Gholdengo|Make It Rain|p1b: Gardevoir|[spread] p1a,p1b
|-supereffective|p1b: Gardevoir
|-damage|p1a: Indeedee|0 fnt
|-damage|p1b: Gardevoir|0 fnt
|-unboost|p2b: Gholdengo|spa|1
|faint|p1a: Indeedee
|faint|p1b: Gardevoir
|move|p2a: Ninetales|Encore|p1: Indeedee|[notarget]
|-fail|p2a: Ninetales
|
|-weather|Snowscape|[upkeep]
|upkeep
|
|t:|1757742346
|switch|p1a: Chandelure|Chandelure, L50, F|100/100
|switch|p1b: Ursaluna|Ursaluna, L50, M|100/100
|turn|3
|
|t:|1757742363
|move|p2b: Gholdengo|Protect|p2b: Gholdengo
|-singleturn|p2b: Gholdengo|Protect
|move|p1b: Ursaluna|Facade|p2b: Gholdengo
|-activate|p2b: Gholdengo|move: Protect
|move|p1a: Chandelure|Heat Wave|p2a: Ninetales|[spread] p2a
|-activate|p2b: Gholdengo|move: Protect
|-supereffective|p2a: Ninetales
|-damage|p2a: Ninetales|0 fnt
|faint|p2a: Ninetales
|
|-weather|Snowscape|[upkeep]
|-status|p1b: Ursaluna|brn|[from] item: Flame Orb
|upkeep
|
|t:|1757742375
|switch|p2a: Annihilape|Annihilape, L50, F|100/100
|turn|4
|
|t:|1757742391
|switch|p2b: Ursaluna|Ursaluna-Bloodmoon, L50, M|100/100
|move|p1a: Chandelure|Protect|p1a: Chandelure
|-singleturn|p1a: Chandelure|Protect
|move|p2a: Annihilape|Protect|p2a: Annihilape
|-singleturn|p2a: Annihilape|Protect
|move|p1b: Ursaluna|Earthquake|p2a: Annihilape|[spread] p2b
|-activate|p1a: Chandelure|move: Protect
|-activate|p2a: Annihilape|move: Protect
|-damage|p2b: Ursaluna|65/100
|
|-weather|Snowscape|[upkeep]
|-damage|p1b: Ursaluna|95/100 brn|[from] brn
|upkeep
|turn|5
|
|t:|1757742413
|switch|p2a: Gholdengo|Gholdengo, L50|48/100
|-terastallize|p1a: Chandelure|Ghost
|move|p2b: Ursaluna|Protect|p2b: Ursaluna
|-singleturn|p2b: Ursaluna|Protect
|move|p1b: Ursaluna|Facade|p2b: Ursaluna
|-activate|p2b: Ursaluna|move: Protect
|move|p1a: Chandelure|Shadow Ball|p2a: Gholdengo
|-supereffective|p2a: Gholdengo
|-damage|p2a: Gholdengo|0 fnt
|faint|p2a: Gholdengo
|
|-weather|none
|-damage|p1b: Ursaluna|89/100 brn|[from] brn
|-sideend|p2: Truevillany123|move: Aurora Veil
|-fieldend|move: Trick Room
|-fieldend|move: Psychic Terrain
|upkeep
|
|t:|1757742425
|switch|p2a: Annihilape|Annihilape, L50, F|100/100
|turn|6
|
|t:|1757742444
|-terastallize|p2b: Ursaluna|Normal
|move|p2a: Annihilape|Drain Punch|p1b: Ursaluna
|-supereffective|p1b: Ursaluna
|-damage|p1b: Ursaluna|46/100 brn
|move|p2b: Ursaluna|Blood Moon|p1a: Chandelure
|-damage|p1a: Chandelure|0 fnt
|faint|p1a: Chandelure
|-damage|p2b: Ursaluna|55/100|[from] item: Life Orb
|move|p1b: Ursaluna|Facade|p2b: Ursaluna
|-damage|p2b: Ursaluna|0 fnt
|faint|p2b: Ursaluna
|
|-damage|p1b: Ursaluna|40/100 brn|[from] brn
|upkeep
|turn|7
|
|t:|1757742462
|move|p2a: Annihilape|Bulk Up|p2a: Annihilape
|-boost|p2a: Annihilape|atk|1
|-boost|p2a: Annihilape|def|1
|move|p1b: Ursaluna|Earthquake|p2a: Annihilape
|-damage|p2a: Annihilape|38/100
|
|-damage|p1b: Ursaluna|34/100 brn|[from] brn
|upkeep
|turn|8
|
|t:|1757742469
|move|p2a: Annihilape|Drain Punch|p1b: Ursaluna
|-supereffective|p1b: Ursaluna
|-damage|p1b: Ursaluna|0 fnt
|-heal|p2a: Annihilape|57/100|[from] drain|[of] p1b: Ursaluna
|faint|p1b: Ursaluna
|
|win|Truevillany123
||intromition is ready for game 2.
||Truevillany123 is ready for game 2.
|uhtml|next|Next: Game 2 of 3
