|j|☆Sizzle2466
|j|☆ArielsHusband
|html|Sizzle2466ArielsHusband    
|uhtml|bestof|Game 1 of a best-of-3
|t:|1757787722
|gametype|doubles
|player|p1|Sizzle2466|2|1062
|player|p2|ArielsHusband|2|1139
|gen|9
|tier|[Gen 9] VGC 2025 Reg H (Bo3)
|rated|
|rule|Species Clause: Limit one of each Pokémon
|rule|Item Clause: Limit 1 of each item
|clearpoke
|poke|p1|Galvantula, L50, F|
|poke|p1|Incineroar, L50, M|
|poke|p1|Amoonguss, L50, F|
|poke|p1|Gholdengo, L50|
|poke|p1|Palafin, L50, F|
|poke|p1|Flamigo, L50, F|
|poke|p2|Hatterene, L50, F|
|poke|p2|Ursaluna, L50, F|
|poke|p2|Torkoal, L50, M|
|poke|p2|Indeedee-F, L50, F|
|poke|p2|Armarouge, L50, M|
|poke|p2|Lilligant-Hisui, L50, F|
|teampreview|4
|showteam|p1|Galvantula||AssaultVest|CompoundEyes|Electroweb,BugBuzz,Thunderbolt,VoltSwitch|||F|||50|,,,,,Electric]Incineroar||SafetyGoggles|Intimidate|FakeOut,FlareBlitz,KnockOff,PartingShot|||M|||50|,,,,,Ghost]Amoonguss||CovertCloak|Regenerator|Spore,RagePowder,SludgeBomb,PollenPuff|||F|||50|,,,,,Ghost]Gholdengo||SitrusBerry|GoodasGold|NastyPlot,MakeItRain,ShadowBall,Protect||||||50|,,,,,Water]Palafin||MysticWater|ZerotoHero|JetPunch,WaveCrash,Protect,FlipTurn|||F|||50|,,,,,Water]Flamigo||LifeOrb|Scrappy|BraveBird,CloseCombat,Detect,Tailwind|||F|||50|,,,,,Stellar
|showteam|p2|Hatterene||LifeOrb|MagicBounce|TrickRoom,DazzlingGleam,ExpandingForce,Protect|||F|||50|,,,,,Psychic]Ursaluna||FlameOrb|Guts|Facade,Protect,HeadlongRush,HighHorsepower|||F|||50|,,,,,Ghost]Torkoal||Charcoal|Drought|Eruption,Protect,HelpingHand,Overheat|||M|||50|,,,,,Grass]Indeedee-F||PsychicSeed|PsychicSurge|FollowMe,DazzlingGleam,HelpingHand,TrickRoom|||F|||50|,,,,,Fairy]Armarouge||PowerHerb|FlashFire|ExpandingForce,ArmorCannon,TrickRoom,MeteorBeam|||M|||50|,,,,,Grass]Lilligant-Hisui||FocusSash|Chlorophyll|CloseCombat,AfterYou,SleepPowder,SolarBlade|||F|||50|,,,,,Ghost
|
|t:|1757787742
|teamsize|p1|4
|teamsize|p2|4
|start
|switch|p1a: Gholdengo|Gholdengo, L50|100/100
|switch|p1b: Flamigo|Flamigo, L50, F|100/100
|switch|p2a: Indeedee|Indeedee-F, L50, F|100/100
|switch|p2b: Armarouge|Armarouge, L50, M|100/100
|-fieldstart|move: Psychic Terrain|[from] ability: Psychic Surge|[of] p2a: Indeedee
|-enditem|p2a: Indeedee|Psychic Seed
|-boost|p2a: Indeedee|spd|1|[from] item: Psychic Seed
|turn|1
|
|t:|1757787758
|move|p2a: Indeedee|Follow Me|p2a: Indeedee
|-singleturn|p2a: Indeedee|move: Follow Me
|move|p1b: Flamigo|Brave Bird|p2a: Indeedee
|-damage|p2a: Indeedee|8/100
|-damage|p1b: Flamigo|70/100|[from] Recoil
|-damage|p1b: Flamigo|60/100|[from] item: Life Orb
|move|p1a: Gholdengo|Nasty Plot|p1a: Gholdengo
|-boost|p1a: Gholdengo|spa|2
|move|p2b: Armarouge|Trick Room|p2b: Armarouge
|-fieldstart|move: Trick Room|[of] p2b: Armarouge
|
|upkeep
|turn|2
|
|t:|1757787776
|switch|p1b: Incineroar|Incineroar, L50, M|100/100
|-ability|p1b: Incineroar|Intimidate|boost
|-unboost|p2a: Indeedee|atk|1
|-unboost|p2b: Armarouge|atk|1
|-terastallize|p1a: Gholdengo|Water
|move|p2a: Indeedee|Helping Hand|p2b: Armarouge
|-singleturn|p2b: Armarouge|Helping Hand|[of] p2a: Indeedee
|move|p2b: Armarouge|Expanding Force|p1a: Gholdengo|[spread] p1a
|-immune|p1b: Incineroar
|-damage|p1a: Gholdengo|14/100
|-enditem|p1a: Gholdengo|Sitrus Berry|[eat]
|-heal|p1a: Gholdengo|39/100|[from] item: Sitrus Berry
|move|p1a: Gholdengo|Make It Rain|p2a: Indeedee|[spread] p2a,p2b
|-resisted|p2b: Armarouge
|-damage|p2a: Indeedee|0 fnt
|-damage|p2b: Armarouge|49/100
|-unboost|p1a: Gholdengo|spa|1
|faint|p2a: Indeedee
|
|upkeep
|
|t:|1757787790
|switch|p2a: Hatterene|Hatterene, L50, F, shiny|100/100
|turn|3
|
|t:|1757787805
|move|p2a: Hatterene|Expanding Force|p1a: Gholdengo|[spread] p1a
|-immune|p1b: Incineroar
|-damage|p1a: Gholdengo|0 fnt
|faint|p1a: Gholdengo
|-damage|p2a: Hatterene|91/100|[from] item: Life Orb
|move|p2b: Armarouge|Meteor Beam||[still]
|-prepare|p2b: Armarouge|Meteor Beam
|-boost|p2b: Armarouge|spa|1
|-enditem|p2b: Armarouge|Power Herb
|-anim|p2b: Armarouge|Meteor Beam|p1b: Incineroar|[miss]
|-miss|p2b: Armarouge|p1b: Incineroar
|move|p1b: Incineroar|Flare Blitz|p2a: Hatterene
|-damage|p2a: Hatterene|36/100
|-damage|p1b: Incineroar|86/100|[from] Recoil
|
|upkeep
|
|t:|1757787819
|switch|p1a: Amoonguss|Amoonguss, L50, F|100/100
|turn|4
|
|t:|1757787843
|-terastallize|p2b: Armarouge|Grass
|move|p2a: Hatterene|Expanding Force|p1a: Amoonguss|[spread] p1a
|-immune|p1b: Incineroar
|-supereffective|p1a: Amoonguss
|-damage|p1a: Amoonguss|0 fnt
|faint|p1a: Amoonguss
|-damage|p2a: Hatterene|26/100|[from] item: Life Orb
|move|p2b: Armarouge|Meteor Beam||[still]
|-prepare|p2b: Armarouge|Meteor Beam
|-boost|p2b: Armarouge|spa|1
|move|p1b: Incineroar|Knock Off|p2b: Armarouge
|-crit|p2b: Armarouge
|-damage|p2b: Armarouge|13/100
|
|upkeep
|
|t:|1757787855
|switch|p1a: Flamigo|Flamigo, L50, F|60/100
|turn|5
|
|t:|1757787870
|move|p1a: Flamigo|Detect|p1a: Flamigo
|-singleturn|p1a: Flamigo|Protect
|move|p2a: Hatterene|Dazzling Gleam|p1b: Incineroar|[spread] p1b
|-activate|p1a: Flamigo|move: Protect
|-damage|p1b: Incineroar|39/100
|-damage|p2a: Hatterene|16/100|[from] item: Life Orb
|move|p2b: Armarouge|Meteor Beam|p1b: Incineroar|[from] lockedmove
|-supereffective|p1b: Incineroar
|-damage|p1b: Incineroar|0 fnt
|faint|p1b: Incineroar
|
|-fieldend|move: Trick Room
|-fieldend|move: Psychic Terrain
|upkeep
|turn|6
|
|t:|1757787901
|move|p1a: Flamigo|Brave Bird|p2b: Armarouge
|-supereffective|p2b: Armarouge
|-damage|p2b: Armarouge|0 fnt
|faint|p2b: Armarouge
|-damage|p1a: Flamigo|56/100|[from] Recoil
|-damage|p1a: Flamigo|46/100|[from] item: Life Orb
|move|p2a: Hatterene|Trick Room|p2a: Hatterene
|-fieldstart|move: Trick Room|[of] p2a: Hatterene
|
|upkeep
|-message|Sizzle2466 forfeited.
|
|win|ArielsHusband
||Sizzle2466 is ready for game 2.
|inactive|ArielsHusband has 30 seconds to confirm battle start!
||ArielsHusband is ready for game 2.
|uhtml|next|Next: Game 2 of 3
|l|☆ArielsHusband
|player|p2|
