|j|☆JC0410
|j|☆pat_con5
|html|JC0410pat_con5    
|uhtml|bestof|Game 3 of a best-of-3
|t:|1785637123
|gametype|doubles
|player|p1|JC0410|volkner|
|player|p2|pat_con5|crasherwake|
|gen|9
|tier|[Gen 9 Champions] VGC 2026 Reg M-B (Bo3)
|rule|Species Clause: Limit one of each Pokémon
|rule|Item Clause: Limit 1 of each item
|clearpoke
|poke|p1|Metagross, L50, shiny|
|poke|p1|Incineroar, L50, M|
|poke|p1|Garchomp, L50, F|
|poke|p1|Rotom-Wash, L50|
|poke|p1|Venusaur, L50, M|
|poke|p1|Sylveon, L50, M|
|poke|p2|Swampert, L50, F|
|poke|p2|Pelipper, L50, M|
|poke|p2|Hydreigon, L50, F|
|poke|p2|Glimmora, L50, M|
|poke|p2|Sinistcha, L50|
|poke|p2|Metagross, L50|
|teampreview|4
|showteam|p1|Metagross||Metagrossite|ClearBody|IronHead,IcePunch,PsychicFangs,Protect|Jolly|||||50|]Incineroar||SitrusBerry|Intimidate|FlareBlitz,DarkestLariat,PartingShot,FakeOut|Impish||M|||50|]Garchomp||LifeOrb|RoughSkin|DragonClaw,Earthquake,RockSlide,Protect|Jolly||F|||50|]Rotom-Wash||Leftovers|Levitate|HydroPump,Electroweb,WillOWisp,LightScreen|Bold|||||50|]Venusaur||Venusaurite|Chlorophyll|SludgeBomb,EnergyBall,EarthPower,Protect|Modest||M|||50|]Sylveon||FairyFeather|Pixilate|HyperVoice,HyperBeam,QuickAttack,Protect|Quiet||M|||50|
|showteam|p2|Swampert||Swampertite|Torrent|Protect,WaveCrash,Earthquake,IcePunch|Adamant||F|||50|]Pelipper||SitrusBerry|Drizzle|Protect,WeatherBall,Hurricane,Tailwind|Modest||M|||50|]Hydreigon||ChoiceScarf|Levitate|DracoMeteor,DarkPulse,EarthPower,Uturn|Modest||F|||50|]Glimmora||FocusSash|ToxicDebris|SpikyShield,SludgeBomb,PowerGem,EarthPower|Timid||M|||50|]Sinistcha||OccaBerry|Hospitality|Protect,MatchaGotcha,RagePowder|Bold|||||50|]Metagross||Metagrossite|ClearBody|Protect,MeteorMash,PsychicFangs,BulletPunch|Adamant|||||50|
|
|t:|1785637181
|teamsize|p1|4
|teamsize|p2|4
|start
|switch|p1a: Incineroar|Incineroar, L50, M|100/100
|switch|p1b: Garchomp|Garchomp, L50, F|100/100
|switch|p2a: Hydreigon|Hydreigon, L50, F|100/100
|switch|p2b: Glimmora|Glimmora, L50, M|100/100
|-ability|p1a: Incineroar|Intimidate|boost
|-unboost|p2a: Hydreigon|atk|1
|-unboost|p2b: Glimmora|atk|1
|turn|1
|
|t:|1785637213
|switch|p2a: Metagross|Metagross, L50|100/100
|move|p1a: Incineroar|Fake Out|p2a: Metagross
|-resisted|p2a: Metagross|1
|-damage|p2a: Metagross|96/100
|move|p1b: Garchomp|Dragon Claw|p2a: Metagross
|-resisted|p2a: Metagross|1
|-damage|p2a: Metagross|75/100
|-damage|p1b: Garchomp|90/100|[from] item: Life Orb
|move|p2b: Glimmora|Power Gem|p1a: Incineroar
|-supereffective|p1a: Incineroar|1
|-damage|p1a: Incineroar|23/100
|-enditem|p1a: Incineroar|Sitrus Berry|[eat]
|-heal|p1a: Incineroar|47/100|[from] item: Sitrus Berry
|
|upkeep
|turn|2
|
|t:|1785637233
|switch|p2a: Hydreigon|Hydreigon, L50, F|100/100
|switch|p1a: Rotom|Rotom-Wash, L50|100/100
|move|p1b: Garchomp|Earthquake|p2b: Glimmora|[spread] p2b
|-immune|p1a: Rotom|[from] ability: Levitate
|-immune|p2a: Hydreigon|[from] ability: Levitate
|-supereffective|p2b: Glimmora|2
|-enditem|p2b: Glimmora|Focus Sash
|-damage|p2b: Glimmora|1/100
|-activate|p2b: Glimmora|ability: Toxic Debris
|-sidestart|p1: JC0410|move: Toxic Spikes
|-damage|p1b: Garchomp|80/100|[from] item: Life Orb
|move|p2b: Glimmora|Power Gem|p1a: Rotom
|-damage|p1a: Rotom|52/100
|
|-heal|p1a: Rotom|58/100|[from] item: Leftovers
|upkeep
|turn|3
|
|t:|1785637262
|move|p2a: Hydreigon|Draco Meteor|p1b: Garchomp
|-supereffective|p1b: Garchomp|1
|-damage|p1b: Garchomp|0 fnt
|-unboost|p2a: Hydreigon|spa|2
|faint|p1b: Garchomp
|move|p2b: Glimmora|Sludge Bomb|p1a: Rotom
|-damage|p1a: Rotom|4/100
|-status|p1a: Rotom|psn
|move|p1a: Rotom|Electroweb|p2b: Glimmora|[spread] p2b
|-miss|p1a: Rotom|p2a: Hydreigon
|-damage|p2b: Glimmora|0 fnt
|faint|p2b: Glimmora
|
|-heal|p1a: Rotom|10/100 psn|[from] item: Leftovers
|-damage|p1a: Rotom|0 fnt|[from] psn
|faint|p1a: Rotom
|upkeep
|
|t:|1785637280
|switch|p1b: Incineroar|Incineroar, L50, M|47/100
|switch|p2b: Metagross|Metagross, L50|75/100
|switch|p1a: Venusaur|Venusaur, L50, M|100/100
|-sideend|p1: JC0410|move: Toxic Spikes|[of] p1a: Venusaur
|-ability|p1b: Incineroar|Intimidate|boost
|-unboost|p2a: Hydreigon|atk|1
|-fail|p2b: Metagross|unboost|[from] ability: Clear Body|[of] p2b: Metagross
|turn|4
|
|t:|1785637325
|switch|p2a: Pelipper|Pelipper, L50, M|100/100
|-weather|RainDance|[from] ability: Drizzle|[of] p2a: Pelipper
|detailschange|p1a: Venusaur|Venusaur-Mega, L50, M
|-mega|p1a: Venusaur|Venusaur|Venusaurite
|move|p2b: Metagross|Protect|p2b: Metagross
|-singleturn|p2b: Metagross|Protect
|move|p1a: Venusaur|Earth Power|p2b: Metagross
|-activate|p2b: Metagross|move: Protect
|move|p1b: Incineroar|Darkest Lariat|p2a: Pelipper
|-damage|p2a: Pelipper|62/100
|
|-weather|RainDance|[upkeep]
|upkeep
|turn|5
|
|t:|1785637355
|detailschange|p2b: Metagross|Metagross-Mega, L50
|-mega|p2b: Metagross|Metagross|Metagrossite
|move|p2b: Metagross|Psychic Fangs|p1a: Venusaur
|-supereffective|p1a: Venusaur|1
|-damage|p1a: Venusaur|0 fnt
|faint|p1a: Venusaur
|move|p2a: Pelipper|Weather Ball|p1b: Incineroar
|-supereffective|p1b: Incineroar|1
|-damage|p1b: Incineroar|0 fnt
|faint|p1b: Incineroar
|
|win|pat_con5
|l|☆JC0410
|player|p1|
|c|☆pat_con5|ggs
