|j|☆Jet Stream Cyber
|j|☆hahadontcare
|html|Jet Stream Cyberhahadontcare    
|uhtml|bestof|Game 3 of a best-of-3
|t:|1783245137
|gametype|doubles
|player|p1|Jet Stream Cyber|red|1031
|player|p2|hahadontcare|unknown|1083
|gen|9
|tier|[Gen 9 Champions] VGC 2026 Reg M-B (Bo3)
|rated|
|rule|Species Clause: Limit one of each Pokémon
|rule|Item Clause: Limit 1 of each item
|clearpoke
|poke|p1|Gengar, L50, F|
|poke|p1|Pelipper, L50, M|
|poke|p1|Whimsicott, L50, F|
|poke|p1|Farigiraf, L50, M|
|poke|p1|Gholdengo, L50|
|poke|p1|Mawile, L50, M|
|poke|p2|Sinistcha, L50|
|poke|p2|Rotom-Wash, L50|
|poke|p2|Garchomp, L50, M|
|poke|p2|Incineroar, L50, F|
|poke|p2|Zoroark-Hisui, L50, M|
|poke|p2|Lucario, L50, M|
|teampreview|4
|showteam|p1|Gengar||Gengarite|CursedBody|Protect,SludgeBomb,ShadowBall,Disable|Timid||F|||50|]Pelipper||MysticWater|Drizzle|Protect,WeatherBall,Tailwind,Hurricane|Timid||M|||50|]Whimsicott||FocusSash|Prankster|Protect,Tailwind,Encore,Moonblast|Timid||F|||50|]Farigiraf||SitrusBerry|ArmorTail|Protect,TrickRoom,Imprison,DazzlingGleam|Modest||M|||50|]Gholdengo||MetalCoat|GoodasGold|Protect,MakeItRain,ShadowBall,NastyPlot|Timid|||||50|]Mawile||Mawilite|Intimidate|Protect,PlayRough,SuckerPunch,IronHead|Brave||M|||50|
|showteam|p2|Sinistcha||Leftovers|Hospitality|MatchaGotcha,RagePowder,StrengthSap,Protect|Sassy|||||50|]Rotom-Wash||SitrusBerry|Levitate|HydroPump,Thunderbolt,WillOWisp,Protect|Modest|||||50|]Garchomp||YacheBerry|RoughSkin|Earthquake,DragonClaw,RockSlide,Protect|Jolly||M|||50|]Incineroar||Charcoal|Intimidate|FlareBlitz,FakeOut,DarkestLariat,SunnyDay|Careful||F|||50|]Zoroark-Hisui||FocusSash|Illusion|Extrasensory,FocusBlast,Poltergeist,FakeTears|Serious||M|||50|]Lucario||Lucarionite|InnerFocus|NastyPlot,AuraSphere,FlashCannon,Protect|Timid||M|||50|
|inactive|Battle timer is ON: inactive players will automatically lose when time's up. (requested by Jet Stream Cyber)
|
|t:|1783245241
|teamsize|p1|4
|teamsize|p2|4
|start
|switch|p1a: Gengar|Gengar, L50, F|100/100
|switch|p1b: Whimsicott|Whimsicott, L50, F|100/100
|switch|p2a: Incineroar|Incineroar, L50, F|100/100
|switch|p2b: Poopario|Lucario, L50, M|100/100
|-ability|p2a: Incineroar|Intimidate|boost
|-unboost|p1a: Gengar|atk|1
|-unboost|p1b: Whimsicott|atk|1
|turn|1
|
|t:|1783245265
|switch|p1b: Pelipper|Pelipper, L50, M|100/100
|-weather|RainDance|[from] ability: Drizzle|[of] p1b: Pelipper
|detailschange|p1a: Gengar|Gengar-Mega, L50, F
|-mega|p1a: Gengar|Gengar|Gengarite
|move|p1a: Gengar|Protect|p1a: Gengar
|-singleturn|p1a: Gengar|Protect
|move|p2b: Poopario|Flash Cannon|p1b: Pelipper
|-resisted|p1b: Pelipper|1
|-damage|p1b: Pelipper|64/100
|move|p2a: Incineroar|Sunny Day|p2a: Incineroar
|-weather|SunnyDay
|
|-weather|SunnyDay|[upkeep]
|upkeep
|turn|2
|c|☆hahadontcare|W
|inactive|Jet Stream Cyber has 30 seconds left.
|inactive|hahadontcare has 30 seconds left.
|inactive|Jet Stream Cyber has 20 seconds left.
|inactive|hahadontcare has 20 seconds left.
|inactive|hahadontcare has 15 seconds left.
|inactive|hahadontcare has 10 seconds left.
|
|t:|1783245312
|detailschange|p2b: Poopario|Lucario-Mega, L50, M
|-mega|p2b: Poopario|Lucario|Lucarionite
|move|p1a: Gengar|Sludge Bomb|p2a: Incineroar
|-damage|p2a: Incineroar|53/100
|-status|p2a: Incineroar|psn
|move|p2b: Poopario|Flash Cannon|p1b: Pelipper
|-resisted|p1b: Pelipper|1
|-damage|p1b: Pelipper|10/100
|move|p1b: Pelipper|Hurricane|p2a: Incineroar|[miss]
|-miss|p1b: Pelipper|p2a: Incineroar
|move|p2a: Incineroar|Darkest Lariat|p1a: Gengar
|-supereffective|p1a: Gengar|1
|-damage|p1a: Gengar|0 fnt
|faint|p1a: Gengar
|
|-weather|SunnyDay|[upkeep]
|-damage|p2a: Incineroar|41/100 psn|[from] psn
|upkeep
|
|t:|1783245326
|switch|p1a: Whimsicott|Whimsicott, L50, F|100/100
|turn|3
|inactive|hahadontcare has 30 seconds left.
|
|t:|1783245354
|move|p1a: Whimsicott|Tailwind|p1a: Whimsicott
|-sidestart|p1: Jet Stream Cyber|move: Tailwind
|move|p1b: Pelipper|Weather Ball|p2b: Poopario
|-supereffective|p2b: Poopario|1
|-damage|p2b: Poopario|0 fnt
|faint|p2b: Poopario
|move|p2a: Incineroar|Darkest Lariat|p1b: Pelipper
|-damage|p1b: Pelipper|0 fnt
|faint|p1b: Pelipper
|
|-weather|SunnyDay|[upkeep]
|-damage|p2a: Incineroar|28/100 psn|[from] psn
|upkeep
|
|t:|1783245365
|switch|p2b: Garchomp|Garchomp, L50, M|100/100
|switch|p1b: Gholdengo|Gholdengo, L50|100/100
|turn|4
|c|☆Jet Stream Cyber|Well played
|
|t:|1783245384
|move|p1a: Whimsicott|Moonblast|p2b: Garchomp
|-supereffective|p2b: Garchomp|1
|-damage|p2b: Garchomp|17/100
|move|p1b: Gholdengo|Nasty Plot|p1b: Gholdengo
|-boost|p1b: Gholdengo|spa|2
|move|p2b: Garchomp|Rock Slide|p1b: Gholdengo|[spread] 
|-miss|p2b: Garchomp|p1a: Whimsicott
|-miss|p2b: Garchomp|p1b: Gholdengo
|move|p2a: Incineroar|Flare Blitz|p1b: Gholdengo
|-supereffective|p1b: Gholdengo|1
|-damage|p1b: Gholdengo|0 fnt
|faint|p1b: Gholdengo
|-damage|p2a: Incineroar|1/100 psn|[from] Recoil
|
|-weather|SunnyDay|[upkeep]
|-damage|p2a: Incineroar|0 fnt|[from] psn
|faint|p2a: Incineroar
|upkeep
|
|t:|1783245401
|switch|p2a: Rotom|Rotom-Wash, L50|100/100
|turn|5
|
|t:|1783245421
|move|p1a: Whimsicott|Moonblast|p2b: Garchomp
|-supereffective|p2b: Garchomp|1
|-damage|p2b: Garchomp|0 fnt
|faint|p2b: Garchomp
|move|p2a: Rotom|Hydro Pump|p1a: Whimsicott
|-resisted|p1a: Whimsicott|1
|-damage|p1a: Whimsicott|78/100
|
|-weather|none
|upkeep
|turn|6
|
|t:|1783245435
|move|p1a: Whimsicott|Moonblast|p2a: Rotom
|-damage|p2a: Rotom|59/100
|move|p2a: Rotom|Will-O-Wisp|p1a: Whimsicott
|-status|p1a: Whimsicott|brn
|
|-damage|p1a: Whimsicott|72/100 brn|[from] brn
|-sideend|p1: Jet Stream Cyber|move: Tailwind
|upkeep
|turn|7
|
|t:|1783245450
|move|p1a: Whimsicott|Encore|p2a: Rotom
|-start|p2a: Rotom|Encore
|move|p2a: Rotom|Will-O-Wisp|p1a: Whimsicott|[miss]
|-miss|p2a: Rotom|p1a: Whimsicott
|
|-damage|p1a: Whimsicott|67/100 brn|[from] brn
|upkeep
|turn|8
|
|t:|1783245458
|move|p1a: Whimsicott|Moonblast|p2a: Rotom
|-damage|p2a: Rotom|21/100
|-enditem|p2a: Rotom|Sitrus Berry|[eat]
|-heal|p2a: Rotom|46/100|[from] item: Sitrus Berry
|move|p2a: Rotom|Will-O-Wisp|p1a: Whimsicott
|-fail|p1a: Whimsicott|brn
|
|-damage|p1a: Whimsicott|61/100 brn|[from] brn
|upkeep
|turn|9
|
|t:|1783245470
|move|p1a: Whimsicott|Moonblast|p2a: Rotom
|-damage|p2a: Rotom|7/100
|-unboost|p2a: Rotom|spa|1
|move|p2a: Rotom|Will-O-Wisp|p1a: Whimsicott
|-fail|p1a: Whimsicott|brn
|
|-damage|p1a: Whimsicott|55/100 brn|[from] brn
|-end|p2a: Rotom|Encore
|upkeep
|turn|10
|
|t:|1783245484
|move|p1a: Whimsicott|Moonblast|p2a: Rotom
|-damage|p2a: Rotom|0 fnt
|faint|p2a: Rotom
|
|win|Jet Stream Cyber
|raw|Jet Stream Cyber's rating: 1031 → 1072(+41 for winning)
|raw|hahadontcare's rating: 1083 → 1057(-26 for losing)
|c|☆Jet Stream Cyber|GG
|c|☆hahadontcare|gg
|l|☆Jet Stream Cyber
|player|p1|
