|j|☆x-demon18
|j|☆Cucaro macaro
|html|x-demon18Cucaro macaro    
|uhtml|bestof|Game 3 of a best-of-3
|t:|1784604035
|gametype|doubles
|player|p1|x-demon18|lucas|1102
|player|p2|Cucaro macaro|giovanni|1105
|gen|9
|tier|[Gen 9 Champions] VGC 2026 Reg M-B (Bo3)
|rated|
|rule|Species Clause: Limit one of each Pokémon
|rule|Item Clause: Limit 1 of each item
|clearpoke
|poke|p1|Incineroar, L50, M|
|poke|p1|Rotom-Wash, L50|
|poke|p1|Venusaur, L50, M|
|poke|p1|Corviknight, L50, F|
|poke|p1|Sylveon, L50, F|
|poke|p1|Garchomp, L50, M|
|poke|p2|Alakazam, L50, M|
|poke|p2|Corviknight, L50, F|
|poke|p2|Meowscarada, L50, M, shiny|
|poke|p2|Sneasler, L50, M, shiny|
|poke|p2|Arcanine-Hisui, L50, M|
|poke|p2|Primarina, L50, M, shiny|
|teampreview|4
|showteam|p1|Incineroar||ExpertBelt|Intimidate|FakeOut,TemperFlare,ThroatChop,PartingShot|Adamant||M|||50|]Rotom-Wash||RindoBerry|Levitate|HydroPump,Electroweb,WillOWisp,VoltSwitch|Modest|||||50|]Venusaur||Venusaurite|Chlorophyll|GigaDrain,SludgeBomb,EarthPower,Protect|Modest||M|||50|]Corviknight||OccaBerry|MirrorArmor|Tailwind,DualWingbeat,IronHead,BodyPress|Adamant||F|||50|]Sylveon||FairyFeather|Pixilate|HyperVoice,QuickAttack,Yawn,Detect|Modest||F|||50|]Garchomp||LifeOrb|RoughSkin|RockSlide,DragonClaw,StompingTantrum,Protect|Jolly||M|||50|
|showteam|p2|Alakazam||Alakazite|InnerFocus|Psychic,NastyPlot,DazzlingGleam,Protect|Timid||M|||50|]Corviknight||Leftovers|Pressure|Tailwind,Protect,BraveBird,BodyPress|Impish||F|||50|]Meowscarada||FocusSash|Overgrow|Protect,FlowerTrick,KnockOff,SuckerPunch|Jolly||M|||50|]Sneasler||WhiteHerb|Unburden|Protect,FakeOut,DireClaw,CloseCombat|Adamant||M|||50|]Arcanine-Hisui||ChopleBerry|Intimidate|ExtremeSpeed,FlareBlitz,RockSlide,Protect|Jolly||M|||50|]Primarina||BrightPowder|LiquidVoice|HyperVoice,Moonblast,Protect,Amnesia|Calm||M|||50|
|inactive|Battle timer is ON: inactive players will automatically lose when time's up. (requested by Cucaro macaro)
|
|t:|1784604069
|teamsize|p1|4
|teamsize|p2|4
|start
|switch|p1a: Berserk|Garchomp, L50, M|100/100
|switch|p1b: Wolverine|Incineroar, L50, M|100/100
|switch|p2a: Sneasler|Sneasler, L50, M, shiny|100/100
|switch|p2b: Primarina|Primarina, L50, M, shiny|100/100
|-ability|p1b: Wolverine|Intimidate|boost
|-unboost|p2a: Sneasler|atk|1
|-unboost|p2b: Primarina|atk|1
|-enditem|p2a: Sneasler|White Herb
|-clearnegativeboost|p2a: Sneasler|[silent]
|turn|1
|
|t:|1784604093
|move|p2a: Sneasler|Protect|p2a: Sneasler
|-singleturn|p2a: Sneasler|Protect
|move|p1a: Berserk|Protect|p1a: Berserk
|-singleturn|p1a: Berserk|Protect
|move|p1b: Wolverine|Parting Shot|p2b: Primarina
|-unboost|p2b: Primarina|atk|1
|-unboost|p2b: Primarina|spa|1
|
|t:|1784604101
|switch|p1b: HydroVolt|Rotom-Wash, L50|100/100|[from] Parting Shot
|move|p2b: Primarina|Moonblast|p1a: Berserk
|-activate|p1a: Berserk|move: Protect
|
|upkeep
|turn|2
|
|t:|1784604125
|switch|p1a: Frieren|Sylveon, L50, F|100/100
|move|p2a: Sneasler|Close Combat|p1a: Frieren
|-resisted|p1a: Frieren|1
|-damage|p1a: Frieren|69/100
|-unboost|p2a: Sneasler|def|1
|-unboost|p2a: Sneasler|spd|1
|move|p1b: HydroVolt|Electroweb|p2b: Primarina|[spread] p2a,p2b
|-supereffective|p2b: Primarina|1
|-damage|p2a: Sneasler|63/100
|-damage|p2b: Primarina|76/100
|-unboost|p2a: Sneasler|spe|1
|-unboost|p2b: Primarina|spe|1
|move|p2b: Primarina|Moonblast|p1a: Frieren
|-damage|p1a: Frieren|46/100
|
|upkeep
|turn|3
|inactive|x-demon18 has 30 seconds left.
|inactive|Cucaro macaro has 30 seconds left.
|
|t:|1784604158
|switch|p1a: Wolverine|Incineroar, L50, M|100/100
|-ability|p1a: Wolverine|Intimidate|boost
|-unboost|p2a: Sneasler|atk|1
|-unboost|p2b: Primarina|atk|1
|move|p2a: Sneasler|Close Combat|p1b: HydroVolt
|-damage|p1b: HydroVolt|52/100
|-unboost|p2a: Sneasler|def|1
|-unboost|p2a: Sneasler|spd|1
|move|p1b: HydroVolt|Electroweb|p2b: Primarina|[spread] p2a,p2b
|-supereffective|p2b: Primarina|1
|-damage|p2a: Sneasler|10/100
|-damage|p2b: Primarina|56/100
|-unboost|p2a: Sneasler|spe|1
|-unboost|p2b: Primarina|spe|1
|move|p2b: Primarina|Moonblast|p1b: HydroVolt
|-damage|p1b: HydroVolt|26/100
|
|upkeep
|turn|4
|
|t:|1784604179
|switch|p2a: Arcanine|Arcanine-Hisui, L50, M|100/100
|-ability|p2a: Arcanine|Intimidate|boost
|-unboost|p1a: Wolverine|atk|1
|-unboost|p1b: HydroVolt|atk|1
|move|p2b: Primarina|Protect|p2b: Primarina
|-singleturn|p2b: Primarina|Protect
|move|p1a: Wolverine|Fake Out|p2a: Arcanine
|-resisted|p2a: Arcanine|1
|-damage|p2a: Arcanine|94/100
|move|p1b: HydroVolt|Volt Switch|p2b: Primarina
|-activate|p2b: Primarina|move: Protect
|
|upkeep
|turn|5
|
|t:|1784604196
|switch|p1a: Berserk|Garchomp, L50, M|100/100
|move|p2a: Arcanine|Rock Slide|p1a: Berserk|[spread] p1a,p1b
|-resisted|p1a: Berserk|1
|-crit|p1a: Berserk
|-damage|p1a: Berserk|80/100
|-damage|p1b: HydroVolt|0 fnt
|faint|p1b: HydroVolt
|move|p2b: Primarina|Hyper Voice|p1a: Berserk
|-damage|p1a: Berserk|51/100
|
|upkeep
|
|t:|1784604208
|switch|p1b: Wolverine|Incineroar, L50, M|100/100
|-ability|p1b: Wolverine|Intimidate|boost
|-unboost|p2a: Arcanine|atk|1
|-unboost|p2b: Primarina|atk|1
|turn|6
|
|t:|1784604221
|switch|p2a: Corviknight|Corviknight, L50, F|100/100
|-ability|p2a: Corviknight|Pressure
|move|p2b: Primarina|Protect|p2b: Primarina
|-singleturn|p2b: Primarina|Protect
|move|p1a: Berserk|Stomping Tantrum|p2a: Corviknight
|-immune|p2a: Corviknight
|move|p1b: Wolverine|Parting Shot|p2b: Primarina
|-activate|p2b: Primarina|move: Protect
|
|upkeep
|turn|7
|inactive|x-demon18 has 30 seconds left.
|
|t:|1784604248
|move|p1a: Berserk|Rock Slide|p2a: Corviknight|[spread] p2a,p2b
|-damage|p2a: Corviknight|85/100
|-damage|p2b: Primarina|25/100
|-damage|p1a: Berserk|42/100|[from] item: Life Orb
|move|p2a: Corviknight|Brave Bird|p1a: Berserk
|-damage|p1a: Berserk|4/100
|-damage|p2a: Corviknight|73/100|[from] ability: Rough Skin|[of] p1a: Berserk
|-damage|p2a: Corviknight|61/100|[from] Recoil
|move|p1b: Wolverine|Temper Flare|p2a: Corviknight
|-supereffective|p2a: Corviknight|1
|-damage|p2a: Corviknight|11/100
|move|p2b: Primarina|Moonblast|p1a: Berserk
|-supereffective|p1a: Berserk|1
|-damage|p1a: Berserk|0 fnt
|faint|p1a: Berserk
|
|-heal|p2a: Corviknight|17/100|[from] item: Leftovers
|upkeep
|
|t:|1784604268
|switch|p1a: Frieren|Sylveon, L50, F|46/100
|turn|8
|
|t:|1784604276
|move|p2a: Corviknight|Tailwind|p2a: Corviknight
|-sidestart|p2: Cucaro macaro|move: Tailwind
|move|p1a: Frieren|Hyper Voice|p2a: Corviknight|[spread] p2a,p2b
|-resisted|p2a: Corviknight|1
|-damage|p2a: Corviknight|0 fnt
|-damage|p2b: Primarina|0 fnt
|faint|p2a: Corviknight
|faint|p2b: Primarina
|move|p1b: Wolverine|Throat Chop|p2: Corviknight|[notarget]
|-fail|p1b: Wolverine
|
|upkeep
|
|t:|1784604287
|switch|p2a: Arcanine|Arcanine-Hisui, L50, M|94/100
|switch|p2b: Sneasler|Sneasler, L50, M, shiny|10/100
|-ability|p2a: Arcanine|Intimidate|boost
|-unboost|p1a: Frieren|atk|1
|-unboost|p1b: Wolverine|atk|1
|turn|9
|
|t:|1784604300
|move|p1a: Frieren|Quick Attack|p2b: Sneasler
|-damage|p2b: Sneasler|0 fnt
|faint|p2b: Sneasler
|move|p2a: Arcanine|Flare Blitz|p1a: Frieren
|-damage|p1a: Frieren|0 fnt
|faint|p1a: Frieren
|-damage|p2a: Arcanine|77/100|[from] Recoil
|move|p1b: Wolverine|Throat Chop|p2a: Arcanine
|-damage|p2a: Arcanine|41/100
|-start|p2a: Arcanine|Throat Chop|[silent]
|
|upkeep
|turn|10
|
|t:|1784604315
|move|p2a: Arcanine|Rock Slide|p1b: Wolverine
|-supereffective|p1b: Wolverine|1
|-damage|p1b: Wolverine|24/100
|move|p1b: Wolverine|Throat Chop|p2a: Arcanine
|-damage|p2a: Arcanine|11/100
|
|-end|p2a: Arcanine|Throat Chop|[silent]
|upkeep
|turn|11
|
|t:|1784604328
|move|p2a: Arcanine|Rock Slide|p1b: Wolverine
|-supereffective|p1b: Wolverine|1
|-damage|p1b: Wolverine|0 fnt
|faint|p1b: Wolverine
|
|win|Cucaro macaro
|raw|x-demon18's rating: 1102 → 1077(-25 for losing)
|raw|Cucaro macaro's rating: 1105 → 1130(+25 for winning)
