|j|☆Gamerbmac89
|j|☆jsbdjsjsbs
|html|Gamerbmac89jsbdjsjsbs    
|uhtml|bestof|Game 2 of a best-of-3
|t:|1783467887
|gametype|doubles
|player|p1|Gamerbmac89|red|1080
|player|p2|jsbdjsjsbs|169|1044
|gen|9
|tier|[Gen 9 Champions] VGC 2026 Reg M-B (Bo3)
|rated|
|rule|Species Clause: Limit one of each Pokémon
|rule|Item Clause: Limit 1 of each item
|clearpoke
|poke|p1|Mamoswine, L50, F|
|poke|p1|Charizard, L50, M|
|poke|p1|Whimsicott, L50, M|
|poke|p1|Annihilape, L50, F|
|poke|p1|Farigiraf, L50, F|
|poke|p1|Floette-Eternal, L50, F|
|poke|p2|Grimmsnarl, L50, M, shiny|
|poke|p2|Floette-Eternal, L50, F|
|poke|p2|Sinistcha, L50|
|poke|p2|Basculegion, L50, M|
|poke|p2|Aerodactyl, L50, F|
|poke|p2|Sneasler, L50, F|
|teampreview|4
|showteam|p1|Mamoswine||LifeOrb|Oblivious|IceShard,HighHorsepower,IcicleCrash,Protect|Adamant||F|||50|]Charizard||CharizarditeY|Blaze|HeatWave,WeatherBall,SolarBeam,Protect|Timid||M|||50|]Whimsicott||FocusSash|Prankster|Moonblast,Tailwind,Encore,BeatUp|Timid||M|||50|]Annihilape||Leftovers|Defiant|RageFist,DrainPunch,BulkUp,Protect|Adamant||F|||50|]Farigiraf||SitrusBerry|ArmorTail|Psychic,Thunderbolt,HelpingHand,TrickRoom|Bold||F|||50|]Floette-Eternal||Floettite|FlowerVeil|Moonblast,CalmMind,DrainingKiss,Protect|Modest||F|||50|
|showteam|p2|Grimmsnarl||LightClay|Prankster|PartingShot,FoulPlay,Reflect,FakeOut|Jolly||M|||50|]Floette-Eternal||Floettite|FlowerVeil|Moonblast,CalmMind,DazzlingGleam,Protect|Timid||F|||50|]Sinistcha||SitrusBerry|Hospitality|FoulPlay,MatchaGotcha,RagePowder,StrengthSap|Calm|||||50|]Basculegion||ChoiceScarf|Adaptability|FlipTurn,LastRespects,AquaJet,WaveCrash|Jolly||M|||50|]Aerodactyl||Aerodactylite|Unnerve|DualWingbeat,Tailwind,RockSlide,IceFang|Adamant||F|||50|]Sneasler||WhiteHerb|PoisonTouch|DireClaw,FakeOut,CloseCombat,Acrobatics|Jolly||F|||50|
|
|t:|1783467910
|teamsize|p1|4
|teamsize|p2|4
|start
|switch|p1a: Whimsicott|Whimsicott, L50, M|100/100
|switch|p1b: Mamoswine|Mamoswine, L50, F|100/100
|switch|p2a: Floette|Floette-Eternal, L50, F|100/100
|switch|p2b: Grimmsnarl|Grimmsnarl, L50, M, shiny|100/100
|turn|1
|
|t:|1783467939
|detailschange|p2a: Floette|Floette-Mega, L50, F
|-mega|p2a: Floette|Floette|Floettite
|-ability|p2a: Floette|Fairy Aura
|move|p2a: Floette|Protect|p2a: Floette
|-singleturn|p2a: Floette|Protect
|move|p1a: Whimsicott|Tailwind|p1a: Whimsicott
|-sidestart|p1: Gamerbmac89|move: Tailwind
|move|p2b: Grimmsnarl|Reflect|p2b: Grimmsnarl
|-sidestart|p2: jsbdjsjsbs|Reflect
|move|p1b: Mamoswine|Icicle Crash|p2a: Floette
|-activate|p2a: Floette|move: Protect
|
|upkeep
|turn|2
|
|t:|1783467961
|move|p1a: Whimsicott|Encore|p2a: Floette
|-start|p2a: Floette|Encore
|move|p2a: Floette|Protect|p2a: Floette
|-singleturn|p2a: Floette|Protect
|move|p2b: Grimmsnarl|Parting Shot|p1b: Mamoswine
|-unboost|p1b: Mamoswine|atk|1
|-unboost|p1b: Mamoswine|spa|1
|
|t:|1783467971
|switch|p2b: Sinistcha|Sinistcha, L50|100/100|[from] Parting Shot
|move|p1b: Mamoswine|Icicle Crash|p2b: Sinistcha|[miss]
|-miss|p1b: Mamoswine|p2b: Sinistcha
|
|upkeep
|turn|3
|
|t:|1783467984
|switch|p2a: Grimmsnarl|Grimmsnarl, L50, M, shiny|100/100
|move|p1a: Whimsicott|Moonblast|p2b: Sinistcha
|-damage|p2b: Sinistcha|64/100
|move|p1b: Mamoswine|Icicle Crash|p2b: Sinistcha
|-supereffective|p2b: Sinistcha|1
|-damage|p2b: Sinistcha|15/100
|-enditem|p2b: Sinistcha|Sitrus Berry|[eat]
|-heal|p2b: Sinistcha|40/100|[from] item: Sitrus Berry
|-damage|p1b: Mamoswine|90/100|[from] item: Life Orb
|cant|p2b: Sinistcha|flinch
|
|upkeep
|turn|4
|
|t:|1783468005
|switch|p1b: Annihilape|Annihilape, L50, F|100/100
|move|p2a: Grimmsnarl|Fake Out|p1a: Whimsicott
|-damage|p1a: Whimsicott|83/100
|cant|p1a: Whimsicott|flinch
|move|p2b: Sinistcha|Strength Sap|p1b: Annihilape
|-unboost|p1b: Annihilape|atk|1
|-ability|p1b: Annihilape|Defiant|boost
|-boost|p1b: Annihilape|atk|2
|-heal|p2b: Sinistcha|100/100
|
|-sideend|p1: Gamerbmac89|move: Tailwind
|upkeep
|turn|5
|
|t:|1783468043
|move|p1a: Whimsicott|Tailwind|p1a: Whimsicott
|-sidestart|p1: Gamerbmac89|move: Tailwind
|move|p1b: Annihilape|Rage Fist|p2b: Sinistcha
|-supereffective|p2b: Sinistcha|1
|-damage|p2b: Sinistcha|48/100
|move|p2b: Sinistcha|Foul Play|p1b: Annihilape
|-damage|p1b: Annihilape|53/100
|move|p2a: Grimmsnarl|Foul Play|p1b: Annihilape
|-damage|p1b: Annihilape|0 fnt
|faint|p1b: Annihilape
|
|upkeep
|
|t:|1783468055
|switch|p1b: Mamoswine|Mamoswine, L50, F|90/100
|turn|6
|
|t:|1783468070
|move|p1b: Mamoswine|Protect|p1b: Mamoswine
|-singleturn|p1b: Mamoswine|Protect
|move|p2a: Grimmsnarl|Parting Shot|p1b: Mamoswine
|-activate|p1b: Mamoswine|move: Protect
|move|p1a: Whimsicott|Moonblast|p2a: Grimmsnarl
|-supereffective|p2a: Grimmsnarl|1
|-damage|p2a: Grimmsnarl|26/100
|move|p2b: Sinistcha|Strength Sap|p1b: Mamoswine
|-activate|p1b: Mamoswine|move: Protect
|
|upkeep
|turn|7
|
|t:|1783468089
|switch|p1b: Charizard|Charizard, L50, M|100/100
|move|p2a: Grimmsnarl|Parting Shot|p1b: Charizard
|-unboost|p1b: Charizard|atk|1
|-unboost|p1b: Charizard|spa|1
|
|t:|1783468095
|switch|p2a: Floette|Floette-Mega, L50, F|100/100|[from] Parting Shot
|-ability|p2a: Floette|Fairy Aura
|move|p1a: Whimsicott|Moonblast|p2a: Floette
|-damage|p2a: Floette|63/100
|move|p2b: Sinistcha|Strength Sap|p1b: Charizard
|-unboost|p1b: Charizard|atk|1
|-heal|p2b: Sinistcha|90/100
|
|upkeep
|turn|8
|
|t:|1783468121
|move|p1b: Charizard|Protect|p1b: Charizard
|-singleturn|p1b: Charizard|Protect
|move|p1a: Whimsicott|Moonblast|p2b: Sinistcha
|-damage|p2b: Sinistcha|45/100
|move|p2a: Floette|Moonblast|p1b: Charizard
|-activate|p1b: Charizard|move: Protect
|move|p2b: Sinistcha|Matcha Gotcha|p1b: Charizard|[spread] p1a
|-activate|p1b: Charizard|move: Protect
|-resisted|p1a: Whimsicott|1
|-damage|p1a: Whimsicott|64/100
|-heal|p2b: Sinistcha|54/100|[from] drain|[of] p1a: Whimsicott
|
|-sideend|p2: jsbdjsjsbs|Reflect
|-sideend|p1: Gamerbmac89|move: Tailwind
|upkeep
|turn|9
|
|t:|1783468141
|detailschange|p1b: Charizard|Charizard-Mega-Y, L50, M
|-mega|p1b: Charizard|Charizard|Charizardite Y
|-weather|SunnyDay|[from] ability: Drought|[of] p1b: Charizard
|move|p1a: Whimsicott|Tailwind|p1a: Whimsicott
|-sidestart|p1: Gamerbmac89|move: Tailwind
|move|p1b: Charizard|Weather Ball|p2a: Floette
|-damage|p2a: Floette|15/100
|move|p2a: Floette|Moonblast|p1b: Charizard
|-resisted|p1b: Charizard|1
|-damage|p1b: Charizard|64/100
|move|p2b: Sinistcha|Foul Play|p1b: Charizard
|-damage|p1b: Charizard|49/100
|
|-weather|SunnyDay|[upkeep]
|upkeep
|turn|10
|
|t:|1783468163
|move|p2a: Floette|Protect|p2a: Floette
|-singleturn|p2a: Floette|Protect
|move|p1a: Whimsicott|Moonblast|p2a: Floette
|-activate|p2a: Floette|move: Protect
|move|p1b: Charizard|Weather Ball|p2b: Sinistcha
|-supereffective|p2b: Sinistcha|1
|-damage|p2b: Sinistcha|0 fnt
|faint|p2b: Sinistcha
|
|-weather|SunnyDay|[upkeep]
|upkeep
|
|t:|1783468174
|switch|p2b: Grimmsnarl|Grimmsnarl, L50, M, shiny|26/100
|turn|11
|
|t:|1783468193
|switch|p1b: Mamoswine|Mamoswine, L50, F|90/100
|move|p2b: Grimmsnarl|Fake Out|p1b: Mamoswine
|-damage|p1b: Mamoswine|79/100
|move|p1a: Whimsicott|Encore|p2a: Floette
|-start|p2a: Floette|Encore
|move|p2a: Floette|Protect||[still]
|-fail|p2a: Floette
|
|-weather|SunnyDay|[upkeep]
|upkeep
|turn|12
|
|t:|1783468215
|move|p2a: Floette|Protect|p2a: Floette
|-singleturn|p2a: Floette|Protect
|move|p2b: Grimmsnarl|Reflect|p2b: Grimmsnarl
|-sidestart|p2: jsbdjsjsbs|Reflect
|move|p1a: Whimsicott|Moonblast|p2b: Grimmsnarl
|-supereffective|p2b: Grimmsnarl|1
|-damage|p2b: Grimmsnarl|0 fnt
|faint|p2b: Grimmsnarl
|move|p1b: Mamoswine|High Horsepower|p2a: Floette
|-activate|p2a: Floette|move: Protect
|
|-weather|SunnyDay|[upkeep]
|-sideend|p1: Gamerbmac89|move: Tailwind
|upkeep
|
|t:|1783468228
|switch|p2b: Basculegion|Basculegion, L50, M|100/100
|turn|13
|
|t:|1783468235
|move|p2a: Floette|Protect|p2a: Floette
|-singleturn|p2a: Floette|Protect
|move|p1a: Whimsicott|Tailwind|p1a: Whimsicott
|-sidestart|p1: Gamerbmac89|move: Tailwind
|move|p1b: Mamoswine|High Horsepower|p2b: Basculegion
|-damage|p2b: Basculegion|38/100
|-damage|p1b: Mamoswine|70/100|[from] item: Life Orb
|move|p2b: Basculegion|Last Respects|p1b: Mamoswine
|-damage|p1b: Mamoswine|0 fnt
|faint|p1b: Mamoswine
|
|-weather|none
|-end|p2a: Floette|Encore
|upkeep
|
|t:|1783468242
|switch|p1b: Charizard|Charizard-Mega-Y, L50, M|49/100
|-weather|SunnyDay|[from] ability: Drought|[of] p1b: Charizard
|turn|14
|
|t:|1783468259
|move|p1a: Whimsicott|Encore|p2a: Floette
|-start|p2a: Floette|Encore
|move|p2a: Floette|Protect||[still]
|-fail|p2a: Floette
|move|p1b: Charizard|Solar Beam||[still]
|-prepare|p1b: Charizard|Solar Beam
|-anim|p1b: Charizard|Solar Beam|p2b: Basculegion
|-supereffective|p2b: Basculegion|1
|-crit|p2b: Basculegion
|-damage|p2b: Basculegion|0 fnt
|faint|p2b: Basculegion
|
|-weather|SunnyDay|[upkeep]
|upkeep
|turn|15
|
|t:|1783468272
|move|p2a: Floette|Protect|p2a: Floette
|-singleturn|p2a: Floette|Protect
|move|p1a: Whimsicott|Moonblast|p2a: Floette
|-activate|p2a: Floette|move: Protect
|move|p1b: Charizard|Weather Ball|p2a: Floette
|-activate|p2a: Floette|move: Protect
|
|-weather|SunnyDay|[upkeep]
|-end|p2a: Floette|Encore
|upkeep
|turn|16
|
|t:|1783468286
|move|p1a: Whimsicott|Moonblast|p2a: Floette
|-damage|p2a: Floette|0 fnt
|faint|p2a: Floette
|
|win|Gamerbmac89
||Gamerbmac89 is ready for game 3.
|inactive|jsbdjsjsbs has 30 seconds to confirm battle start!
|l|☆jsbdjsjsbs
|player|p2|
|inactive|jsbdjsjsbs has 20 seconds to confirm battle start!
|inactive|jsbdjsjsbs has 10 seconds to confirm battle start!
|uhtml|next|Next: Game 3 of 3
