|j|☆leomartinfa
|j|☆SelvesterTheYAK
|html|leomartinfaSelvesterTheYAK    
|uhtml|bestof|Game 2 of a best-of-3
|t:|1756924489
|gametype|doubles
|player|p1|leomartinfa|1|1031
|player|p2|SelvesterTheYAK|101|1097
|gen|9
|tier|[Gen 9] VGC 2025 Reg H (Bo3)
|rated|
|rule|Species Clause: Limit one of each Pokémon
|rule|Item Clause: Limit 1 of each item
|clearpoke
|poke|p1|Gholdengo, L50|
|poke|p1|Dragonite, L50, F|
|poke|p1|Ursaluna-Bloodmoon, L50, M|
|poke|p1|Sneasler, L50, M|
|poke|p1|Incineroar, L50, M|
|poke|p1|Amoonguss, L50, M|
|poke|p2|Tyranitar, L50, F|
|poke|p2|Garchomp, L50, F|
|poke|p2|Gholdengo, L50|
|poke|p2|Talonflame, L50, F|
|poke|p2|Amoonguss, L50, M|
|poke|p2|Milotic, L50, M|
|teampreview|4
|showteam|p1|Gholdengo||LifeOrb|GoodasGold|MakeItRain,ShadowBall,NastyPlot,Protect||||||50|,,,,,Steel]Dragonite||LoadedDice|Multiscale|ScaleShot,Tailwind,Haze,Protect|||F|||50|,,,,,Fairy]Ursaluna-Bloodmoon||AssaultVest|MindsEye|BloodMoon,HyperBeam,EarthPower,VacuumWave|||M|||50|,,,,,Normal]Sneasler||FocusSash|Unburden|DireClaw,CloseCombat,ThroatChop,Protect|||M|||50|,,,,,Dark]Incineroar||SafetyGoggles|Intimidate|KnockOff,FlareBlitz,PartingShot,FakeOut|||M|||50|,,,,,Ghost]Amoonguss||SitrusBerry|Regenerator|Spore,RagePowder,PollenPuff,Protect|||M|||50|,,,,,Water
|showteam|p2|Tyranitar||AssaultVest|SandStream|RockSlide,TeraBlast,KnockOff,LowKick|||F|||50|,,,,,Flying]Garchomp||LifeOrb|SandVeil|Protect,DragonClaw,StompingTantrum,Earthquake|||F|||50|,,,,,Steel]Gholdengo||MetalCoat|GoodasGold|MakeItRain,ShadowBall,Protect,NastyPlot||||||50|,,,,,Flying]Talonflame||CovertCloak|GaleWings|BraveBird,Tailwind,WillOWisp,Taunt|||F|||50|,,,,,Ghost]Amoonguss||SitrusBerry|Regenerator|Protect,Spore,RagePowder,PollenPuff|||M|||50|,,,,,Water]Milotic||SafetyGoggles|Competitive|Haze,Protect,IcyWind,Scald|||M|||50|,,,,,Dragon
|inactive|Battle timer is ON: inactive players will automatically lose when time's up. (requested by leomartinfa)
|
|t:|1756924513
|teamsize|p1|4
|teamsize|p2|4
|start
|switch|p1a: Dragonite|Dragonite, L50, F|100/100
|switch|p1b: Amoonguss|Amoonguss, L50, M|100/100
|switch|p2a: Talonflame|Talonflame, L50, F|100/100
|switch|p2b: Garchomp|Garchomp, L50, F|100/100
|turn|1
|
|t:|1756924535
|move|p2a: Talonflame|Taunt|p1b: Amoonguss
|-start|p1b: Amoonguss|move: Taunt
|move|p2b: Garchomp|Dragon Claw|p1a: Dragonite
|-supereffective|p1a: Dragonite
|-damage|p1a: Dragonite|41/100
|-damage|p2b: Garchomp|91/100|[from] item: Life Orb
|move|p1a: Dragonite|Scale Shot|p2b: Garchomp
|-supereffective|p2b: Garchomp
|-damage|p2b: Garchomp|58/100
|-supereffective|p2b: Garchomp
|-crit|p2b: Garchomp
|-damage|p2b: Garchomp|9/100
|-supereffective|p2b: Garchomp
|-damage|p2b: Garchomp|0 fnt
|faint|p2b: Garchomp
|-hitcount|p2: Garchomp|3
|-unboost|p1a: Dragonite|def|1
|-boost|p1a: Dragonite|spe|1
|cant|p1b: Amoonguss|move: Taunt|Spore
|
|upkeep
|
|t:|1756924560
|switch|p2b: Tyranitar|Tyranitar, L50, F|100/100
|-weather|Sandstorm|[from] ability: Sand Stream|[of] p2b: Tyranitar
|turn|2
|inactive|leomartinfa has 30 seconds left.
|inactive|leomartinfa has 20 seconds left.
|inactive|leomartinfa has 15 seconds left.
|
|t:|1756924602
|move|p2a: Talonflame|Tailwind|p2a: Talonflame
|-sidestart|p2: SelvesterTheYAK|move: Tailwind
|move|p1a: Dragonite|Scale Shot|p2b: Tyranitar
|-damage|p2b: Tyranitar|88/100
|-damage|p2b: Tyranitar|75/100
|-damage|p2b: Tyranitar|61/100
|-damage|p2b: Tyranitar|47/100
|-hitcount|p2b: Tyranitar|4
|-unboost|p1a: Dragonite|def|1
|-boost|p1a: Dragonite|spe|1
|move|p2b: Tyranitar|Rock Slide|p1b: Amoonguss|[spread] p1a,p1b
|-supereffective|p1a: Dragonite
|-damage|p1a: Dragonite|0 fnt
|-damage|p1b: Amoonguss|73/100
|faint|p1a: Dragonite
|cant|p1b: Amoonguss|flinch
|
|-weather|Sandstorm|[upkeep]
|-damage|p2a: Talonflame|95/100|[from] Sandstorm
|-damage|p1b: Amoonguss|67/100|[from] Sandstorm
|upkeep
|
|t:|1756924616
|switch|p1a: Sneasler|Sneasler, L50, M|100/100
|turn|3
|inactive|leomartinfa has 30 seconds left.
|inactive|leomartinfa has 20 seconds left.
|inactive|leomartinfa has 15 seconds left.
|
|t:|1756924660
|switch|p1b: Ursaluna|Ursaluna-Bloodmoon, L50, M|100/100
|-terastallize|p2b: Tyranitar|Flying
|move|p2a: Talonflame|Brave Bird|p1b: Ursaluna
|-damage|p1b: Ursaluna|74/100
|-damage|p2a: Talonflame|85/100|[from] Recoil
|move|p2b: Tyranitar|Tera Blast|p1a: Sneasler|[anim] Tera Blast Flying
|-supereffective|p1a: Sneasler
|-enditem|p1a: Sneasler|Focus Sash
|-damage|p1a: Sneasler|1/100
|move|p1a: Sneasler|Close Combat|p2b: Tyranitar
|-resisted|p2b: Tyranitar
|-damage|p2b: Tyranitar|21/100
|-unboost|p1a: Sneasler|def|1
|-unboost|p1a: Sneasler|spd|1
|
|-weather|Sandstorm|[upkeep]
|-damage|p2a: Talonflame|79/100|[from] Sandstorm
|-damage|p1a: Sneasler|0 fnt|[from] Sandstorm
|-damage|p2b: Tyranitar|16/100|[from] Sandstorm
|faint|p1a: Sneasler
|upkeep
|
|t:|1756924674
|switch|p1a: Amoonguss|Amoonguss, L50, M|99/100
|turn|4
|inactive|leomartinfa has 30 seconds left.
|inactive|leomartinfa has 20 seconds left.
|inactive|leomartinfa has 15 seconds left.
|inactive|leomartinfa has 10 seconds left.
|
|t:|1756924720
|-terastallize|p1a: Amoonguss|Water
|move|p2a: Talonflame|Taunt|p1a: Amoonguss
|-start|p1a: Amoonguss|move: Taunt
|move|p2b: Tyranitar|Knock Off|p1a: Amoonguss
|-damage|p1a: Amoonguss|54/100
|-enditem|p1a: Amoonguss|Sitrus Berry|[from] move: Knock Off|[of] p2b: Tyranitar
|move|p1b: Ursaluna|Blood Moon|p2a: Talonflame
|-damage|p2a: Talonflame|0 fnt
|faint|p2a: Talonflame
|move|p1a: Amoonguss|Pollen Puff|p1b: Ursaluna
|-heal|p1b: Ursaluna|100/100
|
|-weather|Sandstorm|[upkeep]
|-damage|p2b: Tyranitar|10/100|[from] Sandstorm
|-damage|p1a: Amoonguss|48/100|[from] Sandstorm
|upkeep
|
|t:|1756924739
|switch|p2a: Gholdengo|Gholdengo, L50|100/100
|turn|5
|
|t:|1756924762
|move|p2a: Gholdengo|Make It Rain|p1a: Amoonguss|[spread] p1a,p1b
|-resisted|p1a: Amoonguss
|-damage|p1a: Amoonguss|21/100
|-damage|p1b: Ursaluna|47/100
|-unboost|p2a: Gholdengo|spa|1
|move|p2b: Tyranitar|Low Kick|p1b: Ursaluna
|-supereffective|p1b: Ursaluna
|-crit|p1b: Ursaluna
|-damage|p1b: Ursaluna|0 fnt
|faint|p1b: Ursaluna
|move|p1a: Amoonguss|Pollen Puff|p1: Ursaluna|[notarget]
|-fail|p1a: Amoonguss
|
|-weather|Sandstorm|[upkeep]
|-damage|p2b: Tyranitar|4/100|[from] Sandstorm
|-damage|p1a: Amoonguss|15/100|[from] Sandstorm
|-sideend|p2: SelvesterTheYAK|move: Tailwind
|upkeep
|turn|6
|
|t:|1756924778
|move|p2a: Gholdengo|Shadow Ball|p1a: Amoonguss
|-damage|p1a: Amoonguss|0 fnt
|faint|p1a: Amoonguss
|
|win|SelvesterTheYAK
||SelvesterTheYAK is ready for game 3.
|inactive|leomartinfa has 30 seconds to confirm battle start!
|inactive|leomartinfa has 20 seconds to confirm battle start!
||leomartinfa is ready for game 3.
|uhtml|next|Next: Game 3 of 3
|l|☆leomartinfa
|player|p1|
