|j|☆randomguy1114s
|j|☆sbhaga34
|html|randomguy1114ssbhaga34    
|uhtml|bestof|Game 1 of a best-of-3
|t:|1756857267
|gametype|doubles
|player|p1|randomguy1114s|lillie-masters|1198
|player|p2|sbhaga34|hugh|1109
|gen|9
|tier|[Gen 9] VGC 2025 Reg H (Bo3)
|rated|
|rule|Species Clause: Limit one of each Pokémon
|rule|Item Clause: Limit 1 of each item
|clearpoke
|poke|p1|Garchomp, L50, M|
|poke|p1|Kingambit, L50, F|
|poke|p1|Sneasler, L50, F|
|poke|p1|Talonflame, L50, M|
|poke|p1|Primarina, L50, M|
|poke|p1|Sinistcha, L50|
|poke|p2|Indeedee-F, L50, F|
|poke|p2|Hydreigon, L50, F|
|poke|p2|Tyranitar, L50, M|
|poke|p2|Excadrill, L50, M|
|poke|p2|Gardevoir, L50, F|
|poke|p2|Incineroar, L50, F|
|teampreview|4
|showteam|p1|Garchomp||LifeOrb|RoughSkin|Earthquake,DragonClaw,StompingTantrum,Protect|||M|||50|,,,,,Steel]Kingambit||SafetyGoggles|Defiant|SuckerPunch,SwordsDance,KowtowCleave,Protect|||F|||50|,,,,,Dark]Sneasler||FocusSash|Unburden|CloseCombat,DireClaw,FakeOut,Protect|||F|||50|,,,,,Stellar]Talonflame||ClearAmulet|GaleWings|DualWingbeat,Tailwind,Uturn,Protect|||M|||50|,,,,,Ghost]Primarina||ThroatSpray|LiquidVoice|Haze,HyperVoice,Moonblast,Protect|||M|||50|,,,,,Poison]Sinistcha||MentalHerb|Hospitality|RagePowder,TrickRoom,MatchaGotcha,Protect||||||50|,,,,,Water
|showteam|p2|Indeedee-F||SafetyGoggles|PsychicSurge|FollowMe,TrickRoom,Imprison,Psychic|||F|||50|,,,,,Fairy]Hydreigon||CovertCloak|Levitate|DracoMeteor,HeatWave,Tailwind,Taunt|||F|||50|,,,,,Fire]Tyranitar||WeaknessPolicy|SandStream|RockSlide,KnockOff,LowKick,Protect|||M|||50|,,,,,Flying]Excadrill||FocusSash|SandRush|Earthquake,IronHead,SwordsDance,Protect|||M|||50|,,,,,Ground]Gardevoir||ChoiceScarf|Telepathy|ExpandingForce,DazzlingGleam,Moonblast,IcyWind|||F|||50|,,,,,Psychic]Incineroar||RockyHelmet|Intimidate|FakeOut,FlareBlitz,WillOWisp,PartingShot|||F|||50|,,,,,Grass
|
|t:|1756857300
|teamsize|p1|4
|teamsize|p2|4
|start
|switch|p1a: Kingambit|Kingambit, L50, F, shiny|100/100
|switch|p1b: Sinistcha|Sinistcha, L50, shiny|100/100
|switch|p2a: Hydreigon|Hydreigon, L50, F|100/100
|switch|p2b: Tyranitar|Tyranitar, L50, M|100/100
|-weather|Sandstorm|[from] ability: Sand Stream|[of] p2b: Tyranitar
|turn|1
|
|t:|1756857323
|-terastallize|p1b: Sinistcha|Water
|move|p2a: Hydreigon|Draco Meteor|p1b: Sinistcha
|-damage|p1b: Sinistcha|33/100
|-unboost|p2a: Hydreigon|spa|2
|move|p2b: Tyranitar|Knock Off|p1b: Sinistcha
|-damage|p1b: Sinistcha|0 fnt
|-enditem|p1b: Sinistcha|Mental Herb|[from] move: Knock Off|[of] p2b: Tyranitar
|faint|p1b: Sinistcha
|move|p1a: Kingambit|Swords Dance|p1a: Kingambit
|-boost|p1a: Kingambit|atk|2
|
|-weather|Sandstorm|[upkeep]
|-damage|p2a: Hydreigon|95/100|[from] Sandstorm
|upkeep
|
|t:|1756857339
|switch|p1b: Sneasler|Sneasler, L50, F, shiny|100/100
|turn|2
|
|t:|1756857349
|-terastallize|p2a: Hydreigon|Fire
|move|p2b: Tyranitar|Protect|p2b: Tyranitar
|-singleturn|p2b: Tyranitar|Protect
|move|p1b: Sneasler|Close Combat|p2a: Hydreigon
|-damage|p2a: Hydreigon|29/100
|-unboost|p1b: Sneasler|def|1
|-unboost|p1b: Sneasler|spd|1
|move|p2a: Hydreigon|Tailwind|p2a: Hydreigon
|-sidestart|p2: sbhaga34|move: Tailwind
|move|p1a: Kingambit|Swords Dance|p1a: Kingambit
|-boost|p1a: Kingambit|atk|2
|
|-weather|Sandstorm|[upkeep]
|-damage|p2a: Hydreigon|23/100|[from] Sandstorm
|-damage|p1b: Sneasler|95/100|[from] Sandstorm
|upkeep
|turn|3
|
|t:|1756857367
|move|p1a: Kingambit|Sucker Punch|p2a: Hydreigon
|-damage|p2a: Hydreigon|0 fnt
|faint|p2a: Hydreigon
|move|p2b: Tyranitar|Low Kick|p1a: Kingambit
|-supereffective|p1a: Kingambit
|-damage|p1a: Kingambit|0 fnt
|faint|p1a: Kingambit
|move|p1b: Sneasler|Close Combat|p2b: Tyranitar
|-supereffective|p2b: Tyranitar
|-damage|p2b: Tyranitar|0 fnt
|-unboost|p1b: Sneasler|def|1
|-unboost|p1b: Sneasler|spd|1
|faint|p2b: Tyranitar
|
|-weather|Sandstorm|[upkeep]
|-damage|p1b: Sneasler|89/100|[from] Sandstorm
|upkeep
|
|t:|1756857380
|switch|p2a: Excadrill|Excadrill, L50, M, shiny|100/100
|switch|p2b: Gardevoir|Gardevoir, L50, F, shiny|100/100
|switch|p1a: Primarina|Primarina, L50, M, shiny|100/100
|turn|4
|
|t:|1756857404
|move|p1b: Sneasler|Protect|p1b: Sneasler
|-singleturn|p1b: Sneasler|Protect
|move|p2a: Excadrill|Earthquake|p1a: Primarina|[spread] p1a
|-activate|p1b: Sneasler|move: Protect
|-activate|p2b: Gardevoir|ability: Telepathy
|-damage|p1a: Primarina|49/100
|move|p2b: Gardevoir|Moonblast|p1a: Primarina
|-damage|p1a: Primarina|5/100
|-unboost|p1a: Primarina|spa|1
|move|p1a: Primarina|Hyper Voice|p2a: Excadrill|[spread] p2a,p2b
|-supereffective|p2a: Excadrill
|-damage|p2a: Excadrill|42/100
|-damage|p2b: Gardevoir|77/100
|-enditem|p1a: Primarina|Throat Spray
|-boost|p1a: Primarina|spa|1|[from] item: Throat Spray
|
|-weather|Sandstorm|[upkeep]
|-damage|p2b: Gardevoir|72/100|[from] Sandstorm
|-damage|p1b: Sneasler|83/100|[from] Sandstorm
|-damage|p1a: Primarina|0 fnt|[from] Sandstorm
|faint|p1a: Primarina
|upkeep
|turn|5
|
|t:|1756857425
|move|p1b: Sneasler|Protect||[still]
|-fail|p1b: Sneasler
|move|p2a: Excadrill|Earthquake|p1b: Sneasler|[spread] p1b
|-activate|p2b: Gardevoir|ability: Telepathy
|-supereffective|p1b: Sneasler
|-damage|p1b: Sneasler|0 fnt
|faint|p1b: Sneasler
|
|win|sbhaga34
||sbhaga34 is ready for game 2.
