|j|☆colemarcusvgc
|j|☆UwU Gang Gang
|html|colemarcusvgcUwU Gang Gang    
|uhtml|bestof|Game 1 of a best-of-3
|t:|1756832156
|gametype|doubles
|player|p1|colemarcusvgc|n|1102
|player|p2|UwU Gang Gang|waitress|1168
|gen|9
|tier|[Gen 9] VGC 2025 Reg H (Bo3)
|rated|
|rule|Species Clause: Limit one of each Pokémon
|rule|Item Clause: Limit 1 of each item
|clearpoke
|poke|p1|Indeedee-F, L50, F|
|poke|p1|Hatterene, L50, F|
|poke|p1|Gallade, L50, M|
|poke|p1|Ursaluna, L50, M|
|poke|p1|Lilligant-Hisui, L50, F|
|poke|p1|Torkoal, L50, M|
|poke|p2|Dragonite, L50, M|
|poke|p2|Kingambit, L50, M|
|poke|p2|Ninetales-Alola, L50, M|
|poke|p2|Incineroar, L50, M|
|poke|p2|Amoonguss, L50, M|
|poke|p2|Garchomp, L50, F|
|teampreview|4
|showteam|p1|Indeedee-F||PsychicSeed|PsychicSurge|TrickRoom,FollowMe,HelpingHand,DazzlingGleam|||F|||50|,,,,,Fire]Hatterene||LifeOrb|MagicBounce|ExpandingForce,TrickRoom,DazzlingGleam,Protect|||F|||50|,,,,,Psychic]Gallade||ClearAmulet|Sharpness|PsychoCut,TrickRoom,SacredSword,WideGuard|||M|||50|,,,,,Grass]Ursaluna||FlameOrb|Guts|HeadlongRush,Facade,SwordsDance,Protect|||M|||50|,,,,,Ghost]Lilligant-Hisui||FocusSash|Chlorophyll|SolarBlade,SleepPowder,CloseCombat,AfterYou|||F|||50|,,,,,Ghost]Torkoal||ChoiceSpecs|Drought|Eruption,HeatWave,WeatherBall,EarthPower|||M|||50|,,,,,Fire
|showteam|p2|Dragonite||LumBerry|Multiscale|TeraBlast,ExtremeSpeed,LowKick,Protect|||M|||50|,,,,,Flying]Kingambit||AssaultVest|Defiant|KowtowCleave,IronHead,LowKick,SuckerPunch|||M|||50|,,,,,Dark]Ninetales-Alola||FocusSash|SnowWarning|Blizzard,FreezeDry,Encore,Protect|||M|||50|,,,,,Ice]Incineroar||SafetyGoggles|Intimidate|FakeOut,FlareBlitz,KnockOff,PartingShot|||M|||50|,,,,,Ghost]Amoonguss||SitrusBerry|Regenerator|Spore,RagePowder,PollenPuff,ClearSmog|||M|||50|,,,,,Water]Garchomp||LifeOrb|RoughSkin|Earthquake,DragonClaw,StompingTantrum,Protect|||F|||50|,,,,,Steel
|inactive|Battle timer is ON: inactive players will automatically lose when time's up. (requested by colemarcusvgc)
|
|t:|1756832193
|teamsize|p1|4
|teamsize|p2|4
|start
|switch|p1a: Indeedee|Indeedee-F, L50, F|100/100
|switch|p1b: Ursaluna|Ursaluna, L50, M|100/100
|switch|p2a: Ninetales|Ninetales-Alola, L50, M|100/100
|switch|p2b: Incineroar|Incineroar, L50, M|100/100
|-weather|Snowscape|[from] ability: Snow Warning|[of] p2a: Ninetales
|-ability|p2b: Incineroar|Intimidate|boost
|-unboost|p1a: Indeedee|atk|1
|-unboost|p1b: Ursaluna|atk|1
|-fieldstart|move: Psychic Terrain|[from] ability: Psychic Surge|[of] p1a: Indeedee
|-enditem|p1a: Indeedee|Psychic Seed
|-boost|p1a: Indeedee|spd|1|[from] item: Psychic Seed
|turn|1
|
|t:|1756832214
|switch|p1a: Torkoal|Torkoal, L50, M|100/100
|-weather|SunnyDay|[from] ability: Drought|[of] p1a: Torkoal
|move|p2a: Ninetales|Blizzard|p1a: Torkoal|[spread] p1b
|-miss|p2a: Ninetales|p1a: Torkoal
|-supereffective|p1b: Ursaluna
|-damage|p1b: Ursaluna|39/100
|move|p2b: Incineroar|Parting Shot|p1a: Torkoal
|-unboost|p1a: Torkoal|atk|1
|-unboost|p1a: Torkoal|spa|1
|
|t:|1756832226
|switch|p2b: Amoonguss|Amoonguss, L50, M|100/100|[from] Parting Shot
|move|p1b: Ursaluna|Swords Dance|p1b: Ursaluna
|-boost|p1b: Ursaluna|atk|2
|
|-weather|SunnyDay|[upkeep]
|-status|p1b: Ursaluna|brn|[from] item: Flame Orb
|upkeep
|turn|2
|
|t:|1756832247
|switch|p1a: Hatterene|Hatterene, L50, F, shiny|100/100
|move|p2a: Ninetales|Encore|p1b: Ursaluna
|-start|p1b: Ursaluna|Encore
|move|p2b: Amoonguss|Spore|p1a: Hatterene
|move|p1a: Hatterene|Spore|p2b: Amoonguss|[from] ability: Magic Bounce
|-immune|p2b: Amoonguss
|move|p1b: Ursaluna|Swords Dance|p1b: Ursaluna
|-boost|p1b: Ursaluna|atk|2
|
|-weather|SunnyDay|[upkeep]
|-damage|p1b: Ursaluna|33/100 brn|[from] brn
|upkeep
|turn|3
|j| Trestkon
|
|t:|1756832269
|switch|p2b: Incineroar|Incineroar, L50, M|100/100
|-ability|p2b: Incineroar|Intimidate|boost
|-unboost|p1a: Hatterene|atk|1
|-unboost|p1b: Ursaluna|atk|1
|-terastallize|p1b: Ursaluna|Ghost
|move|p2a: Ninetales|Blizzard|p1a: Hatterene|[spread] p1a
|-miss|p2a: Ninetales|p1b: Ursaluna
|-damage|p1a: Hatterene|68/100
|move|p1b: Ursaluna|Swords Dance|p1b: Ursaluna
|-boost|p1b: Ursaluna|atk|2
|move|p1a: Hatterene|Trick Room|p1a: Hatterene
|-fieldstart|move: Trick Room|[of] p1a: Hatterene
|
|-weather|SunnyDay|[upkeep]
|-damage|p1b: Ursaluna|27/100 brn|[from] brn
|upkeep
|turn|4
|
|t:|1756832293
|switch|p1b: Torkoal|Torkoal, L50, M|100/100
|move|p1a: Hatterene|Expanding Force|p2b: Incineroar|[spread] p2a
|-immune|p2b: Incineroar
|-enditem|p2a: Ninetales|Focus Sash
|-damage|p2a: Ninetales|1/100
|-damage|p1a: Hatterene|59/100|[from] item: Life Orb
|move|p2b: Incineroar|Flare Blitz|p1a: Hatterene
|-damage|p1a: Hatterene|0 fnt
|faint|p1a: Hatterene
|-damage|p2b: Incineroar|85/100|[from] Recoil
|move|p2a: Ninetales|Freeze-Dry|p1b: Torkoal
|-resisted|p1b: Torkoal
|-damage|p1b: Torkoal|82/100
|
|-weather|SunnyDay|[upkeep]
|upkeep
|
|t:|1756832308
|switch|p1a: Ursaluna|Ursaluna, L50, M, tera:Ghost|27/100 brn
|turn|5
|
|t:|1756832320
|switch|p2b: Dragonite|Dragonite, L50, M|100/100
|move|p2a: Ninetales|Protect|p2a: Ninetales
|-singleturn|p2a: Ninetales|Protect
|move|p1b: Torkoal|Eruption|p2a: Ninetales|[spread] p2b
|-activate|p2a: Ninetales|move: Protect
|-resisted|p2b: Dragonite
|-damage|p2b: Dragonite|80/100
|move|p1a: Ursaluna|Facade|p2b: Dragonite
|-damage|p2b: Dragonite|0 fnt
|faint|p2b: Dragonite
|
|-weather|none
|-damage|p1a: Ursaluna|21/100 brn|[from] brn
|-fieldend|move: Psychic Terrain
|upkeep
|
|t:|1756832339
|switch|p2b: Amoonguss|Amoonguss, L50, M|100/100
|turn|6
|
|t:|1756832355
|switch|p2a: Incineroar|Incineroar, L50, M|85/100
|-ability|p2a: Incineroar|Intimidate|boost
|-unboost|p1a: Ursaluna|atk|1
|-unboost|p1b: Torkoal|atk|1
|-terastallize|p2b: Amoonguss|Water
|move|p1b: Torkoal|Eruption|p2a: Incineroar|[spread] p2a,p2b
|-resisted|p2a: Incineroar
|-resisted|p2b: Amoonguss
|-damage|p2a: Incineroar|64/100
|-damage|p2b: Amoonguss|78/100
|move|p1a: Ursaluna|Facade|p2b: Amoonguss
|-damage|p2b: Amoonguss|1/100
|-enditem|p2b: Amoonguss|Sitrus Berry|[eat]
|-heal|p2b: Amoonguss|26/100|[from] item: Sitrus Berry
|move|p2b: Amoonguss|Spore|p1b: Torkoal
|-status|p1b: Torkoal|slp|[from] move: Spore
|
|-damage|p1a: Ursaluna|15/100 brn|[from] brn
|upkeep
|turn|7
|inactive|colemarcusvgc has 30 seconds left.
|inactive|UwU Gang Gang has 30 seconds left.
|
|t:|1756832389
|switch|p1b: Indeedee|Indeedee-F, L50, F|100/100
|-fieldstart|move: Psychic Terrain|[from] ability: Psychic Surge|[of] p1b: Indeedee
|move|p1a: Ursaluna|Headlong Rush|p2b: Amoonguss
|-damage|p2b: Amoonguss|0 fnt
|-unboost|p1a: Ursaluna|def|1
|-unboost|p1a: Ursaluna|spd|1
|faint|p2b: Amoonguss
|move|p2a: Incineroar|Knock Off|p1a: Ursaluna
|-supereffective|p1a: Ursaluna
|-damage|p1a: Ursaluna|0 fnt
|-enditem|p1a: Ursaluna|Flame Orb|[from] move: Knock Off|[of] p2a: Incineroar
|faint|p1a: Ursaluna
|
|-fieldend|move: Trick Room
|upkeep
|
|t:|1756832402
|switch|p2b: Ninetales|Ninetales-Alola, L50, M|1/100
|switch|p1a: Torkoal|Torkoal, L50, M|82/100 slp
|-weather|Snowscape|[from] ability: Snow Warning|[of] p2b: Ninetales
|-weather|SunnyDay|[from] ability: Drought|[of] p1a: Torkoal
|turn|8
|
|t:|1756832415
|move|p2b: Ninetales|Freeze-Dry|p1b: Indeedee
|-damage|p1b: Indeedee|75/100
|move|p2a: Incineroar|Knock Off|p1b: Indeedee
|-supereffective|p1b: Indeedee
|-damage|p1b: Indeedee|21/100
|move|p1b: Indeedee|Dazzling Gleam|p2b: Ninetales|[spread] p2a,p2b
|-damage|p2a: Incineroar|55/100
|-damage|p2b: Ninetales|0 fnt
|faint|p2b: Ninetales
|cant|p1a: Torkoal|slp
|
|-weather|SunnyDay|[upkeep]
|upkeep
|turn|9
|
|t:|1756832428
|move|p2a: Incineroar|Knock Off|p1a: Torkoal
|-damage|p1a: Torkoal|54/100 slp
|-enditem|p1a: Torkoal|Choice Specs|[from] move: Knock Off|[of] p2a: Incineroar
|-curestatus|p1a: Torkoal|slp|[msg]
|move|p1a: Torkoal|Earth Power|p2a: Incineroar
|-supereffective|p2a: Incineroar
|-crit|p2a: Incineroar
|-damage|p2a: Incineroar|2/100
|move|p1b: Indeedee|Trick Room|p1b: Indeedee
|-fieldstart|move: Trick Room|[of] p1b: Indeedee
|
|-weather|SunnyDay|[upkeep]
|upkeep
|turn|10
|
|t:|1756832441
|move|p1a: Torkoal|Heat Wave|p2a: Incineroar|[miss]
|-miss|p1a: Torkoal|p2a: Incineroar
|move|p1b: Indeedee|Dazzling Gleam|p2a: Incineroar
|-crit|p2a: Incineroar
|-damage|p2a: Incineroar|0 fnt
|faint|p2a: Incineroar
|
|win|colemarcusvgc
||UwU Gang Gang is ready for game 2.
