|j|☆Fallen7777
|j|☆BilyEyeLash
|html|Fallen7777BilyEyeLash    
|uhtml|bestof|Game 1 of a best-of-3
|t:|1756919426
|gametype|doubles
|player|p1|Fallen7777|265|
|player|p2|BilyEyeLash|266|
|gen|9
|tier|[Gen 9] VGC 2025 Reg H (Bo3)
|rule|Species Clause: Limit one of each Pokémon
|rule|Item Clause: Limit 1 of each item
|clearpoke
|poke|p1|Gyarados, L50, F|
|poke|p1|Metagross, L50|
|poke|p1|Porygon2, L50|
|poke|p1|Gengar, L50, F|
|poke|p1|Magnezone, L50|
|poke|p1|Swampert, L50, F|
|poke|p2|Porygon-Z, L50|
|poke|p2|Arcanine-Hisui, L50, M|
|poke|p2|Dragapult, L50, M|
|poke|p2|Talonflame, L50, F|
|poke|p2|Primarina, L50, M|
|poke|p2|Clefable, L50, M|
|teampreview|4
|showteam|p1|Gyarados||PowerHerb|Intimidate|AquaTail,Avalanche,Blizzard,DragonTail|||F|||50|,,,,,Water]Metagross||AssaultVest|ClearBody|BrickBreak,FlashCannon,FocusPunch,Explosion||||||50|,,,,,Steel]Porygon2||ChoiceSpecs|Trace|Agility,ShadowBall,IcyWind,Thunderbolt||||||50|,,,,,Normal]Gengar||ChoiceScarf|CursedBody|BodySlam,EnergyBall,DestinyBond,DarkPulse|||F|||50|,,,,,Ghost]Magnezone||EjectPack|MagnetPull|FlashCannon,Thunderbolt,Protect,VoltSwitch||||||50|,,,,,Electric]Swampert||CovertCloak|Torrent|ChillingWater,HydroPump,FlipTurn,Liquidation|||F|||50|,,,,,Water
|showteam|p2|Porygon-Z||ChoiceSpecs|Analytic|FoulPlay,Thunder,Blizzard,DoubleEdge||||||50|,,,,,Fairy]Arcanine-Hisui||FlameOrb|FlashFire|DoubleEdge,ExtremeSpeed,FlameCharge,HeadSmash|||M|||50|,,,,,Fighting]Dragapult||RockyHelmet|CursedBody|DracoMeteor,DragonPulse,HydroPump,Outrage|||M|||50|,,,,,Electric]Talonflame||SafetyGoggles|FlameBody|FireBlast,FlareBlitz,Overheat,Roost|||F|||50|,,,,,Bug]Primarina||ClearAmulet|Torrent|Blizzard,ChillingWater,EnergyBall,HydroPump|||M|||50|,,,,,Ghost]Clefable||Leftovers|MagicGuard|DrainingKiss,DrainPunch,Facade,FocusPunch|||M|||50|,,,,,Dark
|
|t:|1756919472
|teamsize|p1|4
|teamsize|p2|4
|start
|switch|p1a: Gyarados|Gyarados, L50, F|100/100
|switch|p1b: Porygon2|Porygon2, L50|100/100
|switch|p2a: Dragapult|Dragapult, L50, M, shiny|100/100
|switch|p2b: Talonflame|Talonflame, L50, F, shiny|100/100
|-ability|p1a: Gyarados|Intimidate|boost
|-unboost|p2a: Dragapult|atk|1
|-unboost|p2b: Talonflame|atk|1
|-ability|p1b: Porygon2|Flame Body|Trace|[from] ability: Trace|[of] p2b: Talonflame
|turn|1
|
|t:|1756919515
|-terastallize|p1a: Gyarados|Water
|move|p2b: Talonflame|Flare Blitz|p1b: Porygon2
|-damage|p1b: Porygon2|70/100
|-damage|p2b: Talonflame|91/100|[from] Recoil
|move|p2a: Dragapult|Draco Meteor|p1b: Porygon2
|-damage|p1b: Porygon2|9/100
|-unboost|p2a: Dragapult|spa|2
|move|p1a: Gyarados|Blizzard|p2b: Talonflame|[spread] 
|-miss|p1a: Gyarados|p2a: Dragapult
|-miss|p1a: Gyarados|p2b: Talonflame
|move|p1b: Porygon2|Agility|p1b: Porygon2
|-boost|p1b: Porygon2|spe|2
|
|upkeep
|turn|2
|
|t:|1756919543
|move|p2b: Talonflame|Fire Blast|p1b: Porygon2
|-damage|p1b: Porygon2|0 fnt
|faint|p1b: Porygon2
|move|p2a: Dragapult|Draco Meteor|p1a: Gyarados
|-damage|p1a: Gyarados|78/100
|-unboost|p2a: Dragapult|spa|2
|move|p1a: Gyarados|Avalanche|p1: Porygon2|[notarget]
|-fail|p1a: Gyarados
|
|upkeep
|
|t:|1756919553
|switch|p1b: Gengar|Gengar, L50, F|100/100
|turn|3
|
|t:|1756919599
|move|p1b: Gengar|Dark Pulse|p1a: Gyarados
|-damage|p1a: Gyarados|56/100
|move|p2b: Talonflame|Flare Blitz|p1b: Gengar
|-damage|p1b: Gengar|47/100
|-start|p2b: Talonflame|Disable|Flare Blitz|[from] ability: Cursed Body|[of] p1b: Gengar
|-damage|p2b: Talonflame|76/100|[from] Recoil
|move|p2a: Dragapult|Dragon Pulse|p1b: Gengar
|-damage|p1b: Gengar|25/100
|move|p1a: Gyarados|Blizzard|p2a: Dragapult|[spread] p2b
|-miss|p1a: Gyarados|p2a: Dragapult
|-damage|p2b: Talonflame|59/100
|
|upkeep
|turn|4
|
|t:|1756919647
|move|p1b: Gengar|Dark Pulse|p1a: Gyarados
|-damage|p1a: Gyarados|34/100
|move|p2b: Talonflame|Fire Blast|p1a: Gyarados
|-resisted|p1a: Gyarados
|-damage|p1a: Gyarados|20/100
|move|p2a: Dragapult|Draco Meteor|p1a: Gyarados
|-damage|p1a: Gyarados|2/100
|-unboost|p2a: Dragapult|spa|2
|cant|p1a: Gyarados|flinch
|
|upkeep
|turn|5
|
|t:|1756919684
|move|p1b: Gengar|Dark Pulse|p2b: Talonflame
|-damage|p2b: Talonflame|27/100
|move|p2b: Talonflame|Fire Blast|p1a: Gyarados|[miss]
|-miss|p2b: Talonflame|p1a: Gyarados
|move|p2a: Dragapult|Hydro Pump|p1b: Gengar|[miss]
|-miss|p2a: Dragapult|p1b: Gengar
|move|p1a: Gyarados|Aqua Tail|p2b: Talonflame
|-supereffective|p2b: Talonflame
|-damage|p2b: Talonflame|0 fnt
|faint|p2b: Talonflame
|
|upkeep
|
|t:|1756919703
|switch|p2b: Clefable|Clefable, L50, M, shiny|100/100
|turn|6
|
|t:|1756919725
|-singleturn|p2b: Clefable|move: Focus Punch
|move|p1b: Gengar|Dark Pulse|p2a: Dragapult
|-supereffective|p2a: Dragapult
|-damage|p2a: Dragapult|44/100
|move|p2a: Dragapult|Hydro Pump|p1a: Gyarados
|-resisted|p1a: Gyarados
|-damage|p1a: Gyarados|0 fnt
|faint|p1a: Gyarados
|move|p2b: Clefable|Focus Punch|p1b: Gengar
|-immune|p1b: Gengar
|
|upkeep
|
|t:|1756919739
|switch|p1a: Swampert|Swampert, L50, F|100/100
|turn|7
|
|t:|1756919755
|-singleturn|p2b: Clefable|move: Focus Punch
|move|p1b: Gengar|Dark Pulse|p2a: Dragapult
|-supereffective|p2a: Dragapult
|-damage|p2a: Dragapult|0 fnt
|faint|p2a: Dragapult
|move|p1a: Swampert|Chilling Water|p2b: Clefable
|-damage|p2b: Clefable|89/100
|-unboost|p2b: Clefable|atk|1
|cant|p2b: Clefable|Focus Punch|Focus Punch
|
|-heal|p2b: Clefable|95/100|[from] item: Leftovers
|upkeep
|
|t:|1756919770
|switch|p2a: Primarina|Primarina, L50, M, shiny|100/100
|turn|8
|
|t:|1756919789
|move|p1b: Gengar|Dark Pulse|p2a: Primarina
|-resisted|p2a: Primarina
|-damage|p2a: Primarina|91/100
|move|p2a: Primarina|Hydro Pump|p1b: Gengar
|-damage|p1b: Gengar|0 fnt
|faint|p1b: Gengar
|move|p1a: Swampert|Hydro Pump|p2a: Primarina|[miss]
|-miss|p1a: Swampert|p2a: Primarina
|move|p2b: Clefable|Drain Punch|p1a: Swampert
|-damage|p1a: Swampert|92/100
|-heal|p2b: Clefable|98/100|[from] drain|[of] p1a: Swampert
|
|-heal|p2b: Clefable|100/100|[from] item: Leftovers
|upkeep
|turn|9
|
|t:|1756919818
|move|p2a: Primarina|Blizzard|p1a: Swampert|[miss]
|-miss|p2a: Primarina|p1a: Swampert
|move|p1a: Swampert|Hydro Pump|p2a: Primarina
|-resisted|p2a: Primarina
|-damage|p2a: Primarina|75/100
|move|p2b: Clefable|Draining Kiss|p1a: Swampert
|-damage|p1a: Swampert|73/100
|
|upkeep
|turn|10
|
|t:|1756919835
|move|p2a: Primarina|Energy Ball|p1a: Swampert
|-supereffective|p1a: Swampert
|-damage|p1a: Swampert|0 fnt
|faint|p1a: Swampert
|
|win|BilyEyeLash
|inactive|Fallen7777 has 30 seconds to confirm battle start!
|inactive|BilyEyeLash has 30 seconds to confirm battle start!
