|j|☆beykidgamer
|j|☆TacoBurger
|html|beykidgamerTacoBurger    
|uhtml|bestof|Game 3 of a best-of-3
|t:|1783786089
|gametype|doubles
|player|p1|beykidgamer|lucas-gen4pt|
|player|p2|TacoBurger|tuber|
|gen|9
|tier|[Gen 9 Champions] VGC 2026 Reg M-B (Bo3)
|rule|Species Clause: Limit one of each Pokémon
|rule|Item Clause: Limit 1 of each item
|clearpoke
|poke|p1|Basculegion, L50, M, shiny|
|poke|p1|Froslass, L50, F, shiny|
|poke|p1|Maushold-Four, L50|
|poke|p1|Rotom-Wash, L50|
|poke|p1|Goodra-Hisui, L50, F|
|poke|p1|Sneasler, L50, M, shiny|
|poke|p2|Pyroar, L50, M|
|poke|p2|Ninetales, L50, M|
|poke|p2|Incineroar, L50, F|
|poke|p2|Victreebel, L50, M|
|poke|p2|Basculegion, L50, M|
|poke|p2|Sneasler, L50, F|
|teampreview|4
|showteam|p1|Basculegion||FocusSash|Adaptability|LastRespects,Liquidation,AquaJet,Protect|Adamant||M|||50|]Froslass||Froslassite|SnowCloak|Blizzard,AuroraVeil,ShadowBall,Protect|Modest||F|||50|]Maushold-Four||ChopleBerry|FriendGuard|PopulationBomb,FollowMe,Taunt,Uturn|Adamant|||||50|]Rotom-Wash||RindoBerry|Levitate|Thunderbolt,HydroPump,WillOWisp,Reflect|Modest|||||50|]Goodra-Hisui||Leftovers|SapSipper|DragonPulse,FlashCannon,BodyPress,Shelter|Bold||F|||50|]Sneasler||WhiteHerb|Unburden|DireClaw,CloseCombat,FakeOut,Acrobatics|Adamant||M|||50|
|showteam|p2|Pyroar||Pyroarite|Unnerve|HeatWave,Overheat,SolarBeam,Protect|Timid||M|||50|]Ninetales||ChoiceScarf|Drought|HeatWave,Overheat,SolarBeam,FakeTears|Modest||M|||50|]Incineroar||SitrusBerry|Intimidate|FakeOut,FlareBlitz,ThroatChop,PartingShot|Adamant||F|||50|]Victreebel||WideLens|Chlorophyll|Protect,SleepPowder,EnergyBall,SludgeBomb|Timid||M|||50|]Basculegion||LifeOrb|Adaptability|WaveCrash,LastRespects,AquaJet,Protect|Adamant||M|||50|]Sneasler||WhiteHerb|Unburden|Protect,CloseCombat,DireClaw,RockSlide|Adamant||F|||50|
|
|t:|1783786136
|teamsize|p1|4
|teamsize|p2|4
|start
|switch|p1a: Rotom|Rotom-Wash, L50|100/100
|switch|p1b: Goodra|Goodra-Hisui, L50, F|100/100
|switch|p2a: Incineroar|Incineroar, L50, F|100/100
|switch|p2b: Victreebel|Victreebel, L50, M|100/100
|-ability|p2a: Incineroar|Intimidate|boost
|-unboost|p1a: Rotom|atk|1
|-unboost|p1b: Goodra|atk|1
|turn|1
|
|t:|1783786160
|move|p2a: Incineroar|Fake Out|p1b: Goodra
|-resisted|p1b: Goodra|1
|-damage|p1b: Goodra|95/100
|move|p1a: Rotom|Thunderbolt|p2b: Victreebel
|-resisted|p2b: Victreebel|1
|-crit|p2b: Victreebel
|-damage|p2b: Victreebel|64/100
|move|p2b: Victreebel|Sleep Powder|p1a: Rotom
|-status|p1a: Rotom|slp|[from] move: Sleep Powder
|cant|p1b: Goodra|flinch
|
|-heal|p1b: Goodra|100/100|[from] item: Leftovers
|upkeep
|turn|2
|
|t:|1783786185
|switch|p2a: Ninetales|Ninetales, L50, M|100/100
|-weather|SunnyDay|[from] ability: Drought|[of] p2a: Ninetales
|move|p2b: Victreebel|Sleep Powder|p1b: Goodra
|-ability|p1b: Goodra|Sap Sipper|boost
|-boost|p1b: Goodra|atk|1
|cant|p1a: Rotom|slp
|move|p1b: Goodra|Shelter|p1b: Goodra
|-boost|p1b: Goodra|def|2
|
|-weather|SunnyDay|[upkeep]
|upkeep
|turn|3
|
|t:|1783786217
|move|p2a: Ninetales|Fake Tears|p1b: Goodra
|-unboost|p1b: Goodra|spd|2
|move|p2b: Victreebel|Energy Ball|p1a: Rotom
|-supereffective|p1a: Rotom|1
|-enditem|p1a: Rotom|Rindo Berry|[eat]
|-enditem|p1a: Rotom|Rindo Berry|[weaken]
|-damage|p1a: Rotom|61/100 slp
|cant|p1a: Rotom|slp
|move|p1b: Goodra|Body Press|p2b: Victreebel
|-resisted|p2b: Victreebel|1
|-damage|p2b: Victreebel|34/100
|
|-weather|SunnyDay|[upkeep]
|upkeep
|turn|4
|
|t:|1783786242
|switch|p2a: Pyroar|Pyroar, L50, M|100/100
|-ability|p2a: Pyroar|Unnerve
|move|p2b: Victreebel|Protect|p2b: Victreebel
|-singleturn|p2b: Victreebel|Protect
|-curestatus|p1a: Rotom|slp|[msg]
|move|p1a: Rotom|Reflect|p1a: Rotom
|-sidestart|p1: beykidgamer|Reflect
|move|p1b: Goodra|Dragon Pulse|p2a: Pyroar
|-damage|p2a: Pyroar|47/100
|
|-weather|SunnyDay|[upkeep]
|upkeep
|turn|5
|
|t:|1783786267
|detailschange|p2a: Pyroar|Pyroar-Mega, L50, M
|-mega|p2a: Pyroar|Pyroar|Pyroarite
|move|p2b: Victreebel|Energy Ball|p1a: Rotom
|-supereffective|p1a: Rotom|1
|-damage|p1a: Rotom|0 fnt
|faint|p1a: Rotom
|move|p2a: Pyroar|Overheat|p1b: Goodra
|-damage|p1b: Goodra|0 fnt
|-unboost|p2a: Pyroar|spa|2
|faint|p1b: Goodra
|
|-weather|SunnyDay|[upkeep]
|upkeep
|
|t:|1783786281
|switch|p1a: Froslass|Froslass, L50, F, shiny|100/100
|switch|p1b: Basculegion|Basculegion, L50, M, shiny|100/100
|turn|6
|
|t:|1783786305
|switch|p2a: Incineroar|Incineroar, L50, F|100/100
|-ability|p2a: Incineroar|Intimidate|boost
|-unboost|p1a: Froslass|atk|1
|-unboost|p1b: Basculegion|atk|1
|move|p2b: Victreebel|Protect|p2b: Victreebel
|-singleturn|p2b: Victreebel|Protect
|move|p1a: Froslass|Protect|p1a: Froslass
|-singleturn|p1a: Froslass|Protect
|move|p1b: Basculegion|Last Respects|p2b: Victreebel
|-activate|p2b: Victreebel|move: Protect
|
|-weather|none
|upkeep
|turn|7
|
|t:|1783786334
|switch|p2b: Pyroar|Pyroar-Mega, L50, M|47/100
|detailschange|p1a: Froslass|Froslass-Mega, L50, F, shiny
|-mega|p1a: Froslass|Froslass|Froslassite
|-weather|Snowscape|[from] ability: Snow Warning|[of] p1a: Froslass
|move|p1b: Basculegion|Protect|p1b: Basculegion
|-singleturn|p1b: Basculegion|Protect
|move|p1a: Froslass|Blizzard|p2a: Incineroar|[spread] p2a,p2b
|-resisted|p2a: Incineroar|1
|-resisted|p2b: Pyroar|1
|-damage|p2a: Incineroar|80/100
|-damage|p2b: Pyroar|16/100
|move|p2a: Incineroar|Throat Chop|p1b: Basculegion
|-activate|p1b: Basculegion|move: Protect
|
|-weather|Snowscape|[upkeep]
|upkeep
|turn|8
|
|t:|1783786364
|switch|p2a: Ninetales|Ninetales, L50, M|100/100
|-weather|SunnyDay|[from] ability: Drought|[of] p2a: Ninetales
|move|p2b: Pyroar|Protect|p2b: Pyroar
|-singleturn|p2b: Pyroar|Protect
|move|p1a: Froslass|Blizzard|p2b: Pyroar|[spread] p2a
|-activate|p2b: Pyroar|move: Protect
|-resisted|p2a: Ninetales|1
|-damage|p2a: Ninetales|70/100
|move|p1b: Basculegion|Liquidation|p2a: Ninetales
|-supereffective|p2a: Ninetales|1
|-damage|p2a: Ninetales|11/100
|
|-weather|SunnyDay|[upkeep]
|-sideend|p1: beykidgamer|Reflect
|upkeep
|turn|9
|
|t:|1783786391
|move|p1a: Froslass|Protect|p1a: Froslass
|-singleturn|p1a: Froslass|Protect
|move|p1b: Basculegion|Aqua Jet|p2b: Pyroar
|-supereffective|p2b: Pyroar|1
|-damage|p2b: Pyroar|0 fnt
|faint|p2b: Pyroar
|move|p2a: Ninetales|Heat Wave|p1a: Froslass|[spread] p1b
|-activate|p1a: Froslass|move: Protect
|-resisted|p1b: Basculegion|1
|-damage|p1b: Basculegion|72/100
|-status|p1b: Basculegion|brn
|
|-weather|SunnyDay|[upkeep]
|-damage|p1b: Basculegion|66/100 brn|[from] brn
|upkeep
|
|t:|1783786405
|switch|p2b: Victreebel|Victreebel, L50, M|34/100
|turn|10
|
|t:|1783786427
|switch|p2a: Incineroar|Incineroar, L50, F|80/100
|-ability|p2a: Incineroar|Intimidate|boost
|-unboost|p1a: Froslass|atk|1
|-unboost|p1b: Basculegion|atk|1
|move|p1b: Basculegion|Aqua Jet|p2a: Incineroar
|-supereffective|p2a: Incineroar|1
|-damage|p2a: Incineroar|74/100
|move|p2b: Victreebel|Sleep Powder|p1a: Froslass
|-status|p1a: Froslass|slp|[from] move: Sleep Powder
|cant|p1a: Froslass|slp
|
|-weather|SunnyDay|[upkeep]
|-damage|p1b: Basculegion|60/100 brn|[from] brn
|upkeep
|turn|11
|
|t:|1783786456
|cant|p1a: Froslass|slp
|move|p2b: Victreebel|Energy Ball|p1b: Basculegion
|-supereffective|p1b: Basculegion|1
|-damage|p1b: Basculegion|0 fnt
|faint|p1b: Basculegion
|move|p2a: Incineroar|Flare Blitz|p1a: Froslass
|-supereffective|p1a: Froslass|1
|-damage|p1a: Froslass|0 fnt
|faint|p1a: Froslass
|-damage|p2a: Incineroar|49/100|[from] Recoil
|-enditem|p2a: Incineroar|Sitrus Berry|[eat]
|-heal|p2a: Incineroar|73/100|[from] item: Sitrus Berry
|
|win|TacoBurger
|l|☆beykidgamer
|player|p1|
|c|☆TacoBurger|ggs
