|j|☆Crotolamo67
|j|☆MIRMURKIRKIR
|html|Crotolamo67MIRMURKIRKIR    
|uhtml|bestof|Game 1 of a best-of-3
|t:|1786141306
|gametype|doubles
|player|p1|Crotolamo67|lillie-z|1000
|player|p2|MIRMURKIRKIR|101|1000
|gen|9
|tier|[Gen 9 Champions] VGC 2026 Reg M-B (Bo3)
|rated|
|rule|Species Clause: Limit one of each Pokémon
|rule|Item Clause: Limit 1 of each item
|clearpoke
|poke|p1|Tyranitar, L50, M|
|poke|p1|Excadrill, L50, M|
|poke|p1|Milotic, L50, F|
|poke|p1|Gholdengo, L50|
|poke|p1|Sinistcha, L50|
|poke|p1|Staraptor, L50, M|
|poke|p2|Staraptor, L50, M|
|poke|p2|Garchomp, L50, M|
|poke|p2|Whimsicott, L50, F|
|poke|p2|Delphox, L50, F|
|poke|p2|Glimmora, L50, F|
|poke|p2|Kingambit, L50, F, shiny|
|teampreview|4
|showteam|p1|Tyranitar||Tyranitarite|SandStream|KnockOff,RockSlide,HighHorsepower,Protect|Jolly||M|||50|]Excadrill||FocusSash|SandRush|HighHorsepower,IronHead,RockSlide,Protect|Jolly||M|||50|]Milotic||SitrusBerry|Competitive|Scald,IcyWind,Haze,Protect|Calm||F|||50|]Gholdengo||LifeOrb|GoodasGold|MakeItRain,ShadowBall,NastyPlot,Protect|Modest|||||50|]Sinistcha||ColburBerry|Hospitality|MatchaGotcha,ShadowBall,Protect,RagePowder|Bold|||||50|]Staraptor||Staraptite|Intimidate|CloseCombat,BraveBird,Tailwind,Protect|Jolly||M|||50|
|showteam|p2|Staraptor||Staraptite|Intimidate|Protect,Roost,CloseCombat,BraveBird|Jolly||M|||50|]Garchomp||LifeOrb|RoughSkin|Protect,RockSlide,Earthquake,DragonClaw|Jolly||M|||50|]Whimsicott||OccaBerry|Prankster|Moonblast,Tailwind,Charm,LightScreen|Timid||F|||50|]Delphox||Delphoxite|Magician|Protect,Psychic,HeatWave,Substitute|Modest||F|||50|]Glimmora||FocusSash|ToxicDebris|SpikyShield,EarthPower,PowerGem,SludgeBomb|Timid||F|||50|]Kingambit||ChopleBerry|Defiant|KowtowCleave,IronHead,SuckerPunch,LowKick|Adamant||F|||50|
|inactive|Battle timer is ON: inactive players will automatically lose when time's up. (requested by Crotolamo67)
|
|t:|1786141384
|teamsize|p1|4
|teamsize|p2|4
|start
|switch|p1a: Milotic|Milotic, L50, F|100/100
|switch|p1b: Excadrill|Excadrill, L50, M|100/100
|switch|p2a: Whimsicott|Whimsicott, L50, F|100/100
|switch|p2b: Garchomp|Garchomp, L50, M|100/100
|turn|1
|c|☆Crotolamo67|glhf twin
|
|t:|1786141403
|move|p1b: Excadrill|Protect|p1b: Excadrill
|-singleturn|p1b: Excadrill|Protect
|move|p2a: Whimsicott|Tailwind|p2a: Whimsicott
|-sidestart|p2: MIRMURKIRKIR|move: Tailwind
|move|p2b: Garchomp|Earthquake|p1b: Excadrill|[spread] p2a,p1a
|-activate|p1b: Excadrill|move: Protect
|-resisted|p2a: Whimsicott|1
|-damage|p2a: Whimsicott|66/100
|-damage|p1a: Milotic|62/100
|-damage|p2b: Garchomp|90/100|[from] item: Life Orb
|move|p1a: Milotic|Icy Wind|p2a: Whimsicott|[spread] p2a,p2b
|-supereffective|p2a: Whimsicott|1
|-supereffective|p2b: Garchomp|2
|-damage|p2a: Whimsicott|35/100
|-damage|p2b: Garchomp|46/100
|-unboost|p2a: Whimsicott|spe|1
|-unboost|p2b: Garchomp|spe|1
|
|upkeep
|turn|2
|
|t:|1786141427
|switch|p1b: Staraptor|Staraptor, L50, M|100/100
|-ability|p1b: Staraptor|Intimidate|boost
|-unboost|p2a: Whimsicott|atk|1
|-unboost|p2b: Garchomp|atk|1
|move|p2b: Garchomp|Protect|p2b: Garchomp
|-singleturn|p2b: Garchomp|Protect
|move|p2a: Whimsicott|Light Screen|p2a: Whimsicott
|-sidestart|p2: MIRMURKIRKIR|move: Light Screen
|move|p1a: Milotic|Icy Wind|p2a: Whimsicott|[spread] p2a
|-activate|p2b: Garchomp|move: Protect
|-supereffective|p2a: Whimsicott|1
|-damage|p2a: Whimsicott|12/100
|-unboost|p2a: Whimsicott|spe|1
|
|upkeep
|turn|3
|inactive|Crotolamo67 has 30 seconds left.
|inactive|Crotolamo67 has 20 seconds left.
|
|t:|1786141463
|detailschange|p1b: Staraptor|Staraptor-Mega, L50, M
|-mega|p1b: Staraptor|Staraptor|Staraptite
|move|p2a: Whimsicott|Charm|p1b: Staraptor
|-boost|p1b: Staraptor|atk|2
|move|p1b: Staraptor|Close Combat|p2a: Whimsicott
|-resisted|p2a: Whimsicott|1
|-damage|p2a: Whimsicott|0 fnt
|-boost|p1b: Staraptor|def|1
|-boost|p1b: Staraptor|spd|1
|faint|p2a: Whimsicott
|move|p2b: Garchomp|Dragon Claw|p1b: Staraptor
|-damage|p1b: Staraptor|81/100
|-damage|p2b: Garchomp|36/100|[from] item: Life Orb
|move|p1a: Milotic|Scald|p2b: Garchomp
|-damage|p2b: Garchomp|15/100
|-status|p2b: Garchomp|brn
|
|-damage|p2b: Garchomp|9/100 brn|[from] brn
|upkeep
|c|☆Crotolamo67|???
|
|t:|1786141481
|switch|p2a: Delphox|Delphox, L50, F|100/100
|turn|4
|c|☆Crotolamo67|Love u man
|
|t:|1786141503
|detailschange|p2a: Delphox|Delphox-Mega, L50, F
|-mega|p2a: Delphox|Delphox|Delphoxite
|move|p1b: Staraptor|Protect|p1b: Staraptor
|-singleturn|p1b: Staraptor|Protect
|move|p2b: Garchomp|Protect|p2b: Garchomp
|-singleturn|p2b: Garchomp|Protect
|move|p2a: Delphox|Heat Wave|p1b: Staraptor|[spread] p1a
|-activate|p1b: Staraptor|move: Protect
|-resisted|p1a: Milotic|1
|-damage|p1a: Milotic|48/100
|-enditem|p1a: Milotic|Sitrus Berry|[eat]
|-heal|p1a: Milotic|73/100|[from] item: Sitrus Berry
|move|p1a: Milotic|Icy Wind|p2a: Delphox|[spread] p2a
|-activate|p2b: Garchomp|move: Protect
|-resisted|p2a: Delphox|1
|-damage|p2a: Delphox|96/100
|-unboost|p2a: Delphox|spe|1
|
|-damage|p2b: Garchomp|3/100 brn|[from] brn
|-sideend|p2: MIRMURKIRKIR|move: Tailwind
|upkeep
|turn|5
|inactive|Crotolamo67 has 30 seconds left.
|inactive|MIRMURKIRKIR has 30 seconds left.
|
|t:|1786141532
|move|p1b: Staraptor|Brave Bird|p2a: Delphox
|-damage|p2a: Delphox|0 fnt
|faint|p2a: Delphox
|-damage|p1b: Staraptor|56/100|[from] Recoil
|move|p1a: Milotic|Scald|p2b: Garchomp
|-damage|p2b: Garchomp|0 fnt
|faint|p2b: Garchomp
|
|upkeep
|-message|MIRMURKIRKIR forfeited.
|
|win|Crotolamo67
|l|☆MIRMURKIRKIR
|player|p2|
||Crotolamo67 is ready for game 2.
|raw|Crotolamo67's rating: 1000 → 1040(+40 for winning)
|raw|MIRMURKIRKIR's rating: 1000 → 1000(+0 for losing)
|c|☆Crotolamo67|Hello?
|l|☆Crotolamo67
|player|p1|
|j|☆Crotolamo67
|player|p1|Crotolamo67|lillie-z|
|l|☆Crotolamo67
|player|p1|
|j|☆Crotolamo67
|player|p1|Crotolamo67|lillie-z|
|l|☆Crotolamo67
|player|p1|
|j|☆Crotolamo67
|player|p1|Crotolamo67|lillie-z|
