|j|☆guligliugug
|j|☆asefito
|html|guligliugugasefito    
|uhtml|bestof|Game 3 of a best-of-3
|t:|1783452165
|gametype|doubles
|player|p1|guligliugug|266|1082
|player|p2|asefito|169|1090
|gen|9
|tier|[Gen 9 Champions] VGC 2026 Reg M-B (Bo3)
|rated|
|rule|Species Clause: Limit one of each Pokémon
|rule|Item Clause: Limit 1 of each item
|clearpoke
|poke|p1|Incineroar, L50, M|
|poke|p1|Torkoal, L50, M|
|poke|p1|Sinistcha, L50|
|poke|p1|Staraptor, L50, M|
|poke|p1|Raichu, L50, M|
|poke|p1|Oranguru, L50, F|
|poke|p2|Incineroar, L50, M|
|poke|p2|Basculegion, L50, M|
|poke|p2|Tinkaton, L50, F|
|poke|p2|Floette-Eternal, L50, F|
|poke|p2|Kingambit, L50, F|
|poke|p2|Sneasler, L50, M|
|teampreview|4
|showteam|p1|Incineroar||SitrusBerry|Intimidate|FakeOut,FlareBlitz,DarkestLariat,PartingShot|Careful||M|||50|]Torkoal||FocusSash|Drought|Eruption,WeatherBall,SolarBeam,ShellSmash|Quiet||M|||50|]Sinistcha||KasibBerry|Hospitality|LifeDew,ShadowBall,StrengthSap,RagePowder|Bold|||||50|]Staraptor||Staraptite|Intimidate|CloseCombat,Roost,DualWingbeat,Swagger|Jolly||M|||50|]Raichu||RaichuniteY|LightningRod|FakeTears,ZapCannon,SweetKiss,Thunderbolt|Timid||M|||50|]Oranguru||Leftovers|Telepathy|Instruct,Protect,StoredPower,PsychUp|Calm||F|||50|
|showteam|p2|Incineroar||SitrusBerry|Intimidate|FlareBlitz,DarkestLariat,PartingShot,FakeOut|Careful||M|||50|]Basculegion||ChoiceScarf|Adaptability|WaveCrash,LastRespects,FlipTurn,AquaJet|Jolly||M|||50|]Tinkaton||Leftovers|MoldBreaker|GigatonHammer,PlayRough,BrickBreak,FakeOut|Adamant||F|||50|]Floette-Eternal||Floettite|FlowerVeil|Moonblast,DazzlingGleam,CalmMind,Protect|Modest||F|||50|]Kingambit||LifeOrb|Defiant|KowtowCleave,SuckerPunch,SwordsDance,Protect|Adamant||F|||50|]Sneasler||FocusSash|PoisonTouch|CloseCombat,DireClaw,Feint,FakeOut|Jolly||M|||50|
|inactive|Battle timer is ON: inactive players will automatically lose when time's up. (requested by asefito)
|
|t:|1783452191
|teamsize|p1|4
|teamsize|p2|4
|start
|switch|p1a: Staraptor|Staraptor, L50, M|100/100
|switch|p1b: Raichu|Raichu, L50, M|100/100
|switch|p2a: Incineroar|Incineroar, L50, M|100/100
|switch|p2b: Kingambit|Kingambit, L50, F|100/100
|-ability|p1a: Staraptor|Intimidate|boost
|-unboost|p2a: Incineroar|atk|1
|-unboost|p2b: Kingambit|atk|1
|-ability|p2b: Kingambit|Defiant|boost
|-boost|p2b: Kingambit|atk|2
|-ability|p2a: Incineroar|Intimidate|boost
|-unboost|p1a: Staraptor|atk|1
|-unboost|p1b: Raichu|atk|1
|turn|1
|inactive|guligliugug has 30 seconds left.
|inactive|asefito has 30 seconds left.
|
|t:|1783452220
|detailschange|p1a: Staraptor|Staraptor-Mega, L50, M
|-mega|p1a: Staraptor|Staraptor|Staraptite
|move|p2a: Incineroar|Fake Out|p1a: Staraptor
|-damage|p1a: Staraptor|93/100
|cant|p1a: Staraptor|flinch
|move|p1b: Raichu|Sweet Kiss|p2b: Kingambit
|-start|p2b: Kingambit|confusion
|-activate|p2b: Kingambit|confusion
|move|p2b: Kingambit|Kowtow Cleave|p1a: Staraptor
|-resisted|p1a: Staraptor|1
|-crit|p1a: Staraptor
|-damage|p1a: Staraptor|25/100
|-damage|p2b: Kingambit|90/100|[from] item: Life Orb
|
|upkeep
|turn|2
|inactive|guligliugug has 30 seconds left.
|
|t:|1783452245
|switch|p1b: Sinistcha|Sinistcha, L50|100/100
|-heal|p1a: Staraptor|50/100g|[from] ability: Hospitality|[of] p1b: Sinistcha
|switch|p2b: Basculegion|Basculegion, L50, M|100/100
|move|p1a: Staraptor|Close Combat|p2b: Basculegion
|-immune|p2b: Basculegion
|move|p2a: Incineroar|Flare Blitz|p1a: Staraptor
|-damage|p1a: Staraptor|22/100
|-damage|p2a: Incineroar|91/100|[from] Recoil
|
|upkeep
|turn|3
|inactive|guligliugug has 30 seconds left.
|inactive|asefito has 30 seconds left.
|
|t:|1783452277
|switch|p1a: Raichu|Raichu, L50, M|100/100
|move|p2b: Basculegion|Wave Crash|p1a: Raichu
|-damage|p1a: Raichu|0 fnt
|faint|p1a: Raichu
|-damage|p2b: Basculegion|77/100|[from] Recoil
|move|p1b: Sinistcha|Strength Sap|p2a: Incineroar
|-unboost|p2a: Incineroar|atk|1
|move|p2a: Incineroar|Flare Blitz|p1b: Sinistcha
|-supereffective|p1b: Sinistcha|1
|-damage|p1b: Sinistcha|62/100
|-damage|p2a: Incineroar|80/100|[from] Recoil
|
|upkeep
|
|t:|1783452289
|switch|p1a: Staraptor|Staraptor-Mega, L50, M|22/100
|turn|4
|
|t:|1783452295
|switch|p2a: Kingambit|Kingambit, L50, F|90/100
|move|p1b: Sinistcha|Rage Powder|p1b: Sinistcha
|-singleturn|p1b: Sinistcha|move: Rage Powder
|move|p2b: Basculegion|Wave Crash|p1b: Sinistcha
|-resisted|p1b: Sinistcha|1
|-damage|p1b: Sinistcha|30/100
|-damage|p2b: Basculegion|67/100|[from] Recoil
|move|p1a: Staraptor|Roost|p1a: Staraptor
|-heal|p1a: Staraptor|72/100
|-singleturn|p1a: Staraptor|move: Roost
|
|upkeep
|turn|5
|
|t:|1783452313
|switch|p2b: Incineroar|Incineroar, L50, M|80/100
|-ability|p2b: Incineroar|Intimidate|boost
|-boost|p1a: Staraptor|atk|1
|-unboost|p1b: Sinistcha|atk|1
|switch|p1b: Torkoal|Torkoal, L50, M|100/100
|-weather|SunnyDay|[from] ability: Drought|[of] p1b: Torkoal
|move|p2a: Kingambit|Protect|p2a: Kingambit
|-singleturn|p2a: Kingambit|Protect
|move|p1a: Staraptor|Close Combat|p2a: Kingambit
|-activate|p2a: Kingambit|move: Protect
|
|-weather|SunnyDay|[upkeep]
|upkeep
|turn|6
|inactive|guligliugug has 30 seconds left.
|inactive|asefito has 30 seconds left.
|inactive|asefito has 20 seconds left.
|inactive|asefito has 15 seconds left.
|inactive|asefito has 10 seconds left.
|
|t:|1783452361
|move|p2b: Incineroar|Fake Out|p1a: Staraptor
|-damage|p1a: Staraptor|62/100
|move|p2a: Kingambit|Sucker Punch|p1b: Torkoal
|-damage|p1b: Torkoal|60/100
|-damage|p2a: Kingambit|80/100|[from] item: Life Orb
|cant|p1a: Staraptor|flinch
|move|p1b: Torkoal|Weather Ball|p2b: Incineroar
|-resisted|p2b: Incineroar|1
|-damage|p2b: Incineroar|56/100
|
|-weather|SunnyDay|[upkeep]
|upkeep
|turn|7
|
|t:|1783452379
|move|p2a: Kingambit|Protect|p2a: Kingambit
|-singleturn|p2a: Kingambit|Protect
|move|p1a: Staraptor|Close Combat|p2a: Kingambit
|-activate|p2a: Kingambit|move: Protect
|move|p2b: Incineroar|Parting Shot|p1b: Torkoal
|-unboost|p1b: Torkoal|atk|1
|-unboost|p1b: Torkoal|spa|1
|
|t:|1783452388
|switch|p2b: Floette|Floette-Eternal, L50, F|100/100|[from] Parting Shot
|move|p1b: Torkoal|Weather Ball|p2a: Kingambit
|-activate|p2a: Kingambit|move: Protect
|
|-weather|SunnyDay|[upkeep]
|upkeep
|turn|8
|
|t:|1783452401
|switch|p1b: Sinistcha|Sinistcha, L50|30/100
|-heal|p1a: Staraptor|87/100|[from] ability: Hospitality|[of] p1b: Sinistcha
|detailschange|p2b: Floette|Floette-Mega, L50, F
|-mega|p2b: Floette|Floette|Floettite
|-ability|p2b: Floette|Fairy Aura
|move|p2a: Kingambit|Sucker Punch||[still]
|-fail|p2a: Kingambit
|move|p1a: Staraptor|Dual Wingbeat|p2b: Floette
|-damage|p2b: Floette|72/100
|-damage|p2b: Floette|43/100
|-hitcount|p2b: Floette|2
|move|p2b: Floette|Dazzling Gleam|p1b: Sinistcha|[spread] p1a,p1b
|-supereffective|p1a: Staraptor|1
|-crit|p1a: Staraptor
|-damage|p1a: Staraptor|0 fnt
|-damage|p1b: Sinistcha|0 fnt
|faint|p1a: Staraptor
|faint|p1b: Sinistcha
|
|-weather|SunnyDay|[upkeep]
|upkeep
|-message|guligliugug forfeited.
|
|win|asefito
|raw|guligliugug's rating: 1082 → 1060(-22 for losing)
|raw|asefito's rating: 1090 → 1116(+26 for winning)
|l|☆guligliugug
|player|p1|
|c|☆asefito|gg
