|j|☆lindsey453
|j|☆browe
|html|lindsey453browe    
|uhtml|bestof|Game 2 of a best-of-3
|t:|1757772346
|gametype|doubles
|player|p1|lindsey453|170|1289
|player|p2|browe|shadowtriad|1189
|gen|9
|tier|[Gen 9] VGC 2025 Reg H (Bo3)
|rated|
|rule|Species Clause: Limit one of each Pokémon
|rule|Item Clause: Limit 1 of each item
|clearpoke
|poke|p1|Annihilape, L50, M|
|poke|p1|Archaludon, L50, F|
|poke|p1|Oranguru, L50, M|
|poke|p1|Electabuzz, L50, F|
|poke|p1|Ursaluna-Bloodmoon, L50, M|
|poke|p1|Incineroar, L50, M|
|poke|p2|Sneasler, L50, M|
|poke|p2|Pelipper, L50, F|
|poke|p2|Basculegion, L50, M|
|poke|p2|Indeedee, L50, M|
|poke|p2|Amoonguss, L50, F|
|poke|p2|Archaludon, L50, M|
|teampreview|4
|showteam|p1|Annihilape||SitrusBerry|Defiant|BulkUp,RageFist,DrainPunch,Protect|||M|||50|,,,,,Grass]Archaludon||PowerHerb|Sturdy|ElectroShot,Snarl,AuraSphere,FlashCannon|||F|||50|,,,,,Electric]Oranguru||MentalHerb|InnerFocus|Instruct,TrickRoom,Imprison,FoulPlay|||M|||50|,,,,,Fairy]Electabuzz||Eviolite|VitalSpirit|FollowMe,Thunderbolt,Taunt,EerieImpulse|||F|||50|,,,,,Ghost]Ursaluna-Bloodmoon||LifeOrb|MindsEye|HyperVoice,BloodMoon,EarthPower,Protect|||M|||50|,,,,,Normal]Incineroar||AssaultVest|Intimidate|FlareBlitz,Uturn,FakeOut,KnockOff|||M|||50|,,,,,Grass
|showteam|p2|Sneasler||PsychicSeed|Unburden|DireClaw,CloseCombat,ThroatChop,Protect|||M|||50|,,,,,Dark]Pelipper||FocusSash|Drizzle|Hurricane,WeatherBall,Tailwind,Protect|||F|||50|,,,,,Ghost]Basculegion||ChoiceBand|SwiftSwim|WaveCrash,LastRespects,AquaJet,FlipTurn|||M|||50|,,,,,Grass]Indeedee||ChoiceScarf|PsychicSurge|ExpandingForce,DazzlingGleam,ShadowBall,Trick|||M|||50|,,,,,Psychic]Amoonguss||SitrusBerry|Regenerator|PollenPuff,RagePowder,ClearSmog,Spore|||F|||50|,,,,,Psychic]Archaludon||AssaultVest|Stamina|DracoMeteor,FlashCannon,ElectroShot,BodyPress|||M|||50|,,,,,Bug
|inactive|Battle timer is ON: inactive players will automatically lose when time's up. (requested by lindsey453)
|inactive|lindsey453 has 60 seconds left.
|inactive|lindsey453 has 30 seconds left.
|inactive|lindsey453 has 20 seconds left.
|inactive|lindsey453 has 15 seconds left.
|
|t:|1757772423
|teamsize|p1|4
|teamsize|p2|4
|start
|switch|p1a: Electabuzz|Electabuzz, L50, F|100/100
|switch|p1b: Archaludon|Archaludon, L50, F|100/100
|switch|p2a: Sneasler|Sneasler, L50, M|100/100
|switch|p2b: Indeedee|Indeedee, L50, M|100/100
|-fieldstart|move: Psychic Terrain|[from] ability: Psychic Surge|[of] p2b: Indeedee
|-enditem|p2a: Sneasler|Psychic Seed
|-boost|p2a: Sneasler|spd|1|[from] item: Psychic Seed
|turn|1
|inactive|lindsey453 has 30 seconds left.
|inactive|lindsey453 has 20 seconds left.
|
|t:|1757772460
|move|p1a: Electabuzz|Follow Me|p1a: Electabuzz
|-singleturn|p1a: Electabuzz|move: Follow Me
|move|p2a: Sneasler|Close Combat|p1a: Electabuzz
|-crit|p1a: Electabuzz
|-damage|p1a: Electabuzz|17/100
|-unboost|p2a: Sneasler|def|1
|-unboost|p2a: Sneasler|spd|1
|move|p2b: Indeedee|Expanding Force|p1a: Electabuzz|[spread] p1a,p1b
|-resisted|p1b: Archaludon
|-damage|p1a: Electabuzz|0 fnt
|-damage|p1b: Archaludon|65/100
|faint|p1a: Electabuzz
|move|p1b: Archaludon|Electro Shot||[still]
|-prepare|p1b: Archaludon|Electro Shot
|-boost|p1b: Archaludon|spa|1
|-enditem|p1b: Archaludon|Power Herb
|-anim|p1b: Archaludon|Electro Shot|p2a: Sneasler
|-damage|p2a: Sneasler|12/100
|
|upkeep
|
|t:|1757772479
|switch|p1a: Oranguru|Oranguru, L50, M|100/100
|turn|2
|inactive|lindsey453 has 30 seconds left.
|inactive|lindsey453 has 20 seconds left.
|inactive|lindsey453 has 15 seconds left.
|
|t:|1757772522
|move|p2a: Sneasler|Close Combat|p1b: Archaludon
|-supereffective|p1b: Archaludon
|-damage|p1b: Archaludon|0 fnt
|-unboost|p2a: Sneasler|def|1
|-unboost|p2a: Sneasler|spd|1
|faint|p1b: Archaludon
|move|p2b: Indeedee|Expanding Force|p1a: Oranguru
|-resisted|p1a: Oranguru
|-damage|p1a: Oranguru|73/100
|move|p1a: Oranguru|Foul Play|p2a: Sneasler
|-resisted|p2a: Sneasler
|-damage|p2a: Sneasler|0 fnt
|faint|p2a: Sneasler
|
|upkeep
|
|t:|1757772533
|switch|p2a: Archaludon|Archaludon, L50, M|100/100
|switch|p1b: Ursaluna|Ursaluna-Bloodmoon, L50, M|100/100
|turn|3
|
|t:|1757772557
|-terastallize|p2a: Archaludon|Bug
|move|p1b: Ursaluna|Protect|p1b: Ursaluna
|-singleturn|p1b: Ursaluna|Protect
|move|p2b: Indeedee|Expanding Force|p1b: Ursaluna|[spread] p1a
|-activate|p1b: Ursaluna|move: Protect
|-resisted|p1a: Oranguru
|-damage|p1a: Oranguru|53/100
|move|p2a: Archaludon|Draco Meteor|p1b: Ursaluna
|-activate|p1b: Ursaluna|move: Protect
|move|p1a: Oranguru|Trick Room|p1a: Oranguru
|-fieldstart|move: Trick Room|[of] p1a: Oranguru
|
|upkeep
|turn|4
|
|t:|1757772563
|-terastallize|p1b: Ursaluna|Normal
|move|p1b: Ursaluna|Hyper Voice|p2b: Indeedee|[spread] p2a,p2b
|-damage|p2a: Archaludon|52/100
|-damage|p2b: Indeedee|0 fnt
|-ability|p2a: Archaludon|Stamina|boost
|-boost|p2a: Archaludon|def|1
|faint|p2b: Indeedee
|-damage|p1b: Ursaluna|90/100|[from] item: Life Orb
|move|p1a: Oranguru|Instruct|p1b: Ursaluna
|-singleturn|p1b: Ursaluna|move: Instruct|[of] p1a: Oranguru
|move|p1b: Ursaluna|Hyper Voice|p2a: Archaludon
|-damage|p2a: Archaludon|0 fnt
|faint|p2a: Archaludon
|-damage|p1b: Ursaluna|80/100|[from] item: Life Orb
|
|upkeep
|
|t:|1757772572
|switch|p2b: Pelipper|Pelipper, L50, F|100/100
|-weather|RainDance|[from] ability: Drizzle|[of] p2b: Pelipper
|turn|5
|
|t:|1757772576
|move|p1b: Ursaluna|Blood Moon|p2b: Pelipper
|-enditem|p2b: Pelipper|Focus Sash
|-damage|p2b: Pelipper|1/100
|-damage|p1b: Ursaluna|70/100|[from] item: Life Orb
|move|p1a: Oranguru|Instruct|p1b: Ursaluna
|-singleturn|p1b: Ursaluna|move: Instruct|[of] p1a: Oranguru
|move|p1b: Ursaluna|Blood Moon|p2b: Pelipper
|-damage|p2b: Pelipper|0 fnt
|faint|p2b: Pelipper
|-damage|p1b: Ursaluna|60/100|[from] item: Life Orb
|-hint|Some effects can force a Pokemon to use Blood Moon again in a row.
|
|win|lindsey453
|raw|lindsey453's rating: 1289 → 1307(+18 for winning)
|raw|browe's rating: 1189 → 1171(-18 for losing)
|l|☆lindsey453
|player|p1|
