|j|☆Daevidex
|j|☆robinrambles
|html|Daevidexrobinrambles    
|uhtml|bestof|Game 3 of a best-of-3
|t:|1783814920
|gametype|doubles
|player|p1|Daevidex|hilbert|1146
|player|p2|robinrambles|dawn-gen4pt|1075
|gen|9
|tier|[Gen 9 Champions] VGC 2026 Reg M-B (Bo3)
|rated|
|rule|Species Clause: Limit one of each Pokémon
|rule|Item Clause: Limit 1 of each item
|clearpoke
|poke|p1|Houndoom, L50, F|
|poke|p1|Ninetales, L50, F|
|poke|p1|Kingambit, L50, M|
|poke|p1|Farigiraf, L50, F|
|poke|p1|Floette-Eternal, L50, F|
|poke|p1|Garchomp, L50, M|
|poke|p2|Eelektross, L50, M|
|poke|p2|Sinistcha, L50|
|poke|p2|Farigiraf, L50, F|
|poke|p2|Aggron, L50, F|
|poke|p2|Sylveon, L50, M|
|poke|p2|Kingambit, L50, F|
|teampreview|4
|showteam|p1|Houndoom||Houndoominite|Unnerve|HeatWave,SolarBeam,Protect,DarkPulse|Timid||F|||50|]Ninetales||HeatRock|Drought|Protect,SolarBeam,Snarl,Safeguard|Timid||F|||50|]Kingambit||ChopleBerry|Defiant|IronHead,SuckerPunch,KowtowCleave,Protect|Brave||M|||50|]Farigiraf||SitrusBerry|ArmorTail|TwinBeam,HelpingHand,TrickRoom,HyperVoice|Calm||F|||50|]Floette-Eternal||Floettite|FlowerVeil|Moonblast,DazzlingGleam,Protect,LightofRuin|Timid||F|||50|]Garchomp||LifeOrb|RoughSkin|Earthquake,DragonClaw,RockSlide,Protect|Jolly||M|||50|
|showteam|p2|Eelektross||Eelektrossite|Levitate|Protect,Thunderbolt,Flamethrower,GigaDrain|Quiet||M|||50|]Sinistcha||SitrusBerry|Hospitality|MatchaGotcha,RagePowder,ShadowBall,TrickRoom|Bold|||||50|]Farigiraf||ColburBerry|ArmorTail|HelpingHand,Psychic,TrickRoom,Protect|Sassy||F|||50|]Aggron||Aggronite|Sturdy|BodyPress,HeavySlam,IronDefense,Protect|Impish||F|||50|]Sylveon||FairyFeather|Pixilate|HyperVoice,DrainingKiss,HyperBeam,Protect|Quiet||M|||50|]Kingambit||BlackGlasses|Defiant|IronHead,KowtowCleave,SuckerPunch,Protect|Brave||F|||50|
|inactive|Battle timer is ON: inactive players will automatically lose when time's up. (requested by Daevidex)
|
|t:|1783814943
|teamsize|p1|4
|teamsize|p2|4
|start
|switch|p1a: Houndoom|Houndoom, L50, F|100/100
|switch|p1b: Ninetales|Ninetales, L50, F|100/100
|switch|p2a: Farigiraf|Farigiraf, L50, F|100/100
|switch|p2b: Eelektross|Eelektross, L50, M|100/100
|-ability|p1a: Houndoom|Unnerve
|-weather|SunnyDay|[from] ability: Drought|[of] p1b: Ninetales
|turn|1
|
|t:|1783814963
|detailschange|p1a: Houndoom|Houndoom-Mega, L50, F
|-mega|p1a: Houndoom|Houndoom|Houndoominite
|move|p2b: Eelektross|Protect|p2b: Eelektross
|-singleturn|p2b: Eelektross|Protect
|move|p1a: Houndoom|Heat Wave|p2b: Eelektross|[spread] p2a
|-activate|p2b: Eelektross|move: Protect
|-damage|p2a: Farigiraf|43/100
|move|p1b: Ninetales|Snarl|p2b: Eelektross|[spread] p2a
|-activate|p2b: Eelektross|move: Protect
|-supereffective|p2a: Farigiraf|1
|-enditem|p2a: Farigiraf|Colbur Berry|[eat]
|-enditem|p2a: Farigiraf|Colbur Berry|[weaken]
|-damage|p2a: Farigiraf|37/100
|-unboost|p2a: Farigiraf|spa|1
|move|p2a: Farigiraf|Trick Room|p2a: Farigiraf
|-fieldstart|move: Trick Room|[of] p2a: Farigiraf
|
|-weather|SunnyDay|[upkeep]
|-damage|p1a: Houndoom|87/100|[from] ability: Solar Power|[of] p1a: Houndoom
|upkeep
|turn|2
|inactive|Daevidex has 30 seconds left.
|inactive|robinrambles has 30 seconds left.
|
|t:|1783814991
|switch|p1b: Kingambit|Kingambit, L50, M|100/100
|detailschange|p2b: Eelektross|Eelektross-Mega, L50, M
|-mega|p2b: Eelektross|Eelektross|Eelektrossite
|move|p2a: Farigiraf|Helping Hand|p2b: Eelektross
|-singleturn|p2b: Eelektross|Helping Hand|[of] p2a: Farigiraf
|move|p1a: Houndoom|Protect|p1a: Houndoom
|-singleturn|p1a: Houndoom|Protect
|move|p2b: Eelektross|Thunderbolt|p1a: Houndoom
|-activate|p1a: Houndoom|move: Protect
|
|-weather|SunnyDay|[upkeep]
|-damage|p1a: Houndoom|75/100|[from] ability: Solar Power|[of] p1a: Houndoom
|upkeep
|turn|3
|
|t:|1783815016
|switch|p1a: Ninetales|Ninetales, L50, F|100/100
|move|p2a: Farigiraf|Helping Hand|p2b: Eelektross
|-singleturn|p2b: Eelektross|Helping Hand|[of] p2a: Farigiraf
|move|p1b: Kingambit|Kowtow Cleave|p2b: Eelektross
|-damage|p2b: Eelektross|40/100
|move|p2b: Eelektross|Flamethrower|p1b: Kingambit
|-supereffective|p1b: Kingambit|1
|-damage|p1b: Kingambit|0 fnt
|faint|p1b: Kingambit
|-ability|p2b: Eelektross|Eelevate|boost
|-boost|p2b: Eelektross|spa|1
|
|-weather|SunnyDay|[upkeep]
|upkeep
|
|t:|1783815030
|switch|p1b: Farigiraf|Farigiraf, L50, F|100/100
|turn|4
|
|t:|1783815051
|move|p2a: Farigiraf|Helping Hand|p2b: Eelektross
|-singleturn|p2b: Eelektross|Helping Hand|[of] p2a: Farigiraf
|move|p1b: Farigiraf|Hyper Voice|p2a: Farigiraf|[spread] p2a,p2b
|-damage|p2a: Farigiraf|14/100
|-damage|p2b: Eelektross|11/100
|move|p2b: Eelektross|Giga Drain|p1b: Farigiraf
|-damage|p1b: Farigiraf|36/100
|-heal|p2b: Eelektross|52/100|[from] drain|[of] p1b: Farigiraf
|-enditem|p1b: Farigiraf|Sitrus Berry|[eat]
|-heal|p1b: Farigiraf|60/100|[from] item: Sitrus Berry
|move|p1a: Ninetales|Snarl|p2b: Eelektross|[spread] p2a,p2b
|-supereffective|p2a: Farigiraf|1
|-damage|p2a: Farigiraf|2/100
|-damage|p2b: Eelektross|44/100
|-unboost|p2a: Farigiraf|spa|1
|-unboost|p2b: Eelektross|spa|1
|
|-weather|SunnyDay|[upkeep]
|upkeep
|turn|5
|inactive|robinrambles has 30 seconds left.
|
|t:|1783815079
|move|p2a: Farigiraf|Helping Hand|p2b: Eelektross
|-singleturn|p2b: Eelektross|Helping Hand|[of] p2a: Farigiraf
|move|p1b: Farigiraf|Twin Beam|p2b: Eelektross
|-damage|p2b: Eelektross|26/100
|-damage|p2b: Eelektross|5/100
|-hitcount|p2b: Eelektross|2
|move|p2b: Eelektross|Thunderbolt|p1a: Ninetales
|-damage|p1a: Ninetales|20/100r
|move|p1a: Ninetales|Snarl|p2b: Eelektross|[spread] p2a,p2b
|-supereffective|p2a: Farigiraf|1
|-damage|p2a: Farigiraf|0 fnt
|-damage|p2b: Eelektross|0 fnt
|faint|p2a: Farigiraf
|faint|p2b: Eelektross
|
|-weather|SunnyDay|[upkeep]
|-fieldend|move: Trick Room
|upkeep
|
|t:|1783815093
|switch|p2b: Kingambit|Kingambit, L50, F|100/100
|switch|p2a: Sylveon|Sylveon, L50, M|100/100
|turn|6
|inactive|Daevidex has 30 seconds left.
|inactive|robinrambles has 30 seconds left.
|
|t:|1783815126
|move|p1b: Farigiraf|Helping Hand|p1a: Ninetales
|-singleturn|p1a: Ninetales|Helping Hand|[of] p1b: Farigiraf
|move|p1a: Ninetales|Solar Beam||[still]
|-prepare|p1a: Ninetales|Solar Beam
|-anim|p1a: Ninetales|Solar Beam|p2a: Sylveon
|-damage|p2a: Sylveon|76/100
|move|p2a: Sylveon|Hyper Voice|p1a: Ninetales|[spread] p1a,p1b
|-resisted|p1a: Ninetales|1
|-damage|p1a: Ninetales|0 fnt
|-damage|p1b: Farigiraf|14/100
|faint|p1a: Ninetales
|move|p2b: Kingambit|Kowtow Cleave|p1b: Farigiraf
|-supereffective|p1b: Farigiraf|1
|-damage|p1b: Farigiraf|0 fnt
|faint|p1b: Farigiraf
|
|-weather|SunnyDay|[upkeep]
|upkeep
|
|t:|1783815141
|switch|p1a: Houndoom|Houndoom-Mega, L50, F|75/100
|turn|7
|
|t:|1783815146
|move|p2a: Sylveon|Protect|p2a: Sylveon
|-singleturn|p2a: Sylveon|Protect
|move|p2b: Kingambit|Protect|p2b: Kingambit
|-singleturn|p2b: Kingambit|Protect
|move|p1a: Houndoom|Heat Wave|p2b: Kingambit|[spread] 
|-activate|p2a: Sylveon|move: Protect
|-activate|p2b: Kingambit|move: Protect
|
|-weather|SunnyDay|[upkeep]
|-damage|p1a: Houndoom|62/100|[from] ability: Solar Power|[of] p1a: Houndoom
|upkeep
|turn|8
|
|t:|1783815161
|move|p2b: Kingambit|Sucker Punch|p1a: Houndoom
|-resisted|p1a: Houndoom|1
|-damage|p1a: Houndoom|28/100
|move|p1a: Houndoom|Heat Wave|p2b: Kingambit|[spread] p2a,p2b
|-supereffective|p2b: Kingambit|1
|-damage|p2a: Sylveon|15/100
|-damage|p2b: Kingambit|0 fnt
|faint|p2b: Kingambit
|move|p2a: Sylveon|Hyper Voice|p1a: Houndoom
|-damage|p1a: Houndoom|0 fnt
|faint|p1a: Houndoom
|
|win|robinrambles
|raw|Daevidex's rating: 1146 → 1116(-30 for losing)
|raw|robinrambles's rating: 1075 → 1110(+35 for winning)
|l|☆Daevidex
|player|p1|
