|j|☆Mountainman46
|j|☆risotto_venere
|html|Mountainman46risotto_venere    
|uhtml|bestof|Game 3 of a best-of-3
|t:|1757857292
|gametype|doubles
|player|p1|Mountainman46|102|1177
|player|p2|risotto_venere|n|1197
|gen|9
|tier|[Gen 9] VGC 2025 Reg H (Bo3)
|rated|
|rule|Species Clause: Limit one of each Pokémon
|rule|Item Clause: Limit 1 of each item
|clearpoke
|poke|p1|Pelipper, L50, F|
|poke|p1|Basculegion, L50, M|
|poke|p1|Incineroar, L50, F|
|poke|p1|Archaludon, L50, M|
|poke|p1|Sinistcha, L50|
|poke|p1|Ursaluna, L50, M|
|poke|p2|Sneasler, L50, F|
|poke|p2|Dragapult, L50, M|
|poke|p2|Dondozo, L50, F|
|poke|p2|Rillaboom, L50, M|
|poke|p2|Volcarona, L50, M|
|poke|p2|Electabuzz, L50, F|
|teampreview|4
|showteam|p1|Pelipper||FocusSash|Drizzle|Hurricane,WeatherBall,Tailwind,Protect|||F|||50|,,,,,Stellar]Basculegion||ChoiceBand|SwiftSwim|WaveCrash,LastRespects,AquaJet,FlipTurn|||M|||50|,,,,,Water]Incineroar||SafetyGoggles|Intimidate|KnockOff,FakeOut,Taunt,PartingShot|||F|||50|,,,,,Flying]Archaludon||AssaultVest|Stamina|ElectroShot,DragonPulse,FlashCannon,BodyPress|||M|||50|,,,,,Grass]Sinistcha||SitrusBerry|Hospitality|MatchaGotcha,RagePowder,LifeDew,TrickRoom||||||50|,,,,,Water]Ursaluna||FlameOrb|Guts|HeadlongRush,Facade,Earthquake,Protect|||M|||50|,,,,,Ghost
|showteam|p2|Sneasler||FocusSash|PoisonTouch|FakeOut,DireClaw,CloseCombat,Protect|||F|||50|,,,,,Ghost]Dragapult||ChoiceBand|ClearBody|DragonDarts,PhantomForce,Uturn,Outrage|||M|||50|,,,,,Dragon]Dondozo||Leftovers|Unaware|WaveCrash,Yawn,Fissure,Protect|||F|||50|,,,,,Poison]Rillaboom||AssaultVest|GrassySurge|FakeOut,WoodHammer,GrassyGlide,HighHorsepower|||M|||50|,,,,,Fire]Volcarona||CovertCloak|FlameBody|HeatWave,QuiverDance,TeraBlast,Protect|||M|||50|,,,,,Fairy]Electabuzz||Eviolite|VitalSpirit|Electroweb,FollowMe,Taunt,Protect|||F|||50|,,,,,Ghost
|inactive|Battle timer is ON: inactive players will automatically lose when time's up. (requested by Mountainman46)
|
|t:|1757857318
|teamsize|p1|4
|teamsize|p2|4
|start
|switch|p1a: Pelipper|Pelipper, L50, F|100/100
|switch|p1b: Archaludon|Archaludon, L50, M|100/100
|switch|p2a: Rillaboom|Rillaboom, L50, M|100/100
|switch|p2b: Sneasler|Sneasler, L50, F|100/100
|-fieldstart|move: Grassy Terrain|[from] ability: Grassy Surge|[of] p2a: Rillaboom
|-weather|RainDance|[from] ability: Drizzle|[of] p1a: Pelipper
|turn|1
|
|t:|1757857341
|switch|p1a: Incineroar|Incineroar, L50, F, shiny|100/100
|-ability|p1a: Incineroar|Intimidate|boost
|-unboost|p2a: Rillaboom|atk|1
|-unboost|p2b: Sneasler|atk|1
|-terastallize|p1b: Archaludon|Grass
|move|p2b: Sneasler|Dire Claw|p1a: Incineroar
|-damage|p1a: Incineroar|75/100
|move|p2a: Rillaboom|Wood Hammer|p1a: Incineroar
|-resisted|p1a: Incineroar
|-damage|p1a: Incineroar|49/100
|-damage|p2a: Rillaboom|92/100|[from] Recoil
|move|p1b: Archaludon|Electro Shot||[still]
|-prepare|p1b: Archaludon|Electro Shot
|-boost|p1b: Archaludon|spa|1
|-anim|p1b: Archaludon|Electro Shot|p2b: Sneasler
|-damage|p2b: Sneasler|18/100
|
|-weather|RainDance|[upkeep]
|-heal|p2b: Sneasler|24/100|[from] Grassy Terrain
|-heal|p2a: Rillaboom|98/100|[from] Grassy Terrain
|-heal|p1a: Incineroar|55/100|[from] Grassy Terrain
|upkeep
|turn|2
|inactive|Mountainman46 has 30 seconds left.
|inactive|Mountainman46 has 20 seconds left.
|inactive|Mountainman46 has 15 seconds left.
|inactive|Mountainman46 has 10 seconds left.
|
|t:|1757857387
|switch|p2a: Dondozo|Dondozo, L50, F|100/100
|move|p2b: Sneasler|Protect|p2b: Sneasler
|-singleturn|p2b: Sneasler|Protect
|move|p1a: Incineroar|Knock Off|p2a: Dondozo
|-damage|p2a: Dondozo|79/100
|-enditem|p2a: Dondozo|Leftovers|[from] move: Knock Off|[of] p1a: Incineroar
|move|p1b: Archaludon|Dragon Pulse|p2b: Sneasler
|-activate|p2b: Sneasler|move: Protect
|
|-weather|RainDance|[upkeep]
|-heal|p2b: Sneasler|30/100|[from] Grassy Terrain
|-heal|p1a: Incineroar|61/100|[from] Grassy Terrain
|-heal|p2a: Dondozo|86/100|[from] Grassy Terrain
|upkeep
|turn|3
|inactive|Mountainman46 has 30 seconds left.
|
|t:|1757857420
|switch|p1a: Pelipper|Pelipper, L50, F|100/100
|move|p2b: Sneasler|Close Combat|p1a: Pelipper
|-resisted|p1a: Pelipper
|-damage|p1a: Pelipper|70/100
|-unboost|p2b: Sneasler|def|1
|-unboost|p2b: Sneasler|spd|1
|-status|p1a: Pelipper|psn|[from] ability: Poison Touch|[of] p2b: Sneasler
|move|p1b: Archaludon|Electro Shot||[still]
|-prepare|p1b: Archaludon|Electro Shot
|-boost|p1b: Archaludon|spa|1
|-anim|p1b: Archaludon|Electro Shot|p2a: Dondozo
|-supereffective|p2a: Dondozo
|-damage|p2a: Dondozo|24/100
|move|p2a: Dondozo|Fissure|p1b: Archaludon|[miss]
|-miss|p2a: Dondozo|p1b: Archaludon
|
|-weather|RainDance|[upkeep]
|-heal|p2b: Sneasler|35/100|[from] Grassy Terrain
|-heal|p2a: Dondozo|31/100|[from] Grassy Terrain
|-damage|p1a: Pelipper|58/100 psn|[from] psn
|upkeep
|turn|4
|inactive|Mountainman46 has 30 seconds left.
|
|t:|1757857453
|move|p2b: Sneasler|Dire Claw|p1b: Archaludon
|-supereffective|p1b: Archaludon
|-damage|p1b: Archaludon|60/100
|-ability|p1b: Archaludon|Stamina|boost
|-boost|p1b: Archaludon|def|1
|move|p1b: Archaludon|Electro Shot||[still]
|-prepare|p1b: Archaludon|Electro Shot
|-boost|p1b: Archaludon|spa|1
|-anim|p1b: Archaludon|Electro Shot|p2a: Dondozo
|-supereffective|p2a: Dondozo
|-damage|p2a: Dondozo|0 fnt
|faint|p2a: Dondozo
|move|p1a: Pelipper|Hurricane|p2b: Sneasler
|-supereffective|p2b: Sneasler
|-damage|p2b: Sneasler|0 fnt
|faint|p2b: Sneasler
|
|-weather|RainDance|[upkeep]
|-heal|p1b: Archaludon|66/100|[from] Grassy Terrain
|-damage|p1a: Pelipper|45/100 psn|[from] psn
|upkeep
|
|t:|1757857464
|switch|p2b: Dragapult|Dragapult, L50, M|100/100
|switch|p2a: Rillaboom|Rillaboom, L50, M|98/100
|turn|5
|inactive|Mountainman46 has 30 seconds left.
|
|t:|1757857493
|switch|p1a: Incineroar|Incineroar, L50, F, shiny|61/100
|-ability|p1a: Incineroar|Intimidate|boost
|-unboost|p2a: Rillaboom|atk|1
|-fail|p2b: Dragapult|unboost|[from] ability: Clear Body|[of] p2b: Dragapult
|-terastallize|p2b: Dragapult|Dragon
|move|p2a: Rillaboom|Grassy Glide|p1a: Incineroar
|-resisted|p1a: Incineroar
|-damage|p1a: Incineroar|49/100
|move|p2b: Dragapult|Outrage|p1b: Archaludon
|-damage|p1b: Archaludon|4/100
|-ability|p1b: Archaludon|Stamina|boost
|-boost|p1b: Archaludon|def|1
|move|p1b: Archaludon|Dragon Pulse|p2b: Dragapult
|-supereffective|p2b: Dragapult
|-damage|p2b: Dragapult|0 fnt
|faint|p2b: Dragapult
|
|-weather|none
|-heal|p2a: Rillaboom|100/100|[from] Grassy Terrain
|-heal|p1a: Incineroar|55/100|[from] Grassy Terrain
|-heal|p1b: Archaludon|10/100|[from] Grassy Terrain
|-fieldend|move: Grassy Terrain
|upkeep
|turn|6
|-message|risotto_venere forfeited.
|raw|Mountainman46's rating: 1177 → 1203(+26 for winning)
|raw|risotto_venere's rating: 1197 → 1171(-26 for losing)
|
|win|Mountainman46
|l|☆risotto_venere
|player|p2|
