|j|☆luckyross
|j|☆wweewwzz
|html|luckyrosswweewwzz    
|uhtml|bestof|Game 2 of a best-of-3
|t:|1756428305
|gametype|doubles
|player|p1|luckyross|101|1144
|player|p2|wweewwzz|pokekid|1383
|gen|9
|tier|[Gen 9] VGC 2025 Reg H (Bo3)
|rated|
|rule|Species Clause: Limit one of each Pokémon
|rule|Item Clause: Limit 1 of each item
|clearpoke
|poke|p1|Murkrow, L50, M|
|poke|p1|Gholdengo, L50|
|poke|p1|Primarina, L50, M|
|poke|p1|Hydreigon, L50, M|
|poke|p1|Gliscor, L50, M|
|poke|p1|Sneasler, L50, F|
|poke|p2|Gholdengo, L50|
|poke|p2|Incineroar, L50, M|
|poke|p2|Ursaluna, L50, F|
|poke|p2|Sinistcha, L50|
|poke|p2|Sneasler, L50, M|
|poke|p2|Dragonite, L50, M|
|teampreview|4
|showteam|p1|Murkrow||Eviolite|Prankster|Tailwind,FoulPlay,Haze,Quash|||M|||50|,,,,,Ghost]Gholdengo||ChoiceSpecs|GoodasGold|MakeItRain,ShadowBall,FocusBlast,Trick||||||50|,,,,,Steel]Primarina||ThroatSpray|LiquidVoice|HyperVoice,Moonblast,AquaJet,Protect|||M|||50|,,,,,Poison]Hydreigon||LifeOrb|Levitate|DarkPulse,DracoMeteor,Tailwind,Protect|||M|||50|,,,,,Ghost]Gliscor||ChoiceBand|HyperCutter|Earthquake,HighHorsepower,DualWingbeat,RockSlide|||M|||50|,,,,,Dark]Sneasler||WhiteHerb|Unburden|FakeOut,CloseCombat,DireClaw,Protect|||F|||50|,,,,,Stellar
|showteam|p2|Gholdengo||LifeOrb|GoodasGold|MakeItRain,ShadowBall,NastyPlot,Protect||||||50|,,,,,Water]Incineroar||AssaultVest|Intimidate|FakeOut,Uturn,KnockOff,FlareBlitz|||M|||50|,,,,,Ghost]Ursaluna||FlameOrb|Guts|Earthquake,Facade,HeadlongRush,Protect|||F|||50|,,,,,Ghost]Sinistcha||SitrusBerry|Hospitality|MatchaGotcha,LifeDew,RagePowder,TrickRoom||||||50|,,,,,Dark]Sneasler||FocusSash|PoisonTouch|DireClaw,CloseCombat,Coaching,Protect|||M|||50|,,,,,Flying]Dragonite||LoadedDice|Multiscale|ScaleShot,Haze,Tailwind,Protect|||M|||50|,,,,,Fairy
|inactive|Battle timer is ON: inactive players will automatically lose when time's up. (requested by wweewwzz)
|inactive|luckyross has 60 seconds left.
|
|t:|1756428353
|teamsize|p1|4
|teamsize|p2|4
|start
|switch|p1a: Ficello-Man|Gholdengo, L50|100/100
|switch|p1b: Murkrow|Murkrow, L50, M, shiny|100/100
|switch|p2a: Sinistcha|Sinistcha, L50|100/100
|switch|p2b: Incineroar|Incineroar, L50, M|100/100
|-ability|p2b: Incineroar|Intimidate|boost
|-unboost|p1a: Ficello-Man|atk|1
|-unboost|p1b: Murkrow|atk|1
|turn|1
|inactive|wweewwzz has 30 seconds left.
|
|t:|1756428380
|move|p1a: Ficello-Man|Shadow Ball|p2a: Sinistcha
|-supereffective|p2a: Sinistcha
|-damage|p2a: Sinistcha|0 fnt
|faint|p2a: Sinistcha
|move|p1b: Murkrow|Foul Play|p2b: Incineroar
|-resisted|p2b: Incineroar
|-damage|p2b: Incineroar|82/100
|move|p2b: Incineroar|U-turn|p1b: Murkrow
|-crit|p1b: Murkrow
|-damage|p1b: Murkrow|60/100
|
|t:|1756428383
|switch|p2b: Ursaluna|Ursaluna, L50, F, shiny|100/100|[from] U-turn
|
|-status|p2b: Ursaluna|brn|[from] item: Flame Orb
|upkeep
|
|t:|1756428385
|switch|p2a: Incineroar|Incineroar, L50, M|82/100
|-ability|p2a: Incineroar|Intimidate|boost
|-unboost|p1a: Ficello-Man|atk|1
|-unboost|p1b: Murkrow|atk|1
|turn|2
|
|t:|1756428402
|switch|p1a: Hydreigon|Hydreigon, L50, M, shiny|100/100
|move|p1b: Murkrow|Foul Play|p2b: Ursaluna
|-damage|p2b: Ursaluna|52/100 brn
|move|p2a: Incineroar|Flare Blitz|p1b: Murkrow
|-damage|p1b: Murkrow|0 fnt
|faint|p1b: Murkrow
|-damage|p2a: Incineroar|65/100|[from] Recoil
|move|p2b: Ursaluna|Facade|p1a: Hydreigon
|-damage|p1a: Hydreigon|0 fnt
|faint|p1a: Hydreigon
|
|-damage|p2b: Ursaluna|46/100 brn|[from] brn
|upkeep
|
|t:|1756428413
|switch|p1a: Ficello-Man|Gholdengo, L50|100/100
|switch|p1b: Primarina|Primarina, L50, M|100/100
|turn|3
|
|t:|1756428437
|-terastallize|p1a: Ficello-Man|Steel
|move|p2b: Ursaluna|Protect|p2b: Ursaluna
|-singleturn|p2b: Ursaluna|Protect
|move|p1a: Ficello-Man|Make It Rain|p2a: Incineroar|[spread] p2a
|-activate|p2b: Ursaluna|move: Protect
|-resisted|p2a: Incineroar
|-damage|p2a: Incineroar|34/100
|-unboost|p1a: Ficello-Man|spa|1
|move|p1b: Primarina|Hyper Voice|p2a: Incineroar|[spread] p2a
|-activate|p2b: Ursaluna|move: Protect
|-supereffective|p2a: Incineroar
|-damage|p2a: Incineroar|0 fnt
|faint|p2a: Incineroar
|-enditem|p1b: Primarina|Throat Spray
|-boost|p1b: Primarina|spa|1|[from] item: Throat Spray
|
|-damage|p2b: Ursaluna|39/100 brn|[from] brn
|upkeep
|
|t:|1756428448
|switch|p2a: Gholdengo|Gholdengo, L50, shiny|100/100
|turn|4
|
|t:|1756428457
|-terastallize|p2a: Gholdengo|Water
|move|p2a: Gholdengo|Make It Rain|p1b: Primarina|[spread] p1a,p1b
|-resisted|p1a: Ficello-Man
|-damage|p1a: Ficello-Man|70/100
|-damage|p1b: Primarina|54/100
|-unboost|p2a: Gholdengo|spa|1
|-damage|p2a: Gholdengo|91/100|[from] item: Life Orb
|move|p1a: Ficello-Man|Make It Rain|p2a: Gholdengo|[spread] p2a,p2b
|-resisted|p2a: Gholdengo
|-damage|p2a: Gholdengo|56/100
|-damage|p2b: Ursaluna|0 fnt
|-unboost|p1a: Ficello-Man|spa|1
|faint|p2b: Ursaluna
|move|p1b: Primarina|Hyper Voice|p2a: Gholdengo
|-resisted|p2a: Gholdengo
|-damage|p2a: Gholdengo|19/100
|
|upkeep
|turn|5
|
|t:|1756428477
|move|p2a: Gholdengo|Make It Rain|p1b: Primarina|[spread] p1a,p1b
|-resisted|p1a: Ficello-Man
|-damage|p1a: Ficello-Man|48/100
|-damage|p1b: Primarina|21/100
|-unboost|p2a: Gholdengo|spa|1
|-damage|p2a: Gholdengo|10/100|[from] item: Life Orb
|move|p1a: Ficello-Man|Make It Rain|p2a: Gholdengo
|-resisted|p2a: Gholdengo
|-damage|p2a: Gholdengo|0 fnt
|-unboost|p1a: Ficello-Man|spa|1
|faint|p2a: Gholdengo
|
|win|luckyross
|inactive|luckyross has 30 seconds to confirm battle start!
|inactive|wweewwzz has 30 seconds to confirm battle start!
||luckyross is ready for game 3.
|inactive|wweewwzz has 20 seconds to confirm battle start!
||wweewwzz is ready for game 3.
|uhtml|next|Next: Game 3 of 3
|l|☆luckyross
|player|p1|
