|j|☆andybadandy
|j|☆Isam_26011
|html|andybadandyIsam_26011    
|uhtml|bestof|Game 1 of a best-of-3
|t:|1756922940
|gametype|doubles
|player|p1|andybadandy|265|1095
|player|p2|Isam_26011|n|1105
|gen|9
|tier|[Gen 9] VGC 2025 Reg H (Bo3)
|rated|
|rule|Species Clause: Limit one of each Pokémon
|rule|Item Clause: Limit 1 of each item
|clearpoke
|poke|p1|Basculegion, L50, M|
|poke|p1|Archaludon, L50, M|
|poke|p1|Sinistcha, L50|
|poke|p1|Pelipper, L50, F|
|poke|p1|Annihilape, L50, F|
|poke|p1|Greninja-*, L50, M|
|poke|p2|Indeedee-F, L50, F|
|poke|p2|Hatterene, L50, F|
|poke|p2|Gallade, L50, M|
|poke|p2|Ursaluna, L50, M|
|poke|p2|Sunflora, L50, M|
|poke|p2|Torkoal, L50, M|
|teampreview|4
|showteam|p1|Basculegion||ChoiceBand|SwiftSwim|Liquidation,FlipTurn,LastRespects,AquaJet|||M|||50|,,,,,Water]Archaludon||AssaultVest|Stamina|ElectroShot,BodyPress,DragonPulse,FlashCannon|||M|||50|,,,,,Fighting]Sinistcha||MentalHerb|Hospitality|RagePowder,LifeDew,MatchaGotcha,Protect||||||50|,,,,,Water]Pelipper||FocusSash|Drizzle|WideGuard,Hurricane,WeatherBall,Protect|||F|||50|,,,,,Stellar]Annihilape||ChoiceScarf|Defiant|FinalGambit,Uturn,CloseCombat,RageFist|||F|||50|,,,,,Grass]Greninja||LoadedDice|Protean|WaterShuriken,RainDance,Protect,Taunt|||M|||50|,,,,,Ghost
|showteam|p2|Indeedee-F||PsychicSeed|PsychicSurge|TrickRoom,FollowMe,HelpingHand,DazzlingGleam|||F|||50|,,,,,Fire]Hatterene||LifeOrb|MagicBounce|ExpandingForce,TrickRoom,DazzlingGleam,Protect|||F|||50|,,,,,Psychic]Gallade||ClearAmulet|Sharpness|PsychoCut,TrickRoom,SacredSword,WideGuard|||M|||50|,,,,,Grass]Ursaluna||FlameOrb|Guts|HeadlongRush,Facade,SwordsDance,Protect|||M|||50|,,,,,Ghost]Sunflora||AssaultVest|SolarPower|EnergyBall,WeatherBall,SludgeBomb,EarthPower|||M|||50|,,,,,Fire]Torkoal||ChoiceSpecs|Drought|Eruption,HeatWave,WeatherBall,EarthPower|||M|||50|,,,,,Fire
|
|t:|1756922968
|teamsize|p1|4
|teamsize|p2|4
|start
|switch|p1a: Greninja|Greninja, L50, M|100/100
|switch|p1b: Basculegion|Basculegion, L50, M|100/100
|switch|p2a: Paty|Indeedee-F, L50, F, shiny|100/100
|switch|p2b: Acelga|Hatterene, L50, F, shiny|100/100
|-fieldstart|move: Psychic Terrain|[from] ability: Psychic Surge|[of] p2a: Paty
|-enditem|p2a: Paty|Psychic Seed
|-boost|p2a: Paty|spd|1|[from] item: Psychic Seed
|turn|1
|
|t:|1756922991
|move|p2a: Paty|Follow Me|p2a: Paty
|-singleturn|p2a: Paty|move: Follow Me
|move|p1a: Greninja|Taunt|p2a: Paty
|-start|p1a: Greninja|typechange|Dark|[from] ability: Protean
|-start|p2a: Paty|move: Taunt
|move|p1b: Basculegion|Flip Turn|p2a: Paty
|-damage|p2a: Paty|61/100
|
|t:|1756922999
|switch|p1b: Archaludon|Archaludon, L50, M|100/100|[from] Flip Turn
|move|p2b: Acelga|Trick Room|p2b: Acelga
|-fieldstart|move: Trick Room|[of] p2b: Acelga
|
|upkeep
|turn|2
|
|t:|1756923018
|move|p1a: Greninja|Water Shuriken|p1b: Archaludon
|-resisted|p1b: Archaludon
|-damage|p1b: Archaludon|99/100
|-ability|p1b: Archaludon|Stamina|boost
|-boost|p1b: Archaludon|def|1
|-resisted|p1b: Archaludon
|-damage|p1b: Archaludon|97/100
|-ability|p1b: Archaludon|Stamina|boost
|-boost|p1b: Archaludon|def|1
|-resisted|p1b: Archaludon
|-damage|p1b: Archaludon|95/100
|-ability|p1b: Archaludon|Stamina|boost
|-boost|p1b: Archaludon|def|1
|-resisted|p1b: Archaludon
|-damage|p1b: Archaludon|93/100
|-ability|p1b: Archaludon|Stamina|boost
|-boost|p1b: Archaludon|def|1
|-hitcount|p1b: Archaludon|4
|move|p2b: Acelga|Dazzling Gleam|p1b: Archaludon|[spread] p1a,p1b
|-supereffective|p1a: Greninja
|-damage|p1a: Greninja|0 fnt
|-damage|p1b: Archaludon|62/100
|-ability|p1b: Archaludon|Stamina|boost
|-boost|p1b: Archaludon|def|1
|faint|p1a: Greninja
|-damage|p2b: Acelga|91/100|[from] item: Life Orb
|move|p2a: Paty|Dazzling Gleam|p1b: Archaludon
|-damage|p1b: Archaludon|50/100
|-ability|p1b: Archaludon|Stamina|boost
|-boost|p1b: Archaludon|def|1
|move|p1b: Archaludon|Flash Cannon|p2b: Acelga
|-supereffective|p2b: Acelga
|-damage|p2b: Acelga|0 fnt
|faint|p2b: Acelga
|
|upkeep
|
|t:|1756923023
|switch|p2b: GOD|Sunflora, L50, M|100/100
|switch|p1a: Pelipper|Pelipper, L50, F|100/100
|-weather|RainDance|[from] ability: Drizzle|[of] p1a: Pelipper
|turn|3
|
|t:|1756923046
|switch|p2a: Shura|Gallade, L50, M, shiny|100/100
|switch|p1a: Basculegion|Basculegion, L50, M|100/100
|-terastallize|p2b: GOD|Fire
|move|p2b: GOD|Earth Power|p1b: Archaludon
|-supereffective|p1b: Archaludon
|-damage|p1b: Archaludon|11/100
|move|p1b: Archaludon|Body Press|p2b: GOD
|-damage|p2b: GOD|0 fnt
|faint|p2b: GOD
|
|-weather|RainDance|[upkeep]
|upkeep
|
|t:|1756923055
|switch|p2b: Paty|Indeedee-F, L50, F, shiny|61/100
|turn|4
|
|t:|1756923081
|move|p2a: Shura|Psycho Cut|p1a: Basculegion
|-damage|p1a: Basculegion|5/100
|move|p2b: Paty|Dazzling Gleam|p1b: Archaludon|[spread] p1a,p1b
|-damage|p1a: Basculegion|0 fnt
|-damage|p1b: Archaludon|3/100
|faint|p1a: Basculegion
|move|p1b: Archaludon|Body Press|p2b: Paty
|-damage|p2b: Paty|0 fnt
|faint|p2b: Paty
|
|-weather|RainDance|[upkeep]
|upkeep
|
|t:|1756923087
|switch|p1a: Pelipper|Pelipper, L50, F|100/100
|turn|5
|
|t:|1756923098
|move|p2a: Shura|Psycho Cut|p1b: Archaludon
|-resisted|p1b: Archaludon
|-damage|p1b: Archaludon|0 fnt
|faint|p1b: Archaludon
|move|p1a: Pelipper|Hurricane|p2a: Shura
|-supereffective|p2a: Shura
|-damage|p2a: Shura|14/100
|-start|p2a: Shura|confusion
|
|-weather|RainDance|[upkeep]
|-fieldend|move: Trick Room
|-fieldend|move: Psychic Terrain
|upkeep
|turn|6
|
|t:|1756923105
|move|p1a: Pelipper|Hurricane|p2a: Shura
|-supereffective|p2a: Shura
|-damage|p2a: Shura|0 fnt
|faint|p2a: Shura
|
|win|andybadandy
||andybadandy is ready for game 2.
||Isam_26011 is ready for game 2.
|uhtml|next|Next: Game 2 of 3
