|j|☆regalac3
|j|☆polyman
|html|regalac3polyman    
|uhtml|bestof|Game 1 of a best-of-3
|t:|1757026966
|gametype|doubles
|player|p1|regalac3|n|1077
|player|p2|polyman|2|1000
|gen|9
|tier|[Gen 9] VGC 2025 Reg H (Bo3)
|rated|
|rule|Species Clause: Limit one of each Pokémon
|rule|Item Clause: Limit 1 of each item
|clearpoke
|poke|p1|Pelipper, L50, F|
|poke|p1|Basculegion, L50, M|
|poke|p1|Archaludon, L50, M|
|poke|p1|Annihilape, L50, F|
|poke|p1|Rillaboom, L50, M|
|poke|p1|Maushold-Four, L50|
|poke|p2|Weezing-Galar, L50, M|
|poke|p2|Toedscruel, L50, M|
|poke|p2|Slaking, L50, M|
|poke|p2|Incineroar, L50, M|
|poke|p2|Decidueye-Hisui, L50, F|
|poke|p2|Clefairy, L50, M|
|teampreview|4
|showteam|p1|Pelipper||FocusSash|Drizzle|Hurricane,WeatherBall,WideGuard,Protect|||F|||50|,,,,,Stellar]Basculegion||LifeOrb|SwiftSwim|WaveCrash,LastRespects,AquaJet,Protect|||M|||50|,,,,,Water]Archaludon||AssaultVest|Stamina|FlashCannon,DracoMeteor,ElectroShot,BodyPress|||M|||50|,,,,,Bug]Annihilape||Leftovers|Defiant|RageFist,DrainPunch,BulkUp,Protect|||F|||50|,,,,,Fire]Rillaboom||LoadedDice|GrassySurge|BulletSeed,GrassyGlide,HighHorsepower,FakeOut|||M|||50|,,,,,Water]Maushold-Four||SafetyGoggles|FriendGuard|BeatUp,FollowMe,Taunt,Protect||||||50|,,,,,Ghost
|showteam|p2|Weezing-Galar||Leftovers|NeutralizingGas|DazzlingGleam,Protect,Flamethrower,Taunt|||M|||50|,,,,,Grass]Toedscruel||CovertCloak|MyceliumMight|Spore,AcidSpray,Spikes,RagePowder|||M|||50|,,,,,Ground]Slaking||LifeOrb|Truant|SlackOff,Trailblaze,Curse,HighHorsepower|||M|||50|,,,,,Normal]Incineroar||AbilityShield|Intimidate|PartingShot,KnockOff,FakeOut,Protect|||M|||50|,,,,,Fire]Decidueye-Hisui||FocusSash|Scrappy|Tailwind,TripleArrows,Uturn,CloseCombat|||F|||50|,,,,,Fairy]Clefairy||Eviolite|FriendGuard|FollowMe,HealPulse,Psychic,Protect|||M|||50|,,,,,Fairy
|inactive|Battle timer is ON: inactive players will automatically lose when time's up. (requested by regalac3)
|
|t:|1757026981
|teamsize|p1|4
|teamsize|p2|4
|start
|switch|p1a: Maushold|Maushold-Four, L50|100/100
|switch|p1b: Annihilape|Annihilape, L50, F|100/100
|switch|p2a: Weezing|Weezing-Galar, L50, M, shiny|100/100
|switch|p2b: Slaking|Slaking, L50, M|100/100
|-ability|p2a: Weezing|Neutralizing Gas
|turn|1
|inactive|regalac3 has 30 seconds left.
|
|t:|1757027009
|-end|p2a: Weezing|ability: Neutralizing Gas
|switch|p2a: Decidueye|Decidueye-Hisui, L50, F|100/100
|move|p1a: Maushold|Taunt|p2b: Slaking
|-start|p2b: Slaking|move: Taunt
|move|p1b: Annihilape|Drain Punch|p2b: Slaking
|-supereffective|p2b: Slaking
|-damage|p2b: Slaking|58/100
|cant|p2b: Slaking|move: Taunt|Curse
|
|upkeep
|turn|2
|inactive|regalac3 has 30 seconds left.
|inactive|polyman has 30 seconds left.
|
|t:|1757027041
|switch|p1a: Rillaboom|Rillaboom, L50, M|100/100
|-fieldstart|move: Grassy Terrain|[from] ability: Grassy Surge|[of] p1a: Rillaboom
|-terastallize|p1b: Annihilape|Fire
|move|p1b: Annihilape|Bulk Up|p1b: Annihilape
|-boost|p1b: Annihilape|atk|1
|-boost|p1b: Annihilape|def|1
|cant|p2b: Slaking|ability: Truant
|move|p2a: Decidueye|Tailwind|p2a: Decidueye
|-sidestart|p2: polyman|move: Tailwind
|
|-heal|p2b: Slaking|65/100|[from] Grassy Terrain
|upkeep
|turn|3
|
|t:|1757027066
|move|p1a: Rillaboom|Fake Out|p2b: Slaking
|-damage|p2b: Slaking|54/100
|cant|p2b: Slaking|flinch
|move|p2a: Decidueye|U-turn|p1a: Rillaboom
|-supereffective|p1a: Rillaboom
|-damage|p1a: Rillaboom|54/100
|
|t:|1757027072
|switch|p2a: Weezing|Weezing-Galar, L50, M, shiny|100/100|[from] U-turn
|-ability|p2a: Weezing|Neutralizing Gas
|move|p1b: Annihilape|Drain Punch|p2b: Slaking
|-supereffective|p2b: Slaking
|-damage|p2b: Slaking|0 fnt
|faint|p2b: Slaking
|
|-heal|p1a: Rillaboom|60/100|[from] Grassy Terrain
|upkeep
|
|t:|1757027082
|switch|p2b: Toedscruel|Toedscruel, L50, M|100/100
|turn|4
|
|t:|1757027097
|switch|p1a: Archaludon|Archaludon, L50, M|100/100
|move|p2b: Toedscruel|Spore|p1b: Annihilape
|-status|p1b: Annihilape|slp|[from] move: Spore
|move|p2a: Weezing|Flamethrower|p1a: Archaludon
|-damage|p1a: Archaludon|88/100
|cant|p1b: Annihilape|slp
|
|-heal|p1a: Archaludon|94/100|[from] Grassy Terrain
|upkeep
|turn|5
|
|t:|1757027117
|-end|p2a: Weezing|ability: Neutralizing Gas
|switch|p2a: Decidueye|Decidueye-Hisui, L50, F|100/100
|switch|p1a: Rillaboom|Rillaboom, L50, M|60/100
|move|p2b: Toedscruel|Spore|p1a: Rillaboom
|-immune|p1a: Rillaboom
|cant|p1b: Annihilape|slp
|
|-heal|p1a: Rillaboom|66/100|[from] Grassy Terrain
|-sideend|p2: polyman|move: Tailwind
|upkeep
|turn|6
|
|t:|1757027136
|switch|p1a: Maushold|Maushold-Four, L50|100/100
|cant|p1b: Annihilape|slp
|move|p2b: Toedscruel|Acid Spray|p1a: Maushold
|-damage|p1a: Maushold|91/100
|-unboost|p1a: Maushold|spd|2
|move|p2a: Decidueye|Close Combat|p1b: Annihilape
|-damage|p1b: Annihilape|72/100 slp
|-unboost|p2a: Decidueye|def|1
|-unboost|p2a: Decidueye|spd|1
|
|-heal|p1a: Maushold|97/100|[from] Grassy Terrain
|-heal|p1b: Annihilape|78/100 slp|[from] Grassy Terrain
|-heal|p1b: Annihilape|85/100 slp|[from] item: Leftovers
|-fieldend|move: Grassy Terrain
|upkeep
|turn|7
|inactive|regalac3 has 30 seconds left.
|
|t:|1757027165
|move|p1a: Maushold|Beat Up|p1b: Annihilape
|-damage|p1b: Annihilape|83/100 slp
|-damage|p1b: Annihilape|81/100 slp
|-damage|p1b: Annihilape|79/100 slp
|-hitcount|p1b: Annihilape|3
|-curestatus|p1b: Annihilape|slp|[msg]
|move|p1b: Annihilape|Rage Fist|p2b: Toedscruel
|-damage|p2b: Toedscruel|0 fnt
|faint|p2b: Toedscruel
|move|p2a: Decidueye|U-turn|p1b: Annihilape
|-resisted|p1b: Annihilape
|-damage|p1b: Annihilape|74/100
|
|t:|1757027177
|switch|p2a: Weezing|Weezing-Galar, L50, M, shiny|100/100|[from] U-turn
|-ability|p2a: Weezing|Neutralizing Gas
|
|-heal|p1b: Annihilape|80/100|[from] item: Leftovers
|upkeep
|
|t:|1757027183
|switch|p2b: Decidueye|Decidueye-Hisui, L50, F|100/100
|turn|8
|-message|polyman forfeited.
|
|win|regalac3
|l|☆polyman
|player|p2|
