|j|☆dambro222
|j|☆gonnatortureyou
|html|dambro222gonnatortureyou    
|uhtml|bestof|Game 1 of a best-of-3
|t:|1756236597
|gametype|doubles
|player|p1|dambro222|ethan|1115
|player|p2|gonnatortureyou|169|1109
|gen|9
|tier|[Gen 9] VGC 2025 Reg H (Bo3)
|rated|
|rule|Species Clause: Limit one of each Pokémon
|rule|Item Clause: Limit 1 of each item
|clearpoke
|poke|p1|Dragonite, L50, M|
|poke|p1|Volcarona, L50, F|
|poke|p1|Sneasler, L50, M|
|poke|p1|Rillaboom, L50, M|
|poke|p1|Electabuzz, L50, M|
|poke|p1|Kingambit, L50, M|
|poke|p2|Charizard, L50, M|
|poke|p2|Torkoal, L50, M|
|poke|p2|Porygon2, L50|
|poke|p2|Incineroar, L50, M|
|poke|p2|Jumpluff, L50, M|
|poke|p2|Ursaluna, L50, M|
|teampreview|4
|showteam|p1|Dragonite||LoadedDice|Multiscale|ScaleShot,ExtremeSpeed,Haze,Protect|||M|||50|,,,,,Fairy]Volcarona||CovertCloak|FlameBody|HeatWave,TeraBlast,QuiverDance,Protect|||F|||50|,,,,,Fairy]Sneasler||FocusSash|Unburden|CloseCombat,DireClaw,Coaching,Protect|||M|||50|,,,,,Stellar]Rillaboom||AssaultVest|GrassySurge|WoodHammer,GrassyGlide,HighHorsepower,FakeOut|||M|||50|,,,,,Water]Electabuzz||Eviolite|VitalSpirit|Electroweb,FollowMe,Taunt,Protect|||M|||50|,,,,,Ghost]Kingambit||BlackGlasses|Defiant|KowtowCleave,SuckerPunch,SwordsDance,Protect|||M|||50|,,,,,Dark
|showteam|p2|Charizard||ChoiceSpecs|SolarPower|HeatWave,Overheat,WeatherBall,AirSlash|||M|||50|,,,,,Ghost]Torkoal||EjectPack|Drought|Eruption,Overheat,HelpingHand,Protect|||M|||50|,,,,,Fire]Porygon2||Eviolite|Download|IceBeam,TeraBlast,TrickRoom,Recover||||||50|,,,,,Fighting]Incineroar||SitrusBerry|Intimidate|FlareBlitz,KnockOff,FakeOut,PartingShot|||M|||50|,,,,,Ghost]Jumpluff||CovertCloak|Chlorophyll|SleepPowder,SunnyDay,RagePowder,Tailwind|||M|||50|,,,,,Water]Ursaluna||FlameOrb|Guts|HeadlongRush,Facade,Earthquake,Protect|||M|||50|,,,,,Ghost
|inactive|Battle timer is ON: inactive players will automatically lose when time's up. (requested by gonnatortureyou)
|inactive|dambro222 also wants the timer to be on.
|inactive|dambro222 has 60 seconds left.
|
|t:|1756236631
|teamsize|p1|4
|teamsize|p2|4
|start
|switch|p1a: Volcarona|Volcarona, L50, F|100/100
|switch|p1b: Electabuzz|Electabuzz, L50, M|100/100
|switch|p2a: Torkoal|Torkoal, L50, M|100/100
|switch|p2b: Jumpluff|Jumpluff, L50, M|100/100
|-weather|SunnyDay|[from] ability: Drought|[of] p2a: Torkoal
|turn|1
|
|t:|1756236654
|-terastallize|p2a: Torkoal|Fire
|move|p2b: Jumpluff|Rage Powder|p2b: Jumpluff
|-singleturn|p2b: Jumpluff|move: Rage Powder
|move|p1b: Electabuzz|Follow Me|p1b: Electabuzz
|-singleturn|p1b: Electabuzz|move: Follow Me
|move|p1a: Volcarona|Quiver Dance|p1a: Volcarona
|-boost|p1a: Volcarona|spa|1
|-boost|p1a: Volcarona|spd|1
|-boost|p1a: Volcarona|spe|1
|move|p2a: Torkoal|Eruption|p1a: Volcarona|[spread] p1a,p1b
|-damage|p1a: Volcarona|42/100
|-damage|p1b: Electabuzz|24/100
|
|-weather|SunnyDay|[upkeep]
|upkeep
|turn|2
|inactive|dambro222 has 30 seconds left.
|inactive|dambro222 has 20 seconds left.
|inactive|dambro222 has 15 seconds left.
|
|t:|1756236696
|switch|p2a: Charizard|Charizard, L50, M|100/100
|move|p1b: Electabuzz|Follow Me|p1b: Electabuzz
|-singleturn|p1b: Electabuzz|move: Follow Me
|move|p2b: Jumpluff|Tailwind|p2b: Jumpluff
|-sidestart|p2: gonnatortureyou|move: Tailwind
|move|p1a: Volcarona|Heat Wave|p2a: Charizard|[spread] p2a,p2b
|-resisted|p2a: Charizard
|-supereffective|p2b: Jumpluff
|-damage|p2a: Charizard|44/100
|-damage|p2b: Jumpluff|0 fnt
|faint|p2b: Jumpluff
|
|-weather|SunnyDay|[upkeep]
|-damage|p2a: Charizard|32/100|[from] ability: Solar Power|[of] p2a: Charizard
|upkeep
|inactive|gonnatortureyou has 30 seconds left.
|
|t:|1756236730
|switch|p2b: Incineroar|Incineroar, L50, M|100/100
|-ability|p2b: Incineroar|Intimidate|boost
|-unboost|p1a: Volcarona|atk|1
|-unboost|p1b: Electabuzz|atk|1
|turn|3
|
|t:|1756236739
|move|p1a: Volcarona|Protect|p1a: Volcarona
|-singleturn|p1a: Volcarona|Protect
|move|p2b: Incineroar|Fake Out|p1a: Volcarona
|-activate|p1a: Volcarona|move: Protect
|move|p2a: Charizard|Heat Wave|p1a: Volcarona|[spread] p1b
|-activate|p1a: Volcarona|move: Protect
|-damage|p1b: Electabuzz|0 fnt
|faint|p1b: Electabuzz
|
|-weather|SunnyDay|[upkeep]
|-damage|p2a: Charizard|19/100|[from] ability: Solar Power|[of] p2a: Charizard
|upkeep
|inactive|dambro222 has 30 seconds left.
|
|t:|1756236770
|switch|p1b: Rillaboom|Rillaboom, L50, M|100/100
|-fieldstart|move: Grassy Terrain|[from] ability: Grassy Surge|[of] p1b: Rillaboom
|turn|4
|inactive|dambro222 has 30 seconds left.
|
|t:|1756236798
|switch|p2a: Torkoal|Torkoal, L50, M, tera:Fire|100/100
|move|p1b: Rillaboom|Fake Out|p2a: Torkoal
|-damage|p2a: Torkoal|89/100
|move|p1a: Volcarona|Heat Wave|p2a: Torkoal|[spread] p2a,p2b
|-resisted|p2a: Torkoal
|-resisted|p2b: Incineroar
|-damage|p2a: Torkoal|38/100
|-damage|p2b: Incineroar|60/100
|move|p2b: Incineroar|Flare Blitz|p1b: Rillaboom
|-supereffective|p1b: Rillaboom
|-damage|p1b: Rillaboom|0 fnt
|faint|p1b: Rillaboom
|-damage|p2b: Incineroar|28/100|[from] Recoil
|-enditem|p2b: Incineroar|Sitrus Berry|[eat]
|-heal|p2b: Incineroar|52/100|[from] item: Sitrus Berry
|
|-weather|SunnyDay|[upkeep]
|-heal|p1a: Volcarona|48/100|[from] Grassy Terrain
|-heal|p2b: Incineroar|58/100|[from] Grassy Terrain
|-heal|p2a: Torkoal|45/100|[from] Grassy Terrain
|upkeep
|
|t:|1756236814
|switch|p1b: Sneasler|Sneasler, L50, M|100/100
|turn|5
|
|t:|1756236833
|move|p1a: Volcarona|Heat Wave|p2b: Incineroar|[spread] p2b
|-miss|p1a: Volcarona|p2a: Torkoal
|-resisted|p2b: Incineroar
|-damage|p2b: Incineroar|18/100
|move|p2b: Incineroar|Parting Shot|p1b: Sneasler
|-unboost|p1b: Sneasler|atk|1
|-unboost|p1b: Sneasler|spa|1
|
|t:|1756236840
|switch|p2b: Charizard|Charizard, L50, M|19/100|[from] Parting Shot
|move|p1b: Sneasler|Close Combat|p2b: Charizard
|-resisted|p2b: Charizard
|-damage|p2b: Charizard|0 fnt
|-unboost|p1b: Sneasler|def|1
|-unboost|p1b: Sneasler|spd|1
|faint|p2b: Charizard
|move|p2a: Torkoal|Overheat|p1b: Sneasler
|-enditem|p1b: Sneasler|Focus Sash
|-damage|p1b: Sneasler|1/100
|-unboost|p2a: Torkoal|spa|2
|-enditem|p2a: Torkoal|Eject Pack
|
|t:|1756236852
|switch|p2a: Incineroar|Incineroar, L50, M|18/100
|-ability|p2a: Incineroar|Intimidate|boost
|-unboost|p1a: Volcarona|atk|1
|-unboost|p1b: Sneasler|atk|1
|
|-weather|none
|-heal|p1b: Sneasler|7/100|[from] Grassy Terrain
|-heal|p1a: Volcarona|54/100|[from] Grassy Terrain
|-heal|p2a: Incineroar|24/100|[from] Grassy Terrain
|-sideend|p2: gonnatortureyou|move: Tailwind
|upkeep
|
|t:|1756236859
|switch|p2b: Torkoal|Torkoal, L50, M, tera:Fire|45/100
|-weather|SunnyDay|[from] ability: Drought|[of] p2b: Torkoal
|turn|6
|
|t:|1756236867
|move|p1b: Sneasler|Protect|p1b: Sneasler
|-singleturn|p1b: Sneasler|Protect
|move|p1a: Volcarona|Protect|p1a: Volcarona
|-singleturn|p1a: Volcarona|Protect
|move|p2a: Incineroar|Fake Out|p1b: Sneasler
|-activate|p1b: Sneasler|move: Protect
|move|p2b: Torkoal|Overheat|p1a: Volcarona
|-activate|p1a: Volcarona|move: Protect
|
|-weather|SunnyDay|[upkeep]
|-heal|p1b: Sneasler|13/100|[from] Grassy Terrain
|-heal|p1a: Volcarona|60/100|[from] Grassy Terrain
|-heal|p2a: Incineroar|30/100|[from] Grassy Terrain
|-heal|p2b: Torkoal|51/100|[from] Grassy Terrain
|upkeep
|turn|7
|-message|gonnatortureyou forfeited.
|
|win|dambro222
|l|☆gonnatortureyou
|player|p2|
|raw|dambro222's rating: 1115 → 1140(+25 for winning)
|raw|gonnatortureyou's rating: 1109 → 1084(-25 for losing)
