|j|☆freudianbreath
|j|☆AzzaD123
|html|freudianbreathAzzaD123    
|uhtml|bestof|Game 3 of a best-of-3
|t:|1786057412
|gametype|doubles
|player|p1|freudianbreath|266|1108
|player|p2|AzzaD123|swimmerf-gen4dp|1025
|gen|9
|tier|[Gen 9 Champions] VGC 2026 Reg M-B (Bo3)
|rated|
|rule|Species Clause: Limit one of each Pokémon
|rule|Item Clause: Limit 1 of each item
|clearpoke
|poke|p1|Gholdengo, L50|
|poke|p1|Whimsicott, L50, M|
|poke|p1|Sneasler, L50, M|
|poke|p1|Politoed, L50, F|
|poke|p1|Swampert, L50, M|
|poke|p1|Rotom-Wash, L50|
|poke|p2|Clawitzer, L50, F|
|poke|p2|Oranguru, L50, F|
|poke|p2|Scrafty, L50, F|
|poke|p2|Sinistcha, L50|
|poke|p2|Incineroar, L50, F|
|poke|p2|Abomasnow, L50, M|
|teampreview|4
|showteam|p1|Gholdengo||LifeOrb|GoodasGold|NastyPlot,MakeItRain,Protect,ShadowBall|Timid|||||50|]Whimsicott||SitrusBerry|Prankster|Moonblast,Encore,Tailwind,Protect|Bold||M|||50|]Sneasler||FocusSash|Unburden|FakeOut,DireClaw,CloseCombat,ThroatChop|Jolly||M|||50|]Politoed||Leftovers|Drizzle|Whirlpool,Protect,EarthPower,WeatherBall|Modest||F|||50|]Swampert||Swampertite|Torrent|WaveCrash,Protect,HighHorsepower,IcePunch|Adamant||M|||50|]Rotom-Wash||RindoBerry|Levitate|WillOWisp,RainDance,Thunder,HydroPump|Modest|||||50|
|showteam|p2|Clawitzer||LifeOrb|MegaLauncher|WaterPulse,IceBeam,FlashCannon,Protect|Modest||F|||50|]Oranguru||MentalHerb|InnerFocus|TrickRoom,Instruct,Protect,Extrasensory|Calm||F|||50|]Scrafty||Scraftinite|Intimidate|Detect,FakeOut,KnockOff,DrainPunch|Adamant||F|||50|]Sinistcha||ColburBerry|Hospitality|TrickRoom,RagePowder,MatchaGotcha,Protect|Bold|||||50|]Incineroar||SitrusBerry|Intimidate|FakeOut,PartingShot,ThroatChop,FlareBlitz|Careful||F|||50|]Abomasnow||Abomasite|SnowWarning|Protect,Blizzard,EarthPower,GigaDrain|Modest||M|||50|
|inactive|Battle timer is ON: inactive players will automatically lose when time's up. (requested by AzzaD123)
|
|t:|1786057504
|teamsize|p1|4
|teamsize|p2|4
|start
|switch|p1a: Whimsicott|Whimsicott, L50, M|100/100
|switch|p1b: Sneasler|Sneasler, L50, M|100/100
|switch|p2a: Oranguru|Oranguru, L50, F|100/100
|switch|p2b: Abomasnow|Abomasnow, L50, M|100/100
|-weather|Snowscape|[from] ability: Snow Warning|[of] p2b: Abomasnow
|turn|1
|
|t:|1786057525
|switch|p2b: Incineroar|Incineroar, L50, F|100/100
|-ability|p2b: Incineroar|Intimidate|boost
|-unboost|p1a: Whimsicott|atk|1
|-unboost|p1b: Sneasler|atk|1
|move|p1a: Whimsicott|Protect|p1a: Whimsicott
|-singleturn|p1a: Whimsicott|Protect
|move|p1b: Sneasler|Throat Chop|p2a: Oranguru
|-supereffective|p2a: Oranguru|1
|-damage|p2a: Oranguru|69/100
|-start|p2a: Oranguru|Throat Chop|[silent]
|move|p2a: Oranguru|Extrasensory|p1b: Sneasler
|-supereffective|p1b: Sneasler|2
|-enditem|p1b: Sneasler|Focus Sash
|-damage|p1b: Sneasler|1/100
|
|-weather|Snowscape|[upkeep]
|upkeep
|turn|2
|inactive|freudianbreath has 30 seconds left.
|inactive|freudianbreath has 20 seconds left.
|inactive|freudianbreath has 15 seconds left.
|inactive|freudianbreath has 10 seconds left.
|inactive|freudianbreath has 5 seconds left.
|
|t:|1786057579
|switch|p1b: Politoed|Politoed, L50, F|100/100
|-weather|RainDance|[from] ability: Drizzle|[of] p1b: Politoed
|move|p1a: Whimsicott|Encore|p2a: Oranguru
|-start|p2a: Oranguru|Encore
|-enditem|p2a: Oranguru|Mental Herb
|-end|p2a: Oranguru|Encore
|move|p2b: Incineroar|Flare Blitz|p1a: Whimsicott
|-supereffective|p1a: Whimsicott|1
|-damage|p1a: Whimsicott|49/100
|-enditem|p1a: Whimsicott|Sitrus Berry|[eat]
|-heal|p1a: Whimsicott|74/100|[from] item: Sitrus Berry
|-damage|p2b: Incineroar|86/100|[from] Recoil
|move|p2a: Oranguru|Trick Room|p2a: Oranguru
|-fieldstart|move: Trick Room|[of] p2a: Oranguru
|
|-weather|RainDance|[upkeep]
|-end|p2a: Oranguru|Throat Chop|[silent]
|upkeep
|turn|3
|c|☆freudianbreath|Forgot about that damn herb
|inactive|freudianbreath has 30 seconds left.
|inactive|AzzaD123 has 30 seconds left.
|inactive|freudianbreath has 20 seconds left.
|inactive|freudianbreath has 15 seconds left.
|inactive|freudianbreath has 10 seconds left.
|inactive|freudianbreath has 5 seconds left.
|
|t:|1786057632
|switch|p2a: Abomasnow|Abomasnow, L50, M|100/100
|-weather|Snowscape|[from] ability: Snow Warning|[of] p2a: Abomasnow
|move|p1a: Whimsicott|Protect|p1a: Whimsicott
|-singleturn|p1a: Whimsicott|Protect
|move|p2b: Incineroar|Parting Shot|p1b: Politoed
|-unboost|p1b: Politoed|atk|1
|-unboost|p1b: Politoed|spa|1
|
|t:|1786057642
|switch|p2b: Scrafty|Scrafty, L50, F|100/100|[from] Parting Shot
|-ability|p2b: Scrafty|Intimidate|boost
|-unboost|p1a: Whimsicott|atk|1
|-unboost|p1b: Politoed|atk|1
|move|p1b: Politoed|Whirlpool|p2b: Scrafty
|-damage|p2b: Scrafty|90/100
|-activate|p2b: Scrafty|move: Whirlpool|[of] p1b: Politoed
|
|-weather|Snowscape|[upkeep]
|-damage|p2b: Scrafty|78/100|[from] move: Whirlpool|[partiallytrapped]
|upkeep
|turn|4
|inactive|freudianbreath has 30 seconds left.
|
|t:|1786057677
|switch|p1a: Sneasler|Sneasler, L50, M|1/100
|detailschange|p2a: Abomasnow|Abomasnow-Mega, L50, M
|-mega|p2a: Abomasnow|Abomasnow|Abomasite
|move|p1b: Politoed|Protect|p1b: Politoed
|-singleturn|p1b: Politoed|Protect
|move|p2b: Scrafty|Fake Out|p1a: Sneasler
|-damage|p1a: Sneasler|0 fnt
|faint|p1a: Sneasler
|move|p2a: Abomasnow|Giga Drain|p1b: Politoed
|-activate|p1b: Politoed|move: Protect
|
|-weather|Snowscape|[upkeep]
|-damage|p2b: Scrafty|66/100|[from] move: Whirlpool|[partiallytrapped]
|upkeep
|inactive|freudianbreath has 30 seconds left.
|inactive|freudianbreath has 20 seconds left.
|
|t:|1786057713
|switch|p1a: Whimsicott|Whimsicott, L50, M|74/100
|turn|5
|
|t:|1786057736
|switch|p1b: Gholdengo|Gholdengo, L50|100/100
|move|p2b: Scrafty|Detect|p2b: Scrafty
|-singleturn|p2b: Scrafty|Protect
|move|p1a: Whimsicott|Encore|p2a: Abomasnow
|-start|p2a: Abomasnow|Encore
|move|p2a: Abomasnow|Giga Drain|p1b: Gholdengo
|-resisted|p1b: Gholdengo|1
|-damage|p1b: Gholdengo|73/100
|
|-weather|Snowscape|[upkeep]
|-end|p2b: Scrafty|Whirlpool|[partiallytrapped]|[silent]
|upkeep
|turn|6
|inactive|freudianbreath has 30 seconds left.
|inactive|AzzaD123 has 30 seconds left.
|inactive|freudianbreath has 20 seconds left.
|
|t:|1786057772
|switch|p2a: Incineroar|Incineroar, L50, F|86/100
|-ability|p2a: Incineroar|Intimidate|boost
|-unboost|p1a: Whimsicott|atk|1
|-unboost|p1b: Gholdengo|atk|1
|move|p1b: Gholdengo|Protect|p1b: Gholdengo
|-singleturn|p1b: Gholdengo|Protect
|move|p2b: Scrafty|Knock Off|p1b: Gholdengo
|-activate|p1b: Gholdengo|move: Protect
|move|p1a: Whimsicott|Moonblast|p2b: Scrafty
|-supereffective|p2b: Scrafty|2
|-damage|p2b: Scrafty|0 fnt
|faint|p2b: Scrafty
|
|-weather|Snowscape|[upkeep]
|-fieldend|move: Trick Room
|upkeep
|
|t:|1786057786
|switch|p2b: Oranguru|Oranguru, L50, F|69/100
|turn|7
|inactive|freudianbreath has 30 seconds left.
|inactive|freudianbreath has 20 seconds left.
|inactive|freudianbreath has 15 seconds left.
|inactive|freudianbreath has 10 seconds left.
|inactive|freudianbreath has 5 seconds left.
|
|t:|1786057840
|switch|p1a: Politoed|Politoed, L50, F|100/100
|-weather|RainDance|[from] ability: Drizzle|[of] p1a: Politoed
|move|p2a: Incineroar|Fake Out|p1a: Politoed
|-damage|p1a: Politoed|86/100
|move|p1b: Gholdengo|Make It Rain|p2a: Incineroar|[spread] p2a,p2b
|-resisted|p2a: Incineroar|1
|-damage|p2a: Incineroar|64/100
|-damage|p2b: Oranguru|25/100
|-unboost|p1b: Gholdengo|spa|2
|-damage|p1b: Gholdengo|64/100|[from] item: Life Orb
|move|p2b: Oranguru|Trick Room|p2b: Oranguru
|-fieldstart|move: Trick Room|[of] p2b: Oranguru
|
|-weather|RainDance|[upkeep]
|-heal|p1a: Politoed|92/100|[from] item: Leftovers
|upkeep
|turn|8
|inactive|freudianbreath has 30 seconds left.
|inactive|AzzaD123 has 30 seconds left.
|
|t:|1786057874
|switch|p1b: Whimsicott|Whimsicott, L50, M|74/100
|move|p2b: Oranguru|Protect|p2b: Oranguru
|-singleturn|p2b: Oranguru|Protect
|move|p2a: Incineroar|Throat Chop|p1b: Whimsicott
|-resisted|p1b: Whimsicott|1
|-damage|p1b: Whimsicott|59/100
|-start|p1b: Whimsicott|Throat Chop|[silent]
|move|p1a: Politoed|Earth Power|p2a: Incineroar
|-supereffective|p2a: Incineroar|1
|-damage|p2a: Incineroar|25/100
|-enditem|p2a: Incineroar|Sitrus Berry|[eat]
|-heal|p2a: Incineroar|50/100y|[from] item: Sitrus Berry
|
|-weather|RainDance|[upkeep]
|-heal|p1a: Politoed|98/100|[from] item: Leftovers
|upkeep
|turn|9
|inactive|freudianbreath has 30 seconds left.
|inactive|freudianbreath has 20 seconds left.
|
|t:|1786057911
|switch|p2a: Abomasnow|Abomasnow-Mega, L50, M|100/100
|-weather|Snowscape|[from] ability: Snow Warning|[of] p2a: Abomasnow
|move|p1b: Whimsicott|Protect|p1b: Whimsicott
|-singleturn|p1b: Whimsicott|Protect
|move|p2b: Oranguru|Extrasensory|p1b: Whimsicott
|-activate|p1b: Whimsicott|move: Protect
|move|p1a: Politoed|Earth Power|p2a: Abomasnow
|-resisted|p2a: Abomasnow|1
|-damage|p2a: Abomasnow|87/100
|
|-weather|Snowscape|[upkeep]
|-heal|p1a: Politoed|100/100|[from] item: Leftovers
|-end|p1b: Whimsicott|Throat Chop|[silent]
|upkeep
|turn|10
|
|t:|1786057933
|switch|p1b: Gholdengo|Gholdengo, L50|64/100
|move|p1a: Politoed|Protect|p1a: Politoed
|-singleturn|p1a: Politoed|Protect
|move|p2a: Abomasnow|Blizzard|p1a: Politoed|[spread] p1b
|-activate|p1a: Politoed|move: Protect
|-resisted|p1b: Gholdengo|1
|-damage|p1b: Gholdengo|34/100
|move|p2b: Oranguru|Instruct|p2a: Abomasnow
|-singleturn|p2a: Abomasnow|move: Instruct|[of] p2b: Oranguru
|move|p2a: Abomasnow|Blizzard|p1b: Gholdengo|[spread] p1b
|-activate|p1a: Politoed|move: Protect
|-resisted|p1b: Gholdengo|1
|-damage|p1b: Gholdengo|7/100
|
|-weather|Snowscape|[upkeep]
|upkeep
|turn|11
|inactive|freudianbreath has 30 seconds left.
|inactive|freudianbreath has 20 seconds left.
|inactive|freudianbreath has 15 seconds left.
|inactive|freudianbreath has 10 seconds left.
|inactive|freudianbreath has 5 seconds left.
|
|t:|1786057981
|move|p2a: Abomasnow|Blizzard|p1a: Politoed|[spread] p1a,p1b
|-resisted|p1a: Politoed|1
|-resisted|p1b: Gholdengo|1
|-damage|p1a: Politoed|79/100
|-damage|p1b: Gholdengo|0 fnt
|faint|p1b: Gholdengo
|move|p2b: Oranguru|Instruct|p2a: Abomasnow
|-singleturn|p2a: Abomasnow|move: Instruct|[of] p2b: Oranguru
|move|p2a: Abomasnow|Blizzard|p1a: Politoed
|-resisted|p1a: Politoed|1
|-damage|p1a: Politoed|50/100g
|-status|p1a: Politoed|frz
|cant|p1a: Politoed|frz
|
|-weather|Snowscape|[upkeep]
|-heal|p1a: Politoed|56/100 frz|[from] item: Leftovers
|-fieldend|move: Trick Room
|upkeep
|inactive|freudianbreath has 5 seconds left this turn.
|
|t:|1786057984
|switch|p1b: Whimsicott|Whimsicott, L50, M|59/100
|turn|12
|inactive|freudianbreath has 5 seconds left this turn.
|-message|freudianbreath lost due to inactivity.
|
|win|AzzaD123
|raw|freudianbreath's rating: 1108 → 1077(-31 for losing)
|raw|AzzaD123's rating: 1025 → 1070(+45 for winning)
|l|☆AzzaD123
|player|p2|
|l|☆freudianbreath
|player|p1|
|j|☆freudianbreath
|player|p1|freudianbreath|266|
