|j|☆jagheter
|j|☆Maxblueface
|html|jagheterMaxblueface    
|uhtml|bestof|Game 2 of a best-of-3
|t:|1756453097
|gametype|doubles
|player|p1|jagheter|worker|1185
|player|p2|Maxblueface|170|1032
|gen|9
|tier|[Gen 9] VGC 2025 Reg H (Bo3)
|rated|
|rule|Species Clause: Limit one of each Pokémon
|rule|Item Clause: Limit 1 of each item
|clearpoke
|poke|p1|Venusaur, L50, F|
|poke|p1|Volcarona, L50, F|
|poke|p1|Incineroar, L50, M|
|poke|p1|Grimmsnarl, L50, M|
|poke|p1|Dondozo, L50, M|
|poke|p1|Rillaboom, L50, F|
|poke|p2|Annihilape, L50, F|
|poke|p2|Whimsicott, L50, M|
|poke|p2|Garchomp, L50, F|
|poke|p2|Clefable, L50, F|
|poke|p2|Hydreigon, L50, F|
|poke|p2|Gholdengo, L50|
|teampreview|4
|showteam|p1|Venusaur||WideLens|Chlorophyll|SleepPowder,Protect,SludgeBomb,EarthPower|||F|||50|,,,,,Ghost]Volcarona||CovertCloak|FlameBody|FieryDance,GigaDrain,QuiverDance,Protect|||F|||50|,,,,,Dragon]Incineroar||MirrorHerb|Intimidate|FakeOut,KnockOff,Taunt,FlareBlitz|||M|||50|,,,,,Ghost]Grimmsnarl||BlackGlasses|Prankster|Reflect,LightScreen,SpiritBreak,SuckerPunch|||M|||50|,,,,,Dark]Dondozo||Leftovers|Unaware|Fissure,Protect,Liquidation,Yawn|||M|||50|,,,,,Ghost]Rillaboom||AssaultVest|GrassySurge|FakeOut,WoodHammer,GrassyGlide,Uturn|||F|||50|,,,,,Fire
|showteam|p2|Annihilape||SafetyGoggles|Defiant|Protect,BulkUp,DrainPunch,RageFist|||F|||50|,,,,,Water]Whimsicott||FocusSash|Prankster|SunnyDay,Encore,Tailwind,Moonblast|||M|||50|,,,,,Ghost]Garchomp||LifeOrb|RoughSkin|Protect,RockSlide,DragonClaw,Earthquake|||F|||50|,,,,,Steel]Clefable||SitrusBerry|Unaware|Protect,FollowMe,MistyTerrain,Moonblast|||F|||50|,,,,,Water]Hydreigon||ChoiceSpecs|Levitate|HeatWave,Uturn,DarkPulse,DracoMeteor|||F|||50|,,,,,Fire]Gholdengo||MetalCoat|GoodasGold|Protect,NastyPlot,ShadowBall,MakeItRain||||||50|,,,,,Steel
|
|t:|1756453132
|teamsize|p1|4
|teamsize|p2|4
|start
|switch|p1a: Volcarona|Volcarona, L50, F, shiny|100/100
|switch|p1b: Incineroar|Incineroar, L50, M, shiny|100/100
|switch|p2a: Hydreigon|Hydreigon, L50, F|100/100
|switch|p2b: Whimsicott|Whimsicott, L50, M|100/100
|-ability|p1b: Incineroar|Intimidate|boost
|-unboost|p2a: Hydreigon|atk|1
|-unboost|p2b: Whimsicott|atk|1
|turn|1
|
|t:|1756453154
|move|p1b: Incineroar|Fake Out|p2b: Whimsicott
|-damage|p2b: Whimsicott|81/100
|cant|p2b: Whimsicott|flinch
|move|p2a: Hydreigon|U-turn|p1b: Incineroar
|-damage|p1b: Incineroar|91/100
|
|t:|1756453161
|switch|p2a: Annihilape|Annihilape, L50, F|100/100|[from] U-turn
|move|p1a: Volcarona|Quiver Dance|p1a: Volcarona
|-boost|p1a: Volcarona|spa|1
|-boost|p1a: Volcarona|spd|1
|-boost|p1a: Volcarona|spe|1
|
|upkeep
|turn|2
|
|t:|1756453197
|move|p1a: Volcarona|Protect|p1a: Volcarona
|-singleturn|p1a: Volcarona|Protect
|move|p2b: Whimsicott|Tailwind|p2b: Whimsicott
|-sidestart|p2: Maxblueface|move: Tailwind
|move|p2a: Annihilape|Drain Punch|p1b: Incineroar
|-supereffective|p1b: Incineroar
|-damage|p1b: Incineroar|30/100
|move|p1b: Incineroar|Flare Blitz|p2b: Whimsicott
|-supereffective|p2b: Whimsicott
|-damage|p2b: Whimsicott|0 fnt
|faint|p2b: Whimsicott
|-damage|p1b: Incineroar|12/100|[from] Recoil
|
|upkeep
|
|t:|1756453209
|switch|p2b: Hydreigon|Hydreigon, L50, F|100/100
|turn|3
|
|t:|1756453225
|switch|p1b: Grimmsnarl|Grimmsnarl, L50, M, shiny|100/100
|move|p2a: Annihilape|Bulk Up|p2a: Annihilape
|-boost|p2a: Annihilape|atk|1
|-boost|p2a: Annihilape|def|1
|move|p2b: Hydreigon|Draco Meteor|p1a: Volcarona
|-damage|p1a: Volcarona|37/100
|-unboost|p2b: Hydreigon|spa|2
|move|p1a: Volcarona|Fiery Dance|p2b: Hydreigon
|-resisted|p2b: Hydreigon
|-damage|p2b: Hydreigon|68/100
|-boost|p1a: Volcarona|spa|1
|
|upkeep
|turn|4
|
|t:|1756453264
|switch|p2b: Garchomp|Garchomp, L50, F|100/100
|move|p1a: Volcarona|Protect|p1a: Volcarona
|-singleturn|p1a: Volcarona|Protect
|move|p2a: Annihilape|Bulk Up|p2a: Annihilape
|-boost|p2a: Annihilape|atk|1
|-boost|p2a: Annihilape|def|1
|move|p1b: Grimmsnarl|Spirit Break|p2b: Garchomp
|-supereffective|p2b: Garchomp
|-damage|p2b: Garchomp|25/100
|-unboost|p2b: Garchomp|spa|1
|-damage|p1b: Grimmsnarl|88/100|[from] ability: Rough Skin|[of] p2b: Garchomp
|
|upkeep
|turn|5
|
|t:|1756453325
|move|p2a: Annihilape|Protect|p2a: Annihilape
|-singleturn|p2a: Annihilape|Protect
|move|p1a: Volcarona|Protect|p1a: Volcarona
|-singleturn|p1a: Volcarona|Protect
|move|p1b: Grimmsnarl|Sucker Punch|p2b: Garchomp
|-damage|p2b: Garchomp|0 fnt
|-damage|p1b: Grimmsnarl|76/100|[from] ability: Rough Skin|[of] p2b: Garchomp
|faint|p2b: Garchomp
|
|-sideend|p2: Maxblueface|move: Tailwind
|upkeep
|
|t:|1756453329
|switch|p2b: Hydreigon|Hydreigon, L50, F|68/100
|turn|6
|
|t:|1756453355
|move|p1b: Grimmsnarl|Sucker Punch|p2b: Hydreigon
|-resisted|p2b: Hydreigon
|-damage|p2b: Hydreigon|41/100
|move|p1a: Volcarona|Fiery Dance|p2b: Hydreigon
|-resisted|p2b: Hydreigon
|-damage|p2b: Hydreigon|0 fnt
|faint|p2b: Hydreigon
|move|p2a: Annihilape|Drain Punch|p1b: Grimmsnarl
|-crit|p1b: Grimmsnarl
|-damage|p1b: Grimmsnarl|0 fnt
|faint|p1b: Grimmsnarl
|
|upkeep
|
|t:|1756453369
|switch|p1b: Incineroar|Incineroar, L50, M, shiny|12/100
|-ability|p1b: Incineroar|Intimidate|boost
|-unboost|p2a: Annihilape|atk|1
|-ability|p2a: Annihilape|Defiant|boost
|-boost|p2a: Annihilape|atk|2
|-enditem|p1b: Incineroar|Mirror Herb
|-boost|p1b: Incineroar|atk|2|[from] item: Mirror Herb
|turn|7
|
|t:|1756453399
|-terastallize|p2a: Annihilape|Water
|move|p1a: Volcarona|Giga Drain|p2a: Annihilape
|-supereffective|p2a: Annihilape
|-damage|p2a: Annihilape|15/100
|-heal|p1a: Volcarona|86/100|[from] drain|[of] p2a: Annihilape
|move|p2a: Annihilape|Bulk Up|p2a: Annihilape
|-boost|p2a: Annihilape|atk|1
|-boost|p2a: Annihilape|def|1
|move|p1b: Incineroar|Knock Off|p2a: Annihilape
|-damage|p2a: Annihilape|0 fnt
|-enditem|p2a: Annihilape|Safety Goggles|[from] move: Knock Off|[of] p1b: Incineroar
|faint|p2a: Annihilape
|
|win|jagheter
|raw|jagheter's rating: 1185 → 1200(+15 for winning)
|raw|Maxblueface's rating: 1032 → 1023(-9 for losing)
|c|☆jagheter|gg
