|j|☆thaduck
|j|☆gabblegoat
|html|thaduckgabblegoat    
|uhtml|bestof|Game 1 of a best-of-3
|t:|1783517531
|gametype|doubles
|player|p1|thaduck|morty|1203
|player|p2|gabblegoat|flannery|1228
|gen|9
|tier|[Gen 9 Champions] VGC 2026 Reg M-B (Bo3)
|rated|
|rule|Species Clause: Limit one of each Pokémon
|rule|Item Clause: Limit 1 of each item
|clearpoke
|poke|p1|Hydreigon, L50, F|
|poke|p1|Gholdengo, L50|
|poke|p1|Garchomp, L50, F|
|poke|p1|Charizard, L50, F|
|poke|p1|Incineroar, L50, F|
|poke|p1|Venusaur, L50, M|
|poke|p2|Grimmsnarl, L50, M|
|poke|p2|Swampert, L50, M|
|poke|p2|Pelipper, L50, M|
|poke|p2|Archaludon, L50, M|
|poke|p2|Sinistcha, L50|
|poke|p2|Mawile, L50, M|
|teampreview|4
|showteam|p1|Hydreigon||FocusSash|Levitate|DracoMeteor,Snarl,Tailwind,Protect|Timid||F|||50|]Gholdengo||LifeOrb|GoodasGold|MakeItRain,Protect,ShadowBall,NastyPlot|Timid|||||50|]Garchomp||ChoiceScarf|RoughSkin|DragonClaw,Earthquake,PoisonJab,RockSlide|Adamant||F|||50|]Charizard||CharizarditeY|Blaze|HeatWave,WeatherBall,SolarBeam,Protect|Modest||F|||50|]Incineroar||SitrusBerry|Intimidate|FlareBlitz,FakeOut,PartingShot,Taunt|Impish||F|||50|]Venusaur||Venusaurite|Chlorophyll|SludgeBomb,GigaDrain,EarthPower,Protect|Modest||M|||50|
|showteam|p2|Grimmsnarl||LightClay|Prankster|FoulPlay,PartingShot,Reflect,LightScreen|Calm||M|||50|]Swampert||Swampertite|Torrent|WaveCrash,Earthquake,IcePunch,Protect|Adamant||M|||50|]Pelipper||SitrusBerry|Drizzle|Hurricane,WeatherBall,Tailwind,WideGuard|Modest||M|||50|]Archaludon||Leftovers|Stamina|ElectroShot,DragonPulse,FlashCannon,Protect|Modest||M|||50|]Sinistcha||CobaBerry|Hospitality|MatchaGotcha,RagePowder,TrickRoom,Protect|Relaxed|||||50|]Mawile||Mawilite|Intimidate|PlayRough,SuckerPunch,SwordsDance,Protect|Adamant||M|||50|
|
|t:|1783517569
|teamsize|p1|4
|teamsize|p2|4
|start
|switch|p1a: Venusaur|Venusaur, L50, M|100/100
|switch|p1b: Hydreigon|Hydreigon, L50, F|100/100
|switch|p2a: Grimmsnarl|Grimmsnarl, L50, M|100/100
|switch|p2b: Swampert|Swampert, L50, M|100/100
|turn|1
|
|t:|1783517587
|switch|p2b: Pelipper|Pelipper, L50, M|100/100
|-weather|RainDance|[from] ability: Drizzle|[of] p2b: Pelipper
|detailschange|p1a: Venusaur|Venusaur-Mega, L50, M
|-mega|p1a: Venusaur|Venusaur|Venusaurite
|move|p2a: Grimmsnarl|Light Screen|p2a: Grimmsnarl
|-sidestart|p2: gabblegoat|move: Light Screen
|move|p1b: Hydreigon|Tailwind|p1b: Hydreigon
|-sidestart|p1: thaduck|move: Tailwind
|move|p1a: Venusaur|Sludge Bomb|p2a: Grimmsnarl
|-supereffective|p2a: Grimmsnarl|1
|-damage|p2a: Grimmsnarl|40/100
|
|-weather|RainDance|[upkeep]
|upkeep
|turn|2
|
|t:|1783517603
|switch|p1a: Gholdengo|Gholdengo, L50|100/100
|move|p2a: Grimmsnarl|Parting Shot|p1a: Gholdengo
|-immune|p1a: Gholdengo|[from] ability: Good as Gold
|move|p1b: Hydreigon|Snarl|p2b: Pelipper|[spread] p2a,p2b
|-resisted|p2a: Grimmsnarl|2
|-damage|p2a: Grimmsnarl|36/100
|-damage|p2b: Pelipper|81/100
|-unboost|p2a: Grimmsnarl|spa|1
|-unboost|p2b: Pelipper|spa|1
|move|p2b: Pelipper|Hurricane|p1a: Gholdengo
|-resisted|p1a: Gholdengo|1
|-damage|p1a: Gholdengo|86/100
|-start|p1a: Gholdengo|confusion
|
|-weather|RainDance|[upkeep]
|upkeep
|turn|3
|
|t:|1783517635
|switch|p2a: Swampert|Swampert, L50, M|100/100
|move|p2b: Pelipper|Wide Guard|p2b: Pelipper
|-singleturn|p2b: Pelipper|Wide Guard
|move|p1b: Hydreigon|Draco Meteor|p2b: Pelipper|[miss]
|-miss|p1b: Hydreigon|p2b: Pelipper
|-activate|p1a: Gholdengo|confusion
|move|p1a: Gholdengo|Make It Rain|p2b: Pelipper|[spread] 
|-activate|p2a: Swampert|move: Wide Guard
|-activate|p2b: Pelipper|move: Wide Guard
|
|-weather|RainDance|[upkeep]
|upkeep
|turn|4
|
|t:|1783517652
|switch|p1a: Venusaur|Venusaur-Mega, L50, M|100/100
|switch|p2b: Grimmsnarl|Grimmsnarl, L50, M|36/100
|detailschange|p2a: Swampert|Swampert-Mega, L50, M
|-mega|p2a: Swampert|Swampert|Swampertite
|move|p1b: Hydreigon|Snarl|p2a: Swampert|[spread] p2a,p2b
|-resisted|p2b: Grimmsnarl|2
|-damage|p2a: Swampert|89/100
|-damage|p2b: Grimmsnarl|33/100
|-unboost|p2a: Swampert|spa|1
|-unboost|p2b: Grimmsnarl|spa|1
|move|p2a: Swampert|Earthquake|p1b: Hydreigon|[spread] p2b,p1a
|-immune|p1b: Hydreigon|[from] ability: Levitate
|-damage|p2b: Grimmsnarl|0 fnt
|-damage|p1a: Venusaur|60/100
|faint|p2b: Grimmsnarl
|
|-weather|RainDance|[upkeep]
|-sideend|p1: thaduck|move: Tailwind
|upkeep
|
|t:|1783517656
|switch|p2b: Archaludon|Archaludon, L50, M|100/100
|turn|5
|
|t:|1783517685
|move|p2a: Swampert|Protect|p2a: Swampert
|-singleturn|p2a: Swampert|Protect
|move|p1a: Venusaur|Protect|p1a: Venusaur
|-singleturn|p1a: Venusaur|Protect
|move|p1b: Hydreigon|Tailwind|p1b: Hydreigon
|-sidestart|p1: thaduck|move: Tailwind
|move|p2b: Archaludon|Dragon Pulse|p1b: Hydreigon
|-supereffective|p1b: Hydreigon|1
|-damage|p1b: Hydreigon|10/100
|
|-weather|none
|upkeep
|turn|6
|
|t:|1783517707
|switch|p2a: Pelipper|Pelipper, L50, M|81/100
|-weather|RainDance|[from] ability: Drizzle|[of] p2a: Pelipper
|move|p1b: Hydreigon|Snarl|p2b: Archaludon|[spread] p2a,p2b
|-damage|p2a: Pelipper|65/100
|-damage|p2b: Archaludon|86/100
|-unboost|p2a: Pelipper|spa|1
|-unboost|p2b: Archaludon|spa|1
|-ability|p2b: Archaludon|Stamina|boost
|-boost|p2b: Archaludon|def|1
|move|p1a: Venusaur|Giga Drain|p2a: Pelipper
|-crit|p2a: Pelipper
|-damage|p2a: Pelipper|0 fnt
|-heal|p1a: Venusaur|90/100|[from] drain|[of] p2a: Pelipper
|faint|p2a: Pelipper
|move|p2b: Archaludon|Dragon Pulse|p1a: Venusaur
|-damage|p1a: Venusaur|67/100
|
|-weather|RainDance|[upkeep]
|-heal|p2b: Archaludon|92/100|[from] item: Leftovers
|upkeep
|
|t:|1783517714
|switch|p2a: Swampert|Swampert-Mega, L50, M|89/100
|turn|7
|
|t:|1783517725
|move|p1b: Hydreigon|Snarl|p2a: Swampert|[spread] p2a,p2b
|-damage|p2a: Swampert|77/100
|-damage|p2b: Archaludon|79/100
|-unboost|p2a: Swampert|spa|1
|-unboost|p2b: Archaludon|spa|1
|-ability|p2b: Archaludon|Stamina|boost
|-boost|p2b: Archaludon|def|1
|move|p1a: Venusaur|Giga Drain|p2a: Swampert
|-supereffective|p2a: Swampert|2
|-damage|p2a: Swampert|0 fnt
|-heal|p1a: Venusaur|100/100|[from] drain|[of] p2a: Swampert
|faint|p2a: Swampert
|move|p2b: Archaludon|Dragon Pulse|p1a: Venusaur
|-damage|p1a: Venusaur|81/100
|
|-weather|RainDance|[upkeep]
|-heal|p2b: Archaludon|85/100|[from] item: Leftovers
|upkeep
|turn|8
|c|☆gabblegoat|how much spedd does that venu has?? jeez
|
|t:|1783517754
|move|p1b: Hydreigon|Snarl|p2b: Archaludon
|-damage|p2b: Archaludon|67/100
|-unboost|p2b: Archaludon|spa|1
|-ability|p2b: Archaludon|Stamina|boost
|-boost|p2b: Archaludon|def|1
|move|p1a: Venusaur|Earth Power|p2b: Archaludon
|-supereffective|p2b: Archaludon|1
|-damage|p2b: Archaludon|27/100
|-ability|p2b: Archaludon|Stamina|boost
|-boost|p2b: Archaludon|def|1
|move|p2b: Archaludon|Electro Shot||[still]
|-prepare|p2b: Archaludon|Electro Shot
|-boost|p2b: Archaludon|spa|1
|-anim|p2b: Archaludon|Electro Shot|p1a: Venusaur
|-resisted|p1a: Venusaur|1
|-damage|p1a: Venusaur|74/100
|
|-weather|RainDance|[upkeep]
|-heal|p2b: Archaludon|34/100|[from] item: Leftovers
|-sideend|p2: gabblegoat|move: Light Screen
|-sideend|p1: thaduck|move: Tailwind
|upkeep
|turn|9
|-message|gabblegoat forfeited.
|
|win|thaduck
||gabblegoat is ready for game 2.
|c|☆thaduck|actually low
||thaduck is ready for game 2.
|uhtml|next|Next: Game 2 of 3
|l|☆gabblegoat
|player|p2|
