|j|☆pokehugov
|j|☆spernerslemma
|html|pokehugovspernerslemma    
|uhtml|bestof|Game 1 of a best-of-3
|t:|1783680201
|gametype|doubles
|player|p1|pokehugov|1|1333
|player|p2|spernerslemma|1|1328
|gen|9
|tier|[Gen 9 Champions] VGC 2026 Reg M-B (Bo3)
|rated|
|rule|Species Clause: Limit one of each Pokémon
|rule|Item Clause: Limit 1 of each item
|clearpoke
|poke|p1|Aerodactyl, L50, M|
|poke|p1|Kingambit, L50, F|
|poke|p1|Sylveon, L50, M|
|poke|p1|Garchomp, L50, M|
|poke|p1|Charizard, L50, F|
|poke|p1|Farigiraf, L50, M|
|poke|p2|Swampert, L50, M|
|poke|p2|Grimmsnarl, L50, M|
|poke|p2|Archaludon, L50, M|
|poke|p2|Pelipper, L50, M|
|poke|p2|Venusaur, L50, M|
|poke|p2|Sylveon, L50, M|
|teampreview|4
|showteam|p1|Aerodactyl||Aerodactylite|RockHead|RockSlide,Tailwind,IceFang,DualWingbeat|Jolly||M|||50|]Kingambit||FocusSash|Defiant|IronHead,KowtowCleave,LowKick,SuckerPunch|Adamant||F|||50|]Sylveon||FairyFeather|Pixilate|HyperVoice,HyperBeam,QuickAttack,Protect|Modest||M|||50|]Garchomp||LifeOrb|RoughSkin|Earthquake,DragonClaw,RockSlide,Protect|Jolly||M|||50|]Charizard||CharizarditeY|Blaze|HeatWave,SolarBeam,WeatherBall,Protect|Modest||F|||50|]Farigiraf||SitrusBerry|ArmorTail|Thunderbolt,Roar,TwinBeam,TrickRoom|Bold||M|||50|
|showteam|p2|Swampert||Swampertite|Torrent|WaveCrash,Protect,HighHorsepower,IcePunch|Adamant||M|||50|]Grimmsnarl||LightClay|Prankster|SpiritBreak,Reflect,LightScreen,PartingShot|Careful||M|||50|]Archaludon||Leftovers|Stamina|ElectroShot,DragonPulse,FlashCannon,Protect|Modest||M|||50|]Pelipper||SitrusBerry|Drizzle|WeatherBall,Hurricane,Tailwind,WideGuard|Modest||M|||50|]Venusaur||Venusaurite|Chlorophyll|SludgeBomb,Protect,GigaDrain,EarthPower|Modest||M|||50|]Sylveon||FairyFeather|Pixilate|Protect,HyperVoice,HyperBeam,Yawn|Modest||M|||50|
|inactive|Battle timer is ON: inactive players will automatically lose when time's up. (requested by spernerslemma)
|
|t:|1783680239
|teamsize|p1|4
|teamsize|p2|4
|start
|switch|p1a: Farigiraf|Farigiraf, L50, M|100/100
|switch|p1b: Sylveon|Sylveon, L50, M|100/100
|switch|p2a: Swampert|Swampert, L50, M|100/100
|switch|p2b: Grimmsnarl|Grimmsnarl, L50, M|100/100
|turn|1
|
|t:|1783680264
|detailschange|p2a: Swampert|Swampert-Mega, L50, M
|-mega|p2a: Swampert|Swampert|Swampertite
|move|p1b: Sylveon|Protect|p1b: Sylveon
|-singleturn|p1b: Sylveon|Protect
|move|p2b: Grimmsnarl|Light Screen|p2b: Grimmsnarl
|-sidestart|p2: spernerslemma|move: Light Screen
|move|p2a: Swampert|High Horsepower|p1b: Sylveon
|-activate|p1b: Sylveon|move: Protect
|move|p1a: Farigiraf|Trick Room|p1a: Farigiraf
|-fieldstart|move: Trick Room|[of] p1a: Farigiraf
|
|upkeep
|turn|2
|inactive|pokehugov has 30 seconds left.
|
|t:|1783680290
|move|p2a: Swampert|Protect|p2a: Swampert
|-singleturn|p2a: Swampert|Protect
|move|p1a: Farigiraf|Thunderbolt|p2b: Grimmsnarl
|-damage|p2b: Grimmsnarl|86/100
|move|p2b: Grimmsnarl|Spirit Break|p1b: Sylveon
|-damage|p1b: Sylveon|60/100
|-unboost|p1b: Sylveon|spa|1
|move|p1b: Sylveon|Hyper Voice|p2b: Grimmsnarl|[spread] p2b
|-activate|p2a: Swampert|move: Protect
|-supereffective|p2b: Grimmsnarl|1
|-damage|p2b: Grimmsnarl|45/100
|
|upkeep
|turn|3
|inactive|pokehugov has 30 seconds left.
|inactive|pokehugov has 20 seconds left.
|
|t:|1783680325
|switch|p2a: Archaludon|Archaludon, L50, M|100/100
|move|p2b: Grimmsnarl|Spirit Break|p1a: Farigiraf
|-crit|p1a: Farigiraf
|-damage|p1a: Farigiraf|62/100
|-unboost|p1a: Farigiraf|spa|1
|move|p1b: Sylveon|Hyper Beam|p2b: Grimmsnarl|[miss]
|-miss|p1b: Sylveon|p2b: Grimmsnarl
|move|p1a: Farigiraf|Roar|p2a: Archaludon
|drag|p2a: Swampert|Swampert-Mega, L50, M|100/100
|
|upkeep
|turn|4
|inactive|spernerslemma has 30 seconds left.
|
|t:|1783680352
|move|p2b: Grimmsnarl|Spirit Break|p1b: Sylveon
|-damage|p1b: Sylveon|19/100
|-unboost|p1b: Sylveon|spa|1
|move|p1b: Sylveon|Hyper Beam|p2b: Grimmsnarl
|-supereffective|p2b: Grimmsnarl|1
|-damage|p2b: Grimmsnarl|0 fnt
|-mustrecharge|p1b: Sylveon
|faint|p2b: Grimmsnarl
|move|p2a: Swampert|High Horsepower|p1b: Sylveon|[miss]
|-miss|p2a: Swampert|p1b: Sylveon
|move|p1a: Farigiraf|Roar|p2a: Swampert
|drag|p2a: Archaludon|Archaludon, L50, M|100/100
|
|upkeep
|
|t:|1783680365
|switch|p2b: Pelipper|Pelipper, L50, M|100/100
|-weather|RainDance|[from] ability: Drizzle|[of] p2b: Pelipper
|turn|5
|inactive|spernerslemma has 30 seconds left.
|inactive|spernerslemma has 20 seconds left.
|
|t:|1783680402
|switch|p2b: Swampert|Swampert-Mega, L50, M|100/100
|move|p1a: Farigiraf|Thunderbolt|p2b: Swampert
|-immune|p2b: Swampert
|cant|p1b: Sylveon|recharge
|move|p2a: Archaludon|Electro Shot||[still]
|-prepare|p2a: Archaludon|Electro Shot
|-boost|p2a: Archaludon|spa|1
|-anim|p2a: Archaludon|Electro Shot|p1a: Farigiraf
|-damage|p1a: Farigiraf|6/100
|-enditem|p1a: Farigiraf|Sitrus Berry|[eat]
|-heal|p1a: Farigiraf|31/100|[from] item: Sitrus Berry
|
|-weather|RainDance|[upkeep]
|-fieldend|move: Trick Room
|upkeep
|turn|6
|
|t:|1783680422
|switch|p1b: Garchomp|Garchomp, L50, M|100/100
|move|p2b: Swampert|Wave Crash|p1b: Garchomp
|-damage|p1b: Garchomp|0 fnt
|-damage|p2b: Swampert|87/100|[from] ability: Rough Skin|[of] p1b: Garchomp
|faint|p1b: Garchomp
|-damage|p2b: Swampert|49/100|[from] Recoil
|move|p2a: Archaludon|Electro Shot||[still]
|-prepare|p2a: Archaludon|Electro Shot
|-boost|p2a: Archaludon|spa|1
|-anim|p2a: Archaludon|Electro Shot|p1a: Farigiraf
|-damage|p1a: Farigiraf|0 fnt
|faint|p1a: Farigiraf
|
|-weather|RainDance|[upkeep]
|upkeep
|
|t:|1783680432
|switch|p1b: Sylveon|Sylveon, L50, M|19/100
|switch|p1a: Charizard|Charizard, L50, F|100/100
|turn|7
|inactive|pokehugov has 30 seconds left.
|inactive|spernerslemma has 30 seconds left.
|
|t:|1783680466
|detailschange|p1a: Charizard|Charizard-Mega-Y, L50, F
|-mega|p1a: Charizard|Charizard|Charizardite Y
|-weather|SunnyDay|[from] ability: Drought|[of] p1a: Charizard
|move|p1a: Charizard|Solar Beam||[still]
|-prepare|p1a: Charizard|Solar Beam
|-anim|p1a: Charizard|Solar Beam|p2a: Archaludon
|-resisted|p2a: Archaludon|2
|-damage|p2a: Archaludon|91/100
|-ability|p2a: Archaludon|Stamina|boost
|-boost|p2a: Archaludon|def|1
|move|p2b: Swampert|Wave Crash|p1b: Sylveon
|-damage|p1b: Sylveon|0 fnt
|faint|p1b: Sylveon
|-damage|p2b: Swampert|42/100|[from] Recoil
|move|p2a: Archaludon|Dragon Pulse|p1a: Charizard
|-damage|p1a: Charizard|12/100
|
|-weather|SunnyDay|[upkeep]
|-heal|p2a: Archaludon|97/100|[from] item: Leftovers
|upkeep
|turn|8
|
|t:|1783680479
|switch|p2b: Pelipper|Pelipper, L50, M|100/100
|-weather|RainDance|[from] ability: Drizzle|[of] p2b: Pelipper
|move|p1a: Charizard|Heat Wave|p2b: Pelipper|[spread] p2a,p2b
|-resisted|p2b: Pelipper|1
|-damage|p2a: Archaludon|82/100
|-damage|p2b: Pelipper|90/100
|-ability|p2a: Archaludon|Stamina|boost
|-boost|p2a: Archaludon|def|1
|move|p2a: Archaludon|Dragon Pulse|p1a: Charizard
|-damage|p1a: Charizard|0 fnt
|faint|p1a: Charizard
|
|win|spernerslemma
||pokehugov is ready for game 2.
||spernerslemma is ready for game 2.
|uhtml|next|Next: Game 2 of 3
|l|☆pokehugov
|player|p1|
