|j|☆chinozolano28
|j|☆eklyst
|html|chinozolano28eklyst    
|uhtml|bestof|Game 2 of a best-of-3
|t:|1785197896
|gametype|doubles
|player|p1|chinozolano28|cynthia|1052
|player|p2|eklyst|pokemaniac|1157
|gen|9
|tier|[Gen 9 Champions] VGC 2026 Reg M-B (Bo3)
|rated|
|rule|Species Clause: Limit one of each Pokémon
|rule|Item Clause: Limit 1 of each item
|clearpoke
|poke|p1|Gengar, L50, F, shiny|
|poke|p1|Politoed, L50, M, shiny|
|poke|p1|Incineroar, L50, M|
|poke|p1|Sinistcha, L50|
|poke|p1|Tinkaton, L50, F|
|poke|p1|Kommo-o, L50, F|
|poke|p2|Metagross, L50|
|poke|p2|Floette-Eternal, L50, F|
|poke|p2|Garchomp, L50, F|
|poke|p2|Aerodactyl, L50, M|
|poke|p2|Sinistcha, L50|
|poke|p2|Incineroar, L50, F|
|teampreview|4
|showteam|p1|Gengar||Gengarite|CursedBody|PerishSong,Disable,ShadowBall,Protect|Timid||F|||50|]Politoed||SitrusBerry|Drizzle|Protect,PerishSong,Encore,WeatherBall|Bold||M|||50|]Incineroar||IronBall|Intimidate|FakeOut,ThroatChop,PartingShot,Protect|Careful||M|||50|]Sinistcha||KasibBerry|Hospitality|MatchaGotcha,RagePowder,LifeDew,Protect|Relaxed|||||50|]Tinkaton||ShucaBerry|MoldBreaker|FakeOut,GigatonHammer,Encore,Protect|Jolly||F|||50|]Kommo-o||Leftovers|Soundproof|AuraSphere,ClangingScales,ClangorousSoul,Protect|Timid||F|||50|
|showteam|p2|Metagross||Metagrossite|ClearBody|PsychicFangs,IronHead,BulletPunch,Protect|Adamant|||||50|]Floette-Eternal||Floettite|FlowerVeil|DazzlingGleam,Moonblast,CalmMind,Protect|Modest||F|||50|]Garchomp||LifeOrb|RoughSkin|RockSlide,StompingTantrum,DragonClaw,Protect|Jolly||F|||50|]Aerodactyl||FocusSash|Unnerve|RockSlide,DualWingbeat,Tailwind,Protect|Jolly||M|||50|]Sinistcha||KasibBerry|Hospitality|MatchaGotcha,TrickRoom,RagePowder,Protect|Relaxed|||||50|]Incineroar||SitrusBerry|Intimidate|FakeOut,FlareBlitz,ThroatChop,PartingShot|Adamant||F|||50|
|inactive|Battle timer is ON: inactive players will automatically lose when time's up. (requested by eklyst)
|inactive|eklyst has 60 seconds left.
|
|t:|1785197935
|teamsize|p1|4
|teamsize|p2|4
|start
|switch|p1a: Gengar|Gengar, L50, F, shiny|100/100
|switch|p1b: Tinkaton|Tinkaton, L50, F|100/100
|switch|p2a: Metagross|Metagross, L50|100/100
|switch|p2b: Sinistcha|Sinistcha, L50|100/100
|-ability|p1b: Tinkaton|Mold Breaker
|turn|1
|
|t:|1785197960
|switch|p2a: Incineroar|Incineroar, L50, F|100/100
|-ability|p2a: Incineroar|Intimidate|boost
|-unboost|p1a: Gengar|atk|1
|-unboost|p1b: Tinkaton|atk|1
|detailschange|p1a: Gengar|Gengar-Mega, L50, F, shiny
|-mega|p1a: Gengar|Gengar|Gengarite
|move|p1b: Tinkaton|Fake Out|p2a: Incineroar
|-damage|p2a: Incineroar|93/100
|move|p1a: Gengar|Shadow Ball|p2b: Sinistcha
|-supereffective|p2b: Sinistcha|1
|-enditem|p2b: Sinistcha|Kasib Berry|[eat]
|-enditem|p2b: Sinistcha|Kasib Berry|[weaken]
|-damage|p2b: Sinistcha|58/100
|move|p2b: Sinistcha|Matcha Gotcha|p1b: Tinkaton|[spread] p1a,p1b
|-resisted|p1a: Gengar|1
|-resisted|p1b: Tinkaton|1
|-crit|p1b: Tinkaton
|-damage|p1a: Gengar|85/100
|-heal|p2b: Sinistcha|65/100|[from] drain|[of] p1a: Gengar
|-damage|p1b: Tinkaton|81/100
|-heal|p2b: Sinistcha|74/100|[from] drain|[of] p1b: Tinkaton
|
|upkeep
|turn|2
|inactive|chinozolano28 has 30 seconds left.
|inactive|chinozolano28 has 20 seconds left.
|inactive|chinozolano28 has 15 seconds left.
|
|t:|1785198000
|switch|p2b: Garchomp|Garchomp, L50, F|100/100
|move|p1a: Gengar|Protect|p1a: Gengar
|-singleturn|p1a: Gengar|Protect
|move|p1b: Tinkaton|Encore||[still]
|-fail|p1b: Tinkaton
|move|p2a: Incineroar|Throat Chop|p1a: Gengar
|-activate|p1a: Gengar|move: Protect
|
|upkeep
|turn|3
|
|t:|1785198021
|switch|p1a: Politoed|Politoed, L50, M, shiny|100/100
|-weather|RainDance|[from] ability: Drizzle|[of] p1a: Politoed
|move|p2b: Garchomp|Stomping Tantrum|p1a: Politoed
|-damage|p1a: Politoed|35/100
|-enditem|p1a: Politoed|Sitrus Berry|[eat]
|-heal|p1a: Politoed|60/100|[from] item: Sitrus Berry
|-damage|p2b: Garchomp|90/100|[from] item: Life Orb
|move|p1b: Tinkaton|Gigaton Hammer|p2b: Garchomp
|-damage|p2b: Garchomp|52/100
|move|p2a: Incineroar|Flare Blitz|p1b: Tinkaton
|-supereffective|p1b: Tinkaton|1
|-damage|p1b: Tinkaton|5/100
|-damage|p2a: Incineroar|73/100|[from] Recoil
|
|-weather|RainDance|[upkeep]
|upkeep
|turn|4
|inactive|eklyst has 30 seconds left.
|
|t:|1785198047
|switch|p2a: Sinistcha|Sinistcha, L50|74/100
|-heal|p2b: Garchomp|77/100|[from] ability: Hospitality|[of] p2a: Sinistcha
|move|p1b: Tinkaton|Protect|p1b: Tinkaton
|-singleturn|p1b: Tinkaton|Protect
|move|p2b: Garchomp|Rock Slide|p1a: Politoed|[spread] p1a
|-activate|p1b: Tinkaton|move: Protect
|-damage|p1a: Politoed|29/100
|-damage|p2b: Garchomp|67/100|[from] item: Life Orb
|move|p1a: Politoed|Weather Ball|p2b: Garchomp
|-damage|p2b: Garchomp|15/100
|
|-weather|RainDance|[upkeep]
|upkeep
|turn|5
|
|t:|1785198072
|switch|p1b: Sinistcha|Sinistcha, L50|100/100
|-heal|p1a: Politoed|53/100|[from] ability: Hospitality|[of] p1b: Sinistcha
|move|p2b: Garchomp|Protect|p2b: Garchomp
|-singleturn|p2b: Garchomp|Protect
|move|p1a: Politoed|Weather Ball|p2b: Garchomp
|-activate|p2b: Garchomp|move: Protect
|move|p2a: Sinistcha|Matcha Gotcha|p1b: Sinistcha|[spread] p1a,p1b
|-supereffective|p1a: Politoed|1
|-resisted|p1b: Sinistcha|1
|-damage|p1a: Politoed|3/100
|-heal|p2a: Sinistcha|97/100|[from] drain|[of] p1a: Politoed
|-damage|p1b: Sinistcha|85/100
|-heal|p2a: Sinistcha|100/100|[from] drain|[of] p1b: Sinistcha
|
|-weather|RainDance|[upkeep]
|upkeep
|turn|6
|
|t:|1785198095
|switch|p2b: Metagross|Metagross, L50|100/100
|move|p1b: Sinistcha|Rage Powder|p1b: Sinistcha
|-singleturn|p1b: Sinistcha|move: Rage Powder
|move|p1a: Politoed|Perish Song|p1a: Politoed
|-start|p1a: Politoed|perish3|[silent]
|-start|p1b: Sinistcha|perish3|[silent]
|-start|p2a: Sinistcha|perish3|[silent]
|-start|p2b: Metagross|perish3|[silent]
|-fieldactivate|move: Perish Song
|move|p2a: Sinistcha|Matcha Gotcha|p1b: Sinistcha|[spread] p1a,p1b
|-supereffective|p1a: Politoed|1
|-crit|p1a: Politoed
|-resisted|p1b: Sinistcha|1
|-damage|p1a: Politoed|0 fnt
|-damage|p1b: Sinistcha|72/100
|faint|p1a: Politoed
|
|-weather|RainDance|[upkeep]
|-start|p2b: Metagross|perish3
|-start|p1b: Sinistcha|perish3
|-start|p2a: Sinistcha|perish3
|upkeep
|
|t:|1785198110
|switch|p1a: Gengar|Gengar-Mega, L50, F, shiny|85/100
|turn|7
|
|t:|1785198127
|switch|p2a: Incineroar|Incineroar, L50, F|73/100
|-ability|p2a: Incineroar|Intimidate|boost
|-unboost|p1a: Gengar|atk|1
|-unboost|p1b: Sinistcha|atk|1
|detailschange|p2b: Metagross|Metagross-Mega, L50
|-mega|p2b: Metagross|Metagross|Metagrossite
|move|p1b: Sinistcha|Rage Powder|p1b: Sinistcha
|-singleturn|p1b: Sinistcha|move: Rage Powder
|move|p1a: Gengar|Shadow Ball|p2a: Incineroar
|-resisted|p2a: Incineroar|1
|-damage|p2a: Incineroar|52/100
|move|p2b: Metagross|Psychic Fangs|p1b: Sinistcha
|-damage|p1b: Sinistcha|23/100
|
|-weather|none
|-start|p2b: Metagross|perish2
|-start|p1b: Sinistcha|perish2
|upkeep
|turn|8
|
|t:|1785198149
|move|p1b: Sinistcha|Rage Powder|p1b: Sinistcha
|-singleturn|p1b: Sinistcha|move: Rage Powder
|move|p1a: Gengar|Shadow Ball|p2b: Metagross
|-supereffective|p2b: Metagross|1
|-damage|p2b: Metagross|15/100
|move|p2b: Metagross|Psychic Fangs|p1b: Sinistcha
|-damage|p1b: Sinistcha|0 fnt
|faint|p1b: Sinistcha
|move|p2a: Incineroar|Throat Chop|p1a: Gengar
|-supereffective|p1a: Gengar|1
|-damage|p1a: Gengar|0 fnt
|faint|p1a: Gengar
|
|-start|p2b: Metagross|perish1
|upkeep
|
|t:|1785198161
|switch|p1b: Tinkaton|Tinkaton, L50, F|5/100
|-ability|p1b: Tinkaton|Mold Breaker
|turn|9
|
|t:|1785198167
|switch|p2b: Sinistcha|Sinistcha, L50|100/100
|-heal|p2a: Incineroar|77/100|[from] ability: Hospitality|[of] p2b: Sinistcha
|move|p1b: Tinkaton|Fake Out|p2a: Incineroar
|-damage|p2a: Incineroar|67/100
|cant|p2a: Incineroar|flinch
|
|upkeep
|turn|10
|
|t:|1785198175
|move|p2b: Sinistcha|Rage Powder|p2b: Sinistcha
|-singleturn|p2b: Sinistcha|move: Rage Powder
|move|p1b: Tinkaton|Gigaton Hammer|p2b: Sinistcha
|-damage|p2b: Sinistcha|50/100g
|move|p2a: Incineroar|Flare Blitz|p1b: Tinkaton
|-supereffective|p1b: Tinkaton|1
|-damage|p1b: Tinkaton|0 fnt
|faint|p1b: Tinkaton
|-damage|p2a: Incineroar|66/100|[from] Recoil
|
|win|eklyst
|raw|chinozolano28's rating: 1052 → 1039(-13 for losing)
|raw|eklyst's rating: 1157 → 1175(+18 for winning)
|l|☆chinozolano28
|player|p1|
