|j|☆puigdoubleplay
|j|☆Sticky55
|html|puigdoubleplaySticky55    
|uhtml|bestof|Game 2 of a best-of-3
|t:|1785436427
|gametype|doubles
|player|p1|puigdoubleplay|waiter-gen4dp|1432
|player|p2|Sticky55|2|1321
|gen|9
|tier|[Gen 9 Champions] VGC 2026 Reg M-B (Bo3)
|rated|
|rule|Species Clause: Limit one of each Pokémon
|rule|Item Clause: Limit 1 of each item
|clearpoke
|poke|p1|Charizard, L50, M|
|poke|p1|Venusaur, L50, M|
|poke|p1|Sylveon, L50, F|
|poke|p1|Incineroar, L50, F|
|poke|p1|Toxapex, L50, M|
|poke|p1|Garchomp, L50, M|
|poke|p2|Charizard, L50, M|
|poke|p2|Whimsicott, L50, F|
|poke|p2|Ninetales-Alola, L50, M|
|poke|p2|Kingambit, L50, M|
|poke|p2|Glimmora, L50, F|
|poke|p2|Kommo-o, L50, F|
|teampreview|4
|showteam|p1|Charizard||CharizarditeY|Blaze|HeatWave,SolarBeam,Protect,WeatherBall|Modest||M|||50|]Venusaur||FocusSash|Chlorophyll|Protect,SleepPowder,SludgeBomb,EarthPower|Modest||M|||50|]Sylveon||FairyFeather|Pixilate|HyperVoice,HyperBeam,Detect,QuickAttack|Modest||F|||50|]Incineroar||SitrusBerry|Intimidate|FlareBlitz,DarkestLariat,PartingShot,FakeOut|Impish||F|||50|]Toxapex||Leftovers|Regenerator|Infestation,Toxic,WideGuard,BanefulBunker|Bold||M|||50|]Garchomp||LifeOrb|RoughSkin|RockSlide,DragonClaw,Protect,Earthquake|Jolly||M|||50|
|showteam|p2|Charizard||CharizarditeY|Blaze|HeatWave,WeatherBall,SolarBeam,Protect|Modest||M|||50|]Whimsicott||FocusSash|Prankster|Moonblast,Encore,Tailwind,Protect|Timid||F|||50|]Ninetales-Alola||NeverMeltIce|SnowWarning|Blizzard,FreezeDry,Disable,Protect|Timid||M|||50|]Kingambit||BlackGlasses|Defiant|SuckerPunch,KowtowCleave,IronHead,Protect|Adamant||M|||50|]Glimmora||Glimmoranite|ToxicDebris|SludgeBomb,PowerGem,EarthPower,SpikyShield|Modest||F|||50|]Kommo-o||LifeOrb|Overcoat|ClangingScales,AuraSphere,VacuumWave,Protect|Modest||F|||50|
|inactive|Battle timer is ON: inactive players will automatically lose when time's up. (requested by puigdoubleplay)
|inactive|puigdoubleplay has 60 seconds left.
|
|t:|1785436458
|teamsize|p1|4
|teamsize|p2|4
|start
|switch|p1a: Garchomp|Garchomp, L50, M|100/100
|switch|p1b: Venusaur|Venusaur, L50, M|100/100
|switch|p2a: Whimsicott|Whimsicott, L50, F|100/100
|switch|p2b: Ninetales|Ninetales-Alola, L50, M|100/100
|-weather|Snowscape|[from] ability: Snow Warning|[of] p2b: Ninetales
|turn|1
|
|t:|1785436478
|switch|p1a: Toxapex|Toxapex, L50, M|100/100
|move|p2a: Whimsicott|Moonblast|p1b: Venusaur
|-resisted|p1b: Venusaur|1
|-damage|p1b: Venusaur|80/100
|-unboost|p1b: Venusaur|spa|1
|move|p2b: Ninetales|Blizzard|p1a: Toxapex|[spread] p1a,p1b
|-resisted|p1a: Toxapex|1
|-supereffective|p1b: Venusaur|1
|-damage|p1a: Toxapex|84/100
|-damage|p1b: Venusaur|0 fnt
|faint|p1b: Venusaur
|
|-weather|Snowscape|[upkeep]
|-heal|p1a: Toxapex|90/100|[from] item: Leftovers
|upkeep
|
|t:|1785436483
|switch|p1b: Charizard|Charizard, L50, M|100/100
|turn|2
|inactive|Sticky55 has 30 seconds left.
|inactive|Sticky55 has 20 seconds left.
|
|t:|1785436521
|switch|p2b: Kingambit|Kingambit, L50, M|100/100
|move|p2a: Whimsicott|Protect|p2a: Whimsicott
|-singleturn|p2a: Whimsicott|Protect
|move|p1b: Charizard|Heat Wave|p2a: Whimsicott|[spread] p2b
|-activate|p2a: Whimsicott|move: Protect
|-supereffective|p2b: Kingambit|1
|-damage|p2b: Kingambit|46/100
|move|p1a: Toxapex|Infestation|p2a: Whimsicott
|-activate|p2a: Whimsicott|move: Protect
|
|-weather|Snowscape|[upkeep]
|-heal|p1a: Toxapex|96/100|[from] item: Leftovers
|upkeep
|turn|3
|inactive|Sticky55 has 30 seconds left.
|
|t:|1785436559
|move|p2a: Whimsicott|Encore|p1a: Toxapex
|-start|p1a: Toxapex|Encore
|move|p1b: Charizard|Heat Wave|p2a: Whimsicott|[spread] p2a,p2b
|-supereffective|p2a: Whimsicott|1
|-crit|p2a: Whimsicott
|-supereffective|p2b: Kingambit|1
|-enditem|p2a: Whimsicott|Focus Sash
|-damage|p2a: Whimsicott|1/100
|-damage|p2b: Kingambit|0 fnt
|faint|p2b: Kingambit
|move|p1a: Toxapex|Infestation|p2a: Whimsicott
|-damage|p2a: Whimsicott|0 fnt
|faint|p2a: Whimsicott
|
|-weather|Snowscape|[upkeep]
|-heal|p1a: Toxapex|100/100|[from] item: Leftovers
|upkeep
|
|t:|1785436574
|switch|p2a: Glimmora|Glimmora, L50, F|100/100
|switch|p2b: Ninetales|Ninetales-Alola, L50, M|100/100
|turn|4
|
|t:|1785436589
|detailschange|p2a: Glimmora|Glimmora-Mega, L50, F
|-mega|p2a: Glimmora|Glimmora|Glimmoranite
|detailschange|p1b: Charizard|Charizard-Mega-Y, L50, M
|-mega|p1b: Charizard|Charizard|Charizardite Y
|-weather|SunnyDay|[from] ability: Drought|[of] p1b: Charizard
|move|p1b: Charizard|Protect|p1b: Charizard
|-singleturn|p1b: Charizard|Protect
|move|p2b: Ninetales|Blizzard|p1a: Toxapex|[spread] p1a
|-activate|p1b: Charizard|move: Protect
|-resisted|p1a: Toxapex|1
|-damage|p1a: Toxapex|84/100
|move|p2a: Glimmora|Earth Power|p1b: Charizard
|-activate|p1b: Charizard|move: Protect
|move|p1a: Toxapex|Infestation|p2b: Ninetales
|-resisted|p2b: Ninetales|1
|-damage|p2b: Ninetales|97/100
|-activate|p2b: Ninetales|move: Infestation|[of] p1a: Toxapex
|
|-weather|SunnyDay|[upkeep]
|-heal|p1a: Toxapex|90/100|[from] item: Leftovers
|-damage|p2b: Ninetales|85/100|[from] move: Infestation|[partiallytrapped]
|upkeep
|turn|5
|inactive|puigdoubleplay has 30 seconds left.
|inactive|Sticky55 has 30 seconds left.
|inactive|puigdoubleplay has 20 seconds left.
|
|t:|1785436627
|move|p1b: Charizard|Protect|p1b: Charizard
|-singleturn|p1b: Charizard|Protect
|move|p2b: Ninetales|Freeze-Dry|p1b: Charizard
|-activate|p1b: Charizard|move: Protect
|move|p2a: Glimmora|Power Gem|p1b: Charizard
|-activate|p1b: Charizard|move: Protect
|move|p1a: Toxapex|Infestation|p2b: Ninetales
|-resisted|p2b: Ninetales|1
|-damage|p2b: Ninetales|83/100
|
|-weather|SunnyDay|[upkeep]
|-heal|p1a: Toxapex|96/100|[from] item: Leftovers
|-damage|p2b: Ninetales|71/100|[from] move: Infestation|[partiallytrapped]
|-end|p1a: Toxapex|Encore
|upkeep
|turn|6
|
|t:|1785436648
|move|p1b: Charizard|Protect||[still]
|-fail|p1b: Charizard
|move|p2b: Ninetales|Freeze-Dry|p1b: Charizard
|-damage|p1b: Charizard|73/100
|move|p2a: Glimmora|Power Gem|p1b: Charizard
|-supereffective|p1b: Charizard|2
|-crit|p1b: Charizard
|-damage|p1b: Charizard|0 fnt
|faint|p1b: Charizard
|move|p1a: Toxapex|Toxic|p2b: Ninetales
|-status|p2b: Ninetales|tox
|
|-weather|SunnyDay|[upkeep]
|-heal|p1a: Toxapex|100/100|[from] item: Leftovers
|-damage|p2b: Ninetales|65/100 tox|[from] psn
|-damage|p2b: Ninetales|53/100 tox|[from] move: Infestation|[partiallytrapped]
|upkeep
|
|t:|1785436656
|switch|p1b: Garchomp|Garchomp, L50, M|100/100
|turn|7
|
|t:|1785436672
|move|p1b: Garchomp|Protect|p1b: Garchomp
|-singleturn|p1b: Garchomp|Protect
|move|p2b: Ninetales|Freeze-Dry|p1b: Garchomp
|-activate|p1b: Garchomp|move: Protect
|move|p2a: Glimmora|Earth Power|p1a: Toxapex
|-supereffective|p1a: Toxapex|1
|-damage|p1a: Toxapex|38/100
|-unboost|p1a: Toxapex|spd|1
|move|p1a: Toxapex|Infestation|p2b: Ninetales
|-resisted|p2b: Ninetales|1
|-damage|p2b: Ninetales|51/100 tox
|
|-weather|SunnyDay|[upkeep]
|-heal|p1a: Toxapex|44/100|[from] item: Leftovers
|-damage|p2b: Ninetales|39/100 tox|[from] psn
|-damage|p2b: Ninetales|27/100 tox|[from] move: Infestation|[partiallytrapped]
|upkeep
|turn|8
|
|t:|1785436694
|move|p1b: Garchomp|Protect||[still]
|-fail|p1b: Garchomp
|move|p1a: Toxapex|Baneful Bunker|p1a: Toxapex
|-singleturn|p1a: Toxapex|move: Protect
|move|p2b: Ninetales|Freeze-Dry|p1b: Garchomp
|-supereffective|p1b: Garchomp|2
|-damage|p1b: Garchomp|0 fnt
|faint|p1b: Garchomp
|move|p2a: Glimmora|Earth Power|p1a: Toxapex
|-activate|p1a: Toxapex|move: Protect
|
|-weather|none
|-heal|p1a: Toxapex|50/100g|[from] item: Leftovers
|-damage|p2b: Ninetales|8/100 tox|[from] psn
|-damage|p2b: Ninetales|0 fnt|[from] move: Infestation|[partiallytrapped]
|faint|p2b: Ninetales
|upkeep
|turn|9
|-message|puigdoubleplay forfeited.
|raw|puigdoubleplay's rating: 1432 → 1406(-26 for losing)
|raw|Sticky55's rating: 1321 → 1347(+26 for winning)
|
|win|Sticky55
|c|☆Sticky55|:)
|l|☆puigdoubleplay
|player|p1|
