|j|☆danicruz.music
|j|☆EgoJJ
|html|danicruz.musicEgoJJ    
|uhtml|bestof|Game 1 of a best-of-3
|t:|1756837557
|gametype|doubles
|player|p1|danicruz.music|whitney|1229
|player|p2|EgoJJ|brock|1130
|gen|9
|tier|[Gen 9] VGC 2025 Reg H (Bo3)
|rated|
|rule|Species Clause: Limit one of each Pokémon
|rule|Item Clause: Limit 1 of each item
|clearpoke
|poke|p1|Dondozo, L50, F|
|poke|p1|Tatsugiri, L50, F|
|poke|p1|Pelipper, L50, F|
|poke|p1|Archaludon, L50, F|
|poke|p1|Dragapult, L50, F|
|poke|p1|Rillaboom, L50, F|
|poke|p2|Glimmora, L50, F|
|poke|p2|Tatsugiri, L50, F|
|poke|p2|Dondozo, L50, F|
|poke|p2|Rillaboom, L50, F|
|poke|p2|Volcarona, L50, F|
|poke|p2|Sneasler, L50, F|
|teampreview|4
|showteam|p1|Dondozo||Leftovers|Unaware|WaveCrash,Earthquake,OrderUp,Protect|||F|||50|,,,,,Ground]Tatsugiri||FocusSash|Commander|DragonPulse,DracoMeteor,MuddyWater,IcyWind|||F|||50|,,,,,Fairy]Pelipper||CovertCloak|Drizzle|Hurricane,WeatherBall,WideGuard,Tailwind|||F|||50|,,,,,Water]Archaludon||PowerHerb|Stalwart|ElectroShot,FlashCannon,DracoMeteor,Protect|||F|||50|,,,,,Electric]Dragapult||ChoiceBand|ClearBody|DragonDarts,DragonTail,PhantomForce,Uturn|||F|||50|,,,,,Normal]Rillaboom||AssaultVest|GrassySurge|FakeOut,GrassyGlide,WoodHammer,Uturn|||F|||50|,,,,,Fire
|showteam|p2|Glimmora||PowerHerb|ToxicDebris|MeteorBeam,SludgeBomb,EarthPower,SpikyShield|||F|||50|,,,,,Grass]Tatsugiri||FocusSash|Commander|DracoMeteor,MuddyWater,Taunt,Protect|||F|||50|,,,,,Stellar]Dondozo||CovertCloak|Unaware|WaveCrash,OrderUp,HeavySlam,Protect|||F|||50|,,,,,Steel]Rillaboom||AssaultVest|GrassySurge|FakeOut,GrassyGlide,WoodHammer,HighHorsepower|||F|||50|,,,,,Fire]Volcarona||SitrusBerry|FlameBody|FieryDance,TeraBlast,WillOWisp,Tailwind|||F|||50|,,,,,Fairy]Sneasler||GrassySeed|Unburden|DireClaw,CloseCombat,Coaching,Protect|||F|||50|,,,,,Stellar
|inactive|Battle timer is ON: inactive players will automatically lose when time's up. (requested by EgoJJ)
|inactive|danicruz.music also wants the timer to be on.
|inactive|EgoJJ has 60 seconds left.
|
|t:|1756837600
|teamsize|p1|4
|teamsize|p2|4
|start
|switch|p1a: Dondozo|Dondozo, L50, F|100/100
|switch|p1b: Tatsugiri|Tatsugiri, L50, F|100/100
|switch|p2a: Glimmora|Glimmora, L50, F|100/100
|switch|p2b: Tatsugiri|Tatsugiri, L50, F|100/100
|-activate|p1b: Tatsugiri|ability: Commander|[of] p1a: Dondozo
|-boost|p1a: Dondozo|atk|2
|-boost|p1a: Dondozo|spa|2
|-boost|p1a: Dondozo|spe|2
|-boost|p1a: Dondozo|def|2
|-boost|p1a: Dondozo|spd|2
|turn|1
|inactive|EgoJJ has 30 seconds left.
|inactive|EgoJJ has 20 seconds left.
|inactive|EgoJJ has 15 seconds left.
|inactive|EgoJJ has 10 seconds left.
|
|t:|1756837650
|-terastallize|p1a: Dondozo|Ground
|move|p2a: Glimmora|Spiky Shield|p2a: Glimmora
|-singleturn|p2a: Glimmora|move: Protect
|move|p2b: Tatsugiri|Draco Meteor|p1a: Dondozo
|-damage|p1a: Dondozo|69/100
|-unboost|p2b: Tatsugiri|spa|2
|move|p1a: Dondozo|Earthquake|p2b: Tatsugiri|[spread] p2b
|-miss|p1a: Dondozo|p1b: Tatsugiri
|-activate|p2a: Glimmora|move: Protect
|-enditem|p2b: Tatsugiri|Focus Sash
|-damage|p2b: Tatsugiri|1/100
|
|-heal|p1a: Dondozo|75/100|[from] item: Leftovers
|upkeep
|turn|2
|inactive|EgoJJ has 30 seconds left.
|inactive|EgoJJ has 20 seconds left.
|inactive|EgoJJ has 15 seconds left.
|inactive|EgoJJ has 10 seconds left.
|
|t:|1756837699
|switch|p2a: Rillaboom|Rillaboom, L50, F|100/100
|-fieldstart|move: Grassy Terrain|[from] ability: Grassy Surge|[of] p2a: Rillaboom
|move|p2b: Tatsugiri|Protect|p2b: Tatsugiri
|-singleturn|p2b: Tatsugiri|Protect
|move|p1a: Dondozo|Earthquake|p2b: Tatsugiri|[spread] p2a
|-miss|p1a: Dondozo|p1b: Tatsugiri
|-activate|p2b: Tatsugiri|move: Protect
|-resisted|p2a: Rillaboom
|-damage|p2a: Rillaboom|79/100
|
|-heal|p2b: Tatsugiri|7/100|[from] Grassy Terrain
|-heal|p2a: Rillaboom|85/100|[from] Grassy Terrain
|-heal|p1a: Dondozo|81/100|[from] Grassy Terrain
|-heal|p1a: Dondozo|88/100|[from] item: Leftovers
|upkeep
|turn|3
|inactive|EgoJJ has 30 seconds left.
|inactive|EgoJJ has 20 seconds left.
|inactive|EgoJJ has 15 seconds left.
|inactive|EgoJJ has 10 seconds left.
|
|t:|1756837745
|move|p1a: Dondozo|Protect|p1a: Dondozo
|-singleturn|p1a: Dondozo|Protect
|move|p2a: Rillaboom|Fake Out|p1a: Dondozo
|-activate|p1a: Dondozo|move: Protect
|move|p2b: Tatsugiri|Muddy Water|p1a: Dondozo|[spread] 
|-miss|p2b: Tatsugiri|p1b: Tatsugiri
|-activate|p1a: Dondozo|move: Protect
|
|-heal|p2b: Tatsugiri|14/100|[from] Grassy Terrain
|-heal|p2a: Rillaboom|90/100|[from] Grassy Terrain
|-heal|p1a: Dondozo|94/100|[from] Grassy Terrain
|-heal|p1a: Dondozo|99/100|[from] item: Leftovers
|upkeep
|turn|4
|inactive|EgoJJ has 30 seconds left.
|inactive|EgoJJ has 20 seconds left.
|inactive|EgoJJ has 15 seconds left.
|inactive|EgoJJ has 10 seconds left.
|
|t:|1756837792
|move|p2b: Tatsugiri|Protect|p2b: Tatsugiri
|-singleturn|p2b: Tatsugiri|Protect
|move|p2a: Rillaboom|Wood Hammer|p1a: Dondozo
|-supereffective|p1a: Dondozo
|-damage|p1a: Dondozo|51/100
|-damage|p2a: Rillaboom|70/100|[from] Recoil
|move|p1a: Dondozo|Order Up|p2a: Rillaboom
|-damage|p2a: Rillaboom|27/100
|-boost|p1a: Dondozo|atk|1
|
|-heal|p2b: Tatsugiri|20/100|[from] Grassy Terrain
|-heal|p2a: Rillaboom|32/100|[from] Grassy Terrain
|-heal|p1a: Dondozo|57/100|[from] Grassy Terrain
|-heal|p1a: Dondozo|64/100|[from] item: Leftovers
|upkeep
|turn|5
|
|t:|1756837813
|move|p2a: Rillaboom|Grassy Glide|p1a: Dondozo
|-supereffective|p1a: Dondozo
|-damage|p1a: Dondozo|39/100
|move|p2b: Tatsugiri|Muddy Water|p1b: Tatsugiri|[spread] p1a
|-miss|p2b: Tatsugiri|p1b: Tatsugiri
|-supereffective|p1a: Dondozo
|-damage|p1a: Dondozo|9/100
|move|p1a: Dondozo|Earthquake|p2b: Tatsugiri|[spread] p2a,p2b
|-miss|p1a: Dondozo|p1b: Tatsugiri
|-resisted|p2a: Rillaboom
|-damage|p2a: Rillaboom|5/100
|-damage|p2b: Tatsugiri|0 fnt
|faint|p2b: Tatsugiri
|
|-heal|p2a: Rillaboom|11/100|[from] Grassy Terrain
|-heal|p1a: Dondozo|15/100|[from] Grassy Terrain
|-heal|p1a: Dondozo|22/100|[from] item: Leftovers
|upkeep
|
|t:|1756837834
|switch|p2b: Sneasler|Sneasler, L50, F|100/100
|-enditem|p2b: Sneasler|Grassy Seed
|-boost|p2b: Sneasler|def|1|[from] item: Grassy Seed
|turn|6
|
|t:|1756837840
|move|p1a: Dondozo|Protect|p1a: Dondozo
|-singleturn|p1a: Dondozo|Protect
|move|p2a: Rillaboom|Grassy Glide|p1a: Dondozo
|-activate|p1a: Dondozo|move: Protect
|move|p2b: Sneasler|Coaching|p2a: Rillaboom
|-boost|p2a: Rillaboom|atk|1
|-boost|p2a: Rillaboom|def|1
|
|-heal|p2a: Rillaboom|16/100|[from] Grassy Terrain
|-heal|p1a: Dondozo|28/100|[from] Grassy Terrain
|-heal|p1a: Dondozo|34/100|[from] item: Leftovers
|-fieldend|move: Grassy Terrain
|upkeep
|turn|7
|inactive|EgoJJ has 30 seconds left.
|inactive|EgoJJ has 20 seconds left.
|inactive|EgoJJ has 15 seconds left.
|
|t:|1756837881
|-terastallize|p2b: Sneasler|Stellar
|move|p2b: Sneasler|Dire Claw|p1a: Dondozo
|-resisted|p1a: Dondozo
|-damage|p1a: Dondozo|25/100
|-status|p1a: Dondozo|psn
|move|p2a: Rillaboom|Grassy Glide|p1a: Dondozo
|-supereffective|p1a: Dondozo
|-damage|p1a: Dondozo|9/100 psn
|move|p1a: Dondozo|Earthquake|p2a: Rillaboom|[spread] p2a,p2b
|-miss|p1a: Dondozo|p1b: Tatsugiri
|-resisted|p2a: Rillaboom
|-supereffective|p2b: Sneasler
|-damage|p2a: Rillaboom|0 fnt
|-damage|p2b: Sneasler|0 fnt
|faint|p2a: Rillaboom
|faint|p2b: Sneasler
|
|-heal|p1a: Dondozo|15/100 psn|[from] item: Leftovers
|-damage|p1a: Dondozo|3/100 psn|[from] psn
|upkeep
|
|t:|1756837893
|switch|p2b: Glimmora|Glimmora, L50, F|100/100
|turn|8
|-message|EgoJJ forfeited.
|
|win|danicruz.music
||EgoJJ is ready for game 2.
|inactive|danicruz.music has 30 seconds to confirm battle start!
|inactive|danicruz.music has 20 seconds to confirm battle start!
|l|☆danicruz.music
|player|p1|
||danicruz.music is ready for game 2.
|uhtml|next|Next: Game 2 of 3
