|j|☆We_Love_The_Gong
|j|☆Ziik
|html|We_Love_The_GongZiik    
|uhtml|bestof|Game 2 of a best-of-3
|t:|1756649238
|gametype|doubles
|player|p1|We_Love_The_Gong|fantina|1105
|player|p2|Ziik|2|1141
|gen|9
|tier|[Gen 9] VGC 2025 Reg H (Bo3)
|rated|
|rule|Species Clause: Limit one of each Pokémon
|rule|Item Clause: Limit 1 of each item
|clearpoke
|poke|p1|Dondozo, L50, F|
|poke|p1|Tatsugiri-Droopy, L50, F|
|poke|p1|Weezing-Galar, L50, F|
|poke|p1|Kingambit, L50, M|
|poke|p1|Smeargle, L50, F|
|poke|p1|Dragapult, L50, F|
|poke|p2|Amoonguss, L50, M|
|poke|p2|Archaludon, L50, F|
|poke|p2|Basculegion, L50, M|
|poke|p2|Pelipper, L50, M|
|poke|p2|Rillaboom, L50, M|
|poke|p2|Maushold-Four, L50|
|teampreview|4
|showteam|p1|Dondozo||Leftovers|Unaware|Earthquake,BodyPress,Substitute,Protect|||F|||50|,,,,,Grass]Tatsugiri-Droopy||SafetyGoggles|Commander|MuddyWater,DracoMeteor,HelpingHand,Protect|||F|||50|,,,,,Stellar]Weezing-Galar||CovertCloak|NeutralizingGas|DazzlingGleam,PoisonGas,ToxicSpikes,Protect|||F|||50|,,,,,Water]Kingambit||BlackGlasses|Defiant|KowtowCleave,SuckerPunch,SwordsDance,Protect|||M|||50|,,,,,Dark]Smeargle||FocusSash|Moody|FakeOut,FollowMe,Encore,SpikyShield|||F|||50|,,,,,Ghost]Dragapult||ChoiceBand|ClearBody|TeraBlast,DragonDarts,Outrage,Uturn|||F|||50|,,,,,Ghost
|showteam|p2|Amoonguss||SitrusBerry|Regenerator|RagePowder,Spore,PollenPuff,ClearSmog|||M|||50|,,,,,Fire]Archaludon||AssaultVest|Stamina|ElectroShot,FlashCannon,DracoMeteor,BodyPress|||F|||50|,,,,,Bug]Basculegion||LifeOrb|SwiftSwim|WaveCrash,LastRespects,AquaJet,Protect|||M|||50|,,,,,Water]Pelipper||FocusSash|Drizzle|Protect,WeatherBall,Hurricane,Tailwind|||M|||50|,,,,,Stellar]Rillaboom||MiracleSeed|GrassySurge|FakeOut,GrassyGlide,WoodHammer,Uturn|||M|||50|,,,,,Fire]Maushold-Four||WideLens|FriendGuard|Protect,FollowMe,Taunt,PopulationBomb||||||50|,,,,,Grass
|
|t:|1756649288
|teamsize|p1|4
|teamsize|p2|4
|start
|switch|p1a: Smeargle|Smeargle, L50, F|100/100
|switch|p1b: Dragapult|Dragapult, L50, F|100/100
|switch|p2a: Maushold|Maushold-Four, L50|100/100
|switch|p2b: Archaludon|Archaludon, L50, F|100/100
|turn|1
|inactive|Battle timer is ON: inactive players will automatically lose when time's up. (requested by We_Love_The_Gong)
|
|t:|1756649313
|move|p2a: Maushold|Protect|p2a: Maushold
|-singleturn|p2a: Maushold|Protect
|move|p1a: Smeargle|Fake Out|p2b: Archaludon
|-resisted|p2b: Archaludon
|-damage|p2b: Archaludon|99/100
|-ability|p2b: Archaludon|Stamina|boost
|-boost|p2b: Archaludon|def|1
|move|p1b: Dragapult|Dragon Darts|p2b: Archaludon
|-damage|p2b: Archaludon|85/100
|-ability|p2b: Archaludon|Stamina|boost
|-boost|p2b: Archaludon|def|1
|-anim|p1b: Dragapult|Dragon Darts|p2b: Archaludon
|-damage|p2b: Archaludon|75/100
|-ability|p2b: Archaludon|Stamina|boost
|-boost|p2b: Archaludon|def|1
|cant|p2b: Archaludon|flinch
|
|-ability|p1a: Smeargle|Moody|boost
|-boost|p1a: Smeargle|spe|2
|-unboost|p1a: Smeargle|spd|1
|upkeep
|turn|2
|inactive|Ziik has 30 seconds left.
|
|t:|1756649340
|move|p1a: Smeargle|Encore|p2a: Maushold
|-start|p2a: Maushold|Encore
|move|p1b: Dragapult|Dragon Darts|p2b: Archaludon
|-damage|p2b: Archaludon|65/100
|-ability|p2b: Archaludon|Stamina|boost
|-boost|p2b: Archaludon|def|1
|-anim|p1b: Dragapult|Dragon Darts|p2a: Maushold
|-damage|p2a: Maushold|38/100
|move|p2a: Maushold|Protect||[still]
|-fail|p2a: Maushold
|move|p2b: Archaludon|Draco Meteor|p1b: Dragapult
|-supereffective|p1b: Dragapult
|-damage|p1b: Dragapult|0 fnt
|-unboost|p2b: Archaludon|spa|2
|faint|p1b: Dragapult
|
|-ability|p1a: Smeargle|Moody|boost
|-boost|p1a: Smeargle|def|2
|-unboost|p1a: Smeargle|spd|1
|upkeep
|
|t:|1756649357
|switch|p1b: Tatsugiri|Tatsugiri-Droopy, L50, F|100/100
|turn|3
|
|t:|1756649370
|switch|p2a: Amoonguss|Amoonguss, L50, M|100/100
|move|p1a: Smeargle|Encore|p2b: Archaludon
|-start|p2b: Archaludon|Encore
|move|p2b: Archaludon|Draco Meteor|p1a: Smeargle
|-enditem|p1a: Smeargle|Focus Sash
|-damage|p1a: Smeargle|1/100
|-unboost|p2b: Archaludon|spa|2
|move|p1b: Tatsugiri|Draco Meteor|p2b: Archaludon
|-damage|p2b: Archaludon|22/100
|-unboost|p1b: Tatsugiri|spa|2
|-ability|p2b: Archaludon|Stamina|boost
|-boost|p2b: Archaludon|def|1
|
|-ability|p1a: Smeargle|Moody|boost
|-boost|p1a: Smeargle|def|2
|-unboost|p1a: Smeargle|spe|1
|upkeep
|turn|4
|inactive|Ziik has 30 seconds left.
|
|t:|1756649401
|switch|p2b: Maushold|Maushold-Four, L50|38/100
|move|p1a: Smeargle|Spiky Shield|p1a: Smeargle
|-singleturn|p1a: Smeargle|move: Protect
|move|p1b: Tatsugiri|Draco Meteor|p2b: Maushold|[miss]
|-miss|p1b: Tatsugiri|p2b: Maushold
|move|p2a: Amoonguss|Pollen Puff|p2b: Maushold
|-heal|p2b: Maushold|88/100
|
|-ability|p1a: Smeargle|Moody|boost
|-boost|p1a: Smeargle|spd|2
|-unboost|p1a: Smeargle|def|1
|upkeep
|turn|5
|
|t:|1756649420
|switch|p1b: Dondozo|Dondozo, L50, F|100/100
|move|p2a: Amoonguss|Rage Powder|p2a: Amoonguss
|-singleturn|p2a: Amoonguss|move: Rage Powder
|move|p1a: Smeargle|Encore|p2a: Amoonguss
|-start|p2a: Amoonguss|Encore
|move|p2b: Maushold|Population Bomb|p1b: Dondozo
|-damage|p1b: Dondozo|95/100
|-damage|p1b: Dondozo|91/100
|-damage|p1b: Dondozo|86/100
|-damage|p1b: Dondozo|82/100
|-damage|p1b: Dondozo|77/100
|-damage|p1b: Dondozo|73/100
|-damage|p1b: Dondozo|69/100
|-damage|p1b: Dondozo|64/100
|-damage|p1b: Dondozo|60/100
|-damage|p1b: Dondozo|56/100
|-hitcount|p1b: Dondozo|10
|
|-heal|p1b: Dondozo|62/100|[from] item: Leftovers
|-ability|p1a: Smeargle|Moody|boost
|-boost|p1a: Smeargle|spe|2
|-unboost|p1a: Smeargle|spd|1
|upkeep
|turn|6
|inactive|We_Love_The_Gong has 30 seconds left.
|inactive|Ziik has 30 seconds left.
|
|t:|1756649454
|switch|p1a: Tatsugiri|Tatsugiri-Droopy, L50, F|100/100
|-activate|p1a: Tatsugiri|ability: Commander|[of] p1b: Dondozo
|-boost|p1b: Dondozo|atk|2
|-boost|p1b: Dondozo|spa|2
|-boost|p1b: Dondozo|spe|2
|-boost|p1b: Dondozo|def|2
|-boost|p1b: Dondozo|spd|2
|switch|p2a: Pelipper|Pelipper, L50, M|100/100
|-weather|RainDance|[from] ability: Drizzle|[of] p2a: Pelipper
|-terastallize|p1b: Dondozo|Grass
|move|p2b: Maushold|Taunt|p1b: Dondozo
|-start|p1b: Dondozo|move: Taunt
|move|p1b: Dondozo|Body Press|p2b: Maushold
|-supereffective|p2b: Maushold
|-damage|p2b: Maushold|0 fnt
|faint|p2b: Maushold
|
|-weather|RainDance|[upkeep]
|-heal|p1b: Dondozo|68/100|[from] item: Leftovers
|upkeep
|
|t:|1756649477
|switch|p2b: Amoonguss|Amoonguss, L50, M|100/100
|turn|7
|
|t:|1756649486
|move|p2a: Pelipper|Protect|p2a: Pelipper
|-singleturn|p2a: Pelipper|Protect
|move|p1b: Dondozo|Body Press|p2b: Amoonguss
|-resisted|p2b: Amoonguss
|-damage|p2b: Amoonguss|78/100
|move|p2b: Amoonguss|Clear Smog|p1b: Dondozo
|-supereffective|p1b: Dondozo
|-damage|p1b: Dondozo|54/100
|-clearboost|p1b: Dondozo
|
|-weather|RainDance|[upkeep]
|-heal|p1b: Dondozo|60/100|[from] item: Leftovers
|upkeep
|turn|8
|-message|We_Love_The_Gong forfeited.
|raw|We_Love_The_Gong's rating: 1105 → 1083(-22 for losing)
|raw|Ziik's rating: 1141 → 1163(+22 for winning)
|
|win|Ziik
|l|☆We_Love_The_Gong
|player|p1|
