|j|☆WASHINGTONGARGACHA
|j|☆yousickbastard
|html|WASHINGTONGARGACHAyousickbastard    
|uhtml|bestof|Game 1 of a best-of-3
|t:|1757769137
|gametype|doubles
|player|p1|WASHINGTONGARGACHA|101|1136
|player|p2|yousickbastard|birdkeeper-gen4dp|1217
|gen|9
|tier|[Gen 9] VGC 2025 Reg H (Bo3)
|rated|
|rule|Species Clause: Limit one of each Pokémon
|rule|Item Clause: Limit 1 of each item
|clearpoke
|poke|p1|Talonflame, L50, M|
|poke|p1|Gholdengo, L50|
|poke|p1|Dragonite, L50, F|
|poke|p1|Archaludon, L50, F|
|poke|p1|Tyranitar, L50, M|
|poke|p1|Garchomp, L50, M|
|poke|p2|Gholdengo, L50|
|poke|p2|Sneasler, L50, M|
|poke|p2|Rillaboom, L50, M|
|poke|p2|Dragonite, L50, M|
|poke|p2|Ninetales-Alola, L50, F|
|poke|p2|Arcanine-Hisui, L50, M|
|teampreview|4
|showteam|p1|Talonflame||CovertCloak|GaleWings|Tailwind,DualWingbeat,Taunt,FlareBlitz|||M|||50|,,,,,Stellar]Gholdengo||LifeOrb|GoodasGold|MakeItRain,NastyPlot,ShadowBall,Protect||||||50|,,,,,Steel]Dragonite||LoadedDice|Multiscale|ScaleShot,IceSpinner,Haze,Protect|||F|||50|,,,,,Steel]Archaludon||PowerHerb|Sturdy|FlashCannon,ElectroShot,DracoMeteor,Protect|||F|||50|,,,,,Flying]Tyranitar||AssaultVest|SandStream|KnockOff,RockSlide,TeraBlast,LowKick|||M|||50|,,,,,Flying]Garchomp||ClearAmulet|RoughSkin|DragonClaw,StompingTantrum,Earthquake,Protect|||M|||50|,,,,,Steel
|showteam|p2|Gholdengo||GrassySeed|GoodasGold|NastyPlot,MakeItRain,ShadowBall,Protect||||||50|,,,,,Water]Sneasler||WhiteHerb|Unburden|CloseCombat,DireClaw,Coaching,Protect|||M|||50|,,,,,Ghost]Rillaboom||AssaultVest|GrassySurge|FakeOut,GrassyGlide,DrumBeating,HighHorsepower|||M|||50|,,,,,Fire]Dragonite||LoadedDice|Multiscale|ScaleShot,StompingTantrum,Tailwind,Protect|||M|||50|,,,,,Ground]Ninetales-Alola||FocusSash|SnowWarning|Blizzard,IcyWind,Encore,AuroraVeil|||F|||50|,,,,,Ghost]Arcanine-Hisui||ClearAmulet|Intimidate|RockSlide,FlareBlitz,ExtremeSpeed,Protect|||M|||50|,,,,,Water
|
|t:|1757769183
|teamsize|p1|4
|teamsize|p2|4
|start
|switch|p1a: Talonflame|Talonflame, L50, M|100/100
|switch|p1b: Garchomp|Garchomp, L50, M|100/100
|switch|p2a: Niners|Ninetales-Alola, L50, F|100/100
|switch|p2b: Arcanine|Arcanine-Hisui, L50, M|100/100
|-weather|Snowscape|[from] ability: Snow Warning|[of] p2a: Niners
|-ability|p2b: Arcanine|Intimidate|boost
|-unboost|p1a: Talonflame|atk|1
|-fail|p1b: Garchomp|unboost|[from] item: Clear Amulet|[of] p1b: Garchomp
|turn|1
|
|t:|1757769249
|switch|p1a: Tyranitar|Tyranitar, L50, M|100/100
|-weather|Sandstorm|[from] ability: Sand Stream|[of] p1a: Tyranitar
|-terastallize|p2b: Arcanine|Water
|move|p2a: Niners|Blizzard|p1b: Garchomp|[spread] p1a,p1b
|-supereffective|p1b: Garchomp
|-damage|p1a: Tyranitar|88/100
|-damage|p1b: Garchomp|0 fnt
|faint|p1b: Garchomp
|move|p2b: Arcanine|Rock Slide|p1a: Tyranitar
|-damage|p1a: Tyranitar|58/100
|
|-weather|Sandstorm|[upkeep]
|-damage|p2a: Niners|94/100|[from] Sandstorm
|-damage|p2b: Arcanine|95/100|[from] Sandstorm
|upkeep
|
|t:|1757769269
|switch|p1b: Talonflame|Talonflame, L50, M|100/100
|turn|2
|
|t:|1757769289
|switch|p2a: Rillaboom|Rillaboom, L50, M|100/100
|-fieldstart|move: Grassy Terrain|[from] ability: Grassy Surge|[of] p2a: Rillaboom
|move|p1b: Talonflame|Flare Blitz|p2a: Rillaboom
|-supereffective|p2a: Rillaboom
|-damage|p2a: Rillaboom|4/100
|-damage|p1b: Talonflame|63/100|[from] Recoil
|move|p2b: Arcanine|Rock Slide|p1b: Talonflame|[spread] p1a,p1b
|-supereffective|p1b: Talonflame
|-damage|p1a: Tyranitar|33/100
|-damage|p1b: Talonflame|0 fnt
|faint|p1b: Talonflame
|move|p1a: Tyranitar|Knock Off|p2b: Arcanine
|-damage|p2b: Arcanine|28/100
|-enditem|p2b: Arcanine|Clear Amulet|[from] move: Knock Off|[of] p1a: Tyranitar
|
|-weather|Sandstorm|[upkeep]
|-damage|p2b: Arcanine|22/100|[from] Sandstorm
|-damage|p2a: Rillaboom|0 fnt|[from] Sandstorm
|faint|p2a: Rillaboom
|-heal|p2b: Arcanine|28/100|[from] Grassy Terrain
|-heal|p1a: Tyranitar|39/100|[from] Grassy Terrain
|upkeep
|
|t:|1757769309
|switch|p1b: Gholdengo|Gholdengo, L50|100/100
|switch|p2a: Niners|Ninetales-Alola, L50, F|94/100
|-weather|Snowscape|[from] ability: Snow Warning|[of] p2a: Niners
|turn|3
|
|t:|1757769338
|move|p2b: Arcanine|Protect|p2b: Arcanine
|-singleturn|p2b: Arcanine|Protect
|move|p1b: Gholdengo|Protect|p1b: Gholdengo
|-singleturn|p1b: Gholdengo|Protect
|move|p2a: Niners|Icy Wind|p1b: Gholdengo|[spread] p1a
|-activate|p1b: Gholdengo|move: Protect
|-damage|p1a: Tyranitar|30/100
|-unboost|p1a: Tyranitar|spe|1
|move|p1a: Tyranitar|Rock Slide|p2a: Niners|[spread] p2a
|-activate|p2b: Arcanine|move: Protect
|-supereffective|p2a: Niners
|-damage|p2a: Niners|37/100
|
|-weather|Snowscape|[upkeep]
|-heal|p2a: Niners|43/100|[from] Grassy Terrain
|-heal|p2b: Arcanine|34/100|[from] Grassy Terrain
|-heal|p1a: Tyranitar|36/100|[from] Grassy Terrain
|upkeep
|turn|4
|
|t:|1757769356
|move|p1b: Gholdengo|Protect|p1b: Gholdengo
|-singleturn|p1b: Gholdengo|Protect
|move|p2a: Niners|Icy Wind|p1a: Tyranitar|[spread] p1a
|-activate|p1b: Gholdengo|move: Protect
|-damage|p1a: Tyranitar|27/100
|-unboost|p1a: Tyranitar|spe|1
|move|p2b: Arcanine|Flare Blitz|p1b: Gholdengo
|-activate|p1b: Gholdengo|move: Protect
|move|p1a: Tyranitar|Rock Slide|p2a: Niners|[spread] p2a,p2b
|-supereffective|p2a: Niners
|-damage|p2a: Niners|0 fnt
|-damage|p2b: Arcanine|0 fnt
|faint|p2a: Niners
|faint|p2b: Arcanine
|
|-weather|Snowscape|[upkeep]
|-heal|p1a: Tyranitar|32/100|[from] Grassy Terrain
|upkeep
|
|t:|1757769361
|switch|p2b: Gholdengo|Gholdengo, L50|100/100
|-enditem|p2b: Gholdengo|Grassy Seed
|-boost|p2b: Gholdengo|def|1|[from] item: Grassy Seed
|turn|5
|
|t:|1757769386
|-terastallize|p1b: Gholdengo|Steel
|move|p1b: Gholdengo|Shadow Ball|p2b: Gholdengo
|-supereffective|p2b: Gholdengo
|-damage|p2b: Gholdengo|0 fnt
|faint|p2b: Gholdengo
|-damage|p1b: Gholdengo|91/100|[from] item: Life Orb
|
|win|WASHINGTONGARGACHA
