|j|☆MobiusVGC
|j|☆AN555GEL
|html|MobiusVGCAN555GEL    
|uhtml|bestof|Game 1 of a best-of-3
|t:|1756288926
|gametype|doubles
|player|p1|MobiusVGC|gentleman-gen4dp|1154
|player|p2|AN555GEL|169|1142
|gen|9
|tier|[Gen 9] VGC 2025 Reg H (Bo3)
|rated|
|rule|Species Clause: Limit one of each Pokémon
|rule|Item Clause: Limit 1 of each item
|clearpoke
|poke|p1|Hydreigon, L50, M|
|poke|p1|Gholdengo, L50|
|poke|p1|Amoonguss, L50, F|
|poke|p1|Incineroar, L50, M|
|poke|p1|Garchomp, L50, F|
|poke|p1|Rotom-Wash, L50|
|poke|p2|Archaludon, L50, M|
|poke|p2|Basculegion, L50, M|
|poke|p2|Pelipper, L50, M|
|poke|p2|Incineroar, L50, M|
|poke|p2|Clefable, L50, F|
|poke|p2|Gholdengo, L50|
|teampreview|4
|showteam|p1|Hydreigon||CovertCloak|Levitate|DracoMeteor,Snarl,Tailwind,Protect|||M|||50|,,,,,Poison]Gholdengo||MetalCoat|GoodasGold|MakeItRain,ShadowBall,NastyPlot,Protect||||||50|,,,,,Flying]Amoonguss||RockyHelmet|Regenerator|PollenPuff,Spore,RagePowder,Protect|||F|||50|,,,,,Fairy]Incineroar||SafetyGoggles|Intimidate|FlareBlitz,KnockOff,FakeOut,PartingShot|||M|||50|,,,,,Ghost]Garchomp||ClearAmulet|RoughSkin|Earthquake,DragonClaw,StompingTantrum,Protect|||F|||50|,,,,,Ground]Rotom-Wash||SitrusBerry|Levitate|HydroPump,Thunderbolt,WillOWisp,Protect||||||50|,,,,,Ghost
|showteam|p2|Archaludon||AssaultVest|Stamina|ElectroShot,BodyPress,DragonPulse,Snarl|||M|||50|,,,,,Grass]Basculegion||ChoiceBand|SwiftSwim|AquaJet,WaveCrash,FlipTurn,LastRespects|||M|||50|,,,,,Water]Pelipper||FocusSash|Drizzle|WeatherBall,Hurricane,Tailwind,Protect|||M|||50|,,,,,Ghost]Incineroar||SitrusBerry|Intimidate|FakeOut,KnockOff,Taunt,PartingShot|||M|||50|,,,,,Ghost]Clefable||SafetyGoggles|Unaware|Moonblast,FollowMe,Protect,LifeDew|||F|||50|,,,,,Water]Gholdengo||LifeOrb|GoodasGold|MakeItRain,NastyPlot,ShadowBall,Protect||||||50|,,,,,Water
|
|t:|1756288973
|teamsize|p1|4
|teamsize|p2|4
|start
|switch|p1a: Hydreigon|Hydreigon, L50, M|100/100
|switch|p1b: Incineroar|Incineroar, L50, M|100/100
|switch|p2a: Pelipper|Pelipper, L50, M, shiny|100/100
|switch|p2b: Basculegion|Basculegion, L50, M|100/100
|-weather|RainDance|[from] ability: Drizzle|[of] p2a: Pelipper
|-ability|p1b: Incineroar|Intimidate|boost
|-unboost|p2a: Pelipper|atk|1
|-unboost|p2b: Basculegion|atk|1
|turn|1
|
|t:|1756288997
|switch|p2a: Archaludon|Archaludon, L50, M|100/100
|switch|p1b: Amoonguss|Amoonguss, L50, F|100/100
|move|p2b: Basculegion|Flip Turn|p1b: Amoonguss
|-resisted|p1b: Amoonguss
|-damage|p1b: Amoonguss|85/100
|-damage|p2b: Basculegion|84/100|[from] item: Rocky Helmet|[of] p1b: Amoonguss
|
|t:|1756289008
|switch|p2b: Clefable|Clefable, L50, F|100/100|[from] Flip Turn
|move|p1a: Hydreigon|Draco Meteor|p2b: Clefable
|-immune|p2b: Clefable
|
|-weather|RainDance|[upkeep]
|upkeep
|turn|2
|
|t:|1756289034
|switch|p1b: Gholdengo|Gholdengo, L50|100/100
|move|p2b: Clefable|Follow Me|p2b: Clefable
|-singleturn|p2b: Clefable|move: Follow Me
|move|p1a: Hydreigon|Snarl|p2b: Clefable|[spread] p2a,p2b
|-resisted|p2b: Clefable
|-damage|p2a: Archaludon|87/100
|-damage|p2b: Clefable|93/100
|-unboost|p2a: Archaludon|spa|1
|-unboost|p2b: Clefable|spa|1
|-ability|p2a: Archaludon|Stamina|boost
|-boost|p2a: Archaludon|def|1
|move|p2a: Archaludon|Electro Shot||[still]
|-prepare|p2a: Archaludon|Electro Shot
|-boost|p2a: Archaludon|spa|1
|-anim|p2a: Archaludon|Electro Shot|p1a: Hydreigon
|-resisted|p1a: Hydreigon
|-damage|p1a: Hydreigon|83/100
|
|-weather|RainDance|[upkeep]
|upkeep
|turn|3
|
|t:|1756289062
|move|p1a: Hydreigon|Protect|p1a: Hydreigon
|-singleturn|p1a: Hydreigon|Protect
|move|p1b: Gholdengo|Nasty Plot|p1b: Gholdengo
|-boost|p1b: Gholdengo|spa|2
|move|p2a: Archaludon|Electro Shot||[still]
|-prepare|p2a: Archaludon|Electro Shot
|-boost|p2a: Archaludon|spa|1
|-anim|p2a: Archaludon|Electro Shot|p1b: Gholdengo
|-damage|p1b: Gholdengo|34/100
|move|p2b: Clefable|Moonblast|p1a: Hydreigon
|-activate|p1a: Hydreigon|move: Protect
|
|-weather|RainDance|[upkeep]
|upkeep
|turn|4
|
|t:|1756289113
|move|p1b: Gholdengo|Protect|p1b: Gholdengo
|-singleturn|p1b: Gholdengo|Protect
|move|p2b: Clefable|Follow Me|p2b: Clefable
|-singleturn|p2b: Clefable|move: Follow Me
|move|p1a: Hydreigon|Draco Meteor|p2b: Clefable
|-immune|p2b: Clefable
|move|p2a: Archaludon|Electro Shot||[still]
|-prepare|p2a: Archaludon|Electro Shot
|-boost|p2a: Archaludon|spa|1
|-anim|p2a: Archaludon|Electro Shot|p1b: Gholdengo
|-activate|p1b: Gholdengo|move: Protect
|
|-weather|RainDance|[upkeep]
|upkeep
|turn|5
|
|t:|1756289133
|move|p2b: Clefable|Protect|p2b: Clefable
|-singleturn|p2b: Clefable|Protect
|move|p1a: Hydreigon|Snarl|p2b: Clefable|[spread] p2a
|-activate|p2b: Clefable|move: Protect
|-damage|p2a: Archaludon|75/100
|-unboost|p2a: Archaludon|spa|1
|-ability|p2a: Archaludon|Stamina|boost
|-boost|p2a: Archaludon|def|1
|move|p1b: Gholdengo|Make It Rain|p2a: Archaludon|[spread] p2a
|-activate|p2b: Clefable|move: Protect
|-resisted|p2a: Archaludon
|-damage|p2a: Archaludon|33/100
|-unboost|p1b: Gholdengo|spa|1
|-ability|p2a: Archaludon|Stamina|boost
|-boost|p2a: Archaludon|def|1
|move|p2a: Archaludon|Electro Shot||[still]
|-prepare|p2a: Archaludon|Electro Shot
|-boost|p2a: Archaludon|spa|1
|-anim|p2a: Archaludon|Electro Shot|p1b: Gholdengo
|-damage|p1b: Gholdengo|0 fnt
|faint|p1b: Gholdengo
|
|-weather|none
|upkeep
|
|t:|1756289153
|switch|p1b: Amoonguss|Amoonguss, L50, F|100/100
|turn|6
|
|t:|1756289170
|move|p1b: Amoonguss|Rage Powder|p1b: Amoonguss
|-singleturn|p1b: Amoonguss|move: Rage Powder
|move|p1a: Hydreigon|Snarl|p2a: Archaludon|[spread] p2a,p2b
|-resisted|p2b: Clefable
|-damage|p2a: Archaludon|19/100
|-damage|p2b: Clefable|85/100
|-unboost|p2a: Archaludon|spa|1
|-unboost|p2b: Clefable|spa|1
|-ability|p2a: Archaludon|Stamina|boost
|-boost|p2a: Archaludon|def|1
|move|p2a: Archaludon|Dragon Pulse|p1b: Amoonguss
|-damage|p1b: Amoonguss|39/100
|move|p2b: Clefable|Life Dew|p2b: Clefable|[spread] p2a,p2b
|-heal|p2a: Archaludon|44/100
|-heal|p2b: Clefable|100/100
|
|upkeep
|turn|7
|
|t:|1756289190
|-terastallize|p2a: Archaludon|Grass
|move|p2b: Clefable|Follow Me|p2b: Clefable
|-singleturn|p2b: Clefable|move: Follow Me
|move|p1a: Hydreigon|Draco Meteor|p2b: Clefable
|-immune|p2b: Clefable
|move|p2a: Archaludon|Body Press|p1a: Hydreigon
|-supereffective|p1a: Hydreigon
|-damage|p1a: Hydreigon|0 fnt
|faint|p1a: Hydreigon
|move|p1b: Amoonguss|Spore|p2b: Clefable
|-activate|p2b: Clefable|item: Safety Goggles|Spore
|
|upkeep
|-message|MobiusVGC forfeited.
|
|win|AN555GEL
||MobiusVGC is ready for game 2.
||AN555GEL is ready for game 2.
|uhtml|next|Next: Game 2 of 3
|l|☆MobiusVGC
|player|p1|
