|j|‽Chewe_60111
|j|☆KodeBeast0526
|html|Chewe_60111KodeBeast0526    
|uhtml|bestof|Game 3 of a best-of-3
|t:|1783400013
|gametype|doubles
|player|p1|Chewe_60111|266|1116
|player|p2|KodeBeast0526|sailor|1224
|gen|9
|tier|[Gen 9 Champions] VGC 2026 Reg M-B (Bo3)
|rated|
|rule|Species Clause: Limit one of each Pokémon
|rule|Item Clause: Limit 1 of each item
|clearpoke
|poke|p1|Volcarona, L50, M|
|poke|p1|Charizard, L50, M|
|poke|p1|Kingambit, L50, M|
|poke|p1|Sneasler, L50, M|
|poke|p1|Kangaskhan, L50, F|
|poke|p1|Sinistcha-Masterpiece, L50|
|poke|p2|Gengar, L50, M, shiny|
|poke|p2|Swampert, L50, M, shiny|
|poke|p2|Incineroar, L50, M, shiny|
|poke|p2|Politoed, L50, F, shiny|
|poke|p2|Archaludon, L50, F|
|poke|p2|Vivillon-Ocean, L50, F|
|teampreview|4
|showteam|p1|Volcarona||SitrusBerry|FlameBody|QuiverDance,MorningSun,FieryDance,StruggleBug|Bold||M|||50|]Charizard||CharizarditeY|Blaze|HeatWave,WeatherBall,SolarBeam,Protect|Timid||M|||50|]Kingambit||BlackGlasses|Defiant|KowtowCleave,SuckerPunch,SwordsDance,Protect|Adamant||M|||50|]Sneasler||FocusSash|PoisonTouch|FakeOut,PoisonJab,CloseCombat,Coaching|Jolly||M|||50|]Kangaskhan||Kangaskhanite|Scrappy|FakeOut,DoubleEdge,DrainPunch,IcePunch|Adamant||F|||50|]Sinistcha-Masterpiece||Leftovers|Hospitality|MatchaGotcha,TrickRoom,RagePowder,Protect|Bold|||||50|
|showteam|p2|Gengar||Gengarite|CursedBody|ShadowBall,PerishSong,SludgeBomb,Protect|Timid||M|||50|]Swampert||Swampertite|Torrent|WaveCrash,Earthquake,IcePunch,Protect|Adamant||M|||50|]Incineroar||PasshoBerry|Intimidate|ThroatChop,PartingShot,FakeOut,Protect|Sassy||M|||50|]Politoed||SitrusBerry|Drizzle|WeatherBall,PerishSong,Encore,Protect|Calm||F|||50|]Archaludon||Leftovers|Stamina|DragonPulse,FlashCannon,ElectroShot,Protect|Bold||F|||50|]Vivillon-Ocean||FocusSash|CompoundEyes|Hurricane,SleepPowder,RagePowder,Protect|Timid||F|||50|
|j| dracule039
|inactive|Battle timer is ON: inactive players will automatically lose when time's up. (requested by Chewe_60111)
|j| weird perish thing
|inactive|Chewe_60111 has 60 seconds left.
|
|t:|1783400046
|teamsize|p1|4
|teamsize|p2|4
|start
|switch|p1a: Kingambit|Kingambit, L50, M|100/100
|switch|p1b: Charizard|Charizard, L50, M|100/100
|switch|p2a: Vivillon|Vivillon-Ocean, L50, F|100/100
|switch|p2b: Incineroar|Incineroar, L50, M, shiny|100/100
|-ability|p2b: Incineroar|Intimidate|boost
|-unboost|p1a: Kingambit|atk|1
|-ability|p1a: Kingambit|Defiant|boost
|-boost|p1a: Kingambit|atk|2
|-unboost|p1b: Charizard|atk|1
|turn|1
|
|t:|1783400062
|move|p1b: Charizard|Protect|p1b: Charizard
|-singleturn|p1b: Charizard|Protect
|move|p1a: Kingambit|Protect|p1a: Kingambit
|-singleturn|p1a: Kingambit|Protect
|move|p2b: Incineroar|Fake Out|p1a: Kingambit
|-activate|p1a: Kingambit|move: Protect
|move|p2a: Vivillon|Sleep Powder|p1b: Charizard
|-activate|p1b: Charizard|move: Protect
|
|upkeep
|turn|2
|inactive|Chewe_60111 has 30 seconds left.
|
|t:|1783400094
|move|p1b: Charizard|Heat Wave|p2a: Vivillon|[spread] p2a,p2b
|-supereffective|p2a: Vivillon|1
|-resisted|p2b: Incineroar|1
|-enditem|p2a: Vivillon|Focus Sash
|-damage|p2a: Vivillon|1/100
|-damage|p2b: Incineroar|90/100
|move|p2a: Vivillon|Sleep Powder|p1b: Charizard
|-status|p1b: Charizard|slp|[from] move: Sleep Powder
|move|p2b: Incineroar|Parting Shot|p1b: Charizard
|-unboost|p1b: Charizard|atk|1
|-unboost|p1b: Charizard|spa|1
|
|t:|1783400104
|switch|p2b: Politoed|Politoed, L50, F, shiny|100/100|[from] Parting Shot
|-weather|RainDance|[from] ability: Drizzle|[of] p2b: Politoed
|move|p1a: Kingambit|Kowtow Cleave|p2a: Vivillon
|-damage|p2a: Vivillon|0 fnt
|faint|p2a: Vivillon
|
|-weather|RainDance|[upkeep]
|upkeep
|
|t:|1783400110
|switch|p2a: Incineroar|Incineroar, L50, M, shiny|90/100
|-ability|p2a: Incineroar|Intimidate|boost
|-unboost|p1a: Kingambit|atk|1
|-ability|p1a: Kingambit|Defiant|boost
|-boost|p1a: Kingambit|atk|2
|-unboost|p1b: Charizard|atk|1
|turn|3
|inactive|Chewe_60111 has 30 seconds left.
|inactive|Chewe_60111 has 20 seconds left.
|inactive|Chewe_60111 has 15 seconds left.
|inactive|Chewe_60111 has 10 seconds left.
|
|t:|1783400159
|switch|p1b: Sinistcha|Sinistcha-Masterpiece, L50|100/100
|switch|p2a: Swampert|Swampert, L50, M, shiny|100/100
|move|p1a: Kingambit|Protect|p1a: Kingambit
|-singleturn|p1a: Kingambit|Protect
|move|p2b: Politoed|Encore|p1a: Kingambit
|-activate|p1a: Kingambit|move: Protect
|
|-weather|RainDance|[upkeep]
|upkeep
|turn|4
|
|t:|1783400183
|detailschange|p2a: Swampert|Swampert-Mega, L50, M, shiny
|-mega|p2a: Swampert|Swampert|Swampertite
|move|p1a: Kingambit|Sucker Punch|p2a: Swampert
|-damage|p2a: Swampert|22/100
|move|p2a: Swampert|Ice Punch|p1b: Sinistcha
|-supereffective|p1b: Sinistcha|1
|-damage|p1b: Sinistcha|43/100
|move|p2b: Politoed|Weather Ball|p1b: Sinistcha
|-resisted|p1b: Sinistcha|1
|-damage|p1b: Sinistcha|23/100
|move|p1b: Sinistcha|Trick Room|p1b: Sinistcha
|-fieldstart|move: Trick Room|[of] p1b: Sinistcha
|
|-weather|RainDance|[upkeep]
|-heal|p1b: Sinistcha|29/100|[from] item: Leftovers
|upkeep
|turn|5
|
|t:|1783400199
|switch|p2b: Incineroar|Incineroar, L50, M, shiny|90/100
|-ability|p2b: Incineroar|Intimidate|boost
|-unboost|p1a: Kingambit|atk|1
|-ability|p1a: Kingambit|Defiant|boost
|-boost|p1a: Kingambit|atk|2
|-unboost|p1b: Sinistcha|atk|1
|move|p2a: Swampert|Protect|p2a: Swampert
|-singleturn|p2a: Swampert|Protect
|move|p1a: Kingambit|Kowtow Cleave|p2a: Swampert
|-activate|p2a: Swampert|move: Protect
|move|p1b: Sinistcha|Matcha Gotcha|p2a: Swampert|[spread] p2b
|-activate|p2a: Swampert|move: Protect
|-resisted|p2b: Incineroar|1
|-damage|p2b: Incineroar|80/100
|-heal|p1b: Sinistcha|35/100|[from] drain|[of] p2b: Incineroar
|
|-weather|RainDance|[upkeep]
|-heal|p1b: Sinistcha|41/100|[from] item: Leftovers
|upkeep
|turn|6
|inactive|Chewe_60111 has 30 seconds left.
|inactive|Chewe_60111 has 20 seconds left.
|inactive|Chewe_60111 has 15 seconds left.
|
|t:|1783400242
|switch|p2a: Politoed|Politoed, L50, F, shiny|100/100
|move|p1a: Kingambit|Kowtow Cleave|p2a: Politoed
|-damage|p2a: Politoed|0 fnt
|faint|p2a: Politoed
|move|p2b: Incineroar|Throat Chop|p1b: Sinistcha
|-supereffective|p1b: Sinistcha|1
|-damage|p1b: Sinistcha|0 fnt
|faint|p1b: Sinistcha
|
|-weather|none
|upkeep
|inactive|Chewe_60111 has 30 seconds left.
|inactive|Chewe_60111 has 20 seconds left.
|inactive|Chewe_60111 has 15 seconds left.
|
|t:|1783400285
|switch|p1b: Kangaskhan|Kangaskhan, L50, F|100/100
|switch|p2a: Swampert|Swampert-Mega, L50, M, shiny|22/100
|turn|7
|inactive|Chewe_60111 has 30 seconds left.
|inactive|KodeBeast0526 has 30 seconds left.
|
|t:|1783400311
|detailschange|p1b: Kangaskhan|Kangaskhan-Mega, L50, F
|-mega|p1b: Kangaskhan|Kangaskhan|Kangaskhanite
|move|p2a: Swampert|Protect|p2a: Swampert
|-singleturn|p2a: Swampert|Protect
|move|p1b: Kangaskhan|Fake Out|p2b: Incineroar
|-damage|p2b: Incineroar|62/100
|-damage|p2b: Incineroar|59/100
|-hitcount|p2b: Incineroar|2
|move|p1a: Kingambit|Kowtow Cleave|p2a: Swampert
|-activate|p2a: Swampert|move: Protect
|cant|p2b: Incineroar|flinch
|
|upkeep
|turn|8
|
|t:|1783400329
|move|p2b: Incineroar|Protect|p2b: Incineroar
|-singleturn|p2b: Incineroar|Protect
|move|p1a: Kingambit|Kowtow Cleave|p2a: Swampert
|-damage|p2a: Swampert|0 fnt
|faint|p2a: Swampert
|move|p1b: Kangaskhan|Drain Punch|p2b: Incineroar
|-activate|p2b: Incineroar|move: Protect
|
|-fieldend|move: Trick Room
|upkeep
|turn|9
|-message|KodeBeast0526 forfeited.
|
|win|Chewe_60111
|raw|Chewe_60111's rating: 1116 → 1149(+33 for winning)
|raw|KodeBeast0526's rating: 1224 → 1191(-33 for losing)
|l|☆KodeBeast0526
|player|p2|
|j|☆KodeBeast0526
|player|p2|KodeBeast0526|sailor|
