|j|☆x-demon18
|j|☆BravitoRito
|html|x-demon18BravitoRito    
|uhtml|bestof|Game 1 of a best-of-3
|t:|1784949841
|gametype|doubles
|player|p1|x-demon18|pokefan-gen4|1125
|player|p2|BravitoRito|striker|1199
|gen|9
|tier|[Gen 9 Champions] VGC 2026 Reg M-B (Bo3)
|rated|
|rule|Species Clause: Limit one of each Pokémon
|rule|Item Clause: Limit 1 of each item
|clearpoke
|poke|p1|Rotom-Heat, L50|
|poke|p1|Sinistcha, L50|
|poke|p1|Primarina, L50, F|
|poke|p1|Metagross, L50, shiny|
|poke|p1|Garchomp, L50, M|
|poke|p1|Tyranitar, L50, M|
|poke|p2|Charizard, L50, F, shiny|
|poke|p2|Aerodactyl, L50, F|
|poke|p2|Farigiraf, L50, F|
|poke|p2|Garchomp, L50, F|
|poke|p2|Sylveon, L50, M|
|poke|p2|Kingambit, L50, F|
|teampreview|4
|showteam|p1|Rotom-Heat||SitrusBerry|Levitate|Overheat,Electroweb,WillOWisp,VoltSwitch|Modest|||||50|]Sinistcha||KasibBerry|Hospitality|MatchaGotcha,ShadowBall,RagePowder,Protect|Quiet|||||50|]Primarina||Leftovers|LiquidVoice|HyperVoice,Moonblast,IcyWind,Protect|Modest||F|||50|]Metagross||Metagrossite|ClearBody|IronHead,PsychicFangs,BodyPress,Protect|Adamant|||||50|]Garchomp||LifeOrb|RoughSkin|RockSlide,DragonClaw,StompingTantrum,Protect|Jolly||M|||50|]Tyranitar||Tyranitarite|SandStream|RockSlide,KnockOff,IcePunch,Protect|Adamant||M|||50|
|showteam|p2|Charizard||CharizarditeY|Blaze|HeatWave,SolarBeam,WeatherBall,Protect|Modest||F|||50|]Aerodactyl||Aerodactylite|Unnerve|RockSlide,DualWingbeat,IceFang,Tailwind|Jolly||F|||50|]Farigiraf||SitrusBerry|ArmorTail|Psychic,Thunderbolt,TrickRoom,Roar|Sassy||F|||50|]Garchomp||LifeOrb|RoughSkin|Earthquake,DragonClaw,StompingTantrum,Protect|Jolly||F|||50|]Sylveon||FairyFeather|Pixilate|HyperVoice,HyperBeam,QuickAttack,Detect|Sassy||M|||50|]Kingambit||FocusSash|Defiant|KowtowCleave,IronHead,SuckerPunch,LowKick|Adamant||F|||50|
|inactive|Battle timer is ON: inactive players will automatically lose when time's up. (requested by BravitoRito)
|
|t:|1784949903
|teamsize|p1|4
|teamsize|p2|4
|start
|switch|p1a: Prometheus|Rotom-Heat, L50|100/100
|switch|p1b: Caliope|Primarina, L50, F|100/100
|switch|p2a: Aerodactyl|Aerodactyl, L50, F|100/100
|switch|p2b: Kingambit|Kingambit, L50, F|100/100
|-ability|p2a: Aerodactyl|Unnerve
|turn|1
|
|t:|1784949919
|detailschange|p2a: Aerodactyl|Aerodactyl-Mega, L50, F
|-mega|p2a: Aerodactyl|Aerodactyl|Aerodactylite
|move|p1b: Caliope|Protect|p1b: Caliope
|-singleturn|p1b: Caliope|Protect
|move|p2a: Aerodactyl|Rock Slide|p1b: Caliope|[spread] p1a
|-activate|p1b: Caliope|move: Protect
|-supereffective|p1a: Prometheus|1
|-damage|p1a: Prometheus|38/100
|-enditem|p1a: Prometheus|Sitrus Berry|[eat]
|-heal|p1a: Prometheus|63/100|[from] item: Sitrus Berry
|move|p1a: Prometheus|Will-O-Wisp|p2b: Kingambit|[miss]
|-miss|p1a: Prometheus|p2b: Kingambit
|move|p2b: Kingambit|Iron Head|p1b: Caliope
|-activate|p1b: Caliope|move: Protect
|
|upkeep
|turn|2
|
|t:|1784949944
|switch|p1b: Don Julio|Sinistcha, L50|100/100
|-heal|p1a: Prometheus|88/100|[from] ability: Hospitality|[of] p1b: Don Julio
|move|p2a: Aerodactyl|Rock Slide|p1a: Prometheus|[spread] p1a,p1b
|-supereffective|p1a: Prometheus|1
|-damage|p1a: Prometheus|19/100
|-damage|p1b: Don Julio|70/100
|move|p1a: Prometheus|Overheat|p2b: Kingambit
|-supereffective|p2b: Kingambit|1
|-enditem|p2b: Kingambit|Focus Sash
|-damage|p2b: Kingambit|1/100
|-unboost|p1a: Prometheus|spa|2
|move|p2b: Kingambit|Iron Head|p1b: Don Julio
|-damage|p1b: Don Julio|25/100
|
|upkeep
|turn|3
|inactive|BravitoRito has 30 seconds left.
|inactive|x-demon18 has 30 seconds left.
|inactive|BravitoRito has 20 seconds left.
|
|t:|1784949983
|switch|p1a: Juggernaut|Tyranitar, L50, M|100/100
|-weather|Sandstorm|[from] ability: Sand Stream|[of] p1a: Juggernaut
|switch|p1b: Caliope|Primarina, L50, F|100/100
|move|p2b: Kingambit|Sucker Punch||[still]
|-fail|p2b: Kingambit
|move|p2a: Aerodactyl|Rock Slide|p1a: Juggernaut|[spread] p1a
|-miss|p2a: Aerodactyl|p1b: Caliope
|-damage|p1a: Juggernaut|75/100
|
|-weather|Sandstorm|[upkeep]
|-damage|p1b: Caliope|93/100|[from] Sandstorm
|-heal|p1b: Caliope|100/100|[from] item: Leftovers
|upkeep
|turn|4
|inactive|x-demon18 has 30 seconds left.
|inactive|x-demon18 has 20 seconds left.
|inactive|x-demon18 has 15 seconds left.
|inactive|x-demon18 has 10 seconds left.
|
|t:|1784950030
|detailschange|p1a: Juggernaut|Tyranitar-Mega, L50, M
|-mega|p1a: Juggernaut|Tyranitar|Tyranitarite
|move|p2a: Aerodactyl|Tailwind|p2a: Aerodactyl
|-sidestart|p2: BravitoRito|move: Tailwind
|move|p2b: Kingambit|Iron Head|p1b: Caliope
|-damage|p1b: Caliope|48/100
|move|p1a: Juggernaut|Rock Slide|p2a: Aerodactyl|[spread] p2a,p2b
|-supereffective|p2a: Aerodactyl|1
|-resisted|p2b: Kingambit|1
|-damage|p2a: Aerodactyl|3/100
|-damage|p2b: Kingambit|0 fnt
|faint|p2b: Kingambit
|move|p1b: Caliope|Hyper Voice|p2a: Aerodactyl
|-supereffective|p2a: Aerodactyl|1
|-damage|p2a: Aerodactyl|0 fnt
|faint|p2a: Aerodactyl
|
|-weather|Sandstorm|[upkeep]
|-damage|p1b: Caliope|42/100|[from] Sandstorm
|-heal|p1b: Caliope|48/100|[from] item: Leftovers
|upkeep
|
|t:|1784950041
|switch|p2a: Sylveon|Sylveon, L50, M|100/100
|switch|p2b: Garchomp|Garchomp, L50, F|100/100
|turn|5
|
|t:|1784950056
|switch|p1a: Don Julio|Sinistcha, L50|25/100
|-heal|p1b: Caliope|73/100|[from] ability: Hospitality|[of] p1a: Don Julio
|move|p2b: Garchomp|Stomping Tantrum|p1a: Don Julio
|-resisted|p1a: Don Julio|1
|-damage|p1a: Don Julio|1/100
|-damage|p2b: Garchomp|90/100|[from] item: Life Orb
|move|p2a: Sylveon|Hyper Voice|p1b: Caliope|[spread] p1a,p1b
|-crit|p1a: Don Julio
|-damage|p1a: Don Julio|0 fnt
|-damage|p1b: Caliope|43/100
|faint|p1a: Don Julio
|move|p1b: Caliope|Icy Wind|p2a: Sylveon|[spread] p2a,p2b
|-supereffective|p2b: Garchomp|2
|-damage|p2a: Sylveon|92/100
|-damage|p2b: Garchomp|29/100
|-unboost|p2a: Sylveon|spe|1
|-unboost|p2b: Garchomp|spe|1
|
|-weather|Sandstorm|[upkeep]
|-damage|p2a: Sylveon|86/100|[from] Sandstorm
|-damage|p1b: Caliope|36/100|[from] Sandstorm
|-heal|p1b: Caliope|43/100|[from] item: Leftovers
|upkeep
|
|t:|1784950079
|switch|p1a: Prometheus|Rotom-Heat, L50|19/100
|turn|6
|
|t:|1784950103
|move|p2a: Sylveon|Detect|p2a: Sylveon
|-singleturn|p2a: Sylveon|Protect
|move|p2b: Garchomp|Earthquake|p1b: Caliope|[spread] p1b
|-activate|p2a: Sylveon|move: Protect
|-immune|p1a: Prometheus|[from] ability: Levitate
|-damage|p1b: Caliope|0 fnt
|faint|p1b: Caliope
|-damage|p2b: Garchomp|20/100r|[from] item: Life Orb
|move|p1a: Prometheus|Overheat|p2a: Sylveon
|-activate|p2a: Sylveon|move: Protect
|
|-weather|Sandstorm|[upkeep]
|-damage|p1a: Prometheus|13/100|[from] Sandstorm
|-damage|p2a: Sylveon|80/100|[from] Sandstorm
|upkeep
|
|t:|1784950119
|switch|p1b: Juggernaut|Tyranitar-Mega, L50, M|75/100
|turn|7
|
|t:|1784950133
|move|p1b: Juggernaut|Protect|p1b: Juggernaut
|-singleturn|p1b: Juggernaut|Protect
|move|p2b: Garchomp|Dragon Claw|p1a: Prometheus
|-crit|p1a: Prometheus
|-damage|p1a: Prometheus|0 fnt
|faint|p1a: Prometheus
|-damage|p2b: Garchomp|10/100|[from] item: Life Orb
|move|p2a: Sylveon|Hyper Voice|p1b: Juggernaut
|-activate|p1b: Juggernaut|move: Protect
|
|-weather|none
|-sideend|p2: BravitoRito|move: Tailwind
|upkeep
|turn|8
|
|t:|1784950155
|move|p2b: Garchomp|Stomping Tantrum|p1b: Juggernaut
|-supereffective|p1b: Juggernaut|1
|-damage|p1b: Juggernaut|8/100
|-damage|p2b: Garchomp|1/100|[from] item: Life Orb
|move|p1b: Juggernaut|Rock Slide|p2b: Garchomp|[spread] p2a,p2b
|-resisted|p2b: Garchomp|1
|-damage|p2a: Sylveon|30/100
|-damage|p2b: Garchomp|0 fnt
|faint|p2b: Garchomp
|move|p2a: Sylveon|Hyper Beam|p1b: Juggernaut
|-supereffective|p1b: Juggernaut|1
|-crit|p1b: Juggernaut
|-damage|p1b: Juggernaut|0 fnt
|-mustrecharge|p2a: Sylveon
|faint|p1b: Juggernaut
|
|win|BravitoRito
||BravitoRito is ready for game 2.
|inactive|x-demon18 has 30 seconds to confirm battle start!
|l|☆x-demon18
|player|p1|
||x-demon18 is ready for game 2.
|uhtml|next|Next: Game 2 of 3
|j|☆x-demon18
|player|p1|x-demon18|pokefan-gen4|
