|j|ÔÿåChochito Pelao
|j|Ôÿåmagicalarcher57
|html|Chochito Pelaomagicalarcher57    
|uhtml|bestof|Game 3 of a best-of-3
|t:|1784705365
|gametype|doubles
|player|p1|Chochito Pelao|striker|1110
|player|p2|magicalarcher57|clair|1203
|gen|9
|tier|[Gen 9 Champions] VGC 2026 Reg M-B (Bo3)
|rated|
|rule|Species Clause: Limit one of each Pok├®mon
|rule|Item Clause: Limit 1 of each item
|clearpoke
|poke|p1|Floette-Eternal, L50, F|
|poke|p1|Incineroar, L50, F|
|poke|p1|Sinistcha-Masterpiece, L50, shiny|
|poke|p1|Aerodactyl, L50, F|
|poke|p1|Kingambit, L50, M|
|poke|p1|Garchomp, L50, M|
|poke|p2|Garchomp, L50, F|
|poke|p2|Kingambit, L50, M|
|poke|p2|Vanilluxe, L50, M|
|poke|p2|Aerodactyl, L50, M|
|poke|p2|Sneasler, L50, F|
|poke|p2|Gardevoir, L50, F|
|teampreview|4
|showteam|p1|Floette-Eternal||Floettite|FlowerVeil|Moonblast,DazzlingGleam,CalmMind,Protect|Modest||F|||50|]Incineroar||SitrusBerry|Intimidate|FakeOut,PartingShot,ThroatChop,FlareBlitz|Careful||F|||50|]Sinistcha-Masterpiece||Leftovers|Hospitality|MatchaGotcha,TrickRoom,RagePowder,Protect|Bold|||||50|]Aerodactyl||Aerodactylite|Unnerve|IceFang,RockSlide,Tailwind,DualWingbeat|Jolly||F|||50|]Kingambit||FocusSash|Defiant|IronHead,SuckerPunch,KowtowCleave,LowKick|Adamant||M|||50|]Garchomp||LifeOrb|RoughSkin|Protect,DragonClaw,Earthquake,RockSlide|Jolly||M|||50|
|showteam|p2|Garchomp||LifeOrb|RoughSkin|Earthquake,DragonClaw,StompingTantrum,Protect|Jolly||F|||50|]Kingambit||BlackGlasses|Defiant|KowtowCleave,SuckerPunch,Protect,IronHead|Adamant||M|||50|]Vanilluxe||ChoiceScarf|SnowWarning|Blizzard,FreezeDry,WeatherBall,IcyWind|Modest||M|||50|]Aerodactyl||Aerodactylite|Unnerve|DualWingbeat,RockSlide,Tailwind,Protect|Jolly||M|||50|]Sneasler||FocusSash|Unburden|FakeOut,CloseCombat,DireClaw,Protect|Adamant||F|||50|]Gardevoir||Gardevoirite|Trace|HyperVoice,Psychic,TrickRoom,Protect|Modest||F|||50|
|inactive|Battle timer is ON: inactive players will automatically lose when time's up. (requested by magicalarcher57)
|inactive|Chochito Pelao has 60 seconds left.
|
|t:|1784705408
|teamsize|p1|4
|teamsize|p2|4
|start
|switch|p1a: Incineroar|Incineroar, L50, F|100/100
|switch|p1b: Floette|Floette-Eternal, L50, F|100/100
|switch|p2a: Vanilluxe|Vanilluxe, L50, M|100/100
|switch|p2b: Aerodactyl|Aerodactyl, L50, M|100/100
|-ability|p2b: Aerodactyl|Unnerve
|-weather|Snowscape|[from] ability: Snow Warning|[of] p2a: Vanilluxe
|-ability|p1a: Incineroar|Intimidate|boost
|-unboost|p2a: Vanilluxe|atk|1
|-unboost|p2b: Aerodactyl|atk|1
|turn|1
|
|t:|1784705431
|detailschange|p1b: Floette|Floette-Mega, L50, F
|-mega|p1b: Floette|Floette|Floettite
|-ability|p1b: Floette|Fairy Aura
|move|p2b: Aerodactyl|Protect|p2b: Aerodactyl
|-singleturn|p2b: Aerodactyl|Protect
|move|p1a: Incineroar|Fake Out|p2b: Aerodactyl
|-activate|p2b: Aerodactyl|move: Protect
|move|p2a: Vanilluxe|Blizzard|p1b: Floette|[spread] p1a,p1b
|-resisted|p1a: Incineroar|1
|-damage|p1a: Incineroar|83/100
|-damage|p1b: Floette|69/100
|move|p1b: Floette|Calm Mind|p1b: Floette
|-boost|p1b: Floette|spa|1
|-boost|p1b: Floette|spd|1
|
|-weather|Snowscape|[upkeep]
|upkeep
|turn|2
|
|t:|1784705448
|move|p2b: Aerodactyl|Tailwind|p2b: Aerodactyl
|-sidestart|p2: magicalarcher57|move: Tailwind
|move|p2a: Vanilluxe|Blizzard|p1b: Floette|[spread] p1a,p1b
|-resisted|p1a: Incineroar|1
|-damage|p1a: Incineroar|66/100
|-damage|p1b: Floette|50/100g
|-status|p1b: Floette|frz
|cant|p1b: Floette|frz
|move|p1a: Incineroar|Parting Shot|p2a: Vanilluxe
|-unboost|p2a: Vanilluxe|atk|1
|-unboost|p2a: Vanilluxe|spa|1
|
|t:|1784705464
|switch|p1a: Kingambit|Kingambit, L50, M|100/100|[from] Parting Shot
|
|-weather|Snowscape|[upkeep]
|upkeep
|turn|3
|
|t:|1784705480
|move|p2b: Aerodactyl|Rock Slide|p1a: Kingambit|[spread] p1a,p1b
|-resisted|p1a: Kingambit|1
|-damage|p1a: Kingambit|92/100
|-damage|p1b: Floette|35/100 frz
|move|p2a: Vanilluxe|Blizzard|p1b: Floette|[spread] p1a,p1b
|-resisted|p1a: Kingambit|1
|-damage|p1a: Kingambit|79/100
|-damage|p1b: Floette|22/100 frz
|cant|p1b: Floette|frz
|cant|p1a: Kingambit|flinch
|
|-weather|Snowscape|[upkeep]
|upkeep
|turn|4
|c|Ôÿåmagicalarcher57|Omg I'm so sorry about the hax
|
|t:|1784705492
|switch|p1a: Sinistcha|Sinistcha-Masterpiece, L50, shiny|100/100
|-heal|p1b: Floette|46/100 frz|[from] ability: Hospitality|[of] p1a: Sinistcha
|move|p2b: Aerodactyl|Rock Slide|p1a: Sinistcha|[spread] p1a
|-miss|p2b: Aerodactyl|p1b: Floette
|-damage|p1a: Sinistcha|86/100
|move|p2a: Vanilluxe|Blizzard|p1b: Floette|[spread] p1a,p1b
|-supereffective|p1a: Sinistcha|1
|-damage|p1a: Sinistcha|37/100
|-damage|p1b: Floette|33/100 frz
|-status|p1a: Sinistcha|frz
|-curestatus|p1b: Floette|frz|[msg]
|move|p1b: Floette|Dazzling Gleam|p2b: Aerodactyl|[spread] p2a,p2b
|-damage|p2a: Vanilluxe|14/100
|-damage|p2b: Aerodactyl|0 fnt
|faint|p2b: Aerodactyl
|
|-weather|Snowscape|[upkeep]
|-heal|p1a: Sinistcha|43/100 frz|[from] item: Leftovers
|upkeep
|
|t:|1784705505
|switch|p2b: Gardevoir|Gardevoir, L50, F|100/100
|-ability|p2b: Gardevoir|Hospitality|Trace|[from] ability: Trace|[of] p1a: Sinistcha
|-heal|p2a: Vanilluxe|39/100|[from] ability: Hospitality|[of] p2b: Gardevoir
|turn|5
|
|t:|1784705512
|detailschange|p2b: Gardevoir|Gardevoir-Mega, L50, F
|-mega|p2b: Gardevoir|Gardevoir|Gardevoirite
|move|p1b: Floette|Protect|p1b: Floette
|-singleturn|p1b: Floette|Protect
|move|p2a: Vanilluxe|Blizzard|p1a: Sinistcha|[spread] p1a
|-activate|p1b: Floette|move: Protect
|-supereffective|p1a: Sinistcha|1
|-damage|p1a: Sinistcha|0 fnt
|faint|p1a: Sinistcha
|move|p2b: Gardevoir|Hyper Voice|p1b: Floette
|-activate|p1b: Floette|move: Protect
|
|-weather|none
|-sideend|p2: magicalarcher57|move: Tailwind
|upkeep
|
|t:|1784705518
|switch|p1a: Incineroar|Incineroar, L50, F|66/100
|-ability|p1a: Incineroar|Intimidate|boost
|-unboost|p2a: Vanilluxe|atk|1
|-unboost|p2b: Gardevoir|atk|1
|turn|6
|
|t:|1784705524
|move|p2b: Gardevoir|Protect|p2b: Gardevoir
|-singleturn|p2b: Gardevoir|Protect
|move|p1a: Incineroar|Fake Out|p2b: Gardevoir
|-activate|p2b: Gardevoir|move: Protect
|move|p2a: Vanilluxe|Blizzard|p1a: Incineroar|[spread] p1a,p1b
|-resisted|p1a: Incineroar|1
|-damage|p1a: Incineroar|54/100
|-damage|p1b: Floette|20/100y
|-status|p1b: Floette|frz
|cant|p1b: Floette|frz
|
|upkeep
|turn|7
|c|ÔÿåChochito Pelao|akjjhfaksjfalsf
|c|Ôÿåmagicalarcher57|­ƒÿ¡
|inactive|Chochito Pelao has 30 seconds left.
|
|t:|1784705557
|move|p2a: Vanilluxe|Blizzard|p1b: Floette|[spread] p1a,p1b
|-resisted|p1a: Incineroar|1
|-damage|p1a: Incineroar|44/100
|-damage|p1b: Floette|7/100 frz
|-status|p1a: Incineroar|frz
|-enditem|p1a: Incineroar|Sitrus Berry|[eat]
|-heal|p1a: Incineroar|68/100 frz|[from] item: Sitrus Berry
|move|p2b: Gardevoir|Hyper Voice|p1a: Incineroar|[spread] p1a,p1b
|-crit|p1a: Incineroar
|-damage|p1a: Incineroar|0 fnt
|-damage|p1b: Floette|0 fnt
|faint|p1a: Incineroar
|faint|p1b: Floette
|
|upkeep
|c|Ôÿåmagicalarcher57|Sorry
|
|t:|1784705563
|switch|p1b: Kingambit|Kingambit, L50, M|79/100
|turn|8
|inactive|Chochito Pelao has 30 seconds left.
|inactive|Chochito Pelao has 20 seconds left.
|inactive|Chochito Pelao has 15 seconds left.
|c|ÔÿåChochito Pelao|nah you are a gambler, and being gambler you are a bad player
|inactive|Chochito Pelao has 10 seconds left.
|
|t:|1784705611
|move|p1b: Kingambit|Sucker Punch|p2b: Gardevoir
|-damage|p2b: Gardevoir|40/100
|move|p2a: Vanilluxe|Blizzard|p1b: Kingambit
|-resisted|p1b: Kingambit|1
|-damage|p1b: Kingambit|57/100
|move|p2b: Gardevoir|Hyper Voice|p1b: Kingambit
|-damage|p1b: Kingambit|0 fnt
|faint|p1b: Kingambit
|
|win|magicalarcher57
