|j|☆Moose32
|j|☆Whim5
|html|Moose32Whim5    
|uhtml|bestof|Game 3 of a best-of-3
|t:|1783993295
|gametype|doubles
|player|p1|Moose32|tateandliza-gen6|
|player|p2|Whim5|backers|
|gen|9
|tier|[Gen 9 Champions] VGC 2026 Reg M-B (Bo3)
|rule|Species Clause: Limit one of each Pokémon
|rule|Item Clause: Limit 1 of each item
|clearpoke
|poke|p1|Pelipper, L50, F|
|poke|p1|Whimsicott, L50, F, shiny|
|poke|p1|Quaquaval, L50, M|
|poke|p1|Basculegion-F, L50, F|
|poke|p1|Archaludon, L50, M, shiny|
|poke|p1|Incineroar, L50, M|
|poke|p2|Lucario, L50, F|
|poke|p2|Meowstic, L50, M, shiny|
|poke|p2|Hydreigon, L50, M, shiny|
|poke|p2|Rotom-Frost, L50|
|poke|p2|Sinistcha, L50|
|poke|p2|Delphox, L50, M|
|teampreview|4
|showteam|p1|Pelipper||FocusSash|Drizzle|WeatherBall,Hurricane,Tailwind,Protect|Modest||F|||50|]Whimsicott||MentalHerb|Prankster|Moonblast,BeatUp,Encore,Tailwind|Timid||F|||50|]Quaquaval||WacanBerry|Moxie|AquaStep,CloseCombat,BraveBird,Protect|Jolly||M|||50|]Basculegion-F||LifeOrb|SwiftSwim|AquaJet,WaveCrash,LastRespects,Protect|Jolly||F|||50|]Archaludon||ChopleBerry|Stamina|ElectroShot,DracoMeteor,AuraSphere,Protect|Modest||M|||50|]Incineroar||SitrusBerry|Intimidate|FakeOut,DarkestLariat,HelpingHand,PartingShot|Careful||M|||50|
|showteam|p2|Lucario||Lucarionite|InnerFocus|AuraSphere,FlashCannon,ThunderPunch,Protect|Mild||F|||50|]Meowstic||FocusSash|Prankster|SunnyDay,FakeOut,PsychicNoise,LightScreen|Timid||M|||50|]Hydreigon||LifeOrb|Levitate|DarkPulse,DracoMeteor,FlashCannon,Protect|Timid||M|||50|]Rotom-Frost||ChoiceScarf|Levitate|Discharge,Blizzard,Trick,VoltSwitch|Timid|||||50|]Sinistcha||SitrusBerry|Hospitality|MatchaGotcha,Imprison,RagePowder,Protect|Calm|||||50|]Delphox||Delphoxite|Blaze|HeatWave,Psychic,SolarBeam,Protect|Modest||M|||50|
|j| QuickClawExplosion
|
|t:|1783993434
|teamsize|p1|4
|teamsize|p2|4
|start
|switch|p1a: JUGGERNAUT|Incineroar, L50, M|100/100
|switch|p1b: APOCALYPSE|Quaquaval, L50, M|100/100
|switch|p2a: Prank 'em John|Meowstic, L50, M, shiny|100/100
|switch|p2b: Green Meanie|Hydreigon, L50, M, shiny|100/100
|-ability|p1a: JUGGERNAUT|Intimidate|boost
|-unboost|p2a: Prank 'em John|atk|1
|-unboost|p2b: Green Meanie|atk|1
|turn|1
|
|t:|1783993596
|move|p2a: Prank 'em John|Fake Out|p1b: APOCALYPSE
|-damage|p1b: APOCALYPSE|95/100
|move|p1a: JUGGERNAUT|Fake Out|p2b: Green Meanie
|-damage|p2b: Green Meanie|86/100
|cant|p2b: Green Meanie|flinch
|cant|p1b: APOCALYPSE|flinch
|
|upkeep
|turn|2
|c|☆Whim5|handshake
|c|☆Moose32|tru
|j| ropplebees
|
|t:|1783993816
|move|p1b: APOCALYPSE|Protect|p1b: APOCALYPSE
|-singleturn|p1b: APOCALYPSE|Protect
|move|p2a: Prank 'em John|Psychic Noise|p1b: APOCALYPSE
|-activate|p1b: APOCALYPSE|move: Protect
|move|p2b: Green Meanie|Dark Pulse|p1b: APOCALYPSE
|-activate|p1b: APOCALYPSE|move: Protect
|move|p1a: JUGGERNAUT|Parting Shot|p2b: Green Meanie
|-unboost|p2b: Green Meanie|atk|1
|-unboost|p2b: Green Meanie|spa|1
|
|t:|1783993838
|switch|p1a: STORM|Pelipper, L50, F|100/100|[from] Parting Shot
|-weather|RainDance|[from] ability: Drizzle|[of] p1a: STORM
|
|-weather|RainDance|[upkeep]
|upkeep
|turn|3
|
|t:|1783994027
|switch|p1b: JUGGERNAUT|Incineroar, L50, M|100/100
|-ability|p1b: JUGGERNAUT|Intimidate|boost
|-unboost|p2a: Prank 'em John|atk|1
|-unboost|p2b: Green Meanie|atk|1
|move|p2a: Prank 'em John|Psychic Noise|p1b: JUGGERNAUT
|-immune|p1b: JUGGERNAUT
|move|p2b: Green Meanie|Draco Meteor|p1b: JUGGERNAUT
|-damage|p1b: JUGGERNAUT|49/100
|-unboost|p2b: Green Meanie|spa|2
|-enditem|p1b: JUGGERNAUT|Sitrus Berry|[eat]
|-heal|p1b: JUGGERNAUT|73/100|[from] item: Sitrus Berry
|-damage|p2b: Green Meanie|77/100|[from] item: Life Orb
|move|p1a: STORM|Tailwind|p1a: STORM
|-sidestart|p1: Moose32|move: Tailwind
|
|-weather|RainDance|[upkeep]
|upkeep
|turn|4
|
|t:|1783994209
|switch|p2b: PLOT FOR CLOUT|Rotom-Frost, L50|100/100
|move|p2a: Prank 'em John|Sunny Day|p2a: Prank 'em John
|-weather|SunnyDay
|move|p1a: STORM|Weather Ball|p2a: Prank 'em John
|-damage|p2a: Prank 'em John|47/100
|move|p1b: JUGGERNAUT|Darkest Lariat|p2a: Prank 'em John
|-supereffective|p2a: Prank 'em John|1
|-damage|p2a: Prank 'em John|0 fnt
|faint|p2a: Prank 'em John
|
|-weather|SunnyDay|[upkeep]
|upkeep
|
|t:|1783994250
|switch|p2a: Green Meanie|Hydreigon, L50, M, shiny|77/100
|turn|5
|
|t:|1783994435
|move|p2b: PLOT FOR CLOUT|Discharge|p1b: JUGGERNAUT|[spread] p2a,p1a,p1b
|-resisted|p2a: Green Meanie|1
|-supereffective|p1a: STORM|2
|-damage|p2a: Green Meanie|61/100
|-enditem|p1a: STORM|Focus Sash
|-damage|p1a: STORM|1/100
|-damage|p1b: JUGGERNAUT|49/100
|move|p1b: JUGGERNAUT|Parting Shot|p2a: Green Meanie
|-unboost|p2a: Green Meanie|atk|1
|-unboost|p2a: Green Meanie|spa|1
|
|t:|1783994449
|switch|p1b: APOCALYPSE|Quaquaval, L50, M|95/100|[from] Parting Shot
|move|p1a: STORM|Weather Ball|p2b: PLOT FOR CLOUT
|-supereffective|p2b: PLOT FOR CLOUT|1
|-damage|p2b: PLOT FOR CLOUT|0 fnt
|faint|p2b: PLOT FOR CLOUT
|move|p2a: Green Meanie|Dark Pulse|p1a: STORM
|-damage|p1a: STORM|0 fnt
|faint|p1a: STORM
|-damage|p2a: Green Meanie|52/100|[from] item: Life Orb
|
|-weather|SunnyDay|[upkeep]
|upkeep
|
|t:|1783994472
|switch|p2b: The Mage|Delphox, L50, M|100/100
|switch|p1a: JUGGERNAUT|Incineroar, L50, M|49/100
|-ability|p1a: JUGGERNAUT|Intimidate|boost
|-unboost|p2a: Green Meanie|atk|1
|-unboost|p2b: The Mage|atk|1
|turn|6
|
|t:|1783994972
|switch|p1a: NIGHTCRAWLER|Basculegion-F, L50, F|100/100
|detailschange|p2b: The Mage|Delphox-Mega, L50, M
|-mega|p2b: The Mage|Delphox|Delphoxite
|move|p2b: The Mage|Protect|p2b: The Mage
|-singleturn|p2b: The Mage|Protect
|move|p2a: Green Meanie|Protect|p2a: Green Meanie
|-singleturn|p2a: Green Meanie|Protect
|move|p1b: APOCALYPSE|Close Combat|p2a: Green Meanie
|-activate|p2a: Green Meanie|move: Protect
|
|-weather|SunnyDay|[upkeep]
|-sideend|p1: Moose32|move: Tailwind
|upkeep
|turn|7
|j| upfrontsalt
|n|☆Moose32|moose32
|n|☆Whim5|whim5
|n| QuickClawExplosion|quickclawexplosion
|n| ropplebees|ropplebees
|n| upfrontsalt|upfrontsalt
|
|t:|1783995705
|move|p2a: Green Meanie|Protect||[still]
|-fail|p2a: Green Meanie
|move|p2b: The Mage|Solar Beam||[still]
|-prepare|p2b: The Mage|Solar Beam
|-anim|p2b: The Mage|Solar Beam|p1a: NIGHTCRAWLER
|-supereffective|p1a: NIGHTCRAWLER|1
|-damage|p1a: NIGHTCRAWLER|0 fnt
|faint|p1a: NIGHTCRAWLER
|move|p1b: APOCALYPSE|Close Combat|p2a: Green Meanie
|-supereffective|p2a: Green Meanie|1
|-damage|p2a: Green Meanie|0 fnt
|-unboost|p1b: APOCALYPSE|def|1
|-unboost|p1b: APOCALYPSE|spd|1
|faint|p2a: Green Meanie
|-ability|p1b: APOCALYPSE|Moxie|boost
|-boost|p1b: APOCALYPSE|atk|1
|
|-weather|SunnyDay|[upkeep]
|upkeep
|c|☆Whim5|forgor
|
|t:|1783995726
|switch|p1a: JUGGERNAUT|Incineroar, L50, M|49/100
|-ability|p1a: JUGGERNAUT|Intimidate|boost
|-unboost|p2b: The Mage|atk|1
|turn|8
|c| upfrontsalt|OW
|
|t:|1783995755
|move|p2b: The Mage|Protect|p2b: The Mage
|-singleturn|p2b: The Mage|Protect
|move|p1a: JUGGERNAUT|Fake Out|p2b: The Mage
|-activate|p2b: The Mage|move: Protect
|move|p1b: APOCALYPSE|Aqua Step|p2b: The Mage
|-activate|p2b: The Mage|move: Protect
|
|-weather|none
|upkeep
|turn|9
|
|t:|1783995840
|move|p1b: APOCALYPSE|Protect|p1b: APOCALYPSE
|-singleturn|p1b: APOCALYPSE|Protect
|move|p2b: The Mage|Psychic|p1b: APOCALYPSE
|-activate|p1b: APOCALYPSE|move: Protect
|move|p1a: JUGGERNAUT|Darkest Lariat|p2b: The Mage
|-supereffective|p2b: The Mage|1
|-damage|p2b: The Mage|0 fnt
|faint|p2b: The Mage
|
|win|Moose32
|c|☆Whim5|yeah ggs
|c|☆Whim5|god damn
|c| upfrontsalt|GG
|c|☆Moose32|ggs bros
