|j|☆sorecruiser
|j|☆HunterOnShowdown
|html|sorecruiserHunterOnShowdown    
|uhtml|bestof|Game 1 of a best-of-3
|t:|1757119679
|gametype|doubles
|player|p1|sorecruiser|furisodegirl-black|1137
|player|p2|HunterOnShowdown|hilbert-masters2|1160
|gen|9
|tier|[Gen 9] VGC 2025 Reg H (Bo3)
|rated|
|rule|Species Clause: Limit one of each Pokémon
|rule|Item Clause: Limit 1 of each item
|clearpoke
|poke|p1|Gholdengo, L50|
|poke|p1|Whimsicott, L50, M|
|poke|p1|Sneasler, L50, F|
|poke|p1|Basculegion, L50, M|
|poke|p1|Hydreigon, L50, M|
|poke|p1|Magmar, L50, M|
|poke|p2|Volcarona, L50, F|
|poke|p2|Dragonite, L50, M|
|poke|p2|Sneasler, L50, M|
|poke|p2|Meowscarada, L50, F|
|poke|p2|Kingambit, L50, M|
|poke|p2|Electabuzz, L50, M|
|teampreview|4
|showteam|p1|Gholdengo||MetalCoat|GoodasGold|MakeItRain,ShadowBall,NastyPlot,Protect||||||50|,,,,,Steel]Whimsicott||CovertCloak|Prankster|Tailwind,Encore,FakeTears,Moonblast|||M|||50|,,,,,Dark]Sneasler||FocusSash|PoisonTouch|Protect,CloseCombat,DireClaw,ThroatChop|||F|||50|,,,,,Dark]Basculegion||ChoiceScarf|Adaptability|LastRespects,WaveCrash,AquaJet,FlipTurn|||M|||50|,,,,,Ghost]Hydreigon||ChoiceSpecs|Levitate|DarkPulse,DracoMeteor,Snarl,HeatWave|||M|||50|,,,,,Fire]Magmar||Eviolite|VitalSpirit|Protect,FollowMe,HeatWave,Taunt|||M|||50|,,,,,Ghost
|showteam|p2|Volcarona||Leftovers|FlameBody|FieryDance,QuiverDance,TeraBlast,Protect|||F|||50|,,,,,Dragon]Dragonite||LoadedDice|Multiscale|Haze,ScaleShot,StompingTantrum,Protect|||M|||50|,,,,,Fairy]Sneasler||WhiteHerb|Unburden|Coaching,CloseCombat,DireClaw,FakeOut|||M|||50|,,,,,Ghost]Meowscarada||FocusSash|Overgrow|KnockOff,FlowerTrick,TripleAxel,Protect|||F|||50|,,,,,Ghost]Kingambit||BlackGlasses|Defiant|SuckerPunch,KowtowCleave,SwordsDance,Protect|||M|||50|,,,,,Dark]Electabuzz||Eviolite|VitalSpirit|Taunt,Electroweb,FollowMe,Protect|||M|||50|,,,,,Ghost
|inactive|Battle timer is ON: inactive players will automatically lose when time's up. (requested by HunterOnShowdown)
|inactive|sorecruiser has 60 seconds left.
|inactive|HunterOnShowdown has 60 seconds left.
|inactive|sorecruiser has 30 seconds left.
|inactive|HunterOnShowdown has 30 seconds left.
|inactive|sorecruiser has 20 seconds left.
|inactive|HunterOnShowdown has 20 seconds left.
|
|t:|1757119750
|teamsize|p1|4
|teamsize|p2|4
|start
|switch|p1a: Gholdengo|Gholdengo, L50|100/100
|switch|p1b: Whimsicott|Whimsicott, L50, M|100/100
|switch|p2a: Sneasler|Sneasler, L50, M|100/100
|switch|p2b: Kingambit|Kingambit, L50, M, shiny|100/100
|turn|1
|
|t:|1757119772
|-terastallize|p1a: Gholdengo|Steel
|move|p1b: Whimsicott|Tailwind|p1b: Whimsicott
|-sidestart|p1: sorecruiser|move: Tailwind
|move|p1a: Gholdengo|Nasty Plot|p1a: Gholdengo
|-boost|p1a: Gholdengo|spa|2
|move|p2a: Sneasler|Coaching|p2b: Kingambit
|-boost|p2b: Kingambit|atk|1
|-boost|p2b: Kingambit|def|1
|move|p2b: Kingambit|Swords Dance|p2b: Kingambit
|-boost|p2b: Kingambit|atk|2
|
|upkeep
|turn|2
|inactive|sorecruiser has 30 seconds left.
|
|t:|1757119805
|switch|p1b: Hydreigon|Hydreigon, L50, M|100/100
|switch|p2a: Electabuzz|Electabuzz, L50, M|100/100
|move|p1a: Gholdengo|Protect|p1a: Gholdengo
|-singleturn|p1a: Gholdengo|Protect
|move|p2b: Kingambit|Kowtow Cleave|p1b: Hydreigon
|-resisted|p1b: Hydreigon
|-damage|p1b: Hydreigon|9/100
|
|upkeep
|turn|3
|inactive|HunterOnShowdown has 30 seconds left.
|
|t:|1757119834
|move|p2b: Kingambit|Sucker Punch|p1a: Gholdengo
|-damage|p1a: Gholdengo|0 fnt
|faint|p1a: Gholdengo
|move|p1b: Hydreigon|Heat Wave|p2b: Kingambit|[spread] p2a,p2b
|-supereffective|p2b: Kingambit
|-damage|p2a: Electabuzz|68/100
|-damage|p2b: Kingambit|16/100
|move|p2a: Electabuzz|Electroweb|p1b: Hydreigon
|-resisted|p1b: Hydreigon
|-damage|p1b: Hydreigon|0 fnt
|faint|p1b: Hydreigon
|
|upkeep
|
|t:|1757119841
|switch|p1b: Whimsicott|Whimsicott, L50, M|100/100
|switch|p1a: Sneasler|Sneasler, L50, F|100/100
|turn|4
|
|t:|1757119855
|move|p2b: Kingambit|Protect|p2b: Kingambit
|-singleturn|p2b: Kingambit|Protect
|move|p1a: Sneasler|Dire Claw|p2a: Electabuzz
|-damage|p2a: Electabuzz|33/100
|-status|p2a: Electabuzz|psn
|move|p1b: Whimsicott|Moonblast|p2b: Kingambit
|-activate|p2b: Kingambit|move: Protect
|move|p2a: Electabuzz|Taunt|p1b: Whimsicott
|-start|p1b: Whimsicott|move: Taunt
|
|-damage|p2a: Electabuzz|21/100 psn|[from] psn
|-sideend|p1: sorecruiser|move: Tailwind
|upkeep
|turn|5
|
|t:|1757119869
|move|p2a: Electabuzz|Follow Me|p2a: Electabuzz
|-singleturn|p2a: Electabuzz|move: Follow Me
|move|p1a: Sneasler|Dire Claw|p2a: Electabuzz
|-damage|p2a: Electabuzz|0 fnt
|faint|p2a: Electabuzz
|move|p1b: Whimsicott|Moonblast|p2b: Kingambit
|-damage|p2b: Kingambit|0 fnt
|faint|p2b: Kingambit
|
|upkeep
|
|t:|1757119872
|switch|p2a: Meowscarada|Meowscarada, L50, F|100/100
|switch|p2b: Sneasler|Sneasler, L50, M|100/100
|turn|6
|
|t:|1757119891
|move|p1a: Sneasler|Protect|p1a: Sneasler
|-singleturn|p1a: Sneasler|Protect
|move|p2a: Meowscarada|Triple Axel|p1a: Sneasler
|-activate|p1a: Sneasler|move: Protect
|move|p2b: Sneasler|Dire Claw|p1b: Whimsicott
|-supereffective|p1b: Whimsicott
|-damage|p1b: Whimsicott|0 fnt
|faint|p1b: Whimsicott
|
|upkeep
|turn|7
|
|t:|1757119901
|move|p2a: Meowscarada|Triple Axel|p1a: Sneasler
|-damage|p1a: Sneasler|90/100
|-damage|p1a: Sneasler|68/100
|-damage|p1a: Sneasler|37/100
|-hitcount|p1a: Sneasler|3
|move|p2b: Sneasler|Dire Claw|p1a: Sneasler
|-resisted|p1a: Sneasler
|-damage|p1a: Sneasler|3/100
|-status|p1a: Sneasler|par
|move|p1a: Sneasler|Dire Claw|p2a: Meowscarada
|-supereffective|p2a: Meowscarada
|-enditem|p2a: Meowscarada|Focus Sash
|-damage|p2a: Meowscarada|1/100
|
|upkeep
|turn|8
|c|☆sorecruiser|gg
|
|t:|1757119916
|move|p2a: Meowscarada|Flower Trick|p1a: Sneasler
|-resisted|p1a: Sneasler
|-crit|p1a: Sneasler
|-damage|p1a: Sneasler|0 fnt
|faint|p1a: Sneasler
|
|win|HunterOnShowdown
|c|☆HunterOnShowdown|gg1
