|j|☆bman3111
|j|☆eriksp
|html|bman3111eriksp    
|uhtml|bestof|Game 3 of a best-of-3
|t:|1783138689
|gametype|doubles
|player|p1|bman3111|elesa-masters|
|player|p2|eriksp|cynthia-masters4|
|gen|9
|tier|[Gen 9 Champions] VGC 2026 Reg M-B (Bo3)
|rule|Species Clause: Limit one of each Pokémon
|rule|Item Clause: Limit 1 of each item
|clearpoke
|poke|p1|Kingambit, L50, M|
|poke|p1|Charizard, L50, M|
|poke|p1|Aerodactyl, L50, F|
|poke|p1|Farigiraf, L50, M|
|poke|p1|Garchomp, L50, F|
|poke|p1|Sylveon, L50, M|
|poke|p2|Floette-Eternal, L50, F|
|poke|p2|Charizard, L50, F|
|poke|p2|Whimsicott, L50, F|
|poke|p2|Garchomp, L50, F|
|poke|p2|Basculegion, L50, M|
|poke|p2|Kingambit, L50, M|
|teampreview|4
|showteam|p1|Kingambit||FocusSash|Defiant|KowtowCleave,IronHead,SuckerPunch,LowKick|Adamant||M|||50|]Charizard||CharizarditeY|Blaze|HeatWave,SolarBeam,WeatherBall,Protect|Modest||M|||50|]Aerodactyl||Aerodactylite|Unnerve|RockSlide,DualWingbeat,IceFang,Tailwind|Jolly||F|||50|]Farigiraf||SitrusBerry|ArmorTail|Psychic,Thunderbolt,TrickRoom,Protect|Bold||M|||50|]Garchomp||LifeOrb|RoughSkin|Earthquake,DragonClaw,StompingTantrum,Protect|Jolly||F|||50|]Sylveon||FairyFeather|Pixilate|HyperVoice,HyperBeam,QuickAttack,Protect|Modest||M|||50|
|showteam|p2|Floette-Eternal||Floettite|FlowerVeil|Moonblast,DazzlingGleam,LightofRuin,Protect|Modest||F|||50|]Charizard||CharizarditeY|Blaze|HeatWave,WeatherBall,SolarBeam,Protect|Timid||F|||50|]Whimsicott||FocusSash|Prankster|Moonblast,Tailwind,Encore,Protect|Timid||F|||50|]Garchomp||LifeOrb|RoughSkin|DragonClaw,Earthquake,Protect,RockSlide|Jolly||F|||50|]Basculegion||MysticWater|Adaptability|WaveCrash,LastRespects,AquaJet,Protect|Adamant||M|||50|]Kingambit||ChopleBerry|Defiant|KowtowCleave,IronHead,SuckerPunch,LowKick|Adamant||M|||50|
|inactive|Battle timer is ON: inactive players will automatically lose when time's up. (requested by bman3111)
|c|☆bman3111|i was thinking abt the sneasler cc calc
|c|☆bman3111|how its like a 50% roll
|inactive|eriksp has 60 seconds left.
|c|☆bman3111|also fuck u for not switching up ur lead
|c|☆bman3111|rude
|inactive|eriksp has 30 seconds left.
|inactiveoff|Battle timer is now OFF.
|
|t:|1783138778
|teamsize|p1|4
|teamsize|p2|4
|start
|switch|p1a: Kingambit|Kingambit, L50, M|100/100
|switch|p1b: Farigiraf|Farigiraf, L50, M|100/100
|switch|p2a: Whimsicott|Whimsicott, L50, F|100/100
|switch|p2b: Basculegion|Basculegion, L50, M|100/100
|turn|1
|
|t:|1783138790
|move|p2a: Whimsicott|Moonblast|p1b: Farigiraf
|-damage|p1b: Farigiraf|67/100
|move|p2b: Basculegion|Wave Crash|p1b: Farigiraf
|-damage|p1b: Farigiraf|0 fnt
|faint|p1b: Farigiraf
|-damage|p2b: Basculegion|74/100|[from] Recoil
|move|p1a: Kingambit|Kowtow Cleave|p2b: Basculegion
|-supereffective|p2b: Basculegion|1
|-damage|p2b: Basculegion|0 fnt
|faint|p2b: Basculegion
|
|upkeep
|c|☆bman3111|gg
|
|t:|1783138801
|switch|p2b: Kingambit|Kingambit, L50, M|100/100
|switch|p1b: Sylveon|Sylveon, L50, M|100/100
|turn|2
|
|t:|1783138818
|move|p1b: Sylveon|Protect|p1b: Sylveon
|-singleturn|p1b: Sylveon|Protect
|move|p2a: Whimsicott|Tailwind|p2a: Whimsicott
|-sidestart|p2: eriksp|move: Tailwind
|move|p2b: Kingambit|Iron Head|p1b: Sylveon
|-activate|p1b: Sylveon|move: Protect
|move|p1a: Kingambit|Iron Head|p2a: Whimsicott
|-supereffective|p2a: Whimsicott|1
|-enditem|p2a: Whimsicott|Focus Sash
|-damage|p2a: Whimsicott|1/100
|
|upkeep
|turn|3
|
|t:|1783138829
|switch|p1b: Charizard|Charizard, L50, M|100/100
|move|p2a: Whimsicott|Moonblast|p1a: Kingambit
|-crit|p1a: Kingambit
|-damage|p1a: Kingambit|43/100
|move|p2b: Kingambit|Low Kick|p1a: Kingambit
|-supereffective|p1a: Kingambit|2
|-damage|p1a: Kingambit|0 fnt
|faint|p1a: Kingambit
|
|upkeep
|
|t:|1783138836
|switch|p1a: Sylveon|Sylveon, L50, M|100/100
|turn|4
|
|t:|1783138851
|detailschange|p1b: Charizard|Charizard-Mega-Y, L50, M
|-mega|p1b: Charizard|Charizard|Charizardite Y
|-weather|SunnyDay|[from] ability: Drought|[of] p1b: Charizard
|move|p2a: Whimsicott|Protect|p2a: Whimsicott
|-singleturn|p2a: Whimsicott|Protect
|move|p2b: Kingambit|Kowtow Cleave|p1b: Charizard
|-damage|p1b: Charizard|51/100
|move|p1b: Charizard|Heat Wave|p2a: Whimsicott|[spread] p2b
|-activate|p2a: Whimsicott|move: Protect
|-supereffective|p2b: Kingambit|1
|-crit|p2b: Kingambit
|-damage|p2b: Kingambit|0 fnt
|faint|p2b: Kingambit
|move|p1a: Sylveon|Hyper Voice|p2a: Whimsicott
|-activate|p2a: Whimsicott|move: Protect
|
|-weather|SunnyDay|[upkeep]
|upkeep
|
|t:|1783138858
|switch|p2b: Floette|Floette-Eternal, L50, F|100/100
|turn|5
|c|☆bman3111|wait did i do it?
|c|☆bman3111|that looked so doomed
|
|t:|1783138887
|detailschange|p2b: Floette|Floette-Mega, L50, F
|-mega|p2b: Floette|Floette|Floettite
|-ability|p2b: Floette|Fairy Aura
|move|p2a: Whimsicott|Protect|p2a: Whimsicott
|-singleturn|p2a: Whimsicott|Protect
|move|p1a: Sylveon|Quick Attack|p2a: Whimsicott
|-activate|p2a: Whimsicott|move: Protect
|move|p2b: Floette|Moonblast|p1a: Sylveon
|-damage|p1a: Sylveon|34/100
|-unboost|p1a: Sylveon|spa|1
|move|p1b: Charizard|Weather Ball|p2b: Floette
|-damage|p2b: Floette|29/100
|
|-weather|SunnyDay|[upkeep]
|-sideend|p2: eriksp|move: Tailwind
|upkeep
|turn|6
|c|☆bman3111|fuck
|c|☆eriksp|fuck
|
|t:|1783138911
|move|p2a: Whimsicott|Tailwind|p2a: Whimsicott
|-sidestart|p2: eriksp|move: Tailwind
|move|p1a: Sylveon|Quick Attack|p2a: Whimsicott
|-damage|p2a: Whimsicott|0 fnt
|faint|p2a: Whimsicott
|move|p2b: Floette|Dazzling Gleam|p1b: Charizard|[spread] p1a,p1b
|-resisted|p1b: Charizard|1
|-damage|p1a: Sylveon|0 fnt
|-damage|p1b: Charizard|30/100
|faint|p1a: Sylveon
|move|p1b: Charizard|Heat Wave|p2b: Floette|[miss]
|-miss|p1b: Charizard|p2b: Floette
|
|-weather|SunnyDay|[upkeep]
|upkeep
|turn|7
|c|☆bman3111|dude
|c|☆bman3111|ig i shouldve weather balled
|c|☆eriksp|if u were going for quick attack on whim
|c|☆eriksp|yea
|c|☆eriksp|but like
|c|☆bman3111|the heat wave was to cover for smth i think but i forgot
|c|☆bman3111|it wasnt worth it
|c|☆eriksp|wait let me give you a chance
|
|t:|1783138965
|move|p2b: Floette|Light of Ruin|p1b: Charizard
|-resisted|p1b: Charizard|1
|-damage|p1b: Charizard|0 fnt
|faint|p1b: Charizard
|-damage|p2b: Floette|12/100|[from] Recoil
|
|win|eriksp
