|j|☆rolandruina
|j|☆mike6972
|html|rolandruinamike6972    
|uhtml|bestof|Game 2 of a best-of-3
|t:|1782766186
|gametype|doubles
|player|p1|rolandruina|102|1164
|player|p2|mike6972|266|1130
|gen|9
|tier|[Gen 9 Champions] VGC 2026 Reg M-B (Bo3)
|rated|
|rule|Species Clause: Limit one of each Pokémon
|rule|Item Clause: Limit 1 of each item
|clearpoke
|poke|p1|Swampert, L50, M|
|poke|p1|Metagross, L50|
|poke|p1|Archaludon, L50, M|
|poke|p1|Grimmsnarl, L50, M|
|poke|p1|Pelipper, L50, M|
|poke|p1|Sinistcha, L50|
|poke|p2|Delphox, L50, M|
|poke|p2|Whimsicott, L50, M|
|poke|p2|Incineroar, L50, F|
|poke|p2|Sylveon, L50, F|
|poke|p2|Basculegion, L50, M|
|poke|p2|Garchomp, L50, F|
|teampreview|4
|showteam|p1|Swampert||Swampertite|Damp|WaveCrash,HighHorsepower,IcePunch,Protect|Adamant||M|||50|]Metagross||Metagrossite|ClearBody|IronHead,PsychicFangs,BodyPress,Protect|Jolly|||||50|]Archaludon||Leftovers|Stamina|DragonPulse,FlashCannon,ElectroShot,Protect|Calm||M|||50|]Grimmsnarl||LightClay|Prankster|FoulPlay,PartingShot,LightScreen,Reflect|Calm||M|||50|]Pelipper||FocusSash|Drizzle|Hurricane,WeatherBall,Tailwind,Protect|Modest||M|||50|]Sinistcha||KasibBerry|Hospitality|MatchaGotcha,RagePowder,LifeDew,TrickRoom|Bold|||||50|
|showteam|p2|Delphox||Delphoxite|Blaze|HeatWave,Psychic,NastyPlot,Protect|Timid||M|||50|]Whimsicott||FocusSash|Prankster|Tailwind,Protect,Encore,Moonblast|Bold||M|||50|]Incineroar||ShucaBerry|Intimidate|HelpingHand,FlareBlitz,FakeOut,PartingShot|Impish||F|||50|]Sylveon||FairyFeather|Pixilate|Protect,HyperVoice,Yawn,HyperBeam|Modest||F|||50|]Basculegion||ChoiceScarf|Adaptability|AquaJet,WaveCrash,FlipTurn,LastRespects|Adamant||M|||50|]Garchomp||LifeOrb|RoughSkin|Protect,Earthquake,DragonClaw,RockSlide|Adamant||F|||50|
|inactive|Battle timer is ON: inactive players will automatically lose when time's up. (requested by rolandruina)
|
|t:|1782766203
|teamsize|p1|4
|teamsize|p2|4
|start
|switch|p1a: Swampert|Swampert, L50, M|100/100
|switch|p1b: Grimmsnarl|Grimmsnarl, L50, M|100/100
|switch|p2a: Incineroar|Incineroar, L50, F|100/100
|switch|p2b: Sylveon|Sylveon, L50, F|100/100
|-ability|p2a: Incineroar|Intimidate|boost
|-unboost|p1a: Swampert|atk|1
|-unboost|p1b: Grimmsnarl|atk|1
|turn|1
|
|t:|1782766225
|switch|p1b: Pelipper|Pelipper, L50, M|100/100
|-weather|RainDance|[from] ability: Drizzle|[of] p1b: Pelipper
|detailschange|p1a: Swampert|Swampert-Mega, L50, M
|-mega|p1a: Swampert|Swampert|Swampertite
|move|p2a: Incineroar|Fake Out|p1a: Swampert
|-damage|p1a: Swampert|89/100
|cant|p1a: Swampert|flinch
|move|p2b: Sylveon|Yawn|p1b: Pelipper
|-start|p1b: Pelipper|move: Yawn|[of] p2b: Sylveon
|
|-weather|RainDance|[upkeep]
|upkeep
|turn|2
|
|t:|1782766249
|switch|p1b: Grimmsnarl|Grimmsnarl, L50, M|100/100
|switch|p2a: Basculegion|Basculegion, L50, M|100/100
|move|p2b: Sylveon|Protect|p2b: Sylveon
|-singleturn|p2b: Sylveon|Protect
|move|p1a: Swampert|Wave Crash|p2b: Sylveon
|-activate|p2b: Sylveon|move: Protect
|
|-weather|RainDance|[upkeep]
|upkeep
|turn|3
|
|t:|1782766268
|switch|p2a: Incineroar|Incineroar, L50, F|100/100
|-ability|p2a: Incineroar|Intimidate|boost
|-unboost|p1a: Swampert|atk|1
|-unboost|p1b: Grimmsnarl|atk|1
|move|p1a: Swampert|Wave Crash|p2b: Sylveon
|-damage|p2b: Sylveon|25/100
|-damage|p1a: Swampert|65/100|[from] Recoil
|move|p2b: Sylveon|Hyper Voice|p1b: Grimmsnarl|[spread] p1a,p1b
|-supereffective|p1b: Grimmsnarl|1
|-damage|p1a: Swampert|15/100
|-damage|p1b: Grimmsnarl|15/100
|move|p1b: Grimmsnarl|Foul Play|p2a: Incineroar
|-resisted|p2a: Incineroar|1
|-damage|p2a: Incineroar|83/100
|
|-weather|RainDance|[upkeep]
|upkeep
|turn|4
|
|t:|1782766291
|switch|p1b: Sinistcha|Sinistcha, L50|100/100
|-heal|p1a: Swampert|40/100|[from] ability: Hospitality|[of] p1b: Sinistcha
|move|p1a: Swampert|Protect|p1a: Swampert
|-singleturn|p1a: Swampert|Protect
|move|p2a: Incineroar|Fake Out|p1a: Swampert
|-activate|p1a: Swampert|move: Protect
|move|p2b: Sylveon|Hyper Voice|p1b: Sinistcha|[spread] p1b
|-activate|p1a: Swampert|move: Protect
|-damage|p1b: Sinistcha|47/100
|
|-weather|RainDance|[upkeep]
|upkeep
|turn|5
|
|t:|1782766311
|move|p1a: Swampert|Wave Crash|p2b: Sylveon
|-damage|p2b: Sylveon|0 fnt
|faint|p2b: Sylveon
|-damage|p1a: Swampert|32/100|[from] Recoil
|move|p1b: Sinistcha|Life Dew|p1b: Sinistcha|[spread] p1a,p1b
|-heal|p1a: Swampert|57/100
|-heal|p1b: Sinistcha|72/100
|move|p2a: Incineroar|Parting Shot|p1a: Swampert
|-unboost|p1a: Swampert|atk|1
|-unboost|p1a: Swampert|spa|1
|
|t:|1782766325
|switch|p2a: Delphox|Delphox, L50, M|100/100|[from] Parting Shot
|
|-weather|none
|upkeep
|
|t:|1782766331
|switch|p2b: Basculegion|Basculegion, L50, M|100/100
|turn|6
|
|t:|1782766354
|switch|p1a: Pelipper|Pelipper, L50, M|100/100
|-weather|RainDance|[from] ability: Drizzle|[of] p1a: Pelipper
|detailschange|p2a: Delphox|Delphox-Mega, L50, M
|-mega|p2a: Delphox|Delphox|Delphoxite
|move|p2a: Delphox|Nasty Plot|p2a: Delphox
|-boost|p2a: Delphox|spa|2
|move|p2b: Basculegion|Last Respects|p1a: Pelipper
|-damage|p1a: Pelipper|10/100
|move|p1b: Sinistcha|Matcha Gotcha|p2b: Basculegion|[spread] p2a,p2b
|-resisted|p2a: Delphox|1
|-supereffective|p2b: Basculegion|1
|-damage|p2a: Delphox|88/100
|-heal|p1b: Sinistcha|77/100|[from] drain|[of] p2a: Delphox
|-damage|p2b: Basculegion|39/100
|-heal|p1b: Sinistcha|100/100|[from] drain|[of] p2b: Basculegion
|
|-weather|RainDance|[upkeep]
|upkeep
|turn|7
|
|t:|1782766376
|move|p2a: Delphox|Heat Wave|p1b: Sinistcha|[spread] p1a,p1b
|-resisted|p1a: Pelipper|1
|-supereffective|p1b: Sinistcha|1
|-damage|p1a: Pelipper|0 fnt
|-damage|p1b: Sinistcha|11/100
|-status|p1b: Sinistcha|brn
|faint|p1a: Pelipper
|move|p2b: Basculegion|Last Respects|p1b: Sinistcha
|-supereffective|p1b: Sinistcha|1
|-enditem|p1b: Sinistcha|Kasib Berry|[eat]
|-enditem|p1b: Sinistcha|Kasib Berry|[weaken]
|-damage|p1b: Sinistcha|0 fnt
|faint|p1b: Sinistcha
|
|-weather|RainDance|[upkeep]
|upkeep
|
|t:|1782766383
|switch|p1a: Swampert|Swampert-Mega, L50, M|57/100
|switch|p1b: Grimmsnarl|Grimmsnarl, L50, M|15/100
|turn|8
|
|t:|1782766391
|switch|p2b: Incineroar|Incineroar, L50, F|83/100
|-ability|p2b: Incineroar|Intimidate|boost
|-unboost|p1a: Swampert|atk|1
|-unboost|p1b: Grimmsnarl|atk|1
|move|p2a: Delphox|Protect|p2a: Delphox
|-singleturn|p2a: Delphox|Protect
|move|p1b: Grimmsnarl|Reflect|p1b: Grimmsnarl
|-sidestart|p1: rolandruina|Reflect
|move|p1a: Swampert|High Horsepower|p2b: Incineroar
|-supereffective|p2b: Incineroar|1
|-enditem|p2b: Incineroar|Shuca Berry|[eat]
|-enditem|p2b: Incineroar|Shuca Berry|[weaken]
|-damage|p2b: Incineroar|47/100
|
|-weather|RainDance|[upkeep]
|upkeep
|turn|9
|
|t:|1782766403
|move|p1a: Swampert|Protect|p1a: Swampert
|-singleturn|p1a: Swampert|Protect
|move|p2b: Incineroar|Fake Out|p1a: Swampert
|-activate|p1a: Swampert|move: Protect
|move|p1b: Grimmsnarl|Parting Shot|p2a: Delphox
|-unboost|p2a: Delphox|atk|1
|-unboost|p2a: Delphox|spa|1
|move|p2a: Delphox|Heat Wave|p1b: Grimmsnarl|[spread] p1b
|-activate|p1a: Swampert|move: Protect
|-crit|p1b: Grimmsnarl
|-damage|p1b: Grimmsnarl|0 fnt
|faint|p1b: Grimmsnarl
|
|-weather|RainDance|[upkeep]
|upkeep
|turn|10
|
|t:|1782766411
|switch|p2b: Basculegion|Basculegion, L50, M|39/100
|move|p2a: Delphox|Protect|p2a: Delphox
|-singleturn|p2a: Delphox|Protect
|move|p1a: Swampert|Wave Crash|p2a: Delphox
|-activate|p2a: Delphox|move: Protect
|
|-weather|none
|upkeep
|turn|11
|
|t:|1782766420
|move|p2b: Basculegion|Aqua Jet|p1a: Swampert
|-damage|p1a: Swampert|40/100
|move|p2a: Delphox|Psychic|p1a: Swampert
|-crit|p1a: Swampert
|-damage|p1a: Swampert|0 fnt
|faint|p1a: Swampert
|
|win|mike6972
||mike6972 is ready for game 3.
||rolandruina is ready for game 3.
|uhtml|next|Next: Game 3 of 3
