|j|☆rodry3
|j|☆TheGamerVGC0020
|html|rodry3TheGamerVGC0020    
|uhtml|bestof|Game 1 of a best-of-3
|t:|1783601832
|gametype|doubles
|player|p1|rodry3|roxie|1166
|player|p2|TheGamerVGC0020|boarder|1204
|gen|9
|tier|[Gen 9 Champions] VGC 2026 Reg M-B (Bo3)
|rated|
|rule|Species Clause: Limit one of each Pokémon
|rule|Item Clause: Limit 1 of each item
|clearpoke
|poke|p1|Charizard, L50, M|
|poke|p1|Sneasler, L50, M|
|poke|p1|Incineroar, L50, F|
|poke|p1|Sinistcha, L50|
|poke|p1|Milotic, L50, F|
|poke|p1|Chimecho, L50, M|
|poke|p2|Charizard, L50, F|
|poke|p2|Venusaur, L50, F|
|poke|p2|Mamoswine, L50, M|
|poke|p2|Garchomp, L50, F|
|poke|p2|Sylveon, L50, F|
|poke|p2|Incineroar, L50, M|
|teampreview|4
|showteam|p1|Charizard||CharizarditeX|Blaze|FlareBlitz,DragonClaw,DragonDance,Protect|Adamant||M|||50|]Sneasler||FocusSash|Unburden|FakeOut,CloseCombat,DireClaw,Protect|Naive||M|||50|]Incineroar||SitrusBerry|Intimidate|FakeOut,PartingShot,HelpingHand,FlareBlitz|Careful||F|||50|]Sinistcha||ColburBerry|Hospitality|MatchaGotcha,RagePowder,TrickRoom,Protect|Relaxed|||||50|]Milotic||Leftovers|Competitive|MuddyWater,Coil,Hypnosis,Protect|Calm||F|||50|]Chimecho||Chimechite|Levitate|FlashCannon,Psychic,CalmMind,Protect|Modest||M|||50|
|showteam|p2|Charizard||CharizarditeY|Blaze|HeatWave,WeatherBall,HelpingHand,Protect|Modest||F|||50|]Venusaur||LifeOrb|Chlorophyll|SolarBeam,SludgeBomb,EarthPower,Protect|Modest||F|||50|]Mamoswine||FocusSash|Oblivious|HighHorsepower,RockTomb,IceShard,Protect|Jolly||M|||50|]Garchomp||ChoiceScarf|RoughSkin|Earthquake,DragonClaw,RockSlide,IronHead|Adamant||F|||50|]Sylveon||FairyFeather|Pixilate|HyperVoice,QuickAttack,Yawn,Detect|Modest||F|||50|]Incineroar||SitrusBerry|Intimidate|FakeOut,FlareBlitz,DarkestLariat,PartingShot|Impish||M|||50|
|inactive|Battle timer is ON: inactive players will automatically lose when time's up. (requested by rodry3)
|inactive|rodry3 has 60 seconds left.
|inactive|TheGamerVGC0020 has 60 seconds left.
|
|t:|1783601873
|teamsize|p1|4
|teamsize|p2|4
|start
|switch|p1a: Incineroar|Incineroar, L50, F|100/100
|switch|p1b: Charizard|Charizard, L50, M|100/100
|switch|p2a: Charizard|Charizard, L50, F|100/100
|switch|p2b: Venusaur|Venusaur, L50, F|100/100
|-ability|p1a: Incineroar|Intimidate|boost
|-unboost|p2a: Charizard|atk|1
|-unboost|p2b: Venusaur|atk|1
|turn|1
|inactive|rodry3 has 30 seconds left.
|inactive|TheGamerVGC0020 has 30 seconds left.
|
|t:|1783601905
|detailschange|p2a: Charizard|Charizard-Mega-Y, L50, F
|-mega|p2a: Charizard|Charizard|Charizardite Y
|-weather|SunnyDay|[from] ability: Drought|[of] p2a: Charizard
|move|p1a: Incineroar|Fake Out|p2b: Venusaur
|-damage|p2b: Venusaur|85/100
|cant|p2b: Venusaur|flinch
|move|p2a: Charizard|Heat Wave|p1b: Charizard|[spread] p1a,p1b
|-resisted|p1a: Incineroar|1
|-resisted|p1b: Charizard|1
|-damage|p1a: Incineroar|73/100
|-damage|p1b: Charizard|66/100
|move|p1b: Charizard|Dragon Dance|p1b: Charizard
|-boost|p1b: Charizard|atk|1
|-boost|p1b: Charizard|spe|1
|
|-weather|SunnyDay|[upkeep]
|upkeep
|turn|2
|inactive|rodry3 has 30 seconds left.
|inactive|rodry3 has 20 seconds left.
|inactive|rodry3 has 15 seconds left.
|inactive|rodry3 has 10 seconds left.
|
|t:|1783601951
|move|p2a: Charizard|Helping Hand|p2b: Venusaur
|-singleturn|p2b: Venusaur|Helping Hand|[of] p2a: Charizard
|move|p1b: Charizard|Protect|p1b: Charizard
|-singleturn|p1b: Charizard|Protect
|move|p2b: Venusaur|Earth Power|p1a: Incineroar
|-supereffective|p1a: Incineroar|1
|-damage|p1a: Incineroar|0 fnt
|faint|p1a: Incineroar
|-damage|p2b: Venusaur|75/100|[from] item: Life Orb
|
|-weather|SunnyDay|[upkeep]
|upkeep
|
|t:|1783601959
|switch|p1a: Sneasler|Sneasler, L50, M|100/100
|turn|3
|
|t:|1783601964
|switch|p2b: Incineroar|Incineroar, L50, M|100/100
|-ability|p2b: Incineroar|Intimidate|boost
|-unboost|p1a: Sneasler|atk|1
|-unboost|p1b: Charizard|atk|1
|detailschange|p1b: Charizard|Charizard-Mega-X, L50, M
|-mega|p1b: Charizard|Charizard|Charizardite X
|move|p1a: Sneasler|Fake Out|p2b: Incineroar
|-damage|p2b: Incineroar|93/100
|move|p1b: Charizard|Dragon Dance|p1b: Charizard
|-boost|p1b: Charizard|atk|1
|-boost|p1b: Charizard|spe|1
|move|p2a: Charizard|Heat Wave|p1b: Charizard|[spread] p1a,p1b
|-resisted|p1b: Charizard|2
|-crit|p1b: Charizard
|-damage|p1a: Sneasler|9/100
|-damage|p1b: Charizard|40/100
|
|-weather|SunnyDay|[upkeep]
|upkeep
|turn|4
|inactive|rodry3 has 30 seconds left.
|
|t:|1783601994
|switch|p2b: Venusaur|Venusaur, L50, F|75/100
|move|p1b: Charizard|Protect|p1b: Charizard
|-singleturn|p1b: Charizard|Protect
|move|p1a: Sneasler|Protect|p1a: Sneasler
|-singleturn|p1a: Sneasler|Protect
|move|p2a: Charizard|Heat Wave|p1b: Charizard|[spread] 
|-activate|p1a: Sneasler|move: Protect
|-activate|p1b: Charizard|move: Protect
|
|-weather|SunnyDay|[upkeep]
|upkeep
|turn|5
|
|t:|1783602011
|switch|p2a: Incineroar|Incineroar, L50, M|93/100
|-ability|p2a: Incineroar|Intimidate|boost
|-unboost|p1a: Sneasler|atk|1
|-unboost|p1b: Charizard|atk|1
|move|p2b: Venusaur|Protect|p2b: Venusaur
|-singleturn|p2b: Venusaur|Protect
|move|p1b: Charizard|Dragon Claw|p2b: Venusaur
|-activate|p2b: Venusaur|move: Protect
|move|p1a: Sneasler|Dire Claw|p2a: Incineroar
|-damage|p2a: Incineroar|76/100
|-status|p2a: Incineroar|slp
|
|-weather|none
|upkeep
|turn|6
|
|t:|1783602031
|switch|p1a: Milotic|Milotic, L50, F|100/100
|switch|p2a: Charizard|Charizard-Mega-Y, L50, F|100/100
|-weather|SunnyDay|[from] ability: Drought|[of] p2a: Charizard
|move|p1b: Charizard|Flare Blitz|p2b: Venusaur
|-supereffective|p2b: Venusaur|1
|-damage|p2b: Venusaur|0 fnt
|faint|p2b: Venusaur
|-damage|p1b: Charizard|18/100|[from] Recoil
|
|-weather|SunnyDay|[upkeep]
|upkeep
|
|t:|1783602039
|switch|p2b: Sylveon|Sylveon, L50, F|100/100
|turn|7
|inactive|rodry3 has 30 seconds left.
|
|t:|1783602066
|move|p2b: Sylveon|Detect|p2b: Sylveon
|-singleturn|p2b: Sylveon|Protect
|move|p1b: Charizard|Flare Blitz|p2b: Sylveon
|-activate|p2b: Sylveon|move: Protect
|move|p2a: Charizard|Heat Wave|p1a: Milotic|[spread] p1a,p1b
|-resisted|p1a: Milotic|1
|-crit|p1a: Milotic
|-resisted|p1b: Charizard|2
|-damage|p1a: Milotic|67/100
|-damage|p1b: Charizard|0 fnt
|faint|p1b: Charizard
|move|p1a: Milotic|Muddy Water|p2b: Sylveon|[spread] p2a
|-activate|p2b: Sylveon|move: Protect
|-supereffective|p2a: Charizard|1
|-damage|p2a: Charizard|79/100
|
|-weather|SunnyDay|[upkeep]
|-heal|p1a: Milotic|73/100|[from] item: Leftovers
|upkeep
|
|t:|1783602074
|switch|p1b: Sneasler|Sneasler, L50, M|9/100
|turn|8
|
|t:|1783602078
|move|p1b: Sneasler|Fake Out|p2a: Charizard
|-damage|p2a: Charizard|63/100
|move|p2b: Sylveon|Quick Attack|p1b: Sneasler
|-damage|p1b: Sneasler|0 fnt
|faint|p1b: Sneasler
|cant|p2a: Charizard|flinch
|move|p1a: Milotic|Muddy Water|p2b: Sylveon|[spread] p2b
|-miss|p1a: Milotic|p2a: Charizard
|-damage|p2b: Sylveon|92/100
|-unboost|p2b: Sylveon|accuracy|1
|
|-weather|SunnyDay|[upkeep]
|-heal|p1a: Milotic|79/100|[from] item: Leftovers
|upkeep
|turn|9
|
|t:|1783602087
|move|p2a: Charizard|Heat Wave|p1a: Milotic|[miss]
|-miss|p2a: Charizard|p1a: Milotic
|move|p1a: Milotic|Muddy Water|p2b: Sylveon|[spread] p2a
|-miss|p1a: Milotic|p2b: Sylveon
|-supereffective|p2a: Charizard|1
|-damage|p2a: Charizard|41/100
|-unboost|p2a: Charizard|accuracy|1
|move|p2b: Sylveon|Yawn|p1a: Milotic
|-start|p1a: Milotic|move: Yawn|[of] p2b: Sylveon
|
|-weather|SunnyDay|[upkeep]
|-heal|p1a: Milotic|85/100|[from] item: Leftovers
|upkeep
|turn|10
|
|t:|1783602097
|move|p2a: Charizard|Weather Ball|p1a: Milotic
|-resisted|p1a: Milotic|1
|-damage|p1a: Milotic|54/100
|move|p1a: Milotic|Muddy Water|p2a: Charizard|[spread] p2a
|-miss|p1a: Milotic|p2b: Sylveon
|-supereffective|p2a: Charizard|1
|-damage|p2a: Charizard|21/100
|move|p2b: Sylveon|Hyper Voice|p1a: Milotic|[miss]
|-miss|p2b: Sylveon|p1a: Milotic
|
|-weather|none
|-heal|p1a: Milotic|60/100|[from] item: Leftovers
|-end|p1a: Milotic|move: Yawn|[silent]
|-status|p1a: Milotic|slp
|upkeep
|turn|11
|
|t:|1783602104
|move|p2a: Charizard|Heat Wave|p1a: Milotic|[miss]
|-miss|p2a: Charizard|p1a: Milotic
|cant|p1a: Milotic|slp
|move|p2b: Sylveon|Hyper Voice|p1a: Milotic
|-crit|p1a: Milotic
|-damage|p1a: Milotic|0 fnt
|faint|p1a: Milotic
|
|win|TheGamerVGC0020
||TheGamerVGC0020 is ready for game 2.
||rodry3 is ready for game 2.
|uhtml|next|Next: Game 2 of 3
|l|☆TheGamerVGC0020
|player|p2|
