|j|☆Rokesaurio
|j|☆MrDarki256
|html|RokesaurioMrDarki256    
|uhtml|bestof|Game 2 of a best-of-3
|t:|1784388293
|gametype|doubles
|player|p1|Rokesaurio|pokemaniac|
|player|p2|MrDarki256|preschooler|
|gen|9
|tier|[Gen 9 Champions] VGC 2026 Reg M-B (Bo3)
|rule|Species Clause: Limit one of each Pokémon
|rule|Item Clause: Limit 1 of each item
|clearpoke
|poke|p1|Charizard, L50, M|
|poke|p1|Grimmsnarl, L50, M|
|poke|p1|Pelipper, L50, M|
|poke|p1|Archaludon, L50, F|
|poke|p1|Basculegion, L50, M|
|poke|p1|Venusaur, L50, M|
|poke|p2|Garchomp, L50, M|
|poke|p2|Venusaur, L50, F|
|poke|p2|Incineroar, L50, M|
|poke|p2|Charizard, L50, F|
|poke|p2|Toxapex, L50, F|
|poke|p2|Annihilape, L50, F|
|teampreview|4
|showteam|p1|Charizard||CharizarditeY|Blaze|HeatWave,WeatherBall,SolarBeam,Protect|Modest||M|||50|]Grimmsnarl||LightClay|Prankster|SpiritBreak,Reflect,LightScreen,PartingShot|Sassy||M|||50|]Pelipper||SitrusBerry|Drizzle|WeatherBall,Hurricane,Tailwind,WideGuard|Modest||M|||50|]Archaludon||Leftovers|Stamina|FlashCannon,DragonPulse,ElectroShot,Protect|Calm||F|||50|]Basculegion||ChoiceScarf|Adaptability|WaveCrash,AquaJet,LastRespects,FlipTurn|Jolly||M|||50|]Venusaur||FocusSash|Chlorophyll|SludgeBomb,EarthPower,SleepPowder,Protect|Modest||M|||50|
|showteam|p2|Garchomp||ChoiceScarf|RoughSkin|Earthquake,RockSlide,DragonClaw,StompingTantrum|Adamant||M|||50|]Venusaur||LifeOrb|Chlorophyll|SludgeBomb,SolarBeam,EarthPower,Protect|Modest||F|||50|]Incineroar||SitrusBerry|Intimidate|FakeOut,FlareBlitz,ThroatChop,PartingShot|Impish||M|||50|]Charizard||CharizarditeY|Blaze|HeatWave,WeatherBall,Protect,HelpingHand|Modest||F|||50|]Toxapex||Leftovers|Regenerator|Infestation,Toxic,WideGuard,BanefulBunker|Impish||F|||50|]Annihilape||FocusSash|Defiant|CloseCombat,PhantomForce,RockTomb,Protect|Jolly||F|||50|
|inactive|Battle timer is ON: inactive players will automatically lose when time's up. (requested by Rokesaurio)
|inactive|MrDarki256 has 60 seconds left.
|
|t:|1784388338
|teamsize|p1|4
|teamsize|p2|4
|start
|switch|p1a: Charizard|Charizard, L50, M|100/100
|switch|p1b: Grimmsnarl|Grimmsnarl, L50, M|100/100
|switch|p2a: Charizard|Charizard, L50, F|100/100
|switch|p2b: Garchomp|Garchomp, L50, M|100/100
|turn|1
|inactive|Rokesaurio has 30 seconds left.
|inactive|MrDarki256 has 30 seconds left.
|inactive|Rokesaurio has 20 seconds left.
|inactive|MrDarki256 has 20 seconds left.
|
|t:|1784388375
|detailschange|p2a: Charizard|Charizard-Mega-Y, L50, F
|-mega|p2a: Charizard|Charizard|Charizardite Y
|-weather|SunnyDay|[from] ability: Drought|[of] p2a: Charizard
|move|p1a: Charizard|Protect|p1a: Charizard
|-singleturn|p1a: Charizard|Protect
|move|p1b: Grimmsnarl|Light Screen|p1b: Grimmsnarl
|-sidestart|p1: Rokesaurio|move: Light Screen
|move|p2b: Garchomp|Rock Slide|p1b: Grimmsnarl|[spread] p1b
|-activate|p1a: Charizard|move: Protect
|-damage|p1b: Grimmsnarl|81/100
|move|p2a: Charizard|Weather Ball|p1b: Grimmsnarl
|-damage|p1b: Grimmsnarl|27/100
|
|-weather|SunnyDay|[upkeep]
|upkeep
|turn|2
|inactive|MrDarki256 has 30 seconds left.
|
|t:|1784388410
|switch|p1a: Archaludon|Archaludon, L50, F|100/100
|move|p1b: Grimmsnarl|Parting Shot|p2b: Garchomp
|-unboost|p2b: Garchomp|atk|1
|-unboost|p2b: Garchomp|spa|1
|
|t:|1784388415
|switch|p1b: Pelipper|Pelipper, L50, M|100/100|[from] Parting Shot
|-weather|RainDance|[from] ability: Drizzle|[of] p1b: Pelipper
|move|p2b: Garchomp|Rock Slide|p1b: Pelipper|[spread] p1a,p1b
|-resisted|p1a: Archaludon|1
|-supereffective|p1b: Pelipper|1
|-damage|p1a: Archaludon|95/100
|-damage|p1b: Pelipper|72/100
|-ability|p1a: Archaludon|Stamina|boost
|-boost|p1a: Archaludon|def|1
|move|p2a: Charizard|Weather Ball|p1a: Archaludon
|-resisted|p1a: Archaludon|1
|-damage|p1a: Archaludon|78/100
|-ability|p1a: Archaludon|Stamina|boost
|-boost|p1a: Archaludon|def|1
|
|-weather|RainDance|[upkeep]
|-heal|p1a: Archaludon|84/100|[from] item: Leftovers
|upkeep
|turn|3
|inactive|MrDarki256 has 30 seconds left.
|inactive|MrDarki256 has 20 seconds left.
|inactive|MrDarki256 has 15 seconds left.
|inactive|MrDarki256 has 10 seconds left.
|
|t:|1784388464
|switch|p2b: Annihilape|Annihilape, L50, F|100/100
|switch|p2a: Venusaur|Venusaur, L50, F|100/100
|move|p1b: Pelipper|Wide Guard|p1b: Pelipper
|-singleturn|p1b: Pelipper|Wide Guard
|move|p1a: Archaludon|Electro Shot||[still]
|-prepare|p1a: Archaludon|Electro Shot
|-boost|p1a: Archaludon|spa|1
|-anim|p1a: Archaludon|Electro Shot|p2a: Venusaur
|-resisted|p2a: Venusaur|1
|-damage|p2a: Venusaur|71/100
|
|-weather|RainDance|[upkeep]
|-heal|p1a: Archaludon|90/100|[from] item: Leftovers
|upkeep
|turn|4
|inactive|MrDarki256 has 30 seconds left.
|inactive|MrDarki256 has 20 seconds left.
|
|t:|1784388502
|switch|p1b: Grimmsnarl|Grimmsnarl, L50, M|27/100
|move|p2b: Annihilape|Close Combat|p1b: Grimmsnarl
|-damage|p1b: Grimmsnarl|0 fnt
|-unboost|p2b: Annihilape|def|1
|-unboost|p2b: Annihilape|spd|1
|faint|p1b: Grimmsnarl
|move|p2a: Venusaur|Sludge Bomb|p1a: Archaludon
|-immune|p1a: Archaludon
|move|p1a: Archaludon|Dragon Pulse|p2a: Venusaur
|-damage|p2a: Venusaur|7/100
|
|-weather|RainDance|[upkeep]
|-heal|p1a: Archaludon|96/100|[from] item: Leftovers
|upkeep
|
|t:|1784388521
|switch|p1b: Charizard|Charizard, L50, M|100/100
|turn|5
|
|t:|1784388542
|move|p2b: Annihilape|Protect|p2b: Annihilape
|-singleturn|p2b: Annihilape|Protect
|move|p1b: Charizard|Protect|p1b: Charizard
|-singleturn|p1b: Charizard|Protect
|move|p2a: Venusaur|Protect|p2a: Venusaur
|-singleturn|p2a: Venusaur|Protect
|move|p1a: Archaludon|Dragon Pulse|p2b: Annihilape
|-activate|p2b: Annihilape|move: Protect
|
|-weather|RainDance|[upkeep]
|-heal|p1a: Archaludon|100/100|[from] item: Leftovers
|upkeep
|turn|6
|
|t:|1784388567
|move|p2b: Annihilape|Rock Tomb|p1b: Charizard
|-supereffective|p1b: Charizard|2
|-damage|p1b: Charizard|17/100
|-unboost|p1b: Charizard|spe|1
|move|p2a: Venusaur|Sludge Bomb|p1b: Charizard
|-damage|p1b: Charizard|0 fnt
|faint|p1b: Charizard
|-damage|p2a: Venusaur|0 fnt|[from] item: Life Orb
|faint|p2a: Venusaur
|move|p1a: Archaludon|Electro Shot||[still]
|-prepare|p1a: Archaludon|Electro Shot
|-boost|p1a: Archaludon|spa|1
|-anim|p1a: Archaludon|Electro Shot|p2b: Annihilape
|-enditem|p2b: Annihilape|Focus Sash
|-damage|p2b: Annihilape|1/100
|
|-weather|none
|upkeep
|inactive|MrDarki256 has 30 seconds left.
|
|t:|1784388593
|switch|p1b: Pelipper|Pelipper, L50, M|72/100
|switch|p2a: Garchomp|Garchomp, L50, M|100/100
|-weather|RainDance|[from] ability: Drizzle|[of] p1b: Pelipper
|turn|7
|
|t:|1784388616
|move|p2a: Garchomp|Dragon Claw|p1b: Pelipper
|-damage|p1b: Pelipper|30/100
|-enditem|p1b: Pelipper|Sitrus Berry|[eat]
|-heal|p1b: Pelipper|54/100|[from] item: Sitrus Berry
|move|p2b: Annihilape|Rock Tomb|p1b: Pelipper
|-supereffective|p1b: Pelipper|1
|-damage|p1b: Pelipper|15/100
|-unboost|p1b: Pelipper|spe|1
|move|p1a: Archaludon|Dragon Pulse|p2a: Garchomp
|-supereffective|p2a: Garchomp|1
|-damage|p2a: Garchomp|0 fnt
|faint|p2a: Garchomp
|move|p1b: Pelipper|Tailwind|p1b: Pelipper
|-sidestart|p1: Rokesaurio|move: Tailwind
|
|-weather|RainDance|[upkeep]
|upkeep
|
|t:|1784388631
|switch|p2a: Charizard|Charizard-Mega-Y, L50, F|100/100
|-weather|SunnyDay|[from] ability: Drought|[of] p2a: Charizard
|turn|8
|inactive|MrDarki256 has 30 seconds left.
|inactive|MrDarki256 has 20 seconds left.
|inactive|MrDarki256 has 15 seconds left.
|
|t:|1784388674
|move|p2b: Annihilape|Protect|p2b: Annihilape
|-singleturn|p2b: Annihilape|Protect
|move|p2a: Charizard|Protect|p2a: Charizard
|-singleturn|p2a: Charizard|Protect
|move|p1b: Pelipper|Wide Guard|p1b: Pelipper
|-singleturn|p1b: Pelipper|Wide Guard
|move|p1a: Archaludon|Dragon Pulse|p2b: Annihilape
|-activate|p2b: Annihilape|move: Protect
|
|-weather|SunnyDay|[upkeep]
|-sideend|p1: Rokesaurio|move: Light Screen
|upkeep
|turn|9
|inactive|MrDarki256 has 30 seconds left.
|inactive|MrDarki256 has 20 seconds left.
|inactive|MrDarki256 has 15 seconds left.
|
|t:|1784388717
|move|p1b: Pelipper|Wide Guard|p1b: Pelipper
|-singleturn|p1b: Pelipper|Wide Guard
|move|p1a: Archaludon|Dragon Pulse|p2b: Annihilape
|-damage|p2b: Annihilape|0 fnt
|faint|p2b: Annihilape
|move|p2a: Charizard|Heat Wave|p1b: Pelipper|[spread] 
|-activate|p1a: Archaludon|move: Wide Guard
|-activate|p1b: Pelipper|move: Wide Guard
|
|-weather|SunnyDay|[upkeep]
|upkeep
|turn|10
|
|t:|1784388739
|move|p2a: Charizard|Protect|p2a: Charizard
|-singleturn|p2a: Charizard|Protect
|move|p1a: Archaludon|Dragon Pulse|p2a: Charizard
|-activate|p2a: Charizard|move: Protect
|move|p1b: Pelipper|Weather Ball|p2a: Charizard
|-activate|p2a: Charizard|move: Protect
|
|-weather|SunnyDay|[upkeep]
|-sideend|p1: Rokesaurio|move: Tailwind
|upkeep
|turn|11
|
|t:|1784388759
|move|p2a: Charizard|Heat Wave|p1b: Pelipper|[spread] p1a,p1b
|-resisted|p1b: Pelipper|1
|-damage|p1a: Archaludon|41/100
|-damage|p1b: Pelipper|0 fnt
|-ability|p1a: Archaludon|Stamina|boost
|-boost|p1a: Archaludon|def|1
|faint|p1b: Pelipper
|move|p1a: Archaludon|Dragon Pulse|p2a: Charizard
|-damage|p2a: Charizard|33/100
|
|-weather|SunnyDay|[upkeep]
|-heal|p1a: Archaludon|47/100|[from] item: Leftovers
|upkeep
|turn|12
|
|t:|1784388771
|move|p1a: Archaludon|Protect|p1a: Archaludon
|-singleturn|p1a: Archaludon|Protect
|move|p2a: Charizard|Heat Wave|p1a: Archaludon
|-activate|p1a: Archaludon|move: Protect
|
|-weather|none
|-heal|p1a: Archaludon|53/100|[from] item: Leftovers
|upkeep
|turn|13
|
|t:|1784388775
|move|p2a: Charizard|Heat Wave|p1a: Archaludon
|-damage|p1a: Archaludon|7/100
|-status|p1a: Archaludon|brn
|-ability|p1a: Archaludon|Stamina|boost
|-boost|p1a: Archaludon|def|1
|move|p1a: Archaludon|Dragon Pulse|p2a: Charizard
|-damage|p2a: Charizard|0 fnt
|faint|p2a: Charizard
|
|win|Rokesaurio
|c|☆Rokesaurio|gg wp
|c|☆MrDarki256|Gg tio
|c|☆Rokesaurio|buen set
|c|☆Rokesaurio|ha estado justisimo jsjs
|l|☆Rokesaurio
|player|p1|
