|j|☆Yuliis
|j|☆Axo of DOOM
|html|YuliisAxo of DOOM    
|uhtml|bestof|Game 2 of a best-of-3
|t:|1785122109
|gametype|doubles
|player|p1|Yuliis|101|1094
|player|p2|Axo of DOOM|crasherwake|1165
|gen|9
|tier|[Gen 9 Champions] VGC 2026 Reg M-B (Bo3)
|rated|
|rule|Species Clause: Limit one of each Pokémon
|rule|Item Clause: Limit 1 of each item
|clearpoke
|poke|p1|Zoroark-Hisui, L50, M|
|poke|p1|Whimsicott, L50, M|
|poke|p1|Gholdengo, L50|
|poke|p1|Gardevoir, L50, M|
|poke|p1|Garchomp, L50, M|
|poke|p1|Grimmsnarl, L50, M|
|poke|p2|Tyranitar, L50, M|
|poke|p2|Excadrill, L50, M|
|poke|p2|Milotic, L50, M|
|poke|p2|Sinistcha, L50|
|poke|p2|Staraptor, L50, F|
|poke|p2|Gholdengo, L50|
|teampreview|4
|showteam|p1|Zoroark-Hisui||ChoiceScarf|Illusion|IcyWind,BitterMalice,HyperVoice,Round|Timid||M|||50|]Whimsicott||FocusSash|Prankster|Tailwind,Moonblast,Encore,Protect|Timid||M|||50|]Gholdengo||SitrusBerry|GoodasGold|MakeItRain,ShadowBall,Protect,NastyPlot|Modest|||||50|]Gardevoir||Gardevoirite|Synchronize|Protect,HyperVoice,Psyshock,Round|Modest||M|||50|]Garchomp||LifeOrb|RoughSkin|Protect,DragonClaw,StompingTantrum,RockTomb|Jolly||M|||50|]Grimmsnarl||RoseliBerry|Prankster|FakeOut,FoulPlay,Reflect,PartingShot|Sassy||M|||50|
|showteam|p2|Tyranitar||Tyranitarite|SandStream|KnockOff,RockSlide,IcePunch,Protect|Jolly||M|||50|]Excadrill||FocusSash|SandRush|Earthquake,IronHead,RockSlide,Protect|Adamant||M|||50|]Milotic||SitrusBerry|Competitive|Scald,IcyWind,Haze,Protect|Calm||M|||50|]Sinistcha||ColburBerry|Hospitality|MatchaGotcha,ShadowBall,Protect,RagePowder|Bold|||||50|]Staraptor||Staraptite|Intimidate|CloseCombat,BraveBird,Tailwind,Protect|Jolly||F|||50|]Gholdengo||LifeOrb|GoodasGold|MakeItRain,ShadowBall,NastyPlot,Protect|Modest|||||50|
|inactive|Battle timer is ON: inactive players will automatically lose when time's up. (requested by Yuliis)
|inactive|Yuliis has 60 seconds left.
|inactive|Yuliis has 30 seconds left.
|
|t:|1785122173
|teamsize|p1|4
|teamsize|p2|4
|start
|switch|p1a: Gardevoir|Gardevoir, L50, M|100/100
|switch|p1b: Gholdengo|Gholdengo, L50|100/100
|switch|p2a: Tyranitar|Tyranitar, L50, M|100/100
|switch|p2b: Excadrill|Excadrill, L50, M|100/100
|-weather|Sandstorm|[from] ability: Sand Stream|[of] p2a: Tyranitar
|turn|1
|inactive|Yuliis has 30 seconds left.
|inactive|Yuliis has 20 seconds left.
|inactive|Yuliis has 15 seconds left.
|inactive|Yuliis has 10 seconds left.
|
|t:|1785122222
|detailschange|p1a: Gardevoir|Gardevoir-Mega, L50, M
|-mega|p1a: Gardevoir|Gardevoir|Gardevoirite
|move|p2a: Tyranitar|Protect|p2a: Tyranitar
|-singleturn|p2a: Tyranitar|Protect
|move|p2b: Excadrill|Earthquake|p1b: Gholdengo|[spread] p1a,p1b
|-activate|p2a: Tyranitar|move: Protect
|-damage|p1a: Gardevoir|39/100
|-damage|p1b: Gholdengo|8/100
|replace|p1b: Zoroark|Zoroark-Hisui, L50, M
|-end|p1b: Zoroark|Illusion
|move|p1b: Zoroark|Icy Wind|p2a: Tyranitar|[spread] p2b
|-activate|p2a: Tyranitar|move: Protect
|-damage|p2b: Excadrill|79/100
|-unboost|p2b: Excadrill|spe|1
|move|p1a: Gardevoir|Hyper Voice|p2a: Tyranitar|[spread] p2b
|-activate|p2a: Tyranitar|move: Protect
|-resisted|p2b: Excadrill|1
|-damage|p2b: Excadrill|42/100
|
|-weather|Sandstorm|[upkeep]
|-damage|p1b: Zoroark|2/100|[from] Sandstorm
|-damage|p1a: Gardevoir|33/100|[from] Sandstorm
|upkeep
|turn|2
|inactive|Axo of DOOM has 30 seconds left.
|inactive|Axo of DOOM has 20 seconds left.
|
|t:|1785122258
|switch|p2a: Gholdengo|Gholdengo, L50|100/100
|move|p2b: Excadrill|Protect|p2b: Excadrill
|-singleturn|p2b: Excadrill|Protect
|move|p1b: Zoroark|Icy Wind|p2a: Gholdengo|[spread] p2a
|-activate|p2b: Excadrill|move: Protect
|-resisted|p2a: Gholdengo|1
|-damage|p2a: Gholdengo|92/100
|-unboost|p2a: Gholdengo|spe|1
|move|p1a: Gardevoir|Hyper Voice|p2a: Gholdengo|[spread] p2a
|-activate|p2b: Excadrill|move: Protect
|-resisted|p2a: Gholdengo|1
|-damage|p2a: Gholdengo|64/100
|
|-weather|Sandstorm|[upkeep]
|-damage|p1b: Zoroark|0 fnt|[from] Sandstorm
|-damage|p1a: Gardevoir|28/100|[from] Sandstorm
|faint|p1b: Zoroark
|upkeep
|
|t:|1785122282
|switch|p1b: Gholdengo|Gholdengo, L50|100/100
|turn|3
|
|t:|1785122297
|switch|p2a: Sinistcha|Sinistcha, L50|100/100
|-heal|p2b: Excadrill|67/100|[from] ability: Hospitality|[of] p2a: Sinistcha
|move|p2b: Excadrill|Earthquake|p1a: Gardevoir|[spread] p2a,p1a,p1b
|-resisted|p2a: Sinistcha|1
|-supereffective|p1b: Gholdengo|1
|-damage|p2a: Sinistcha|84/100
|-damage|p1a: Gardevoir|0 fnt
|-damage|p1b: Gholdengo|18/100
|-enditem|p1b: Gholdengo|Sitrus Berry|[eat]
|-heal|p1b: Gholdengo|43/100|[from] item: Sitrus Berry
|faint|p1a: Gardevoir
|move|p1b: Gholdengo|Make It Rain|p2a: Sinistcha|[spread] p2a,p2b
|-resisted|p2b: Excadrill|1
|-damage|p2a: Sinistcha|32/100
|-damage|p2b: Excadrill|32/100
|-unboost|p1b: Gholdengo|spa|2
|
|-weather|Sandstorm|[upkeep]
|-damage|p2a: Sinistcha|26/100|[from] Sandstorm
|upkeep
|
|t:|1785122312
|switch|p1a: Whimsicott|Whimsicott, L50, M|100/100
|turn|4
|inactive|Axo of DOOM has 30 seconds left.
|
|t:|1785122343
|move|p1b: Gholdengo|Protect|p1b: Gholdengo
|-singleturn|p1b: Gholdengo|Protect
|move|p1a: Whimsicott|Tailwind|p1a: Whimsicott
|-sidestart|p1: Yuliis|move: Tailwind
|move|p2b: Excadrill|Rock Slide|p1a: Whimsicott|[spread] p1a
|-activate|p1b: Gholdengo|move: Protect
|-damage|p1a: Whimsicott|65/100
|move|p2a: Sinistcha|Matcha Gotcha|p1b: Gholdengo|[spread] p1a
|-activate|p1b: Gholdengo|move: Protect
|-resisted|p1a: Whimsicott|1
|-damage|p1a: Whimsicott|46/100
|-heal|p2a: Sinistcha|33/100|[from] drain|[of] p1a: Whimsicott
|
|-weather|Sandstorm|[upkeep]
|-damage|p1a: Whimsicott|40/100|[from] Sandstorm
|-damage|p2a: Sinistcha|27/100|[from] Sandstorm
|upkeep
|turn|5
|
|t:|1785122364
|move|p1a: Whimsicott|Moonblast|p2a: Sinistcha
|-damage|p2a: Sinistcha|0 fnt
|faint|p2a: Sinistcha
|move|p1b: Gholdengo|Shadow Ball|p2b: Excadrill
|-damage|p2b: Excadrill|0 fnt
|faint|p2b: Excadrill
|
|-weather|none
|upkeep
|
|t:|1785122373
|switch|p2b: Gholdengo|Gholdengo, L50|64/100
|switch|p2a: Tyranitar|Tyranitar, L50, M|100/100
|-weather|Sandstorm|[from] ability: Sand Stream|[of] p2a: Tyranitar
|turn|6
|inactive|Axo of DOOM has 30 seconds left.
|
|t:|1785122398
|detailschange|p2a: Tyranitar|Tyranitar-Mega, L50, M
|-mega|p2a: Tyranitar|Tyranitar|Tyranitarite
|move|p1a: Whimsicott|Moonblast|p2a: Tyranitar
|-supereffective|p2a: Tyranitar|1
|-damage|p2a: Tyranitar|59/100
|move|p1b: Gholdengo|Shadow Ball|p2b: Gholdengo
|-supereffective|p2b: Gholdengo|1
|-damage|p2b: Gholdengo|17/100
|move|p2b: Gholdengo|Make It Rain|p1b: Gholdengo|[spread] p1a,p1b
|-supereffective|p1a: Whimsicott|1
|-resisted|p1b: Gholdengo|1
|-crit|p1b: Gholdengo
|-damage|p1a: Whimsicott|0 fnt
|-damage|p1b: Gholdengo|0 fnt
|-unboost|p2b: Gholdengo|spa|2
|faint|p1a: Whimsicott
|faint|p1b: Gholdengo
|-damage|p2b: Gholdengo|7/100|[from] item: Life Orb
|
|win|Axo of DOOM
