|j|☆bbob415
|j|☆tennerps
|html|bbob415tennerps    
|uhtml|bestof|Game 1 of a best-of-3
|t:|1785683153
|gametype|doubles
|player|p1|bbob415|1|
|player|p2|tennerps|veteranf|
|gen|9
|tier|[Gen 9 Champions] VGC 2026 Reg M-B (Bo3)
|rule|Species Clause: Limit one of each Pokémon
|rule|Item Clause: Limit 1 of each item
|clearpoke
|poke|p1|Avalugg-Hisui, L50, M|
|poke|p1|Sinistcha, L50|
|poke|p1|Flareon, L50, M|
|poke|p1|Farigiraf, L50, M|
|poke|p1|Mawile, L50, M|
|poke|p1|Drampa, L50, F|
|poke|p2|Staraptor, L50, M|
|poke|p2|Glimmora, L50, F|
|poke|p2|Whimsicott, L50, M|
|poke|p2|Kingambit, L50, M|
|poke|p2|Garchomp, L50, M|
|poke|p2|Delphox, L50, M|
|teampreview|4
|showteam|p1|Avalugg-Hisui||ExpertBelt|Sturdy|MountainGale,RockSlide,BodyPress,WideGuard|Brave||M|||50|]Sinistcha||KasibBerry|Hospitality|MatchaGotcha,RagePowder,TrickRoom,LifeDew|Relaxed|||||50|]Flareon||Charcoal|FlashFire|FlareBlitz,QuickAttack,Yawn,WillOWisp|Brave||M|||50|]Farigiraf||ColburBerry|ArmorTail|HyperVoice,Psychic,HelpingHand,TrickRoom|Relaxed||M|||50|]Mawile||Mawilite|HyperCutter|PlayRough,IronHead,RockSlide,SuckerPunch|Adamant||M|||50|]Drampa||Drampanite|CloudNine|HyperVoice,EarthPower,DragonPulse,Protect|Modest||F|||50|
|showteam|p2|Staraptor||Staraptite|Intimidate|Protect,Roost,CloseCombat,BraveBird|Jolly||M|||50|]Glimmora||FocusSash|ToxicDebris|PowerGem,SludgeBomb,EarthPower,SpikyShield|Modest||F|||50|]Whimsicott||OccaBerry|Prankster|Moonblast,Tailwind,Charm,LightScreen|Timid||M|||50|]Kingambit||ChopleBerry|Defiant|KowtowCleave,IronHead,LowKick,SuckerPunch|Adamant||M|||50|]Garchomp||LifeOrb|RoughSkin|Protect,RockSlide,Earthquake,DragonClaw|Jolly||M|||50|]Delphox||Delphoxite|Blaze|HeatWave,Psychic,Encore,Protect|Timid||M|||50|
|j| Blizz.vg
|c|☆tennerps|hf
|c|☆bbob415|glhf
|j| Hudie EU
|c|☆tennerps|!dt mountain gale
|c|☆tennerps|/raw Mountain Gale  Power120 Accuracy85% PP12 30% chance to make the target flinch. 
|c|☆tennerps|/raw Priority: 0 |  Gen: 9 |  ✓ Boosted by Sheer Force |  Z-Power: 190 |  Target: One Adjacent Pokémon

|j| PolaroidVGC
|c|☆tennerps|honestly had to look ts up
|j| RunningRad
|c|☆bbob415|lol
|c|☆bbob415|not something you see every day
|c|☆tennerps|indeed!
|l| Blizz.vg
|j| Blizz.vg
|
|t:|1785683268
|teamsize|p1|4
|teamsize|p2|4
|start
|switch|p1a: Epitaph|Farigiraf, L50, M|100/100
|switch|p1b: White Album|Avalugg-Hisui, L50, M|100/100
|switch|p2a: Staraptor|Staraptor, L50, M|100/100
|switch|p2b: Kingambit|Kingambit, L50, M|100/100
|-ability|p2a: Staraptor|Intimidate|boost
|-unboost|p1a: Epitaph|atk|1
|-unboost|p1b: White Album|atk|1
|turn|1
|j| RK_pocoyo
|
|t:|1785683306
|detailschange|p2a: Staraptor|Staraptor-Mega, L50, M
|-mega|p2a: Staraptor|Staraptor|Staraptite
|move|p2a: Staraptor|Close Combat|p1b: White Album
|-supereffective|p1b: White Album|2
|-ability|p1b: White Album|Sturdy
|-damage|p1b: White Album|1/100
|-boost|p2a: Staraptor|def|1
|-boost|p2a: Staraptor|spd|1
|move|p2b: Kingambit|Kowtow Cleave|p1b: White Album
|-crit|p1b: White Album
|-damage|p1b: White Album|0 fnt
|faint|p1b: White Album
|move|p1a: Epitaph|Trick Room|p1a: Epitaph
|-fieldstart|move: Trick Room|[of] p1a: Epitaph
|
|upkeep
|
|t:|1785683321
|switch|p1b: Love Deluxe|Mawile, L50, M|100/100
|turn|2
|
|t:|1785683343
|detailschange|p1b: Love Deluxe|Mawile-Mega, L50, M
|-mega|p1b: Love Deluxe|Mawile|Mawilite
|move|p2a: Staraptor|Protect|p2a: Staraptor
|-singleturn|p2a: Staraptor|Protect
|move|p1b: Love Deluxe|Play Rough|p2b: Kingambit
|-damage|p2b: Kingambit|29/100
|move|p2b: Kingambit|Iron Head|p1b: Love Deluxe
|-damage|p1b: Love Deluxe|59/100
|move|p1a: Epitaph|Psychic|p2a: Staraptor
|-activate|p2a: Staraptor|move: Protect
|
|upkeep
|turn|3
|j| shrimplyasapphic
|
|t:|1785683384
|move|p1b: Love Deluxe|Play Rough|p2b: Kingambit
|-damage|p2b: Kingambit|0 fnt
|faint|p2b: Kingambit
|move|p1a: Epitaph|Psychic|p2a: Staraptor
|-supereffective|p2a: Staraptor|1
|-damage|p2a: Staraptor|51/100
|move|p2a: Staraptor|Roost|p2a: Staraptor
|-heal|p2a: Staraptor|100/100
|-singleturn|p2a: Staraptor|move: Roost
|
|upkeep
|
|t:|1785683394
|switch|p2b: Garchomp|Garchomp, L50, M|100/100
|turn|4
|
|t:|1785683413
|switch|p2b: Glimmora|Glimmora, L50, F|100/100
|move|p1b: Love Deluxe|Play Rough|p2a: Staraptor
|-supereffective|p2a: Staraptor|1
|-damage|p2a: Staraptor|0 fnt
|faint|p2a: Staraptor
|move|p1a: Epitaph|Psychic|p2b: Glimmora
|-supereffective|p2b: Glimmora|1
|-damage|p2b: Glimmora|13/100
|
|upkeep
|
|t:|1785683420
|switch|p2a: Garchomp|Garchomp, L50, M|100/100
|turn|5
|
|t:|1785683437
|move|p2a: Garchomp|Protect|p2a: Garchomp
|-singleturn|p2a: Garchomp|Protect
|move|p1b: Love Deluxe|Play Rough|p2a: Garchomp
|-activate|p2a: Garchomp|move: Protect
|move|p1a: Epitaph|Hyper Voice|p2a: Garchomp|[spread] p2b
|-activate|p2a: Garchomp|move: Protect
|-resisted|p2b: Glimmora|1
|-damage|p2b: Glimmora|0 fnt
|faint|p2b: Glimmora
|
|-fieldend|move: Trick Room
|upkeep
|turn|6
|
|t:|1785683448
|switch|p1b: Weather Report|Drampa, L50, F|100/100
|-ability|p1b: Weather Report|Cloud Nine
|move|p2a: Garchomp|Earthquake|p1b: Weather Report|[spread] p1a,p1b
|-damage|p1a: Epitaph|56/100
|-damage|p1b: Weather Report|43/100
|-damage|p2a: Garchomp|90/100|[from] item: Life Orb
|move|p1a: Epitaph|Trick Room|p1a: Epitaph
|-fieldstart|move: Trick Room|[of] p1a: Epitaph
|
|upkeep
|turn|7
|-message|tennerps forfeited.
|
|win|bbob415
||tennerps is ready for game 2.
||bbob415 is ready for game 2.
|uhtml|next|Next: Game 2 of 3
|j| magnetman210
|l| magnetman210
|l| RK_pocoyo
|l| PolaroidVGC
|l| Blizz.vg
|l| shrimplyasapphic
|l| RunningRad
|l|☆tennerps
|player|p2|
|j| RunningRad
