|j|☆nyakugan
|j|☆failandimprove5
|html|nyakuganfailandimprove5    
|uhtml|bestof|Game 1 of a best-of-3
|t:|1784747949
|gametype|doubles
|player|p1|nyakugan|2|
|player|p2|failandimprove5|2|
|gen|9
|tier|[Gen 9 Champions] VGC 2026 Reg M-B (Bo3)
|rule|Species Clause: Limit one of each Pokémon
|rule|Item Clause: Limit 1 of each item
|clearpoke
|poke|p1|Annihilape, L50, F|
|poke|p1|Maushold, L50|
|poke|p1|Glimmora, L50, M|
|poke|p1|Ninetales-Alola, L50, M|
|poke|p1|Primarina, L50, F|
|poke|p1|Kingambit, L50, F|
|poke|p2|Kingambit, L50, F|
|poke|p2|Sneasler, L50, F|
|poke|p2|Froslass, L50, F|
|poke|p2|Lycanroc-Dusk, L50, F|
|poke|p2|Basculegion, L50, M|
|poke|p2|Scovillain, L50, M|
|teampreview|4
|showteam|p1|Annihilape||Leftovers|Defiant|RageFist,DrainPunch,BulkUp,Protect|Adamant||F|||50|]Maushold||ChopleBerry|FriendGuard|BeatUp,Feint,FollowMe,Protect|Bold|||||50|]Glimmora||Glimmoranite|ToxicDebris|SludgeBomb,PowerGem,EarthPower,SpikyShield|Timid||M|||50|]Ninetales-Alola||NeverMeltIce|SnowWarning|Blizzard,FreezeDry,AuroraVeil,Protect|Timid||M|||50|]Primarina||LifeOrb|LiquidVoice|Moonblast,HyperVoice,DazzlingGleam,Protect|Modest||F|||50|]Kingambit||FocusSash|Defiant|KowtowCleave,IronHead,SuckerPunch,Protect|Adamant||F|||50|
|showteam|p2|Kingambit||LifeOrb|Defiant|KowtowCleave,SuckerPunch,SwordsDance,Protect|Adamant||F|||50|]Sneasler||WhiteHerb|Unburden|FakeOut,CloseCombat,GunkShot,Protect|Adamant||F|||50|]Froslass||Froslassite|SnowCloak|Blizzard,AuroraVeil,ShadowBall,Protect|Timid||F|||50|]Lycanroc-Dusk||FocusSash|ToughClaws|CloseCombat,RockSlide,Accelerock,Protect|Adamant||F|||50|]Basculegion||SitrusBerry|Adaptability|LastRespects,AquaJet,WaveCrash,Protect|Adamant||M|||50|]Scovillain||Scovillainite|Moody|Overheat,GigaDrain,RagePowder,Protect|Bold||M|||50|
|inactive|Battle timer is ON: inactive players will automatically lose when time's up. (requested by failandimprove5)
|c|☆nyakugan|glhf
|c|☆failandimprove5|glhf
|inactive|nyakugan has 60 seconds left.
|inactive|failandimprove5 has 60 seconds left.
|inactive|failandimprove5 has 30 seconds left.
|inactive|failandimprove5 has 20 seconds left.
|inactive|failandimprove5 has 15 seconds left.
|inactive|failandimprove5 has 10 seconds left.
|inactive|failandimprove5 has 5 seconds left.
|
|t:|1784748038
|teamsize|p1|4
|teamsize|p2|4
|start
|switch|p1a: Maushold|Maushold, L50|100/100
|switch|p1b: Annihilape|Annihilape, L50, F|100/100
|switch|p2a: Froslass|Froslass, L50, F|100/100
|switch|p2b: Kingambit|Kingambit, L50, F|100/100
|turn|1
|inactive|nyakugan has 30 seconds left.
|inactive|nyakugan has 20 seconds left.
|inactive|nyakugan has 15 seconds left.
|inactive|nyakugan has 10 seconds left.
|inactive|nyakugan has 5 seconds left.
|
|t:|1784748093
|detailschange|p2a: Froslass|Froslass-Mega, L50, F
|-mega|p2a: Froslass|Froslass|Froslassite
|-weather|Snowscape|[from] ability: Snow Warning|[of] p2a: Froslass
|move|p2a: Froslass|Aurora Veil|p2a: Froslass
|-sidestart|p2: failandimprove5|move: Aurora Veil
|move|p1a: Maushold|Beat Up|p2a: Froslass
|-supereffective|p2a: Froslass|1
|-damage|p2a: Froslass|97/100
|-supereffective|p2a: Froslass|1
|-damage|p2a: Froslass|93/100
|-supereffective|p2a: Froslass|1
|-damage|p2a: Froslass|91/100
|-supereffective|p2a: Froslass|1
|-damage|p2a: Froslass|86/100
|-hitcount|p2a: Froslass|4
|move|p1b: Annihilape|Rage Fist|p2a: Froslass
|-supereffective|p2a: Froslass|1
|-damage|p2a: Froslass|60/100
|move|p2b: Kingambit|Swords Dance|p2b: Kingambit
|-boost|p2b: Kingambit|atk|2
|
|-weather|Snowscape|[upkeep]
|upkeep
|turn|2
|inactive|nyakugan has 30 seconds left.
|inactive|failandimprove5 has 30 seconds left.
|inactive|nyakugan has 20 seconds left.
|inactive|nyakugan has 15 seconds left.
|
|t:|1784748137
|move|p1a: Maushold|Follow Me|p1a: Maushold
|-singleturn|p1a: Maushold|move: Follow Me
|move|p2a: Froslass|Blizzard|p1a: Maushold|[spread] p1a,p1b
|-damage|p1a: Maushold|58/100
|-damage|p1b: Annihilape|79/100
|-status|p1a: Maushold|frz
|move|p1b: Annihilape|Drain Punch|p2b: Kingambit
|-supereffective|p2b: Kingambit|2
|-crit|p2b: Kingambit
|-damage|p2b: Kingambit|0 fnt
|-heal|p1b: Annihilape|100/100|[from] drain|[of] p2b: Kingambit
|faint|p2b: Kingambit
|
|-weather|Snowscape|[upkeep]
|upkeep
|
|t:|1784748150
|switch|p2b: Basculegion|Basculegion, L50, M|100/100
|turn|3
|
|t:|1784748165
|move|p1b: Annihilape|Protect|p1b: Annihilape
|-singleturn|p1b: Annihilape|Protect
|cant|p1a: Maushold|frz
|move|p2a: Froslass|Shadow Ball|p1b: Annihilape
|-activate|p1b: Annihilape|move: Protect
|move|p2b: Basculegion|Wave Crash|p1a: Maushold
|-damage|p1a: Maushold|0 fnt
|faint|p1a: Maushold
|-damage|p2b: Basculegion|83/100|[from] Recoil
|
|-weather|Snowscape|[upkeep]
|upkeep
|
|t:|1784748174
|switch|p1a: Kingambit|Kingambit, L50, F|100/100
|turn|4
|
|t:|1784748191
|move|p2b: Basculegion|Aqua Jet|p1b: Annihilape
|-damage|p1b: Annihilape|75/100
|move|p2a: Froslass|Shadow Ball|p1b: Annihilape
|-supereffective|p1b: Annihilape|1
|-damage|p1b: Annihilape|15/100
|move|p1b: Annihilape|Rage Fist|p2a: Froslass
|-supereffective|p2a: Froslass|1
|-damage|p2a: Froslass|0 fnt
|faint|p2a: Froslass
|move|p1a: Kingambit|Kowtow Cleave|p2b: Basculegion
|-supereffective|p2b: Basculegion|1
|-damage|p2b: Basculegion|24/100
|-enditem|p2b: Basculegion|Sitrus Berry|[eat]
|-heal|p2b: Basculegion|49/100|[from] item: Sitrus Berry
|
|-weather|Snowscape|[upkeep]
|-heal|p1b: Annihilape|21/100|[from] item: Leftovers
|upkeep
|
|t:|1784748196
|switch|p2a: Sneasler|Sneasler, L50, F|100/100
|turn|5
|inactive|nyakugan has 30 seconds left.
|inactive|failandimprove5 has 30 seconds left.
|
|t:|1784748228
|move|p1a: Kingambit|Protect|p1a: Kingambit
|-singleturn|p1a: Kingambit|Protect
|move|p2a: Sneasler|Fake Out|p1a: Kingambit
|-activate|p1a: Kingambit|move: Protect
|move|p2b: Basculegion|Aqua Jet|p1b: Annihilape
|-damage|p1b: Annihilape|0 fnt
|faint|p1b: Annihilape
|
|-weather|none
|-sideend|p2: failandimprove5|move: Aurora Veil
|upkeep
|
|t:|1784748237
|switch|p1b: Glimmora|Glimmora, L50, M|100/100
|turn|6
|inactive|failandimprove5 has 30 seconds left.
|inactive|failandimprove5 has 20 seconds left.
|inactive|failandimprove5 has 15 seconds left.
|inactive|failandimprove5 has 10 seconds left.
|
|t:|1784748283
|detailschange|p1b: Glimmora|Glimmora-Mega, L50, M
|-mega|p1b: Glimmora|Glimmora|Glimmoranite
|move|p2a: Sneasler|Protect|p2a: Sneasler
|-singleturn|p2a: Sneasler|Protect
|move|p1b: Glimmora|Earth Power|p2a: Sneasler
|-activate|p2a: Sneasler|move: Protect
|move|p2b: Basculegion|Wave Crash|p1b: Glimmora
|-supereffective|p1b: Glimmora|1
|-damage|p1b: Glimmora|0 fnt
|faint|p1b: Glimmora
|-damage|p2b: Basculegion|25/100|[from] Recoil
|move|p1a: Kingambit|Kowtow Cleave|p2b: Basculegion
|-supereffective|p2b: Basculegion|1
|-damage|p2b: Basculegion|0 fnt
|faint|p2b: Basculegion
|
|upkeep
|turn|7
|
|t:|1784748296
|move|p2a: Sneasler|Close Combat|p1a: Kingambit
|-supereffective|p1a: Kingambit|2
|-enditem|p1a: Kingambit|Focus Sash
|-damage|p1a: Kingambit|1/100
|-unboost|p2a: Sneasler|def|1
|-unboost|p2a: Sneasler|spd|1
|-enditem|p2a: Sneasler|White Herb
|-clearnegativeboost|p2a: Sneasler|[silent]
|move|p1a: Kingambit|Iron Head|p2a: Sneasler
|-damage|p2a: Sneasler|42/100
|
|upkeep
|turn|8
|
|t:|1784748306
|move|p1a: Kingambit|Sucker Punch|p2a: Sneasler
|-resisted|p2a: Sneasler|1
|-damage|p2a: Sneasler|16/100
|move|p2a: Sneasler|Close Combat|p1a: Kingambit
|-supereffective|p1a: Kingambit|2
|-damage|p1a: Kingambit|0 fnt
|-unboost|p2a: Sneasler|def|1
|-unboost|p2a: Sneasler|spd|1
|faint|p1a: Kingambit
|
|win|failandimprove5
||failandimprove5 is ready for game 2.
||nyakugan is ready for game 2.
|uhtml|next|Next: Game 2 of 3
