|j|☆Vitor_hsaf
|j|☆x-3 demon
|html|Vitor_hsafx-3 demon    
|uhtml|bestof|Game 1 of a best-of-3
|t:|1757194099
|gametype|doubles
|player|p1|Vitor_hsaf|blue|1329
|player|p2|x-3 demon|boarder-gen2|1323
|gen|9
|tier|[Gen 9] VGC 2025 Reg H (Bo3)
|rated|
|rule|Species Clause: Limit one of each Pokémon
|rule|Item Clause: Limit 1 of each item
|clearpoke
|poke|p1|Volcarona, L50, F|
|poke|p1|Kingambit, L50, M|
|poke|p1|Basculegion, L50, M|
|poke|p1|Sneasler, L50, F|
|poke|p1|Weezing-Galar, L50, F|
|poke|p1|Dondozo, L50, F|
|poke|p2|Dragonite, L50, F|
|poke|p2|Sinistcha, L50|
|poke|p2|Ursaluna, L50, F|
|poke|p2|Gholdengo, L50|
|poke|p2|Incineroar, L50, F|
|poke|p2|Ninetales-Alola, L50, F|
|teampreview|4
|showteam|p1|Volcarona||CovertCloak|FlameBody|HeatWave,TeraBlast,QuiverDance,Protect|||F|||50|,,,,,Fairy]Kingambit||SafetyGoggles|Defiant|KowtowCleave,SuckerPunch,SwordsDance,Protect|||M|||50|,,,,,Dark]Basculegion||ChoiceScarf|Adaptability|AquaJet,WaveCrash,LastRespects,FlipTurn|||M|||50|,,,,,Water]Sneasler||FocusSash|PoisonTouch|CloseCombat,DireClaw,FakeOut,Coaching|||F|||50|,,,,,Ghost]Weezing-Galar||SitrusBerry|NeutralizingGas|Taunt,WillOWisp,StrangeSteam,Protect|||F|||50|,,,,,Fire]Dondozo||Leftovers|Unaware|Protect,Fissure,WaveCrash,Yawn|||F|||50|,,,,,Bug
|showteam|p2|Dragonite||LoadedDice|Multiscale|ScaleShot,Haze,Tailwind,Protect|||F|||50|,,,,,Fairy]Sinistcha||SitrusBerry|Hospitality|MatchaGotcha,LifeDew,RagePowder,TrickRoom||||||50|,,,,,Dark]Ursaluna||FlameOrb|Guts|HeadlongRush,Earthquake,Facade,Protect|||F|||50|,,,,,Ghost]Gholdengo||LifeOrb|GoodasGold|MakeItRain,ShadowBall,NastyPlot,Protect||||||50|,,,,,Water]Incineroar||AssaultVest|Intimidate|FlareBlitz,KnockOff,FakeOut,Uturn|||F|||50|,,,,,Grass]Ninetales-Alola||FocusSash|SnowWarning|IcyWind,FreezeDry,Encore,AuroraVeil|||F|||50|,,,,,Ghost
|inactive|Battle timer is ON: inactive players will automatically lose when time's up. (requested by Vitor_hsaf)
|inactive|x-3 demon has 60 seconds left.
|inactive|x-3 demon has 30 seconds left.
|inactive|x-3 demon has 20 seconds left.
|
|t:|1757194176
|teamsize|p1|4
|teamsize|p2|4
|start
|switch|p1a: Kingambit|Kingambit, L50, M|100/100
|switch|p1b: Weezing|Weezing-Galar, L50, F|100/100
|switch|p2a: Dragonite|Dragonite, L50, F|100/100
|switch|p2b: Incineroar|Incineroar, L50, F|100/100
|-ability|p1b: Weezing|Neutralizing Gas
|turn|1
|inactive|x-3 demon has 30 seconds left.
|inactive|x-3 demon has 20 seconds left.
|inactive|x-3 demon has 15 seconds left.
|inactive|x-3 demon has 10 seconds left.
|inactive|x-3 demon has 5 seconds left.
|
|t:|1757194228
|switch|p2a: Ursaluna|Ursaluna, L50, F, shiny|100/100
|move|p1a: Kingambit|Protect|p1a: Kingambit
|-singleturn|p1a: Kingambit|Protect
|move|p2b: Incineroar|Flare Blitz|p1b: Weezing
|-crit|p1b: Weezing
|-damage|p1b: Weezing|29/100
|-enditem|p1b: Weezing|Sitrus Berry|[eat]
|-heal|p1b: Weezing|54/100|[from] item: Sitrus Berry
|-damage|p2b: Incineroar|80/100|[from] Recoil
|move|p1b: Weezing|Will-O-Wisp|p2a: Ursaluna|[miss]
|-miss|p1b: Weezing|p2a: Ursaluna
|
|-status|p2a: Ursaluna|brn|[from] item: Flame Orb
|upkeep
|turn|2
|inactive|x-3 demon has 30 seconds left.
|inactive|x-3 demon has 20 seconds left.
|
|t:|1757194264
|switch|p1a: Basculegion|Basculegion, L50, M|100/100
|move|p1b: Weezing|Protect|p1b: Weezing
|-singleturn|p1b: Weezing|Protect
|move|p2b: Incineroar|U-turn|p1a: Basculegion
|-resisted|p1a: Basculegion
|-damage|p1a: Basculegion|87/100
|
|t:|1757194280
|switch|p2b: Ninetales|Ninetales-Alola, L50, F|100/100|[from] U-turn
|move|p2a: Ursaluna|Headlong Rush|p1b: Weezing
|-activate|p1b: Weezing|move: Protect
|
|-damage|p2a: Ursaluna|95/100 brn|[from] brn
|upkeep
|turn|3
|inactive|Vitor_hsaf has 30 seconds left.
|
|t:|1757194310
|move|p2a: Ursaluna|Protect|p2a: Ursaluna
|-singleturn|p2a: Ursaluna|Protect
|move|p1a: Basculegion|Flip Turn|p2b: Ninetales
|-crit|p2b: Ninetales
|-damage|p2b: Ninetales|29/100
|
|t:|1757194318
|switch|p1a: Volcarona|Volcarona, L50, F|100/100|[from] Flip Turn
|move|p2b: Ninetales|Encore|p1b: Weezing
|-start|p1b: Weezing|Encore
|move|p1b: Weezing|Protect||[still]
|-fail|p1b: Weezing
|
|-damage|p2a: Ursaluna|89/100 brn|[from] brn
|upkeep
|turn|4
|inactive|x-3 demon has 30 seconds left.
|inactive|x-3 demon has 20 seconds left.
|
|t:|1757194354
|switch|p2b: Dragonite|Dragonite, L50, F|100/100
|move|p1b: Weezing|Protect|p1b: Weezing
|-singleturn|p1b: Weezing|Protect
|move|p1a: Volcarona|Quiver Dance|p1a: Volcarona
|-boost|p1a: Volcarona|spa|1
|-boost|p1a: Volcarona|spd|1
|-boost|p1a: Volcarona|spe|1
|move|p2a: Ursaluna|Headlong Rush|p1a: Volcarona
|-damage|p1a: Volcarona|54/100
|-unboost|p2a: Ursaluna|def|1
|-unboost|p2a: Ursaluna|spd|1
|
|-damage|p2a: Ursaluna|83/100 brn|[from] brn
|upkeep
|turn|5
|inactive|x-3 demon has 30 seconds left.
|inactive|x-3 demon has 20 seconds left.
|inactive|x-3 demon has 15 seconds left.
|inactive|x-3 demon has 10 seconds left.
|
|t:|1757194399
|-terastallize|p1a: Volcarona|Fairy
|move|p2a: Ursaluna|Protect|p2a: Ursaluna
|-singleturn|p2a: Ursaluna|Protect
|move|p1b: Weezing|Protect||[still]
|-fail|p1b: Weezing
|move|p1a: Volcarona|Tera Blast|p2b: Dragonite|[anim] Tera Blast Fairy
|-supereffective|p2b: Dragonite
|-damage|p2b: Dragonite|0 fnt
|faint|p2b: Dragonite
|
|-damage|p2a: Ursaluna|77/100 brn|[from] brn
|-end|p1b: Weezing|Encore
|upkeep
|
|t:|1757194412
|switch|p2b: Incineroar|Incineroar, L50, F|80/100
|turn|6
|
|t:|1757194429
|move|p1b: Weezing|Protect|p1b: Weezing
|-singleturn|p1b: Weezing|Protect
|move|p2b: Incineroar|Fake Out|p1a: Volcarona
|-damage|p1a: Volcarona|41/100
|move|p1a: Volcarona|Tera Blast|p2a: Ursaluna|[anim] Tera Blast Fairy
|-damage|p2a: Ursaluna|0 fnt
|faint|p2a: Ursaluna
|
|upkeep
|
|t:|1757194436
|switch|p2a: Ninetales|Ninetales-Alola, L50, F|29/100
|turn|7
|
|t:|1757194449
|move|p1a: Volcarona|Tera Blast|p2a: Ninetales|[anim] Tera Blast Fairy
|-damage|p2a: Ninetales|0 fnt
|faint|p2a: Ninetales
|move|p2b: Incineroar|Flare Blitz|p1a: Volcarona
|-damage|p1a: Volcarona|0 fnt
|faint|p1a: Volcarona
|-damage|p2b: Incineroar|68/100|[from] Recoil
|move|p1b: Weezing|Strange Steam|p2b: Incineroar
|-damage|p2b: Incineroar|50/100
|
|upkeep
|
|t:|1757194455
|switch|p1a: Basculegion|Basculegion, L50, M|87/100
|turn|8
|
|t:|1757194465
|-terastallize|p2b: Incineroar|Grass
|move|p1a: Basculegion|Wave Crash|p2b: Incineroar
|-resisted|p2b: Incineroar
|-damage|p2b: Incineroar|24/100
|-damage|p1a: Basculegion|78/100|[from] Recoil
|move|p2b: Incineroar|Knock Off|p1a: Basculegion
|-supereffective|p1a: Basculegion
|-damage|p1a: Basculegion|0 fnt
|-enditem|p1a: Basculegion|Choice Scarf|[from] move: Knock Off|[of] p2b: Incineroar
|faint|p1a: Basculegion
|move|p1b: Weezing|Strange Steam|p2b: Incineroar
|-damage|p2b: Incineroar|6/100
|
|upkeep
|
|t:|1757194469
|switch|p1a: Kingambit|Kingambit, L50, M|100/100
|turn|9
|
|t:|1757194484
|move|p1a: Kingambit|Sucker Punch|p2b: Incineroar
|-damage|p2b: Incineroar|0 fnt
|faint|p2b: Incineroar
|
|win|Vitor_hsaf
||x-3 demon is ready for game 2.
||Vitor_hsaf is ready for game 2.
|uhtml|next|Next: Game 2 of 3
