|j|☆Legend_Solgaleo
|j|☆Luna_walking
|html|Legend_SolgaleoLuna_walking    
|uhtml|bestof|Game 1 of a best-of-3
|t:|1786105725
|gametype|doubles
|player|p1|Legend_Solgaleo|102|1015
|player|p2|Luna_walking|265|1054
|gen|9
|tier|[Gen 9 Champions] VGC 2026 Reg M-B (Bo3)
|rated|
|rule|Species Clause: Limit one of each Pokémon
|rule|Item Clause: Limit 1 of each item
|clearpoke
|poke|p1|Charizard, L50, M|
|poke|p1|Sableye, L50, M|
|poke|p1|Sinistcha, L50|
|poke|p1|Pelipper, L50, M|
|poke|p1|Metagross, L50|
|poke|p1|Medicham, L50, F|
|poke|p2|Charizard, L50, F|
|poke|p2|Floette-Eternal, L50, F|
|poke|p2|Whimsicott, L50, M|
|poke|p2|Incineroar, L50, M|
|poke|p2|Basculegion, L50, M|
|poke|p2|Garchomp, L50, M|
|teampreview|4
|showteam|p1|Charizard||CharizarditeX|Blaze|BellyDrum,Earthquake,BreakingSwipe,FlareBlitz|Jolly||M|||50|]Sableye||FocusSash|Prankster|FakeOut,Quash,Encore,WillOWisp|Careful||M|||50|]Sinistcha||SitrusBerry|Hospitality|MatchaGotcha,RagePowder,LifeDew,TrickRoom|Bold|||||50|]Pelipper||MysticWater|Drizzle|Hurricane,WideGuard,MuddyWater,HydroPump|Modest||M|||50|]Metagross||Metagrossite|ClearBody|BulletPunch,MeteorMash,PsychicFangs,Protect|Adamant|||||50|]Medicham||LifeOrb|PurePower|DrainPunch,ZenHeadbutt,CloseCombat,SkillSwap|Adamant||F|||50|
|showteam|p2|Charizard||CharizarditeY|Blaze|HeatWave,WeatherBall,SolarBeam,Protect|Modest||F|||50|]Floette-Eternal||Floettite|FlowerVeil|Moonblast,DazzlingGleam,LightofRuin,Protect|Modest||F|||50|]Whimsicott||FocusSash|Prankster|Moonblast,Encore,Tailwind,Protect|Timid||M|||50|]Incineroar||SitrusBerry|Intimidate|FlareBlitz,DarkestLariat,PartingShot,FakeOut|Adamant||M|||50|]Basculegion||MysticWater|Adaptability|WaveCrash,LastRespects,AquaJet,Protect|Adamant||M|||50|]Garchomp||LifeOrb|RoughSkin|DragonClaw,Earthquake,Protect,RockSlide|Jolly||M|||50|
|inactive|Battle timer is ON: inactive players will automatically lose when time's up. (requested by Legend_Solgaleo)
|
|t:|1786105776
|teamsize|p1|4
|teamsize|p2|4
|start
|switch|p1a: Charizard|Charizard, L50, M|100/100
|switch|p1b: Sableye|Sableye, L50, M|100/100
|switch|p2a: Garchomp|Garchomp, L50, M|100/100
|switch|p2b: Charizard|Charizard, L50, F|100/100
|turn|1
|
|t:|1786105794
|detailschange|p1a: Charizard|Charizard-Mega-X, L50, M
|-mega|p1a: Charizard|Charizard|Charizardite X
|move|p1b: Sableye|Fake Out|p2a: Garchomp
|-damage|p2a: Garchomp|91/100
|-damage|p1b: Sableye|87/100|[from] ability: Rough Skin|[of] p2a: Garchomp
|cant|p2a: Garchomp|flinch
|move|p1a: Charizard|Belly Drum|p1a: Charizard
|-damage|p1a: Charizard|50/100g
|-setboost|p1a: Charizard|atk|6|[from] move: Belly Drum
|move|p2b: Charizard|Heat Wave|p1b: Sableye|[spread] p1a,p1b
|-resisted|p1a: Charizard|2
|-damage|p1a: Charizard|41/100
|-damage|p1b: Sableye|57/100
|
|upkeep
|turn|2
|
|t:|1786105814
|detailschange|p2b: Charizard|Charizard-Mega-Y, L50, F
|-mega|p2b: Charizard|Charizard|Charizardite Y
|-weather|SunnyDay|[from] ability: Drought|[of] p2b: Charizard
|move|p1b: Sableye|Quash|p2a: Garchomp
|-activate|p2a: Garchomp|move: Quash
|move|p1a: Charizard|Breaking Swipe|p2b: Charizard|[spread] p2a,p2b
|-supereffective|p2a: Garchomp|1
|-damage|p2a: Garchomp|0 fnt
|-damage|p2b: Charizard|0 fnt
|-damage|p1a: Charizard|29/100|[from] ability: Rough Skin|[of] p2a: Garchomp
|faint|p2a: Garchomp
|faint|p2b: Charizard
|
|-weather|SunnyDay|[upkeep]
|upkeep
|
|t:|1786105825
|switch|p2a: Whimsicott|Whimsicott, L50, M|100/100
|switch|p2b: Basculegion|Basculegion, L50, M|100/100
|turn|3
|inactive|Legend_Solgaleo has 30 seconds left.
|inactive|Legend_Solgaleo has 20 seconds left.
|inactive|Legend_Solgaleo has 15 seconds left.
|inactive|Luna_walking has 30 seconds left.
|
|t:|1786105872
|move|p2a: Whimsicott|Tailwind|p2a: Whimsicott
|-sidestart|p2: Luna_walking|move: Tailwind
|move|p1b: Sableye|Will-O-Wisp|p2b: Basculegion|[miss]
|-miss|p1b: Sableye|p2b: Basculegion
|move|p2b: Basculegion|Last Respects|p1a: Charizard
|-damage|p1a: Charizard|0 fnt
|faint|p1a: Charizard
|
|-weather|SunnyDay|[upkeep]
|upkeep
|
|t:|1786105879
|switch|p1a: Sinistcha|Sinistcha, L50|100/100
|-heal|p1b: Sableye|82/100|[from] ability: Hospitality|[of] p1a: Sinistcha
|turn|4
|
|t:|1786105887
|move|p1b: Sableye|Will-O-Wisp|p2b: Basculegion
|-status|p2b: Basculegion|brn
|move|p2a: Whimsicott|Moonblast|p1b: Sableye
|-supereffective|p1b: Sableye|1
|-damage|p1b: Sableye|8/100
|move|p2b: Basculegion|Last Respects|p1a: Sinistcha
|-supereffective|p1a: Sinistcha|1
|-damage|p1a: Sinistcha|23/100
|-enditem|p1a: Sinistcha|Sitrus Berry|[eat]
|-heal|p1a: Sinistcha|48/100|[from] item: Sitrus Berry
|move|p1a: Sinistcha|Matcha Gotcha|p2b: Basculegion|[spread] p2a,p2b
|-resisted|p2a: Whimsicott|1
|-supereffective|p2b: Basculegion|1
|-damage|p2a: Whimsicott|81/100
|-heal|p1a: Sinistcha|55/100|[from] drain|[of] p2a: Whimsicott
|-damage|p2b: Basculegion|51/100 brn
|-heal|p1a: Sinistcha|84/100|[from] drain|[of] p2b: Basculegion
|-status|p2a: Whimsicott|brn
|
|-weather|SunnyDay|[upkeep]
|-damage|p2a: Whimsicott|75/100 brn|[from] brn
|-damage|p2b: Basculegion|44/100 brn|[from] brn
|upkeep
|turn|5
|
|t:|1786105908
|move|p1b: Sableye|Quash|p2b: Basculegion
|-activate|p2b: Basculegion|move: Quash
|move|p2a: Whimsicott|Moonblast|p1a: Sinistcha
|-damage|p1a: Sinistcha|51/100
|move|p1a: Sinistcha|Matcha Gotcha|p2b: Basculegion|[spread] p2a,p2b
|-resisted|p2a: Whimsicott|1
|-supereffective|p2b: Basculegion|1
|-damage|p2a: Whimsicott|56/100 brn
|-heal|p1a: Sinistcha|58/100|[from] drain|[of] p2a: Whimsicott
|-damage|p2b: Basculegion|0 fnt
|-heal|p1a: Sinistcha|85/100|[from] drain|[of] p2b: Basculegion
|faint|p2b: Basculegion
|
|-weather|SunnyDay|[upkeep]
|-damage|p2a: Whimsicott|51/100 brn|[from] brn
|upkeep
|turn|6
|-message|Luna_walking forfeited.
|
|win|Legend_Solgaleo
