|j|☆SunshineTufo
|j|☆lexerthanatauros
|html|SunshineTufolexerthanatauros    
|uhtml|bestof|Game 3 of a best-of-3
|t:|1784227238
|gametype|doubles
|player|p1|SunshineTufo|li|1156
|player|p2|lexerthanatauros|lucas|1094
|gen|9
|tier|[Gen 9 Champions] VGC 2026 Reg M-B (Bo3)
|rated|
|rule|Species Clause: Limit one of each Pokémon
|rule|Item Clause: Limit 1 of each item
|clearpoke
|poke|p1|Charizard, L50, M, shiny|
|poke|p1|Incineroar, L50, M, shiny|
|poke|p1|Sylveon, L50, M, shiny|
|poke|p1|Aerodactyl, L50, M, shiny|
|poke|p1|Garchomp, L50, M, shiny|
|poke|p1|Farigiraf, L50, M, shiny|
|poke|p2|Beedrill, L50, M|
|poke|p2|Clefable, L50, F|
|poke|p2|Primarina, L50, M|
|poke|p2|Sneasler, L50, M|
|poke|p2|Chimecho, L50, M|
|poke|p2|Incineroar, L50, M|
|teampreview|4
|showteam|p1|Charizard||CharizarditeY|SolarPower|HeatWave,WeatherBall,SolarBeam,Protect|Modest||M|||50|]Incineroar||Charcoal|Intimidate|FlareBlitz,DarkestLariat,PartingShot,FakeOut|Brave||M|||50|]Sylveon||FairyFeather|Pixilate|HyperVoice,QuickAttack,HyperBeam,Detect|Modest||M|||50|]Aerodactyl||Aerodactylite|Unnerve|WideGuard,RockSlide,DualWingbeat,Tailwind|Jolly||M|||50|]Garchomp||LifeOrb|RoughSkin|Protect,RockSlide,DragonClaw,Earthquake|Adamant||M|||50|]Farigiraf||SitrusBerry|ArmorTail|SunnyDay,PsychicFangs,Thunderbolt,TrickRoom|Relaxed||M|||50|
|showteam|p2|Beedrill||Beedrillite|Sniper|Uturn,PoisonJab,DrillRun,Protect|Jolly||M|||50|]Clefable||Leftovers|CuteCharm|FollowMe,HelpingHand,Moonblast,Protect|Calm||F|||50|]Primarina||MysticWater|LiquidVoice|HyperVoice,Moonblast,CalmMind,Protect|Modest||M|||50|]Sneasler||WhiteHerb|Pressure|Protect,CloseCombat,DireClaw,FakeOut|Jolly||M|||50|]Chimecho||Chimechite|Levitate|StoredPower,CosmicPower,TrickRoom,FlashCannon|Quiet||M|||50|]Incineroar||SitrusBerry|Intimidate|FakeOut,FlareBlitz,HelpingHand,PartingShot|Careful||M|||50|
|inactive|Battle timer is ON: inactive players will automatically lose when time's up. (requested by SunshineTufo)
|
|t:|1784227251
|teamsize|p1|4
|teamsize|p2|4
|start
|switch|p1a: Charizard|Charizard, L50, M, shiny|100/100
|switch|p1b: Incineroar|Incineroar, L50, M, shiny|100/100
|switch|p2a: Beedrill|Beedrill, L50, M|100/100
|switch|p2b: Incineroar|Incineroar, L50, M|100/100
|-ability|p2b: Incineroar|Intimidate|boost
|-unboost|p1a: Charizard|atk|1
|-unboost|p1b: Incineroar|atk|1
|-ability|p1b: Incineroar|Intimidate|boost
|-unboost|p2a: Beedrill|atk|1
|-unboost|p2b: Incineroar|atk|1
|turn|1
|
|t:|1784227261
|switch|p1a: Farigiraf|Farigiraf, L50, M, shiny|100/100
|detailschange|p2a: Beedrill|Beedrill-Mega, L50, M
|-mega|p2a: Beedrill|Beedrill|Beedrillite
|move|p2b: Incineroar|Fake Out||[still]
|cant|p1a: Farigiraf|ability: Armor Tail|Fake Out|[of] p2b: Incineroar
|move|p2a: Beedrill|U-turn|p1b: Incineroar
|-damage|p1b: Incineroar|60/100
|
|t:|1784227269
|switch|p2a: Primarina|Primarina, L50, M|100/100|[from] U-turn
|move|p1b: Incineroar|Flare Blitz|p2a: Primarina
|-resisted|p2a: Primarina|1
|-damage|p2a: Primarina|80/100
|-damage|p1b: Incineroar|54/100|[from] Recoil
|
|upkeep
|turn|2
|
|t:|1784227278
|move|p2b: Incineroar|Parting Shot|p1b: Incineroar
|-unboost|p1b: Incineroar|atk|1
|-unboost|p1b: Incineroar|spa|1
|
|t:|1784227280
|switch|p2b: Clefable|Clefable, L50, F|100/100|[from] Parting Shot
|move|p2a: Primarina|Calm Mind|p2a: Primarina
|-boost|p2a: Primarina|spa|1
|-boost|p2a: Primarina|spd|1
|move|p1b: Incineroar|Parting Shot|p2a: Primarina
|-unboost|p2a: Primarina|atk|1
|-unboost|p2a: Primarina|spa|1
|
|t:|1784227286
|switch|p1b: Charizard|Charizard, L50, M, shiny|100/100|[from] Parting Shot
|move|p1a: Farigiraf|Thunderbolt|p2a: Primarina
|-supereffective|p2a: Primarina|1
|-damage|p2a: Primarina|51/100
|
|upkeep
|turn|3
|inactive|lexerthanatauros has 30 seconds left.
|inactive|SunshineTufo has 30 seconds left.
|inactive|lexerthanatauros has 20 seconds left.
|inactive|lexerthanatauros has 15 seconds left.
|inactive|lexerthanatauros has 10 seconds left.
|inactive|lexerthanatauros has 5 seconds left.
|
|t:|1784227341
|detailschange|p1b: Charizard|Charizard-Mega-Y, L50, M, shiny
|-mega|p1b: Charizard|Charizard|Charizardite Y
|-weather|SunnyDay|[from] ability: Drought|[of] p1b: Charizard
|move|p2b: Clefable|Follow Me|p2b: Clefable
|-singleturn|p2b: Clefable|move: Follow Me
|move|p1b: Charizard|Heat Wave|p2b: Clefable|[spread] p2b
|-miss|p1b: Charizard|p2a: Primarina
|-crit|p2b: Clefable
|-damage|p2b: Clefable|15/100
|move|p2a: Primarina|Hyper Voice|p1a: Farigiraf|[spread] p1a,p1b
|-supereffective|p1b: Charizard|1
|-damage|p1a: Farigiraf|83/100
|-damage|p1b: Charizard|70/100
|move|p1a: Farigiraf|Thunderbolt|p2b: Clefable
|-damage|p2b: Clefable|0 fnt
|faint|p2b: Clefable
|
|-weather|SunnyDay|[upkeep]
|upkeep
|
|t:|1784227343
|switch|p2b: Beedrill|Beedrill-Mega, L50, M|100/100
|turn|4
|
|t:|1784227359
|switch|p1a: Incineroar|Incineroar, L50, M, shiny|54/100
|-ability|p1a: Incineroar|Intimidate|boost
|-unboost|p2a: Primarina|atk|1
|-unboost|p2b: Beedrill|atk|1
|move|p1b: Charizard|Protect|p1b: Charizard
|-singleturn|p1b: Charizard|Protect
|move|p2b: Beedrill|U-turn|p1a: Incineroar
|-damage|p1a: Incineroar|16/100
|
|t:|1784227361
|switch|p2b: Incineroar|Incineroar, L50, M|100/100|[from] U-turn
|-ability|p2b: Incineroar|Intimidate|boost
|-unboost|p1a: Incineroar|atk|1
|-unboost|p1b: Charizard|atk|1
|move|p2a: Primarina|Hyper Voice|p1a: Incineroar|[spread] p1a
|-activate|p1b: Charizard|move: Protect
|-supereffective|p1a: Incineroar|1
|-damage|p1a: Incineroar|0 fnt
|faint|p1a: Incineroar
|
|-weather|SunnyDay|[upkeep]
|upkeep
|
|t:|1784227365
|switch|p1a: Garchomp|Garchomp, L50, M, shiny|100/100
|turn|5
|
|t:|1784227377
|move|p2b: Incineroar|Fake Out|p1a: Garchomp
|-damage|p1a: Garchomp|90/100
|-damage|p2b: Incineroar|87/100|[from] ability: Rough Skin|[of] p1a: Garchomp
|cant|p1a: Garchomp|flinch
|move|p1b: Charizard|Heat Wave|p2a: Primarina|[spread] p2a,p2b
|-resisted|p2a: Primarina|1
|-resisted|p2b: Incineroar|1
|-damage|p2a: Primarina|32/100
|-damage|p2b: Incineroar|62/100
|move|p2a: Primarina|Hyper Voice|p1a: Garchomp|[spread] p1a,p1b
|-supereffective|p1b: Charizard|1
|-damage|p1a: Garchomp|74/100
|-damage|p1b: Charizard|43/100
|
|-weather|SunnyDay|[upkeep]
|upkeep
|turn|6
|
|t:|1784227387
|move|p2a: Primarina|Protect|p2a: Primarina
|-singleturn|p2a: Primarina|Protect
|move|p1a: Garchomp|Earthquake|p2a: Primarina|[spread] p2b
|-activate|p2a: Primarina|move: Protect
|-immune|p1b: Charizard
|-supereffective|p2b: Incineroar|1
|-damage|p2b: Incineroar|0 fnt
|faint|p2b: Incineroar
|-damage|p1a: Garchomp|64/100|[from] item: Life Orb
|move|p1b: Charizard|Heat Wave|p2a: Primarina
|-activate|p2a: Primarina|move: Protect
|
|-weather|SunnyDay|[upkeep]
|upkeep
|
|t:|1784227388
|switch|p2b: Beedrill|Beedrill-Mega, L50, M|100/100
|turn|7
|
|t:|1784227398
|switch|p1b: Farigiraf|Farigiraf, L50, M, shiny|83/100
|move|p1a: Garchomp|Protect|p1a: Garchomp
|-singleturn|p1a: Garchomp|Protect
|move|p2b: Beedrill|Poison Jab|p1b: Farigiraf
|-damage|p1b: Farigiraf|38/100
|-enditem|p1b: Farigiraf|Sitrus Berry|[eat]
|-heal|p1b: Farigiraf|63/100|[from] item: Sitrus Berry
|move|p2a: Primarina|Moonblast|p1a: Garchomp
|-activate|p1a: Garchomp|move: Protect
|
|-weather|none
|upkeep
|turn|8
|
|t:|1784227407
|move|p2b: Beedrill|Protect|p2b: Beedrill
|-singleturn|p2b: Beedrill|Protect
|move|p1a: Garchomp|Earthquake|p2a: Primarina|[spread] p1b,p2a
|-activate|p2b: Beedrill|move: Protect
|-damage|p1b: Farigiraf|25/100
|-damage|p2a: Primarina|0 fnt
|faint|p2a: Primarina
|-damage|p1a: Garchomp|55/100|[from] item: Life Orb
|move|p1b: Farigiraf|Psychic Fangs|p2b: Beedrill
|-activate|p2b: Beedrill|move: Protect
|
|upkeep
|turn|9
|
|t:|1784227418
|move|p2b: Beedrill|U-turn|p1a: Garchomp
|-damage|p1a: Garchomp|10/100
|-damage|p2b: Beedrill|88/100|[from] ability: Rough Skin|[of] p1a: Garchomp
|move|p1a: Garchomp|Dragon Claw|p2b: Beedrill
|-damage|p2b: Beedrill|0 fnt
|faint|p2b: Beedrill
|-damage|p1a: Garchomp|1/100|[from] item: Life Orb
|
|win|SunshineTufo
|raw|SunshineTufo's rating: 1156 → 1177(+21 for winning)
|raw|lexerthanatauros's rating: 1094 → 1074(-20 for losing)
