|j|☆lettitripppp
|j|☆Sleator999
|html|lettitrippppSleator999    
|uhtml|bestof|Game 1 of a best-of-3
|t:|1783027018
|gametype|doubles
|player|p1|lettitripppp|lucas|1133
|player|p2|Sleator999|fisherman-gen4|1244
|gen|9
|tier|[Gen 9 Champions] VGC 2026 Reg M-B (Bo3)
|rated|
|rule|Species Clause: Limit one of each Pokémon
|rule|Item Clause: Limit 1 of each item
|clearpoke
|poke|p1|Charizard, L50, F|
|poke|p1|Floette-Eternal, L50, F|
|poke|p1|Basculegion, L50, M, shiny|
|poke|p1|Garchomp, L50, M|
|poke|p1|Whimsicott, L50, F, shiny|
|poke|p1|Kingambit, L50, M|
|poke|p2|Charizard, L50, M|
|poke|p2|Incineroar, L50, M|
|poke|p2|Staraptor, L50, F|
|poke|p2|Whimsicott, L50, F|
|poke|p2|Garchomp, L50, F|
|poke|p2|Basculegion, L50, M|
|teampreview|4
|showteam|p1|Charizard||CharizarditeY|Blaze|WeatherBall,SolarBeam,HeatWave,Protect|Modest||F|||50|]Floette-Eternal||Floettite|FlowerVeil|DazzlingGleam,LightofRuin,Moonblast,Protect|Timid||F|||50|]Basculegion||MysticWater|Adaptability|LastRespects,WaveCrash,AquaJet,Protect|Adamant||M|||50|]Garchomp||LifeOrb|RoughSkin|DragonClaw,Earthquake,RockSlide,Protect|Jolly||M|||50|]Whimsicott||FocusSash|Prankster|Moonblast,Tailwind,Encore,Protect|Timid||F|||50|]Kingambit||ChopleBerry|Defiant|KowtowCleave,SuckerPunch,IronHead,LowKick|Adamant||M|||50|
|showteam|p2|Charizard||CharizarditeY|Blaze|HeatWave,SolarBeam,WeatherBall,Protect|Timid||M|||50|]Incineroar||SitrusBerry|Intimidate|FakeOut,FlareBlitz,DarkestLariat,PartingShot|Adamant||M|||50|]Staraptor||Staraptite|Intimidate|CloseCombat,Roost,BraveBird,Protect|Careful||F|||50|]Whimsicott||FocusSash|Prankster|Moonblast,Tailwind,Charm,FakeTears|Timid||F|||50|]Garchomp||LifeOrb|RoughSkin|Earthquake,DragonClaw,RockSlide,Protect|Adamant||F|||50|]Basculegion||ChoiceScarf|Adaptability|LastRespects,WaveCrash,AquaJet,FlipTurn|Jolly||M|||50|
|inactive|Battle timer is ON: inactive players will automatically lose when time's up. (requested by lettitripppp)
|inactive|Sleator999 also wants the timer to be on.
|inactive|Sleator999 has 60 seconds left.
|inactive|Sleator999 has 30 seconds left.
|
|t:|1783027084
|teamsize|p1|4
|teamsize|p2|4
|start
|switch|p1a: RUINOUS LIGHT|Floette-Eternal, L50, F|100/100
|switch|p1b: LETS GO GO|Whimsicott, L50, F, shiny|100/100
|switch|p2a: Whimsicott|Whimsicott, L50, F|100/100
|switch|p2b: Staraptor|Staraptor, L50, F|100/100
|-ability|p2b: Staraptor|Intimidate|boost
|-unboost|p1a: RUINOUS LIGHT|atk|1
|-block|p1b: LETS GO GO|ability: Flower Veil|[of] p1a: RUINOUS LIGHT
|turn|1
|inactive|Sleator999 has 30 seconds left.
|
|t:|1783027115
|detailschange|p1a: RUINOUS LIGHT|Floette-Mega, L50, F
|-mega|p1a: RUINOUS LIGHT|Floette|Floettite
|-ability|p1a: RUINOUS LIGHT|Fairy Aura
|move|p2b: Staraptor|Protect|p2b: Staraptor
|-singleturn|p2b: Staraptor|Protect
|move|p1b: LETS GO GO|Tailwind|p1b: LETS GO GO
|-sidestart|p1: lettitripppp|move: Tailwind
|move|p1a: RUINOUS LIGHT|Dazzling Gleam|p2a: Whimsicott|[spread] p2a
|-activate|p2b: Staraptor|move: Protect
|-damage|p2a: Whimsicott|23/100
|move|p2a: Whimsicott|Moonblast|p1a: RUINOUS LIGHT
|-damage|p1a: RUINOUS LIGHT|61/100
|
|upkeep
|turn|2
|inactive|Sleator999 has 30 seconds left.
|
|t:|1783027140
|move|p1b: LETS GO GO|Encore|p2a: Whimsicott
|-start|p2a: Whimsicott|Encore
|move|p1a: RUINOUS LIGHT|Dazzling Gleam|p2a: Whimsicott|[spread] p2a,p2b
|-crit|p2a: Whimsicott
|-damage|p2a: Whimsicott|0 fnt
|-damage|p2b: Staraptor|44/100
|faint|p2a: Whimsicott
|move|p2b: Staraptor|Brave Bird|p1a: RUINOUS LIGHT
|-damage|p1a: RUINOUS LIGHT|0 fnt
|faint|p1a: RUINOUS LIGHT
|-damage|p2b: Staraptor|27/100|[from] Recoil
|
|upkeep
|
|t:|1783027153
|switch|p2a: Basculegion|Basculegion, L50, M|100/100
|switch|p1a: CRUSH SHARK|Garchomp, L50, M|100/100
|turn|3
|
|t:|1783027166
|move|p1b: LETS GO GO|Moonblast|p2a: Basculegion
|-damage|p2a: Basculegion|70/100
|move|p1a: CRUSH SHARK|Dragon Claw|p2a: Basculegion
|-damage|p2a: Basculegion|0 fnt
|faint|p2a: Basculegion
|-damage|p1a: CRUSH SHARK|90/100|[from] item: Life Orb
|move|p2b: Staraptor|Roost|p2b: Staraptor
|-heal|p2b: Staraptor|77/100
|-singleturn|p2b: Staraptor|move: Roost
|
|upkeep
|inactive|Sleator999 has 30 seconds left.
|
|t:|1783027195
|switch|p2a: Garchomp|Garchomp, L50, F|100/100
|turn|4
|inactive|Sleator999 has 30 seconds left.
|inactive|Sleator999 has 20 seconds left.
|inactive|Sleator999 has 15 seconds left.
|inactive|Sleator999 has 10 seconds left.
|
|t:|1783027244
|detailschange|p2b: Staraptor|Staraptor-Mega, L50, F
|-mega|p2b: Staraptor|Staraptor|Staraptite
|move|p1b: LETS GO GO|Moonblast|p2b: Staraptor
|-supereffective|p2b: Staraptor|1
|-damage|p2b: Staraptor|27/100
|move|p1a: CRUSH SHARK|Dragon Claw|p2a: Garchomp
|-supereffective|p2a: Garchomp|1
|-damage|p2a: Garchomp|0 fnt
|-damage|p1a: CRUSH SHARK|77/100|[from] ability: Rough Skin|[of] p2a: Garchomp
|faint|p2a: Garchomp
|-damage|p1a: CRUSH SHARK|67/100|[from] item: Life Orb
|move|p2b: Staraptor|Brave Bird|p1b: LETS GO GO
|-supereffective|p1b: LETS GO GO|1
|-enditem|p1b: LETS GO GO|Focus Sash
|-damage|p1b: LETS GO GO|1/100
|-damage|p2b: Staraptor|2/100|[from] Recoil
|
|-sideend|p1: lettitripppp|move: Tailwind
|upkeep
|turn|5
|-message|Sleator999 forfeited.
|
|win|lettitripppp
