|j|☆BigE3L
|j|☆ant at work
|html|BigE3Lant at work    
|uhtml|bestof|Game 2 of a best-of-3
|t:|1756412900
|gametype|doubles
|player|p1|BigE3L|gambler|1243
|player|p2|ant at work|266|1141
|gen|9
|tier|[Gen 9] VGC 2025 Reg H (Bo3)
|rated|
|rule|Species Clause: Limit one of each Pokémon
|rule|Item Clause: Limit 1 of each item
|clearpoke
|poke|p1|Torkoal, L50, M|
|poke|p1|Porygon2, L50|
|poke|p1|Ursaluna, L50, F|
|poke|p1|Rillaboom, L50, F|
|poke|p1|Lilligant-Hisui, L50, F|
|poke|p1|Ninetales, L50, M|
|poke|p2|Rillaboom, L50, F|
|poke|p2|Sneasler, L50, F|
|poke|p2|Dragonite, L50, M|
|poke|p2|Kingambit, L50, F|
|poke|p2|Primarina, L50, F|
|poke|p2|Electabuzz, L50, F|
|teampreview|4
|showteam|p1|Torkoal||Charcoal|Drought|Eruption,EarthPower,HeatWave,Protect|||M|||50|,,,,,Grass]Porygon2||Eviolite|Download|TrickRoom,Recover,TeraBlast,IceBeam||||||50|,,,,,Grass]Ursaluna||FlameOrb|Guts|Facade,HeadlongRush,Earthquake,Protect|||F|||50|,,,,,Ghost]Rillaboom||AssaultVest|GrassySurge|FakeOut,GrassyGlide,WoodHammer,HighHorsepower|||F|||50|,,,,,Fire]Lilligant-Hisui||FocusSash|Chlorophyll|Protect,CloseCombat,AfterYou,LeafBlade|||F|||50|,,,,,Ghost]Ninetales||CovertCloak|Drought|SunnyDay,WeatherBall,Protect,SolarBeam|||M|||50|,,,,,Grass
|showteam|p2|Rillaboom||AssaultVest|GrassySurge|FakeOut,GrassyGlide,WoodHammer,StompingTantrum|||F|||50|,,,,,Fire]Sneasler||FocusSash|Unburden|DireClaw,CloseCombat,Coaching,Protect|||F|||50|,,,,,Stellar]Dragonite||LoadedDice|Multiscale|ScaleShot,Protect,Tailwind,StompingTantrum|||M|||50|,,,,,Fairy]Kingambit||SafetyGoggles|Defiant|KowtowCleave,SuckerPunch,SwordsDance,Protect|||F|||50|,,,,,Dark]Primarina||ThroatSpray|LiquidVoice|HyperVoice,DazzlingGleam,Protect,Moonblast|||F|||50|,,,,,Water]Electabuzz||Eviolite|VitalSpirit|FollowMe,Taunt,Electroweb,Protect|||F|||50|,,,,,Dark
|
|t:|1756412913
|teamsize|p1|4
|teamsize|p2|4
|start
|switch|p1a: Porygon2|Porygon2, L50|100/100
|switch|p1b: Rillaboom|Rillaboom, L50, F|100/100
|switch|p2a: Sneasler|Sneasler, L50, F|100/100
|switch|p2b: Electabuzz|Electabuzz, L50, F|100/100
|-fieldstart|move: Grassy Terrain|[from] ability: Grassy Surge|[of] p1b: Rillaboom
|-ability|p1a: Porygon2|Download|boost
|-boost|p1a: Porygon2|atk|1
|turn|1
|
|t:|1756412922
|move|p1b: Rillaboom|Fake Out|p2b: Electabuzz
|-damage|p2b: Electabuzz|87/100
|move|p2a: Sneasler|Close Combat|p1a: Porygon2
|-supereffective|p1a: Porygon2
|-damage|p1a: Porygon2|31/100
|-unboost|p2a: Sneasler|def|1
|-unboost|p2a: Sneasler|spd|1
|cant|p2b: Electabuzz|flinch
|move|p1a: Porygon2|Trick Room|p1a: Porygon2
|-fieldstart|move: Trick Room|[of] p1a: Porygon2
|
|-heal|p1a: Porygon2|37/100|[from] Grassy Terrain
|-heal|p2b: Electabuzz|93/100|[from] Grassy Terrain
|upkeep
|turn|2
|
|t:|1756412937
|move|p2b: Electabuzz|Follow Me|p2b: Electabuzz
|-singleturn|p2b: Electabuzz|move: Follow Me
|move|p1a: Porygon2|Tera Blast|p2b: Electabuzz
|-crit|p2b: Electabuzz
|-damage|p2b: Electabuzz|65/100
|move|p1b: Rillaboom|High Horsepower|p2b: Electabuzz
|-supereffective|p2b: Electabuzz
|-damage|p2b: Electabuzz|5/100
|move|p2a: Sneasler|Dire Claw|p1b: Rillaboom
|-supereffective|p1b: Rillaboom
|-damage|p1b: Rillaboom|29/100
|
|-heal|p1a: Porygon2|43/100|[from] Grassy Terrain
|-heal|p1b: Rillaboom|35/100|[from] Grassy Terrain
|-heal|p2b: Electabuzz|11/100|[from] Grassy Terrain
|upkeep
|turn|3
|
|t:|1756412969
|switch|p1b: Ursaluna|Ursaluna, L50, F|100/100
|move|p2b: Electabuzz|Follow Me|p2b: Electabuzz
|-singleturn|p2b: Electabuzz|move: Follow Me
|move|p1a: Porygon2|Recover|p1a: Porygon2
|-heal|p1a: Porygon2|93/100
|move|p2a: Sneasler|Dire Claw|p1b: Ursaluna
|-resisted|p1b: Ursaluna
|-damage|p1b: Ursaluna|86/100
|
|-heal|p1b: Ursaluna|92/100|[from] Grassy Terrain
|-heal|p1a: Porygon2|99/100|[from] Grassy Terrain
|-heal|p2b: Electabuzz|16/100|[from] Grassy Terrain
|-status|p1b: Ursaluna|brn|[from] item: Flame Orb
|upkeep
|turn|4
|
|t:|1756412994
|move|p2b: Electabuzz|Protect|p2b: Electabuzz
|-singleturn|p2b: Electabuzz|Protect
|move|p2a: Sneasler|Protect|p2a: Sneasler
|-singleturn|p2a: Sneasler|Protect
|move|p1b: Ursaluna|Earthquake|p2b: Electabuzz|[spread] p1a
|-activate|p2a: Sneasler|move: Protect
|-activate|p2b: Electabuzz|move: Protect
|-damage|p1a: Porygon2|82/100
|move|p1a: Porygon2|Tera Blast|p2a: Sneasler
|-activate|p2a: Sneasler|move: Protect
|
|-heal|p1b: Ursaluna|98/100 brn|[from] Grassy Terrain
|-heal|p1a: Porygon2|88/100|[from] Grassy Terrain
|-heal|p2b: Electabuzz|22/100|[from] Grassy Terrain
|-damage|p1b: Ursaluna|92/100 brn|[from] brn
|upkeep
|turn|5
|
|t:|1756413010
|move|p2b: Electabuzz|Follow Me|p2b: Electabuzz
|-singleturn|p2b: Electabuzz|move: Follow Me
|move|p1b: Ursaluna|Earthquake|p2b: Electabuzz|[spread] p1a,p2a,p2b
|-supereffective|p2a: Sneasler
|-supereffective|p2b: Electabuzz
|-damage|p1a: Porygon2|69/100
|-enditem|p2a: Sneasler|Focus Sash
|-damage|p2a: Sneasler|1/100
|-damage|p2b: Electabuzz|0 fnt
|faint|p2b: Electabuzz
|move|p1a: Porygon2|Tera Blast|p2a: Sneasler
|-damage|p2a: Sneasler|0 fnt
|faint|p2a: Sneasler
|
|-heal|p1b: Ursaluna|98/100 brn|[from] Grassy Terrain
|-heal|p1a: Porygon2|75/100|[from] Grassy Terrain
|-damage|p1b: Ursaluna|92/100 brn|[from] brn
|-fieldend|move: Trick Room
|-fieldend|move: Grassy Terrain
|upkeep
|
|t:|1756413019
|switch|p2a: Dragonite|Dragonite, L50, M|100/100
|switch|p2b: Kingambit|Kingambit, L50, F|100/100
|turn|6
|
|t:|1756413042
|switch|p1a: Rillaboom|Rillaboom, L50, F|35/100
|-fieldstart|move: Grassy Terrain|[from] ability: Grassy Surge|[of] p1a: Rillaboom
|-terastallize|p2b: Kingambit|Dark
|move|p2a: Dragonite|Scale Shot|p1a: Rillaboom
|-damage|p1a: Rillaboom|22/100
|-damage|p1a: Rillaboom|9/100
|-damage|p1a: Rillaboom|0 fnt
|faint|p1a: Rillaboom
|-hitcount|p1: Rillaboom|3
|-unboost|p2a: Dragonite|def|1
|-boost|p2a: Dragonite|spe|1
|move|p2b: Kingambit|Kowtow Cleave|p1b: Ursaluna
|-damage|p1b: Ursaluna|43/100 brn
|move|p1b: Ursaluna|Headlong Rush|p2b: Kingambit
|-damage|p2b: Kingambit|23/100
|-unboost|p1b: Ursaluna|def|1
|-unboost|p1b: Ursaluna|spd|1
|
|-heal|p2b: Kingambit|29/100|[from] Grassy Terrain
|-heal|p1b: Ursaluna|49/100 brn|[from] Grassy Terrain
|-damage|p1b: Ursaluna|43/100 brn|[from] brn
|upkeep
|
|t:|1756413063
|switch|p1a: Porygon2|Porygon2, L50|75/100
|-ability|p1a: Porygon2|Download|boost
|-boost|p1a: Porygon2|atk|1
|turn|7
|
|t:|1756413078
|move|p2a: Dragonite|Scale Shot|p1b: Ursaluna
|-damage|p1b: Ursaluna|25/100 brn
|-damage|p1b: Ursaluna|9/100 brn
|-damage|p1b: Ursaluna|0 fnt
|faint|p1b: Ursaluna
|-hitcount|p1: Ursaluna|3
|-unboost|p2a: Dragonite|def|1
|-boost|p2a: Dragonite|spe|1
|move|p2b: Kingambit|Kowtow Cleave|p1a: Porygon2
|-damage|p1a: Porygon2|41/100
|move|p1a: Porygon2|Trick Room|p1a: Porygon2
|-fieldstart|move: Trick Room|[of] p1a: Porygon2
|
|-heal|p1a: Porygon2|47/100|[from] Grassy Terrain
|-heal|p2b: Kingambit|35/100|[from] Grassy Terrain
|upkeep
|
|t:|1756413088
|switch|p1b: Torkoal|Torkoal, L50, M|100/100
|-weather|SunnyDay|[from] ability: Drought|[of] p1b: Torkoal
|turn|8
|
|t:|1756413099
|move|p2b: Kingambit|Sucker Punch|p1b: Torkoal
|-damage|p1b: Torkoal|64/100
|move|p1b: Torkoal|Eruption|p2b: Kingambit|[spread] p2a,p2b
|-resisted|p2a: Dragonite
|-crit|p2b: Kingambit
|-damage|p2a: Dragonite|88/100
|-damage|p2b: Kingambit|0 fnt
|faint|p2b: Kingambit
|move|p1a: Porygon2|Recover|p1a: Porygon2
|-heal|p1a: Porygon2|97/100
|move|p2a: Dragonite|Scale Shot|p1b: Torkoal
|-damage|p1b: Torkoal|52/100
|-damage|p1b: Torkoal|40/100
|-damage|p1b: Torkoal|29/100
|-damage|p1b: Torkoal|17/100
|-damage|p1b: Torkoal|5/100
|-hitcount|p1b: Torkoal|5
|-unboost|p2a: Dragonite|def|1
|-boost|p2a: Dragonite|spe|1
|
|-weather|SunnyDay|[upkeep]
|-heal|p1b: Torkoal|11/100|[from] Grassy Terrain
|-heal|p1a: Porygon2|100/100|[from] Grassy Terrain
|upkeep
|turn|9
|
|t:|1756413114
|move|p2a: Dragonite|Protect|p2a: Dragonite
|-singleturn|p2a: Dragonite|Protect
|move|p1b: Torkoal|Heat Wave|p2a: Dragonite
|-activate|p2a: Dragonite|move: Protect
|move|p1a: Porygon2|Ice Beam|p2a: Dragonite
|-activate|p2a: Dragonite|move: Protect
|
|-weather|SunnyDay|[upkeep]
|-heal|p1b: Torkoal|17/100|[from] Grassy Terrain
|upkeep
|turn|10
|
|t:|1756413123
|move|p1b: Torkoal|Heat Wave|p2a: Dragonite
|-resisted|p2a: Dragonite
|-damage|p2a: Dragonite|51/100
|-status|p2a: Dragonite|brn
|move|p1a: Porygon2|Ice Beam|p2a: Dragonite
|-supereffective|p2a: Dragonite
|-damage|p2a: Dragonite|0 fnt
|faint|p2a: Dragonite
|
|win|BigE3L
|raw|BigE3L's rating: 1243 → 1261(+18 for winning)
|raw|ant at work's rating: 1141 → 1123(-18 for losing)
|c|☆ant at work|GG
|l|☆ant at work
|player|p2|
