|j|☆bagarresinge
|j|☆Kyuriam
|html|bagarresingeKyuriam    
|uhtml|bestof|Game 1 of a best-of-3
|t:|1756497377
|gametype|doubles
|player|p1|bagarresinge|harlequin|1174
|player|p2|Kyuriam|n|1165
|gen|9
|tier|[Gen 9] VGC 2025 Reg H (Bo3)
|rated|
|rule|Species Clause: Limit one of each Pokémon
|rule|Item Clause: Limit 1 of each item
|clearpoke
|poke|p1|Incineroar, L50, F|
|poke|p1|Gholdengo, L50|
|poke|p1|Amoonguss, L50, F|
|poke|p1|Hydreigon, L50, F|
|poke|p1|Porygon2, L50|
|poke|p1|Ursaluna, L50, F|
|poke|p2|Rillaboom, L50, F|
|poke|p2|Incineroar, L50, M|
|poke|p2|Primarina, L50, M|
|poke|p2|Corviknight, L50, M|
|poke|p2|Gholdengo, L50|
|poke|p2|Perrserker, L50, M|
|teampreview|4
|showteam|p1|Incineroar||SitrusBerry|Intimidate|KnockOff,FakeOut,FlareBlitz,PartingShot|||F|||50|,,,,,Ghost]Gholdengo||MetalCoat|GoodasGold|Protect,NastyPlot,MakeItRain,ShadowBall||||||50|,,,,,Water]Amoonguss||RockyHelmet|Regenerator|Spore,RagePowder,PollenPuff,Protect|||F|||50|,,,,,Fairy]Hydreigon||SafetyGoggles|Levitate|DracoMeteor,Snarl,Tailwind,Protect|||F|||50|,,,,,Ghost]Porygon2||Eviolite|Download|Recover,IceBeam,TeraBlast,TrickRoom||||||50|,,,,,Fighting]Ursaluna||FlameOrb|Guts|Earthquake,Facade,HeadlongRush,Protect|||F|||50|,,,,,Ghost
|showteam|p2|Rillaboom||AssaultVest|GrassySurge|GrassPledge,GrassyGlide,StompingTantrum,FakeOut|||F|||50|,,,,,Ground]Incineroar||SafetyGoggles|Intimidate|FirePledge,ScorchingSands,TemperFlare,PartingShot|||M|||50|,,,,,Ghost]Primarina||ThroatSpray|LiquidVoice|WaterPledge,HyperVoice,Moonblast,Protect|||M|||50|,,,,,Poison]Corviknight||Leftovers|MirrorArmor|IronHead,BodyPress,BulkUp,Protect|||M|||50|,,,,,Dragon]Gholdengo||ChoiceScarf|GoodasGold|MakeItRain,ShadowBall,Thunderbolt,PowerGem||||||50|,,,,,Steel]Perrserker||FocusSash|SteelySpirit|IronHead,CloseCombat,FakeOut,Protect|||M|||50|,,,,,Ghost
|inactive|Battle timer is ON: inactive players will automatically lose when time's up. (requested by Kyuriam)
|inactive|bagarresinge has 60 seconds left.
|inactive|Kyuriam has 60 seconds left.
|inactive|bagarresinge has 30 seconds left.
|inactive|Kyuriam has 30 seconds left.
|inactive|Kyuriam has 20 seconds left.
|inactive|Kyuriam has 15 seconds left.
|
|t:|1756497453
|teamsize|p1|4
|teamsize|p2|4
|start
|switch|p1a: Porygon2|Porygon2, L50|100/100
|switch|p1b: Incineroar|Incineroar, L50, F, shiny|100/100
|switch|p2a: Rillaboom|Rillaboom, L50, F|100/100
|switch|p2b: Primarina|Primarina, L50, M|100/100
|-fieldstart|move: Grassy Terrain|[from] ability: Grassy Surge|[of] p2a: Rillaboom
|-ability|p1b: Incineroar|Intimidate|boost
|-unboost|p2a: Rillaboom|atk|1
|-unboost|p2b: Primarina|atk|1
|-ability|p1a: Porygon2|Download|boost
|-boost|p1a: Porygon2|atk|1
|turn|1
|inactive|bagarresinge has 30 seconds left.
|
|t:|1756497486
|move|p2a: Rillaboom|Fake Out|p1b: Incineroar
|-damage|p1b: Incineroar|94/100
|cant|p1b: Incineroar|flinch
|move|p2b: Primarina|Hyper Voice|p1b: Incineroar|[spread] p1a,p1b
|-supereffective|p1b: Incineroar
|-damage|p1a: Porygon2|80/100
|-damage|p1b: Incineroar|45/100
|-enditem|p1b: Incineroar|Sitrus Berry|[eat]
|-heal|p1b: Incineroar|70/100|[from] item: Sitrus Berry
|-enditem|p2b: Primarina|Throat Spray
|-boost|p2b: Primarina|spa|1|[from] item: Throat Spray
|move|p1a: Porygon2|Trick Room|p1a: Porygon2
|-fieldstart|move: Trick Room|[of] p1a: Porygon2
|
|-heal|p1a: Porygon2|86/100|[from] Grassy Terrain
|-heal|p1b: Incineroar|76/100|[from] Grassy Terrain
|upkeep
|turn|2
|inactive|bagarresinge has 30 seconds left.
|inactive|Kyuriam has 30 seconds left.
|inactive|bagarresinge has 20 seconds left.
|inactive|Kyuriam has 20 seconds left.
|inactive|Kyuriam has 15 seconds left.
|
|t:|1756497530
|move|p2b: Primarina|Hyper Voice|p1b: Incineroar|[spread] p1a,p1b
|-supereffective|p1b: Incineroar
|-damage|p1a: Porygon2|55/100
|-damage|p1b: Incineroar|0 fnt
|faint|p1b: Incineroar
|move|p1a: Porygon2|Ice Beam|p2a: Rillaboom
|-supereffective|p2a: Rillaboom
|-damage|p2a: Rillaboom|67/100
|move|p2a: Rillaboom|Stomping Tantrum|p1a: Porygon2
|-damage|p1a: Porygon2|45/100
|
|-heal|p1a: Porygon2|52/100|[from] Grassy Terrain
|-heal|p2a: Rillaboom|73/100|[from] Grassy Terrain
|upkeep
|
|t:|1756497542
|switch|p1b: Amoonguss|Amoonguss, L50, F|100/100
|turn|3
|
|t:|1756497565
|switch|p1a: Ursaluna|Ursaluna, L50, F|100/100
|switch|p2a: Perrserker|Perrserker, L50, M|100/100
|move|p2b: Primarina|Protect|p2b: Primarina
|-singleturn|p2b: Primarina|Protect
|move|p1b: Amoonguss|Spore|p2b: Primarina
|-activate|p2b: Primarina|move: Protect
|
|-status|p1a: Ursaluna|brn|[from] item: Flame Orb
|upkeep
|turn|4
|
|t:|1756497583
|move|p2a: Perrserker|Fake Out|p1b: Amoonguss
|-damage|p1b: Amoonguss|90/100
|-damage|p2a: Perrserker|84/100|[from] item: Rocky Helmet|[of] p1b: Amoonguss
|cant|p1b: Amoonguss|flinch
|move|p2b: Primarina|Hyper Voice|p1a: Ursaluna|[spread] p1a,p1b
|-supereffective|p1a: Ursaluna
|-resisted|p1b: Amoonguss
|-damage|p1a: Ursaluna|4/100 brn
|-damage|p1b: Amoonguss|71/100
|move|p1a: Ursaluna|Headlong Rush|p2b: Primarina
|-damage|p2b: Primarina|0 fnt
|-unboost|p1a: Ursaluna|def|1
|-unboost|p1a: Ursaluna|spd|1
|faint|p2b: Primarina
|
|-heal|p1b: Amoonguss|77/100|[from] Grassy Terrain
|-heal|p1a: Ursaluna|10/100 brn|[from] Grassy Terrain
|-heal|p2a: Perrserker|90/100|[from] Grassy Terrain
|-damage|p1a: Ursaluna|4/100 brn|[from] brn
|upkeep
|
|t:|1756497602
|switch|p2b: Rillaboom|Rillaboom, L50, F|73/100
|turn|5
|
|t:|1756497620
|switch|p1a: Porygon2|Porygon2, L50|52/100
|-ability|p1a: Porygon2|Download|boost
|-boost|p1a: Porygon2|spa|1
|move|p2b: Rillaboom|Grassy Glide|p1a: Porygon2
|-damage|p1a: Porygon2|29/100
|move|p1b: Amoonguss|Spore|p2a: Perrserker
|-status|p2a: Perrserker|slp|[from] move: Spore
|cant|p2a: Perrserker|slp
|
|-heal|p1b: Amoonguss|83/100|[from] Grassy Terrain
|-heal|p1a: Porygon2|35/100|[from] Grassy Terrain
|-heal|p2a: Perrserker|96/100 slp|[from] Grassy Terrain
|-heal|p2b: Rillaboom|80/100|[from] Grassy Terrain
|-fieldend|move: Trick Room
|-fieldend|move: Grassy Terrain
|upkeep
|turn|6
|
|t:|1756497644
|switch|p2b: Gholdengo|Gholdengo, L50|100/100
|move|p1b: Amoonguss|Rage Powder|p1b: Amoonguss
|-singleturn|p1b: Amoonguss|move: Rage Powder
|-curestatus|p2a: Perrserker|slp|[msg]
|move|p2a: Perrserker|Close Combat|p1b: Amoonguss
|-resisted|p1b: Amoonguss
|-damage|p1b: Amoonguss|68/100
|-unboost|p2a: Perrserker|def|1
|-unboost|p2a: Perrserker|spd|1
|-damage|p2a: Perrserker|80/100|[from] item: Rocky Helmet|[of] p1b: Amoonguss
|move|p1a: Porygon2|Trick Room|p1a: Porygon2
|-fieldstart|move: Trick Room|[of] p1a: Porygon2
|
|upkeep
|turn|7
|inactive|Kyuriam has 30 seconds left.
|inactive|Kyuriam has 20 seconds left.
|
|t:|1756497679
|-terastallize|p1a: Porygon2|Fighting
|-terastallize|p2b: Gholdengo|Steel
|move|p1b: Amoonguss|Pollen Puff|p1a: Porygon2
|-heal|p1a: Porygon2|85/100
|move|p1a: Porygon2|Tera Blast|p2a: Perrserker|[anim] Tera Blast Fighting
|-supereffective|p2a: Perrserker
|-damage|p2a: Perrserker|0 fnt
|faint|p2a: Perrserker
|move|p2b: Gholdengo|Make It Rain|p1b: Amoonguss|[spread] p1a,p1b
|-damage|p1a: Porygon2|44/100
|-damage|p1b: Amoonguss|3/100
|-unboost|p2b: Gholdengo|spa|1
|
|upkeep
|
|t:|1756497688
|switch|p2a: Rillaboom|Rillaboom, L50, F|80/100
|-fieldstart|move: Grassy Terrain|[from] ability: Grassy Surge|[of] p2a: Rillaboom
|turn|8
|
|t:|1756497707
|move|p2a: Rillaboom|Grassy Glide|p1a: Porygon2
|-damage|p1a: Porygon2|20/100
|move|p1b: Amoonguss|Pollen Puff|p1a: Porygon2
|-heal|p1a: Porygon2|70/100
|move|p1a: Porygon2|Recover|p1a: Porygon2
|-heal|p1a: Porygon2|100/100
|move|p2b: Gholdengo|Make It Rain|p1a: Porygon2|[spread] p1a,p1b
|-damage|p1a: Porygon2|75/100
|-damage|p1b: Amoonguss|0 fnt
|-unboost|p2b: Gholdengo|spa|1
|faint|p1b: Amoonguss
|
|-heal|p1a: Porygon2|82/100|[from] Grassy Terrain
|-heal|p2a: Rillaboom|86/100|[from] Grassy Terrain
|upkeep
|
|t:|1756497718
|switch|p1b: Ursaluna|Ursaluna, L50, F|4/100 brn
|turn|9
|
|t:|1756497730
|move|p2a: Rillaboom|Grassy Glide|p1b: Ursaluna
|-supereffective|p1b: Ursaluna
|-damage|p1b: Ursaluna|0 fnt
|faint|p1b: Ursaluna
|move|p1a: Porygon2|Tera Blast|p2b: Gholdengo|[anim] Tera Blast Fighting
|-supereffective|p2b: Gholdengo
|-damage|p2b: Gholdengo|0 fnt
|faint|p2b: Gholdengo
|
|-heal|p1a: Porygon2|88/100|[from] Grassy Terrain
|-heal|p2a: Rillaboom|92/100|[from] Grassy Terrain
|upkeep
|turn|10
|
|t:|1756497744
|move|p2a: Rillaboom|Grassy Glide|p1a: Porygon2
|-damage|p1a: Porygon2|67/100
|move|p1a: Porygon2|Ice Beam|p2a: Rillaboom
|-supereffective|p2a: Rillaboom
|-damage|p2a: Rillaboom|43/100
|
|-heal|p1a: Porygon2|73/100|[from] Grassy Terrain
|-heal|p2a: Rillaboom|49/100|[from] Grassy Terrain
|-fieldend|move: Trick Room
|upkeep
|turn|11
|
|t:|1756497755
|move|p2a: Rillaboom|Grassy Glide|p1a: Porygon2
|-damage|p1a: Porygon2|53/100
|move|p1a: Porygon2|Recover|p1a: Porygon2
|-heal|p1a: Porygon2|100/100
|
|-heal|p2a: Rillaboom|56/100|[from] Grassy Terrain
|upkeep
|turn|12
|inactive|Kyuriam has 30 seconds left.
|-message|Kyuriam forfeited.
|
|win|bagarresinge
|l|☆Kyuriam
|player|p2|
||Kyuriam is ready for game 2.
