|j|☆NotThinkingVGC
|j|☆Megamoehre
|html|NotThinkingVGCMegamoehre    
|uhtml|bestof|Game 2 of a best-of-3
|t:|1783436683
|gametype|doubles
|player|p1|NotThinkingVGC|volkner|1334
|player|p2|Megamoehre|sabrina|1391
|gen|9
|tier|[Gen 9 Champions] VGC 2026 Reg M-B (Bo3)
|rated|
|rule|Species Clause: Limit one of each Pokémon
|rule|Item Clause: Limit 1 of each item
|clearpoke
|poke|p1|Delphox, L50, F|
|poke|p1|Incineroar, L50, F|
|poke|p1|Maushold-Four, L50|
|poke|p1|Sinistcha, L50|
|poke|p1|Sneasler, L50, M|
|poke|p1|Blastoise, L50, M|
|poke|p2|Grimmsnarl, L50, M|
|poke|p2|Swampert, L50, M|
|poke|p2|Pelipper, L50, M|
|poke|p2|Archaludon, L50, M|
|poke|p2|Sinistcha, L50|
|poke|p2|Metagross, L50, shiny|
|teampreview|4
|showteam|p1|Delphox||Delphoxite|Blaze|HeatWave,Psychic,NastyPlot,Protect|Timid||F|||50|]Incineroar||PasshoBerry|Intimidate|ThroatChop,FlareBlitz,PartingShot,FakeOut|Impish||F|||50|]Maushold-Four||ChopleBerry|FriendGuard|FollowMe,Feint,HelpingHand,Protect|Impish|||||50|]Sinistcha||KasibBerry|Hospitality|Protect,MatchaGotcha,LifeDew,RagePowder|Bold|||||50|]Sneasler||FocusSash|PoisonTouch|PoisonJab,CloseCombat,FakeOut,QuickGuard|Jolly||M|||50|]Blastoise||Blastoisinite|RainDish|Protect,WaterSpout,DarkPulse,ShellSmash|Modest||M|||50|
|showteam|p2|Grimmsnarl||LightClay|Prankster|FoulPlay,PartingShot,Reflect,LightScreen|Calm||M|||50|]Swampert||Swampertite|Damp|WaveCrash,Earthquake,IcePunch,Protect|Adamant||M|||50|]Pelipper||SitrusBerry|Drizzle|Hurricane,WeatherBall,Tailwind,WideGuard|Modest||M|||50|]Archaludon||Leftovers|Stamina|ElectroShot,DragonPulse,FlashCannon,Protect|Modest||M|||50|]Sinistcha||CobaBerry|Hospitality|MatchaGotcha,RagePowder,TrickRoom,Protect|Relaxed|||||50|]Metagross||Metagrossite|ClearBody|IronHead,PsychicFangs,BodyPress,Protect|Jolly|||||50|
|inactive|Battle timer is ON: inactive players will automatically lose when time's up. (requested by NotThinkingVGC)
|
|t:|1783436705
|teamsize|p1|4
|teamsize|p2|4
|start
|switch|p1a: Sneasler|Sneasler, L50, M|100/100
|switch|p1b: Blastoise|Blastoise, L50, M|100/100
|switch|p2a: Pelipper|Pelipper, L50, M|100/100
|switch|p2b: Swampert|Swampert, L50, M|100/100
|-weather|RainDance|[from] ability: Drizzle|[of] p2a: Pelipper
|turn|1
|
|t:|1783436718
|detailschange|p1b: Blastoise|Blastoise-Mega, L50, M
|-mega|p1b: Blastoise|Blastoise|Blastoisinite
|detailschange|p2b: Swampert|Swampert-Mega, L50, M
|-mega|p2b: Swampert|Swampert|Swampertite
|move|p1a: Sneasler|Fake Out|p2b: Swampert
|-damage|p2b: Swampert|87/100
|cant|p2b: Swampert|flinch
|move|p1b: Blastoise|Shell Smash|p1b: Blastoise
|-unboost|p1b: Blastoise|def|1
|-unboost|p1b: Blastoise|spd|1
|-boost|p1b: Blastoise|atk|2
|-boost|p1b: Blastoise|spa|2
|-boost|p1b: Blastoise|spe|2
|move|p2a: Pelipper|Tailwind|p2a: Pelipper
|-sidestart|p2: Megamoehre|move: Tailwind
|
|-weather|RainDance|[upkeep]
|upkeep
|turn|2
|inactive|NotThinkingVGC has 30 seconds left.
|
|t:|1783436746
|switch|p1a: Sinistcha|Sinistcha, L50|100/100
|move|p1b: Blastoise|Protect|p1b: Blastoise
|-singleturn|p1b: Blastoise|Protect
|move|p2b: Swampert|Earthquake|p1b: Blastoise|[spread] p1a
|-activate|p1b: Blastoise|move: Protect
|-immune|p2a: Pelipper
|-resisted|p1a: Sinistcha|1
|-damage|p1a: Sinistcha|80/100
|move|p2a: Pelipper|Weather Ball|p1a: Sinistcha
|-resisted|p1a: Sinistcha|1
|-damage|p1a: Sinistcha|52/100
|
|-weather|RainDance|[upkeep]
|upkeep
|turn|3
|
|t:|1783436761
|move|p2a: Pelipper|Wide Guard|p2a: Pelipper
|-singleturn|p2a: Pelipper|Wide Guard
|move|p1a: Sinistcha|Rage Powder|p1a: Sinistcha
|-singleturn|p1a: Sinistcha|move: Rage Powder
|move|p2b: Swampert|Earthquake|p1b: Blastoise|[spread] p1a,p1b
|-activate|p2a: Pelipper|move: Wide Guard
|-resisted|p1a: Sinistcha|1
|-damage|p1a: Sinistcha|32/100
|-damage|p1b: Blastoise|26/100
|move|p1b: Blastoise|Dark Pulse|p2b: Swampert
|-damage|p2b: Swampert|7/100
|
|-weather|RainDance|[upkeep]
|upkeep
|turn|4
|inactive|NotThinkingVGC has 30 seconds left.
|
|t:|1783436789
|switch|p1a: Maushold|Maushold-Four, L50|100/100
|move|p1b: Blastoise|Protect|p1b: Blastoise
|-singleturn|p1b: Blastoise|Protect
|move|p2b: Swampert|Earthquake|p1a: Maushold|[spread] p1a
|-activate|p1b: Blastoise|move: Protect
|-immune|p2a: Pelipper
|-damage|p1a: Maushold|49/100
|move|p2a: Pelipper|Hurricane|p1a: Maushold
|-damage|p1a: Maushold|4/100
|-start|p1a: Maushold|confusion
|
|-weather|RainDance|[upkeep]
|-sideend|p2: Megamoehre|move: Tailwind
|upkeep
|turn|5
|
|t:|1783436813
|move|p2b: Swampert|Protect|p2b: Swampert
|-singleturn|p2b: Swampert|Protect
|-activate|p1a: Maushold|confusion
|move|p1a: Maushold|Feint|p2a: Pelipper
|-damage|p2a: Pelipper|90/100
|move|p1b: Blastoise|Water Spout|p2a: Pelipper|[spread] p2a
|-activate|p2b: Swampert|move: Protect
|-resisted|p2a: Pelipper|1
|-damage|p2a: Pelipper|56/100
|move|p2a: Pelipper|Tailwind|p2a: Pelipper
|-sidestart|p2: Megamoehre|move: Tailwind
|
|-weather|none
|upkeep
|turn|6
|
|t:|1783436834
|switch|p2a: Sinistcha|Sinistcha, L50|100/100
|-heal|p2b: Swampert|32/100|[from] ability: Hospitality|[of] p2a: Sinistcha
|-end|p1a: Maushold|confusion
|move|p1a: Maushold|Feint|p2a: Sinistcha
|-immune|p2a: Sinistcha
|move|p1b: Blastoise|Water Spout|p2a: Sinistcha|[spread] p2a,p2b
|-resisted|p2a: Sinistcha|1
|-damage|p2a: Sinistcha|84/100
|-damage|p2b: Swampert|1/100
|move|p2b: Swampert|Earthquake|p1a: Maushold|[spread] p2a,p1a,p1b
|-resisted|p2a: Sinistcha|1
|-damage|p2a: Sinistcha|64/100
|-damage|p1a: Maushold|0 fnt
|-damage|p1b: Blastoise|0 fnt
|faint|p1a: Maushold
|faint|p1b: Blastoise
|
|upkeep
|
|t:|1783436840
|switch|p1a: Sneasler|Sneasler, L50, M|100/100
|switch|p1b: Sinistcha|Sinistcha, L50|32/100
|turn|7
|
|t:|1783436855
|move|p2b: Swampert|Protect|p2b: Swampert
|-singleturn|p2b: Swampert|Protect
|move|p1a: Sneasler|Fake Out|p2b: Swampert
|-activate|p2b: Swampert|move: Protect
|move|p2a: Sinistcha|Matcha Gotcha|p1b: Sinistcha|[spread] p1a,p1b
|-resisted|p1a: Sneasler|1
|-resisted|p1b: Sinistcha|1
|-damage|p1a: Sneasler|84/100
|-heal|p2a: Sinistcha|71/100|[from] drain|[of] p1a: Sneasler
|-damage|p1b: Sinistcha|20/100y
|-heal|p2a: Sinistcha|77/100|[from] drain|[of] p1b: Sinistcha
|-status|p1b: Sinistcha|brn
|move|p1b: Sinistcha|Matcha Gotcha|p2b: Swampert|[spread] 
|-activate|p2b: Swampert|move: Protect
|-miss|p1b: Sinistcha|p2a: Sinistcha
|
|-damage|p1b: Sinistcha|14/100 brn|[from] brn
|upkeep
|turn|8
|-message|NotThinkingVGC forfeited.
|
|win|Megamoehre
|raw|NotThinkingVGC's rating: 1334 → 1317(-17 for losing)
|raw|Megamoehre's rating: 1391 → 1408(+17 for winning)
