|j|☆RegiSIXSEVEN
|j|☆Kavolstag
|html|RegiSIXSEVENKavolstag    
|uhtml|bestof|Game 3 of a best-of-3
|t:|1782369818
|gametype|doubles
|player|p1|RegiSIXSEVEN|steven|1117
|player|p2|Kavolstag|170|1038
|gen|9
|tier|[Gen 9 Champions] VGC 2026 Reg M-B (Bo3)
|rated|
|rule|Species Clause: Limit one of each Pokémon
|rule|Item Clause: Limit 1 of each item
|clearpoke
|poke|p1|Blaziken, L50, F, shiny|
|poke|p1|Kingambit, L50, F, shiny|
|poke|p1|Froslass, L50, F, shiny|
|poke|p1|Aerodactyl, L50, M, shiny|
|poke|p1|Sinistcha, L50, shiny|
|poke|p1|Garchomp, L50, M, shiny|
|poke|p2|Tyranitar, L50, F, shiny|
|poke|p2|Scovillain, L50, F, shiny|
|poke|p2|Excadrill, L50, M, shiny|
|poke|p2|Hydreigon, L50, M, shiny|
|poke|p2|Corviknight, L50, M, shiny|
|poke|p2|Houndstone, L50, F|
|teampreview|4
|showteam|p1|Blaziken||FocusSash|SpeedBoost|HeatWave,AuraSphere,Coaching,Protect|Jolly||F|||50|]Kingambit||ChopleBerry|Defiant|SuckerPunch,KowtowCleave,IronHead,Protect|Adamant||F|||50|]Froslass||Froslassite|SnowCloak|Blizzard,ShadowBall,AuroraVeil,Protect|Timid||F|||50|]Aerodactyl||Aerodactylite|RockHead|RockSlide,DualWingbeat,Tailwind,WideGuard|Jolly||M|||50|]Sinistcha||KasibBerry|Hospitality|MatchaGotcha,RagePowder,TrickRoom,Protect|Bold|||||50|]Garchomp||LifeOrb|RoughSkin|DragonClaw,StompingTantrum,RockSlide,Protect|Jolly||M|||50|
|showteam|p2|Tyranitar||Tyranitarite|SandStream|RockSlide,LowKick,KnockOff,Protect|Adamant||F|||50|]Scovillain||Scovillainite|Moody|Overheat,GigaDrain,RagePowder,Protect|Calm||F|||50|]Excadrill||FocusSash|SandRush|Earthquake,RockSlide,Protect,IronHead|Adamant||M|||50|]Hydreigon||ChoiceScarf|Levitate|DracoMeteor,DarkPulse,HeatWave,Snarl|Modest||M|||50|]Corviknight||Leftovers|MirrorArmor|BraveBird,BulkUp,Tailwind,Protect|Careful||M|||50|]Houndstone||SitrusBerry|SandRush|LastRespects,WillOWisp,Protect,BodyPress|Adamant||F|||50|
|inactive|Battle timer is ON: inactive players will automatically lose when time's up. (requested by RegiSIXSEVEN)
|
|t:|1782369843
|teamsize|p1|4
|teamsize|p2|4
|start
|switch|p1a: Froslass|Froslass, L50, F, shiny|100/100
|switch|p1b: Garchomp|Garchomp, L50, M, shiny|100/100
|switch|p2a: Tyranitar|Tyranitar, L50, F, shiny|100/100
|switch|p2b: Houndstone|Houndstone, L50, F|100/100
|-weather|Sandstorm|[from] ability: Sand Stream|[of] p2a: Tyranitar
|turn|1
|
|t:|1782369860
|detailschange|p1a: Froslass|Froslass-Mega, L50, F, shiny
|-mega|p1a: Froslass|Froslass|Froslassite
|-weather|Snowscape|[from] ability: Snow Warning|[of] p1a: Froslass
|detailschange|p2a: Tyranitar|Tyranitar-Mega, L50, F, shiny
|-mega|p2a: Tyranitar|Tyranitar|Tyranitarite
|-weather|Sandstorm|[from] ability: Sand Stream|[of] p2a: Tyranitar
|move|p1a: Froslass|Protect|p1a: Froslass
|-singleturn|p1a: Froslass|Protect
|move|p2b: Houndstone|Will-O-Wisp|p1b: Garchomp|[miss]
|-miss|p2b: Houndstone|p1b: Garchomp
|move|p1b: Garchomp|Stomping Tantrum|p2a: Tyranitar
|-supereffective|p2a: Tyranitar|1
|-damage|p2a: Tyranitar|42/100
|-damage|p1b: Garchomp|90/100|[from] item: Life Orb
|move|p2a: Tyranitar|Rock Slide|p1a: Froslass|[spread] p1b
|-activate|p1a: Froslass|move: Protect
|-resisted|p1b: Garchomp|1
|-damage|p1b: Garchomp|73/100
|
|-weather|Sandstorm|[upkeep]
|-damage|p1a: Froslass|93/100|[from] Sandstorm
|upkeep
|turn|2
|inactive|RegiSIXSEVEN has 30 seconds left.
|
|t:|1782369886
|switch|p1a: Sinistcha|Sinistcha, L50, shiny|100/100
|-heal|p1b: Garchomp|98/100|[from] ability: Hospitality|[of] p1a: Sinistcha
|move|p1b: Garchomp|Protect|p1b: Garchomp
|-singleturn|p1b: Garchomp|Protect
|move|p2b: Houndstone|Will-O-Wisp|p1b: Garchomp
|-activate|p1b: Garchomp|move: Protect
|move|p2a: Tyranitar|Rock Slide|p1a: Sinistcha|[spread] p1a
|-activate|p1b: Garchomp|move: Protect
|-damage|p1a: Sinistcha|69/100
|
|-weather|Sandstorm|[upkeep]
|-damage|p1a: Sinistcha|63/100|[from] Sandstorm
|upkeep
|turn|3
|inactive|RegiSIXSEVEN has 30 seconds left.
|inactive|Kavolstag has 30 seconds left.
|
|t:|1782369916
|switch|p1b: Froslass|Froslass-Mega, L50, F, shiny|93/100
|-weather|Snowscape|[from] ability: Snow Warning|[of] p1b: Froslass
|switch|p2a: Hydreigon|Hydreigon, L50, M, shiny|100/100
|move|p2b: Houndstone|Will-O-Wisp|p1b: Froslass
|-status|p1b: Froslass|brn
|move|p1a: Sinistcha|Matcha Gotcha|p2a: Hydreigon|[spread] p2a,p2b
|-resisted|p2a: Hydreigon|1
|-damage|p2a: Hydreigon|86/100
|-heal|p1a: Sinistcha|70/100|[from] drain|[of] p2a: Hydreigon
|-damage|p2b: Houndstone|71/100
|-heal|p1a: Sinistcha|83/100|[from] drain|[of] p2b: Houndstone
|
|-weather|Snowscape|[upkeep]
|-damage|p1b: Froslass|87/100 brn|[from] brn
|upkeep
|turn|4
|
|t:|1782369939
|move|p1a: Sinistcha|Rage Powder|p1a: Sinistcha
|-singleturn|p1a: Sinistcha|move: Rage Powder
|move|p2a: Hydreigon|Dark Pulse|p1a: Sinistcha
|-supereffective|p1a: Sinistcha|1
|-crit|p1a: Sinistcha
|-damage|p1a: Sinistcha|0 fnt
|faint|p1a: Sinistcha
|move|p1b: Froslass|Blizzard|p2a: Hydreigon|[spread] p2a,p2b
|-supereffective|p2a: Hydreigon|1
|-damage|p2a: Hydreigon|0 fnt
|-damage|p2b: Houndstone|25/100
|-status|p2b: Houndstone|frz
|-enditem|p2b: Houndstone|Sitrus Berry|[eat]
|-heal|p2b: Houndstone|50/100g frz|[from] item: Sitrus Berry
|faint|p2a: Hydreigon
|cant|p2b: Houndstone|frz
|
|-weather|Snowscape|[upkeep]
|-damage|p1b: Froslass|81/100 brn|[from] brn
|upkeep
|
|t:|1782369954
|switch|p2a: Tyranitar|Tyranitar-Mega, L50, F, shiny|42/100
|switch|p1a: Kingambit|Kingambit, L50, F, shiny|100/100
|-weather|Sandstorm|[from] ability: Sand Stream|[of] p2a: Tyranitar
|turn|5
|
|t:|1782369974
|move|p1a: Kingambit|Sucker Punch||[still]
|-fail|p1a: Kingambit
|cant|p2b: Houndstone|frz
|move|p1b: Froslass|Blizzard|p2a: Tyranitar|[spread] p2a
|-miss|p1b: Froslass|p2b: Houndstone
|-damage|p2a: Tyranitar|21/100
|move|p2a: Tyranitar|Low Kick|p1a: Kingambit
|-supereffective|p1a: Kingambit|2
|-enditem|p1a: Kingambit|Chople Berry|[eat]
|-enditem|p1a: Kingambit|Chople Berry|[weaken]
|-damage|p1a: Kingambit|47/100
|
|-weather|Sandstorm|[upkeep]
|-damage|p1b: Froslass|75/100 brn|[from] Sandstorm
|-damage|p1b: Froslass|68/100 brn|[from] brn
|upkeep
|turn|6
|
|t:|1782369995
|switch|p1b: Garchomp|Garchomp, L50, M, shiny|98/100
|move|p2a: Tyranitar|Protect|p2a: Tyranitar
|-singleturn|p2a: Tyranitar|Protect
|move|p1a: Kingambit|Protect|p1a: Kingambit
|-singleturn|p1a: Kingambit|Protect
|-curestatus|p2b: Houndstone|frz|[msg]
|move|p2b: Houndstone|Body Press|p1a: Kingambit
|-activate|p1a: Kingambit|move: Protect
|
|-weather|Sandstorm|[upkeep]
|upkeep
|turn|7
|
|t:|1782370014
|switch|p1a: Froslass|Froslass-Mega, L50, F, shiny|68/100 brn
|-weather|Snowscape|[from] ability: Snow Warning|[of] p1a: Froslass
|move|p1b: Garchomp|Stomping Tantrum|p2a: Tyranitar
|-supereffective|p2a: Tyranitar|1
|-damage|p2a: Tyranitar|0 fnt
|faint|p2a: Tyranitar
|-damage|p1b: Garchomp|88/100|[from] item: Life Orb
|move|p2b: Houndstone|Body Press|p1a: Froslass
|-immune|p1a: Froslass
|
|-weather|Snowscape|[upkeep]
|-damage|p1a: Froslass|62/100 brn|[from] brn
|upkeep
|
|t:|1782370018
|switch|p2a: Excadrill|Excadrill, L50, M, shiny|100/100
|turn|8
|
|t:|1782370030
|move|p1a: Froslass|Blizzard|p2a: Excadrill|[spread] p2a,p2b
|-damage|p2a: Excadrill|43/100
|-damage|p2b: Houndstone|10/100
|move|p1b: Garchomp|Stomping Tantrum|p2a: Excadrill
|-supereffective|p2a: Excadrill|1
|-damage|p2a: Excadrill|0 fnt
|faint|p2a: Excadrill
|-damage|p1b: Garchomp|78/100|[from] item: Life Orb
|move|p2b: Houndstone|Last Respects|p1a: Froslass
|-supereffective|p1a: Froslass|1
|-damage|p1a: Froslass|0 fnt
|faint|p1a: Froslass
|
|-weather|Snowscape|[upkeep]
|upkeep
|
|t:|1782370036
|switch|p1a: Kingambit|Kingambit, L50, F, shiny|47/100
|turn|9
|
|t:|1782370040
|move|p1a: Kingambit|Sucker Punch|p2b: Houndstone
|-supereffective|p2b: Houndstone|1
|-damage|p2b: Houndstone|0 fnt
|faint|p2b: Houndstone
|
|win|RegiSIXSEVEN
|raw|RegiSIXSEVEN's rating: 1117 → 1136(+19 for winning)
|raw|Kavolstag's rating: 1038 → 1026(-12 for losing)
