|j|☆14#coder9
|j|☆marcosdeltasena31
|html|14#coder9marcosdeltasena31    
|uhtml|bestof|Game 2 of a best-of-3
|t:|1785969410
|gametype|doubles
|player|p1|14#coder9|unknown|1186
|player|p2|marcosdeltasena31|hilbert|1205
|gen|9
|tier|[Gen 9 Champions] VGC 2026 Reg M-B (Bo3)
|rated|
|rule|Species Clause: Limit one of each Pokémon
|rule|Item Clause: Limit 1 of each item
|clearpoke
|poke|p1|Charizard, L50, M, shiny|
|poke|p1|Whimsicott, L50, M, shiny|
|poke|p1|Incineroar, L50, F|
|poke|p1|Garchomp, L50, F, shiny|
|poke|p1|Rotom-Wash, L50|
|poke|p1|Staraptor, L50, F, shiny|
|poke|p2|Charizard, L50, M, shiny|
|poke|p2|Raichu, L50, F|
|poke|p2|Sylveon, L50, F|
|poke|p2|Whimsicott, L50, F|
|poke|p2|Garchomp, L50, M|
|poke|p2|Kingambit, L50, F|
|teampreview|4
|showteam|p1|Charizard||CharizarditeY|Blaze|HeatWave,Overheat,SolarBeam,Protect|Modest||M|||50|]Whimsicott||FocusSash|Prankster|SunnyDay,Tailwind,Moonblast,Encore|Timid||M|||50|]Incineroar||ChopleBerry|Intimidate|FlareBlitz,PartingShot,FakeOut,ThroatChop|Careful||F|||50|]Garchomp||LifeOrb|RoughSkin|RockSlide,DragonClaw,Earthquake,Protect|Jolly||F|||50|]Rotom-Wash||SitrusBerry|Levitate|HydroPump,VoltSwitch,WillOWisp,Electroweb|Bold|||||50|]Staraptor||Staraptite|Intimidate|Protect,CloseCombat,BraveBird,Roost|Jolly||F|||50|
|showteam|p2|Charizard||CharizarditeY|Blaze|HeatWave,WeatherBall,SolarBeam,Protect|Modest||M|||50|]Raichu||RaichuniteY|LightningRod|ZapCannon,FocusBlast,FakeOut,Protect|Timid||F|||50|]Sylveon||FairyFeather|Pixilate|HyperVoice,HyperBeam,QuickAttack,Protect|Modest||F|||50|]Whimsicott||FocusSash|Prankster|Moonblast,Tailwind,Encore,Protect|Timid||F|||50|]Garchomp||LifeOrb|RoughSkin|RockSlide,DragonClaw,Earthquake,Protect|Jolly||M|||50|]Kingambit||ChopleBerry|Defiant|KowtowCleave,IronHead,SuckerPunch,LowKick|Adamant||F|||50|
|inactive|Battle timer is ON: inactive players will automatically lose when time's up. (requested by 14#coder9)
|
|t:|1785969436
|teamsize|p1|4
|teamsize|p2|4
|start
|switch|p1a: Charizard|Charizard, L50, M, shiny|100/100
|switch|p1b: Rotom|Rotom-Wash, L50|100/100
|switch|p2a: Garchomp|Garchomp, L50, M|100/100
|switch|p2b: Whimsicott|Whimsicott, L50, F|100/100
|turn|1
|
|t:|1785969457
|switch|p2a: Charizard|Charizard, L50, M, shiny|100/100
|switch|p1a: Whimsicott|Whimsicott, L50, M, shiny|100/100
|move|p2b: Whimsicott|Tailwind|p2b: Whimsicott
|-sidestart|p2: marcosdeltasena31|move: Tailwind
|move|p1b: Rotom|Will-O-Wisp|p2a: Charizard|[miss]
|-miss|p1b: Rotom|p2a: Charizard
|
|upkeep
|turn|2
|
|t:|1785969470
|detailschange|p2a: Charizard|Charizard-Mega-Y, L50, M, shiny
|-mega|p2a: Charizard|Charizard|Charizardite Y
|-weather|SunnyDay|[from] ability: Drought|[of] p2a: Charizard
|move|p1a: Whimsicott|Encore|p2b: Whimsicott
|-start|p2b: Whimsicott|Encore
|move|p2b: Whimsicott|Tailwind||[still]
|-fail|p2b: Whimsicott
|move|p2a: Charizard|Heat Wave|p1a: Whimsicott|[spread] p1a,p1b
|-supereffective|p1a: Whimsicott|1
|-resisted|p1b: Rotom|1
|-enditem|p1a: Whimsicott|Focus Sash
|-damage|p1a: Whimsicott|1/100
|-damage|p1b: Rotom|69/100
|move|p1b: Rotom|Electroweb|p2b: Whimsicott|[spread] p2a,p2b
|-supereffective|p2a: Charizard|1
|-resisted|p2b: Whimsicott|1
|-damage|p2a: Charizard|72/100
|-damage|p2b: Whimsicott|86/100
|-unboost|p2a: Charizard|spe|1
|-unboost|p2b: Whimsicott|spe|1
|
|-weather|SunnyDay|[upkeep]
|upkeep
|turn|3
|
|t:|1785969492
|switch|p2b: Garchomp|Garchomp, L50, M|100/100
|move|p1a: Whimsicott|Tailwind|p1a: Whimsicott
|-sidestart|p1: 14#coder9|move: Tailwind
|move|p1b: Rotom|Will-O-Wisp|p2b: Garchomp
|-status|p2b: Garchomp|brn
|move|p2a: Charizard|Heat Wave|p1a: Whimsicott|[spread] p1b
|-miss|p2a: Charizard|p1a: Whimsicott
|-resisted|p1b: Rotom|1
|-damage|p1b: Rotom|37/100
|-enditem|p1b: Rotom|Sitrus Berry|[eat]
|-heal|p1b: Rotom|62/100|[from] item: Sitrus Berry
|
|-weather|SunnyDay|[upkeep]
|-damage|p2b: Garchomp|94/100 brn|[from] brn
|upkeep
|turn|4
|inactive|14#coder9 has 30 seconds left.
|
|t:|1785969518
|move|p2b: Garchomp|Rock Slide|p1a: Whimsicott|[spread] p1a,p1b
|-damage|p1a: Whimsicott|0 fnt
|-damage|p1b: Rotom|51/100
|faint|p1a: Whimsicott
|-damage|p2b: Garchomp|84/100 brn|[from] item: Life Orb
|move|p1b: Rotom|Electroweb|p2b: Garchomp|[spread] p2a
|-immune|p2b: Garchomp
|-supereffective|p2a: Charizard|1
|-damage|p2a: Charizard|43/100
|-unboost|p2a: Charizard|spe|1
|move|p2a: Charizard|Solar Beam||[still]
|-prepare|p2a: Charizard|Solar Beam
|-anim|p2a: Charizard|Solar Beam|p1b: Rotom
|-supereffective|p1b: Rotom|1
|-damage|p1b: Rotom|0 fnt
|faint|p1b: Rotom
|
|-weather|SunnyDay|[upkeep]
|-damage|p2b: Garchomp|78/100 brn|[from] brn
|-sideend|p2: marcosdeltasena31|move: Tailwind
|upkeep
|
|t:|1785969536
|switch|p1a: Garchomp|Garchomp, L50, F, shiny|100/100
|switch|p1b: Charizard|Charizard, L50, M, shiny|100/100
|turn|5
|
|t:|1785969554
|detailschange|p1b: Charizard|Charizard-Mega-Y, L50, M, shiny
|-mega|p1b: Charizard|Charizard|Charizardite Y
|move|p2b: Garchomp|Protect|p2b: Garchomp
|-singleturn|p2b: Garchomp|Protect
|move|p1a: Garchomp|Rock Slide|p2a: Charizard|[spread] p2a
|-activate|p2b: Garchomp|move: Protect
|-supereffective|p2a: Charizard|2
|-damage|p2a: Charizard|0 fnt
|faint|p2a: Charizard
|-damage|p1a: Garchomp|90/100|[from] item: Life Orb
|move|p1b: Charizard|Heat Wave|p2b: Garchomp
|-activate|p2b: Garchomp|move: Protect
|
|-weather|SunnyDay|[upkeep]
|-damage|p2b: Garchomp|72/100 brn|[from] brn
|upkeep
|
|t:|1785969563
|switch|p2a: Whimsicott|Whimsicott, L50, F|86/100
|turn|6
|
|t:|1785969576
|move|p2b: Garchomp|Protect||[still]
|-fail|p2b: Garchomp
|move|p2a: Whimsicott|Tailwind|p2a: Whimsicott
|-sidestart|p2: marcosdeltasena31|move: Tailwind
|move|p1a: Garchomp|Dragon Claw|p2b: Garchomp
|-supereffective|p2b: Garchomp|1
|-damage|p2b: Garchomp|0 fnt
|-damage|p1a: Garchomp|77/100|[from] ability: Rough Skin|[of] p2b: Garchomp
|faint|p2b: Garchomp
|-damage|p1a: Garchomp|68/100|[from] item: Life Orb
|move|p1b: Charizard|Heat Wave|p2a: Whimsicott
|-supereffective|p2a: Whimsicott|1
|-damage|p2a: Whimsicott|0 fnt
|faint|p2a: Whimsicott
|
|-weather|none
|-sideend|p1: 14#coder9|move: Tailwind
|upkeep
|
|t:|1785969582
|switch|p2b: Sylveon|Sylveon, L50, F|100/100
|turn|7
|
|t:|1785969599
|move|p2b: Sylveon|Hyper Voice|p1b: Charizard|[spread] p1a,p1b
|-supereffective|p1a: Garchomp|1
|-resisted|p1b: Charizard|1
|-damage|p1a: Garchomp|0 fnt
|-damage|p1b: Charizard|79/100
|faint|p1a: Garchomp
|move|p1b: Charizard|Heat Wave|p2b: Sylveon
|-damage|p2b: Sylveon|55/100
|
|upkeep
|turn|8
|
|t:|1785969608
|move|p2b: Sylveon|Hyper Voice|p1b: Charizard
|-resisted|p1b: Charizard|1
|-damage|p1b: Charizard|52/100
|move|p1b: Charizard|Overheat|p2b: Sylveon
|-damage|p2b: Sylveon|0 fnt
|-unboost|p1b: Charizard|spa|2
|faint|p2b: Sylveon
|
|win|14#coder9
|raw|14#coder9's rating: 1186 → 1212(+26 for winning)
|raw|marcosdeltasena31's rating: 1205 → 1179(-26 for losing)
|c|☆14#coder9|gg
|l|☆marcosdeltasena31
|player|p2|
