|j|☆PuppinMusic
|j|☆WASHINGTONGARGACHA
|html|PuppinMusicWASHINGTONGARGACHA    
|uhtml|bestof|Game 3 of a best-of-3
|t:|1757854141
|gametype|doubles
|player|p1|PuppinMusic|guitarist|1082
|player|p2|WASHINGTONGARGACHA|169|1088
|gen|9
|tier|[Gen 9] VGC 2025 Reg H (Bo3)
|rated|
|rule|Species Clause: Limit one of each Pokémon
|rule|Item Clause: Limit 1 of each item
|clearpoke
|poke|p1|Annihilape, L50, F|
|poke|p1|Maushold, L50|
|poke|p1|Ninetales-Alola, L50, F|
|poke|p1|Sneasler, L50, M|
|poke|p1|Rillaboom, L50, M|
|poke|p1|Talonflame, L50, M|
|poke|p2|Typhlosion-Hisui, L50, M|
|poke|p2|Whimsicott, L50, M|
|poke|p2|Dragapult, L50, F|
|poke|p2|Torkoal, L50, F|
|poke|p2|Lilligant-Hisui, L50, F|
|poke|p2|Electabuzz, L50, F|
|teampreview|4
|showteam|p1|Annihilape||Leftovers|Defiant|BulkUp,RageFist,DrainPunch,Protect|||F|||50|,,,,,Fire]Maushold||SafetyGoggles|FriendGuard|FollowMe,Encore,BeatUp,Protect||||||50|,,,,,Ghost]Ninetales-Alola||LightClay|SnowWarning|AuroraVeil,Blizzard,IcyWind,Encore|||F|||50|,,,,,Ghost]Sneasler||GrassySeed|Unburden|FakeOut,DireClaw,CloseCombat,Protect|||M|||50|,,,,,Stellar]Rillaboom||AssaultVest|GrassySurge|FakeOut,GrassyGlide,WoodHammer,Uturn|||M|||50|,,,,,Fire]Talonflame||CovertCloak|GaleWings|Tailwind,DualWingbeat,Taunt,Protect|||M|||50|,,,,,Dark
|showteam|p2|Typhlosion-Hisui||ChoiceSpecs|Blaze|HeatWave,Eruption,ShadowBall,FocusPunch|||M|||50|,,,,,Fire]Whimsicott||CovertCloak|Prankster|Tailwind,Moonblast,SunnyDay,Encore|||M|||50|,,,,,Water]Dragapult||ChoiceBand|ClearBody|Uturn,DragonTail,DragonDarts,PhantomForce|||F|||50|,,,,,Dragon]Torkoal||LifeOrb|Drought|HeatWave,Eruption,Protect,WeatherBall|||F|||50|,,,,,Fire]Lilligant-Hisui||FocusSash|Chlorophyll|CloseCombat,SleepPowder,AfterYou,LeafBlade|||F|||50|,,,,,Ghost]Electabuzz||Eviolite|VitalSpirit|FollowMe,Taunt,Electroweb,Protect|||F|||50|,,,,,Grass
|inactive|Battle timer is ON: inactive players will automatically lose when time's up. (requested by PuppinMusic)
|inactive|PuppinMusic has 60 seconds left.
|inactive|WASHINGTONGARGACHA has 60 seconds left.
|
|t:|1757854184
|teamsize|p1|4
|teamsize|p2|4
|start
|switch|p1a: Sneasler|Sneasler, L50, M|100/100
|switch|p1b: Rillaboom|Rillaboom, L50, M|100/100
|switch|p2a: Electabuzz|Electabuzz, L50, F|100/100
|switch|p2b: Dragapult|Dragapult, L50, F|100/100
|-fieldstart|move: Grassy Terrain|[from] ability: Grassy Surge|[of] p1b: Rillaboom
|-enditem|p1a: Sneasler|Grassy Seed
|-boost|p1a: Sneasler|def|1|[from] item: Grassy Seed
|turn|1
|
|t:|1757854206
|-terastallize|p2b: Dragapult|Dragon
|move|p2a: Electabuzz|Follow Me|p2a: Electabuzz
|-singleturn|p2a: Electabuzz|move: Follow Me
|move|p1a: Sneasler|Dire Claw|p2a: Electabuzz
|-damage|p2a: Electabuzz|51/100
|move|p2b: Dragapult|Dragon Darts|p1a: Sneasler
|-damage|p1a: Sneasler|42/100
|-anim|p2b: Dragapult|Dragon Darts|p1b: Rillaboom
|-crit|p1b: Rillaboom
|-damage|p1b: Rillaboom|24/100
|move|p1b: Rillaboom|U-turn|p2a: Electabuzz
|-damage|p2a: Electabuzz|25/100
|
|t:|1757854218
|switch|p1b: Annihilape|Annihilape, L50, F, shiny|100/100|[from] U-turn
|
|-heal|p1a: Sneasler|48/100|[from] Grassy Terrain
|-heal|p2a: Electabuzz|31/100|[from] Grassy Terrain
|upkeep
|turn|2
|
|t:|1757854228
|move|p1a: Sneasler|Protect|p1a: Sneasler
|-singleturn|p1a: Sneasler|Protect
|move|p2b: Dragapult|Dragon Darts|p1b: Annihilape
|-damage|p1b: Annihilape|47/100
|-anim|p2b: Dragapult|Dragon Darts|p1b: Annihilape
|-damage|p1b: Annihilape|0 fnt
|faint|p1b: Annihilape
|move|p2a: Electabuzz|Taunt|p1a: Sneasler
|-activate|p1a: Sneasler|move: Protect
|
|-heal|p1a: Sneasler|54/100|[from] Grassy Terrain
|-heal|p2a: Electabuzz|37/100|[from] Grassy Terrain
|upkeep
|
|t:|1757854235
|switch|p1b: Rillaboom|Rillaboom, L50, M|24/100
|turn|3
|
|t:|1757854259
|move|p1b: Rillaboom|Fake Out|p2b: Dragapult
|-damage|p2b: Dragapult|80/100
|move|p1a: Sneasler|Dire Claw|p2a: Electabuzz
|-damage|p2a: Electabuzz|0 fnt
|faint|p2a: Electabuzz
|cant|p2b: Dragapult|flinch
|
|-heal|p1a: Sneasler|60/100|[from] Grassy Terrain
|-heal|p2b: Dragapult|86/100|[from] Grassy Terrain
|-heal|p1b: Rillaboom|30/100|[from] Grassy Terrain
|upkeep
|
|t:|1757854269
|switch|p2a: Torkoal|Torkoal, L50, F|100/100
|-weather|SunnyDay|[from] ability: Drought|[of] p2a: Torkoal
|turn|4
|
|t:|1757854281
|switch|p1b: Ninetales|Ninetales-Alola, L50, F|100/100
|-weather|Snowscape|[from] ability: Snow Warning|[of] p1b: Ninetales
|move|p1a: Sneasler|Protect|p1a: Sneasler
|-singleturn|p1a: Sneasler|Protect
|move|p2b: Dragapult|Dragon Darts|p1a: Sneasler
|-immune|p1b: Ninetales
|move|p2a: Torkoal|Heat Wave|p1b: Ninetales|[spread] p1b
|-activate|p1a: Sneasler|move: Protect
|-supereffective|p1b: Ninetales
|-damage|p1b: Ninetales|7/100
|-damage|p2a: Torkoal|91/100|[from] item: Life Orb
|
|-weather|Snowscape|[upkeep]
|-heal|p1a: Sneasler|66/100|[from] Grassy Terrain
|-heal|p2b: Dragapult|92/100|[from] Grassy Terrain
|-heal|p1b: Ninetales|13/100|[from] Grassy Terrain
|-heal|p2a: Torkoal|97/100|[from] Grassy Terrain
|upkeep
|turn|5
|
|t:|1757854303
|switch|p2b: Typhlosion|Typhlosion-Hisui, L50, M|100/100
|move|p1a: Sneasler|Dire Claw|p2a: Torkoal
|-damage|p2a: Torkoal|64/100
|-status|p2a: Torkoal|par
|move|p1b: Ninetales|Blizzard|p2b: Typhlosion|[spread] p2a,p2b
|-resisted|p2a: Torkoal
|-resisted|p2b: Typhlosion
|-damage|p2a: Torkoal|46/100 par
|-damage|p2b: Typhlosion|82/100
|move|p2a: Torkoal|Heat Wave|p1b: Ninetales|[spread] p1a,p1b
|-supereffective|p1b: Ninetales
|-damage|p1a: Sneasler|13/100
|-damage|p1b: Ninetales|0 fnt
|faint|p1b: Ninetales
|-damage|p2a: Torkoal|36/100 par|[from] item: Life Orb
|
|-weather|Snowscape|[upkeep]
|-heal|p1a: Sneasler|19/100|[from] Grassy Terrain
|-heal|p2b: Typhlosion|88/100|[from] Grassy Terrain
|-heal|p2a: Torkoal|42/100 par|[from] Grassy Terrain
|-fieldend|move: Grassy Terrain
|upkeep
|
|t:|1757854314
|switch|p1b: Rillaboom|Rillaboom, L50, M|30/100
|-fieldstart|move: Grassy Terrain|[from] ability: Grassy Surge|[of] p1b: Rillaboom
|turn|6
|
|t:|1757854330
|move|p1b: Rillaboom|Fake Out|p2a: Torkoal
|-damage|p2a: Torkoal|31/100 par
|move|p1a: Sneasler|Dire Claw|p2b: Typhlosion
|-resisted|p2b: Typhlosion
|-crit|p2b: Typhlosion
|-damage|p2b: Typhlosion|39/100
|-status|p2b: Typhlosion|slp
|cant|p2b: Typhlosion|slp
|cant|p2a: Torkoal|flinch
|
|-weather|Snowscape|[upkeep]
|-heal|p1a: Sneasler|24/100|[from] Grassy Terrain
|-heal|p2b: Typhlosion|45/100 slp|[from] Grassy Terrain
|-heal|p1b: Rillaboom|36/100|[from] Grassy Terrain
|-heal|p2a: Torkoal|37/100 par|[from] Grassy Terrain
|upkeep
|turn|7
|inactive|PuppinMusic has 30 seconds left.
|
|t:|1757854359
|-terastallize|p1b: Rillaboom|Fire
|move|p1b: Rillaboom|Grassy Glide|p2a: Torkoal
|-resisted|p2a: Torkoal
|-damage|p2a: Torkoal|22/100 par
|move|p1a: Sneasler|Dire Claw|p2b: Typhlosion
|-resisted|p2b: Typhlosion
|-damage|p2b: Typhlosion|11/100 slp
|cant|p2b: Typhlosion|slp
|move|p2a: Torkoal|Heat Wave|p1a: Sneasler|[spread] p1a,p1b
|-resisted|p1b: Rillaboom
|-damage|p1a: Sneasler|0 fnt
|-damage|p1b: Rillaboom|22/100
|faint|p1a: Sneasler
|-damage|p2a: Torkoal|12/100 par|[from] item: Life Orb
|
|-weather|Snowscape|[upkeep]
|-heal|p2b: Typhlosion|17/100 slp|[from] Grassy Terrain
|-heal|p1b: Rillaboom|28/100|[from] Grassy Terrain
|-heal|p2a: Torkoal|19/100 par|[from] Grassy Terrain
|upkeep
|turn|8
|
|t:|1757854377
|move|p1b: Rillaboom|Grassy Glide|p2b: Typhlosion
|-resisted|p2b: Typhlosion
|-damage|p2b: Typhlosion|0 fnt
|faint|p2b: Typhlosion
|move|p2a: Torkoal|Heat Wave|p1b: Rillaboom
|-resisted|p1b: Rillaboom
|-damage|p1b: Rillaboom|8/100
|-damage|p2a: Torkoal|9/100 par|[from] item: Life Orb
|
|-weather|none
|-heal|p1b: Rillaboom|14/100|[from] Grassy Terrain
|-heal|p2a: Torkoal|15/100 par|[from] Grassy Terrain
|upkeep
|
|t:|1757854387
|switch|p2b: Dragapult|Dragapult, L50, F, tera:Dragon|92/100
|turn|9
|
|t:|1757854392
|move|p2b: Dragapult|Dragon Darts|p1b: Rillaboom
|-damage|p1b: Rillaboom|0 fnt
|faint|p1b: Rillaboom
|
|win|WASHINGTONGARGACHA
|raw|PuppinMusic's rating: 1082 → 1060(-22 for losing)
|raw|WASHINGTONGARGACHA's rating: 1088 → 1114(+26 for winning)
