|j|☆TheMochiMan
|j|☆Bahamate
|html|TheMochiManBahamate    
|uhtml|bestof|Game 1 of a best-of-3
|t:|1757907126
|gametype|doubles
|player|p1|TheMochiMan|doctor|1444
|player|p2|Bahamate|grimsley|1369
|gen|9
|tier|[Gen 9] VGC 2025 Reg H (Bo3)
|rated|
|rule|Species Clause: Limit one of each Pokémon
|rule|Item Clause: Limit 1 of each item
|clearpoke
|poke|p1|Ursaluna, L50, F|
|poke|p1|Jumpluff, L50, M|
|poke|p1|Charizard, L50, F|
|poke|p1|Torkoal, L50, F|
|poke|p1|Incineroar, L50, M|
|poke|p1|Porygon2, L50|
|poke|p2|Ceruledge, L50, F|
|poke|p2|Grimmsnarl, L50, M|
|poke|p2|Ninetales-Alola, L50, M|
|poke|p2|Ursaluna-Bloodmoon, L50, M|
|poke|p2|Rillaboom, L50, M|
|poke|p2|Annihilape, L50, M|
|teampreview|4
|showteam|p1|Ursaluna||FlameOrb|Guts|HeadlongRush,Facade,Earthquake,Protect|||F|||50|,,,,,Ghost]Jumpluff||CovertCloak|Chlorophyll|SleepPowder,SunnyDay,Tailwind,RagePowder|||M|||50|,,,,,Water]Charizard||ChoiceSpecs|SolarPower|AirSlash,HeatWave,Overheat,WeatherBall|||F|||50|,,,,,Ghost]Torkoal||EjectPack|Drought|HelpingHand,Eruption,Overheat,Protect|||F|||50|,,,,,Fire]Incineroar||SitrusBerry|Intimidate|FlareBlitz,KnockOff,PartingShot,FakeOut|||M|||50|,,,,,Ghost]Porygon2||Eviolite|Download|TeraBlast,IceBeam,Recover,TrickRoom||||||50|,,,,,Fighting
|showteam|p2|Ceruledge||MirrorHerb|FlashFire|BitterBlade,ShadowSneak,Protect,ClearSmog|||F|||50|,,,,,Grass]Grimmsnarl||LightClay|Prankster|Reflect,LightScreen,FoulPlay,ThunderWave|||M|||50|,,,,,Ghost]Ninetales-Alola||FocusSash|SnowWarning|Blizzard,IcyWind,Disable,Protect|||M|||50|,,,,,Ice]Ursaluna-Bloodmoon||Leftovers|MindsEye|BloodMoon,CalmMind,EarthPower,Protect|||M|||50|,,,,,Electric]Rillaboom||AssaultVest|GrassySurge|WoodHammer,GrassyGlide,HighHorsepower,FakeOut|||M|||50|,,,,,Fire]Annihilape||SitrusBerry|Defiant|RageFist,DrainPunch,BulkUp,Protect|||M|||50|,,,,,Fire
|
|t:|1757907152
|teamsize|p1|4
|teamsize|p2|4
|start
|switch|p1a: Brown anole|Charizard, L50, F, shiny|100/100
|switch|p1b: Soft shell|Torkoal, L50, F|100/100
|switch|p2a: Grimmsnarl|Grimmsnarl, L50, M|100/100
|switch|p2b: Annihilape|Annihilape, L50, M|100/100
|-weather|SunnyDay|[from] ability: Drought|[of] p1b: Soft shell
|turn|1
|
|t:|1757907167
|move|p2b: Annihilape|Protect|p2b: Annihilape
|-singleturn|p2b: Annihilape|Protect
|move|p2a: Grimmsnarl|Light Screen|p2a: Grimmsnarl
|-sidestart|p2: Bahamate|move: Light Screen
|move|p1a: Brown anole|Heat Wave|p2b: Annihilape|[spread] p2a
|-activate|p2b: Annihilape|move: Protect
|-damage|p2a: Grimmsnarl|36/100
|move|p1b: Soft shell|Overheat|p2b: Annihilape
|-activate|p2b: Annihilape|move: Protect
|
|-weather|SunnyDay|[upkeep]
|-damage|p1a: Brown anole|88/100|[from] ability: Solar Power|[of] p1a: Brown anole
|upkeep
|turn|2
|
|t:|1757907182
|switch|p2b: Ceruledge|Ceruledge, L50, F|100/100
|move|p2a: Grimmsnarl|Thunder Wave|p1a: Brown anole
|-status|p1a: Brown anole|par
|move|p1a: Brown anole|Heat Wave|p2a: Grimmsnarl|[spread] p2a
|-start|p2b: Ceruledge|ability: Flash Fire
|-damage|p2a: Grimmsnarl|0 fnt
|faint|p2a: Grimmsnarl
|move|p1b: Soft shell|Overheat|p2b: Ceruledge
|-immune|p2b: Ceruledge|[from] ability: Flash Fire
|
|-weather|SunnyDay|[upkeep]
|-damage|p1a: Brown anole|76/100 par|[from] ability: Solar Power|[of] p1a: Brown anole
|upkeep
|
|t:|1757907193
|switch|p2a: Ursaluna|Ursaluna-Bloodmoon, L50, M|100/100
|turn|3
|
|t:|1757907205
|move|p2b: Ceruledge|Bitter Blade|p1a: Brown anole
|-resisted|p1a: Brown anole
|-damage|p1a: Brown anole|0 fnt
|faint|p1a: Brown anole
|move|p2a: Ursaluna|Earth Power|p1b: Soft shell
|-supereffective|p1b: Soft shell
|-damage|p1b: Soft shell|0 fnt
|faint|p1b: Soft shell
|
|-weather|SunnyDay|[upkeep]
|upkeep
|
|t:|1757907208
|switch|p1a: A duck most fowl|Porygon2, L50|100/100
|switch|p1b: Brown bear|Ursaluna, L50, F|100/100
|-ability|p1a: A duck most fowl|Download|boost
|-boost|p1a: A duck most fowl|spa|1
|-enditem|p2b: Ceruledge|Mirror Herb
|-boost|p2b: Ceruledge|spa|1|[from] item: Mirror Herb
|turn|4
|
|t:|1757907228
|move|p2b: Ceruledge|Clear Smog|p1a: A duck most fowl
|-damage|p1a: A duck most fowl|94/100
|-clearboost|p1a: A duck most fowl
|move|p2a: Ursaluna|Calm Mind|p2a: Ursaluna
|-boost|p2a: Ursaluna|spa|1
|-boost|p2a: Ursaluna|spd|1
|move|p1b: Brown bear|Headlong Rush|p2b: Ceruledge
|-supereffective|p2b: Ceruledge
|-damage|p2b: Ceruledge|0 fnt
|-unboost|p1b: Brown bear|def|1
|-unboost|p1b: Brown bear|spd|1
|faint|p2b: Ceruledge
|move|p1a: A duck most fowl|Trick Room|p1a: A duck most fowl
|-fieldstart|move: Trick Room|[of] p1a: A duck most fowl
|
|-weather|SunnyDay|[upkeep]
|-status|p1b: Brown bear|brn|[from] item: Flame Orb
|upkeep
|
|t:|1757907233
|switch|p2b: Annihilape|Annihilape, L50, M|100/100
|turn|5
|
|t:|1757907266
|move|p2a: Ursaluna|Protect|p2a: Ursaluna
|-singleturn|p2a: Ursaluna|Protect
|move|p1a: A duck most fowl|Ice Beam|p2b: Annihilape
|-damage|p2b: Annihilape|85/100
|move|p1b: Brown bear|Headlong Rush|p2b: Annihilape
|-damage|p2b: Annihilape|0 fnt
|-unboost|p1b: Brown bear|def|1
|-unboost|p1b: Brown bear|spd|1
|faint|p2b: Annihilape
|
|-weather|none
|-damage|p1b: Brown bear|95/100 brn|[from] brn
|upkeep
|turn|6
|
|t:|1757907300
|move|p1a: A duck most fowl|Ice Beam|p2a: Ursaluna
|-supereffective|p2a: Ursaluna
|-damage|p2a: Ursaluna|72/100
|move|p1b: Brown bear|Headlong Rush|p2a: Ursaluna
|-damage|p2a: Ursaluna|0 fnt
|-unboost|p1b: Brown bear|def|1
|-unboost|p1b: Brown bear|spd|1
|faint|p2a: Ursaluna
|
|win|TheMochiMan
||Bahamate is ready for game 2.
||TheMochiMan is ready for game 2.
|uhtml|next|Next: Game 2 of 3
