|j|☆new mental
|j|☆mygreat
|html|new mentalmygreat    
|uhtml|bestof|Game 1 of a best-of-3
|t:|1784636319
|gametype|doubles
|player|p1|new mental|volkner|1221
|player|p2|mygreat|lance|1317
|gen|9
|tier|[Gen 9 Champions] VGC 2026 Reg M-B (Bo3)
|rated|
|rule|Species Clause: Limit one of each Pokémon
|rule|Item Clause: Limit 1 of each item
|clearpoke
|poke|p1|Incineroar, L50, F|
|poke|p1|Kingambit, L50, M|
|poke|p1|Sinistcha, L50|
|poke|p1|Sneasler, L50, M|
|poke|p1|Blastoise, L50, M|
|poke|p1|Delphox, L50, M|
|poke|p2|Charizard, L50, M|
|poke|p2|Venusaur, L50, M|
|poke|p2|Garchomp, L50, F|
|poke|p2|Mimikyu, L50, F|
|poke|p2|Incineroar, L50, F|
|poke|p2|Toxapex, L50, F|
|teampreview|4
|showteam|p1|Incineroar||SitrusBerry|Intimidate|FakeOut,FlareBlitz,ThroatChop,PartingShot|Impish||F|||50|]Kingambit||BlackGlasses|Defiant|KowtowCleave,SuckerPunch,SwordsDance,Protect|Adamant||M|||50|]Sinistcha||OccaBerry|Hospitality|MatchaGotcha,RagePowder,TrickRoom,Protect|Relaxed|||||50|]Sneasler||FocusSash|PoisonTouch|FakeOut,CloseCombat,PoisonJab,QuickGuard|Jolly||M|||50|]Blastoise||Blastoisinite|RainDish|WaterSpout,DarkPulse,ShellSmash,Protect|Modest||M|||50|]Delphox||Delphoxite|Blaze|HeatWave,Psychic,NastyPlot,Protect|Timid||M|||50|
|showteam|p2|Charizard||CharizarditeY|Blaze|HeatWave,WeatherBall,HelpingHand,Protect|Modest||M|||50|]Venusaur||FocusSash|Chlorophyll|SolarBeam,SludgeBomb,EarthPower,Protect|Modest||M|||50|]Garchomp||ChoiceScarf|RoughSkin|Earthquake,StompingTantrum,DragonClaw,RockSlide|Adamant||F|||50|]Mimikyu||LifeOrb|Disguise|PlayRough,ShadowClaw,ShadowSneak,TrickRoom|Adamant||F|||50|]Incineroar||SitrusBerry|Intimidate|FlareBlitz,DarkestLariat,PartingShot,FakeOut|Sassy||F|||50|]Toxapex||Leftovers|Regenerator|WideGuard,Infestation,BanefulBunker,Toxic|Bold||F|||50|
|inactive|Battle timer is ON: inactive players will automatically lose when time's up. (requested by mygreat)
|inactive|mygreat has 60 seconds left.
|
|t:|1784636357
|teamsize|p1|4
|teamsize|p2|4
|start
|switch|p1a: Incineroar|Incineroar, L50, F|100/100
|switch|p1b: Delphox|Delphox, L50, M|100/100
|switch|p2a: Mimikyu|Mimikyu, L50, F|100/100
|switch|p2b: Incineroar|Incineroar, L50, F|100/100
|-ability|p1a: Incineroar|Intimidate|boost
|-unboost|p2a: Mimikyu|atk|1
|-unboost|p2b: Incineroar|atk|1
|-ability|p2b: Incineroar|Intimidate|boost
|-unboost|p1a: Incineroar|atk|1
|-unboost|p1b: Delphox|atk|1
|turn|1
|inactive|new mental has 30 seconds left.
|
|t:|1784636386
|switch|p2b: Toxapex|Toxapex, L50, F|100/100
|detailschange|p1b: Delphox|Delphox-Mega, L50, M
|-mega|p1b: Delphox|Delphox|Delphoxite
|move|p1a: Incineroar|Fake Out|p2b: Toxapex
|-damage|p2b: Toxapex|94/100
|move|p1b: Delphox|Heat Wave|p2b: Toxapex|[spread] p2a,p2b
|-resisted|p2b: Toxapex|1
|-activate|p2a: Mimikyu|ability: Disguise
|-damage|p2a: Mimikyu|100/100
|-damage|p2b: Toxapex|79/100
|detailschange|p2a: Mimikyu|Mimikyu-Busted, L50, F
|-damage|p2a: Mimikyu|88/100|[from] pokemon: Mimikyu-Busted
|move|p2a: Mimikyu|Trick Room|p2a: Mimikyu
|-fieldstart|move: Trick Room|[of] p2a: Mimikyu
|
|-heal|p2b: Toxapex|85/100|[from] item: Leftovers
|upkeep
|turn|2
|
|t:|1784636400
|switch|p2a: Incineroar|Incineroar, L50, F|100/100
|-ability|p2a: Incineroar|Intimidate|boost
|-unboost|p1a: Incineroar|atk|1
|-unboost|p1b: Delphox|atk|1
|switch|p1b: Sinistcha|Sinistcha, L50|100/100
|move|p2b: Toxapex|Toxic|p1b: Sinistcha
|-status|p1b: Sinistcha|tox
|move|p1a: Incineroar|Throat Chop|p2a: Incineroar
|-resisted|p2a: Incineroar|1
|-damage|p2a: Incineroar|93/100
|-start|p2a: Incineroar|Throat Chop|[silent]
|
|-heal|p2b: Toxapex|91/100|[from] item: Leftovers
|-damage|p1b: Sinistcha|93/100 tox|[from] psn
|upkeep
|turn|3
|
|t:|1784636412
|move|p2a: Incineroar|Fake Out|p1a: Incineroar
|-damage|p1a: Incineroar|90/100
|move|p2b: Toxapex|Toxic|p1a: Incineroar
|-status|p1a: Incineroar|tox
|cant|p1a: Incineroar|flinch
|move|p1b: Sinistcha|Trick Room|p1b: Sinistcha
|-fieldend|move: Trick Room
|
|-heal|p2b: Toxapex|96/100|[from] item: Leftovers
|-damage|p1a: Incineroar|84/100 tox|[from] psn
|-damage|p1b: Sinistcha|81/100 tox|[from] psn
|-end|p2a: Incineroar|Throat Chop|[silent]
|upkeep
|turn|4
|
|t:|1784636426
|switch|p1b: Delphox|Delphox-Mega, L50, M|100/100
|move|p1a: Incineroar|Parting Shot|p2a: Incineroar
|-unboost|p2a: Incineroar|atk|1
|-unboost|p2a: Incineroar|spa|1
|
|t:|1784636436
|switch|p1a: Sneasler|Sneasler, L50, M|100/100|[from] Parting Shot
|move|p2a: Incineroar|Parting Shot|p1a: Sneasler
|-unboost|p1a: Sneasler|atk|1
|-unboost|p1a: Sneasler|spa|1
|
|t:|1784636440
|switch|p2a: Mimikyu|Mimikyu-Busted, L50, F|88/100|[from] Parting Shot
|move|p2b: Toxapex|Infestation|p1a: Sneasler
|-resisted|p1a: Sneasler|2
|-damage|p1a: Sneasler|98/100
|-activate|p1a: Sneasler|move: Infestation|[of] p2b: Toxapex
|
|-heal|p2b: Toxapex|100/100|[from] item: Leftovers
|-damage|p1a: Sneasler|86/100|[from] move: Infestation|[partiallytrapped]
|upkeep
|turn|5
|inactive|new mental has 30 seconds left.
|
|t:|1784636466
|move|p1b: Delphox|Nasty Plot|p1b: Delphox
|-boost|p1b: Delphox|spa|2
|move|p1a: Sneasler|Close Combat|p2a: Mimikyu
|-immune|p2a: Mimikyu
|move|p2a: Mimikyu|Shadow Claw|p1b: Delphox
|-supereffective|p1b: Delphox|1
|-crit|p1b: Delphox
|-damage|p1b: Delphox|0 fnt
|faint|p1b: Delphox
|-damage|p2a: Mimikyu|78/100|[from] item: Life Orb
|move|p2b: Toxapex|Toxic|p1a: Sneasler
|-immune|p1a: Sneasler
|
|-damage|p1a: Sneasler|74/100|[from] move: Infestation|[partiallytrapped]
|upkeep
|-message|new mental forfeited.
|
|win|mygreat
