|j|☆Testbericht2
|j|☆zh2
|html|Testbericht2zh2    
|uhtml|bestof|Game 3 of a best-of-3
|t:|1754598169
|gametype|doubles
|player|p1|Testbericht2|2|1227
|player|p2|zh2|ninjaboy|1139
|gen|9
|tier|[Gen 9] VGC 2025 Reg H (Bo3)
|rated|
|rule|Species Clause: Limit one of each Pokémon
|rule|Item Clause: Limit 1 of each item
|clearpoke
|poke|p1|Politoed, L50, F|
|poke|p1|Gothitelle, L50, M|
|poke|p1|Kingdra, L50, M|
|poke|p1|Archaludon, L50, M|
|poke|p1|Amoonguss, L50, M|
|poke|p1|Incineroar, L50, M|
|poke|p2|Garganacl, L50, F|
|poke|p2|Grimmsnarl, L50, M|
|poke|p2|Sneasler, L50, F|
|poke|p2|Incineroar, L50, F|
|poke|p2|Rillaboom, L50, M|
|poke|p2|Salamence, L50, M|
|teampreview|4
|showteam|p1|Politoed||Leftovers|Drizzle|PerishSong,WeatherBall,Protect,Encore|||F|||50|,,,,,Grass]Gothitelle||SitrusBerry|ShadowTag|Psychic,FakeOut,TrickRoom,Protect|||M|||50|,,,,,Dark]Kingdra||LifeOrb|SwiftSwim|DracoMeteor,MuddyWater,WeatherBall,Protect|||M|||50|,,,,,Stellar]Archaludon||PowerHerb|Sturdy|ElectroShot,DragonPulse,FlashCannon,Protect|||M|||50|,,,,,Electric]Amoonguss||EjectButton|Regenerator|Spore,PollenPuff,RagePowder,Protect|||M|||50|,,,,,Fairy]Incineroar||SafetyGoggles|Intimidate|FakeOut,KnockOff,PartingShot,Protect|||M|||50|,,,,,Ghost
|showteam|p2|Garganacl||AguavBerry|PurifyingSalt|IronDefense,Recover,BodyPress,SaltCure|||F|||50|,,,,,Bug]Grimmsnarl||LightClay|Prankster|Reflect,LightScreen,PartingShot,SpiritBreak|||M|||50|,,,,,Ghost]Sneasler||FocusSash|PoisonTouch|Uturn,FakeOut,CloseCombat,DireClaw|||F|||50|,,,,,Stellar]Incineroar||SafetyGoggles|Intimidate|KnockOff,FlareBlitz,PartingShot,FakeOut|||F|||50|,,,,,Bug]Rillaboom||AssaultVest|GrassySurge|WoodHammer,GrassyGlide,Uturn,FakeOut|||M|||50|,,,,,Fire]Salamence||ChoiceScarf|Intimidate|Outrage,BreakingSwipe,Roar,DualWingbeat|||M|||50|,,,,,Stellar
|c|☆Testbericht2|Omg this matchup is too exhausting haha
|c|☆zh2|xD
|
|t:|1754598222
|teamsize|p1|4
|teamsize|p2|4
|start
|switch|p1a: Kingdra|Kingdra, L50, M|100/100
|switch|p1b: Incineroar|Incineroar, L50, M|100/100
|switch|p2a: Grimmsnarl|Grimmsnarl, L50, M|100/100
|switch|p2b: Garganacl|Garganacl, L50, F|100/100
|-ability|p1b: Incineroar|Intimidate|boost
|-unboost|p2a: Grimmsnarl|atk|1
|-unboost|p2b: Garganacl|atk|1
|turn|1
|
|t:|1754598253
|-terastallize|p2b: Garganacl|Bug
|move|p1b: Incineroar|Fake Out|p2a: Grimmsnarl
|-damage|p2a: Grimmsnarl|89/100
|cant|p2a: Grimmsnarl|flinch
|move|p1a: Kingdra|Muddy Water|p2b: Garganacl|[spread] p2a,p2b
|-damage|p2a: Grimmsnarl|56/100
|-damage|p2b: Garganacl|72/100
|-unboost|p2b: Garganacl|accuracy|1
|-damage|p1a: Kingdra|90/100|[from] item: Life Orb
|move|p2b: Garganacl|Salt Cure|p1a: Kingdra
|-damage|p1a: Kingdra|78/100
|-start|p1a: Kingdra|Salt Cure
|
|-damage|p1a: Kingdra|54/100|[from] Salt Cure
|upkeep
|turn|2
|
|t:|1754598292
|switch|p1a: Politoed|Politoed, L50, F|100/100
|-weather|RainDance|[from] ability: Drizzle|[of] p1a: Politoed
|move|p2a: Grimmsnarl|Light Screen|p2a: Grimmsnarl
|-sidestart|p2: zh2|move: Light Screen
|move|p1b: Incineroar|Knock Off|p2b: Garganacl
|-damage|p2b: Garganacl|46/100
|-enditem|p2b: Garganacl|Aguav Berry|[from] move: Knock Off|[of] p1b: Incineroar
|move|p2b: Garganacl|Salt Cure|p1b: Incineroar
|-supereffective|p1b: Incineroar
|-damage|p1b: Incineroar|82/100
|-start|p1b: Incineroar|Salt Cure
|
|-weather|RainDance|[upkeep]
|-damage|p1b: Incineroar|69/100|[from] Salt Cure
|upkeep
|turn|3
|
|t:|1754598322
|switch|p1b: Amoonguss|Amoonguss, L50, M|100/100
|move|p2a: Grimmsnarl|Parting Shot|p1a: Politoed
|-unboost|p1a: Politoed|atk|1
|-unboost|p1a: Politoed|spa|1
|
|t:|1754598332
|switch|p2a: Incineroar|Incineroar, L50, F, shiny|100/100|[from] Parting Shot
|-ability|p2a: Incineroar|Intimidate|boost
|-unboost|p1a: Politoed|atk|1
|-unboost|p1b: Amoonguss|atk|1
|move|p1a: Politoed|Weather Ball|p2b: Garganacl
|-damage|p2b: Garganacl|32/100
|move|p2b: Garganacl|Salt Cure|p1a: Politoed
|-damage|p1a: Politoed|90/100
|-start|p1a: Politoed|Salt Cure
|
|-weather|RainDance|[upkeep]
|-heal|p1a: Politoed|96/100|[from] item: Leftovers
|-damage|p1a: Politoed|71/100|[from] Salt Cure
|upkeep
|turn|4
|
|t:|1754598349
|switch|p1a: Incineroar|Incineroar, L50, M|69/100
|-ability|p1a: Incineroar|Intimidate|boost
|-unboost|p2a: Incineroar|atk|1
|-unboost|p2b: Garganacl|atk|1
|move|p1b: Amoonguss|Protect|p1b: Amoonguss
|-singleturn|p1b: Amoonguss|Protect
|move|p2a: Incineroar|Fake Out|p1a: Incineroar
|-damage|p1a: Incineroar|61/100
|move|p2b: Garganacl|Recover|p2b: Garganacl
|-heal|p2b: Garganacl|82/100
|
|-weather|RainDance|[upkeep]
|upkeep
|turn|5
|
|t:|1754598369
|move|p2a: Incineroar|Parting Shot|p1b: Amoonguss
|-unboost|p1b: Amoonguss|atk|1
|-unboost|p1b: Amoonguss|spa|1
|
|t:|1754598378
|switch|p2a: Grimmsnarl|Grimmsnarl, L50, M|56/100|[from] Parting Shot
|move|p1a: Incineroar|Parting Shot|p2a: Grimmsnarl
|-unboost|p2a: Grimmsnarl|atk|1
|-unboost|p2a: Grimmsnarl|spa|1
|
|t:|1754598386
|switch|p1a: Kingdra|Kingdra, L50, M|54/100|[from] Parting Shot
|move|p2b: Garganacl|Iron Defense|p2b: Garganacl
|-boost|p2b: Garganacl|def|2
|move|p1b: Amoonguss|Pollen Puff|p1a: Kingdra
|-heal|p1a: Kingdra|100/100
|
|-weather|RainDance|[upkeep]
|upkeep
|turn|6
|
|t:|1754598413
|-terastallize|p1a: Kingdra|Stellar
|move|p1b: Amoonguss|Rage Powder|p1b: Amoonguss
|-singleturn|p1b: Amoonguss|move: Rage Powder
|move|p1a: Kingdra|Weather Ball|p2a: Grimmsnarl
|-damage|p2a: Grimmsnarl|0 fnt
|faint|p2a: Grimmsnarl
|-damage|p1a: Kingdra|90/100|[from] item: Life Orb
|move|p2b: Garganacl|Recover|p2b: Garganacl
|-heal|p2b: Garganacl|100/100
|
|-weather|none
|upkeep
|
|t:|1754598421
|switch|p2a: Sneasler|Sneasler, L50, F|100/100
|turn|7
|
|t:|1754598439
|move|p1a: Kingdra|Protect|p1a: Kingdra
|-singleturn|p1a: Kingdra|Protect
|move|p2a: Sneasler|Fake Out|p1b: Amoonguss
|-damage|p1b: Amoonguss|89/100
|-enditem|p1b: Amoonguss|Eject Button
|
|t:|1754598448
|switch|p1b: Politoed|Politoed, L50, F|71/100
|-weather|RainDance|[from] ability: Drizzle|[of] p1b: Politoed
|move|p2b: Garganacl|Salt Cure|p1b: Politoed
|-damage|p1b: Politoed|63/100
|-start|p1b: Politoed|Salt Cure
|
|-weather|RainDance|[upkeep]
|-heal|p1b: Politoed|70/100|[from] item: Leftovers
|-damage|p1b: Politoed|45/100|[from] Salt Cure
|upkeep
|turn|8
|
|t:|1754598465
|switch|p1b: Incineroar|Incineroar, L50, M|61/100
|-ability|p1b: Incineroar|Intimidate|boost
|-unboost|p2a: Sneasler|atk|1
|-unboost|p2b: Garganacl|atk|1
|move|p1a: Kingdra|Muddy Water|p2b: Garganacl|[spread] p2a,p2b
|-damage|p2a: Sneasler|48/100
|-damage|p2b: Garganacl|72/100
|-unboost|p2b: Garganacl|accuracy|1
|-damage|p1a: Kingdra|80/100|[from] item: Life Orb
|move|p2a: Sneasler|Dire Claw|p1b: Incineroar
|-damage|p1b: Incineroar|33/100
|-status|p1b: Incineroar|par
|move|p2b: Garganacl|Body Press|p1a: Kingdra|[miss]
|-miss|p2b: Garganacl|p1a: Kingdra
|
|-weather|RainDance|[upkeep]
|upkeep
|turn|9
|
|t:|1754598505
|switch|p2a: Incineroar|Incineroar, L50, F, shiny|100/100
|-ability|p2a: Incineroar|Intimidate|boost
|-unboost|p1a: Kingdra|atk|1
|-unboost|p1b: Incineroar|atk|1
|move|p1a: Kingdra|Muddy Water|p2b: Garganacl|[spread] p2b
|-miss|p1a: Kingdra|p2a: Incineroar
|-damage|p2b: Garganacl|45/100
|-damage|p1a: Kingdra|70/100|[from] item: Life Orb
|move|p2b: Garganacl|Body Press|p1a: Kingdra|[miss]
|-miss|p2b: Garganacl|p1a: Kingdra
|move|p1b: Incineroar|Parting Shot|p2b: Garganacl
|-unboost|p2b: Garganacl|atk|1
|-unboost|p2b: Garganacl|spa|1
|
|t:|1754598518
|switch|p1b: Amoonguss|Amoonguss, L50, M|100/100|[from] Parting Shot
|
|-weather|RainDance|[upkeep]
|-sideend|p2: zh2|move: Light Screen
|upkeep
|turn|10
|
|t:|1754598546
|switch|p1a: Incineroar|Incineroar, L50, M|33/100 par
|-ability|p1a: Incineroar|Intimidate|boost
|-unboost|p2a: Incineroar|atk|1
|-unboost|p2b: Garganacl|atk|1
|move|p2a: Incineroar|Fake Out|p1a: Incineroar
|-damage|p1a: Incineroar|24/100 par
|move|p2b: Garganacl|Recover|p2b: Garganacl
|-heal|p2b: Garganacl|95/100
|move|p1b: Amoonguss|Pollen Puff|p1a: Incineroar
|-heal|p1a: Incineroar|74/100 par
|
|-weather|RainDance|[upkeep]
|upkeep
|turn|11
|
|t:|1754598570
|switch|p2b: Sneasler|Sneasler, L50, F|48/100
|move|p2a: Incineroar|Parting Shot|p1b: Amoonguss
|-unboost|p1b: Amoonguss|atk|1
|-unboost|p1b: Amoonguss|spa|1
|
|t:|1754598576
|switch|p2a: Garganacl|Garganacl, L50, F, tera:Bug|95/100|[from] Parting Shot
|move|p1b: Amoonguss|Spore|p2a: Garganacl
|-immune|p2a: Garganacl|[from] ability: Purifying Salt
|move|p1a: Incineroar|Knock Off|p2a: Garganacl
|-damage|p2a: Garganacl|76/100
|
|-weather|none
|upkeep
|turn|12
|
|t:|1754598602
|switch|p2b: Incineroar|Incineroar, L50, F, shiny|100/100
|-ability|p2b: Incineroar|Intimidate|boost
|-unboost|p1a: Incineroar|atk|1
|-unboost|p1b: Amoonguss|atk|1
|switch|p1a: Kingdra|Kingdra, L50, M, tera:Stellar|70/100
|move|p1b: Amoonguss|Rage Powder|p1b: Amoonguss
|-singleturn|p1b: Amoonguss|move: Rage Powder
|move|p2a: Garganacl|Iron Defense|p2a: Garganacl
|-boost|p2a: Garganacl|def|2
|
|upkeep
|turn|13
|
|t:|1754598620
|move|p1a: Kingdra|Protect|p1a: Kingdra
|-singleturn|p1a: Kingdra|Protect
|move|p1b: Amoonguss|Protect|p1b: Amoonguss
|-singleturn|p1b: Amoonguss|Protect
|move|p2b: Incineroar|Fake Out|p1a: Kingdra
|-activate|p1a: Kingdra|move: Protect
|move|p2a: Garganacl|Salt Cure|p1b: Amoonguss
|-activate|p1b: Amoonguss|move: Protect
|
|upkeep
|turn|14
|
|t:|1754598643
|move|p1b: Amoonguss|Rage Powder|p1b: Amoonguss
|-singleturn|p1b: Amoonguss|move: Rage Powder
|move|p1a: Kingdra|Draco Meteor|p2a: Garganacl
|-damage|p2a: Garganacl|6/100
|-unboost|p1a: Kingdra|spa|2
|-damage|p1a: Kingdra|60/100|[from] item: Life Orb
|move|p2b: Incineroar|Parting Shot|p1a: Kingdra
|-unboost|p1a: Kingdra|atk|1
|-unboost|p1a: Kingdra|spa|1
|
|t:|1754598652
|switch|p2b: Sneasler|Sneasler, L50, F|48/100|[from] Parting Shot
|move|p2a: Garganacl|Salt Cure|p1b: Amoonguss
|-damage|p1b: Amoonguss|89/100
|-start|p1b: Amoonguss|Salt Cure
|
|-damage|p1b: Amoonguss|77/100|[from] Salt Cure
|upkeep
|turn|15
|
|t:|1754598666
|move|p2b: Sneasler|Fake Out|p1a: Kingdra
|-damage|p1a: Kingdra|44/100
|move|p1b: Amoonguss|Rage Powder|p1b: Amoonguss
|-singleturn|p1b: Amoonguss|move: Rage Powder
|cant|p1a: Kingdra|flinch
|move|p2a: Garganacl|Recover|p2a: Garganacl
|-heal|p2a: Garganacl|56/100
|
|-damage|p1b: Amoonguss|64/100|[from] Salt Cure
|upkeep
|turn|16
|j| Blacksummer
|
|t:|1754598687
|switch|p1a: Incineroar|Incineroar, L50, M|74/100 par
|-ability|p1a: Incineroar|Intimidate|boost
|-unboost|p2a: Garganacl|atk|1
|-unboost|p2b: Sneasler|atk|1
|move|p2b: Sneasler|U-turn|p1b: Amoonguss
|-damage|p1b: Amoonguss|52/100
|l| Blacksummer
|
|t:|1754598693
|switch|p2b: Incineroar|Incineroar, L50, F, shiny|100/100|[from] U-turn
|-ability|p2b: Incineroar|Intimidate|boost
|-unboost|p1a: Incineroar|atk|1
|-unboost|p1b: Amoonguss|atk|1
|move|p2a: Garganacl|Recover|p2a: Garganacl
|-heal|p2a: Garganacl|100/100
|move|p1b: Amoonguss|Pollen Puff|p1a: Incineroar
|-heal|p1a: Incineroar|100/100 par
|
|-damage|p1b: Amoonguss|39/100|[from] Salt Cure
|upkeep
|turn|17
|
|t:|1754598709
|switch|p1b: Politoed|Politoed, L50, F|45/100
|-weather|RainDance|[from] ability: Drizzle|[of] p1b: Politoed
|move|p2b: Incineroar|Fake Out|p1a: Incineroar
|-damage|p1a: Incineroar|89/100 par
|cant|p1a: Incineroar|flinch
|move|p2a: Garganacl|Iron Defense|p2a: Garganacl
|-boost|p2a: Garganacl|def|2
|
|-weather|RainDance|[upkeep]
|-heal|p1b: Politoed|51/100|[from] item: Leftovers
|upkeep
|turn|18
|
|t:|1754598723
|switch|p1a: Amoonguss|Amoonguss, L50, M|73/100
|move|p1b: Politoed|Encore|p2a: Garganacl
|-start|p2a: Garganacl|Encore
|move|p2b: Incineroar|Parting Shot|p1b: Politoed
|-unboost|p1b: Politoed|atk|1
|-unboost|p1b: Politoed|spa|1
|
|t:|1754598729
|switch|p2b: Sneasler|Sneasler, L50, F|48/100|[from] Parting Shot
|move|p2a: Garganacl|Iron Defense|p2a: Garganacl
|-boost|p2a: Garganacl|def|2
|
|-weather|RainDance|[upkeep]
|-heal|p1b: Politoed|57/100|[from] item: Leftovers
|upkeep
|turn|19
|
|t:|1754598745
|move|p2b: Sneasler|Fake Out|p1b: Politoed
|-damage|p1b: Politoed|41/100
|move|p1a: Amoonguss|Rage Powder|p1a: Amoonguss
|-singleturn|p1a: Amoonguss|move: Rage Powder
|cant|p1b: Politoed|flinch
|move|p2a: Garganacl|Iron Defense|p2a: Garganacl
|-boost|p2a: Garganacl|def|0
|
|-weather|RainDance|[upkeep]
|-heal|p1b: Politoed|47/100|[from] item: Leftovers
|upkeep
|turn|20
|
|t:|1754598758
|switch|p2a: Incineroar|Incineroar, L50, F, shiny|100/100
|-ability|p2a: Incineroar|Intimidate|boost
|-unboost|p1a: Amoonguss|atk|1
|-unboost|p1b: Politoed|atk|1
|move|p1a: Amoonguss|Rage Powder|p1a: Amoonguss
|-singleturn|p1a: Amoonguss|move: Rage Powder
|move|p2b: Sneasler|Dire Claw|p1a: Amoonguss
|-damage|p1a: Amoonguss|39/100
|move|p1b: Politoed|Weather Ball|p2b: Sneasler
|-damage|p2b: Sneasler|4/100
|
|-weather|RainDance|[upkeep]
|-heal|p1b: Politoed|53/100|[from] item: Leftovers
|upkeep
|turn|21
|
|t:|1754598786
|switch|p1a: Incineroar|Incineroar, L50, M|89/100 par
|-ability|p1a: Incineroar|Intimidate|boost
|-unboost|p2a: Incineroar|atk|1
|-unboost|p2b: Sneasler|atk|1
|move|p1b: Politoed|Protect|p1b: Politoed
|-singleturn|p1b: Politoed|Protect
|move|p2a: Incineroar|Fake Out|p1b: Politoed
|-activate|p1b: Politoed|move: Protect
|move|p2b: Sneasler|U-turn|p1a: Incineroar
|-damage|p1a: Incineroar|74/100 par
|
|t:|1754598792
|switch|p2b: Garganacl|Garganacl, L50, F, tera:Bug|100/100|[from] U-turn
|
|-weather|none
|-heal|p1b: Politoed|59/100|[from] item: Leftovers
|upkeep
|turn|22
|
|t:|1754598826
|switch|p1a: Amoonguss|Amoonguss, L50, M|73/100
|move|p1b: Politoed|Perish Song|p1b: Politoed
|-start|p1a: Amoonguss|perish3|[silent]
|-start|p1b: Politoed|perish3|[silent]
|-start|p2a: Incineroar|perish3|[silent]
|-start|p2b: Garganacl|perish3|[silent]
|-fieldactivate|move: Perish Song
|move|p2a: Incineroar|Knock Off|p1b: Politoed
|-damage|p1b: Politoed|29/100
|-enditem|p1b: Politoed|Leftovers|[from] move: Knock Off|[of] p2a: Incineroar
|move|p2b: Garganacl|Salt Cure|p1b: Politoed
|-damage|p1b: Politoed|15/100
|-start|p1b: Politoed|Salt Cure
|
|-damage|p1b: Politoed|0 fnt|[from] Salt Cure
|faint|p1b: Politoed
|-start|p2a: Incineroar|perish3
|-start|p2b: Garganacl|perish3
|-start|p1a: Amoonguss|perish3
|upkeep
|
|t:|1754598839
|switch|p1b: Kingdra|Kingdra, L50, M, tera:Stellar|44/100
|turn|23
|
|t:|1754598855
|switch|p2b: Sneasler|Sneasler, L50, F|4/100
|move|p1a: Amoonguss|Rage Powder|p1a: Amoonguss
|-singleturn|p1a: Amoonguss|move: Rage Powder
|move|p1b: Kingdra|Muddy Water|p2a: Incineroar|[spread] p2a,p2b
|-supereffective|p2a: Incineroar
|-damage|p2a: Incineroar|26/100
|-damage|p2b: Sneasler|0 fnt
|faint|p2b: Sneasler
|-damage|p1b: Kingdra|34/100|[from] item: Life Orb
|move|p2a: Incineroar|Knock Off|p1b: Kingdra
|-damage|p1b: Kingdra|0 fnt
|-enditem|p1b: Kingdra|Life Orb|[from] move: Knock Off|[of] p2a: Incineroar
|faint|p1b: Kingdra
|
|-start|p2a: Incineroar|perish2
|-start|p1a: Amoonguss|perish2
|upkeep
|
|t:|1754598867
|switch|p2b: Garganacl|Garganacl, L50, F, tera:Bug|100/100
|switch|p1b: Incineroar|Incineroar, L50, M|74/100 par
|-ability|p1b: Incineroar|Intimidate|boost
|-unboost|p2a: Incineroar|atk|1
|-unboost|p2b: Garganacl|atk|1
|turn|24
|
|t:|1754598888
|move|p2a: Incineroar|Flare Blitz|p1a: Amoonguss
|-supereffective|p1a: Amoonguss
|-damage|p1a: Amoonguss|28/100
|-status|p1a: Amoonguss|brn
|-damage|p2a: Incineroar|10/100|[from] Recoil
|move|p2b: Garganacl|Salt Cure|p1a: Amoonguss
|-damage|p1a: Amoonguss|20/100 brn
|-start|p1a: Amoonguss|Salt Cure
|move|p1a: Amoonguss|Pollen Puff|p2b: Garganacl
|-damage|p2b: Garganacl|88/100
|move|p1b: Incineroar|Knock Off|p2b: Garganacl
|-damage|p2b: Garganacl|69/100
|
|-damage|p1a: Amoonguss|14/100 brn|[from] brn
|-damage|p1a: Amoonguss|2/100 brn|[from] Salt Cure
|-start|p2a: Incineroar|perish1
|-start|p1a: Amoonguss|perish1
|upkeep
|turn|25
|c|☆Testbericht2|GG bro
|
|t:|1754598904
|move|p2a: Incineroar|Knock Off|p1b: Incineroar
|-resisted|p1b: Incineroar
|-damage|p1b: Incineroar|64/100 par
|-enditem|p1b: Incineroar|Safety Goggles|[from] move: Knock Off|[of] p2a: Incineroar
|move|p2b: Garganacl|Iron Defense|p2b: Garganacl
|-boost|p2b: Garganacl|def|2
|move|p1a: Amoonguss|Pollen Puff|p2b: Garganacl
|-damage|p2b: Garganacl|56/100
|cant|p1b: Incineroar|par
|
|-damage|p1a: Amoonguss|0 fnt|[from] brn
|faint|p1a: Amoonguss
|-start|p2a: Incineroar|perish0
|upkeep
|faint|p2a: Incineroar
|turn|26
|c|☆zh2|ggwp
|
|t:|1754598913
|move|p2b: Garganacl|Recover|p2b: Garganacl
|-heal|p2b: Garganacl|100/100
|move|p1b: Incineroar|Knock Off|p2b: Garganacl
|-damage|p2b: Garganacl|92/100
|
|upkeep
|turn|27
|-message|Testbericht2 forfeited.
|
|win|zh2
|raw|Testbericht2's rating: 1227 → 1196(-31 for losing)
|raw|zh2's rating: 1139 → 1170(+31 for winning)
|l|☆Testbericht2
|player|p1|
