|j|☆ShabazXVGC
|j|☆gerald but yes
|html|ShabazXVGCgerald but yes    
|uhtml|bestof|Game 1 of a best-of-3
|t:|1757908773
|gametype|doubles
|player|p1|ShabazXVGC|marlon|1073
|player|p2|gerald but yes|170|1045
|gen|9
|tier|[Gen 9] VGC 2025 Reg H (Bo3)
|rated|
|rule|Species Clause: Limit one of each Pokémon
|rule|Item Clause: Limit 1 of each item
|clearpoke
|poke|p1|Rillaboom, L50, M|
|poke|p1|Incineroar, L50, F|
|poke|p1|Archaludon, L50, M|
|poke|p1|Pelipper, L50, M|
|poke|p1|Magmar, L50, M|
|poke|p1|Dragapult, L50, M|
|poke|p2|Kleavor, L50, F|
|poke|p2|Whimsicott, L50, F|
|poke|p2|Clawitzer, L50, M|
|poke|p2|Pelipper, L50, F|
|poke|p2|Archaludon, L50, F|
|poke|p2|Amoonguss, L50, M|
|teampreview|4
|showteam|p1|Rillaboom||GrassySeed|GrassySurge|FakeOut,HighHorsepower,GrassyGlide,WoodHammer|||M|||50|,,,,,Fire]Incineroar||SafetyGoggles|Intimidate|FlareBlitz,KnockOff,Uturn,FakeOut|||F|||50|,,,,,Ghost]Archaludon||AssaultVest|Stamina|FlashCannon,DracoMeteor,ElectroShot,BodyPress|||M|||50|,,,,,Grass]Pelipper||FocusSash|Drizzle|Hurricane,Protect,Tailwind,WeatherBall|||M|||50|,,,,,Flying]Magmar||Eviolite|VitalSpirit|HeatWave,WillOWisp,SunnyDay,FollowMe|||M|||50|,,,,,Fire]Dragapult||LifeOrb|ClearBody|DragonDarts,PhantomForce,Uturn,Protect|||M|||50|,,,,,Dragon
|showteam|p2|Kleavor||FocusSash|Sharpness|StoneAxe,Uturn,SwordsDance,XScissor|||F|||50|,,,,,Bug]Whimsicott||CovertCloak|Prankster|HelpingHand,Tailwind,Taunt,Moonblast|||F|||50|,,,,,Dark]Clawitzer||LifeOrb|MegaLauncher|WaterPulse,DragonPulse,DarkPulse,Protect|||M|||50|,,,,,Stellar]Pelipper||SitrusBerry|Drizzle|ChillingWater,Hurricane,Roost,Protect|||F|||50|,,,,,Water]Archaludon||AssaultVest|Stamina|ElectroShot,BodyPress,DracoMeteor,FlashCannon|||F|||50|,,,,,Steel]Amoonguss||MentalHerb|Regenerator|RagePowder,ClearSmog,PollenPuff,Spore|||M|||50|,,,,,Grass
|inactive|Battle timer is ON: inactive players will automatically lose when time's up. (requested by ShabazXVGC)
|
|t:|1757908821
|teamsize|p1|4
|teamsize|p2|4
|start
|switch|p1a: MF|Magmar, L50, M|100/100
|switch|p1b: Ace|Incineroar, L50, F|100/100
|switch|p2a: Whimsicott|Whimsicott, L50, F|100/100
|switch|p2b: Clawitzer|Clawitzer, L50, M, shiny|100/100
|-ability|p1b: Ace|Intimidate|boost
|-unboost|p2a: Whimsicott|atk|1
|-unboost|p2b: Clawitzer|atk|1
|turn|1
|inactive|ShabazXVGC has 30 seconds left.
|inactive|ShabazXVGC has 20 seconds left.
|inactive|ShabazXVGC has 15 seconds left.
|inactive|ShabazXVGC has 10 seconds left.
|
|t:|1757908871
|move|p2b: Clawitzer|Protect|p2b: Clawitzer
|-singleturn|p2b: Clawitzer|Protect
|move|p1b: Ace|Fake Out|p2b: Clawitzer
|-activate|p2b: Clawitzer|move: Protect
|move|p2a: Whimsicott|Tailwind|p2a: Whimsicott
|-sidestart|p2: gerald but yes|move: Tailwind
|move|p1a: MF|Heat Wave|p2a: Whimsicott|[spread] p2a
|-activate|p2b: Clawitzer|move: Protect
|-supereffective|p2a: Whimsicott
|-damage|p2a: Whimsicott|15/100
|
|upkeep
|turn|2
|
|t:|1757908890
|switch|p1a: Liberation|Rillaboom, L50, M, shiny|100/100
|-fieldstart|move: Grassy Terrain|[from] ability: Grassy Surge|[of] p1a: Liberation
|-enditem|p1a: Liberation|Grassy Seed
|-boost|p1a: Liberation|def|1|[from] item: Grassy Seed
|-terastallize|p1b: Ace|Ghost
|move|p2a: Whimsicott|Helping Hand|p2b: Clawitzer
|-singleturn|p2b: Clawitzer|Helping Hand|[of] p2a: Whimsicott
|move|p2b: Clawitzer|Water Pulse|p1b: Ace
|-damage|p1b: Ace|0 fnt
|faint|p1b: Ace
|-damage|p2b: Clawitzer|91/100|[from] item: Life Orb
|
|-heal|p2a: Whimsicott|21/100|[from] Grassy Terrain
|-heal|p2b: Clawitzer|97/100|[from] Grassy Terrain
|upkeep
|inactive|ShabazXVGC has 30 seconds left.
|inactive|ShabazXVGC has 20 seconds left.
|inactive|ShabazXVGC has 15 seconds left.
|c|☆gerald but yes|Hole through the chest but water instead
|inactive|ShabazXVGC has 10 seconds left.
|inactive|ShabazXVGC has 5 seconds left.
|c|☆gerald but yes|Call me sakazuki
|
|t:|1757908944
|switch|p1b: MF|Magmar, L50, M|100/100
|turn|3
|
|t:|1757908961
|switch|p2b: Amoonguss|Amoonguss, L50, M, shiny|100/100
|move|p2a: Whimsicott|Taunt|p1b: MF
|-start|p1b: MF|move: Taunt
|move|p1a: Liberation|Grassy Glide|p2b: Amoonguss
|-resisted|p2b: Amoonguss
|-damage|p2b: Amoonguss|93/100
|move|p1b: MF|Heat Wave|p2b: Amoonguss|[spread] p2a,p2b
|-supereffective|p2a: Whimsicott
|-supereffective|p2b: Amoonguss
|-crit|p2b: Amoonguss
|-damage|p2a: Whimsicott|0 fnt
|-damage|p2b: Amoonguss|16/100
|-status|p2b: Amoonguss|brn
|faint|p2a: Whimsicott
|
|-heal|p2b: Amoonguss|22/100 brn|[from] Grassy Terrain
|-damage|p2b: Amoonguss|16/100 brn|[from] brn
|upkeep
|
|t:|1757908978
|switch|p2a: Clawitzer|Clawitzer, L50, M, shiny|97/100
|turn|4
|
|t:|1757909001
|switch|p2b: Archaludon|Archaludon, L50, F|100/100
|move|p2a: Clawitzer|Water Pulse|p1b: MF
|-supereffective|p1b: MF
|-crit|p1b: MF
|-damage|p1b: MF|0 fnt
|faint|p1b: MF
|-damage|p2a: Clawitzer|88/100|[from] item: Life Orb
|move|p1a: Liberation|Wood Hammer|p2a: Clawitzer
|-supereffective|p2a: Clawitzer
|-damage|p2a: Clawitzer|0 fnt
|faint|p2a: Clawitzer
|-damage|p1a: Liberation|77/100|[from] Recoil
|
|-heal|p1a: Liberation|83/100|[from] Grassy Terrain
|-sideend|p2: gerald but yes|move: Tailwind
|upkeep
|inactive|gerald but yes has 30 seconds left.
|
|t:|1757909034
|switch|p1b: Kaido|Dragapult, L50, M|100/100
|switch|p2a: Amoonguss|Amoonguss, L50, M, shiny|49/100 brn
|turn|5
|
|t:|1757909051
|-terastallize|p2b: Archaludon|Steel
|move|p1b: Kaido|Protect|p1b: Kaido
|-singleturn|p1b: Kaido|Protect
|move|p2a: Amoonguss|Rage Powder|p2a: Amoonguss
|-singleturn|p2a: Amoonguss|move: Rage Powder
|move|p1a: Liberation|High Horsepower|p2a: Amoonguss
|-damage|p2a: Amoonguss|24/100 brn
|move|p2b: Archaludon|Flash Cannon|p1a: Liberation
|-damage|p1a: Liberation|16/100
|
|-heal|p1a: Liberation|22/100|[from] Grassy Terrain
|-heal|p2a: Amoonguss|30/100 brn|[from] Grassy Terrain
|-damage|p2a: Amoonguss|24/100 brn|[from] brn
|upkeep
|turn|6
|
|t:|1757909075
|move|p1b: Kaido|Dragon Darts|p2b: Archaludon
|-resisted|p2b: Archaludon
|-damage|p2b: Archaludon|89/100
|-ability|p2b: Archaludon|Stamina|boost
|-boost|p2b: Archaludon|def|1
|-anim|p1b: Kaido|Dragon Darts|p2a: Amoonguss
|-damage|p2a: Amoonguss|0 fnt
|faint|p2a: Amoonguss
|-damage|p1b: Kaido|91/100|[from] item: Life Orb
|move|p1a: Liberation|High Horsepower|p2b: Archaludon
|-supereffective|p2b: Archaludon
|-damage|p2b: Archaludon|60/100
|-ability|p2b: Archaludon|Stamina|boost
|-boost|p2b: Archaludon|def|1
|move|p2b: Archaludon|Body Press|p1a: Liberation
|-damage|p1a: Liberation|0 fnt
|faint|p1a: Liberation
|
|-heal|p1b: Kaido|97/100|[from] Grassy Terrain
|-heal|p2b: Archaludon|66/100|[from] Grassy Terrain
|-fieldend|move: Grassy Terrain
|upkeep
|turn|7
|c|☆gerald but yes|Gg
|
|t:|1757909091
|move|p1b: Kaido|Phantom Force||[still]
|-prepare|p1b: Kaido|Phantom Force
|move|p2b: Archaludon|Draco Meteor|p1b: Kaido|[miss]
|-miss|p2b: Archaludon|p1b: Kaido
|
|upkeep
|turn|8
|
|t:|1757909096
|move|p1b: Kaido|Phantom Force|p2b: Archaludon|[from] lockedmove
|-damage|p2b: Archaludon|46/100
|-ability|p2b: Archaludon|Stamina|boost
|-boost|p2b: Archaludon|def|1
|-damage|p1b: Kaido|87/100|[from] item: Life Orb
|move|p2b: Archaludon|Draco Meteor|p1b: Kaido
|-supereffective|p1b: Kaido
|-damage|p1b: Kaido|0 fnt
|-unboost|p2b: Archaludon|spa|2
|faint|p1b: Kaido
|
|win|gerald but yes
||ShabazXVGC is ready for game 2.
||gerald but yes is ready for game 2.
|uhtml|next|Next: Game 2 of 3
|l|☆gerald but yes
|player|p2|
