|j|☆IrisQ
|j|☆mikelpoyarzabal
|html|IrisQmikelpoyarzabal    
|uhtml|bestof|Game 2 of a best-of-3
|t:|1785340373
|gametype|doubles
|player|p1|IrisQ|akari|1292
|player|p2|mikelpoyarzabal|arven-s|1287
|gen|9
|tier|[Gen 9 Champions] VGC 2026 Reg M-B (Bo3)
|rated|
|rule|Species Clause: Limit one of each Pokémon
|rule|Item Clause: Limit 1 of each item
|clearpoke
|poke|p1|Delphox, L50, F|
|poke|p1|Annihilape, L50, M|
|poke|p1|Rotom-Wash, L50|
|poke|p1|Ninetales-Alola, L50, F, shiny|
|poke|p1|Incineroar, L50, F, shiny|
|poke|p1|Kingambit, L50, M, shiny|
|poke|p2|Gengar, L50, M|
|poke|p2|Swampert, L50, F|
|poke|p2|Incineroar, L50, M|
|poke|p2|Politoed, L50, F|
|poke|p2|Archaludon, L50, M|
|poke|p2|Vivillon, L50, M|
|teampreview|4
|showteam|p1|Delphox||Delphoxite|Blaze|HeatWave,Psychic,Encore,Protect|Timid||F|||50|]Annihilape||FocusSash|Defiant|CloseCombat,PhantomForce,Taunt,Protect|Jolly||M|||50|]Rotom-Wash||SitrusBerry|Levitate|HydroPump,VoltSwitch,WillOWisp,LightScreen|Bold|||||50|]Ninetales-Alola||LifeOrb|SnowWarning|Blizzard,Moonblast,FreezeDry,Protect|Timid||F|||50|]Incineroar||PasshoBerry|Intimidate|FlareBlitz,Snarl,FakeOut,PartingShot|Impish||F|||50|]Kingambit||BlackGlasses|Defiant|KowtowCleave,SuckerPunch,IronHead,Protect|Adamant||M|||50|
|showteam|p2|Gengar||Gengarite|CursedBody|ShadowBall,SludgeBomb,Protect,PerishSong|Timid||M|||50|]Swampert||Swampertite|Torrent|WaveCrash,Earthquake,IcePunch,Protect|Adamant||F|||50|]Incineroar||PasshoBerry|Intimidate|ThroatChop,PartingShot,FakeOut,Protect|Sassy||M|||50|]Politoed||SitrusBerry|Drizzle|WeatherBall,PerishSong,Encore,Protect|Calm||F|||50|]Archaludon||Leftovers|Stamina|DragonPulse,FlashCannon,ElectroShot,Protect|Bold||M|||50|]Vivillon||FocusSash|CompoundEyes|Hurricane,SleepPowder,RagePowder,Protect|Timid||M|||50|
|inactive|Battle timer is ON: inactive players will automatically lose when time's up. (requested by IrisQ)
|inactive|mikelpoyarzabal also wants the timer to be on.
|
|t:|1785340393
|teamsize|p1|4
|teamsize|p2|4
|start
|switch|p1a: Serana|Delphox, L50, F|100/100
|switch|p1b: Pugliest|Annihilape, L50, M|100/100
|switch|p2a: Vivillon|Vivillon, L50, M|100/100
|switch|p2b: Swampert|Swampert, L50, F|100/100
|turn|1
|
|t:|1785340409
|detailschange|p1a: Serana|Delphox-Mega, L50, F
|-mega|p1a: Serana|Delphox|Delphoxite
|detailschange|p2b: Swampert|Swampert-Mega, L50, F
|-mega|p2b: Swampert|Swampert|Swampertite
|move|p1a: Serana|Psychic|p2a: Vivillon
|-damage|p2a: Vivillon|10/100
|move|p1b: Pugliest|Close Combat|p2a: Vivillon
|-resisted|p2a: Vivillon|2
|-damage|p2a: Vivillon|0 fnt
|-unboost|p1b: Pugliest|def|1
|-unboost|p1b: Pugliest|spd|1
|faint|p2a: Vivillon
|move|p2b: Swampert|Wave Crash|p1a: Serana
|-supereffective|p1a: Serana|1
|-damage|p1a: Serana|0 fnt
|faint|p1a: Serana
|-damage|p2b: Swampert|71/100|[from] Recoil
|
|upkeep
|
|t:|1785340418
|switch|p1a: Blade|Kingambit, L50, M, shiny|100/100
|switch|p2a: Politoed|Politoed, L50, F|100/100
|-weather|RainDance|[from] ability: Drizzle|[of] p2a: Politoed
|turn|2
|
|t:|1785340434
|move|p2a: Politoed|Protect|p2a: Politoed
|-singleturn|p2a: Politoed|Protect
|move|p2b: Swampert|Earthquake|p1a: Blade|[spread] p1a,p1b
|-activate|p2a: Politoed|move: Protect
|-supereffective|p1a: Blade|1
|-damage|p1a: Blade|15/100
|-damage|p1b: Pugliest|19/100
|move|p1b: Pugliest|Taunt|p2a: Politoed
|-activate|p2a: Politoed|move: Protect
|move|p1a: Blade|Kowtow Cleave|p2b: Swampert
|-damage|p2b: Swampert|13/100
|
|-weather|RainDance|[upkeep]
|upkeep
|turn|3
|
|t:|1785340447
|switch|p2b: Archaludon|Archaludon, L50, M|100/100
|move|p1a: Blade|Sucker Punch||[still]
|-fail|p1a: Blade
|move|p1b: Pugliest|Taunt|p2a: Politoed
|-start|p2a: Politoed|move: Taunt
|move|p2a: Politoed|Weather Ball|p1a: Blade
|-damage|p1a: Blade|0 fnt
|faint|p1a: Blade
|
|-weather|RainDance|[upkeep]
|upkeep
|
|t:|1785340449
|switch|p1a: Dovahkiin|Ninetales-Alola, L50, F, shiny|100/100
|-weather|Snowscape|[from] ability: Snow Warning|[of] p1a: Dovahkiin
|turn|4
|
|t:|1785340461
|move|p2b: Archaludon|Protect|p2b: Archaludon
|-singleturn|p2b: Archaludon|Protect
|move|p1a: Dovahkiin|Moonblast|p2b: Archaludon
|-activate|p2b: Archaludon|move: Protect
|move|p1b: Pugliest|Close Combat|p2b: Archaludon
|-activate|p2b: Archaludon|move: Protect
|move|p2a: Politoed|Weather Ball|p1b: Pugliest
|-damage|p1b: Pugliest|0 fnt
|faint|p1b: Pugliest
|
|-weather|Snowscape|[upkeep]
|upkeep
|turn|5
|-message|IrisQ forfeited.
|
|win|mikelpoyarzabal
|raw|IrisQ's rating: 1292 → 1267(-25 for losing)
|raw|mikelpoyarzabal's rating: 1287 → 1312(+25 for winning)
