|j|☆spellbreakvgc
|j|☆Fortuny
|html|spellbreakvgcFortuny    
|uhtml|bestof|Game 1 of a best-of-3
|t:|1756977669
|gametype|doubles
|player|p1|spellbreakvgc|lance|1219
|player|p2|Fortuny|tourist|1000
|gen|9
|tier|[Gen 9] VGC 2025 Reg H (Bo3)
|rated|
|rule|Species Clause: Limit one of each Pokémon
|rule|Item Clause: Limit 1 of each item
|clearpoke
|poke|p1|Gholdengo, L50|
|poke|p1|Sneasler, L50, M|
|poke|p1|Rillaboom, L50, F|
|poke|p1|Dragonite, L50, M|
|poke|p1|Ninetales-Alola, L50, F|
|poke|p1|Arcanine-Hisui, L50, F|
|poke|p2|Whimsicott, L50, F|
|poke|p2|Rillaboom, L50, F|
|poke|p2|Primarina, L50, M|
|poke|p2|Gholdengo, L50|
|poke|p2|Emboar, L50, M|
|poke|p2|Garchomp, L50, M|
|teampreview|4
|showteam|p1|Gholdengo||GrassySeed|GoodasGold|NastyPlot,MakeItRain,ShadowBall,Protect||||||50|,,,,,Water]Sneasler||FocusSash|Unburden|CloseCombat,DireClaw,Coaching,Protect|||M|||50|,,,,,Ghost]Rillaboom||AssaultVest|GrassySurge|FakeOut,GrassyGlide,DrumBeating,HighHorsepower|||F|||50|,,,,,Fire]Dragonite||LoadedDice|Multiscale|ScaleShot,StompingTantrum,Tailwind,Protect|||M|||50|,,,,,Ground]Ninetales-Alola||CovertCloak|SnowWarning|Blizzard,Protect,Encore,AuroraVeil|||F|||50|,,,,,Ghost]Arcanine-Hisui||MirrorHerb|Intimidate|RockSlide,FlareBlitz,ExtremeSpeed,Protect|||F|||50|,,,,,Water
|showteam|p2|Whimsicott||FocusSash|Prankster|Tailwind,TrickRoom,Encore,Moonblast|||F|||50|,,,,,Dark]Rillaboom||AssaultVest|GrassySurge|GrassyGlide,FakeOut,Uturn,GrassPledge|||F|||50|,,,,,Water]Primarina||ChoiceSpecs|LiquidVoice|Moonblast,WaterPledge,EnergyBall,HyperVoice|||M|||50|,,,,,Fairy]Gholdengo||LifeOrb|GoodasGold|MakeItRain,DazzlingGleam,ShadowBall,Protect||||||50|,,,,,Steel]Emboar||ClearAmulet|Reckless|FlareBlitz,CloseCombat,SuckerPunch,HighHorsepower|||M|||50|,,,,,Grass]Garchomp||SitrusBerry|RoughSkin|TeraBlast,Crunch,SwordsDance,DragonClaw|||M|||50|,,,,,Fairy
|c|☆Fortuny|glhf
|inactive|Battle timer is ON: inactive players will automatically lose when time's up. (requested by spellbreakvgc)
|inactive|spellbreakvgc has 60 seconds left.
|inactive|Fortuny has 60 seconds left.
|
|t:|1756977734
|teamsize|p1|4
|teamsize|p2|4
|start
|switch|p1a: Arcanine|Arcanine-Hisui, L50, F|100/100
|switch|p1b: Sneasler|Sneasler, L50, M|100/100
|switch|p2a: Whimsicott|Whimsicott, L50, F|100/100
|switch|p2b: Gholdengo|Gholdengo, L50|100/100
|-ability|p1a: Arcanine|Intimidate|boost
|-unboost|p2a: Whimsicott|atk|1
|-unboost|p2b: Gholdengo|atk|1
|turn|1
|inactive|spellbreakvgc has 30 seconds left.
|inactive|Fortuny has 30 seconds left.
|
|t:|1756977767
|switch|p2b: Emboar|Emboar, L50, M|100/100
|move|p1b: Sneasler|Dire Claw|p2a: Whimsicott
|-supereffective|p2a: Whimsicott
|-enditem|p2a: Whimsicott|Focus Sash
|-damage|p2a: Whimsicott|1/100
|-status|p2a: Whimsicott|psn
|move|p1a: Arcanine|Flare Blitz|p2b: Emboar
|-resisted|p2b: Emboar
|-damage|p2b: Emboar|68/100
|-damage|p1a: Arcanine|87/100|[from] Recoil
|move|p2a: Whimsicott|Trick Room|p2a: Whimsicott
|-fieldstart|move: Trick Room|[of] p2a: Whimsicott
|
|-damage|p2a: Whimsicott|0 fnt|[from] psn
|faint|p2a: Whimsicott
|upkeep
|
|t:|1756977780
|switch|p2a: Primarina|Primarina, L50, M|100/100
|turn|2
|
|t:|1756977789
|move|p1a: Arcanine|Protect|p1a: Arcanine
|-singleturn|p1a: Arcanine|Protect
|move|p1b: Sneasler|Protect|p1b: Sneasler
|-singleturn|p1b: Sneasler|Protect
|move|p2b: Emboar|Flare Blitz|p1b: Sneasler
|-activate|p1b: Sneasler|move: Protect
|move|p2a: Primarina|Hyper Voice|p1a: Arcanine|[spread] 
|-activate|p1a: Arcanine|move: Protect
|-activate|p1b: Sneasler|move: Protect
|
|upkeep
|turn|3
|inactive|spellbreakvgc has 30 seconds left.
|
|t:|1756977823
|-terastallize|p1a: Arcanine|Water
|move|p1a: Arcanine|Extreme Speed|p2b: Emboar
|-damage|p2b: Emboar|38/100
|move|p2b: Emboar|Flare Blitz|p1b: Sneasler
|-enditem|p1b: Sneasler|Focus Sash
|-damage|p1b: Sneasler|1/100
|-status|p1b: Sneasler|brn
|-damage|p2b: Emboar|12/100|[from] Recoil
|move|p2a: Primarina|Hyper Voice|p1a: Arcanine|[spread] p1a,p1b
|-resisted|p1a: Arcanine
|-damage|p1a: Arcanine|48/100
|-damage|p1b: Sneasler|0 fnt
|faint|p1b: Sneasler
|
|upkeep
|
|t:|1756977838
|switch|p1b: Rillaboom|Rillaboom, L50, F|100/100
|-fieldstart|move: Grassy Terrain|[from] ability: Grassy Surge|[of] p1b: Rillaboom
|turn|4
|
|t:|1756977855
|switch|p2a: Gholdengo|Gholdengo, L50|100/100
|move|p1b: Rillaboom|Fake Out|p2a: Gholdengo
|-immune|p2a: Gholdengo
|move|p1a: Arcanine|Extreme Speed|p2b: Emboar
|-damage|p2b: Emboar|0 fnt
|faint|p2b: Emboar
|
|-heal|p1a: Arcanine|54/100|[from] Grassy Terrain
|upkeep
|
|t:|1756977862
|switch|p2b: Primarina|Primarina, L50, M|100/100
|turn|5
|inactive|spellbreakvgc has 30 seconds left.
|inactive|Fortuny has 30 seconds left.
|
|t:|1756977894
|switch|p1b: Dragonite|Dragonite, L50, M|100/100
|-terastallize|p2b: Primarina|Fairy
|move|p2b: Primarina|Moonblast|p1b: Dragonite
|-supereffective|p1b: Dragonite
|-damage|p1b: Dragonite|0 fnt
|faint|p1b: Dragonite
|move|p2a: Gholdengo|Dazzling Gleam|p1a: Arcanine
|-damage|p1a: Arcanine|1/100
|-damage|p2a: Gholdengo|91/100|[from] item: Life Orb
|move|p1a: Arcanine|Flare Blitz|p2a: Gholdengo
|-supereffective|p2a: Gholdengo
|-damage|p2a: Gholdengo|0 fnt
|faint|p2a: Gholdengo
|-damage|p1a: Arcanine|0 fnt|[from] Recoil
|faint|p1a: Arcanine
|
|-fieldend|move: Trick Room
|upkeep
|
|t:|1756977912
|switch|p1b: Rillaboom|Rillaboom, L50, F|100/100
|turn|6
|
|t:|1756977917
|move|p1b: Rillaboom|Fake Out|p2b: Primarina
|-damage|p2b: Primarina|86/100
|cant|p2b: Primarina|flinch
|
|-heal|p2b: Primarina|92/100|[from] Grassy Terrain
|upkeep
|turn|7
|
|t:|1756977933
|move|p1b: Rillaboom|Drum Beating|p2b: Primarina
|-damage|p2b: Primarina|33/100
|-unboost|p2b: Primarina|spe|1
|move|p2b: Primarina|Moonblast|p1b: Rillaboom
|-damage|p1b: Rillaboom|15/100
|
|-heal|p1b: Rillaboom|21/100|[from] Grassy Terrain
|-heal|p2b: Primarina|39/100|[from] Grassy Terrain
|upkeep
|turn|8
|
|t:|1756977943
|move|p1b: Rillaboom|Drum Beating|p2b: Primarina
|-damage|p2b: Primarina|0 fnt
|faint|p2b: Primarina
|
|win|spellbreakvgc
||Fortuny is ready for game 2.
|c|☆spellbreakvgc|that dmg
||spellbreakvgc is ready for game 2.
|uhtml|next|Next: Game 2 of 3
