|j|☆sassylime
|j|☆Reshi32
|html|sassylimeReshi32    
|uhtml|bestof|Game 1 of a best-of-3
|t:|1785648962
|gametype|doubles
|player|p1|sassylime|pokemonbreeder|1060
|player|p2|Reshi32|rocketgruntf|1000
|gen|9
|tier|[Gen 9 Champions] VGC 2026 Reg M-B (Bo3)
|rated|
|rule|Species Clause: Limit one of each Pokémon
|rule|Item Clause: Limit 1 of each item
|clearpoke
|poke|p1|Garchomp, L50, F|
|poke|p1|Rotom-Wash, L50|
|poke|p1|Froslass, L50, F|
|poke|p1|Incineroar, L50, F|
|poke|p1|Metagross, L50|
|poke|p1|Sneasler, L50, M|
|poke|p2|Garchomp, L50, M, shiny|
|poke|p2|Hippowdon, L50, M|
|poke|p2|Whimsicott, L50, F, shiny|
|poke|p2|Staraptor, L50, M, shiny|
|poke|p2|Raichu, L50, F|
|poke|p2|Volcarona, L50, M|
|teampreview|4
|showteam|p1|Garchomp||FocusSash|RoughSkin|Earthquake,Protect,RockSlide,DragonClaw|Jolly||F|||50|]Rotom-Wash||Magnet|Levitate|EerieImpulse,HydroPump,VoltSwitch,WillOWisp|Timid|||||50|]Froslass||Froslassite|SnowCloak|ShadowBall,IceShard,Blizzard,Protect|Hasty||F|||50|]Incineroar||ChopleBerry|Intimidate|FlareBlitz,PartingShot,FakeOut,Protect|Careful||F|||50|]Metagross||Metagrossite|ClearBody|BulletPunch,HammerArm,PsychicFangs,Protect|Jolly|||||50|]Sneasler||WhiteHerb|Unburden|CloseCombat,Protect,DireClaw,FakeOut|Jolly||M|||50|
|showteam|p2|Garchomp||BrightPowder|SandVeil|RockSlide,Earthquake,Outrage,IronHead|Adamant||M|||50|]Hippowdon||SmoothRock|SandStream|Yawn,Earthquake,BodyPress,SlackOff|Careful||M|||50|]Whimsicott||FocusSash|Prankster|Tailwind,Charm,Moonblast,EnergyBall|Timid||F|||50|]Staraptor||Staraptite|Intimidate|BlazeKick,CloseCombat,BraveBird,Roost|Adamant||M|||50|]Raichu||RaichuniteX|Static|ZapCannon,PlayRough,FakeOut,KnockOff|Hasty||F|||50|]Volcarona||Leftovers|FlameBody|FieryDance,BugBuzz,GigaDrain,QuiverDance|Modest||M|||50|
|
|t:|1785648984
|teamsize|p1|4
|teamsize|p2|4
|start
|switch|p1a: Incineroar|Incineroar, L50, F|100/100
|switch|p1b: Froslass|Froslass, L50, F|100/100
|switch|p2a: Hana|Whimsicott, L50, F, shiny|100/100
|switch|p2b: Halcyon|Staraptor, L50, M, shiny|100/100
|-ability|p2b: Halcyon|Intimidate|boost
|-unboost|p1a: Incineroar|atk|1
|-unboost|p1b: Froslass|atk|1
|-ability|p1a: Incineroar|Intimidate|boost
|-unboost|p2a: Hana|atk|1
|-unboost|p2b: Halcyon|atk|1
|turn|1
|
|t:|1785649010
|detailschange|p1b: Froslass|Froslass-Mega, L50, F
|-mega|p1b: Froslass|Froslass|Froslassite
|-weather|Snowscape|[from] ability: Snow Warning|[of] p1b: Froslass
|detailschange|p2b: Halcyon|Staraptor-Mega, L50, M, shiny
|-mega|p2b: Halcyon|Staraptor|Staraptite
|move|p1a: Incineroar|Fake Out|p2a: Hana
|-damage|p2a: Hana|89/100
|cant|p2a: Hana|flinch
|move|p1b: Froslass|Blizzard|p2a: Hana|[spread] p2a,p2b
|-supereffective|p2a: Hana|1
|-supereffective|p2b: Halcyon|1
|-damage|p2a: Hana|0 fnt
|-damage|p2b: Halcyon|17/100
|faint|p2a: Hana
|move|p2b: Halcyon|Blaze Kick|p1b: Froslass
|-supereffective|p1b: Froslass|1
|-damage|p1b: Froslass|37/100
|
|-weather|Snowscape|[upkeep]
|upkeep
|
|t:|1785649026
|switch|p2a: Tank|Hippowdon, L50, M|100/100
|-weather|Sandstorm|[from] ability: Sand Stream|[of] p2a: Tank
|turn|2
|
|t:|1785649038
|move|p1a: Incineroar|Protect|p1a: Incineroar
|-singleturn|p1a: Incineroar|Protect
|move|p1b: Froslass|Blizzard|p2b: Halcyon|[spread] p2a,p2b
|-supereffective|p2a: Tank|1
|-supereffective|p2b: Halcyon|1
|-damage|p2a: Tank|30/100
|-damage|p2b: Halcyon|0 fnt
|faint|p2b: Halcyon
|move|p2a: Tank|Earthquake|p1b: Froslass|[spread] p1b
|-activate|p1a: Incineroar|move: Protect
|-damage|p1b: Froslass|0 fnt
|faint|p1b: Froslass
|
|-weather|Sandstorm|[upkeep]
|-damage|p1a: Incineroar|93/100|[from] Sandstorm
|upkeep
|
|t:|1785649053
|switch|p1b: Rotom|Rotom-Wash, L50|100/100
|switch|p2b: Drift|Garchomp, L50, M, shiny|100/100
|turn|3
|
|t:|1785649067
|move|p1b: Rotom|Hydro Pump|p2a: Tank
|-supereffective|p2a: Tank|1
|-damage|p2a: Tank|0 fnt
|faint|p2a: Tank
|move|p2b: Drift|Rock Slide|p1b: Rotom|[spread] p1a,p1b
|-supereffective|p1a: Incineroar|1
|-damage|p1a: Incineroar|49/100
|-damage|p1b: Rotom|76/100
|move|p1a: Incineroar|Parting Shot|p2b: Drift
|-unboost|p2b: Drift|atk|1
|-unboost|p2b: Drift|spa|1
|
|t:|1785649077
|switch|p1a: Garchomp|Garchomp, L50, F|100/100|[from] Parting Shot
|
|-weather|Sandstorm|[upkeep]
|-damage|p1b: Rotom|70/100|[from] Sandstorm
|upkeep
|turn|4
|
|t:|1785649091
|move|p1a: Garchomp|Protect|p1a: Garchomp
|-singleturn|p1a: Garchomp|Protect
|move|p1b: Rotom|Will-O-Wisp|p2b: Drift
|-status|p2b: Drift|brn
|move|p2b: Drift|Outrage|p1a: Garchomp
|-activate|p1a: Garchomp|move: Protect
|
|-weather|Sandstorm|[upkeep]
|-damage|p1b: Rotom|63/100|[from] Sandstorm
|-damage|p2b: Drift|93/100 brn|[from] brn
|upkeep
|turn|5
|
|t:|1785649113
|switch|p1a: Incineroar|Incineroar, L50, F|49/100
|-ability|p1a: Incineroar|Intimidate|boost
|-unboost|p2b: Drift|atk|1
|move|p1b: Rotom|Hydro Pump|p2b: Drift|[miss]
|-miss|p1b: Rotom|p2b: Drift
|move|p2b: Drift|Outrage|p1a: Incineroar
|-damage|p1a: Incineroar|31/100
|
|-weather|Sandstorm|[upkeep]
|-damage|p1b: Rotom|57/100|[from] Sandstorm
|-damage|p1a: Incineroar|25/100|[from] Sandstorm
|-damage|p2b: Drift|87/100 brn|[from] brn
|upkeep
|turn|6
|
|t:|1785649133
|move|p1a: Incineroar|Fake Out|p2b: Drift|[miss]
|-miss|p1a: Incineroar|p2b: Drift
|move|p1b: Rotom|Hydro Pump|p2b: Drift|[miss]
|-miss|p1b: Rotom|p2b: Drift
|move|p2b: Drift|Outrage|p1a: Incineroar|[from] lockedmove
|-damage|p1a: Incineroar|9/100
|-start|p2b: Drift|confusion|[fatigue]
|
|-weather|Sandstorm|[upkeep]
|-damage|p1b: Rotom|51/100|[from] Sandstorm
|-damage|p1a: Incineroar|3/100|[from] Sandstorm
|-damage|p2b: Drift|81/100 brn|[from] brn
|upkeep
|turn|7
|
|t:|1785649149
|move|p1b: Rotom|Hydro Pump|p2b: Drift|[miss]
|-miss|p1b: Rotom|p2b: Drift
|-activate|p2b: Drift|confusion
|-damage|p2b: Drift|75/100 brn|[from] confusion
|move|p1a: Incineroar|Flare Blitz|p2b: Drift
|-resisted|p2b: Drift|1
|-damage|p2b: Drift|55/100 brn
|-damage|p1a: Incineroar|0 fnt|[from] Recoil
|faint|p1a: Incineroar
|
|-weather|Sandstorm|[upkeep]
|-damage|p1b: Rotom|45/100|[from] Sandstorm
|-damage|p2b: Drift|49/100 brn|[from] brn
|upkeep
|
|t:|1785649167
|switch|p1a: Garchomp|Garchomp, L50, F|100/100
|turn|8
|
|t:|1785649177
|move|p1a: Garchomp|Protect|p1a: Garchomp
|-singleturn|p1a: Garchomp|Protect
|move|p1b: Rotom|Hydro Pump|p2b: Drift
|-damage|p2b: Drift|3/100 brn
|-end|p2b: Drift|confusion
|move|p2b: Drift|Outrage|p1b: Rotom
|-damage|p1b: Rotom|23/100
|
|-weather|Sandstorm|[upkeep]
|-damage|p1b: Rotom|17/100|[from] Sandstorm
|-damage|p2b: Drift|0 fnt|[from] brn
|faint|p2b: Drift
|
|win|sassylime
||Reshi32 is ready for game 2.
