|j|☆furretusedpunch
|j|☆beewatree
|html|furretusedpunchbeewatree    
|uhtml|bestof|Game 1 of a best-of-3
|t:|1756624661
|gametype|doubles
|player|p1|furretusedpunch|lacey|1163
|player|p2|beewatree|170|1144
|gen|9
|tier|[Gen 9] VGC 2025 Reg H (Bo3)
|rated|
|rule|Species Clause: Limit one of each Pokémon
|rule|Item Clause: Limit 1 of each item
|clearpoke
|poke|p1|Gholdengo, L50|
|poke|p1|Sneasler, L50, M|
|poke|p1|Rillaboom, L50, M|
|poke|p1|Dragonite, L50, F|
|poke|p1|Ninetales-Alola, L50, M|
|poke|p1|Arcanine-Hisui, L50, F|
|poke|p2|Armarouge, L50, F|
|poke|p2|Indeedee-F, L50, F|
|poke|p2|Hariyama, L50, M|
|poke|p2|Amoonguss, L50, M|
|poke|p2|Gholdengo, L50|
|poke|p2|Primarina, L50, M|
|teampreview|4
|showteam|p1|Gholdengo||LifeOrb|GoodasGold|NastyPlot,MakeItRain,ShadowBall,Protect||||||50|,,,,,Water]Sneasler||WhiteHerb|Unburden|CloseCombat,DireClaw,Coaching,Protect|||M|||50|,,,,,Ghost]Rillaboom||AssaultVest|GrassySurge|FakeOut,GrassyGlide,DrumBeating,HighHorsepower|||M|||50|,,,,,Fire]Dragonite||LoadedDice|Multiscale|ScaleShot,StompingTantrum,Tailwind,Protect|||F|||50|,,,,,Ground]Ninetales-Alola||FocusSash|SnowWarning|IcyWind,Encore,FreezeDry,AuroraVeil|||M|||50|,,,,,Ghost]Arcanine-Hisui||SafetyGoggles|Intimidate|RockSlide,FlareBlitz,Snarl,Protect|||F|||50|,,,,,Water
|showteam|p2|Armarouge||CovertCloak|FlashFire|ExpandingForce,ArmorCannon,TrickRoom,WideGuard|||F|||50|,,,,,Grass]Indeedee-F||PsychicSeed|PsychicSurge|DazzlingGleam,FollowMe,HealPulse,TrickRoom|||F|||50|,,,,,Fairy]Hariyama||SafetyGoggles|Guts|DrainPunch,BellyDrum,Detect,KnockOff|||M|||50|,,,,,Electric]Amoonguss||SitrusBerry|Regenerator|RagePowder,Spore,PollenPuff,Protect|||M|||50|,,,,,Fairy]Gholdengo||LifeOrb|GoodasGold|MakeItRain,ShadowBall,NastyPlot,Protect||||||50|,,,,,Steel]Primarina||ThroatSpray|LiquidVoice|Moonblast,HyperVoice,Haze,Protect|||M|||50|,,,,,Steel
|inactive|Battle timer is ON: inactive players will automatically lose when time's up. (requested by beewatree)
|inactive|furretusedpunch has 60 seconds left.
|inactive|beewatree has 60 seconds left.
|inactive|beewatree has 30 seconds left.
|inactive|beewatree has 20 seconds left.
|inactive|beewatree has 15 seconds left.
|inactive|beewatree has 10 seconds left.
|inactive|beewatree has 5 seconds left.
|
|t:|1756624751
|teamsize|p1|4
|teamsize|p2|4
|start
|switch|p1a: Ninetales|Ninetales-Alola, L50, M|100/100
|switch|p1b: Arcanine|Arcanine-Hisui, L50, F|100/100
|switch|p2a: Gholdengo|Gholdengo, L50|100/100
|switch|p2b: Armarouge|Armarouge, L50, F|100/100
|-weather|Snowscape|[from] ability: Snow Warning|[of] p1a: Ninetales
|-ability|p1b: Arcanine|Intimidate|boost
|-unboost|p2a: Gholdengo|atk|1
|-unboost|p2b: Armarouge|atk|1
|turn|1
|inactive|furretusedpunch has 30 seconds left.
|inactive|beewatree has 30 seconds left.
|inactive|beewatree has 20 seconds left.
|inactive|beewatree has 15 seconds left.
|inactive|furretusedpunch has 20 seconds left.
|inactive|beewatree has 10 seconds left.
|inactive|beewatree has 5 seconds left.
|
|t:|1756624803
|move|p1a: Ninetales|Aurora Veil|p1a: Ninetales
|-sidestart|p1: furretusedpunch|move: Aurora Veil
|move|p1b: Arcanine|Snarl|p2a: Gholdengo|[spread] p2a,p2b
|-supereffective|p2a: Gholdengo
|-supereffective|p2b: Armarouge
|-damage|p2a: Gholdengo|82/100
|-damage|p2b: Armarouge|83/100
|-unboost|p2a: Gholdengo|spa|1
|move|p2a: Gholdengo|Make It Rain|p1b: Arcanine|[spread] p1a,p1b
|-supereffective|p1a: Ninetales
|-enditem|p1a: Ninetales|Focus Sash
|-damage|p1a: Ninetales|1/100
|-damage|p1b: Arcanine|68/100
|-unboost|p2a: Gholdengo|spa|1
|-damage|p2a: Gholdengo|72/100|[from] item: Life Orb
|move|p2b: Armarouge|Trick Room|p2b: Armarouge
|-fieldstart|move: Trick Room|[of] p2b: Armarouge
|
|-weather|Snowscape|[upkeep]
|upkeep
|turn|2
|inactive|furretusedpunch has 30 seconds left.
|inactive|beewatree has 30 seconds left.
|inactive|beewatree has 20 seconds left.
|inactive|beewatree has 15 seconds left.
|inactive|beewatree has 10 seconds left.
|
|t:|1756624852
|switch|p2a: Indeedee|Indeedee-F, L50, F|100/100
|-fieldstart|move: Psychic Terrain|[from] ability: Psychic Surge|[of] p2a: Indeedee
|-enditem|p2a: Indeedee|Psychic Seed
|-boost|p2a: Indeedee|spd|1|[from] item: Psychic Seed
|switch|p1a: Rillaboom|Rillaboom, L50, M|100/100
|-fieldstart|move: Grassy Terrain|[from] ability: Grassy Surge|[of] p1a: Rillaboom
|move|p2b: Armarouge|Expanding Force|p1b: Arcanine
|-damage|p1b: Arcanine|32/100
|move|p1b: Arcanine|Flare Blitz|p2a: Indeedee
|-damage|p2a: Indeedee|44/100
|-damage|p1b: Arcanine|13/100|[from] Recoil
|
|-weather|Snowscape|[upkeep]
|-heal|p2b: Armarouge|89/100|[from] Grassy Terrain
|-heal|p2a: Indeedee|50/100|[from] Grassy Terrain
|-heal|p1b: Arcanine|19/100|[from] Grassy Terrain
|upkeep
|turn|3
|inactive|beewatree has 30 seconds left.
|inactive|beewatree has 20 seconds left.
|inactive|furretusedpunch has 30 seconds left.
|inactive|beewatree has 15 seconds left.
|inactive|beewatree has 10 seconds left.
|
|t:|1756624902
|switch|p2a: Brian at home|Hariyama, L50, M|100/100
|-terastallize|p1a: Rillaboom|Fire
|move|p2b: Armarouge|Expanding Force|p1b: Arcanine
|-damage|p1b: Arcanine|0 fnt
|faint|p1b: Arcanine
|move|p1a: Rillaboom|Drum Beating|p2a: Brian at home
|-damage|p2a: Brian at home|49/100
|-unboost|p2a: Brian at home|spe|1
|
|-weather|Snowscape|[upkeep]
|-heal|p2a: Brian at home|55/100|[from] Grassy Terrain
|-heal|p2b: Armarouge|95/100|[from] Grassy Terrain
|upkeep
|
|t:|1756624921
|switch|p1b: Ninetales|Ninetales-Alola, L50, M|1/100
|turn|4
|inactive|furretusedpunch has 30 seconds left.
|inactive|beewatree has 30 seconds left.
|inactive|beewatree has 20 seconds left.
|
|t:|1756624958
|move|p2a: Brian at home|Knock Off|p1a: Rillaboom
|-damage|p1a: Rillaboom|84/100
|-enditem|p1a: Rillaboom|Assault Vest|[from] move: Knock Off|[of] p2a: Brian at home
|move|p2b: Armarouge|Expanding Force|p1a: Rillaboom
|-damage|p1a: Rillaboom|45/100
|move|p1a: Rillaboom|High Horsepower|p2b: Armarouge|[miss]
|-miss|p1a: Rillaboom|p2b: Armarouge
|move|p1b: Ninetales|Encore|p2a: Brian at home
|-start|p2a: Brian at home|Encore
|
|-weather|Snowscape|[upkeep]
|-heal|p2a: Brian at home|61/100|[from] Grassy Terrain
|-heal|p2b: Armarouge|100/100|[from] Grassy Terrain
|-heal|p1a: Rillaboom|51/100|[from] Grassy Terrain
|-heal|p1b: Ninetales|7/100|[from] Grassy Terrain
|upkeep
|turn|5
|inactive|furretusedpunch has 30 seconds left.
|inactive|beewatree has 30 seconds left.
|inactive|furretusedpunch has 20 seconds left.
|
|t:|1756624996
|switch|p2a: Indeedee|Indeedee-F, L50, F|50/100
|-fieldstart|move: Psychic Terrain|[from] ability: Psychic Surge|[of] p2a: Indeedee
|switch|p1a: Gholdengo|Gholdengo, L50|100/100
|move|p2b: Armarouge|Expanding Force|p1a: Gholdengo|[spread] p1a,p1b
|-resisted|p1a: Gholdengo
|-damage|p1a: Gholdengo|81/100
|-damage|p1b: Ninetales|0 fnt
|faint|p1b: Ninetales
|
|-weather|none
|-sideend|p1: furretusedpunch|move: Aurora Veil
|-fieldend|move: Trick Room
|upkeep
|
|t:|1756625003
|switch|p1b: Rillaboom|Rillaboom, L50, M, tera:Fire|51/100
|-fieldstart|move: Grassy Terrain|[from] ability: Grassy Surge|[of] p1b: Rillaboom
|turn|6
|
|t:|1756625026
|move|p1b: Rillaboom|Fake Out|p2a: Indeedee
|-damage|p2a: Indeedee|38/100
|cant|p2a: Indeedee|flinch
|move|p1a: Gholdengo|Shadow Ball|p2b: Armarouge
|-supereffective|p2b: Armarouge
|-damage|p2b: Armarouge|0 fnt
|faint|p2b: Armarouge
|-damage|p1a: Gholdengo|71/100|[from] item: Life Orb
|
|-heal|p1b: Rillaboom|57/100|[from] Grassy Terrain
|-heal|p1a: Gholdengo|77/100|[from] Grassy Terrain
|-heal|p2a: Indeedee|44/100|[from] Grassy Terrain
|upkeep
|
|t:|1756625044
|switch|p2b: Brian at home|Hariyama, L50, M|61/100
|turn|7
|inactive|beewatree has 30 seconds left.
|inactive|beewatree has 20 seconds left.
|
|t:|1756625080
|switch|p2b: Gholdengo|Gholdengo, L50|72/100
|move|p1b: Rillaboom|Drum Beating|p2a: Indeedee
|-damage|p2a: Indeedee|0 fnt
|faint|p2a: Indeedee
|move|p1a: Gholdengo|Make It Rain|p2b: Gholdengo
|-resisted|p2b: Gholdengo
|-damage|p2b: Gholdengo|25/100
|-unboost|p1a: Gholdengo|spa|1
|-damage|p1a: Gholdengo|67/100|[from] item: Life Orb
|
|-heal|p1b: Rillaboom|62/100|[from] Grassy Terrain
|-heal|p1a: Gholdengo|73/100|[from] Grassy Terrain
|-heal|p2b: Gholdengo|31/100|[from] Grassy Terrain
|upkeep
|
|t:|1756625090
|switch|p2a: Brian at home|Hariyama, L50, M|61/100
|turn|8
|inactive|beewatree has 30 seconds left.
|
|t:|1756625122
|move|p2b: Gholdengo|Protect|p2b: Gholdengo
|-singleturn|p2b: Gholdengo|Protect
|move|p1b: Rillaboom|Drum Beating|p2b: Gholdengo
|-activate|p2b: Gholdengo|move: Protect
|move|p1a: Gholdengo|Make It Rain|p2a: Brian at home|[spread] p2a
|-activate|p2b: Gholdengo|move: Protect
|-damage|p2a: Brian at home|36/100
|-unboost|p1a: Gholdengo|spa|1
|-damage|p1a: Gholdengo|64/100|[from] item: Life Orb
|move|p2a: Brian at home|Drain Punch|p1b: Rillaboom
|-damage|p1b: Rillaboom|34/100
|-heal|p2a: Brian at home|46/100|[from] drain|[of] p1b: Rillaboom
|
|-heal|p1b: Rillaboom|40/100|[from] Grassy Terrain
|-heal|p1a: Gholdengo|70/100|[from] Grassy Terrain
|-heal|p2b: Gholdengo|37/100|[from] Grassy Terrain
|-heal|p2a: Brian at home|52/100|[from] Grassy Terrain
|upkeep
|turn|9
|inactive|beewatree has 30 seconds left.
|inactive|beewatree has 20 seconds left.
|inactive|beewatree has 15 seconds left.
|inactive|beewatree has 10 seconds left.
|inactive|beewatree has 5 seconds left.
|
|t:|1756625173
|-terastallize|p2b: Gholdengo|Steel
|move|p1b: Rillaboom|Drum Beating|p2b: Gholdengo
|-resisted|p2b: Gholdengo
|-damage|p2b: Gholdengo|11/100
|-unboost|p2b: Gholdengo|spe|1
|move|p1a: Gholdengo|Shadow Ball|p2b: Gholdengo
|-damage|p2b: Gholdengo|0 fnt
|faint|p2b: Gholdengo
|-damage|p1a: Gholdengo|60/100|[from] item: Life Orb
|move|p2a: Brian at home|Knock Off|p1a: Gholdengo
|-supereffective|p1a: Gholdengo
|-damage|p1a: Gholdengo|8/100
|-enditem|p1a: Gholdengo|Life Orb|[from] move: Knock Off|[of] p2a: Brian at home
|
|-heal|p1b: Rillaboom|45/100|[from] Grassy Terrain
|-heal|p1a: Gholdengo|14/100|[from] Grassy Terrain
|-heal|p2a: Brian at home|58/100|[from] Grassy Terrain
|upkeep
|turn|10
|inactive|beewatree has 30 seconds left.
|
|t:|1756625201
|move|p1b: Rillaboom|Drum Beating|p2a: Brian at home
|-damage|p2a: Brian at home|3/100
|-unboost|p2a: Brian at home|spe|1
|move|p1a: Gholdengo|Shadow Ball|p2a: Brian at home
|-damage|p2a: Brian at home|0 fnt
|faint|p2a: Brian at home
|
|win|furretusedpunch
