|j|☆breloomb01
|j|☆Gen4lover2
|html|breloomb01Gen4lover2    
|uhtml|bestof|Game 1 of a best-of-3
|t:|1786026538
|gametype|doubles
|player|p1|breloomb01|roughneck|1342
|player|p2|Gen4lover2|wallace|1315
|gen|9
|tier|[Gen 9 Champions] VGC 2026 Reg M-B (Bo3)
|rated|
|rule|Species Clause: Limit one of each Pokémon
|rule|Item Clause: Limit 1 of each item
|clearpoke
|poke|p1|Floette-Eternal, L50, F|
|poke|p1|Incineroar, L50, F|
|poke|p1|Sinistcha, L50|
|poke|p1|Garchomp, L50, F|
|poke|p1|Sneasler, L50, M|
|poke|p1|Rotom-Wash, L50|
|poke|p2|Tyranitar, L50, M|
|poke|p2|Excadrill, L50, F|
|poke|p2|Staraptor, L50, F|
|poke|p2|Milotic, L50, F, shiny|
|poke|p2|Gholdengo, L50|
|poke|p2|Sinistcha-Masterpiece, L50|
|teampreview|4
|showteam|p1|Floette-Eternal||Floettite|FlowerVeil|DrainingKiss,DazzlingGleam,CalmMind,Protect|Modest||F|||50|]Incineroar||SitrusBerry|Intimidate|FakeOut,FlareBlitz,ThroatChop,PartingShot|Careful||F|||50|]Sinistcha||KasibBerry|Hospitality|Protect,RagePowder,MatchaGotcha,TrickRoom|Calm|||||50|]Garchomp||LifeOrb|RoughSkin|Earthquake,DragonClaw,RockSlide,Protect|Jolly||F|||50|]Sneasler||FocusSash|PoisonTouch|FakeOut,PoisonJab,CloseCombat,Protect|Jolly||M|||50|]Rotom-Wash||Leftovers|Levitate|HydroPump,Protect,WillOWisp,Electroweb|Bold|||||50|
|showteam|p2|Tyranitar||Tyranitarite|SandStream|RockSlide,KnockOff,LowKick,Protect|Adamant||M|||50|]Excadrill||FocusSash|SandRush|HighHorsepower,IronHead,RockSlide,Protect|Adamant||F|||50|]Staraptor||Staraptite|Intimidate|BraveBird,CloseCombat,Tailwind,Protect|Jolly||F|||50|]Milotic||SitrusBerry|Competitive|Scald,IceBeam,Recover,Protect|Modest||F|||50|]Gholdengo||LifeOrb|GoodasGold|MakeItRain,ShadowBall,NastyPlot,Protect|Modest|||||50|]Sinistcha-Masterpiece||ColburBerry|Hospitality|MatchaGotcha,RagePowder,TrickRoom,Protect|Relaxed|||||50|
|inactive|Battle timer is ON: inactive players will automatically lose when time's up. (requested by Gen4lover2)
|inactive|Gen4lover2 has 60 seconds left.
|
|t:|1786026589
|teamsize|p1|4
|teamsize|p2|4
|start
|switch|p1a: Garchomp|Garchomp, L50, F|100/100
|switch|p1b: Rotom|Rotom-Wash, L50|100/100
|switch|p2a: Tyranitar|Tyranitar, L50, M|100/100
|switch|p2b: Excadrill|Excadrill, L50, F|100/100
|-weather|Sandstorm|[from] ability: Sand Stream|[of] p2a: Tyranitar
|turn|1
|
|t:|1786026600
|switch|p2a: Staraptor|Staraptor, L50, F|100/100
|-ability|p2a: Staraptor|Intimidate|boost
|-unboost|p1a: Garchomp|atk|1
|-unboost|p1b: Rotom|atk|1
|move|p2b: Excadrill|Rock Slide|p1a: Garchomp|[spread] p1a,p1b
|-resisted|p1a: Garchomp|1
|-damage|p1a: Garchomp|89/100
|-damage|p1b: Rotom|78/100
|move|p1a: Garchomp|Earthquake|p2b: Excadrill|[spread] p2b
|-immune|p1b: Rotom|[from] ability: Levitate
|-immune|p2a: Staraptor
|-supereffective|p2b: Excadrill|1
|-damage|p2b: Excadrill|1/100
|-damage|p1a: Garchomp|79/100|[from] item: Life Orb
|move|p1b: Rotom|Will-O-Wisp|p2a: Staraptor
|-status|p2a: Staraptor|brn
|
|-weather|Sandstorm|[upkeep]
|-damage|p2a: Staraptor|93/100 brn|[from] Sandstorm
|-damage|p1b: Rotom|72/100|[from] Sandstorm
|-heal|p1b: Rotom|78/100|[from] item: Leftovers
|-damage|p2a: Staraptor|87/100 brn|[from] brn
|upkeep
|turn|2
|
|t:|1786026616
|switch|p1a: Incineroar|Incineroar, L50, F|100/100
|-ability|p1a: Incineroar|Intimidate|boost
|-unboost|p2a: Staraptor|atk|1
|-unboost|p2b: Excadrill|atk|1
|move|p2b: Excadrill|Rock Slide|p1a: Incineroar|[spread] p1a,p1b
|-supereffective|p1a: Incineroar|1
|-damage|p1a: Incineroar|73/100
|-damage|p1b: Rotom|65/100
|move|p2a: Staraptor|Tailwind|p2a: Staraptor
|-sidestart|p2: Gen4lover2|move: Tailwind
|cant|p1b: Rotom|flinch
|
|-weather|Sandstorm|[upkeep]
|-damage|p2a: Staraptor|81/100 brn|[from] Sandstorm
|-damage|p1b: Rotom|59/100|[from] Sandstorm
|-damage|p1a: Incineroar|67/100|[from] Sandstorm
|-heal|p1b: Rotom|65/100|[from] item: Leftovers
|-damage|p2a: Staraptor|75/100 brn|[from] brn
|upkeep
|turn|3
|
|t:|1786026636
|switch|p2b: Milotic|Milotic, L50, F, shiny|100/100
|move|p1a: Incineroar|Fake Out|p2b: Milotic
|-damage|p2b: Milotic|88/100
|move|p2a: Staraptor|Close Combat|p1a: Incineroar
|-supereffective|p1a: Incineroar|1
|-damage|p1a: Incineroar|46/100
|-unboost|p2a: Staraptor|def|1
|-unboost|p2a: Staraptor|spd|1
|-enditem|p1a: Incineroar|Sitrus Berry|[eat]
|-heal|p1a: Incineroar|71/100|[from] item: Sitrus Berry
|move|p1b: Rotom|Electroweb|p2b: Milotic|[spread] p2a,p2b
|-supereffective|p2a: Staraptor|1
|-supereffective|p2b: Milotic|1
|-damage|p2a: Staraptor|12/100 brn
|-damage|p2b: Milotic|67/100
|-unboost|p2a: Staraptor|spe|1
|-unboost|p2b: Milotic|spe|1
|-ability|p2b: Milotic|Competitive|boost
|-boost|p2b: Milotic|spa|2
|
|-weather|Sandstorm|[upkeep]
|-damage|p2a: Staraptor|6/100 brn|[from] Sandstorm
|-damage|p2b: Milotic|61/100|[from] Sandstorm
|-damage|p1b: Rotom|59/100|[from] Sandstorm
|-damage|p1a: Incineroar|65/100|[from] Sandstorm
|-heal|p1b: Rotom|65/100|[from] item: Leftovers
|-damage|p2a: Staraptor|1/100 brn|[from] brn
|upkeep
|turn|4
|
|t:|1786026657
|switch|p1a: Floette|Floette-Eternal, L50, F|100/100
|move|p2a: Staraptor|Close Combat|p1a: Floette
|-resisted|p1a: Floette|1
|-damage|p1a: Floette|92/100
|-unboost|p2a: Staraptor|def|1
|-unboost|p2a: Staraptor|spd|1
|move|p2b: Milotic|Scald|p1a: Floette
|-damage|p1a: Floette|39/100
|move|p1b: Rotom|Will-O-Wisp|p2b: Milotic
|-status|p2b: Milotic|brn
|
|-weather|Sandstorm|[upkeep]
|-damage|p2a: Staraptor|0 fnt|[from] Sandstorm
|-damage|p2b: Milotic|55/100 brn|[from] Sandstorm
|-damage|p1a: Floette|33/100|[from] Sandstorm
|-damage|p1b: Rotom|59/100|[from] Sandstorm
|faint|p2a: Staraptor
|-heal|p1b: Rotom|65/100|[from] item: Leftovers
|-damage|p2b: Milotic|50/100y brn|[from] brn
|upkeep
|-enditem|p2b: Milotic|Sitrus Berry|[eat]
|-heal|p2b: Milotic|74/100 brn|[from] item: Sitrus Berry
|
|t:|1786026663
|switch|p2a: Excadrill|Excadrill, L50, F|1/100
|turn|5
|
|t:|1786026672
|move|p1a: Floette|Protect|p1a: Floette
|-singleturn|p1a: Floette|Protect
|move|p2a: Excadrill|Rock Slide|p1a: Floette|[spread] p1b
|-activate|p1a: Floette|move: Protect
|-damage|p1b: Rotom|43/100
|move|p2b: Milotic|Scald|p1b: Rotom
|-resisted|p1b: Rotom|1
|-damage|p1b: Rotom|9/100
|move|p1b: Rotom|Will-O-Wisp|p2a: Excadrill
|-status|p2a: Excadrill|brn
|
|-weather|none
|-heal|p1b: Rotom|15/100|[from] item: Leftovers
|-damage|p2a: Excadrill|0 fnt|[from] brn
|faint|p2a: Excadrill
|-damage|p2b: Milotic|68/100 brn|[from] brn
|-sideend|p2: Gen4lover2|move: Tailwind
|upkeep
|
|t:|1786026685
|switch|p2a: Tyranitar|Tyranitar, L50, M|100/100
|-weather|Sandstorm|[from] ability: Sand Stream|[of] p2a: Tyranitar
|turn|6
|
|t:|1786026692
|detailschange|p2a: Tyranitar|Tyranitar-Mega, L50, M
|-mega|p2a: Tyranitar|Tyranitar|Tyranitarite
|move|p2a: Tyranitar|Rock Slide|p1a: Floette|[spread] p1a,p1b
|-damage|p1a: Floette|0 fnt
|-damage|p1b: Rotom|0 fnt
|faint|p1a: Floette
|faint|p1b: Rotom
|move|p2b: Milotic|Recover|p2b: Milotic
|-heal|p2b: Milotic|100/100 brn
|
|-weather|Sandstorm|[upkeep]
|-damage|p2b: Milotic|94/100 brn|[from] Sandstorm
|-damage|p2b: Milotic|88/100 brn|[from] brn
|upkeep
|
|t:|1786026694
|switch|p1a: Garchomp|Garchomp, L50, F|79/100
|switch|p1b: Incineroar|Incineroar, L50, F|65/100
|-ability|p1b: Incineroar|Intimidate|boost
|-unboost|p2a: Tyranitar|atk|1
|-unboost|p2b: Milotic|atk|1
|-ability|p2b: Milotic|Competitive|boost
|-boost|p2b: Milotic|spa|2
|turn|7
|
|t:|1786026708
|move|p2a: Tyranitar|Protect|p2a: Tyranitar
|-singleturn|p2a: Tyranitar|Protect
|move|p2b: Milotic|Protect|p2b: Milotic
|-singleturn|p2b: Milotic|Protect
|move|p1b: Incineroar|Fake Out|p2b: Milotic
|-activate|p2b: Milotic|move: Protect
|move|p1a: Garchomp|Earthquake|p2b: Milotic|[spread] p1b
|-activate|p2a: Tyranitar|move: Protect
|-activate|p2b: Milotic|move: Protect
|-supereffective|p1b: Incineroar|1
|-damage|p1b: Incineroar|0 fnt
|faint|p1b: Incineroar
|-damage|p1a: Garchomp|69/100|[from] item: Life Orb
|
|-weather|Sandstorm|[upkeep]
|-damage|p2b: Milotic|82/100 brn|[from] Sandstorm
|-damage|p2b: Milotic|76/100 brn|[from] brn
|upkeep
|turn|8
|
|t:|1786026726
|move|p1a: Garchomp|Earthquake|p2b: Milotic|[spread] p2a,p2b
|-supereffective|p2a: Tyranitar|1
|-damage|p2a: Tyranitar|30/100
|-damage|p2b: Milotic|27/100 brn
|-damage|p1a: Garchomp|59/100|[from] item: Life Orb
|move|p2a: Tyranitar|Rock Slide|p1a: Garchomp
|-resisted|p1a: Garchomp|1
|-damage|p1a: Garchomp|44/100
|move|p2b: Milotic|Ice Beam|p1a: Garchomp
|-supereffective|p1a: Garchomp|2
|-damage|p1a: Garchomp|0 fnt
|faint|p1a: Garchomp
|
|win|Gen4lover2
||breloomb01 is ready for game 2.
|inactive|Gen4lover2 has 30 seconds to confirm battle start!
