|j|☆grtnpwrfl
|j|☆testdigi
|html|grtnpwrfltestdigi    
|uhtml|bestof|Game 1 of a best-of-3
|t:|1785851906
|gametype|doubles
|player|p1|grtnpwrfl|170|1067
|player|p2|testdigi|266|1292
|gen|9
|tier|[Gen 9 Champions] VGC 2026 Reg M-B (Bo3)
|rated|
|rule|Species Clause: Limit one of each Pokémon
|rule|Item Clause: Limit 1 of each item
|clearpoke
|poke|p1|Aegislash, L50, M|
|poke|p1|Metagross, L50|
|poke|p1|Palafin, L50, M|
|poke|p1|Pelipper, L50, F|
|poke|p1|Hatterene, L50, F|
|poke|p1|Garchomp, L50, F|
|poke|p2|Charizard, L50, M|
|poke|p2|Glimmora, L50, M|
|poke|p2|Whimsicott, L50, F|
|poke|p2|Ninetales-Alola, L50, F|
|poke|p2|Kingambit, L50, M|
|poke|p2|Kommo-o, L50, M|
|teampreview|4
|showteam|p1|Aegislash||LifeOrb|StanceChange|CloseCombat,KingsShield,ShadowSneak,SwordsDance|Adamant||M|||50|]Metagross||Metagrossite|ClearBody|BulletPunch,PsychicFangs,RockSlide,Protect|Jolly|||||50|]Palafin||ChoiceScarf|ZerotoHero|FlipTurn,WaveCrash,IcePunch,JetPunch|Jolly||M|||50|]Pelipper||FocusSash|Drizzle|Tailwind,ChillingWater,Hurricane,Protect|Bold||F|||50|]Hatterene||Leftovers|MagicBounce|TrickRoom,CalmMind,MysticalFire,DazzlingGleam|Quiet||F|||50|]Garchomp||ExpertBelt|RoughSkin|Earthquake,RockSlide,Protect,DragonClaw|Jolly||F|||50|
|showteam|p2|Charizard||CharizarditeY|Blaze|HeatWave,WeatherBall,SolarBeam,Protect|Modest||M|||50|]Glimmora||Glimmoranite|ToxicDebris|SludgeBomb,PowerGem,EarthPower,SpikyShield|Modest||M|||50|]Whimsicott||FocusSash|Prankster|Moonblast,Tailwind,WorrySeed,Protect|Timid||F|||50|]Ninetales-Alola||NeverMeltIce|SnowWarning|Blizzard,FreezeDry,AuroraVeil,Protect|Timid||F|||50|]Kingambit||BlackGlasses|Defiant|KowtowCleave,SuckerPunch,IronHead,Protect|Adamant||M|||50|]Kommo-o||LifeOrb|Overcoat|ClangingScales,AuraSphere,VacuumWave,Protect|Modest||M|||50|
|inactive|Battle timer is ON: inactive players will automatically lose when time's up. (requested by grtnpwrfl)
|inactive|testdigi has 60 seconds left.
|inactive|testdigi has 30 seconds left.
|
|t:|1785851969
|teamsize|p1|4
|teamsize|p2|4
|start
|switch|p1a: Hatterene|Hatterene, L50, F|100/100
|switch|p1b: Palafin|Palafin, L50, M|100/100
|switch|p2a: Whimsicott|Whimsicott, L50, F|100/100
|switch|p2b: Ninetales|Ninetales-Alola, L50, F|100/100
|-weather|Snowscape|[from] ability: Snow Warning|[of] p2b: Ninetales
|turn|1
|
|t:|1785851989
|move|p1b: Palafin|Flip Turn|p2b: Ninetales
|-damage|p2b: Ninetales|77/100
|
|t:|1785851995
|detailschange|p1b: Palafin|Palafin-Hero, L50, M
|switch|p1b: Metagross|Metagross, L50|100/100|[from] Flip Turn
|move|p2a: Whimsicott|Moonblast|p1a: Hatterene
|-crit|p1a: Hatterene
|-damage|p1a: Hatterene|45/100
|move|p2b: Ninetales|Freeze-Dry|p1b: Metagross
|-resisted|p1b: Metagross|1
|-damage|p1b: Metagross|78/100
|move|p1a: Hatterene|Calm Mind|p1a: Hatterene
|-boost|p1a: Hatterene|spa|1
|-boost|p1a: Hatterene|spd|1
|
|-weather|Snowscape|[upkeep]
|-heal|p1a: Hatterene|51/100|[from] item: Leftovers
|upkeep
|turn|2
|
|t:|1785852009
|detailschange|p1b: Metagross|Metagross-Mega, L50
|-mega|p1b: Metagross|Metagross|Metagrossite
|move|p2a: Whimsicott|Protect|p2a: Whimsicott
|-singleturn|p2a: Whimsicott|Protect
|move|p1b: Metagross|Bullet Punch|p2a: Whimsicott
|-activate|p2a: Whimsicott|move: Protect
|move|p2b: Ninetales|Aurora Veil|p2b: Ninetales
|-sidestart|p2: testdigi|move: Aurora Veil
|move|p1a: Hatterene|Mystical Fire|p2b: Ninetales
|-supereffective|p2b: Ninetales|1
|-damage|p2b: Ninetales|8/100
|-unboost|p2b: Ninetales|spa|1
|
|-weather|Snowscape|[upkeep]
|-heal|p1a: Hatterene|57/100|[from] item: Leftovers
|upkeep
|turn|3
|inactive|testdigi has 30 seconds left.
|
|t:|1785852044
|move|p2a: Whimsicott|Tailwind|p2a: Whimsicott
|-sidestart|p2: testdigi|move: Tailwind
|move|p1b: Metagross|Bullet Punch|p2b: Ninetales
|-supereffective|p2b: Ninetales|2
|-damage|p2b: Ninetales|0 fnt
|faint|p2b: Ninetales
|move|p1a: Hatterene|Trick Room|p1a: Hatterene
|-fieldstart|move: Trick Room|[of] p1a: Hatterene
|
|-weather|Snowscape|[upkeep]
|-heal|p1a: Hatterene|63/100|[from] item: Leftovers
|upkeep
|
|t:|1785852052
|switch|p2b: Charizard|Charizard, L50, M|100/100
|turn|4
|inactive|grtnpwrfl has 30 seconds left.
|inactive|testdigi has 30 seconds left.
|inactive|grtnpwrfl has 20 seconds left.
|inactive|grtnpwrfl has 15 seconds left.
|inactive|grtnpwrfl has 10 seconds left.
|inactive|grtnpwrfl has 5 seconds left.
|
|t:|1785852107
|detailschange|p2b: Charizard|Charizard-Mega-Y, L50, M
|-mega|p2b: Charizard|Charizard|Charizardite Y
|-weather|SunnyDay|[from] ability: Drought|[of] p2b: Charizard
|move|p1b: Metagross|Bullet Punch|p2a: Whimsicott
|-supereffective|p2a: Whimsicott|1
|-damage|p2a: Whimsicott|40/100
|move|p2a: Whimsicott|Worry Seed|p1b: Metagross
|-ability|p1b: Metagross|Insomnia|Tough Claws|[from] move: Worry Seed
|move|p2b: Charizard|Heat Wave|p1a: Hatterene|[spread] p1a,p1b
|-supereffective|p1b: Metagross|1
|-damage|p1a: Hatterene|21/100
|-damage|p1b: Metagross|0 fnt
|-status|p1a: Hatterene|brn
|faint|p1b: Metagross
|move|p1a: Hatterene|Trick Room|p1a: Hatterene
|-fieldend|move: Trick Room
|
|-weather|SunnyDay|[upkeep]
|-heal|p1a: Hatterene|27/100 brn|[from] item: Leftovers
|-damage|p1a: Hatterene|21/100 brn|[from] brn
|upkeep
|
|t:|1785852123
|switch|p1b: Palafin|Palafin-Hero, L50, M|100/100
|-activate|p1b: Palafin|ability: Zero to Hero
|turn|5
|
|t:|1785852144
|move|p2b: Charizard|Protect|p2b: Charizard
|-singleturn|p2b: Charizard|Protect
|move|p1b: Palafin|Jet Punch|p2b: Charizard
|-activate|p2b: Charizard|move: Protect
|move|p2a: Whimsicott|Moonblast|p1b: Palafin
|-damage|p1b: Palafin|62/100
|move|p1a: Hatterene|Trick Room|p1a: Hatterene
|-fieldstart|move: Trick Room|[of] p1a: Hatterene
|
|-weather|SunnyDay|[upkeep]
|-heal|p1a: Hatterene|27/100 brn|[from] item: Leftovers
|-damage|p1a: Hatterene|21/100 brn|[from] brn
|upkeep
|turn|6
|
|t:|1785852163
|switch|p2b: Kingambit|Kingambit, L50, M|100/100
|move|p2a: Whimsicott|Protect|p2a: Whimsicott
|-singleturn|p2a: Whimsicott|Protect
|move|p1b: Palafin|Jet Punch|p2b: Kingambit
|-damage|p2b: Kingambit|90/100
|move|p1a: Hatterene|Mystical Fire|p2a: Whimsicott
|-activate|p2a: Whimsicott|move: Protect
|
|-weather|SunnyDay|[upkeep]
|-heal|p1a: Hatterene|27/100 brn|[from] item: Leftovers
|-damage|p1a: Hatterene|21/100 brn|[from] brn
|-sideend|p2: testdigi|move: Tailwind
|-sideend|p2: testdigi|move: Aurora Veil
|upkeep
|turn|7
|
|t:|1785852186
|switch|p2a: Charizard|Charizard-Mega-Y, L50, M|100/100
|move|p1b: Palafin|Jet Punch|p2b: Kingambit
|-damage|p2b: Kingambit|75/100
|move|p1a: Hatterene|Mystical Fire|p2b: Kingambit
|-supereffective|p2b: Kingambit|1
|-damage|p2b: Kingambit|0 fnt
|faint|p2b: Kingambit
|
|-weather|SunnyDay|[upkeep]
|-heal|p1a: Hatterene|27/100 brn|[from] item: Leftovers
|-damage|p1a: Hatterene|21/100 brn|[from] brn
|upkeep
|
|t:|1785852193
|switch|p2b: Whimsicott|Whimsicott, L50, F|40/100
|turn|8
|
|t:|1785852206
|move|p2b: Whimsicott|Protect|p2b: Whimsicott
|-singleturn|p2b: Whimsicott|Protect
|move|p1b: Palafin|Jet Punch|p2a: Charizard
|-supereffective|p2a: Charizard|1
|-damage|p2a: Charizard|61/100
|move|p1a: Hatterene|Mystical Fire|p2b: Whimsicott
|-activate|p2b: Whimsicott|move: Protect
|move|p2a: Charizard|Solar Beam||[still]
|-prepare|p2a: Charizard|Solar Beam
|-anim|p2a: Charizard|Solar Beam|p1b: Palafin
|-supereffective|p1b: Palafin|1
|-damage|p1b: Palafin|0 fnt
|faint|p1b: Palafin
|
|-weather|none
|-heal|p1a: Hatterene|27/100 brn|[from] item: Leftovers
|-damage|p1a: Hatterene|21/100 brn|[from] brn
|upkeep
|
|t:|1785852213
|switch|p1b: Aegislash|Aegislash, L50, M|100/100
|turn|9
|
|t:|1785852232
|move|p2a: Charizard|Protect|p2a: Charizard
|-singleturn|p2a: Charizard|Protect
|-formechange|p1b: Aegislash|Aegislash-Blade|
|move|p1b: Aegislash|Shadow Sneak|p2a: Charizard
|-activate|p2a: Charizard|move: Protect
|move|p2b: Whimsicott|Tailwind|p2b: Whimsicott
|-sidestart|p2: testdigi|move: Tailwind
|move|p1a: Hatterene|Mystical Fire|p2a: Charizard
|-activate|p2a: Charizard|move: Protect
|
|-heal|p1a: Hatterene|27/100 brn|[from] item: Leftovers
|-damage|p1a: Hatterene|21/100 brn|[from] brn
|-fieldend|move: Trick Room
|upkeep
|turn|10
|
|t:|1785852246
|-formechange|p1b: Aegislash|Aegislash|
|move|p1b: Aegislash|King's Shield|p1b: Aegislash
|-singleturn|p1b: Aegislash|Protect
|move|p2b: Whimsicott|Moonblast|p1a: Hatterene
|-damage|p1a: Hatterene|0 fnt
|faint|p1a: Hatterene
|move|p2a: Charizard|Heat Wave|p1b: Aegislash
|-activate|p1b: Aegislash|move: Protect
|
|upkeep
|turn|11
|-message|grtnpwrfl forfeited.
|
|win|testdigi
|l|☆grtnpwrfl
|player|p1|
||testdigi is ready for game 2.
|raw|grtnpwrfl's rating: 1067 → 1058(-9 for losing)
|raw|testdigi's rating: 1292 → 1303(+11 for winning)
