|j|☆Chandeliere
|j|☆Acris
|html|ChandeliereAcris    
|uhtml|bestof|Game 2 of a best-of-3
|t:|1756883829
|gametype|doubles
|player|p1|Chandeliere|ethan|1208
|player|p2|Acris|1|1190
|gen|9
|tier|[Gen 9] VGC 2025 Reg H (Bo3)
|rated|
|rule|Species Clause: Limit one of each Pokémon
|rule|Item Clause: Limit 1 of each item
|clearpoke
|poke|p1|Ninetales-Alola, L50, M|
|poke|p1|Gholdengo, L50|
|poke|p1|Garchomp, L50, F|
|poke|p1|Incineroar, L50, F|
|poke|p1|Sneasler, L50, F|
|poke|p1|Dragonite, L50, F|
|poke|p2|Archaludon, L50, M|
|poke|p2|Pelipper, L50, F|
|poke|p2|Basculegion, L50, M|
|poke|p2|Incineroar, L50, M|
|poke|p2|Maushold-Four, L50|
|poke|p2|Annihilape, L50, M|
|teampreview|4
|showteam|p1|Ninetales-Alola||LightClay|SnowWarning|AuroraVeil,Blizzard,FreezeDry,Protect|||M|||50|,,,,,Ghost]Gholdengo||LifeOrb|GoodasGold|MakeItRain,ShadowBall,NastyPlot,Protect||||||50|,,,,,Water]Garchomp||ClearAmulet|RoughSkin|Earthquake,StompingTantrum,DragonClaw,Protect|||F|||50|,,,,,Ground]Incineroar||AssaultVest|Intimidate|FakeOut,KnockOff,FlareBlitz,Uturn|||F|||50|,,,,,Grass]Sneasler||WhiteHerb|Unburden|Coaching,CloseCombat,DireClaw,Protect|||F|||50|,,,,,Ghost]Dragonite||LoadedDice|Multiscale|ScaleShot,Haze,Tailwind,Protect|||F|||50|,,,,,Fairy
|showteam|p2|Archaludon||AssaultVest|Stamina|DracoMeteor,FlashCannon,ElectroShot,BodyPress|||M|||50|,,,,,Bug]Pelipper||FocusSash|Drizzle|Hurricane,WeatherBall,Tailwind,Protect|||F|||50|,,,,,Stellar]Basculegion||ChoiceScarf|Adaptability|WaveCrash,FlipTurn,LastRespects,AquaJet|||M|||50|,,,,,Water]Incineroar||SafetyGoggles|Intimidate|FakeOut,KnockOff,Taunt,PartingShot|||M|||50|,,,,,Ghost]Maushold-Four||WideLens|Technician|PopulationBomb,BeatUp,FollowMe,Protect||||||50|,,,,,Ghost]Annihilape||Leftovers|Defiant|DrainPunch,RageFist,BulkUp,Protect|||M|||50|,,,,,Fire
|inactive|Battle timer is ON: inactive players will automatically lose when time's up. (requested by Acris)
|
|t:|1756883845
|teamsize|p1|4
|teamsize|p2|4
|start
|switch|p1a: Sneasler|Sneasler, L50, F|100/100
|switch|p1b: Dragonite|Dragonite, L50, F|100/100
|switch|p2a: Basculegion|Basculegion, L50, M|100/100
|switch|p2b: Archaludon|Archaludon, L50, M|100/100
|turn|1
|
|t:|1756883864
|move|p2a: Basculegion|Flip Turn|p2b: Archaludon
|-resisted|p2b: Archaludon
|-damage|p2b: Archaludon|86/100
|-ability|p2b: Archaludon|Stamina|boost
|-boost|p2b: Archaludon|def|1
|
|t:|1756883868
|switch|p2a: Incineroar|Incineroar, L50, M|100/100|[from] Flip Turn
|-ability|p2a: Incineroar|Intimidate|boost
|-unboost|p1a: Sneasler|atk|1
|-unboost|p1b: Dragonite|atk|1
|-enditem|p1a: Sneasler|White Herb
|-clearnegativeboost|p1a: Sneasler|[silent]
|move|p1a: Sneasler|Close Combat|p2b: Archaludon
|-supereffective|p2b: Archaludon
|-damage|p2b: Archaludon|29/100
|-unboost|p1a: Sneasler|def|1
|-unboost|p1a: Sneasler|spd|1
|-ability|p2b: Archaludon|Stamina|boost
|-boost|p2b: Archaludon|def|1
|move|p1b: Dragonite|Scale Shot|p2a: Incineroar
|-damage|p2a: Incineroar|91/100
|-damage|p2a: Incineroar|82/100
|-damage|p2a: Incineroar|72/100
|-damage|p2a: Incineroar|63/100
|-damage|p2a: Incineroar|52/100
|-hitcount|p2a: Incineroar|5
|-unboost|p1b: Dragonite|def|1
|-boost|p1b: Dragonite|spe|1
|move|p2b: Archaludon|Flash Cannon|p1a: Sneasler
|-damage|p1a: Sneasler|28/100
|
|upkeep
|turn|2
|inactive|Chandeliere has 30 seconds left.
|inactive|Chandeliere has 20 seconds left.
|
|t:|1756883906
|switch|p2a: Basculegion|Basculegion, L50, M|100/100
|move|p1a: Sneasler|Protect|p1a: Sneasler
|-singleturn|p1a: Sneasler|Protect
|move|p1b: Dragonite|Protect|p1b: Dragonite
|-singleturn|p1b: Dragonite|Protect
|move|p2b: Archaludon|Flash Cannon|p1a: Sneasler
|-activate|p1a: Sneasler|move: Protect
|
|upkeep
|turn|3
|
|t:|1756883925
|move|p1a: Sneasler|Coaching|p1b: Dragonite
|-boost|p1b: Dragonite|atk|1
|-boost|p1b: Dragonite|def|1
|move|p1b: Dragonite|Scale Shot|p2a: Basculegion
|-damage|p2a: Basculegion|81/100
|-damage|p2a: Basculegion|62/100
|-damage|p2a: Basculegion|43/100
|-damage|p2a: Basculegion|25/100
|-hitcount|p2a: Basculegion|4
|-unboost|p1b: Dragonite|def|1
|-boost|p1b: Dragonite|spe|1
|move|p2a: Basculegion|Flip Turn|p1a: Sneasler
|-damage|p1a: Sneasler|0 fnt
|faint|p1a: Sneasler
|
|t:|1756883942
|switch|p2a: Incineroar|Incineroar, L50, M|52/100|[from] Flip Turn
|-ability|p2a: Incineroar|Intimidate|boost
|-unboost|p1b: Dragonite|atk|1
|move|p2b: Archaludon|Flash Cannon|p1b: Dragonite
|-damage|p1b: Dragonite|79/100
|
|upkeep
|
|t:|1756883958
|switch|p1a: Gholdengo|Gholdengo, L50|100/100
|turn|4
|inactive|Chandeliere has 30 seconds left.
|
|t:|1756883984
|-terastallize|p1a: Gholdengo|Water
|move|p1b: Dragonite|Protect|p1b: Dragonite
|-singleturn|p1b: Dragonite|Protect
|move|p1a: Gholdengo|Shadow Ball|p2b: Archaludon
|-damage|p2b: Archaludon|0 fnt
|faint|p2b: Archaludon
|-damage|p1a: Gholdengo|91/100|[from] item: Life Orb
|move|p2a: Incineroar|Knock Off|p1a: Gholdengo
|-damage|p1a: Gholdengo|53/100
|-enditem|p1a: Gholdengo|Life Orb|[from] move: Knock Off|[of] p2a: Incineroar
|
|upkeep
|
|t:|1756884005
|switch|p2b: Basculegion|Basculegion, L50, M|25/100
|turn|5
|inactive|Chandeliere has 30 seconds left.
|inactive|Acris has 30 seconds left.
|
|t:|1756884032
|move|p1a: Gholdengo|Protect|p1a: Gholdengo
|-singleturn|p1a: Gholdengo|Protect
|move|p1b: Dragonite|Scale Shot|p2b: Basculegion
|-damage|p2b: Basculegion|13/100
|-damage|p2b: Basculegion|0 fnt
|faint|p2b: Basculegion
|-hitcount|p2: Basculegion|2
|-unboost|p1b: Dragonite|def|1
|-boost|p1b: Dragonite|spe|1
|move|p2a: Incineroar|Knock Off|p1a: Gholdengo
|-activate|p1a: Gholdengo|move: Protect
|
|upkeep
|
|t:|1756884041
|switch|p2b: Pelipper|Pelipper, L50, F|100/100
|-weather|RainDance|[from] ability: Drizzle|[of] p2b: Pelipper
|turn|6
|inactive|Acris has 30 seconds left.
|
|t:|1756884069
|switch|p1a: Ninetales|Ninetales-Alola, L50, M|100/100
|-weather|Snowscape|[from] ability: Snow Warning|[of] p1a: Ninetales
|-terastallize|p2b: Pelipper|Stellar
|move|p1b: Dragonite|Tailwind|p1b: Dragonite
|-sidestart|p1: Chandeliere|move: Tailwind
|move|p2b: Pelipper|Hurricane|p1a: Ninetales|[miss]
|-miss|p2b: Pelipper|p1a: Ninetales
|move|p2a: Incineroar|Knock Off|p1b: Dragonite
|-damage|p1b: Dragonite|0 fnt
|-enditem|p1b: Dragonite|Loaded Dice|[from] move: Knock Off|[of] p2a: Incineroar
|faint|p1b: Dragonite
|
|-weather|Snowscape|[upkeep]
|upkeep
|
|t:|1756884082
|switch|p1b: Gholdengo|Gholdengo, L50, tera:Water|53/100
|turn|7
|
|t:|1756884107
|move|p2b: Pelipper|Protect|p2b: Pelipper
|-singleturn|p2b: Pelipper|Protect
|move|p1a: Ninetales|Freeze-Dry|p2b: Pelipper
|-activate|p2b: Pelipper|move: Protect
|move|p1b: Gholdengo|Make It Rain|p2b: Pelipper|[spread] p2a
|-activate|p2b: Pelipper|move: Protect
|-resisted|p2a: Incineroar
|-damage|p2a: Incineroar|35/100
|-unboost|p1b: Gholdengo|spa|1
|move|p2a: Incineroar|Knock Off|p1b: Gholdengo
|-damage|p1b: Gholdengo|26/100
|
|-weather|Snowscape|[upkeep]
|upkeep
|turn|8
|
|t:|1756884127
|move|p1a: Ninetales|Freeze-Dry|p2b: Pelipper
|-supereffective|p2b: Pelipper
|-enditem|p2b: Pelipper|Focus Sash
|-damage|p2b: Pelipper|1/100
|move|p1b: Gholdengo|Make It Rain|p2a: Incineroar|[spread] p2a,p2b
|-resisted|p2a: Incineroar
|-resisted|p2b: Pelipper
|-damage|p2a: Incineroar|24/100
|-damage|p2b: Pelipper|0 fnt
|-unboost|p1b: Gholdengo|spa|1
|faint|p2b: Pelipper
|move|p2a: Incineroar|Knock Off|p1b: Gholdengo
|-damage|p1b: Gholdengo|0 fnt
|faint|p1b: Gholdengo
|
|-weather|Snowscape|[upkeep]
|upkeep
|turn|9
|
|t:|1756884141
|move|p1a: Ninetales|Blizzard|p2a: Incineroar
|-resisted|p2a: Incineroar
|-damage|p2a: Incineroar|14/100
|move|p2a: Incineroar|Knock Off|p1a: Ninetales
|-resisted|p1a: Ninetales
|-damage|p1a: Ninetales|85/100
|-enditem|p1a: Ninetales|Light Clay|[from] move: Knock Off|[of] p2a: Incineroar
|
|-weather|Snowscape|[upkeep]
|-sideend|p1: Chandeliere|move: Tailwind
|upkeep
|turn|10
|
|t:|1756884150
|move|p1a: Ninetales|Blizzard|p2a: Incineroar
|-resisted|p2a: Incineroar
|-damage|p2a: Incineroar|2/100
|move|p2a: Incineroar|Knock Off|p1a: Ninetales
|-resisted|p1a: Ninetales
|-damage|p1a: Ninetales|74/100
|
|-weather|none
|upkeep
|turn|11
|
|t:|1756884157
|move|p1a: Ninetales|Freeze-Dry|p2a: Incineroar
|-resisted|p2a: Incineroar
|-damage|p2a: Incineroar|0 fnt
|faint|p2a: Incineroar
|
|win|Chandeliere
|raw|Chandeliere's rating: 1208 → 1232(+24 for winning)
|raw|Acris's rating: 1190 → 1166(-24 for losing)
|c|☆Chandeliere|ggs
|l|☆Acris
|player|p2|
