|j|☆diederik49
|j|☆ethical sga
|html|diederik49ethical sga    
|uhtml|bestof|Game 1 of a best-of-3
|t:|1783438888
|gametype|doubles
|player|p1|diederik49|iono|1214
|player|p2|ethical sga|lass-gen4dp|1170
|gen|9
|tier|[Gen 9 Champions] VGC 2026 Reg M-B (Bo3)
|rated|
|rule|Species Clause: Limit one of each Pokémon
|rule|Item Clause: Limit 1 of each item
|clearpoke
|poke|p1|Sneasler, L50, M|
|poke|p1|Blastoise, L50, M|
|poke|p1|Kingambit, L50, M|
|poke|p1|Incineroar, L50, M|
|poke|p1|Delphox, L50, F|
|poke|p1|Sinistcha, L50|
|poke|p2|Scrafty, L50, M, shiny|
|poke|p2|Ceruledge, L50, F|
|poke|p2|Ninetales-Alola, L50, M|
|poke|p2|Sinistcha, L50|
|poke|p2|Garchomp, L50, F|
|poke|p2|Raichu, L50, M|
|teampreview|4
|showteam|p1|Sneasler||FocusSash|PoisonTouch|PoisonJab,CloseCombat,FakeOut,QuickGuard|Jolly||M|||50|]Blastoise||Blastoisinite|RainDish|DarkPulse,WaterSpout,ShellSmash,Protect|Modest||M|||50|]Kingambit||BlackGlasses|Defiant|KowtowCleave,SuckerPunch,SwordsDance,Protect|Adamant||M|||50|]Incineroar||SitrusBerry|Intimidate|FlareBlitz,Taunt,PartingShot,FakeOut|Careful||M|||50|]Delphox||Delphoxite|Blaze|HeatWave,NastyPlot,Psyshock,Protect|Modest||F|||50|]Sinistcha||KasibBerry|Hospitality|MatchaGotcha,RagePowder,TrickRoom,Protect|Bold|||||50|
|showteam|p2|Scrafty||Scraftinite|Intimidate|Detect,DrainPunch,KnockOff,FakeOut|Adamant||M|||50|]Ceruledge||ColburBerry|FlashFire|Protect,BitterBlade,ShadowSneak,BulkUp|Adamant||F|||50|]Ninetales-Alola||NeverMeltIce|SnowWarning|Protect,FreezeDry,IcyWind,AuroraVeil|Timid||M|||50|]Sinistcha||FocusSash|Hospitality|Protect,MatchaGotcha,Hex,RagePowder|Modest|||||50|]Garchomp||LifeOrb|RoughSkin|Protect,DragonClaw,StompingTantrum,RockTomb|Jolly||F|||50|]Raichu||RaichuniteY|LightningRod|Protect,ZapCannon,FocusBlast,FakeOut|Timid||M|||50|
|
|t:|1783438999
|teamsize|p1|4
|teamsize|p2|4
|start
|switch|p1a: Blastoise|Blastoise, L50, M|100/100
|switch|p1b: Sneasler|Sneasler, L50, M|100/100
|switch|p2a: Ninetales|Ninetales-Alola, L50, M|100/100
|switch|p2b: Raichu|Raichu, L50, M|100/100
|-weather|Snowscape|[from] ability: Snow Warning|[of] p2a: Ninetales
|turn|1
|
|t:|1783439026
|switch|p1a: Incineroar|Incineroar, L50, M|100/100
|-ability|p1a: Incineroar|Intimidate|boost
|-unboost|p2a: Ninetales|atk|1
|-unboost|p2b: Raichu|atk|1
|detailschange|p2b: Raichu|Raichu-Mega-Y, L50, M
|-mega|p2b: Raichu|Raichu|Raichunite Y
|move|p2b: Raichu|Zap Cannon|p1a: Incineroar
|-crit|p1a: Incineroar
|-damage|p1a: Incineroar|10/100
|-status|p1a: Incineroar|par
|-enditem|p1a: Incineroar|Sitrus Berry|[eat]
|-heal|p1a: Incineroar|35/100 par|[from] item: Sitrus Berry
|move|p1b: Sneasler|Poison Jab|p2a: Ninetales
|-supereffective|p2a: Ninetales|1
|-damage|p2a: Ninetales|10/100
|move|p2a: Ninetales|Freeze-Dry|p1a: Incineroar
|-resisted|p1a: Incineroar|1
|-damage|p1a: Incineroar|21/100 par
|
|-weather|Snowscape|[upkeep]
|upkeep
|turn|2
|
|t:|1783439051
|switch|p2a: Garchomp|Garchomp, L50, F|100/100
|move|p2b: Raichu|Protect|p2b: Raichu
|-singleturn|p2b: Raichu|Protect
|move|p1a: Incineroar|Fake Out|p2b: Raichu
|-activate|p2b: Raichu|move: Protect
|move|p1b: Sneasler|Close Combat|p2b: Raichu
|-activate|p2b: Raichu|move: Protect
|
|-weather|Snowscape|[upkeep]
|upkeep
|turn|3
|
|t:|1783439079
|switch|p1b: Sinistcha|Sinistcha, L50|100/100
|-heal|p1a: Incineroar|46/100 par|[from] ability: Hospitality|[of] p1b: Sinistcha
|move|p2b: Raichu|Zap Cannon|p1a: Incineroar
|-damage|p1a: Incineroar|0 fnt
|faint|p1a: Incineroar
|move|p2a: Garchomp|Stomping Tantrum|p1b: Sinistcha
|-resisted|p1b: Sinistcha|1
|-damage|p1b: Sinistcha|77/100
|-damage|p2a: Garchomp|90/100|[from] item: Life Orb
|
|-weather|Snowscape|[upkeep]
|upkeep
|
|t:|1783439086
|switch|p1a: Blastoise|Blastoise, L50, M|100/100
|turn|4
|
|t:|1783439098
|detailschange|p1a: Blastoise|Blastoise-Mega, L50, M
|-mega|p1a: Blastoise|Blastoise|Blastoisinite
|move|p1b: Sinistcha|Rage Powder|p1b: Sinistcha
|-singleturn|p1b: Sinistcha|move: Rage Powder
|move|p2b: Raichu|Zap Cannon|p1b: Sinistcha
|-resisted|p1b: Sinistcha|1
|-damage|p1b: Sinistcha|42/100
|-status|p1b: Sinistcha|par
|move|p2a: Garchomp|Dragon Claw|p1b: Sinistcha
|-damage|p1b: Sinistcha|1/100 par
|-damage|p2a: Garchomp|80/100|[from] item: Life Orb
|move|p1a: Blastoise|Shell Smash|p1a: Blastoise
|-unboost|p1a: Blastoise|def|1
|-unboost|p1a: Blastoise|spd|1
|-boost|p1a: Blastoise|atk|2
|-boost|p1a: Blastoise|spa|2
|-boost|p1a: Blastoise|spe|2
|
|-weather|Snowscape|[upkeep]
|upkeep
|turn|5
|
|t:|1783439111
|switch|p2b: Ninetales|Ninetales-Alola, L50, M|10/100
|switch|p1b: Sneasler|Sneasler, L50, M|100/100
|move|p2a: Garchomp|Protect|p2a: Garchomp
|-singleturn|p2a: Garchomp|Protect
|move|p1a: Blastoise|Water Spout|p2b: Ninetales|[spread] p2b
|-activate|p2a: Garchomp|move: Protect
|-damage|p2b: Ninetales|0 fnt
|faint|p2b: Ninetales
|
|-weather|none
|upkeep
|
|t:|1783439116
|switch|p2b: Raichu|Raichu-Mega-Y, L50, M|100/100
|turn|6
|
|t:|1783439122
|switch|p1b: Sinistcha|Sinistcha, L50|1/100 par
|move|p1a: Blastoise|Protect|p1a: Blastoise
|-singleturn|p1a: Blastoise|Protect
|move|p2b: Raichu|Fake Out|p1a: Blastoise
|-activate|p1a: Blastoise|move: Protect
|move|p2a: Garchomp|Stomping Tantrum|p1b: Sinistcha
|-resisted|p1b: Sinistcha|1
|-damage|p1b: Sinistcha|0 fnt
|faint|p1b: Sinistcha
|-damage|p2a: Garchomp|70/100|[from] item: Life Orb
|
|upkeep
|
|t:|1783439130
|switch|p1b: Sneasler|Sneasler, L50, M|100/100
|turn|7
|
|t:|1783439152
|switch|p2b: Sinistcha|Sinistcha, L50|100/100
|-heal|p2a: Garchomp|95/100|[from] ability: Hospitality|[of] p2b: Sinistcha
|move|p2a: Garchomp|Protect|p2a: Garchomp
|-singleturn|p2a: Garchomp|Protect
|move|p1a: Blastoise|Water Spout|p2a: Garchomp|[spread] p2b
|-activate|p2a: Garchomp|move: Protect
|-resisted|p2b: Sinistcha|1
|-damage|p2b: Sinistcha|14/100
|move|p1b: Sneasler|Poison Jab|p2b: Sinistcha
|-damage|p2b: Sinistcha|0 fnt
|faint|p2b: Sinistcha
|
|upkeep
|
|t:|1783439156
|switch|p2b: Raichu|Raichu-Mega-Y, L50, M|100/100
|turn|8
|
|t:|1783439163
|move|p1a: Blastoise|Protect|p1a: Blastoise
|-singleturn|p1a: Blastoise|Protect
|move|p2b: Raichu|Fake Out|p1a: Blastoise
|-activate|p1a: Blastoise|move: Protect
|move|p1b: Sneasler|Close Combat|p2a: Garchomp
|-damage|p2a: Garchomp|29/100
|-unboost|p1b: Sneasler|def|1
|-unboost|p1b: Sneasler|spd|1
|-damage|p1b: Sneasler|87/100|[from] ability: Rough Skin|[of] p2a: Garchomp
|move|p2a: Garchomp|Stomping Tantrum|p1b: Sneasler
|-supereffective|p1b: Sneasler|1
|-damage|p1b: Sneasler|0 fnt
|faint|p1b: Sneasler
|-damage|p2a: Garchomp|19/100|[from] item: Life Orb
|
|upkeep
|turn|9
|
|t:|1783439170
|move|p1a: Blastoise|Water Spout|p2b: Raichu|[spread] p2a,p2b
|-damage|p2a: Garchomp|0 fnt
|-damage|p2b: Raichu|0 fnt
|faint|p2a: Garchomp
|faint|p2b: Raichu
|
|win|diederik49
