|j|☆Nebbyblast
|j|☆ConnorClub
|html|NebbyblastConnorClub    
|uhtml|bestof|Game 2 of a best-of-3
|t:|1782958748
|gametype|doubles
|player|p1|Nebbyblast|fantina|
|player|p2|ConnorClub|dawn-masters3|
|gen|9
|tier|[Gen 9 Champions] VGC 2026 Reg M-B (Bo3)
|rule|Species Clause: Limit one of each Pokémon
|rule|Item Clause: Limit 1 of each item
|clearpoke
|poke|p1|Kingambit, L50, F|
|poke|p1|Basculegion, L50, M|
|poke|p1|Charizard, L50, F|
|poke|p1|Garchomp, L50, M|
|poke|p1|Sylveon, L50, M|
|poke|p1|Aerodactyl, L50, M|
|poke|p2|Tyranitar, L50, F|
|poke|p2|Excadrill, L50, F|
|poke|p2|Incineroar, L50, F, shiny|
|poke|p2|Sylveon, L50, F, shiny|
|poke|p2|Sinistcha, L50, shiny|
|poke|p2|Staraptor, L50, F, shiny|
|teampreview|4
|showteam|p1|Kingambit||ChopleBerry|Defiant|KowtowCleave,IronHead,SuckerPunch,Protect|Adamant||F|||50|]Basculegion||FocusSash|SwiftSwim|LastRespects,AquaJet,Liquidation,Protect|Jolly||M|||50|]Charizard||CharizarditeY|SolarPower|Protect,WeatherBall,HeatWave,SolarBeam|Timid||F|||50|]Garchomp||ChoiceScarf|RoughSkin|RockSlide,DragonClaw,StompingTantrum,Earthquake|Adamant||M|||50|]Sylveon||FairyFeather|Pixilate|Protect,QuickAttack,HyperBeam,HyperVoice|Modest||M|||50|]Aerodactyl||Aerodactylite|RockHead|Protect,DualWingbeat,Tailwind,RockSlide|Jolly||M|||50|
|showteam|p2|Tyranitar||Tyranitarite|SandStream|RockSlide,KnockOff,LowKick,Protect|Adamant||F|||50|]Excadrill||FocusSash|SandRush|Earthquake,RockSlide,IronHead,Protect|Adamant||F|||50|]Incineroar||PasshoBerry|Intimidate|ThroatChop,FlareBlitz,FakeOut,PartingShot|Impish||F|||50|]Sylveon||FairyFeather|Pixilate|HyperVoice,HyperBeam,QuickAttack,Protect|Modest||F|||50|]Sinistcha||SitrusBerry|Hospitality|MatchaGotcha,RagePowder,TrickRoom,StrengthSap|Calm|||||50|]Staraptor||Staraptite|Intimidate|CloseCombat,BraveBird,Roost,Protect|Jolly||F|||50|
|inactive|Battle timer is ON: inactive players will automatically lose when time's up. (requested by Nebbyblast)
|j| Javy Moment
|j| iMysticLeafeon
|c| Javy Moment|GOOD ROUND CONNOR
|c| Javy Moment|BRING IT HOME
|inactiveoff|Battle timer is now OFF.
|j| rafoboy
|
|t:|1782958847
|teamsize|p1|4
|teamsize|p2|4
|start
|switch|p1a: Garchomp|Garchomp, L50, M|100/100
|switch|p1b: Charizard|Charizard, L50, F|100/100
|switch|p2a: Shizuku|Excadrill, L50, F|100/100
|switch|p2b: Sora|Sylveon, L50, F, shiny|100/100
|turn|1
|
|t:|1782958861
|move|p2a: Shizuku|Protect|p2a: Shizuku
|-singleturn|p2a: Shizuku|Protect
|move|p1a: Garchomp|Earthquake|p2b: Sora|[spread] p2b
|-activate|p2a: Shizuku|move: Protect
|-immune|p1b: Charizard
|-damage|p2b: Sora|48/100
|move|p1b: Charizard|Heat Wave|p2a: Shizuku|[spread] p2b
|-activate|p2a: Shizuku|move: Protect
|-damage|p2b: Sora|22/100
|move|p2b: Sora|Hyper Voice|p1b: Charizard|[spread] p1a,p1b
|-supereffective|p1a: Garchomp|1
|-resisted|p1b: Charizard|1
|-damage|p1a: Garchomp|0 fnt
|-damage|p1b: Charizard|71/100
|faint|p1a: Garchomp
|
|upkeep
|
|t:|1782958877
|switch|p1a: Basculegion|Basculegion, L50, M|100/100
|turn|2
|
|t:|1782958892
|switch|p2b: Kaori|Tyranitar, L50, F|100/100
|-weather|Sandstorm|[from] ability: Sand Stream|[of] p2b: Kaori
|detailschange|p1b: Charizard|Charizard-Mega-Y, L50, F
|-mega|p1b: Charizard|Charizard|Charizardite Y
|-weather|SunnyDay|[from] ability: Drought|[of] p1b: Charizard
|move|p1a: Basculegion|Aqua Jet|p2b: Kaori
|-supereffective|p2b: Kaori|1
|-damage|p2b: Kaori|82/100
|move|p1b: Charizard|Heat Wave|p2b: Kaori|[spread] p2a,p2b
|-supereffective|p2a: Shizuku|1
|-resisted|p2b: Kaori|1
|-enditem|p2a: Shizuku|Focus Sash
|-damage|p2a: Shizuku|1/100
|-damage|p2b: Kaori|56/100
|move|p2a: Shizuku|Rock Slide|p1a: Basculegion|[spread] p1a
|-miss|p2a: Shizuku|p1b: Charizard
|-damage|p1a: Basculegion|72/100
|
|-weather|SunnyDay|[upkeep]
|upkeep
|turn|3
|
|t:|1782958948
|switch|p1b: Kingambit|Kingambit, L50, F|100/100
|switch|p2a: Naoi|Sinistcha, L50, shiny|100/100
|-heal|p2b: Kaori|80/100|[from] ability: Hospitality|[of] p2a: Naoi
|detailschange|p2b: Kaori|Tyranitar-Mega, L50, F
|-mega|p2b: Kaori|Tyranitar|Tyranitarite
|-weather|Sandstorm|[from] ability: Sand Stream|[of] p2b: Kaori
|move|p1a: Basculegion|Aqua Jet|p2a: Naoi
|-resisted|p2a: Naoi|1
|-damage|p2a: Naoi|91/100
|move|p2b: Kaori|Rock Slide|p1b: Kingambit|[spread] p1a,p1b
|-resisted|p1b: Kingambit|1
|-damage|p1a: Basculegion|26/100
|-damage|p1b: Kingambit|87/100
|
|-weather|Sandstorm|[upkeep]
|-damage|p1a: Basculegion|20/100y|[from] Sandstorm
|-damage|p2a: Naoi|85/100|[from] Sandstorm
|upkeep
|turn|4
|
|t:|1782958996
|move|p2a: Naoi|Rage Powder|p2a: Naoi
|-singleturn|p2a: Naoi|move: Rage Powder
|move|p1a: Basculegion|Last Respects|p2a: Naoi
|-supereffective|p2a: Naoi|1
|-damage|p2a: Naoi|3/100
|-enditem|p2a: Naoi|Sitrus Berry|[eat]
|-heal|p2a: Naoi|28/100|[from] item: Sitrus Berry
|move|p2b: Kaori|Low Kick|p1b: Kingambit
|-supereffective|p1b: Kingambit|2
|-enditem|p1b: Kingambit|Chople Berry|[eat]
|-enditem|p1b: Kingambit|Chople Berry|[weaken]
|-damage|p1b: Kingambit|24/100
|move|p1b: Kingambit|Iron Head|p2a: Naoi
|-damage|p2a: Naoi|0 fnt
|faint|p2a: Naoi
|
|-weather|Sandstorm|[upkeep]
|-damage|p1a: Basculegion|14/100|[from] Sandstorm
|upkeep
|
|t:|1782959009
|switch|p2a: Sora|Sylveon, L50, F, shiny|22/100
|turn|5
|
|t:|1782959084
|move|p2a: Sora|Quick Attack|p1a: Basculegion
|-damage|p1a: Basculegion|0 fnt
|faint|p1a: Basculegion
|move|p1b: Kingambit|Sucker Punch||[still]
|-fail|p1b: Kingambit
|move|p2b: Kaori|Low Kick|p1b: Kingambit
|-supereffective|p1b: Kingambit|2
|-damage|p1b: Kingambit|0 fnt
|faint|p1b: Kingambit
|
|-weather|Sandstorm|[upkeep]
|-damage|p2a: Sora|16/100|[from] Sandstorm
|upkeep
|
|t:|1782959090
|switch|p1b: Charizard|Charizard-Mega-Y, L50, F|71/100
|-weather|SunnyDay|[from] ability: Drought|[of] p1b: Charizard
|turn|6
|
|t:|1782959115
|switch|p2b: Shizuku|Excadrill, L50, F|1/100
|move|p1b: Charizard|Protect|p1b: Charizard
|-singleturn|p1b: Charizard|Protect
|move|p2a: Sora|Protect||[still]
|-fail|p2a: Sora
|
|-weather|SunnyDay|[upkeep]
|upkeep
|turn|7
|
|t:|1782959125
|switch|p2a: Kaori|Tyranitar-Mega, L50, F|80/100
|-weather|Sandstorm|[from] ability: Sand Stream|[of] p2a: Kaori
|move|p2b: Shizuku|Rock Slide|p1b: Charizard|[miss]
|-miss|p2b: Shizuku|p1b: Charizard
|move|p1b: Charizard|Heat Wave|p2b: Shizuku|[spread] p2a,p2b
|-resisted|p2a: Kaori|1
|-supereffective|p2b: Shizuku|1
|-damage|p2a: Kaori|71/100
|-damage|p2b: Shizuku|0 fnt
|faint|p2b: Shizuku
|
|-weather|Sandstorm|[upkeep]
|-damage|p1b: Charizard|65/100|[from] Sandstorm
|upkeep
|
|t:|1782959130
|switch|p2b: Sora|Sylveon, L50, F, shiny|16/100
|turn|8
|
|t:|1782959143
|move|p1b: Charizard|Weather Ball|p2a: Kaori
|-damage|p2a: Kaori|50/100g
|move|p2a: Kaori|Rock Slide|p1b: Charizard
|-supereffective|p1b: Charizard|2
|-damage|p1b: Charizard|0 fnt
|faint|p1b: Charizard
|
|win|ConnorClub
|c|☆Nebbyblast|ggs
|c|☆ConnorClub|ggs
|c| Javy Moment|LETS GOOOOO
