|j|☆lux raymundi
|j|☆VGC98765
|html|lux raymundiVGC98765    
|uhtml|bestof|Game 1 of a best-of-3
|t:|1786046009
|gametype|doubles
|player|p1|lux raymundi|170|1259
|player|p2|VGC98765|266|1237
|gen|9
|tier|[Gen 9 Champions] VGC 2026 Reg M-B (Bo3)
|rated|
|rule|Species Clause: Limit one of each Pokémon
|rule|Item Clause: Limit 1 of each item
|clearpoke
|poke|p1|Sneasler, L50, M|
|poke|p1|Blastoise, L50, M|
|poke|p1|Kingambit, L50, M|
|poke|p1|Incineroar, L50, M|
|poke|p1|Delphox, L50, F|
|poke|p1|Sinistcha, L50|
|poke|p2|Staraptor, L50, M|
|poke|p2|Arcanine-Hisui, L50, F|
|poke|p2|Kingambit, L50, F|
|poke|p2|Raichu, L50, F|
|poke|p2|Farigiraf, L50, M|
|poke|p2|Sylveon, L50, F|
|teampreview|4
|showteam|p1|Sneasler||FocusSash|PoisonTouch|PoisonJab,CloseCombat,FakeOut,QuickGuard|Jolly||M|||50|]Blastoise||Blastoisinite|RainDish|DarkPulse,WaterSpout,ShellSmash,Protect|Modest||M|||50|]Kingambit||BlackGlasses|Defiant|KowtowCleave,SuckerPunch,SwordsDance,Protect|Adamant||M|||50|]Incineroar||SitrusBerry|Intimidate|FlareBlitz,ThroatChop,PartingShot,FakeOut|Careful||M|||50|]Delphox||Delphoxite|Blaze|HeatWave,NastyPlot,Psychic,Protect|Timid||F|||50|]Sinistcha||KasibBerry|Hospitality|MatchaGotcha,RagePowder,TrickRoom,Protect|Bold|||||50|
|showteam|p2|Staraptor||Staraptite|Intimidate|CloseCombat,DualWingbeat,Tailwind,Protect|Jolly||M|||50|]Arcanine-Hisui||FocusSash|RockHead|FlareBlitz,HeadSmash,ExtremeSpeed,Protect|Jolly||F|||50|]Kingambit||LifeOrb|Defiant|KowtowCleave,SuckerPunch,SwordsDance,Protect|Adamant||F|||50|]Raichu||RaichuniteY|LightningRod|ZapCannon,FocusBlast,FakeOut,Protect|Timid||F|||50|]Farigiraf||SitrusBerry|ArmorTail|Psychic,HelpingHand,TrickRoom,Protect|Calm||M|||50|]Sylveon||FairyFeather|Pixilate|HyperVoice,HyperBeam,QuickAttack,Detect|Modest||F|||50|
|inactive|Battle timer is ON: inactive players will automatically lose when time's up. (requested by lux raymundi)
|
|t:|1786046111
|teamsize|p1|4
|teamsize|p2|4
|start
|switch|p1a: Incineroar|Incineroar, L50, M|100/100
|switch|p1b: Delphox|Delphox, L50, F|100/100
|switch|p2a: Raichu|Raichu, L50, F|100/100
|switch|p2b: Arcanine|Arcanine-Hisui, L50, F|100/100
|-ability|p1a: Incineroar|Intimidate|boost
|-unboost|p2a: Raichu|atk|1
|-unboost|p2b: Arcanine|atk|1
|turn|1
|inactive|VGC98765 has 30 seconds left.
|inactive|VGC98765 has 20 seconds left.
|inactive|VGC98765 has 15 seconds left.
|inactive|VGC98765 has 10 seconds left.
|inactive|VGC98765 has 5 seconds left.
|
|t:|1786046162
|switch|p1b: Kingambit|Kingambit, L50, M|100/100
|detailschange|p2a: Raichu|Raichu-Mega-Y, L50, F
|-mega|p2a: Raichu|Raichu|Raichunite Y
|move|p2b: Arcanine|Protect|p2b: Arcanine
|-singleturn|p2b: Arcanine|Protect
|move|p2a: Raichu|Fake Out|p1b: Kingambit
|-resisted|p1b: Kingambit|1
|-damage|p1b: Kingambit|97/100
|move|p1a: Incineroar|Parting Shot|p2b: Arcanine
|-activate|p2b: Arcanine|move: Protect
|
|upkeep
|turn|2
|inactive|lux raymundi has 30 seconds left.
|inactive|lux raymundi has 20 seconds left.
|inactive|lux raymundi has 15 seconds left.
|
|t:|1786046205
|move|p2a: Raichu|Focus Blast|p1b: Kingambit
|-supereffective|p1b: Kingambit|2
|-damage|p1b: Kingambit|0 fnt
|faint|p1b: Kingambit
|move|p2b: Arcanine|Head Smash|p1a: Incineroar
|-supereffective|p1a: Incineroar|1
|-damage|p1a: Incineroar|12/100
|-enditem|p1a: Incineroar|Sitrus Berry|[eat]
|-heal|p1a: Incineroar|37/100|[from] item: Sitrus Berry
|move|p1a: Incineroar|Flare Blitz|p2a: Raichu
|-damage|p2a: Raichu|22/100
|-damage|p1a: Incineroar|16/100|[from] Recoil
|
|upkeep
|
|t:|1786046210
|switch|p1b: Delphox|Delphox, L50, F|100/100
|turn|3
|
|t:|1786046227
|switch|p2a: Farigiraf|Farigiraf, L50, M|100/100
|detailschange|p1b: Delphox|Delphox-Mega, L50, F
|-mega|p1b: Delphox|Delphox|Delphoxite
|move|p1b: Delphox|Protect|p1b: Delphox
|-singleturn|p1b: Delphox|Protect
|move|p2b: Arcanine|Head Smash|p1b: Delphox
|-activate|p1b: Delphox|move: Protect
|move|p1a: Incineroar|Parting Shot|p2b: Arcanine
|-unboost|p2b: Arcanine|atk|1
|-unboost|p2b: Arcanine|spa|1
|
|t:|1786046238
|switch|p1a: Sneasler|Sneasler, L50, M|100/100|[from] Parting Shot
|
|upkeep
|turn|4
|
|t:|1786046254
|move|p1b: Delphox|Heat Wave|p2a: Farigiraf|[spread] p2a,p2b
|-resisted|p2b: Arcanine|2
|-damage|p2a: Farigiraf|64/100
|-damage|p2b: Arcanine|87/100
|move|p1a: Sneasler|Close Combat|p2b: Arcanine
|-supereffective|p2b: Arcanine|1
|-damage|p2b: Arcanine|0 fnt
|-unboost|p1a: Sneasler|def|1
|-unboost|p1a: Sneasler|spd|1
|faint|p2b: Arcanine
|move|p2a: Farigiraf|Trick Room|p2a: Farigiraf
|-fieldstart|move: Trick Room|[of] p2a: Farigiraf
|
|upkeep
|
|t:|1786046260
|switch|p2b: Sylveon|Sylveon, L50, F|100/100
|turn|5
|
|t:|1786046270
|switch|p1a: Incineroar|Incineroar, L50, M|16/100
|-ability|p1a: Incineroar|Intimidate|boost
|-unboost|p2a: Farigiraf|atk|1
|-unboost|p2b: Sylveon|atk|1
|move|p2a: Farigiraf|Psychic|p1a: Incineroar
|-immune|p1a: Incineroar
|move|p2b: Sylveon|Hyper Voice|p1a: Incineroar|[spread] p1a,p1b
|-crit|p1a: Incineroar
|-resisted|p1b: Delphox|1
|-damage|p1a: Incineroar|0 fnt
|-damage|p1b: Delphox|75/100
|faint|p1a: Incineroar
|move|p1b: Delphox|Heat Wave|p2a: Farigiraf|[spread] p2a,p2b
|-damage|p2a: Farigiraf|29/100
|-damage|p2b: Sylveon|63/100
|-enditem|p2a: Farigiraf|Sitrus Berry|[eat]
|-heal|p2a: Farigiraf|54/100|[from] item: Sitrus Berry
|
|upkeep
|
|t:|1786046284
|switch|p1a: Sneasler|Sneasler, L50, M|100/100
|turn|6
|inactive|VGC98765 has 30 seconds left.
|inactive|VGC98765 has 20 seconds left.
|inactive|VGC98765 has 15 seconds left.
|
|t:|1786046328
|move|p2a: Farigiraf|Psychic|p1a: Sneasler
|-supereffective|p1a: Sneasler|2
|-enditem|p1a: Sneasler|Focus Sash
|-damage|p1a: Sneasler|1/100
|move|p2b: Sylveon|Hyper Voice|p1b: Delphox|[spread] p1a,p1b
|-resisted|p1b: Delphox|1
|-damage|p1a: Sneasler|0 fnt
|-damage|p1b: Delphox|53/100
|faint|p1a: Sneasler
|move|p1b: Delphox|Nasty Plot|p1b: Delphox
|-boost|p1b: Delphox|spa|2
|
|upkeep
|turn|7
|
|t:|1786046343
|move|p2a: Farigiraf|Psychic|p1b: Delphox
|-resisted|p1b: Delphox|1
|-damage|p1b: Delphox|35/100
|move|p2b: Sylveon|Hyper Beam|p1b: Delphox
|-resisted|p1b: Delphox|1
|-damage|p1b: Delphox|0 fnt
|-mustrecharge|p2b: Sylveon
|faint|p1b: Delphox
|
|win|VGC98765
