|j|☆Suffle_Gz
|j|☆lettitripppp
|html|Suffle_Gzlettitripppp    
|uhtml|bestof|Game 2 of a best-of-3
|t:|1785459459
|gametype|doubles
|player|p1|Suffle_Gz|mars|1111
|player|p2|lettitripppp|lucas|1184
|gen|9
|tier|[Gen 9 Champions] VGC 2026 Reg M-B (Bo3)
|rated|
|rule|Species Clause: Limit one of each Pokémon
|rule|Item Clause: Limit 1 of each item
|clearpoke
|poke|p1|Grimmsnarl, L50, M|
|poke|p1|Toxapex, L50, F|
|poke|p1|Clefable, L50, F|
|poke|p1|Aerodactyl, L50, F|
|poke|p1|Chesnaught, L50, M|
|poke|p1|Tyranitar, L50, M|
|poke|p2|Charizard, L50, F|
|poke|p2|Glimmora, L50, F|
|poke|p2|Ninetales-Alola, L50, M|
|poke|p2|Whimsicott, L50, M, shiny|
|poke|p2|Kingambit, L50, F, shiny|
|poke|p2|Kommo-o, L50, M|
|teampreview|4
|showteam|p1|Grimmsnarl||LightClay|Prankster|Reflect,LightScreen,PartingShot,SpiritBreak|Careful||M|||50|]Toxapex||Leftovers|Regenerator|Toxic,Infestation,WideGuard,BanefulBunker|Bold||F|||50|]Clefable||SitrusBerry|Unaware|Moonblast,StealthRock,LifeDew,Protect|Calm||F|||50|]Aerodactyl||Aerodactylite|Unnerve|RockSlide,DualWingbeat,IronHead,Protect|Jolly||F|||50|]Chesnaught||Chesnaughtite|Bulletproof|BodyPress,IronDefense,LeechSeed,SpikyShield|Calm||M|||50|]Tyranitar||ChoiceScarf|SandStream|RockSlide,HighHorsepower,IcePunch,Crunch|Jolly||M|||50|
|showteam|p2|Charizard||CharizarditeY|Blaze|WeatherBall,SolarBeam,HeatWave,Protect|Modest||F|||50|]Glimmora||Glimmoranite|ToxicDebris|SludgeBomb,EarthPower,PowerGem,SpikyShield|Timid||F|||50|]Ninetales-Alola||NeverMeltIce|SnowWarning|FreezeDry,Blizzard,Disable,Protect|Timid||M|||50|]Whimsicott||FocusSash|Prankster|Moonblast,Tailwind,Encore,Protect|Timid||M|||50|]Kingambit||BlackGlasses|Defiant|KowtowCleave,SuckerPunch,IronHead,Protect|Adamant||F|||50|]Kommo-o||LifeOrb|Overcoat|ClangingScales,VacuumWave,AuraSphere,Protect|Timid||M|||50|
|inactive|Battle timer is ON: inactive players will automatically lose when time's up. (requested by lettitripppp)
|
|t:|1785459472
|teamsize|p1|4
|teamsize|p2|4
|start
|switch|p1a: Grimmsnarl|Grimmsnarl, L50, M|100/100
|switch|p1b: Toxapex|Toxapex, L50, F|100/100
|switch|p2a: BLOW AWAY|Glimmora, L50, F|100/100
|switch|p2b: LETS GO GO|Whimsicott, L50, M, shiny|100/100
|turn|1
|
|t:|1785459494
|move|p1a: Grimmsnarl|Light Screen|p1a: Grimmsnarl
|-sidestart|p1: Suffle_Gz|move: Light Screen
|move|p2b: LETS GO GO|Moonblast|p1a: Grimmsnarl
|-supereffective|p1a: Grimmsnarl|1
|-damage|p1a: Grimmsnarl|67/100
|move|p2a: BLOW AWAY|Sludge Bomb|p1a: Grimmsnarl
|-supereffective|p1a: Grimmsnarl|1
|-damage|p1a: Grimmsnarl|7/100
|move|p1b: Toxapex|Toxic|p2b: LETS GO GO
|-status|p2b: LETS GO GO|tox
|
|-damage|p2b: LETS GO GO|94/100 tox|[from] psn
|upkeep
|turn|2
|
|t:|1785459514
|move|p2b: LETS GO GO|Encore|p1b: Toxapex
|-start|p1b: Toxapex|Encore
|move|p1a: Grimmsnarl|Parting Shot|p2a: BLOW AWAY
|-unboost|p2a: BLOW AWAY|atk|1
|-unboost|p2a: BLOW AWAY|spa|1
|
|t:|1785459525
|switch|p1a: Chesnaught|Chesnaught, L50, M|100/100|[from] Parting Shot
|move|p2a: BLOW AWAY|Power Gem|p1a: Chesnaught
|-resisted|p1a: Chesnaught|1
|-damage|p1a: Chesnaught|92/100
|move|p1b: Toxapex|Toxic|p2b: LETS GO GO
|-fail|p2b: LETS GO GO|tox
|
|-damage|p2b: LETS GO GO|82/100 tox|[from] psn
|upkeep
|turn|3
|inactive|Suffle_Gz has 30 seconds left.
|
|t:|1785459559
|switch|p2b: SNOWRUMA|Ninetales-Alola, L50, M|100/100
|-weather|Snowscape|[from] ability: Snow Warning|[of] p2b: SNOWRUMA
|switch|p2a: AGNI|Charizard, L50, F|100/100
|switch|p1b: Grimmsnarl|Grimmsnarl, L50, M|7/100
|detailschange|p1a: Chesnaught|Chesnaught-Mega, L50, M
|-mega|p1a: Chesnaught|Chesnaught|Chesnaughtite
|move|p1a: Chesnaught|Leech Seed|p2a: AGNI
|-start|p2a: AGNI|move: Leech Seed
|
|-weather|Snowscape|[upkeep]
|-damage|p2a: AGNI|87/100|[from] Leech Seed|[of] p1a: Chesnaught
|-heal|p1a: Chesnaught|100/100|[silent]
|upkeep
|turn|4
|inactive|Suffle_Gz has 30 seconds left.
|inactive|Suffle_Gz has 20 seconds left.
|inactive|Suffle_Gz has 15 seconds left.
|
|t:|1785459600
|move|p1b: Grimmsnarl|Parting Shot|p2b: SNOWRUMA
|-unboost|p2b: SNOWRUMA|atk|1
|-unboost|p2b: SNOWRUMA|spa|1
|
|t:|1785459608
|switch|p1b: Clefable|Clefable, L50, F|100/100|[from] Parting Shot
|move|p2b: SNOWRUMA|Blizzard|p1a: Chesnaught|[spread] p1a,p1b
|-supereffective|p1a: Chesnaught|1
|-damage|p1a: Chesnaught|78/100
|-damage|p1b: Clefable|83/100
|-status|p1a: Chesnaught|frz
|move|p2a: AGNI|Heat Wave|p1b: Clefable|[spread] p1a,p1b
|-supereffective|p1a: Chesnaught|1
|-damage|p1a: Chesnaught|54/100 frz
|-damage|p1b: Clefable|71/100
|-status|p1b: Clefable|brn
|-curestatus|p1a: Chesnaught|frz|[msg]
|move|p1a: Chesnaught|Leech Seed|p2b: SNOWRUMA
|-start|p2b: SNOWRUMA|move: Leech Seed
|
|-weather|Snowscape|[upkeep]
|-damage|p2b: SNOWRUMA|88/100|[from] Leech Seed|[of] p1a: Chesnaught
|-heal|p1a: Chesnaught|63/100|[silent]
|-damage|p2a: AGNI|75/100|[from] Leech Seed|[of] p1a: Chesnaught
|-heal|p1a: Chesnaught|74/100|[silent]
|-damage|p1b: Clefable|65/100 brn|[from] brn
|upkeep
|turn|5
|
|t:|1785459630
|switch|p2b: LETS GO GO|Whimsicott, L50, M, shiny|82/100 tox
|detailschange|p2a: AGNI|Charizard-Mega-Y, L50, F
|-mega|p2a: AGNI|Charizard|Charizardite Y
|-weather|SunnyDay|[from] ability: Drought|[of] p2a: AGNI
|move|p1a: Chesnaught|Spiky Shield|p1a: Chesnaught
|-singleturn|p1a: Chesnaught|move: Protect
|move|p2a: AGNI|Heat Wave|p1b: Clefable|[spread] p1b
|-activate|p1a: Chesnaught|move: Protect
|-damage|p1b: Clefable|39/100 brn
|-enditem|p1b: Clefable|Sitrus Berry|[eat]
|-heal|p1b: Clefable|63/100 brn|[from] item: Sitrus Berry
|move|p1b: Clefable|Stealth Rock|p2a: AGNI
|-sidestart|p2: lettitripppp|move: Stealth Rock
|
|-weather|SunnyDay|[upkeep]
|-damage|p2a: AGNI|63/100|[from] Leech Seed|[of] p1a: Chesnaught
|-heal|p1a: Chesnaught|86/100|[silent]
|-damage|p2b: LETS GO GO|76/100 tox|[from] psn
|-damage|p1b: Clefable|57/100 brn|[from] brn
|upkeep
|turn|6
|inactive|Suffle_Gz has 30 seconds left.
|
|t:|1785459662
|switch|p1a: Grimmsnarl|Grimmsnarl, L50, M|7/100
|move|p2b: LETS GO GO|Moonblast|p1b: Clefable
|-damage|p1b: Clefable|46/100 brn
|move|p2a: AGNI|Heat Wave|p1b: Clefable|[spread] p1a,p1b
|-damage|p1a: Grimmsnarl|0 fnt
|-damage|p1b: Clefable|16/100 brn
|faint|p1a: Grimmsnarl
|move|p1b: Clefable|Life Dew|p1b: Clefable
|-heal|p1b: Clefable|41/100 brn
|
|-weather|SunnyDay|[upkeep]
|-damage|p2b: LETS GO GO|64/100 tox|[from] psn
|-damage|p1b: Clefable|35/100 brn|[from] brn
|upkeep
|
|t:|1785459678
|switch|p1a: Toxapex|Toxapex, L50, F|100/100
|turn|7
|
|t:|1785459687
|move|p1b: Clefable|Protect|p1b: Clefable
|-singleturn|p1b: Clefable|Protect
|move|p2b: LETS GO GO|Moonblast|p1a: Toxapex
|-resisted|p1a: Toxapex|1
|-crit|p1a: Toxapex
|-damage|p1a: Toxapex|80/100
|move|p2a: AGNI|Weather Ball|p1b: Clefable
|-activate|p1b: Clefable|move: Protect
|move|p1a: Toxapex|Infestation|p2a: AGNI
|-resisted|p2a: AGNI|2
|-damage|p2a: AGNI|62/100
|-activate|p2a: AGNI|move: Infestation|[of] p1a: Toxapex
|
|-weather|SunnyDay|[upkeep]
|-heal|p1a: Toxapex|86/100|[from] item: Leftovers
|-damage|p2a: AGNI|50/100g|[from] Leech Seed|[of] p1a: Toxapex
|-heal|p1a: Toxapex|100/100|[silent]
|-damage|p2b: LETS GO GO|46/100 tox|[from] psn
|-damage|p1b: Clefable|29/100 brn|[from] brn
|-damage|p2a: AGNI|38/100|[from] move: Infestation|[partiallytrapped]
|upkeep
|turn|8
|
|t:|1785459710
|switch|p1b: Chesnaught|Chesnaught-Mega, L50, M|86/100
|move|p1a: Toxapex|Wide Guard|p1a: Toxapex
|-singleturn|p1a: Toxapex|Wide Guard
|move|p2b: LETS GO GO|Encore|p1a: Toxapex
|-start|p1a: Toxapex|Encore
|move|p2a: AGNI|Heat Wave|p1a: Toxapex|[spread] 
|-activate|p1a: Toxapex|move: Wide Guard
|-activate|p1b: Chesnaught|move: Wide Guard
|
|-weather|SunnyDay|[upkeep]
|-damage|p2a: AGNI|26/100|[from] Leech Seed|[of] p1a: Toxapex
|-damage|p2b: LETS GO GO|22/100 tox|[from] psn
|-damage|p2a: AGNI|13/100|[from] move: Infestation|[partiallytrapped]
|-sideend|p1: Suffle_Gz|move: Light Screen
|upkeep
|turn|9
|inactive|Suffle_Gz has 30 seconds left.
|
|t:|1785459743
|move|p1b: Chesnaught|Spiky Shield|p1b: Chesnaught
|-singleturn|p1b: Chesnaught|move: Protect
|move|p1a: Toxapex|Wide Guard|p1a: Toxapex
|-singleturn|p1a: Toxapex|Wide Guard
|move|p2b: LETS GO GO|Moonblast|p1b: Chesnaught
|-activate|p1b: Chesnaught|move: Protect
|move|p2a: AGNI|Solar Beam||[still]
|-prepare|p2a: AGNI|Solar Beam
|-anim|p2a: AGNI|Solar Beam|p1a: Toxapex
|-damage|p1a: Toxapex|63/100
|
|-weather|none
|-heal|p1a: Toxapex|68/100|[from] item: Leftovers
|-damage|p2a: AGNI|1/100|[from] Leech Seed|[of] p1a: Toxapex
|-heal|p1a: Toxapex|82/100|[silent]
|-damage|p2b: LETS GO GO|0 fnt|[from] psn
|faint|p2b: LETS GO GO
|-damage|p2a: AGNI|0 fnt|[from] move: Infestation|[partiallytrapped]
|faint|p2a: AGNI
|upkeep
|
|t:|1785459750
|switch|p2b: BLOW AWAY|Glimmora, L50, F|100/100
|switch|p2a: SNOWRUMA|Ninetales-Alola, L50, M|88/100
|-damage|p2a: SNOWRUMA|63/100|[from] Stealth Rock
|-weather|Snowscape|[from] ability: Snow Warning|[of] p2a: SNOWRUMA
|-damage|p2b: BLOW AWAY|87/100|[from] Stealth Rock
|turn|10
|inactive|Suffle_Gz has 30 seconds left.
|
|t:|1785459782
|move|p1a: Toxapex|Wide Guard|p1a: Toxapex
|-singleturn|p1a: Toxapex|Wide Guard
|move|p2a: SNOWRUMA|Freeze-Dry|p1b: Chesnaught
|-supereffective|p1b: Chesnaught|1
|-damage|p1b: Chesnaught|48/100
|move|p2b: BLOW AWAY|Power Gem|p1b: Chesnaught
|-resisted|p1b: Chesnaught|1
|-damage|p1b: Chesnaught|34/100
|move|p1b: Chesnaught|Leech Seed|p2a: SNOWRUMA
|-start|p2a: SNOWRUMA|move: Leech Seed
|
|-weather|Snowscape|[upkeep]
|-heal|p1a: Toxapex|88/100|[from] item: Leftovers
|-damage|p2a: SNOWRUMA|51/100|[from] Leech Seed|[of] p1b: Chesnaught
|-heal|p1b: Chesnaught|43/100|[silent]
|upkeep
|turn|11
|
|t:|1785459807
|move|p1b: Chesnaught|Spiky Shield|p1b: Chesnaught
|-singleturn|p1b: Chesnaught|move: Protect
|move|p1a: Toxapex|Wide Guard|p1a: Toxapex
|-singleturn|p1a: Toxapex|Wide Guard
|move|p2a: SNOWRUMA|Freeze-Dry|p1a: Toxapex
|-supereffective|p1a: Toxapex|1
|-damage|p1a: Toxapex|35/100
|move|p2b: BLOW AWAY|Earth Power|p1a: Toxapex
|-supereffective|p1a: Toxapex|1
|-damage|p1a: Toxapex|0 fnt
|faint|p1a: Toxapex
|
|-weather|Snowscape|[upkeep]
|-damage|p2a: SNOWRUMA|39/100|[from] Leech Seed|[of] p1b: Chesnaught
|-heal|p1b: Chesnaught|52/100|[silent]
|upkeep
|
|t:|1785459818
|switch|p1a: Clefable|Clefable, L50, F|29/100 brn
|turn|12
|
|t:|1785459826
|move|p2a: SNOWRUMA|Freeze-Dry|p1b: Chesnaught
|-supereffective|p1b: Chesnaught|1
|-damage|p1b: Chesnaught|9/100
|move|p2b: BLOW AWAY|Power Gem|p1b: Chesnaught
|-resisted|p1b: Chesnaught|1
|-damage|p1b: Chesnaught|0 fnt
|faint|p1b: Chesnaught
|move|p1a: Clefable|Life Dew|p1a: Clefable
|-heal|p1a: Clefable|54/100 brn
|
|-weather|Snowscape|[upkeep]
|-damage|p1a: Clefable|49/100 brn|[from] brn
|upkeep
|turn|13
|c|☆lettitripppp|gg
|
|t:|1785459843
|move|p2a: SNOWRUMA|Blizzard|p1a: Clefable
|-damage|p1a: Clefable|17/100 brn
|move|p2b: BLOW AWAY|Sludge Bomb|p1a: Clefable
|-supereffective|p1a: Clefable|1
|-damage|p1a: Clefable|0 fnt
|faint|p1a: Clefable
|
|win|lettitripppp
||Suffle_Gz is ready for game 3.
