|j|☆WR0NGBOXKYLE
|j|☆itsyedolphin
|html|WR0NGBOXKYLEitsyedolphin    
|uhtml|bestof|Game 2 of a best-of-3
|t:|1782691318
|gametype|doubles
|player|p1|WR0NGBOXKYLE|169|1187
|player|p2|itsyedolphin|102|1138
|gen|9
|tier|[Gen 9 Champions] VGC 2026 Reg M-B (Bo3)
|rated|
|rule|Species Clause: Limit one of each Pokémon
|rule|Item Clause: Limit 1 of each item
|clearpoke
|poke|p1|Scrafty, L50, M|
|poke|p1|Milotic, L50, F|
|poke|p1|Typhlosion-Hisui, L50, M|
|poke|p1|Whimsicott, L50, F|
|poke|p1|Garchomp, L50, M|
|poke|p1|Gholdengo, L50|
|poke|p2|Basculegion, L50, M|
|poke|p2|Garchomp, L50, M|
|poke|p2|Whimsicott, L50, M|
|poke|p2|Kingambit, L50, M|
|poke|p2|Charizard, L50, M|
|poke|p2|Raichu, L50, M|
|teampreview|4
|showteam|p1|Scrafty||Scraftinite|Intimidate|FakeOut,DrainPunch,KnockOff,DragonDance|Careful||M|||50|]Milotic||Leftovers|Competitive|MuddyWater,Coil,Hypnosis,LifeDew|Calm||F|||50|]Typhlosion-Hisui||ChoiceScarf|Blaze|Eruption,InfernalParade,HeatWave,Flamethrower|Modest||M|||50|]Whimsicott||FocusSash|Prankster|Moonblast,Tailwind,Encore,Protect|Timid||F|||50|]Garchomp||LumBerry|RoughSkin|DragonClaw,StompingTantrum,RockSlide,Protect|Jolly||M|||50|]Gholdengo||LifeOrb|GoodasGold|ShadowBall,MakeItRain,NastyPlot,Protect|Modest|||||50|
|showteam|p2|Basculegion||ChoiceScarf|Adaptability|WaveCrash,LastRespects,AquaJet,Protect|Adamant||M|||50|]Garchomp||LifeOrb|RoughSkin|DragonClaw,StompingTantrum,RockSlide,Protect|Jolly||M|||50|]Whimsicott||FocusSash|Prankster|Moonblast,Tailwind,Protect,Encore|Timid||M|||50|]Kingambit||ChopleBerry|Defiant|KowtowCleave,SuckerPunch,LowKick,IronHead|Adamant||M|||50|]Charizard||CharizarditeY|Blaze|HeatWave,WeatherBall,SolarBeam,Protect|Modest||M|||50|]Raichu||RaichuniteY|LightningRod|ZapCannon,FocusBlast,GrassKnot,Protect|Timid||M|||50|
|
|t:|1782691345
|teamsize|p1|4
|teamsize|p2|4
|start
|switch|p1a: Scrafty|Scrafty, L50, M|100/100
|switch|p1b: Typhlosion|Typhlosion-Hisui, L50, M|100/100
|switch|p2a: Whimsicott|Whimsicott, L50, M|100/100
|switch|p2b: Charizard|Charizard, L50, M|100/100
|-ability|p1a: Scrafty|Intimidate|boost
|-unboost|p2a: Whimsicott|atk|1
|-unboost|p2b: Charizard|atk|1
|turn|1
|
|t:|1782691356
|switch|p1b: Whimsicott|Whimsicott, L50, F|100/100
|detailschange|p1a: Scrafty|Scrafty-Mega, L50, M
|-mega|p1a: Scrafty|Scrafty|Scraftinite
|-ability|p1a: Scrafty|Intimidate|boost
|-unboost|p2a: Whimsicott|atk|1
|-unboost|p2b: Charizard|atk|1
|move|p2a: Whimsicott|Protect|p2a: Whimsicott
|-singleturn|p2a: Whimsicott|Protect
|move|p2b: Charizard|Protect|p2b: Charizard
|-singleturn|p2b: Charizard|Protect
|move|p1a: Scrafty|Dragon Dance|p1a: Scrafty
|-boost|p1a: Scrafty|atk|1
|-boost|p1a: Scrafty|spe|1
|
|upkeep
|turn|2
|
|t:|1782691374
|detailschange|p2b: Charizard|Charizard-Mega-Y, L50, M
|-mega|p2b: Charizard|Charizard|Charizardite Y
|-weather|SunnyDay|[from] ability: Drought|[of] p2b: Charizard
|move|p1b: Whimsicott|Encore|p2a: Whimsicott
|-start|p2a: Whimsicott|Encore
|move|p2a: Whimsicott|Protect||[still]
|-fail|p2a: Whimsicott
|move|p1a: Scrafty|Knock Off|p2b: Charizard
|-damage|p2b: Charizard|38/100
|move|p2b: Charizard|Heat Wave|p1a: Scrafty|[spread] p1a,p1b
|-supereffective|p1b: Whimsicott|1
|-damage|p1a: Scrafty|48/100
|-enditem|p1b: Whimsicott|Focus Sash
|-damage|p1b: Whimsicott|1/100
|
|-weather|SunnyDay|[upkeep]
|upkeep
|turn|3
|
|t:|1782691396
|switch|p2a: Garchomp|Garchomp, L50, M|100/100
|switch|p2b: Kingambit|Kingambit, L50, M|100/100
|move|p1b: Whimsicott|Tailwind|p1b: Whimsicott
|-sidestart|p1: WR0NGBOXKYLE|move: Tailwind
|move|p1a: Scrafty|Knock Off|p2b: Kingambit
|-resisted|p2b: Kingambit|1
|-damage|p2b: Kingambit|74/100
|-enditem|p2b: Kingambit|Chople Berry|[from] move: Knock Off|[of] p1a: Scrafty
|
|-weather|SunnyDay|[upkeep]
|upkeep
|turn|4
|
|t:|1782691414
|switch|p2b: Whimsicott|Whimsicott, L50, M|100/100
|move|p1b: Whimsicott|Moonblast|p2a: Garchomp
|-supereffective|p2a: Garchomp|1
|-damage|p2a: Garchomp|20/100y
|-unboost|p2a: Garchomp|spa|1
|move|p1a: Scrafty|Drain Punch|p2b: Whimsicott
|-resisted|p2b: Whimsicott|1
|-damage|p2b: Whimsicott|65/100
|-heal|p1a: Scrafty|65/100|[from] drain|[of] p2b: Whimsicott
|move|p2a: Garchomp|Stomping Tantrum|p1a: Scrafty
|-damage|p1a: Scrafty|22/100
|-damage|p2a: Garchomp|10/100|[from] item: Life Orb
|
|-weather|SunnyDay|[upkeep]
|upkeep
|turn|5
|
|t:|1782691435
|move|p2b: Whimsicott|Tailwind|p2b: Whimsicott
|-sidestart|p2: itsyedolphin|move: Tailwind
|move|p1b: Whimsicott|Moonblast|p2a: Garchomp
|-supereffective|p2a: Garchomp|1
|-damage|p2a: Garchomp|0 fnt
|faint|p2a: Garchomp
|move|p1a: Scrafty|Knock Off|p2b: Whimsicott
|-resisted|p2b: Whimsicott|1
|-damage|p2b: Whimsicott|22/100
|-enditem|p2b: Whimsicott|Focus Sash|[from] move: Knock Off|[of] p1a: Scrafty
|
|-weather|SunnyDay|[upkeep]
|upkeep
|
|t:|1782691446
|switch|p2a: Charizard|Charizard-Mega-Y, L50, M|38/100
|turn|6
|
|t:|1782691454
|move|p1b: Whimsicott|Encore|p2b: Whimsicott
|-start|p2b: Whimsicott|Encore
|move|p2b: Whimsicott|Tailwind||[still]
|-fail|p2b: Whimsicott
|move|p1a: Scrafty|Knock Off|p2a: Charizard
|-damage|p2a: Charizard|0 fnt
|faint|p2a: Charizard
|
|-weather|none
|-sideend|p1: WR0NGBOXKYLE|move: Tailwind
|upkeep
|c|☆itsyedolphin|i cant do anything right
|-message|itsyedolphin forfeited.
|
|win|WR0NGBOXKYLE
|raw|WR0NGBOXKYLE's rating: 1187 → 1208(+21 for winning)
|raw|itsyedolphin's rating: 1138 → 1117(-21 for losing)
|l|☆itsyedolphin
|player|p2|
