|j|☆KodeBeast0526
|j|☆tortlevgc
|html|KodeBeast0526tortlevgc    
|uhtml|bestof|Game 3 of a best-of-3
|t:|1785633016
|gametype|doubles
|player|p1|KodeBeast0526|hiker|1219
|player|p2|tortlevgc|swimmerf|1191
|gen|9
|tier|[Gen 9 Champions] VGC 2026 Reg M-B (Bo3)
|rated|
|rule|Species Clause: Limit one of each Pokémon
|rule|Item Clause: Limit 1 of each item
|clearpoke
|poke|p1|Aerodactyl, L50, M|
|poke|p1|Kingambit, L50, M|
|poke|p1|Sylveon, L50, M|
|poke|p1|Garchomp, L50, M|
|poke|p1|Charizard, L50, M|
|poke|p1|Farigiraf, L50, F, shiny|
|poke|p2|Floette-Eternal, L50, F|
|poke|p2|Garchomp, L50, M|
|poke|p2|Talonflame, L50, M|
|poke|p2|Sinistcha, L50|
|poke|p2|Basculegion, L50, M|
|poke|p2|Sneasler, L50, F|
|teampreview|4
|showteam|p1|Aerodactyl||Aerodactylite|Unnerve|RockSlide,IceFang,Tailwind,WideGuard|Jolly||M|||50|]Kingambit||FocusSash|Defiant|KowtowCleave,SuckerPunch,IronHead,LowKick|Adamant||M|||50|]Sylveon||FairyFeather|Pixilate|Detect,HyperVoice,HyperBeam,QuickAttack|Modest||M|||50|]Garchomp||LifeOrb|RoughSkin|Earthquake,DragonClaw,StompingTantrum,Protect|Jolly||M|||50|]Charizard||CharizarditeY|Blaze|Protect,HeatWave,SolarBeam,WeatherBall|Modest||M|||50|]Farigiraf||SitrusBerry|ArmorTail|Thunderbolt,PsychicNoise,TrickRoom,HelpingHand|Bold||F|||50|
|showteam|p2|Floette-Eternal||Floettite|FlowerVeil|DazzlingGleam,DrainingKiss,CalmMind,Protect|Timid||F|||50|]Garchomp||Garchompite|RoughSkin|DragonClaw,StompingTantrum,RockSlide,Protect|Jolly||M|||50|]Talonflame||SharpBeak|GaleWings|Tailwind,DualWingbeat,FlareBlitz,Protect|Jolly||M|||50|]Sinistcha||BrightPowder|Hospitality|MatchaGotcha,ShadowBall,RagePowder,Protect|Modest|||||50|]Basculegion||ChoiceScarf|Adaptability|WaveCrash,LastRespects,FlipTurn,AquaJet|Jolly||M|||50|]Sneasler||WhiteHerb|Unburden|FakeOut,CloseCombat,DireClaw,Taunt|Adamant||F|||50|
|inactive|Battle timer is ON: inactive players will automatically lose when time's up. (requested by tortlevgc)
|
|t:|1785633036
|teamsize|p1|4
|teamsize|p2|4
|start
|switch|p1a: Aerodactyl|Aerodactyl, L50, M|100/100
|switch|p1b: Garchomp|Garchomp, L50, M|100/100
|switch|p2a: Sneasler|Sneasler, L50, F|100/100
|switch|p2b: Talonflame|Talonflame, L50, M|100/100
|-ability|p1a: Aerodactyl|Unnerve
|turn|1
|
|t:|1785633054
|switch|p1b: Farigiraf|Farigiraf, L50, F, shiny|100/100
|detailschange|p1a: Aerodactyl|Aerodactyl-Mega, L50, M
|-mega|p1a: Aerodactyl|Aerodactyl|Aerodactylite
|move|p2b: Talonflame|Tailwind|p2b: Talonflame
|-sidestart|p2: tortlevgc|move: Tailwind
|move|p2a: Sneasler|Close Combat|p1b: Farigiraf
|-damage|p1b: Farigiraf|46/100
|-unboost|p2a: Sneasler|def|1
|-unboost|p2a: Sneasler|spd|1
|-enditem|p1b: Farigiraf|Sitrus Berry|[eat]
|-heal|p1b: Farigiraf|71/100|[from] item: Sitrus Berry
|-enditem|p2a: Sneasler|White Herb
|-clearnegativeboost|p2a: Sneasler|[silent]
|move|p1a: Aerodactyl|Tailwind|p1a: Aerodactyl
|-sidestart|p1: KodeBeast0526|move: Tailwind
|
|upkeep
|turn|2
|inactive|tortlevgc has 30 seconds left.
|
|t:|1785633080
|move|p2b: Talonflame|Dual Wingbeat||[still]
|cant|p1b: Farigiraf|ability: Armor Tail|Dual Wingbeat|[of] p2b: Talonflame
|move|p2a: Sneasler|Close Combat|p1a: Aerodactyl
|-damage|p1a: Aerodactyl|35/100
|-unboost|p2a: Sneasler|def|1
|-unboost|p2a: Sneasler|spd|1
|move|p1a: Aerodactyl|Rock Slide|p2a: Sneasler|[spread] p2a,p2b
|-resisted|p2a: Sneasler|1
|-supereffective|p2b: Talonflame|2
|-damage|p2a: Sneasler|68/100
|-damage|p2b: Talonflame|0 fnt
|faint|p2b: Talonflame
|move|p1b: Farigiraf|Psychic Noise|p2a: Sneasler
|-supereffective|p2a: Sneasler|2
|-damage|p2a: Sneasler|0 fnt
|faint|p2a: Sneasler
|
|upkeep
|
|t:|1785633095
|switch|p2b: Basculegion|Basculegion, L50, M|100/100
|switch|p2a: Floette|Floette-Eternal, L50, F|100/100
|turn|3
|
|t:|1785633108
|detailschange|p2a: Floette|Floette-Mega, L50, F
|-mega|p2a: Floette|Floette|Floettite
|-ability|p2a: Floette|Fairy Aura
|move|p2b: Basculegion|Last Respects|p1a: Aerodactyl
|-damage|p1a: Aerodactyl|0 fnt
|faint|p1a: Aerodactyl
|move|p2a: Floette|Dazzling Gleam|p1b: Farigiraf
|-damage|p1b: Farigiraf|14/100
|move|p1b: Farigiraf|Trick Room|p1b: Farigiraf
|-fieldstart|move: Trick Room|[of] p1b: Farigiraf
|
|upkeep
|
|t:|1785633118
|switch|p1a: Sylveon|Sylveon, L50, M|100/100
|turn|4
|
|t:|1785633125
|move|p1b: Farigiraf|Helping Hand|p1a: Sylveon
|-singleturn|p1a: Sylveon|Helping Hand|[of] p1b: Farigiraf
|move|p1a: Sylveon|Hyper Voice|p2a: Floette|[spread] p2a,p2b
|-damage|p2a: Floette|20/100y
|-damage|p2b: Basculegion|0 fnt
|faint|p2b: Basculegion
|move|p2a: Floette|Dazzling Gleam|p1b: Farigiraf|[spread] p1a,p1b
|-damage|p1a: Sylveon|64/100
|-damage|p1b: Farigiraf|0 fnt
|faint|p1b: Farigiraf
|
|-sideend|p1: KodeBeast0526|move: Tailwind
|-sideend|p2: tortlevgc|move: Tailwind
|upkeep
|
|t:|1785633130
|switch|p1b: Garchomp|Garchomp, L50, M|100/100
|turn|5
|
|t:|1785633137
|move|p2a: Floette|Protect|p2a: Floette
|-singleturn|p2a: Floette|Protect
|move|p1a: Sylveon|Hyper Voice|p2a: Floette
|-activate|p2a: Floette|move: Protect
|move|p1b: Garchomp|Stomping Tantrum|p2a: Floette
|-activate|p2a: Floette|move: Protect
|
|upkeep
|turn|6
|
|t:|1785633143
|move|p1a: Sylveon|Hyper Voice|p2a: Floette
|-damage|p2a: Floette|0 fnt
|faint|p2a: Floette
|
|win|KodeBeast0526
|raw|KodeBeast0526's rating: 1219 → 1242(+23 for winning)
|raw|tortlevgc's rating: 1191 → 1168(-23 for losing)
|l|☆tortlevgc
|player|p2|
