|j|☆TMJS01
|j|☆noplayrainistroll
|html|TMJS01noplayrainistroll    
|uhtml|bestof|Game 3 of a best-of-3
|t:|1782231609
|gametype|doubles
|player|p1|TMJS01|unknown|1314
|player|p2|noplayrainistroll|101|1210
|gen|9
|tier|[Gen 9 Champions] VGC 2026 Reg M-B (Bo3)
|rated|
|rule|Species Clause: Limit one of each Pokémon
|rule|Item Clause: Limit 1 of each item
|clearpoke
|poke|p1|Sinistcha, L50|
|poke|p1|Incineroar, L50, M|
|poke|p1|Garchomp, L50, F|
|poke|p1|Floette-Eternal, L50, F|
|poke|p1|Delphox, L50, F|
|poke|p1|Kingambit, L50, F|
|poke|p2|Blaziken, L50, F, shiny|
|poke|p2|Kingambit, L50, F, shiny|
|poke|p2|Basculegion, L50, M, shiny|
|poke|p2|Ninetales-Alola, L50, M, shiny|
|poke|p2|Gengar, L50, F, shiny|
|poke|p2|Incineroar, L50, F, shiny|
|teampreview|4
|showteam|p1|Sinistcha||ColburBerry|Hospitality|MatchaGotcha,RagePowder,TrickRoom,LifeDew|Relaxed|||||50|]Incineroar||ChopleBerry|Intimidate|ThroatChop,FlareBlitz,PartingShot,FakeOut|Impish||M|||50|]Garchomp||LifeOrb|RoughSkin|ScaleShot,StompingTantrum,Protect,RockTomb|Jolly||F|||50|]Floette-Eternal||Floettite|FlowerVeil|Protect,CalmMind,Moonblast,DazzlingGleam|Modest||F|||50|]Delphox||Delphoxite|Blaze|NastyPlot,HeatWave,Psyshock,Protect|Timid||F|||50|]Kingambit||BlackGlasses|Defiant|Protect,LowKick,KowtowCleave,SuckerPunch|Adamant||F|||50|
|showteam|p2|Blaziken||Blazikenite|SpeedBoost|CloseCombat,RockSlide,FlareBlitz,Detect|Adamant||F|||50|]Kingambit||LifeOrb|Defiant|KowtowCleave,SuckerPunch,Protect,IronHead|Adamant||F|||50|]Basculegion||FocusSash|Adaptability|Liquidation,LastRespects,AquaJet,Protect|Adamant||M|||50|]Ninetales-Alola||NeverMeltIce|SnowWarning|Blizzard,FreezeDry,Encore,Protect|Timid||M|||50|]Gengar||Gengarite|CursedBody|ShadowBall,Disable,PerishSong,Protect|Timid||F|||50|]Incineroar||PasshoBerry|Intimidate|FakeOut,PartingShot,FlareBlitz,Protect|Relaxed||F|||50|
|inactive|Battle timer is ON: inactive players will automatically lose when time's up. (requested by TMJS01)
|
|t:|1782231639
|teamsize|p1|4
|teamsize|p2|4
|start
|switch|p1a: Incineroar|Incineroar, L50, M|100/100
|switch|p1b: Floette|Floette-Eternal, L50, F|100/100
|switch|p2a: Blaziken|Blaziken, L50, F, shiny|100/100
|switch|p2b: Kingambit|Kingambit, L50, F, shiny|100/100
|-ability|p1a: Incineroar|Intimidate|boost
|-unboost|p2a: Blaziken|atk|1
|-unboost|p2b: Kingambit|atk|1
|-ability|p2b: Kingambit|Defiant|boost
|-boost|p2b: Kingambit|atk|2
|turn|1
|
|t:|1782231646
|switch|p2a: Incineroar|Incineroar, L50, F, shiny|100/100
|-ability|p2a: Incineroar|Intimidate|boost
|-unboost|p1a: Incineroar|atk|1
|-unboost|p1b: Floette|atk|1
|detailschange|p1b: Floette|Floette-Mega, L50, F
|-mega|p1b: Floette|Floette|Floettite
|-ability|p1b: Floette|Fairy Aura
|move|p2b: Kingambit|Protect|p2b: Kingambit
|-singleturn|p2b: Kingambit|Protect
|move|p1a: Incineroar|Fake Out|p2b: Kingambit
|-activate|p2b: Kingambit|move: Protect
|move|p1b: Floette|Calm Mind|p1b: Floette
|-boost|p1b: Floette|spa|1
|-boost|p1b: Floette|spd|1
|
|upkeep
|turn|2
|
|t:|1782231666
|move|p1b: Floette|Protect|p1b: Floette
|-singleturn|p1b: Floette|Protect
|move|p1a: Incineroar|Parting Shot|p2a: Incineroar
|-unboost|p2a: Incineroar|atk|1
|-unboost|p2a: Incineroar|spa|1
|
|t:|1782231676
|switch|p1a: Kingambit|Kingambit, L50, F|100/100|[from] Parting Shot
|move|p2b: Kingambit|Iron Head|p1b: Floette
|-activate|p1b: Floette|move: Protect
|move|p2a: Incineroar|Parting Shot|p1a: Kingambit
|-unboost|p1a: Kingambit|atk|1
|-ability|p1a: Kingambit|Defiant|boost
|-boost|p1a: Kingambit|atk|2
|-unboost|p1a: Kingambit|spa|1
|-ability|p1a: Kingambit|Defiant|boost
|-boost|p1a: Kingambit|atk|2
|
|t:|1782231684
|switch|p2a: Blaziken|Blaziken, L50, F, shiny|100/100|[from] Parting Shot
|
|upkeep
|turn|3
|
|t:|1782231700
|detailschange|p2a: Blaziken|Blaziken-Mega, L50, F, shiny
|-mega|p2a: Blaziken|Blaziken|Blazikenite
|move|p2a: Blaziken|Detect|p2a: Blaziken
|-singleturn|p2a: Blaziken|Protect
|move|p2b: Kingambit|Protect|p2b: Kingambit
|-singleturn|p2b: Kingambit|Protect
|move|p1b: Floette|Moonblast|p2b: Kingambit
|-activate|p2b: Kingambit|move: Protect
|move|p1a: Kingambit|Low Kick|p2a: Blaziken
|-activate|p2a: Blaziken|move: Protect
|
|-ability|p2a: Blaziken|Speed Boost|boost
|-boost|p2a: Blaziken|spe|1
|upkeep
|turn|4
|
|t:|1782231719
|move|p1b: Floette|Protect|p1b: Floette
|-singleturn|p1b: Floette|Protect
|move|p2b: Kingambit|Sucker Punch||[still]
|-fail|p2b: Kingambit
|move|p2a: Blaziken|Flare Blitz|p1b: Floette
|-activate|p1b: Floette|move: Protect
|move|p1a: Kingambit|Low Kick|p2b: Kingambit
|-supereffective|p2b: Kingambit|2
|-damage|p2b: Kingambit|0 fnt
|faint|p2b: Kingambit
|
|-ability|p2a: Blaziken|Speed Boost|boost
|-boost|p2a: Blaziken|spe|1
|upkeep
|
|t:|1782231725
|switch|p2b: Incineroar|Incineroar, L50, F, shiny|100/100
|-ability|p2b: Incineroar|Intimidate|boost
|-unboost|p1a: Kingambit|atk|1
|-ability|p1a: Kingambit|Defiant|boost
|-boost|p1a: Kingambit|atk|2
|-unboost|p1b: Floette|atk|1
|turn|5
|
|t:|1782231740
|switch|p1a: Incineroar|Incineroar, L50, M|100/100
|-ability|p1a: Incineroar|Intimidate|boost
|-unboost|p2a: Blaziken|atk|1
|-unboost|p2b: Incineroar|atk|1
|move|p2a: Blaziken|Flare Blitz|p1a: Incineroar
|-resisted|p1a: Incineroar|1
|-damage|p1a: Incineroar|77/100
|-damage|p2a: Blaziken|90/100|[from] Recoil
|move|p1b: Floette|Dazzling Gleam|p2b: Incineroar|[spread] p2a,p2b
|-damage|p2a: Blaziken|0 fnt
|-damage|p2b: Incineroar|38/100
|faint|p2a: Blaziken
|move|p2b: Incineroar|Parting Shot|p1b: Floette
|-unboost|p1b: Floette|atk|1
|-unboost|p1b: Floette|spa|1
|
|t:|1782231750
|switch|p2b: Basculegion|Basculegion, L50, M, shiny|100/100|[from] Parting Shot
|
|upkeep
|
|t:|1782231752
|switch|p2a: Incineroar|Incineroar, L50, F, shiny|38/100
|-ability|p2a: Incineroar|Intimidate|boost
|-unboost|p1a: Incineroar|atk|1
|-unboost|p1b: Floette|atk|1
|turn|6
|
|t:|1782231760
|move|p1a: Incineroar|Fake Out|p2a: Incineroar
|-damage|p2a: Incineroar|32/100
|move|p2b: Basculegion|Last Respects|p1b: Floette
|-damage|p1b: Floette|3/100
|move|p1b: Floette|Dazzling Gleam|p2a: Incineroar|[spread] p2a,p2b
|-damage|p2a: Incineroar|0 fnt
|-damage|p2b: Basculegion|41/100
|faint|p2a: Incineroar
|
|upkeep
|turn|7
|
|t:|1782231769
|move|p2b: Basculegion|Aqua Jet|p1b: Floette
|-damage|p1b: Floette|0 fnt
|faint|p1b: Floette
|move|p1a: Incineroar|Throat Chop|p2b: Basculegion
|-supereffective|p2b: Basculegion|1
|-damage|p2b: Basculegion|0 fnt
|faint|p2b: Basculegion
|
|win|TMJS01
|raw|TMJS01's rating: 1314 → 1328(+14 for winning)
|raw|noplayrainistroll's rating: 1210 → 1192(-18 for losing)
