|j|☆Jimboslice149
|j|☆iota_002
|html|Jimboslice149iota_002    
|uhtml|bestof|Game 2 of a best-of-3
|t:|1782765711
|gametype|doubles
|player|p1|Jimboslice149|169|1060
|player|p2|iota_002|ethan|1056
|gen|9
|tier|[Gen 9 Champions] VGC 2026 Reg M-B (Bo3)
|rated|
|rule|Species Clause: Limit one of each Pokémon
|rule|Item Clause: Limit 1 of each item
|clearpoke
|poke|p1|Raichu, L50, M, shiny|
|poke|p1|Pikachu, L50, M, shiny|
|poke|p1|Floette-Eternal, L50, F|
|poke|p1|Garchomp, L50, F, shiny|
|poke|p1|Blastoise, L50, F|
|poke|p1|Aerodactyl, L50, M|
|poke|p2|Beedrill, L50, F|
|poke|p2|Slowking-Galar, L50, F|
|poke|p2|Emolga, L50, F|
|poke|p2|Tsareena, L50, F|
|poke|p2|Liepard, L50, M|
|poke|p2|Hippowdon, L50, M|
|teampreview|4
|showteam|p1|Raichu||RaichuniteX|LightningRod|Discharge,FakeOut,Feint,VoltTackle|Hasty||M|||50|]Pikachu||LightBall|LightningRod|Discharge,GrassKnot,Protect,RisingVoltage|Timid||M|||50|]Floette-Eternal||Floettite|FlowerVeil|CalmMind,DazzlingGleam,DrainingKiss,GigaDrain|Timid||F|||50|]Garchomp||LifeOrb|RoughSkin|Earthquake,DragonClaw,Protect,PoisonJab|Jolly||F|||50|]Blastoise||Blastoisinite|RainDish|AuraSphere,WaterPulse,IcyWind,ShellSmash|Modest||F|||50|]Aerodactyl||FocusSash|Unnerve|RockSlide,Protect,DualWingbeat,Tailwind|Jolly||M|||50|
|showteam|p2|Beedrill||Beedrillite|Sniper|Uturn,PoisonJab,DrillRun,Protect|Jolly||F|||50|]Slowking-Galar||BrightPowder|CuriousMedicine|ChillyReception,WonderRoom,Psychic,Protect|Sassy||F|||50|]Emolga||LifeOrb|MotorDrive|DualWingbeat,Nuzzle,Uturn,Encore|Adamant||F|||50|]Tsareena||MiracleSeed|QueenlyMajesty|LowKick,TropKick,Uturn,Protect|Careful||F|||50|]Liepard||FocusSash|Prankster|Taunt,FakeOut,Uturn,PlayRough|Jolly||M|||50|]Hippowdon||SitrusBerry|SandStream|RockSlide,Yawn,HeavySlam,Protect|Careful||M|||50|
|
|t:|1782765749
|teamsize|p1|4
|teamsize|p2|4
|start
|switch|p1a: Blastoise|Blastoise, L50, F|100/100
|switch|p1b: Aerodactyl|Aerodactyl, L50, M|100/100
|switch|p2a: Liepard|Liepard, L50, M|100/100
|switch|p2b: Hippowdon|Hippowdon, L50, M|100/100
|-ability|p1b: Aerodactyl|Unnerve
|-weather|Sandstorm|[from] ability: Sand Stream|[of] p2b: Hippowdon
|turn|1
|
|t:|1782765773
|detailschange|p1a: Blastoise|Blastoise-Mega, L50, F
|-mega|p1a: Blastoise|Blastoise|Blastoisinite
|move|p2a: Liepard|Fake Out|p1b: Aerodactyl
|-resisted|p1b: Aerodactyl|1
|-damage|p1b: Aerodactyl|91/100
|cant|p1b: Aerodactyl|flinch
|move|p1a: Blastoise|Icy Wind|p2a: Liepard|[spread] p2a,p2b
|-supereffective|p2b: Hippowdon|1
|-damage|p2a: Liepard|67/100
|-damage|p2b: Hippowdon|77/100
|-unboost|p2a: Liepard|spe|1
|-unboost|p2b: Hippowdon|spe|1
|move|p2b: Hippowdon|Heavy Slam|p1b: Aerodactyl
|-supereffective|p1b: Aerodactyl|1
|-damage|p1b: Aerodactyl|0 fnt
|faint|p1b: Aerodactyl
|
|-weather|Sandstorm|[upkeep]
|-damage|p2a: Liepard|61/100|[from] Sandstorm
|-damage|p1a: Blastoise|94/100|[from] Sandstorm
|upkeep
|
|t:|1782765794
|switch|p1b: Floette|Floette-Eternal, L50, F|100/100
|turn|2
|
|t:|1782765812
|move|p1b: Floette|Calm Mind|p1b: Floette
|-boost|p1b: Floette|spa|1
|-boost|p1b: Floette|spd|1
|move|p2a: Liepard|U-turn|p1a: Blastoise
|-damage|p1a: Blastoise|79/100
|
|t:|1782765817
|switch|p2a: Tsareena|Tsareena, L50, F|100/100|[from] U-turn
|move|p1a: Blastoise|Shell Smash|p1a: Blastoise
|-unboost|p1a: Blastoise|def|1
|-unboost|p1a: Blastoise|spd|1
|-boost|p1a: Blastoise|atk|2
|-boost|p1a: Blastoise|spa|2
|-boost|p1a: Blastoise|spe|2
|move|p2b: Hippowdon|Heavy Slam|p1b: Floette
|-supereffective|p1b: Floette|1
|-crit|p1b: Floette
|-damage|p1b: Floette|0 fnt
|faint|p1b: Floette
|
|-weather|Sandstorm|[upkeep]
|-damage|p1a: Blastoise|73/100|[from] Sandstorm
|-damage|p2a: Tsareena|93/100|[from] Sandstorm
|upkeep
|c|☆Jimboslice149|...
|
|t:|1782765832
|switch|p1b: Garchomp|Garchomp, L50, F, shiny|100/100
|turn|3
|c|☆iota_002|Heavy hippo
|
|t:|1782765865
|move|p1a: Blastoise|Icy Wind|p2a: Tsareena|[spread] p2a,p2b
|-supereffective|p2a: Tsareena|1
|-supereffective|p2b: Hippowdon|1
|-crit|p2b: Hippowdon
|-damage|p2a: Tsareena|43/100
|-damage|p2b: Hippowdon|3/100
|-unboost|p2a: Tsareena|spe|1
|-unboost|p2b: Hippowdon|spe|1
|-enditem|p2b: Hippowdon|Sitrus Berry|[eat]
|-heal|p2b: Hippowdon|27/100|[from] item: Sitrus Berry
|move|p1b: Garchomp|Poison Jab|p2a: Tsareena
|-supereffective|p2a: Tsareena|1
|-damage|p2a: Tsareena|0 fnt
|faint|p2a: Tsareena
|-damage|p1b: Garchomp|90/100|[from] item: Life Orb
|move|p2b: Hippowdon|Yawn|p1a: Blastoise
|-start|p1a: Blastoise|move: Yawn|[of] p2b: Hippowdon
|
|-weather|Sandstorm|[upkeep]
|-damage|p1a: Blastoise|67/100|[from] Sandstorm
|upkeep
|
|t:|1782765884
|switch|p2a: Beedrill|Beedrill, L50, F|100/100
|turn|4
|
|t:|1782765905
|detailschange|p2a: Beedrill|Beedrill-Mega, L50, F
|-mega|p2a: Beedrill|Beedrill|Beedrillite
|move|p2a: Beedrill|Protect|p2a: Beedrill
|-singleturn|p2a: Beedrill|Protect
|move|p2b: Hippowdon|Protect|p2b: Hippowdon
|-singleturn|p2b: Hippowdon|Protect
|move|p1a: Blastoise|Icy Wind|p2a: Beedrill|[spread] 
|-activate|p2a: Beedrill|move: Protect
|-activate|p2b: Hippowdon|move: Protect
|move|p1b: Garchomp|Dragon Claw|p2a: Beedrill
|-activate|p2a: Beedrill|move: Protect
|
|-weather|Sandstorm|[upkeep]
|-damage|p2a: Beedrill|94/100|[from] Sandstorm
|-damage|p1a: Blastoise|61/100|[from] Sandstorm
|-end|p1a: Blastoise|move: Yawn|[silent]
|-status|p1a: Blastoise|slp
|upkeep
|turn|5
|
|t:|1782765929
|move|p2a: Beedrill|U-turn|p1a: Blastoise
|-damage|p1a: Blastoise|0 fnt
|faint|p1a: Blastoise
|
|t:|1782765932
|switch|p2a: Liepard|Liepard, L50, M|61/100|[from] U-turn
|move|p1b: Garchomp|Dragon Claw|p2a: Liepard
|-damage|p2a: Liepard|0 fnt
|faint|p2a: Liepard
|-damage|p1b: Garchomp|80/100|[from] item: Life Orb
|move|p2b: Hippowdon|Heavy Slam|p1b: Garchomp
|-damage|p1b: Garchomp|58/100
|-damage|p2b: Hippowdon|15/100|[from] ability: Rough Skin|[of] p1b: Garchomp
|
|-weather|none
|upkeep
|
|t:|1782765944
|switch|p2a: Beedrill|Beedrill-Mega, L50, F|94/100
|turn|6
|c|☆Jimboslice149|lame
|
|t:|1782765953
|move|p2a: Beedrill|Protect|p2a: Beedrill
|-singleturn|p2a: Beedrill|Protect
|move|p1b: Garchomp|Earthquake|p2a: Beedrill|[spread] p2b
|-activate|p2a: Beedrill|move: Protect
|-damage|p2b: Hippowdon|0 fnt
|faint|p2b: Hippowdon
|-damage|p1b: Garchomp|49/100|[from] item: Life Orb
|
|upkeep
|turn|7
|
|t:|1782765963
|move|p2a: Beedrill|U-turn|p1b: Garchomp
|-damage|p1b: Garchomp|0 fnt
|-damage|p2a: Beedrill|82/100|[from] ability: Rough Skin|[of] p1b: Garchomp
|faint|p1b: Garchomp
|
|win|iota_002
|raw|Jimboslice149's rating: 1060 → 1041(-19 for losing)
|raw|iota_002's rating: 1056 → 1088(+32 for winning)
