|j|☆KnekroGitano
|j|☆decidueyepuppygirl
|html|KnekroGitanodecidueyepuppygirl    
|uhtml|bestof|Game 2 of a best-of-3
|t:|1782761437
|gametype|doubles
|player|p1|KnekroGitano|preschooler|1112
|player|p2|decidueyepuppygirl|miku-fairy|1157
|gen|9
|tier|[Gen 9 Champions] VGC 2026 Reg M-B (Bo3)
|rated|
|rule|Species Clause: Limit one of each Pokémon
|rule|Item Clause: Limit 1 of each item
|clearpoke
|poke|p1|Froslass, L50, F|
|poke|p1|Scovillain, L50, F, shiny|
|poke|p1|Basculegion, L50, M|
|poke|p1|Kingambit, L50, M|
|poke|p1|Sneasler, L50, F|
|poke|p1|Lycanroc-Dusk, L50, M|
|poke|p2|Lycanroc-Dusk, L50, M, shiny|
|poke|p2|Froslass, L50, F, shiny|
|poke|p2|Scovillain, L50, F|
|poke|p2|Basculegion, L50, M|
|poke|p2|Kingambit, L50, F|
|poke|p2|Sneasler, L50, F, shiny|
|teampreview|4
|showteam|p1|Froslass||Froslassite|CursedBody|Blizzard,ShadowBall,AuroraVeil,Protect|Modest||F|||50|]Scovillain||Scovillainite|Moody|GigaDrain,Overheat,RagePowder,Protect|Bold||F|||50|]Basculegion||SitrusBerry|Adaptability|WaveCrash,LastRespects,AquaJet,Protect|Adamant||M|||50|]Kingambit||BlackGlasses|Defiant|KowtowCleave,SuckerPunch,SwordsDance,Protect|Adamant||M|||50|]Sneasler||WhiteHerb|Unburden|CloseCombat,GunkShot,Protect,FakeOut|Adamant||F|||50|]Lycanroc-Dusk||FocusSash|ToughClaws|CloseCombat,Accelerock,RockSlide,Protect|Adamant||M|||50|
|showteam|p2|Lycanroc-Dusk||FocusSash|ToughClaws|RockSlide,CloseCombat,Accelerock,Protect|Adamant||M|||50|]Froslass||Froslassite|CursedBody|Blizzard,ShadowBall,AuroraVeil,Protect|Modest||F|||50|]Scovillain||Scovillainite|Moody|Overheat,GigaDrain,RagePowder,Protect|Bold||F|||50|]Basculegion||SitrusBerry|Adaptability|WaveCrash,LastRespects,AquaJet,Protect|Adamant||M|||50|]Kingambit||BlackGlasses|Defiant|KowtowCleave,SuckerPunch,SwordsDance,Protect|Adamant||F|||50|]Sneasler||WhiteHerb|Unburden|CloseCombat,DireClaw,FakeOut,Protect|Adamant||F|||50|
|inactive|Battle timer is ON: inactive players will automatically lose when time's up. (requested by decidueyepuppygirl)
|inactive|KnekroGitano has 60 seconds left.
|inactive|KnekroGitano has 30 seconds left.
|
|t:|1782761505
|teamsize|p1|4
|teamsize|p2|4
|start
|switch|p1a: Sneasler|Sneasler, L50, F|100/100
|switch|p1b: Scovillain|Scovillain, L50, F, shiny|100/100
|switch|p2a: Basc 'n' Chips|Basculegion, L50, M|100/100
|switch|p2b: Queen's Gambit|Kingambit, L50, F|100/100
|turn|1
|inactive|KnekroGitano has 30 seconds left.
|inactive|decidueyepuppygirl has 30 seconds left.
|
|t:|1782761535
|switch|p2b: I'm so green|Scovillain, L50, F|100/100
|detailschange|p1b: Scovillain|Scovillain-Mega, L50, F, shiny
|-mega|p1b: Scovillain|Scovillain|Scovillainite
|move|p1a: Sneasler|Protect|p1a: Sneasler
|-singleturn|p1a: Sneasler|Protect
|move|p2a: Basc 'n' Chips|Protect|p2a: Basc 'n' Chips
|-singleturn|p2a: Basc 'n' Chips|Protect
|move|p1b: Scovillain|Giga Drain|p2a: Basc 'n' Chips
|-activate|p2a: Basc 'n' Chips|move: Protect
|
|-ability|p2b: I'm so green|Moody|boost
|-boost|p2b: I'm so green|spa|2
|-unboost|p2b: I'm so green|atk|1
|upkeep
|turn|2
|inactive|KnekroGitano has 30 seconds left.
|inactive|decidueyepuppygirl has 30 seconds left.
|
|t:|1782761566
|detailschange|p2b: I'm so green|Scovillain-Mega, L50, F
|-mega|p2b: I'm so green|Scovillain|Scovillainite
|move|p1a: Sneasler|Gunk Shot|p2b: I'm so green
|-supereffective|p2b: I'm so green|1
|-damage|p2b: I'm so green|0 fnt
|-status|p1a: Sneasler|brn|[from] ability: Spicy Spray|[of] p2b: I'm so green
|faint|p2b: I'm so green
|move|p1b: Scovillain|Overheat|p2a: Basc 'n' Chips
|-resisted|p2a: Basc 'n' Chips|1
|-damage|p2a: Basc 'n' Chips|73/100
|-unboost|p1b: Scovillain|spa|2
|move|p2a: Basc 'n' Chips|Wave Crash|p1a: Sneasler
|-damage|p1a: Sneasler|6/100 brn
|-damage|p2a: Basc 'n' Chips|49/100|[from] Recoil
|-enditem|p2a: Basc 'n' Chips|Sitrus Berry|[eat]
|-heal|p2a: Basc 'n' Chips|74/100|[from] item: Sitrus Berry
|
|-damage|p1a: Sneasler|1/100 brn|[from] brn
|upkeep
|
|t:|1782761579
|switch|p2b: Nine Inch Nails|Sneasler, L50, F, shiny|100/100
|turn|3
|inactive|KnekroGitano has 30 seconds left.
|inactive|decidueyepuppygirl has 30 seconds left.
|inactive|KnekroGitano has 20 seconds left.
|
|t:|1782761615
|move|p2a: Basc 'n' Chips|Protect|p2a: Basc 'n' Chips
|-singleturn|p2a: Basc 'n' Chips|Protect
|move|p2b: Nine Inch Nails|Close Combat|p1a: Sneasler
|-resisted|p1a: Sneasler|1
|-damage|p1a: Sneasler|0 fnt
|-unboost|p2b: Nine Inch Nails|def|1
|-unboost|p2b: Nine Inch Nails|spd|1
|faint|p1a: Sneasler
|-enditem|p2b: Nine Inch Nails|White Herb
|-clearnegativeboost|p2b: Nine Inch Nails|[silent]
|move|p1b: Scovillain|Overheat|p2b: Nine Inch Nails
|-damage|p2b: Nine Inch Nails|62/100
|-unboost|p1b: Scovillain|spa|2
|
|upkeep
|
|t:|1782761635
|switch|p1a: Kingambit|Kingambit, L50, M|100/100
|turn|4
|inactive|KnekroGitano has 30 seconds left.
|
|t:|1782761663
|move|p1b: Scovillain|Rage Powder|p1b: Scovillain
|-singleturn|p1b: Scovillain|move: Rage Powder
|move|p2b: Nine Inch Nails|Close Combat|p1b: Scovillain
|-damage|p1b: Scovillain|47/100
|-unboost|p2b: Nine Inch Nails|def|1
|-unboost|p2b: Nine Inch Nails|spd|1
|-status|p2b: Nine Inch Nails|brn|[from] ability: Spicy Spray|[of] p1b: Scovillain
|move|p2a: Basc 'n' Chips|Wave Crash|p1b: Scovillain
|-damage|p1b: Scovillain|0 fnt
|-status|p2a: Basc 'n' Chips|brn|[from] ability: Spicy Spray|[of] p1b: Scovillain
|faint|p1b: Scovillain
|-damage|p2a: Basc 'n' Chips|62/100 brn|[from] Recoil
|move|p1a: Kingambit|Swords Dance|p1a: Kingambit
|-boost|p1a: Kingambit|atk|2
|
|-damage|p2b: Nine Inch Nails|56/100 brn|[from] brn
|-damage|p2a: Basc 'n' Chips|56/100 brn|[from] brn
|upkeep
|
|t:|1782761682
|switch|p1b: Lycanroc|Lycanroc-Dusk, L50, M|100/100
|turn|5
|
|t:|1782761694
|move|p1b: Lycanroc|Protect|p1b: Lycanroc
|-singleturn|p1b: Lycanroc|Protect
|move|p2a: Basc 'n' Chips|Aqua Jet|p1b: Lycanroc
|-activate|p1b: Lycanroc|move: Protect
|move|p1a: Kingambit|Sucker Punch|p2b: Nine Inch Nails
|-resisted|p2b: Nine Inch Nails|1
|-damage|p2b: Nine Inch Nails|0 fnt
|faint|p2b: Nine Inch Nails
|
|-damage|p2a: Basc 'n' Chips|50/100g brn|[from] brn
|upkeep
|
|t:|1782761700
|switch|p2b: Queen's Gambit|Kingambit, L50, F|100/100
|turn|6
|inactive|KnekroGitano has 30 seconds left.
|inactive|KnekroGitano has 20 seconds left.
|
|t:|1782761738
|move|p1b: Lycanroc|Accelerock|p2a: Basc 'n' Chips
|-damage|p2a: Basc 'n' Chips|18/100 brn
|move|p2b: Queen's Gambit|Sucker Punch||[still]
|-fail|p2b: Queen's Gambit
|move|p2a: Basc 'n' Chips|Wave Crash|p1a: Kingambit
|-damage|p1a: Kingambit|67/100
|-damage|p2a: Basc 'n' Chips|8/100 brn|[from] Recoil
|move|p1a: Kingambit|Kowtow Cleave|p2a: Basc 'n' Chips
|-supereffective|p2a: Basc 'n' Chips|1
|-damage|p2a: Basc 'n' Chips|0 fnt
|faint|p2a: Basc 'n' Chips
|
|upkeep
|turn|7
|-message|decidueyepuppygirl forfeited.
|
|win|KnekroGitano
|raw|KnekroGitano's rating: 1112 → 1140(+28 for winning)
|raw|decidueyepuppygirl's rating: 1157 → 1129(-28 for losing)
|l|☆decidueyepuppygirl
|player|p2|
