|j|☆vassa777_vgc
|j|☆dont make me walk
|html|vassa777_vgcdont make me walk    
|uhtml|bestof|Game 3 of a best-of-3
|t:|1754404239
|gametype|doubles
|player|p1|vassa777_vgc|miku-ghost|1251
|player|p2|dont make me walk|red-masters3|1314
|gen|9
|tier|[Gen 9] VGC 2025 Reg H (Bo3)
|rated|
|rule|Species Clause: Limit one of each Pokémon
|rule|Item Clause: Limit 1 of each item
|clearpoke
|poke|p1|Sneasler, L50, F|
|poke|p1|Primarina, L50, F|
|poke|p1|Kingambit, L50, M|
|poke|p1|Rillaboom, L50, M|
|poke|p1|Electabuzz, L50, M|
|poke|p1|Dragapult, L50, M|
|poke|p2|Kommo-o, L50, F|
|poke|p2|Rillaboom, L50, F|
|poke|p2|Sneasler, L50, M|
|poke|p2|Smeargle, L50, F|
|poke|p2|Electabuzz, L50, M|
|poke|p2|Tyranitar, L50, F|
|teampreview|4
|showteam|p1|Sneasler||FocusSash|PoisonTouch|DireClaw,CloseCombat,Protect,FakeOut|||F|||50|,,,,,Stellar]Primarina||ThroatSpray|LiquidVoice|Protect,HyperVoice,Moonblast,Haze|||F|||50|,,,,,Poison]Kingambit||BlackGlasses|Defiant|KowtowCleave,SwordsDance,SuckerPunch,Protect|||M|||50|,,,,,Dark]Rillaboom||AssaultVest|GrassySurge|WoodHammer,Uturn,GrassyGlide,FakeOut|||M|||50|,,,,,Fire]Electabuzz||Eviolite|VitalSpirit|Electroweb,Taunt,Protect,FollowMe|||M|||50|,,,,,Fairy]Dragapult||ChoiceBand|ClearBody|DragonDarts,Uturn,PhantomForce,Outrage|||M|||50|,,,,,Dragon
|showteam|p2|Kommo-o||ThroatSpray|Overcoat|Protect,ClangorousSoul,ClangingScales,AuraSphere|||F|||50|,,,,,Steel]Rillaboom||MiracleSeed|GrassySurge|FakeOut,Uturn,WoodHammer,GrassyGlide|||F|||50|,,,,,Grass]Sneasler||GrassySeed|Unburden|FakeOut,DireClaw,ThroatChop,CloseCombat|||M|||50|,,,,,Stellar]Smeargle||FocusSash|Technician|FakeOut,Spore,FollowMe,Decorate|||F|||50|,,,,,Ghost]Electabuzz||Eviolite|VitalSpirit|FollowMe,Thunderbolt,Taunt,Protect|||M|||50|,,,,,Ghost]Tyranitar||AssaultVest|SandStream|RockSlide,KnockOff,TeraBlast,LowKick|||F|||50|,,,,,Flying
|inactive|Battle timer is ON: inactive players will automatically lose when time's up. (requested by dont make me walk)
|
|t:|1754404263
|teamsize|p1|4
|teamsize|p2|4
|start
|switch|p1a: Dragapult|Dragapult, L50, M, shiny|100/100
|switch|p1b: Sneasler|Sneasler, L50, F, shiny|100/100
|switch|p2a: Sneasler|Sneasler, L50, M|100/100
|switch|p2b: Rillaboom|Rillaboom, L50, F|100/100
|-fieldstart|move: Grassy Terrain|[from] ability: Grassy Surge|[of] p2b: Rillaboom
|-enditem|p2a: Sneasler|Grassy Seed
|-boost|p2a: Sneasler|def|1|[from] item: Grassy Seed
|turn|1
|inactive|dont make me walk has 30 seconds left.
|inactive|dont make me walk has 20 seconds left.
|
|t:|1754404302
|move|p2a: Sneasler|Fake Out|p1b: Sneasler
|-damage|p1b: Sneasler|72/100
|cant|p1b: Sneasler|flinch
|move|p1a: Dragapult|Dragon Darts|p2a: Sneasler
|-damage|p2a: Sneasler|53/100
|-anim|p1a: Dragapult|Dragon Darts|p2b: Rillaboom
|-damage|p2b: Rillaboom|60/100
|move|p2b: Rillaboom|Wood Hammer|p1b: Sneasler
|-resisted|p1b: Sneasler
|-damage|p1b: Sneasler|0 fnt
|faint|p1b: Sneasler
|-damage|p2b: Rillaboom|42/100|[from] Recoil
|
|-heal|p2a: Sneasler|59/100|[from] Grassy Terrain
|-heal|p2b: Rillaboom|48/100|[from] Grassy Terrain
|upkeep
|
|t:|1754404313
|switch|p1b: Electabuzz|Electabuzz, L50, M, shiny|100/100
|turn|2
|
|t:|1754404324
|-terastallize|p1a: Dragapult|Dragon
|move|p1b: Electabuzz|Follow Me|p1b: Electabuzz
|-singleturn|p1b: Electabuzz|move: Follow Me
|move|p2a: Sneasler|Dire Claw|p1b: Electabuzz
|-damage|p1b: Electabuzz|60/100
|move|p1a: Dragapult|Dragon Darts|p2b: Rillaboom
|-damage|p2b: Rillaboom|0 fnt
|-anim|p1a: Dragapult|Dragon Darts|p2a: Sneasler
|-damage|p2a: Sneasler|0 fnt
|faint|p2b: Rillaboom
|faint|p2a: Sneasler
|
|-heal|p1b: Electabuzz|66/100|[from] Grassy Terrain
|upkeep
|
|t:|1754404332
|switch|p2a: Tyranitar|Tyranitar, L50, F|100/100
|switch|p2b: Electabuzz|Electabuzz, L50, M|100/100
|-weather|Sandstorm|[from] ability: Sand Stream|[of] p2a: Tyranitar
|turn|3
|
|t:|1754404344
|move|p2b: Electabuzz|Follow Me|p2b: Electabuzz
|-singleturn|p2b: Electabuzz|move: Follow Me
|move|p1a: Dragapult|Dragon Darts|p2b: Electabuzz
|-damage|p2b: Electabuzz|63/100
|-anim|p1a: Dragapult|Dragon Darts|p2b: Electabuzz
|-damage|p2b: Electabuzz|28/100
|move|p1b: Electabuzz|Electroweb|p2a: Tyranitar|[spread] p2a,p2b
|-resisted|p2b: Electabuzz
|-damage|p2a: Tyranitar|95/100
|-damage|p2b: Electabuzz|23/100
|-unboost|p2a: Tyranitar|spe|1
|-unboost|p2b: Electabuzz|spe|1
|move|p2a: Tyranitar|Rock Slide|p1b: Electabuzz|[spread] p1a,p1b
|-damage|p1a: Dragapult|61/100
|-damage|p1b: Electabuzz|43/100
|
|-weather|Sandstorm|[upkeep]
|-damage|p1a: Dragapult|55/100|[from] Sandstorm
|-damage|p1b: Electabuzz|37/100|[from] Sandstorm
|-damage|p2b: Electabuzz|17/100|[from] Sandstorm
|-heal|p1a: Dragapult|61/100|[from] Grassy Terrain
|-heal|p1b: Electabuzz|43/100|[from] Grassy Terrain
|-heal|p2b: Electabuzz|23/100|[from] Grassy Terrain
|-heal|p2a: Tyranitar|100/100|[from] Grassy Terrain
|upkeep
|turn|4
|
|t:|1754404358
|move|p2b: Electabuzz|Follow Me|p2b: Electabuzz
|-singleturn|p2b: Electabuzz|move: Follow Me
|move|p1a: Dragapult|Dragon Darts|p2b: Electabuzz
|-damage|p2b: Electabuzz|0 fnt
|faint|p2b: Electabuzz
|move|p1b: Electabuzz|Electroweb|p2a: Tyranitar
|-damage|p2a: Tyranitar|93/100
|-unboost|p2a: Tyranitar|spe|1
|move|p2a: Tyranitar|Knock Off|p1a: Dragapult
|-damage|p1a: Dragapult|0 fnt
|-enditem|p1a: Dragapult|Choice Band|[from] move: Knock Off|[of] p2a: Tyranitar
|faint|p1a: Dragapult
|
|-weather|Sandstorm|[upkeep]
|-damage|p1b: Electabuzz|37/100|[from] Sandstorm
|-heal|p1b: Electabuzz|43/100|[from] Grassy Terrain
|-heal|p2a: Tyranitar|99/100|[from] Grassy Terrain
|upkeep
|
|t:|1754404367
|switch|p1a: Primarina|Primarina, L50, F, shiny|100/100
|turn|5
|
|t:|1754404377
|-terastallize|p2a: Tyranitar|Flying
|move|p1b: Electabuzz|Follow Me|p1b: Electabuzz
|-singleturn|p1b: Electabuzz|move: Follow Me
|move|p1a: Primarina|Hyper Voice|p2a: Tyranitar
|-damage|p2a: Tyranitar|76/100
|-enditem|p1a: Primarina|Throat Spray
|-boost|p1a: Primarina|spa|1|[from] item: Throat Spray
|move|p2a: Tyranitar|Knock Off|p1b: Electabuzz
|-crit|p1b: Electabuzz
|-damage|p1b: Electabuzz|0 fnt
|-enditem|p1b: Electabuzz|Eviolite|[from] move: Knock Off|[of] p2a: Tyranitar
|faint|p1b: Electabuzz
|
|-weather|Sandstorm|[upkeep]
|-damage|p1a: Primarina|94/100|[from] Sandstorm
|-damage|p2a: Tyranitar|70/100|[from] Sandstorm
|-heal|p1a: Primarina|100/100|[from] Grassy Terrain
|-fieldend|move: Grassy Terrain
|upkeep
|turn|6
|
|t:|1754404389
|move|p1a: Primarina|Moonblast|p2a: Tyranitar
|-damage|p2a: Tyranitar|31/100
|-unboost|p2a: Tyranitar|spa|1
|move|p2a: Tyranitar|Tera Blast|p1a: Primarina|[anim] Tera Blast Flying
|-damage|p1a: Primarina|51/100
|
|-weather|Sandstorm|[upkeep]
|-damage|p1a: Primarina|45/100|[from] Sandstorm
|-damage|p2a: Tyranitar|25/100|[from] Sandstorm
|upkeep
|turn|7
|c|☆vassa777_vgc|gg
|
|t:|1754404395
|move|p1a: Primarina|Moonblast|p2a: Tyranitar
|-crit|p2a: Tyranitar
|-damage|p2a: Tyranitar|0 fnt
|faint|p2a: Tyranitar
|
|win|vassa777_vgc
|raw|vassa777_vgc's rating: 1251 → 1280(+29 for winning)
|raw|dont make me walk's rating: 1314 → 1290(-24 for losing)
|c|☆dont make me walk|gg
|l|☆vassa777_vgc
|player|p1|
