|j|☆SelvesterTheYAK
|j|☆sushinacl18
|html|SelvesterTheYAKsushinacl18    
|uhtml|bestof|Game 2 of a best-of-3
|t:|1756953350
|gametype|doubles
|player|p1|SelvesterTheYAK|265|1132
|player|p2|sushinacl18|170|1007
|gen|9
|tier|[Gen 9] VGC 2025 Reg H (Bo3)
|rated|
|rule|Species Clause: Limit one of each Pokémon
|rule|Item Clause: Limit 1 of each item
|clearpoke
|poke|p1|Tyranitar, L50, F|
|poke|p1|Garchomp, L50, M|
|poke|p1|Gholdengo, L50|
|poke|p1|Talonflame, L50, F|
|poke|p1|Amoonguss, L50, F|
|poke|p1|Milotic, L50, F|
|poke|p2|Armarouge, L50, M|
|poke|p2|Indeedee-F, L50, F|
|poke|p2|Kingambit, L50, F|
|poke|p2|Amoonguss, L50, M|
|poke|p2|Ursaluna, L50, F|
|poke|p2|Sinistcha, L50|
|teampreview|4
|showteam|p1|Tyranitar||AssaultVest|SandStream|RockSlide,TeraBlast,KnockOff,LowKick|||F|||50|,,,,,Flying]Garchomp||LifeOrb|SandVeil|Protect,DragonClaw,StompingTantrum,Earthquake|||M|||50|,,,,,Steel]Gholdengo||MetalCoat|GoodasGold|MakeItRain,ShadowBall,Protect,NastyPlot||||||50|,,,,,Flying]Talonflame||CovertCloak|GaleWings|BraveBird,Tailwind,WillOWisp,Taunt|||F|||50|,,,,,Ghost]Amoonguss||SitrusBerry|Regenerator|Protect,Spore,RagePowder,PollenPuff|||F|||50|,,,,,Water]Milotic||SafetyGoggles|Competitive|Haze,Protect,IcyWind,Scald|||F|||50|,,,,,Dragon
|showteam|p2|Armarouge||LifeOrb|FlashFire|TrickRoom,ExpandingForce,ArmorCannon,Protect|||M|||50|,,,,,Psychic]Indeedee-F||MentalHerb|PsychicSurge|FollowMe,TrickRoom,Psychic,Protect|||F|||50|,,,,,Dark]Kingambit||AssaultVest|SupremeOverlord|KowtowCleave,IronHead,TeraBlast,Protect|||F|||50|,,,,,Flying]Amoonguss||SitrusBerry|Regenerator|PollenPuff,Protect,Spore,RagePowder|||M|||50|,,,,,Dark]Ursaluna||FlameOrb|Guts|Facade,HeadlongRush,CloseCombat,Protect|||F|||50|,,,,,Bug]Sinistcha||EjectButton|Hospitality|MatchaGotcha,ShadowBall,TrickRoom,LifeDew||||||50|,,,,,Water
|inactive|Battle timer is ON: inactive players will automatically lose when time's up. (requested by SelvesterTheYAK)
|
|t:|1756953393
|teamsize|p1|4
|teamsize|p2|4
|start
|switch|p1a: Tyranitar|Tyranitar, L50, F|100/100
|switch|p1b: Garchomp|Garchomp, L50, M|100/100
|switch|p2a: Indeedee|Indeedee-F, L50, F|100/100
|switch|p2b: Ursaluna|Ursaluna, L50, F|100/100
|-weather|Sandstorm|[from] ability: Sand Stream|[of] p1a: Tyranitar
|-fieldstart|move: Psychic Terrain|[from] ability: Psychic Surge|[of] p2a: Indeedee
|turn|1
|
|t:|1756953417
|move|p2a: Indeedee|Protect|p2a: Indeedee
|-singleturn|p2a: Indeedee|Protect
|move|p2b: Ursaluna|Protect|p2b: Ursaluna
|-singleturn|p2b: Ursaluna|Protect
|move|p1b: Garchomp|Dragon Claw|p2a: Indeedee
|-activate|p2a: Indeedee|move: Protect
|move|p1a: Tyranitar|Knock Off|p2a: Indeedee
|-activate|p2a: Indeedee|move: Protect
|
|-weather|Sandstorm|[upkeep]
|-damage|p2a: Indeedee|94/100|[from] Sandstorm
|-status|p2b: Ursaluna|brn|[from] item: Flame Orb
|upkeep
|turn|2
|
|t:|1756953437
|-terastallize|p1a: Tyranitar|Flying
|move|p2a: Indeedee|Follow Me|p2a: Indeedee
|-singleturn|p2a: Indeedee|move: Follow Me
|move|p1b: Garchomp|Earthquake|p2b: Ursaluna|[spread] p2a,p2b
|-immune|p1a: Tyranitar
|-damage|p2a: Indeedee|37/100
|-damage|p2b: Ursaluna|64/100 brn
|-damage|p1b: Garchomp|91/100|[from] item: Life Orb
|move|p1a: Tyranitar|Knock Off|p2a: Indeedee
|-supereffective|p2a: Indeedee
|-damage|p2a: Indeedee|0 fnt
|-enditem|p2a: Indeedee|Mental Herb|[from] move: Knock Off|[of] p1a: Tyranitar
|faint|p2a: Indeedee
|move|p2b: Ursaluna|Facade|p1b: Garchomp|[miss]
|-miss|p2b: Ursaluna|p1b: Garchomp
|
|-weather|Sandstorm|[upkeep]
|-damage|p1a: Tyranitar|95/100|[from] Sandstorm
|-damage|p2b: Ursaluna|58/100 brn|[from] brn
|upkeep
|
|t:|1756953459
|switch|p2a: Armarouge|Armarouge, L50, M|100/100
|turn|3
|
|t:|1756953480
|move|p2a: Armarouge|Protect|p2a: Armarouge
|-singleturn|p2a: Armarouge|Protect
|move|p1b: Garchomp|Earthquake|p2b: Ursaluna|[spread] p2b
|-activate|p2a: Armarouge|move: Protect
|-immune|p1a: Tyranitar
|-damage|p2b: Ursaluna|23/100 brn
|-damage|p1b: Garchomp|81/100|[from] item: Life Orb
|move|p1a: Tyranitar|Low Kick|p2b: Ursaluna
|-supereffective|p2b: Ursaluna
|-damage|p2b: Ursaluna|0 fnt
|faint|p2b: Ursaluna
|
|-weather|Sandstorm|[upkeep]
|-damage|p1a: Tyranitar|89/100|[from] Sandstorm
|-damage|p2a: Armarouge|95/100|[from] Sandstorm
|upkeep
|
|t:|1756953497
|switch|p2b: Kingambit|Kingambit, L50, F|100/100
|-activate|p2b: Kingambit|ability: Supreme Overlord
|-start|p2b: Kingambit|fallen2|[silent]
|turn|4
|
|t:|1756953512
|move|p1b: Garchomp|Earthquake|p2a: Armarouge|[spread] p2a,p2b
|-immune|p1a: Tyranitar
|-supereffective|p2a: Armarouge
|-supereffective|p2b: Kingambit
|-damage|p2a: Armarouge|1/100
|-damage|p2b: Kingambit|17/100
|-damage|p1b: Garchomp|71/100|[from] item: Life Orb
|move|p1a: Tyranitar|Knock Off|p2a: Armarouge
|-supereffective|p2a: Armarouge
|-damage|p2a: Armarouge|0 fnt
|-enditem|p2a: Armarouge|Life Orb|[from] move: Knock Off|[of] p1a: Tyranitar
|faint|p2a: Armarouge
|move|p2b: Kingambit|Kowtow Cleave|p1b: Garchomp
|-damage|p1b: Garchomp|28/100
|
|-weather|Sandstorm|[upkeep]
|-damage|p1a: Tyranitar|83/100|[from] Sandstorm
|upkeep
|turn|5
|c|☆SelvesterTheYAK|ggwp
|inactive|sushinacl18 has 30 seconds left.
|inactive|sushinacl18 has 20 seconds left.
|inactive|sushinacl18 has 15 seconds left.
|inactive|sushinacl18 has 10 seconds left.
|inactive|sushinacl18 has 5 seconds left.
|
|t:|1756953567
|move|p1b: Garchomp|Earthquake|p2b: Kingambit|[spread] p2b
|-immune|p1a: Tyranitar
|-supereffective|p2b: Kingambit
|-damage|p2b: Kingambit|0 fnt
|faint|p2b: Kingambit
|-end|p2b: Kingambit|fallen2|[silent]
|-damage|p1b: Garchomp|18/100|[from] item: Life Orb
|
|win|SelvesterTheYAK
|raw|SelvesterTheYAK's rating: 1132 → 1148(+16 for winning)
|raw|sushinacl18's rating: 1007 → 1000(-7 for losing)
