|j|☆B0mb3r6969
|j|☆RipsenVGC
|html|B0mb3r6969RipsenVGC    
|uhtml|bestof|Game 2 of a best-of-3
|t:|1783487637
|gametype|doubles
|player|p1|B0mb3r6969|cynthia-gen4|1110
|player|p2|RipsenVGC|hilbert|1166
|gen|9
|tier|[Gen 9 Champions] VGC 2026 Reg M-B (Bo3)
|rated|
|rule|Species Clause: Limit one of each Pokémon
|rule|Item Clause: Limit 1 of each item
|clearpoke
|poke|p1|Tsareena, L50, F|
|poke|p1|Heliolisk, L50, F|
|poke|p1|Delphox, L50, F|
|poke|p1|Swampert, L50, M|
|poke|p1|Staraptor, L50, M|
|poke|p1|Meowstic, L50, M|
|poke|p2|Gardevoir, L50, F, shiny|
|poke|p2|Raichu, L50, F|
|poke|p2|Sinistcha, L50|
|poke|p2|Ceruledge, L50, F|
|poke|p2|Milotic, L50, M, shiny|
|poke|p2|Incineroar, L50, M|
|teampreview|4
|showteam|p1|Tsareena||FocusSash|QueenlyMajesty|TropKick,TripleAxel,Taunt,Protect|Adamant||F|||50|]Heliolisk||ChoiceScarf|DrySkin|GrassKnot,Thunderbolt,VoltSwitch,Electrify|Timid||F|||50|]Delphox||Delphoxite|Blaze|Protect,ExpandingForce,NastyPlot,HeatWave|Timid||F|||50|]Swampert||Swampertite|Damp|HighHorsepower,IcePunch,Liquidation,PoisonJab|Adamant||M|||50|]Staraptor||Staraptite|Intimidate|CloseCombat,Roost,BraveBird,Protect|Adamant||M|||50|]Meowstic||ScopeLens|Prankster|Reflect,Charm,ExpandingForce,PsychicTerrain|Bold||M|||50|
|showteam|p2|Gardevoir||Gardevoirite|Trace|HyperVoice,Psyshock,CalmMind,Protect|Timid||F|||50|]Raichu||RaichuniteY|LightningRod|ZapCannon,FocusBlast,FakeOut,Protect|Timid||F|||50|]Sinistcha||KasibBerry|Hospitality|MatchaGotcha,RagePowder,TrickRoom,LifeDew|Relaxed|||||50|]Ceruledge||ColburBerry|FlashFire|BitterBlade,ShadowSneak,BulkUp,Protect|Adamant||F|||50|]Milotic||Leftovers|Competitive|MuddyWater,Coil,Hypnosis,Recover|Calm||M|||50|]Incineroar||SitrusBerry|Intimidate|FlareBlitz,ThroatChop,FakeOut,PartingShot|Impish||M|||50|
|inactive|Battle timer is ON: inactive players will automatically lose when time's up. (requested by B0mb3r6969)
|
|t:|1783487666
|teamsize|p1|4
|teamsize|p2|4
|start
|switch|p1a: Delphox|Delphox, L50, F|100/100
|switch|p1b: Swampert|Swampert, L50, M|100/100
|switch|p2a: Ceruledge|Ceruledge, L50, F|100/100
|switch|p2b: Raichu|Raichu, L50, F|100/100
|turn|1
|
|t:|1783487681
|move|p1a: Delphox|Protect|p1a: Delphox
|-singleturn|p1a: Delphox|Protect
|move|p2b: Raichu|Fake Out|p1b: Swampert
|-damage|p1b: Swampert|90/100
|cant|p1b: Swampert|flinch
|move|p2a: Ceruledge|Bulk Up|p2a: Ceruledge
|-boost|p2a: Ceruledge|atk|1
|-boost|p2a: Ceruledge|def|1
|
|upkeep
|turn|2
|
|t:|1783487699
|switch|p1a: Heliolisk|Heliolisk, L50, F|100/100
|detailschange|p2b: Raichu|Raichu-Mega-Y, L50, F
|-mega|p2b: Raichu|Raichu|Raichunite Y
|move|p2a: Ceruledge|Protect|p2a: Ceruledge
|-singleturn|p2a: Ceruledge|Protect
|move|p2b: Raichu|Focus Blast|p1b: Swampert
|-damage|p1b: Swampert|44/100
|move|p1b: Swampert|High Horsepower|p2b: Raichu
|-supereffective|p2b: Raichu|1
|-damage|p2b: Raichu|0 fnt
|faint|p2b: Raichu
|
|upkeep
|
|t:|1783487711
|switch|p2b: Sinistcha|Sinistcha, L50|100/100
|turn|3
|
|t:|1783487731
|move|p1a: Heliolisk|Electrify|p2a: Ceruledge
|-singleturn|p2a: Ceruledge|move: Electrify
|move|p1b: Swampert|Liquidation|p2a: Ceruledge
|-supereffective|p2a: Ceruledge|1
|-damage|p2a: Ceruledge|35/100
|move|p2a: Ceruledge|Bulk Up|p2a: Ceruledge
|-boost|p2a: Ceruledge|atk|1
|-boost|p2a: Ceruledge|def|1
|move|p2b: Sinistcha|Matcha Gotcha|p1a: Heliolisk|[spread] p1a,p1b
|-supereffective|p1b: Swampert|2
|-damage|p1a: Heliolisk|66/100
|-damage|p1b: Swampert|0 fnt
|faint|p1b: Swampert
|
|upkeep
|
|t:|1783487747
|switch|p1b: Staraptor|Staraptor, L50, M|100/100
|-ability|p1b: Staraptor|Intimidate|boost
|-unboost|p2a: Ceruledge|atk|1
|-unboost|p2b: Sinistcha|atk|1
|turn|4
|
|t:|1783487755
|switch|p1a: Delphox|Delphox, L50, F|100/100
|move|p2a: Ceruledge|Protect|p2a: Ceruledge
|-singleturn|p2a: Ceruledge|Protect
|move|p1b: Staraptor|Brave Bird|p2a: Ceruledge
|-activate|p2a: Ceruledge|move: Protect
|move|p2b: Sinistcha|Life Dew||[still]|[spread] p2a,p2b
|-heal|p2a: Ceruledge|60/100
|-fail|p2b: Sinistcha|heal
|
|upkeep
|turn|5
|inactive|B0mb3r6969 has 30 seconds left.
|inactive|RipsenVGC has 30 seconds left.
|
|t:|1783487781
|switch|p1a: Heliolisk|Heliolisk, L50, F|66/100
|switch|p2a: Milotic|Milotic, L50, M, shiny|100/100
|move|p1b: Staraptor|Brave Bird|p2a: Milotic
|-damage|p2a: Milotic|52/100
|-damage|p1b: Staraptor|80/100|[from] Recoil
|move|p2b: Sinistcha|Trick Room|p2b: Sinistcha
|-fieldstart|move: Trick Room|[of] p2b: Sinistcha
|
|-heal|p2a: Milotic|58/100|[from] item: Leftovers
|upkeep
|turn|6
|
|t:|1783487801
|move|p2b: Sinistcha|Life Dew||[still]|[spread] p2a,p2b
|-heal|p2a: Milotic|83/100
|-fail|p2b: Sinistcha|heal
|move|p2a: Milotic|Muddy Water|p1a: Heliolisk|[spread] p1b
|-heal|p1a: Heliolisk|91/100|[from] ability: Dry Skin|[of] p2a: Milotic
|-damage|p1b: Staraptor|41/100
|-unboost|p1b: Staraptor|accuracy|1
|move|p1b: Staraptor|Brave Bird|p2b: Sinistcha
|-supereffective|p2b: Sinistcha|1
|-damage|p2b: Sinistcha|11/100
|-damage|p1b: Staraptor|9/100|[from] Recoil
|move|p1a: Heliolisk|Thunderbolt|p2a: Milotic
|-supereffective|p2a: Milotic|1
|-damage|p2a: Milotic|32/100
|
|-heal|p2a: Milotic|38/100|[from] item: Leftovers
|upkeep
|turn|7
|
|t:|1783487822
|move|p1b: Staraptor|Protect|p1b: Staraptor
|-singleturn|p1b: Staraptor|Protect
|move|p2b: Sinistcha|Life Dew|p2b: Sinistcha|[spread] p2a,p2b
|-heal|p2a: Milotic|63/100
|-heal|p2b: Sinistcha|36/100
|move|p2a: Milotic|Muddy Water|p1b: Staraptor|[spread] 
|-activate|p1b: Staraptor|move: Protect
|-heal|p1a: Heliolisk|100/100|[from] ability: Dry Skin|[of] p2a: Milotic
|move|p1a: Heliolisk|Thunderbolt|p2a: Milotic
|-supereffective|p2a: Milotic|1
|-damage|p2a: Milotic|11/100
|
|-heal|p2a: Milotic|17/100|[from] item: Leftovers
|upkeep
|turn|8
|
|t:|1783487843
|move|p2b: Sinistcha|Matcha Gotcha|p1a: Heliolisk|[spread] p1a,p1b
|-resisted|p1b: Staraptor|1
|-damage|p1a: Heliolisk|66/100
|-heal|p2b: Sinistcha|49/100|[from] drain|[of] p1a: Heliolisk
|-damage|p1b: Staraptor|0 fnt
|-heal|p2b: Sinistcha|53/100|[from] drain|[of] p1b: Staraptor
|faint|p1b: Staraptor
|move|p2a: Milotic|Recover|p2a: Milotic
|-heal|p2a: Milotic|67/100
|move|p1a: Heliolisk|Thunderbolt|p2a: Milotic
|-supereffective|p2a: Milotic|1
|-damage|p2a: Milotic|13/100
|
|-heal|p2a: Milotic|19/100|[from] item: Leftovers
|upkeep
|
|t:|1783487859
|switch|p1b: Delphox|Delphox, L50, F|100/100
|turn|9
|
|t:|1783487872
|switch|p2b: Ceruledge|Ceruledge, L50, F|60/100
|move|p1b: Delphox|Protect|p1b: Delphox
|-singleturn|p1b: Delphox|Protect
|move|p2a: Milotic|Muddy Water|p1a: Heliolisk|[spread] 
|-activate|p1b: Delphox|move: Protect
|-heal|p1a: Heliolisk|91/100|[from] ability: Dry Skin|[of] p2a: Milotic
|move|p1a: Heliolisk|Thunderbolt|p2a: Milotic
|-supereffective|p2a: Milotic|1
|-damage|p2a: Milotic|0 fnt
|faint|p2a: Milotic
|
|-fieldend|move: Trick Room
|upkeep
|
|t:|1783487885
|switch|p2a: Sinistcha|Sinistcha, L50|53/100
|-heal|p2b: Ceruledge|85/100|[from] ability: Hospitality|[of] p2a: Sinistcha
|turn|10
|
|t:|1783487893
|detailschange|p1b: Delphox|Delphox-Mega, L50, F
|-mega|p1b: Delphox|Delphox|Delphoxite
|move|p2a: Sinistcha|Rage Powder|p2a: Sinistcha
|-singleturn|p2a: Sinistcha|move: Rage Powder
|move|p1a: Heliolisk|Thunderbolt|p2a: Sinistcha
|-resisted|p2a: Sinistcha|1
|-damage|p2a: Sinistcha|34/100
|move|p1b: Delphox|Expanding Force|p2a: Sinistcha
|-damage|p2a: Sinistcha|0 fnt
|faint|p2a: Sinistcha
|move|p2b: Ceruledge|Bitter Blade|p1a: Heliolisk
|-damage|p1a: Heliolisk|0 fnt
|-heal|p2b: Ceruledge|100/100|[from] drain|[of] p1a: Heliolisk
|faint|p1a: Heliolisk
|
|upkeep
|turn|11
|
|t:|1783487909
|move|p2b: Ceruledge|Shadow Sneak|p1b: Delphox
|-supereffective|p1b: Delphox|1
|-damage|p1b: Delphox|36/100
|move|p1b: Delphox|Nasty Plot|p1b: Delphox
|-boost|p1b: Delphox|spa|2
|
|upkeep
|turn|12
|
|t:|1783487923
|move|p2b: Ceruledge|Shadow Sneak|p1b: Delphox
|-supereffective|p1b: Delphox|1
|-damage|p1b: Delphox|0 fnt
|faint|p1b: Delphox
|
|win|RipsenVGC
|raw|B0mb3r6969's rating: 1110 → 1089(-21 for losing)
|raw|RipsenVGC's rating: 1166 → 1187(+21 for winning)
|l|☆B0mb3r6969
|player|p1|
