|j|☆pepelniciq2
|j|☆foodieexe123
|html|pepelniciq2foodieexe123    
|uhtml|bestof|Game 1 of a best-of-3
|t:|1782528061
|gametype|doubles
|player|p1|pepelniciq2|miku-ghost|1108
|player|p2|foodieexe123|miku-fairy|1098
|gen|9
|tier|[Gen 9 Champions] VGC 2026 Reg M-B (Bo3)
|rated|
|rule|Species Clause: Limit one of each Pokémon
|rule|Item Clause: Limit 1 of each item
|clearpoke
|poke|p1|Pyroar, L50, M|
|poke|p1|Floette-Eternal, L50, F|
|poke|p1|Ninetales, L50, M|
|poke|p1|Whimsicott, L50, M|
|poke|p1|Basculegion, L50, M|
|poke|p1|Farigiraf, L50, M|
|poke|p2|Swampert, L50, M|
|poke|p2|Pelipper, L50, F|
|poke|p2|Archaludon, L50, M|
|poke|p2|Incineroar, L50, M, shiny|
|poke|p2|Scolipede, L50, M|
|poke|p2|Sinistcha, L50, shiny|
|teampreview|4
|showteam|p1|Pyroar||Pyroarite|Unnerve|Overheat,HeatWave,SolarBeam,Protect|Timid||M|||50|]Floette-Eternal||Floettite|FlowerVeil|LightofRuin,Moonblast,DazzlingGleam,Protect|Modest||F|||50|]Ninetales||ChoiceScarf|Drought|WeatherBall,HeatWave,SolarBeam,FakeTears|Modest||M|||50|]Whimsicott||FocusSash|Prankster|Moonblast,SunnyDay,Tailwind,Protect|Timid||M|||50|]Basculegion||LifeOrb|Adaptability|WaveCrash,AquaJet,LastRespects,Protect|Adamant||M|||50|]Farigiraf||SitrusBerry|ArmorTail|Psychic,Thunderbolt,TrickRoom,HelpingHand|Bold||M|||50|
|showteam|p2|Swampert||Swampertite|Damp|WaveCrash,Earthquake,PoisonJab,Protect|Adamant||M|||50|]Pelipper||FocusSash|Drizzle|Hurricane,Tailwind,WeatherBall,Protect|Timid||F|||50|]Archaludon||Leftovers|Stalwart|ElectroShot,DracoMeteor,FlashCannon,Protect|Modest||M|||50|]Incineroar||ChopleBerry|Intimidate|PartingShot,FakeOut,DarkestLariat,FlareBlitz|Relaxed||M|||50|]Scolipede||Scolipite|SpeedBoost|PoisonJab,LeechLife,SwordsDance,Protect|Adamant||M|||50|]Sinistcha||ColburBerry|Hospitality|Protect,LifeDew,RagePowder,MatchaGotcha|Sassy|||||50|
|inactive|Battle timer is ON: inactive players will automatically lose when time's up. (requested by pepelniciq2)
|
|t:|1782528110
|teamsize|p1|4
|teamsize|p2|4
|start
|switch|p1a: Ninetales|Ninetales, L50, M|100/100
|switch|p1b: Whimsicott|Whimsicott, L50, M|100/100
|switch|p2a: Macho man|Swampert, L50, M|100/100
|switch|p2b: Pelipper toilet|Pelipper, L50, F|100/100
|-weather|SunnyDay|[from] ability: Drought|[of] p1a: Ninetales
|-weather|RainDance|[from] ability: Drizzle|[of] p2b: Pelipper toilet
|turn|1
|
|t:|1782528129
|detailschange|p2a: Macho man|Swampert-Mega, L50, M
|-mega|p2a: Macho man|Swampert|Swampertite
|move|p1b: Whimsicott|Sunny Day|p1b: Whimsicott
|-weather|SunnyDay
|move|p1a: Ninetales|Solar Beam||[still]
|-prepare|p1a: Ninetales|Solar Beam
|-anim|p1a: Ninetales|Solar Beam|p2a: Macho man
|-supereffective|p2a: Macho man|2
|-damage|p2a: Macho man|0 fnt
|faint|p2a: Macho man
|move|p2b: Pelipper toilet|Hurricane|p1b: Whimsicott|[miss]
|-miss|p2b: Pelipper toilet|p1b: Whimsicott
|
|-weather|SunnyDay|[upkeep]
|upkeep
|
|t:|1782528138
|switch|p2a: Candy cane|Incineroar, L50, M, shiny|100/100
|-ability|p2a: Candy cane|Intimidate|boost
|-unboost|p1a: Ninetales|atk|1
|-unboost|p1b: Whimsicott|atk|1
|turn|2
|
|t:|1782528146
|switch|p1a: Basculegion|Basculegion, L50, M|100/100
|switch|p2b: Motcha girl|Sinistcha, L50, shiny|100/100
|move|p2a: Candy cane|Fake Out|p1b: Whimsicott
|-damage|p1b: Whimsicott|82/100
|cant|p1b: Whimsicott|flinch
|
|-weather|SunnyDay|[upkeep]
|upkeep
|turn|3
|c|☆pepelniciq2|danh linh tinh
|
|t:|1782528158
|move|p2b: Motcha girl|Protect|p2b: Motcha girl
|-singleturn|p2b: Motcha girl|Protect
|move|p1b: Whimsicott|Moonblast|p2b: Motcha girl
|-activate|p2b: Motcha girl|move: Protect
|move|p1a: Basculegion|Last Respects|p2b: Motcha girl
|-activate|p2b: Motcha girl|move: Protect
|move|p2a: Candy cane|Parting Shot|p1a: Basculegion
|-unboost|p1a: Basculegion|atk|1
|-unboost|p1a: Basculegion|spa|1
|
|t:|1782528167
|switch|p2a: Pelipper toilet|Pelipper, L50, F|100/100|[from] Parting Shot
|-weather|RainDance|[from] ability: Drizzle|[of] p2a: Pelipper toilet
|
|-weather|RainDance|[upkeep]
|upkeep
|turn|4
|c|☆foodieexe123|Excuse me?
|
|t:|1782528177
|switch|p2a: Candy cane|Incineroar, L50, M, shiny|100/100
|-ability|p2a: Candy cane|Intimidate|boost
|-unboost|p1a: Basculegion|atk|1
|-unboost|p1b: Whimsicott|atk|1
|switch|p1a: Ninetales|Ninetales, L50, M|100/100
|-weather|SunnyDay|[from] ability: Drought|[of] p1a: Ninetales
|move|p1b: Whimsicott|Moonblast|p2a: Candy cane
|-damage|p2a: Candy cane|66/100
|move|p2b: Motcha girl|Matcha Gotcha|p1b: Whimsicott|[spread] p1a,p1b
|-resisted|p1a: Ninetales|1
|-resisted|p1b: Whimsicott|1
|-damage|p1a: Ninetales|86/100
|-damage|p1b: Whimsicott|64/100
|
|-weather|SunnyDay|[upkeep]
|upkeep
|turn|5
|
|t:|1782528199
|switch|p1b: Pyroar|Pyroar, L50, M|100/100
|-ability|p1b: Pyroar|Unnerve
|switch|p2b: Pelipper toilet|Pelipper, L50, F|100/100
|-weather|RainDance|[from] ability: Drizzle|[of] p2b: Pelipper toilet
|move|p1a: Ninetales|Heat Wave|p2a: Candy cane|[spread] p2a,p2b
|-resisted|p2a: Candy cane|1
|-resisted|p2b: Pelipper toilet|1
|-damage|p2a: Candy cane|60/100
|-damage|p2b: Pelipper toilet|86/100
|move|p2a: Candy cane|Parting Shot|p1a: Ninetales
|-unboost|p1a: Ninetales|atk|1
|-unboost|p1a: Ninetales|spa|1
|
|t:|1782528210
|switch|p2a: Motcha girl|Sinistcha, L50, shiny|100/100|[from] Parting Shot
|-heal|p2b: Pelipper toilet|100/100|[from] ability: Hospitality|[of] p2a: Motcha girl
|
|-weather|RainDance|[upkeep]
|upkeep
|turn|6
|
|t:|1782528219
|switch|p1a: Whimsicott|Whimsicott, L50, M|64/100
|switch|p2b: Candy cane|Incineroar, L50, M, shiny|60/100
|-ability|p2b: Candy cane|Intimidate|boost
|-unboost|p1a: Whimsicott|atk|1
|-unboost|p1b: Pyroar|atk|1
|move|p1b: Pyroar|Protect|p1b: Pyroar
|-singleturn|p1b: Pyroar|Protect
|move|p2a: Motcha girl|Life Dew||[still]|[spread] p2a,p2b
|-fail|p2a: Motcha girl|heal
|-heal|p2b: Candy cane|86/100
|
|-weather|RainDance|[upkeep]
|upkeep
|turn|7
|inactive|foodieexe123 has 30 seconds left.
|
|t:|1782528246
|switch|p1b: Basculegion|Basculegion, L50, M|100/100
|move|p1a: Whimsicott|Protect|p1a: Whimsicott
|-singleturn|p1a: Whimsicott|Protect
|move|p2a: Motcha girl|Protect|p2a: Motcha girl
|-singleturn|p2a: Motcha girl|Protect
|move|p2b: Candy cane|Darkest Lariat|p1b: Basculegion
|-supereffective|p1b: Basculegion|1
|-crit|p1b: Basculegion
|-damage|p1b: Basculegion|0 fnt
|faint|p1b: Basculegion
|
|-weather|RainDance|[upkeep]
|upkeep
|
|t:|1782528255
|switch|p1b: Ninetales|Ninetales, L50, M|86/100
|-weather|SunnyDay|[from] ability: Drought|[of] p1b: Ninetales
|turn|8
|
|t:|1782528270
|switch|p2a: Pelipper toilet|Pelipper, L50, F|100/100
|-weather|RainDance|[from] ability: Drizzle|[of] p2a: Pelipper toilet
|move|p1a: Whimsicott|Sunny Day|p1a: Whimsicott
|-weather|SunnyDay
|move|p1b: Ninetales|Weather Ball|p2a: Pelipper toilet
|-resisted|p2a: Pelipper toilet|1
|-damage|p2a: Pelipper toilet|46/100
|move|p2b: Candy cane|Parting Shot|p1a: Whimsicott
|-unboost|p1a: Whimsicott|atk|1
|-unboost|p1a: Whimsicott|spa|1
|
|t:|1782528280
|switch|p2b: Motcha girl|Sinistcha, L50, shiny|100/100|[from] Parting Shot
|-heal|p2a: Pelipper toilet|71/100|[from] ability: Hospitality|[of] p2b: Motcha girl
|
|-weather|SunnyDay|[upkeep]
|upkeep
|turn|9
|
|t:|1782528295
|switch|p2b: Candy cane|Incineroar, L50, M, shiny|86/100
|-ability|p2b: Candy cane|Intimidate|boost
|-unboost|p1a: Whimsicott|atk|1
|-unboost|p1b: Ninetales|atk|1
|move|p1b: Ninetales|Weather Ball|p2a: Pelipper toilet
|-resisted|p2a: Pelipper toilet|1
|-damage|p2a: Pelipper toilet|13/100
|move|p1a: Whimsicott|Moonblast|p2a: Pelipper toilet
|-damage|p2a: Pelipper toilet|0 fnt
|faint|p2a: Pelipper toilet
|
|-weather|SunnyDay|[upkeep]
|upkeep
|
|t:|1782528305
|switch|p2a: Motcha girl|Sinistcha, L50, shiny|100/100
|-heal|p2b: Candy cane|100/100|[from] ability: Hospitality|[of] p2a: Motcha girl
|turn|10
|
|t:|1782528324
|switch|p1a: Pyroar|Pyroar, L50, M|100/100
|-ability|p1a: Pyroar|Unnerve
|move|p2b: Candy cane|Fake Out|p1b: Ninetales
|-damage|p1b: Ninetales|69/100
|cant|p1b: Ninetales|flinch
|move|p2a: Motcha girl|Matcha Gotcha|p1a: Pyroar|[spread] p1a,p1b
|-resisted|p1a: Pyroar|1
|-resisted|p1b: Ninetales|1
|-damage|p1a: Pyroar|80/100
|-damage|p1b: Ninetales|54/100
|
|-weather|SunnyDay|[upkeep]
|upkeep
|turn|11
|c|☆foodieexe123|Ts rigged
|
|t:|1782528342
|detailschange|p1a: Pyroar|Pyroar-Mega, L50, M
|-mega|p1a: Pyroar|Pyroar|Pyroarite
|move|p1b: Ninetales|Weather Ball|p2a: Motcha girl
|-supereffective|p2a: Motcha girl|1
|-damage|p2a: Motcha girl|0 fnt
|faint|p2a: Motcha girl
|move|p1a: Pyroar|Heat Wave|p2b: Candy cane|[miss]
|-miss|p1a: Pyroar|p2b: Candy cane
|move|p2b: Candy cane|Flare Blitz|p1b: Ninetales
|-resisted|p1b: Ninetales|1
|-damage|p1b: Ninetales|0 fnt
|faint|p1b: Ninetales
|-damage|p2b: Candy cane|86/100|[from] Recoil
|
|-weather|SunnyDay|[upkeep]
|upkeep
|
|t:|1782528351
|switch|p1b: Whimsicott|Whimsicott, L50, M|64/100
|turn|12
|
|t:|1782528358
|move|p1a: Pyroar|Heat Wave|p2b: Candy cane
|-resisted|p2b: Candy cane|1
|-damage|p2b: Candy cane|34/100
|move|p1b: Whimsicott|Moonblast|p2b: Candy cane
|-damage|p2b: Candy cane|1/100
|move|p2b: Candy cane|Parting Shot|p1a: Pyroar
|-unboost|p1a: Pyroar|atk|1
|-unboost|p1a: Pyroar|spa|1
|
|-weather|none
|upkeep
|turn|13
|
|t:|1782528366
|move|p1a: Pyroar|Heat Wave|p2b: Candy cane
|-resisted|p2b: Candy cane|1
|-damage|p2b: Candy cane|0 fnt
|faint|p2b: Candy cane
|
|win|pepelniciq2
||pepelniciq2 is ready for game 2.
||foodieexe123 is ready for game 2.
|uhtml|next|Next: Game 2 of 3
|l|☆foodieexe123
|player|p2|
