|j|☆GoonTheGamer
|j|☆eskyur
|html|GoonTheGamereskyur    
|uhtml|bestof|Game 3 of a best-of-3
|t:|1785690363
|gametype|doubles
|player|p1|GoonTheGamer|boarder|1129
|player|p2|eskyur|steven|1070
|gen|9
|tier|[Gen 9 Champions] VGC 2026 Reg M-B (Bo3)
|rated|
|rule|Species Clause: Limit one of each Pokémon
|rule|Item Clause: Limit 1 of each item
|clearpoke
|poke|p1|Politoed, L50, F|
|poke|p1|Incineroar, L50, F|
|poke|p1|Gengar, L50, M|
|poke|p1|Mawile, L50, M|
|poke|p1|Scrafty, L50, M|
|poke|p1|Sinistcha, L50|
|poke|p2|Sinistcha, L50|
|poke|p2|Incineroar, L50, F|
|poke|p2|Charizard, L50, F|
|poke|p2|Sneasler, L50, M|
|poke|p2|Scizor, L50, M|
|poke|p2|Milotic, L50, M|
|teampreview|4
|showteam|p1|Politoed||SitrusBerry|Drizzle|WeatherBall,Protect,PerishSong,IceBeam|Calm||F|||50|]Incineroar||ChopleBerry|Intimidate|DarkestLariat,FakeOut,PartingShot,Protect|Careful||F|||50|]Gengar||Gengarite|CursedBody|ShadowBall,Disable,PerishSong,Protect|Modest||M|||50|]Mawile||Mawilite|HyperCutter|PlayRough,IronHead,SuckerPunch,Protect|Brave||M|||50|]Scrafty||LifeOrb|Intimidate|FakeOut,KnockOff,Detect,CloseCombat|Adamant||M|||50|]Sinistcha||FocusSash|Hospitality|MatchaGotcha,RagePowder,Protect,TrickRoom|Sassy|||||50|
|showteam|p2|Sinistcha||KasibBerry|Hospitality|MatchaGotcha,RagePowder,TrickRoom,Curse|Bold|||||50|]Incineroar||SitrusBerry|Intimidate|FlareBlitz,ThroatChop,PartingShot,FakeOut|Careful||F|||50|]Charizard||CharizarditeX|Blaze|FlareBlitz,DragonClaw,DragonDance,Protect|Adamant||F|||50|]Sneasler||FocusSash|PoisonTouch|FakeOut,CloseCombat,DireClaw,Coaching|Jolly||M|||50|]Scizor||Scizorite|Technician|BugBite,BulletPunch,SwordsDance,Protect|Adamant||M|||50|]Milotic||Leftovers|Competitive|Scald,IcyWind,Recover,Protect|Modest||M|||50|
|inactive|Battle timer is ON: inactive players will automatically lose when time's up. (requested by eskyur)
|inactive|GoonTheGamer has 60 seconds left.
|inactive|GoonTheGamer has 30 seconds left.
|
|t:|1785690453
|teamsize|p1|4
|teamsize|p2|4
|start
|switch|p1a: Politoed|Politoed, L50, F|100/100
|switch|p1b: Incineroar|Incineroar, L50, F|100/100
|switch|p2a: Milotic|Milotic, L50, M|100/100
|switch|p2b: Incineroar|Incineroar, L50, F|100/100
|-weather|RainDance|[from] ability: Drizzle|[of] p1a: Politoed
|-ability|p2b: Incineroar|Intimidate|boost
|-unboost|p1a: Politoed|atk|1
|-unboost|p1b: Incineroar|atk|1
|-ability|p1b: Incineroar|Intimidate|boost
|-unboost|p2a: Milotic|atk|1
|-ability|p2a: Milotic|Competitive|boost
|-boost|p2a: Milotic|spa|2
|-unboost|p2b: Incineroar|atk|1
|turn|1
|inactive|eskyur has 30 seconds left.
|inactive|eskyur has 20 seconds left.
|
|t:|1785690490
|move|p2b: Incineroar|Fake Out|p1a: Politoed
|-damage|p1a: Politoed|93/100
|move|p2a: Milotic|Scald|p1b: Incineroar
|-supereffective|p1b: Incineroar|1
|-damage|p1b: Incineroar|0 fnt
|faint|p1b: Incineroar
|cant|p1a: Politoed|flinch
|
|-weather|RainDance|[upkeep]
|upkeep
|
|t:|1785690495
|switch|p1b: Scrafty|Scrafty, L50, M|100/100
|-ability|p1b: Scrafty|Intimidate|boost
|-unboost|p2a: Milotic|atk|1
|-ability|p2a: Milotic|Competitive|boost
|-boost|p2a: Milotic|spa|2
|-unboost|p2b: Incineroar|atk|1
|turn|2
|
|t:|1785690512
|move|p2a: Milotic|Protect|p2a: Milotic
|-singleturn|p2a: Milotic|Protect
|move|p1a: Politoed|Perish Song|p1a: Politoed
|-start|p1a: Politoed|perish3|[silent]
|-start|p1b: Scrafty|perish3|[silent]
|-start|p2a: Milotic|perish3|[silent]
|-start|p2b: Incineroar|perish3|[silent]
|-fieldactivate|move: Perish Song
|move|p1b: Scrafty|Close Combat|p2b: Incineroar
|-supereffective|p2b: Incineroar|1
|-damage|p2b: Incineroar|0 fnt
|-unboost|p1b: Scrafty|def|1
|-unboost|p1b: Scrafty|spd|1
|faint|p2b: Incineroar
|-damage|p1b: Scrafty|90/100|[from] item: Life Orb
|
|-weather|RainDance|[upkeep]
|-start|p2a: Milotic|perish3
|-start|p1a: Politoed|perish3
|-start|p1b: Scrafty|perish3
|upkeep
|inactive|eskyur has 30 seconds left.
|
|t:|1785690539
|switch|p2b: Sneasler|Sneasler, L50, M|100/100
|turn|3
|inactive|eskyur has 30 seconds left.
|inactive|eskyur has 20 seconds left.
|
|t:|1785690575
|move|p1b: Scrafty|Detect|p1b: Scrafty
|-singleturn|p1b: Scrafty|Protect
|move|p2b: Sneasler|Fake Out|p1a: Politoed
|-damage|p1a: Politoed|80/100
|move|p2a: Milotic|Scald|p1b: Scrafty
|-activate|p1b: Scrafty|move: Protect
|cant|p1a: Politoed|flinch
|
|-weather|RainDance|[upkeep]
|-start|p2a: Milotic|perish2
|-start|p1a: Politoed|perish2
|-start|p1b: Scrafty|perish2
|upkeep
|turn|4
|inactive|eskyur has 30 seconds left.
|
|t:|1785690604
|switch|p1b: Gengar|Gengar, L50, M|100/100
|move|p2b: Sneasler|Dire Claw|p1a: Politoed
|-damage|p1a: Politoed|37/100
|-status|p1a: Politoed|psn
|-enditem|p1a: Politoed|Sitrus Berry|[eat]
|-heal|p1a: Politoed|62/100 psn|[from] item: Sitrus Berry
|move|p2a: Milotic|Scald|p1b: Gengar
|-damage|p1b: Gengar|0 fnt
|faint|p1b: Gengar
|move|p1a: Politoed|Weather Ball|p2b: Sneasler
|-damage|p2b: Sneasler|29/100
|
|-weather|RainDance|[upkeep]
|-damage|p1a: Politoed|50/100g psn|[from] psn
|-start|p2a: Milotic|perish1
|-start|p1a: Politoed|perish1
|upkeep
|
|t:|1785690608
|switch|p1b: Scrafty|Scrafty, L50, M|90/100
|-ability|p1b: Scrafty|Intimidate|boost
|-unboost|p2a: Milotic|atk|1
|-ability|p2a: Milotic|Competitive|boost
|-boost|p2a: Milotic|spa|2
|-unboost|p2b: Sneasler|atk|1
|turn|5
|inactive|eskyur has 30 seconds left.
|inactive|eskyur has 20 seconds left.
|
|t:|1785690646
|switch|p2a: Scizor|Scizor, L50, M|100/100
|move|p1b: Scrafty|Detect|p1b: Scrafty
|-singleturn|p1b: Scrafty|Protect
|move|p2b: Sneasler|Close Combat|p1a: Politoed
|-damage|p1a: Politoed|13/100 psn
|-unboost|p2b: Sneasler|def|1
|-unboost|p2b: Sneasler|spd|1
|move|p1a: Politoed|Weather Ball|p2b: Sneasler
|-damage|p2b: Sneasler|0 fnt
|faint|p2b: Sneasler
|
|-weather|none
|-damage|p1a: Politoed|1/100 psn|[from] psn
|-start|p1a: Politoed|perish0
|faint|p1a: Politoed
|upkeep
|
|t:|1785690664
|switch|p2b: Milotic|Milotic, L50, M|100/100
|turn|6
|
|t:|1785690686
|detailschange|p2a: Scizor|Scizor-Mega, L50, M
|-mega|p2a: Scizor|Scizor|Scizorite
|move|p2b: Milotic|Icy Wind|p1b: Scrafty
|-damage|p1b: Scrafty|77/100
|-unboost|p1b: Scrafty|spe|1
|move|p2a: Scizor|Swords Dance|p2a: Scizor
|-boost|p2a: Scizor|atk|2
|move|p1b: Scrafty|Close Combat|p2a: Scizor
|-damage|p2a: Scizor|51/100
|-unboost|p1b: Scrafty|def|1
|-unboost|p1b: Scrafty|spd|1
|-damage|p1b: Scrafty|67/100|[from] item: Life Orb
|
|upkeep
|turn|7
|
|t:|1785690703
|move|p2b: Milotic|Scald|p1b: Scrafty
|-damage|p1b: Scrafty|21/100
|move|p2a: Scizor|Bug Bite|p1b: Scrafty
|-damage|p1b: Scrafty|0 fnt
|faint|p1b: Scrafty
|
|win|eskyur
|raw|GoonTheGamer's rating: 1129 → 1100(-29 for losing)
|raw|eskyur's rating: 1070 → 1104(+34 for winning)
