|j|☆dambro222
|j|☆taa2pm
|html|dambro222taa2pm    
|uhtml|bestof|Game 3 of a best-of-3
|t:|1756238810
|gametype|doubles
|player|p1|dambro222|ethan|1189
|player|p2|taa2pm|265|1114
|gen|9
|tier|[Gen 9] VGC 2025 Reg H (Bo3)
|rated|
|rule|Species Clause: Limit one of each Pokémon
|rule|Item Clause: Limit 1 of each item
|clearpoke
|poke|p1|Dragonite, L50, M|
|poke|p1|Volcarona, L50, F|
|poke|p1|Sneasler, L50, M|
|poke|p1|Rillaboom, L50, M|
|poke|p1|Electabuzz, L50, M|
|poke|p1|Kingambit, L50, M|
|poke|p2|Garchomp, L50, F|
|poke|p2|Tyranitar, L50, F|
|poke|p2|Infernape, L50, M|
|poke|p2|Murkrow, L50, F|
|poke|p2|Gyarados, L50, M|
|poke|p2|Annihilape, L50, M|
|teampreview|4
|showteam|p1|Dragonite||LoadedDice|Multiscale|ScaleShot,ExtremeSpeed,Haze,Protect|||M|||50|,,,,,Fairy]Volcarona||CovertCloak|FlameBody|HeatWave,TeraBlast,QuiverDance,Protect|||F|||50|,,,,,Fairy]Sneasler||FocusSash|Unburden|CloseCombat,DireClaw,Coaching,Protect|||M|||50|,,,,,Stellar]Rillaboom||AssaultVest|GrassySurge|WoodHammer,GrassyGlide,HighHorsepower,FakeOut|||M|||50|,,,,,Water]Electabuzz||Eviolite|VitalSpirit|Electroweb,FollowMe,Taunt,Protect|||M|||50|,,,,,Ghost]Kingambit||BlackGlasses|Defiant|KowtowCleave,SuckerPunch,SwordsDance,Protect|||M|||50|,,,,,Dark
|showteam|p2|Garchomp||LifeOrb|RoughSkin|Earthquake,IronHead,DragonClaw,Protect|||F|||50|,,,,,Steel]Tyranitar||BlunderPolicy|SandStream|KnockOff,RockSlide,StoneEdge,Protect|||F|||50|,,,,,Flying]Infernape||AssaultVest|Blaze|FakeOut,AuraSphere,HeatWave,Overheat|||M|||50|,,,,,Stellar]Murkrow||Eviolite|Prankster|FoulPlay,Haze,Whirlwind,Tailwind|||F|||50|,,,,,Dark]Gyarados||ClearAmulet|Intimidate|Waterfall,TeraBlast,ThunderWave,Protect|||M|||50|,,,,,Flying]Annihilape||SafetyGoggles|Defiant|DrainPunch,RageFist,BulkUp,Protect|||M|||50|,,,,,Fire
|inactive|Battle timer is ON: inactive players will automatically lose when time's up. (requested by dambro222)
|inactive|dambro222 has 60 seconds left.
|
|t:|1756238855
|teamsize|p1|4
|teamsize|p2|4
|start
|switch|p1a: Rillaboom|Rillaboom, L50, M|100/100
|switch|p1b: Volcarona|Volcarona, L50, F|100/100
|switch|p2a: Tyranitar|Tyranitar, L50, F|100/100
|switch|p2b: Garchomp|Garchomp, L50, F|100/100
|-fieldstart|move: Grassy Terrain|[from] ability: Grassy Surge|[of] p1a: Rillaboom
|-weather|Sandstorm|[from] ability: Sand Stream|[of] p2a: Tyranitar
|turn|1
|
|t:|1756238872
|switch|p2b: Murkrow|Murkrow, L50, F|100/100
|move|p2a: Tyranitar|Protect|p2a: Tyranitar
|-singleturn|p2a: Tyranitar|Protect
|move|p1a: Rillaboom|Fake Out|p2a: Tyranitar
|-activate|p2a: Tyranitar|move: Protect
|move|p1b: Volcarona|Quiver Dance|p1b: Volcarona
|-boost|p1b: Volcarona|spa|1
|-boost|p1b: Volcarona|spd|1
|-boost|p1b: Volcarona|spe|1
|
|-weather|Sandstorm|[upkeep]
|-damage|p1b: Volcarona|94/100|[from] Sandstorm
|-damage|p1a: Rillaboom|95/100|[from] Sandstorm
|-damage|p2b: Murkrow|95/100|[from] Sandstorm
|-heal|p1b: Volcarona|100/100|[from] Grassy Terrain
|-heal|p1a: Rillaboom|100/100|[from] Grassy Terrain
|upkeep
|turn|2
|inactive|taa2pm has 30 seconds left.
|
|t:|1756238903
|-terastallize|p1b: Volcarona|Fairy
|-terastallize|p2a: Tyranitar|Flying
|move|p2b: Murkrow|Haze|p2b: Murkrow
|-clearallboost
|move|p1b: Volcarona|Heat Wave|p2a: Tyranitar|[spread] 
|-miss|p1b: Volcarona|p2a: Tyranitar
|-miss|p1b: Volcarona|p2b: Murkrow
|move|p1a: Rillaboom|Wood Hammer|p2a: Tyranitar
|-resisted|p2a: Tyranitar
|-damage|p2a: Tyranitar|62/100
|-damage|p1a: Rillaboom|89/100|[from] Recoil
|move|p2a: Tyranitar|Rock Slide|p1b: Volcarona|[spread] 
|-miss|p2a: Tyranitar|p1a: Rillaboom
|-enditem|p2a: Tyranitar|Blunder Policy
|-boost|p2a: Tyranitar|spe|2
|-miss|p2a: Tyranitar|p1b: Volcarona
|
|-weather|Sandstorm|[upkeep]
|-damage|p2a: Tyranitar|56/100|[from] Sandstorm
|-damage|p1b: Volcarona|94/100|[from] Sandstorm
|-damage|p1a: Rillaboom|83/100|[from] Sandstorm
|-damage|p2b: Murkrow|89/100|[from] Sandstorm
|-heal|p1b: Volcarona|100/100|[from] Grassy Terrain
|-heal|p1a: Rillaboom|89/100|[from] Grassy Terrain
|upkeep
|turn|3
|inactive|dambro222 has 30 seconds left.
|inactive|taa2pm has 30 seconds left.
|inactive|dambro222 has 20 seconds left.
|inactive|dambro222 has 15 seconds left.
|
|t:|1756238944
|move|p2a: Tyranitar|Protect|p2a: Tyranitar
|-singleturn|p2a: Tyranitar|Protect
|move|p2b: Murkrow|Tailwind|p2b: Murkrow
|-sidestart|p2: taa2pm|move: Tailwind
|move|p1b: Volcarona|Heat Wave|p2a: Tyranitar|[spread] p2b
|-activate|p2a: Tyranitar|move: Protect
|-damage|p2b: Murkrow|54/100
|move|p1a: Rillaboom|Wood Hammer|p2b: Murkrow
|-resisted|p2b: Murkrow
|-damage|p2b: Murkrow|10/100
|-damage|p1a: Rillaboom|77/100|[from] Recoil
|
|-weather|Sandstorm|[upkeep]
|-damage|p2a: Tyranitar|50/100|[from] Sandstorm
|-damage|p2b: Murkrow|4/100|[from] Sandstorm
|-damage|p1b: Volcarona|94/100|[from] Sandstorm
|-damage|p1a: Rillaboom|71/100|[from] Sandstorm
|-heal|p1b: Volcarona|100/100|[from] Grassy Terrain
|-heal|p1a: Rillaboom|77/100|[from] Grassy Terrain
|upkeep
|turn|4
|inactive|dambro222 has 30 seconds left.
|
|t:|1756238969
|switch|p2b: Garchomp|Garchomp, L50, F|100/100
|move|p1a: Rillaboom|Grassy Glide|p2b: Garchomp
|-damage|p2b: Garchomp|60/100
|-damage|p1a: Rillaboom|64/100|[from] ability: Rough Skin|[of] p2b: Garchomp
|move|p2a: Tyranitar|Rock Slide|p1a: Rillaboom|[spread] p1a,p1b
|-damage|p1a: Rillaboom|33/100
|-damage|p1b: Volcarona|60/100
|move|p1b: Volcarona|Tera Blast|p2a: Tyranitar|[anim] Tera Blast Fairy
|-damage|p2a: Tyranitar|15/100
|
|-weather|Sandstorm|[upkeep]
|-damage|p2a: Tyranitar|9/100|[from] Sandstorm
|-damage|p1b: Volcarona|54/100|[from] Sandstorm
|-damage|p1a: Rillaboom|27/100|[from] Sandstorm
|-heal|p2b: Garchomp|66/100|[from] Grassy Terrain
|-heal|p1b: Volcarona|60/100|[from] Grassy Terrain
|-heal|p1a: Rillaboom|33/100|[from] Grassy Terrain
|upkeep
|turn|5
|inactive|dambro222 has 30 seconds left.
|inactive|taa2pm has 30 seconds left.
|
|t:|1756239004
|move|p1a: Rillaboom|Grassy Glide|p2a: Tyranitar
|-resisted|p2a: Tyranitar
|-damage|p2a: Tyranitar|0 fnt
|faint|p2a: Tyranitar
|move|p2b: Garchomp|Iron Head|p1b: Volcarona
|-supereffective|p1b: Volcarona
|-damage|p1b: Volcarona|0 fnt
|faint|p1b: Volcarona
|-damage|p2b: Garchomp|56/100|[from] item: Life Orb
|
|-weather|none
|-heal|p2b: Garchomp|62/100|[from] Grassy Terrain
|-heal|p1a: Rillaboom|39/100|[from] Grassy Terrain
|-fieldend|move: Grassy Terrain
|upkeep
|
|t:|1756239017
|switch|p1b: Dragonite|Dragonite, L50, M|100/100
|switch|p2a: Infernape|Infernape, L50, M|100/100
|turn|6
|inactive|dambro222 has 30 seconds left.
|inactive|taa2pm has 30 seconds left.
|
|t:|1756239052
|move|p2a: Infernape|Heat Wave|p1a: Rillaboom|[spread] p1a,p1b
|-supereffective|p1a: Rillaboom
|-resisted|p1b: Dragonite
|-damage|p1a: Rillaboom|0 fnt
|-damage|p1b: Dragonite|92/100
|faint|p1a: Rillaboom
|move|p2b: Garchomp|Dragon Claw|p1b: Dragonite
|-supereffective|p1b: Dragonite
|-damage|p1b: Dragonite|0 fnt
|faint|p1b: Dragonite
|-damage|p2b: Garchomp|52/100|[from] item: Life Orb
|
|-sideend|p2: taa2pm|move: Tailwind
|upkeep
|
|t:|1756239061
|switch|p1b: Sneasler|Sneasler, L50, M|100/100
|turn|7
|
|t:|1756239079
|switch|p2a: Murkrow|Murkrow, L50, F|4/100
|move|p2b: Garchomp|Protect|p2b: Garchomp
|-singleturn|p2b: Garchomp|Protect
|move|p1b: Sneasler|Dire Claw|p2a: Murkrow
|-damage|p2a: Murkrow|0 fnt
|faint|p2a: Murkrow
|
|upkeep
|
|t:|1756239088
|switch|p2a: Infernape|Infernape, L50, M|100/100
|turn|8
|
|t:|1756239097
|move|p1b: Sneasler|Protect|p1b: Sneasler
|-singleturn|p1b: Sneasler|Protect
|move|p2a: Infernape|Fake Out|p1b: Sneasler
|-activate|p1b: Sneasler|move: Protect
|move|p2b: Garchomp|Dragon Claw|p1b: Sneasler
|-activate|p1b: Sneasler|move: Protect
|
|upkeep
|turn|9
|
|t:|1756239113
|move|p1b: Sneasler|Close Combat|p2b: Garchomp
|-damage|p2b: Garchomp|0 fnt
|-unboost|p1b: Sneasler|def|1
|-unboost|p1b: Sneasler|spd|1
|-damage|p1b: Sneasler|88/100|[from] ability: Rough Skin|[of] p2b: Garchomp
|faint|p2b: Garchomp
|move|p2a: Infernape|Overheat|p1b: Sneasler
|-damage|p1b: Sneasler|0 fnt
|-unboost|p2a: Infernape|spa|2
|faint|p1b: Sneasler
|
|win|taa2pm
|raw|dambro222's rating: 1189 → 1159(-30 for losing)
|raw|taa2pm's rating: 1114 → 1144(+30 for winning)
