|j|☆nontelo
|j|☆firepon79
|html|nontelofirepon79    
|uhtml|bestof|Game 3 of a best-of-3
|t:|1754890037
|gametype|doubles
|player|p1|nontelo|cress|1339
|player|p2|firepon79|psychic-gen4|1405
|gen|9
|tier|[Gen 9] VGC 2025 Reg H (Bo3)
|rated|
|rule|Species Clause: Limit one of each Pokémon
|rule|Item Clause: Limit 1 of each item
|clearpoke
|poke|p1|Tyranitar, L50, M|
|poke|p1|Excadrill, L50, M|
|poke|p1|Kommo-o, L50, M|
|poke|p1|Corviknight, L50, M|
|poke|p1|Incineroar, L50, M|
|poke|p1|Amoonguss, L50, M|
|poke|p2|Gholdengo, L50|
|poke|p2|Rillaboom, L50, M|
|poke|p2|Incineroar, L50, M|
|poke|p2|Electabuzz, L50, M|
|poke|p2|Annihilape, L50, M|
|poke|p2|Dragonite, L50, M|
|teampreview|4
|showteam|p1|Tyranitar||ChoiceScarf|SandStream|RockSlide,KnockOff,LowKick,TeraBlast|||M|||50|,,,,,Flying]Excadrill||FocusSash|SandRush|Earthquake,HighHorsepower,IronHead,Protect|||M|||50|,,,,,Ghost]Kommo-o||ThroatSpray|Overcoat|ClangingScales,ClangorousSoul,FlashCannon,Protect|||M|||50|,,,,,Steel]Corviknight||SitrusBerry|MirrorArmor|BraveBird,Tailwind,Roost,Protect|||M|||50|,,,,,Dragon]Incineroar||SafetyGoggles|Intimidate|FlareBlitz,KnockOff,PartingShot,FakeOut|||M|||50|,,,,,Ghost]Amoonguss||CovertCloak|Regenerator|Spore,SludgeBomb,PollenPuff,RagePowder|||M|||50|,,,,,Water
|showteam|p2|Gholdengo||SitrusBerry|GoodasGold|MakeItRain,ShadowBall,NastyPlot,Protect||||||50|,,,,,Water]Rillaboom||AssaultVest|GrassySurge|WoodHammer,GrassyGlide,HighHorsepower,FakeOut|||M|||50|,,,,,Fire]Incineroar||MirrorHerb|Intimidate|FlareBlitz,KnockOff,PartingShot,FakeOut|||M|||50|,,,,,Ghost]Electabuzz||Eviolite|VitalSpirit|Electroweb,Taunt,FollowMe,Protect|||M|||50|,,,,,Dragon]Annihilape||FocusSash|Defiant|CloseCombat,RageFist,Taunt,Coaching|||M|||50|,,,,,Stellar]Dragonite||LoadedDice|Multiscale|ScaleShot,ExtremeSpeed,Haze,Protect|||M|||50|,,,,,Fairy
|inactive|Battle timer is ON: inactive players will automatically lose when time's up. (requested by nontelo)
|inactive|firepon79 has 60 seconds left.
|inactive|nontelo has 60 seconds left.
|
|t:|1754890083
|teamsize|p1|4
|teamsize|p2|4
|start
|switch|p1a: Tyranitar|Tyranitar, L50, M|100/100
|switch|p1b: Incineroar|Incineroar, L50, M|100/100
|switch|p2a: Gholdengo|Gholdengo, L50|100/100
|switch|p2b: Incineroar|Incineroar, L50, M, shiny|100/100
|-weather|Sandstorm|[from] ability: Sand Stream|[of] p1a: Tyranitar
|-ability|p2b: Incineroar|Intimidate|boost
|-unboost|p1a: Tyranitar|atk|1
|-unboost|p1b: Incineroar|atk|1
|-ability|p1b: Incineroar|Intimidate|boost
|-unboost|p2a: Gholdengo|atk|1
|-unboost|p2b: Incineroar|atk|1
|turn|1
|inactive|firepon79 has 30 seconds left.
|
|t:|1754890111
|switch|p1a: Corviknight|Corviknight, L50, M|100/100
|switch|p2b: Rillaboom|Rillaboom, L50, M, shiny|100/100
|-fieldstart|move: Grassy Terrain|[from] ability: Grassy Surge|[of] p2b: Rillaboom
|move|p2a: Gholdengo|Protect|p2a: Gholdengo
|-singleturn|p2a: Gholdengo|Protect
|move|p1b: Incineroar|Knock Off|p2a: Gholdengo
|-activate|p2a: Gholdengo|move: Protect
|
|-weather|Sandstorm|[upkeep]
|-damage|p2b: Rillaboom|95/100|[from] Sandstorm
|-heal|p2b: Rillaboom|100/100|[from] Grassy Terrain
|upkeep
|turn|2
|inactive|nontelo has 30 seconds left.
|
|t:|1754890136
|-terastallize|p1b: Incineroar|Ghost
|move|p2b: Rillaboom|Fake Out|p1b: Incineroar
|-immune|p1b: Incineroar
|move|p2a: Gholdengo|Nasty Plot|p2a: Gholdengo
|-boost|p2a: Gholdengo|spa|2
|move|p1a: Corviknight|Brave Bird|p2b: Rillaboom
|-supereffective|p2b: Rillaboom
|-damage|p2b: Rillaboom|17/100
|-damage|p1a: Corviknight|74/100|[from] Recoil
|move|p1b: Incineroar|Knock Off|p2a: Gholdengo
|-supereffective|p2a: Gholdengo
|-damage|p2a: Gholdengo|49/100
|-enditem|p2a: Gholdengo|Sitrus Berry|[from] move: Knock Off|[of] p1b: Incineroar
|
|-weather|Sandstorm|[upkeep]
|-damage|p2b: Rillaboom|11/100|[from] Sandstorm
|-heal|p2a: Gholdengo|56/100|[from] Grassy Terrain
|-heal|p2b: Rillaboom|17/100|[from] Grassy Terrain
|upkeep
|turn|3
|
|t:|1754890160
|switch|p2b: Electabuzz|Electabuzz, L50, M, shiny|100/100
|move|p2a: Gholdengo|Shadow Ball|p1b: Incineroar
|-supereffective|p1b: Incineroar
|-damage|p1b: Incineroar|0 fnt
|faint|p1b: Incineroar
|move|p1a: Corviknight|Tailwind|p1a: Corviknight
|-sidestart|p1: nontelo|move: Tailwind
|
|-weather|Sandstorm|[upkeep]
|-damage|p2b: Electabuzz|95/100|[from] Sandstorm
|-heal|p2b: Electabuzz|100/100|[from] Grassy Terrain
|-heal|p2a: Gholdengo|62/100|[from] Grassy Terrain
|upkeep
|
|t:|1754890168
|switch|p1b: Excadrill|Excadrill, L50, M|100/100
|turn|4
|inactive|firepon79 has 30 seconds left.
|inactive|firepon79 has 20 seconds left.
|inactive|firepon79 has 15 seconds left.
|
|t:|1754890208
|switch|p2b: Rillaboom|Rillaboom, L50, M, shiny|17/100
|move|p1a: Corviknight|Protect|p1a: Corviknight
|-singleturn|p1a: Corviknight|Protect
|move|p2a: Gholdengo|Protect|p2a: Gholdengo
|-singleturn|p2a: Gholdengo|Protect
|move|p1b: Excadrill|High Horsepower|p2b: Rillaboom
|-resisted|p2b: Rillaboom
|-damage|p2b: Rillaboom|0 fnt
|faint|p2b: Rillaboom
|
|-weather|Sandstorm|[upkeep]
|-heal|p2a: Gholdengo|68/100|[from] Grassy Terrain
|upkeep
|
|t:|1754890216
|switch|p2b: Incineroar|Incineroar, L50, M, shiny|100/100
|-ability|p2b: Incineroar|Intimidate|boost
|-ability|p1a: Corviknight|Mirror Armor
|-unboost|p2b: Incineroar|atk|1
|-unboost|p1b: Excadrill|atk|1
|turn|5
|
|t:|1754890234
|move|p2b: Incineroar|Fake Out|p1b: Excadrill
|-resisted|p1b: Excadrill
|-damage|p1b: Excadrill|95/100
|cant|p1b: Excadrill|flinch
|move|p1a: Corviknight|Brave Bird|p2a: Gholdengo
|-resisted|p2a: Gholdengo
|-damage|p2a: Gholdengo|47/100
|-damage|p1a: Corviknight|67/100|[from] Recoil
|move|p2a: Gholdengo|Shadow Ball|p1a: Corviknight
|-damage|p1a: Corviknight|0 fnt
|faint|p1a: Corviknight
|
|-weather|none
|-heal|p1b: Excadrill|100/100|[from] Grassy Terrain
|-heal|p2a: Gholdengo|53/100|[from] Grassy Terrain
|-fieldend|move: Grassy Terrain
|upkeep
|
|t:|1754890247
|switch|p1a: Tyranitar|Tyranitar, L50, M|100/100
|-weather|Sandstorm|[from] ability: Sand Stream|[of] p1a: Tyranitar
|turn|6
|
|t:|1754890264
|switch|p2b: Electabuzz|Electabuzz, L50, M, shiny|100/100
|move|p2a: Gholdengo|Protect|p2a: Gholdengo
|-singleturn|p2a: Gholdengo|Protect
|move|p1b: Excadrill|High Horsepower|p2b: Electabuzz
|-supereffective|p2b: Electabuzz
|-damage|p2b: Electabuzz|27/100
|move|p1a: Tyranitar|Rock Slide|p2b: Electabuzz|[spread] p2b
|-activate|p2a: Gholdengo|move: Protect
|-damage|p2b: Electabuzz|0 fnt
|faint|p2b: Electabuzz
|
|-weather|Sandstorm|[upkeep]
|-sideend|p1: nontelo|move: Tailwind
|upkeep
|
|t:|1754890266
|switch|p2b: Incineroar|Incineroar, L50, M, shiny|100/100
|-ability|p2b: Incineroar|Intimidate|boost
|-unboost|p1a: Tyranitar|atk|1
|-unboost|p1b: Excadrill|atk|1
|turn|7
|
|t:|1754890278
|move|p2b: Incineroar|Fake Out|p1b: Excadrill
|-resisted|p1b: Excadrill
|-damage|p1b: Excadrill|92/100
|cant|p1b: Excadrill|flinch
|move|p1a: Tyranitar|Rock Slide|p2a: Gholdengo|[spread] p2a,p2b
|-resisted|p2a: Gholdengo
|-supereffective|p2b: Incineroar
|-damage|p2a: Gholdengo|42/100
|-damage|p2b: Incineroar|55/100
|move|p2a: Gholdengo|Make It Rain|p1b: Excadrill|[spread] p1a,p1b
|-supereffective|p1a: Tyranitar
|-resisted|p1b: Excadrill
|-damage|p1a: Tyranitar|0 fnt
|-damage|p1b: Excadrill|31/100
|-unboost|p2a: Gholdengo|spa|1
|faint|p1a: Tyranitar
|
|-weather|Sandstorm|[upkeep]
|-damage|p2b: Incineroar|49/100|[from] Sandstorm
|upkeep
|turn|8
|
|t:|1754890293
|-terastallize|p2a: Gholdengo|Water
|move|p1b: Excadrill|Earthquake|p2b: Incineroar|[spread] p2a,p2b
|-supereffective|p2b: Incineroar
|-damage|p2a: Gholdengo|21/100
|-damage|p2b: Incineroar|9/100
|move|p2a: Gholdengo|Shadow Ball|p1b: Excadrill
|-damage|p1b: Excadrill|0 fnt
|faint|p1b: Excadrill
|
|win|firepon79
|raw|nontelo's rating: 1339 → 1323(-16 for losing)
|raw|firepon79's rating: 1405 → 1421(+16 for winning)
|l|☆nontelo
|player|p1|
