|j|☆rossatwork26
|j|☆jumbomumbomb
|html|rossatwork26jumbomumbomb    
|uhtml|bestof|Game 3 of a best-of-3
|t:|1784230137
|gametype|doubles
|player|p1|rossatwork26|102|1093
|player|p2|jumbomumbomb|2|1116
|gen|9
|tier|[Gen 9 Champions] VGC 2026 Reg M-B (Bo3)
|rated|
|rule|Species Clause: Limit one of each Pokémon
|rule|Item Clause: Limit 1 of each item
|clearpoke
|poke|p1|Sneasler, L50, M|
|poke|p1|Blastoise, L50, M|
|poke|p1|Kingambit, L50, M|
|poke|p1|Incineroar, L50, M|
|poke|p1|Delphox, L50, F|
|poke|p1|Sinistcha, L50|
|poke|p2|Whimsicott, L50, M|
|poke|p2|Staraptor, L50, F|
|poke|p2|Gholdengo, L50|
|poke|p2|Sneasler, L50, M|
|poke|p2|Basculegion, L50, M|
|poke|p2|Incineroar, L50, M|
|teampreview|4
|showteam|p1|Sneasler||FocusSash|PoisonTouch|PoisonJab,CloseCombat,FakeOut,QuickGuard|Jolly||M|||50|]Blastoise||Blastoisinite|RainDish|DarkPulse,WaterSpout,ShellSmash,Protect|Modest||M|||50|]Kingambit||BlackGlasses|Defiant|KowtowCleave,SuckerPunch,SwordsDance,Protect|Adamant||M|||50|]Incineroar||SitrusBerry|Intimidate|FlareBlitz,HelpingHand,PartingShot,FakeOut|Careful||M|||50|]Delphox||Delphoxite|Blaze|HeatWave,NastyPlot,Psyshock,Protect|Modest||F|||50|]Sinistcha||KasibBerry|Hospitality|MatchaGotcha,RagePowder,TrickRoom,Protect|Bold|||||50|
|showteam|p2|Whimsicott||FocusSash|Prankster|Tailwind,Tickle,Encore,Moonblast|Timid||M|||50|]Staraptor||Staraptite|Intimidate|Protect,CloseCombat,Roost,BraveBird|Jolly||F|||50|]Gholdengo||LifeOrb|GoodasGold|Protect,ShadowBall,MakeItRain,NastyPlot|Modest|||||50|]Sneasler||WhiteHerb|Unburden|FakeOut,DireClaw,CloseCombat,Taunt|Jolly||M|||50|]Basculegion||ChoiceScarf|Adaptability|FlipTurn,LastRespects,AquaJet,WaveCrash|Jolly||M|||50|]Incineroar||Leftovers|Intimidate|FakeOut,FlareBlitz,DarkestLariat,PartingShot|Adamant||M|||50|
|
|t:|1784230179
|teamsize|p1|4
|teamsize|p2|4
|start
|switch|p1a: Sneasler|Sneasler, L50, M|100/100
|switch|p1b: Delphox|Delphox, L50, F|100/100
|switch|p2a: Staraptor|Staraptor, L50, F|100/100
|switch|p2b: Whimsicott|Whimsicott, L50, M|100/100
|-ability|p2a: Staraptor|Intimidate|boost
|-unboost|p1a: Sneasler|atk|1
|-unboost|p1b: Delphox|atk|1
|turn|1
|
|t:|1784230208
|detailschange|p2a: Staraptor|Staraptor-Mega, L50, F
|-mega|p2a: Staraptor|Staraptor|Staraptite
|detailschange|p1b: Delphox|Delphox-Mega, L50, F
|-mega|p1b: Delphox|Delphox|Delphoxite
|move|p1a: Sneasler|Fake Out|p2b: Whimsicott
|-damage|p2b: Whimsicott|85/100
|cant|p2b: Whimsicott|flinch
|move|p1b: Delphox|Heat Wave|p2a: Staraptor|[spread] p2a,p2b
|-supereffective|p2b: Whimsicott|1
|-damage|p2a: Staraptor|55/100
|-damage|p2b: Whimsicott|0 fnt
|faint|p2b: Whimsicott
|move|p2a: Staraptor|Brave Bird|p1b: Delphox
|-damage|p1b: Delphox|25/100
|-damage|p2a: Staraptor|29/100|[from] Recoil
|
|upkeep
|
|t:|1784230221
|switch|p2b: Incineroar|Incineroar, L50, M|100/100
|-ability|p2b: Incineroar|Intimidate|boost
|-unboost|p1a: Sneasler|atk|1
|-unboost|p1b: Delphox|atk|1
|turn|2
|
|t:|1784230233
|switch|p1a: Sinistcha|Sinistcha, L50|100/100
|-heal|p1b: Delphox|50/100g|[from] ability: Hospitality|[of] p1a: Sinistcha
|move|p1b: Delphox|Protect|p1b: Delphox
|-singleturn|p1b: Delphox|Protect
|move|p2b: Incineroar|Fake Out|p1b: Delphox
|-activate|p1b: Delphox|move: Protect
|move|p2a: Staraptor|Roost|p2a: Staraptor
|-heal|p2a: Staraptor|79/100
|-singleturn|p2a: Staraptor|move: Roost
|
|upkeep
|turn|3
|
|t:|1784230259
|move|p1a: Sinistcha|Rage Powder|p1a: Sinistcha
|-singleturn|p1a: Sinistcha|move: Rage Powder
|move|p1b: Delphox|Psyshock|p2a: Staraptor
|-supereffective|p2a: Staraptor|1
|-damage|p2a: Staraptor|0 fnt
|faint|p2a: Staraptor
|move|p2b: Incineroar|Flare Blitz|p1a: Sinistcha
|-supereffective|p1a: Sinistcha|1
|-damage|p1a: Sinistcha|0 fnt
|faint|p1a: Sinistcha
|-damage|p2b: Incineroar|70/100|[from] Recoil
|
|-heal|p2b: Incineroar|76/100|[from] item: Leftovers
|upkeep
|
|t:|1784230272
|switch|p2a: Sneasler|Sneasler, L50, M|100/100
|switch|p1a: Sneasler|Sneasler, L50, M|100/100
|turn|4
|
|t:|1784230295
|switch|p1a: Kingambit|Kingambit, L50, M|100/100
|move|p1b: Delphox|Protect|p1b: Delphox
|-singleturn|p1b: Delphox|Protect
|move|p2a: Sneasler|Fake Out|p1a: Kingambit
|-resisted|p1a: Kingambit|1
|-damage|p1a: Kingambit|94/100
|move|p2b: Incineroar|Flare Blitz|p1b: Delphox
|-activate|p1b: Delphox|move: Protect
|
|-heal|p2b: Incineroar|82/100|[from] item: Leftovers
|upkeep
|turn|5
|
|t:|1784230325
|move|p2a: Sneasler|Close Combat|p1a: Kingambit
|-supereffective|p1a: Kingambit|2
|-damage|p1a: Kingambit|0 fnt
|-unboost|p2a: Sneasler|def|1
|-unboost|p2a: Sneasler|spd|1
|faint|p1a: Kingambit
|-enditem|p2a: Sneasler|White Herb
|-clearnegativeboost|p2a: Sneasler|[silent]
|move|p1b: Delphox|Psyshock|p2a: Sneasler
|-supereffective|p2a: Sneasler|2
|-damage|p2a: Sneasler|0 fnt
|faint|p2a: Sneasler
|move|p2b: Incineroar|Darkest Lariat|p1b: Delphox
|-supereffective|p1b: Delphox|1
|-damage|p1b: Delphox|0 fnt
|faint|p1b: Delphox
|
|-heal|p2b: Incineroar|88/100|[from] item: Leftovers
|upkeep
|
|t:|1784230337
|switch|p1b: Sneasler|Sneasler, L50, M|100/100
|turn|6
|
|t:|1784230346
|move|p1b: Sneasler|Close Combat|p2b: Incineroar
|-supereffective|p2b: Incineroar|1
|-damage|p2b: Incineroar|0 fnt
|-unboost|p1b: Sneasler|def|1
|-unboost|p1b: Sneasler|spd|1
|faint|p2b: Incineroar
|
|win|rossatwork26
|raw|rossatwork26's rating: 1093 → 1121(+28 for winning)
|raw|jumbomumbomb's rating: 1116 → 1089(-27 for losing)
|l|☆jumbomumbomb
|player|p2|
|j|☆jumbomumbomb
|player|p2|jumbomumbomb|2|
|l|☆jumbomumbomb
|player|p2|
