|j|☆Jay is decent
|j|☆Flipsicle
|html|Jay is decentFlipsicle    
|uhtml|bestof|Game 2 of a best-of-3
|t:|1785514489
|gametype|doubles
|player|p1|Jay is decent|265|
|player|p2|Flipsicle|elesa-masters|
|gen|9
|tier|[Gen 9 Champions] VGC 2026 Reg M-B (Bo3)
|rule|Species Clause: Limit one of each Pokémon
|rule|Item Clause: Limit 1 of each item
|clearpoke
|poke|p1|Blaziken, L50, F, shiny|
|poke|p1|Kingambit, L50, F|
|poke|p1|Basculegion, L50, M|
|poke|p1|Ninetales-Alola, L50, M|
|poke|p1|Venusaur, L50, M|
|poke|p1|Lycanroc-Dusk, L50, F|
|poke|p2|Sneasler, L50, F|
|poke|p2|Mawile, L50, F, shiny|
|poke|p2|Farigiraf, L50, F|
|poke|p2|Dragonite, L50, M, shiny|
|poke|p2|Pelipper, L50, M|
|poke|p2|Kingambit, L50, F|
|teampreview|4
|showteam|p1|Blaziken||Blazikenite|SpeedBoost|FlareBlitz,CloseCombat,RockSlide,Detect|Adamant||F|||50|]Kingambit||BlackGlasses|Defiant|KowtowCleave,SuckerPunch,IronHead,Protect|Adamant||F|||50|]Basculegion||ChoiceScarf|Adaptability|WaveCrash,LastRespects,AquaJet,FlipTurn|Jolly||M|||50|]Ninetales-Alola||NeverMeltIce|SnowWarning|Blizzard,FreezeDry,Encore,Protect|Timid||M|||50|]Venusaur||Venusaurite|Chlorophyll|GigaDrain,SludgeBomb,EarthPower,Protect|Modest||M|||50|]Lycanroc-Dusk||FocusSash|ToughClaws|RockSlide,CloseCombat,Accelerock,Protect|Adamant||F|||50|
|showteam|p2|Sneasler||WhiteHerb|Unburden|DireClaw,Coaching,CloseCombat,FakeOut|Adamant||F|||50|]Mawile||Mawilite|Intimidate|PlayRough,SuckerPunch,IronHead,Protect|Adamant||F|||50|]Farigiraf||SitrusBerry|ArmorTail|Psychic,TrickRoom,GrassKnot,HelpingHand|Bold||F|||50|]Dragonite||Dragoninite|Multiscale|Thunderbolt,Hurricane,DragonPulse,Protect|Modest||M|||50|]Pelipper||FocusSash|Drizzle|WeatherBall,Hurricane,Tailwind,WideGuard|Timid||M|||50|]Kingambit||ChopleBerry|Defiant|KowtowCleave,SuckerPunch,LowKick,Protect|Adamant||F|||50|
|c|☆Flipsicle|glhf
|c|☆Jay is decent|u2
|
|t:|1785514508
|teamsize|p1|4
|teamsize|p2|4
|start
|switch|p1a: Basculegion|Basculegion, L50, M|100/100
|switch|p1b: Kingambit|Kingambit, L50, F|100/100
|switch|p2a: Farigiraf|Farigiraf, L50, F|100/100
|switch|p2b: Sneasler|Sneasler, L50, F|100/100
|turn|1
|
|t:|1785514527
|move|p2b: Sneasler|Fake Out|p1b: Kingambit
|-resisted|p1b: Kingambit|1
|-damage|p1b: Kingambit|94/100
|move|p1a: Basculegion|Wave Crash|p2b: Sneasler
|-damage|p2b: Sneasler|0 fnt
|faint|p2b: Sneasler
|-damage|p1a: Basculegion|73/100|[from] Recoil
|cant|p1b: Kingambit|flinch
|move|p2a: Farigiraf|Trick Room|p2a: Farigiraf
|-fieldstart|move: Trick Room|[of] p2a: Farigiraf
|
|upkeep
|
|t:|1785514532
|switch|p2b: Kingambit|Kingambit, L50, F|100/100
|turn|2
|
|t:|1785514544
|switch|p1b: Ninetales|Ninetales-Alola, L50, M|100/100
|-weather|Snowscape|[from] ability: Snow Warning|[of] p1b: Ninetales
|switch|p2a: Mawile|Mawile, L50, F, shiny|100/100
|-ability|p2a: Mawile|Intimidate|boost
|-unboost|p1a: Basculegion|atk|1
|-unboost|p1b: Ninetales|atk|1
|move|p2b: Kingambit|Low Kick|p1b: Ninetales
|-damage|p1b: Ninetales|85/100
|move|p1a: Basculegion|Wave Crash|p2b: Kingambit
|-damage|p2b: Kingambit|64/100
|-damage|p1a: Basculegion|61/100|[from] Recoil
|
|-weather|Snowscape|[upkeep]
|upkeep
|turn|3
|
|t:|1785514572
|switch|p1b: Kingambit|Kingambit, L50, F|94/100
|detailschange|p2a: Mawile|Mawile-Mega, L50, F, shiny
|-mega|p2a: Mawile|Mawile|Mawilite
|move|p2b: Kingambit|Low Kick|p1a: Basculegion
|-immune|p1a: Basculegion
|move|p2a: Mawile|Iron Head|p1b: Kingambit
|-resisted|p1b: Kingambit|1
|-damage|p1b: Kingambit|68/100
|move|p1a: Basculegion|Wave Crash|p2b: Kingambit
|-damage|p2b: Kingambit|29/100
|-damage|p1a: Basculegion|49/100|[from] Recoil
|
|-weather|Snowscape|[upkeep]
|upkeep
|turn|4
|
|t:|1785514601
|switch|p1b: Venusaur|Venusaur, L50, M|100/100
|move|p2b: Kingambit|Low Kick|p1b: Venusaur
|-resisted|p1b: Venusaur|1
|-damage|p1b: Venusaur|77/100
|move|p2a: Mawile|Play Rough|p1a: Basculegion
|-damage|p1a: Basculegion|0 fnt
|faint|p1a: Basculegion
|
|-weather|Snowscape|[upkeep]
|upkeep
|
|t:|1785514618
|switch|p1a: Kingambit|Kingambit, L50, F|68/100
|turn|5
|
|t:|1785514633
|switch|p2b: Farigiraf|Farigiraf, L50, F|100/100
|move|p1a: Kingambit|Protect|p1a: Kingambit
|-singleturn|p1a: Kingambit|Protect
|move|p1b: Venusaur|Protect|p1b: Venusaur
|-singleturn|p1b: Venusaur|Protect
|move|p2a: Mawile|Iron Head|p1b: Venusaur
|-activate|p1b: Venusaur|move: Protect
|
|-weather|Snowscape|[upkeep]
|-fieldend|move: Trick Room
|upkeep
|turn|6
|
|t:|1785514651
|detailschange|p1b: Venusaur|Venusaur-Mega, L50, M
|-mega|p1b: Venusaur|Venusaur|Venusaurite
|move|p1b: Venusaur|Sludge Bomb|p2b: Farigiraf
|-damage|p2b: Farigiraf|57/100
|-status|p2b: Farigiraf|psn
|move|p1a: Kingambit|Kowtow Cleave|p2b: Farigiraf
|-supereffective|p2b: Farigiraf|1
|-damage|p2b: Farigiraf|0 fnt
|faint|p2b: Farigiraf
|move|p2a: Mawile|Play Rough|p1a: Kingambit
|-damage|p1a: Kingambit|4/100
|
|-weather|none
|upkeep
|
|t:|1785514661
|switch|p2b: Kingambit|Kingambit, L50, F|29/100
|turn|7
|
|t:|1785514683
|move|p2a: Mawile|Protect|p2a: Mawile
|-singleturn|p2a: Mawile|Protect
|move|p1a: Kingambit|Sucker Punch||[still]
|-fail|p1a: Kingambit
|move|p1b: Venusaur|Earth Power|p2b: Kingambit
|-supereffective|p2b: Kingambit|1
|-damage|p2b: Kingambit|0 fnt
|faint|p2b: Kingambit
|
|upkeep
|turn|8
|-message|Flipsicle forfeited.
|
|win|Jay is decent
||Flipsicle is ready for game 3.
||Jay is decent is ready for game 3.
|uhtml|next|Next: Game 3 of 3
|l|☆Flipsicle
|player|p2|
