|j|☆Matiublanco
|j|☆PenguimSAL
|html|MatiublancoPenguimSAL    
|uhtml|bestof|Game 2 of a best-of-3
|t:|1785796002
|gametype|doubles
|player|p1|Matiublanco|266|1194
|player|p2|PenguimSAL|hugh|1146
|gen|9
|tier|[Gen 9 Champions] VGC 2026 Reg M-B (Bo3)
|rated|
|rule|Species Clause: Limit one of each Pokémon
|rule|Item Clause: Limit 1 of each item
|clearpoke
|poke|p1|Tyranitar, L50, M|
|poke|p1|Excadrill, L50, F|
|poke|p1|Sinistcha, L50|
|poke|p1|Gholdengo, L50|
|poke|p1|Milotic, L50, F|
|poke|p1|Staraptor, L50, M|
|poke|p2|Charizard, L50, M|
|poke|p2|Venusaur, L50, F|
|poke|p2|Garchomp, L50, M|
|poke|p2|Incineroar, L50, M|
|poke|p2|Toxapex, L50, F|
|poke|p2|Sylveon, L50, F|
|teampreview|4
|showteam|p1|Tyranitar||Tyranitarite|SandStream|Protect,RockSlide,KnockOff,LowKick|Adamant||M|||50|]Excadrill||FocusSash|SandRush|Protect,HighHorsepower,RockSlide,IronHead|Adamant||F|||50|]Sinistcha||SitrusBerry|Hospitality|Protect,RagePowder,MatchaGotcha,TrickRoom|Bold|||||50|]Gholdengo||LifeOrb|GoodasGold|Protect,MakeItRain,ShadowBall,NastyPlot|Modest|||||50|]Milotic||Leftovers|Competitive|Protect,Scald,IceBeam,IcyWind|Modest||F|||50|]Staraptor||Staraptite|Intimidate|Protect,CloseCombat,BraveBird,Tailwind|Jolly||M|||50|
|showteam|p2|Charizard||CharizarditeY|Blaze|HeatWave,WeatherBall,AncientPower,Protect|Modest||M|||50|]Venusaur||LifeOrb|Chlorophyll|SolarBeam,SludgeBomb,EarthPower,Protect|Modest||F|||50|]Garchomp||ChoiceScarf|RoughSkin|DragonClaw,Earthquake,RockSlide,StompingTantrum|Adamant||M|||50|]Incineroar||SitrusBerry|Intimidate|FlareBlitz,ThroatChop,PartingShot,FakeOut|Impish||M|||50|]Toxapex||Leftovers|Regenerator|Toxic,Infestation,WideGuard,BanefulBunker|Bold||F|||50|]Sylveon||FairyFeather|Pixilate|HyperVoice,Yawn,Detect,QuickAttack|Modest||F|||50|
|
|t:|1785796038
|teamsize|p1|4
|teamsize|p2|4
|start
|switch|p1a: Staraptor|Staraptor, L50, M|100/100
|switch|p1b: Milotic|Milotic, L50, F|100/100
|switch|p2a: Garchomp|Garchomp, L50, M|100/100
|switch|p2b: Incineroar|Incineroar, L50, M|100/100
|-ability|p1a: Staraptor|Intimidate|boost
|-unboost|p2a: Garchomp|atk|1
|-unboost|p2b: Incineroar|atk|1
|-ability|p2b: Incineroar|Intimidate|boost
|-unboost|p1a: Staraptor|atk|1
|-unboost|p1b: Milotic|atk|1
|-ability|p1b: Milotic|Competitive|boost
|-boost|p1b: Milotic|spa|2
|turn|1
|
|t:|1785796065
|switch|p1a: Tyranitar|Tyranitar, L50, M|100/100
|-weather|Sandstorm|[from] ability: Sand Stream|[of] p1a: Tyranitar
|move|p1b: Milotic|Protect|p1b: Milotic
|-singleturn|p1b: Milotic|Protect
|move|p2b: Incineroar|Fake Out|p1a: Tyranitar
|-resisted|p1a: Tyranitar|1
|-damage|p1a: Tyranitar|97/100
|move|p2a: Garchomp|Dragon Claw|p1b: Milotic
|-activate|p1b: Milotic|move: Protect
|
|-weather|Sandstorm|[upkeep]
|-damage|p1b: Milotic|94/100|[from] Sandstorm
|-damage|p2b: Incineroar|94/100|[from] Sandstorm
|-heal|p1b: Milotic|100/100|[from] item: Leftovers
|upkeep
|turn|2
|
|t:|1785796101
|switch|p2a: Venusaur|Venusaur, L50, F|100/100
|move|p1a: Tyranitar|Protect|p1a: Tyranitar
|-singleturn|p1a: Tyranitar|Protect
|move|p1b: Milotic|Ice Beam|p2a: Venusaur
|-supereffective|p2a: Venusaur|1
|-damage|p2a: Venusaur|0 fnt
|faint|p2a: Venusaur
|move|p2b: Incineroar|Parting Shot|p1a: Tyranitar
|-activate|p1a: Tyranitar|move: Protect
|
|-weather|Sandstorm|[upkeep]
|-damage|p1b: Milotic|94/100|[from] Sandstorm
|-damage|p2b: Incineroar|88/100|[from] Sandstorm
|-heal|p1b: Milotic|100/100|[from] item: Leftovers
|upkeep
|
|t:|1785796109
|switch|p2a: Charizard|Charizard, L50, M|100/100
|turn|3
|
|t:|1785796131
|detailschange|p1a: Tyranitar|Tyranitar-Mega, L50, M
|-mega|p1a: Tyranitar|Tyranitar|Tyranitarite
|move|p2a: Charizard|Protect|p2a: Charizard
|-singleturn|p2a: Charizard|Protect
|move|p1b: Milotic|Scald|p2b: Incineroar
|-supereffective|p2b: Incineroar|1
|-damage|p2b: Incineroar|0 fnt
|faint|p2b: Incineroar
|move|p1a: Tyranitar|Knock Off|p2a: Charizard
|-activate|p2a: Charizard|move: Protect
|
|-weather|Sandstorm|[upkeep]
|-damage|p2a: Charizard|93/100|[from] Sandstorm
|-damage|p1b: Milotic|94/100|[from] Sandstorm
|-heal|p1b: Milotic|100/100|[from] item: Leftovers
|upkeep
|
|t:|1785796134
|switch|p2b: Garchomp|Garchomp, L50, M|100/100
|turn|4
|
|t:|1785796147
|switch|p1a: Staraptor|Staraptor, L50, M|100/100
|-ability|p1a: Staraptor|Intimidate|boost
|-unboost|p2a: Charizard|atk|1
|-unboost|p2b: Garchomp|atk|1
|detailschange|p2a: Charizard|Charizard-Mega-Y, L50, M
|-mega|p2a: Charizard|Charizard|Charizardite Y
|-weather|SunnyDay|[from] ability: Drought|[of] p2a: Charizard
|move|p2b: Garchomp|Earthquake|p1b: Milotic|[spread] p1b
|-immune|p2a: Charizard
|-immune|p1a: Staraptor
|-damage|p1b: Milotic|76/100
|move|p2a: Charizard|Heat Wave|p1b: Milotic|[spread] p1a,p1b
|-resisted|p1b: Milotic|1
|-damage|p1a: Staraptor|0 fnt
|-damage|p1b: Milotic|50/100g
|-status|p1b: Milotic|brn
|faint|p1a: Staraptor
|move|p1b: Milotic|Ice Beam|p2a: Charizard
|-damage|p2a: Charizard|53/100
|
|-weather|SunnyDay|[upkeep]
|-heal|p1b: Milotic|56/100 brn|[from] item: Leftovers
|-damage|p1b: Milotic|50/100g brn|[from] brn
|upkeep
|
|t:|1785796168
|switch|p1a: Tyranitar|Tyranitar-Mega, L50, M|97/100
|-weather|Sandstorm|[from] ability: Sand Stream|[of] p1a: Tyranitar
|turn|5
|
|t:|1785796178
|move|p1a: Tyranitar|Protect|p1a: Tyranitar
|-singleturn|p1a: Tyranitar|Protect
|move|p2b: Garchomp|Earthquake|p1b: Milotic|[spread] p1b
|-activate|p1a: Tyranitar|move: Protect
|-immune|p2a: Charizard
|-damage|p1b: Milotic|28/100 brn
|move|p2a: Charizard|Weather Ball|p1b: Milotic
|-damage|p1b: Milotic|0 fnt
|faint|p1b: Milotic
|
|-weather|Sandstorm|[upkeep]
|-damage|p2a: Charizard|46/100|[from] Sandstorm
|upkeep
|
|t:|1785796187
|switch|p1b: Gholdengo|Gholdengo, L50|100/100
|turn|6
|
|t:|1785796199
|move|p2a: Charizard|Protect|p2a: Charizard
|-singleturn|p2a: Charizard|Protect
|move|p1b: Gholdengo|Protect|p1b: Gholdengo
|-singleturn|p1b: Gholdengo|Protect
|move|p2b: Garchomp|Earthquake|p1a: Tyranitar|[spread] p1a
|-activate|p2a: Charizard|move: Protect
|-activate|p1b: Gholdengo|move: Protect
|-supereffective|p1a: Tyranitar|1
|-damage|p1a: Tyranitar|58/100
|move|p1a: Tyranitar|Rock Slide|p2a: Charizard|[spread] p2b
|-activate|p2a: Charizard|move: Protect
|-resisted|p2b: Garchomp|1
|-damage|p2b: Garchomp|82/100
|
|-weather|Sandstorm|[upkeep]
|-damage|p2a: Charizard|40/100|[from] Sandstorm
|upkeep
|turn|7
|
|t:|1785796213
|move|p2b: Garchomp|Earthquake|p1b: Gholdengo|[spread] p1a,p1b
|-immune|p2a: Charizard
|-supereffective|p1a: Tyranitar|1
|-supereffective|p1b: Gholdengo|1
|-damage|p1a: Tyranitar|23/100
|-damage|p1b: Gholdengo|46/100
|move|p2a: Charizard|Heat Wave|p1b: Gholdengo|[spread] p1a,p1b
|-resisted|p1a: Tyranitar|1
|-supereffective|p1b: Gholdengo|1
|-damage|p1a: Tyranitar|13/100
|-damage|p1b: Gholdengo|0 fnt
|faint|p1b: Gholdengo
|move|p1a: Tyranitar|Knock Off|p2b: Garchomp
|-damage|p2b: Garchomp|15/100
|-damage|p1a: Tyranitar|1/100|[from] ability: Rough Skin|[of] p2b: Garchomp
|-enditem|p2b: Garchomp|Choice Scarf|[from] move: Knock Off|[of] p1a: Tyranitar
|
|-weather|Sandstorm|[upkeep]
|-damage|p2a: Charizard|34/100|[from] Sandstorm
|upkeep
|turn|8
|-message|Matiublanco forfeited.
|
|win|PenguimSAL
|raw|Matiublanco's rating: 1194 → 1166(-28 for losing)
|raw|PenguimSAL's rating: 1146 → 1174(+28 for winning)
|l|☆Matiublanco
|player|p1|
