|j|☆LeonardPlayz
|j|☆kapi_loves_yall
|html|LeonardPlayzkapi_loves_yall    
|uhtml|bestof|Game 1 of a best-of-3
|t:|1784758192
|gametype|doubles
|player|p1|LeonardPlayz|hilbert-wonderlauncher|1165
|player|p2|kapi_loves_yall|miku-ground|1232
|gen|9
|tier|[Gen 9 Champions] VGC 2026 Reg M-B (Bo3)
|rated|
|rule|Species Clause: Limit one of each Pokémon
|rule|Item Clause: Limit 1 of each item
|clearpoke
|poke|p1|Swampert, L50, F|
|poke|p1|Hydreigon, L50, M|
|poke|p1|Grimmsnarl, L50, M|
|poke|p1|Pelipper, L50, M|
|poke|p1|Archaludon, L50, M|
|poke|p1|Sinistcha, L50|
|poke|p2|Sinistcha-Masterpiece, L50|
|poke|p2|Mawile, L50, M|
|poke|p2|Primarina, L50, F|
|poke|p2|Scrafty, L50, M|
|poke|p2|Drampa, L50, M|
|poke|p2|Armarouge, L50, F|
|teampreview|4
|showteam|p1|Swampert||Swampertite|Torrent|WaveCrash,Earthquake,IcePunch,Protect|Adamant||F|||50|]Hydreigon||ChoiceScarf|Levitate|DarkPulse,DragonPulse,Snarl,Uturn|Modest||M|||50|]Grimmsnarl||BlackGlasses|Prankster|FakeOut,FoulPlay,WonderRoom,PartingShot|Impish||M|||50|]Pelipper||SitrusBerry|Drizzle|Tailwind,WeatherBall,Hurricane,WideGuard|Modest||M|||50|]Archaludon||Leftovers|Stamina|ElectroShot,DragonPulse,FlashCannon,Protect|Modest||M|||50|]Sinistcha||CobaBerry|Hospitality|RagePowder,MatchaGotcha,ShadowBall,Protect|Modest|||||50|
|showteam|p2|Sinistcha-Masterpiece||SitrusBerry|Hospitality|MatchaGotcha,RagePowder,TrickRoom,ShadowBall|Relaxed|||||50|]Mawile||Mawilite|HyperCutter|IronHead,PlayRough,SuckerPunch,Protect|Brave||M|||50|]Primarina||MysticWater|LiquidVoice|HyperVoice,IceBeam,Moonblast,Protect|Quiet||F|||50|]Scrafty||Scraftinite|Intimidate|Crunch,CloseCombat,RockSlide,FakeOut|Brave||M|||50|]Drampa||LifeOrb|CloudNine|HyperVoice,EarthPower,DragonPulse,Protect|Quiet||M|||50|]Armarouge||ColburBerry|FlashFire|ArmorCannon,TrickRoom,Psychic,WideGuard|Sassy||F|||50|
|inactive|Battle timer is ON: inactive players will automatically lose when time's up. (requested by LeonardPlayz)
|
|t:|1784758217
|teamsize|p1|4
|teamsize|p2|4
|start
|switch|p1a: Archaludon|Archaludon, L50, M|100/100
|switch|p1b: Grimmothy S.|Grimmsnarl, L50, M|100/100
|switch|p2a: Armarouge|Armarouge, L50, F|100/100
|switch|p2b: Sinistcha|Sinistcha-Masterpiece, L50|100/100
|turn|1
|
|t:|1784758229
|switch|p1b: Pelipper|Pelipper, L50, M|100/100
|-weather|RainDance|[from] ability: Drizzle|[of] p1b: Pelipper
|switch|p2b: Scrafty|Scrafty, L50, M|100/100
|-ability|p2b: Scrafty|Intimidate|boost
|-unboost|p1a: Archaludon|atk|1
|-unboost|p1b: Pelipper|atk|1
|move|p1a: Archaludon|Electro Shot||[still]
|-prepare|p1a: Archaludon|Electro Shot
|-boost|p1a: Archaludon|spa|1
|-anim|p1a: Archaludon|Electro Shot|p2a: Armarouge
|-damage|p2a: Armarouge|52/100
|move|p2a: Armarouge|Trick Room|p2a: Armarouge
|-fieldstart|move: Trick Room|[of] p2a: Armarouge
|
|-weather|RainDance|[upkeep]
|upkeep
|turn|2
|inactive|LeonardPlayz has 30 seconds left.
|
|t:|1784758255
|switch|p2a: Drampa|Drampa, L50, M|100/100
|-ability|p2a: Drampa|Cloud Nine
|detailschange|p2b: Scrafty|Scrafty-Mega, L50, M
|-mega|p2b: Scrafty|Scrafty|Scraftinite
|-ability|p2b: Scrafty|Intimidate|boost
|-unboost|p1a: Archaludon|atk|1
|-unboost|p1b: Pelipper|atk|1
|move|p1a: Archaludon|Protect|p1a: Archaludon
|-singleturn|p1a: Archaludon|Protect
|move|p2b: Scrafty|Close Combat|p1a: Archaludon
|-activate|p1a: Archaludon|move: Protect
|move|p1b: Pelipper|Hurricane|p2a: Drampa
|-damage|p2a: Drampa|54/100
|-start|p2a: Drampa|confusion
|
|-weather|RainDance|[upkeep]
|upkeep
|turn|3
|
|t:|1784758271
|switch|p1a: Grimmothy S.|Grimmsnarl, L50, M|100/100
|-activate|p2a: Drampa|confusion
|-damage|p2a: Drampa|48/100|[from] confusion
|move|p2b: Scrafty|Close Combat|p1a: Grimmothy S.
|-damage|p1a: Grimmothy S.|29/100
|-unboost|p2b: Scrafty|def|1
|-unboost|p2b: Scrafty|spd|1
|move|p1b: Pelipper|Hurricane|p2b: Scrafty
|-supereffective|p2b: Scrafty|1
|-damage|p2b: Scrafty|0 fnt
|faint|p2b: Scrafty
|
|-weather|RainDance|[upkeep]
|upkeep
|
|t:|1784758276
|switch|p2b: Sinistcha|Sinistcha-Masterpiece, L50|100/100
|-heal|p2a: Drampa|72/100|[from] ability: Hospitality|[of] p2b: Sinistcha
|turn|4
|inactive|kapi_loves_yall has 30 seconds left.
|
|t:|1784758306
|move|p1a: Grimmothy S.|Parting Shot|p2b: Sinistcha
|-unboost|p2b: Sinistcha|atk|1
|-unboost|p2b: Sinistcha|spa|1
|
|t:|1784758308
|switch|p1a: Archaludon|Archaludon, L50, M|100/100|[from] Parting Shot
|-activate|p2a: Drampa|confusion
|-damage|p2a: Drampa|65/100|[from] confusion
|move|p2b: Sinistcha|Shadow Ball|p1b: Pelipper
|-damage|p1b: Pelipper|74/100
|-unboost|p1b: Pelipper|spd|1
|move|p1b: Pelipper|Hurricane|p2b: Sinistcha
|-supereffective|p2b: Sinistcha|1
|-damage|p2b: Sinistcha|4/100
|-enditem|p2b: Sinistcha|Sitrus Berry|[eat]
|-heal|p2b: Sinistcha|29/100|[from] item: Sitrus Berry
|
|-weather|RainDance|[upkeep]
|upkeep
|turn|5
|
|t:|1784758324
|switch|p2b: Armarouge|Armarouge, L50, F|52/100
|switch|p1b: Grimmothy S.|Grimmsnarl, L50, M|29/100
|-end|p2a: Drampa|confusion
|move|p2a: Drampa|Dragon Pulse|p1b: Grimmothy S.
|-immune|p1b: Grimmothy S.
|move|p1a: Archaludon|Dragon Pulse|p2b: Armarouge
|-damage|p2b: Armarouge|19/100
|
|-weather|none
|-fieldend|move: Trick Room
|upkeep
|turn|6
|
|t:|1784758340
|switch|p2a: Sinistcha|Sinistcha-Masterpiece, L50|29/100
|-heal|p2b: Armarouge|43/100|[from] ability: Hospitality|[of] p2a: Sinistcha
|move|p1a: Archaludon|Dragon Pulse|p2b: Armarouge
|-damage|p2b: Armarouge|12/100
|move|p1b: Grimmothy S.|Foul Play|p2a: Sinistcha
|-supereffective|p2a: Sinistcha|1
|-damage|p2a: Sinistcha|0 fnt
|faint|p2a: Sinistcha
|move|p2b: Armarouge|Trick Room|p2b: Armarouge
|-fieldstart|move: Trick Room|[of] p2b: Armarouge
|
|upkeep
|
|t:|1784758345
|switch|p2a: Drampa|Drampa, L50, M|65/100
|-ability|p2a: Drampa|Cloud Nine
|turn|7
|
|t:|1784758352
|move|p1b: Grimmothy S.|Parting Shot|p2b: Armarouge
|-unboost|p2b: Armarouge|atk|1
|-unboost|p2b: Armarouge|spa|1
|
|t:|1784758354
|switch|p1b: Pelipper|Pelipper, L50, M|74/100|[from] Parting Shot
|-weather|RainDance|[from] ability: Drizzle|[of] p1b: Pelipper
|move|p2a: Drampa|Hyper Voice|p1a: Archaludon|[spread] p1a,p1b
|-resisted|p1a: Archaludon|1
|-damage|p1a: Archaludon|74/100
|-damage|p1b: Pelipper|13/100
|-ability|p1a: Archaludon|Stamina|boost
|-boost|p1a: Archaludon|def|1
|-enditem|p1b: Pelipper|Sitrus Berry|[eat]
|-heal|p1b: Pelipper|38/100|[from] item: Sitrus Berry
|-damage|p2a: Drampa|55/100|[from] item: Life Orb
|move|p2b: Armarouge|Psychic|p1b: Pelipper
|-damage|p1b: Pelipper|5/100
|move|p1a: Archaludon|Dragon Pulse|p2a: Drampa
|-supereffective|p2a: Drampa|1
|-damage|p2a: Drampa|0 fnt
|faint|p2a: Drampa
|
|-weather|RainDance|[upkeep]
|-heal|p1a: Archaludon|80/100|[from] item: Leftovers
|upkeep
|turn|8
|-message|kapi_loves_yall forfeited.
|
|win|LeonardPlayz
|l|☆kapi_loves_yall
|player|p2|
||LeonardPlayz is ready for game 2.
||kapi_loves_yall is ready for game 2.
|uhtml|next|Next: Game 2 of 3
