|j|â˜†Osogressen
|j|â˜†natsukivgc
|html|Osogressennatsukivgc    
|uhtml|bestof|Game 1 of a best-of-3
|t:|1786034562
|gametype|doubles
|player|p1|Osogressen|102|1176
|player|p2|natsukivgc|101|1249
|gen|9
|tier|[Gen 9 Champions] VGC 2026 Reg M-B (Bo3)
|rated|
|rule|Species Clause: Limit one of each PokÃ©mon
|rule|Item Clause: Limit 1 of each item
|clearpoke
|poke|p1|Whimsicott, L50, M, shiny|
|poke|p1|Sneasler, L50, F, shiny|
|poke|p1|Kingambit, L50, F|
|poke|p1|Garchomp, L50, F|
|poke|p1|Floette-Eternal, L50, F|
|poke|p1|Blastoise, L50, M, shiny|
|poke|p2|Garchomp, L50, F|
|poke|p2|Venusaur, L50, M|
|poke|p2|Incineroar, L50, M|
|poke|p2|Charizard, L50, M|
|poke|p2|Toxapex, L50, F|
|poke|p2|Annihilape, L50, M|
|teampreview|4
|showteam|p1|Whimsicott||FocusSash|Prankster|Tailwind,Moonblast,Encore,Protect|Timid||M|||50|]Sneasler||WhiteHerb|Unburden|FakeOut,DireClaw,CloseCombat,Protect|Adamant||F|||50|]Kingambit||BlackGlasses|Defiant|SuckerPunch,KowtowCleave,IronHead,Protect|Adamant||F|||50|]Garchomp||LifeOrb|RoughSkin|DragonClaw,StompingTantrum,RockSlide,Protect|Jolly||F|||50|]Floette-Eternal||Floettite|FlowerVeil|DazzlingGleam,LightofRuin,Moonblast,Protect|Modest||F|||50|]Blastoise||Blastoisinite|Torrent|WaterSpout,AuraSphere,DarkPulse,Protect|Modest||M|||50|
|showteam|p2|Garchomp||ChoiceScarf|RoughSkin|Earthquake,DragonClaw,StompingTantrum,RockSlide|Adamant||F|||50|]Venusaur||LifeOrb|Chlorophyll|SolarBeam,SludgeBomb,EarthPower,Protect|Modest||M|||50|]Incineroar||SitrusBerry|Intimidate|FlareBlitz,ThroatChop,FakeOut,PartingShot|Impish||M|||50|]Charizard||CharizarditeY|Blaze|HeatWave,WeatherBall,Protect,HelpingHand|Modest||M|||50|]Toxapex||Leftovers|Regenerator|Infestation,Toxic,WideGuard,BanefulBunker|Bold||F|||50|]Annihilape||FocusSash|Defiant|CloseCombat,PhantomForce,RockTomb,Protect|Jolly||M|||50|
|
|t:|1786034643
|teamsize|p1|4
|teamsize|p2|4
|start
|switch|p1a: Whimsicott|Whimsicott, L50, M, shiny|100/100
|switch|p1b: Blastoise|Blastoise, L50, M, shiny|100/100
|switch|p2a: Incineroar|Incineroar, L50, M|100/100
|switch|p2b: Toxapex|Toxapex, L50, F|100/100
|-ability|p2a: Incineroar|Intimidate|boost
|-unboost|p1a: Whimsicott|atk|1
|-unboost|p1b: Blastoise|atk|1
|turn|1
|
|t:|1786034671
|detailschange|p1b: Blastoise|Blastoise-Mega, L50, M, shiny
|-mega|p1b: Blastoise|Blastoise|Blastoisinite
|move|p2a: Incineroar|Fake Out|p1b: Blastoise
|-damage|p1b: Blastoise|91/100
|move|p1a: Whimsicott|Tailwind|p1a: Whimsicott
|-sidestart|p1: Osogressen|move: Tailwind
|cant|p1b: Blastoise|flinch
|move|p2b: Toxapex|Toxic|p1b: Blastoise
|-status|p1b: Blastoise|tox
|
|-damage|p1b: Blastoise|85/100 tox|[from] psn
|upkeep
|turn|2
|
|t:|1786034706
|move|p2b: Toxapex|Wide Guard|p2b: Toxapex
|-singleturn|p2b: Toxapex|Wide Guard
|move|p1a: Whimsicott|Encore|p2a: Incineroar
|-hint|Since gen 7, Dark is immune to Prankster moves.
|-immune|p2a: Incineroar
|move|p1b: Blastoise|Water Spout|p2b: Toxapex|[spread] 
|-activate|p2a: Incineroar|move: Wide Guard
|-activate|p2b: Toxapex|move: Wide Guard
|move|p2a: Incineroar|Parting Shot|p1b: Blastoise
|-unboost|p1b: Blastoise|atk|1
|-unboost|p1b: Blastoise|spa|1
|
|t:|1786034717
|switch|p2a: Charizard|Charizard, L50, M|100/100|[from] Parting Shot
|
|-damage|p1b: Blastoise|72/100 tox|[from] psn
|upkeep
|turn|3
|
|t:|1786034738
|detailschange|p2a: Charizard|Charizard-Mega-Y, L50, M
|-mega|p2a: Charizard|Charizard|Charizardite Y
|-weather|SunnyDay|[from] ability: Drought|[of] p2a: Charizard
|move|p1a: Whimsicott|Encore|p2b: Toxapex
|-start|p2b: Toxapex|Encore
|move|p2b: Toxapex|Wide Guard|p2b: Toxapex
|-singleturn|p2b: Toxapex|Wide Guard
|move|p1b: Blastoise|Dark Pulse|p2a: Charizard
|-damage|p2a: Charizard|71/100
|move|p2a: Charizard|Heat Wave|p1a: Whimsicott|[spread] p1a,p1b
|-supereffective|p1a: Whimsicott|1
|-resisted|p1b: Blastoise|1
|-enditem|p1a: Whimsicott|Focus Sash
|-damage|p1a: Whimsicott|1/100
|-damage|p1b: Blastoise|48/100 tox
|
|-weather|SunnyDay|[upkeep]
|-damage|p1b: Blastoise|30/100 tox|[from] psn
|upkeep
|turn|4
|
|t:|1786034768
|switch|p2b: Incineroar|Incineroar, L50, M|100/100
|-ability|p2b: Incineroar|Intimidate|boost
|-unboost|p1a: Whimsicott|atk|1
|-unboost|p1b: Blastoise|atk|1
|move|p1a: Whimsicott|Moonblast|p2b: Incineroar
|-damage|p2b: Incineroar|69/100
|-unboost|p2b: Incineroar|spa|1
|move|p1b: Blastoise|Dark Pulse|p2b: Incineroar
|-resisted|p2b: Incineroar|1
|-damage|p2b: Incineroar|55/100
|move|p2a: Charizard|Heat Wave|p1a: Whimsicott|[spread] p1b
|-miss|p2a: Charizard|p1a: Whimsicott
|-resisted|p1b: Blastoise|1
|-damage|p1b: Blastoise|4/100 tox
|
|-weather|SunnyDay|[upkeep]
|-damage|p1b: Blastoise|0 fnt|[from] psn
|faint|p1b: Blastoise
|-sideend|p1: Osogressen|move: Tailwind
|upkeep
|
|t:|1786034788
|switch|p1b: Garchomp|Garchomp, L50, F|100/100
|turn|5
|
|t:|1786034807
|move|p2b: Incineroar|Fake Out|p1b: Garchomp
|-damage|p1b: Garchomp|89/100
|-damage|p2b: Incineroar|43/100|[from] ability: Rough Skin|[of] p1b: Garchomp
|-enditem|p2b: Incineroar|Sitrus Berry|[eat]
|-heal|p2b: Incineroar|67/100|[from] item: Sitrus Berry
|move|p1a: Whimsicott|Tailwind|p1a: Whimsicott
|-sidestart|p1: Osogressen|move: Tailwind
|cant|p1b: Garchomp|flinch
|move|p2a: Charizard|Heat Wave|p1a: Whimsicott|[spread] p1a,p1b
|-supereffective|p1a: Whimsicott|1
|-resisted|p1b: Garchomp|1
|-damage|p1a: Whimsicott|0 fnt
|-damage|p1b: Garchomp|57/100
|faint|p1a: Whimsicott
|
|-weather|SunnyDay|[upkeep]
|upkeep
|
|t:|1786034812
|switch|p1a: Sneasler|Sneasler, L50, F, shiny|100/100
|turn|6
|
|t:|1786034838
|switch|p2b: Toxapex|Toxapex, L50, F|100/100
|move|p2a: Charizard|Protect|p2a: Charizard
|-singleturn|p2a: Charizard|Protect
|move|p1a: Sneasler|Close Combat|p2b: Toxapex
|-resisted|p2b: Toxapex|1
|-damage|p2b: Toxapex|76/100
|-unboost|p1a: Sneasler|def|1
|-unboost|p1a: Sneasler|spd|1
|-enditem|p1a: Sneasler|White Herb
|-clearnegativeboost|p1a: Sneasler|[silent]
|move|p1b: Garchomp|Rock Slide|p2b: Toxapex|[spread] p2b
|-activate|p2a: Charizard|move: Protect
|-damage|p2b: Toxapex|61/100
|-damage|p1b: Garchomp|47/100|[from] item: Life Orb
|
|-weather|SunnyDay|[upkeep]
|-heal|p2b: Toxapex|67/100|[from] item: Leftovers
|upkeep
|turn|7
|
|t:|1786034874
|move|p2b: Toxapex|Wide Guard|p2b: Toxapex
|-singleturn|p2b: Toxapex|Wide Guard
|move|p1a: Sneasler|Dire Claw|p2a: Charizard
|-damage|p2a: Charizard|26/100
|-status|p2a: Charizard|slp
|move|p1b: Garchomp|Stomping Tantrum|p2b: Toxapex
|-supereffective|p2b: Toxapex|1
|-damage|p2b: Toxapex|7/100
|-damage|p1b: Garchomp|37/100|[from] item: Life Orb
|cant|p2a: Charizard|slp
|
|-weather|none
|-heal|p2b: Toxapex|13/100|[from] item: Leftovers
|upkeep
|turn|8
|
|t:|1786034907
|-heal|p2b: Toxapex|46/100|[from] ability: Regenerator|[silent]
|switch|p2b: Incineroar|Incineroar, L50, M|67/100
|-ability|p2b: Incineroar|Intimidate|boost
|-unboost|p1a: Sneasler|atk|1
|-unboost|p1b: Garchomp|atk|1
|-curestatus|p2a: Charizard|slp|[msg]
|move|p2a: Charizard|Protect|p2a: Charizard
|-singleturn|p2a: Charizard|Protect
|move|p1a: Sneasler|Dire Claw|p2a: Charizard
|-activate|p2a: Charizard|move: Protect
|move|p1b: Garchomp|Stomping Tantrum|p2b: Incineroar
|-supereffective|p2b: Incineroar|1
|-damage|p2b: Incineroar|16/100
|-damage|p1b: Garchomp|27/100|[from] item: Life Orb
|
|-sideend|p1: Osogressen|move: Tailwind
|upkeep
|turn|9
|l|â˜†Osogressen
|player|p1|
|j|â˜†Osogressen
|player|p1|Osogressen|102|
|
|t:|1786034986
|switch|p2b: Toxapex|Toxapex, L50, F|46/100
|move|p1a: Sneasler|Dire Claw|p2a: Charizard
|-damage|p2a: Charizard|0 fnt
|faint|p2a: Charizard
|move|p1b: Garchomp|Rock Slide|p2b: Toxapex
|-damage|p2b: Toxapex|29/100
|-damage|p1b: Garchomp|17/100|[from] item: Life Orb
|
|-heal|p2b: Toxapex|35/100|[from] item: Leftovers
|upkeep
|l|â˜†Osogressen
|player|p1|
|
|t:|1786035001
|switch|p2a: Incineroar|Incineroar, L50, M|16/100
|-ability|p2a: Incineroar|Intimidate|boost
|-unboost|p1a: Sneasler|atk|1
|-unboost|p1b: Garchomp|atk|1
|turn|10
|j|â˜†Osogressen
|player|p1|Osogressen|102|
|
|t:|1786035046
|move|p2a: Incineroar|Fake Out|p1b: Garchomp
|-damage|p1b: Garchomp|7/100
|-damage|p2a: Incineroar|3/100|[from] ability: Rough Skin|[of] p1b: Garchomp
|move|p1a: Sneasler|Close Combat|p2a: Incineroar
|-supereffective|p2a: Incineroar|1
|-damage|p2a: Incineroar|0 fnt
|-unboost|p1a: Sneasler|def|1
|-unboost|p1a: Sneasler|spd|1
|faint|p2a: Incineroar
|cant|p1b: Garchomp|flinch
|move|p2b: Toxapex|Infestation|p1b: Garchomp
|-damage|p1b: Garchomp|4/100
|-activate|p1b: Garchomp|move: Infestation|[of] p2b: Toxapex
|-damage|p2b: Toxapex|23/100|[from] ability: Rough Skin|[of] p1b: Garchomp
|
|-heal|p2b: Toxapex|29/100|[from] item: Leftovers
|-damage|p1b: Garchomp|0 fnt|[from] move: Infestation|[partiallytrapped]
|faint|p1b: Garchomp
|upkeep
|
|t:|1786035065
|switch|p2a: Garchomp|Garchomp, L50, F|100/100
|turn|11
|
|t:|1786035089
|move|p1a: Sneasler|Protect|p1a: Sneasler
|-singleturn|p1a: Sneasler|Protect
|move|p2a: Garchomp|Stomping Tantrum|p1a: Sneasler
|-activate|p1a: Sneasler|move: Protect
|move|p2b: Toxapex|Infestation|p1a: Sneasler
|-activate|p1a: Sneasler|move: Protect
|
|-heal|p2b: Toxapex|35/100|[from] item: Leftovers
|upkeep
|turn|12
|inactive|Battle timer is ON: inactive players will automatically lose when time's up. (requested by Osogressen)
|
|t:|1786035101
|move|p1a: Sneasler|Close Combat|p2a: Garchomp
|-damage|p2a: Garchomp|69/100
|-unboost|p1a: Sneasler|def|1
|-unboost|p1a: Sneasler|spd|1
|-damage|p1a: Sneasler|87/100|[from] ability: Rough Skin|[of] p2a: Garchomp
|move|p2a: Garchomp|Stomping Tantrum|p1a: Sneasler
|-supereffective|p1a: Sneasler|1
|-damage|p1a: Sneasler|0 fnt
|faint|p1a: Sneasler
|
|win|natsukivgc
