|j|☆Chandeliere
|j|☆TrevenantHugger
|html|ChandeliereTrevenantHugger    
|uhtml|bestof|Game 1 of a best-of-3
|t:|1756718828
|gametype|doubles
|player|p1|Chandeliere|ethan|1230
|player|p2|TrevenantHugger|swimmer-gen4dp|1077
|gen|9
|tier|[Gen 9] VGC 2025 Reg H (Bo3)
|rated|
|rule|Species Clause: Limit one of each Pokémon
|rule|Item Clause: Limit 1 of each item
|clearpoke
|poke|p1|Ninetales-Alola, L50, F|
|poke|p1|Gholdengo, L50|
|poke|p1|Garchomp, L50, F|
|poke|p1|Incineroar, L50, F|
|poke|p1|Sneasler, L50, F|
|poke|p1|Corviknight, L50, F|
|poke|p2|Primarina, L50, M|
|poke|p2|Electabuzz, L50, F|
|poke|p2|Incineroar, L50, M|
|poke|p2|Ursaluna, L50, M|
|poke|p2|Rillaboom, L50, M|
|poke|p2|Ceruledge, L50, M|
|teampreview|4
|showteam|p1|Ninetales-Alola||LightClay|SnowWarning|AuroraVeil,Blizzard,FreezeDry,Protect|||F|||50|,,,,,Ghost]Gholdengo||LifeOrb|GoodasGold|MakeItRain,ShadowBall,NastyPlot,Protect||||||50|,,,,,Water]Garchomp||ClearAmulet|RoughSkin|Earthquake,StompingTantrum,DragonClaw,Protect|||F|||50|,,,,,Ground]Incineroar||AssaultVest|Intimidate|FakeOut,KnockOff,FlareBlitz,PartingShot|||F|||50|,,,,,Grass]Sneasler||WhiteHerb|Unburden|Coaching,CloseCombat,DireClaw,Protect|||F|||50|,,,,,Ghost]Corviknight||SitrusBerry|MirrorArmor|BodyPress,BraveBird,Tailwind,Protect|||F|||50|,,,,,Fire
|showteam|p2|Primarina||Leftovers|LiquidVoice|Protect,HyperVoice,Moonblast,CalmMind|||M|||50|,,,,,Poison]Electabuzz||Eviolite|VitalSpirit|VoltSwitch,Taunt,Electroweb,FollowMe|||F|||50|,,,,,Ghost]Incineroar||SitrusBerry|Intimidate|FakeOut,PartingShot,FlareBlitz,KnockOff|||M|||50|,,,,,Grass]Ursaluna||FlameOrb|Guts|Protect,Facade,HeadlongRush,Earthquake|||M|||50|,,,,,Dark]Rillaboom||AssaultVest|GrassySurge|GrassyGlide,FakeOut,DrumBeating,Uturn|||M|||50|,,,,,Fire]Ceruledge||ClearAmulet|FlashFire|BitterBlade,Protect,ShadowSneak,BulkUp|||M|||50|,,,,,Grass
|inactive|Battle timer is ON: inactive players will automatically lose when time's up. (requested by TrevenantHugger)
|inactive|Chandeliere has 60 seconds left.
|inactive|TrevenantHugger has 60 seconds left.
|
|t:|1756718863
|teamsize|p1|4
|teamsize|p2|4
|start
|switch|p1a: Ninetales|Ninetales-Alola, L50, F|100/100
|switch|p1b: Gholdengo|Gholdengo, L50|100/100
|switch|p2a: Electabuzz|Electabuzz, L50, F|100/100
|switch|p2b: Ceruledge|Ceruledge, L50, M|100/100
|-weather|Snowscape|[from] ability: Snow Warning|[of] p1a: Ninetales
|turn|1
|inactive|Chandeliere has 30 seconds left.
|inactive|TrevenantHugger has 30 seconds left.
|
|t:|1756718897
|move|p2b: Ceruledge|Protect|p2b: Ceruledge
|-singleturn|p2b: Ceruledge|Protect
|move|p2a: Electabuzz|Electroweb|p1b: Gholdengo|[spread] p1a,p1b
|-damage|p1a: Ninetales|86/100
|-damage|p1b: Gholdengo|86/100
|-unboost|p1a: Ninetales|spe|1
|-unboost|p1b: Gholdengo|spe|1
|move|p1a: Ninetales|Aurora Veil|p1a: Ninetales
|-sidestart|p1: Chandeliere|move: Aurora Veil
|move|p1b: Gholdengo|Nasty Plot|p1b: Gholdengo
|-boost|p1b: Gholdengo|spa|2
|
|-weather|Snowscape|[upkeep]
|upkeep
|turn|2
|inactive|Chandeliere has 30 seconds left.
|
|t:|1756718923
|switch|p2b: Incineroar|Incineroar, L50, M|100/100
|-ability|p2b: Incineroar|Intimidate|boost
|-unboost|p1a: Ninetales|atk|1
|-unboost|p1b: Gholdengo|atk|1
|-terastallize|p1b: Gholdengo|Water
|move|p2a: Electabuzz|Electroweb|p1a: Ninetales|[spread] p1a,p1b
|-supereffective|p1b: Gholdengo
|-damage|p1a: Ninetales|77/100
|-damage|p1b: Gholdengo|68/100
|-unboost|p1a: Ninetales|spe|1
|-unboost|p1b: Gholdengo|spe|1
|move|p1a: Ninetales|Blizzard|p2a: Electabuzz|[spread] p2a,p2b
|-resisted|p2b: Incineroar
|-damage|p2a: Electabuzz|81/100
|-damage|p2b: Incineroar|90/100
|move|p1b: Gholdengo|Shadow Ball|p2a: Electabuzz
|-damage|p2a: Electabuzz|0 fnt
|faint|p2a: Electabuzz
|-damage|p1b: Gholdengo|58/100|[from] item: Life Orb
|
|-weather|Snowscape|[upkeep]
|upkeep
|
|t:|1756718941
|switch|p2a: Ceruledge|Ceruledge, L50, M|100/100
|turn|3
|
|t:|1756718962
|switch|p1a: Garchomp|Garchomp, L50, F|100/100
|move|p1b: Gholdengo|Protect|p1b: Gholdengo
|-singleturn|p1b: Gholdengo|Protect
|move|p2b: Incineroar|Fake Out|p1b: Gholdengo
|-activate|p1b: Gholdengo|move: Protect
|move|p2a: Ceruledge|Bulk Up|p2a: Ceruledge
|-boost|p2a: Ceruledge|atk|1
|-boost|p2a: Ceruledge|def|1
|
|-weather|Snowscape|[upkeep]
|upkeep
|turn|4
|
|t:|1756718984
|switch|p2b: Primarina|Primarina, L50, M|100/100
|-terastallize|p2a: Ceruledge|Grass
|move|p1a: Garchomp|Stomping Tantrum|p2b: Primarina
|-damage|p2b: Primarina|60/100
|move|p2a: Ceruledge|Bulk Up|p2a: Ceruledge
|-boost|p2a: Ceruledge|atk|1
|-boost|p2a: Ceruledge|def|1
|move|p1b: Gholdengo|Shadow Ball|p2a: Ceruledge
|-damage|p2a: Ceruledge|13/100
|-damage|p1b: Gholdengo|49/100|[from] item: Life Orb
|
|-weather|Snowscape|[upkeep]
|-heal|p2b: Primarina|66/100|[from] item: Leftovers
|upkeep
|turn|5
|
|t:|1756719004
|switch|p2b: Incineroar|Incineroar, L50, M|90/100
|-ability|p2b: Incineroar|Intimidate|boost
|-fail|p1a: Garchomp|unboost|[from] item: Clear Amulet|[of] p1a: Garchomp
|-unboost|p1b: Gholdengo|atk|1
|move|p2a: Ceruledge|Protect|p2a: Ceruledge
|-singleturn|p2a: Ceruledge|Protect
|move|p1a: Garchomp|Dragon Claw|p2a: Ceruledge
|-activate|p2a: Ceruledge|move: Protect
|move|p1b: Gholdengo|Make It Rain|p2a: Ceruledge|[spread] p2b
|-activate|p2a: Ceruledge|move: Protect
|-resisted|p2b: Incineroar
|-damage|p2b: Incineroar|38/100
|-unboost|p1b: Gholdengo|spa|1
|-enditem|p2b: Incineroar|Sitrus Berry|[eat]
|-heal|p2b: Incineroar|63/100|[from] item: Sitrus Berry
|-damage|p1b: Gholdengo|39/100|[from] item: Life Orb
|
|-weather|none
|upkeep
|turn|6
|inactive|Chandeliere has 30 seconds left.
|
|t:|1756719030
|move|p1b: Gholdengo|Protect|p1b: Gholdengo
|-singleturn|p1b: Gholdengo|Protect
|move|p1a: Garchomp|Dragon Claw|p2a: Ceruledge
|-damage|p2a: Ceruledge|0 fnt
|faint|p2a: Ceruledge
|move|p2b: Incineroar|Knock Off|p1b: Gholdengo
|-activate|p1b: Gholdengo|move: Protect
|
|upkeep
|-message|TrevenantHugger forfeited.
|
|win|Chandeliere
||TrevenantHugger is ready for game 2.
||Chandeliere is ready for game 2.
|uhtml|next|Next: Game 2 of 3
|l|☆TrevenantHugger
|player|p2|
