|j|☆SeymoursLeftToeVGC
|j|☆Okkito autobusero
|html|SeymoursLeftToeVGCOkkito autobusero    
|uhtml|bestof|Game 2 of a best-of-3
|t:|1782491460
|gametype|doubles
|player|p1|SeymoursLeftToeVGC|ninjaboy|1195
|player|p2|Okkito autobusero|will|1153
|gen|9
|tier|[Gen 9 Champions] VGC 2026 Reg M-B (Bo3)
|rated|
|rule|Species Clause: Limit one of each Pokémon
|rule|Item Clause: Limit 1 of each item
|clearpoke
|poke|p1|Whimsicott, L50, F, shiny|
|poke|p1|Typhlosion-Hisui, L50, M, shiny|
|poke|p1|Farigiraf, L50, M|
|poke|p1|Sceptile, L50, M, shiny|
|poke|p1|Rotom-Wash, L50, shiny|
|poke|p1|Gardevoir, L50, M, shiny|
|poke|p2|Floette-Eternal, L50, F|
|poke|p2|Incineroar, L50, M|
|poke|p2|Sinistcha, L50|
|poke|p2|Ditto, L50|
|poke|p2|Charizard, L50, M|
|poke|p2|Kingambit, L50, F|
|teampreview|4
|showteam|p1|Whimsicott||FocusSash|Prankster|Moonblast,FakeTears,SunnyDay,Tailwind|Modest||F|||50|]Typhlosion-Hisui||Charcoal|Blaze|Eruption,Protect,ShadowBall,HeatWave|Modest||M|||50|]Farigiraf||LifeOrb|ArmorTail|HyperVoice,TwinBeam,Protect,HelpingHand|Modest||M|||50|]Sceptile||Sceptilite|Overgrow|EarthPower,DragonPulse,Detect,EnergyBall|Timid||M|||50|]Rotom-Wash||ChoiceScarf|Levitate|HydroPump,Discharge,VoltSwitch,Thunderbolt|Timid|||||50|]Gardevoir||Gardevoirite|Telepathy|HyperVoice,HyperBeam,Protect,Psychic|Timid||M|||50|
|showteam|p2|Floette-Eternal||Floettite|FlowerVeil|Protect,DazzlingGleam,CalmMind,DrainingKiss|Modest||F|||50|]Incineroar||Charcoal|Intimidate|FakeOut,FlareBlitz,PartingShot,ThroatChop|Adamant||M|||50|]Sinistcha||KasibBerry|Hospitality|StrengthSap,MatchaGotcha,RagePowder,TrickRoom|Calm|||||50|]Ditto||FocusSash|Imposter|Transform|Timid|||||50|]Charizard||CharizarditeX|Blaze|Protect,DragonClaw,FlareBlitz,DragonDance|Adamant||M|||50|]Kingambit||BlackGlasses|Defiant|Protect,SwordsDance,KowtowCleave,SuckerPunch|Adamant||F|||50|
|inactive|Battle timer is ON: inactive players will automatically lose when time's up. (requested by SeymoursLeftToeVGC)
|inactive|Okkito autobusero also wants the timer to be on.
|
|t:|1782491472
|teamsize|p1|4
|teamsize|p2|4
|start
|switch|p1a: Typhlosion|Typhlosion-Hisui, L50, M, shiny|100/100
|switch|p1b: Whimsicott|Whimsicott, L50, F, shiny|100/100
|switch|p2a: Incineroar|Incineroar, L50, M|100/100
|switch|p2b: Floette|Floette-Eternal, L50, F|100/100
|-ability|p2a: Incineroar|Intimidate|boost
|-unboost|p1a: Typhlosion|atk|1
|-unboost|p1b: Whimsicott|atk|1
|turn|1
|
|t:|1782491490
|detailschange|p2b: Floette|Floette-Mega, L50, F
|-mega|p2b: Floette|Floette|Floettite
|-ability|p2b: Floette|Fairy Aura
|move|p1b: Whimsicott|Tailwind|p1b: Whimsicott
|-sidestart|p1: SeymoursLeftToeVGC|move: Tailwind
|move|p1a: Typhlosion|Eruption|p2b: Floette|[spread] p2a,p2b
|-resisted|p2a: Incineroar|1
|-damage|p2a: Incineroar|59/100
|-damage|p2b: Floette|46/100
|move|p2b: Floette|Draining Kiss|p1b: Whimsicott
|-damage|p1b: Whimsicott|40/100
|-heal|p2b: Floette|81/100|[from] drain|[of] p1b: Whimsicott
|move|p2a: Incineroar|Throat Chop|p1a: Typhlosion
|-supereffective|p1a: Typhlosion|1
|-damage|p1a: Typhlosion|0 fnt
|faint|p1a: Typhlosion
|
|upkeep
|
|t:|1782491504
|switch|p1a: Gardevoir|Gardevoir, L50, M, shiny|100/100
|turn|2
|
|t:|1782491523
|switch|p2b: Kingambit|Kingambit, L50, F|100/100
|detailschange|p1a: Gardevoir|Gardevoir-Mega, L50, M, shiny
|-mega|p1a: Gardevoir|Gardevoir|Gardevoirite
|move|p1b: Whimsicott|Fake Tears|p2b: Kingambit
|-hint|Since gen 7, Dark is immune to Prankster moves.
|-immune|p2b: Kingambit
|move|p1a: Gardevoir|Hyper Voice|p2a: Incineroar|[spread] p2a,p2b
|-damage|p2a: Incineroar|5/100
|-damage|p2b: Kingambit|50/100g
|move|p2a: Incineroar|Flare Blitz|p1b: Whimsicott
|-supereffective|p1b: Whimsicott|1
|-damage|p1b: Whimsicott|0 fnt
|faint|p1b: Whimsicott
|-damage|p2a: Incineroar|0 fnt|[from] Recoil
|faint|p2a: Incineroar
|
|upkeep
|
|t:|1782491538
|switch|p1b: Farigiraf|Farigiraf, L50, M|100/100
|switch|p2a: Floette|Floette-Mega, L50, F|81/100
|-ability|p2a: Floette|Fairy Aura
|turn|3
|
|t:|1782491548
|move|p1b: Farigiraf|Helping Hand|p1a: Gardevoir
|-singleturn|p1a: Gardevoir|Helping Hand|[of] p1b: Farigiraf
|move|p2a: Floette|Protect|p2a: Floette
|-singleturn|p2a: Floette|Protect
|move|p2b: Kingambit|Protect|p2b: Kingambit
|-singleturn|p2b: Kingambit|Protect
|move|p1a: Gardevoir|Hyper Voice|p2a: Floette|[spread] 
|-activate|p2a: Floette|move: Protect
|-activate|p2b: Kingambit|move: Protect
|
|upkeep
|turn|4
|
|t:|1782491560
|move|p1b: Farigiraf|Helping Hand|p1a: Gardevoir
|-singleturn|p1a: Gardevoir|Helping Hand|[of] p1b: Farigiraf
|move|p2a: Floette|Protect||[still]
|-fail|p2a: Floette
|move|p2b: Kingambit|Protect||[still]
|-fail|p2b: Kingambit
|move|p1a: Gardevoir|Hyper Voice|p2a: Floette|[spread] p2a,p2b
|-damage|p2a: Floette|10/100
|-damage|p2b: Kingambit|0 fnt
|faint|p2b: Kingambit
|
|-sideend|p1: SeymoursLeftToeVGC|move: Tailwind
|upkeep
|
|t:|1782491566
|switch|p2b: Ditto|Ditto, L50|100/100
|-transform|p2b: Ditto|p1a: Gardevoir|[from] ability: Imposter
|turn|5
|
|t:|1782491579
|move|p1b: Farigiraf|Helping Hand|p1a: Gardevoir
|-singleturn|p1a: Gardevoir|Helping Hand|[of] p1b: Farigiraf
|move|p2b: Ditto|Hyper Beam|p1a: Gardevoir
|-damage|p1a: Gardevoir|0 fnt
|-mustrecharge|p2b: Ditto
|faint|p1a: Gardevoir
|move|p2a: Floette|Draining Kiss|p1b: Farigiraf
|-damage|p1b: Farigiraf|51/100
|-heal|p2a: Floette|50/100g|[from] drain|[of] p1b: Farigiraf
|
|upkeep
|turn|6
|
|t:|1782491592
|cant|p2b: Ditto|recharge
|move|p2a: Floette|Draining Kiss|p1b: Farigiraf
|-damage|p1b: Farigiraf|8/100
|-heal|p2a: Floette|85/100|[from] drain|[of] p1b: Farigiraf
|move|p1b: Farigiraf|Hyper Voice|p2b: Ditto|[spread] p2a,p2b
|-damage|p2a: Floette|53/100
|-damage|p2b: Ditto|57/100
|-damage|p1b: Farigiraf|0 fnt|[from] item: Life Orb
|faint|p1b: Farigiraf
|
|win|Okkito autobusero
|raw|SeymoursLeftToeVGC's rating: 1195 → 1167(-28 for losing)
|raw|Okkito autobusero's rating: 1153 → 1181(+28 for winning)
