|j|☆charliechueco
|j|☆sigueinventando
|html|charliechuecosigueinventando    
|uhtml|bestof|Game 1 of a best-of-3
|t:|1784139141
|gametype|doubles
|player|p1|charliechueco|2|1040
|player|p2|sigueinventando|benga|1144
|gen|9
|tier|[Gen 9 Champions] VGC 2026 Reg M-B (Bo3)
|rated|
|rule|Species Clause: Limit one of each Pokémon
|rule|Item Clause: Limit 1 of each item
|clearpoke
|poke|p1|Lycanroc-Dusk, L50, M|
|poke|p1|Whimsicott, L50, M|
|poke|p1|Lucario, L50, M|
|poke|p1|Basculegion, L50, M|
|poke|p1|Incineroar, L50, F|
|poke|p1|Archaludon, L50, F|
|poke|p2|Blaziken, L50, M|
|poke|p2|Dragonite, L50, F|
|poke|p2|Froslass, L50, F|
|poke|p2|Toxapex, L50, F|
|poke|p2|Kingambit, L50, M|
|poke|p2|Sneasler, L50, F|
|teampreview|4
|showteam|p1|Lycanroc-Dusk||LifeOrb|ToughClaws|Accelerock,CloseCombat,PlayRough,StompingTantrum|Jolly||M|||50|]Whimsicott||FocusSash|Prankster|Tailwind,Encore,Moonblast,GigaDrain|Timid||M|||50|]Lucario||Lucarionite|InnerFocus|CloseCombat,RockSlide,BulletPunch,Protect|Jolly||M|||50|]Basculegion||ChoiceScarf|Adaptability|WaveCrash,FlipTurn,LastRespects,AquaJet|Jolly||M|||50|]Incineroar||SitrusBerry|Intimidate|FakeOut,FlareBlitz,DarkestLariat,PartingShot|Careful||F|||50|]Archaludon||Leftovers|Stamina|Thunderbolt,DragonPulse,FlashCannon,Protect|Modest||F|||50|
|showteam|p2|Blaziken||Blazikenite|SpeedBoost|FlareBlitz,CloseCombat,RockSlide,Protect|Adamant||M|||50|]Dragonite||LifeOrb|InnerFocus|ExtremeSpeed,DragonClaw,LowKick,Protect|Adamant||F|||50|]Froslass||Froslassite|CursedBody|Blizzard,ShadowBall,AuroraVeil,Protect|Timid||F|||50|]Toxapex||Leftovers|Regenerator|Toxic,Infestation,WideGuard,BanefulBunker|Bold||F|||50|]Kingambit||BlackGlasses|Defiant|SuckerPunch,KowtowCleave,IronHead,Protect|Adamant||M|||50|]Sneasler||FocusSash|PoisonTouch|FakeOut,PoisonJab,CloseCombat,Protect|Jolly||F|||50|
|inactive|Battle timer is ON: inactive players will automatically lose when time's up. (requested by charliechueco)
|
|t:|1784139233
|teamsize|p1|4
|teamsize|p2|4
|start
|switch|p1a: Archaludon|Archaludon, L50, F|100/100
|switch|p1b: Lycanroc|Lycanroc-Dusk, L50, M|100/100
|switch|p2a: Toxapex|Toxapex, L50, F|100/100
|switch|p2b: Kingambit|Kingambit, L50, M|100/100
|turn|1
|inactive|charliechueco has 30 seconds left.
|inactive|sigueinventando has 30 seconds left.
|
|t:|1784139259
|switch|p2b: Froslass|Froslass, L50, F|100/100
|move|p1b: Lycanroc|Close Combat|p2b: Froslass
|-immune|p2b: Froslass
|move|p1a: Archaludon|Thunderbolt|p2a: Toxapex
|-supereffective|p2a: Toxapex|1
|-damage|p2a: Toxapex|51/100
|move|p2a: Toxapex|Infestation|p1a: Archaludon
|-resisted|p1a: Archaludon|1
|-damage|p1a: Archaludon|98/100
|-activate|p1a: Archaludon|move: Infestation|[of] p2a: Toxapex
|-ability|p1a: Archaludon|Stamina|boost
|-boost|p1a: Archaludon|def|1
|
|-heal|p1a: Archaludon|100/100|[from] item: Leftovers
|-heal|p2a: Toxapex|57/100|[from] item: Leftovers
|-damage|p1a: Archaludon|87/100|[from] move: Infestation|[partiallytrapped]
|upkeep
|turn|2
|inactive|sigueinventando has 30 seconds left.
|
|t:|1784139287
|move|p2b: Froslass|Protect|p2b: Froslass
|-singleturn|p2b: Froslass|Protect
|move|p1b: Lycanroc|Accelerock|p2b: Froslass
|-activate|p2b: Froslass|move: Protect
|move|p1a: Archaludon|Flash Cannon|p2b: Froslass
|-activate|p2b: Froslass|move: Protect
|move|p2a: Toxapex|Infestation|p1b: Lycanroc
|-damage|p1b: Lycanroc|94/100
|-activate|p1b: Lycanroc|move: Infestation|[of] p2a: Toxapex
|
|-heal|p1a: Archaludon|93/100|[from] item: Leftovers
|-heal|p2a: Toxapex|63/100|[from] item: Leftovers
|-damage|p1b: Lycanroc|82/100|[from] move: Infestation|[partiallytrapped]
|-damage|p1a: Archaludon|81/100|[from] move: Infestation|[partiallytrapped]
|upkeep
|turn|3
|inactive|charliechueco has 30 seconds left.
|inactive|charliechueco has 20 seconds left.
|
|t:|1784139325
|switch|p2b: Kingambit|Kingambit, L50, M|100/100
|move|p2a: Toxapex|Baneful Bunker|p2a: Toxapex
|-singleturn|p2a: Toxapex|move: Protect
|move|p1b: Lycanroc|Accelerock|p2b: Kingambit
|-resisted|p2b: Kingambit|1
|-damage|p2b: Kingambit|86/100
|-damage|p1b: Lycanroc|72/100|[from] item: Life Orb
|move|p1a: Archaludon|Flash Cannon|p2b: Kingambit
|-resisted|p2b: Kingambit|1
|-damage|p2b: Kingambit|68/100
|
|-heal|p1a: Archaludon|87/100|[from] item: Leftovers
|-heal|p2a: Toxapex|68/100|[from] item: Leftovers
|-damage|p1b: Lycanroc|60/100|[from] move: Infestation|[partiallytrapped]
|-damage|p1a: Archaludon|75/100|[from] move: Infestation|[partiallytrapped]
|upkeep
|turn|4
|inactive|charliechueco has 30 seconds left.
|
|t:|1784139354
|move|p2a: Toxapex|Baneful Bunker||[still]
|-fail|p2a: Toxapex
|move|p2b: Kingambit|Sucker Punch|p1b: Lycanroc
|-damage|p1b: Lycanroc|0 fnt
|faint|p1b: Lycanroc
|move|p1a: Archaludon|Thunderbolt|p2a: Toxapex
|-supereffective|p2a: Toxapex|1
|-damage|p2a: Toxapex|20/100y
|
|-heal|p1a: Archaludon|81/100|[from] item: Leftovers
|-heal|p2a: Toxapex|26/100|[from] item: Leftovers
|-damage|p1a: Archaludon|69/100|[from] move: Infestation|[partiallytrapped]
|upkeep
|
|t:|1784139363
|switch|p1b: Lucario|Lucario, L50, M|100/100
|turn|5
|inactive|sigueinventando has 30 seconds left.
|
|t:|1784139393
|detailschange|p1b: Lucario|Lucario-Mega, L50, M
|-mega|p1b: Lucario|Lucario|Lucarionite
|move|p2b: Kingambit|Protect|p2b: Kingambit
|-singleturn|p2b: Kingambit|Protect
|move|p1b: Lucario|Bullet Punch|p2b: Kingambit
|-activate|p2b: Kingambit|move: Protect
|move|p1a: Archaludon|Thunderbolt|p2a: Toxapex
|-supereffective|p2a: Toxapex|1
|-damage|p2a: Toxapex|0 fnt
|faint|p2a: Toxapex
|
|-heal|p1a: Archaludon|75/100|[from] item: Leftovers
|-end|p1a: Archaludon|Infestation|[partiallytrapped]|[silent]
|upkeep
|inactive|sigueinventando has 30 seconds left.
|
|t:|1784139422
|switch|p2a: Sneasler|Sneasler, L50, F|100/100
|turn|6
|
|t:|1784139442
|move|p2a: Sneasler|Close Combat|p1a: Archaludon
|-supereffective|p1a: Archaludon|1
|-damage|p1a: Archaludon|13/100
|-unboost|p2a: Sneasler|def|1
|-unboost|p2a: Sneasler|spd|1
|-ability|p1a: Archaludon|Stamina|boost
|-boost|p1a: Archaludon|def|1
|move|p1b: Lucario|Close Combat|p2b: Kingambit
|-supereffective|p2b: Kingambit|2
|-crit|p2b: Kingambit
|-damage|p2b: Kingambit|0 fnt
|-unboost|p1b: Lucario|def|1
|-unboost|p1b: Lucario|spd|1
|faint|p2b: Kingambit
|move|p1a: Archaludon|Dragon Pulse|p2a: Sneasler
|-damage|p2a: Sneasler|14/100
|
|-heal|p1a: Archaludon|19/100|[from] item: Leftovers
|upkeep
|
|t:|1784139452
|switch|p2b: Froslass|Froslass, L50, F|100/100
|turn|7
|inactive|charliechueco has 30 seconds left.
|inactive|charliechueco has 20 seconds left.
|inactive|charliechueco has 15 seconds left.
|
|t:|1784139493
|detailschange|p2b: Froslass|Froslass-Mega, L50, F
|-mega|p2b: Froslass|Froslass|Froslassite
|-weather|Snowscape|[from] ability: Snow Warning|[of] p2b: Froslass
|move|p2a: Sneasler|Protect|p2a: Sneasler
|-singleturn|p2a: Sneasler|Protect
|move|p1a: Archaludon|Protect|p1a: Archaludon
|-singleturn|p1a: Archaludon|Protect
|move|p1b: Lucario|Bullet Punch|p2a: Sneasler
|-activate|p2a: Sneasler|move: Protect
|move|p2b: Froslass|Shadow Ball|p1b: Lucario
|-damage|p1b: Lucario|14/100
|
|-weather|Snowscape|[upkeep]
|-heal|p1a: Archaludon|25/100|[from] item: Leftovers
|upkeep
|turn|8
|
|t:|1784139509
|move|p2a: Sneasler|Protect|p2a: Sneasler
|-singleturn|p2a: Sneasler|Protect
|move|p1b: Lucario|Bullet Punch|p2a: Sneasler
|-activate|p2a: Sneasler|move: Protect
|move|p2b: Froslass|Blizzard|p1b: Lucario|[spread] p1a,p1b
|-resisted|p1b: Lucario|1
|-damage|p1a: Archaludon|0 fnt
|-damage|p1b: Lucario|0 fnt
|faint|p1a: Archaludon
|faint|p1b: Lucario
|
|-weather|Snowscape|[upkeep]
|upkeep
|c|☆charliechueco|rng
|
|t:|1784139521
|switch|p1b: Incineroar|Incineroar, L50, F|100/100
|-ability|p1b: Incineroar|Intimidate|boost
|-unboost|p2a: Sneasler|atk|1
|-unboost|p2b: Froslass|atk|1
|turn|9
|
|t:|1784139534
|move|p1b: Incineroar|Fake Out|p2a: Sneasler
|-damage|p2a: Sneasler|0 fnt
|faint|p2a: Sneasler
|move|p2b: Froslass|Blizzard|p1b: Incineroar
|-resisted|p1b: Incineroar|1
|-damage|p1b: Incineroar|79/100
|
|-weather|Snowscape|[upkeep]
|upkeep
|turn|10
|c|☆charliechueco|enhorabuena amiguito
|
|t:|1784139541
|move|p2b: Froslass|Blizzard|p1b: Incineroar
|-resisted|p1b: Incineroar|1
|-damage|p1b: Incineroar|56/100
|-status|p1b: Incineroar|frz
|-curestatus|p1b: Incineroar|frz|[from] move: Flare Blitz
|move|p1b: Incineroar|Flare Blitz|p2b: Froslass
|-supereffective|p2b: Froslass|1
|-damage|p2b: Froslass|25/100
|-damage|p1b: Incineroar|36/100|[from] Recoil
|-enditem|p1b: Incineroar|Sitrus Berry|[eat]
|-heal|p1b: Incineroar|60/100|[from] item: Sitrus Berry
|
|-weather|Snowscape|[upkeep]
|upkeep
|turn|11
|c|☆charliechueco|una pena
|
|t:|1784139551
|move|p2b: Froslass|Blizzard|p1b: Incineroar
|-resisted|p1b: Incineroar|1
|-damage|p1b: Incineroar|40/100
|move|p1b: Incineroar|Flare Blitz|p2b: Froslass
|-supereffective|p2b: Froslass|1
|-damage|p2b: Froslass|0 fnt
|faint|p2b: Froslass
|-damage|p1b: Incineroar|33/100|[from] Recoil
|
|win|charliechueco
|c|☆sigueinventando|es solo g1
|c|☆sigueinventando|tranqui
||sigueinventando is ready for game 2.
|inactive|charliechueco has 30 seconds to confirm battle start!
|l|☆charliechueco
|player|p1|
||charliechueco is ready for game 2.
|uhtml|next|Next: Game 2 of 3
