|j|☆monsoonisbest
|j|☆isieboy
|html|monsoonisbestisieboy    
|uhtml|bestof|Game 1 of a best-of-3
|t:|1784675065
|gametype|doubles
|player|p1|monsoonisbest|2|1233
|player|p2|isieboy|266|1309
|gen|9
|tier|[Gen 9 Champions] VGC 2026 Reg M-B (Bo3)
|rated|
|rule|Species Clause: Limit one of each Pokémon
|rule|Item Clause: Limit 1 of each item
|clearpoke
|poke|p1|Venusaur, L50, F|
|poke|p1|Grimmsnarl, L50, M|
|poke|p1|Pelipper, L50, F|
|poke|p1|Archaludon, L50, F|
|poke|p1|Charizard, L50, M|
|poke|p1|Basculegion, L50, M|
|poke|p2|Gengar, L50, M|
|poke|p2|Archaludon, L50, M|
|poke|p2|Politoed, L50, F|
|poke|p2|Swampert, L50, M|
|poke|p2|Vivillon-Fancy, L50, M|
|poke|p2|Incineroar, L50, F|
|teampreview|4
|showteam|p1|Venusaur||Venusaurite|Chlorophyll|SludgeBomb,EarthPower,SleepPowder,Protect|Modest||F|||50|]Grimmsnarl||LightClay|Prankster|SpiritBreak,Reflect,LightScreen,PartingShot|Careful||M|||50|]Pelipper||SitrusBerry|Drizzle|Hurricane,WeatherBall,Tailwind,WideGuard|Modest||F|||50|]Archaludon||Leftovers|Stamina|DragonPulse,FlashCannon,ElectroShot,Protect|Modest||F|||50|]Charizard||CharizarditeY|Blaze|HeatWave,SolarBeam,WeatherBall,Protect|Modest||M|||50|]Basculegion||ChoiceScarf|Adaptability|WaveCrash,FlipTurn,LastRespects,AquaJet|Jolly||M|||50|
|showteam|p2|Gengar||Gengarite|CursedBody|ShadowBall,SludgeBomb,PerishSong,Protect|Modest||M|||50|]Archaludon||Leftovers|Stamina|ElectroShot,DragonPulse,FlashCannon,Protect|Bold||M|||50|]Politoed||SitrusBerry|Drizzle|WeatherBall,Hypnosis,PerishSong,Protect|Calm||F|||50|]Swampert||Swampertite|Torrent|WaveCrash,Earthquake,IcePunch,Protect|Adamant||M|||50|]Vivillon-Fancy||FocusSash|CompoundEyes|Hurricane,SleepPowder,RagePowder,Protect|Timid||M|||50|]Incineroar||PasshoBerry|Intimidate|ThroatChop,FakeOut,PartingShot,Protect|Impish||F|||50|
|
|t:|1784675120
|teamsize|p1|4
|teamsize|p2|4
|start
|switch|p1a: Grimmsnarl|Grimmsnarl, L50, M|100/100
|switch|p1b: Archaludon|Archaludon, L50, F|100/100
|switch|p2a: Swampert|Swampert, L50, M|100/100
|switch|p2b: Vivillon|Vivillon-Fancy, L50, M|100/100
|turn|1
|
|t:|1784675156
|detailschange|p2a: Swampert|Swampert-Mega, L50, M
|-mega|p2a: Swampert|Swampert|Swampertite
|move|p1a: Grimmsnarl|Reflect|p1a: Grimmsnarl
|-sidestart|p1: monsoonisbest|Reflect
|move|p2b: Vivillon|Sleep Powder|p1a: Grimmsnarl
|-status|p1a: Grimmsnarl|slp|[from] move: Sleep Powder
|move|p2a: Swampert|Earthquake|p1b: Archaludon|[spread] p1a,p1b
|-immune|p2b: Vivillon
|-supereffective|p1b: Archaludon|1
|-damage|p1a: Grimmsnarl|65/100 slp
|-damage|p1b: Archaludon|54/100
|-ability|p1b: Archaludon|Stamina|boost
|-boost|p1b: Archaludon|def|1
|move|p1b: Archaludon|Dragon Pulse|p2a: Swampert
|-damage|p2a: Swampert|63/100
|
|-heal|p1b: Archaludon|60/100|[from] item: Leftovers
|upkeep
|turn|2
|
|t:|1784675185
|move|p1b: Archaludon|Protect|p1b: Archaludon
|-singleturn|p1b: Archaludon|Protect
|cant|p1a: Grimmsnarl|slp
|move|p2b: Vivillon|Sleep Powder|p1b: Archaludon
|-activate|p1b: Archaludon|move: Protect
|move|p2a: Swampert|Earthquake|p1a: Grimmsnarl|[spread] p1a
|-activate|p1b: Archaludon|move: Protect
|-immune|p2b: Vivillon
|-damage|p1a: Grimmsnarl|31/100 slp
|
|-heal|p1b: Archaludon|67/100|[from] item: Leftovers
|upkeep
|turn|3
|
|t:|1784675193
|-curestatus|p1a: Grimmsnarl|slp|[msg]
|move|p1a: Grimmsnarl|Parting Shot|p2a: Swampert
|-unboost|p2a: Swampert|atk|1
|-unboost|p2a: Swampert|spa|1
|
|t:|1784675198
|switch|p1a: Charizard|Charizard, L50, M|100/100|[from] Parting Shot
|move|p2b: Vivillon|Sleep Powder|p1b: Archaludon
|-status|p1b: Archaludon|slp|[from] move: Sleep Powder
|move|p2a: Swampert|Earthquake|p1a: Charizard|[spread] p1b
|-immune|p2b: Vivillon
|-immune|p1a: Charizard
|-supereffective|p1b: Archaludon|1
|-damage|p1b: Archaludon|48/100 slp
|-ability|p1b: Archaludon|Stamina|boost
|-boost|p1b: Archaludon|def|1
|cant|p1b: Archaludon|slp
|
|-heal|p1b: Archaludon|54/100 slp|[from] item: Leftovers
|upkeep
|turn|4
|
|t:|1784675226
|switch|p2b: Politoed|Politoed, L50, F|100/100
|-weather|RainDance|[from] ability: Drizzle|[of] p2b: Politoed
|detailschange|p1a: Charizard|Charizard-Mega-Y, L50, M
|-mega|p1a: Charizard|Charizard|Charizardite Y
|-weather|SunnyDay|[from] ability: Drought|[of] p1a: Charizard
|move|p1a: Charizard|Heat Wave|p2b: Politoed|[spread] p2a
|-miss|p1a: Charizard|p2b: Politoed
|-resisted|p2a: Swampert|1
|-damage|p2a: Swampert|34/100
|move|p2a: Swampert|Wave Crash|p1a: Charizard
|-supereffective|p1a: Charizard|1
|-damage|p1a: Charizard|67/100
|-damage|p2a: Swampert|23/100|[from] Recoil
|cant|p1b: Archaludon|slp
|
|-weather|SunnyDay|[upkeep]
|-heal|p1b: Archaludon|60/100 slp|[from] item: Leftovers
|upkeep
|turn|5
|
|t:|1784675260
|switch|p2b: Archaludon|Archaludon, L50, M|100/100
|move|p2a: Swampert|Protect|p2a: Swampert
|-singleturn|p2a: Swampert|Protect
|move|p1a: Charizard|Solar Beam||[still]
|-prepare|p1a: Charizard|Solar Beam
|-anim|p1a: Charizard|Solar Beam|p2b: Archaludon
|-resisted|p2b: Archaludon|2
|-damage|p2b: Archaludon|89/100
|-ability|p2b: Archaludon|Stamina|boost
|-boost|p2b: Archaludon|def|1
|-curestatus|p1b: Archaludon|slp|[msg]
|move|p1b: Archaludon|Dragon Pulse|p2a: Swampert
|-activate|p2a: Swampert|move: Protect
|
|-weather|SunnyDay|[upkeep]
|-heal|p1b: Archaludon|67/100|[from] item: Leftovers
|-heal|p2b: Archaludon|95/100|[from] item: Leftovers
|upkeep
|turn|6
|
|t:|1784675300
|switch|p1a: Grimmsnarl|Grimmsnarl, L50, M|31/100
|switch|p2b: Politoed|Politoed, L50, F|100/100
|-weather|RainDance|[from] ability: Drizzle|[of] p2b: Politoed
|move|p2a: Swampert|Wave Crash|p1a: Grimmsnarl
|-damage|p1a: Grimmsnarl|0 fnt
|faint|p1a: Grimmsnarl
|-damage|p2a: Swampert|11/100|[from] Recoil
|move|p1b: Archaludon|Dragon Pulse|p2a: Swampert
|-damage|p2a: Swampert|0 fnt
|faint|p2a: Swampert
|
|-weather|RainDance|[upkeep]
|-heal|p1b: Archaludon|73/100|[from] item: Leftovers
|upkeep
|
|t:|1784675318
|switch|p2a: Vivillon|Vivillon-Fancy, L50, M|100/100
|switch|p1a: Charizard|Charizard-Mega-Y, L50, M|67/100
|-weather|SunnyDay|[from] ability: Drought|[of] p1a: Charizard
|turn|7
|
|t:|1784675327
|switch|p2b: Archaludon|Archaludon, L50, M|95/100
|move|p2a: Vivillon|Sleep Powder|p1a: Charizard
|-status|p1a: Charizard|slp|[from] move: Sleep Powder
|cant|p1a: Charizard|slp
|move|p1b: Archaludon|Dragon Pulse|p2b: Archaludon
|-damage|p2b: Archaludon|58/100
|-ability|p2b: Archaludon|Stamina|boost
|-boost|p2b: Archaludon|def|1
|
|-weather|SunnyDay|[upkeep]
|-heal|p1b: Archaludon|79/100|[from] item: Leftovers
|-heal|p2b: Archaludon|64/100|[from] item: Leftovers
|upkeep
|turn|8
|
|t:|1784675362
|switch|p2a: Politoed|Politoed, L50, F|100/100
|-weather|RainDance|[from] ability: Drizzle|[of] p2a: Politoed
|-curestatus|p1a: Charizard|slp|[msg]
|move|p1a: Charizard|Heat Wave|p2b: Archaludon|[spread] p2a,p2b
|-resisted|p2a: Politoed|1
|-crit|p2b: Archaludon
|-damage|p2a: Politoed|92/100
|-damage|p2b: Archaludon|36/100
|-status|p2b: Archaludon|brn
|-ability|p2b: Archaludon|Stamina|boost
|-boost|p2b: Archaludon|def|1
|move|p1b: Archaludon|Dragon Pulse|p2b: Archaludon
|-damage|p2b: Archaludon|0 fnt
|faint|p2b: Archaludon
|
|-weather|RainDance|[upkeep]
|-heal|p1b: Archaludon|85/100|[from] item: Leftovers
|-sideend|p1: monsoonisbest|Reflect
|upkeep
|c|☆isieboy|wow
|
|t:|1784675378
|switch|p2b: Vivillon|Vivillon-Fancy, L50, M|100/100
|turn|9
|
|t:|1784675394
|switch|p1a: Basculegion|Basculegion, L50, M|100/100
|move|p2b: Vivillon|Sleep Powder|p1b: Archaludon
|-status|p1b: Archaludon|slp|[from] move: Sleep Powder
|cant|p1b: Archaludon|slp
|move|p2a: Politoed|Weather Ball|p1a: Basculegion
|-resisted|p1a: Basculegion|1
|-damage|p1a: Basculegion|71/100
|
|-weather|RainDance|[upkeep]
|-heal|p1b: Archaludon|91/100 slp|[from] item: Leftovers
|upkeep
|turn|10
|
|t:|1784675411
|move|p1a: Basculegion|Flip Turn|p2b: Vivillon
|-crit|p2b: Vivillon
|-enditem|p2b: Vivillon|Focus Sash
|-damage|p2b: Vivillon|1/100
|
|t:|1784675414
|switch|p1a: Charizard|Charizard-Mega-Y, L50, M|67/100|[from] Flip Turn
|-weather|SunnyDay|[from] ability: Drought|[of] p1a: Charizard
|move|p2b: Vivillon|Sleep Powder|p1a: Charizard
|-status|p1a: Charizard|slp|[from] move: Sleep Powder
|cant|p1b: Archaludon|slp
|move|p2a: Politoed|Weather Ball|p1b: Archaludon
|-damage|p1b: Archaludon|58/100 slp
|-ability|p1b: Archaludon|Stamina|boost
|-boost|p1b: Archaludon|def|1
|
|-weather|SunnyDay|[upkeep]
|-heal|p1b: Archaludon|64/100 slp|[from] item: Leftovers
|upkeep
|turn|11
|
|t:|1784675432
|move|p2b: Vivillon|Hurricane|p1b: Archaludon|[miss]
|-miss|p2b: Vivillon|p1b: Archaludon
|cant|p1a: Charizard|slp
|-curestatus|p1b: Archaludon|slp|[msg]
|move|p1b: Archaludon|Dragon Pulse|p2b: Vivillon
|-damage|p2b: Vivillon|0 fnt
|faint|p2b: Vivillon
|move|p2a: Politoed|Weather Ball|p1b: Archaludon
|-damage|p1b: Archaludon|30/100
|-ability|p1b: Archaludon|Stamina|boost
|-boost|p1b: Archaludon|def|1
|
|-weather|SunnyDay|[upkeep]
|-heal|p1b: Archaludon|37/100|[from] item: Leftovers
|upkeep
|turn|12
|
|t:|1784675444
|cant|p1a: Charizard|slp
|move|p1b: Archaludon|Dragon Pulse|p2a: Politoed
|-damage|p2a: Politoed|64/100
|move|p2a: Politoed|Weather Ball|p1b: Archaludon
|-damage|p1b: Archaludon|5/100
|-ability|p1b: Archaludon|Stamina|boost
|-boost|p1b: Archaludon|def|1
|
|-weather|SunnyDay|[upkeep]
|-heal|p1b: Archaludon|11/100|[from] item: Leftovers
|upkeep
|turn|13
|
|t:|1784675459
|move|p1b: Archaludon|Protect|p1b: Archaludon
|-singleturn|p1b: Archaludon|Protect
|-curestatus|p1a: Charizard|slp|[msg]
|move|p1a: Charizard|Solar Beam||[still]
|-prepare|p1a: Charizard|Solar Beam
|-anim|p1a: Charizard|Solar Beam|p2a: Politoed
|-supereffective|p2a: Politoed|1
|-damage|p2a: Politoed|0 fnt
|faint|p2a: Politoed
|
|win|monsoonisbest
