|j|☆lazywarlock
|j|☆retking
|html|lazywarlockretking    
|uhtml|bestof|Game 1 of a best-of-3
|t:|1783638094
|gametype|doubles
|player|p1|lazywarlock|102|
|player|p2|retking|n|
|gen|9
|tier|[Gen 9 Champions] VGC 2026 Reg M-B (Bo3)
|rule|Species Clause: Limit one of each Pokémon
|rule|Item Clause: Limit 1 of each item
|clearpoke
|poke|p1|Gengar, L50, M|
|poke|p1|Swampert, L50, F|
|poke|p1|Incineroar, L50, M|
|poke|p1|Politoed, L50, M|
|poke|p1|Archaludon, L50, F|
|poke|p1|Vivillon, L50, M|
|poke|p2|Whimsicott, L50, M|
|poke|p2|Floette-Eternal, L50, F|
|poke|p2|Charizard, L50, M|
|poke|p2|Garchomp, L50, F|
|poke|p2|Basculegion, L50, M|
|poke|p2|Kingambit, L50, F|
|teampreview|4
|showteam|p1|Gengar||Gengarite|CursedBody|ShadowBall,PerishSong,SludgeBomb,Protect|Timid||M|||50|]Swampert||Swampertite|Torrent|WaveCrash,Earthquake,IcePunch,Protect|Adamant||F|||50|]Incineroar||PasshoBerry|Intimidate|ThroatChop,PartingShot,FakeOut,Protect|Sassy||M|||50|]Politoed||SitrusBerry|Drizzle|WeatherBall,PerishSong,Encore,Protect|Calm||M|||50|]Archaludon||Leftovers|Stamina|DragonPulse,FlashCannon,ElectroShot,Protect|Bold||F|||50|]Vivillon||FocusSash|CompoundEyes|Hurricane,SleepPowder,RagePowder,Protect|Timid||M|||50|
|showteam|p2|Whimsicott||FocusSash|Prankster|Moonblast,Tailwind,Encore,Protect|Timid||M|||50|]Floette-Eternal||Floettite|FlowerVeil|DazzlingGleam,Moonblast,LightofRuin,Protect|Timid||F|||50|]Charizard||CharizarditeY|Blaze|HeatWave,WeatherBall,SolarBeam,Protect|Modest||M|||50|]Garchomp||LifeOrb|RoughSkin|Earthquake,DragonClaw,RockSlide,Protect|Jolly||F|||50|]Basculegion||MysticWater|Adaptability|WaveCrash,LastRespects,AquaJet,Protect|Adamant||M|||50|]Kingambit||BlackGlasses|Defiant|KowtowCleave,SuckerPunch,IronHead,Protect|Adamant||F|||50|
|inactive|Battle timer is ON: inactive players will automatically lose when time's up. (requested by retking)
|l|☆lazywarlock
|inactive|lazywarlock disconnected and has 300 seconds to reconnect!
|player|p1|
|j|☆lazywarlock
|inactive|lazywarlock reconnected and has 80 seconds left.
|player|p1|lazywarlock|102|
|l|☆lazywarlock
|inactive|lazywarlock disconnected and has 290 seconds to reconnect!
|player|p1|
|inactive|retking has 60 seconds left.
|j| BC_Zero
|j|☆lazywarlock
|inactive|lazywarlock reconnected and has 75 seconds left.
|player|p1|lazywarlock|102|
|inactive|lazywarlock has 60 seconds left.
|inactive|retking has 30 seconds left.
|inactive|retking has 20 seconds left.
|c|☆lazywarlock|Gl hf!
|inactive|retking has 15 seconds left.
|inactive|retking has 10 seconds left.
|
|t:|1783638175
|teamsize|p1|4
|teamsize|p2|4
|start
|switch|p1a: Gengar|Gengar, L50, M|100/100
|switch|p1b: Vivillon|Vivillon, L50, M|100/100
|switch|p2a: Basculegion|Basculegion, L50, M|100/100
|switch|p2b: Kingambit|Kingambit, L50, F|100/100
|turn|1
|inactive|lazywarlock has 30 seconds left.
|inactive|retking has 30 seconds left.
|inactive|retking has 20 seconds left.
|
|t:|1783638214
|detailschange|p1a: Gengar|Gengar-Mega, L50, M
|-mega|p1a: Gengar|Gengar|Gengarite
|move|p1a: Gengar|Protect|p1a: Gengar
|-singleturn|p1a: Gengar|Protect
|move|p1b: Vivillon|Sleep Powder|p2b: Kingambit
|-status|p2b: Kingambit|slp|[from] move: Sleep Powder
|move|p2a: Basculegion|Wave Crash|p1b: Vivillon
|-enditem|p1b: Vivillon|Focus Sash
|-damage|p1b: Vivillon|1/100
|-damage|p2a: Basculegion|74/100|[from] Recoil
|cant|p2b: Kingambit|slp
|
|upkeep
|turn|2
|
|t:|1783638230
|switch|p2a: Garchomp|Garchomp, L50, F|100/100
|move|p1a: Gengar|Perish Song|p1a: Gengar
|-start|p1a: Gengar|perish3|[silent]
|-start|p1b: Vivillon|perish3|[silent]
|-start|p2a: Garchomp|perish3|[silent]
|-start|p2b: Kingambit|perish3|[silent]
|-fieldactivate|move: Perish Song
|move|p1b: Vivillon|Sleep Powder|p2a: Garchomp
|-status|p2a: Garchomp|slp|[from] move: Sleep Powder
|cant|p2b: Kingambit|slp
|
|-start|p1a: Gengar|perish3
|-start|p2a: Garchomp|perish3
|-start|p1b: Vivillon|perish3
|-start|p2b: Kingambit|perish3
|upkeep
|turn|3
|inactive|retking has 30 seconds left.
|
|t:|1783638259
|switch|p1b: Incineroar|Incineroar, L50, M|100/100
|-ability|p1b: Incineroar|Intimidate|boost
|-unboost|p2a: Garchomp|atk|1
|-unboost|p2b: Kingambit|atk|1
|-ability|p2b: Kingambit|Defiant|boost
|-boost|p2b: Kingambit|atk|2
|move|p1a: Gengar|Protect|p1a: Gengar
|-singleturn|p1a: Gengar|Protect
|cant|p2a: Garchomp|slp
|-curestatus|p2b: Kingambit|slp|[msg]
|move|p2b: Kingambit|Kowtow Cleave|p1a: Gengar
|-activate|p1a: Gengar|move: Protect
|
|-start|p1a: Gengar|perish2
|-start|p2a: Garchomp|perish2
|-start|p2b: Kingambit|perish2
|upkeep
|turn|4
|
|t:|1783638283
|switch|p1a: Vivillon|Vivillon, L50, M|1/100
|-curestatus|p2a: Garchomp|slp|[msg]
|move|p2a: Garchomp|Earthquake|p1a: Vivillon|[spread] p2b,p1b
|-immune|p1a: Vivillon
|-supereffective|p2b: Kingambit|1
|-crit|p2b: Kingambit
|-supereffective|p1b: Incineroar|1
|-damage|p2b: Kingambit|0 fnt
|-damage|p1b: Incineroar|45/100
|faint|p2b: Kingambit
|-damage|p2a: Garchomp|90/100|[from] item: Life Orb
|move|p1b: Incineroar|Parting Shot|p1a: Vivillon
|-unboost|p1a: Vivillon|atk|1
|-unboost|p1a: Vivillon|spa|1
|
|t:|1783638296
|switch|p1b: Gengar|Gengar-Mega, L50, M|100/100|[from] Parting Shot
|
|-start|p2a: Garchomp|perish1
|upkeep
|
|t:|1783638310
|switch|p2b: Basculegion|Basculegion, L50, M|74/100
|turn|5
|
|t:|1783638330
|move|p1b: Gengar|Protect|p1b: Gengar
|-singleturn|p1b: Gengar|Protect
|move|p2b: Basculegion|Aqua Jet|p1a: Vivillon
|-damage|p1a: Vivillon|0 fnt
|faint|p1a: Vivillon
|move|p2a: Garchomp|Dragon Claw|p1b: Gengar
|-activate|p1b: Gengar|move: Protect
|
|-start|p2a: Garchomp|perish0
|faint|p2a: Garchomp
|upkeep
|
|t:|1783638335
|switch|p2a: Charizard|Charizard, L50, M|100/100
|switch|p1a: Incineroar|Incineroar, L50, M|45/100
|-ability|p1a: Incineroar|Intimidate|boost
|-unboost|p2a: Charizard|atk|1
|-unboost|p2b: Basculegion|atk|1
|turn|6
|j| blizz.vg
|inactive|retking has 30 seconds left.
|
|t:|1783638375
|detailschange|p2a: Charizard|Charizard-Mega-Y, L50, M
|-mega|p2a: Charizard|Charizard|Charizardite Y
|-weather|SunnyDay|[from] ability: Drought|[of] p2a: Charizard
|move|p1a: Incineroar|Fake Out|p2a: Charizard
|-damage|p2a: Charizard|88/100
|move|p1b: Gengar|Shadow Ball|p2b: Basculegion
|-supereffective|p2b: Basculegion|1
|-damage|p2b: Basculegion|0 fnt
|faint|p2b: Basculegion
|cant|p2a: Charizard|flinch
|
|-weather|SunnyDay|[upkeep]
|upkeep
|turn|7
|inactive|lazywarlock has 30 seconds left.
|inactive|retking has 30 seconds left.
|
|t:|1783638405
|switch|p1a: Politoed|Politoed, L50, M|100/100
|-weather|RainDance|[from] ability: Drizzle|[of] p1a: Politoed
|move|p1b: Gengar|Sludge Bomb|p2a: Charizard
|-damage|p2a: Charizard|42/100
|move|p2a: Charizard|Heat Wave|p1b: Gengar|[spread] p1a,p1b
|-resisted|p1a: Politoed|1
|-damage|p1a: Politoed|91/100
|-damage|p1b: Gengar|78/100
|
|-weather|RainDance|[upkeep]
|upkeep
|turn|8
|l| BC_Zero
|
|t:|1783638416
|move|p1b: Gengar|Sludge Bomb|p2a: Charizard
|-damage|p2a: Charizard|0 fnt
|faint|p2a: Charizard
|
|win|lazywarlock
||retking is ready for game 2.
|inactive|lazywarlock has 30 seconds to confirm battle start!
||lazywarlock is ready for game 2.
|uhtml|next|Next: Game 2 of 3
|l| blizz.vg
|l|☆lazywarlock
|player|p1|
