|j|☆RaseC_MF
|j|☆amp ib
|html|RaseC_MFamp ib    
|uhtml|bestof|Game 2 of a best-of-3
|t:|1783005650
|gametype|doubles
|player|p1|RaseC_MF|ghetsis-gen5bw|
|player|p2|amp ib|roxanne|
|gen|9
|tier|[Gen 9 Champions] VGC 2026 Reg M-B (Bo3)
|rule|Species Clause: Limit one of each Pokémon
|rule|Item Clause: Limit 1 of each item
|clearpoke
|poke|p1|Charizard, L50, F|
|poke|p1|Aerodactyl, L50, F|
|poke|p1|Aegislash, L50, F|
|poke|p1|Liepard, L50, F|
|poke|p1|Rotom-Heat, L50|
|poke|p1|Milotic, L50, M|
|poke|p2|Gengar, L50, M|
|poke|p2|Incineroar, L50, F|
|poke|p2|Ninetales-Alola, L50, F|
|poke|p2|Kommo-o, L50, M|
|poke|p2|Metagross, L50|
|poke|p2|Maushold, L50|
|teampreview|4
|showteam|p1|Charizard||CharizarditeY|Blaze|Protect,HeatWave,Flamethrower,SolarBeam|Timid||F|||50|]Aerodactyl||WideLens|Unnerve|RockSlide,DualWingbeat,Tailwind,Protect|Jolly||F|||50|]Aegislash||SitrusBerry|StanceChange|KingsShield,IronHead,CloseCombat,ShadowSneak|Adamant||F|||50|]Liepard||FocusSash|Prankster|Encore,FakeOut,ThunderWave,KnockOff|Jolly||F|||50|]Rotom-Heat||ChoiceScarf|Levitate|Overheat,Discharge,VoltSwitch,Trick|Timid|||||50|]Milotic||Leftovers|Competitive|Scald,Recover,Protect,AlluringVoice|Bold||M|||50|
|showteam|p2|Gengar||Gengarite|CursedBody|SludgeBomb,Thunderbolt,Protect,Disable|Timid||M|||50|]Incineroar||ZoomLens|Intimidate|FakeOut,PartingShot,Snarl,FlareBlitz|Careful||F|||50|]Ninetales-Alola||LightClay|SnowWarning|IcyWind,AuroraVeil,FreezeDry,HelpingHand|Timid||F|||50|]Kommo-o||LumBerry|Soundproof|ClangorousSoul,ClangingScales,Flamethrower,Protect|Modest||M|||50|]Metagross||ExpertBelt|ClearBody|IronHead,BulletPunch,RockSlide,Protect|Adamant|||||50|]Maushold||FocusSash|FriendGuard|ThunderWave,SuperFang,Protect,FollowMe|Timid|||||50|
|j| Flygon94
|
|t:|1783005696
|teamsize|p1|4
|teamsize|p2|4
|start
|switch|p1a: Liepard|Liepard, L50, F|100/100
|switch|p1b: Rotom|Rotom-Heat, L50|100/100
|switch|p2a: Gengar|Gengar, L50, M|100/100
|switch|p2b: Maushold|Maushold, L50|100/100
|turn|1
|
|t:|1783005733
|detailschange|p2a: Gengar|Gengar-Mega, L50, M
|-mega|p2a: Gengar|Gengar|Gengarite
|move|p1a: Liepard|Fake Out|p2b: Maushold
|-damage|p2b: Maushold|86/100
|cant|p2b: Maushold|flinch
|move|p1b: Rotom|Volt Switch|p2a: Gengar
|-damage|p2a: Gengar|68/100
|
|t:|1783005749
|switch|p1b: Charizard|Charizard, L50, F|100/100|[from] Volt Switch
|move|p2a: Gengar|Sludge Bomb|p1a: Liepard
|-enditem|p1a: Liepard|Focus Sash
|-damage|p1a: Liepard|1/100
|-status|p1a: Liepard|psn
|
|-damage|p1a: Liepard|0 fnt|[from] psn
|faint|p1a: Liepard
|upkeep
|c|☆amp ib|mb
|c|☆RaseC_MF|fck poison man
|
|t:|1783005765
|switch|p1a: Rotom|Rotom-Heat, L50|100/100
|turn|2
|
|t:|1783005790
|detailschange|p1b: Charizard|Charizard-Mega-Y, L50, F
|-mega|p1b: Charizard|Charizard|Charizardite Y
|-weather|SunnyDay|[from] ability: Drought|[of] p1b: Charizard
|move|p2a: Gengar|Protect|p2a: Gengar
|-singleturn|p2a: Gengar|Protect
|move|p1a: Rotom|Overheat|p2b: Maushold
|-damage|p2b: Maushold|0 fnt
|-unboost|p1a: Rotom|spa|2
|faint|p2b: Maushold
|move|p1b: Charizard|Flamethrower|p2a: Gengar
|-activate|p2a: Gengar|move: Protect
|
|-weather|SunnyDay|[upkeep]
|upkeep
|
|t:|1783005802
|switch|p2b: Ninetales|Ninetales-Alola, L50, F|100/100
|-weather|Snowscape|[from] ability: Snow Warning|[of] p2b: Ninetales
|turn|3
|
|t:|1783005812
|move|p1a: Rotom|Overheat|p2a: Gengar
|-damage|p2a: Gengar|28/100
|-unboost|p1a: Rotom|spa|2
|move|p2a: Gengar|Sludge Bomb|p1a: Rotom
|-damage|p1a: Rotom|21/100
|move|p2b: Ninetales|Aurora Veil|p2b: Ninetales
|-sidestart|p2: amp ib|move: Aurora Veil
|move|p1b: Charizard|Flamethrower|p2a: Gengar
|-damage|p2a: Gengar|0 fnt
|faint|p2a: Gengar
|
|-weather|Snowscape|[upkeep]
|upkeep
|
|t:|1783005821
|switch|p2a: Kommo-o|Kommo-o, L50, M|100/100
|turn|4
|
|t:|1783005832
|switch|p1b: Milotic|Milotic, L50, M|100/100
|move|p1a: Rotom|Overheat|p2b: Ninetales
|-supereffective|p2b: Ninetales|1
|-damage|p2b: Ninetales|75/100
|-unboost|p1a: Rotom|spa|2
|move|p2b: Ninetales|Icy Wind|p1b: Milotic|[spread] p1a,p1b
|-resisted|p1a: Rotom|1
|-resisted|p1b: Milotic|1
|-damage|p1a: Rotom|13/100
|-damage|p1b: Milotic|96/100
|-unboost|p1a: Rotom|spe|1
|-unboost|p1b: Milotic|spe|1
|-ability|p1b: Milotic|Competitive|boost
|-boost|p1b: Milotic|spa|2
|move|p2a: Kommo-o|Clangorous Soul|p2a: Kommo-o
|-boost|p2a: Kommo-o|atk|1
|-boost|p2a: Kommo-o|def|1
|-boost|p2a: Kommo-o|spa|1
|-boost|p2a: Kommo-o|spd|1
|-boost|p2a: Kommo-o|spe|1
|-damage|p2a: Kommo-o|67/100
|
|-weather|Snowscape|[upkeep]
|-heal|p1b: Milotic|100/100|[from] item: Leftovers
|upkeep
|turn|5
|
|t:|1783005853
|switch|p1a: Charizard|Charizard-Mega-Y, L50, F|100/100
|-weather|SunnyDay|[from] ability: Drought|[of] p1a: Charizard
|move|p2a: Kommo-o|Clanging Scales|p1a: Charizard|[spread] p1a,p1b
|-damage|p1a: Charizard|43/100
|-damage|p1b: Milotic|56/100
|-unboost|p2a: Kommo-o|def|1
|move|p2b: Ninetales|Freeze-Dry|p1b: Milotic
|-supereffective|p1b: Milotic|1
|-damage|p1b: Milotic|24/100
|move|p1b: Milotic|Alluring Voice|p2a: Kommo-o
|-immune|p2a: Kommo-o|[from] ability: Soundproof
|
|-weather|SunnyDay|[upkeep]
|-heal|p1b: Milotic|30/100|[from] item: Leftovers
|upkeep
|turn|6
|c|☆RaseC_MF|oh
|c|☆RaseC_MF|im stupid
|c|☆RaseC_MF|okay
|c|☆RaseC_MF|o7
|c|☆amp ib|god speed
|
|t:|1783005889
|move|p2a: Kommo-o|Clanging Scales|p1a: Charizard|[spread] p1a,p1b
|-damage|p1a: Charizard|0 fnt
|-damage|p1b: Milotic|0 fnt
|faint|p1a: Charizard
|faint|p1b: Milotic
|-unboost|p2a: Kommo-o|def|1
|move|p2b: Ninetales|Freeze-Dry|p1: Charizard|[notarget]
|-fail|p2b: Ninetales
|
|-weather|SunnyDay|[upkeep]
|upkeep
|
|t:|1783005892
|switch|p1b: Rotom|Rotom-Heat, L50|13/100
|turn|7
|c|☆RaseC_MF|gg
|c|☆RaseC_MF|wtf im doing
|c|☆RaseC_MF|lmao
|
|t:|1783005903
|move|p1b: Rotom|Overheat|p2a: Kommo-o|[miss]
|-miss|p1b: Rotom|p2a: Kommo-o
|move|p2a: Kommo-o|Clanging Scales|p1b: Rotom
|-damage|p1b: Rotom|0 fnt
|faint|p1b: Rotom
|
|win|amp ib
|c|☆amp ib|gg
|c|☆RaseC_MF|ggs ggs
|l|☆RaseC_MF
|player|p1|
|l| Flygon94
|j|☆RaseC_MF
|player|p1|RaseC_MF|ghetsis-gen5bw|
