|j|☆executive pole
|j|☆fluffym1n
|html|executive polefluffym1n    
|uhtml|bestof|Game 3 of a best-of-3
|t:|1757704424
|gametype|doubles
|player|p1|executive pole|brendan-masters|
|player|p2|fluffym1n|lucas-gen4pt|
|gen|9
|tier|[Gen 9] VGC 2025 Reg H (Bo3)
|rule|Species Clause: Limit one of each Pokémon
|rule|Item Clause: Limit 1 of each item
|clearpoke
|poke|p1|Whimsicott, L50, F|
|poke|p1|Garchomp, L50, F|
|poke|p1|Gholdengo, L50|
|poke|p1|Incineroar, L50, M|
|poke|p1|Sneasler, L50, F|
|poke|p1|Dragonite, L50, F|
|poke|p2|Archaludon, L50, M|
|poke|p2|Pelipper, L50, F|
|poke|p2|Incineroar, L50, F|
|poke|p2|Basculegion, L50, M|
|poke|p2|Gholdengo, L50|
|poke|p2|Sneasler, L50, F|
|teampreview|4
|showteam|p1|Whimsicott||FocusSash|Prankster|Moonblast,Tailwind,Encore,Protect|||F|||50|,,,,,Poison]Garchomp||LifeOrb|RoughSkin|Earthquake,DragonClaw,StompingTantrum,Protect|||F|||50|,,,,,Ground]Gholdengo||ChoiceSpecs|GoodasGold|MakeItRain,ShadowBall,Trick,Protect||||||50|,,,,,Steel]Incineroar||AssaultVest|Intimidate|FlareBlitz,KnockOff,Uturn,FakeOut|||M|||50|,,,,,Grass]Sneasler||WhiteHerb|Unburden|FakeOut,DireClaw,CloseCombat,Protect|||F|||50|,,,,,Stellar]Dragonite||ChoiceBand|InnerFocus|ExtremeSpeed,Outrage,IceSpinner,StompingTantrum|||F|||50|,,,,,Normal
|showteam|p2|Archaludon||AssaultVest|Stamina|DragonPulse,FlashCannon,ElectroShot,BodyPress|||M|||50|,,,,,Grass]Pelipper||FocusSash|Drizzle|Hurricane,Tailwind,WeatherBall,Protect|||F|||50|,,,,,Ghost]Incineroar||SafetyGoggles|Intimidate|FakeOut,KnockOff,FlareBlitz,PartingShot|||F|||50|,,,,,Ghost]Basculegion||MysticWater|SwiftSwim|WaveCrash,LastRespects,AquaJet,Protect|||M|||50|,,,,,Water]Gholdengo||MetalCoat|GoodasGold|MakeItRain,ShadowBall,NastyPlot,Protect||||||50|,,,,,Water]Sneasler||WhiteHerb|Unburden|FakeOut,CloseCombat,DireClaw,Protect|||F|||50|,,,,,Stellar
|j| totsbite4
|
|t:|1757704571
|teamsize|p1|4
|teamsize|p2|4
|start
|switch|p1a: Dragonite|Dragonite, L50, F|100/100
|switch|p1b: Whimsicott|Whimsicott, L50, F|100/100
|switch|p2a: Latrine|Pelipper, L50, F|100/100
|switch|p2b: Basculegion|Basculegion, L50, M|100/100
|-weather|RainDance|[from] ability: Drizzle|[of] p2a: Latrine
|turn|1
|
|t:|1757704625
|switch|p2b: Gholdengo|Gholdengo, L50|100/100
|move|p1b: Whimsicott|Tailwind|p1b: Whimsicott
|-sidestart|p1: executive pole|move: Tailwind
|move|p1a: Dragonite|Outrage|p2a: Latrine
|-enditem|p2a: Latrine|Focus Sash
|-damage|p2a: Latrine|1/100
|move|p2a: Latrine|Hurricane|p1a: Dragonite
|-damage|p1a: Dragonite|41/100
|
|-weather|RainDance|[upkeep]
|upkeep
|turn|2
|j| Voltage Gaming101
|
|t:|1757704655
|switch|p1b: Incineroar|Incineroar, L50, M|100/100
|-ability|p1b: Incineroar|Intimidate|boost
|-unboost|p2a: Latrine|atk|1
|-unboost|p2b: Gholdengo|atk|1
|move|p2a: Latrine|Protect|p2a: Latrine
|-singleturn|p2a: Latrine|Protect
|move|p1a: Dragonite|Outrage|p2a: Latrine|[from] lockedmove
|-activate|p2a: Latrine|move: Protect
|-start|p1a: Dragonite|confusion|[fatigue]
|move|p2b: Gholdengo|Make It Rain|p1a: Dragonite|[spread] p1a,p1b
|-crit|p1a: Dragonite
|-resisted|p1b: Incineroar
|-damage|p1a: Dragonite|0 fnt
|-damage|p1b: Incineroar|86/100
|-unboost|p2b: Gholdengo|spa|1
|faint|p1a: Dragonite
|
|-weather|RainDance|[upkeep]
|upkeep
|
|t:|1757704672
|switch|p1a: Gholdengo|Gholdengo, L50|100/100
|turn|3
|
|t:|1757704701
|move|p2b: Gholdengo|Protect|p2b: Gholdengo
|-singleturn|p2b: Gholdengo|Protect
|move|p1a: Gholdengo|Make It Rain|p2b: Gholdengo|[spread] p2a
|-activate|p2b: Gholdengo|move: Protect
|-resisted|p2a: Latrine
|-damage|p2a: Latrine|0 fnt
|-unboost|p1a: Gholdengo|spa|1
|faint|p2a: Latrine
|move|p1b: Incineroar|Knock Off|p2b: Gholdengo
|-activate|p2b: Gholdengo|move: Protect
|
|-weather|RainDance|[upkeep]
|upkeep
|
|t:|1757704706
|switch|p2a: Basculegion|Basculegion, L50, M|100/100
|turn|4
|
|t:|1757704727
|switch|p1a: Whimsicott|Whimsicott, L50, F|100/100
|-terastallize|p2a: Basculegion|Water
|-terastallize|p1b: Incineroar|Grass
|move|p2a: Basculegion|Wave Crash|p1b: Incineroar
|-resisted|p1b: Incineroar
|-damage|p1b: Incineroar|25/100
|-damage|p2a: Basculegion|80/100|[from] Recoil
|move|p1b: Incineroar|Knock Off|p2b: Gholdengo
|-supereffective|p2b: Gholdengo
|-damage|p2b: Gholdengo|14/100
|-enditem|p2b: Gholdengo|Metal Coat|[from] move: Knock Off|[of] p1b: Incineroar
|move|p2b: Gholdengo|Make It Rain|p1b: Incineroar|[spread] p1a,p1b
|-supereffective|p1a: Whimsicott
|-damage|p1a: Whimsicott|3/100
|-damage|p1b: Incineroar|7/100
|-unboost|p2b: Gholdengo|spa|1
|
|-weather|RainDance|[upkeep]
|-sideend|p1: executive pole|move: Tailwind
|upkeep
|turn|5
|
|t:|1757704765
|move|p1a: Whimsicott|Protect|p1a: Whimsicott
|-singleturn|p1a: Whimsicott|Protect
|move|p2a: Basculegion|Aqua Jet|p1a: Whimsicott
|-activate|p1a: Whimsicott|move: Protect
|move|p2b: Gholdengo|Shadow Ball|p1b: Incineroar
|-damage|p1b: Incineroar|0 fnt
|faint|p1b: Incineroar
|
|-weather|none
|upkeep
|
|t:|1757704774
|switch|p1b: Gholdengo|Gholdengo, L50|100/100
|turn|6
|
|t:|1757704806
|switch|p2b: Final Lesson|Archaludon, L50, M|100/100
|move|p2a: Basculegion|Aqua Jet|p1a: Whimsicott
|-resisted|p1a: Whimsicott
|-damage|p1a: Whimsicott|0 fnt
|faint|p1a: Whimsicott
|move|p1b: Gholdengo|Make It Rain|p2a: Basculegion|[spread] p2a,p2b
|-resisted|p2a: Basculegion
|-resisted|p2b: Final Lesson
|-damage|p2a: Basculegion|37/100
|-damage|p2b: Final Lesson|72/100
|-unboost|p1b: Gholdengo|spa|1
|-ability|p2b: Final Lesson|Stamina|boost
|-boost|p2b: Final Lesson|def|1
|
|upkeep
|turn|7
|c|☆executive pole|gg
|
|t:|1757704824
|move|p1b: Gholdengo|Make It Rain|p2a: Basculegion|[spread] p2a,p2b
|-resisted|p2a: Basculegion
|-resisted|p2b: Final Lesson
|-damage|p2a: Basculegion|8/100
|-damage|p2b: Final Lesson|49/100
|-unboost|p1b: Gholdengo|spa|1
|-ability|p2b: Final Lesson|Stamina|boost
|-boost|p2b: Final Lesson|def|1
|move|p2a: Basculegion|Last Respects|p1b: Gholdengo
|-supereffective|p1b: Gholdengo
|-damage|p1b: Gholdengo|0 fnt
|faint|p1b: Gholdengo
|
|win|fluffym1n
|c|☆fluffym1n|GGs
|l| totsbite4
|l| Voltage Gaming101
