|j|☆menenjoyer14
|j|☆testingacc100002
|html|menenjoyer14testingacc100002    
|uhtml|bestof|Game 1 of a best-of-3
|t:|1757774660
|gametype|doubles
|player|p1|menenjoyer14|265|1036
|player|p2|testingacc100002|169|1040
|gen|9
|tier|[Gen 9] VGC 2025 Reg H (Bo3)
|rated|
|rule|Species Clause: Limit one of each Pokémon
|rule|Item Clause: Limit 1 of each item
|clearpoke
|poke|p1|Gyarados, L50, M|
|poke|p1|Hydreigon, L50, F|
|poke|p1|Talonflame, L50, F|
|poke|p1|Amoonguss, L50, M|
|poke|p1|Gholdengo, L50|
|poke|p1|Mienshao, L50, F|
|poke|p2|Porygon-Z, L50|
|poke|p2|Ribombee, L50, F|
|poke|p2|Amoonguss, L50, M|
|poke|p2|Annihilape, L50, M|
|poke|p2|Archaludon, L50, F|
|poke|p2|Arcanine-Hisui, L50, F|
|teampreview|4
|showteam|p1|Gyarados||ClearAmulet|Intimidate|Waterfall,TeraBlast,DragonDance,Protect|||M|||50|,,,,,Flying]Hydreigon||ChoiceSpecs|Levitate|DracoMeteor,DarkPulse,HeatWave,Snarl|||F|||50|,,,,,Fire]Talonflame||LifeOrb|GaleWings|Tailwind,WillOWisp,BraveBird,FlareBlitz|||F|||50|,,,,,Ghost]Amoonguss||SitrusBerry|Regenerator|RagePowder,Spore,ClearSmog,PollenPuff|||M|||50|,,,,,Water]Gholdengo||Leftovers|GoodasGold|MakeItRain,ShadowBall,NastyPlot,Protect||||||50|,,,,,Dragon]Mienshao||FocusSash|InnerFocus|FakeOut,CloseCombat,KnockOff,Taunt|||F|||50|,,,,,Dark
|showteam|p2|Porygon-Z||ChoiceSpecs|Adaptability|HyperBeam,IceBeam,TeraBlast,Thunderbolt||||||50|,,,,,Ground]Ribombee||FocusSash|ShieldDust|FakeTears,Moonblast,Protect,Tailwind|||F|||50|,,,,,Ghost]Amoonguss||RockyHelmet|Regenerator|PollenPuff,Protect,RagePowder,Spore|||M|||50|,,,,,Water]Annihilape||SafetyGoggles|Defiant|CloseCombat,FinalGambit,Protect,RageFist|||M|||50|,,,,,Water]Archaludon||PowerHerb|Sturdy|DragonPulse,ElectroShot,FlashCannon,Protect|||F|||50|,,,,,Stellar]Arcanine-Hisui||ClearAmulet|RockHead|ExtremeSpeed,FlareBlitz,HeadSmash,RockSlide|||F|||50|,,,,,Normal
|
|t:|1757774735
|teamsize|p1|4
|teamsize|p2|4
|start
|switch|p1a: Talonflame|Talonflame, L50, F|100/100
|switch|p1b: Hydreigon|Hydreigon, L50, F|100/100
|switch|p2a: Ribombee|Ribombee, L50, F|100/100
|switch|p2b: Annihilape|Annihilape, L50, M|100/100
|turn|1
|
|t:|1757774771
|move|p1a: Talonflame|Will-O-Wisp|p2b: Annihilape
|-status|p2b: Annihilape|brn
|move|p2a: Ribombee|Moonblast|p1b: Hydreigon
|-supereffective|p1b: Hydreigon
|-damage|p1b: Hydreigon|0 fnt
|faint|p1b: Hydreigon
|move|p2b: Annihilape|Rage Fist|p1a: Talonflame
|-crit|p1a: Talonflame
|-damage|p1a: Talonflame|76/100
|
|-damage|p2b: Annihilape|94/100 brn|[from] brn
|upkeep
|
|t:|1757774790
|switch|p1b: Mienshao|Mienshao, L50, F|100/100
|turn|2
|
|t:|1757774821
|move|p2a: Ribombee|Protect|p2a: Ribombee
|-singleturn|p2a: Ribombee|Protect
|move|p1a: Talonflame|Flare Blitz|p2a: Ribombee
|-activate|p2a: Ribombee|move: Protect
|move|p1b: Mienshao|Knock Off|p2b: Annihilape
|-crit|p2b: Annihilape
|-damage|p2b: Annihilape|41/100 brn
|-enditem|p2b: Annihilape|Safety Goggles|[from] move: Knock Off|[of] p1b: Mienshao
|move|p2b: Annihilape|Close Combat|p1b: Mienshao
|-damage|p1b: Mienshao|54/100
|-unboost|p2b: Annihilape|def|1
|-unboost|p2b: Annihilape|spd|1
|
|-damage|p2b: Annihilape|34/100 brn|[from] brn
|upkeep
|turn|3
|
|t:|1757774843
|move|p1a: Talonflame|Tailwind|p1a: Talonflame
|-sidestart|p1: menenjoyer14|move: Tailwind
|move|p1b: Mienshao|Knock Off|p2a: Ribombee
|-resisted|p2a: Ribombee
|-damage|p2a: Ribombee|73/100
|-enditem|p2a: Ribombee|Focus Sash|[from] move: Knock Off|[of] p1b: Mienshao
|move|p2a: Ribombee|Tailwind|p2a: Ribombee
|-sidestart|p2: testingacc100002|move: Tailwind
|move|p2b: Annihilape|Final Gambit|p1a: Talonflame
|-damage|p1a: Talonflame|30/100
|faint|p2b: Annihilape
|
|upkeep
|
|t:|1757774855
|switch|p2b: Arcanine|Arcanine-Hisui, L50, F|100/100
|turn|4
|
|t:|1757774881
|move|p1a: Talonflame|Flare Blitz|p2a: Ribombee
|-supereffective|p2a: Ribombee
|-damage|p2a: Ribombee|0 fnt
|faint|p2a: Ribombee
|-damage|p1a: Talonflame|4/100|[from] Recoil
|-damage|p1a: Talonflame|0 fnt|[from] item: Life Orb
|faint|p1a: Talonflame
|move|p1b: Mienshao|Close Combat|p2b: Arcanine
|-supereffective|p2b: Arcanine
|-damage|p2b: Arcanine|0 fnt
|-unboost|p1b: Mienshao|def|1
|-unboost|p1b: Mienshao|spd|1
|faint|p2b: Arcanine
|
|upkeep
|
|t:|1757774893
|switch|p1a: Gyarados|Gyarados, L50, M|100/100
|switch|p2b: Archaludon|Archaludon, L50, F|100/100
|-ability|p1a: Gyarados|Intimidate|boost
|-unboost|p2b: Archaludon|atk|1
|turn|5
|
|t:|1757774947
|-terastallize|p1a: Gyarados|Flying
|move|p1b: Mienshao|Knock Off|p2b: Archaludon
|-damage|p2b: Archaludon|71/100
|-enditem|p2b: Archaludon|Power Herb|[from] move: Knock Off|[of] p1b: Mienshao
|move|p2b: Archaludon|Dragon Pulse|p1b: Mienshao
|-damage|p1b: Mienshao|0 fnt
|faint|p1b: Mienshao
|move|p1a: Gyarados|Dragon Dance|p1a: Gyarados
|-boost|p1a: Gyarados|atk|1
|-boost|p1a: Gyarados|spe|1
|
|upkeep
|turn|6
|
|t:|1757774959
|move|p1a: Gyarados|Waterfall|p2b: Archaludon
|-resisted|p2b: Archaludon
|-damage|p2b: Archaludon|44/100
|cant|p2b: Archaludon|flinch
|
|-sideend|p1: menenjoyer14|move: Tailwind
|-sideend|p2: testingacc100002|move: Tailwind
|upkeep
|turn|7
|
|t:|1757774966
|move|p1a: Gyarados|Waterfall|p2b: Archaludon
|-resisted|p2b: Archaludon
|-damage|p2b: Archaludon|17/100
|move|p2b: Archaludon|Electro Shot||[still]
|-prepare|p2b: Archaludon|Electro Shot
|-boost|p2b: Archaludon|spa|1
|
|upkeep
|turn|8
|
|t:|1757774972
|move|p1a: Gyarados|Waterfall|p2b: Archaludon
|-resisted|p2b: Archaludon
|-damage|p2b: Archaludon|0 fnt
|faint|p2b: Archaludon
|
|win|menenjoyer14
||testingacc100002 is ready for game 2.
||menenjoyer14 is ready for game 2.
|uhtml|next|Next: Game 2 of 3
|l|☆testingacc100002
|player|p2|
|l|☆menenjoyer14
|player|p1|
