|j|☆wodaiogien
|j|☆frenkyfraka
|html|wodaiogienfrenkyfraka    
|uhtml|bestof|Game 1 of a best-of-3
|t:|1782412314
|gametype|doubles
|player|p1|wodaiogien|266|1106
|player|p2|frenkyfraka|2|1040
|gen|9
|tier|[Gen 9 Champions] VGC 2026 Reg M-B (Bo3)
|rated|
|rule|Species Clause: Limit one of each Pokémon
|rule|Item Clause: Limit 1 of each item
|clearpoke
|poke|p1|Swampert, L50, M|
|poke|p1|Archaludon, L50, F|
|poke|p1|Tsareena, L50, F|
|poke|p1|Pelipper, L50, F|
|poke|p1|Sinistcha, L50|
|poke|p1|Grimmsnarl, L50, M|
|poke|p2|Staraptor, L50, M|
|poke|p2|Garchomp, L50, M|
|poke|p2|Glimmora, L50, F|
|poke|p2|Whimsicott, L50, F|
|poke|p2|Incineroar, L50, F|
|poke|p2|Grimmsnarl, L50, M|
|teampreview|4
|showteam|p1|Swampert||Swampertite|Damp|Protect,WaveCrash,Earthquake,IcePunch|Adamant||M|||50|]Archaludon||Leftovers|Stamina|Protect,ElectroShot,DragonPulse,FlashCannon|Modest||F|||50|]Tsareena||ChoiceScarf|QueenlyMajesty|TropKick,TripleAxel,LowKick,Uturn|Jolly||F|||50|]Pelipper||SitrusBerry|Drizzle|Hurricane,WeatherBall,Tailwind,WideGuard|Modest||F|||50|]Sinistcha||CobaBerry|Hospitality|MatchaGotcha,RagePowder,TrickRoom,Protect|Relaxed|||||50|]Grimmsnarl||LightClay|Prankster|FoulPlay,PartingShot,Reflect,LightScreen|Bold||M|||50|
|showteam|p2|Staraptor||Staraptite|Intimidate|CloseCombat,BraveBird,Roost,Protect|Jolly||M|||50|]Garchomp||LifeOrb|RoughSkin|DragonClaw,RockSlide,Earthquake,Protect|Jolly||M|||50|]Glimmora||Glimmoranite|ToxicDebris|PowerGem,EarthPower,SludgeBomb,SpikyShield|Modest||F|||50|]Whimsicott||FocusSash|Prankster|Moonblast,EnergyBall,Tailwind,Protect|Timid||F|||50|]Incineroar||SitrusBerry|Intimidate|FakeOut,FlareBlitz,DarkestLariat,PartingShot|Careful||F|||50|]Grimmsnarl||Leftovers|Prankster|FakeOut,PartingShot,SpiritBreak,Protect|Careful||M|||50|
|inactive|Battle timer is ON: inactive players will automatically lose when time's up. (requested by wodaiogien)
|inactive|wodaiogien has 60 seconds left.
|inactive|frenkyfraka has 60 seconds left.
|
|t:|1782412361
|teamsize|p1|4
|teamsize|p2|4
|start
|switch|p1a: Archaludon|Archaludon, L50, F|100/100
|switch|p1b: Tsareena|Tsareena, L50, F|100/100
|switch|p2a: Glimmora|Glimmora, L50, F|100/100
|switch|p2b: Incineroar|Incineroar, L50, F|100/100
|-ability|p2b: Incineroar|Intimidate|boost
|-unboost|p1a: Archaludon|atk|1
|-unboost|p1b: Tsareena|atk|1
|turn|1
|inactive|wodaiogien has 30 seconds left.
|inactive|frenkyfraka has 30 seconds left.
|inactive|wodaiogien has 20 seconds left.
|
|t:|1782412401
|detailschange|p2a: Glimmora|Glimmora-Mega, L50, F
|-mega|p2a: Glimmora|Glimmora|Glimmoranite
|move|p1a: Archaludon|Protect|p1a: Archaludon
|-singleturn|p1a: Archaludon|Protect
|move|p1b: Tsareena|U-turn|p2a: Glimmora
|-resisted|p2a: Glimmora|1
|-damage|p2a: Glimmora|91/100
|
|t:|1782412408
|switch|p1b: Swampert|Swampert, L50, M|100/100|[from] U-turn
|move|p2a: Glimmora|Earth Power|p1a: Archaludon
|-activate|p1a: Archaludon|move: Protect
|move|p2b: Incineroar|Parting Shot|p1a: Archaludon
|-activate|p1a: Archaludon|move: Protect
|
|upkeep
|turn|2
|inactive|frenkyfraka has 30 seconds left.
|
|t:|1782412435
|switch|p1a: Pelipper|Pelipper, L50, F|100/100
|-weather|RainDance|[from] ability: Drizzle|[of] p1a: Pelipper
|detailschange|p1b: Swampert|Swampert-Mega, L50, M
|-mega|p1b: Swampert|Swampert|Swampertite
|move|p1b: Swampert|Earthquake|p2a: Glimmora|[spread] p2a,p2b
|-immune|p1a: Pelipper
|-supereffective|p2a: Glimmora|2
|-supereffective|p2b: Incineroar|1
|-damage|p2a: Glimmora|0 fnt
|-damage|p2b: Incineroar|16/100
|-enditem|p2b: Incineroar|Sitrus Berry|[eat]
|-heal|p2b: Incineroar|41/100|[from] item: Sitrus Berry
|faint|p2a: Glimmora
|move|p2b: Incineroar|Parting Shot|p1b: Swampert
|-unboost|p1b: Swampert|atk|1
|-unboost|p1b: Swampert|spa|1
|
|t:|1782412455
|switch|p2b: Garchomp|Garchomp, L50, M|100/100|[from] Parting Shot
|
|-weather|RainDance|[upkeep]
|upkeep
|
|t:|1782412462
|switch|p2a: Incineroar|Incineroar, L50, F|41/100
|-ability|p2a: Incineroar|Intimidate|boost
|-unboost|p1a: Pelipper|atk|1
|-unboost|p1b: Swampert|atk|1
|turn|3
|inactive|wodaiogien has 30 seconds left.
|
|t:|1782412494
|switch|p1a: Tsareena|Tsareena, L50, F|100/100
|move|p2a: Incineroar|Fake Out||[still]
|cant|p1a: Tsareena|ability: Queenly Majesty|Fake Out|[of] p2a: Incineroar
|move|p1b: Swampert|Ice Punch|p2b: Garchomp
|-supereffective|p2b: Garchomp|2
|-damage|p2b: Garchomp|37/100
|-damage|p1b: Swampert|87/100|[from] ability: Rough Skin|[of] p2b: Garchomp
|move|p2b: Garchomp|Dragon Claw|p1a: Tsareena
|-damage|p1a: Tsareena|38/100
|-damage|p2b: Garchomp|28/100|[from] item: Life Orb
|
|-weather|RainDance|[upkeep]
|upkeep
|turn|4
|inactive|frenkyfraka has 30 seconds left.
|inactive|frenkyfraka has 20 seconds left.
|
|t:|1782412530
|move|p1b: Swampert|Ice Punch|p2b: Garchomp
|-supereffective|p2b: Garchomp|2
|-damage|p2b: Garchomp|0 fnt
|-damage|p1b: Swampert|75/100|[from] ability: Rough Skin|[of] p2b: Garchomp
|faint|p2b: Garchomp
|move|p1a: Tsareena|Low Kick|p2a: Incineroar
|-supereffective|p2a: Incineroar|1
|-damage|p2a: Incineroar|0 fnt
|faint|p2a: Incineroar
|
|-weather|RainDance|[upkeep]
|upkeep
|
|t:|1782412547
|switch|p2b: Grimmsnarl|Grimmsnarl, L50, M|100/100
|turn|5
|-message|frenkyfraka forfeited.
|
|win|wodaiogien
|l|☆frenkyfraka
|player|p2|
||frenkyfraka is ready for game 2.
|inactive|wodaiogien has 30 seconds to confirm battle start!
||wodaiogien is ready for game 2.
|uhtml|next|Next: Game 2 of 3
