|j|☆fanman64
|j|☆namboyVGC
|html|fanman64namboyVGC    
|uhtml|bestof|Game 2 of a best-of-3
|t:|1757626072
|gametype|doubles
|player|p1|fanman64|volkner|1419
|player|p2|namboyVGC|pokemonranger-gen4|1412
|gen|9
|tier|[Gen 9] VGC 2025 Reg H (Bo3)
|rated|
|rule|Species Clause: Limit one of each Pokémon
|rule|Item Clause: Limit 1 of each item
|clearpoke
|poke|p1|Kommo-o, L50, F|
|poke|p1|Sinistcha, L50|
|poke|p1|Ninetales-Alola, L50, M|
|poke|p1|Ursaluna, L50, M|
|poke|p1|Incineroar, L50, F|
|poke|p1|Kilowattrel, L50, F|
|poke|p2|Sneasler, L50, M|
|poke|p2|Indeedee, L50, M|
|poke|p2|Annihilape, L50, F|
|poke|p2|Hydreigon, L50, F|
|poke|p2|Tyranitar, L50, F|
|poke|p2|Excadrill, L50, F|
|teampreview|4
|showteam|p1|Kommo-o||ThroatSpray|Soundproof|ClangingScales,Flamethrower,Protect,ClangorousSoul|||F|||50|,,,,,Fire]Sinistcha||SitrusBerry|Hospitality|MatchaGotcha,RagePowder,ShadowBall,TrickRoom||||||50|,,,,,Water]Ninetales-Alola||CovertCloak|SnowWarning|Blizzard,IcyWind,AuroraVeil,Protect|||M|||50|,,,,,Fire]Ursaluna||FlameOrb|Guts|Earthquake,HeadlongRush,Facade,Protect|||M|||50|,,,,,Ghost]Incineroar||AssaultVest|Intimidate|FlareBlitz,KnockOff,FakeOut,Uturn|||F|||50|,,,,,Grass]Kilowattrel||FocusSash|Competitive|Thunderbolt,AirSlash,Tailwind,Protect|||F|||50|,,,,,Ghost
|showteam|p2|Sneasler||PsychicSeed|Unburden|DireClaw,CloseCombat,ThroatChop,Protect|||M|||50|,,,,,Dark]Indeedee||ChoiceScarf|PsychicSurge|ExpandingForce,TeraBlast,DazzlingGleam,Trick|||M|||50|,,,,,Fire]Annihilape||SafetyGoggles|Defiant|CloseCombat,RageFist,Taunt,FinalGambit|||F|||50|,,,,,Water]Hydreigon||CovertCloak|Levitate|Snarl,DracoMeteor,Tailwind,Roar|||F|||50|,,,,,Fairy]Tyranitar||AssaultVest|SandStream|KnockOff,RockSlide,TeraBlast,LowKick|||F|||50|,,,,,Flying]Excadrill||FocusSash|SandRush|HighHorsepower,Earthquake,IronHead,Protect|||F|||50|,,,,,Stellar
|inactive|Battle timer is ON: inactive players will automatically lose when time's up. (requested by namboyVGC)
|
|t:|1757626098
|teamsize|p1|4
|teamsize|p2|4
|start
|switch|p1a: Incineroar|Incineroar, L50, F|100/100
|switch|p1b: Kilowattrel|Kilowattrel, L50, F|100/100
|switch|p2a: XActo|Sneasler, L50, M, shiny|100/100
|switch|p2b: Kärcher|Indeedee, L50, M, shiny|100/100
|-fieldstart|move: Psychic Terrain|[from] ability: Psychic Surge|[of] p2b: Kärcher
|-enditem|p2a: XActo|Psychic Seed
|-boost|p2a: XActo|spd|1|[from] item: Psychic Seed
|-ability|p1a: Incineroar|Intimidate|boost
|-unboost|p2a: XActo|atk|1
|-unboost|p2b: Kärcher|atk|1
|turn|1
|
|t:|1757626121
|-terastallize|p2b: Kärcher|Fire
|move|p2a: XActo|Dire Claw|p1b: Kilowattrel
|-damage|p1b: Kilowattrel|50/100
|-status|p1b: Kilowattrel|slp
|move|p2b: Kärcher|Expanding Force|p1a: Incineroar|[spread] p1b
|-immune|p1a: Incineroar
|-damage|p1b: Kilowattrel|0 fnt
|faint|p1b: Kilowattrel
|move|p1a: Incineroar|U-turn|p2b: Kärcher
|-resisted|p2b: Kärcher
|-damage|p2b: Kärcher|82/100
|
|t:|1757626129
|switch|p1a: Ursaluna|Ursaluna, L50, M|100/100|[from] U-turn
|
|-status|p1a: Ursaluna|brn|[from] item: Flame Orb
|upkeep
|
|t:|1757626136
|switch|p1b: Incineroar|Incineroar, L50, F|100/100
|-ability|p1b: Incineroar|Intimidate|boost
|-unboost|p2a: XActo|atk|1
|-unboost|p2b: Kärcher|atk|1
|turn|2
|
|t:|1757626152
|move|p2a: XActo|Close Combat|p1a: Ursaluna
|-supereffective|p1a: Ursaluna
|-damage|p1a: Ursaluna|45/100 brn
|-unboost|p2a: XActo|def|1
|-unboost|p2a: XActo|spd|1
|move|p2b: Kärcher|Expanding Force|p1a: Ursaluna|[spread] p1a
|-immune|p1b: Incineroar
|-damage|p1a: Ursaluna|1/100 brn
|move|p1b: Incineroar|U-turn|p2a: XActo
|-resisted|p2a: XActo
|-damage|p2a: XActo|88/100
|
|t:|1757626161
|switch|p1b: Sinistcha|Sinistcha, L50|100/100|[from] U-turn
|-heal|p1a: Ursaluna|26/100 brn|[from] ability: Hospitality|[of] p1b: Sinistcha
|move|p1a: Ursaluna|Earthquake|p2a: XActo|[spread] p1b,p2a,p2b
|-resisted|p1b: Sinistcha
|-supereffective|p2a: XActo
|-supereffective|p2b: Kärcher
|-damage|p1b: Sinistcha|67/100
|-damage|p2a: XActo|0 fnt
|-damage|p2b: Kärcher|0 fnt
|faint|p2a: XActo
|faint|p2b: Kärcher
|
|-damage|p1a: Ursaluna|20/100 brn|[from] brn
|upkeep
|
|t:|1757626170
|switch|p2a: Stanley|Tyranitar, L50, F, shiny|100/100
|switch|p2b: Makita|Excadrill, L50, F, shiny|100/100
|-weather|Sandstorm|[from] ability: Sand Stream|[of] p2a: Stanley
|turn|3
|
|t:|1757626193
|switch|p1a: Incineroar|Incineroar, L50, F|100/100
|-ability|p1a: Incineroar|Intimidate|boost
|-unboost|p2a: Stanley|atk|1
|-unboost|p2b: Makita|atk|1
|-terastallize|p1b: Sinistcha|Water
|move|p2b: Makita|Earthquake|p1a: Incineroar|[spread] p2a,p1a,p1b
|-supereffective|p2a: Stanley
|-supereffective|p1a: Incineroar
|-damage|p2a: Stanley|49/100
|-damage|p1a: Incineroar|45/100
|-damage|p1b: Sinistcha|39/100
|-enditem|p1b: Sinistcha|Sitrus Berry|[eat]
|-heal|p1b: Sinistcha|64/100|[from] item: Sitrus Berry
|move|p2a: Stanley|Knock Off|p1b: Sinistcha
|-damage|p1b: Sinistcha|37/100
|move|p1b: Sinistcha|Trick Room|p1b: Sinistcha
|-fieldstart|move: Trick Room|[of] p1b: Sinistcha
|
|-weather|Sandstorm|[upkeep]
|-damage|p1a: Incineroar|39/100|[from] Sandstorm
|-damage|p1b: Sinistcha|31/100|[from] Sandstorm
|upkeep
|turn|4
|
|t:|1757626214
|move|p2b: Makita|Protect|p2b: Makita
|-singleturn|p2b: Makita|Protect
|move|p1a: Incineroar|Flare Blitz|p2b: Makita
|-activate|p2b: Makita|move: Protect
|move|p1b: Sinistcha|Matcha Gotcha|p2a: Stanley|[spread] p2a
|-activate|p2b: Makita|move: Protect
|-supereffective|p2a: Stanley
|-damage|p2a: Stanley|26/100
|-heal|p1b: Sinistcha|44/100|[from] drain|[of] p2a: Stanley
|move|p2a: Stanley|Rock Slide|p1a: Incineroar|[spread] p1b
|-miss|p2a: Stanley|p1a: Incineroar
|-damage|p1b: Sinistcha|22/100
|
|-weather|Sandstorm|[upkeep]
|-damage|p1a: Incineroar|33/100|[from] Sandstorm
|-damage|p1b: Sinistcha|17/100|[from] Sandstorm
|upkeep
|turn|5
|
|t:|1757626237
|move|p2b: Makita|Protect||[still]
|-fail|p2b: Makita
|move|p1a: Incineroar|Flare Blitz|p2b: Makita
|-supereffective|p2b: Makita
|-enditem|p2b: Makita|Focus Sash
|-damage|p2b: Makita|1/100
|-damage|p1a: Incineroar|3/100|[from] Recoil
|move|p1b: Sinistcha|Matcha Gotcha|p2b: Makita|[spread] p2a,p2b
|-supereffective|p2a: Stanley
|-damage|p2a: Stanley|4/100
|-heal|p1b: Sinistcha|29/100|[from] drain|[of] p2a: Stanley
|-damage|p2b: Makita|0 fnt
|-heal|p1b: Sinistcha|29/100|[from] drain|[of] p2b: Makita
|-status|p2a: Stanley|brn
|faint|p2b: Makita
|move|p2a: Stanley|Knock Off|p1a: Incineroar
|-resisted|p1a: Incineroar
|-damage|p1a: Incineroar|0 fnt
|-enditem|p1a: Incineroar|Assault Vest|[from] move: Knock Off|[of] p2a: Stanley
|faint|p1a: Incineroar
|
|-weather|Sandstorm|[upkeep]
|-damage|p1b: Sinistcha|24/100|[from] Sandstorm
|-damage|p2a: Stanley|0 fnt|[from] brn
|faint|p2a: Stanley
|
|win|fanman64
||namboyVGC is ready for game 3.
||fanman64 is ready for game 3.
|uhtml|next|Next: Game 3 of 3
