|j|☆Mebbyaids
|j|☆theghostgymleader
|html|Mebbyaidstheghostgymleader    
|uhtml|bestof|Game 2 of a best-of-3
|t:|1783783091
|gametype|doubles
|player|p1|Mebbyaids|102|
|player|p2|theghostgymleader|brycenman|
|gen|9
|tier|[Gen 9 Champions] VGC 2026 Reg M-B (Bo3)
|rule|Species Clause: Limit one of each Pokémon
|rule|Item Clause: Limit 1 of each item
|clearpoke
|poke|p1|Starmie, L50|
|poke|p1|Pelipper, L50, M|
|poke|p1|Archaludon, L50, F|
|poke|p1|Meowscarada, L50, F|
|poke|p1|Annihilape, L50, F|
|poke|p1|Raichu, L50, F|
|poke|p2|Gengar, L50, M, shiny|
|poke|p2|Froslass, L50, F, shiny|
|poke|p2|Decidueye, L50, M, shiny|
|poke|p2|Skeledirge, L50, F, shiny|
|poke|p2|Basculegion, L50, M, shiny|
|poke|p2|Sableye, L50, F|
|teampreview|4
|showteam|p1|Starmie||Starminite|Illuminate|RapidSpin,IceSpinner,Liquidation,ZenHeadbutt|Jolly|||||50|]Pelipper||MysticWater|Drizzle|Hurricane,Surf,Protect,Tailwind|Bold||M|||50|]Archaludon||LifeOrb|Stamina|ElectroShot,DragonPulse,FlashCannon,MirrorCoat|Timid||F|||50|]Meowscarada||ChoiceScarf|Protean|FlowerTrick,KnockOff,PlayRough,Uturn|Jolly||F|||50|]Annihilape||ExpertBelt|Defiant|DrainPunch,RageFist,Earthquake,SeedBomb|Jolly||F|||50|]Raichu||RaichuniteY|Static|FocusBlast,ZapCannon,Surf,AlluringVoice|Timid||F|||50|
|showteam|p2|Gengar||Gengarite|CursedBody|SludgeBomb,Thunderbolt,Protect,DazzlingGleam|Modest||M|||50|]Froslass||Froslassite|CursedBody|Blizzard,DestinyBond,ShadowBall,AuroraVeil|Timid||F|||50|]Decidueye||FocusSash|LongReach|Tailwind,LeafBlade,SuckerPunch,BraveBird|Adamant||M|||50|]Skeledirge||Leftovers|Unaware|TorchSong,WillOWisp,Hex,SlackOff|Bold||F|||50|]Basculegion||ChoiceScarf|Adaptability|AquaJet,LastRespects,WaveCrash,FlipTurn|Jolly||M|||50|]Sableye||RoseliBerry|Prankster|Quash,Disable,Encore,WillOWisp|Calm||F|||50|
|
|t:|1783783148
|teamsize|p1|4
|teamsize|p2|4
|start
|switch|p1a: Pelipper|Pelipper, L50, M|100/100
|switch|p1b: Archaludon|Archaludon, L50, F|100/100
|switch|p2a: NightMarcher|Decidueye, L50, M, shiny|100/100
|switch|p2b: Yuki-onna|Froslass, L50, F, shiny|100/100
|-weather|RainDance|[from] ability: Drizzle|[of] p1a: Pelipper
|turn|1
|
|t:|1783783170
|detailschange|p2b: Yuki-onna|Froslass-Mega, L50, F, shiny
|-mega|p2b: Yuki-onna|Froslass|Froslassite
|-weather|Snowscape|[from] ability: Snow Warning|[of] p2b: Yuki-onna
|move|p2b: Yuki-onna|Aurora Veil|p2b: Yuki-onna
|-sidestart|p2: theghostgymleader|move: Aurora Veil
|move|p1b: Archaludon|Flash Cannon|p2b: Yuki-onna
|-supereffective|p2b: Yuki-onna|1
|-damage|p2b: Yuki-onna|13/100
|-damage|p1b: Archaludon|90/100|[from] item: Life Orb
|move|p2a: NightMarcher|Tailwind|p2a: NightMarcher
|-sidestart|p2: theghostgymleader|move: Tailwind
|move|p1a: Pelipper|Tailwind|p1a: Pelipper
|-sidestart|p1: Mebbyaids|move: Tailwind
|
|-weather|Snowscape|[upkeep]
|upkeep
|turn|2
|
|t:|1783783228
|switch|p2b: Legion|Basculegion, L50, M, shiny|100/100
|switch|p1a: Meowscarada|Meowscarada, L50, F|100/100
|move|p1b: Archaludon|Dragon Pulse|p2b: Legion
|-damage|p2b: Legion|58/100
|-damage|p1b: Archaludon|80/100|[from] item: Life Orb
|move|p2a: NightMarcher|Leaf Blade|p1a: Meowscarada
|-resisted|p1a: Meowscarada|1
|-damage|p1a: Meowscarada|66/100
|
|-weather|Snowscape|[upkeep]
|upkeep
|turn|3
|
|t:|1783783263
|switch|p1b: Pelipper|Pelipper, L50, M|100/100
|-weather|RainDance|[from] ability: Drizzle|[of] p1b: Pelipper
|move|p1a: Meowscarada|Knock Off|p2b: Legion
|-start|p1a: Meowscarada|typechange|Dark|[from] ability: Protean
|-supereffective|p2b: Legion|1
|-damage|p2b: Legion|0 fnt
|-enditem|p2b: Legion|Choice Scarf|[from] move: Knock Off|[of] p1a: Meowscarada
|faint|p2b: Legion
|move|p2a: NightMarcher|Brave Bird|p1a: Meowscarada
|-damage|p1a: Meowscarada|2/100
|-damage|p2a: NightMarcher|79/100|[from] Recoil
|
|-weather|RainDance|[upkeep]
|upkeep
|
|t:|1783783283
|switch|p2b: Yuki-onna|Froslass-Mega, L50, F, shiny|13/100
|-weather|Snowscape|[from] ability: Snow Warning|[of] p2b: Yuki-onna
|turn|4
|
|t:|1783783303
|switch|p1a: Archaludon|Archaludon, L50, F|80/100
|move|p2a: NightMarcher|Sucker Punch||[still]
|-fail|p2a: NightMarcher
|move|p2b: Yuki-onna|Blizzard|p1b: Pelipper|[spread] p1a,p1b
|-damage|p1a: Archaludon|17/100
|-damage|p1b: Pelipper|34/100
|-ability|p1a: Archaludon|Stamina|boost
|-boost|p1a: Archaludon|def|1
|move|p1b: Pelipper|Hurricane|p2a: NightMarcher
|-supereffective|p2a: NightMarcher|1
|-damage|p2a: NightMarcher|16/100
|-start|p2a: NightMarcher|confusion
|
|-weather|Snowscape|[upkeep]
|-sideend|p1: Mebbyaids|move: Tailwind
|-sideend|p2: theghostgymleader|move: Tailwind
|upkeep
|turn|5
|
|t:|1783783326
|switch|p2a: Nymph|Sableye, L50, F|100/100
|move|p2b: Yuki-onna|Blizzard|p1b: Pelipper|[spread] p1a,p1b
|-damage|p1a: Archaludon|0 fnt
|-damage|p1b: Pelipper|0 fnt
|faint|p1a: Archaludon
|faint|p1b: Pelipper
|
|-weather|Snowscape|[upkeep]
|-sideend|p2: theghostgymleader|move: Aurora Veil
|upkeep
|
|t:|1783783329
|switch|p1a: Raichu|Raichu, L50, F|100/100
|switch|p1b: Meowscarada|Meowscarada, L50, F|2/100
|turn|6
|
|t:|1783783358
|detailschange|p1a: Raichu|Raichu-Mega-Y, L50, F
|-mega|p1a: Raichu|Raichu|Raichunite Y
|move|p2a: Nymph|Quash|p1a: Raichu
|-activate|p1a: Raichu|move: Quash
|move|p1b: Meowscarada|Play Rough|p2b: Yuki-onna
|-start|p1b: Meowscarada|typechange|Fairy|[from] ability: Protean
|-damage|p2b: Yuki-onna|0 fnt
|faint|p2b: Yuki-onna
|move|p1a: Raichu|Zap Cannon|p2a: Nymph
|-damage|p2a: Nymph|10/100
|-status|p2a: Nymph|par
|
|-weather|Snowscape|[upkeep]
|upkeep
|
|t:|1783783369
|switch|p2b: NightMarcher|Decidueye, L50, M, shiny|16/100
|turn|7
|
|t:|1783783383
|move|p2b: NightMarcher|Sucker Punch|p1b: Meowscarada
|-resisted|p1b: Meowscarada|1
|-damage|p1b: Meowscarada|0 fnt
|faint|p1b: Meowscarada
|move|p2a: Nymph|Disable|p1a: Raichu
|-start|p1a: Raichu|Disable|Zap Cannon
|move|p1a: Raichu|Surf|p2a: Nymph|[spread] p2a,p2b
|-resisted|p2b: NightMarcher|1
|-damage|p2a: Nymph|0 fnt
|-damage|p2b: NightMarcher|1/100
|faint|p2a: Nymph
|
|-weather|Snowscape|[upkeep]
|upkeep
|turn|8
|
|t:|1783783397
|move|p1a: Raichu|Surf|p2b: NightMarcher
|-resisted|p2b: NightMarcher|1
|-damage|p2b: NightMarcher|0 fnt
|faint|p2b: NightMarcher
|
|win|Mebbyaids
||Mebbyaids is ready for game 3.
|inactive|theghostgymleader has 30 seconds to confirm battle start!
||theghostgymleader is ready for game 3.
|uhtml|next|Next: Game 3 of 3
|l|☆theghostgymleader
|player|p2|
