|j|☆TheMochiMan
|j|☆Blitzball Ace
|html|TheMochiManBlitzball Ace    
|uhtml|bestof|Game 3 of a best-of-3
|t:|1757208053
|gametype|doubles
|player|p1|TheMochiMan|doctor|1435
|player|p2|Blitzball Ace|kamado-armor|1295
|gen|9
|tier|[Gen 9] VGC 2025 Reg H (Bo3)
|rated|
|rule|Species Clause: Limit one of each Pokémon
|rule|Item Clause: Limit 1 of each item
|clearpoke
|poke|p1|Ursaluna, L50, F|
|poke|p1|Jumpluff, L50, M|
|poke|p1|Charizard, L50, M|
|poke|p1|Torkoal, L50, F|
|poke|p1|Incineroar, L50, M|
|poke|p1|Porygon2, L50|
|poke|p2|Porygon2, L50|
|poke|p2|Incineroar, L50, F|
|poke|p2|Ursaluna, L50, F|
|poke|p2|Amoonguss, L50, F|
|poke|p2|Gholdengo, L50|
|poke|p2|Dragonite, L50, F|
|teampreview|4
|showteam|p1|Ursaluna||FlameOrb|Guts|HeadlongRush,Facade,Earthquake,Protect|||F|||50|,,,,,Ghost]Jumpluff||CovertCloak|Chlorophyll|SleepPowder,SunnyDay,Tailwind,RagePowder|||M|||50|,,,,,Water]Charizard||ChoiceSpecs|SolarPower|AirSlash,HeatWave,Overheat,WeatherBall|||M|||50|,,,,,Ghost]Torkoal||EjectPack|Drought|HelpingHand,Eruption,Overheat,Protect|||F|||50|,,,,,Fire]Incineroar||SitrusBerry|Intimidate|FlareBlitz,KnockOff,PartingShot,FakeOut|||M|||50|,,,,,Ghost]Porygon2||Eviolite|Download|TeraBlast,IceBeam,Recover,TrickRoom||||||50|,,,,,Fighting
|showteam|p2|Porygon2||Eviolite|Download|TeraBlast,IceBeam,Recover,TrickRoom||||||50|,,,,,Fighting]Incineroar||SafetyGoggles|Intimidate|FakeOut,KnockOff,FlareBlitz,PartingShot|||F|||50|,,,,,Ghost]Ursaluna||FlameOrb|Guts|HeadlongRush,Facade,Earthquake,Protect|||F|||50|,,,,,Ghost]Amoonguss||SitrusBerry|Regenerator|PollenPuff,Spore,RagePowder,Protect|||F|||50|,,,,,Water]Gholdengo||LifeOrb|GoodasGold|MakeItRain,ShadowBall,NastyPlot,Protect||||||50|,,,,,Dragon]Dragonite||LoadedDice|Multiscale|ScaleShot,Haze,Tailwind,Protect|||F|||50|,,,,,Steel
|inactive|Battle timer is ON: inactive players will automatically lose when time's up. (requested by TheMochiMan)
|
|t:|1757208095
|teamsize|p1|4
|teamsize|p2|4
|start
|switch|p1a: Bobcat|Incineroar, L50, M|100/100
|switch|p1b: Gainesville|Charizard, L50, M|100/100
|switch|p2a: Dragonite|Dragonite, L50, F, shiny|100/100
|switch|p2b: Porygon2|Porygon2, L50, shiny|100/100
|-ability|p1a: Bobcat|Intimidate|boost
|-unboost|p2a: Dragonite|atk|1
|-unboost|p2b: Porygon2|atk|1
|-ability|p2b: Porygon2|Download|boost
|-boost|p2b: Porygon2|atk|1
|turn|1
|
|t:|1757208117
|switch|p1b: Slow and steady|Torkoal, L50, F|100/100
|-weather|SunnyDay|[from] ability: Drought|[of] p1b: Slow and steady
|switch|p2b: Incineroar|Incineroar, L50, F, shiny|100/100
|-ability|p2b: Incineroar|Intimidate|boost
|-unboost|p1a: Bobcat|atk|1
|-unboost|p1b: Slow and steady|atk|1
|-enditem|p1b: Slow and steady|Eject Pack
|
|t:|1757208127
|switch|p1b: Brown bear|Ursaluna, L50, F|100/100
|move|p2a: Dragonite|Protect|p2a: Dragonite
|-singleturn|p2a: Dragonite|Protect
|move|p1a: Bobcat|Fake Out|p2a: Dragonite
|-activate|p2a: Dragonite|move: Protect
|
|-weather|SunnyDay|[upkeep]
|-status|p1b: Brown bear|brn|[from] item: Flame Orb
|upkeep
|turn|2
|inactive|Blitzball Ace has 30 seconds left.
|inactive|Blitzball Ace has 20 seconds left.
|
|t:|1757208163
|move|p2a: Dragonite|Tailwind|p2a: Dragonite
|-sidestart|p2: Blitzball Ace|move: Tailwind
|move|p2b: Incineroar|Flare Blitz|p1b: Brown bear
|-damage|p1b: Brown bear|33/100 brn
|-damage|p2b: Incineroar|75/100|[from] Recoil
|move|p1a: Bobcat|Knock Off|p2a: Dragonite
|-damage|p2a: Dragonite|85/100
|-enditem|p2a: Dragonite|Loaded Dice|[from] move: Knock Off|[of] p1a: Bobcat
|move|p1b: Brown bear|Headlong Rush|p2b: Incineroar
|-supereffective|p2b: Incineroar
|-damage|p2b: Incineroar|0 fnt
|-unboost|p1b: Brown bear|def|1
|-unboost|p1b: Brown bear|spd|1
|faint|p2b: Incineroar
|
|-weather|SunnyDay|[upkeep]
|-damage|p1b: Brown bear|27/100 brn|[from] brn
|upkeep
|
|t:|1757208178
|switch|p2b: Ursaluna|Ursaluna, L50, F|100/100
|turn|3
|inactive|TheMochiMan has 30 seconds left.
|
|t:|1757208210
|switch|p1a: Gainesville|Charizard, L50, M|100/100
|move|p2b: Ursaluna|Protect|p2b: Ursaluna
|-singleturn|p2b: Ursaluna|Protect
|move|p2a: Dragonite|Scale Shot|p1b: Brown bear
|-damage|p1b: Brown bear|15/100 brn
|-damage|p1b: Brown bear|2/100 brn
|-damage|p1b: Brown bear|0 fnt
|faint|p1b: Brown bear
|-hitcount|p1: Brown bear|3
|-unboost|p2a: Dragonite|def|1
|-boost|p2a: Dragonite|spe|1
|
|-weather|SunnyDay|[upkeep]
|-damage|p1a: Gainesville|88/100|[from] ability: Solar Power|[of] p1a: Gainesville
|-status|p2b: Ursaluna|brn|[from] item: Flame Orb
|upkeep
|
|t:|1757208221
|switch|p1b: Bobcat|Incineroar, L50, M|100/100
|-ability|p1b: Bobcat|Intimidate|boost
|-unboost|p2a: Dragonite|atk|1
|-unboost|p2b: Ursaluna|atk|1
|turn|4
|
|t:|1757208240
|switch|p2b: Porygon2|Porygon2, L50, shiny|100/100
|-ability|p2b: Porygon2|Download|boost
|-boost|p2b: Porygon2|atk|1
|-terastallize|p1a: Gainesville|Ghost
|move|p2a: Dragonite|Protect|p2a: Dragonite
|-singleturn|p2a: Dragonite|Protect
|move|p1a: Gainesville|Heat Wave|p2b: Porygon2|[spread] p2b
|-activate|p2a: Dragonite|move: Protect
|-damage|p2b: Porygon2|29/100
|move|p1b: Bobcat|Knock Off|p2a: Dragonite
|-activate|p2a: Dragonite|move: Protect
|
|-weather|SunnyDay|[upkeep]
|-damage|p1a: Gainesville|76/100|[from] ability: Solar Power|[of] p1a: Gainesville
|upkeep
|turn|5
|inactive|Blitzball Ace has 30 seconds left.
|inactive|Blitzball Ace has 20 seconds left.
|inactive|Blitzball Ace has 15 seconds left.
|inactive|Blitzball Ace has 10 seconds left.
|inactive|Blitzball Ace has 5 seconds left.
|
|t:|1757208294
|move|p2a: Dragonite|Scale Shot|p1a: Gainesville
|-damage|p1a: Gainesville|65/100
|-damage|p1a: Gainesville|55/100
|-hitcount|p1a: Gainesville|2
|-unboost|p2a: Dragonite|def|1
|-boost|p2a: Dragonite|spe|1
|move|p1a: Gainesville|Heat Wave|p2b: Porygon2|[spread] p2a
|-miss|p1a: Gainesville|p2b: Porygon2
|-resisted|p2a: Dragonite
|-damage|p2a: Dragonite|26/100
|move|p2b: Porygon2|Recover|p2b: Porygon2
|-heal|p2b: Porygon2|79/100
|move|p1b: Bobcat|Flare Blitz|p2a: Dragonite
|-resisted|p2a: Dragonite
|-crit|p2a: Dragonite
|-damage|p2a: Dragonite|0 fnt
|faint|p2a: Dragonite
|-damage|p1b: Bobcat|94/100|[from] Recoil
|
|-weather|none
|-sideend|p2: Blitzball Ace|move: Tailwind
|upkeep
|
|t:|1757208304
|switch|p2a: Ursaluna|Ursaluna, L50, F|100/100 brn
|turn|6
|inactive|Blitzball Ace has 30 seconds left.
|
|t:|1757208338
|move|p1a: Gainesville|Heat Wave|p2a: Ursaluna|[spread] p2a,p2b
|-damage|p2a: Ursaluna|56/100 brn
|-damage|p2b: Porygon2|46/100
|move|p1b: Bobcat|Flare Blitz|p2a: Ursaluna
|-damage|p2a: Ursaluna|13/100 brn
|-damage|p1b: Bobcat|78/100|[from] Recoil
|move|p2a: Ursaluna|Earthquake|p1a: Gainesville|[spread] p2b,p1a,p1b
|-supereffective|p1b: Bobcat
|-damage|p2b: Porygon2|4/100
|-damage|p1a: Gainesville|0 fnt
|-damage|p1b: Bobcat|0 fnt
|faint|p1a: Gainesville
|faint|p1b: Bobcat
|move|p2b: Porygon2|Trick Room|p2b: Porygon2
|-fieldstart|move: Trick Room|[of] p2b: Porygon2
|
|-damage|p2a: Ursaluna|7/100 brn|[from] brn
|upkeep
|
|t:|1757208342
|switch|p1b: Slow and steady|Torkoal, L50, F|100/100
|-weather|SunnyDay|[from] ability: Drought|[of] p1b: Slow and steady
|turn|7
|c|☆Blitzball Ace|LOL OH NO
|c|☆TheMochiMan|:)
|
|t:|1757208357
|move|p1b: Slow and steady|Eruption|p2a: Ursaluna|[spread] p2a,p2b
|-damage|p2a: Ursaluna|0 fnt
|-damage|p2b: Porygon2|0 fnt
|faint|p2a: Ursaluna
|faint|p2b: Porygon2
|
|win|TheMochiMan
|raw|TheMochiMan's rating: 1435 → 1447(+12 for winning)
|raw|Blitzball Ace's rating: 1295 → 1280(-15 for losing)
