|j|☆BaxcaliburFan#1
|j|☆RoninKuroga
|html|BaxcaliburFan#1RoninKuroga    
|uhtml|bestof|Game 2 of a best-of-3
|t:|1782236982
|gametype|doubles
|player|p1|BaxcaliburFan#1|acetrainer-gen4dp|
|player|p2|RoninKuroga|1|
|gen|9
|tier|[Gen 9 Champions] VGC 2026 Reg M-B (Bo3)
|rule|Species Clause: Limit one of each Pokémon
|rule|Item Clause: Limit 1 of each item
|clearpoke
|poke|p1|Sceptile, L50, F|
|poke|p1|Rotom-Heat, L50|
|poke|p1|Aerodactyl, L50, M|
|poke|p1|Garchomp, L50, F|
|poke|p1|Gholdengo, L50|
|poke|p1|Sneasler, L50, M|
|poke|p2|Whimsicott, L50, M|
|poke|p2|Staraptor, L50, F|
|poke|p2|Typhlosion-Hisui, L50, F|
|poke|p2|Gholdengo, L50|
|poke|p2|Garchomp, L50, F|
|poke|p2|Tsareena, L50, F|
|teampreview|4
|showteam|p1|Sceptile||Sceptilite|Overgrow|EnergyBall,DragonPulse,EarthPower,Protect|Timid||F|||50|]Rotom-Heat||ChoiceScarf|Levitate|Overheat,Discharge,Electroweb,VoltSwitch|Timid|||||50|]Aerodactyl||FocusSash|Unnerve|DualWingbeat,RockSlide,Tailwind,WideGuard|Jolly||M|||50|]Garchomp||LifeOrb|RoughSkin|Earthquake,DragonClaw,StompingTantrum,Protect|Jolly||F|||50|]Gholdengo||MetalCoat|GoodasGold|MakeItRain,ShadowBall,NastyPlot,Protect|Modest|||||50|]Sneasler||WhiteHerb|Unburden|CloseCombat,DireClaw,FakeOut,Protect|Jolly||M|||50|
|showteam|p2|Whimsicott||FocusSash|Prankster|Tailwind,Tickle,FakeTears,Moonblast|Timid||M|||50|]Staraptor||Staraptite|Intimidate|Protect,Roost,CloseCombat,BraveBird|Adamant||F|||50|]Typhlosion-Hisui||ChoiceScarf|Blaze|ShadowBall,BurnUp,Eruption,HeatWave|Modest||F|||50|]Gholdengo||LifeOrb|GoodasGold|Protect,ShadowBall,MakeItRain,PowerGem|Modest|||||50|]Garchomp||RoseliBerry|RoughSkin|DragonClaw,PoisonJab,StompingTantrum,RockSlide|Jolly||F|||50|]Tsareena||WideLens|QueenlyMajesty|Protect,TripleAxel,PowerWhip,KnockOff|Jolly||F|||50|
|
|t:|1782237081
|teamsize|p1|4
|teamsize|p2|4
|start
|switch|p1a: Aerodactyl|Aerodactyl, L50, M|100/100
|switch|p1b: Sneasler|Sneasler, L50, M|100/100
|switch|p2a: Garchomp|Garchomp, L50, F|100/100
|switch|p2b: Whimsicott|Whimsicott, L50, M|100/100
|-ability|p1a: Aerodactyl|Unnerve
|turn|1
|
|t:|1782237113
|switch|p2b: Tsareena|Tsareena, L50, F|100/100
|move|p1b: Sneasler|Fake Out||[still]
|cant|p2b: Tsareena|ability: Queenly Majesty|Fake Out|[of] p1b: Sneasler
|move|p1a: Aerodactyl|Dual Wingbeat|p2b: Tsareena
|-supereffective|p2b: Tsareena|1
|-damage|p2b: Tsareena|54/100
|-supereffective|p2b: Tsareena|1
|-damage|p2b: Tsareena|12/100
|-hitcount|p2b: Tsareena|2
|move|p2a: Garchomp|Stomping Tantrum|p1b: Sneasler
|-supereffective|p1b: Sneasler|1
|-damage|p1b: Sneasler|6/100
|
|upkeep
|turn|2
|
|t:|1782237161
|switch|p1b: Rotom|Rotom-Heat, L50|100/100
|move|p2b: Tsareena|Protect|p2b: Tsareena
|-singleturn|p2b: Tsareena|Protect
|move|p1a: Aerodactyl|Rock Slide|p2b: Tsareena|[spread] p2a
|-activate|p2b: Tsareena|move: Protect
|-resisted|p2a: Garchomp|1
|-damage|p2a: Garchomp|87/100
|move|p2a: Garchomp|Rock Slide|p1a: Aerodactyl|[spread] p1a,p1b
|-supereffective|p1a: Aerodactyl|1
|-supereffective|p1b: Rotom|1
|-damage|p1a: Aerodactyl|38/100
|-damage|p1b: Rotom|48/100
|
|upkeep
|turn|3
|
|t:|1782237187
|move|p1a: Aerodactyl|Wide Guard|p1a: Aerodactyl
|-singleturn|p1a: Aerodactyl|Wide Guard
|move|p1b: Rotom|Volt Switch|p2b: Tsareena
|-resisted|p2b: Tsareena|1
|-damage|p2b: Tsareena|0 fnt
|faint|p2b: Tsareena
|
|t:|1782237201
|switch|p1b: Sneasler|Sneasler, L50, M|6/100|[from] Volt Switch
|move|p2a: Garchomp|Dragon Claw|p1b: Sneasler
|-damage|p1b: Sneasler|0 fnt
|faint|p1b: Sneasler
|
|upkeep
|
|t:|1782237216
|switch|p1b: Sceptile|Sceptile, L50, F|100/100
|switch|p2b: Whimsicott|Whimsicott, L50, M|100/100
|turn|4
|
|t:|1782237234
|detailschange|p1b: Sceptile|Sceptile-Mega, L50, F
|-mega|p1b: Sceptile|Sceptile|Sceptilite
|move|p1b: Sceptile|Protect|p1b: Sceptile
|-singleturn|p1b: Sceptile|Protect
|move|p2b: Whimsicott|Tailwind|p2b: Whimsicott
|-sidestart|p2: RoninKuroga|move: Tailwind
|move|p2a: Garchomp|Poison Jab|p1b: Sceptile
|-activate|p1b: Sceptile|move: Protect
|move|p1a: Aerodactyl|Tailwind|p1a: Aerodactyl
|-sidestart|p1: BaxcaliburFan#1|move: Tailwind
|
|upkeep
|turn|5
|
|t:|1782237257
|move|p2b: Whimsicott|Tickle|p1b: Sceptile
|-unboost|p1b: Sceptile|atk|1
|-unboost|p1b: Sceptile|def|1
|move|p1b: Sceptile|Dragon Pulse|p2a: Garchomp
|-supereffective|p2a: Garchomp|1
|-damage|p2a: Garchomp|0 fnt
|faint|p2a: Garchomp
|move|p1a: Aerodactyl|Dual Wingbeat|p2b: Whimsicott
|-supereffective|p2b: Whimsicott|1
|-damage|p2b: Whimsicott|41/100
|-supereffective|p2b: Whimsicott|1
|-damage|p2b: Whimsicott|0 fnt
|faint|p2b: Whimsicott
|-hitcount|p2: Whimsicott|2
|
|upkeep
|
|t:|1782237283
|switch|p2b: Staraptor|Staraptor, L50, F|100/100
|-ability|p2b: Staraptor|Intimidate|boost
|-unboost|p1a: Aerodactyl|atk|1
|-unboost|p1b: Sceptile|atk|1
|turn|6
|
|t:|1782237299
|detailschange|p2b: Staraptor|Staraptor-Mega, L50, F
|-mega|p2b: Staraptor|Staraptor|Staraptite
|move|p1b: Sceptile|Dragon Pulse|p2b: Staraptor
|-damage|p2b: Staraptor|40/100
|move|p1a: Aerodactyl|Dual Wingbeat|p2b: Staraptor
|-supereffective|p2b: Staraptor|1
|-damage|p2b: Staraptor|14/100
|-supereffective|p2b: Staraptor|1
|-damage|p2b: Staraptor|0 fnt
|faint|p2b: Staraptor
|-hitcount|p2: Staraptor|2
|
|win|BaxcaliburFan#1
