|j|☆KingBlueFang
|j|☆xMiQux
|html|KingBlueFangxMiQux    
|uhtml|bestof|Game 1 of a best-of-3
|t:|1782240407
|gametype|doubles
|player|p1|KingBlueFang|1|1052
|player|p2|xMiQux|red|1020
|gen|9
|tier|[Gen 9 Champions] VGC 2026 Reg M-B (Bo3)
|rated|
|rule|Species Clause: Limit one of each Pokémon
|rule|Item Clause: Limit 1 of each item
|clearpoke
|poke|p1|Swampert, L50, F|
|poke|p1|Pelipper, L50, M|
|poke|p1|Archaludon, L50, F|
|poke|p1|Mawile, L50, F|
|poke|p1|Basculegion, L50, M|
|poke|p1|Sceptile, L50, M|
|poke|p2|Staraptor, L50, M, shiny|
|poke|p2|Whimsicott, L50, F|
|poke|p2|Basculegion, L50, M|
|poke|p2|Garchomp, L50, F|
|poke|p2|Raichu, L50, F, shiny|
|poke|p2|Espathra, L50, M|
|teampreview|4
|showteam|p1|Swampert||Swampertite|Torrent|WaveCrash,RockSlide,Protect,StompingTantrum|Adamant||F|||50|]Pelipper||SitrusBerry|Drizzle|WeatherBall,Hurricane,WideGuard,HelpingHand|Modest||M|||50|]Archaludon||ChopleBerry|Stamina|Protect,FlashCannon,DracoMeteor,ElectroShot|Modest||F|||50|]Mawile||Mawilite|Intimidate|SuckerPunch,IronHead,SwordsDance,PlayRough|Adamant||F|||50|]Basculegion||LifeOrb|SwiftSwim|WaveCrash,LastRespects,Protect,AquaJet|Adamant||M|||50|]Sceptile||WhiteHerb|Unburden|LeafStorm,EarthPower,DragonPulse,Protect|Adamant||M|||50|
|showteam|p2|Staraptor||Staraptite|Intimidate|CloseCombat,Protect,SteelWing,AerialAce|Jolly||M|||50|]Whimsicott||FocusSash|Prankster|Charm,Tailwind,Protect,Moonblast|Timid||F|||50|]Basculegion||ChoiceScarf|Adaptability|WaveCrash,AquaJet,FlipTurn,LastRespects|Adamant||M|||50|]Garchomp||LifeOrb|RoughSkin|DragonClaw,Crunch,RockSlide,Earthquake|Adamant||F|||50|]Raichu||Leftovers|LightningRod|VoltSwitch,FakeOut,IronTail,Nuzzle|Jolly||F|||50|]Espathra||LightClay|Frisk|Reflect,Hypnosis,LightScreen,SkillSwap|Timid||M|||50|
|l|☆xMiQux
|player|p2|
|j|☆xMiQux
|player|p2|xMiQux|red|
|inactive|Battle timer is ON: inactive players will automatically lose when time's up. (requested by KingBlueFang)
|
|t:|1782240463
|teamsize|p1|4
|teamsize|p2|4
|start
|switch|p1a: Mawile|Mawile, L50, F|100/100
|switch|p1b: Archaludon|Archaludon, L50, F|100/100
|switch|p2a: Garchomp|Garchomp, L50, F|100/100
|switch|p2b: Staraptor|Staraptor, L50, M, shiny|100/100
|-ability|p2b: Staraptor|Intimidate|boost
|-unboost|p1a: Mawile|atk|1
|-unboost|p1b: Archaludon|atk|1
|-ability|p1a: Mawile|Intimidate|boost
|-unboost|p2a: Garchomp|atk|1
|-unboost|p2b: Staraptor|atk|1
|turn|1
|
|t:|1782240484
|switch|p1a: Pelipper|Pelipper, L50, M|100/100
|-weather|RainDance|[from] ability: Drizzle|[of] p1a: Pelipper
|detailschange|p2b: Staraptor|Staraptor-Mega, L50, M, shiny
|-mega|p2b: Staraptor|Staraptor|Staraptite
|move|p2b: Staraptor|Close Combat|p1a: Pelipper
|-resisted|p1a: Pelipper|1
|-damage|p1a: Pelipper|76/100
|-boost|p2b: Staraptor|def|1
|-boost|p2b: Staraptor|spd|1
|move|p2a: Garchomp|Earthquake|p1a: Pelipper|[spread] p1b
|-immune|p2b: Staraptor
|-immune|p1a: Pelipper
|-supereffective|p1b: Archaludon|1
|-damage|p1b: Archaludon|41/100
|-ability|p1b: Archaludon|Stamina|boost
|-boost|p1b: Archaludon|def|1
|-damage|p2a: Garchomp|90/100|[from] item: Life Orb
|move|p1b: Archaludon|Electro Shot||[still]
|-prepare|p1b: Archaludon|Electro Shot
|-boost|p1b: Archaludon|spa|1
|-anim|p1b: Archaludon|Electro Shot|p2b: Staraptor
|-supereffective|p2b: Staraptor|1
|-damage|p2b: Staraptor|0 fnt
|faint|p2b: Staraptor
|
|-weather|RainDance|[upkeep]
|upkeep
|
|t:|1782240508
|switch|p2b: Basculegion|Basculegion, L50, M|100/100
|turn|2
|
|t:|1782240519
|move|p1b: Archaludon|Protect|p1b: Archaludon
|-singleturn|p1b: Archaludon|Protect
|move|p2b: Basculegion|Wave Crash|p1b: Archaludon
|-activate|p1b: Archaludon|move: Protect
|move|p2a: Garchomp|Rock Slide|p1b: Archaludon|[spread] p1a
|-activate|p1b: Archaludon|move: Protect
|-supereffective|p1a: Pelipper|1
|-damage|p1a: Pelipper|34/100
|-enditem|p1a: Pelipper|Sitrus Berry|[eat]
|-heal|p1a: Pelipper|58/100|[from] item: Sitrus Berry
|-damage|p2a: Garchomp|80/100|[from] item: Life Orb
|move|p1a: Pelipper|Weather Ball|p2a: Garchomp
|-damage|p2a: Garchomp|21/100
|
|-weather|RainDance|[upkeep]
|upkeep
|turn|3
|inactive|KingBlueFang has 30 seconds left.
|inactive|KingBlueFang has 20 seconds left.
|
|t:|1782240555
|move|p1a: Pelipper|Wide Guard|p1a: Pelipper
|-singleturn|p1a: Pelipper|Wide Guard
|move|p2b: Basculegion|Wave Crash|p1b: Archaludon
|-resisted|p1b: Archaludon|1
|-damage|p1b: Archaludon|6/100
|-ability|p1b: Archaludon|Stamina|boost
|-boost|p1b: Archaludon|def|1
|-damage|p2b: Basculegion|90/100|[from] Recoil
|move|p2a: Garchomp|Rock Slide|p1a: Pelipper|[spread] 
|-activate|p1a: Pelipper|move: Wide Guard
|-activate|p1b: Archaludon|move: Wide Guard
|move|p1b: Archaludon|Electro Shot||[still]
|-prepare|p1b: Archaludon|Electro Shot
|-boost|p1b: Archaludon|spa|1
|-anim|p1b: Archaludon|Electro Shot|p2b: Basculegion
|-supereffective|p2b: Basculegion|1
|-damage|p2b: Basculegion|0 fnt
|faint|p2b: Basculegion
|
|-weather|RainDance|[upkeep]
|upkeep
|
|t:|1782240574
|switch|p2b: Whimsicott|Whimsicott, L50, F|100/100
|turn|4
|
|t:|1782240591
|move|p2a: Garchomp|Dragon Claw|p1b: Archaludon
|-damage|p1b: Archaludon|0 fnt
|faint|p1b: Archaludon
|-damage|p2a: Garchomp|11/100|[from] item: Life Orb
|move|p2b: Whimsicott|Moonblast|p1a: Pelipper
|-damage|p1a: Pelipper|31/100
|move|p1a: Pelipper|Hurricane|p2b: Whimsicott
|-supereffective|p2b: Whimsicott|1
|-enditem|p2b: Whimsicott|Focus Sash
|-damage|p2b: Whimsicott|1/100
|-start|p2b: Whimsicott|confusion
|
|-weather|RainDance|[upkeep]
|upkeep
|
|t:|1782240603
|switch|p1b: Mawile|Mawile, L50, F|100/100
|-ability|p1b: Mawile|Intimidate|boost
|-unboost|p2a: Garchomp|atk|1
|-unboost|p2b: Whimsicott|atk|1
|turn|5
|-message|xMiQux forfeited.
|
|win|KingBlueFang
|l|☆xMiQux
|player|p2|
|l|☆KingBlueFang
|player|p1|
||xMiQux is ready for game 2.
||KingBlueFang is ready for game 2.
|uhtml|next|Next: Game 2 of 3
|j|☆xMiQux
|player|p2|xMiQux|red|
