|j|☆phact
|j|☆ishallnotusename
|html|phactishallnotusename    
|uhtml|bestof|Game 1 of a best-of-3
|t:|1785762440
|gametype|doubles
|player|p1|phact|steven|1156
|player|p2|ishallnotusename|pokemaniac|1045
|gen|9
|tier|[Gen 9 Champions] VGC 2026 Reg M-B (Bo3)
|rated|
|rule|Species Clause: Limit one of each Pokémon
|rule|Item Clause: Limit 1 of each item
|clearpoke
|poke|p1|Whimsicott, L50, F, shiny|
|poke|p1|Metagross, L50, shiny|
|poke|p1|Farigiraf, L50, M, shiny|
|poke|p1|Staraptor, L50, M, shiny|
|poke|p1|Milotic, L50, F, shiny|
|poke|p1|Arcanine-Hisui, L50, M, shiny|
|poke|p2|Blaziken, L50, M|
|poke|p2|Aerodactyl, L50, F|
|poke|p2|Kingambit, L50, F|
|poke|p2|Basculegion, L50, M|
|poke|p2|Sylveon, L50, F|
|poke|p2|Torkoal, L50, F|
|teampreview|4
|showteam|p1|Whimsicott||FocusSash|Prankster|Tailwind,Charm,LightScreen,Moonblast|Timid||F|||50|]Metagross||Metagrossite|ClearBody|IronHead,PsychicFangs,IcePunch,Protect|Adamant|||||50|]Farigiraf||SitrusBerry|ArmorTail|TrickRoom,Psychic,DazzlingGleam,HelpingHand|Bold||M|||50|]Staraptor||Staraptite|Intimidate|CloseCombat,BraveBird,Roost,Protect|Jolly||M|||50|]Milotic||Leftovers|Competitive|Scald,IcyWind,LifeDew,Protect|Bold||F|||50|]Arcanine-Hisui||LifeOrb|RockHead|HeadSmash,FlareBlitz,ExtremeSpeed,Protect|Adamant||M|||50|
|showteam|p2|Blaziken||Blazikenite|SpeedBoost|FlareBlitz,CloseCombat,Protect,RockSlide|Adamant||M|||50|]Aerodactyl||Aerodactylite|Unnerve|RockSlide,DualWingbeat,IceFang,Tailwind|Jolly||F|||50|]Kingambit||LifeOrb|Defiant|KowtowCleave,Protect,IronHead,SuckerPunch|Adamant||F|||50|]Basculegion||FocusSash|Adaptability|Liquidation,Protect,LastRespects,AquaJet|Adamant||M|||50|]Sylveon||FairyFeather|Pixilate|HyperVoice,Moonblast,QuickAttack,Protect|Modest||F|||50|]Torkoal||Leftovers|Drought|BurningJealousy,WeatherBall,Protect,Yawn|Relaxed||F|||50|
|inactive|Battle timer is ON: inactive players will automatically lose when time's up. (requested by ishallnotusename)
|inactive|phact has 60 seconds left.
|
|t:|1785762568
|teamsize|p1|4
|teamsize|p2|4
|start
|switch|p1a: Cotton puff|Whimsicott, L50, F, shiny|100/100
|switch|p1b: Legendary|Arcanine-Hisui, L50, M, shiny|100/100
|switch|p2a: Kingambit|Kingambit, L50, F|100/100
|switch|p2b: Sylveon|Sylveon, L50, F|100/100
|turn|1
|inactive|ishallnotusename has 30 seconds left.
|
|t:|1785762599
|switch|p2a: Basculegion|Basculegion, L50, M|100/100
|move|p1a: Cotton puff|Tailwind|p1a: Cotton puff
|-sidestart|p1: phact|move: Tailwind
|move|p1b: Legendary|Head Smash|p2b: Sylveon
|-damage|p2b: Sylveon|0 fnt
|faint|p2b: Sylveon
|-damage|p1b: Legendary|90/100|[from] item: Life Orb
|
|upkeep
|
|t:|1785762612
|switch|p2b: Kingambit|Kingambit, L50, F|100/100
|turn|2
|
|t:|1785762622
|switch|p1a: Zebra|Farigiraf, L50, M, shiny|100/100
|move|p1b: Legendary|Head Smash|p2a: Basculegion
|-enditem|p2a: Basculegion|Focus Sash
|-damage|p2a: Basculegion|1/100
|-damage|p1b: Legendary|80/100|[from] item: Life Orb
|move|p2a: Basculegion|Liquidation|p1b: Legendary
|-supereffective|p1b: Legendary|2
|-damage|p1b: Legendary|0 fnt
|faint|p1b: Legendary
|move|p2b: Kingambit|Iron Head|p1a: Zebra
|-damage|p1a: Zebra|45/100
|-enditem|p1a: Zebra|Sitrus Berry|[eat]
|-heal|p1a: Zebra|70/100|[from] item: Sitrus Berry
|-damage|p2b: Kingambit|90/100|[from] item: Life Orb
|
|upkeep
|
|t:|1785762638
|switch|p1b: Cotton puff|Whimsicott, L50, F, shiny|100/100
|turn|3
|
|t:|1785762661
|move|p1a: Zebra|Helping Hand|p1b: Cotton puff
|-singleturn|p1b: Cotton puff|Helping Hand|[of] p1a: Zebra
|move|p2a: Basculegion|Protect|p2a: Basculegion
|-singleturn|p2a: Basculegion|Protect
|move|p1b: Cotton puff|Moonblast|p2b: Kingambit
|-damage|p2b: Kingambit|37/100
|move|p2b: Kingambit|Kowtow Cleave|p1a: Zebra
|-supereffective|p1a: Zebra|1
|-damage|p1a: Zebra|0 fnt
|faint|p1a: Zebra
|-damage|p2b: Kingambit|28/100|[from] item: Life Orb
|
|upkeep
|
|t:|1785762670
|switch|p1a: Buddy|Staraptor, L50, M, shiny|100/100
|-ability|p1a: Buddy|Intimidate|boost
|-unboost|p2a: Basculegion|atk|1
|-unboost|p2b: Kingambit|atk|1
|-ability|p2b: Kingambit|Defiant|boost
|-boost|p2b: Kingambit|atk|2
|turn|4
|inactive|ishallnotusename has 30 seconds left.
|
|t:|1785762700
|switch|p2a: Aerodactyl|Aerodactyl, L50, F|100/100
|-ability|p2a: Aerodactyl|Unnerve
|detailschange|p1a: Buddy|Staraptor-Mega, L50, M, shiny
|-mega|p1a: Buddy|Staraptor|Staraptite
|move|p2b: Kingambit|Sucker Punch|p1a: Buddy
|-resisted|p1a: Buddy|1
|-damage|p1a: Buddy|59/100
|-damage|p2b: Kingambit|18/100|[from] item: Life Orb
|move|p1b: Cotton puff|Moonblast|p2a: Aerodactyl
|-damage|p2a: Aerodactyl|52/100
|move|p1a: Buddy|Close Combat|p2b: Kingambit
|-supereffective|p2b: Kingambit|2
|-damage|p2b: Kingambit|0 fnt
|-boost|p1a: Buddy|def|1
|-boost|p1a: Buddy|spd|1
|faint|p2b: Kingambit
|
|-sideend|p1: phact|move: Tailwind
|upkeep
|
|t:|1785762712
|switch|p2b: Basculegion|Basculegion, L50, M|1/100
|turn|5
|
|t:|1785762726
|detailschange|p2a: Aerodactyl|Aerodactyl-Mega, L50, F
|-mega|p2a: Aerodactyl|Aerodactyl|Aerodactylite
|move|p1b: Cotton puff|Tailwind|p1b: Cotton puff
|-sidestart|p1: phact|move: Tailwind
|move|p1a: Buddy|Close Combat|p2a: Aerodactyl
|-damage|p2a: Aerodactyl|0 fnt
|-boost|p1a: Buddy|def|1
|-boost|p1a: Buddy|spd|1
|faint|p2a: Aerodactyl
|move|p2b: Basculegion|Last Respects|p1a: Buddy
|-damage|p1a: Buddy|0 fnt
|faint|p1a: Buddy
|
|upkeep
|turn|6
|-message|ishallnotusename forfeited.
|
|win|phact
||ishallnotusename is ready for game 2.
||phact is ready for game 2.
|uhtml|next|Next: Game 2 of 3
|l|☆phact
|player|p1|
