|j|☆BasedRen
|j|☆Zane1571
|html|BasedRenZane1571    
|uhtml|bestof|Game 2 of a best-of-3
|t:|1757019653
|gametype|doubles
|player|p1|BasedRen|170|1174
|player|p2|Zane1571|red|1042
|gen|9
|tier|[Gen 9] VGC 2025 Reg H (Bo3)
|rated|
|rule|Species Clause: Limit one of each Pokémon
|rule|Item Clause: Limit 1 of each item
|clearpoke
|poke|p1|Corviknight, L50, M|
|poke|p1|Blaziken, L50, F|
|poke|p1|Ceruledge, L50, F|
|poke|p1|Primarina, L50, F|
|poke|p1|Murkrow, L50, M|
|poke|p1|Zoroark-Hisui, L50, M|
|poke|p2|Amoonguss, L50, F|
|poke|p2|Incineroar, L50, M|
|poke|p2|Ursaluna-Bloodmoon, L50, M|
|poke|p2|Indeedee-F, L50, F|
|poke|p2|Hatterene, L50, F|
|poke|p2|Torkoal, L50, M|
|teampreview|4
|showteam|p1|Corviknight||SafetyGoggles|MirrorArmor|IronHead,BraveBird,Roost,Taunt|||M|||50|,,,,,Dragon]Blaziken||FocusSash|SpeedBoost|Coaching,Protect,Overheat,AuraSphere|||F|||50|,,,,,Flying]Ceruledge||ClearAmulet|FlashFire|BitterBlade,SolarBlade,ShadowSneak,CloseCombat|||F|||50|,,,,,Grass]Primarina||ThroatSpray|LiquidVoice|Moonblast,HyperVoice,MistyTerrain,Protect|||F|||50|,,,,,Fairy]Murkrow||Eviolite|Prankster|Tailwind,FoulPlay,Haze,SunnyDay|||M|||50|,,,,,Ghost]Zoroark-Hisui||ChoiceSpecs|Illusion|BitterMalice,HyperVoice,HyperBeam,FocusBlast|||M|||50|,,,,,Normal
|showteam|p2|Amoonguss||RockyHelmet|Regenerator|Spore,RagePowder,Protect,SludgeBomb|||F|||50|,,,,,Water]Incineroar||SafetyGoggles|Intimidate|FakeOut,FlareBlitz,KnockOff,PartingShot|||M|||50|,,,,,Grass]Ursaluna-Bloodmoon||LifeOrb|MindsEye|BloodMoon,HyperVoice,EarthPower,Protect|||M|||50|,,,,,Normal]Indeedee-F||SitrusBerry|PsychicSurge|FollowMe,TrickRoom,Protect,Psychic|||F|||50|,,,,,Dark]Hatterene||Leftovers|MagicBounce|TrickRoom,ExpandingForce,DazzlingGleam,Protect|||F|||50|,,,,,Steel]Torkoal||ChoiceSpecs|Drought|Eruption,HeatWave,SolarBeam,Overheat|||M|||50|,,,,,Fire
|inactive|Battle timer is ON: inactive players will automatically lose when time's up. (requested by Zane1571)
|inactive|BasedRen has 60 seconds left.
|
|t:|1757019688
|teamsize|p1|4
|teamsize|p2|4
|start
|switch|p1a: Corviknight|Corviknight, L50, M|100/100
|switch|p1b: Primarina|Primarina, L50, F|100/100
|switch|p2a: Amoonguss|Amoonguss, L50, F, shiny|100/100
|switch|p2b: Indeedee|Indeedee-F, L50, F|100/100
|-fieldstart|move: Psychic Terrain|[from] ability: Psychic Surge|[of] p2b: Indeedee
|turn|1
|
|t:|1757019705
|move|p1a: Corviknight|Taunt|p2b: Indeedee
|-start|p2b: Indeedee|move: Taunt
|move|p1b: Primarina|Misty Terrain|p1b: Primarina
|-fieldstart|move: Misty Terrain
|move|p2a: Amoonguss|Sludge Bomb|p1b: Primarina
|-supereffective|p1b: Primarina
|-crit|p1b: Primarina
|-damage|p1b: Primarina|30/100
|cant|p2b: Indeedee|move: Taunt|Trick Room
|
|upkeep
|turn|2
|inactive|BasedRen has 30 seconds left.
|
|t:|1757019737
|-terastallize|p2a: Amoonguss|Water
|move|p1b: Primarina|Protect|p1b: Primarina
|-singleturn|p1b: Primarina|Protect
|move|p2b: Indeedee|Psychic|p1a: Corviknight
|-resisted|p1a: Corviknight
|-damage|p1a: Corviknight|87/100
|move|p1a: Corviknight|Brave Bird|p2a: Amoonguss
|-damage|p2a: Amoonguss|66/100
|-damage|p1a: Corviknight|70/100|[from] item: Rocky Helmet|[of] p2a: Amoonguss
|-damage|p1a: Corviknight|58/100|[from] Recoil
|move|p2a: Amoonguss|Sludge Bomb|p1b: Primarina
|-activate|p1b: Primarina|move: Protect
|
|upkeep
|turn|3
|inactive|BasedRen has 30 seconds left.
|inactive|BasedRen has 20 seconds left.
|inactive|BasedRen has 15 seconds left.
|
|t:|1757019778
|move|p2b: Indeedee|Psychic|p1a: Corviknight
|-resisted|p1a: Corviknight
|-damage|p1a: Corviknight|46/100
|move|p1a: Corviknight|Iron Head|p2b: Indeedee
|-damage|p2b: Indeedee|68/100
|move|p1b: Primarina|Moonblast|p2b: Indeedee
|-damage|p2b: Indeedee|36/100
|-enditem|p2b: Indeedee|Sitrus Berry|[eat]
|-heal|p2b: Indeedee|60/100|[from] item: Sitrus Berry
|move|p2a: Amoonguss|Sludge Bomb|p1b: Primarina
|-supereffective|p1b: Primarina
|-damage|p1b: Primarina|0 fnt
|faint|p1b: Primarina
|
|-end|p2b: Indeedee|move: Taunt
|upkeep
|
|t:|1757019792
|switch|p1b: Blaziken|Blaziken, L50, F, shiny|100/100
|turn|4
|
|t:|1757019804
|move|p2a: Amoonguss|Protect|p2a: Amoonguss
|-singleturn|p2a: Amoonguss|Protect
|move|p1b: Blaziken|Coaching|p1a: Corviknight
|-boost|p1a: Corviknight|atk|1
|-boost|p1a: Corviknight|def|1
|move|p1a: Corviknight|Taunt|p2b: Indeedee
|-start|p2b: Indeedee|move: Taunt
|cant|p2b: Indeedee|move: Taunt|Trick Room
|
|-ability|p1b: Blaziken|Speed Boost|boost
|-boost|p1b: Blaziken|spe|1
|upkeep
|turn|5
|
|t:|1757019819
|switch|p2b: Ursaluna|Ursaluna-Bloodmoon, L50, M|100/100
|move|p1b: Blaziken|Coaching|p1a: Corviknight
|-boost|p1a: Corviknight|atk|1
|-boost|p1a: Corviknight|def|1
|move|p1a: Corviknight|Roost|p1a: Corviknight
|-heal|p1a: Corviknight|96/100
|-singleturn|p1a: Corviknight|move: Roost
|move|p2a: Amoonguss|Sludge Bomb|p1b: Blaziken
|-damage|p1b: Blaziken|58/100
|
|-fieldend|Misty Terrain
|-ability|p1b: Blaziken|Speed Boost|boost
|-boost|p1b: Blaziken|spe|1
|upkeep
|turn|6
|inactive|BasedRen has 30 seconds left.
|
|t:|1757019846
|move|p2b: Ursaluna|Protect|p2b: Ursaluna
|-singleturn|p2b: Ursaluna|Protect
|move|p1b: Blaziken|Coaching|p1a: Corviknight
|-boost|p1a: Corviknight|atk|1
|-boost|p1a: Corviknight|def|1
|move|p1a: Corviknight|Brave Bird|p2a: Amoonguss
|-damage|p2a: Amoonguss|0 fnt
|-damage|p1a: Corviknight|80/100|[from] item: Rocky Helmet|[of] p2a: Amoonguss
|faint|p2a: Amoonguss
|-damage|p1a: Corviknight|57/100|[from] Recoil
|
|-ability|p1b: Blaziken|Speed Boost|boost
|-boost|p1b: Blaziken|spe|1
|upkeep
|
|t:|1757019855
|switch|p2a: Indeedee|Indeedee-F, L50, F|60/100
|-fieldstart|move: Psychic Terrain|[from] ability: Psychic Surge|[of] p2a: Indeedee
|turn|7
|
|t:|1757019872
|move|p1b: Blaziken|Protect|p1b: Blaziken
|-singleturn|p1b: Blaziken|Protect
|move|p2a: Indeedee|Follow Me|p2a: Indeedee
|-singleturn|p2a: Indeedee|move: Follow Me
|move|p1a: Corviknight|Brave Bird|p2a: Indeedee
|-damage|p2a: Indeedee|0 fnt
|faint|p2a: Indeedee
|-damage|p1a: Corviknight|39/100|[from] Recoil
|move|p2b: Ursaluna|Blood Moon|p1a: Corviknight
|-resisted|p1a: Corviknight
|-crit|p1a: Corviknight
|-damage|p1a: Corviknight|0 fnt
|faint|p1a: Corviknight
|-damage|p2b: Ursaluna|91/100|[from] item: Life Orb
|
|-ability|p1b: Blaziken|Speed Boost|boost
|-boost|p1b: Blaziken|spe|1
|upkeep
|
|t:|1757019885
|switch|p2a: Torkoal|Torkoal, L50, M|100/100
|switch|p1a: Ceruledge|Ceruledge, L50, F|100/100
|-weather|SunnyDay|[from] ability: Drought|[of] p2a: Torkoal
|turn|8
|
|t:|1757019908
|-terastallize|p1a: Ceruledge|Grass
|move|p1b: Blaziken|Coaching|p1a: Ceruledge
|-boost|p1a: Ceruledge|atk|1
|-boost|p1a: Ceruledge|def|1
|move|p1a: Ceruledge|Solar Blade||[still]
|-prepare|p1a: Ceruledge|Solar Blade
|-anim|p1a: Ceruledge|Solar Blade|p2b: Ursaluna
|-supereffective|p2b: Ursaluna
|-damage|p2b: Ursaluna|0 fnt
|faint|p2b: Ursaluna
|move|p2a: Torkoal|Solar Beam||[still]
|-prepare|p2a: Torkoal|Solar Beam
|-anim|p2a: Torkoal|Solar Beam|p1a: Ceruledge
|-resisted|p1a: Ceruledge
|-damage|p1a: Ceruledge|69/100
|
|-weather|SunnyDay|[upkeep]
|-ability|p1b: Blaziken|Speed Boost|boost
|-boost|p1b: Blaziken|spe|1
|upkeep
|turn|9
|
|t:|1757019925
|move|p1b: Blaziken|Coaching|p1a: Ceruledge
|-boost|p1a: Ceruledge|atk|1
|-boost|p1a: Ceruledge|def|1
|move|p1a: Ceruledge|Bitter Blade|p2a: Torkoal
|-resisted|p2a: Torkoal
|-damage|p2a: Torkoal|42/100
|-heal|p1a: Ceruledge|100/100|[from] drain|[of] p2a: Torkoal
|move|p2a: Torkoal|Solar Beam||[still]
|-prepare|p2a: Torkoal|Solar Beam
|-anim|p2a: Torkoal|Solar Beam|p1a: Ceruledge
|-resisted|p1a: Ceruledge
|-damage|p1a: Ceruledge|69/100
|
|-weather|SunnyDay|[upkeep]
|-ability|p1b: Blaziken|Speed Boost|boost
|-boost|p1b: Blaziken|spe|1
|upkeep
|turn|10
|-message|Zane1571 forfeited.
|
|win|BasedRen
|raw|BasedRen's rating: 1174 → 1190(+16 for winning)
|raw|Zane1571's rating: 1042 → 1032(-10 for losing)
|l|☆Zane1571
|player|p2|
