|j|☆morgie d timmy
|j|☆Minedea101
|html|morgie d timmyMinedea101    
|uhtml|bestof|Game 1 of a best-of-3
|t:|1783971168
|gametype|doubles
|player|p1|morgie d timmy|169|
|player|p2|Minedea101|skyla|
|gen|9
|tier|[Gen 9 Champions] VGC 2026 Reg M-B (Bo3)
|rule|Species Clause: Limit one of each Pokémon
|rule|Item Clause: Limit 1 of each item
|clearpoke
|poke|p1|Archaludon, L50, M|
|poke|p1|Charizard, L50, F|
|poke|p1|Grimmsnarl, L50, M|
|poke|p1|Basculegion, L50, M|
|poke|p1|Pelipper, L50, F|
|poke|p1|Venusaur, L50, M|
|poke|p2|Eelektross, L50, F|
|poke|p2|Whimsicott, L50, F, shiny|
|poke|p2|Garchomp, L50, M|
|poke|p2|Basculegion, L50, M|
|poke|p2|Kingambit, L50, F|
|poke|p2|Charizard, L50, F, shiny|
|teampreview|4
|showteam|p1|Archaludon||Leftovers|Stamina|FlashCannon,ElectroShot,DragonPulse,Protect|Calm||M|||50|]Charizard||CharizarditeY|Blaze|HeatWave,SolarBeam,WeatherBall,Protect|Modest||F|||50|]Grimmsnarl||LightClay|Prankster|Reflect,PartingShot,LightScreen,SpiritBreak|Careful||M|||50|]Basculegion||ChoiceScarf|Adaptability|AquaJet,FlipTurn,WaveCrash,LastRespects|Adamant||M|||50|]Pelipper||SitrusBerry|Drizzle|WideGuard,Tailwind,WeatherBall,Hurricane|Calm||F|||50|]Venusaur||FocusSash|Chlorophyll|SleepPowder,SludgeBomb,Protect,EarthPower|Timid||M|||50|
|showteam|p2|Eelektross||Eelektrossite|Levitate|Coil,DrainPunch,Protect,WildCharge|Careful||F|||50|]Whimsicott||FairyFeather|Prankster|Tailwind,Encore,Protect,Moonblast|Timid||F|||50|]Garchomp||LifeOrb|RoughSkin|ScaleShot,Protect,Earthquake,RockSlide|Jolly||M|||50|]Basculegion||SitrusBerry|Adaptability|AquaJet,LastRespects,Protect,WaveCrash|Adamant||M|||50|]Kingambit||FocusSash|Defiant|IronHead,LowKick,KowtowCleave,SuckerPunch|Adamant||F|||50|]Charizard||CharizarditeY|Blaze|SolarBeam,HeatWave,WeatherBall,Protect|Modest||F|||50|
|inactive|Battle timer is ON: inactive players will automatically lose when time's up. (requested by Minedea101)
|inactiveoff|Battle timer is now OFF.
|c|☆morgie d timmy|just waiting on team
|c|☆morgie d timmy|sorry just a little bit longer
|l|☆morgie d timmy
|player|p1|
|j|☆morgie d timmy
|player|p1|morgie d timmy|169|
|j| celaerity
|c|☆morgie d timmy|teams nearly ready
|c|☆morgie d timmy|they here
|
|t:|1783971609
|teamsize|p1|4
|teamsize|p2|4
|start
|switch|p1a: Charizard|Charizard, L50, F|100/100
|switch|p1b: Grimmsnarl|Grimmsnarl, L50, M|100/100
|switch|p2a: Asbestos|Whimsicott, L50, F, shiny|100/100
|switch|p2b: 1980s Gamer|Charizard, L50, F, shiny|100/100
|turn|1
|c|☆Minedea101|glhf
|j| Jim9174
|c|☆morgie d timmy|glhf
|
|t:|1783971740
|switch|p2b: 410bn dead cops|Garchomp, L50, M|100/100
|detailschange|p1a: Charizard|Charizard-Mega-Y, L50, F
|-mega|p1a: Charizard|Charizard|Charizardite Y
|-weather|SunnyDay|[from] ability: Drought|[of] p1a: Charizard
|move|p2a: Asbestos|Protect|p2a: Asbestos
|-singleturn|p2a: Asbestos|Protect
|move|p1b: Grimmsnarl|Light Screen|p1b: Grimmsnarl
|-sidestart|p1: morgie d timmy|move: Light Screen
|move|p1a: Charizard|Heat Wave|p2b: 410bn dead cops|[spread] 
|-activate|p2a: Asbestos|move: Protect
|-miss|p1a: Charizard|p2b: 410bn dead cops
|
|-weather|SunnyDay|[upkeep]
|upkeep
|turn|2
|
|t:|1783971977
|move|p1a: Charizard|Protect|p1a: Charizard
|-singleturn|p1a: Charizard|Protect
|move|p1b: Grimmsnarl|Reflect|p1b: Grimmsnarl
|-sidestart|p1: morgie d timmy|Reflect
|move|p2a: Asbestos|Moonblast|p1a: Charizard
|-activate|p1a: Charizard|move: Protect
|move|p2b: 410bn dead cops|Rock Slide|p1b: Grimmsnarl|[spread] p1b
|-activate|p1a: Charizard|move: Protect
|-damage|p1b: Grimmsnarl|82/100
|-damage|p2b: 410bn dead cops|90/100|[from] item: Life Orb
|
|-weather|SunnyDay|[upkeep]
|upkeep
|turn|3
|
|t:|1783972147
|move|p1b: Grimmsnarl|Parting Shot|p2b: 410bn dead cops
|-unboost|p2b: 410bn dead cops|atk|1
|-unboost|p2b: 410bn dead cops|spa|1
|
|t:|1783972158
|switch|p1b: Archaludon|Archaludon, L50, M|100/100|[from] Parting Shot
|move|p2a: Asbestos|Moonblast|p1b: Archaludon
|-damage|p1b: Archaludon|77/100
|-ability|p1b: Archaludon|Stamina|boost
|-boost|p1b: Archaludon|def|1
|move|p2b: 410bn dead cops|Earthquake|p1a: Charizard|[spread] p2a,p1b
|-immune|p1a: Charizard
|-resisted|p2a: Asbestos|1
|-supereffective|p1b: Archaludon|1
|-damage|p2a: Asbestos|75/100
|-damage|p1b: Archaludon|53/100
|-ability|p1b: Archaludon|Stamina|boost
|-boost|p1b: Archaludon|def|1
|-damage|p2b: 410bn dead cops|80/100|[from] item: Life Orb
|move|p1a: Charizard|Heat Wave|p2a: Asbestos|[spread] p2a,p2b
|-supereffective|p2a: Asbestos|1
|-resisted|p2b: 410bn dead cops|1
|-damage|p2a: Asbestos|0 fnt
|-damage|p2b: 410bn dead cops|47/100
|faint|p2a: Asbestos
|
|-weather|SunnyDay|[upkeep]
|-heal|p1b: Archaludon|59/100|[from] item: Leftovers
|upkeep
|
|t:|1783972186
|switch|p2a: 1980s Gamer|Charizard, L50, F, shiny|100/100
|turn|4
|
|t:|1783972346
|move|p1b: Archaludon|Protect|p1b: Archaludon
|-singleturn|p1b: Archaludon|Protect
|move|p2b: 410bn dead cops|Rock Slide|p1a: Charizard|[spread] p1a
|-activate|p1b: Archaludon|move: Protect
|-supereffective|p1a: Charizard|2
|-damage|p1a: Charizard|52/100
|-damage|p2b: 410bn dead cops|37/100|[from] item: Life Orb
|move|p1a: Charizard|Solar Beam||[still]
|-prepare|p1a: Charizard|Solar Beam
|-anim|p1a: Charizard|Solar Beam|p2b: 410bn dead cops
|-damage|p2b: 410bn dead cops|0 fnt
|faint|p2b: 410bn dead cops
|move|p2a: 1980s Gamer|Weather Ball|p1b: Archaludon
|-activate|p1b: Archaludon|move: Protect
|
|-weather|SunnyDay|[upkeep]
|-heal|p1b: Archaludon|65/100|[from] item: Leftovers
|upkeep
|
|t:|1783972362
|switch|p2b: Bong Cloud|Kingambit, L50, F|100/100
|turn|5
|
|t:|1783972567
|detailschange|p2a: 1980s Gamer|Charizard-Mega-Y, L50, F, shiny
|-mega|p2a: 1980s Gamer|Charizard|Charizardite Y
|move|p2b: Bong Cloud|Sucker Punch|p1b: Archaludon
|-damage|p1b: Archaludon|54/100
|-ability|p1b: Archaludon|Stamina|boost
|-boost|p1b: Archaludon|def|1
|move|p1a: Charizard|Weather Ball|p2b: Bong Cloud
|-supereffective|p2b: Bong Cloud|1
|-enditem|p2b: Bong Cloud|Focus Sash
|-damage|p2b: Bong Cloud|1/100
|move|p2a: 1980s Gamer|Weather Ball|p1b: Archaludon
|-damage|p1b: Archaludon|4/100
|-ability|p1b: Archaludon|Stamina|boost
|-boost|p1b: Archaludon|def|1
|move|p1b: Archaludon|Dragon Pulse|p2b: Bong Cloud
|-resisted|p2b: Bong Cloud|1
|-damage|p2b: Bong Cloud|0 fnt
|faint|p2b: Bong Cloud
|
|-weather|none
|-heal|p1b: Archaludon|10/100|[from] item: Leftovers
|upkeep
|turn|6
|
|t:|1783972624
|switch|p1b: Pelipper|Pelipper, L50, F|100/100
|-weather|RainDance|[from] ability: Drizzle|[of] p1b: Pelipper
|move|p1a: Charizard|Weather Ball|p2a: 1980s Gamer
|-supereffective|p2a: 1980s Gamer|1
|-damage|p2a: 1980s Gamer|0 fnt
|faint|p2a: 1980s Gamer
|
|win|morgie d timmy
||Minedea101 is ready for game 2.
|inactive|morgie d timmy has 30 seconds to confirm battle start!
||morgie d timmy is ready for game 2.
|uhtml|next|Next: Game 2 of 3
|j| erifranck
|l| erifranck
|j| erifranck
|n| celaerity@!|celaerity
|l|☆Minedea101
|player|p2|
|l| Jim9174
