|j|☆TheVolcanocraft
|j|☆That1Morpecko
|html|TheVolcanocraftThat1Morpecko    
|uhtml|bestof|Game 1 of a best-of-3
|t:|1782239541
|gametype|doubles
|player|p1|TheVolcanocraft|acetrainersnowf|1035
|player|p2|That1Morpecko|hiker-gen4|1047
|gen|9
|tier|[Gen 9 Champions] VGC 2026 Reg M-B (Bo3)
|rated|
|rule|Species Clause: Limit one of each Pokémon
|rule|Item Clause: Limit 1 of each item
|clearpoke
|poke|p1|Delphox, L50, M|
|poke|p1|Overqwil, L50, F|
|poke|p1|Arcanine-Hisui, L50, M|
|poke|p1|Dragapult, L50, F|
|poke|p1|Excadrill, L50, M|
|poke|p1|Vaporeon, L50, M|
|poke|p2|Grimmsnarl, L50, M|
|poke|p2|Swampert, L50, M|
|poke|p2|Pelipper, L50, M|
|poke|p2|Archaludon, L50, F|
|poke|p2|Sinistcha, L50|
|poke|p2|Floette-Eternal, L50, F|
|teampreview|4
|showteam|p1|Delphox||Delphoxite|Blaze|Encore,Flamethrower,Psychic,Protect|Timid||M|||50|]Overqwil||ExpertBelt|Intimidate|Protect,ScaleShot,GunkShot,Waterfall|Adamant||F|||50|]Arcanine-Hisui||FocusSash|RockHead|HeadSmash,FlareBlitz,PsychicFangs,ExtremeSpeed|Jolly||M|||50|]Dragapult||RoseliBerry|Infiltrator|DragonClaw,Acrobatics,Protect,PhantomForce|Jolly||F|||50|]Excadrill||WideLens|MoldBreaker|RockSlide,Megahorn,HighHorsepower,Protect|Jolly||M|||50|]Vaporeon||Leftovers|WaterAbsorb|CalmMind,IceBeam,Scald,Wish|Modest||M|||50|
|showteam|p2|Grimmsnarl||LightClay|Prankster|FoulPlay,PartingShot,LightScreen,Reflect|Careful||M|||50|]Swampert||Swampertite|Torrent|WaveCrash,HighHorsepower,IcePunch,Protect|Adamant||M|||50|]Pelipper||SitrusBerry|Drizzle|Tailwind,Hurricane,WeatherBall,WideGuard|Modest||M|||50|]Archaludon||Leftovers|Stamina|ElectroShot,DragonPulse,FlashCannon,Protect|Modest||F|||50|]Sinistcha||CobaBerry|Hospitality|MatchaGotcha,RagePowder,LifeDew,Protect|Relaxed|||||50|]Floette-Eternal||Floettite|FlowerVeil|CalmMind,DazzlingGleam,Moonblast,Protect|Modest||F|||50|
|inactive|Battle timer is ON: inactive players will automatically lose when time's up. (requested by That1Morpecko)
|inactive|TheVolcanocraft has 60 seconds left.
|
|t:|1782239591
|teamsize|p1|4
|teamsize|p2|4
|start
|switch|p1a: Overqwil|Overqwil, L50, F|100/100
|switch|p1b: Vaporeon|Vaporeon, L50, M|100/100
|switch|p2a: Swampert|Swampert, L50, M|100/100
|switch|p2b: Pelipper|Pelipper, L50, M|100/100
|-ability|p1a: Overqwil|Intimidate|boost
|-unboost|p2a: Swampert|atk|1
|-unboost|p2b: Pelipper|atk|1
|-weather|RainDance|[from] ability: Drizzle|[of] p2b: Pelipper
|turn|1
|
|t:|1782239612
|detailschange|p2a: Swampert|Swampert-Mega, L50, M
|-mega|p2a: Swampert|Swampert|Swampertite
|move|p2a: Swampert|High Horsepower|p1a: Overqwil
|-supereffective|p1a: Overqwil|1
|-damage|p1a: Overqwil|12/100
|move|p1a: Overqwil|Scale Shot|p2b: Pelipper
|-damage|p2b: Pelipper|89/100
|-damage|p2b: Pelipper|80/100
|-damage|p2b: Pelipper|70/100
|-hitcount|p2b: Pelipper|3
|-unboost|p1a: Overqwil|def|1
|-boost|p1a: Overqwil|spe|1
|move|p2b: Pelipper|Hurricane|p1b: Vaporeon
|-damage|p1b: Vaporeon|66/100
|-start|p1b: Vaporeon|confusion
|-activate|p1b: Vaporeon|confusion
|move|p1b: Vaporeon|Calm Mind|p1b: Vaporeon
|-boost|p1b: Vaporeon|spa|1
|-boost|p1b: Vaporeon|spd|1
|
|-weather|RainDance|[upkeep]
|-heal|p1b: Vaporeon|72/100|[from] item: Leftovers
|upkeep
|turn|2
|inactive|TheVolcanocraft has 30 seconds left.
|
|t:|1782239640
|move|p1a: Overqwil|Protect|p1a: Overqwil
|-singleturn|p1a: Overqwil|Protect
|move|p2a: Swampert|Wave Crash|p1b: Vaporeon
|-heal|p1b: Vaporeon|97/100|[from] ability: Water Absorb|[of] p2a: Swampert
|move|p2b: Pelipper|Weather Ball|p1a: Overqwil
|-activate|p1a: Overqwil|move: Protect
|-activate|p1b: Vaporeon|confusion
|-damage|p1b: Vaporeon|92/100|[from] confusion
|
|-weather|RainDance|[upkeep]
|-heal|p1b: Vaporeon|98/100|[from] item: Leftovers
|upkeep
|turn|3
|
|t:|1782239664
|switch|p2a: Archaludon|Archaludon, L50, F|100/100
|move|p1a: Overqwil|Scale Shot|p2b: Pelipper
|-damage|p2b: Pelipper|61/100
|-damage|p2b: Pelipper|52/100
|-hitcount|p2b: Pelipper|2
|-unboost|p1a: Overqwil|def|1
|-boost|p1a: Overqwil|spe|1
|move|p2b: Pelipper|Hurricane|p1a: Overqwil
|-damage|p1a: Overqwil|0 fnt
|faint|p1a: Overqwil
|-end|p1b: Vaporeon|confusion
|move|p1b: Vaporeon|Scald|p2a: Archaludon
|-resisted|p2a: Archaludon|1
|-damage|p2a: Archaludon|64/100
|-ability|p2a: Archaludon|Stamina|boost
|-boost|p2a: Archaludon|def|1
|
|-weather|RainDance|[upkeep]
|-heal|p2a: Archaludon|71/100|[from] item: Leftovers
|-heal|p1b: Vaporeon|100/100|[from] item: Leftovers
|upkeep
|
|t:|1782239684
|switch|p1a: Excadrill|Excadrill, L50, M|100/100
|-ability|p1a: Excadrill|Mold Breaker
|turn|4
|
|t:|1782239700
|move|p1a: Excadrill|High Horsepower|p2a: Archaludon
|-supereffective|p2a: Archaludon|1
|-damage|p2a: Archaludon|19/100
|-ability|p2a: Archaludon|Stamina|boost
|-boost|p2a: Archaludon|def|1
|move|p2a: Archaludon|Electro Shot||[still]
|-prepare|p2a: Archaludon|Electro Shot
|-boost|p2a: Archaludon|spa|1
|-anim|p2a: Archaludon|Electro Shot|p1b: Vaporeon
|-supereffective|p1b: Vaporeon|1
|-damage|p1b: Vaporeon|39/100
|move|p2b: Pelipper|Weather Ball|p1a: Excadrill
|-supereffective|p1a: Excadrill|1
|-damage|p1a: Excadrill|0 fnt
|faint|p1a: Excadrill
|move|p1b: Vaporeon|Ice Beam|p2b: Pelipper
|-damage|p2b: Pelipper|8/100
|-enditem|p2b: Pelipper|Sitrus Berry|[eat]
|-heal|p2b: Pelipper|33/100|[from] item: Sitrus Berry
|
|-weather|RainDance|[upkeep]
|-heal|p2a: Archaludon|25/100|[from] item: Leftovers
|-heal|p1b: Vaporeon|45/100|[from] item: Leftovers
|upkeep
|
|t:|1782239718
|switch|p1a: Dragapult|Dragapult, L50, F|100/100
|turn|5
|
|t:|1782239733
|move|p2a: Archaludon|Protect|p2a: Archaludon
|-singleturn|p2a: Archaludon|Protect
|move|p1a: Dragapult|Dragon Claw|p2a: Archaludon
|-activate|p2a: Archaludon|move: Protect
|move|p2b: Pelipper|Hurricane|p1b: Vaporeon
|-crit|p1b: Vaporeon
|-damage|p1b: Vaporeon|0 fnt
|faint|p1b: Vaporeon
|
|-weather|none
|-heal|p2a: Archaludon|31/100|[from] item: Leftovers
|upkeep
|turn|6
|-message|TheVolcanocraft forfeited.
|
|win|That1Morpecko
|l|☆TheVolcanocraft
|player|p1|
||That1Morpecko is ready for game 2.
||TheVolcanocraft is ready for game 2.
|uhtml|next|Next: Game 2 of 3
