|j|☆WASHINGTONGARGACHA
|j|☆jauja
|html|WASHINGTONGARGACHAjauja    
|uhtml|bestof|Game 1 of a best-of-3
|t:|1756637448
|gametype|doubles
|player|p1|WASHINGTONGARGACHA|266|1154
|player|p2|jauja|266|1029
|gen|9
|tier|[Gen 9] VGC 2025 Reg H (Bo3)
|rated|
|rule|Species Clause: Limit one of each Pokémon
|rule|Item Clause: Limit 1 of each item
|clearpoke
|poke|p1|Gholdengo, L50|
|poke|p1|Ursaluna, L50, F|
|poke|p1|Archaludon, L50, M|
|poke|p1|Murkrow, L50, F|
|poke|p1|Farigiraf, L50, F|
|poke|p1|Basculegion, L50, M|
|poke|p2|Ninetales-Alola, L50, F|
|poke|p2|Gholdengo, L50|
|poke|p2|Rillaboom, L50, F|
|poke|p2|Dragonite, L50, F|
|poke|p2|Ursaluna-Bloodmoon, L50, M|
|teampreview|4
|showteam|p1|Gholdengo||LifeOrb|GoodasGold|ShadowBall,MakeItRain,NastyPlot,Protect||||||50|,,,,,Water]Ursaluna||FlameOrb|Guts|Facade,Earthquake,Protect,HeadlongRush|||F|||50|,,,,,Ghost]Archaludon||PowerHerb|Stamina|ElectroShot,FlashCannon,DracoMeteor,Protect|||M|||50|,,,,,Grass]Murkrow||Eviolite|Prankster|Tailwind,RainDance,FoulPlay,Haze|||F|||50|,,,,,Dark]Farigiraf||ThroatSpray|ArmorTail|HyperVoice,TrickRoom,Psychic,Protect|||F|||50|,,,,,Fairy]Basculegion||MysticWater|SwiftSwim|AquaJet,FlipTurn,WaveCrash,LastRespects|||M|||50|,,,,,Water
|showteam|p2|Ninetales-Alola||LightClay|SnowWarning|AuroraVeil,IcyWind,Encore,Protect|||F|||50|,,,,,Ghost]Gholdengo||Leftovers|GoodasGold|MakeItRain,NastyPlot,Protect,ShadowBall||||||50|,,,,,Water]Rillaboom||ChoiceBand|GrassySurge|Uturn,GrassyGlide,WoodHammer,HighHorsepower|||F|||50|,,,,,Fire]Dragonite||LoadedDice|Multiscale|ScaleShot,Haze,ExtremeSpeed,Protect|||F|||50|,,,,,Steel]Ursaluna-Bloodmoon||AssaultVest|MindsEye|VacuumWave,HyperVoice,BloodMoon,EarthPower|||M|||50|,,,,,Normal
|
|t:|1756637480
|teamsize|p1|4
|teamsize|p2|4
|start
|switch|p1a: Murkrow|Murkrow, L50, F|100/100
|switch|p1b: Basculegion|Basculegion, L50, M|100/100
|switch|p2a: Ninetales|Ninetales-Alola, L50, F|100/100
|switch|p2b: Gholdengo|Gholdengo, L50|100/100
|-weather|Snowscape|[from] ability: Snow Warning|[of] p2a: Ninetales
|turn|1
|
|t:|1756637501
|-terastallize|p2b: Gholdengo|Water
|move|p1a: Murkrow|Rain Dance|p1a: Murkrow
|-weather|RainDance
|move|p1b: Basculegion|Flip Turn|p2b: Gholdengo
|-resisted|p2b: Gholdengo
|-damage|p2b: Gholdengo|77/100
|
|t:|1756637507
|switch|p1b: Archaludon|Archaludon, L50, M|100/100|[from] Flip Turn
|move|p2a: Ninetales|Icy Wind|p1b: Archaludon|[spread] p1a,p1b
|-supereffective|p1a: Murkrow
|-damage|p1a: Murkrow|78/100
|-damage|p1b: Archaludon|82/100
|-unboost|p1a: Murkrow|spe|1
|-unboost|p1b: Archaludon|spe|1
|-ability|p1b: Archaludon|Stamina|boost
|-boost|p1b: Archaludon|def|1
|move|p2b: Gholdengo|Nasty Plot|p2b: Gholdengo
|-boost|p2b: Gholdengo|spa|2
|
|-weather|RainDance|[upkeep]
|-heal|p2b: Gholdengo|83/100|[from] item: Leftovers
|upkeep
|turn|2
|
|t:|1756637528
|move|p2b: Gholdengo|Protect|p2b: Gholdengo
|-singleturn|p2b: Gholdengo|Protect
|move|p1b: Archaludon|Protect|p1b: Archaludon
|-singleturn|p1b: Archaludon|Protect
|move|p1a: Murkrow|Haze|p1a: Murkrow
|-clearallboost
|move|p2a: Ninetales|Icy Wind|p1a: Murkrow|[spread] p1a
|-activate|p1b: Archaludon|move: Protect
|-supereffective|p1a: Murkrow
|-damage|p1a: Murkrow|55/100
|-unboost|p1a: Murkrow|spe|1
|
|-weather|RainDance|[upkeep]
|-heal|p2b: Gholdengo|89/100|[from] item: Leftovers
|upkeep
|turn|3
|
|t:|1756637552
|switch|p2b: Ursaluna|Ursaluna-Bloodmoon, L50, M|100/100
|move|p1a: Murkrow|Tailwind|p1a: Murkrow
|-sidestart|p1: WASHINGTONGARGACHA|move: Tailwind
|move|p1b: Archaludon|Flash Cannon|p2a: Ninetales
|-supereffective|p2a: Ninetales
|-damage|p2a: Ninetales|0 fnt
|faint|p2a: Ninetales
|
|-weather|RainDance|[upkeep]
|upkeep
|
|t:|1756637564
|switch|p2a: Rillaboom|Rillaboom, L50, F|100/100
|-fieldstart|move: Grassy Terrain|[from] ability: Grassy Surge|[of] p2a: Rillaboom
|turn|4
|
|t:|1756637578
|move|p1b: Archaludon|Protect|p1b: Archaludon
|-singleturn|p1b: Archaludon|Protect
|move|p1a: Murkrow|Foul Play|p2a: Rillaboom
|-damage|p2a: Rillaboom|55/100
|move|p2a: Rillaboom|U-turn|p1a: Murkrow
|-damage|p1a: Murkrow|4/100
|
|t:|1756637583
|switch|p2a: Gholdengo|Gholdengo, L50, tera:Water|89/100|[from] U-turn
|move|p2b: Ursaluna|Earth Power|p1b: Archaludon
|-activate|p1b: Archaludon|move: Protect
|
|-weather|RainDance|[upkeep]
|-heal|p1b: Archaludon|88/100|[from] Grassy Terrain
|-heal|p2a: Gholdengo|95/100|[from] Grassy Terrain
|-heal|p2a: Gholdengo|100/100|[from] item: Leftovers
|upkeep
|turn|5
|
|t:|1756637615
|switch|p1a: Gholdengo|Gholdengo, L50|100/100
|-terastallize|p1b: Archaludon|Grass
|move|p1b: Archaludon|Electro Shot||[still]
|-prepare|p1b: Archaludon|Electro Shot
|-boost|p1b: Archaludon|spa|1
|-anim|p1b: Archaludon|Electro Shot|p2a: Gholdengo
|-supereffective|p2a: Gholdengo
|-damage|p2a: Gholdengo|0 fnt
|faint|p2a: Gholdengo
|move|p2b: Ursaluna|Hyper Voice|p1b: Archaludon|[spread] p1a,p1b
|-resisted|p1a: Gholdengo
|-damage|p1a: Gholdengo|78/100
|-damage|p1b: Archaludon|31/100
|-ability|p1b: Archaludon|Stamina|boost
|-boost|p1b: Archaludon|def|1
|
|-weather|none
|-heal|p1b: Archaludon|37/100|[from] Grassy Terrain
|-heal|p1a: Gholdengo|84/100|[from] Grassy Terrain
|upkeep
|
|t:|1756637622
|switch|p2a: Rillaboom|Rillaboom, L50, F|55/100
|turn|6
|
|t:|1756637648
|move|p1b: Archaludon|Protect|p1b: Archaludon
|-singleturn|p1b: Archaludon|Protect
|move|p2a: Rillaboom|Grassy Glide|p1b: Archaludon
|-activate|p1b: Archaludon|move: Protect
|move|p1a: Gholdengo|Make It Rain|p2a: Rillaboom|[spread] p2a,p2b
|-crit|p2a: Rillaboom
|-damage|p2a: Rillaboom|0 fnt
|-damage|p2b: Ursaluna|46/100
|-unboost|p1a: Gholdengo|spa|1
|faint|p2a: Rillaboom
|-damage|p1a: Gholdengo|75/100|[from] item: Life Orb
|move|p2b: Ursaluna|Earth Power|p1a: Gholdengo
|-supereffective|p1a: Gholdengo
|-damage|p1a: Gholdengo|0 fnt
|faint|p1a: Gholdengo
|
|-heal|p1b: Archaludon|44/100|[from] Grassy Terrain
|-heal|p2b: Ursaluna|52/100|[from] Grassy Terrain
|-sideend|p1: WASHINGTONGARGACHA|move: Tailwind
|upkeep
|-message|jauja forfeited.
|raw|WASHINGTONGARGACHA's rating: 1154 → 1170(+16 for winning)
|raw|jauja's rating: 1029 → 1020(-9 for losing)
|
|win|WASHINGTONGARGACHA
