|j|☆blobbolb
|j|☆figglewiggle
|html|blobbolbfigglewiggle    
|uhtml|bestof|Game 2 of a best-of-3
|t:|1757685976
|gametype|doubles
|player|p1|blobbolb|pokekid|1046
|player|p2|figglewiggle|101|1048
|gen|9
|tier|[Gen 9] VGC 2025 Reg H (Bo3)
|rated|
|rule|Species Clause: Limit one of each Pokémon
|rule|Item Clause: Limit 1 of each item
|clearpoke
|poke|p1|Archaludon, L50, F|
|poke|p1|Basculegion, L50, M|
|poke|p1|Pelipper, L50, M|
|poke|p1|Cloyster, L50, M|
|poke|p1|Incineroar, L50, M|
|poke|p1|Ludicolo, L50, F|
|poke|p2|Flamigo, L50, M|
|poke|p2|Gholdengo, L50|
|poke|p2|Incineroar, L50, M|
|poke|p2|Whimsicott, L50, F|
|poke|p2|Ursaluna, L50, F|
|poke|p2|Amoonguss, L50, F|
|teampreview|4
|showteam|p1|Archaludon||SafetyGoggles|Stamina|DracoMeteor,ElectroShot,FlashCannon,Protect|||F|||50|,,,,,Ghost]Basculegion||LifeOrb|SwiftSwim|FlipTurn,WaveCrash,Protect,LastRespects|||M|||50|,,,,,Water]Pelipper||FocusSash|Drizzle|Hurricane,WideGuard,Protect,Tailwind|||M|||50|,,,,,Ground]Cloyster||AssaultVest|SkillLink|IcicleSpear,Liquidation,RockBlast,PoisonJab|||M|||50|,,,,,Poison]Incineroar||CovertCloak|Intimidate|FakeOut,FlareBlitz,PartingShot,WillOWisp|||M|||50|,,,,,Water]Ludicolo||ChoiceSpecs|SwiftSwim|EnergyBall,IceBeam,WeatherBall,TeraBlast|||F|||50|,,,,,Electric
|showteam|p2|Flamigo||FocusSash|Scrappy|BraveBird,Protect,CloseCombat,WideGuard|||M|||50|,,,,,Ghost]Gholdengo||LifeOrb|GoodasGold|MakeItRain,ShadowBall,NastyPlot,Protect||||||50|,,,,,Steel]Incineroar||AssaultVest|Intimidate|FakeOut,Uturn,FlareBlitz,KnockOff|||M|||50|,,,,,Grass]Whimsicott||CovertCloak|Prankster|Moonblast,Encore,Tailwind,FakeTears|||F|||50|,,,,,Water]Ursaluna||FlameOrb|Guts|Facade,HeadlongRush,Earthquake,Protect|||F|||50|,,,,,Ghost]Amoonguss||SitrusBerry|Regenerator|ClearSmog,RagePowder,Protect,Spore|||F|||50|,,,,,Water
|inactive|Battle timer is ON: inactive players will automatically lose when time's up. (requested by figglewiggle)
|inactive|blobbolb has 60 seconds left.
|inactive|figglewiggle has 60 seconds left.
|inactive|figglewiggle has 30 seconds left.
|inactive|figglewiggle has 20 seconds left.
|inactive|figglewiggle has 15 seconds left.
|
|t:|1757686053
|teamsize|p1|4
|teamsize|p2|4
|start
|switch|p1a: Pelipper|Pelipper, L50, M|100/100
|switch|p1b: Archaludon|Archaludon, L50, F|100/100
|switch|p2a: Gholdengo|Gholdengo, L50|100/100
|switch|p2b: Incineroar|Incineroar, L50, M|100/100
|-weather|RainDance|[from] ability: Drizzle|[of] p1a: Pelipper
|-ability|p2b: Incineroar|Intimidate|boost
|-unboost|p1a: Pelipper|atk|1
|-unboost|p1b: Archaludon|atk|1
|turn|1
|inactive|figglewiggle has 30 seconds left.
|inactive|figglewiggle has 20 seconds left.
|inactive|figglewiggle has 15 seconds left.
|inactive|figglewiggle has 10 seconds left.
|
|t:|1757686103
|move|p2b: Incineroar|Fake Out|p1a: Pelipper
|-damage|p1a: Pelipper|86/100
|move|p2a: Gholdengo|Nasty Plot|p2a: Gholdengo
|-boost|p2a: Gholdengo|spa|2
|cant|p1a: Pelipper|flinch
|move|p1b: Archaludon|Electro Shot||[still]
|-prepare|p1b: Archaludon|Electro Shot
|-boost|p1b: Archaludon|spa|1
|-anim|p1b: Archaludon|Electro Shot|p2a: Gholdengo
|-damage|p2a: Gholdengo|20/100
|
|-weather|RainDance|[upkeep]
|upkeep
|turn|2
|inactive|blobbolb has 30 seconds left.
|inactive|figglewiggle has 30 seconds left.
|inactive|figglewiggle has 20 seconds left.
|inactive|figglewiggle has 15 seconds left.
|inactive|blobbolb has 20 seconds left.
|inactive|figglewiggle has 10 seconds left.
|inactive|figglewiggle has 5 seconds left.
|
|t:|1757686155
|move|p1a: Pelipper|Wide Guard|p1a: Pelipper
|-singleturn|p1a: Pelipper|Wide Guard
|move|p2a: Gholdengo|Shadow Ball|p1a: Pelipper
|-damage|p1a: Pelipper|0 fnt
|faint|p1a: Pelipper
|-damage|p2a: Gholdengo|10/100|[from] item: Life Orb
|move|p2b: Incineroar|U-turn|p1b: Archaludon
|-resisted|p1b: Archaludon
|-damage|p1b: Archaludon|91/100
|-ability|p1b: Archaludon|Stamina|boost
|-boost|p1b: Archaludon|def|1
|
|t:|1757686176
|switch|p2b: Flamigo|Flamigo, L50, M|100/100|[from] U-turn
|move|p1b: Archaludon|Electro Shot||[still]
|-prepare|p1b: Archaludon|Electro Shot
|-boost|p1b: Archaludon|spa|1
|-anim|p1b: Archaludon|Electro Shot|p2a: Gholdengo
|-damage|p2a: Gholdengo|0 fnt
|faint|p2a: Gholdengo
|
|-weather|RainDance|[upkeep]
|upkeep
|
|t:|1757686188
|switch|p2a: Incineroar|Incineroar, L50, M|100/100
|switch|p1a: Basculegion|Basculegion, L50, M|100/100
|-ability|p2a: Incineroar|Intimidate|boost
|-unboost|p1a: Basculegion|atk|1
|-unboost|p1b: Archaludon|atk|1
|turn|3
|inactive|figglewiggle has 30 seconds left.
|inactive|figglewiggle has 20 seconds left.
|
|t:|1757686227
|-terastallize|p2a: Incineroar|Grass
|move|p1b: Archaludon|Protect|p1b: Archaludon
|-singleturn|p1b: Archaludon|Protect
|move|p1a: Basculegion|Wave Crash|p2b: Flamigo
|-enditem|p2b: Flamigo|Focus Sash
|-damage|p2b: Flamigo|1/100
|-damage|p1a: Basculegion|74/100|[from] Recoil
|-damage|p1a: Basculegion|64/100|[from] item: Life Orb
|move|p2b: Flamigo|Close Combat|p1a: Basculegion
|-damage|p1a: Basculegion|0 fnt
|-unboost|p2b: Flamigo|def|1
|-unboost|p2b: Flamigo|spd|1
|faint|p1a: Basculegion
|move|p2a: Incineroar|Knock Off|p1b: Archaludon
|-activate|p1b: Archaludon|move: Protect
|
|-weather|RainDance|[upkeep]
|upkeep
|
|t:|1757686245
|switch|p1a: Incineroar|Incineroar, L50, M|100/100
|-ability|p1a: Incineroar|Intimidate|boost
|-unboost|p2a: Incineroar|atk|1
|-fail|p2b: Flamigo|unboost|Attack|[from] ability: Scrappy|[of] p2b: Flamigo
|turn|4
|inactive|figglewiggle has 30 seconds left.
|
|t:|1757686271
|move|p2b: Flamigo|Protect|p2b: Flamigo
|-singleturn|p2b: Flamigo|Protect
|move|p1a: Incineroar|Fake Out|p2b: Flamigo
|-activate|p2b: Flamigo|move: Protect
|move|p2a: Incineroar|U-turn|p1a: Incineroar
|-damage|p1a: Incineroar|83/100
|
|t:|1757686279
|switch|p2a: Whimsicott|Whimsicott, L50, F|100/100|[from] U-turn
|move|p1b: Archaludon|Electro Shot||[still]
|-prepare|p1b: Archaludon|Electro Shot
|-boost|p1b: Archaludon|spa|1
|-anim|p1b: Archaludon|Electro Shot|p2a: Whimsicott
|-resisted|p2a: Whimsicott
|-damage|p2a: Whimsicott|20/100
|
|-weather|RainDance|[upkeep]
|upkeep
|turn|5
|inactive|blobbolb has 30 seconds left.
|inactive|blobbolb has 20 seconds left.
|
|t:|1757686318
|-terastallize|p1a: Incineroar|Water
|move|p1b: Archaludon|Protect|p1b: Archaludon
|-singleturn|p1b: Archaludon|Protect
|move|p2a: Whimsicott|Moonblast|p1b: Archaludon
|-activate|p1b: Archaludon|move: Protect
|move|p2b: Flamigo|Close Combat|p1a: Incineroar
|-damage|p1a: Incineroar|6/100
|-unboost|p2b: Flamigo|def|1
|-unboost|p2b: Flamigo|spd|1
|move|p1a: Incineroar|Flare Blitz|p2b: Flamigo
|-damage|p2b: Flamigo|0 fnt
|faint|p2b: Flamigo
|-damage|p1a: Incineroar|5/100|[from] Recoil
|
|-weather|none
|upkeep
|
|t:|1757686333
|switch|p2b: Incineroar|Incineroar, L50, M, tera:Grass|100/100
|-ability|p2b: Incineroar|Intimidate|boost
|-unboost|p1a: Incineroar|atk|1
|-unboost|p1b: Archaludon|atk|1
|turn|6
|
|t:|1757686349
|move|p2a: Whimsicott|Encore|p1b: Archaludon
|-start|p1b: Archaludon|Encore
|move|p2b: Incineroar|Knock Off|p1a: Incineroar
|-crit|p1a: Incineroar
|-damage|p1a: Incineroar|0 fnt
|-enditem|p1a: Incineroar|Covert Cloak|[from] move: Knock Off|[of] p2b: Incineroar
|faint|p1a: Incineroar
|move|p1b: Archaludon|Protect||[still]
|-fail|p1b: Archaludon
|
|upkeep
|turn|7
|inactive|figglewiggle has 30 seconds left.
|
|t:|1757686374
|move|p1b: Archaludon|Protect|p1b: Archaludon
|-singleturn|p1b: Archaludon|Protect
|move|p2a: Whimsicott|Fake Tears|p1b: Archaludon
|-activate|p1b: Archaludon|move: Protect
|move|p2b: Incineroar|Knock Off|p1b: Archaludon
|-activate|p1b: Archaludon|move: Protect
|
|upkeep
|turn|8
|
|t:|1757686386
|move|p1b: Archaludon|Protect||[still]
|-fail|p1b: Archaludon
|move|p2a: Whimsicott|Fake Tears|p1b: Archaludon
|-unboost|p1b: Archaludon|spd|2
|move|p2b: Incineroar|Knock Off|p1b: Archaludon
|-damage|p1b: Archaludon|68/100
|-ability|p1b: Archaludon|Stamina|boost
|-boost|p1b: Archaludon|def|1
|-enditem|p1b: Archaludon|Safety Goggles|[from] move: Knock Off|[of] p2b: Incineroar
|
|-end|p1b: Archaludon|Encore
|upkeep
|turn|9
|
|t:|1757686403
|move|p2a: Whimsicott|Encore|p1b: Archaludon
|-start|p1b: Archaludon|Encore
|move|p2b: Incineroar|Flare Blitz|p1b: Archaludon
|-damage|p1b: Archaludon|43/100
|-ability|p1b: Archaludon|Stamina|boost
|-boost|p1b: Archaludon|def|1
|-damage|p2b: Incineroar|93/100|[from] Recoil
|move|p1b: Archaludon|Protect||[still]
|-fail|p1b: Archaludon
|
|upkeep
|turn|10
|-message|blobbolb forfeited.
|
|win|figglewiggle
|l|☆blobbolb
|player|p1|
||figglewiggle is ready for game 3.
|raw|blobbolb's rating: 1046 → 1029(-17 for losing)
|raw|figglewiggle's rating: 1048 → 1081(+33 for winning)
|l|☆figglewiggle
|player|p2|
