|j|☆mathwanderman243
|j|☆hn8877699
|html|mathwanderman243hn8877699    
|uhtml|bestof|Game 1 of a best-of-3
|t:|1785769463
|gametype|doubles
|player|p1|mathwanderman243|2|1000
|player|p2|hn8877699|101|1024
|gen|9
|tier|[Gen 9 Champions] VGC 2026 Reg M-B (Bo3)
|rated|
|rule|Species Clause: Limit one of each Pokémon
|rule|Item Clause: Limit 1 of each item
|clearpoke
|poke|p1|Gallade, L50, M|
|poke|p1|Charizard, L50, M|
|poke|p1|Hydreigon, L50, M|
|poke|p1|Gholdengo, L50|
|poke|p1|Incineroar, L50, M|
|poke|p1|Sneasler, L50, F|
|poke|p2|Blastoise, L50, F, shiny|
|poke|p2|Farigiraf, L50, F, shiny|
|poke|p2|Torkoal, L50, F, shiny|
|poke|p2|Rhyperior, L50, F, shiny|
|poke|p2|Sinistcha-Masterpiece, L50, shiny|
|poke|p2|Meowscarada, L50, F, shiny|
|teampreview|4
|showteam|p1|Gallade||LifeOrb|Sharpness|Feint,SacredSword,PsychoCut,LeafBlade|Adamant||M|||50|]Charizard||CharizarditeY|Blaze|HeatWave,WeatherBall,Protect,SolarBeam|Modest||M|||50|]Hydreigon||FocusSash|Levitate|Tailwind,Protect,DracoMeteor,DarkPulse|Timid||M|||50|]Gholdengo||MetalCoat|GoodasGold|MakeItRain,ShadowBall,Protect,NastyPlot|Timid|||||50|]Incineroar||SitrusBerry|Intimidate|ThroatChop,FakeOut,PartingShot,FlareBlitz|Sassy||M|||50|]Sneasler||WhiteHerb|PoisonTouch|FakeOut,DireClaw,CloseCombat,QuickGuard|Jolly||F|||50|
|showteam|p2|Blastoise||Blastoisinite|Torrent|WaterSpout,FakeOut,AuraSphere,DarkPulse|Quiet||F|||50|]Farigiraf||ColburBerry|ArmorTail|TrickRoom,PsychicNoise,RainDance,HelpingHand|Quiet||F|||50|]Torkoal||Charcoal|Drought|Eruption,EarthPower,Protect,WeatherBall|Quiet||F|||50|]Rhyperior||LifeOrb|LightningRod|RockSlide,HighHorsepower,Protect,IcePunch|Brave||F|||50|]Sinistcha-Masterpiece||Leftovers|Hospitality|TrickRoom,MatchaGotcha,LifeDew,RagePowder|Quiet|||||50|]Meowscarada||FocusSash|Protean|SuckerPunch,ThunderPunch,TripleAxel,FlowerTrick|Jolly||F|||50|
|inactive|Battle timer is ON: inactive players will automatically lose when time's up. (requested by hn8877699)
|inactive|mathwanderman243 has 60 seconds left.
|inactive|mathwanderman243 has 30 seconds left.
|inactive|mathwanderman243 has 20 seconds left.
|
|t:|1785769564
|teamsize|p1|4
|teamsize|p2|4
|start
|switch|p1a: Gholdengo|Gholdengo, L50|100/100
|switch|p1b: Charizard|Charizard, L50, M|100/100
|switch|p2a: Blastoise|Blastoise, L50, F, shiny|100/100
|switch|p2b: Farigiraf|Farigiraf, L50, F, shiny|100/100
|turn|1
|inactive|mathwanderman243 has 30 seconds left.
|
|t:|1785769594
|detailschange|p1b: Charizard|Charizard-Mega-Y, L50, M
|-mega|p1b: Charizard|Charizard|Charizardite Y
|-weather|SunnyDay|[from] ability: Drought|[of] p1b: Charizard
|detailschange|p2a: Blastoise|Blastoise-Mega, L50, F, shiny
|-mega|p2a: Blastoise|Blastoise|Blastoisinite
|move|p2a: Blastoise|Fake Out|p1b: Charizard
|-damage|p1b: Charizard|89/100
|move|p1a: Gholdengo|Shadow Ball|p2a: Blastoise
|-damage|p2a: Blastoise|61/100
|cant|p1b: Charizard|flinch
|move|p2b: Farigiraf|Trick Room|p2b: Farigiraf
|-fieldstart|move: Trick Room|[of] p2b: Farigiraf
|
|-weather|SunnyDay|[upkeep]
|upkeep
|turn|2
|inactive|mathwanderman243 has 30 seconds left.
|inactive|mathwanderman243 has 20 seconds left.
|inactiveoff|Battle timer is now OFF.
|
|t:|1785769632
|switch|p1b: Hydreigon|Hydreigon, L50, M|100/100
|move|p1a: Gholdengo|Protect|p1a: Gholdengo
|-singleturn|p1a: Gholdengo|Protect
|move|p2b: Farigiraf|Rain Dance|p2b: Farigiraf
|-weather|RainDance
|move|p2a: Blastoise|Water Spout|p1a: Gholdengo|[spread] p1b
|-activate|p1a: Gholdengo|move: Protect
|-resisted|p1b: Hydreigon|1
|-damage|p1b: Hydreigon|67/100
|
|-weather|RainDance|[upkeep]
|upkeep
|turn|3
|
|t:|1785769693
|move|p1b: Hydreigon|Protect|p1b: Hydreigon
|-singleturn|p1b: Hydreigon|Protect
|move|p2b: Farigiraf|Psychic Noise|p1a: Gholdengo
|-resisted|p1a: Gholdengo|1
|-damage|p1a: Gholdengo|81/100
|-start|p1a: Gholdengo|move: Heal Block
|move|p2a: Blastoise|Dark Pulse|p1a: Gholdengo
|-supereffective|p1a: Gholdengo|1
|-damage|p1a: Gholdengo|0 fnt
|faint|p1a: Gholdengo
|
|-weather|RainDance|[upkeep]
|upkeep
|
|t:|1785769706
|switch|p1a: Gallade|Gallade, L50, M|100/100
|turn|4
|
|t:|1785769730
|switch|p1b: Charizard|Charizard-Mega-Y, L50, M|89/100
|-weather|SunnyDay|[from] ability: Drought|[of] p1b: Charizard
|move|p2b: Farigiraf|Psychic Noise|p1a: Gallade
|-damage|p1a: Gallade|70/100
|-start|p1a: Gallade|move: Heal Block
|move|p2a: Blastoise|Dark Pulse|p1b: Charizard
|-damage|p1b: Charizard|48/100
|move|p1a: Gallade|Leaf Blade|p2a: Blastoise
|-supereffective|p2a: Blastoise|1
|-damage|p2a: Blastoise|0 fnt
|faint|p2a: Blastoise
|-damage|p1a: Gallade|60/100|[from] item: Life Orb
|
|-weather|SunnyDay|[upkeep]
|upkeep
|
|t:|1785769753
|switch|p2a: Rhyperior|Rhyperior, L50, F, shiny|100/100
|turn|5
|
|t:|1785769825
|move|p1b: Charizard|Protect|p1b: Charizard
|-singleturn|p1b: Charizard|Protect
|move|p2a: Rhyperior|Rock Slide|p1b: Charizard|[spread] p1a
|-activate|p1b: Charizard|move: Protect
|-resisted|p1a: Gallade|1
|-damage|p1a: Gallade|28/100
|-damage|p2a: Rhyperior|90/100|[from] item: Life Orb
|move|p2b: Farigiraf|Psychic Noise|p1a: Gallade
|-damage|p1a: Gallade|1/100
|cant|p1a: Gallade|flinch
|
|-weather|SunnyDay|[upkeep]
|-end|p1a: Gallade|move: Heal Block
|-fieldend|move: Trick Room
|upkeep
|turn|6
|
|t:|1785769861
|move|p2a: Rhyperior|Protect|p2a: Rhyperior
|-singleturn|p2a: Rhyperior|Protect
|move|p1b: Charizard|Weather Ball|p2b: Farigiraf
|-damage|p2b: Farigiraf|26/100
|move|p1a: Gallade|Sacred Sword|p2b: Farigiraf
|-damage|p2b: Farigiraf|0 fnt
|faint|p2b: Farigiraf
|-damage|p1a: Gallade|0 fnt|[from] item: Life Orb
|faint|p1a: Gallade
|
|-weather|SunnyDay|[upkeep]
|upkeep
|
|t:|1785769878
|switch|p1a: Hydreigon|Hydreigon, L50, M|67/100
|switch|p2b: Torkoal|Torkoal, L50, F, shiny|100/100
|turn|7
|
|t:|1785769906
|move|p1a: Hydreigon|Draco Meteor|p2b: Torkoal
|-damage|p2b: Torkoal|11/100
|-unboost|p1a: Hydreigon|spa|2
|move|p1b: Charizard|Solar Beam||[still]
|-prepare|p1b: Charizard|Solar Beam
|-anim|p1b: Charizard|Solar Beam|p2a: Rhyperior
|-supereffective|p2a: Rhyperior|2
|-damage|p2a: Rhyperior|0 fnt
|faint|p2a: Rhyperior
|move|p2b: Torkoal|Weather Ball|p1a: Hydreigon
|-resisted|p1a: Hydreigon|1
|-damage|p1a: Hydreigon|23/100
|
|-weather|SunnyDay|[upkeep]
|upkeep
|turn|8
|-message|hn8877699 forfeited.
|raw|mathwanderman243's rating: 1000 → 1043(+43 for winning)
|raw|hn8877699's rating: 1024 → 1009(-15 for losing)
|
|win|mathwanderman243
|l|☆hn8877699
|player|p2|
