|j|☆HeatInSeven14
|j|☆TeyVgc
|html|HeatInSeven14TeyVgc    
|uhtml|bestof|Game 1 of a best-of-3
|t:|1783401592
|gametype|doubles
|player|p1|HeatInSeven14|102|1158
|player|p2|TeyVgc|rood|1298
|gen|9
|tier|[Gen 9 Champions] VGC 2026 Reg M-B (Bo3)
|rated|
|rule|Species Clause: Limit one of each Pokémon
|rule|Item Clause: Limit 1 of each item
|clearpoke
|poke|p1|Farigiraf, L50, M, shiny|
|poke|p1|Kangaskhan, L50, F, shiny|
|poke|p1|Hydrapple, L50, M, shiny|
|poke|p1|Torkoal, L50, M, shiny|
|poke|p1|Mawile, L50, M|
|poke|p1|Vivillon-Pokeball, L50, M|
|poke|p2|Raichu, L50, F|
|poke|p2|Sinistcha, L50|
|poke|p2|Ceruledge, L50, M|
|poke|p2|Milotic, L50, M|
|poke|p2|Incineroar, L50, M|
|poke|p2|Floette-Eternal, L50, F|
|teampreview|4
|showteam|p1|Farigiraf||SitrusBerry|ArmorTail|TwinBeam,Thunderbolt,TrickRoom,Protect|Bold||M|||50|]Kangaskhan||Kangaskhanite|Scrappy|FakeOut,DoubleEdge,DrainPunch,RockSlide|Brave||F|||50|]Hydrapple||LifeOrb|Regenerator|FickleBeam,EnergyBall,EarthPower,Protect|Quiet||M|||50|]Torkoal||Charcoal|Drought|Eruption,WeatherBall,EarthPower,WillOWisp|Quiet||M|||50|]Mawile||Mawilite|HyperCutter|PlayRough,IronHead,SuckerPunch,Protect|Adamant||M|||50|]Vivillon-Pokeball||FocusSash|CompoundEyes|RagePowder,Hurricane,SleepPowder,Protect|Timid||M|||50|
|showteam|p2|Raichu||RaichuniteY|LightningRod|ZapCannon,FocusBlast,FakeOut,Protect|Timid||F|||50|]Sinistcha||KasibBerry|Hospitality|MatchaGotcha,LifeDew,RagePowder,Protect|Relaxed|||||50|]Ceruledge||ColburBerry|FlashFire|BitterBlade,ShadowSneak,BulkUp,Protect|Adamant||M|||50|]Milotic||Leftovers|Competitive|MuddyWater,Coil,Hypnosis,Protect|Calm||M|||50|]Incineroar||SitrusBerry|Intimidate|FlareBlitz,ThroatChop,FakeOut,PartingShot|Impish||M|||50|]Floette-Eternal||Floettite|FlowerVeil|CalmMind,Protect,Moonblast,DazzlingGleam|Modest||F|||50|
|
|t:|1783401632
|teamsize|p1|4
|teamsize|p2|4
|start
|switch|p1a: Kangaskhan|Kangaskhan, L50, F, shiny|100/100
|switch|p1b: Farigiraf|Farigiraf, L50, M, shiny|100/100
|switch|p2a: Raichu|Raichu, L50, F|100/100
|switch|p2b: Milotic|Milotic, L50, M|100/100
|turn|1
|
|t:|1783401657
|detailschange|p2a: Raichu|Raichu-Mega-Y, L50, F
|-mega|p2a: Raichu|Raichu|Raichunite Y
|move|p1a: Kangaskhan|Fake Out|p2b: Milotic
|-damage|p2b: Milotic|82/100
|move|p2a: Raichu|Focus Blast|p1a: Kangaskhan
|-supereffective|p1a: Kangaskhan|1
|-damage|p1a: Kangaskhan|23/100
|cant|p2b: Milotic|flinch
|move|p1b: Farigiraf|Trick Room|p1b: Farigiraf
|-fieldstart|move: Trick Room|[of] p1b: Farigiraf
|
|-heal|p2b: Milotic|88/100|[from] item: Leftovers
|upkeep
|turn|2
|
|t:|1783401686
|switch|p2a: Incineroar|Incineroar, L50, M|100/100
|-ability|p2a: Incineroar|Intimidate|boost
|-fail|p1a: Kangaskhan|unboost|Attack|[from] ability: Scrappy|[of] p1a: Kangaskhan
|-unboost|p1b: Farigiraf|atk|1
|move|p1b: Farigiraf|Twin Beam|p2a: Incineroar
|-immune|p2a: Incineroar
|move|p1a: Kangaskhan|Double-Edge|p2b: Milotic
|-damage|p2b: Milotic|43/100
|-damage|p1a: Kangaskhan|8/100|[from] Recoil
|move|p2b: Milotic|Muddy Water|p1b: Farigiraf|[spread] p1a,p1b
|-damage|p1a: Kangaskhan|0 fnt
|-damage|p1b: Farigiraf|80/100
|faint|p1a: Kangaskhan
|
|-heal|p2b: Milotic|49/100|[from] item: Leftovers
|upkeep
|
|t:|1783401692
|switch|p1a: Hydrapple|Hydrapple, L50, M, shiny|100/100
|turn|3
|
|t:|1783401705
|move|p2b: Milotic|Protect|p2b: Milotic
|-singleturn|p2b: Milotic|Protect
|move|p1a: Hydrapple|Earth Power|p2a: Incineroar
|-supereffective|p2a: Incineroar|1
|-damage|p2a: Incineroar|29/100
|-enditem|p2a: Incineroar|Sitrus Berry|[eat]
|-heal|p2a: Incineroar|53/100|[from] item: Sitrus Berry
|-damage|p1a: Hydrapple|90/100|[from] item: Life Orb
|move|p1b: Farigiraf|Thunderbolt|p2b: Milotic
|-activate|p2b: Milotic|move: Protect
|move|p2a: Incineroar|Parting Shot|p1a: Hydrapple
|-unboost|p1a: Hydrapple|atk|1
|-unboost|p1a: Hydrapple|spa|1
|
|t:|1783401719
|switch|p2a: Ceruledge|Ceruledge, L50, M|100/100|[from] Parting Shot
|
|-heal|p2b: Milotic|55/100|[from] item: Leftovers
|upkeep
|turn|4
|
|t:|1783401756
|move|p1a: Hydrapple|Earth Power|p2a: Ceruledge
|-supereffective|p2a: Ceruledge|1
|-damage|p2a: Ceruledge|45/100
|-damage|p1a: Hydrapple|80/100|[from] item: Life Orb
|move|p1b: Farigiraf|Thunderbolt|p2b: Milotic
|-supereffective|p2b: Milotic|1
|-damage|p2b: Milotic|26/100
|move|p2b: Milotic|Coil|p2b: Milotic
|-boost|p2b: Milotic|atk|1
|-boost|p2b: Milotic|def|1
|-boost|p2b: Milotic|accuracy|1
|move|p2a: Ceruledge|Bulk Up|p2a: Ceruledge
|-boost|p2a: Ceruledge|atk|1
|-boost|p2a: Ceruledge|def|1
|
|-heal|p2b: Milotic|32/100|[from] item: Leftovers
|upkeep
|turn|5
|
|t:|1783401778
|switch|p1b: Mawile|Mawile, L50, M|100/100
|move|p2b: Milotic|Protect|p2b: Milotic
|-singleturn|p2b: Milotic|Protect
|move|p2a: Ceruledge|Protect|p2a: Ceruledge
|-singleturn|p2a: Ceruledge|Protect
|move|p1a: Hydrapple|Earth Power|p2b: Milotic
|-activate|p2b: Milotic|move: Protect
|
|-heal|p2b: Milotic|38/100|[from] item: Leftovers
|-fieldend|move: Trick Room
|upkeep
|turn|6
|
|t:|1783401791
|move|p1b: Mawile|Protect|p1b: Mawile
|-singleturn|p1b: Mawile|Protect
|move|p2a: Ceruledge|Bitter Blade|p1b: Mawile
|-activate|p1b: Mawile|move: Protect
|move|p2b: Milotic|Hypnosis|p1a: Hydrapple
|-status|p1a: Hydrapple|slp|[from] move: Hypnosis
|cant|p1a: Hydrapple|slp
|
|-heal|p2b: Milotic|44/100|[from] item: Leftovers
|upkeep
|turn|7
|
|t:|1783401809
|detailschange|p1b: Mawile|Mawile-Mega, L50, M
|-mega|p1b: Mawile|Mawile|Mawilite
|move|p1b: Mawile|Sucker Punch|p2a: Ceruledge
|-supereffective|p2a: Ceruledge|1
|-enditem|p2a: Ceruledge|Colbur Berry|[eat]
|-enditem|p2a: Ceruledge|Colbur Berry|[weaken]
|-damage|p2a: Ceruledge|13/100
|move|p2a: Ceruledge|Bitter Blade|p1b: Mawile
|-supereffective|p1b: Mawile|1
|-damage|p1b: Mawile|0 fnt
|-heal|p2a: Ceruledge|56/100|[from] drain|[of] p1b: Mawile
|faint|p1b: Mawile
|move|p2b: Milotic|Coil|p2b: Milotic
|-boost|p2b: Milotic|atk|1
|-boost|p2b: Milotic|def|1
|-boost|p2b: Milotic|accuracy|1
|-curestatus|p1a: Hydrapple|slp|[msg]
|move|p1a: Hydrapple|Energy Ball|p2b: Milotic
|-supereffective|p2b: Milotic|1
|-damage|p2b: Milotic|0 fnt
|faint|p2b: Milotic
|-damage|p1a: Hydrapple|70/100|[from] item: Life Orb
|
|upkeep
|
|t:|1783401819
|switch|p2b: Raichu|Raichu-Mega-Y, L50, F|100/100
|switch|p1b: Farigiraf|Farigiraf, L50, M, shiny|80/100
|turn|8
|
|t:|1783401827
|move|p1a: Hydrapple|Protect|p1a: Hydrapple
|-singleturn|p1a: Hydrapple|Protect
|move|p2b: Raichu|Zap Cannon|p1b: Farigiraf
|-damage|p1b: Farigiraf|22/100
|-status|p1b: Farigiraf|par
|-enditem|p1b: Farigiraf|Sitrus Berry|[eat]
|-heal|p1b: Farigiraf|47/100 par|[from] item: Sitrus Berry
|move|p2a: Ceruledge|Bitter Blade|p1a: Hydrapple
|-activate|p1a: Hydrapple|move: Protect
|move|p1b: Farigiraf|Trick Room|p1b: Farigiraf
|-fieldstart|move: Trick Room|[of] p1b: Farigiraf
|
|upkeep
|turn|9
|
|t:|1783401844
|move|p1b: Farigiraf|Thunderbolt|p2b: Raichu
|-resisted|p2b: Raichu|1
|-damage|p2b: Raichu|86/100
|move|p1a: Hydrapple|Earth Power|p2a: Ceruledge
|-supereffective|p2a: Ceruledge|1
|-damage|p2a: Ceruledge|0 fnt
|faint|p2a: Ceruledge
|-damage|p1a: Hydrapple|60/100|[from] item: Life Orb
|move|p2b: Raichu|Zap Cannon|p1b: Farigiraf
|-damage|p1b: Farigiraf|0 fnt
|faint|p1b: Farigiraf
|
|upkeep
|
|t:|1783401849
|switch|p2a: Incineroar|Incineroar, L50, M|53/100
|-ability|p2a: Incineroar|Intimidate|boost
|-unboost|p1a: Hydrapple|atk|1
|turn|10
|
|t:|1783401859
|move|p1a: Hydrapple|Protect|p1a: Hydrapple
|-singleturn|p1a: Hydrapple|Protect
|move|p2a: Incineroar|Fake Out|p1a: Hydrapple
|-activate|p1a: Hydrapple|move: Protect
|move|p2b: Raichu|Zap Cannon|p1a: Hydrapple
|-activate|p1a: Hydrapple|move: Protect
|
|upkeep
|turn|11
|
|t:|1783401869
|move|p1a: Hydrapple|Earth Power|p2a: Incineroar
|-supereffective|p2a: Incineroar|1
|-damage|p2a: Incineroar|1/100
|-damage|p1a: Hydrapple|50/100g|[from] item: Life Orb
|move|p2a: Incineroar|Flare Blitz|p1a: Hydrapple
|-damage|p1a: Hydrapple|13/100
|-damage|p2a: Incineroar|0 fnt|[from] Recoil
|faint|p2a: Incineroar
|move|p2b: Raichu|Zap Cannon|p1a: Hydrapple
|-resisted|p1a: Hydrapple|2
|-damage|p1a: Hydrapple|0 fnt
|faint|p1a: Hydrapple
|
|win|TeyVgc
