|j|â˜†S4ndw1ch35
|j|â˜†castoriceball
|html|S4ndw1ch35castoriceball    
|uhtml|bestof|Game 1 of a best-of-3
|t:|1782182163
|gametype|doubles
|player|p1|S4ndw1ch35|dawn-gen4pt|1163
|player|p2|castoriceball|miku-flying|1196
|gen|9
|tier|[Gen 9 Champions] VGC 2026 Reg M-B (Bo3)
|rated|
|rule|Species Clause: Limit one of each PokÃ©mon
|rule|Item Clause: Limit 1 of each item
|clearpoke
|poke|p1|Swampert, L50, M|
|poke|p1|Sinistcha-Masterpiece, L50, shiny|
|poke|p1|Pelipper, L50, M|
|poke|p1|Archaludon, L50, M|
|poke|p1|Metagross, L50|
|poke|p1|Liepard, L50, F|
|poke|p2|Dragonite, L50, M|
|poke|p2|Scovillain, L50, M|
|poke|p2|Grimmsnarl, L50, M|
|poke|p2|Gholdengo, L50|
|poke|p2|Tyranitar, L50, M|
|poke|p2|Sneasler, L50, M, shiny|
|teampreview|4
|showteam|p1|Swampert||Swampertite|Torrent|Earthquake,WaveCrash,IcePunch,Protect|Brave||M|||50|]Sinistcha-Masterpiece||CobaBerry|Hospitality|MatchaGotcha,LifeDew,Protect,RagePowder|Relaxed|||||50|]Pelipper||FocusSash|Drizzle|HelpingHand,Tailwind,Hurricane,WideGuard|Timid||M|||50|]Archaludon||Leftovers|Stamina|FlashCannon,ElectroShot,DragonPulse,Protect|Modest||M|||50|]Metagross||Metagrossite|ClearBody|BulletPunch,PsychicFangs,IcePunch,Protect|Adamant|||||50|]Liepard||ChopleBerry|Prankster|FakeOut,Yawn,Taunt,Uturn|Jolly||F|||50|
|showteam|p2|Dragonite||DragonFang|Multiscale|DragonClaw,ExtremeSpeed,Tailwind,Protect|Adamant||M|||50|]Scovillain||Scovillainite|Moody|Overheat,LeechSeed,RagePowder,Protect|Calm||M|||50|]Grimmsnarl||LightClay|Prankster|SpiritBreak,Reflect,LightScreen,PartingShot|Careful||M|||50|]Gholdengo||LifeOrb|GoodasGold|MakeItRain,ShadowBall,NastyPlot,Protect|Modest|||||50|]Tyranitar||Tyranitarite|SandStream|DragonDance,RockSlide,KnockOff,Protect|Adamant||M|||50|]Sneasler||WhiteHerb|Unburden|FakeOut,GunkShot,CloseCombat,Protect|Adamant||M|||50|
|c|â˜†castoriceball|LIEPARD?
|
|t:|1782182210
|teamsize|p1|4
|teamsize|p2|4
|start
|switch|p1a: Sinistcha|Sinistcha-Masterpiece, L50, shiny|100/100
|switch|p1b: Liepard|Liepard, L50, F|100/100
|switch|p2a: Grimmsnarl|Grimmsnarl, L50, M|100/100
|switch|p2b: Dragonite|Dragonite, L50, M|100/100
|turn|1
|
|t:|1782182236
|move|p1b: Liepard|Taunt|p2b: Dragonite
|-start|p2b: Dragonite|move: Taunt
|move|p2a: Grimmsnarl|Light Screen|p2a: Grimmsnarl
|-sidestart|p2: castoriceball|move: Light Screen
|move|p2b: Dragonite|Dragon Claw|p1b: Liepard
|-damage|p1b: Liepard|19/100
|move|p1a: Sinistcha|Matcha Gotcha|p2a: Grimmsnarl|[spread] p2a,p2b
|-resisted|p2b: Dragonite|2
|-damage|p2a: Grimmsnarl|85/100
|-damage|p2b: Dragonite|97/100
|
|upkeep
|turn|2
|
|t:|1782182271
|move|p2b: Dragonite|Extreme Speed|p1b: Liepard
|-damage|p1b: Liepard|0 fnt
|faint|p1b: Liepard
|move|p1a: Sinistcha|Rage Powder|p1a: Sinistcha
|-singleturn|p1a: Sinistcha|move: Rage Powder
|move|p2a: Grimmsnarl|Reflect|p2a: Grimmsnarl
|-sidestart|p2: castoriceball|Reflect
|
|upkeep
|
|t:|1782182286
|switch|p1b: Pelipper|Pelipper, L50, M|100/100
|-weather|RainDance|[from] ability: Drizzle|[of] p1b: Pelipper
|turn|3
|
|t:|1782182303
|switch|p1a: Swampert|Swampert, L50, M|100/100
|move|p1b: Pelipper|Tailwind|p1b: Pelipper
|-sidestart|p1: S4ndw1ch35|move: Tailwind
|move|p2b: Dragonite|Dragon Claw|p1b: Pelipper
|-damage|p1b: Pelipper|32/100
|move|p2a: Grimmsnarl|Spirit Break|p1b: Pelipper
|-damage|p1b: Pelipper|0 fnt
|faint|p1b: Pelipper
|
|-weather|RainDance|[upkeep]
|-end|p2b: Dragonite|move: Taunt
|upkeep
|
|t:|1782182312
|switch|p1b: Sinistcha|Sinistcha-Masterpiece, L50, shiny|100/100
|turn|4
|
|t:|1782182331
|detailschange|p1a: Swampert|Swampert-Mega, L50, M
|-mega|p1a: Swampert|Swampert|Swampertite
|move|p2a: Grimmsnarl|Parting Shot|p1a: Swampert
|-unboost|p1a: Swampert|atk|1
|-unboost|p1a: Swampert|spa|1
|
|t:|1782182335
|switch|p2a: Tyranitar|Tyranitar, L50, M|100/100|[from] Parting Shot
|-weather|Sandstorm|[from] ability: Sand Stream|[of] p2a: Tyranitar
|move|p1a: Swampert|Wave Crash|p2a: Tyranitar
|-supereffective|p2a: Tyranitar|1
|-damage|p2a: Tyranitar|41/100
|-damage|p1a: Swampert|82/100|[from] Recoil
|move|p1b: Sinistcha|Life Dew||[still]|[spread] p1a,p1b
|-heal|p1a: Swampert|100/100
|-fail|p1b: Sinistcha|heal
|move|p2b: Dragonite|Dragon Claw|p1a: Swampert
|-crit|p1a: Swampert
|-damage|p1a: Swampert|31/100
|
|-weather|Sandstorm|[upkeep]
|-damage|p1b: Sinistcha|93/100|[from] Sandstorm
|-damage|p2b: Dragonite|91/100|[from] Sandstorm
|upkeep
|turn|5
|-message|S4ndw1ch35 forfeited.
|
|win|castoriceball
|l|â˜†S4ndw1ch35
|player|p1|
