|j|☆Mix555
|j|☆Prepucio Santos
|html|Mix555Prepucio Santos    
|uhtml|bestof|Game 2 of a best-of-3
|t:|1784320785
|gametype|doubles
|player|p1|Mix555|2|1135
|player|p2|Prepucio Santos|striker|1177
|gen|9
|tier|[Gen 9 Champions] VGC 2026 Reg M-B (Bo3)
|rated|
|rule|Species Clause: Limit one of each Pokémon
|rule|Item Clause: Limit 1 of each item
|clearpoke
|poke|p1|Incineroar, L50, F|
|poke|p1|Pelipper, L50, F|
|poke|p1|Starmie, L50|
|poke|p1|Decidueye-Hisui, L50, M, shiny|
|poke|p1|Ninetales-Alola, L50, M, shiny|
|poke|p1|Metagross, L50|
|poke|p2|Swampert, L50, M|
|poke|p2|Floette-Eternal, L50, F|
|poke|p2|Pelipper, L50, M|
|poke|p2|Grimmsnarl, L50, M|
|poke|p2|Sinistcha, L50|
|poke|p2|Archaludon, L50, F|
|teampreview|4
|showteam|p1|Incineroar||SitrusBerry|Intimidate|ThroatChop,FakeOut,PartingShot,FlareBlitz|Impish||F|||50|]Pelipper||ChoiceScarf|Drizzle|WeatherBall,Hurricane,RainDance,MuddyWater|Timid||F|||50|]Starmie||Starminite|Illuminate|AquaJet,Liquidation,Protect,ZenHeadbutt|Adamant|||||50|]Decidueye-Hisui||ExpertBelt|Scrappy|Protect,SuckerPunch,LeafBlade,CloseCombat|Adamant||M|||50|]Ninetales-Alola||FocusSash|SnowWarning|Blizzard,Protect,FreezeDry,Encore|Quiet||M|||50|]Metagross||Metagrossite|ClearBody|PsychicFangs,IronHead,Protect,StompingTantrum|Adamant|||||50|
|showteam|p2|Swampert||Swampertite|Torrent|WaveCrash,Earthquake,IcePunch,Protect|Adamant||M|||50|]Floette-Eternal||Floettite|FlowerVeil|Moonblast,DazzlingGleam,CalmMind,Protect|Modest||F|||50|]Pelipper||FocusSash|Drizzle|Hurricane,WeatherBall,Tailwind,WideGuard|Modest||M|||50|]Grimmsnarl||LightClay|Prankster|Reflect,LightScreen,PartingShot,FoulPlay|Careful||M|||50|]Sinistcha||CobaBerry|Hospitality|MatchaGotcha,LifeDew,TrickRoom,RagePowder|Relaxed|||||50|]Archaludon||Leftovers|Stamina|ElectroShot,DragonPulse,FlashCannon,Protect|Modest||F|||50|
|
|t:|1784320859
|teamsize|p1|4
|teamsize|p2|4
|start
|switch|p1a: +def|Incineroar, L50, F|100/100
|switch|p1b: Metagross|Metagross, L50|100/100
|switch|p2a: Grimmsnarl|Grimmsnarl, L50, M|100/100
|switch|p2b: Archaludon|Archaludon, L50, F|100/100
|-ability|p1a: +def|Intimidate|boost
|-unboost|p2a: Grimmsnarl|atk|1
|-unboost|p2b: Archaludon|atk|1
|turn|1
|
|t:|1784320899
|detailschange|p1b: Metagross|Metagross-Mega, L50
|-mega|p1b: Metagross|Metagross|Metagrossite
|move|p1a: +def|Fake Out|p2a: Grimmsnarl
|-damage|p2a: Grimmsnarl|89/100
|cant|p2a: Grimmsnarl|flinch
|move|p1b: Metagross|Iron Head|p2a: Grimmsnarl
|-supereffective|p2a: Grimmsnarl|1
|-damage|p2a: Grimmsnarl|0 fnt
|faint|p2a: Grimmsnarl
|move|p2b: Archaludon|Electro Shot||[still]
|-prepare|p2b: Archaludon|Electro Shot
|-boost|p2b: Archaludon|spa|1
|
|upkeep
|
|t:|1784320906
|switch|p2a: Pelipper|Pelipper, L50, M|100/100
|-weather|RainDance|[from] ability: Drizzle|[of] p2a: Pelipper
|turn|2
|
|t:|1784320943
|switch|p1a: Ninetales|Ninetales-Alola, L50, M, shiny|100/100
|-weather|Snowscape|[from] ability: Snow Warning|[of] p1a: Ninetales
|move|p1b: Metagross|Stomping Tantrum|p2b: Archaludon
|-supereffective|p2b: Archaludon|1
|-damage|p2b: Archaludon|42/100
|-ability|p2b: Archaludon|Stamina|boost
|-boost|p2b: Archaludon|def|1
|move|p2a: Pelipper|Tailwind|p2a: Pelipper
|-sidestart|p2: Prepucio Santos|move: Tailwind
|move|p2b: Archaludon|Electro Shot|p1b: Metagross|[from] lockedmove
|-damage|p1b: Metagross|43/100
|
|-weather|Snowscape|[upkeep]
|-heal|p2b: Archaludon|48/100|[from] item: Leftovers
|upkeep
|turn|3
|
|t:|1784320970
|move|p2a: Pelipper|Weather Ball|p1a: Ninetales
|-resisted|p1a: Ninetales|1
|-damage|p1a: Ninetales|81/100
|move|p2b: Archaludon|Flash Cannon|p1a: Ninetales
|-supereffective|p1a: Ninetales|2
|-damage|p1a: Ninetales|0 fnt
|faint|p1a: Ninetales
|move|p1b: Metagross|Stomping Tantrum|p2b: Archaludon
|-supereffective|p2b: Archaludon|1
|-damage|p2b: Archaludon|13/100
|-ability|p2b: Archaludon|Stamina|boost
|-boost|p2b: Archaludon|def|1
|
|-weather|Snowscape|[upkeep]
|-heal|p2b: Archaludon|19/100|[from] item: Leftovers
|upkeep
|
|t:|1784320978
|switch|p1a: +def|Incineroar, L50, F|100/100
|-ability|p1a: +def|Intimidate|boost
|-unboost|p2a: Pelipper|atk|1
|-unboost|p2b: Archaludon|atk|1
|turn|4
|
|t:|1784320998
|switch|p2a: Floette|Floette-Eternal, L50, F|100/100
|move|p2b: Archaludon|Protect|p2b: Archaludon
|-singleturn|p2b: Archaludon|Protect
|move|p1a: +def|Fake Out|p2a: Floette
|-damage|p2a: Floette|85/100
|move|p1b: Metagross|Psychic Fangs|p2a: Floette
|-damage|p2a: Floette|4/100
|
|-weather|Snowscape|[upkeep]
|-heal|p2b: Archaludon|25/100|[from] item: Leftovers
|upkeep
|turn|5
|
|t:|1784321017
|switch|p2a: Pelipper|Pelipper, L50, M|100/100
|-weather|RainDance|[from] ability: Drizzle|[of] p2a: Pelipper
|move|p1b: Metagross|Protect|p1b: Metagross
|-singleturn|p1b: Metagross|Protect
|move|p2b: Archaludon|Electro Shot||[still]
|-prepare|p2b: Archaludon|Electro Shot
|-boost|p2b: Archaludon|spa|1
|-anim|p2b: Archaludon|Electro Shot|p1b: Metagross
|-activate|p1b: Metagross|move: Protect
|move|p1a: +def|Flare Blitz|p2b: Archaludon
|-damage|p2b: Archaludon|18/100
|-ability|p2b: Archaludon|Stamina|boost
|-boost|p2b: Archaludon|def|1
|-damage|p1a: +def|97/100|[from] Recoil
|
|-weather|RainDance|[upkeep]
|-heal|p2b: Archaludon|24/100|[from] item: Leftovers
|-sideend|p2: Prepucio Santos|move: Tailwind
|upkeep
|turn|6
|
|t:|1784321050
|switch|p1a: Decidueye|Decidueye-Hisui, L50, M, shiny|100/100
|move|p2b: Archaludon|Protect|p2b: Archaludon
|-singleturn|p2b: Archaludon|Protect
|move|p1b: Metagross|Stomping Tantrum|p2b: Archaludon
|-activate|p2b: Archaludon|move: Protect
|move|p2a: Pelipper|Tailwind|p2a: Pelipper
|-sidestart|p2: Prepucio Santos|move: Tailwind
|
|-weather|RainDance|[upkeep]
|-heal|p2b: Archaludon|30/100|[from] item: Leftovers
|upkeep
|turn|7
|inactive|Battle timer is ON: inactive players will automatically lose when time's up. (requested by Prepucio Santos)
|
|t:|1784321077
|move|p1a: Decidueye|Sucker Punch|p2a: Pelipper
|-damage|p2a: Pelipper|70/100
|move|p2a: Pelipper|Hurricane|p1a: Decidueye
|-supereffective|p1a: Decidueye|2
|-damage|p1a: Decidueye|0 fnt
|faint|p1a: Decidueye
|move|p2b: Archaludon|Electro Shot||[still]
|-prepare|p2b: Archaludon|Electro Shot
|-boost|p2b: Archaludon|spa|1
|-anim|p2b: Archaludon|Electro Shot|p1b: Metagross
|-damage|p1b: Metagross|0 fnt
|faint|p1b: Metagross
|
|-weather|RainDance|[upkeep]
|-heal|p2b: Archaludon|36/100|[from] item: Leftovers
|upkeep
|
|t:|1784321085
|switch|p1b: +def|Incineroar, L50, F|97/100
|-ability|p1b: +def|Intimidate|boost
|-unboost|p2a: Pelipper|atk|1
|-unboost|p2b: Archaludon|atk|1
|turn|8
|
|t:|1784321092
|move|p2a: Pelipper|Weather Ball|p1b: +def
|-supereffective|p1b: +def|1
|-damage|p1b: +def|0 fnt
|faint|p1b: +def
|
|win|Prepucio Santos
