|j|☆perjutsu24
|j|☆f77SceptileTruther
|html|perjutsu24f77SceptileTruther    
|uhtml|bestof|Game 2 of a best-of-3
|t:|1783548255
|gametype|doubles
|player|p1|perjutsu24|cynthia-gen4|1167
|player|p2|f77SceptileTruther|170|1107
|gen|9
|tier|[Gen 9 Champions] VGC 2026 Reg M-B (Bo3)
|rated|
|rule|Species Clause: Limit one of each Pokémon
|rule|Item Clause: Limit 1 of each item
|clearpoke
|poke|p1|Froslass, L50, F|
|poke|p1|Talonflame, L50, F|
|poke|p1|Sneasler, L50, M|
|poke|p1|Lycanroc-Dusk, L50, F|
|poke|p1|Kingambit, L50, M|
|poke|p1|Basculegion, L50, M|
|poke|p2|Sceptile, L50, M, shiny|
|poke|p2|Rotom-Wash, L50|
|poke|p2|Incineroar, L50, M|
|poke|p2|Sneasler, L50, F|
|poke|p2|Whimsicott, L50, M|
|poke|p2|Gholdengo, L50|
|teampreview|4
|showteam|p1|Froslass||Froslassite|CursedBody|Blizzard,ShadowBall,AuroraVeil,Protect|Timid||F|||50|]Talonflame||SharpBeak|GaleWings|BraveBird,FlareBlitz,Tailwind,Protect|Jolly||F|||50|]Sneasler||WhiteHerb|Unburden|DireClaw,CloseCombat,FakeOut,QuickGuard|Adamant||M|||50|]Lycanroc-Dusk||FocusSash|ToughClaws|RockSlide,CloseCombat,Accelerock,Protect|Jolly||F|||50|]Kingambit||LifeOrb|Defiant|KowtowCleave,IronHead,SuckerPunch,Protect|Adamant||M|||50|]Basculegion||MysticWater|Adaptability|WaveCrash,LastRespects,AquaJet,Protect|Adamant||M|||50|
|showteam|p2|Sceptile||Sceptilite|Overgrow|LeafStorm,DragonPulse,EarthPower,Detect|Modest||M|||50|]Rotom-Wash||ChoiceScarf|Levitate|Discharge,VoltSwitch,HydroPump,Electroweb|Timid|||||50|]Incineroar||ChopleBerry|Intimidate|FlareBlitz,ThroatChop,PartingShot,FakeOut|Adamant||M|||50|]Sneasler||MentalHerb|Unburden|DireClaw,CloseCombat,FakeOut,Protect|Adamant||F|||50|]Whimsicott||FocusSash|Prankster|Moonblast,Tailwind,Encore,Protect|Timid||M|||50|]Gholdengo||LifeOrb|GoodasGold|MakeItRain,ShadowBall,NastyPlot,Protect|Modest|||||50|
|
|t:|1783548300
|teamsize|p1|4
|teamsize|p2|4
|start
|switch|p1a: Fortune|Sneasler, L50, M|100/100
|switch|p1b: Judgement|Talonflame, L50, F|100/100
|switch|p2a: Incineroar|Incineroar, L50, M|100/100
|switch|p2b: Rotom|Rotom-Wash, L50|100/100
|-ability|p2a: Incineroar|Intimidate|boost
|-unboost|p1a: Fortune|atk|1
|-unboost|p1b: Judgement|atk|1
|-enditem|p1a: Fortune|White Herb
|-clearnegativeboost|p1a: Fortune|[silent]
|turn|1
|inactive|Battle timer is ON: inactive players will automatically lose when time's up. (requested by f77SceptileTruther)
|inactive|perjutsu24 has 60 seconds left.
|
|t:|1783548341
|switch|p1b: Emperor|Kingambit, L50, M|100/100
|switch|p2a: Gholdengo|Gholdengo, L50|100/100
|move|p1a: Fortune|Dire Claw|p2b: Rotom
|-damage|p2b: Rotom|33/100
|move|p2b: Rotom|Volt Switch|p1b: Emperor
|-damage|p1b: Emperor|62/100
|
|t:|1783548353
|switch|p2b: Whimsicott|Whimsicott, L50, M|100/100|[from] Volt Switch
|
|upkeep
|turn|2
|
|t:|1783548371
|move|p2b: Whimsicott|Tailwind|p2b: Whimsicott
|-sidestart|p2: f77SceptileTruther|move: Tailwind
|move|p1a: Fortune|Dire Claw|p2b: Whimsicott
|-supereffective|p2b: Whimsicott|2
|-enditem|p2b: Whimsicott|Focus Sash
|-damage|p2b: Whimsicott|1/100
|move|p2a: Gholdengo|Nasty Plot|p2a: Gholdengo
|-boost|p2a: Gholdengo|spa|2
|move|p1b: Emperor|Kowtow Cleave|p2a: Gholdengo
|-supereffective|p2a: Gholdengo|1
|-damage|p2a: Gholdengo|0 fnt
|faint|p2a: Gholdengo
|-damage|p1b: Emperor|52/100|[from] item: Life Orb
|
|upkeep
|
|t:|1783548387
|switch|p2a: Incineroar|Incineroar, L50, M|100/100
|-ability|p2a: Incineroar|Intimidate|boost
|-unboost|p1a: Fortune|atk|1
|-unboost|p1b: Emperor|atk|1
|-ability|p1b: Emperor|Defiant|boost
|-boost|p1b: Emperor|atk|2
|turn|3
|
|t:|1783548401
|move|p2b: Whimsicott|Protect|p2b: Whimsicott
|-singleturn|p2b: Whimsicott|Protect
|move|p1a: Fortune|Quick Guard|p1a: Fortune
|-singleturn|p1a: Fortune|Quick Guard
|move|p2a: Incineroar|Flare Blitz|p1b: Emperor
|-supereffective|p1b: Emperor|1
|-damage|p1b: Emperor|0 fnt
|faint|p1b: Emperor
|-damage|p2a: Incineroar|85/100|[from] Recoil
|
|upkeep
|
|t:|1783548418
|switch|p1b: Judgement|Talonflame, L50, F|100/100
|turn|4
|
|t:|1783548428
|move|p2b: Whimsicott|Encore|p1a: Fortune
|-start|p1a: Fortune|Encore
|move|p1a: Fortune|Quick Guard|p1a: Fortune
|-singleturn|p1a: Fortune|Quick Guard
|move|p1b: Judgement|Brave Bird|p2b: Whimsicott
|-supereffective|p2b: Whimsicott|1
|-damage|p2b: Whimsicott|0 fnt
|faint|p2b: Whimsicott
|-damage|p1b: Judgement|99/100|[from] Recoil
|move|p2a: Incineroar|Throat Chop|p1b: Judgement
|-crit|p1b: Judgement
|-damage|p1b: Judgement|2/100
|-start|p1b: Judgement|Throat Chop|[silent]
|
|upkeep
|
|t:|1783548442
|switch|p2b: Rotom|Rotom-Wash, L50|33/100
|turn|5
|inactive|perjutsu24 has 30 seconds left.
|inactive|perjutsu24 has 20 seconds left.
|
|t:|1783548481
|switch|p1a: Temperance|Froslass, L50, F|100/100
|move|p2b: Rotom|Electroweb|p1a: Temperance|[spread] p1a,p1b
|-supereffective|p1b: Judgement|1
|-damage|p1a: Temperance|75/100
|-damage|p1b: Judgement|0 fnt
|-unboost|p1a: Temperance|spe|1
|-start|p2b: Rotom|Disable|Electroweb|[from] ability: Cursed Body|[of] p1a: Temperance
|faint|p1b: Judgement
|move|p2a: Incineroar|Flare Blitz|p1a: Temperance
|-supereffective|p1a: Temperance|1
|-damage|p1a: Temperance|0 fnt
|faint|p1a: Temperance
|-damage|p2a: Incineroar|64/100|[from] Recoil
|
|-sideend|p2: f77SceptileTruther|move: Tailwind
|upkeep
|
|t:|1783548493
|switch|p1b: Fortune|Sneasler, L50, M|100/100
|turn|6
|
|t:|1783548502
|-activate|p2b: Rotom|move: Struggle
|move|p2b: Rotom|Struggle|p1b: Fortune
|-damage|p1b: Fortune|87/100
|-damage|p2b: Rotom|7/100|[from] recoil
|move|p1b: Fortune|Close Combat|p2a: Incineroar
|-supereffective|p2a: Incineroar|1
|-enditem|p2a: Incineroar|Chople Berry|[eat]
|-enditem|p2a: Incineroar|Chople Berry|[weaken]
|-damage|p2a: Incineroar|0 fnt
|-unboost|p1b: Fortune|def|1
|-unboost|p1b: Fortune|spd|1
|faint|p2a: Incineroar
|
|upkeep
|turn|7
|
|t:|1783548518
|-activate|p2b: Rotom|move: Struggle
|move|p2b: Rotom|Struggle|p1b: Fortune
|-damage|p1b: Fortune|67/100
|-damage|p2b: Rotom|0 fnt|[from] recoil
|faint|p2b: Rotom
|
|win|perjutsu24
||f77SceptileTruther is ready for game 3.
