|j|☆Cristante terabug
|j|☆MrTedno
|html|Cristante terabugMrTedno    
|uhtml|bestof|Game 2 of a best-of-3
|t:|1756161583
|gametype|doubles
|player|p1|Cristante terabug|kieran-champion|1256
|player|p2|MrTedno|barry|1259
|gen|9
|tier|[Gen 9] VGC 2025 Reg H (Bo3)
|rated|
|rule|Species Clause: Limit one of each Pokémon
|rule|Item Clause: Limit 1 of each item
|clearpoke
|poke|p1|Kommo-o, L50, M|
|poke|p1|Gholdengo, L50|
|poke|p1|Sneasler, L50, F|
|poke|p1|Rillaboom, L50, F|
|poke|p1|Dondozo, L50, M|
|poke|p1|Electabuzz, L50, M|
|poke|p2|Dondozo, L50, F|
|poke|p2|Tatsugiri, L50, F|
|poke|p2|Politoed, L50, F|
|poke|p2|Archaludon, L50, M|
|poke|p2|Amoonguss, L50, F|
|poke|p2|Overqwil, L50, F|
|teampreview|4
|showteam|p1|Kommo-o||ThroatSpray|Soundproof|ClangorousSoul,ClangingScales,Flamethrower,Protect|||M|||50|,,,,,Fire]Gholdengo||ChoiceSpecs|GoodasGold|MakeItRain,ShadowBall,DazzlingGleam,PowerGem||||||50|,,,,,Fairy]Sneasler||FocusSash|Unburden|FakeOut,DireClaw,CloseCombat,Protect|||F|||50|,,,,,Stellar]Rillaboom||AssaultVest|GrassySurge|FakeOut,WoodHammer,GrassyGlide,HighHorsepower|||F|||50|,,,,,Fire]Dondozo||Leftovers|Unaware|WaveCrash,Fissure,Yawn,Protect|||M|||50|,,,,,Flying]Electabuzz||Eviolite|VitalSpirit|Electroweb,FollowMe,HelpingHand,Protect|||M|||50|,,,,,Grass
|showteam|p2|Dondozo||LifeOrb|Unaware|Surf,Protect,SleepTalk|||F|||50|,,,,,Water]Tatsugiri||FocusSash|Commander|DracoMeteor,Protect,MuddyWater,Taunt|||F|||50|,,,,,Stellar]Politoed||SitrusBerry|Drizzle|WeatherBall,IceBeam,Haze,Protect|||F|||50|,,,,,Ghost]Archaludon||AssaultVest|Stamina|BodyPress,ElectroShot,DragonPulse,FlashCannon|||M|||50|,,,,,Grass]Amoonguss||RockyHelmet|Regenerator|Spore,RagePowder,PollenPuff,Protect|||F|||50|,,,,,Fairy]Overqwil||ChoiceBand|SwiftSwim|PoisonJab,ThroatChop,Liquidation,PinMissile|||F|||50|,,,,,Ghost
|j| Neekzzz
|inactive|Battle timer is ON: inactive players will automatically lose when time's up. (requested by Cristante terabug)
|inactive|MrTedno has 60 seconds left.
|
|t:|1756161640
|teamsize|p1|4
|teamsize|p2|4
|start
|switch|p1a: Rillaboom|Rillaboom, L50, F|100/100
|switch|p1b: Dondozo|Dondozo, L50, M|100/100
|switch|p2a: Shellington|Overqwil, L50, F|100/100
|switch|p2b: Peso|Tatsugiri, L50, F|100/100
|-fieldstart|move: Grassy Terrain|[from] ability: Grassy Surge|[of] p1a: Rillaboom
|turn|1
|inactive|MrTedno has 30 seconds left.
|inactive|MrTedno has 20 seconds left.
|inactive|MrTedno has 15 seconds left.
|inactive|Cristante terabug has 30 seconds left.
|inactive|MrTedno has 10 seconds left.
|
|t:|1756161688
|switch|p2b: Barnacles|Archaludon, L50, M|100/100
|switch|p1a: Gholdengo|Gholdengo, L50|100/100
|-terastallize|p2a: Shellington|Ghost
|move|p2a: Shellington|Poison Jab|p1a: Gholdengo
|-immune|p1a: Gholdengo
|move|p1b: Dondozo|Yawn|p2a: Shellington
|-start|p2a: Shellington|move: Yawn|[of] p1b: Dondozo
|
|upkeep
|turn|2
|inactive|Cristante terabug has 30 seconds left.
|inactive|MrTedno has 30 seconds left.
|
|t:|1756161727
|switch|p2a: Tweak|Politoed, L50, F|100/100
|-weather|RainDance|[from] ability: Drizzle|[of] p2a: Tweak
|move|p1a: Gholdengo|Shadow Ball|p2a: Tweak
|-damage|p2a: Tweak|51/100
|move|p2b: Barnacles|Electro Shot||[still]
|-prepare|p2b: Barnacles|Electro Shot
|-boost|p2b: Barnacles|spa|1
|-anim|p2b: Barnacles|Electro Shot|p1a: Gholdengo
|-damage|p1a: Gholdengo|34/100
|move|p1b: Dondozo|Yawn|p2b: Barnacles
|-start|p2b: Barnacles|move: Yawn|[of] p1b: Dondozo
|
|-weather|RainDance|[upkeep]
|-heal|p1a: Gholdengo|40/100|[from] Grassy Terrain
|-heal|p2a: Tweak|57/100|[from] Grassy Terrain
|upkeep
|turn|3
|l| Neekzzz
|inactive|MrTedno has 30 seconds left.
|inactive|MrTedno has 20 seconds left.
|inactive|MrTedno has 15 seconds left.
|inactive|MrTedno has 10 seconds left.
|
|t:|1756161775
|move|p1a: Gholdengo|Shadow Ball|p2a: Tweak
|-damage|p2a: Tweak|9/100
|-enditem|p2a: Tweak|Sitrus Berry|[eat]
|-heal|p2a: Tweak|34/100|[from] item: Sitrus Berry
|move|p2b: Barnacles|Electro Shot||[still]
|-prepare|p2b: Barnacles|Electro Shot
|-boost|p2b: Barnacles|spa|1
|-anim|p2b: Barnacles|Electro Shot|p1a: Gholdengo
|-damage|p1a: Gholdengo|0 fnt
|faint|p1a: Gholdengo
|move|p2a: Tweak|Ice Beam|p1b: Dondozo
|-resisted|p1b: Dondozo
|-damage|p1b: Dondozo|92/100
|move|p1b: Dondozo|Fissure|p2b: Barnacles|[miss]
|-miss|p1b: Dondozo|p2b: Barnacles
|
|-weather|RainDance|[upkeep]
|-heal|p2a: Tweak|40/100|[from] Grassy Terrain
|-heal|p1b: Dondozo|98/100|[from] Grassy Terrain
|-heal|p1b: Dondozo|100/100|[from] item: Leftovers
|-end|p2b: Barnacles|move: Yawn|[silent]
|-status|p2b: Barnacles|slp
|upkeep
|
|t:|1756161790
|switch|p1a: Rillaboom|Rillaboom, L50, F|100/100
|turn|4
|inactive|MrTedno has 30 seconds left.
|inactive|MrTedno has 20 seconds left.
|
|t:|1756161827
|cant|p2b: Barnacles|slp
|move|p1a: Rillaboom|Wood Hammer|p2a: Tweak
|-supereffective|p2a: Tweak
|-damage|p2a: Tweak|0 fnt
|faint|p2a: Tweak
|-damage|p1a: Rillaboom|88/100|[from] Recoil
|move|p1b: Dondozo|Fissure|p2b: Barnacles|[miss]
|-miss|p1b: Dondozo|p2b: Barnacles
|
|-weather|RainDance|[upkeep]
|-heal|p1a: Rillaboom|94/100|[from] Grassy Terrain
|upkeep
|
|t:|1756161845
|switch|p2a: Shellington|Overqwil, L50, F, tera:Ghost|100/100
|turn|5
|
|t:|1756161855
|-terastallize|p1a: Rillaboom|Fire
|move|p2a: Shellington|Poison Jab|p1a: Rillaboom
|-damage|p1a: Rillaboom|34/100
|cant|p2b: Barnacles|slp
|move|p1a: Rillaboom|Wood Hammer|p2a: Shellington
|-damage|p2a: Shellington|0 fnt
|faint|p2a: Shellington
|-damage|p1a: Rillaboom|9/100|[from] Recoil
|move|p1b: Dondozo|Fissure|p2b: Barnacles|[miss]
|-miss|p1b: Dondozo|p2b: Barnacles
|
|-weather|RainDance|[upkeep]
|-heal|p1a: Rillaboom|15/100|[from] Grassy Terrain
|-fieldend|move: Grassy Terrain
|upkeep
|
|t:|1756161863
|switch|p2a: Peso|Tatsugiri, L50, F|100/100
|turn|6
|
|t:|1756161875
|move|p2a: Peso|Muddy Water|p1a: Rillaboom|[spread] p1a,p1b
|-supereffective|p1a: Rillaboom
|-resisted|p1b: Dondozo
|-damage|p1a: Rillaboom|0 fnt
|-damage|p1b: Dondozo|82/100
|-unboost|p1b: Dondozo|accuracy|1
|faint|p1a: Rillaboom
|-curestatus|p2b: Barnacles|slp|[msg]
|move|p2b: Barnacles|Electro Shot||[still]
|-prepare|p2b: Barnacles|Electro Shot
|-boost|p2b: Barnacles|spa|1
|-anim|p2b: Barnacles|Electro Shot|p1b: Dondozo
|-supereffective|p1b: Dondozo
|-damage|p1b: Dondozo|13/100
|move|p1b: Dondozo|Fissure|p2b: Barnacles|[miss]
|-miss|p1b: Dondozo|p2b: Barnacles
|
|-weather|none
|-heal|p1b: Dondozo|19/100|[from] item: Leftovers
|upkeep
|
|t:|1756161888
|switch|p1a: Sneasler|Sneasler, L50, F|100/100
|turn|7
|
|t:|1756161908
|move|p1a: Sneasler|Close Combat|p2b: Barnacles
|-supereffective|p2b: Barnacles
|-damage|p2b: Barnacles|14/100
|-unboost|p1a: Sneasler|def|1
|-unboost|p1a: Sneasler|spd|1
|-ability|p2b: Barnacles|Stamina|boost
|-boost|p2b: Barnacles|def|1
|move|p2a: Peso|Draco Meteor|p1b: Dondozo
|-damage|p1b: Dondozo|0 fnt
|-unboost|p2a: Peso|spa|2
|faint|p1b: Dondozo
|move|p2b: Barnacles|Dragon Pulse|p1a: Sneasler
|-enditem|p1a: Sneasler|Focus Sash
|-damage|p1a: Sneasler|1/100
|
|upkeep
|turn|8
|-message|Cristante terabug forfeited.
|
|win|MrTedno
|raw|Cristante terabug's rating: 1256 → 1231(-25 for losing)
|raw|MrTedno's rating: 1259 → 1284(+25 for winning)
|l|☆Cristante terabug
|player|p1|
|j|☆Cristante terabug
|player|p1|Cristante terabug|kieran-champion|
|c|☆MrTedno|ggwp
|l|☆Cristante terabug
|player|p1|
