|j|☆d1mo22
|j|☆VGCPancakes
|html|d1mo22VGCPancakes    
|uhtml|bestof|Game 2 of a best-of-3
|t:|1785514907
|gametype|doubles
|player|p1|d1mo22|169|1217
|player|p2|VGCPancakes|2|1330
|gen|9
|tier|[Gen 9 Champions] VGC 2026 Reg M-B (Bo3)
|rated|
|rule|Species Clause: Limit one of each Pokémon
|rule|Item Clause: Limit 1 of each item
|clearpoke
|poke|p1|Pelipper, L50, M|
|poke|p1|Swampert, L50, M|
|poke|p1|Archaludon, L50, M|
|poke|p1|Grimmsnarl, L50, M, shiny|
|poke|p1|Venusaur, L50, F|
|poke|p1|Charizard, L50, M, shiny|
|poke|p2|Tyranitar, L50, M|
|poke|p2|Floette-Eternal, L50, F|
|poke|p2|Garchomp, L50, M|
|poke|p2|Sinistcha, L50|
|poke|p2|Incineroar, L50, F|
|poke|p2|Corviknight, L50, F|
|teampreview|4
|showteam|p1|Pelipper||SitrusBerry|Drizzle|WeatherBall,Hurricane,Tailwind,WideGuard|Modest||M|||50|]Swampert||Swampertite|Torrent|WaveCrash,Earthquake,IcePunch,Protect|Adamant||M|||50|]Archaludon||Leftovers|Stamina|ElectroShot,FlashCannon,DragonPulse,Protect|Modest||M|||50|]Grimmsnarl||LightClay|Prankster|Reflect,LightScreen,PartingShot,SpiritBreak|Sassy||M|||50|]Venusaur||LifeOrb|Overgrow|SleepPowder,SludgeBomb,EarthPower,Protect|Modest||F|||50|]Charizard||CharizarditeY|Blaze|WeatherBall,HeatWave,SolarBeam,Protect|Modest||M|||50|
|showteam|p2|Tyranitar||Tyranitarite|SandStream|Protect,RockSlide,KnockOff,LowKick|Adamant||M|||50|]Floette-Eternal||Floettite|FlowerVeil|Protect,CalmMind,DrainingKiss,DazzlingGleam|Modest||F|||50|]Garchomp||ChoiceScarf|RoughSkin|DragonClaw,RockSlide,RockTomb,StompingTantrum|Adamant||M|||50|]Sinistcha||ColburBerry|Hospitality|MatchaGotcha,TrickRoom,RagePowder,LifeDew|Quiet|||||50|]Incineroar||SitrusBerry|Intimidate|FakeOut,FlareBlitz,Taunt,PartingShot|Adamant||F|||50|]Corviknight||Leftovers|MirrorArmor|Tailwind,IronHead,BulkUp,Protect|Careful||F|||50|
|inactive|Battle timer is ON: inactive players will automatically lose when time's up. (requested by d1mo22)
|
|t:|1785514922
|teamsize|p1|4
|teamsize|p2|4
|start
|switch|p1a: Archaludon|Archaludon, L50, M|100/100
|switch|p1b: Grimmsnarl|Grimmsnarl, L50, M, shiny|100/100
|switch|p2a: Floette|Floette-Eternal, L50, F|100/100
|switch|p2b: Incineroar|Incineroar, L50, F|100/100
|-ability|p2b: Incineroar|Intimidate|boost
|-unboost|p1a: Archaludon|atk|1
|-unboost|p1b: Grimmsnarl|atk|1
|turn|1
|
|t:|1785514939
|detailschange|p2a: Floette|Floette-Mega, L50, F
|-mega|p2a: Floette|Floette|Floettite
|-ability|p2a: Floette|Fairy Aura
|move|p2a: Floette|Calm Mind|p2a: Floette
|-boost|p2a: Floette|spa|1
|-boost|p2a: Floette|spd|1
|move|p1a: Archaludon|Flash Cannon|p2a: Floette
|-supereffective|p2a: Floette|1
|-damage|p2a: Floette|58/100
|move|p2b: Incineroar|Parting Shot|p1a: Archaludon
|-unboost|p1a: Archaludon|atk|1
|-unboost|p1a: Archaludon|spa|1
|
|t:|1785514950
|switch|p2b: Sinistcha|Sinistcha, L50|100/100|[from] Parting Shot
|-heal|p2a: Floette|83/100|[from] ability: Hospitality|[of] p2b: Sinistcha
|move|p1b: Grimmsnarl|Spirit Break|p2a: Floette
|-damage|p2a: Floette|51/100
|-unboost|p2a: Floette|spa|1
|
|upkeep
|turn|2
|
|t:|1785514969
|switch|p1a: Pelipper|Pelipper, L50, M|100/100
|-weather|RainDance|[from] ability: Drizzle|[of] p1a: Pelipper
|move|p2b: Sinistcha|Rage Powder|p2b: Sinistcha
|-singleturn|p2b: Sinistcha|move: Rage Powder
|move|p1b: Grimmsnarl|Light Screen|p1b: Grimmsnarl
|-sidestart|p1: d1mo22|move: Light Screen
|move|p2a: Floette|Calm Mind|p2a: Floette
|-boost|p2a: Floette|spa|1
|-boost|p2a: Floette|spd|1
|
|-weather|RainDance|[upkeep]
|upkeep
|turn|3
|
|t:|1785514983
|switch|p2b: Tyranitar|Tyranitar, L50, M|100/100
|-weather|Sandstorm|[from] ability: Sand Stream|[of] p2b: Tyranitar
|move|p1b: Grimmsnarl|Parting Shot|p2a: Floette
|-unboost|p2a: Floette|atk|1
|-unboost|p2a: Floette|spa|1
|
|t:|1785514989
|switch|p1b: Archaludon|Archaludon, L50, M|100/100|[from] Parting Shot
|move|p2a: Floette|Draining Kiss|p1b: Archaludon
|-damage|p1b: Archaludon|76/100
|-heal|p2a: Floette|73/100|[from] drain|[of] p1b: Archaludon
|-ability|p1b: Archaludon|Stamina|boost
|-boost|p1b: Archaludon|def|1
|move|p1a: Pelipper|Tailwind|p1a: Pelipper
|-sidestart|p1: d1mo22|move: Tailwind
|
|-weather|Sandstorm|[upkeep]
|-damage|p1a: Pelipper|93/100|[from] Sandstorm
|-damage|p2a: Floette|66/100|[from] Sandstorm
|-heal|p1b: Archaludon|82/100|[from] item: Leftovers
|upkeep
|turn|4
|
|t:|1785515007
|switch|p1a: Grimmsnarl|Grimmsnarl, L50, M, shiny|100/100
|move|p2a: Floette|Protect|p2a: Floette
|-singleturn|p2a: Floette|Protect
|move|p1b: Archaludon|Flash Cannon|p2b: Tyranitar
|-supereffective|p2b: Tyranitar|1
|-damage|p2b: Tyranitar|58/100
|move|p2b: Tyranitar|Knock Off|p1a: Grimmsnarl
|-resisted|p1a: Grimmsnarl|2
|-damage|p1a: Grimmsnarl|86/100
|-enditem|p1a: Grimmsnarl|Light Clay|[from] move: Knock Off|[of] p2b: Tyranitar
|
|-weather|Sandstorm|[upkeep]
|-damage|p1a: Grimmsnarl|80/100|[from] Sandstorm
|-damage|p2a: Floette|60/100|[from] Sandstorm
|-heal|p1b: Archaludon|88/100|[from] item: Leftovers
|upkeep
|turn|5
|
|t:|1785515017
|switch|p2b: Sinistcha|Sinistcha, L50|100/100
|-heal|p2a: Floette|85/100|[from] ability: Hospitality|[of] p2b: Sinistcha
|move|p1b: Archaludon|Flash Cannon|p2a: Floette
|-supereffective|p2a: Floette|1
|-damage|p2a: Floette|58/100
|move|p1a: Grimmsnarl|Spirit Break|p2a: Floette
|-damage|p2a: Floette|14/100
|-unboost|p2a: Floette|spa|1
|move|p2a: Floette|Calm Mind|p2a: Floette
|-boost|p2a: Floette|spa|1
|-boost|p2a: Floette|spd|1
|
|-weather|Sandstorm|[upkeep]
|-damage|p1a: Grimmsnarl|74/100|[from] Sandstorm
|-damage|p2a: Floette|8/100|[from] Sandstorm
|-damage|p2b: Sinistcha|93/100|[from] Sandstorm
|-heal|p1b: Archaludon|94/100|[from] item: Leftovers
|upkeep
|turn|6
|
|t:|1785515034
|move|p2b: Sinistcha|Rage Powder|p2b: Sinistcha
|-singleturn|p2b: Sinistcha|move: Rage Powder
|move|p1a: Grimmsnarl|Parting Shot|p2b: Sinistcha
|-unboost|p2b: Sinistcha|atk|1
|-unboost|p2b: Sinistcha|spa|1
|
|t:|1785515038
|switch|p1a: Pelipper|Pelipper, L50, M|93/100|[from] Parting Shot
|-weather|RainDance|[from] ability: Drizzle|[of] p1a: Pelipper
|move|p1b: Archaludon|Electro Shot||[still]
|-prepare|p1b: Archaludon|Electro Shot
|-boost|p1b: Archaludon|spa|1
|-anim|p1b: Archaludon|Electro Shot|p2b: Sinistcha
|-resisted|p2b: Sinistcha|1
|-damage|p2b: Sinistcha|61/100
|move|p2a: Floette|Draining Kiss|p1a: Pelipper
|-damage|p1a: Pelipper|62/100
|-heal|p2a: Floette|33/100|[from] drain|[of] p1a: Pelipper
|
|-weather|RainDance|[upkeep]
|-heal|p1b: Archaludon|100/100|[from] item: Leftovers
|-sideend|p1: d1mo22|move: Tailwind
|upkeep
|turn|7
|inactive|VGCPancakes has 30 seconds left.
|inactive|d1mo22 has 30 seconds left.
|
|t:|1785515080
|switch|p2b: Incineroar|Incineroar, L50, F|100/100
|-ability|p2b: Incineroar|Intimidate|boost
|-unboost|p1a: Pelipper|atk|1
|-unboost|p1b: Archaludon|atk|1
|move|p2a: Floette|Protect|p2a: Floette
|-singleturn|p2a: Floette|Protect
|move|p1b: Archaludon|Flash Cannon|p2b: Incineroar
|-resisted|p2b: Incineroar|1
|-damage|p2b: Incineroar|74/100
|move|p1a: Pelipper|Hurricane|p2b: Incineroar
|-damage|p2b: Incineroar|34/100
|-enditem|p2b: Incineroar|Sitrus Berry|[eat]
|-heal|p2b: Incineroar|59/100|[from] item: Sitrus Berry
|
|-weather|RainDance|[upkeep]
|upkeep
|turn|8
|
|t:|1785515098
|switch|p2b: Tyranitar|Tyranitar, L50, M|58/100
|-weather|Sandstorm|[from] ability: Sand Stream|[of] p2b: Tyranitar
|move|p2a: Floette|Calm Mind|p2a: Floette
|-boost|p2a: Floette|spa|1
|-boost|p2a: Floette|spd|1
|move|p1b: Archaludon|Flash Cannon|p2a: Floette
|-supereffective|p2a: Floette|1
|-damage|p2a: Floette|3/100
|move|p1a: Pelipper|Tailwind|p1a: Pelipper
|-sidestart|p1: d1mo22|move: Tailwind
|
|-weather|Sandstorm|[upkeep]
|-damage|p1a: Pelipper|56/100|[from] Sandstorm
|-damage|p2a: Floette|0 fnt|[from] Sandstorm
|faint|p2a: Floette
|upkeep
|
|t:|1785515110
|switch|p2a: Sinistcha|Sinistcha, L50|61/100
|-heal|p2b: Tyranitar|83/100|[from] ability: Hospitality|[of] p2a: Sinistcha
|turn|9
|
|t:|1785515120
|switch|p1a: Grimmsnarl|Grimmsnarl, L50, M, shiny|74/100
|move|p1b: Archaludon|Dragon Pulse|p2b: Tyranitar
|-damage|p2b: Tyranitar|54/100
|move|p2b: Tyranitar|Knock Off|p1b: Archaludon
|-damage|p1b: Archaludon|75/100
|-ability|p1b: Archaludon|Stamina|boost
|-boost|p1b: Archaludon|def|1
|-enditem|p1b: Archaludon|Leftovers|[from] move: Knock Off|[of] p2b: Tyranitar
|move|p2a: Sinistcha|Trick Room|p2a: Sinistcha
|-fieldstart|move: Trick Room|[of] p2a: Sinistcha
|
|-weather|Sandstorm|[upkeep]
|-damage|p2a: Sinistcha|55/100|[from] Sandstorm
|-damage|p1a: Grimmsnarl|68/100|[from] Sandstorm
|-sideend|p1: d1mo22|move: Light Screen
|upkeep
|turn|10
|
|t:|1785515144
|switch|p2b: Incineroar|Incineroar, L50, F|59/100
|-ability|p2b: Incineroar|Intimidate|boost
|-unboost|p1a: Grimmsnarl|atk|1
|-unboost|p1b: Archaludon|atk|1
|move|p1a: Grimmsnarl|Reflect|p1a: Grimmsnarl
|-sidestart|p1: d1mo22|Reflect
|move|p2a: Sinistcha|Matcha Gotcha|p1a: Grimmsnarl|[spread] p1a,p1b
|-resisted|p1b: Archaludon|2
|-damage|p1a: Grimmsnarl|45/100
|-heal|p2a: Sinistcha|68/100|[from] drain|[of] p1a: Grimmsnarl
|-damage|p1b: Archaludon|68/100
|-heal|p2a: Sinistcha|72/100|[from] drain|[of] p1b: Archaludon
|-ability|p1b: Archaludon|Stamina|boost
|-boost|p1b: Archaludon|def|1
|move|p1b: Archaludon|Flash Cannon|p2b: Incineroar
|-resisted|p2b: Incineroar|1
|-damage|p2b: Incineroar|34/100
|
|-weather|Sandstorm|[upkeep]
|-damage|p2a: Sinistcha|66/100|[from] Sandstorm
|-damage|p2b: Incineroar|28/100|[from] Sandstorm
|-damage|p1a: Grimmsnarl|39/100|[from] Sandstorm
|upkeep
|turn|11
|
|t:|1785515154
|move|p1a: Grimmsnarl|Parting Shot|p2b: Incineroar
|-hint|Since gen 7, Dark is immune to Prankster moves.
|-immune|p2b: Incineroar
|move|p2a: Sinistcha|Life Dew|p2a: Sinistcha|[spread] p2a,p2b
|-heal|p2a: Sinistcha|91/100
|-heal|p2b: Incineroar|53/100
|move|p2b: Incineroar|Parting Shot|p1b: Archaludon
|-unboost|p1b: Archaludon|atk|1
|-unboost|p1b: Archaludon|spa|1
|
|t:|1785515163
|switch|p2b: Tyranitar|Tyranitar, L50, M|54/100|[from] Parting Shot
|move|p1b: Archaludon|Electro Shot||[still]
|-prepare|p1b: Archaludon|Electro Shot
|-boost|p1b: Archaludon|spa|1
|
|-weather|Sandstorm|[upkeep]
|-damage|p2a: Sinistcha|85/100|[from] Sandstorm
|-damage|p1a: Grimmsnarl|33/100|[from] Sandstorm
|-sideend|p1: d1mo22|move: Tailwind
|upkeep
|turn|12
|
|t:|1785515169
|switch|p2b: Incineroar|Incineroar, L50, F|53/100
|-ability|p2b: Incineroar|Intimidate|boost
|-unboost|p1a: Grimmsnarl|atk|1
|-unboost|p1b: Archaludon|atk|1
|move|p1a: Grimmsnarl|Spirit Break|p2b: Incineroar
|-damage|p2b: Incineroar|39/100
|-unboost|p2b: Incineroar|spa|1
|move|p2a: Sinistcha|Matcha Gotcha|p1a: Grimmsnarl|[spread] p1b
|-miss|p2a: Sinistcha|p1a: Grimmsnarl
|-resisted|p1b: Archaludon|2
|-damage|p1b: Archaludon|61/100
|-heal|p2a: Sinistcha|89/100|[from] drain|[of] p1b: Archaludon
|-ability|p1b: Archaludon|Stamina|boost
|-boost|p1b: Archaludon|def|1
|move|p1b: Archaludon|Electro Shot|p2b: Incineroar|[from] lockedmove
|-damage|p2b: Incineroar|0 fnt
|faint|p2b: Incineroar
|
|-weather|none
|upkeep
|
|t:|1785515188
|switch|p2b: Tyranitar|Tyranitar, L50, M|54/100
|-weather|Sandstorm|[from] ability: Sand Stream|[of] p2b: Tyranitar
|turn|13
|
|t:|1785515200
|switch|p1a: Pelipper|Pelipper, L50, M|56/100
|-weather|RainDance|[from] ability: Drizzle|[of] p1a: Pelipper
|move|p2a: Sinistcha|Life Dew|p2a: Sinistcha|[spread] p2a,p2b
|-heal|p2a: Sinistcha|100/100
|-heal|p2b: Tyranitar|79/100
|move|p2b: Tyranitar|Rock Slide|p1a: Pelipper|[spread] p1a,p1b
|-supereffective|p1a: Pelipper|1
|-resisted|p1b: Archaludon|1
|-damage|p1a: Pelipper|14/100
|-damage|p1b: Archaludon|59/100
|-ability|p1b: Archaludon|Stamina|boost
|-boost|p1b: Archaludon|def|1
|-enditem|p1a: Pelipper|Sitrus Berry|[eat]
|-heal|p1a: Pelipper|39/100|[from] item: Sitrus Berry
|move|p1b: Archaludon|Electro Shot||[still]
|-prepare|p1b: Archaludon|Electro Shot
|-boost|p1b: Archaludon|spa|1
|-anim|p1b: Archaludon|Electro Shot|p2b: Tyranitar
|-damage|p2b: Tyranitar|11/100
|
|-weather|RainDance|[upkeep]
|-fieldend|move: Trick Room
|upkeep
|turn|14
|
|t:|1785515213
|move|p2a: Sinistcha|Rage Powder|p2a: Sinistcha
|-singleturn|p2a: Sinistcha|move: Rage Powder
|move|p1b: Archaludon|Electro Shot||[still]
|-prepare|p1b: Archaludon|Electro Shot
|-boost|p1b: Archaludon|spa|1
|-anim|p1b: Archaludon|Electro Shot|p2a: Sinistcha
|-resisted|p2a: Sinistcha|1
|-damage|p2a: Sinistcha|52/100
|move|p1a: Pelipper|Hurricane|p2a: Sinistcha
|-supereffective|p2a: Sinistcha|1
|-damage|p2a: Sinistcha|0 fnt
|faint|p2a: Sinistcha
|move|p2b: Tyranitar|Knock Off|p1a: Pelipper
|-crit|p1a: Pelipper
|-damage|p1a: Pelipper|0 fnt
|faint|p1a: Pelipper
|
|-weather|RainDance|[upkeep]
|-sideend|p1: d1mo22|Reflect
|upkeep
|
|t:|1785515218
|switch|p1a: Swampert|Swampert, L50, M|100/100
|turn|15
|
|t:|1785515224
|detailschange|p1a: Swampert|Swampert-Mega, L50, M
|-mega|p1a: Swampert|Swampert|Swampertite
|move|p1a: Swampert|Wave Crash|p2b: Tyranitar
|-supereffective|p2b: Tyranitar|1
|-damage|p2b: Tyranitar|0 fnt
|faint|p2b: Tyranitar
|-damage|p1a: Swampert|95/100|[from] Recoil
|
|win|d1mo22
||VGCPancakes is ready for game 3.
|inactive|d1mo22 has 30 seconds to confirm battle start!
