|j|☆the_foxdark
|j|☆TreTrainer5252
|html|the_foxdarkTreTrainer5252    
|uhtml|bestof|Game 2 of a best-of-3
|t:|1756833852
|gametype|doubles
|player|p1|the_foxdark|richboy-gen4|1032
|player|p2|TreTrainer5252|linebacker|1073
|gen|9
|tier|[Gen 9] VGC 2025 Reg H (Bo3)
|rated|
|rule|Species Clause: Limit one of each Pokémon
|rule|Item Clause: Limit 1 of each item
|clearpoke
|poke|p1|Politoed, L50, M|
|poke|p1|Gothitelle, L50, F|
|poke|p1|Incineroar, L50, F|
|poke|p1|Amoonguss, L50, M|
|poke|p1|Kingdra, L50, M|
|poke|p1|Archaludon, L50, F|
|poke|p2|Maushold-Four, L50|
|poke|p2|Primarina, L50, M|
|poke|p2|Archaludon, L50, F|
|poke|p2|Annihilape, L50, M|
|poke|p2|Amoonguss, L50, M|
|poke|p2|Incineroar, L50, M|
|teampreview|4
|showteam|p1|Politoed||Leftovers|Drizzle|Protect,WeatherBall,PerishSong,Encore|||M|||50|,,,,,Grass]Gothitelle||SitrusBerry|ShadowTag|Protect,Psychic,FakeOut,TrickRoom|||F|||50|,,,,,Dark]Incineroar||SafetyGoggles|Intimidate|Protect,KnockOff,FakeOut,PartingShot|||F|||50|,,,,,Ghost]Amoonguss||EjectButton|Regenerator|Protect,RagePowder,PollenPuff,Spore|||M|||50|,,,,,Fairy]Kingdra||LifeOrb|SwiftSwim|Protect,WeatherBall,DracoMeteor,MuddyWater|||M|||50|,,,,,Stellar]Archaludon||PowerHerb|Sturdy|Protect,ElectroShot,DragonPulse,FlashCannon|||F|||50|,,,,,Electric
|showteam|p2|Maushold-Four||FocusSash|FriendGuard|BeatUp,Protect,FollowMe,PopulationBomb||||||50|,,,,,Ghost]Primarina||ThroatSpray|LiquidVoice|Haze,Protect,Moonblast,HyperVoice|||M|||50|,,,,,Grass]Archaludon||PowerHerb|Stamina|Snarl,BodyPress,ElectroShot,FlashCannon|||F|||50|,,,,,Fairy]Annihilape||Leftovers|Defiant|Protect,RageFist,DrainPunch,FinalGambit|||M|||50|,,,,,Fire]Amoonguss||SitrusBerry|Regenerator|Spore,Protect,PollenPuff,RagePowder|||M|||50|,,,,,Water]Incineroar||AssaultVest|Intimidate|Uturn,KnockOff,FlareBlitz,FakeOut|||M|||50|,,,,,Grass
|inactive|Battle timer is ON: inactive players will automatically lose when time's up. (requested by TreTrainer5252)
|
|t:|1756833865
|teamsize|p1|4
|teamsize|p2|4
|start
|switch|p1a: Gothitelle|Gothitelle, L50, F|100/100
|switch|p1b: Politoed|Politoed, L50, M|100/100
|switch|p2a: Reunion|Maushold-Four, L50|100/100
|switch|p2b: Pazoo|Annihilape, L50, M, shiny|100/100
|-weather|RainDance|[from] ability: Drizzle|[of] p1b: Politoed
|turn|1
|
|t:|1756833886
|-terastallize|p2a: Reunion|Ghost
|move|p1a: Gothitelle|Protect|p1a: Gothitelle
|-singleturn|p1a: Gothitelle|Protect
|move|p2a: Reunion|Beat Up|p2b: Pazoo
|-damage|p2b: Pazoo|99/100
|-damage|p2b: Pazoo|97/100
|-damage|p2b: Pazoo|95/100
|-damage|p2b: Pazoo|93/100
|-hitcount|p2b: Pazoo|4
|move|p2b: Pazoo|Rage Fist|p1a: Gothitelle
|-activate|p1a: Gothitelle|move: Protect
|move|p1b: Politoed|Perish Song|p1b: Politoed
|-start|p1a: Gothitelle|perish3|[silent]
|-start|p1b: Politoed|perish3|[silent]
|-start|p2a: Reunion|perish3|[silent]
|-start|p2b: Pazoo|perish3|[silent]
|-fieldactivate|move: Perish Song
|
|-weather|RainDance|[upkeep]
|-heal|p2b: Pazoo|99/100|[from] item: Leftovers
|-start|p2a: Reunion|perish3
|-start|p2b: Pazoo|perish3
|-start|p1b: Politoed|perish3
|-start|p1a: Gothitelle|perish3
|upkeep
|turn|2
|inactive|the_foxdark has 30 seconds left.
|inactive|the_foxdark has 20 seconds left.
|
|t:|1756833925
|switch|p1b: Incineroar|Incineroar, L50, F|100/100
|-ability|p1b: Incineroar|Intimidate|boost
|-unboost|p2a: Reunion|atk|1
|-unboost|p2b: Pazoo|atk|1
|-ability|p2b: Pazoo|Defiant|boost
|-boost|p2b: Pazoo|atk|2
|move|p2a: Reunion|Beat Up|p2b: Pazoo
|-damage|p2b: Pazoo|98/100
|-damage|p2b: Pazoo|97/100
|-damage|p2b: Pazoo|96/100
|-damage|p2b: Pazoo|94/100
|-hitcount|p2b: Pazoo|4
|move|p2b: Pazoo|Rage Fist|p1a: Gothitelle
|-supereffective|p1a: Gothitelle
|-damage|p1a: Gothitelle|0 fnt
|faint|p1a: Gothitelle
|
|-weather|RainDance|[upkeep]
|-heal|p2b: Pazoo|100/100|[from] item: Leftovers
|-start|p2a: Reunion|perish2
|-start|p2b: Pazoo|perish2
|upkeep
|
|t:|1756833944
|switch|p1a: Kingdra|Kingdra, L50, M|100/100
|turn|3
|
|t:|1756833961
|move|p2a: Reunion|Follow Me|p2a: Reunion
|-singleturn|p2a: Reunion|move: Follow Me
|move|p1a: Kingdra|Muddy Water|p2a: Reunion|[spread] p2b
|-miss|p1a: Kingdra|p2a: Reunion
|-damage|p2b: Pazoo|64/100
|-damage|p1a: Kingdra|91/100|[from] item: Life Orb
|move|p2b: Pazoo|Rage Fist|p1a: Kingdra
|-damage|p1a: Kingdra|0 fnt
|faint|p1a: Kingdra
|move|p1b: Incineroar|Knock Off|p2a: Reunion
|-supereffective|p2a: Reunion
|-damage|p2a: Reunion|14/100
|-enditem|p2a: Reunion|Focus Sash|[from] move: Knock Off|[of] p1b: Incineroar
|
|-weather|RainDance|[upkeep]
|-heal|p2b: Pazoo|70/100|[from] item: Leftovers
|-start|p2a: Reunion|perish1
|-start|p2b: Pazoo|perish1
|upkeep
|
|t:|1756833978
|switch|p1a: Politoed|Politoed, L50, M|100/100
|turn|4
|
|t:|1756833999
|switch|p2a: Amoonguss|Amoonguss, L50, M, shiny|100/100
|switch|p2b: Archaludon|Archaludon, L50, F, shiny|100/100
|move|p1a: Politoed|Protect|p1a: Politoed
|-singleturn|p1a: Politoed|Protect
|move|p1b: Incineroar|Protect||[still]
|-fail|p1b: Incineroar
|
|-weather|RainDance|[upkeep]
|upkeep
|turn|5
|
|t:|1756834023
|-terastallize|p1a: Politoed|Grass
|move|p2b: Archaludon|Electro Shot||[still]
|-prepare|p2b: Archaludon|Electro Shot
|-boost|p2b: Archaludon|spa|1
|-anim|p2b: Archaludon|Electro Shot|p1a: Politoed
|-resisted|p1a: Politoed
|-damage|p1a: Politoed|79/100
|move|p1a: Politoed|Weather Ball|p2a: Amoonguss
|-resisted|p2a: Amoonguss
|-damage|p2a: Amoonguss|81/100
|move|p1b: Incineroar|Knock Off|p2b: Archaludon
|-damage|p2b: Archaludon|71/100
|-ability|p2b: Archaludon|Stamina|boost
|-boost|p2b: Archaludon|def|1
|-enditem|p2b: Archaludon|Power Herb|[from] move: Knock Off|[of] p1b: Incineroar
|move|p2a: Amoonguss|Spore|p1b: Incineroar
|-activate|p1b: Incineroar|item: Safety Goggles|Spore
|
|-weather|none
|-heal|p1a: Politoed|85/100|[from] item: Leftovers
|upkeep
|turn|6
|inactive|the_foxdark has 30 seconds left.
|
|t:|1756834048
|move|p2b: Archaludon|Body Press|p1b: Incineroar
|-supereffective|p1b: Incineroar
|-damage|p1b: Incineroar|30/100
|move|p1a: Politoed|Weather Ball|p2a: Amoonguss
|-damage|p2a: Amoonguss|72/100
|move|p1b: Incineroar|Knock Off|p2a: Amoonguss
|-damage|p2a: Amoonguss|43/100
|-enditem|p2a: Amoonguss|Sitrus Berry|[from] move: Knock Off|[of] p1b: Incineroar
|move|p2a: Amoonguss|Pollen Puff|p2b: Archaludon
|-heal|p2b: Archaludon|100/100
|
|-heal|p1a: Politoed|91/100|[from] item: Leftovers
|upkeep
|turn|7
|-message|the_foxdark forfeited.
|
|win|TreTrainer5252
|l|☆the_foxdark
|player|p1|
