|j|☆plusjoe
|j|☆MCFIC1
|html|plusjoeMCFIC1    
|uhtml|bestof|Game 2 of a best-of-3
|t:|1784679873
|gametype|doubles
|player|p1|plusjoe|170|
|player|p2|MCFIC1|ltsurge|
|gen|9
|tier|[Gen 9 Champions] VGC 2026 Reg M-B (Bo3)
|rule|Species Clause: Limit one of each Pokémon
|rule|Item Clause: Limit 1 of each item
|clearpoke
|poke|p1|Delphox, L50, F|
|poke|p1|Serperior, L50, M|
|poke|p1|Aggron, L50, M|
|poke|p1|Kommo-o, L50, M|
|poke|p1|Milotic, L50, F|
|poke|p1|Wyrdeer, L50, M|
|poke|p2|Raichu, L50, M, shiny|
|poke|p2|Drampa, L50, M, shiny|
|poke|p2|Azumarill, L50, M, shiny|
|poke|p2|Rhyperior, L50, M, shiny|
|poke|p2|Reuniclus, L50, M, shiny|
|poke|p2|Kingambit, L50, M, shiny|
|teampreview|4
|showteam|p1|Delphox||Delphoxite|Blaze|Psychic,CalmMind,DazzlingGleam,MysticalFire|Timid||F|||50|]Serperior||SitrusBerry|Contrary|LeafStorm,DragonPulse,Protect,LightScreen|Timid||M|||50|]Aggron||Aggronite|HeavyMetal|IronDefense,BodyPress,HighHorsepower,HeavySlam|Sassy||M|||50|]Kommo-o||DragonFang|Bulletproof|ClangorousSoul,DragonClaw,CloseCombat,ThunderPunch|Adamant||M|||50|]Milotic||Leftovers|Competitive|MuddyWater,LifeDew,Hypnosis,IceBeam|Calm||F|||50|]Wyrdeer||ColburBerry|Intimidate|PsyshieldBash,TrickRoom,Hypnosis,Gravity|Careful||M|||50|
|showteam|p2|Raichu||RaichuniteY|LightningRod|ZapCannon,AlluringVoice,FocusBlast,FakeOut|Timid||M|||50|]Drampa||Drampanite|Berserk|DracoMeteor,HyperVoice,Flamethrower,Thunderbolt|Modest||M|||50|]Azumarill||SitrusBerry|HugePower|BellyDrum,AquaJet,Liquidation,PlayRough|Adamant||M|||50|]Rhyperior||LifeOrb|SolidRock|Earthquake,TemperFlare,IcePunch,FlashCannon|Adamant||M|||50|]Reuniclus||QuickClaw|MagicGuard|Psychic,TrickRoom,EnergyBall,FlashCannon|Quiet||M|||50|]Kingambit||Leftovers|SupremeOverlord|KowtowCleave,SuckerPunch,IronHead,LowKick|Adamant||M|||50|
|
|t:|1784679899
|teamsize|p1|4
|teamsize|p2|4
|start
|switch|p1a: Snek|Serperior, L50, M|100/100
|switch|p1b: Weird Snek|Kommo-o, L50, M|100/100
|switch|p2a: Fetus|Reuniclus, L50, M, shiny|100/100
|switch|p2b: Azula|Azumarill, L50, M, shiny|100/100
|turn|1
|
|t:|1784679922
|move|p1a: Snek|Leaf Storm|p2b: Azula
|-supereffective|p2b: Azula|1
|-damage|p2b: Azula|34/100
|-boost|p1a: Snek|spa|2
|-enditem|p2b: Azula|Sitrus Berry|[eat]
|-heal|p2b: Azula|59/100|[from] item: Sitrus Berry
|move|p1b: Weird Snek|Thunder Punch|p2b: Azula
|-supereffective|p2b: Azula|1
|-damage|p2b: Azula|2/100
|move|p2b: Azula|Belly Drum||[still]
|-fail|p2b: Azula
|move|p2a: Fetus|Trick Room|p2a: Fetus
|-fieldstart|move: Trick Room|[of] p2a: Fetus
|
|upkeep
|turn|2
|
|t:|1784679954
|move|p2a: Fetus|Psychic|p1b: Weird Snek
|-supereffective|p1b: Weird Snek|1
|-damage|p1b: Weird Snek|0 fnt
|faint|p1b: Weird Snek
|move|p2b: Azula|Play Rough|p1a: Snek
|-damage|p1a: Snek|41/100
|-boost|p1a: Snek|atk|1
|-enditem|p1a: Snek|Sitrus Berry|[eat]
|-heal|p1a: Snek|65/100|[from] item: Sitrus Berry
|move|p1a: Snek|Leaf Storm|p2b: Azula
|-supereffective|p2b: Azula|1
|-damage|p2b: Azula|0 fnt
|-boost|p1a: Snek|spa|2
|faint|p2b: Azula
|
|upkeep
|
|t:|1784679982
|switch|p2b: EddieHall|Rhyperior, L50, M, shiny|100/100
|switch|p1b: THE WALL|Aggron, L50, M|100/100
|turn|3
|
|t:|1784680004
|move|p2a: Fetus|Energy Ball|p1b: THE WALL
|-damage|p1b: THE WALL|67/100
|-unboost|p1b: THE WALL|spd|1
|move|p2b: EddieHall|Temper Flare|p1a: Snek
|-supereffective|p1a: Snek|1
|-damage|p1a: Snek|0 fnt
|faint|p1a: Snek
|-damage|p2b: EddieHall|90/100|[from] item: Life Orb
|move|p1b: THE WALL|Iron Defense|p1b: THE WALL
|-boost|p1b: THE WALL|def|2
|
|upkeep
|
|t:|1784680015
|switch|p1a: WackyFox|Delphox, L50, F|100/100
|turn|4
|
|t:|1784680039
|move|p2a: Fetus|Psychic|p1a: WackyFox
|-resisted|p1a: WackyFox|1
|-damage|p1a: WackyFox|69/100
|move|p2b: EddieHall|Temper Flare|p1b: THE WALL
|-damage|p1b: THE WALL|55/100
|-damage|p2b: EddieHall|80/100|[from] item: Life Orb
|move|p1b: THE WALL|Heavy Slam|p2b: EddieHall
|-supereffective|p2b: EddieHall|1
|-damage|p2b: EddieHall|59/100
|move|p1a: WackyFox|Calm Mind|p1a: WackyFox
|-boost|p1a: WackyFox|spa|1
|-boost|p1a: WackyFox|spd|1
|
|upkeep
|turn|5
|
|t:|1784680077
|detailschange|p1a: WackyFox|Delphox-Mega, L50, F
|-mega|p1a: WackyFox|Delphox|Delphoxite
|move|p2a: Fetus|Psychic|p1b: THE WALL
|-resisted|p1b: THE WALL|1
|-crit|p1b: THE WALL
|-damage|p1b: THE WALL|0 fnt
|faint|p1b: THE WALL
|move|p2b: EddieHall|Earthquake|p1a: WackyFox|[spread] p2a
|-immune|p1a: WackyFox|[from] ability: Levitate
|-damage|p2a: Fetus|51/100
|-damage|p2b: EddieHall|50/100y|[from] item: Life Orb
|move|p1a: WackyFox|Dazzling Gleam|p2b: EddieHall|[spread] p2a,p2b
|-damage|p2a: Fetus|19/100
|-damage|p2b: EddieHall|18/100
|
|-fieldend|move: Trick Room
|upkeep
|turn|6
|-activate|p2a: Fetus|item: Quick Claw
|
|t:|1784680122
|move|p1a: WackyFox|Dazzling Gleam|p2a: Fetus|[spread] p2a,p2b
|-damage|p2a: Fetus|0 fnt
|-damage|p2b: EddieHall|0 fnt
|faint|p2a: Fetus
|faint|p2b: EddieHall
|
|upkeep
|
|t:|1784680158
|switch|p2b: Ogopogo|Drampa, L50, M, shiny|100/100
|turn|7
|
|t:|1784680169
|detailschange|p2b: Ogopogo|Drampa-Mega, L50, M, shiny
|-mega|p2b: Ogopogo|Drampa|Drampanite
|move|p1a: WackyFox|Dazzling Gleam|p2b: Ogopogo
|-supereffective|p2b: Ogopogo|1
|-damage|p2b: Ogopogo|17/100
|-ability|p2b: Ogopogo|Berserk|boost
|-boost|p2b: Ogopogo|spa|1
|move|p2b: Ogopogo|Draco Meteor|p1a: WackyFox
|-damage|p1a: WackyFox|0 fnt
|-unboost|p2b: Ogopogo|spa|2
|faint|p1a: WackyFox
|
|win|MCFIC1
|inactive|plusjoe has 30 seconds to confirm battle start!
|inactive|MCFIC1 has 30 seconds to confirm battle start!
||MCFIC1 is ready for game 3.
