|j|☆spiritneko666
|j|☆Jj18697
|html|spiritneko666Jj18697    
|uhtml|bestof|Game 2 of a best-of-3
|t:|1756367884
|gametype|doubles
|player|p1|spiritneko666|psychic-gen4|1204
|player|p2|Jj18697|265|1174
|gen|9
|tier|[Gen 9] VGC 2025 Reg H (Bo3)
|rated|
|rule|Species Clause: Limit one of each Pokémon
|rule|Item Clause: Limit 1 of each item
|clearpoke
|poke|p1|Sneasler, L50, F|
|poke|p1|Indeedee, L50, M|
|poke|p1|Ursaluna-Bloodmoon, L50, M|
|poke|p1|Electabuzz, L50, F|
|poke|p1|Incineroar, L50, M|
|poke|p1|Talonflame, L50, M|
|poke|p2|Gholdengo, L50|
|poke|p2|Dragonite, L50, F|
|poke|p2|Ninetales-Alola, L50, F|
|poke|p2|Rillaboom, L50, F|
|poke|p2|Magmar, L50, M|
|poke|p2|Ursaluna-Bloodmoon, L50, M|
|teampreview|4
|showteam|p1|Sneasler||PsychicSeed|Unburden|CloseCombat,DireClaw,ThroatChop,Protect|||F|||50|,,,,,Dark]Indeedee||FocusSash|PsychicSurge|ExpandingForce,TrickRoom,HelpingHand,Protect|||M|||50|,,,,,Psychic]Ursaluna-Bloodmoon||LifeOrb|MindsEye|BloodMoon,HyperVoice,EarthPower,Protect|||M|||50|,,,,,Normal]Electabuzz||Eviolite|VitalSpirit|Electroweb,FollowMe,Taunt,Protect|||F|||50|,,,,,Dragon]Incineroar||SafetyGoggles|Intimidate|FlareBlitz,KnockOff,PartingShot,FakeOut|||M|||50|,,,,,Ghost]Talonflame||CovertCloak|GaleWings|FlareBlitz,DualWingbeat,WillOWisp,Tailwind|||M|||50|,,,,,Fairy
|showteam|p2|Gholdengo||GrassySeed|GoodasGold|MakeItRain,ShadowBall,NastyPlot,Protect||||||50|,,,,,Water]Dragonite||LoadedDice|Multiscale|ScaleShot,Tailwind,LowKick,Protect|||F|||50|,,,,,Fairy]Ninetales-Alola||FocusSash|SnowWarning|AuroraVeil,IcyWind,FreezeDry,Encore|||F|||50|,,,,,Ghost]Rillaboom||AssaultVest|GrassySurge|FakeOut,WoodHammer,GrassyGlide,Uturn|||F|||50|,,,,,Fire]Magmar||Eviolite|FlameBody|HeatWave,FollowMe,Taunt,ClearSmog|||M|||50|,,,,,Ghost]Ursaluna-Bloodmoon||LifeOrb|MindsEye|BloodMoon,HyperVoice,EarthPower,Protect|||M|||50|,,,,,Normal
|inactive|Battle timer is ON: inactive players will automatically lose when time's up. (requested by Jj18697)
|inactive|spiritneko666 also wants the timer to be on.
|
|t:|1756367908
|teamsize|p1|4
|teamsize|p2|4
|start
|switch|p1a: Shrike|Talonflame, L50, M|100/100
|switch|p1b: Ursaluna|Ursaluna-Bloodmoon, L50, M|100/100
|switch|p2a: Magmar|Magmar, L50, M|100/100
|switch|p2b: Gholdengo|Gholdengo, L50|100/100
|turn|1
|
|t:|1756367922
|-terastallize|p1b: Ursaluna|Normal
|move|p2b: Gholdengo|Protect|p2b: Gholdengo
|-singleturn|p2b: Gholdengo|Protect
|move|p1a: Shrike|Tailwind|p1a: Shrike
|-sidestart|p1: spiritneko666|move: Tailwind
|move|p1b: Ursaluna|Hyper Voice|p2b: Gholdengo|[spread] p2a
|-activate|p2b: Gholdengo|move: Protect
|-damage|p2a: Magmar|46/100
|-damage|p1b: Ursaluna|91/100|[from] item: Life Orb
|move|p2a: Magmar|Heat Wave|p1b: Ursaluna|[spread] p1a
|-miss|p2a: Magmar|p1b: Ursaluna
|-resisted|p1a: Shrike
|-damage|p1a: Shrike|82/100
|
|upkeep
|turn|2
|c|☆spiritneko666|rip
|inactive|spiritneko666 has 30 seconds left.
|
|t:|1756367950
|-terastallize|p2b: Gholdengo|Water
|move|p1b: Ursaluna|Protect|p1b: Ursaluna
|-singleturn|p1b: Ursaluna|Protect
|move|p2a: Magmar|Follow Me|p2a: Magmar
|-singleturn|p2a: Magmar|move: Follow Me
|move|p1a: Shrike|Dual Wingbeat|p2a: Magmar
|-damage|p2a: Magmar|35/100
|-damage|p2a: Magmar|24/100
|-hitcount|p2a: Magmar|2
|move|p2b: Gholdengo|Make It Rain|p1b: Ursaluna|[spread] p1a
|-activate|p1b: Ursaluna|move: Protect
|-resisted|p1a: Shrike
|-damage|p1a: Shrike|48/100
|-unboost|p2b: Gholdengo|spa|1
|
|upkeep
|turn|3
|
|t:|1756367969
|move|p2b: Gholdengo|Protect|p2b: Gholdengo
|-singleturn|p2b: Gholdengo|Protect
|move|p1a: Shrike|Dual Wingbeat|p2a: Magmar
|-damage|p2a: Magmar|14/100
|-damage|p2a: Magmar|3/100
|-hitcount|p2a: Magmar|2
|move|p1b: Ursaluna|Hyper Voice|p2a: Magmar|[spread] p2a
|-activate|p2b: Gholdengo|move: Protect
|-damage|p2a: Magmar|0 fnt
|faint|p2a: Magmar
|-damage|p1b: Ursaluna|81/100|[from] item: Life Orb
|
|upkeep
|
|t:|1756367971
|switch|p2a: Rillaboom|Rillaboom, L50, F, shiny|100/100
|-fieldstart|move: Grassy Terrain|[from] ability: Grassy Surge|[of] p2a: Rillaboom
|-enditem|p2b: Gholdengo|Grassy Seed
|-boost|p2b: Gholdengo|def|1|[from] item: Grassy Seed
|turn|4
|
|t:|1756367983
|switch|p1a: Indeedee|Indeedee, L50, M|100/100
|-fieldstart|move: Psychic Terrain|[from] ability: Psychic Surge|[of] p1a: Indeedee
|switch|p2a: Ninetales|Ninetales-Alola, L50, F|100/100
|-weather|Snowscape|[from] ability: Snow Warning|[of] p2a: Ninetales
|move|p1b: Ursaluna|Hyper Voice|p2b: Gholdengo|[spread] p2a,p2b
|-damage|p2a: Ninetales|31/100
|-damage|p2b: Gholdengo|21/100
|-damage|p1b: Ursaluna|72/100|[from] item: Life Orb
|move|p2b: Gholdengo|Nasty Plot|p2b: Gholdengo
|-boost|p2b: Gholdengo|spa|2
|
|-weather|Snowscape|[upkeep]
|-sideend|p1: spiritneko666|move: Tailwind
|upkeep
|turn|5
|inactive|spiritneko666 has 30 seconds left.
|
|t:|1756368009
|move|p2a: Ninetales|Freeze-Dry|p1a: Indeedee
|-damage|p1a: Indeedee|73/100
|move|p1a: Indeedee|Expanding Force|p2a: Ninetales|[spread] p2a,p2b
|-damage|p2a: Ninetales|0 fnt
|-damage|p2b: Gholdengo|0 fnt
|faint|p2a: Ninetales
|faint|p2b: Gholdengo
|move|p1b: Ursaluna|Hyper Voice|p2: Ninetales|[notarget]
|-fail|p1b: Ursaluna
|
|-weather|Snowscape|[upkeep]
|upkeep
|
|t:|1756368026
|switch|p2b: Rillaboom|Rillaboom, L50, F, shiny|100/100
|-fieldstart|move: Grassy Terrain|[from] ability: Grassy Surge|[of] p2b: Rillaboom
|turn|6
|c|☆spiritneko666|yeah i would have lost game 1 if sneasler didnt dropped the dire claw or got poison
|
|t:|1756368048
|switch|p1a: Shrike|Talonflame, L50, M|48/100
|move|p2b: Rillaboom|Wood Hammer|p1b: Ursaluna
|-damage|p1b: Ursaluna|13/100
|-damage|p2b: Rillaboom|83/100|[from] Recoil
|move|p1b: Ursaluna|Blood Moon|p2b: Rillaboom
|-damage|p2b: Rillaboom|0 fnt
|faint|p2b: Rillaboom
|-damage|p1b: Ursaluna|4/100|[from] item: Life Orb
|
|win|spiritneko666
|raw|spiritneko666's rating: 1204 → 1227(+23 for winning)
|raw|Jj18697's rating: 1174 → 1151(-23 for losing)
