|j|☆Enzo0215
|j|‽Beowolf Ruby Rose
|html|Enzo0215Beowolf Ruby Rose    
|uhtml|bestof|Game 1 of a best-of-3
|t:|1782317946
|gametype|doubles
|player|p1|Enzo0215|170|1000
|player|p2|Beowolf Ruby Rose|pokekid|1000
|gen|9
|tier|[Gen 9 Champions] VGC 2026 Reg M-B (Bo3)
|rated|
|rule|Species Clause: Limit one of each Pokémon
|rule|Item Clause: Limit 1 of each item
|clearpoke
|poke|p1|Dragalge, L50, F|
|poke|p1|Pelipper, L50, F|
|poke|p1|Incineroar, L50, M|
|poke|p1|Basculegion, L50, M|
|poke|p1|Staraptor, L50, F|
|poke|p1|Whimsicott, L50, F|
|poke|p2|Staraptor, L50, F|
|poke|p2|Whimsicott, L50, F|
|poke|p2|Chandelure, L50, F|
|poke|p2|Maushold-Four, L50|
|poke|p2|Arcanine-Hisui, L50, F|
|poke|p2|Lopunny, L50, F|
|teampreview|4
|showteam|p1|Dragalge||Dragalgite|Adaptability|ToxicSpikes,Venoshock,FlipTurn,DracoMeteor|Bold||F|||50|]Pelipper||DampRock|Drizzle|WideGuard,Hurricane,WeatherBall,Tailwind|Modest||F|||50|]Incineroar||ChopleBerry|Intimidate|PartingShot,FakeOut,ThroatChop,DarkestLariat|Jolly||M|||50|]Basculegion||MysticWater|SwiftSwim|FlipTurn,WaveCrash,LastRespects,Protect|Adamant||M|||50|]Staraptor||Staraptite|Intimidate|CloseCombat,BraveBird,BrickBreak,Protect|Jolly||F|||50|]Whimsicott||FocusSash|Prankster|Tailwind,Charm,Taunt,GigaDrain|Bold||F|||50|
|showteam|p2|Staraptor||Staraptite|Intimidate|CloseCombat,Uturn,BraveBird,Protect|Jolly||F|||50|]Whimsicott||FocusSash|Prankster|Taunt,Encore,Charm,CottonSpore|Calm||F|||50|]Chandelure||LifeOrb|Infiltrator|Flamethrower,ShadowBall,EnergyBall,Psychic|Modest||F|||50|]Maushold-Four||SitrusBerry|FriendGuard|Taunt,Encore,ThunderWave,AfterYou|Bold|||||50|]Arcanine-Hisui||ChoiceScarf|RockHead|FlareBlitz,HeadSmash,WildCharge,ExtremeSpeed|Adamant||F|||50|]Lopunny||ExpertBelt|CuteCharm|Uturn,FakeOut,CloseCombat,TripleAxel|Adamant||F|||50|
|inactive|Battle timer is ON: inactive players will automatically lose when time's up. (requested by Enzo0215)
|
|t:|1782317966
|teamsize|p1|4
|teamsize|p2|4
|start
|switch|p1a: Dragalge|Dragalge, L50, F|100/100
|switch|p1b: Incineroar|Incineroar, L50, M|100/100
|switch|p2a: Chandelure|Chandelure, L50, F|100/100
|switch|p2b: Maushold|Maushold-Four, L50|100/100
|-ability|p1b: Incineroar|Intimidate|boost
|-unboost|p2a: Chandelure|atk|1
|-unboost|p2b: Maushold|atk|1
|turn|1
|
|t:|1782317984
|detailschange|p1a: Dragalge|Dragalge-Mega, L50, F
|-mega|p1a: Dragalge|Dragalge|Dragalgite
|move|p1b: Incineroar|Fake Out|p2b: Maushold
|-damage|p2b: Maushold|88/100
|move|p2a: Chandelure|Psychic|p1a: Dragalge
|-supereffective|p1a: Dragalge|1
|-damage|p1a: Dragalge|31/100
|-damage|p2a: Chandelure|90/100|[from] item: Life Orb
|cant|p2b: Maushold|flinch
|move|p1a: Dragalge|Toxic Spikes|p2b: Maushold
|-sidestart|p2: Beowolf Ruby Rose|move: Toxic Spikes
|
|upkeep
|turn|2
|
|t:|1782318009
|-heal|p1a: Dragalge|65/100|[from] ability: Regenerator|[silent]
|switch|p1a: Pelipper|Pelipper, L50, F|100/100
|-weather|RainDance|[from] ability: Drizzle|[of] p1a: Pelipper
|move|p2a: Chandelure|Psychic|p1a: Pelipper
|-damage|p1a: Pelipper|44/100
|-damage|p2a: Chandelure|81/100|[from] item: Life Orb
|move|p2b: Maushold|Encore|p1b: Incineroar
|-start|p1b: Incineroar|Encore
|move|p1b: Incineroar|Fake Out||[still]
|-hint|Fake Out only works on your first turn out.
|-fail|p1b: Incineroar
|
|-weather|RainDance|[upkeep]
|upkeep
|turn|3
|
|t:|1782318029
|switch|p1b: Basculegion|Basculegion, L50, M|100/100
|move|p2a: Chandelure|Psychic|p1a: Pelipper
|-damage|p1a: Pelipper|0 fnt
|faint|p1a: Pelipper
|-damage|p2a: Chandelure|71/100|[from] item: Life Orb
|move|p2b: Maushold|Thunder Wave|p1b: Basculegion|[miss]
|-miss|p2b: Maushold|p1b: Basculegion
|
|-weather|RainDance|[upkeep]
|upkeep
|
|t:|1782318035
|switch|p1a: Dragalge|Dragalge-Mega, L50, F|65/100
|turn|4
|
|t:|1782318043
|-heal|p1a: Dragalge|98/100|[from] ability: Regenerator|[silent]
|switch|p1a: Incineroar|Incineroar, L50, M|100/100
|-ability|p1a: Incineroar|Intimidate|boost
|-unboost|p2a: Chandelure|atk|1
|-unboost|p2b: Maushold|atk|1
|move|p1b: Basculegion|Flip Turn|p2a: Chandelure
|-supereffective|p2a: Chandelure|1
|-damage|p2a: Chandelure|0 fnt
|faint|p2a: Chandelure
|
|t:|1782318051
|switch|p1b: Dragalge|Dragalge-Mega, L50, F|98/100|[from] Flip Turn
|move|p2b: Maushold|Thunder Wave|p1a: Incineroar
|-status|p1a: Incineroar|par
|
|-weather|RainDance|[upkeep]
|upkeep
|
|t:|1782318054
|switch|p2a: Staraptor|Staraptor, L50, F|100/100
|-ability|p2a: Staraptor|Intimidate|boost
|-unboost|p1a: Incineroar|atk|1
|-unboost|p1b: Dragalge|atk|1
|turn|5
|
|t:|1782318070
|detailschange|p2a: Staraptor|Staraptor-Mega, L50, F
|-mega|p2a: Staraptor|Staraptor|Staraptite
|move|p1a: Incineroar|Fake Out|p2a: Staraptor
|-damage|p2a: Staraptor|93/100
|cant|p2a: Staraptor|flinch
|move|p2b: Maushold|Thunder Wave|p1b: Dragalge
|-status|p1b: Dragalge|par
|move|p1b: Dragalge|Flip Turn|p2a: Staraptor
|-damage|p2a: Staraptor|84/100
|
|t:|1782318077
|-heal|p1b: Dragalge|100/100 par|[from] ability: Regenerator|[silent]
|switch|p1b: Basculegion|Basculegion, L50, M|100/100|[from] Flip Turn
|
|-weather|RainDance|[upkeep]
|upkeep
|turn|6
|inactive|Beowolf Ruby Rose has 30 seconds left.
|
|t:|1782318102
|move|p1b: Basculegion|Wave Crash|p2a: Staraptor
|-damage|p2a: Staraptor|0 fnt
|faint|p2a: Staraptor
|-damage|p1b: Basculegion|77/100|[from] Recoil
|move|p2b: Maushold|Encore|p1a: Incineroar
|-start|p1a: Incineroar|Encore
|move|p1a: Incineroar|Fake Out||[still]
|-hint|Fake Out only works on your first turn out.
|-fail|p1a: Incineroar
|
|-weather|RainDance|[upkeep]
|upkeep
|
|t:|1782318107
|switch|p2a: Whimsicott|Whimsicott, L50, F|100/100
|-status|p2a: Whimsicott|psn
|turn|7
|-message|Beowolf Ruby Rose forfeited.
|
|win|Enzo0215
|l|‽Beowolf Ruby Rose
|player|p2|
||Beowolf Ruby Rose is ready for game 2.
