|j|☆Neckjustdidthat
|j|☆Crapaud2008
|html|NeckjustdidthatCrapaud2008    
|uhtml|bestof|Game 1 of a best-of-3
|t:|1757856618
|gametype|doubles
|player|p1|Neckjustdidthat|lass-gen4|1200
|player|p2|Crapaud2008|266|1118
|gen|9
|tier|[Gen 9] VGC 2025 Reg H (Bo3)
|rated|
|rule|Species Clause: Limit one of each Pokémon
|rule|Item Clause: Limit 1 of each item
|clearpoke
|poke|p1|Excadrill, L50, M|
|poke|p1|Tyranitar, L50, M|
|poke|p1|Sneasler, L50, F|
|poke|p1|Indeedee, L50, M|
|poke|p1|Corviknight, L50, M|
|poke|p1|Annihilape, L50, M|
|poke|p2|Talonflame, L50, M|
|poke|p2|Skeledirge, L50, M|
|poke|p2|Farigiraf, L50, F|
|poke|p2|Rillaboom, L50, M|
|poke|p2|Ninetales-Alola, L50, F|
|poke|p2|Primarina, L50, F|
|teampreview|4
|showteam|p1|Excadrill||FocusSash|SandRush|IronHead,HighHorsepower,Earthquake,Protect|||M|||50|,,,,,Stellar]Tyranitar||AssaultVest|SandStream|RockSlide,KnockOff,TeraBlast,LowKick|||M|||50|,,,,,Flying]Sneasler||PsychicSeed|Unburden|DireClaw,CloseCombat,ThroatChop,Protect|||F|||50|,,,,,Dark]Indeedee||ChoiceScarf|PsychicSurge|ExpandingForce,TeraBlast,Protect,Trick|||M|||50|,,,,,Psychic]Corviknight||Leftovers|MirrorArmor|BraveBird,BulkUp,Tailwind,Roost|||M|||50|,,,,,Dragon]Annihilape||SafetyGoggles|Defiant|CloseCombat,FinalGambit,RageFist,Taunt|||M|||50|,,,,,Water
|showteam|p2|Talonflame||SharpBeak|GaleWings|BraveBird,FlareBlitz,Tailwind,Protect|||M|||50|,,,,,Fire]Skeledirge||Leftovers|Unaware|TorchSong,ShadowBall,WillOWisp,Protect|||M|||50|,,,,,Grass]Farigiraf||GrassySeed|ArmorTail|FoulPlay,Psychic,TrickRoom,Protect|||F|||50|,,,,,Dark]Rillaboom||AssaultVest|GrassySurge|WoodHammer,GrassyGlide,FakeOut,HighHorsepower|||M|||50|,,,,,Water]Ninetales-Alola||CovertCloak|SnowWarning|Blizzard,Moonblast,AuroraVeil,Protect|||F|||50|,,,,,Steel]Primarina||ThroatSpray|LiquidVoice|HyperVoice,Moonblast,PerishSong,Protect|||F|||50|,,,,,Steel
|inactive|Battle timer is ON: inactive players will automatically lose when time's up. (requested by Crapaud2008)
|inactive|Neckjustdidthat has 60 seconds left.
|
|t:|1757856673
|teamsize|p1|4
|teamsize|p2|4
|start
|switch|p1a: Tyranitar|Tyranitar, L50, M, shiny|100/100
|switch|p1b: Sneasler|Sneasler, L50, F, shiny|100/100
|switch|p2a: Talonflame|Talonflame, L50, M, shiny|100/100
|switch|p2b: Primarina|Primarina, L50, F, shiny|100/100
|-weather|Sandstorm|[from] ability: Sand Stream|[of] p1a: Tyranitar
|turn|1
|inactive|Neckjustdidthat has 30 seconds left.
|inactive|Crapaud2008 has 30 seconds left.
|inactive|Neckjustdidthat has 20 seconds left.
|inactive|Neckjustdidthat has 15 seconds left.
|
|t:|1757856714
|switch|p1a: Indeedee|Indeedee, L50, M, shiny|100/100
|-fieldstart|move: Psychic Terrain|[from] ability: Psychic Surge|[of] p1a: Indeedee
|-enditem|p1b: Sneasler|Psychic Seed
|-boost|p1b: Sneasler|spd|1|[from] item: Psychic Seed
|move|p2a: Talonflame|Tailwind|p2a: Talonflame
|-sidestart|p2: Crapaud2008|move: Tailwind
|move|p1b: Sneasler|Dire Claw|p2b: Primarina
|-supereffective|p2b: Primarina
|-damage|p2b: Primarina|0 fnt
|faint|p2b: Primarina
|
|-weather|Sandstorm|[upkeep]
|-damage|p2a: Talonflame|95/100|[from] Sandstorm
|-damage|p1b: Sneasler|95/100|[from] Sandstorm
|-damage|p1a: Indeedee|95/100|[from] Sandstorm
|upkeep
|
|t:|1757856729
|switch|p2b: Rillaboom|Rillaboom, L50, M, shiny|100/100
|-fieldstart|move: Grassy Terrain|[from] ability: Grassy Surge|[of] p2b: Rillaboom
|turn|2
|inactive|Neckjustdidthat has 30 seconds left.
|
|t:|1757856763
|move|p1b: Sneasler|Protect|p1b: Sneasler
|-singleturn|p1b: Sneasler|Protect
|move|p2b: Rillaboom|Fake Out|p1a: Indeedee
|-damage|p1a: Indeedee|68/100
|move|p2a: Talonflame|Brave Bird|p1b: Sneasler
|-activate|p1b: Sneasler|move: Protect
|cant|p1a: Indeedee|flinch
|
|-weather|Sandstorm|[upkeep]
|-damage|p2a: Talonflame|89/100|[from] Sandstorm
|-damage|p1b: Sneasler|89/100|[from] Sandstorm
|-damage|p1a: Indeedee|62/100|[from] Sandstorm
|-damage|p2b: Rillaboom|95/100|[from] Sandstorm
|-heal|p1b: Sneasler|95/100|[from] Grassy Terrain
|-heal|p1a: Indeedee|68/100|[from] Grassy Terrain
|-heal|p2b: Rillaboom|100/100|[from] Grassy Terrain
|upkeep
|turn|3
|inactive|Neckjustdidthat has 30 seconds left.
|inactive|Neckjustdidthat has 20 seconds left.
|inactive|Neckjustdidthat has 15 seconds left.
|
|t:|1757856807
|move|p2b: Rillaboom|Grassy Glide|p1a: Indeedee
|-damage|p1a: Indeedee|0 fnt
|faint|p1a: Indeedee
|move|p2a: Talonflame|Brave Bird|p1b: Sneasler
|-supereffective|p1b: Sneasler
|-damage|p1b: Sneasler|0 fnt
|faint|p1b: Sneasler
|-damage|p2a: Talonflame|57/100|[from] Recoil
|
|-weather|Sandstorm|[upkeep]
|-damage|p2a: Talonflame|51/100|[from] Sandstorm
|-damage|p2b: Rillaboom|95/100|[from] Sandstorm
|-heal|p2b: Rillaboom|100/100|[from] Grassy Terrain
|upkeep
|
|t:|1757856810
|switch|p1b: Excadrill|Excadrill, L50, M, shiny|100/100
|switch|p1a: Tyranitar|Tyranitar, L50, M, shiny|100/100
|turn|4
|inactive|Crapaud2008 has 30 seconds left.
|
|t:|1757856838
|-terastallize|p1a: Tyranitar|Flying
|move|p1b: Excadrill|Protect|p1b: Excadrill
|-singleturn|p1b: Excadrill|Protect
|move|p2b: Rillaboom|Grassy Glide|p1b: Excadrill
|-activate|p1b: Excadrill|move: Protect
|move|p2a: Talonflame|Flare Blitz|p1b: Excadrill
|-activate|p1b: Excadrill|move: Protect
|move|p1a: Tyranitar|Tera Blast|p2b: Rillaboom|[anim] Tera Blast Flying
|-supereffective|p2b: Rillaboom
|-damage|p2b: Rillaboom|28/100
|
|-weather|Sandstorm|[upkeep]
|-damage|p2a: Talonflame|45/100|[from] Sandstorm
|-damage|p2b: Rillaboom|22/100|[from] Sandstorm
|-damage|p1a: Tyranitar|94/100|[from] Sandstorm
|-heal|p2b: Rillaboom|28/100|[from] Grassy Terrain
|-sideend|p2: Crapaud2008|move: Tailwind
|upkeep
|turn|5
|inactive|Neckjustdidthat has 30 seconds left.
|inactive|Neckjustdidthat has 20 seconds left.
|inactive|Neckjustdidthat has 15 seconds left.
|inactive|Neckjustdidthat has 10 seconds left.
|
|t:|1757856885
|move|p2a: Talonflame|Protect|p2a: Talonflame
|-singleturn|p2a: Talonflame|Protect
|move|p2b: Rillaboom|Grassy Glide|p1b: Excadrill
|-damage|p1b: Excadrill|53/100
|move|p1b: Excadrill|Iron Head|p2b: Rillaboom
|-damage|p2b: Rillaboom|0 fnt
|faint|p2b: Rillaboom
|move|p1a: Tyranitar|Rock Slide|p2a: Talonflame
|-activate|p2a: Talonflame|move: Protect
|
|-weather|none
|-heal|p1b: Excadrill|59/100|[from] Grassy Terrain
|upkeep
|
|t:|1757856898
|switch|p2b: Ninetales|Ninetales-Alola, L50, F, shiny|100/100
|-weather|Snowscape|[from] ability: Snow Warning|[of] p2b: Ninetales
|turn|6
|
|t:|1757856915
|move|p1b: Excadrill|Protect|p1b: Excadrill
|-singleturn|p1b: Excadrill|Protect
|move|p2a: Talonflame|Flare Blitz|p1b: Excadrill
|-activate|p1b: Excadrill|move: Protect
|move|p2b: Ninetales|Blizzard|p1b: Excadrill|[spread] p1a
|-activate|p1b: Excadrill|move: Protect
|-supereffective|p1a: Tyranitar
|-damage|p1a: Tyranitar|54/100
|move|p1a: Tyranitar|Rock Slide|p2a: Talonflame|[spread] p2a,p2b
|-supereffective|p2a: Talonflame
|-supereffective|p2b: Ninetales
|-damage|p2a: Talonflame|0 fnt
|-damage|p2b: Ninetales|40/100
|faint|p2a: Talonflame
|
|-weather|Snowscape|[upkeep]
|-heal|p2b: Ninetales|46/100|[from] Grassy Terrain
|-heal|p1b: Excadrill|65/100|[from] Grassy Terrain
|-fieldend|move: Grassy Terrain
|upkeep
|turn|7
|inactive|Neckjustdidthat has 30 seconds left.
|inactive|Neckjustdidthat has 20 seconds left.
|
|t:|1757856952
|-terastallize|p2b: Ninetales|Steel
|move|p2b: Ninetales|Blizzard|p1b: Excadrill|[spread] p1a,p1b
|-supereffective|p1a: Tyranitar
|-damage|p1a: Tyranitar|12/100
|-damage|p1b: Excadrill|14/100
|-status|p1a: Tyranitar|frz
|move|p1b: Excadrill|Iron Head|p2b: Ninetales
|-resisted|p2b: Ninetales
|-damage|p2b: Ninetales|11/100
|cant|p1a: Tyranitar|frz
|
|-weather|Snowscape|[upkeep]
|upkeep
|turn|8
|
|t:|1757856976
|move|p1b: Excadrill|Protect|p1b: Excadrill
|-singleturn|p1b: Excadrill|Protect
|move|p2b: Ninetales|Blizzard|p1b: Excadrill|[spread] p1a
|-activate|p1b: Excadrill|move: Protect
|-supereffective|p1a: Tyranitar
|-damage|p1a: Tyranitar|0 fnt
|faint|p1a: Tyranitar
|
|-weather|Snowscape|[upkeep]
|upkeep
|turn|9
|
|t:|1757856986
|move|p1b: Excadrill|Protect||[still]
|-fail|p1b: Excadrill
|move|p2b: Ninetales|Blizzard|p1b: Excadrill
|-damage|p1b: Excadrill|0 fnt
|faint|p1b: Excadrill
|
|win|Crapaud2008
||Neckjustdidthat is ready for game 2.
||Crapaud2008 is ready for game 2.
|uhtml|next|Next: Game 2 of 3
