|j|☆rom6x
|j|☆spellbreakvgc
|html|rom6xspellbreakvgc    
|uhtml|bestof|Game 1 of a best-of-3
|t:|1756751323
|gametype|doubles
|player|p1|rom6x|miku-ground|1198
|player|p2|spellbreakvgc|lance|1092
|gen|9
|tier|[Gen 9] VGC 2025 Reg H (Bo3)
|rated|
|rule|Species Clause: Limit one of each Pokémon
|rule|Item Clause: Limit 1 of each item
|clearpoke
|poke|p1|Serperior, L50, M|
|poke|p1|Rillaboom, L50, M|
|poke|p1|Volcarona, L50, M|
|poke|p1|Gholdengo, L50|
|poke|p1|Ursaluna-Bloodmoon, L50, M|
|poke|p1|Dragonite, L50, M|
|poke|p2|Tyranitar, L50, M|
|poke|p2|Excadrill, L50, F|
|poke|p2|Kommo-o, L50, F|
|poke|p2|Basculegion, L50, M|
|poke|p2|Amoonguss, L50, F|
|poke|p2|Incineroar, L50, F|
|teampreview|4
|showteam|p1|Serperior||LightClay|Contrary|LeafStorm,Reflect,LightScreen,Glare|||M|||50|,,,,,Water]Rillaboom||MiracleSeed|GrassySurge|FakeOut,WoodHammer,GrassyGlide,Uturn|||M|||50|,,,,,Fire]Volcarona||GrassySeed|FlameBody|HeatWave,WillOWisp,QuiverDance,GigaDrain|||M|||50|,,,,,Dragon]Gholdengo||LifeOrb|GoodasGold|MakeItRain,ShadowBall,NastyPlot,Protect||||||50|,,,,,Water]Ursaluna-Bloodmoon||AssaultVest|MindsEye|BloodMoon,HyperVoice,EarthPower,VacuumWave|||M|||50|,,,,,Normal]Dragonite||LoadedDice|InnerFocus|ExtremeSpeed,ScaleShot,StompingTantrum,Protect|||M|||50|,,,,,Fairy
|showteam|p2|Tyranitar||AssaultVest|SandStream|RockSlide,KnockOff,LowKick,TeraBlast|||M|||50|,,,,,Flying]Excadrill||FocusSash|SandRush|Earthquake,HighHorsepower,IronHead,Protect|||F|||50|,,,,,Ground]Kommo-o||ThroatSpray|Overcoat|ClangorousSoul,ClangingScales,AuraSphere,Protect|||F|||50|,,,,,Steel]Basculegion||ChoiceScarf|Adaptability|WaveCrash,LastRespects,FlipTurn,TeraBlast|||M|||50|,,,,,Grass]Amoonguss||SitrusBerry|Regenerator|Spore,PollenPuff,ClearSmog,RagePowder|||F|||50|,,,,,Water]Incineroar||SafetyGoggles|Intimidate|FlareBlitz,KnockOff,PartingShot,FakeOut|||F|||50|,,,,,Ghost
|inactive|Battle timer is ON: inactive players will automatically lose when time's up. (requested by rom6x)
|inactive|rom6x has 60 seconds left.
|inactive|spellbreakvgc has 60 seconds left.
|inactive|rom6x has 30 seconds left.
|inactive|spellbreakvgc has 30 seconds left.
|inactive|rom6x has 20 seconds left.
|inactive|spellbreakvgc has 20 seconds left.
|inactive|spellbreakvgc has 15 seconds left.
|inactive|spellbreakvgc has 10 seconds left.
|inactive|spellbreakvgc has 5 seconds left.
|
|t:|1756751414
|teamsize|p1|4
|teamsize|p2|4
|start
|switch|p1a: Serperior|Serperior, L50, M, shiny|100/100
|switch|p1b: Rillaboom|Rillaboom, L50, M|100/100
|switch|p2a: Kommo-o|Kommo-o, L50, F, shiny|100/100
|switch|p2b: Amoonguss|Amoonguss, L50, F|100/100
|-fieldstart|move: Grassy Terrain|[from] ability: Grassy Surge|[of] p1b: Rillaboom
|turn|1
|inactive|rom6x has 30 seconds left.
|
|t:|1756751457
|move|p2b: Amoonguss|Rage Powder|p2b: Amoonguss
|-singleturn|p2b: Amoonguss|move: Rage Powder
|move|p1a: Serperior|Glare|p2a: Kommo-o
|-status|p2a: Kommo-o|par
|move|p1b: Rillaboom|U-turn|p2a: Kommo-o
|-resisted|p2a: Kommo-o
|-damage|p2a: Kommo-o|90/100 par
|
|t:|1756751468
|switch|p1b: Gholdengo|Gholdengo, L50|100/100|[from] U-turn
|move|p2a: Kommo-o|Clangorous Soul|p2a: Kommo-o
|-boost|p2a: Kommo-o|atk|1
|-boost|p2a: Kommo-o|def|1
|-boost|p2a: Kommo-o|spa|1
|-boost|p2a: Kommo-o|spd|1
|-boost|p2a: Kommo-o|spe|1
|-damage|p2a: Kommo-o|57/100 par
|-enditem|p2a: Kommo-o|Throat Spray
|-boost|p2a: Kommo-o|spa|1|[from] item: Throat Spray
|
|-heal|p2a: Kommo-o|63/100 par|[from] Grassy Terrain
|upkeep
|turn|2
|inactive|spellbreakvgc has 30 seconds left.
|inactive|spellbreakvgc has 20 seconds left.
|inactive|spellbreakvgc has 15 seconds left.
|
|t:|1756751513
|move|p1a: Serperior|Light Screen|p1a: Serperior
|-sidestart|p1: rom6x|move: Light Screen
|move|p1b: Gholdengo|Make It Rain|p2b: Amoonguss|[spread] p2a,p2b
|-damage|p2a: Kommo-o|27/100 par
|-damage|p2b: Amoonguss|49/100
|-unboost|p1b: Gholdengo|spa|1
|-enditem|p2b: Amoonguss|Sitrus Berry|[eat]
|-heal|p2b: Amoonguss|74/100|[from] item: Sitrus Berry
|-damage|p1b: Gholdengo|91/100|[from] item: Life Orb
|move|p2a: Kommo-o|Clanging Scales|p1b: Gholdengo|[spread] p1a,p1b
|-resisted|p1b: Gholdengo
|-damage|p1a: Serperior|63/100
|-damage|p1b: Gholdengo|71/100
|-unboost|p2a: Kommo-o|def|1
|move|p2b: Amoonguss|Pollen Puff|p2a: Kommo-o
|-heal|p2a: Kommo-o|77/100 par
|
|-heal|p1a: Serperior|69/100|[from] Grassy Terrain
|-heal|p1b: Gholdengo|76/100|[from] Grassy Terrain
|-heal|p2a: Kommo-o|83/100 par|[from] Grassy Terrain
|-heal|p2b: Amoonguss|80/100|[from] Grassy Terrain
|upkeep
|turn|3
|inactive|rom6x has 30 seconds left.
|inactive|spellbreakvgc has 30 seconds left.
|inactive|spellbreakvgc has 20 seconds left.
|
|t:|1756751550
|move|p2b: Amoonguss|Rage Powder|p2b: Amoonguss
|-singleturn|p2b: Amoonguss|move: Rage Powder
|move|p1a: Serperior|Leaf Storm|p2a: Kommo-o
|-resisted|p2a: Kommo-o
|-damage|p2a: Kommo-o|69/100 par
|-boost|p1a: Serperior|spa|2
|move|p1b: Gholdengo|Nasty Plot|p1b: Gholdengo
|-boost|p1b: Gholdengo|spa|2
|move|p2a: Kommo-o|Clanging Scales|p1a: Serperior|[spread] p1a,p1b
|-resisted|p1b: Gholdengo
|-damage|p1a: Serperior|33/100
|-damage|p1b: Gholdengo|56/100
|-unboost|p2a: Kommo-o|def|1
|
|-heal|p1a: Serperior|39/100|[from] Grassy Terrain
|-heal|p1b: Gholdengo|61/100|[from] Grassy Terrain
|-heal|p2a: Kommo-o|75/100 par|[from] Grassy Terrain
|-heal|p2b: Amoonguss|86/100|[from] Grassy Terrain
|upkeep
|turn|4
|
|t:|1756751571
|move|p1a: Serperior|Leaf Storm|p2a: Kommo-o
|-resisted|p2a: Kommo-o
|-damage|p2a: Kommo-o|44/100 par
|-boost|p1a: Serperior|spa|2
|move|p1b: Gholdengo|Make It Rain|p2a: Kommo-o|[spread] p2a,p2b
|-damage|p2a: Kommo-o|0 fnt
|-damage|p2b: Amoonguss|10/100
|-unboost|p1b: Gholdengo|spa|1
|faint|p2a: Kommo-o
|-damage|p1b: Gholdengo|52/100|[from] item: Life Orb
|move|p2b: Amoonguss|Pollen Puff|p2: Kommo-o|[notarget]
|-fail|p2b: Amoonguss
|
|-heal|p1a: Serperior|45/100|[from] Grassy Terrain
|-heal|p1b: Gholdengo|57/100|[from] Grassy Terrain
|-heal|p2b: Amoonguss|15/100|[from] Grassy Terrain
|upkeep
|
|t:|1756751588
|switch|p2a: Basculegion|Basculegion, L50, M|100/100
|turn|5
|inactive|rom6x has 30 seconds left.
|
|t:|1756751616
|switch|p2b: Incineroar|Incineroar, L50, F|100/100
|-ability|p2b: Incineroar|Intimidate|boost
|-boost|p1a: Serperior|atk|1
|-unboost|p1b: Gholdengo|atk|1
|-terastallize|p2a: Basculegion|Grass
|move|p1b: Gholdengo|Protect|p1b: Gholdengo
|-singleturn|p1b: Gholdengo|Protect
|move|p2a: Basculegion|Last Respects|p1b: Gholdengo
|-activate|p1b: Gholdengo|move: Protect
|move|p1a: Serperior|Glare|p2a: Basculegion
|-status|p2a: Basculegion|par
|
|-heal|p1a: Serperior|51/100|[from] Grassy Terrain
|-heal|p1b: Gholdengo|63/100|[from] Grassy Terrain
|-fieldend|move: Grassy Terrain
|upkeep
|turn|6
|inactive|rom6x has 30 seconds left.
|
|t:|1756751643
|switch|p1a: Rillaboom|Rillaboom, L50, M|100/100
|-fieldstart|move: Grassy Terrain|[from] ability: Grassy Surge|[of] p1a: Rillaboom
|move|p1b: Gholdengo|Make It Rain|p2a: Basculegion|[spread] p2a,p2b
|-resisted|p2b: Incineroar
|-damage|p2a: Basculegion|39/100 par
|-damage|p2b: Incineroar|75/100
|-unboost|p1b: Gholdengo|spa|1
|-damage|p1b: Gholdengo|53/100|[from] item: Life Orb
|move|p2b: Incineroar|Flare Blitz|p1a: Rillaboom
|-supereffective|p1a: Rillaboom
|-damage|p1a: Rillaboom|8/100
|-damage|p2b: Incineroar|47/100|[from] Recoil
|cant|p2a: Basculegion|par
|
|-heal|p1b: Gholdengo|59/100|[from] Grassy Terrain
|-heal|p1a: Rillaboom|14/100|[from] Grassy Terrain
|-heal|p2b: Incineroar|53/100|[from] Grassy Terrain
|-heal|p2a: Basculegion|45/100 par|[from] Grassy Terrain
|upkeep
|turn|7
|-message|spellbreakvgc forfeited.
|
|win|rom6x
