|j|☆farewell~friend
|j|☆don zaloog is real
|html|farewell~frienddon zaloog is real    
|uhtml|bestof|Game 2 of a best-of-3
|t:|1756734695
|gametype|doubles
|player|p1|farewell~friend|baker|1245
|player|p2|don zaloog is real|collector|1357
|gen|9
|tier|[Gen 9] VGC 2025 Reg H (Bo3)
|rated|
|rule|Species Clause: Limit one of each Pokémon
|rule|Item Clause: Limit 1 of each item
|clearpoke
|poke|p1|Electabuzz, L50, M|
|poke|p1|Baxcalibur, L50, F|
|poke|p1|Rillaboom, L50, M|
|poke|p1|Sneasler, L50, F|
|poke|p1|Kingambit, L50, F|
|poke|p1|Volcarona, L50, F|
|poke|p2|Murkrow, L50, F|
|poke|p2|Basculegion, L50, M|
|poke|p2|Gholdengo, L50|
|poke|p2|Pawmot, L50, M|
|poke|p2|Kommo-o, L50, F|
|poke|p2|Amoonguss, L50, M|
|teampreview|4
|showteam|p1|Electabuzz||Eviolite|VitalSpirit|Electroweb,FollowMe,Taunt,Protect|||M|||50|,,,,,Fairy]Baxcalibur||LoadedDice|ThermalExchange|Protect,IceShard,ScaleShot,IcicleSpear|||F|||50|,,,,,Ghost]Rillaboom||AssaultVest|GrassySurge|FakeOut,GrassyGlide,WoodHammer,HighHorsepower|||M|||50|,,,,,Fire]Sneasler||FocusSash|PoisonTouch|Protect,Coaching,DireClaw,CloseCombat|||F|||50|,,,,,Ghost]Kingambit||BlackGlasses|Defiant|Protect,SuckerPunch,KowtowCleave,SwordsDance|||F|||50|,,,,,Dark]Volcarona||CovertCloak|FlameBody|HeatWave,TeraBlast,QuiverDance,Protect|||F|||50|,,,,,Fairy
|showteam|p2|Murkrow||Eviolite|Prankster|BraveBird,Tailwind,Quash,Haze|||F|||50|,,,,,Ghost]Basculegion||ChoiceScarf|Adaptability|LastRespects,WaveCrash,FlipTurn,AquaJet|||M|||50|,,,,,Grass]Gholdengo||ChoiceSpecs|GoodasGold|MakeItRain,ShadowBall,PowerGem,SteelBeam||||||50|,,,,,Steel]Pawmot||FocusSash|VoltAbsorb|CloseCombat,DoubleShock,Protect,RevivalBlessing|||M|||50|,,,,,Electric]Kommo-o||LifeOrb|Overcoat|ClangingScales,AuraSphere,Flamethrower,Protect|||F|||50|,,,,,Fire]Amoonguss||CovertCloak|Regenerator|LeafStorm,SludgeBomb,Spore,RagePowder|||M|||50|,,,,,Water
|inactive|Battle timer is ON: inactive players will automatically lose when time's up. (requested by farewell~friend)
|
|t:|1756734727
|teamsize|p1|4
|teamsize|p2|4
|start
|switch|p1a: Sneasler|Sneasler, L50, F|100/100
|switch|p1b: Kingambit|Kingambit, L50, F|100/100
|switch|p2a: Kommo-o|Kommo-o, L50, F|100/100
|switch|p2b: Amoonguss|Amoonguss, L50, M|100/100
|turn|1
|
|t:|1756734743
|move|p1a: Sneasler|Dire Claw|p2b: Amoonguss
|-damage|p2b: Amoonguss|60/100
|move|p2a: Kommo-o|Clanging Scales|p1b: Kingambit|[spread] p1a,p1b
|-resisted|p1b: Kingambit
|-damage|p1a: Sneasler|24/100
|-damage|p1b: Kingambit|77/100
|-unboost|p2a: Kommo-o|def|1
|-damage|p2a: Kommo-o|91/100|[from] item: Life Orb
|move|p1b: Kingambit|Swords Dance|p1b: Kingambit
|-boost|p1b: Kingambit|atk|2
|move|p2b: Amoonguss|Spore|p1b: Kingambit
|-status|p1b: Kingambit|slp|[from] move: Spore
|
|upkeep
|turn|2
|
|t:|1756734762
|cant|p1b: Kingambit|slp
|move|p1a: Sneasler|Close Combat|p2a: Kommo-o
|-damage|p2a: Kommo-o|5/100
|-unboost|p1a: Sneasler|def|1
|-unboost|p1a: Sneasler|spd|1
|move|p2a: Kommo-o|Aura Sphere|p1b: Kingambit
|-supereffective|p1b: Kingambit
|-damage|p1b: Kingambit|0 fnt
|faint|p1b: Kingambit
|-damage|p2a: Kommo-o|0 fnt|[from] item: Life Orb
|faint|p2a: Kommo-o
|move|p2b: Amoonguss|Spore|p1a: Sneasler
|-status|p1a: Sneasler|slp|[from] move: Spore
|
|upkeep
|
|t:|1756734773
|switch|p2a: Pawmot|Pawmot, L50, M|100/100
|switch|p1b: Baxcalibur|Baxcalibur, L50, F|100/100
|turn|3
|
|t:|1756734794
|-terastallize|p1b: Baxcalibur|Ghost
|-terastallize|p2b: Amoonguss|Water
|cant|p1a: Sneasler|slp
|move|p2a: Pawmot|Close Combat|p1a: Sneasler
|-resisted|p1a: Sneasler
|-damage|p1a: Sneasler|0 fnt
|-unboost|p2a: Pawmot|def|1
|-unboost|p2a: Pawmot|spd|1
|faint|p1a: Sneasler
|move|p1b: Baxcalibur|Scale Shot|p2b: Amoonguss
|-damage|p2b: Amoonguss|46/100
|-damage|p2b: Amoonguss|33/100
|-damage|p2b: Amoonguss|18/100
|-damage|p2b: Amoonguss|3/100
|-hitcount|p2b: Amoonguss|4
|-unboost|p1b: Baxcalibur|def|1
|-boost|p1b: Baxcalibur|spe|1
|move|p2b: Amoonguss|Spore|p1b: Baxcalibur
|-status|p1b: Baxcalibur|slp|[from] move: Spore
|
|upkeep
|
|t:|1756734810
|switch|p1a: Rillaboom|Rillaboom, L50, M|100/100
|-fieldstart|move: Grassy Terrain|[from] ability: Grassy Surge|[of] p1a: Rillaboom
|turn|4
|
|t:|1756734823
|cant|p1b: Baxcalibur|slp
|move|p2a: Pawmot|Revival Blessing|p2a: Pawmot
|
|t:|1756734827
|-heal|p2: Kommo-o|50/100|[from] move: Revival Blessing
|move|p1a: Rillaboom|Wood Hammer|p2a: Pawmot
|-enditem|p2a: Pawmot|Focus Sash
|-damage|p2a: Pawmot|1/100
|-damage|p1a: Rillaboom|77/100|[from] Recoil
|move|p2b: Amoonguss|Sludge Bomb|p1a: Rillaboom
|-supereffective|p1a: Rillaboom
|-damage|p1a: Rillaboom|34/100
|-status|p1a: Rillaboom|psn
|
|-heal|p2a: Pawmot|7/100|[from] Grassy Terrain
|-heal|p1a: Rillaboom|40/100 psn|[from] Grassy Terrain
|-heal|p2b: Amoonguss|9/100|[from] Grassy Terrain
|-damage|p1a: Rillaboom|28/100 psn|[from] psn
|upkeep
|turn|5
|inactive|farewell~friend has 30 seconds left.
|
|t:|1756734859
|move|p1a: Rillaboom|Grassy Glide|p2a: Pawmot
|-damage|p2a: Pawmot|0 fnt
|faint|p2a: Pawmot
|cant|p1b: Baxcalibur|slp
|move|p2b: Amoonguss|Sludge Bomb|p1a: Rillaboom
|-supereffective|p1a: Rillaboom
|-damage|p1a: Rillaboom|0 fnt
|faint|p1a: Rillaboom
|
|-heal|p2b: Amoonguss|15/100|[from] Grassy Terrain
|upkeep
|
|t:|1756734864
|switch|p2a: Basculegion|Basculegion, L50, M|100/100
|turn|6
|-message|farewell~friend forfeited.
|
|win|don zaloog is real
|raw|farewell~friend's rating: 1245 → 1228(-17 for losing)
|raw|don zaloog is real's rating: 1357 → 1371(+14 for winning)
|l|☆farewell~friend
|player|p1|
