|j|☆mariocansado
|j|☆chupete goat
|html|mariocansadochupete goat    
|uhtml|bestof|Game 1 of a best-of-3
|t:|1756330764
|gametype|doubles
|player|p1|mariocansado|arven-v|1131
|player|p2|chupete goat|steven|1092
|gen|9
|tier|[Gen 9] VGC 2025 Reg H (Bo3)
|rated|
|rule|Species Clause: Limit one of each Pokémon
|rule|Item Clause: Limit 1 of each item
|clearpoke
|poke|p1|Gholdengo, L50|
|poke|p1|Rillaboom, L50, F|
|poke|p1|Dragapult, L50, M|
|poke|p1|Electabuzz, L50, M|
|poke|p1|Volcarona, L50, M|
|poke|p1|Gyarados, L50, F|
|poke|p2|Incineroar, L50, F|
|poke|p2|Amoonguss, L50, F|
|poke|p2|Garchomp, L50, F|
|poke|p2|Kingambit, L50, M|
|poke|p2|Dragonite, L50, M|
|poke|p2|Ninetales-Alola, L50, F|
|teampreview|4
|showteam|p1|Gholdengo||ChoiceScarf|GoodasGold|MakeItRain,ShadowBall,PowerGem,Trick||||||50|,,,,,Steel]Rillaboom||AssaultVest|GrassySurge|FakeOut,WoodHammer,GrassyGlide,Uturn|||F|||50|,,,,,Fire]Dragapult||ChoiceBand|ClearBody|DragonDarts,DragonClaw,PhantomForce,Uturn|||M|||50|,,,,,Dragon]Electabuzz||Eviolite|VitalSpirit|Electroweb,Taunt,FollowMe,Protect|||M|||50|,,,,,Ghost]Volcarona||Leftovers|FlameBody|HeatWave,QuiverDance,Protect,GigaDrain|||M|||50|,,,,,Grass]Gyarados||RockyHelmet|Intimidate|Waterfall,HelpingHand,ThunderWave,Protect|||F|||50|,,,,,Grass
|showteam|p2|Incineroar||SafetyGoggles|Intimidate|FakeOut,Taunt,KnockOff,PartingShot|||F|||50|,,,,,Ghost]Amoonguss||SitrusBerry|Regenerator|ClearSmog,PollenPuff,Spore,RagePowder|||F|||50|,,,,,Water]Garchomp||LifeOrb|RoughSkin|Earthquake,DragonClaw,StompingTantrum,Protect|||F|||50|,,,,,Steel]Kingambit||AssaultVest|Defiant|KowtowCleave,IronHead,SuckerPunch,LowKick|||M|||50|,,,,,Flying]Dragonite||LumBerry|Multiscale|TeraBlast,ExtremeSpeed,LowKick,Protect|||M|||50|,,,,,Flying]Ninetales-Alola||FocusSash|SnowWarning|Blizzard,FreezeDry,Encore,Protect|||F|||50|,,,,,Ghost
|inactive|Battle timer is ON: inactive players will automatically lose when time's up. (requested by chupete goat)
|inactive|mariocansado has 60 seconds left.
|
|t:|1756330838
|teamsize|p1|4
|teamsize|p2|4
|start
|switch|p1a: Dragapult|Dragapult, L50, M|100/100
|switch|p1b: Electabuzz|Electabuzz, L50, M|100/100
|switch|p2a: Dragonite|Dragonite, L50, M|100/100
|switch|p2b: Garchomp|Garchomp, L50, F|100/100
|turn|1
|inactive|mariocansado has 30 seconds left.
|
|t:|1756330868
|-terastallize|p1a: Dragapult|Dragon
|-terastallize|p2a: Dragonite|Flying
|move|p1b: Electabuzz|Follow Me|p1b: Electabuzz
|-singleturn|p1b: Electabuzz|move: Follow Me
|move|p1a: Dragapult|Dragon Darts|p2a: Dragonite
|-damage|p2a: Dragonite|73/100
|-anim|p1a: Dragapult|Dragon Darts|p2b: Garchomp
|-supereffective|p2b: Garchomp
|-damage|p2b: Garchomp|0 fnt
|faint|p2b: Garchomp
|move|p2a: Dragonite|Tera Blast|p1b: Electabuzz|[anim] Tera Blast Flying
|-resisted|p1b: Electabuzz
|-crit|p1b: Electabuzz
|-damage|p1b: Electabuzz|52/100
|
|upkeep
|
|t:|1756330882
|switch|p2b: Ninetales|Ninetales-Alola, L50, F|100/100
|-weather|Snowscape|[from] ability: Snow Warning|[of] p2b: Ninetales
|turn|2
|
|t:|1756330897
|move|p2a: Dragonite|Protect|p2a: Dragonite
|-singleturn|p2a: Dragonite|Protect
|move|p1a: Dragapult|Dragon Darts|p2a: Dragonite
|-immune|p2b: Ninetales
|move|p2b: Ninetales|Blizzard|p1a: Dragapult|[spread] p1a,p1b
|-supereffective|p1a: Dragapult
|-damage|p1a: Dragapult|16/100
|-damage|p1b: Electabuzz|27/100
|-status|p1b: Electabuzz|frz
|cant|p1b: Electabuzz|frz
|
|-weather|Snowscape|[upkeep]
|upkeep
|turn|3
|
|t:|1756330910
|move|p2a: Dragonite|Extreme Speed|p1a: Dragapult
|-damage|p1a: Dragapult|0 fnt
|faint|p1a: Dragapult
|move|p2b: Ninetales|Blizzard|p1b: Electabuzz
|-damage|p1b: Electabuzz|0 fnt
|faint|p1b: Electabuzz
|
|-weather|Snowscape|[upkeep]
|upkeep
|
|t:|1756330917
|switch|p1a: Gholdengo|Gholdengo, L50|100/100
|switch|p1b: Big Jerry|Rillaboom, L50, F|100/100
|-fieldstart|move: Grassy Terrain|[from] ability: Grassy Surge|[of] p1b: Big Jerry
|turn|4
|inactive|mariocansado has 30 seconds left.
|inactive|mariocansado has 20 seconds left.
|inactive|mariocansado has 15 seconds left.
|
|t:|1756330961
|move|p2a: Dragonite|Protect|p2a: Dragonite
|-singleturn|p2a: Dragonite|Protect
|move|p1b: Big Jerry|Fake Out|p2a: Dragonite
|-activate|p2a: Dragonite|move: Protect
|move|p1a: Gholdengo|Make It Rain|p2b: Ninetales|[spread] p2b
|-activate|p2a: Dragonite|move: Protect
|-supereffective|p2b: Ninetales
|-enditem|p2b: Ninetales|Focus Sash
|-damage|p2b: Ninetales|1/100
|-unboost|p1a: Gholdengo|spa|1
|move|p2b: Ninetales|Blizzard|p1a: Gholdengo|[spread] p1a,p1b
|-resisted|p1a: Gholdengo
|-supereffective|p1b: Big Jerry
|-damage|p1a: Gholdengo|82/100
|-damage|p1b: Big Jerry|49/100
|
|-weather|Snowscape|[upkeep]
|-heal|p1a: Gholdengo|88/100|[from] Grassy Terrain
|-heal|p2b: Ninetales|7/100|[from] Grassy Terrain
|-heal|p1b: Big Jerry|55/100|[from] Grassy Terrain
|upkeep
|turn|5
|
|t:|1756330982
|switch|p2b: Kingambit|Kingambit, L50, M|100/100
|move|p1a: Gholdengo|Make It Rain|p2a: Dragonite|[spread] p2a,p2b
|-resisted|p2b: Kingambit
|-damage|p2a: Dragonite|38/100
|-damage|p2b: Kingambit|89/100
|-unboost|p1a: Gholdengo|spa|1
|move|p2a: Dragonite|Tera Blast|p1b: Big Jerry|[anim] Tera Blast Flying
|-supereffective|p1b: Big Jerry
|-damage|p1b: Big Jerry|0 fnt
|faint|p1b: Big Jerry
|
|-weather|Snowscape|[upkeep]
|-heal|p1a: Gholdengo|94/100|[from] Grassy Terrain
|-heal|p2b: Kingambit|95/100|[from] Grassy Terrain
|upkeep
|turn|6
|-message|mariocansado forfeited.
|
|win|chupete goat
||mariocansado is ready for game 2.
||chupete goat is ready for game 2.
|uhtml|next|Next: Game 2 of 3
|l|☆chupete goat
|player|p2|
