|j|☆walune
|j|☆okkoso
|html|waluneokkoso    
|uhtml|bestof|Game 1 of a best-of-3
|t:|1756828550
|gametype|doubles
|player|p1|walune|n|1000
|player|p2|okkoso|waiter-gen4dp|1045
|gen|9
|tier|[Gen 9] VGC 2025 Reg H (Bo3)
|rated|
|rule|Species Clause: Limit one of each Pokémon
|rule|Item Clause: Limit 1 of each item
|clearpoke
|poke|p1|Incineroar, L50, F|
|poke|p1|Jumpluff, L50, F|
|poke|p1|Volcarona, L50, M|
|poke|p1|Archaludon, L50, M|
|poke|p1|Sneasler, L50, F|
|poke|p1|Gholdengo, L50|
|poke|p2|Incineroar, L50, F|
|poke|p2|Gholdengo, L50|
|poke|p2|Dragonite, L50, M|
|poke|p2|Amoonguss, L50, F|
|poke|p2|Ursaluna-Bloodmoon, L50, M|
|poke|p2|Sneasler, L50, F|
|teampreview|4
|showteam|p1|Incineroar||HeavyDutyBoots|Intimidate|KnockOff,FlareBlitz,FakeOut,PartingShot|||F|||50|,,,,,Ghost]Jumpluff||RockyHelmet|Chlorophyll|SunnyDay,SleepPowder,Tailwind,RagePowder|||F|||50|,,,,,Dragon]Volcarona||CovertCloak|FlameBody|QuiverDance,Flamethrower,MorningSun,WillOWisp|||M|||50|,,,,,Water]Archaludon||Leftovers|Stamina|BodyPress,FlashCannon,StealthRock,DracoMeteor|||M|||50|,,,,,Steel]Sneasler||FocusSash|Unburden|DireClaw,FakeOut,CloseCombat,Coaching|||F|||50|,,,,,Ghost]Gholdengo||AirBalloon|GoodasGold|NastyPlot,ShadowBall,MakeItRain,Protect||||||50|,,,,,Fairy
|showteam|p2|Incineroar||SafetyGoggles|Intimidate|FlareBlitz,KnockOff,PartingShot,FakeOut|||F|||50|,,,,,Ghost]Gholdengo||LifeOrb|GoodasGold|MakeItRain,ShadowBall,NastyPlot,Protect||||||50|,,,,,Water]Dragonite||LoadedDice|Multiscale|ScaleShot,Tailwind,Haze,Protect|||M|||50|,,,,,Fairy]Amoonguss||SitrusBerry|Regenerator|Spore,RagePowder,PollenPuff,Protect|||F|||50|,,,,,Psychic]Ursaluna-Bloodmoon||AssaultVest|MindsEye|HyperVoice,BloodMoon,EarthPower,VacuumWave|||M|||50|,,,,,Water]Sneasler||FocusSash|Unburden|CloseCombat,DireClaw,ThroatChop,Protect|||F|||50|,,,,,Stellar
|j| subhamcheee
|
|t:|1756828565
|teamsize|p1|4
|teamsize|p2|4
|start
|switch|p1a: Archaludon|Archaludon, L50, M|100/100
|switch|p1b: Incineroar|Incineroar, L50, F|100/100
|switch|p2a: Incineroar|Incineroar, L50, F|100/100
|switch|p2b: Ursaluna|Ursaluna-Bloodmoon, L50, M|100/100
|-ability|p2a: Incineroar|Intimidate|boost
|-unboost|p1a: Archaludon|atk|1
|-unboost|p1b: Incineroar|atk|1
|-ability|p1b: Incineroar|Intimidate|boost
|-unboost|p2a: Incineroar|atk|1
|-unboost|p2b: Ursaluna|atk|1
|turn|1
|
|t:|1756828589
|move|p1b: Incineroar|Fake Out|p2b: Ursaluna
|-damage|p2b: Ursaluna|93/100
|move|p1a: Archaludon|Stealth Rock|p2a: Incineroar
|-sidestart|p2: okkoso|move: Stealth Rock
|move|p2a: Incineroar|Knock Off|p1a: Archaludon
|-damage|p1a: Archaludon|84/100
|-ability|p1a: Archaludon|Stamina|boost
|-boost|p1a: Archaludon|def|1
|-enditem|p1a: Archaludon|Leftovers|[from] move: Knock Off|[of] p2a: Incineroar
|cant|p2b: Ursaluna|flinch
|
|upkeep
|turn|2
|
|t:|1756828613
|move|p1a: Archaludon|Stealth Rock||[still]
|-fail|p1a: Archaludon
|move|p2a: Incineroar|Parting Shot|p1b: Incineroar
|-unboost|p1b: Incineroar|atk|1
|-unboost|p1b: Incineroar|spa|1
|
|t:|1756828620
|switch|p2a: Dragonite|Dragonite, L50, M|100/100|[from] Parting Shot
|-damage|p2a: Dragonite|75/100|[from] Stealth Rock
|move|p1b: Incineroar|Knock Off|p2b: Ursaluna
|-damage|p2b: Ursaluna|72/100
|-enditem|p2b: Ursaluna|Assault Vest|[from] move: Knock Off|[of] p1b: Incineroar
|move|p2b: Ursaluna|Earth Power|p1a: Archaludon
|-supereffective|p1a: Archaludon
|-damage|p1a: Archaludon|0 fnt
|faint|p1a: Archaludon
|
|upkeep
|
|t:|1756828634
|switch|p1a: Sneasler|Sneasler, L50, F|100/100
|turn|3
|
|t:|1756828659
|-terastallize|p2b: Ursaluna|Water
|move|p1a: Sneasler|Close Combat|p2b: Ursaluna
|-damage|p2b: Ursaluna|29/100
|-unboost|p1a: Sneasler|def|1
|-unboost|p1a: Sneasler|spd|1
|move|p2a: Dragonite|Scale Shot|p1a: Sneasler
|-damage|p1a: Sneasler|66/100
|-crit|p1a: Sneasler
|-damage|p1a: Sneasler|12/100
|-damage|p1a: Sneasler|0 fnt
|faint|p1a: Sneasler
|-hitcount|p1: Sneasler|3
|-unboost|p2a: Dragonite|def|1
|-boost|p2a: Dragonite|spe|1
|move|p1b: Incineroar|Knock Off|p2a: Dragonite
|-damage|p2a: Dragonite|36/100
|-enditem|p2a: Dragonite|Loaded Dice|[from] move: Knock Off|[of] p1b: Incineroar
|move|p2b: Ursaluna|Earth Power|p1b: Incineroar
|-supereffective|p1b: Incineroar
|-damage|p1b: Incineroar|0 fnt
|faint|p1b: Incineroar
|
|upkeep
|
|t:|1756828684
|switch|p1a: Gholdengo|Gholdengo, L50|100/100
|-item|p1a: Gholdengo|Air Balloon
|turn|4
|l| subhamcheee
|
|t:|1756828697
|switch|p2b: Incineroar|Incineroar, L50, F|100/100
|-damage|p2b: Incineroar|76/100|[from] Stealth Rock
|-ability|p2b: Incineroar|Intimidate|boost
|-unboost|p1a: Gholdengo|atk|1
|-terastallize|p1a: Gholdengo|Fairy
|move|p2a: Dragonite|Scale Shot|p1a: Gholdengo
|-immune|p1a: Gholdengo
|move|p1a: Gholdengo|Make It Rain|p2b: Incineroar|[spread] p2a,p2b
|-resisted|p2b: Incineroar
|-damage|p2a: Dragonite|0 fnt
|-damage|p2b: Incineroar|55/100
|-unboost|p1a: Gholdengo|spa|1
|faint|p2a: Dragonite
|
|upkeep
|
|t:|1756828708
|switch|p2a: Gholdengo|Gholdengo, L50|100/100
|-damage|p2a: Gholdengo|94/100|[from] Stealth Rock
|turn|5
|
|t:|1756828720
|move|p1a: Gholdengo|Protect|p1a: Gholdengo
|-singleturn|p1a: Gholdengo|Protect
|move|p2b: Incineroar|Fake Out|p1a: Gholdengo
|-activate|p1a: Gholdengo|move: Protect
|move|p2a: Gholdengo|Make It Rain|p1a: Gholdengo
|-activate|p1a: Gholdengo|move: Protect
|
|upkeep
|turn|6
|
|t:|1756828731
|move|p1a: Gholdengo|Shadow Ball|p2a: Gholdengo
|-supereffective|p2a: Gholdengo
|-damage|p2a: Gholdengo|30/100
|-unboost|p2a: Gholdengo|spd|1
|move|p2a: Gholdengo|Make It Rain|p1a: Gholdengo
|-supereffective|p1a: Gholdengo
|-damage|p1a: Gholdengo|0 fnt
|-unboost|p2a: Gholdengo|spa|1
|-enditem|p1a: Gholdengo|Air Balloon
|faint|p1a: Gholdengo
|-damage|p2a: Gholdengo|20/100|[from] item: Life Orb
|
|win|okkoso
|inactive|walune has 30 seconds to confirm battle start!
|inactive|okkoso has 30 seconds to confirm battle start!
||okkoso is ready for game 2.
||walune is ready for game 2.
|uhtml|next|Next: Game 2 of 3
