|j|☆MarkPanCP
|j|☆Phiro45
|html|MarkPanCPPhiro45    
|uhtml|bestof|Game 2 of a best-of-3
|t:|1786159148
|gametype|doubles
|player|p1|MarkPanCP|cynthia|
|player|p2|Phiro45|iris-gen5bw2|
|gen|9
|tier|[Gen 9 Champions] VGC 2026 Reg M-B (Bo3)
|rule|Species Clause: Limit one of each Pokémon
|rule|Item Clause: Limit 1 of each item
|clearpoke
|poke|p1|Charizard, L50, M|
|poke|p1|Venusaur, L50, F|
|poke|p1|Sinistcha, L50|
|poke|p1|Incineroar, L50, F|
|poke|p1|Floette-Eternal, L50, F|
|poke|p1|Garchomp, L50, M|
|poke|p2|Garchomp, L50, F|
|poke|p2|Charizard, L50, M|
|poke|p2|Kingambit, L50, M|
|poke|p2|Basculegion, L50, M|
|poke|p2|Whimsicott, L50, F|
|poke|p2|Farigiraf, L50, M|
|teampreview|4
|showteam|p1|Charizard||CharizarditeY|Blaze|HeatWave,Protect,SolarBeam,WeatherBall|Modest||M|||50|]Venusaur||FocusSash|Chlorophyll|SludgeBomb,LeafStorm,Protect,SleepPowder|Timid||F|||50|]Sinistcha||ColburBerry|Hospitality|TrickRoom,Protect,MatchaGotcha,RagePowder|Relaxed|||||50|]Incineroar||SitrusBerry|Intimidate|FlareBlitz,FakeOut,ThroatChop,PartingShot|Careful||F|||50|]Floette-Eternal||Floettite|FlowerVeil|Moonblast,CalmMind,DazzlingGleam,Protect|Timid||F|||50|]Garchomp||ChoiceScarf|RoughSkin|Earthquake,RockSlide,DragonClaw,StompingTantrum|Adamant||M|||50|
|showteam|p2|Garchomp||LifeOrb|RoughSkin|RockSlide,DragonClaw,StompingTantrum,Protect|Rash||F|||50|]Charizard||CharizarditeY|Blaze|HeatWave,SolarBeam,WeatherBall,Protect|Timid||M|||50|]Kingambit||ChopleBerry|Defiant|KowtowCleave,IronHead,SuckerPunch,LowKick|Adamant||M|||50|]Basculegion||ChoiceScarf|Adaptability|LastRespects,WaveCrash,FlipTurn,AquaJet|Jolly||M|||50|]Whimsicott||FocusSash|Prankster|Tailwind,Moonblast,Encore,Protect|Bold||F|||50|]Farigiraf||SitrusBerry|ArmorTail|Psychic,Thunderbolt,TrickRoom,HelpingHand|Quiet||M|||50|
|j| GoyoTraineador
|j| OrCapp
|j| plata_0007
|
|t:|1786159167
|teamsize|p1|4
|teamsize|p2|4
|start
|switch|p1a: Violador|Charizard, L50, M|100/100
|switch|p1b: Incinegoat|Incineroar, L50, F|100/100
|switch|p2a: DiosDel69|Kingambit, L50, M|100/100
|switch|p2b: PezDeMrd|Basculegion, L50, M|100/100
|-ability|p1b: Incinegoat|Intimidate|boost
|-unboost|p2a: DiosDel69|atk|1
|-ability|p2a: DiosDel69|Defiant|boost
|-boost|p2a: DiosDel69|atk|2
|-unboost|p2b: PezDeMrd|atk|1
|turn|1
|
|t:|1786159210
|detailschange|p1a: Violador|Charizard-Mega-Y, L50, M
|-mega|p1a: Violador|Charizard|Charizardite Y
|-weather|SunnyDay|[from] ability: Drought|[of] p1a: Violador
|move|p1b: Incinegoat|Fake Out|p2a: DiosDel69
|-resisted|p2a: DiosDel69|1
|-damage|p2a: DiosDel69|96/100
|move|p2b: PezDeMrd|Wave Crash|p1a: Violador
|-supereffective|p1a: Violador|1
|-damage|p1a: Violador|29/100
|-damage|p2b: PezDeMrd|81/100|[from] Recoil
|move|p1a: Violador|Solar Beam||[still]
|-prepare|p1a: Violador|Solar Beam
|-anim|p1a: Violador|Solar Beam|p2b: PezDeMrd
|-supereffective|p2b: PezDeMrd|1
|-damage|p2b: PezDeMrd|0 fnt
|faint|p2b: PezDeMrd
|cant|p2a: DiosDel69|flinch
|
|-weather|SunnyDay|[upkeep]
|upkeep
|
|t:|1786159226
|switch|p2b: Bananini|Garchomp, L50, F|100/100
|turn|2
|
|t:|1786159275
|switch|p1a: Pitudo|Garchomp, L50, M|100/100
|move|p2b: Bananini|Rock Slide|p1a: Pitudo|[spread] p1b
|-miss|p2b: Bananini|p1a: Pitudo
|-supereffective|p1b: Incinegoat|1
|-damage|p1b: Incinegoat|40/100
|-enditem|p1b: Incinegoat|Sitrus Berry|[eat]
|-heal|p1b: Incinegoat|65/100|[from] item: Sitrus Berry
|-damage|p2b: Bananini|90/100|[from] item: Life Orb
|cant|p1b: Incinegoat|flinch
|move|p2a: DiosDel69|Low Kick|p1b: Incinegoat
|-supereffective|p1b: Incinegoat|1
|-damage|p1b: Incinegoat|0 fnt
|faint|p1b: Incinegoat
|
|-weather|SunnyDay|[upkeep]
|upkeep
|
|t:|1786159291
|switch|p1b: ElCazo|Sinistcha, L50|100/100
|turn|3
|
|t:|1786159301
|move|p1b: ElCazo|Protect|p1b: ElCazo
|-singleturn|p1b: ElCazo|Protect
|move|p1a: Pitudo|Dragon Claw|p2b: Bananini
|-supereffective|p2b: Bananini|1
|-damage|p2b: Bananini|18/100
|-damage|p1a: Pitudo|87/100|[from] ability: Rough Skin|[of] p2b: Bananini
|move|p2b: Bananini|Dragon Claw|p1a: Pitudo
|-supereffective|p1a: Pitudo|1
|-damage|p1a: Pitudo|0 fnt
|-damage|p2b: Bananini|6/100|[from] ability: Rough Skin|[of] p1a: Pitudo
|faint|p1a: Pitudo
|-damage|p2b: Bananini|0 fnt|[from] item: Life Orb
|faint|p2b: Bananini
|move|p2a: DiosDel69|Kowtow Cleave|p1b: ElCazo
|-activate|p1b: ElCazo|move: Protect
|
|-weather|SunnyDay|[upkeep]
|upkeep
|
|t:|1786159319
|switch|p2b: VictiniShiny|Charizard, L50, M|100/100
|switch|p1a: Violador|Charizard-Mega-Y, L50, M|29/100
|turn|4
|
|t:|1786159333
|move|p2b: VictiniShiny|Protect|p2b: VictiniShiny
|-singleturn|p2b: VictiniShiny|Protect
|move|p1a: Violador|Heat Wave|p2a: DiosDel69|[spread] p2a
|-activate|p2b: VictiniShiny|move: Protect
|-supereffective|p2a: DiosDel69|1
|-damage|p2a: DiosDel69|0 fnt
|faint|p2a: DiosDel69
|move|p1b: ElCazo|Trick Room|p1b: ElCazo
|-fieldstart|move: Trick Room|[of] p1b: ElCazo
|
|-weather|SunnyDay|[upkeep]
|upkeep
|turn|5
|
|t:|1786159355
|detailschange|p2b: VictiniShiny|Charizard-Mega-Y, L50, M
|-mega|p2b: VictiniShiny|Charizard|Charizardite Y
|move|p1a: Violador|Heat Wave|p2b: VictiniShiny
|-resisted|p2b: VictiniShiny|1
|-damage|p2b: VictiniShiny|56/100
|move|p2b: VictiniShiny|Heat Wave|p1b: ElCazo|[spread] p1a,p1b
|-resisted|p1a: Violador|1
|-supereffective|p1b: ElCazo|1
|-damage|p1a: Violador|0 fnt
|-damage|p1b: ElCazo|0 fnt
|faint|p1a: Violador
|faint|p1b: ElCazo
|
|win|Phiro45
|inactive|MarkPanCP has 30 seconds to confirm battle start!
|inactive|Phiro45 has 30 seconds to confirm battle start!
|l|☆MarkPanCP
|player|p1|
|inactive|MarkPanCP has 20 seconds to confirm battle start!
|inactive|Phiro45 has 20 seconds to confirm battle start!
