|j|☆MMTQ
|j|☆robby w
|html|MMTQrobby w    
|uhtml|bestof|Game 1 of a best-of-3
|t:|1756664736
|gametype|doubles
|player|p1|MMTQ|101|1222
|player|p2|robby w|pokefan-gen4|1289
|gen|9
|tier|[Gen 9] VGC 2025 Reg H (Bo3)
|rated|
|rule|Species Clause: Limit one of each Pokémon
|rule|Item Clause: Limit 1 of each item
|clearpoke
|poke|p1|Gholdengo, L50|
|poke|p1|Sneasler, L50, M|
|poke|p1|Rillaboom, L50, F|
|poke|p1|Dragonite, L50, F|
|poke|p1|Ninetales-Alola, L50, M|
|poke|p1|Arcanine-Hisui, L50, F|
|poke|p2|Dondozo, L50, F|
|poke|p2|Tatsugiri, L50, F|
|poke|p2|Sneasler, L50, M|
|poke|p2|Indeedee, L50, M|
|poke|p2|Archaludon, L50, M|
|poke|p2|Whimsicott, L50, F|
|teampreview|4
|showteam|p1|Gholdengo||GrassySeed|GoodasGold|NastyPlot,MakeItRain,ShadowBall,Protect||||||50|,,,,,Water]Sneasler||WhiteHerb|Unburden|CloseCombat,DireClaw,Coaching,Protect|||M|||50|,,,,,Ghost]Rillaboom||AssaultVest|GrassySurge|FakeOut,GrassyGlide,DrumBeating,HighHorsepower|||F|||50|,,,,,Fire]Dragonite||LoadedDice|Multiscale|ScaleShot,StompingTantrum,Tailwind,Protect|||F|||50|,,,,,Ground]Ninetales-Alola||FocusSash|SnowWarning|Blizzard,IcyWind,Encore,AuroraVeil|||M|||50|,,,,,Ghost]Arcanine-Hisui||ClearAmulet|Intimidate|RockSlide,FlareBlitz,ExtremeSpeed,Protect|||F|||50|,,,,,Water
|showteam|p2|Dondozo||Leftovers|Unaware|Protect,WaveCrash,Earthquake,OrderUp|||F|||50|,,,,,Grass]Tatsugiri||ChoiceScarf|Commander|DragonPulse,IcyWind,DracoMeteor,MuddyWater|||F|||50|,,,,,Stellar]Sneasler||PsychicSeed|Unburden|DireClaw,CloseCombat,Protect,ThroatChop|||M|||50|,,,,,Dark]Indeedee||FocusSash|PsychicSurge|DazzlingGleam,HelpingHand,ExpandingForce,Protect|||M|||50|,,,,,Fairy]Archaludon||AssaultVest|Stamina|BodyPress,FlashCannon,Snarl,DracoMeteor|||M|||50|,,,,,Fighting]Whimsicott||CovertCloak|Prankster|Tailwind,Moonblast,Taunt,HelpingHand|||F|||50|,,,,,Grass
|inactive|Battle timer is ON: inactive players will automatically lose when time's up. (requested by robby w)
|inactive|MMTQ has 60 seconds left.
|
|t:|1756664821
|teamsize|p1|4
|teamsize|p2|4
|start
|switch|p1a: Gholdengo|Gholdengo, L50|100/100
|switch|p1b: Rillaboom|Rillaboom, L50, F|100/100
|switch|p2a: Dondozo|Dondozo, L50, F, shiny|100/100
|switch|p2b: Sneasler|Sneasler, L50, M|100/100
|-fieldstart|move: Grassy Terrain|[from] ability: Grassy Surge|[of] p1b: Rillaboom
|-enditem|p1a: Gholdengo|Grassy Seed
|-boost|p1a: Gholdengo|def|1|[from] item: Grassy Seed
|turn|1
|inactive|MMTQ has 30 seconds left.
|inactive|MMTQ has 20 seconds left.
|inactive|MMTQ has 15 seconds left.
|inactive|MMTQ has 10 seconds left.
|
|t:|1756664868
|switch|p2a: Indeedee|Indeedee, L50, M|100/100
|-fieldstart|move: Psychic Terrain|[from] ability: Psychic Surge|[of] p2a: Indeedee
|-enditem|p2b: Sneasler|Psychic Seed
|-boost|p2b: Sneasler|spd|1|[from] item: Psychic Seed
|-terastallize|p1a: Gholdengo|Water
|move|p2b: Sneasler|Dire Claw|p1b: Rillaboom
|-supereffective|p1b: Rillaboom
|-damage|p1b: Rillaboom|12/100
|-status|p1b: Rillaboom|slp
|cant|p1b: Rillaboom|slp
|move|p1a: Gholdengo|Nasty Plot|p1a: Gholdengo
|-boost|p1a: Gholdengo|spa|2
|
|upkeep
|turn|2
|inactive|MMTQ has 30 seconds left.
|inactive|robby w has 30 seconds left.
|
|t:|1756664894
|switch|p1b: Arcanine|Arcanine-Hisui, L50, F, shiny|100/100
|-ability|p1b: Arcanine|Intimidate|boost
|-unboost|p2a: Indeedee|atk|1
|-unboost|p2b: Sneasler|atk|1
|move|p2b: Sneasler|Close Combat|p1a: Gholdengo
|-damage|p1a: Gholdengo|68/100
|-unboost|p2b: Sneasler|def|1
|-unboost|p2b: Sneasler|spd|1
|move|p2a: Indeedee|Expanding Force|p1b: Arcanine|[spread] p1a,p1b
|-damage|p1a: Gholdengo|13/100
|-damage|p1b: Arcanine|33/100
|move|p1a: Gholdengo|Make It Rain|p2a: Indeedee|[spread] p2a,p2b
|-enditem|p2a: Indeedee|Focus Sash
|-damage|p2a: Indeedee|1/100
|-damage|p2b: Sneasler|0 fnt
|-unboost|p1a: Gholdengo|spa|1
|faint|p2b: Sneasler
|
|upkeep
|
|t:|1756664913
|switch|p2b: Dondozo|Dondozo, L50, F, shiny|100/100
|turn|3
|inactive|MMTQ has 30 seconds left.
|inactive|MMTQ has 20 seconds left.
|inactive|MMTQ has 15 seconds left.
|inactive|MMTQ has 10 seconds left.
|
|t:|1756664962
|switch|p2a: Tatsugiri|Tatsugiri, L50, F|100/100
|-activate|p2a: Tatsugiri|ability: Commander|[of] p2b: Dondozo
|-boost|p2b: Dondozo|atk|2
|-boost|p2b: Dondozo|spa|2
|-boost|p2b: Dondozo|spe|2
|-boost|p2b: Dondozo|def|2
|-boost|p2b: Dondozo|spd|2
|switch|p1a: Rillaboom|Rillaboom, L50, F|12/100 slp
|-fieldstart|move: Grassy Terrain|[from] ability: Grassy Surge|[of] p1a: Rillaboom
|move|p1b: Arcanine|Extreme Speed|p2a: Tatsugiri|[miss]
|-miss|p1b: Arcanine|p2a: Tatsugiri
|move|p2b: Dondozo|Earthquake|p1a: Rillaboom|[spread] p1a,p1b
|-miss|p2b: Dondozo|p2a: Tatsugiri
|-resisted|p1a: Rillaboom
|-supereffective|p1b: Arcanine
|-damage|p1a: Rillaboom|0 fnt
|-damage|p1b: Arcanine|0 fnt
|faint|p1a: Rillaboom
|faint|p1b: Arcanine
|
|upkeep
|
|t:|1756664980
|switch|p1b: Gholdengo|Gholdengo, L50, tera:Water|13/100
|switch|p1a: Dragonite|Dragonite, L50, F|100/100
|turn|4
|
|t:|1756664995
|move|p2b: Dondozo|Order Up|p1a: Dragonite
|-supereffective|p1a: Dragonite
|-damage|p1a: Dragonite|40/100
|-boost|p2b: Dondozo|atk|1
|move|p1b: Gholdengo|Shadow Ball|p2b: Dondozo
|-crit|p2b: Dondozo
|-damage|p2b: Dondozo|35/100
|move|p1a: Dragonite|Scale Shot|p2b: Dondozo|[miss]
|-miss|p1a: Dragonite|p2b: Dondozo
|
|-heal|p2b: Dondozo|41/100|[from] Grassy Terrain
|-heal|p2b: Dondozo|47/100|[from] item: Leftovers
|-heal|p1b: Gholdengo|19/100|[from] Grassy Terrain
|upkeep
|turn|5
|inactive|MMTQ has 30 seconds left.
|
|t:|1756665020
|move|p2b: Dondozo|Order Up|p1b: Gholdengo
|-damage|p1b: Gholdengo|0 fnt
|faint|p1b: Gholdengo
|-boost|p2b: Dondozo|atk|1
|move|p1a: Dragonite|Tailwind|p1a: Dragonite
|-sidestart|p1: MMTQ|move: Tailwind
|
|-heal|p2b: Dondozo|54/100|[from] Grassy Terrain
|-heal|p2b: Dondozo|60/100|[from] item: Leftovers
|upkeep
|turn|6
|
|t:|1756665032
|move|p2b: Dondozo|Protect|p2b: Dondozo
|-singleturn|p2b: Dondozo|Protect
|move|p1a: Dragonite|Scale Shot|p2b: Dondozo
|-activate|p2b: Dondozo|move: Protect
|
|-heal|p2b: Dondozo|66/100|[from] Grassy Terrain
|-heal|p2b: Dondozo|72/100|[from] item: Leftovers
|upkeep
|turn|7
|
|t:|1756665042
|move|p1a: Dragonite|Scale Shot|p2b: Dondozo
|-damage|p2b: Dondozo|66/100
|-damage|p2b: Dondozo|61/100
|-damage|p2b: Dondozo|55/100
|-damage|p2b: Dondozo|49/100
|-damage|p2b: Dondozo|43/100
|-hitcount|p2b: Dondozo|5
|-unboost|p1a: Dragonite|def|1
|-boost|p1a: Dragonite|spe|1
|move|p2b: Dondozo|Order Up|p1a: Dragonite
|-supereffective|p1a: Dragonite
|-damage|p1a: Dragonite|0 fnt
|faint|p1a: Dragonite
|
|win|robby w
||MMTQ is ready for game 2.
|inactive|robby w has 30 seconds to confirm battle start!
||robby w is ready for game 2.
|uhtml|next|Next: Game 2 of 3
