|j|☆Gurrasnurra5
|j|☆FireFerret12
|html|Gurrasnurra5FireFerret12    
|uhtml|bestof|Game 1 of a best-of-3
|t:|1757765583
|gametype|doubles
|player|p1|Gurrasnurra5|wattson|1276
|player|p2|FireFerret12|nate|1288
|gen|9
|tier|[Gen 9] VGC 2025 Reg H (Bo3)
|rated|
|rule|Species Clause: Limit one of each Pokémon
|rule|Item Clause: Limit 1 of each item
|clearpoke
|poke|p1|Indeedee, L50, M|
|poke|p1|Sneasler, L50, F|
|poke|p1|Dondozo, L50, F|
|poke|p1|Tatsugiri, L50, F|
|poke|p1|Dragapult, L50, F|
|poke|p1|Ninetales-Alola, L50, F|
|poke|p2|Incineroar, L50, M|
|poke|p2|Gholdengo, L50|
|poke|p2|Rillaboom, L50, M|
|poke|p2|Farigiraf, L50, F|
|poke|p2|Dragonite, L50, M|
|poke|p2|Primarina, L50, M|
|teampreview|4
|showteam|p1|Indeedee||ChoiceScarf|PsychicSurge|ExpandingForce,TeraBlast,Trick,Protect|||M|||50|,,,,,Psychic]Sneasler||PsychicSeed|Unburden|DireClaw,CloseCombat,ThroatChop,Protect|||F|||50|,,,,,Dark]Dondozo||Leftovers|Unaware|WaveCrash,Earthquake,HeavySlam,Protect|||F|||50|,,,,,Steel]Tatsugiri||SitrusBerry|Commander|MuddyWater,DracoMeteor,Taunt,Protect|||F|||50|,,,,,Steel]Dragapult||ChoiceBand|ClearBody|DragonDarts,Outrage,Uturn,PhantomForce|||F|||50|,,,,,Dragon]Ninetales-Alola||FocusSash|SnowWarning|Blizzard,AuroraVeil,Protect,Encore|||F|||50|,,,,,Ghost
|showteam|p2|Incineroar||AssaultVest|Intimidate|FakeOut,FlareBlitz,KnockOff,Uturn|||M|||50|,,,,,Grass]Gholdengo||GrassySeed|GoodasGold|MakeItRain,ShadowBall,NastyPlot,Protect||||||50|,,,,,Water]Rillaboom||MiracleSeed|GrassySurge|FakeOut,GrassyGlide,WoodHammer,Uturn|||M|||50|,,,,,Fire]Farigiraf||ThroatSpray|ArmorTail|Psychic,HyperVoice,TrickRoom,Protect|||F|||50|,,,,,Water]Dragonite||LoadedDice|Multiscale|ExtremeSpeed,ScaleShot,Haze,Protect|||M|||50|,,,,,Steel]Primarina||ChoiceSpecs|LiquidVoice|Moonblast,HyperVoice,DazzlingGleam,IcyWind|||M|||50|,,,,,Poison
|
|t:|1757765659
|teamsize|p1|4
|teamsize|p2|4
|start
|switch|p1a: Sneasler|Sneasler, L50, F|100/100
|switch|p1b: Dondozo|Dondozo, L50, F|100/100
|switch|p2a: Farigiraf|Farigiraf, L50, F|100/100
|switch|p2b: Gholdengo|Gholdengo, L50|100/100
|turn|1
|
|t:|1757765682
|switch|p2a: Rillaboom|Rillaboom, L50, M|100/100
|-fieldstart|move: Grassy Terrain|[from] ability: Grassy Surge|[of] p2a: Rillaboom
|-enditem|p2b: Gholdengo|Grassy Seed
|-boost|p2b: Gholdengo|def|1|[from] item: Grassy Seed
|-terastallize|p2b: Gholdengo|Water
|move|p1b: Dondozo|Protect|p1b: Dondozo
|-singleturn|p1b: Dondozo|Protect
|move|p1a: Sneasler|Dire Claw|p2a: Rillaboom
|-supereffective|p2a: Rillaboom
|-damage|p2a: Rillaboom|21/100
|move|p2b: Gholdengo|Nasty Plot|p2b: Gholdengo
|-boost|p2b: Gholdengo|spa|2
|
|-heal|p2a: Rillaboom|27/100|[from] Grassy Terrain
|upkeep
|turn|2
|
|t:|1757765710
|switch|p1b: Indeedee|Indeedee, L50, M|100/100
|-fieldstart|move: Psychic Terrain|[from] ability: Psychic Surge|[of] p1b: Indeedee
|-enditem|p1a: Sneasler|Psychic Seed
|-boost|p1a: Sneasler|spd|1|[from] item: Psychic Seed
|move|p1a: Sneasler|Dire Claw|p2b: Gholdengo
|-damage|p2b: Gholdengo|68/100
|-status|p2b: Gholdengo|slp
|cant|p2b: Gholdengo|slp
|move|p2a: Rillaboom|Wood Hammer|p1b: Indeedee
|-damage|p1b: Indeedee|0 fnt
|faint|p1b: Indeedee
|-damage|p2a: Rillaboom|5/100|[from] Recoil
|
|upkeep
|
|t:|1757765715
|switch|p1b: Dondozo|Dondozo, L50, F|100/100
|turn|3
|
|t:|1757765738
|switch|p1a: Tatsugiri|Tatsugiri, L50, F|100/100
|-activate|p1a: Tatsugiri|ability: Commander|[of] p1b: Dondozo
|-boost|p1b: Dondozo|atk|2
|-boost|p1b: Dondozo|spa|2
|-boost|p1b: Dondozo|spe|2
|-boost|p1b: Dondozo|def|2
|-boost|p1b: Dondozo|spd|2
|switch|p2a: Farigiraf|Farigiraf, L50, F|100/100
|cant|p2b: Gholdengo|slp
|move|p1b: Dondozo|Earthquake|p2b: Gholdengo|[spread] p2a,p2b
|-miss|p1b: Dondozo|p1a: Tatsugiri
|-damage|p2a: Farigiraf|69/100
|-damage|p2b: Gholdengo|29/100 slp
|
|upkeep
|turn|4
|
|t:|1757765755
|-curestatus|p2b: Gholdengo|slp|[msg]
|move|p2b: Gholdengo|Protect|p2b: Gholdengo
|-singleturn|p2b: Gholdengo|Protect
|move|p1b: Dondozo|Earthquake|p2a: Farigiraf|[spread] p2a
|-miss|p1b: Dondozo|p1a: Tatsugiri
|-activate|p2b: Gholdengo|move: Protect
|-damage|p2a: Farigiraf|37/100
|move|p2a: Farigiraf|Hyper Voice|p1b: Dondozo|[spread] p1b
|-miss|p2a: Farigiraf|p1a: Tatsugiri
|-damage|p1b: Dondozo|86/100
|-enditem|p2a: Farigiraf|Throat Spray
|-boost|p2a: Farigiraf|spa|1|[from] item: Throat Spray
|
|-heal|p1b: Dondozo|92/100|[from] item: Leftovers
|upkeep
|turn|5
|
|t:|1757765767
|move|p1b: Dondozo|Protect|p1b: Dondozo
|-singleturn|p1b: Dondozo|Protect
|move|p2b: Gholdengo|Shadow Ball|p1b: Dondozo
|-activate|p1b: Dondozo|move: Protect
|move|p2a: Farigiraf|Psychic|p1b: Dondozo
|-activate|p1b: Dondozo|move: Protect
|
|-heal|p1b: Dondozo|98/100|[from] item: Leftovers
|upkeep
|turn|6
|
|t:|1757765799
|switch|p2b: Rillaboom|Rillaboom, L50, M|5/100
|-fieldstart|move: Grassy Terrain|[from] ability: Grassy Surge|[of] p2b: Rillaboom
|move|p1b: Dondozo|Earthquake|p2a: Farigiraf|[spread] p2a,p2b
|-miss|p1b: Dondozo|p1a: Tatsugiri
|-resisted|p2b: Rillaboom
|-damage|p2a: Farigiraf|20/100
|-damage|p2b: Rillaboom|0 fnt
|faint|p2b: Rillaboom
|move|p2a: Farigiraf|Psychic|p1b: Dondozo
|-damage|p1b: Dondozo|78/100
|
|-heal|p1b: Dondozo|84/100|[from] Grassy Terrain
|-heal|p1b: Dondozo|90/100|[from] item: Leftovers
|-heal|p2a: Farigiraf|25/100|[from] Grassy Terrain
|upkeep
|
|t:|1757765801
|switch|p2b: Dragonite|Dragonite, L50, M|100/100
|turn|7
|
|t:|1757765818
|move|p1b: Dondozo|Wave Crash|p2b: Dragonite
|-resisted|p2b: Dragonite
|-damage|p2b: Dragonite|73/100
|-damage|p1b: Dondozo|84/100|[from] Recoil
|move|p2b: Dragonite|Haze|p2b: Dragonite
|-clearallboost
|move|p2a: Farigiraf|Psychic|p1b: Dondozo
|-damage|p1b: Dondozo|47/100
|
|-heal|p1b: Dondozo|53/100|[from] Grassy Terrain
|-heal|p1b: Dondozo|59/100|[from] item: Leftovers
|-heal|p2a: Farigiraf|31/100|[from] Grassy Terrain
|upkeep
|turn|8
|
|t:|1757765826
|move|p2b: Dragonite|Scale Shot|p1b: Dondozo
|-damage|p1b: Dondozo|49/100
|-damage|p1b: Dondozo|39/100
|-damage|p1b: Dondozo|28/100
|-damage|p1b: Dondozo|19/100
|-hitcount|p1b: Dondozo|4
|-unboost|p2b: Dragonite|def|1
|-boost|p2b: Dragonite|spe|1
|move|p1b: Dondozo|Wave Crash|p2a: Farigiraf
|-damage|p2a: Farigiraf|0 fnt
|faint|p2a: Farigiraf
|-damage|p1b: Dondozo|10/100|[from] Recoil
|
|-heal|p1b: Dondozo|16/100|[from] Grassy Terrain
|-heal|p1b: Dondozo|22/100|[from] item: Leftovers
|upkeep
|
|t:|1757765828
|switch|p2a: Gholdengo|Gholdengo, L50, tera:Water|29/100
|turn|9
|
|t:|1757765840
|move|p2b: Dragonite|Scale Shot|p1b: Dondozo
|-damage|p1b: Dondozo|11/100
|-damage|p1b: Dondozo|1/100
|-crit|p1b: Dondozo
|-damage|p1b: Dondozo|0 fnt
|faint|p1b: Dondozo
|-hitcount|p1: Dondozo|3
|-unboost|p2b: Dragonite|def|1
|-boost|p2b: Dragonite|spe|1
|move|p2a: Gholdengo|Nasty Plot|p2a: Gholdengo
|-boost|p2a: Gholdengo|spa|2
|
|-heal|p2a: Gholdengo|35/100|[from] Grassy Terrain
|upkeep
|
|t:|1757765843
|switch|p1b: Sneasler|Sneasler, L50, F|100/100
|turn|10
|
|t:|1757765865
|-terastallize|p1a: Tatsugiri|Steel
|move|p1b: Sneasler|Protect|p1b: Sneasler
|-singleturn|p1b: Sneasler|Protect
|move|p2b: Dragonite|Scale Shot|p1b: Sneasler
|-activate|p1b: Sneasler|move: Protect
|move|p2a: Gholdengo|Shadow Ball|p1a: Tatsugiri
|-damage|p1a: Tatsugiri|0 fnt
|faint|p1a: Tatsugiri
|
|-heal|p2a: Gholdengo|41/100|[from] Grassy Terrain
|-fieldend|move: Grassy Terrain
|upkeep
|turn|11
|
|t:|1757765882
|move|p2b: Dragonite|Scale Shot|p1b: Sneasler|[miss]
|-miss|p2b: Dragonite|p1b: Sneasler
|move|p1b: Sneasler|Dire Claw|p2a: Gholdengo
|-damage|p2a: Gholdengo|0 fnt
|faint|p2a: Gholdengo
|
|upkeep
|turn|12
|
|t:|1757765892
|move|p2b: Dragonite|Scale Shot|p1b: Sneasler
|-damage|p1b: Sneasler|73/100
|-damage|p1b: Sneasler|48/100
|-damage|p1b: Sneasler|23/100
|-damage|p1b: Sneasler|0 fnt
|faint|p1b: Sneasler
|-hitcount|p1: Sneasler|4
|
|win|FireFerret12
||Gurrasnurra5 is ready for game 2.
|l|☆Gurrasnurra5
|player|p1|
||FireFerret12 is ready for game 2.
|uhtml|next|Next: Game 2 of 3
|l|☆FireFerret12
|player|p2|
