|j|☆void25o
|j|☆SuperOinge22
|html|void25oSuperOinge22    
|uhtml|bestof|Game 2 of a best-of-3
|t:|1754763786
|gametype|doubles
|player|p1|void25o|miku-ghost|1222
|player|p2|SuperOinge22|mars|1240
|gen|9
|tier|[Gen 9] VGC 2025 Reg H (Bo3)
|rated|
|rule|Species Clause: Limit one of each Pokémon
|rule|Item Clause: Limit 1 of each item
|clearpoke
|poke|p1|Pelipper, L50, F|
|poke|p1|Archaludon, L50, F|
|poke|p1|Maushold-Four, L50|
|poke|p1|Overqwil, L50, F|
|poke|p1|Indeedee, L50, M|
|poke|p1|Basculegion-F, L50, F|
|poke|p2|Empoleon, L50, F|
|poke|p2|Salamence, L50, F|
|poke|p2|Meowscarada, L50, M|
|poke|p2|Garchomp, L50, M|
|poke|p2|Gholdengo, L50|
|poke|p2|Tauros-Paldea-Blaze, L50, M|
|teampreview|4
|showteam|p1|Pelipper||FocusSash|Drizzle|WeatherBall,Hurricane,Tailwind,Protect|||F|||50|,,,,,Flying]Archaludon||AssaultVest|Stamina|DragonPulse,ElectroShot,FlashCannon,BodyPress|||F|||50|,,,,,Grass]Maushold-Four||WideLens|Technician|PopulationBomb,FollowMe,Taunt,Protect||||||50|,,,,,Ghost]Overqwil||ClearAmulet|SwiftSwim|ThroatChop,GunkShot,Haze,Protect|||F|||50|,,,,,Fairy]Indeedee||ChoiceScarf|PsychicSurge|ExpandingForce,HelpingHand,DazzlingGleam,TeraBlast|||M|||50|,,,,,Fighting]Basculegion-F||LifeOrb|SwiftSwim|MuddyWater,HydroPump,ShadowBall,Protect|||F|||50|,,,,,Water
|showteam|p2|Empoleon||SitrusBerry|Competitive|WaterPledge,FlashCannon,Yawn,Protect|||F|||50|,,,,,Flying]Salamence||EjectPack|Intimidate|DracoMeteor,HeatWave,Tailwind,Protect|||F|||50|,,,,,Fire]Meowscarada||FocusSash|Overgrow|FlowerTrick,KnockOff,GrassPledge,Protect|||M|||50|,,,,,Grass]Garchomp||LifeOrb|RoughSkin|DragonClaw,Earthquake,StompingTantrum,Protect|||M|||50|,,,,,Ground]Gholdengo||MetalCoat|GoodasGold|MakeItRain,ShadowBall,NastyPlot,Protect||||||50|,,,,,Water]Tauros-Paldea-Blaze||CovertCloak|AngerPoint|FlareBlitz,CloseCombat,FlameCharge,Protect|||M|||50|,,,,,Grass
|inactive|Battle timer is ON: inactive players will automatically lose when time's up. (requested by SuperOinge22)
|
|t:|1754763803
|teamsize|p1|4
|teamsize|p2|4
|start
|switch|p1a: Indeedee|Indeedee, L50, M|100/100
|switch|p1b: Basculegion|Basculegion-F, L50, F|100/100
|switch|p2a: Meowscarada|Meowscarada, L50, M|100/100
|switch|p2b: Salamence|Salamence, L50, F|100/100
|-fieldstart|move: Psychic Terrain|[from] ability: Psychic Surge|[of] p1a: Indeedee
|-ability|p2b: Salamence|Intimidate|boost
|-unboost|p1a: Indeedee|atk|1
|-unboost|p1b: Basculegion|atk|1
|turn|1
|inactive|void25o has 30 seconds left.
|inactive|void25o has 20 seconds left.
|inactive|void25o has 15 seconds left.
|inactive|void25o has 10 seconds left.
|
|t:|1754763850
|move|p1b: Basculegion|Protect|p1b: Basculegion
|-singleturn|p1b: Basculegion|Protect
|move|p1a: Indeedee|Dazzling Gleam|p2b: Salamence|[spread] p2a,p2b
|-supereffective|p2a: Meowscarada
|-supereffective|p2b: Salamence
|-crit|p2b: Salamence
|-damage|p2a: Meowscarada|44/100
|-damage|p2b: Salamence|49/100
|move|p2a: Meowscarada|Knock Off|p1a: Indeedee
|-supereffective|p1a: Indeedee
|-damage|p1a: Indeedee|0 fnt
|-enditem|p1a: Indeedee|Choice Scarf|[from] move: Knock Off|[of] p2a: Meowscarada
|faint|p1a: Indeedee
|move|p2b: Salamence|Tailwind|p2b: Salamence
|-sidestart|p2: SuperOinge22|move: Tailwind
|
|upkeep
|
|t:|1754763861
|switch|p1a: Pelipper|Pelipper, L50, F, shiny|100/100
|-weather|RainDance|[from] ability: Drizzle|[of] p1a: Pelipper
|turn|2
|
|t:|1754763881
|switch|p1b: Archaludon|Archaludon, L50, F|100/100
|move|p2a: Meowscarada|Knock Off|p1b: Archaludon
|-damage|p1b: Archaludon|69/100
|-ability|p1b: Archaludon|Stamina|boost
|-boost|p1b: Archaludon|def|1
|-enditem|p1b: Archaludon|Assault Vest|[from] move: Knock Off|[of] p2a: Meowscarada
|move|p2b: Salamence|Draco Meteor|p1b: Archaludon
|-damage|p1b: Archaludon|0 fnt
|-unboost|p2b: Salamence|spa|2
|faint|p1b: Archaludon
|-enditem|p2b: Salamence|Eject Pack
|
|t:|1754763897
|switch|p2b: Garchomp|Garchomp, L50, M|100/100
|move|p1a: Pelipper|Tailwind|p1a: Pelipper
|-sidestart|p1: void25o|move: Tailwind
|
|-weather|RainDance|[upkeep]
|upkeep
|
|t:|1754763899
|switch|p1b: Basculegion|Basculegion-F, L50, F|100/100
|turn|3
|
|t:|1754763922
|switch|p2a: Salamence|Salamence, L50, F|49/100
|-ability|p2a: Salamence|Intimidate|boost
|-unboost|p1a: Pelipper|atk|1
|-unboost|p1b: Basculegion|atk|1
|-terastallize|p1b: Basculegion|Water
|move|p1b: Basculegion|Muddy Water|p2b: Garchomp|[spread] p2a,p2b
|-resisted|p2a: Salamence
|-damage|p2a: Salamence|8/100
|-damage|p2b: Garchomp|7/100
|-unboost|p2b: Garchomp|accuracy|1
|-damage|p1b: Basculegion|91/100|[from] item: Life Orb
|move|p2b: Garchomp|Dragon Claw|p1a: Pelipper
|-damage|p1a: Pelipper|24/100
|-damage|p2b: Garchomp|0 fnt|[from] item: Life Orb
|faint|p2b: Garchomp
|move|p1a: Pelipper|Hurricane|p2a: Salamence
|-damage|p2a: Salamence|0 fnt
|faint|p2a: Salamence
|
|-weather|RainDance|[upkeep]
|upkeep
|
|t:|1754763939
|switch|p2b: Gholdengo|Gholdengo, L50|100/100
|switch|p2a: Meowscarada|Meowscarada, L50, M|44/100
|turn|4
|
|t:|1754763957
|-terastallize|p2b: Gholdengo|Water
|move|p1b: Basculegion|Muddy Water|p2a: Meowscarada|[spread] p2a,p2b
|-resisted|p2a: Meowscarada
|-resisted|p2b: Gholdengo
|-damage|p2a: Meowscarada|0 fnt
|-damage|p2b: Gholdengo|62/100
|faint|p2a: Meowscarada
|-damage|p1b: Basculegion|81/100|[from] item: Life Orb
|move|p2b: Gholdengo|Nasty Plot|p2b: Gholdengo
|-boost|p2b: Gholdengo|spa|2
|move|p1a: Pelipper|Weather Ball|p2b: Gholdengo
|-resisted|p2b: Gholdengo
|-damage|p2b: Gholdengo|29/100
|
|-weather|RainDance|[upkeep]
|-sideend|p2: SuperOinge22|move: Tailwind
|upkeep
|turn|5
|
|t:|1754763970
|move|p2b: Gholdengo|Protect|p2b: Gholdengo
|-singleturn|p2b: Gholdengo|Protect
|move|p1b: Basculegion|Shadow Ball|p2b: Gholdengo
|-activate|p2b: Gholdengo|move: Protect
|move|p1a: Pelipper|Hurricane|p2b: Gholdengo
|-activate|p2b: Gholdengo|move: Protect
|
|-weather|RainDance|[upkeep]
|-sideend|p1: void25o|move: Tailwind
|-fieldend|move: Psychic Terrain
|upkeep
|turn|6
|
|t:|1754763974
|move|p1b: Basculegion|Shadow Ball|p2b: Gholdengo
|-damage|p2b: Gholdengo|0 fnt
|faint|p2b: Gholdengo
|-damage|p1b: Basculegion|71/100|[from] item: Life Orb
|
|win|void25o
|raw|void25o's rating: 1222 → 1248(+26 for winning)
|raw|SuperOinge22's rating: 1240 → 1214(-26 for losing)
|l|☆SuperOinge22
|player|p2|
|l|☆void25o
|player|p1|
|j|☆void25o
|player|p1|void25o|miku-ghost|
