|j|☆huezinhu
|j|☆Ev_Evan
|html|huezinhuEv_Evan    
|uhtml|bestof|Game 1 of a best-of-3
|t:|1757102843
|gametype|doubles
|player|p1|huezinhu|266|
|player|p2|Ev_Evan|volkner|
|gen|9
|tier|[Gen 9] VGC 2025 Reg H (Bo3)
|rule|Species Clause: Limit one of each Pokémon
|rule|Item Clause: Limit 1 of each item
|clearpoke
|poke|p1|Toedscruel, L50, F|
|poke|p1|Weezing-Galar, L50, M|
|poke|p1|Hydreigon, L50, M|
|poke|p1|Dragapult, L50, M|
|poke|p1|Metagross, L50|
|poke|p1|Meowscarada, L50, F|
|poke|p2|Gallade, L50, M|
|poke|p2|Yanmega, L50, F|
|poke|p2|Oranguru, L50, M|
|poke|p2|Excadrill, L50, M|
|poke|p2|Scrafty, L50, M|
|poke|p2|Hydreigon, L50, M|
|teampreview|4
|showteam|p1|Toedscruel||CovertCloak|MyceliumMight|EarthPower,AcidSpray,Spore,RagePowder|||F|||50|,,,,,Water]Weezing-Galar||ChoiceSpecs|NeutralizingGas|StrangeSteam,SludgeBomb,DazzlingGleam,Flamethrower|||M|||50|,,,,,Water]Hydreigon||LifeOrb|Levitate|Protect,DarkPulse,Tailwind,DragonPulse|||M|||50|,,,,,Poison]Dragapult||ChoiceBand|ClearBody|DragonDarts,PhantomForce,Uturn,Outrage|||M|||50|,,,,,Dragon]Metagross||AssaultVest|ClearBody|BulletPunch,HeavySlam,KnockOff,PsychicFangs||||||50|,,,,,Dark]Meowscarada||FocusSash|Protean|FlowerTrick,KnockOff,PetalBlizzard,Protect|||F|||50|,,,,,Grass
|showteam|p2|Gallade||SitrusBerry|Sharpness|TrickRoom,PsychoCut,SacredSword,WideGuard|||M|||50|,,,,,Fire]Yanmega||FocusSash|SpeedBoost|Tailwind,AirSlash,BugBuzz,Protect|||F|||50|,,,,,Ghost]Oranguru||MentalHerb|Telepathy|TrickRoom,Instruct,PsychicNoise,Protect|||M|||50|,,,,,Dark]Excadrill||ClearAmulet|SandRush|Earthquake,IronHead,RockSlide,Protect|||M|||50|,,,,,Ground]Scrafty||SafetyGoggles|Intimidate|FakeOut,KnockOff,CloseCombat,Taunt|||M|||50|,,,,,Grass]Hydreigon||LifeOrb|Levitate|HeatWave,DracoMeteor,DarkPulse,Protect|||M|||50|,,,,,Ghost
|inactive|Battle timer is ON: inactive players will automatically lose when time's up. (requested by huezinhu)
|inactive|Ev_Evan also wants the timer to be on.
|inactive|huezinhu has 60 seconds left.
|inactive|Ev_Evan has 60 seconds left.
|
|t:|1757102889
|teamsize|p1|4
|teamsize|p2|4
|start
|switch|p1a: Weezing|Weezing-Galar, L50, M|100/100
|switch|p1b: Toedscruel|Toedscruel, L50, F|100/100
|switch|p2a: Yanmega|Yanmega, L50, F|100/100
|switch|p2b: Scrafty|Scrafty, L50, M|100/100
|-ability|p1a: Weezing|Neutralizing Gas
|turn|1
|inactive|huezinhu has 30 seconds left.
|inactive|Ev_Evan has 30 seconds left.
|inactive|huezinhu has 20 seconds left.
|inactive|huezinhu has 15 seconds left.
|
|t:|1757102933
|-terastallize|p2b: Scrafty|Grass
|move|p2a: Yanmega|Protect|p2a: Yanmega
|-singleturn|p2a: Yanmega|Protect
|move|p1b: Toedscruel|Spore|p2a: Yanmega
|-activate|p2a: Yanmega|move: Protect
|move|p1a: Weezing|Dazzling Gleam|p2b: Scrafty|[spread] p2b
|-activate|p2a: Yanmega|move: Protect
|-damage|p2b: Scrafty|75/100
|move|p2b: Scrafty|Close Combat|p1b: Toedscruel
|-damage|p1b: Toedscruel|28/100
|-unboost|p2b: Scrafty|def|1
|-unboost|p2b: Scrafty|spd|1
|
|upkeep
|turn|2
|inactive|huezinhu has 30 seconds left.
|inactive|huezinhu has 20 seconds left.
|inactive|huezinhu has 15 seconds left.
|inactive|huezinhu has 10 seconds left.
|inactive|huezinhu has 5 seconds left.
|
|t:|1757102985
|switch|p2b: Excadrill|Excadrill, L50, M|100/100
|move|p1b: Toedscruel|Acid Spray|p2b: Excadrill
|-immune|p2b: Excadrill
|move|p2a: Yanmega|Air Slash|p1b: Toedscruel
|-supereffective|p1b: Toedscruel
|-damage|p1b: Toedscruel|0 fnt
|faint|p1b: Toedscruel
|move|p1a: Weezing|Dazzling Gleam|p2a: Yanmega|[spread] p2a,p2b
|-resisted|p2b: Excadrill
|-damage|p2a: Yanmega|51/100
|-damage|p2b: Excadrill|82/100
|
|upkeep
|
|t:|1757103004
|switch|p1b: Meowscarada|Meowscarada, L50, F|100/100
|turn|3
|inactive|huezinhu has 30 seconds left.
|
|t:|1757103034
|-end|p1a: Weezing|ability: Neutralizing Gas
|switch|p1a: Dragapult|Dragapult, L50, M|100/100
|move|p2b: Excadrill|Protect|p2b: Excadrill
|-singleturn|p2b: Excadrill|Protect
|move|p1b: Meowscarada|Flower Trick|p2b: Excadrill
|-start|p1b: Meowscarada|typechange|Grass|[from] ability: Protean
|-activate|p2b: Excadrill|move: Protect
|move|p2a: Yanmega|Tailwind|p2a: Yanmega
|-sidestart|p2: Ev_Evan|move: Tailwind
|
|-ability|p2a: Yanmega|Speed Boost|boost
|-boost|p2a: Yanmega|spe|1
|upkeep
|turn|4
|inactive|huezinhu has 30 seconds left.
|
|t:|1757103067
|move|p2a: Yanmega|Air Slash|p1a: Dragapult
|-damage|p1a: Dragapult|42/100
|move|p2b: Excadrill|Iron Head|p1a: Dragapult
|-damage|p1a: Dragapult|0 fnt
|faint|p1a: Dragapult
|move|p1b: Meowscarada|Flower Trick|p2b: Excadrill
|-crit|p2b: Excadrill
|-damage|p2b: Excadrill|5/100
|
|-ability|p2a: Yanmega|Speed Boost|boost
|-boost|p2a: Yanmega|spe|1
|upkeep
|
|t:|1757103077
|switch|p1a: Weezing|Weezing-Galar, L50, M|100/100
|-ability|p1a: Weezing|Neutralizing Gas
|turn|5
|
|t:|1757103101
|move|p1b: Meowscarada|Protect|p1b: Meowscarada
|-singleturn|p1b: Meowscarada|Protect
|move|p2a: Yanmega|Air Slash|p1a: Weezing|[miss]
|-miss|p2a: Yanmega|p1a: Weezing
|move|p2b: Excadrill|Iron Head|p1a: Weezing
|-supereffective|p1a: Weezing
|-damage|p1a: Weezing|16/100
|move|p1a: Weezing|Flamethrower|p2a: Yanmega
|-supereffective|p2a: Yanmega
|-damage|p2a: Yanmega|0 fnt
|faint|p2a: Yanmega
|
|upkeep
|
|t:|1757103107
|switch|p2a: Scrafty|Scrafty, L50, M, tera:Grass|75/100
|turn|6
|
|t:|1757103126
|-terastallize|p1b: Meowscarada|Grass
|move|p2a: Scrafty|Fake Out|p1b: Meowscarada
|-damage|p1b: Meowscarada|82/100
|move|p2b: Excadrill|Rock Slide|p1b: Meowscarada|[spread] p1a,p1b
|-crit|p1a: Weezing
|-damage|p1a: Weezing|0 fnt
|-damage|p1b: Meowscarada|47/100
|faint|p1a: Weezing
|-end|p1a: Weezing|ability: Neutralizing Gas
|-ability|p2a: Scrafty|Intimidate|boost
|-unboost|p1b: Meowscarada|atk|1
|cant|p1b: Meowscarada|flinch
|
|-sideend|p2: Ev_Evan|move: Tailwind
|upkeep
|turn|7
|
|t:|1757103139
|move|p1b: Meowscarada|Petal Blizzard|p2a: Scrafty|[spread] p2a,p2b
|-resisted|p2a: Scrafty
|-damage|p2a: Scrafty|60/100
|-damage|p2b: Excadrill|0 fnt
|faint|p2b: Excadrill
|move|p2a: Scrafty|Close Combat|p1b: Meowscarada
|-damage|p1b: Meowscarada|0 fnt
|-unboost|p2a: Scrafty|def|1
|-unboost|p2a: Scrafty|spd|1
|faint|p1b: Meowscarada
|
|win|Ev_Evan
|c|☆Ev_Evan|gg
||Ev_Evan is ready for game 2.
||huezinhu is ready for game 2.
|uhtml|next|Next: Game 2 of 3
|l|☆huezinhu
|player|p1|
