|j|☆meikh_neiht
|j|☆Pineyfressh
|html|meikh_neihtPineyfressh    
|uhtml|bestof|Game 1 of a best-of-3
|t:|1782531459
|gametype|doubles
|player|p1|meikh_neiht|lucas|1137
|player|p2|Pineyfressh|102|1062
|gen|9
|tier|[Gen 9 Champions] VGC 2026 Reg M-B (Bo3)
|rated|
|rule|Species Clause: Limit one of each Pokémon
|rule|Item Clause: Limit 1 of each item
|clearpoke
|poke|p1|Staraptor, L50, M|
|poke|p1|Sinistcha, L50|
|poke|p1|Maushold, L50|
|poke|p1|Kingambit, L50, M|
|poke|p1|Sneasler, L50, M|
|poke|p1|Delphox, L50, F|
|poke|p2|Starmie, L50|
|poke|p2|Aegislash, L50, M|
|poke|p2|Meganium, L50, F|
|poke|p2|Primarina, L50, F|
|poke|p2|Arcanine-Hisui, L50, M|
|poke|p2|Politoed, L50, M|
|teampreview|4
|showteam|p1|Staraptor||Staraptite|Intimidate|CloseCombat,BraveBird,Roost,Protect|Adamant||M|||50|]Sinistcha||SitrusBerry|Hospitality|RagePowder,MatchaGotcha,TrickRoom,LifeDew|Calm|||||50|]Maushold||ChopleBerry|FriendGuard|Encore,Charm,FollowMe,Protect|Timid|||||50|]Kingambit||OccaBerry|Defiant|KowtowCleave,SuckerPunch,SwordsDance,Protect|Adamant||M|||50|]Sneasler||WhiteHerb|Unburden|DireClaw,Protect,FakeOut,CloseCombat|Jolly||M|||50|]Delphox||Delphoxite|Blaze|HeatWave,Psyshock,NastyPlot,Protect|Timid||F|||50|
|showteam|p2|Starmie||Starminite|Illuminate|Liquidation,PsychoCut,Protect,SelfDestruct|Jolly|||||50|]Aegislash||FocusSash|StanceChange|SwordsDance,ShadowSneak,KingsShield,IronHead|Adamant||M|||50|]Meganium||Meganiumite|Overgrow|SolarBeam,Synthesis,DazzlingGleam,Protect|Timid||F|||50|]Primarina||SitrusBerry|LiquidVoice|HyperVoice,DazzlingGleam,Protect,EnergyBall|Modest||F|||50|]Arcanine-Hisui||Leftovers|Intimidate|Howl,RockSlide,Protect,ExtremeSpeed|Jolly||M|||50|]Politoed||DampRock|Drizzle|WeatherBall,PerishSong,Encore,Protect|Calm||M|||50|
|inactive|Battle timer is ON: inactive players will automatically lose when time's up. (requested by Pineyfressh)
|inactive|meikh_neiht has 60 seconds left.
|
|t:|1782531547
|teamsize|p1|4
|teamsize|p2|4
|start
|switch|p1a: Kingambit|Kingambit, L50, M|100/100
|switch|p1b: Sneasler|Sneasler, L50, M|100/100
|switch|p2a: Starmie|Starmie, L50|100/100
|switch|p2b: Aegislash|Aegislash, L50, M|100/100
|turn|1
|
|t:|1782531558
|switch|p1b: Maushold|Maushold, L50|100/100
|detailschange|p2a: Starmie|Starmie-Mega, L50
|-mega|p2a: Starmie|Starmie|Starminite
|move|p2a: Starmie|Protect|p2a: Starmie
|-singleturn|p2a: Starmie|Protect
|move|p2b: Aegislash|Swords Dance|p2b: Aegislash
|-boost|p2b: Aegislash|atk|2
|move|p1a: Kingambit|Swords Dance|p1a: Kingambit
|-boost|p1a: Kingambit|atk|2
|
|upkeep
|turn|2
|
|t:|1782531579
|switch|p2a: Politoed|Politoed, L50, M|100/100
|-weather|RainDance|[from] ability: Drizzle|[of] p2a: Politoed
|move|p2b: Aegislash|King's Shield|p2b: Aegislash
|-singleturn|p2b: Aegislash|Protect
|move|p1a: Kingambit|Sucker Punch||[still]
|-fail|p1a: Kingambit
|move|p1b: Maushold|Encore|p2b: Aegislash
|-start|p2b: Aegislash|Encore
|
|-weather|RainDance|[upkeep]
|upkeep
|turn|3
|inactive|meikh_neiht has 30 seconds left.
|
|t:|1782531607
|switch|p2b: Primarina|Primarina, L50, F|100/100
|move|p1b: Maushold|Follow Me|p1b: Maushold
|-singleturn|p1b: Maushold|move: Follow Me
|move|p2a: Politoed|Weather Ball|p1b: Maushold
|-damage|p1b: Maushold|40/100
|move|p1a: Kingambit|Kowtow Cleave|p2a: Politoed
|-damage|p2a: Politoed|0 fnt
|faint|p2a: Politoed
|
|-weather|RainDance|[upkeep]
|upkeep
|
|t:|1782531619
|switch|p2a: Starmie|Starmie-Mega, L50|100/100
|turn|4
|
|t:|1782531637
|move|p1b: Maushold|Protect|p1b: Maushold
|-singleturn|p1b: Maushold|Protect
|move|p1a: Kingambit|Sucker Punch|p2a: Starmie
|-supereffective|p2a: Starmie|1
|-damage|p2a: Starmie|0 fnt
|faint|p2a: Starmie
|move|p2b: Primarina|Hyper Voice|p1a: Kingambit|[spread] p1a
|-activate|p1b: Maushold|move: Protect
|-damage|p1a: Kingambit|56/100
|
|-weather|RainDance|[upkeep]
|upkeep
|
|t:|1782531647
|switch|p2a: Aegislash|Aegislash, L50, M|100/100
|turn|5
|
|t:|1782531660
|move|p2a: Aegislash|King's Shield|p2a: Aegislash
|-singleturn|p2a: Aegislash|Protect
|move|p1a: Kingambit|Protect|p1a: Kingambit
|-singleturn|p1a: Kingambit|Protect
|move|p1b: Maushold|Charm|p2a: Aegislash
|-unboost|p2a: Aegislash|atk|2
|move|p2b: Primarina|Hyper Voice|p1a: Kingambit|[spread] p1b
|-activate|p1a: Kingambit|move: Protect
|-damage|p1b: Maushold|0 fnt
|faint|p1b: Maushold
|
|-weather|RainDance|[upkeep]
|upkeep
|
|t:|1782531670
|switch|p1b: Sneasler|Sneasler, L50, M|100/100
|turn|6
|
|t:|1782531678
|move|p2b: Primarina|Protect|p2b: Primarina
|-singleturn|p2b: Primarina|Protect
|move|p1b: Sneasler|Fake Out|p2b: Primarina
|-activate|p2b: Primarina|move: Protect
|move|p2a: Aegislash|Swords Dance|p2a: Aegislash
|-boost|p2a: Aegislash|atk|2
|move|p1a: Kingambit|Kowtow Cleave|p2a: Aegislash
|-supereffective|p2a: Aegislash|1
|-enditem|p2a: Aegislash|Focus Sash
|-damage|p2a: Aegislash|1/100
|
|-weather|RainDance|[upkeep]
|upkeep
|turn|7
|
|t:|1782531695
|move|p2a: Aegislash|King's Shield|p2a: Aegislash
|-singleturn|p2a: Aegislash|Protect
|move|p1a: Kingambit|Sucker Punch||[still]
|-fail|p1a: Kingambit
|move|p1b: Sneasler|Dire Claw|p2b: Primarina
|-supereffective|p2b: Primarina|1
|-damage|p2b: Primarina|2/100
|-enditem|p2b: Primarina|Sitrus Berry|[eat]
|-heal|p2b: Primarina|27/100|[from] item: Sitrus Berry
|move|p2b: Primarina|Hyper Voice|p1b: Sneasler|[spread] p1a,p1b
|-damage|p1a: Kingambit|4/100
|-damage|p1b: Sneasler|17/100
|
|-weather|RainDance|[upkeep]
|upkeep
|turn|8
|inactive|meikh_neiht has 30 seconds left.
|
|t:|1782531725
|move|p2b: Primarina|Protect|p2b: Primarina
|-singleturn|p2b: Primarina|Protect
|move|p1a: Kingambit|Protect|p1a: Kingambit
|-singleturn|p1a: Kingambit|Protect
|-formechange|p2a: Aegislash|Aegislash-Blade|
|move|p2a: Aegislash|Shadow Sneak|p1b: Sneasler
|-damage|p1b: Sneasler|0 fnt
|faint|p1b: Sneasler
|
|-weather|RainDance|[upkeep]
|upkeep
|
|t:|1782531728
|switch|p1b: Staraptor|Staraptor, L50, M|100/100
|-ability|p1b: Staraptor|Intimidate|boost
|-unboost|p2a: Aegislash|atk|1
|-unboost|p2b: Primarina|atk|1
|turn|9
|
|t:|1782531744
|detailschange|p1b: Staraptor|Staraptor-Mega, L50, M
|-mega|p1b: Staraptor|Staraptor|Staraptite
|-formechange|p2a: Aegislash|Aegislash|
|move|p2a: Aegislash|King's Shield|p2a: Aegislash
|-singleturn|p2a: Aegislash|Protect
|move|p1a: Kingambit|Sucker Punch|p2b: Primarina
|-resisted|p2b: Primarina|1
|-damage|p2b: Primarina|0 fnt
|faint|p2b: Primarina
|move|p1b: Staraptor|Brave Bird|p2a: Aegislash
|-activate|p2a: Aegislash|move: Protect
|-boost|p1b: Staraptor|atk|1
|
|-weather|none
|upkeep
|turn|10
|
|t:|1782531758
|-formechange|p2a: Aegislash|Aegislash-Blade|
|move|p2a: Aegislash|Shadow Sneak|p1a: Kingambit
|-resisted|p1a: Kingambit|1
|-damage|p1a: Kingambit|0 fnt
|faint|p1a: Kingambit
|move|p1b: Staraptor|Brave Bird|p2a: Aegislash
|-resisted|p2a: Aegislash|1
|-damage|p2a: Aegislash|0 fnt
|faint|p2a: Aegislash
|-damage|p1b: Staraptor|99/100|[from] Recoil
|
|win|meikh_neiht
||meikh_neiht is ready for game 2.
||Pineyfressh is ready for game 2.
|uhtml|next|Next: Game 2 of 3
|l|☆Pineyfressh
|player|p2|
