|j|☆gladland
|j|☆SnowBusiness
|html|gladlandSnowBusiness    
|uhtml|bestof|Game 2 of a best-of-3
|t:|1756952098
|gametype|doubles
|player|p1|gladland|102|1040
|player|p2|SnowBusiness|blue|1000
|gen|9
|tier|[Gen 9] VGC 2025 Reg H (Bo3)
|rated|
|rule|Species Clause: Limit one of each Pokémon
|rule|Item Clause: Limit 1 of each item
|clearpoke
|poke|p1|Ursaluna-Bloodmoon, L50, M|
|poke|p1|Amoonguss, L50, F|
|poke|p1|Pelipper, L50, F|
|poke|p1|Archaludon, L50, M|
|poke|p1|Indeedee, L50, M|
|poke|p1|Sneasler, L50, F|
|poke|p2|Dragonite, L50, M|
|poke|p2|Gholdengo, L50|
|poke|p2|Sneasler, L50, M|
|poke|p2|Garchomp, L50, M|
|poke|p2|Ninetales-Alola, L50, M|
|poke|p2|Arcanine-Hisui, L50, F|
|teampreview|4
|showteam|p1|Ursaluna-Bloodmoon||LifeOrb|MindsEye|BloodMoon,EarthPower,Protect,HyperVoice|||M|||50|,,,,,Normal]Amoonguss||MentalHerb|EffectSpore|PollenPuff,RagePowder,Spore,RainDance|||F|||50|,,,,,Grass]Pelipper||SitrusBerry|Drizzle|Surf,Hurricane,Tailwind,RainDance|||F|||50|,,,,,Ground]Archaludon||AssaultVest|Stamina|ElectroShot,DracoMeteor,BodyPress,FlashCannon|||M|||50|,,,,,Electric]Indeedee||FocusSash|PsychicSurge|ExpandingForce,HelpingHand,Protect,HyperVoice|||M|||50|,,,,,Steel]Sneasler||PsychicSeed|Unburden|DireClaw,CloseCombat,ThroatChop,Protect|||F|||50|,,,,,Fighting
|showteam|p2|Dragonite||LoadedDice|Multiscale|ScaleShot,Tailwind,Haze,Protect|||M|||50|,,,,,Fairy]Gholdengo||LifeOrb|GoodasGold|MakeItRain,ShadowBall,NastyPlot,Protect||||||50|,,,,,Water]Sneasler||FocusSash|Unburden|CloseCombat,DireClaw,FakeOut,Coaching|||M|||50|,,,,,Stellar]Garchomp||ClearAmulet|RoughSkin|Earthquake,StompingTantrum,DragonClaw,Protect|||M|||50|,,,,,Steel]Ninetales-Alola||ChoiceSpecs|SnowWarning|Blizzard,IcyWind,Moonblast,FreezeDry|||M|||50|,,,,,Ghost]Arcanine-Hisui||MirrorHerb|Intimidate|RockSlide,FlareBlitz,ExtremeSpeed,Protect|||F|||50|,,,,,Ghost
|inactive|Battle timer is ON: inactive players will automatically lose when time's up. (requested by SnowBusiness)
|inactive|gladland has 60 seconds left.
|inactive|SnowBusiness has 60 seconds left.
|inactive|gladland has 30 seconds left.
|inactive|gladland has 20 seconds left.
|inactive|gladland has 15 seconds left.
|inactive|gladland has 10 seconds left.
|inactive|gladland has 5 seconds left.
|
|t:|1756952195
|teamsize|p1|4
|teamsize|p2|4
|start
|switch|p1a: Ursaluna|Ursaluna-Bloodmoon, L50, M|100/100
|switch|p1b: Amoonguss|Amoonguss, L50, F|100/100
|switch|p2a: scale shot misses|Dragonite, L50, M, shiny|100/100
|switch|p2b: sharktile|Garchomp, L50, M|100/100
|turn|1
|
|t:|1756952218
|-terastallize|p1a: Ursaluna|Normal
|move|p1b: Amoonguss|Rage Powder|p1b: Amoonguss
|-singleturn|p1b: Amoonguss|move: Rage Powder
|move|p2b: sharktile|Earthquake|p1b: Amoonguss|[spread] p1a,p1b
|-immune|p2a: scale shot misses
|-damage|p1a: Ursaluna|75/100
|-damage|p1b: Amoonguss|58/100
|move|p2a: scale shot misses|Scale Shot|p1b: Amoonguss
|-damage|p1b: Amoonguss|43/100
|-damage|p1b: Amoonguss|28/100
|-damage|p1b: Amoonguss|11/100
|-damage|p1b: Amoonguss|0 fnt
|faint|p1b: Amoonguss
|-hitcount|p1: Amoonguss|4
|-unboost|p2a: scale shot misses|def|1
|-boost|p2a: scale shot misses|spe|1
|move|p1a: Ursaluna|Blood Moon|p2b: sharktile
|-damage|p2b: sharktile|0 fnt
|faint|p2b: sharktile
|-damage|p1a: Ursaluna|65/100|[from] item: Life Orb
|
|upkeep
|
|t:|1756952241
|switch|p2b: Gholdeggo|Gholdengo, L50|100/100
|switch|p1b: Pelipper|Pelipper, L50, F|100/100
|-weather|RainDance|[from] ability: Drizzle|[of] p1b: Pelipper
|turn|2
|
|t:|1756952257
|-terastallize|p2b: Gholdeggo|Water
|move|p1a: Ursaluna|Protect|p1a: Ursaluna
|-singleturn|p1a: Ursaluna|Protect
|move|p2a: scale shot misses|Scale Shot|p1b: Pelipper
|-damage|p1b: Pelipper|87/100
|-damage|p1b: Pelipper|74/100
|-damage|p1b: Pelipper|61/100
|-damage|p1b: Pelipper|46/100
|-enditem|p1b: Pelipper|Sitrus Berry|[eat]
|-heal|p1b: Pelipper|71/100|[from] item: Sitrus Berry
|-damage|p1b: Pelipper|58/100
|-hitcount|p1b: Pelipper|5
|-unboost|p2a: scale shot misses|def|1
|-boost|p2a: scale shot misses|spe|1
|move|p2b: Gholdeggo|Make It Rain|p1b: Pelipper|[spread] p1b
|-activate|p1a: Ursaluna|move: Protect
|-resisted|p1b: Pelipper
|-damage|p1b: Pelipper|21/100
|-unboost|p2b: Gholdeggo|spa|1
|-damage|p2b: Gholdeggo|91/100|[from] item: Life Orb
|move|p1b: Pelipper|Tailwind|p1b: Pelipper
|-sidestart|p1: gladland|move: Tailwind
|
|-weather|RainDance|[upkeep]
|upkeep
|turn|3
|inactive|gladland has 30 seconds left.
|inactive|SnowBusiness has 30 seconds left.
|inactive|gladland has 20 seconds left.
|
|t:|1756952295
|switch|p1b: Archaludon|Archaludon, L50, M|100/100
|move|p2b: Gholdeggo|Protect|p2b: Gholdeggo
|-singleturn|p2b: Gholdeggo|Protect
|move|p2a: scale shot misses|Scale Shot|p1b: Archaludon|[miss]
|-miss|p2a: scale shot misses|p1b: Archaludon
|move|p1a: Ursaluna|Blood Moon|p2b: Gholdeggo
|-activate|p2b: Gholdeggo|move: Protect
|
|-weather|RainDance|[upkeep]
|upkeep
|turn|4
|
|t:|1756952310
|switch|p2a: icetile|Ninetales-Alola, L50, M|100/100
|-weather|Snowscape|[from] ability: Snow Warning|[of] p2a: icetile
|move|p1a: Ursaluna|Protect|p1a: Ursaluna
|-singleturn|p1a: Ursaluna|Protect
|move|p1b: Archaludon|Electro Shot||[still]
|-prepare|p1b: Archaludon|Electro Shot
|-boost|p1b: Archaludon|spa|1
|move|p2b: Gholdeggo|Nasty Plot|p2b: Gholdeggo
|-boost|p2b: Gholdeggo|spa|2
|
|-weather|Snowscape|[upkeep]
|upkeep
|turn|5
|inactive|SnowBusiness has 30 seconds left.
|
|t:|1756952343
|move|p2b: Gholdeggo|Protect|p2b: Gholdeggo
|-singleturn|p2b: Gholdeggo|Protect
|move|p1b: Archaludon|Electro Shot|p2b: Gholdeggo|[from] lockedmove
|-activate|p2b: Gholdeggo|move: Protect
|move|p2a: icetile|Freeze-Dry|p1b: Archaludon
|-damage|p1b: Archaludon|69/100
|-ability|p1b: Archaludon|Stamina|boost
|-boost|p1b: Archaludon|def|1
|move|p1a: Ursaluna|Blood Moon|p2a: icetile
|-damage|p2a: icetile|0 fnt
|faint|p2a: icetile
|-damage|p1a: Ursaluna|55/100|[from] item: Life Orb
|
|-weather|Snowscape|[upkeep]
|-sideend|p1: gladland|move: Tailwind
|upkeep
|
|t:|1756952355
|switch|p2a: scale shot misses|Dragonite, L50, M, shiny|100/100
|turn|6
|
|t:|1756952366
|move|p1a: Ursaluna|Protect|p1a: Ursaluna
|-singleturn|p1a: Ursaluna|Protect
|move|p2b: Gholdeggo|Make It Rain|p1b: Archaludon|[spread] p1b
|-activate|p1a: Ursaluna|move: Protect
|-resisted|p1b: Archaludon
|-crit|p1b: Archaludon
|-damage|p1b: Archaludon|16/100
|-unboost|p2b: Gholdeggo|spa|1
|-ability|p1b: Archaludon|Stamina|boost
|-boost|p1b: Archaludon|def|1
|-damage|p2b: Gholdeggo|81/100|[from] item: Life Orb
|move|p2a: scale shot misses|Scale Shot|p1a: Ursaluna
|-activate|p1a: Ursaluna|move: Protect
|move|p1b: Archaludon|Draco Meteor|p2a: scale shot misses
|-supereffective|p2a: scale shot misses
|-damage|p2a: scale shot misses|0 fnt
|-unboost|p1b: Archaludon|spa|2
|faint|p2a: scale shot misses
|
|-weather|Snowscape|[upkeep]
|upkeep
|turn|7
|inactive|gladland has 30 seconds left.
|
|t:|1756952399
|move|p2b: Gholdeggo|Make It Rain|p1a: Ursaluna|[spread] p1a,p1b
|-resisted|p1b: Archaludon
|-damage|p1a: Ursaluna|0 fnt
|-damage|p1b: Archaludon|0 fnt
|-unboost|p2b: Gholdeggo|spa|1
|faint|p1a: Ursaluna
|faint|p1b: Archaludon
|-damage|p2b: Gholdeggo|72/100|[from] item: Life Orb
|
|-weather|Snowscape|[upkeep]
|upkeep
|
|t:|1756952406
|switch|p1a: Pelipper|Pelipper, L50, F|21/100
|-weather|RainDance|[from] ability: Drizzle|[of] p1a: Pelipper
|turn|8
|
|t:|1756952414
|move|p2b: Gholdeggo|Shadow Ball|p1a: Pelipper
|-crit|p1a: Pelipper
|-damage|p1a: Pelipper|0 fnt
|faint|p1a: Pelipper
|-damage|p2b: Gholdeggo|62/100|[from] item: Life Orb
|
|win|SnowBusiness
|raw|gladland's rating: 1040 → 1022(-18 for losing)
|raw|SnowBusiness's rating: 1000 → 1045(+45 for winning)
|l|☆gladland
|player|p1|
